timestamp,time,exchange,symbol,bid1_price,bid1_volume,bid2_price,bid2_volume,ask1_price,ask1_volume,ask2_price,ask2_volume
1753769539000,06:12:19.000,gateio,BTC/USDT:USDT,118803.3,65240.0,118802.0,164.0,118803.4,31089.0,118805.1,7087.0
1753769539718,06:12:19.718,gateio,BTC/USDT:USDT,118803.3,3307.0,118802.0,164.0,118803.4,31090.0,118803.5,1.0
1753769539820,06:12:19.820,gateio,BTC/USDT:USDT,118803.3,3307.0,118802.0,164.0,118803.4,31090.0,118803.5,1.0
1753769540220,06:12:20.220,gateio,BTC/USDT:USDT,118803.3,5507.0,118802.0,164.0,118803.4,28211.0,118803.5,1.0
1753769540320,06:12:20.320,gateio,BTC/USDT:USDT,118803.3,67161.0,118802.0,164.0,118803.4,26326.0,118803.5,1.0
1753769540418,06:12:20.418,gateio,BTC/USDT:USDT,118803.3,12257.0,118802.0,164.0,118803.4,27976.0,118803.5,1.0
1753769540520,06:12:20.520,gateio,BTC/USDT:USDT,118803.3,66792.0,118802.1,2213.0,118803.4,27958.0,118803.5,1.0
1753769540621,06:12:20.621,gateio,BTC/USDT:USDT,118803.3,14256.0,118802.1,166.0,118803.4,26073.0,118803.5,1.0
1753769540818,06:12:20.818,gateio,BTC/USDT:USDT,118803.3,16056.0,118802.1,2212.0,118803.4,15013.0,118803.5,1.0
1753769540921,06:12:20.921,gateio,BTC/USDT:USDT,118803.3,15624.0,118802.1,2212.0,118803.4,15854.0,118803.5,1.0
1753769541016,06:12:21.016,gateio,BTC/USDT:USDT,118803.3,15624.0,118802.1,2212.0,118803.4,15854.0,118803.5,1.0
1753769541120,06:12:21.120,gateio,BTC/USDT:USDT,118803.3,15624.0,118802.1,2212.0,118803.4,15854.0,118803.5,1.0
1753769541218,06:12:21.218,gateio,BTC/USDT:USDT,118803.3,15903.0,118802.1,2212.0,118803.4,15013.0,118803.5,1.0
1753769541319,06:12:21.319,gateio,BTC/USDT:USDT,118803.3,15903.0,118802.1,2212.0,118803.4,15013.0,118803.5,1.0
1753769541421,06:12:21.421,gateio,BTC/USDT:USDT,118803.3,15903.0,118802.1,2212.0,118803.4,15012.0,118803.5,1.0
1753769541510,06:12:21.510,gateio,BTC/USDT:USDT,118803.3,15903.0,118802.1,2212.0,118803.4,15853.0,118803.5,1.0
1753769541621,06:12:21.621,gateio,BTC/USDT:USDT,118803.3,13821.0,118802.1,166.0,118803.4,15853.0,118803.5,1.0
1753769541719,06:12:21.719,gateio,BTC/USDT:USDT,118803.3,92260.0,118802.1,166.0,118803.4,16242.0,118803.5,1.0
1753769541820,06:12:21.820,gateio,BTC/USDT:USDT,118803.3,13916.0,118802.1,166.0,118803.4,16242.0,118803.5,1.0
1753769541921,06:12:21.921,gateio,BTC/USDT:USDT,118803.3,13916.0,118802.1,166.0,118803.4,16242.0,118803.5,1.0
1753769542021,06:12:22.021,gateio,BTC/USDT:USDT,118803.3,78097.0,118802.7,151.0,118803.4,16242.0,118803.5,1.0
1753769542321,06:12:22.321,gateio,BTC/USDT:USDT,118796.3,1272.0,118792.4,1.0,118796.4,28510.0,118797.8,206.0
1753769542420,06:12:22.420,gateio,BTC/USDT:USDT,118796.3,83712.0,118792.4,1.0,118796.4,29883.0,118797.8,204.0
1753769542521,06:12:22.521,gateio,BTC/USDT:USDT,118796.3,79517.0,118794.0,164.0,118796.4,28510.0,118797.8,204.0
1753769542620,06:12:22.620,gateio,BTC/USDT:USDT,118796.3,2091.0,118794.0,164.0,118796.4,27210.0,118797.8,206.0
1753769542721,06:12:22.721,gateio,BTC/USDT:USDT,118796.3,1272.0,118794.0,164.0,118796.4,29377.0,118797.8,204.0
1753769542819,06:12:22.819,gateio,BTC/USDT:USDT,118796.3,1272.0,118794.0,164.0,118796.4,31185.0,118797.8,204.0
1753769542921,06:12:22.921,gateio,BTC/USDT:USDT,118796.3,1272.0,118794.0,164.0,118796.4,31815.0,118797.8,204.0
1753769543121,06:12:23.121,gateio,BTC/USDT:USDT,118796.3,64128.0,118796.0,164.0,118796.4,17864.0,118798.1,500.0
1753769543219,06:12:23.219,gateio,BTC/USDT:USDT,118796.3,4731.0,118796.0,164.0,118796.4,18337.0,118798.1,500.0
1753769543321,06:12:23.321,gateio,BTC/USDT:USDT,118796.3,4731.0,118796.0,164.0,118796.4,16453.0,118796.5,1.0
1753769543420,06:12:23.420,gateio,BTC/USDT:USDT,118796.3,3531.0,118796.0,166.0,118796.4,18338.0,118796.5,1.0
1753769543721,06:12:23.721,gateio,BTC/USDT:USDT,118796.3,3531.0,118796.0,166.0,118796.4,23144.0,118796.5,1.0
1753769543816,06:12:23.816,gateio,BTC/USDT:USDT,118796.3,3531.0,118796.0,166.0,118796.4,18338.0,118796.5,1.0
1753769543867,06:12:23.867,gateio,BTC/USDT:USDT,118796.3,3531.0,118796.0,166.0,118796.4,18338.0,118796.5,1.0
1753769544019,06:12:24.019,gateio,BTC/USDT:USDT,118796.3,3531.0,118796.0,166.0,118796.4,18338.0,118796.5,1.0
1753769544117,06:12:24.117,gateio,BTC/USDT:USDT,118796.3,3531.0,118796.0,166.0,118796.4,18338.0,118796.5,1.0
1753769544215,06:12:24.215,gateio,BTC/USDT:USDT,118796.3,4731.0,118796.0,166.0,118796.4,18338.0,118796.5,1.0
1753769544317,06:12:24.317,gateio,BTC/USDT:USDT,118796.3,4731.0,118796.0,166.0,118796.4,16453.0,118796.5,1.0
1753769544370,06:12:24.370,gateio,BTC/USDT:USDT,118796.3,4731.0,118796.0,166.0,118796.4,16453.0,118796.5,1.0
1753769544517,06:12:24.517,gateio,BTC/USDT:USDT,118796.3,4731.0,118796.0,166.0,118796.4,18910.0,118796.5,1.0
1753769544618,06:12:24.618,gateio,BTC/USDT:USDT,118796.3,4731.0,118796.0,166.0,118796.4,16453.0,118796.5,1.0
1753769544715,06:12:24.715,gateio,BTC/USDT:USDT,118796.3,4731.0,118796.0,166.0,118796.4,16453.0,118796.5,1.0
1753769544817,06:12:24.817,gateio,BTC/USDT:USDT,118796.3,4731.0,118796.0,166.0,118796.4,20601.0,118796.5,1.0
1753769544916,06:12:24.916,gateio,BTC/USDT:USDT,118796.3,89615.0,118796.0,166.0,118796.4,20111.0,118796.5,1.0
1753769545021,06:12:25.021,gateio,BTC/USDT:USDT,118796.3,3531.0,118796.0,166.0,118796.4,18338.0,118796.5,3.0
1753769545121,06:12:25.121,gateio,BTC/USDT:USDT,118796.3,3515.0,118796.0,166.0,118796.4,18392.0,118796.5,3.0
1753769545217,06:12:25.217,gateio,BTC/USDT:USDT,118796.3,3515.0,118796.0,166.0,118796.4,19862.0,118796.5,1.0
1753769545319,06:12:25.319,gateio,BTC/USDT:USDT,118796.3,3515.0,118796.0,166.0,118796.4,18338.0,118796.5,1.0
1753769545421,06:12:25.421,gateio,BTC/USDT:USDT,118796.3,3515.0,118796.0,166.0,118796.4,19890.0,118796.5,1.0
1753769545520,06:12:25.520,gateio,BTC/USDT:USDT,118796.3,3515.0,118796.0,166.0,118796.4,19079.0,118796.5,1.0
1753769545618,06:12:25.618,gateio,BTC/USDT:USDT,118796.3,3515.0,118796.0,166.0,118796.4,19534.0,118796.5,1.0
1753769545721,06:12:25.721,gateio,BTC/USDT:USDT,118796.3,3515.0,118796.0,166.0,118796.4,19011.0,118796.5,1.0
1753769545806,06:12:25.806,gateio,BTC/USDT:USDT,118796.3,3515.0,118796.0,166.0,118796.4,18957.0,118796.5,1.0
1753769545906,06:12:25.906,gateio,BTC/USDT:USDT,118796.3,3100.0,118796.0,166.0,118796.4,18957.0,118796.5,1.0
1753769546420,06:12:26.420,gateio,BTC/USDT:USDT,118796.0,2.0,118795.0,151.0,118796.1,25072.0,118796.3,1371.0
1753769546619,06:12:26.619,gateio,BTC/USDT:USDT,118796.0,1273.0,118795.0,151.0,118796.1,22500.0,118796.3,1371.0
1753769546706,06:12:26.706,gateio,BTC/USDT:USDT,118796.0,1273.0,118795.0,151.0,118796.1,22500.0,118796.3,1371.0
1753769546817,06:12:26.817,gateio,BTC/USDT:USDT,118796.0,1273.0,118795.0,151.0,118796.1,22500.0,118796.3,1371.0
1753769546919,06:12:26.919,gateio,BTC/USDT:USDT,118796.0,1273.0,118795.0,151.0,118796.1,24307.0,118796.3,1371.0
1753769547019,06:12:27.019,gateio,BTC/USDT:USDT,118796.0,1273.0,118795.0,151.0,118796.1,22493.0,118796.3,1373.0
1753769547220,06:12:27.220,gateio,BTC/USDT:USDT,118796.0,1273.0,118795.0,151.0,118796.1,22493.0,118796.3,1371.0
1753769547319,06:12:27.319,gateio,BTC/USDT:USDT,118796.0,1273.0,118795.0,151.0,118796.1,23510.0,118796.3,1371.0
1753769547418,06:12:27.418,gateio,BTC/USDT:USDT,118796.0,1273.0,118795.0,151.0,118796.1,25657.0,118796.3,1371.0
1753769547517,06:12:27.517,gateio,BTC/USDT:USDT,118796.0,2.0,118795.0,151.0,118796.1,22493.0,118796.3,1371.0
1753769547617,06:12:27.617,gateio,BTC/USDT:USDT,118796.0,1273.0,118795.0,151.0,118796.1,22493.0,118796.3,1371.0
1753769547718,06:12:27.718,gateio,BTC/USDT:USDT,118796.0,1273.0,118795.0,151.0,118796.1,22493.0,118796.3,1371.0
1753769547785,06:12:27.785,gateio,BTC/USDT:USDT,118796.0,1273.0,118795.0,151.0,118796.1,22493.0,118796.3,1371.0
1753769547918,06:12:27.918,gateio,BTC/USDT:USDT,118796.0,1273.0,118795.0,151.0,118796.1,26245.0,118796.3,1371.0
1753769548315,06:12:28.315,gateio,BTC/USDT:USDT,118796.0,1273.0,118795.0,151.0,118796.1,26337.0,118796.3,794.0
1753769548421,06:12:28.421,gateio,BTC/USDT:USDT,118796.0,1273.0,118795.0,151.0,118796.1,26337.0,118796.3,794.0
1753769548516,06:12:28.516,gateio,BTC/USDT:USDT,118796.0,1273.0,118795.0,151.0,118796.1,28133.0,118796.3,794.0
1753769548606,06:12:28.606,gateio,BTC/USDT:USDT,118796.0,1273.0,118795.0,151.0,118796.1,30817.0,118796.3,794.0
1753769548721,06:12:28.721,gateio,BTC/USDT:USDT,118796.0,1273.0,118795.0,151.0,118796.1,30817.0,118796.3,794.0
1753769548815,06:12:28.815,gateio,BTC/USDT:USDT,118796.0,1273.0,118795.0,151.0,118796.1,30817.0,118796.3,794.0
1753769548833,06:12:28.833,gateio,BTC/USDT:USDT,118796.0,1273.0,118795.0,151.0,118796.1,30817.0,118796.3,794.0
1753769549016,06:12:29.016,gateio,BTC/USDT:USDT,118796.0,1273.0,118795.0,151.0,118796.1,30817.0,118796.3,794.0
1753769549119,06:12:29.119,gateio,BTC/USDT:USDT,118796.0,2.0,118795.0,151.0,118796.1,32673.0,118796.3,796.0
1753769549520,06:12:29.520,gateio,BTC/USDT:USDT,118783.1,2760.0,118780.3,1.0,118783.2,23541.0,118783.6,2969.0
1753769549621,06:12:29.621,gateio,BTC/USDT:USDT,118783.1,71535.0,118780.3,1.0,118783.2,23541.0,118783.6,2969.0
1753769549720,06:12:29.720,gateio,BTC/USDT:USDT,118783.1,2890.0,118780.3,1.0,118783.2,23541.0,118783.6,2969.0
1753769550014,06:12:30.014,gateio,BTC/USDT:USDT,118783.1,2890.0,118780.3,1.0,118783.2,23439.0,118783.6,2969.0
1753769550120,06:12:30.120,gateio,BTC/USDT:USDT,118783.1,2890.0,118780.3,1.0,118783.2,23439.0,118783.6,2969.0
1753769550218,06:12:30.218,gateio,BTC/USDT:USDT,118783.1,2890.0,118780.3,1.0,118783.2,22239.0,118783.6,1486.0
1753769550320,06:12:30.320,gateio,BTC/USDT:USDT,118783.1,2890.0,118780.3,1.0,118783.2,22239.0,118783.6,1488.0
1753769550419,06:12:30.419,gateio,BTC/USDT:USDT,118783.1,2890.0,118781.9,151.0,118783.2,22293.0,118783.6,2644.0
1753769550810,06:12:30.810,gateio,BTC/USDT:USDT,118783.1,2890.0,118781.9,151.0,118783.2,22239.0,118783.6,1486.0
1753769550908,06:12:30.908,gateio,BTC/USDT:USDT,118783.1,2890.0,118782.0,164.0,118783.2,22239.0,118783.6,1486.0
1753769551019,06:12:31.019,gateio,BTC/USDT:USDT,118783.1,2890.0,118782.0,164.0,118783.2,22239.0,118783.6,1486.0
1753769551518,06:12:31.518,gateio,BTC/USDT:USDT,118796.0,50273.0,118795.8,36.0,118796.1,4264.0,118796.2,1.0
1753769551721,06:12:31.721,gateio,BTC/USDT:USDT,118798.7,24405.0,118798.3,631.0,118798.8,5182.0,118803.9,350.0
1753769552021,06:12:32.021,gateio,BTC/USDT:USDT,118798.7,26010.0,118798.4,631.0,118798.8,5183.0,118798.9,3.0
1753769552118,06:12:32.118,gateio,BTC/USDT:USDT,118798.7,24125.0,118798.5,698.0,118798.8,5183.0,118798.9,1.0
1753769552209,06:12:32.209,gateio,BTC/USDT:USDT,118798.7,28391.0,118798.4,631.0,118798.8,5183.0,118798.9,1.0
1753769552321,06:12:32.321,gateio,BTC/USDT:USDT,118798.7,26506.0,118798.4,631.0,118798.8,1340.0,118798.9,1.0
1753769552421,06:12:32.421,gateio,BTC/USDT:USDT,118798.7,96752.0,118798.4,631.0,118798.8,1340.0,118798.9,3.0
1753769552517,06:12:32.517,gateio,BTC/USDT:USDT,118798.7,26767.0,118798.4,631.0,118798.8,1340.0,118798.9,1.0
1753769552617,06:12:32.617,gateio,BTC/USDT:USDT,118798.7,25171.0,118798.4,631.0,118798.8,1340.0,118798.9,1.0
1753769552905,06:12:32.905,gateio,BTC/USDT:USDT,118798.7,24637.0,118798.4,631.0,118798.8,1340.0,118798.9,3.0
1753769553017,06:12:33.017,gateio,BTC/USDT:USDT,118798.7,24637.0,118798.4,631.0,118798.8,1342.0,118798.9,3.0
1753769553120,06:12:33.120,gateio,BTC/USDT:USDT,118798.7,24637.0,118798.4,631.0,118798.8,1342.0,118798.9,3.0
1753769553221,06:12:33.221,gateio,BTC/USDT:USDT,118798.7,25116.0,118798.4,631.0,118798.8,1342.0,118798.9,3.0
1753769553520,06:12:33.520,gateio,BTC/USDT:USDT,118798.7,96756.0,118798.4,631.0,118798.8,1342.0,118798.9,3.0
1753769553619,06:12:33.619,gateio,BTC/USDT:USDT,118798.7,94919.0,118798.4,631.0,118798.8,1342.0,118798.9,3.0
1753769553709,06:12:33.709,gateio,BTC/USDT:USDT,118798.7,27279.0,118798.4,631.0,118798.8,1342.0,118798.9,3.0
1753769553822,06:12:33.822,gateio,BTC/USDT:USDT,118798.7,92136.0,118798.4,631.0,118798.8,1342.0,118798.9,3.0
1753769553916,06:12:33.916,gateio,BTC/USDT:USDT,118798.7,24690.0,118798.4,631.0,118798.8,1342.0,118798.9,3.0
1753769554018,06:12:34.018,gateio,BTC/USDT:USDT,118798.7,24868.0,118798.4,631.0,118798.8,1342.0,118798.9,3.0
1753769554120,06:12:34.120,gateio,BTC/USDT:USDT,118798.7,25741.0,118798.4,631.0,118798.8,1342.0,118798.9,3.0
1753769554220,06:12:34.220,gateio,BTC/USDT:USDT,118798.7,24868.0,118798.4,631.0,118798.8,1342.0,118798.9,3.0
1753769554318,06:12:34.318,gateio,BTC/USDT:USDT,118798.7,24868.0,118798.4,631.0,118798.8,1342.0,118798.9,3.0
1753769554385,06:12:34.385,gateio,BTC/USDT:USDT,118798.7,24868.0,118798.4,631.0,118798.8,1342.0,118798.9,3.0
1753769554521,06:12:34.521,gateio,BTC/USDT:USDT,118798.7,25088.0,118798.4,631.0,118798.8,1342.0,118798.9,3.0
1753769554621,06:12:34.621,gateio,BTC/USDT:USDT,118798.7,25088.0,118798.4,631.0,118798.8,1342.0,118798.9,3.0
1753769554719,06:12:34.719,gateio,BTC/USDT:USDT,118798.7,24690.0,118798.4,631.0,118798.8,1342.0,118798.9,3.0
1753769554822,06:12:34.822,gateio,BTC/USDT:USDT,118798.7,25197.0,118798.4,631.0,118798.8,1342.0,118798.9,3.0
1753769554904,06:12:34.904,gateio,BTC/USDT:USDT,118798.7,25197.0,118798.4,631.0,118798.8,1342.0,118798.9,3.0
1753769555021,06:12:35.021,gateio,BTC/USDT:USDT,118798.7,25197.0,118798.4,631.0,118798.8,1342.0,118798.9,3.0
1753769555115,06:12:35.115,gateio,BTC/USDT:USDT,118798.7,25638.0,118798.4,631.0,118798.8,2549.0,118798.9,3.0
1753769555202,06:12:35.202,gateio,BTC/USDT:USDT,118798.7,25638.0,118798.4,631.0,118798.8,2549.0,118798.9,3.0
1753769555319,06:12:35.319,gateio,BTC/USDT:USDT,118798.7,25197.0,118798.4,631.0,118798.8,2549.0,118798.9,3.0
1753769555421,06:12:35.421,gateio,BTC/USDT:USDT,118798.7,97202.0,118798.4,631.0,118798.8,2549.0,118798.9,3.0
1753769555520,06:12:35.520,gateio,BTC/USDT:USDT,118798.7,13478.0,118798.0,164.0,118798.8,2964.0,118798.9,3.0
1753769555619,06:12:35.619,gateio,BTC/USDT:USDT,118798.7,17262.0,118798.0,164.0,118798.8,2964.0,118798.9,3.0
1753769555718,06:12:35.718,gateio,BTC/USDT:USDT,118798.7,17262.0,118798.0,164.0,118798.8,2964.0,118798.9,3.0
1753769555820,06:12:35.820,gateio,BTC/USDT:USDT,118798.7,17262.0,118798.0,164.0,118798.8,2964.0,118798.9,3.0
1753769555920,06:12:35.920,gateio,BTC/USDT:USDT,118798.7,17001.0,118798.0,164.0,118798.8,2964.0,118798.9,3.0
1753769556018,06:12:36.018,gateio,BTC/USDT:USDT,118798.7,17001.0,118798.0,164.0,118798.8,2964.0,118798.9,3.0
1753769556119,06:12:36.119,gateio,BTC/USDT:USDT,118798.7,17001.0,118798.0,164.0,118798.8,2549.0,118798.9,3.0
1753769556216,06:12:36.216,gateio,BTC/USDT:USDT,118798.7,17001.0,118798.0,164.0,118798.8,2964.0,118798.9,3.0
1753769556319,06:12:36.319,gateio,BTC/USDT:USDT,118798.7,17001.0,118798.0,164.0,118798.8,2964.0,118798.9,3.0
1753769556810,06:12:36.810,gateio,BTC/USDT:USDT,118798.7,15498.0,118798.0,164.0,118798.8,2964.0,118798.9,3.0
1753769556917,06:12:36.917,gateio,BTC/USDT:USDT,118798.7,15498.0,118798.0,164.0,118798.8,2964.0,118798.9,3.0
1753769557020,06:12:37.020,gateio,BTC/USDT:USDT,118798.7,15498.0,118798.0,164.0,118798.8,2964.0,118798.9,3.0
1753769557117,06:12:37.117,gateio,BTC/USDT:USDT,118798.7,15498.0,118798.0,164.0,118798.8,2964.0,118798.9,3.0
1753769557217,06:12:37.217,gateio,BTC/USDT:USDT,118798.7,15498.0,118798.0,164.0,118798.8,2964.0,118798.9,3.0
1753769557316,06:12:37.316,gateio,BTC/USDT:USDT,118798.7,15498.0,118798.0,164.0,118798.8,2964.0,118798.9,3.0
1753769557718,06:12:37.718,gateio,BTC/USDT:USDT,118798.7,15498.0,118798.5,631.0,118798.8,2964.0,118798.9,3.0
1753769557815,06:12:37.815,gateio,BTC/USDT:USDT,118798.7,15498.0,118798.5,631.0,118798.8,2964.0,118798.9,3.0
1753769557915,06:12:37.915,gateio,BTC/USDT:USDT,118798.7,15498.0,118798.5,631.0,118798.8,2964.0,118798.9,3.0
1753769558007,06:12:38.007,gateio,BTC/USDT:USDT,118798.7,102663.0,118798.5,631.0,118798.8,2604.0,118798.9,3.0
1753769558121,06:12:38.121,gateio,BTC/USDT:USDT,118798.7,102663.0,118798.5,631.0,118798.8,2604.0,118798.9,3.0
1753769558142,06:12:38.142,gateio,BTC/USDT:USDT,118798.7,102663.0,118798.5,631.0,118798.8,2604.0,118798.9,3.0
1753769558312,06:12:38.312,gateio,BTC/USDT:USDT,118798.7,102663.0,118798.5,631.0,118798.8,2604.0,118798.9,3.0
1753769558417,06:12:38.417,gateio,BTC/USDT:USDT,118798.7,15498.0,118798.5,631.0,118798.8,2604.0,118798.9,3.0
1753769558520,06:12:38.520,gateio,BTC/USDT:USDT,118798.7,15498.0,118798.5,631.0,118798.8,2504.0,118798.9,3.0
1753769558614,06:12:38.614,gateio,BTC/USDT:USDT,118798.7,15498.0,118798.5,631.0,118798.8,2504.0,118798.9,3.0
1753769558711,06:12:38.711,gateio,BTC/USDT:USDT,118798.7,15498.0,118798.5,631.0,118798.8,2504.0,118798.9,3.0
1753769558815,06:12:38.815,gateio,BTC/USDT:USDT,118798.7,15466.0,118798.5,631.0,118798.8,2504.0,118798.9,3.0
1753769558911,06:12:38.911,gateio,BTC/USDT:USDT,118798.7,15466.0,118798.5,631.0,118798.8,2504.0,118798.9,3.0
1753769559010,06:12:39.010,gateio,BTC/USDT:USDT,118798.7,15466.0,118798.5,631.0,118798.8,2504.0,118798.9,3.0
1753769559121,06:12:39.121,gateio,BTC/USDT:USDT,118798.7,15466.0,118798.5,631.0,118798.8,2504.0,118798.9,3.0
1753769559221,06:12:39.221,gateio,BTC/USDT:USDT,118798.7,16308.0,118798.5,631.0,118798.8,2089.0,118798.9,3.0
1753769559316,06:12:39.316,gateio,BTC/USDT:USDT,118798.7,12455.0,118798.5,631.0,118798.8,2504.0,118798.9,3.0
1753769559416,06:12:39.416,gateio,BTC/USDT:USDT,118798.7,12455.0,118798.5,631.0,118798.8,2504.0,118798.9,3.0
1753769559517,06:12:39.517,gateio,BTC/USDT:USDT,118798.7,14912.0,118798.5,631.0,118798.8,2504.0,118798.9,3.0
1753769559619,06:12:39.619,gateio,BTC/USDT:USDT,118798.7,14912.0,118798.5,631.0,118798.8,2504.0,118798.9,3.0
1753769559718,06:12:39.718,gateio,BTC/USDT:USDT,118798.7,14912.0,118798.5,631.0,118798.8,2685.0,118798.9,3.0
1753769559819,06:12:39.819,gateio,BTC/USDT:USDT,118798.7,14912.0,118798.5,631.0,118798.8,2685.0,118798.9,3.0
1753769559916,06:12:39.916,gateio,BTC/USDT:USDT,118798.7,14912.0,118798.5,631.0,118798.8,2270.0,118798.9,3.0
1753769560019,06:12:40.019,gateio,BTC/USDT:USDT,118798.7,14912.0,118798.5,631.0,118798.8,2270.0,118798.9,3.0
1753769560109,06:12:40.109,gateio,BTC/USDT:USDT,118798.7,14912.0,118798.5,631.0,118798.8,2270.0,118798.9,3.0
1753769560220,06:12:40.220,gateio,BTC/USDT:USDT,118798.7,14912.0,118798.5,631.0,118798.8,2270.0,118798.9,3.0
1753769560316,06:12:40.316,gateio,BTC/USDT:USDT,118798.7,14912.0,118798.5,631.0,118798.8,2270.0,118798.9,3.0
1753769560419,06:12:40.419,gateio,BTC/USDT:USDT,118798.7,14912.0,118798.5,631.0,118798.8,2270.0,118798.9,3.0
1753769560518,06:12:40.518,gateio,BTC/USDT:USDT,118798.7,14912.0,118798.5,631.0,118798.8,2685.0,118798.9,3.0
1753769560619,06:12:40.619,gateio,BTC/USDT:USDT,118798.7,14912.0,118798.5,631.0,118798.8,2685.0,118798.9,3.0
1753769560714,06:12:40.714,gateio,BTC/USDT:USDT,118798.7,14912.0,118798.5,631.0,118798.8,2270.0,118798.9,3.0
1753769560817,06:12:40.817,gateio,BTC/USDT:USDT,118798.7,14912.0,118798.5,631.0,118798.8,2270.0,118798.9,3.0
1753769560916,06:12:40.916,gateio,BTC/USDT:USDT,118798.7,14912.0,118798.5,631.0,118798.8,2270.0,118798.9,3.0
1753769561014,06:12:41.014,gateio,BTC/USDT:USDT,118798.7,76324.0,118798.5,631.0,118798.8,2685.0,118798.9,3.0
1753769561121,06:12:41.121,gateio,BTC/USDT:USDT,118798.7,13912.0,118798.0,164.0,118798.8,2685.0,118798.9,3.0
1753769561215,06:12:41.215,gateio,BTC/USDT:USDT,118798.7,13912.0,118798.0,164.0,118798.8,2685.0,118798.9,3.0
1753769561301,06:12:41.301,gateio,BTC/USDT:USDT,118798.7,13912.0,118798.0,164.0,118798.8,2685.0,118798.9,3.0
1753769561415,06:12:41.415,gateio,BTC/USDT:USDT,118798.7,13912.0,118798.0,164.0,118798.8,2685.0,118798.9,3.0
1753769561516,06:12:41.516,gateio,BTC/USDT:USDT,118798.7,13912.0,118798.0,164.0,118798.8,2270.0,118798.9,3.0
1753769561619,06:12:41.619,gateio,BTC/USDT:USDT,118798.7,14863.0,118798.0,164.0,118798.8,2270.0,118798.9,3.0
1753769561718,06:12:41.718,gateio,BTC/USDT:USDT,118798.7,14863.0,118798.0,164.0,118798.8,2270.0,118798.9,3.0
1753769561820,06:12:41.820,gateio,BTC/USDT:USDT,118798.7,15705.0,118798.0,164.0,118798.8,2270.0,118798.9,3.0
1753769561914,06:12:41.914,gateio,BTC/USDT:USDT,118798.7,15705.0,118798.1,5798.0,118798.8,2270.0,118798.9,3.0
1753769562009,06:12:42.009,gateio,BTC/USDT:USDT,118798.7,21502.0,118798.2,4629.0,118798.8,1063.0,118798.9,3.0
1753769562117,06:12:42.117,gateio,BTC/USDT:USDT,118798.7,26134.0,118798.2,631.0,118798.8,983.0,118798.9,3.0
1753769562206,06:12:42.206,gateio,BTC/USDT:USDT,118798.7,26134.0,118798.2,631.0,118798.8,983.0,118798.9,3.0
1753769562321,06:12:42.321,gateio,BTC/USDT:USDT,118798.7,26134.0,118798.2,631.0,118798.8,983.0,118798.9,3.0
1753769562421,06:12:42.421,gateio,BTC/USDT:USDT,118798.7,26134.0,118798.2,631.0,118798.8,983.0,118798.9,3.0
1753769562506,06:12:42.506,gateio,BTC/USDT:USDT,118798.7,26134.0,118798.2,631.0,118798.8,983.0,118798.9,3.0
1753769562616,06:12:42.616,gateio,BTC/USDT:USDT,118798.7,26134.0,118798.2,631.0,118798.8,983.0,118798.9,3.0
1753769562689,06:12:42.689,gateio,BTC/USDT:USDT,118798.7,26134.0,118798.2,631.0,118798.8,983.0,118798.9,3.0
1753769562815,06:12:42.815,gateio,BTC/USDT:USDT,118798.7,26134.0,118798.2,631.0,118798.8,983.0,118798.9,3.0
1753769562917,06:12:42.917,gateio,BTC/USDT:USDT,118798.7,26134.0,118798.2,631.0,118798.8,983.0,118798.9,3.0
1753769563017,06:12:43.017,gateio,BTC/USDT:USDT,118798.7,26134.0,118798.2,631.0,118798.8,983.0,118798.9,3.0
1753769563119,06:12:43.119,gateio,BTC/USDT:USDT,118798.7,26134.0,118798.2,631.0,118798.8,983.0,118798.9,3.0
1753769563221,06:12:43.221,gateio,BTC/USDT:USDT,118798.7,85082.0,118798.2,631.0,118798.8,983.0,118798.9,3.0
1753769563310,06:12:43.310,gateio,BTC/USDT:USDT,118798.7,26134.0,118798.2,631.0,118798.8,2190.0,118798.9,3.0
1753769563420,06:12:43.420,gateio,BTC/USDT:USDT,118798.7,87019.0,118798.2,631.0,118798.8,2190.0,118798.9,3.0
1753769563521,06:12:43.521,gateio,BTC/USDT:USDT,118798.7,26134.0,118798.2,631.0,118798.8,983.0,118798.9,3.0
1753769563618,06:12:43.618,gateio,BTC/USDT:USDT,118798.7,20334.0,118798.3,5794.0,118798.8,983.0,118798.9,3.0
1753769563717,06:12:43.717,gateio,BTC/USDT:USDT,118798.7,26128.0,118798.2,631.0,118798.8,983.0,118798.9,3.0
1753769563822,06:12:43.822,gateio,BTC/USDT:USDT,118798.7,109970.0,118798.2,631.0,118798.8,983.0,118798.9,3.0
1753769563917,06:12:43.917,gateio,BTC/USDT:USDT,118798.7,26128.0,118798.2,631.0,118798.8,983.0,118798.9,3.0
1753769564019,06:12:44.019,gateio,BTC/USDT:USDT,118798.7,14863.0,118798.3,5794.0,118798.8,2490.0,118798.9,3.0
1753769564117,06:12:44.117,gateio,BTC/USDT:USDT,118798.7,19492.0,118798.3,5794.0,118798.8,2490.0,118798.9,3.0
1753769564215,06:12:44.215,gateio,BTC/USDT:USDT,118798.7,14863.0,118798.3,5794.0,118798.8,2490.0,118798.9,3.0
1753769564321,06:12:44.321,gateio,BTC/USDT:USDT,118798.7,14863.0,118798.3,5794.0,118798.8,2490.0,118798.9,3.0
1753769564418,06:12:44.418,gateio,BTC/USDT:USDT,118798.7,14863.0,118798.3,5794.0,118798.8,2490.0,118798.9,3.0
1753769564519,06:12:44.519,gateio,BTC/USDT:USDT,118798.7,14863.0,118798.3,5794.0,118798.8,2490.0,118798.9,3.0
1753769564620,06:12:44.620,gateio,BTC/USDT:USDT,118798.7,14863.0,118798.3,5794.0,118798.8,2490.0,118798.9,3.0
1753769564718,06:12:44.718,gateio,BTC/USDT:USDT,118798.7,14863.0,118798.3,5794.0,118798.8,2490.0,118798.9,3.0
1753769564819,06:12:44.819,gateio,BTC/USDT:USDT,118798.7,14863.0,118798.3,5794.0,118798.8,2490.0,118798.9,3.0
1753769564922,06:12:44.922,gateio,BTC/USDT:USDT,118798.7,14863.0,118798.4,8420.0,118798.8,1283.0,118798.9,3.0
1753769565008,06:12:45.008,gateio,BTC/USDT:USDT,118798.7,15108.0,118798.5,5795.0,118798.8,2490.0,118798.9,3.0
1753769565117,06:12:45.117,gateio,BTC/USDT:USDT,118798.7,15108.0,118798.5,5795.0,118798.8,2490.0,118798.9,3.0
1753769565183,06:12:45.183,gateio,BTC/USDT:USDT,118798.7,15108.0,118798.4,8420.0,118798.8,2490.0,118798.9,3.0
1753769565321,06:12:45.321,gateio,BTC/USDT:USDT,118798.7,15108.0,118798.4,8420.0,118798.8,2490.0,118798.9,3.0
1753769565421,06:12:45.421,gateio,BTC/USDT:USDT,118798.7,15108.0,118798.4,8420.0,118798.8,2490.0,118798.9,3.0
1753769565519,06:12:45.519,gateio,BTC/USDT:USDT,118798.7,15108.0,118798.4,8420.0,118798.8,2490.0,118798.9,3.0
1753769565617,06:12:45.617,gateio,BTC/USDT:USDT,118798.7,15108.0,118798.4,8420.0,118798.8,2490.0,118798.9,3.0
1753769565714,06:12:45.714,gateio,BTC/USDT:USDT,118798.7,15108.0,118798.4,8420.0,118798.8,2335.0,118798.9,3.0
1753769565819,06:12:45.819,gateio,BTC/USDT:USDT,118798.7,15108.0,118798.4,8420.0,118798.8,2335.0,118798.9,3.0
1753769565916,06:12:45.916,gateio,BTC/USDT:USDT,118798.7,15108.0,118798.5,2264.0,118798.8,2335.0,118798.9,3.0
1753769566016,06:12:46.016,gateio,BTC/USDT:USDT,118798.7,15108.0,118798.4,8420.0,118798.8,2335.0,118798.9,3.0
1753769566121,06:12:46.121,gateio,BTC/USDT:USDT,118798.7,15108.0,118798.4,8420.0,118798.8,2335.0,118798.9,3.0
1753769566215,06:12:46.215,gateio,BTC/USDT:USDT,118798.7,15108.0,118798.4,8420.0,118798.8,2335.0,118798.9,3.0
1753769566317,06:12:46.317,gateio,BTC/USDT:USDT,118798.7,15108.0,118798.4,8420.0,118798.8,2336.0,118798.9,3.0
1753769566418,06:12:46.418,gateio,BTC/USDT:USDT,118798.7,15108.0,118798.4,8420.0,118798.8,2336.0,118798.9,3.0
1753769566516,06:12:46.516,gateio,BTC/USDT:USDT,118798.7,15108.0,118798.4,8420.0,118798.8,2336.0,118798.9,3.0
1753769566614,06:12:46.614,gateio,BTC/USDT:USDT,118798.7,15108.0,118798.4,8420.0,118798.8,2336.0,118798.9,3.0
1753769566715,06:12:46.715,gateio,BTC/USDT:USDT,118798.7,15108.0,118798.5,5795.0,118798.8,2336.0,118798.9,3.0
1753769566815,06:12:46.815,gateio,BTC/USDT:USDT,118798.7,15108.0,118798.5,5795.0,118798.8,2336.0,118798.9,3.0
1753769566916,06:12:46.916,gateio,BTC/USDT:USDT,118798.7,15108.0,118798.5,5795.0,118798.8,2336.0,118798.9,3.0
1753769567018,06:12:47.018,gateio,BTC/USDT:USDT,118798.7,15108.0,118798.5,5795.0,118798.8,2336.0,118798.9,3.0
1753769567119,06:12:47.119,gateio,BTC/USDT:USDT,118798.7,20903.0,118798.4,8420.0,118798.8,2336.0,118798.9,3.0
1753769567216,06:12:47.216,gateio,BTC/USDT:USDT,118798.7,20903.0,118798.4,8420.0,118798.8,2336.0,118798.9,3.0
1753769567271,06:12:47.271,gateio,BTC/USDT:USDT,118798.7,20903.0,118798.4,8420.0,118798.8,2280.0,118798.9,3.0
1753769567407,06:12:47.407,gateio,BTC/USDT:USDT,118798.7,20903.0,118798.4,8420.0,118798.8,2360.0,118798.9,3.0
1753769567520,06:12:47.520,gateio,BTC/USDT:USDT,118798.7,20903.0,118798.4,8420.0,118798.8,2360.0,118798.9,3.0
1753769567616,06:12:47.616,gateio,BTC/USDT:USDT,118798.7,20903.0,118798.4,8420.0,118798.8,2360.0,118798.9,3.0
1753769567720,06:12:47.720,gateio,BTC/USDT:USDT,118798.7,20903.0,118798.4,8420.0,118798.8,2612.0,118798.9,3.0
1753769567818,06:12:47.818,gateio,BTC/USDT:USDT,118798.7,20903.0,118798.4,8420.0,118798.8,2614.0,118798.9,3.0
1753769567857,06:12:47.857,gateio,BTC/USDT:USDT,118798.7,20903.0,118798.4,8420.0,118798.8,2614.0,118798.9,3.0
1753769568019,06:12:48.019,gateio,BTC/USDT:USDT,118798.7,20903.0,118798.4,8420.0,118798.8,2614.0,118798.9,3.0
1753769568121,06:12:48.121,gateio,BTC/USDT:USDT,118798.7,89732.0,118798.4,8420.0,118798.8,2614.0,118798.9,3.0
1753769568221,06:12:48.221,gateio,BTC/USDT:USDT,118798.7,20903.0,118798.4,8420.0,118798.8,2614.0,118798.9,3.0
1753769568321,06:12:48.321,gateio,BTC/USDT:USDT,118798.7,20903.0,118798.4,8420.0,118798.8,2614.0,118798.9,3.0
1753769568405,06:12:48.405,gateio,BTC/USDT:USDT,118798.7,20903.0,118798.5,4629.0,118798.8,2614.0,118798.9,3.0
1753769568520,06:12:48.520,gateio,BTC/USDT:USDT,118798.7,20903.0,118798.5,4629.0,118798.8,2614.0,118798.9,3.0
1753769568619,06:12:48.619,gateio,BTC/USDT:USDT,118798.7,20903.0,118798.4,8420.0,118798.8,2614.0,118798.9,3.0
1753769568711,06:12:48.711,gateio,BTC/USDT:USDT,118798.7,20903.0,118798.4,8420.0,118798.8,2614.0,118798.9,3.0
1753769568820,06:12:48.820,gateio,BTC/USDT:USDT,118798.7,15108.0,118798.5,5831.0,118798.8,2614.0,118798.9,3.0
1753769568917,06:12:48.917,gateio,BTC/USDT:USDT,118798.7,15108.0,118798.5,5831.0,118798.8,2614.0,118798.9,3.0
1753769569017,06:12:49.017,gateio,BTC/USDT:USDT,118798.7,26847.0,118798.6,2264.0,118798.8,1407.0,118798.9,3.0
1753769569121,06:12:49.121,gateio,BTC/USDT:USDT,118798.7,27408.0,118798.6,2264.0,118798.8,2614.0,118798.9,3.0
1753769569218,06:12:49.218,gateio,BTC/USDT:USDT,118798.7,27408.0,118798.6,2264.0,118798.8,2614.0,118798.9,3.0
1753769569320,06:12:49.320,gateio,BTC/USDT:USDT,118798.7,27408.0,118798.4,8420.0,118798.8,2614.0,118798.9,3.0
1753769569414,06:12:49.414,gateio,BTC/USDT:USDT,118798.7,27793.0,118798.4,8420.0,118798.8,2614.0,118798.9,3.0
1753769569519,06:12:49.519,gateio,BTC/USDT:USDT,118798.7,27793.0,118798.4,8420.0,118798.8,2614.0,118798.9,3.0
1753769569620,06:12:49.620,gateio,BTC/USDT:USDT,118798.7,92076.0,118798.4,8420.0,118798.8,2614.0,118798.9,3.0
1753769569687,06:12:49.687,gateio,BTC/USDT:USDT,118798.7,27793.0,118798.4,8420.0,118798.8,2614.0,118798.9,3.0
1753769569819,06:12:49.819,gateio,BTC/USDT:USDT,118798.7,27793.0,118798.4,8420.0,118798.8,2614.0,118798.9,3.0
1753769569919,06:12:49.919,gateio,BTC/USDT:USDT,118798.7,27793.0,118798.4,8420.0,118798.8,2614.0,118798.9,3.0
1753769570022,06:12:50.022,gateio,BTC/USDT:USDT,118798.7,27793.0,118798.4,8420.0,118798.8,2614.0,118798.9,3.0
1753769570117,06:12:50.117,gateio,BTC/USDT:USDT,118798.7,27793.0,118798.4,8420.0,118798.8,2614.0,118798.9,3.0
1753769570221,06:12:50.221,gateio,BTC/USDT:USDT,118798.7,16948.0,118798.5,5830.0,118798.8,2614.0,118798.9,3.0
1753769570318,06:12:50.318,gateio,BTC/USDT:USDT,118798.7,16948.0,118798.5,5830.0,118798.8,2614.0,118798.9,3.0
1753769570416,06:12:50.416,gateio,BTC/USDT:USDT,118798.7,16785.0,118798.5,5830.0,118798.8,2614.0,118798.9,3.0
1753769570516,06:12:50.516,gateio,BTC/USDT:USDT,118798.7,23557.0,118798.4,8420.0,118798.8,2614.0,118798.9,3.0
1753769570616,06:12:50.616,gateio,BTC/USDT:USDT,118798.7,23557.0,118798.4,8420.0,118798.8,2614.0,118798.9,3.0
1753769570715,06:12:50.715,gateio,BTC/USDT:USDT,118798.7,23557.0,118798.4,8420.0,118798.8,2614.0,118798.9,3.0
1753769570815,06:12:50.815,gateio,BTC/USDT:USDT,118798.7,23557.0,118798.4,8420.0,118798.8,2614.0,118798.9,3.0
1753769570915,06:12:50.915,gateio,BTC/USDT:USDT,118798.7,23557.0,118798.4,8420.0,118798.8,2614.0,118798.9,3.0
1753769571020,06:12:51.020,gateio,BTC/USDT:USDT,118798.7,23557.0,118798.4,8420.0,118798.8,2614.0,118798.9,3.0
1753769571117,06:12:51.117,gateio,BTC/USDT:USDT,118798.7,23557.0,118798.4,8420.0,118798.8,2614.0,118798.9,3.0
1753769571220,06:12:51.220,gateio,BTC/USDT:USDT,118798.7,23557.0,118798.4,8420.0,118798.8,2614.0,118798.9,3.0
1753769571317,06:12:51.317,gateio,BTC/USDT:USDT,118798.7,23557.0,118798.4,8420.0,118798.8,2614.0,118798.9,3.0
1753769571417,06:12:51.417,gateio,BTC/USDT:USDT,118798.7,23557.0,118798.4,8420.0,118798.8,2614.0,118798.9,3.0
1753769571521,06:12:51.521,gateio,BTC/USDT:USDT,118798.7,23557.0,118798.4,8420.0,118798.8,2614.0,118798.9,3.0
1753769571618,06:12:51.618,gateio,BTC/USDT:USDT,118798.7,23557.0,118798.4,8420.0,118798.8,2614.0,118798.9,3.0
1753769571713,06:12:51.713,gateio,BTC/USDT:USDT,118798.7,23557.0,118798.4,8420.0,118798.8,2614.0,118798.9,3.0
1753769571821,06:12:51.821,gateio,BTC/USDT:USDT,118798.7,23557.0,118798.4,8420.0,118798.8,2614.0,118798.9,3.0
1753769571921,06:12:51.921,gateio,BTC/USDT:USDT,118798.7,94935.0,118798.4,8420.0,118798.8,2614.0,118798.9,3.0
1753769572021,06:12:52.021,gateio,BTC/USDT:USDT,118798.7,23557.0,118798.4,8420.0,118798.8,2614.0,118798.9,3.0
1753769572120,06:12:52.120,gateio,BTC/USDT:USDT,118798.7,23557.0,118798.4,8420.0,118798.8,2614.0,118798.9,3.0
1753769572217,06:12:52.217,gateio,BTC/USDT:USDT,118798.7,16785.0,118798.5,5831.0,118798.8,2614.0,118798.9,3.0
1753769572319,06:12:52.319,gateio,BTC/USDT:USDT,118798.7,16785.0,118798.5,5831.0,118798.8,2614.0,118798.9,3.0
1753769572416,06:12:52.416,gateio,BTC/USDT:USDT,118798.7,22616.0,118798.4,8420.0,118798.8,2614.0,118798.9,3.0
1753769572517,06:12:52.517,gateio,BTC/USDT:USDT,118798.7,23443.0,118798.4,8420.0,118798.8,2614.0,118798.9,3.0
1753769572616,06:12:52.616,gateio,BTC/USDT:USDT,118798.7,23443.0,118798.4,8420.0,118798.8,2614.0,118798.9,3.0
1753769572716,06:12:52.716,gateio,BTC/USDT:USDT,118798.7,23443.0,118798.4,8420.0,118798.8,2614.0,118798.9,3.0
1753769572820,06:12:52.820,gateio,BTC/USDT:USDT,118798.7,23443.0,118798.4,8420.0,118798.8,2614.0,118798.9,3.0
1753769572916,06:12:52.916,gateio,BTC/USDT:USDT,118798.7,23443.0,118798.4,8420.0,118798.8,2614.0,118798.9,3.0
1753769573010,06:12:53.010,gateio,BTC/USDT:USDT,118798.7,23443.0,118798.4,8420.0,118798.8,2614.0,118798.9,3.0
1753769573115,06:12:53.115,gateio,BTC/USDT:USDT,118798.7,23443.0,118798.4,8420.0,118798.8,2614.0,118798.9,3.0
1753769573184,06:12:53.184,gateio,BTC/USDT:USDT,118798.7,16785.0,118798.5,5830.0,118798.8,2614.0,118798.9,3.0
1753769573318,06:12:53.318,gateio,BTC/USDT:USDT,118798.7,16785.0,118798.5,5830.0,118798.8,2614.0,118798.9,3.0
1753769573420,06:12:53.420,gateio,BTC/USDT:USDT,118798.7,16785.0,118798.4,8420.0,118798.8,2614.0,118798.9,3.0
1753769573518,06:12:53.518,gateio,BTC/USDT:USDT,118798.7,23412.0,118798.4,8420.0,118798.8,2614.0,118798.9,3.0
1753769573619,06:12:53.619,gateio,BTC/USDT:USDT,118798.7,16785.0,118798.6,4629.0,118798.8,2614.0,118798.9,3.0
1753769573720,06:12:53.720,gateio,BTC/USDT:USDT,118798.7,23412.0,118798.4,8420.0,118798.8,2614.0,118798.9,3.0
1753769573819,06:12:53.819,gateio,BTC/USDT:USDT,118798.7,16785.0,118798.4,8420.0,118798.8,2614.0,118798.9,3.0
1753769573921,06:12:53.921,gateio,BTC/USDT:USDT,118798.7,16785.0,118798.4,8420.0,118798.8,3029.0,118798.9,3.0
1753769574016,06:12:54.016,gateio,BTC/USDT:USDT,118798.7,16785.0,118798.4,8420.0,118798.8,3029.0,118798.9,3.0
1753769574115,06:12:54.115,gateio,BTC/USDT:USDT,118798.7,16785.0,118798.4,8420.0,118798.8,3029.0,118798.9,3.0
1753769574218,06:12:54.218,gateio,BTC/USDT:USDT,118798.7,16785.0,118798.4,8420.0,118798.8,3029.0,118798.9,3.0
1753769574320,06:12:54.320,gateio,BTC/USDT:USDT,118798.7,16785.0,118798.4,8420.0,118798.8,2614.0,118798.9,3.0
1753769574404,06:12:54.404,gateio,BTC/USDT:USDT,118798.7,16785.0,118798.4,8420.0,118798.8,2614.0,118798.9,3.0
1753769574521,06:12:54.521,gateio,BTC/USDT:USDT,118798.7,23413.0,118798.4,8420.0,118798.8,2614.0,118798.9,3.0
1753769574620,06:12:54.620,gateio,BTC/USDT:USDT,118798.7,23413.0,118798.4,8420.0,118798.8,2614.0,118798.9,3.0
1753769574719,06:12:54.719,gateio,BTC/USDT:USDT,118798.7,23413.0,118798.4,8420.0,118798.8,2614.0,118798.9,3.0
1753769574817,06:12:54.817,gateio,BTC/USDT:USDT,118798.7,23413.0,118798.4,8420.0,118798.8,2614.0,118798.9,3.0
1753769574918,06:12:54.918,gateio,BTC/USDT:USDT,118798.7,23413.0,118798.4,8420.0,118798.8,2614.0,118798.9,3.0
1753769575019,06:12:55.019,gateio,BTC/USDT:USDT,118798.7,16785.0,118798.5,5830.0,118798.8,2614.0,118798.9,3.0
1753769575118,06:12:55.118,gateio,BTC/USDT:USDT,118798.7,16785.0,118798.5,5830.0,118798.8,2614.0,118798.9,3.0
1753769575217,06:12:55.217,gateio,BTC/USDT:USDT,118798.7,21565.0,118798.5,5830.0,118798.8,2614.0,118798.9,3.0
1753769575320,06:12:55.320,gateio,BTC/USDT:USDT,118798.7,21565.0,118798.5,5830.0,118798.8,2614.0,118798.9,3.0
1753769575416,06:12:55.416,gateio,BTC/USDT:USDT,118798.7,21565.0,118798.5,5830.0,118798.8,2614.0,118798.9,3.0
1753769575521,06:12:55.521,gateio,BTC/USDT:USDT,118798.7,21565.0,118798.5,5830.0,118798.8,2614.0,118798.9,3.0
1753769575606,06:12:55.606,gateio,BTC/USDT:USDT,118798.7,21565.0,118798.5,5830.0,118798.8,2614.0,118798.9,3.0
1753769575716,06:12:55.716,gateio,BTC/USDT:USDT,118798.7,21565.0,118798.5,5830.0,118798.8,2614.0,118798.9,3.0
1753769575821,06:12:55.821,gateio,BTC/USDT:USDT,118798.7,21565.0,118798.5,5830.0,118798.8,2614.0,118798.9,3.0
1753769575915,06:12:55.915,gateio,BTC/USDT:USDT,118798.7,21565.0,118798.5,5830.0,118798.8,2614.0,118798.9,3.0
1753769576016,06:12:56.016,gateio,BTC/USDT:USDT,118798.7,21565.0,118798.5,5830.0,118798.8,2614.0,118798.9,3.0
1753769576122,06:12:56.122,gateio,BTC/USDT:USDT,118798.7,22201.0,118798.5,5830.0,118798.8,2614.0,118798.9,3.0
1753769576215,06:12:56.215,gateio,BTC/USDT:USDT,118798.7,21565.0,118798.5,5830.0,118798.8,2614.0,118798.9,3.0
1753769576318,06:12:56.318,gateio,BTC/USDT:USDT,118798.7,28266.0,118798.4,8420.0,118798.8,2614.0,118798.9,3.0
1753769576418,06:12:56.418,gateio,BTC/USDT:USDT,118798.7,28266.0,118798.4,8420.0,118798.8,2614.0,118798.9,3.0
1753769576517,06:12:56.517,gateio,BTC/USDT:USDT,118798.7,32895.0,118798.4,8420.0,118798.8,2614.0,118798.9,3.0
1753769576621,06:12:56.621,gateio,BTC/USDT:USDT,118798.7,25377.0,118798.2,631.0,118798.8,1894.0,118798.9,3.0
1753769576721,06:12:56.721,gateio,BTC/USDT:USDT,118798.7,24176.0,118798.3,5831.0,118798.8,2234.0,118798.9,3.0
1753769576819,06:12:56.819,gateio,BTC/USDT:USDT,118798.7,19547.0,118798.3,5831.0,118798.8,2234.0,118798.9,3.0
1753769576919,06:12:56.919,gateio,BTC/USDT:USDT,118798.7,87947.0,118798.3,5831.0,118798.8,2234.0,118798.9,3.0
1753769577020,06:12:57.020,gateio,BTC/USDT:USDT,118798.7,19547.0,118798.3,5831.0,118798.8,2234.0,118798.9,3.0
1753769577119,06:12:57.119,gateio,BTC/USDT:USDT,118798.7,25380.0,118798.2,631.0,118798.8,2234.0,118798.9,3.0
1753769577217,06:12:57.217,gateio,BTC/USDT:USDT,118798.7,30009.0,118798.2,631.0,118798.8,2234.0,118798.9,3.0
1753769577308,06:12:57.308,gateio,BTC/USDT:USDT,118798.7,30009.0,118798.2,631.0,118798.8,2234.0,118798.9,3.0
1753769577420,06:12:57.420,gateio,BTC/USDT:USDT,118798.7,30009.0,118798.2,631.0,118798.8,2234.0,118798.9,3.0
1753769577520,06:12:57.520,gateio,BTC/USDT:USDT,118798.7,30006.0,118798.2,631.0,118798.8,2234.0,118798.9,3.0
1753769577619,06:12:57.619,gateio,BTC/USDT:USDT,118798.7,24421.0,118798.2,631.0,118798.8,2234.0,118798.9,3.0
1753769577708,06:12:57.708,gateio,BTC/USDT:USDT,118798.7,19792.0,118798.2,631.0,118798.8,2361.0,118798.9,3.0
1753769577819,06:12:57.819,gateio,BTC/USDT:USDT,118798.7,19792.0,118798.2,631.0,118798.8,2361.0,118798.9,3.0
1753769577919,06:12:57.919,gateio,BTC/USDT:USDT,118798.7,19792.0,118798.2,631.0,118798.8,2361.0,118798.9,3.0
1753769578020,06:12:58.020,gateio,BTC/USDT:USDT,118798.7,19792.0,118798.3,5832.0,118798.8,2361.0,118798.9,3.0
1753769578117,06:12:58.117,gateio,BTC/USDT:USDT,118798.7,25624.0,118798.2,631.0,118798.8,2361.0,118798.9,3.0
1753769578187,06:12:58.187,gateio,BTC/USDT:USDT,118798.7,30253.0,118798.2,631.0,118798.8,2361.0,118798.9,3.0
1753769578321,06:12:58.321,gateio,BTC/USDT:USDT,118798.7,30251.0,118798.2,631.0,118798.8,2361.0,118798.9,3.0
1753769578382,06:12:58.382,gateio,BTC/USDT:USDT,118798.7,24421.0,118798.3,5830.0,118798.8,2361.0,118798.9,3.0
1753769578518,06:12:58.518,gateio,BTC/USDT:USDT,118798.7,24421.0,118798.3,5830.0,118798.8,2361.0,118798.9,3.0
1753769578620,06:12:58.620,gateio,BTC/USDT:USDT,118798.7,93486.0,118798.2,631.0,118798.8,2361.0,118798.9,3.0
1753769578721,06:12:58.721,gateio,BTC/USDT:USDT,118798.7,30251.0,118798.2,631.0,118798.8,2361.0,118798.9,3.0
1753769578817,06:12:58.817,gateio,BTC/USDT:USDT,118798.7,25622.0,118798.2,631.0,118798.8,2361.0,118798.9,3.0
1753769578920,06:12:58.920,gateio,BTC/USDT:USDT,118798.7,112741.0,118798.2,631.0,118798.8,2361.0,118798.9,3.0
1753769579021,06:12:59.021,gateio,BTC/USDT:USDT,118798.7,24421.0,118798.3,5830.0,118798.8,2361.0,118798.9,3.0
1753769579120,06:12:59.120,gateio,BTC/USDT:USDT,118798.7,24421.0,118798.3,5830.0,118798.8,2361.0,118798.9,3.0
1753769579218,06:12:59.218,gateio,BTC/USDT:USDT,118798.7,24421.0,118798.3,5830.0,118798.8,2361.0,118798.9,3.0
1753769579321,06:12:59.321,gateio,BTC/USDT:USDT,118798.7,24421.0,118798.3,5830.0,118798.8,2361.0,118798.9,3.0
1753769579415,06:12:59.415,gateio,BTC/USDT:USDT,118798.7,24421.0,118798.3,5830.0,118798.8,2361.0,118798.9,3.0
1753769579515,06:12:59.515,gateio,BTC/USDT:USDT,118798.7,24421.0,118798.3,5830.0,118798.8,2361.0,118798.9,3.0
1753769579616,06:12:59.616,gateio,BTC/USDT:USDT,118798.7,24421.0,118798.3,5830.0,118798.8,2361.0,118798.9,3.0
1753769579721,06:12:59.721,gateio,BTC/USDT:USDT,118798.7,24421.0,118798.3,5830.0,118798.8,2361.0,118798.9,3.0
1753769579820,06:12:59.820,gateio,BTC/USDT:USDT,118798.7,24421.0,118798.3,5830.0,118798.8,2361.0,118798.9,3.0
1753769579921,06:12:59.921,gateio,BTC/USDT:USDT,118798.7,24421.0,118798.3,5830.0,118798.8,2361.0,118798.9,3.0
1753769580016,06:13:00.016,gateio,BTC/USDT:USDT,118798.7,24421.0,118798.3,5830.0,118798.8,2361.0,118798.9,3.0
1753769580117,06:13:00.117,gateio,BTC/USDT:USDT,118798.7,24421.0,118798.3,5830.0,118798.8,2361.0,118798.9,3.0
1753769580222,06:13:00.222,gateio,BTC/USDT:USDT,118798.7,24421.0,118798.3,5830.0,118798.8,2361.0,118798.9,3.0
1753769580320,06:13:00.320,gateio,BTC/USDT:USDT,118798.7,24421.0,118798.3,5830.0,118798.8,2361.0,118798.9,3.0
1753769580419,06:13:00.419,gateio,BTC/USDT:USDT,118798.7,30250.0,118798.2,631.0,118798.8,2361.0,118798.9,3.0
1753769580519,06:13:00.519,gateio,BTC/USDT:USDT,118798.7,30250.0,118798.2,631.0,118798.8,2361.0,118798.9,3.0
1753769580618,06:13:00.618,gateio,BTC/USDT:USDT,118798.7,25176.0,118798.2,631.0,118798.8,367.0,118798.9,3.0
1753769580718,06:13:00.718,gateio,BTC/USDT:USDT,118798.7,32532.0,118798.2,631.0,118798.8,1654.0,118798.9,3.0
1753769580820,06:13:00.820,gateio,BTC/USDT:USDT,118798.7,24818.0,118798.3,5830.0,118798.8,2054.0,118798.9,3.0
1753769580920,06:13:00.920,gateio,BTC/USDT:USDT,118798.7,30649.0,118798.2,631.0,118798.8,2054.0,118798.9,3.0
1753769581017,06:13:01.017,gateio,BTC/USDT:USDT,118798.7,20189.0,118798.4,4629.0,118798.8,2054.0,118798.9,3.0
1753769581063,06:13:01.063,gateio,BTC/USDT:USDT,118798.7,24818.0,118798.5,5831.0,118798.8,2054.0,118798.9,3.0
1753769581219,06:13:01.219,gateio,BTC/USDT:USDT,118798.7,24818.0,118798.5,5831.0,118798.8,2054.0,118798.9,3.0
1753769581247,06:13:01.247,gateio,BTC/USDT:USDT,118798.7,24818.0,118798.5,5831.0,118798.8,2054.0,118798.9,3.0
1753769581417,06:13:01.417,gateio,BTC/USDT:USDT,118798.7,19347.0,118798.2,631.0,118798.8,2820.0,118798.9,3.0
1753769581519,06:13:01.519,gateio,BTC/USDT:USDT,118798.7,18947.0,118798.2,631.0,118798.8,2820.0,118798.9,3.0
1753769581616,06:13:01.616,gateio,BTC/USDT:USDT,118798.7,18947.0,118798.2,631.0,118798.8,2820.0,118798.9,3.0
1753769581720,06:13:01.720,gateio,BTC/USDT:USDT,118798.7,18947.0,118798.2,631.0,118798.8,2820.0,118798.9,3.0
1753769581820,06:13:01.820,gateio,BTC/USDT:USDT,118798.7,18668.0,118798.2,631.0,118798.8,3662.0,118798.9,3.0
1753769581918,06:13:01.918,gateio,BTC/USDT:USDT,118798.7,18947.0,118798.2,631.0,118798.8,2821.0,118798.9,3.0
1753769582015,06:13:02.015,gateio,BTC/USDT:USDT,118798.7,18947.0,118798.2,631.0,118798.8,2821.0,118798.9,3.0
1753769582122,06:13:02.122,gateio,BTC/USDT:USDT,118798.7,18947.0,118798.2,631.0,118798.8,2821.0,118798.9,3.0
1753769582216,06:13:02.216,gateio,BTC/USDT:USDT,118798.7,18947.0,118798.2,631.0,118798.8,2821.0,118798.9,3.0
1753769582319,06:13:02.319,gateio,BTC/USDT:USDT,118798.7,18947.0,118798.2,631.0,118798.8,2821.0,118798.9,3.0
1753769582419,06:13:02.419,gateio,BTC/USDT:USDT,118798.7,18947.0,118798.2,631.0,118798.8,2821.0,118798.9,3.0
1753769582517,06:13:02.517,gateio,BTC/USDT:USDT,118798.7,14753.0,118798.2,631.0,118798.8,12512.0,118798.9,3.0
1753769582618,06:13:02.618,gateio,BTC/USDT:USDT,118798.7,13802.0,118798.2,631.0,118798.8,12512.0,118798.9,3.0
1753769582716,06:13:02.716,gateio,BTC/USDT:USDT,118798.7,13801.0,118798.2,631.0,118798.8,12512.0,118798.9,3.0
1753769582810,06:13:02.810,gateio,BTC/USDT:USDT,118798.7,13556.0,118798.2,631.0,118798.8,12512.0,118798.9,3.0
1753769582920,06:13:02.920,gateio,BTC/USDT:USDT,118798.7,13556.0,118798.2,631.0,118798.8,12512.0,118798.9,3.0
1753769583021,06:13:03.021,gateio,BTC/USDT:USDT,118798.7,91700.0,118798.2,631.0,118798.8,12512.0,118798.9,3.0
1753769583119,06:13:03.119,gateio,BTC/USDT:USDT,118798.7,13556.0,118798.2,631.0,118798.8,12512.0,118798.9,3.0
1753769583221,06:13:03.221,gateio,BTC/USDT:USDT,118798.7,13556.0,118798.2,631.0,118798.8,12512.0,118798.9,3.0
1753769583317,06:13:03.317,gateio,BTC/USDT:USDT,118798.7,12635.0,118798.2,631.0,118798.8,11671.0,118798.9,3.0
1753769583419,06:13:03.419,gateio,BTC/USDT:USDT,118798.7,92027.0,118798.2,631.0,118798.8,11869.0,118798.9,3.0
1753769583516,06:13:03.516,gateio,BTC/USDT:USDT,118798.7,12635.0,118798.2,631.0,118798.8,11869.0,118798.9,3.0
1753769583620,06:13:03.620,gateio,BTC/USDT:USDT,118798.7,12635.0,118798.2,631.0,118798.8,11869.0,118798.9,3.0
1753769583720,06:13:03.720,gateio,BTC/USDT:USDT,118798.7,80206.0,118798.2,631.0,118798.8,11869.0,118798.9,3.0
1753769583816,06:13:03.816,gateio,BTC/USDT:USDT,118798.7,12635.0,118798.2,631.0,118798.8,11869.0,118798.9,3.0
1753769583921,06:13:03.921,gateio,BTC/USDT:USDT,118798.7,92836.0,118798.2,631.0,118798.8,11869.0,118798.9,3.0
1753769584014,06:13:04.014,gateio,BTC/USDT:USDT,118798.7,12635.0,118798.2,631.0,118798.8,11869.0,118798.9,3.0
1753769584115,06:13:04.115,gateio,BTC/USDT:USDT,118798.7,12635.0,118798.2,631.0,118798.8,12710.0,118798.9,3.0
1753769584220,06:13:04.220,gateio,BTC/USDT:USDT,118798.7,12356.0,118798.2,631.0,118798.8,12710.0,118798.9,3.0
1753769584321,06:13:04.321,gateio,BTC/USDT:USDT,118798.7,94193.0,118798.2,631.0,118798.8,12710.0,118798.9,3.0
1753769584421,06:13:04.421,gateio,BTC/USDT:USDT,118798.7,74332.0,118798.2,631.0,118798.8,12710.0,118798.9,3.0
1753769584501,06:13:04.501,gateio,BTC/USDT:USDT,118798.7,12356.0,118798.2,631.0,118798.8,12710.0,118798.9,3.0
1753769584618,06:13:04.618,gateio,BTC/USDT:USDT,118798.7,12356.0,118798.2,631.0,118798.8,12710.0,118798.9,3.0
1753769584716,06:13:04.716,gateio,BTC/USDT:USDT,118798.7,12635.0,118798.2,631.0,118798.8,12546.0,118798.9,3.0
1753769584819,06:13:04.819,gateio,BTC/USDT:USDT,118798.7,97046.0,118798.2,631.0,118798.8,12546.0,118798.9,3.0
1753769584921,06:13:04.921,gateio,BTC/USDT:USDT,118798.7,12635.0,118798.2,631.0,118798.8,12348.0,118798.9,3.0
1753769585020,06:13:05.020,gateio,BTC/USDT:USDT,118798.7,12635.0,118798.2,631.0,118798.8,12348.0,118798.9,3.0
1753769585117,06:13:05.117,gateio,BTC/USDT:USDT,118798.7,12336.0,118798.2,631.0,118798.8,13189.0,118798.9,3.0
1753769585217,06:13:05.217,gateio,BTC/USDT:USDT,118798.7,12336.0,118798.2,631.0,118798.8,13189.0,118798.9,3.0
1753769585316,06:13:05.316,gateio,BTC/USDT:USDT,118798.7,12615.0,118798.2,631.0,118798.8,12001.0,118798.9,3.0
1753769585421,06:13:05.421,gateio,BTC/USDT:USDT,118798.7,12615.0,118798.2,631.0,118798.8,12201.0,118798.9,3.0
1753769585510,06:13:05.510,gateio,BTC/USDT:USDT,118798.7,12336.0,118798.2,631.0,118798.8,13042.0,118798.9,3.0
1753769585615,06:13:05.615,gateio,BTC/USDT:USDT,118798.7,14715.0,118798.2,631.0,118798.8,12201.0,118798.9,3.0
1753769585718,06:13:05.718,gateio,BTC/USDT:USDT,118798.7,101103.0,118798.2,631.0,118798.8,12289.0,118798.9,3.0
1753769585819,06:13:05.819,gateio,BTC/USDT:USDT,118798.7,102184.0,118798.2,631.0,118798.8,12289.0,118798.9,3.0
1753769585890,06:13:05.890,gateio,BTC/USDT:USDT,118798.7,15557.0,118798.2,631.0,118798.8,12289.0,118798.9,3.0
1753769586020,06:13:06.020,gateio,BTC/USDT:USDT,118798.7,15557.0,118798.2,631.0,118798.8,12289.0,118798.9,3.0
1753769586117,06:13:06.117,gateio,BTC/USDT:USDT,118798.7,15557.0,118798.2,631.0,118798.8,12289.0,118798.9,3.0
1753769586220,06:13:06.220,gateio,BTC/USDT:USDT,118798.7,15557.0,118798.2,631.0,118798.8,12289.0,118798.9,3.0
1753769586315,06:13:06.315,gateio,BTC/USDT:USDT,118798.7,15557.0,118798.2,631.0,118798.8,12289.0,118798.9,3.0
1753769586419,06:13:06.419,gateio,BTC/USDT:USDT,118798.7,84069.0,118798.2,631.0,118798.8,13130.0,118798.9,3.0
1753769586519,06:13:06.519,gateio,BTC/USDT:USDT,118798.7,15557.0,118798.2,631.0,118798.8,13130.0,118798.9,3.0
1753769586620,06:13:06.620,gateio,BTC/USDT:USDT,118798.7,15557.0,118798.2,631.0,118798.8,12252.0,118798.9,3.0
1753769586715,06:13:06.715,gateio,BTC/USDT:USDT,118798.7,11715.0,118798.2,631.0,118798.8,12252.0,118798.9,3.0
1753769586819,06:13:06.819,gateio,BTC/USDT:USDT,118798.7,11715.0,118798.2,631.0,118798.8,12249.0,118798.9,3.0
1753769586887,06:13:06.887,gateio,BTC/USDT:USDT,118798.7,12091.0,118798.2,631.0,118798.8,12309.0,118798.9,3.0
1753769587020,06:13:07.020,gateio,BTC/USDT:USDT,118798.7,73747.0,118798.2,631.0,118798.8,12309.0,118798.9,3.0
1753769587119,06:13:07.119,gateio,BTC/USDT:USDT,118798.7,12091.0,118798.2,631.0,118798.8,12309.0,118798.9,3.0
1753769587217,06:13:07.217,gateio,BTC/USDT:USDT,118798.7,12091.0,118798.2,631.0,118798.8,12309.0,118798.9,3.0
1753769587315,06:13:07.315,gateio,BTC/USDT:USDT,118798.7,9629.0,118798.2,631.0,118798.8,12309.0,118798.9,3.0
1753769587416,06:13:07.416,gateio,BTC/USDT:USDT,118798.7,9350.0,118798.2,631.0,118798.8,13150.0,118798.9,3.0
1753769587511,06:13:07.511,gateio,BTC/USDT:USDT,118798.7,9350.0,118798.2,631.0,118798.8,13150.0,118798.9,3.0
1753769587615,06:13:07.615,gateio,BTC/USDT:USDT,118798.7,9350.0,118798.2,631.0,118798.8,13150.0,118798.9,3.0
1753769587715,06:13:07.715,gateio,BTC/USDT:USDT,118798.7,9350.0,118798.2,631.0,118798.8,13150.0,118798.9,3.0
1753769587820,06:13:07.820,gateio,BTC/USDT:USDT,118798.7,9629.0,118798.2,631.0,118798.8,13150.0,118798.9,3.0
1753769587858,06:13:07.858,gateio,BTC/USDT:USDT,118798.7,9629.0,118798.2,631.0,118798.8,13150.0,118798.9,3.0
1753769588011,06:13:08.011,gateio,BTC/USDT:USDT,118798.7,9350.0,118798.2,631.0,118798.8,13150.0,118798.9,3.0
1753769588091,06:13:08.091,gateio,BTC/USDT:USDT,118798.7,9350.0,118798.2,631.0,118798.8,13150.0,118798.9,3.0
1753769588210,06:13:08.210,gateio,BTC/USDT:USDT,118798.7,9350.0,118798.2,631.0,118798.8,13150.0,118798.9,3.0
1753769588249,06:13:08.249,gateio,BTC/USDT:USDT,118798.7,9350.0,118798.2,631.0,118798.8,13150.0,118798.9,3.0
1753769588420,06:13:08.420,gateio,BTC/USDT:USDT,118798.7,9627.0,118798.2,631.0,118798.8,12309.0,118798.9,3.0
1753769588510,06:13:08.510,gateio,BTC/USDT:USDT,118798.7,9627.0,118798.2,631.0,118798.8,12309.0,118798.9,3.0
1753769588621,06:13:08.621,gateio,BTC/USDT:USDT,118798.7,9627.0,118798.2,631.0,118798.8,12309.0,118798.9,3.0
1753769588721,06:13:08.721,gateio,BTC/USDT:USDT,118798.7,9627.0,118798.2,631.0,118798.8,12309.0,118798.9,3.0
1753769588818,06:13:08.818,gateio,BTC/USDT:USDT,118798.7,9627.0,118798.2,631.0,118798.8,12253.0,118798.9,3.0
1753769588918,06:13:08.918,gateio,BTC/USDT:USDT,118798.7,9627.0,118798.2,631.0,118798.8,13094.0,118798.9,3.0
1753769589021,06:13:09.021,gateio,BTC/USDT:USDT,118798.7,9627.0,118798.2,631.0,118798.8,13094.0,118798.9,3.0
1753769589120,06:13:09.120,gateio,BTC/USDT:USDT,118798.7,9348.0,118798.2,631.0,118798.8,13094.0,118798.9,3.0
1753769589218,06:13:09.218,gateio,BTC/USDT:USDT,118798.7,9348.0,118798.2,631.0,118798.8,13094.0,118798.9,3.0
1753769589319,06:13:09.319,gateio,BTC/USDT:USDT,118798.7,9627.0,118798.2,631.0,118798.8,13783.0,118798.9,3.0
1753769589420,06:13:09.420,gateio,BTC/USDT:USDT,118798.7,9348.0,118798.2,631.0,118798.8,14624.0,118798.9,3.0
1753769589521,06:13:09.521,gateio,BTC/USDT:USDT,118798.7,87585.0,118798.2,631.0,118798.8,14624.0,118798.9,3.0
1753769589620,06:13:09.620,gateio,BTC/USDT:USDT,118798.7,84666.0,118798.2,631.0,118798.8,14624.0,118798.9,3.0
1753769589721,06:13:09.721,gateio,BTC/USDT:USDT,118798.7,9322.0,118798.2,631.0,118798.8,14624.0,118798.9,3.0
1753769589818,06:13:09.818,gateio,BTC/USDT:USDT,118798.7,9322.0,118798.2,631.0,118798.8,14624.0,118798.9,3.0
1753769589921,06:13:09.921,gateio,BTC/USDT:USDT,118798.7,9322.0,118798.2,631.0,118798.8,14624.0,118798.9,3.0
1753769590016,06:13:10.016,gateio,BTC/USDT:USDT,118798.7,9322.0,118798.2,631.0,118798.8,14624.0,118798.9,3.0
1753769590120,06:13:10.120,gateio,BTC/USDT:USDT,118798.7,9601.0,118798.2,631.0,118798.8,13783.0,118798.9,3.0
1753769590207,06:13:10.207,gateio,BTC/USDT:USDT,118798.7,9601.0,118798.2,631.0,118798.8,13783.0,118798.9,3.0
1753769590318,06:13:10.318,gateio,BTC/USDT:USDT,118798.7,9601.0,118798.2,631.0,118798.8,13783.0,118798.9,3.0
1753769590417,06:13:10.417,gateio,BTC/USDT:USDT,118798.7,9322.0,118798.2,631.0,118798.8,14623.0,118798.9,3.0
1753769590518,06:13:10.518,gateio,BTC/USDT:USDT,118798.7,9601.0,118798.2,632.0,118798.8,13782.0,118798.9,3.0
1753769590617,06:13:10.617,gateio,BTC/USDT:USDT,118798.7,9601.0,118798.2,632.0,118798.8,13782.0,118798.9,3.0
1753769590718,06:13:10.718,gateio,BTC/USDT:USDT,118798.7,13440.0,118798.2,632.0,118798.8,12251.0,118798.9,3.0
1753769590817,06:13:10.817,gateio,BTC/USDT:USDT,118798.7,15509.0,118798.2,632.0,118798.8,12251.0,118798.9,3.0
1753769590919,06:13:10.919,gateio,BTC/USDT:USDT,118798.7,13239.0,118798.2,1.0,118798.8,13092.0,118798.9,3.0
1753769591021,06:13:11.021,gateio,BTC/USDT:USDT,118798.7,13239.0,118798.2,1.0,118798.8,13092.0,118798.9,3.0
1753769591115,06:13:11.115,gateio,BTC/USDT:USDT,118798.7,13917.0,118798.2,1.0,118798.8,13092.0,118798.9,3.0
1753769591216,06:13:11.216,gateio,BTC/USDT:USDT,118798.7,12690.0,118798.2,1.0,118798.8,13092.0,118798.9,3.0
1753769591319,06:13:11.319,gateio,BTC/USDT:USDT,118798.7,10041.0,118798.2,1.0,118798.8,13092.0,118798.9,3.0
1753769591354,06:13:11.354,gateio,BTC/USDT:USDT,118798.7,10041.0,118798.2,1.0,118798.8,13092.0,118798.9,3.0
1753769591517,06:13:11.517,gateio,BTC/USDT:USDT,118798.7,11522.0,118798.2,1.0,118798.8,13092.0,118798.9,3.0
1753769591603,06:13:11.603,gateio,BTC/USDT:USDT,118798.7,11522.0,118798.2,1.0,118798.8,13092.0,118798.9,3.0
1753769591718,06:13:11.718,gateio,BTC/USDT:USDT,118798.7,75425.0,118798.2,1.0,118798.8,13092.0,118798.9,3.0
1753769591821,06:13:11.821,gateio,BTC/USDT:USDT,118798.7,11522.0,118798.2,1.0,118798.8,13092.0,118798.9,3.0
1753769591921,06:13:11.921,gateio,BTC/USDT:USDT,118798.7,11522.0,118798.2,1.0,118798.8,13092.0,118798.9,3.0
1753769592021,06:13:12.021,gateio,BTC/USDT:USDT,118798.7,11522.0,118798.2,1.0,118798.8,13092.0,118798.9,3.0
1753769592122,06:13:12.122,gateio,BTC/USDT:USDT,118798.7,11522.0,118798.2,1.0,118798.8,13092.0,118798.9,3.0
1753769592218,06:13:12.218,gateio,BTC/USDT:USDT,118798.7,11522.0,118798.2,1.0,118798.8,13092.0,118798.9,3.0
1753769592319,06:13:12.319,gateio,BTC/USDT:USDT,118798.7,9701.0,118798.2,1.0,118798.8,13092.0,118798.9,3.0
1753769592420,06:13:12.420,gateio,BTC/USDT:USDT,118798.7,8701.0,118798.2,1.0,118798.8,13092.0,118798.9,3.0
1753769592504,06:13:12.504,gateio,BTC/USDT:USDT,118798.7,8701.0,118798.2,1.0,118798.8,13092.0,118798.9,3.0
1753769592616,06:13:12.616,gateio,BTC/USDT:USDT,118798.7,8701.0,118798.2,1.0,118798.8,13092.0,118798.9,3.0
1753769592719,06:13:12.719,gateio,BTC/USDT:USDT,118798.7,8701.0,118798.2,1.0,118798.8,13092.0,118798.9,3.0
1753769592815,06:13:12.815,gateio,BTC/USDT:USDT,118798.7,8701.0,118798.2,1.0,118798.8,13092.0,118798.9,3.0
1753769592916,06:13:12.916,gateio,BTC/USDT:USDT,118798.7,8701.0,118798.2,1.0,118798.8,13092.0,118798.9,3.0
1753769593021,06:13:13.021,gateio,BTC/USDT:USDT,118798.7,8701.0,118798.2,1.0,118798.8,13092.0,118798.9,3.0
1753769593121,06:13:13.121,gateio,BTC/USDT:USDT,118798.7,8701.0,118798.2,1.0,118798.8,13092.0,118798.9,3.0
1753769593215,06:13:13.215,gateio,BTC/USDT:USDT,118798.7,9701.0,118798.2,1.0,118798.8,13092.0,118798.9,3.0
1753769593313,06:13:13.313,gateio,BTC/USDT:USDT,118798.7,9701.0,118798.2,1.0,118798.8,13092.0,118798.9,3.0
1753769593420,06:13:13.420,gateio,BTC/USDT:USDT,118798.7,9701.0,118798.2,1.0,118798.8,13092.0,118798.9,3.0
1753769593517,06:13:13.517,gateio,BTC/USDT:USDT,118798.7,1825.0,118798.2,1.0,118798.8,17647.0,118798.9,3.0
1753769593620,06:13:13.620,gateio,BTC/USDT:USDT,118798.7,63521.0,118798.2,1.0,118798.8,20580.0,118798.9,3.0
1753769593721,06:13:13.721,gateio,BTC/USDT:USDT,118798.7,4088.0,118798.2,1.0,118798.8,16887.0,118798.9,3.0
1753769593822,06:13:13.822,gateio,BTC/USDT:USDT,118798.7,4088.0,118798.2,1.0,118798.8,16887.0,118798.9,3.0
1753769593919,06:13:13.919,gateio,BTC/USDT:USDT,118798.7,4088.0,118798.2,1.0,118798.8,16887.0,118798.9,3.0
1753769594007,06:13:14.007,gateio,BTC/USDT:USDT,118798.7,1885.0,118798.2,1.0,118798.8,18772.0,118798.9,3.0
1753769594118,06:13:14.118,gateio,BTC/USDT:USDT,118798.7,1885.0,118798.2,1.0,118798.8,19150.0,118798.9,3.0
1753769594219,06:13:14.219,gateio,BTC/USDT:USDT,118798.7,1885.0,118798.2,1.0,118798.8,16887.0,118798.9,3.0
1753769594321,06:13:14.321,gateio,BTC/USDT:USDT,118798.7,1885.0,118798.2,1.0,118798.8,16887.0,118798.9,3.0
1753769594421,06:13:14.421,gateio,BTC/USDT:USDT,118798.7,68929.0,118798.2,1.0,118798.8,18772.0,118798.9,3.0
1753769594519,06:13:14.519,gateio,BTC/USDT:USDT,118798.7,1885.0,118798.2,1.0,118798.8,18772.0,118798.9,3.0
1753769594618,06:13:14.618,gateio,BTC/USDT:USDT,118798.7,1885.0,118798.2,1.0,118798.8,16887.0,118798.9,3.0
1753769594716,06:13:14.716,gateio,BTC/USDT:USDT,118798.7,1885.0,118798.2,1.0,118798.8,19174.0,118798.9,3.0
1753769594817,06:13:14.817,gateio,BTC/USDT:USDT,118798.7,1885.0,118798.2,1.0,118798.8,18814.0,118798.9,3.0
1753769594919,06:13:14.919,gateio,BTC/USDT:USDT,118798.7,1885.0,118798.2,1.0,118798.8,18839.0,118798.9,3.0
1753769595020,06:13:15.020,gateio,BTC/USDT:USDT,118798.7,1885.0,118798.2,1.0,118798.8,19172.0,118798.9,3.0
1753769595121,06:13:15.121,gateio,BTC/USDT:USDT,118798.7,81119.0,118798.2,1.0,118798.8,17287.0,118798.9,3.0
1753769595214,06:13:15.214,gateio,BTC/USDT:USDT,118798.7,1885.0,118798.2,1.0,118798.8,17287.0,118798.9,3.0
1753769595319,06:13:15.319,gateio,BTC/USDT:USDT,118798.7,678.0,118798.2,1.0,118798.8,19172.0,118798.9,3.0
1753769595410,06:13:15.410,gateio,BTC/USDT:USDT,118798.7,1885.0,118798.2,1.0,118798.8,19172.0,118798.9,3.0
1753769595489,06:13:15.489,gateio,BTC/USDT:USDT,118798.7,1885.0,118798.2,1.0,118798.8,19172.0,118798.9,3.0
1753769595605,06:13:15.605,gateio,BTC/USDT:USDT,118798.7,1885.0,118798.2,1.0,118798.8,17335.0,118798.9,3.0
1753769595717,06:13:15.717,gateio,BTC/USDT:USDT,118798.7,1885.0,118798.2,1.0,118798.8,19172.0,118798.9,3.0
1753769595816,06:13:15.816,gateio,BTC/USDT:USDT,118798.7,1885.0,118798.2,1.0,118798.8,19172.0,118798.9,3.0
1753769595922,06:13:15.922,gateio,BTC/USDT:USDT,118798.7,1885.0,118798.2,1.0,118798.8,18583.0,118798.9,3.0
1753769596010,06:13:16.010,gateio,BTC/USDT:USDT,118798.7,1885.0,118798.2,1.0,118798.8,18583.0,118798.9,3.0
1753769596107,06:13:16.107,gateio,BTC/USDT:USDT,118798.7,1885.0,118798.2,1.0,118798.8,18583.0,118798.9,3.0
1753769596218,06:13:16.218,gateio,BTC/USDT:USDT,118798.7,1885.0,118798.2,1.0,118798.8,16696.0,118798.9,3.0
1753769596312,06:13:16.312,gateio,BTC/USDT:USDT,118798.7,1885.0,118798.2,1.0,118798.8,18181.0,118798.9,3.0
1753769596418,06:13:16.418,gateio,BTC/USDT:USDT,118798.7,1885.0,118798.2,1.0,118798.8,16296.0,118798.9,3.0
1753769596520,06:13:16.520,gateio,BTC/USDT:USDT,118798.7,1885.0,118798.2,1.0,118798.8,16296.0,118798.9,3.0
1753769596620,06:13:16.620,gateio,BTC/USDT:USDT,118798.7,1885.0,118798.2,1.0,118798.8,18166.0,118798.9,3.0
1753769596718,06:13:16.718,gateio,BTC/USDT:USDT,118798.7,8367.0,118798.2,1.0,118798.8,16281.0,118798.9,3.0
1753769596820,06:13:16.820,gateio,BTC/USDT:USDT,118798.7,8367.0,118798.2,1.0,118798.8,16281.0,118798.9,3.0
1753769596917,06:13:16.917,gateio,BTC/USDT:USDT,118798.7,8646.0,118798.2,1.0,118798.8,16281.0,118798.9,3.0
1753769597021,06:13:17.021,gateio,BTC/USDT:USDT,118798.7,8646.0,118798.2,1.0,118798.8,16281.0,118798.9,3.0
1753769597118,06:13:17.118,gateio,BTC/USDT:USDT,118798.7,89340.0,118798.2,1.0,118798.8,16281.0,118798.9,3.0
1753769597220,06:13:17.220,gateio,BTC/USDT:USDT,118798.7,8646.0,118798.2,1.0,118798.8,16281.0,118798.9,3.0
1753769597319,06:13:17.319,gateio,BTC/USDT:USDT,118798.7,8646.0,118798.2,1.0,118798.8,16281.0,118798.9,3.0
1753769597420,06:13:17.420,gateio,BTC/USDT:USDT,118798.7,8646.0,118798.2,1.0,118798.8,16281.0,118798.9,3.0
1753769597519,06:13:17.519,gateio,BTC/USDT:USDT,118798.7,8646.0,118798.2,1.0,118798.8,16281.0,118798.9,3.0
1753769597619,06:13:17.619,gateio,BTC/USDT:USDT,118798.7,8646.0,118798.2,1.0,118798.8,16281.0,118798.9,3.0
1753769597719,06:13:17.719,gateio,BTC/USDT:USDT,118798.7,90208.0,118798.2,1.0,118798.8,16281.0,118798.9,3.0
1753769597820,06:13:17.820,gateio,BTC/USDT:USDT,118798.7,8646.0,118798.2,1.0,118798.8,16281.0,118798.9,3.0
1753769597921,06:13:17.921,gateio,BTC/USDT:USDT,118798.7,8646.0,118798.2,1.0,118798.8,16281.0,118798.9,3.0
1753769598019,06:13:18.019,gateio,BTC/USDT:USDT,118798.7,8646.0,118798.2,1.0,118798.8,16281.0,118798.9,3.0
1753769598121,06:13:18.121,gateio,BTC/USDT:USDT,118798.7,8646.0,118798.2,1.0,118798.8,16281.0,118798.9,3.0
1753769598219,06:13:18.219,gateio,BTC/USDT:USDT,118798.7,8646.0,118798.2,1.0,118798.8,16281.0,118798.9,3.0
1753769598319,06:13:18.319,gateio,BTC/USDT:USDT,118798.7,8646.0,118798.2,1.0,118798.8,16281.0,118798.9,3.0
1753769598420,06:13:18.420,gateio,BTC/USDT:USDT,118798.7,66925.0,118798.2,1.0,118798.8,16335.0,118798.9,3.0
1753769598522,06:13:18.522,gateio,BTC/USDT:USDT,118798.7,8367.0,118798.2,1.0,118798.8,16335.0,118798.9,3.0
1753769598620,06:13:18.620,gateio,BTC/USDT:USDT,118798.7,8367.0,118798.2,1.0,118798.8,16281.0,118798.9,3.0
1753769598721,06:13:18.721,gateio,BTC/USDT:USDT,118798.7,8367.0,118798.2,1.0,118798.8,17923.0,118798.9,3.0
1753769598821,06:13:18.821,gateio,BTC/USDT:USDT,118798.7,8367.0,118798.2,1.0,118798.8,17923.0,118798.9,3.0
1753769598922,06:13:18.922,gateio,BTC/USDT:USDT,118798.7,8367.0,118798.2,1.0,118798.8,17923.0,118798.9,3.0
1753769599021,06:13:19.021,gateio,BTC/USDT:USDT,118798.7,8367.0,118798.2,1.0,118798.8,17881.0,118798.9,3.0
1753769599116,06:13:19.116,gateio,BTC/USDT:USDT,118798.7,8367.0,118798.2,1.0,118798.8,17881.0,118798.9,3.0
1753769599219,06:13:19.219,gateio,BTC/USDT:USDT,118798.7,8367.0,118798.2,1.0,118798.8,17881.0,118798.9,3.0
1753769599320,06:13:19.320,gateio,BTC/USDT:USDT,118798.7,8367.0,118798.2,1.0,118798.8,17881.0,118798.9,3.0
1753769599421,06:13:19.421,gateio,BTC/USDT:USDT,118798.7,8367.0,118798.2,1.0,118798.8,17881.0,118798.9,3.0
1753769599521,06:13:19.521,gateio,BTC/USDT:USDT,118798.7,8367.0,118798.2,1.0,118798.8,17881.0,118798.9,3.0
1753769599615,06:13:19.615,gateio,BTC/USDT:USDT,118798.7,8367.0,118798.2,1.0,118798.8,17881.0,118798.9,3.0
1753769599710,06:13:19.710,gateio,BTC/USDT:USDT,118798.7,8367.0,118798.2,1.0,118798.8,17881.0,118798.9,3.0
1753769599819,06:13:19.819,gateio,BTC/USDT:USDT,118798.7,8367.0,118798.2,1.0,118798.8,17881.0,118798.9,3.0
1753769599894,06:13:19.894,gateio,BTC/USDT:USDT,118798.7,8367.0,118798.2,1.0,118798.8,17881.0,118798.9,3.0
1753769600021,06:13:20.021,gateio,BTC/USDT:USDT,118798.7,8367.0,118798.2,1.0,118798.8,17881.0,118798.9,3.0
1753769600120,06:13:20.120,gateio,BTC/USDT:USDT,118798.7,8367.0,118798.2,1.0,118798.8,16681.0,118798.9,3.0
1753769600219,06:13:20.219,gateio,BTC/USDT:USDT,118798.7,8367.0,118798.2,1.0,118798.8,16681.0,118798.9,3.0
1753769600321,06:13:20.321,gateio,BTC/USDT:USDT,118798.7,8367.0,118798.2,1.0,118798.8,17881.0,118798.9,3.0
1753769600405,06:13:20.405,gateio,BTC/USDT:USDT,118798.7,8367.0,118798.2,1.0,118798.8,19766.0,118798.9,3.0
1753769600520,06:13:20.520,gateio,BTC/USDT:USDT,118798.7,8367.0,118798.2,1.0,118798.8,17923.0,118798.9,3.0
1753769600621,06:13:20.621,gateio,BTC/USDT:USDT,118798.7,8367.0,118798.2,1.0,118798.8,17881.0,118798.9,3.0
1753769600718,06:13:20.718,gateio,BTC/USDT:USDT,118798.7,86738.0,118798.2,1.0,118798.8,19766.0,118798.9,3.0
1753769600821,06:13:20.821,gateio,BTC/USDT:USDT,118798.7,8367.0,118798.2,1.0,118798.8,19766.0,118798.9,3.0
1753769600918,06:13:20.918,gateio,BTC/USDT:USDT,118798.7,8367.0,118798.2,1.0,118798.8,18435.0,118798.9,3.0
1753769601020,06:13:21.020,gateio,BTC/USDT:USDT,118798.7,8367.0,118798.2,1.0,118798.8,19768.0,118798.9,3.0
1753769601117,06:13:21.117,gateio,BTC/USDT:USDT,118798.7,8367.0,118798.2,1.0,118798.8,19768.0,118798.9,3.0
1753769601221,06:13:21.221,gateio,BTC/USDT:USDT,118798.7,8646.0,118798.2,1.0,118798.8,17883.0,118798.9,3.0
1753769601318,06:13:21.318,gateio,BTC/USDT:USDT,118798.7,8646.0,118798.2,1.0,118798.8,19768.0,118798.9,3.0
1753769601420,06:13:21.420,gateio,BTC/USDT:USDT,118798.7,8646.0,118798.2,1.0,118798.8,17883.0,118798.9,3.0
1753769601504,06:13:21.504,gateio,BTC/USDT:USDT,118798.7,8367.0,118798.2,1.0,118798.8,19768.0,118798.9,3.0
1753769601618,06:13:21.618,gateio,BTC/USDT:USDT,118798.7,8367.0,118798.2,1.0,118798.8,17883.0,118798.9,3.0
1753769601716,06:13:21.716,gateio,BTC/USDT:USDT,118798.7,8367.0,118798.2,1.0,118798.8,19768.0,118798.9,3.0
1753769601804,06:13:21.804,gateio,BTC/USDT:USDT,118798.7,8367.0,118798.2,1.0,118798.8,19768.0,118798.9,3.0
1753769601920,06:13:21.920,gateio,BTC/USDT:USDT,118798.7,8367.0,118798.2,1.0,118798.8,17883.0,118798.9,3.0
1753769602019,06:13:22.019,gateio,BTC/USDT:USDT,118798.7,8367.0,118798.2,1.0,118798.8,19768.0,118798.9,3.0
1753769602118,06:13:22.118,gateio,BTC/USDT:USDT,118798.7,7160.0,118798.2,1.0,118798.8,20783.0,118798.9,3.0
1753769602218,06:13:22.218,gateio,BTC/USDT:USDT,118798.7,8367.0,118798.2,1.0,118798.8,22490.0,118798.9,3.0
1753769602317,06:13:22.317,gateio,BTC/USDT:USDT,118798.7,8367.0,118798.2,1.0,118798.8,20825.0,118798.9,3.0
1753769602420,06:13:22.420,gateio,BTC/USDT:USDT,118798.7,8367.0,118798.2,1.0,118798.8,20773.0,118798.9,3.0
1753769602517,06:13:22.517,gateio,BTC/USDT:USDT,118798.7,8367.0,118798.2,1.0,118798.8,22089.0,118798.9,3.0
1753769602619,06:13:22.619,gateio,BTC/USDT:USDT,118798.7,8367.0,118798.2,1.0,118798.8,21151.0,118798.9,3.0
1753769602720,06:13:22.720,gateio,BTC/USDT:USDT,118798.7,8367.0,118798.2,1.0,118798.8,20815.0,118798.9,3.0
1753769602804,06:13:22.804,gateio,BTC/USDT:USDT,118798.7,8367.0,118798.2,1.0,118798.8,20815.0,118798.9,3.0
1753769602919,06:13:22.919,gateio,BTC/USDT:USDT,118798.7,8367.0,118798.2,1.0,118798.8,20815.0,118798.9,3.0
1753769603021,06:13:23.021,gateio,BTC/USDT:USDT,118798.7,8367.0,118798.2,1.0,118798.8,23924.0,118798.9,3.0
1753769603116,06:13:23.116,gateio,BTC/USDT:USDT,118798.7,8367.0,118798.2,1.0,118798.8,20773.0,118798.9,3.0
1753769603219,06:13:23.219,gateio,BTC/USDT:USDT,118798.7,8367.0,118798.2,1.0,118798.8,18173.0,118798.9,3.0
1753769603320,06:13:23.320,gateio,BTC/USDT:USDT,118798.7,8367.0,118798.2,1.0,118798.8,18784.0,118798.9,3.0
1753769603385,06:13:23.385,gateio,BTC/USDT:USDT,118798.7,8367.0,118798.2,1.0,118798.8,18173.0,118798.9,3.0
1753769603521,06:13:23.521,gateio,BTC/USDT:USDT,118798.7,8366.0,118798.2,1.0,118798.8,17448.0,118798.9,3.0
1753769603608,06:13:23.608,gateio,BTC/USDT:USDT,118798.7,8366.0,118798.2,1.0,118798.8,18173.0,118798.9,3.0
1753769603719,06:13:23.719,gateio,BTC/USDT:USDT,118798.7,8645.0,118798.2,1.0,118798.8,15447.0,118798.9,3.0
1753769603817,06:13:23.817,gateio,BTC/USDT:USDT,118798.7,8645.0,118798.2,1.0,118798.8,17332.0,118798.9,3.0
1753769603921,06:13:23.921,gateio,BTC/USDT:USDT,118798.7,8644.0,118798.2,1.0,118798.8,15447.0,118798.9,3.0
1753769604020,06:13:24.020,gateio,BTC/USDT:USDT,118798.7,8365.0,118798.2,1.0,118798.8,16288.0,118798.9,3.0
1753769604116,06:13:24.116,gateio,BTC/USDT:USDT,118798.7,8365.0,118798.2,1.0,118798.8,16288.0,118798.9,3.0
1753769604150,06:13:24.150,gateio,BTC/USDT:USDT,118798.7,8365.0,118798.2,1.0,118798.8,16288.0,118798.9,3.0
1753769604315,06:13:24.315,gateio,BTC/USDT:USDT,118798.7,8365.0,118798.2,1.0,118798.8,16288.0,118798.9,3.0
1753769604421,06:13:24.421,gateio,BTC/USDT:USDT,118798.7,8365.0,118798.2,1.0,118798.8,16288.0,118798.9,3.0
1753769604516,06:13:24.516,gateio,BTC/USDT:USDT,118798.7,8365.0,118798.2,1.0,118798.8,16288.0,118798.9,3.0
1753769604618,06:13:24.618,gateio,BTC/USDT:USDT,118798.7,8365.0,118798.2,1.0,118798.8,16288.0,118798.9,3.0
1753769604718,06:13:24.718,gateio,BTC/USDT:USDT,118798.7,8365.0,118798.2,1.0,118798.8,16288.0,118798.9,3.0
1753769604820,06:13:24.820,gateio,BTC/USDT:USDT,118798.7,8365.0,118798.2,1.0,118798.8,16288.0,118798.9,3.0
1753769604914,06:13:24.914,gateio,BTC/USDT:USDT,118798.7,8644.0,118798.2,1.0,118798.8,18173.0,118798.9,3.0
1753769605019,06:13:25.019,gateio,BTC/USDT:USDT,118798.7,8644.0,118798.2,1.0,118798.8,18173.0,118798.9,3.0
1753769605116,06:13:25.116,gateio,BTC/USDT:USDT,118798.7,8644.0,118798.2,1.0,118798.8,18173.0,118798.9,3.0
1753769605215,06:13:25.215,gateio,BTC/USDT:USDT,118798.7,8644.0,118798.2,1.0,118798.8,16288.0,118798.9,3.0
1753769605307,06:13:25.307,gateio,BTC/USDT:USDT,118798.7,8644.0,118798.2,1.0,118798.8,18173.0,118798.9,3.0
1753769605415,06:13:25.415,gateio,BTC/USDT:USDT,118798.7,8644.0,118798.2,1.0,118798.8,18173.0,118798.9,3.0
1753769605508,06:13:25.508,gateio,BTC/USDT:USDT,118798.7,8365.0,118798.2,1.0,118798.8,16636.0,118798.9,3.0
1753769605621,06:13:25.621,gateio,BTC/USDT:USDT,118798.7,8365.0,118798.2,1.0,118798.8,16054.0,118798.9,3.0
1753769605719,06:13:25.719,gateio,BTC/USDT:USDT,118798.7,9161.0,118798.2,1.0,118798.8,16054.0,118798.9,3.0
1753769605773,06:13:25.773,gateio,BTC/USDT:USDT,118798.7,9161.0,118798.2,1.0,118798.8,16054.0,118798.9,3.0
1753769605916,06:13:25.916,gateio,BTC/USDT:USDT,118798.7,9161.0,118798.2,1.0,118798.8,16054.0,118798.9,3.0
1753769606012,06:13:26.012,gateio,BTC/USDT:USDT,118798.7,9161.0,118798.2,1.0,118798.8,16054.0,118798.9,3.0
1753769606119,06:13:26.119,gateio,BTC/USDT:USDT,118798.7,83577.0,118798.2,1.0,118798.8,16054.0,118798.9,3.0
1753769606211,06:13:26.211,gateio,BTC/USDT:USDT,118798.7,9161.0,118798.2,1.0,118798.8,16054.0,118798.9,3.0
1753769606247,06:13:26.247,gateio,BTC/USDT:USDT,118798.7,9161.0,118798.2,1.0,118798.8,16054.0,118798.9,3.0
1753769606421,06:13:26.421,gateio,BTC/USDT:USDT,118798.7,9161.0,118798.2,1.0,118798.8,16039.0,118798.9,3.0
1753769606518,06:13:26.518,gateio,BTC/USDT:USDT,118798.7,11160.0,118798.2,1.0,118798.8,15198.0,118798.9,3.0
1753769606618,06:13:26.618,gateio,BTC/USDT:USDT,118798.7,11160.0,118798.2,1.0,118798.8,13398.0,118798.9,3.0
1753769606716,06:13:26.716,gateio,BTC/USDT:USDT,118798.7,11160.0,118798.2,1.0,118798.8,13398.0,118798.9,3.0
1753769606818,06:13:26.818,gateio,BTC/USDT:USDT,118798.7,11160.0,118798.2,1.0,118798.8,13398.0,118798.9,3.0
1753769606916,06:13:26.916,gateio,BTC/USDT:USDT,118798.7,11160.0,118798.2,1.0,118798.8,13398.0,118798.9,3.0
1753769607021,06:13:27.021,gateio,BTC/USDT:USDT,118798.7,11160.0,118798.2,1.0,118798.8,13398.0,118798.9,3.0
1753769607120,06:13:27.120,gateio,BTC/USDT:USDT,118798.7,11160.0,118798.2,1.0,118798.8,13398.0,118798.9,3.0
1753769607216,06:13:27.216,gateio,BTC/USDT:USDT,118798.7,11160.0,118798.2,1.0,118798.8,13398.0,118798.9,3.0
1753769607315,06:13:27.315,gateio,BTC/USDT:USDT,118798.7,11160.0,118798.2,1.0,118798.8,12825.0,118798.9,3.0
1753769607410,06:13:27.410,gateio,BTC/USDT:USDT,118798.7,11160.0,118798.2,1.0,118798.8,12825.0,118798.9,3.0
1753769607516,06:13:27.516,gateio,BTC/USDT:USDT,118798.7,11160.0,118798.2,1.0,118798.8,12825.0,118798.9,3.0
1753769607616,06:13:27.616,gateio,BTC/USDT:USDT,118798.7,11160.0,118798.2,1.0,118798.8,12825.0,118798.9,3.0
1753769607715,06:13:27.715,gateio,BTC/USDT:USDT,118798.7,11160.0,118798.2,1.0,118798.8,14048.0,118798.9,3.0
1753769607815,06:13:27.815,gateio,BTC/USDT:USDT,118798.7,11160.0,118798.2,1.0,118798.8,14048.0,118798.9,3.0
1753769607892,06:13:27.892,gateio,BTC/USDT:USDT,118798.7,11160.0,118798.2,1.0,118798.8,14047.0,118798.9,3.0
1753769608014,06:13:28.014,gateio,BTC/USDT:USDT,118798.7,11160.0,118798.2,1.0,118798.8,14047.0,118798.9,3.0
1753769608107,06:13:28.107,gateio,BTC/USDT:USDT,118798.7,11160.0,118798.2,1.0,118798.8,14047.0,118798.9,3.0
1753769608221,06:13:28.221,gateio,BTC/USDT:USDT,118798.7,11160.0,118798.2,1.0,118798.8,14047.0,118798.9,3.0
1753769608316,06:13:28.316,gateio,BTC/USDT:USDT,118798.7,11160.0,118798.2,1.0,118798.8,14047.0,118798.9,3.0
1753769608419,06:13:28.419,gateio,BTC/USDT:USDT,118798.7,11160.0,118798.2,1.0,118798.8,14047.0,118798.9,3.0
1753769608519,06:13:28.519,gateio,BTC/USDT:USDT,118798.7,10881.0,118798.2,1.0,118798.8,14888.0,118798.9,3.0
1753769608617,06:13:28.617,gateio,BTC/USDT:USDT,118798.7,10881.0,118798.2,1.0,118798.8,14888.0,118798.9,3.0
1753769608720,06:13:28.720,gateio,BTC/USDT:USDT,118798.7,10881.0,118798.2,1.0,118798.8,15212.0,118798.9,3.0
1753769608817,06:13:28.817,gateio,BTC/USDT:USDT,118798.7,10881.0,118798.2,1.0,118798.8,14888.0,118798.9,3.0
1753769608916,06:13:28.916,gateio,BTC/USDT:USDT,118798.7,10881.0,118798.2,1.0,118798.8,17072.0,118798.9,3.0
1753769609019,06:13:29.019,gateio,BTC/USDT:USDT,118798.7,10881.0,118798.2,1.0,118798.8,17072.0,118798.9,3.0
1753769609118,06:13:29.118,gateio,BTC/USDT:USDT,118798.7,10881.0,118798.2,1.0,118798.8,18573.0,118798.9,3.0
1753769609215,06:13:29.215,gateio,BTC/USDT:USDT,118798.7,10881.0,118798.2,1.0,118798.8,16688.0,118798.9,3.0
1753769609320,06:13:29.320,gateio,BTC/USDT:USDT,118798.7,10881.0,118798.2,1.0,118798.8,17132.0,118798.9,3.0
1753769609419,06:13:29.419,gateio,BTC/USDT:USDT,118798.7,10881.0,118798.2,1.0,118798.8,18132.0,118798.9,3.0
1753769609521,06:13:29.521,gateio,BTC/USDT:USDT,118798.7,10881.0,118798.2,1.0,118798.8,20017.0,118798.9,3.0
1753769609621,06:13:29.621,gateio,BTC/USDT:USDT,118798.7,10881.0,118798.2,1.0,118798.8,18138.0,118798.9,3.0
1753769609719,06:13:29.719,gateio,BTC/USDT:USDT,118798.7,10881.0,118798.2,1.0,118798.8,20023.0,118798.9,3.0
1753769609819,06:13:29.819,gateio,BTC/USDT:USDT,118798.7,10881.0,118798.2,1.0,118798.8,19969.0,118798.9,3.0
1753769609920,06:13:29.920,gateio,BTC/USDT:USDT,118798.7,10881.0,118798.2,1.0,118798.8,17688.0,118798.9,3.0
1753769610007,06:13:30.007,gateio,BTC/USDT:USDT,118798.7,10881.0,118798.2,1.0,118798.8,19573.0,118798.9,3.0
1753769610119,06:13:30.119,gateio,BTC/USDT:USDT,118798.7,10881.0,118798.2,1.0,118798.8,18036.0,118798.9,3.0
1753769610219,06:13:30.219,gateio,BTC/USDT:USDT,118798.7,10881.0,118798.2,1.0,118798.8,19573.0,118798.9,3.0
1753769610317,06:13:30.317,gateio,BTC/USDT:USDT,118798.7,11160.0,118798.2,1.0,118798.8,19573.0,118798.9,3.0
1753769610417,06:13:30.417,gateio,BTC/USDT:USDT,118798.7,11160.0,118798.2,1.0,118798.8,17688.0,118798.9,3.0
1753769610522,06:13:30.522,gateio,BTC/USDT:USDT,118798.7,11160.0,118798.2,1.0,118798.8,17688.0,118798.9,3.0
1753769610620,06:13:30.620,gateio,BTC/USDT:USDT,118798.7,11160.0,118798.2,1.0,118798.8,14888.0,118798.9,3.0
1753769610721,06:13:30.721,gateio,BTC/USDT:USDT,118798.7,11160.0,118798.2,1.0,118798.8,14888.0,118798.9,3.0
1753769610815,06:13:30.815,gateio,BTC/USDT:USDT,118798.7,11160.0,118798.2,1.0,118798.8,14888.0,118798.9,3.0
1753769610920,06:13:30.920,gateio,BTC/USDT:USDT,118798.7,11160.0,118798.2,1.0,118798.8,14888.0,118798.9,3.0
1753769611020,06:13:31.020,gateio,BTC/USDT:USDT,118798.7,11160.0,118798.2,1.0,118798.8,14888.0,118798.9,3.0
1753769611115,06:13:31.115,gateio,BTC/USDT:USDT,118798.7,11160.0,118798.2,1.0,118798.8,14888.0,118798.9,3.0
1753769611216,06:13:31.216,gateio,BTC/USDT:USDT,118798.7,11160.0,118798.2,1.0,118798.8,14047.0,118798.9,3.0
1753769611319,06:13:31.319,gateio,BTC/USDT:USDT,118798.7,10881.0,118798.2,1.0,118798.8,14888.0,118798.9,3.0
1753769611416,06:13:31.416,gateio,BTC/USDT:USDT,118798.7,10881.0,118798.2,1.0,118798.8,14888.0,118798.9,3.0
1753769611511,06:13:31.511,gateio,BTC/USDT:USDT,118798.7,10881.0,118798.2,1.0,118798.8,14888.0,118798.9,3.0
1753769611619,06:13:31.619,gateio,BTC/USDT:USDT,118798.7,10881.0,118798.2,1.0,118798.8,14888.0,118798.9,3.0
1753769611716,06:13:31.716,gateio,BTC/USDT:USDT,118798.7,10881.0,118798.2,1.0,118798.8,14888.0,118798.9,3.0
1753769611818,06:13:31.818,gateio,BTC/USDT:USDT,118798.7,10881.0,118798.2,1.0,118798.8,14888.0,118798.9,3.0
1753769611918,06:13:31.918,gateio,BTC/USDT:USDT,118798.7,10881.0,118798.2,1.0,118798.8,14887.0,118798.9,3.0
1753769612016,06:13:32.016,gateio,BTC/USDT:USDT,118798.7,10881.0,118798.2,1.0,118798.8,14887.0,118798.9,3.0
1753769612118,06:13:32.118,gateio,BTC/USDT:USDT,118798.7,11160.0,118798.2,1.0,118798.8,14102.0,118798.9,3.0
1753769612195,06:13:32.195,gateio,BTC/USDT:USDT,118798.7,11160.0,118798.2,1.0,118798.8,14101.0,118798.9,3.0
1753769612316,06:13:32.316,gateio,BTC/USDT:USDT,118798.7,10881.0,118798.2,1.0,118798.8,14942.0,118798.9,3.0
1753769612420,06:13:32.420,gateio,BTC/USDT:USDT,118798.7,10881.0,118798.2,1.0,118798.8,14942.0,118798.9,3.0
1753769612516,06:13:32.516,gateio,BTC/USDT:USDT,118798.7,10881.0,118798.2,1.0,118798.8,14942.0,118798.9,3.0
1753769612618,06:13:32.618,gateio,BTC/USDT:USDT,118798.7,10881.0,118798.2,1.0,118798.8,14942.0,118798.9,3.0
1753769612716,06:13:32.716,gateio,BTC/USDT:USDT,118798.7,10881.0,118798.2,1.0,118798.8,14942.0,118798.9,3.0
1753769612819,06:13:32.819,gateio,BTC/USDT:USDT,118798.7,10881.0,118798.2,1.0,118798.8,14942.0,118798.9,3.0
1753769612917,06:13:32.917,gateio,BTC/USDT:USDT,118798.7,3723.0,118798.2,1.0,118798.8,14984.0,118798.9,3.0
1753769613019,06:13:33.019,gateio,BTC/USDT:USDT,118798.7,3723.0,118798.2,1.0,118798.8,14984.0,118798.9,3.0
1753769613120,06:13:33.120,gateio,BTC/USDT:USDT,118798.7,76957.0,118798.2,1.0,118798.8,16784.0,118798.9,3.0
1753769613213,06:13:33.213,gateio,BTC/USDT:USDT,118798.7,3723.0,118798.2,1.0,118798.8,19011.0,118798.9,3.0
1753769613320,06:13:33.320,gateio,BTC/USDT:USDT,118798.7,4474.0,118798.2,1.0,118798.8,18627.0,118798.9,3.0
1753769613420,06:13:33.420,gateio,BTC/USDT:USDT,118798.7,4474.0,118798.2,1.0,118798.8,17102.0,118798.9,3.0
1753769613518,06:13:33.518,gateio,BTC/USDT:USDT,118798.7,4492.0,118798.2,1.0,118798.8,16742.0,118798.9,3.0
1753769613621,06:13:33.621,gateio,BTC/USDT:USDT,118798.7,4492.0,118798.2,1.0,118798.8,16742.0,118798.9,3.0
1753769613716,06:13:33.716,gateio,BTC/USDT:USDT,118798.7,4492.0,118798.2,1.0,118798.8,16827.0,118798.9,3.0
1753769613817,06:13:33.817,gateio,BTC/USDT:USDT,118798.7,4492.0,118798.2,1.0,118798.8,14942.0,118798.9,3.0
1753769613909,06:13:33.909,gateio,BTC/USDT:USDT,118798.7,2489.0,118798.2,1.0,118798.8,18540.0,118798.9,3.0
1753769614020,06:13:34.020,gateio,BTC/USDT:USDT,118798.7,2489.0,118798.2,1.0,118798.8,16842.0,118798.9,3.0
1753769614109,06:13:34.109,gateio,BTC/USDT:USDT,118798.7,2489.0,118798.2,1.0,118798.8,16799.0,118798.9,3.0
1753769614220,06:13:34.220,gateio,BTC/USDT:USDT,118798.7,90732.0,118798.2,1.0,118798.8,18301.0,118798.9,3.0
1753769614316,06:13:34.316,gateio,BTC/USDT:USDT,118798.7,769.0,118798.2,1.0,118798.8,23249.0,118798.9,3.0
1753769614421,06:13:34.421,gateio,BTC/USDT:USDT,118796.0,201.0,118794.7,84.0,118796.1,33933.0,118797.9,631.0
1753769614520,06:13:34.520,gateio,BTC/USDT:USDT,118782.7,4806.0,118782.1,5869.0,118782.8,32442.0,118783.2,1331.0
1753769614620,06:13:34.620,gateio,BTC/USDT:USDT,118782.7,7595.0,118782.0,164.0,118782.8,26774.0,118784.3,2550.0
1753769614719,06:13:34.719,gateio,BTC/USDT:USDT,118782.7,16690.0,118782.0,164.0,118782.8,23746.0,118784.1,102.0
1753769614821,06:13:34.821,gateio,BTC/USDT:USDT,118782.7,18689.0,118782.0,164.0,118782.8,21377.0,118784.1,102.0
1753769614919,06:13:34.919,gateio,BTC/USDT:USDT,118782.7,19889.0,118782.0,164.0,118782.8,21377.0,118784.3,2550.0
1753769615021,06:13:35.021,gateio,BTC/USDT:USDT,118782.7,19531.0,118782.0,164.0,118782.8,21377.0,118784.3,2552.0
1753769615121,06:13:35.121,gateio,BTC/USDT:USDT,118782.7,19447.0,118782.6,84.0,118782.8,21377.0,118784.3,2550.0
1753769615221,06:13:35.221,gateio,BTC/USDT:USDT,118782.7,20647.0,118782.2,24.0,118782.8,22218.0,118784.4,500.0
1753769615316,06:13:35.316,gateio,BTC/USDT:USDT,118782.7,17905.0,118782.2,24.0,118782.8,22218.0,118784.4,500.0
1753769615418,06:13:35.418,gateio,BTC/USDT:USDT,118782.7,18382.0,118782.2,24.0,118782.8,22218.0,118784.4,502.0
1753769615521,06:13:35.521,gateio,BTC/USDT:USDT,118782.7,18184.0,118782.2,24.0,118782.8,22218.0,118784.4,500.0
1753769615617,06:13:35.617,gateio,BTC/USDT:USDT,118782.7,18184.0,118782.2,24.0,118782.8,22218.0,118784.4,500.0
1753769615719,06:13:35.719,gateio,BTC/USDT:USDT,118782.7,18335.0,118782.2,24.0,118782.8,22272.0,118784.4,500.0
1753769615819,06:13:35.819,gateio,BTC/USDT:USDT,118782.7,15956.0,118782.2,24.0,118782.8,22272.0,118783.2,202.0
1753769615911,06:13:35.911,gateio,BTC/USDT:USDT,118782.7,18267.0,118782.2,24.0,118782.8,20833.0,118783.2,204.0
1753769616021,06:13:36.021,gateio,BTC/USDT:USDT,118782.7,18267.0,118782.2,24.0,118782.8,21620.0,118783.2,204.0
1753769616120,06:13:36.120,gateio,BTC/USDT:USDT,118782.7,18267.0,118782.2,24.0,118782.8,20779.0,118784.4,500.0
1753769616218,06:13:36.218,gateio,BTC/USDT:USDT,118782.7,18468.0,118782.2,24.0,118782.8,20779.0,118784.4,500.0
1753769616319,06:13:36.319,gateio,BTC/USDT:USDT,118782.7,18468.0,118782.2,24.0,118782.8,20779.0,118784.4,500.0
1753769616420,06:13:36.420,gateio,BTC/USDT:USDT,118782.7,91369.0,118782.2,24.0,118782.8,20779.0,118784.4,500.0
1753769616519,06:13:36.519,gateio,BTC/USDT:USDT,118782.7,18628.0,118782.2,24.0,118782.8,20779.0,118784.4,500.0
1753769616622,06:13:36.622,gateio,BTC/USDT:USDT,118782.7,18628.0,118782.2,24.0,118782.8,20779.0,118784.4,500.0
1753769616717,06:13:36.717,gateio,BTC/USDT:USDT,118782.7,18628.0,118782.2,24.0,118782.8,20779.0,118784.4,500.0
1753769616818,06:13:36.818,gateio,BTC/USDT:USDT,118782.7,18427.0,118782.2,24.0,118782.8,20779.0,118784.4,500.0
1753769616916,06:13:36.916,gateio,BTC/USDT:USDT,118782.7,18427.0,118782.2,24.0,118782.8,20779.0,118784.4,500.0
1753769617020,06:13:37.020,gateio,BTC/USDT:USDT,118782.7,82390.0,118782.2,24.0,118782.8,20779.0,118784.4,500.0
1753769617117,06:13:37.117,gateio,BTC/USDT:USDT,118782.7,18427.0,118782.2,24.0,118782.8,20779.0,118784.4,500.0
1753769617221,06:13:37.221,gateio,BTC/USDT:USDT,118782.7,85855.0,118782.2,24.0,118782.8,20779.0,118784.4,500.0
1753769617316,06:13:37.316,gateio,BTC/USDT:USDT,118782.7,18427.0,118782.2,24.0,118782.8,20779.0,118784.4,500.0
1753769617419,06:13:37.419,gateio,BTC/USDT:USDT,118782.7,18427.0,118782.2,24.0,118782.8,20779.0,118784.4,500.0
1753769617521,06:13:37.521,gateio,BTC/USDT:USDT,118782.7,18427.0,118782.2,24.0,118782.8,20779.0,118784.4,500.0
1753769617620,06:13:37.620,gateio,BTC/USDT:USDT,118782.7,18148.0,118782.2,24.0,118782.8,21620.0,118784.4,500.0
1753769617703,06:13:37.703,gateio,BTC/USDT:USDT,118782.7,18347.0,118782.2,24.0,118782.8,21620.0,118784.4,500.0
1753769617818,06:13:37.818,gateio,BTC/USDT:USDT,118782.7,18347.0,118782.2,24.0,118782.8,21708.0,118784.4,500.0
1753769617917,06:13:37.917,gateio,BTC/USDT:USDT,118782.7,10556.0,118782.2,24.0,118782.8,21708.0,118784.4,500.0
1753769618021,06:13:38.021,gateio,BTC/USDT:USDT,118782.7,10556.0,118782.0,164.0,118782.8,24923.0,118784.4,502.0
1753769618119,06:13:38.119,gateio,BTC/USDT:USDT,118782.7,8313.0,118782.0,164.0,118782.8,23373.0,118784.4,500.0
1753769618210,06:13:38.210,gateio,BTC/USDT:USDT,118782.7,8313.0,118782.0,164.0,118782.8,23373.0,118784.4,502.0
1753769618320,06:13:38.320,gateio,BTC/USDT:USDT,118782.7,8313.0,118782.0,164.0,118782.8,25258.0,118784.4,502.0
1753769618421,06:13:38.421,gateio,BTC/USDT:USDT,118782.7,8313.0,118782.0,164.0,118782.8,23421.0,118784.4,502.0
1753769618485,06:13:38.485,gateio,BTC/USDT:USDT,118782.7,8313.0,118782.0,164.0,118782.8,22995.0,118784.4,502.0
1753769618618,06:13:38.618,gateio,BTC/USDT:USDT,118782.7,8313.0,118782.0,164.0,118782.8,22947.0,118784.4,502.0
1753769618718,06:13:38.718,gateio,BTC/USDT:USDT,118782.7,8313.0,118782.0,164.0,118782.8,23319.0,118784.4,502.0
1753769618820,06:13:38.820,gateio,BTC/USDT:USDT,118782.7,8313.0,118782.0,164.0,118782.8,23319.0,118784.4,502.0
1753769618908,06:13:38.908,gateio,BTC/USDT:USDT,118782.7,8313.0,118782.0,164.0,118782.8,23319.0,118784.4,502.0
1753769619021,06:13:39.021,gateio,BTC/USDT:USDT,118782.7,8313.0,118782.0,164.0,118782.8,23175.0,118784.4,502.0
1753769619122,06:13:39.122,gateio,BTC/USDT:USDT,118782.7,8313.0,118782.0,164.0,118782.8,23150.0,118784.4,502.0
1753769619221,06:13:39.221,gateio,BTC/USDT:USDT,118782.7,8313.0,118782.0,164.0,118782.8,23150.0,118784.4,502.0
1753769619321,06:13:39.321,gateio,BTC/USDT:USDT,118782.7,8313.0,118782.0,164.0,118782.8,22713.0,118784.4,502.0
1753769619421,06:13:39.421,gateio,BTC/USDT:USDT,118782.7,8313.0,118782.0,164.0,118782.8,22713.0,118784.4,502.0
1753769619521,06:13:39.521,gateio,BTC/USDT:USDT,118782.7,8313.0,118782.0,164.0,118782.8,22713.0,118784.4,502.0
1753769619616,06:13:39.616,gateio,BTC/USDT:USDT,118782.7,8313.0,118782.0,164.0,118782.8,22713.0,118784.4,502.0
1753769619721,06:13:39.721,gateio,BTC/USDT:USDT,118782.7,8313.0,118782.0,164.0,118782.8,22713.0,118784.4,502.0
1753769619822,06:13:39.822,gateio,BTC/USDT:USDT,118782.7,11114.0,118782.0,164.0,118782.8,21847.0,118784.4,502.0
1753769619921,06:13:39.921,gateio,BTC/USDT:USDT,118782.7,17396.0,118782.0,164.0,118782.8,13162.0,118784.4,502.0
1753769620008,06:13:40.008,gateio,BTC/USDT:USDT,118782.7,17597.0,118782.0,164.0,118782.8,13162.0,118784.4,502.0
1753769620122,06:13:40.122,gateio,BTC/USDT:USDT,118782.7,18478.0,118782.6,204.0,118782.8,8362.0,118784.4,502.0
1753769620219,06:13:40.219,gateio,BTC/USDT:USDT,118782.7,18478.0,118782.6,204.0,118782.8,9570.0,118782.9,1.0
1753769620316,06:13:40.316,gateio,BTC/USDT:USDT,118782.7,18478.0,118782.6,204.0,118782.8,9570.0,118782.9,1.0
1753769620420,06:13:40.420,gateio,BTC/USDT:USDT,118782.7,18571.0,118782.6,204.0,118782.8,9469.0,118782.9,3.0
1753769620521,06:13:40.521,gateio,BTC/USDT:USDT,118782.7,18571.0,118782.6,204.0,118782.8,9494.0,118782.9,1.0
1753769620610,06:13:40.610,gateio,BTC/USDT:USDT,118782.7,18571.0,118782.6,204.0,118782.8,9469.0,118782.9,1.0
1753769620716,06:13:40.716,gateio,BTC/USDT:USDT,118782.7,18571.0,118782.6,204.0,118782.8,9469.0,118782.9,1.0
1753769620819,06:13:40.819,gateio,BTC/USDT:USDT,118782.7,18571.0,118782.6,204.0,118782.8,9469.0,118782.9,1.0
1753769620916,06:13:40.916,gateio,BTC/USDT:USDT,118782.7,18571.0,118782.6,204.0,118782.8,9469.0,118782.9,1.0
1753769621021,06:13:41.021,gateio,BTC/USDT:USDT,118782.7,18571.0,118782.6,204.0,118782.8,8046.0,118782.9,1.0
1753769621116,06:13:41.116,gateio,BTC/USDT:USDT,118782.7,18571.0,118782.6,204.0,118782.8,8046.0,118782.9,1.0
1753769621214,06:13:41.214,gateio,BTC/USDT:USDT,118782.7,18571.0,118782.6,204.0,118782.8,8046.0,118782.9,1.0
1753769621317,06:13:41.317,gateio,BTC/USDT:USDT,118782.7,18571.0,118782.6,204.0,118782.8,8046.0,118782.9,3.0
1753769621420,06:13:41.420,gateio,BTC/USDT:USDT,118782.7,18571.0,118782.6,204.0,118782.8,8046.0,118782.9,3.0
1753769621515,06:13:41.515,gateio,BTC/USDT:USDT,118782.7,18571.0,118782.6,204.0,118782.8,8046.0,118782.9,1.0
1753769621615,06:13:41.615,gateio,BTC/USDT:USDT,118782.7,18571.0,118782.6,204.0,118782.8,8046.0,118782.9,1.0
1753769621717,06:13:41.717,gateio,BTC/USDT:USDT,118782.7,18571.0,118782.6,204.0,118782.8,8046.0,118782.9,1.0
1753769621813,06:13:41.813,gateio,BTC/USDT:USDT,118782.7,18571.0,118782.6,204.0,118782.8,8046.0,118782.9,3.0
1753769621922,06:13:41.922,gateio,BTC/USDT:USDT,118782.7,16888.0,118782.6,204.0,118782.8,8046.0,118782.9,1.0
1753769622019,06:13:42.019,gateio,BTC/USDT:USDT,118782.7,18571.0,118782.6,204.0,118782.8,8046.0,118782.9,1.0
1753769622118,06:13:42.118,gateio,BTC/USDT:USDT,118782.7,18571.0,118782.6,204.0,118782.8,8046.0,118782.9,1.0
1753769622217,06:13:42.217,gateio,BTC/USDT:USDT,118782.7,18571.0,118782.6,204.0,118782.8,8046.0,118782.9,1.0
1753769622319,06:13:42.319,gateio,BTC/USDT:USDT,118782.7,18571.0,118782.6,204.0,118782.8,8046.0,118782.9,1.0
1753769622421,06:13:42.421,gateio,BTC/USDT:USDT,118782.7,97632.0,118782.6,204.0,118782.8,8046.0,118782.9,3.0
1753769622488,06:13:42.488,gateio,BTC/USDT:USDT,118782.7,18571.0,118782.6,204.0,118782.8,8046.0,118782.9,1.0
1753769622618,06:13:42.618,gateio,BTC/USDT:USDT,118782.7,18571.0,118782.6,204.0,118782.8,8046.0,118782.9,1.0
1753769622716,06:13:42.716,gateio,BTC/USDT:USDT,118782.7,18571.0,118782.6,204.0,118782.8,8046.0,118782.9,1.0
1753769622784,06:13:42.784,gateio,BTC/USDT:USDT,118782.7,18571.0,118782.6,204.0,118782.8,8046.0,118782.9,1.0
1753769622917,06:13:42.917,gateio,BTC/USDT:USDT,118782.7,18571.0,118782.6,204.0,118782.8,8046.0,118782.9,3.0
1753769623022,06:13:43.022,gateio,BTC/USDT:USDT,118782.7,18571.0,118782.6,204.0,118782.8,8046.0,118782.9,3.0
1753769623121,06:13:43.121,gateio,BTC/USDT:USDT,118782.7,18571.0,118782.6,204.0,118782.8,8046.0,118782.9,3.0
1753769623219,06:13:43.219,gateio,BTC/USDT:USDT,118782.7,18571.0,118782.6,204.0,118782.8,8046.0,118782.9,3.0
1753769623320,06:13:43.320,gateio,BTC/USDT:USDT,118782.7,18571.0,118782.6,204.0,118782.8,8046.0,118782.9,3.0
1753769623418,06:13:43.418,gateio,BTC/USDT:USDT,118782.7,18571.0,118782.6,204.0,118782.8,8046.0,118782.9,3.0
1753769623510,06:13:43.510,gateio,BTC/USDT:USDT,118782.7,18571.0,118782.6,204.0,118782.8,8046.0,118782.9,3.0
1753769623611,06:13:43.611,gateio,BTC/USDT:USDT,118782.7,18571.0,118782.6,204.0,118782.8,8046.0,118782.9,3.0
1753769623708,06:13:43.708,gateio,BTC/USDT:USDT,118782.7,18571.0,118782.6,204.0,118782.8,8046.0,118782.9,3.0
1753769623810,06:13:43.810,gateio,BTC/USDT:USDT,118782.7,18571.0,118782.6,204.0,118782.8,8046.0,118782.9,3.0
1753769623915,06:13:43.915,gateio,BTC/USDT:USDT,118782.7,18571.0,118782.6,204.0,118782.8,8046.0,118782.9,3.0
1753769624016,06:13:44.016,gateio,BTC/USDT:USDT,118782.7,18571.0,118782.6,204.0,118782.8,8046.0,118782.9,3.0
1753769624108,06:13:44.108,gateio,BTC/USDT:USDT,118782.7,18571.0,118782.6,204.0,118782.8,8103.0,118782.9,3.0
1753769624215,06:13:44.215,gateio,BTC/USDT:USDT,118782.7,18571.0,118782.6,204.0,118782.8,8103.0,118782.9,3.0
1753769624321,06:13:44.321,gateio,BTC/USDT:USDT,118782.7,18571.0,118782.6,204.0,118782.8,8103.0,118782.9,3.0
1753769624416,06:13:44.416,gateio,BTC/USDT:USDT,118782.7,18571.0,118782.6,204.0,118782.8,8103.0,118782.9,3.0
1753769624517,06:13:44.517,gateio,BTC/USDT:USDT,118782.7,18571.0,118782.6,204.0,118782.8,8103.0,118782.9,3.0
1753769624617,06:13:44.617,gateio,BTC/USDT:USDT,118782.7,18571.0,118782.6,204.0,118782.8,8103.0,118782.9,3.0
1753769624715,06:13:44.715,gateio,BTC/USDT:USDT,118782.7,23878.0,118782.6,204.0,118782.8,8103.0,118782.9,3.0
1753769624817,06:13:44.817,gateio,BTC/USDT:USDT,118782.7,23878.0,118782.6,204.0,118782.8,8103.0,118782.9,3.0
1753769624916,06:13:44.916,gateio,BTC/USDT:USDT,118782.7,23878.0,118782.6,204.0,118782.8,8103.0,118782.9,3.0
1753769625018,06:13:45.018,gateio,BTC/USDT:USDT,118782.7,23878.0,118782.6,204.0,118782.8,8103.0,118782.9,3.0
1753769625088,06:13:45.088,gateio,BTC/USDT:USDT,118782.7,23863.0,118782.6,204.0,118782.8,8103.0,118782.9,3.0
1753769625219,06:13:45.219,gateio,BTC/USDT:USDT,118782.7,23863.0,118782.6,204.0,118782.8,8103.0,118782.9,3.0
1753769625318,06:13:45.318,gateio,BTC/USDT:USDT,118782.7,23863.0,118782.6,204.0,118782.8,8103.0,118782.9,3.0
1753769625406,06:13:45.406,gateio,BTC/USDT:USDT,118782.7,23863.0,118782.6,204.0,118782.8,8103.0,118782.9,3.0
1753769625521,06:13:45.521,gateio,BTC/USDT:USDT,118782.7,23863.0,118782.6,204.0,118782.8,8103.0,118782.9,3.0
1753769625618,06:13:45.618,gateio,BTC/USDT:USDT,118782.7,23863.0,118782.6,204.0,118782.8,8103.0,118782.9,3.0
1753769625717,06:13:45.717,gateio,BTC/USDT:USDT,118782.7,23863.0,118782.6,204.0,118782.8,8103.0,118782.9,3.0
1753769625821,06:13:45.821,gateio,BTC/USDT:USDT,118782.7,23863.0,118782.6,204.0,118782.8,8103.0,118782.9,3.0
1753769625918,06:13:45.918,gateio,BTC/USDT:USDT,118782.7,23863.0,118782.6,204.0,118782.8,8103.0,118782.9,3.0
1753769626020,06:13:46.020,gateio,BTC/USDT:USDT,118782.7,23863.0,118782.6,204.0,118782.8,8103.0,118782.9,3.0
1753769626121,06:13:46.121,gateio,BTC/USDT:USDT,118782.7,23862.0,118782.6,204.0,118782.8,8103.0,118782.9,3.0
1753769626221,06:13:46.221,gateio,BTC/USDT:USDT,118782.7,23862.0,118782.6,204.0,118782.8,8103.0,118782.9,3.0
1753769626321,06:13:46.321,gateio,BTC/USDT:USDT,118782.7,23862.0,118782.6,204.0,118782.8,8103.0,118782.9,3.0
1753769626417,06:13:46.417,gateio,BTC/USDT:USDT,118782.7,23862.0,118782.6,204.0,118782.8,8103.0,118782.9,3.0
1753769626518,06:13:46.518,gateio,BTC/USDT:USDT,118782.7,16034.0,118782.6,204.0,118782.8,8103.0,118782.9,3.0
1753769626618,06:13:46.618,gateio,BTC/USDT:USDT,118782.7,16034.0,118782.6,204.0,118782.8,8103.0,118782.9,3.0
1753769626709,06:13:46.709,gateio,BTC/USDT:USDT,118782.7,21340.0,118782.6,204.0,118782.8,8103.0,118782.9,3.0
1753769626815,06:13:46.815,gateio,BTC/USDT:USDT,118782.7,23862.0,118782.6,204.0,118782.8,8103.0,118782.9,3.0
1753769626919,06:13:46.919,gateio,BTC/USDT:USDT,118782.7,23862.0,118782.6,204.0,118782.8,8103.0,118782.9,3.0
1753769627016,06:13:47.016,gateio,BTC/USDT:USDT,118782.7,23862.0,118782.6,204.0,118782.8,8103.0,118782.9,3.0
1753769627114,06:13:47.114,gateio,BTC/USDT:USDT,118782.7,23861.0,118782.6,204.0,118782.8,8103.0,118782.9,3.0
1753769627218,06:13:47.218,gateio,BTC/USDT:USDT,118782.7,84948.0,118782.6,204.0,118782.8,8103.0,118782.9,3.0
1753769627321,06:13:47.321,gateio,BTC/USDT:USDT,118782.7,18556.0,118782.6,204.0,118782.8,8103.0,118782.9,3.0
1753769627416,06:13:47.416,gateio,BTC/USDT:USDT,118782.7,18556.0,118782.6,204.0,118782.8,8103.0,118782.9,3.0
1753769627520,06:13:47.520,gateio,BTC/USDT:USDT,118782.7,23861.0,118782.6,204.0,118782.8,8103.0,118782.9,3.0
1753769627622,06:13:47.622,gateio,BTC/USDT:USDT,118782.7,18556.0,118782.6,204.0,118782.8,8103.0,118782.9,3.0
1753769627719,06:13:47.719,gateio,BTC/USDT:USDT,118782.7,18556.0,118782.6,204.0,118782.8,8103.0,118782.9,3.0
1753769627815,06:13:47.815,gateio,BTC/USDT:USDT,118782.7,18556.0,118782.6,204.0,118782.8,8103.0,118782.9,3.0
1753769627916,06:13:47.916,gateio,BTC/USDT:USDT,118782.7,23861.0,118782.6,204.0,118782.8,1353.0,118782.9,3.0
1753769628016,06:13:48.016,gateio,BTC/USDT:USDT,118782.7,23861.0,118782.6,204.0,118782.8,1353.0,118782.9,3.0
1753769628121,06:13:48.121,gateio,BTC/USDT:USDT,118782.7,23861.0,118782.6,204.0,118782.8,1353.0,118782.9,3.0
1753769628211,06:13:48.211,gateio,BTC/USDT:USDT,118782.7,23860.0,118782.6,204.0,118782.8,1353.0,118782.9,3.0
1753769628322,06:13:48.322,gateio,BTC/USDT:USDT,118782.7,23860.0,118782.6,204.0,118782.8,1353.0,118782.9,3.0
1753769628418,06:13:48.418,gateio,BTC/USDT:USDT,118782.7,23860.0,118782.6,204.0,118782.8,1353.0,118782.9,3.0
1753769628516,06:13:48.516,gateio,BTC/USDT:USDT,118782.7,23860.0,118782.6,204.0,118782.8,1353.0,118782.9,3.0
1753769628620,06:13:48.620,gateio,BTC/USDT:USDT,118782.7,23860.0,118782.6,204.0,118782.8,1353.0,118782.9,3.0
1753769628717,06:13:48.717,gateio,BTC/USDT:USDT,118782.7,96132.0,118782.6,204.0,118782.8,1353.0,118782.9,3.0
1753769628815,06:13:48.815,gateio,BTC/USDT:USDT,118782.7,23860.0,118782.6,204.0,118782.8,1353.0,118782.9,3.0
1753769628913,06:13:48.913,gateio,BTC/USDT:USDT,118782.7,23860.0,118782.6,204.0,118782.8,1353.0,118782.9,3.0
1753769629021,06:13:49.021,gateio,BTC/USDT:USDT,118782.7,23860.0,118782.6,204.0,118782.8,1353.0,118782.9,3.0
1753769629121,06:13:49.121,gateio,BTC/USDT:USDT,118782.7,23860.0,118782.6,204.0,118782.8,1353.0,118782.9,3.0
1753769629208,06:13:49.208,gateio,BTC/USDT:USDT,118782.7,23860.0,118782.6,204.0,118782.8,1353.0,118782.9,3.0
1753769629321,06:13:49.321,gateio,BTC/USDT:USDT,118782.7,23860.0,118782.6,204.0,118782.8,1353.0,118782.9,3.0
1753769629417,06:13:49.417,gateio,BTC/USDT:USDT,118782.7,23860.0,118782.6,204.0,118782.8,1353.0,118782.9,3.0
1753769629505,06:13:49.505,gateio,BTC/USDT:USDT,118782.7,23860.0,118782.6,204.0,118782.8,1353.0,118782.9,3.0
1753769629620,06:13:49.620,gateio,BTC/USDT:USDT,118782.7,18556.0,118782.6,204.0,118782.8,1768.0,118782.9,3.0
1753769629705,06:13:49.705,gateio,BTC/USDT:USDT,118782.7,18556.0,118782.6,204.0,118782.8,1353.0,118782.9,3.0
1753769629818,06:13:49.818,gateio,BTC/USDT:USDT,118782.7,18556.0,118782.6,204.0,118782.8,1353.0,118782.9,3.0
1753769629917,06:13:49.917,gateio,BTC/USDT:USDT,118782.7,18556.0,118782.6,204.0,118782.8,1353.0,118782.9,3.0
1753769630015,06:13:50.015,gateio,BTC/USDT:USDT,118782.7,18556.0,118782.6,204.0,118782.8,1353.0,118782.9,3.0
1753769630116,06:13:50.116,gateio,BTC/USDT:USDT,118782.7,18556.0,118782.6,204.0,118782.8,1353.0,118782.9,3.0
1753769630220,06:13:50.220,gateio,BTC/USDT:USDT,118782.7,18556.0,118782.6,204.0,118782.8,1353.0,118782.9,3.0
1753769630318,06:13:50.318,gateio,BTC/USDT:USDT,118782.7,23842.0,118782.6,204.0,118782.8,1353.0,118782.9,3.0
1753769630416,06:13:50.416,gateio,BTC/USDT:USDT,118782.7,23842.0,118782.6,204.0,118782.8,1353.0,118782.9,3.0
1753769630511,06:13:50.511,gateio,BTC/USDT:USDT,118782.7,23842.0,118782.6,204.0,118782.8,1352.0,118782.9,3.0
1753769630605,06:13:50.605,gateio,BTC/USDT:USDT,118782.7,23842.0,118782.6,204.0,118782.8,1351.0,118782.9,3.0
1753769630720,06:13:50.720,gateio,BTC/USDT:USDT,118782.7,79835.0,118782.6,204.0,118782.8,1765.0,118782.9,3.0
1753769630820,06:13:50.820,gateio,BTC/USDT:USDT,118782.7,17714.0,118782.6,204.0,118782.8,1350.0,118782.9,3.0
1753769630919,06:13:50.919,gateio,BTC/USDT:USDT,118782.7,17714.0,118782.6,204.0,118782.8,1350.0,118782.9,3.0
1753769631015,06:13:51.015,gateio,BTC/USDT:USDT,118782.7,17714.0,118782.6,204.0,118782.8,1350.0,118782.9,3.0
1753769631117,06:13:51.117,gateio,BTC/USDT:USDT,118782.7,18556.0,118782.6,204.0,118782.8,1350.0,118782.9,3.0
1753769631204,06:13:51.204,gateio,BTC/USDT:USDT,118782.7,18556.0,118782.6,204.0,118782.8,1350.0,118782.9,3.0
1753769631316,06:13:51.316,gateio,BTC/USDT:USDT,118782.7,18556.0,118782.6,204.0,118782.8,1350.0,118782.9,3.0
1753769631405,06:13:51.405,gateio,BTC/USDT:USDT,118782.7,18556.0,118782.6,204.0,118782.8,1350.0,118782.9,3.0
1753769631518,06:13:51.518,gateio,BTC/USDT:USDT,118782.7,18556.0,118782.6,204.0,118782.8,1350.0,118782.9,3.0
1753769631620,06:13:51.620,gateio,BTC/USDT:USDT,118782.7,18556.0,118782.6,204.0,118782.8,1350.0,118782.9,3.0
1753769631718,06:13:51.718,gateio,BTC/USDT:USDT,118782.7,18556.0,118782.6,204.0,118782.8,1350.0,118782.9,3.0
1753769631820,06:13:51.820,gateio,BTC/USDT:USDT,118782.7,18556.0,118782.6,204.0,118782.8,1350.0,118782.9,3.0
1753769631909,06:13:51.909,gateio,BTC/USDT:USDT,118782.7,18556.0,118782.6,204.0,118782.8,1350.0,118782.9,3.0
1753769632018,06:13:52.018,gateio,BTC/USDT:USDT,118782.7,18556.0,118782.6,204.0,118782.8,1350.0,118782.9,3.0
1753769632118,06:13:52.118,gateio,BTC/USDT:USDT,118782.7,18556.0,118782.6,204.0,118782.8,1350.0,118782.9,3.0
1753769632215,06:13:52.215,gateio,BTC/USDT:USDT,118782.7,18556.0,118782.6,204.0,118782.8,1350.0,118782.9,3.0
1753769632317,06:13:52.317,gateio,BTC/USDT:USDT,118782.7,18556.0,118782.6,204.0,118782.8,1350.0,118782.9,3.0
1753769632422,06:13:52.422,gateio,BTC/USDT:USDT,118782.7,18541.0,118782.6,204.0,118782.8,8515.0,118782.9,3.0
1753769632518,06:13:52.518,gateio,BTC/USDT:USDT,118782.7,13238.0,118782.6,204.0,118782.8,12860.0,118782.9,3.0
1753769632597,06:13:52.597,gateio,BTC/USDT:USDT,118782.7,13238.0,118782.6,204.0,118782.8,12860.0,118782.9,3.0
1753769632704,06:13:52.704,gateio,BTC/USDT:USDT,118782.7,13238.0,118782.6,204.0,118782.8,12860.0,118782.9,3.0
1753769632819,06:13:52.819,gateio,BTC/USDT:USDT,118782.7,13238.0,118782.6,204.0,118782.8,12860.0,118782.9,3.0
1753769632915,06:13:52.915,gateio,BTC/USDT:USDT,118782.7,10995.0,118782.6,204.0,118782.8,12019.0,118782.9,3.0
1753769633021,06:13:53.021,gateio,BTC/USDT:USDT,118782.7,10995.0,118782.6,204.0,118782.8,12019.0,118782.9,3.0
1753769633115,06:13:53.115,gateio,BTC/USDT:USDT,118782.7,10716.0,118782.6,204.0,118782.8,12860.0,118782.9,3.0
1753769633217,06:13:53.217,gateio,BTC/USDT:USDT,118782.7,10995.0,118782.6,204.0,118782.8,12019.0,118782.9,3.0
1753769633315,06:13:53.315,gateio,BTC/USDT:USDT,118782.7,10995.0,118782.6,204.0,118782.8,12019.0,118782.9,3.0
1753769633420,06:13:53.420,gateio,BTC/USDT:USDT,118782.7,10995.0,118782.6,204.0,118782.8,12019.0,118782.9,3.0
1753769633490,06:13:53.490,gateio,BTC/USDT:USDT,118782.7,10933.0,118782.6,204.0,118782.8,12019.0,118782.9,3.0
1753769633617,06:13:53.617,gateio,BTC/USDT:USDT,118782.7,10933.0,118782.6,204.0,118782.8,12019.0,118782.9,3.0
1753769633715,06:13:53.715,gateio,BTC/USDT:USDT,118782.7,10933.0,118782.6,204.0,118782.8,12019.0,118782.9,3.0
1753769633818,06:13:53.818,gateio,BTC/USDT:USDT,118782.7,15263.0,118782.6,204.0,118782.8,12019.0,118782.9,3.0
1753769633920,06:13:53.920,gateio,BTC/USDT:USDT,118782.7,81885.0,118782.6,204.0,118782.8,12019.0,118782.9,3.0
1753769634004,06:13:54.004,gateio,BTC/USDT:USDT,118782.7,16105.0,118782.6,204.0,118782.8,12033.0,118782.9,3.0
1753769634116,06:13:54.116,gateio,BTC/USDT:USDT,118782.7,16105.0,118782.6,204.0,118782.8,12033.0,118782.9,3.0
1753769634214,06:13:54.214,gateio,BTC/USDT:USDT,118782.7,16105.0,118782.6,204.0,118782.8,12033.0,118782.9,3.0
1753769634317,06:13:54.317,gateio,BTC/USDT:USDT,118782.7,16105.0,118782.6,204.0,118782.8,12033.0,118782.9,3.0
1753769634420,06:13:54.420,gateio,BTC/USDT:USDT,118782.7,16105.0,118782.6,204.0,118782.8,12033.0,118782.9,3.0
1753769634514,06:13:54.514,gateio,BTC/USDT:USDT,118782.7,16105.0,118782.6,204.0,118782.8,12033.0,118782.9,3.0
1753769634620,06:13:54.620,gateio,BTC/USDT:USDT,118782.7,16105.0,118782.6,204.0,118782.8,12033.0,118782.9,3.0
