timestamp,time,exchange,symbol,bid1_price,bid1_volume,bid2_price,bid2_volume,ask1_price,ask1_volume,ask2_price,ask2_volume
1753769558072,06:12:38.072,whitebit,BTC/USDT:USDT,118822.8,2.961,118810.3,0.057,118822.9,0.066,118834.1,0.059
1753769557958,06:12:37.958,whitebit,BTC/USDT:USDT,118822.8,2.961,118810.3,0.057,118822.9,0.066,118834.1,0.03
1753769558063,06:12:38.063,whitebit,BTC/USDT:USDT,118822.8,2.959,118810.3,0.057,118822.9,0.066,118834.1,0.03
1753769558180,06:12:38.180,whitebit,BTC/USDT:USDT,118822.8,2.961,118810.3,0.067,118822.9,0.066,118834.1,0.03
1753769558467,06:12:38.467,whitebit,BTC/USDT:USDT,118822.8,2.961,118810.3,0.08,118822.9,0.066,118834.1,0.03
1753769558671,06:12:38.671,whitebit,BTC/USDT:USDT,118822.8,2.961,118810.3,0.08,118822.9,0.066,118834.1,0.03
1753769558772,06:12:38.772,whitebit,BTC/USDT:USDT,118822.8,2.961,118810.3,0.092,118822.9,0.066,118834.1,0.03
1753769558972,06:12:38.972,whitebit,BTC/USDT:USDT,118822.8,2.961,118810.3,0.059,118822.9,0.066,118834.1,0.012
1753769559080,06:12:39.080,whitebit,BTC/USDT:USDT,118822.8,2.961,118810.3,0.059,118822.9,0.066,118834.1,0.024
1753769559273,06:12:39.273,whitebit,BTC/USDT:USDT,118822.8,2.961,118810.3,0.033,118822.9,0.066,118834.1,0.024
1753769559373,06:12:39.373,whitebit,BTC/USDT:USDT,118822.8,2.961,118810.3,0.045,118834.1,0.024,118838.1,0.067
1753769559466,06:12:39.466,whitebit,BTC/USDT:USDT,118822.8,2.961,118810.3,0.059,118834.1,0.024,118838.1,0.067
1753769559574,06:12:39.574,whitebit,BTC/USDT:USDT,118822.8,2.961,118810.3,0.059,118834.1,0.024,118838.1,0.067
1753769559774,06:12:39.774,whitebit,BTC/USDT:USDT,118822.8,2.961,118810.3,0.059,118834.1,0.034,118838.1,0.081
1753769559964,06:12:39.964,whitebit,BTC/USDT:USDT,118822.8,2.961,118810.3,0.073,118834.1,0.034,118838.1,0.081
1753769560070,06:12:40.070,whitebit,BTC/USDT:USDT,118822.8,2.959,118810.3,0.073,118834.1,0.05,118838.1,0.087
1753769560175,06:12:40.175,whitebit,BTC/USDT:USDT,118822.8,2.961,118810.3,0.073,118834.1,0.05,118838.1,0.087
1753769560275,06:12:40.275,whitebit,BTC/USDT:USDT,118822.8,2.961,118810.3,0.08,118834.1,0.022,118838.1,0.063
1753769560376,06:12:40.376,whitebit,BTC/USDT:USDT,118822.8,2.961,118810.3,0.08,118834.1,0.022,118838.1,0.079
1753769560466,06:12:40.466,whitebit,BTC/USDT:USDT,118822.8,2.961,118810.3,0.08,118834.1,0.022,118838.1,0.096
1753769560860,06:12:40.860,whitebit,BTC/USDT:USDT,118822.8,2.961,118810.3,0.08,118834.1,0.022,118838.1,0.096
1753769560977,06:12:40.977,whitebit,BTC/USDT:USDT,118822.8,2.961,118810.3,0.092,118834.1,0.022,118838.1,0.096
1753769561274,06:12:41.274,whitebit,BTC/USDT:USDT,118822.8,2.961,118810.3,0.085,118834.1,0.022,118838.1,0.096
1753769561367,06:12:41.367,whitebit,BTC/USDT:USDT,118822.8,2.961,118810.3,0.085,118834.1,0.022,118838.1,0.096
1753769561565,06:12:41.565,whitebit,BTC/USDT:USDT,118822.8,2.961,118810.3,0.085,118834.1,0.022,118838.1,0.096
1753769561663,06:12:41.663,whitebit,BTC/USDT:USDT,118822.8,2.961,118810.3,0.085,118834.1,0.039,118838.1,0.103
1753769561762,06:12:41.762,whitebit,BTC/USDT:USDT,118822.8,2.961,118810.3,0.096,118834.1,0.012,118838.1,0.079
1753769561969,06:12:41.969,whitebit,BTC/USDT:USDT,118822.8,2.961,118810.3,0.072,118834.1,0.012,118838.1,0.098
1753769562067,06:12:42.067,whitebit,BTC/USDT:USDT,118822.8,2.959,118810.3,0.072,118834.1,0.028,118838.1,0.098
1753769562175,06:12:42.175,whitebit,BTC/USDT:USDT,118822.8,2.961,118810.3,0.088,118834.1,0.028,118838.1,0.098
1753769562273,06:12:42.273,whitebit,BTC/USDT:USDT,118822.8,2.961,118810.3,0.088,118822.9,0.199,118834.1,0.015
1753769562371,06:12:42.371,whitebit,BTC/USDT:USDT,118822.8,2.961,118810.3,0.088,118834.1,0.015,118838.1,0.06
1753769562462,06:12:42.462,whitebit,BTC/USDT:USDT,118822.8,2.961,118810.3,0.104,118834.1,0.015,118838.1,0.06
1753769562567,06:12:42.567,whitebit,BTC/USDT:USDT,118822.8,2.961,118810.3,0.104,118834.1,0.025,118838.1,0.074
1753769563071,06:12:43.071,whitebit,BTC/USDT:USDT,118822.8,2.959,118822.7,0.339,118834.1,0.025,118838.1,0.074
1753769563174,06:12:43.174,whitebit,BTC/USDT:USDT,118822.8,2.961,118810.3,0.104,118834.1,0.025,118838.1,0.074
1753769563264,06:12:43.264,whitebit,BTC/USDT:USDT,118822.8,2.961,118810.3,0.093,118834.1,0.025,118838.1,0.074
1753769563370,06:12:43.370,whitebit,BTC/USDT:USDT,118822.8,2.961,118810.3,0.093,118834.1,0.025,118838.1,0.074
1753769563459,06:12:43.459,whitebit,BTC/USDT:USDT,118822.8,2.961,118810.3,0.093,118834.1,0.025,118838.1,0.074
1753769563765,06:12:43.765,whitebit,BTC/USDT:USDT,118822.8,2.961,118810.3,0.101,118834.1,0.025,118838.1,0.074
1753769564060,06:12:44.060,whitebit,BTC/USDT:USDT,118822.8,2.959,118810.3,0.101,118834.1,0.025,118838.1,0.074
1753769564160,06:12:44.160,whitebit,BTC/USDT:USDT,118822.8,2.961,118810.3,0.101,118834.1,0.025,118838.1,0.074
1753769564260,06:12:44.260,whitebit,BTC/USDT:USDT,118822.8,2.961,118810.3,0.093,118834.1,0.041,118838.1,0.085
1753769564361,06:12:44.361,whitebit,BTC/USDT:USDT,118822.8,2.961,118810.3,0.093,118834.1,0.041,118838.1,0.085
1753769564561,06:12:44.561,whitebit,BTC/USDT:USDT,118822.8,2.961,118810.3,0.093,118834.1,0.015,118838.1,0.055
1753769564670,06:12:44.670,whitebit,BTC/USDT:USDT,118822.8,2.961,118810.3,0.093,118834.1,0.015,118838.1,0.055
1753769564762,06:12:44.762,whitebit,BTC/USDT:USDT,118822.8,2.961,118810.3,0.093,118834.1,0.029,118838.1,0.055
1753769564977,06:12:44.977,whitebit,BTC/USDT:USDT,118822.8,2.961,118810.3,0.093,118834.1,0.029,118838.1,0.063
1753769565063,06:12:45.063,whitebit,BTC/USDT:USDT,118822.8,2.959,118810.3,0.093,118834.1,0.029,118838.1,0.063
1753769565168,06:12:45.168,whitebit,BTC/USDT:USDT,118822.8,2.961,118810.3,0.093,118834.1,0.029,118838.1,0.063
1753769565263,06:12:45.263,whitebit,BTC/USDT:USDT,118822.8,2.961,118810.3,0.093,118834.1,0.026,118838.1,0.055
1753769565464,06:12:45.464,whitebit,BTC/USDT:USDT,118822.8,2.961,118810.3,0.093,118834.1,0.026,118838.1,0.055
1753769565865,06:12:45.865,whitebit,BTC/USDT:USDT,118822.8,2.961,118810.3,0.093,118834.1,0.026,118838.1,0.055
1753769565965,06:12:45.965,whitebit,BTC/USDT:USDT,118822.8,2.961,118810.3,0.093,118834.1,0.026,118838.1,0.055
1753769566065,06:12:46.065,whitebit,BTC/USDT:USDT,118822.8,2.959,118810.3,0.069,118834.1,0.026,118838.1,0.055
1753769566168,06:12:46.168,whitebit,BTC/USDT:USDT,118822.8,2.961,118810.3,0.069,118822.9,0.066,118834.1,0.026
1753769566266,06:12:46.266,whitebit,BTC/USDT:USDT,118822.8,2.961,118810.3,0.075,118822.9,0.066,118834.1,0.026
1753769566580,06:12:46.580,whitebit,BTC/USDT:USDT,118822.8,2.961,118810.3,0.075,118822.9,0.452,118834.1,0.026
1753769566669,06:12:46.669,whitebit,BTC/USDT:USDT,118822.8,2.961,118810.3,0.075,118822.9,0.066,118834.1,0.026
1753769566766,06:12:46.766,whitebit,BTC/USDT:USDT,118822.8,2.961,118810.3,0.075,118822.9,0.066,118834.1,0.039
1753769567086,06:12:47.086,whitebit,BTC/USDT:USDT,118822.8,2.961,118810.3,0.075,118822.9,0.066,118834.1,0.045
1753769567167,06:12:47.167,whitebit,BTC/USDT:USDT,118822.8,2.961,118810.3,0.075,118822.9,0.066,118834.1,0.045
1753769567279,06:12:47.279,whitebit,BTC/USDT:USDT,118822.8,2.961,118810.3,0.081,118834.1,0.058,118838.1,0.068
1753769567382,06:12:47.382,whitebit,BTC/USDT:USDT,118822.8,2.961,118810.3,0.081,118822.9,0.147,118834.1,0.058
1753769567484,06:12:47.484,whitebit,BTC/USDT:USDT,118822.8,2.961,118810.3,0.081,118834.1,0.058,118838.1,0.068
1753769568063,06:12:48.063,whitebit,BTC/USDT:USDT,118822.8,2.959,118810.3,0.081,118834.1,0.058,118838.1,0.068
1753769568166,06:12:48.166,whitebit,BTC/USDT:USDT,118822.8,2.961,118810.3,0.081,118834.1,0.058,118838.1,0.068
1753769569078,06:12:49.078,whitebit,BTC/USDT:USDT,118822.8,2.959,118810.3,0.081,118838.1,0.039,118838.9,0.042
1753769569171,06:12:49.171,whitebit,BTC/USDT:USDT,118822.8,2.961,118810.3,0.081,118838.1,0.039,118838.9,0.042
1753769569273,06:12:49.273,whitebit,BTC/USDT:USDT,118822.8,2.961,118810.3,0.081,118838.1,0.039,118838.9,0.042
1753769569373,06:12:49.373,whitebit,BTC/USDT:USDT,118822.8,2.385,118810.3,0.094,118822.9,0.066,118838.1,0.011
1753769569466,06:12:49.466,whitebit,BTC/USDT:USDT,118822.8,2.961,118810.3,0.094,118822.9,0.066,118838.1,0.045
1753769569574,06:12:49.574,whitebit,BTC/USDT:USDT,118822.8,2.961,118814.2,0.016,118822.9,0.066,118838.1,0.045
1753769569674,06:12:49.674,whitebit,BTC/USDT:USDT,118822.8,2.961,118814.2,0.016,118822.9,0.066,118838.1,0.045
1753769569775,06:12:49.775,whitebit,BTC/USDT:USDT,118822.8,2.961,118814.2,0.016,118822.9,0.066,118838.1,0.051
1753769569868,06:12:49.868,whitebit,BTC/USDT:USDT,118822.8,2.961,118814.2,0.022,118822.9,0.066,118838.1,0.051
1753769569979,06:12:49.979,whitebit,BTC/USDT:USDT,118822.8,2.961,118814.2,0.022,118822.9,0.066,118838.1,0.051
1753769570075,06:12:50.075,whitebit,BTC/USDT:USDT,118822.8,2.959,118814.2,0.022,118822.9,0.066,118838.1,0.051
1753769570175,06:12:50.175,whitebit,BTC/USDT:USDT,118822.8,2.961,118814.2,0.022,118822.9,0.066,118838.1,0.051
1753769570379,06:12:50.379,whitebit,BTC/USDT:USDT,118822.8,2.961,118814.2,0.022,118822.9,0.066,118838.1,0.051
1753769570469,06:12:50.469,whitebit,BTC/USDT:USDT,118822.8,2.961,118814.2,0.022,118822.9,0.066,118838.1,0.064
1753769570676,06:12:50.676,whitebit,BTC/USDT:USDT,118822.8,2.961,118814.2,0.022,118822.9,0.066,118838.1,0.076
1753769570777,06:12:50.777,whitebit,BTC/USDT:USDT,118822.8,2.961,118814.2,0.022,118822.9,0.066,118838.1,0.076
1753769570861,06:12:50.861,whitebit,BTC/USDT:USDT,118822.8,2.961,118814.2,0.021,118822.9,0.066,118838.1,0.057
1753769570966,06:12:50.966,whitebit,BTC/USDT:USDT,118822.8,2.961,118814.2,0.021,118822.9,0.066,118838.1,0.069
1753769571078,06:12:51.078,whitebit,BTC/USDT:USDT,118822.8,2.959,118814.2,0.021,118838.1,0.077,118838.9,0.042
1753769571178,06:12:51.178,whitebit,BTC/USDT:USDT,118822.8,2.961,118814.2,0.021,118838.1,0.077,118838.9,0.042
1753769571270,06:12:51.270,whitebit,BTC/USDT:USDT,118822.8,2.961,118814.2,0.021,118838.1,0.077,118838.9,0.042
1753769571379,06:12:51.379,whitebit,BTC/USDT:USDT,118822.8,2.961,118814.2,0.021,118838.1,0.077,118838.9,0.042
1753769571461,06:12:51.461,whitebit,BTC/USDT:USDT,118822.8,2.961,118814.2,0.021,118838.0,0.066,118838.1,0.077
1753769571569,06:12:51.569,whitebit,BTC/USDT:USDT,118822.8,2.961,118814.2,0.021,118838.0,0.066,118838.1,0.057
1753769571676,06:12:51.676,whitebit,BTC/USDT:USDT,118822.8,2.385,118814.2,0.021,118822.9,0.066,118838.1,0.057
1753769571771,06:12:51.771,whitebit,BTC/USDT:USDT,118822.8,2.961,118814.2,0.021,118822.9,0.066,118838.1,0.065
1753769571868,06:12:51.868,whitebit,BTC/USDT:USDT,118822.8,2.961,118814.2,0.021,118822.9,0.066,118838.1,0.065
1753769571959,06:12:51.959,whitebit,BTC/USDT:USDT,118822.8,2.961,118814.2,0.021,118822.9,0.066,118838.1,0.065
1753769572076,06:12:52.076,whitebit,BTC/USDT:USDT,118822.8,2.959,118814.2,0.021,118822.9,0.066,118838.1,0.065
1753769572173,06:12:52.173,whitebit,BTC/USDT:USDT,118822.8,2.961,118814.2,0.021,118822.9,0.066,118838.1,0.053
1753769572268,06:12:52.268,whitebit,BTC/USDT:USDT,118822.8,2.961,118814.2,0.021,118822.9,0.066,118838.1,0.053
1753769572368,06:12:52.368,whitebit,BTC/USDT:USDT,118822.8,2.961,118814.2,0.034,118822.9,0.066,118838.1,0.053
1753769572576,06:12:52.576,whitebit,BTC/USDT:USDT,118822.8,2.961,118814.2,0.034,118822.9,0.066,118838.1,0.053
1753769572676,06:12:52.676,whitebit,BTC/USDT:USDT,118822.8,2.961,118814.2,0.034,118838.1,0.064,118838.9,0.042
1753769572866,06:12:52.866,whitebit,BTC/USDT:USDT,118822.8,2.961,118814.2,0.034,118838.1,0.053,118838.9,0.042
1753769572978,06:12:52.978,whitebit,BTC/USDT:USDT,118822.8,2.961,118814.2,0.034,118838.1,0.053,118838.9,0.042
1753769573078,06:12:53.078,whitebit,BTC/USDT:USDT,118822.8,2.959,118814.2,0.034,118838.1,0.053,118838.9,0.042
1753769573177,06:12:53.177,whitebit,BTC/USDT:USDT,118822.8,2.961,118814.2,0.034,118838.1,0.053,118838.9,0.042
1753769573369,06:12:53.369,whitebit,BTC/USDT:USDT,118822.8,2.385,118814.2,0.034,118822.9,0.066,118838.1,0.053
1753769573475,06:12:53.475,whitebit,BTC/USDT:USDT,118822.8,2.961,118814.2,0.034,118822.9,0.066,118838.1,0.053
1753769573860,06:12:53.860,whitebit,BTC/USDT:USDT,118822.8,2.961,118814.2,0.034,118822.9,0.066,118838.1,0.053
1753769573960,06:12:53.960,whitebit,BTC/USDT:USDT,118822.8,2.961,118814.2,0.034,118822.9,0.066,118838.1,0.063
1753769574061,06:12:54.061,whitebit,BTC/USDT:USDT,118822.8,2.959,118814.2,0.034,118822.9,0.066,118838.1,0.063
1753769574168,06:12:54.168,whitebit,BTC/USDT:USDT,118822.8,2.961,118814.2,0.034,118822.9,0.066,118838.1,0.045
1753769574286,06:12:54.286,whitebit,BTC/USDT:USDT,118822.8,2.961,118814.2,0.034,118822.9,0.066,118838.1,0.06
1753769574361,06:12:54.361,whitebit,BTC/USDT:USDT,118822.8,2.961,118814.2,0.034,118822.9,0.066,118838.1,0.06
1753769574561,06:12:54.561,whitebit,BTC/USDT:USDT,118822.8,2.961,118814.2,0.034,118838.1,0.06,118838.9,0.042
1753769574670,06:12:54.670,whitebit,BTC/USDT:USDT,118822.8,2.961,118814.2,0.005,118838.1,0.045,118838.9,0.042
1753769574762,06:12:54.762,whitebit,BTC/USDT:USDT,118822.8,2.961,118814.2,0.012,118838.1,0.045,118838.9,0.042
1753769574862,06:12:54.862,whitebit,BTC/USDT:USDT,118822.8,2.961,118814.2,0.012,118838.1,0.045,118838.9,0.042
1753769575063,06:12:55.063,whitebit,BTC/USDT:USDT,118822.8,2.959,118814.2,0.012,118838.1,0.045,118838.9,0.042
1753769575177,06:12:55.177,whitebit,BTC/USDT:USDT,118822.8,2.961,118814.2,0.019,118838.1,0.045,118838.9,0.042
1753769575364,06:12:55.364,whitebit,BTC/USDT:USDT,118822.8,2.961,118814.2,0.019,118838.1,0.045,118838.9,0.042
1753769575479,06:12:55.479,whitebit,BTC/USDT:USDT,118822.8,2.961,118814.2,0.019,118822.9,0.066,118838.1,0.045
1753769576077,06:12:56.077,whitebit,BTC/USDT:USDT,118822.8,2.959,118814.2,0.019,118822.9,0.066,118838.1,0.045
1753769576172,06:12:56.172,whitebit,BTC/USDT:USDT,118822.8,2.961,118814.2,0.019,118822.9,0.066,118838.1,0.045
1753769576466,06:12:56.466,whitebit,BTC/USDT:USDT,118822.8,2.961,118814.2,0.012,118822.9,0.066,118838.1,0.034
1753769576567,06:12:56.567,whitebit,BTC/USDT:USDT,118822.8,2.961,118814.2,0.012,118838.1,0.044,118838.9,0.042
1753769576674,06:12:56.674,whitebit,BTC/USDT:USDT,118822.8,2.961,118814.2,0.012,118838.1,0.058,118838.9,0.042
1753769576767,06:12:56.767,whitebit,BTC/USDT:USDT,118822.8,2.961,118814.2,0.012,118838.1,0.058,118838.9,0.042
1753769576867,06:12:56.867,whitebit,BTC/USDT:USDT,118822.8,2.961,118814.2,0.012,118838.1,0.058,118838.9,0.042
1753769576968,06:12:56.968,whitebit,BTC/USDT:USDT,118822.8,2.961,118814.2,0.027,118838.1,0.058,118838.9,0.042
1753769577068,06:12:57.068,whitebit,BTC/USDT:USDT,118822.8,2.959,118814.2,0.027,118838.1,0.058,118838.9,0.042
1753769577176,06:12:57.176,whitebit,BTC/USDT:USDT,118822.8,2.961,118814.2,0.027,118838.1,0.058,118838.9,0.042
1753769577481,06:12:57.481,whitebit,BTC/USDT:USDT,118822.8,2.961,118814.2,0.036,118838.1,0.058,118838.9,0.042
1753769577676,06:12:57.676,whitebit,BTC/USDT:USDT,118822.8,2.961,118814.2,0.012,118838.1,0.058,118838.9,0.042
1753769577785,06:12:57.785,whitebit,BTC/USDT:USDT,118822.8,2.961,118814.2,0.012,118838.1,0.058,118838.9,0.042
1753769577870,06:12:57.870,whitebit,BTC/USDT:USDT,118822.8,2.961,118814.2,0.012,118838.1,0.068,118838.9,0.042
1753769577970,06:12:57.970,whitebit,BTC/USDT:USDT,118822.8,2.961,118814.2,0.007,118838.1,0.068,118838.9,0.042
1753769578079,06:12:58.079,whitebit,BTC/USDT:USDT,118822.8,2.959,118814.2,0.007,118838.1,0.068,118838.9,0.042
1753769578175,06:12:58.175,whitebit,BTC/USDT:USDT,118822.8,2.961,118814.2,0.007,118838.1,0.068,118838.9,0.042
1753769578271,06:12:58.271,whitebit,BTC/USDT:USDT,118822.8,2.961,118814.2,0.007,118838.1,0.084,118838.9,0.042
1753769578379,06:12:58.379,whitebit,BTC/USDT:USDT,118822.8,2.961,118814.2,0.007,118838.1,0.084,118838.9,0.042
1753769578471,06:12:58.471,whitebit,BTC/USDT:USDT,118822.8,2.961,118814.2,0.007,118838.1,0.084,118838.9,0.042
1753769578572,06:12:58.572,whitebit,BTC/USDT:USDT,118822.8,2.961,118814.2,0.007,118838.1,0.098,118838.9,0.042
1753769578681,06:12:58.681,whitebit,BTC/USDT:USDT,118822.8,2.961,118814.2,0.007,118838.1,0.034,118838.9,0.042
1753769578872,06:12:58.872,whitebit,BTC/USDT:USDT,118822.8,2.961,118814.2,0.007,118838.1,0.046,118838.9,0.042
1753769579073,06:12:59.073,whitebit,BTC/USDT:USDT,118822.8,2.959,118814.2,0.007,118838.1,0.046,118838.9,0.042
1753769579175,06:12:59.175,whitebit,BTC/USDT:USDT,118822.8,2.961,118814.2,0.007,118838.1,0.046,118838.9,0.042
1753769579379,06:12:59.379,whitebit,BTC/USDT:USDT,118822.8,2.961,118814.2,0.007,118838.1,0.046,118838.9,0.042
1753769579675,06:12:59.675,whitebit,BTC/USDT:USDT,118822.8,2.961,118814.2,0.007,118838.1,0.057,118838.9,0.042
1753769579774,06:12:59.774,whitebit,BTC/USDT:USDT,118822.8,2.961,118814.2,0.007,118838.1,0.034,118838.9,0.042
1753769579875,06:12:59.875,whitebit,BTC/USDT:USDT,118822.8,2.961,118814.2,0.007,118838.1,0.057,118838.9,0.042
1753769580075,06:13:00.075,whitebit,BTC/USDT:USDT,118822.8,2.959,118814.2,0.007,118838.1,0.057,118838.9,0.042
1753769580178,06:13:00.178,whitebit,BTC/USDT:USDT,118822.8,2.961,118814.2,0.007,118838.1,0.057,118838.9,0.042
1753769580283,06:13:00.283,whitebit,BTC/USDT:USDT,118822.8,2.961,118814.2,0.007,118838.1,0.047,118838.9,0.042
1753769580376,06:13:00.376,whitebit,BTC/USDT:USDT,118822.8,2.961,118814.2,0.023,118838.1,0.047,118838.9,0.042
1753769580674,06:13:00.674,whitebit,BTC/USDT:USDT,118822.8,2.961,118814.2,0.03,118838.1,0.047,118838.9,0.042
1753769580770,06:13:00.770,whitebit,BTC/USDT:USDT,118822.8,2.961,118814.2,0.03,118838.1,0.047,118838.9,0.042
1753769580878,06:13:00.878,whitebit,BTC/USDT:USDT,118822.8,2.385,118814.2,0.03,118822.9,0.066,118838.1,0.061
1753769581078,06:13:01.078,whitebit,BTC/USDT:USDT,118822.8,2.959,118814.2,0.03,118822.9,0.066,118838.1,0.061
1753769581175,06:13:01.175,whitebit,BTC/USDT:USDT,118822.8,2.961,118814.2,0.03,118822.9,0.066,118838.1,0.061
1753769581266,06:13:01.266,whitebit,BTC/USDT:USDT,118822.8,2.961,118814.2,0.044,118822.9,0.066,118838.1,0.061
1753769581466,06:13:01.466,whitebit,BTC/USDT:USDT,118822.8,2.961,118814.2,0.044,118822.9,0.066,118838.1,0.061
1753769581771,06:13:01.771,whitebit,BTC/USDT:USDT,118822.8,2.961,118814.2,0.044,118822.9,0.066,118838.1,0.07
1753769581871,06:13:01.871,whitebit,BTC/USDT:USDT,118822.8,2.961,118814.2,0.044,118822.9,0.066,118838.1,0.07
1753769581971,06:13:01.971,whitebit,BTC/USDT:USDT,118822.8,2.961,118814.2,0.044,118822.9,0.066,118838.1,0.07
1753769582067,06:13:02.067,whitebit,BTC/USDT:USDT,118822.8,2.961,118814.2,0.044,118838.1,0.082,118838.9,0.042
1753769582277,06:13:02.277,whitebit,BTC/USDT:USDT,118822.8,2.961,118814.2,0.014,118838.1,0.097,118838.9,0.042
1753769582374,06:13:02.374,whitebit,BTC/USDT:USDT,118822.8,2.961,118814.2,0.014,118838.1,0.097,118838.9,0.042
1753769582472,06:13:02.472,whitebit,BTC/USDT:USDT,118822.8,2.961,118814.2,0.014,118838.1,0.097,118838.9,0.042
1753769582874,06:13:02.874,whitebit,BTC/USDT:USDT,118825.0,0.576,118822.8,2.385,118838.1,0.097,118838.9,0.042
1753769582980,06:13:02.980,whitebit,BTC/USDT:USDT,118822.9,0.576,118822.8,2.385,118837.8,0.066,118838.1,0.106
1753769583072,06:13:03.072,whitebit,BTC/USDT:USDT,118822.9,0.576,118822.8,2.385,118837.8,0.066,118838.1,0.106
1753769583176,06:13:03.176,whitebit,BTC/USDT:USDT,118822.9,0.576,118822.8,2.385,118837.8,0.066,118838.1,0.106
1753769583273,06:13:03.273,whitebit,BTC/USDT:USDT,118822.9,0.576,118822.8,2.385,118837.8,0.066,118838.1,0.106
1753769583373,06:13:03.373,whitebit,BTC/USDT:USDT,118822.9,0.576,118822.8,2.385,118834.1,0.008,118838.1,0.106
1753769583466,06:13:03.466,whitebit,BTC/USDT:USDT,118822.9,0.576,118822.8,2.385,118834.1,0.008,118838.1,0.106
1753769583779,06:13:03.779,whitebit,BTC/USDT:USDT,118822.9,0.576,118822.8,2.385,118834.1,0.008,118838.1,0.106
1753769583871,06:13:03.871,whitebit,BTC/USDT:USDT,118824.9,0.409,118822.9,0.576,118834.1,0.008,118838.1,0.106
1753769583981,06:13:03.981,whitebit,BTC/USDT:USDT,118822.9,0.576,118822.8,2.385,118834.1,0.008,118838.1,0.106
1753769584068,06:13:04.068,whitebit,BTC/USDT:USDT,118822.9,0.576,118822.8,2.383,118838.1,0.086,118838.9,0.042
1753769584176,06:13:04.176,whitebit,BTC/USDT:USDT,118822.9,0.576,118822.8,2.385,118838.1,0.1,118838.9,0.042
1753769584269,06:13:04.269,whitebit,BTC/USDT:USDT,118822.9,0.576,118822.8,2.385,118838.1,0.1,118838.9,0.042
1753769584373,06:13:04.373,whitebit,BTC/USDT:USDT,118822.9,0.576,118822.8,2.385,118838.1,0.1,118838.9,0.042
1753769584467,06:13:04.467,whitebit,BTC/USDT:USDT,118822.9,0.576,118822.8,2.385,118838.1,0.1,118838.9,0.042
1753769584567,06:13:04.567,whitebit,BTC/USDT:USDT,118822.9,0.576,118822.8,2.385,118838.1,0.1,118838.9,0.042
1753769584672,06:13:04.672,whitebit,BTC/USDT:USDT,118822.9,0.576,118822.8,2.385,118838.1,0.1,118838.9,0.042
1753769584766,06:13:04.766,whitebit,BTC/USDT:USDT,118822.9,0.576,118822.8,2.385,118834.1,0.01,118838.1,0.113
1753769584879,06:13:04.879,whitebit,BTC/USDT:USDT,118822.9,0.576,118822.8,2.385,118834.1,0.01,118838.1,0.113
1753769584970,06:13:04.970,whitebit,BTC/USDT:USDT,118822.9,0.576,118822.8,2.385,118834.1,0.01,118838.1,0.113
1753769585063,06:13:05.063,whitebit,BTC/USDT:USDT,118822.9,0.576,118822.8,2.383,118834.1,0.017,118838.1,0.127
1753769585188,06:13:05.188,whitebit,BTC/USDT:USDT,118822.9,0.576,118822.8,2.385,118834.1,0.017,118838.1,0.127
1753769585269,06:13:05.269,whitebit,BTC/USDT:USDT,118822.9,0.576,118822.8,2.385,118834.1,0.017,118838.1,0.127
1753769585364,06:13:05.364,whitebit,BTC/USDT:USDT,118822.9,0.576,118822.8,2.385,118834.1,0.017,118838.1,0.127
1753769585483,06:13:05.483,whitebit,BTC/USDT:USDT,118822.9,0.576,118822.8,2.385,118834.1,0.017,118838.1,0.127
1753769585564,06:13:05.564,whitebit,BTC/USDT:USDT,118822.9,0.576,118822.8,2.385,118834.1,0.007,118838.1,0.104
1753769585768,06:13:05.768,whitebit,BTC/USDT:USDT,118822.9,0.576,118822.8,2.385,118838.1,0.104,118838.9,0.042
1753769585865,06:13:05.865,whitebit,BTC/USDT:USDT,118822.9,0.576,118822.8,2.385,118838.1,0.077,118838.9,0.042
1753769586065,06:13:06.065,whitebit,BTC/USDT:USDT,118822.9,0.576,118822.8,2.383,118838.1,0.077,118838.9,0.042
1753769586166,06:13:06.166,whitebit,BTC/USDT:USDT,118822.9,0.576,118822.8,2.385,118838.1,0.077,118838.9,0.042
1753769586262,06:13:06.262,whitebit,BTC/USDT:USDT,118822.9,0.576,118822.8,2.385,118825.1,0.081,118838.1,0.088
1753769586366,06:13:06.366,whitebit,BTC/USDT:USDT,118822.9,0.576,118822.8,2.385,118838.1,0.088,118838.9,0.042
1753769586466,06:13:06.466,whitebit,BTC/USDT:USDT,118822.9,0.576,118822.8,2.385,118838.1,0.088,118838.9,0.042
1753769586583,06:13:06.583,whitebit,BTC/USDT:USDT,118822.9,0.576,118822.8,2.385,118825.1,0.435,118838.1,0.058
1753769586686,06:13:06.686,whitebit,BTC/USDT:USDT,118822.9,0.576,118822.8,2.385,118838.1,0.058,118838.9,0.042
1753769586776,06:13:06.776,whitebit,BTC/USDT:USDT,118822.9,0.576,118822.8,2.385,118838.1,0.07,118838.9,0.042
1753769587081,06:13:07.081,whitebit,BTC/USDT:USDT,118822.9,0.576,118822.8,2.383,118834.1,0.01,118838.1,0.081
1753769587175,06:13:07.175,whitebit,BTC/USDT:USDT,118822.9,0.576,118822.8,2.385,118834.1,0.01,118838.1,0.081
1753769587268,06:13:07.268,whitebit,BTC/USDT:USDT,118822.9,0.576,118822.8,2.385,118834.1,0.019,118838.1,0.081
1753769587576,06:13:07.576,whitebit,BTC/USDT:USDT,118822.9,0.576,118822.8,2.385,118834.1,0.009,118838.1,0.048
1753769587678,06:13:07.678,whitebit,BTC/USDT:USDT,118822.9,0.576,118822.8,2.385,118834.1,0.009,118838.1,0.062
1753769587770,06:13:07.770,whitebit,BTC/USDT:USDT,118822.9,0.576,118822.8,2.385,118834.1,0.009,118838.1,0.062
1753769587877,06:13:07.877,whitebit,BTC/USDT:USDT,118822.9,0.576,118822.8,2.385,118834.1,0.009,118838.1,0.062
1753769588071,06:13:08.071,whitebit,BTC/USDT:USDT,118822.9,0.576,118822.8,2.383,118834.1,0.009,118838.1,0.062
1753769588176,06:13:08.176,whitebit,BTC/USDT:USDT,118822.9,0.576,118822.8,2.385,118834.1,0.009,118838.1,0.062
1753769588284,06:13:08.284,whitebit,BTC/USDT:USDT,118822.9,0.576,118822.8,2.385,118834.1,0.009,118838.1,0.062
1753769588572,06:13:08.572,whitebit,BTC/USDT:USDT,118822.9,0.576,118822.8,2.385,118834.1,0.009,118838.1,0.062
1753769588674,06:13:08.674,whitebit,BTC/USDT:USDT,118822.9,0.576,118822.8,2.385,118834.1,0.009,118838.1,0.062
1753769588779,06:13:08.779,whitebit,BTC/USDT:USDT,118822.9,0.576,118822.8,2.385,118834.0,0.066,118834.1,0.009
1753769588973,06:13:08.973,whitebit,BTC/USDT:USDT,118822.8,2.385,118814.2,0.031,118822.9,0.066,118834.1,0.009
1753769589073,06:13:09.073,whitebit,BTC/USDT:USDT,118822.8,2.959,118814.2,0.031,118822.9,0.066,118834.1,0.009
1753769589175,06:13:09.175,whitebit,BTC/USDT:USDT,118822.8,2.961,118814.2,0.031,118822.9,0.066,118834.1,0.009
1753769589373,06:13:09.373,whitebit,BTC/USDT:USDT,118822.8,2.961,118814.2,0.031,118822.9,0.066,118834.1,0.023
1753769589571,06:13:09.571,whitebit,BTC/USDT:USDT,118822.8,2.961,118814.2,0.031,118822.9,0.066,118834.1,0.033
1753769589865,06:13:09.865,whitebit,BTC/USDT:USDT,118822.8,2.961,118814.2,0.031,118822.9,0.066,118834.1,0.033
1753769589972,06:13:09.972,whitebit,BTC/USDT:USDT,118822.8,2.961,118814.2,0.031,118822.9,0.066,118834.1,0.033
1753769590068,06:13:10.068,whitebit,BTC/USDT:USDT,118822.8,2.959,118814.2,0.015,118822.9,0.066,118834.1,0.033
1753769590176,06:13:10.176,whitebit,BTC/USDT:USDT,118822.8,2.961,118814.2,0.015,118822.9,0.066,118834.1,0.033
1753769590267,06:13:10.267,whitebit,BTC/USDT:USDT,118822.8,2.961,118814.2,0.024,118822.9,0.066,118834.1,0.033
1753769590465,06:13:10.465,whitebit,BTC/USDT:USDT,118822.8,2.961,118814.2,0.024,118822.9,0.066,118834.1,0.033
1753769590675,06:13:10.675,whitebit,BTC/USDT:USDT,118822.8,2.961,118814.2,0.015,118822.9,0.066,118834.1,0.033
1753769590873,06:13:10.873,whitebit,BTC/USDT:USDT,118822.8,2.961,118814.2,0.015,118838.1,0.062,118838.9,0.042
1753769590978,06:13:10.978,whitebit,BTC/USDT:USDT,118822.8,2.961,118814.2,0.015,118838.1,0.062,118838.9,0.042
1753769591078,06:13:11.078,whitebit,BTC/USDT:USDT,118822.8,2.959,118814.2,0.015,118838.1,0.077,118838.9,0.042
1753769591178,06:13:11.178,whitebit,BTC/USDT:USDT,118822.8,2.961,118814.2,0.015,118834.1,0.015,118838.1,0.084
1753769591371,06:13:11.371,whitebit,BTC/USDT:USDT,118822.8,2.961,118814.2,0.008,118838.1,0.07,118838.9,0.042
1753769591469,06:13:11.469,whitebit,BTC/USDT:USDT,118822.8,2.961,118814.2,0.008,118834.1,0.013,118838.1,0.07
1753769591562,06:13:11.562,whitebit,BTC/USDT:USDT,118822.8,2.961,118814.2,0.008,118834.1,0.013,118838.1,0.07
1753769591874,06:13:11.874,whitebit,BTC/USDT:USDT,118824.9,0.303,118822.8,2.961,118834.1,0.013,118838.1,0.07
1753769591974,06:13:11.974,whitebit,BTC/USDT:USDT,118822.8,2.961,118814.2,0.012,118834.1,0.013,118838.1,0.07
1753769592077,06:13:12.077,whitebit,BTC/USDT:USDT,118822.8,2.959,118814.2,0.025,118834.1,0.013,118838.1,0.07
1753769592178,06:13:12.178,whitebit,BTC/USDT:USDT,118822.8,2.385,118814.2,0.025,118822.9,0.066,118834.1,0.013
1753769592268,06:13:12.268,whitebit,BTC/USDT:USDT,118822.8,2.961,118814.2,0.025,118822.9,0.066,118834.1,0.013
1753769592370,06:13:12.370,whitebit,BTC/USDT:USDT,118822.8,2.961,118814.2,0.025,118822.9,0.066,118834.1,0.013
1753769592577,06:13:12.577,whitebit,BTC/USDT:USDT,118822.8,2.961,118814.2,0.034,118822.9,0.066,118834.1,0.013
1753769592675,06:13:12.675,whitebit,BTC/USDT:USDT,118822.8,2.961,118814.2,0.034,118822.9,0.066,118834.1,0.021
1753769592868,06:13:12.868,whitebit,BTC/USDT:USDT,118822.8,2.961,118814.2,0.034,118822.9,0.066,118834.1,0.021
1753769593076,06:13:13.076,whitebit,BTC/USDT:USDT,118822.8,2.959,118814.2,0.034,118822.9,0.066,118834.1,0.008
1753769593175,06:13:13.175,whitebit,BTC/USDT:USDT,118822.8,2.961,118814.2,0.034,118822.9,0.066,118834.1,0.008
1753769593370,06:13:13.370,whitebit,BTC/USDT:USDT,118822.8,2.961,118814.2,0.034,118822.9,0.066,118834.1,0.008
1753769593577,06:13:13.577,whitebit,BTC/USDT:USDT,118822.8,2.961,118814.2,0.021,118822.9,0.066,118834.1,0.008
1753769593681,06:13:13.681,whitebit,BTC/USDT:USDT,118822.8,2.961,118814.2,0.021,118822.9,0.066,118834.1,0.008
1753769593778,06:13:13.778,whitebit,BTC/USDT:USDT,118822.8,2.961,118814.2,0.021,118822.9,0.066,118834.1,0.008
1753769593881,06:13:13.881,whitebit,BTC/USDT:USDT,118822.8,2.961,118814.2,0.012,118822.9,0.066,118834.1,0.016
1753769593986,06:13:13.986,whitebit,BTC/USDT:USDT,118822.8,2.961,118814.2,0.012,118822.9,0.066,118834.1,0.016
1753769594078,06:13:14.078,whitebit,BTC/USDT:USDT,118822.8,2.959,118814.2,0.012,118822.9,0.066,118834.1,0.016
1753769594175,06:13:14.175,whitebit,BTC/USDT:USDT,118822.8,2.961,118810.3,0.077,118822.9,0.066,118834.1,0.03
1753769594265,06:13:14.265,whitebit,BTC/USDT:USDT,118822.8,2.961,118814.2,0.011,118822.9,0.066,118834.1,0.03
1753769594570,06:13:14.570,whitebit,BTC/USDT:USDT,118822.8,2.961,118814.2,0.011,118822.9,0.066,118834.1,0.03
1753769594674,06:13:14.674,whitebit,BTC/USDT:USDT,118822.8,2.961,118814.2,0.023,118822.9,0.066,118834.1,0.036
1753769594873,06:13:14.873,whitebit,BTC/USDT:USDT,118822.8,2.961,118814.2,0.011,118822.9,0.066,118834.1,0.022
1753769594966,06:13:14.966,whitebit,BTC/USDT:USDT,118822.8,2.961,118814.2,0.011,118822.9,0.066,118834.1,0.022
1753769595069,06:13:15.069,whitebit,BTC/USDT:USDT,118822.8,2.959,118810.3,0.051,118822.9,0.066,118825.1,0.381
1753769595166,06:13:15.166,whitebit,BTC/USDT:USDT,118822.8,2.961,118810.3,0.062,118822.9,0.066,118834.1,0.035
1753769595364,06:13:15.364,whitebit,BTC/USDT:USDT,118822.8,2.961,118810.3,0.075,118822.9,0.066,118834.1,0.035
1753769595564,06:13:15.564,whitebit,BTC/USDT:USDT,118822.8,2.961,118814.2,0.016,118822.9,0.066,118834.1,0.035
1753769595872,06:13:15.872,whitebit,BTC/USDT:USDT,118822.8,2.961,118810.3,0.064,118822.9,0.066,118834.1,0.049
1753769595965,06:13:15.965,whitebit,BTC/USDT:USDT,118822.8,2.961,118810.3,0.064,118822.9,0.066,118834.1,0.049
1753769596065,06:13:16.065,whitebit,BTC/USDT:USDT,118822.8,2.959,118810.3,0.064,118822.9,0.066,118834.1,0.049
1753769596170,06:13:16.170,whitebit,BTC/USDT:USDT,118822.8,2.961,118810.3,0.064,118822.9,0.066,118834.1,0.049
1753769596269,06:13:16.269,whitebit,BTC/USDT:USDT,118822.8,2.961,118814.2,0.007,118822.9,0.066,118834.1,0.049
1753769596366,06:13:16.366,whitebit,BTC/USDT:USDT,118822.8,2.961,118810.3,0.061,118822.9,0.066,118834.1,0.049
1753769596474,06:13:16.474,whitebit,BTC/USDT:USDT,118822.8,2.961,118810.3,0.061,118822.9,0.066,118834.1,0.049
1753769596587,06:13:16.587,whitebit,BTC/USDT:USDT,118822.8,2.961,118810.3,0.07,118822.9,0.066,118834.1,0.036
1753769596685,06:13:16.685,whitebit,BTC/USDT:USDT,118822.8,2.961,118810.3,0.07,118822.9,0.066,118834.1,0.036
1753769596767,06:13:16.767,whitebit,BTC/USDT:USDT,118822.8,2.961,118810.3,0.07,118822.9,0.066,118834.1,0.036
1753769596870,06:13:16.870,whitebit,BTC/USDT:USDT,118822.8,2.961,118814.2,0.01,118822.9,0.066,118834.1,0.036
1753769597068,06:13:17.068,whitebit,BTC/USDT:USDT,118822.8,2.959,118814.2,0.01,118822.9,0.066,118834.1,0.036
1753769597175,06:13:17.175,whitebit,BTC/USDT:USDT,118822.8,2.961,118814.2,0.01,118822.9,0.066,118834.1,0.022
1753769597277,06:13:17.277,whitebit,BTC/USDT:USDT,118822.8,2.961,118814.2,0.01,118822.9,0.066,118834.1,0.022
1753769597369,06:13:17.369,whitebit,BTC/USDT:USDT,118822.8,2.961,118814.2,0.01,118822.9,0.066,118834.1,0.022
1753769597469,06:13:17.469,whitebit,BTC/USDT:USDT,118822.8,2.961,118814.2,0.021,118822.9,0.066,118825.1,0.394
1753769597569,06:13:17.569,whitebit,BTC/USDT:USDT,118822.8,2.961,118814.2,0.021,118822.9,0.066,118834.1,0.029
1753769597675,06:13:17.675,whitebit,BTC/USDT:USDT,118822.8,2.961,118814.2,0.021,118822.9,0.066,118834.1,0.029
1753769597773,06:13:17.773,whitebit,BTC/USDT:USDT,118822.8,2.961,118814.2,0.021,118822.9,0.066,118834.1,0.029
1753769598071,06:13:18.071,whitebit,BTC/USDT:USDT,118822.8,2.959,118814.2,0.021,118822.9,0.066,118834.1,0.029
1753769598176,06:13:18.176,whitebit,BTC/USDT:USDT,118822.8,2.961,118810.3,0.079,118822.9,0.066,118834.1,0.029
1753769598276,06:13:18.276,whitebit,BTC/USDT:USDT,118822.8,2.961,118814.2,0.009,118822.9,0.066,118834.1,0.029
1753769598379,06:13:18.379,whitebit,BTC/USDT:USDT,118822.8,2.961,118814.2,0.017,118822.9,0.066,118834.1,0.029
1753769598677,06:13:18.677,whitebit,BTC/USDT:USDT,118822.8,2.961,118810.3,0.051,118822.9,0.066,118834.1,0.036
1753769598781,06:13:18.781,whitebit,BTC/USDT:USDT,118822.8,2.961,118810.3,0.051,118822.9,0.066,118834.1,0.036
1753769598877,06:13:18.877,whitebit,BTC/USDT:USDT,118822.8,2.961,118810.3,0.061,118822.9,0.066,118834.1,0.036
1753769598968,06:13:18.968,whitebit,BTC/USDT:USDT,118822.8,2.961,118810.3,0.061,118822.9,0.066,118834.1,0.036
1753769599073,06:13:19.073,whitebit,BTC/USDT:USDT,118822.8,2.959,118814.2,0.007,118822.9,0.066,118834.1,0.036
1753769599175,06:13:19.175,whitebit,BTC/USDT:USDT,118822.8,2.961,118814.2,0.007,118822.9,0.066,118834.1,0.044
1753769599267,06:13:19.267,whitebit,BTC/USDT:USDT,118822.8,2.961,118814.2,0.007,118822.9,0.066,118834.1,0.044
1753769599574,06:13:19.574,whitebit,BTC/USDT:USDT,118822.8,2.961,118814.2,0.007,118822.9,0.066,118834.1,0.044
1753769599669,06:13:19.669,whitebit,BTC/USDT:USDT,118822.8,2.961,118814.2,0.007,118822.9,0.066,118834.1,0.057
1753769599867,06:13:19.867,whitebit,BTC/USDT:USDT,118822.8,2.961,118814.2,0.007,118822.9,0.066,118834.1,0.057
1753769600267,06:13:20.267,whitebit,BTC/USDT:USDT,118822.8,2.961,118810.3,0.074,118822.9,0.066,118834.1,0.057
1753769600376,06:13:20.376,whitebit,BTC/USDT:USDT,118822.8,2.961,118810.3,0.074,118822.9,0.066,118834.1,0.057
1753769600469,06:13:20.469,whitebit,BTC/USDT:USDT,118822.8,2.961,118810.3,0.074,118822.9,0.066,118834.1,0.022
1753769600676,06:13:20.676,whitebit,BTC/USDT:USDT,118822.8,2.961,118810.3,0.074,118822.9,0.066,118834.1,0.029
1753769600775,06:13:20.775,whitebit,BTC/USDT:USDT,118822.8,2.961,118810.3,0.074,118822.9,0.066,118834.1,0.029
1753769600876,06:13:20.876,whitebit,BTC/USDT:USDT,118822.8,2.961,118814.2,0.006,118822.9,0.066,118834.1,0.029
1753769601070,06:13:21.070,whitebit,BTC/USDT:USDT,118822.8,2.959,118814.2,0.006,118822.9,0.066,118834.1,0.029
1753769601176,06:13:21.176,whitebit,BTC/USDT:USDT,118822.8,2.959,118814.2,0.006,118822.9,0.066,118834.1,0.029
1753769601377,06:13:21.377,whitebit,BTC/USDT:USDT,118822.8,2.959,118810.3,0.06,118822.9,0.066,118834.1,0.029
1753769601577,06:13:21.577,whitebit,BTC/USDT:USDT,118822.8,2.959,118810.3,0.067,118822.9,0.066,118834.1,0.029
1753769601981,06:13:21.981,whitebit,BTC/USDT:USDT,118822.8,2.959,118810.3,0.067,118822.9,0.066,118834.1,0.041
1753769602280,06:13:22.280,whitebit,BTC/USDT:USDT,118822.8,2.959,118810.3,0.067,118822.9,0.066,118834.1,0.041
1753769602471,06:13:22.471,whitebit,BTC/USDT:USDT,118822.8,2.959,118810.3,0.058,118822.9,0.066,118834.1,0.041
1753769602582,06:13:22.582,whitebit,BTC/USDT:USDT,118822.8,2.959,118810.3,0.058,118822.9,0.066,118834.1,0.041
1753769602675,06:13:22.675,whitebit,BTC/USDT:USDT,118822.8,2.959,118810.3,0.058,118822.9,0.066,118834.1,0.041
1753769602980,06:13:22.980,whitebit,BTC/USDT:USDT,118822.8,2.959,118810.3,0.065,118822.9,0.066,118834.1,0.029
1753769603075,06:13:23.075,whitebit,BTC/USDT:USDT,118822.8,2.959,118810.3,0.065,118822.9,0.066,118834.1,0.029
1753769603181,06:13:23.181,whitebit,BTC/USDT:USDT,118822.8,2.959,118810.3,0.051,118822.9,0.066,118834.1,0.029
1753769603275,06:13:23.275,whitebit,BTC/USDT:USDT,118822.8,2.959,118810.3,0.051,118822.9,0.066,118834.1,0.029
1753769603479,06:13:23.479,whitebit,BTC/USDT:USDT,118822.8,2.959,118810.3,0.043,118822.9,0.066,118834.1,0.029
1753769603575,06:13:23.575,whitebit,BTC/USDT:USDT,118822.8,2.959,118810.3,0.05,118822.9,0.066,118834.1,0.029
1753769603767,06:13:23.767,whitebit,BTC/USDT:USDT,118822.8,2.959,118810.3,0.034,118822.9,0.066,118834.1,0.044
1753769603870,06:13:23.870,whitebit,BTC/USDT:USDT,118822.8,2.959,118810.3,0.034,118822.9,0.066,118834.1,0.044
1753769603982,06:13:23.982,whitebit,BTC/USDT:USDT,118822.8,2.959,118810.3,0.034,118822.9,0.066,118834.1,0.029
1753769604067,06:13:24.067,whitebit,BTC/USDT:USDT,118822.8,2.959,118810.3,0.034,118822.9,0.066,118834.1,0.029
1753769604184,06:13:24.184,whitebit,BTC/USDT:USDT,118822.8,2.961,118810.3,0.044,118822.9,0.066,118834.1,0.029
1753769604270,06:13:24.270,whitebit,BTC/USDT:USDT,118822.8,2.961,118810.3,0.059,118822.9,0.066,118834.1,0.029
1753769604469,06:13:24.469,whitebit,BTC/USDT:USDT,118822.8,2.961,118810.3,0.059,118822.9,0.066,118834.1,0.04
1753769604568,06:13:24.568,whitebit,BTC/USDT:USDT,118822.8,2.961,118810.3,0.066,118822.9,0.066,118834.1,0.04
1753769604768,06:13:24.768,whitebit,BTC/USDT:USDT,118822.8,2.961,118810.3,0.066,118822.9,0.066,118834.1,0.04
1753769604871,06:13:24.871,whitebit,BTC/USDT:USDT,118822.8,2.961,118810.3,0.066,118822.9,0.066,118834.1,0.04
1753769604963,06:13:24.963,whitebit,BTC/USDT:USDT,118822.8,2.961,118810.3,0.066,118822.9,0.066,118834.1,0.04
1753769605074,06:13:25.074,whitebit,BTC/USDT:USDT,118822.8,2.959,118810.3,0.072,118822.9,0.066,118834.1,0.04
1753769605181,06:13:25.181,whitebit,BTC/USDT:USDT,118822.8,2.961,118810.3,0.072,118822.9,0.066,118834.1,0.04
1753769605478,06:13:25.478,whitebit,BTC/USDT:USDT,118822.8,2.961,118810.3,0.072,118822.9,0.066,118834.1,0.054
1753769605685,06:13:25.685,whitebit,BTC/USDT:USDT,118822.8,2.961,118810.3,0.072,118822.9,0.066,118834.1,0.054
1753769605777,06:13:25.777,whitebit,BTC/USDT:USDT,118822.8,2.961,118810.3,0.082,118822.9,0.066,118834.1,0.054
1753769605980,06:13:25.980,whitebit,BTC/USDT:USDT,118822.8,2.961,118810.3,0.082,118822.9,0.066,118834.1,0.054
1753769606066,06:13:26.066,whitebit,BTC/USDT:USDT,118822.8,2.959,118814.2,0.013,118822.9,0.066,118834.1,0.054
1753769606174,06:13:26.174,whitebit,BTC/USDT:USDT,118822.8,2.961,118814.2,0.013,118822.9,0.066,118834.1,0.054
1753769606273,06:13:26.273,whitebit,BTC/USDT:USDT,118822.8,2.961,118814.2,0.013,118822.9,0.066,118834.1,0.064
1753769606377,06:13:26.377,whitebit,BTC/USDT:USDT,118822.8,2.961,118814.2,0.013,118822.9,0.066,118834.1,0.064
1753769606485,06:13:26.485,whitebit,BTC/USDT:USDT,118822.8,2.961,118814.2,0.018,118822.9,0.066,118834.1,0.064
1753769606572,06:13:26.572,whitebit,BTC/USDT:USDT,118822.8,2.961,118814.2,0.013,118822.9,0.066,118834.1,0.064
1753769606773,06:13:26.773,whitebit,BTC/USDT:USDT,118822.8,2.961,118810.3,0.067,118822.9,0.066,118834.1,0.029
1753769606981,06:13:26.981,whitebit,BTC/USDT:USDT,118822.8,2.961,118810.3,0.067,118822.9,0.066,118834.1,0.029
1753769607074,06:13:27.074,whitebit,BTC/USDT:USDT,118822.8,2.961,118810.3,0.083,118822.9,0.066,118834.1,0.029
1753769607171,06:13:27.171,whitebit,BTC/USDT:USDT,118822.8,2.961,118810.3,0.083,118822.9,0.066,118834.1,0.038
1753769607269,06:13:27.269,whitebit,BTC/USDT:USDT,118822.8,2.961,118810.3,0.083,118822.9,0.066,118834.1,0.029
1753769607375,06:13:27.375,whitebit,BTC/USDT:USDT,118822.8,2.961,118810.3,0.083,118822.9,0.066,118834.1,0.029
1753769607484,06:13:27.484,whitebit,BTC/USDT:USDT,118822.8,2.961,118810.3,0.083,118822.9,0.066,118834.1,0.022
1753769607576,06:13:27.576,whitebit,BTC/USDT:USDT,118822.8,2.961,118810.3,0.083,118822.9,0.066,118834.1,0.022
1753769607676,06:13:27.676,whitebit,BTC/USDT:USDT,118822.8,2.961,118810.3,0.083,118822.9,0.066,118834.1,0.022
1753769607770,06:13:27.770,whitebit,BTC/USDT:USDT,118822.8,2.961,118810.3,0.083,118822.9,0.066,118834.1,0.034
1753769607870,06:13:27.870,whitebit,BTC/USDT:USDT,118822.8,2.961,118810.3,0.083,118822.9,0.066,118834.1,0.034
1753769608071,06:13:28.071,whitebit,BTC/USDT:USDT,118822.8,2.959,118810.3,0.083,118822.9,0.066,118834.1,0.034
1753769608178,06:13:28.178,whitebit,BTC/USDT:USDT,118822.8,2.961,118810.3,0.083,118822.9,0.066,118834.1,0.034
1753769608271,06:13:28.271,whitebit,BTC/USDT:USDT,118822.8,2.961,118810.3,0.059,118822.9,0.066,118834.1,0.034
1753769608372,06:13:28.372,whitebit,BTC/USDT:USDT,118822.8,2.961,118810.3,0.059,118822.9,0.066,118834.1,0.034
1753769608483,06:13:28.483,whitebit,BTC/USDT:USDT,118822.8,2.961,118810.3,0.059,118822.9,0.066,118834.1,0.034
1753769608572,06:13:28.572,whitebit,BTC/USDT:USDT,118822.8,2.961,118810.3,0.059,118822.9,0.066,118834.1,0.043
1753769608772,06:13:28.772,whitebit,BTC/USDT:USDT,118822.8,2.961,118810.3,0.076,118822.9,0.066,118834.1,0.043
1753769609064,06:13:29.064,whitebit,BTC/USDT:USDT,118822.8,2.959,118810.3,0.054,118822.9,0.066,118834.1,0.022
1753769609176,06:13:29.176,whitebit,BTC/USDT:USDT,118822.8,2.959,118816.0,0.002,118822.9,0.066,118834.1,0.022
1753769609267,06:13:29.267,whitebit,BTC/USDT:USDT,118822.8,2.959,118816.0,0.002,118822.9,0.066,118834.1,0.034
1753769609574,06:13:29.574,whitebit,BTC/USDT:USDT,118822.8,2.959,118816.0,0.002,118822.9,0.066,118834.1,0.034
1753769609673,06:13:29.673,whitebit,BTC/USDT:USDT,118822.8,2.959,118816.0,0.002,118822.9,0.066,118834.1,0.034
1753769609867,06:13:29.867,whitebit,BTC/USDT:USDT,118822.8,2.959,118816.0,0.002,118822.9,0.066,118834.1,0.04
1753769610069,06:13:30.069,whitebit,BTC/USDT:USDT,118822.8,2.959,118810.3,0.054,118822.9,0.066,118834.1,0.04
1753769610174,06:13:30.174,whitebit,BTC/USDT:USDT,118822.8,2.959,118810.3,0.054,118822.9,0.066,118834.1,0.04
1753769610470,06:13:30.470,whitebit,BTC/USDT:USDT,118822.8,2.959,118810.3,0.054,118822.9,0.066,118834.1,0.04
1753769610573,06:13:30.573,whitebit,BTC/USDT:USDT,118822.8,2.959,118810.3,0.069,118822.9,0.066,118834.1,0.046
1753769610777,06:13:30.777,whitebit,BTC/USDT:USDT,118822.8,2.959,118814.2,0.008,118822.9,0.066,118834.1,0.046
1753769610878,06:13:30.878,whitebit,BTC/USDT:USDT,118822.8,2.959,118814.2,0.008,118822.9,0.066,118834.1,0.046
1753769610981,06:13:30.981,whitebit,BTC/USDT:USDT,118822.8,2.959,118814.2,0.008,118822.9,0.066,118834.1,0.046
1753769611077,06:13:31.077,whitebit,BTC/USDT:USDT,118822.8,2.959,118814.2,0.02,118822.9,0.066,118834.1,0.022
1753769611178,06:13:31.178,whitebit,BTC/USDT:USDT,118822.8,2.961,118814.2,0.02,118822.9,0.066,118834.1,0.022
1753769611379,06:13:31.379,whitebit,BTC/USDT:USDT,118822.8,2.961,118814.2,0.02,118822.9,0.066,118834.1,0.022
1753769611465,06:13:31.465,whitebit,BTC/USDT:USDT,118822.8,2.961,118814.2,0.02,118822.9,0.066,118834.1,0.03
1753769611770,06:13:31.770,whitebit,BTC/USDT:USDT,118822.8,2.961,118814.2,0.02,118822.9,0.066,118834.1,0.03
1753769611876,06:13:31.876,whitebit,BTC/USDT:USDT,118822.8,2.961,118814.2,0.008,118822.9,0.066,118834.1,0.03
1753769611965,06:13:31.965,whitebit,BTC/USDT:USDT,118822.8,2.961,118814.2,0.008,118822.9,0.066,118834.1,0.038
1753769612064,06:13:32.064,whitebit,BTC/USDT:USDT,118822.8,2.959,118814.2,0.008,118822.9,0.066,118834.1,0.038
1753769612164,06:13:32.164,whitebit,BTC/USDT:USDT,118822.8,2.959,118821.0,0.002,118822.9,0.066,118834.1,0.038
1753769612261,06:13:32.261,whitebit,BTC/USDT:USDT,118822.8,2.959,118821.0,0.002,118822.9,0.066,118834.1,0.051
1753769612382,06:13:32.382,whitebit,BTC/USDT:USDT,118822.8,2.959,118821.0,0.002,118822.9,0.066,118834.1,0.051
1753769612461,06:13:32.461,whitebit,BTC/USDT:USDT,118822.8,2.959,118821.0,0.002,118822.9,0.066,118834.1,0.051
1753769612557,06:13:32.557,whitebit,BTC/USDT:USDT,118822.8,2.959,118821.0,0.002,118822.9,0.066,118834.1,0.066
1753769612663,06:13:32.663,whitebit,BTC/USDT:USDT,118822.8,2.959,118821.0,0.002,118822.9,0.066,118834.1,0.066
1753769612764,06:13:32.764,whitebit,BTC/USDT:USDT,118822.8,2.959,118821.0,0.002,118822.9,0.066,118834.1,0.066
1753769612867,06:13:32.867,whitebit,BTC/USDT:USDT,118822.8,2.959,118821.0,0.002,118822.9,0.066,118834.1,0.066
1753769612983,06:13:32.983,whitebit,BTC/USDT:USDT,118822.8,2.959,118821.0,0.002,118822.9,0.066,118834.1,0.066
1753769613058,06:13:33.058,whitebit,BTC/USDT:USDT,118822.8,2.959,118814.2,0.008,118822.9,0.066,118834.1,0.066
1753769613183,06:13:33.183,whitebit,BTC/USDT:USDT,118822.8,2.959,118814.2,0.008,118822.9,0.066,118834.1,0.066
1753769613287,06:13:33.287,whitebit,BTC/USDT:USDT,118822.8,0.597,118821.0,2.361,118822.9,0.066,118834.1,0.066
1753769613368,06:13:33.368,whitebit,BTC/USDT:USDT,118822.8,0.597,118821.0,2.361,118822.9,0.066,118834.1,0.066
1753769613860,06:13:33.860,whitebit,BTC/USDT:USDT,118822.8,0.597,118821.0,2.361,118822.9,0.066,118834.1,0.045
1753769614078,06:13:34.078,whitebit,BTC/USDT:USDT,118822.8,0.597,118821.0,2.361,118822.9,0.066,118834.1,0.045
1753769614174,06:13:34.174,whitebit,BTC/USDT:USDT,118822.8,0.597,118821.0,2.361,118822.9,0.066,118834.1,0.052
1753769614272,06:13:34.272,whitebit,BTC/USDT:USDT,118822.8,0.597,118821.0,2.361,118822.9,0.066,118834.1,0.052
1753769614389,06:13:34.389,whitebit,BTC/USDT:USDT,118822.8,0.597,118821.0,2.361,118822.9,0.066,118834.1,0.052
1753769614470,06:13:34.470,whitebit,BTC/USDT:USDT,118822.8,0.021,118821.0,2.361,118822.9,0.066,118834.1,0.052
1753769614567,06:13:34.567,whitebit,BTC/USDT:USDT,118822.8,0.021,118812.3,2.361,118822.9,0.066,118834.1,0.052
1753769614665,06:13:34.665,whitebit,BTC/USDT:USDT,118812.3,2.361,118807.3,0.042,118812.4,0.066,118822.9,0.066
1753769614788,06:13:34.788,whitebit,BTC/USDT:USDT,118812.3,2.937,118807.3,0.042,118812.4,0.066,118834.1,0.072
1753769614867,06:13:34.867,whitebit,BTC/USDT:USDT,118812.3,2.937,118807.3,0.042,118812.4,0.066,118834.1,0.072
1753769614973,06:13:34.973,whitebit,BTC/USDT:USDT,118812.3,2.937,118807.3,0.042,118812.4,0.066,118834.1,0.108
1753769615067,06:13:35.067,whitebit,BTC/USDT:USDT,118812.3,2.937,118807.3,0.042,118812.4,0.066,118814.9,0.013
1753769615172,06:13:35.172,whitebit,BTC/USDT:USDT,118812.3,2.937,118807.3,0.042,118812.4,0.068,118830.2,0.039
1753769615269,06:13:35.269,whitebit,BTC/USDT:USDT,118812.3,2.937,118807.3,0.042,118812.4,0.068,118830.2,0.039
1753769615364,06:13:35.364,whitebit,BTC/USDT:USDT,118812.3,2.937,118807.3,0.042,118812.4,0.068,118830.2,0.053
1753769615468,06:13:35.468,whitebit,BTC/USDT:USDT,118812.3,2.937,118807.3,0.042,118812.4,0.068,118830.2,0.053
1753769615565,06:13:35.565,whitebit,BTC/USDT:USDT,118812.3,2.937,118807.3,0.042,118812.4,0.068,118830.2,0.053
1753769615665,06:13:35.665,whitebit,BTC/USDT:USDT,118812.3,2.937,118807.3,0.042,118812.4,0.068,118830.2,0.068
1753769615768,06:13:35.768,whitebit,BTC/USDT:USDT,118812.3,2.937,118807.3,0.042,118812.4,0.068,118830.2,0.068
1753769615869,06:13:35.869,whitebit,BTC/USDT:USDT,118812.3,2.937,118807.3,0.042,118812.4,0.068,118830.2,0.068
1753769616065,06:13:36.065,whitebit,BTC/USDT:USDT,118812.3,2.937,118807.3,0.042,118812.4,0.068,118830.2,0.068
1753769616178,06:13:36.178,whitebit,BTC/USDT:USDT,118812.3,2.937,118807.3,0.042,118812.4,0.068,118830.2,0.068
1753769616367,06:13:36.367,whitebit,BTC/USDT:USDT,118812.3,2.937,118807.3,0.042,118812.4,0.068,118830.2,0.079
1753769616672,06:13:36.672,whitebit,BTC/USDT:USDT,118812.3,2.937,118807.3,0.042,118812.4,0.068,118830.2,0.079
1753769617068,06:13:37.068,whitebit,BTC/USDT:USDT,118812.3,2.937,118807.3,0.042,118812.4,0.068,118830.2,0.079
1753769617180,06:13:37.180,whitebit,BTC/USDT:USDT,118812.3,2.937,118807.3,0.042,118812.4,0.068,118830.2,0.079
1753769617866,06:13:37.866,whitebit,BTC/USDT:USDT,118812.3,2.937,118807.3,0.042,118812.4,0.068,118830.2,0.089
1753769618070,06:13:38.070,whitebit,BTC/USDT:USDT,118812.3,2.937,118807.3,0.042,118812.4,0.068,118830.2,0.089
1753769618175,06:13:38.175,whitebit,BTC/USDT:USDT,118812.3,2.937,118807.3,0.042,118812.4,0.068,118830.2,0.063
1753769618271,06:13:38.271,whitebit,BTC/USDT:USDT,118812.3,2.937,118807.3,0.042,118812.4,0.068,118830.2,0.071
1753769618369,06:13:38.369,whitebit,BTC/USDT:USDT,118812.3,2.937,118807.3,0.042,118812.4,0.068,118830.2,0.071
1753769618564,06:13:38.564,whitebit,BTC/USDT:USDT,118812.3,2.937,118807.3,0.042,118812.4,0.068,118830.2,0.071
1753769618675,06:13:38.675,whitebit,BTC/USDT:USDT,118812.3,2.937,118807.3,0.042,118812.4,0.068,118830.2,0.071
1753769618973,06:13:38.973,whitebit,BTC/USDT:USDT,118812.3,2.937,118807.3,0.042,118812.4,0.068,118830.2,0.071
1753769619073,06:13:39.073,whitebit,BTC/USDT:USDT,118812.3,2.937,118807.3,0.042,118812.4,0.068,118830.2,0.071
1753769619171,06:13:39.171,whitebit,BTC/USDT:USDT,118812.3,2.937,118807.3,0.042,118812.4,0.068,118830.2,0.071
1753769619371,06:13:39.371,whitebit,BTC/USDT:USDT,118812.3,2.937,118807.3,0.042,118812.4,0.068,118830.2,0.071
1753769619465,06:13:39.465,whitebit,BTC/USDT:USDT,118812.3,2.937,118807.3,0.042,118812.4,0.068,118830.2,0.061
1753769619566,06:13:39.566,whitebit,BTC/USDT:USDT,118812.3,2.937,118807.3,0.042,118812.4,0.068,118830.2,0.061
1753769619669,06:13:39.669,whitebit,BTC/USDT:USDT,118812.3,2.937,118807.3,0.042,118812.4,0.068,118830.2,0.061
1753769619775,06:13:39.775,whitebit,BTC/USDT:USDT,118812.3,2.937,118807.3,0.042,118812.4,0.068,118830.2,0.061
1753769619864,06:13:39.864,whitebit,BTC/USDT:USDT,118812.3,2.937,118807.3,0.042,118812.4,0.068,118830.2,0.061
1753769619969,06:13:39.969,whitebit,BTC/USDT:USDT,118812.3,2.937,118807.3,0.042,118812.4,0.068,118830.2,0.061
1753769620173,06:13:40.173,whitebit,BTC/USDT:USDT,118812.3,2.937,118807.3,0.042,118812.4,0.068,118830.2,0.074
1753769620268,06:13:40.268,whitebit,BTC/USDT:USDT,118812.3,2.937,118807.3,0.042,118812.4,0.068,118830.2,0.074
1753769620577,06:13:40.577,whitebit,BTC/USDT:USDT,118812.3,2.937,118807.3,0.042,118812.4,0.068,118830.2,0.074
1753769620670,06:13:40.670,whitebit,BTC/USDT:USDT,118812.3,2.937,118807.3,0.042,118812.4,0.068,118830.2,0.074
1753769620966,06:13:40.966,whitebit,BTC/USDT:USDT,118812.3,2.937,118807.3,0.042,118812.4,0.068,118830.2,0.084
1753769621176,06:13:41.176,whitebit,BTC/USDT:USDT,118812.3,2.937,118807.3,0.042,118812.4,0.066,118830.2,0.084
1753769621368,06:13:41.368,whitebit,BTC/USDT:USDT,118812.3,2.937,118807.3,0.042,118812.4,0.066,118830.2,0.084
1753769621464,06:13:41.464,whitebit,BTC/USDT:USDT,118812.3,2.937,118807.3,0.042,118812.4,0.066,118830.2,0.084
1753769621672,06:13:41.672,whitebit,BTC/USDT:USDT,118812.3,2.937,118807.3,0.042,118812.4,0.066,118830.2,0.084
1753769621766,06:13:41.766,whitebit,BTC/USDT:USDT,118812.3,2.937,118807.3,0.042,118812.4,0.066,118830.2,0.084
1753769622174,06:13:42.174,whitebit,BTC/USDT:USDT,118812.3,2.937,118807.3,0.042,118812.4,0.066,118830.0,0.002
1753769622266,06:13:42.266,whitebit,BTC/USDT:USDT,118812.3,2.937,118807.3,0.042,118812.4,0.066,118830.0,0.002
1753769622468,06:13:42.468,whitebit,BTC/USDT:USDT,118812.3,2.937,118807.3,0.042,118812.4,0.066,118830.0,0.002
1753769622670,06:13:42.670,whitebit,BTC/USDT:USDT,118812.3,2.937,118807.3,0.042,118812.4,0.066,118826.2,0.012
1753769622767,06:13:42.767,whitebit,BTC/USDT:USDT,118812.3,2.937,118807.3,0.042,118812.4,0.066,118826.2,0.012
1753769622963,06:13:42.963,whitebit,BTC/USDT:USDT,118812.3,2.937,118807.3,0.042,118812.4,0.066,118826.2,0.012
1753769623066,06:13:43.066,whitebit,BTC/USDT:USDT,118812.3,2.937,118807.3,0.042,118812.4,0.066,118826.2,0.012
1753769623166,06:13:43.166,whitebit,BTC/USDT:USDT,118812.3,2.937,118807.3,0.042,118812.4,0.066,118815.0,0.002
1753769623263,06:13:43.263,whitebit,BTC/USDT:USDT,118812.3,2.937,118807.3,0.042,118812.4,0.066,118815.0,0.002
1753769623359,06:13:43.359,whitebit,BTC/USDT:USDT,118812.3,2.937,118807.3,0.042,118812.4,0.066,118815.0,0.002
1753769623465,06:13:43.465,whitebit,BTC/USDT:USDT,118812.3,2.937,118807.3,0.042,118812.4,0.066,118815.0,0.002
1753769623560,06:13:43.560,whitebit,BTC/USDT:USDT,118812.3,2.937,118807.3,0.042,118812.4,0.066,118815.0,0.002
1753769623660,06:13:43.660,whitebit,BTC/USDT:USDT,118812.3,2.937,118807.3,0.042,118812.4,0.066,118815.0,0.002
1753769623766,06:13:43.766,whitebit,BTC/USDT:USDT,118812.3,2.937,118807.3,0.042,118812.4,0.066,118815.0,0.002
1753769623961,06:13:43.961,whitebit,BTC/USDT:USDT,118812.3,2.937,118807.3,0.042,118812.4,0.066,118815.0,0.002
1753769624168,06:13:44.168,whitebit,BTC/USDT:USDT,118812.3,2.937,118807.3,0.042,118812.4,0.066,118826.2,0.019
1753769624287,06:13:44.287,whitebit,BTC/USDT:USDT,118812.3,2.937,118807.3,0.042,118812.4,0.066,118830.2,0.088
1753769624362,06:13:44.362,whitebit,BTC/USDT:USDT,118812.3,2.937,118807.3,0.042,118812.4,0.066,118830.2,0.088
1753769624462,06:13:44.462,whitebit,BTC/USDT:USDT,118812.3,2.937,118807.3,0.042,118812.4,0.066,118826.2,0.01
1753769624670,06:13:44.670,whitebit,BTC/USDT:USDT,118812.3,2.937,118807.3,0.042,118812.4,0.066,118826.2,0.01
1753769625063,06:13:45.063,whitebit,BTC/USDT:USDT,118812.3,2.937,118807.3,0.042,118812.4,0.066,118826.2,0.01
1753769625171,06:13:45.171,whitebit,BTC/USDT:USDT,118812.3,2.937,118807.3,0.042,118812.4,0.066,118830.2,0.088
1753769625270,06:13:45.270,whitebit,BTC/USDT:USDT,118812.3,2.937,118807.3,0.042,118812.4,0.066,118830.2,0.07
1753769625364,06:13:45.364,whitebit,BTC/USDT:USDT,118812.3,2.937,118807.3,0.042,118812.4,0.066,118830.2,0.07
1753769625473,06:13:45.473,whitebit,BTC/USDT:USDT,118812.3,2.937,118807.3,0.042,118812.4,0.066,118830.2,0.07
1753769625570,06:13:45.570,whitebit,BTC/USDT:USDT,118812.3,2.937,118807.3,0.042,118812.4,0.066,118830.2,0.07
1753769625665,06:13:45.665,whitebit,BTC/USDT:USDT,118812.3,2.937,118807.3,0.042,118812.4,0.066,118830.2,0.07
1753769625765,06:13:45.765,whitebit,BTC/USDT:USDT,118812.3,2.937,118807.3,0.042,118812.4,0.066,118830.2,0.07
1753769625865,06:13:45.865,whitebit,BTC/USDT:USDT,118812.3,2.937,118807.3,0.042,118812.4,0.066,118830.2,0.08
1753769625965,06:13:45.965,whitebit,BTC/USDT:USDT,118812.3,2.937,118807.3,0.042,118812.4,0.066,118830.2,0.08
1753769626066,06:13:46.066,whitebit,BTC/USDT:USDT,118812.3,2.937,118807.3,0.042,118812.4,0.066,118826.2,0.011
1753769626172,06:13:46.172,whitebit,BTC/USDT:USDT,118812.3,2.937,118807.3,0.042,118812.4,0.066,118826.2,0.011
1753769626269,06:13:46.269,whitebit,BTC/USDT:USDT,118812.3,2.937,118807.3,0.042,118812.4,0.066,118826.2,0.011
1753769626380,06:13:46.380,whitebit,BTC/USDT:USDT,118812.3,2.937,118807.3,0.042,118812.4,0.066,118826.2,0.011
1753769626457,06:13:46.457,whitebit,BTC/USDT:USDT,118812.3,2.937,118807.3,0.042,118812.4,0.066,118826.2,0.011
1753769626567,06:13:46.567,whitebit,BTC/USDT:USDT,118812.3,2.937,118807.3,0.042,118812.4,0.066,118826.2,0.011
1753769626768,06:13:46.768,whitebit,BTC/USDT:USDT,118812.3,2.937,118807.3,0.042,118812.4,0.066,118826.2,0.011
1753769626866,06:13:46.866,whitebit,BTC/USDT:USDT,118812.3,2.937,118807.3,0.042,118812.4,0.066,118826.2,0.011
1753769626977,06:13:46.977,whitebit,BTC/USDT:USDT,118812.3,2.937,118807.3,0.042,118812.4,0.066,118830.2,0.047
1753769627172,06:13:47.172,whitebit,BTC/USDT:USDT,118812.3,2.937,118807.3,0.042,118812.4,0.066,118830.2,0.047
1753769627269,06:13:47.269,whitebit,BTC/USDT:USDT,118812.3,2.937,118807.3,0.042,118812.4,0.066,118830.2,0.067
1753769627467,06:13:47.467,whitebit,BTC/USDT:USDT,118812.3,2.937,118807.3,0.042,118812.4,0.066,118830.2,0.067
1753769627570,06:13:47.570,whitebit,BTC/USDT:USDT,118812.3,2.937,118807.3,0.042,118812.4,0.066,118830.2,0.067
1753769627672,06:13:47.672,whitebit,BTC/USDT:USDT,118812.3,2.937,118807.3,0.042,118812.4,0.066,118830.2,0.067
1753769627770,06:13:47.770,whitebit,BTC/USDT:USDT,118812.3,2.937,118807.3,0.042,118812.4,0.066,118830.2,0.067
1753769627871,06:13:47.871,whitebit,BTC/USDT:USDT,118812.3,2.937,118807.3,0.042,118812.4,0.066,118830.2,0.067
1753769627971,06:13:47.971,whitebit,BTC/USDT:USDT,118812.3,2.937,118807.3,0.042,118812.4,0.066,118830.2,0.067
1753769628065,06:13:48.065,whitebit,BTC/USDT:USDT,118812.3,2.937,118807.3,0.042,118812.4,0.066,118830.2,0.072
1753769628175,06:13:48.175,whitebit,BTC/USDT:USDT,118812.3,2.937,118807.3,0.042,118812.4,0.066,118830.2,0.072
1753769628265,06:13:48.265,whitebit,BTC/USDT:USDT,118812.3,2.937,118807.3,0.042,118812.4,0.066,118830.2,0.072
1753769628372,06:13:48.372,whitebit,BTC/USDT:USDT,118812.3,2.937,118807.3,0.042,118812.4,0.066,118830.2,0.072
1753769628472,06:13:48.472,whitebit,BTC/USDT:USDT,118812.3,2.937,118807.3,0.042,118812.4,0.066,118830.2,0.072
1753769629172,06:13:49.172,whitebit,BTC/USDT:USDT,118812.3,2.937,118807.3,0.042,118812.4,0.066,118830.2,0.072
1753769629270,06:13:49.270,whitebit,BTC/USDT:USDT,118812.3,2.937,118807.3,0.042,118812.4,0.066,118830.2,0.072
1753769629559,06:13:49.559,whitebit,BTC/USDT:USDT,118812.3,2.937,118807.3,0.042,118812.4,0.066,118830.2,0.072
1753769629768,06:13:49.768,whitebit,BTC/USDT:USDT,118812.3,2.937,118807.3,0.042,118812.4,0.066,118830.2,0.072
1753769629875,06:13:49.875,whitebit,BTC/USDT:USDT,118812.3,2.937,118807.3,0.042,118812.4,0.066,118830.2,0.072
1753769630076,06:13:50.076,whitebit,BTC/USDT:USDT,118812.3,2.937,118807.3,0.042,118812.4,0.066,118826.2,0.011
1753769630169,06:13:50.169,whitebit,BTC/USDT:USDT,118812.3,2.937,118807.3,0.042,118812.4,0.066,118826.2,0.011
1753769630270,06:13:50.270,whitebit,BTC/USDT:USDT,118812.3,2.937,118807.3,0.042,118812.4,0.066,118826.2,0.011
1753769630373,06:13:50.373,whitebit,BTC/USDT:USDT,118812.3,2.937,118807.3,0.042,118812.4,0.066,118826.2,0.011
1753769630574,06:13:50.574,whitebit,BTC/USDT:USDT,118812.3,2.937,118807.3,0.042,118812.4,0.066,118830.2,0.07
1753769630671,06:13:50.671,whitebit,BTC/USDT:USDT,118812.3,2.937,118807.3,0.042,118812.4,0.066,118830.2,0.07
1753769630768,06:13:50.768,whitebit,BTC/USDT:USDT,118812.3,2.937,118807.3,0.042,118812.4,0.066,118830.2,0.07
1753769630870,06:13:50.870,whitebit,BTC/USDT:USDT,118812.3,2.937,118807.3,0.042,118812.4,0.066,118830.2,0.07
1753769630966,06:13:50.966,whitebit,BTC/USDT:USDT,118812.3,2.937,118807.3,0.042,118812.4,0.066,118830.2,0.07
1753769631074,06:13:51.074,whitebit,BTC/USDT:USDT,118812.3,2.937,118807.3,0.042,118812.4,0.066,118830.2,0.07
1753769631174,06:13:51.174,whitebit,BTC/USDT:USDT,118812.3,2.937,118807.3,0.042,118812.4,0.068,118830.2,0.07
1753769631279,06:13:51.279,whitebit,BTC/USDT:USDT,118812.3,2.937,118807.3,0.042,118812.4,0.068,118830.2,0.07
1753769631364,06:13:51.364,whitebit,BTC/USDT:USDT,118812.3,2.937,118807.3,0.042,118812.4,0.068,118826.2,0.007
1753769631473,06:13:51.473,whitebit,BTC/USDT:USDT,118812.3,2.937,118807.3,0.042,118812.4,0.068,118826.2,0.007
1753769631576,06:13:51.576,whitebit,BTC/USDT:USDT,118812.3,2.937,118807.3,0.042,118812.4,0.068,118826.2,0.007
1753769631672,06:13:51.672,whitebit,BTC/USDT:USDT,118812.3,2.937,118807.3,0.042,118812.4,0.068,118826.2,0.007
1753769631878,06:13:51.878,whitebit,BTC/USDT:USDT,118812.3,2.937,118807.3,0.042,118812.4,0.068,118826.2,0.007
1753769632068,06:13:52.068,whitebit,BTC/USDT:USDT,118812.3,2.937,118807.3,0.042,118812.4,0.068,118826.2,0.007
1753769632178,06:13:52.178,whitebit,BTC/USDT:USDT,118812.3,2.937,118807.3,0.042,118812.4,0.068,118826.2,0.007
1753769632669,06:13:52.669,whitebit,BTC/USDT:USDT,118812.3,2.937,118807.3,0.042,118812.4,0.068,118826.2,0.007
1753769632775,06:13:52.775,whitebit,BTC/USDT:USDT,118812.3,2.937,118807.3,0.042,118812.4,0.068,118830.2,0.081
1753769632870,06:13:52.870,whitebit,BTC/USDT:USDT,118812.3,2.937,118807.3,0.042,118812.4,0.068,118830.2,0.059
1753769633064,06:13:53.064,whitebit,BTC/USDT:USDT,118812.3,2.937,118807.3,0.042,118812.4,0.068,118830.2,0.075
1753769633464,06:13:53.464,whitebit,BTC/USDT:USDT,118812.3,2.937,118807.3,0.042,118812.4,0.068,118830.2,0.075
1753769633572,06:13:53.572,whitebit,BTC/USDT:USDT,118812.3,2.937,118807.3,0.042,118812.4,0.068,118830.2,0.075
1753769633772,06:13:53.772,whitebit,BTC/USDT:USDT,118812.3,2.937,118807.3,0.042,118812.4,0.068,118830.2,0.075
1753769633868,06:13:53.868,whitebit,BTC/USDT:USDT,118812.3,2.937,118807.3,0.042,118812.4,0.068,118826.2,0.015
1753769633966,06:13:53.966,whitebit,BTC/USDT:USDT,118812.3,2.937,118807.3,0.042,118812.4,0.068,118826.2,0.015
1753769634070,06:13:54.070,whitebit,BTC/USDT:USDT,118812.3,2.937,118807.3,0.042,118812.4,0.068,118826.2,0.009
1753769634173,06:13:54.173,whitebit,BTC/USDT:USDT,118812.3,2.937,118807.3,0.042,118812.4,0.068,118830.2,0.059
1753769634268,06:13:54.268,whitebit,BTC/USDT:USDT,118812.3,2.937,118807.3,0.042,118812.4,0.068,118830.2,0.059
1753769634370,06:13:54.370,whitebit,BTC/USDT:USDT,118812.3,2.937,118807.3,0.042,118812.4,0.068,118830.2,0.07
1753769634677,06:13:54.677,whitebit,BTC/USDT:USDT,118812.3,2.937,118807.3,0.042,118812.4,0.068,118826.2,0.007
1753769634771,06:13:54.771,whitebit,BTC/USDT:USDT,118812.3,2.937,118807.3,0.042,118812.4,0.068,118826.2,0.007
1753769635074,06:13:55.074,whitebit,BTC/USDT:USDT,118812.3,2.937,118807.3,0.042,118812.4,0.068,118826.2,0.007
1753769635178,06:13:55.178,whitebit,BTC/USDT:USDT,118812.3,2.937,118807.3,0.042,118812.4,0.068,118826.2,0.007
1753769635264,06:13:55.264,whitebit,BTC/USDT:USDT,118812.3,2.937,118807.3,0.042,118812.4,0.068,118826.2,0.007
1753769635369,06:13:55.369,whitebit,BTC/USDT:USDT,118812.3,2.937,118807.3,0.042,118812.4,0.068,118830.2,0.07
1753769635465,06:13:55.465,whitebit,BTC/USDT:USDT,118812.3,2.937,118807.3,0.042,118812.4,0.068,118830.2,0.07
1753769635565,06:13:55.565,whitebit,BTC/USDT:USDT,118812.3,2.937,118807.3,0.042,118812.4,0.068,118826.2,0.013
1753769635866,06:13:55.866,whitebit,BTC/USDT:USDT,118812.3,2.937,118807.3,0.042,118812.4,0.068,118826.2,0.013
1753769636180,06:13:56.180,whitebit,BTC/USDT:USDT,118812.3,2.937,118807.3,0.042,118812.4,0.066,118826.0,0.002
1753769636372,06:13:56.372,whitebit,BTC/USDT:USDT,118812.3,2.937,118807.3,0.042,118826.0,0.002,118830.2,0.066
1753769636479,06:13:56.479,whitebit,BTC/USDT:USDT,118812.3,2.937,118807.3,0.042,118826.0,0.002,118834.1,0.075
1753769636574,06:13:56.574,whitebit,BTC/USDT:USDT,118812.3,2.937,118807.3,0.042,118826.0,0.002,118834.1,0.036
1753769636676,06:13:56.676,whitebit,BTC/USDT:USDT,118812.3,2.937,118807.3,0.042,118826.0,0.002,118837.6,0.143
1753769636768,06:13:56.768,whitebit,BTC/USDT:USDT,118812.3,2.937,118807.3,0.042,118826.0,0.002,118837.6,0.143
1753769636874,06:13:56.874,whitebit,BTC/USDT:USDT,118812.3,2.937,118807.3,0.042,118826.0,0.002,118837.6,0.143
1753769636967,06:13:56.967,whitebit,BTC/USDT:USDT,118812.3,2.937,118807.3,0.042,118826.0,0.002,118834.1,0.019
1753769637069,06:13:57.069,whitebit,BTC/USDT:USDT,118812.3,2.937,118810.3,0.023,118826.0,0.002,118834.1,0.03
1753769637190,06:13:57.190,whitebit,BTC/USDT:USDT,118812.3,2.939,118810.3,0.032,118834.1,0.03,118838.1,0.071
1753769637279,06:13:57.279,whitebit,BTC/USDT:USDT,118812.3,2.939,118810.3,0.032,118834.1,0.03,118838.1,0.071
1753769637369,06:13:57.369,whitebit,BTC/USDT:USDT,118812.3,2.939,118810.3,0.032,118834.1,0.04,118838.1,0.071
1753769637470,06:13:57.470,whitebit,BTC/USDT:USDT,118812.3,2.939,118810.3,0.038,118834.1,0.04,118838.1,0.087
1753769637567,06:13:57.567,whitebit,BTC/USDT:USDT,118812.3,2.939,118810.3,0.038,118834.1,0.04,118838.1,0.087
1753769637665,06:13:57.665,whitebit,BTC/USDT:USDT,118812.3,2.939,118810.3,0.038,118834.1,0.051,118838.1,0.087
1753769637777,06:13:57.777,whitebit,BTC/USDT:USDT,118812.3,2.939,118810.3,0.038,118834.1,0.051,118838.1,0.099
1753769637890,06:13:57.890,whitebit,BTC/USDT:USDT,118812.3,2.939,118810.3,0.038,118834.1,0.04,118838.1,0.087
1753769637971,06:13:57.971,whitebit,BTC/USDT:USDT,118812.3,2.939,118810.3,0.038,118834.1,0.04,118838.1,0.087
1753769638066,06:13:58.066,whitebit,BTC/USDT:USDT,118812.3,2.937,118810.3,0.038,118834.1,0.04,118838.1,0.087
1753769638173,06:13:58.173,whitebit,BTC/USDT:USDT,118812.3,2.939,118810.3,0.046,118834.1,0.05,118838.1,0.087
1753769638269,06:13:58.269,whitebit,BTC/USDT:USDT,118812.3,2.939,118810.3,0.046,118822.1,0.196,118834.1,0.05
1753769638366,06:13:58.366,whitebit,BTC/USDT:USDT,118812.3,2.939,118810.3,0.032,118834.1,0.04,118838.1,0.077
1753769638467,06:13:58.467,whitebit,BTC/USDT:USDT,118812.3,2.939,118810.3,0.032,118834.1,0.04,118838.1,0.083
1753769638578,06:13:58.578,whitebit,BTC/USDT:USDT,118812.3,2.939,118810.3,0.032,118834.1,0.04,118838.1,0.083
1753769638662,06:13:58.662,whitebit,BTC/USDT:USDT,118812.3,2.939,118810.3,0.032,118834.1,0.04,118838.1,0.083
1753769638870,06:13:58.870,whitebit,BTC/USDT:USDT,118812.3,2.939,118810.3,0.023,118834.1,0.05,118838.1,0.089
1753769639072,06:13:59.072,whitebit,BTC/USDT:USDT,118812.3,2.937,118810.3,0.023,118834.1,0.05,118838.1,0.089
1753769639173,06:13:59.173,whitebit,BTC/USDT:USDT,118812.3,2.939,118810.3,0.035,118834.1,0.05,118838.1,0.089
1753769639571,06:13:59.571,whitebit,BTC/USDT:USDT,118812.3,2.939,118810.3,0.035,118834.1,0.05,118838.1,0.089
1753769639676,06:13:59.676,whitebit,BTC/USDT:USDT,118812.3,2.939,118810.3,0.042,118834.1,0.06,118838.1,0.101
1753769639876,06:13:59.876,whitebit,BTC/USDT:USDT,118812.3,2.939,118810.3,0.042,118834.1,0.04,118838.1,0.077
1753769639972,06:13:59.972,whitebit,BTC/USDT:USDT,118812.3,2.939,118810.3,0.042,118834.1,0.051,118838.1,0.088
1753769640067,06:14:00.067,whitebit,BTC/USDT:USDT,118812.3,2.939,118810.3,0.042,118834.1,0.051,118838.1,0.088
1753769640177,06:14:00.177,whitebit,BTC/USDT:USDT,118812.3,2.939,118810.3,0.054,118834.1,0.051,118838.1,0.088
1753769640368,06:14:00.368,whitebit,BTC/USDT:USDT,118812.3,2.939,118810.3,0.035,118834.1,0.04,118838.1,0.082
1753769640468,06:14:00.468,whitebit,BTC/USDT:USDT,118812.3,2.939,118810.3,0.035,118834.1,0.04,118838.1,0.082
1753769640570,06:14:00.570,whitebit,BTC/USDT:USDT,118812.3,2.939,118810.3,0.035,118834.1,0.051,118838.1,0.082
1753769640677,06:14:00.677,whitebit,BTC/USDT:USDT,118812.3,2.939,118810.3,0.035,118834.0,0.066,118834.1,0.04
1753769640874,06:14:00.874,whitebit,BTC/USDT:USDT,118812.3,2.939,118810.3,0.046,118834.0,0.066,118834.1,0.019
1753769640974,06:14:00.974,whitebit,BTC/USDT:USDT,118812.3,2.939,118810.3,0.046,118834.0,0.066,118834.1,0.034
1753769641076,06:14:01.076,whitebit,BTC/USDT:USDT,118812.3,2.937,118810.3,0.046,118834.0,0.066,118834.1,0.039
1753769641174,06:14:01.174,whitebit,BTC/USDT:USDT,118812.3,2.939,118810.3,0.046,118834.0,0.066,118834.1,0.039
1753769641273,06:14:01.273,whitebit,BTC/USDT:USDT,118812.3,2.939,118810.3,0.046,118834.0,0.066,118834.1,0.039
1753769641476,06:14:01.476,whitebit,BTC/USDT:USDT,118812.3,2.939,118810.3,0.034,118834.0,0.066,118834.1,0.024
1753769641677,06:14:01.677,whitebit,BTC/USDT:USDT,118812.3,2.939,118810.3,0.044,118834.0,0.066,118834.1,0.024
1753769641880,06:14:01.880,whitebit,BTC/USDT:USDT,118812.3,2.939,118810.3,0.044,118834.0,0.066,118834.1,0.024
1753769641964,06:14:01.964,whitebit,BTC/USDT:USDT,118812.3,2.939,118810.3,0.044,118834.0,0.066,118834.1,0.037
1753769642075,06:14:02.075,whitebit,BTC/USDT:USDT,118812.3,2.937,118810.3,0.044,118834.0,0.066,118834.1,0.037
1753769642170,06:14:02.170,whitebit,BTC/USDT:USDT,118812.3,2.939,118810.3,0.049,118834.0,0.066,118834.1,0.037
1753769642368,06:14:02.368,whitebit,BTC/USDT:USDT,118812.3,2.939,118810.3,0.049,118834.0,0.066,118834.1,0.044
1753769642566,06:14:02.566,whitebit,BTC/USDT:USDT,118812.3,2.939,118810.3,0.049,118834.0,0.066,118834.1,0.044
1753769642677,06:14:02.677,whitebit,BTC/USDT:USDT,118812.3,2.939,118810.3,0.038,118834.0,0.066,118834.1,0.055
1753769642766,06:14:02.766,whitebit,BTC/USDT:USDT,118812.3,2.939,118810.3,0.053,118834.0,0.066,118834.1,0.055
1753769642869,06:14:02.869,whitebit,BTC/USDT:USDT,118822.0,0.575,118812.3,2.363,118834.0,0.066,118834.1,0.055
1753769642969,06:14:02.969,whitebit,BTC/USDT:USDT,118823.5,0.575,118823.4,0.021,118833.7,0.066,118833.8,0.066
1753769643071,06:14:03.071,whitebit,BTC/USDT:USDT,118823.5,0.575,118823.4,0.021,118833.6,0.066,118834.1,0.033
1753769643173,06:14:03.173,whitebit,BTC/USDT:USDT,118823.5,0.577,118823.4,0.021,118833.6,0.066,118834.1,0.033
1753769643465,06:14:03.465,whitebit,BTC/USDT:USDT,118823.5,0.577,118823.4,0.021,118833.6,0.066,118834.1,0.044
1753769643661,06:14:03.661,whitebit,BTC/USDT:USDT,118823.5,0.577,118823.4,0.021,118833.6,0.066,118834.1,0.03
1753769643767,06:14:03.767,whitebit,BTC/USDT:USDT,118823.5,0.577,118823.4,0.021,118833.6,0.066,118834.1,0.03
1753769643866,06:14:03.866,whitebit,BTC/USDT:USDT,118823.5,0.577,118823.4,0.021,118833.6,0.066,118834.1,0.032
1753769644062,06:14:04.062,whitebit,BTC/USDT:USDT,118823.5,0.575,118823.4,0.021,118833.6,0.066,118834.1,0.032
1753769644171,06:14:04.171,whitebit,BTC/USDT:USDT,118823.5,0.577,118823.4,0.021,118833.6,0.066,118834.1,0.032
1753769644262,06:14:04.262,whitebit,BTC/USDT:USDT,118823.5,0.577,118823.4,0.021,118833.6,0.066,118834.1,0.032
1753769644469,06:14:04.469,whitebit,BTC/USDT:USDT,118823.5,0.577,118823.4,0.021,118833.6,0.066,118834.1,0.032
1753769644563,06:14:04.563,whitebit,BTC/USDT:USDT,118823.5,0.577,118823.4,0.021,118833.6,0.066,118834.1,0.032
1753769644668,06:14:04.668,whitebit,BTC/USDT:USDT,118823.5,0.577,118823.4,0.021,118833.6,0.066,118834.1,0.046
1753769644771,06:14:04.771,whitebit,BTC/USDT:USDT,118823.5,0.577,118823.4,0.021,118833.6,0.066,118834.1,0.061
1753769644874,06:14:04.874,whitebit,BTC/USDT:USDT,118823.5,0.577,118823.4,0.021,118833.6,0.066,118834.1,0.061
1753769645080,06:14:05.080,whitebit,BTC/USDT:USDT,118823.5,0.575,118823.4,0.021,118833.6,0.066,118834.1,0.061
1753769645170,06:14:05.170,whitebit,BTC/USDT:USDT,118823.5,0.577,118823.4,0.021,118833.6,0.066,118834.1,0.061
1753769645465,06:14:05.465,whitebit,BTC/USDT:USDT,118823.5,0.577,118823.4,0.021,118833.6,0.066,118834.1,0.034
1753769645565,06:14:05.565,whitebit,BTC/USDT:USDT,118823.5,0.577,118823.4,0.021,118833.6,0.066,118834.1,0.049
1753769645671,06:14:05.671,whitebit,BTC/USDT:USDT,118823.5,0.577,118823.4,0.021,118833.6,0.066,118834.1,0.049
1753769645870,06:14:05.870,whitebit,BTC/USDT:USDT,118823.5,0.577,118823.4,0.021,118833.6,0.066,118834.1,0.061
1753769645977,06:14:05.977,whitebit,BTC/USDT:USDT,118823.5,0.577,118823.4,0.021,118833.6,0.066,118834.1,0.061
1753769646066,06:14:06.066,whitebit,BTC/USDT:USDT,118823.5,0.575,118823.4,0.021,118833.6,0.066,118834.1,0.061
1753769646171,06:14:06.171,whitebit,BTC/USDT:USDT,118823.5,0.577,118823.4,0.021,118833.6,0.066,118834.1,0.061
1753769646267,06:14:06.267,whitebit,BTC/USDT:USDT,118823.5,0.577,118823.4,0.021,118833.6,0.066,118834.1,0.034
1753769646367,06:14:06.367,whitebit,BTC/USDT:USDT,118823.5,0.577,118823.4,0.021,118833.6,0.066,118834.1,0.047
1753769646673,06:14:06.673,whitebit,BTC/USDT:USDT,118823.5,0.577,118823.4,0.021,118833.6,0.066,118834.1,0.047
1753769646768,06:14:06.768,whitebit,BTC/USDT:USDT,118823.5,0.577,118823.4,0.021,118833.6,0.066,118834.1,0.047
1753769646974,06:14:06.974,whitebit,BTC/USDT:USDT,118823.5,0.577,118823.4,0.021,118833.6,0.066,118834.1,0.056
1753769647066,06:14:07.066,whitebit,BTC/USDT:USDT,118823.5,0.575,118823.4,0.021,118833.6,0.066,118834.1,0.056
1753769647167,06:14:07.167,whitebit,BTC/USDT:USDT,118823.5,0.577,118823.4,0.021,118833.6,0.066,118834.1,0.056
1753769647381,06:14:07.381,whitebit,BTC/USDT:USDT,118823.5,0.577,118823.4,0.021,118833.6,0.066,118834.1,0.056
1753769647466,06:14:07.466,whitebit,BTC/USDT:USDT,118823.5,0.577,118823.4,0.021,118833.6,0.066,118834.1,0.065
1753769647667,06:14:07.667,whitebit,BTC/USDT:USDT,118823.5,0.577,118823.4,0.021,118833.6,0.066,118834.1,0.065
1753769647771,06:14:07.771,whitebit,BTC/USDT:USDT,118823.5,0.577,118823.4,0.021,118833.6,0.066,118834.1,0.032
1753769647885,06:14:07.885,whitebit,BTC/USDT:USDT,118823.5,0.577,118823.4,0.021,118833.6,0.066,118834.1,0.032
1753769647968,06:14:07.968,whitebit,BTC/USDT:USDT,118823.5,0.577,118823.4,0.021,118833.6,0.066,118834.1,0.019
1753769648066,06:14:08.066,whitebit,BTC/USDT:USDT,118823.5,0.575,118823.4,0.021,118833.6,0.066,118834.1,0.019
1753769648189,06:14:08.189,whitebit,BTC/USDT:USDT,118823.5,0.577,118823.4,0.021,118833.6,0.066,118834.1,0.019
1753769648268,06:14:08.268,whitebit,BTC/USDT:USDT,118823.5,0.577,118823.4,0.021,118833.6,0.066,118834.1,0.025
1753769648671,06:14:08.671,whitebit,BTC/USDT:USDT,118823.5,0.577,118823.4,0.021,118833.6,0.066,118834.1,0.025
1753769648763,06:14:08.763,whitebit,BTC/USDT:USDT,118823.5,0.577,118823.4,0.021,118833.6,0.066,118834.1,0.025
1753769648966,06:14:08.966,whitebit,BTC/USDT:USDT,118823.5,0.577,118823.4,0.021,118833.6,0.066,118834.1,0.039
1753769649067,06:14:09.067,whitebit,BTC/USDT:USDT,118823.5,0.575,118823.4,0.021,118833.6,0.066,118834.1,0.039
1753769649173,06:14:09.173,whitebit,BTC/USDT:USDT,118823.5,0.577,118823.4,0.021,118833.6,0.066,118834.1,0.039
1753769649266,06:14:09.266,whitebit,BTC/USDT:USDT,118823.5,0.577,118823.4,0.021,118833.6,0.066,118834.1,0.039
1753769649465,06:14:09.465,whitebit,BTC/USDT:USDT,118823.5,0.577,118823.4,0.021,118833.6,0.066,118834.1,0.019
1753769649866,06:14:09.866,whitebit,BTC/USDT:USDT,118823.5,0.577,118823.4,0.021,118833.6,0.066,118834.1,0.025
1753769651061,06:14:11.061,whitebit,BTC/USDT:USDT,118823.5,0.575,118823.4,0.021,118833.6,0.066,118834.1,0.025
1753769651168,06:14:11.168,whitebit,BTC/USDT:USDT,118823.5,0.577,118823.4,0.021,118833.6,0.066,118834.1,0.025
1753769651469,06:14:11.469,whitebit,BTC/USDT:USDT,118823.5,0.577,118823.4,0.021,118833.6,0.066,118834.1,0.019
1753769651565,06:14:11.565,whitebit,BTC/USDT:USDT,118823.5,0.577,118823.4,0.021,118833.6,0.066,118834.1,0.019
1753769651768,06:14:11.768,whitebit,BTC/USDT:USDT,118823.5,0.577,118823.4,0.021,118833.6,0.066,118834.1,0.01
1753769651872,06:14:11.872,whitebit,BTC/USDT:USDT,118823.5,0.577,118823.4,0.021,118833.6,0.066,118834.1,0.018
1753769651971,06:14:11.971,whitebit,BTC/USDT:USDT,118823.5,0.577,118823.4,0.021,118833.6,0.066,118834.1,0.024
1753769652067,06:14:12.067,whitebit,BTC/USDT:USDT,118823.5,0.575,118823.4,0.021,118833.6,0.066,118834.1,0.024
1753769652173,06:14:12.173,whitebit,BTC/USDT:USDT,118823.5,0.577,118823.4,0.021,118833.6,0.066,118834.1,0.024
1753769652363,06:14:12.363,whitebit,BTC/USDT:USDT,118823.5,0.577,118823.4,0.021,118833.6,0.066,118838.1,0.042
1753769652473,06:14:12.473,whitebit,BTC/USDT:USDT,118823.5,0.577,118823.4,0.021,118833.5,0.066,118833.6,0.066
1753769652576,06:14:12.576,whitebit,BTC/USDT:USDT,118823.5,0.577,118823.4,0.021,118833.4,0.066,118838.1,0.057
1753769652671,06:14:12.671,whitebit,BTC/USDT:USDT,118823.5,0.577,118823.4,0.021,118833.2,0.066,118838.1,0.057
1753769652773,06:14:12.773,whitebit,BTC/USDT:USDT,118823.5,0.577,118823.4,0.021,118833.2,0.066,118838.1,0.057
1753769652871,06:14:12.871,whitebit,BTC/USDT:USDT,118823.5,0.577,118823.4,0.021,118833.2,0.066,118838.1,0.065
1753769652964,06:14:12.964,whitebit,BTC/USDT:USDT,118823.5,0.577,118823.4,0.021,118833.2,0.066,118838.1,0.065
1753769653079,06:14:13.079,whitebit,BTC/USDT:USDT,118823.5,0.575,118823.4,0.021,118833.2,0.066,118838.1,0.073
1753769653176,06:14:13.176,whitebit,BTC/USDT:USDT,118823.5,0.577,118823.4,0.021,118833.2,0.066,118838.1,0.073
1753769653271,06:14:13.271,whitebit,BTC/USDT:USDT,118823.5,0.577,118823.4,0.021,118833.2,0.066,118838.1,0.05
1753769653460,06:14:13.460,whitebit,BTC/USDT:USDT,118823.5,0.577,118823.4,0.021,118833.2,0.066,118838.1,0.058
1753769653581,06:14:13.581,whitebit,BTC/USDT:USDT,118823.5,0.577,118823.4,0.021,118833.2,0.066,118838.1,0.058
1753769653660,06:14:13.660,whitebit,BTC/USDT:USDT,118823.5,0.577,118823.4,0.021,118833.2,0.066,118838.1,0.058
1753769653861,06:14:13.861,whitebit,BTC/USDT:USDT,118823.5,0.577,118823.4,0.021,118833.2,0.066,118838.1,0.058
1753769654070,06:14:14.070,whitebit,BTC/USDT:USDT,118823.5,0.575,118823.4,0.021,118833.2,0.066,118838.1,0.058
1753769654175,06:14:14.175,whitebit,BTC/USDT:USDT,118823.5,0.577,118823.4,0.021,118833.2,0.066,118838.1,0.058
1753769654266,06:14:14.266,whitebit,BTC/USDT:USDT,118823.5,0.577,118823.4,0.021,118838.1,0.058,118838.9,0.042
1753769654572,06:14:14.572,whitebit,BTC/USDT:USDT,118823.5,0.577,118823.4,0.021,118838.1,0.058,118838.9,0.042
1753769654674,06:14:14.674,whitebit,BTC/USDT:USDT,118823.5,0.577,118823.4,0.021,118838.1,0.058,118838.9,0.042
1753769654872,06:14:14.872,whitebit,BTC/USDT:USDT,118823.5,0.577,118823.4,0.021,118838.1,0.058,118838.9,0.042
1753769655081,06:14:15.081,whitebit,BTC/USDT:USDT,118823.5,0.575,118823.4,0.021,118838.1,0.076,118838.9,0.042
1753769655176,06:14:15.176,whitebit,BTC/USDT:USDT,118823.5,0.577,118823.4,0.021,118838.1,0.076,118838.9,0.042
1753769655272,06:14:15.272,whitebit,BTC/USDT:USDT,118823.5,0.577,118823.4,0.021,118838.1,0.068,118838.9,0.042
1753769655374,06:14:15.374,whitebit,BTC/USDT:USDT,118823.5,0.577,118823.4,0.021,118838.1,0.068,118838.9,0.042
1753769655473,06:14:15.473,whitebit,BTC/USDT:USDT,118823.5,0.577,118823.4,0.021,118838.1,0.068,118838.9,0.042
1753769655779,06:14:15.779,whitebit,BTC/USDT:USDT,118823.5,0.577,118823.4,0.021,118838.1,0.075,118838.9,0.042
1753769656075,06:14:16.075,whitebit,BTC/USDT:USDT,118823.5,0.575,118823.4,0.021,118838.1,0.068,118838.9,0.042
1753769656174,06:14:16.174,whitebit,BTC/USDT:USDT,118823.5,0.577,118823.4,0.021,118838.0,0.066,118838.1,0.068
1753769656267,06:14:16.267,whitebit,BTC/USDT:USDT,118823.5,0.577,118823.4,0.021,118825.1,0.165,118837.8,0.066
1753769656381,06:14:16.381,whitebit,BTC/USDT:USDT,118823.5,0.577,118823.4,0.021,118838.1,0.068,118838.9,0.042
1753769656468,06:14:16.468,whitebit,BTC/USDT:USDT,118823.5,0.577,118823.4,0.021,118838.1,0.068,118838.9,0.042
1753769656568,06:14:16.568,whitebit,BTC/USDT:USDT,118823.5,0.577,118823.4,0.021,118838.1,0.078,118838.9,0.042
