timestamp,time,exchange,symbol,bid1_price,bid1_volume,bid2_price,bid2_volume,ask1_price,ask1_volume,ask2_price,ask2_volume
1753769522220,06:12:02.220,bitfinex,LTC/USDT:USDT,109.86,55.04,109.85,5.05,109.87,12.25801477,109.9,3.64846394
1753769522731,06:12:02.731,bitfinex,LTC/USDT:USDT,109.86,55.04,109.85,5.05,109.87,12.25820937,109.9,17.29816394
1753769523024,06:12:03.024,bitfinex,LTC/USDT:USDT,109.86,55.04,109.85,5.05,109.87,12.25820937,109.9,17.29816394
1753769523025,06:12:03.025,bitfinex,LTC/USDT:USDT,109.86,55.04,109.85,5.05,109.87,12.25820937,109.9,17.29816394
1753769523026,06:12:03.026,bitfinex,LTC/USDT:USDT,109.86,55.04,109.85,5.05,109.87,12.25820937,109.9,17.29816394
1753769523321,06:12:03.321,bitfinex,LTC/USDT:USDT,109.86,55.04,109.85,5.05,109.87,12.25820937,109.9,17.29816394
1753769523322,06:12:03.322,bitfinex,LTC/USDT:USDT,109.86,55.04,109.85,5.05,109.87,12.25820937,109.9,17.29816394
1753769523324,06:12:03.324,bitfinex,LTC/USDT:USDT,109.86,55.04,109.85,5.05,109.87,15.79103761,109.9,17.29816394
1753769523622,06:12:03.622,bitfinex,LTC/USDT:USDT,109.86,55.04,109.85,5.05,109.87,12.25820937,109.9,17.29816394
1753769523721,06:12:03.721,bitfinex,LTC/USDT:USDT,109.86,55.04,109.85,5.05,109.87,12.25820937,109.9,17.29816394
1753769523722,06:12:03.722,bitfinex,LTC/USDT:USDT,109.86,55.04,109.85,5.05,109.87,12.25820937,109.9,17.29816394
1753769523722,06:12:03.722,bitfinex,LTC/USDT:USDT,109.86,55.04,109.85,5.05,109.87,21.36020937,109.9,17.29816394
1753769524143,06:12:04.143,bitfinex,LTC/USDT:USDT,109.86,55.04,109.85,5.05,109.87,21.36020937,109.9,17.29816394
1753769524217,06:12:04.217,bitfinex,LTC/USDT:USDT,109.86,55.04,109.85,5.05,109.87,21.36020937,109.9,17.29816394
1753769524217,06:12:04.217,bitfinex,LTC/USDT:USDT,109.86,55.04,109.85,5.05,109.87,24.89300628,109.9,17.29816394
1753769524218,06:12:04.218,bitfinex,LTC/USDT:USDT,109.86,55.04,109.85,5.05,109.87,24.89300628,109.9,17.29816394
1753769524434,06:12:04.434,bitfinex,LTC/USDT:USDT,109.86,55.04,109.85,5.05,109.87,33.91696441,109.9,17.29816394
1753769524699,06:12:04.699,bitfinex,LTC/USDT:USDT,109.86,55.04,109.85,5.05,109.87,33.91696441,109.9,17.29816394
1753769524727,06:12:04.727,bitfinex,LTC/USDT:USDT,109.86,55.04,109.85,5.05,109.87,33.91696441,109.9,17.29816394
1753769524822,06:12:04.822,bitfinex,LTC/USDT:USDT,109.86,55.04,109.85,5.05,109.87,33.91696441,109.9,17.29816394
1753769524823,06:12:04.823,bitfinex,LTC/USDT:USDT,109.86,55.04,109.85,5.05,109.87,33.91696441,109.9,17.29816394
1753769525123,06:12:05.123,bitfinex,LTC/USDT:USDT,109.86,55.04,109.85,5.05,109.87,21.36020937,109.9,17.29816394
1753769525322,06:12:05.322,bitfinex,LTC/USDT:USDT,109.86,55.04,109.85,5.05,109.87,21.36020937,109.9,17.29816394
1753769526068,06:12:06.068,bitfinex,LTC/USDT:USDT,109.84,9.1042,109.82,13.6585,109.87,21.36020937,109.9,17.29816394
1753769526074,06:12:06.074,bitfinex,LTC/USDT:USDT,109.84,9.1042,109.82,13.6585,109.87,21.36020937,109.9,17.29816394
1753769526431,06:12:06.431,bitfinex,LTC/USDT:USDT,109.8,14.1571,109.79,34.89484666,109.86,14.10270279,109.88,1.82423197
1753769526473,06:12:06.473,bitfinex,LTC/USDT:USDT,109.81,75.81182319,109.79,34.89484666,109.85,5.04,109.88,1.82423197
1753769526481,06:12:06.481,bitfinex,LTC/USDT:USDT,109.81,75.81182319,109.79,34.89484666,109.85,5.04,109.88,3.64846394
1753769526634,06:12:06.634,bitfinex,LTC/USDT:USDT,109.81,75.81182319,109.79,34.89484666,109.85,5.04,109.88,3.64846394
1753769526636,06:12:06.636,bitfinex,LTC/USDT:USDT,109.82,18.09806782,109.81,55.04,109.85,5.04,109.88,3.64846394
1753769526637,06:12:06.637,bitfinex,LTC/USDT:USDT,109.82,18.09806782,109.81,55.04,109.85,5.04,109.88,3.64846394
1753769526814,06:12:06.814,bitfinex,LTC/USDT:USDT,109.81,55.04,109.8,1.82423197,109.85,5.04,109.88,3.64846394
1753769526815,06:12:06.815,bitfinex,LTC/USDT:USDT,109.83,60.09,109.8,1.82423197,109.85,5.04,109.88,3.64846394
1753769526815,06:12:06.815,bitfinex,LTC/USDT:USDT,109.83,60.09,109.8,1.82423197,109.85,5.04,109.88,3.64846394
1753769527130,06:12:07.130,bitfinex,LTC/USDT:USDT,109.83,60.09,109.8,1.82423197,109.85,5.04,109.88,1.82423197
1753769527130,06:12:07.130,bitfinex,LTC/USDT:USDT,109.83,60.09,109.8,1.82423197,109.85,5.04,109.88,1.82423197
1753769527329,06:12:07.329,bitfinex,LTC/USDT:USDT,109.83,60.09,109.8,1.82423197,109.85,5.04,109.88,1.82423197
1753769527329,06:12:07.329,bitfinex,LTC/USDT:USDT,109.83,60.09,109.8,1.82423197,109.85,5.04,109.88,1.82423197
1753769527627,06:12:07.627,bitfinex,LTC/USDT:USDT,109.83,60.09,109.8,1.82423197,109.85,5.04,109.88,1.82423197
1753769527628,06:12:07.628,bitfinex,LTC/USDT:USDT,109.83,60.09,109.8,1.82423197,109.85,5.04,109.88,1.82423197
1753769528125,06:12:08.125,bitfinex,LTC/USDT:USDT,109.83,60.09,109.8,1.82423197,109.85,5.04,109.88,1.82423197
1753769528133,06:12:08.133,bitfinex,LTC/USDT:USDT,109.83,60.09,109.8,1.82423197,109.85,5.04,109.88,3.64846394
1753769528145,06:12:08.145,bitfinex,LTC/USDT:USDT,109.83,60.09,109.8,1.82423197,109.85,5.04,109.88,3.64846394
1753769528155,06:12:08.155,bitfinex,LTC/USDT:USDT,109.83,60.09,109.8,1.82423197,109.84,9.1045,109.85,5.04
1753769528160,06:12:08.160,bitfinex,LTC/USDT:USDT,109.83,60.09,109.8,1.82423197,109.84,9.1045,109.85,5.04
1753769528320,06:12:08.320,bitfinex,LTC/USDT:USDT,109.83,60.09,109.8,1.82423197,109.84,9.1045,109.85,5.04
1753769528321,06:12:08.321,bitfinex,LTC/USDT:USDT,109.83,60.09,109.8,1.82423197,109.84,14.1445,109.86,13.6546
1753769528322,06:12:08.322,bitfinex,LTC/USDT:USDT,109.83,60.09,109.8,1.82423197,109.84,14.1445,109.86,13.6546
1753769528517,06:12:08.517,bitfinex,LTC/USDT:USDT,109.83,60.09,109.8,1.82423197,109.84,14.1445,109.86,13.6546
1753769528517,06:12:08.517,bitfinex,LTC/USDT:USDT,109.83,60.09,109.8,1.82423197,109.84,14.1445,109.86,13.6546
1753769528518,06:12:08.518,bitfinex,LTC/USDT:USDT,109.83,60.09,109.8,1.82423197,109.84,14.1445,109.86,13.6546
1753769528825,06:12:08.825,bitfinex,LTC/USDT:USDT,109.83,60.09,109.8,1.82423197,109.84,14.1445,109.86,13.6546
1753769528825,06:12:08.825,bitfinex,LTC/USDT:USDT,109.83,55.04,109.8,1.82423197,109.84,14.1445,109.86,13.6546
1753769528826,06:12:08.826,bitfinex,LTC/USDT:USDT,109.83,55.04,109.8,1.82423197,109.84,14.1445,109.86,13.6546
1753769529025,06:12:09.025,bitfinex,LTC/USDT:USDT,109.83,55.04,109.79,27.34,109.84,14.1445,109.86,13.6546
1753769529026,06:12:09.026,bitfinex,LTC/USDT:USDT,109.83,55.04,109.82,5.05,109.84,14.1445,109.86,13.6546
1753769529026,06:12:09.026,bitfinex,LTC/USDT:USDT,109.83,55.04,109.82,5.05,109.84,14.1445,109.86,13.6546
1753769529223,06:12:09.223,bitfinex,LTC/USDT:USDT,109.83,55.04,109.82,5.05,109.84,14.1445,109.86,13.6546
1753769529224,06:12:09.224,bitfinex,LTC/USDT:USDT,109.83,55.04,109.82,5.05,109.84,14.1445,109.86,15.47883197
1753769529224,06:12:09.224,bitfinex,LTC/USDT:USDT,109.83,55.04,109.82,5.05,109.84,14.1445,109.86,15.47883197
1753769529224,06:12:09.224,bitfinex,LTC/USDT:USDT,109.83,55.04,109.82,5.05,109.84,14.1445,109.86,15.47883197
1753769529225,06:12:09.225,bitfinex,LTC/USDT:USDT,109.83,55.04,109.82,5.05,109.84,14.1445,109.86,15.47883197
1753769530078,06:12:10.078,bitfinex,LTC/USDT:USDT,109.83,55.04,109.81,5.05,109.84,14.1445,109.86,15.47883197
1753769530123,06:12:10.123,bitfinex,LTC/USDT:USDT,109.83,55.04,109.81,5.05,109.84,14.1445,109.86,15.47883197
1753769530125,06:12:10.125,bitfinex,LTC/USDT:USDT,109.83,55.04,109.81,5.05,109.84,14.1445,109.86,15.47883197
1753769530125,06:12:10.125,bitfinex,LTC/USDT:USDT,109.83,55.04,109.81,5.05,109.84,14.1445,109.86,15.47883197
1753769530323,06:12:10.323,bitfinex,LTC/USDT:USDT,109.83,55.04,109.81,5.05,109.84,14.1445,109.86,15.47883197
1753769530323,06:12:10.323,bitfinex,LTC/USDT:USDT,109.83,55.04,109.81,5.05,109.84,14.1445,109.86,15.47883197
1753769530624,06:12:10.624,bitfinex,LTC/USDT:USDT,109.83,55.04,109.81,5.05,109.84,14.1445,109.86,15.47883197
1753769530624,06:12:10.624,bitfinex,LTC/USDT:USDT,109.83,55.04,109.81,5.05,109.84,14.1445,109.86,15.47883197
1753769530625,06:12:10.625,bitfinex,LTC/USDT:USDT,109.83,55.04,109.81,5.05,109.84,14.1445,109.86,15.47883197
1753769531354,06:12:11.354,bitfinex,LTC/USDT:USDT,109.83,60.09,109.78,38.5433106,109.84,14.1445,109.86,13.6546
1753769531404,06:12:11.404,bitfinex,LTC/USDT:USDT,109.83,60.09,109.78,38.5433106,109.84,14.1445,109.86,13.6546
1753769531494,06:12:11.494,bitfinex,LTC/USDT:USDT,109.83,60.09,109.8,1.82423197,109.84,14.1445,109.86,13.6546
1753769531503,06:12:11.503,bitfinex,LTC/USDT:USDT,109.83,60.09,109.8,1.82423197,109.84,14.1445,109.86,13.6546
1753769531625,06:12:11.625,bitfinex,LTC/USDT:USDT,109.83,60.09,109.8,1.82423197,109.84,14.1445,109.86,13.6546
1753769531625,06:12:11.625,bitfinex,LTC/USDT:USDT,109.83,60.09,109.8,1.82423197,109.84,14.1445,109.86,13.6546
1753769531625,06:12:11.625,bitfinex,LTC/USDT:USDT,109.83,60.09,109.8,1.82423197,109.84,14.1445,109.86,13.6546
1753769531970,06:12:11.970,bitfinex,LTC/USDT:USDT,109.83,60.09,109.8,1.82423197,109.84,14.1445,109.86,13.6546
1753769531973,06:12:11.973,bitfinex,LTC/USDT:USDT,109.83,60.09,109.8,1.82423197,109.84,14.1445,109.86,13.6546
1753769532068,06:12:12.068,bitfinex,LTC/USDT:USDT,109.83,60.09,109.8,1.82423197,109.84,14.1445,109.86,13.6546
1753769532070,06:12:12.070,bitfinex,LTC/USDT:USDT,109.83,60.09,109.8,1.82423197,109.84,14.1445,109.86,13.6546
1753769532074,06:12:12.074,bitfinex,LTC/USDT:USDT,109.83,60.09,109.8,1.82423197,109.84,14.1445,109.86,13.6546
1753769532225,06:12:12.225,bitfinex,LTC/USDT:USDT,109.83,60.09,109.8,1.82423197,109.84,14.1445,109.86,13.6546
1753769532226,06:12:12.226,bitfinex,LTC/USDT:USDT,109.83,60.09,109.8,1.82423197,109.84,14.1445,109.86,13.6546
1753769532226,06:12:12.226,bitfinex,LTC/USDT:USDT,109.83,60.09,109.8,1.82423197,109.84,14.1445,109.86,13.6546
1753769532453,06:12:12.453,bitfinex,LTC/USDT:USDT,109.83,60.09,109.8,1.82423197,109.84,14.1445,109.86,13.6546
1753769532454,06:12:12.454,bitfinex,LTC/USDT:USDT,109.83,60.09,109.8,1.82423197,109.84,14.1445,109.86,13.6546
1753769532457,06:12:12.457,bitfinex,LTC/USDT:USDT,109.83,60.09,109.8,1.82423197,109.84,14.1445,109.86,13.6546
1753769532726,06:12:12.726,bitfinex,LTC/USDT:USDT,109.83,60.09,109.8,1.82423197,109.84,14.1445,109.86,13.6546
1753769532727,06:12:12.727,bitfinex,LTC/USDT:USDT,109.83,55.04,109.82,5.05,109.84,21.38717829,109.86,13.6546
1753769532728,06:12:12.728,bitfinex,LTC/USDT:USDT,109.83,55.04,109.82,5.05,109.84,21.38717829,109.86,13.6546
1753769533618,06:12:13.618,bitfinex,LTC/USDT:USDT,109.83,55.04,109.82,5.05,109.84,14.1445,109.86,13.6546
1753769533655,06:12:13.655,bitfinex,LTC/USDT:USDT,109.83,55.04,109.82,5.05,109.84,14.1445,109.86,13.6546
1753769533667,06:12:13.667,bitfinex,LTC/USDT:USDT,109.83,55.04,109.82,5.05,109.84,14.1445,109.86,13.6546
1753769533824,06:12:13.824,bitfinex,LTC/USDT:USDT,109.83,55.04,109.82,5.05,109.84,14.1445,109.86,13.6546
1753769533825,06:12:13.825,bitfinex,LTC/USDT:USDT,109.83,55.04,109.82,5.05,109.84,14.1445,109.86,13.6546
1753769533826,06:12:13.826,bitfinex,LTC/USDT:USDT,109.83,55.04,109.82,5.05,109.84,14.1445,109.86,13.6546
1753769534027,06:12:14.027,bitfinex,LTC/USDT:USDT,109.83,55.04,109.82,5.05,109.84,14.1445,109.86,13.6546
1753769534027,06:12:14.027,bitfinex,LTC/USDT:USDT,109.83,55.04,109.82,5.05,109.84,14.1445,109.86,13.6546
1753769534028,06:12:14.028,bitfinex,LTC/USDT:USDT,109.83,55.04,109.82,5.05,109.84,14.1445,109.86,13.6546
1753769534327,06:12:14.327,bitfinex,LTC/USDT:USDT,109.83,55.04,109.8,10.93153197,109.84,14.1445,109.86,13.6546
1753769534328,06:12:14.328,bitfinex,LTC/USDT:USDT,109.83,60.24,109.8,10.93153197,109.84,14.1445,109.86,13.6546
1753769534328,06:12:14.328,bitfinex,LTC/USDT:USDT,109.83,60.24,109.8,10.93153197,109.84,14.1445,109.86,13.6546
1753769534529,06:12:14.529,bitfinex,LTC/USDT:USDT,109.83,60.24,109.8,10.93153197,109.84,14.1445,109.86,13.6546
1753769534529,06:12:14.529,bitfinex,LTC/USDT:USDT,109.83,60.24,109.8,10.93153197,109.84,14.1445,109.86,13.6546
1753769534530,06:12:14.530,bitfinex,LTC/USDT:USDT,109.83,60.24,109.8,10.93153197,109.84,14.1445,109.86,13.6546
1753769535258,06:12:15.258,bitfinex,LTC/USDT:USDT,109.83,60.24,109.8,10.93153197,109.84,14.1445,109.86,13.6546
1753769535282,06:12:15.282,bitfinex,LTC/USDT:USDT,109.83,60.24,109.8,10.93153197,109.84,14.1445,109.86,13.6546
1753769535293,06:12:15.293,bitfinex,LTC/USDT:USDT,109.83,60.24,109.8,10.93153197,109.84,14.1445,109.86,13.6546
1753769535899,06:12:15.899,bitfinex,LTC/USDT:USDT,109.83,60.24,109.8,10.93153197,109.84,14.1445,109.86,13.6546
1753769535927,06:12:15.927,bitfinex,LTC/USDT:USDT,109.83,60.24,109.8,10.93153197,109.84,14.1445,109.86,13.6546
1753769535927,06:12:15.927,bitfinex,LTC/USDT:USDT,109.83,60.24,109.8,10.93153197,109.84,14.1445,109.86,13.6546
1753769536237,06:12:16.237,bitfinex,LTC/USDT:USDT,109.83,60.24,109.8,10.93153197,109.84,14.1445,109.86,13.6546
1753769536238,06:12:16.238,bitfinex,LTC/USDT:USDT,109.83,60.24,109.8,10.93153197,109.84,14.1445,109.86,13.6546
1753769536238,06:12:16.238,bitfinex,LTC/USDT:USDT,109.83,60.24,109.8,10.93153197,109.84,14.1445,109.86,13.6546
1753769536430,06:12:16.430,bitfinex,LTC/USDT:USDT,109.83,60.24,109.8,10.93153197,109.84,14.1445,109.86,13.6546
1753769536430,06:12:16.430,bitfinex,LTC/USDT:USDT,109.83,60.24,109.8,10.93153197,109.84,14.1445,109.86,13.6546
1753769536431,06:12:16.431,bitfinex,LTC/USDT:USDT,109.83,60.24,109.8,10.93153197,109.84,14.1445,109.86,13.6546
1753769536830,06:12:16.830,bitfinex,LTC/USDT:USDT,109.83,60.24,109.8,10.93153197,109.84,14.1445,109.86,13.6546
1753769536830,06:12:16.830,bitfinex,LTC/USDT:USDT,109.83,60.24,109.8,10.93153197,109.84,14.1445,109.86,13.6546
1753769536830,06:12:16.830,bitfinex,LTC/USDT:USDT,109.83,60.24,109.8,10.93153197,109.84,14.1445,109.86,13.6546
1753769537744,06:12:17.744,bitfinex,LTC/USDT:USDT,109.83,60.24,109.8,10.93153197,109.84,21.3878386,109.86,13.6546
1753769538012,06:12:18.012,bitfinex,LTC/USDT:USDT,109.83,60.24,109.81,9.1067,109.84,7.2433386,109.88,1.82423197
1753769538033,06:12:18.033,bitfinex,LTC/USDT:USDT,109.83,60.24,109.81,9.1067,109.84,7.2433386,109.88,1.82423197
1753769538185,06:12:18.185,bitfinex,LTC/USDT:USDT,109.83,55.04,109.81,9.1067,109.87,5.26,109.88,1.82423197
1753769538329,06:12:18.329,bitfinex,LTC/USDT:USDT,109.83,55.04,109.81,9.1067,109.88,1.82423197,109.89,62.3
1753769538330,06:12:18.330,bitfinex,LTC/USDT:USDT,109.83,55.04,109.81,9.1067,109.86,12.5504212,109.88,1.82423197
1753769538647,06:12:18.647,bitfinex,LTC/USDT:USDT,109.83,55.04,109.8,30.98846394,109.86,12.5504212,109.88,1.82423197
1753769538648,06:12:18.648,bitfinex,LTC/USDT:USDT,109.83,55.04,109.8,30.98846394,109.84,5.26,109.88,1.82423197
1753769538651,06:12:18.651,bitfinex,LTC/USDT:USDT,109.83,55.04,109.8,30.98846394,109.84,5.26,109.85,12.5504212
1753769538827,06:12:18.827,bitfinex,LTC/USDT:USDT,109.83,55.04,109.8,30.98846394,109.84,5.26,109.85,12.5504212
1753769538827,06:12:18.827,bitfinex,LTC/USDT:USDT,109.83,55.04,109.8,30.98846394,109.85,5.26,109.88,1.82423197
1753769538827,06:12:18.827,bitfinex,LTC/USDT:USDT,109.83,55.04,109.8,30.98846394,109.85,5.26,109.88,1.82423197
1753769539083,06:12:19.083,bitfinex,LTC/USDT:USDT,109.83,55.04,109.8,3.64846394,109.85,5.26,109.88,1.82423197
1753769539146,06:12:19.146,bitfinex,LTC/USDT:USDT,109.83,55.04,109.8,3.64846394,109.85,5.26,109.88,1.82423197
1753769539252,06:12:19.252,bitfinex,LTC/USDT:USDT,109.83,55.04,109.81,9.1067,109.85,5.26,109.87,9.1022
1753769539267,06:12:19.267,bitfinex,LTC/USDT:USDT,109.83,55.04,109.81,9.1067,109.85,5.26,109.87,9.1022
1753769539532,06:12:19.532,bitfinex,LTC/USDT:USDT,109.83,55.04,109.8,3.64846394,109.85,5.26,109.87,9.1022
1753769539533,06:12:19.533,bitfinex,LTC/USDT:USDT,109.83,55.04,109.8,3.64846394,109.85,5.26,109.87,9.1022
1753769539745,06:12:19.745,bitfinex,LTC/USDT:USDT,109.83,55.04,109.8,3.64846394,109.85,5.26,109.87,9.1022
1753769539750,06:12:19.750,bitfinex,LTC/USDT:USDT,109.83,55.04,109.8,3.64846394,109.85,5.26,109.87,9.1022
1753769540455,06:12:20.455,bitfinex,LTC/USDT:USDT,109.83,55.04,109.8,44.65006394,109.85,5.26,109.88,1.82423197
1753769540507,06:12:20.507,bitfinex,LTC/USDT:USDT,109.84,9.1045,109.83,55.04,109.85,5.26,109.88,10.92553197
1753769540528,06:12:20.528,bitfinex,LTC/USDT:USDT,109.84,9.1045,109.83,55.04,109.85,5.26,109.88,10.92553197
1753769540629,06:12:20.629,bitfinex,LTC/USDT:USDT,109.84,9.1045,109.83,55.04,109.85,5.26,109.88,10.92553197
1753769540630,06:12:20.630,bitfinex,LTC/USDT:USDT,109.84,9.1045,109.83,55.04,109.85,14.28583461,109.88,10.92553197
1753769540630,06:12:20.630,bitfinex,LTC/USDT:USDT,109.84,9.1045,109.83,55.04,109.85,14.28583461,109.88,10.92553197
1753769541003,06:12:21.003,bitfinex,LTC/USDT:USDT,109.84,9.1045,109.83,55.04,109.85,5.26,109.88,10.92553197
1753769541043,06:12:21.043,bitfinex,LTC/USDT:USDT,109.83,55.04,109.82,30.98846394,109.87,5.26,109.9,3.64846394
1753769541230,06:12:21.230,bitfinex,LTC/USDT:USDT,109.83,55.04,109.82,30.98846394,109.87,5.26,109.9,3.64846394
1753769541230,06:12:21.230,bitfinex,LTC/USDT:USDT,109.83,55.04,109.82,30.98846394,109.86,12.55845354,109.87,5.26
1753769541245,06:12:21.245,bitfinex,LTC/USDT:USDT,109.83,55.04,109.82,30.98846394,109.86,12.55845354,109.87,5.26
1753769541428,06:12:21.428,bitfinex,LTC/USDT:USDT,109.83,55.04,109.82,30.98846394,109.86,12.55845354,109.87,5.26
1753769541429,06:12:21.429,bitfinex,LTC/USDT:USDT,109.83,55.04,109.82,30.98846394,109.87,5.26,109.9,1.82423197
1753769541429,06:12:21.429,bitfinex,LTC/USDT:USDT,109.83,55.04,109.82,30.98846394,109.87,5.26,109.9,1.82423197
1753769541627,06:12:21.627,bitfinex,LTC/USDT:USDT,109.83,55.04,109.82,30.98846394,109.87,5.26,109.9,1.82423197
1753769541627,06:12:21.627,bitfinex,LTC/USDT:USDT,109.83,55.04,109.82,30.98846394,109.86,12.56112207,109.87,5.26
1753769541628,06:12:21.628,bitfinex,LTC/USDT:USDT,109.83,55.04,109.82,30.98846394,109.86,12.56112207,109.87,5.26
1753769541838,06:12:21.838,bitfinex,LTC/USDT:USDT,109.83,55.04,109.82,30.98846394,109.86,12.56112207,109.87,5.26
1753769541839,06:12:21.839,bitfinex,LTC/USDT:USDT,109.85,9.103,109.83,55.04,109.87,5.26,109.89,9.1005
1753769541839,06:12:21.839,bitfinex,LTC/USDT:USDT,109.85,9.103,109.83,55.04,109.87,5.26,109.89,9.1005
1753769542032,06:12:22.032,bitfinex,LTC/USDT:USDT,109.85,9.103,109.82,30.98846394,109.87,5.26,109.89,9.1005
1753769542033,06:12:22.033,bitfinex,LTC/USDT:USDT,109.86,55.04,109.85,9.103,109.87,5.26,109.89,9.1005
1753769542506,06:12:22.506,bitfinex,LTC/USDT:USDT,109.86,55.04,109.85,9.103,109.87,17.82119554,109.89,9.1005
1753769542564,06:12:22.564,bitfinex,LTC/USDT:USDT,109.86,55.04,109.85,9.103,109.87,17.82119554,109.89,9.1005
1753769542653,06:12:22.653,bitfinex,LTC/USDT:USDT,109.86,55.04,109.85,9.103,109.87,17.82119554,109.89,9.1005
1753769542661,06:12:22.661,bitfinex,LTC/USDT:USDT,109.86,55.04,109.85,9.103,109.87,17.82119554,109.89,9.1005
1753769542863,06:12:22.863,bitfinex,LTC/USDT:USDT,109.86,55.04,109.85,9.103,109.87,17.82119554,109.89,9.1005
1753769542866,06:12:22.866,bitfinex,LTC/USDT:USDT,109.86,55.04,109.85,9.103,109.87,17.82119554,109.89,9.1005
1753769542873,06:12:22.873,bitfinex,LTC/USDT:USDT,109.86,55.04,109.85,9.103,109.87,17.82119554,109.89,9.1005
1753769543282,06:12:23.282,bitfinex,LTC/USDT:USDT,109.86,55.04,109.85,9.103,109.87,17.82119554,109.89,9.1005
1753769543286,06:12:23.286,bitfinex,LTC/USDT:USDT,109.86,55.04,109.85,9.103,109.87,17.82119554,109.89,9.1005
1753769543289,06:12:23.289,bitfinex,LTC/USDT:USDT,109.86,55.04,109.85,9.103,109.87,17.82119554,109.89,9.1005
1753769543881,06:12:23.881,bitfinex,LTC/USDT:USDT,109.86,55.04,109.85,9.103,109.87,17.82119554,109.89,9.1005
1753769543906,06:12:23.906,bitfinex,LTC/USDT:USDT,109.86,55.04,109.85,9.103,109.87,17.82119554,109.89,9.1005
1753769544170,06:12:24.170,bitfinex,LTC/USDT:USDT,109.86,55.04,109.85,9.103,109.87,17.82119554,109.89,9.1005
1753769544207,06:12:24.207,bitfinex,LTC/USDT:USDT,109.86,55.04,109.85,9.103,109.87,17.82119554,109.89,9.1005
1753769544536,06:12:24.536,bitfinex,LTC/USDT:USDT,109.86,55.04,109.85,9.103,109.87,17.82119554,109.89,9.1005
1753769544537,06:12:24.537,bitfinex,LTC/USDT:USDT,109.86,55.04,109.85,9.103,109.87,17.82119554,109.89,9.1005
1753769544537,06:12:24.537,bitfinex,LTC/USDT:USDT,109.86,55.04,109.85,9.103,109.87,17.82119554,109.89,9.1005
1753769545269,06:12:25.269,bitfinex,LTC/USDT:USDT,109.86,55.04,109.85,9.103,109.87,17.82119554,109.89,9.1005
1753769545272,06:12:25.272,bitfinex,LTC/USDT:USDT,109.86,55.04,109.85,9.103,109.87,17.82119554,109.89,9.1005
1753769545274,06:12:25.274,bitfinex,LTC/USDT:USDT,109.86,55.04,109.85,9.103,109.87,17.82119554,109.89,9.1005
1753769545436,06:12:25.436,bitfinex,LTC/USDT:USDT,109.86,55.04,109.85,9.103,109.87,17.82119554,109.89,9.1005
1753769545436,06:12:25.436,bitfinex,LTC/USDT:USDT,109.86,55.04,109.85,9.103,109.87,17.82119554,109.89,9.1005
1753769545437,06:12:25.437,bitfinex,LTC/USDT:USDT,109.86,55.04,109.85,9.103,109.87,17.82119554,109.89,9.1005
1753769545742,06:12:25.742,bitfinex,LTC/USDT:USDT,109.86,55.04,109.85,9.103,109.87,17.82119554,109.89,9.1005
1753769545743,06:12:25.743,bitfinex,LTC/USDT:USDT,109.86,55.04,109.85,9.103,109.87,17.82119554,109.89,9.1005
1753769545956,06:12:25.956,bitfinex,LTC/USDT:USDT,109.86,55.04,109.85,9.103,109.87,17.82119554,109.89,9.1005
1753769545965,06:12:25.965,bitfinex,LTC/USDT:USDT,109.86,55.04,109.85,9.103,109.87,17.82119554,109.89,9.1005
1753769545969,06:12:25.969,bitfinex,LTC/USDT:USDT,109.86,55.04,109.85,9.103,109.87,17.82119554,109.89,9.1005
1753769546657,06:12:26.657,bitfinex,LTC/USDT:USDT,109.86,55.04,109.85,9.103,109.87,17.82119554,109.9,1.82423197
1753769546750,06:12:26.750,bitfinex,LTC/USDT:USDT,109.86,55.04,109.85,9.103,109.87,17.82119554,109.88,9.1011
1753769546774,06:12:26.774,bitfinex,LTC/USDT:USDT,109.86,55.04,109.85,9.103,109.87,17.82119554,109.88,9.1011
1753769546809,06:12:26.809,bitfinex,LTC/USDT:USDT,109.86,55.04,109.85,9.103,109.87,17.82119554,109.88,9.1011
1753769546842,06:12:26.842,bitfinex,LTC/USDT:USDT,109.86,55.04,109.85,9.103,109.87,17.82119554,109.88,9.1011
1753769546858,06:12:26.858,bitfinex,LTC/USDT:USDT,109.86,55.04,109.85,9.103,109.87,17.82119554,109.88,9.1011
1753769547437,06:12:27.437,bitfinex,LTC/USDT:USDT,109.86,55.04,109.85,9.103,109.87,17.82119554,109.88,9.1011
1753769547537,06:12:27.537,bitfinex,LTC/USDT:USDT,109.86,55.04,109.85,9.103,109.87,17.82119554,109.88,9.1011
1753769547537,06:12:27.537,bitfinex,LTC/USDT:USDT,109.86,55.04,109.85,9.103,109.87,17.82119554,109.88,9.1011
1753769547736,06:12:27.736,bitfinex,LTC/USDT:USDT,109.86,55.04,109.85,9.103,109.87,17.82119554,109.88,9.1011
1753769547737,06:12:27.737,bitfinex,LTC/USDT:USDT,109.86,55.04,109.85,9.103,109.87,17.82119554,109.88,9.1011
1753769548451,06:12:28.451,bitfinex,LTC/USDT:USDT,109.86,55.04,109.85,9.103,109.87,17.82119554,109.88,9.1011
1753769548506,06:12:28.506,bitfinex,LTC/USDT:USDT,109.86,55.04,109.85,9.103,109.87,17.82119554,109.88,9.1011
1753769548521,06:12:28.521,bitfinex,LTC/USDT:USDT,109.86,55.04,109.85,9.103,109.87,17.82119554,109.88,9.1011
1753769548872,06:12:28.872,bitfinex,LTC/USDT:USDT,109.86,55.04,109.85,9.103,109.87,17.82119554,109.88,9.1011
1753769549133,06:12:29.133,bitfinex,LTC/USDT:USDT,109.86,55.04,109.85,9.103,109.87,17.82119554,109.88,9.1011
1753769549133,06:12:29.133,bitfinex,LTC/USDT:USDT,109.86,55.04,109.85,9.103,109.87,17.82119554,109.88,9.1011
1753769549863,06:12:29.863,bitfinex,LTC/USDT:USDT,109.85,55.0,109.8,52.2043106,109.86,5.26,109.87,12.56119554
1753769550064,06:12:30.064,bitfinex,LTC/USDT:USDT,109.84,55.0,109.8,24.8643106,109.86,12.56119554,109.88,1.82423197
1753769550170,06:12:30.170,bitfinex,LTC/USDT:USDT,109.84,55.0,109.8,24.8643106,109.86,12.56119554,109.88,1.82423197
1753769550248,06:12:30.248,bitfinex,LTC/USDT:USDT,109.84,55.0,109.8,24.8643106,109.85,5.26,109.88,1.82423197
1753769550285,06:12:30.285,bitfinex,LTC/USDT:USDT,109.84,55.0,109.8,24.8643106,109.85,5.26,109.88,1.82423197
1753769550355,06:12:30.355,bitfinex,LTC/USDT:USDT,109.84,69.13282315,109.8,24.8643106,109.85,5.26,109.88,1.82423197
1753769550369,06:12:30.369,bitfinex,LTC/USDT:USDT,109.84,69.13282315,109.8,24.8643106,109.85,5.26,109.88,1.82423197
1753769551395,06:12:31.395,bitfinex,LTC/USDT:USDT,109.84,69.13472763,109.82,9.1056,109.85,12.41916778,109.86,9.1034
1753769551805,06:12:31.805,bitfinex,LTC/USDT:USDT,109.84,69.13472763,109.82,9.1056,109.85,12.41916778,109.86,9.1034
1753769552088,06:12:32.088,bitfinex,LTC/USDT:USDT,109.84,69.13472763,109.82,1.82423197,109.87,14.3623,109.89,13.6514
1753769552213,06:12:32.213,bitfinex,LTC/USDT:USDT,109.85,6.38314772,109.84,55.0,109.86,19.74647829,109.88,5.26
1753769552335,06:12:32.335,bitfinex,LTC/USDT:USDT,109.85,14.13129198,109.84,55.0,109.88,5.26,109.9,1.82423197
1753769552366,06:12:32.366,bitfinex,LTC/USDT:USDT,109.85,14.13129198,109.84,55.0,109.88,5.26,109.9,1.82423197
1753769552458,06:12:32.458,bitfinex,LTC/USDT:USDT,109.86,65.9018478,109.82,38.5433106,109.87,8.80080159,109.9,1.82423197
1753769552467,06:12:32.467,bitfinex,LTC/USDT:USDT,109.86,65.9018478,109.82,38.5433106,109.87,8.80080159,109.9,1.82423197
1753769553087,06:12:33.087,bitfinex,LTC/USDT:USDT,109.86,69.12913913,109.85,9.103,109.87,5.26,109.88,9.1012
1753769553162,06:12:33.162,bitfinex,LTC/USDT:USDT,109.86,69.12913913,109.85,9.103,109.87,5.26,109.88,9.1012
1753769553173,06:12:33.173,bitfinex,LTC/USDT:USDT,109.86,69.12913913,109.85,9.103,109.87,5.26,109.88,9.1012
1753769553731,06:12:33.731,bitfinex,LTC/USDT:USDT,109.86,69.12913913,109.84,1.82423197,109.91,15.23347162,109.92,58.68846394
1753769553785,06:12:33.785,bitfinex,LTC/USDT:USDT,109.87,6.38314772,109.86,55.0,109.89,5.26,109.9,19.74109654
1753769553859,06:12:33.859,bitfinex,LTC/USDT:USDT,109.86,55.0,109.84,1.82423197,109.88,25.00109654,109.91,1.58477162
1753769553875,06:12:33.875,bitfinex,LTC/USDT:USDT,109.86,55.0,109.84,1.82423197,109.88,25.00109654,109.91,1.58477162
1753769554052,06:12:34.052,bitfinex,LTC/USDT:USDT,109.87,6.37927187,109.86,55.0,109.88,5.26,109.91,1.58477162
1753769554344,06:12:34.344,bitfinex,LTC/USDT:USDT,109.87,6.37927187,109.86,55.0,109.88,5.26,109.91,1.58477162
1753769554345,06:12:34.345,bitfinex,LTC/USDT:USDT,109.87,6.37927187,109.86,55.0,109.88,25.0009364,109.91,1.58477162
1753769554345,06:12:34.345,bitfinex,LTC/USDT:USDT,109.87,6.37927187,109.86,55.0,109.88,25.0009364,109.91,1.58477162
1753769554543,06:12:34.543,bitfinex,LTC/USDT:USDT,109.87,6.37927187,109.86,55.0,109.88,25.0009364,109.91,1.58477162
1753769554544,06:12:34.544,bitfinex,LTC/USDT:USDT,109.87,6.37927187,109.86,55.0,109.88,25.0009364,109.91,1.58477162
1753769554546,06:12:34.546,bitfinex,LTC/USDT:USDT,109.87,6.37927187,109.86,55.0,109.88,25.0009364,109.91,1.58477162
1753769554884,06:12:34.884,bitfinex,LTC/USDT:USDT,109.87,6.37927187,109.86,64.1027,109.88,25.0009364,109.89,9.1006
1753769554898,06:12:34.898,bitfinex,LTC/USDT:USDT,109.87,6.37927187,109.86,64.1027,109.88,25.0009364,109.89,9.1006
1753769555144,06:12:35.144,bitfinex,LTC/USDT:USDT,109.87,6.37927187,109.86,64.1027,109.88,25.0009364,109.89,9.1006
1753769555144,06:12:35.144,bitfinex,LTC/USDT:USDT,109.87,6.37927187,109.86,64.1027,109.88,25.0009364,109.89,9.1006
1753769555146,06:12:35.146,bitfinex,LTC/USDT:USDT,109.87,6.37927187,109.86,64.1027,109.88,25.0009364,109.89,9.1006
1753769555344,06:12:35.344,bitfinex,LTC/USDT:USDT,109.87,6.37927187,109.86,64.1027,109.88,25.0009364,109.89,9.1006
1753769555345,06:12:35.345,bitfinex,LTC/USDT:USDT,109.87,6.37927187,109.86,64.1027,109.88,5.26,109.89,9.1006
1753769555346,06:12:35.346,bitfinex,LTC/USDT:USDT,109.87,6.37927187,109.86,64.1027,109.88,5.26,109.89,9.1006
1753769555544,06:12:35.544,bitfinex,LTC/USDT:USDT,109.87,6.37927187,109.86,64.1027,109.88,5.26,109.89,9.1006
1753769555545,06:12:35.545,bitfinex,LTC/USDT:USDT,109.87,6.37927187,109.86,64.1027,109.88,5.26,109.89,9.1006
1753769555545,06:12:35.545,bitfinex,LTC/USDT:USDT,109.87,6.37927187,109.86,64.1027,109.88,5.26,109.89,9.1006
1753769555859,06:12:35.859,bitfinex,LTC/USDT:USDT,109.87,6.37927187,109.86,64.1027,109.88,12.41318374,109.89,9.1006
1753769555947,06:12:35.947,bitfinex,LTC/USDT:USDT,109.87,6.37927187,109.86,64.1027,109.88,12.41318374,109.89,9.1006
1753769555949,06:12:35.949,bitfinex,LTC/USDT:USDT,109.87,6.37927187,109.86,64.1027,109.88,12.41318374,109.89,9.1006
1753769556244,06:12:36.244,bitfinex,LTC/USDT:USDT,109.87,6.37927187,109.86,64.1027,109.88,12.41318374,109.89,9.1006
1753769556245,06:12:36.245,bitfinex,LTC/USDT:USDT,109.87,6.37927187,109.86,64.1027,109.88,5.26,109.89,9.1006
1753769556246,06:12:36.246,bitfinex,LTC/USDT:USDT,109.87,6.37927187,109.86,64.1027,109.88,5.26,109.89,9.1006
1753769557080,06:12:37.080,bitfinex,LTC/USDT:USDT,109.87,6.37927187,109.86,64.1027,109.88,5.26,109.89,9.1006
1753769557202,06:12:37.202,bitfinex,LTC/USDT:USDT,109.87,6.37927187,109.86,64.1027,109.88,5.26,109.89,9.1006
1753769557224,06:12:37.224,bitfinex,LTC/USDT:USDT,109.87,6.37927187,109.86,64.1027,109.88,5.26,109.89,9.1006
1753769557271,06:12:37.271,bitfinex,LTC/USDT:USDT,109.87,6.37927187,109.86,64.1027,109.88,5.26,109.89,9.1006
1753769557278,06:12:37.278,bitfinex,LTC/USDT:USDT,109.87,6.37927187,109.86,64.1027,109.88,5.26,109.89,9.1006
1753769557899,06:12:37.899,bitfinex,LTC/USDT:USDT,109.87,6.37927187,109.86,64.1027,109.88,5.26,109.89,9.1006
1753769558144,06:12:38.144,bitfinex,LTC/USDT:USDT,109.87,6.37927187,109.86,64.1027,109.88,5.26,109.89,9.1006
1753769558144,06:12:38.144,bitfinex,LTC/USDT:USDT,109.87,6.37927187,109.86,64.1027,109.88,5.26,109.89,9.1006
1753769558145,06:12:38.145,bitfinex,LTC/USDT:USDT,109.87,6.37927187,109.86,64.1027,109.88,5.26,109.89,9.1006
1753769558344,06:12:38.344,bitfinex,LTC/USDT:USDT,109.87,6.37927187,109.86,64.1027,109.88,5.26,109.89,9.1006
1753769558344,06:12:38.344,bitfinex,LTC/USDT:USDT,109.87,6.37927187,109.86,64.1027,109.88,5.26,109.89,9.1006
1753769558345,06:12:38.345,bitfinex,LTC/USDT:USDT,109.87,6.37927187,109.86,64.1027,109.88,5.26,109.89,9.1006
1753769559349,06:12:39.349,bitfinex,LTC/USDT:USDT,109.86,64.1027,109.84,1.82423197,109.88,5.26,109.89,9.1006
1753769559350,06:12:39.350,bitfinex,LTC/USDT:USDT,109.86,64.1027,109.84,1.82423197,109.88,5.26,109.89,9.1006
1753769559538,06:12:39.538,bitfinex,LTC/USDT:USDT,109.86,64.1027,109.84,1.82423197,109.88,5.26,109.89,9.1006
1753769559539,06:12:39.539,bitfinex,LTC/USDT:USDT,109.86,64.1027,109.84,1.82423197,109.88,5.26,109.89,9.1006
1753769559539,06:12:39.539,bitfinex,LTC/USDT:USDT,109.86,64.1027,109.84,1.82423197,109.88,5.26,109.89,9.1006
1753769560545,06:12:40.545,bitfinex,LTC/USDT:USDT,109.86,64.1027,109.84,1.82423197,109.88,5.26,109.89,9.1006
1753769560545,06:12:40.545,bitfinex,LTC/USDT:USDT,109.86,64.1027,109.84,1.82423197,109.88,5.26,109.89,9.1006
1753769560546,06:12:40.546,bitfinex,LTC/USDT:USDT,109.86,64.1027,109.84,1.82423197,109.88,5.26,109.89,9.1006
1753769561244,06:12:41.244,bitfinex,LTC/USDT:USDT,109.86,64.1027,109.84,1.82423197,109.88,5.26,109.89,9.1006
1753769561245,06:12:41.245,bitfinex,LTC/USDT:USDT,109.86,64.1027,109.84,1.82423197,109.88,5.26,109.89,9.1006
1753769561245,06:12:41.245,bitfinex,LTC/USDT:USDT,109.86,64.1027,109.84,1.82423197,109.88,5.26,109.89,9.1006
1753769561445,06:12:41.445,bitfinex,LTC/USDT:USDT,109.86,64.1027,109.84,1.82423197,109.88,5.26,109.89,9.1006
1753769561446,06:12:41.446,bitfinex,LTC/USDT:USDT,109.86,64.1027,109.84,1.82423197,109.88,5.26,109.89,9.1006
1753769561647,06:12:41.647,bitfinex,LTC/USDT:USDT,109.86,64.1027,109.84,1.82423197,109.88,5.26,109.89,9.1006
1753769561648,06:12:41.648,bitfinex,LTC/USDT:USDT,109.86,64.1027,109.84,1.82423197,109.88,5.26,109.89,9.1006
1753769561649,06:12:41.649,bitfinex,LTC/USDT:USDT,109.86,64.1027,109.84,1.82423197,109.88,5.26,109.89,9.1006
1753769562046,06:12:42.046,bitfinex,LTC/USDT:USDT,109.86,64.1027,109.84,1.82423197,109.88,5.26,109.89,9.1006
1753769562047,06:12:42.047,bitfinex,LTC/USDT:USDT,109.86,64.1027,109.84,1.82423197,109.88,5.26,109.89,9.1006
1753769562252,06:12:42.252,bitfinex,LTC/USDT:USDT,109.86,64.1027,109.84,1.82423197,109.88,5.26,109.89,9.1006
1753769562253,06:12:42.253,bitfinex,LTC/USDT:USDT,109.86,64.1027,109.84,1.82423197,109.88,5.26,109.89,9.1006
1753769562253,06:12:42.253,bitfinex,LTC/USDT:USDT,109.86,64.1027,109.84,1.82423197,109.88,5.26,109.89,9.1006
1753769562446,06:12:42.446,bitfinex,LTC/USDT:USDT,109.86,64.1027,109.84,1.82423197,109.88,5.26,109.89,9.1006
1753769562446,06:12:42.446,bitfinex,LTC/USDT:USDT,109.86,64.1027,109.84,1.82423197,109.88,5.26,109.89,9.1006
1753769562447,06:12:42.447,bitfinex,LTC/USDT:USDT,109.86,64.1027,109.84,1.82423197,109.88,5.26,109.89,9.1006
1753769563147,06:12:43.147,bitfinex,LTC/USDT:USDT,109.86,64.1027,109.84,1.82423197,109.88,5.26,109.89,9.1006
1753769563148,06:12:43.148,bitfinex,LTC/USDT:USDT,109.86,64.1027,109.84,1.82423197,109.88,5.26,109.89,9.1006
1753769563148,06:12:43.148,bitfinex,LTC/USDT:USDT,109.86,64.1027,109.84,1.82423197,109.88,5.26,109.89,9.1006
1753769563448,06:12:43.448,bitfinex,LTC/USDT:USDT,109.86,64.1027,109.84,1.82423197,109.88,5.26,109.89,9.1006
1753769563448,06:12:43.448,bitfinex,LTC/USDT:USDT,109.86,64.1027,109.84,1.82423197,109.88,5.26,109.89,9.1006
1753769563449,06:12:43.449,bitfinex,LTC/USDT:USDT,109.86,64.1027,109.84,1.82423197,109.88,5.26,109.89,9.1006
1753769563748,06:12:43.748,bitfinex,LTC/USDT:USDT,109.86,64.1027,109.84,1.82423197,109.88,5.26,109.89,9.1006
1753769563748,06:12:43.748,bitfinex,LTC/USDT:USDT,109.86,64.1027,109.84,1.82423197,109.88,5.26,109.89,9.1006
1753769563749,06:12:43.749,bitfinex,LTC/USDT:USDT,109.86,64.1027,109.84,1.82423197,109.88,5.26,109.89,9.1006
1753769563945,06:12:43.945,bitfinex,LTC/USDT:USDT,109.86,64.1027,109.84,1.82423197,109.88,5.26,109.89,9.1006
1753769563946,06:12:43.946,bitfinex,LTC/USDT:USDT,109.86,64.1027,109.84,1.82423197,109.88,5.26,109.89,9.1006
1753769563946,06:12:43.946,bitfinex,LTC/USDT:USDT,109.86,64.1027,109.84,1.82423197,109.88,5.26,109.89,9.1006
1753769564142,06:12:44.142,bitfinex,LTC/USDT:USDT,109.86,64.1027,109.84,1.82423197,109.88,5.26,109.89,9.1006
1753769564142,06:12:44.142,bitfinex,LTC/USDT:USDT,109.86,64.1027,109.84,1.82423197,109.88,5.26,109.89,9.1006
1753769564143,06:12:44.143,bitfinex,LTC/USDT:USDT,109.86,64.1027,109.84,1.82423197,109.88,5.26,109.89,9.1006
1753769564346,06:12:44.346,bitfinex,LTC/USDT:USDT,109.86,64.1027,109.84,1.82423197,109.88,5.26,109.89,9.1006
1753769564347,06:12:44.347,bitfinex,LTC/USDT:USDT,109.86,64.1027,109.84,1.82423197,109.88,5.26,109.89,9.1006
1753769564561,06:12:44.561,bitfinex,LTC/USDT:USDT,109.86,64.1027,109.84,1.82423197,109.88,5.26,109.89,9.1006
1753769564571,06:12:44.571,bitfinex,LTC/USDT:USDT,109.86,64.1027,109.84,1.82423197,109.88,5.26,109.89,9.1006
1753769565366,06:12:45.366,bitfinex,LTC/USDT:USDT,109.86,64.1027,109.84,1.82423197,109.88,5.26,109.89,9.1006
1753769565367,06:12:45.367,bitfinex,LTC/USDT:USDT,109.86,64.1027,109.84,1.82423197,109.88,5.26,109.89,9.1006
1753769565551,06:12:45.551,bitfinex,LTC/USDT:USDT,109.86,64.1027,109.84,1.82423197,109.88,5.26,109.89,9.1006
1753769565551,06:12:45.551,bitfinex,LTC/USDT:USDT,109.86,64.1027,109.84,1.82423197,109.88,5.26,109.89,9.1006
1753769565552,06:12:45.552,bitfinex,LTC/USDT:USDT,109.86,64.1027,109.84,1.82423197,109.88,5.26,109.89,9.1006
1753769566151,06:12:46.151,bitfinex,LTC/USDT:USDT,109.86,64.1027,109.84,1.82423197,109.88,5.26,109.89,9.1006
1753769566152,06:12:46.152,bitfinex,LTC/USDT:USDT,109.86,64.1027,109.84,1.82423197,109.88,5.26,109.89,9.1006
1753769566152,06:12:46.152,bitfinex,LTC/USDT:USDT,109.86,64.1027,109.84,1.82423197,109.88,5.26,109.89,9.1006
1753769566352,06:12:46.352,bitfinex,LTC/USDT:USDT,109.86,64.1027,109.84,1.82423197,109.88,5.26,109.89,9.1006
1753769566354,06:12:46.354,bitfinex,LTC/USDT:USDT,109.86,64.1027,109.84,1.82423197,109.88,5.26,109.89,9.1006
1753769566354,06:12:46.354,bitfinex,LTC/USDT:USDT,109.86,64.1027,109.84,1.82423197,109.88,5.26,109.89,9.1006
1753769566649,06:12:46.649,bitfinex,LTC/USDT:USDT,109.86,64.1027,109.84,1.82423197,109.88,5.26,109.89,9.1006
1753769566650,06:12:46.650,bitfinex,LTC/USDT:USDT,109.86,64.1027,109.84,1.82423197,109.88,5.26,109.89,9.1006
1753769566650,06:12:46.650,bitfinex,LTC/USDT:USDT,109.86,64.1027,109.84,1.82423197,109.88,5.26,109.89,9.1006
1753769567152,06:12:47.152,bitfinex,LTC/USDT:USDT,109.86,64.1027,109.84,1.82423197,109.88,5.26,109.89,9.1006
1753769567152,06:12:47.152,bitfinex,LTC/USDT:USDT,109.86,64.1027,109.84,1.82423197,109.88,5.26,109.89,9.1006
1753769567153,06:12:47.153,bitfinex,LTC/USDT:USDT,109.86,64.1027,109.84,1.82423197,109.88,5.26,109.89,9.1006
1753769567449,06:12:47.449,bitfinex,LTC/USDT:USDT,109.86,64.1027,109.84,1.82423197,109.88,5.26,109.89,9.1006
1753769567450,06:12:47.450,bitfinex,LTC/USDT:USDT,109.86,64.1027,109.84,1.82423197,109.88,5.26,109.89,9.1006
1753769568853,06:12:48.853,bitfinex,LTC/USDT:USDT,109.86,64.1027,109.84,1.82423197,109.88,5.26,109.89,9.1006
1753769568854,06:12:48.854,bitfinex,LTC/USDT:USDT,109.86,64.1027,109.84,1.82423197,109.88,5.26,109.89,9.1006
1753769569060,06:12:49.060,bitfinex,LTC/USDT:USDT,109.86,64.1027,109.84,1.82423197,109.88,5.26,109.89,9.1006
1753769569061,06:12:49.061,bitfinex,LTC/USDT:USDT,109.86,64.1027,109.84,1.82423197,109.88,5.26,109.89,9.1006
1753769569354,06:12:49.354,bitfinex,LTC/USDT:USDT,109.86,64.1027,109.84,1.82423197,109.88,5.26,109.89,9.1006
1753769569355,06:12:49.355,bitfinex,LTC/USDT:USDT,109.86,64.1027,109.84,1.82423197,109.88,5.26,109.89,9.1006
1753769569356,06:12:49.356,bitfinex,LTC/USDT:USDT,109.86,64.1027,109.84,1.82423197,109.88,5.26,109.89,9.1006
1753769570263,06:12:50.263,bitfinex,LTC/USDT:USDT,109.86,64.1027,109.84,1.82423197,109.88,5.26,109.89,9.1006
1753769570267,06:12:50.267,bitfinex,LTC/USDT:USDT,109.86,64.1027,109.84,1.82423197,109.88,5.26,109.89,9.1006
1753769571357,06:12:51.357,bitfinex,LTC/USDT:USDT,109.86,64.1027,109.84,1.82423197,109.88,5.26,109.89,9.1006
1753769571357,06:12:51.357,bitfinex,LTC/USDT:USDT,109.86,64.1027,109.84,1.82423197,109.88,5.26,109.89,9.1006
1753769571358,06:12:51.358,bitfinex,LTC/USDT:USDT,109.86,64.1027,109.84,1.82423197,109.88,5.26,109.89,9.1006
1753769571556,06:12:51.556,bitfinex,LTC/USDT:USDT,109.86,64.1027,109.84,1.82423197,109.88,5.26,109.89,9.1006
1753769571557,06:12:51.557,bitfinex,LTC/USDT:USDT,109.86,64.1027,109.84,1.82423197,109.88,5.26,109.89,9.1006
1753769572360,06:12:52.360,bitfinex,LTC/USDT:USDT,109.86,64.1027,109.84,1.82423197,109.88,5.26,109.89,9.1006
1753769572361,06:12:52.361,bitfinex,LTC/USDT:USDT,109.86,64.1027,109.84,1.82423197,109.88,5.26,109.89,9.1006
1753769572361,06:12:52.361,bitfinex,LTC/USDT:USDT,109.86,64.1027,109.84,1.82423197,109.88,5.26,109.89,9.1006
1753769573161,06:12:53.161,bitfinex,LTC/USDT:USDT,109.86,64.1027,109.84,1.82423197,109.88,5.26,109.89,9.1006
1753769573163,06:12:53.163,bitfinex,LTC/USDT:USDT,109.86,64.1027,109.84,1.82423197,109.88,5.26,109.89,9.1006
1753769574661,06:12:54.661,bitfinex,LTC/USDT:USDT,109.86,64.1027,109.84,1.82423197,109.88,5.26,109.89,9.1006
1753769574861,06:12:54.861,bitfinex,LTC/USDT:USDT,109.86,64.1027,109.84,1.82423197,109.88,5.26,109.89,9.1006
1753769575962,06:12:55.962,bitfinex,LTC/USDT:USDT,109.86,64.1027,109.84,1.82423197,109.88,5.26,109.89,9.1006
1753769575963,06:12:55.963,bitfinex,LTC/USDT:USDT,109.87,9.102,109.86,55.0,109.88,5.26,109.91,9.0992
1753769575963,06:12:55.963,bitfinex,LTC/USDT:USDT,109.87,9.102,109.86,55.0,109.88,5.26,109.91,9.0992
1753769576162,06:12:56.162,bitfinex,LTC/USDT:USDT,109.87,9.102,109.86,55.0,109.88,5.26,109.91,9.0992
1753769576163,06:12:56.163,bitfinex,LTC/USDT:USDT,109.87,9.102,109.86,55.0,109.88,5.26,109.91,9.0992
1753769576164,06:12:56.164,bitfinex,LTC/USDT:USDT,109.87,9.102,109.86,55.0,109.88,5.26,109.91,9.0992
1753769576367,06:12:56.367,bitfinex,LTC/USDT:USDT,109.87,9.102,109.86,55.0,109.88,5.26,109.91,9.0992
1753769576368,06:12:56.368,bitfinex,LTC/USDT:USDT,109.87,9.102,109.86,55.0,109.88,5.26,109.91,9.0992
1753769576369,06:12:56.369,bitfinex,LTC/USDT:USDT,109.87,9.102,109.86,55.0,109.88,5.26,109.91,9.0992
1753769576661,06:12:56.661,bitfinex,LTC/USDT:USDT,109.87,9.102,109.86,55.0,109.88,5.26,109.91,9.0992
1753769576661,06:12:56.661,bitfinex,LTC/USDT:USDT,109.87,9.102,109.86,55.0,109.88,5.26,109.91,9.0992
1753769576662,06:12:56.662,bitfinex,LTC/USDT:USDT,109.87,9.102,109.86,55.0,109.88,5.26,109.91,9.0992
1753769577364,06:12:57.364,bitfinex,LTC/USDT:USDT,109.87,9.102,109.86,55.0,109.88,5.26,109.91,9.0992
1753769577365,06:12:57.365,bitfinex,LTC/USDT:USDT,109.87,9.102,109.86,55.0,109.88,5.26,109.91,9.0992
1753769577765,06:12:57.765,bitfinex,LTC/USDT:USDT,109.87,9.102,109.86,55.0,109.88,5.26,109.91,9.0992
1753769577963,06:12:57.963,bitfinex,LTC/USDT:USDT,109.87,9.102,109.86,55.0,109.88,5.26,109.91,9.0992
1753769577964,06:12:57.964,bitfinex,LTC/USDT:USDT,109.87,9.102,109.86,55.0,109.88,5.26,109.91,9.0992
1753769578164,06:12:58.164,bitfinex,LTC/USDT:USDT,109.87,15.44922955,109.86,55.0,109.88,5.26,109.91,9.0992
1753769578662,06:12:58.662,bitfinex,LTC/USDT:USDT,109.87,15.44922955,109.86,55.0,109.88,5.26,109.91,9.0992
1753769578662,06:12:58.662,bitfinex,LTC/USDT:USDT,109.87,15.44922955,109.86,55.0,109.88,5.26,109.91,9.0992
1753769578663,06:12:58.663,bitfinex,LTC/USDT:USDT,109.87,15.44922955,109.86,55.0,109.88,5.26,109.91,9.0992
1753769579265,06:12:59.265,bitfinex,LTC/USDT:USDT,109.87,15.44922955,109.86,55.0,109.88,5.26,109.91,9.0992
1753769579266,06:12:59.266,bitfinex,LTC/USDT:USDT,109.87,15.44922955,109.86,55.0,109.88,5.26,109.91,9.0992
1753769579482,06:12:59.482,bitfinex,LTC/USDT:USDT,109.87,15.44922955,109.86,55.0,109.88,5.26,109.91,9.0992
1753769579484,06:12:59.484,bitfinex,LTC/USDT:USDT,109.87,15.44922955,109.86,55.0,109.88,5.26,109.91,9.0992
1753769580264,06:13:00.264,bitfinex,LTC/USDT:USDT,109.87,15.44922955,109.86,55.0,109.88,5.26,109.91,9.0992
1753769580264,06:13:00.264,bitfinex,LTC/USDT:USDT,109.87,15.44922955,109.86,55.0,109.88,5.26,109.91,9.0992
1753769580459,06:13:00.459,bitfinex,LTC/USDT:USDT,109.87,15.44922955,109.86,55.0,109.88,5.26,109.91,9.0992
1753769580460,06:13:00.460,bitfinex,LTC/USDT:USDT,109.87,15.44922955,109.86,55.0,109.88,5.26,109.91,9.0992
1753769580768,06:13:00.768,bitfinex,LTC/USDT:USDT,109.87,15.44922955,109.86,55.0,109.88,5.26,109.91,9.0992
1753769581089,06:13:01.089,bitfinex,LTC/USDT:USDT,109.87,15.44922955,109.86,55.0,109.89,5.28,109.9,9.0997
1753769581096,06:13:01.096,bitfinex,LTC/USDT:USDT,109.87,15.44922955,109.86,55.0,109.89,5.28,109.9,9.0997
1753769581269,06:13:01.269,bitfinex,LTC/USDT:USDT,109.87,15.44922955,109.85,40.9954,109.89,5.28,109.9,9.0997
1753769581269,06:13:01.269,bitfinex,LTC/USDT:USDT,109.88,54.96,109.87,15.44922955,109.89,5.28,109.9,9.0997
1753769581269,06:13:01.269,bitfinex,LTC/USDT:USDT,109.88,54.96,109.87,9.102,109.89,5.28,109.9,9.0997
1753769581464,06:13:01.464,bitfinex,LTC/USDT:USDT,109.88,54.96,109.87,9.102,109.89,5.28,109.9,9.0997
1753769581465,06:13:01.465,bitfinex,LTC/USDT:USDT,109.88,54.96,109.87,9.102,109.89,5.28,109.9,9.0997
1753769581465,06:13:01.465,bitfinex,LTC/USDT:USDT,109.88,54.96,109.87,9.102,109.89,5.28,109.9,9.0997
1753769581663,06:13:01.663,bitfinex,LTC/USDT:USDT,109.88,54.96,109.87,9.102,109.89,5.28,109.9,9.0997
1753769581663,06:13:01.663,bitfinex,LTC/USDT:USDT,109.88,54.96,109.87,9.102,109.89,5.28,109.9,9.0997
1753769581862,06:13:01.862,bitfinex,LTC/USDT:USDT,109.88,54.96,109.87,9.102,109.89,5.28,109.9,9.0997
1753769581862,06:13:01.862,bitfinex,LTC/USDT:USDT,109.88,54.96,109.87,9.102,109.89,5.28,109.9,9.0997
1753769581863,06:13:01.863,bitfinex,LTC/USDT:USDT,109.88,54.96,109.87,9.102,109.89,5.28,109.9,9.0997
1753769582068,06:13:02.068,bitfinex,LTC/USDT:USDT,109.88,54.96,109.87,9.102,109.89,5.28,109.9,9.0997
1753769582069,06:13:02.069,bitfinex,LTC/USDT:USDT,109.88,54.96,109.87,9.102,109.89,5.28,109.9,9.0997
1753769582071,06:13:02.071,bitfinex,LTC/USDT:USDT,109.88,54.96,109.87,9.102,109.89,5.28,109.9,9.0997
1753769582265,06:13:02.265,bitfinex,LTC/USDT:USDT,109.88,54.96,109.87,9.102,109.89,5.28,109.9,9.0997
1753769582266,06:13:02.266,bitfinex,LTC/USDT:USDT,109.88,54.96,109.87,9.102,109.89,5.28,109.9,9.0997
1753769582266,06:13:02.266,bitfinex,LTC/USDT:USDT,109.88,54.96,109.87,9.102,109.89,5.28,109.9,9.0997
1753769582469,06:13:02.469,bitfinex,LTC/USDT:USDT,109.88,54.96,109.87,9.102,109.89,5.28,109.9,9.0997
1753769582469,06:13:02.469,bitfinex,LTC/USDT:USDT,109.88,54.96,109.87,9.102,109.89,5.28,109.9,9.0997
1753769582470,06:13:02.470,bitfinex,LTC/USDT:USDT,109.88,54.96,109.87,9.102,109.89,5.28,109.9,9.0997
1753769583071,06:13:03.071,bitfinex,LTC/USDT:USDT,109.88,54.96,109.87,9.102,109.89,5.28,109.9,9.0997
1753769583072,06:13:03.072,bitfinex,LTC/USDT:USDT,109.88,54.96,109.87,9.102,109.89,5.28,109.9,9.0997
1753769583671,06:13:03.671,bitfinex,LTC/USDT:USDT,109.88,54.96,109.87,9.102,109.89,5.28,109.9,9.0997
1753769583672,06:13:03.672,bitfinex,LTC/USDT:USDT,109.88,54.96,109.87,9.102,109.89,5.28,109.9,9.0997
1753769583672,06:13:03.672,bitfinex,LTC/USDT:USDT,109.88,54.96,109.87,9.102,109.89,5.28,109.9,9.0997
1753769583970,06:13:03.970,bitfinex,LTC/USDT:USDT,109.88,54.96,109.87,9.102,109.89,5.28,109.9,9.0997
1753769583971,06:13:03.971,bitfinex,LTC/USDT:USDT,109.88,54.96,109.87,9.102,109.89,14.3803,109.92,1.82423197
1753769583971,06:13:03.971,bitfinex,LTC/USDT:USDT,109.88,54.96,109.87,9.102,109.89,14.3803,109.92,1.82423197
1753769584274,06:13:04.274,bitfinex,LTC/USDT:USDT,109.88,54.96,109.84,30.98846394,109.89,14.3803,109.92,1.82423197
1753769584275,06:13:04.275,bitfinex,LTC/USDT:USDT,109.88,54.96,109.86,9.1025,109.89,21.53512824,109.92,15.47153197
1753769584276,06:13:04.276,bitfinex,LTC/USDT:USDT,109.88,54.96,109.86,9.1025,109.89,21.53512824,109.92,15.47153197
1753769584472,06:13:04.472,bitfinex,LTC/USDT:USDT,109.88,54.96,109.86,9.1025,109.89,21.53512824,109.92,15.47153197
1753769584472,06:13:04.472,bitfinex,LTC/USDT:USDT,109.88,54.96,109.86,9.1025,109.89,34.08323496,109.92,15.47153197
1753769584473,06:13:04.473,bitfinex,LTC/USDT:USDT,109.88,54.96,109.86,9.1025,109.89,34.08323496,109.92,15.47153197
1753769584886,06:13:04.886,bitfinex,LTC/USDT:USDT,109.88,54.96,109.86,9.1025,109.89,34.08323496,109.92,15.47153197
1753769584952,06:13:04.952,bitfinex,LTC/USDT:USDT,109.88,54.96,109.86,9.1025,109.89,34.08323496,109.92,15.47153197
1753769585047,06:13:05.047,bitfinex,LTC/USDT:USDT,109.88,54.96,109.86,9.1025,109.89,25.06810851,109.92,15.47153197
1753769585370,06:13:05.370,bitfinex,LTC/USDT:USDT,109.88,54.96,109.86,9.1025,109.89,25.06810851,109.92,15.47153197
1753769585371,06:13:05.371,bitfinex,LTC/USDT:USDT,109.88,54.96,109.86,9.1025,109.89,34.08551575,109.92,15.47153197
1753769585372,06:13:05.372,bitfinex,LTC/USDT:USDT,109.88,54.96,109.86,9.1025,109.89,34.08551575,109.92,15.47153197
1753769585583,06:13:05.583,bitfinex,LTC/USDT:USDT,109.88,54.96,109.86,9.1025,109.89,34.08551575,109.92,15.47153197
1753769585584,06:13:05.584,bitfinex,LTC/USDT:USDT,109.88,54.96,109.86,9.1025,109.89,34.08551575,109.92,15.47153197
1753769585584,06:13:05.584,bitfinex,LTC/USDT:USDT,109.88,54.96,109.86,9.1025,109.89,34.08551575,109.92,15.47153197
1753769585774,06:13:05.774,bitfinex,LTC/USDT:USDT,109.88,54.96,109.86,9.1025,109.89,34.08551575,109.92,15.47153197
1753769585774,06:13:05.774,bitfinex,LTC/USDT:USDT,109.88,54.96,109.86,9.1025,109.89,34.08551575,109.92,15.47153197
1753769586070,06:13:06.070,bitfinex,LTC/USDT:USDT,109.88,54.96,109.86,9.1025,109.89,34.08551575,109.92,15.47153197
1753769586071,06:13:06.071,bitfinex,LTC/USDT:USDT,109.88,54.96,109.86,9.1025,109.89,34.08551575,109.92,15.47153197
1753769586073,06:13:06.073,bitfinex,LTC/USDT:USDT,109.88,54.96,109.86,9.1025,109.89,25.06810851,109.92,15.47153197
1753769586271,06:13:06.271,bitfinex,LTC/USDT:USDT,109.88,54.96,109.86,9.1025,109.89,25.06810851,109.92,15.47153197
1753769586271,06:13:06.271,bitfinex,LTC/USDT:USDT,109.88,54.96,109.86,9.1025,109.89,25.06810851,109.92,15.47153197
1753769586272,06:13:06.272,bitfinex,LTC/USDT:USDT,109.88,54.96,109.86,9.1025,109.89,14.3803,109.92,15.47153197
1753769586473,06:13:06.473,bitfinex,LTC/USDT:USDT,109.88,54.96,109.86,9.1025,109.89,14.3803,109.92,15.47153197
1753769586474,06:13:06.474,bitfinex,LTC/USDT:USDT,109.88,54.96,109.86,9.1025,109.89,34.10799539,109.92,15.47153197
1753769586474,06:13:06.474,bitfinex,LTC/USDT:USDT,109.88,54.96,109.86,9.1025,109.89,34.10799539,109.92,15.47153197
1753769586674,06:13:06.674,bitfinex,LTC/USDT:USDT,109.88,54.96,109.86,9.1025,109.89,34.10799539,109.92,15.47153197
1753769586675,06:13:06.675,bitfinex,LTC/USDT:USDT,109.88,54.96,109.86,9.1025,109.89,34.10799539,109.92,15.47153197
1753769586676,06:13:06.676,bitfinex,LTC/USDT:USDT,109.88,54.96,109.86,9.1025,109.89,25.07789094,109.92,15.47153197
1753769586883,06:13:06.883,bitfinex,LTC/USDT:USDT,109.88,54.96,109.86,9.1025,109.89,25.07789094,109.92,15.47153197
1753769586884,06:13:06.884,bitfinex,LTC/USDT:USDT,109.88,54.96,109.86,9.1025,109.89,25.07789094,109.92,15.47153197
1753769587084,06:13:07.084,bitfinex,LTC/USDT:USDT,109.88,54.96,109.86,9.1025,109.89,34.10788503,109.92,15.47153197
1753769587267,06:13:07.267,bitfinex,LTC/USDT:USDT,109.88,54.96,109.86,9.1025,109.89,34.10788503,109.92,15.47153197
1753769587268,06:13:07.268,bitfinex,LTC/USDT:USDT,109.88,54.96,109.86,9.1025,109.89,34.10788503,109.92,17.29576394
1753769587268,06:13:07.268,bitfinex,LTC/USDT:USDT,109.88,54.96,109.86,9.1025,109.89,34.10788503,109.92,17.29576394
1753769587475,06:13:07.475,bitfinex,LTC/USDT:USDT,109.88,54.96,109.86,9.1025,109.89,34.10788503,109.92,17.29576394
1753769587476,06:13:07.476,bitfinex,LTC/USDT:USDT,109.88,54.96,109.86,9.1025,109.89,34.10788503,109.92,15.47153197
1753769587477,06:13:07.477,bitfinex,LTC/USDT:USDT,109.88,54.96,109.86,9.1025,109.89,34.10788503,109.92,15.47153197
1753769587675,06:13:07.675,bitfinex,LTC/USDT:USDT,109.88,54.96,109.86,9.1025,109.89,34.10788503,109.92,15.47153197
1753769587675,06:13:07.675,bitfinex,LTC/USDT:USDT,109.88,54.96,109.86,9.1025,109.89,34.10788503,109.92,15.47153197
1753769587676,06:13:07.676,bitfinex,LTC/USDT:USDT,109.88,54.96,109.86,9.1025,109.89,34.10918554,109.92,15.47153197
1753769588576,06:13:08.576,bitfinex,LTC/USDT:USDT,109.88,54.96,109.86,9.1025,109.89,34.10918554,109.92,15.47153197
1753769588576,06:13:08.576,bitfinex,LTC/USDT:USDT,109.88,54.96,109.86,9.1025,109.89,34.10918554,109.92,17.29576394
1753769588577,06:13:08.577,bitfinex,LTC/USDT:USDT,109.88,54.96,109.86,9.1025,109.89,34.10918554,109.92,17.29576394
1753769588791,06:13:08.791,bitfinex,LTC/USDT:USDT,109.88,54.96,109.86,9.1025,109.89,34.10918554,109.92,17.29576394
1753769588792,06:13:08.792,bitfinex,LTC/USDT:USDT,109.88,54.96,109.86,9.1025,109.89,34.10918554,109.92,17.29576394
1753769588792,06:13:08.792,bitfinex,LTC/USDT:USDT,109.88,54.96,109.86,9.1025,109.89,34.10918554,109.92,17.29576394
1753769588977,06:13:08.977,bitfinex,LTC/USDT:USDT,109.88,54.96,109.86,9.1025,109.89,34.10918554,109.92,17.29576394
1753769588977,06:13:08.977,bitfinex,LTC/USDT:USDT,109.88,54.96,109.86,9.1025,109.89,34.10918554,109.92,17.29576394
1753769588978,06:13:08.978,bitfinex,LTC/USDT:USDT,109.88,54.96,109.86,9.1025,109.89,34.10918554,109.92,17.29576394
1753769589274,06:13:09.274,bitfinex,LTC/USDT:USDT,109.88,54.96,109.86,9.1025,109.89,34.10918554,109.92,17.29576394
1753769589275,06:13:09.275,bitfinex,LTC/USDT:USDT,109.88,54.96,109.86,9.1025,109.89,34.10918554,109.92,17.29576394
1753769589278,06:13:09.278,bitfinex,LTC/USDT:USDT,109.88,54.96,109.86,9.1025,109.89,34.10918554,109.92,17.29576394
1753769589481,06:13:09.481,bitfinex,LTC/USDT:USDT,109.88,54.96,109.86,9.1025,109.89,34.10918554,109.92,17.29576394
1753769589483,06:13:09.483,bitfinex,LTC/USDT:USDT,109.88,54.96,109.86,9.1025,109.89,34.10918554,109.92,17.29576394
1753769589779,06:13:09.779,bitfinex,LTC/USDT:USDT,109.88,54.96,109.86,9.1025,109.89,34.10918554,109.92,17.29576394
1753769589781,06:13:09.781,bitfinex,LTC/USDT:USDT,109.88,54.96,109.86,9.1025,109.89,34.10918554,109.92,17.29576394
1753769589781,06:13:09.781,bitfinex,LTC/USDT:USDT,109.88,54.96,109.86,9.1025,109.89,34.10918554,109.92,17.29576394
1753769589975,06:13:09.975,bitfinex,LTC/USDT:USDT,109.88,54.96,109.86,9.1025,109.89,34.10918554,109.92,17.29576394
1753769589975,06:13:09.975,bitfinex,LTC/USDT:USDT,109.88,54.96,109.86,9.1025,109.89,34.10918554,109.92,17.29576394
1753769589976,06:13:09.976,bitfinex,LTC/USDT:USDT,109.88,54.96,109.86,9.1025,109.89,34.10918554,109.92,17.29576394
1753769590175,06:13:10.175,bitfinex,LTC/USDT:USDT,109.88,54.96,109.86,9.1025,109.89,34.10918554,109.92,17.29576394
1753769590176,06:13:10.176,bitfinex,LTC/USDT:USDT,109.88,54.96,109.86,9.1025,109.89,34.10918554,109.92,17.29576394
1753769590176,06:13:10.176,bitfinex,LTC/USDT:USDT,109.88,54.96,109.86,9.1025,109.89,34.10918554,109.92,17.29576394
1753769590477,06:13:10.477,bitfinex,LTC/USDT:USDT,109.88,54.96,109.86,9.1025,109.89,34.10918554,109.92,17.29576394
1753769590477,06:13:10.477,bitfinex,LTC/USDT:USDT,109.88,54.96,109.86,9.1025,109.89,34.10918554,109.92,17.29576394
1753769590478,06:13:10.478,bitfinex,LTC/USDT:USDT,109.88,54.96,109.86,9.1025,109.89,34.10918554,109.92,17.29576394
1753769590783,06:13:10.783,bitfinex,LTC/USDT:USDT,109.88,54.96,109.86,9.1025,109.89,34.10918554,109.92,17.29576394
1753769590785,06:13:10.785,bitfinex,LTC/USDT:USDT,109.88,54.96,109.86,9.1025,109.89,34.10918554,109.92,17.29576394
1753769590795,06:13:10.795,bitfinex,LTC/USDT:USDT,109.88,54.96,109.86,9.1025,109.89,34.10918554,109.92,17.29576394
1753769590982,06:13:10.982,bitfinex,LTC/USDT:USDT,109.88,54.96,109.86,9.1025,109.89,34.10918554,109.92,17.29576394
1753769590982,06:13:10.982,bitfinex,LTC/USDT:USDT,109.88,54.96,109.86,9.1025,109.89,34.10918554,109.92,17.29576394
1753769591206,06:13:11.206,bitfinex,LTC/USDT:USDT,109.88,54.96,109.86,9.1025,109.89,34.10918554,109.92,17.29576394
1753769591233,06:13:11.233,bitfinex,LTC/USDT:USDT,109.88,54.96,109.86,9.1025,109.89,34.10918554,109.92,17.29576394
1753769591500,06:13:11.500,bitfinex,LTC/USDT:USDT,109.88,54.96,109.86,9.1025,109.89,34.10918554,109.92,17.29576394
1753769591510,06:13:11.510,bitfinex,LTC/USDT:USDT,109.88,54.96,109.86,9.1025,109.89,34.10918554,109.92,17.29576394
1753769592321,06:13:12.321,bitfinex,LTC/USDT:USDT,109.88,54.96,109.86,9.1025,109.89,34.10918554,109.92,17.29576394
1753769592322,06:13:12.322,bitfinex,LTC/USDT:USDT,109.88,54.96,109.86,9.1025,109.89,34.10918554,109.92,17.29576394
1753769592780,06:13:12.780,bitfinex,LTC/USDT:USDT,109.88,54.96,109.86,9.1025,109.89,34.10918554,109.92,17.29576394
1753769592782,06:13:12.782,bitfinex,LTC/USDT:USDT,109.88,54.96,109.86,9.1025,109.89,34.10918554,109.92,17.29576394
1753769592783,06:13:12.783,bitfinex,LTC/USDT:USDT,109.88,54.96,109.86,9.1025,109.89,34.10918554,109.92,17.29576394
1753769593279,06:13:13.279,bitfinex,LTC/USDT:USDT,109.88,54.96,109.86,9.1025,109.89,34.10918554,109.92,17.29576394
1753769593280,06:13:13.280,bitfinex,LTC/USDT:USDT,109.88,54.96,109.86,9.1025,109.89,34.10918554,109.92,17.29576394
1753769593280,06:13:13.280,bitfinex,LTC/USDT:USDT,109.88,54.96,109.86,9.1025,109.89,34.10918554,109.92,17.29576394
1753769593512,06:13:13.512,bitfinex,LTC/USDT:USDT,109.88,54.96,109.86,9.1025,109.89,34.10918554,109.92,17.29576394
1753769593519,06:13:13.519,bitfinex,LTC/USDT:USDT,109.88,54.96,109.86,9.1025,109.89,34.10918554,109.92,15.47153197
1753769593835,06:13:13.835,bitfinex,LTC/USDT:USDT,109.86,9.1025,109.84,29.16423197,109.89,34.10918554,109.92,15.47153197
1753769593845,06:13:13.845,bitfinex,LTC/USDT:USDT,109.83,7.55077761,109.82,29.16423197,109.87,5.26,109.89,19.72888554
1753769593864,06:13:13.864,bitfinex,LTC/USDT:USDT,109.83,7.55077761,109.82,29.16423197,109.87,5.26,109.89,19.72888554
1753769594113,06:13:14.113,bitfinex,LTC/USDT:USDT,109.82,29.16423197,109.81,23.77381298,109.87,5.26,109.89,19.72888554
1753769594119,06:13:14.119,bitfinex,LTC/USDT:USDT,109.84,75.90863026,109.82,36.71500958,109.87,5.26,109.9,3.64846394
1753769594125,06:13:14.125,bitfinex,LTC/USDT:USDT,109.84,75.90863026,109.82,36.71500958,109.87,5.26,109.9,3.64846394
1753769594273,06:13:14.273,bitfinex,LTC/USDT:USDT,109.84,75.90863026,109.82,36.71500958,109.87,5.26,109.9,3.64846394
1753769594274,06:13:14.274,bitfinex,LTC/USDT:USDT,109.85,20.94863026,109.84,54.96,109.87,5.26,109.9,1.82423197
1753769594276,06:13:14.276,bitfinex,LTC/USDT:USDT,109.85,20.94863026,109.84,54.96,109.87,5.26,109.9,1.82423197
1753769594474,06:13:14.474,bitfinex,LTC/USDT:USDT,109.84,54.96,109.82,36.71500958,109.87,5.26,109.9,1.82423197
1753769594475,06:13:14.475,bitfinex,LTC/USDT:USDT,109.86,69.08401982,109.82,36.71500958,109.87,5.26,109.9,1.82423197
1753769594476,06:13:14.476,bitfinex,LTC/USDT:USDT,109.86,69.08401982,109.82,36.71500958,109.87,5.26,109.9,1.82423197
1753769594678,06:13:14.678,bitfinex,LTC/USDT:USDT,109.86,69.08401982,109.82,36.71500958,109.87,5.26,109.9,1.82423197
1753769594679,06:13:14.679,bitfinex,LTC/USDT:USDT,109.86,69.08401982,109.82,36.71500958,109.87,25.02303172,109.9,1.82423197
1753769594682,06:13:14.682,bitfinex,LTC/USDT:USDT,109.86,69.08401982,109.82,36.71500958,109.87,25.02303172,109.9,1.82423197
1753769594876,06:13:14.876,bitfinex,LTC/USDT:USDT,109.86,69.08401982,109.82,36.71500958,109.87,25.02303172,109.9,1.82423197
1753769594877,06:13:14.877,bitfinex,LTC/USDT:USDT,109.86,69.08401982,109.82,36.71500958,109.87,25.02303172,109.9,1.82423197
1753769595285,06:13:15.285,bitfinex,LTC/USDT:USDT,109.86,69.08401982,109.82,38.53924155,109.87,25.02303172,109.9,1.82423197
1753769595286,06:13:15.286,bitfinex,LTC/USDT:USDT,109.86,69.08401982,109.82,38.53924155,109.87,25.02303172,109.9,1.82423197
1753769595479,06:13:15.479,bitfinex,LTC/USDT:USDT,109.86,69.08401982,109.82,38.53924155,109.87,25.02303172,109.9,1.82423197
1753769595479,06:13:15.479,bitfinex,LTC/USDT:USDT,109.86,69.08401982,109.83,7.55077761,109.87,25.02303172,109.9,1.82423197
1753769595480,06:13:15.480,bitfinex,LTC/USDT:USDT,109.86,69.08401982,109.83,7.55077761,109.87,25.02303172,109.9,1.82423197
1753769595779,06:13:15.779,bitfinex,LTC/USDT:USDT,109.86,69.08401982,109.83,7.55077761,109.87,25.02303172,109.9,1.82423197
1753769595780,06:13:15.780,bitfinex,LTC/USDT:USDT,109.86,61.33359105,109.83,9.1051,109.87,34.12513172,109.9,3.64846394
1753769595781,06:13:15.781,bitfinex,LTC/USDT:USDT,109.86,61.33359105,109.83,9.1051,109.87,34.12513172,109.9,3.64846394
1753769595981,06:13:15.981,bitfinex,LTC/USDT:USDT,109.86,61.33359105,109.82,36.71500958,109.87,34.12513172,109.9,3.64846394
1753769595982,06:13:15.982,bitfinex,LTC/USDT:USDT,109.86,54.96,109.82,9.37500958,109.87,34.12513172,109.9,3.64846394
1753769595983,06:13:15.983,bitfinex,LTC/USDT:USDT,109.86,54.96,109.82,9.37500958,109.87,34.12513172,109.9,3.64846394
1753769596275,06:13:16.275,bitfinex,LTC/USDT:USDT,109.86,54.96,109.82,9.37500958,109.87,34.12513172,109.9,3.64846394
1753769596276,06:13:16.276,bitfinex,LTC/USDT:USDT,109.86,54.96,109.82,7.55077761,109.87,34.12513172,109.9,3.64846394
1753769596597,06:13:16.597,bitfinex,LTC/USDT:USDT,109.82,7.55077761,109.81,10.11391298,109.87,34.12513172,109.9,3.64846394
1753769596601,06:13:16.601,bitfinex,LTC/USDT:USDT,109.85,54.96,109.82,7.55077761,109.86,5.26,109.87,19.76303172
1753769596605,06:13:16.605,bitfinex,LTC/USDT:USDT,109.85,54.96,109.82,7.55077761,109.86,5.26,109.87,19.76303172
1753769596772,06:13:16.772,bitfinex,LTC/USDT:USDT,109.85,54.96,109.82,7.55077761,109.86,5.26,109.87,19.76303172
1753769596773,06:13:16.773,bitfinex,LTC/USDT:USDT,109.85,61.34098968,109.82,7.55077761,109.86,25.02303172,109.88,1.82423197
1753769596773,06:13:16.773,bitfinex,LTC/USDT:USDT,109.85,61.34098968,109.82,7.55077761,109.86,25.02303172,109.88,1.82423197
1753769597177,06:13:17.177,bitfinex,LTC/USDT:USDT,109.85,61.34098968,109.82,7.55077761,109.86,25.02303172,109.88,1.82423197
1753769597177,06:13:17.177,bitfinex,LTC/USDT:USDT,109.85,61.34098968,109.82,7.55077761,109.86,25.02303172,109.88,1.82423197
1753769597380,06:13:17.380,bitfinex,LTC/USDT:USDT,109.85,61.34098968,109.82,7.55077761,109.86,25.02303172,109.88,1.82423197
1753769597380,06:13:17.380,bitfinex,LTC/USDT:USDT,109.85,68.17690005,109.82,7.55077761,109.86,25.02303172,109.88,1.82423197
1753769597380,06:13:17.380,bitfinex,LTC/USDT:USDT,109.85,68.17690005,109.82,7.55077761,109.86,25.02303172,109.88,1.82423197
1753769597590,06:13:17.590,bitfinex,LTC/USDT:USDT,109.85,68.17690005,109.82,7.55077761,109.86,25.02303172,109.88,1.82423197
1753769597594,06:13:17.594,bitfinex,LTC/USDT:USDT,109.85,68.17690005,109.82,7.55077761,109.86,25.02303172,109.88,1.82423197
1753769597601,06:13:17.601,bitfinex,LTC/USDT:USDT,109.85,68.17690005,109.82,7.55077761,109.86,25.02303172,109.88,1.82423197
1753769597774,06:13:17.774,bitfinex,LTC/USDT:USDT,109.85,68.17690005,109.82,16.65677761,109.86,25.02303172,109.88,1.82423197
1753769597774,06:13:17.774,bitfinex,LTC/USDT:USDT,109.85,68.17690005,109.82,16.65677761,109.86,34.12663172,109.88,15.47663197
1753769597775,06:13:17.775,bitfinex,LTC/USDT:USDT,109.85,68.17690005,109.82,16.65677761,109.86,34.12663172,109.88,15.47663197
1753769597977,06:13:17.977,bitfinex,LTC/USDT:USDT,109.85,68.17690005,109.82,16.65677761,109.86,34.12663172,109.88,15.47663197
1753769597977,06:13:17.977,bitfinex,LTC/USDT:USDT,109.85,61.34098968,109.82,16.65677761,109.86,34.12663172,109.88,15.47663197
1753769597978,06:13:17.978,bitfinex,LTC/USDT:USDT,109.85,61.34098968,109.82,16.65677761,109.86,34.12663172,109.88,15.47663197
1753769598177,06:13:18.177,bitfinex,LTC/USDT:USDT,109.85,61.34098968,109.82,16.65677761,109.86,34.12663172,109.88,15.47663197
1753769598178,06:13:18.178,bitfinex,LTC/USDT:USDT,109.85,61.34098968,109.82,16.65677761,109.86,34.12663172,109.88,15.47663197
1753769598378,06:13:18.378,bitfinex,LTC/USDT:USDT,109.85,61.34098968,109.82,18.48100958,109.86,34.12663172,109.88,15.47663197
1753769598379,06:13:18.379,bitfinex,LTC/USDT:USDT,109.85,61.34098968,109.82,18.48100958,109.86,34.12663172,109.88,15.47663197
1753769598379,06:13:18.379,bitfinex,LTC/USDT:USDT,109.85,61.34098968,109.82,18.48100958,109.86,34.12663172,109.88,15.47663197
1753769598682,06:13:18.682,bitfinex,LTC/USDT:USDT,109.85,61.34098968,109.82,18.48100958,109.86,34.12663172,109.88,15.47663197
1753769598685,06:13:18.685,bitfinex,LTC/USDT:USDT,109.85,61.34098968,109.82,18.48100958,109.86,34.12663172,109.88,15.47663197
1753769598883,06:13:18.883,bitfinex,LTC/USDT:USDT,109.85,61.34098968,109.82,18.48100958,109.86,34.12663172,109.88,15.47663197
1753769598885,06:13:18.885,bitfinex,LTC/USDT:USDT,109.85,61.34098968,109.82,7.55077761,109.86,34.12663172,109.88,15.47663197
1753769599174,06:13:19.174,bitfinex,LTC/USDT:USDT,109.82,7.55077761,109.81,9.1068,109.86,34.12663172,109.88,15.47663197
1753769599175,06:13:19.175,bitfinex,LTC/USDT:USDT,109.82,7.55077761,109.8,11.93814495,109.83,9.1053,109.86,34.12663172
1753769599176,06:13:19.176,bitfinex,LTC/USDT:USDT,109.82,7.55077761,109.8,11.93814495,109.83,9.1053,109.86,34.12663172
1753769599381,06:13:19.381,bitfinex,LTC/USDT:USDT,109.82,7.55077761,109.8,11.93814495,109.83,9.1053,109.86,34.12663172
1753769599382,06:13:19.382,bitfinex,LTC/USDT:USDT,109.82,75.93059873,109.81,7.55077761,109.83,9.1053,109.86,9.1036
1753769599382,06:13:19.382,bitfinex,LTC/USDT:USDT,109.82,75.93059873,109.81,7.55077761,109.83,9.1053,109.86,9.1036
1753769599595,06:13:19.595,bitfinex,LTC/USDT:USDT,109.82,75.93059873,109.8,11.93814495,109.83,9.1053,109.86,9.1036
1753769599599,06:13:19.599,bitfinex,LTC/USDT:USDT,109.82,69.09325503,109.8,11.93814495,109.83,14.3653,109.86,9.1036
1753769599603,06:13:19.603,bitfinex,LTC/USDT:USDT,109.82,69.09325503,109.8,11.93814495,109.83,14.3653,109.86,9.1036
1753769599795,06:13:19.795,bitfinex,LTC/USDT:USDT,109.82,69.09325503,109.8,11.93814495,109.83,14.3653,109.86,9.1036
1753769599798,06:13:19.798,bitfinex,LTC/USDT:USDT,109.82,75.9295217,109.8,11.93814495,109.83,14.3653,109.86,9.1036
1753769599802,06:13:19.802,bitfinex,LTC/USDT:USDT,109.82,75.9295217,109.81,7.57318131,109.83,14.3653,109.86,9.1036
1753769600092,06:13:20.092,bitfinex,LTC/USDT:USDT,109.82,75.9295217,109.81,7.57318131,109.83,14.3653,109.86,9.1036
1753769600098,06:13:20.098,bitfinex,LTC/USDT:USDT,109.82,75.9295217,109.81,7.57318131,109.83,14.3653,109.86,9.1036
1753769600479,06:13:20.479,bitfinex,LTC/USDT:USDT,109.82,75.9295217,109.81,7.57318131,109.83,14.3653,109.86,9.1036
1753769600480,06:13:20.480,bitfinex,LTC/USDT:USDT,109.82,75.9295217,109.81,7.57318131,109.83,14.3653,109.86,9.1036
1753769600480,06:13:20.480,bitfinex,LTC/USDT:USDT,109.82,75.9295217,109.81,7.57318131,109.83,14.3653,109.86,9.1036
1753769600682,06:13:20.682,bitfinex,LTC/USDT:USDT,109.82,75.9295217,109.81,7.57318131,109.83,14.3653,109.86,9.1036
1753769600683,06:13:20.683,bitfinex,LTC/USDT:USDT,109.82,75.9295217,109.81,7.57318131,109.83,14.3653,109.86,9.1036
1753769600684,06:13:20.684,bitfinex,LTC/USDT:USDT,109.82,75.9295217,109.81,7.57318131,109.83,14.3653,109.86,9.1036
1753769600897,06:13:20.897,bitfinex,LTC/USDT:USDT,109.82,75.9295217,109.81,7.57318131,109.83,14.3653,109.86,9.1036
1753769600903,06:13:20.903,bitfinex,LTC/USDT:USDT,109.82,75.9295217,109.81,7.57318131,109.83,14.3653,109.86,9.1036
1753769601184,06:13:21.184,bitfinex,LTC/USDT:USDT,109.82,75.9295217,109.81,7.57318131,109.83,14.3653,109.86,9.1036
1753769601186,06:13:21.186,bitfinex,LTC/USDT:USDT,109.82,75.9295217,109.81,7.57318131,109.83,5.26,109.84,9.1048
1753769601187,06:13:21.187,bitfinex,LTC/USDT:USDT,109.82,75.9295217,109.81,7.57318131,109.83,5.26,109.84,9.1048
1753769601389,06:13:21.389,bitfinex,LTC/USDT:USDT,109.82,75.9295217,109.81,7.57318131,109.83,5.26,109.84,9.1048
1753769601391,06:13:21.391,bitfinex,LTC/USDT:USDT,109.82,75.9295217,109.81,7.57318131,109.83,5.26,109.84,9.1048
1753769601625,06:13:21.625,bitfinex,LTC/USDT:USDT,109.82,75.9295217,109.81,7.57318131,109.83,5.26,109.84,9.1048
1753769601649,06:13:21.649,bitfinex,LTC/USDT:USDT,109.82,75.9295217,109.81,7.57318131,109.83,5.26,109.84,9.1048
1753769601859,06:13:21.859,bitfinex,LTC/USDT:USDT,109.82,75.9295217,109.81,16.68008131,109.83,5.26,109.84,9.1048
1753769601900,06:13:21.900,bitfinex,LTC/USDT:USDT,109.82,75.9295217,109.81,16.68008131,109.83,5.26,109.84,9.1048
1753769602204,06:13:22.204,bitfinex,LTC/USDT:USDT,109.82,75.9295217,109.81,16.68008131,109.83,5.26,109.84,9.1048
1753769602228,06:13:22.228,bitfinex,LTC/USDT:USDT,109.82,75.9295217,109.81,16.68008131,109.83,5.26,109.84,9.1048
1753769602492,06:13:22.492,bitfinex,LTC/USDT:USDT,109.82,75.9295217,109.81,16.68008131,109.83,5.26,109.84,9.1048
1753769602495,06:13:22.495,bitfinex,LTC/USDT:USDT,109.82,75.9295217,109.81,16.68008131,109.83,5.26,109.84,9.1048
1753769602497,06:13:22.497,bitfinex,LTC/USDT:USDT,109.82,75.9295217,109.81,16.68008131,109.83,5.26,109.84,9.1048
1753769603279,06:13:23.279,bitfinex,LTC/USDT:USDT,109.82,69.5517331,109.81,16.68008131,109.83,5.26,109.84,9.1048
1753769603484,06:13:23.484,bitfinex,LTC/USDT:USDT,109.82,75.92312721,109.81,16.68008131,109.83,5.26,109.84,9.1048
1753769603684,06:13:23.684,bitfinex,LTC/USDT:USDT,109.82,75.92312721,109.81,16.68008131,109.83,5.26,109.84,9.1048
1753769603685,06:13:23.685,bitfinex,LTC/USDT:USDT,109.82,75.92312721,109.81,16.68008131,109.83,5.26,109.84,9.1048
1753769603686,06:13:23.686,bitfinex,LTC/USDT:USDT,109.82,75.92312721,109.81,16.68008131,109.83,5.26,109.84,9.1048
1753769603887,06:13:23.887,bitfinex,LTC/USDT:USDT,109.82,75.92312721,109.81,16.68008131,109.83,5.26,109.84,9.1048
1753769603888,06:13:23.888,bitfinex,LTC/USDT:USDT,109.82,75.92312721,109.81,16.68008131,109.83,5.26,109.84,9.1048
1753769604089,06:13:24.089,bitfinex,LTC/USDT:USDT,109.82,75.92312721,109.81,16.68008131,109.83,5.26,109.84,9.1048
1753769604091,06:13:24.091,bitfinex,LTC/USDT:USDT,109.82,75.92312721,109.81,16.68008131,109.83,5.26,109.84,9.1048
1753769604099,06:13:24.099,bitfinex,LTC/USDT:USDT,109.82,75.92312721,109.81,16.68008131,109.83,5.26,109.84,9.1048
1753769604386,06:13:24.386,bitfinex,LTC/USDT:USDT,109.82,72.6947522,109.81,16.68008131,109.83,5.26,109.84,9.1048
1753769604685,06:13:24.685,bitfinex,LTC/USDT:USDT,109.82,72.6947522,109.81,16.68008131,109.83,5.26,109.84,9.1048
1753769604685,06:13:24.685,bitfinex,LTC/USDT:USDT,109.82,75.91889164,109.81,16.68008131,109.83,5.26,109.84,9.1048
1753769604687,06:13:24.687,bitfinex,LTC/USDT:USDT,109.82,75.91889164,109.81,16.68008131,109.83,5.26,109.84,9.1048
1753769604890,06:13:24.890,bitfinex,LTC/USDT:USDT,109.82,75.91889164,109.81,16.68008131,109.83,5.26,109.84,9.1048
1753769604890,06:13:24.890,bitfinex,LTC/USDT:USDT,109.82,75.91889164,109.81,9.1069,109.83,5.26,109.84,9.1048
1753769604891,06:13:24.891,bitfinex,LTC/USDT:USDT,109.82,75.91889164,109.81,9.1069,109.83,5.26,109.84,9.1048
1753769605199,06:13:25.199,bitfinex,LTC/USDT:USDT,109.82,75.90420288,109.81,9.1069,109.83,5.26,109.84,9.1048
1753769605200,06:13:25.200,bitfinex,LTC/USDT:USDT,109.82,75.90420288,109.81,9.1069,109.83,5.26,109.84,9.1048
1753769605486,06:13:25.486,bitfinex,LTC/USDT:USDT,109.82,75.90420288,109.81,9.1069,109.83,5.26,109.84,9.1048
1753769605486,06:13:25.486,bitfinex,LTC/USDT:USDT,109.82,75.90420288,109.81,9.1069,109.83,5.26,109.84,9.1048
1753769605487,06:13:25.487,bitfinex,LTC/USDT:USDT,109.82,75.90420288,109.81,9.1069,109.83,5.26,109.84,9.1048
1753769605693,06:13:25.693,bitfinex,LTC/USDT:USDT,109.82,75.90420288,109.81,9.1069,109.83,5.26,109.84,9.1048
1753769605693,06:13:25.693,bitfinex,LTC/USDT:USDT,109.82,75.90420288,109.81,9.1069,109.83,5.26,109.84,9.1048
1753769605695,06:13:25.695,bitfinex,LTC/USDT:USDT,109.82,75.90420288,109.81,9.1069,109.83,5.26,109.84,9.1048
1753769605990,06:13:25.990,bitfinex,LTC/USDT:USDT,109.82,75.90420288,109.81,9.1069,109.83,5.26,109.84,9.1048
1753769605991,06:13:25.991,bitfinex,LTC/USDT:USDT,109.82,75.90420288,109.81,9.1069,109.83,5.26,109.84,9.1048
1753769605994,06:13:25.994,bitfinex,LTC/USDT:USDT,109.82,75.90420288,109.81,9.1069,109.83,5.26,109.84,9.1048
1753769606185,06:13:26.185,bitfinex,LTC/USDT:USDT,109.82,75.90420288,109.81,9.1069,109.84,9.1048,109.86,9.1036
1753769606186,06:13:26.186,bitfinex,LTC/USDT:USDT,109.82,75.90420288,109.81,9.1069,109.84,14.3648,109.88,15.47673197
1753769606186,06:13:26.186,bitfinex,LTC/USDT:USDT,109.82,75.90420288,109.81,9.1069,109.84,14.3648,109.88,15.47673197
1753769606386,06:13:26.386,bitfinex,LTC/USDT:USDT,109.82,75.90420288,109.81,9.1069,109.84,14.3648,109.88,15.47673197
1753769606387,06:13:26.387,bitfinex,LTC/USDT:USDT,109.83,13.20766078,109.82,54.96,109.84,14.3648,109.88,15.47673197
1753769606592,06:13:26.592,bitfinex,LTC/USDT:USDT,109.83,13.20766078,109.82,54.96,109.84,14.3648,109.88,15.47673197
1753769606595,06:13:26.595,bitfinex,LTC/USDT:USDT,109.83,13.20766078,109.82,54.96,109.84,14.3648,109.88,15.47673197
1753769606597,06:13:26.597,bitfinex,LTC/USDT:USDT,109.83,13.20766078,109.82,54.96,109.84,14.3648,109.88,15.47673197
1753769607093,06:13:27.093,bitfinex,LTC/USDT:USDT,109.83,13.20766078,109.82,54.96,109.84,14.3648,109.88,15.47673197
1753769607095,06:13:27.095,bitfinex,LTC/USDT:USDT,109.83,13.20766078,109.82,54.96,109.84,14.3648,109.88,15.47673197
1753769607100,06:13:27.100,bitfinex,LTC/USDT:USDT,109.83,13.20766078,109.82,54.96,109.84,14.3648,109.88,15.47673197
1753769607286,06:13:27.286,bitfinex,LTC/USDT:USDT,109.83,13.20766078,109.82,54.96,109.84,14.3648,109.88,15.47673197
1753769607287,06:13:27.287,bitfinex,LTC/USDT:USDT,109.83,6.37139411,109.82,54.96,109.84,14.3648,109.88,15.47673197
1753769607287,06:13:27.287,bitfinex,LTC/USDT:USDT,109.83,6.37139411,109.82,54.96,109.84,14.3648,109.88,15.47673197
1753769607484,06:13:27.484,bitfinex,LTC/USDT:USDT,109.83,10.88208286,109.82,54.96,109.84,14.3648,109.88,15.47673197
1753769607702,06:13:27.702,bitfinex,LTC/USDT:USDT,109.83,10.88208286,109.82,54.96,109.84,14.3648,109.88,15.47673197
1753769607708,06:13:27.708,bitfinex,LTC/USDT:USDT,109.83,10.88208286,109.82,54.96,109.84,14.3648,109.88,15.47673197
1753769608196,06:13:28.196,bitfinex,LTC/USDT:USDT,109.83,10.88208286,109.82,54.96,109.84,14.3648,109.88,15.47673197
1753769608199,06:13:28.199,bitfinex,LTC/USDT:USDT,109.83,10.88208286,109.82,54.96,109.84,14.3648,109.88,15.47673197
1753769608388,06:13:28.388,bitfinex,LTC/USDT:USDT,109.83,10.88208286,109.82,54.96,109.84,14.3648,109.88,15.47673197
1753769608389,06:13:28.389,bitfinex,LTC/USDT:USDT,109.83,6.37139411,109.82,54.96,109.84,14.3648,109.88,15.47673197
1753769608389,06:13:28.389,bitfinex,LTC/USDT:USDT,109.83,6.37139411,109.82,54.96,109.84,14.3648,109.88,15.47673197
1753769608794,06:13:28.794,bitfinex,LTC/USDT:USDT,109.83,6.37139411,109.82,54.96,109.84,14.3648,109.88,15.47673197
1753769608797,06:13:28.797,bitfinex,LTC/USDT:USDT,109.83,13.19943111,109.82,54.96,109.84,14.3648,109.88,15.47673197
1753769608799,06:13:28.799,bitfinex,LTC/USDT:USDT,109.83,13.19943111,109.82,54.96,109.84,14.3648,109.88,15.47673197
1753769608988,06:13:28.988,bitfinex,LTC/USDT:USDT,109.83,13.19943111,109.82,54.96,109.84,14.3648,109.88,15.47673197
1753769608989,06:13:28.989,bitfinex,LTC/USDT:USDT,109.83,13.19943111,109.82,54.96,109.84,14.3648,109.87,13.6534
1753769609290,06:13:29.290,bitfinex,LTC/USDT:USDT,109.83,13.19943111,109.82,54.96,109.84,14.3648,109.87,13.6534
1753769609291,06:13:29.291,bitfinex,LTC/USDT:USDT,109.83,6.37139411,109.82,54.96,109.84,14.3648,109.87,13.6534
1753769609291,06:13:29.291,bitfinex,LTC/USDT:USDT,109.83,6.37139411,109.82,54.96,109.84,14.3648,109.87,13.6534
1753769609616,06:13:29.616,bitfinex,LTC/USDT:USDT,109.83,6.37139411,109.82,54.96,109.84,14.3648,109.87,13.6534
1753769609629,06:13:29.629,bitfinex,LTC/USDT:USDT,109.83,6.37139411,109.82,54.96,109.84,14.3648,109.87,13.6534
1753769609641,06:13:29.641,bitfinex,LTC/USDT:USDT,109.83,6.37139411,109.82,54.96,109.84,14.3648,109.87,13.6534
1753769610090,06:13:30.090,bitfinex,LTC/USDT:USDT,109.83,6.37139411,109.82,54.96,109.84,14.3648,109.87,13.6534
1753769610094,06:13:30.094,bitfinex,LTC/USDT:USDT,109.83,6.37139411,109.82,54.96,109.84,14.3648,109.87,13.6534
1753769610289,06:13:30.289,bitfinex,LTC/USDT:USDT,109.83,6.37139411,109.82,54.96,109.84,14.3648,109.87,13.6534
1753769610290,06:13:30.290,bitfinex,LTC/USDT:USDT,109.83,6.37139411,109.82,54.96,109.84,14.3648,109.87,13.6534
1753769610293,06:13:30.293,bitfinex,LTC/USDT:USDT,109.83,6.37139411,109.82,54.96,109.84,14.3648,109.87,13.6534
1753769610590,06:13:30.590,bitfinex,LTC/USDT:USDT,109.83,6.37139411,109.82,54.96,109.84,14.3648,109.87,13.6534
1753769610592,06:13:30.592,bitfinex,LTC/USDT:USDT,109.83,6.37139411,109.82,54.96,109.84,14.3648,109.86,13.6547
1753769610592,06:13:30.592,bitfinex,LTC/USDT:USDT,109.83,6.37139411,109.82,54.96,109.84,14.3648,109.86,13.6547
1753769610824,06:13:30.824,bitfinex,LTC/USDT:USDT,109.83,6.37139411,109.82,54.96,109.84,14.3648,109.86,13.6547
1753769610830,06:13:30.830,bitfinex,LTC/USDT:USDT,109.83,6.37139411,109.82,54.96,109.84,14.3648,109.86,13.6547
1753769610862,06:13:30.862,bitfinex,LTC/USDT:USDT,109.83,6.37139411,109.82,54.96,109.84,14.3648,109.86,13.6547
1753769611100,06:13:31.100,bitfinex,LTC/USDT:USDT,109.83,6.37139411,109.82,54.96,109.84,14.3648,109.86,13.6547
1753769611106,06:13:31.106,bitfinex,LTC/USDT:USDT,109.83,6.37139411,109.82,54.96,109.84,5.26,109.85,9.1039
1753769611126,06:13:31.126,bitfinex,LTC/USDT:USDT,109.83,6.37139411,109.82,54.96,109.84,5.26,109.85,9.1039
1753769611287,06:13:31.287,bitfinex,LTC/USDT:USDT,109.83,6.37139411,109.82,54.96,109.84,5.26,109.85,9.1039
1753769611287,06:13:31.287,bitfinex,LTC/USDT:USDT,109.83,6.37139411,109.82,54.96,109.84,5.26,109.85,9.1039
1753769611288,06:13:31.288,bitfinex,LTC/USDT:USDT,109.83,6.37139411,109.82,54.96,109.84,5.26,109.85,9.1039
1753769611636,06:13:31.636,bitfinex,LTC/USDT:USDT,109.83,6.37139411,109.82,54.96,109.84,5.26,109.85,9.1039
1753769611645,06:13:31.645,bitfinex,LTC/USDT:USDT,109.83,6.37139411,109.82,54.96,109.84,5.26,109.85,9.1039
1753769611887,06:13:31.887,bitfinex,LTC/USDT:USDT,109.83,6.37139411,109.82,54.96,109.84,5.26,109.85,9.1039
1753769611888,06:13:31.888,bitfinex,LTC/USDT:USDT,109.83,6.37139411,109.82,54.96,109.84,5.26,109.85,9.1039
1753769612344,06:13:32.344,bitfinex,LTC/USDT:USDT,109.83,15.47659411,109.82,54.96,109.86,9.1031,109.88,13.6526
1753769612359,06:13:32.359,bitfinex,LTC/USDT:USDT,109.83,15.47659411,109.82,54.96,109.86,9.1031,109.88,13.6526
1753769612490,06:13:32.490,bitfinex,LTC/USDT:USDT,109.82,54.96,109.8,30.98846394,109.86,9.1031,109.88,13.6526
1753769612492,06:13:32.492,bitfinex,LTC/USDT:USDT,109.84,61.32458995,109.82,3.64846394,109.86,5.26,109.9,1.82423197
1753769612492,06:13:32.492,bitfinex,LTC/USDT:USDT,109.84,61.32458995,109.82,3.64846394,109.86,5.26,109.9,1.82423197
1753769612801,06:13:32.801,bitfinex,LTC/USDT:USDT,109.84,61.32458995,109.82,3.64846394,109.86,5.26,109.9,1.82423197
1753769612802,06:13:32.802,bitfinex,LTC/USDT:USDT,109.84,56.78423197,109.82,1.82423197,109.86,5.26,109.9,1.82423197
1753769612805,06:13:32.805,bitfinex,LTC/USDT:USDT,109.84,56.78423197,109.82,1.82423197,109.86,5.26,109.9,1.82423197
1753769612989,06:13:32.989,bitfinex,LTC/USDT:USDT,109.84,56.78423197,109.82,1.82423197,109.86,5.26,109.9,1.82423197
1753769612990,06:13:32.990,bitfinex,LTC/USDT:USDT,109.84,56.78423197,109.82,1.82423197,109.86,5.26,109.9,1.82423197
1753769612991,06:13:32.991,bitfinex,LTC/USDT:USDT,109.84,56.78423197,109.82,1.82423197,109.86,5.26,109.9,1.82423197
1753769613290,06:13:33.290,bitfinex,LTC/USDT:USDT,109.84,56.78423197,109.82,1.82423197,109.86,5.26,109.9,1.82423197
1753769613290,06:13:33.290,bitfinex,LTC/USDT:USDT,109.84,56.78423197,109.82,1.82423197,109.86,5.26,109.9,1.82423197
1753769613291,06:13:33.291,bitfinex,LTC/USDT:USDT,109.84,56.78423197,109.82,1.82423197,109.86,5.26,109.9,1.82423197
1753769613519,06:13:33.519,bitfinex,LTC/USDT:USDT,109.84,56.78423197,109.82,1.82423197,109.86,5.26,109.9,1.82423197
1753769613689,06:13:33.689,bitfinex,LTC/USDT:USDT,109.84,56.78423197,109.82,1.82423197,109.86,5.26,109.9,1.82423197
1753769613689,06:13:33.689,bitfinex,LTC/USDT:USDT,109.84,56.78423197,109.82,1.82423197,109.86,5.26,109.9,1.82423197
1753769613690,06:13:33.690,bitfinex,LTC/USDT:USDT,109.84,56.78423197,109.82,1.82423197,109.86,5.26,109.9,1.82423197
1753769613993,06:13:33.993,bitfinex,LTC/USDT:USDT,109.84,56.78423197,109.82,1.82423197,109.86,5.26,109.9,1.82423197
1753769614000,06:13:34.000,bitfinex,LTC/USDT:USDT,109.84,56.78423197,109.82,1.82423197,109.86,5.26,109.9,1.82423197
1753769614293,06:13:34.293,bitfinex,LTC/USDT:USDT,109.84,56.78423197,109.82,1.82423197,109.86,5.26,109.9,1.82423197
1753769614294,06:13:34.294,bitfinex,LTC/USDT:USDT,109.85,6.36295027,109.84,56.78423197,109.86,5.26,109.9,15.47423197
1753769614753,06:13:34.753,bitfinex,LTC/USDT:USDT,109.85,6.36295027,109.84,54.96,109.86,5.26,109.9,3.64846394
1753769614896,06:13:34.896,bitfinex,LTC/USDT:USDT,109.84,54.96,109.8,38.56164525,109.86,5.26,109.88,1.82423197
1753769614934,06:13:34.934,bitfinex,LTC/USDT:USDT,109.84,54.96,109.8,38.56164525,109.86,5.26,109.88,1.82423197
1753769615021,06:13:35.021,bitfinex,LTC/USDT:USDT,109.84,54.96,109.8,38.56164525,109.88,1.82423197,109.9,1.82423197
1753769615038,06:13:35.038,bitfinex,LTC/USDT:USDT,109.84,54.96,109.8,38.56164525,109.88,1.82423197,109.9,1.82423197
1753769615218,06:13:35.218,bitfinex,LTC/USDT:USDT,109.84,54.96,109.8,38.56164525,109.85,5.26,109.87,19.82986049
1753769615234,06:13:35.234,bitfinex,LTC/USDT:USDT,109.84,54.96,109.8,38.56164525,109.85,5.26,109.87,19.82986049
1753769615397,06:13:35.397,bitfinex,LTC/USDT:USDT,109.84,54.96,109.8,38.56164525,109.85,5.26,109.87,19.82986049
1753769615400,06:13:35.400,bitfinex,LTC/USDT:USDT,109.84,61.32438902,109.8,30.98846394,109.85,5.26,109.88,1.82423197
1753769615404,06:13:35.404,bitfinex,LTC/USDT:USDT,109.84,61.32438902,109.8,30.98846394,109.85,5.26,109.88,1.82423197
1753769615610,06:13:35.610,bitfinex,LTC/USDT:USDT,109.84,61.32438902,109.8,30.98846394,109.85,5.26,109.88,1.82423197
1753769615615,06:13:35.615,bitfinex,LTC/USDT:USDT,109.84,61.32438902,109.81,9.1063,109.85,14.3636,109.88,15.47663197
1753769615623,06:13:35.623,bitfinex,LTC/USDT:USDT,109.84,61.32438902,109.81,9.1063,109.85,14.3636,109.88,15.47663197
1753769615793,06:13:35.793,bitfinex,LTC/USDT:USDT,109.84,61.32438902,109.81,9.1063,109.85,14.3636,109.88,15.47663197
1753769615795,06:13:35.795,bitfinex,LTC/USDT:USDT,109.84,61.32438902,109.81,36.4463,109.85,14.3636,109.88,15.47663197
1753769615798,06:13:35.798,bitfinex,LTC/USDT:USDT,109.84,61.32438902,109.81,36.4463,109.85,14.3636,109.88,15.47663197
1753769615987,06:13:35.987,bitfinex,LTC/USDT:USDT,109.84,61.32438902,109.81,36.4463,109.85,14.3636,109.88,15.47663197
1753769615988,06:13:35.988,bitfinex,LTC/USDT:USDT,109.84,61.32438902,109.81,36.4463,109.85,14.3636,109.88,15.47663197
1753769615988,06:13:35.988,bitfinex,LTC/USDT:USDT,109.84,61.32438902,109.81,36.4463,109.85,14.3636,109.88,15.47663197
1753769616391,06:13:36.391,bitfinex,LTC/USDT:USDT,109.84,61.32438902,109.81,36.4463,109.85,14.3636,109.88,15.47663197
1753769616394,06:13:36.394,bitfinex,LTC/USDT:USDT,109.84,61.32438902,109.81,36.4463,109.85,14.3636,109.88,15.47663197
1753769616588,06:13:36.588,bitfinex,LTC/USDT:USDT,109.84,61.32438902,109.81,36.4463,109.85,14.3636,109.88,15.47663197
1753769616589,06:13:36.589,bitfinex,LTC/USDT:USDT,109.84,61.32438902,109.81,36.4463,109.85,14.3636,109.88,15.47663197
1753769616590,06:13:36.590,bitfinex,LTC/USDT:USDT,109.84,61.32438902,109.81,36.4463,109.85,14.3636,109.88,15.47663197
1753769616794,06:13:36.794,bitfinex,LTC/USDT:USDT,109.84,61.32438902,109.81,36.4463,109.85,14.3636,109.88,15.47663197
1753769616795,06:13:36.795,bitfinex,LTC/USDT:USDT,109.84,61.32438902,109.81,36.4463,109.85,14.3636,109.88,15.47663197
1753769617097,06:13:37.097,bitfinex,LTC/USDT:USDT,109.84,61.32438902,109.81,36.4463,109.85,14.3636,109.88,15.47663197
1753769617100,06:13:37.100,bitfinex,LTC/USDT:USDT,109.84,61.32438902,109.81,36.4463,109.85,14.3636,109.88,15.47663197
1753769617294,06:13:37.294,bitfinex,LTC/USDT:USDT,109.84,61.32438902,109.81,36.4463,109.85,14.3636,109.88,15.47663197
1753769617294,06:13:37.294,bitfinex,LTC/USDT:USDT,109.84,61.32438902,109.81,36.4463,109.85,14.3636,109.88,15.47663197
1753769617296,06:13:37.296,bitfinex,LTC/USDT:USDT,109.84,61.32438902,109.81,36.4463,109.85,14.3636,109.88,15.47663197
1753769617523,06:13:37.523,bitfinex,LTC/USDT:USDT,109.84,61.32438902,109.81,36.4463,109.85,14.3636,109.88,15.47663197
1753769617576,06:13:37.576,bitfinex,LTC/USDT:USDT,109.84,61.32438902,109.81,36.4463,109.85,14.3636,109.88,15.47663197
1753769617992,06:13:37.992,bitfinex,LTC/USDT:USDT,109.84,61.32438902,109.81,36.4463,109.85,14.3636,109.88,15.47663197
1753769617993,06:13:37.993,bitfinex,LTC/USDT:USDT,109.84,61.32438902,109.81,36.4463,109.85,14.3636,109.88,15.47663197
1753769617995,06:13:37.995,bitfinex,LTC/USDT:USDT,109.84,61.32438902,109.81,36.4463,109.85,14.3636,109.88,15.47663197
1753769618293,06:13:38.293,bitfinex,LTC/USDT:USDT,109.84,61.32438902,109.81,36.4463,109.85,14.3636,109.88,15.47663197
1753769618295,06:13:38.295,bitfinex,LTC/USDT:USDT,109.84,54.96,109.81,36.4463,109.85,14.3636,109.87,13.6535
1753769618296,06:13:38.296,bitfinex,LTC/USDT:USDT,109.84,54.96,109.81,36.4463,109.85,14.3636,109.87,13.6535
1753769618499,06:13:38.499,bitfinex,LTC/USDT:USDT,109.84,54.96,109.81,36.4463,109.85,14.3636,109.87,13.6535
1753769618508,06:13:38.508,bitfinex,LTC/USDT:USDT,109.84,54.96,109.81,36.4463,109.85,14.3636,109.87,13.6535
1753769618709,06:13:38.709,bitfinex,LTC/USDT:USDT,109.84,54.96,109.81,36.4463,109.85,14.3636,109.87,13.6535
1753769618724,06:13:38.724,bitfinex,LTC/USDT:USDT,109.84,54.96,109.81,36.4463,109.85,14.3636,109.87,13.6535
1753769618889,06:13:38.889,bitfinex,LTC/USDT:USDT,109.84,54.96,109.81,36.4463,109.85,14.3636,109.87,13.6535
1753769618889,06:13:38.889,bitfinex,LTC/USDT:USDT,109.84,54.96,109.81,9.1063,109.85,14.3636,109.87,13.6535
1753769618890,06:13:38.890,bitfinex,LTC/USDT:USDT,109.84,54.96,109.81,9.1063,109.85,14.3636,109.87,13.6535
1753769619089,06:13:39.089,bitfinex,LTC/USDT:USDT,109.84,54.96,109.81,9.1063,109.85,14.3636,109.87,13.6535
1753769619090,06:13:39.090,bitfinex,LTC/USDT:USDT,109.84,61.33088277,109.81,9.1063,109.85,14.3636,109.87,13.6535
1753769619091,06:13:39.091,bitfinex,LTC/USDT:USDT,109.84,61.33088277,109.81,9.1063,109.85,14.3636,109.87,13.6535
1753769619293,06:13:39.293,bitfinex,LTC/USDT:USDT,109.84,61.33088277,109.81,9.1063,109.85,14.3636,109.87,13.6535
1753769619294,06:13:39.294,bitfinex,LTC/USDT:USDT,109.84,54.96,109.81,9.1063,109.85,14.3636,109.87,13.6535
1753769619294,06:13:39.294,bitfinex,LTC/USDT:USDT,109.84,54.96,109.81,9.1063,109.85,14.3636,109.87,13.6535
1753769619596,06:13:39.596,bitfinex,LTC/USDT:USDT,109.84,54.96,109.81,9.1063,109.85,14.3636,109.87,13.6535
1753769619597,06:13:39.597,bitfinex,LTC/USDT:USDT,109.84,54.96,109.81,9.1063,109.85,14.3636,109.87,13.6535
1753769619791,06:13:39.791,bitfinex,LTC/USDT:USDT,109.84,54.96,109.81,9.1063,109.85,14.3636,109.87,13.6535
1753769619791,06:13:39.791,bitfinex,LTC/USDT:USDT,109.84,61.3309092,109.81,9.1063,109.85,14.3636,109.87,13.6535
1753769619792,06:13:39.792,bitfinex,LTC/USDT:USDT,109.84,61.3309092,109.81,9.1063,109.85,14.3636,109.87,13.6535
1753769620092,06:13:40.092,bitfinex,LTC/USDT:USDT,109.84,61.3309092,109.81,9.1063,109.85,14.3636,109.87,13.6535
1753769620096,06:13:40.096,bitfinex,LTC/USDT:USDT,109.84,61.3309092,109.81,9.1063,109.85,14.3636,109.87,13.6535
1753769620389,06:13:40.389,bitfinex,LTC/USDT:USDT,109.84,61.3309092,109.81,36.4463,109.85,14.3636,109.87,13.6535
1753769620391,06:13:40.391,bitfinex,LTC/USDT:USDT,109.84,61.3309092,109.81,36.4463,109.85,14.3636,109.87,13.6535
1753769620596,06:13:40.596,bitfinex,LTC/USDT:USDT,109.84,61.3309092,109.81,36.4463,109.85,14.3636,109.87,13.6535
1753769620598,06:13:40.598,bitfinex,LTC/USDT:USDT,109.84,61.3309092,109.81,36.4463,109.85,14.3636,109.87,13.6535
1753769620601,06:13:40.601,bitfinex,LTC/USDT:USDT,109.84,61.3309092,109.81,36.4463,109.85,14.3636,109.87,13.6535
1753769620790,06:13:40.790,bitfinex,LTC/USDT:USDT,109.84,61.3309092,109.81,36.4463,109.85,14.3636,109.87,13.6535
1753769620996,06:13:40.996,bitfinex,LTC/USDT:USDT,109.84,61.3309092,109.81,36.4463,109.85,14.3636,109.87,13.6535
1753769620998,06:13:40.998,bitfinex,LTC/USDT:USDT,109.84,54.96,109.81,36.4463,109.85,14.3636,109.87,13.6535
1753769621000,06:13:41.000,bitfinex,LTC/USDT:USDT,109.84,54.96,109.81,36.4463,109.85,14.3636,109.87,13.6535
1753769621206,06:13:41.206,bitfinex,LTC/USDT:USDT,109.84,54.96,109.81,36.4463,109.85,14.3636,109.87,13.6535
1753769621208,06:13:41.208,bitfinex,LTC/USDT:USDT,109.84,54.96,109.82,9.1059,109.85,14.3636,109.87,13.6535
1753769621212,06:13:41.212,bitfinex,LTC/USDT:USDT,109.84,54.96,109.82,9.1059,109.85,14.3636,109.87,13.6535
1753769621396,06:13:41.396,bitfinex,LTC/USDT:USDT,109.84,61.33069626,109.82,9.1059,109.85,14.3636,109.87,13.6535
1753769621397,06:13:41.397,bitfinex,LTC/USDT:USDT,109.84,61.33069626,109.82,9.1059,109.85,14.3636,109.87,13.6535
1753769621398,06:13:41.398,bitfinex,LTC/USDT:USDT,109.84,61.33069626,109.82,9.1059,109.85,14.3636,109.87,13.6535
1753769621694,06:13:41.694,bitfinex,LTC/USDT:USDT,109.84,61.33069626,109.82,9.1059,109.85,14.3636,109.87,13.6535
1753769621696,06:13:41.696,bitfinex,LTC/USDT:USDT,109.84,61.33069626,109.82,9.1059,109.85,14.3636,109.87,13.6535
1753769621697,06:13:41.697,bitfinex,LTC/USDT:USDT,109.84,61.33069626,109.82,9.1059,109.85,14.3636,109.87,13.6535
1753769621895,06:13:41.895,bitfinex,LTC/USDT:USDT,109.84,61.33069626,109.82,9.1059,109.85,14.3636,109.87,13.6535
1753769621896,06:13:41.896,bitfinex,LTC/USDT:USDT,109.84,61.33069626,109.82,9.1059,109.85,14.3636,109.87,13.6535
1753769621896,06:13:41.896,bitfinex,LTC/USDT:USDT,109.84,61.33069626,109.82,9.1059,109.85,14.3636,109.87,13.6535
1753769622194,06:13:42.194,bitfinex,LTC/USDT:USDT,109.84,61.33069626,109.82,9.1059,109.85,14.3636,109.87,13.6535
1753769622195,06:13:42.195,bitfinex,LTC/USDT:USDT,109.84,61.33069626,109.82,9.1059,109.85,14.3636,109.87,13.6535
1753769622537,06:13:42.537,bitfinex,LTC/USDT:USDT,109.84,61.33069626,109.82,9.1059,109.85,14.3636,109.87,13.6535
1753769622544,06:13:42.544,bitfinex,LTC/USDT:USDT,109.84,61.33069626,109.82,9.1059,109.85,14.3636,109.87,13.6535
1753769622558,06:13:42.558,bitfinex,LTC/USDT:USDT,109.84,61.33069626,109.82,9.1059,109.85,14.3636,109.87,13.6535
1753769622832,06:13:42.832,bitfinex,LTC/USDT:USDT,109.84,61.33069626,109.82,9.1059,109.85,14.3636,109.87,13.6535
1753769622845,06:13:42.845,bitfinex,LTC/USDT:USDT,109.84,61.33069626,109.82,9.1059,109.85,14.3636,109.87,13.6535
1753769623094,06:13:43.094,bitfinex,LTC/USDT:USDT,109.84,61.33069626,109.82,9.1059,109.85,14.3636,109.87,13.6535
1753769623094,06:13:43.094,bitfinex,LTC/USDT:USDT,109.84,61.33069626,109.82,9.1059,109.85,14.3636,109.87,13.6535
1753769623095,06:13:43.095,bitfinex,LTC/USDT:USDT,109.84,61.33069626,109.82,9.1059,109.85,14.3636,109.87,13.6535
1753769623395,06:13:43.395,bitfinex,LTC/USDT:USDT,109.84,61.33069626,109.82,9.1059,109.85,14.3636,109.87,13.6535
1753769623395,06:13:43.395,bitfinex,LTC/USDT:USDT,109.84,61.33069626,109.82,9.1059,109.85,14.3636,109.87,13.6535
1753769623396,06:13:43.396,bitfinex,LTC/USDT:USDT,109.84,61.33069626,109.82,9.1059,109.85,14.3636,109.87,13.6535
1753769623897,06:13:43.897,bitfinex,LTC/USDT:USDT,109.84,61.33069626,109.82,9.1059,109.85,14.3636,109.87,13.6535
1753769623897,06:13:43.897,bitfinex,LTC/USDT:USDT,109.84,61.33069626,109.82,9.1059,109.85,14.3636,109.87,13.6535
1753769623898,06:13:43.898,bitfinex,LTC/USDT:USDT,109.84,61.33069626,109.82,9.1059,109.85,14.3636,109.87,13.6535
1753769624199,06:13:44.199,bitfinex,LTC/USDT:USDT,109.84,61.33069626,109.82,9.1059,109.85,14.3636,109.87,13.6535
1753769624201,06:13:44.201,bitfinex,LTC/USDT:USDT,109.84,61.33069626,109.82,9.1059,109.85,14.3636,109.87,13.6535
1753769624395,06:13:44.395,bitfinex,LTC/USDT:USDT,109.84,61.33069626,109.82,9.1059,109.85,14.3636,109.87,13.6535
1753769624398,06:13:44.398,bitfinex,LTC/USDT:USDT,109.84,61.33069626,109.82,9.1059,109.85,14.3636,109.87,13.6535
1753769624595,06:13:44.595,bitfinex,LTC/USDT:USDT,109.84,61.33069626,109.82,9.1059,109.85,14.3636,109.87,13.6535
1753769624598,06:13:44.598,bitfinex,LTC/USDT:USDT,109.84,61.33069626,109.82,9.1059,109.85,14.3636,109.87,13.6535
1753769624599,06:13:44.599,bitfinex,LTC/USDT:USDT,109.84,61.33069626,109.82,9.1059,109.85,14.3636,109.87,13.6535
1753769624801,06:13:44.801,bitfinex,LTC/USDT:USDT,109.84,61.33069626,109.82,9.1059,109.85,14.3636,109.87,13.6535
1753769624804,06:13:44.804,bitfinex,LTC/USDT:USDT,109.84,61.33069626,109.82,9.1059,109.85,14.3636,109.87,13.6535
1753769625297,06:13:45.297,bitfinex,LTC/USDT:USDT,109.84,61.33069626,109.82,9.1059,109.85,14.3636,109.87,13.6535
1753769625297,06:13:45.297,bitfinex,LTC/USDT:USDT,109.84,61.33069626,109.82,9.1059,109.85,14.3636,109.87,13.6535
1753769625298,06:13:45.298,bitfinex,LTC/USDT:USDT,109.84,61.33069626,109.82,9.1059,109.85,14.3636,109.87,13.6535
1753769625502,06:13:45.502,bitfinex,LTC/USDT:USDT,109.84,61.33069626,109.82,9.1059,109.85,14.3636,109.87,13.6535
1753769625502,06:13:45.502,bitfinex,LTC/USDT:USDT,109.84,61.33069626,109.82,9.1059,109.85,14.3636,109.87,13.6535
1753769625503,06:13:45.503,bitfinex,LTC/USDT:USDT,109.84,61.33069626,109.82,9.1059,109.85,14.3636,109.87,13.6535
1753769625804,06:13:45.804,bitfinex,LTC/USDT:USDT,109.84,61.33069626,109.82,9.1059,109.85,14.3636,109.87,13.6535
1753769625805,06:13:45.805,bitfinex,LTC/USDT:USDT,109.84,61.33069626,109.82,10.93013197,109.85,14.3636,109.89,13.6513
1753769625805,06:13:45.805,bitfinex,LTC/USDT:USDT,109.84,61.33069626,109.82,10.93013197,109.85,14.3636,109.89,13.6513
1753769626497,06:13:46.497,bitfinex,LTC/USDT:USDT,109.84,61.33069626,109.82,10.93013197,109.85,14.3636,109.89,13.6513
1753769626498,06:13:46.498,bitfinex,LTC/USDT:USDT,109.84,61.33069626,109.82,10.93013197,109.85,14.3636,109.89,13.6513
1753769626698,06:13:46.698,bitfinex,LTC/USDT:USDT,109.84,61.33069626,109.82,10.93013197,109.85,14.3636,109.89,13.6513
1753769626698,06:13:46.698,bitfinex,LTC/USDT:USDT,109.84,61.33069626,109.82,10.93013197,109.85,14.3636,109.89,13.6513
1753769626700,06:13:46.700,bitfinex,LTC/USDT:USDT,109.84,61.33069626,109.82,10.93013197,109.85,14.3636,109.89,13.6513
1753769627095,06:13:47.095,bitfinex,LTC/USDT:USDT,109.84,61.33069626,109.82,10.93013197,109.85,14.3636,109.89,13.6513
1753769627095,06:13:47.095,bitfinex,LTC/USDT:USDT,109.84,61.33069626,109.82,10.93013197,109.85,14.3636,109.89,13.6513
1753769627096,06:13:47.096,bitfinex,LTC/USDT:USDT,109.84,61.33069626,109.82,10.93013197,109.85,14.3636,109.89,13.6513
1753769627404,06:13:47.404,bitfinex,LTC/USDT:USDT,109.84,61.33069626,109.82,10.93013197,109.85,14.3636,109.89,13.6513
1753769627407,06:13:47.407,bitfinex,LTC/USDT:USDT,109.84,61.33069626,109.82,10.93013197,109.85,14.3636,109.89,13.6513
1753769627698,06:13:47.698,bitfinex,LTC/USDT:USDT,109.84,61.33069626,109.82,10.93013197,109.85,14.3636,109.89,13.6513
1753769627699,06:13:47.699,bitfinex,LTC/USDT:USDT,109.84,61.33069626,109.82,10.93013197,109.85,14.3636,109.89,13.6513
1753769628096,06:13:48.096,bitfinex,LTC/USDT:USDT,109.84,61.33069626,109.82,10.93013197,109.85,14.3636,109.89,13.6513
1753769628098,06:13:48.098,bitfinex,LTC/USDT:USDT,109.84,61.33069626,109.82,10.93013197,109.85,14.3636,109.89,13.6513
1753769628400,06:13:48.400,bitfinex,LTC/USDT:USDT,109.84,61.33069626,109.82,10.93013197,109.85,14.3636,109.89,13.6513
1753769628401,06:13:48.401,bitfinex,LTC/USDT:USDT,109.84,61.33069626,109.82,10.93013197,109.85,14.3636,109.89,13.6513
1753769628402,06:13:48.402,bitfinex,LTC/USDT:USDT,109.84,61.33069626,109.82,10.93013197,109.85,14.3636,109.89,13.6513
1753769628597,06:13:48.597,bitfinex,LTC/USDT:USDT,109.84,61.33069626,109.82,10.93013197,109.85,14.3636,109.89,13.6513
1753769628597,06:13:48.597,bitfinex,LTC/USDT:USDT,109.84,61.33069626,109.82,10.93013197,109.85,14.3636,109.89,13.6513
1753769628796,06:13:48.796,bitfinex,LTC/USDT:USDT,109.84,61.33069626,109.82,10.93013197,109.85,14.3636,109.89,13.6513
1753769628796,06:13:48.796,bitfinex,LTC/USDT:USDT,109.84,61.33069626,109.82,10.93013197,109.85,14.3636,109.89,13.6513
1753769628797,06:13:48.797,bitfinex,LTC/USDT:USDT,109.84,61.33069626,109.82,10.93013197,109.85,14.3636,109.89,13.6513
1753769629402,06:13:49.402,bitfinex,LTC/USDT:USDT,109.84,61.33069626,109.82,10.93013197,109.85,14.3636,109.89,13.6513
1753769629405,06:13:49.405,bitfinex,LTC/USDT:USDT,109.84,61.33069626,109.82,10.93013197,109.85,14.3636,109.89,13.6513
1753769629414,06:13:49.414,bitfinex,LTC/USDT:USDT,109.84,61.33069626,109.82,10.93013197,109.85,14.3636,109.89,13.6513
1753769629835,06:13:49.835,bitfinex,LTC/USDT:USDT,109.84,61.33069626,109.82,10.93013197,109.85,14.3636,109.9,3.64846394
1753769629858,06:13:49.858,bitfinex,LTC/USDT:USDT,109.84,61.33069626,109.82,10.93013197,109.85,14.3636,109.88,13.6525
1753769630104,06:13:50.104,bitfinex,LTC/USDT:USDT,109.84,61.33069626,109.82,10.93013197,109.85,14.3636,109.88,13.6525
1753769630105,06:13:50.105,bitfinex,LTC/USDT:USDT,109.84,61.33069626,109.82,9.1059,109.85,14.3636,109.88,15.47673197
1753769630507,06:13:50.507,bitfinex,LTC/USDT:USDT,109.84,61.33069626,109.82,9.1059,109.85,14.3636,109.88,15.47673197
1753769630508,06:13:50.508,bitfinex,LTC/USDT:USDT,109.84,68.82425862,109.82,9.1059,109.85,14.3636,109.88,15.47673197
1753769630509,06:13:50.509,bitfinex,LTC/USDT:USDT,109.84,68.82425862,109.82,9.1059,109.85,14.3636,109.88,15.47673197
1753769631196,06:13:51.196,bitfinex,LTC/USDT:USDT,109.84,68.82425862,109.82,9.1059,109.85,14.3636,109.88,15.47673197
1753769631197,06:13:51.197,bitfinex,LTC/USDT:USDT,109.84,68.82425862,109.82,9.1059,109.85,14.3636,109.88,15.47673197
1753769631197,06:13:51.197,bitfinex,LTC/USDT:USDT,109.84,68.82425862,109.82,9.1059,109.85,14.3636,109.88,15.47673197
1753769631496,06:13:51.496,bitfinex,LTC/USDT:USDT,109.84,68.82425862,109.82,9.1059,109.85,14.3636,109.88,15.47673197
1753769631496,06:13:51.496,bitfinex,LTC/USDT:USDT,109.84,68.82425862,109.82,9.1059,109.85,14.3636,109.88,15.47673197
1753769631699,06:13:51.699,bitfinex,LTC/USDT:USDT,109.84,68.82425862,109.82,9.1059,109.85,14.3636,109.88,15.47673197
1753769631700,06:13:51.700,bitfinex,LTC/USDT:USDT,109.84,68.82425862,109.82,9.1059,109.85,14.3636,109.88,15.47673197
1753769631896,06:13:51.896,bitfinex,LTC/USDT:USDT,109.84,61.33069626,109.82,9.1059,109.85,14.3636,109.88,15.47673197
1753769632193,06:13:52.193,bitfinex,LTC/USDT:USDT,109.84,65.70530256,109.82,9.1059,109.85,14.3636,109.88,15.47673197
1753769632194,06:13:52.194,bitfinex,LTC/USDT:USDT,109.84,65.70530256,109.82,9.1059,109.85,14.3636,109.88,15.47673197
1753769632194,06:13:52.194,bitfinex,LTC/USDT:USDT,109.84,65.70530256,109.82,9.1059,109.85,14.3636,109.88,15.47673197
1753769632397,06:13:52.397,bitfinex,LTC/USDT:USDT,109.84,68.82780788,109.82,9.1059,109.85,14.3636,109.88,15.47673197
1753769632827,06:13:52.827,bitfinex,LTC/USDT:USDT,109.84,61.33069626,109.82,9.1059,109.85,14.3636,109.88,15.47673197
1753769632836,06:13:52.836,bitfinex,LTC/USDT:USDT,109.84,61.33069626,109.82,9.1059,109.85,14.3636,109.88,15.47673197
1753769633098,06:13:53.098,bitfinex,LTC/USDT:USDT,109.84,68.82904743,109.82,9.1059,109.85,14.3636,109.88,15.47673197
1753769633100,06:13:53.100,bitfinex,LTC/USDT:USDT,109.84,68.82904743,109.82,9.1059,109.85,14.3636,109.88,15.47673197
1753769633297,06:13:53.297,bitfinex,LTC/USDT:USDT,109.84,68.82904743,109.82,9.1059,109.85,14.3636,109.88,15.47673197
1753769633297,06:13:53.297,bitfinex,LTC/USDT:USDT,109.84,68.82904743,109.82,9.1059,109.85,14.3636,109.88,15.47673197
1753769633298,06:13:53.298,bitfinex,LTC/USDT:USDT,109.84,68.82904743,109.82,9.1059,109.85,14.3636,109.88,15.47673197
1753769633697,06:13:53.697,bitfinex,LTC/USDT:USDT,109.84,68.82904743,109.82,9.1059,109.85,14.3636,109.88,15.47673197
1753769633698,06:13:53.698,bitfinex,LTC/USDT:USDT,109.84,68.82904743,109.82,9.1059,109.85,14.3636,109.88,15.47673197
1753769633902,06:13:53.902,bitfinex,LTC/USDT:USDT,109.84,65.70598947,109.82,9.1059,109.85,14.3636,109.88,15.47673197
1753769634103,06:13:54.103,bitfinex,LTC/USDT:USDT,109.84,68.82976418,109.82,9.1059,109.85,14.3636,109.88,15.47673197
1753769634103,06:13:54.103,bitfinex,LTC/USDT:USDT,109.84,68.82976418,109.82,9.1059,109.85,14.3636,109.88,15.47673197
1753769634104,06:13:54.104,bitfinex,LTC/USDT:USDT,109.84,68.82976418,109.82,9.1059,109.85,14.3636,109.88,15.47673197
1753769634499,06:13:54.499,bitfinex,LTC/USDT:USDT,109.84,68.82976418,109.82,9.1059,109.85,14.3636,109.88,15.47673197
1753769634499,06:13:54.499,bitfinex,LTC/USDT:USDT,109.84,61.33069626,109.82,9.1059,109.85,14.3636,109.88,15.47673197
1753769634500,06:13:54.500,bitfinex,LTC/USDT:USDT,109.84,61.33069626,109.82,9.1059,109.85,14.3636,109.88,15.47673197
1753769634998,06:13:54.998,bitfinex,LTC/USDT:USDT,109.84,61.33069626,109.82,9.1059,109.85,14.3636,109.88,15.47673197
1753769634999,06:13:54.999,bitfinex,LTC/USDT:USDT,109.84,61.33069626,109.82,9.1059,109.85,14.3636,109.88,15.47673197
1753769635226,06:13:55.226,bitfinex,LTC/USDT:USDT,109.84,61.33069626,109.82,9.1059,109.85,14.3636,109.88,15.47673197
1753769635232,06:13:55.232,bitfinex,LTC/USDT:USDT,109.84,61.33069626,109.82,9.1059,109.85,14.3636,109.88,15.47673197
1753769635440,06:13:55.440,bitfinex,LTC/USDT:USDT,109.84,61.33069626,109.82,9.1059,109.85,14.3636,109.88,15.47673197
1753769635448,06:13:55.448,bitfinex,LTC/USDT:USDT,109.84,68.83411905,109.82,9.1059,109.85,14.3636,109.88,15.47673197
1753769635458,06:13:55.458,bitfinex,LTC/USDT:USDT,109.84,68.83411905,109.82,9.1059,109.85,14.3636,109.88,15.47673197
1753769635600,06:13:55.600,bitfinex,LTC/USDT:USDT,109.84,68.83411905,109.82,9.1059,109.85,14.3636,109.88,15.47673197
1753769635601,06:13:55.601,bitfinex,LTC/USDT:USDT,109.84,68.83411905,109.82,9.1059,109.85,14.3636,109.88,15.47673197
1753769635602,06:13:55.602,bitfinex,LTC/USDT:USDT,109.84,68.83411905,109.82,9.1059,109.85,14.3636,109.88,15.47673197
1753769636102,06:13:56.102,bitfinex,LTC/USDT:USDT,109.84,68.83411905,109.82,9.1059,109.85,14.3636,109.88,15.47673197
