timestamp,time,exchange,symbol,bid1_price,bid1_volume,bid2_price,bid2_volume,ask1_price,ask1_volume,ask2_price,ask2_volume
1753769558074,06:12:38.074,whitebit,XRP/USDT:USDT,3.14098,636.0,3.14096,6908.0,3.1429,34369.0,3.1431,6907.0
1753769557969,06:12:37.969,whitebit,XRP/USDT:USDT,3.14096,6908.0,3.14072,34369.0,3.1429,34369.0,3.1431,6907.0
1753769558175,06:12:38.175,whitebit,XRP/USDT:USDT,3.14099,636.0,3.14096,6908.0,3.1429,34369.0,3.1431,6907.0
1753769558278,06:12:38.278,whitebit,XRP/USDT:USDT,3.14096,6908.0,3.14072,34369.0,3.1429,34369.0,3.1431,6907.0
1753769558380,06:12:38.380,whitebit,XRP/USDT:USDT,3.14103,636.0,3.14096,6908.0,3.1429,34369.0,3.1431,6907.0
1753769558478,06:12:38.478,whitebit,XRP/USDT:USDT,3.14097,636.0,3.14096,6908.0,3.1429,34369.0,3.1431,6907.0
1753769558571,06:12:38.571,whitebit,XRP/USDT:USDT,3.14096,6908.0,3.14072,34369.0,3.1429,34369.0,3.1431,6907.0
1753769558675,06:12:38.675,whitebit,XRP/USDT:USDT,3.14096,6908.0,3.14072,34369.0,3.1429,34369.0,3.1431,6907.0
1753769559175,06:12:39.175,whitebit,XRP/USDT:USDT,3.14098,636.0,3.14096,6908.0,3.1429,34369.0,3.1431,6907.0
1753769559273,06:12:39.273,whitebit,XRP/USDT:USDT,3.141,636.0,3.14096,6908.0,3.1429,34369.0,3.1431,6907.0
1753769559379,06:12:39.379,whitebit,XRP/USDT:USDT,3.14102,636.0,3.14096,6908.0,3.1429,34369.0,3.1431,6907.0
1753769559473,06:12:39.473,whitebit,XRP/USDT:USDT,3.14104,636.0,3.14096,6908.0,3.1429,34369.0,3.1431,6907.0
1753769559574,06:12:39.574,whitebit,XRP/USDT:USDT,3.14106,636.0,3.14096,6908.0,3.1429,34369.0,3.1431,6907.0
1753769559676,06:12:39.676,whitebit,XRP/USDT:USDT,3.14108,636.0,3.14096,6908.0,3.1429,34369.0,3.1431,6907.0
1753769559774,06:12:39.774,whitebit,XRP/USDT:USDT,3.14096,6908.0,3.14072,34369.0,3.1429,34369.0,3.1431,6907.0
1753769559964,06:12:39.964,whitebit,XRP/USDT:USDT,3.14114,636.0,3.14096,6908.0,3.1429,34369.0,3.1431,6907.0
1753769560070,06:12:40.070,whitebit,XRP/USDT:USDT,3.141,636.0,3.14096,6908.0,3.14216,4.2,3.1429,34369.0
1753769560173,06:12:40.173,whitebit,XRP/USDT:USDT,3.14096,6908.0,3.14072,34369.0,3.1429,34369.0,3.1431,6907.0
1753769560472,06:12:40.472,whitebit,XRP/USDT:USDT,3.14098,636.0,3.14096,6908.0,3.1429,34369.0,3.1431,6907.0
1753769560573,06:12:40.573,whitebit,XRP/USDT:USDT,3.141,636.0,3.14096,6908.0,3.1429,34369.0,3.1431,6907.0
1753769560674,06:12:40.674,whitebit,XRP/USDT:USDT,3.14102,636.0,3.14096,6908.0,3.1429,34369.0,3.1431,6907.0
1753769560766,06:12:40.766,whitebit,XRP/USDT:USDT,3.14104,636.0,3.14096,6908.0,3.1429,34369.0,3.1431,6907.0
1753769560872,06:12:40.872,whitebit,XRP/USDT:USDT,3.14106,636.0,3.14096,6908.0,3.1429,34369.0,3.1431,6907.0
1753769560957,06:12:40.957,whitebit,XRP/USDT:USDT,3.14163,636.0,3.14107,6905.0,3.1429,34369.0,3.1431,6907.0
1753769561073,06:12:41.073,whitebit,XRP/USDT:USDT,3.14162,6905.0,3.14072,34369.0,3.1429,34369.0,3.1431,6907.0
1753769561367,06:12:41.367,whitebit,XRP/USDT:USDT,3.14165,636.0,3.14162,6905.0,3.1429,34369.0,3.1431,6907.0
1753769561468,06:12:41.468,whitebit,XRP/USDT:USDT,3.14163,636.0,3.14162,6905.0,3.1429,34369.0,3.1431,6907.0
1753769561579,06:12:41.579,whitebit,XRP/USDT:USDT,3.14162,6905.0,3.14072,34369.0,3.1429,34369.0,3.1431,6907.0
1753769561771,06:12:41.771,whitebit,XRP/USDT:USDT,3.14163,636.0,3.14162,6905.0,3.1429,34369.0,3.1431,6907.0
1753769561868,06:12:41.868,whitebit,XRP/USDT:USDT,3.14162,6905.0,3.14072,34369.0,3.1429,34369.0,3.1431,6907.0
1753769561969,06:12:41.969,whitebit,XRP/USDT:USDT,3.14163,636.0,3.14162,6905.0,3.1429,34369.0,3.1431,6907.0
1753769562067,06:12:42.067,whitebit,XRP/USDT:USDT,3.14162,6905.0,3.14072,34369.0,3.1429,34369.0,3.1431,6907.0
1753769562371,06:12:42.371,whitebit,XRP/USDT:USDT,3.14163,636.0,3.14162,6905.0,3.1429,34369.0,3.1431,6907.0
1753769562473,06:12:42.473,whitebit,XRP/USDT:USDT,3.14162,6905.0,3.14072,34369.0,3.1429,34369.0,3.1431,6907.0
1753769562966,06:12:42.966,whitebit,XRP/USDT:USDT,3.14163,636.0,3.14162,6905.0,3.1429,34369.0,3.1431,6907.0
1753769563057,06:12:43.057,whitebit,XRP/USDT:USDT,3.14162,6905.0,3.14072,34369.0,3.1429,34369.0,3.1431,6907.0
1753769564372,06:12:44.372,whitebit,XRP/USDT:USDT,3.14162,6905.0,3.14072,34369.0,3.14216,215.0,3.1429,34369.0
1753769564478,06:12:44.478,whitebit,XRP/USDT:USDT,3.14162,6905.0,3.14072,34369.0,3.1429,34369.0,3.1431,6907.0
1753769565367,06:12:45.367,whitebit,XRP/USDT:USDT,3.14162,6905.0,3.14072,34369.0,3.14269,6904.0,3.1429,34369.0
1753769565572,06:12:45.572,whitebit,XRP/USDT:USDT,3.14163,636.0,3.14162,6905.0,3.14269,6904.0,3.1429,34369.0
1753769565673,06:12:45.673,whitebit,XRP/USDT:USDT,3.14162,6905.0,3.14072,34369.0,3.14269,6904.0,3.1429,34369.0
1753769565865,06:12:45.865,whitebit,XRP/USDT:USDT,3.14165,636.0,3.14162,6905.0,3.14269,6904.0,3.1429,34369.0
1753769565979,06:12:45.979,whitebit,XRP/USDT:USDT,3.14162,6905.0,3.14072,34369.0,3.14269,6904.0,3.1429,34369.0
1753769566073,06:12:46.073,whitebit,XRP/USDT:USDT,3.14164,636.0,3.14162,6905.0,3.14269,6904.0,3.1429,34369.0
1753769566174,06:12:46.174,whitebit,XRP/USDT:USDT,3.14163,636.0,3.14162,6905.0,3.14269,6904.0,3.1429,34369.0
1753769566266,06:12:46.266,whitebit,XRP/USDT:USDT,3.14162,6905.0,3.14072,34369.0,3.14269,6904.0,3.1429,34369.0
1753769566867,06:12:46.867,whitebit,XRP/USDT:USDT,3.14163,636.0,3.14162,6905.0,3.14269,6904.0,3.1429,34369.0
1753769567068,06:12:47.068,whitebit,XRP/USDT:USDT,3.14165,636.0,3.14162,6905.0,3.14269,6904.0,3.1429,34369.0
1753769567170,06:12:47.170,whitebit,XRP/USDT:USDT,3.14162,6905.0,3.14072,34369.0,3.14269,6904.0,3.1429,34369.0
1753769567869,06:12:47.869,whitebit,XRP/USDT:USDT,3.14167,636.0,3.14162,6905.0,3.14269,6904.0,3.1429,34369.0
1753769567970,06:12:47.970,whitebit,XRP/USDT:USDT,3.14164,636.0,3.14162,6905.0,3.14269,6904.0,3.1429,34369.0
1753769568070,06:12:48.070,whitebit,XRP/USDT:USDT,3.14163,636.0,3.14162,6905.0,3.14269,6904.0,3.1429,34369.0
1753769568170,06:12:48.170,whitebit,XRP/USDT:USDT,3.14162,6905.0,3.14072,34369.0,3.14269,6904.0,3.1429,34369.0
1753769568264,06:12:48.264,whitebit,XRP/USDT:USDT,3.14165,636.0,3.14162,6905.0,3.14269,6904.0,3.1429,34369.0
1753769568371,06:12:48.371,whitebit,XRP/USDT:USDT,3.14162,6905.0,3.14072,34369.0,3.14269,6904.0,3.1429,34369.0
1753769568765,06:12:48.765,whitebit,XRP/USDT:USDT,3.14167,636.0,3.14162,6905.0,3.14269,6904.0,3.1429,34369.0
1753769568872,06:12:48.872,whitebit,XRP/USDT:USDT,3.14162,6905.0,3.14072,34369.0,3.14269,6904.0,3.1429,34369.0
1753769569065,06:12:49.065,whitebit,XRP/USDT:USDT,3.14163,636.0,3.14162,6905.0,3.14269,6904.0,3.1429,34369.0
1753769569170,06:12:49.170,whitebit,XRP/USDT:USDT,3.14165,636.0,3.14162,6905.0,3.14269,6904.0,3.1429,34369.0
1753769569266,06:12:49.266,whitebit,XRP/USDT:USDT,3.14163,636.0,3.14162,6905.0,3.14269,6904.0,3.1429,34369.0
1753769569367,06:12:49.367,whitebit,XRP/USDT:USDT,3.14165,636.0,3.14162,6905.0,3.14269,6904.0,3.1429,34369.0
1753769569466,06:12:49.466,whitebit,XRP/USDT:USDT,3.14167,636.0,3.14162,6905.0,3.14269,6904.0,3.1429,34369.0
1753769569574,06:12:49.574,whitebit,XRP/USDT:USDT,3.14164,636.0,3.14162,6905.0,3.14269,6904.0,3.1429,34369.0
1753769569656,06:12:49.656,whitebit,XRP/USDT:USDT,3.14163,636.0,3.14162,6905.0,3.14269,6904.0,3.1429,34369.0
1753769569766,06:12:49.766,whitebit,XRP/USDT:USDT,3.14165,636.0,3.14162,6905.0,3.14269,6904.0,3.1429,34369.0
1753769569868,06:12:49.868,whitebit,XRP/USDT:USDT,3.14162,6905.0,3.14072,34369.0,3.14269,6904.0,3.1429,34369.0
1753769569962,06:12:49.962,whitebit,XRP/USDT:USDT,3.14165,636.0,3.14162,6905.0,3.14269,6904.0,3.1429,34369.0
1753769570064,06:12:50.064,whitebit,XRP/USDT:USDT,3.14163,636.0,3.14162,6905.0,3.14216,150.2,3.14269,6904.0
1753769570172,06:12:50.172,whitebit,XRP/USDT:USDT,3.14162,6905.0,3.14072,34369.0,3.14269,6904.0,3.1429,34369.0
1753769570368,06:12:50.368,whitebit,XRP/USDT:USDT,3.14164,636.0,3.14162,6905.0,3.14269,6904.0,3.1429,34369.0
1753769570469,06:12:50.469,whitebit,XRP/USDT:USDT,3.14163,636.0,3.14162,6905.0,3.14269,6904.0,3.1429,34369.0
1753769570671,06:12:50.671,whitebit,XRP/USDT:USDT,3.14162,6905.0,3.14072,34369.0,3.14269,6904.0,3.1429,34369.0
1753769570767,06:12:50.767,whitebit,XRP/USDT:USDT,3.14166,636.0,3.14162,6905.0,3.14269,6904.0,3.1429,34369.0
1753769570877,06:12:50.877,whitebit,XRP/USDT:USDT,3.14162,6905.0,3.14072,34369.0,3.14269,6904.0,3.1429,34369.0
1753769570966,06:12:50.966,whitebit,XRP/USDT:USDT,3.14165,636.0,3.14162,6905.0,3.14269,6904.0,3.1429,34369.0
1753769571066,06:12:51.066,whitebit,XRP/USDT:USDT,3.14163,636.0,3.14162,6905.0,3.14269,6904.0,3.1429,34369.0
1753769571165,06:12:51.165,whitebit,XRP/USDT:USDT,3.14164,636.0,3.14162,6905.0,3.14269,6904.0,3.1429,34369.0
1753769571270,06:12:51.270,whitebit,XRP/USDT:USDT,3.14162,6905.0,3.14072,34369.0,3.14269,6904.0,3.1429,34369.0
1753769571461,06:12:51.461,whitebit,XRP/USDT:USDT,3.14165,636.0,3.14162,6905.0,3.14269,6904.0,3.1429,34369.0
1753769571560,06:12:51.560,whitebit,XRP/USDT:USDT,3.14164,636.0,3.14162,6905.0,3.14269,6904.0,3.1429,34369.0
1753769571671,06:12:51.671,whitebit,XRP/USDT:USDT,3.14162,6905.0,3.14072,34369.0,3.14269,6904.0,3.1429,34369.0
1753769571764,06:12:51.764,whitebit,XRP/USDT:USDT,3.14163,636.0,3.14162,6905.0,3.14269,6904.0,3.1429,34369.0
1753769571959,06:12:51.959,whitebit,XRP/USDT:USDT,3.14164,636.0,3.14162,6905.0,3.14269,6904.0,3.1429,34369.0
1753769572055,06:12:52.055,whitebit,XRP/USDT:USDT,3.14162,6905.0,3.14072,34369.0,3.14269,6904.0,3.1429,34369.0
1753769572368,06:12:52.368,whitebit,XRP/USDT:USDT,3.14165,636.0,3.14162,6905.0,3.14269,6904.0,3.1429,34369.0
1753769572467,06:12:52.467,whitebit,XRP/USDT:USDT,3.14163,636.0,3.14162,6905.0,3.14269,6904.0,3.1429,34369.0
1753769572556,06:12:52.556,whitebit,XRP/USDT:USDT,3.14165,636.0,3.14162,6905.0,3.1429,34369.0,3.14339,61.9
1753769572671,06:12:52.671,whitebit,XRP/USDT:USDT,3.14162,6905.0,3.14072,34369.0,3.14373,34355.0,3.14385,617.1
1753769572764,06:12:52.764,whitebit,XRP/USDT:USDT,3.14163,636.0,3.14162,6905.0,3.14372,6903.0,3.14373,34355.0
1753769572866,06:12:52.866,whitebit,XRP/USDT:USDT,3.14162,6905.0,3.14072,34369.0,3.14372,6903.0,3.14373,34355.0
1753769573071,06:12:53.071,whitebit,XRP/USDT:USDT,3.14162,6905.0,3.14072,34369.0,3.14372,6903.0,3.14373,34355.0
1753769573171,06:12:53.171,whitebit,XRP/USDT:USDT,3.14162,6905.0,3.14072,34369.0,3.14372,6903.0,3.14373,34355.0
1753769573270,06:12:53.270,whitebit,XRP/USDT:USDT,3.14163,636.0,3.14162,6905.0,3.14372,6903.0,3.14373,34355.0
1753769573369,06:12:53.369,whitebit,XRP/USDT:USDT,3.14162,6905.0,3.14102,47.5,3.14372,6903.0,3.14373,34355.0
1753769573464,06:12:53.464,whitebit,XRP/USDT:USDT,3.14166,636.0,3.14162,6905.0,3.14372,6903.0,3.14373,34355.0
1753769573559,06:12:53.559,whitebit,XRP/USDT:USDT,3.14162,6905.0,3.14102,47.5,3.14372,6903.0,3.14373,34355.0
1753769573659,06:12:53.659,whitebit,XRP/USDT:USDT,3.14162,6905.0,3.14102,91.0,3.14372,6903.0,3.14373,34355.0
1753769573770,06:12:53.770,whitebit,XRP/USDT:USDT,3.14162,6905.0,3.14102,91.0,3.14372,6903.0,3.14373,34355.0
1753769573860,06:12:53.860,whitebit,XRP/USDT:USDT,3.14166,636.0,3.14162,6905.0,3.14372,6903.0,3.14373,34355.0
1753769573960,06:12:53.960,whitebit,XRP/USDT:USDT,3.14168,636.0,3.14162,6905.0,3.14372,6903.0,3.14373,34355.0
1753769574061,06:12:54.061,whitebit,XRP/USDT:USDT,3.14162,6905.0,3.14102,91.0,3.14372,6903.0,3.14373,34355.0
1753769574268,06:12:54.268,whitebit,XRP/USDT:USDT,3.14163,636.0,3.14162,6905.0,3.14372,6903.0,3.14373,34355.0
1753769574361,06:12:54.361,whitebit,XRP/USDT:USDT,3.14165,636.0,3.14162,6905.0,3.14372,6903.0,3.14373,34355.0
1753769574467,06:12:54.467,whitebit,XRP/USDT:USDT,3.14163,636.0,3.14162,6905.0,3.14311,6903.0,3.14373,34355.0
1753769574561,06:12:54.561,whitebit,XRP/USDT:USDT,3.14164,636.0,3.14162,6905.0,3.14311,6903.0,3.14373,34355.0
1753769574662,06:12:54.662,whitebit,XRP/USDT:USDT,3.14166,636.0,3.14162,6905.0,3.14311,6903.0,3.14373,34355.0
1753769574769,06:12:54.769,whitebit,XRP/USDT:USDT,3.14162,6905.0,3.14102,100.0,3.14311,6903.0,3.14373,34355.0
1753769574862,06:12:54.862,whitebit,XRP/USDT:USDT,3.14163,636.0,3.14162,6905.0,3.14311,6903.0,3.14373,34355.0
1753769574962,06:12:54.962,whitebit,XRP/USDT:USDT,3.14165,636.0,3.14162,6905.0,3.14311,6903.0,3.14373,34355.0
1753769575063,06:12:55.063,whitebit,XRP/USDT:USDT,3.14163,636.0,3.14162,6905.0,3.14311,6903.0,3.14373,34355.0
1753769575174,06:12:55.174,whitebit,XRP/USDT:USDT,3.14165,636.0,3.14162,6905.0,3.14311,6903.0,3.14373,34355.0
1753769575263,06:12:55.263,whitebit,XRP/USDT:USDT,3.14163,636.0,3.14162,6905.0,3.14311,6903.0,3.14373,34355.0
1753769575364,06:12:55.364,whitebit,XRP/USDT:USDT,3.14164,636.0,3.14162,6905.0,3.14311,6903.0,3.14373,34355.0
1753769575464,06:12:55.464,whitebit,XRP/USDT:USDT,3.14163,636.0,3.14162,6905.0,3.14311,6903.0,3.14373,34355.0
1753769575564,06:12:55.564,whitebit,XRP/USDT:USDT,3.14162,6905.0,3.14136,34355.0,3.14311,6903.0,3.14373,34355.0
1753769575868,06:12:55.868,whitebit,XRP/USDT:USDT,3.14164,636.0,3.14162,6905.0,3.14311,6903.0,3.14373,34355.0
1753769576065,06:12:56.065,whitebit,XRP/USDT:USDT,3.14162,6905.0,3.14136,34355.0,3.14311,6903.0,3.14373,34355.0
1753769576366,06:12:56.366,whitebit,XRP/USDT:USDT,3.14163,636.0,3.14162,6905.0,3.14311,6903.0,3.14373,34355.0
1753769576466,06:12:56.466,whitebit,XRP/USDT:USDT,3.14162,6905.0,3.14136,34355.0,3.14236,85.2,3.14311,6903.0
1753769576575,06:12:56.575,whitebit,XRP/USDT:USDT,3.14162,6905.0,3.14136,34355.0,3.14311,6903.0,3.14373,34355.0
1753769576674,06:12:56.674,whitebit,XRP/USDT:USDT,3.14164,636.0,3.14162,6905.0,3.14311,6903.0,3.14373,34355.0
1753769576767,06:12:56.767,whitebit,XRP/USDT:USDT,3.14162,6905.0,3.14136,34355.0,3.14311,6903.0,3.14373,34355.0
1753769576968,06:12:56.968,whitebit,XRP/USDT:USDT,3.14163,636.0,3.14162,6905.0,3.14311,6903.0,3.14373,34355.0
1753769577081,06:12:57.081,whitebit,XRP/USDT:USDT,3.14165,636.0,3.14162,6905.0,3.14311,6903.0,3.14373,34355.0
1753769577171,06:12:57.171,whitebit,XRP/USDT:USDT,3.14162,6905.0,3.14136,34355.0,3.14311,6903.0,3.14373,34355.0
1753769577268,06:12:57.268,whitebit,XRP/USDT:USDT,3.14164,636.0,3.14162,6905.0,3.14311,6903.0,3.14373,34355.0
1753769577368,06:12:57.368,whitebit,XRP/USDT:USDT,3.14163,636.0,3.14162,6905.0,3.14311,6903.0,3.14373,34355.0
1753769577469,06:12:57.469,whitebit,XRP/USDT:USDT,3.14162,6905.0,3.14136,34355.0,3.14311,6903.0,3.14373,34355.0
1753769577569,06:12:57.569,whitebit,XRP/USDT:USDT,3.14163,636.0,3.14162,6905.0,3.14311,6903.0,3.14373,34355.0
1753769577671,06:12:57.671,whitebit,XRP/USDT:USDT,3.14165,636.0,3.14162,6905.0,3.14311,6903.0,3.14373,34355.0
1753769577761,06:12:57.761,whitebit,XRP/USDT:USDT,3.14167,636.0,3.14162,6905.0,3.14311,6903.0,3.14373,34355.0
1753769577862,06:12:57.862,whitebit,XRP/USDT:USDT,3.14163,636.0,3.14162,6905.0,3.14311,6903.0,3.14373,34355.0
1753769578361,06:12:58.361,whitebit,XRP/USDT:USDT,3.14162,6905.0,3.14136,34355.0,3.14311,6903.0,3.14373,34355.0
1753769578463,06:12:58.463,whitebit,XRP/USDT:USDT,3.14164,636.0,3.14162,6905.0,3.14236,274.9,3.14311,6903.0
1753769578572,06:12:58.572,whitebit,XRP/USDT:USDT,3.14163,636.0,3.14162,6905.0,3.14311,6903.0,3.14373,34355.0
1753769578673,06:12:58.673,whitebit,XRP/USDT:USDT,3.14165,636.0,3.14162,6905.0,3.14311,6903.0,3.14373,34355.0
1753769578772,06:12:58.772,whitebit,XRP/USDT:USDT,3.14163,636.0,3.14162,6905.0,3.14311,6903.0,3.14373,34355.0
1753769578864,06:12:58.864,whitebit,XRP/USDT:USDT,3.14162,6905.0,3.14136,34355.0,3.14236,85.7,3.14311,6903.0
1753769578973,06:12:58.973,whitebit,XRP/USDT:USDT,3.14162,6905.0,3.14136,34355.0,3.14311,6903.0,3.14373,34355.0
1753769579172,06:12:59.172,whitebit,XRP/USDT:USDT,3.14164,636.0,3.14162,6905.0,3.14311,6903.0,3.14373,34355.0
1753769579274,06:12:59.274,whitebit,XRP/USDT:USDT,3.14162,6905.0,3.14136,34355.0,3.14311,6903.0,3.14373,34355.0
1753769579373,06:12:59.373,whitebit,XRP/USDT:USDT,3.14164,636.0,3.14162,6905.0,3.14311,6903.0,3.14373,34355.0
1753769579469,06:12:59.469,whitebit,XRP/USDT:USDT,3.14166,636.0,3.14162,6905.0,3.14311,6903.0,3.14373,34355.0
1753769579569,06:12:59.569,whitebit,XRP/USDT:USDT,3.14162,6905.0,3.14136,34355.0,3.14311,6903.0,3.14373,34355.0
1753769579675,06:12:59.675,whitebit,XRP/USDT:USDT,3.14162,6905.0,3.14136,34355.0,3.14311,6903.0,3.14373,34355.0
1753769579774,06:12:59.774,whitebit,XRP/USDT:USDT,3.14162,6905.0,3.14136,34355.0,3.14373,34355.0,3.14385,617.1
1753769579875,06:12:59.875,whitebit,XRP/USDT:USDT,3.14162,6905.0,3.14136,34355.0,3.14372,6901.0,3.14373,34355.0
1753769579969,06:12:59.969,whitebit,XRP/USDT:USDT,3.14162,6905.0,3.14136,34355.0,3.14372,6901.0,3.14373,34355.0
1753769580068,06:13:00.068,whitebit,XRP/USDT:USDT,3.14164,636.0,3.14162,6905.0,3.14372,6901.0,3.14373,34355.0
1753769580174,06:13:00.174,whitebit,XRP/USDT:USDT,3.14162,6905.0,3.14136,34355.0,3.14372,6901.0,3.14373,34355.0
1753769580266,06:13:00.266,whitebit,XRP/USDT:USDT,3.14165,636.0,3.14162,6905.0,3.14372,6901.0,3.14373,34355.0
1753769580366,06:13:00.366,whitebit,XRP/USDT:USDT,3.14162,6905.0,3.14136,34355.0,3.14372,6901.0,3.14373,34355.0
1753769580461,06:13:00.461,whitebit,XRP/USDT:USDT,3.14163,636.0,3.14162,6905.0,3.14372,6901.0,3.14373,34355.0
1753769580568,06:13:00.568,whitebit,XRP/USDT:USDT,3.14162,6905.0,3.14136,34355.0,3.14372,6901.0,3.14373,34355.0
1753769580671,06:13:00.671,whitebit,XRP/USDT:USDT,3.14162,6905.0,3.14136,34355.0,3.14372,6901.0,3.14373,34355.0
1753769580770,06:13:00.770,whitebit,XRP/USDT:USDT,3.14162,6905.0,3.14136,34355.0,3.14372,6901.0,3.14373,34355.0
1753769580865,06:13:00.865,whitebit,XRP/USDT:USDT,3.14163,636.0,3.14162,6905.0,3.14266,272.1,3.14372,6901.0
1753769580967,06:13:00.967,whitebit,XRP/USDT:USDT,3.14162,6905.0,3.14136,34355.0,3.14372,6901.0,3.14373,34355.0
1753769581166,06:13:01.166,whitebit,XRP/USDT:USDT,3.14162,6905.0,3.14136,34355.0,3.14372,6901.0,3.14373,34355.0
1753769581266,06:13:01.266,whitebit,XRP/USDT:USDT,3.14164,636.0,3.14162,6905.0,3.14372,6901.0,3.14373,34355.0
1753769581362,06:13:01.362,whitebit,XRP/USDT:USDT,3.14163,636.0,3.14162,6905.0,3.14372,6901.0,3.14373,34355.0
1753769581464,06:13:01.464,whitebit,XRP/USDT:USDT,3.14165,636.0,3.14162,6905.0,3.14372,6901.0,3.14373,34355.0
1753769581561,06:13:01.561,whitebit,XRP/USDT:USDT,3.14163,636.0,3.14162,6905.0,3.14372,6901.0,3.14373,34355.0
1753769581668,06:13:01.668,whitebit,XRP/USDT:USDT,3.14162,6905.0,3.14149,30.6,3.14372,6901.0,3.14373,34355.0
1753769581766,06:13:01.766,whitebit,XRP/USDT:USDT,3.14167,636.0,3.14162,6905.0,3.14372,6901.0,3.14373,34355.0
1753769581876,06:13:01.876,whitebit,XRP/USDT:USDT,3.14164,636.0,3.14162,6905.0,3.14372,6901.0,3.14373,34355.0
1753769581971,06:13:01.971,whitebit,XRP/USDT:USDT,3.14162,6905.0,3.14149,47.8,3.14372,6901.0,3.14373,34355.0
1753769582067,06:13:02.067,whitebit,XRP/USDT:USDT,3.14162,6905.0,3.14149,47.8,3.14372,6901.0,3.14373,34355.0
1753769582171,06:13:02.171,whitebit,XRP/USDT:USDT,3.14163,636.0,3.14162,6905.0,3.14372,6901.0,3.14373,34355.0
1753769582266,06:13:02.266,whitebit,XRP/USDT:USDT,3.14164,636.0,3.14162,6905.0,3.14372,6901.0,3.14373,34355.0
1753769582368,06:13:02.368,whitebit,XRP/USDT:USDT,3.14163,636.0,3.14162,6905.0,3.14372,6901.0,3.14373,34355.0
1753769582472,06:13:02.472,whitebit,XRP/USDT:USDT,3.14162,6905.0,3.14149,55.9,3.14372,6901.0,3.14373,34355.0
1753769582571,06:13:02.571,whitebit,XRP/USDT:USDT,3.14165,636.0,3.14162,6905.0,3.14372,6901.0,3.14373,34355.0
1753769582671,06:13:02.671,whitebit,XRP/USDT:USDT,3.14162,6905.0,3.14149,55.9,3.14372,6901.0,3.14373,34355.0
1753769582767,06:13:02.767,whitebit,XRP/USDT:USDT,3.14163,636.0,3.14162,6905.0,3.14372,6901.0,3.14373,34355.0
1753769582869,06:13:02.869,whitebit,XRP/USDT:USDT,3.14162,6905.0,3.14149,55.9,3.14372,6901.0,3.14373,34355.0
1753769583063,06:13:03.063,whitebit,XRP/USDT:USDT,3.14168,636.0,3.14162,6905.0,3.14372,6901.0,3.14373,34355.0
1753769583173,06:13:03.173,whitebit,XRP/USDT:USDT,3.14274,220.1,3.14163,636.0,3.14372,6901.0,3.14373,34355.0
1753769583267,06:13:03.267,whitebit,XRP/USDT:USDT,3.14162,6905.0,3.14149,55.9,3.14372,6901.0,3.14373,34355.0
1753769583672,06:13:03.672,whitebit,XRP/USDT:USDT,3.14162,6905.0,3.14149,9.9,3.14372,6901.0,3.14373,34355.0
1753769583871,06:13:03.871,whitebit,XRP/USDT:USDT,3.14162,6905.0,3.14149,9.9,3.14372,6901.0,3.14373,34355.0
1753769583978,06:13:03.978,whitebit,XRP/USDT:USDT,3.14165,636.0,3.14162,6905.0,3.14246,253.2,3.14372,6901.0
1753769584068,06:13:04.068,whitebit,XRP/USDT:USDT,3.14167,636.0,3.14162,6905.0,3.14372,6901.0,3.14373,34355.0
1753769584175,06:13:04.175,whitebit,XRP/USDT:USDT,3.14169,636.0,3.14162,6905.0,3.14372,6901.0,3.14373,34355.0
1753769584272,06:13:04.272,whitebit,XRP/USDT:USDT,3.14162,6905.0,3.14136,34355.0,3.14372,6901.0,3.14373,34355.0
1753769584373,06:13:04.373,whitebit,XRP/USDT:USDT,3.14162,6905.0,3.14136,34355.0,3.14372,6901.0,3.14373,34355.0
1753769584474,06:13:04.474,whitebit,XRP/USDT:USDT,3.14162,6905.0,3.14136,34355.0,3.14372,6901.0,3.14373,34355.0
1753769584567,06:13:04.567,whitebit,XRP/USDT:USDT,3.14162,6905.0,3.14136,34355.0,3.14372,6901.0,3.14373,34355.0
1753769584672,06:13:04.672,whitebit,XRP/USDT:USDT,3.14162,6905.0,3.14136,34355.0,3.14372,6901.0,3.14373,34355.0
1753769584762,06:13:04.762,whitebit,XRP/USDT:USDT,3.14162,6905.0,3.14136,34355.0,3.14372,6901.0,3.14373,34355.0
1753769584862,06:13:04.862,whitebit,XRP/USDT:USDT,3.14162,6905.0,3.14136,34355.0,3.14372,6901.0,3.14373,34355.0
1753769584970,06:13:04.970,whitebit,XRP/USDT:USDT,3.14162,6905.0,3.14136,34355.0,3.14372,6901.0,3.14373,34355.0
1753769585068,06:13:05.068,whitebit,XRP/USDT:USDT,3.14162,6905.0,3.14136,34355.0,3.14372,6901.0,3.14373,34355.0
1753769585163,06:13:05.163,whitebit,XRP/USDT:USDT,3.14162,6905.0,3.14136,34355.0,3.14372,6901.0,3.14373,34355.0
1753769585269,06:13:05.269,whitebit,XRP/USDT:USDT,3.14162,6905.0,3.14136,34355.0,3.14372,6901.0,3.14373,34355.0
1753769585364,06:13:05.364,whitebit,XRP/USDT:USDT,3.14164,636.0,3.14162,6905.0,3.14372,6901.0,3.14373,34355.0
1753769585464,06:13:05.464,whitebit,XRP/USDT:USDT,3.14166,636.0,3.14162,6905.0,3.14372,6901.0,3.14373,34355.0
1753769585564,06:13:05.564,whitebit,XRP/USDT:USDT,3.14168,636.0,3.14162,6905.0,3.14372,6901.0,3.14373,34355.0
1753769585674,06:13:05.674,whitebit,XRP/USDT:USDT,3.14162,6905.0,3.14136,34355.0,3.14372,6901.0,3.14373,34355.0
1753769585779,06:13:05.779,whitebit,XRP/USDT:USDT,3.14166,636.0,3.14162,6905.0,3.14372,6901.0,3.14373,34355.0
1753769585869,06:13:05.869,whitebit,XRP/USDT:USDT,3.14168,636.0,3.14162,6905.0,3.14372,6901.0,3.14373,34355.0
1753769585977,06:13:05.977,whitebit,XRP/USDT:USDT,3.14234,50.1,3.14162,6905.0,3.14372,6901.0,3.14373,34355.0
1753769586071,06:13:06.071,whitebit,XRP/USDT:USDT,3.14162,6905.0,3.14136,34355.0,3.14372,6901.0,3.14373,34355.0
1753769586166,06:13:06.166,whitebit,XRP/USDT:USDT,3.14163,636.0,3.14162,6905.0,3.14372,6901.0,3.14373,34355.0
1753769586266,06:13:06.266,whitebit,XRP/USDT:USDT,3.14162,6905.0,3.14136,34355.0,3.14372,6901.0,3.14373,34355.0
1753769586567,06:13:06.567,whitebit,XRP/USDT:USDT,3.14165,636.0,3.14162,6905.0,3.14372,6901.0,3.14373,34355.0
1753769586673,06:13:06.673,whitebit,XRP/USDT:USDT,3.14162,6905.0,3.14136,34355.0,3.14372,6901.0,3.14373,34355.0
1753769587168,06:13:07.168,whitebit,XRP/USDT:USDT,3.14162,6905.0,3.14136,34355.0,3.14372,6901.0,3.14373,34355.0
1753769587268,06:13:07.268,whitebit,XRP/USDT:USDT,3.14162,6905.0,3.14136,34355.0,3.14372,6901.0,3.14373,34355.0
1753769587369,06:13:07.369,whitebit,XRP/USDT:USDT,3.14162,6905.0,3.14136,34355.0,3.14372,6901.0,3.14373,34355.0
1753769587469,06:13:07.469,whitebit,XRP/USDT:USDT,3.14164,636.0,3.14162,6905.0,3.14372,6901.0,3.14373,34355.0
1753769587576,06:13:07.576,whitebit,XRP/USDT:USDT,3.14162,6905.0,3.14136,34355.0,3.14372,6901.0,3.14373,34355.0
1753769587676,06:13:07.676,whitebit,XRP/USDT:USDT,3.14162,6905.0,3.14136,34355.0,3.14372,6901.0,3.14373,34355.0
1753769587770,06:13:07.770,whitebit,XRP/USDT:USDT,3.14164,636.0,3.14162,6905.0,3.14322,6900.0,3.14373,34355.0
1753769587870,06:13:07.870,whitebit,XRP/USDT:USDT,3.14166,636.0,3.14162,6905.0,3.14372,6900.0,3.14373,34355.0
1753769587970,06:13:07.970,whitebit,XRP/USDT:USDT,3.14168,636.0,3.14162,6905.0,3.14372,6900.0,3.14373,34355.0
1753769588071,06:13:08.071,whitebit,XRP/USDT:USDT,3.14164,636.0,3.14162,6905.0,3.14372,6900.0,3.14373,34355.0
1753769588173,06:13:08.173,whitebit,XRP/USDT:USDT,3.14162,6905.0,3.14136,34355.0,3.14372,6900.0,3.14373,34355.0
1753769588263,06:13:08.263,whitebit,XRP/USDT:USDT,3.14162,6905.0,3.14136,34355.0,3.14372,6900.0,3.14373,34355.0
1753769588371,06:13:08.371,whitebit,XRP/USDT:USDT,3.14162,6905.0,3.14136,34355.0,3.14372,6900.0,3.14373,34355.0
1753769588466,06:13:08.466,whitebit,XRP/USDT:USDT,3.14162,6905.0,3.14136,34355.0,3.14372,6900.0,3.14373,34355.0
1753769588572,06:13:08.572,whitebit,XRP/USDT:USDT,3.14162,6905.0,3.14136,34355.0,3.14322,6900.0,3.14373,34355.0
1753769588670,06:13:08.670,whitebit,XRP/USDT:USDT,3.14162,6905.0,3.14136,34355.0,3.14322,6900.0,3.14373,34355.0
1753769588763,06:13:08.763,whitebit,XRP/USDT:USDT,3.14162,6905.0,3.14136,34355.0,3.14322,6900.0,3.14373,34355.0
1753769588872,06:13:08.872,whitebit,XRP/USDT:USDT,3.14162,6905.0,3.14136,34355.0,3.14322,6900.0,3.14373,34355.0
1753769589175,06:13:09.175,whitebit,XRP/USDT:USDT,3.14163,636.0,3.14162,6905.0,3.14322,6900.0,3.14373,34355.0
1753769589273,06:13:09.273,whitebit,XRP/USDT:USDT,3.14162,6905.0,3.14136,34355.0,3.14322,6900.0,3.14373,34355.0
1753769589961,06:13:09.961,whitebit,XRP/USDT:USDT,3.14171,636.0,3.14162,6905.0,3.14322,6900.0,3.14373,34355.0
1753769590068,06:13:10.068,whitebit,XRP/USDT:USDT,3.14162,6905.0,3.14136,34355.0,3.14322,6900.0,3.14373,34355.0
1753769590374,06:13:10.374,whitebit,XRP/USDT:USDT,3.14163,636.0,3.14162,6905.0,3.14322,6900.0,3.14373,34355.0
1753769590476,06:13:10.476,whitebit,XRP/USDT:USDT,3.14162,6905.0,3.14136,34355.0,3.14322,6900.0,3.14373,34355.0
1753769590577,06:13:10.577,whitebit,XRP/USDT:USDT,3.14165,636.0,3.14162,6905.0,3.14322,6900.0,3.14373,34355.0
1753769590674,06:13:10.674,whitebit,XRP/USDT:USDT,3.14167,636.0,3.14162,6905.0,3.14322,6900.0,3.14373,34355.0
1753769590777,06:13:10.777,whitebit,XRP/USDT:USDT,3.14169,636.0,3.14162,6905.0,3.14322,6900.0,3.14373,34355.0
1753769590873,06:13:10.873,whitebit,XRP/USDT:USDT,3.14171,636.0,3.14162,6905.0,3.14322,6900.0,3.14373,34355.0
1753769590978,06:13:10.978,whitebit,XRP/USDT:USDT,3.14173,636.0,3.14162,6905.0,3.14322,6900.0,3.14373,34355.0
1753769591078,06:13:11.078,whitebit,XRP/USDT:USDT,3.14175,636.0,3.14162,6905.0,3.14322,6900.0,3.14373,34355.0
1753769591169,06:13:11.169,whitebit,XRP/USDT:USDT,3.14162,6905.0,3.14136,34355.0,3.14322,6900.0,3.14373,34355.0
1753769591379,06:13:11.379,whitebit,XRP/USDT:USDT,3.14181,636.0,3.14162,6905.0,3.14322,6900.0,3.14373,34355.0
1753769591477,06:13:11.477,whitebit,XRP/USDT:USDT,3.14162,6905.0,3.14136,34355.0,3.14322,6900.0,3.14373,34355.0
1753769591767,06:13:11.767,whitebit,XRP/USDT:USDT,3.14163,636.0,3.14162,6905.0,3.14322,6900.0,3.14373,34355.0
1753769591874,06:13:11.874,whitebit,XRP/USDT:USDT,3.14162,6905.0,3.14136,34355.0,3.14322,6900.0,3.14373,34355.0
1753769592462,06:13:12.462,whitebit,XRP/USDT:USDT,3.14166,636.0,3.14162,6905.0,3.14322,6900.0,3.14373,34355.0
1753769592568,06:13:12.568,whitebit,XRP/USDT:USDT,3.14163,636.0,3.14162,6905.0,3.14322,6900.0,3.14373,34355.0
1753769592675,06:13:12.675,whitebit,XRP/USDT:USDT,3.14162,6905.0,3.14136,34355.0,3.14322,6900.0,3.14373,34355.0
1753769592774,06:13:12.774,whitebit,XRP/USDT:USDT,3.14164,636.0,3.14162,6905.0,3.14322,6900.0,3.14373,34355.0
1753769592868,06:13:12.868,whitebit,XRP/USDT:USDT,3.14163,636.0,3.14162,6905.0,3.14322,6900.0,3.14373,34355.0
1753769592965,06:13:12.965,whitebit,XRP/USDT:USDT,3.14165,636.0,3.14162,6905.0,3.14322,6900.0,3.14373,34355.0
1753769593069,06:13:13.069,whitebit,XRP/USDT:USDT,3.14162,6905.0,3.14136,34355.0,3.14322,6900.0,3.14373,34355.0
1753769593170,06:13:13.170,whitebit,XRP/USDT:USDT,3.14163,636.0,3.14162,6905.0,3.14322,6900.0,3.14373,34355.0
1753769593263,06:13:13.263,whitebit,XRP/USDT:USDT,3.14162,6905.0,3.14136,34355.0,3.14322,6900.0,3.14373,34355.0
1753769593370,06:13:13.370,whitebit,XRP/USDT:USDT,3.14167,636.0,3.14162,6905.0,3.14322,6900.0,3.14373,34355.0
1753769593474,06:13:13.474,whitebit,XRP/USDT:USDT,3.14169,636.0,3.14162,6905.0,3.14322,6900.0,3.14373,34355.0
1753769593577,06:13:13.577,whitebit,XRP/USDT:USDT,3.14136,34355.0,3.14055,25.6,3.14322,6900.0,3.14373,34355.0
1753769593681,06:13:13.681,whitebit,XRP/USDT:USDT,3.14137,636.0,3.14047,34349.0,3.14322,6900.0,3.14373,34355.0
1753769593782,06:13:13.782,whitebit,XRP/USDT:USDT,3.14048,6899.0,3.14047,34349.0,3.14322,6900.0,3.14373,34355.0
1753769593874,06:13:13.874,whitebit,XRP/USDT:USDT,3.14048,6899.0,3.14047,34349.0,3.14322,6900.0,3.14373,34355.0
1753769593977,06:13:13.977,whitebit,XRP/USDT:USDT,3.14051,636.0,3.14048,6899.0,3.14156,306.6,3.14322,6900.0
1753769594068,06:13:14.068,whitebit,XRP/USDT:USDT,3.14053,636.0,3.14048,6899.0,3.14338,6899.0,3.14339,153.7
1753769594172,06:13:14.172,whitebit,XRP/USDT:USDT,3.14055,636.0,3.14048,6899.0,3.14338,6899.0,3.14339,153.7
1753769594265,06:13:14.265,whitebit,XRP/USDT:USDT,3.14057,636.0,3.14048,6899.0,3.14338,6899.0,3.14339,153.7
1753769594374,06:13:14.374,whitebit,XRP/USDT:USDT,3.14059,636.0,3.14048,6899.0,3.14292,230.7,3.14338,6899.0
1753769594462,06:13:14.462,whitebit,XRP/USDT:USDT,3.14061,636.0,3.14048,6899.0,3.14292,230.7,3.14338,6899.0
1753769594570,06:13:14.570,whitebit,XRP/USDT:USDT,3.14048,6899.0,3.14047,34349.0,3.14292,230.7,3.14338,6899.0
1753769594671,06:13:14.671,whitebit,XRP/USDT:USDT,3.14048,6899.0,3.14047,34349.0,3.14292,230.7,3.14338,6899.0
1753769594766,06:13:14.766,whitebit,XRP/USDT:USDT,3.1405,636.0,3.14048,6899.0,3.14292,230.7,3.14338,6899.0
1753769594867,06:13:14.867,whitebit,XRP/USDT:USDT,3.14048,6899.0,3.14047,34349.0,3.14292,230.7,3.14338,6899.0
1753769594966,06:13:14.966,whitebit,XRP/USDT:USDT,3.14048,6899.0,3.14047,34349.0,3.14292,230.7,3.14338,6899.0
1753769595073,06:13:15.073,whitebit,XRP/USDT:USDT,3.14048,6899.0,3.14047,34349.0,3.14292,230.7,3.14338,6899.0
1753769595172,06:13:15.172,whitebit,XRP/USDT:USDT,3.14048,6899.0,3.14047,34349.0,3.14258,34349.0,3.14291,6898.0
1753769595267,06:13:15.267,whitebit,XRP/USDT:USDT,3.14055,636.0,3.14048,6899.0,3.14258,34349.0,3.14291,6898.0
1753769595364,06:13:15.364,whitebit,XRP/USDT:USDT,3.14048,6899.0,3.14047,34349.0,3.14258,34349.0,3.14291,6898.0
1753769595471,06:13:15.471,whitebit,XRP/USDT:USDT,3.1405,636.0,3.14048,6899.0,3.14244,24.2,3.14258,34349.0
1753769595568,06:13:15.568,whitebit,XRP/USDT:USDT,3.14048,6899.0,3.14047,34349.0,3.14244,24.2,3.14258,34349.0
1753769595671,06:13:15.671,whitebit,XRP/USDT:USDT,3.14048,6899.0,3.14047,34349.0,3.14204,6898.0,3.14244,24.2
1753769595769,06:13:15.769,whitebit,XRP/USDT:USDT,3.14048,6899.0,3.14047,34349.0,3.14204,6898.0,3.14244,24.2
1753769595872,06:13:15.872,whitebit,XRP/USDT:USDT,3.14048,6899.0,3.14047,34349.0,3.14204,6898.0,3.14244,24.2
1753769595965,06:13:15.965,whitebit,XRP/USDT:USDT,3.14048,6899.0,3.14047,34349.0,3.14204,6898.0,3.14244,24.2
1753769596065,06:13:16.065,whitebit,XRP/USDT:USDT,3.14059,636.0,3.14048,6899.0,3.14204,6898.0,3.14244,110.4
1753769596171,06:13:16.171,whitebit,XRP/USDT:USDT,3.14048,6899.0,3.14047,34349.0,3.14204,6898.0,3.14244,110.4
1753769596266,06:13:16.266,whitebit,XRP/USDT:USDT,3.14048,6899.0,3.14047,34349.0,3.14204,6898.0,3.14244,110.4
1753769596366,06:13:16.366,whitebit,XRP/USDT:USDT,3.14048,6899.0,3.14047,34349.0,3.14204,6898.0,3.14244,110.4
1753769596467,06:13:16.467,whitebit,XRP/USDT:USDT,3.14048,6899.0,3.14047,34349.0,3.14204,6898.0,3.14244,175.7
1753769596573,06:13:16.573,whitebit,XRP/USDT:USDT,3.14048,6899.0,3.14047,34349.0,3.14204,6898.0,3.14244,175.7
1753769596673,06:13:16.673,whitebit,XRP/USDT:USDT,3.14048,6899.0,3.14047,34349.0,3.14204,6898.0,3.14244,175.7
1753769596767,06:13:16.767,whitebit,XRP/USDT:USDT,3.14049,636.0,3.14048,6899.0,3.14204,6898.0,3.14244,175.7
1753769596870,06:13:16.870,whitebit,XRP/USDT:USDT,3.14048,6899.0,3.14047,34349.0,3.14204,6898.0,3.14244,175.7
1753769596968,06:13:16.968,whitebit,XRP/USDT:USDT,3.14048,6899.0,3.14047,34349.0,3.14204,6898.0,3.14244,188.3
1753769597068,06:13:17.068,whitebit,XRP/USDT:USDT,3.14048,6899.0,3.14047,34349.0,3.14204,6898.0,3.14244,188.3
1753769597176,06:13:17.176,whitebit,XRP/USDT:USDT,3.14048,6899.0,3.14047,34349.0,3.14086,132.4,3.14204,6898.0
1753769597277,06:13:17.277,whitebit,XRP/USDT:USDT,3.1406,636.0,3.14048,6899.0,3.14204,6898.0,3.14244,188.3
1753769597377,06:13:17.377,whitebit,XRP/USDT:USDT,3.14048,6899.0,3.14047,34349.0,3.14204,6898.0,3.14244,202.2
1753769597477,06:13:17.477,whitebit,XRP/USDT:USDT,3.14048,6899.0,3.14047,34349.0,3.14204,6898.0,3.14244,202.2
1753769597569,06:13:17.569,whitebit,XRP/USDT:USDT,3.14048,6899.0,3.14047,34349.0,3.14204,6898.0,3.14244,202.2
1753769597674,06:13:17.674,whitebit,XRP/USDT:USDT,3.14048,6899.0,3.14047,34349.0,3.14204,6898.0,3.14244,202.2
1753769597870,06:13:17.870,whitebit,XRP/USDT:USDT,3.14048,6899.0,3.14047,34349.0,3.14204,6898.0,3.14244,202.2
1753769597976,06:13:17.976,whitebit,XRP/USDT:USDT,3.14048,6899.0,3.14047,34349.0,3.14204,6898.0,3.14244,216.3
1753769598174,06:13:18.174,whitebit,XRP/USDT:USDT,3.1405,636.0,3.14048,6899.0,3.14204,6898.0,3.14244,216.3
1753769598271,06:13:18.271,whitebit,XRP/USDT:USDT,3.14052,636.0,3.14048,6899.0,3.14204,6898.0,3.14244,216.3
1753769598371,06:13:18.371,whitebit,XRP/USDT:USDT,3.1405,636.0,3.14048,6899.0,3.14204,6898.0,3.14244,216.3
1753769598472,06:13:18.472,whitebit,XRP/USDT:USDT,3.14048,6899.0,3.14047,34349.0,3.14204,6898.0,3.14244,216.3
1753769598572,06:13:18.572,whitebit,XRP/USDT:USDT,3.14048,6899.0,3.14047,34349.0,3.14204,6898.0,3.14244,216.3
1753769598677,06:13:18.677,whitebit,XRP/USDT:USDT,3.14049,636.0,3.14048,6899.0,3.14204,6898.0,3.14244,216.3
1753769598769,06:13:18.769,whitebit,XRP/USDT:USDT,3.13964,34353.0,3.13913,47.2,3.14204,6898.0,3.14244,216.3
1753769598873,06:13:18.873,whitebit,XRP/USDT:USDT,3.13964,34353.0,3.13913,47.2,3.14204,6898.0,3.14244,216.3
1753769598968,06:13:18.968,whitebit,XRP/USDT:USDT,3.13967,636.0,3.13966,6899.0,3.14204,6898.0,3.14244,216.3
1753769599071,06:13:19.071,whitebit,XRP/USDT:USDT,3.13966,6899.0,3.13964,34353.0,3.14204,6898.0,3.14244,338.9
1753769599171,06:13:19.171,whitebit,XRP/USDT:USDT,3.13966,6899.0,3.13964,34353.0,3.14204,6898.0,3.14244,338.9
1753769599274,06:13:19.274,whitebit,XRP/USDT:USDT,3.13966,6899.0,3.13964,34353.0,3.14197,211.3,3.14204,6898.0
1753769599374,06:13:19.374,whitebit,XRP/USDT:USDT,3.13966,6899.0,3.13964,34353.0,3.14197,211.3,3.14204,6898.0
1753769599474,06:13:19.474,whitebit,XRP/USDT:USDT,3.13966,6899.0,3.13964,34353.0,3.1415,32.9,3.14197,211.3
1753769599574,06:13:19.574,whitebit,XRP/USDT:USDT,3.13966,6899.0,3.13964,34353.0,3.1415,32.9,3.14197,211.3
1753769599673,06:13:19.673,whitebit,XRP/USDT:USDT,3.13966,6899.0,3.13964,34353.0,3.1415,32.9,3.14197,211.3
1753769599771,06:13:19.771,whitebit,XRP/USDT:USDT,3.13966,6899.0,3.13964,34353.0,3.1415,32.9,3.14197,211.3
1753769599875,06:13:19.875,whitebit,XRP/USDT:USDT,3.13966,6899.0,3.13964,34353.0,3.1415,52.6,3.14197,225.7
1753769599975,06:13:19.975,whitebit,XRP/USDT:USDT,3.13966,6899.0,3.13964,34353.0,3.1415,52.6,3.14197,225.7
1753769600176,06:13:20.176,whitebit,XRP/USDT:USDT,3.13966,6899.0,3.13964,34353.0,3.1415,52.6,3.14197,225.7
1753769600276,06:13:20.276,whitebit,XRP/USDT:USDT,3.13966,6899.0,3.13964,34353.0,3.1415,52.6,3.14197,241.0
1753769600375,06:13:20.375,whitebit,XRP/USDT:USDT,3.13966,6899.0,3.13964,34353.0,3.1415,52.6,3.14197,241.0
1753769600677,06:13:20.677,whitebit,XRP/USDT:USDT,3.13966,6899.0,3.13964,34353.0,3.1415,52.6,3.14197,256.3
1753769600777,06:13:20.777,whitebit,XRP/USDT:USDT,3.14024,215.4,3.13966,6899.0,3.1415,52.6,3.14197,256.3
1753769600871,06:13:20.871,whitebit,XRP/USDT:USDT,3.13966,6899.0,3.13964,34353.0,3.14244,122.5,3.14292,324.7
1753769600973,06:13:20.973,whitebit,XRP/USDT:USDT,3.14018,6899.0,3.13964,34353.0,3.14244,65.3,3.14292,261.6
1753769601078,06:13:21.078,whitebit,XRP/USDT:USDT,3.1403,636.0,3.13977,6899.0,3.14243,6899.0,3.14244,65.3
1753769601175,06:13:21.175,whitebit,XRP/USDT:USDT,3.13977,6899.0,3.13964,34353.0,3.14243,6899.0,3.14292,230.7
1753769601269,06:13:21.269,whitebit,XRP/USDT:USDT,3.14034,636.0,3.13977,6899.0,3.14243,6899.0,3.14292,230.7
1753769601370,06:13:21.370,whitebit,XRP/USDT:USDT,3.13977,6899.0,3.13964,34353.0,3.14243,6899.0,3.14292,230.7
1753769601470,06:13:21.470,whitebit,XRP/USDT:USDT,3.1398,636.0,3.13977,6899.0,3.14243,6899.0,3.14292,230.7
1753769601577,06:13:21.577,whitebit,XRP/USDT:USDT,3.13982,636.0,3.13977,6899.0,3.14243,6899.0,3.14292,230.7
1753769601680,06:13:21.680,whitebit,XRP/USDT:USDT,3.13978,636.0,3.13977,6899.0,3.14243,6899.0,3.14292,230.7
1753769601778,06:13:21.778,whitebit,XRP/USDT:USDT,3.13977,6899.0,3.13964,34353.0,3.14243,6899.0,3.14292,230.7
1753769601873,06:13:21.873,whitebit,XRP/USDT:USDT,3.13977,6899.0,3.13964,34353.0,3.14243,6899.0,3.14292,230.7
1753769601969,06:13:21.969,whitebit,XRP/USDT:USDT,3.13977,6899.0,3.13964,34353.0,3.14243,6899.0,3.14292,230.7
1753769602079,06:13:22.079,whitebit,XRP/USDT:USDT,3.13977,6899.0,3.13964,34353.0,3.14243,6899.0,3.14244,19.2
1753769602178,06:13:22.178,whitebit,XRP/USDT:USDT,3.13977,6899.0,3.13964,34353.0,3.14243,6899.0,3.14244,19.2
1753769602273,06:13:22.273,whitebit,XRP/USDT:USDT,3.13977,6899.0,3.13964,34353.0,3.14243,6899.0,3.14244,19.2
1753769602375,06:13:22.375,whitebit,XRP/USDT:USDT,3.13977,6899.0,3.13964,34353.0,3.14243,6899.0,3.14244,19.2
1753769602471,06:13:22.471,whitebit,XRP/USDT:USDT,3.13977,6899.0,3.13964,34353.0,3.14243,6899.0,3.14244,19.2
1753769602569,06:13:22.569,whitebit,XRP/USDT:USDT,3.1398,636.0,3.13977,6899.0,3.14243,6899.0,3.14244,19.2
1753769602676,06:13:22.676,whitebit,XRP/USDT:USDT,3.13977,6899.0,3.13964,34353.0,3.14243,6899.0,3.14244,32.5
1753769602770,06:13:22.770,whitebit,XRP/USDT:USDT,3.13977,6899.0,3.13964,34353.0,3.14243,6899.0,3.14244,32.5
1753769602875,06:13:22.875,whitebit,XRP/USDT:USDT,3.14007,16.1,3.13977,6899.0,3.14243,6899.0,3.14244,32.5
1753769602972,06:13:22.972,whitebit,XRP/USDT:USDT,3.14007,16.1,3.13977,6899.0,3.14243,6899.0,3.14244,43.8
1753769603176,06:13:23.176,whitebit,XRP/USDT:USDT,3.14007,16.1,3.13977,6899.0,3.14243,6899.0,3.14244,43.8
1753769603270,06:13:23.270,whitebit,XRP/USDT:USDT,3.14007,29.7,3.13977,6899.0,3.14243,6899.0,3.14244,43.8
1753769603384,06:13:23.384,whitebit,XRP/USDT:USDT,3.14012,636.0,3.14007,29.7,3.14243,6899.0,3.14244,43.8
1753769603466,06:13:23.466,whitebit,XRP/USDT:USDT,3.14008,636.0,3.14007,29.7,3.14243,6899.0,3.14244,43.8
1753769603575,06:13:23.575,whitebit,XRP/USDT:USDT,3.14007,29.7,3.13977,6899.0,3.14243,6899.0,3.14244,43.8
1753769603676,06:13:23.676,whitebit,XRP/USDT:USDT,3.14007,29.7,3.13977,6899.0,3.14292,9.8,3.14307,34358.0
1753769603778,06:13:23.778,whitebit,XRP/USDT:USDT,3.14007,29.7,3.13977,6899.0,3.14291,6899.0,3.14292,9.8
1753769603870,06:13:23.870,whitebit,XRP/USDT:USDT,3.14007,29.7,3.13977,6899.0,3.14291,6899.0,3.14292,9.8
1753769603976,06:13:23.976,whitebit,XRP/USDT:USDT,3.14007,29.7,3.13977,6899.0,3.14291,6899.0,3.14292,9.8
1753769604076,06:13:24.076,whitebit,XRP/USDT:USDT,3.14007,29.7,3.13977,6899.0,3.14291,6899.0,3.14292,9.8
1753769604176,06:13:24.176,whitebit,XRP/USDT:USDT,3.14007,115.4,3.13977,6899.0,3.14291,6899.0,3.14292,79.2
1753769604368,06:13:24.368,whitebit,XRP/USDT:USDT,3.14008,636.0,3.14007,115.4,3.14291,6899.0,3.14292,79.2
1753769604469,06:13:24.469,whitebit,XRP/USDT:USDT,3.1401,636.0,3.14007,115.4,3.14291,6899.0,3.14292,117.3
1753769604568,06:13:24.568,whitebit,XRP/USDT:USDT,3.14012,636.0,3.14007,130.1,3.14291,6899.0,3.14292,117.3
1753769604676,06:13:24.676,whitebit,XRP/USDT:USDT,3.14014,636.0,3.14007,130.1,3.14291,6899.0,3.14292,117.3
1753769604775,06:13:24.775,whitebit,XRP/USDT:USDT,3.14007,130.1,3.13977,6899.0,3.14291,6899.0,3.14292,127.9
1753769604871,06:13:24.871,whitebit,XRP/USDT:USDT,3.14007,130.1,3.13977,6899.0,3.14291,6899.0,3.14292,127.9
1753769604974,06:13:24.974,whitebit,XRP/USDT:USDT,3.14007,143.9,3.13977,6899.0,3.14291,6899.0,3.14292,127.9
1753769605074,06:13:25.074,whitebit,XRP/USDT:USDT,3.14008,636.0,3.14007,143.9,3.14291,6899.0,3.14292,127.9
1753769605172,06:13:25.172,whitebit,XRP/USDT:USDT,3.14007,143.9,3.13977,6899.0,3.14291,6899.0,3.14292,127.9
1753769605273,06:13:25.273,whitebit,XRP/USDT:USDT,3.14007,151.4,3.13977,6899.0,3.14291,6899.0,3.14292,127.9
1753769605369,06:13:25.369,whitebit,XRP/USDT:USDT,3.14009,6899.0,3.14007,151.4,3.14291,6899.0,3.14292,127.9
1753769605471,06:13:25.471,whitebit,XRP/USDT:USDT,3.14009,6899.0,3.14007,151.4,3.14291,6899.0,3.14292,127.9
1753769605564,06:13:25.564,whitebit,XRP/USDT:USDT,3.14009,6899.0,3.14007,159.0,3.14291,6899.0,3.14292,127.9
1753769606366,06:13:26.366,whitebit,XRP/USDT:USDT,3.1401,636.0,3.14009,6899.0,3.14291,6899.0,3.14292,127.9
1753769606567,06:13:26.567,whitebit,XRP/USDT:USDT,3.14009,6899.0,3.14007,159.0,3.14292,127.9,3.14307,34358.0
1753769606671,06:13:26.671,whitebit,XRP/USDT:USDT,3.14009,6899.0,3.14007,159.0,3.14291,6899.0,3.14292,58.5
1753769606767,06:13:26.767,whitebit,XRP/USDT:USDT,3.14009,6899.0,3.14007,159.0,3.14291,6899.0,3.14292,58.5
1753769606878,06:13:26.878,whitebit,XRP/USDT:USDT,3.14009,6899.0,3.14007,159.0,3.14307,34358.0,3.14321,617.1
1753769606968,06:13:26.968,whitebit,XRP/USDT:USDT,3.14011,636.0,3.14009,6899.0,3.14307,34358.0,3.14321,617.1
1753769607068,06:13:27.068,whitebit,XRP/USDT:USDT,3.14013,636.0,3.14009,6899.0,3.14306,6899.0,3.14307,34358.0
1753769607171,06:13:27.171,whitebit,XRP/USDT:USDT,3.14009,6899.0,3.14007,159.0,3.14306,6899.0,3.14307,34358.0
1753769607264,06:13:27.264,whitebit,XRP/USDT:USDT,3.14012,636.0,3.14009,6899.0,3.14306,6899.0,3.14307,34358.0
1753769607369,06:13:27.369,whitebit,XRP/USDT:USDT,3.14011,636.0,3.14009,6899.0,3.14306,6899.0,3.14307,34358.0
1753769607465,06:13:27.465,whitebit,XRP/USDT:USDT,3.14055,69.0,3.14013,636.0,3.14306,6899.0,3.14307,34358.0
1753769607569,06:13:27.569,whitebit,XRP/USDT:USDT,3.14058,7534.0,3.14055,69.0,3.14306,6899.0,3.14307,34358.0
1753769607670,06:13:27.670,whitebit,XRP/USDT:USDT,3.14058,6898.0,3.14055,69.0,3.14306,6899.0,3.14307,34358.0
1753769607770,06:13:27.770,whitebit,XRP/USDT:USDT,3.1406,636.0,3.14058,6898.0,3.14306,6899.0,3.14307,34358.0
1753769607870,06:13:27.870,whitebit,XRP/USDT:USDT,3.14058,6898.0,3.14055,86.2,3.14306,6899.0,3.14307,34358.0
1753769607970,06:13:27.970,whitebit,XRP/USDT:USDT,3.14058,6898.0,3.14055,86.2,3.14306,6899.0,3.14307,34358.0
1753769608069,06:13:28.069,whitebit,XRP/USDT:USDT,3.14058,6898.0,3.14055,86.2,3.14306,6899.0,3.14307,34358.0
1753769608171,06:13:28.171,whitebit,XRP/USDT:USDT,3.14058,6898.0,3.14055,86.2,3.14306,6899.0,3.14307,34358.0
1753769608271,06:13:28.271,whitebit,XRP/USDT:USDT,3.14058,6898.0,3.14055,86.2,3.14306,6899.0,3.14307,34358.0
1753769608372,06:13:28.372,whitebit,XRP/USDT:USDT,3.14058,6898.0,3.14055,86.2,3.14306,6899.0,3.14307,34358.0
1753769608477,06:13:28.477,whitebit,XRP/USDT:USDT,3.14059,636.0,3.14058,6898.0,3.14306,6899.0,3.14307,34358.0
1753769608566,06:13:28.566,whitebit,XRP/USDT:USDT,3.14058,6898.0,3.14055,90.8,3.14306,6899.0,3.14307,34358.0
1753769608676,06:13:28.676,whitebit,XRP/USDT:USDT,3.1406,636.0,3.14058,6898.0,3.14306,6899.0,3.14307,34358.0
1753769608768,06:13:28.768,whitebit,XRP/USDT:USDT,3.14058,6898.0,3.14055,90.8,3.14306,6899.0,3.14307,34358.0
1753769609064,06:13:29.064,whitebit,XRP/USDT:USDT,3.14059,636.0,3.14058,6898.0,3.14306,6899.0,3.14307,34358.0
1753769609171,06:13:29.171,whitebit,XRP/USDT:USDT,3.14058,6898.0,3.14055,90.8,3.14306,6899.0,3.14307,34358.0
1753769609675,06:13:29.675,whitebit,XRP/USDT:USDT,3.14059,636.0,3.14058,6898.0,3.14306,6899.0,3.14307,34358.0
1753769609765,06:13:29.765,whitebit,XRP/USDT:USDT,3.14061,636.0,3.14058,6898.0,3.14306,6899.0,3.14307,34358.0
1753769609873,06:13:29.873,whitebit,XRP/USDT:USDT,3.14063,636.0,3.14058,6898.0,3.14306,6899.0,3.14307,34358.0
1753769609964,06:13:29.964,whitebit,XRP/USDT:USDT,3.14065,636.0,3.14058,6898.0,3.14306,6899.0,3.14307,34358.0
1753769610076,06:13:30.076,whitebit,XRP/USDT:USDT,3.14067,636.0,3.14058,6898.0,3.14306,6899.0,3.14307,34358.0
1753769610174,06:13:30.174,whitebit,XRP/USDT:USDT,3.14069,636.0,3.14058,6898.0,3.14306,6899.0,3.14307,34358.0
1753769610277,06:13:30.277,whitebit,XRP/USDT:USDT,3.1406,636.0,3.14058,6898.0,3.14306,6899.0,3.14307,34358.0
1753769610368,06:13:30.368,whitebit,XRP/USDT:USDT,3.1406,636.0,3.14058,6898.0,3.14307,34358.0,3.14321,617.1
1753769610470,06:13:30.470,whitebit,XRP/USDT:USDT,3.14062,636.0,3.14058,6898.0,3.14306,6898.0,3.14307,34358.0
1753769610573,06:13:30.573,whitebit,XRP/USDT:USDT,3.14058,6898.0,3.14055,90.8,3.14306,6898.0,3.14307,34358.0
1753769610676,06:13:30.676,whitebit,XRP/USDT:USDT,3.14066,636.0,3.14058,6898.0,3.14306,6898.0,3.14307,34358.0
1753769610766,06:13:30.766,whitebit,XRP/USDT:USDT,3.14068,636.0,3.14058,6898.0,3.14306,6898.0,3.14307,34358.0
1753769610870,06:13:30.870,whitebit,XRP/USDT:USDT,3.1407,636.0,3.14058,6898.0,3.14306,6898.0,3.14307,34358.0
1753769610978,06:13:30.978,whitebit,XRP/USDT:USDT,3.14058,6898.0,3.14055,90.8,3.14306,6898.0,3.14307,34358.0
1753769611273,06:13:31.273,whitebit,XRP/USDT:USDT,3.14184,15.9,3.14058,6898.0,3.14306,6898.0,3.14307,34358.0
1753769611365,06:13:31.365,whitebit,XRP/USDT:USDT,3.14058,6898.0,3.14055,90.8,3.14306,6898.0,3.14307,34358.0
1753769611465,06:13:31.465,whitebit,XRP/USDT:USDT,3.14061,636.0,3.14058,6898.0,3.14306,6898.0,3.14307,34358.0
1753769611566,06:13:31.566,whitebit,XRP/USDT:USDT,3.14058,6898.0,3.14055,90.8,3.14306,6898.0,3.14307,34358.0
1753769611973,06:13:31.973,whitebit,XRP/USDT:USDT,3.14058,6898.0,3.14055,90.8,3.14186,184.9,3.14306,6898.0
1753769612064,06:13:32.064,whitebit,XRP/USDT:USDT,3.14059,636.0,3.14058,6898.0,3.14306,6897.0,3.14307,34358.0
1753769612178,06:13:32.178,whitebit,XRP/USDT:USDT,3.14058,6898.0,3.14055,90.8,3.14306,6897.0,3.14307,34358.0
1753769612567,06:13:32.567,whitebit,XRP/USDT:USDT,3.14069,636.0,3.14058,6898.0,3.14306,6897.0,3.14307,34358.0
1753769612670,06:13:32.670,whitebit,XRP/USDT:USDT,3.14058,6898.0,3.14055,90.8,3.14306,6897.0,3.14307,34358.0
1753769613271,06:13:33.271,whitebit,XRP/USDT:USDT,3.14084,636.0,3.14058,6898.0,3.14306,6897.0,3.14307,34358.0
1753769613368,06:13:33.368,whitebit,XRP/USDT:USDT,3.14058,6898.0,3.14055,90.8,3.14306,6897.0,3.14307,34358.0
1753769613472,06:13:33.472,whitebit,XRP/USDT:USDT,3.1406,636.0,3.14058,6898.0,3.14306,6897.0,3.14307,34358.0
1753769613571,06:13:33.571,whitebit,XRP/USDT:USDT,3.14058,6898.0,3.14055,90.8,3.14306,6897.0,3.14307,34358.0
1753769613860,06:13:33.860,whitebit,XRP/USDT:USDT,3.14066,636.0,3.14058,6898.0,3.14306,6897.0,3.14307,34358.0
1753769613972,06:13:33.972,whitebit,XRP/USDT:USDT,3.14058,6898.0,3.14055,90.8,3.14306,6897.0,3.14307,34358.0
1753769614070,06:13:34.070,whitebit,XRP/USDT:USDT,3.14058,6898.0,3.14055,90.8,3.14306,6897.0,3.14307,34358.0
1753769614177,06:13:34.177,whitebit,XRP/USDT:USDT,3.14058,6898.0,3.14055,59.7,3.14227,6897.0,3.14307,34358.0
1753769614272,06:13:34.272,whitebit,XRP/USDT:USDT,3.14058,6898.0,3.14055,59.7,3.14307,34358.0,3.14321,617.1
1753769614369,06:13:34.369,whitebit,XRP/USDT:USDT,3.14058,6898.0,3.14055,59.7,3.14306,6897.0,3.14307,34358.0
1753769614473,06:13:34.473,whitebit,XRP/USDT:USDT,3.14058,6898.0,3.14045,34356.0,3.14306,6897.0,3.14307,34358.0
1753769614562,06:13:34.562,whitebit,XRP/USDT:USDT,3.14059,636.0,3.14058,6898.0,3.14306,6897.0,3.14307,34358.0
1753769614668,06:13:34.668,whitebit,XRP/USDT:USDT,3.14059,636.0,3.14058,6898.0,3.14306,6897.0,3.14307,34358.0
1753769614765,06:13:34.765,whitebit,XRP/USDT:USDT,3.14059,636.0,3.14058,6898.0,3.14306,6897.0,3.14307,34358.0
1753769614867,06:13:34.867,whitebit,XRP/USDT:USDT,3.14058,6898.0,3.14045,34356.0,3.14156,157.6,3.14292,73.2
1753769614963,06:13:34.963,whitebit,XRP/USDT:USDT,3.14061,636.0,3.14058,6898.0,3.14291,6897.0,3.14292,73.2
1753769615088,06:13:35.088,whitebit,XRP/USDT:USDT,3.1406,636.0,3.14058,6898.0,3.14291,6897.0,3.14292,73.2
1753769615172,06:13:35.172,whitebit,XRP/USDT:USDT,3.1406,636.0,3.14058,6898.0,3.14291,6897.0,3.14292,73.2
1753769615267,06:13:35.267,whitebit,XRP/USDT:USDT,3.14062,636.0,3.14058,6898.0,3.14156,85.0,3.14291,6897.0
1753769615364,06:13:35.364,whitebit,XRP/USDT:USDT,3.14064,636.0,3.14058,6898.0,3.14292,99.2,3.14307,34358.0
1753769615468,06:13:35.468,whitebit,XRP/USDT:USDT,3.14066,636.0,3.14058,6898.0,3.14291,6897.0,3.14292,99.2
1753769615565,06:13:35.565,whitebit,XRP/USDT:USDT,3.14068,636.0,3.14058,6898.0,3.14291,6897.0,3.14292,99.2
1753769615665,06:13:35.665,whitebit,XRP/USDT:USDT,3.1407,636.0,3.14058,6898.0,3.14291,6897.0,3.14292,107.4
1753769615788,06:13:35.788,whitebit,XRP/USDT:USDT,3.14058,6898.0,3.14045,34356.0,3.14291,6897.0,3.14292,107.4
1753769615865,06:13:35.865,whitebit,XRP/USDT:USDT,3.14074,636.0,3.14058,6898.0,3.14291,6897.0,3.14292,107.4
1753769615965,06:13:35.965,whitebit,XRP/USDT:USDT,3.14076,636.0,3.14058,6898.0,3.14291,6897.0,3.14292,107.4
1753769616069,06:13:36.069,whitebit,XRP/USDT:USDT,3.14078,636.0,3.14058,6898.0,3.14291,6897.0,3.14292,107.4
1753769616172,06:13:36.172,whitebit,XRP/USDT:USDT,3.14058,6898.0,3.14045,34356.0,3.14291,6897.0,3.14292,107.4
1753769616266,06:13:36.266,whitebit,XRP/USDT:USDT,3.14058,6898.0,3.14045,34356.0,3.14291,6897.0,3.14292,107.4
1753769616362,06:13:36.362,whitebit,XRP/USDT:USDT,3.1406,636.0,3.14058,6898.0,3.14291,6897.0,3.14292,119.0
1753769616464,06:13:36.464,whitebit,XRP/USDT:USDT,3.14059,636.0,3.14058,6898.0,3.14291,6897.0,3.14292,119.0
1753769616567,06:13:36.567,whitebit,XRP/USDT:USDT,3.14058,6898.0,3.14045,34356.0,3.14291,6897.0,3.14292,119.0
1753769616880,06:13:36.880,whitebit,XRP/USDT:USDT,3.1406,636.0,3.14058,6898.0,3.14291,6897.0,3.14292,119.0
1753769616977,06:13:36.977,whitebit,XRP/USDT:USDT,3.14062,636.0,3.14058,6898.0,3.14291,6897.0,3.14292,119.0
1753769617068,06:13:37.068,whitebit,XRP/USDT:USDT,3.14058,6898.0,3.14045,34356.0,3.14291,6897.0,3.14292,119.0
1753769617175,06:13:37.175,whitebit,XRP/USDT:USDT,3.1406,636.0,3.14058,6898.0,3.14291,6897.0,3.14292,119.0
1753769617269,06:13:37.269,whitebit,XRP/USDT:USDT,3.14062,636.0,3.14058,6898.0,3.14291,6897.0,3.14292,119.0
1753769617369,06:13:37.369,whitebit,XRP/USDT:USDT,3.14064,636.0,3.14058,6898.0,3.14291,6897.0,3.14292,119.0
1753769617476,06:13:37.476,whitebit,XRP/USDT:USDT,3.14058,6898.0,3.14045,34356.0,3.14291,6897.0,3.14292,119.0
1753769617971,06:13:37.971,whitebit,XRP/USDT:USDT,3.1406,636.0,3.14058,6898.0,3.14291,6897.0,3.14292,119.0
1753769618070,06:13:38.070,whitebit,XRP/USDT:USDT,3.14062,636.0,3.14058,6898.0,3.14291,6897.0,3.14292,119.0
1753769618173,06:13:38.173,whitebit,XRP/USDT:USDT,3.14064,636.0,3.14058,6898.0,3.14291,6897.0,3.14292,119.0
1753769618277,06:13:38.277,whitebit,XRP/USDT:USDT,3.14066,636.0,3.14058,6898.0,3.14291,6897.0,3.14292,119.0
1753769618363,06:13:38.363,whitebit,XRP/USDT:USDT,3.14068,636.0,3.14058,6898.0,3.14291,6897.0,3.14292,119.0
1753769618461,06:13:38.461,whitebit,XRP/USDT:USDT,3.14058,6898.0,3.14045,34356.0,3.14291,6897.0,3.14292,119.0
1753769618675,06:13:38.675,whitebit,XRP/USDT:USDT,3.1406,636.0,3.14058,6898.0,3.14291,6897.0,3.14292,119.0
1753769618765,06:13:38.765,whitebit,XRP/USDT:USDT,3.14058,6898.0,3.14045,34356.0,3.14291,6897.0,3.14292,119.0
1753769619067,06:13:39.067,whitebit,XRP/USDT:USDT,3.1406,636.0,3.14058,6898.0,3.14291,6897.0,3.14292,119.0
1753769619169,06:13:39.169,whitebit,XRP/USDT:USDT,3.14062,636.0,3.14058,6898.0,3.14291,6897.0,3.14292,119.0
1753769619274,06:13:39.274,whitebit,XRP/USDT:USDT,3.14059,636.0,3.14058,6898.0,3.14291,6897.0,3.14292,119.0
1753769619371,06:13:39.371,whitebit,XRP/USDT:USDT,3.14058,6898.0,3.14045,34356.0,3.14291,6897.0,3.14292,119.0
1753769619465,06:13:39.465,whitebit,XRP/USDT:USDT,3.1406,636.0,3.14058,6898.0,3.14291,6897.0,3.14292,119.0
1753769619574,06:13:39.574,whitebit,XRP/USDT:USDT,3.14058,6898.0,3.14045,34356.0,3.14291,6897.0,3.14292,119.0
1753769619676,06:13:39.676,whitebit,XRP/USDT:USDT,3.14059,636.0,3.14058,6898.0,3.14291,6897.0,3.14292,119.0
1753769619775,06:13:39.775,whitebit,XRP/USDT:USDT,3.1406,636.0,3.14058,6898.0,3.14291,6897.0,3.14292,119.0
1753769619864,06:13:39.864,whitebit,XRP/USDT:USDT,3.14058,6898.0,3.14045,34356.0,3.14291,6897.0,3.14292,119.0
1753769619969,06:13:39.969,whitebit,XRP/USDT:USDT,3.14059,636.0,3.14058,6898.0,3.14291,6897.0,3.14292,119.0
1753769620076,06:13:40.076,whitebit,XRP/USDT:USDT,3.14061,636.0,3.14058,6898.0,3.14291,6897.0,3.14292,119.0
1753769620171,06:13:40.171,whitebit,XRP/USDT:USDT,3.14058,6898.0,3.14045,34356.0,3.14291,6897.0,3.14292,119.0
1753769620268,06:13:40.268,whitebit,XRP/USDT:USDT,3.14059,636.0,3.14058,6898.0,3.14291,6897.0,3.14292,119.0
1753769620372,06:13:40.372,whitebit,XRP/USDT:USDT,3.14154,287.0,3.14061,636.0,3.14291,6897.0,3.14292,119.0
1753769620481,06:13:40.481,whitebit,XRP/USDT:USDT,3.14063,636.0,3.14058,6898.0,3.14291,6897.0,3.14292,119.0
1753769620575,06:13:40.575,whitebit,XRP/USDT:USDT,3.14065,636.0,3.14058,6898.0,3.14291,6897.0,3.14292,119.0
1753769620674,06:13:40.674,whitebit,XRP/USDT:USDT,3.14067,636.0,3.14058,6898.0,3.14291,6897.0,3.14292,119.0
1753769620773,06:13:40.773,whitebit,XRP/USDT:USDT,3.14154,186.4,3.14058,6898.0,3.14291,6897.0,3.14292,119.0
1753769620878,06:13:40.878,whitebit,XRP/USDT:USDT,3.14058,6898.0,3.14045,34356.0,3.14291,6897.0,3.14292,119.0
1753769621172,06:13:41.172,whitebit,XRP/USDT:USDT,3.14058,6898.0,3.14045,34356.0,3.14291,6897.0,3.14292,76.8
1753769621279,06:13:41.279,whitebit,XRP/USDT:USDT,3.14059,636.0,3.14058,6898.0,3.14291,6897.0,3.14292,76.8
1753769621368,06:13:41.368,whitebit,XRP/USDT:USDT,3.14058,6898.0,3.14045,34356.0,3.14291,6897.0,3.14292,76.8
1753769621475,06:13:41.475,whitebit,XRP/USDT:USDT,3.14058,6898.0,3.14045,34356.0,3.14291,6897.0,3.14292,76.8
1753769621576,06:13:41.576,whitebit,XRP/USDT:USDT,3.14164,297.0,3.14058,6898.0,3.14291,6897.0,3.14292,84.5
1753769621672,06:13:41.672,whitebit,XRP/USDT:USDT,3.14058,6898.0,3.14045,34356.0,3.14291,6897.0,3.14292,84.5
1753769621866,06:13:41.866,whitebit,XRP/USDT:USDT,3.14058,6898.0,3.14045,34356.0,3.14291,6897.0,3.14292,84.5
1753769621973,06:13:41.973,whitebit,XRP/USDT:USDT,3.14058,6898.0,3.14045,34356.0,3.14291,6897.0,3.14292,84.5
1753769622075,06:13:42.075,whitebit,XRP/USDT:USDT,3.14058,6898.0,3.14045,34356.0,3.14291,6897.0,3.14292,84.5
1753769622266,06:13:42.266,whitebit,XRP/USDT:USDT,3.14059,636.0,3.14058,6898.0,3.14291,6897.0,3.14292,84.5
1753769622371,06:13:42.371,whitebit,XRP/USDT:USDT,3.14061,636.0,3.14058,6898.0,3.14291,6897.0,3.14292,84.5
1753769622474,06:13:42.474,whitebit,XRP/USDT:USDT,3.14058,6898.0,3.14045,34356.0,3.14291,6897.0,3.14292,84.5
1753769622671,06:13:42.671,whitebit,XRP/USDT:USDT,3.1406,636.0,3.14058,6898.0,3.14291,6897.0,3.14292,84.5
1753769622774,06:13:42.774,whitebit,XRP/USDT:USDT,3.14058,6898.0,3.14045,34356.0,3.14166,4.4,3.14291,6897.0
1753769622868,06:13:42.868,whitebit,XRP/USDT:USDT,3.14058,6898.0,3.14045,34356.0,3.14291,6897.0,3.14292,84.5
1753769622963,06:13:42.963,whitebit,XRP/USDT:USDT,3.14066,636.0,3.14058,6898.0,3.14291,6897.0,3.14292,84.5
1753769623066,06:13:43.066,whitebit,XRP/USDT:USDT,3.14059,636.0,3.14058,6898.0,3.14291,6897.0,3.14292,84.5
1753769623173,06:13:43.173,whitebit,XRP/USDT:USDT,3.14058,6898.0,3.14045,34356.0,3.14291,6897.0,3.14292,84.5
1753769623263,06:13:43.263,whitebit,XRP/USDT:USDT,3.14063,636.0,3.14058,6898.0,3.14291,6897.0,3.14292,84.5
1753769623368,06:13:43.368,whitebit,XRP/USDT:USDT,3.14058,6898.0,3.14045,34356.0,3.14291,6897.0,3.14292,84.5
1753769624474,06:13:44.474,whitebit,XRP/USDT:USDT,3.14067,636.0,3.14058,6898.0,3.14291,6897.0,3.14292,84.5
1753769624574,06:13:44.574,whitebit,XRP/USDT:USDT,3.14058,6898.0,3.14045,34356.0,3.14291,6897.0,3.14292,84.5
1753769624973,06:13:44.973,whitebit,XRP/USDT:USDT,3.14059,636.0,3.14058,6898.0,3.14291,6897.0,3.14292,84.5
1753769625075,06:13:45.075,whitebit,XRP/USDT:USDT,3.14061,636.0,3.14058,6898.0,3.14291,6897.0,3.14292,84.5
1753769625176,06:13:45.176,whitebit,XRP/USDT:USDT,3.14063,636.0,3.14058,6898.0,3.14291,6897.0,3.14292,84.5
1753769625270,06:13:45.270,whitebit,XRP/USDT:USDT,3.14058,6898.0,3.14045,34356.0,3.14291,6897.0,3.14292,84.5
1753769625674,06:13:45.674,whitebit,XRP/USDT:USDT,3.1406,636.0,3.14058,6898.0,3.14291,6897.0,3.14292,84.5
1753769625874,06:13:45.874,whitebit,XRP/USDT:USDT,3.14062,636.0,3.14058,6898.0,3.14291,6897.0,3.14292,84.5
1753769625976,06:13:45.976,whitebit,XRP/USDT:USDT,3.14058,6898.0,3.14045,34356.0,3.14291,6897.0,3.14292,84.5
1753769626075,06:13:46.075,whitebit,XRP/USDT:USDT,3.14061,636.0,3.14058,6898.0,3.14291,6897.0,3.14292,84.5
1753769626180,06:13:46.180,whitebit,XRP/USDT:USDT,3.1406,636.0,3.14058,6898.0,3.14291,6897.0,3.14292,84.5
1753769626269,06:13:46.269,whitebit,XRP/USDT:USDT,3.14058,6898.0,3.14045,34356.0,3.14291,6897.0,3.14292,84.5
1753769626380,06:13:46.380,whitebit,XRP/USDT:USDT,3.14062,636.0,3.14058,6898.0,3.14291,6897.0,3.14292,84.5
1753769626467,06:13:46.467,whitebit,XRP/USDT:USDT,3.14058,6898.0,3.14045,34356.0,3.14291,6897.0,3.14292,84.5
1753769626580,06:13:46.580,whitebit,XRP/USDT:USDT,3.14061,636.0,3.14058,6898.0,3.14291,6897.0,3.14292,84.5
1753769626676,06:13:46.676,whitebit,XRP/USDT:USDT,3.14058,6898.0,3.14045,34356.0,3.14291,6897.0,3.14292,84.5
1753769627068,06:13:47.068,whitebit,XRP/USDT:USDT,3.14059,636.0,3.14058,6898.0,3.14291,6897.0,3.14292,84.5
1753769627172,06:13:47.172,whitebit,XRP/USDT:USDT,3.14058,6898.0,3.14045,34356.0,3.14291,6897.0,3.14292,84.5
1753769627269,06:13:47.269,whitebit,XRP/USDT:USDT,3.14058,6898.0,3.14045,34356.0,3.14291,6897.0,3.14307,34358.0
1753769627369,06:13:47.369,whitebit,XRP/USDT:USDT,3.14058,6898.0,3.14045,34356.0,3.14291,6897.0,3.14307,34358.0
1753769627467,06:13:47.467,whitebit,XRP/USDT:USDT,3.14059,636.0,3.14058,6898.0,3.14291,6897.0,3.14307,34358.0
1753769627570,06:13:47.570,whitebit,XRP/USDT:USDT,3.14061,636.0,3.14058,6898.0,3.14291,6897.0,3.14307,34358.0
1753769627670,06:13:47.670,whitebit,XRP/USDT:USDT,3.14059,636.0,3.14058,6898.0,3.14291,6897.0,3.14307,34358.0
1753769627779,06:13:47.779,whitebit,XRP/USDT:USDT,3.14058,6898.0,3.14055,62.8,3.14307,34358.0,3.14321,617.1
1753769627871,06:13:47.871,whitebit,XRP/USDT:USDT,3.14059,636.0,3.14058,6898.0,3.14306,6895.0,3.14307,34358.0
1753769627971,06:13:47.971,whitebit,XRP/USDT:USDT,3.14061,636.0,3.14058,6898.0,3.14307,34358.0,3.14321,617.1
1753769628071,06:13:48.071,whitebit,XRP/USDT:USDT,3.14063,636.0,3.14058,6898.0,3.14306,6895.0,3.14307,34358.0
1753769628175,06:13:48.175,whitebit,XRP/USDT:USDT,3.1406,636.0,3.14058,6898.0,3.14306,6895.0,3.14307,34358.0
1753769628265,06:13:48.265,whitebit,XRP/USDT:USDT,3.14059,636.0,3.14058,6898.0,3.14306,6895.0,3.14307,34358.0
1753769628366,06:13:48.366,whitebit,XRP/USDT:USDT,3.14061,636.0,3.14058,6898.0,3.14306,6895.0,3.14307,34358.0
1753769628472,06:13:48.472,whitebit,XRP/USDT:USDT,3.14058,6898.0,3.14055,160.1,3.14306,6895.0,3.14307,34358.0
1753769628566,06:13:48.566,whitebit,XRP/USDT:USDT,3.14062,636.0,3.14058,6898.0,3.14306,6895.0,3.14307,34358.0
1753769628673,06:13:48.673,whitebit,XRP/USDT:USDT,3.14058,6898.0,3.14055,170.4,3.14306,6895.0,3.14307,34358.0
1753769628773,06:13:48.773,whitebit,XRP/USDT:USDT,3.14058,6898.0,3.14055,170.4,3.14307,34358.0,3.14321,617.1
1753769628873,06:13:48.873,whitebit,XRP/USDT:USDT,3.14058,6898.0,3.14055,170.4,3.14307,34358.0,3.14321,617.1
1753769628967,06:13:48.967,whitebit,XRP/USDT:USDT,3.14058,6898.0,3.14055,198.0,3.14306,6895.0,3.14307,34358.0
1753769629074,06:13:49.074,whitebit,XRP/USDT:USDT,3.14062,636.0,3.14058,6898.0,3.14306,6895.0,3.14307,34358.0
1753769629170,06:13:49.170,whitebit,XRP/USDT:USDT,3.14058,6898.0,3.14055,198.0,3.14306,6895.0,3.14307,34358.0
1753769629274,06:13:49.274,whitebit,XRP/USDT:USDT,3.14058,6898.0,3.14055,198.0,3.14306,6895.0,3.14307,34358.0
1753769629371,06:13:49.371,whitebit,XRP/USDT:USDT,3.14058,6898.0,3.14055,247.8,3.14306,6895.0,3.14307,34358.0
1753769629463,06:13:49.463,whitebit,XRP/USDT:USDT,3.1406,636.0,3.14058,6898.0,3.14306,6895.0,3.14307,34358.0
1753769629575,06:13:49.575,whitebit,XRP/USDT:USDT,3.14058,6898.0,3.14055,247.8,3.14306,6895.0,3.14307,34358.0
1753769629671,06:13:49.671,whitebit,XRP/USDT:USDT,3.14058,6898.0,3.14055,83.7,3.14306,6895.0,3.14307,34358.0
1753769629780,06:13:49.780,whitebit,XRP/USDT:USDT,3.1406,636.0,3.14058,6898.0,3.14306,6895.0,3.14307,34358.0
1753769629876,06:13:49.876,whitebit,XRP/USDT:USDT,3.14058,6898.0,3.14045,34356.0,3.14306,6895.0,3.14307,34358.0
1753769629976,06:13:49.976,whitebit,XRP/USDT:USDT,3.14058,6898.0,3.14045,34356.0,3.14166,197.6,3.14306,6895.0
1753769630076,06:13:50.076,whitebit,XRP/USDT:USDT,3.14059,636.0,3.14058,6898.0,3.14306,6895.0,3.14307,34358.0
1753769630177,06:13:50.177,whitebit,XRP/USDT:USDT,3.14058,6898.0,3.14045,34356.0,3.14306,6895.0,3.14307,34358.0
1753769630264,06:13:50.264,whitebit,XRP/USDT:USDT,3.14058,6898.0,3.14045,34356.0,3.14306,6895.0,3.14307,34358.0
1753769630373,06:13:50.373,whitebit,XRP/USDT:USDT,3.14058,6898.0,3.14045,34356.0,3.14306,6895.0,3.14307,34358.0
1753769630469,06:13:50.469,whitebit,XRP/USDT:USDT,3.14058,6898.0,3.14045,34356.0,3.14292,27.0,3.14306,6895.0
1753769630568,06:13:50.568,whitebit,XRP/USDT:USDT,3.14058,6898.0,3.14045,34356.0,3.14292,27.0,3.14306,6895.0
1753769630671,06:13:50.671,whitebit,XRP/USDT:USDT,3.14058,6898.0,3.14045,34356.0,3.14292,27.0,3.14306,6895.0
1753769630778,06:13:50.778,whitebit,XRP/USDT:USDT,3.14058,6898.0,3.14045,34356.0,3.14306,6895.0,3.14307,34358.0
1753769630870,06:13:50.870,whitebit,XRP/USDT:USDT,3.14058,6898.0,3.14045,34356.0,3.14306,6895.0,3.14307,34358.0
1753769630972,06:13:50.972,whitebit,XRP/USDT:USDT,3.14058,6898.0,3.14045,34356.0,3.14306,6895.0,3.14307,34358.0
1753769631060,06:13:51.060,whitebit,XRP/USDT:USDT,3.1406,636.0,3.14058,6898.0,3.14306,6895.0,3.14307,34358.0
1753769631179,06:13:51.179,whitebit,XRP/USDT:USDT,3.14059,636.0,3.14058,6898.0,3.14216,22.3,3.14306,6895.0
1753769631271,06:13:51.271,whitebit,XRP/USDT:USDT,3.14058,6898.0,3.14055,119.0,3.14216,289.3,3.14306,6895.0
1753769631364,06:13:51.364,whitebit,XRP/USDT:USDT,3.1406,636.0,3.14058,6898.0,3.14306,6895.0,3.14307,34358.0
1753769631464,06:13:51.464,whitebit,XRP/USDT:USDT,3.14062,636.0,3.14058,6898.0,3.14306,6895.0,3.14307,34358.0
1753769631563,06:13:51.563,whitebit,XRP/USDT:USDT,3.14064,636.0,3.14058,6898.0,3.14306,6895.0,3.14307,34358.0
1753769631669,06:13:51.669,whitebit,XRP/USDT:USDT,3.14066,636.0,3.14058,6898.0,3.14306,6895.0,3.14307,34358.0
1753769631768,06:13:51.768,whitebit,XRP/USDT:USDT,3.14068,636.0,3.14058,6898.0,3.14306,6895.0,3.14307,34358.0
1753769631869,06:13:51.869,whitebit,XRP/USDT:USDT,3.1407,636.0,3.14058,6898.0,3.14306,6895.0,3.14307,34358.0
1753769631969,06:13:51.969,whitebit,XRP/USDT:USDT,3.14058,6898.0,3.14055,109.5,3.14306,6895.0,3.14307,34358.0
1753769632068,06:13:52.068,whitebit,XRP/USDT:USDT,3.14059,636.0,3.14058,6898.0,3.14306,6895.0,3.14307,34358.0
1753769632171,06:13:52.171,whitebit,XRP/USDT:USDT,3.14058,6898.0,3.14055,126.5,3.14306,6895.0,3.14307,34358.0
1753769632263,06:13:52.263,whitebit,XRP/USDT:USDT,3.14058,6898.0,3.14055,126.5,3.14306,6895.0,3.14307,34358.0
1753769632366,06:13:52.366,whitebit,XRP/USDT:USDT,3.1406,636.0,3.14058,6898.0,3.14306,6895.0,3.14307,34358.0
1753769632473,06:13:52.473,whitebit,XRP/USDT:USDT,3.14058,6898.0,3.14055,139.2,3.14306,6895.0,3.14307,34358.0
1753769632566,06:13:52.566,whitebit,XRP/USDT:USDT,3.14058,6898.0,3.14045,34356.0,3.14306,6895.0,3.14307,34358.0
1753769632677,06:13:52.677,whitebit,XRP/USDT:USDT,3.14058,6898.0,3.14045,34356.0,3.14306,6895.0,3.14307,34358.0
1753769632766,06:13:52.766,whitebit,XRP/USDT:USDT,3.14058,6898.0,3.14045,34356.0,3.14306,6895.0,3.14307,34358.0
1753769632870,06:13:52.870,whitebit,XRP/USDT:USDT,3.1406,636.0,3.14058,6898.0,3.14306,6895.0,3.14307,34358.0
1753769632971,06:13:52.971,whitebit,XRP/USDT:USDT,3.14062,636.0,3.14058,6898.0,3.14223,6894.0,3.14307,34358.0
1753769633064,06:13:53.064,whitebit,XRP/USDT:USDT,3.14058,6898.0,3.14045,34356.0,3.14306,6894.0,3.14307,34358.0
1753769633177,06:13:53.177,whitebit,XRP/USDT:USDT,3.14058,6898.0,3.14045,34356.0,3.14292,29.5,3.14306,6894.0
1753769633370,06:13:53.370,whitebit,XRP/USDT:USDT,3.14058,6898.0,3.14045,34356.0,3.14292,29.5,3.14306,6894.0
1753769633464,06:13:53.464,whitebit,XRP/USDT:USDT,3.1406,636.0,3.14058,6898.0,3.14292,29.5,3.14306,6894.0
1753769633572,06:13:53.572,whitebit,XRP/USDT:USDT,3.1406,636.0,3.14058,6898.0,3.14292,29.5,3.14306,6894.0
1753769633671,06:13:53.671,whitebit,XRP/USDT:USDT,3.14058,6898.0,3.14045,34356.0,3.14291,6893.0,3.14292,51.2
1753769633765,06:13:53.765,whitebit,XRP/USDT:USDT,3.14061,636.0,3.14058,6898.0,3.14291,6893.0,3.14292,51.2
1753769633886,06:13:53.886,whitebit,XRP/USDT:USDT,3.14061,636.0,3.14058,6898.0,3.14291,6893.0,3.14292,51.2
1753769633966,06:13:53.966,whitebit,XRP/USDT:USDT,3.14058,6898.0,3.14045,34356.0,3.14291,6893.0,3.14292,51.2
1753769634061,06:13:54.061,whitebit,XRP/USDT:USDT,3.14063,636.0,3.14058,6898.0,3.14291,6893.0,3.14292,63.4
1753769634173,06:13:54.173,whitebit,XRP/USDT:USDT,3.14058,6898.0,3.14045,34356.0,3.14291,6893.0,3.14292,63.4
1753769634268,06:13:54.268,whitebit,XRP/USDT:USDT,3.14058,6898.0,3.14045,34356.0,3.14291,6893.0,3.14292,63.4
1753769634370,06:13:54.370,whitebit,XRP/USDT:USDT,3.14058,6898.0,3.14045,34356.0,3.14291,6893.0,3.14292,63.4
1753769634463,06:13:54.463,whitebit,XRP/USDT:USDT,3.14062,636.0,3.14058,6898.0,3.14291,6893.0,3.14292,63.4
1753769634562,06:13:54.562,whitebit,XRP/USDT:USDT,3.14064,636.0,3.14058,6898.0,3.14291,6893.0,3.14292,63.4
1753769634675,06:13:54.675,whitebit,XRP/USDT:USDT,3.14058,6898.0,3.14045,34356.0,3.14291,6893.0,3.14292,63.4
1753769634763,06:13:54.763,whitebit,XRP/USDT:USDT,3.14062,636.0,3.14058,6898.0,3.14291,6893.0,3.14292,63.4
1753769634863,06:13:54.863,whitebit,XRP/USDT:USDT,3.14058,6898.0,3.14045,34356.0,3.14291,6893.0,3.14292,63.4
1753769634963,06:13:54.963,whitebit,XRP/USDT:USDT,3.1406,636.0,3.14058,6898.0,3.14291,6893.0,3.14292,63.4
1753769635074,06:13:55.074,whitebit,XRP/USDT:USDT,3.14058,6898.0,3.14045,34356.0,3.14291,6893.0,3.14292,63.4
1753769635369,06:13:55.369,whitebit,XRP/USDT:USDT,3.14062,636.0,3.14058,6898.0,3.14291,6893.0,3.14292,63.4
1753769635475,06:13:55.475,whitebit,XRP/USDT:USDT,3.1406,636.0,3.14058,6898.0,3.14291,6893.0,3.14292,63.4
1753769635576,06:13:55.576,whitebit,XRP/USDT:USDT,3.14062,636.0,3.14058,6898.0,3.14291,6893.0,3.14292,63.4
1753769635675,06:13:55.675,whitebit,XRP/USDT:USDT,3.14064,636.0,3.14058,6898.0,3.14291,6893.0,3.14292,63.4
1753769635774,06:13:55.774,whitebit,XRP/USDT:USDT,3.14066,636.0,3.14058,6898.0,3.14291,6893.0,3.14292,63.4
1753769635866,06:13:55.866,whitebit,XRP/USDT:USDT,3.14068,636.0,3.14058,6898.0,3.14291,6893.0,3.14292,63.4
1753769635978,06:13:55.978,whitebit,XRP/USDT:USDT,3.1407,636.0,3.14058,6898.0,3.14291,6893.0,3.14292,63.4
1753769636067,06:13:56.067,whitebit,XRP/USDT:USDT,3.14072,636.0,3.14058,6898.0,3.14291,6893.0,3.14292,63.4
1753769636175,06:13:56.175,whitebit,XRP/USDT:USDT,3.14074,636.0,3.14058,6898.0,3.14291,6893.0,3.14292,63.4
1753769636277,06:13:56.277,whitebit,XRP/USDT:USDT,3.14076,636.0,3.14058,6898.0,3.14291,6893.0,3.14292,63.4
1753769636376,06:13:56.376,whitebit,XRP/USDT:USDT,3.14184,297.8,3.14078,636.0,3.14291,6893.0,3.14292,11.4
1753769636476,06:13:56.476,whitebit,XRP/USDT:USDT,3.1408,636.0,3.14058,6898.0,3.14307,34358.0,3.14321,617.1
1753769636580,06:13:56.580,whitebit,XRP/USDT:USDT,3.14058,6898.0,3.14045,34356.0,3.14306,6893.0,3.14307,34358.0
1753769636771,06:13:56.771,whitebit,XRP/USDT:USDT,3.14058,6898.0,3.14045,34356.0,3.14306,6893.0,3.14307,34358.0
1753769636869,06:13:56.869,whitebit,XRP/USDT:USDT,3.14058,6898.0,3.14055,105.4,3.14306,6893.0,3.14307,34358.0
1753769636968,06:13:56.968,whitebit,XRP/USDT:USDT,3.14063,636.0,3.14058,6898.0,3.14306,6893.0,3.14307,34358.0
1753769637075,06:13:57.075,whitebit,XRP/USDT:USDT,3.14058,6898.0,3.14055,105.4,3.14306,6893.0,3.14307,34358.0
1753769637175,06:13:57.175,whitebit,XRP/USDT:USDT,3.14058,6898.0,3.14055,105.4,3.14306,6893.0,3.14307,34358.0
1753769637270,06:13:57.270,whitebit,XRP/USDT:USDT,3.14058,6898.0,3.14055,145.0,3.14306,6893.0,3.14307,34358.0
1753769637369,06:13:57.369,whitebit,XRP/USDT:USDT,3.14058,6898.0,3.14055,145.0,3.14306,6893.0,3.14307,34358.0
1753769637480,06:13:57.480,whitebit,XRP/USDT:USDT,3.14059,636.0,3.14058,6898.0,3.14306,6893.0,3.14307,34358.0
1753769637570,06:13:57.570,whitebit,XRP/USDT:USDT,3.14058,6898.0,3.14055,145.0,3.14306,6893.0,3.14307,34358.0
1753769637673,06:13:57.673,whitebit,XRP/USDT:USDT,3.14058,6898.0,3.14055,165.4,3.14306,6893.0,3.14307,34358.0
1753769637777,06:13:57.777,whitebit,XRP/USDT:USDT,3.1406,636.0,3.14058,6898.0,3.14306,6893.0,3.14307,34358.0
1753769637878,06:13:57.878,whitebit,XRP/USDT:USDT,3.14062,636.0,3.14058,6898.0,3.14306,6893.0,3.14307,34358.0
1753769637970,06:13:57.970,whitebit,XRP/USDT:USDT,3.14058,6898.0,3.14055,165.4,3.14306,6893.0,3.14307,34358.0
1753769638071,06:13:58.071,whitebit,XRP/USDT:USDT,3.14058,6898.0,3.14055,173.9,3.14306,6893.0,3.14307,34358.0
1753769638177,06:13:58.177,whitebit,XRP/USDT:USDT,3.14058,6898.0,3.14055,173.9,3.14307,34358.0,3.14321,617.1
1753769638269,06:13:58.269,whitebit,XRP/USDT:USDT,3.1406,636.0,3.14058,6898.0,3.14306,6893.0,3.14307,34358.0
1753769638372,06:13:58.372,whitebit,XRP/USDT:USDT,3.14062,636.0,3.14058,6898.0,3.14206,276.6,3.14306,6893.0
1753769638467,06:13:58.467,whitebit,XRP/USDT:USDT,3.14059,636.0,3.14058,6898.0,3.14306,6893.0,3.14307,34358.0
1753769638572,06:13:58.572,whitebit,XRP/USDT:USDT,3.14058,6898.0,3.14055,173.9,3.14306,6893.0,3.14307,34358.0
1753769638870,06:13:58.870,whitebit,XRP/USDT:USDT,3.14058,6898.0,3.14055,173.9,3.14321,617.1,3.14339,116.1
1753769638973,06:13:58.973,whitebit,XRP/USDT:USDT,3.14058,6898.0,3.14055,173.9,3.14386,83.4,3.14399,34354.0
1753769639074,06:13:59.074,whitebit,XRP/USDT:USDT,3.14058,6898.0,3.14055,289.5,3.14385,6893.0,3.14386,83.4
1753769639174,06:13:59.174,whitebit,XRP/USDT:USDT,3.14058,6898.0,3.14055,289.5,3.14385,6893.0,3.14386,83.4
1753769639266,06:13:59.266,whitebit,XRP/USDT:USDT,3.1406,636.0,3.14058,6898.0,3.14385,6893.0,3.14386,83.4
1753769639375,06:13:59.375,whitebit,XRP/USDT:USDT,3.14102,108.5,3.14058,6898.0,3.14385,6893.0,3.14386,83.4
1753769639475,06:13:59.475,whitebit,XRP/USDT:USDT,3.14102,108.5,3.14058,6898.0,3.14385,6893.0,3.14386,83.4
1753769639575,06:13:59.575,whitebit,XRP/USDT:USDT,3.14102,108.5,3.14058,6898.0,3.14385,6893.0,3.14386,94.8
1753769639676,06:13:59.676,whitebit,XRP/USDT:USDT,3.14102,108.5,3.14058,6898.0,3.14385,6893.0,3.14386,94.8
1753769639765,06:13:59.765,whitebit,XRP/USDT:USDT,3.14102,131.0,3.14058,6898.0,3.14385,6893.0,3.14386,94.8
1753769639876,06:13:59.876,whitebit,XRP/USDT:USDT,3.14102,131.0,3.14058,6898.0,3.14385,6893.0,3.14386,94.8
1753769640067,06:14:00.067,whitebit,XRP/USDT:USDT,3.14102,131.0,3.14058,6898.0,3.14385,6893.0,3.14386,94.8
1753769640177,06:14:00.177,whitebit,XRP/USDT:USDT,3.14102,118.3,3.14058,6898.0,3.14385,6893.0,3.14386,94.8
1753769640277,06:14:00.277,whitebit,XRP/USDT:USDT,3.14105,636.0,3.14102,66.4,3.14385,6893.0,3.14386,94.8
1753769640368,06:14:00.368,whitebit,XRP/USDT:USDT,3.14102,34.2,3.14058,6898.0,3.14385,6893.0,3.14386,177.1
1753769640468,06:14:00.468,whitebit,XRP/USDT:USDT,3.14108,636.0,3.14102,34.2,3.143,6892.0,3.14386,177.1
1753769640584,06:14:00.584,whitebit,XRP/USDT:USDT,3.14103,636.0,3.14102,34.2,3.143,6892.0,3.14386,177.1
1753769640773,06:14:00.773,whitebit,XRP/USDT:USDT,3.14102,34.2,3.14058,6898.0,3.143,6892.0,3.14386,198.8
1753769640874,06:14:00.874,whitebit,XRP/USDT:USDT,3.14102,34.2,3.14058,6898.0,3.143,6892.0,3.14386,198.8
1753769640968,06:14:00.968,whitebit,XRP/USDT:USDT,3.14102,45.9,3.14058,6898.0,3.143,6892.0,3.14386,198.8
1753769641069,06:14:01.069,whitebit,XRP/USDT:USDT,3.14102,45.9,3.14058,6898.0,3.143,6892.0,3.14386,198.8
1753769641175,06:14:01.175,whitebit,XRP/USDT:USDT,3.14102,83.5,3.14058,6898.0,3.143,6892.0,3.14386,82.3
1753769641273,06:14:01.273,whitebit,XRP/USDT:USDT,3.14102,83.5,3.14058,6898.0,3.143,6892.0,3.14386,82.3
1753769641373,06:14:01.373,whitebit,XRP/USDT:USDT,3.14102,83.5,3.14058,6898.0,3.143,6892.0,3.14386,82.3
1753769641470,06:14:01.470,whitebit,XRP/USDT:USDT,3.14103,636.0,3.14102,83.5,3.14386,82.3,3.14399,34354.0
1753769641580,06:14:01.580,whitebit,XRP/USDT:USDT,3.14105,636.0,3.14102,111.3,3.14385,6892.0,3.14386,82.3
1753769641672,06:14:01.672,whitebit,XRP/USDT:USDT,3.14102,111.3,3.14058,6898.0,3.14385,6892.0,3.14386,103.9
1753769641770,06:14:01.770,whitebit,XRP/USDT:USDT,3.14102,111.3,3.14058,6898.0,3.14385,6892.0,3.14386,103.9
1753769641861,06:14:01.861,whitebit,XRP/USDT:USDT,3.14102,124.0,3.14058,6898.0,3.14385,6892.0,3.14386,103.9
1753769641964,06:14:01.964,whitebit,XRP/USDT:USDT,3.14103,636.0,3.14102,124.0,3.14385,6892.0,3.14386,103.9
1753769642081,06:14:02.081,whitebit,XRP/USDT:USDT,3.14103,636.0,3.14102,124.0,3.14385,6892.0,3.14386,118.4
1753769642162,06:14:02.162,whitebit,XRP/USDT:USDT,3.14107,636.0,3.14102,124.0,3.14385,6892.0,3.14386,118.4
1753769642273,06:14:02.273,whitebit,XRP/USDT:USDT,3.14102,124.0,3.14058,6898.0,3.14385,6892.0,3.14386,118.4
1753769642368,06:14:02.368,whitebit,XRP/USDT:USDT,3.14102,124.0,3.14058,6898.0,3.14385,6892.0,3.14386,118.4
1753769642467,06:14:02.467,whitebit,XRP/USDT:USDT,3.14102,124.0,3.14058,6898.0,3.14385,6892.0,3.14386,124.8
1753769642557,06:14:02.557,whitebit,XRP/USDT:USDT,3.14115,636.0,3.14102,130.1,3.14385,6892.0,3.14386,124.8
1753769642667,06:14:02.667,whitebit,XRP/USDT:USDT,3.14102,130.1,3.14058,6898.0,3.14385,6892.0,3.14386,124.8
1753769642766,06:14:02.766,whitebit,XRP/USDT:USDT,3.14102,130.1,3.14058,6898.0,3.14385,6892.0,3.14386,131.1
1753769642858,06:14:02.858,whitebit,XRP/USDT:USDT,3.14121,636.0,3.14102,130.1,3.14386,131.1,3.14399,34354.0
1753769642959,06:14:02.959,whitebit,XRP/USDT:USDT,3.14103,636.0,3.14102,130.1,3.14385,6892.0,3.14386,131.1
1753769643065,06:14:03.065,whitebit,XRP/USDT:USDT,3.14102,130.1,3.14058,6898.0,3.14385,6892.0,3.14386,131.1
1753769643173,06:14:03.173,whitebit,XRP/USDT:USDT,3.14104,636.0,3.14102,130.1,3.14385,6892.0,3.14386,131.1
1753769643285,06:14:03.285,whitebit,XRP/USDT:USDT,3.14102,130.1,3.14058,6898.0,3.14385,6892.0,3.14386,131.1
1753769643385,06:14:03.385,whitebit,XRP/USDT:USDT,3.14105,636.0,3.14102,130.1,3.14309,6892.0,3.14386,131.1
1753769643465,06:14:03.465,whitebit,XRP/USDT:USDT,3.14102,130.1,3.14058,6898.0,3.14383,6892.0,3.14386,131.1
1753769643585,06:14:03.585,whitebit,XRP/USDT:USDT,3.14109,636.0,3.14102,130.1,3.14383,6892.0,3.14386,131.1
1753769643668,06:14:03.668,whitebit,XRP/USDT:USDT,3.14102,130.1,3.14058,6898.0,3.14382,6892.0,3.14386,131.1
1753769643886,06:14:03.886,whitebit,XRP/USDT:USDT,3.14106,636.0,3.14102,130.1,3.14382,6892.0,3.14386,131.1
1753769643986,06:14:03.986,whitebit,XRP/USDT:USDT,3.14108,636.0,3.14102,130.1,3.14382,6892.0,3.14386,131.1
1753769644062,06:14:04.062,whitebit,XRP/USDT:USDT,3.14109,636.0,3.14102,130.1,3.14236,136.6,3.14382,6892.0
1753769644172,06:14:04.172,whitebit,XRP/USDT:USDT,3.14102,130.1,3.14058,6898.0,3.14385,6892.0,3.14386,131.1
1753769644287,06:14:04.287,whitebit,XRP/USDT:USDT,3.14114,636.0,3.14102,130.1,3.14385,6892.0,3.14386,131.1
1753769644362,06:14:04.362,whitebit,XRP/USDT:USDT,3.14115,636.0,3.14102,130.1,3.14385,6892.0,3.14386,131.1
1753769644488,06:14:04.488,whitebit,XRP/USDT:USDT,3.14104,636.0,3.14102,130.1,3.14385,6892.0,3.14386,131.1
1753769644563,06:14:04.563,whitebit,XRP/USDT:USDT,3.14103,636.0,3.14102,130.1,3.14385,6892.0,3.14386,131.1
1753769644663,06:14:04.663,whitebit,XRP/USDT:USDT,3.14105,636.0,3.14102,130.1,3.14385,6892.0,3.14386,131.1
1753769644788,06:14:04.788,whitebit,XRP/USDT:USDT,3.14234,183.6,3.14104,636.0,3.14385,6892.0,3.14386,131.1
1753769644864,06:14:04.864,whitebit,XRP/USDT:USDT,3.14234,23.5,3.14103,636.0,3.14385,6892.0,3.14386,131.1
1753769644987,06:14:04.987,whitebit,XRP/USDT:USDT,3.14103,636.0,3.14102,130.1,3.14385,6892.0,3.14386,131.1
1753769645064,06:14:05.064,whitebit,XRP/USDT:USDT,3.14104,636.0,3.14102,130.1,3.14385,6892.0,3.14386,131.1
1753769645171,06:14:05.171,whitebit,XRP/USDT:USDT,3.14103,636.0,3.14102,130.1,3.14385,6892.0,3.14386,131.1
1753769645265,06:14:05.265,whitebit,XRP/USDT:USDT,3.14105,636.0,3.14102,130.1,3.14385,6892.0,3.14386,131.1
1753769645365,06:14:05.365,whitebit,XRP/USDT:USDT,3.14102,130.1,3.14058,6898.0,3.14385,6892.0,3.14386,131.1
1753769645777,06:14:05.777,whitebit,XRP/USDT:USDT,3.14104,636.0,3.14102,130.1,3.14385,6892.0,3.14386,131.1
1753769645870,06:14:05.870,whitebit,XRP/USDT:USDT,3.14102,130.1,3.14058,6898.0,3.14385,6892.0,3.14386,131.1
1753769646066,06:14:06.066,whitebit,XRP/USDT:USDT,3.14107,636.0,3.14102,130.1,3.14385,6892.0,3.14386,131.1
1753769646174,06:14:06.174,whitebit,XRP/USDT:USDT,3.14102,130.1,3.14058,6898.0,3.14385,6892.0,3.14386,131.1
1753769646377,06:14:06.377,whitebit,XRP/USDT:USDT,3.14107,636.0,3.14102,130.1,3.14385,6892.0,3.14386,131.1
1753769646475,06:14:06.475,whitebit,XRP/USDT:USDT,3.14102,130.1,3.14058,6898.0,3.14385,6892.0,3.14386,131.1
1753769646685,06:14:06.685,whitebit,XRP/USDT:USDT,3.14113,636.0,3.14102,130.1,3.14385,6892.0,3.14386,131.1
1753769646782,06:14:06.782,whitebit,XRP/USDT:USDT,3.14115,636.0,3.14102,130.1,3.14385,6892.0,3.14386,131.1
1753769646879,06:14:06.879,whitebit,XRP/USDT:USDT,3.14117,636.0,3.14102,130.1,3.14386,88.6,3.14399,34354.0
1753769646972,06:14:06.972,whitebit,XRP/USDT:USDT,3.14102,130.1,3.14058,6898.0,3.14386,88.6,3.14399,34354.0
1753769647072,06:14:07.072,whitebit,XRP/USDT:USDT,3.14104,636.0,3.14102,130.1,3.14385,6891.0,3.14386,6.3
1753769647185,06:14:07.185,whitebit,XRP/USDT:USDT,3.14106,636.0,3.14102,130.1,3.14276,155.8,3.14385,6891.0
1753769647279,06:14:07.279,whitebit,XRP/USDT:USDT,3.14102,130.1,3.14058,6898.0,3.14385,6891.0,3.14399,34354.0
1753769647367,06:14:07.367,whitebit,XRP/USDT:USDT,3.14102,262.0,3.14058,6898.0,3.14399,34354.0,3.14433,156.8
1753769647474,06:14:07.474,whitebit,XRP/USDT:USDT,3.14102,262.0,3.14058,6898.0,3.14399,34354.0,3.14433,156.8
1753769647570,06:14:07.570,whitebit,XRP/USDT:USDT,3.14102,262.0,3.14058,6898.0,3.14399,34354.0,3.14433,204.9
1753769647671,06:14:07.671,whitebit,XRP/USDT:USDT,3.14102,320.5,3.14058,6898.0,3.14399,34354.0,3.14433,204.9
1753769647767,06:14:07.767,whitebit,XRP/USDT:USDT,3.1415,6891.0,3.14149,24.9,3.14399,34354.0,3.14433,204.9
1753769647880,06:14:07.880,whitebit,XRP/USDT:USDT,3.1415,6891.0,3.14149,42.0,3.14398,6891.0,3.14399,34354.0
1753769648071,06:14:08.071,whitebit,XRP/USDT:USDT,3.1415,6891.0,3.14149,42.0,3.14398,6891.0,3.14399,34354.0
1753769648170,06:14:08.170,whitebit,XRP/USDT:USDT,3.1415,6891.0,3.14149,42.0,3.14398,6891.0,3.14399,34354.0
1753769648272,06:14:08.272,whitebit,XRP/USDT:USDT,3.1415,6891.0,3.14149,49.3,3.14398,6891.0,3.14399,34354.0
1753769648369,06:14:08.369,whitebit,XRP/USDT:USDT,3.1415,6891.0,3.14149,49.3,3.14398,6891.0,3.14399,34354.0
1753769648468,06:14:08.468,whitebit,XRP/USDT:USDT,3.14154,636.0,3.1415,6891.0,3.14398,6891.0,3.14399,34354.0
1753769648573,06:14:08.573,whitebit,XRP/USDT:USDT,3.1415,6891.0,3.14149,49.3,3.14397,6891.0,3.14399,34354.0
1753769648863,06:14:08.863,whitebit,XRP/USDT:USDT,3.14152,636.0,3.1415,6891.0,3.14397,6891.0,3.14399,34354.0
1753769648989,06:14:08.989,whitebit,XRP/USDT:USDT,3.1415,6891.0,3.14149,49.3,3.14397,6891.0,3.14399,34354.0
1753769649087,06:14:09.087,whitebit,XRP/USDT:USDT,3.14151,636.0,3.1415,6891.0,3.14397,6891.0,3.14399,34354.0
1753769649190,06:14:09.190,whitebit,XRP/USDT:USDT,3.14153,636.0,3.1415,6891.0,3.14397,6891.0,3.14399,34354.0
1753769649263,06:14:09.263,whitebit,XRP/USDT:USDT,3.14152,636.0,3.1415,6891.0,3.14397,6891.0,3.14399,34354.0
1753769649382,06:14:09.382,whitebit,XRP/USDT:USDT,3.14157,636.0,3.1415,6891.0,3.14397,6891.0,3.14399,34354.0
1753769649465,06:14:09.465,whitebit,XRP/USDT:USDT,3.1415,6891.0,3.14149,49.3,3.14397,6891.0,3.14399,34354.0
1753769649584,06:14:09.584,whitebit,XRP/USDT:USDT,3.14152,636.0,3.1415,6891.0,3.14397,6891.0,3.14399,34354.0
1753769649684,06:14:09.684,whitebit,XRP/USDT:USDT,3.14151,636.0,3.1415,6891.0,3.14397,6891.0,3.14399,34354.0
1753769649767,06:14:09.767,whitebit,XRP/USDT:USDT,3.1415,6891.0,3.14149,49.3,3.14341,6891.0,3.14399,34354.0
1753769649860,06:14:09.860,whitebit,XRP/USDT:USDT,3.14151,636.0,3.1415,6891.0,3.14398,6891.0,3.14399,34354.0
1753769650065,06:14:10.065,whitebit,XRP/USDT:USDT,3.1415,6891.0,3.14149,49.3,3.14398,6891.0,3.14399,34354.0
1753769650184,06:14:10.184,whitebit,XRP/USDT:USDT,3.14155,636.0,3.1415,6891.0,3.14398,6891.0,3.14399,34354.0
1753769650270,06:14:10.270,whitebit,XRP/USDT:USDT,3.1415,6891.0,3.14149,49.3,3.14398,6891.0,3.14399,34354.0
1753769650465,06:14:10.465,whitebit,XRP/USDT:USDT,3.14156,636.0,3.1415,6891.0,3.14398,6891.0,3.14399,34354.0
1753769650587,06:14:10.587,whitebit,XRP/USDT:USDT,3.14151,636.0,3.1415,6891.0,3.14398,6891.0,3.14399,34354.0
1753769650658,06:14:10.658,whitebit,XRP/USDT:USDT,3.14152,636.0,3.1415,6891.0,3.14398,6891.0,3.14399,34354.0
1753769650772,06:14:10.772,whitebit,XRP/USDT:USDT,3.1415,6891.0,3.14149,49.3,3.14398,6891.0,3.14399,34354.0
1753769651154,06:14:11.154,whitebit,XRP/USDT:USDT,3.14162,636.0,3.1415,6891.0,3.14398,6891.0,3.14399,34354.0
1753769651264,06:14:11.264,whitebit,XRP/USDT:USDT,3.1415,6891.0,3.14149,74.0,3.14398,6891.0,3.14399,34354.0
1753769651361,06:14:11.361,whitebit,XRP/USDT:USDT,3.1416,34348.0,3.1415,6891.0,3.14398,6891.0,3.14399,34354.0
1753769651485,06:14:11.485,whitebit,XRP/USDT:USDT,3.14161,636.0,3.1416,34348.0,3.14398,6891.0,3.14399,34354.0
1753769651580,06:14:11.580,whitebit,XRP/USDT:USDT,3.14163,636.0,3.1416,34348.0,3.14398,6891.0,3.14399,34354.0
1753769651686,06:14:11.686,whitebit,XRP/USDT:USDT,3.14165,636.0,3.1416,34348.0,3.14398,6891.0,3.14399,34354.0
1753769651761,06:14:11.761,whitebit,XRP/USDT:USDT,3.14166,636.0,3.1416,34348.0,3.14398,6891.0,3.14399,34354.0
1753769651864,06:14:11.864,whitebit,XRP/USDT:USDT,3.1416,34348.0,3.1415,6891.0,3.14398,6891.0,3.14399,34354.0
1753769651961,06:14:11.961,whitebit,XRP/USDT:USDT,3.1416,34348.0,3.1415,6891.0,3.14398,6891.0,3.14399,34354.0
1753769652057,06:14:12.057,whitebit,XRP/USDT:USDT,3.14162,636.0,3.1416,34348.0,3.14398,6891.0,3.14399,34354.0
1753769652169,06:14:12.169,whitebit,XRP/USDT:USDT,3.1416,34348.0,3.1415,6891.0,3.14398,6891.0,3.14399,34354.0
1753769652261,06:14:12.261,whitebit,XRP/USDT:USDT,3.1416,34348.0,3.1415,6891.0,3.14398,6891.0,3.14399,34354.0
1753769652369,06:14:12.369,whitebit,XRP/USDT:USDT,3.1416,34348.0,3.1415,6891.0,3.14399,34354.0,3.14433,134.2
1753769652462,06:14:12.462,whitebit,XRP/USDT:USDT,3.14161,636.0,3.1416,34348.0,3.14398,6890.0,3.14399,34354.0
1753769652558,06:14:12.558,whitebit,XRP/USDT:USDT,3.14163,636.0,3.1416,34348.0,3.14398,6890.0,3.14399,34354.0
1753769652672,06:14:12.672,whitebit,XRP/USDT:USDT,3.1416,34348.0,3.1415,6891.0,3.14398,6890.0,3.14399,34354.0
1753769652763,06:14:12.763,whitebit,XRP/USDT:USDT,3.1416,34348.0,3.1415,6891.0,3.14398,6890.0,3.14399,34354.0
1753769652871,06:14:12.871,whitebit,XRP/USDT:USDT,3.1416,34348.0,3.1415,6891.0,3.14398,6890.0,3.14399,34354.0
1753769652964,06:14:12.964,whitebit,XRP/USDT:USDT,3.14162,636.0,3.1416,34348.0,3.14399,34354.0,3.14433,150.3
1753769653059,06:14:13.059,whitebit,XRP/USDT:USDT,3.14164,636.0,3.1416,34348.0,3.14396,6890.0,3.14399,34354.0
1753769653184,06:14:13.184,whitebit,XRP/USDT:USDT,3.14163,636.0,3.1416,34348.0,3.14348,6890.0,3.14399,34354.0
1753769653285,06:14:13.285,whitebit,XRP/USDT:USDT,3.14161,636.0,3.1416,34348.0,3.14399,34354.0,3.14433,150.3
1753769653360,06:14:13.360,whitebit,XRP/USDT:USDT,3.1417,636.0,3.1416,34348.0,3.14399,34354.0,3.14433,150.3
1753769653486,06:14:13.486,whitebit,XRP/USDT:USDT,3.14165,636.0,3.1416,34348.0,3.14398,6890.0,3.14399,34354.0
1753769653588,06:14:13.588,whitebit,XRP/USDT:USDT,3.1416,34348.0,3.1415,6891.0,3.14399,34354.0,3.14433,150.3
1753769653861,06:14:13.861,whitebit,XRP/USDT:USDT,3.14161,636.0,3.1416,34348.0,3.14399,34354.0,3.14433,150.3
1753769653962,06:14:13.962,whitebit,XRP/USDT:USDT,3.1416,34348.0,3.1415,6891.0,3.14398,6890.0,3.14399,34354.0
1753769654062,06:14:14.062,whitebit,XRP/USDT:USDT,3.14161,636.0,3.1416,34348.0,3.14398,6890.0,3.14399,34354.0
1753769654174,06:14:14.174,whitebit,XRP/USDT:USDT,3.1416,34348.0,3.1415,6891.0,3.14352,6890.0,3.14399,34354.0
1753769654266,06:14:14.266,whitebit,XRP/USDT:USDT,3.1416,34348.0,3.1415,6891.0,3.14397,6890.0,3.14399,34354.0
1753769654572,06:14:14.572,whitebit,XRP/USDT:USDT,3.14161,636.0,3.1416,34348.0,3.14397,6890.0,3.14399,34354.0
1753769654676,06:14:14.676,whitebit,XRP/USDT:USDT,3.1416,34348.0,3.1415,6891.0,3.14397,6890.0,3.14399,34354.0
1753769655172,06:14:15.172,whitebit,XRP/USDT:USDT,3.14294,23.4,3.1416,34348.0,3.14397,6890.0,3.14399,34354.0
1753769655272,06:14:15.272,whitebit,XRP/USDT:USDT,3.1416,34348.0,3.1415,6891.0,3.14397,6890.0,3.14399,34354.0
1753769655480,06:14:15.480,whitebit,XRP/USDT:USDT,3.14164,636.0,3.1416,34348.0,3.14397,6890.0,3.14399,34354.0
1753769655566,06:14:15.566,whitebit,XRP/USDT:USDT,3.1416,34348.0,3.1415,6891.0,3.14397,6890.0,3.14399,34354.0
1753769656568,06:14:16.568,whitebit,XRP/USDT:USDT,3.1416,34348.0,3.1415,6891.0,3.14399,34354.0,3.14433,150.3
1753769656672,06:14:16.672,whitebit,XRP/USDT:USDT,3.1416,34348.0,3.1415,6891.0,3.14398,6889.0,3.14399,34354.0
