timestamp,time,exchange,symbol,bid1_price,bid1_volume,bid2_price,bid2_volume,ask1_price,ask1_volume,ask2_price,ask2_volume
1753769554757,06:12:34.757,phemex,BTC/USDT:USDT,118824.9,3.2253,118823.4,0.0085,118825.0,2.2476,118825.1,0.0001
1753769555065,06:12:35.065,phemex,BTC/USDT:USDT,118824.9,2.8043,118823.4,0.0085,118825.0,2.2476,118825.1,0.0001
1753769555513,06:12:35.513,phemex,BTC/USDT:USDT,118824.9,2.7958,118822.7,0.1415,118825.0,2.2913,118825.1,0.0001
1753769555584,06:12:35.584,phemex,BTC/USDT:USDT,118824.9,2.7958,118822.7,0.1415,118825.0,2.2913,118825.1,0.0001
1753769555924,06:12:35.924,phemex,BTC/USDT:USDT,118824.9,2.7958,118822.7,0.15,118825.0,2.2913,118825.1,0.0001
1753769556064,06:12:36.064,phemex,BTC/USDT:USDT,118824.9,2.8043,118822.7,0.15,118825.0,2.2913,118825.1,0.0001
1753769556366,06:12:36.366,phemex,BTC/USDT:USDT,118824.9,2.8033,118822.7,0.15,118825.0,2.2913,118825.1,0.0001
1753769556554,06:12:36.554,phemex,BTC/USDT:USDT,118824.9,2.7948,118822.7,0.15,118825.0,2.2913,118825.1,0.0001
1753769556900,06:12:36.900,phemex,BTC/USDT:USDT,118824.9,2.7948,118822.7,0.1415,118825.0,2.2913,118825.1,0.0001
1753769557357,06:12:37.357,phemex,BTC/USDT:USDT,118824.9,2.7948,118822.8,0.0085,118825.0,2.2913,118825.1,0.0001
1753769557951,06:12:37.951,phemex,BTC/USDT:USDT,118824.9,2.7948,118822.8,0.0085,118825.0,2.3413,118825.1,0.0001
1753769558077,06:12:38.077,phemex,BTC/USDT:USDT,118824.9,2.7948,118824.4,0.0085,118825.0,2.3413,118825.1,0.0001
1753769558349,06:12:38.349,phemex,BTC/USDT:USDT,118824.9,2.7948,118822.8,0.0085,118825.0,2.3413,118825.1,0.0001
1753769559225,06:12:39.225,phemex,BTC/USDT:USDT,118824.9,2.8033,118822.8,0.0085,118825.0,2.3413,118825.1,0.0001
1753769559728,06:12:39.728,phemex,BTC/USDT:USDT,118824.9,2.8033,118822.8,0.0085,118825.0,2.3413,118825.1,0.0001
1753769559900,06:12:39.900,phemex,BTC/USDT:USDT,118824.9,2.8033,118822.8,0.0085,118825.0,2.3413,118825.1,0.0001
1753769560388,06:12:40.388,phemex,BTC/USDT:USDT,118824.9,2.8023,118822.8,0.0085,118825.0,2.3413,118825.1,0.0001
1753769560555,06:12:40.555,phemex,BTC/USDT:USDT,118824.9,2.8023,118822.8,0.0085,118825.0,2.3413,118825.1,0.0001
1753769561039,06:12:41.039,phemex,BTC/USDT:USDT,118824.9,2.8023,118822.8,0.0085,118825.0,2.3413,118825.1,0.0086
1753769561528,06:12:41.528,phemex,BTC/USDT:USDT,118824.9,2.8023,118822.8,0.0085,118825.0,2.3413,118825.1,0.0001
1753769561656,06:12:41.656,phemex,BTC/USDT:USDT,118824.9,2.8023,118822.8,0.0085,118825.0,2.3413,118825.1,0.0001
1753769561792,06:12:41.792,phemex,BTC/USDT:USDT,118824.9,2.8023,118823.7,0.0421,118825.0,2.3413,118825.1,0.0001
1753769562128,06:12:42.128,phemex,BTC/USDT:USDT,118824.9,2.8023,118823.7,0.0421,118825.0,2.3367,118825.1,0.0001
1753769564531,06:12:44.531,phemex,BTC/USDT:USDT,118824.9,2.8023,118823.7,0.0421,118825.0,2.3367,118825.1,0.0001
1753769564874,06:12:44.874,phemex,BTC/USDT:USDT,118824.9,2.8023,118823.7,0.0421,118825.0,2.0427,118825.1,0.0001
1753769564882,06:12:44.882,phemex,BTC/USDT:USDT,118824.9,3.8982,118823.7,0.0421,118825.0,0.2753,118825.1,0.0001
1753769564902,06:12:44.902,phemex,BTC/USDT:USDT,118824.9,3.8952,118823.7,0.0421,118825.0,0.7283,118825.1,0.0001
1753769564938,06:12:44.938,phemex,BTC/USDT:USDT,118824.9,3.8952,118823.7,0.0421,118825.0,0.2316,118825.1,0.0001
1753769564967,06:12:44.967,phemex,BTC/USDT:USDT,118824.9,3.8952,118823.7,0.0421,118825.0,0.9916,118825.1,0.0001
1753769564991,06:12:44.991,phemex,BTC/USDT:USDT,118824.9,3.902,118823.7,0.0421,118825.0,0.9916,118825.1,0.0001
1753769565129,06:12:45.129,phemex,BTC/USDT:USDT,118824.9,3.902,118823.7,0.0421,118825.0,0.6846,118825.1,0.0001
1753769565143,06:12:45.143,phemex,BTC/USDT:USDT,118824.9,3.8952,118823.7,0.0421,118825.0,0.5031,118825.1,0.0001
1753769565170,06:12:45.170,phemex,BTC/USDT:USDT,118824.9,3.8952,118823.7,0.0421,118825.0,0.8101,118825.1,0.0001
1753769565207,06:12:45.207,phemex,BTC/USDT:USDT,118824.9,3.8952,118823.7,0.0421,118825.0,1.8691,118825.1,0.0001
1753769565225,06:12:45.225,phemex,BTC/USDT:USDT,118824.9,3.902,118823.7,0.0421,118825.0,1.8691,118825.1,0.0001
1753769565433,06:12:45.433,phemex,BTC/USDT:USDT,118824.9,3.902,118823.7,0.0421,118825.0,1.8681,118825.2,0.0001
1753769565490,06:12:45.490,phemex,BTC/USDT:USDT,118824.9,3.902,118823.7,0.0421,118825.0,1.8681,118825.3,0.0001
1753769565566,06:12:45.566,phemex,BTC/USDT:USDT,118824.9,3.902,118823.7,0.0421,118825.0,1.4051,118825.4,0.0001
1753769565584,06:12:45.584,phemex,BTC/USDT:USDT,118824.9,3.902,118823.7,0.0421,118825.0,1.8681,118825.4,0.0001
1753769565594,06:12:45.594,phemex,BTC/USDT:USDT,118824.9,3.902,118823.7,0.0421,118825.0,1.8681,118825.5,0.0001
1753769565674,06:12:45.674,phemex,BTC/USDT:USDT,118824.9,3.902,118823.7,0.0421,118825.0,1.8681,118825.6,0.0001
1753769565708,06:12:45.708,phemex,BTC/USDT:USDT,118824.9,3.902,118823.7,0.0421,118825.0,2.1101,118825.6,0.0001
1753769565715,06:12:45.715,phemex,BTC/USDT:USDT,118824.9,3.902,118823.7,0.0421,118825.0,2.1101,118825.7,0.0001
1753769565764,06:12:45.764,phemex,BTC/USDT:USDT,118824.9,3.902,118823.7,0.0421,118825.0,2.1101,118825.8,0.0001
1753769565804,06:12:45.804,phemex,BTC/USDT:USDT,118824.9,3.902,118823.7,0.0421,118825.0,2.1101,118825.9,0.0001
1753769565833,06:12:45.833,phemex,BTC/USDT:USDT,118824.9,3.902,118823.7,0.0421,118825.0,1.8681,118825.9,0.0001
1753769565866,06:12:45.866,phemex,BTC/USDT:USDT,118824.9,3.902,118823.7,0.0421,118825.0,1.8681,118826.0,0.0001
1753769565960,06:12:45.960,phemex,BTC/USDT:USDT,118824.9,3.902,118823.7,0.0421,118825.0,1.8681,118826.1,0.0001
1753769566000,06:12:46.000,phemex,BTC/USDT:USDT,118824.9,3.902,118823.7,0.0421,118825.0,1.8681,118826.2,0.0001
1753769566062,06:12:46.062,phemex,BTC/USDT:USDT,118824.9,3.902,118823.7,0.0421,118825.0,1.8681,118826.3,0.0001
1753769566102,06:12:46.102,phemex,BTC/USDT:USDT,118824.9,3.902,118823.7,0.0421,118825.0,1.9118,118826.4,0.0001
1753769566232,06:12:46.232,phemex,BTC/USDT:USDT,118824.9,3.902,118823.7,0.0421,118825.0,2.1538,118826.6,0.0001
1753769566256,06:12:46.256,phemex,BTC/USDT:USDT,118824.9,3.902,118823.7,0.0421,118825.0,1.9118,118826.6,0.0001
1753769566307,06:12:46.307,phemex,BTC/USDT:USDT,118824.9,3.902,118823.7,0.0421,118825.0,1.9118,118826.7,0.0001
1753769566357,06:12:46.357,phemex,BTC/USDT:USDT,118824.9,3.902,118823.7,0.0421,118825.0,1.9118,118826.8,0.0001
1753769566437,06:12:46.437,phemex,BTC/USDT:USDT,118824.9,3.902,118823.7,0.0421,118825.0,1.9118,118826.9,0.0001
1753769566550,06:12:46.550,phemex,BTC/USDT:USDT,118824.9,3.902,118823.7,0.0421,118825.0,1.9118,118827.0,0.0001
1753769566614,06:12:46.614,phemex,BTC/USDT:USDT,118824.9,3.902,118823.7,0.0421,118825.0,1.9118,118827.1,0.0001
1753769566667,06:12:46.667,phemex,BTC/USDT:USDT,118824.9,3.902,118823.7,0.0421,118825.0,1.9118,118827.2,0.0001
1753769566763,06:12:46.763,phemex,BTC/USDT:USDT,118824.9,3.902,118823.7,0.0421,118825.0,1.9118,118827.3,0.0001
1753769566822,06:12:46.822,phemex,BTC/USDT:USDT,118824.9,3.902,118823.7,0.0421,118825.0,1.9118,118827.4,0.0001
1753769566897,06:12:46.897,phemex,BTC/USDT:USDT,118824.9,3.902,118823.7,0.0421,118825.0,1.9118,118827.5,0.0002
1753769566928,06:12:46.928,phemex,BTC/USDT:USDT,118824.9,3.902,118823.7,0.0421,118825.0,1.9118,118827.5,0.0001
1753769566973,06:12:46.973,phemex,BTC/USDT:USDT,118824.9,3.902,118823.7,0.0421,118825.0,1.9118,118827.5,0.0001
1753769567030,06:12:47.030,phemex,BTC/USDT:USDT,118824.9,3.902,118823.7,0.0421,118825.0,1.9118,118827.5,0.0001
1753769567080,06:12:47.080,phemex,BTC/USDT:USDT,118824.9,3.902,118823.7,0.0421,118825.0,1.9118,118827.5,0.0001
1753769567151,06:12:47.151,phemex,BTC/USDT:USDT,118824.9,3.902,118823.7,0.0421,118825.0,1.9118,118827.5,0.0001
1753769567170,06:12:47.170,phemex,BTC/USDT:USDT,118824.9,3.902,118823.7,0.0421,118825.0,1.9118,118827.5,0.0001
1753769567207,06:12:47.207,phemex,BTC/USDT:USDT,118824.9,3.902,118823.7,0.0421,118825.0,1.9118,118827.5,0.0001
1753769567260,06:12:47.260,phemex,BTC/USDT:USDT,118824.9,3.902,118823.7,0.0421,118825.0,2.1538,118827.5,0.0001
1753769567354,06:12:47.354,phemex,BTC/USDT:USDT,118824.9,3.902,118823.7,0.0421,118825.0,2.1538,118827.5,0.0001
1753769567423,06:12:47.423,phemex,BTC/USDT:USDT,118824.9,3.902,118823.7,0.0421,118825.0,2.1538,118827.5,0.0001
1753769567460,06:12:47.460,phemex,BTC/USDT:USDT,118824.9,3.902,118823.7,0.0421,118825.0,2.1538,118827.5,0.0001
1753769567486,06:12:47.486,phemex,BTC/USDT:USDT,118824.9,3.902,118823.7,0.0421,118825.0,1.9118,118827.5,0.0001
1753769567514,06:12:47.514,phemex,BTC/USDT:USDT,118824.9,3.902,118823.7,0.0421,118825.0,1.9118,118827.5,0.0001
1753769567561,06:12:47.561,phemex,BTC/USDT:USDT,118824.9,3.902,118823.7,0.0421,118825.0,1.9118,118827.5,0.0001
1753769567605,06:12:47.605,phemex,BTC/USDT:USDT,118824.9,3.902,118823.7,0.0421,118825.0,1.9118,118827.5,0.0001
1753769567632,06:12:47.632,phemex,BTC/USDT:USDT,118824.9,3.902,118823.7,0.0421,118825.0,1.9118,118827.5,0.0001
1753769567681,06:12:47.681,phemex,BTC/USDT:USDT,118824.9,3.902,118823.7,0.0421,118825.0,1.9118,118827.5,0.0001
1753769567753,06:12:47.753,phemex,BTC/USDT:USDT,118824.9,3.902,118823.7,0.0421,118825.0,1.9118,118827.5,0.0001
1753769567820,06:12:47.820,phemex,BTC/USDT:USDT,118824.9,3.902,118823.7,0.0421,118825.0,1.9118,118827.5,0.0001
1753769567846,06:12:47.846,phemex,BTC/USDT:USDT,118824.9,3.902,118823.7,0.0421,118825.0,1.9118,118827.5,0.0001
1753769567960,06:12:47.960,phemex,BTC/USDT:USDT,118824.9,3.902,118823.7,0.0421,118825.0,1.9118,118827.5,0.0001
1753769567993,06:12:47.993,phemex,BTC/USDT:USDT,118824.9,3.902,118823.7,0.0421,118825.0,1.9118,118827.5,0.0001
1753769568034,06:12:48.034,phemex,BTC/USDT:USDT,118824.9,3.902,118823.7,0.0421,118825.0,1.9118,118827.5,0.0001
1753769568065,06:12:48.065,phemex,BTC/USDT:USDT,118824.9,3.902,118823.7,0.0421,118825.0,1.9118,118827.5,0.0001
1753769568106,06:12:48.106,phemex,BTC/USDT:USDT,118824.9,3.902,118823.7,0.0421,118825.0,1.9118,118827.5,0.0001
1753769568320,06:12:48.320,phemex,BTC/USDT:USDT,118824.9,3.902,118823.7,0.0421,118825.0,1.9118,118827.5,0.0001
1753769568349,06:12:48.349,phemex,BTC/USDT:USDT,118824.9,3.902,118823.7,0.0421,118825.0,1.9118,118827.5,0.0001
1753769568540,06:12:48.540,phemex,BTC/USDT:USDT,118824.9,3.902,118823.7,0.0421,118825.0,1.9118,118827.5,0.0001
1753769568571,06:12:48.571,phemex,BTC/USDT:USDT,118824.9,3.902,118823.7,0.0421,118825.0,1.9118,118827.5,0.0001
1753769568613,06:12:48.613,phemex,BTC/USDT:USDT,118824.9,3.902,118823.7,0.0421,118825.0,1.9118,118827.5,0.0001
1753769568785,06:12:48.785,phemex,BTC/USDT:USDT,118824.9,3.902,118823.7,0.0421,118825.0,1.9118,118827.5,0.0001
1753769568946,06:12:48.946,phemex,BTC/USDT:USDT,118824.9,3.902,118823.7,0.0421,118825.0,1.9118,118827.5,0.0001
1753769568988,06:12:48.988,phemex,BTC/USDT:USDT,118824.9,3.902,118823.7,0.0421,118825.0,1.9611,118827.5,0.0001
1753769569009,06:12:49.009,phemex,BTC/USDT:USDT,118824.9,3.902,118823.7,0.0421,118825.0,1.9611,118827.5,0.0001
1753769569066,06:12:49.066,phemex,BTC/USDT:USDT,118824.9,3.902,118823.7,0.0421,118825.0,1.9611,118827.5,0.0001
1753769569098,06:12:49.098,phemex,BTC/USDT:USDT,118824.9,3.902,118823.7,0.0421,118825.0,1.9611,118827.5,0.0001
1753769569119,06:12:49.119,phemex,BTC/USDT:USDT,118824.9,3.902,118823.7,0.0421,118825.0,1.9611,118827.5,0.0001
1753769569120,06:12:49.120,phemex,BTC/USDT:USDT,118824.9,3.902,118823.7,0.0421,118825.0,1.9611,118827.5,0.0001
1753769569436,06:12:49.436,phemex,BTC/USDT:USDT,118824.9,3.901,118823.7,0.0421,118825.0,1.9611,118827.5,0.0001
1753769569493,06:12:49.493,phemex,BTC/USDT:USDT,118824.9,3.901,118823.7,0.0421,118825.0,1.9611,118827.5,0.0001
1753769569533,06:12:49.533,phemex,BTC/USDT:USDT,118824.9,3.901,118823.7,0.0421,118825.0,1.9611,118827.5,0.0001
1753769569765,06:12:49.765,phemex,BTC/USDT:USDT,118824.9,3.901,118823.7,0.0421,118825.0,1.9611,118827.5,0.0001
1753769569880,06:12:49.880,phemex,BTC/USDT:USDT,118824.9,3.901,118823.7,0.0421,118825.0,1.9611,118827.5,0.0001
1753769570005,06:12:50.005,phemex,BTC/USDT:USDT,118824.9,3.901,118823.7,0.0421,118825.0,1.9611,118827.5,0.0001
1753769570174,06:12:50.174,phemex,BTC/USDT:USDT,118824.9,3.901,118823.7,0.0421,118825.0,1.9611,118827.5,0.0001
1753769570249,06:12:50.249,phemex,BTC/USDT:USDT,118824.9,3.901,118823.7,0.0421,118825.0,2.0671,118827.5,0.0001
1753769570332,06:12:50.332,phemex,BTC/USDT:USDT,118824.9,3.901,118823.7,0.0421,118825.0,2.0671,118827.5,0.0001
1753769570341,06:12:50.341,phemex,BTC/USDT:USDT,118824.9,3.901,118823.7,0.0421,118825.0,2.0671,118827.5,0.0001
1753769570411,06:12:50.411,phemex,BTC/USDT:USDT,118824.9,3.901,118823.7,0.0421,118825.0,2.0671,118827.5,0.0001
1753769570554,06:12:50.554,phemex,BTC/USDT:USDT,118824.9,3.901,118823.7,0.0421,118825.0,2.0671,118827.5,0.0001
1753769570715,06:12:50.715,phemex,BTC/USDT:USDT,118824.9,3.901,118823.7,0.0421,118825.0,2.0671,118827.5,0.0001
1753769570715,06:12:50.715,phemex,BTC/USDT:USDT,118824.9,3.901,118823.7,0.0421,118825.0,2.0671,118827.5,0.0001
1753769570906,06:12:50.906,phemex,BTC/USDT:USDT,118824.9,3.901,118823.7,0.0421,118825.0,2.0671,118827.5,0.0001
1753769571160,06:12:51.160,phemex,BTC/USDT:USDT,118824.9,3.901,118823.7,0.0421,118825.0,2.0671,118827.5,0.0001
1753769571221,06:12:51.221,phemex,BTC/USDT:USDT,118824.9,3.901,118823.7,0.0421,118825.0,2.0671,118827.5,0.0001
1753769571278,06:12:51.278,phemex,BTC/USDT:USDT,118824.9,3.901,118823.7,0.0421,118825.0,2.0671,118827.5,0.0001
1753769571397,06:12:51.397,phemex,BTC/USDT:USDT,118824.9,3.901,118823.7,0.0421,118825.0,1.9611,118827.5,0.0001
1753769571653,06:12:51.653,phemex,BTC/USDT:USDT,118824.9,3.901,118823.7,0.0421,118825.0,1.9611,118827.5,0.0001
1753769571757,06:12:51.757,phemex,BTC/USDT:USDT,118824.9,3.901,118823.7,0.0421,118825.0,1.9611,118827.5,0.0001
1753769571899,06:12:51.899,phemex,BTC/USDT:USDT,118824.9,3.901,118823.7,0.0421,118825.0,1.9611,118827.5,0.0001
1753769572054,06:12:52.054,phemex,BTC/USDT:USDT,118824.9,3.901,118823.7,0.0421,118825.0,1.9611,118827.5,0.0001
1753769572113,06:12:52.113,phemex,BTC/USDT:USDT,118824.9,3.901,118823.7,0.0421,118825.0,1.9611,118827.5,0.0001
1753769572166,06:12:52.166,phemex,BTC/USDT:USDT,118824.9,3.901,118823.7,0.0421,118825.0,1.9611,118827.5,0.0001
1753769572227,06:12:52.227,phemex,BTC/USDT:USDT,118824.9,3.901,118823.7,0.0421,118825.0,2.0671,118827.5,0.0001
1753769572556,06:12:52.556,phemex,BTC/USDT:USDT,118824.9,3.901,118823.7,0.0421,118825.0,2.0671,118827.5,0.0001
1753769572746,06:12:52.746,phemex,BTC/USDT:USDT,118824.9,3.901,118823.7,0.0421,118825.0,1.9611,118827.5,0.0001
1753769573028,06:12:53.028,phemex,BTC/USDT:USDT,118824.9,3.901,118823.7,0.0421,118825.0,1.9611,118827.5,0.0001
1753769573475,06:12:53.475,phemex,BTC/USDT:USDT,118824.9,3.9,118823.7,0.0421,118825.0,1.9611,118827.5,0.0001
1753769573671,06:12:53.671,phemex,BTC/USDT:USDT,118824.9,3.9,118823.7,0.0421,118825.0,1.9611,118827.5,0.0001
1753769573955,06:12:53.955,phemex,BTC/USDT:USDT,118824.9,3.9,118823.7,0.0421,118825.0,1.9611,118827.5,0.0001
1753769574013,06:12:54.013,phemex,BTC/USDT:USDT,118824.9,4.0639,118823.7,0.0421,118825.0,1.9611,118827.5,0.0001
1753769574157,06:12:54.157,phemex,BTC/USDT:USDT,118824.9,4.0639,118823.7,0.0421,118825.0,2.0671,118827.5,0.0001
1753769574455,06:12:54.455,phemex,BTC/USDT:USDT,118824.9,4.0639,118823.7,0.0421,118825.0,2.0671,118827.5,0.0001
1753769574461,06:12:54.461,phemex,BTC/USDT:USDT,118824.9,4.0639,118823.7,0.0421,118825.0,2.0671,118827.5,0.0001
1753769574506,06:12:54.506,phemex,BTC/USDT:USDT,118824.9,4.0639,118823.7,0.0421,118825.0,2.0671,118827.5,0.0001
1753769574515,06:12:54.515,phemex,BTC/USDT:USDT,118824.9,4.0639,118823.7,0.0421,118825.0,1.9611,118827.5,0.0001
1753769574542,06:12:54.542,phemex,BTC/USDT:USDT,118824.9,4.0639,118823.7,0.0421,118825.0,1.9611,118827.5,0.0001
1753769574564,06:12:54.564,phemex,BTC/USDT:USDT,118824.9,4.0639,118823.7,0.0421,118825.0,1.9611,118827.5,0.0001
1753769574667,06:12:54.667,phemex,BTC/USDT:USDT,118824.9,4.0639,118823.7,0.0421,118825.0,1.9611,118827.5,0.0001
1753769574812,06:12:54.812,phemex,BTC/USDT:USDT,118824.9,4.0639,118823.7,0.0421,118825.0,1.9611,118827.5,0.0001
1753769574814,06:12:54.814,phemex,BTC/USDT:USDT,118824.9,4.0639,118823.7,0.0421,118825.0,1.9611,118827.5,0.0001
1753769574892,06:12:54.892,phemex,BTC/USDT:USDT,118824.9,4.0639,118823.7,0.0421,118825.0,1.9611,118827.5,0.0001
1753769575211,06:12:55.211,phemex,BTC/USDT:USDT,118824.9,4.0639,118823.7,0.0421,118825.0,1.9612,118825.1,0.0001
1753769576262,06:12:56.262,phemex,BTC/USDT:USDT,118824.9,4.0639,118823.7,0.0421,118825.0,1.9612,118825.1,0.0001
1753769576287,06:12:56.287,phemex,BTC/USDT:USDT,118824.9,4.0639,118823.7,0.0421,118825.0,1.9612,118825.1,0.0001
1753769576478,06:12:56.478,phemex,BTC/USDT:USDT,118824.9,4.0639,118823.7,0.0421,118825.0,1.9612,118825.1,0.0001
1753769576856,06:12:56.856,phemex,BTC/USDT:USDT,118824.9,4.0639,118823.7,0.0421,118825.0,1.9612,118825.1,0.0001
1753769576908,06:12:56.908,phemex,BTC/USDT:USDT,118824.9,4.0639,118823.7,0.0421,118825.0,2.0672,118825.1,0.0001
1753769577136,06:12:57.136,phemex,BTC/USDT:USDT,118824.9,4.0639,118823.7,0.0421,118825.0,1.9612,118825.1,0.0001
1753769577333,06:12:57.333,phemex,BTC/USDT:USDT,118824.9,4.0639,118823.7,0.0421,118825.0,1.9613,118825.1,0.0002
1753769577481,06:12:57.481,phemex,BTC/USDT:USDT,118824.9,4.0629,118823.7,0.0421,118825.0,1.9613,118825.1,0.0002
1753769577515,06:12:57.515,phemex,BTC/USDT:USDT,118824.9,4.0629,118823.7,0.0421,118825.0,1.9613,118825.1,0.0002
1753769577627,06:12:57.627,phemex,BTC/USDT:USDT,118824.9,4.0629,118823.7,0.0421,118825.0,1.9613,118825.1,0.0002
1753769578137,06:12:58.137,phemex,BTC/USDT:USDT,118824.9,4.0629,118823.7,0.0421,118825.0,1.9613,118825.1,0.0002
1753769578146,06:12:58.146,phemex,BTC/USDT:USDT,118824.9,4.0629,118823.7,0.0421,118825.0,1.9613,118825.1,0.0002
1753769578165,06:12:58.165,phemex,BTC/USDT:USDT,118824.9,4.0629,118823.7,0.0421,118825.0,1.9613,118825.1,0.0002
1753769578208,06:12:58.208,phemex,BTC/USDT:USDT,118824.9,4.0629,118823.7,0.0421,118825.0,1.9613,118825.1,0.0002
1753769578242,06:12:58.242,phemex,BTC/USDT:USDT,118824.9,4.0629,118823.7,0.0421,118825.0,1.9613,118825.1,0.0002
1753769578290,06:12:58.290,phemex,BTC/USDT:USDT,118824.9,4.0629,118823.7,0.0421,118825.0,1.9613,118825.1,0.0002
1753769578731,06:12:58.731,phemex,BTC/USDT:USDT,118824.9,4.0629,118823.7,0.0421,118825.0,1.9613,118825.1,0.0002
1753769578819,06:12:58.819,phemex,BTC/USDT:USDT,118824.9,4.0629,118823.7,0.0421,118825.0,1.9613,118825.1,0.0002
1753769578877,06:12:58.877,phemex,BTC/USDT:USDT,118824.9,4.0629,118823.7,0.0421,118825.0,1.3653,118825.1,0.0002
1753769578907,06:12:58.907,phemex,BTC/USDT:USDT,118824.9,4.0629,118823.7,0.0421,118825.0,1.0083,118825.1,0.0002
1753769579097,06:12:59.097,phemex,BTC/USDT:USDT,118824.9,4.0629,118823.7,0.0421,118825.0,1.0083,118825.1,0.0002
1753769579119,06:12:59.119,phemex,BTC/USDT:USDT,118824.9,4.0629,118823.7,0.0421,118825.0,1.3653,118825.1,0.0002
1753769579154,06:12:59.154,phemex,BTC/USDT:USDT,118824.9,4.0629,118823.7,0.0421,118825.0,1.3653,118825.1,0.0002
1753769579167,06:12:59.167,phemex,BTC/USDT:USDT,118824.9,4.0629,118823.7,0.0421,118825.0,1.0083,118825.1,0.0002
1753769579333,06:12:59.333,phemex,BTC/USDT:USDT,118824.9,4.0629,118823.7,0.0421,118825.0,1.0083,118825.1,0.0002
1753769579570,06:12:59.570,phemex,BTC/USDT:USDT,118824.9,4.0629,118823.7,0.0421,118825.0,1.0083,118825.1,0.0002
1753769579923,06:12:59.923,phemex,BTC/USDT:USDT,118824.9,4.0629,118823.7,0.0421,118825.0,1.0083,118825.1,0.0002
1753769579935,06:12:59.935,phemex,BTC/USDT:USDT,118824.9,4.0629,118823.7,0.0421,118825.0,1.0083,118825.1,0.0002
1753769580026,06:13:00.026,phemex,BTC/USDT:USDT,118824.9,4.0629,118823.7,0.0421,118825.0,1.0083,118825.1,0.0002
1753769580100,06:13:00.100,phemex,BTC/USDT:USDT,118824.9,4.0629,118823.7,0.0421,118825.0,1.0083,118825.1,0.0002
1753769580267,06:13:00.267,phemex,BTC/USDT:USDT,118824.9,4.0629,118823.7,0.0421,118825.0,1.0083,118825.1,0.0002
1753769580345,06:13:00.345,phemex,BTC/USDT:USDT,118824.9,4.0629,118823.7,0.0421,118825.0,1.0083,118825.1,0.0002
1753769580399,06:13:00.399,phemex,BTC/USDT:USDT,118824.9,4.0629,118823.7,0.0421,118825.0,1.0083,118825.1,0.0002
1753769580405,06:13:00.405,phemex,BTC/USDT:USDT,118824.9,4.0629,118823.7,0.0421,118825.0,1.0083,118825.1,0.0002
1753769580709,06:13:00.709,phemex,BTC/USDT:USDT,118824.9,4.0629,118823.7,0.0421,118825.0,1.0083,118825.1,0.0002
1753769580783,06:13:00.783,phemex,BTC/USDT:USDT,118824.9,4.0629,118823.7,0.0421,118825.0,1.0083,118825.1,0.0002
1753769580889,06:13:00.889,phemex,BTC/USDT:USDT,118824.9,4.0629,118823.7,0.0421,118825.0,1.0083,118825.1,0.0002
1753769580964,06:13:00.964,phemex,BTC/USDT:USDT,118824.9,4.0629,118823.7,0.0421,118825.0,1.0083,118825.1,0.0002
1753769581390,06:13:01.390,phemex,BTC/USDT:USDT,118824.9,4.0629,118823.7,0.0421,118825.0,1.0083,118825.1,0.0002
1753769581406,06:13:01.406,phemex,BTC/USDT:USDT,118824.9,4.0629,118823.7,0.0421,118825.0,1.6043,118825.1,0.0002
1753769581429,06:13:01.429,phemex,BTC/USDT:USDT,118824.9,4.0629,118823.7,0.0421,118825.0,2.3093,118825.1,0.0002
1753769581443,06:13:01.443,phemex,BTC/USDT:USDT,118824.9,4.0629,118823.7,0.0421,118825.0,2.3093,118825.1,0.0002
1753769581467,06:13:01.467,phemex,BTC/USDT:USDT,118824.9,4.0629,118823.7,0.0421,118825.0,2.3093,118825.1,0.0002
1753769581469,06:13:01.469,phemex,BTC/USDT:USDT,118824.9,4.0629,118823.7,0.0421,118825.0,2.3093,118825.1,0.0002
1753769581510,06:13:01.510,phemex,BTC/USDT:USDT,118824.9,4.0619,118823.7,0.0421,118825.0,2.3093,118825.1,0.0002
1753769581561,06:13:01.561,phemex,BTC/USDT:USDT,118824.9,4.0619,118823.7,0.0421,118825.0,2.3093,118825.1,0.0002
1753769581599,06:13:01.599,phemex,BTC/USDT:USDT,118824.9,4.0619,118823.7,0.0421,118825.0,2.3093,118825.1,0.0002
1753769581627,06:13:01.627,phemex,BTC/USDT:USDT,118824.9,4.0619,118823.7,0.0421,118825.0,2.3093,118825.1,0.0002
1753769581722,06:13:01.722,phemex,BTC/USDT:USDT,118824.9,4.0518,118823.7,0.0421,118825.0,2.3093,118825.1,0.0002
1753769581737,06:13:01.737,phemex,BTC/USDT:USDT,118824.9,4.0518,118823.7,0.0421,118825.0,2.3093,118825.1,0.0002
1753769581774,06:13:01.774,phemex,BTC/USDT:USDT,118824.9,4.0518,118823.7,0.0421,118825.0,2.3093,118825.1,0.0002
1753769581792,06:13:01.792,phemex,BTC/USDT:USDT,118824.9,4.0518,118823.7,0.0421,118825.0,2.3094,118825.1,0.0002
1753769581812,06:13:01.812,phemex,BTC/USDT:USDT,118824.9,4.0518,118823.7,0.0421,118825.0,2.3094,118825.1,0.0002
1753769581833,06:13:01.833,phemex,BTC/USDT:USDT,118824.9,4.0518,118823.7,0.0421,118825.0,2.3094,118825.1,0.0003
1753769581852,06:13:01.852,phemex,BTC/USDT:USDT,118824.9,4.0518,118823.7,0.0421,118825.0,2.3094,118825.1,0.0003
1753769582071,06:13:02.071,phemex,BTC/USDT:USDT,118824.9,4.0619,118823.7,0.0421,118825.0,2.3094,118825.1,0.0003
1753769582420,06:13:02.420,phemex,BTC/USDT:USDT,118824.9,4.0619,118823.7,0.0421,118825.0,2.3084,118825.1,0.0003
1753769582504,06:13:02.504,phemex,BTC/USDT:USDT,118824.9,4.0619,118823.7,0.0421,118825.0,2.3084,118825.1,0.0003
1753769583113,06:13:03.113,phemex,BTC/USDT:USDT,118824.9,4.0619,118823.7,0.0421,118825.0,2.3114,118825.1,0.0003
1753769583320,06:13:03.320,phemex,BTC/USDT:USDT,118824.9,4.0619,118823.7,0.0421,118825.0,2.3114,118825.1,0.0003
1753769583497,06:13:03.497,phemex,BTC/USDT:USDT,118824.9,4.0619,118823.7,0.0421,118825.0,2.3114,118825.1,0.0003
1753769583845,06:13:03.845,phemex,BTC/USDT:USDT,118824.9,4.0619,118823.7,0.0421,118825.0,2.3114,118825.1,0.0003
1753769583954,06:13:03.954,phemex,BTC/USDT:USDT,118824.9,4.0587,118823.7,0.0421,118825.0,2.3114,118825.1,0.0003
1753769584003,06:13:04.003,phemex,BTC/USDT:USDT,118824.9,3.9108,118823.7,0.0421,118825.0,2.3114,118825.1,0.0003
1753769584346,06:13:04.346,phemex,BTC/USDT:USDT,118824.9,3.9108,118823.7,0.0421,118825.0,2.3114,118825.1,0.0003
1753769584717,06:13:04.717,phemex,BTC/USDT:USDT,118824.9,3.9108,118823.7,0.0421,118825.0,2.3114,118825.1,0.0003
1753769584953,06:13:04.953,phemex,BTC/USDT:USDT,118824.9,3.9108,118823.7,0.0421,118825.0,2.3114,118825.1,0.0003
1753769585051,06:13:05.051,phemex,BTC/USDT:USDT,118824.9,3.9108,118823.7,0.0421,118825.0,2.3114,118825.1,0.0003
1753769585067,06:13:05.067,phemex,BTC/USDT:USDT,118824.9,3.9108,118823.7,0.0421,118825.0,2.3114,118825.1,0.0003
1753769586750,06:13:06.750,phemex,BTC/USDT:USDT,118824.9,3.9108,118823.7,0.0421,118825.0,2.3114,118825.1,0.0003
1753769587813,06:13:07.813,phemex,BTC/USDT:USDT,118824.9,3.9108,118823.7,0.0421,118825.0,2.3114,118825.1,0.0003
1753769587967,06:13:07.967,phemex,BTC/USDT:USDT,118824.9,3.9108,118823.7,0.0421,118825.0,2.3114,118825.1,0.0003
1753769588056,06:13:08.056,phemex,BTC/USDT:USDT,118824.9,3.9108,118823.7,0.0421,118825.0,2.3114,118825.1,0.0003
1753769589001,06:13:09.001,phemex,BTC/USDT:USDT,118824.9,3.9108,118823.7,0.0421,118825.0,2.3114,118825.1,0.0003
1753769589099,06:13:09.099,phemex,BTC/USDT:USDT,118824.9,3.9108,118823.7,0.0421,118825.0,2.3114,118825.1,0.0003
1753769589251,06:13:09.251,phemex,BTC/USDT:USDT,118824.9,3.9108,118823.7,0.0421,118825.0,2.3114,118825.1,0.0003
1753769589936,06:13:09.936,phemex,BTC/USDT:USDT,118824.9,3.9108,118823.7,0.0421,118825.0,2.3114,118825.1,0.0003
1753769589952,06:13:09.952,phemex,BTC/USDT:USDT,118824.9,3.9108,118823.7,0.0421,118825.0,2.3114,118825.1,0.0003
1753769590556,06:13:10.556,phemex,BTC/USDT:USDT,118824.9,3.9108,118823.7,0.0421,118825.0,2.3114,118825.1,0.0003
1753769592363,06:13:12.363,phemex,BTC/USDT:USDT,118824.9,3.9108,118823.7,0.0421,118825.0,2.3114,118825.1,0.0003
1753769592534,06:13:12.534,phemex,BTC/USDT:USDT,118824.9,3.9108,118823.7,0.0421,118825.0,2.3114,118825.1,0.0003
1753769592960,06:13:12.960,phemex,BTC/USDT:USDT,118824.9,3.9108,118823.7,0.0421,118825.0,2.3114,118825.1,0.0003
1753769593014,06:13:13.014,phemex,BTC/USDT:USDT,118824.9,3.9108,118823.7,0.0421,118825.0,2.3114,118825.1,0.0003
1753769593265,06:13:13.265,phemex,BTC/USDT:USDT,118824.9,3.9108,118823.7,0.0421,118825.0,2.3114,118825.1,0.0003
1753769593350,06:13:13.350,phemex,BTC/USDT:USDT,118824.9,3.9108,118823.7,0.0421,118825.0,2.3114,118825.1,0.0003
1753769593474,06:13:13.474,phemex,BTC/USDT:USDT,118824.9,3.9023,118823.7,0.0421,118825.0,2.3114,118825.1,0.0003
1753769593494,06:13:13.494,phemex,BTC/USDT:USDT,118824.9,3.9023,118823.7,0.0421,118825.0,2.3199,118825.1,0.0003
1753769593512,06:13:13.512,phemex,BTC/USDT:USDT,118824.9,3.9023,118823.7,0.0421,118825.0,2.3199,118825.1,0.0003
1753769593532,06:13:13.532,phemex,BTC/USDT:USDT,118824.9,3.9023,118823.7,0.0421,118825.0,2.3199,118825.1,0.0003
1753769593575,06:13:13.575,phemex,BTC/USDT:USDT,118824.9,3.6487,118823.7,0.0421,118825.0,2.3199,118825.1,0.0003
1753769593696,06:13:13.696,phemex,BTC/USDT:USDT,118824.9,3.9013,118823.9,0.0085,118825.0,2.3199,118825.1,0.0003
1753769594220,06:13:14.220,phemex,BTC/USDT:USDT,118824.9,3.9013,118823.9,0.0085,118825.0,2.3114,118825.1,0.0003
1753769594551,06:13:14.551,phemex,BTC/USDT:USDT,118824.9,3.9013,118823.9,0.0085,118825.0,2.3114,118825.1,0.0003
1753769594698,06:13:14.698,phemex,BTC/USDT:USDT,118824.9,3.9013,118823.7,0.0421,118825.0,2.3114,118825.1,0.0003
1753769594880,06:13:14.880,phemex,BTC/USDT:USDT,118824.9,3.9013,118824.2,0.0085,118825.0,2.3114,118825.1,0.0003
1753769594899,06:13:14.899,phemex,BTC/USDT:USDT,118824.9,3.9013,118823.7,0.0421,118825.0,2.3114,118825.1,0.0003
1753769594938,06:13:14.938,phemex,BTC/USDT:USDT,118824.9,3.9013,118824.3,0.0085,118825.0,2.3114,118825.1,0.0003
1753769595015,06:13:15.015,phemex,BTC/USDT:USDT,118824.9,3.9013,118823.7,0.0421,118825.0,2.3114,118825.1,0.0003
1753769595066,06:13:15.066,phemex,BTC/USDT:USDT,118824.9,3.9013,118824.2,0.0085,118825.0,2.3114,118825.1,0.0003
1753769595550,06:13:15.550,phemex,BTC/USDT:USDT,118824.9,3.9013,118823.9,0.0085,118825.0,2.3114,118825.1,0.0003
1753769597548,06:13:17.548,phemex,BTC/USDT:USDT,118824.9,3.9013,118823.9,0.0085,118825.0,2.3114,118825.1,0.0003
1753769598099,06:13:18.099,phemex,BTC/USDT:USDT,118824.9,3.9013,118823.9,0.0085,118825.0,2.3114,118825.1,0.0003
1753769598183,06:13:18.183,phemex,BTC/USDT:USDT,118824.9,3.9013,118823.9,0.0085,118825.0,2.3114,118825.1,0.0003
1753769598183,06:13:18.183,phemex,BTC/USDT:USDT,118824.9,3.9013,118823.9,0.0085,118825.0,2.3114,118825.1,0.0003
1753769598329,06:13:18.329,phemex,BTC/USDT:USDT,118824.9,3.9013,118823.9,0.0085,118825.0,2.3114,118825.1,0.0003
1753769599836,06:13:19.836,phemex,BTC/USDT:USDT,118824.9,3.6487,118823.9,0.0085,118825.0,2.3114,118825.1,0.0003
1753769599939,06:13:19.939,phemex,BTC/USDT:USDT,118824.9,3.6487,118823.9,0.0085,118825.0,2.3114,118825.1,0.0003
1753769600037,06:13:20.037,phemex,BTC/USDT:USDT,118824.9,3.6487,118823.9,0.0085,118825.0,2.3114,118825.1,0.0003
1753769600158,06:13:20.158,phemex,BTC/USDT:USDT,118824.9,3.6487,118823.9,0.0085,118825.0,2.3114,118825.1,0.0003
1753769600227,06:13:20.227,phemex,BTC/USDT:USDT,118824.9,3.6487,118823.9,0.0085,118825.0,2.3114,118825.1,0.0003
1753769600567,06:13:20.567,phemex,BTC/USDT:USDT,118824.9,3.6487,118823.9,0.0085,118825.0,2.3104,118825.1,0.0003
1753769600695,06:13:20.695,phemex,BTC/USDT:USDT,118824.9,3.6487,118823.9,0.0085,118825.0,2.4576,118825.1,0.0003
1753769600706,06:13:20.706,phemex,BTC/USDT:USDT,118824.9,3.6487,118823.7,0.0421,118825.0,2.4576,118825.1,0.0003
1753769600767,06:13:20.767,phemex,BTC/USDT:USDT,118824.9,3.6487,118823.9,0.0085,118825.0,2.4576,118825.1,0.0003
1753769601294,06:13:21.294,phemex,BTC/USDT:USDT,118824.9,3.9013,118823.9,0.0085,118825.0,2.4576,118825.1,0.0003
1753769601319,06:13:21.319,phemex,BTC/USDT:USDT,118824.9,3.9013,118823.9,0.0085,118825.0,2.3104,118825.1,0.0003
1753769601544,06:13:21.544,phemex,BTC/USDT:USDT,118824.9,3.9013,118823.9,0.0085,118825.0,2.3104,118825.1,0.0088
1753769601879,06:13:21.879,phemex,BTC/USDT:USDT,118824.9,3.9013,118823.9,0.0085,118825.0,2.3104,118825.1,0.0003
1753769602020,06:13:22.020,phemex,BTC/USDT:USDT,118824.9,3.9013,118823.9,0.0085,118825.0,2.3189,118825.1,0.0003
1753769602085,06:13:22.085,phemex,BTC/USDT:USDT,118824.9,3.6487,118823.9,0.0085,118825.0,2.4661,118825.1,0.0003
1753769602366,06:13:22.366,phemex,BTC/USDT:USDT,118824.9,3.6487,118823.9,0.0085,118825.0,2.4576,118825.1,0.0003
1753769602939,06:13:22.939,phemex,BTC/USDT:USDT,118824.9,3.6487,118823.9,0.0085,118825.0,2.4576,118825.1,0.0003
1753769603049,06:13:23.049,phemex,BTC/USDT:USDT,118824.9,3.6487,118823.9,0.0085,118825.0,2.4661,118825.1,0.0003
1753769603165,06:13:23.165,phemex,BTC/USDT:USDT,118824.9,3.6487,118823.9,0.0085,118825.0,2.3189,118825.1,0.0003
1753769603186,06:13:23.186,phemex,BTC/USDT:USDT,118824.9,3.9013,118823.9,0.0085,118825.0,2.3104,118825.1,0.0003
1753769603889,06:13:23.889,phemex,BTC/USDT:USDT,118824.9,3.9013,118823.9,0.0085,118825.0,2.3104,118825.1,0.0003
1753769604621,06:13:24.621,phemex,BTC/USDT:USDT,118824.9,3.9013,118823.9,0.0085,118825.0,2.3104,118825.1,0.0003
1753769604855,06:13:24.855,phemex,BTC/USDT:USDT,118824.9,3.9013,118823.9,0.0085,118825.0,2.3104,118825.1,0.0003
1753769604897,06:13:24.897,phemex,BTC/USDT:USDT,118824.9,3.9013,118823.9,0.0085,118825.0,2.3104,118825.1,0.0003
1753769605034,06:13:25.034,phemex,BTC/USDT:USDT,118824.9,3.9013,118823.9,0.0085,118825.0,2.3104,118825.1,0.0003
1753769605236,06:13:25.236,phemex,BTC/USDT:USDT,118824.9,3.9013,118823.9,0.0085,118825.0,2.4576,118825.1,0.0003
1753769605338,06:13:25.338,phemex,BTC/USDT:USDT,118824.9,3.9013,118823.9,0.0085,118825.0,2.4576,118825.1,0.0003
1753769605625,06:13:25.625,phemex,BTC/USDT:USDT,118824.9,3.9013,118823.9,0.0085,118825.0,2.4566,118825.1,0.0003
1753769605739,06:13:25.739,phemex,BTC/USDT:USDT,118824.9,3.9013,118823.9,0.0085,118825.0,2.4566,118825.1,0.0003
1753769606123,06:13:26.123,phemex,BTC/USDT:USDT,118824.9,3.9013,118823.9,0.0085,118825.0,2.3094,118825.1,0.0003
1753769606174,06:13:26.174,phemex,BTC/USDT:USDT,118824.9,3.9013,118823.9,0.0085,118825.0,2.3094,118825.1,0.0003
1753769606377,06:13:26.377,phemex,BTC/USDT:USDT,118824.9,3.9013,118823.9,0.0085,118825.0,2.3094,118825.1,0.0003
1753769606403,06:13:26.403,phemex,BTC/USDT:USDT,118824.9,3.9013,118823.9,0.0085,118825.0,2.3094,118825.1,0.0003
1753769606881,06:13:26.881,phemex,BTC/USDT:USDT,118824.9,3.9013,118823.9,0.0085,118825.0,2.3094,118825.1,0.0003
1753769606971,06:13:26.971,phemex,BTC/USDT:USDT,118824.9,3.9013,118823.9,0.0085,118825.0,2.3094,118825.1,0.0003
1753769607044,06:13:27.044,phemex,BTC/USDT:USDT,118824.9,3.9013,118823.9,0.0085,118825.0,2.3094,118825.1,0.0003
1753769607211,06:13:27.211,phemex,BTC/USDT:USDT,118824.9,3.9013,118823.9,0.0085,118825.0,2.3094,118825.1,0.0003
1753769607330,06:13:27.330,phemex,BTC/USDT:USDT,118824.9,3.9013,118823.9,0.0085,118825.0,2.3094,118825.1,0.0003
1753769607691,06:13:27.691,phemex,BTC/USDT:USDT,118824.9,3.9013,118823.9,0.0085,118825.0,2.3094,118825.1,0.0003
1753769607918,06:13:27.918,phemex,BTC/USDT:USDT,118824.9,3.9013,118823.9,0.0085,118825.0,2.3094,118825.1,0.0003
1753769608404,06:13:28.404,phemex,BTC/USDT:USDT,118824.9,3.9013,118823.9,0.0085,118825.0,2.3094,118825.1,0.0003
1753769608497,06:13:28.497,phemex,BTC/USDT:USDT,118824.9,3.9013,118824.8,0.0001,118825.0,2.3094,118825.1,0.0003
1753769608515,06:13:28.515,phemex,BTC/USDT:USDT,118824.9,3.9014,118824.8,0.0001,118825.0,2.3094,118825.1,0.0003
1753769608558,06:13:28.558,phemex,BTC/USDT:USDT,118824.9,3.9014,118824.8,0.0001,118825.0,2.3094,118825.1,0.0003
1753769609234,06:13:29.234,phemex,BTC/USDT:USDT,118824.9,3.9014,118824.8,0.0001,118825.0,2.4566,118825.1,0.0003
1753769609610,06:13:29.610,phemex,BTC/USDT:USDT,118824.9,3.9004,118824.8,0.0001,118825.0,2.4566,118825.1,0.0003
1753769609934,06:13:29.934,phemex,BTC/USDT:USDT,118824.9,3.9004,118824.8,0.0001,118825.0,2.4566,118825.1,0.0003
1753769610003,06:13:30.003,phemex,BTC/USDT:USDT,118824.9,3.9004,118824.8,0.0001,118825.0,2.4566,118825.1,0.0003
1753769610074,06:13:30.074,phemex,BTC/USDT:USDT,118824.9,3.9004,118824.8,0.0001,118825.0,2.4566,118825.1,0.0003
1753769610209,06:13:30.209,phemex,BTC/USDT:USDT,118824.9,3.9004,118824.8,0.0001,118825.0,2.4566,118825.1,0.0003
1753769610618,06:13:30.618,phemex,BTC/USDT:USDT,118824.9,3.9004,118824.8,0.0001,118825.0,2.3094,118825.1,0.0003
1753769610687,06:13:30.687,phemex,BTC/USDT:USDT,118824.9,3.9004,118824.8,0.0001,118825.0,2.3094,118825.1,0.0003
1753769611531,06:13:31.531,phemex,BTC/USDT:USDT,118824.9,3.9004,118824.8,0.0001,118825.0,2.3094,118825.1,0.0003
1753769611577,06:13:31.577,phemex,BTC/USDT:USDT,118824.9,3.9004,118824.8,0.0001,118825.0,2.3094,118825.1,0.0003
1753769612410,06:13:32.410,phemex,BTC/USDT:USDT,118824.9,3.9004,118824.8,0.0001,118825.0,2.3094,118825.1,0.0003
1753769612823,06:13:32.823,phemex,BTC/USDT:USDT,118824.9,3.9004,118824.8,0.0001,118825.0,2.3094,118825.1,0.0003
1753769613404,06:13:33.404,phemex,BTC/USDT:USDT,118824.9,3.9004,118824.8,0.0001,118825.0,2.3094,118825.1,0.0003
1753769613641,06:13:33.641,phemex,BTC/USDT:USDT,118824.9,3.9004,118824.8,0.0001,118825.0,2.3094,118825.1,0.0003
1753769613866,06:13:33.866,phemex,BTC/USDT:USDT,118824.9,3.9004,118824.8,0.0001,118825.0,2.3094,118825.1,0.0003
1753769613876,06:13:33.876,phemex,BTC/USDT:USDT,118824.9,3.9004,118824.8,0.0001,118825.0,2.3094,118825.1,0.0003
1753769614767,06:13:34.767,phemex,BTC/USDT:USDT,118824.9,0.4462,118824.8,0.0001,118825.0,3.4202,118825.1,0.0003
1753769614855,06:13:34.855,phemex,BTC/USDT:USDT,118824.9,0.4462,118824.8,0.0001,118825.0,3.4244,118825.1,0.0003
1753769615484,06:13:35.484,phemex,BTC/USDT:USDT,118824.9,0.4462,118824.8,0.0001,118825.0,3.4244,118825.1,0.0003
1753769616079,06:13:36.079,phemex,BTC/USDT:USDT,118824.9,0.4462,118824.8,0.0001,118825.0,3.4244,118825.1,0.0003
1753769616167,06:13:36.167,phemex,BTC/USDT:USDT,118824.9,0.4462,118824.8,0.0086,118825.0,3.4244,118825.1,0.0003
1753769617269,06:13:37.269,phemex,BTC/USDT:USDT,118824.9,0.4462,118824.8,0.0001,118825.0,3.4244,118825.1,0.0003
1753769617273,06:13:37.273,phemex,BTC/USDT:USDT,118824.9,0.4547,118824.8,0.0001,118825.0,3.4244,118825.1,0.0003
1753769617703,06:13:37.703,phemex,BTC/USDT:USDT,118824.9,0.4462,118824.8,0.0001,118825.0,3.4244,118825.1,0.0003
1753769617901,06:13:37.901,phemex,BTC/USDT:USDT,118824.9,0.4462,118824.8,0.0001,118825.0,3.4244,118825.1,0.0003
1753769618329,06:13:38.329,phemex,BTC/USDT:USDT,118824.9,0.4462,118824.8,0.0001,118825.0,3.8164,118825.1,0.0003
1753769618674,06:13:38.674,phemex,BTC/USDT:USDT,118824.9,0.4452,118824.8,0.0001,118825.0,3.8164,118825.1,0.0003
1753769618992,06:13:38.992,phemex,BTC/USDT:USDT,118824.9,0.4452,118824.8,0.0001,118825.0,3.8163,118825.1,0.0003
1753769619027,06:13:39.027,phemex,BTC/USDT:USDT,118824.9,0.4452,118824.8,0.0001,118825.0,3.8162,118825.1,0.0003
1753769619130,06:13:39.130,phemex,BTC/USDT:USDT,118824.9,0.4452,118824.8,0.0001,118825.0,3.8162,118825.1,0.0003
1753769619195,06:13:39.195,phemex,BTC/USDT:USDT,118824.9,0.4452,118824.8,0.0001,118825.0,3.8162,118825.1,0.0003
1753769619264,06:13:39.264,phemex,BTC/USDT:USDT,118824.9,0.4537,118824.8,0.0001,118825.0,3.8162,118825.1,0.0003
1753769619304,06:13:39.304,phemex,BTC/USDT:USDT,118824.9,0.4537,118824.8,0.0001,118825.0,3.8162,118825.1,0.0003
1753769619979,06:13:39.979,phemex,BTC/USDT:USDT,118824.9,0.4537,118824.8,0.0001,118825.0,3.812,118825.1,0.0003
1753769620051,06:13:40.051,phemex,BTC/USDT:USDT,118824.9,0.4537,118824.8,0.0001,118825.0,3.8162,118825.1,0.0003
1753769620066,06:13:40.066,phemex,BTC/USDT:USDT,118824.9,0.4537,118824.8,0.0001,118825.0,3.8137,118825.1,0.0003
1753769620095,06:13:40.095,phemex,BTC/USDT:USDT,118824.9,0.4537,118824.8,0.0001,118825.0,3.8095,118825.1,0.0003
1753769620095,06:13:40.095,phemex,BTC/USDT:USDT,118824.9,0.4537,118824.8,0.0001,118825.0,3.8095,118825.1,0.0003
1753769620120,06:13:40.120,phemex,BTC/USDT:USDT,118824.9,0.4537,118824.8,0.0001,118825.0,3.8095,118825.1,0.0003
1753769620196,06:13:40.196,phemex,BTC/USDT:USDT,118824.9,0.4537,118824.8,0.0001,118825.0,3.8095,118825.1,0.0003
1753769620268,06:13:40.268,phemex,BTC/USDT:USDT,118824.9,0.4537,118824.8,0.0001,118825.0,3.8095,118825.1,0.0003
1753769620581,06:13:40.581,phemex,BTC/USDT:USDT,118824.9,0.4537,118824.8,0.0001,118825.0,3.8095,118825.1,0.0003
1753769620784,06:13:40.784,phemex,BTC/USDT:USDT,118824.9,0.4537,118824.8,0.0001,118825.0,3.8085,118825.1,0.0003
1753769620846,06:13:40.846,phemex,BTC/USDT:USDT,118824.9,0.4537,118824.8,0.0001,118825.0,3.8085,118825.1,0.0003
1753769620948,06:13:40.948,phemex,BTC/USDT:USDT,118824.9,0.4537,118824.8,0.0001,118825.0,3.8072,118825.1,0.0003
1753769620972,06:13:40.972,phemex,BTC/USDT:USDT,118824.9,0.4537,118824.8,0.0001,118825.0,3.7802,118825.1,0.0003
1753769621026,06:13:41.026,phemex,BTC/USDT:USDT,118824.9,0.4537,118824.8,0.0001,118825.0,3.7692,118825.1,0.0003
1753769621031,06:13:41.031,phemex,BTC/USDT:USDT,118824.9,0.4537,118824.8,0.0001,118825.0,3.7612,118825.1,0.0003
1753769621395,06:13:41.395,phemex,BTC/USDT:USDT,118824.9,0.4537,118824.8,0.0001,118825.0,3.7312,118825.1,0.0003
1753769621444,06:13:41.444,phemex,BTC/USDT:USDT,118824.9,0.4537,118824.8,0.0001,118825.0,3.7312,118825.1,0.0003
1753769621739,06:13:41.739,phemex,BTC/USDT:USDT,118824.9,0.4537,118824.8,0.0001,118825.0,3.8062,118825.1,0.0003
1753769621760,06:13:41.760,phemex,BTC/USDT:USDT,118824.9,0.4537,118824.8,0.0001,118825.0,3.8062,118825.1,0.0003
1753769621981,06:13:41.981,phemex,BTC/USDT:USDT,118824.9,0.4772,118824.8,0.0001,118825.0,3.8062,118825.1,0.0003
1753769622039,06:13:42.039,phemex,BTC/USDT:USDT,118824.9,0.4772,118824.8,0.0001,118825.0,3.8028,118825.1,0.0003
1753769622110,06:13:42.110,phemex,BTC/USDT:USDT,118824.9,0.4772,118824.8,0.0001,118825.0,3.8028,118825.1,0.0003
1753769622391,06:13:42.391,phemex,BTC/USDT:USDT,118824.9,0.4772,118824.8,0.0001,118825.0,3.8028,118825.1,0.0003
1753769622528,06:13:42.528,phemex,BTC/USDT:USDT,118824.9,0.4772,118824.8,0.0001,118825.0,3.807,118825.1,0.0003
1753769622683,06:13:42.683,phemex,BTC/USDT:USDT,118824.9,0.4762,118824.8,0.0001,118825.0,3.8028,118825.1,0.0003
1753769622732,06:13:42.732,phemex,BTC/USDT:USDT,118824.9,0.4762,118824.8,0.0001,118825.0,3.8028,118825.1,0.0003
1753769622938,06:13:42.938,phemex,BTC/USDT:USDT,118824.9,0.4762,118824.8,0.0001,118825.0,3.8028,118825.1,0.0003
1753769623026,06:13:43.026,phemex,BTC/USDT:USDT,118824.9,0.4762,118824.8,0.0001,118825.0,3.8028,118825.1,0.0003
1753769623163,06:13:43.163,phemex,BTC/USDT:USDT,118824.9,0.4762,118824.8,0.0001,118825.0,3.8028,118825.1,0.0003
1753769623707,06:13:43.707,phemex,BTC/USDT:USDT,118824.9,0.4762,118824.8,0.0001,118825.0,3.8028,118825.1,0.0003
1753769624665,06:13:44.665,phemex,BTC/USDT:USDT,118824.9,0.4762,118824.8,0.0001,118825.0,3.8028,118825.1,0.0003
1753769624726,06:13:44.726,phemex,BTC/USDT:USDT,118824.9,0.4762,118824.8,0.0001,118825.0,3.8028,118825.1,0.0003
1753769625416,06:13:45.416,phemex,BTC/USDT:USDT,118824.9,0.4762,118824.8,0.0001,118825.0,3.8028,118825.1,0.0003
1753769625436,06:13:45.436,phemex,BTC/USDT:USDT,118824.9,0.4762,118824.8,0.0001,118825.0,3.8028,118825.1,0.0003
1753769625504,06:13:45.504,phemex,BTC/USDT:USDT,118824.9,0.4762,118824.8,0.0001,118825.0,3.6554,118825.1,0.0003
1753769626253,06:13:46.253,phemex,BTC/USDT:USDT,118824.9,0.4762,118824.8,0.0001,118825.0,3.6554,118825.1,0.0003
1753769626279,06:13:46.279,phemex,BTC/USDT:USDT,118824.9,0.4762,118824.8,0.0001,118825.0,3.6554,118825.1,0.0003
1753769626292,06:13:46.292,phemex,BTC/USDT:USDT,118824.9,0.4762,118824.8,0.0001,118825.0,3.6554,118825.1,0.0003
1753769626601,06:13:46.601,phemex,BTC/USDT:USDT,118824.9,0.4762,118824.8,0.0001,118825.0,3.6579,118825.1,0.0003
1753769626705,06:13:46.705,phemex,BTC/USDT:USDT,118824.9,0.4752,118824.8,0.0001,118825.0,3.6579,118825.1,0.0003
1753769626783,06:13:46.783,phemex,BTC/USDT:USDT,118824.9,0.4752,118824.8,0.0001,118825.0,3.6579,118825.1,0.0003
1753769626899,06:13:46.899,phemex,BTC/USDT:USDT,118824.9,0.4752,118824.8,0.0001,118825.0,3.6554,118825.1,0.0003
1753769626952,06:13:46.952,phemex,BTC/USDT:USDT,118824.9,0.4752,118824.8,0.0001,118825.0,3.6554,118825.1,0.0003
1753769627113,06:13:47.113,phemex,BTC/USDT:USDT,118824.9,0.4752,118824.8,0.0001,118825.0,3.6554,118825.1,0.0003
1753769627175,06:13:47.175,phemex,BTC/USDT:USDT,118824.9,0.4752,118824.8,0.0001,118825.0,3.6554,118825.1,0.0003
1753769627194,06:13:47.194,phemex,BTC/USDT:USDT,118824.9,0.4752,118824.8,0.0001,118825.0,3.6554,118825.1,0.0003
1753769627426,06:13:47.426,phemex,BTC/USDT:USDT,118824.9,0.4752,118824.8,0.0001,118825.0,3.6554,118825.1,0.0003
1753769627477,06:13:47.477,phemex,BTC/USDT:USDT,118824.9,0.4752,118824.8,0.0001,118825.0,3.593,118825.1,0.0003
1753769627750,06:13:47.750,phemex,BTC/USDT:USDT,118824.9,0.4752,118824.8,0.0001,118825.0,3.593,118825.1,0.0003
1753769627790,06:13:47.790,phemex,BTC/USDT:USDT,118824.9,0.4752,118824.8,0.0001,118825.0,3.593,118825.1,0.0003
1753769627918,06:13:47.918,phemex,BTC/USDT:USDT,118824.9,0.4752,118824.8,0.0001,118825.0,3.593,118825.1,0.0003
1753769627957,06:13:47.957,phemex,BTC/USDT:USDT,118824.9,0.4752,118824.8,0.0001,118825.0,3.593,118825.1,0.0003
1753769627962,06:13:47.962,phemex,BTC/USDT:USDT,118824.9,0.4752,118824.8,0.0001,118825.0,3.593,118825.1,0.0003
1753769628120,06:13:48.120,phemex,BTC/USDT:USDT,118824.9,0.4752,118824.8,0.0001,118825.0,3.593,118825.1,0.0003
1753769628142,06:13:48.142,phemex,BTC/USDT:USDT,118824.9,0.4752,118824.8,0.0001,118825.0,3.593,118825.1,0.0003
1753769628237,06:13:48.237,phemex,BTC/USDT:USDT,118824.9,0.4752,118824.8,0.0001,118825.0,3.593,118825.1,0.0003
1753769628275,06:13:48.275,phemex,BTC/USDT:USDT,118824.9,0.4752,118824.8,0.0001,118825.0,3.593,118825.1,0.0003
1753769628841,06:13:48.841,phemex,BTC/USDT:USDT,118824.9,0.4752,118824.8,0.0001,118825.0,3.593,118825.1,0.0003
1753769629140,06:13:49.140,phemex,BTC/USDT:USDT,118824.9,0.4752,118824.8,0.0001,118825.0,3.5955,118825.1,0.0003
1753769629637,06:13:49.637,phemex,BTC/USDT:USDT,118824.9,0.4752,118824.8,0.0001,118825.0,3.593,118825.1,0.0003
1753769629697,06:13:49.697,phemex,BTC/USDT:USDT,118824.9,0.4752,118824.8,0.0001,118825.0,3.593,118825.1,0.0003
1753769629852,06:13:49.852,phemex,BTC/USDT:USDT,118824.9,0.4752,118824.8,0.0001,118825.0,3.593,118825.1,0.0003
1753769630294,06:13:50.294,phemex,BTC/USDT:USDT,118824.9,0.4752,118824.8,0.0001,118825.0,3.593,118825.1,0.0003
1753769630332,06:13:50.332,phemex,BTC/USDT:USDT,118824.9,0.4752,118824.8,0.0001,118825.0,3.593,118825.1,0.0003
1753769630339,06:13:50.339,phemex,BTC/USDT:USDT,118824.9,0.4752,118824.8,0.0001,118825.0,3.593,118825.1,0.0003
1753769630390,06:13:50.390,phemex,BTC/USDT:USDT,118824.9,0.4752,118824.8,0.0001,118825.0,3.593,118825.1,0.0003
1753769630713,06:13:50.713,phemex,BTC/USDT:USDT,118824.9,0.4667,118824.8,0.0001,118825.0,3.593,118825.1,0.0003
1753769631087,06:13:51.087,phemex,BTC/USDT:USDT,118824.9,0.4667,118824.8,0.0001,118825.0,3.593,118825.1,0.0003
1753769631256,06:13:51.256,phemex,BTC/USDT:USDT,118824.9,0.4667,118824.8,0.0001,118825.0,3.593,118825.1,0.0003
1753769631530,06:13:51.530,phemex,BTC/USDT:USDT,118824.9,0.4667,118824.8,0.0001,118825.0,3.593,118825.1,0.0088
1753769631738,06:13:51.738,phemex,BTC/USDT:USDT,118824.9,0.4667,118824.8,0.0001,118825.0,3.603,118825.1,0.0003
1753769631993,06:13:51.993,phemex,BTC/USDT:USDT,118824.9,0.4667,118824.8,0.0001,118825.0,3.5945,118825.1,0.0003
1753769632043,06:13:52.043,phemex,BTC/USDT:USDT,118824.9,0.4667,118824.8,0.0001,118825.0,3.5945,118825.1,0.0003
1753769632420,06:13:52.420,phemex,BTC/USDT:USDT,118824.9,0.4667,118824.8,0.0001,118825.0,3.5945,118825.1,0.0003
1753769632457,06:13:52.457,phemex,BTC/USDT:USDT,118824.9,0.4667,118824.8,0.0001,118825.0,3.5945,118825.1,0.0003
1753769632515,06:13:52.515,phemex,BTC/USDT:USDT,118824.9,0.4667,118824.8,0.0001,118825.0,3.5945,118825.1,0.0003
1753769632543,06:13:52.543,phemex,BTC/USDT:USDT,118824.9,0.4667,118824.8,0.0001,118825.0,3.5987,118825.1,0.0003
1753769632864,06:13:52.864,phemex,BTC/USDT:USDT,118824.9,0.4667,118824.8,0.0001,118825.0,3.5945,118825.1,0.0003
1753769633020,06:13:53.020,phemex,BTC/USDT:USDT,118824.9,0.4667,118824.8,0.0001,118825.0,3.5945,118825.1,0.0003
1753769633354,06:13:53.354,phemex,BTC/USDT:USDT,118824.9,0.4667,118824.8,0.0001,118825.0,3.5945,118825.1,0.0003
1753769633409,06:13:53.409,phemex,BTC/USDT:USDT,118824.9,0.4667,118824.8,0.0001,118825.0,3.5945,118825.1,0.0003
1753769633536,06:13:53.536,phemex,BTC/USDT:USDT,118824.9,0.4667,118824.8,0.0001,118825.0,3.5945,118825.1,0.0003
1753769633633,06:13:53.633,phemex,BTC/USDT:USDT,118824.9,0.4667,118824.8,0.0001,118825.0,3.592,118825.1,0.0003
1753769633731,06:13:53.731,phemex,BTC/USDT:USDT,118824.9,0.4667,118824.8,0.0001,118825.0,3.6005,118825.1,0.0003
1753769633823,06:13:53.823,phemex,BTC/USDT:USDT,118824.9,0.4667,118824.8,0.0001,118825.0,3.6005,118825.1,0.0003
1753769633971,06:13:53.971,phemex,BTC/USDT:USDT,118824.9,0.4667,118824.8,0.0001,118825.0,3.592,118825.1,0.0003
1753769634094,06:13:54.094,phemex,BTC/USDT:USDT,118824.9,0.4667,118824.8,0.0001,118825.0,3.592,118825.1,0.0003
1753769634231,06:13:54.231,phemex,BTC/USDT:USDT,118824.9,0.4667,118824.8,0.0001,118825.0,3.592,118825.1,0.0003
1753769634450,06:13:54.450,phemex,BTC/USDT:USDT,118824.9,0.4667,118824.8,0.0001,118825.0,3.592,118825.1,0.0003
1753769634502,06:13:54.502,phemex,BTC/USDT:USDT,118824.9,0.4667,118824.8,0.0001,118825.0,3.592,118825.1,0.0003
1753769634699,06:13:54.699,phemex,BTC/USDT:USDT,118824.9,0.4667,118824.8,0.0001,118825.0,3.592,118825.1,0.0003
1753769635034,06:13:55.034,phemex,BTC/USDT:USDT,118824.9,0.4667,118824.8,0.0001,118825.0,3.592,118825.1,0.0003
1753769635036,06:13:55.036,phemex,BTC/USDT:USDT,118824.9,0.4667,118824.8,0.0001,118825.0,3.592,118825.1,0.0003
1753769635137,06:13:55.137,phemex,BTC/USDT:USDT,118824.9,0.4667,118824.8,0.0001,118825.0,3.592,118825.1,0.0003
1753769635288,06:13:55.288,phemex,BTC/USDT:USDT,118824.9,0.4667,118824.8,0.0001,118825.0,3.592,118825.1,0.0003
1753769635766,06:13:55.766,phemex,BTC/USDT:USDT,118824.9,0.4667,118824.8,0.0001,118825.0,3.5945,118825.1,0.0003
1753769636290,06:13:56.290,phemex,BTC/USDT:USDT,118824.9,1.1503,118824.8,0.0001,118825.0,3.4834,118825.1,0.0003
1753769636330,06:13:56.330,phemex,BTC/USDT:USDT,118824.9,1.8865,118824.8,0.0001,118825.0,3.4834,118825.1,0.0003
1753769636349,06:13:56.349,phemex,BTC/USDT:USDT,118824.9,1.8995,118824.8,0.0001,118825.0,2.8964,118825.1,0.0003
1753769636367,06:13:56.367,phemex,BTC/USDT:USDT,118824.9,2.0795,118824.8,0.0001,118825.0,2.8964,118825.1,0.0003
1753769636430,06:13:56.430,phemex,BTC/USDT:USDT,118824.9,2.5305,118824.8,0.0001,118825.0,2.8917,118825.1,0.0003
1753769636793,06:13:56.793,phemex,BTC/USDT:USDT,118824.9,2.506,118824.8,0.0236,118825.0,2.8917,118825.1,0.0003
1753769636974,06:13:56.974,phemex,BTC/USDT:USDT,118824.9,2.506,118824.8,0.0236,118825.0,2.9354,118825.1,0.0003
1753769637262,06:13:57.262,phemex,BTC/USDT:USDT,118824.9,2.7586,118824.8,0.0236,118825.0,2.9354,118825.1,0.0003
1753769638074,06:13:58.074,phemex,BTC/USDT:USDT,118824.9,2.7586,118824.8,0.0236,118825.0,2.9354,118825.1,0.0003
1753769638667,06:13:58.667,phemex,BTC/USDT:USDT,118824.9,2.7586,118824.8,0.0236,118825.0,2.986,118825.1,0.0003
1753769639246,06:13:59.246,phemex,BTC/USDT:USDT,118824.9,2.4218,118824.8,0.0236,118825.0,2.986,118825.1,0.0003
1753769640793,06:14:00.793,phemex,BTC/USDT:USDT,118824.9,2.4218,118824.8,0.0001,118825.0,2.9625,118825.1,0.0003
1753769641073,06:14:01.073,phemex,BTC/USDT:USDT,118824.9,2.7586,118824.8,0.0001,118825.0,2.9625,118825.1,0.0003
1753769641299,06:14:01.299,phemex,BTC/USDT:USDT,118824.9,2.7586,118824.8,0.0001,118825.0,2.9625,118825.1,0.0003
1753769641678,06:14:01.678,phemex,BTC/USDT:USDT,118824.9,2.7586,118824.8,0.0001,118825.0,2.9385,118825.1,0.0003
1753769641779,06:14:01.779,phemex,BTC/USDT:USDT,118824.9,2.7576,118824.8,0.0001,118825.0,2.9385,118825.1,0.0003
1753769642098,06:14:02.098,phemex,BTC/USDT:USDT,118824.9,2.4208,118824.8,0.0001,118825.0,2.9385,118825.1,0.0003
1753769642408,06:14:02.408,phemex,BTC/USDT:USDT,118824.9,2.4208,118824.8,0.0001,118825.0,2.9165,118825.1,0.0003
1753769642469,06:14:02.469,phemex,BTC/USDT:USDT,118824.9,2.4208,118824.8,0.0001,118825.0,2.8895,118825.1,0.0003
1753769642568,06:14:02.568,phemex,BTC/USDT:USDT,118824.9,2.4208,118824.8,0.0001,118825.0,2.8815,118825.1,0.0003
1753769642601,06:14:02.601,phemex,BTC/USDT:USDT,118824.9,2.4892,118824.8,0.0001,118825.0,2.8815,118825.1,0.0003
1753769643738,06:14:03.738,phemex,BTC/USDT:USDT,118824.9,2.4892,118824.8,0.0001,118825.0,2.8815,118825.1,0.0003
1753769649093,06:14:09.093,phemex,BTC/USDT:USDT,118824.9,2.0682,118824.8,0.0001,118825.0,2.8815,118825.1,0.0003
1753769649806,06:14:09.806,phemex,BTC/USDT:USDT,118824.9,2.0672,118824.8,0.0001,118825.0,2.8815,118825.1,0.0003
1753769652261,06:14:12.261,phemex,BTC/USDT:USDT,118824.9,2.0672,118824.8,0.0001,118825.0,2.8815,118825.1,0.0003
1753769652388,06:14:12.388,phemex,BTC/USDT:USDT,118824.9,2.0672,118824.8,0.0001,118825.0,2.8515,118825.1,0.0003
1753769652762,06:14:12.762,phemex,BTC/USDT:USDT,118824.9,2.0672,118824.8,0.0001,118825.0,2.8095,118825.1,0.0003
1753769655379,06:14:15.379,phemex,BTC/USDT:USDT,118824.9,2.0672,118824.8,0.0001,118825.0,2.8095,118825.1,0.0003
