timestamp,time,exchange,symbol,bid1_price,bid1_volume,bid2_price,bid2_volume,ask1_price,ask1_volume,ask2_price,ask2_volume
1753769562427,06:12:42.427,xt,XRP/USDT:USDT,3.1416,530.0,3.1413,235.0,3.1427,225.0,3.143,379.0
1753769562325,06:12:42.325,xt,XRP/USDT:USDT,3.1416,477.0,3.1414,9.0,3.1427,152.0,3.1429,248.0
1753769562477,06:12:42.477,xt,XRP/USDT:USDT,3.1416,477.0,3.1414,78.0,3.1427,152.0,3.1429,248.0
1753769562628,06:12:42.628,xt,XRP/USDT:USDT,3.1416,132.0,3.1414,66.0,3.1427,571.0,3.1429,192.0
1753769562755,06:12:42.755,xt,XRP/USDT:USDT,3.1416,132.0,3.1414,66.0,3.1427,571.0,3.1429,192.0
1753769562867,06:12:42.867,xt,XRP/USDT:USDT,3.1416,132.0,3.1414,66.0,3.1427,571.0,3.1429,192.0
1753769563025,06:12:43.025,xt,XRP/USDT:USDT,3.1416,17.0,3.1414,288.0,3.1427,500.0,3.1429,270.0
1753769563139,06:12:43.139,xt,XRP/USDT:USDT,3.1416,17.0,3.1414,288.0,3.1427,500.0,3.1429,270.0
1753769563256,06:12:43.256,xt,XRP/USDT:USDT,3.1416,377.0,3.1414,91.0,3.1427,428.0,3.1429,311.0
1753769563405,06:12:43.405,xt,XRP/USDT:USDT,3.1416,377.0,3.1414,91.0,3.1427,428.0,3.1429,311.0
1753769563534,06:12:43.534,xt,XRP/USDT:USDT,3.1416,30.0,3.1413,420.0,3.1427,410.0,3.143,123.0
1753769563669,06:12:43.669,xt,XRP/USDT:USDT,3.1416,30.0,3.1413,110.0,3.1427,410.0,3.143,191.0
1753769563792,06:12:43.792,xt,XRP/USDT:USDT,3.1416,30.0,3.1413,110.0,3.1427,410.0,3.143,181.0
1753769563914,06:12:43.914,xt,XRP/USDT:USDT,3.1416,28.0,3.1413,93.0,3.1427,281.0,3.1429,196.0
1753769564030,06:12:44.030,xt,XRP/USDT:USDT,3.1416,28.0,3.1413,218.0,3.1427,281.0,3.1429,196.0
1753769564152,06:12:44.152,xt,XRP/USDT:USDT,3.1416,365.0,3.1414,136.0,3.1427,125.0,3.1429,124.0
1753769564308,06:12:44.308,xt,XRP/USDT:USDT,3.1416,365.0,3.1414,136.0,3.1427,125.0,3.1429,124.0
1753769564402,06:12:44.402,xt,XRP/USDT:USDT,3.1416,365.0,3.1414,136.0,3.1427,125.0,3.1429,225.0
1753769564557,06:12:44.557,xt,XRP/USDT:USDT,3.1416,350.0,3.1414,138.0,3.1427,217.0,3.1429,239.0
1753769564699,06:12:44.699,xt,XRP/USDT:USDT,3.1416,350.0,3.1414,138.0,3.1427,217.0,3.1429,239.0
1753769564824,06:12:44.824,xt,XRP/USDT:USDT,3.1416,145.0,3.1414,403.0,3.1427,253.0,3.1429,246.0
1753769564963,06:12:44.963,xt,XRP/USDT:USDT,3.1416,145.0,3.1414,403.0,3.1427,253.0,3.1429,246.0
1753769565089,06:12:45.089,xt,XRP/USDT:USDT,3.1416,235.0,3.1413,130.0,3.1427,443.0,3.143,65.0
1753769565218,06:12:45.218,xt,XRP/USDT:USDT,3.1416,235.0,3.1413,130.0,3.1427,443.0,3.143,321.0
1753769565332,06:12:45.332,xt,XRP/USDT:USDT,3.1416,554.0,3.1414,154.0,3.1427,393.0,3.1429,196.0
1753769565463,06:12:45.463,xt,XRP/USDT:USDT,3.1416,554.0,3.1414,154.0,3.1427,393.0,3.1429,196.0
1753769565600,06:12:45.600,xt,XRP/USDT:USDT,3.1416,554.0,3.1414,154.0,3.1427,393.0,3.1429,196.0
1753769565714,06:12:45.714,xt,XRP/USDT:USDT,3.1416,256.0,3.1413,58.0,3.1427,195.0,3.1429,368.0
1753769565871,06:12:45.871,xt,XRP/USDT:USDT,3.1416,256.0,3.1413,58.0,3.1427,195.0,3.1429,368.0
1753769565993,06:12:45.993,xt,XRP/USDT:USDT,3.1416,346.0,3.1414,21.0,3.1427,361.0,3.1429,35.0
1753769566136,06:12:46.136,xt,XRP/USDT:USDT,3.1416,346.0,3.1414,21.0,3.1427,361.0,3.1429,35.0
1753769566284,06:12:46.284,xt,XRP/USDT:USDT,3.1416,395.0,3.1413,232.0,3.1427,248.0,3.143,217.0
1753769566445,06:12:46.445,xt,XRP/USDT:USDT,3.1416,395.0,3.1413,404.0,3.1427,248.0,3.143,217.0
1753769566566,06:12:46.566,xt,XRP/USDT:USDT,3.1416,236.0,3.1414,46.0,3.1427,520.0,3.1429,58.0
1753769566707,06:12:46.707,xt,XRP/USDT:USDT,3.1416,236.0,3.1414,46.0,3.1427,520.0,3.1429,272.0
1753769566829,06:12:46.829,xt,XRP/USDT:USDT,3.1416,71.0,3.1414,209.0,3.1427,465.0,3.143,179.0
1753769566946,06:12:46.946,xt,XRP/USDT:USDT,3.1416,71.0,3.1414,209.0,3.1427,465.0,3.143,179.0
1753769567096,06:12:47.096,xt,XRP/USDT:USDT,3.1416,71.0,3.1414,209.0,3.1427,465.0,3.143,179.0
1753769567220,06:12:47.220,xt,XRP/USDT:USDT,3.1416,100.0,3.1414,30.0,3.1427,309.0,3.1429,412.0
1753769567376,06:12:47.376,xt,XRP/USDT:USDT,3.1416,100.0,3.1414,290.0,3.1427,309.0,3.1429,412.0
1753769567514,06:12:47.514,xt,XRP/USDT:USDT,3.1416,214.0,3.1413,40.0,3.1427,469.0,3.1429,126.0
1753769567672,06:12:47.672,xt,XRP/USDT:USDT,3.1416,214.0,3.1413,40.0,3.1427,469.0,3.1429,126.0
1753769567787,06:12:47.787,xt,XRP/USDT:USDT,3.1416,121.0,3.1413,275.0,3.1427,347.0,3.143,67.0
1753769567936,06:12:47.936,xt,XRP/USDT:USDT,3.1416,121.0,3.1413,275.0,3.1427,347.0,3.143,67.0
1753769568060,06:12:48.060,xt,XRP/USDT:USDT,3.1416,50.0,3.1413,343.0,3.1427,433.0,3.143,35.0
1753769568172,06:12:48.172,xt,XRP/USDT:USDT,3.1416,50.0,3.1413,343.0,3.1427,433.0,3.143,330.0
1753769568328,06:12:48.328,xt,XRP/USDT:USDT,3.1416,550.0,3.1413,21.0,3.1427,555.0,3.143,164.0
1753769568483,06:12:48.483,xt,XRP/USDT:USDT,3.1416,550.0,3.1413,21.0,3.1427,555.0,3.143,164.0
1753769568631,06:12:48.631,xt,XRP/USDT:USDT,3.1416,451.0,3.1414,343.0,3.1427,562.0,3.143,217.0
1753769568755,06:12:48.755,xt,XRP/USDT:USDT,3.1416,451.0,3.1414,343.0,3.1427,562.0,3.143,217.0
1753769568868,06:12:48.868,xt,XRP/USDT:USDT,3.1416,451.0,3.1414,343.0,3.1427,562.0,3.143,217.0
1753769569019,06:12:49.019,xt,XRP/USDT:USDT,3.1416,530.0,3.1413,174.0,3.1427,169.0,3.1429,13.0
1753769569132,06:12:49.132,xt,XRP/USDT:USDT,3.1416,530.0,3.1413,174.0,3.1427,169.0,3.1429,13.0
1753769569255,06:12:49.255,xt,XRP/USDT:USDT,3.1416,481.0,3.1413,48.0,3.1427,499.0,3.1429,60.0
1753769569380,06:12:49.380,xt,XRP/USDT:USDT,3.1416,481.0,3.1413,48.0,3.1427,499.0,3.1429,72.0
1753769569533,06:12:49.533,xt,XRP/USDT:USDT,3.1416,71.0,3.1413,266.0,3.1427,276.0,3.1429,105.0
1753769569658,06:12:49.658,xt,XRP/USDT:USDT,3.1416,71.0,3.1413,266.0,3.1427,276.0,3.1429,105.0
1753769569765,06:12:49.765,xt,XRP/USDT:USDT,3.1416,71.0,3.1413,266.0,3.1427,276.0,3.1429,290.0
1753769569914,06:12:49.914,xt,XRP/USDT:USDT,3.1416,461.0,3.1413,114.0,3.1427,16.0,3.1429,34.0
1753769570157,06:12:50.157,xt,XRP/USDT:USDT,3.1416,537.0,3.1414,360.0,3.1427,270.0,3.143,39.0
1753769570308,06:12:50.308,xt,XRP/USDT:USDT,3.1416,537.0,3.1414,360.0,3.1427,270.0,3.143,39.0
1753769570430,06:12:50.430,xt,XRP/USDT:USDT,3.1416,312.0,3.1414,370.0,3.1427,310.0,3.143,387.0
1753769570557,06:12:50.557,xt,XRP/USDT:USDT,3.1416,312.0,3.1414,370.0,3.1427,310.0,3.143,387.0
1753769570695,06:12:50.695,xt,XRP/USDT:USDT,3.1416,312.0,3.1414,370.0,3.1427,310.0,3.143,387.0
1753769570846,06:12:50.846,xt,XRP/USDT:USDT,3.1416,293.0,3.1414,73.0,3.1427,405.0,3.143,243.0
1753769570964,06:12:50.964,xt,XRP/USDT:USDT,3.1416,293.0,3.1414,73.0,3.1427,405.0,3.143,243.0
1753769571095,06:12:51.095,xt,XRP/USDT:USDT,3.1416,180.0,3.1414,25.0,3.1427,415.0,3.1429,58.0
1753769571243,06:12:51.243,xt,XRP/USDT:USDT,3.1416,180.0,3.1414,25.0,3.1427,415.0,3.1429,58.0
1753769571355,06:12:51.355,xt,XRP/USDT:USDT,3.1416,224.0,3.1414,374.0,3.1427,177.0,3.143,2.0
1753769571512,06:12:51.512,xt,XRP/USDT:USDT,3.1416,224.0,3.1414,374.0,3.1427,177.0,3.143,2.0
1753769571633,06:12:51.633,xt,XRP/USDT:USDT,3.1416,224.0,3.1414,374.0,3.1427,177.0,3.143,2.0
1753769571752,06:12:51.752,xt,XRP/USDT:USDT,3.1416,411.0,3.1414,425.0,3.1427,64.0,3.143,308.0
1753769571865,06:12:51.865,xt,XRP/USDT:USDT,3.1416,411.0,3.1414,138.0,3.1427,64.0,3.143,308.0
1753769572013,06:12:52.013,xt,XRP/USDT:USDT,3.1416,365.0,3.1414,188.0,3.1427,201.0,3.143,73.0
1753769572126,06:12:52.126,xt,XRP/USDT:USDT,3.1416,365.0,3.1414,188.0,3.1427,201.0,3.143,73.0
1753769572260,06:12:52.260,xt,XRP/USDT:USDT,3.1416,392.0,3.1414,25.0,3.1427,154.0,3.1429,216.0
1753769572407,06:12:52.407,xt,XRP/USDT:USDT,3.1416,392.0,3.1414,303.0,3.1427,154.0,3.1429,216.0
1753769572529,06:12:52.529,xt,XRP/USDT:USDT,3.1416,392.0,3.1414,303.0,3.1427,154.0,3.1429,101.0
1753769572678,06:12:52.678,xt,XRP/USDT:USDT,3.1416,25.0,3.1413,197.0,3.1427,486.0,3.143,318.0
1753769572800,06:12:52.800,xt,XRP/USDT:USDT,3.1416,25.0,3.1413,197.0,3.1427,486.0,3.143,318.0
1753769572947,06:12:52.947,xt,XRP/USDT:USDT,3.1418,30.0,3.1416,312.0,3.1429,385.0,3.1431,321.0
1753769573067,06:12:53.067,xt,XRP/USDT:USDT,3.1418,30.0,3.1416,312.0,3.1429,385.0,3.1431,321.0
1753769573196,06:12:53.196,xt,XRP/USDT:USDT,3.1418,479.0,3.1416,271.0,3.1429,509.0,3.1432,137.0
1753769573307,06:12:53.307,xt,XRP/USDT:USDT,3.1418,479.0,3.1416,271.0,3.1429,509.0,3.1432,137.0
1753769573430,06:12:53.430,xt,XRP/USDT:USDT,3.1418,479.0,3.1416,271.0,3.1429,509.0,3.1432,137.0
1753769573584,06:12:53.584,xt,XRP/USDT:USDT,3.1418,430.0,3.1415,359.0,3.1429,92.0,3.1431,105.0
1753769573702,06:12:53.702,xt,XRP/USDT:USDT,3.1418,430.0,3.1415,359.0,3.1429,92.0,3.1431,105.0
1753769573844,06:12:53.844,xt,XRP/USDT:USDT,3.1418,170.0,3.1416,256.0,3.1429,565.0,3.1431,255.0
1753769573969,06:12:53.969,xt,XRP/USDT:USDT,3.1418,170.0,3.1416,256.0,3.1429,565.0,3.1431,255.0
1753769574095,06:12:54.095,xt,XRP/USDT:USDT,3.1418,170.0,3.1416,15.0,3.1429,565.0,3.1431,255.0
1753769574208,06:12:54.208,xt,XRP/USDT:USDT,3.1418,548.0,3.1416,391.0,3.1429,530.0,3.1431,423.0
1753769574355,06:12:54.355,xt,XRP/USDT:USDT,3.1418,548.0,3.1416,391.0,3.1429,530.0,3.1431,423.0
1753769574479,06:12:54.479,xt,XRP/USDT:USDT,3.1418,462.0,3.1415,227.0,3.1429,514.0,3.1432,126.0
1753769574601,06:12:54.601,xt,XRP/USDT:USDT,3.1418,462.0,3.1415,227.0,3.1429,514.0,3.1432,126.0
1753769574714,06:12:54.714,xt,XRP/USDT:USDT,3.1418,457.0,3.1415,24.0,3.1429,482.0,3.1431,310.0
1753769574866,06:12:54.866,xt,XRP/USDT:USDT,3.1418,457.0,3.1415,24.0,3.1429,482.0,3.1431,310.0
1753769574991,06:12:54.991,xt,XRP/USDT:USDT,3.1418,457.0,3.1415,24.0,3.1429,482.0,3.1431,310.0
1753769575105,06:12:55.105,xt,XRP/USDT:USDT,3.1418,237.0,3.1415,239.0,3.1429,230.0,3.1431,167.0
1753769575233,06:12:55.233,xt,XRP/USDT:USDT,3.1418,237.0,3.1415,166.0,3.1429,230.0,3.1431,201.0
1753769575381,06:12:55.381,xt,XRP/USDT:USDT,3.1418,516.0,3.1416,391.0,3.1429,270.0,3.1431,402.0
1753769575503,06:12:55.503,xt,XRP/USDT:USDT,3.1418,516.0,3.1416,391.0,3.1429,270.0,3.1431,402.0
1753769575619,06:12:55.619,xt,XRP/USDT:USDT,3.1418,516.0,3.1416,391.0,3.1429,270.0,3.1431,402.0
1753769575765,06:12:55.765,xt,XRP/USDT:USDT,3.1418,179.0,3.1415,234.0,3.1429,225.0,3.1431,111.0
1753769575921,06:12:55.921,xt,XRP/USDT:USDT,3.1418,179.0,3.1415,234.0,3.1429,225.0,3.1431,111.0
1753769576027,06:12:56.027,xt,XRP/USDT:USDT,3.1418,318.0,3.1415,221.0,3.1429,114.0,3.1432,246.0
1753769576153,06:12:56.153,xt,XRP/USDT:USDT,3.1418,318.0,3.1415,221.0,3.1429,114.0,3.1432,211.0
1753769576276,06:12:56.276,xt,XRP/USDT:USDT,3.1418,451.0,3.1415,219.0,3.1429,441.0,3.1432,422.0
1753769576403,06:12:56.403,xt,XRP/USDT:USDT,3.1418,451.0,3.1415,219.0,3.1429,441.0,3.1432,422.0
1753769576552,06:12:56.552,xt,XRP/USDT:USDT,3.1418,525.0,3.1415,293.0,3.1429,203.0,3.1431,272.0
1753769576673,06:12:56.673,xt,XRP/USDT:USDT,3.1418,525.0,3.1415,293.0,3.1429,203.0,3.1431,272.0
1753769576811,06:12:56.811,xt,XRP/USDT:USDT,3.1418,525.0,3.1415,293.0,3.1429,203.0,3.1431,272.0
1753769576936,06:12:56.936,xt,XRP/USDT:USDT,3.1418,92.0,3.1415,230.0,3.1429,68.0,3.1432,47.0
1753769577055,06:12:57.055,xt,XRP/USDT:USDT,3.1418,92.0,3.1415,230.0,3.1429,68.0,3.1432,47.0
1753769577175,06:12:57.175,xt,XRP/USDT:USDT,3.1418,213.0,3.1416,99.0,3.1429,202.0,3.1432,306.0
1753769577323,06:12:57.323,xt,XRP/USDT:USDT,3.1418,213.0,3.1416,99.0,3.1429,202.0,3.1432,306.0
1753769577438,06:12:57.438,xt,XRP/USDT:USDT,3.1418,213.0,3.1416,99.0,3.1429,202.0,3.1432,306.0
1753769577569,06:12:57.569,xt,XRP/USDT:USDT,3.1418,351.0,3.1416,173.0,3.1429,563.0,3.1431,261.0
1753769577719,06:12:57.719,xt,XRP/USDT:USDT,3.1418,351.0,3.1416,173.0,3.1429,563.0,3.1431,261.0
1753769577877,06:12:57.877,xt,XRP/USDT:USDT,3.1418,46.0,3.1415,230.0,3.1429,15.0,3.1431,266.0
1753769577990,06:12:57.990,xt,XRP/USDT:USDT,3.1418,46.0,3.1415,356.0,3.1429,15.0,3.1431,266.0
1753769578139,06:12:58.139,xt,XRP/USDT:USDT,3.1418,529.0,3.1416,350.0,3.1429,150.0,3.1431,66.0
1753769578254,06:12:58.254,xt,XRP/USDT:USDT,3.1418,529.0,3.1416,350.0,3.1429,150.0,3.1431,66.0
1753769578379,06:12:58.379,xt,XRP/USDT:USDT,3.1418,319.0,3.1416,196.0,3.1429,520.0,3.1432,315.0
1753769578506,06:12:58.506,xt,XRP/USDT:USDT,3.1418,319.0,3.1416,196.0,3.1429,520.0,3.1432,315.0
1753769578653,06:12:58.653,xt,XRP/USDT:USDT,3.1418,319.0,3.1416,151.0,3.1429,520.0,3.1432,315.0
1753769578772,06:12:58.772,xt,XRP/USDT:USDT,3.1418,455.0,3.1415,246.0,3.1429,317.0,3.1431,252.0
1753769578899,06:12:58.899,xt,XRP/USDT:USDT,3.1418,455.0,3.1415,246.0,3.1429,317.0,3.1431,9.0
1753769579037,06:12:59.037,xt,XRP/USDT:USDT,3.1418,539.0,3.1416,163.0,3.1429,532.0,3.1432,235.0
1753769579161,06:12:59.161,xt,XRP/USDT:USDT,3.1418,539.0,3.1416,163.0,3.1429,532.0,3.1432,235.0
1753769579285,06:12:59.285,xt,XRP/USDT:USDT,3.1419,185.0,3.1418,315.0,3.143,487.0,3.1432,300.0
1753769579438,06:12:59.438,xt,XRP/USDT:USDT,3.1419,185.0,3.1418,315.0,3.143,487.0,3.1432,300.0
1753769579543,06:12:59.543,xt,XRP/USDT:USDT,3.1419,185.0,3.1418,315.0,3.143,487.0,3.1432,300.0
1753769579673,06:12:59.673,xt,XRP/USDT:USDT,3.1419,498.0,3.1417,201.0,3.143,351.0,3.1431,268.0
1753769579849,06:12:59.849,xt,XRP/USDT:USDT,3.1419,498.0,3.1417,201.0,3.143,351.0,3.1431,268.0
1753769579971,06:12:59.971,xt,XRP/USDT:USDT,3.1421,467.0,3.142,173.0,3.1432,316.0,3.1434,146.0
1753769580087,06:13:00.087,xt,XRP/USDT:USDT,3.1421,467.0,3.142,57.0,3.1432,316.0,3.1434,146.0
1753769580207,06:13:00.207,xt,XRP/USDT:USDT,3.1421,467.0,3.142,121.0,3.1432,316.0,3.1434,146.0
1753769580355,06:13:00.355,xt,XRP/USDT:USDT,3.1421,513.0,3.142,285.0,3.1432,426.0,3.1433,53.0
1753769580596,06:13:00.596,xt,XRP/USDT:USDT,3.1421,329.0,3.1419,313.0,3.1432,68.0,3.1433,351.0
1753769580748,06:13:00.748,xt,XRP/USDT:USDT,3.1421,329.0,3.1419,313.0,3.1432,68.0,3.1433,351.0
1753769580876,06:13:00.876,xt,XRP/USDT:USDT,3.1421,443.0,3.142,378.0,3.1432,355.0,3.1433,265.0
1753769580986,06:13:00.986,xt,XRP/USDT:USDT,3.1421,443.0,3.142,378.0,3.1432,355.0,3.1433,265.0
1753769581135,06:13:01.135,xt,XRP/USDT:USDT,3.1422,18.0,3.142,378.0,3.1433,103.0,3.1435,390.0
1753769581264,06:13:01.264,xt,XRP/USDT:USDT,3.1422,18.0,3.142,378.0,3.1433,103.0,3.1435,390.0
1753769581406,06:13:01.406,xt,XRP/USDT:USDT,3.1422,18.0,3.142,278.0,3.1433,103.0,3.1435,390.0
1753769581533,06:13:01.533,xt,XRP/USDT:USDT,3.1422,42.0,3.142,311.0,3.1433,368.0,3.1435,184.0
1753769581650,06:13:01.650,xt,XRP/USDT:USDT,3.1422,42.0,3.142,311.0,3.1433,368.0,3.1435,133.0
1753769581774,06:13:01.774,xt,XRP/USDT:USDT,3.1422,364.0,3.1419,121.0,3.1433,42.0,3.1436,47.0
1753769581924,06:13:01.924,xt,XRP/USDT:USDT,3.1422,364.0,3.1419,366.0,3.1433,42.0,3.1436,47.0
1753769582044,06:13:02.044,xt,XRP/USDT:USDT,3.1422,540.0,3.142,247.0,3.1433,517.0,3.1435,44.0
1753769582165,06:13:02.165,xt,XRP/USDT:USDT,3.1422,540.0,3.142,119.0,3.1433,517.0,3.1435,44.0
1753769582278,06:13:02.278,xt,XRP/USDT:USDT,3.1422,540.0,3.142,119.0,3.1433,517.0,3.1435,44.0
1753769582426,06:13:02.426,xt,XRP/USDT:USDT,3.1422,133.0,3.142,191.0,3.1433,266.0,3.1436,71.0
1753769582582,06:13:02.582,xt,XRP/USDT:USDT,3.1422,133.0,3.142,191.0,3.1433,266.0,3.1436,71.0
1753769582693,06:13:02.693,xt,XRP/USDT:USDT,3.1422,194.0,3.1419,333.0,3.1433,334.0,3.1436,310.0
1753769582844,06:13:02.844,xt,XRP/USDT:USDT,3.1422,194.0,3.1419,333.0,3.1433,334.0,3.1436,310.0
1753769582970,06:13:02.970,xt,XRP/USDT:USDT,3.1422,546.0,3.142,283.0,3.1433,548.0,3.1435,338.0
1753769583086,06:13:03.086,xt,XRP/USDT:USDT,3.1422,546.0,3.142,283.0,3.1433,548.0,3.1435,338.0
1753769583241,06:13:03.241,xt,XRP/USDT:USDT,3.1422,546.0,3.142,283.0,3.1433,548.0,3.1435,338.0
1753769583327,06:13:03.327,xt,XRP/USDT:USDT,3.1422,349.0,3.1419,158.0,3.1433,336.0,3.1435,408.0
1753769583479,06:13:03.479,xt,XRP/USDT:USDT,3.1422,349.0,3.1419,158.0,3.1433,336.0,3.1435,408.0
1753769583601,06:13:03.601,xt,XRP/USDT:USDT,3.1422,36.0,3.142,151.0,3.1433,407.0,3.1435,88.0
1753769583723,06:13:03.723,xt,XRP/USDT:USDT,3.1422,36.0,3.142,151.0,3.1433,407.0,3.1435,88.0
1753769583876,06:13:03.876,xt,XRP/USDT:USDT,3.1422,96.0,3.1419,84.0,3.1433,72.0,3.1435,54.0
1753769584014,06:13:04.014,xt,XRP/USDT:USDT,3.1422,96.0,3.1419,364.0,3.1433,72.0,3.1435,54.0
1753769584135,06:13:04.135,xt,XRP/USDT:USDT,3.1422,96.0,3.1419,364.0,3.1433,72.0,3.1435,54.0
1753769584285,06:13:04.285,xt,XRP/USDT:USDT,3.1419,49.0,3.1417,275.0,3.143,321.0,3.1432,388.0
1753769584535,06:13:04.535,xt,XRP/USDT:USDT,3.1418,315.0,3.1416,346.0,3.1429,399.0,3.1432,388.0
1753769584648,06:13:04.648,xt,XRP/USDT:USDT,3.1418,315.0,3.1416,346.0,3.1429,399.0,3.1432,426.0
1753769584797,06:13:04.797,xt,XRP/USDT:USDT,3.1418,241.0,3.1415,293.0,3.1429,566.0,3.1431,207.0
1753769584923,06:13:04.923,xt,XRP/USDT:USDT,3.1418,241.0,3.1415,293.0,3.1429,566.0,3.1431,207.0
1753769585070,06:13:05.070,xt,XRP/USDT:USDT,3.1418,241.0,3.1415,293.0,3.1429,566.0,3.1431,207.0
1753769585194,06:13:05.194,xt,XRP/USDT:USDT,3.1418,201.0,3.1416,136.0,3.1429,354.0,3.1431,86.0
1753769585316,06:13:05.316,xt,XRP/USDT:USDT,3.1418,201.0,3.1416,136.0,3.1429,354.0,3.1431,86.0
1753769585429,06:13:05.429,xt,XRP/USDT:USDT,3.1418,469.0,3.1415,74.0,3.1429,339.0,3.1432,112.0
1753769585582,06:13:05.582,xt,XRP/USDT:USDT,3.1418,469.0,3.1415,74.0,3.1429,339.0,3.1432,154.0
1753769585704,06:13:05.704,xt,XRP/USDT:USDT,3.1418,421.0,3.1415,117.0,3.1429,25.0,3.1432,52.0
1753769585814,06:13:05.814,xt,XRP/USDT:USDT,3.1418,421.0,3.1415,117.0,3.1429,25.0,3.1432,52.0
1753769585943,06:13:05.943,xt,XRP/USDT:USDT,3.1418,421.0,3.1415,117.0,3.1429,25.0,3.1432,52.0
1753769586057,06:13:06.057,xt,XRP/USDT:USDT,3.1418,307.0,3.1415,426.0,3.1429,183.0,3.1432,320.0
1753769586208,06:13:06.208,xt,XRP/USDT:USDT,3.1418,307.0,3.1415,426.0,3.1429,183.0,3.1432,320.0
1753769586330,06:13:06.330,xt,XRP/USDT:USDT,3.1418,222.0,3.1416,99.0,3.1429,92.0,3.1431,72.0
1753769586479,06:13:06.479,xt,XRP/USDT:USDT,3.1418,222.0,3.1416,45.0,3.1429,92.0,3.1431,72.0
1753769586615,06:13:06.615,xt,XRP/USDT:USDT,3.1418,31.0,3.1415,242.0,3.1429,560.0,3.1431,145.0
1753769586751,06:13:06.751,xt,XRP/USDT:USDT,3.1418,31.0,3.1415,242.0,3.1429,560.0,3.1431,145.0
1753769586872,06:13:06.872,xt,XRP/USDT:USDT,3.1418,31.0,3.1415,169.0,3.1429,560.0,3.1431,339.0
1753769586988,06:13:06.988,xt,XRP/USDT:USDT,3.1418,442.0,3.1416,231.0,3.1429,374.0,3.1432,257.0
1753769587236,06:13:07.236,xt,XRP/USDT:USDT,3.1419,103.0,3.1418,302.0,3.143,408.0,3.1432,80.0
1753769587386,06:13:07.386,xt,XRP/USDT:USDT,3.1419,103.0,3.1418,302.0,3.143,408.0,3.1432,80.0
1753769587530,06:13:07.530,xt,XRP/USDT:USDT,3.1419,175.0,3.1418,335.0,3.143,451.0,3.1431,163.0
1753769587652,06:13:07.652,xt,XRP/USDT:USDT,3.1419,175.0,3.1418,335.0,3.143,451.0,3.1431,163.0
1753769587775,06:13:07.775,xt,XRP/USDT:USDT,3.1419,175.0,3.1418,335.0,3.143,451.0,3.1431,163.0
1753769587923,06:13:07.923,xt,XRP/USDT:USDT,3.1419,278.0,3.1417,325.0,3.143,405.0,3.1432,366.0
1753769588035,06:13:08.035,xt,XRP/USDT:USDT,3.1419,278.0,3.1417,325.0,3.143,405.0,3.1432,366.0
1753769588193,06:13:08.193,xt,XRP/USDT:USDT,3.1419,204.0,3.1418,24.0,3.143,316.0,3.1432,123.0
1753769588304,06:13:08.304,xt,XRP/USDT:USDT,3.1419,204.0,3.1418,24.0,3.143,316.0,3.1432,123.0
1753769588453,06:13:08.453,xt,XRP/USDT:USDT,3.1419,332.0,3.1417,294.0,3.143,173.0,3.1432,408.0
1753769588578,06:13:08.578,xt,XRP/USDT:USDT,3.1419,332.0,3.1417,294.0,3.143,173.0,3.1432,408.0
1753769588724,06:13:08.724,xt,XRP/USDT:USDT,3.1419,79.0,3.1417,200.0,3.143,529.0,3.1432,48.0
1753769588850,06:13:08.850,xt,XRP/USDT:USDT,3.1419,79.0,3.1417,200.0,3.143,529.0,3.1432,48.0
1753769588975,06:13:08.975,xt,XRP/USDT:USDT,3.1419,79.0,3.1417,200.0,3.143,529.0,3.1432,48.0
1753769589086,06:13:09.086,xt,XRP/USDT:USDT,3.1419,305.0,3.1418,329.0,3.143,567.0,3.1432,244.0
1753769589212,06:13:09.212,xt,XRP/USDT:USDT,3.1419,305.0,3.1418,329.0,3.143,567.0,3.1432,244.0
1753769589360,06:13:09.360,xt,XRP/USDT:USDT,3.1419,195.0,3.1417,312.0,3.143,278.0,3.1431,272.0
1753769589486,06:13:09.486,xt,XRP/USDT:USDT,3.1419,195.0,3.1417,312.0,3.143,278.0,3.1431,272.0
1753769589598,06:13:09.598,xt,XRP/USDT:USDT,3.1419,195.0,3.1417,312.0,3.143,278.0,3.1431,229.0
1753769589734,06:13:09.734,xt,XRP/USDT:USDT,3.1419,372.0,3.1417,279.0,3.143,237.0,3.1431,9.0
1753769589858,06:13:09.858,xt,XRP/USDT:USDT,3.1419,372.0,3.1417,279.0,3.143,237.0,3.1431,9.0
1753769589988,06:13:09.988,xt,XRP/USDT:USDT,3.1419,279.0,3.1417,173.0,3.143,437.0,3.1431,351.0
1753769590264,06:13:10.264,xt,XRP/USDT:USDT,3.1419,495.0,3.1417,322.0,3.143,84.0,3.1432,415.0
1753769590386,06:13:10.386,xt,XRP/USDT:USDT,3.1419,495.0,3.1417,322.0,3.143,84.0,3.1432,415.0
1753769590523,06:13:10.523,xt,XRP/USDT:USDT,3.1419,495.0,3.1417,322.0,3.143,84.0,3.1432,415.0
1753769590647,06:13:10.647,xt,XRP/USDT:USDT,3.1419,65.0,3.1418,390.0,3.143,447.0,3.1432,127.0
1753769590772,06:13:10.772,xt,XRP/USDT:USDT,3.1419,65.0,3.1418,390.0,3.143,447.0,3.1432,68.0
1753769590885,06:13:10.885,xt,XRP/USDT:USDT,3.1419,319.0,3.1418,157.0,3.143,161.0,3.1432,211.0
1753769591044,06:13:11.044,xt,XRP/USDT:USDT,3.1419,319.0,3.1418,157.0,3.143,161.0,3.1432,211.0
1753769591156,06:13:11.156,xt,XRP/USDT:USDT,3.1419,136.0,3.1418,92.0,3.143,346.0,3.1431,236.0
1753769591303,06:13:11.303,xt,XRP/USDT:USDT,3.1419,136.0,3.1418,375.0,3.143,346.0,3.1431,236.0
1753769591430,06:13:11.430,xt,XRP/USDT:USDT,3.1419,136.0,3.1418,375.0,3.143,346.0,3.1431,236.0
1753769591586,06:13:11.586,xt,XRP/USDT:USDT,3.1419,115.0,3.1418,337.0,3.143,322.0,3.1432,331.0
1753769591720,06:13:11.720,xt,XRP/USDT:USDT,3.1419,115.0,3.1418,337.0,3.143,322.0,3.1432,331.0
1753769591792,06:13:11.792,xt,XRP/USDT:USDT,3.1419,356.0,3.1418,14.0,3.143,552.0,3.1432,173.0
1753769591971,06:13:11.971,xt,XRP/USDT:USDT,3.1419,356.0,3.1418,14.0,3.143,552.0,3.1432,173.0
1753769592116,06:13:12.116,xt,XRP/USDT:USDT,3.1419,325.0,3.1417,12.0,3.143,61.0,3.1431,138.0
1753769592241,06:13:12.241,xt,XRP/USDT:USDT,3.1419,325.0,3.1417,12.0,3.143,61.0,3.1431,138.0
1753769592363,06:13:12.363,xt,XRP/USDT:USDT,3.1419,274.0,3.1417,428.0,3.143,128.0,3.1432,326.0
1753769592484,06:13:12.484,xt,XRP/USDT:USDT,3.1419,274.0,3.1417,428.0,3.143,128.0,3.1432,326.0
1753769592596,06:13:12.596,xt,XRP/USDT:USDT,3.1419,274.0,3.1417,428.0,3.143,128.0,3.1432,326.0
1753769592745,06:13:12.745,xt,XRP/USDT:USDT,3.1419,364.0,3.1418,107.0,3.143,435.0,3.1431,263.0
1753769592888,06:13:12.888,xt,XRP/USDT:USDT,3.1419,364.0,3.1418,107.0,3.143,435.0,3.1431,263.0
1753769592987,06:13:12.987,xt,XRP/USDT:USDT,3.1419,29.0,3.1417,40.0,3.143,161.0,3.1431,112.0
1753769593136,06:13:13.136,xt,XRP/USDT:USDT,3.1419,29.0,3.1417,40.0,3.143,161.0,3.1431,112.0
1753769593253,06:13:13.253,xt,XRP/USDT:USDT,3.1419,314.0,3.1418,88.0,3.143,257.0,3.1432,26.0
1753769593410,06:13:13.410,xt,XRP/USDT:USDT,3.1419,314.0,3.1418,88.0,3.143,257.0,3.1432,26.0
1753769593536,06:13:13.536,xt,XRP/USDT:USDT,3.1419,314.0,3.1418,174.0,3.143,257.0,3.1432,26.0
1753769593647,06:13:13.647,xt,XRP/USDT:USDT,3.1418,480.0,3.1416,89.0,3.1429,496.0,3.1432,338.0
1753769593797,06:13:13.797,xt,XRP/USDT:USDT,3.1418,480.0,3.1416,89.0,3.1429,496.0,3.1432,380.0
1753769593953,06:13:13.953,xt,XRP/USDT:USDT,3.141,459.0,3.1407,82.0,3.1421,275.0,3.1424,259.0
1753769594100,06:13:14.100,xt,XRP/USDT:USDT,3.141,459.0,3.1407,82.0,3.1421,275.0,3.1424,188.0
1753769594220,06:13:14.220,xt,XRP/USDT:USDT,3.1409,258.0,3.1407,402.0,3.142,502.0,3.1422,248.0
1753769594336,06:13:14.336,xt,XRP/USDT:USDT,3.1409,258.0,3.1407,402.0,3.142,502.0,3.1422,248.0
1753769594488,06:13:14.488,xt,XRP/USDT:USDT,3.1407,325.0,3.1405,92.0,3.1418,100.0,3.1419,301.0
1753769594579,06:13:14.579,xt,XRP/USDT:USDT,3.1407,325.0,3.1405,92.0,3.1418,100.0,3.1419,301.0
1753769594725,06:13:14.725,xt,XRP/USDT:USDT,3.1407,325.0,3.1405,155.0,3.1418,100.0,3.1419,301.0
1753769594887,06:13:14.887,xt,XRP/USDT:USDT,3.1407,174.0,3.1406,382.0,3.1418,542.0,3.142,45.0
1753769595004,06:13:15.004,xt,XRP/USDT:USDT,3.1407,174.0,3.1406,382.0,3.1418,542.0,3.142,45.0
1753769595151,06:13:15.151,xt,XRP/USDT:USDT,3.1407,396.0,3.1405,41.0,3.1418,218.0,3.142,223.0
1753769595273,06:13:15.273,xt,XRP/USDT:USDT,3.1407,396.0,3.1405,41.0,3.1418,218.0,3.142,223.0
1753769595384,06:13:15.384,xt,XRP/USDT:USDT,3.1407,277.0,3.1406,219.0,3.1418,377.0,3.142,13.0
1753769595543,06:13:15.543,xt,XRP/USDT:USDT,3.1407,277.0,3.1406,219.0,3.1418,377.0,3.142,13.0
1753769595685,06:13:15.685,xt,XRP/USDT:USDT,3.1404,183.0,3.1401,195.0,3.1415,177.0,3.1418,395.0
1753769595797,06:13:15.797,xt,XRP/USDT:USDT,3.1404,183.0,3.1401,195.0,3.1415,177.0,3.1418,395.0
1753769595934,06:13:15.934,xt,XRP/USDT:USDT,3.1404,183.0,3.1401,195.0,3.1415,177.0,3.1418,370.0
1753769596083,06:13:16.083,xt,XRP/USDT:USDT,3.1404,571.0,3.1402,376.0,3.1415,98.0,3.1417,25.0
1753769596198,06:13:16.198,xt,XRP/USDT:USDT,3.1404,571.0,3.1402,306.0,3.1415,98.0,3.1417,25.0
1753769596343,06:13:16.343,xt,XRP/USDT:USDT,3.1403,196.0,3.1402,31.0,3.1414,464.0,3.1416,269.0
1753769596465,06:13:16.465,xt,XRP/USDT:USDT,3.1403,196.0,3.1402,31.0,3.1414,464.0,3.1416,269.0
1753769596617,06:13:16.617,xt,XRP/USDT:USDT,3.1403,247.0,3.1402,367.0,3.1414,140.0,3.1415,262.0
1753769596744,06:13:16.744,xt,XRP/USDT:USDT,3.1403,247.0,3.1402,367.0,3.1414,140.0,3.1415,262.0
1753769596854,06:13:16.854,xt,XRP/USDT:USDT,3.1403,247.0,3.1402,367.0,3.1414,140.0,3.1415,414.0
1753769596979,06:13:16.979,xt,XRP/USDT:USDT,3.1403,238.0,3.1401,396.0,3.1414,391.0,3.1416,335.0
1753769597133,06:13:17.133,xt,XRP/USDT:USDT,3.1403,238.0,3.1401,396.0,3.1414,391.0,3.1416,335.0
1753769597244,06:13:17.244,xt,XRP/USDT:USDT,3.1403,31.0,3.1401,41.0,3.1414,359.0,3.1415,268.0
1753769597365,06:13:17.365,xt,XRP/USDT:USDT,3.1403,31.0,3.1401,41.0,3.1414,359.0,3.1415,268.0
1753769597521,06:13:17.521,xt,XRP/USDT:USDT,3.1403,203.0,3.1402,149.0,3.1414,292.0,3.1416,345.0
1753769597642,06:13:17.642,xt,XRP/USDT:USDT,3.1403,203.0,3.1402,149.0,3.1414,292.0,3.1416,345.0
1753769597758,06:13:17.758,xt,XRP/USDT:USDT,3.1403,203.0,3.1402,271.0,3.1414,292.0,3.1416,345.0
1753769597902,06:13:17.902,xt,XRP/USDT:USDT,3.1403,353.0,3.1401,170.0,3.1414,488.0,3.1416,225.0
1753769598028,06:13:18.028,xt,XRP/USDT:USDT,3.1403,353.0,3.1401,170.0,3.1414,488.0,3.1416,225.0
1753769598174,06:13:18.174,xt,XRP/USDT:USDT,3.1403,565.0,3.1401,342.0,3.1414,387.0,3.1415,277.0
1753769598300,06:13:18.300,xt,XRP/USDT:USDT,3.1403,565.0,3.1401,342.0,3.1414,387.0,3.1415,277.0
1753769598436,06:13:18.436,xt,XRP/USDT:USDT,3.1403,270.0,3.1402,28.0,3.1414,178.0,3.1416,91.0
1753769598574,06:13:18.574,xt,XRP/USDT:USDT,3.1403,270.0,3.1402,28.0,3.1414,178.0,3.1416,91.0
1753769598685,06:13:18.685,xt,XRP/USDT:USDT,3.1402,355.0,3.1401,1.0,3.1413,329.0,3.1416,91.0
1753769598833,06:13:18.833,xt,XRP/USDT:USDT,3.1402,355.0,3.1401,1.0,3.1413,329.0,3.1416,91.0
1753769598948,06:13:18.948,xt,XRP/USDT:USDT,3.1402,355.0,3.1401,1.0,3.1413,329.0,3.1416,91.0
1753769599085,06:13:19.085,xt,XRP/USDT:USDT,3.1401,1.0,3.1397,29.0,3.1408,562.0,3.1409,20.0
1753769599198,06:13:19.198,xt,XRP/USDT:USDT,3.1401,1.0,3.1397,29.0,3.1408,562.0,3.1409,20.0
1753769599451,06:13:19.451,xt,XRP/USDT:USDT,3.1401,1.0,3.1397,148.0,3.1408,211.0,3.1409,260.0
1753769599465,06:13:19.465,xt,XRP/USDT:USDT,3.1401,1.0,3.1397,148.0,3.1408,211.0,3.1409,229.0
1753769599587,06:13:19.587,xt,XRP/USDT:USDT,3.1401,1.0,3.1397,148.0,3.1408,211.0,3.1409,229.0
1753769599712,06:13:19.712,xt,XRP/USDT:USDT,3.1401,1.0,3.1397,257.0,3.1408,216.0,3.1409,127.0
1753769599825,06:13:19.825,xt,XRP/USDT:USDT,3.1401,1.0,3.1397,257.0,3.1408,216.0,3.1409,127.0
1753769599955,06:13:19.955,xt,XRP/USDT:USDT,3.1401,1.0,3.1397,189.0,3.1408,273.0,3.141,364.0
1753769600120,06:13:20.120,xt,XRP/USDT:USDT,3.1401,1.0,3.1397,189.0,3.1408,273.0,3.141,364.0
1753769600255,06:13:20.255,xt,XRP/USDT:USDT,3.1401,1.0,3.1397,189.0,3.1408,273.0,3.141,364.0
1753769600366,06:13:20.366,xt,XRP/USDT:USDT,3.1401,1.0,3.1397,102.0,3.1408,26.0,3.141,345.0
1753769600506,06:13:20.506,xt,XRP/USDT:USDT,3.1401,1.0,3.1397,102.0,3.1408,26.0,3.141,345.0
1753769600634,06:13:20.634,xt,XRP/USDT:USDT,3.1401,1.0,3.1397,342.0,3.1408,175.0,3.1409,253.0
1753769600757,06:13:20.757,xt,XRP/USDT:USDT,3.1401,1.0,3.1397,342.0,3.1408,175.0,3.1409,253.0
1753769600885,06:13:20.885,xt,XRP/USDT:USDT,3.1401,1.0,3.1397,342.0,3.1408,166.0,3.1409,253.0
1753769601028,06:13:21.028,xt,XRP/USDT:USDT,3.1406,115.0,3.1403,405.0,3.1417,530.0,3.142,243.0
1753769601160,06:13:21.160,xt,XRP/USDT:USDT,3.1406,115.0,3.1403,405.0,3.1417,530.0,3.142,243.0
1753769601297,06:13:21.297,xt,XRP/USDT:USDT,3.1407,255.0,3.1406,380.0,3.1418,177.0,3.1419,133.0
1753769601419,06:13:21.419,xt,XRP/USDT:USDT,3.1407,255.0,3.1406,380.0,3.1418,177.0,3.1419,133.0
1753769601540,06:13:21.540,xt,XRP/USDT:USDT,3.1407,276.0,3.1405,214.0,3.1418,70.0,3.1419,29.0
1753769601628,06:13:21.628,xt,XRP/USDT:USDT,3.1407,276.0,3.1405,214.0,3.1418,70.0,3.1419,29.0
1753769601687,06:13:21.687,xt,XRP/USDT:USDT,3.1407,276.0,3.1405,214.0,3.1418,70.0,3.1419,29.0
1753769601813,06:13:21.813,xt,XRP/USDT:USDT,3.1407,179.0,3.1405,94.0,3.1418,60.0,3.1419,140.0
1753769601926,06:13:21.926,xt,XRP/USDT:USDT,3.1407,179.0,3.1405,94.0,3.1418,60.0,3.1419,140.0
1753769602215,06:13:22.215,xt,XRP/USDT:USDT,3.1407,179.0,3.1405,94.0,3.1418,60.0,3.1419,140.0
1753769602197,06:13:22.197,xt,XRP/USDT:USDT,3.1405,174.0,3.1404,262.0,3.1418,368.0,3.1419,244.0
1753769602346,06:13:22.346,xt,XRP/USDT:USDT,3.1405,174.0,3.1404,262.0,3.1418,368.0,3.1419,236.0
1753769602473,06:13:22.473,xt,XRP/USDT:USDT,3.1405,552.0,3.1404,271.0,3.1418,339.0,3.142,32.0
1753769602586,06:13:22.586,xt,XRP/USDT:USDT,3.1405,552.0,3.1404,11.0,3.1418,339.0,3.142,32.0
1753769602708,06:13:22.708,xt,XRP/USDT:USDT,3.1405,526.0,3.1403,91.0,3.1418,206.0,3.1419,21.0
1753769602865,06:13:22.865,xt,XRP/USDT:USDT,3.1405,526.0,3.1403,91.0,3.1418,206.0,3.1419,21.0
1753769602977,06:13:22.977,xt,XRP/USDT:USDT,3.1405,526.0,3.1403,91.0,3.1418,206.0,3.1419,238.0
1753769603127,06:13:23.127,xt,XRP/USDT:USDT,3.1405,252.0,3.1404,362.0,3.1418,8.0,3.1419,412.0
1753769603253,06:13:23.253,xt,XRP/USDT:USDT,3.1405,252.0,3.1404,362.0,3.1418,8.0,3.1419,147.0
1753769603397,06:13:23.397,xt,XRP/USDT:USDT,3.1407,501.0,3.1406,190.0,3.1418,179.0,3.1419,411.0
1753769603514,06:13:23.514,xt,XRP/USDT:USDT,3.1407,501.0,3.1406,190.0,3.1418,179.0,3.1419,411.0
1753769603664,06:13:23.664,xt,XRP/USDT:USDT,3.1407,132.0,3.1406,200.0,3.1418,513.0,3.1419,317.0
1753769603788,06:13:23.788,xt,XRP/USDT:USDT,3.1407,132.0,3.1406,200.0,3.1418,513.0,3.1419,317.0
1753769603911,06:13:23.911,xt,XRP/USDT:USDT,3.141,458.0,3.1408,177.0,3.1421,539.0,3.1424,54.0
1753769604058,06:13:24.058,xt,XRP/USDT:USDT,3.141,458.0,3.1408,177.0,3.1421,539.0,3.1424,54.0
1753769604183,06:13:24.183,xt,XRP/USDT:USDT,3.141,458.0,3.1408,177.0,3.1421,539.0,3.1424,54.0
1753769604301,06:13:24.301,xt,XRP/USDT:USDT,3.141,394.0,3.1408,144.0,3.1421,275.0,3.1424,98.0
1753769604421,06:13:24.421,xt,XRP/USDT:USDT,3.141,394.0,3.1408,144.0,3.1421,275.0,3.1424,98.0
1753769604534,06:13:24.534,xt,XRP/USDT:USDT,3.141,247.0,3.1408,375.0,3.1421,260.0,3.1423,66.0
1753769604658,06:13:24.658,xt,XRP/USDT:USDT,3.141,247.0,3.1408,375.0,3.1421,260.0,3.1423,66.0
1753769604795,06:13:24.795,xt,XRP/USDT:USDT,3.141,247.0,3.1408,375.0,3.1421,260.0,3.1423,66.0
1753769604929,06:13:24.929,xt,XRP/USDT:USDT,3.141,305.0,3.1408,88.0,3.1421,405.0,3.1423,66.0
1753769605053,06:13:25.053,xt,XRP/USDT:USDT,3.141,305.0,3.1408,88.0,3.1421,405.0,3.1423,66.0
1753769605198,06:13:25.198,xt,XRP/USDT:USDT,3.141,20.0,3.1408,184.0,3.1421,383.0,3.1424,307.0
1753769605318,06:13:25.318,xt,XRP/USDT:USDT,3.141,20.0,3.1408,184.0,3.1421,383.0,3.1424,51.0
1753769605434,06:13:25.434,xt,XRP/USDT:USDT,3.141,337.0,3.1408,408.0,3.1421,450.0,3.1423,93.0
1753769605567,06:13:25.567,xt,XRP/USDT:USDT,3.141,337.0,3.1408,334.0,3.1421,450.0,3.1423,336.0
1753769605676,06:13:25.676,xt,XRP/USDT:USDT,3.141,337.0,3.1408,334.0,3.1421,450.0,3.1423,336.0
1753769605835,06:13:25.835,xt,XRP/USDT:USDT,3.141,497.0,3.1408,316.0,3.1421,145.0,3.1424,212.0
1753769605988,06:13:25.988,xt,XRP/USDT:USDT,3.141,497.0,3.1408,316.0,3.1421,145.0,3.1424,297.0
1753769606124,06:13:26.124,xt,XRP/USDT:USDT,3.141,430.0,3.1408,301.0,3.1421,127.0,3.1424,109.0
1753769606246,06:13:26.246,xt,XRP/USDT:USDT,3.141,430.0,3.1408,301.0,3.1421,127.0,3.1424,109.0
1753769606361,06:13:26.361,xt,XRP/USDT:USDT,3.141,430.0,3.1408,301.0,3.1421,127.0,3.1424,109.0
1753769606517,06:13:26.517,xt,XRP/USDT:USDT,3.141,253.0,3.1407,281.0,3.1421,378.0,3.1423,358.0
1753769606631,06:13:26.631,xt,XRP/USDT:USDT,3.141,253.0,3.1407,33.0,3.1421,378.0,3.1423,358.0
1753769606784,06:13:26.784,xt,XRP/USDT:USDT,3.141,459.0,3.1408,308.0,3.1421,99.0,3.1423,287.0
1753769606886,06:13:26.886,xt,XRP/USDT:USDT,3.141,459.0,3.1408,308.0,3.1421,99.0,3.1423,287.0
1753769607019,06:13:27.019,xt,XRP/USDT:USDT,3.141,459.0,3.1408,308.0,3.1421,99.0,3.1423,287.0
1753769607179,06:13:27.179,xt,XRP/USDT:USDT,3.1413,120.0,3.1412,50.0,3.1424,140.0,3.1425,120.0
1753769607302,06:13:27.302,xt,XRP/USDT:USDT,3.1413,120.0,3.1412,50.0,3.1424,140.0,3.1425,120.0
1753769607417,06:13:27.417,xt,XRP/USDT:USDT,3.1413,563.0,3.1412,71.0,3.1424,58.0,3.1425,341.0
1753769607536,06:13:27.536,xt,XRP/USDT:USDT,3.1413,563.0,3.1412,71.0,3.1432,187.0,3.1434,45.0
1753769607667,06:13:27.667,xt,XRP/USDT:USDT,3.1417,296.0,3.1416,259.0,3.1432,179.0,3.1433,175.0
1753769607809,06:13:27.809,xt,XRP/USDT:USDT,3.1417,296.0,3.1416,259.0,3.1432,179.0,3.1433,175.0
1753769607934,06:13:27.934,xt,XRP/USDT:USDT,3.1417,296.0,3.1416,183.0,3.1432,179.0,3.1433,175.0
1753769608053,06:13:28.053,xt,XRP/USDT:USDT,3.1416,296.0,3.1414,285.0,3.1432,550.0,3.1434,265.0
1753769608198,06:13:28.198,xt,XRP/USDT:USDT,3.1416,296.0,3.1414,285.0,3.1432,550.0,3.1434,265.0
1753769608323,06:13:28.323,xt,XRP/USDT:USDT,3.1414,173.0,3.1412,264.0,3.1432,410.0,3.1433,425.0
1753769608438,06:13:28.438,xt,XRP/USDT:USDT,3.1414,173.0,3.1412,264.0,3.1432,410.0,3.1433,425.0
1753769608584,06:13:28.584,xt,XRP/USDT:USDT,3.1413,429.0,3.1411,384.0,3.1424,151.0,3.1426,158.0
1753769608707,06:13:28.707,xt,XRP/USDT:USDT,3.1413,429.0,3.1411,384.0,3.1424,151.0,3.1426,158.0
1753769608867,06:13:28.867,xt,XRP/USDT:USDT,3.1413,549.0,3.1412,370.0,3.1424,120.0,3.1426,253.0
1753769608978,06:13:28.978,xt,XRP/USDT:USDT,3.1413,549.0,3.1412,370.0,3.1424,120.0,3.1426,253.0
1753769609126,06:13:29.126,xt,XRP/USDT:USDT,3.1413,549.0,3.1412,370.0,3.1424,120.0,3.1426,253.0
1753769609215,06:13:29.215,xt,XRP/USDT:USDT,3.1413,133.0,3.1411,15.0,3.1424,261.0,3.1426,344.0
1753769609366,06:13:29.366,xt,XRP/USDT:USDT,3.1413,133.0,3.1411,15.0,3.1424,261.0,3.1426,214.0
1753769609498,06:13:29.498,xt,XRP/USDT:USDT,3.1413,429.0,3.1411,277.0,3.1424,211.0,3.1426,302.0
1753769609636,06:13:29.636,xt,XRP/USDT:USDT,3.1413,429.0,3.1411,269.0,3.1424,211.0,3.1426,302.0
1753769609764,06:13:29.764,xt,XRP/USDT:USDT,3.1413,42.0,3.1411,187.0,3.1424,199.0,3.1425,412.0
1753769609905,06:13:29.905,xt,XRP/USDT:USDT,3.1413,42.0,3.1411,282.0,3.1424,199.0,3.1425,412.0
1753769609995,06:13:29.995,xt,XRP/USDT:USDT,3.1413,42.0,3.1411,5.0,3.1424,199.0,3.1425,412.0
1753769610152,06:13:30.152,xt,XRP/USDT:USDT,3.1413,457.0,3.1412,88.0,3.1424,203.0,3.1425,410.0
1753769610302,06:13:30.302,xt,XRP/USDT:USDT,3.1413,457.0,3.1412,88.0,3.1424,203.0,3.1425,57.0
1753769610413,06:13:30.413,xt,XRP/USDT:USDT,3.1413,64.0,3.1411,183.0,3.1424,451.0,3.1426,268.0
1753769610565,06:13:30.565,xt,XRP/USDT:USDT,3.1413,64.0,3.1411,183.0,3.1424,451.0,3.1426,263.0
1753769610689,06:13:30.689,xt,XRP/USDT:USDT,3.1413,211.0,3.1412,127.0,3.1424,456.0,3.1426,57.0
1753769610807,06:13:30.807,xt,XRP/USDT:USDT,3.1413,211.0,3.1412,127.0,3.1424,456.0,3.1426,46.0
1753769610963,06:13:30.963,xt,XRP/USDT:USDT,3.1413,211.0,3.1412,127.0,3.1424,456.0,3.1426,46.0
1753769611075,06:13:31.075,xt,XRP/USDT:USDT,3.1413,57.0,3.1411,377.0,3.1424,451.0,3.1426,134.0
1753769611230,06:13:31.230,xt,XRP/USDT:USDT,3.1413,57.0,3.1411,377.0,3.1424,451.0,3.1426,50.0
1753769611343,06:13:31.343,xt,XRP/USDT:USDT,3.1413,280.0,3.1412,40.0,3.1424,368.0,3.1426,408.0
1753769611465,06:13:31.465,xt,XRP/USDT:USDT,3.1413,280.0,3.1412,40.0,3.1424,368.0,3.1426,408.0
1753769611616,06:13:31.616,xt,XRP/USDT:USDT,3.1413,250.0,3.1412,143.0,3.1424,484.0,3.1426,150.0
1753769611768,06:13:31.768,xt,XRP/USDT:USDT,3.1413,250.0,3.1412,143.0,3.1424,484.0,3.1426,150.0
1753769611875,06:13:31.875,xt,XRP/USDT:USDT,3.1413,250.0,3.1412,189.0,3.1424,484.0,3.1426,150.0
1753769612012,06:13:32.012,xt,XRP/USDT:USDT,3.1413,302.0,3.1411,275.0,3.1424,21.0,3.1426,365.0
1753769612129,06:13:32.129,xt,XRP/USDT:USDT,3.1413,302.0,3.1411,275.0,3.1424,21.0,3.1426,365.0
1753769612276,06:13:32.276,xt,XRP/USDT:USDT,3.1413,480.0,3.1412,152.0,3.1424,151.0,3.1426,111.0
1753769612426,06:13:32.426,xt,XRP/USDT:USDT,3.1413,480.0,3.1412,171.0,3.1424,151.0,3.1426,155.0
1753769612553,06:13:32.553,xt,XRP/USDT:USDT,3.1413,457.0,3.1411,259.0,3.1424,496.0,3.1425,196.0
1753769612670,06:13:32.670,xt,XRP/USDT:USDT,3.1413,457.0,3.1411,259.0,3.1424,496.0,3.1425,196.0
1753769612816,06:13:32.816,xt,XRP/USDT:USDT,3.1413,521.0,3.1412,245.0,3.1424,358.0,3.1425,329.0
1753769612941,06:13:32.941,xt,XRP/USDT:USDT,3.1413,521.0,3.1412,245.0,3.1424,358.0,3.1425,220.0
1753769613055,06:13:33.055,xt,XRP/USDT:USDT,3.1413,521.0,3.1412,245.0,3.1424,358.0,3.1425,220.0
1753769613210,06:13:33.210,xt,XRP/USDT:USDT,3.1413,109.0,3.1412,294.0,3.1424,368.0,3.1426,59.0
1753769613332,06:13:33.332,xt,XRP/USDT:USDT,3.1413,109.0,3.1412,294.0,3.1424,368.0,3.1426,59.0
1753769613474,06:13:33.474,xt,XRP/USDT:USDT,3.1413,339.0,3.1412,289.0,3.1424,114.0,3.1426,4.0
1753769613623,06:13:33.623,xt,XRP/USDT:USDT,3.1413,339.0,3.1412,67.0,3.1424,114.0,3.1426,4.0
1753769613745,06:13:33.745,xt,XRP/USDT:USDT,3.1413,540.0,3.1412,386.0,3.1424,119.0,3.1425,319.0
1753769613869,06:13:33.869,xt,XRP/USDT:USDT,3.1413,540.0,3.1412,386.0,3.1424,119.0,3.1425,319.0
1753769613993,06:13:33.993,xt,XRP/USDT:USDT,3.1413,540.0,3.1412,386.0,3.1424,119.0,3.1425,319.0
1753769614133,06:13:34.133,xt,XRP/USDT:USDT,3.1413,367.0,3.1411,148.0,3.1424,254.0,3.1425,362.0
1753769614223,06:13:34.223,xt,XRP/USDT:USDT,3.1413,367.0,3.1411,148.0,3.1424,254.0,3.1425,362.0
1753769614378,06:13:34.378,xt,XRP/USDT:USDT,3.1412,507.0,3.141,365.0,3.1423,7.0,3.1425,301.0
1753769614503,06:13:34.503,xt,XRP/USDT:USDT,3.1412,507.0,3.141,130.0,3.1423,7.0,3.1425,301.0
1753769614652,06:13:34.652,xt,XRP/USDT:USDT,3.1411,164.0,3.141,422.0,3.1422,91.0,3.1423,190.0
1753769614767,06:13:34.767,xt,XRP/USDT:USDT,3.1411,164.0,3.141,422.0,3.1422,91.0,3.1423,129.0
1753769614913,06:13:34.913,xt,XRP/USDT:USDT,3.141,82.0,3.1408,234.0,3.1421,98.0,3.1423,331.0
1753769615035,06:13:35.035,xt,XRP/USDT:USDT,3.141,82.0,3.1408,234.0,3.1421,98.0,3.1423,331.0
1753769615161,06:13:35.161,xt,XRP/USDT:USDT,3.141,82.0,3.1408,234.0,3.1421,98.0,3.1423,331.0
1753769615277,06:13:35.277,xt,XRP/USDT:USDT,3.141,315.0,3.1407,66.0,3.1421,121.0,3.1423,342.0
1753769615453,06:13:35.453,xt,XRP/USDT:USDT,3.141,315.0,3.1407,66.0,3.1421,121.0,3.1423,342.0
1753769615577,06:13:35.577,xt,XRP/USDT:USDT,3.141,494.0,3.1408,233.0,3.1421,195.0,3.1424,104.0
1753769615685,06:13:35.685,xt,XRP/USDT:USDT,3.141,494.0,3.1408,233.0,3.1421,195.0,3.1424,104.0
1753769615846,06:13:35.846,xt,XRP/USDT:USDT,3.141,268.0,3.1408,244.0,3.1421,475.0,3.1424,136.0
1753769615946,06:13:35.946,xt,XRP/USDT:USDT,3.141,268.0,3.1408,244.0,3.1421,475.0,3.1424,136.0
1753769616061,06:13:36.061,xt,XRP/USDT:USDT,3.141,268.0,3.1408,244.0,3.1421,475.0,3.1424,136.0
1753769616236,06:13:36.236,xt,XRP/USDT:USDT,3.141,36.0,3.1408,278.0,3.1421,173.0,3.1424,345.0
1753769616357,06:13:36.357,xt,XRP/USDT:USDT,3.141,36.0,3.1408,278.0,3.1421,173.0,3.1424,345.0
1753769616506,06:13:36.506,xt,XRP/USDT:USDT,3.141,526.0,3.1408,251.0,3.1421,357.0,3.1423,65.0
1753769616628,06:13:36.628,xt,XRP/USDT:USDT,3.141,526.0,3.1408,251.0,3.1421,357.0,3.1423,65.0
1753769616766,06:13:36.766,xt,XRP/USDT:USDT,3.141,49.0,3.1407,27.0,3.1421,382.0,3.1424,378.0
1753769616865,06:13:36.865,xt,XRP/USDT:USDT,3.141,49.0,3.1407,27.0,3.1421,382.0,3.1424,378.0
1753769617017,06:13:37.017,xt,XRP/USDT:USDT,3.141,49.0,3.1407,27.0,3.1421,382.0,3.1424,378.0
1753769617171,06:13:37.171,xt,XRP/USDT:USDT,3.141,124.0,3.1408,365.0,3.1421,319.0,3.1424,21.0
1753769617295,06:13:37.295,xt,XRP/USDT:USDT,3.141,124.0,3.1408,365.0,3.1421,319.0,3.1424,209.0
1753769617408,06:13:37.408,xt,XRP/USDT:USDT,3.141,303.0,3.1408,304.0,3.1421,545.0,3.1424,319.0
1753769617563,06:13:37.563,xt,XRP/USDT:USDT,3.141,303.0,3.1408,304.0,3.1421,545.0,3.1424,310.0
1753769617677,06:13:37.677,xt,XRP/USDT:USDT,3.141,509.0,3.1407,54.0,3.1421,136.0,3.1424,395.0
1753769617799,06:13:37.799,xt,XRP/USDT:USDT,3.141,509.0,3.1407,410.0,3.1421,136.0,3.1424,395.0
1753769617927,06:13:37.927,xt,XRP/USDT:USDT,3.141,509.0,3.1407,410.0,3.1421,136.0,3.1424,395.0
1753769618068,06:13:38.068,xt,XRP/USDT:USDT,3.141,92.0,3.1408,92.0,3.1421,119.0,3.1424,337.0
1753769618198,06:13:38.198,xt,XRP/USDT:USDT,3.141,92.0,3.1408,92.0,3.1421,119.0,3.1424,337.0
1753769618317,06:13:38.317,xt,XRP/USDT:USDT,3.141,71.0,3.1407,233.0,3.1421,306.0,3.1424,332.0
1753769618454,06:13:38.454,xt,XRP/USDT:USDT,3.141,71.0,3.1407,175.0,3.1421,306.0,3.1424,332.0
1753769618607,06:13:38.607,xt,XRP/USDT:USDT,3.141,44.0,3.1408,423.0,3.1421,555.0,3.1424,282.0
1753769618731,06:13:38.731,xt,XRP/USDT:USDT,3.141,44.0,3.1408,423.0,3.1421,555.0,3.1424,282.0
1753769618844,06:13:38.844,xt,XRP/USDT:USDT,3.141,359.0,3.1408,268.0,3.1421,394.0,3.1424,275.0
1753769618998,06:13:38.998,xt,XRP/USDT:USDT,3.141,359.0,3.1408,268.0,3.1421,394.0,3.1424,275.0
1753769619117,06:13:39.117,xt,XRP/USDT:USDT,3.141,359.0,3.1408,268.0,3.1421,394.0,3.1424,370.0
1753769619265,06:13:39.265,xt,XRP/USDT:USDT,3.141,390.0,3.1407,344.0,3.1421,270.0,3.1424,400.0
1753769619395,06:13:39.395,xt,XRP/USDT:USDT,3.141,390.0,3.1407,344.0,3.1421,270.0,3.1424,400.0
1753769619544,06:13:39.544,xt,XRP/USDT:USDT,3.141,89.0,3.1408,169.0,3.1421,85.0,3.1423,424.0
1753769619659,06:13:39.659,xt,XRP/USDT:USDT,3.141,89.0,3.1408,237.0,3.1421,85.0,3.1423,424.0
1753769619810,06:13:39.810,xt,XRP/USDT:USDT,3.141,369.0,3.1408,393.0,3.1421,11.0,3.1424,8.0
1753769619953,06:13:39.953,xt,XRP/USDT:USDT,3.141,369.0,3.1408,393.0,3.1421,11.0,3.1424,8.0
1753769620081,06:13:40.081,xt,XRP/USDT:USDT,3.141,492.0,3.1408,380.0,3.1421,512.0,3.1424,125.0
1753769620206,06:13:40.206,xt,XRP/USDT:USDT,3.141,492.0,3.1408,380.0,3.1421,512.0,3.1424,125.0
1753769620345,06:13:40.345,xt,XRP/USDT:USDT,3.141,105.0,3.1408,430.0,3.1421,556.0,3.1424,334.0
1753769620457,06:13:40.457,xt,XRP/USDT:USDT,3.141,105.0,3.1408,124.0,3.1421,556.0,3.1424,334.0
1753769620590,06:13:40.590,xt,XRP/USDT:USDT,3.141,105.0,3.1408,124.0,3.1421,556.0,3.1424,334.0
1753769620703,06:13:40.703,xt,XRP/USDT:USDT,3.141,279.0,3.1407,87.0,3.1421,437.0,3.1423,412.0
1753769620856,06:13:40.856,xt,XRP/USDT:USDT,3.141,279.0,3.1407,87.0,3.1421,437.0,3.1423,379.0
1753769621007,06:13:41.007,xt,XRP/USDT:USDT,3.141,398.0,3.1408,397.0,3.1421,505.0,3.1424,329.0
1753769621097,06:13:41.097,xt,XRP/USDT:USDT,3.141,398.0,3.1408,397.0,3.1421,505.0,3.1424,154.0
1753769621277,06:13:41.277,xt,XRP/USDT:USDT,3.1411,324.0,3.141,420.0,3.1422,515.0,3.1424,365.0
1753769621401,06:13:41.401,xt,XRP/USDT:USDT,3.1411,324.0,3.141,420.0,3.1422,515.0,3.1424,365.0
1753769621522,06:13:41.522,xt,XRP/USDT:USDT,3.1411,324.0,3.141,420.0,3.1422,515.0,3.1424,365.0
1753769621667,06:13:41.667,xt,XRP/USDT:USDT,3.1411,82.0,3.1409,355.0,3.1422,470.0,3.1424,45.0
1753769621785,06:13:41.785,xt,XRP/USDT:USDT,3.1411,82.0,3.1409,355.0,3.1422,470.0,3.1424,45.0
1753769621911,06:13:41.911,xt,XRP/USDT:USDT,3.1411,140.0,3.141,379.0,3.1422,319.0,3.1423,81.0
1753769622026,06:13:42.026,xt,XRP/USDT:USDT,3.1411,140.0,3.141,379.0,3.1422,319.0,3.1423,81.0
1753769622090,06:13:42.090,xt,XRP/USDT:USDT,3.1411,140.0,3.141,379.0,3.1422,319.0,3.1423,81.0
1753769622178,06:13:42.178,xt,XRP/USDT:USDT,3.1411,457.0,3.1409,17.0,3.1422,147.0,3.1424,248.0
1753769622310,06:13:42.310,xt,XRP/USDT:USDT,3.1411,457.0,3.1409,17.0,3.1422,147.0,3.1424,248.0
1753769622454,06:13:42.454,xt,XRP/USDT:USDT,3.1411,116.0,3.1409,278.0,3.1422,256.0,3.1424,263.0
1753769622572,06:13:42.572,xt,XRP/USDT:USDT,3.1411,116.0,3.1409,278.0,3.1422,256.0,3.1424,263.0
1753769622697,06:13:42.697,xt,XRP/USDT:USDT,3.1411,116.0,3.1409,278.0,3.1422,256.0,3.1424,263.0
1753769622859,06:13:42.859,xt,XRP/USDT:USDT,3.1411,379.0,3.1409,77.0,3.1422,542.0,3.1423,165.0
1753769622962,06:13:42.962,xt,XRP/USDT:USDT,3.1411,379.0,3.1409,77.0,3.1422,542.0,3.1423,165.0
1753769623078,06:13:43.078,xt,XRP/USDT:USDT,3.1411,38.0,3.1409,99.0,3.1422,515.0,3.1424,278.0
1753769623229,06:13:43.229,xt,XRP/USDT:USDT,3.1411,38.0,3.1409,99.0,3.1422,515.0,3.1424,278.0
1753769623376,06:13:43.376,xt,XRP/USDT:USDT,3.1411,19.0,3.141,344.0,3.1422,355.0,3.1423,305.0
1753769623504,06:13:43.504,xt,XRP/USDT:USDT,3.1411,19.0,3.141,344.0,3.1422,355.0,3.1423,305.0
1753769623619,06:13:43.619,xt,XRP/USDT:USDT,3.1411,19.0,3.141,344.0,3.1422,355.0,3.1423,305.0
1753769623718,06:13:43.718,xt,XRP/USDT:USDT,3.1411,133.0,3.1409,341.0,3.1422,537.0,3.1424,24.0
1753769623860,06:13:43.860,xt,XRP/USDT:USDT,3.1411,133.0,3.1409,341.0,3.1422,537.0,3.1424,24.0
1753769624006,06:13:44.006,xt,XRP/USDT:USDT,3.1411,158.0,3.141,384.0,3.1422,229.0,3.1424,376.0
1753769624157,06:13:44.157,xt,XRP/USDT:USDT,3.1411,158.0,3.141,384.0,3.1422,229.0,3.1424,376.0
1753769624276,06:13:44.276,xt,XRP/USDT:USDT,3.1411,20.0,3.141,405.0,3.1422,113.0,3.1423,106.0
1753769624428,06:13:44.428,xt,XRP/USDT:USDT,3.1411,20.0,3.141,405.0,3.1422,113.0,3.1423,106.0
1753769624546,06:13:44.546,xt,XRP/USDT:USDT,3.1411,20.0,3.141,405.0,3.1422,113.0,3.1423,106.0
1753769624673,06:13:44.673,xt,XRP/USDT:USDT,3.1411,420.0,3.1409,353.0,3.1422,535.0,3.1423,90.0
1753769624814,06:13:44.814,xt,XRP/USDT:USDT,3.1411,420.0,3.1409,353.0,3.1422,535.0,3.1423,90.0
1753769624934,06:13:44.934,xt,XRP/USDT:USDT,3.1411,62.0,3.1409,280.0,3.1422,297.0,3.1424,343.0
1753769625059,06:13:45.059,xt,XRP/USDT:USDT,3.1411,62.0,3.1409,280.0,3.1422,297.0,3.1424,343.0
1753769625207,06:13:45.207,xt,XRP/USDT:USDT,3.1411,556.0,3.141,264.0,3.1422,257.0,3.1423,135.0
1753769625357,06:13:45.357,xt,XRP/USDT:USDT,3.1411,556.0,3.141,264.0,3.1422,257.0,3.1423,135.0
1753769625480,06:13:45.480,xt,XRP/USDT:USDT,3.1411,556.0,3.141,264.0,3.1422,257.0,3.1423,135.0
1753769625604,06:13:45.604,xt,XRP/USDT:USDT,3.1411,230.0,3.1409,113.0,3.1422,435.0,3.1424,355.0
1753769625726,06:13:45.726,xt,XRP/USDT:USDT,3.1411,230.0,3.1409,113.0,3.1422,435.0,3.1424,355.0
1753769625866,06:13:45.866,xt,XRP/USDT:USDT,3.1411,435.0,3.141,306.0,3.1422,311.0,3.1423,320.0
1753769625993,06:13:45.993,xt,XRP/USDT:USDT,3.1411,435.0,3.141,306.0,3.1422,311.0,3.1423,320.0
1753769626109,06:13:46.109,xt,XRP/USDT:USDT,3.1411,303.0,3.1409,270.0,3.1422,33.0,3.1424,118.0
1753769626266,06:13:46.266,xt,XRP/USDT:USDT,3.1411,303.0,3.1409,270.0,3.1422,33.0,3.1424,118.0
1753769626385,06:13:46.385,xt,XRP/USDT:USDT,3.1411,303.0,3.1409,270.0,3.1422,33.0,3.1424,118.0
1753769626535,06:13:46.535,xt,XRP/USDT:USDT,3.1411,436.0,3.141,346.0,3.1422,494.0,3.1423,376.0
1753769626678,06:13:46.678,xt,XRP/USDT:USDT,3.1411,436.0,3.141,199.0,3.1422,494.0,3.1423,376.0
1753769626799,06:13:46.799,xt,XRP/USDT:USDT,3.1411,251.0,3.1409,88.0,3.1422,78.0,3.1423,10.0
1753769626921,06:13:46.921,xt,XRP/USDT:USDT,3.1411,251.0,3.1409,88.0,3.1422,78.0,3.1423,10.0
1753769627075,06:13:47.075,xt,XRP/USDT:USDT,3.1411,177.0,3.1409,297.0,3.1422,185.0,3.1424,83.0
1753769627193,06:13:47.193,xt,XRP/USDT:USDT,3.1411,177.0,3.1409,297.0,3.1422,185.0,3.1424,83.0
1753769627313,06:13:47.313,xt,XRP/USDT:USDT,3.1411,177.0,3.1409,297.0,3.1422,185.0,3.1424,83.0
1753769627453,06:13:47.453,xt,XRP/USDT:USDT,3.1414,348.0,3.1411,198.0,3.1425,77.0,3.1428,201.0
1753769627578,06:13:47.578,xt,XRP/USDT:USDT,3.1414,348.0,3.1411,198.0,3.1425,77.0,3.1428,201.0
1753769627700,06:13:47.700,xt,XRP/USDT:USDT,3.1414,122.0,3.1412,376.0,3.1425,192.0,3.1427,29.0
1753769627845,06:13:47.845,xt,XRP/USDT:USDT,3.1414,122.0,3.1412,376.0,3.1425,192.0,3.1427,29.0
1753769627972,06:13:47.972,xt,XRP/USDT:USDT,3.1414,41.0,3.1412,88.0,3.1425,203.0,3.1428,149.0
1753769628089,06:13:48.089,xt,XRP/USDT:USDT,3.1414,41.0,3.1412,339.0,3.1425,203.0,3.1428,149.0
1753769628210,06:13:48.210,xt,XRP/USDT:USDT,3.1414,41.0,3.1412,339.0,3.1425,203.0,3.1428,149.0
1753769628332,06:13:48.332,xt,XRP/USDT:USDT,3.1415,105.0,3.1414,68.0,3.1426,47.0,3.1428,7.0
1753769628510,06:13:48.510,xt,XRP/USDT:USDT,3.1415,105.0,3.1414,68.0,3.1426,47.0,3.1428,7.0
1753769628633,06:13:48.633,xt,XRP/USDT:USDT,3.1415,324.0,3.1413,99.0,3.1426,525.0,3.1427,211.0
1753769628778,06:13:48.778,xt,XRP/USDT:USDT,3.1415,324.0,3.1413,99.0,3.1426,525.0,3.1427,211.0
1753769628894,06:13:48.894,xt,XRP/USDT:USDT,3.1415,530.0,3.1413,168.0,3.1426,176.0,3.1427,283.0
1753769629027,06:13:49.027,xt,XRP/USDT:USDT,3.1415,530.0,3.1413,168.0,3.1426,176.0,3.1427,283.0
1753769629167,06:13:49.167,xt,XRP/USDT:USDT,3.1417,143.0,3.1415,168.0,3.1428,289.0,3.1429,80.0
1753769629293,06:13:49.293,xt,XRP/USDT:USDT,3.1417,143.0,3.1415,168.0,3.1428,289.0,3.1429,80.0
1753769629438,06:13:49.438,xt,XRP/USDT:USDT,3.1417,90.0,3.1415,137.0,3.1428,262.0,3.143,327.0
1753769629551,06:13:49.551,xt,XRP/USDT:USDT,3.1417,90.0,3.1415,222.0,3.1428,262.0,3.143,327.0
1753769629698,06:13:49.698,xt,XRP/USDT:USDT,3.1417,90.0,3.1415,222.0,3.1428,262.0,3.143,327.0
1753769629834,06:13:49.834,xt,XRP/USDT:USDT,3.1411,126.0,3.1409,391.0,3.1422,90.0,3.1423,398.0
1753769629953,06:13:49.953,xt,XRP/USDT:USDT,3.1411,126.0,3.1409,391.0,3.1422,90.0,3.1423,398.0
1753769630093,06:13:50.093,xt,XRP/USDT:USDT,3.1411,547.0,3.1409,195.0,3.1422,179.0,3.1423,87.0
1753769630216,06:13:50.216,xt,XRP/USDT:USDT,3.1411,547.0,3.1409,195.0,3.1422,179.0,3.1423,87.0
1753769630335,06:13:50.335,xt,XRP/USDT:USDT,3.1411,372.0,3.1409,50.0,3.1422,178.0,3.1423,187.0
1753769630462,06:13:50.462,xt,XRP/USDT:USDT,3.1411,372.0,3.1409,50.0,3.1422,178.0,3.1423,422.0
1753769630612,06:13:50.612,xt,XRP/USDT:USDT,3.1411,372.0,3.1409,50.0,3.1422,178.0,3.1423,241.0
1753769630734,06:13:50.734,xt,XRP/USDT:USDT,3.1411,35.0,3.141,360.0,3.1422,248.0,3.1423,7.0
1753769630846,06:13:50.846,xt,XRP/USDT:USDT,3.1411,35.0,3.141,360.0,3.1422,248.0,3.1423,7.0
1753769630994,06:13:50.994,xt,XRP/USDT:USDT,3.1416,149.0,3.1414,354.0,3.1427,553.0,3.143,103.0
1753769631243,06:13:51.243,xt,XRP/USDT:USDT,3.1416,158.0,3.1414,288.0,3.1427,202.0,3.1429,154.0
1753769631378,06:13:51.378,xt,XRP/USDT:USDT,3.1416,158.0,3.1414,288.0,3.1427,202.0,3.1429,395.0
1753769631505,06:13:51.505,xt,XRP/USDT:USDT,3.1416,158.0,3.1414,406.0,3.1427,202.0,3.1429,395.0
1753769631631,06:13:51.631,xt,XRP/USDT:USDT,3.1414,440.0,3.1412,150.0,3.1425,232.0,3.1428,123.0
1753769631755,06:13:51.755,xt,XRP/USDT:USDT,3.1414,440.0,3.1412,150.0,3.1425,232.0,3.1428,123.0
1753769631894,06:13:51.894,xt,XRP/USDT:USDT,3.1414,21.0,3.1412,236.0,3.1425,491.0,3.1427,383.0
1753769632015,06:13:52.015,xt,XRP/USDT:USDT,3.1414,21.0,3.1412,33.0,3.1425,491.0,3.1427,383.0
1753769632147,06:13:52.147,xt,XRP/USDT:USDT,3.1414,24.0,3.1412,414.0,3.1425,200.0,3.1427,375.0
1753769632259,06:13:52.259,xt,XRP/USDT:USDT,3.1414,24.0,3.1412,414.0,3.1425,200.0,3.1427,375.0
1753769632383,06:13:52.383,xt,XRP/USDT:USDT,3.1414,24.0,3.1412,414.0,3.1425,200.0,3.1427,35.0
1753769632530,06:13:52.530,xt,XRP/USDT:USDT,3.1414,221.0,3.1411,314.0,3.1425,342.0,3.1427,339.0
1753769632681,06:13:52.681,xt,XRP/USDT:USDT,3.1414,221.0,3.1411,148.0,3.1425,342.0,3.1427,339.0
1753769632803,06:13:52.803,xt,XRP/USDT:USDT,3.1411,400.0,3.1409,249.0,3.1422,49.0,3.1423,172.0
1753769632946,06:13:52.946,xt,XRP/USDT:USDT,3.1411,400.0,3.1409,249.0,3.1422,49.0,3.1423,172.0
1753769633069,06:13:53.069,xt,XRP/USDT:USDT,3.1411,191.0,3.141,405.0,3.1422,231.0,3.1423,416.0
1753769633217,06:13:53.217,xt,XRP/USDT:USDT,3.1411,191.0,3.141,405.0,3.1422,231.0,3.1423,416.0
1753769633342,06:13:53.342,xt,XRP/USDT:USDT,3.1411,191.0,3.141,405.0,3.1422,231.0,3.1423,416.0
1753769633455,06:13:53.455,xt,XRP/USDT:USDT,3.1411,171.0,3.1409,230.0,3.1422,200.0,3.1423,250.0
1753769633577,06:13:53.577,xt,XRP/USDT:USDT,3.1411,171.0,3.1409,230.0,3.1422,200.0,3.1423,176.0
1753769633733,06:13:53.733,xt,XRP/USDT:USDT,3.1411,155.0,3.1409,287.0,3.1422,560.0,3.1423,345.0
1753769633847,06:13:53.847,xt,XRP/USDT:USDT,3.1411,155.0,3.1409,287.0,3.1422,560.0,3.1423,345.0
1753769633998,06:13:53.998,xt,XRP/USDT:USDT,3.1411,189.0,3.141,82.0,3.1422,114.0,3.1423,67.0
1753769634110,06:13:54.110,xt,XRP/USDT:USDT,3.1411,189.0,3.141,82.0,3.1422,114.0,3.1423,67.0
1753769634237,06:13:54.237,xt,XRP/USDT:USDT,3.1411,189.0,3.141,82.0,3.1422,114.0,3.1423,67.0
1753769634361,06:13:54.361,xt,XRP/USDT:USDT,3.1411,567.0,3.1409,246.0,3.1422,313.0,3.1424,117.0
1753769634511,06:13:54.511,xt,XRP/USDT:USDT,3.1411,567.0,3.1409,246.0,3.1422,313.0,3.1424,117.0
1753769634649,06:13:54.649,xt,XRP/USDT:USDT,3.1411,365.0,3.141,12.0,3.1422,380.0,3.1423,62.0
1753769634774,06:13:54.774,xt,XRP/USDT:USDT,3.1411,365.0,3.141,12.0,3.1422,380.0,3.1423,62.0
1753769634898,06:13:54.898,xt,XRP/USDT:USDT,3.1411,365.0,3.141,12.0,3.1422,380.0,3.1423,62.0
1753769635051,06:13:55.051,xt,XRP/USDT:USDT,3.1411,557.0,3.1409,240.0,3.1422,166.0,3.1423,234.0
1753769635168,06:13:55.168,xt,XRP/USDT:USDT,3.1411,557.0,3.1409,240.0,3.1422,166.0,3.1423,234.0
1753769635319,06:13:55.319,xt,XRP/USDT:USDT,3.1411,512.0,3.141,327.0,3.1422,183.0,3.1424,340.0
1753769635435,06:13:55.435,xt,XRP/USDT:USDT,3.1411,512.0,3.141,327.0,3.1422,183.0,3.1424,340.0
1753769635582,06:13:55.582,xt,XRP/USDT:USDT,3.1411,392.0,3.1409,186.0,3.1422,388.0,3.1424,142.0
1753769635706,06:13:55.706,xt,XRP/USDT:USDT,3.1411,392.0,3.1409,186.0,3.1422,388.0,3.1424,142.0
1753769635829,06:13:55.829,xt,XRP/USDT:USDT,3.1411,392.0,3.1409,186.0,3.1422,388.0,3.1424,269.0
1753769635951,06:13:55.951,xt,XRP/USDT:USDT,3.1411,408.0,3.1409,16.0,3.1422,53.0,3.1423,301.0
1753769635978,06:13:55.978,xt,XRP/USDT:USDT,3.1411,408.0,3.1409,16.0,3.1422,53.0,3.1423,301.0
1753769636069,06:13:56.069,xt,XRP/USDT:USDT,3.1411,408.0,3.1409,16.0,3.1422,53.0,3.1423,301.0
1753769636219,06:13:56.219,xt,XRP/USDT:USDT,3.1411,202.0,3.1409,417.0,3.1422,540.0,3.1424,79.0
1753769636354,06:13:56.354,xt,XRP/USDT:USDT,3.1411,202.0,3.1409,417.0,3.1422,540.0,3.1424,79.0
1753769636484,06:13:56.484,xt,XRP/USDT:USDT,3.1415,396.0,3.1413,390.0,3.1426,76.0,3.1427,97.0
1753769636609,06:13:56.609,xt,XRP/USDT:USDT,3.1415,396.0,3.1413,390.0,3.1426,76.0,3.1427,97.0
1753769636756,06:13:56.756,xt,XRP/USDT:USDT,3.1415,396.0,3.1413,390.0,3.1426,76.0,3.1427,97.0
1753769636876,06:13:56.876,xt,XRP/USDT:USDT,3.1415,177.0,3.1414,104.0,3.1426,104.0,3.1427,5.0
1753769637005,06:13:57.005,xt,XRP/USDT:USDT,3.1415,177.0,3.1414,104.0,3.1426,104.0,3.1427,5.0
1753769637148,06:13:57.148,xt,XRP/USDT:USDT,3.1415,54.0,3.1414,284.0,3.1426,396.0,3.1428,151.0
1753769637268,06:13:57.268,xt,XRP/USDT:USDT,3.1415,54.0,3.1414,284.0,3.1426,396.0,3.1428,151.0
1753769637395,06:13:57.395,xt,XRP/USDT:USDT,3.1415,519.0,3.1414,4.0,3.1426,293.0,3.1427,394.0
1753769637539,06:13:57.539,xt,XRP/USDT:USDT,3.1415,519.0,3.1414,4.0,3.1426,293.0,3.1427,394.0
1753769637629,06:13:57.629,xt,XRP/USDT:USDT,3.1415,519.0,3.1414,4.0,3.1426,293.0,3.1427,394.0
1753769637805,06:13:57.805,xt,XRP/USDT:USDT,3.1415,370.0,3.1413,328.0,3.1426,438.0,3.1428,396.0
1753769637925,06:13:57.925,xt,XRP/USDT:USDT,3.1415,370.0,3.1413,328.0,3.1426,438.0,3.1428,396.0
1753769638044,06:13:58.044,xt,XRP/USDT:USDT,3.1415,358.0,3.1414,192.0,3.1426,144.0,3.1428,383.0
1753769638176,06:13:58.176,xt,XRP/USDT:USDT,3.1415,358.0,3.1414,192.0,3.1426,144.0,3.1428,383.0
1753769638325,06:13:58.325,xt,XRP/USDT:USDT,3.1415,342.0,3.1413,376.0,3.1426,462.0,3.1427,221.0
1753769638437,06:13:58.437,xt,XRP/USDT:USDT,3.1415,342.0,3.1413,376.0,3.1426,462.0,3.1427,221.0
1753769638564,06:13:58.564,xt,XRP/USDT:USDT,3.1415,342.0,3.1413,376.0,3.1426,462.0,3.1427,221.0
1753769638707,06:13:58.707,xt,XRP/USDT:USDT,3.1415,464.0,3.1414,207.0,3.1426,531.0,3.1428,216.0
1753769638831,06:13:58.831,xt,XRP/USDT:USDT,3.1415,464.0,3.1414,207.0,3.1426,531.0,3.1428,216.0
1753769638945,06:13:58.945,xt,XRP/USDT:USDT,3.1415,539.0,3.1413,38.0,3.1426,631.0,3.1428,227.0
1753769639078,06:13:59.078,xt,XRP/USDT:USDT,3.1415,539.0,3.1413,38.0,3.1426,631.0,3.1428,227.0
1753769639219,06:13:59.219,xt,XRP/USDT:USDT,3.142,120.0,3.1417,240.0,3.1431,396.0,3.1433,134.0
1753769639333,06:13:59.333,xt,XRP/USDT:USDT,3.142,120.0,3.1417,240.0,3.1431,396.0,3.1433,134.0
1753769639489,06:13:59.489,xt,XRP/USDT:USDT,3.142,497.0,3.1418,415.0,3.1431,493.0,3.1433,222.0
1753769639604,06:13:59.604,xt,XRP/USDT:USDT,3.142,497.0,3.1418,415.0,3.1431,493.0,3.1433,424.0
1753769639728,06:13:59.728,xt,XRP/USDT:USDT,3.142,497.0,3.1418,415.0,3.1431,493.0,3.1433,424.0
1753769639853,06:13:59.853,xt,XRP/USDT:USDT,3.142,16.0,3.1418,154.0,3.1431,231.0,3.1433,160.0
1753769640006,06:14:00.006,xt,XRP/USDT:USDT,3.142,16.0,3.1418,154.0,3.1431,231.0,3.1433,160.0
1753769640129,06:14:00.129,xt,XRP/USDT:USDT,3.142,531.0,3.1418,208.0,3.1431,172.0,3.1433,76.0
1753769640272,06:14:00.272,xt,XRP/USDT:USDT,3.142,531.0,3.1418,208.0,3.1431,172.0,3.1433,76.0
1753769640386,06:14:00.386,xt,XRP/USDT:USDT,3.1417,246.0,3.1416,149.0,3.1428,98.0,3.1429,167.0
1753769640521,06:14:00.521,xt,XRP/USDT:USDT,3.1417,246.0,3.1416,149.0,3.1428,98.0,3.1429,167.0
1753769640656,06:14:00.656,xt,XRP/USDT:USDT,3.1417,246.0,3.1416,122.0,3.1428,98.0,3.1429,167.0
1753769640778,06:14:00.778,xt,XRP/USDT:USDT,3.1417,27.0,3.1415,337.0,3.1428,70.0,3.143,411.0
1753769640895,06:14:00.895,xt,XRP/USDT:USDT,3.1417,27.0,3.1415,219.0,3.1428,70.0,3.143,411.0
1753769641040,06:14:01.040,xt,XRP/USDT:USDT,3.1418,334.0,3.1415,219.0,3.1429,199.0,3.1432,273.0
1753769641166,06:14:01.166,xt,XRP/USDT:USDT,3.1418,334.0,3.1415,219.0,3.1429,199.0,3.1432,273.0
1753769641276,06:14:01.276,xt,XRP/USDT:USDT,3.1418,334.0,3.1415,219.0,3.1429,199.0,3.1432,273.0
1753769641406,06:14:01.406,xt,XRP/USDT:USDT,3.1418,37.0,3.1416,102.0,3.1429,69.0,3.1431,10.0
1753769641566,06:14:01.566,xt,XRP/USDT:USDT,3.1418,37.0,3.1416,102.0,3.1429,69.0,3.1431,10.0
1753769641685,06:14:01.685,xt,XRP/USDT:USDT,3.1418,440.0,3.1415,331.0,3.1429,13.0,3.1432,206.0
1753769641825,06:14:01.825,xt,XRP/USDT:USDT,3.1418,440.0,3.1415,331.0,3.1429,13.0,3.1432,206.0
1753769641979,06:14:01.979,xt,XRP/USDT:USDT,3.1418,542.0,3.1416,209.0,3.1429,42.0,3.1431,7.0
1753769642102,06:14:02.102,xt,XRP/USDT:USDT,3.1418,542.0,3.1416,209.0,3.1429,42.0,3.1431,7.0
1753769642224,06:14:02.224,xt,XRP/USDT:USDT,3.1418,236.0,3.1416,240.0,3.1429,42.0,3.1432,88.0
1753769642371,06:14:02.371,xt,XRP/USDT:USDT,3.1418,236.0,3.1416,240.0,3.1429,42.0,3.1432,88.0
1753769642612,06:14:02.612,xt,XRP/USDT:USDT,3.1418,55.0,3.1415,159.0,3.1429,97.0,3.1432,132.0
1753769642760,06:14:02.760,xt,XRP/USDT:USDT,3.1418,55.0,3.1415,159.0,3.1429,97.0,3.1432,132.0
1753769642908,06:14:02.908,xt,XRP/USDT:USDT,3.1418,174.0,3.1416,222.0,3.1429,116.0,3.1431,284.0
1753769643029,06:14:03.029,xt,XRP/USDT:USDT,3.1418,174.0,3.1416,11.0,3.1429,116.0,3.1431,284.0
1753769643182,06:14:03.182,xt,XRP/USDT:USDT,3.1418,62.0,3.1415,237.0,3.1429,285.0,3.1432,363.0
1753769643296,06:14:03.296,xt,XRP/USDT:USDT,3.1418,62.0,3.1415,237.0,3.1429,285.0,3.1432,363.0
1753769643435,06:14:03.435,xt,XRP/USDT:USDT,3.1418,62.0,3.1415,237.0,3.1429,285.0,3.1432,363.0
1753769643542,06:14:03.542,xt,XRP/USDT:USDT,3.1418,191.0,3.1416,41.0,3.1429,327.0,3.1431,170.0
1753769643654,06:14:03.654,xt,XRP/USDT:USDT,3.1418,191.0,3.1416,41.0,3.1429,327.0,3.1431,170.0
1753769643809,06:14:03.809,xt,XRP/USDT:USDT,3.1418,241.0,3.1416,229.0,3.1429,475.0,3.1431,364.0
1753769643936,06:14:03.936,xt,XRP/USDT:USDT,3.1418,241.0,3.1416,229.0,3.1429,475.0,3.1431,364.0
1753769644079,06:14:04.079,xt,XRP/USDT:USDT,3.1418,291.0,3.1416,68.0,3.1429,295.0,3.1431,268.0
1753769644206,06:14:04.206,xt,XRP/USDT:USDT,3.1418,291.0,3.1416,68.0,3.1429,295.0,3.1431,268.0
1753769644319,06:14:04.319,xt,XRP/USDT:USDT,3.1418,291.0,3.1416,68.0,3.1429,295.0,3.1431,268.0
1753769644470,06:14:04.470,xt,XRP/USDT:USDT,3.1418,213.0,3.1416,337.0,3.1429,58.0,3.1431,190.0
1753769644593,06:14:04.593,xt,XRP/USDT:USDT,3.1418,213.0,3.1416,337.0,3.1429,58.0,3.1431,190.0
1753769644734,06:14:04.734,xt,XRP/USDT:USDT,3.1418,425.0,3.1415,357.0,3.1429,167.0,3.1431,166.0
1753769644859,06:14:04.859,xt,XRP/USDT:USDT,3.1418,425.0,3.1415,357.0,3.1429,167.0,3.1431,166.0
1753769645010,06:14:05.010,xt,XRP/USDT:USDT,3.1418,303.0,3.1415,190.0,3.1429,203.0,3.1432,347.0
1753769645127,06:14:05.127,xt,XRP/USDT:USDT,3.1418,303.0,3.1415,190.0,3.1429,203.0,3.1432,393.0
1753769645249,06:14:05.249,xt,XRP/USDT:USDT,3.1418,303.0,3.1415,190.0,3.1429,203.0,3.1432,393.0
1753769645371,06:14:05.371,xt,XRP/USDT:USDT,3.1418,173.0,3.1416,364.0,3.1429,246.0,3.1431,217.0
1753769645515,06:14:05.515,xt,XRP/USDT:USDT,3.1418,173.0,3.1416,364.0,3.1429,246.0,3.1431,217.0
1753769645663,06:14:05.663,xt,XRP/USDT:USDT,3.1418,450.0,3.1416,23.0,3.1429,139.0,3.1432,294.0
1753769645787,06:14:05.787,xt,XRP/USDT:USDT,3.1418,450.0,3.1416,23.0,3.1429,139.0,3.1432,294.0
1753769645909,06:14:05.909,xt,XRP/USDT:USDT,3.1418,203.0,3.1416,61.0,3.1429,58.0,3.1432,160.0
1753769646063,06:14:06.063,xt,XRP/USDT:USDT,3.1418,203.0,3.1416,61.0,3.1429,58.0,3.1432,234.0
1753769646178,06:14:06.178,xt,XRP/USDT:USDT,3.1418,203.0,3.1416,61.0,3.1429,58.0,3.1432,300.0
1753769646303,06:14:06.303,xt,XRP/USDT:USDT,3.1418,566.0,3.1415,122.0,3.1429,133.0,3.1431,104.0
1753769646422,06:14:06.422,xt,XRP/USDT:USDT,3.1418,566.0,3.1415,122.0,3.1429,133.0,3.1431,104.0
1753769646536,06:14:06.536,xt,XRP/USDT:USDT,3.1418,224.0,3.1415,147.0,3.1429,505.0,3.1432,303.0
1753769646689,06:14:06.689,xt,XRP/USDT:USDT,3.1418,224.0,3.1415,57.0,3.1429,505.0,3.1432,303.0
1753769646807,06:14:06.807,xt,XRP/USDT:USDT,3.142,62.0,3.1417,162.0,3.1431,91.0,3.1433,380.0
1753769646932,06:14:06.932,xt,XRP/USDT:USDT,3.142,62.0,3.1417,162.0,3.1431,91.0,3.1433,380.0
1753769647072,06:14:07.072,xt,XRP/USDT:USDT,3.142,62.0,3.1417,162.0,3.1431,91.0,3.1433,380.0
1753769647199,06:14:07.199,xt,XRP/USDT:USDT,3.1422,159.0,3.1419,49.0,3.1433,374.0,3.1435,235.0
1753769647320,06:14:07.320,xt,XRP/USDT:USDT,3.1422,159.0,3.1419,49.0,3.1433,374.0,3.1435,235.0
1753769647475,06:14:07.475,xt,XRP/USDT:USDT,3.1422,536.0,3.142,95.0,3.1433,491.0,3.1435,35.0
1753769647622,06:14:07.622,xt,XRP/USDT:USDT,3.1422,536.0,3.142,95.0,3.1433,491.0,3.1435,35.0
1753769647732,06:14:07.732,xt,XRP/USDT:USDT,3.1422,572.0,3.1419,50.0,3.1433,400.0,3.1436,210.0
1753769647858,06:14:07.858,xt,XRP/USDT:USDT,3.1422,572.0,3.1419,50.0,3.1433,400.0,3.1436,210.0
1753769648012,06:14:08.012,xt,XRP/USDT:USDT,3.1422,556.0,3.1419,211.0,3.1433,59.0,3.1436,123.0
1753769648124,06:14:08.124,xt,XRP/USDT:USDT,3.1422,556.0,3.1419,29.0,3.1433,59.0,3.1436,123.0
1753769648274,06:14:08.274,xt,XRP/USDT:USDT,3.1422,556.0,3.1419,29.0,3.1433,59.0,3.1436,123.0
1753769648395,06:14:08.395,xt,XRP/USDT:USDT,3.1422,380.0,3.142,59.0,3.1433,286.0,3.1436,335.0
1753769648518,06:14:08.518,xt,XRP/USDT:USDT,3.1422,380.0,3.142,59.0,3.1433,286.0,3.1436,335.0
1753769648675,06:14:08.675,xt,XRP/USDT:USDT,3.1422,222.0,3.1419,406.0,3.1433,366.0,3.1435,30.0
1753769648786,06:14:08.786,xt,XRP/USDT:USDT,3.1422,222.0,3.1419,406.0,3.1433,366.0,3.1435,30.0
1753769648918,06:14:08.918,xt,XRP/USDT:USDT,3.1422,266.0,3.142,290.0,3.1433,488.0,3.1436,129.0
1753769649058,06:14:09.058,xt,XRP/USDT:USDT,3.1422,266.0,3.142,290.0,3.1433,488.0,3.1436,129.0
1753769649211,06:14:09.211,xt,XRP/USDT:USDT,3.1422,266.0,3.142,290.0,3.1433,488.0,3.1436,129.0
1753769649366,06:14:09.366,xt,XRP/USDT:USDT,3.1422,108.0,3.1419,321.0,3.1433,369.0,3.1435,41.0
1753769649476,06:14:09.476,xt,XRP/USDT:USDT,3.1422,108.0,3.1419,321.0,3.1433,369.0,3.1435,41.0
1753769649625,06:14:09.625,xt,XRP/USDT:USDT,3.1422,510.0,3.142,154.0,3.1433,415.0,3.1435,167.0
1753769649745,06:14:09.745,xt,XRP/USDT:USDT,3.1422,510.0,3.142,154.0,3.1433,415.0,3.1435,167.0
1753769649869,06:14:09.869,xt,XRP/USDT:USDT,3.1422,461.0,3.142,411.0,3.1433,129.0,3.1436,64.0
1753769649984,06:14:09.984,xt,XRP/USDT:USDT,3.1422,461.0,3.142,411.0,3.1433,129.0,3.1436,64.0
1753769650117,06:14:10.117,xt,XRP/USDT:USDT,3.1422,461.0,3.142,411.0,3.1433,129.0,3.1436,64.0
1753769650260,06:14:10.260,xt,XRP/USDT:USDT,3.1422,299.0,3.1419,403.0,3.1433,81.0,3.1436,83.0
1753769650385,06:14:10.385,xt,XRP/USDT:USDT,3.1422,299.0,3.1419,403.0,3.1433,81.0,3.1436,83.0
1753769650526,06:14:10.526,xt,XRP/USDT:USDT,3.1422,184.0,3.142,185.0,3.1433,264.0,3.1435,176.0
1753769650644,06:14:10.644,xt,XRP/USDT:USDT,3.1422,184.0,3.142,185.0,3.1433,264.0,3.1435,176.0
1753769650772,06:14:10.772,xt,XRP/USDT:USDT,3.1422,277.0,3.142,256.0,3.1433,230.0,3.1436,342.0
1753769650923,06:14:10.923,xt,XRP/USDT:USDT,3.1422,277.0,3.142,256.0,3.1433,230.0,3.1436,342.0
1753769651042,06:14:11.042,xt,XRP/USDT:USDT,3.1423,16.0,3.1422,362.0,3.1434,165.0,3.1435,422.0
1753769651190,06:14:11.190,xt,XRP/USDT:USDT,3.1423,16.0,3.1422,362.0,3.1434,165.0,3.1435,422.0
1753769651311,06:14:11.311,xt,XRP/USDT:USDT,3.1423,16.0,3.1422,362.0,3.1434,165.0,3.1435,422.0
1753769651424,06:14:11.424,xt,XRP/USDT:USDT,3.1423,14.0,3.1421,263.0,3.1434,151.0,3.1436,69.0
1753769651580,06:14:11.580,xt,XRP/USDT:USDT,3.1423,14.0,3.1421,263.0,3.1434,151.0,3.1436,69.0
1753769651693,06:14:11.693,xt,XRP/USDT:USDT,3.1424,32.0,3.1421,263.0,3.1435,546.0,3.1438,389.0
1753769651847,06:14:11.847,xt,XRP/USDT:USDT,3.1424,32.0,3.1421,263.0,3.1435,546.0,3.1438,389.0
1753769651934,06:14:11.934,xt,XRP/USDT:USDT,3.1424,243.0,3.1421,112.0,3.1435,100.0,3.1437,220.0
1753769652084,06:14:12.084,xt,XRP/USDT:USDT,3.1424,243.0,3.1421,112.0,3.1435,100.0,3.1437,263.0
1753769652212,06:14:12.212,xt,XRP/USDT:USDT,3.1424,243.0,3.1421,112.0,3.1435,100.0,3.1437,263.0
1753769652360,06:14:12.360,xt,XRP/USDT:USDT,3.1424,67.0,3.1421,421.0,3.1435,6.0,3.1437,27.0
1753769652475,06:14:12.475,xt,XRP/USDT:USDT,3.1424,67.0,3.1421,421.0,3.1435,6.0,3.1437,27.0
1753769652598,06:14:12.598,xt,XRP/USDT:USDT,3.1424,164.0,3.1421,3.0,3.1435,291.0,3.1437,210.0
1753769652744,06:14:12.744,xt,XRP/USDT:USDT,3.1424,164.0,3.1421,3.0,3.1435,291.0,3.1437,210.0
1753769652869,06:14:12.869,xt,XRP/USDT:USDT,3.1424,490.0,3.1421,150.0,3.1435,503.0,3.1438,64.0
1753769653024,06:14:13.024,xt,XRP/USDT:USDT,3.1424,490.0,3.1421,150.0,3.1435,503.0,3.1438,131.0
1753769653136,06:14:13.136,xt,XRP/USDT:USDT,3.1424,490.0,3.1421,150.0,3.1435,503.0,3.1438,131.0
1753769653285,06:14:13.285,xt,XRP/USDT:USDT,3.1424,561.0,3.1422,336.0,3.1435,123.0,3.1437,88.0
1753769653405,06:14:13.405,xt,XRP/USDT:USDT,3.1424,561.0,3.1422,336.0,3.1435,123.0,3.1437,88.0
1753769653527,06:14:13.527,xt,XRP/USDT:USDT,3.1424,85.0,3.1421,400.0,3.1435,296.0,3.1437,254.0
1753769653641,06:14:13.641,xt,XRP/USDT:USDT,3.1424,85.0,3.1421,400.0,3.1435,296.0,3.1437,254.0
1753769653801,06:14:13.801,xt,XRP/USDT:USDT,3.1424,292.0,3.1421,47.0,3.1435,146.0,3.1437,346.0
1753769653913,06:14:13.913,xt,XRP/USDT:USDT,3.1424,292.0,3.1421,47.0,3.1435,146.0,3.1437,263.0
1753769654039,06:14:14.039,xt,XRP/USDT:USDT,3.1424,292.0,3.1421,47.0,3.1435,146.0,3.1437,263.0
1753769654186,06:14:14.186,xt,XRP/USDT:USDT,3.1424,501.0,3.1421,208.0,3.1435,493.0,3.1438,92.0
1753769654306,06:14:14.306,xt,XRP/USDT:USDT,3.1424,501.0,3.1421,208.0,3.1435,493.0,3.1438,92.0
1753769654456,06:14:14.456,xt,XRP/USDT:USDT,3.1424,424.0,3.1421,343.0,3.1435,529.0,3.1437,340.0
1753769654578,06:14:14.578,xt,XRP/USDT:USDT,3.1424,424.0,3.1421,343.0,3.1435,529.0,3.1437,340.0
1753769654725,06:14:14.725,xt,XRP/USDT:USDT,3.1424,216.0,3.1421,67.0,3.1435,351.0,3.1437,171.0
1753769654849,06:14:14.849,xt,XRP/USDT:USDT,3.1424,216.0,3.1421,248.0,3.1435,351.0,3.1437,171.0
1753769654996,06:14:14.996,xt,XRP/USDT:USDT,3.1424,49.0,3.1421,45.0,3.1435,426.0,3.1438,36.0
1753769655146,06:14:15.146,xt,XRP/USDT:USDT,3.1424,49.0,3.1421,45.0,3.1435,426.0,3.1438,36.0
1753769655269,06:14:15.269,xt,XRP/USDT:USDT,3.1424,175.0,3.1422,79.0,3.1435,321.0,3.1437,339.0
1753769655383,06:14:15.383,xt,XRP/USDT:USDT,3.1424,175.0,3.1422,79.0,3.1435,321.0,3.1437,339.0
1753769655661,06:14:15.661,xt,XRP/USDT:USDT,3.1424,235.0,3.1421,12.0,3.1435,86.0,3.1437,412.0
1753769655777,06:14:15.777,xt,XRP/USDT:USDT,3.1424,235.0,3.1421,12.0,3.1435,86.0,3.1437,412.0
1753769655900,06:14:15.900,xt,XRP/USDT:USDT,3.1424,377.0,3.1421,332.0,3.1435,329.0,3.1437,20.0
1753769656014,06:14:16.014,xt,XRP/USDT:USDT,3.1424,377.0,3.1421,397.0,3.1435,329.0,3.1437,20.0
1753769656166,06:14:16.166,xt,XRP/USDT:USDT,3.1424,337.0,3.1422,76.0,3.1435,69.0,3.1437,202.0
1753769656290,06:14:16.290,xt,XRP/USDT:USDT,3.1424,337.0,3.1422,76.0,3.1435,69.0,3.1437,202.0
1753769656434,06:14:16.434,xt,XRP/USDT:USDT,3.1424,337.0,3.1422,76.0,3.1435,69.0,3.1437,202.0
1753769656566,06:14:16.566,xt,XRP/USDT:USDT,3.1424,482.0,3.1422,323.0,3.1435,417.0,3.1437,45.0
1753769656710,06:14:16.710,xt,XRP/USDT:USDT,3.1424,482.0,3.1422,323.0,3.1435,417.0,3.1437,45.0
