timestamp,time,exchange,symbol,bid1_price,bid1_volume,bid2_price,bid2_volume,ask1_price,ask1_volume,ask2_price,ask2_volume
1753769545210,06:12:25.210,huobi,XRP/USDT:USDT,3.14286,284.0,3.14272,39.0,3.14287,129.0,3.14294,48.0
1753769545320,06:12:25.320,huobi,XRP/USDT:USDT,3.14286,284.0,3.14272,39.0,3.14287,129.0,3.14294,48.0
1753769545346,06:12:25.346,huobi,XRP/USDT:USDT,3.14286,284.0,3.14272,39.0,3.14287,129.0,3.14294,48.0
1753769545408,06:12:25.408,huobi,XRP/USDT:USDT,3.14286,323.0,3.14272,39.0,3.14287,129.0,3.14294,48.0
1753769545818,06:12:25.818,huobi,XRP/USDT:USDT,3.14286,323.0,3.14272,39.0,3.14287,129.0,3.14294,48.0
1753769545874,06:12:25.874,huobi,XRP/USDT:USDT,3.14286,323.0,3.14272,39.0,3.14303,129.0,3.14304,691.0
1753769545895,06:12:25.895,huobi,XRP/USDT:USDT,3.14299,107.0,3.14286,323.0,3.14302,60.0,3.14303,177.0
1753769545935,06:12:25.935,huobi,XRP/USDT:USDT,3.14299,107.0,3.14286,193.0,3.143,168.0,3.14302,60.0
1753769545969,06:12:25.969,huobi,XRP/USDT:USDT,3.14299,107.0,3.14286,193.0,3.143,168.0,3.14301,39.0
1753769546422,06:12:26.422,huobi,XRP/USDT:USDT,3.14299,107.0,3.14286,25.0,3.143,384.0,3.14301,39.0
1753769546543,06:12:26.543,huobi,XRP/USDT:USDT,3.14299,107.0,3.14286,25.0,3.143,384.0,3.14301,39.0
1753769546642,06:12:26.642,huobi,XRP/USDT:USDT,3.14299,107.0,3.14286,25.0,3.143,302.0,3.14301,39.0
1753769547230,06:12:27.230,huobi,XRP/USDT:USDT,3.14299,107.0,3.14286,25.0,3.143,252.0,3.14301,39.0
1753769547246,06:12:27.246,huobi,XRP/USDT:USDT,3.14299,107.0,3.14286,25.0,3.143,252.0,3.14301,39.0
1753769547305,06:12:27.305,huobi,XRP/USDT:USDT,3.14299,107.0,3.14286,25.0,3.143,302.0,3.14301,39.0
1753769547372,06:12:27.372,huobi,XRP/USDT:USDT,3.14299,107.0,3.14286,25.0,3.143,228.0,3.14301,39.0
1753769547508,06:12:27.508,huobi,XRP/USDT:USDT,3.14299,107.0,3.14286,25.0,3.143,228.0,3.14301,39.0
1753769547527,06:12:27.527,huobi,XRP/USDT:USDT,3.14299,107.0,3.14286,25.0,3.143,302.0,3.14301,39.0
1753769547571,06:12:27.571,huobi,XRP/USDT:USDT,3.14299,107.0,3.14286,25.0,3.143,252.0,3.14301,39.0
1753769547615,06:12:27.615,huobi,XRP/USDT:USDT,3.14299,107.0,3.14286,25.0,3.143,228.0,3.14301,39.0
1753769547672,06:12:27.672,huobi,XRP/USDT:USDT,3.14299,236.0,3.14286,25.0,3.143,228.0,3.14301,39.0
1753769547767,06:12:27.767,huobi,XRP/USDT:USDT,3.14299,236.0,3.14286,25.0,3.143,252.0,3.14301,39.0
1753769548421,06:12:28.421,huobi,XRP/USDT:USDT,3.14299,107.0,3.14286,25.0,3.143,228.0,3.14301,39.0
1753769548642,06:12:28.642,huobi,XRP/USDT:USDT,3.14299,107.0,3.14286,25.0,3.143,252.0,3.14301,39.0
1753769549111,06:12:29.111,huobi,XRP/USDT:USDT,3.14299,107.0,3.14286,25.0,3.143,278.0,3.14301,39.0
1753769549189,06:12:29.189,huobi,XRP/USDT:USDT,3.14299,107.0,3.14286,25.0,3.143,228.0,3.14301,39.0
1753769549209,06:12:29.209,huobi,XRP/USDT:USDT,3.14299,107.0,3.14286,25.0,3.143,252.0,3.14301,39.0
1753769549489,06:12:29.489,huobi,XRP/USDT:USDT,3.14299,107.0,3.14286,25.0,3.143,248.0,3.14301,39.0
1753769550220,06:12:30.220,huobi,XRP/USDT:USDT,3.14299,233.0,3.14286,25.0,3.143,248.0,3.14301,39.0
1753769550348,06:12:30.348,huobi,XRP/USDT:USDT,3.14299,107.0,3.14286,25.0,3.143,272.0,3.14301,39.0
1753769550348,06:12:30.348,huobi,XRP/USDT:USDT,3.14299,107.0,3.14286,25.0,3.143,298.0,3.14301,39.0
1753769550848,06:12:30.848,huobi,XRP/USDT:USDT,3.14299,138.0,3.14286,64.0,3.143,248.0,3.14301,39.0
1753769550950,06:12:30.950,huobi,XRP/USDT:USDT,3.14299,256.0,3.14286,64.0,3.143,248.0,3.14301,39.0
1753769551541,06:12:31.541,huobi,XRP/USDT:USDT,3.14399,126.0,3.14381,165.0,3.144,820.0,3.14406,39.0
1753769551593,06:12:31.593,huobi,XRP/USDT:USDT,3.14399,126.0,3.14381,165.0,3.144,820.0,3.14406,39.0
1753769551917,06:12:31.917,huobi,XRP/USDT:USDT,3.14399,167.0,3.14381,165.0,3.144,840.0,3.14406,39.0
1753769551928,06:12:31.928,huobi,XRP/USDT:USDT,3.14399,167.0,3.14381,165.0,3.144,840.0,3.14406,39.0
1753769552049,06:12:32.049,huobi,XRP/USDT:USDT,3.14399,167.0,3.14381,165.0,3.144,820.0,3.14406,39.0
1753769552151,06:12:32.151,huobi,XRP/USDT:USDT,3.14399,167.0,3.14381,165.0,3.144,820.0,3.14406,39.0
1753769552217,06:12:32.217,huobi,XRP/USDT:USDT,3.14399,167.0,3.14381,165.0,3.144,820.0,3.14406,39.0
1753769552396,06:12:32.396,huobi,XRP/USDT:USDT,3.14399,167.0,3.14381,165.0,3.144,820.0,3.14406,39.0
1753769552464,06:12:32.464,huobi,XRP/USDT:USDT,3.14399,167.0,3.14381,165.0,3.144,820.0,3.14406,39.0
1753769552856,06:12:32.856,huobi,XRP/USDT:USDT,3.14399,149.0,3.14389,107.0,3.144,820.0,3.14406,39.0
1753769553223,06:12:33.223,huobi,XRP/USDT:USDT,3.14399,149.0,3.14389,107.0,3.144,820.0,3.14406,39.0
1753769553251,06:12:33.251,huobi,XRP/USDT:USDT,3.14399,149.0,3.14389,107.0,3.144,820.0,3.14406,39.0
1753769553485,06:12:33.485,huobi,XRP/USDT:USDT,3.14399,273.0,3.1439,39.0,3.144,691.0,3.14411,107.0
1753769553551,06:12:33.551,huobi,XRP/USDT:USDT,3.14399,380.0,3.1439,39.0,3.144,691.0,3.14424,131.0
1753769553706,06:12:33.706,huobi,XRP/USDT:USDT,3.14423,172.0,3.14401,39.0,3.14424,131.0,3.14432,39.0
1753769553733,06:12:33.733,huobi,XRP/USDT:USDT,3.14423,184.0,3.14401,39.0,3.14424,822.0,3.14432,39.0
1753769554250,06:12:34.250,huobi,XRP/USDT:USDT,3.14423,291.0,3.14401,39.0,3.14424,822.0,3.14432,39.0
1753769554413,06:12:34.413,huobi,XRP/USDT:USDT,3.14423,316.0,3.14401,39.0,3.14424,822.0,3.14432,39.0
1753769554448,06:12:34.448,huobi,XRP/USDT:USDT,3.14423,316.0,3.14401,39.0,3.14424,822.0,3.1444,131.0
1753769554475,06:12:34.475,huobi,XRP/USDT:USDT,3.14423,376.0,3.14401,39.0,3.14424,822.0,3.1444,131.0
1753769554754,06:12:34.754,huobi,XRP/USDT:USDT,3.14423,376.0,3.14401,39.0,3.14424,822.0,3.1444,131.0
1753769554868,06:12:34.868,huobi,XRP/USDT:USDT,3.14423,376.0,3.14401,39.0,3.14424,822.0,3.1444,131.0
1753769554965,06:12:34.965,huobi,XRP/USDT:USDT,3.14423,376.0,3.14401,39.0,3.14424,822.0,3.1444,131.0
1753769555037,06:12:35.037,huobi,XRP/USDT:USDT,3.14423,404.0,3.14401,39.0,3.14424,822.0,3.1444,131.0
1753769555056,06:12:35.056,huobi,XRP/USDT:USDT,3.14423,468.0,3.14401,39.0,3.14424,822.0,3.1444,131.0
1753769555078,06:12:35.078,huobi,XRP/USDT:USDT,3.14423,436.0,3.14401,39.0,3.14424,822.0,3.1444,131.0
1753769555436,06:12:35.436,huobi,XRP/USDT:USDT,3.14423,404.0,3.14401,39.0,3.14424,822.0,3.1444,131.0
1753769555463,06:12:35.463,huobi,XRP/USDT:USDT,3.14423,424.0,3.14401,39.0,3.1444,131.0,3.14444,39.0
1753769555496,06:12:35.496,huobi,XRP/USDT:USDT,3.14439,279.0,3.14426,60.0,3.1444,131.0,3.14444,39.0
1753769555529,06:12:35.529,huobi,XRP/USDT:USDT,3.14439,339.0,3.14425,25.0,3.1444,131.0,3.14444,39.0
1753769555559,06:12:35.559,huobi,XRP/USDT:USDT,3.14439,339.0,3.14425,25.0,3.1444,896.0,3.14444,39.0
1753769555785,06:12:35.785,huobi,XRP/USDT:USDT,3.14439,279.0,3.14425,25.0,3.1444,846.0,3.14444,39.0
1753769555807,06:12:35.807,huobi,XRP/USDT:USDT,3.14439,279.0,3.14425,25.0,3.1444,896.0,3.14444,39.0
1753769555832,06:12:35.832,huobi,XRP/USDT:USDT,3.14439,279.0,3.14425,25.0,3.1444,846.0,3.14444,39.0
1753769555873,06:12:35.873,huobi,XRP/USDT:USDT,3.14439,279.0,3.14425,25.0,3.1444,822.0,3.14444,39.0
1753769555892,06:12:35.892,huobi,XRP/USDT:USDT,3.14439,279.0,3.14425,25.0,3.1444,846.0,3.14444,39.0
1753769556038,06:12:36.038,huobi,XRP/USDT:USDT,3.14439,279.0,3.14425,25.0,3.1444,822.0,3.14444,39.0
1753769557746,06:12:37.746,huobi,XRP/USDT:USDT,3.14439,279.0,3.14425,25.0,3.1444,822.0,3.14444,39.0
1753769557807,06:12:37.807,huobi,XRP/USDT:USDT,3.14439,279.0,3.14426,39.0,3.1444,822.0,3.14444,39.0
1753769558354,06:12:38.354,huobi,XRP/USDT:USDT,3.14439,256.0,3.14426,39.0,3.1444,822.0,3.14444,39.0
1753769559301,06:12:39.301,huobi,XRP/USDT:USDT,3.14439,233.0,3.14426,39.0,3.1444,822.0,3.14444,39.0
1753769559309,06:12:39.309,huobi,XRP/USDT:USDT,3.14439,233.0,3.14426,39.0,3.1444,822.0,3.14444,39.0
1753769559333,06:12:39.333,huobi,XRP/USDT:USDT,3.14439,107.0,3.14425,25.0,3.1444,1038.0,3.14444,39.0
1753769559386,06:12:39.386,huobi,XRP/USDT:USDT,3.14439,107.0,3.14425,25.0,3.1444,1038.0,3.14444,39.0
1753769559398,06:12:39.398,huobi,XRP/USDT:USDT,3.14439,238.0,3.14425,25.0,3.1444,1038.0,3.14444,39.0
1753769559479,06:12:39.479,huobi,XRP/USDT:USDT,3.14439,238.0,3.14425,25.0,3.1444,1038.0,3.14444,39.0
1753769559509,06:12:39.509,huobi,XRP/USDT:USDT,3.14439,238.0,3.14425,25.0,3.1444,956.0,3.14444,39.0
1753769559668,06:12:39.668,huobi,XRP/USDT:USDT,3.14439,238.0,3.14425,25.0,3.1444,976.0,3.14444,39.0
1753769559743,06:12:39.743,huobi,XRP/USDT:USDT,3.14439,238.0,3.14425,25.0,3.1444,956.0,3.14444,39.0
1753769559876,06:12:39.876,huobi,XRP/USDT:USDT,3.14439,238.0,3.14425,25.0,3.1444,906.0,3.14444,39.0
1753769559924,06:12:39.924,huobi,XRP/USDT:USDT,3.14439,238.0,3.14425,25.0,3.1444,906.0,3.14444,39.0
1753769559948,06:12:39.948,huobi,XRP/USDT:USDT,3.14439,238.0,3.14425,25.0,3.1444,926.0,3.14444,39.0
1753769559973,06:12:39.973,huobi,XRP/USDT:USDT,3.14439,238.0,3.14425,25.0,3.1444,902.0,3.14444,39.0
1753769560022,06:12:40.022,huobi,XRP/USDT:USDT,3.14439,238.0,3.14425,25.0,3.1444,882.0,3.14444,39.0
1753769560026,06:12:40.026,huobi,XRP/USDT:USDT,3.14439,238.0,3.14425,25.0,3.1444,906.0,3.14444,39.0
1753769560251,06:12:40.251,huobi,XRP/USDT:USDT,3.14439,238.0,3.14425,25.0,3.1444,902.0,3.14444,39.0
1753769560272,06:12:40.272,huobi,XRP/USDT:USDT,3.14439,238.0,3.14425,25.0,3.1444,952.0,3.14444,39.0
1753769560301,06:12:40.301,huobi,XRP/USDT:USDT,3.14439,238.0,3.14425,25.0,3.1444,926.0,3.14444,39.0
1753769560343,06:12:40.343,huobi,XRP/USDT:USDT,3.14439,238.0,3.14425,25.0,3.1444,906.0,3.14444,39.0
1753769560560,06:12:40.560,huobi,XRP/USDT:USDT,3.14439,238.0,3.14425,25.0,3.1444,926.0,3.14444,39.0
1753769560639,06:12:40.639,huobi,XRP/USDT:USDT,3.14439,238.0,3.14425,25.0,3.1444,906.0,3.14444,39.0
1753769560904,06:12:40.904,huobi,XRP/USDT:USDT,3.14439,238.0,3.14425,25.0,3.1444,906.0,3.14444,39.0
1753769560958,06:12:40.958,huobi,XRP/USDT:USDT,3.14439,107.0,3.14425,25.0,3.1444,906.0,3.14444,39.0
1753769561014,06:12:41.014,huobi,XRP/USDT:USDT,3.14439,107.0,3.14425,25.0,3.1444,1015.0,3.14444,39.0
1753769561073,06:12:41.073,huobi,XRP/USDT:USDT,3.14439,107.0,3.14425,25.0,3.1444,995.0,3.14444,39.0
1753769561074,06:12:41.074,huobi,XRP/USDT:USDT,3.14439,107.0,3.14425,25.0,3.1444,945.0,3.14444,39.0
1753769561289,06:12:41.289,huobi,XRP/USDT:USDT,3.14439,107.0,3.14425,25.0,3.1444,965.0,3.14444,39.0
1753769561350,06:12:41.350,huobi,XRP/USDT:USDT,3.14439,107.0,3.14425,25.0,3.1444,941.0,3.14444,39.0
1753769561584,06:12:41.584,huobi,XRP/USDT:USDT,3.14439,107.0,3.14425,25.0,3.1444,941.0,3.14444,39.0
1753769561618,06:12:41.618,huobi,XRP/USDT:USDT,3.14439,107.0,3.14425,25.0,3.1444,965.0,3.14444,39.0
1753769561648,06:12:41.648,huobi,XRP/USDT:USDT,3.14439,238.0,3.14425,25.0,3.1444,921.0,3.14444,39.0
1753769561755,06:12:41.755,huobi,XRP/USDT:USDT,3.14439,238.0,3.14425,25.0,3.1444,921.0,3.14444,39.0
1753769561880,06:12:41.880,huobi,XRP/USDT:USDT,3.14439,238.0,3.14425,25.0,3.1444,941.0,3.14444,39.0
1753769561932,06:12:41.932,huobi,XRP/USDT:USDT,3.14439,238.0,3.14425,25.0,3.1444,881.0,3.14444,39.0
1753769561975,06:12:41.975,huobi,XRP/USDT:USDT,3.14439,238.0,3.14425,25.0,3.1444,861.0,3.14444,39.0
1753769562174,06:12:42.174,huobi,XRP/USDT:USDT,3.14439,238.0,3.14425,25.0,3.1444,861.0,3.14444,39.0
1753769562189,06:12:42.189,huobi,XRP/USDT:USDT,3.14439,238.0,3.14425,25.0,3.1444,881.0,3.14444,39.0
1753769562251,06:12:42.251,huobi,XRP/USDT:USDT,3.14439,238.0,3.14425,25.0,3.1444,861.0,3.14444,39.0
1753769562405,06:12:42.405,huobi,XRP/USDT:USDT,3.14439,238.0,3.14425,25.0,3.1444,885.0,3.14444,39.0
1753769562438,06:12:42.438,huobi,XRP/USDT:USDT,3.14439,238.0,3.14425,25.0,3.1444,861.0,3.14444,39.0
1753769562469,06:12:42.469,huobi,XRP/USDT:USDT,3.14439,238.0,3.14425,25.0,3.1444,881.0,3.14444,39.0
1753769562528,06:12:42.528,huobi,XRP/USDT:USDT,3.14439,238.0,3.14425,25.0,3.1444,861.0,3.14444,39.0
1753769564188,06:12:44.188,huobi,XRP/USDT:USDT,3.14439,238.0,3.14425,25.0,3.1444,861.0,3.14444,39.0
1753769564204,06:12:44.204,huobi,XRP/USDT:USDT,3.14439,238.0,3.14425,25.0,3.1444,861.0,3.14444,39.0
1753769565183,06:12:45.183,huobi,XRP/USDT:USDT,3.14439,238.0,3.14425,25.0,3.1444,861.0,3.14444,39.0
1753769566641,06:12:46.641,huobi,XRP/USDT:USDT,3.14439,238.0,3.14426,39.0,3.1444,861.0,3.14444,39.0
1753769567142,06:12:47.142,huobi,XRP/USDT:USDT,3.14439,238.0,3.14426,39.0,3.1444,861.0,3.14444,39.0
1753769568854,06:12:48.854,huobi,XRP/USDT:USDT,3.14439,261.0,3.14426,39.0,3.1444,861.0,3.14444,39.0
1753769569926,06:12:49.926,huobi,XRP/USDT:USDT,3.14439,261.0,3.14426,39.0,3.1444,861.0,3.14444,39.0
1753769570169,06:12:50.169,huobi,XRP/USDT:USDT,3.14439,321.0,3.14426,39.0,3.1444,861.0,3.14444,39.0
1753769570413,06:12:50.413,huobi,XRP/USDT:USDT,3.14439,261.0,3.14426,39.0,3.1444,861.0,3.14444,39.0
1753769570691,06:12:50.691,huobi,XRP/USDT:USDT,3.14439,261.0,3.14426,39.0,3.1444,861.0,3.14444,39.0
1753769571193,06:12:51.193,huobi,XRP/USDT:USDT,3.14439,261.0,3.14426,39.0,3.1444,861.0,3.14444,39.0
1753769571215,06:12:51.215,huobi,XRP/USDT:USDT,3.14439,261.0,3.14426,39.0,3.1444,861.0,3.14444,39.0
1753769571692,06:12:51.692,huobi,XRP/USDT:USDT,3.14439,261.0,3.14426,39.0,3.1444,861.0,3.14444,39.0
1753769571776,06:12:51.776,huobi,XRP/USDT:USDT,3.14439,261.0,3.14426,39.0,3.1444,861.0,3.14444,39.0
1753769571794,06:12:51.794,huobi,XRP/USDT:USDT,3.14439,261.0,3.14426,39.0,3.1444,861.0,3.14444,39.0
1753769572496,06:12:52.496,huobi,XRP/USDT:USDT,3.14439,261.0,3.14426,39.0,3.1444,822.0,3.14444,39.0
1753769572503,06:12:52.503,huobi,XRP/USDT:USDT,3.14439,346.0,3.14426,146.0,3.1444,131.0,3.14456,131.0
1753769572542,06:12:52.542,huobi,XRP/USDT:USDT,3.14439,346.0,3.14427,39.0,3.1444,131.0,3.14456,131.0
1753769572564,06:12:52.564,huobi,XRP/USDT:USDT,3.14455,318.0,3.14439,238.0,3.14472,132.0,3.14474,107.0
1753769572596,06:12:52.596,huobi,XRP/USDT:USDT,3.14471,171.0,3.14457,25.0,3.14472,132.0,3.14474,107.0
1753769572628,06:12:52.628,huobi,XRP/USDT:USDT,3.14471,234.0,3.14458,60.0,3.14472,822.0,3.14473,34.0
1753769572654,06:12:52.654,huobi,XRP/USDT:USDT,3.14471,234.0,3.14458,60.0,3.14472,822.0,3.14473,34.0
1753769572688,06:12:52.688,huobi,XRP/USDT:USDT,3.14471,234.0,3.14458,60.0,3.14472,896.0,3.14473,34.0
1753769572808,06:12:52.808,huobi,XRP/USDT:USDT,3.14471,234.0,3.14458,60.0,3.14472,822.0,3.14473,34.0
1753769572973,06:12:52.973,huobi,XRP/USDT:USDT,3.14471,234.0,3.14458,60.0,3.14472,822.0,3.14473,34.0
1753769573250,06:12:53.250,huobi,XRP/USDT:USDT,3.14471,234.0,3.14458,60.0,3.14472,822.0,3.14473,34.0
1753769573269,06:12:53.269,huobi,XRP/USDT:USDT,3.14471,234.0,3.14458,60.0,3.14472,822.0,3.14473,34.0
1753769573323,06:12:53.323,huobi,XRP/USDT:USDT,3.14471,234.0,3.14458,60.0,3.14472,822.0,3.14473,34.0
1753769574315,06:12:54.315,huobi,XRP/USDT:USDT,3.14471,234.0,3.14458,60.0,3.14472,822.0,3.14473,34.0
1753769574527,06:12:54.527,huobi,XRP/USDT:USDT,3.14471,234.0,3.14458,60.0,3.14472,822.0,3.14473,34.0
1753769574568,06:12:54.568,huobi,XRP/USDT:USDT,3.14471,257.0,3.14458,60.0,3.14472,822.0,3.14473,34.0
1753769574650,06:12:54.650,huobi,XRP/USDT:USDT,3.14471,257.0,3.14458,60.0,3.14472,132.0,3.14473,34.0
1753769574783,06:12:54.783,huobi,XRP/USDT:USDT,3.14471,257.0,3.14459,39.0,3.14472,132.0,3.14473,34.0
1753769574967,06:12:54.967,huobi,XRP/USDT:USDT,3.14471,257.0,3.14459,39.0,3.14472,132.0,3.14473,83.0
1753769576786,06:12:56.786,huobi,XRP/USDT:USDT,3.14471,234.0,3.14459,39.0,3.14472,132.0,3.14473,83.0
1753769576800,06:12:56.800,huobi,XRP/USDT:USDT,3.14471,234.0,3.14459,39.0,3.14472,132.0,3.14473,83.0
1753769576829,06:12:56.829,huobi,XRP/USDT:USDT,3.14471,234.0,3.14459,39.0,3.14472,132.0,3.14473,83.0
1753769576862,06:12:56.862,huobi,XRP/USDT:USDT,3.14471,234.0,3.14459,39.0,3.14472,132.0,3.14473,83.0
1753769576930,06:12:56.930,huobi,XRP/USDT:USDT,3.14471,234.0,3.14459,39.0,3.14472,182.0,3.14473,83.0
1753769576971,06:12:56.971,huobi,XRP/USDT:USDT,3.14471,234.0,3.14459,39.0,3.14472,182.0,3.14473,83.0
1753769576988,06:12:56.988,huobi,XRP/USDT:USDT,3.14471,234.0,3.14459,39.0,3.14472,182.0,3.14473,83.0
1753769577008,06:12:57.008,huobi,XRP/USDT:USDT,3.14471,234.0,3.14459,39.0,3.14472,262.0,3.14473,83.0
1753769577042,06:12:57.042,huobi,XRP/USDT:USDT,3.14471,107.0,3.14459,39.0,3.14472,286.0,3.14473,83.0
1753769577085,06:12:57.085,huobi,XRP/USDT:USDT,3.14471,234.0,3.14459,39.0,3.14472,286.0,3.14473,83.0
1753769577104,06:12:57.104,huobi,XRP/USDT:USDT,3.14471,234.0,3.14459,39.0,3.14472,236.0,3.14473,83.0
1753769577128,06:12:57.128,huobi,XRP/USDT:USDT,3.14471,257.0,3.14459,39.0,3.14472,212.0,3.14473,83.0
1753769577747,06:12:57.747,huobi,XRP/USDT:USDT,3.14471,257.0,3.14459,39.0,3.14472,212.0,3.14473,83.0
1753769577862,06:12:57.862,huobi,XRP/USDT:USDT,3.14471,257.0,3.14459,39.0,3.14472,152.0,3.14473,83.0
1753769577962,06:12:57.962,huobi,XRP/USDT:USDT,3.14471,257.0,3.14459,39.0,3.14472,152.0,3.14473,83.0
1753769578031,06:12:58.031,huobi,XRP/USDT:USDT,3.14471,257.0,3.14459,39.0,3.14472,152.0,3.14473,83.0
1753769578481,06:12:58.481,huobi,XRP/USDT:USDT,3.14471,257.0,3.14459,39.0,3.14472,152.0,3.14473,83.0
1753769578531,06:12:58.531,huobi,XRP/USDT:USDT,3.14471,257.0,3.14459,39.0,3.14472,152.0,3.14473,83.0
1753769579352,06:12:59.352,huobi,XRP/USDT:USDT,3.14471,257.0,3.14459,39.0,3.14472,152.0,3.14473,83.0
1753769579377,06:12:59.377,huobi,XRP/USDT:USDT,3.14471,337.0,3.14459,39.0,3.14472,152.0,3.14473,83.0
1753769579404,06:12:59.404,huobi,XRP/USDT:USDT,3.14471,404.0,3.14459,39.0,3.14472,152.0,3.14473,83.0
1753769579453,06:12:59.453,huobi,XRP/USDT:USDT,3.14471,436.0,3.14459,39.0,3.14472,152.0,3.14473,83.0
1753769579471,06:12:59.471,huobi,XRP/USDT:USDT,3.14471,436.0,3.14459,39.0,3.14472,152.0,3.14473,83.0
1753769579606,06:12:59.606,huobi,XRP/USDT:USDT,3.14471,356.0,3.14459,39.0,3.14472,152.0,3.14473,83.0
1753769579619,06:12:59.619,huobi,XRP/USDT:USDT,3.14471,356.0,3.14459,39.0,3.14472,152.0,3.14473,83.0
1753769579649,06:12:59.649,huobi,XRP/USDT:USDT,3.14471,356.0,3.14459,39.0,3.14472,152.0,3.14473,83.0
1753769579687,06:12:59.687,huobi,XRP/USDT:USDT,3.14471,683.0,3.14459,39.0,3.14472,152.0,3.14473,83.0
1753769579705,06:12:59.705,huobi,XRP/USDT:USDT,3.14471,701.0,3.14459,39.0,3.14472,152.0,3.14487,39.0
1753769579741,06:12:59.741,huobi,XRP/USDT:USDT,3.14471,381.0,3.14459,39.0,3.14472,20.0,3.14488,131.0
1753769579771,06:12:59.771,huobi,XRP/USDT:USDT,3.14471,381.0,3.14459,39.0,3.14488,131.0,3.14502,39.0
1753769579797,06:12:59.797,huobi,XRP/USDT:USDT,3.14487,20.0,3.14486,129.0,3.14488,131.0,3.14502,39.0
1753769579829,06:12:59.829,huobi,XRP/USDT:USDT,3.14487,257.0,3.14486,39.0,3.14488,821.0,3.14502,39.0
1753769580009,06:13:00.009,huobi,XRP/USDT:USDT,3.14487,257.0,3.14486,39.0,3.14488,821.0,3.14502,39.0
1753769580174,06:13:00.174,huobi,XRP/USDT:USDT,3.14487,257.0,3.14486,39.0,3.14488,821.0,3.14502,39.0
1753769580221,06:13:00.221,huobi,XRP/USDT:USDT,3.14487,364.0,3.14486,39.0,3.14488,821.0,3.14502,39.0
1753769580538,06:13:00.538,huobi,XRP/USDT:USDT,3.14487,364.0,3.14486,39.0,3.14488,821.0,3.14502,39.0
1753769580815,06:13:00.815,huobi,XRP/USDT:USDT,3.14487,364.0,3.14486,39.0,3.14488,821.0,3.14502,39.0
1753769580897,06:13:00.897,huobi,XRP/USDT:USDT,3.14487,364.0,3.14486,39.0,3.14488,821.0,3.14502,39.0
1753769581012,06:13:01.012,huobi,XRP/USDT:USDT,3.14487,364.0,3.14486,39.0,3.14488,821.0,3.14502,39.0
1753769581091,06:13:01.091,huobi,XRP/USDT:USDT,3.14487,364.0,3.14486,39.0,3.14488,821.0,3.14502,39.0
1753769581197,06:13:01.197,huobi,XRP/USDT:USDT,3.14487,364.0,3.14486,39.0,3.14488,131.0,3.14491,690.0
1753769581222,06:13:01.222,huobi,XRP/USDT:USDT,3.14487,364.0,3.14486,39.0,3.14488,131.0,3.1449,67.0
1753769581282,06:13:01.282,huobi,XRP/USDT:USDT,3.14487,364.0,3.14486,39.0,3.14488,131.0,3.1449,67.0
1753769581298,06:13:01.298,huobi,XRP/USDT:USDT,3.14487,364.0,3.14486,39.0,3.14488,131.0,3.1449,67.0
1753769581366,06:13:01.366,huobi,XRP/USDT:USDT,3.14487,344.0,3.14486,39.0,3.14488,131.0,3.1449,67.0
1753769581387,06:13:01.387,huobi,XRP/USDT:USDT,3.14487,284.0,3.14486,39.0,3.14488,155.0,3.1449,67.0
1753769581842,06:13:01.842,huobi,XRP/USDT:USDT,3.14487,284.0,3.14486,39.0,3.14488,131.0,3.1449,67.0
1753769582011,06:13:02.011,huobi,XRP/USDT:USDT,3.14487,284.0,3.14486,39.0,3.14488,131.0,3.1449,67.0
1753769582284,06:13:02.284,huobi,XRP/USDT:USDT,3.14487,323.0,3.14486,39.0,3.14488,131.0,3.1449,67.0
1753769582287,06:13:02.287,huobi,XRP/USDT:USDT,3.14487,323.0,3.14486,39.0,3.14488,131.0,3.1449,67.0
1753769582450,06:13:02.450,huobi,XRP/USDT:USDT,3.14487,323.0,3.14486,39.0,3.14488,155.0,3.1449,67.0
1753769582534,06:13:02.534,huobi,XRP/USDT:USDT,3.14487,323.0,3.14486,39.0,3.14488,131.0,3.1449,67.0
1753769583047,06:13:03.047,huobi,XRP/USDT:USDT,3.14487,323.0,3.14486,39.0,3.14488,131.0,3.1449,67.0
1753769583108,06:13:03.108,huobi,XRP/USDT:USDT,3.14487,323.0,3.14486,39.0,3.14488,131.0,3.1449,67.0
1753769583178,06:13:03.178,huobi,XRP/USDT:USDT,3.14487,323.0,3.14486,39.0,3.14488,131.0,3.1449,67.0
1753769583190,06:13:03.190,huobi,XRP/USDT:USDT,3.14487,323.0,3.14486,39.0,3.14488,131.0,3.1449,67.0
1753769583288,06:13:03.288,huobi,XRP/USDT:USDT,3.14487,323.0,3.14486,39.0,3.14488,131.0,3.1449,67.0
1753769583304,06:13:03.304,huobi,XRP/USDT:USDT,3.14487,323.0,3.14486,39.0,3.14488,181.0,3.1449,67.0
1753769583340,06:13:03.340,huobi,XRP/USDT:USDT,3.14487,323.0,3.14486,39.0,3.14488,155.0,3.1449,67.0
1753769583416,06:13:03.416,huobi,XRP/USDT:USDT,3.14487,323.0,3.14486,39.0,3.14488,131.0,3.1449,67.0
1753769583527,06:13:03.527,huobi,XRP/USDT:USDT,3.14487,323.0,3.14486,39.0,3.14488,131.0,3.1449,67.0
1753769583839,06:13:03.839,huobi,XRP/USDT:USDT,3.14487,323.0,3.14486,39.0,3.14488,131.0,3.1449,67.0
1753769583845,06:13:03.845,huobi,XRP/USDT:USDT,3.14487,146.0,3.14471,127.0,3.14488,131.0,3.1449,67.0
1753769583877,06:13:03.877,huobi,XRP/USDT:USDT,3.14458,107.0,3.14455,129.0,3.14488,421.0,3.1449,67.0
1753769583909,06:13:03.909,huobi,XRP/USDT:USDT,3.14471,129.0,3.14468,107.0,3.14487,60.0,3.14488,131.0
1753769583940,06:13:03.940,huobi,XRP/USDT:USDT,3.14471,129.0,3.14468,107.0,3.14472,50.0,3.14487,167.0
1753769583976,06:13:03.976,huobi,XRP/USDT:USDT,3.14471,129.0,3.14468,107.0,3.14472,153.0,3.14487,167.0
1753769584024,06:13:04.024,huobi,XRP/USDT:USDT,3.14471,129.0,3.14468,107.0,3.14472,153.0,3.14486,20.0
1753769584027,06:13:04.027,huobi,XRP/USDT:USDT,3.14471,129.0,3.14468,107.0,3.14472,153.0,3.14473,129.0
1753769584060,06:13:04.060,huobi,XRP/USDT:USDT,3.14471,129.0,3.14468,107.0,3.14472,189.0,3.14486,20.0
1753769584159,06:13:04.159,huobi,XRP/USDT:USDT,3.14471,129.0,3.14468,107.0,3.14472,189.0,3.14486,20.0
1753769584176,06:13:04.176,huobi,XRP/USDT:USDT,3.14468,107.0,3.1444,39.0,3.14472,189.0,3.14485,39.0
1753769584212,06:13:04.212,huobi,XRP/USDT:USDT,3.14441,23.0,3.1444,39.0,3.14469,129.0,3.14485,39.0
1753769584238,06:13:04.238,huobi,XRP/USDT:USDT,3.14456,23.0,3.14455,129.0,3.14468,60.0,3.14472,690.0
1753769584289,06:13:04.289,huobi,XRP/USDT:USDT,3.14456,23.0,3.14455,129.0,3.14457,50.0,3.14468,60.0
1753769584299,06:13:04.299,huobi,XRP/USDT:USDT,3.14456,23.0,3.14442,124.0,3.14457,153.0,3.14468,60.0
1753769584333,06:13:04.333,huobi,XRP/USDT:USDT,3.14456,152.0,3.14442,124.0,3.14457,153.0,3.14468,60.0
1753769584437,06:13:04.437,huobi,XRP/USDT:USDT,3.14456,152.0,3.14442,124.0,3.14457,129.0,3.14468,60.0
1753769584455,06:13:04.455,huobi,XRP/USDT:USDT,3.14456,152.0,3.14442,124.0,3.14457,179.0,3.14468,60.0
1753769584515,06:13:04.515,huobi,XRP/USDT:USDT,3.14456,152.0,3.14442,124.0,3.14457,153.0,3.14468,60.0
1753769584545,06:13:04.545,huobi,XRP/USDT:USDT,3.14456,152.0,3.14442,124.0,3.14457,153.0,3.14468,60.0
1753769584809,06:13:04.809,huobi,XRP/USDT:USDT,3.14456,259.0,3.14442,124.0,3.14457,153.0,3.14468,60.0
1753769584901,06:13:04.901,huobi,XRP/USDT:USDT,3.14456,259.0,3.14442,124.0,3.14457,153.0,3.14467,39.0
1753769585063,06:13:05.063,huobi,XRP/USDT:USDT,3.14456,259.0,3.14442,124.0,3.14457,203.0,3.14467,39.0
1753769585132,06:13:05.132,huobi,XRP/USDT:USDT,3.14456,259.0,3.14442,124.0,3.14457,153.0,3.14467,39.0
1753769585265,06:13:05.265,huobi,XRP/USDT:USDT,3.14456,259.0,3.14442,124.0,3.14457,129.0,3.14467,39.0
1753769585535,06:13:05.535,huobi,XRP/USDT:USDT,3.14456,259.0,3.14442,124.0,3.14457,129.0,3.14467,39.0
1753769585553,06:13:05.553,huobi,XRP/USDT:USDT,3.14456,259.0,3.14442,124.0,3.14457,129.0,3.14467,39.0
1753769585613,06:13:05.613,huobi,XRP/USDT:USDT,3.14456,287.0,3.14442,124.0,3.14457,129.0,3.14467,39.0
1753769585621,06:13:05.621,huobi,XRP/USDT:USDT,3.14456,367.0,3.14442,99.0,3.14457,129.0,3.14467,39.0
1753769585652,06:13:05.652,huobi,XRP/USDT:USDT,3.14456,284.0,3.14442,99.0,3.14457,129.0,3.14467,39.0
1753769585679,06:13:05.679,huobi,XRP/USDT:USDT,3.14456,284.0,3.14442,99.0,3.14457,129.0,3.14468,39.0
1753769585704,06:13:05.704,huobi,XRP/USDT:USDT,3.1447,90.0,3.14469,169.0,3.14471,48.0,3.14472,690.0
1753769585741,06:13:05.741,huobi,XRP/USDT:USDT,3.1447,115.0,3.14469,169.0,3.14471,48.0,3.14472,690.0
1753769585772,06:13:05.772,huobi,XRP/USDT:USDT,3.1447,308.0,3.14469,146.0,3.14471,48.0,3.14472,690.0
1753769585801,06:13:05.801,huobi,XRP/USDT:USDT,3.1447,415.0,3.14469,146.0,3.14471,129.0,3.14472,690.0
1753769585826,06:13:05.826,huobi,XRP/USDT:USDT,3.1447,415.0,3.14469,146.0,3.14471,129.0,3.14472,690.0
1753769586170,06:13:06.170,huobi,XRP/USDT:USDT,3.1447,415.0,3.14469,146.0,3.14471,129.0,3.14487,107.0
1753769586187,06:13:06.187,huobi,XRP/USDT:USDT,3.1447,415.0,3.14469,146.0,3.14471,129.0,3.14481,690.0
1753769586286,06:13:06.286,huobi,XRP/USDT:USDT,3.1447,475.0,3.14469,146.0,3.14471,129.0,3.1448,65.0
1753769586306,06:13:06.306,huobi,XRP/USDT:USDT,3.1447,475.0,3.14469,146.0,3.14471,129.0,3.1448,65.0
1753769586336,06:13:06.336,huobi,XRP/USDT:USDT,3.1447,475.0,3.14469,146.0,3.14471,129.0,3.1448,65.0
1753769586735,06:13:06.735,huobi,XRP/USDT:USDT,3.1447,415.0,3.14469,146.0,3.14471,129.0,3.1448,65.0
1753769586841,06:13:06.841,huobi,XRP/USDT:USDT,3.1447,415.0,3.14469,146.0,3.14471,129.0,3.1448,65.0
1753769586845,06:13:06.845,huobi,XRP/USDT:USDT,3.1447,479.0,3.14469,146.0,3.14471,129.0,3.1448,65.0
1753769586879,06:13:06.879,huobi,XRP/USDT:USDT,3.1447,539.0,3.14469,146.0,3.14471,129.0,3.1448,65.0
1753769586922,06:13:06.922,huobi,XRP/USDT:USDT,3.1447,553.0,3.14469,146.0,3.14471,129.0,3.1448,65.0
1753769586944,06:13:06.944,huobi,XRP/USDT:USDT,3.1447,475.0,3.14469,146.0,3.14471,129.0,3.1448,65.0
1753769587089,06:13:07.089,huobi,XRP/USDT:USDT,3.1447,415.0,3.14469,146.0,3.14471,129.0,3.1448,65.0
1753769587153,06:13:07.153,huobi,XRP/USDT:USDT,3.1447,393.0,3.14469,146.0,3.14471,129.0,3.1448,65.0
1753769587309,06:13:07.309,huobi,XRP/USDT:USDT,3.1447,393.0,3.14469,146.0,3.14471,153.0,3.1448,65.0
1753769587371,06:13:07.371,huobi,XRP/USDT:USDT,3.1447,393.0,3.14469,146.0,3.14471,153.0,3.1448,65.0
1753769587390,06:13:07.390,huobi,XRP/USDT:USDT,3.1447,393.0,3.14469,39.0,3.14471,203.0,3.1448,65.0
1753769587434,06:13:07.434,huobi,XRP/USDT:USDT,3.1447,393.0,3.14469,39.0,3.14471,153.0,3.1448,65.0
1753769587544,06:13:07.544,huobi,XRP/USDT:USDT,3.1447,393.0,3.14469,39.0,3.14471,203.0,3.1448,65.0
1753769587641,06:13:07.641,huobi,XRP/USDT:USDT,3.1447,393.0,3.14469,39.0,3.14471,129.0,3.1448,65.0
1753769587898,06:13:07.898,huobi,XRP/USDT:USDT,3.1447,393.0,3.14469,39.0,3.14471,129.0,3.1448,65.0
1753769588091,06:13:08.091,huobi,XRP/USDT:USDT,3.1447,393.0,3.14469,39.0,3.14471,129.0,3.1448,65.0
1753769588105,06:13:08.105,huobi,XRP/USDT:USDT,3.1447,393.0,3.14469,39.0,3.14471,129.0,3.1448,65.0
1753769588181,06:13:08.181,huobi,XRP/USDT:USDT,3.1447,393.0,3.14469,39.0,3.14471,129.0,3.1448,65.0
1753769588199,06:13:08.199,huobi,XRP/USDT:USDT,3.1447,393.0,3.14469,39.0,3.14471,129.0,3.1448,65.0
1753769588274,06:13:08.274,huobi,XRP/USDT:USDT,3.1447,393.0,3.14469,39.0,3.14471,129.0,3.14479,2.0
1753769588302,06:13:08.302,huobi,XRP/USDT:USDT,3.1447,393.0,3.14469,39.0,3.14471,129.0,3.14479,2.0
1753769589331,06:13:09.331,huobi,XRP/USDT:USDT,3.1447,393.0,3.14469,39.0,3.14471,129.0,3.14479,2.0
1753769591226,06:13:11.226,huobi,XRP/USDT:USDT,3.1447,370.0,3.14469,39.0,3.14471,129.0,3.14478,39.0
1753769591269,06:13:11.269,huobi,XRP/USDT:USDT,3.1447,347.0,3.14469,39.0,3.14471,129.0,3.14478,39.0
1753769591289,06:13:11.289,huobi,XRP/USDT:USDT,3.1447,218.0,3.14469,39.0,3.14471,153.0,3.14478,39.0
1753769591405,06:13:11.405,huobi,XRP/USDT:USDT,3.1447,179.0,3.14458,39.0,3.14471,283.0,3.14478,39.0
1753769591476,06:13:11.476,huobi,XRP/USDT:USDT,3.1447,179.0,3.14458,39.0,3.14471,263.0,3.14478,39.0
1753769591547,06:13:11.547,huobi,XRP/USDT:USDT,3.1447,179.0,3.14458,39.0,3.14471,213.0,3.14478,39.0
1753769591558,06:13:11.558,huobi,XRP/USDT:USDT,3.1447,179.0,3.14458,39.0,3.14471,213.0,3.14478,39.0
1753769591683,06:13:11.683,huobi,XRP/USDT:USDT,3.1447,179.0,3.14458,39.0,3.14471,213.0,3.14478,39.0
1753769591710,06:13:11.710,huobi,XRP/USDT:USDT,3.1447,179.0,3.14458,39.0,3.14471,283.0,3.14478,39.0
1753769591768,06:13:11.768,huobi,XRP/USDT:USDT,3.1447,179.0,3.14458,39.0,3.14471,263.0,3.14478,39.0
1753769591947,06:13:11.947,huobi,XRP/USDT:USDT,3.1447,179.0,3.14458,39.0,3.14471,263.0,3.14478,39.0
1753769591995,06:13:11.995,huobi,XRP/USDT:USDT,3.1447,179.0,3.14458,39.0,3.14471,283.0,3.14478,39.0
1753769592071,06:13:12.071,huobi,XRP/USDT:USDT,3.1447,179.0,3.14458,39.0,3.14471,263.0,3.14478,39.0
1753769592295,06:13:12.295,huobi,XRP/USDT:USDT,3.1447,179.0,3.14458,39.0,3.14471,283.0,3.14478,39.0
1753769592361,06:13:12.361,huobi,XRP/USDT:USDT,3.1447,179.0,3.14458,39.0,3.14471,263.0,3.14478,39.0
1753769592596,06:13:12.596,huobi,XRP/USDT:USDT,3.1447,179.0,3.14458,39.0,3.14471,283.0,3.14478,39.0
1753769592701,06:13:12.701,huobi,XRP/USDT:USDT,3.1447,179.0,3.14458,39.0,3.14471,263.0,3.14478,39.0
1753769592951,06:13:12.951,huobi,XRP/USDT:USDT,3.1447,179.0,3.14458,39.0,3.14471,263.0,3.14478,39.0
1753769593118,06:13:13.118,huobi,XRP/USDT:USDT,3.1447,179.0,3.14458,39.0,3.14471,252.0,3.14478,39.0
1753769593151,06:13:13.151,huobi,XRP/USDT:USDT,3.1447,179.0,3.14458,39.0,3.14471,252.0,3.14478,39.0
1753769593176,06:13:13.176,huobi,XRP/USDT:USDT,3.1447,179.0,3.14458,39.0,3.14471,322.0,3.14478,39.0
1753769593231,06:13:13.231,huobi,XRP/USDT:USDT,3.1447,157.0,3.14458,39.0,3.14471,272.0,3.14478,39.0
1753769593264,06:13:13.264,huobi,XRP/USDT:USDT,3.1447,157.0,3.14458,39.0,3.14471,252.0,3.14478,39.0
1753769593387,06:13:13.387,huobi,XRP/USDT:USDT,3.1447,157.0,3.14458,39.0,3.14471,252.0,3.14478,39.0
1753769593413,06:13:13.413,huobi,XRP/USDT:USDT,3.1447,107.0,3.14439,131.0,3.14471,831.0,3.14478,39.0
1753769593447,06:13:13.447,huobi,XRP/USDT:USDT,3.14417,107.0,3.14413,35.0,3.1444,154.0,3.14456,126.0
1753769593475,06:13:13.475,huobi,XRP/USDT:USDT,3.14418,60.0,3.14417,107.0,3.14433,238.0,3.14439,60.0
1753769593505,06:13:13.505,huobi,XRP/USDT:USDT,3.1442,126.0,3.14399,126.0,3.14448,690.0,3.14456,126.0
1753769593535,06:13:13.535,huobi,XRP/USDT:USDT,3.14388,39.0,3.14387,20.0,3.144,24.0,3.1442,60.0
1753769593594,06:13:13.594,huobi,XRP/USDT:USDT,3.14387,20.0,3.1437,500.0,3.14388,142.0,3.14389,176.0
1753769593685,06:13:13.685,huobi,XRP/USDT:USDT,3.14387,146.0,3.14367,39.0,3.14388,387.0,3.14389,130.0
1753769593754,06:13:13.754,huobi,XRP/USDT:USDT,3.14387,146.0,3.14367,39.0,3.14388,359.0,3.14389,169.0
1753769593773,06:13:13.773,huobi,XRP/USDT:USDT,3.14387,20.0,3.14367,39.0,3.14388,379.0,3.14389,169.0
1753769593817,06:13:13.817,huobi,XRP/USDT:USDT,3.14387,146.0,3.14367,39.0,3.14388,379.0,3.14389,169.0
1753769593851,06:13:13.851,huobi,XRP/USDT:USDT,3.14387,146.0,3.14367,39.0,3.14388,379.0,3.14389,169.0
1753769593872,06:13:13.872,huobi,XRP/USDT:USDT,3.14387,146.0,3.14367,39.0,3.14388,379.0,3.14389,169.0
1753769593910,06:13:13.910,huobi,XRP/USDT:USDT,3.14387,146.0,3.14367,39.0,3.14388,379.0,3.14389,169.0
1753769593926,06:13:13.926,huobi,XRP/USDT:USDT,3.14387,146.0,3.14367,39.0,3.14388,379.0,3.14389,169.0
1753769593956,06:13:13.956,huobi,XRP/USDT:USDT,3.14387,146.0,3.14367,39.0,3.14388,379.0,3.14389,169.0
1753769593990,06:13:13.990,huobi,XRP/USDT:USDT,3.14387,20.0,3.14367,39.0,3.14388,549.0,3.14389,169.0
1753769594016,06:13:14.016,huobi,XRP/USDT:USDT,3.14387,20.0,3.14367,39.0,3.14388,699.0,3.14389,169.0
1753769594047,06:13:14.047,huobi,XRP/USDT:USDT,3.14387,20.0,3.14367,39.0,3.14388,763.0,3.14389,169.0
1753769594076,06:13:14.076,huobi,XRP/USDT:USDT,3.14387,20.0,3.14367,39.0,3.14388,1263.0,3.14389,169.0
1753769594108,06:13:14.108,huobi,XRP/USDT:USDT,3.14387,20.0,3.14351,39.0,3.14388,1263.0,3.14389,169.0
1753769594135,06:13:14.135,huobi,XRP/USDT:USDT,3.14387,20.0,3.14351,39.0,3.14388,445.0,3.14389,169.0
1753769594168,06:13:14.168,huobi,XRP/USDT:USDT,3.14387,43.0,3.14351,39.0,3.14388,379.0,3.14389,169.0
1753769594198,06:13:14.198,huobi,XRP/USDT:USDT,3.14387,146.0,3.14364,107.0,3.14388,297.0,3.14389,169.0
1753769594228,06:13:14.228,huobi,XRP/USDT:USDT,3.14387,146.0,3.14364,107.0,3.14388,217.0,3.14389,63.0
1753769594298,06:13:14.298,huobi,XRP/USDT:USDT,3.14387,20.0,3.14364,107.0,3.14388,217.0,3.14389,63.0
1753769594330,06:13:14.330,huobi,XRP/USDT:USDT,3.14387,20.0,3.14364,107.0,3.14388,217.0,3.14389,63.0
1753769594480,06:13:14.480,huobi,XRP/USDT:USDT,3.14387,146.0,3.14364,107.0,3.14388,267.0,3.14389,63.0
1753769594548,06:13:14.548,huobi,XRP/USDT:USDT,3.14387,20.0,3.14364,107.0,3.14388,267.0,3.14389,63.0
1753769594719,06:13:14.719,huobi,XRP/USDT:USDT,3.14387,20.0,3.14364,107.0,3.14388,767.0,3.14389,63.0
1753769594774,06:13:14.774,huobi,XRP/USDT:USDT,3.14387,20.0,3.14364,107.0,3.14388,767.0,3.14389,63.0
1753769594793,06:13:14.793,huobi,XRP/USDT:USDT,3.14387,20.0,3.14364,107.0,3.14388,951.0,3.14389,63.0
1753769594846,06:13:14.846,huobi,XRP/USDT:USDT,3.14387,20.0,3.14364,107.0,3.14388,1251.0,3.14389,63.0
1753769594890,06:13:14.890,huobi,XRP/USDT:USDT,3.14387,20.0,3.14364,107.0,3.14388,1251.0,3.14389,63.0
1753769594938,06:13:14.938,huobi,XRP/USDT:USDT,3.14387,20.0,3.14364,107.0,3.14388,1251.0,3.14389,63.0
1753769594954,06:13:14.954,huobi,XRP/USDT:USDT,3.14387,20.0,3.14364,107.0,3.14388,1251.0,3.14389,63.0
1753769594987,06:13:14.987,huobi,XRP/USDT:USDT,3.14387,20.0,3.14364,107.0,3.14388,1251.0,3.14389,63.0
1753769595156,06:13:15.156,huobi,XRP/USDT:USDT,3.14387,20.0,3.14364,107.0,3.14388,1292.0,3.14389,63.0
1753769595188,06:13:15.188,huobi,XRP/USDT:USDT,3.14387,20.0,3.14364,107.0,3.14388,1242.0,3.14389,63.0
1753769595236,06:13:15.236,huobi,XRP/USDT:USDT,3.14387,20.0,3.14364,107.0,3.14388,1036.0,3.14389,63.0
1753769595251,06:13:15.251,huobi,XRP/USDT:USDT,3.14387,20.0,3.14364,107.0,3.14388,1036.0,3.14389,63.0
1753769595313,06:13:15.313,huobi,XRP/USDT:USDT,3.14387,20.0,3.14364,107.0,3.14388,1036.0,3.14389,63.0
1753769595335,06:13:15.335,huobi,XRP/USDT:USDT,3.14387,20.0,3.14351,39.0,3.14388,1346.0,3.14389,63.0
1753769595415,06:13:15.415,huobi,XRP/USDT:USDT,3.14318,233.0,3.14308,107.0,3.14352,39.0,3.14387,16.0
1753769595416,06:13:15.416,huobi,XRP/USDT:USDT,3.14318,233.0,3.14308,107.0,3.14319,204.0,3.14337,126.0
1753769595426,06:13:15.426,huobi,XRP/USDT:USDT,3.14318,233.0,3.14308,107.0,3.14336,186.0,3.1435,51.0
1753769595459,06:13:15.459,huobi,XRP/USDT:USDT,3.14318,233.0,3.14308,107.0,3.14319,52.0,3.14336,186.0
1753769595518,06:13:15.518,huobi,XRP/USDT:USDT,3.14318,233.0,3.14308,107.0,3.14319,178.0,3.14334,61.0
1753769595587,06:13:15.587,huobi,XRP/USDT:USDT,3.14318,233.0,3.14308,107.0,3.14319,186.0,3.14334,61.0
1753769595633,06:13:15.633,huobi,XRP/USDT:USDT,3.14318,233.0,3.14308,107.0,3.14319,186.0,3.14334,61.0
1753769595671,06:13:15.671,huobi,XRP/USDT:USDT,3.14318,233.0,3.14308,107.0,3.14319,186.0,3.14334,61.0
1753769595697,06:13:15.697,huobi,XRP/USDT:USDT,3.14318,233.0,3.14308,107.0,3.14319,186.0,3.14334,61.0
1753769595754,06:13:15.754,huobi,XRP/USDT:USDT,3.14318,233.0,3.14308,107.0,3.14319,186.0,3.14334,61.0
1753769595754,06:13:15.754,huobi,XRP/USDT:USDT,3.14318,233.0,3.14308,107.0,3.14319,186.0,3.14334,61.0
1753769595914,06:13:15.914,huobi,XRP/USDT:USDT,3.14318,233.0,3.14308,107.0,3.14319,186.0,3.14333,39.0
1753769595958,06:13:15.958,huobi,XRP/USDT:USDT,3.14318,233.0,3.14308,107.0,3.14319,186.0,3.14333,39.0
1753769595966,06:13:15.966,huobi,XRP/USDT:USDT,3.14318,233.0,3.14308,107.0,3.14319,186.0,3.14333,39.0
1753769596005,06:13:16.005,huobi,XRP/USDT:USDT,3.14318,233.0,3.14308,107.0,3.14319,186.0,3.14333,39.0
1753769596079,06:13:16.079,huobi,XRP/USDT:USDT,3.14318,233.0,3.14308,107.0,3.14319,186.0,3.14333,39.0
1753769596092,06:13:16.092,huobi,XRP/USDT:USDT,3.14318,233.0,3.14308,107.0,3.14319,186.0,3.14333,39.0
1753769596693,06:13:16.693,huobi,XRP/USDT:USDT,3.14318,233.0,3.14308,107.0,3.14319,186.0,3.14333,39.0
1753769596725,06:13:16.725,huobi,XRP/USDT:USDT,3.14318,233.0,3.14308,107.0,3.14319,186.0,3.14333,39.0
1753769596814,06:13:16.814,huobi,XRP/USDT:USDT,3.14318,233.0,3.14308,107.0,3.14319,126.0,3.14333,39.0
1753769596855,06:13:16.855,huobi,XRP/USDT:USDT,3.14318,233.0,3.14308,107.0,3.14319,126.0,3.14333,39.0
1753769596957,06:13:16.957,huobi,XRP/USDT:USDT,3.14318,233.0,3.14308,107.0,3.14319,126.0,3.14333,39.0
1753769597491,06:13:17.491,huobi,XRP/USDT:USDT,3.14318,233.0,3.14308,107.0,3.14319,126.0,3.14333,39.0
1753769597499,06:13:17.499,huobi,XRP/USDT:USDT,3.14318,107.0,3.14308,107.0,3.14319,165.0,3.14333,39.0
1753769597592,06:13:17.592,huobi,XRP/USDT:USDT,3.14318,233.0,3.14308,107.0,3.14319,225.0,3.14333,39.0
1753769597747,06:13:17.747,huobi,XRP/USDT:USDT,3.14318,233.0,3.14299,165.0,3.14319,225.0,3.14333,39.0
1753769598105,06:13:18.105,huobi,XRP/USDT:USDT,3.14318,233.0,3.14299,165.0,3.14319,225.0,3.14333,39.0
1753769598405,06:13:18.405,huobi,XRP/USDT:USDT,3.14318,107.0,3.14299,165.0,3.14319,225.0,3.14333,39.0
1753769598431,06:13:18.431,huobi,XRP/USDT:USDT,3.14299,165.0,3.14283,39.0,3.14319,165.0,3.14333,39.0
1753769598454,06:13:18.454,huobi,XRP/USDT:USDT,3.1431,107.0,3.14299,165.0,3.14317,39.0,3.14318,60.0
1753769598490,06:13:18.490,huobi,XRP/USDT:USDT,3.1431,107.0,3.14283,39.0,3.14311,94.0,3.14316,60.0
1753769598515,06:13:18.515,huobi,XRP/USDT:USDT,3.14283,39.0,3.14282,146.0,3.14311,280.0,3.14316,60.0
1753769598547,06:13:18.547,huobi,XRP/USDT:USDT,3.14283,39.0,3.14282,39.0,3.14284,264.0,3.14296,126.0
1753769598575,06:13:18.575,huobi,XRP/USDT:USDT,3.14283,39.0,3.14282,39.0,3.14284,244.0,3.14296,126.0
1753769598612,06:13:18.612,huobi,XRP/USDT:USDT,3.14283,165.0,3.14282,39.0,3.14284,370.0,3.14295,39.0
1753769598641,06:13:18.641,huobi,XRP/USDT:USDT,3.14283,165.0,3.14282,39.0,3.14284,370.0,3.14295,39.0
1753769598669,06:13:18.669,huobi,XRP/USDT:USDT,3.14282,39.0,3.14256,107.0,3.14284,370.0,3.14295,39.0
1753769598695,06:13:18.695,huobi,XRP/USDT:USDT,3.14256,107.0,3.14255,39.0,3.14257,74.0,3.14283,132.0
1753769598723,06:13:18.723,huobi,XRP/USDT:USDT,3.14256,239.0,3.14255,39.0,3.14257,156.0,3.14282,60.0
1753769598778,06:13:18.778,huobi,XRP/USDT:USDT,3.14256,132.0,3.14255,39.0,3.14257,24.0,3.14282,60.0
1753769598785,06:13:18.785,huobi,XRP/USDT:USDT,3.14256,132.0,3.14255,39.0,3.14257,24.0,3.14269,690.0
1753769598814,06:13:18.814,huobi,XRP/USDT:USDT,3.14256,132.0,3.14255,39.0,3.14257,84.0,3.14268,48.0
1753769598845,06:13:18.845,huobi,XRP/USDT:USDT,3.14256,132.0,3.14255,39.0,3.14267,60.0,3.14268,48.0
1753769599181,06:13:19.181,huobi,XRP/USDT:USDT,3.14256,132.0,3.14255,39.0,3.14257,132.0,3.14267,60.0
1753769599207,06:13:19.207,huobi,XRP/USDT:USDT,3.14256,239.0,3.14255,39.0,3.14257,132.0,3.14267,60.0
1753769599364,06:13:19.364,huobi,XRP/USDT:USDT,3.14256,262.0,3.14255,39.0,3.14257,132.0,3.14267,60.0
1753769599724,06:13:19.724,huobi,XRP/USDT:USDT,3.14256,262.0,3.14255,39.0,3.14257,156.0,3.14267,60.0
1753769599763,06:13:19.763,huobi,XRP/USDT:USDT,3.14256,262.0,3.14255,39.0,3.14257,132.0,3.14267,60.0
1753769599860,06:13:19.860,huobi,XRP/USDT:USDT,3.14256,262.0,3.14255,39.0,3.14257,132.0,3.14267,60.0
1753769599929,06:13:19.929,huobi,XRP/USDT:USDT,3.14256,262.0,3.14255,39.0,3.14257,132.0,3.14267,60.0
1753769599974,06:13:19.974,huobi,XRP/USDT:USDT,3.14256,262.0,3.14255,39.0,3.14257,132.0,3.14267,60.0
1753769599990,06:13:19.990,huobi,XRP/USDT:USDT,3.14256,262.0,3.14255,39.0,3.14257,132.0,3.14267,60.0
1753769600186,06:13:20.186,huobi,XRP/USDT:USDT,3.14256,262.0,3.14255,39.0,3.14257,182.0,3.14267,60.0
1753769600196,06:13:20.196,huobi,XRP/USDT:USDT,3.14256,262.0,3.14255,39.0,3.14257,182.0,3.14267,60.0
1753769600229,06:13:20.229,huobi,XRP/USDT:USDT,3.14256,262.0,3.14255,39.0,3.14257,156.0,3.14267,60.0
1753769600544,06:13:20.544,huobi,XRP/USDT:USDT,3.14256,262.0,3.14255,39.0,3.14257,132.0,3.14267,60.0
1753769600678,06:13:20.678,huobi,XRP/USDT:USDT,3.14256,262.0,3.14255,39.0,3.14257,182.0,3.14267,60.0
1753769600705,06:13:20.705,huobi,XRP/USDT:USDT,3.14256,130.0,3.14255,39.0,3.14257,182.0,3.14267,60.0
1753769600736,06:13:20.736,huobi,XRP/USDT:USDT,3.14256,322.0,3.14247,107.0,3.1431,47.0,3.14329,16.0
1753769600763,06:13:20.763,huobi,XRP/USDT:USDT,3.14353,46.0,3.14345,50.0,3.14354,107.0,3.14368,107.0
1753769600793,06:13:20.793,huobi,XRP/USDT:USDT,3.14367,68.0,3.14353,91.0,3.14368,24.0,3.14387,52.0
1753769600826,06:13:20.826,huobi,XRP/USDT:USDT,3.14386,22.0,3.14368,157.0,3.14404,132.0,3.14421,126.0
1753769600861,06:13:20.861,huobi,XRP/USDT:USDT,3.14386,22.0,3.14368,132.0,3.14387,634.0,3.14393,60.0
1753769600884,06:13:20.884,huobi,XRP/USDT:USDT,3.14368,132.0,3.14335,132.0,3.14369,2.0,3.14386,76.0
1753769600914,06:13:20.914,huobi,XRP/USDT:USDT,3.14368,132.0,3.14335,132.0,3.14369,216.0,3.14385,60.0
1753769600951,06:13:20.951,huobi,XRP/USDT:USDT,3.14368,132.0,3.14335,132.0,3.14369,1102.0,3.14385,192.0
1753769600976,06:13:20.976,huobi,XRP/USDT:USDT,3.14368,132.0,3.14335,132.0,3.14369,1120.0,3.14385,192.0
1753769601004,06:13:21.004,huobi,XRP/USDT:USDT,3.14336,23.0,3.14335,132.0,3.14368,99.0,3.14369,958.0
1753769601047,06:13:21.047,huobi,XRP/USDT:USDT,3.14351,132.0,3.14335,132.0,3.14367,192.0,3.14368,117.0
1753769601066,06:13:21.066,huobi,XRP/USDT:USDT,3.14351,132.0,3.14335,171.0,3.14367,192.0,3.14368,87.0
1753769601097,06:13:21.097,huobi,XRP/USDT:USDT,3.14351,132.0,3.14335,171.0,3.14352,156.0,3.14367,192.0
1753769601157,06:13:21.157,huobi,XRP/USDT:USDT,3.14351,132.0,3.14335,171.0,3.14352,156.0,3.14366,39.0
1753769601203,06:13:21.203,huobi,XRP/USDT:USDT,3.14351,132.0,3.14335,171.0,3.14352,822.0,3.14366,39.0
1753769601217,06:13:21.217,huobi,XRP/USDT:USDT,3.14351,132.0,3.14335,171.0,3.14352,822.0,3.14366,39.0
1753769601260,06:13:21.260,huobi,XRP/USDT:USDT,3.14351,132.0,3.14335,171.0,3.14352,952.0,3.14366,39.0
1753769601354,06:13:21.354,huobi,XRP/USDT:USDT,3.14351,132.0,3.14335,171.0,3.14352,882.0,3.14366,39.0
1753769601474,06:13:21.474,huobi,XRP/USDT:USDT,3.14351,132.0,3.14345,107.0,3.14352,882.0,3.14366,39.0
1753769601488,06:13:21.488,huobi,XRP/USDT:USDT,3.14351,132.0,3.14345,107.0,3.14352,882.0,3.14366,39.0
1753769601517,06:13:21.517,huobi,XRP/USDT:USDT,3.14351,132.0,3.14345,107.0,3.14352,882.0,3.14366,39.0
1753769601581,06:13:21.581,huobi,XRP/USDT:USDT,3.14351,132.0,3.14345,107.0,3.14352,926.0,3.14366,39.0
1753769601637,06:13:21.637,huobi,XRP/USDT:USDT,3.14351,132.0,3.14345,107.0,3.14352,956.0,3.14366,39.0
1753769601852,06:13:21.852,huobi,XRP/USDT:USDT,3.14351,132.0,3.14345,107.0,3.14352,976.0,3.14366,39.0
1753769601921,06:13:21.921,huobi,XRP/USDT:USDT,3.14351,132.0,3.14345,107.0,3.14352,976.0,3.14366,39.0
1753769601946,06:13:21.946,huobi,XRP/USDT:USDT,3.14351,132.0,3.14345,107.0,3.14352,956.0,3.14366,39.0
1753769602058,06:13:22.058,huobi,XRP/USDT:USDT,3.14351,132.0,3.14345,107.0,3.14352,956.0,3.14366,39.0
1753769602084,06:13:22.084,huobi,XRP/USDT:USDT,3.14345,107.0,3.14335,171.0,3.14346,39.0,3.14352,968.0
1753769602119,06:13:22.119,huobi,XRP/USDT:USDT,3.14345,239.0,3.14335,39.0,3.14346,155.0,3.14351,159.0
1753769602153,06:13:22.153,huobi,XRP/USDT:USDT,3.14345,239.0,3.14335,39.0,3.14346,155.0,3.14351,159.0
1753769602207,06:13:22.207,huobi,XRP/USDT:USDT,3.14345,239.0,3.14335,39.0,3.14346,155.0,3.14351,159.0
1753769602344,06:13:22.344,huobi,XRP/USDT:USDT,3.14345,239.0,3.14335,39.0,3.14346,155.0,3.14351,159.0
1753769602362,06:13:22.362,huobi,XRP/USDT:USDT,3.14345,239.0,3.14335,39.0,3.14346,155.0,3.14351,159.0
1753769602459,06:13:22.459,huobi,XRP/USDT:USDT,3.14345,239.0,3.14335,39.0,3.14346,175.0,3.14351,159.0
1753769602553,06:13:22.553,huobi,XRP/USDT:USDT,3.14345,239.0,3.14335,39.0,3.14346,155.0,3.14351,159.0
1753769602727,06:13:22.727,huobi,XRP/USDT:USDT,3.14345,239.0,3.14335,39.0,3.14346,155.0,3.14351,159.0
1753769602752,06:13:22.752,huobi,XRP/USDT:USDT,3.14345,239.0,3.14335,39.0,3.14346,175.0,3.14351,159.0
1753769602815,06:13:22.815,huobi,XRP/USDT:USDT,3.14345,239.0,3.14335,39.0,3.14346,155.0,3.14351,159.0
1753769602979,06:13:22.979,huobi,XRP/USDT:USDT,3.14345,239.0,3.14335,39.0,3.14346,155.0,3.14351,159.0
1753769603020,06:13:23.020,huobi,XRP/USDT:USDT,3.14345,239.0,3.14335,39.0,3.14346,155.0,3.14351,159.0
1753769603050,06:13:23.050,huobi,XRP/USDT:USDT,3.14345,239.0,3.14335,39.0,3.14346,175.0,3.14351,159.0
1753769603114,06:13:23.114,huobi,XRP/USDT:USDT,3.14345,239.0,3.14335,39.0,3.14346,155.0,3.14351,159.0
1753769603145,06:13:23.145,huobi,XRP/USDT:USDT,3.14345,239.0,3.14335,39.0,3.14346,155.0,3.14351,159.0
1753769603170,06:13:23.170,huobi,XRP/USDT:USDT,3.14345,326.0,3.14334,107.0,3.14346,132.0,3.14351,159.0
1753769603214,06:13:23.214,huobi,XRP/USDT:USDT,3.14345,326.0,3.14334,107.0,3.14346,132.0,3.14351,99.0
1753769603224,06:13:23.224,huobi,XRP/USDT:USDT,3.14345,326.0,3.14334,107.0,3.14346,132.0,3.14351,99.0
1753769603262,06:13:23.262,huobi,XRP/USDT:USDT,3.14345,326.0,3.14334,107.0,3.14346,132.0,3.14351,99.0
1753769603329,06:13:23.329,huobi,XRP/USDT:USDT,3.14345,326.0,3.14334,107.0,3.14346,152.0,3.14351,99.0
1753769603409,06:13:23.409,huobi,XRP/USDT:USDT,3.14345,326.0,3.14334,107.0,3.14346,132.0,3.14351,99.0
1753769603502,06:13:23.502,huobi,XRP/USDT:USDT,3.14345,326.0,3.14334,107.0,3.14351,99.0,3.14352,690.0
1753769603526,06:13:23.526,huobi,XRP/USDT:USDT,3.1435,242.0,3.14345,107.0,3.14351,99.0,3.14352,690.0
1753769603553,06:13:23.553,huobi,XRP/USDT:USDT,3.14383,46.0,3.14366,25.0,3.14384,88.0,3.14404,132.0
1753769603586,06:13:23.586,huobi,XRP/USDT:USDT,3.14383,203.0,3.14352,57.0,3.14384,34.0,3.14404,132.0
1753769603616,06:13:23.616,huobi,XRP/USDT:USDT,3.14403,154.0,3.14384,60.0,3.14404,132.0,3.14418,107.0
1753769603646,06:13:23.646,huobi,XRP/USDT:USDT,3.14403,154.0,3.14384,60.0,3.14404,156.0,3.14418,107.0
1753769603689,06:13:23.689,huobi,XRP/USDT:USDT,3.14403,154.0,3.14384,60.0,3.14404,132.0,3.14418,107.0
1753769603709,06:13:23.709,huobi,XRP/USDT:USDT,3.14403,132.0,3.14384,99.0,3.14404,132.0,3.14418,107.0
1753769603736,06:13:23.736,huobi,XRP/USDT:USDT,3.14384,39.0,3.14383,25.0,3.14385,74.0,3.14404,182.0
1753769603776,06:13:23.776,huobi,XRP/USDT:USDT,3.14384,39.0,3.14383,25.0,3.14385,156.0,3.14403,39.0
1753769603800,06:13:23.800,huobi,XRP/USDT:USDT,3.14384,171.0,3.14383,25.0,3.14385,216.0,3.14403,39.0
1753769603826,06:13:23.826,huobi,XRP/USDT:USDT,3.14384,171.0,3.14383,25.0,3.14385,216.0,3.14403,83.0
1753769603867,06:13:23.867,huobi,XRP/USDT:USDT,3.14384,171.0,3.14383,25.0,3.14385,192.0,3.14403,83.0
1753769603890,06:13:23.890,huobi,XRP/USDT:USDT,3.14384,171.0,3.14383,25.0,3.14385,882.0,3.14403,83.0
1753769603921,06:13:23.921,huobi,XRP/USDT:USDT,3.14384,171.0,3.14383,25.0,3.14385,882.0,3.14403,83.0
1753769604025,06:13:24.025,huobi,XRP/USDT:USDT,3.14384,171.0,3.14383,25.0,3.14385,882.0,3.14403,83.0
1753769604041,06:13:24.041,huobi,XRP/USDT:USDT,3.14384,171.0,3.14383,25.0,3.14385,882.0,3.14403,83.0
1753769604126,06:13:24.126,huobi,XRP/USDT:USDT,3.14384,171.0,3.14383,25.0,3.14385,902.0,3.14403,83.0
1753769604185,06:13:24.185,huobi,XRP/USDT:USDT,3.14384,171.0,3.14383,25.0,3.14385,882.0,3.14403,83.0
1753769604266,06:13:24.266,huobi,XRP/USDT:USDT,3.14384,171.0,3.14383,25.0,3.14385,882.0,3.14403,83.0
1753769604281,06:13:24.281,huobi,XRP/USDT:USDT,3.14384,171.0,3.14383,25.0,3.14385,882.0,3.14403,83.0
1753769604318,06:13:24.318,huobi,XRP/USDT:USDT,3.14384,171.0,3.14383,25.0,3.14385,882.0,3.144,107.0
1753769604408,06:13:24.408,huobi,XRP/USDT:USDT,3.14384,171.0,3.14383,25.0,3.14385,902.0,3.14399,39.0
1753769604478,06:13:24.478,huobi,XRP/USDT:USDT,3.14384,171.0,3.14383,25.0,3.14385,882.0,3.14399,39.0
1753769604669,06:13:24.669,huobi,XRP/USDT:USDT,3.14384,171.0,3.14383,25.0,3.14385,882.0,3.14399,39.0
1753769604703,06:13:24.703,huobi,XRP/USDT:USDT,3.14384,171.0,3.14383,25.0,3.14385,902.0,3.14399,39.0
1753769604782,06:13:24.782,huobi,XRP/USDT:USDT,3.14384,171.0,3.14383,25.0,3.14385,902.0,3.14399,39.0
1753769604788,06:13:24.788,huobi,XRP/USDT:USDT,3.14384,171.0,3.14383,25.0,3.14385,882.0,3.14399,39.0
1753769604824,06:13:24.824,huobi,XRP/USDT:USDT,3.14384,171.0,3.14383,25.0,3.14385,956.0,3.14399,39.0
1753769605003,06:13:25.003,huobi,XRP/USDT:USDT,3.14384,171.0,3.14383,25.0,3.14385,976.0,3.14399,39.0
1753769605069,06:13:25.069,huobi,XRP/USDT:USDT,3.14384,171.0,3.14383,25.0,3.14385,956.0,3.14399,39.0
1753769605319,06:13:25.319,huobi,XRP/USDT:USDT,3.14384,171.0,3.14383,25.0,3.14385,976.0,3.14399,39.0
1753769605407,06:13:25.407,huobi,XRP/USDT:USDT,3.14384,171.0,3.14383,25.0,3.14385,956.0,3.14399,39.0
1753769605462,06:13:25.462,huobi,XRP/USDT:USDT,3.14384,194.0,3.14383,25.0,3.14385,956.0,3.14399,39.0
1753769605475,06:13:25.475,huobi,XRP/USDT:USDT,3.14384,194.0,3.14383,25.0,3.14385,956.0,3.14399,39.0
1753769605504,06:13:25.504,huobi,XRP/USDT:USDT,3.14384,301.0,3.14383,25.0,3.14385,882.0,3.14399,39.0
1753769605568,06:13:25.568,huobi,XRP/USDT:USDT,3.14384,309.0,3.14383,25.0,3.14385,822.0,3.14399,39.0
1753769605770,06:13:25.770,huobi,XRP/USDT:USDT,3.14384,309.0,3.14383,25.0,3.14385,822.0,3.14399,39.0
1753769606343,06:13:26.343,huobi,XRP/USDT:USDT,3.14384,309.0,3.14383,25.0,3.14385,822.0,3.14399,39.0
1753769606379,06:13:26.379,huobi,XRP/USDT:USDT,3.14384,309.0,3.14383,25.0,3.14385,822.0,3.14399,39.0
1753769606501,06:13:26.501,huobi,XRP/USDT:USDT,3.14384,309.0,3.14351,44.0,3.14385,822.0,3.14399,39.0
1753769606526,06:13:26.526,huobi,XRP/USDT:USDT,3.14398,46.0,3.14384,371.0,3.14399,39.0,3.144,146.0
1753769606567,06:13:26.567,huobi,XRP/USDT:USDT,3.14398,178.0,3.14393,107.0,3.14399,171.0,3.144,146.0
1753769606584,06:13:26.584,huobi,XRP/USDT:USDT,3.14398,190.0,3.14394,39.0,3.14399,171.0,3.144,146.0
1753769606690,06:13:26.690,huobi,XRP/USDT:USDT,3.14398,178.0,3.14394,39.0,3.14399,861.0,3.144,146.0
1753769606801,06:13:26.801,huobi,XRP/USDT:USDT,3.14398,178.0,3.14394,39.0,3.14399,861.0,3.144,146.0
1753769606827,06:13:26.827,huobi,XRP/USDT:USDT,3.14419,96.0,3.14399,69.0,3.1442,66.0,3.14421,126.0
1753769606854,06:13:26.854,huobi,XRP/USDT:USDT,3.14423,96.0,3.14419,212.0,3.14424,2.0,3.14425,107.0
1753769606898,06:13:26.898,huobi,XRP/USDT:USDT,3.14423,242.0,3.1442,60.0,3.14424,134.0,3.14425,107.0
1753769606913,06:13:26.913,huobi,XRP/USDT:USDT,3.14423,302.0,3.14399,39.0,3.14424,134.0,3.14425,107.0
1753769606948,06:13:26.948,huobi,XRP/USDT:USDT,3.14423,302.0,3.14399,39.0,3.14424,134.0,3.14425,107.0
1753769606979,06:13:26.979,huobi,XRP/USDT:USDT,3.14423,302.0,3.14399,39.0,3.14424,134.0,3.14425,107.0
1753769607007,06:13:27.007,huobi,XRP/USDT:USDT,3.14423,302.0,3.14399,39.0,3.14424,134.0,3.14425,107.0
1753769607043,06:13:27.043,huobi,XRP/USDT:USDT,3.14423,302.0,3.14399,39.0,3.14424,134.0,3.14425,107.0
1753769607087,06:13:27.087,huobi,XRP/USDT:USDT,3.14423,242.0,3.14399,39.0,3.14424,134.0,3.14425,107.0
1753769607097,06:13:27.097,huobi,XRP/USDT:USDT,3.14423,242.0,3.14399,39.0,3.14424,824.0,3.14425,107.0
1753769607179,06:13:27.179,huobi,XRP/USDT:USDT,3.14423,234.0,3.14399,39.0,3.14424,824.0,3.14425,107.0
1753769607192,06:13:27.192,huobi,XRP/USDT:USDT,3.14423,228.0,3.14399,39.0,3.14424,824.0,3.14425,107.0
1753769607276,06:13:27.276,huobi,XRP/USDT:USDT,3.14423,228.0,3.14399,39.0,3.14424,824.0,3.14425,107.0
1753769607428,06:13:27.428,huobi,XRP/USDT:USDT,3.14423,228.0,3.14399,39.0,3.14424,824.0,3.14425,107.0
1753769607508,06:13:27.508,huobi,XRP/USDT:USDT,3.14423,228.0,3.14399,39.0,3.14424,824.0,3.14425,107.0
1753769607541,06:13:27.541,huobi,XRP/USDT:USDT,3.14423,228.0,3.14399,39.0,3.14424,824.0,3.14425,107.0
1753769607555,06:13:27.555,huobi,XRP/USDT:USDT,3.14423,228.0,3.14399,39.0,3.14424,824.0,3.14425,107.0
1753769607576,06:13:27.576,huobi,XRP/USDT:USDT,3.14423,228.0,3.14399,39.0,3.14424,824.0,3.14425,107.0
1753769607710,06:13:27.710,huobi,XRP/USDT:USDT,3.14423,228.0,3.14399,39.0,3.14424,848.0,3.14425,107.0
1753769607727,06:13:27.727,huobi,XRP/USDT:USDT,3.14423,228.0,3.14399,39.0,3.14424,824.0,3.14425,107.0
1753769608688,06:13:28.688,huobi,XRP/USDT:USDT,3.14423,228.0,3.14399,39.0,3.14424,824.0,3.14425,107.0
1753769608740,06:13:28.740,huobi,XRP/USDT:USDT,3.14423,182.0,3.14399,39.0,3.14424,937.0,3.14425,107.0
1753769608766,06:13:28.766,huobi,XRP/USDT:USDT,3.14423,182.0,3.14399,39.0,3.14424,937.0,3.14425,146.0
1753769608784,06:13:28.784,huobi,XRP/USDT:USDT,3.14423,182.0,3.14399,39.0,3.14424,937.0,3.14425,146.0
1753769608815,06:13:28.815,huobi,XRP/USDT:USDT,3.14423,182.0,3.14399,39.0,3.14424,997.0,3.14425,146.0
1753769608846,06:13:28.846,huobi,XRP/USDT:USDT,3.14423,50.0,3.14399,39.0,3.14424,997.0,3.14425,146.0
1753769608866,06:13:28.866,huobi,XRP/USDT:USDT,3.14423,50.0,3.14399,39.0,3.14424,997.0,3.14425,146.0
1753769609045,06:13:29.045,huobi,XRP/USDT:USDT,3.14423,182.0,3.14399,39.0,3.14424,997.0,3.14425,146.0
1753769609069,06:13:29.069,huobi,XRP/USDT:USDT,3.14423,182.0,3.14399,39.0,3.14424,1017.0,3.14425,146.0
1753769609182,06:13:29.182,huobi,XRP/USDT:USDT,3.14423,182.0,3.14399,39.0,3.14424,1017.0,3.14425,146.0
1753769609202,06:13:29.202,huobi,XRP/USDT:USDT,3.14423,182.0,3.14399,39.0,3.14424,1017.0,3.14425,146.0
1753769609731,06:13:29.731,huobi,XRP/USDT:USDT,3.14423,182.0,3.14399,39.0,3.14424,1017.0,3.14425,146.0
1753769610082,06:13:30.082,huobi,XRP/USDT:USDT,3.14423,182.0,3.14399,39.0,3.14424,1015.0,3.14425,146.0
1753769610113,06:13:30.113,huobi,XRP/USDT:USDT,3.14423,182.0,3.14399,39.0,3.14424,965.0,3.14425,146.0
1753769610134,06:13:30.134,huobi,XRP/USDT:USDT,3.14423,182.0,3.14399,39.0,3.14424,1015.0,3.14425,146.0
1753769610179,06:13:30.179,huobi,XRP/USDT:USDT,3.14423,182.0,3.14399,39.0,3.14424,1015.0,3.14425,146.0
1753769610266,06:13:30.266,huobi,XRP/USDT:USDT,3.14423,182.0,3.14399,39.0,3.14424,325.0,3.14425,146.0
1753769610281,06:13:30.281,huobi,XRP/USDT:USDT,3.14423,182.0,3.14399,39.0,3.14424,275.0,3.14425,146.0
1753769610307,06:13:30.307,huobi,XRP/USDT:USDT,3.14423,182.0,3.14399,39.0,3.14424,251.0,3.14425,146.0
1753769610369,06:13:30.369,huobi,XRP/USDT:USDT,3.14423,182.0,3.14399,39.0,3.14424,965.0,3.14425,146.0
1753769610414,06:13:30.414,huobi,XRP/USDT:USDT,3.14423,182.0,3.14399,39.0,3.14424,1015.0,3.14425,146.0
1753769610585,06:13:30.585,huobi,XRP/USDT:USDT,3.14423,182.0,3.14399,39.0,3.14424,965.0,3.14425,146.0
1753769610620,06:13:30.620,huobi,XRP/USDT:USDT,3.14423,188.0,3.14399,39.0,3.14424,941.0,3.14425,146.0
1753769610639,06:13:30.639,huobi,XRP/USDT:USDT,3.14423,188.0,3.14399,39.0,3.14424,941.0,3.14425,146.0
1753769610727,06:13:30.727,huobi,XRP/USDT:USDT,3.14423,188.0,3.14399,39.0,3.14424,941.0,3.14425,146.0
1753769610768,06:13:30.768,huobi,XRP/USDT:USDT,3.14423,211.0,3.14399,39.0,3.14424,881.0,3.14425,39.0
1753769610805,06:13:30.805,huobi,XRP/USDT:USDT,3.14423,211.0,3.14399,39.0,3.14424,881.0,3.14425,39.0
1753769610816,06:13:30.816,huobi,XRP/USDT:USDT,3.14423,318.0,3.14399,39.0,3.14424,881.0,3.14425,39.0
1753769610843,06:13:30.843,huobi,XRP/USDT:USDT,3.14423,318.0,3.14399,39.0,3.14424,881.0,3.14425,39.0
1753769611157,06:13:31.157,huobi,XRP/USDT:USDT,3.14423,312.0,3.14399,39.0,3.14424,881.0,3.14425,39.0
1753769611336,06:13:31.336,huobi,XRP/USDT:USDT,3.14423,312.0,3.14399,39.0,3.14424,881.0,3.14425,39.0
1753769612217,06:13:32.217,huobi,XRP/USDT:USDT,3.14423,312.0,3.14399,39.0,3.14424,881.0,3.14425,39.0
1753769612257,06:13:32.257,huobi,XRP/USDT:USDT,3.14423,312.0,3.14399,39.0,3.14424,881.0,3.14425,39.0
1753769612597,06:13:32.597,huobi,XRP/USDT:USDT,3.14423,312.0,3.14399,39.0,3.14424,905.0,3.14425,39.0
1753769612641,06:13:32.641,huobi,XRP/USDT:USDT,3.14423,312.0,3.14399,39.0,3.14424,881.0,3.14425,39.0
1753769612656,06:13:32.656,huobi,XRP/USDT:USDT,3.14423,312.0,3.14399,39.0,3.14424,881.0,3.14425,39.0
1753769613207,06:13:33.207,huobi,XRP/USDT:USDT,3.14423,289.0,3.14399,39.0,3.14424,881.0,3.14425,39.0
1753769613232,06:13:33.232,huobi,XRP/USDT:USDT,3.14423,289.0,3.14399,39.0,3.14424,881.0,3.14425,39.0
1753769613246,06:13:33.246,huobi,XRP/USDT:USDT,3.14423,289.0,3.14399,39.0,3.14424,881.0,3.14425,39.0
1753769613855,06:13:33.855,huobi,XRP/USDT:USDT,3.14423,289.0,3.14399,39.0,3.14424,931.0,3.14425,39.0
1753769613882,06:13:33.882,huobi,XRP/USDT:USDT,3.14423,157.0,3.14399,39.0,3.14424,965.0,3.14425,39.0
1753769613916,06:13:33.916,huobi,XRP/USDT:USDT,3.14423,107.0,3.14407,132.0,3.14424,1015.0,3.14425,39.0
1753769613933,06:13:33.933,huobi,XRP/USDT:USDT,3.14407,132.0,3.14382,132.0,3.14424,1186.0,3.14425,39.0
1753769613965,06:13:33.965,huobi,XRP/USDT:USDT,3.14382,132.0,3.14368,39.0,3.14408,342.0,3.14412,107.0
1753769614000,06:13:34.000,huobi,XRP/USDT:USDT,3.14382,215.0,3.14368,39.0,3.14402,24.0,3.14407,99.0
1753769614026,06:13:34.026,huobi,XRP/USDT:USDT,3.14384,23.0,3.14383,60.0,3.14401,60.0,3.14402,24.0
1753769614063,06:13:34.063,huobi,XRP/USDT:USDT,3.14384,23.0,3.14383,60.0,3.14401,60.0,3.14402,24.0
1753769614085,06:13:34.085,huobi,XRP/USDT:USDT,3.14384,23.0,3.14382,132.0,3.14401,60.0,3.14406,60.0
1753769614113,06:13:34.113,huobi,XRP/USDT:USDT,3.14399,132.0,3.14384,23.0,3.144,195.0,3.14406,60.0
1753769614157,06:13:34.157,huobi,XRP/USDT:USDT,3.14399,132.0,3.14382,132.0,3.144,171.0,3.14406,60.0
1753769614175,06:13:34.175,huobi,XRP/USDT:USDT,3.14399,132.0,3.14382,132.0,3.144,231.0,3.14405,39.0
1753769614220,06:13:34.220,huobi,XRP/USDT:USDT,3.14399,180.0,3.14382,132.0,3.144,171.0,3.14405,39.0
1753769614279,06:13:34.279,huobi,XRP/USDT:USDT,3.14399,180.0,3.14383,39.0,3.144,861.0,3.14405,39.0
1753769614308,06:13:34.308,huobi,XRP/USDT:USDT,3.14399,157.0,3.14383,39.0,3.144,861.0,3.14405,39.0
1753769614385,06:13:34.385,huobi,XRP/USDT:USDT,3.14366,132.0,3.1435,132.0,3.14383,495.0,3.14399,92.0
1753769614447,06:13:34.447,huobi,XRP/USDT:USDT,3.14353,23.0,3.14352,60.0,3.14382,750.0,3.14383,251.0
1753769614473,06:13:34.473,huobi,XRP/USDT:USDT,3.14355,48.0,3.14354,60.0,3.14382,750.0,3.14383,251.0
1753769614570,06:13:34.570,huobi,XRP/USDT:USDT,3.1437,132.0,3.14357,25.0,3.14371,216.0,3.14381,101.0
1753769614627,06:13:34.627,huobi,XRP/USDT:USDT,3.1437,132.0,3.14357,25.0,3.14371,906.0,3.14381,101.0
1753769614745,06:13:34.745,huobi,XRP/USDT:USDT,3.1437,132.0,3.14369,107.0,3.14371,988.0,3.14381,39.0
1753769614780,06:13:34.780,huobi,XRP/USDT:USDT,3.1437,132.0,3.14369,107.0,3.14371,964.0,3.14381,39.0
1753769614869,06:13:34.869,huobi,XRP/USDT:USDT,3.1437,161.0,3.14369,107.0,3.14371,822.0,3.14381,39.0
1753769615063,06:13:35.063,huobi,XRP/USDT:USDT,3.1437,186.0,3.14369,146.0,3.14371,822.0,3.14381,39.0
1753769615078,06:13:35.078,huobi,XRP/USDT:USDT,3.1437,186.0,3.14369,146.0,3.14371,822.0,3.14381,39.0
1753769615163,06:13:35.163,huobi,XRP/USDT:USDT,3.1437,186.0,3.14369,146.0,3.14371,822.0,3.14381,39.0
1753769615222,06:13:35.222,huobi,XRP/USDT:USDT,3.1437,186.0,3.14369,146.0,3.14371,822.0,3.14381,39.0
1753769615231,06:13:35.231,huobi,XRP/USDT:USDT,3.1437,225.0,3.14369,146.0,3.14371,822.0,3.14381,39.0
1753769615318,06:13:35.318,huobi,XRP/USDT:USDT,3.1437,225.0,3.14369,146.0,3.14371,690.0,3.14381,39.0
1753769615368,06:13:35.368,huobi,XRP/USDT:USDT,3.1437,225.0,3.14369,146.0,3.14371,690.0,3.144,132.0
1753769615381,06:13:35.381,huobi,XRP/USDT:USDT,3.1437,285.0,3.14369,146.0,3.14371,690.0,3.144,132.0
1753769615408,06:13:35.408,huobi,XRP/USDT:USDT,3.1437,285.0,3.14369,146.0,3.14371,690.0,3.144,132.0
1753769615547,06:13:35.547,huobi,XRP/USDT:USDT,3.1437,392.0,3.14369,146.0,3.14371,690.0,3.144,132.0
1753769615650,06:13:35.650,huobi,XRP/USDT:USDT,3.1437,332.0,3.14369,146.0,3.14371,690.0,3.144,132.0
1753769615686,06:13:35.686,huobi,XRP/USDT:USDT,3.1437,287.0,3.14369,146.0,3.14371,690.0,3.144,132.0
1753769615711,06:13:35.711,huobi,XRP/USDT:USDT,3.1437,287.0,3.14369,146.0,3.14371,714.0,3.144,132.0
1753769615745,06:13:35.745,huobi,XRP/USDT:USDT,3.1437,287.0,3.14369,146.0,3.14371,690.0,3.144,132.0
1753769615779,06:13:35.779,huobi,XRP/USDT:USDT,3.1437,287.0,3.14369,146.0,3.14371,690.0,3.144,132.0
1753769615801,06:13:35.801,huobi,XRP/USDT:USDT,3.1437,287.0,3.14369,146.0,3.14371,690.0,3.144,132.0
1753769616018,06:13:36.018,huobi,XRP/USDT:USDT,3.1437,287.0,3.14369,146.0,3.14371,690.0,3.14399,39.0
1753769616039,06:13:36.039,huobi,XRP/USDT:USDT,3.1437,287.0,3.14369,146.0,3.14371,690.0,3.14399,39.0
1753769616075,06:13:36.075,huobi,XRP/USDT:USDT,3.1437,287.0,3.14369,146.0,3.14371,690.0,3.14399,39.0
1753769616135,06:13:36.135,huobi,XRP/USDT:USDT,3.1437,287.0,3.14369,146.0,3.14371,690.0,3.14399,39.0
1753769616170,06:13:36.170,huobi,XRP/USDT:USDT,3.1437,287.0,3.14369,146.0,3.14371,690.0,3.14399,39.0
1753769616191,06:13:36.191,huobi,XRP/USDT:USDT,3.1437,293.0,3.14369,146.0,3.14371,690.0,3.14399,39.0
1753769616771,06:13:36.771,huobi,XRP/USDT:USDT,3.1437,293.0,3.14369,146.0,3.14371,690.0,3.14399,39.0
1753769616864,06:13:36.864,huobi,XRP/USDT:USDT,3.1437,287.0,3.14369,146.0,3.14371,690.0,3.14399,39.0
1753769616949,06:13:36.949,huobi,XRP/USDT:USDT,3.1437,287.0,3.14369,146.0,3.14371,690.0,3.14399,39.0
1753769617152,06:13:37.152,huobi,XRP/USDT:USDT,3.1437,287.0,3.14369,146.0,3.14371,690.0,3.14399,39.0
1753769617202,06:13:37.202,huobi,XRP/USDT:USDT,3.1437,287.0,3.14369,146.0,3.14371,690.0,3.14399,39.0
1753769617206,06:13:37.206,huobi,XRP/USDT:USDT,3.1437,287.0,3.14369,146.0,3.14371,690.0,3.14399,39.0
1753769617439,06:13:37.439,huobi,XRP/USDT:USDT,3.1437,287.0,3.14369,146.0,3.14371,690.0,3.14399,39.0
1753769617699,06:13:37.699,huobi,XRP/USDT:USDT,3.1437,287.0,3.14369,146.0,3.14371,690.0,3.14399,39.0
1753769617720,06:13:37.720,huobi,XRP/USDT:USDT,3.1437,287.0,3.14369,146.0,3.14371,690.0,3.14399,39.0
1753769617774,06:13:37.774,huobi,XRP/USDT:USDT,3.1437,287.0,3.14369,146.0,3.14371,690.0,3.14399,39.0
1753769617925,06:13:37.925,huobi,XRP/USDT:USDT,3.1437,287.0,3.14369,146.0,3.14371,740.0,3.14399,39.0
1753769618001,06:13:38.001,huobi,XRP/USDT:USDT,3.1437,287.0,3.14369,146.0,3.14371,714.0,3.14399,39.0
1753769618079,06:13:38.079,huobi,XRP/USDT:USDT,3.1437,287.0,3.14369,146.0,3.14371,690.0,3.14399,39.0
1753769618210,06:13:38.210,huobi,XRP/USDT:USDT,3.1437,287.0,3.14369,146.0,3.14371,710.0,3.14399,39.0
1753769618277,06:13:38.277,huobi,XRP/USDT:USDT,3.1437,287.0,3.14369,146.0,3.14371,690.0,3.14399,39.0
1753769618331,06:13:38.331,huobi,XRP/USDT:USDT,3.1437,287.0,3.14369,146.0,3.14371,714.0,3.14399,39.0
1753769618523,06:13:38.523,huobi,XRP/USDT:USDT,3.1437,287.0,3.14369,146.0,3.14371,710.0,3.14399,39.0
1753769618560,06:13:38.560,huobi,XRP/USDT:USDT,3.1437,293.0,3.14369,146.0,3.14371,710.0,3.14399,39.0
1753769618596,06:13:38.596,huobi,XRP/USDT:USDT,3.1437,287.0,3.14369,146.0,3.14371,690.0,3.14399,39.0
1753769618634,06:13:38.634,huobi,XRP/USDT:USDT,3.1437,287.0,3.14369,146.0,3.14371,690.0,3.14399,39.0
1753769618731,06:13:38.731,huobi,XRP/USDT:USDT,3.1437,287.0,3.14369,146.0,3.14371,690.0,3.14399,39.0
1753769618940,06:13:38.940,huobi,XRP/USDT:USDT,3.1437,287.0,3.14369,146.0,3.14371,690.0,3.14399,39.0
1753769619013,06:13:39.013,huobi,XRP/USDT:USDT,3.1437,347.0,3.14369,146.0,3.14371,690.0,3.14399,39.0
1753769619071,06:13:39.071,huobi,XRP/USDT:USDT,3.1437,359.0,3.14369,146.0,3.14371,690.0,3.14399,39.0
1753769619452,06:13:39.452,huobi,XRP/USDT:USDT,3.1437,359.0,3.14369,146.0,3.14371,690.0,3.14399,39.0
1753769619471,06:13:39.471,huobi,XRP/USDT:USDT,3.1437,359.0,3.14369,146.0,3.14371,690.0,3.14399,39.0
1753769619789,06:13:39.789,huobi,XRP/USDT:USDT,3.1437,299.0,3.14369,146.0,3.14371,690.0,3.14399,39.0
1753769620854,06:13:40.854,huobi,XRP/USDT:USDT,3.1437,359.0,3.14369,146.0,3.14371,690.0,3.14399,39.0
1753769620879,06:13:40.879,huobi,XRP/USDT:USDT,3.1437,387.0,3.14369,146.0,3.14371,690.0,3.14399,39.0
1753769621007,06:13:41.007,huobi,XRP/USDT:USDT,3.1437,1217.0,3.14369,146.0,3.14371,690.0,3.14399,39.0
1753769621054,06:13:41.054,huobi,XRP/USDT:USDT,3.1437,1187.0,3.14369,146.0,3.14371,690.0,3.14399,39.0
1753769621098,06:13:41.098,huobi,XRP/USDT:USDT,3.1437,1109.0,3.14369,146.0,3.14371,690.0,3.14399,39.0
1753769621110,06:13:41.110,huobi,XRP/USDT:USDT,3.1437,753.0,3.14369,146.0,3.14371,690.0,3.14399,39.0
1753769621154,06:13:41.154,huobi,XRP/USDT:USDT,3.1437,467.0,3.14369,146.0,3.14371,690.0,3.14399,39.0
1753769621167,06:13:41.167,huobi,XRP/USDT:USDT,3.1437,387.0,3.14369,146.0,3.14371,690.0,3.14399,39.0
1753769622335,06:13:42.335,huobi,XRP/USDT:USDT,3.1437,387.0,3.14369,107.0,3.14371,690.0,3.14399,39.0
1753769622413,06:13:42.413,huobi,XRP/USDT:USDT,3.1437,426.0,3.14369,107.0,3.14371,690.0,3.14399,39.0
1753769622443,06:13:42.443,huobi,XRP/USDT:USDT,3.1437,426.0,3.14369,107.0,3.14371,690.0,3.14399,39.0
1753769622486,06:13:42.486,huobi,XRP/USDT:USDT,3.1437,326.0,3.14369,107.0,3.14371,690.0,3.14399,39.0
1753769622572,06:13:42.572,huobi,XRP/USDT:USDT,3.1437,326.0,3.14369,107.0,3.14371,764.0,3.14399,39.0
1753769622627,06:13:42.627,huobi,XRP/USDT:USDT,3.1437,326.0,3.14369,107.0,3.14371,714.0,3.14399,39.0
1753769622681,06:13:42.681,huobi,XRP/USDT:USDT,3.1437,326.0,3.14369,107.0,3.14371,690.0,3.14399,39.0
1753769622886,06:13:42.886,huobi,XRP/USDT:USDT,3.1437,332.0,3.14369,107.0,3.14371,690.0,3.14399,39.0
1753769622910,06:13:42.910,huobi,XRP/USDT:USDT,3.1437,326.0,3.14369,107.0,3.14371,690.0,3.14399,39.0
1753769623006,06:13:43.006,huobi,XRP/USDT:USDT,3.1437,326.0,3.14369,107.0,3.14371,690.0,3.14399,39.0
1753769623026,06:13:43.026,huobi,XRP/USDT:USDT,3.1437,326.0,3.14369,107.0,3.14371,690.0,3.14399,39.0
1753769623058,06:13:43.058,huobi,XRP/USDT:USDT,3.1437,386.0,3.14369,107.0,3.14371,690.0,3.14399,39.0
1753769623294,06:13:43.294,huobi,XRP/USDT:USDT,3.1437,402.0,3.14369,107.0,3.14371,690.0,3.14399,39.0
1753769623675,06:13:43.675,huobi,XRP/USDT:USDT,3.1437,342.0,3.14369,107.0,3.14371,690.0,3.14399,39.0
1753769623737,06:13:43.737,huobi,XRP/USDT:USDT,3.1437,342.0,3.14369,107.0,3.14371,690.0,3.14399,39.0
1753769623950,06:13:43.950,huobi,XRP/USDT:USDT,3.1437,342.0,3.14369,107.0,3.14371,690.0,3.14399,39.0
1753769624060,06:13:44.060,huobi,XRP/USDT:USDT,3.1437,342.0,3.14369,107.0,3.14371,690.0,3.14399,39.0
1753769624316,06:13:44.316,huobi,XRP/USDT:USDT,3.1437,342.0,3.14369,107.0,3.14371,690.0,3.14399,39.0
1753769624646,06:13:44.646,huobi,XRP/USDT:USDT,3.1437,342.0,3.14369,107.0,3.14371,690.0,3.14399,39.0
1753769624732,06:13:44.732,huobi,XRP/USDT:USDT,3.1437,374.0,3.14369,107.0,3.14371,690.0,3.14399,39.0
1753769624749,06:13:44.749,huobi,XRP/USDT:USDT,3.1437,374.0,3.14369,107.0,3.14371,690.0,3.14399,39.0
1753769624812,06:13:44.812,huobi,XRP/USDT:USDT,3.1437,374.0,3.14369,107.0,3.14371,690.0,3.14399,39.0
1753769625106,06:13:45.106,huobi,XRP/USDT:USDT,3.1437,374.0,3.14369,107.0,3.14371,690.0,3.14399,39.0
1753769625718,06:13:45.718,huobi,XRP/USDT:USDT,3.1437,374.0,3.14369,107.0,3.14371,690.0,3.14399,39.0
1753769625755,06:13:45.755,huobi,XRP/USDT:USDT,3.1437,374.0,3.14369,107.0,3.14371,690.0,3.14399,39.0
1753769626731,06:13:46.731,huobi,XRP/USDT:USDT,3.1437,374.0,3.14369,107.0,3.14399,39.0,3.144,171.0
1753769626745,06:13:46.745,huobi,XRP/USDT:USDT,3.1437,358.0,3.14352,107.0,3.14399,39.0,3.144,39.0
1753769626775,06:13:46.775,huobi,XRP/USDT:USDT,3.14397,46.0,3.14377,233.0,3.14398,60.0,3.14399,167.0
1753769626803,06:13:46.803,huobi,XRP/USDT:USDT,3.14397,50.0,3.14392,128.0,3.14398,902.0,3.14399,39.0
1753769627142,06:13:47.142,huobi,XRP/USDT:USDT,3.14397,174.0,3.14377,217.0,3.14398,878.0,3.14399,39.0
1753769627169,06:13:47.169,huobi,XRP/USDT:USDT,3.14397,199.0,3.14377,167.0,3.14398,818.0,3.14418,72.0
1753769627200,06:13:47.200,huobi,XRP/USDT:USDT,3.14397,199.0,3.14377,167.0,3.14398,818.0,3.14418,72.0
1753769627225,06:13:47.225,huobi,XRP/USDT:USDT,3.14397,263.0,3.14377,167.0,3.14398,818.0,3.14418,72.0
1753769627255,06:13:47.255,huobi,XRP/USDT:USDT,3.14397,221.0,3.14377,167.0,3.14398,818.0,3.14418,72.0
1753769627302,06:13:47.302,huobi,XRP/USDT:USDT,3.14397,221.0,3.14377,167.0,3.14398,818.0,3.14418,39.0
1753769627494,06:13:47.494,huobi,XRP/USDT:USDT,3.14397,328.0,3.14377,167.0,3.14398,818.0,3.14418,39.0
1753769627503,06:13:47.503,huobi,XRP/USDT:USDT,3.14397,328.0,3.14377,167.0,3.14398,818.0,3.14418,39.0
1753769627639,06:13:47.639,huobi,XRP/USDT:USDT,3.14397,328.0,3.14377,167.0,3.14398,818.0,3.14418,39.0
1753769627647,06:13:47.647,huobi,XRP/USDT:USDT,3.14397,328.0,3.14377,167.0,3.14398,690.0,3.14418,39.0
1753769627675,06:13:47.675,huobi,XRP/USDT:USDT,3.14417,46.0,3.14412,128.0,3.14418,39.0,3.14424,148.0
1753769627707,06:13:47.707,huobi,XRP/USDT:USDT,3.14417,306.0,3.14398,99.0,3.14418,167.0,3.14424,148.0
1753769627782,06:13:47.782,huobi,XRP/USDT:USDT,3.14417,306.0,3.14398,39.0,3.14418,167.0,3.14424,148.0
1753769627820,06:13:47.820,huobi,XRP/USDT:USDT,3.14417,306.0,3.14398,39.0,3.14418,856.0,3.14424,148.0
1753769627824,06:13:47.824,huobi,XRP/USDT:USDT,3.14417,306.0,3.14398,39.0,3.14418,167.0,3.14424,148.0
1753769627864,06:13:47.864,huobi,XRP/USDT:USDT,3.14417,374.0,3.14398,39.0,3.14418,167.0,3.14424,148.0
1753769627890,06:13:47.890,huobi,XRP/USDT:USDT,3.14417,374.0,3.14398,39.0,3.14418,167.0,3.14424,148.0
1753769627915,06:13:47.915,huobi,XRP/USDT:USDT,3.14417,374.0,3.14398,39.0,3.14418,167.0,3.14424,148.0
1753769627945,06:13:47.945,huobi,XRP/USDT:USDT,3.14417,314.0,3.14398,39.0,3.14418,856.0,3.14424,148.0
1753769628063,06:13:48.063,huobi,XRP/USDT:USDT,3.14417,314.0,3.14398,39.0,3.14418,856.0,3.14424,148.0
1753769628063,06:13:48.063,huobi,XRP/USDT:USDT,3.14417,314.0,3.14398,39.0,3.14418,856.0,3.14424,148.0
1753769628408,06:13:48.408,huobi,XRP/USDT:USDT,3.14417,306.0,3.14398,39.0,3.14418,856.0,3.14424,148.0
1753769628462,06:13:48.462,huobi,XRP/USDT:USDT,3.14417,306.0,3.14398,39.0,3.14418,856.0,3.14424,148.0
1753769628626,06:13:48.626,huobi,XRP/USDT:USDT,3.14417,306.0,3.14398,39.0,3.14418,856.0,3.14424,41.0
1753769628635,06:13:48.635,huobi,XRP/USDT:USDT,3.14417,306.0,3.14398,39.0,3.14418,167.0,3.14424,41.0
1753769628671,06:13:48.671,huobi,XRP/USDT:USDT,3.14417,366.0,3.14398,39.0,3.14418,128.0,3.14424,41.0
1753769628732,06:13:48.732,huobi,XRP/USDT:USDT,3.14417,366.0,3.14398,39.0,3.14418,817.0,3.14424,41.0
1753769628765,06:13:48.765,huobi,XRP/USDT:USDT,3.14417,314.0,3.14398,39.0,3.14418,817.0,3.14424,41.0
1753769628785,06:13:48.785,huobi,XRP/USDT:USDT,3.14417,402.0,3.14398,39.0,3.14418,128.0,3.14424,41.0
1753769628828,06:13:48.828,huobi,XRP/USDT:USDT,3.14417,374.0,3.14398,39.0,3.14418,128.0,3.14424,41.0
1753769628850,06:13:48.850,huobi,XRP/USDT:USDT,3.14417,374.0,3.14398,90.0,3.14418,128.0,3.14424,41.0
1753769628882,06:13:48.882,huobi,XRP/USDT:USDT,3.14417,374.0,3.14398,90.0,3.14418,128.0,3.14424,41.0
1753769628954,06:13:48.954,huobi,XRP/USDT:USDT,3.14417,374.0,3.14398,90.0,3.14418,128.0,3.14423,689.0
1753769628975,06:13:48.975,huobi,XRP/USDT:USDT,3.14417,374.0,3.14398,90.0,3.14418,128.0,3.14423,689.0
1753769629088,06:13:49.088,huobi,XRP/USDT:USDT,3.14417,374.0,3.14398,90.0,3.14418,128.0,3.14423,689.0
1753769629161,06:13:49.161,huobi,XRP/USDT:USDT,3.14417,374.0,3.14398,90.0,3.14418,128.0,3.14423,689.0
1753769629183,06:13:49.183,huobi,XRP/USDT:USDT,3.14417,374.0,3.14398,90.0,3.14418,128.0,3.14423,689.0
1753769629345,06:13:49.345,huobi,XRP/USDT:USDT,3.14417,374.0,3.14398,90.0,3.14418,128.0,3.14423,689.0
1753769629548,06:13:49.548,huobi,XRP/USDT:USDT,3.14417,374.0,3.14398,90.0,3.14418,128.0,3.14423,689.0
1753769629568,06:13:49.568,huobi,XRP/USDT:USDT,3.14417,132.0,3.14397,128.0,3.14418,262.0,3.14422,39.0
1753769629607,06:13:49.607,huobi,XRP/USDT:USDT,3.14352,107.0,3.1435,132.0,3.14417,30.0,3.14418,409.0
1753769629622,06:13:49.622,huobi,XRP/USDT:USDT,3.14352,107.0,3.14345,500.0,3.14353,68.0,3.14365,24.0
1753769629657,06:13:49.657,huobi,XRP/USDT:USDT,3.14352,107.0,3.14346,52.0,3.14353,24.0,3.14365,24.0
1753769629685,06:13:49.685,huobi,XRP/USDT:USDT,3.14352,244.0,3.14345,500.0,3.14353,130.0,3.14365,39.0
1753769629713,06:13:49.713,huobi,XRP/USDT:USDT,3.14352,267.0,3.14346,75.0,3.14353,130.0,3.14365,39.0
1753769629785,06:13:49.785,huobi,XRP/USDT:USDT,3.14352,327.0,3.14346,114.0,3.14353,130.0,3.14365,169.0
1753769629815,06:13:49.815,huobi,XRP/USDT:USDT,3.14352,327.0,3.14346,114.0,3.14353,130.0,3.14365,39.0
1753769629883,06:13:49.883,huobi,XRP/USDT:USDT,3.14352,327.0,3.14346,114.0,3.14353,130.0,3.14365,39.0
1753769629893,06:13:49.893,huobi,XRP/USDT:USDT,3.14352,327.0,3.14346,74.0,3.14353,130.0,3.14365,39.0
1753769629941,06:13:49.941,huobi,XRP/USDT:USDT,3.14352,327.0,3.14346,74.0,3.14353,130.0,3.14365,39.0
1753769629978,06:13:49.978,huobi,XRP/USDT:USDT,3.14352,327.0,3.14346,74.0,3.14353,130.0,3.14365,39.0
1753769629991,06:13:49.991,huobi,XRP/USDT:USDT,3.14352,327.0,3.14346,74.0,3.14353,130.0,3.14365,39.0
1753769630016,06:13:50.016,huobi,XRP/USDT:USDT,3.14352,366.0,3.14346,35.0,3.14365,39.0,3.14369,130.0
1753769630046,06:13:50.046,huobi,XRP/USDT:USDT,3.14364,60.0,3.14353,60.0,3.14365,39.0,3.14377,85.0
1753769630301,06:13:50.301,huobi,XRP/USDT:USDT,3.14364,200.0,3.14354,39.0,3.14365,169.0,3.14377,85.0
1753769630324,06:13:50.324,huobi,XRP/USDT:USDT,3.14364,307.0,3.14354,39.0,3.14365,169.0,3.14377,85.0
1753769630393,06:13:50.393,huobi,XRP/USDT:USDT,3.14364,307.0,3.14354,39.0,3.14365,130.0,3.14377,85.0
1753769630404,06:13:50.404,huobi,XRP/USDT:USDT,3.14364,307.0,3.14354,39.0,3.14377,25.0,3.14382,48.0
1753769630458,06:13:50.458,huobi,XRP/USDT:USDT,3.14376,190.0,3.14365,99.0,3.14377,25.0,3.14383,689.0
1753769630517,06:13:50.517,huobi,XRP/USDT:USDT,3.14376,190.0,3.14365,99.0,3.14377,25.0,3.14383,689.0
1753769630531,06:13:50.531,huobi,XRP/USDT:USDT,3.14376,190.0,3.14365,99.0,3.14377,25.0,3.14383,689.0
1753769630568,06:13:50.568,huobi,XRP/USDT:USDT,3.14376,190.0,3.14365,99.0,3.14377,25.0,3.14383,689.0
1753769630592,06:13:50.592,huobi,XRP/USDT:USDT,3.14376,190.0,3.14365,99.0,3.14377,155.0,3.14383,689.0
1753769630622,06:13:50.622,huobi,XRP/USDT:USDT,3.14376,206.0,3.14365,99.0,3.14377,155.0,3.14383,689.0
1753769630646,06:13:50.646,huobi,XRP/USDT:USDT,3.14382,228.0,3.14377,60.0,3.14402,107.0,3.14415,39.0
1753769630712,06:13:50.712,huobi,XRP/USDT:USDT,3.14401,37.0,3.14385,500.0,3.14402,130.0,3.14415,39.0
1753769630715,06:13:50.715,huobi,XRP/USDT:USDT,3.14401,204.0,3.14386,35.0,3.14402,130.0,3.14415,39.0
1753769630738,06:13:50.738,huobi,XRP/USDT:USDT,3.14401,204.0,3.14382,298.0,3.14402,130.0,3.14415,39.0
1753769630771,06:13:50.771,huobi,XRP/USDT:USDT,3.14401,144.0,3.14383,58.0,3.14402,243.0,3.14414,689.0
1753769630806,06:13:50.806,huobi,XRP/USDT:USDT,3.14401,144.0,3.14383,58.0,3.14402,193.0,3.14414,689.0
1753769630833,06:13:50.833,huobi,XRP/USDT:USDT,3.14401,144.0,3.14383,58.0,3.14402,193.0,3.14413,93.0
1753769630896,06:13:50.896,huobi,XRP/USDT:USDT,3.14401,144.0,3.14383,58.0,3.14402,193.0,3.14413,93.0
1753769630916,06:13:50.916,huobi,XRP/USDT:USDT,3.14401,144.0,3.14383,58.0,3.14402,193.0,3.14413,93.0
1753769630982,06:13:50.982,huobi,XRP/USDT:USDT,3.14401,144.0,3.14383,58.0,3.14402,193.0,3.14413,93.0
1753769631029,06:13:51.029,huobi,XRP/USDT:USDT,3.14401,144.0,3.14383,58.0,3.14402,169.0,3.14413,93.0
1753769631075,06:13:51.075,huobi,XRP/USDT:USDT,3.14401,144.0,3.14383,58.0,3.14402,169.0,3.14413,93.0
1753769631385,06:13:51.385,huobi,XRP/USDT:USDT,3.14401,144.0,3.14383,58.0,3.14402,169.0,3.14413,93.0
1753769631405,06:13:51.405,huobi,XRP/USDT:USDT,3.14401,144.0,3.14382,169.0,3.14402,169.0,3.14413,93.0
1753769631438,06:13:51.438,huobi,XRP/USDT:USDT,3.14401,144.0,3.14382,169.0,3.14402,229.0,3.14413,93.0
1753769631458,06:13:51.458,huobi,XRP/USDT:USDT,3.14401,144.0,3.14382,169.0,3.14402,254.0,3.14413,93.0
1753769631489,06:13:51.489,huobi,XRP/USDT:USDT,3.14401,144.0,3.14382,169.0,3.14402,254.0,3.14413,93.0
1753769631828,06:13:51.828,huobi,XRP/USDT:USDT,3.14401,144.0,3.14398,107.0,3.14402,254.0,3.14413,93.0
1753769631851,06:13:51.851,huobi,XRP/USDT:USDT,3.14401,144.0,3.14398,107.0,3.14402,194.0,3.14413,93.0
1753769632103,06:13:52.103,huobi,XRP/USDT:USDT,3.14401,144.0,3.14398,107.0,3.14402,218.0,3.14413,93.0
1753769632142,06:13:52.142,huobi,XRP/USDT:USDT,3.14401,144.0,3.14398,107.0,3.14402,194.0,3.14413,93.0
1753769632160,06:13:52.160,huobi,XRP/USDT:USDT,3.14401,144.0,3.14398,107.0,3.14402,194.0,3.14413,93.0
1753769632180,06:13:52.180,huobi,XRP/USDT:USDT,3.14401,144.0,3.14398,107.0,3.14402,244.0,3.14413,93.0
1753769632335,06:13:52.335,huobi,XRP/USDT:USDT,3.14401,144.0,3.14398,107.0,3.14402,244.0,3.14413,93.0
1753769632362,06:13:52.362,huobi,XRP/USDT:USDT,3.14401,144.0,3.14398,107.0,3.14402,304.0,3.14413,93.0
1753769632455,06:13:52.455,huobi,XRP/USDT:USDT,3.14401,14.0,3.14398,107.0,3.14402,328.0,3.14413,93.0
1753769632484,06:13:52.484,huobi,XRP/USDT:USDT,3.14401,14.0,3.14398,107.0,3.14402,348.0,3.14413,93.0
1753769632502,06:13:52.502,huobi,XRP/USDT:USDT,3.14353,42.0,3.14352,796.0,3.14383,89.0,3.14401,44.0
1753769632534,06:13:52.534,huobi,XRP/USDT:USDT,3.14353,102.0,3.14352,796.0,3.14354,24.0,3.14382,60.0
1753769632567,06:13:52.567,huobi,XRP/USDT:USDT,3.14352,107.0,3.14338,245.0,3.14353,50.0,3.14354,24.0
1753769632594,06:13:52.594,huobi,XRP/USDT:USDT,3.14352,237.0,3.14343,52.0,3.14353,50.0,3.14354,24.0
1753769632629,06:13:52.629,huobi,XRP/USDT:USDT,3.14352,237.0,3.1434,39.0,3.14354,154.0,3.14382,130.0
1753769632661,06:13:52.661,huobi,XRP/USDT:USDT,3.14353,46.0,3.14352,237.0,3.14354,154.0,3.14382,130.0
1753769632691,06:13:52.691,huobi,XRP/USDT:USDT,3.14353,176.0,3.14352,107.0,3.14354,24.0,3.14381,39.0
1753769632726,06:13:52.726,huobi,XRP/USDT:USDT,3.14353,176.0,3.14352,107.0,3.14354,24.0,3.14381,39.0
1753769632746,06:13:52.746,huobi,XRP/USDT:USDT,3.14353,176.0,3.14352,107.0,3.14354,130.0,3.1438,60.0
1753769632797,06:13:52.797,huobi,XRP/USDT:USDT,3.14353,183.0,3.14352,107.0,3.14354,130.0,3.1438,60.0
1753769632803,06:13:52.803,huobi,XRP/USDT:USDT,3.14353,160.0,3.14352,107.0,3.1438,60.0,3.14381,64.0
1753769632847,06:13:52.847,huobi,XRP/USDT:USDT,3.14379,153.0,3.14353,197.0,3.1438,190.0,3.14381,64.0
1753769632871,06:13:52.871,huobi,XRP/USDT:USDT,3.14379,130.0,3.14354,39.0,3.1438,190.0,3.14381,64.0
1753769632925,06:13:52.925,huobi,XRP/USDT:USDT,3.14379,153.0,3.14354,39.0,3.1438,190.0,3.14381,64.0
1753769632964,06:13:52.964,huobi,XRP/USDT:USDT,3.14379,153.0,3.14354,39.0,3.1438,190.0,3.14381,64.0
1753769633105,06:13:53.105,huobi,XRP/USDT:USDT,3.14379,153.0,3.14354,39.0,3.1438,190.0,3.14381,64.0
1753769633125,06:13:53.125,huobi,XRP/USDT:USDT,3.14379,153.0,3.14354,39.0,3.1438,190.0,3.14381,64.0
1753769633144,06:13:53.144,huobi,XRP/USDT:USDT,3.14379,153.0,3.14354,39.0,3.1438,190.0,3.14381,64.0
1753769633234,06:13:53.234,huobi,XRP/USDT:USDT,3.14379,153.0,3.14354,39.0,3.1438,190.0,3.14381,64.0
1753769633301,06:13:53.301,huobi,XRP/USDT:USDT,3.14379,153.0,3.14354,39.0,3.1438,190.0,3.14381,64.0
1753769633315,06:13:53.315,huobi,XRP/USDT:USDT,3.14379,153.0,3.14354,39.0,3.1438,190.0,3.14381,64.0
1753769633366,06:13:53.366,huobi,XRP/USDT:USDT,3.14379,130.0,3.14354,39.0,3.1438,190.0,3.14381,64.0
1753769634012,06:13:54.012,huobi,XRP/USDT:USDT,3.14379,130.0,3.14354,39.0,3.1438,190.0,3.14381,64.0
1753769634080,06:13:54.080,huobi,XRP/USDT:USDT,3.14379,130.0,3.14354,39.0,3.1438,297.0,3.14381,64.0
1753769634282,06:13:54.282,huobi,XRP/USDT:USDT,3.14379,130.0,3.14354,39.0,3.1438,297.0,3.14381,64.0
1753769635612,06:13:55.612,huobi,XRP/USDT:USDT,3.14379,130.0,3.14354,39.0,3.1438,297.0,3.14381,64.0
1753769636065,06:13:56.065,huobi,XRP/USDT:USDT,3.14379,130.0,3.14354,39.0,3.1438,297.0,3.14381,64.0
1753769636108,06:13:56.108,huobi,XRP/USDT:USDT,3.14379,160.0,3.14354,39.0,3.1438,237.0,3.14381,25.0
1753769636165,06:13:56.165,huobi,XRP/USDT:USDT,3.14379,267.0,3.14354,39.0,3.1438,237.0,3.14381,25.0
1753769636203,06:13:56.203,huobi,XRP/USDT:USDT,3.14379,267.0,3.14354,39.0,3.1438,237.0,3.14384,689.0
1753769636226,06:13:56.226,huobi,XRP/USDT:USDT,3.14379,267.0,3.14354,39.0,3.1438,237.0,3.14384,689.0
1753769636254,06:13:56.254,huobi,XRP/USDT:USDT,3.14383,88.0,3.1438,36.0,3.14384,689.0,3.14396,130.0
1753769636286,06:13:56.286,huobi,XRP/USDT:USDT,3.14383,452.0,3.1438,109.0,3.14384,689.0,3.14415,107.0
1753769636355,06:13:56.355,huobi,XRP/USDT:USDT,3.14414,82.0,3.14386,500.0,3.14415,107.0,3.14416,39.0
1753769636465,06:13:56.465,huobi,XRP/USDT:USDT,3.14414,88.0,3.14388,39.0,3.14415,926.0,3.14416,39.0
1753769636532,06:13:56.532,huobi,XRP/USDT:USDT,3.14414,82.0,3.14398,130.0,3.14415,950.0,3.14416,39.0
1753769636561,06:13:56.561,huobi,XRP/USDT:USDT,3.14414,82.0,3.14398,130.0,3.14415,926.0,3.14416,39.0
1753769636590,06:13:56.590,huobi,XRP/USDT:USDT,3.14414,82.0,3.14399,39.0,3.14415,926.0,3.14416,39.0
1753769636709,06:13:56.709,huobi,XRP/USDT:USDT,3.14414,212.0,3.14399,39.0,3.14415,926.0,3.14416,39.0
1753769637000,06:13:57.000,huobi,XRP/USDT:USDT,3.14414,212.0,3.14399,39.0,3.14415,926.0,3.14416,39.0
1753769637073,06:13:57.073,huobi,XRP/USDT:USDT,3.14414,212.0,3.14399,39.0,3.14415,926.0,3.14416,39.0
1753769638023,06:13:58.023,huobi,XRP/USDT:USDT,3.14414,212.0,3.14399,39.0,3.14415,237.0,3.14416,39.0
1753769638031,06:13:58.031,huobi,XRP/USDT:USDT,3.14414,212.0,3.14398,130.0,3.14415,237.0,3.14416,39.0
1753769638078,06:13:58.078,huobi,XRP/USDT:USDT,3.14414,311.0,3.14398,130.0,3.14415,237.0,3.14416,39.0
1753769638127,06:13:58.127,huobi,XRP/USDT:USDT,3.14414,311.0,3.14398,130.0,3.14415,926.0,3.14416,39.0
1753769638372,06:13:58.372,huobi,XRP/USDT:USDT,3.14414,251.0,3.14398,130.0,3.14415,926.0,3.14416,39.0
1753769638801,06:13:58.801,huobi,XRP/USDT:USDT,3.14414,251.0,3.14398,130.0,3.14415,819.0,3.14416,39.0
1753769638804,06:13:58.804,huobi,XRP/USDT:USDT,3.14414,358.0,3.14398,130.0,3.14415,689.0,3.14444,128.0
1753769638834,06:13:58.834,huobi,XRP/USDT:USDT,3.14458,107.0,3.14444,28.0,3.14465,132.0,3.14467,39.0
1753769638868,06:13:58.868,huobi,XRP/USDT:USDT,3.14458,107.0,3.14445,60.0,3.14459,178.0,3.14465,235.0
1753769638897,06:13:58.897,huobi,XRP/USDT:USDT,3.14458,235.0,3.14445,60.0,3.14459,252.0,3.14465,107.0
1753769638926,06:13:58.926,huobi,XRP/USDT:USDT,3.14458,241.0,3.14445,60.0,3.14459,178.0,3.14465,107.0
1753769638958,06:13:58.958,huobi,XRP/USDT:USDT,3.14458,235.0,3.14445,60.0,3.14459,178.0,3.14465,107.0
1753769638995,06:13:58.995,huobi,XRP/USDT:USDT,3.14458,235.0,3.14445,60.0,3.14459,178.0,3.14465,107.0
1753769639038,06:13:59.038,huobi,XRP/USDT:USDT,3.14458,235.0,3.14445,60.0,3.14459,178.0,3.14465,107.0
1753769639050,06:13:59.050,huobi,XRP/USDT:USDT,3.14458,235.0,3.14445,60.0,3.14459,178.0,3.14465,107.0
1753769639417,06:13:59.417,huobi,XRP/USDT:USDT,3.14458,235.0,3.14445,60.0,3.14459,178.0,3.14465,107.0
1753769639507,06:13:59.507,huobi,XRP/USDT:USDT,3.14458,235.0,3.14445,60.0,3.14459,178.0,3.14465,107.0
1753769639553,06:13:59.553,huobi,XRP/USDT:USDT,3.14458,235.0,3.14445,60.0,3.14459,178.0,3.14465,107.0
1753769639574,06:13:59.574,huobi,XRP/USDT:USDT,3.14458,235.0,3.14445,60.0,3.14459,178.0,3.14465,107.0
1753769639609,06:13:59.609,huobi,XRP/USDT:USDT,3.14458,235.0,3.14445,60.0,3.14459,178.0,3.1446,689.0
1753769639740,06:13:59.740,huobi,XRP/USDT:USDT,3.14458,235.0,3.14445,60.0,3.14459,178.0,3.1446,689.0
1753769639776,06:13:59.776,huobi,XRP/USDT:USDT,3.14458,235.0,3.14445,60.0,3.14459,178.0,3.1446,728.0
1753769639812,06:13:59.812,huobi,XRP/USDT:USDT,3.14458,235.0,3.14443,128.0,3.14459,238.0,3.1446,728.0
1753769639833,06:13:59.833,huobi,XRP/USDT:USDT,3.14458,128.0,3.14443,128.0,3.14459,238.0,3.1446,728.0
1753769639857,06:13:59.857,huobi,XRP/USDT:USDT,3.14443,128.0,3.14431,146.0,3.14459,252.0,3.1446,728.0
1753769639948,06:13:59.948,huobi,XRP/USDT:USDT,3.14443,128.0,3.14431,146.0,3.14444,128.0,3.14457,64.0
1753769640015,06:14:00.015,huobi,XRP/USDT:USDT,3.14443,128.0,3.14431,146.0,3.14444,128.0,3.14457,64.0
1753769640037,06:14:00.037,huobi,XRP/USDT:USDT,3.14431,146.0,3.14429,107.0,3.14444,153.0,3.14457,39.0
1753769640068,06:14:00.068,huobi,XRP/USDT:USDT,3.14435,128.0,3.14431,146.0,3.14436,39.0,3.14444,213.0
1753769640096,06:14:00.096,huobi,XRP/USDT:USDT,3.14435,128.0,3.14431,146.0,3.14436,182.0,3.14443,60.0
1753769640130,06:14:00.130,huobi,XRP/USDT:USDT,3.14435,128.0,3.14431,146.0,3.14436,348.0,3.14442,39.0
1753769640201,06:14:00.201,huobi,XRP/USDT:USDT,3.14435,128.0,3.14431,146.0,3.14436,348.0,3.14442,39.0
1753769640202,06:14:00.202,huobi,XRP/USDT:USDT,3.14435,128.0,3.14431,146.0,3.14436,298.0,3.14442,39.0
1753769640219,06:14:00.219,huobi,XRP/USDT:USDT,3.14435,128.0,3.14431,146.0,3.14436,298.0,3.14442,39.0
1753769640267,06:14:00.267,huobi,XRP/USDT:USDT,3.14435,128.0,3.14431,146.0,3.14436,216.0,3.14442,39.0
1753769640278,06:14:00.278,huobi,XRP/USDT:USDT,3.14435,128.0,3.14431,146.0,3.14436,192.0,3.14442,39.0
1753769640306,06:14:00.306,huobi,XRP/USDT:USDT,3.14435,128.0,3.14431,146.0,3.14436,192.0,3.14442,39.0
1753769640344,06:14:00.344,huobi,XRP/USDT:USDT,3.14435,128.0,3.14431,146.0,3.14436,192.0,3.14442,39.0
1753769640368,06:14:00.368,huobi,XRP/USDT:USDT,3.14435,128.0,3.14431,146.0,3.14436,192.0,3.14441,689.0
1753769640407,06:14:00.407,huobi,XRP/USDT:USDT,3.14435,128.0,3.14431,146.0,3.14436,192.0,3.1444,51.0
1753769640507,06:14:00.507,huobi,XRP/USDT:USDT,3.14435,128.0,3.14431,146.0,3.14436,192.0,3.1444,51.0
1753769640821,06:14:00.821,huobi,XRP/USDT:USDT,3.14435,128.0,3.14431,146.0,3.14436,192.0,3.1444,51.0
1753769640851,06:14:00.851,huobi,XRP/USDT:USDT,3.14435,235.0,3.14431,146.0,3.14436,192.0,3.14441,689.0
1753769640901,06:14:00.901,huobi,XRP/USDT:USDT,3.14435,325.0,3.14431,146.0,3.14436,153.0,3.14441,689.0
1753769640907,06:14:00.907,huobi,XRP/USDT:USDT,3.14435,325.0,3.14431,146.0,3.14436,153.0,3.14441,689.0
1753769640968,06:14:00.968,huobi,XRP/USDT:USDT,3.14435,325.0,3.14431,146.0,3.14436,153.0,3.14441,689.0
1753769641037,06:14:01.037,huobi,XRP/USDT:USDT,3.14435,325.0,3.14431,146.0,3.14436,153.0,3.14441,689.0
1753769641079,06:14:01.079,huobi,XRP/USDT:USDT,3.14435,325.0,3.14431,146.0,3.14436,153.0,3.14441,689.0
1753769641310,06:14:01.310,huobi,XRP/USDT:USDT,3.14435,325.0,3.14431,146.0,3.14436,153.0,3.14441,689.0
1753769641368,06:14:01.368,huobi,XRP/USDT:USDT,3.14435,325.0,3.14431,146.0,3.14436,153.0,3.14451,2.0
1753769641473,06:14:01.473,huobi,XRP/USDT:USDT,3.14435,325.0,3.14431,146.0,3.14436,153.0,3.1445,689.0
1753769641972,06:14:01.972,huobi,XRP/USDT:USDT,3.14435,325.0,3.14431,146.0,3.14436,153.0,3.1445,689.0
1753769641987,06:14:01.987,huobi,XRP/USDT:USDT,3.14435,325.0,3.14431,146.0,3.14436,153.0,3.1445,689.0
1753769642021,06:14:02.021,huobi,XRP/USDT:USDT,3.14435,325.0,3.14431,146.0,3.14436,153.0,3.1445,689.0
1753769642047,06:14:02.047,huobi,XRP/USDT:USDT,3.14435,325.0,3.14431,146.0,3.14436,153.0,3.1445,689.0
1753769642114,06:14:02.114,huobi,XRP/USDT:USDT,3.14435,325.0,3.14431,146.0,3.14436,153.0,3.14449,57.0
1753769642159,06:14:02.159,huobi,XRP/USDT:USDT,3.14435,265.0,3.14431,146.0,3.14436,153.0,3.14448,39.0
1753769642166,06:14:02.166,huobi,XRP/USDT:USDT,3.14435,265.0,3.14431,146.0,3.14436,153.0,3.14448,39.0
1753769642720,06:14:02.720,huobi,XRP/USDT:USDT,3.14435,265.0,3.14431,146.0,3.14436,153.0,3.14448,39.0
1753769642855,06:14:02.855,huobi,XRP/USDT:USDT,3.14435,325.0,3.14431,146.0,3.14436,153.0,3.14448,39.0
1753769643003,06:14:03.003,huobi,XRP/USDT:USDT,3.14435,265.0,3.14431,146.0,3.14436,153.0,3.14448,39.0
1753769643144,06:14:03.144,huobi,XRP/USDT:USDT,3.14435,265.0,3.14431,146.0,3.14436,177.0,3.14448,39.0
1753769643155,06:14:03.155,huobi,XRP/USDT:USDT,3.14435,265.0,3.14431,146.0,3.14436,153.0,3.14448,39.0
1753769643907,06:14:03.907,huobi,XRP/USDT:USDT,3.14435,265.0,3.14431,146.0,3.14436,153.0,3.14448,39.0
1753769645558,06:14:05.558,huobi,XRP/USDT:USDT,3.14435,265.0,3.14431,146.0,3.14436,153.0,3.14448,39.0
1753769646210,06:14:06.210,huobi,XRP/USDT:USDT,3.14435,325.0,3.14431,146.0,3.14436,153.0,3.14448,39.0
1753769646747,06:14:06.747,huobi,XRP/USDT:USDT,3.14435,325.0,3.14431,146.0,3.14436,153.0,3.14448,39.0
1753769646753,06:14:06.753,huobi,XRP/USDT:USDT,3.14435,325.0,3.14432,107.0,3.14436,128.0,3.1445,689.0
1753769646787,06:14:06.787,huobi,XRP/USDT:USDT,3.1445,486.0,3.14436,100.0,3.14451,2.0,3.14459,128.0
1753769646818,06:14:06.818,huobi,XRP/USDT:USDT,3.1445,413.0,3.14437,39.0,3.14451,130.0,3.14487,132.0
1753769646854,06:14:06.854,huobi,XRP/USDT:USDT,3.1445,289.0,3.14437,39.0,3.14451,130.0,3.14487,132.0
1753769646877,06:14:06.877,huobi,XRP/USDT:USDT,3.1445,349.0,3.1444,107.0,3.14451,130.0,3.14487,132.0
1753769646907,06:14:06.907,huobi,XRP/USDT:USDT,3.1445,856.0,3.1444,107.0,3.14451,2.0,3.14487,132.0
1753769646940,06:14:06.940,huobi,XRP/USDT:USDT,3.1445,856.0,3.14441,39.0,3.14451,2.0,3.14487,132.0
1753769646963,06:14:06.963,huobi,XRP/USDT:USDT,3.1445,856.0,3.14441,39.0,3.14451,2.0,3.14487,132.0
1753769647011,06:14:07.011,huobi,XRP/USDT:USDT,3.1445,856.0,3.14441,39.0,3.14451,2.0,3.14487,132.0
1753769647045,06:14:07.045,huobi,XRP/USDT:USDT,3.1445,869.0,3.14441,39.0,3.14451,2.0,3.14487,132.0
1753769647081,06:14:07.081,huobi,XRP/USDT:USDT,3.1445,869.0,3.14441,39.0,3.14451,2.0,3.14487,132.0
1753769647096,06:14:07.096,huobi,XRP/USDT:USDT,3.1445,869.0,3.14441,39.0,3.14451,2.0,3.14487,132.0
1753769647125,06:14:07.125,huobi,XRP/USDT:USDT,3.1445,869.0,3.14441,39.0,3.14451,2.0,3.14487,132.0
1753769647158,06:14:07.158,huobi,XRP/USDT:USDT,3.1445,869.0,3.14441,39.0,3.14451,2.0,3.14487,132.0
1753769647227,06:14:07.227,huobi,XRP/USDT:USDT,3.1445,869.0,3.14441,39.0,3.14451,2.0,3.14487,132.0
1753769647273,06:14:07.273,huobi,XRP/USDT:USDT,3.1445,869.0,3.14441,39.0,3.14451,2.0,3.14487,132.0
1753769647296,06:14:07.296,huobi,XRP/USDT:USDT,3.1445,869.0,3.14441,39.0,3.14451,2.0,3.14487,132.0
1753769647330,06:14:07.330,huobi,XRP/USDT:USDT,3.1445,869.0,3.14441,39.0,3.14451,2.0,3.14487,132.0
1753769647367,06:14:07.367,huobi,XRP/USDT:USDT,3.1445,895.0,3.14441,39.0,3.14451,2.0,3.14487,132.0
1753769647450,06:14:07.450,huobi,XRP/USDT:USDT,3.1445,869.0,3.14441,39.0,3.14487,132.0,3.14495,39.0
1753769647478,06:14:07.478,huobi,XRP/USDT:USDT,3.14486,765.0,3.14465,128.0,3.14487,132.0,3.14495,39.0
1753769647507,06:14:07.507,huobi,XRP/USDT:USDT,3.14486,166.0,3.14465,128.0,3.14487,132.0,3.14495,39.0
1753769647536,06:14:07.536,huobi,XRP/USDT:USDT,3.14486,128.0,3.14466,39.0,3.14487,132.0,3.14495,39.0
1753769647615,06:14:07.615,huobi,XRP/USDT:USDT,3.14486,128.0,3.14482,107.0,3.14487,132.0,3.14495,39.0
1753769647709,06:14:07.709,huobi,XRP/USDT:USDT,3.14486,256.0,3.14482,107.0,3.14487,132.0,3.14495,39.0
1753769647723,06:14:07.723,huobi,XRP/USDT:USDT,3.14486,256.0,3.14482,107.0,3.14487,132.0,3.14495,39.0
1753769647789,06:14:07.789,huobi,XRP/USDT:USDT,3.14486,256.0,3.14482,107.0,3.14487,132.0,3.14495,39.0
1753769647811,06:14:07.811,huobi,XRP/USDT:USDT,3.14486,256.0,3.14482,107.0,3.14487,132.0,3.14495,39.0
1753769647954,06:14:07.954,huobi,XRP/USDT:USDT,3.14486,256.0,3.14482,107.0,3.14487,132.0,3.14494,80.0
1753769649021,06:14:09.021,huobi,XRP/USDT:USDT,3.14486,256.0,3.14482,107.0,3.14487,132.0,3.14494,80.0
1753769649104,06:14:09.104,huobi,XRP/USDT:USDT,3.14486,196.0,3.14482,107.0,3.14487,156.0,3.14494,80.0
1753769649105,06:14:09.105,huobi,XRP/USDT:USDT,3.14486,150.0,3.14482,107.0,3.14487,181.0,3.14493,39.0
1753769649209,06:14:09.209,huobi,XRP/USDT:USDT,3.14486,150.0,3.14482,107.0,3.14487,157.0,3.14493,39.0
1753769649296,06:14:09.296,huobi,XRP/USDT:USDT,3.14486,150.0,3.14482,107.0,3.14487,181.0,3.14493,39.0
1753769649332,06:14:09.332,huobi,XRP/USDT:USDT,3.14486,150.0,3.14482,107.0,3.14487,157.0,3.14493,39.0
1753769649370,06:14:09.370,huobi,XRP/USDT:USDT,3.14486,150.0,3.14482,107.0,3.14487,157.0,3.14493,39.0
1753769649512,06:14:09.512,huobi,XRP/USDT:USDT,3.14486,150.0,3.14482,107.0,3.14487,157.0,3.14493,39.0
1753769649577,06:14:09.577,huobi,XRP/USDT:USDT,3.14486,150.0,3.14482,107.0,3.14487,157.0,3.14493,39.0
1753769650567,06:14:10.567,huobi,XRP/USDT:USDT,3.14486,173.0,3.14482,107.0,3.14487,157.0,3.14493,39.0
1753769650881,06:14:10.881,huobi,XRP/USDT:USDT,3.14486,173.0,3.14482,107.0,3.14487,157.0,3.14493,39.0
1753769650910,06:14:10.910,huobi,XRP/USDT:USDT,3.14486,233.0,3.14482,107.0,3.14487,157.0,3.14493,39.0
1753769650942,06:14:10.942,huobi,XRP/USDT:USDT,3.14486,233.0,3.14482,107.0,3.14487,157.0,3.14493,39.0
1753769650956,06:14:10.956,huobi,XRP/USDT:USDT,3.14486,233.0,3.14482,107.0,3.14487,157.0,3.14493,39.0
1753769651004,06:14:11.004,huobi,XRP/USDT:USDT,3.14486,233.0,3.14482,107.0,3.14487,157.0,3.14493,39.0
1753769651015,06:14:11.015,huobi,XRP/USDT:USDT,3.14486,233.0,3.14482,107.0,3.14487,157.0,3.14493,39.0
1753769651053,06:14:11.053,huobi,XRP/USDT:USDT,3.14486,233.0,3.14482,107.0,3.14487,157.0,3.14493,39.0
1753769651136,06:14:11.136,huobi,XRP/USDT:USDT,3.14486,233.0,3.14482,107.0,3.14487,157.0,3.14493,39.0
1753769651188,06:14:11.188,huobi,XRP/USDT:USDT,3.14486,233.0,3.14482,107.0,3.14487,157.0,3.14493,39.0
1753769651208,06:14:11.208,huobi,XRP/USDT:USDT,3.14486,272.0,3.14482,107.0,3.14487,157.0,3.14493,39.0
1753769651227,06:14:11.227,huobi,XRP/USDT:USDT,3.14486,386.0,3.14482,107.0,3.14487,25.0,3.14495,689.0
1753769651264,06:14:11.264,huobi,XRP/USDT:USDT,3.14486,386.0,3.14482,107.0,3.14487,25.0,3.14495,689.0
1753769651284,06:14:11.284,huobi,XRP/USDT:USDT,3.14494,500.0,3.14487,95.0,3.14495,689.0,3.14498,107.0
1753769651318,06:14:11.318,huobi,XRP/USDT:USDT,3.14494,240.0,3.14487,60.0,3.14495,689.0,3.14498,107.0
1753769651362,06:14:11.362,huobi,XRP/USDT:USDT,3.14494,240.0,3.14487,60.0,3.14495,689.0,3.14498,107.0
1753769651695,06:14:11.695,huobi,XRP/USDT:USDT,3.14494,240.0,3.14487,60.0,3.14495,689.0,3.14498,107.0
1753769651711,06:14:11.711,huobi,XRP/USDT:USDT,3.14495,39.0,3.14494,240.0,3.14498,107.0,3.14502,2.0
1753769651743,06:14:11.743,huobi,XRP/USDT:USDT,3.14497,178.0,3.14496,60.0,3.14498,239.0,3.14502,2.0
1753769651769,06:14:11.769,huobi,XRP/USDT:USDT,3.14497,178.0,3.14496,60.0,3.14498,239.0,3.14502,2.0
1753769651797,06:14:11.797,huobi,XRP/USDT:USDT,3.14497,178.0,3.14496,60.0,3.14498,239.0,3.14502,2.0
1753769651830,06:14:11.830,huobi,XRP/USDT:USDT,3.14497,217.0,3.14496,60.0,3.14498,239.0,3.14502,2.0
1753769652233,06:14:12.233,huobi,XRP/USDT:USDT,3.14497,217.0,3.14496,60.0,3.14498,239.0,3.14502,2.0
1753769652252,06:14:12.252,huobi,XRP/USDT:USDT,3.14497,217.0,3.14496,60.0,3.14498,239.0,3.14502,2.0
1753769652342,06:14:12.342,huobi,XRP/USDT:USDT,3.14497,217.0,3.14496,60.0,3.14498,239.0,3.14502,2.0
1753769652577,06:14:12.577,huobi,XRP/USDT:USDT,3.14497,217.0,3.14496,60.0,3.14498,239.0,3.14502,2.0
1753769652595,06:14:12.595,huobi,XRP/USDT:USDT,3.14497,217.0,3.14496,60.0,3.14498,239.0,3.14502,2.0
1753769652634,06:14:12.634,huobi,XRP/USDT:USDT,3.14497,217.0,3.14496,60.0,3.14498,239.0,3.14502,2.0
1753769652635,06:14:12.635,huobi,XRP/USDT:USDT,3.14497,217.0,3.14496,60.0,3.14498,239.0,3.14502,2.0
1753769653279,06:14:13.279,huobi,XRP/USDT:USDT,3.14497,224.0,3.14486,107.0,3.14498,239.0,3.14502,2.0
1753769653304,06:14:13.304,huobi,XRP/USDT:USDT,3.14497,284.0,3.14486,107.0,3.14498,239.0,3.14502,2.0
1753769653531,06:14:13.531,huobi,XRP/USDT:USDT,3.14497,284.0,3.14486,107.0,3.14498,239.0,3.14502,2.0
1753769653536,06:14:13.536,huobi,XRP/USDT:USDT,3.14497,446.0,3.14486,107.0,3.14498,239.0,3.14502,2.0
1753769653565,06:14:13.565,huobi,XRP/USDT:USDT,3.14497,348.0,3.14486,107.0,3.14498,239.0,3.14502,2.0
1753769653763,06:14:13.763,huobi,XRP/USDT:USDT,3.14497,284.0,3.14486,107.0,3.14498,239.0,3.14502,2.0
1753769653895,06:14:13.895,huobi,XRP/USDT:USDT,3.14497,284.0,3.14486,107.0,3.14498,239.0,3.14502,2.0
1753769654314,06:14:14.314,huobi,XRP/USDT:USDT,3.14497,312.0,3.14486,107.0,3.14498,239.0,3.14502,2.0
1753769654327,06:14:14.327,huobi,XRP/USDT:USDT,3.14497,284.0,3.14486,107.0,3.14498,239.0,3.14502,2.0
1753769654587,06:14:14.587,huobi,XRP/USDT:USDT,3.14497,284.0,3.14486,107.0,3.14498,239.0,3.14502,2.0
1753769654621,06:14:14.621,huobi,XRP/USDT:USDT,3.14497,224.0,3.14486,107.0,3.14498,239.0,3.14502,2.0
1753769654692,06:14:14.692,huobi,XRP/USDT:USDT,3.14497,224.0,3.14486,107.0,3.14498,239.0,3.14502,2.0
1753769654734,06:14:14.734,huobi,XRP/USDT:USDT,3.14497,224.0,3.14486,107.0,3.14498,239.0,3.14502,2.0
1753769654744,06:14:14.744,huobi,XRP/USDT:USDT,3.14497,224.0,3.14486,107.0,3.14498,264.0,3.14502,2.0
1753769654786,06:14:14.786,huobi,XRP/USDT:USDT,3.14497,224.0,3.14486,107.0,3.14498,264.0,3.14509,194.0
1753769654807,06:14:14.807,huobi,XRP/USDT:USDT,3.14497,224.0,3.14486,107.0,3.14498,264.0,3.14509,194.0
1753769654826,06:14:14.826,huobi,XRP/USDT:USDT,3.14497,139.0,3.14486,107.0,3.14498,264.0,3.14509,194.0
1753769654859,06:14:14.859,huobi,XRP/USDT:USDT,3.14497,132.0,3.14486,107.0,3.14498,314.0,3.14509,194.0
1753769655007,06:14:15.007,huobi,XRP/USDT:USDT,3.14497,132.0,3.14486,107.0,3.14498,264.0,3.14509,194.0
1753769655073,06:14:15.073,huobi,XRP/USDT:USDT,3.14497,132.0,3.14486,107.0,3.14498,264.0,3.14509,194.0
1753769655095,06:14:15.095,huobi,XRP/USDT:USDT,3.14497,132.0,3.14486,107.0,3.14498,264.0,3.14509,194.0
1753769655192,06:14:15.192,huobi,XRP/USDT:USDT,3.14497,132.0,3.14486,107.0,3.14498,264.0,3.14509,194.0
1753769655224,06:14:15.224,huobi,XRP/USDT:USDT,3.14497,132.0,3.14486,107.0,3.14498,264.0,3.14509,194.0
1753769655357,06:14:15.357,huobi,XRP/USDT:USDT,3.14497,132.0,3.14486,107.0,3.14498,264.0,3.14509,194.0
1753769655397,06:14:15.397,huobi,XRP/USDT:USDT,3.14497,132.0,3.14486,107.0,3.14498,264.0,3.14509,194.0
1753769656095,06:14:16.095,huobi,XRP/USDT:USDT,3.14497,132.0,3.14486,107.0,3.14498,264.0,3.14509,194.0
1753769656459,06:14:16.459,huobi,XRP/USDT:USDT,3.14497,132.0,3.14486,107.0,3.14498,264.0,3.14509,194.0
1753769656476,06:14:16.476,huobi,XRP/USDT:USDT,3.14497,132.0,3.14486,107.0,3.14498,264.0,3.14509,146.0
1753769656561,06:14:16.561,huobi,XRP/USDT:USDT,3.14497,132.0,3.14486,107.0,3.14498,264.0,3.14509,146.0
1753769656578,06:14:16.578,huobi,XRP/USDT:USDT,3.14497,132.0,3.14486,107.0,3.14498,264.0,3.14509,200.0
1753769656846,06:14:16.846,huobi,XRP/USDT:USDT,3.14497,140.0,3.14486,107.0,3.14498,264.0,3.14509,200.0
