timestamp,time,exchange,symbol,bid1_price,bid1_volume,bid2_price,bid2_volume,ask1_price,ask1_volume,ask2_price,ask2_volume
1753769544227,06:12:24.227,htx,ETH/USDT:USDT,3807.08,15054.0,3807.06,143.0,3807.09,9820.0,3807.11,7.0
1753769544695,06:12:24.695,htx,ETH/USDT:USDT,3807.08,15054.0,3807.06,143.0,3807.09,9820.0,3807.29,578.0
1753769544765,06:12:24.765,htx,ETH/USDT:USDT,3807.08,15054.0,3807.06,135.0,3807.09,9820.0,3807.29,578.0
1753769544960,06:12:24.960,htx,ETH/USDT:USDT,3807.08,15054.0,3807.06,135.0,3807.09,9820.0,3807.29,578.0
1753769545233,06:12:25.233,htx,ETH/USDT:USDT,3807.08,15054.0,3807.06,135.0,3807.09,9535.0,3807.29,578.0
1753769545288,06:12:25.288,htx,ETH/USDT:USDT,3807.08,15054.0,3807.06,143.0,3807.09,8774.0,3807.11,7.0
1753769545301,06:12:25.301,htx,ETH/USDT:USDT,3807.08,15054.0,3807.06,143.0,3807.09,8774.0,3807.11,7.0
1753769545324,06:12:25.324,htx,ETH/USDT:USDT,3807.08,15054.0,3807.06,143.0,3807.09,8774.0,3807.29,578.0
1753769545358,06:12:25.358,htx,ETH/USDT:USDT,3807.08,15254.0,3807.06,143.0,3807.09,8774.0,3807.29,578.0
1753769545385,06:12:25.385,htx,ETH/USDT:USDT,3807.08,15254.0,3807.06,143.0,3807.09,8774.0,3807.29,578.0
1753769545467,06:12:25.467,htx,ETH/USDT:USDT,3807.08,15261.0,3807.06,143.0,3807.09,8774.0,3807.11,7.0
1753769545633,06:12:25.633,htx,ETH/USDT:USDT,3807.08,15261.0,3807.06,143.0,3807.09,8774.0,3807.11,7.0
1753769545675,06:12:25.675,htx,ETH/USDT:USDT,3807.08,15261.0,3807.06,143.0,3807.09,8774.0,3807.11,7.0
1753769545731,06:12:25.731,htx,ETH/USDT:USDT,3807.08,15261.0,3807.06,143.0,3807.09,8774.0,3807.29,578.0
1753769545760,06:12:25.760,htx,ETH/USDT:USDT,3807.08,15261.0,3807.06,143.0,3807.09,8774.0,3807.37,1.0
1753769545775,06:12:25.775,htx,ETH/USDT:USDT,3807.08,15261.0,3807.06,135.0,3807.09,8774.0,3807.11,7.0
1753769545854,06:12:25.854,htx,ETH/USDT:USDT,3807.08,15261.0,3807.06,135.0,3807.09,8774.0,3807.37,1.0
1753769545901,06:12:25.901,htx,ETH/USDT:USDT,3807.08,15061.0,3807.06,135.0,3807.09,8774.0,3807.37,1.0
1753769545944,06:12:25.944,htx,ETH/USDT:USDT,3807.08,15061.0,3807.06,135.0,3807.09,8774.0,3807.37,1.0
1753769546438,06:12:26.438,htx,ETH/USDT:USDT,3807.08,13629.0,3807.06,135.0,3807.09,12098.0,3807.11,7.0
1753769546463,06:12:26.463,htx,ETH/USDT:USDT,3807.08,13051.0,3807.06,135.0,3807.09,12098.0,3807.11,7.0
1753769546720,06:12:26.720,htx,ETH/USDT:USDT,3807.08,11692.0,3807.06,143.0,3807.09,12098.0,3807.12,200.0
1753769546766,06:12:26.766,htx,ETH/USDT:USDT,3807.08,9788.0,3807.06,135.0,3807.09,12098.0,3807.11,7.0
1753769546794,06:12:26.794,htx,ETH/USDT:USDT,3807.08,9788.0,3807.06,135.0,3807.09,12676.0,3807.11,7.0
1753769546827,06:12:26.827,htx,ETH/USDT:USDT,3807.08,9788.0,3807.06,135.0,3807.09,12676.0,3807.11,7.0
1753769546894,06:12:26.894,htx,ETH/USDT:USDT,3807.08,11141.0,3807.06,135.0,3807.09,12676.0,3807.11,7.0
1753769546953,06:12:26.953,htx,ETH/USDT:USDT,3807.08,11141.0,3807.06,135.0,3807.09,12676.0,3807.11,7.0
1753769546987,06:12:26.987,htx,ETH/USDT:USDT,3807.08,11141.0,3807.06,143.0,3807.09,12676.0,3807.11,7.0
1753769547160,06:12:27.160,htx,ETH/USDT:USDT,3807.08,11141.0,3807.06,143.0,3807.09,12676.0,3807.11,7.0
1753769547336,06:12:27.336,htx,ETH/USDT:USDT,3807.08,11141.0,3807.06,135.0,3807.09,12676.0,3807.11,7.0
1753769547414,06:12:27.414,htx,ETH/USDT:USDT,3807.08,11141.0,3807.06,135.0,3807.09,12676.0,3807.11,7.0
1753769547477,06:12:27.477,htx,ETH/USDT:USDT,3807.08,12434.0,3807.06,135.0,3807.09,12676.0,3807.11,7.0
1753769547557,06:12:27.557,htx,ETH/USDT:USDT,3807.08,12433.0,3807.06,135.0,3807.09,12676.0,3807.11,7.0
1753769547601,06:12:27.601,htx,ETH/USDT:USDT,3807.08,11140.0,3807.06,135.0,3807.09,12676.0,3807.11,7.0
1753769547611,06:12:27.611,htx,ETH/USDT:USDT,3807.08,11140.0,3807.06,135.0,3807.09,12676.0,3807.11,7.0
1753769547660,06:12:27.660,htx,ETH/USDT:USDT,3807.08,11140.0,3807.06,135.0,3807.09,12676.0,3807.12,200.0
1753769547669,06:12:27.669,htx,ETH/USDT:USDT,3807.08,12433.0,3807.06,135.0,3807.09,12676.0,3807.12,200.0
1753769547712,06:12:27.712,htx,ETH/USDT:USDT,3807.08,12433.0,3807.06,143.0,3807.09,12676.0,3807.12,200.0
1753769547772,06:12:27.772,htx,ETH/USDT:USDT,3807.08,12433.0,3807.06,143.0,3807.09,12676.0,3807.12,200.0
1753769547807,06:12:27.807,htx,ETH/USDT:USDT,3807.08,12433.0,3807.06,143.0,3807.09,12676.0,3807.12,200.0
1753769547964,06:12:27.964,htx,ETH/USDT:USDT,3807.08,12433.0,3807.06,143.0,3807.09,12676.0,3807.12,200.0
1753769548340,06:12:28.340,htx,ETH/USDT:USDT,3807.08,12434.0,3807.06,143.0,3807.09,12433.0,3807.11,7.0
1753769548391,06:12:28.391,htx,ETH/USDT:USDT,3807.08,12434.0,3807.06,274.0,3807.09,12433.0,3807.11,7.0
1753769548427,06:12:28.427,htx,ETH/USDT:USDT,3807.08,12434.0,3807.07,131.0,3807.09,12433.0,3807.11,7.0
1753769548467,06:12:28.467,htx,ETH/USDT:USDT,3807.08,12565.0,3807.07,27.0,3807.09,12433.0,3807.11,7.0
1753769548875,06:12:28.875,htx,ETH/USDT:USDT,3807.08,12434.0,3807.07,27.0,3807.09,12433.0,3807.11,7.0
1753769548908,06:12:28.908,htx,ETH/USDT:USDT,3807.08,12434.0,3807.07,27.0,3807.09,12433.0,3807.11,7.0
1753769549102,06:12:29.102,htx,ETH/USDT:USDT,3807.08,12384.0,3807.07,27.0,3807.09,12433.0,3807.11,7.0
1753769549133,06:12:29.133,htx,ETH/USDT:USDT,3807.08,11091.0,3807.07,27.0,3807.09,12433.0,3807.12,200.0
1753769549134,06:12:29.134,htx,ETH/USDT:USDT,3807.08,11091.0,3807.07,27.0,3807.09,12433.0,3807.12,200.0
1753769549204,06:12:29.204,htx,ETH/USDT:USDT,3807.08,10577.0,3807.07,27.0,3807.09,12433.0,3807.12,200.0
1753769549321,06:12:29.321,htx,ETH/USDT:USDT,3807.08,9055.0,3807.07,27.0,3807.09,13011.0,3807.11,7.0
1753769549727,06:12:29.727,htx,ETH/USDT:USDT,3807.08,3953.0,3807.07,27.0,3807.09,14440.0,3807.11,7.0
1753769549734,06:12:29.734,htx,ETH/USDT:USDT,3807.08,3953.0,3807.07,27.0,3807.09,14440.0,3807.11,7.0
1753769550003,06:12:30.003,htx,ETH/USDT:USDT,3807.08,3953.0,3807.07,27.0,3807.09,14440.0,3807.12,200.0
1753769550102,06:12:30.102,htx,ETH/USDT:USDT,3807.08,3953.0,3807.07,27.0,3807.09,14440.0,3807.12,200.0
1753769550213,06:12:30.213,htx,ETH/USDT:USDT,3807.08,3953.0,3807.07,27.0,3807.09,14440.0,3807.12,200.0
1753769550275,06:12:30.275,htx,ETH/USDT:USDT,3807.08,3953.0,3807.07,27.0,3807.09,14440.0,3807.12,200.0
1753769550284,06:12:30.284,htx,ETH/USDT:USDT,3807.08,3953.0,3807.07,27.0,3807.09,14440.0,3807.12,200.0
1753769550311,06:12:30.311,htx,ETH/USDT:USDT,3807.08,3980.0,3807.07,27.0,3807.09,14440.0,3807.12,200.0
1753769550337,06:12:30.337,htx,ETH/USDT:USDT,3807.08,3953.0,3807.07,27.0,3807.09,14440.0,3807.11,7.0
1753769550373,06:12:30.373,htx,ETH/USDT:USDT,3807.08,3953.0,3807.07,54.0,3807.09,14440.0,3807.11,7.0
1753769550408,06:12:30.408,htx,ETH/USDT:USDT,3807.08,3953.0,3807.07,54.0,3807.09,14440.0,3807.11,7.0
1753769550845,06:12:30.845,htx,ETH/USDT:USDT,3807.08,4504.0,3807.07,54.0,3807.09,14440.0,3807.12,200.0
1753769551357,06:12:31.357,htx,ETH/USDT:USDT,3807.08,6056.0,3807.07,138.0,3807.09,1074.0,3807.11,34.0
1753769551715,06:12:31.715,htx,ETH/USDT:USDT,3807.08,10178.0,3807.07,111.0,3807.09,289.0,3807.38,27.0
1753769552021,06:12:32.021,htx,ETH/USDT:USDT,3807.08,10184.0,3807.07,111.0,3807.09,167.0,3807.38,27.0
1753769552142,06:12:32.142,htx,ETH/USDT:USDT,3807.08,11542.0,3807.07,111.0,3807.09,289.0,3807.11,7.0
1753769552278,06:12:32.278,htx,ETH/USDT:USDT,3807.08,11542.0,3807.07,111.0,3807.09,167.0,3807.11,7.0
1753769552294,06:12:32.294,htx,ETH/USDT:USDT,3807.08,11542.0,3807.07,111.0,3807.09,167.0,3807.38,27.0
1753769552326,06:12:32.326,htx,ETH/USDT:USDT,3807.08,11542.0,3807.07,111.0,3807.09,289.0,3807.38,27.0
1753769552359,06:12:32.359,htx,ETH/USDT:USDT,3807.08,11542.0,3807.07,111.0,3807.09,289.0,3807.11,7.0
1753769552471,06:12:32.471,htx,ETH/USDT:USDT,3807.08,11542.0,3807.07,111.0,3807.09,167.0,3807.11,7.0
1753769552514,06:12:32.514,htx,ETH/USDT:USDT,3807.08,11534.0,3807.07,111.0,3807.09,289.0,3807.38,27.0
1753769552532,06:12:32.532,htx,ETH/USDT:USDT,3807.08,11534.0,3807.07,111.0,3807.09,289.0,3807.38,27.0
1753769552576,06:12:32.576,htx,ETH/USDT:USDT,3807.08,11534.0,3807.07,111.0,3807.09,167.0,3807.38,27.0
1753769552593,06:12:32.593,htx,ETH/USDT:USDT,3807.08,11534.0,3807.07,111.0,3807.09,289.0,3807.38,27.0
1753769552828,06:12:32.828,htx,ETH/USDT:USDT,3807.08,12121.0,3807.07,111.0,3807.09,289.0,3807.11,7.0
1753769552944,06:12:32.944,htx,ETH/USDT:USDT,3807.08,12121.0,3807.07,111.0,3807.09,289.0,3807.38,27.0
1753769553008,06:12:33.008,htx,ETH/USDT:USDT,3807.08,12121.0,3807.07,111.0,3807.09,167.0,3807.38,27.0
1753769553183,06:12:33.183,htx,ETH/USDT:USDT,3807.08,12121.0,3807.07,111.0,3807.09,167.0,3807.38,27.0
1753769553183,06:12:33.183,htx,ETH/USDT:USDT,3807.08,12121.0,3807.07,111.0,3807.09,167.0,3807.38,27.0
1753769553213,06:12:33.213,htx,ETH/USDT:USDT,3807.08,12121.0,3807.07,111.0,3807.09,167.0,3807.38,27.0
1753769553243,06:12:33.243,htx,ETH/USDT:USDT,3807.08,12113.0,3807.07,111.0,3807.09,83.0,3807.11,7.0
1753769553486,06:12:33.486,htx,ETH/USDT:USDT,3807.73,9182.0,3807.71,27.0,3807.74,10972.0,3807.76,6.0
1753769553517,06:12:33.517,htx,ETH/USDT:USDT,3807.73,9182.0,3807.71,27.0,3807.74,8767.0,3807.76,6.0
1753769553558,06:12:33.558,htx,ETH/USDT:USDT,3807.73,9182.0,3807.71,27.0,3807.74,8767.0,3807.76,6.0
1753769553671,06:12:33.671,htx,ETH/USDT:USDT,3807.73,10549.0,3807.71,27.0,3807.74,9766.0,3807.76,6.0
1753769553697,06:12:33.697,htx,ETH/USDT:USDT,3807.73,10549.0,3807.71,27.0,3807.74,8227.0,3807.87,1.0
1753769553725,06:12:33.725,htx,ETH/USDT:USDT,3807.73,10541.0,3807.71,27.0,3807.74,8349.0,3807.87,1.0
1753769553832,06:12:33.832,htx,ETH/USDT:USDT,3807.73,10541.0,3807.71,27.0,3807.74,8349.0,3807.87,1.0
1753769553833,06:12:33.833,htx,ETH/USDT:USDT,3807.73,10541.0,3807.71,27.0,3807.74,8349.0,3807.76,6.0
1753769553847,06:12:33.847,htx,ETH/USDT:USDT,3807.73,11321.0,3807.71,27.0,3807.74,8349.0,3807.76,6.0
1753769553894,06:12:33.894,htx,ETH/USDT:USDT,3807.73,11321.0,3807.71,27.0,3807.74,8349.0,3807.76,6.0
1753769553929,06:12:33.929,htx,ETH/USDT:USDT,3807.73,11321.0,3807.71,27.0,3807.74,8349.0,3807.76,6.0
1753769553956,06:12:33.956,htx,ETH/USDT:USDT,3807.73,11321.0,3807.71,27.0,3807.74,8349.0,3807.76,6.0
1753769553970,06:12:33.970,htx,ETH/USDT:USDT,3807.73,11321.0,3807.71,27.0,3807.74,9348.0,3807.87,1.0
1753769554026,06:12:34.026,htx,ETH/USDT:USDT,3807.73,11321.0,3807.71,27.0,3807.74,9348.0,3807.87,1.0
1753769554075,06:12:34.075,htx,ETH/USDT:USDT,3807.73,11321.0,3807.71,27.0,3807.74,9348.0,3807.76,6.0
1753769554084,06:12:34.084,htx,ETH/USDT:USDT,3807.73,11321.0,3807.71,27.0,3807.74,9348.0,3807.76,6.0
1753769554192,06:12:34.192,htx,ETH/USDT:USDT,3807.73,11321.0,3807.71,27.0,3807.74,9348.0,3807.76,6.0
1753769554226,06:12:34.226,htx,ETH/USDT:USDT,3807.73,11321.0,3807.71,27.0,3807.74,10347.0,3807.87,1.0
1753769554245,06:12:34.245,htx,ETH/USDT:USDT,3807.73,11321.0,3807.72,27.0,3807.74,10347.0,3807.87,1.0
1753769554272,06:12:34.272,htx,ETH/USDT:USDT,3807.73,11321.0,3807.72,27.0,3807.74,10347.0,3807.87,1.0
1753769554341,06:12:34.341,htx,ETH/USDT:USDT,3807.73,11321.0,3807.72,54.0,3807.74,10347.0,3807.76,6.0
1753769554357,06:12:34.357,htx,ETH/USDT:USDT,3807.73,11301.0,3807.72,54.0,3807.74,10347.0,3807.76,6.0
1753769554428,06:12:34.428,htx,ETH/USDT:USDT,3807.73,11301.0,3807.72,54.0,3807.74,10574.0,3807.76,6.0
1753769554444,06:12:34.444,htx,ETH/USDT:USDT,3807.73,11301.0,3807.72,54.0,3807.74,10574.0,3807.87,1.0
1753769554526,06:12:34.526,htx,ETH/USDT:USDT,3807.73,11301.0,3807.72,54.0,3807.74,10574.0,3807.87,1.0
1753769554536,06:12:34.536,htx,ETH/USDT:USDT,3807.73,11301.0,3807.72,54.0,3807.74,10574.0,3807.87,1.0
1753769554607,06:12:34.607,htx,ETH/USDT:USDT,3807.73,11301.0,3807.72,54.0,3807.74,10574.0,3807.76,6.0
1753769554773,06:12:34.773,htx,ETH/USDT:USDT,3807.73,11301.0,3807.72,54.0,3807.74,10574.0,3807.76,6.0
1753769554850,06:12:34.850,htx,ETH/USDT:USDT,3807.73,11301.0,3807.72,54.0,3807.74,10574.0,3807.76,6.0
1753769554865,06:12:34.865,htx,ETH/USDT:USDT,3807.73,11301.0,3807.72,54.0,3807.74,10574.0,3807.76,6.0
1753769555060,06:12:35.060,htx,ETH/USDT:USDT,3807.73,11301.0,3807.72,54.0,3807.74,10574.0,3807.76,6.0
1753769555201,06:12:35.201,htx,ETH/USDT:USDT,3807.73,11301.0,3807.72,54.0,3807.74,10574.0,3807.87,1.0
1753769555439,06:12:35.439,htx,ETH/USDT:USDT,3807.73,10301.0,3807.72,54.0,3807.74,10574.0,3807.87,1.0
1753769555504,06:12:35.504,htx,ETH/USDT:USDT,3807.73,10302.0,3807.72,54.0,3807.74,10599.0,3807.87,1.0
1753769555527,06:12:35.527,htx,ETH/USDT:USDT,3807.73,10308.0,3807.72,54.0,3807.74,10599.0,3807.87,1.0
1753769555570,06:12:35.570,htx,ETH/USDT:USDT,3807.73,10308.0,3807.72,54.0,3807.74,10599.0,3807.87,1.0
1753769555586,06:12:35.586,htx,ETH/USDT:USDT,3807.73,10308.0,3807.72,54.0,3807.74,10599.0,3807.87,1.0
1753769555624,06:12:35.624,htx,ETH/USDT:USDT,3807.73,10308.0,3807.72,54.0,3807.74,10599.0,3807.84,200.0
1753769555763,06:12:35.763,htx,ETH/USDT:USDT,3807.73,10308.0,3807.72,54.0,3807.74,10599.0,3807.84,200.0
1753769555826,06:12:35.826,htx,ETH/USDT:USDT,3807.73,10308.0,3807.72,54.0,3807.74,10599.0,3807.84,200.0
1753769556025,06:12:36.025,htx,ETH/USDT:USDT,3807.73,10308.0,3807.72,54.0,3807.74,10599.0,3807.76,6.0
1753769556034,06:12:36.034,htx,ETH/USDT:USDT,3807.73,10308.0,3807.72,54.0,3807.74,10599.0,3807.76,6.0
1753769556071,06:12:36.071,htx,ETH/USDT:USDT,3807.73,10308.0,3807.72,54.0,3807.74,10599.0,3807.76,6.0
1753769556130,06:12:36.130,htx,ETH/USDT:USDT,3807.73,10308.0,3807.72,54.0,3807.74,10599.0,3807.76,6.0
1753769556165,06:12:36.165,htx,ETH/USDT:USDT,3807.73,10308.0,3807.72,106.0,3807.74,10599.0,3807.76,6.0
1753769556210,06:12:36.210,htx,ETH/USDT:USDT,3807.73,10308.0,3807.72,106.0,3807.74,10599.0,3807.76,6.0
1753769556287,06:12:36.287,htx,ETH/USDT:USDT,3807.73,10308.0,3807.72,106.0,3807.74,10599.0,3807.76,6.0
1753769556308,06:12:36.308,htx,ETH/USDT:USDT,3807.73,10308.0,3807.72,106.0,3807.74,10599.0,3807.87,1.0
1753769556816,06:12:36.816,htx,ETH/USDT:USDT,3807.73,10291.0,3807.72,106.0,3807.74,10599.0,3807.87,1.0
1753769557106,06:12:37.106,htx,ETH/USDT:USDT,3807.73,10291.0,3807.72,106.0,3807.74,10599.0,3807.87,1.0
1753769557189,06:12:37.189,htx,ETH/USDT:USDT,3807.73,10291.0,3807.72,106.0,3807.74,10599.0,3807.76,6.0
1753769557211,06:12:37.211,htx,ETH/USDT:USDT,3807.73,10291.0,3807.72,106.0,3807.74,10599.0,3807.76,6.0
1753769557597,06:12:37.597,htx,ETH/USDT:USDT,3807.73,10291.0,3807.72,106.0,3807.74,10599.0,3807.87,1.0
1753769558148,06:12:38.148,htx,ETH/USDT:USDT,3807.73,10291.0,3807.72,106.0,3807.74,10599.0,3807.87,1.0
1753769558169,06:12:38.169,htx,ETH/USDT:USDT,3807.73,10291.0,3807.72,106.0,3807.74,10599.0,3807.87,1.0
1753769558257,06:12:38.257,htx,ETH/USDT:USDT,3807.73,10291.0,3807.72,106.0,3807.74,10599.0,3807.76,6.0
1753769558278,06:12:38.278,htx,ETH/USDT:USDT,3807.73,10291.0,3807.72,106.0,3807.74,10599.0,3807.76,6.0
1753769558392,06:12:38.392,htx,ETH/USDT:USDT,3807.73,10291.0,3807.72,106.0,3807.74,10599.0,3807.87,1.0
1753769558482,06:12:38.482,htx,ETH/USDT:USDT,3807.73,10291.0,3807.72,106.0,3807.74,10599.0,3807.87,1.0
1753769558750,06:12:38.750,htx,ETH/USDT:USDT,3807.73,10291.0,3807.72,106.0,3807.74,10599.0,3807.76,6.0
1753769558915,06:12:38.915,htx,ETH/USDT:USDT,3807.73,10291.0,3807.72,106.0,3807.74,10599.0,3807.87,1.0
1753769558997,06:12:38.997,htx,ETH/USDT:USDT,3807.73,10291.0,3807.72,106.0,3807.74,10599.0,3807.76,6.0
1753769559016,06:12:39.016,htx,ETH/USDT:USDT,3807.73,10291.0,3807.72,106.0,3807.74,10599.0,3807.76,6.0
1753769559210,06:12:39.210,htx,ETH/USDT:USDT,3807.73,10291.0,3807.72,106.0,3807.74,10599.0,3807.76,6.0
1753769559228,06:12:39.228,htx,ETH/USDT:USDT,3807.73,10291.0,3807.72,106.0,3807.74,10599.0,3807.87,1.0
1753769559294,06:12:39.294,htx,ETH/USDT:USDT,3807.73,10291.0,3807.72,106.0,3807.74,10599.0,3807.87,1.0
1753769559303,06:12:39.303,htx,ETH/USDT:USDT,3807.73,8760.0,3807.72,54.0,3807.74,10599.0,3807.85,778.0
1753769559339,06:12:39.339,htx,ETH/USDT:USDT,3807.73,7329.0,3807.72,54.0,3807.74,16128.0,3807.76,6.0
1753769559364,06:12:39.364,htx,ETH/USDT:USDT,3807.73,8622.0,3807.72,54.0,3807.74,15590.0,3807.76,6.0
1753769559401,06:12:39.401,htx,ETH/USDT:USDT,3807.73,7329.0,3807.72,54.0,3807.74,15590.0,3807.76,6.0
1753769559425,06:12:39.425,htx,ETH/USDT:USDT,3807.73,7407.0,3807.72,54.0,3807.74,15590.0,3807.76,6.0
1753769559459,06:12:39.459,htx,ETH/USDT:USDT,3807.73,10059.0,3807.72,54.0,3807.74,12730.0,3807.85,778.0
1753769559484,06:12:39.484,htx,ETH/USDT:USDT,3807.73,10240.0,3807.72,54.0,3807.74,12730.0,3807.76,6.0
1753769559527,06:12:39.527,htx,ETH/USDT:USDT,3807.73,10240.0,3807.72,54.0,3807.74,12730.0,3807.76,6.0
1753769559552,06:12:39.552,htx,ETH/USDT:USDT,3807.73,10240.0,3807.72,54.0,3807.74,12494.0,3807.76,6.0
1753769559683,06:12:39.683,htx,ETH/USDT:USDT,3807.73,10240.0,3807.72,54.0,3807.74,12494.0,3807.76,6.0
1753769559699,06:12:39.699,htx,ETH/USDT:USDT,3807.73,10240.0,3807.72,54.0,3807.74,12494.0,3807.76,6.0
1753769559728,06:12:39.728,htx,ETH/USDT:USDT,3807.73,10240.0,3807.72,54.0,3807.74,12494.0,3807.85,778.0
1753769559761,06:12:39.761,htx,ETH/USDT:USDT,3807.73,10240.0,3807.72,54.0,3807.74,12494.0,3807.85,778.0
1753769559806,06:12:39.806,htx,ETH/USDT:USDT,3807.73,10240.0,3807.72,54.0,3807.74,12494.0,3807.76,6.0
1753769559883,06:12:39.883,htx,ETH/USDT:USDT,3807.73,10240.0,3807.72,54.0,3807.74,12494.0,3807.76,6.0
1753769559948,06:12:39.948,htx,ETH/USDT:USDT,3807.73,10240.0,3807.72,54.0,3807.74,12494.0,3807.85,778.0
1753769559967,06:12:39.967,htx,ETH/USDT:USDT,3807.73,10264.0,3807.72,54.0,3807.74,12494.0,3807.85,778.0
1753769560203,06:12:40.203,htx,ETH/USDT:USDT,3807.73,10264.0,3807.72,54.0,3807.74,12494.0,3807.76,6.0
1753769560474,06:12:40.474,htx,ETH/USDT:USDT,3807.73,10264.0,3807.72,54.0,3807.74,12494.0,3807.76,6.0
1753769560507,06:12:40.507,htx,ETH/USDT:USDT,3807.73,10264.0,3807.72,54.0,3807.74,12494.0,3807.76,6.0
1753769560576,06:12:40.576,htx,ETH/USDT:USDT,3807.73,10264.0,3807.72,54.0,3807.74,12494.0,3807.85,778.0
1753769560727,06:12:40.727,htx,ETH/USDT:USDT,3807.73,10264.0,3807.72,54.0,3807.74,12494.0,3807.85,778.0
1753769560747,06:12:40.747,htx,ETH/USDT:USDT,3807.73,10264.0,3807.72,54.0,3807.74,12494.0,3807.76,6.0
1753769560882,06:12:40.882,htx,ETH/USDT:USDT,3807.73,10264.0,3807.72,54.0,3807.74,12494.0,3807.85,778.0
1753769560913,06:12:40.913,htx,ETH/USDT:USDT,3807.73,10264.0,3807.72,54.0,3807.74,12494.0,3807.85,778.0
1753769560952,06:12:40.952,htx,ETH/USDT:USDT,3807.73,10264.0,3807.72,54.0,3807.74,12494.0,3807.76,6.0
1753769560966,06:12:40.966,htx,ETH/USDT:USDT,3807.73,10264.0,3807.72,54.0,3807.74,12494.0,3807.76,6.0
1753769561250,06:12:41.250,htx,ETH/USDT:USDT,3807.73,10264.0,3807.72,54.0,3807.74,12494.0,3807.85,778.0
1753769561509,06:12:41.509,htx,ETH/USDT:USDT,3807.73,10264.0,3807.72,54.0,3807.74,12494.0,3807.76,6.0
1753769561614,06:12:41.614,htx,ETH/USDT:USDT,3807.73,10264.0,3807.72,54.0,3807.74,12494.0,3807.76,6.0
1753769561662,06:12:41.662,htx,ETH/USDT:USDT,3807.73,10264.0,3807.72,54.0,3807.74,10598.0,3807.85,578.0
1753769561676,06:12:41.676,htx,ETH/USDT:USDT,3807.73,10264.0,3807.72,54.0,3807.74,10598.0,3807.85,578.0
1753769561731,06:12:41.731,htx,ETH/USDT:USDT,3807.73,10264.0,3807.72,54.0,3807.74,10509.0,3807.85,578.0
1753769561758,06:12:41.758,htx,ETH/USDT:USDT,3807.73,10264.0,3807.72,54.0,3807.74,10509.0,3807.85,578.0
1753769561764,06:12:41.764,htx,ETH/USDT:USDT,3807.73,10264.0,3807.72,54.0,3807.74,10509.0,3807.85,578.0
1753769561799,06:12:41.799,htx,ETH/USDT:USDT,3807.73,10264.0,3807.72,54.0,3807.74,10508.0,3807.76,6.0
1753769561828,06:12:41.828,htx,ETH/USDT:USDT,3807.73,10264.0,3807.72,54.0,3807.74,10508.0,3807.76,6.0
1753769561869,06:12:41.869,htx,ETH/USDT:USDT,3807.73,10264.0,3807.72,54.0,3807.74,10508.0,3807.76,6.0
1753769561995,06:12:41.995,htx,ETH/USDT:USDT,3807.73,10264.0,3807.72,54.0,3807.74,10508.0,3807.76,6.0
1753769562013,06:12:42.013,htx,ETH/USDT:USDT,3807.73,10264.0,3807.72,54.0,3807.74,10508.0,3807.76,6.0
1753769562116,06:12:42.116,htx,ETH/USDT:USDT,3807.73,10264.0,3807.72,54.0,3807.74,10508.0,3807.76,6.0
1753769562162,06:12:42.162,htx,ETH/USDT:USDT,3807.73,10264.0,3807.72,54.0,3807.74,10508.0,3807.87,1.0
1753769562276,06:12:42.276,htx,ETH/USDT:USDT,3807.73,10264.0,3807.72,54.0,3807.74,10508.0,3807.87,1.0
1753769562308,06:12:42.308,htx,ETH/USDT:USDT,3807.73,10264.0,3807.72,54.0,3807.74,10508.0,3807.87,1.0
1753769562450,06:12:42.450,htx,ETH/USDT:USDT,3807.73,10264.0,3807.72,54.0,3807.74,10508.0,3807.87,1.0
1753769562488,06:12:42.488,htx,ETH/USDT:USDT,3807.73,10264.0,3807.72,54.0,3807.74,10508.0,3807.76,6.0
1753769562517,06:12:42.517,htx,ETH/USDT:USDT,3807.73,10264.0,3807.72,54.0,3807.74,10508.0,3807.76,6.0
1753769562822,06:12:42.822,htx,ETH/USDT:USDT,3807.73,10264.0,3807.72,54.0,3807.74,10508.0,3807.87,1.0
1753769562851,06:12:42.851,htx,ETH/USDT:USDT,3807.73,10272.0,3807.72,54.0,3807.74,10508.0,3807.87,1.0
1753769562873,06:12:42.873,htx,ETH/USDT:USDT,3807.73,10272.0,3807.72,54.0,3807.74,10508.0,3807.76,6.0
1753769563018,06:12:43.018,htx,ETH/USDT:USDT,3807.73,10272.0,3807.72,54.0,3807.74,10508.0,3807.87,1.0
1753769563283,06:12:43.283,htx,ETH/USDT:USDT,3807.73,10272.0,3807.72,54.0,3807.74,10508.0,3807.87,1.0
1753769563312,06:12:43.312,htx,ETH/USDT:USDT,3807.73,10272.0,3807.72,54.0,3807.74,10508.0,3807.76,6.0
1753769563323,06:12:43.323,htx,ETH/USDT:USDT,3807.73,10272.0,3807.72,54.0,3807.74,10508.0,3807.76,6.0
1753769563428,06:12:43.428,htx,ETH/USDT:USDT,3807.73,10272.0,3807.72,54.0,3807.74,10508.0,3807.76,6.0
1753769563454,06:12:43.454,htx,ETH/USDT:USDT,3807.73,10272.0,3807.72,54.0,3807.74,10508.0,3807.87,1.0
1753769563687,06:12:43.687,htx,ETH/USDT:USDT,3807.73,10272.0,3807.72,54.0,3807.74,10508.0,3807.76,6.0
1753769563833,06:12:43.833,htx,ETH/USDT:USDT,3807.73,10272.0,3807.72,54.0,3807.74,10508.0,3807.87,1.0
1753769563875,06:12:43.875,htx,ETH/USDT:USDT,3807.73,10272.0,3807.72,54.0,3807.74,10508.0,3807.76,6.0
1753769564083,06:12:44.083,htx,ETH/USDT:USDT,3807.73,10242.0,3807.72,54.0,3807.74,10508.0,3807.76,6.0
1753769564164,06:12:44.164,htx,ETH/USDT:USDT,3807.73,10242.0,3807.72,54.0,3807.74,10508.0,3807.76,6.0
1753769564185,06:12:44.185,htx,ETH/USDT:USDT,3807.73,10242.0,3807.72,54.0,3807.74,10508.0,3807.76,6.0
1753769564199,06:12:44.199,htx,ETH/USDT:USDT,3807.73,10242.0,3807.72,54.0,3807.74,10508.0,3807.87,1.0
1753769564412,06:12:44.412,htx,ETH/USDT:USDT,3807.73,10242.0,3807.72,54.0,3807.74,10507.0,3807.87,1.0
1753769564454,06:12:44.454,htx,ETH/USDT:USDT,3807.73,10233.0,3807.72,54.0,3807.74,10507.0,3807.87,1.0
1753769564503,06:12:44.503,htx,ETH/USDT:USDT,3807.73,10233.0,3807.72,54.0,3807.74,10507.0,3807.87,1.0
1753769565145,06:12:45.145,htx,ETH/USDT:USDT,3807.73,10233.0,3807.72,54.0,3807.74,10507.0,3807.76,6.0
1753769565176,06:12:45.176,htx,ETH/USDT:USDT,3807.73,10233.0,3807.72,54.0,3807.74,10507.0,3807.87,1.0
1753769565390,06:12:45.390,htx,ETH/USDT:USDT,3807.73,10233.0,3807.72,54.0,3807.74,10507.0,3807.87,1.0
1753769565399,06:12:45.399,htx,ETH/USDT:USDT,3807.73,10233.0,3807.72,54.0,3807.74,10507.0,3807.76,6.0
1753769565460,06:12:45.460,htx,ETH/USDT:USDT,3807.73,10233.0,3807.72,54.0,3807.74,10507.0,3807.76,6.0
1753769565502,06:12:45.502,htx,ETH/USDT:USDT,3807.73,10233.0,3807.72,54.0,3807.74,10507.0,3807.87,1.0
1753769565779,06:12:45.779,htx,ETH/USDT:USDT,3807.73,10233.0,3807.72,54.0,3807.74,10300.0,3807.87,1.0
1753769565792,06:12:45.792,htx,ETH/USDT:USDT,3807.73,10233.0,3807.72,54.0,3807.74,10300.0,3807.87,1.0
1753769565814,06:12:45.814,htx,ETH/USDT:USDT,3807.73,10433.0,3807.72,54.0,3807.74,8302.0,3807.76,6.0
1753769565852,06:12:45.852,htx,ETH/USDT:USDT,3807.73,10233.0,3807.72,54.0,3807.74,8302.0,3807.76,6.0
1753769565875,06:12:45.875,htx,ETH/USDT:USDT,3807.73,10234.0,3807.72,54.0,3807.74,8302.0,3807.76,6.0
1753769565942,06:12:45.942,htx,ETH/USDT:USDT,3807.73,10820.0,3807.72,54.0,3807.74,8302.0,3807.87,1.0
1753769565998,06:12:45.998,htx,ETH/USDT:USDT,3807.73,10820.0,3807.72,54.0,3807.74,8302.0,3807.87,1.0
1753769566043,06:12:46.043,htx,ETH/USDT:USDT,3807.73,10820.0,3807.72,54.0,3807.74,8302.0,3807.87,1.0
1753769566127,06:12:46.127,htx,ETH/USDT:USDT,3807.73,10820.0,3807.72,54.0,3807.74,8302.0,3807.76,6.0
1753769566149,06:12:46.149,htx,ETH/USDT:USDT,3807.73,10819.0,3807.72,54.0,3807.74,8302.0,3807.87,1.0
1753769566172,06:12:46.172,htx,ETH/USDT:USDT,3807.73,10819.0,3807.72,54.0,3807.74,8302.0,3807.87,1.0
1753769566318,06:12:46.318,htx,ETH/USDT:USDT,3807.73,10819.0,3807.72,54.0,3807.74,8302.0,3807.87,1.0
1753769566338,06:12:46.338,htx,ETH/USDT:USDT,3807.73,10819.0,3807.72,54.0,3807.74,8302.0,3807.87,1.0
1753769566365,06:12:46.365,htx,ETH/USDT:USDT,3807.73,10819.0,3807.72,54.0,3807.74,8302.0,3807.87,1.0
1753769566473,06:12:46.473,htx,ETH/USDT:USDT,3807.73,10819.0,3807.72,54.0,3807.74,8302.0,3807.76,6.0
1753769566525,06:12:46.525,htx,ETH/USDT:USDT,3807.73,10819.0,3807.72,54.0,3807.74,8302.0,3807.87,1.0
1753769566534,06:12:46.534,htx,ETH/USDT:USDT,3807.73,10819.0,3807.72,54.0,3807.74,9301.0,3807.87,1.0
1753769566842,06:12:46.842,htx,ETH/USDT:USDT,3807.73,10820.0,3807.72,54.0,3807.74,9301.0,3807.87,1.0
1753769566950,06:12:46.950,htx,ETH/USDT:USDT,3807.73,10820.0,3807.72,54.0,3807.74,9301.0,3807.87,1.0
1753769566957,06:12:46.957,htx,ETH/USDT:USDT,3807.73,10820.0,3807.72,54.0,3807.74,9508.0,3807.87,1.0
1753769567074,06:12:47.074,htx,ETH/USDT:USDT,3807.73,10820.0,3807.72,54.0,3807.74,10507.0,3807.87,1.0
1753769567085,06:12:47.085,htx,ETH/USDT:USDT,3807.73,10820.0,3807.72,54.0,3807.74,10300.0,3807.87,1.0
1753769567143,06:12:47.143,htx,ETH/USDT:USDT,3807.73,10820.0,3807.72,54.0,3807.74,10300.0,3807.87,1.0
1753769567456,06:12:47.456,htx,ETH/USDT:USDT,3807.73,10820.0,3807.72,54.0,3807.74,8302.0,3807.76,6.0
1753769567706,06:12:47.706,htx,ETH/USDT:USDT,3807.73,10820.0,3807.72,54.0,3807.74,8302.0,3807.87,1.0
1753769567787,06:12:47.787,htx,ETH/USDT:USDT,3807.73,10820.0,3807.72,54.0,3807.74,8302.0,3807.87,1.0
1753769567800,06:12:47.800,htx,ETH/USDT:USDT,3807.73,10820.0,3807.72,54.0,3807.74,8302.0,3807.87,1.0
1753769567842,06:12:47.842,htx,ETH/USDT:USDT,3807.73,10812.0,3807.72,54.0,3807.74,8302.0,3807.87,1.0
1753769567913,06:12:47.913,htx,ETH/USDT:USDT,3807.73,10812.0,3807.72,54.0,3807.74,8302.0,3807.87,1.0
1753769567965,06:12:47.965,htx,ETH/USDT:USDT,3807.73,10812.0,3807.72,54.0,3807.74,8302.0,3807.87,1.0
1753769568016,06:12:48.016,htx,ETH/USDT:USDT,3807.73,10812.0,3807.72,54.0,3807.74,8302.0,3807.76,6.0
1753769568285,06:12:48.285,htx,ETH/USDT:USDT,3807.73,10812.0,3807.72,54.0,3807.74,8302.0,3807.87,1.0
1753769568323,06:12:48.323,htx,ETH/USDT:USDT,3807.73,10812.0,3807.72,54.0,3807.74,8302.0,3807.87,1.0
1753769568403,06:12:48.403,htx,ETH/USDT:USDT,3807.73,10812.0,3807.72,54.0,3807.74,8302.0,3807.76,6.0
1753769568428,06:12:48.428,htx,ETH/USDT:USDT,3807.73,10812.0,3807.72,54.0,3807.74,8302.0,3807.76,6.0
1753769568535,06:12:48.535,htx,ETH/USDT:USDT,3807.73,10812.0,3807.72,54.0,3807.74,8302.0,3807.87,1.0
1753769568547,06:12:48.547,htx,ETH/USDT:USDT,3807.73,10812.0,3807.72,54.0,3807.74,8302.0,3807.87,1.0
1753769568592,06:12:48.592,htx,ETH/USDT:USDT,3807.73,11012.0,3807.72,54.0,3807.74,8302.0,3807.76,6.0
1753769568673,06:12:48.673,htx,ETH/USDT:USDT,3807.73,11012.0,3807.72,54.0,3807.74,8302.0,3807.87,1.0
1753769568708,06:12:48.708,htx,ETH/USDT:USDT,3807.73,11020.0,3807.72,54.0,3807.74,8302.0,3807.87,1.0
1753769568747,06:12:48.747,htx,ETH/USDT:USDT,3807.73,11020.0,3807.72,54.0,3807.74,8180.0,3807.87,1.0
1753769568766,06:12:48.766,htx,ETH/USDT:USDT,3807.73,11020.0,3807.72,54.0,3807.74,8302.0,3807.87,1.0
1753769568834,06:12:48.834,htx,ETH/USDT:USDT,3807.73,11020.0,3807.72,54.0,3807.74,8302.0,3807.76,6.0
1753769568844,06:12:48.844,htx,ETH/USDT:USDT,3807.73,11020.0,3807.72,54.0,3807.74,8302.0,3807.76,6.0
1753769568953,06:12:48.953,htx,ETH/USDT:USDT,3807.73,11020.0,3807.72,54.0,3807.74,8302.0,3807.76,6.0
1753769568968,06:12:48.968,htx,ETH/USDT:USDT,3807.73,11020.0,3807.72,54.0,3807.74,8302.0,3807.76,6.0
1753769569009,06:12:49.009,htx,ETH/USDT:USDT,3807.73,11020.0,3807.72,54.0,3807.74,8302.0,3807.87,1.0
1753769569030,06:12:49.030,htx,ETH/USDT:USDT,3807.73,11020.0,3807.72,54.0,3807.74,8302.0,3807.87,1.0
1753769569067,06:12:49.067,htx,ETH/USDT:USDT,3807.73,11020.0,3807.72,54.0,3807.74,8302.0,3807.87,1.0
1753769569084,06:12:49.084,htx,ETH/USDT:USDT,3807.73,11020.0,3807.72,54.0,3807.74,8302.0,3807.76,6.0
1753769569127,06:12:49.127,htx,ETH/USDT:USDT,3807.73,11019.0,3807.72,54.0,3807.74,8180.0,3807.76,6.0
1753769569156,06:12:49.156,htx,ETH/USDT:USDT,3807.73,12923.0,3807.72,54.0,3807.74,8302.0,3807.76,6.0
1753769569177,06:12:49.177,htx,ETH/USDT:USDT,3807.73,12924.0,3807.72,54.0,3807.74,8303.0,3807.76,6.0
1753769569208,06:12:49.208,htx,ETH/USDT:USDT,3807.73,12924.0,3807.72,54.0,3807.74,8502.0,3807.76,6.0
1753769569247,06:12:49.247,htx,ETH/USDT:USDT,3807.73,12974.0,3807.72,54.0,3807.74,8502.0,3807.76,6.0
1753769569316,06:12:49.316,htx,ETH/USDT:USDT,3807.73,13602.0,3807.72,54.0,3807.74,8502.0,3807.76,6.0
1753769569349,06:12:49.349,htx,ETH/USDT:USDT,3807.73,13652.0,3807.72,54.0,3807.74,8502.0,3807.76,6.0
1753769569372,06:12:49.372,htx,ETH/USDT:USDT,3807.73,13652.0,3807.72,54.0,3807.74,8502.0,3807.76,6.0
1753769569393,06:12:49.393,htx,ETH/USDT:USDT,3807.73,13652.0,3807.72,54.0,3807.74,8502.0,3807.76,6.0
1753769569418,06:12:49.418,htx,ETH/USDT:USDT,3807.73,13652.0,3807.72,54.0,3807.74,8502.0,3807.76,6.0
1753769569560,06:12:49.560,htx,ETH/USDT:USDT,3807.73,13652.0,3807.72,54.0,3807.74,8502.0,3807.76,6.0
1753769569567,06:12:49.567,htx,ETH/USDT:USDT,3807.73,13652.0,3807.72,54.0,3807.74,8502.0,3807.87,1.0
1753769569705,06:12:49.705,htx,ETH/USDT:USDT,3807.73,13652.0,3807.72,54.0,3807.74,8380.0,3807.76,6.0
1753769569730,06:12:49.730,htx,ETH/USDT:USDT,3807.73,13652.0,3807.72,54.0,3807.74,8502.0,3807.76,6.0
1753769570127,06:12:50.127,htx,ETH/USDT:USDT,3807.73,13652.0,3807.72,54.0,3807.74,8502.0,3807.87,1.0
1753769570639,06:12:50.639,htx,ETH/USDT:USDT,3807.73,13652.0,3807.72,54.0,3807.74,8502.0,3807.76,6.0
1753769570792,06:12:50.792,htx,ETH/USDT:USDT,3807.73,13652.0,3807.72,54.0,3807.74,8502.0,3807.76,6.0
1753769570806,06:12:50.806,htx,ETH/USDT:USDT,3807.73,13702.0,3807.72,54.0,3807.74,8502.0,3807.76,6.0
1753769570838,06:12:50.838,htx,ETH/USDT:USDT,3807.73,13802.0,3807.72,54.0,3807.74,8502.0,3807.87,1.0
1753769570900,06:12:50.900,htx,ETH/USDT:USDT,3807.73,13802.0,3807.72,54.0,3807.74,8502.0,3807.87,1.0
1753769571192,06:12:51.192,htx,ETH/USDT:USDT,3807.73,13802.0,3807.72,54.0,3807.74,8502.0,3807.87,1.0
1753769571205,06:12:51.205,htx,ETH/USDT:USDT,3807.73,13802.0,3807.72,54.0,3807.74,8502.0,3807.87,1.0
1753769571219,06:12:51.219,htx,ETH/USDT:USDT,3807.73,13801.0,3807.72,54.0,3807.74,8379.0,3807.87,1.0
1753769571250,06:12:51.250,htx,ETH/USDT:USDT,3807.73,13897.0,3807.72,54.0,3807.74,8379.0,3807.76,6.0
1753769571277,06:12:51.277,htx,ETH/USDT:USDT,3807.73,13898.0,3807.72,54.0,3807.74,8379.0,3807.76,6.0
1753769571731,06:12:51.731,htx,ETH/USDT:USDT,3807.73,13898.0,3807.72,54.0,3807.74,8379.0,3807.87,1.0
1753769571791,06:12:51.791,htx,ETH/USDT:USDT,3807.73,13748.0,3807.72,54.0,3807.74,8501.0,3807.87,1.0
1753769571944,06:12:51.944,htx,ETH/USDT:USDT,3807.73,13748.0,3807.72,54.0,3807.74,8501.0,3807.87,1.0
1753769572029,06:12:52.029,htx,ETH/USDT:USDT,3807.73,13898.0,3807.72,54.0,3807.74,8501.0,3807.76,6.0
1753769572076,06:12:52.076,htx,ETH/USDT:USDT,3807.73,13898.0,3807.72,54.0,3807.74,8501.0,3807.76,6.0
1753769572085,06:12:52.085,htx,ETH/USDT:USDT,3807.73,13898.0,3807.72,54.0,3807.74,8379.0,3807.76,6.0
1753769572211,06:12:52.211,htx,ETH/USDT:USDT,3807.73,13848.0,3807.72,54.0,3807.74,8379.0,3807.76,6.0
1753769572252,06:12:52.252,htx,ETH/USDT:USDT,3807.73,13848.0,3807.72,54.0,3807.74,8379.0,3807.76,6.0
1753769572287,06:12:52.287,htx,ETH/USDT:USDT,3807.73,13898.0,3807.72,54.0,3807.74,8379.0,3807.76,6.0
1753769572322,06:12:52.322,htx,ETH/USDT:USDT,3807.73,13848.0,3807.72,54.0,3807.74,8379.0,3807.76,6.0
1753769572352,06:12:52.352,htx,ETH/USDT:USDT,3807.73,13848.0,3807.72,54.0,3807.74,8379.0,3807.76,6.0
1753769572384,06:12:52.384,htx,ETH/USDT:USDT,3807.73,13898.0,3807.72,54.0,3807.74,8379.0,3807.76,6.0
1753769572428,06:12:52.428,htx,ETH/USDT:USDT,3807.73,13848.0,3807.72,54.0,3807.74,8379.0,3807.76,6.0
1753769572448,06:12:52.448,htx,ETH/USDT:USDT,3807.73,13848.0,3807.72,54.0,3807.74,8379.0,3807.76,6.0
1753769572490,06:12:52.490,htx,ETH/USDT:USDT,3807.73,13898.0,3807.72,54.0,3807.74,8379.0,3807.76,6.0
1753769572589,06:12:52.589,htx,ETH/USDT:USDT,3807.73,13898.0,3807.72,54.0,3807.74,8379.0,3807.87,1.0
1753769572607,06:12:52.607,htx,ETH/USDT:USDT,3807.73,13898.0,3807.72,54.0,3807.74,8501.0,3807.87,1.0
1753769572691,06:12:52.691,htx,ETH/USDT:USDT,3807.73,13898.0,3807.72,54.0,3807.74,8379.0,3807.87,1.0
1753769572725,06:12:52.725,htx,ETH/USDT:USDT,3807.73,13898.0,3807.72,54.0,3807.74,8501.0,3807.87,1.0
1753769572913,06:12:52.913,htx,ETH/USDT:USDT,3807.73,13898.0,3807.72,54.0,3807.74,8501.0,3807.87,1.0
1753769572932,06:12:52.932,htx,ETH/USDT:USDT,3807.73,13898.0,3807.72,54.0,3807.74,8501.0,3807.76,6.0
1753769573015,06:12:53.015,htx,ETH/USDT:USDT,3807.73,13898.0,3807.72,54.0,3807.74,8501.0,3807.76,6.0
1753769573128,06:12:53.128,htx,ETH/USDT:USDT,3807.73,13898.0,3807.72,54.0,3807.74,8501.0,3807.87,1.0
1753769573425,06:12:53.425,htx,ETH/USDT:USDT,3807.73,13898.0,3807.72,54.0,3807.74,8501.0,3807.87,1.0
1753769573522,06:12:53.522,htx,ETH/USDT:USDT,3807.73,13898.0,3807.72,54.0,3807.74,8501.0,3807.76,6.0
1753769573886,06:12:53.886,htx,ETH/USDT:USDT,3807.73,13898.0,3807.72,54.0,3807.74,8501.0,3807.87,1.0
1753769574015,06:12:54.015,htx,ETH/USDT:USDT,3807.73,13898.0,3807.72,54.0,3807.74,8501.0,3807.76,6.0
1753769574034,06:12:54.034,htx,ETH/USDT:USDT,3807.73,13898.0,3807.72,54.0,3807.74,8501.0,3807.76,6.0
1753769574131,06:12:54.131,htx,ETH/USDT:USDT,3807.73,13898.0,3807.72,54.0,3807.74,8501.0,3807.87,1.0
1753769574246,06:12:54.246,htx,ETH/USDT:USDT,3807.73,13848.0,3807.72,54.0,3807.74,8501.0,3807.87,1.0
1753769574418,06:12:54.418,htx,ETH/USDT:USDT,3807.73,13748.0,3807.72,54.0,3807.74,8501.0,3807.87,1.0
1753769574548,06:12:54.548,htx,ETH/USDT:USDT,3807.73,13748.0,3807.72,54.0,3807.74,8479.0,3807.87,1.0
1753769574576,06:12:54.576,htx,ETH/USDT:USDT,3807.73,13644.0,3807.72,54.0,3807.74,8315.0,3807.87,1.0
1753769574653,06:12:54.653,htx,ETH/USDT:USDT,3807.73,13644.0,3807.72,54.0,3807.74,8437.0,3807.87,1.0
1753769574729,06:12:54.729,htx,ETH/USDT:USDT,3807.73,13644.0,3807.72,54.0,3807.74,8424.0,3807.87,1.0
1753769574786,06:12:54.786,htx,ETH/USDT:USDT,3807.73,13644.0,3807.72,54.0,3807.74,8302.0,3807.87,1.0
1753769574795,06:12:54.795,htx,ETH/USDT:USDT,3807.73,13644.0,3807.72,54.0,3807.74,8302.0,3807.76,6.0
1753769574886,06:12:54.886,htx,ETH/USDT:USDT,3807.73,13644.0,3807.72,54.0,3807.74,8424.0,3807.76,6.0
1753769574907,06:12:54.907,htx,ETH/USDT:USDT,3807.73,13644.0,3807.72,54.0,3807.74,8424.0,3807.76,6.0
1753769574974,06:12:54.974,htx,ETH/USDT:USDT,3807.73,13694.0,3807.72,54.0,3807.74,8424.0,3807.76,6.0
1753769575091,06:12:55.091,htx,ETH/USDT:USDT,3807.73,13794.0,3807.72,54.0,3807.74,8424.0,3807.87,1.0
1753769575128,06:12:55.128,htx,ETH/USDT:USDT,3807.73,13794.0,3807.72,54.0,3807.74,8302.0,3807.87,1.0
1753769575684,06:12:55.684,htx,ETH/USDT:USDT,3807.73,13794.0,3807.72,54.0,3807.74,8302.0,3807.76,6.0
1753769575724,06:12:55.724,htx,ETH/USDT:USDT,3807.73,13794.0,3807.72,54.0,3807.74,8424.0,3807.87,1.0
1753769575839,06:12:55.839,htx,ETH/USDT:USDT,3807.73,13794.0,3807.72,54.0,3807.74,8424.0,3807.76,6.0
1753769575906,06:12:55.906,htx,ETH/USDT:USDT,3807.73,13794.0,3807.72,54.0,3807.74,8424.0,3807.76,6.0
1753769576208,06:12:56.208,htx,ETH/USDT:USDT,3807.73,13794.0,3807.72,54.0,3807.74,8424.0,3807.87,1.0
1753769576510,06:12:56.510,htx,ETH/USDT:USDT,3807.73,13794.0,3807.72,54.0,3807.74,8424.0,3807.76,6.0
1753769576640,06:12:56.640,htx,ETH/USDT:USDT,3807.73,13794.0,3807.72,54.0,3807.74,5692.0,3807.76,6.0
1753769576784,06:12:56.784,htx,ETH/USDT:USDT,3807.73,13794.0,3807.72,54.0,3807.74,6691.0,3807.76,6.0
1753769576804,06:12:56.804,htx,ETH/USDT:USDT,3807.73,13794.0,3807.72,54.0,3807.74,6795.0,3807.76,6.0
1753769576824,06:12:56.824,htx,ETH/USDT:USDT,3807.73,13694.0,3807.72,54.0,3807.74,6795.0,3807.87,1.0
1753769576864,06:12:56.864,htx,ETH/USDT:USDT,3807.73,13644.0,3807.72,54.0,3807.74,7794.0,3807.76,6.0
1753769576896,06:12:56.896,htx,ETH/USDT:USDT,3807.73,13644.0,3807.72,54.0,3807.74,7794.0,3807.87,1.0
1753769576921,06:12:56.921,htx,ETH/USDT:USDT,3807.73,13644.0,3807.72,54.0,3807.74,7794.0,3807.87,1.0
1753769576943,06:12:56.943,htx,ETH/USDT:USDT,3807.73,13644.0,3807.72,54.0,3807.74,7794.0,3807.87,1.0
1753769577057,06:12:57.057,htx,ETH/USDT:USDT,3807.73,13444.0,3807.72,54.0,3807.74,7794.0,3807.87,1.0
1753769577143,06:12:57.143,htx,ETH/USDT:USDT,3807.73,13444.0,3807.72,54.0,3807.74,7794.0,3807.76,6.0
1753769577167,06:12:57.167,htx,ETH/USDT:USDT,3807.73,13444.0,3807.72,54.0,3807.74,7794.0,3807.76,6.0
1753769577271,06:12:57.271,htx,ETH/USDT:USDT,3807.73,13444.0,3807.72,54.0,3807.74,7794.0,3807.76,6.0
1753769577277,06:12:57.277,htx,ETH/USDT:USDT,3807.73,13444.0,3807.72,54.0,3807.74,7794.0,3807.87,1.0
1753769577338,06:12:57.338,htx,ETH/USDT:USDT,3807.73,13444.0,3807.72,54.0,3807.74,7794.0,3807.76,6.0
1753769577464,06:12:57.464,htx,ETH/USDT:USDT,3807.73,13444.0,3807.72,54.0,3807.74,7794.0,3807.87,1.0
1753769577495,06:12:57.495,htx,ETH/USDT:USDT,3807.73,13444.0,3807.72,54.0,3807.74,8001.0,3807.76,6.0
1753769577515,06:12:57.515,htx,ETH/USDT:USDT,3807.73,13444.0,3807.72,54.0,3807.74,8001.0,3807.76,6.0
1753769577545,06:12:57.545,htx,ETH/USDT:USDT,3807.73,13444.0,3807.72,54.0,3807.74,10501.0,3807.76,6.0
1753769577723,06:12:57.723,htx,ETH/USDT:USDT,3807.73,13444.0,3807.72,54.0,3807.74,10501.0,3807.87,1.0
1753769577848,06:12:57.848,htx,ETH/USDT:USDT,3807.73,13444.0,3807.72,54.0,3807.74,10501.0,3807.87,1.0
1753769577947,06:12:57.947,htx,ETH/USDT:USDT,3807.73,13444.0,3807.72,27.0,3807.74,10501.0,3807.76,6.0
1753769578149,06:12:58.149,htx,ETH/USDT:USDT,3807.73,13444.0,3807.72,27.0,3807.74,10501.0,3807.87,1.0
1753769578267,06:12:58.267,htx,ETH/USDT:USDT,3807.73,13444.0,3807.72,27.0,3807.74,8001.0,3807.76,6.0
1753769578422,06:12:58.422,htx,ETH/USDT:USDT,3807.73,13444.0,3807.72,27.0,3807.74,8001.0,3807.87,1.0
1753769578770,06:12:58.770,htx,ETH/USDT:USDT,3807.73,13444.0,3807.72,27.0,3807.74,8001.0,3807.87,1.0
1753769578781,06:12:58.781,htx,ETH/USDT:USDT,3807.73,13444.0,3807.72,27.0,3807.74,7794.0,3807.87,1.0
1753769578819,06:12:58.819,htx,ETH/USDT:USDT,3807.73,13444.0,3807.72,27.0,3807.74,7794.0,3807.87,1.0
1753769578902,06:12:58.902,htx,ETH/USDT:USDT,3807.73,13444.0,3807.72,27.0,3807.74,7794.0,3807.87,1.0
1753769578964,06:12:58.964,htx,ETH/USDT:USDT,3807.73,13444.0,3807.72,27.0,3807.74,7794.0,3807.76,6.0
1753769578984,06:12:58.984,htx,ETH/USDT:USDT,3807.73,13444.0,3807.72,27.0,3807.74,7794.0,3807.76,6.0
1753769579170,06:12:59.170,htx,ETH/USDT:USDT,3807.73,13444.0,3807.72,27.0,3807.74,7794.0,3807.76,6.0
1753769579301,06:12:59.301,htx,ETH/USDT:USDT,3807.73,13444.0,3807.72,27.0,3807.74,7794.0,3807.87,1.0
1753769579386,06:12:59.386,htx,ETH/USDT:USDT,3807.73,13444.0,3807.72,27.0,3807.74,7794.0,3807.87,1.0
1753769579529,06:12:59.529,htx,ETH/USDT:USDT,3807.73,13444.0,3807.72,27.0,3807.74,6795.0,3807.76,6.0
1753769579815,06:12:59.815,htx,ETH/USDT:USDT,3807.73,13444.0,3807.72,27.0,3807.74,6795.0,3807.76,6.0
1753769579923,06:12:59.923,htx,ETH/USDT:USDT,3807.73,13392.0,3807.72,27.0,3807.74,6795.0,3807.76,6.0
1753769580027,06:13:00.027,htx,ETH/USDT:USDT,3807.73,13392.0,3807.72,27.0,3807.74,6795.0,3807.76,6.0
1753769580040,06:13:00.040,htx,ETH/USDT:USDT,3807.73,13592.0,3807.72,27.0,3807.74,6795.0,3807.76,6.0
1753769580074,06:13:00.074,htx,ETH/USDT:USDT,3807.73,13592.0,3807.72,27.0,3807.74,5796.0,3807.76,6.0
1753769580109,06:13:00.109,htx,ETH/USDT:USDT,3807.73,13600.0,3807.72,27.0,3807.74,5674.0,3807.76,6.0
1753769580173,06:13:00.173,htx,ETH/USDT:USDT,3807.73,13600.0,3807.72,27.0,3807.74,5796.0,3807.76,6.0
1753769580284,06:13:00.284,htx,ETH/USDT:USDT,3807.73,13600.0,3807.72,27.0,3807.74,5796.0,3807.76,6.0
1753769580316,06:13:00.316,htx,ETH/USDT:USDT,3807.73,13600.0,3807.72,27.0,3807.74,5796.0,3807.76,6.0
1753769580364,06:13:00.364,htx,ETH/USDT:USDT,3807.73,13600.0,3807.72,27.0,3807.74,5796.0,3807.76,6.0
1753769580522,06:13:00.522,htx,ETH/USDT:USDT,3807.73,13750.0,3807.72,27.0,3807.74,5796.0,3807.87,1.0
1753769580619,06:13:00.619,htx,ETH/USDT:USDT,3807.73,13750.0,3807.72,27.0,3807.74,5796.0,3807.76,6.0
1753769580651,06:13:00.651,htx,ETH/USDT:USDT,3807.73,13750.0,3807.72,27.0,3807.74,5796.0,3807.87,1.0
1753769580675,06:13:00.675,htx,ETH/USDT:USDT,3807.73,13750.0,3807.72,27.0,3807.74,5674.0,3807.87,1.0
1753769580746,06:13:00.746,htx,ETH/USDT:USDT,3807.73,13750.0,3807.72,27.0,3807.74,5674.0,3807.87,1.0
1753769580780,06:13:00.780,htx,ETH/USDT:USDT,3807.73,13750.0,3807.72,27.0,3807.74,5674.0,3807.87,1.0
1753769580805,06:13:00.805,htx,ETH/USDT:USDT,3807.73,13750.0,3807.72,27.0,3807.74,5796.0,3807.87,1.0
1753769580834,06:13:00.834,htx,ETH/USDT:USDT,3807.73,13750.0,3807.72,27.0,3807.74,5796.0,3807.76,6.0
1753769580863,06:13:00.863,htx,ETH/USDT:USDT,3807.73,13750.0,3807.72,27.0,3807.74,5796.0,3807.76,6.0
1753769581114,06:13:01.114,htx,ETH/USDT:USDT,3807.73,13750.0,3807.72,27.0,3807.74,5796.0,3807.87,1.0
1753769581288,06:13:01.288,htx,ETH/USDT:USDT,3807.73,13750.0,3807.72,27.0,3807.74,5796.0,3807.87,1.0
1753769581425,06:13:01.425,htx,ETH/USDT:USDT,3807.73,13700.0,3807.72,27.0,3807.74,5796.0,3807.76,6.0
1753769581435,06:13:01.435,htx,ETH/USDT:USDT,3807.73,13599.0,3807.72,27.0,3807.74,5796.0,3807.76,6.0
1753769581444,06:13:01.444,htx,ETH/USDT:USDT,3807.73,13599.0,3807.72,27.0,3807.74,5796.0,3807.87,1.0
1753769581479,06:13:01.479,htx,ETH/USDT:USDT,3807.73,13695.0,3807.72,27.0,3807.74,7795.0,3807.87,1.0
1753769581609,06:13:01.609,htx,ETH/USDT:USDT,3807.73,13496.0,3807.72,27.0,3807.74,7795.0,3807.87,1.0
1753769581730,06:13:01.730,htx,ETH/USDT:USDT,3807.73,13496.0,3807.72,27.0,3807.74,7795.0,3807.76,6.0
1753769581752,06:13:01.752,htx,ETH/USDT:USDT,3807.73,13496.0,3807.72,27.0,3807.74,7795.0,3807.76,6.0
1753769581803,06:13:01.803,htx,ETH/USDT:USDT,3807.73,13688.0,3807.72,27.0,3807.74,7795.0,3807.76,6.0
1753769581823,06:13:01.823,htx,ETH/USDT:USDT,3807.73,13688.0,3807.72,27.0,3807.74,6796.0,3807.87,1.0
1753769581951,06:13:01.951,htx,ETH/USDT:USDT,3807.73,13688.0,3807.72,27.0,3807.74,6796.0,3807.87,1.0
1753769581980,06:13:01.980,htx,ETH/USDT:USDT,3807.73,13688.0,3807.72,27.0,3807.74,6796.0,3807.87,1.0
1753769581985,06:13:01.985,htx,ETH/USDT:USDT,3807.73,13738.0,3807.72,27.0,3807.74,6796.0,3807.76,6.0
1753769582022,06:13:02.022,htx,ETH/USDT:USDT,3807.73,13738.0,3807.72,27.0,3807.74,5675.0,3807.87,1.0
1753769582056,06:13:02.056,htx,ETH/USDT:USDT,3807.73,13738.0,3807.72,27.0,3807.74,5797.0,3807.87,1.0
1753769582186,06:13:02.186,htx,ETH/USDT:USDT,3807.73,13838.0,3807.72,27.0,3807.74,5797.0,3807.76,6.0
1753769582213,06:13:02.213,htx,ETH/USDT:USDT,3807.73,13838.0,3807.72,27.0,3807.74,5797.0,3807.76,6.0
1753769582257,06:13:02.257,htx,ETH/USDT:USDT,3807.73,13846.0,3807.72,27.0,3807.74,5797.0,3807.76,6.0
1753769582344,06:13:02.344,htx,ETH/USDT:USDT,3807.73,13846.0,3807.72,27.0,3807.74,5797.0,3807.87,1.0
1753769582439,06:13:02.439,htx,ETH/USDT:USDT,3807.73,13746.0,3807.72,27.0,3807.74,5797.0,3807.87,1.0
1753769582536,06:13:02.536,htx,ETH/USDT:USDT,3807.73,13696.0,3807.72,27.0,3807.74,5797.0,3807.87,1.0
1753769582555,06:13:02.555,htx,ETH/USDT:USDT,3807.73,13696.0,3807.72,27.0,3807.74,5797.0,3807.87,1.0
1753769582606,06:13:02.606,htx,ETH/USDT:USDT,3807.73,13496.0,3807.72,27.0,3807.74,5797.0,3807.76,6.0
1753769582637,06:13:02.637,htx,ETH/USDT:USDT,3807.73,13496.0,3807.72,27.0,3807.74,7795.0,3807.87,1.0
1753769582718,06:13:02.718,htx,ETH/USDT:USDT,3807.73,13446.0,3807.72,27.0,3807.74,7795.0,3807.87,1.0
1753769582754,06:13:02.754,htx,ETH/USDT:USDT,3807.73,13546.0,3807.72,27.0,3807.74,7795.0,3807.87,1.0
1753769582771,06:13:02.771,htx,ETH/USDT:USDT,3807.73,13596.0,3807.72,27.0,3807.74,7795.0,3807.87,1.0
1753769582797,06:13:02.797,htx,ETH/USDT:USDT,3807.73,13688.0,3807.72,27.0,3807.74,7795.0,3807.87,1.0
1753769582875,06:13:02.875,htx,ETH/USDT:USDT,3807.73,13688.0,3807.72,27.0,3807.74,7775.0,3807.87,1.0
1753769582913,06:13:02.913,htx,ETH/USDT:USDT,3807.73,13688.0,3807.72,27.0,3807.74,7775.0,3807.87,1.0
1753769582987,06:13:02.987,htx,ETH/USDT:USDT,3807.73,13688.0,3807.72,27.0,3807.74,7775.0,3807.76,6.0
1753769583009,06:13:03.009,htx,ETH/USDT:USDT,3807.73,13888.0,3807.72,27.0,3807.74,7775.0,3807.87,1.0
1753769583214,06:13:03.214,htx,ETH/USDT:USDT,3807.73,13888.0,3807.72,27.0,3807.74,7726.0,3807.87,1.0
1753769583227,06:13:03.227,htx,ETH/USDT:USDT,3807.73,13888.0,3807.72,27.0,3807.74,7726.0,3807.76,6.0
1753769583264,06:13:03.264,htx,ETH/USDT:USDT,3807.73,13688.0,3807.72,27.0,3807.74,7726.0,3807.76,6.0
1753769583303,06:13:03.303,htx,ETH/USDT:USDT,3807.73,13688.0,3807.72,27.0,3807.74,7726.0,3807.76,6.0
1753769583341,06:13:03.341,htx,ETH/USDT:USDT,3807.73,13688.0,3807.72,27.0,3807.74,7726.0,3807.87,1.0
1753769583414,06:13:03.414,htx,ETH/USDT:USDT,3807.73,13696.0,3807.72,27.0,3807.74,7726.0,3807.76,6.0
1753769583417,06:13:03.417,htx,ETH/USDT:USDT,3807.73,13696.0,3807.72,27.0,3807.74,7933.0,3807.76,6.0
1753769583441,06:13:03.441,htx,ETH/USDT:USDT,3807.73,13696.0,3807.72,27.0,3807.74,7933.0,3807.87,1.0
1753769583489,06:13:03.489,htx,ETH/USDT:USDT,3807.73,13696.0,3807.72,27.0,3807.74,7933.0,3807.87,1.0
1753769583523,06:13:03.523,htx,ETH/USDT:USDT,3807.73,13696.0,3807.72,27.0,3807.74,7933.0,3807.76,6.0
1753769583546,06:13:03.546,htx,ETH/USDT:USDT,3807.73,13696.0,3807.72,27.0,3807.74,7933.0,3807.76,6.0
1753769583678,06:13:03.678,htx,ETH/USDT:USDT,3807.73,13696.0,3807.72,27.0,3807.74,7933.0,3807.76,6.0
1753769583772,06:13:03.772,htx,ETH/USDT:USDT,3807.73,13696.0,3807.72,27.0,3807.74,7933.0,3807.87,1.0
1753769583784,06:13:03.784,htx,ETH/USDT:USDT,3807.73,13688.0,3807.72,27.0,3807.74,7933.0,3807.87,1.0
1753769583836,06:13:03.836,htx,ETH/USDT:USDT,3807.73,13688.0,3807.72,27.0,3807.74,7933.0,3807.87,1.0
1753769583848,06:13:03.848,htx,ETH/USDT:USDT,3807.73,13688.0,3807.72,27.0,3807.74,7933.0,3807.76,6.0
1753769583875,06:13:03.875,htx,ETH/USDT:USDT,3807.73,13537.0,3807.72,27.0,3807.74,7932.0,3807.76,6.0
1753769583951,06:13:03.951,htx,ETH/USDT:USDT,3807.73,12958.0,3807.72,27.0,3807.74,7932.0,3807.76,6.0
1753769583970,06:13:03.970,htx,ETH/USDT:USDT,3807.73,13008.0,3807.72,27.0,3807.74,7932.0,3807.76,6.0
1753769584018,06:13:04.018,htx,ETH/USDT:USDT,3807.73,13009.0,3807.72,27.0,3807.74,7932.0,3807.87,1.0
1753769584069,06:13:04.069,htx,ETH/USDT:USDT,3807.73,13009.0,3807.72,27.0,3807.74,7932.0,3807.87,1.0
1753769584222,06:13:04.222,htx,ETH/USDT:USDT,3807.73,13009.0,3807.72,27.0,3807.74,7932.0,3807.87,1.0
1753769584427,06:13:04.427,htx,ETH/USDT:USDT,3807.73,13009.0,3807.72,27.0,3807.74,7932.0,3807.87,1.0
1753769584720,06:13:04.720,htx,ETH/USDT:USDT,3807.73,12658.0,3807.72,27.0,3807.74,8444.0,3807.76,6.0
1753769584847,06:13:04.847,htx,ETH/USDT:USDT,3807.73,12709.0,3807.72,27.0,3807.74,7932.0,3807.76,6.0
1753769584979,06:13:04.979,htx,ETH/USDT:USDT,3807.73,12809.0,3807.72,27.0,3807.74,7932.0,3807.76,6.0
1753769584983,06:13:04.983,htx,ETH/USDT:USDT,3807.73,12759.0,3807.72,27.0,3807.74,7932.0,3807.76,6.0
1753769585045,06:13:05.045,htx,ETH/USDT:USDT,3807.73,12708.0,3807.72,27.0,3807.74,7932.0,3807.76,6.0
1753769585074,06:13:05.074,htx,ETH/USDT:USDT,3807.73,12808.0,3807.72,27.0,3807.74,7932.0,3807.76,6.0
1753769585197,06:13:05.197,htx,ETH/USDT:USDT,3807.73,12808.0,3807.72,27.0,3807.74,7932.0,3807.84,200.0
1753769585544,06:13:05.544,htx,ETH/USDT:USDT,3807.73,12808.0,3807.72,27.0,3807.74,7932.0,3807.87,1.0
1753769585615,06:13:05.615,htx,ETH/USDT:USDT,3807.73,12808.0,3807.72,27.0,3807.74,7932.0,3807.76,6.0
1753769585683,06:13:05.683,htx,ETH/USDT:USDT,3807.73,12808.0,3807.72,27.0,3807.74,7932.0,3807.76,6.0
1753769585733,06:13:05.733,htx,ETH/USDT:USDT,3807.73,12808.0,3807.72,27.0,3807.74,7932.0,3807.76,6.0
1753769585850,06:13:05.850,htx,ETH/USDT:USDT,3807.73,12808.0,3807.72,27.0,3807.74,7932.0,3807.76,6.0
1753769586125,06:13:06.125,htx,ETH/USDT:USDT,3807.73,12808.0,3807.72,27.0,3807.74,7932.0,3807.76,6.0
1753769586136,06:13:06.136,htx,ETH/USDT:USDT,3807.73,12808.0,3807.72,27.0,3807.74,7932.0,3807.87,1.0
1753769586228,06:13:06.228,htx,ETH/USDT:USDT,3807.73,12808.0,3807.72,27.0,3807.74,7932.0,3807.87,1.0
1753769586243,06:13:06.243,htx,ETH/USDT:USDT,3807.73,12808.0,3807.72,27.0,3807.74,7932.0,3807.76,6.0
1753769586281,06:13:06.281,htx,ETH/USDT:USDT,3807.73,12808.0,3807.72,27.0,3807.74,7932.0,3807.76,6.0
1753769586392,06:13:06.392,htx,ETH/USDT:USDT,3807.73,12808.0,3807.72,27.0,3807.74,7932.0,3807.76,6.0
1753769586589,06:13:06.589,htx,ETH/USDT:USDT,3807.73,12808.0,3807.72,27.0,3807.74,7932.0,3807.76,6.0
1753769586649,06:13:06.649,htx,ETH/USDT:USDT,3807.73,12808.0,3807.72,27.0,3807.74,7932.0,3807.87,1.0
1753769586675,06:13:06.675,htx,ETH/USDT:USDT,3807.73,12808.0,3807.72,27.0,3807.74,7932.0,3807.87,1.0
1753769586699,06:13:06.699,htx,ETH/USDT:USDT,3807.73,12758.0,3807.72,27.0,3807.74,7932.0,3807.87,1.0
1753769586729,06:13:06.729,htx,ETH/USDT:USDT,3807.73,12759.0,3807.72,27.0,3807.74,7932.0,3807.87,1.0
1753769586874,06:13:06.874,htx,ETH/USDT:USDT,3807.73,12769.0,3807.72,27.0,3807.74,7932.0,3807.87,1.0
1753769587056,06:13:07.056,htx,ETH/USDT:USDT,3807.73,12769.0,3807.72,27.0,3807.74,7932.0,3807.87,1.0
1753769587117,06:13:07.117,htx,ETH/USDT:USDT,3807.73,12769.0,3807.72,27.0,3807.74,7932.0,3807.87,1.0
1753769587291,06:13:07.291,htx,ETH/USDT:USDT,3807.73,12769.0,3807.72,27.0,3807.74,7932.0,3807.87,1.0
1753769587296,06:13:07.296,htx,ETH/USDT:USDT,3807.73,12769.0,3807.72,27.0,3807.74,7932.0,3807.87,1.0
1753769587363,06:13:07.363,htx,ETH/USDT:USDT,3807.73,12769.0,3807.72,27.0,3807.74,7932.0,3807.76,6.0
1753769587544,06:13:07.544,htx,ETH/USDT:USDT,3807.73,12769.0,3807.72,27.0,3807.74,7932.0,3807.87,1.0
1753769587668,06:13:07.668,htx,ETH/USDT:USDT,3807.73,12769.0,3807.72,27.0,3807.74,7932.0,3807.76,6.0
1753769587692,06:13:07.692,htx,ETH/USDT:USDT,3807.73,12769.0,3807.72,27.0,3807.74,7932.0,3807.76,6.0
1753769587794,06:13:07.794,htx,ETH/USDT:USDT,3807.73,12769.0,3807.72,27.0,3807.74,7932.0,3807.76,6.0
1753769587830,06:13:07.830,htx,ETH/USDT:USDT,3807.73,12769.0,3807.72,27.0,3807.74,7932.0,3807.76,6.0
1753769587890,06:13:07.890,htx,ETH/USDT:USDT,3807.73,12769.0,3807.72,27.0,3807.74,7932.0,3807.87,1.0
1753769587953,06:13:07.953,htx,ETH/USDT:USDT,3807.73,12769.0,3807.72,27.0,3807.74,7932.0,3807.76,6.0
1753769588095,06:13:08.095,htx,ETH/USDT:USDT,3807.73,12769.0,3807.72,27.0,3807.74,7932.0,3807.76,6.0
1753769588139,06:13:08.139,htx,ETH/USDT:USDT,3807.73,12769.0,3807.72,27.0,3807.74,7932.0,3807.76,6.0
1753769588523,06:13:08.523,htx,ETH/USDT:USDT,3807.73,12769.0,3807.72,27.0,3807.74,7932.0,3807.76,6.0
1753769588671,06:13:08.671,htx,ETH/USDT:USDT,3807.73,12769.0,3807.72,27.0,3807.74,7932.0,3807.87,1.0
1753769588949,06:13:08.949,htx,ETH/USDT:USDT,3807.73,12769.0,3807.72,27.0,3807.74,7932.0,3807.87,1.0
1753769589114,06:13:09.114,htx,ETH/USDT:USDT,3807.73,12769.0,3807.72,27.0,3807.74,7932.0,3807.76,6.0
1753769589144,06:13:09.144,htx,ETH/USDT:USDT,3807.73,12769.0,3807.72,27.0,3807.74,7932.0,3807.87,1.0
1753769589198,06:13:09.198,htx,ETH/USDT:USDT,3807.73,12769.0,3807.72,27.0,3807.74,7932.0,3807.87,1.0
1753769589356,06:13:09.356,htx,ETH/USDT:USDT,3807.73,12769.0,3807.72,27.0,3807.74,8444.0,3807.87,1.0
1753769589495,06:13:09.495,htx,ETH/USDT:USDT,3807.73,12769.0,3807.72,27.0,3807.74,7932.0,3807.87,1.0
1753769589819,06:13:09.819,htx,ETH/USDT:USDT,3807.73,12769.0,3807.72,27.0,3807.74,7932.0,3807.76,6.0
1753769589852,06:13:09.852,htx,ETH/USDT:USDT,3807.73,12769.0,3807.72,27.0,3807.74,8444.0,3807.76,6.0
1753769590018,06:13:10.018,htx,ETH/USDT:USDT,3807.73,12769.0,3807.72,27.0,3807.74,7932.0,3807.76,6.0
1753769590399,06:13:10.399,htx,ETH/USDT:USDT,3807.73,12769.0,3807.72,27.0,3807.74,8444.0,3807.76,6.0
1753769590436,06:13:10.436,htx,ETH/USDT:USDT,3807.73,12769.0,3807.72,27.0,3807.74,8444.0,3807.76,6.0
1753769590454,06:13:10.454,htx,ETH/USDT:USDT,3807.73,12769.0,3807.72,27.0,3807.74,7932.0,3807.76,6.0
1753769590509,06:13:10.509,htx,ETH/USDT:USDT,3807.73,12769.0,3807.72,27.0,3807.74,7932.0,3807.87,1.0
1753769590581,06:13:10.581,htx,ETH/USDT:USDT,3807.73,12769.0,3807.72,27.0,3807.74,7932.0,3807.87,1.0
1753769590600,06:13:10.600,htx,ETH/USDT:USDT,3807.73,12769.0,3807.72,27.0,3807.74,7932.0,3807.87,1.0
1753769590669,06:13:10.669,htx,ETH/USDT:USDT,3807.73,12769.0,3807.72,27.0,3807.74,7932.0,3807.87,1.0
1753769590691,06:13:10.691,htx,ETH/USDT:USDT,3807.73,12769.0,3807.72,27.0,3807.74,7932.0,3807.76,6.0
1753769590757,06:13:10.757,htx,ETH/USDT:USDT,3807.73,12769.0,3807.72,27.0,3807.74,7932.0,3807.76,6.0
1753769590906,06:13:10.906,htx,ETH/USDT:USDT,3807.73,12769.0,3807.72,27.0,3807.74,7932.0,3807.87,1.0
1753769590983,06:13:10.983,htx,ETH/USDT:USDT,3807.73,12769.0,3807.72,27.0,3807.74,7932.0,3807.87,1.0
1753769591063,06:13:11.063,htx,ETH/USDT:USDT,3807.73,12769.0,3807.72,27.0,3807.74,7932.0,3807.87,1.0
1753769591092,06:13:11.092,htx,ETH/USDT:USDT,3807.73,12769.0,3807.72,27.0,3807.74,7932.0,3807.76,6.0
1753769591103,06:13:11.103,htx,ETH/USDT:USDT,3807.73,12769.0,3807.72,27.0,3807.74,7932.0,3807.76,6.0
1753769591343,06:13:11.343,htx,ETH/USDT:USDT,3807.73,12769.0,3807.72,27.0,3807.74,7932.0,3807.87,1.0
1753769591344,06:13:11.344,htx,ETH/USDT:USDT,3807.73,12769.0,3807.72,27.0,3807.74,7932.0,3807.87,1.0
1753769591457,06:13:11.457,htx,ETH/USDT:USDT,3807.73,12769.0,3807.72,27.0,3807.74,8466.0,3807.87,1.0
1753769591471,06:13:11.471,htx,ETH/USDT:USDT,3807.73,13347.0,3807.72,27.0,3807.74,7932.0,3807.87,1.0
1753769591495,06:13:11.495,htx,ETH/USDT:USDT,3807.73,13347.0,3807.72,27.0,3807.74,7932.0,3807.76,6.0
1753769591537,06:13:11.537,htx,ETH/USDT:USDT,3807.73,13347.0,3807.72,27.0,3807.74,7932.0,3807.76,6.0
1753769591667,06:13:11.667,htx,ETH/USDT:USDT,3807.73,13347.0,3807.72,27.0,3807.74,7932.0,3807.87,1.0
1753769591711,06:13:11.711,htx,ETH/USDT:USDT,3807.73,13347.0,3807.72,27.0,3807.74,7932.0,3807.87,1.0
1753769591764,06:13:11.764,htx,ETH/USDT:USDT,3807.73,13347.0,3807.72,27.0,3807.74,7932.0,3807.76,6.0
1753769591768,06:13:11.768,htx,ETH/USDT:USDT,3807.73,13347.0,3807.72,27.0,3807.74,7932.0,3807.76,6.0
1753769591866,06:13:11.866,htx,ETH/USDT:USDT,3807.73,13347.0,3807.72,27.0,3807.74,7932.0,3807.76,6.0
1753769592003,06:13:12.003,htx,ETH/USDT:USDT,3807.73,13347.0,3807.72,27.0,3807.74,7932.0,3807.87,1.0
1753769592131,06:13:12.131,htx,ETH/USDT:USDT,3807.73,13347.0,3807.72,27.0,3807.74,7932.0,3807.87,1.0
1753769592207,06:13:12.207,htx,ETH/USDT:USDT,3807.73,13347.0,3807.72,27.0,3807.74,7932.0,3807.87,1.0
1753769592213,06:13:12.213,htx,ETH/USDT:USDT,3807.73,13347.0,3807.72,27.0,3807.74,7932.0,3807.87,1.0
1753769592294,06:13:12.294,htx,ETH/USDT:USDT,3807.73,13347.0,3807.72,27.0,3807.74,7932.0,3807.76,6.0
1753769592329,06:13:12.329,htx,ETH/USDT:USDT,3807.73,13347.0,3807.72,27.0,3807.74,7932.0,3807.87,1.0
1753769592342,06:13:12.342,htx,ETH/USDT:USDT,3807.73,13347.0,3807.72,27.0,3807.74,7932.0,3807.87,1.0
1753769592387,06:13:12.387,htx,ETH/USDT:USDT,3807.73,13347.0,3807.72,27.0,3807.74,7932.0,3807.87,1.0
1753769592396,06:13:12.396,htx,ETH/USDT:USDT,3807.73,13347.0,3807.72,27.0,3807.74,7932.0,3807.76,6.0
1753769592552,06:13:12.552,htx,ETH/USDT:USDT,3807.73,13347.0,3807.72,27.0,3807.74,7932.0,3807.87,1.0
1753769592609,06:13:12.609,htx,ETH/USDT:USDT,3807.73,12769.0,3807.72,27.0,3807.74,7932.0,3807.76,6.0
1753769592657,06:13:12.657,htx,ETH/USDT:USDT,3807.73,12769.0,3807.72,27.0,3807.74,7932.0,3807.87,1.0
1753769592702,06:13:12.702,htx,ETH/USDT:USDT,3807.73,12769.0,3807.72,27.0,3807.74,7932.0,3807.87,1.0
1753769592742,06:13:12.742,htx,ETH/USDT:USDT,3807.73,12769.0,3807.72,27.0,3807.74,7932.0,3807.87,1.0
1753769593036,06:13:13.036,htx,ETH/USDT:USDT,3807.73,12769.0,3807.72,27.0,3807.74,7932.0,3807.76,6.0
1753769593121,06:13:13.121,htx,ETH/USDT:USDT,3807.73,12769.0,3807.72,27.0,3807.74,7932.0,3807.76,6.0
1753769593232,06:13:13.232,htx,ETH/USDT:USDT,3807.73,12769.0,3807.72,27.0,3807.74,8466.0,3807.76,6.0
1753769593282,06:13:13.282,htx,ETH/USDT:USDT,3807.73,12769.0,3807.72,27.0,3807.74,8466.0,3807.87,1.0
1753769593298,06:13:13.298,htx,ETH/USDT:USDT,3807.73,12091.0,3807.72,27.0,3807.74,8466.0,3807.87,1.0
1753769593341,06:13:13.341,htx,ETH/USDT:USDT,3807.73,12091.0,3807.72,27.0,3807.74,10262.0,3807.87,1.0
1753769593447,06:13:13.447,htx,ETH/USDT:USDT,3807.73,12041.0,3807.72,27.0,3807.74,10262.0,3807.87,1.0
1753769593534,06:13:13.534,htx,ETH/USDT:USDT,3807.73,10032.0,3807.72,27.0,3807.74,10606.0,3807.76,584.0
1753769593570,06:13:13.570,htx,ETH/USDT:USDT,3807.73,5299.0,3807.72,27.0,3807.74,16284.0,3807.76,578.0
1753769593656,06:13:13.656,htx,ETH/USDT:USDT,3807.73,3498.0,3807.72,27.0,3807.74,16722.0,3807.76,578.0
1753769593688,06:13:13.688,htx,ETH/USDT:USDT,3807.73,4855.0,3807.72,27.0,3807.74,16722.0,3807.76,578.0
1753769593878,06:13:13.878,htx,ETH/USDT:USDT,3807.73,4855.0,3807.72,27.0,3807.74,16722.0,3807.76,578.0
1753769593928,06:13:13.928,htx,ETH/USDT:USDT,3807.73,4855.0,3807.72,27.0,3807.74,16722.0,3807.76,584.0
1753769594042,06:13:14.042,htx,ETH/USDT:USDT,3807.73,3498.0,3807.72,27.0,3807.74,18079.0,3807.76,584.0
1753769594144,06:13:14.144,htx,ETH/USDT:USDT,3807.73,3498.0,3807.72,27.0,3807.74,18657.0,3807.76,584.0
1753769594221,06:13:14.221,htx,ETH/USDT:USDT,3807.73,3498.0,3807.72,27.0,3807.74,18657.0,3807.76,6.0
1753769594521,06:13:14.521,htx,ETH/USDT:USDT,3807.73,3498.0,3807.72,27.0,3807.74,18657.0,3807.76,6.0
1753769594583,06:13:14.583,htx,ETH/USDT:USDT,3807.73,3498.0,3807.72,27.0,3807.74,18657.0,3807.76,6.0
1753769594855,06:13:14.855,htx,ETH/USDT:USDT,3807.73,2964.0,3807.72,27.0,3807.74,18657.0,3807.76,6.0
1753769594960,06:13:14.960,htx,ETH/USDT:USDT,3807.73,2964.0,3807.72,27.0,3807.74,18657.0,3807.76,6.0
1753769595118,06:13:15.118,htx,ETH/USDT:USDT,3807.73,2964.0,3807.72,27.0,3807.74,18657.0,3807.76,6.0
1753769595130,06:13:15.130,htx,ETH/USDT:USDT,3807.73,2964.0,3807.72,27.0,3807.74,18657.0,3807.76,6.0
1753769595193,06:13:15.193,htx,ETH/USDT:USDT,3807.73,3498.0,3807.72,27.0,3807.74,18657.0,3807.76,6.0
1753769595269,06:13:15.269,htx,ETH/USDT:USDT,3807.73,3498.0,3807.72,27.0,3807.74,18657.0,3807.76,6.0
1753769595334,06:13:15.334,htx,ETH/USDT:USDT,3807.73,2964.0,3807.72,27.0,3807.74,18657.0,3807.76,6.0
1753769595445,06:13:15.445,htx,ETH/USDT:USDT,3807.73,2964.0,3807.72,27.0,3807.74,18657.0,3807.76,6.0
1753769595518,06:13:15.518,htx,ETH/USDT:USDT,3807.73,3498.0,3807.72,27.0,3807.74,18657.0,3807.76,6.0
1753769595643,06:13:15.643,htx,ETH/USDT:USDT,3807.73,3498.0,3807.72,27.0,3807.74,18657.0,3807.76,6.0
1753769595933,06:13:15.933,htx,ETH/USDT:USDT,3807.73,2964.0,3807.72,27.0,3807.74,18657.0,3807.76,6.0
1753769595955,06:13:15.955,htx,ETH/USDT:USDT,3807.73,2964.0,3807.72,27.0,3807.74,18657.0,3807.76,6.0
1753769596218,06:13:16.218,htx,ETH/USDT:USDT,3807.73,2964.0,3807.72,27.0,3807.74,18657.0,3807.76,6.0
1753769596266,06:13:16.266,htx,ETH/USDT:USDT,3807.73,3498.0,3807.72,27.0,3807.74,18657.0,3807.76,6.0
1753769596373,06:13:16.373,htx,ETH/USDT:USDT,3807.73,3498.0,3807.72,27.0,3807.74,18657.0,3807.76,6.0
1753769596579,06:13:16.579,htx,ETH/USDT:USDT,3807.73,3498.0,3807.72,27.0,3807.74,18657.0,3807.76,6.0
1753769596612,06:13:16.612,htx,ETH/USDT:USDT,3807.73,3498.0,3807.72,27.0,3807.74,18657.0,3807.76,6.0
1753769597041,06:13:17.041,htx,ETH/USDT:USDT,3807.73,3498.0,3807.72,27.0,3807.74,18657.0,3807.76,6.0
1753769597105,06:13:17.105,htx,ETH/USDT:USDT,3807.73,3498.0,3807.72,27.0,3807.74,18657.0,3807.76,6.0
1753769597107,06:13:17.107,htx,ETH/USDT:USDT,3807.73,3498.0,3807.72,27.0,3807.74,18657.0,3807.76,6.0
1753769597251,06:13:17.251,htx,ETH/USDT:USDT,3807.73,3498.0,3807.72,27.0,3807.74,18657.0,3807.76,6.0
1753769597373,06:13:17.373,htx,ETH/USDT:USDT,3807.73,3498.0,3807.72,27.0,3807.74,18657.0,3807.76,6.0
1753769597495,06:13:17.495,htx,ETH/USDT:USDT,3807.73,2964.0,3807.72,27.0,3807.74,18657.0,3807.76,6.0
1753769597615,06:13:17.615,htx,ETH/USDT:USDT,3807.73,2964.0,3807.72,27.0,3807.74,18657.0,3807.76,6.0
1753769597667,06:13:17.667,htx,ETH/USDT:USDT,3807.73,2964.0,3807.72,27.0,3807.74,18657.0,3807.76,6.0
1753769597753,06:13:17.753,htx,ETH/USDT:USDT,3807.73,3498.0,3807.72,27.0,3807.74,18657.0,3807.76,6.0
1753769597994,06:13:17.994,htx,ETH/USDT:USDT,3807.73,3498.0,3807.72,27.0,3807.74,18657.0,3807.76,6.0
1753769598012,06:13:18.012,htx,ETH/USDT:USDT,3807.73,3498.0,3807.72,27.0,3807.74,18657.0,3807.76,6.0
1753769598143,06:13:18.143,htx,ETH/USDT:USDT,3807.73,2964.0,3807.72,27.0,3807.74,18657.0,3807.76,6.0
1753769598164,06:13:18.164,htx,ETH/USDT:USDT,3807.73,3498.0,3807.72,27.0,3807.74,18657.0,3807.76,6.0
1753769598307,06:13:18.307,htx,ETH/USDT:USDT,3807.73,3461.0,3807.72,27.0,3807.74,18657.0,3807.76,6.0
1753769598365,06:13:18.365,htx,ETH/USDT:USDT,3807.73,2927.0,3807.72,27.0,3807.74,18657.0,3807.76,6.0
1753769598675,06:13:18.675,htx,ETH/USDT:USDT,3807.73,2927.0,3807.72,27.0,3807.74,18815.0,3807.76,6.0
1753769598710,06:13:18.710,htx,ETH/USDT:USDT,3807.73,2927.0,3807.72,27.0,3807.74,18815.0,3807.76,6.0
1753769599023,06:13:19.023,htx,ETH/USDT:USDT,3807.73,2927.0,3807.72,27.0,3807.74,18714.0,3807.76,6.0
1753769599037,06:13:19.037,htx,ETH/USDT:USDT,3807.73,2927.0,3807.72,27.0,3807.74,18556.0,3807.76,6.0
1753769599124,06:13:19.124,htx,ETH/USDT:USDT,3807.73,2927.0,3807.72,27.0,3807.74,18556.0,3807.76,6.0
1753769599207,06:13:19.207,htx,ETH/USDT:USDT,3807.73,2927.0,3807.72,27.0,3807.74,18556.0,3807.76,6.0
1753769599267,06:13:19.267,htx,ETH/USDT:USDT,3807.73,3461.0,3807.72,27.0,3807.74,18556.0,3807.76,6.0
1753769599429,06:13:19.429,htx,ETH/USDT:USDT,3807.73,3461.0,3807.72,27.0,3807.74,18556.0,3807.76,6.0
1753769599510,06:13:19.510,htx,ETH/USDT:USDT,3807.73,3461.0,3807.72,27.0,3807.74,18556.0,3807.76,6.0
1753769599549,06:13:19.549,htx,ETH/USDT:USDT,3807.73,2927.0,3807.72,27.0,3807.74,18556.0,3807.76,6.0
1753769599881,06:13:19.881,htx,ETH/USDT:USDT,3807.73,2927.0,3807.72,27.0,3807.74,18556.0,3807.76,6.0
1753769599974,06:13:19.974,htx,ETH/USDT:USDT,3807.73,2927.0,3807.72,27.0,3807.74,18556.0,3807.76,6.0
1753769600010,06:13:20.010,htx,ETH/USDT:USDT,3807.73,2927.0,3807.72,27.0,3807.74,18556.0,3807.76,6.0
1753769600021,06:13:20.021,htx,ETH/USDT:USDT,3807.73,2927.0,3807.72,27.0,3807.74,18556.0,3807.76,6.0
1753769600127,06:13:20.127,htx,ETH/USDT:USDT,3807.73,3461.0,3807.72,27.0,3807.74,18556.0,3807.76,6.0
1753769600164,06:13:20.164,htx,ETH/USDT:USDT,3807.73,3461.0,3807.72,27.0,3807.74,18556.0,3807.76,6.0
1753769600200,06:13:20.200,htx,ETH/USDT:USDT,3807.73,2375.0,3807.72,27.0,3807.74,18556.0,3807.76,6.0
1753769600224,06:13:20.224,htx,ETH/USDT:USDT,3807.73,2375.0,3807.72,27.0,3807.74,18556.0,3807.76,6.0
1753769600282,06:13:20.282,htx,ETH/USDT:USDT,3807.73,2375.0,3807.72,27.0,3807.74,18556.0,3807.76,6.0
1753769600288,06:13:20.288,htx,ETH/USDT:USDT,3807.73,2375.0,3807.72,27.0,3807.74,18556.0,3807.76,6.0
1753769600680,06:13:20.680,htx,ETH/USDT:USDT,3807.73,2375.0,3807.72,27.0,3807.74,18556.0,3807.76,6.0
1753769600709,06:13:20.709,htx,ETH/USDT:USDT,3807.73,2375.0,3807.72,27.0,3807.74,19872.0,3807.76,6.0
1753769600768,06:13:20.768,htx,ETH/USDT:USDT,3807.73,2909.0,3807.72,27.0,3807.74,19872.0,3807.76,6.0
1753769600825,06:13:20.825,htx,ETH/USDT:USDT,3807.73,2909.0,3807.72,27.0,3807.74,19872.0,3807.76,6.0
1753769601116,06:13:21.116,htx,ETH/USDT:USDT,3807.73,2375.0,3807.72,27.0,3807.74,19872.0,3807.76,6.0
1753769601184,06:13:21.184,htx,ETH/USDT:USDT,3807.73,2896.0,3807.72,27.0,3807.74,19872.0,3807.76,6.0
1753769601258,06:13:21.258,htx,ETH/USDT:USDT,3807.73,2375.0,3807.72,27.0,3807.74,19872.0,3807.76,6.0
1753769601282,06:13:21.282,htx,ETH/USDT:USDT,3807.73,2375.0,3807.72,27.0,3807.74,19872.0,3807.76,6.0
1753769601566,06:13:21.566,htx,ETH/USDT:USDT,3807.73,2291.0,3807.72,27.0,3807.74,19872.0,3807.76,6.0
1753769601586,06:13:21.586,htx,ETH/USDT:USDT,3807.73,2291.0,3807.72,27.0,3807.74,19872.0,3807.76,6.0
1753769601767,06:13:21.767,htx,ETH/USDT:USDT,3807.73,2291.0,3807.72,27.0,3807.74,19872.0,3807.76,6.0
1753769601858,06:13:21.858,htx,ETH/USDT:USDT,3807.73,2291.0,3807.72,27.0,3807.74,19872.0,3807.76,6.0
1753769602004,06:13:22.004,htx,ETH/USDT:USDT,3807.73,2291.0,3807.72,27.0,3807.74,19872.0,3807.76,6.0
1753769602059,06:13:22.059,htx,ETH/USDT:USDT,3807.73,2291.0,3807.72,27.0,3807.74,19872.0,3807.76,6.0
1753769602099,06:13:22.099,htx,ETH/USDT:USDT,3807.73,2264.0,3807.7,35.0,3807.74,23432.0,3807.75,52.0
1753769602116,06:13:22.116,htx,ETH/USDT:USDT,3807.73,2264.0,3807.7,35.0,3807.74,23590.0,3807.75,52.0
1753769602145,06:13:22.145,htx,ETH/USDT:USDT,3807.73,2264.0,3807.7,35.0,3807.74,24169.0,3807.75,52.0
1753769602176,06:13:22.176,htx,ETH/USDT:USDT,3807.73,2264.0,3807.7,43.0,3807.74,24169.0,3807.75,52.0
1753769602205,06:13:22.205,htx,ETH/USDT:USDT,3807.73,2264.0,3807.7,43.0,3807.74,24168.0,3807.75,52.0
1753769602252,06:13:22.252,htx,ETH/USDT:USDT,3807.73,2264.0,3807.7,43.0,3807.74,24168.0,3807.75,52.0
1753769602264,06:13:22.264,htx,ETH/USDT:USDT,3807.73,2264.0,3807.7,35.0,3807.74,24168.0,3807.75,52.0
1753769602359,06:13:22.359,htx,ETH/USDT:USDT,3807.73,2240.0,3807.7,35.0,3807.74,24169.0,3807.75,52.0
1753769602390,06:13:22.390,htx,ETH/USDT:USDT,3807.73,2240.0,3807.7,35.0,3807.74,24169.0,3807.75,52.0
1753769602504,06:13:22.504,htx,ETH/USDT:USDT,3807.73,2240.0,3807.7,35.0,3807.74,24169.0,3807.75,52.0
1753769602571,06:13:22.571,htx,ETH/USDT:USDT,3807.73,2240.0,3807.7,27.0,3807.74,24169.0,3807.75,52.0
1753769602629,06:13:22.629,htx,ETH/USDT:USDT,3807.73,2195.0,3807.7,27.0,3807.74,24169.0,3807.75,52.0
1753769602658,06:13:22.658,htx,ETH/USDT:USDT,3807.73,2195.0,3807.7,27.0,3807.74,24169.0,3807.75,52.0
1753769602691,06:13:22.691,htx,ETH/USDT:USDT,3807.73,2195.0,3807.7,35.0,3807.74,24169.0,3807.75,52.0
1753769602768,06:13:22.768,htx,ETH/USDT:USDT,3807.73,2195.0,3807.7,27.0,3807.74,24169.0,3807.75,52.0
1753769602825,06:13:22.825,htx,ETH/USDT:USDT,3807.73,2753.0,3807.7,27.0,3807.74,24169.0,3807.75,52.0
1753769602866,06:13:22.866,htx,ETH/USDT:USDT,3807.73,2753.0,3807.7,35.0,3807.74,24169.0,3807.75,52.0
1753769603014,06:13:23.014,htx,ETH/USDT:USDT,3807.73,2753.0,3807.7,35.0,3807.74,24169.0,3807.75,52.0
1753769603161,06:13:23.161,htx,ETH/USDT:USDT,3807.73,2753.0,3807.7,35.0,3807.74,24169.0,3807.75,52.0
1753769603241,06:13:23.241,htx,ETH/USDT:USDT,3807.73,2780.0,3807.7,35.0,3807.74,24169.0,3807.75,52.0
1753769603277,06:13:23.277,htx,ETH/USDT:USDT,3807.73,2780.0,3807.7,43.0,3807.74,24169.0,3807.75,52.0
1753769603318,06:13:23.318,htx,ETH/USDT:USDT,3807.73,2780.0,3807.7,43.0,3807.74,24169.0,3807.75,52.0
1753769603417,06:13:23.417,htx,ETH/USDT:USDT,3807.73,2780.0,3807.7,35.0,3807.74,24169.0,3807.75,52.0
1753769603474,06:13:23.474,htx,ETH/USDT:USDT,3807.73,2780.0,3807.7,35.0,3807.74,24169.0,3807.75,52.0
1753769603527,06:13:23.527,htx,ETH/USDT:USDT,3807.73,2780.0,3807.7,35.0,3807.74,24169.0,3807.75,52.0
1753769603580,06:13:23.580,htx,ETH/USDT:USDT,3807.73,2780.0,3807.7,35.0,3807.74,24169.0,3807.75,52.0
1753769603609,06:13:23.609,htx,ETH/USDT:USDT,3807.73,2780.0,3807.7,43.0,3807.74,24169.0,3807.75,52.0
1753769603633,06:13:23.633,htx,ETH/USDT:USDT,3807.73,2780.0,3807.7,43.0,3807.74,24169.0,3807.75,52.0
1753769603657,06:13:23.657,htx,ETH/USDT:USDT,3807.73,2780.0,3807.7,43.0,3807.74,24169.0,3807.75,52.0
1753769603788,06:13:23.788,htx,ETH/USDT:USDT,3807.73,2780.0,3807.7,43.0,3807.74,24169.0,3807.75,52.0
1753769603853,06:13:23.853,htx,ETH/USDT:USDT,3807.73,2780.0,3807.7,43.0,3807.74,24169.0,3807.75,52.0
1753769603877,06:13:23.877,htx,ETH/USDT:USDT,3807.73,2780.0,3807.7,35.0,3807.74,24169.0,3807.75,52.0
1753769603892,06:13:23.892,htx,ETH/USDT:USDT,3807.73,2780.0,3807.7,35.0,3807.74,24169.0,3807.75,52.0
1753769603997,06:13:23.997,htx,ETH/USDT:USDT,3807.73,2780.0,3807.7,35.0,3807.74,24169.0,3807.75,52.0
1753769604049,06:13:24.049,htx,ETH/USDT:USDT,3807.73,2780.0,3807.7,35.0,3807.74,24169.0,3807.75,52.0
1753769604160,06:13:24.160,htx,ETH/USDT:USDT,3807.73,2780.0,3807.7,43.0,3807.74,24169.0,3807.75,52.0
1753769604551,06:13:24.551,htx,ETH/USDT:USDT,3807.73,2780.0,3807.7,35.0,3807.74,24169.0,3807.75,52.0
1753769604612,06:13:24.612,htx,ETH/USDT:USDT,3807.73,2780.0,3807.7,35.0,3807.74,24169.0,3807.75,52.0
1753769604644,06:13:24.644,htx,ETH/USDT:USDT,3807.73,2780.0,3807.7,43.0,3807.74,24169.0,3807.75,52.0
1753769604683,06:13:24.683,htx,ETH/USDT:USDT,3807.73,2780.0,3807.7,43.0,3807.74,24169.0,3807.75,52.0
1753769604695,06:13:24.695,htx,ETH/USDT:USDT,3807.73,2780.0,3807.7,43.0,3807.74,24169.0,3807.75,52.0
1753769604949,06:13:24.949,htx,ETH/USDT:USDT,3807.73,2780.0,3807.7,35.0,3807.74,24169.0,3807.75,52.0
1753769605233,06:13:25.233,htx,ETH/USDT:USDT,3807.73,2780.0,3807.7,35.0,3807.74,24169.0,3807.75,52.0
1753769605280,06:13:25.280,htx,ETH/USDT:USDT,3807.73,2780.0,3807.7,35.0,3807.74,24169.0,3807.75,52.0
1753769605298,06:13:25.298,htx,ETH/USDT:USDT,3807.73,2780.0,3807.7,43.0,3807.74,24169.0,3807.75,52.0
1753769605449,06:13:25.449,htx,ETH/USDT:USDT,3807.73,2780.0,3807.7,35.0,3807.74,24169.0,3807.75,52.0
1753769605764,06:13:25.764,htx,ETH/USDT:USDT,3807.73,2780.0,3807.7,43.0,3807.74,24169.0,3807.75,52.0
1753769606333,06:13:26.333,htx,ETH/USDT:USDT,3807.73,2780.0,3807.7,35.0,3807.74,24169.0,3807.75,52.0
1753769606346,06:13:26.346,htx,ETH/USDT:USDT,3807.73,2780.0,3807.7,35.0,3807.74,24169.0,3807.75,52.0
1753769606393,06:13:26.393,htx,ETH/USDT:USDT,3807.73,2780.0,3807.7,35.0,3807.74,24169.0,3807.75,52.0
1753769606412,06:13:26.412,htx,ETH/USDT:USDT,3807.73,2780.0,3807.7,35.0,3807.74,24169.0,3807.76,6.0
1753769606442,06:13:26.442,htx,ETH/USDT:USDT,3807.73,2780.0,3807.7,35.0,3807.74,24011.0,3807.76,6.0
1753769606522,06:13:26.522,htx,ETH/USDT:USDT,3807.73,3301.0,3807.7,35.0,3807.74,24011.0,3807.76,6.0
1753769606568,06:13:26.568,htx,ETH/USDT:USDT,3807.73,2780.0,3807.7,35.0,3807.74,24011.0,3807.76,6.0
1753769606607,06:13:26.607,htx,ETH/USDT:USDT,3807.73,2780.0,3807.7,35.0,3807.74,24011.0,3807.84,51.0
1753769606649,06:13:26.649,htx,ETH/USDT:USDT,3807.73,2780.0,3807.7,43.0,3807.74,24011.0,3807.84,51.0
1753769606940,06:13:26.940,htx,ETH/USDT:USDT,3807.73,2780.0,3807.7,35.0,3807.74,24011.0,3807.84,51.0
1753769607022,06:13:27.022,htx,ETH/USDT:USDT,3807.73,2780.0,3807.7,35.0,3807.74,24011.0,3807.76,6.0
1753769607050,06:13:27.050,htx,ETH/USDT:USDT,3807.73,2780.0,3807.7,43.0,3807.74,24011.0,3807.76,6.0
1753769607121,06:13:27.121,htx,ETH/USDT:USDT,3807.73,2780.0,3807.7,35.0,3807.74,24011.0,3807.76,6.0
1753769607529,06:13:27.529,htx,ETH/USDT:USDT,3807.73,2780.0,3807.7,35.0,3807.74,24011.0,3807.84,51.0
1753769607547,06:13:27.547,htx,ETH/USDT:USDT,3807.73,2780.0,3807.7,43.0,3807.74,24011.0,3807.84,51.0
1753769607734,06:13:27.734,htx,ETH/USDT:USDT,3807.73,2780.0,3807.7,35.0,3807.74,24011.0,3807.84,51.0
1753769608021,06:13:28.021,htx,ETH/USDT:USDT,3807.73,2780.0,3807.7,35.0,3807.74,24011.0,3807.76,6.0
1753769608043,06:13:28.043,htx,ETH/USDT:USDT,3807.73,2780.0,3807.7,43.0,3807.74,24011.0,3807.76,6.0
1753769608291,06:13:28.291,htx,ETH/USDT:USDT,3807.73,2780.0,3807.7,35.0,3807.74,24011.0,3807.76,6.0
1753769608561,06:13:28.561,htx,ETH/USDT:USDT,3807.73,2780.0,3807.7,35.0,3807.74,24011.0,3807.84,51.0
1753769608594,06:13:28.594,htx,ETH/USDT:USDT,3807.73,2780.0,3807.7,43.0,3807.74,24011.0,3807.84,51.0
1753769608684,06:13:28.684,htx,ETH/USDT:USDT,3807.73,2780.0,3807.7,35.0,3807.74,24011.0,3807.84,51.0
1753769608730,06:13:28.730,htx,ETH/USDT:USDT,3807.73,2780.0,3807.7,35.0,3807.74,24011.0,3807.76,6.0
1753769608755,06:13:28.755,htx,ETH/USDT:USDT,3807.73,2780.0,3807.7,35.0,3807.74,24011.0,3807.76,6.0
1753769608848,06:13:28.848,htx,ETH/USDT:USDT,3807.73,2780.0,3807.7,43.0,3807.74,24011.0,3807.76,6.0
1753769609086,06:13:29.086,htx,ETH/USDT:USDT,3807.73,2780.0,3807.7,43.0,3807.74,24011.0,3807.79,52.0
1753769609237,06:13:29.237,htx,ETH/USDT:USDT,3807.73,2780.0,3807.7,35.0,3807.74,24011.0,3807.79,52.0
1753769609320,06:13:29.320,htx,ETH/USDT:USDT,3807.73,2780.0,3807.7,35.0,3807.74,24011.0,3807.79,52.0
1753769609393,06:13:29.393,htx,ETH/USDT:USDT,3807.73,2780.0,3807.7,35.0,3807.74,24011.0,3807.79,52.0
1753769609408,06:13:29.408,htx,ETH/USDT:USDT,3807.73,2780.0,3807.7,43.0,3807.74,24011.0,3807.76,6.0
1753769609465,06:13:29.465,htx,ETH/USDT:USDT,3807.73,2780.0,3807.7,35.0,3807.74,24011.0,3807.76,6.0
1753769609709,06:13:29.709,htx,ETH/USDT:USDT,3807.73,2780.0,3807.7,35.0,3807.74,24010.0,3807.76,6.0
1753769609881,06:13:29.881,htx,ETH/USDT:USDT,3807.73,2222.0,3807.7,35.0,3807.74,24010.0,3807.76,6.0
1753769609902,06:13:29.902,htx,ETH/USDT:USDT,3807.73,2222.0,3807.7,35.0,3807.74,24011.0,3807.76,6.0
1753769609914,06:13:29.914,htx,ETH/USDT:USDT,3807.73,2222.0,3807.7,35.0,3807.74,24011.0,3807.76,6.0
1753769610171,06:13:30.171,htx,ETH/USDT:USDT,3807.73,2222.0,3807.7,27.0,3807.74,24011.0,3807.76,6.0
1753769610221,06:13:30.221,htx,ETH/USDT:USDT,3807.73,2222.0,3807.7,35.0,3807.74,24011.0,3807.76,6.0
1753769610584,06:13:30.584,htx,ETH/USDT:USDT,3807.73,2222.0,3807.7,35.0,3807.74,22654.0,3807.76,6.0
1753769610607,06:13:30.607,htx,ETH/USDT:USDT,3807.73,2743.0,3807.7,35.0,3807.74,21832.0,3807.85,200.0
1753769610636,06:13:30.636,htx,ETH/USDT:USDT,3807.73,2743.0,3807.7,43.0,3807.74,21831.0,3807.84,51.0
1753769610683,06:13:30.683,htx,ETH/USDT:USDT,3807.73,2743.0,3807.7,43.0,3807.74,20910.0,3807.84,51.0
1753769610720,06:13:30.720,htx,ETH/USDT:USDT,3807.73,2743.0,3807.7,43.0,3807.74,22267.0,3807.84,51.0
1753769610731,06:13:30.731,htx,ETH/USDT:USDT,3807.73,2743.0,3807.7,43.0,3807.74,20910.0,3807.84,51.0
1753769610770,06:13:30.770,htx,ETH/USDT:USDT,3807.73,4711.0,3807.7,35.0,3807.74,6416.0,3807.76,6.0
1753769610815,06:13:30.815,htx,ETH/USDT:USDT,3807.73,4842.0,3807.7,35.0,3807.74,6056.0,3807.76,6.0
1753769610851,06:13:30.851,htx,ETH/USDT:USDT,3807.73,4842.0,3807.7,35.0,3807.74,6056.0,3807.75,1357.0
1753769610876,06:13:30.876,htx,ETH/USDT:USDT,3807.73,3549.0,3807.7,35.0,3807.74,8556.0,3807.75,1357.0
1753769610913,06:13:30.913,htx,ETH/USDT:USDT,3807.73,3556.0,3807.7,35.0,3807.74,8556.0,3807.75,1357.0
1753769610934,06:13:30.934,htx,ETH/USDT:USDT,3807.73,4899.0,3807.7,35.0,3807.74,8556.0,3807.75,1357.0
1753769610987,06:13:30.987,htx,ETH/USDT:USDT,3807.73,4899.0,3807.7,35.0,3807.74,8556.0,3807.75,1357.0
1753769611032,06:13:31.032,htx,ETH/USDT:USDT,3807.73,4899.0,3807.7,35.0,3807.74,8556.0,3807.75,1357.0
1753769611116,06:13:31.116,htx,ETH/USDT:USDT,3807.73,4899.0,3807.7,35.0,3807.74,8556.0,3807.75,1357.0
1753769611116,06:13:31.116,htx,ETH/USDT:USDT,3807.73,4899.0,3807.7,35.0,3807.74,8556.0,3807.75,1357.0
1753769611151,06:13:31.151,htx,ETH/USDT:USDT,3807.73,4899.0,3807.7,43.0,3807.74,8556.0,3807.75,1357.0
1753769611178,06:13:31.178,htx,ETH/USDT:USDT,3807.73,4899.0,3807.7,43.0,3807.74,8556.0,3807.75,1357.0
1753769611214,06:13:31.214,htx,ETH/USDT:USDT,3807.73,4899.0,3807.7,43.0,3807.74,8556.0,3807.75,1357.0
1753769611268,06:13:31.268,htx,ETH/USDT:USDT,3807.73,4899.0,3807.7,316.0,3807.74,8556.0,3807.75,1357.0
1753769611303,06:13:31.303,htx,ETH/USDT:USDT,3807.73,4949.0,3807.7,316.0,3807.74,10134.0,3807.75,1357.0
1753769611328,06:13:31.328,htx,ETH/USDT:USDT,3807.73,4949.0,3807.7,316.0,3807.74,10134.0,3807.75,1357.0
1753769611358,06:13:31.358,htx,ETH/USDT:USDT,3807.73,8549.0,3807.7,316.0,3807.74,8120.0,3807.76,6.0
1753769611393,06:13:31.393,htx,ETH/USDT:USDT,3807.73,8691.0,3807.7,316.0,3807.74,7530.0,3807.76,6.0
1753769611429,06:13:31.429,htx,ETH/USDT:USDT,3807.73,8700.0,3807.7,316.0,3807.74,8887.0,3807.76,6.0
1753769611450,06:13:31.450,htx,ETH/USDT:USDT,3807.73,8700.0,3807.7,316.0,3807.74,8687.0,3807.76,6.0
1753769611474,06:13:31.474,htx,ETH/USDT:USDT,3807.73,8700.0,3807.7,316.0,3807.74,8687.0,3807.76,6.0
1753769611589,06:13:31.589,htx,ETH/USDT:USDT,3807.73,8700.0,3807.7,316.0,3807.74,9222.0,3807.76,6.0
1753769611616,06:13:31.616,htx,ETH/USDT:USDT,3807.73,8700.0,3807.7,316.0,3807.74,8687.0,3807.76,6.0
1753769611632,06:13:31.632,htx,ETH/USDT:USDT,3807.73,8700.0,3807.7,316.0,3807.74,6187.0,3807.76,6.0
1753769611687,06:13:31.687,htx,ETH/USDT:USDT,3807.73,8700.0,3807.71,8.0,3807.74,6187.0,3807.76,6.0
1753769611731,06:13:31.731,htx,ETH/USDT:USDT,3807.73,8700.0,3807.72,27.0,3807.74,6722.0,3807.76,6.0
1753769611829,06:13:31.829,htx,ETH/USDT:USDT,3807.73,8700.0,3807.72,27.0,3807.74,6722.0,3807.83,200.0
1753769611849,06:13:31.849,htx,ETH/USDT:USDT,3807.73,8700.0,3807.72,27.0,3807.74,6722.0,3807.83,200.0
1753769611929,06:13:31.929,htx,ETH/USDT:USDT,3807.73,8700.0,3807.72,27.0,3807.74,6721.0,3807.83,200.0
1753769611930,06:13:31.930,htx,ETH/USDT:USDT,3807.73,8700.0,3807.72,27.0,3807.74,6721.0,3807.83,200.0
1753769611996,06:13:31.996,htx,ETH/USDT:USDT,3807.73,8700.0,3807.72,27.0,3807.74,6721.0,3807.76,6.0
1753769612203,06:13:32.203,htx,ETH/USDT:USDT,3807.73,8700.0,3807.72,27.0,3807.74,6721.0,3807.76,6.0
1753769612225,06:13:32.225,htx,ETH/USDT:USDT,3807.73,8700.0,3807.72,27.0,3807.74,6721.0,3807.83,200.0
1753769612316,06:13:32.316,htx,ETH/USDT:USDT,3807.73,8700.0,3807.72,27.0,3807.74,6721.0,3807.83,200.0
1753769612409,06:13:32.409,htx,ETH/USDT:USDT,3807.73,8700.0,3807.72,27.0,3807.74,6721.0,3807.83,200.0
1753769612513,06:13:32.513,htx,ETH/USDT:USDT,3807.73,8569.0,3807.72,27.0,3807.74,6721.0,3807.83,200.0
1753769612529,06:13:32.529,htx,ETH/USDT:USDT,3807.73,8569.0,3807.72,27.0,3807.74,6721.0,3807.76,6.0
1753769612556,06:13:32.556,htx,ETH/USDT:USDT,3807.73,8570.0,3807.72,27.0,3807.74,6722.0,3807.76,6.0
1753769612586,06:13:32.586,htx,ETH/USDT:USDT,3807.73,8570.0,3807.72,27.0,3807.74,6722.0,3807.83,200.0
1753769612648,06:13:32.648,htx,ETH/USDT:USDT,3807.73,8570.0,3807.72,27.0,3807.74,6722.0,3807.83,200.0
1753769612712,06:13:32.712,htx,ETH/USDT:USDT,3807.73,8701.0,3807.72,27.0,3807.74,6722.0,3807.83,200.0
1753769612784,06:13:32.784,htx,ETH/USDT:USDT,3807.73,8701.0,3807.72,27.0,3807.74,6187.0,3807.83,200.0
1753769612834,06:13:32.834,htx,ETH/USDT:USDT,3807.73,8701.0,3807.72,27.0,3807.74,6722.0,3807.83,200.0
1753769612929,06:13:32.929,htx,ETH/USDT:USDT,3807.73,8701.0,3807.72,27.0,3807.74,6722.0,3807.83,200.0
1753769612956,06:13:32.956,htx,ETH/USDT:USDT,3807.73,8701.0,3807.72,27.0,3807.74,6722.0,3807.83,200.0
1753769613027,06:13:33.027,htx,ETH/USDT:USDT,3807.73,8701.0,3807.72,27.0,3807.74,5365.0,3807.83,200.0
1753769613037,06:13:33.037,htx,ETH/USDT:USDT,3807.73,8701.0,3807.72,27.0,3807.74,4830.0,3807.83,200.0
1753769613118,06:13:33.118,htx,ETH/USDT:USDT,3807.73,8701.0,3807.72,27.0,3807.74,5365.0,3807.83,200.0
1753769613129,06:13:33.129,htx,ETH/USDT:USDT,3807.73,8701.0,3807.72,27.0,3807.74,5365.0,3807.75,1357.0
1753769613228,06:13:33.228,htx,ETH/USDT:USDT,3807.73,8701.0,3807.72,27.0,3807.74,5365.0,3807.75,1357.0
1753769613289,06:13:33.289,htx,ETH/USDT:USDT,3807.73,8701.0,3807.72,27.0,3807.74,5365.0,3807.75,1357.0
1753769613555,06:13:33.555,htx,ETH/USDT:USDT,3807.73,8701.0,3807.72,27.0,3807.74,5365.0,3807.75,1357.0
1753769613703,06:13:33.703,htx,ETH/USDT:USDT,3807.73,8696.0,3807.72,27.0,3807.74,5365.0,3807.75,1357.0
1753769613901,06:13:33.901,htx,ETH/USDT:USDT,3807.73,8696.0,3807.72,27.0,3807.74,5565.0,3807.75,1357.0
1753769614021,06:13:34.021,htx,ETH/USDT:USDT,3807.73,8695.0,3807.72,27.0,3807.74,5565.0,3807.75,1357.0
1753769614030,06:13:34.030,htx,ETH/USDT:USDT,3807.73,8695.0,3807.72,27.0,3807.74,5564.0,3807.75,1357.0
1753769614083,06:13:34.083,htx,ETH/USDT:USDT,3807.73,8695.0,3807.72,27.0,3807.74,8064.0,3807.75,1357.0
1753769614105,06:13:34.105,htx,ETH/USDT:USDT,3807.73,8695.0,3807.72,27.0,3807.74,8064.0,3807.75,1357.0
1753769614127,06:13:34.127,htx,ETH/USDT:USDT,3807.73,8695.0,3807.72,27.0,3807.74,8064.0,3807.75,1357.0
1753769614156,06:13:34.156,htx,ETH/USDT:USDT,3807.73,7402.0,3807.72,27.0,3807.74,8064.0,3807.75,1357.0
1753769614361,06:13:34.361,htx,ETH/USDT:USDT,3807.73,8695.0,3807.72,27.0,3807.74,8064.0,3807.75,1357.0
1753769614415,06:13:34.415,htx,ETH/USDT:USDT,3807.73,6561.0,3807.72,27.0,3807.74,17773.0,3807.75,1357.0
1753769614445,06:13:34.445,htx,ETH/USDT:USDT,3807.73,6511.0,3807.72,27.0,3807.74,16936.0,3807.75,1357.0
1753769614475,06:13:34.475,htx,ETH/USDT:USDT,3807.73,6511.0,3807.72,27.0,3807.74,19440.0,3807.75,1357.0
1753769614569,06:13:34.569,htx,ETH/USDT:USDT,3807.73,2833.0,3807.72,27.0,3807.74,19490.0,3807.75,1357.0
1753769614613,06:13:34.613,htx,ETH/USDT:USDT,3807.73,2813.0,3807.72,27.0,3807.74,19490.0,3807.75,1357.0
1753769614746,06:13:34.746,htx,ETH/USDT:USDT,3807.73,2813.0,3807.72,27.0,3807.74,20068.0,3807.75,1357.0
1753769614796,06:13:34.796,htx,ETH/USDT:USDT,3807.73,2813.0,3807.72,27.0,3807.74,20068.0,3807.75,1357.0
1753769614851,06:13:34.851,htx,ETH/USDT:USDT,3807.73,3348.0,3807.72,27.0,3807.74,20068.0,3807.75,1357.0
1753769614910,06:13:34.910,htx,ETH/USDT:USDT,3807.73,3348.0,3807.72,27.0,3807.74,20068.0,3807.75,1357.0
1753769614928,06:13:34.928,htx,ETH/USDT:USDT,3807.73,3398.0,3807.72,27.0,3807.74,20068.0,3807.75,1357.0
1753769614960,06:13:34.960,htx,ETH/USDT:USDT,3807.73,3512.0,3807.72,27.0,3807.74,20068.0,3807.75,1357.0
1753769615055,06:13:35.055,htx,ETH/USDT:USDT,3807.73,3512.0,3807.72,27.0,3807.74,20068.0,3807.75,1357.0
1753769615104,06:13:35.104,htx,ETH/USDT:USDT,3807.73,3512.0,3807.72,27.0,3807.74,20068.0,3807.75,1357.0
1753769615144,06:13:35.144,htx,ETH/USDT:USDT,3807.73,3512.0,3807.72,27.0,3807.74,17412.0,3807.75,1357.0
1753769615165,06:13:35.165,htx,ETH/USDT:USDT,3807.73,3612.0,3807.72,27.0,3807.74,17412.0,3807.75,1357.0
1753769615202,06:13:35.202,htx,ETH/USDT:USDT,3807.73,3612.0,3807.72,27.0,3807.74,14330.0,3807.75,1935.0
1753769615226,06:13:35.226,htx,ETH/USDT:USDT,3807.73,3612.0,3807.72,27.0,3807.74,14330.0,3807.75,1935.0
1753769615258,06:13:35.258,htx,ETH/USDT:USDT,3807.73,4905.0,3807.72,27.0,3807.74,13348.0,3807.75,1935.0
1753769615286,06:13:35.286,htx,ETH/USDT:USDT,3807.73,4955.0,3807.72,27.0,3807.74,11552.0,3807.75,1935.0
1753769615327,06:13:35.327,htx,ETH/USDT:USDT,3807.73,4955.0,3807.72,27.0,3807.74,11540.0,3807.75,1935.0
1753769615366,06:13:35.366,htx,ETH/USDT:USDT,3807.73,4955.0,3807.72,27.0,3807.74,11522.0,3807.75,1935.0
1753769615387,06:13:35.387,htx,ETH/USDT:USDT,3807.73,4955.0,3807.72,27.0,3807.74,11522.0,3807.75,1935.0
1753769615415,06:13:35.415,htx,ETH/USDT:USDT,3807.73,4955.0,3807.72,27.0,3807.74,10987.0,3807.75,1935.0
1753769615437,06:13:35.437,htx,ETH/USDT:USDT,3807.73,4955.0,3807.72,27.0,3807.74,5078.0,3807.75,1935.0
1753769615478,06:13:35.478,htx,ETH/USDT:USDT,3807.73,7775.0,3807.72,27.0,3807.74,5613.0,3807.75,1935.0
1753769615500,06:13:35.500,htx,ETH/USDT:USDT,3807.73,7906.0,3807.72,27.0,3807.74,5613.0,3807.75,1935.0
1753769615586,06:13:35.586,htx,ETH/USDT:USDT,3807.73,7906.0,3807.72,27.0,3807.74,5613.0,3807.75,1935.0
1753769615642,06:13:35.642,htx,ETH/USDT:USDT,3807.73,7906.0,3807.72,27.0,3807.74,5613.0,3807.75,1935.0
1753769615648,06:13:35.648,htx,ETH/USDT:USDT,3807.73,7906.0,3807.72,27.0,3807.74,5613.0,3807.75,1935.0
1753769615675,06:13:35.675,htx,ETH/USDT:USDT,3807.73,7775.0,3807.72,27.0,3807.74,11522.0,3807.75,1935.0
1753769615709,06:13:35.709,htx,ETH/USDT:USDT,3807.73,6482.0,3807.72,27.0,3807.74,11550.0,3807.75,1935.0
1753769615741,06:13:35.741,htx,ETH/USDT:USDT,3807.73,6482.0,3807.72,27.0,3807.74,15058.0,3807.75,1935.0
1753769615813,06:13:35.813,htx,ETH/USDT:USDT,3807.73,6482.0,3807.72,27.0,3807.74,15636.0,3807.75,1935.0
1753769615959,06:13:35.959,htx,ETH/USDT:USDT,3807.73,6432.0,3807.72,27.0,3807.74,15636.0,3807.75,1935.0
1753769616053,06:13:36.053,htx,ETH/USDT:USDT,3807.73,6432.0,3807.72,27.0,3807.74,15636.0,3807.75,1935.0
1753769616086,06:13:36.086,htx,ETH/USDT:USDT,3807.73,6432.0,3807.72,27.0,3807.74,15636.0,3807.75,1935.0
1753769616120,06:13:36.120,htx,ETH/USDT:USDT,3807.73,6432.0,3807.72,27.0,3807.74,15636.0,3807.75,1935.0
1753769616123,06:13:36.123,htx,ETH/USDT:USDT,3807.73,6432.0,3807.72,27.0,3807.74,15636.0,3807.75,1935.0
1753769616181,06:13:36.181,htx,ETH/USDT:USDT,3807.73,6432.0,3807.72,27.0,3807.74,15636.0,3807.75,1935.0
1753769616223,06:13:36.223,htx,ETH/USDT:USDT,3807.73,6432.0,3807.72,27.0,3807.74,15058.0,3807.75,1935.0
1753769616264,06:13:36.264,htx,ETH/USDT:USDT,3807.73,6432.0,3807.72,27.0,3807.74,15058.0,3807.75,1935.0
1753769616306,06:13:36.306,htx,ETH/USDT:USDT,3807.73,6432.0,3807.72,27.0,3807.74,15058.0,3807.75,1935.0
1753769616318,06:13:36.318,htx,ETH/USDT:USDT,3807.73,6432.0,3807.72,27.0,3807.74,15058.0,3807.75,1935.0
1753769616361,06:13:36.361,htx,ETH/USDT:USDT,3807.73,6432.0,3807.72,27.0,3807.74,15058.0,3807.75,1935.0
1753769616372,06:13:36.372,htx,ETH/USDT:USDT,3807.73,6432.0,3807.72,27.0,3807.74,15058.0,3807.75,1935.0
1753769616407,06:13:36.407,htx,ETH/USDT:USDT,3807.73,6432.0,3807.72,27.0,3807.74,15058.0,3807.75,1935.0
1753769616468,06:13:36.468,htx,ETH/USDT:USDT,3807.73,6432.0,3807.72,27.0,3807.74,15058.0,3807.75,1935.0
1753769616493,06:13:36.493,htx,ETH/USDT:USDT,3807.73,6432.0,3807.72,27.0,3807.74,15058.0,3807.75,1935.0
1753769616524,06:13:36.524,htx,ETH/USDT:USDT,3807.73,6432.0,3807.72,27.0,3807.74,15058.0,3807.75,1935.0
1753769616547,06:13:36.547,htx,ETH/USDT:USDT,3807.73,7726.0,3807.72,27.0,3807.74,15058.0,3807.75,1935.0
1753769616596,06:13:36.596,htx,ETH/USDT:USDT,3807.73,6433.0,3807.72,27.0,3807.74,15058.0,3807.75,1935.0
1753769616614,06:13:36.614,htx,ETH/USDT:USDT,3807.73,7726.0,3807.72,27.0,3807.74,15058.0,3807.75,1935.0
1753769616685,06:13:36.685,htx,ETH/USDT:USDT,3807.73,7726.0,3807.72,27.0,3807.74,15058.0,3807.75,1935.0
1753769616720,06:13:36.720,htx,ETH/USDT:USDT,3807.73,7726.0,3807.72,27.0,3807.74,15058.0,3807.75,1935.0
1753769616814,06:13:36.814,htx,ETH/USDT:USDT,3807.73,7726.0,3807.72,27.0,3807.74,14076.0,3807.75,1935.0
1753769616834,06:13:36.834,htx,ETH/USDT:USDT,3807.73,7726.0,3807.72,27.0,3807.74,14076.0,3807.75,1935.0
1753769616874,06:13:36.874,htx,ETH/USDT:USDT,3807.73,7726.0,3807.72,27.0,3807.74,14076.0,3807.75,1935.0
1753769616970,06:13:36.970,htx,ETH/USDT:USDT,3807.73,7726.0,3807.72,27.0,3807.74,14076.0,3807.75,578.0
1753769617000,06:13:37.000,htx,ETH/USDT:USDT,3807.73,7726.0,3807.72,27.0,3807.74,11576.0,3807.75,578.0
1753769617039,06:13:37.039,htx,ETH/USDT:USDT,3807.73,7857.0,3807.72,27.0,3807.74,11576.0,3807.75,578.0
1753769617070,06:13:37.070,htx,ETH/USDT:USDT,3807.73,7857.0,3807.72,27.0,3807.74,12933.0,3807.75,578.0
1753769617194,06:13:37.194,htx,ETH/USDT:USDT,3807.73,7857.0,3807.72,27.0,3807.74,12933.0,3807.75,578.0
1753769617208,06:13:37.208,htx,ETH/USDT:USDT,3807.73,7857.0,3807.72,27.0,3807.74,11576.0,3807.75,578.0
1753769617246,06:13:37.246,htx,ETH/USDT:USDT,3807.73,7857.0,3807.72,27.0,3807.74,11576.0,3807.75,578.0
1753769617284,06:13:37.284,htx,ETH/USDT:USDT,3807.73,7857.0,3807.72,27.0,3807.74,11576.0,3807.75,578.0
1753769617296,06:13:37.296,htx,ETH/USDT:USDT,3807.73,7857.0,3807.72,27.0,3807.74,11576.0,3807.75,578.0
1753769617325,06:13:37.325,htx,ETH/USDT:USDT,3807.73,7907.0,3807.72,27.0,3807.74,6920.0,3807.75,578.0
1753769617364,06:13:37.364,htx,ETH/USDT:USDT,3807.73,8046.0,3807.72,27.0,3807.74,12829.0,3807.75,578.0
1753769617566,06:13:37.566,htx,ETH/USDT:USDT,3807.73,8046.0,3807.72,27.0,3807.74,6920.0,3807.75,578.0
1753769617679,06:13:37.679,htx,ETH/USDT:USDT,3807.73,8054.0,3807.72,27.0,3807.74,12829.0,3807.75,578.0
1753769617683,06:13:37.683,htx,ETH/USDT:USDT,3807.73,8054.0,3807.72,27.0,3807.74,12829.0,3807.75,578.0
1753769617839,06:13:37.839,htx,ETH/USDT:USDT,3807.73,8044.0,3807.72,27.0,3807.74,12829.0,3807.75,578.0
1753769617985,06:13:37.985,htx,ETH/USDT:USDT,3807.73,6751.0,3807.72,27.0,3807.74,12829.0,3807.75,578.0
1753769618032,06:13:38.032,htx,ETH/USDT:USDT,3807.73,8545.0,3807.72,27.0,3807.74,12829.0,3807.75,578.0
1753769618051,06:13:38.051,htx,ETH/USDT:USDT,3807.73,8545.0,3807.72,27.0,3807.74,12829.0,3807.75,578.0
1753769618075,06:13:38.075,htx,ETH/USDT:USDT,3807.73,8414.0,3807.72,27.0,3807.74,15329.0,3807.75,578.0
1753769618110,06:13:38.110,htx,ETH/USDT:USDT,3807.73,8414.0,3807.72,27.0,3807.74,15329.0,3807.75,578.0
1753769618150,06:13:38.150,htx,ETH/USDT:USDT,3807.73,7879.0,3807.72,27.0,3807.74,15329.0,3807.75,578.0
1753769618170,06:13:38.170,htx,ETH/USDT:USDT,3807.73,7879.0,3807.72,27.0,3807.74,15329.0,3807.75,578.0
1753769618206,06:13:38.206,htx,ETH/USDT:USDT,3807.73,7879.0,3807.72,27.0,3807.74,15329.0,3807.75,578.0
1753769618297,06:13:38.297,htx,ETH/USDT:USDT,3807.73,8414.0,3807.72,27.0,3807.74,15329.0,3807.75,578.0
1753769618344,06:13:38.344,htx,ETH/USDT:USDT,3807.73,8414.0,3807.72,27.0,3807.74,15329.0,3807.75,578.0
1753769618373,06:13:38.373,htx,ETH/USDT:USDT,3807.73,8414.0,3807.72,27.0,3807.74,15329.0,3807.75,578.0
1753769618549,06:13:38.549,htx,ETH/USDT:USDT,3807.73,8414.0,3807.72,27.0,3807.74,15329.0,3807.75,578.0
1753769618557,06:13:38.557,htx,ETH/USDT:USDT,3807.73,8414.0,3807.72,27.0,3807.74,15329.0,3807.75,578.0
1753769618921,06:13:38.921,htx,ETH/USDT:USDT,3807.73,8414.0,3807.72,27.0,3807.74,12829.0,3807.75,578.0
1753769618991,06:13:38.991,htx,ETH/USDT:USDT,3807.73,8414.0,3807.72,27.0,3807.74,12829.0,3807.75,578.0
1753769619001,06:13:39.001,htx,ETH/USDT:USDT,3807.73,8545.0,3807.72,27.0,3807.74,12829.0,3807.75,578.0
1753769619011,06:13:39.011,htx,ETH/USDT:USDT,3807.73,8545.0,3807.72,27.0,3807.74,12829.0,3807.75,578.0
1753769619038,06:13:39.038,htx,ETH/USDT:USDT,3807.73,8545.0,3807.72,27.0,3807.74,12829.0,3807.75,578.0
1753769619087,06:13:39.087,htx,ETH/USDT:USDT,3807.73,9838.0,3807.72,27.0,3807.74,12829.0,3807.75,578.0
1753769619101,06:13:39.101,htx,ETH/USDT:USDT,3807.73,9838.0,3807.72,27.0,3807.74,12829.0,3807.75,578.0
1753769619166,06:13:39.166,htx,ETH/USDT:USDT,3807.73,9838.0,3807.72,27.0,3807.74,12824.0,3807.75,578.0
1753769619230,06:13:39.230,htx,ETH/USDT:USDT,3807.73,9838.0,3807.72,27.0,3807.74,12824.0,3807.75,578.0
1753769619247,06:13:39.247,htx,ETH/USDT:USDT,3807.73,9838.0,3807.72,27.0,3807.74,12824.0,3807.75,578.0
1753769619306,06:13:39.306,htx,ETH/USDT:USDT,3807.73,9838.0,3807.72,27.0,3807.74,12624.0,3807.75,578.0
1753769619979,06:13:39.979,htx,ETH/USDT:USDT,3807.73,9838.0,3807.72,27.0,3807.74,12824.0,3807.75,578.0
1753769620363,06:13:40.363,htx,ETH/USDT:USDT,3807.73,9838.0,3807.72,27.0,3807.74,12824.0,3807.75,578.0
1753769620467,06:13:40.467,htx,ETH/USDT:USDT,3807.73,9838.0,3807.72,27.0,3807.74,12824.0,3807.75,578.0
1753769620764,06:13:40.764,htx,ETH/USDT:USDT,3807.73,9838.0,3807.72,27.0,3807.74,6915.0,3807.75,578.0
1753769620833,06:13:40.833,htx,ETH/USDT:USDT,3807.73,9838.0,3807.72,27.0,3807.74,12289.0,3807.75,578.0
1753769620913,06:13:40.913,htx,ETH/USDT:USDT,3807.73,9838.0,3807.72,27.0,3807.74,6180.0,3807.75,578.0
1753769621021,06:13:41.021,htx,ETH/USDT:USDT,3807.73,9838.0,3807.72,27.0,3807.74,12089.0,3807.75,578.0
1753769621056,06:13:41.056,htx,ETH/USDT:USDT,3807.73,9838.0,3807.72,27.0,3807.74,12089.0,3807.75,578.0
1753769621243,06:13:41.243,htx,ETH/USDT:USDT,3807.73,9838.0,3807.72,27.0,3807.74,12089.0,3807.75,578.0
1753769621255,06:13:41.255,htx,ETH/USDT:USDT,3807.73,9838.0,3807.72,27.0,3807.74,12089.0,3807.75,578.0
1753769621500,06:13:41.500,htx,ETH/USDT:USDT,3807.73,9838.0,3807.72,27.0,3807.74,12626.0,3807.75,578.0
1753769621582,06:13:41.582,htx,ETH/USDT:USDT,3807.73,9838.0,3807.72,27.0,3807.74,12626.0,3807.75,578.0
1753769621588,06:13:41.588,htx,ETH/USDT:USDT,3807.73,9838.0,3807.72,27.0,3807.74,12626.0,3807.75,578.0
1753769621706,06:13:41.706,htx,ETH/USDT:USDT,3807.73,9838.0,3807.72,27.0,3807.74,12626.0,3807.75,578.0
1753769621771,06:13:41.771,htx,ETH/USDT:USDT,3807.73,9838.0,3807.72,27.0,3807.74,12826.0,3807.75,578.0
1753769622027,06:13:42.027,htx,ETH/USDT:USDT,3807.73,9838.0,3807.72,27.0,3807.74,12826.0,3807.75,578.0
1753769622055,06:13:42.055,htx,ETH/USDT:USDT,3807.73,9838.0,3807.72,27.0,3807.74,12826.0,3807.75,578.0
1753769622351,06:13:42.351,htx,ETH/USDT:USDT,3807.73,9829.0,3807.72,27.0,3807.74,12826.0,3807.75,578.0
1753769622434,06:13:42.434,htx,ETH/USDT:USDT,3807.73,8525.0,3807.72,27.0,3807.74,12826.0,3807.75,578.0
1753769622468,06:13:42.468,htx,ETH/USDT:USDT,3807.73,8525.0,3807.72,27.0,3807.74,13404.0,3807.75,578.0
1753769622486,06:13:42.486,htx,ETH/USDT:USDT,3807.73,8376.0,3807.72,27.0,3807.74,13404.0,3807.75,578.0
1753769622515,06:13:42.515,htx,ETH/USDT:USDT,3807.73,8376.0,3807.72,53.0,3807.74,16058.0,3807.75,578.0
1753769622576,06:13:42.576,htx,ETH/USDT:USDT,3807.73,8368.0,3807.72,53.0,3807.74,18008.0,3807.75,578.0
1753769622911,06:13:42.911,htx,ETH/USDT:USDT,3807.73,8368.0,3807.72,53.0,3807.74,18008.0,3807.75,578.0
1753769622950,06:13:42.950,htx,ETH/USDT:USDT,3807.73,8368.0,3807.72,53.0,3807.74,18008.0,3807.75,578.0
1753769622968,06:13:42.968,htx,ETH/USDT:USDT,3807.73,8368.0,3807.72,53.0,3807.74,18008.0,3807.75,578.0
1753769623055,06:13:43.055,htx,ETH/USDT:USDT,3807.73,8368.0,3807.72,53.0,3807.74,18008.0,3807.75,578.0
1753769623113,06:13:43.113,htx,ETH/USDT:USDT,3807.73,8368.0,3807.72,53.0,3807.74,16651.0,3807.75,578.0
1753769623148,06:13:43.148,htx,ETH/USDT:USDT,3807.73,9852.0,3807.72,53.0,3807.74,13843.0,3807.75,578.0
1753769623191,06:13:43.191,htx,ETH/USDT:USDT,3807.73,9852.0,3807.72,53.0,3807.74,15199.0,3807.75,578.0
1753769623546,06:13:43.546,htx,ETH/USDT:USDT,3807.73,9852.0,3807.72,53.0,3807.74,13843.0,3807.75,578.0
1753769623574,06:13:43.574,htx,ETH/USDT:USDT,3807.73,9852.0,3807.72,53.0,3807.74,13843.0,3807.75,578.0
1753769623671,06:13:43.671,htx,ETH/USDT:USDT,3807.73,9852.0,3807.72,53.0,3807.74,13843.0,3807.75,578.0
1753769623801,06:13:43.801,htx,ETH/USDT:USDT,3807.73,9852.0,3807.72,53.0,3807.74,15199.0,3807.75,578.0
1753769623817,06:13:43.817,htx,ETH/USDT:USDT,3807.73,9852.0,3807.72,53.0,3807.74,15199.0,3807.75,578.0
1753769623876,06:13:43.876,htx,ETH/USDT:USDT,3807.73,9852.0,3807.72,53.0,3807.74,15199.0,3807.75,578.0
1753769623941,06:13:43.941,htx,ETH/USDT:USDT,3807.73,9852.0,3807.72,53.0,3807.74,15199.0,3807.75,578.0
1753769624050,06:13:44.050,htx,ETH/USDT:USDT,3807.73,9852.0,3807.72,53.0,3807.74,15199.0,3807.75,578.0
1753769624091,06:13:44.091,htx,ETH/USDT:USDT,3807.73,8428.0,3807.72,53.0,3807.74,15199.0,3807.75,578.0
1753769624122,06:13:44.122,htx,ETH/USDT:USDT,3807.73,9852.0,3807.72,53.0,3807.74,15199.0,3807.75,578.0
1753769624139,06:13:44.139,htx,ETH/USDT:USDT,3807.73,8559.0,3807.72,53.0,3807.74,15199.0,3807.75,578.0
1753769624194,06:13:44.194,htx,ETH/USDT:USDT,3807.73,8428.0,3807.72,53.0,3807.74,15199.0,3807.75,578.0
1753769624299,06:13:44.299,htx,ETH/USDT:USDT,3807.73,8428.0,3807.72,53.0,3807.74,15199.0,3807.75,578.0
1753769624415,06:13:44.415,htx,ETH/USDT:USDT,3807.73,9721.0,3807.72,53.0,3807.74,15199.0,3807.75,578.0
1753769624437,06:13:44.437,htx,ETH/USDT:USDT,3807.73,9721.0,3807.72,53.0,3807.74,15199.0,3807.75,578.0
1753769624471,06:13:44.471,htx,ETH/USDT:USDT,3807.73,9852.0,3807.72,53.0,3807.74,15199.0,3807.75,578.0
1753769624618,06:13:44.618,htx,ETH/USDT:USDT,3807.73,9852.0,3807.72,53.0,3807.74,13843.0,3807.75,578.0
1753769624650,06:13:44.650,htx,ETH/USDT:USDT,3807.73,9857.0,3807.72,27.0,3807.74,12047.0,3807.75,578.0
1753769624693,06:13:44.693,htx,ETH/USDT:USDT,3807.73,9897.0,3807.72,27.0,3807.74,11510.0,3807.75,578.0
1753769624722,06:13:44.722,htx,ETH/USDT:USDT,3807.73,9923.0,3807.72,27.0,3807.74,12866.0,3807.75,578.0
1753769624851,06:13:44.851,htx,ETH/USDT:USDT,3807.73,9923.0,3807.72,27.0,3807.74,12866.0,3807.75,578.0
1753769624873,06:13:44.873,htx,ETH/USDT:USDT,3807.73,9923.0,3807.72,27.0,3807.74,12866.0,3807.75,578.0
1753769624931,06:13:44.931,htx,ETH/USDT:USDT,3807.73,9923.0,3807.72,27.0,3807.74,12866.0,3807.75,578.0
1753769624951,06:13:44.951,htx,ETH/USDT:USDT,3807.73,10481.0,3807.72,27.0,3807.74,12866.0,3807.75,578.0
1753769625187,06:13:45.187,htx,ETH/USDT:USDT,3807.73,10481.0,3807.72,27.0,3807.74,12866.0,3807.75,578.0
1753769625667,06:13:45.667,htx,ETH/USDT:USDT,3807.73,10481.0,3807.72,27.0,3807.74,12866.0,3807.75,578.0
1753769625769,06:13:45.769,htx,ETH/USDT:USDT,3807.73,10481.0,3807.72,27.0,3807.74,12866.0,3807.75,578.0
1753769625800,06:13:45.800,htx,ETH/USDT:USDT,3807.73,10481.0,3807.72,27.0,3807.74,12866.0,3807.75,578.0
1753769625819,06:13:45.819,htx,ETH/USDT:USDT,3807.73,10481.0,3807.72,27.0,3807.74,12866.0,3807.75,578.0
1753769626065,06:13:46.065,htx,ETH/USDT:USDT,3807.73,10481.0,3807.72,27.0,3807.74,12866.0,3807.75,578.0
1753769626258,06:13:46.258,htx,ETH/USDT:USDT,3807.73,10489.0,3807.72,27.0,3807.74,12866.0,3807.75,578.0
1753769626304,06:13:46.304,htx,ETH/USDT:USDT,3807.73,10489.0,3807.72,27.0,3807.74,12866.0,3807.75,578.0
1753769626379,06:13:46.379,htx,ETH/USDT:USDT,3807.73,10489.0,3807.72,27.0,3807.74,12866.0,3807.75,578.0
1753769626384,06:13:46.384,htx,ETH/USDT:USDT,3807.73,10489.0,3807.72,27.0,3807.74,12866.0,3807.75,578.0
1753769626554,06:13:46.554,htx,ETH/USDT:USDT,3807.73,10489.0,3807.72,27.0,3807.74,12866.0,3807.75,578.0
1753769626575,06:13:46.575,htx,ETH/USDT:USDT,3807.73,10489.0,3807.72,27.0,3807.74,12866.0,3807.75,578.0
1753769626729,06:13:46.729,htx,ETH/USDT:USDT,3807.73,10489.0,3807.72,27.0,3807.74,12866.0,3807.75,578.0
1753769626807,06:13:46.807,htx,ETH/USDT:USDT,3807.73,10481.0,3807.72,27.0,3807.74,12866.0,3807.75,578.0
1753769627125,06:13:47.125,htx,ETH/USDT:USDT,3807.73,10481.0,3807.72,27.0,3807.74,12866.0,3807.75,578.0
1753769627142,06:13:47.142,htx,ETH/USDT:USDT,3807.73,10481.0,3807.72,27.0,3807.74,12866.0,3807.75,578.0
1753769627537,06:13:47.537,htx,ETH/USDT:USDT,3807.73,10481.0,3807.72,27.0,3807.74,12866.0,3807.75,578.0
1753769627607,06:13:47.607,htx,ETH/USDT:USDT,3807.73,10481.0,3807.72,27.0,3807.74,12866.0,3807.75,578.0
1753769627625,06:13:47.625,htx,ETH/USDT:USDT,3807.73,10481.0,3807.72,27.0,3807.74,12866.0,3807.75,578.0
1753769627771,06:13:47.771,htx,ETH/USDT:USDT,3807.73,10481.0,3807.72,27.0,3807.74,12866.0,3807.75,578.0
1753769627968,06:13:47.968,htx,ETH/USDT:USDT,3807.73,10481.0,3807.72,27.0,3807.74,12866.0,3807.75,578.0
1753769627984,06:13:47.984,htx,ETH/USDT:USDT,3807.73,10481.0,3807.72,27.0,3807.74,12866.0,3807.75,578.0
1753769628012,06:13:48.012,htx,ETH/USDT:USDT,3807.73,10481.0,3807.72,27.0,3807.74,12866.0,3807.75,578.0
1753769628091,06:13:48.091,htx,ETH/USDT:USDT,3807.73,10481.0,3807.72,27.0,3807.74,12866.0,3807.75,578.0
1753769628159,06:13:48.159,htx,ETH/USDT:USDT,3807.73,10481.0,3807.72,27.0,3807.74,12866.0,3807.75,578.0
1753769628165,06:13:48.165,htx,ETH/USDT:USDT,3807.73,10481.0,3807.72,27.0,3807.74,12866.0,3807.75,578.0
1753769628482,06:13:48.482,htx,ETH/USDT:USDT,3807.73,10481.0,3807.72,27.0,3807.74,12866.0,3807.75,578.0
1753769628484,06:13:48.484,htx,ETH/USDT:USDT,3807.73,10481.0,3807.72,27.0,3807.74,12866.0,3807.75,578.0
1753769628636,06:13:48.636,htx,ETH/USDT:USDT,3807.73,10481.0,3807.72,27.0,3807.74,12866.0,3807.75,578.0
1753769628712,06:13:48.712,htx,ETH/USDT:USDT,3807.73,10378.0,3807.72,27.0,3807.74,12866.0,3807.75,578.0
1753769628861,06:13:48.861,htx,ETH/USDT:USDT,3807.73,10378.0,3807.72,27.0,3807.74,12866.0,3807.75,578.0
1753769628884,06:13:48.884,htx,ETH/USDT:USDT,3807.73,10378.0,3807.72,27.0,3807.74,12866.0,3807.75,578.0
1753769629033,06:13:49.033,htx,ETH/USDT:USDT,3807.73,10378.0,3807.72,27.0,3807.74,12866.0,3807.75,578.0
1753769629058,06:13:49.058,htx,ETH/USDT:USDT,3807.73,10378.0,3807.72,27.0,3807.74,12866.0,3807.75,578.0
1753769629429,06:13:49.429,htx,ETH/USDT:USDT,3807.73,10378.0,3807.72,27.0,3807.74,12866.0,3807.75,578.0
1753769629452,06:13:49.452,htx,ETH/USDT:USDT,3807.73,10378.0,3807.72,27.0,3807.74,12866.0,3807.75,578.0
1753769629592,06:13:49.592,htx,ETH/USDT:USDT,3807.73,10378.0,3807.72,27.0,3807.74,12866.0,3807.75,578.0
1753769629607,06:13:49.607,htx,ETH/USDT:USDT,3807.73,9085.0,3807.72,27.0,3807.74,12866.0,3807.75,578.0
1753769629637,06:13:49.637,htx,ETH/USDT:USDT,3807.73,6134.0,3807.72,27.0,3807.74,12866.0,3807.75,578.0
1753769629714,06:13:49.714,htx,ETH/USDT:USDT,3807.73,6074.0,3807.72,27.0,3807.74,12866.0,3807.75,578.0
1753769629719,06:13:49.719,htx,ETH/USDT:USDT,3807.73,6074.0,3807.72,27.0,3807.74,12866.0,3807.75,578.0
1753769629772,06:13:49.772,htx,ETH/USDT:USDT,3807.73,6074.0,3807.72,27.0,3807.74,12866.0,3807.75,578.0
1753769629846,06:13:49.846,htx,ETH/USDT:USDT,3807.73,6074.0,3807.72,27.0,3807.74,12866.0,3807.75,578.0
