timestamp,time,exchange,symbol,bid1_price,bid1_volume,bid2_price,bid2_volume,ask1_price,ask1_volume,ask2_price,ask2_volume
1753769556916,06:12:36.916,mexc,LTC/USDT:USDT,109.74,513699.0,109.73,285841,109.75,85297.0,109.76,147545
1753769557816,06:12:37.816,mexc,LTC/USDT:USDT,109.74,513699.0,109.73,285841,109.75,85297.0,109.76,147545
1753769558014,06:12:38.014,mexc,LTC/USDT:USDT,109.74,513699.0,109.73,285841,109.75,85297.0,109.76,111646
1753769558251,06:12:38.251,mexc,LTC/USDT:USDT,109.74,513699.0,109.73,285841,109.75,85297.0,109.76,273544
1753769558414,06:12:38.414,mexc,LTC/USDT:USDT,109.75,203312,109.74,268146,109.76,163903,109.77,84579
1753769558712,06:12:38.712,mexc,LTC/USDT:USDT,109.75,203312,109.74,268146,109.76,162992,109.77,122853
1753769558917,06:12:38.917,mexc,LTC/USDT:USDT,109.75,203312,109.74,206078,109.76,162992,109.77,122853
1753769559016,06:12:39.016,mexc,LTC/USDT:USDT,109.75,203312,109.74,206078,109.76,162992,109.77,84579
1753769559321,06:12:39.321,mexc,LTC/USDT:USDT,109.75,203312,109.74,206078,109.76,162992,109.77,84579
1753769559516,06:12:39.516,mexc,LTC/USDT:USDT,109.75,203312,109.74,293370,109.76,162992,109.77,84579
1753769559614,06:12:39.614,mexc,LTC/USDT:USDT,109.75,203312,109.74,293370,109.76,162992,109.77,84579
1753769560016,06:12:40.016,mexc,LTC/USDT:USDT,109.75,203312,109.74,236236,109.76,162992,109.77,84579
1753769560016,06:12:40.016,mexc,LTC/USDT:USDT,109.75,203312,109.74,236236,109.76,162992,109.77,101690
1753769560417,06:12:40.417,mexc,LTC/USDT:USDT,109.75,203312,109.74,206078,109.76,162992,109.77,101690
1753769560516,06:12:40.516,mexc,LTC/USDT:USDT,109.75,203312,109.74,206078,109.76,162992,109.77,84579
1753769560919,06:12:40.919,mexc,LTC/USDT:USDT,109.75,203312,109.74,295514,109.76,162992,109.77,84579
1753769561015,06:12:41.015,mexc,LTC/USDT:USDT,109.75,203312,109.74,334534,109.76,162992,109.77,123906
1753769561320,06:12:41.320,mexc,LTC/USDT:USDT,109.75,203312,109.74,245098,109.76,162992,109.77,123906
1753769561516,06:12:41.516,mexc,LTC/USDT:USDT,109.75,203312,109.74,269684,109.76,162992,109.77,84579
1753769561545,06:12:41.545,mexc,LTC/USDT:USDT,109.75,203312,109.74,269684,109.76,162992,109.77,84579
1753769562021,06:12:42.021,mexc,LTC/USDT:USDT,109.75,203312,109.74,206078,109.76,162992,109.77,84579
1753769562021,06:12:42.021,mexc,LTC/USDT:USDT,109.75,203312,109.74,206078,109.76,162992,109.77,84579
1753769562518,06:12:42.518,mexc,LTC/USDT:USDT,109.75,203312,109.74,206078,109.76,162992,109.77,84579
1753769562518,06:12:42.518,mexc,LTC/USDT:USDT,109.75,203312,109.74,206078,109.76,162992,109.77,84579
1753769562921,06:12:42.921,mexc,LTC/USDT:USDT,109.75,203312,109.74,259935,109.76,162992,109.77,84579
1753769563017,06:12:43.017,mexc,LTC/USDT:USDT,109.75,203312,109.74,259935,109.76,162992,109.77,84579
1753769563322,06:12:43.322,mexc,LTC/USDT:USDT,109.75,203312,109.74,226800,109.76,162992,109.77,84579
1753769563520,06:12:43.520,mexc,LTC/USDT:USDT,109.75,203312,109.74,206078,109.76,162992,109.77,119838
1753769563821,06:12:43.821,mexc,LTC/USDT:USDT,109.75,203312,109.74,206078,109.76,162992,109.77,119838
1753769564017,06:12:44.017,mexc,LTC/USDT:USDT,109.75,203312,109.74,242421,109.76,162992,109.77,117765
1753769564254,06:12:44.254,mexc,LTC/USDT:USDT,109.75,203312,109.74,242421,109.76,308165,109.77,117765
1753769564420,06:12:44.420,mexc,LTC/USDT:USDT,109.75,126464,109.74,325347,109.76,146267,109.77,67097
1753769564519,06:12:44.519,mexc,LTC/USDT:USDT,109.75,126464,109.74,325347,109.76,146267,109.77,94069
1753769564920,06:12:44.920,mexc,LTC/USDT:USDT,109.75,126464,109.74,325347,109.76,146267,109.77,94069
1753769565020,06:12:45.020,mexc,LTC/USDT:USDT,109.75,126464,109.74,385089,109.76,146267,109.77,85567
1753769565324,06:12:45.324,mexc,LTC/USDT:USDT,109.75,126464,109.74,385089,109.76,146267,109.77,85567
1753769565522,06:12:45.522,mexc,LTC/USDT:USDT,109.75,126464,109.74,529107,109.76,146267,109.77,67097
1753769565630,06:12:45.630,mexc,LTC/USDT:USDT,109.75,126464,109.74,529107,109.76,146267,109.77,67097
1753769565933,06:12:45.933,mexc,LTC/USDT:USDT,109.75,126464,109.74,325347,109.76,146267,109.77,67097
1753769566019,06:12:46.019,mexc,LTC/USDT:USDT,109.75,126464,109.74,325347,109.76,146267,109.77,89563
1753769566420,06:12:46.420,mexc,LTC/USDT:USDT,109.75,126464,109.74,325347,109.76,146267,109.77,89563
1753769566520,06:12:46.520,mexc,LTC/USDT:USDT,109.75,126464,109.74,325347,109.76,146267,109.77,87866
1753769566824,06:12:46.824,mexc,LTC/USDT:USDT,109.75,126464,109.74,325347,109.76,146267,109.77,87866
1753769567019,06:12:47.019,mexc,LTC/USDT:USDT,109.75,126464,109.74,378858,109.76,146267,109.77,67097
1753769567325,06:12:47.325,mexc,LTC/USDT:USDT,109.75,126464,109.74,325347,109.76,146267,109.77,67097
1753769567519,06:12:47.519,mexc,LTC/USDT:USDT,109.75,126464,109.74,325347,109.76,146267,109.77,67097
1753769567613,06:12:47.613,mexc,LTC/USDT:USDT,109.75,126464,109.74,325347,109.76,146267,109.77,67097
1753769568021,06:12:48.021,mexc,LTC/USDT:USDT,109.75,126464,109.74,325347,109.76,146267,109.77,67097
1753769568021,06:12:48.021,mexc,LTC/USDT:USDT,109.75,126464,109.74,325347,109.76,146267,109.77,67097
1753769568423,06:12:48.423,mexc,LTC/USDT:USDT,109.75,126464,109.74,325347,109.76,146267,109.77,67097
1753769568522,06:12:48.522,mexc,LTC/USDT:USDT,109.75,126464,109.74,325347,109.76,146267,109.77,67097
1753769568826,06:12:48.826,mexc,LTC/USDT:USDT,109.75,126464,109.74,325347,109.76,146267,109.77,67097
1753769569022,06:12:49.022,mexc,LTC/USDT:USDT,109.75,126449,109.74,325347,109.76,146267,109.77,67097
1753769569326,06:12:49.326,mexc,LTC/USDT:USDT,109.75,126449,109.74,325347,109.76,146267,109.77,67097
1753769569523,06:12:49.523,mexc,LTC/USDT:USDT,109.75,126449,109.74,325347,109.76,146267,109.77,67097
1753769569831,06:12:49.831,mexc,LTC/USDT:USDT,109.75,126449,109.74,325347,109.76,146267,109.77,67097
1753769570022,06:12:50.022,mexc,LTC/USDT:USDT,109.75,126449,109.74,325347,109.76,146267,109.77,94786
1753769570255,06:12:50.255,mexc,LTC/USDT:USDT,109.75,126449,109.74,325347,109.76,315044,109.77,94786
1753769570425,06:12:50.425,mexc,LTC/USDT:USDT,109.75,188101,109.74,211674,109.76,169871,109.77,54478
1753769570520,06:12:50.520,mexc,LTC/USDT:USDT,109.75,188101,109.74,211674,109.76,169871,109.77,76231
1753769570925,06:12:50.925,mexc,LTC/USDT:USDT,109.75,188001,109.74,211674,109.76,169871,109.77,54478
1753769571022,06:12:51.022,mexc,LTC/USDT:USDT,109.75,188001,109.74,211674,109.76,169871,109.77,70839
1753769571329,06:12:51.329,mexc,LTC/USDT:USDT,109.75,188001,109.74,211674,109.76,169871,109.77,70839
1753769571523,06:12:51.523,mexc,LTC/USDT:USDT,109.75,188001,109.74,276217,109.76,169871,109.77,54478
1753769571627,06:12:51.627,mexc,LTC/USDT:USDT,109.75,188001,109.74,276217,109.76,169871,109.77,54478
1753769572022,06:12:52.022,mexc,LTC/USDT:USDT,109.75,188001,109.74,211674,109.76,169871,109.77,54478
1753769572022,06:12:52.022,mexc,LTC/USDT:USDT,109.75,188001,109.74,211674,109.76,169871,109.77,54478
1753769572427,06:12:52.427,mexc,LTC/USDT:USDT,109.75,188001,109.74,211674,109.76,169871,109.77,54478
1753769572524,06:12:52.524,mexc,LTC/USDT:USDT,109.75,188001,109.74,211674,109.76,169871,109.77,61901
1753769572830,06:12:52.830,mexc,LTC/USDT:USDT,109.75,188001,109.74,211674,109.76,169871,109.77,61901
1753769573025,06:12:53.025,mexc,LTC/USDT:USDT,109.75,188001,109.74,211674,109.76,169871,109.77,54478
1753769573331,06:12:53.331,mexc,LTC/USDT:USDT,109.75,188001,109.74,211674,109.76,169871,109.77,54478
1753769573524,06:12:53.524,mexc,LTC/USDT:USDT,109.75,188001,109.74,211674,109.76,169871,109.77,79141
1753769573554,06:12:53.554,mexc,LTC/USDT:USDT,109.75,188001,109.74,211674,109.76,169871,109.77,79141
1753769573928,06:12:53.928,mexc,LTC/USDT:USDT,109.75,188001,109.74,211674,109.76,169871,109.77,54478
1753769574034,06:12:54.034,mexc,LTC/USDT:USDT,109.75,188001,109.74,211674,109.76,169871,109.77,54478
1753769574527,06:12:54.527,mexc,LTC/USDT:USDT,109.75,188001,109.74,211674,109.76,169871,109.77,54478
1753769574527,06:12:54.527,mexc,LTC/USDT:USDT,109.75,188001,109.74,211674,109.76,169871,109.77,54478
1753769574929,06:12:54.929,mexc,LTC/USDT:USDT,109.75,188001,109.74,211674,109.76,169871,109.77,54478
1753769575027,06:12:55.027,mexc,LTC/USDT:USDT,109.75,188001,109.74,211674,109.76,169871,109.77,54478
1753769575331,06:12:55.331,mexc,LTC/USDT:USDT,109.75,188001,109.74,211674,109.76,169871,109.77,54478
1753769575527,06:12:55.527,mexc,LTC/USDT:USDT,109.75,188001,109.74,211674,109.76,169871,109.77,54478
1753769575832,06:12:55.832,mexc,LTC/USDT:USDT,109.75,188001,109.74,211674,109.76,169871,109.77,54478
1753769576025,06:12:56.025,mexc,LTC/USDT:USDT,109.75,188001,109.74,211674,109.76,169871,109.77,54478
1753769576258,06:12:56.258,mexc,LTC/USDT:USDT,109.75,188001,109.74,211674,109.76,169871,109.77,54478
1753769576427,06:12:56.427,mexc,LTC/USDT:USDT,109.75,289513,109.74,289123,109.76,1094,109.77,2000
1753769576525,06:12:56.525,mexc,LTC/USDT:USDT,109.75,289513,109.74,289123,109.76,1094,109.77,2000
1753769576930,06:12:56.930,mexc,LTC/USDT:USDT,109.75,203364,109.74,289123,109.76,1094,109.77,2000
1753769577026,06:12:57.026,mexc,LTC/USDT:USDT,109.75,203364,109.74,359008,109.76,1094,109.77,2000
1753769577332,06:12:57.332,mexc,LTC/USDT:USDT,109.75,203364,109.74,289123,109.76,1094,109.77,2000
1753769577528,06:12:57.528,mexc,LTC/USDT:USDT,109.75,203364,109.74,289123,109.76,1094,109.77,2000
1753769577632,06:12:57.632,mexc,LTC/USDT:USDT,109.75,203364,109.74,289123,109.76,1094,109.77,2000
1753769578027,06:12:58.027,mexc,LTC/USDT:USDT,109.75,203364,109.74,390211,109.76,1094,109.77,2000
1753769578027,06:12:58.027,mexc,LTC/USDT:USDT,109.75,203364,109.74,390211,109.76,1094,109.77,2000
1753769578430,06:12:58.430,mexc,LTC/USDT:USDT,109.75,203364,109.74,289123,109.76,1094,109.77,2000
1753769578527,06:12:58.527,mexc,LTC/USDT:USDT,109.75,203364,109.74,289123,109.76,1094,109.77,2000
1753769578928,06:12:58.928,mexc,LTC/USDT:USDT,109.75,203364,109.74,289123,109.76,1094,109.77,2000
1753769579027,06:12:59.027,mexc,LTC/USDT:USDT,109.75,203364,109.74,360907,109.76,1094,109.77,2000
1753769579333,06:12:59.333,mexc,LTC/USDT:USDT,109.75,203364,109.74,360907,109.76,1094,109.77,2000
1753769579529,06:12:59.529,mexc,LTC/USDT:USDT,109.75,242125,109.74,289123,109.76,1094,109.77,2000
1753769579559,06:12:59.559,mexc,LTC/USDT:USDT,109.75,242125,109.74,289123,109.76,1094,109.77,2000
1753769580027,06:13:00.027,mexc,LTC/USDT:USDT,109.75,203364,109.74,289123,109.76,1094,109.77,2000
1753769580027,06:13:00.027,mexc,LTC/USDT:USDT,109.75,203364,109.74,289123,109.76,1094,109.77,2000
1753769580429,06:13:00.429,mexc,LTC/USDT:USDT,109.75,238411,109.74,289123,109.76,1094,109.77,2000
1753769580530,06:13:00.530,mexc,LTC/USDT:USDT,109.75,288125,109.74,289123,109.76,1094,109.77,2000
1753769580833,06:13:00.833,mexc,LTC/USDT:USDT,109.75,253078,109.74,289123,109.76,1094,109.77,2000
1753769581029,06:13:01.029,mexc,LTC/USDT:USDT,109.75,203364,109.74,430255,109.76,1094,109.77,2000
1753769581334,06:13:01.334,mexc,LTC/USDT:USDT,109.75,203364,109.74,289123,109.76,1094,109.77,2000
1753769581529,06:13:01.529,mexc,LTC/USDT:USDT,109.75,203364,109.74,289123,109.76,1094,109.77,2000
1753769581833,06:13:01.833,mexc,LTC/USDT:USDT,109.75,203364,109.74,289123,109.76,1094,109.77,2000
1753769582029,06:13:02.029,mexc,LTC/USDT:USDT,109.75,203364,109.74,289123,109.76,1094,109.77,2000
1753769582257,06:13:02.257,mexc,LTC/USDT:USDT,109.75,203364,109.74,289123,109.76,1094,109.77,2000
1753769582344,06:13:02.344,mexc,LTC/USDT:USDT,109.75,169503,109.74,360383,109.76,1003,109.77,2000
1753769582560,06:13:02.560,mexc,LTC/USDT:USDT,109.75,169356,109.74,360383,109.76,1003,109.77,2000
1753769582932,06:13:02.932,mexc,LTC/USDT:USDT,109.75,245752,109.74,360383,109.76,1003,109.77,2000
1753769583031,06:13:03.031,mexc,LTC/USDT:USDT,109.75,245752,109.74,360383,109.76,1003,109.77,2000
1753769583334,06:13:03.334,mexc,LTC/USDT:USDT,109.75,169356,109.74,360383,109.76,1003,109.77,2000
1753769583530,06:13:03.530,mexc,LTC/USDT:USDT,109.75,169356,109.74,434491,109.76,1003,109.77,2000
1753769583634,06:13:03.634,mexc,LTC/USDT:USDT,109.75,169356,109.74,434491,109.76,1003,109.77,2000
1753769584030,06:13:04.030,mexc,LTC/USDT:USDT,109.75,169356,109.74,360383,109.76,1003,109.77,2000
1753769584030,06:13:04.030,mexc,LTC/USDT:USDT,109.75,169356,109.74,360383,109.76,1003,109.77,2000
1753769584431,06:13:04.431,mexc,LTC/USDT:USDT,109.75,169356,109.74,360383,109.76,1003,109.77,2000
1753769584628,06:13:04.628,mexc,LTC/USDT:USDT,109.75,169356,109.74,360383,109.76,1003,109.77,2000
1753769584631,06:13:04.631,mexc,LTC/USDT:USDT,109.75,169356,109.74,360383,109.76,1003,109.77,2000
1753769585031,06:13:05.031,mexc,LTC/USDT:USDT,109.75,250857,109.74,360383,109.76,1003,109.77,2000
1753769585031,06:13:05.031,mexc,LTC/USDT:USDT,109.75,250857,109.74,360383,109.76,1003,109.77,2000
1753769585431,06:13:05.431,mexc,LTC/USDT:USDT,109.75,169356,109.74,360383,109.76,1003,109.77,2000
1753769585531,06:13:05.531,mexc,LTC/USDT:USDT,109.75,169356,109.74,413682,109.76,1003,109.77,2000
1753769585835,06:13:05.835,mexc,LTC/USDT:USDT,109.75,169356,109.74,413682,109.76,1003,109.77,2000
1753769586030,06:13:06.030,mexc,LTC/USDT:USDT,109.75,203028,109.74,360383,109.76,1003,109.77,2000
1753769586334,06:13:06.334,mexc,LTC/USDT:USDT,109.75,169356,109.74,360383,109.76,1003,109.77,2000
1753769586532,06:13:06.532,mexc,LTC/USDT:USDT,109.75,169356,109.74,534961,109.76,1003,109.77,2000
1753769586834,06:13:06.834,mexc,LTC/USDT:USDT,109.75,169356,109.74,534961,109.76,1003,109.77,2000
1753769587034,06:13:07.034,mexc,LTC/USDT:USDT,109.75,242421,109.74,403400,109.76,1003,109.77,2000
1753769587034,06:13:07.034,mexc,LTC/USDT:USDT,109.75,242421,109.74,403400,109.76,1003,109.77,2000
1753769587437,06:13:07.437,mexc,LTC/USDT:USDT,109.75,169356,109.74,497836,109.76,1003,109.77,2000
1753769587532,06:13:07.532,mexc,LTC/USDT:USDT,109.75,169356,109.74,497836,109.76,1003,109.77,2000
1753769587932,06:13:07.932,mexc,LTC/USDT:USDT,109.75,169356,109.74,360383,109.76,1003,109.77,2000
1753769588031,06:13:08.031,mexc,LTC/USDT:USDT,109.75,169356,109.74,360383,109.76,1003,109.77,2000
1753769588433,06:13:08.433,mexc,LTC/USDT:USDT,109.75,101590,109.74,299111,109.76,1003,109.77,191090
1753769588532,06:13:08.532,mexc,LTC/USDT:USDT,109.75,101590,109.74,384155,109.76,903,109.77,191090
1753769588835,06:13:08.835,mexc,LTC/USDT:USDT,109.75,101590,109.74,345752,109.76,903,109.77,191090
1753769589033,06:13:09.033,mexc,LTC/USDT:USDT,109.75,101590,109.74,401853,109.76,903,109.77,191090
1753769589337,06:13:09.337,mexc,LTC/USDT:USDT,109.75,101590,109.74,359811,109.76,903,109.77,191090
1753769589436,06:13:09.436,mexc,LTC/USDT:USDT,109.75,150258,109.74,260708,109.76,893,109.77,191090
1753769589635,06:13:09.635,mexc,LTC/USDT:USDT,109.75,150258,109.74,260708,109.76,893,109.77,191090
1753769590034,06:13:10.034,mexc,LTC/USDT:USDT,109.75,101590,109.74,260708,109.76,893,109.77,191090
1753769590034,06:13:10.034,mexc,LTC/USDT:USDT,109.75,101590,109.74,260708,109.76,893,109.77,191090
1753769590437,06:13:10.437,mexc,LTC/USDT:USDT,109.75,101590,109.74,470678,109.76,893,109.77,191090
1753769590633,06:13:10.633,mexc,LTC/USDT:USDT,109.75,101590,109.74,470678,109.76,893,109.77,191090
1753769590837,06:13:10.837,mexc,LTC/USDT:USDT,109.75,101590,109.74,351915,109.76,893,109.77,191090
1753769591033,06:13:11.033,mexc,LTC/USDT:USDT,109.75,113328,109.74,260708,109.76,893,109.77,191090
1753769591336,06:13:11.336,mexc,LTC/USDT:USDT,109.75,113328,109.74,260708,109.76,893,109.77,191090
1753769591534,06:13:11.534,mexc,LTC/USDT:USDT,109.75,148680,109.74,260708,109.76,893,109.77,191090
1753769591838,06:13:11.838,mexc,LTC/USDT:USDT,109.75,148680,109.74,260708,109.76,893,109.77,191090
1753769592033,06:13:12.033,mexc,LTC/USDT:USDT,109.75,101590,109.74,292140,109.76,893,109.77,191090
1753769592337,06:13:12.337,mexc,LTC/USDT:USDT,109.75,101590,109.74,292140,109.76,893,109.77,191090
1753769592535,06:13:12.535,mexc,LTC/USDT:USDT,109.75,101590,109.74,382953,109.76,893,109.77,191090
1753769592839,06:13:12.839,mexc,LTC/USDT:USDT,109.75,101590,109.74,322165,109.76,893,109.77,191090
1753769593035,06:13:13.035,mexc,LTC/USDT:USDT,109.75,135289,109.74,260708,109.76,893,109.77,191090
1753769593339,06:13:13.339,mexc,LTC/USDT:USDT,109.75,101590,109.74,260708,109.76,893,109.77,191090
1753769593535,06:13:13.535,mexc,LTC/USDT:USDT,109.75,147794,109.74,260708,109.76,893,109.77,191090
1753769593840,06:13:13.840,mexc,LTC/USDT:USDT,109.75,101590,109.74,260708,109.76,893,109.77,191090
1753769594036,06:13:14.036,mexc,LTC/USDT:USDT,109.75,124795,109.74,260708,109.76,893,109.77,191090
1753769594259,06:13:14.259,mexc,LTC/USDT:USDT,109.75,124795,109.74,305418,109.76,893,109.77,191090
1753769594435,06:13:14.435,mexc,LTC/USDT:USDT,109.74,44710,109.73,197420,109.75,97887,109.76,176647
1753769594535,06:13:14.535,mexc,LTC/USDT:USDT,109.74,44710,109.73,197420,109.75,97887,109.76,205293
1753769594938,06:13:14.938,mexc,LTC/USDT:USDT,109.74,44710,109.73,197420,109.75,97887,109.76,205293
1753769595036,06:13:15.036,mexc,LTC/USDT:USDT,109.74,44710,109.73,197420,109.75,97887,109.76,223656
1753769595339,06:13:15.339,mexc,LTC/USDT:USDT,109.74,44710,109.73,197420,109.75,97887,109.76,223656
1753769595536,06:13:15.536,mexc,LTC/USDT:USDT,109.74,44710,109.73,197420,109.75,97887,109.76,176647
1753769595638,06:13:15.638,mexc,LTC/USDT:USDT,109.74,44710,109.73,197420,109.75,97887,109.76,176647
1753769596037,06:13:16.037,mexc,LTC/USDT:USDT,109.74,44710,109.73,197420,109.75,97887,109.76,214836
1753769596037,06:13:16.037,mexc,LTC/USDT:USDT,109.74,44710,109.73,197420,109.75,97887,109.76,261037
1753769596437,06:13:16.437,mexc,LTC/USDT:USDT,109.74,44710,109.73,197420,109.75,97887,109.76,261037
1753769596632,06:13:16.632,mexc,LTC/USDT:USDT,109.74,44710,109.73,197420,109.75,97887,109.76,176647
1753769596635,06:13:16.635,mexc,LTC/USDT:USDT,109.74,44710,109.73,197420,109.75,97887,109.76,176647
1753769597037,06:13:17.037,mexc,LTC/USDT:USDT,109.74,44710,109.73,289472,109.75,97887,109.76,176647
1753769597037,06:13:17.037,mexc,LTC/USDT:USDT,109.74,44710,109.73,289472,109.75,97887,109.76,176647
1753769597437,06:13:17.437,mexc,LTC/USDT:USDT,109.74,44710,109.73,197420,109.75,97887,109.76,176647
1753769597538,06:13:17.538,mexc,LTC/USDT:USDT,109.74,44710,109.73,197420,109.75,97887,109.76,176647
1753769597841,06:13:17.841,mexc,LTC/USDT:USDT,109.74,44710,109.73,197420,109.75,97887,109.76,176647
1753769598038,06:13:18.038,mexc,LTC/USDT:USDT,109.74,44710,109.73,197420,109.75,97887,109.76,176647
1753769598038,06:13:18.038,mexc,LTC/USDT:USDT,109.74,44710,109.73,197420,109.75,97887,109.76,200542
1753769598442,06:13:18.442,mexc,LTC/USDT:USDT,109.74,44710,109.73,197420,109.75,97887,109.76,200542
1753769598539,06:13:18.539,mexc,LTC/USDT:USDT,109.74,44710,109.73,197420,109.75,97887,109.76,176647
1753769598842,06:13:18.842,mexc,LTC/USDT:USDT,109.74,44710,109.73,197420,109.75,97887,109.76,176647
1753769599039,06:13:19.039,mexc,LTC/USDT:USDT,109.74,44710,109.73,197420,109.75,97887,109.76,225261
1753769599342,06:13:19.342,mexc,LTC/USDT:USDT,109.74,44461,109.73,197420,109.75,97887,109.76,225261
1753769599537,06:13:19.537,mexc,LTC/USDT:USDT,109.74,44461,109.73,232357,109.75,97887,109.76,176647
1753769599842,06:13:19.842,mexc,LTC/USDT:USDT,109.74,44461,109.73,197420,109.75,97887,109.76,176647
1753769600038,06:13:20.038,mexc,LTC/USDT:USDT,109.74,44461,109.73,197420,109.75,97887,109.76,214667
1753769600262,06:13:20.262,mexc,LTC/USDT:USDT,109.74,44461,109.73,197420,109.75,97887,109.76,214667
1753769600439,06:13:20.439,mexc,LTC/USDT:USDT,109.72,11927,109.71,26262,109.73,234588,109.74,226933
1753769600539,06:13:20.539,mexc,LTC/USDT:USDT,109.72,11927,109.71,26262,109.73,234588,109.74,226933
1753769600942,06:13:20.942,mexc,LTC/USDT:USDT,109.72,11927,109.71,35163,109.73,234588,109.74,226933
1753769601040,06:13:21.040,mexc,LTC/USDT:USDT,109.72,11927,109.71,35163,109.73,234588,109.74,226933
1753769601343,06:13:21.343,mexc,LTC/USDT:USDT,109.72,11927,109.71,35163,109.73,234588,109.74,226933
1753769601539,06:13:21.539,mexc,LTC/USDT:USDT,109.72,11927,109.71,36393,109.73,234588,109.74,333017
1753769601637,06:13:21.637,mexc,LTC/USDT:USDT,109.72,11927,109.71,36393,109.73,234588,109.74,333017
1753769602039,06:13:22.039,mexc,LTC/USDT:USDT,109.72,11927,109.71,29850,109.73,234588,109.74,226933
1753769602039,06:13:22.039,mexc,LTC/USDT:USDT,109.72,11927,109.71,29850,109.73,234588,109.74,226933
1753769602440,06:13:22.440,mexc,LTC/USDT:USDT,109.72,11927,109.71,26262,109.73,234588,109.74,226933
1753769602629,06:13:22.629,mexc,LTC/USDT:USDT,109.72,11927,109.71,26262,109.73,234588,109.74,259418
1753769602844,06:13:22.844,mexc,LTC/USDT:USDT,109.72,11927,109.71,26262,109.73,234588,109.74,259418
1753769603040,06:13:23.040,mexc,LTC/USDT:USDT,109.72,11927,109.71,26262,109.73,234588,109.74,426304
1753769603343,06:13:23.343,mexc,LTC/USDT:USDT,109.72,11927,109.71,26262,109.73,234588,109.74,426304
1753769603539,06:13:23.539,mexc,LTC/USDT:USDT,109.72,11927,109.71,26262,109.73,234588,109.74,226933
1753769603844,06:13:23.844,mexc,LTC/USDT:USDT,109.72,11927,109.71,26262,109.73,234588,109.74,226933
1753769604040,06:13:24.040,mexc,LTC/USDT:USDT,109.72,11927,109.71,26262,109.73,234588,109.74,324384
1753769604343,06:13:24.343,mexc,LTC/USDT:USDT,109.72,11927,109.71,26262,109.73,234588,109.74,324384
1753769604540,06:13:24.540,mexc,LTC/USDT:USDT,109.72,11927,109.71,26262,109.73,234588,109.74,290042
1753769604844,06:13:24.844,mexc,LTC/USDT:USDT,109.72,11927,109.71,26262,109.73,234588,109.74,290042
1753769605041,06:13:25.041,mexc,LTC/USDT:USDT,109.72,11927,109.71,26262,109.73,234588,109.74,226933
1753769605344,06:13:25.344,mexc,LTC/USDT:USDT,109.72,11927,109.71,26262,109.73,234588,109.74,226933
1753769605541,06:13:25.541,mexc,LTC/USDT:USDT,109.72,11927,109.71,26262,109.73,234588,109.74,226933
1753769605847,06:13:25.847,mexc,LTC/USDT:USDT,109.72,11927,109.71,26262,109.73,234588,109.74,226933
1753769606042,06:13:26.042,mexc,LTC/USDT:USDT,109.72,11927,109.71,29414,109.73,234588,109.74,226933
1753769606262,06:13:26.262,mexc,LTC/USDT:USDT,109.72,11927,109.71,29414,109.73,273560,109.74,226933
1753769606441,06:13:26.441,mexc,LTC/USDT:USDT,109.72,155443,109.71,161112,109.73,38972,109.74,118089
1753769606541,06:13:26.541,mexc,LTC/USDT:USDT,109.72,155443,109.71,161112,109.73,38972,109.74,118089
1753769606942,06:13:26.942,mexc,LTC/USDT:USDT,109.72,155443,109.71,117885,109.73,38964,109.74,118089
1753769607041,06:13:27.041,mexc,LTC/USDT:USDT,109.72,155443,109.71,161873,109.73,38964,109.74,118089
1753769607442,06:13:27.442,mexc,LTC/USDT:USDT,109.72,155443,109.71,117885,109.73,38964,109.74,118089
1753769607639,06:13:27.639,mexc,LTC/USDT:USDT,109.72,155443,109.71,156805,109.73,38964,109.74,118089
1753769607844,06:13:27.844,mexc,LTC/USDT:USDT,109.72,155443,109.71,156805,109.73,38964,109.74,118089
1753769608041,06:13:28.041,mexc,LTC/USDT:USDT,109.72,155443,109.71,151079,109.73,38964,109.74,176697
1753769608249,06:13:28.249,mexc,LTC/USDT:USDT,109.72,155443,109.71,151079,109.73,38043,109.74,176697
1753769608444,06:13:28.444,mexc,LTC/USDT:USDT,109.72,155443,109.71,117885,109.73,38043,109.74,118089
1753769608643,06:13:28.643,mexc,LTC/USDT:USDT,109.72,155443,109.71,117885,109.73,38043,109.74,137083
1753769608942,06:13:28.942,mexc,LTC/USDT:USDT,109.72,155443,109.71,117885,109.73,38043,109.74,137083
1753769609041,06:13:29.041,mexc,LTC/USDT:USDT,109.72,155443,109.71,117885,109.73,38043,109.74,118089
1753769609344,06:13:29.344,mexc,LTC/USDT:USDT,109.72,155443,109.71,117885,109.73,38043,109.74,118089
1753769609540,06:13:29.540,mexc,LTC/USDT:USDT,109.72,155443,109.71,173930,109.73,38043,109.74,189665
1753769609846,06:13:29.846,mexc,LTC/USDT:USDT,109.72,155443,109.71,173930,109.73,38043,109.74,189665
1753769610042,06:13:30.042,mexc,LTC/USDT:USDT,109.72,155443,109.71,117885,109.73,38043,109.74,176150
1753769610345,06:13:30.345,mexc,LTC/USDT:USDT,109.72,155443,109.71,117885,109.73,38043,109.74,176150
1753769610444,06:13:30.444,mexc,LTC/USDT:USDT,109.72,155443,109.71,117885,109.73,38043,109.74,118089
1753769610542,06:13:30.542,mexc,LTC/USDT:USDT,109.72,155443,109.71,117885,109.73,38043,109.74,134648
1753769610944,06:13:30.944,mexc,LTC/USDT:USDT,109.72,155076,109.71,134621,109.73,38043,109.74,134648
1753769611043,06:13:31.043,mexc,LTC/USDT:USDT,109.72,155076,109.71,134621,109.73,38043,109.74,118089
1753769611345,06:13:31.345,mexc,LTC/USDT:USDT,109.72,155076,109.71,117885,109.73,38043,109.74,118089
1753769611542,06:13:31.542,mexc,LTC/USDT:USDT,109.72,155076,109.71,165108,109.73,38043,109.74,164730
1753769611846,06:13:31.846,mexc,LTC/USDT:USDT,109.72,155076,109.71,117885,109.73,38043,109.74,164730
1753769612043,06:13:32.043,mexc,LTC/USDT:USDT,109.72,155076,109.71,117885,109.73,38043,109.74,118089
1753769612266,06:13:32.266,mexc,LTC/USDT:USDT,109.72,155076,109.71,117885,109.73,38043,109.74,128085
1753769612444,06:13:32.444,mexc,LTC/USDT:USDT,109.73,172861,109.72,235043,109.74,9620,109.75,71186
1753769612543,06:13:32.543,mexc,LTC/USDT:USDT,109.73,172861,109.72,235043,109.74,9620,109.75,104097
1753769612943,06:13:32.943,mexc,LTC/USDT:USDT,109.73,172861,109.72,235043,109.74,9620,109.75,104097
1753769613045,06:13:33.045,mexc,LTC/USDT:USDT,109.73,172861,109.72,324084,109.74,9620,109.75,97293
1753769613346,06:13:33.346,mexc,LTC/USDT:USDT,109.73,172861,109.72,324084,109.74,9620,109.75,97293
1753769613543,06:13:33.543,mexc,LTC/USDT:USDT,109.73,172861,109.72,235043,109.74,9620,109.75,71186
1753769613643,06:13:33.643,mexc,LTC/USDT:USDT,109.73,172861,109.72,235043,109.74,9620,109.75,71186
1753769614043,06:13:34.043,mexc,LTC/USDT:USDT,109.73,172861,109.72,396320,109.74,9620,109.75,71186
1753769614121,06:13:34.121,mexc,LTC/USDT:USDT,109.73,172861,109.72,396320,109.74,9620,109.75,71186
1753769614445,06:13:34.445,mexc,LTC/USDT:USDT,109.73,172861,109.72,235043,109.74,9620,109.75,71186
1753769614643,06:13:34.643,mexc,LTC/USDT:USDT,109.73,172861,109.72,235043,109.74,9620,109.75,71186
1753769614647,06:13:34.647,mexc,LTC/USDT:USDT,109.73,172861,109.72,235043,109.74,9620,109.75,71186
1753769615046,06:13:35.046,mexc,LTC/USDT:USDT,109.73,172861,109.72,235043,109.74,9620,109.75,71186
1753769615046,06:13:35.046,mexc,LTC/USDT:USDT,109.73,172861,109.72,235043,109.74,9620,109.75,71186
1753769615450,06:13:35.450,mexc,LTC/USDT:USDT,109.73,172861,109.72,329618,109.74,9620,109.75,71186
1753769615541,06:13:35.541,mexc,LTC/USDT:USDT,109.73,172861,109.72,329618,109.74,9620,109.75,104318
1753769615945,06:13:35.945,mexc,LTC/USDT:USDT,109.73,172861,109.72,235043,109.74,9620,109.75,104318
1753769616043,06:13:36.043,mexc,LTC/USDT:USDT,109.73,172861,109.72,235043,109.74,9620,109.75,71186
1753769616444,06:13:36.444,mexc,LTC/USDT:USDT,109.73,172861,109.72,235043,109.74,9620,109.75,71186
1753769616542,06:13:36.542,mexc,LTC/USDT:USDT,109.73,172861,109.72,235043,109.74,9620,109.75,81562
1753769616846,06:13:36.846,mexc,LTC/USDT:USDT,109.73,172861,109.72,235043,109.74,9620,109.75,81562
1753769617043,06:13:37.043,mexc,LTC/USDT:USDT,109.73,172861,109.72,371434,109.74,9620,109.75,71186
1753769617348,06:13:37.348,mexc,LTC/USDT:USDT,109.73,172861,109.72,317478,109.74,9620,109.75,71186
1753769617543,06:13:37.543,mexc,LTC/USDT:USDT,109.73,172861,109.72,317170,109.74,9620,109.75,71186
1753769617819,06:13:37.819,mexc,LTC/USDT:USDT,109.73,172861,109.72,317170,109.75,67138,109.76,261298
1753769617948,06:13:37.948,mexc,LTC/USDT:USDT,109.73,172861,109.72,373670,109.75,67138,109.76,261298
1753769618043,06:13:38.043,mexc,LTC/USDT:USDT,109.73,172861,109.72,373670,109.75,99960,109.76,369760
1753769618445,06:13:38.445,mexc,LTC/USDT:USDT,109.73,11800,109.72,28452,109.74,251764,109.75,228302
1753769618543,06:13:38.543,mexc,LTC/USDT:USDT,109.73,11800,109.72,28452,109.74,251764,109.75,305726
1753769618848,06:13:38.848,mexc,LTC/USDT:USDT,109.73,11800,109.72,28452,109.74,251764,109.75,305726
1753769619043,06:13:39.043,mexc,LTC/USDT:USDT,109.73,11800,109.72,28452,109.74,251764,109.75,228302
1753769619347,06:13:39.347,mexc,LTC/USDT:USDT,109.73,11800,109.72,28452,109.74,251764,109.75,228302
1753769619544,06:13:39.544,mexc,LTC/USDT:USDT,109.73,11800,109.72,28452,109.74,251764,109.75,397033
1753769619646,06:13:39.646,mexc,LTC/USDT:USDT,109.73,11800,109.72,28452,109.74,251764,109.75,397033
1753769620044,06:13:40.044,mexc,LTC/USDT:USDT,109.73,11800,109.72,28452,109.74,251764,109.75,228302
1753769620044,06:13:40.044,mexc,LTC/USDT:USDT,109.73,11800,109.72,28452,109.74,251764,109.75,228302
1753769620446,06:13:40.446,mexc,LTC/USDT:USDT,109.73,11800,109.72,41692,109.74,251764,109.75,228302
1753769620543,06:13:40.543,mexc,LTC/USDT:USDT,109.73,11800,109.72,41692,109.74,251764,109.75,228302
1753769620847,06:13:40.847,mexc,LTC/USDT:USDT,109.73,11800,109.72,28452,109.74,251764,109.75,228302
1753769620949,06:13:40.949,mexc,LTC/USDT:USDT,109.73,11800,109.72,28452,109.74,251764,109.75,228302
1753769621047,06:13:41.047,mexc,LTC/USDT:USDT,109.73,11800,109.72,28452,109.74,251764,109.75,362726
1753769621448,06:13:41.448,mexc,LTC/USDT:USDT,109.73,11800,109.72,28452,109.74,251764,109.75,262623
1753769621545,06:13:41.545,mexc,LTC/USDT:USDT,109.73,11800,109.72,28452,109.74,251764,109.75,228302
1753769621849,06:13:41.849,mexc,LTC/USDT:USDT,109.73,11800,109.72,28452,109.74,251764,109.75,228302
1753769622043,06:13:42.043,mexc,LTC/USDT:USDT,109.73,11800,109.72,36075,109.74,251764,109.75,281300
1753769622348,06:13:42.348,mexc,LTC/USDT:USDT,109.73,11800,109.72,36075,109.74,251764,109.75,281300
1753769622543,06:13:42.543,mexc,LTC/USDT:USDT,109.73,11800,109.72,28452,109.74,251764,109.75,228302
1753769622849,06:13:42.849,mexc,LTC/USDT:USDT,109.73,11800,109.72,28452,109.74,251764,109.75,228302
1753769623042,06:13:43.042,mexc,LTC/USDT:USDT,109.73,11800,109.72,28452,109.74,251764,109.75,228302
1753769623350,06:13:43.350,mexc,LTC/USDT:USDT,109.73,11800,109.72,28452,109.74,251764,109.75,228302
1753769623543,06:13:43.543,mexc,LTC/USDT:USDT,109.73,11800,109.72,28452,109.74,251764,109.75,228302
1753769623849,06:13:43.849,mexc,LTC/USDT:USDT,109.73,11800,109.72,28452,109.74,251764,109.75,228302
1753769624043,06:13:44.043,mexc,LTC/USDT:USDT,109.73,11800,109.72,28452,109.74,251764,109.75,228302
1753769624268,06:13:44.268,mexc,LTC/USDT:USDT,109.73,11800,109.72,28452,109.74,282936,109.75,228302
1753769624448,06:13:44.448,mexc,LTC/USDT:USDT,109.73,140988,109.72,151776,109.74,31172,109.75,225148
1753769624544,06:13:44.544,mexc,LTC/USDT:USDT,109.73,140988,109.72,151776,109.74,31172,109.75,307961
1753769625045,06:13:45.045,mexc,LTC/USDT:USDT,109.73,140988,109.72,188582,109.74,31172,109.75,225148
1753769625045,06:13:45.045,mexc,LTC/USDT:USDT,109.73,140988,109.72,188582,109.74,31172,109.75,225148
1753769625448,06:13:45.448,mexc,LTC/USDT:USDT,109.73,140988,109.72,151776,109.74,31172,109.75,225148
1753769625644,06:13:45.644,mexc,LTC/USDT:USDT,109.73,140988,109.72,176523,109.74,31172,109.75,225148
1753769625851,06:13:45.851,mexc,LTC/USDT:USDT,109.73,140988,109.72,176523,109.74,31172,109.75,225148
1753769626043,06:13:46.043,mexc,LTC/USDT:USDT,109.73,140988,109.72,151776,109.74,31172,109.75,326289
1753769626349,06:13:46.349,mexc,LTC/USDT:USDT,109.73,140988,109.72,151776,109.74,31172,109.75,326289
1753769626544,06:13:46.544,mexc,LTC/USDT:USDT,109.73,140988,109.72,208379,109.74,31172,109.75,225148
1753769626852,06:13:46.852,mexc,LTC/USDT:USDT,109.73,140988,109.72,151776,109.74,31172,109.75,225148
1753769627044,06:13:47.044,mexc,LTC/USDT:USDT,109.73,140988,109.72,170126,109.74,31172,109.75,225148
1753769627351,06:13:47.351,mexc,LTC/USDT:USDT,109.73,140988,109.72,170126,109.74,31172,109.75,225148
1753769627545,06:13:47.545,mexc,LTC/USDT:USDT,109.73,140988,109.72,151776,109.74,31172,109.75,225148
1753769627851,06:13:47.851,mexc,LTC/USDT:USDT,109.73,140988,109.72,151776,109.74,31172,109.75,225148
1753769628045,06:13:48.045,mexc,LTC/USDT:USDT,109.73,140988,109.72,222107,109.74,31172,109.75,225148
1753769628350,06:13:48.350,mexc,LTC/USDT:USDT,109.73,140988,109.72,222107,109.74,31172,109.75,225148
1753769628544,06:13:48.544,mexc,LTC/USDT:USDT,109.73,140988,109.72,151776,109.74,31172,109.75,225148
1753769628850,06:13:48.850,mexc,LTC/USDT:USDT,109.73,140988,109.72,151776,109.74,31172,109.75,225148
1753769629045,06:13:49.045,mexc,LTC/USDT:USDT,109.73,140988,109.72,186511,109.74,31172,109.75,225148
1753769629352,06:13:49.352,mexc,LTC/USDT:USDT,109.73,140988,109.72,151776,109.74,31172,109.75,225148
1753769629546,06:13:49.546,mexc,LTC/USDT:USDT,109.73,140988,109.72,151776,109.74,31172,109.75,285017
1753769629851,06:13:49.851,mexc,LTC/USDT:USDT,109.73,140988,109.72,151776,109.74,31172,109.75,285017
1753769630045,06:13:50.045,mexc,LTC/USDT:USDT,109.73,140988,109.72,151776,109.74,31172,109.75,292388
1753769630273,06:13:50.273,mexc,LTC/USDT:USDT,109.73,140988,109.72,151776,109.74,130699,109.75,292388
1753769630448,06:13:50.448,mexc,LTC/USDT:USDT,109.73,64682,109.72,77332,109.74,99527,109.75,218616
1753769630546,06:13:50.546,mexc,LTC/USDT:USDT,109.73,64682,109.72,77332,109.74,99527,109.75,218616
1753769630949,06:13:50.949,mexc,LTC/USDT:USDT,109.73,64682,109.72,77332,109.74,99527,109.75,218616
1753769631045,06:13:51.045,mexc,LTC/USDT:USDT,109.73,64682,109.72,77332,109.74,99527,109.75,218616
1753769631352,06:13:51.352,mexc,LTC/USDT:USDT,109.73,64682,109.72,77332,109.74,99527,109.75,218616
1753769631546,06:13:51.546,mexc,LTC/USDT:USDT,109.73,64682,109.72,77332,109.74,99527,109.75,311765
1753769631647,06:13:51.647,mexc,LTC/USDT:USDT,109.73,64682,109.72,77332,109.74,99527,109.75,311765
1753769632046,06:13:52.046,mexc,LTC/USDT:USDT,109.73,64682,109.72,77332,109.74,99527,109.75,218616
1753769632046,06:13:52.046,mexc,LTC/USDT:USDT,109.73,64682,109.72,77332,109.74,99527,109.75,218616
1753769632449,06:13:52.449,mexc,LTC/USDT:USDT,109.73,64682,109.72,77332,109.74,99527,109.75,218616
1753769632547,06:13:52.547,mexc,LTC/USDT:USDT,109.73,64682,109.72,95837,109.74,99527,109.75,218616
1753769632736,06:13:52.736,mexc,LTC/USDT:USDT,109.73,64682,109.72,95837,109.74,99527,109.75,218616
1753769633046,06:13:53.046,mexc,LTC/USDT:USDT,109.73,64682,109.72,86224,109.74,99527,109.75,272734
1753769633353,06:13:53.353,mexc,LTC/USDT:USDT,109.73,64682,109.72,77332,109.74,99527,109.75,272734
1753769633547,06:13:53.547,mexc,LTC/USDT:USDT,109.73,64682,109.72,77332,109.74,99527,109.75,389970
1753769633853,06:13:53.853,mexc,LTC/USDT:USDT,109.73,64682,109.72,77332,109.74,99527,109.75,389970
1753769634048,06:13:54.048,mexc,LTC/USDT:USDT,109.73,64682,109.72,77332,109.74,99527,109.75,252322
1753769634355,06:13:54.355,mexc,LTC/USDT:USDT,109.73,64682,109.72,77332,109.74,99527,109.75,252322
1753769634548,06:13:54.548,mexc,LTC/USDT:USDT,109.73,64682,109.72,77332,109.74,99527,109.75,302972
1753769634855,06:13:54.855,mexc,LTC/USDT:USDT,109.73,64682,109.72,77332,109.74,99527,109.75,302972
1753769635046,06:13:55.046,mexc,LTC/USDT:USDT,109.73,64682,109.72,94142,109.74,99527,109.75,218616
1753769635354,06:13:55.354,mexc,LTC/USDT:USDT,109.73,64682,109.72,94142,109.74,99527,109.75,218616
1753769635548,06:13:55.548,mexc,LTC/USDT:USDT,109.73,64682,109.72,77332,109.74,99527,109.75,218616
1753769635854,06:13:55.854,mexc,LTC/USDT:USDT,109.73,64682,109.72,77332,109.74,99527,109.75,218616
1753769636047,06:13:56.047,mexc,LTC/USDT:USDT,109.73,64682,109.72,101136,109.74,99527,109.75,300546
1753769636273,06:13:56.273,mexc,LTC/USDT:USDT,109.73,64682,109.72,101136,109.74,169711,109.75,300546
1753769636455,06:13:56.455,mexc,LTC/USDT:USDT,109.73,126869,109.72,148962,109.74,70184,109.75,71749
1753769636547,06:13:56.547,mexc,LTC/USDT:USDT,109.73,126869,109.72,148962,109.74,70184,109.75,71749
1753769636954,06:13:56.954,mexc,LTC/USDT:USDT,109.73,126869,109.72,148962,109.74,70184,109.75,71749
1753769637047,06:13:57.047,mexc,LTC/USDT:USDT,109.73,126869,109.72,148962,109.74,70184,109.75,91020
1753769637355,06:13:57.355,mexc,LTC/USDT:USDT,109.73,126869,109.72,148962,109.74,70184,109.75,91020
1753769637547,06:13:57.547,mexc,LTC/USDT:USDT,109.73,126869,109.72,196404,109.74,70184,109.75,101011
1753769637645,06:13:57.645,mexc,LTC/USDT:USDT,109.73,126869,109.72,196404,109.74,70184,109.75,101011
1753769637954,06:13:57.954,mexc,LTC/USDT:USDT,109.73,126869,109.72,148962,109.74,70184,109.75,71749
1753769638048,06:13:58.048,mexc,LTC/USDT:USDT,109.73,126869,109.72,148962,109.74,70184,109.75,71749
1753769638548,06:13:58.548,mexc,LTC/USDT:USDT,109.73,126869,109.72,171021,109.74,70184,109.75,71749
1753769638741,06:13:58.741,mexc,LTC/USDT:USDT,109.73,126869,109.72,171021,109.74,70184,109.75,71749
1753769638950,06:13:58.950,mexc,LTC/USDT:USDT,109.73,126869,109.72,148962,109.74,70184,109.75,71749
1753769639048,06:13:59.048,mexc,LTC/USDT:USDT,109.73,126869,109.72,196230,109.74,70184,109.75,90918
1753769639353,06:13:59.353,mexc,LTC/USDT:USDT,109.73,124683,109.72,196230,109.74,70184,109.75,90918
1753769639548,06:13:59.548,mexc,LTC/USDT:USDT,109.73,124683,109.72,148962,109.74,70184,109.75,81820
1753769639854,06:13:59.854,mexc,LTC/USDT:USDT,109.73,124683,109.72,148962,109.74,70184,109.75,81820
1753769640049,06:14:00.049,mexc,LTC/USDT:USDT,109.73,124683,109.72,217000,109.74,70184,109.75,97182
1753769640359,06:14:00.359,mexc,LTC/USDT:USDT,109.73,124683,109.72,148962,109.74,70184,109.75,97182
1753769640549,06:14:00.549,mexc,LTC/USDT:USDT,109.73,124683,109.72,148962,109.74,70184,109.75,71749
1753769640641,06:14:00.641,mexc,LTC/USDT:USDT,109.73,124683,109.72,148962,109.74,70184,109.75,71749
1753769641049,06:14:01.049,mexc,LTC/USDT:USDT,109.73,124683,109.72,173739,109.74,70184,109.75,71749
1753769641049,06:14:01.049,mexc,LTC/USDT:USDT,109.73,124683,109.72,173739,109.74,70184,109.75,71749
1753769641452,06:14:01.452,mexc,LTC/USDT:USDT,109.73,124683,109.72,148962,109.74,70184,109.75,71749
1753769641611,06:14:01.611,mexc,LTC/USDT:USDT,109.73,124683,109.72,148962,109.74,70139,109.75,89952
1753769641855,06:14:01.855,mexc,LTC/USDT:USDT,109.73,124683,109.72,148962,109.74,70139,109.75,89952
1753769642051,06:14:02.051,mexc,LTC/USDT:USDT,109.73,124683,109.72,245933,109.74,70139,109.75,71749
1753769642279,06:14:02.279,mexc,LTC/USDT:USDT,109.73,124683,109.72,245933,109.74,96964,109.75,71749
1753769642454,06:14:02.454,mexc,LTC/USDT:USDT,109.73,134277,109.72,177905,109.74,26825,109.75,109404
1753769642551,06:14:02.551,mexc,LTC/USDT:USDT,109.73,134277,109.72,177905,109.74,26825,109.75,139214
1753769642953,06:14:02.953,mexc,LTC/USDT:USDT,109.73,134277,109.72,177905,109.74,26825,109.75,109404
1753769643049,06:14:03.049,mexc,LTC/USDT:USDT,109.73,134277,109.72,177905,109.74,26825,109.75,109404
1753769643356,06:14:03.356,mexc,LTC/USDT:USDT,109.73,134277,109.72,177905,109.74,26825,109.75,109404
1753769643550,06:14:03.550,mexc,LTC/USDT:USDT,109.73,134277,109.72,239869,109.74,26825,109.75,128134
1753769643656,06:14:03.656,mexc,LTC/USDT:USDT,109.73,134277,109.72,239869,109.74,26279,109.75,128134
1753769643955,06:14:03.955,mexc,LTC/USDT:USDT,109.73,134277,109.72,177905,109.74,26279,109.75,109404
1753769644055,06:14:04.055,mexc,LTC/USDT:USDT,109.73,134277,109.72,177905,109.74,26279,109.75,109404
1753769644455,06:14:04.455,mexc,LTC/USDT:USDT,109.73,134277,109.72,177905,109.74,26279,109.75,109404
1753769644551,06:14:04.551,mexc,LTC/USDT:USDT,109.73,134277,109.72,251167,109.74,26279,109.75,126035
1753769644954,06:14:04.954,mexc,LTC/USDT:USDT,109.73,134277,109.72,260317,109.74,26279,109.75,126035
1753769645050,06:14:05.050,mexc,LTC/USDT:USDT,109.73,134277,109.72,260317,109.74,26279,109.75,109404
1753769645357,06:14:05.357,mexc,LTC/USDT:USDT,109.73,134277,109.72,177905,109.74,26279,109.75,109404
1753769645550,06:14:05.550,mexc,LTC/USDT:USDT,109.73,134277,109.72,177905,109.74,26279,109.75,139876
1753769645857,06:14:05.857,mexc,LTC/USDT:USDT,109.73,134277,109.72,177905,109.74,26279,109.75,139876
1753769646052,06:14:06.052,mexc,LTC/USDT:USDT,109.73,134277,109.72,216317,109.74,26279,109.75,109404
1753769646357,06:14:06.357,mexc,LTC/USDT:USDT,109.73,134277,109.72,177905,109.74,26279,109.75,109404
1753769646551,06:14:06.551,mexc,LTC/USDT:USDT,109.73,134277,109.72,199621,109.74,26279,109.75,131791
1753769646858,06:14:06.858,mexc,LTC/USDT:USDT,109.73,134277,109.72,177905,109.74,26279,109.75,131791
1753769647053,06:14:07.053,mexc,LTC/USDT:USDT,109.75,182516,109.74,240563,109.76,893,109.77,254043
1753769647357,06:14:07.357,mexc,LTC/USDT:USDT,109.75,182516,109.74,240563,109.76,893,109.77,254043
1753769647551,06:14:07.551,mexc,LTC/USDT:USDT,109.75,258530,109.74,240563,109.76,893,109.77,254043
1753769647856,06:14:07.856,mexc,LTC/USDT:USDT,109.75,258530,109.74,240563,109.76,893,109.77,254043
1753769648051,06:14:08.051,mexc,LTC/USDT:USDT,109.75,182516,109.74,286192,109.76,893,109.77,254043
1753769648357,06:14:08.357,mexc,LTC/USDT:USDT,109.75,182516,109.74,240563,109.76,893,109.77,254043
1753769648553,06:14:08.553,mexc,LTC/USDT:USDT,109.75,338152,109.74,240563,109.76,893,109.77,254043
1753769648858,06:14:08.858,mexc,LTC/USDT:USDT,109.75,266115,109.74,240563,109.76,893,109.77,254043
1753769649051,06:14:09.051,mexc,LTC/USDT:USDT,109.75,202989,109.74,303911,109.76,893,109.77,254043
1753769649358,06:14:09.358,mexc,LTC/USDT:USDT,109.75,202989,109.74,240563,109.76,893,109.77,254043
1753769649553,06:14:09.553,mexc,LTC/USDT:USDT,109.75,182516,109.74,287830,109.76,893,109.77,254043
1753769649822,06:14:09.822,mexc,LTC/USDT:USDT,109.75,182516,109.74,287830,109.76,893,109.77,254043
1753769649957,06:14:09.957,mexc,LTC/USDT:USDT,109.75,214138,109.74,240563,109.76,893,109.77,254043
1753769650052,06:14:10.052,mexc,LTC/USDT:USDT,109.75,214138,109.74,240563,109.76,893,109.77,254043
1753769650456,06:14:10.456,mexc,LTC/USDT:USDT,109.75,258734,109.74,240563,109.76,893,109.77,254043
1753769650552,06:14:10.552,mexc,LTC/USDT:USDT,109.75,258734,109.74,240563,109.76,893,109.77,254043
1753769650859,06:14:10.859,mexc,LTC/USDT:USDT,109.75,182516,109.74,240563,109.76,893,109.77,254043
1753769651053,06:14:11.053,mexc,LTC/USDT:USDT,109.75,182516,109.74,240563,109.76,893,109.77,254043
1753769651420,06:14:11.420,mexc,LTC/USDT:USDT,109.75,182516,109.74,240563,109.76,893,109.77,254043
1753769651553,06:14:11.553,mexc,LTC/USDT:USDT,109.75,231054,109.74,240563,109.76,893,109.77,254043
1753769651860,06:14:11.860,mexc,LTC/USDT:USDT,109.75,231054,109.74,240563,109.76,459,109.77,254043
1753769652055,06:14:12.055,mexc,LTC/USDT:USDT,109.75,240828,109.74,240563,109.76,459,109.77,254043
1753769652317,06:14:12.317,mexc,LTC/USDT:USDT,109.75,240828,109.74,240563,109.76,459,109.77,283392
1753769652461,06:14:12.461,mexc,LTC/USDT:USDT,109.75,143425,109.74,338541,109.76,459,109.77,31349
1753769652554,06:14:12.554,mexc,LTC/USDT:USDT,109.75,143425,109.74,338541,109.76,459,109.77,31349
1753769652957,06:14:12.957,mexc,LTC/USDT:USDT,109.75,143425,109.74,235206,109.76,459,109.77,31349
1753769653054,06:14:13.054,mexc,LTC/USDT:USDT,109.75,143425,109.74,315527,109.76,459,109.77,31349
1753769653360,06:14:13.360,mexc,LTC/USDT:USDT,109.75,143425,109.74,315527,109.76,459,109.77,31349
1753769653552,06:14:13.552,mexc,LTC/USDT:USDT,109.75,143425,109.74,235206,109.76,459,109.77,31349
1753769653863,06:14:13.863,mexc,LTC/USDT:USDT,109.75,143425,109.74,235206,109.76,459,109.77,31349
1753769654054,06:14:14.054,mexc,LTC/USDT:USDT,109.75,202601,109.74,235206,109.76,459,109.77,31349
1753769654362,06:14:14.362,mexc,LTC/USDT:USDT,109.75,202601,109.74,235206,109.76,459,109.77,31349
1753769654553,06:14:14.553,mexc,LTC/USDT:USDT,109.75,143425,109.74,312879,109.76,459,109.77,31349
1753769654860,06:14:14.860,mexc,LTC/USDT:USDT,109.75,143425,109.74,312879,109.76,459,109.77,31349
1753769655054,06:14:15.054,mexc,LTC/USDT:USDT,109.75,143425,109.74,235206,109.76,459,109.77,31349
1753769655360,06:14:15.360,mexc,LTC/USDT:USDT,109.75,143425,109.74,235206,109.76,459,109.77,31349
1753769655554,06:14:15.554,mexc,LTC/USDT:USDT,109.75,143425,109.74,278858,109.76,459,109.77,31349
1753769655823,06:14:15.823,mexc,LTC/USDT:USDT,109.75,143425,109.74,278858,109.76,459,109.77,31349
1753769655959,06:14:15.959,mexc,LTC/USDT:USDT,109.75,143425,109.74,235206,109.76,459,109.77,31349
1753769656064,06:14:16.064,mexc,LTC/USDT:USDT,109.75,143425,109.74,235206,109.76,459,109.77,31349
1753769656464,06:14:16.464,mexc,LTC/USDT:USDT,109.75,143425,109.74,235206,109.76,459,109.77,31349
1753769656565,06:14:16.565,mexc,LTC/USDT:USDT,109.75,143425,109.74,235206,109.76,459,109.77,31349
