timestamp,time,exchange,symbol,bid1_price,bid1_volume,bid2_price,bid2_volume,ask1_price,ask1_volume,ask2_price,ask2_volume
1753769563520,06:12:43.520,xt,SOL/USDT:USDT,184.8,1.0,184.78,12.0,184.81,220.0,184.82,271.0
1753769563549,06:12:43.549,xt,SOL/USDT:USDT,184.8,1.0,184.78,12.0,184.81,61.0,184.82,1607.0
1753769563846,06:12:43.846,xt,SOL/USDT:USDT,184.8,1.0,184.78,12.0,184.81,86.0,184.82,441.0
1753769563932,06:12:43.932,xt,SOL/USDT:USDT,184.8,1.0,184.78,12.0,184.81,86.0,184.82,441.0
1753769564152,06:12:44.152,xt,SOL/USDT:USDT,184.8,1.0,184.78,12.0,184.81,88.0,184.82,1610.0
1753769564359,06:12:44.359,xt,SOL/USDT:USDT,184.8,1.0,184.78,12.0,184.81,88.0,184.82,1610.0
1753769564460,06:12:44.460,xt,SOL/USDT:USDT,184.8,1.0,184.78,12.0,184.81,617.0,184.82,1234.0
1753769564572,06:12:44.572,xt,SOL/USDT:USDT,184.8,1.0,184.78,12.0,184.81,617.0,184.82,1234.0
1753769564777,06:12:44.777,xt,SOL/USDT:USDT,184.8,1.0,184.78,12.0,184.81,691.0,184.82,1243.0
1753769565080,06:12:45.080,xt,SOL/USDT:USDT,184.8,1.0,184.78,12.0,184.81,348.0,184.82,2054.0
1753769565197,06:12:45.197,xt,SOL/USDT:USDT,184.8,1.0,184.78,12.0,184.81,348.0,184.82,2054.0
1753769565369,06:12:45.369,xt,SOL/USDT:USDT,184.8,1.0,184.78,12.0,184.83,796.0,184.84,1929.0
1753769565405,06:12:45.405,xt,SOL/USDT:USDT,184.8,1.0,184.78,12.0,184.83,796.0,184.84,1929.0
1753769565619,06:12:45.619,xt,SOL/USDT:USDT,184.8,1.0,184.78,12.0,184.83,796.0,184.84,1929.0
1753769565684,06:12:45.684,xt,SOL/USDT:USDT,184.8,1.0,184.78,12.0,184.83,641.0,184.84,498.0
1753769565827,06:12:45.827,xt,SOL/USDT:USDT,184.8,1.0,184.78,12.0,184.83,641.0,184.84,498.0
1753769566035,06:12:46.035,xt,SOL/USDT:USDT,184.8,1.0,184.78,12.0,184.83,755.0,184.84,203.0
1753769566270,06:12:46.270,xt,SOL/USDT:USDT,184.8,1.0,184.78,12.0,184.83,795.0,184.84,217.0
1753769566581,06:12:46.581,xt,SOL/USDT:USDT,184.8,1.0,184.78,12.0,184.83,8.0,184.84,2013.0
1753769566655,06:12:46.655,xt,SOL/USDT:USDT,184.8,1.0,184.78,12.0,184.85,1772.0,184.86,2042.0
1753769566900,06:12:46.900,xt,SOL/USDT:USDT,184.8,1.0,184.78,12.0,184.85,661.0,184.86,620.0
1753769567209,06:12:47.209,xt,SOL/USDT:USDT,184.8,1.0,184.78,12.0,184.85,261.0,184.86,1774.0
1753769567292,06:12:47.292,xt,SOL/USDT:USDT,184.8,1.0,184.78,12.0,184.85,261.0,184.86,1774.0
1753769567503,06:12:47.503,xt,SOL/USDT:USDT,184.78,12.0,184.77,669.0,184.85,261.0,184.86,1774.0
1753769567550,06:12:47.550,xt,SOL/USDT:USDT,184.78,12.0,184.76,628.0,184.85,423.0,184.86,1803.0
1753769567713,06:12:47.713,xt,SOL/USDT:USDT,184.78,12.0,184.76,628.0,184.85,423.0,184.86,1803.0
1753769567829,06:12:47.829,xt,SOL/USDT:USDT,184.78,12.0,184.76,275.0,184.83,72.0,184.84,1370.0
1753769567923,06:12:47.923,xt,SOL/USDT:USDT,184.78,12.0,184.76,275.0,184.83,72.0,184.84,1370.0
1753769568130,06:12:48.130,xt,SOL/USDT:USDT,184.78,12.0,184.76,413.0,184.83,462.0,184.84,516.0
1753769568440,06:12:48.440,xt,SOL/USDT:USDT,184.78,12.0,184.76,707.0,184.83,389.0,184.84,1785.0
1753769568549,06:12:48.549,xt,SOL/USDT:USDT,184.78,12.0,184.76,707.0,184.83,389.0,184.84,1785.0
1753769568767,06:12:48.767,xt,SOL/USDT:USDT,184.78,12.0,184.76,81.0,184.83,138.0,184.84,1671.0
1753769568959,06:12:48.959,xt,SOL/USDT:USDT,184.78,12.0,184.76,81.0,184.83,138.0,184.84,1671.0
1753769569067,06:12:49.067,xt,SOL/USDT:USDT,184.78,12.0,184.76,520.0,184.83,583.0,184.84,175.0
1753769569179,06:12:49.179,xt,SOL/USDT:USDT,184.78,12.0,184.76,520.0,184.83,583.0,184.84,175.0
1753769569394,06:12:49.394,xt,SOL/USDT:USDT,184.78,12.0,184.76,279.0,184.83,382.0,184.84,196.0
1753769569599,06:12:49.599,xt,SOL/USDT:USDT,184.78,12.0,184.76,279.0,184.83,382.0,184.84,196.0
1753769569695,06:12:49.695,xt,SOL/USDT:USDT,184.78,12.0,184.76,623.0,184.83,502.0,184.84,456.0
1753769569813,06:12:49.813,xt,SOL/USDT:USDT,184.78,12.0,184.76,623.0,184.83,502.0,184.84,456.0
1753769570025,06:12:50.025,xt,SOL/USDT:USDT,184.78,12.0,184.76,656.0,184.83,343.0,184.84,780.0
1753769570328,06:12:50.328,xt,SOL/USDT:USDT,184.78,12.0,184.76,125.0,184.83,421.0,184.84,205.0
1753769570449,06:12:50.449,xt,SOL/USDT:USDT,184.78,12.0,184.76,125.0,184.83,421.0,184.84,205.0
1753769570657,06:12:50.657,xt,SOL/USDT:USDT,184.78,12.0,184.76,795.0,184.83,669.0,184.84,1742.0
1753769570919,06:12:50.919,xt,SOL/USDT:USDT,184.78,12.0,184.76,594.0,184.83,767.0,184.84,341.0
1753769571066,06:12:51.066,xt,SOL/USDT:USDT,184.78,12.0,184.76,594.0,184.83,767.0,184.84,341.0
1753769571290,06:12:51.290,xt,SOL/USDT:USDT,184.78,12.0,184.76,364.0,184.83,166.0,184.84,1915.0
1753769571557,06:12:51.557,xt,SOL/USDT:USDT,184.78,12.0,184.77,6.0,184.84,432.0,184.85,1295.0
1753769571707,06:12:51.707,xt,SOL/USDT:USDT,184.78,12.0,184.77,6.0,184.84,432.0,184.85,1295.0
1753769571920,06:12:51.920,xt,SOL/USDT:USDT,184.78,12.0,184.77,78.0,184.84,437.0,184.85,1458.0
1753769572126,06:12:52.126,xt,SOL/USDT:USDT,184.78,12.0,184.77,78.0,184.84,437.0,184.85,1458.0
1753769572180,06:12:52.180,xt,SOL/USDT:USDT,184.78,12.0,184.77,691.0,184.84,421.0,184.85,607.0
1753769572335,06:12:52.335,xt,SOL/USDT:USDT,184.78,12.0,184.77,691.0,184.84,421.0,184.85,1265.0
1753769572510,06:12:52.510,xt,SOL/USDT:USDT,184.78,12.0,184.77,365.0,184.84,602.0,184.85,1871.0
1753769572547,06:12:52.547,xt,SOL/USDT:USDT,184.78,12.0,184.77,365.0,184.84,602.0,184.85,1871.0
1753769572753,06:12:52.753,xt,SOL/USDT:USDT,184.78,12.0,184.77,365.0,184.84,602.0,184.85,1910.0
1753769572847,06:12:52.847,xt,SOL/USDT:USDT,184.78,12.0,184.77,409.0,184.84,477.0,184.85,1379.0
1753769572961,06:12:52.961,xt,SOL/USDT:USDT,184.78,12.0,184.77,409.0,184.84,477.0,184.85,1379.0
1753769573172,06:12:53.172,xt,SOL/USDT:USDT,184.78,12.0,184.77,380.0,184.84,188.0,184.85,626.0
1753769573386,06:12:53.386,xt,SOL/USDT:USDT,184.78,12.0,184.77,380.0,184.84,188.0,184.85,943.0
1753769573503,06:12:53.503,xt,SOL/USDT:USDT,184.78,12.0,184.77,158.0,184.84,411.0,184.85,1804.0
1753769573597,06:12:53.597,xt,SOL/USDT:USDT,184.78,12.0,184.77,158.0,184.84,411.0,184.85,1804.0
1753769573830,06:12:53.830,xt,SOL/USDT:USDT,184.78,12.0,184.77,193.0,184.84,46.0,184.85,1198.0
1753769574018,06:12:54.018,xt,SOL/USDT:USDT,184.78,12.0,184.77,193.0,184.84,46.0,184.85,1198.0
1753769574137,06:12:54.137,xt,SOL/USDT:USDT,184.78,12.0,184.77,698.0,184.84,37.0,184.85,1796.0
1753769574232,06:12:54.232,xt,SOL/USDT:USDT,184.78,12.0,184.77,698.0,184.84,37.0,184.85,1796.0
1753769574437,06:12:54.437,xt,SOL/USDT:USDT,184.78,12.0,184.77,474.0,184.84,378.0,184.85,789.0
1753769574729,06:12:54.729,xt,SOL/USDT:USDT,184.78,12.0,184.77,563.0,184.84,208.0,184.85,1785.0
1753769574856,06:12:54.856,xt,SOL/USDT:USDT,184.78,12.0,184.77,563.0,184.84,208.0,184.85,1785.0
1753769575061,06:12:55.061,xt,SOL/USDT:USDT,184.78,12.0,184.77,532.0,184.84,812.0,184.85,303.0
1753769575282,06:12:55.282,xt,SOL/USDT:USDT,184.78,12.0,184.77,532.0,184.84,812.0,184.85,303.0
1753769575364,06:12:55.364,xt,SOL/USDT:USDT,184.78,12.0,184.77,597.0,184.84,26.0,184.85,597.0
1753769575483,06:12:55.483,xt,SOL/USDT:USDT,184.78,12.0,184.77,597.0,184.84,26.0,184.85,597.0
1753769575692,06:12:55.692,xt,SOL/USDT:USDT,184.78,12.0,184.77,467.0,184.84,234.0,184.85,944.0
1753769575909,06:12:55.909,xt,SOL/USDT:USDT,184.78,12.0,184.77,467.0,184.84,234.0,184.85,944.0
1753769575959,06:12:55.959,xt,SOL/USDT:USDT,184.78,12.0,184.77,111.0,184.84,708.0,184.85,56.0
1753769576115,06:12:56.115,xt,SOL/USDT:USDT,184.78,12.0,184.77,111.0,184.84,708.0,184.85,56.0
1753769576330,06:12:56.330,xt,SOL/USDT:USDT,184.78,12.0,184.77,466.0,184.84,216.0,184.85,1897.0
1753769576565,06:12:56.565,xt,SOL/USDT:USDT,184.78,12.0,184.77,113.0,184.84,598.0,184.85,512.0
1753769576867,06:12:56.867,xt,SOL/USDT:USDT,184.78,12.0,184.77,450.0,184.84,775.0,184.85,1802.0
1753769576950,06:12:56.950,xt,SOL/USDT:USDT,184.78,12.0,184.77,450.0,184.84,775.0,184.85,1802.0
1753769577165,06:12:57.165,xt,SOL/USDT:USDT,184.78,12.0,184.77,807.0,184.84,63.0,184.85,742.0
1753769577379,06:12:57.379,xt,SOL/USDT:USDT,184.78,12.0,184.77,807.0,184.84,63.0,184.85,742.0
1753769577473,06:12:57.473,xt,SOL/USDT:USDT,184.78,12.0,184.77,264.0,184.84,25.0,184.85,1985.0
1753769577599,06:12:57.599,xt,SOL/USDT:USDT,184.78,12.0,184.77,264.0,184.84,25.0,184.85,1985.0
1753769577789,06:12:57.789,xt,SOL/USDT:USDT,184.78,12.0,184.77,672.0,184.84,431.0,184.85,232.0
1753769578010,06:12:58.010,xt,SOL/USDT:USDT,184.78,12.0,184.77,672.0,184.84,431.0,184.85,232.0
1753769578093,06:12:58.093,xt,SOL/USDT:USDT,184.78,12.0,184.77,681.0,184.84,710.0,184.85,481.0
1753769578212,06:12:58.212,xt,SOL/USDT:USDT,184.78,12.0,184.77,681.0,184.84,710.0,184.85,481.0
1753769578423,06:12:58.423,xt,SOL/USDT:USDT,184.78,12.0,184.77,547.0,184.84,580.0,184.85,38.0
1753769578696,06:12:58.696,xt,SOL/USDT:USDT,184.78,12.0,184.77,266.0,184.84,578.0,184.85,803.0
1753769578848,06:12:58.848,xt,SOL/USDT:USDT,184.78,12.0,184.77,266.0,184.84,578.0,184.85,803.0
1753769579050,06:12:59.050,xt,SOL/USDT:USDT,184.78,12.0,184.77,738.0,184.84,807.0,184.85,2035.0
1753769579268,06:12:59.268,xt,SOL/USDT:USDT,184.78,12.0,184.77,738.0,184.84,807.0,184.85,2035.0
1753769579360,06:12:59.360,xt,SOL/USDT:USDT,184.78,12.0,184.77,195.0,184.84,733.0,184.85,1376.0
1753769579476,06:12:59.476,xt,SOL/USDT:USDT,184.78,12.0,184.77,195.0,184.84,733.0,184.85,1376.0
1753769579680,06:12:59.680,xt,SOL/USDT:USDT,184.78,12.0,184.77,516.0,184.84,591.0,184.85,640.0
1753769579989,06:12:59.989,xt,SOL/USDT:USDT,184.78,12.0,184.77,567.0,184.84,485.0,184.85,439.0
1753769580108,06:13:00.108,xt,SOL/USDT:USDT,184.78,12.0,184.77,567.0,184.84,485.0,184.85,439.0
1753769580300,06:13:00.300,xt,SOL/USDT:USDT,184.78,12.0,184.77,408.0,184.84,25.0,184.85,125.0
1753769580593,06:13:00.593,xt,SOL/USDT:USDT,184.78,12.0,184.77,545.0,184.84,144.0,184.85,1568.0
1753769580729,06:13:00.729,xt,SOL/USDT:USDT,184.78,12.0,184.77,545.0,184.84,144.0,184.85,1568.0
1753769580884,06:13:00.884,xt,SOL/USDT:USDT,184.78,12.0,184.77,294.0,184.84,148.0,184.85,667.0
1753769580943,06:13:00.943,xt,SOL/USDT:USDT,184.78,12.0,184.77,294.0,184.84,148.0,184.85,667.0
1753769581180,06:13:01.180,xt,SOL/USDT:USDT,184.78,12.0,184.77,485.0,184.84,265.0,184.85,630.0
1753769581363,06:13:01.363,xt,SOL/USDT:USDT,184.78,12.0,184.77,485.0,184.84,265.0,184.85,630.0
1753769581513,06:13:01.513,xt,SOL/USDT:USDT,184.78,12.0,184.77,433.0,184.84,123.0,184.85,507.0
1753769581575,06:13:01.575,xt,SOL/USDT:USDT,184.78,12.0,184.77,433.0,184.84,123.0,184.85,507.0
1753769581842,06:13:01.842,xt,SOL/USDT:USDT,184.78,12.0,184.77,139.0,184.84,708.0,184.85,1179.0
1753769581995,06:13:01.995,xt,SOL/USDT:USDT,184.78,12.0,184.77,139.0,184.84,708.0,184.85,1179.0
1753769582148,06:13:02.148,xt,SOL/USDT:USDT,184.78,12.0,184.77,684.0,184.84,325.0,184.85,1833.0
1753769582211,06:13:02.211,xt,SOL/USDT:USDT,184.78,12.0,184.77,684.0,184.84,325.0,184.85,1833.0
1753769582415,06:13:02.415,xt,SOL/USDT:USDT,184.78,12.0,184.77,684.0,184.84,325.0,184.85,1833.0
1753769582440,06:13:02.440,xt,SOL/USDT:USDT,184.78,12.0,184.77,97.0,184.84,461.0,184.85,782.0
1753769582611,06:13:02.611,xt,SOL/USDT:USDT,184.78,12.0,184.77,97.0,184.84,461.0,184.85,782.0
1753769582742,06:13:02.742,xt,SOL/USDT:USDT,184.78,12.0,184.77,130.0,184.84,201.0,184.85,1530.0
1753769582837,06:13:02.837,xt,SOL/USDT:USDT,184.78,12.0,184.77,130.0,184.84,201.0,184.85,1530.0
1753769583078,06:13:03.078,xt,SOL/USDT:USDT,184.78,12.0,184.77,439.0,184.84,594.0,184.85,2042.0
1753769583249,06:13:03.249,xt,SOL/USDT:USDT,184.78,12.0,184.77,439.0,184.84,594.0,184.85,2042.0
1753769583373,06:13:03.373,xt,SOL/USDT:USDT,184.78,12.0,184.77,763.0,184.84,207.0,184.85,1520.0
1753769583462,06:13:03.462,xt,SOL/USDT:USDT,184.78,12.0,184.77,763.0,184.84,207.0,184.85,1520.0
1753769583671,06:13:03.671,xt,SOL/USDT:USDT,184.78,12.0,184.77,388.0,184.84,740.0,184.85,1550.0
1753769583971,06:13:03.971,xt,SOL/USDT:USDT,184.78,12.0,184.77,46.0,184.84,618.0,184.85,1140.0
1753769584100,06:13:04.100,xt,SOL/USDT:USDT,184.78,12.0,184.77,46.0,184.84,618.0,184.85,1140.0
1753769584297,06:13:04.297,xt,SOL/USDT:USDT,184.78,12.0,184.77,785.0,184.84,299.0,184.85,1200.0
1753769584507,06:13:04.507,xt,SOL/USDT:USDT,184.78,12.0,184.77,785.0,184.84,299.0,184.85,1200.0
1753769584601,06:13:04.601,xt,SOL/USDT:USDT,184.78,12.0,184.77,534.0,184.84,677.0,184.85,1076.0
1753769584712,06:13:04.712,xt,SOL/USDT:USDT,184.78,12.0,184.77,534.0,184.84,677.0,184.85,1076.0
1753769584931,06:13:04.931,xt,SOL/USDT:USDT,184.78,12.0,184.77,545.0,184.84,219.0,184.85,629.0
1753769585144,06:13:05.144,xt,SOL/USDT:USDT,184.78,12.0,184.77,545.0,184.84,219.0,184.85,629.0
1753769585256,06:13:05.256,xt,SOL/USDT:USDT,184.78,12.0,184.77,689.0,184.84,285.0,184.85,1968.0
1753769585356,06:13:05.356,xt,SOL/USDT:USDT,184.78,12.0,184.77,689.0,184.84,285.0,184.85,1968.0
1753769585563,06:13:05.563,xt,SOL/USDT:USDT,184.78,12.0,184.77,571.0,184.84,640.0,184.85,1620.0
1753769585766,06:13:05.766,xt,SOL/USDT:USDT,184.78,12.0,184.77,571.0,184.84,640.0,184.85,1620.0
1753769585867,06:13:05.867,xt,SOL/USDT:USDT,184.78,12.0,184.77,319.0,184.84,546.0,184.85,564.0
1753769585979,06:13:05.979,xt,SOL/USDT:USDT,184.78,12.0,184.77,319.0,184.84,546.0,184.85,564.0
1753769586192,06:13:06.192,xt,SOL/USDT:USDT,184.78,12.0,184.77,682.0,184.84,317.0,184.85,1517.0
1753769586469,06:13:06.469,xt,SOL/USDT:USDT,184.78,12.0,184.77,445.0,184.84,729.0,184.85,1795.0
1753769586611,06:13:06.611,xt,SOL/USDT:USDT,184.78,12.0,184.77,445.0,184.84,729.0,184.85,1795.0
1753769586836,06:13:06.836,xt,SOL/USDT:USDT,184.78,12.0,184.77,572.0,184.84,59.0,184.85,1185.0
1753769587097,06:13:07.097,xt,SOL/USDT:USDT,184.78,12.0,184.77,100.0,184.84,588.0,184.85,806.0
1753769587244,06:13:07.244,xt,SOL/USDT:USDT,184.78,12.0,184.77,100.0,184.84,588.0,184.85,806.0
1753769587395,06:13:07.395,xt,SOL/USDT:USDT,184.78,12.0,184.77,141.0,184.84,510.0,184.85,1243.0
1753769587460,06:13:07.460,xt,SOL/USDT:USDT,184.78,12.0,184.77,141.0,184.84,510.0,184.85,1243.0
1753769587652,06:13:07.652,xt,SOL/USDT:USDT,184.78,12.0,184.77,141.0,184.84,510.0,184.85,1243.0
1753769587689,06:13:07.689,xt,SOL/USDT:USDT,184.78,12.0,184.77,210.0,184.84,651.0,184.85,750.0
1753769587880,06:13:07.880,xt,SOL/USDT:USDT,184.78,12.0,184.77,210.0,184.84,651.0,184.85,750.0
1753769588002,06:13:08.002,xt,SOL/USDT:USDT,184.78,12.0,184.77,275.0,184.84,198.0,184.85,436.0
1753769588362,06:13:08.362,xt,SOL/USDT:USDT,184.81,1.0,184.78,12.0,184.84,198.0,184.85,436.0
1753769588289,06:13:08.289,xt,SOL/USDT:USDT,184.78,12.0,184.77,122.0,184.84,20.0,184.85,461.0
1753769588595,06:13:08.595,xt,SOL/USDT:USDT,184.78,12.0,184.77,498.0,184.84,283.0,184.85,1058.0
1753769588714,06:13:08.714,xt,SOL/USDT:USDT,184.78,12.0,184.77,498.0,184.84,283.0,184.85,1058.0
1753769588921,06:13:08.921,xt,SOL/USDT:USDT,184.78,12.0,184.77,636.0,184.84,41.0,184.85,637.0
1753769589134,06:13:09.134,xt,SOL/USDT:USDT,184.78,12.0,184.77,636.0,184.84,41.0,184.85,637.0
1753769589201,06:13:09.201,xt,SOL/USDT:USDT,184.78,12.0,184.77,718.0,184.84,738.0,184.85,1645.0
1753769589340,06:13:09.340,xt,SOL/USDT:USDT,184.78,12.0,184.77,718.0,184.84,738.0,184.85,1645.0
1753769589528,06:13:09.528,xt,SOL/USDT:USDT,184.78,12.0,184.77,669.0,184.84,128.0,184.85,487.0
1753769589552,06:13:09.552,xt,SOL/USDT:USDT,184.78,12.0,184.77,669.0,184.84,128.0,184.85,487.0
1753769589761,06:13:09.761,xt,SOL/USDT:USDT,184.78,12.0,184.77,669.0,184.84,128.0,184.85,487.0
1753769589857,06:13:09.857,xt,SOL/USDT:USDT,184.78,12.0,184.77,629.0,184.84,501.0,184.85,1401.0
1753769589977,06:13:09.977,xt,SOL/USDT:USDT,184.78,12.0,184.77,629.0,184.84,501.0,184.85,229.0
1753769590188,06:13:10.188,xt,SOL/USDT:USDT,184.78,12.0,184.77,634.0,184.84,370.0,184.85,609.0
1753769590449,06:13:10.449,xt,SOL/USDT:USDT,184.78,12.0,184.77,223.0,184.84,799.0,184.85,253.0
1753769590605,06:13:10.605,xt,SOL/USDT:USDT,184.78,12.0,184.77,223.0,184.84,799.0,184.85,253.0
1753769590813,06:13:10.813,xt,SOL/USDT:USDT,184.78,12.0,184.77,342.0,184.84,482.0,184.85,1863.0
1753769591232,06:13:11.232,xt,SOL/USDT:USDT,184.78,12.0,184.77,556.0,184.84,178.0,184.85,544.0
1753769591352,06:13:11.352,xt,SOL/USDT:USDT,184.78,12.0,184.77,64.0,184.84,752.0,184.85,2021.0
1753769591451,06:13:11.451,xt,SOL/USDT:USDT,184.78,12.0,184.77,64.0,184.84,752.0,184.85,2021.0
1753769591650,06:13:11.650,xt,SOL/USDT:USDT,184.78,12.0,184.77,245.0,184.84,402.0,184.85,1822.0
1753769591862,06:13:11.862,xt,SOL/USDT:USDT,184.78,12.0,184.77,245.0,184.84,402.0,184.85,1822.0
1753769591978,06:13:11.978,xt,SOL/USDT:USDT,184.78,12.0,184.77,413.0,184.84,337.0,184.85,177.0
1753769592072,06:13:12.072,xt,SOL/USDT:USDT,184.78,12.0,184.77,413.0,184.84,337.0,184.85,177.0
1753769592284,06:13:12.284,xt,SOL/USDT:USDT,184.78,12.0,184.77,154.0,184.84,501.0,184.85,1501.0
1753769592498,06:13:12.498,xt,SOL/USDT:USDT,184.78,12.0,184.77,154.0,184.84,501.0,184.85,1501.0
1753769592707,06:13:12.707,xt,SOL/USDT:USDT,184.78,12.0,184.77,406.0,184.84,625.0,184.85,387.0
1753769592916,06:13:12.916,xt,SOL/USDT:USDT,184.78,12.0,184.77,657.0,184.84,66.0,184.85,1577.0
1753769593181,06:13:13.181,xt,SOL/USDT:USDT,184.78,12.0,184.77,556.0,184.84,347.0,184.85,509.0
1753769593339,06:13:13.339,xt,SOL/USDT:USDT,184.78,12.0,184.77,556.0,184.84,347.0,184.85,509.0
1753769593481,06:13:13.481,xt,SOL/USDT:USDT,184.78,12.0,184.77,114.0,184.84,197.0,184.85,779.0
1753769593539,06:13:13.539,xt,SOL/USDT:USDT,184.78,12.0,184.77,114.0,184.84,197.0,184.85,779.0
1753769593779,06:13:13.779,xt,SOL/USDT:USDT,184.78,12.0,184.76,438.0,184.83,434.0,184.84,1634.0
1753769593966,06:13:13.966,xt,SOL/USDT:USDT,184.78,12.0,184.76,438.0,184.83,434.0,184.84,1634.0
1753769594087,06:13:14.087,xt,SOL/USDT:USDT,184.78,12.0,184.76,760.0,184.83,67.0,184.84,1111.0
1753769594171,06:13:14.171,xt,SOL/USDT:USDT,184.78,12.0,184.76,760.0,184.83,67.0,184.84,1111.0
1753769594387,06:13:14.387,xt,SOL/USDT:USDT,184.78,12.0,184.76,58.0,184.83,342.0,184.84,1260.0
1753769594591,06:13:14.591,xt,SOL/USDT:USDT,184.78,12.0,184.76,58.0,184.83,342.0,184.84,1260.0
1753769594807,06:13:14.807,xt,SOL/USDT:USDT,184.78,12.0,184.76,726.0,184.83,236.0,184.84,686.0
1753769595042,06:13:15.042,xt,SOL/USDT:USDT,184.78,12.0,184.75,601.0,184.82,730.0,184.83,473.0
1753769595220,06:13:15.220,xt,SOL/USDT:USDT,184.78,12.0,184.75,601.0,184.82,730.0,184.83,473.0
1753769595446,06:13:15.446,xt,SOL/USDT:USDT,184.78,12.0,184.75,782.0,184.82,404.0,184.83,939.0
1753769595650,06:13:15.650,xt,SOL/USDT:USDT,184.78,12.0,184.75,517.0,184.82,221.0,184.83,1035.0
1753769595849,06:13:15.849,xt,SOL/USDT:USDT,184.78,11.0,184.75,517.0,184.82,221.0,184.83,1035.0
1753769596058,06:13:16.058,xt,SOL/USDT:USDT,184.78,11.0,184.75,737.0,184.82,121.0,184.83,754.0
1753769596303,06:13:16.303,xt,SOL/USDT:USDT,184.78,11.0,184.75,417.0,184.82,31.0,184.83,787.0
1753769596483,06:13:16.483,xt,SOL/USDT:USDT,184.78,11.0,184.75,417.0,184.82,31.0,184.83,787.0
1753769596602,06:13:16.602,xt,SOL/USDT:USDT,184.78,11.0,184.75,562.0,184.82,285.0,184.83,383.0
1753769596678,06:13:16.678,xt,SOL/USDT:USDT,184.78,11.0,184.75,562.0,184.82,285.0,184.83,383.0
1753769596900,06:13:16.900,xt,SOL/USDT:USDT,184.78,11.0,184.75,255.0,184.82,434.0,184.83,682.0
1753769597113,06:13:17.113,xt,SOL/USDT:USDT,184.78,11.0,184.75,255.0,184.82,434.0,184.83,682.0
1753769597207,06:13:17.207,xt,SOL/USDT:USDT,184.78,11.0,184.75,518.0,184.82,586.0,184.83,1210.0
1753769597325,06:13:17.325,xt,SOL/USDT:USDT,184.78,11.0,184.75,518.0,184.82,586.0,184.83,1210.0
1753769597531,06:13:17.531,xt,SOL/USDT:USDT,184.78,11.0,184.75,399.0,184.82,567.0,184.83,1552.0
1753769597751,06:13:17.751,xt,SOL/USDT:USDT,184.78,11.0,184.75,399.0,184.82,567.0,184.83,1552.0
1753769597838,06:13:17.838,xt,SOL/USDT:USDT,184.78,11.0,184.75,489.0,184.82,719.0,184.83,288.0
1753769597956,06:13:17.956,xt,SOL/USDT:USDT,184.78,11.0,184.75,489.0,184.82,719.0,184.83,288.0
1753769598167,06:13:18.167,xt,SOL/USDT:USDT,184.78,11.0,184.75,303.0,184.82,748.0,184.83,1948.0
1753769598440,06:13:18.440,xt,SOL/USDT:USDT,184.78,11.0,184.74,53.0,184.81,200.0,184.82,1092.0
1753769598585,06:13:18.585,xt,SOL/USDT:USDT,184.78,11.0,184.74,53.0,184.81,200.0,184.82,1092.0
1753769598740,06:13:18.740,xt,SOL/USDT:USDT,184.78,11.0,184.74,246.0,184.81,253.0,184.82,405.0
1753769598798,06:13:18.798,xt,SOL/USDT:USDT,184.78,11.0,184.74,246.0,184.81,253.0,184.82,405.0
1753769599008,06:13:19.008,xt,SOL/USDT:USDT,184.78,11.0,184.74,246.0,184.81,253.0,184.82,405.0
1753769599033,06:13:19.033,xt,SOL/USDT:USDT,184.78,11.0,184.74,154.0,184.81,281.0,184.82,937.0
1753769599213,06:13:19.213,xt,SOL/USDT:USDT,184.78,11.0,184.74,154.0,184.81,281.0,184.82,937.0
1753769599425,06:13:19.425,xt,SOL/USDT:USDT,184.78,11.0,184.74,262.0,184.81,185.0,184.82,16.0
1753769599631,06:13:19.631,xt,SOL/USDT:USDT,184.78,11.0,184.74,723.0,184.81,576.0,184.82,76.0
1753769599939,06:13:19.939,xt,SOL/USDT:USDT,184.78,11.0,184.74,205.0,184.81,433.0,184.82,984.0
1753769600063,06:13:20.063,xt,SOL/USDT:USDT,184.78,11.0,184.74,205.0,184.81,433.0,184.82,984.0
1753769600271,06:13:20.271,xt,SOL/USDT:USDT,184.78,11.0,184.74,653.0,184.81,264.0,184.82,1673.0
1753769600478,06:13:20.478,xt,SOL/USDT:USDT,184.78,11.0,184.74,653.0,184.81,264.0,184.82,1673.0
1753769600541,06:13:20.541,xt,SOL/USDT:USDT,184.78,11.0,184.74,550.0,184.81,200.0,184.82,717.0
1753769600685,06:13:20.685,xt,SOL/USDT:USDT,184.78,11.0,184.74,550.0,184.81,200.0,184.82,717.0
1753769600836,06:13:20.836,xt,SOL/USDT:USDT,184.78,11.0,184.74,225.0,184.81,429.0,184.82,750.0
1753769601134,06:13:21.134,xt,SOL/USDT:USDT,184.78,11.0,184.74,594.0,184.81,691.0,184.82,1348.0
1753769601323,06:13:21.323,xt,SOL/USDT:USDT,184.78,11.0,184.74,594.0,184.81,691.0,184.82,1348.0
1753769601519,06:13:21.519,xt,SOL/USDT:USDT,184.78,11.0,184.74,650.0,184.81,348.0,184.82,189.0
1753769601730,06:13:21.730,xt,SOL/USDT:USDT,184.78,11.0,184.74,156.0,184.81,404.0,184.82,1668.0
1753769601945,06:13:21.945,xt,SOL/USDT:USDT,184.78,11.0,184.74,156.0,184.81,404.0,184.82,1668.0
1753769602030,06:13:22.030,xt,SOL/USDT:USDT,184.78,11.0,184.74,342.0,184.81,573.0,184.82,1798.0
1753769602148,06:13:22.148,xt,SOL/USDT:USDT,184.78,11.0,184.74,342.0,184.81,573.0,184.82,1798.0
1753769602367,06:13:22.367,xt,SOL/USDT:USDT,184.78,11.0,184.74,420.0,184.81,658.0,184.82,255.0
1753769602583,06:13:22.583,xt,SOL/USDT:USDT,184.78,11.0,184.74,420.0,184.81,658.0,184.82,255.0
1753769602632,06:13:22.632,xt,SOL/USDT:USDT,184.78,11.0,184.74,525.0,184.81,531.0,184.82,507.0
1753769602784,06:13:22.784,xt,SOL/USDT:USDT,184.78,11.0,184.74,525.0,184.81,531.0,184.82,507.0
1753769602944,06:13:22.944,xt,SOL/USDT:USDT,184.78,11.0,184.74,173.0,184.81,623.0,184.82,281.0
1753769602992,06:13:22.992,xt,SOL/USDT:USDT,184.78,11.0,184.74,173.0,184.81,623.0,184.82,281.0
1753769603238,06:13:23.238,xt,SOL/USDT:USDT,184.78,11.0,184.74,388.0,184.81,114.0,184.82,1614.0
1753769603417,06:13:23.417,xt,SOL/USDT:USDT,184.78,11.0,184.74,388.0,184.81,114.0,184.82,1614.0
1753769603536,06:13:23.536,xt,SOL/USDT:USDT,184.78,11.0,184.74,281.0,184.81,264.0,184.82,316.0
1753769603631,06:13:23.631,xt,SOL/USDT:USDT,184.78,11.0,184.74,281.0,184.81,264.0,184.82,316.0
1753769603862,06:13:23.862,xt,SOL/USDT:USDT,184.78,11.0,184.74,535.0,184.81,105.0,184.82,557.0
1753769604052,06:13:24.052,xt,SOL/USDT:USDT,184.78,11.0,184.74,535.0,184.81,105.0,184.82,2046.0
1753769604251,06:13:24.251,xt,SOL/USDT:USDT,184.78,11.0,184.74,310.0,184.81,462.0,184.82,1253.0
1753769604495,06:13:24.495,xt,SOL/USDT:USDT,184.78,11.0,184.74,475.0,184.81,550.0,184.82,1978.0
1753769604670,06:13:24.670,xt,SOL/USDT:USDT,184.78,11.0,184.74,475.0,184.81,550.0,184.82,1978.0
1753769604791,06:13:24.791,xt,SOL/USDT:USDT,184.78,11.0,184.74,7.0,184.81,116.0,184.82,319.0
1753769604885,06:13:24.885,xt,SOL/USDT:USDT,184.78,11.0,184.74,7.0,184.81,116.0,184.82,319.0
1753769605092,06:13:25.092,xt,SOL/USDT:USDT,184.78,11.0,184.74,267.0,184.81,164.0,184.82,1203.0
1753769605305,06:13:25.305,xt,SOL/USDT:USDT,184.78,11.0,184.74,267.0,184.81,164.0,184.82,1203.0
1753769605424,06:13:25.424,xt,SOL/USDT:USDT,184.78,11.0,184.74,629.0,184.81,129.0,184.82,146.0
1753769605518,06:13:25.518,xt,SOL/USDT:USDT,184.78,11.0,184.74,629.0,184.81,129.0,184.82,146.0
1753769605721,06:13:25.721,xt,SOL/USDT:USDT,184.78,11.0,184.76,75.0,184.83,185.0,184.84,110.0
1753769606030,06:13:26.030,xt,SOL/USDT:USDT,184.78,11.0,184.76,197.0,184.83,119.0,184.84,1026.0
1753769606144,06:13:26.144,xt,SOL/USDT:USDT,184.78,11.0,184.76,197.0,184.83,119.0,184.84,1026.0
1753769606359,06:13:26.359,xt,SOL/USDT:USDT,184.78,11.0,184.76,47.0,184.83,136.0,184.84,495.0
1753769606619,06:13:26.619,xt,SOL/USDT:USDT,184.78,11.0,184.76,210.0,184.83,78.0,184.84,62.0
1753769606771,06:13:26.771,xt,SOL/USDT:USDT,184.78,11.0,184.76,210.0,184.83,78.0,184.84,62.0
1753769606981,06:13:26.981,xt,SOL/USDT:USDT,184.78,11.0,184.76,294.0,184.83,590.0,184.84,1249.0
1753769607195,06:13:27.195,xt,SOL/USDT:USDT,184.78,11.0,184.76,294.0,184.83,590.0,184.84,1249.0
1753769607254,06:13:27.254,xt,SOL/USDT:USDT,184.78,11.0,184.76,708.0,184.83,550.0,184.84,759.0
1753769607410,06:13:27.410,xt,SOL/USDT:USDT,184.78,11.0,184.76,708.0,184.83,550.0,184.84,759.0
1753769607552,06:13:27.552,xt,SOL/USDT:USDT,184.78,11.0,184.76,673.0,184.83,99.0,184.84,2049.0
1753769607610,06:13:27.610,xt,SOL/USDT:USDT,184.78,11.0,184.76,673.0,184.83,99.0,184.84,2049.0
1753769607851,06:13:27.851,xt,SOL/USDT:USDT,184.78,11.0,184.76,332.0,184.83,296.0,184.84,1866.0
1753769608031,06:13:28.031,xt,SOL/USDT:USDT,184.78,11.0,184.76,332.0,184.83,296.0,184.84,1866.0
1753769608149,06:13:28.149,xt,SOL/USDT:USDT,184.78,11.0,184.76,603.0,184.83,512.0,184.84,964.0
1753769608249,06:13:28.249,xt,SOL/USDT:USDT,184.78,11.0,184.76,603.0,184.83,512.0,184.84,964.0
1753769608463,06:13:28.463,xt,SOL/USDT:USDT,184.78,11.0,184.76,170.0,184.83,301.0,184.84,1624.0
1753769608656,06:13:28.656,xt,SOL/USDT:USDT,184.78,11.0,184.76,170.0,184.83,301.0,184.84,1624.0
1753769608784,06:13:28.784,xt,SOL/USDT:USDT,184.78,11.0,184.76,535.0,184.83,63.0,184.84,535.0
1753769608878,06:13:28.878,xt,SOL/USDT:USDT,184.78,11.0,184.76,535.0,184.83,63.0,184.84,535.0
1753769609114,06:13:29.114,xt,SOL/USDT:USDT,184.78,11.0,184.76,621.0,184.83,439.0,184.84,230.0
1753769609289,06:13:29.289,xt,SOL/USDT:USDT,184.78,11.0,184.76,621.0,184.83,439.0,184.84,230.0
1753769609417,06:13:29.417,xt,SOL/USDT:USDT,184.78,11.0,184.75,287.0,184.82,729.0,184.83,1836.0
1753769609501,06:13:29.501,xt,SOL/USDT:USDT,184.78,11.0,184.75,287.0,184.82,729.0,184.83,1836.0
1753769609720,06:13:29.720,xt,SOL/USDT:USDT,184.78,11.0,184.75,205.0,184.82,198.0,184.83,574.0
1753769610010,06:13:30.010,xt,SOL/USDT:USDT,184.78,11.0,184.75,620.0,184.82,468.0,184.83,1471.0
1753769610131,06:13:30.131,xt,SOL/USDT:USDT,184.78,11.0,184.75,620.0,184.82,468.0,184.83,1471.0
1753769610343,06:13:30.343,xt,SOL/USDT:USDT,184.78,11.0,184.75,459.0,184.82,161.0,184.83,44.0
1753769610554,06:13:30.554,xt,SOL/USDT:USDT,184.78,11.0,184.75,459.0,184.82,161.0,184.83,44.0
1753769610648,06:13:30.648,xt,SOL/USDT:USDT,184.78,11.0,184.75,420.0,184.82,242.0,184.83,611.0
1753769610769,06:13:30.769,xt,SOL/USDT:USDT,184.78,11.0,184.75,420.0,184.82,242.0,184.83,611.0
1753769610944,06:13:30.944,xt,SOL/USDT:USDT,184.78,11.0,184.76,472.0,184.83,312.0,184.84,1049.0
1753769610981,06:13:30.981,xt,SOL/USDT:USDT,184.78,11.0,184.76,472.0,184.83,312.0,184.84,1049.0
1753769611187,06:13:31.187,xt,SOL/USDT:USDT,184.78,11.0,184.76,472.0,184.83,312.0,184.84,1049.0
1753769611248,06:13:31.248,xt,SOL/USDT:USDT,184.78,11.0,184.76,36.0,184.83,803.0,184.84,435.0
1753769611395,06:13:31.395,xt,SOL/USDT:USDT,184.78,11.0,184.76,36.0,184.83,803.0,184.84,435.0
1753769611603,06:13:31.603,xt,SOL/USDT:USDT,184.78,11.0,184.76,74.0,184.83,156.0,184.84,82.0
1753769611872,06:13:31.872,xt,SOL/USDT:USDT,184.78,11.0,184.76,185.0,184.83,126.0,184.84,133.0
1753769612008,06:13:32.008,xt,SOL/USDT:USDT,184.78,11.0,184.76,185.0,184.83,126.0,184.84,133.0
1753769612230,06:13:32.230,xt,SOL/USDT:USDT,184.78,11.0,184.76,357.0,184.83,80.0,184.84,1809.0
1753769612450,06:13:32.450,xt,SOL/USDT:USDT,184.78,11.0,184.76,357.0,184.83,80.0,184.84,1809.0
1753769612536,06:13:32.536,xt,SOL/USDT:USDT,184.78,11.0,184.76,314.0,184.83,164.0,184.84,335.0
1753769612657,06:13:32.657,xt,SOL/USDT:USDT,184.78,11.0,184.76,314.0,184.83,164.0,184.84,335.0
1753769612832,06:13:32.832,xt,SOL/USDT:USDT,184.78,11.0,184.76,106.0,184.83,764.0,184.84,120.0
1753769612867,06:13:32.867,xt,SOL/USDT:USDT,184.78,11.0,184.76,106.0,184.83,764.0,184.84,120.0
1753769613076,06:13:33.076,xt,SOL/USDT:USDT,184.78,11.0,184.76,106.0,184.83,764.0,184.84,120.0
1753769613137,06:13:33.137,xt,SOL/USDT:USDT,184.78,11.0,184.76,578.0,184.83,162.0,184.84,833.0
1753769613283,06:13:33.283,xt,SOL/USDT:USDT,184.78,11.0,184.76,578.0,184.83,162.0,184.84,833.0
1753769613496,06:13:33.496,xt,SOL/USDT:USDT,184.78,11.0,184.76,569.0,184.83,748.0,184.84,914.0
1753769613705,06:13:33.705,xt,SOL/USDT:USDT,184.78,11.0,184.76,569.0,184.83,748.0,184.84,914.0
1753769613768,06:13:33.768,xt,SOL/USDT:USDT,184.78,11.0,184.76,760.0,184.83,15.0,184.84,393.0
1753769613913,06:13:33.913,xt,SOL/USDT:USDT,184.78,11.0,184.76,760.0,184.83,15.0,184.84,393.0
1753769614128,06:13:34.128,xt,SOL/USDT:USDT,184.78,11.0,184.76,391.0,184.83,535.0,184.84,1516.0
1753769614377,06:13:34.377,xt,SOL/USDT:USDT,184.78,11.0,184.76,291.0,184.83,28.0,184.84,192.0
1753769614660,06:13:34.660,xt,SOL/USDT:USDT,184.78,11.0,184.74,397.0,184.81,427.0,184.82,1317.0
1753769614754,06:13:34.754,xt,SOL/USDT:USDT,184.78,11.0,184.74,397.0,184.81,427.0,184.82,1317.0
1753769614970,06:13:34.970,xt,SOL/USDT:USDT,184.78,11.0,184.73,356.0,184.8,761.0,184.81,1818.0
1753769615174,06:13:35.174,xt,SOL/USDT:USDT,184.78,11.0,184.73,356.0,184.8,761.0,184.81,1818.0
1753769615259,06:13:35.259,xt,SOL/USDT:USDT,184.78,11.0,184.74,586.0,184.81,376.0,184.82,1997.0
1753769615383,06:13:35.383,xt,SOL/USDT:USDT,184.78,11.0,184.74,586.0,184.81,376.0,184.82,1997.0
1753769615590,06:13:35.590,xt,SOL/USDT:USDT,184.78,11.0,184.76,597.0,184.83,381.0,184.84,1164.0
1753769615863,06:13:35.863,xt,SOL/USDT:USDT,184.78,11.0,184.76,261.0,184.83,60.0,184.84,1460.0
1753769616021,06:13:36.021,xt,SOL/USDT:USDT,184.78,11.0,184.76,261.0,184.83,60.0,184.84,1460.0
1753769616228,06:13:36.228,xt,SOL/USDT:USDT,184.78,11.0,184.76,315.0,184.83,442.0,184.84,207.0
1753769616460,06:13:36.460,xt,SOL/USDT:USDT,184.78,11.0,184.76,440.0,184.83,741.0,184.84,472.0
1753769616648,06:13:36.648,xt,SOL/USDT:USDT,184.78,11.0,184.76,440.0,184.83,741.0,184.84,472.0
1753769616766,06:13:36.766,xt,SOL/USDT:USDT,184.78,11.0,184.76,474.0,184.83,650.0,184.84,1716.0
1753769616848,06:13:36.848,xt,SOL/USDT:USDT,184.78,11.0,184.76,474.0,184.83,650.0,184.84,1716.0
1753769617069,06:13:37.069,xt,SOL/USDT:USDT,184.78,11.0,184.76,485.0,184.83,570.0,184.84,1096.0
1753769617272,06:13:37.272,xt,SOL/USDT:USDT,184.78,11.0,184.76,485.0,184.83,570.0,184.84,1096.0
1753769617486,06:13:37.486,xt,SOL/USDT:USDT,184.78,11.0,184.76,408.0,184.83,324.0,184.84,500.0
1753769617699,06:13:37.699,xt,SOL/USDT:USDT,184.78,11.0,184.76,472.0,184.83,784.0,184.84,1101.0
1753769617908,06:13:37.908,xt,SOL/USDT:USDT,184.78,11.0,184.76,472.0,184.83,784.0,184.84,1101.0
1753769617969,06:13:37.969,xt,SOL/USDT:USDT,184.78,11.0,184.76,99.0,184.83,255.0,184.84,360.0
1753769618301,06:13:38.301,xt,SOL/USDT:USDT,184.81,1.0,184.78,11.0,184.83,255.0,184.84,360.0
1753769618264,06:13:38.264,xt,SOL/USDT:USDT,184.78,11.0,184.76,244.0,184.83,126.0,184.84,990.0
1753769618323,06:13:38.323,xt,SOL/USDT:USDT,184.78,11.0,184.76,244.0,184.83,126.0,184.84,990.0
1753769618569,06:13:38.569,xt,SOL/USDT:USDT,184.78,11.0,184.76,119.0,184.83,756.0,184.84,1949.0
1753769618742,06:13:38.742,xt,SOL/USDT:USDT,184.78,11.0,184.76,119.0,184.83,756.0,184.84,1949.0
1753769618962,06:13:38.962,xt,SOL/USDT:USDT,184.78,11.0,184.76,297.0,184.83,155.0,184.84,251.0
1753769619194,06:13:39.194,xt,SOL/USDT:USDT,184.78,11.0,184.76,147.0,184.83,422.0,184.84,669.0
1753769619493,06:13:39.493,xt,SOL/USDT:USDT,184.78,11.0,184.76,194.0,184.83,299.0,184.84,1893.0
1753769619575,06:13:39.575,xt,SOL/USDT:USDT,184.78,11.0,184.76,194.0,184.83,299.0,184.84,1893.0
1753769619791,06:13:39.791,xt,SOL/USDT:USDT,184.78,11.0,184.76,605.0,184.83,780.0,184.84,1109.0
1753769620008,06:13:40.008,xt,SOL/USDT:USDT,184.78,11.0,184.76,605.0,184.83,780.0,184.84,1109.0
1753769620090,06:13:40.090,xt,SOL/USDT:USDT,184.78,11.0,184.76,108.0,184.83,557.0,184.84,1802.0
1753769620212,06:13:40.212,xt,SOL/USDT:USDT,184.78,11.0,184.76,108.0,184.83,557.0,184.84,1802.0
1753769620425,06:13:40.425,xt,SOL/USDT:USDT,184.78,11.0,184.76,538.0,184.83,183.0,184.84,1342.0
1753769620626,06:13:40.626,xt,SOL/USDT:USDT,184.78,11.0,184.76,538.0,184.83,183.0,184.84,1342.0
1753769620727,06:13:40.727,xt,SOL/USDT:USDT,184.78,11.0,184.76,221.0,184.83,171.0,184.84,131.0
1753769620847,06:13:40.847,xt,SOL/USDT:USDT,184.78,11.0,184.76,221.0,184.83,171.0,184.84,1831.0
1753769621047,06:13:41.047,xt,SOL/USDT:USDT,184.78,11.0,184.76,790.0,184.83,811.0,184.84,1711.0
1753769621355,06:13:41.355,xt,SOL/USDT:USDT,184.78,11.0,184.77,649.0,184.84,718.0,184.85,1760.0
1753769621481,06:13:41.481,xt,SOL/USDT:USDT,184.78,11.0,184.77,649.0,184.84,718.0,184.85,1760.0
1753769621683,06:13:41.683,xt,SOL/USDT:USDT,184.78,11.0,184.77,597.0,184.84,648.0,184.85,101.0
1753769621894,06:13:41.894,xt,SOL/USDT:USDT,184.78,11.0,184.77,597.0,184.84,648.0,184.85,101.0
1753769621987,06:13:41.987,xt,SOL/USDT:USDT,184.78,11.0,184.77,571.0,184.84,286.0,184.85,668.0
1753769622105,06:13:42.105,xt,SOL/USDT:USDT,184.78,11.0,184.77,571.0,184.84,286.0,184.85,668.0
1753769622279,06:13:42.279,xt,SOL/USDT:USDT,184.78,11.0,184.77,730.0,184.84,188.0,184.85,1450.0
1753769622320,06:13:42.320,xt,SOL/USDT:USDT,184.78,11.0,184.77,730.0,184.84,188.0,184.85,1450.0
1753769622519,06:13:42.519,xt,SOL/USDT:USDT,184.78,11.0,184.77,730.0,184.84,188.0,184.85,1450.0
1753769622582,06:13:42.582,xt,SOL/USDT:USDT,184.78,11.0,184.77,638.0,184.84,446.0,184.85,54.0
1753769622733,06:13:42.733,xt,SOL/USDT:USDT,184.78,11.0,184.77,638.0,184.84,446.0,184.85,54.0
1753769622951,06:13:42.951,xt,SOL/USDT:USDT,184.78,11.0,184.77,500.0,184.84,209.0,184.85,1400.0
1753769623211,06:13:43.211,xt,SOL/USDT:USDT,184.78,11.0,184.77,600.0,184.84,797.0,184.85,1377.0
1753769623361,06:13:43.361,xt,SOL/USDT:USDT,184.78,11.0,184.77,600.0,184.84,797.0,184.85,1377.0
1753769623576,06:13:43.576,xt,SOL/USDT:USDT,184.78,11.0,184.77,672.0,184.84,295.0,184.85,885.0
1753769623811,06:13:43.811,xt,SOL/USDT:USDT,184.78,11.0,184.77,10.0,184.84,770.0,184.85,287.0
1753769624145,06:13:44.145,xt,SOL/USDT:USDT,184.78,11.0,184.77,308.0,184.84,295.0,184.85,724.0
1753769624203,06:13:44.203,xt,SOL/USDT:USDT,184.78,11.0,184.77,308.0,184.84,295.0,184.85,724.0
1753769624416,06:13:44.416,xt,SOL/USDT:USDT,184.78,11.0,184.77,308.0,184.84,295.0,184.85,724.0
1753769624480,06:13:44.480,xt,SOL/USDT:USDT,184.79,11.0,184.78,1161.0,184.86,782.0,184.87,234.0
1753769624658,06:13:44.658,xt,SOL/USDT:USDT,184.79,11.0,184.78,1161.0,184.86,782.0,184.87,234.0
1753769624946,06:13:44.946,xt,SOL/USDT:USDT,184.79,615.0,184.78,987.0,184.86,431.0,184.87,409.0
1753769624860,06:13:44.860,xt,SOL/USDT:USDT,184.79,615.0,184.78,987.0,184.86,431.0,184.87,409.0
1753769625071,06:13:45.071,xt,SOL/USDT:USDT,184.79,810.0,184.78,184.0,184.86,380.0,184.87,1348.0
1753769625293,06:13:45.293,xt,SOL/USDT:USDT,184.79,810.0,184.78,184.0,184.86,380.0,184.87,1348.0
1753769625377,06:13:45.377,xt,SOL/USDT:USDT,184.79,348.0,184.78,2066.0,184.86,396.0,184.87,865.0
1753769625494,06:13:45.494,xt,SOL/USDT:USDT,184.79,348.0,184.78,2066.0,184.86,396.0,184.87,865.0
1753769625705,06:13:45.705,xt,SOL/USDT:USDT,184.81,55.0,184.8,433.0,184.88,462.0,184.89,300.0
1753769625916,06:13:45.916,xt,SOL/USDT:USDT,184.81,55.0,184.8,433.0,184.88,462.0,184.89,300.0
1753769626041,06:13:46.041,xt,SOL/USDT:USDT,184.81,325.0,184.8,1408.0,184.88,124.0,184.89,603.0
1753769626126,06:13:46.126,xt,SOL/USDT:USDT,184.81,325.0,184.8,1408.0,184.88,124.0,184.89,1648.0
1753769626341,06:13:46.341,xt,SOL/USDT:USDT,184.81,42.0,184.8,199.0,184.88,177.0,184.89,190.0
1753769626635,06:13:46.635,xt,SOL/USDT:USDT,184.81,13.0,184.8,135.0,184.88,267.0,184.89,1639.0
1753769626760,06:13:46.760,xt,SOL/USDT:USDT,184.81,13.0,184.8,135.0,184.88,267.0,184.89,1639.0
1753769626963,06:13:46.963,xt,SOL/USDT:USDT,184.81,770.0,184.8,386.0,184.88,734.0,184.89,997.0
1753769627262,06:13:47.262,xt,SOL/USDT:USDT,184.81,138.0,184.8,1830.0,184.88,775.0,184.89,1447.0
1753769627380,06:13:47.380,xt,SOL/USDT:USDT,184.81,138.0,184.8,1830.0,184.88,775.0,184.89,1447.0
1753769627593,06:13:47.593,xt,SOL/USDT:USDT,184.81,663.0,184.8,874.0,184.88,617.0,184.89,630.0
1753769627870,06:13:47.870,xt,SOL/USDT:USDT,184.81,335.0,184.8,1089.0,184.88,725.0,184.89,1733.0
1753769628013,06:13:48.013,xt,SOL/USDT:USDT,184.81,335.0,184.8,1089.0,184.88,725.0,184.89,1733.0
1753769628228,06:13:48.228,xt,SOL/USDT:USDT,184.81,541.0,184.8,1445.0,184.88,570.0,184.89,1303.0
1753769628458,06:13:48.458,xt,SOL/USDT:USDT,184.81,353.0,184.8,646.0,184.88,390.0,184.89,1331.0
1753769628639,06:13:48.639,xt,SOL/USDT:USDT,184.81,353.0,184.8,646.0,184.88,390.0,184.89,1331.0
1753769628852,06:13:48.852,xt,SOL/USDT:USDT,184.81,461.0,184.8,1431.0,184.88,592.0,184.89,859.0
1753769629076,06:13:49.076,xt,SOL/USDT:USDT,184.81,307.0,184.8,1369.0,184.88,96.0,184.89,1213.0
1753769629271,06:13:49.271,xt,SOL/USDT:USDT,184.81,307.0,184.8,1369.0,184.88,96.0,184.89,1213.0
1753769629367,06:13:49.367,xt,SOL/USDT:USDT,184.81,393.0,184.8,1934.0,184.88,143.0,184.89,1518.0
1753769629487,06:13:49.487,xt,SOL/USDT:USDT,184.81,393.0,184.8,1934.0,184.88,143.0,184.89,1518.0
1753769629698,06:13:49.698,xt,SOL/USDT:USDT,184.81,380.0,184.8,49.0,184.88,410.0,184.89,7.0
1753769629904,06:13:49.904,xt,SOL/USDT:USDT,184.81,380.0,184.8,49.0,184.88,410.0,184.89,7.0
1753769629968,06:13:49.968,xt,SOL/USDT:USDT,184.81,130.0,184.8,1456.0,184.88,748.0,184.89,968.0
1753769630112,06:13:50.112,xt,SOL/USDT:USDT,184.81,130.0,184.8,760.0,184.88,748.0,184.89,968.0
1753769630326,06:13:50.326,xt,SOL/USDT:USDT,184.81,14.0,184.8,1135.0,184.88,671.0,184.89,1612.0
1753769630563,06:13:50.563,xt,SOL/USDT:USDT,184.81,767.0,184.8,1069.0,184.88,481.0,184.89,257.0
1753769630739,06:13:50.739,xt,SOL/USDT:USDT,184.81,767.0,184.8,1069.0,184.88,481.0,184.89,257.0
1753769630861,06:13:50.861,xt,SOL/USDT:USDT,184.81,261.0,184.8,203.0,184.88,444.0,184.89,127.0
1753769630957,06:13:50.957,xt,SOL/USDT:USDT,184.81,261.0,184.8,203.0,184.88,444.0,184.89,611.0
1753769631169,06:13:51.169,xt,SOL/USDT:USDT,184.81,288.0,184.8,1353.0,184.88,635.0,184.89,1629.0
1753769631375,06:13:51.375,xt,SOL/USDT:USDT,184.81,288.0,184.8,1353.0,184.88,635.0,184.89,1629.0
1753769631591,06:13:51.591,xt,SOL/USDT:USDT,184.81,214.0,184.8,1027.0,184.88,233.0,184.89,704.0
1753769631798,06:13:51.798,xt,SOL/USDT:USDT,184.81,428.0,184.8,1755.0,184.88,339.0,184.89,1016.0
1753769632061,06:13:52.061,xt,SOL/USDT:USDT,184.81,498.0,184.8,355.0,184.88,509.0,184.89,1718.0
1753769632215,06:13:52.215,xt,SOL/USDT:USDT,184.81,498.0,184.8,355.0,184.88,509.0,184.89,1718.0
1753769632438,06:13:52.438,xt,SOL/USDT:USDT,184.81,715.0,184.8,381.0,184.88,564.0,184.89,1063.0
1753769632633,06:13:52.633,xt,SOL/USDT:USDT,184.81,715.0,184.8,381.0,184.88,564.0,184.89,1063.0
1753769632693,06:13:52.693,xt,SOL/USDT:USDT,184.81,590.0,184.8,817.0,184.88,659.0,184.89,1165.0
1753769632838,06:13:52.838,xt,SOL/USDT:USDT,184.81,590.0,184.8,817.0,184.88,659.0,184.89,1165.0
1753769633060,06:13:53.060,xt,SOL/USDT:USDT,184.81,55.0,184.8,1667.0,184.88,307.0,184.89,898.0
1753769633296,06:13:53.296,xt,SOL/USDT:USDT,184.81,447.0,184.8,1708.0,184.88,72.0,184.89,988.0
1753769633472,06:13:53.472,xt,SOL/USDT:USDT,184.81,447.0,184.8,1708.0,184.88,72.0,184.89,988.0
1753769633591,06:13:53.591,xt,SOL/USDT:USDT,184.81,272.0,184.8,177.0,184.88,362.0,184.89,507.0
1753769633692,06:13:53.692,xt,SOL/USDT:USDT,184.81,272.0,184.8,177.0,184.88,362.0,184.89,507.0
1753769633894,06:13:53.894,xt,SOL/USDT:USDT,184.81,127.0,184.8,2023.0,184.88,339.0,184.89,430.0
1753769634093,06:13:54.093,xt,SOL/USDT:USDT,184.81,127.0,184.8,2023.0,184.88,339.0,184.89,430.0
1753769634197,06:13:54.197,xt,SOL/USDT:USDT,184.81,86.0,184.8,1545.0,184.88,254.0,184.89,182.0
1753769634305,06:13:54.305,xt,SOL/USDT:USDT,184.81,86.0,184.8,1545.0,184.88,254.0,184.89,182.0
1753769634523,06:13:54.523,xt,SOL/USDT:USDT,184.81,786.0,184.8,219.0,184.88,733.0,184.89,1532.0
1753769634791,06:13:54.791,xt,SOL/USDT:USDT,184.81,91.0,184.8,963.0,184.88,473.0,184.89,1152.0
1753769634948,06:13:54.948,xt,SOL/USDT:USDT,184.81,91.0,184.8,963.0,184.88,473.0,184.89,1152.0
1753769635153,06:13:55.153,xt,SOL/USDT:USDT,184.81,439.0,184.8,1939.0,184.88,661.0,184.89,706.0
1753769635426,06:13:55.426,xt,SOL/USDT:USDT,184.81,677.0,184.8,1097.0,184.88,761.0,184.89,503.0
1753769635568,06:13:55.568,xt,SOL/USDT:USDT,184.81,677.0,184.8,1097.0,184.88,761.0,184.89,503.0
1753769635729,06:13:55.729,xt,SOL/USDT:USDT,184.81,542.0,184.8,909.0,184.88,640.0,184.89,816.0
1753769635788,06:13:55.788,xt,SOL/USDT:USDT,184.81,542.0,184.8,909.0,184.88,640.0,184.89,816.0
1753769635996,06:13:55.996,xt,SOL/USDT:USDT,184.81,542.0,184.8,909.0,184.88,640.0,184.89,816.0
1753769636021,06:13:56.021,xt,SOL/USDT:USDT,184.81,435.0,184.8,1855.0,184.88,485.0,184.89,1375.0
1753769636200,06:13:56.200,xt,SOL/USDT:USDT,184.81,435.0,184.8,1855.0,184.88,485.0,184.89,1375.0
1753769636416,06:13:56.416,xt,SOL/USDT:USDT,184.81,593.0,184.8,1740.0,184.88,577.0,184.89,988.0
1753769636659,06:13:56.659,xt,SOL/USDT:USDT,184.81,808.0,184.8,671.0,184.88,558.0,184.89,1072.0
1753769636828,06:13:56.828,xt,SOL/USDT:USDT,184.81,808.0,184.8,671.0,184.88,558.0,184.89,1072.0
1753769636959,06:13:56.959,xt,SOL/USDT:USDT,184.81,641.0,184.8,177.0,184.88,257.0,184.89,276.0
1753769637043,06:13:57.043,xt,SOL/USDT:USDT,184.81,641.0,184.8,177.0,184.88,257.0,184.89,276.0
1753769637255,06:13:57.255,xt,SOL/USDT:USDT,184.81,264.0,184.8,1233.0,184.88,492.0,184.89,348.0
1753769637549,06:13:57.549,xt,SOL/USDT:USDT,184.81,639.0,184.8,1190.0,184.88,237.0,184.89,198.0
1753769637675,06:13:57.675,xt,SOL/USDT:USDT,184.81,639.0,184.8,1190.0,184.88,237.0,184.89,198.0
1753769637852,06:13:57.852,xt,SOL/USDT:USDT,184.81,351.0,184.8,366.0,184.88,406.0,184.89,179.0
1753769637887,06:13:57.887,xt,SOL/USDT:USDT,184.81,351.0,184.8,366.0,184.88,406.0,184.89,179.0
1753769638156,06:13:58.156,xt,SOL/USDT:USDT,184.81,129.0,184.8,311.0,184.88,102.0,184.89,522.0
1753769638305,06:13:58.305,xt,SOL/USDT:USDT,184.81,129.0,184.8,311.0,184.88,102.0,184.89,522.0
1753769638519,06:13:58.519,xt,SOL/USDT:USDT,184.81,663.0,184.8,1897.0,184.88,233.0,184.89,1817.0
1753769638754,06:13:58.754,xt,SOL/USDT:USDT,184.81,597.0,184.8,1949.0,184.88,289.0,184.89,1039.0
1753769638930,06:13:58.930,xt,SOL/USDT:USDT,184.81,597.0,184.8,1949.0,184.88,289.0,184.89,1039.0
1753769639058,06:13:59.058,xt,SOL/USDT:USDT,184.81,36.0,184.8,1918.0,184.88,120.0,184.89,467.0
1753769639144,06:13:59.144,xt,SOL/USDT:USDT,184.81,36.0,184.8,1918.0,184.88,120.0,184.89,467.0
1753769639353,06:13:59.353,xt,SOL/USDT:USDT,184.81,683.0,184.8,853.0,184.88,462.0,184.89,940.0
1753769639563,06:13:59.563,xt,SOL/USDT:USDT,184.81,683.0,184.8,853.0,184.88,462.0,184.89,940.0
1753769639657,06:13:59.657,xt,SOL/USDT:USDT,184.81,644.0,184.8,1615.0,184.88,115.0,184.89,108.0
1753769639771,06:13:59.771,xt,SOL/USDT:USDT,184.81,644.0,184.8,1615.0,184.88,115.0,184.89,108.0
1753769639981,06:13:59.981,xt,SOL/USDT:USDT,184.81,337.0,184.8,76.0,184.88,412.0,184.89,1746.0
1753769640193,06:14:00.193,xt,SOL/USDT:USDT,184.81,337.0,184.8,76.0,184.88,412.0,184.89,1746.0
1753769640286,06:14:00.286,xt,SOL/USDT:USDT,184.81,335.0,184.8,273.0,184.88,515.0,184.89,393.0
1753769640406,06:14:00.406,xt,SOL/USDT:USDT,184.81,335.0,184.8,273.0,184.88,515.0,184.89,393.0
1753769640614,06:14:00.614,xt,SOL/USDT:USDT,184.81,400.0,184.8,44.0,184.88,376.0,184.89,1717.0
1753769640882,06:14:00.882,xt,SOL/USDT:USDT,184.81,274.0,184.8,1918.0,184.88,13.0,184.89,1263.0
1753769641034,06:14:01.034,xt,SOL/USDT:USDT,184.81,274.0,184.8,1918.0,184.88,13.0,184.89,1263.0
1753769641256,06:14:01.256,xt,SOL/USDT:USDT,184.81,424.0,184.8,815.0,184.88,337.0,184.89,730.0
1753769641486,06:14:01.486,xt,SOL/USDT:USDT,184.81,455.0,184.8,1739.0,184.88,590.0,184.89,1050.0
1753769641675,06:14:01.675,xt,SOL/USDT:USDT,184.81,455.0,184.8,1739.0,184.88,590.0,184.89,1050.0
1753769641781,06:14:01.781,xt,SOL/USDT:USDT,184.81,553.0,184.8,444.0,184.88,418.0,184.89,1987.0
1753769641873,06:14:01.873,xt,SOL/USDT:USDT,184.81,553.0,184.8,444.0,184.88,418.0,184.89,1987.0
1753769642089,06:14:02.089,xt,SOL/USDT:USDT,184.81,195.0,184.8,256.0,184.88,613.0,184.89,1286.0
1753769642386,06:14:02.386,xt,SOL/USDT:USDT,184.81,692.0,184.8,1691.0,184.88,732.0,184.89,577.0
1753769642507,06:14:02.507,xt,SOL/USDT:USDT,184.81,692.0,184.8,1691.0,184.88,732.0,184.89,577.0
1753769642713,06:14:02.713,xt,SOL/USDT:USDT,184.81,756.0,184.8,877.0,184.88,9.0,184.89,673.0
1753769642924,06:14:02.924,xt,SOL/USDT:USDT,184.81,756.0,184.8,877.0,184.88,9.0,184.89,673.0
1753769642989,06:14:02.989,xt,SOL/USDT:USDT,184.81,367.0,184.8,15.0,184.88,763.0,184.89,735.0
1753769643133,06:14:03.133,xt,SOL/USDT:USDT,184.81,367.0,184.8,15.0,184.88,763.0,184.89,735.0
1753769643289,06:14:03.289,xt,SOL/USDT:USDT,184.81,520.0,184.8,1693.0,184.88,405.0,184.89,892.0
1753769643339,06:14:03.339,xt,SOL/USDT:USDT,184.81,520.0,184.8,1693.0,184.88,405.0,184.89,892.0
1753769643565,06:14:03.565,xt,SOL/USDT:USDT,184.81,520.0,184.8,1693.0,184.88,405.0,184.89,892.0
1753769643588,06:14:03.588,xt,SOL/USDT:USDT,184.81,197.0,184.8,934.0,184.88,327.0,184.89,1228.0
1753769643767,06:14:03.767,xt,SOL/USDT:USDT,184.81,197.0,184.8,934.0,184.88,327.0,184.89,1228.0
1753769643975,06:14:03.975,xt,SOL/USDT:USDT,184.81,713.0,184.8,1247.0,184.88,375.0,184.89,1997.0
1753769644212,06:14:04.212,xt,SOL/USDT:USDT,184.81,410.0,184.8,406.0,184.88,410.0,184.89,1767.0
1753769644399,06:14:04.399,xt,SOL/USDT:USDT,184.81,410.0,184.8,406.0,184.88,410.0,184.89,1767.0
1753769644520,06:14:04.520,xt,SOL/USDT:USDT,184.81,382.0,184.8,819.0,184.88,16.0,184.89,635.0
1753769644600,06:14:04.600,xt,SOL/USDT:USDT,184.81,382.0,184.8,819.0,184.88,16.0,184.89,635.0
1753769644814,06:14:04.814,xt,SOL/USDT:USDT,184.81,642.0,184.8,1965.0,184.88,218.0,184.89,59.0
1753769645030,06:14:05.030,xt,SOL/USDT:USDT,184.81,642.0,184.8,1965.0,184.88,218.0,184.89,59.0
1753769645137,06:14:05.137,xt,SOL/USDT:USDT,184.81,32.0,184.8,1222.0,184.88,161.0,184.89,677.0
1753769645235,06:14:05.235,xt,SOL/USDT:USDT,184.81,32.0,184.8,1222.0,184.88,161.0,184.89,677.0
1753769645439,06:14:05.439,xt,SOL/USDT:USDT,184.81,324.0,184.8,169.0,184.88,286.0,184.89,1808.0
1753769645652,06:14:05.652,xt,SOL/USDT:USDT,184.81,324.0,184.8,169.0,184.88,286.0,184.89,1808.0
1753769645750,06:14:05.750,xt,SOL/USDT:USDT,184.81,117.0,184.8,1802.0,184.88,308.0,184.89,987.0
1753769645867,06:14:05.867,xt,SOL/USDT:USDT,184.81,117.0,184.8,1802.0,184.88,308.0,184.89,987.0
1753769646069,06:14:06.069,xt,SOL/USDT:USDT,184.81,555.0,184.8,869.0,184.88,566.0,184.89,1074.0
1753769646350,06:14:06.350,xt,SOL/USDT:USDT,184.81,304.0,184.8,452.0,184.88,617.0,184.89,475.0
1753769646487,06:14:06.487,xt,SOL/USDT:USDT,184.81,304.0,184.8,452.0,184.88,617.0,184.89,475.0
1753769646673,06:14:06.673,xt,SOL/USDT:USDT,184.81,753.0,184.8,2038.0,184.88,97.0,184.89,700.0
1753769646707,06:14:06.707,xt,SOL/USDT:USDT,184.81,753.0,184.8,2038.0,184.88,97.0,184.89,700.0
1753769646919,06:14:06.919,xt,SOL/USDT:USDT,184.81,753.0,184.8,2038.0,184.88,97.0,184.89,700.0
1753769646979,06:14:06.979,xt,SOL/USDT:USDT,184.83,802.0,184.82,1543.0,184.9,15.0,184.91,1146.0
1753769647132,06:14:07.132,xt,SOL/USDT:USDT,184.83,802.0,184.82,1543.0,184.9,15.0,184.91,1146.0
1753769647328,06:14:07.328,xt,SOL/USDT:USDT,184.84,114.0,184.83,2004.0,184.91,428.0,184.92,184.0
1753769647540,06:14:07.540,xt,SOL/USDT:USDT,184.84,114.0,184.83,2004.0,184.91,428.0,184.92,184.0
1753769647640,06:14:07.640,xt,SOL/USDT:USDT,184.86,54.0,184.85,170.0,184.93,378.0,184.94,1217.0
1753769647758,06:14:07.758,xt,SOL/USDT:USDT,184.86,54.0,184.85,170.0,184.93,378.0,184.94,1217.0
1753769647964,06:14:07.964,xt,SOL/USDT:USDT,184.86,607.0,184.85,1086.0,184.93,782.0,184.94,270.0
1753769648344,06:14:08.344,xt,SOL/USDT:USDT,184.84,1778.0,184.83,1307.0,184.93,782.0,184.94,270.0
1753769648381,06:14:08.381,xt,SOL/USDT:USDT,184.85,210.0,184.84,2004.0,184.93,685.0,184.94,284.0
1753769648601,06:14:08.601,xt,SOL/USDT:USDT,184.85,302.0,184.84,1376.0,184.93,463.0,184.94,536.0
1753769648803,06:14:08.803,xt,SOL/USDT:USDT,184.85,302.0,184.84,1376.0,184.93,463.0,184.94,536.0
1753769648865,06:14:08.865,xt,SOL/USDT:USDT,184.85,330.0,184.84,658.0,184.93,8.0,184.94,905.0
1753769649012,06:14:09.012,xt,SOL/USDT:USDT,184.85,330.0,184.84,658.0,184.93,8.0,184.94,905.0
1753769649195,06:14:09.195,xt,SOL/USDT:USDT,184.85,347.0,184.84,741.0,184.92,537.0,184.93,1143.0
1753769649219,06:14:09.219,xt,SOL/USDT:USDT,184.85,347.0,184.84,741.0,184.92,537.0,184.93,1143.0
1753769649436,06:14:09.436,xt,SOL/USDT:USDT,184.85,347.0,184.84,741.0,184.92,537.0,184.93,1143.0
1753769649496,06:14:09.496,xt,SOL/USDT:USDT,184.85,648.0,184.84,1923.0,184.92,695.0,184.93,1993.0
1753769649645,06:14:09.645,xt,SOL/USDT:USDT,184.85,648.0,184.84,1923.0,184.92,695.0,184.93,1993.0
1753769649857,06:14:09.857,xt,SOL/USDT:USDT,184.85,751.0,184.84,1623.0,184.92,150.0,184.93,683.0
1753769650062,06:14:10.062,xt,SOL/USDT:USDT,184.85,751.0,184.84,1623.0,184.92,150.0,184.93,683.0
1753769650158,06:14:10.158,xt,SOL/USDT:USDT,184.85,230.0,184.84,285.0,184.92,6.0,184.93,1340.0
1753769650280,06:14:10.280,xt,SOL/USDT:USDT,184.85,230.0,184.84,664.0,184.92,6.0,184.93,1340.0
1753769650473,06:14:10.473,xt,SOL/USDT:USDT,184.85,124.0,184.84,49.0,184.92,772.0,184.93,241.0
1753769650759,06:14:10.759,xt,SOL/USDT:USDT,184.85,373.0,184.84,176.0,184.92,491.0,184.93,527.0
1753769650899,06:14:10.899,xt,SOL/USDT:USDT,184.85,373.0,184.84,176.0,184.92,491.0,184.93,527.0
1753769651112,06:14:11.112,xt,SOL/USDT:USDT,184.85,517.0,184.84,288.0,184.92,803.0,184.93,1681.0
1753769651387,06:14:11.387,xt,SOL/USDT:USDT,184.85,202.0,184.84,171.0,184.92,654.0,184.93,829.0
1753769651535,06:14:11.535,xt,SOL/USDT:USDT,184.85,202.0,184.84,171.0,184.92,654.0,184.93,829.0
1753769651689,06:14:11.689,xt,SOL/USDT:USDT,184.85,428.0,184.84,361.0,184.92,609.0,184.93,25.0
1753769651750,06:14:11.750,xt,SOL/USDT:USDT,184.85,428.0,184.84,361.0,184.92,609.0,184.93,25.0
1753769651961,06:14:11.961,xt,SOL/USDT:USDT,184.85,428.0,184.84,361.0,184.92,609.0,184.93,906.0
1753769652020,06:14:12.020,xt,SOL/USDT:USDT,184.85,160.0,184.84,1436.0,184.92,440.0,184.93,1343.0
1753769652165,06:14:12.165,xt,SOL/USDT:USDT,184.85,160.0,184.84,1436.0,184.92,440.0,184.93,1343.0
1753769652371,06:14:12.371,xt,SOL/USDT:USDT,184.85,593.0,184.84,653.0,184.92,767.0,184.93,670.0
1753769652586,06:14:12.586,xt,SOL/USDT:USDT,184.85,593.0,184.84,326.0,184.92,767.0,184.93,670.0
1753769652637,06:14:12.637,xt,SOL/USDT:USDT,184.85,30.0,184.84,852.0,184.92,389.0,184.93,434.0
1753769652789,06:14:12.789,xt,SOL/USDT:USDT,184.85,30.0,184.84,852.0,184.92,389.0,184.93,434.0
1753769652999,06:14:12.999,xt,SOL/USDT:USDT,184.85,535.0,184.84,966.0,184.92,301.0,184.93,2028.0
1753769653275,06:14:13.275,xt,SOL/USDT:USDT,184.85,466.0,184.84,777.0,184.92,31.0,184.93,425.0
1753769653419,06:14:13.419,xt,SOL/USDT:USDT,184.85,466.0,184.84,1713.0,184.92,31.0,184.93,425.0
1753769653574,06:14:13.574,xt,SOL/USDT:USDT,184.85,164.0,184.84,85.0,184.92,544.0,184.93,2018.0
1753769653643,06:14:13.643,xt,SOL/USDT:USDT,184.85,164.0,184.84,85.0,184.92,544.0,184.93,2018.0
1753769653872,06:14:13.872,xt,SOL/USDT:USDT,184.85,527.0,184.84,1012.0,184.92,392.0,184.93,293.0
1753769654050,06:14:14.050,xt,SOL/USDT:USDT,184.85,527.0,184.84,1012.0,184.92,392.0,184.93,293.0
1753769654172,06:14:14.172,xt,SOL/USDT:USDT,184.85,736.0,184.84,61.0,184.92,412.0,184.93,166.0
1753769654271,06:14:14.271,xt,SOL/USDT:USDT,184.85,736.0,184.84,61.0,184.92,412.0,184.93,166.0
1753769654481,06:14:14.481,xt,SOL/USDT:USDT,184.85,46.0,184.84,1291.0,184.92,110.0,184.93,1665.0
1753769654686,06:14:14.686,xt,SOL/USDT:USDT,184.85,46.0,184.84,1291.0,184.92,110.0,184.93,1665.0
1753769654888,06:14:14.888,xt,SOL/USDT:USDT,184.85,635.0,184.84,1703.0,184.92,58.0,184.93,98.0
1753769655138,06:14:15.138,xt,SOL/USDT:USDT,184.85,343.0,184.84,1183.0,184.92,456.0,184.93,933.0
1753769655318,06:14:15.318,xt,SOL/USDT:USDT,184.85,343.0,184.84,1183.0,184.92,456.0,184.93,933.0
1753769655523,06:14:15.523,xt,SOL/USDT:USDT,184.85,188.0,184.84,11.0,184.92,591.0,184.93,1935.0
1753769655738,06:14:15.738,xt,SOL/USDT:USDT,184.85,764.0,184.84,818.0,184.92,152.0,184.93,1720.0
1753769656058,06:14:16.058,xt,SOL/USDT:USDT,184.85,28.0,184.84,1042.0,184.92,529.0,184.93,1545.0
1753769656151,06:14:16.151,xt,SOL/USDT:USDT,184.85,28.0,184.84,1042.0,184.92,529.0,184.93,1545.0
1753769656363,06:14:16.363,xt,SOL/USDT:USDT,184.85,470.0,184.84,1909.0,184.92,73.0,184.93,197.0
1753769656586,06:14:16.586,xt,SOL/USDT:USDT,184.85,470.0,184.84,1909.0,184.92,73.0,184.93,197.0
1753769656668,06:14:16.668,xt,SOL/USDT:USDT,184.85,639.0,184.84,1483.0,184.92,86.0,184.93,1650.0
