timestamp,time,exchange,symbol,bid1_price,bid1_volume,bid2_price,bid2_volume,ask1_price,ask1_volume,ask2_price,ask2_volume
1753769543931,06:12:23.931,htx,XRP/USDT:USDT,3.14286,284.0,3.14272,39.0,3.14287,129.0,3.14294,48.0
1753769544490,06:12:24.490,htx,XRP/USDT:USDT,3.14286,284.0,3.14272,39.0,3.14287,129.0,3.14294,48.0
1753769544521,06:12:24.521,htx,XRP/USDT:USDT,3.14286,284.0,3.14272,39.0,3.14287,129.0,3.14294,48.0
1753769545210,06:12:25.210,htx,XRP/USDT:USDT,3.14286,284.0,3.14272,39.0,3.14287,129.0,3.14294,48.0
1753769545320,06:12:25.320,htx,XRP/USDT:USDT,3.14286,284.0,3.14272,39.0,3.14287,129.0,3.14294,48.0
1753769545346,06:12:25.346,htx,XRP/USDT:USDT,3.14286,284.0,3.14272,39.0,3.14287,129.0,3.14294,48.0
1753769545408,06:12:25.408,htx,XRP/USDT:USDT,3.14286,323.0,3.14272,39.0,3.14287,129.0,3.14294,48.0
1753769545818,06:12:25.818,htx,XRP/USDT:USDT,3.14286,323.0,3.14272,39.0,3.14287,129.0,3.14294,48.0
1753769545874,06:12:25.874,htx,XRP/USDT:USDT,3.14286,323.0,3.14272,39.0,3.14303,129.0,3.14304,691.0
1753769545895,06:12:25.895,htx,XRP/USDT:USDT,3.14299,107.0,3.14286,323.0,3.14302,60.0,3.14303,177.0
1753769545935,06:12:25.935,htx,XRP/USDT:USDT,3.14299,107.0,3.14286,193.0,3.143,168.0,3.14302,60.0
1753769545969,06:12:25.969,htx,XRP/USDT:USDT,3.14299,107.0,3.14286,193.0,3.143,168.0,3.14301,39.0
1753769546422,06:12:26.422,htx,XRP/USDT:USDT,3.14299,107.0,3.14286,25.0,3.143,384.0,3.14301,39.0
1753769546642,06:12:26.642,htx,XRP/USDT:USDT,3.14299,107.0,3.14286,25.0,3.143,302.0,3.14301,39.0
1753769547068,06:12:27.068,htx,XRP/USDT:USDT,3.14299,107.0,3.14286,25.0,3.143,302.0,3.14301,39.0
1753769547230,06:12:27.230,htx,XRP/USDT:USDT,3.14299,107.0,3.14286,25.0,3.143,252.0,3.14301,39.0
1753769547246,06:12:27.246,htx,XRP/USDT:USDT,3.14299,107.0,3.14286,25.0,3.143,252.0,3.14301,39.0
1753769547339,06:12:27.339,htx,XRP/USDT:USDT,3.14299,107.0,3.14286,25.0,3.143,252.0,3.14301,39.0
1753769547372,06:12:27.372,htx,XRP/USDT:USDT,3.14299,107.0,3.14286,25.0,3.143,228.0,3.14301,39.0
1753769547508,06:12:27.508,htx,XRP/USDT:USDT,3.14299,107.0,3.14286,25.0,3.143,228.0,3.14301,39.0
1753769547527,06:12:27.527,htx,XRP/USDT:USDT,3.14299,107.0,3.14286,25.0,3.143,302.0,3.14301,39.0
1753769547571,06:12:27.571,htx,XRP/USDT:USDT,3.14299,107.0,3.14286,25.0,3.143,252.0,3.14301,39.0
1753769547615,06:12:27.615,htx,XRP/USDT:USDT,3.14299,107.0,3.14286,25.0,3.143,228.0,3.14301,39.0
1753769547672,06:12:27.672,htx,XRP/USDT:USDT,3.14299,236.0,3.14286,25.0,3.143,228.0,3.14301,39.0
1753769547767,06:12:27.767,htx,XRP/USDT:USDT,3.14299,236.0,3.14286,25.0,3.143,252.0,3.14301,39.0
1753769548421,06:12:28.421,htx,XRP/USDT:USDT,3.14299,107.0,3.14286,25.0,3.143,228.0,3.14301,39.0
1753769548642,06:12:28.642,htx,XRP/USDT:USDT,3.14299,107.0,3.14286,25.0,3.143,252.0,3.14301,39.0
1753769549111,06:12:29.111,htx,XRP/USDT:USDT,3.14299,107.0,3.14286,25.0,3.143,278.0,3.14301,39.0
1753769549189,06:12:29.189,htx,XRP/USDT:USDT,3.14299,107.0,3.14286,25.0,3.143,228.0,3.14301,39.0
1753769549209,06:12:29.209,htx,XRP/USDT:USDT,3.14299,107.0,3.14286,25.0,3.143,252.0,3.14301,39.0
1753769549287,06:12:29.287,htx,XRP/USDT:USDT,3.14299,107.0,3.14286,25.0,3.143,228.0,3.14301,39.0
1753769549489,06:12:29.489,htx,XRP/USDT:USDT,3.14299,107.0,3.14286,25.0,3.143,248.0,3.14301,39.0
1753769550177,06:12:30.177,htx,XRP/USDT:USDT,3.14299,117.0,3.14286,25.0,3.143,248.0,3.14301,39.0
1753769550198,06:12:30.198,htx,XRP/USDT:USDT,3.14299,243.0,3.14286,25.0,3.143,248.0,3.14301,39.0
1753769550273,06:12:30.273,htx,XRP/USDT:USDT,3.14299,233.0,3.14286,25.0,3.143,248.0,3.14301,39.0
1753769550323,06:12:30.323,htx,XRP/USDT:USDT,3.14299,107.0,3.14286,25.0,3.143,272.0,3.14301,39.0
1753769550341,06:12:30.341,htx,XRP/USDT:USDT,3.14299,107.0,3.14286,25.0,3.143,298.0,3.14301,39.0
1753769550842,06:12:30.842,htx,XRP/USDT:USDT,3.14299,107.0,3.14286,25.0,3.143,248.0,3.14301,39.0
1753769550848,06:12:30.848,htx,XRP/USDT:USDT,3.14299,138.0,3.14286,64.0,3.143,248.0,3.14301,39.0
1753769551357,06:12:31.357,htx,XRP/USDT:USDT,3.14366,184.0,3.14348,34.0,3.14367,39.0,3.14368,131.0
1753769551721,06:12:31.721,htx,XRP/USDT:USDT,3.14399,126.0,3.14381,165.0,3.144,820.0,3.14406,39.0
1753769552041,06:12:32.041,htx,XRP/USDT:USDT,3.14399,167.0,3.14381,165.0,3.144,820.0,3.14406,39.0
1753769552049,06:12:32.049,htx,XRP/USDT:USDT,3.14399,167.0,3.14381,165.0,3.144,820.0,3.14406,39.0
1753769552151,06:12:32.151,htx,XRP/USDT:USDT,3.14399,167.0,3.14381,165.0,3.144,820.0,3.14406,39.0
1753769552217,06:12:32.217,htx,XRP/USDT:USDT,3.14399,167.0,3.14381,165.0,3.144,820.0,3.14406,39.0
1753769552396,06:12:32.396,htx,XRP/USDT:USDT,3.14399,167.0,3.14381,165.0,3.144,820.0,3.14406,39.0
1753769552464,06:12:32.464,htx,XRP/USDT:USDT,3.14399,167.0,3.14381,165.0,3.144,820.0,3.14406,39.0
1753769552856,06:12:32.856,htx,XRP/USDT:USDT,3.14399,149.0,3.14389,107.0,3.144,820.0,3.14406,39.0
1753769553223,06:12:33.223,htx,XRP/USDT:USDT,3.14399,149.0,3.14389,107.0,3.144,820.0,3.14406,39.0
1753769553251,06:12:33.251,htx,XRP/USDT:USDT,3.14399,149.0,3.14389,107.0,3.144,820.0,3.14406,39.0
1753769553486,06:12:33.486,htx,XRP/USDT:USDT,3.14399,273.0,3.1439,39.0,3.144,691.0,3.14411,107.0
1753769553551,06:12:33.551,htx,XRP/USDT:USDT,3.14399,380.0,3.1439,39.0,3.144,691.0,3.14424,131.0
1753769553664,06:12:33.664,htx,XRP/USDT:USDT,3.14423,172.0,3.144,60.0,3.14424,131.0,3.14432,39.0
1753769553733,06:12:33.733,htx,XRP/USDT:USDT,3.14423,184.0,3.14401,39.0,3.14424,822.0,3.14432,39.0
1753769554250,06:12:34.250,htx,XRP/USDT:USDT,3.14423,291.0,3.14401,39.0,3.14424,822.0,3.14432,39.0
1753769554413,06:12:34.413,htx,XRP/USDT:USDT,3.14423,316.0,3.14401,39.0,3.14424,822.0,3.14432,39.0
1753769554448,06:12:34.448,htx,XRP/USDT:USDT,3.14423,316.0,3.14401,39.0,3.14424,822.0,3.1444,131.0
1753769554475,06:12:34.475,htx,XRP/USDT:USDT,3.14423,376.0,3.14401,39.0,3.14424,822.0,3.1444,131.0
1753769554754,06:12:34.754,htx,XRP/USDT:USDT,3.14423,376.0,3.14401,39.0,3.14424,822.0,3.1444,131.0
1753769554867,06:12:34.867,htx,XRP/USDT:USDT,3.14423,376.0,3.14401,39.0,3.14424,822.0,3.1444,131.0
1753769554965,06:12:34.965,htx,XRP/USDT:USDT,3.14423,376.0,3.14401,39.0,3.14424,822.0,3.1444,131.0
1753769555037,06:12:35.037,htx,XRP/USDT:USDT,3.14423,404.0,3.14401,39.0,3.14424,822.0,3.1444,131.0
1753769555056,06:12:35.056,htx,XRP/USDT:USDT,3.14423,468.0,3.14401,39.0,3.14424,822.0,3.1444,131.0
1753769555078,06:12:35.078,htx,XRP/USDT:USDT,3.14423,436.0,3.14401,39.0,3.14424,822.0,3.1444,131.0
1753769555436,06:12:35.436,htx,XRP/USDT:USDT,3.14423,404.0,3.14401,39.0,3.14424,822.0,3.1444,131.0
1753769555463,06:12:35.463,htx,XRP/USDT:USDT,3.14423,424.0,3.14401,39.0,3.1444,131.0,3.14444,39.0
1753769555495,06:12:35.495,htx,XRP/USDT:USDT,3.14439,279.0,3.14426,60.0,3.1444,131.0,3.14444,39.0
1753769555529,06:12:35.529,htx,XRP/USDT:USDT,3.14439,339.0,3.14425,25.0,3.1444,131.0,3.14444,39.0
1753769555559,06:12:35.559,htx,XRP/USDT:USDT,3.14439,339.0,3.14425,25.0,3.1444,896.0,3.14444,39.0
1753769555785,06:12:35.785,htx,XRP/USDT:USDT,3.14439,279.0,3.14425,25.0,3.1444,846.0,3.14444,39.0
1753769555807,06:12:35.807,htx,XRP/USDT:USDT,3.14439,279.0,3.14425,25.0,3.1444,896.0,3.14444,39.0
1753769555832,06:12:35.832,htx,XRP/USDT:USDT,3.14439,279.0,3.14425,25.0,3.1444,846.0,3.14444,39.0
1753769555873,06:12:35.873,htx,XRP/USDT:USDT,3.14439,279.0,3.14425,25.0,3.1444,822.0,3.14444,39.0
1753769555892,06:12:35.892,htx,XRP/USDT:USDT,3.14439,279.0,3.14425,25.0,3.1444,846.0,3.14444,39.0
1753769556038,06:12:36.038,htx,XRP/USDT:USDT,3.14439,279.0,3.14425,25.0,3.1444,822.0,3.14444,39.0
1753769557746,06:12:37.746,htx,XRP/USDT:USDT,3.14439,279.0,3.14425,25.0,3.1444,822.0,3.14444,39.0
1753769557807,06:12:37.807,htx,XRP/USDT:USDT,3.14439,279.0,3.14426,39.0,3.1444,822.0,3.14444,39.0
1753769558354,06:12:38.354,htx,XRP/USDT:USDT,3.14439,256.0,3.14426,39.0,3.1444,822.0,3.14444,39.0
1753769559301,06:12:39.301,htx,XRP/USDT:USDT,3.14439,233.0,3.14426,39.0,3.1444,822.0,3.14444,39.0
1753769559310,06:12:39.310,htx,XRP/USDT:USDT,3.14439,233.0,3.14426,39.0,3.1444,822.0,3.14444,39.0
1753769559333,06:12:39.333,htx,XRP/USDT:USDT,3.14439,107.0,3.14425,25.0,3.1444,1038.0,3.14444,39.0
1753769559386,06:12:39.386,htx,XRP/USDT:USDT,3.14439,107.0,3.14425,25.0,3.1444,1038.0,3.14444,39.0
1753769559398,06:12:39.398,htx,XRP/USDT:USDT,3.14439,238.0,3.14425,25.0,3.1444,1038.0,3.14444,39.0
1753769559479,06:12:39.479,htx,XRP/USDT:USDT,3.14439,238.0,3.14425,25.0,3.1444,1038.0,3.14444,39.0
1753769559509,06:12:39.509,htx,XRP/USDT:USDT,3.14439,238.0,3.14425,25.0,3.1444,956.0,3.14444,39.0
1753769559668,06:12:39.668,htx,XRP/USDT:USDT,3.14439,238.0,3.14425,25.0,3.1444,976.0,3.14444,39.0
1753769559743,06:12:39.743,htx,XRP/USDT:USDT,3.14439,238.0,3.14425,25.0,3.1444,956.0,3.14444,39.0
1753769559876,06:12:39.876,htx,XRP/USDT:USDT,3.14439,238.0,3.14425,25.0,3.1444,906.0,3.14444,39.0
1753769559924,06:12:39.924,htx,XRP/USDT:USDT,3.14439,238.0,3.14425,25.0,3.1444,906.0,3.14444,39.0
1753769559948,06:12:39.948,htx,XRP/USDT:USDT,3.14439,238.0,3.14425,25.0,3.1444,926.0,3.14444,39.0
1753769559973,06:12:39.973,htx,XRP/USDT:USDT,3.14439,238.0,3.14425,25.0,3.1444,902.0,3.14444,39.0
1753769560022,06:12:40.022,htx,XRP/USDT:USDT,3.14439,238.0,3.14425,25.0,3.1444,882.0,3.14444,39.0
1753769560026,06:12:40.026,htx,XRP/USDT:USDT,3.14439,238.0,3.14425,25.0,3.1444,906.0,3.14444,39.0
1753769560251,06:12:40.251,htx,XRP/USDT:USDT,3.14439,238.0,3.14425,25.0,3.1444,902.0,3.14444,39.0
1753769560272,06:12:40.272,htx,XRP/USDT:USDT,3.14439,238.0,3.14425,25.0,3.1444,952.0,3.14444,39.0
1753769560301,06:12:40.301,htx,XRP/USDT:USDT,3.14439,238.0,3.14425,25.0,3.1444,926.0,3.14444,39.0
1753769560343,06:12:40.343,htx,XRP/USDT:USDT,3.14439,238.0,3.14425,25.0,3.1444,906.0,3.14444,39.0
1753769560560,06:12:40.560,htx,XRP/USDT:USDT,3.14439,238.0,3.14425,25.0,3.1444,926.0,3.14444,39.0
1753769560639,06:12:40.639,htx,XRP/USDT:USDT,3.14439,238.0,3.14425,25.0,3.1444,906.0,3.14444,39.0
1753769560904,06:12:40.904,htx,XRP/USDT:USDT,3.14439,238.0,3.14425,25.0,3.1444,906.0,3.14444,39.0
1753769560958,06:12:40.958,htx,XRP/USDT:USDT,3.14439,107.0,3.14425,25.0,3.1444,906.0,3.14444,39.0
1753769561014,06:12:41.014,htx,XRP/USDT:USDT,3.14439,107.0,3.14425,25.0,3.1444,1015.0,3.14444,39.0
1753769561073,06:12:41.073,htx,XRP/USDT:USDT,3.14439,107.0,3.14425,25.0,3.1444,995.0,3.14444,39.0
1753769561073,06:12:41.073,htx,XRP/USDT:USDT,3.14439,107.0,3.14425,25.0,3.1444,945.0,3.14444,39.0
1753769561289,06:12:41.289,htx,XRP/USDT:USDT,3.14439,107.0,3.14425,25.0,3.1444,965.0,3.14444,39.0
1753769561351,06:12:41.351,htx,XRP/USDT:USDT,3.14439,107.0,3.14425,25.0,3.1444,941.0,3.14444,39.0
1753769561584,06:12:41.584,htx,XRP/USDT:USDT,3.14439,107.0,3.14425,25.0,3.1444,941.0,3.14444,39.0
1753769561618,06:12:41.618,htx,XRP/USDT:USDT,3.14439,107.0,3.14425,25.0,3.1444,965.0,3.14444,39.0
1753769561648,06:12:41.648,htx,XRP/USDT:USDT,3.14439,238.0,3.14425,25.0,3.1444,921.0,3.14444,39.0
1753769561755,06:12:41.755,htx,XRP/USDT:USDT,3.14439,238.0,3.14425,25.0,3.1444,921.0,3.14444,39.0
1753769561880,06:12:41.880,htx,XRP/USDT:USDT,3.14439,238.0,3.14425,25.0,3.1444,941.0,3.14444,39.0
1753769561932,06:12:41.932,htx,XRP/USDT:USDT,3.14439,238.0,3.14425,25.0,3.1444,881.0,3.14444,39.0
1753769561975,06:12:41.975,htx,XRP/USDT:USDT,3.14439,238.0,3.14425,25.0,3.1444,861.0,3.14444,39.0
1753769562174,06:12:42.174,htx,XRP/USDT:USDT,3.14439,238.0,3.14425,25.0,3.1444,861.0,3.14444,39.0
1753769562189,06:12:42.189,htx,XRP/USDT:USDT,3.14439,238.0,3.14425,25.0,3.1444,881.0,3.14444,39.0
1753769562251,06:12:42.251,htx,XRP/USDT:USDT,3.14439,238.0,3.14425,25.0,3.1444,861.0,3.14444,39.0
1753769562405,06:12:42.405,htx,XRP/USDT:USDT,3.14439,238.0,3.14425,25.0,3.1444,885.0,3.14444,39.0
1753769562438,06:12:42.438,htx,XRP/USDT:USDT,3.14439,238.0,3.14425,25.0,3.1444,861.0,3.14444,39.0
1753769562469,06:12:42.469,htx,XRP/USDT:USDT,3.14439,238.0,3.14425,25.0,3.1444,881.0,3.14444,39.0
1753769562528,06:12:42.528,htx,XRP/USDT:USDT,3.14439,238.0,3.14425,25.0,3.1444,861.0,3.14444,39.0
1753769564188,06:12:44.188,htx,XRP/USDT:USDT,3.14439,238.0,3.14425,25.0,3.1444,861.0,3.14444,39.0
1753769564204,06:12:44.204,htx,XRP/USDT:USDT,3.14439,238.0,3.14425,25.0,3.1444,861.0,3.14444,39.0
1753769565182,06:12:45.182,htx,XRP/USDT:USDT,3.14439,238.0,3.14425,25.0,3.1444,861.0,3.14444,39.0
1753769566641,06:12:46.641,htx,XRP/USDT:USDT,3.14439,238.0,3.14426,39.0,3.1444,861.0,3.14444,39.0
1753769567141,06:12:47.141,htx,XRP/USDT:USDT,3.14439,238.0,3.14426,39.0,3.1444,861.0,3.14444,39.0
1753769568854,06:12:48.854,htx,XRP/USDT:USDT,3.14439,261.0,3.14426,39.0,3.1444,861.0,3.14444,39.0
1753769569926,06:12:49.926,htx,XRP/USDT:USDT,3.14439,261.0,3.14426,39.0,3.1444,861.0,3.14444,39.0
1753769570169,06:12:50.169,htx,XRP/USDT:USDT,3.14439,321.0,3.14426,39.0,3.1444,861.0,3.14444,39.0
1753769570413,06:12:50.413,htx,XRP/USDT:USDT,3.14439,261.0,3.14426,39.0,3.1444,861.0,3.14444,39.0
1753769570690,06:12:50.690,htx,XRP/USDT:USDT,3.14439,261.0,3.14426,39.0,3.1444,861.0,3.14444,39.0
1753769571193,06:12:51.193,htx,XRP/USDT:USDT,3.14439,261.0,3.14426,39.0,3.1444,861.0,3.14444,39.0
1753769571215,06:12:51.215,htx,XRP/USDT:USDT,3.14439,261.0,3.14426,39.0,3.1444,861.0,3.14444,39.0
1753769571692,06:12:51.692,htx,XRP/USDT:USDT,3.14439,261.0,3.14426,39.0,3.1444,861.0,3.14444,39.0
1753769571776,06:12:51.776,htx,XRP/USDT:USDT,3.14439,261.0,3.14426,39.0,3.1444,861.0,3.14444,39.0
1753769571794,06:12:51.794,htx,XRP/USDT:USDT,3.14439,261.0,3.14426,39.0,3.1444,861.0,3.14444,39.0
1753769572496,06:12:52.496,htx,XRP/USDT:USDT,3.14439,261.0,3.14426,39.0,3.1444,822.0,3.14444,39.0
1753769572503,06:12:52.503,htx,XRP/USDT:USDT,3.14439,346.0,3.14426,146.0,3.1444,131.0,3.14456,131.0
1753769572542,06:12:52.542,htx,XRP/USDT:USDT,3.14439,346.0,3.14427,39.0,3.1444,131.0,3.14456,131.0
1753769572564,06:12:52.564,htx,XRP/USDT:USDT,3.14455,318.0,3.14439,238.0,3.14472,132.0,3.14474,107.0
1753769572596,06:12:52.596,htx,XRP/USDT:USDT,3.14471,171.0,3.14457,25.0,3.14472,132.0,3.14474,107.0
1753769572628,06:12:52.628,htx,XRP/USDT:USDT,3.14471,234.0,3.14458,60.0,3.14472,822.0,3.14473,34.0
1753769572654,06:12:52.654,htx,XRP/USDT:USDT,3.14471,234.0,3.14458,60.0,3.14472,822.0,3.14473,34.0
1753769572688,06:12:52.688,htx,XRP/USDT:USDT,3.14471,234.0,3.14458,60.0,3.14472,896.0,3.14473,34.0
1753769572808,06:12:52.808,htx,XRP/USDT:USDT,3.14471,234.0,3.14458,60.0,3.14472,822.0,3.14473,34.0
1753769572973,06:12:52.973,htx,XRP/USDT:USDT,3.14471,234.0,3.14458,60.0,3.14472,822.0,3.14473,34.0
1753769573251,06:12:53.251,htx,XRP/USDT:USDT,3.14471,234.0,3.14458,60.0,3.14472,822.0,3.14473,34.0
1753769573269,06:12:53.269,htx,XRP/USDT:USDT,3.14471,234.0,3.14458,60.0,3.14472,822.0,3.14473,34.0
1753769573323,06:12:53.323,htx,XRP/USDT:USDT,3.14471,234.0,3.14458,60.0,3.14472,822.0,3.14473,34.0
1753769574315,06:12:54.315,htx,XRP/USDT:USDT,3.14471,234.0,3.14458,60.0,3.14472,822.0,3.14473,34.0
1753769574527,06:12:54.527,htx,XRP/USDT:USDT,3.14471,234.0,3.14458,60.0,3.14472,822.0,3.14473,34.0
1753769574568,06:12:54.568,htx,XRP/USDT:USDT,3.14471,257.0,3.14458,60.0,3.14472,822.0,3.14473,34.0
1753769574650,06:12:54.650,htx,XRP/USDT:USDT,3.14471,257.0,3.14458,60.0,3.14472,132.0,3.14473,34.0
1753769574783,06:12:54.783,htx,XRP/USDT:USDT,3.14471,257.0,3.14459,39.0,3.14472,132.0,3.14473,34.0
1753769574967,06:12:54.967,htx,XRP/USDT:USDT,3.14471,257.0,3.14459,39.0,3.14472,132.0,3.14473,83.0
1753769576786,06:12:56.786,htx,XRP/USDT:USDT,3.14471,234.0,3.14459,39.0,3.14472,132.0,3.14473,83.0
1753769576800,06:12:56.800,htx,XRP/USDT:USDT,3.14471,234.0,3.14459,39.0,3.14472,132.0,3.14473,83.0
1753769576829,06:12:56.829,htx,XRP/USDT:USDT,3.14471,234.0,3.14459,39.0,3.14472,132.0,3.14473,83.0
1753769576862,06:12:56.862,htx,XRP/USDT:USDT,3.14471,234.0,3.14459,39.0,3.14472,132.0,3.14473,83.0
1753769576930,06:12:56.930,htx,XRP/USDT:USDT,3.14471,234.0,3.14459,39.0,3.14472,182.0,3.14473,83.0
1753769577021,06:12:57.021,htx,XRP/USDT:USDT,3.14471,234.0,3.14459,39.0,3.14472,182.0,3.14473,83.0
1753769577021,06:12:57.021,htx,XRP/USDT:USDT,3.14471,234.0,3.14459,39.0,3.14472,262.0,3.14473,83.0
1753769577042,06:12:57.042,htx,XRP/USDT:USDT,3.14471,107.0,3.14459,39.0,3.14472,286.0,3.14473,83.0
1753769577085,06:12:57.085,htx,XRP/USDT:USDT,3.14471,234.0,3.14459,39.0,3.14472,286.0,3.14473,83.0
1753769577104,06:12:57.104,htx,XRP/USDT:USDT,3.14471,234.0,3.14459,39.0,3.14472,236.0,3.14473,83.0
1753769577128,06:12:57.128,htx,XRP/USDT:USDT,3.14471,257.0,3.14459,39.0,3.14472,212.0,3.14473,83.0
1753769577747,06:12:57.747,htx,XRP/USDT:USDT,3.14471,257.0,3.14459,39.0,3.14472,212.0,3.14473,83.0
1753769577862,06:12:57.862,htx,XRP/USDT:USDT,3.14471,257.0,3.14459,39.0,3.14472,152.0,3.14473,83.0
1753769577962,06:12:57.962,htx,XRP/USDT:USDT,3.14471,257.0,3.14459,39.0,3.14472,152.0,3.14473,83.0
1753769578031,06:12:58.031,htx,XRP/USDT:USDT,3.14471,257.0,3.14459,39.0,3.14472,152.0,3.14473,83.0
1753769578481,06:12:58.481,htx,XRP/USDT:USDT,3.14471,257.0,3.14459,39.0,3.14472,152.0,3.14473,83.0
1753769578531,06:12:58.531,htx,XRP/USDT:USDT,3.14471,257.0,3.14459,39.0,3.14472,152.0,3.14473,83.0
1753769579352,06:12:59.352,htx,XRP/USDT:USDT,3.14471,257.0,3.14459,39.0,3.14472,152.0,3.14473,83.0
1753769579377,06:12:59.377,htx,XRP/USDT:USDT,3.14471,337.0,3.14459,39.0,3.14472,152.0,3.14473,83.0
1753769579404,06:12:59.404,htx,XRP/USDT:USDT,3.14471,404.0,3.14459,39.0,3.14472,152.0,3.14473,83.0
1753769579453,06:12:59.453,htx,XRP/USDT:USDT,3.14471,436.0,3.14459,39.0,3.14472,152.0,3.14473,83.0
1753769579471,06:12:59.471,htx,XRP/USDT:USDT,3.14471,436.0,3.14459,39.0,3.14472,152.0,3.14473,83.0
1753769579606,06:12:59.606,htx,XRP/USDT:USDT,3.14471,356.0,3.14459,39.0,3.14472,152.0,3.14473,83.0
1753769579619,06:12:59.619,htx,XRP/USDT:USDT,3.14471,356.0,3.14459,39.0,3.14472,152.0,3.14473,83.0
1753769579649,06:12:59.649,htx,XRP/USDT:USDT,3.14471,356.0,3.14459,39.0,3.14472,152.0,3.14473,83.0
1753769579686,06:12:59.686,htx,XRP/USDT:USDT,3.14471,683.0,3.14459,39.0,3.14472,152.0,3.14473,83.0
1753769579705,06:12:59.705,htx,XRP/USDT:USDT,3.14471,701.0,3.14459,39.0,3.14472,152.0,3.14487,39.0
1753769579741,06:12:59.741,htx,XRP/USDT:USDT,3.14471,381.0,3.14459,39.0,3.14472,20.0,3.14488,131.0
1753769579771,06:12:59.771,htx,XRP/USDT:USDT,3.14471,381.0,3.14459,39.0,3.14488,131.0,3.14502,39.0
1753769579797,06:12:59.797,htx,XRP/USDT:USDT,3.14487,20.0,3.14486,129.0,3.14488,131.0,3.14502,39.0
1753769579829,06:12:59.829,htx,XRP/USDT:USDT,3.14487,257.0,3.14486,39.0,3.14488,821.0,3.14502,39.0
1753769580008,06:13:00.008,htx,XRP/USDT:USDT,3.14487,257.0,3.14486,39.0,3.14488,821.0,3.14502,39.0
1753769580174,06:13:00.174,htx,XRP/USDT:USDT,3.14487,257.0,3.14486,39.0,3.14488,821.0,3.14502,39.0
1753769580221,06:13:00.221,htx,XRP/USDT:USDT,3.14487,364.0,3.14486,39.0,3.14488,821.0,3.14502,39.0
1753769580538,06:13:00.538,htx,XRP/USDT:USDT,3.14487,364.0,3.14486,39.0,3.14488,821.0,3.14502,39.0
1753769580815,06:13:00.815,htx,XRP/USDT:USDT,3.14487,364.0,3.14486,39.0,3.14488,821.0,3.14502,39.0
1753769580897,06:13:00.897,htx,XRP/USDT:USDT,3.14487,364.0,3.14486,39.0,3.14488,821.0,3.14502,39.0
1753769581012,06:13:01.012,htx,XRP/USDT:USDT,3.14487,364.0,3.14486,39.0,3.14488,821.0,3.14502,39.0
1753769581092,06:13:01.092,htx,XRP/USDT:USDT,3.14487,364.0,3.14486,39.0,3.14488,821.0,3.14502,39.0
1753769581197,06:13:01.197,htx,XRP/USDT:USDT,3.14487,364.0,3.14486,39.0,3.14488,131.0,3.14491,690.0
1753769581222,06:13:01.222,htx,XRP/USDT:USDT,3.14487,364.0,3.14486,39.0,3.14488,131.0,3.1449,67.0
1753769581282,06:13:01.282,htx,XRP/USDT:USDT,3.14487,364.0,3.14486,39.0,3.14488,131.0,3.1449,67.0
1753769581298,06:13:01.298,htx,XRP/USDT:USDT,3.14487,364.0,3.14486,39.0,3.14488,131.0,3.1449,67.0
1753769581437,06:13:01.437,htx,XRP/USDT:USDT,3.14487,344.0,3.14486,39.0,3.14488,131.0,3.1449,67.0
1753769581437,06:13:01.437,htx,XRP/USDT:USDT,3.14487,284.0,3.14486,39.0,3.14488,155.0,3.1449,67.0
1753769581842,06:13:01.842,htx,XRP/USDT:USDT,3.14487,284.0,3.14486,39.0,3.14488,131.0,3.1449,67.0
1753769582011,06:13:02.011,htx,XRP/USDT:USDT,3.14487,284.0,3.14486,39.0,3.14488,131.0,3.1449,67.0
1753769582284,06:13:02.284,htx,XRP/USDT:USDT,3.14487,323.0,3.14486,39.0,3.14488,131.0,3.1449,67.0
1753769582287,06:13:02.287,htx,XRP/USDT:USDT,3.14487,323.0,3.14486,39.0,3.14488,131.0,3.1449,67.0
1753769582451,06:13:02.451,htx,XRP/USDT:USDT,3.14487,323.0,3.14486,39.0,3.14488,155.0,3.1449,67.0
1753769582534,06:13:02.534,htx,XRP/USDT:USDT,3.14487,323.0,3.14486,39.0,3.14488,131.0,3.1449,67.0
1753769583047,06:13:03.047,htx,XRP/USDT:USDT,3.14487,323.0,3.14486,39.0,3.14488,131.0,3.1449,67.0
1753769583108,06:13:03.108,htx,XRP/USDT:USDT,3.14487,323.0,3.14486,39.0,3.14488,131.0,3.1449,67.0
1753769583178,06:13:03.178,htx,XRP/USDT:USDT,3.14487,323.0,3.14486,39.0,3.14488,131.0,3.1449,67.0
1753769583190,06:13:03.190,htx,XRP/USDT:USDT,3.14487,323.0,3.14486,39.0,3.14488,131.0,3.1449,67.0
1753769583288,06:13:03.288,htx,XRP/USDT:USDT,3.14487,323.0,3.14486,39.0,3.14488,131.0,3.1449,67.0
1753769583304,06:13:03.304,htx,XRP/USDT:USDT,3.14487,323.0,3.14486,39.0,3.14488,181.0,3.1449,67.0
1753769583340,06:13:03.340,htx,XRP/USDT:USDT,3.14487,323.0,3.14486,39.0,3.14488,155.0,3.1449,67.0
1753769583416,06:13:03.416,htx,XRP/USDT:USDT,3.14487,323.0,3.14486,39.0,3.14488,131.0,3.1449,67.0
1753769583527,06:13:03.527,htx,XRP/USDT:USDT,3.14487,323.0,3.14486,39.0,3.14488,131.0,3.1449,67.0
1753769583839,06:13:03.839,htx,XRP/USDT:USDT,3.14487,323.0,3.14486,39.0,3.14488,131.0,3.1449,67.0
1753769583845,06:13:03.845,htx,XRP/USDT:USDT,3.14487,146.0,3.14471,127.0,3.14488,131.0,3.1449,67.0
1753769583876,06:13:03.876,htx,XRP/USDT:USDT,3.14458,107.0,3.14455,129.0,3.14488,421.0,3.1449,67.0
1753769583908,06:13:03.908,htx,XRP/USDT:USDT,3.14471,129.0,3.14468,107.0,3.14487,60.0,3.14488,131.0
1753769583940,06:13:03.940,htx,XRP/USDT:USDT,3.14471,129.0,3.14468,107.0,3.14472,50.0,3.14487,167.0
1753769583979,06:13:03.979,htx,XRP/USDT:USDT,3.14471,129.0,3.14468,107.0,3.14472,153.0,3.14487,167.0
1753769584024,06:13:04.024,htx,XRP/USDT:USDT,3.14471,129.0,3.14468,107.0,3.14472,153.0,3.14486,20.0
1753769584027,06:13:04.027,htx,XRP/USDT:USDT,3.14471,129.0,3.14468,107.0,3.14472,153.0,3.14473,129.0
1753769584060,06:13:04.060,htx,XRP/USDT:USDT,3.14471,129.0,3.14468,107.0,3.14472,189.0,3.14486,20.0
1753769584159,06:13:04.159,htx,XRP/USDT:USDT,3.14471,129.0,3.14468,107.0,3.14472,189.0,3.14486,20.0
1753769584176,06:13:04.176,htx,XRP/USDT:USDT,3.14468,107.0,3.1444,39.0,3.14472,189.0,3.14485,39.0
1753769584212,06:13:04.212,htx,XRP/USDT:USDT,3.14441,23.0,3.1444,39.0,3.14469,129.0,3.14485,39.0
1753769584238,06:13:04.238,htx,XRP/USDT:USDT,3.14456,23.0,3.14455,129.0,3.14468,60.0,3.14472,690.0
1753769584290,06:13:04.290,htx,XRP/USDT:USDT,3.14456,23.0,3.14455,129.0,3.14457,50.0,3.14468,60.0
1753769584299,06:13:04.299,htx,XRP/USDT:USDT,3.14456,23.0,3.14442,124.0,3.14457,153.0,3.14468,60.0
1753769584333,06:13:04.333,htx,XRP/USDT:USDT,3.14456,152.0,3.14442,124.0,3.14457,153.0,3.14468,60.0
1753769584437,06:13:04.437,htx,XRP/USDT:USDT,3.14456,152.0,3.14442,124.0,3.14457,129.0,3.14468,60.0
1753769584455,06:13:04.455,htx,XRP/USDT:USDT,3.14456,152.0,3.14442,124.0,3.14457,179.0,3.14468,60.0
1753769584515,06:13:04.515,htx,XRP/USDT:USDT,3.14456,152.0,3.14442,124.0,3.14457,153.0,3.14468,60.0
1753769584545,06:13:04.545,htx,XRP/USDT:USDT,3.14456,152.0,3.14442,124.0,3.14457,153.0,3.14468,60.0
1753769584614,06:13:04.614,htx,XRP/USDT:USDT,3.14456,152.0,3.14442,124.0,3.14457,153.0,3.14468,60.0
1753769584639,06:13:04.639,htx,XRP/USDT:USDT,3.14456,259.0,3.14442,124.0,3.14457,153.0,3.14468,60.0
1753769584901,06:13:04.901,htx,XRP/USDT:USDT,3.14456,259.0,3.14442,124.0,3.14457,153.0,3.14467,39.0
1753769585063,06:13:05.063,htx,XRP/USDT:USDT,3.14456,259.0,3.14442,124.0,3.14457,203.0,3.14467,39.0
1753769585132,06:13:05.132,htx,XRP/USDT:USDT,3.14456,259.0,3.14442,124.0,3.14457,153.0,3.14467,39.0
1753769585265,06:13:05.265,htx,XRP/USDT:USDT,3.14456,259.0,3.14442,124.0,3.14457,129.0,3.14467,39.0
1753769585535,06:13:05.535,htx,XRP/USDT:USDT,3.14456,259.0,3.14442,124.0,3.14457,129.0,3.14467,39.0
1753769585553,06:13:05.553,htx,XRP/USDT:USDT,3.14456,259.0,3.14442,124.0,3.14457,129.0,3.14467,39.0
1753769585613,06:13:05.613,htx,XRP/USDT:USDT,3.14456,287.0,3.14442,124.0,3.14457,129.0,3.14467,39.0
1753769585621,06:13:05.621,htx,XRP/USDT:USDT,3.14456,367.0,3.14442,99.0,3.14457,129.0,3.14467,39.0
1753769585652,06:13:05.652,htx,XRP/USDT:USDT,3.14456,284.0,3.14442,99.0,3.14457,129.0,3.14467,39.0
1753769585679,06:13:05.679,htx,XRP/USDT:USDT,3.14456,284.0,3.14442,99.0,3.14457,129.0,3.14468,39.0
1753769585704,06:13:05.704,htx,XRP/USDT:USDT,3.1447,90.0,3.14469,169.0,3.14471,48.0,3.14472,690.0
1753769585741,06:13:05.741,htx,XRP/USDT:USDT,3.1447,115.0,3.14469,169.0,3.14471,48.0,3.14472,690.0
1753769585772,06:13:05.772,htx,XRP/USDT:USDT,3.1447,308.0,3.14469,146.0,3.14471,48.0,3.14472,690.0
1753769585800,06:13:05.800,htx,XRP/USDT:USDT,3.1447,415.0,3.14469,146.0,3.14471,129.0,3.14472,690.0
1753769585826,06:13:05.826,htx,XRP/USDT:USDT,3.1447,415.0,3.14469,146.0,3.14471,129.0,3.14472,690.0
1753769586170,06:13:06.170,htx,XRP/USDT:USDT,3.1447,415.0,3.14469,146.0,3.14471,129.0,3.14487,107.0
1753769586187,06:13:06.187,htx,XRP/USDT:USDT,3.1447,415.0,3.14469,146.0,3.14471,129.0,3.14481,690.0
1753769586278,06:13:06.278,htx,XRP/USDT:USDT,3.1447,475.0,3.14469,146.0,3.14471,129.0,3.1448,65.0
1753769586306,06:13:06.306,htx,XRP/USDT:USDT,3.1447,475.0,3.14469,146.0,3.14471,129.0,3.1448,65.0
1753769586335,06:13:06.335,htx,XRP/USDT:USDT,3.1447,475.0,3.14469,146.0,3.14471,129.0,3.1448,65.0
1753769586735,06:13:06.735,htx,XRP/USDT:USDT,3.1447,415.0,3.14469,146.0,3.14471,129.0,3.1448,65.0
1753769586841,06:13:06.841,htx,XRP/USDT:USDT,3.1447,415.0,3.14469,146.0,3.14471,129.0,3.1448,65.0
1753769586845,06:13:06.845,htx,XRP/USDT:USDT,3.1447,479.0,3.14469,146.0,3.14471,129.0,3.1448,65.0
1753769586879,06:13:06.879,htx,XRP/USDT:USDT,3.1447,539.0,3.14469,146.0,3.14471,129.0,3.1448,65.0
1753769586922,06:13:06.922,htx,XRP/USDT:USDT,3.1447,553.0,3.14469,146.0,3.14471,129.0,3.1448,65.0
1753769586944,06:13:06.944,htx,XRP/USDT:USDT,3.1447,475.0,3.14469,146.0,3.14471,129.0,3.1448,65.0
1753769587089,06:13:07.089,htx,XRP/USDT:USDT,3.1447,415.0,3.14469,146.0,3.14471,129.0,3.1448,65.0
1753769587153,06:13:07.153,htx,XRP/USDT:USDT,3.1447,393.0,3.14469,146.0,3.14471,129.0,3.1448,65.0
1753769587309,06:13:07.309,htx,XRP/USDT:USDT,3.1447,393.0,3.14469,146.0,3.14471,153.0,3.1448,65.0
1753769587371,06:13:07.371,htx,XRP/USDT:USDT,3.1447,393.0,3.14469,146.0,3.14471,153.0,3.1448,65.0
1753769587390,06:13:07.390,htx,XRP/USDT:USDT,3.1447,393.0,3.14469,39.0,3.14471,203.0,3.1448,65.0
1753769587434,06:13:07.434,htx,XRP/USDT:USDT,3.1447,393.0,3.14469,39.0,3.14471,153.0,3.1448,65.0
1753769587544,06:13:07.544,htx,XRP/USDT:USDT,3.1447,393.0,3.14469,39.0,3.14471,203.0,3.1448,65.0
1753769587641,06:13:07.641,htx,XRP/USDT:USDT,3.1447,393.0,3.14469,39.0,3.14471,129.0,3.1448,65.0
1753769587898,06:13:07.898,htx,XRP/USDT:USDT,3.1447,393.0,3.14469,39.0,3.14471,129.0,3.1448,65.0
1753769588091,06:13:08.091,htx,XRP/USDT:USDT,3.1447,393.0,3.14469,39.0,3.14471,129.0,3.1448,65.0
1753769588105,06:13:08.105,htx,XRP/USDT:USDT,3.1447,393.0,3.14469,39.0,3.14471,129.0,3.1448,65.0
1753769588181,06:13:08.181,htx,XRP/USDT:USDT,3.1447,393.0,3.14469,39.0,3.14471,129.0,3.1448,65.0
1753769588199,06:13:08.199,htx,XRP/USDT:USDT,3.1447,393.0,3.14469,39.0,3.14471,129.0,3.1448,65.0
1753769588274,06:13:08.274,htx,XRP/USDT:USDT,3.1447,393.0,3.14469,39.0,3.14471,129.0,3.14479,2.0
1753769588302,06:13:08.302,htx,XRP/USDT:USDT,3.1447,393.0,3.14469,39.0,3.14471,129.0,3.14479,2.0
1753769589331,06:13:09.331,htx,XRP/USDT:USDT,3.1447,393.0,3.14469,39.0,3.14471,129.0,3.14479,2.0
1753769591226,06:13:11.226,htx,XRP/USDT:USDT,3.1447,370.0,3.14469,39.0,3.14471,129.0,3.14478,39.0
1753769591269,06:13:11.269,htx,XRP/USDT:USDT,3.1447,347.0,3.14469,39.0,3.14471,129.0,3.14478,39.0
1753769591289,06:13:11.289,htx,XRP/USDT:USDT,3.1447,218.0,3.14469,39.0,3.14471,153.0,3.14478,39.0
1753769591405,06:13:11.405,htx,XRP/USDT:USDT,3.1447,179.0,3.14458,39.0,3.14471,283.0,3.14478,39.0
1753769591478,06:13:11.478,htx,XRP/USDT:USDT,3.1447,179.0,3.14458,39.0,3.14471,263.0,3.14478,39.0
1753769591547,06:13:11.547,htx,XRP/USDT:USDT,3.1447,179.0,3.14458,39.0,3.14471,213.0,3.14478,39.0
1753769591558,06:13:11.558,htx,XRP/USDT:USDT,3.1447,179.0,3.14458,39.0,3.14471,213.0,3.14478,39.0
1753769591683,06:13:11.683,htx,XRP/USDT:USDT,3.1447,179.0,3.14458,39.0,3.14471,213.0,3.14478,39.0
1753769591710,06:13:11.710,htx,XRP/USDT:USDT,3.1447,179.0,3.14458,39.0,3.14471,283.0,3.14478,39.0
1753769591768,06:13:11.768,htx,XRP/USDT:USDT,3.1447,179.0,3.14458,39.0,3.14471,263.0,3.14478,39.0
1753769591947,06:13:11.947,htx,XRP/USDT:USDT,3.1447,179.0,3.14458,39.0,3.14471,263.0,3.14478,39.0
1753769591995,06:13:11.995,htx,XRP/USDT:USDT,3.1447,179.0,3.14458,39.0,3.14471,283.0,3.14478,39.0
1753769592071,06:13:12.071,htx,XRP/USDT:USDT,3.1447,179.0,3.14458,39.0,3.14471,263.0,3.14478,39.0
1753769592295,06:13:12.295,htx,XRP/USDT:USDT,3.1447,179.0,3.14458,39.0,3.14471,283.0,3.14478,39.0
1753769592361,06:13:12.361,htx,XRP/USDT:USDT,3.1447,179.0,3.14458,39.0,3.14471,263.0,3.14478,39.0
1753769592596,06:13:12.596,htx,XRP/USDT:USDT,3.1447,179.0,3.14458,39.0,3.14471,283.0,3.14478,39.0
1753769592701,06:13:12.701,htx,XRP/USDT:USDT,3.1447,179.0,3.14458,39.0,3.14471,263.0,3.14478,39.0
1753769592951,06:13:12.951,htx,XRP/USDT:USDT,3.1447,179.0,3.14458,39.0,3.14471,263.0,3.14478,39.0
1753769593118,06:13:13.118,htx,XRP/USDT:USDT,3.1447,179.0,3.14458,39.0,3.14471,252.0,3.14478,39.0
1753769593151,06:13:13.151,htx,XRP/USDT:USDT,3.1447,179.0,3.14458,39.0,3.14471,252.0,3.14478,39.0
1753769593176,06:13:13.176,htx,XRP/USDT:USDT,3.1447,179.0,3.14458,39.0,3.14471,322.0,3.14478,39.0
1753769593231,06:13:13.231,htx,XRP/USDT:USDT,3.1447,157.0,3.14458,39.0,3.14471,272.0,3.14478,39.0
1753769593264,06:13:13.264,htx,XRP/USDT:USDT,3.1447,157.0,3.14458,39.0,3.14471,252.0,3.14478,39.0
1753769593387,06:13:13.387,htx,XRP/USDT:USDT,3.1447,157.0,3.14458,39.0,3.14471,252.0,3.14478,39.0
1753769593413,06:13:13.413,htx,XRP/USDT:USDT,3.1447,107.0,3.14439,131.0,3.14471,831.0,3.14478,39.0
1753769593447,06:13:13.447,htx,XRP/USDT:USDT,3.14417,107.0,3.14413,35.0,3.1444,154.0,3.14456,126.0
1753769593474,06:13:13.474,htx,XRP/USDT:USDT,3.14418,60.0,3.14417,107.0,3.14433,238.0,3.14439,60.0
1753769593505,06:13:13.505,htx,XRP/USDT:USDT,3.1442,126.0,3.14399,126.0,3.14448,690.0,3.14456,126.0
1753769593535,06:13:13.535,htx,XRP/USDT:USDT,3.14388,39.0,3.14387,20.0,3.144,24.0,3.1442,60.0
1753769593563,06:13:13.563,htx,XRP/USDT:USDT,3.14387,20.0,3.14367,39.0,3.14389,130.0,3.144,302.0
1753769593594,06:13:13.594,htx,XRP/USDT:USDT,3.14387,20.0,3.1437,500.0,3.14388,142.0,3.14389,176.0
1753769593657,06:13:13.657,htx,XRP/USDT:USDT,3.14387,20.0,3.14367,39.0,3.14388,359.0,3.14389,256.0
1753769593727,06:13:13.727,htx,XRP/USDT:USDT,3.14387,146.0,3.14367,39.0,3.14388,359.0,3.14389,130.0
1753769593754,06:13:13.754,htx,XRP/USDT:USDT,3.14387,146.0,3.14367,39.0,3.14388,359.0,3.14389,169.0
1753769593773,06:13:13.773,htx,XRP/USDT:USDT,3.14387,20.0,3.14367,39.0,3.14388,379.0,3.14389,169.0
1753769593817,06:13:13.817,htx,XRP/USDT:USDT,3.14387,146.0,3.14367,39.0,3.14388,379.0,3.14389,169.0
1753769593851,06:13:13.851,htx,XRP/USDT:USDT,3.14387,146.0,3.14367,39.0,3.14388,379.0,3.14389,169.0
1753769593872,06:13:13.872,htx,XRP/USDT:USDT,3.14387,146.0,3.14367,39.0,3.14388,379.0,3.14389,169.0
1753769593910,06:13:13.910,htx,XRP/USDT:USDT,3.14387,146.0,3.14367,39.0,3.14388,379.0,3.14389,169.0
1753769593926,06:13:13.926,htx,XRP/USDT:USDT,3.14387,146.0,3.14367,39.0,3.14388,379.0,3.14389,169.0
1753769594024,06:13:14.024,htx,XRP/USDT:USDT,3.14387,146.0,3.14367,39.0,3.14388,379.0,3.14389,169.0
1753769594030,06:13:14.030,htx,XRP/USDT:USDT,3.14387,20.0,3.14367,39.0,3.14388,699.0,3.14389,169.0
1753769594047,06:13:14.047,htx,XRP/USDT:USDT,3.14387,20.0,3.14367,39.0,3.14388,763.0,3.14389,169.0
1753769594078,06:13:14.078,htx,XRP/USDT:USDT,3.14387,20.0,3.14367,39.0,3.14388,1263.0,3.14389,169.0
1753769594108,06:13:14.108,htx,XRP/USDT:USDT,3.14387,20.0,3.14351,39.0,3.14388,1263.0,3.14389,169.0
1753769594135,06:13:14.135,htx,XRP/USDT:USDT,3.14387,20.0,3.14351,39.0,3.14388,445.0,3.14389,169.0
1753769594168,06:13:14.168,htx,XRP/USDT:USDT,3.14387,43.0,3.14351,39.0,3.14388,379.0,3.14389,169.0
1753769594198,06:13:14.198,htx,XRP/USDT:USDT,3.14387,146.0,3.14364,107.0,3.14388,297.0,3.14389,169.0
1753769594228,06:13:14.228,htx,XRP/USDT:USDT,3.14387,146.0,3.14364,107.0,3.14388,217.0,3.14389,63.0
1753769594298,06:13:14.298,htx,XRP/USDT:USDT,3.14387,20.0,3.14364,107.0,3.14388,217.0,3.14389,63.0
1753769594330,06:13:14.330,htx,XRP/USDT:USDT,3.14387,20.0,3.14364,107.0,3.14388,217.0,3.14389,63.0
1753769594480,06:13:14.480,htx,XRP/USDT:USDT,3.14387,146.0,3.14364,107.0,3.14388,267.0,3.14389,63.0
1753769594548,06:13:14.548,htx,XRP/USDT:USDT,3.14387,20.0,3.14364,107.0,3.14388,267.0,3.14389,63.0
1753769594719,06:13:14.719,htx,XRP/USDT:USDT,3.14387,20.0,3.14364,107.0,3.14388,767.0,3.14389,63.0
1753769594774,06:13:14.774,htx,XRP/USDT:USDT,3.14387,20.0,3.14364,107.0,3.14388,767.0,3.14389,63.0
1753769594793,06:13:14.793,htx,XRP/USDT:USDT,3.14387,20.0,3.14364,107.0,3.14388,951.0,3.14389,63.0
1753769594846,06:13:14.846,htx,XRP/USDT:USDT,3.14387,20.0,3.14364,107.0,3.14388,1251.0,3.14389,63.0
1753769594890,06:13:14.890,htx,XRP/USDT:USDT,3.14387,20.0,3.14364,107.0,3.14388,1251.0,3.14389,63.0
1753769594938,06:13:14.938,htx,XRP/USDT:USDT,3.14387,20.0,3.14364,107.0,3.14388,1251.0,3.14389,63.0
1753769594954,06:13:14.954,htx,XRP/USDT:USDT,3.14387,20.0,3.14364,107.0,3.14388,1251.0,3.14389,63.0
1753769594987,06:13:14.987,htx,XRP/USDT:USDT,3.14387,20.0,3.14364,107.0,3.14388,1251.0,3.14389,63.0
1753769595156,06:13:15.156,htx,XRP/USDT:USDT,3.14387,20.0,3.14364,107.0,3.14388,1292.0,3.14389,63.0
1753769595188,06:13:15.188,htx,XRP/USDT:USDT,3.14387,20.0,3.14364,107.0,3.14388,1242.0,3.14389,63.0
1753769595236,06:13:15.236,htx,XRP/USDT:USDT,3.14387,20.0,3.14364,107.0,3.14388,1036.0,3.14389,63.0
1753769595252,06:13:15.252,htx,XRP/USDT:USDT,3.14387,20.0,3.14364,107.0,3.14388,1036.0,3.14389,63.0
1753769595313,06:13:15.313,htx,XRP/USDT:USDT,3.14387,20.0,3.14364,107.0,3.14388,1036.0,3.14389,63.0
1753769595335,06:13:15.335,htx,XRP/USDT:USDT,3.14387,20.0,3.14351,39.0,3.14388,1346.0,3.14389,63.0
1753769595362,06:13:15.362,htx,XRP/USDT:USDT,3.14318,233.0,3.14308,107.0,3.14352,39.0,3.14387,16.0
1753769595394,06:13:15.394,htx,XRP/USDT:USDT,3.14318,233.0,3.14308,107.0,3.14319,204.0,3.14337,126.0
1753769595425,06:13:15.425,htx,XRP/USDT:USDT,3.14318,233.0,3.14308,107.0,3.14336,186.0,3.1435,51.0
1753769595459,06:13:15.459,htx,XRP/USDT:USDT,3.14318,233.0,3.14308,107.0,3.14319,52.0,3.14336,186.0
1753769595518,06:13:15.518,htx,XRP/USDT:USDT,3.14318,233.0,3.14308,107.0,3.14319,178.0,3.14334,61.0
1753769595587,06:13:15.587,htx,XRP/USDT:USDT,3.14318,233.0,3.14308,107.0,3.14319,186.0,3.14334,61.0
1753769595633,06:13:15.633,htx,XRP/USDT:USDT,3.14318,233.0,3.14308,107.0,3.14319,186.0,3.14334,61.0
1753769595671,06:13:15.671,htx,XRP/USDT:USDT,3.14318,233.0,3.14308,107.0,3.14319,186.0,3.14334,61.0
1753769595697,06:13:15.697,htx,XRP/USDT:USDT,3.14318,233.0,3.14308,107.0,3.14319,186.0,3.14334,61.0
1753769595753,06:13:15.753,htx,XRP/USDT:USDT,3.14318,233.0,3.14308,107.0,3.14319,186.0,3.14334,61.0
1753769595754,06:13:15.754,htx,XRP/USDT:USDT,3.14318,233.0,3.14308,107.0,3.14319,186.0,3.14334,61.0
1753769595914,06:13:15.914,htx,XRP/USDT:USDT,3.14318,233.0,3.14308,107.0,3.14319,186.0,3.14333,39.0
1753769595958,06:13:15.958,htx,XRP/USDT:USDT,3.14318,233.0,3.14308,107.0,3.14319,186.0,3.14333,39.0
1753769595966,06:13:15.966,htx,XRP/USDT:USDT,3.14318,233.0,3.14308,107.0,3.14319,186.0,3.14333,39.0
1753769596005,06:13:16.005,htx,XRP/USDT:USDT,3.14318,233.0,3.14308,107.0,3.14319,186.0,3.14333,39.0
1753769596079,06:13:16.079,htx,XRP/USDT:USDT,3.14318,233.0,3.14308,107.0,3.14319,186.0,3.14333,39.0
1753769596092,06:13:16.092,htx,XRP/USDT:USDT,3.14318,233.0,3.14308,107.0,3.14319,186.0,3.14333,39.0
1753769596693,06:13:16.693,htx,XRP/USDT:USDT,3.14318,233.0,3.14308,107.0,3.14319,186.0,3.14333,39.0
1753769596725,06:13:16.725,htx,XRP/USDT:USDT,3.14318,233.0,3.14308,107.0,3.14319,186.0,3.14333,39.0
1753769596814,06:13:16.814,htx,XRP/USDT:USDT,3.14318,233.0,3.14308,107.0,3.14319,126.0,3.14333,39.0
1753769596855,06:13:16.855,htx,XRP/USDT:USDT,3.14318,233.0,3.14308,107.0,3.14319,126.0,3.14333,39.0
1753769596957,06:13:16.957,htx,XRP/USDT:USDT,3.14318,233.0,3.14308,107.0,3.14319,126.0,3.14333,39.0
1753769597491,06:13:17.491,htx,XRP/USDT:USDT,3.14318,233.0,3.14308,107.0,3.14319,126.0,3.14333,39.0
1753769597499,06:13:17.499,htx,XRP/USDT:USDT,3.14318,107.0,3.14308,107.0,3.14319,165.0,3.14333,39.0
1753769597592,06:13:17.592,htx,XRP/USDT:USDT,3.14318,233.0,3.14308,107.0,3.14319,225.0,3.14333,39.0
1753769597747,06:13:17.747,htx,XRP/USDT:USDT,3.14318,233.0,3.14299,165.0,3.14319,225.0,3.14333,39.0
1753769598141,06:13:18.141,htx,XRP/USDT:USDT,3.14318,233.0,3.14299,165.0,3.14319,225.0,3.14333,39.0
1753769598405,06:13:18.405,htx,XRP/USDT:USDT,3.14318,107.0,3.14299,165.0,3.14319,225.0,3.14333,39.0
1753769598430,06:13:18.430,htx,XRP/USDT:USDT,3.14299,165.0,3.14283,39.0,3.14319,165.0,3.14333,39.0
1753769598454,06:13:18.454,htx,XRP/USDT:USDT,3.1431,107.0,3.14299,165.0,3.14317,39.0,3.14318,60.0
1753769598490,06:13:18.490,htx,XRP/USDT:USDT,3.1431,107.0,3.14283,39.0,3.14311,94.0,3.14316,60.0
1753769598515,06:13:18.515,htx,XRP/USDT:USDT,3.14283,39.0,3.14282,146.0,3.14311,280.0,3.14316,60.0
1753769598545,06:13:18.545,htx,XRP/USDT:USDT,3.14283,39.0,3.14282,39.0,3.14284,264.0,3.14296,126.0
1753769598575,06:13:18.575,htx,XRP/USDT:USDT,3.14283,39.0,3.14282,39.0,3.14284,244.0,3.14296,126.0
1753769598612,06:13:18.612,htx,XRP/USDT:USDT,3.14283,165.0,3.14282,39.0,3.14284,370.0,3.14295,39.0
1753769598641,06:13:18.641,htx,XRP/USDT:USDT,3.14283,165.0,3.14282,39.0,3.14284,370.0,3.14295,39.0
1753769598669,06:13:18.669,htx,XRP/USDT:USDT,3.14282,39.0,3.14256,107.0,3.14284,370.0,3.14295,39.0
1753769598695,06:13:18.695,htx,XRP/USDT:USDT,3.14256,107.0,3.14255,39.0,3.14257,74.0,3.14283,132.0
1753769598723,06:13:18.723,htx,XRP/USDT:USDT,3.14256,239.0,3.14255,39.0,3.14257,156.0,3.14282,60.0
1753769598778,06:13:18.778,htx,XRP/USDT:USDT,3.14256,132.0,3.14255,39.0,3.14257,24.0,3.14282,60.0
1753769598785,06:13:18.785,htx,XRP/USDT:USDT,3.14256,132.0,3.14255,39.0,3.14257,24.0,3.14269,690.0
1753769598814,06:13:18.814,htx,XRP/USDT:USDT,3.14256,132.0,3.14255,39.0,3.14257,84.0,3.14268,48.0
1753769598845,06:13:18.845,htx,XRP/USDT:USDT,3.14256,132.0,3.14255,39.0,3.14267,60.0,3.14268,48.0
1753769599181,06:13:19.181,htx,XRP/USDT:USDT,3.14256,132.0,3.14255,39.0,3.14257,132.0,3.14267,60.0
1753769599207,06:13:19.207,htx,XRP/USDT:USDT,3.14256,239.0,3.14255,39.0,3.14257,132.0,3.14267,60.0
1753769599364,06:13:19.364,htx,XRP/USDT:USDT,3.14256,262.0,3.14255,39.0,3.14257,132.0,3.14267,60.0
1753769599724,06:13:19.724,htx,XRP/USDT:USDT,3.14256,262.0,3.14255,39.0,3.14257,156.0,3.14267,60.0
1753769599763,06:13:19.763,htx,XRP/USDT:USDT,3.14256,262.0,3.14255,39.0,3.14257,132.0,3.14267,60.0
1753769599860,06:13:19.860,htx,XRP/USDT:USDT,3.14256,262.0,3.14255,39.0,3.14257,132.0,3.14267,60.0
1753769599929,06:13:19.929,htx,XRP/USDT:USDT,3.14256,262.0,3.14255,39.0,3.14257,132.0,3.14267,60.0
1753769599974,06:13:19.974,htx,XRP/USDT:USDT,3.14256,262.0,3.14255,39.0,3.14257,132.0,3.14267,60.0
1753769599990,06:13:19.990,htx,XRP/USDT:USDT,3.14256,262.0,3.14255,39.0,3.14257,132.0,3.14267,60.0
1753769600186,06:13:20.186,htx,XRP/USDT:USDT,3.14256,262.0,3.14255,39.0,3.14257,182.0,3.14267,60.0
1753769600196,06:13:20.196,htx,XRP/USDT:USDT,3.14256,262.0,3.14255,39.0,3.14257,182.0,3.14267,60.0
1753769600229,06:13:20.229,htx,XRP/USDT:USDT,3.14256,262.0,3.14255,39.0,3.14257,156.0,3.14267,60.0
1753769600544,06:13:20.544,htx,XRP/USDT:USDT,3.14256,262.0,3.14255,39.0,3.14257,132.0,3.14267,60.0
1753769600678,06:13:20.678,htx,XRP/USDT:USDT,3.14256,262.0,3.14255,39.0,3.14257,182.0,3.14267,60.0
1753769600705,06:13:20.705,htx,XRP/USDT:USDT,3.14256,130.0,3.14255,39.0,3.14257,182.0,3.14267,60.0
1753769600736,06:13:20.736,htx,XRP/USDT:USDT,3.14256,322.0,3.14247,107.0,3.1431,47.0,3.14329,16.0
1753769600763,06:13:20.763,htx,XRP/USDT:USDT,3.14353,46.0,3.14345,50.0,3.14354,107.0,3.14368,107.0
1753769600793,06:13:20.793,htx,XRP/USDT:USDT,3.14367,68.0,3.14353,91.0,3.14368,24.0,3.14387,52.0
1753769600826,06:13:20.826,htx,XRP/USDT:USDT,3.14386,22.0,3.14368,157.0,3.14404,132.0,3.14421,126.0
1753769600861,06:13:20.861,htx,XRP/USDT:USDT,3.14386,22.0,3.14368,132.0,3.14387,634.0,3.14393,60.0
1753769600884,06:13:20.884,htx,XRP/USDT:USDT,3.14368,132.0,3.14335,132.0,3.14369,2.0,3.14386,76.0
1753769600913,06:13:20.913,htx,XRP/USDT:USDT,3.14368,132.0,3.14335,132.0,3.14369,216.0,3.14385,60.0
1753769600951,06:13:20.951,htx,XRP/USDT:USDT,3.14368,132.0,3.14335,132.0,3.14369,1102.0,3.14385,192.0
1753769600976,06:13:20.976,htx,XRP/USDT:USDT,3.14368,132.0,3.14335,132.0,3.14369,1120.0,3.14385,192.0
1753769601004,06:13:21.004,htx,XRP/USDT:USDT,3.14336,23.0,3.14335,132.0,3.14368,99.0,3.14369,958.0
1753769601047,06:13:21.047,htx,XRP/USDT:USDT,3.14351,132.0,3.14335,132.0,3.14367,192.0,3.14368,117.0
1753769601066,06:13:21.066,htx,XRP/USDT:USDT,3.14351,132.0,3.14335,171.0,3.14367,192.0,3.14368,87.0
1753769601097,06:13:21.097,htx,XRP/USDT:USDT,3.14351,132.0,3.14335,171.0,3.14352,156.0,3.14367,192.0
1753769601157,06:13:21.157,htx,XRP/USDT:USDT,3.14351,132.0,3.14335,171.0,3.14352,156.0,3.14366,39.0
1753769601203,06:13:21.203,htx,XRP/USDT:USDT,3.14351,132.0,3.14335,171.0,3.14352,822.0,3.14366,39.0
1753769601217,06:13:21.217,htx,XRP/USDT:USDT,3.14351,132.0,3.14335,171.0,3.14352,822.0,3.14366,39.0
1753769601260,06:13:21.260,htx,XRP/USDT:USDT,3.14351,132.0,3.14335,171.0,3.14352,952.0,3.14366,39.0
1753769601354,06:13:21.354,htx,XRP/USDT:USDT,3.14351,132.0,3.14335,171.0,3.14352,882.0,3.14366,39.0
1753769601474,06:13:21.474,htx,XRP/USDT:USDT,3.14351,132.0,3.14345,107.0,3.14352,882.0,3.14366,39.0
1753769601488,06:13:21.488,htx,XRP/USDT:USDT,3.14351,132.0,3.14345,107.0,3.14352,882.0,3.14366,39.0
1753769601517,06:13:21.517,htx,XRP/USDT:USDT,3.14351,132.0,3.14345,107.0,3.14352,882.0,3.14366,39.0
1753769601565,06:13:21.565,htx,XRP/USDT:USDT,3.14351,132.0,3.14345,107.0,3.14352,902.0,3.14366,39.0
1753769601581,06:13:21.581,htx,XRP/USDT:USDT,3.14351,132.0,3.14345,107.0,3.14352,926.0,3.14366,39.0
1753769601637,06:13:21.637,htx,XRP/USDT:USDT,3.14351,132.0,3.14345,107.0,3.14352,956.0,3.14366,39.0
1753769601852,06:13:21.852,htx,XRP/USDT:USDT,3.14351,132.0,3.14345,107.0,3.14352,976.0,3.14366,39.0
1753769601921,06:13:21.921,htx,XRP/USDT:USDT,3.14351,132.0,3.14345,107.0,3.14352,976.0,3.14366,39.0
1753769601946,06:13:21.946,htx,XRP/USDT:USDT,3.14351,132.0,3.14345,107.0,3.14352,956.0,3.14366,39.0
1753769602058,06:13:22.058,htx,XRP/USDT:USDT,3.14351,132.0,3.14345,107.0,3.14352,956.0,3.14366,39.0
1753769602084,06:13:22.084,htx,XRP/USDT:USDT,3.14345,107.0,3.14335,171.0,3.14346,39.0,3.14352,968.0
1753769602119,06:13:22.119,htx,XRP/USDT:USDT,3.14345,239.0,3.14335,39.0,3.14346,155.0,3.14351,159.0
1753769602153,06:13:22.153,htx,XRP/USDT:USDT,3.14345,239.0,3.14335,39.0,3.14346,155.0,3.14351,159.0
1753769602207,06:13:22.207,htx,XRP/USDT:USDT,3.14345,239.0,3.14335,39.0,3.14346,155.0,3.14351,159.0
1753769602365,06:13:22.365,htx,XRP/USDT:USDT,3.14345,239.0,3.14335,39.0,3.14346,155.0,3.14351,159.0
1753769602366,06:13:22.366,htx,XRP/USDT:USDT,3.14345,239.0,3.14335,39.0,3.14346,155.0,3.14351,159.0
1753769602459,06:13:22.459,htx,XRP/USDT:USDT,3.14345,239.0,3.14335,39.0,3.14346,175.0,3.14351,159.0
1753769602553,06:13:22.553,htx,XRP/USDT:USDT,3.14345,239.0,3.14335,39.0,3.14346,155.0,3.14351,159.0
1753769602727,06:13:22.727,htx,XRP/USDT:USDT,3.14345,239.0,3.14335,39.0,3.14346,155.0,3.14351,159.0
1753769602752,06:13:22.752,htx,XRP/USDT:USDT,3.14345,239.0,3.14335,39.0,3.14346,175.0,3.14351,159.0
1753769602815,06:13:22.815,htx,XRP/USDT:USDT,3.14345,239.0,3.14335,39.0,3.14346,155.0,3.14351,159.0
1753769602979,06:13:22.979,htx,XRP/USDT:USDT,3.14345,239.0,3.14335,39.0,3.14346,155.0,3.14351,159.0
1753769603020,06:13:23.020,htx,XRP/USDT:USDT,3.14345,239.0,3.14335,39.0,3.14346,155.0,3.14351,159.0
1753769603049,06:13:23.049,htx,XRP/USDT:USDT,3.14345,239.0,3.14335,39.0,3.14346,175.0,3.14351,159.0
1753769603114,06:13:23.114,htx,XRP/USDT:USDT,3.14345,239.0,3.14335,39.0,3.14346,155.0,3.14351,159.0
1753769603145,06:13:23.145,htx,XRP/USDT:USDT,3.14345,239.0,3.14335,39.0,3.14346,155.0,3.14351,159.0
1753769603170,06:13:23.170,htx,XRP/USDT:USDT,3.14345,326.0,3.14334,107.0,3.14346,132.0,3.14351,159.0
1753769603214,06:13:23.214,htx,XRP/USDT:USDT,3.14345,326.0,3.14334,107.0,3.14346,132.0,3.14351,99.0
1753769603224,06:13:23.224,htx,XRP/USDT:USDT,3.14345,326.0,3.14334,107.0,3.14346,132.0,3.14351,99.0
1753769603262,06:13:23.262,htx,XRP/USDT:USDT,3.14345,326.0,3.14334,107.0,3.14346,132.0,3.14351,99.0
1753769603329,06:13:23.329,htx,XRP/USDT:USDT,3.14345,326.0,3.14334,107.0,3.14346,152.0,3.14351,99.0
1753769603409,06:13:23.409,htx,XRP/USDT:USDT,3.14345,326.0,3.14334,107.0,3.14346,132.0,3.14351,99.0
1753769603502,06:13:23.502,htx,XRP/USDT:USDT,3.14345,326.0,3.14334,107.0,3.14351,99.0,3.14352,690.0
1753769603526,06:13:23.526,htx,XRP/USDT:USDT,3.1435,242.0,3.14345,107.0,3.14351,99.0,3.14352,690.0
1753769603553,06:13:23.553,htx,XRP/USDT:USDT,3.14383,46.0,3.14366,25.0,3.14384,88.0,3.14404,132.0
1753769603586,06:13:23.586,htx,XRP/USDT:USDT,3.14383,203.0,3.14352,57.0,3.14384,34.0,3.14404,132.0
1753769603616,06:13:23.616,htx,XRP/USDT:USDT,3.14403,154.0,3.14384,60.0,3.14404,132.0,3.14418,107.0
1753769603646,06:13:23.646,htx,XRP/USDT:USDT,3.14403,154.0,3.14384,60.0,3.14404,156.0,3.14418,107.0
1753769603690,06:13:23.690,htx,XRP/USDT:USDT,3.14403,154.0,3.14384,60.0,3.14404,132.0,3.14418,107.0
1753769603709,06:13:23.709,htx,XRP/USDT:USDT,3.14403,132.0,3.14384,99.0,3.14404,132.0,3.14418,107.0
1753769603736,06:13:23.736,htx,XRP/USDT:USDT,3.14384,39.0,3.14383,25.0,3.14385,74.0,3.14404,182.0
1753769603776,06:13:23.776,htx,XRP/USDT:USDT,3.14384,39.0,3.14383,25.0,3.14385,156.0,3.14403,39.0
1753769603800,06:13:23.800,htx,XRP/USDT:USDT,3.14384,171.0,3.14383,25.0,3.14385,216.0,3.14403,39.0
1753769603826,06:13:23.826,htx,XRP/USDT:USDT,3.14384,171.0,3.14383,25.0,3.14385,216.0,3.14403,83.0
1753769603867,06:13:23.867,htx,XRP/USDT:USDT,3.14384,171.0,3.14383,25.0,3.14385,192.0,3.14403,83.0
1753769603889,06:13:23.889,htx,XRP/USDT:USDT,3.14384,171.0,3.14383,25.0,3.14385,882.0,3.14403,83.0
1753769603921,06:13:23.921,htx,XRP/USDT:USDT,3.14384,171.0,3.14383,25.0,3.14385,882.0,3.14403,83.0
1753769604025,06:13:24.025,htx,XRP/USDT:USDT,3.14384,171.0,3.14383,25.0,3.14385,882.0,3.14403,83.0
1753769604041,06:13:24.041,htx,XRP/USDT:USDT,3.14384,171.0,3.14383,25.0,3.14385,882.0,3.14403,83.0
1753769604125,06:13:24.125,htx,XRP/USDT:USDT,3.14384,171.0,3.14383,25.0,3.14385,902.0,3.14403,83.0
1753769604185,06:13:24.185,htx,XRP/USDT:USDT,3.14384,171.0,3.14383,25.0,3.14385,882.0,3.14403,83.0
1753769604266,06:13:24.266,htx,XRP/USDT:USDT,3.14384,171.0,3.14383,25.0,3.14385,882.0,3.14403,83.0
1753769604281,06:13:24.281,htx,XRP/USDT:USDT,3.14384,171.0,3.14383,25.0,3.14385,882.0,3.14403,83.0
1753769604318,06:13:24.318,htx,XRP/USDT:USDT,3.14384,171.0,3.14383,25.0,3.14385,882.0,3.144,107.0
1753769604408,06:13:24.408,htx,XRP/USDT:USDT,3.14384,171.0,3.14383,25.0,3.14385,902.0,3.14399,39.0
1753769604478,06:13:24.478,htx,XRP/USDT:USDT,3.14384,171.0,3.14383,25.0,3.14385,882.0,3.14399,39.0
1753769604669,06:13:24.669,htx,XRP/USDT:USDT,3.14384,171.0,3.14383,25.0,3.14385,882.0,3.14399,39.0
1753769604703,06:13:24.703,htx,XRP/USDT:USDT,3.14384,171.0,3.14383,25.0,3.14385,902.0,3.14399,39.0
1753769604782,06:13:24.782,htx,XRP/USDT:USDT,3.14384,171.0,3.14383,25.0,3.14385,902.0,3.14399,39.0
1753769604787,06:13:24.787,htx,XRP/USDT:USDT,3.14384,171.0,3.14383,25.0,3.14385,882.0,3.14399,39.0
1753769604824,06:13:24.824,htx,XRP/USDT:USDT,3.14384,171.0,3.14383,25.0,3.14385,956.0,3.14399,39.0
1753769605003,06:13:25.003,htx,XRP/USDT:USDT,3.14384,171.0,3.14383,25.0,3.14385,976.0,3.14399,39.0
1753769605069,06:13:25.069,htx,XRP/USDT:USDT,3.14384,171.0,3.14383,25.0,3.14385,956.0,3.14399,39.0
1753769605319,06:13:25.319,htx,XRP/USDT:USDT,3.14384,171.0,3.14383,25.0,3.14385,976.0,3.14399,39.0
1753769605407,06:13:25.407,htx,XRP/USDT:USDT,3.14384,171.0,3.14383,25.0,3.14385,956.0,3.14399,39.0
1753769605462,06:13:25.462,htx,XRP/USDT:USDT,3.14384,194.0,3.14383,25.0,3.14385,956.0,3.14399,39.0
1753769605475,06:13:25.475,htx,XRP/USDT:USDT,3.14384,194.0,3.14383,25.0,3.14385,956.0,3.14399,39.0
1753769605506,06:13:25.506,htx,XRP/USDT:USDT,3.14384,301.0,3.14383,25.0,3.14385,882.0,3.14399,39.0
1753769605568,06:13:25.568,htx,XRP/USDT:USDT,3.14384,309.0,3.14383,25.0,3.14385,822.0,3.14399,39.0
1753769605770,06:13:25.770,htx,XRP/USDT:USDT,3.14384,309.0,3.14383,25.0,3.14385,822.0,3.14399,39.0
1753769606343,06:13:26.343,htx,XRP/USDT:USDT,3.14384,309.0,3.14383,25.0,3.14385,822.0,3.14399,39.0
1753769606379,06:13:26.379,htx,XRP/USDT:USDT,3.14384,309.0,3.14383,25.0,3.14385,822.0,3.14399,39.0
1753769606501,06:13:26.501,htx,XRP/USDT:USDT,3.14384,309.0,3.14351,44.0,3.14385,822.0,3.14399,39.0
1753769606526,06:13:26.526,htx,XRP/USDT:USDT,3.14398,46.0,3.14384,371.0,3.14399,39.0,3.144,146.0
1753769606567,06:13:26.567,htx,XRP/USDT:USDT,3.14398,178.0,3.14393,107.0,3.14399,171.0,3.144,146.0
1753769606584,06:13:26.584,htx,XRP/USDT:USDT,3.14398,190.0,3.14394,39.0,3.14399,171.0,3.144,146.0
1753769606750,06:13:26.750,htx,XRP/USDT:USDT,3.14398,178.0,3.14394,39.0,3.14399,861.0,3.144,146.0
1753769606801,06:13:26.801,htx,XRP/USDT:USDT,3.14398,178.0,3.14394,39.0,3.14399,861.0,3.144,146.0
1753769606827,06:13:26.827,htx,XRP/USDT:USDT,3.14419,96.0,3.14399,69.0,3.1442,66.0,3.14421,126.0
1753769606854,06:13:26.854,htx,XRP/USDT:USDT,3.14423,96.0,3.14419,212.0,3.14424,2.0,3.14425,107.0
1753769606898,06:13:26.898,htx,XRP/USDT:USDT,3.14423,242.0,3.1442,60.0,3.14424,134.0,3.14425,107.0
1753769606913,06:13:26.913,htx,XRP/USDT:USDT,3.14423,302.0,3.14399,39.0,3.14424,134.0,3.14425,107.0
1753769606948,06:13:26.948,htx,XRP/USDT:USDT,3.14423,302.0,3.14399,39.0,3.14424,134.0,3.14425,107.0
1753769606979,06:13:26.979,htx,XRP/USDT:USDT,3.14423,302.0,3.14399,39.0,3.14424,134.0,3.14425,107.0
1753769607008,06:13:27.008,htx,XRP/USDT:USDT,3.14423,302.0,3.14399,39.0,3.14424,134.0,3.14425,107.0
1753769607043,06:13:27.043,htx,XRP/USDT:USDT,3.14423,302.0,3.14399,39.0,3.14424,134.0,3.14425,107.0
1753769607087,06:13:27.087,htx,XRP/USDT:USDT,3.14423,242.0,3.14399,39.0,3.14424,134.0,3.14425,107.0
1753769607097,06:13:27.097,htx,XRP/USDT:USDT,3.14423,242.0,3.14399,39.0,3.14424,824.0,3.14425,107.0
1753769607179,06:13:27.179,htx,XRP/USDT:USDT,3.14423,234.0,3.14399,39.0,3.14424,824.0,3.14425,107.0
1753769607192,06:13:27.192,htx,XRP/USDT:USDT,3.14423,228.0,3.14399,39.0,3.14424,824.0,3.14425,107.0
1753769607277,06:13:27.277,htx,XRP/USDT:USDT,3.14423,228.0,3.14399,39.0,3.14424,824.0,3.14425,107.0
1753769607428,06:13:27.428,htx,XRP/USDT:USDT,3.14423,228.0,3.14399,39.0,3.14424,824.0,3.14425,107.0
1753769607508,06:13:27.508,htx,XRP/USDT:USDT,3.14423,228.0,3.14399,39.0,3.14424,824.0,3.14425,107.0
1753769607541,06:13:27.541,htx,XRP/USDT:USDT,3.14423,228.0,3.14399,39.0,3.14424,824.0,3.14425,107.0
1753769607555,06:13:27.555,htx,XRP/USDT:USDT,3.14423,228.0,3.14399,39.0,3.14424,824.0,3.14425,107.0
1753769607577,06:13:27.577,htx,XRP/USDT:USDT,3.14423,228.0,3.14399,39.0,3.14424,824.0,3.14425,107.0
1753769607710,06:13:27.710,htx,XRP/USDT:USDT,3.14423,228.0,3.14399,39.0,3.14424,848.0,3.14425,107.0
1753769607727,06:13:27.727,htx,XRP/USDT:USDT,3.14423,228.0,3.14399,39.0,3.14424,824.0,3.14425,107.0
1753769608687,06:13:28.687,htx,XRP/USDT:USDT,3.14423,228.0,3.14399,39.0,3.14424,824.0,3.14425,107.0
1753769608741,06:13:28.741,htx,XRP/USDT:USDT,3.14423,182.0,3.14399,39.0,3.14424,937.0,3.14425,107.0
1753769608766,06:13:28.766,htx,XRP/USDT:USDT,3.14423,182.0,3.14399,39.0,3.14424,937.0,3.14425,146.0
1753769608784,06:13:28.784,htx,XRP/USDT:USDT,3.14423,182.0,3.14399,39.0,3.14424,937.0,3.14425,146.0
1753769608815,06:13:28.815,htx,XRP/USDT:USDT,3.14423,182.0,3.14399,39.0,3.14424,997.0,3.14425,146.0
1753769608847,06:13:28.847,htx,XRP/USDT:USDT,3.14423,50.0,3.14399,39.0,3.14424,997.0,3.14425,146.0
1753769608866,06:13:28.866,htx,XRP/USDT:USDT,3.14423,50.0,3.14399,39.0,3.14424,997.0,3.14425,146.0
1753769609045,06:13:29.045,htx,XRP/USDT:USDT,3.14423,182.0,3.14399,39.0,3.14424,997.0,3.14425,146.0
1753769609069,06:13:29.069,htx,XRP/USDT:USDT,3.14423,182.0,3.14399,39.0,3.14424,1017.0,3.14425,146.0
1753769609182,06:13:29.182,htx,XRP/USDT:USDT,3.14423,182.0,3.14399,39.0,3.14424,1017.0,3.14425,146.0
1753769609202,06:13:29.202,htx,XRP/USDT:USDT,3.14423,182.0,3.14399,39.0,3.14424,1017.0,3.14425,146.0
1753769609731,06:13:29.731,htx,XRP/USDT:USDT,3.14423,182.0,3.14399,39.0,3.14424,1017.0,3.14425,146.0
1753769610082,06:13:30.082,htx,XRP/USDT:USDT,3.14423,182.0,3.14399,39.0,3.14424,1015.0,3.14425,146.0
1753769610113,06:13:30.113,htx,XRP/USDT:USDT,3.14423,182.0,3.14399,39.0,3.14424,965.0,3.14425,146.0
1753769610134,06:13:30.134,htx,XRP/USDT:USDT,3.14423,182.0,3.14399,39.0,3.14424,1015.0,3.14425,146.0
1753769610179,06:13:30.179,htx,XRP/USDT:USDT,3.14423,182.0,3.14399,39.0,3.14424,1015.0,3.14425,146.0
1753769610266,06:13:30.266,htx,XRP/USDT:USDT,3.14423,182.0,3.14399,39.0,3.14424,325.0,3.14425,146.0
1753769610281,06:13:30.281,htx,XRP/USDT:USDT,3.14423,182.0,3.14399,39.0,3.14424,275.0,3.14425,146.0
1753769610307,06:13:30.307,htx,XRP/USDT:USDT,3.14423,182.0,3.14399,39.0,3.14424,251.0,3.14425,146.0
1753769610369,06:13:30.369,htx,XRP/USDT:USDT,3.14423,182.0,3.14399,39.0,3.14424,965.0,3.14425,146.0
1753769610413,06:13:30.413,htx,XRP/USDT:USDT,3.14423,182.0,3.14399,39.0,3.14424,1015.0,3.14425,146.0
1753769610585,06:13:30.585,htx,XRP/USDT:USDT,3.14423,182.0,3.14399,39.0,3.14424,965.0,3.14425,146.0
1753769610620,06:13:30.620,htx,XRP/USDT:USDT,3.14423,188.0,3.14399,39.0,3.14424,941.0,3.14425,146.0
1753769610639,06:13:30.639,htx,XRP/USDT:USDT,3.14423,188.0,3.14399,39.0,3.14424,941.0,3.14425,146.0
1753769610727,06:13:30.727,htx,XRP/USDT:USDT,3.14423,188.0,3.14399,39.0,3.14424,941.0,3.14425,146.0
1753769610768,06:13:30.768,htx,XRP/USDT:USDT,3.14423,211.0,3.14399,39.0,3.14424,881.0,3.14425,39.0
1753769610805,06:13:30.805,htx,XRP/USDT:USDT,3.14423,211.0,3.14399,39.0,3.14424,881.0,3.14425,39.0
1753769610816,06:13:30.816,htx,XRP/USDT:USDT,3.14423,318.0,3.14399,39.0,3.14424,881.0,3.14425,39.0
1753769610843,06:13:30.843,htx,XRP/USDT:USDT,3.14423,318.0,3.14399,39.0,3.14424,881.0,3.14425,39.0
1753769611157,06:13:31.157,htx,XRP/USDT:USDT,3.14423,312.0,3.14399,39.0,3.14424,881.0,3.14425,39.0
1753769611336,06:13:31.336,htx,XRP/USDT:USDT,3.14423,312.0,3.14399,39.0,3.14424,881.0,3.14425,39.0
1753769612217,06:13:32.217,htx,XRP/USDT:USDT,3.14423,312.0,3.14399,39.0,3.14424,881.0,3.14425,39.0
1753769612257,06:13:32.257,htx,XRP/USDT:USDT,3.14423,312.0,3.14399,39.0,3.14424,881.0,3.14425,39.0
1753769612597,06:13:32.597,htx,XRP/USDT:USDT,3.14423,312.0,3.14399,39.0,3.14424,905.0,3.14425,39.0
1753769612641,06:13:32.641,htx,XRP/USDT:USDT,3.14423,312.0,3.14399,39.0,3.14424,881.0,3.14425,39.0
1753769612656,06:13:32.656,htx,XRP/USDT:USDT,3.14423,312.0,3.14399,39.0,3.14424,881.0,3.14425,39.0
1753769613207,06:13:33.207,htx,XRP/USDT:USDT,3.14423,289.0,3.14399,39.0,3.14424,881.0,3.14425,39.0
1753769613232,06:13:33.232,htx,XRP/USDT:USDT,3.14423,289.0,3.14399,39.0,3.14424,881.0,3.14425,39.0
1753769613245,06:13:33.245,htx,XRP/USDT:USDT,3.14423,289.0,3.14399,39.0,3.14424,881.0,3.14425,39.0
1753769613855,06:13:33.855,htx,XRP/USDT:USDT,3.14423,289.0,3.14399,39.0,3.14424,931.0,3.14425,39.0
1753769613882,06:13:33.882,htx,XRP/USDT:USDT,3.14423,157.0,3.14399,39.0,3.14424,965.0,3.14425,39.0
1753769613916,06:13:33.916,htx,XRP/USDT:USDT,3.14423,107.0,3.14407,132.0,3.14424,1015.0,3.14425,39.0
1753769613934,06:13:33.934,htx,XRP/USDT:USDT,3.14407,132.0,3.14382,132.0,3.14424,1186.0,3.14425,39.0
1753769613965,06:13:33.965,htx,XRP/USDT:USDT,3.14382,132.0,3.14368,39.0,3.14408,342.0,3.14412,107.0
1753769614000,06:13:34.000,htx,XRP/USDT:USDT,3.14382,215.0,3.14368,39.0,3.14402,24.0,3.14407,99.0
1753769614025,06:13:34.025,htx,XRP/USDT:USDT,3.14384,23.0,3.14383,60.0,3.14401,60.0,3.14402,24.0
1753769614063,06:13:34.063,htx,XRP/USDT:USDT,3.14384,23.0,3.14383,60.0,3.14401,60.0,3.14402,24.0
1753769614085,06:13:34.085,htx,XRP/USDT:USDT,3.14384,23.0,3.14382,132.0,3.14401,60.0,3.14406,60.0
1753769614113,06:13:34.113,htx,XRP/USDT:USDT,3.14399,132.0,3.14384,23.0,3.144,195.0,3.14406,60.0
1753769614157,06:13:34.157,htx,XRP/USDT:USDT,3.14399,132.0,3.14382,132.0,3.144,171.0,3.14406,60.0
1753769614175,06:13:34.175,htx,XRP/USDT:USDT,3.14399,132.0,3.14382,132.0,3.144,231.0,3.14405,39.0
1753769614220,06:13:34.220,htx,XRP/USDT:USDT,3.14399,180.0,3.14382,132.0,3.144,171.0,3.14405,39.0
1753769614279,06:13:34.279,htx,XRP/USDT:USDT,3.14399,180.0,3.14383,39.0,3.144,861.0,3.14405,39.0
1753769614308,06:13:34.308,htx,XRP/USDT:USDT,3.14399,157.0,3.14383,39.0,3.144,861.0,3.14405,39.0
1753769614354,06:13:34.354,htx,XRP/USDT:USDT,3.14399,157.0,3.14383,39.0,3.144,861.0,3.14405,39.0
1753769614415,06:13:34.415,htx,XRP/USDT:USDT,3.1435,132.0,3.14341,500.0,3.14382,60.0,3.14383,367.0
1753769614447,06:13:34.447,htx,XRP/USDT:USDT,3.14353,23.0,3.14352,60.0,3.14382,750.0,3.14383,251.0
1753769614473,06:13:34.473,htx,XRP/USDT:USDT,3.14355,48.0,3.14354,60.0,3.14382,750.0,3.14383,251.0
1753769614569,06:13:34.569,htx,XRP/USDT:USDT,3.1437,132.0,3.14357,25.0,3.14371,216.0,3.14381,101.0
1753769614626,06:13:34.626,htx,XRP/USDT:USDT,3.1437,132.0,3.14357,25.0,3.14371,906.0,3.14381,101.0
1753769614745,06:13:34.745,htx,XRP/USDT:USDT,3.1437,132.0,3.14369,107.0,3.14371,988.0,3.14381,39.0
1753769614780,06:13:34.780,htx,XRP/USDT:USDT,3.1437,132.0,3.14369,107.0,3.14371,964.0,3.14381,39.0
1753769614869,06:13:34.869,htx,XRP/USDT:USDT,3.1437,161.0,3.14369,107.0,3.14371,822.0,3.14381,39.0
1753769615063,06:13:35.063,htx,XRP/USDT:USDT,3.1437,186.0,3.14369,146.0,3.14371,822.0,3.14381,39.0
1753769615078,06:13:35.078,htx,XRP/USDT:USDT,3.1437,186.0,3.14369,146.0,3.14371,822.0,3.14381,39.0
1753769615158,06:13:35.158,htx,XRP/USDT:USDT,3.1437,186.0,3.14369,146.0,3.14371,822.0,3.14381,39.0
1753769615163,06:13:35.163,htx,XRP/USDT:USDT,3.1437,186.0,3.14369,146.0,3.14371,822.0,3.14381,39.0
1753769615230,06:13:35.230,htx,XRP/USDT:USDT,3.1437,225.0,3.14369,146.0,3.14371,822.0,3.14381,39.0
1753769615318,06:13:35.318,htx,XRP/USDT:USDT,3.1437,225.0,3.14369,146.0,3.14371,690.0,3.14381,39.0
1753769615368,06:13:35.368,htx,XRP/USDT:USDT,3.1437,225.0,3.14369,146.0,3.14371,690.0,3.144,132.0
1753769615381,06:13:35.381,htx,XRP/USDT:USDT,3.1437,285.0,3.14369,146.0,3.14371,690.0,3.144,132.0
1753769615408,06:13:35.408,htx,XRP/USDT:USDT,3.1437,285.0,3.14369,146.0,3.14371,690.0,3.144,132.0
1753769615547,06:13:35.547,htx,XRP/USDT:USDT,3.1437,392.0,3.14369,146.0,3.14371,690.0,3.144,132.0
1753769615650,06:13:35.650,htx,XRP/USDT:USDT,3.1437,332.0,3.14369,146.0,3.14371,690.0,3.144,132.0
1753769615686,06:13:35.686,htx,XRP/USDT:USDT,3.1437,287.0,3.14369,146.0,3.14371,690.0,3.144,132.0
1753769615711,06:13:35.711,htx,XRP/USDT:USDT,3.1437,287.0,3.14369,146.0,3.14371,714.0,3.144,132.0
1753769615745,06:13:35.745,htx,XRP/USDT:USDT,3.1437,287.0,3.14369,146.0,3.14371,690.0,3.144,132.0
1753769615779,06:13:35.779,htx,XRP/USDT:USDT,3.1437,287.0,3.14369,146.0,3.14371,690.0,3.144,132.0
1753769615801,06:13:35.801,htx,XRP/USDT:USDT,3.1437,287.0,3.14369,146.0,3.14371,690.0,3.144,132.0
1753769616018,06:13:36.018,htx,XRP/USDT:USDT,3.1437,287.0,3.14369,146.0,3.14371,690.0,3.14399,39.0
1753769616039,06:13:36.039,htx,XRP/USDT:USDT,3.1437,287.0,3.14369,146.0,3.14371,690.0,3.14399,39.0
1753769616075,06:13:36.075,htx,XRP/USDT:USDT,3.1437,287.0,3.14369,146.0,3.14371,690.0,3.14399,39.0
1753769616135,06:13:36.135,htx,XRP/USDT:USDT,3.1437,287.0,3.14369,146.0,3.14371,690.0,3.14399,39.0
1753769616170,06:13:36.170,htx,XRP/USDT:USDT,3.1437,287.0,3.14369,146.0,3.14371,690.0,3.14399,39.0
1753769616191,06:13:36.191,htx,XRP/USDT:USDT,3.1437,293.0,3.14369,146.0,3.14371,690.0,3.14399,39.0
1753769616744,06:13:36.744,htx,XRP/USDT:USDT,3.1437,293.0,3.14369,146.0,3.14371,690.0,3.14399,39.0
1753769616864,06:13:36.864,htx,XRP/USDT:USDT,3.1437,287.0,3.14369,146.0,3.14371,690.0,3.14399,39.0
1753769616949,06:13:36.949,htx,XRP/USDT:USDT,3.1437,287.0,3.14369,146.0,3.14371,690.0,3.14399,39.0
1753769617152,06:13:37.152,htx,XRP/USDT:USDT,3.1437,287.0,3.14369,146.0,3.14371,690.0,3.14399,39.0
1753769617202,06:13:37.202,htx,XRP/USDT:USDT,3.1437,287.0,3.14369,146.0,3.14371,690.0,3.14399,39.0
1753769617206,06:13:37.206,htx,XRP/USDT:USDT,3.1437,287.0,3.14369,146.0,3.14371,690.0,3.14399,39.0
1753769617439,06:13:37.439,htx,XRP/USDT:USDT,3.1437,287.0,3.14369,146.0,3.14371,690.0,3.14399,39.0
1753769617699,06:13:37.699,htx,XRP/USDT:USDT,3.1437,287.0,3.14369,146.0,3.14371,690.0,3.14399,39.0
1753769617720,06:13:37.720,htx,XRP/USDT:USDT,3.1437,287.0,3.14369,146.0,3.14371,690.0,3.14399,39.0
1753769617774,06:13:37.774,htx,XRP/USDT:USDT,3.1437,287.0,3.14369,146.0,3.14371,690.0,3.14399,39.0
1753769617925,06:13:37.925,htx,XRP/USDT:USDT,3.1437,287.0,3.14369,146.0,3.14371,740.0,3.14399,39.0
1753769618001,06:13:38.001,htx,XRP/USDT:USDT,3.1437,287.0,3.14369,146.0,3.14371,714.0,3.14399,39.0
1753769618079,06:13:38.079,htx,XRP/USDT:USDT,3.1437,287.0,3.14369,146.0,3.14371,690.0,3.14399,39.0
1753769618211,06:13:38.211,htx,XRP/USDT:USDT,3.1437,287.0,3.14369,146.0,3.14371,710.0,3.14399,39.0
1753769618277,06:13:38.277,htx,XRP/USDT:USDT,3.1437,287.0,3.14369,146.0,3.14371,690.0,3.14399,39.0
1753769618331,06:13:38.331,htx,XRP/USDT:USDT,3.1437,287.0,3.14369,146.0,3.14371,714.0,3.14399,39.0
1753769618523,06:13:38.523,htx,XRP/USDT:USDT,3.1437,287.0,3.14369,146.0,3.14371,710.0,3.14399,39.0
1753769618560,06:13:38.560,htx,XRP/USDT:USDT,3.1437,293.0,3.14369,146.0,3.14371,710.0,3.14399,39.0
1753769618596,06:13:38.596,htx,XRP/USDT:USDT,3.1437,287.0,3.14369,146.0,3.14371,690.0,3.14399,39.0
1753769618634,06:13:38.634,htx,XRP/USDT:USDT,3.1437,287.0,3.14369,146.0,3.14371,690.0,3.14399,39.0
1753769618731,06:13:38.731,htx,XRP/USDT:USDT,3.1437,287.0,3.14369,146.0,3.14371,690.0,3.14399,39.0
1753769618990,06:13:38.990,htx,XRP/USDT:USDT,3.1437,287.0,3.14369,146.0,3.14371,690.0,3.14399,39.0
1753769619013,06:13:39.013,htx,XRP/USDT:USDT,3.1437,347.0,3.14369,146.0,3.14371,690.0,3.14399,39.0
1753769619072,06:13:39.072,htx,XRP/USDT:USDT,3.1437,359.0,3.14369,146.0,3.14371,690.0,3.14399,39.0
1753769619452,06:13:39.452,htx,XRP/USDT:USDT,3.1437,359.0,3.14369,146.0,3.14371,690.0,3.14399,39.0
1753769619471,06:13:39.471,htx,XRP/USDT:USDT,3.1437,359.0,3.14369,146.0,3.14371,690.0,3.14399,39.0
1753769619789,06:13:39.789,htx,XRP/USDT:USDT,3.1437,299.0,3.14369,146.0,3.14371,690.0,3.14399,39.0
1753769620854,06:13:40.854,htx,XRP/USDT:USDT,3.1437,359.0,3.14369,146.0,3.14371,690.0,3.14399,39.0
1753769620879,06:13:40.879,htx,XRP/USDT:USDT,3.1437,387.0,3.14369,146.0,3.14371,690.0,3.14399,39.0
1753769621007,06:13:41.007,htx,XRP/USDT:USDT,3.1437,1217.0,3.14369,146.0,3.14371,690.0,3.14399,39.0
1753769621054,06:13:41.054,htx,XRP/USDT:USDT,3.1437,1187.0,3.14369,146.0,3.14371,690.0,3.14399,39.0
1753769621098,06:13:41.098,htx,XRP/USDT:USDT,3.1437,1109.0,3.14369,146.0,3.14371,690.0,3.14399,39.0
1753769621110,06:13:41.110,htx,XRP/USDT:USDT,3.1437,753.0,3.14369,146.0,3.14371,690.0,3.14399,39.0
1753769621153,06:13:41.153,htx,XRP/USDT:USDT,3.1437,467.0,3.14369,146.0,3.14371,690.0,3.14399,39.0
1753769621167,06:13:41.167,htx,XRP/USDT:USDT,3.1437,387.0,3.14369,146.0,3.14371,690.0,3.14399,39.0
1753769622335,06:13:42.335,htx,XRP/USDT:USDT,3.1437,387.0,3.14369,107.0,3.14371,690.0,3.14399,39.0
1753769622413,06:13:42.413,htx,XRP/USDT:USDT,3.1437,426.0,3.14369,107.0,3.14371,690.0,3.14399,39.0
1753769622443,06:13:42.443,htx,XRP/USDT:USDT,3.1437,426.0,3.14369,107.0,3.14371,690.0,3.14399,39.0
1753769622485,06:13:42.485,htx,XRP/USDT:USDT,3.1437,326.0,3.14369,107.0,3.14371,690.0,3.14399,39.0
1753769622572,06:13:42.572,htx,XRP/USDT:USDT,3.1437,326.0,3.14369,107.0,3.14371,764.0,3.14399,39.0
1753769622627,06:13:42.627,htx,XRP/USDT:USDT,3.1437,326.0,3.14369,107.0,3.14371,714.0,3.14399,39.0
1753769622681,06:13:42.681,htx,XRP/USDT:USDT,3.1437,326.0,3.14369,107.0,3.14371,690.0,3.14399,39.0
1753769622886,06:13:42.886,htx,XRP/USDT:USDT,3.1437,332.0,3.14369,107.0,3.14371,690.0,3.14399,39.0
1753769622909,06:13:42.909,htx,XRP/USDT:USDT,3.1437,326.0,3.14369,107.0,3.14371,690.0,3.14399,39.0
1753769623006,06:13:43.006,htx,XRP/USDT:USDT,3.1437,326.0,3.14369,107.0,3.14371,690.0,3.14399,39.0
1753769623026,06:13:43.026,htx,XRP/USDT:USDT,3.1437,326.0,3.14369,107.0,3.14371,690.0,3.14399,39.0
1753769623058,06:13:43.058,htx,XRP/USDT:USDT,3.1437,386.0,3.14369,107.0,3.14371,690.0,3.14399,39.0
1753769623294,06:13:43.294,htx,XRP/USDT:USDT,3.1437,402.0,3.14369,107.0,3.14371,690.0,3.14399,39.0
1753769623675,06:13:43.675,htx,XRP/USDT:USDT,3.1437,342.0,3.14369,107.0,3.14371,690.0,3.14399,39.0
1753769623737,06:13:43.737,htx,XRP/USDT:USDT,3.1437,342.0,3.14369,107.0,3.14371,690.0,3.14399,39.0
1753769623951,06:13:43.951,htx,XRP/USDT:USDT,3.1437,342.0,3.14369,107.0,3.14371,690.0,3.14399,39.0
1753769624060,06:13:44.060,htx,XRP/USDT:USDT,3.1437,342.0,3.14369,107.0,3.14371,690.0,3.14399,39.0
1753769624316,06:13:44.316,htx,XRP/USDT:USDT,3.1437,342.0,3.14369,107.0,3.14371,690.0,3.14399,39.0
1753769624646,06:13:44.646,htx,XRP/USDT:USDT,3.1437,342.0,3.14369,107.0,3.14371,690.0,3.14399,39.0
1753769624732,06:13:44.732,htx,XRP/USDT:USDT,3.1437,374.0,3.14369,107.0,3.14371,690.0,3.14399,39.0
1753769624749,06:13:44.749,htx,XRP/USDT:USDT,3.1437,374.0,3.14369,107.0,3.14371,690.0,3.14399,39.0
1753769624812,06:13:44.812,htx,XRP/USDT:USDT,3.1437,374.0,3.14369,107.0,3.14371,690.0,3.14399,39.0
1753769625106,06:13:45.106,htx,XRP/USDT:USDT,3.1437,374.0,3.14369,107.0,3.14371,690.0,3.14399,39.0
1753769625718,06:13:45.718,htx,XRP/USDT:USDT,3.1437,374.0,3.14369,107.0,3.14371,690.0,3.14399,39.0
1753769625755,06:13:45.755,htx,XRP/USDT:USDT,3.1437,374.0,3.14369,107.0,3.14371,690.0,3.14399,39.0
1753769626731,06:13:46.731,htx,XRP/USDT:USDT,3.1437,374.0,3.14369,107.0,3.14399,39.0,3.144,171.0
1753769626745,06:13:46.745,htx,XRP/USDT:USDT,3.1437,358.0,3.14352,107.0,3.14399,39.0,3.144,39.0
1753769626775,06:13:46.775,htx,XRP/USDT:USDT,3.14397,46.0,3.14377,233.0,3.14398,60.0,3.14399,167.0
1753769626803,06:13:46.803,htx,XRP/USDT:USDT,3.14397,50.0,3.14392,128.0,3.14398,902.0,3.14399,39.0
1753769627142,06:13:47.142,htx,XRP/USDT:USDT,3.14397,174.0,3.14377,217.0,3.14398,878.0,3.14399,39.0
1753769627169,06:13:47.169,htx,XRP/USDT:USDT,3.14397,199.0,3.14377,167.0,3.14398,818.0,3.14418,72.0
1753769627200,06:13:47.200,htx,XRP/USDT:USDT,3.14397,199.0,3.14377,167.0,3.14398,818.0,3.14418,72.0
1753769627226,06:13:47.226,htx,XRP/USDT:USDT,3.14397,263.0,3.14377,167.0,3.14398,818.0,3.14418,72.0
1753769627255,06:13:47.255,htx,XRP/USDT:USDT,3.14397,221.0,3.14377,167.0,3.14398,818.0,3.14418,72.0
1753769627302,06:13:47.302,htx,XRP/USDT:USDT,3.14397,221.0,3.14377,167.0,3.14398,818.0,3.14418,39.0
1753769627494,06:13:47.494,htx,XRP/USDT:USDT,3.14397,328.0,3.14377,167.0,3.14398,818.0,3.14418,39.0
1753769627503,06:13:47.503,htx,XRP/USDT:USDT,3.14397,328.0,3.14377,167.0,3.14398,818.0,3.14418,39.0
1753769627639,06:13:47.639,htx,XRP/USDT:USDT,3.14397,328.0,3.14377,167.0,3.14398,818.0,3.14418,39.0
1753769627647,06:13:47.647,htx,XRP/USDT:USDT,3.14397,328.0,3.14377,167.0,3.14398,690.0,3.14418,39.0
1753769627675,06:13:47.675,htx,XRP/USDT:USDT,3.14417,46.0,3.14412,128.0,3.14418,39.0,3.14424,148.0
1753769627707,06:13:47.707,htx,XRP/USDT:USDT,3.14417,306.0,3.14398,99.0,3.14418,167.0,3.14424,148.0
1753769627782,06:13:47.782,htx,XRP/USDT:USDT,3.14417,306.0,3.14398,39.0,3.14418,167.0,3.14424,148.0
1753769627820,06:13:47.820,htx,XRP/USDT:USDT,3.14417,306.0,3.14398,39.0,3.14418,856.0,3.14424,148.0
1753769627824,06:13:47.824,htx,XRP/USDT:USDT,3.14417,306.0,3.14398,39.0,3.14418,167.0,3.14424,148.0
1753769627864,06:13:47.864,htx,XRP/USDT:USDT,3.14417,374.0,3.14398,39.0,3.14418,167.0,3.14424,148.0
1753769627890,06:13:47.890,htx,XRP/USDT:USDT,3.14417,374.0,3.14398,39.0,3.14418,167.0,3.14424,148.0
1753769627915,06:13:47.915,htx,XRP/USDT:USDT,3.14417,374.0,3.14398,39.0,3.14418,167.0,3.14424,148.0
1753769627945,06:13:47.945,htx,XRP/USDT:USDT,3.14417,314.0,3.14398,39.0,3.14418,856.0,3.14424,148.0
1753769628063,06:13:48.063,htx,XRP/USDT:USDT,3.14417,314.0,3.14398,39.0,3.14418,856.0,3.14424,148.0
1753769628063,06:13:48.063,htx,XRP/USDT:USDT,3.14417,314.0,3.14398,39.0,3.14418,856.0,3.14424,148.0
1753769628408,06:13:48.408,htx,XRP/USDT:USDT,3.14417,306.0,3.14398,39.0,3.14418,856.0,3.14424,148.0
1753769628462,06:13:48.462,htx,XRP/USDT:USDT,3.14417,306.0,3.14398,39.0,3.14418,856.0,3.14424,148.0
1753769628626,06:13:48.626,htx,XRP/USDT:USDT,3.14417,306.0,3.14398,39.0,3.14418,856.0,3.14424,41.0
1753769628635,06:13:48.635,htx,XRP/USDT:USDT,3.14417,306.0,3.14398,39.0,3.14418,167.0,3.14424,41.0
1753769628671,06:13:48.671,htx,XRP/USDT:USDT,3.14417,366.0,3.14398,39.0,3.14418,128.0,3.14424,41.0
1753769628732,06:13:48.732,htx,XRP/USDT:USDT,3.14417,366.0,3.14398,39.0,3.14418,817.0,3.14424,41.0
1753769628765,06:13:48.765,htx,XRP/USDT:USDT,3.14417,314.0,3.14398,39.0,3.14418,817.0,3.14424,41.0
1753769628785,06:13:48.785,htx,XRP/USDT:USDT,3.14417,402.0,3.14398,39.0,3.14418,128.0,3.14424,41.0
1753769628828,06:13:48.828,htx,XRP/USDT:USDT,3.14417,374.0,3.14398,39.0,3.14418,128.0,3.14424,41.0
1753769628850,06:13:48.850,htx,XRP/USDT:USDT,3.14417,374.0,3.14398,90.0,3.14418,128.0,3.14424,41.0
1753769628882,06:13:48.882,htx,XRP/USDT:USDT,3.14417,374.0,3.14398,90.0,3.14418,128.0,3.14424,41.0
1753769628954,06:13:48.954,htx,XRP/USDT:USDT,3.14417,374.0,3.14398,90.0,3.14418,128.0,3.14423,689.0
1753769628976,06:13:48.976,htx,XRP/USDT:USDT,3.14417,374.0,3.14398,90.0,3.14418,128.0,3.14423,689.0
1753769629088,06:13:49.088,htx,XRP/USDT:USDT,3.14417,374.0,3.14398,90.0,3.14418,128.0,3.14423,689.0
1753769629161,06:13:49.161,htx,XRP/USDT:USDT,3.14417,374.0,3.14398,90.0,3.14418,128.0,3.14423,689.0
1753769629183,06:13:49.183,htx,XRP/USDT:USDT,3.14417,374.0,3.14398,90.0,3.14418,128.0,3.14423,689.0
1753769629345,06:13:49.345,htx,XRP/USDT:USDT,3.14417,374.0,3.14398,90.0,3.14418,128.0,3.14423,689.0
1753769629548,06:13:49.548,htx,XRP/USDT:USDT,3.14417,374.0,3.14398,90.0,3.14418,128.0,3.14423,689.0
1753769629568,06:13:49.568,htx,XRP/USDT:USDT,3.14417,132.0,3.14397,128.0,3.14418,262.0,3.14422,39.0
1753769629606,06:13:49.606,htx,XRP/USDT:USDT,3.14352,107.0,3.1435,132.0,3.14417,30.0,3.14418,409.0
1753769629622,06:13:49.622,htx,XRP/USDT:USDT,3.14352,107.0,3.14345,500.0,3.14353,68.0,3.14365,24.0
1753769629658,06:13:49.658,htx,XRP/USDT:USDT,3.14352,107.0,3.14346,52.0,3.14353,24.0,3.14365,24.0
1753769629685,06:13:49.685,htx,XRP/USDT:USDT,3.14352,244.0,3.14345,500.0,3.14353,130.0,3.14365,39.0
1753769629713,06:13:49.713,htx,XRP/USDT:USDT,3.14352,267.0,3.14346,75.0,3.14353,130.0,3.14365,39.0
1753769629785,06:13:49.785,htx,XRP/USDT:USDT,3.14352,327.0,3.14346,114.0,3.14353,130.0,3.14365,169.0
1753769629815,06:13:49.815,htx,XRP/USDT:USDT,3.14352,327.0,3.14346,114.0,3.14353,130.0,3.14365,39.0
1753769629883,06:13:49.883,htx,XRP/USDT:USDT,3.14352,327.0,3.14346,114.0,3.14353,130.0,3.14365,39.0
1753769629893,06:13:49.893,htx,XRP/USDT:USDT,3.14352,327.0,3.14346,74.0,3.14353,130.0,3.14365,39.0
1753769629940,06:13:49.940,htx,XRP/USDT:USDT,3.14352,327.0,3.14346,74.0,3.14353,130.0,3.14365,39.0
1753769629978,06:13:49.978,htx,XRP/USDT:USDT,3.14352,327.0,3.14346,74.0,3.14353,130.0,3.14365,39.0
1753769629990,06:13:49.990,htx,XRP/USDT:USDT,3.14352,327.0,3.14346,74.0,3.14353,130.0,3.14365,39.0
1753769630016,06:13:50.016,htx,XRP/USDT:USDT,3.14352,366.0,3.14346,35.0,3.14365,39.0,3.14369,130.0
1753769630046,06:13:50.046,htx,XRP/USDT:USDT,3.14364,60.0,3.14353,60.0,3.14365,39.0,3.14377,85.0
1753769630301,06:13:50.301,htx,XRP/USDT:USDT,3.14364,200.0,3.14354,39.0,3.14365,169.0,3.14377,85.0
1753769630324,06:13:50.324,htx,XRP/USDT:USDT,3.14364,307.0,3.14354,39.0,3.14365,169.0,3.14377,85.0
1753769630393,06:13:50.393,htx,XRP/USDT:USDT,3.14364,307.0,3.14354,39.0,3.14365,130.0,3.14377,85.0
1753769630404,06:13:50.404,htx,XRP/USDT:USDT,3.14364,307.0,3.14354,39.0,3.14377,25.0,3.14382,48.0
1753769630458,06:13:50.458,htx,XRP/USDT:USDT,3.14376,190.0,3.14365,99.0,3.14377,25.0,3.14383,689.0
1753769630517,06:13:50.517,htx,XRP/USDT:USDT,3.14376,190.0,3.14365,99.0,3.14377,25.0,3.14383,689.0
1753769630531,06:13:50.531,htx,XRP/USDT:USDT,3.14376,190.0,3.14365,99.0,3.14377,25.0,3.14383,689.0
1753769630568,06:13:50.568,htx,XRP/USDT:USDT,3.14376,190.0,3.14365,99.0,3.14377,25.0,3.14383,689.0
1753769630592,06:13:50.592,htx,XRP/USDT:USDT,3.14376,190.0,3.14365,99.0,3.14377,155.0,3.14383,689.0
1753769630622,06:13:50.622,htx,XRP/USDT:USDT,3.14376,206.0,3.14365,99.0,3.14377,155.0,3.14383,689.0
1753769630646,06:13:50.646,htx,XRP/USDT:USDT,3.14382,228.0,3.14377,60.0,3.14402,107.0,3.14415,39.0
1753769630673,06:13:50.673,htx,XRP/USDT:USDT,3.14401,37.0,3.14385,500.0,3.14402,130.0,3.14415,39.0
1753769630709,06:13:50.709,htx,XRP/USDT:USDT,3.14401,204.0,3.14386,35.0,3.14402,130.0,3.14415,39.0
1753769630737,06:13:50.737,htx,XRP/USDT:USDT,3.14401,204.0,3.14382,298.0,3.14402,130.0,3.14415,39.0
1753769630771,06:13:50.771,htx,XRP/USDT:USDT,3.14401,144.0,3.14383,58.0,3.14402,243.0,3.14414,689.0
1753769630806,06:13:50.806,htx,XRP/USDT:USDT,3.14401,144.0,3.14383,58.0,3.14402,193.0,3.14414,689.0
1753769630834,06:13:50.834,htx,XRP/USDT:USDT,3.14401,144.0,3.14383,58.0,3.14402,193.0,3.14413,93.0
1753769630896,06:13:50.896,htx,XRP/USDT:USDT,3.14401,144.0,3.14383,58.0,3.14402,193.0,3.14413,93.0
1753769630916,06:13:50.916,htx,XRP/USDT:USDT,3.14401,144.0,3.14383,58.0,3.14402,193.0,3.14413,93.0
1753769630982,06:13:50.982,htx,XRP/USDT:USDT,3.14401,144.0,3.14383,58.0,3.14402,193.0,3.14413,93.0
1753769631029,06:13:51.029,htx,XRP/USDT:USDT,3.14401,144.0,3.14383,58.0,3.14402,169.0,3.14413,93.0
1753769631077,06:13:51.077,htx,XRP/USDT:USDT,3.14401,144.0,3.14383,58.0,3.14402,169.0,3.14413,93.0
1753769631385,06:13:51.385,htx,XRP/USDT:USDT,3.14401,144.0,3.14383,58.0,3.14402,169.0,3.14413,93.0
1753769631405,06:13:51.405,htx,XRP/USDT:USDT,3.14401,144.0,3.14382,169.0,3.14402,169.0,3.14413,93.0
1753769631438,06:13:51.438,htx,XRP/USDT:USDT,3.14401,144.0,3.14382,169.0,3.14402,229.0,3.14413,93.0
1753769631458,06:13:51.458,htx,XRP/USDT:USDT,3.14401,144.0,3.14382,169.0,3.14402,254.0,3.14413,93.0
1753769631489,06:13:51.489,htx,XRP/USDT:USDT,3.14401,144.0,3.14382,169.0,3.14402,254.0,3.14413,93.0
1753769631828,06:13:51.828,htx,XRP/USDT:USDT,3.14401,144.0,3.14398,107.0,3.14402,254.0,3.14413,93.0
1753769631851,06:13:51.851,htx,XRP/USDT:USDT,3.14401,144.0,3.14398,107.0,3.14402,194.0,3.14413,93.0
1753769632103,06:13:52.103,htx,XRP/USDT:USDT,3.14401,144.0,3.14398,107.0,3.14402,218.0,3.14413,93.0
1753769632142,06:13:52.142,htx,XRP/USDT:USDT,3.14401,144.0,3.14398,107.0,3.14402,194.0,3.14413,93.0
1753769632160,06:13:52.160,htx,XRP/USDT:USDT,3.14401,144.0,3.14398,107.0,3.14402,194.0,3.14413,93.0
1753769632180,06:13:52.180,htx,XRP/USDT:USDT,3.14401,144.0,3.14398,107.0,3.14402,244.0,3.14413,93.0
1753769632335,06:13:52.335,htx,XRP/USDT:USDT,3.14401,144.0,3.14398,107.0,3.14402,244.0,3.14413,93.0
1753769632363,06:13:52.363,htx,XRP/USDT:USDT,3.14401,144.0,3.14398,107.0,3.14402,304.0,3.14413,93.0
1753769632455,06:13:52.455,htx,XRP/USDT:USDT,3.14401,14.0,3.14398,107.0,3.14402,328.0,3.14413,93.0
1753769632484,06:13:52.484,htx,XRP/USDT:USDT,3.14401,14.0,3.14398,107.0,3.14402,348.0,3.14413,93.0
1753769632502,06:13:52.502,htx,XRP/USDT:USDT,3.14353,42.0,3.14352,796.0,3.14383,89.0,3.14401,44.0
1753769632535,06:13:52.535,htx,XRP/USDT:USDT,3.14353,102.0,3.14352,796.0,3.14354,24.0,3.14382,60.0
1753769632567,06:13:52.567,htx,XRP/USDT:USDT,3.14352,107.0,3.14338,245.0,3.14353,50.0,3.14354,24.0
1753769632594,06:13:52.594,htx,XRP/USDT:USDT,3.14352,237.0,3.14343,52.0,3.14353,50.0,3.14354,24.0
1753769632629,06:13:52.629,htx,XRP/USDT:USDT,3.14352,237.0,3.1434,39.0,3.14354,154.0,3.14382,130.0
1753769632661,06:13:52.661,htx,XRP/USDT:USDT,3.14353,46.0,3.14352,237.0,3.14354,154.0,3.14382,130.0
1753769632691,06:13:52.691,htx,XRP/USDT:USDT,3.14353,176.0,3.14352,107.0,3.14354,24.0,3.14381,39.0
1753769632797,06:13:52.797,htx,XRP/USDT:USDT,3.14353,183.0,3.14352,107.0,3.14354,130.0,3.1438,60.0
1753769632803,06:13:52.803,htx,XRP/USDT:USDT,3.14353,160.0,3.14352,107.0,3.1438,60.0,3.14381,64.0
1753769632847,06:13:52.847,htx,XRP/USDT:USDT,3.14379,153.0,3.14353,197.0,3.1438,190.0,3.14381,64.0
1753769632871,06:13:52.871,htx,XRP/USDT:USDT,3.14379,130.0,3.14354,39.0,3.1438,190.0,3.14381,64.0
1753769632924,06:13:52.924,htx,XRP/USDT:USDT,3.14379,153.0,3.14354,39.0,3.1438,190.0,3.14381,64.0
1753769632964,06:13:52.964,htx,XRP/USDT:USDT,3.14379,153.0,3.14354,39.0,3.1438,190.0,3.14381,64.0
1753769633105,06:13:53.105,htx,XRP/USDT:USDT,3.14379,153.0,3.14354,39.0,3.1438,190.0,3.14381,64.0
1753769633125,06:13:53.125,htx,XRP/USDT:USDT,3.14379,153.0,3.14354,39.0,3.1438,190.0,3.14381,64.0
1753769633144,06:13:53.144,htx,XRP/USDT:USDT,3.14379,153.0,3.14354,39.0,3.1438,190.0,3.14381,64.0
1753769633234,06:13:53.234,htx,XRP/USDT:USDT,3.14379,153.0,3.14354,39.0,3.1438,190.0,3.14381,64.0
1753769633301,06:13:53.301,htx,XRP/USDT:USDT,3.14379,153.0,3.14354,39.0,3.1438,190.0,3.14381,64.0
1753769633315,06:13:53.315,htx,XRP/USDT:USDT,3.14379,153.0,3.14354,39.0,3.1438,190.0,3.14381,64.0
1753769633366,06:13:53.366,htx,XRP/USDT:USDT,3.14379,130.0,3.14354,39.0,3.1438,190.0,3.14381,64.0
1753769634012,06:13:54.012,htx,XRP/USDT:USDT,3.14379,130.0,3.14354,39.0,3.1438,190.0,3.14381,64.0
1753769634080,06:13:54.080,htx,XRP/USDT:USDT,3.14379,130.0,3.14354,39.0,3.1438,297.0,3.14381,64.0
1753769634282,06:13:54.282,htx,XRP/USDT:USDT,3.14379,130.0,3.14354,39.0,3.1438,297.0,3.14381,64.0
1753769635600,06:13:55.600,htx,XRP/USDT:USDT,3.14379,130.0,3.14354,39.0,3.1438,297.0,3.14381,64.0
1753769636064,06:13:56.064,htx,XRP/USDT:USDT,3.14379,130.0,3.14354,39.0,3.1438,297.0,3.14381,64.0
1753769636108,06:13:56.108,htx,XRP/USDT:USDT,3.14379,160.0,3.14354,39.0,3.1438,237.0,3.14381,25.0
1753769636165,06:13:56.165,htx,XRP/USDT:USDT,3.14379,267.0,3.14354,39.0,3.1438,237.0,3.14381,25.0
1753769636203,06:13:56.203,htx,XRP/USDT:USDT,3.14379,267.0,3.14354,39.0,3.1438,237.0,3.14384,689.0
1753769636226,06:13:56.226,htx,XRP/USDT:USDT,3.14379,267.0,3.14354,39.0,3.1438,237.0,3.14384,689.0
1753769636254,06:13:56.254,htx,XRP/USDT:USDT,3.14383,88.0,3.1438,36.0,3.14384,689.0,3.14396,130.0
1753769636286,06:13:56.286,htx,XRP/USDT:USDT,3.14383,452.0,3.1438,109.0,3.14384,689.0,3.14415,107.0
1753769636355,06:13:56.355,htx,XRP/USDT:USDT,3.14414,82.0,3.14386,500.0,3.14415,107.0,3.14416,39.0
1753769636377,06:13:56.377,htx,XRP/USDT:USDT,3.14414,82.0,3.14387,39.0,3.14415,107.0,3.14416,39.0
1753769636409,06:13:56.409,htx,XRP/USDT:USDT,3.14414,142.0,3.14387,39.0,3.14415,107.0,3.14416,39.0
1753769636531,06:13:56.531,htx,XRP/USDT:USDT,3.14414,82.0,3.14398,130.0,3.14415,950.0,3.14416,39.0
1753769636561,06:13:56.561,htx,XRP/USDT:USDT,3.14414,82.0,3.14398,130.0,3.14415,926.0,3.14416,39.0
1753769636590,06:13:56.590,htx,XRP/USDT:USDT,3.14414,82.0,3.14399,39.0,3.14415,926.0,3.14416,39.0
1753769636709,06:13:56.709,htx,XRP/USDT:USDT,3.14414,212.0,3.14399,39.0,3.14415,926.0,3.14416,39.0
1753769636999,06:13:56.999,htx,XRP/USDT:USDT,3.14414,212.0,3.14399,39.0,3.14415,926.0,3.14416,39.0
1753769637073,06:13:57.073,htx,XRP/USDT:USDT,3.14414,212.0,3.14399,39.0,3.14415,926.0,3.14416,39.0
1753769638023,06:13:58.023,htx,XRP/USDT:USDT,3.14414,212.0,3.14399,39.0,3.14415,237.0,3.14416,39.0
1753769638031,06:13:58.031,htx,XRP/USDT:USDT,3.14414,212.0,3.14398,130.0,3.14415,237.0,3.14416,39.0
1753769638078,06:13:58.078,htx,XRP/USDT:USDT,3.14414,311.0,3.14398,130.0,3.14415,237.0,3.14416,39.0
1753769638127,06:13:58.127,htx,XRP/USDT:USDT,3.14414,311.0,3.14398,130.0,3.14415,926.0,3.14416,39.0
1753769638372,06:13:58.372,htx,XRP/USDT:USDT,3.14414,251.0,3.14398,130.0,3.14415,926.0,3.14416,39.0
1753769638801,06:13:58.801,htx,XRP/USDT:USDT,3.14414,251.0,3.14398,130.0,3.14415,819.0,3.14416,39.0
1753769638804,06:13:58.804,htx,XRP/USDT:USDT,3.14414,358.0,3.14398,130.0,3.14415,689.0,3.14444,128.0
1753769638834,06:13:58.834,htx,XRP/USDT:USDT,3.14458,107.0,3.14444,28.0,3.14465,132.0,3.14467,39.0
1753769638868,06:13:58.868,htx,XRP/USDT:USDT,3.14458,107.0,3.14445,60.0,3.14459,178.0,3.14465,235.0
1753769638897,06:13:58.897,htx,XRP/USDT:USDT,3.14458,235.0,3.14445,60.0,3.14459,252.0,3.14465,107.0
1753769638926,06:13:58.926,htx,XRP/USDT:USDT,3.14458,241.0,3.14445,60.0,3.14459,178.0,3.14465,107.0
1753769638959,06:13:58.959,htx,XRP/USDT:USDT,3.14458,235.0,3.14445,60.0,3.14459,178.0,3.14465,107.0
1753769638995,06:13:58.995,htx,XRP/USDT:USDT,3.14458,235.0,3.14445,60.0,3.14459,178.0,3.14465,107.0
1753769639038,06:13:59.038,htx,XRP/USDT:USDT,3.14458,235.0,3.14445,60.0,3.14459,178.0,3.14465,107.0
1753769639051,06:13:59.051,htx,XRP/USDT:USDT,3.14458,235.0,3.14445,60.0,3.14459,178.0,3.14465,107.0
1753769639417,06:13:59.417,htx,XRP/USDT:USDT,3.14458,235.0,3.14445,60.0,3.14459,178.0,3.14465,107.0
1753769639507,06:13:59.507,htx,XRP/USDT:USDT,3.14458,235.0,3.14445,60.0,3.14459,178.0,3.14465,107.0
1753769639553,06:13:59.553,htx,XRP/USDT:USDT,3.14458,235.0,3.14445,60.0,3.14459,178.0,3.14465,107.0
1753769639574,06:13:59.574,htx,XRP/USDT:USDT,3.14458,235.0,3.14445,60.0,3.14459,178.0,3.14465,107.0
1753769639609,06:13:59.609,htx,XRP/USDT:USDT,3.14458,235.0,3.14445,60.0,3.14459,178.0,3.1446,689.0
1753769639740,06:13:59.740,htx,XRP/USDT:USDT,3.14458,235.0,3.14445,60.0,3.14459,178.0,3.1446,689.0
1753769639777,06:13:59.777,htx,XRP/USDT:USDT,3.14458,235.0,3.14445,60.0,3.14459,178.0,3.1446,728.0
1753769639812,06:13:59.812,htx,XRP/USDT:USDT,3.14458,235.0,3.14443,128.0,3.14459,238.0,3.1446,728.0
1753769639833,06:13:59.833,htx,XRP/USDT:USDT,3.14458,128.0,3.14443,128.0,3.14459,238.0,3.1446,728.0
1753769639856,06:13:59.856,htx,XRP/USDT:USDT,3.14443,128.0,3.14431,146.0,3.14459,252.0,3.1446,728.0
1753769639948,06:13:59.948,htx,XRP/USDT:USDT,3.14443,128.0,3.14431,146.0,3.14444,128.0,3.14457,64.0
1753769640016,06:14:00.016,htx,XRP/USDT:USDT,3.14443,128.0,3.14431,146.0,3.14444,128.0,3.14457,64.0
1753769640037,06:14:00.037,htx,XRP/USDT:USDT,3.14431,146.0,3.14429,107.0,3.14444,153.0,3.14457,39.0
1753769640069,06:14:00.069,htx,XRP/USDT:USDT,3.14435,128.0,3.14431,146.0,3.14436,39.0,3.14444,213.0
1753769640096,06:14:00.096,htx,XRP/USDT:USDT,3.14435,128.0,3.14431,146.0,3.14436,182.0,3.14443,60.0
1753769640130,06:14:00.130,htx,XRP/USDT:USDT,3.14435,128.0,3.14431,146.0,3.14436,348.0,3.14442,39.0
1753769640174,06:14:00.174,htx,XRP/USDT:USDT,3.14435,128.0,3.14431,146.0,3.14436,348.0,3.14442,39.0
1753769640187,06:14:00.187,htx,XRP/USDT:USDT,3.14435,128.0,3.14431,146.0,3.14436,298.0,3.14442,39.0
1753769640219,06:14:00.219,htx,XRP/USDT:USDT,3.14435,128.0,3.14431,146.0,3.14436,298.0,3.14442,39.0
1753769640267,06:14:00.267,htx,XRP/USDT:USDT,3.14435,128.0,3.14431,146.0,3.14436,216.0,3.14442,39.0
1753769640278,06:14:00.278,htx,XRP/USDT:USDT,3.14435,128.0,3.14431,146.0,3.14436,192.0,3.14442,39.0
1753769640306,06:14:00.306,htx,XRP/USDT:USDT,3.14435,128.0,3.14431,146.0,3.14436,192.0,3.14442,39.0
1753769640344,06:14:00.344,htx,XRP/USDT:USDT,3.14435,128.0,3.14431,146.0,3.14436,192.0,3.14442,39.0
1753769640367,06:14:00.367,htx,XRP/USDT:USDT,3.14435,128.0,3.14431,146.0,3.14436,192.0,3.14441,689.0
1753769640407,06:14:00.407,htx,XRP/USDT:USDT,3.14435,128.0,3.14431,146.0,3.14436,192.0,3.1444,51.0
1753769640507,06:14:00.507,htx,XRP/USDT:USDT,3.14435,128.0,3.14431,146.0,3.14436,192.0,3.1444,51.0
1753769640821,06:14:00.821,htx,XRP/USDT:USDT,3.14435,128.0,3.14431,146.0,3.14436,192.0,3.1444,51.0
1753769640850,06:14:00.850,htx,XRP/USDT:USDT,3.14435,235.0,3.14431,146.0,3.14436,192.0,3.14441,689.0
1753769640901,06:14:00.901,htx,XRP/USDT:USDT,3.14435,325.0,3.14431,146.0,3.14436,153.0,3.14441,689.0
1753769640907,06:14:00.907,htx,XRP/USDT:USDT,3.14435,325.0,3.14431,146.0,3.14436,153.0,3.14441,689.0
1753769640936,06:14:00.936,htx,XRP/USDT:USDT,3.14435,325.0,3.14431,146.0,3.14436,153.0,3.14441,689.0
1753769640968,06:14:00.968,htx,XRP/USDT:USDT,3.14435,325.0,3.14431,146.0,3.14436,153.0,3.14441,689.0
1753769641037,06:14:01.037,htx,XRP/USDT:USDT,3.14435,325.0,3.14431,146.0,3.14436,153.0,3.14441,689.0
1753769641079,06:14:01.079,htx,XRP/USDT:USDT,3.14435,325.0,3.14431,146.0,3.14436,153.0,3.14441,689.0
1753769641310,06:14:01.310,htx,XRP/USDT:USDT,3.14435,325.0,3.14431,146.0,3.14436,153.0,3.14441,689.0
1753769641368,06:14:01.368,htx,XRP/USDT:USDT,3.14435,325.0,3.14431,146.0,3.14436,153.0,3.14451,2.0
1753769641473,06:14:01.473,htx,XRP/USDT:USDT,3.14435,325.0,3.14431,146.0,3.14436,153.0,3.1445,689.0
1753769641972,06:14:01.972,htx,XRP/USDT:USDT,3.14435,325.0,3.14431,146.0,3.14436,153.0,3.1445,689.0
1753769641987,06:14:01.987,htx,XRP/USDT:USDT,3.14435,325.0,3.14431,146.0,3.14436,153.0,3.1445,689.0
1753769642021,06:14:02.021,htx,XRP/USDT:USDT,3.14435,325.0,3.14431,146.0,3.14436,153.0,3.1445,689.0
1753769642047,06:14:02.047,htx,XRP/USDT:USDT,3.14435,325.0,3.14431,146.0,3.14436,153.0,3.1445,689.0
1753769642114,06:14:02.114,htx,XRP/USDT:USDT,3.14435,325.0,3.14431,146.0,3.14436,153.0,3.14449,57.0
1753769642159,06:14:02.159,htx,XRP/USDT:USDT,3.14435,265.0,3.14431,146.0,3.14436,153.0,3.14448,39.0
1753769642166,06:14:02.166,htx,XRP/USDT:USDT,3.14435,265.0,3.14431,146.0,3.14436,153.0,3.14448,39.0
1753769642720,06:14:02.720,htx,XRP/USDT:USDT,3.14435,265.0,3.14431,146.0,3.14436,153.0,3.14448,39.0
1753769642855,06:14:02.855,htx,XRP/USDT:USDT,3.14435,325.0,3.14431,146.0,3.14436,153.0,3.14448,39.0
1753769643003,06:14:03.003,htx,XRP/USDT:USDT,3.14435,265.0,3.14431,146.0,3.14436,153.0,3.14448,39.0
1753769643144,06:14:03.144,htx,XRP/USDT:USDT,3.14435,265.0,3.14431,146.0,3.14436,177.0,3.14448,39.0
1753769643155,06:14:03.155,htx,XRP/USDT:USDT,3.14435,265.0,3.14431,146.0,3.14436,153.0,3.14448,39.0
1753769643907,06:14:03.907,htx,XRP/USDT:USDT,3.14435,265.0,3.14431,146.0,3.14436,153.0,3.14448,39.0
1753769645558,06:14:05.558,htx,XRP/USDT:USDT,3.14435,265.0,3.14431,146.0,3.14436,153.0,3.14448,39.0
1753769646210,06:14:06.210,htx,XRP/USDT:USDT,3.14435,325.0,3.14431,146.0,3.14436,153.0,3.14448,39.0
1753769646797,06:14:06.797,htx,XRP/USDT:USDT,3.14435,325.0,3.14431,146.0,3.14436,153.0,3.14448,39.0
1753769646798,06:14:06.798,htx,XRP/USDT:USDT,3.14435,325.0,3.14432,107.0,3.14436,128.0,3.1445,689.0
1753769646799,06:14:06.799,htx,XRP/USDT:USDT,3.1445,486.0,3.14436,100.0,3.14451,2.0,3.14459,128.0
1753769646818,06:14:06.818,htx,XRP/USDT:USDT,3.1445,413.0,3.14437,39.0,3.14451,130.0,3.14487,132.0
1753769646854,06:14:06.854,htx,XRP/USDT:USDT,3.1445,289.0,3.14437,39.0,3.14451,130.0,3.14487,132.0
1753769646877,06:14:06.877,htx,XRP/USDT:USDT,3.1445,349.0,3.1444,107.0,3.14451,130.0,3.14487,132.0
1753769646907,06:14:06.907,htx,XRP/USDT:USDT,3.1445,856.0,3.1444,107.0,3.14451,2.0,3.14487,132.0
1753769646941,06:14:06.941,htx,XRP/USDT:USDT,3.1445,856.0,3.14441,39.0,3.14451,2.0,3.14487,132.0
1753769646963,06:14:06.963,htx,XRP/USDT:USDT,3.1445,856.0,3.14441,39.0,3.14451,2.0,3.14487,132.0
1753769647011,06:14:07.011,htx,XRP/USDT:USDT,3.1445,856.0,3.14441,39.0,3.14451,2.0,3.14487,132.0
1753769647045,06:14:07.045,htx,XRP/USDT:USDT,3.1445,869.0,3.14441,39.0,3.14451,2.0,3.14487,132.0
1753769647081,06:14:07.081,htx,XRP/USDT:USDT,3.1445,869.0,3.14441,39.0,3.14451,2.0,3.14487,132.0
1753769647096,06:14:07.096,htx,XRP/USDT:USDT,3.1445,869.0,3.14441,39.0,3.14451,2.0,3.14487,132.0
1753769647125,06:14:07.125,htx,XRP/USDT:USDT,3.1445,869.0,3.14441,39.0,3.14451,2.0,3.14487,132.0
1753769647158,06:14:07.158,htx,XRP/USDT:USDT,3.1445,869.0,3.14441,39.0,3.14451,2.0,3.14487,132.0
1753769647227,06:14:07.227,htx,XRP/USDT:USDT,3.1445,869.0,3.14441,39.0,3.14451,2.0,3.14487,132.0
1753769647272,06:14:07.272,htx,XRP/USDT:USDT,3.1445,869.0,3.14441,39.0,3.14451,2.0,3.14487,132.0
1753769647296,06:14:07.296,htx,XRP/USDT:USDT,3.1445,869.0,3.14441,39.0,3.14451,2.0,3.14487,132.0
1753769647330,06:14:07.330,htx,XRP/USDT:USDT,3.1445,869.0,3.14441,39.0,3.14451,2.0,3.14487,132.0
1753769647367,06:14:07.367,htx,XRP/USDT:USDT,3.1445,895.0,3.14441,39.0,3.14451,2.0,3.14487,132.0
1753769647451,06:14:07.451,htx,XRP/USDT:USDT,3.1445,869.0,3.14441,39.0,3.14487,132.0,3.14495,39.0
1753769647478,06:14:07.478,htx,XRP/USDT:USDT,3.14486,765.0,3.14465,128.0,3.14487,132.0,3.14495,39.0
1753769647507,06:14:07.507,htx,XRP/USDT:USDT,3.14486,166.0,3.14465,128.0,3.14487,132.0,3.14495,39.0
1753769647536,06:14:07.536,htx,XRP/USDT:USDT,3.14486,128.0,3.14466,39.0,3.14487,132.0,3.14495,39.0
1753769647615,06:14:07.615,htx,XRP/USDT:USDT,3.14486,128.0,3.14482,107.0,3.14487,132.0,3.14495,39.0
1753769647709,06:14:07.709,htx,XRP/USDT:USDT,3.14486,256.0,3.14482,107.0,3.14487,132.0,3.14495,39.0
1753769647723,06:14:07.723,htx,XRP/USDT:USDT,3.14486,256.0,3.14482,107.0,3.14487,132.0,3.14495,39.0
1753769647789,06:14:07.789,htx,XRP/USDT:USDT,3.14486,256.0,3.14482,107.0,3.14487,132.0,3.14495,39.0
1753769647811,06:14:07.811,htx,XRP/USDT:USDT,3.14486,256.0,3.14482,107.0,3.14487,132.0,3.14495,39.0
1753769647954,06:14:07.954,htx,XRP/USDT:USDT,3.14486,256.0,3.14482,107.0,3.14487,132.0,3.14494,80.0
1753769649021,06:14:09.021,htx,XRP/USDT:USDT,3.14486,256.0,3.14482,107.0,3.14487,132.0,3.14494,80.0
1753769649054,06:14:09.054,htx,XRP/USDT:USDT,3.14486,256.0,3.14482,107.0,3.14487,132.0,3.14494,80.0
1753769649066,06:14:09.066,htx,XRP/USDT:USDT,3.14486,196.0,3.14482,107.0,3.14487,156.0,3.14494,80.0
1753769649094,06:14:09.094,htx,XRP/USDT:USDT,3.14486,150.0,3.14482,107.0,3.14487,181.0,3.14493,39.0
1753769649209,06:14:09.209,htx,XRP/USDT:USDT,3.14486,150.0,3.14482,107.0,3.14487,157.0,3.14493,39.0
1753769649296,06:14:09.296,htx,XRP/USDT:USDT,3.14486,150.0,3.14482,107.0,3.14487,181.0,3.14493,39.0
1753769649332,06:14:09.332,htx,XRP/USDT:USDT,3.14486,150.0,3.14482,107.0,3.14487,157.0,3.14493,39.0
1753769649370,06:14:09.370,htx,XRP/USDT:USDT,3.14486,150.0,3.14482,107.0,3.14487,157.0,3.14493,39.0
1753769649512,06:14:09.512,htx,XRP/USDT:USDT,3.14486,150.0,3.14482,107.0,3.14487,157.0,3.14493,39.0
1753769649577,06:14:09.577,htx,XRP/USDT:USDT,3.14486,150.0,3.14482,107.0,3.14487,157.0,3.14493,39.0
1753769650567,06:14:10.567,htx,XRP/USDT:USDT,3.14486,173.0,3.14482,107.0,3.14487,157.0,3.14493,39.0
1753769650881,06:14:10.881,htx,XRP/USDT:USDT,3.14486,173.0,3.14482,107.0,3.14487,157.0,3.14493,39.0
1753769650910,06:14:10.910,htx,XRP/USDT:USDT,3.14486,233.0,3.14482,107.0,3.14487,157.0,3.14493,39.0
1753769650942,06:14:10.942,htx,XRP/USDT:USDT,3.14486,233.0,3.14482,107.0,3.14487,157.0,3.14493,39.0
1753769650956,06:14:10.956,htx,XRP/USDT:USDT,3.14486,233.0,3.14482,107.0,3.14487,157.0,3.14493,39.0
1753769651035,06:14:11.035,htx,XRP/USDT:USDT,3.14486,233.0,3.14482,107.0,3.14487,157.0,3.14493,39.0
1753769651036,06:14:11.036,htx,XRP/USDT:USDT,3.14486,233.0,3.14482,107.0,3.14487,157.0,3.14493,39.0
1753769651053,06:14:11.053,htx,XRP/USDT:USDT,3.14486,233.0,3.14482,107.0,3.14487,157.0,3.14493,39.0
1753769651136,06:14:11.136,htx,XRP/USDT:USDT,3.14486,233.0,3.14482,107.0,3.14487,157.0,3.14493,39.0
1753769651188,06:14:11.188,htx,XRP/USDT:USDT,3.14486,233.0,3.14482,107.0,3.14487,157.0,3.14493,39.0
1753769651208,06:14:11.208,htx,XRP/USDT:USDT,3.14486,272.0,3.14482,107.0,3.14487,157.0,3.14493,39.0
1753769651227,06:14:11.227,htx,XRP/USDT:USDT,3.14486,386.0,3.14482,107.0,3.14487,25.0,3.14495,689.0
1753769651264,06:14:11.264,htx,XRP/USDT:USDT,3.14486,386.0,3.14482,107.0,3.14487,25.0,3.14495,689.0
1753769651284,06:14:11.284,htx,XRP/USDT:USDT,3.14494,500.0,3.14487,95.0,3.14495,689.0,3.14498,107.0
1753769651318,06:14:11.318,htx,XRP/USDT:USDT,3.14494,240.0,3.14487,60.0,3.14495,689.0,3.14498,107.0
1753769651362,06:14:11.362,htx,XRP/USDT:USDT,3.14494,240.0,3.14487,60.0,3.14495,689.0,3.14498,107.0
1753769651695,06:14:11.695,htx,XRP/USDT:USDT,3.14494,240.0,3.14487,60.0,3.14495,689.0,3.14498,107.0
1753769651711,06:14:11.711,htx,XRP/USDT:USDT,3.14495,39.0,3.14494,240.0,3.14498,107.0,3.14502,2.0
1753769651743,06:14:11.743,htx,XRP/USDT:USDT,3.14497,178.0,3.14496,60.0,3.14498,239.0,3.14502,2.0
1753769651769,06:14:11.769,htx,XRP/USDT:USDT,3.14497,178.0,3.14496,60.0,3.14498,239.0,3.14502,2.0
1753769651797,06:14:11.797,htx,XRP/USDT:USDT,3.14497,178.0,3.14496,60.0,3.14498,239.0,3.14502,2.0
1753769651830,06:14:11.830,htx,XRP/USDT:USDT,3.14497,217.0,3.14496,60.0,3.14498,239.0,3.14502,2.0
1753769652233,06:14:12.233,htx,XRP/USDT:USDT,3.14497,217.0,3.14496,60.0,3.14498,239.0,3.14502,2.0
1753769652252,06:14:12.252,htx,XRP/USDT:USDT,3.14497,217.0,3.14496,60.0,3.14498,239.0,3.14502,2.0
1753769652342,06:14:12.342,htx,XRP/USDT:USDT,3.14497,217.0,3.14496,60.0,3.14498,239.0,3.14502,2.0
1753769652577,06:14:12.577,htx,XRP/USDT:USDT,3.14497,217.0,3.14496,60.0,3.14498,239.0,3.14502,2.0
1753769652595,06:14:12.595,htx,XRP/USDT:USDT,3.14497,217.0,3.14496,60.0,3.14498,239.0,3.14502,2.0
1753769652634,06:14:12.634,htx,XRP/USDT:USDT,3.14497,217.0,3.14496,60.0,3.14498,239.0,3.14502,2.0
1753769652635,06:14:12.635,htx,XRP/USDT:USDT,3.14497,217.0,3.14496,60.0,3.14498,239.0,3.14502,2.0
1753769653279,06:14:13.279,htx,XRP/USDT:USDT,3.14497,224.0,3.14486,107.0,3.14498,239.0,3.14502,2.0
1753769653304,06:14:13.304,htx,XRP/USDT:USDT,3.14497,284.0,3.14486,107.0,3.14498,239.0,3.14502,2.0
1753769653531,06:14:13.531,htx,XRP/USDT:USDT,3.14497,284.0,3.14486,107.0,3.14498,239.0,3.14502,2.0
1753769653536,06:14:13.536,htx,XRP/USDT:USDT,3.14497,446.0,3.14486,107.0,3.14498,239.0,3.14502,2.0
1753769653565,06:14:13.565,htx,XRP/USDT:USDT,3.14497,348.0,3.14486,107.0,3.14498,239.0,3.14502,2.0
1753769653762,06:14:13.762,htx,XRP/USDT:USDT,3.14497,284.0,3.14486,107.0,3.14498,239.0,3.14502,2.0
1753769653895,06:14:13.895,htx,XRP/USDT:USDT,3.14497,284.0,3.14486,107.0,3.14498,239.0,3.14502,2.0
1753769654314,06:14:14.314,htx,XRP/USDT:USDT,3.14497,312.0,3.14486,107.0,3.14498,239.0,3.14502,2.0
1753769654327,06:14:14.327,htx,XRP/USDT:USDT,3.14497,284.0,3.14486,107.0,3.14498,239.0,3.14502,2.0
1753769654587,06:14:14.587,htx,XRP/USDT:USDT,3.14497,284.0,3.14486,107.0,3.14498,239.0,3.14502,2.0
1753769654621,06:14:14.621,htx,XRP/USDT:USDT,3.14497,224.0,3.14486,107.0,3.14498,239.0,3.14502,2.0
1753769654692,06:14:14.692,htx,XRP/USDT:USDT,3.14497,224.0,3.14486,107.0,3.14498,239.0,3.14502,2.0
1753769654734,06:14:14.734,htx,XRP/USDT:USDT,3.14497,224.0,3.14486,107.0,3.14498,239.0,3.14502,2.0
1753769654744,06:14:14.744,htx,XRP/USDT:USDT,3.14497,224.0,3.14486,107.0,3.14498,264.0,3.14502,2.0
1753769654786,06:14:14.786,htx,XRP/USDT:USDT,3.14497,224.0,3.14486,107.0,3.14498,264.0,3.14509,194.0
1753769654807,06:14:14.807,htx,XRP/USDT:USDT,3.14497,224.0,3.14486,107.0,3.14498,264.0,3.14509,194.0
1753769654825,06:14:14.825,htx,XRP/USDT:USDT,3.14497,139.0,3.14486,107.0,3.14498,264.0,3.14509,194.0
1753769654859,06:14:14.859,htx,XRP/USDT:USDT,3.14497,132.0,3.14486,107.0,3.14498,314.0,3.14509,194.0
1753769655007,06:14:15.007,htx,XRP/USDT:USDT,3.14497,132.0,3.14486,107.0,3.14498,264.0,3.14509,194.0
1753769655073,06:14:15.073,htx,XRP/USDT:USDT,3.14497,132.0,3.14486,107.0,3.14498,264.0,3.14509,194.0
1753769655095,06:14:15.095,htx,XRP/USDT:USDT,3.14497,132.0,3.14486,107.0,3.14498,264.0,3.14509,194.0
1753769655192,06:14:15.192,htx,XRP/USDT:USDT,3.14497,132.0,3.14486,107.0,3.14498,264.0,3.14509,194.0
1753769655224,06:14:15.224,htx,XRP/USDT:USDT,3.14497,132.0,3.14486,107.0,3.14498,264.0,3.14509,194.0
1753769655357,06:14:15.357,htx,XRP/USDT:USDT,3.14497,132.0,3.14486,107.0,3.14498,264.0,3.14509,194.0
1753769655397,06:14:15.397,htx,XRP/USDT:USDT,3.14497,132.0,3.14486,107.0,3.14498,264.0,3.14509,194.0
1753769656095,06:14:16.095,htx,XRP/USDT:USDT,3.14497,132.0,3.14486,107.0,3.14498,264.0,3.14509,194.0
1753769656459,06:14:16.459,htx,XRP/USDT:USDT,3.14497,132.0,3.14486,107.0,3.14498,264.0,3.14509,194.0
1753769656476,06:14:16.476,htx,XRP/USDT:USDT,3.14497,132.0,3.14486,107.0,3.14498,264.0,3.14509,146.0
1753769656561,06:14:16.561,htx,XRP/USDT:USDT,3.14497,132.0,3.14486,107.0,3.14498,264.0,3.14509,146.0
1753769656578,06:14:16.578,htx,XRP/USDT:USDT,3.14497,132.0,3.14486,107.0,3.14498,264.0,3.14509,200.0
1753769656846,06:14:16.846,htx,XRP/USDT:USDT,3.14497,140.0,3.14486,107.0,3.14498,264.0,3.14509,200.0
