timestamp,time,exchange,symbol,bid1_price,bid1_volume,bid2_price,bid2_volume,ask1_price,ask1_volume,ask2_price,ask2_volume
1753769539000,06:12:19.000,gateio,LTC/USDT:USDT,109.71,38.0,109.7,35.0,109.72,11.0,109.73,1.0
1753769539644,06:12:19.644,gateio,LTC/USDT:USDT,109.71,18.0,109.7,35.0,109.72,11.0,109.73,1.0
1753769539727,06:12:19.727,gateio,LTC/USDT:USDT,109.71,18.0,109.7,44.0,109.72,11.0,109.73,1.0
1753769539786,06:12:19.786,gateio,LTC/USDT:USDT,109.71,50.0,109.7,100.0,109.72,11.0,109.73,1.0
1753769540106,06:12:20.106,gateio,LTC/USDT:USDT,109.71,50.0,109.7,100.0,109.72,11.0,109.73,1.0
1753769540511,06:12:20.511,gateio,LTC/USDT:USDT,109.71,50.0,109.7,100.0,109.72,11.0,109.73,1.0
1753769540760,06:12:20.760,gateio,LTC/USDT:USDT,109.71,245.0,109.7,146.0,109.72,5.0,109.73,1.0
1753769540839,06:12:20.839,gateio,LTC/USDT:USDT,109.71,362.0,109.7,146.0,109.72,5.0,109.73,1.0
1753769541023,06:12:21.023,gateio,LTC/USDT:USDT,109.71,362.0,109.7,146.0,109.72,5.0,109.73,1.0
1753769541201,06:12:21.201,gateio,LTC/USDT:USDT,109.72,63.0,109.71,205.0,109.73,1.0,109.76,115.0
1753769541288,06:12:21.288,gateio,LTC/USDT:USDT,109.72,63.0,109.71,95.0,109.73,1.0,109.76,115.0
1753769541404,06:12:21.404,gateio,LTC/USDT:USDT,109.72,63.0,109.71,95.0,109.73,1.0,109.76,115.0
1753769541658,06:12:21.658,gateio,LTC/USDT:USDT,109.72,63.0,109.71,95.0,109.73,1.0,109.76,115.0
1753769541663,06:12:21.663,gateio,LTC/USDT:USDT,109.72,63.0,109.71,95.0,109.73,1.0,109.76,115.0
1753769541781,06:12:21.781,gateio,LTC/USDT:USDT,109.72,63.0,109.71,95.0,109.73,1.0,109.76,98.0
1753769542024,06:12:22.024,gateio,LTC/USDT:USDT,109.72,63.0,109.71,95.0,109.73,1.0,109.76,98.0
1753769542242,06:12:22.242,gateio,LTC/USDT:USDT,109.72,10.0,109.71,79.0,109.73,1.0,109.76,98.0
1753769542528,06:12:22.528,gateio,LTC/USDT:USDT,109.72,65.0,109.71,79.0,109.73,1.0,109.76,98.0
1753769542573,06:12:22.573,gateio,LTC/USDT:USDT,109.72,65.0,109.71,79.0,109.73,1.0,109.76,98.0
1753769542904,06:12:22.904,gateio,LTC/USDT:USDT,109.72,65.0,109.71,79.0,109.73,1.0,109.76,98.0
1753769543115,06:12:23.115,gateio,LTC/USDT:USDT,109.72,65.0,109.71,79.0,109.73,1.0,109.76,98.0
1753769543699,06:12:23.699,gateio,LTC/USDT:USDT,109.72,65.0,109.71,56.0,109.73,1.0,109.76,98.0
1753769543802,06:12:23.802,gateio,LTC/USDT:USDT,109.72,65.0,109.71,56.0,109.73,1.0,109.76,98.0
1753769543887,06:12:23.887,gateio,LTC/USDT:USDT,109.72,65.0,109.71,56.0,109.73,1.0,109.76,98.0
1753769544005,06:12:24.005,gateio,LTC/USDT:USDT,109.72,65.0,109.71,56.0,109.73,1.0,109.76,98.0
1753769544212,06:12:24.212,gateio,LTC/USDT:USDT,109.72,81.0,109.71,84.0,109.73,1.0,109.76,98.0
1753769544302,06:12:24.302,gateio,LTC/USDT:USDT,109.72,81.0,109.71,84.0,109.73,1.0,109.76,98.0
1753769544505,06:12:24.505,gateio,LTC/USDT:USDT,109.72,81.0,109.71,84.0,109.73,1.0,109.76,98.0
1753769544748,06:12:24.748,gateio,LTC/USDT:USDT,109.72,81.0,109.71,84.0,109.73,1.0,109.76,98.0
1753769544763,06:12:24.763,gateio,LTC/USDT:USDT,109.72,81.0,109.71,84.0,109.73,1.0,109.76,98.0
1753769545059,06:12:25.059,gateio,LTC/USDT:USDT,109.72,81.0,109.71,84.0,109.73,1.0,109.76,98.0
1753769545063,06:12:25.063,gateio,LTC/USDT:USDT,109.72,81.0,109.71,84.0,109.73,1.0,109.76,98.0
1753769545203,06:12:25.203,gateio,LTC/USDT:USDT,109.72,81.0,109.71,84.0,109.73,1.0,109.76,98.0
1753769545394,06:12:25.394,gateio,LTC/USDT:USDT,109.72,81.0,109.71,84.0,109.73,1.0,109.76,98.0
1753769546432,06:12:26.432,gateio,LTC/USDT:USDT,109.72,10.0,109.7,150.0,109.73,1.0,109.75,22.0
1753769546469,06:12:26.469,gateio,LTC/USDT:USDT,109.72,10.0,109.7,150.0,109.73,1.0,109.75,22.0
1753769546751,06:12:26.751,gateio,LTC/USDT:USDT,109.72,10.0,109.7,150.0,109.73,1.0,109.75,39.0
1753769546924,06:12:26.924,gateio,LTC/USDT:USDT,109.72,10.0,109.71,23.0,109.73,1.0,109.75,39.0
1753769547005,06:12:27.005,gateio,LTC/USDT:USDT,109.72,10.0,109.71,23.0,109.73,1.0,109.75,39.0
1753769547351,06:12:27.351,gateio,LTC/USDT:USDT,109.72,10.0,109.71,23.0,109.73,1.0,109.75,17.0
1753769547689,06:12:27.689,gateio,LTC/USDT:USDT,109.72,10.0,109.71,23.0,109.73,1.0,109.75,17.0
1753769548260,06:12:28.260,gateio,LTC/USDT:USDT,109.72,10.0,109.71,23.0,109.73,1.0,109.75,17.0
1753769548268,06:12:28.268,gateio,LTC/USDT:USDT,109.72,10.0,109.71,23.0,109.73,1.0,109.75,17.0
1753769548472,06:12:28.472,gateio,LTC/USDT:USDT,109.72,10.0,109.71,23.0,109.73,1.0,109.75,17.0
1753769548585,06:12:28.585,gateio,LTC/USDT:USDT,109.72,10.0,109.71,23.0,109.74,55.0,109.75,17.0
1753769548744,06:12:28.744,gateio,LTC/USDT:USDT,109.72,10.0,109.71,23.0,109.74,55.0,109.75,17.0
1753769548937,06:12:28.937,gateio,LTC/USDT:USDT,109.72,10.0,109.71,23.0,109.74,55.0,109.75,17.0
1753769549048,06:12:29.048,gateio,LTC/USDT:USDT,109.72,10.0,109.71,23.0,109.74,55.0,109.75,17.0
1753769549154,06:12:29.154,gateio,LTC/USDT:USDT,109.72,10.0,109.71,23.0,109.74,55.0,109.75,17.0
1753769549423,06:12:29.423,gateio,LTC/USDT:USDT,109.72,9.0,109.7,8.0,109.73,55.0,109.74,116.0
1753769549736,06:12:29.736,gateio,LTC/USDT:USDT,109.72,9.0,109.7,8.0,109.73,55.0,109.74,116.0
1753769550053,06:12:30.053,gateio,LTC/USDT:USDT,109.72,9.0,109.7,8.0,109.73,55.0,109.74,94.0
1753769550151,06:12:30.151,gateio,LTC/USDT:USDT,109.72,9.0,109.7,8.0,109.73,55.0,109.74,94.0
1753769550259,06:12:30.259,gateio,LTC/USDT:USDT,109.72,9.0,109.7,30.0,109.73,55.0,109.74,40.0
1753769550343,06:12:30.343,gateio,LTC/USDT:USDT,109.72,9.0,109.7,8.0,109.73,55.0,109.74,40.0
1753769550510,06:12:30.510,gateio,LTC/USDT:USDT,109.72,9.0,109.7,8.0,109.73,55.0,109.74,40.0
1753769551552,06:12:31.552,gateio,LTC/USDT:USDT,109.74,74.0,109.72,45.0,109.77,72.0,109.78,349.0
1753769551625,06:12:31.625,gateio,LTC/USDT:USDT,109.74,19.0,109.72,45.0,109.76,55.0,109.77,17.0
1753769552055,06:12:32.055,gateio,LTC/USDT:USDT,109.74,19.0,109.72,45.0,109.76,55.0,109.77,17.0
1753769552063,06:12:32.063,gateio,LTC/USDT:USDT,109.74,19.0,109.72,45.0,109.76,55.0,109.77,17.0
1753769552343,06:12:32.343,gateio,LTC/USDT:USDT,109.74,19.0,109.72,45.0,109.77,17.0,109.78,370.0
1753769552443,06:12:32.443,gateio,LTC/USDT:USDT,109.74,19.0,109.72,45.0,109.77,17.0,109.78,370.0
1753769552492,06:12:32.492,gateio,LTC/USDT:USDT,109.74,19.0,109.72,22.0,109.76,55.0,109.77,17.0
1753769552617,06:12:32.617,gateio,LTC/USDT:USDT,109.74,19.0,109.72,22.0,109.76,55.0,109.77,17.0
1753769552725,06:12:32.725,gateio,LTC/USDT:USDT,109.74,19.0,109.72,22.0,109.76,55.0,109.77,17.0
1753769553061,06:12:33.061,gateio,LTC/USDT:USDT,109.74,19.0,109.72,22.0,109.76,55.0,109.77,17.0
1753769553260,06:12:33.260,gateio,LTC/USDT:USDT,109.75,8.0,109.74,9.0,109.77,17.0,109.78,370.0
1753769553464,06:12:33.464,gateio,LTC/USDT:USDT,109.75,10.0,109.74,54.0,109.77,55.0,109.78,348.0
1753769553659,06:12:33.659,gateio,LTC/USDT:USDT,109.75,65.0,109.74,54.0,109.78,348.0,109.79,1159.0
1753769553760,06:12:33.760,gateio,LTC/USDT:USDT,109.75,65.0,109.74,54.0,109.77,55.0,109.78,81.0
1753769553846,06:12:33.846,gateio,LTC/USDT:USDT,109.75,10.0,109.74,54.0,109.77,55.0,109.78,81.0
1753769553927,06:12:33.927,gateio,LTC/USDT:USDT,109.75,10.0,109.74,54.0,109.77,55.0,109.78,81.0
1753769553990,06:12:33.990,gateio,LTC/USDT:USDT,109.75,10.0,109.74,54.0,109.77,55.0,109.78,81.0
1753769554147,06:12:34.147,gateio,LTC/USDT:USDT,109.75,8.0,109.74,54.0,109.77,55.0,109.78,81.0
1753769554247,06:12:34.247,gateio,LTC/USDT:USDT,109.75,8.0,109.74,54.0,109.77,55.0,109.78,81.0
1753769554288,06:12:34.288,gateio,LTC/USDT:USDT,109.75,8.0,109.74,32.0,109.77,55.0,109.78,81.0
1753769554455,06:12:34.455,gateio,LTC/USDT:USDT,109.75,8.0,109.74,32.0,109.77,55.0,109.78,81.0
1753769554523,06:12:34.523,gateio,LTC/USDT:USDT,109.75,8.0,109.74,9.0,109.77,55.0,109.78,81.0
1753769554720,06:12:34.720,gateio,LTC/USDT:USDT,109.75,8.0,109.74,9.0,109.77,55.0,109.78,81.0
1753769554845,06:12:34.845,gateio,LTC/USDT:USDT,109.75,8.0,109.74,9.0,109.77,55.0,109.78,81.0
1753769554936,06:12:34.936,gateio,LTC/USDT:USDT,109.75,8.0,109.74,39.0,109.77,55.0,109.78,81.0
1753769555055,06:12:35.055,gateio,LTC/USDT:USDT,109.75,8.0,109.74,39.0,109.77,55.0,109.78,81.0
1753769555110,06:12:35.110,gateio,LTC/USDT:USDT,109.75,8.0,109.74,39.0,109.77,55.0,109.78,81.0
1753769555243,06:12:35.243,gateio,LTC/USDT:USDT,109.75,8.0,109.74,39.0,109.77,55.0,109.78,81.0
1753769555319,06:12:35.319,gateio,LTC/USDT:USDT,109.75,8.0,109.74,39.0,109.77,55.0,109.78,81.0
1753769555450,06:12:35.450,gateio,LTC/USDT:USDT,109.74,47.0,109.73,99.0,109.77,55.0,109.78,132.0
1753769555548,06:12:35.548,gateio,LTC/USDT:USDT,109.75,8.0,109.74,39.0,109.76,55.0,109.77,44.0
1753769555733,06:12:35.733,gateio,LTC/USDT:USDT,109.75,8.0,109.74,32.0,109.77,55.0,109.78,132.0
1753769555813,06:12:35.813,gateio,LTC/USDT:USDT,109.75,8.0,109.74,32.0,109.77,55.0,109.78,132.0
1753769555941,06:12:35.941,gateio,LTC/USDT:USDT,109.75,8.0,109.74,32.0,109.77,55.0,109.78,132.0
1753769556010,06:12:36.010,gateio,LTC/USDT:USDT,109.75,8.0,109.74,32.0,109.77,55.0,109.78,132.0
1753769556143,06:12:36.143,gateio,LTC/USDT:USDT,109.75,8.0,109.74,32.0,109.77,55.0,109.78,132.0
1753769556243,06:12:36.243,gateio,LTC/USDT:USDT,109.75,8.0,109.74,32.0,109.77,55.0,109.78,132.0
1753769556857,06:12:36.857,gateio,LTC/USDT:USDT,109.75,8.0,109.74,32.0,109.77,55.0,109.78,132.0
1753769556959,06:12:36.959,gateio,LTC/USDT:USDT,109.75,8.0,109.74,32.0,109.77,55.0,109.78,132.0
1753769557106,06:12:37.106,gateio,LTC/USDT:USDT,109.75,8.0,109.74,32.0,109.77,55.0,109.78,132.0
1753769557241,06:12:37.241,gateio,LTC/USDT:USDT,109.75,8.0,109.74,32.0,109.77,55.0,109.78,132.0
1753769557631,06:12:37.631,gateio,LTC/USDT:USDT,109.75,8.0,109.74,32.0,109.77,55.0,109.78,132.0
1753769557733,06:12:37.733,gateio,LTC/USDT:USDT,109.75,8.0,109.74,32.0,109.77,55.0,109.78,132.0
1753769557860,06:12:37.860,gateio,LTC/USDT:USDT,109.75,8.0,109.74,32.0,109.77,55.0,109.78,132.0
1753769557954,06:12:37.954,gateio,LTC/USDT:USDT,109.75,8.0,109.74,32.0,109.77,55.0,109.78,132.0
1753769558022,06:12:38.022,gateio,LTC/USDT:USDT,109.75,8.0,109.74,32.0,109.77,55.0,109.78,132.0
1753769558156,06:12:38.156,gateio,LTC/USDT:USDT,109.75,8.0,109.74,32.0,109.77,55.0,109.78,132.0
1753769558346,06:12:38.346,gateio,LTC/USDT:USDT,109.74,32.0,109.73,77.0,109.77,55.0,109.78,132.0
1753769558443,06:12:38.443,gateio,LTC/USDT:USDT,109.74,40.0,109.73,99.0,109.77,55.0,109.78,154.0
1753769558467,06:12:38.467,gateio,LTC/USDT:USDT,109.74,40.0,109.73,99.0,109.77,55.0,109.78,154.0
1753769558660,06:12:38.660,gateio,LTC/USDT:USDT,109.74,40.0,109.73,99.0,109.77,55.0,109.78,154.0
1753769558759,06:12:38.759,gateio,LTC/USDT:USDT,109.74,40.0,109.73,99.0,109.77,55.0,109.78,154.0
1753769558855,06:12:38.855,gateio,LTC/USDT:USDT,109.74,40.0,109.73,99.0,109.77,55.0,109.78,154.0
1753769558912,06:12:38.912,gateio,LTC/USDT:USDT,109.74,40.0,109.73,99.0,109.77,55.0,109.78,154.0
1753769559044,06:12:39.044,gateio,LTC/USDT:USDT,109.74,40.0,109.73,99.0,109.77,55.0,109.78,154.0
1753769559110,06:12:39.110,gateio,LTC/USDT:USDT,109.74,40.0,109.73,99.0,109.77,55.0,109.78,154.0
1753769559238,06:12:39.238,gateio,LTC/USDT:USDT,109.74,40.0,109.73,99.0,109.77,55.0,109.78,154.0
1753769559334,06:12:39.334,gateio,LTC/USDT:USDT,109.74,17.0,109.73,55.0,109.76,55.0,109.77,22.0
1753769559517,06:12:39.517,gateio,LTC/USDT:USDT,109.74,17.0,109.73,55.0,109.76,55.0,109.77,22.0
1753769559722,06:12:39.722,gateio,LTC/USDT:USDT,109.74,17.0,109.73,77.0,109.76,55.0,109.77,22.0
1753769559780,06:12:39.780,gateio,LTC/USDT:USDT,109.74,17.0,109.73,99.0,109.76,55.0,109.77,22.0
1753769559868,06:12:39.868,gateio,LTC/USDT:USDT,109.74,17.0,109.73,99.0,109.76,55.0,109.78,132.0
1753769560259,06:12:40.259,gateio,LTC/USDT:USDT,109.74,17.0,109.73,99.0,109.76,55.0,109.78,154.0
1753769560620,06:12:40.620,gateio,LTC/USDT:USDT,109.74,17.0,109.73,99.0,109.76,55.0,109.78,154.0
1753769560745,06:12:40.745,gateio,LTC/USDT:USDT,109.75,8.0,109.74,9.0,109.76,55.0,109.78,154.0
1753769560845,06:12:40.845,gateio,LTC/USDT:USDT,109.75,8.0,109.74,9.0,109.77,55.0,109.78,154.0
1753769560941,06:12:40.941,gateio,LTC/USDT:USDT,109.74,17.0,109.73,77.0,109.77,55.0,109.78,176.0
1753769561136,06:12:41.136,gateio,LTC/USDT:USDT,109.74,17.0,109.73,77.0,109.77,55.0,109.78,176.0
1753769561261,06:12:41.261,gateio,LTC/USDT:USDT,109.74,17.0,109.73,77.0,109.77,55.0,109.78,176.0
1753769561354,06:12:41.354,gateio,LTC/USDT:USDT,109.74,17.0,109.73,77.0,109.77,55.0,109.78,176.0
1753769561428,06:12:41.428,gateio,LTC/USDT:USDT,109.74,17.0,109.73,77.0,109.77,55.0,109.78,154.0
1753769561464,06:12:41.464,gateio,LTC/USDT:USDT,109.74,17.0,109.73,77.0,109.77,55.0,109.78,154.0
1753769561593,06:12:41.593,gateio,LTC/USDT:USDT,109.74,17.0,109.73,77.0,109.77,55.0,109.78,154.0
1753769561759,06:12:41.759,gateio,LTC/USDT:USDT,109.74,72.0,109.73,22.0,109.77,55.0,109.78,154.0
1753769561828,06:12:41.828,gateio,LTC/USDT:USDT,109.74,17.0,109.73,77.0,109.77,55.0,109.78,154.0
1753769561942,06:12:41.942,gateio,LTC/USDT:USDT,109.74,17.0,109.73,77.0,109.77,55.0,109.78,154.0
1753769562051,06:12:42.051,gateio,LTC/USDT:USDT,109.74,17.0,109.73,347.0,109.77,55.0,109.78,154.0
1753769562126,06:12:42.126,gateio,LTC/USDT:USDT,109.74,17.0,109.73,347.0,109.77,55.0,109.78,154.0
1753769562230,06:12:42.230,gateio,LTC/USDT:USDT,109.74,17.0,109.73,347.0,109.77,55.0,109.78,154.0
1753769562306,06:12:42.306,gateio,LTC/USDT:USDT,109.74,17.0,109.73,347.0,109.77,55.0,109.78,154.0
1753769562426,06:12:42.426,gateio,LTC/USDT:USDT,109.74,17.0,109.73,347.0,109.77,55.0,109.78,154.0
1753769562532,06:12:42.532,gateio,LTC/USDT:USDT,109.74,17.0,109.73,347.0,109.77,55.0,109.78,154.0
1753769562659,06:12:42.659,gateio,LTC/USDT:USDT,109.74,121.0,109.73,347.0,109.77,55.0,109.78,154.0
1753769562688,06:12:42.688,gateio,LTC/USDT:USDT,109.74,121.0,109.73,347.0,109.77,55.0,109.78,154.0
1753769562803,06:12:42.803,gateio,LTC/USDT:USDT,109.74,121.0,109.73,347.0,109.77,55.0,109.78,154.0
1753769563043,06:12:43.043,gateio,LTC/USDT:USDT,109.74,121.0,109.73,347.0,109.77,55.0,109.78,154.0
1753769563144,06:12:43.144,gateio,LTC/USDT:USDT,109.74,121.0,109.73,347.0,109.77,55.0,109.78,154.0
1753769563247,06:12:43.247,gateio,LTC/USDT:USDT,109.74,121.0,109.73,347.0,109.77,55.0,109.78,154.0
1753769563304,06:12:43.304,gateio,LTC/USDT:USDT,109.75,8.0,109.74,113.0,109.77,55.0,109.78,154.0
1753769563457,06:12:43.457,gateio,LTC/USDT:USDT,109.75,8.0,109.74,113.0,109.77,55.0,109.78,154.0
1753769563638,06:12:43.638,gateio,LTC/USDT:USDT,109.75,8.0,109.74,113.0,109.77,55.0,109.78,154.0
1753769563718,06:12:43.718,gateio,LTC/USDT:USDT,109.75,8.0,109.74,113.0,109.77,55.0,109.78,154.0
1753769563805,06:12:43.805,gateio,LTC/USDT:USDT,109.75,8.0,109.74,113.0,109.77,55.0,109.78,154.0
1753769563964,06:12:43.964,gateio,LTC/USDT:USDT,109.75,8.0,109.74,113.0,109.77,55.0,109.78,154.0
1753769564122,06:12:44.122,gateio,LTC/USDT:USDT,109.75,8.0,109.74,113.0,109.77,55.0,109.78,154.0
1753769564250,06:12:44.250,gateio,LTC/USDT:USDT,109.75,8.0,109.74,113.0,109.77,55.0,109.78,154.0
1753769564327,06:12:44.327,gateio,LTC/USDT:USDT,109.75,8.0,109.74,113.0,109.77,55.0,109.78,154.0
1753769564425,06:12:44.425,gateio,LTC/USDT:USDT,109.75,8.0,109.74,113.0,109.77,55.0,109.78,154.0
1753769564494,06:12:44.494,gateio,LTC/USDT:USDT,109.75,8.0,109.74,113.0,109.77,55.0,109.78,154.0
1753769564623,06:12:44.623,gateio,LTC/USDT:USDT,109.75,8.0,109.74,113.0,109.77,55.0,109.78,154.0
1753769564664,06:12:44.664,gateio,LTC/USDT:USDT,109.75,8.0,109.74,113.0,109.77,55.0,109.78,154.0
1753769564804,06:12:44.804,gateio,LTC/USDT:USDT,109.75,8.0,109.74,113.0,109.77,55.0,109.78,154.0
1753769564884,06:12:44.884,gateio,LTC/USDT:USDT,109.75,8.0,109.74,113.0,109.77,55.0,109.78,154.0
1753769564966,06:12:44.966,gateio,LTC/USDT:USDT,109.75,8.0,109.74,113.0,109.77,55.0,109.78,154.0
1753769565131,06:12:45.131,gateio,LTC/USDT:USDT,109.75,8.0,109.74,113.0,109.77,55.0,109.78,154.0
1753769565212,06:12:45.212,gateio,LTC/USDT:USDT,109.75,8.0,109.74,113.0,109.77,55.0,109.78,154.0
1753769565316,06:12:45.316,gateio,LTC/USDT:USDT,109.75,8.0,109.74,113.0,109.77,55.0,109.78,154.0
1753769565453,06:12:45.453,gateio,LTC/USDT:USDT,109.75,61.0,109.74,113.0,109.78,154.0,109.79,396.0
1753769565560,06:12:45.560,gateio,LTC/USDT:USDT,109.75,61.0,109.74,113.0,109.78,154.0,109.79,418.0
1753769565651,06:12:45.651,gateio,LTC/USDT:USDT,109.75,61.0,109.74,113.0,109.78,154.0,109.79,396.0
1753769565701,06:12:45.701,gateio,LTC/USDT:USDT,109.75,61.0,109.74,113.0,109.78,154.0,109.79,396.0
1753769565853,06:12:45.853,gateio,LTC/USDT:USDT,109.75,61.0,109.74,113.0,109.78,103.0,109.79,350.0
1753769565949,06:12:45.949,gateio,LTC/USDT:USDT,109.75,61.0,109.74,113.0,109.78,81.0,109.79,372.0
1753769566008,06:12:46.008,gateio,LTC/USDT:USDT,109.75,61.0,109.74,113.0,109.78,81.0,109.79,372.0
1753769566157,06:12:46.157,gateio,LTC/USDT:USDT,109.75,61.0,109.74,113.0,109.78,81.0,109.79,372.0
1753769566251,06:12:46.251,gateio,LTC/USDT:USDT,109.75,61.0,109.74,113.0,109.78,81.0,109.79,372.0
1753769566323,06:12:46.323,gateio,LTC/USDT:USDT,109.75,61.0,109.74,113.0,109.78,81.0,109.79,394.0
1753769566447,06:12:46.447,gateio,LTC/USDT:USDT,109.75,61.0,109.74,113.0,109.78,81.0,109.79,372.0
1753769566547,06:12:46.547,gateio,LTC/USDT:USDT,109.75,61.0,109.74,113.0,109.78,81.0,109.79,372.0
1753769566660,06:12:46.660,gateio,LTC/USDT:USDT,109.75,61.0,109.74,113.0,109.78,81.0,109.79,394.0
1753769566730,06:12:46.730,gateio,LTC/USDT:USDT,109.75,61.0,109.74,113.0,109.78,81.0,109.79,394.0
1753769566824,06:12:46.824,gateio,LTC/USDT:USDT,109.75,61.0,109.74,113.0,109.78,81.0,109.79,394.0
1753769566958,06:12:46.958,gateio,LTC/USDT:USDT,109.75,61.0,109.74,113.0,109.78,81.0,109.79,394.0
1753769567038,06:12:47.038,gateio,LTC/USDT:USDT,109.75,61.0,109.74,113.0,109.78,81.0,109.79,394.0
1753769567208,06:12:47.208,gateio,LTC/USDT:USDT,109.75,61.0,109.74,113.0,109.78,81.0,109.79,372.0
1753769567343,06:12:47.343,gateio,LTC/USDT:USDT,109.75,61.0,109.74,113.0,109.78,81.0,109.79,372.0
1753769567461,06:12:47.461,gateio,LTC/USDT:USDT,109.75,61.0,109.74,113.0,109.78,81.0,109.79,372.0
1753769567556,06:12:47.556,gateio,LTC/USDT:USDT,109.75,61.0,109.74,113.0,109.78,81.0,109.79,372.0
1753769567563,06:12:47.563,gateio,LTC/USDT:USDT,109.75,61.0,109.74,113.0,109.78,81.0,109.79,372.0
1753769567761,06:12:47.761,gateio,LTC/USDT:USDT,109.75,61.0,109.74,113.0,109.78,81.0,109.79,372.0
1753769567805,06:12:47.805,gateio,LTC/USDT:USDT,109.75,61.0,109.74,113.0,109.78,81.0,109.79,372.0
1753769567938,06:12:47.938,gateio,LTC/USDT:USDT,109.75,61.0,109.74,113.0,109.78,81.0,109.79,372.0
1753769568010,06:12:48.010,gateio,LTC/USDT:USDT,109.75,61.0,109.74,113.0,109.78,92.0,109.79,372.0
1753769568155,06:12:48.155,gateio,LTC/USDT:USDT,109.75,61.0,109.74,113.0,109.78,92.0,109.79,372.0
1753769568254,06:12:48.254,gateio,LTC/USDT:USDT,109.75,61.0,109.74,113.0,109.78,92.0,109.79,372.0
1753769568271,06:12:48.271,gateio,LTC/USDT:USDT,109.75,61.0,109.74,113.0,109.78,92.0,109.79,372.0
1753769568417,06:12:48.417,gateio,LTC/USDT:USDT,109.75,61.0,109.74,113.0,109.78,92.0,109.79,372.0
1753769568486,06:12:48.486,gateio,LTC/USDT:USDT,109.75,61.0,109.74,113.0,109.78,92.0,109.79,372.0
1753769568658,06:12:48.658,gateio,LTC/USDT:USDT,109.75,61.0,109.74,113.0,109.78,92.0,109.79,372.0
1753769568716,06:12:48.716,gateio,LTC/USDT:USDT,109.75,61.0,109.74,113.0,109.78,92.0,109.79,372.0
1753769568786,06:12:48.786,gateio,LTC/USDT:USDT,109.75,61.0,109.74,113.0,109.78,92.0,109.79,372.0
1753769568954,06:12:48.954,gateio,LTC/USDT:USDT,109.75,61.0,109.74,113.0,109.78,92.0,109.79,372.0
1753769569007,06:12:49.007,gateio,LTC/USDT:USDT,109.75,61.0,109.74,113.0,109.78,92.0,109.79,372.0
1753769569147,06:12:49.147,gateio,LTC/USDT:USDT,109.75,61.0,109.74,113.0,109.78,92.0,109.79,372.0
1753769569320,06:12:49.320,gateio,LTC/USDT:USDT,109.75,61.0,109.74,113.0,109.78,92.0,109.79,372.0
1753769569430,06:12:49.430,gateio,LTC/USDT:USDT,109.75,61.0,109.74,113.0,109.78,92.0,109.79,394.0
1753769569544,06:12:49.544,gateio,LTC/USDT:USDT,109.75,61.0,109.74,113.0,109.78,92.0,109.79,394.0
1753769569657,06:12:49.657,gateio,LTC/USDT:USDT,109.75,61.0,109.74,113.0,109.78,92.0,109.79,372.0
1753769569711,06:12:49.711,gateio,LTC/USDT:USDT,109.75,61.0,109.74,113.0,109.78,92.0,109.79,372.0
1753769569786,06:12:49.786,gateio,LTC/USDT:USDT,109.75,61.0,109.74,113.0,109.78,92.0,109.79,372.0
1753769569950,06:12:49.950,gateio,LTC/USDT:USDT,109.75,61.0,109.74,113.0,109.78,92.0,109.79,372.0
1753769570044,06:12:50.044,gateio,LTC/USDT:USDT,109.75,76.0,109.74,113.0,109.78,70.0,109.79,372.0
1753769570116,06:12:50.116,gateio,LTC/USDT:USDT,109.75,76.0,109.74,113.0,109.78,70.0,109.79,372.0
1753769570291,06:12:50.291,gateio,LTC/USDT:USDT,109.75,76.0,109.74,113.0,109.78,70.0,109.79,372.0
1753769570456,06:12:50.456,gateio,LTC/USDT:USDT,109.75,61.0,109.74,113.0,109.78,70.0,109.79,372.0
1753769570528,06:12:50.528,gateio,LTC/USDT:USDT,109.75,61.0,109.74,113.0,109.78,108.0,109.79,372.0
1753769570610,06:12:50.610,gateio,LTC/USDT:USDT,109.75,61.0,109.74,113.0,109.78,108.0,109.79,372.0
1753769570839,06:12:50.839,gateio,LTC/USDT:USDT,109.75,61.0,109.74,113.0,109.78,108.0,109.79,372.0
1753769570918,06:12:50.918,gateio,LTC/USDT:USDT,109.75,61.0,109.74,113.0,109.78,108.0,109.79,372.0
1753769571004,06:12:51.004,gateio,LTC/USDT:USDT,109.75,61.0,109.74,113.0,109.78,108.0,109.79,372.0
1753769571067,06:12:51.067,gateio,LTC/USDT:USDT,109.75,61.0,109.74,113.0,109.78,108.0,109.79,372.0
1753769571248,06:12:51.248,gateio,LTC/USDT:USDT,109.75,61.0,109.74,113.0,109.78,108.0,109.79,372.0
1753769571451,06:12:51.451,gateio,LTC/USDT:USDT,109.75,61.0,109.74,113.0,109.78,108.0,109.79,372.0
1753769571624,06:12:51.624,gateio,LTC/USDT:USDT,109.75,61.0,109.74,113.0,109.78,108.0,109.79,372.0
1753769571724,06:12:51.724,gateio,LTC/USDT:USDT,109.75,61.0,109.74,113.0,109.78,108.0,109.79,372.0
1753769571845,06:12:51.845,gateio,LTC/USDT:USDT,109.75,61.0,109.74,113.0,109.78,108.0,109.79,372.0
1753769572021,06:12:52.021,gateio,LTC/USDT:USDT,109.75,61.0,109.74,113.0,109.78,108.0,109.79,372.0
1753769572128,06:12:52.128,gateio,LTC/USDT:USDT,109.75,61.0,109.74,113.0,109.78,108.0,109.79,372.0
1753769572259,06:12:52.259,gateio,LTC/USDT:USDT,109.75,61.0,109.74,113.0,109.78,108.0,109.79,372.0
1753769572312,06:12:52.312,gateio,LTC/USDT:USDT,109.75,61.0,109.74,113.0,109.78,108.0,109.79,372.0
1753769572458,06:12:52.458,gateio,LTC/USDT:USDT,109.75,61.0,109.74,113.0,109.78,108.0,109.79,372.0
1753769572515,06:12:52.515,gateio,LTC/USDT:USDT,109.75,61.0,109.74,113.0,109.78,108.0,109.79,372.0
1753769572588,06:12:52.588,gateio,LTC/USDT:USDT,109.75,61.0,109.74,113.0,109.78,108.0,109.79,372.0
1753769572733,06:12:52.733,gateio,LTC/USDT:USDT,109.75,61.0,109.74,113.0,109.78,108.0,109.79,372.0
1753769572856,06:12:52.856,gateio,LTC/USDT:USDT,109.75,61.0,109.74,113.0,109.78,108.0,109.79,372.0
1753769572868,06:12:52.868,gateio,LTC/USDT:USDT,109.75,61.0,109.74,113.0,109.78,108.0,109.79,372.0
1753769573025,06:12:53.025,gateio,LTC/USDT:USDT,109.75,61.0,109.74,113.0,109.78,108.0,109.79,372.0
1753769573088,06:12:53.088,gateio,LTC/USDT:USDT,109.75,61.0,109.74,113.0,109.78,108.0,109.79,372.0
1753769573239,06:12:53.239,gateio,LTC/USDT:USDT,109.75,61.0,109.74,113.0,109.78,108.0,109.79,372.0
1753769573309,06:12:53.309,gateio,LTC/USDT:USDT,109.75,61.0,109.74,113.0,109.78,108.0,109.79,372.0
1753769573456,06:12:53.456,gateio,LTC/USDT:USDT,109.75,61.0,109.74,113.0,109.78,108.0,109.79,372.0
1753769573467,06:12:53.467,gateio,LTC/USDT:USDT,109.75,61.0,109.74,113.0,109.78,108.0,109.79,372.0
1753769573583,06:12:53.583,gateio,LTC/USDT:USDT,109.75,61.0,109.74,113.0,109.78,108.0,109.79,372.0
1753769573825,06:12:53.825,gateio,LTC/USDT:USDT,109.75,61.0,109.74,113.0,109.78,108.0,109.79,372.0
1753769573881,06:12:53.881,gateio,LTC/USDT:USDT,109.75,61.0,109.74,113.0,109.78,108.0,109.79,372.0
1753769574008,06:12:54.008,gateio,LTC/USDT:USDT,109.75,61.0,109.74,113.0,109.78,108.0,109.79,418.0
1753769574068,06:12:54.068,gateio,LTC/USDT:USDT,109.75,61.0,109.74,113.0,109.78,108.0,109.79,418.0
1753769574356,06:12:54.356,gateio,LTC/USDT:USDT,109.75,61.0,109.74,113.0,109.78,108.0,109.79,418.0
1753769574423,06:12:54.423,gateio,LTC/USDT:USDT,109.75,61.0,109.74,113.0,109.78,108.0,109.79,418.0
1753769574489,06:12:54.489,gateio,LTC/USDT:USDT,109.75,61.0,109.74,113.0,109.78,108.0,109.79,418.0
1753769574627,06:12:54.627,gateio,LTC/USDT:USDT,109.75,61.0,109.74,113.0,109.78,108.0,109.79,418.0
1753769574810,06:12:54.810,gateio,LTC/USDT:USDT,109.75,61.0,109.74,113.0,109.78,108.0,109.79,418.0
1753769574886,06:12:54.886,gateio,LTC/USDT:USDT,109.75,61.0,109.74,113.0,109.78,108.0,109.79,418.0
1753769575043,06:12:55.043,gateio,LTC/USDT:USDT,109.75,61.0,109.74,113.0,109.78,108.0,109.79,418.0
1753769575227,06:12:55.227,gateio,LTC/USDT:USDT,109.75,61.0,109.74,113.0,109.78,108.0,109.79,418.0
1753769575343,06:12:55.343,gateio,LTC/USDT:USDT,109.75,61.0,109.74,113.0,109.78,108.0,109.79,418.0
1753769575452,06:12:55.452,gateio,LTC/USDT:USDT,109.75,61.0,109.74,113.0,109.78,108.0,109.79,418.0
1753769575514,06:12:55.514,gateio,LTC/USDT:USDT,109.75,61.0,109.74,113.0,109.78,108.0,109.79,418.0
1753769575760,06:12:55.760,gateio,LTC/USDT:USDT,109.76,18.0,109.75,30.0,109.78,11.0,109.79,54.0
1753769575849,06:12:55.849,gateio,LTC/USDT:USDT,109.77,8.0,109.75,93.0,109.78,11.0,109.79,54.0
1753769575959,06:12:55.959,gateio,LTC/USDT:USDT,109.75,108.0,109.74,182.0,109.78,11.0,109.79,54.0
1753769576031,06:12:56.031,gateio,LTC/USDT:USDT,109.77,8.0,109.75,30.0,109.78,11.0,109.79,54.0
1753769576129,06:12:56.129,gateio,LTC/USDT:USDT,109.77,8.0,109.75,86.0,109.78,11.0,109.79,54.0
1753769576242,06:12:56.242,gateio,LTC/USDT:USDT,109.77,8.0,109.75,86.0,109.78,11.0,109.79,54.0
1753769576330,06:12:56.330,gateio,LTC/USDT:USDT,109.77,8.0,109.75,86.0,109.78,11.0,109.79,54.0
1753769576444,06:12:56.444,gateio,LTC/USDT:USDT,109.77,8.0,109.75,86.0,109.78,11.0,109.79,54.0
1753769576524,06:12:56.524,gateio,LTC/USDT:USDT,109.77,8.0,109.75,86.0,109.78,11.0,109.79,54.0
1753769576621,06:12:56.621,gateio,LTC/USDT:USDT,109.77,8.0,109.75,86.0,109.78,11.0,109.79,54.0
1753769576677,06:12:56.677,gateio,LTC/USDT:USDT,109.77,8.0,109.75,86.0,109.78,11.0,109.79,54.0
1753769576857,06:12:56.857,gateio,LTC/USDT:USDT,109.76,8.0,109.75,86.0,109.78,67.0,109.79,54.0
1753769576923,06:12:56.923,gateio,LTC/USDT:USDT,109.76,8.0,109.75,86.0,109.78,67.0,109.79,54.0
1753769577061,06:12:57.061,gateio,LTC/USDT:USDT,109.76,8.0,109.75,86.0,109.78,67.0,109.79,81.0
1753769577104,06:12:57.104,gateio,LTC/USDT:USDT,109.76,8.0,109.75,86.0,109.78,67.0,109.79,54.0
1753769577225,06:12:57.225,gateio,LTC/USDT:USDT,109.76,8.0,109.75,86.0,109.78,67.0,109.79,54.0
1753769577358,06:12:57.358,gateio,LTC/USDT:USDT,109.76,8.0,109.75,86.0,109.78,67.0,109.79,54.0
1753769577437,06:12:57.437,gateio,LTC/USDT:USDT,109.76,8.0,109.75,71.0,109.78,67.0,109.79,54.0
1753769577507,06:12:57.507,gateio,LTC/USDT:USDT,109.76,8.0,109.75,71.0,109.78,67.0,109.79,54.0
1753769577637,06:12:57.637,gateio,LTC/USDT:USDT,109.76,8.0,109.75,71.0,109.78,67.0,109.79,54.0
1753769577745,06:12:57.745,gateio,LTC/USDT:USDT,109.76,8.0,109.75,71.0,109.78,67.0,109.79,54.0
1753769577852,06:12:57.852,gateio,LTC/USDT:USDT,109.76,8.0,109.75,71.0,109.78,67.0,109.79,81.0
1753769577950,06:12:57.950,gateio,LTC/USDT:USDT,109.76,8.0,109.75,71.0,109.78,67.0,109.79,81.0
1753769578124,06:12:58.124,gateio,LTC/USDT:USDT,109.76,8.0,109.75,93.0,109.78,67.0,109.79,81.0
1753769578178,06:12:58.178,gateio,LTC/USDT:USDT,109.76,8.0,109.75,93.0,109.78,67.0,109.79,81.0
1753769578343,06:12:58.343,gateio,LTC/USDT:USDT,109.76,8.0,109.75,93.0,109.78,11.0,109.79,81.0
1753769578442,06:12:58.442,gateio,LTC/USDT:USDT,109.76,8.0,109.75,93.0,109.78,11.0,109.79,81.0
1753769578643,06:12:58.643,gateio,LTC/USDT:USDT,109.76,8.0,109.75,93.0,109.78,11.0,109.79,81.0
1753769578757,06:12:58.757,gateio,LTC/USDT:USDT,109.76,8.0,109.75,93.0,109.78,11.0,109.79,81.0
1753769578823,06:12:58.823,gateio,LTC/USDT:USDT,109.76,8.0,109.75,93.0,109.78,11.0,109.79,81.0
1753769578923,06:12:58.923,gateio,LTC/USDT:USDT,109.76,8.0,109.75,93.0,109.78,11.0,109.79,81.0
1753769579083,06:12:59.083,gateio,LTC/USDT:USDT,109.76,8.0,109.75,93.0,109.78,11.0,109.79,81.0
1753769579257,06:12:59.257,gateio,LTC/USDT:USDT,109.76,8.0,109.75,93.0,109.78,11.0,109.79,81.0
1753769579335,06:12:59.335,gateio,LTC/USDT:USDT,109.76,8.0,109.75,93.0,109.78,11.0,109.79,81.0
1753769579443,06:12:59.443,gateio,LTC/USDT:USDT,109.76,56.0,109.75,37.0,109.78,11.0,109.79,104.0
1753769579503,06:12:59.503,gateio,LTC/USDT:USDT,109.76,56.0,109.75,37.0,109.78,11.0,109.79,104.0
1753769579759,06:12:59.759,gateio,LTC/USDT:USDT,109.76,56.0,109.75,37.0,109.78,11.0,109.79,104.0
1753769579860,06:12:59.860,gateio,LTC/USDT:USDT,109.76,8.0,109.75,37.0,109.78,11.0,109.79,104.0
1753769579959,06:12:59.959,gateio,LTC/USDT:USDT,109.76,8.0,109.75,37.0,109.78,11.0,109.79,104.0
1753769580049,06:13:00.049,gateio,LTC/USDT:USDT,109.77,8.0,109.76,56.0,109.78,11.0,109.79,104.0
1753769580159,06:13:00.159,gateio,LTC/USDT:USDT,109.75,37.0,109.74,159.0,109.78,11.0,109.79,104.0
1753769580246,06:13:00.246,gateio,LTC/USDT:USDT,109.77,8.0,109.76,56.0,109.78,11.0,109.79,104.0
1753769580349,06:13:00.349,gateio,LTC/USDT:USDT,109.77,8.0,109.76,56.0,109.78,11.0,109.79,104.0
1753769580423,06:13:00.423,gateio,LTC/USDT:USDT,109.76,64.0,109.75,37.0,109.78,31.0,109.79,104.0
1753769580509,06:13:00.509,gateio,LTC/USDT:USDT,109.76,64.0,109.75,37.0,109.78,11.0,109.79,104.0
1753769580757,06:13:00.757,gateio,LTC/USDT:USDT,109.76,64.0,109.75,37.0,109.78,11.0,109.79,104.0
1753769580858,06:13:00.858,gateio,LTC/USDT:USDT,109.76,64.0,109.75,37.0,109.78,11.0,109.79,104.0
1753769580869,06:13:00.869,gateio,LTC/USDT:USDT,109.76,64.0,109.75,37.0,109.78,11.0,109.79,104.0
1753769580988,06:13:00.988,gateio,LTC/USDT:USDT,109.76,64.0,109.75,37.0,109.78,11.0,109.79,104.0
1753769581221,06:13:01.221,gateio,LTC/USDT:USDT,109.76,64.0,109.75,15.0,109.78,11.0,109.79,104.0
1753769581360,06:13:01.360,gateio,LTC/USDT:USDT,109.75,15.0,109.74,113.0,109.78,67.0,109.79,104.0
1753769581456,06:13:01.456,gateio,LTC/USDT:USDT,109.75,23.0,109.74,113.0,109.78,67.0,109.79,104.0
1753769581511,06:13:01.511,gateio,LTC/USDT:USDT,109.75,23.0,109.74,135.0,109.78,67.0,109.79,104.0
1753769581655,06:13:01.655,gateio,LTC/USDT:USDT,109.75,23.0,109.74,135.0,109.78,67.0,109.79,104.0
1753769581743,06:13:01.743,gateio,LTC/USDT:USDT,109.75,23.0,109.74,135.0,109.78,67.0,109.79,104.0
1753769581860,06:13:01.860,gateio,LTC/USDT:USDT,109.75,23.0,109.74,135.0,109.78,67.0,109.79,104.0
1753769581939,06:13:01.939,gateio,LTC/USDT:USDT,109.75,23.0,109.74,135.0,109.78,67.0,109.79,104.0
1753769581965,06:13:01.965,gateio,LTC/USDT:USDT,109.75,23.0,109.74,135.0,109.78,67.0,109.79,104.0
1753769582236,06:13:02.236,gateio,LTC/USDT:USDT,109.75,23.0,109.74,135.0,109.78,67.0,109.79,104.0
1753769582345,06:13:02.345,gateio,LTC/USDT:USDT,109.75,23.0,109.74,135.0,109.78,67.0,109.79,104.0
1753769582388,06:13:02.388,gateio,LTC/USDT:USDT,109.75,23.0,109.74,135.0,109.78,67.0,109.79,104.0
1753769582515,06:13:02.515,gateio,LTC/USDT:USDT,109.75,23.0,109.74,135.0,109.78,67.0,109.79,104.0
1753769582634,06:13:02.634,gateio,LTC/USDT:USDT,109.75,23.0,109.74,135.0,109.78,67.0,109.79,104.0
1753769582751,06:13:02.751,gateio,LTC/USDT:USDT,109.75,23.0,109.74,135.0,109.78,67.0,109.79,104.0
1753769582855,06:13:02.855,gateio,LTC/USDT:USDT,109.76,6.0,109.75,23.0,109.78,67.0,109.79,104.0
1753769582954,06:13:02.954,gateio,LTC/USDT:USDT,109.76,8.0,109.75,15.0,109.78,67.0,109.79,104.0
1753769583055,06:13:03.055,gateio,LTC/USDT:USDT,109.76,8.0,109.75,15.0,109.78,67.0,109.79,104.0
1753769583160,06:13:03.160,gateio,LTC/USDT:USDT,109.76,8.0,109.75,15.0,109.78,67.0,109.79,126.0
1753769583221,06:13:03.221,gateio,LTC/USDT:USDT,109.76,8.0,109.75,15.0,109.78,67.0,109.79,126.0
1753769583360,06:13:03.360,gateio,LTC/USDT:USDT,109.75,23.0,109.74,135.0,109.78,67.0,109.79,126.0
1753769583388,06:13:03.388,gateio,LTC/USDT:USDT,109.75,23.0,109.74,135.0,109.78,67.0,109.79,126.0
1753769583519,06:13:03.519,gateio,LTC/USDT:USDT,109.75,23.0,109.74,135.0,109.78,67.0,109.79,126.0
1753769583639,06:13:03.639,gateio,LTC/USDT:USDT,109.75,23.0,109.74,135.0,109.78,67.0,109.79,126.0
1753769583713,06:13:03.713,gateio,LTC/USDT:USDT,109.75,23.0,109.74,113.0,109.78,67.0,109.79,126.0
1753769583844,06:13:03.844,gateio,LTC/USDT:USDT,109.74,121.0,109.73,575.0,109.78,117.0,109.79,194.0
1753769583952,06:13:03.952,gateio,LTC/USDT:USDT,109.74,121.0,109.73,575.0,109.78,117.0,109.79,194.0
1753769584182,06:13:04.182,gateio,LTC/USDT:USDT,109.74,135.0,109.73,575.0,109.78,117.0,109.79,194.0
1753769584310,06:13:04.310,gateio,LTC/USDT:USDT,109.74,121.0,109.73,575.0,109.78,117.0,109.79,194.0
1753769584431,06:13:04.431,gateio,LTC/USDT:USDT,109.74,135.0,109.73,575.0,109.78,117.0,109.79,194.0
1753769584534,06:13:04.534,gateio,LTC/USDT:USDT,109.74,135.0,109.73,575.0,109.78,117.0,109.79,194.0
1753769584595,06:13:04.595,gateio,LTC/USDT:USDT,109.74,135.0,109.73,575.0,109.78,117.0,109.79,194.0
1753769584766,06:13:04.766,gateio,LTC/USDT:USDT,109.74,135.0,109.73,575.0,109.78,117.0,109.79,194.0
1753769584911,06:13:04.911,gateio,LTC/USDT:USDT,109.75,63.0,109.74,127.0,109.78,117.0,109.79,194.0
1753769585052,06:13:05.052,gateio,LTC/USDT:USDT,109.75,63.0,109.74,127.0,109.78,95.0,109.79,194.0
1753769585116,06:13:05.116,gateio,LTC/USDT:USDT,109.75,63.0,109.74,127.0,109.78,95.0,109.79,194.0
1753769585244,06:13:05.244,gateio,LTC/USDT:USDT,109.75,63.0,109.74,127.0,109.78,95.0,109.79,194.0
1753769585338,06:13:05.338,gateio,LTC/USDT:USDT,109.75,63.0,109.74,149.0,109.78,95.0,109.79,194.0
1753769585456,06:13:05.456,gateio,LTC/USDT:USDT,109.75,63.0,109.74,149.0,109.78,95.0,109.79,194.0
1753769585474,06:13:05.474,gateio,LTC/USDT:USDT,109.75,63.0,109.74,149.0,109.78,95.0,109.79,194.0
1753769585614,06:13:05.614,gateio,LTC/USDT:USDT,109.75,63.0,109.74,149.0,109.78,95.0,109.79,194.0
1753769585756,06:13:05.756,gateio,LTC/USDT:USDT,109.75,63.0,109.74,149.0,109.78,95.0,109.79,172.0
1753769585832,06:13:05.832,gateio,LTC/USDT:USDT,109.75,63.0,109.74,149.0,109.78,95.0,109.79,172.0
1753769585957,06:13:05.957,gateio,LTC/USDT:USDT,109.75,63.0,109.74,149.0,109.78,95.0,109.79,172.0
1753769586026,06:13:06.026,gateio,LTC/USDT:USDT,109.75,63.0,109.74,149.0,109.78,72.0,109.79,172.0
1753769586241,06:13:06.241,gateio,LTC/USDT:USDT,109.75,63.0,109.74,149.0,109.78,72.0,109.79,194.0
1753769586350,06:13:06.350,gateio,LTC/USDT:USDT,109.75,63.0,109.74,149.0,109.78,72.0,109.79,194.0
1753769586411,06:13:06.411,gateio,LTC/USDT:USDT,109.75,63.0,109.74,149.0,109.78,72.0,109.79,194.0
1753769586660,06:13:06.660,gateio,LTC/USDT:USDT,109.75,63.0,109.74,149.0,109.78,72.0,109.79,194.0
1753769586701,06:13:06.701,gateio,LTC/USDT:USDT,109.75,63.0,109.74,149.0,109.78,72.0,109.79,194.0
1753769586921,06:13:06.921,gateio,LTC/USDT:USDT,109.75,63.0,109.74,149.0,109.78,72.0,109.79,194.0
1753769586990,06:13:06.990,gateio,LTC/USDT:USDT,109.75,63.0,109.74,149.0,109.78,72.0,109.79,194.0
1753769587105,06:13:07.105,gateio,LTC/USDT:USDT,109.75,63.0,109.74,149.0,109.78,72.0,109.79,194.0
1753769587215,06:13:07.215,gateio,LTC/USDT:USDT,109.75,63.0,109.74,149.0,109.78,72.0,109.79,194.0
1753769587306,06:13:07.306,gateio,LTC/USDT:USDT,109.76,10.0,109.75,63.0,109.78,72.0,109.79,125.0
1753769587433,06:13:07.433,gateio,LTC/USDT:USDT,109.76,10.0,109.75,63.0,109.78,72.0,109.79,125.0
1753769587523,06:13:07.523,gateio,LTC/USDT:USDT,109.76,10.0,109.75,63.0,109.78,72.0,109.79,125.0
1753769587640,06:13:07.640,gateio,LTC/USDT:USDT,109.75,8.0,109.74,149.0,109.78,72.0,109.79,125.0
1753769587724,06:13:07.724,gateio,LTC/USDT:USDT,109.75,8.0,109.74,149.0,109.78,72.0,109.79,125.0
1753769587849,06:13:07.849,gateio,LTC/USDT:USDT,109.75,8.0,109.74,149.0,109.78,72.0,109.79,125.0
1753769587981,06:13:07.981,gateio,LTC/USDT:USDT,109.75,8.0,109.74,149.0,109.78,72.0,109.79,125.0
1753769588134,06:13:08.134,gateio,LTC/USDT:USDT,109.75,8.0,109.74,127.0,109.78,72.0,109.79,125.0
1753769588195,06:13:08.195,gateio,LTC/USDT:USDT,109.75,8.0,109.74,127.0,109.78,72.0,109.79,125.0
1753769588322,06:13:08.322,gateio,LTC/USDT:USDT,109.75,8.0,109.74,127.0,109.78,72.0,109.79,125.0
1753769588411,06:13:08.411,gateio,LTC/USDT:USDT,109.75,8.0,109.74,127.0,109.78,72.0,109.79,125.0
1753769588509,06:13:08.509,gateio,LTC/USDT:USDT,109.75,8.0,109.74,127.0,109.78,72.0,109.79,125.0
1753769588683,06:13:08.683,gateio,LTC/USDT:USDT,109.75,8.0,109.74,127.0,109.78,72.0,109.79,125.0
1753769588857,06:13:08.857,gateio,LTC/USDT:USDT,109.75,8.0,109.74,127.0,109.78,72.0,109.79,125.0
1753769588936,06:13:08.936,gateio,LTC/USDT:USDT,109.75,8.0,109.74,127.0,109.78,72.0,109.79,125.0
1753769589157,06:13:09.157,gateio,LTC/USDT:USDT,109.75,8.0,109.74,127.0,109.78,72.0,109.79,125.0
1753769589247,06:13:09.247,gateio,LTC/USDT:USDT,109.75,8.0,109.74,127.0,109.78,72.0,109.79,125.0
1753769589327,06:13:09.327,gateio,LTC/USDT:USDT,109.74,127.0,109.73,575.0,109.78,72.0,109.79,125.0
1753769589440,06:13:09.440,gateio,LTC/USDT:USDT,109.74,127.0,109.73,575.0,109.78,72.0,109.79,125.0
1753769589624,06:13:09.624,gateio,LTC/USDT:USDT,109.74,127.0,109.73,575.0,109.78,72.0,109.79,125.0
1753769589737,06:13:09.737,gateio,LTC/USDT:USDT,109.74,127.0,109.73,575.0,109.78,72.0,109.79,125.0
1753769589846,06:13:09.846,gateio,LTC/USDT:USDT,109.75,8.0,109.74,140.0,109.78,95.0,109.79,120.0
1753769589922,06:13:09.922,gateio,LTC/USDT:USDT,109.75,8.0,109.74,140.0,109.78,95.0,109.79,142.0
1753769590035,06:13:10.035,gateio,LTC/USDT:USDT,109.75,8.0,109.74,140.0,109.78,95.0,109.79,142.0
1753769590142,06:13:10.142,gateio,LTC/USDT:USDT,109.75,8.0,109.74,140.0,109.78,95.0,109.79,142.0
1753769590207,06:13:10.207,gateio,LTC/USDT:USDT,109.75,8.0,109.74,140.0,109.78,95.0,109.79,142.0
1753769590361,06:13:10.361,gateio,LTC/USDT:USDT,109.75,8.0,109.74,140.0,109.78,95.0,109.79,142.0
1753769590436,06:13:10.436,gateio,LTC/USDT:USDT,109.75,8.0,109.74,140.0,109.78,95.0,109.79,142.0
1753769590559,06:13:10.559,gateio,LTC/USDT:USDT,109.75,63.0,109.74,140.0,109.78,95.0,109.79,142.0
1753769590570,06:13:10.570,gateio,LTC/USDT:USDT,109.75,63.0,109.74,140.0,109.78,95.0,109.79,142.0
1753769590742,06:13:10.742,gateio,LTC/USDT:USDT,109.75,63.0,109.74,140.0,109.78,95.0,109.79,142.0
1753769590939,06:13:10.939,gateio,LTC/USDT:USDT,109.75,63.0,109.74,140.0,109.78,95.0,109.79,142.0
1753769591153,06:13:11.153,gateio,LTC/USDT:USDT,109.75,8.0,109.74,140.0,109.78,95.0,109.79,142.0
1753769591270,06:13:11.270,gateio,LTC/USDT:USDT,109.75,8.0,109.74,140.0,109.78,95.0,109.79,142.0
1753769591399,06:13:11.399,gateio,LTC/USDT:USDT,109.75,8.0,109.74,140.0,109.78,95.0,109.79,142.0
1753769591461,06:13:11.461,gateio,LTC/USDT:USDT,109.75,8.0,109.74,140.0,109.78,95.0,109.79,142.0
1753769591610,06:13:11.610,gateio,LTC/USDT:USDT,109.75,8.0,109.74,140.0,109.78,95.0,109.79,142.0
1753769591723,06:13:11.723,gateio,LTC/USDT:USDT,109.75,8.0,109.74,140.0,109.78,95.0,109.79,142.0
1753769591946,06:13:11.946,gateio,LTC/USDT:USDT,109.75,8.0,109.74,140.0,109.78,95.0,109.79,142.0
1753769591988,06:13:11.988,gateio,LTC/USDT:USDT,109.75,8.0,109.74,140.0,109.78,95.0,109.79,142.0
1753769592159,06:13:12.159,gateio,LTC/USDT:USDT,109.75,8.0,109.74,140.0,109.78,95.0,109.79,142.0
1753769592440,06:13:12.440,gateio,LTC/USDT:USDT,109.75,8.0,109.74,140.0,109.78,95.0,109.79,142.0
1753769592554,06:13:12.554,gateio,LTC/USDT:USDT,109.75,8.0,109.74,140.0,109.78,95.0,109.79,142.0
1753769592698,06:13:12.698,gateio,LTC/USDT:USDT,109.75,8.0,109.74,140.0,109.78,95.0,109.79,142.0
1753769592947,06:13:12.947,gateio,LTC/USDT:USDT,109.75,8.0,109.74,140.0,109.78,95.0,109.79,146.0
1753769593016,06:13:13.016,gateio,LTC/USDT:USDT,109.75,8.0,109.74,140.0,109.78,84.0,109.79,146.0
1753769593144,06:13:13.144,gateio,LTC/USDT:USDT,109.75,8.0,109.74,140.0,109.78,84.0,109.79,146.0
1753769593260,06:13:13.260,gateio,LTC/USDT:USDT,109.75,8.0,109.74,140.0,109.78,84.0,109.79,146.0
1753769593358,06:13:13.358,gateio,LTC/USDT:USDT,109.75,17.0,109.74,131.0,109.78,84.0,109.79,146.0
1753769593459,06:13:13.459,gateio,LTC/USDT:USDT,109.75,9.0,109.74,38.0,109.77,40.0,109.78,101.0
1753769593558,06:13:13.558,gateio,LTC/USDT:USDT,109.74,43.0,109.73,248.0,109.75,20.0,109.76,114.0
1753769593655,06:13:13.655,gateio,LTC/USDT:USDT,109.74,9.0,109.73,248.0,109.76,72.0,109.77,202.0
1753769593686,06:13:13.686,gateio,LTC/USDT:USDT,109.74,9.0,109.73,248.0,109.76,72.0,109.77,202.0
1753769593850,06:13:13.850,gateio,LTC/USDT:USDT,109.74,9.0,109.73,248.0,109.76,110.0,109.77,202.0
1753769593957,06:13:13.957,gateio,LTC/USDT:USDT,109.74,9.0,109.73,248.0,109.76,110.0,109.77,202.0
1753769594042,06:13:14.042,gateio,LTC/USDT:USDT,109.74,9.0,109.73,248.0,109.75,9.0,109.76,110.0
1753769594132,06:13:14.132,gateio,LTC/USDT:USDT,109.74,9.0,109.73,248.0,109.75,9.0,109.76,110.0
1753769594335,06:13:14.335,gateio,LTC/USDT:USDT,109.74,9.0,109.73,248.0,109.75,9.0,109.76,110.0
1753769594412,06:13:14.412,gateio,LTC/USDT:USDT,109.74,9.0,109.73,248.0,109.75,9.0,109.76,110.0
1753769594477,06:13:14.477,gateio,LTC/USDT:USDT,109.74,9.0,109.73,248.0,109.75,9.0,109.76,110.0
1753769594590,06:13:14.590,gateio,LTC/USDT:USDT,109.74,9.0,109.73,248.0,109.75,9.0,109.76,110.0
1753769594756,06:13:14.756,gateio,LTC/USDT:USDT,109.74,9.0,109.73,248.0,109.75,9.0,109.76,110.0
1753769594860,06:13:14.860,gateio,LTC/USDT:USDT,109.74,9.0,109.73,248.0,109.75,63.0,109.76,55.0
1753769594925,06:13:14.925,gateio,LTC/USDT:USDT,109.74,9.0,109.73,248.0,109.75,63.0,109.76,55.0
1753769595025,06:13:15.025,gateio,LTC/USDT:USDT,109.74,9.0,109.73,248.0,109.75,63.0,109.76,55.0
1753769595135,06:13:15.135,gateio,LTC/USDT:USDT,109.74,9.0,109.73,248.0,109.75,63.0,109.76,55.0
1753769595248,06:13:15.248,gateio,LTC/USDT:USDT,109.74,9.0,109.73,248.0,109.75,63.0,109.76,55.0
1753769595343,06:13:15.343,gateio,LTC/USDT:USDT,109.74,9.0,109.73,248.0,109.75,85.0,109.76,77.0
1753769595425,06:13:15.425,gateio,LTC/USDT:USDT,109.73,257.0,109.71,117.0,109.74,9.0,109.75,76.0
1753769595553,06:13:15.553,gateio,LTC/USDT:USDT,109.73,257.0,109.71,117.0,109.74,46.0,109.75,118.0
1753769595598,06:13:15.598,gateio,LTC/USDT:USDT,109.73,257.0,109.71,117.0,109.74,46.0,109.75,118.0
1753769595703,06:13:15.703,gateio,LTC/USDT:USDT,109.73,257.0,109.71,117.0,109.74,46.0,109.75,140.0
1753769595809,06:13:15.809,gateio,LTC/USDT:USDT,109.73,257.0,109.71,117.0,109.74,46.0,109.75,140.0
1753769595951,06:13:15.951,gateio,LTC/USDT:USDT,109.73,246.0,109.71,55.0,109.74,51.0,109.75,140.0
1753769596015,06:13:16.015,gateio,LTC/USDT:USDT,109.73,246.0,109.71,55.0,109.74,51.0,109.75,140.0
1753769596154,06:13:16.154,gateio,LTC/USDT:USDT,109.73,246.0,109.71,55.0,109.74,51.0,109.75,140.0
1753769596256,06:13:16.256,gateio,LTC/USDT:USDT,109.73,237.0,109.72,9.0,109.74,51.0,109.75,162.0
1753769596344,06:13:16.344,gateio,LTC/USDT:USDT,109.73,237.0,109.72,9.0,109.74,51.0,109.75,162.0
1753769596432,06:13:16.432,gateio,LTC/USDT:USDT,109.73,237.0,109.72,9.0,109.74,51.0,109.75,162.0
1753769596481,06:13:16.481,gateio,LTC/USDT:USDT,109.73,237.0,109.72,9.0,109.74,51.0,109.75,162.0
1753769596635,06:13:16.635,gateio,LTC/USDT:USDT,109.73,237.0,109.72,9.0,109.74,51.0,109.75,162.0
1753769596816,06:13:16.816,gateio,LTC/USDT:USDT,109.73,237.0,109.72,9.0,109.74,51.0,109.75,162.0
1753769596923,06:13:16.923,gateio,LTC/USDT:USDT,109.73,237.0,109.72,9.0,109.74,51.0,109.75,162.0
1753769596982,06:13:16.982,gateio,LTC/USDT:USDT,109.73,237.0,109.72,9.0,109.74,51.0,109.75,162.0
1753769597080,06:13:17.080,gateio,LTC/USDT:USDT,109.73,237.0,109.72,9.0,109.74,51.0,109.75,162.0
1753769597220,06:13:17.220,gateio,LTC/USDT:USDT,109.73,237.0,109.72,9.0,109.74,51.0,109.75,162.0
1753769597329,06:13:17.329,gateio,LTC/USDT:USDT,109.73,237.0,109.72,9.0,109.74,51.0,109.75,162.0
1753769597542,06:13:17.542,gateio,LTC/USDT:USDT,109.73,237.0,109.72,9.0,109.74,51.0,109.75,162.0
1753769597658,06:13:17.658,gateio,LTC/USDT:USDT,109.73,237.0,109.72,9.0,109.74,51.0,109.75,162.0
1753769597716,06:13:17.716,gateio,LTC/USDT:USDT,109.73,237.0,109.72,31.0,109.74,51.0,109.75,162.0
1753769597841,06:13:17.841,gateio,LTC/USDT:USDT,109.73,237.0,109.72,31.0,109.74,51.0,109.75,162.0
1753769597946,06:13:17.946,gateio,LTC/USDT:USDT,109.73,237.0,109.72,31.0,109.74,51.0,109.75,162.0
1753769598059,06:13:18.059,gateio,LTC/USDT:USDT,109.73,237.0,109.72,31.0,109.74,62.0,109.75,162.0
1753769598125,06:13:18.125,gateio,LTC/USDT:USDT,109.73,237.0,109.72,31.0,109.74,62.0,109.75,162.0
1753769598177,06:13:18.177,gateio,LTC/USDT:USDT,109.73,237.0,109.72,31.0,109.74,62.0,109.75,162.0
1753769598303,06:13:18.303,gateio,LTC/USDT:USDT,109.73,237.0,109.72,31.0,109.74,62.0,109.75,162.0
1753769598433,06:13:18.433,gateio,LTC/USDT:USDT,109.73,237.0,109.72,9.0,109.74,62.0,109.75,162.0
1753769598554,06:13:18.554,gateio,LTC/USDT:USDT,109.73,237.0,109.72,9.0,109.74,62.0,109.75,162.0
1753769598594,06:13:18.594,gateio,LTC/USDT:USDT,109.73,237.0,109.72,9.0,109.74,62.0,109.75,162.0
1753769598724,06:13:18.724,gateio,LTC/USDT:USDT,109.72,9.0,109.69,121.0,109.74,117.0,109.75,162.0
1753769598846,06:13:18.846,gateio,LTC/USDT:USDT,109.7,17.0,109.69,121.0,109.73,105.0,109.74,125.0
1753769598940,06:13:18.940,gateio,LTC/USDT:USDT,109.7,17.0,109.69,121.0,109.73,105.0,109.74,125.0
1753769599051,06:13:19.051,gateio,LTC/USDT:USDT,109.7,17.0,109.69,143.0,109.72,20.0,109.73,125.0
1753769599118,06:13:19.118,gateio,LTC/USDT:USDT,109.7,17.0,109.69,143.0,109.72,20.0,109.73,125.0
1753769599259,06:13:19.259,gateio,LTC/USDT:USDT,109.7,17.0,109.69,143.0,109.73,125.0,109.74,149.0
1753769599312,06:13:19.312,gateio,LTC/USDT:USDT,109.7,17.0,109.69,143.0,109.73,125.0,109.74,149.0
1753769599444,06:13:19.444,gateio,LTC/USDT:USDT,109.7,17.0,109.69,143.0,109.73,125.0,109.74,149.0
1753769599516,06:13:19.516,gateio,LTC/USDT:USDT,109.7,17.0,109.69,143.0,109.73,125.0,109.74,149.0
1753769599623,06:13:19.623,gateio,LTC/USDT:USDT,109.7,17.0,109.69,143.0,109.73,125.0,109.74,149.0
1753769599734,06:13:19.734,gateio,LTC/USDT:USDT,109.7,17.0,109.69,143.0,109.73,125.0,109.74,125.0
1753769599797,06:13:19.797,gateio,LTC/USDT:USDT,109.7,17.0,109.69,143.0,109.73,125.0,109.74,125.0
1753769599895,06:13:19.895,gateio,LTC/USDT:USDT,109.7,17.0,109.69,165.0,109.73,125.0,109.74,125.0
1753769600050,06:13:20.050,gateio,LTC/USDT:USDT,109.7,17.0,109.69,165.0,109.73,125.0,109.74,125.0
1753769600140,06:13:20.140,gateio,LTC/USDT:USDT,109.7,17.0,109.69,165.0,109.73,125.0,109.74,103.0
1753769600191,06:13:20.191,gateio,LTC/USDT:USDT,109.7,17.0,109.69,165.0,109.73,125.0,109.74,103.0
1753769600330,06:13:20.330,gateio,LTC/USDT:USDT,109.7,17.0,109.69,165.0,109.73,125.0,109.74,103.0
1753769600513,06:13:20.513,gateio,LTC/USDT:USDT,109.7,17.0,109.69,165.0,109.73,125.0,109.74,125.0
1753769600622,06:13:20.622,gateio,LTC/USDT:USDT,109.7,17.0,109.69,165.0,109.73,125.0,109.74,125.0
1753769600744,06:13:20.744,gateio,LTC/USDT:USDT,109.72,8.0,109.7,9.0,109.73,125.0,109.74,125.0
1753769600842,06:13:20.842,gateio,LTC/USDT:USDT,109.7,71.0,109.69,109.0,109.73,105.0,109.74,125.0
1753769600950,06:13:20.950,gateio,LTC/USDT:USDT,109.71,8.0,109.7,63.0,109.73,105.0,109.74,125.0
1753769601060,06:13:21.060,gateio,LTC/USDT:USDT,109.71,8.0,109.7,63.0,109.73,105.0,109.74,125.0
1753769601146,06:13:21.146,gateio,LTC/USDT:USDT,109.71,8.0,109.7,63.0,109.73,105.0,109.74,125.0
1753769601252,06:13:21.252,gateio,LTC/USDT:USDT,109.71,8.0,109.7,63.0,109.73,105.0,109.74,125.0
1753769601288,06:13:21.288,gateio,LTC/USDT:USDT,109.71,8.0,109.7,63.0,109.73,105.0,109.74,125.0
1753769601378,06:13:21.378,gateio,LTC/USDT:USDT,109.71,8.0,109.7,63.0,109.73,105.0,109.74,125.0
1753769601533,06:13:21.533,gateio,LTC/USDT:USDT,109.71,8.0,109.7,63.0,109.73,105.0,109.74,125.0
1753769601598,06:13:21.598,gateio,LTC/USDT:USDT,109.71,8.0,109.7,63.0,109.73,105.0,109.74,125.0
1753769601666,06:13:21.666,gateio,LTC/USDT:USDT,109.71,8.0,109.7,63.0,109.73,105.0,109.74,125.0
1753769601807,06:13:21.807,gateio,LTC/USDT:USDT,109.71,8.0,109.7,63.0,109.73,105.0,109.74,125.0
1753769601923,06:13:21.923,gateio,LTC/USDT:USDT,109.71,8.0,109.7,63.0,109.73,105.0,109.74,125.0
1753769602056,06:13:22.056,gateio,LTC/USDT:USDT,109.7,17.0,109.69,109.0,109.73,105.0,109.74,125.0
1753769602157,06:13:22.157,gateio,LTC/USDT:USDT,109.7,17.0,109.69,109.0,109.73,105.0,109.74,125.0
1753769602286,06:13:22.286,gateio,LTC/USDT:USDT,109.7,17.0,109.69,109.0,109.73,105.0,109.74,125.0
1753769602447,06:13:22.447,gateio,LTC/USDT:USDT,109.7,17.0,109.69,109.0,109.73,105.0,109.74,125.0
1753769602523,06:13:22.523,gateio,LTC/USDT:USDT,109.7,71.0,109.69,109.0,109.73,105.0,109.74,103.0
1753769602623,06:13:22.623,gateio,LTC/USDT:USDT,109.7,71.0,109.69,109.0,109.73,105.0,109.74,103.0
1753769602752,06:13:22.752,gateio,LTC/USDT:USDT,109.7,71.0,109.69,109.0,109.73,105.0,109.74,103.0
1753769603044,06:13:23.044,gateio,LTC/USDT:USDT,109.7,71.0,109.69,109.0,109.73,105.0,109.74,92.0
1753769603157,06:13:23.157,gateio,LTC/USDT:USDT,109.71,76.0,109.7,40.0,109.73,51.0,109.74,92.0
1753769603255,06:13:23.255,gateio,LTC/USDT:USDT,109.71,22.0,109.7,40.0,109.73,51.0,109.74,92.0
1753769603308,06:13:23.308,gateio,LTC/USDT:USDT,109.71,22.0,109.7,40.0,109.73,51.0,109.74,92.0
1753769603386,06:13:23.386,gateio,LTC/USDT:USDT,109.71,22.0,109.7,40.0,109.73,51.0,109.74,92.0
1753769603547,06:13:23.547,gateio,LTC/USDT:USDT,109.72,8.0,109.7,63.0,109.73,51.0,109.74,114.0
1753769603657,06:13:23.657,gateio,LTC/USDT:USDT,109.71,8.0,109.7,63.0,109.73,51.0,109.74,138.0
1753769603724,06:13:23.724,gateio,LTC/USDT:USDT,109.71,8.0,109.7,63.0,109.73,51.0,109.74,138.0
1753769603854,06:13:23.854,gateio,LTC/USDT:USDT,109.71,8.0,109.7,63.0,109.73,51.0,109.74,138.0
1753769603959,06:13:23.959,gateio,LTC/USDT:USDT,109.72,6.0,109.71,8.0,109.73,51.0,109.74,138.0
1753769604025,06:13:24.025,gateio,LTC/USDT:USDT,109.71,8.0,109.7,63.0,109.73,51.0,109.74,138.0
1753769604131,06:13:24.131,gateio,LTC/USDT:USDT,109.71,8.0,109.7,63.0,109.73,51.0,109.74,138.0
1753769604297,06:13:24.297,gateio,LTC/USDT:USDT,109.71,8.0,109.7,63.0,109.73,51.0,109.74,138.0
1753769604411,06:13:24.411,gateio,LTC/USDT:USDT,109.71,8.0,109.7,63.0,109.73,51.0,109.74,138.0
1753769604525,06:13:24.525,gateio,LTC/USDT:USDT,109.71,8.0,109.7,63.0,109.73,51.0,109.74,138.0
1753769604662,06:13:24.662,gateio,LTC/USDT:USDT,109.71,8.0,109.7,63.0,109.73,51.0,109.74,138.0
1753769604841,06:13:24.841,gateio,LTC/USDT:USDT,109.71,8.0,109.7,63.0,109.73,51.0,109.74,138.0
1753769604939,06:13:24.939,gateio,LTC/USDT:USDT,109.71,8.0,109.7,63.0,109.73,51.0,109.74,138.0
1753769605057,06:13:25.057,gateio,LTC/USDT:USDT,109.71,8.0,109.7,63.0,109.73,51.0,109.74,138.0
1753769605145,06:13:25.145,gateio,LTC/USDT:USDT,109.71,22.0,109.7,94.0,109.73,51.0,109.74,116.0
1753769605194,06:13:25.194,gateio,LTC/USDT:USDT,109.71,22.0,109.7,94.0,109.73,51.0,109.74,116.0
1753769605295,06:13:25.295,gateio,LTC/USDT:USDT,109.71,22.0,109.7,94.0,109.73,51.0,109.74,116.0
1753769605459,06:13:25.459,gateio,LTC/USDT:USDT,109.72,6.0,109.71,22.0,109.73,51.0,109.74,116.0
1753769605552,06:13:25.552,gateio,LTC/USDT:USDT,109.72,8.0,109.71,90.0,109.73,51.0,109.74,99.0
1753769605648,06:13:25.648,gateio,LTC/USDT:USDT,109.72,8.0,109.71,90.0,109.73,9.0,109.74,141.0
1753769605753,06:13:25.753,gateio,LTC/USDT:USDT,109.72,8.0,109.71,90.0,109.73,9.0,109.74,141.0
1753769605856,06:13:25.856,gateio,LTC/USDT:USDT,109.72,8.0,109.71,90.0,109.73,9.0,109.74,103.0
1753769605938,06:13:25.938,gateio,LTC/USDT:USDT,109.72,8.0,109.71,90.0,109.73,9.0,109.74,103.0
1753769605964,06:13:25.964,gateio,LTC/USDT:USDT,109.72,8.0,109.71,90.0,109.73,9.0,109.74,103.0
1753769606143,06:13:26.143,gateio,LTC/USDT:USDT,109.72,8.0,109.71,114.0,109.73,9.0,109.74,103.0
1753769606170,06:13:26.170,gateio,LTC/USDT:USDT,109.72,8.0,109.71,114.0,109.73,9.0,109.74,103.0
1753769606298,06:13:26.298,gateio,LTC/USDT:USDT,109.72,8.0,109.71,114.0,109.73,9.0,109.74,103.0
1753769606364,06:13:26.364,gateio,LTC/USDT:USDT,109.72,8.0,109.71,114.0,109.73,9.0,109.74,103.0
1753769606469,06:13:26.469,gateio,LTC/USDT:USDT,109.72,8.0,109.71,114.0,109.73,9.0,109.74,103.0
1753769606612,06:13:26.612,gateio,LTC/USDT:USDT,109.72,62.0,109.71,60.0,109.73,9.0,109.74,103.0
1753769606856,06:13:26.856,gateio,LTC/USDT:USDT,109.72,8.0,109.71,60.0,109.73,9.0,109.74,103.0
1753769606880,06:13:26.880,gateio,LTC/USDT:USDT,109.72,8.0,109.71,60.0,109.73,9.0,109.74,103.0
1753769607052,06:13:27.052,gateio,LTC/USDT:USDT,109.72,8.0,109.71,60.0,109.73,9.0,109.74,103.0
1753769607184,06:13:27.184,gateio,LTC/USDT:USDT,109.72,8.0,109.71,60.0,109.73,9.0,109.74,103.0
1753769607354,06:13:27.354,gateio,LTC/USDT:USDT,109.72,8.0,109.71,38.0,109.73,9.0,109.74,103.0
1753769607389,06:13:27.389,gateio,LTC/USDT:USDT,109.72,8.0,109.71,14.0,109.73,9.0,109.74,103.0
1753769607503,06:13:27.503,gateio,LTC/USDT:USDT,109.72,8.0,109.71,38.0,109.73,9.0,109.74,103.0
1753769607632,06:13:27.632,gateio,LTC/USDT:USDT,109.72,8.0,109.71,38.0,109.73,9.0,109.74,103.0
1753769607828,06:13:27.828,gateio,LTC/USDT:USDT,109.72,8.0,109.71,38.0,109.73,9.0,109.74,103.0
1753769607881,06:13:27.881,gateio,LTC/USDT:USDT,109.72,8.0,109.71,38.0,109.73,9.0,109.74,103.0
1753769608012,06:13:28.012,gateio,LTC/USDT:USDT,109.72,8.0,109.71,38.0,109.73,20.0,109.74,103.0
1753769608147,06:13:28.147,gateio,LTC/USDT:USDT,109.72,8.0,109.71,38.0,109.73,20.0,109.74,103.0
1753769608307,06:13:28.307,gateio,LTC/USDT:USDT,109.72,8.0,109.71,38.0,109.73,20.0,109.74,103.0
1753769608428,06:13:28.428,gateio,LTC/USDT:USDT,109.72,8.0,109.71,38.0,109.73,20.0,109.74,103.0
1753769608554,06:13:28.554,gateio,LTC/USDT:USDT,109.72,8.0,109.71,38.0,109.73,20.0,109.74,103.0
1753769608652,06:13:28.652,gateio,LTC/USDT:USDT,109.72,8.0,109.71,38.0,109.73,20.0,109.74,79.0
1753769608740,06:13:28.740,gateio,LTC/USDT:USDT,109.7,35.0,109.69,83.0,109.73,62.0,109.74,123.0
1753769608785,06:13:28.785,gateio,LTC/USDT:USDT,109.7,35.0,109.69,83.0,109.73,62.0,109.74,123.0
1753769608931,06:13:28.931,gateio,LTC/USDT:USDT,109.7,35.0,109.69,83.0,109.73,62.0,109.74,123.0
1753769609037,06:13:29.037,gateio,LTC/USDT:USDT,109.7,35.0,109.69,105.0,109.73,62.0,109.74,123.0
1753769609146,06:13:29.146,gateio,LTC/USDT:USDT,109.7,35.0,109.69,127.0,109.73,20.0,109.74,101.0
1753769609244,06:13:29.244,gateio,LTC/USDT:USDT,109.7,35.0,109.69,127.0,109.73,74.0,109.74,123.0
1753769609306,06:13:29.306,gateio,LTC/USDT:USDT,109.7,35.0,109.69,127.0,109.73,74.0,109.74,123.0
1753769609438,06:13:29.438,gateio,LTC/USDT:USDT,109.7,35.0,109.69,127.0,109.73,74.0,109.74,123.0
1753769609519,06:13:29.519,gateio,LTC/USDT:USDT,109.7,35.0,109.69,127.0,109.73,74.0,109.74,123.0
1753769609764,06:13:29.764,gateio,LTC/USDT:USDT,109.7,35.0,109.69,127.0,109.73,74.0,109.74,123.0
1753769609928,06:13:29.928,gateio,LTC/USDT:USDT,109.7,35.0,109.69,127.0,109.73,74.0,109.74,123.0
1753769610035,06:13:30.035,gateio,LTC/USDT:USDT,109.7,35.0,109.69,127.0,109.73,74.0,109.74,123.0
1753769610098,06:13:30.098,gateio,LTC/USDT:USDT,109.7,35.0,109.69,127.0,109.73,74.0,109.74,101.0
1753769610203,06:13:30.203,gateio,LTC/USDT:USDT,109.7,35.0,109.69,127.0,109.73,74.0,109.74,101.0
1753769610360,06:13:30.360,gateio,LTC/USDT:USDT,109.7,35.0,109.69,105.0,109.72,20.0,109.73,96.0
1753769610423,06:13:30.423,gateio,LTC/USDT:USDT,109.7,35.0,109.69,62.0,109.73,96.0,109.74,215.0
1753769610533,06:13:30.533,gateio,LTC/USDT:USDT,109.7,35.0,109.69,62.0,109.73,96.0,109.74,215.0
1753769610660,06:13:30.660,gateio,LTC/USDT:USDT,109.71,62.0,109.7,27.0,109.73,74.0,109.74,169.0
1753769610751,06:13:30.751,gateio,LTC/USDT:USDT,109.72,62.0,109.71,89.0,109.73,20.0,109.74,79.0
1753769610825,06:13:30.825,gateio,LTC/USDT:USDT,109.71,121.0,109.7,80.0,109.73,20.0,109.74,79.0
1753769610942,06:13:30.942,gateio,LTC/USDT:USDT,109.71,99.0,109.7,58.0,109.73,20.0,109.74,79.0
1753769611058,06:13:31.058,gateio,LTC/USDT:USDT,109.71,62.0,109.7,49.0,109.73,20.0,109.74,79.0
1753769611157,06:13:31.157,gateio,LTC/USDT:USDT,109.71,75.0,109.7,71.0,109.73,20.0,109.74,79.0
1753769611243,06:13:31.243,gateio,LTC/USDT:USDT,109.72,8.0,109.71,75.0,109.73,20.0,109.74,79.0
1753769611302,06:13:31.302,gateio,LTC/USDT:USDT,109.72,8.0,109.71,75.0,109.73,20.0,109.74,79.0
1753769611441,06:13:31.441,gateio,LTC/USDT:USDT,109.72,8.0,109.71,75.0,109.73,20.0,109.74,79.0
1753769611561,06:13:31.561,gateio,LTC/USDT:USDT,109.72,8.0,109.71,75.0,109.73,20.0,109.74,79.0
1753769611600,06:13:31.600,gateio,LTC/USDT:USDT,109.72,8.0,109.71,75.0,109.73,20.0,109.74,79.0
1753769611794,06:13:31.794,gateio,LTC/USDT:USDT,109.72,8.0,109.71,75.0,109.73,20.0,109.74,79.0
1753769611901,06:13:31.901,gateio,LTC/USDT:USDT,109.72,8.0,109.71,75.0,109.73,20.0,109.74,79.0
1753769611970,06:13:31.970,gateio,LTC/USDT:USDT,109.72,8.0,109.71,75.0,109.73,20.0,109.74,79.0
1753769612158,06:13:32.158,gateio,LTC/USDT:USDT,109.73,8.0,109.72,131.0,109.74,37.0,109.75,54.0
1753769612257,06:13:32.257,gateio,LTC/USDT:USDT,109.73,8.0,109.72,131.0,109.75,54.0,109.76,58.0
1753769612351,06:13:32.351,gateio,LTC/USDT:USDT,109.73,82.0,109.72,86.0,109.77,71.0,109.78,44.0
1753769612445,06:13:32.445,gateio,LTC/USDT:USDT,109.73,91.0,109.72,77.0,109.77,71.0,109.78,43.0
1753769612555,06:13:32.555,gateio,LTC/USDT:USDT,109.73,91.0,109.72,77.0,109.77,71.0,109.78,43.0
1753769612747,06:13:32.747,gateio,LTC/USDT:USDT,109.73,91.0,109.72,77.0,109.77,71.0,109.78,43.0
1753769612831,06:13:32.831,gateio,LTC/USDT:USDT,109.74,8.0,109.73,27.0,109.77,71.0,109.78,65.0
1753769613029,06:13:33.029,gateio,LTC/USDT:USDT,109.74,8.0,109.73,27.0,109.77,82.0,109.78,65.0
1753769613137,06:13:33.137,gateio,LTC/USDT:USDT,109.74,8.0,109.73,53.0,109.77,82.0,109.78,65.0
1753769613245,06:13:33.245,gateio,LTC/USDT:USDT,109.74,8.0,109.73,53.0,109.77,82.0,109.78,65.0
1753769613294,06:13:33.294,gateio,LTC/USDT:USDT,109.74,8.0,109.73,53.0,109.77,82.0,109.78,87.0
1753769613445,06:13:33.445,gateio,LTC/USDT:USDT,109.74,8.0,109.73,53.0,109.77,82.0,109.78,87.0
1753769613501,06:13:33.501,gateio,LTC/USDT:USDT,109.74,8.0,109.73,53.0,109.77,82.0,109.78,65.0
1753769613602,06:13:33.602,gateio,LTC/USDT:USDT,109.74,8.0,109.73,53.0,109.77,82.0,109.78,65.0
1753769613745,06:13:33.745,gateio,LTC/USDT:USDT,109.74,8.0,109.73,53.0,109.77,82.0,109.78,65.0
1753769613820,06:13:33.820,gateio,LTC/USDT:USDT,109.74,8.0,109.73,53.0,109.77,82.0,109.78,65.0
1753769613939,06:13:33.939,gateio,LTC/USDT:USDT,109.73,35.0,109.72,72.0,109.77,128.0,109.78,87.0
1753769614031,06:13:34.031,gateio,LTC/USDT:USDT,109.73,17.0,109.72,72.0,109.76,118.0,109.77,113.0
1753769614106,06:13:34.106,gateio,LTC/USDT:USDT,109.73,17.0,109.72,72.0,109.76,118.0,109.77,113.0
1753769614211,06:13:34.211,gateio,LTC/USDT:USDT,109.73,17.0,109.72,72.0,109.76,98.0,109.77,113.0
1753769614358,06:13:34.358,gateio,LTC/USDT:USDT,109.73,9.0,109.71,122.0,109.76,155.0,109.77,159.0
1753769614451,06:13:34.451,gateio,LTC/USDT:USDT,109.71,35.0,109.7,108.0,109.74,74.0,109.75,108.0
1753769614524,06:13:34.524,gateio,LTC/USDT:USDT,109.71,17.0,109.7,108.0,109.73,20.0,109.74,54.0
1753769614653,06:13:34.653,gateio,LTC/USDT:USDT,109.71,9.0,109.7,108.0,109.73,74.0,109.75,108.0
1753769614755,06:13:34.755,gateio,LTC/USDT:USDT,109.71,9.0,109.7,108.0,109.73,74.0,109.75,108.0
1753769614859,06:13:34.859,gateio,LTC/USDT:USDT,109.71,17.0,109.7,108.0,109.74,20.0,109.75,113.0
1753769614912,06:13:34.912,gateio,LTC/USDT:USDT,109.71,30.0,109.7,139.0,109.74,98.0,109.75,108.0
1753769615008,06:13:35.008,gateio,LTC/USDT:USDT,109.71,30.0,109.7,139.0,109.74,98.0,109.75,108.0
1753769615132,06:13:35.132,gateio,LTC/USDT:USDT,109.71,30.0,109.7,139.0,109.74,98.0,109.75,108.0
1753769615174,06:13:35.174,gateio,LTC/USDT:USDT,109.71,30.0,109.7,139.0,109.74,98.0,109.75,108.0
1753769615346,06:13:35.346,gateio,LTC/USDT:USDT,109.72,54.0,109.71,30.0,109.74,98.0,109.75,108.0
1753769615460,06:13:35.460,gateio,LTC/USDT:USDT,109.72,8.0,109.71,22.0,109.74,78.0,109.75,79.0
1753769615527,06:13:35.527,gateio,LTC/USDT:USDT,109.72,8.0,109.71,43.0,109.74,54.0,109.75,79.0
1753769615654,06:13:35.654,gateio,LTC/USDT:USDT,109.72,8.0,109.71,43.0,109.74,54.0,109.75,79.0
1753769615733,06:13:35.733,gateio,LTC/USDT:USDT,109.72,8.0,109.71,22.0,109.74,54.0,109.75,79.0
1753769615851,06:13:35.851,gateio,LTC/USDT:USDT,109.72,8.0,109.71,9.0,109.74,54.0,109.75,79.0
1753769616050,06:13:36.050,gateio,LTC/USDT:USDT,109.72,8.0,109.71,9.0,109.74,54.0,109.75,79.0
1753769616154,06:13:36.154,gateio,LTC/USDT:USDT,109.72,8.0,109.71,9.0,109.74,54.0,109.75,79.0
1753769616242,06:13:36.242,gateio,LTC/USDT:USDT,109.72,8.0,109.71,9.0,109.74,54.0,109.75,79.0
1753769616343,06:13:36.343,gateio,LTC/USDT:USDT,109.72,8.0,109.71,9.0,109.74,54.0,109.75,79.0
1753769616485,06:13:36.485,gateio,LTC/USDT:USDT,109.72,8.0,109.71,9.0,109.74,54.0,109.75,79.0
1753769616590,06:13:36.590,gateio,LTC/USDT:USDT,109.72,8.0,109.71,9.0,109.74,54.0,109.75,79.0
1753769616732,06:13:36.732,gateio,LTC/USDT:USDT,109.72,8.0,109.71,9.0,109.74,54.0,109.75,79.0
1753769616844,06:13:36.844,gateio,LTC/USDT:USDT,109.72,8.0,109.71,9.0,109.74,54.0,109.75,79.0
1753769616907,06:13:36.907,gateio,LTC/USDT:USDT,109.72,8.0,109.71,9.0,109.74,54.0,109.75,79.0
1753769617050,06:13:37.050,gateio,LTC/USDT:USDT,109.72,8.0,109.71,9.0,109.74,54.0,109.75,79.0
1753769617116,06:13:37.116,gateio,LTC/USDT:USDT,109.72,8.0,109.71,9.0,109.74,54.0,109.75,79.0
1753769617192,06:13:37.192,gateio,LTC/USDT:USDT,109.72,8.0,109.71,9.0,109.74,54.0,109.75,79.0
1753769617343,06:13:37.343,gateio,LTC/USDT:USDT,109.72,8.0,109.71,9.0,109.74,54.0,109.75,79.0
1753769617444,06:13:37.444,gateio,LTC/USDT:USDT,109.72,8.0,109.71,9.0,109.74,54.0,109.75,79.0
1753769617523,06:13:37.523,gateio,LTC/USDT:USDT,109.72,8.0,109.71,63.0,109.74,54.0,109.75,79.0
1753769617726,06:13:37.726,gateio,LTC/USDT:USDT,109.72,8.0,109.71,63.0,109.74,54.0,109.75,79.0
1753769617806,06:13:37.806,gateio,LTC/USDT:USDT,109.72,8.0,109.71,63.0,109.74,54.0,109.75,79.0
1753769617950,06:13:37.950,gateio,LTC/USDT:USDT,109.72,8.0,109.71,63.0,109.74,54.0,109.75,79.0
1753769618045,06:13:38.045,gateio,LTC/USDT:USDT,109.71,9.0,109.7,130.0,109.74,54.0,109.75,79.0
1753769618091,06:13:38.091,gateio,LTC/USDT:USDT,109.71,9.0,109.7,130.0,109.74,76.0,109.75,101.0
1753769618228,06:13:38.228,gateio,LTC/USDT:USDT,109.71,9.0,109.7,130.0,109.74,76.0,109.75,101.0
1753769618343,06:13:38.343,gateio,LTC/USDT:USDT,109.71,9.0,109.7,130.0,109.74,76.0,109.75,101.0
1753769618455,06:13:38.455,gateio,LTC/USDT:USDT,109.71,9.0,109.7,130.0,109.74,76.0,109.75,101.0
1753769618504,06:13:38.504,gateio,LTC/USDT:USDT,109.71,9.0,109.7,130.0,109.74,76.0,109.75,101.0
1753769618608,06:13:38.608,gateio,LTC/USDT:USDT,109.71,17.0,109.7,130.0,109.74,54.0,109.75,79.0
1753769618749,06:13:38.749,gateio,LTC/USDT:USDT,109.71,17.0,109.7,130.0,109.74,54.0,109.75,101.0
1753769618808,06:13:38.808,gateio,LTC/USDT:USDT,109.71,17.0,109.7,130.0,109.74,54.0,109.75,101.0
1753769618953,06:13:38.953,gateio,LTC/USDT:USDT,109.71,17.0,109.7,130.0,109.74,54.0,109.75,101.0
1753769619026,06:13:39.026,gateio,LTC/USDT:USDT,109.71,17.0,109.7,130.0,109.74,54.0,109.75,101.0
1753769619063,06:13:39.063,gateio,LTC/USDT:USDT,109.71,17.0,109.7,130.0,109.74,54.0,109.75,101.0
1753769619247,06:13:39.247,gateio,LTC/USDT:USDT,109.71,17.0,109.7,130.0,109.74,54.0,109.75,101.0
1753769619323,06:13:39.323,gateio,LTC/USDT:USDT,109.71,17.0,109.7,130.0,109.74,54.0,109.75,101.0
1753769619546,06:13:39.546,gateio,LTC/USDT:USDT,109.71,17.0,109.7,130.0,109.74,54.0,109.75,101.0
1753769619720,06:13:39.720,gateio,LTC/USDT:USDT,109.71,17.0,109.7,130.0,109.74,54.0,109.75,101.0
1753769619765,06:13:39.765,gateio,LTC/USDT:USDT,109.71,17.0,109.7,130.0,109.74,54.0,109.75,101.0
1753769619915,06:13:39.915,gateio,LTC/USDT:USDT,109.71,17.0,109.7,130.0,109.74,54.0,109.75,101.0
1753769620058,06:13:40.058,gateio,LTC/USDT:USDT,109.71,71.0,109.7,130.0,109.74,54.0,109.75,101.0
1753769620158,06:13:40.158,gateio,LTC/USDT:USDT,109.71,71.0,109.7,130.0,109.74,54.0,109.75,79.0
1753769620261,06:13:40.261,gateio,LTC/USDT:USDT,109.71,71.0,109.7,130.0,109.74,54.0,109.75,79.0
1753769620262,06:13:40.262,gateio,LTC/USDT:USDT,109.71,71.0,109.7,130.0,109.74,54.0,109.75,79.0
1753769620543,06:13:40.543,gateio,LTC/USDT:USDT,109.71,71.0,109.7,130.0,109.74,54.0,109.75,79.0
1753769620739,06:13:40.739,gateio,LTC/USDT:USDT,109.71,71.0,109.7,130.0,109.74,54.0,109.75,79.0
1753769620823,06:13:40.823,gateio,LTC/USDT:USDT,109.71,71.0,109.7,130.0,109.74,54.0,109.75,59.0
1753769620941,06:13:40.941,gateio,LTC/USDT:USDT,109.73,8.0,109.72,80.0,109.75,41.0,109.76,83.0
1753769621003,06:13:41.003,gateio,LTC/USDT:USDT,109.73,8.0,109.72,67.0,109.76,124.0,109.77,236.0
1753769621072,06:13:41.072,gateio,LTC/USDT:USDT,109.73,8.0,109.72,67.0,109.76,124.0,109.77,236.0
1753769621361,06:13:41.361,gateio,LTC/USDT:USDT,109.73,8.0,109.72,54.0,109.76,124.0,109.77,258.0
1753769621361,06:13:41.361,gateio,LTC/USDT:USDT,109.73,8.0,109.72,54.0,109.76,124.0,109.77,258.0
1753769621527,06:13:41.527,gateio,LTC/USDT:USDT,109.73,8.0,109.72,54.0,109.76,124.0,109.77,236.0
1753769621708,06:13:41.708,gateio,LTC/USDT:USDT,109.73,8.0,109.72,54.0,109.76,124.0,109.77,258.0
1753769621808,06:13:41.808,gateio,LTC/USDT:USDT,109.73,8.0,109.72,54.0,109.76,160.0,109.77,330.0
1753769622047,06:13:42.047,gateio,LTC/USDT:USDT,109.73,8.0,109.72,54.0,109.76,160.0,109.77,330.0
1753769622349,06:13:42.349,gateio,LTC/USDT:USDT,109.72,8.0,109.71,107.0,109.76,160.0,109.77,330.0
1753769622459,06:13:42.459,gateio,LTC/USDT:USDT,109.72,8.0,109.71,107.0,109.76,160.0,109.77,306.0
1753769622546,06:13:42.546,gateio,LTC/USDT:USDT,109.72,8.0,109.71,94.0,109.75,118.0,109.76,137.0
1753769622586,06:13:42.586,gateio,LTC/USDT:USDT,109.72,8.0,109.71,94.0,109.75,118.0,109.76,137.0
1753769622831,06:13:42.831,gateio,LTC/USDT:USDT,109.72,8.0,109.71,94.0,109.75,74.0,109.76,93.0
1753769623032,06:13:43.032,gateio,LTC/USDT:USDT,109.72,75.0,109.71,71.0,109.75,65.0,109.76,93.0
1753769623559,06:13:43.559,gateio,LTC/USDT:USDT,109.73,6.0,109.72,75.0,109.75,65.0,109.76,93.0
1753769623583,06:13:43.583,gateio,LTC/USDT:USDT,109.73,8.0,109.72,88.0,109.75,65.0,109.76,114.0
1753769623906,06:13:43.906,gateio,LTC/USDT:USDT,109.73,8.0,109.72,88.0,109.75,65.0,109.76,136.0
1753769624803,06:13:44.803,gateio,LTC/USDT:USDT,109.73,8.0,109.72,54.0,109.75,65.0,109.76,136.0
1753769624913,06:13:44.913,gateio,LTC/USDT:USDT,109.73,8.0,109.72,54.0,109.75,65.0,109.76,136.0
1753769625020,06:13:45.020,gateio,LTC/USDT:USDT,109.73,8.0,109.72,54.0,109.75,65.0,109.76,114.0
1753769625085,06:13:45.085,gateio,LTC/USDT:USDT,109.73,8.0,109.72,54.0,109.75,65.0,109.76,114.0
1753769625164,06:13:45.164,gateio,LTC/USDT:USDT,109.73,8.0,109.72,54.0,109.75,65.0,109.76,114.0
1753769625992,06:13:45.992,gateio,LTC/USDT:USDT,109.73,8.0,109.72,54.0,109.75,65.0,109.76,114.0
1753769626586,06:13:46.586,gateio,LTC/USDT:USDT,109.73,8.0,109.72,54.0,109.75,65.0,109.76,114.0
1753769627024,06:13:47.024,gateio,LTC/USDT:USDT,109.73,8.0,109.72,54.0,109.75,65.0,109.76,158.0
1753769627359,06:13:47.359,gateio,LTC/USDT:USDT,109.73,8.0,109.72,54.0,109.75,65.0,109.76,158.0
1753769628059,06:13:48.059,gateio,LTC/USDT:USDT,109.72,54.0,109.71,40.0,109.75,65.0,109.76,158.0
1753769628106,06:13:48.106,gateio,LTC/USDT:USDT,109.73,8.0,109.72,54.0,109.75,65.0,109.76,158.0
1753769628954,06:13:48.954,gateio,LTC/USDT:USDT,109.73,8.0,109.72,54.0,109.75,65.0,109.76,158.0
1753769629109,06:13:49.109,gateio,LTC/USDT:USDT,109.73,8.0,109.72,54.0,109.75,65.0,109.76,158.0
1753769629196,06:13:49.196,gateio,LTC/USDT:USDT,109.73,8.0,109.72,54.0,109.75,65.0,109.76,158.0
1753769629555,06:13:49.555,gateio,LTC/USDT:USDT,109.71,40.0,109.7,86.0,109.74,53.0,109.75,65.0
1753769629624,06:13:49.624,gateio,LTC/USDT:USDT,109.71,70.0,109.7,86.0,109.74,53.0,109.75,114.0
1753769629752,06:13:49.752,gateio,LTC/USDT:USDT,109.71,70.0,109.7,108.0,109.74,53.0,109.75,60.0
1753769629835,06:13:49.835,gateio,LTC/USDT:USDT,109.71,70.0,109.7,108.0,109.74,53.0,109.75,60.0
1753769629884,06:13:49.884,gateio,LTC/USDT:USDT,109.71,70.0,109.7,130.0,109.74,53.0,109.75,60.0
1753769630003,06:13:50.003,gateio,LTC/USDT:USDT,109.71,70.0,109.7,130.0,109.74,53.0,109.75,60.0
1753769630336,06:13:50.336,gateio,LTC/USDT:USDT,109.72,61.0,109.71,9.0,109.75,60.0,109.76,158.0
1753769630445,06:13:50.445,gateio,LTC/USDT:USDT,109.73,8.0,109.72,66.0,109.75,60.0,109.76,158.0
1753769630545,06:13:50.545,gateio,LTC/USDT:USDT,109.73,8.0,109.72,66.0,109.75,60.0,109.76,158.0
1753769630646,06:13:50.646,gateio,LTC/USDT:USDT,109.73,8.0,109.71,27.0,109.74,53.0,109.75,60.0
1753769630663,06:13:50.663,gateio,LTC/USDT:USDT,109.72,8.0,109.71,27.0,109.74,53.0,109.75,60.0
1753769630791,06:13:50.791,gateio,LTC/USDT:USDT,109.72,8.0,109.71,49.0,109.74,53.0,109.75,60.0
1753769631095,06:13:51.095,gateio,LTC/USDT:USDT,109.72,8.0,109.71,49.0,109.74,53.0,109.75,60.0
1753769631315,06:13:51.315,gateio,LTC/USDT:USDT,109.72,8.0,109.71,49.0,109.74,53.0,109.75,60.0
1753769631496,06:13:51.496,gateio,LTC/USDT:USDT,109.72,8.0,109.71,49.0,109.74,53.0,109.75,60.0
1753769632062,06:13:52.062,gateio,LTC/USDT:USDT,109.72,8.0,109.71,49.0,109.74,53.0,109.75,60.0
1753769632349,06:13:52.349,gateio,LTC/USDT:USDT,109.71,49.0,109.7,108.0,109.74,53.0,109.75,82.0
1753769632439,06:13:52.439,gateio,LTC/USDT:USDT,109.71,57.0,109.7,108.0,109.74,53.0,109.75,82.0
1753769632544,06:13:52.544,gateio,LTC/USDT:USDT,109.71,35.0,109.7,130.0,109.74,53.0,109.75,82.0
1753769632595,06:13:52.595,gateio,LTC/USDT:USDT,109.71,35.0,109.7,130.0,109.74,53.0,109.75,82.0
1753769632992,06:13:52.992,gateio,LTC/USDT:USDT,109.71,35.0,109.7,130.0,109.74,53.0,109.75,71.0
1753769633311,06:13:53.311,gateio,LTC/USDT:USDT,109.71,17.0,109.7,130.0,109.74,53.0,109.75,71.0
1753769633447,06:13:53.447,gateio,LTC/USDT:USDT,109.71,17.0,109.7,130.0,109.74,53.0,109.75,71.0
1753769633463,06:13:53.463,gateio,LTC/USDT:USDT,109.71,17.0,109.7,130.0,109.74,53.0,109.75,71.0
1753769634091,06:13:54.091,gateio,LTC/USDT:USDT,109.71,17.0,109.7,130.0,109.74,53.0,109.75,71.0
1753769634515,06:13:54.515,gateio,LTC/USDT:USDT,109.71,17.0,109.7,130.0,109.74,53.0,109.75,71.0
1753769634746,06:13:54.746,gateio,LTC/USDT:USDT,109.71,71.0,109.7,130.0,109.74,53.0,109.75,49.0
1753769634823,06:13:54.823,gateio,LTC/USDT:USDT,109.72,8.0,109.71,9.0,109.74,53.0,109.75,49.0
1753769635003,06:13:55.003,gateio,LTC/USDT:USDT,109.72,10.0,109.71,9.0,109.74,53.0,109.75,49.0
1753769635252,06:13:55.252,gateio,LTC/USDT:USDT,109.72,64.0,109.71,9.0,109.75,49.0,109.76,136.0
1753769635351,06:13:55.351,gateio,LTC/USDT:USDT,109.72,77.0,109.71,40.0,109.75,49.0,109.76,136.0
1753769635370,06:13:55.370,gateio,LTC/USDT:USDT,109.72,77.0,109.71,40.0,109.74,54.0,109.75,49.0
1753769635556,06:13:55.556,gateio,LTC/USDT:USDT,109.72,77.0,109.71,40.0,109.74,54.0,109.75,49.0
1753769635643,06:13:55.643,gateio,LTC/USDT:USDT,109.72,62.0,109.71,9.0,109.75,49.0,109.76,158.0
1753769635669,06:13:55.669,gateio,LTC/USDT:USDT,109.72,62.0,109.71,9.0,109.74,54.0,109.75,49.0
1753769635873,06:13:55.873,gateio,LTC/USDT:USDT,109.72,62.0,109.71,31.0,109.74,54.0,109.75,49.0
1753769636057,06:13:56.057,gateio,LTC/USDT:USDT,109.73,8.0,109.72,54.0,109.75,18.0,109.76,158.0
1753769636124,06:13:56.124,gateio,LTC/USDT:USDT,109.73,8.0,109.72,54.0,109.75,95.0,109.76,56.0
1753769636251,06:13:56.251,gateio,LTC/USDT:USDT,109.73,62.0,109.71,49.0,109.76,97.0,109.77,214.0
1753769636334,06:13:56.334,gateio,LTC/USDT:USDT,109.73,62.0,109.72,49.0,109.76,59.0,109.77,190.0
1753769636452,06:13:56.452,gateio,LTC/USDT:USDT,109.72,62.0,109.71,134.0,109.75,54.0,109.76,59.0
1753769636484,06:13:56.484,gateio,LTC/USDT:USDT,109.73,8.0,109.72,62.0,109.75,54.0,109.76,97.0
1753769636618,06:13:56.618,gateio,LTC/USDT:USDT,109.73,8.0,109.72,62.0,109.75,54.0,109.76,97.0
1753769636826,06:13:56.826,gateio,LTC/USDT:USDT,109.73,62.0,109.72,49.0,109.75,54.0,109.76,97.0
1753769637008,06:13:57.008,gateio,LTC/USDT:USDT,109.73,62.0,109.72,49.0,109.75,54.0,109.76,97.0
1753769637116,06:13:57.116,gateio,LTC/USDT:USDT,109.73,62.0,109.72,49.0,109.75,54.0,109.76,97.0
1753769637656,06:13:57.656,gateio,LTC/USDT:USDT,109.73,8.0,109.72,49.0,109.75,54.0,109.76,97.0
1753769637836,06:13:57.836,gateio,LTC/USDT:USDT,109.73,8.0,109.72,49.0,109.75,54.0,109.76,119.0
1753769637997,06:13:57.997,gateio,LTC/USDT:USDT,109.73,8.0,109.72,49.0,109.75,65.0,109.76,119.0
1753769638627,06:13:58.627,gateio,LTC/USDT:USDT,109.73,8.0,109.72,49.0,109.75,65.0,109.76,119.0
1753769638698,06:13:58.698,gateio,LTC/USDT:USDT,109.73,8.0,109.72,49.0,109.75,65.0,109.76,119.0
1753769638878,06:13:58.878,gateio,LTC/USDT:USDT,109.73,8.0,109.72,62.0,109.75,65.0,109.76,119.0
1753769639002,06:13:59.002,gateio,LTC/USDT:USDT,109.73,8.0,109.72,62.0,109.75,65.0,109.76,119.0
1753769639522,06:13:59.522,gateio,LTC/USDT:USDT,109.73,8.0,109.72,62.0,109.75,65.0,109.76,119.0
1753769639734,06:13:59.734,gateio,LTC/USDT:USDT,109.73,8.0,109.72,49.0,109.75,65.0,109.76,119.0
1753769639763,06:13:59.763,gateio,LTC/USDT:USDT,109.73,8.0,109.72,49.0,109.75,65.0,109.76,119.0
1753769640020,06:14:00.020,gateio,LTC/USDT:USDT,109.73,8.0,109.72,31.0,109.75,65.0,109.76,119.0
1753769640147,06:14:00.147,gateio,LTC/USDT:USDT,109.73,8.0,109.72,54.0,109.75,33.0,109.76,119.0
1753769640186,06:14:00.186,gateio,LTC/USDT:USDT,109.73,8.0,109.72,54.0,109.75,33.0,109.76,119.0
1753769640812,06:14:00.812,gateio,LTC/USDT:USDT,109.73,8.0,109.72,76.0,109.75,11.0,109.76,119.0
1753769640954,06:14:00.954,gateio,LTC/USDT:USDT,109.73,8.0,109.72,76.0,109.75,11.0,109.76,141.0
1753769641041,06:14:01.041,gateio,LTC/USDT:USDT,109.73,8.0,109.72,76.0,109.75,65.0,109.76,141.0
1753769641158,06:14:01.158,gateio,LTC/USDT:USDT,109.73,8.0,109.72,76.0,109.75,65.0,109.76,141.0
1753769641242,06:14:01.242,gateio,LTC/USDT:USDT,109.73,8.0,109.72,76.0,109.75,65.0,109.76,141.0
1753769641300,06:14:01.300,gateio,LTC/USDT:USDT,109.73,8.0,109.72,76.0,109.75,65.0,109.76,119.0
1753769641449,06:14:01.449,gateio,LTC/USDT:USDT,109.73,8.0,109.72,76.0,109.75,65.0,109.76,119.0
1753769641527,06:14:01.527,gateio,LTC/USDT:USDT,109.73,8.0,109.72,76.0,109.75,65.0,109.76,141.0
1753769641643,06:14:01.643,gateio,LTC/USDT:USDT,109.73,8.0,109.72,98.0,109.75,65.0,109.76,119.0
1753769641754,06:14:01.754,gateio,LTC/USDT:USDT,109.73,8.0,109.72,98.0,109.75,65.0,109.76,97.0
1753769641835,06:14:01.835,gateio,LTC/USDT:USDT,109.73,8.0,109.72,98.0,109.75,65.0,109.76,97.0
1753769641889,06:14:01.889,gateio,LTC/USDT:USDT,109.73,8.0,109.72,98.0,109.75,65.0,109.76,97.0
1753769642044,06:14:02.044,gateio,LTC/USDT:USDT,109.73,8.0,109.72,98.0,109.75,65.0,109.76,119.0
1753769642118,06:14:02.118,gateio,LTC/USDT:USDT,109.73,8.0,109.72,98.0,109.75,65.0,109.76,119.0
1753769642226,06:14:02.226,gateio,LTC/USDT:USDT,109.73,8.0,109.72,98.0,109.75,65.0,109.76,119.0
1753769642337,06:14:02.337,gateio,LTC/USDT:USDT,109.73,62.0,109.72,44.0,109.75,11.0,109.76,119.0
1753769642372,06:14:02.372,gateio,LTC/USDT:USDT,109.73,62.0,109.72,44.0,109.75,11.0,109.76,119.0
1753769642515,06:14:02.515,gateio,LTC/USDT:USDT,109.73,62.0,109.72,44.0,109.75,11.0,109.76,119.0
1753769642625,06:14:02.625,gateio,LTC/USDT:USDT,109.73,62.0,109.72,44.0,109.75,11.0,109.76,119.0
1753769642766,06:14:02.766,gateio,LTC/USDT:USDT,109.73,62.0,109.72,44.0,109.75,11.0,109.76,119.0
1753769643128,06:14:03.128,gateio,LTC/USDT:USDT,109.73,8.0,109.72,68.0,109.75,65.0,109.76,141.0
1753769643246,06:14:03.246,gateio,LTC/USDT:USDT,109.73,64.0,109.72,68.0,109.75,11.0,109.76,141.0
1753769643341,06:14:03.341,gateio,LTC/USDT:USDT,109.73,62.0,109.72,90.0,109.75,11.0,109.76,119.0
1753769643453,06:14:03.453,gateio,LTC/USDT:USDT,109.73,62.0,109.72,90.0,109.75,11.0,109.76,119.0
1753769643592,06:14:03.592,gateio,LTC/USDT:USDT,109.73,62.0,109.72,90.0,109.75,11.0,109.76,97.0
1753769643661,06:14:03.661,gateio,LTC/USDT:USDT,109.73,62.0,109.72,90.0,109.75,11.0,109.76,97.0
1753769643786,06:14:03.786,gateio,LTC/USDT:USDT,109.73,62.0,109.72,90.0,109.75,11.0,109.76,97.0
1753769644061,06:14:04.061,gateio,LTC/USDT:USDT,109.74,54.0,109.73,8.0,109.75,11.0,109.76,97.0
1753769644157,06:14:04.157,gateio,LTC/USDT:USDT,109.74,10.0,109.73,54.0,109.75,11.0,109.76,41.0
1753769644260,06:14:04.260,gateio,LTC/USDT:USDT,109.74,10.0,109.73,86.0,109.75,11.0,109.76,41.0
1753769644359,06:14:04.359,gateio,LTC/USDT:USDT,109.74,88.0,109.73,64.0,109.75,11.0,109.76,41.0
1753769644403,06:14:04.403,gateio,LTC/USDT:USDT,109.74,88.0,109.73,64.0,109.75,11.0,109.76,41.0
1753769644635,06:14:04.635,gateio,LTC/USDT:USDT,109.74,88.0,109.73,64.0,109.75,11.0,109.76,41.0
1753769644803,06:14:04.803,gateio,LTC/USDT:USDT,109.74,88.0,109.73,64.0,109.75,11.0,109.76,41.0
1753769644886,06:14:04.886,gateio,LTC/USDT:USDT,109.74,88.0,109.73,64.0,109.75,11.0,109.76,41.0
1753769645012,06:14:05.012,gateio,LTC/USDT:USDT,109.74,88.0,109.73,64.0,109.75,11.0,109.76,41.0
1753769645245,06:14:05.245,gateio,LTC/USDT:USDT,109.74,88.0,109.73,85.0,109.75,11.0,109.76,41.0
1753769645328,06:14:05.328,gateio,LTC/USDT:USDT,109.74,88.0,109.73,94.0,109.75,11.0,109.76,41.0
1753769645406,06:14:05.406,gateio,LTC/USDT:USDT,109.74,88.0,109.73,111.0,109.75,11.0,109.77,53.0
1753769645613,06:14:05.613,gateio,LTC/USDT:USDT,109.74,88.0,109.73,111.0,109.75,11.0,109.77,53.0
1753769646135,06:14:06.135,gateio,LTC/USDT:USDT,109.74,88.0,109.73,111.0,109.75,11.0,109.77,53.0
1753769646857,06:14:06.857,gateio,LTC/USDT:USDT,109.74,88.0,109.73,111.0,109.75,11.0,109.78,82.0
1753769646959,06:14:06.959,gateio,LTC/USDT:USDT,109.76,30.0,109.75,53.0,109.78,41.0,109.79,326.0
1753769647051,06:14:07.051,gateio,LTC/USDT:USDT,109.75,85.0,109.74,77.0,109.78,78.0,109.79,33.0
1753769647158,06:14:07.158,gateio,LTC/USDT:USDT,109.75,85.0,109.74,77.0,109.78,78.0,109.79,33.0
1753769647256,06:14:07.256,gateio,LTC/USDT:USDT,109.75,85.0,109.74,77.0,109.78,78.0,109.79,86.0
1753769647359,06:14:07.359,gateio,LTC/USDT:USDT,109.75,85.0,109.74,77.0,109.78,78.0,109.79,130.0
1753769647444,06:14:07.444,gateio,LTC/USDT:USDT,109.75,77.0,109.74,77.0,109.78,78.0,109.79,86.0
1753769647537,06:14:07.537,gateio,LTC/USDT:USDT,109.75,85.0,109.74,77.0,109.78,78.0,109.79,86.0
1753769647656,06:14:07.656,gateio,LTC/USDT:USDT,109.75,85.0,109.74,77.0,109.78,78.0,109.79,86.0
1753769647730,06:14:07.730,gateio,LTC/USDT:USDT,109.75,85.0,109.74,77.0,109.78,78.0,109.79,86.0
1753769647843,06:14:07.843,gateio,LTC/USDT:USDT,109.75,85.0,109.74,77.0,109.78,78.0,109.79,86.0
1753769647924,06:14:07.924,gateio,LTC/USDT:USDT,109.75,85.0,109.74,77.0,109.78,78.0,109.79,172.0
1753769648027,06:14:08.027,gateio,LTC/USDT:USDT,109.75,85.0,109.74,77.0,109.78,89.0,109.79,172.0
1753769648072,06:14:08.072,gateio,LTC/USDT:USDT,109.75,85.0,109.74,77.0,109.78,89.0,109.79,172.0
1753769648233,06:14:08.233,gateio,LTC/USDT:USDT,109.75,85.0,109.74,77.0,109.78,89.0,109.79,172.0
1753769648451,06:14:08.451,gateio,LTC/USDT:USDT,109.75,85.0,109.74,49.0,109.78,89.0,109.79,172.0
1753769648533,06:14:08.533,gateio,LTC/USDT:USDT,109.75,85.0,109.74,49.0,109.78,89.0,109.79,172.0
1753769648654,06:14:08.654,gateio,LTC/USDT:USDT,109.75,85.0,109.74,49.0,109.78,89.0,109.79,172.0
1753769648728,06:14:08.728,gateio,LTC/USDT:USDT,109.75,85.0,109.74,49.0,109.78,89.0,109.79,172.0
1753769648946,06:14:08.946,gateio,LTC/USDT:USDT,109.76,8.0,109.75,24.0,109.77,53.0,109.78,89.0
1753769649058,06:14:09.058,gateio,LTC/USDT:USDT,109.75,33.0,109.74,92.0,109.77,53.0,109.78,89.0
1753769649157,06:14:09.157,gateio,LTC/USDT:USDT,109.75,8.0,109.74,114.0,109.77,53.0,109.78,89.0
1753769649212,06:14:09.212,gateio,LTC/USDT:USDT,109.75,8.0,109.74,114.0,109.77,53.0,109.78,127.0
1753769649353,06:14:09.353,gateio,LTC/USDT:USDT,109.75,8.0,109.74,114.0,109.77,53.0,109.78,127.0
1753769649409,06:14:09.409,gateio,LTC/USDT:USDT,109.75,8.0,109.74,114.0,109.77,53.0,109.78,127.0
1753769649499,06:14:09.499,gateio,LTC/USDT:USDT,109.75,8.0,109.74,114.0,109.77,53.0,109.78,127.0
1753769649576,06:14:09.576,gateio,LTC/USDT:USDT,109.75,8.0,109.74,114.0,109.77,53.0,109.78,127.0
1753769649753,06:14:09.753,gateio,LTC/USDT:USDT,109.75,61.0,109.74,61.0,109.78,127.0,109.79,172.0
1753769649805,06:14:09.805,gateio,LTC/USDT:USDT,109.75,61.0,109.74,61.0,109.78,127.0,109.79,172.0
1753769649924,06:14:09.924,gateio,LTC/USDT:USDT,109.75,61.0,109.74,61.0,109.78,127.0,109.79,172.0
1753769650059,06:14:10.059,gateio,LTC/USDT:USDT,109.75,61.0,109.74,61.0,109.78,127.0,109.79,172.0
1753769650123,06:14:10.123,gateio,LTC/USDT:USDT,109.75,61.0,109.74,61.0,109.77,53.0,109.78,127.0
1753769650251,06:14:10.251,gateio,LTC/USDT:USDT,109.75,61.0,109.74,61.0,109.77,53.0,109.78,127.0
1753769650323,06:14:10.323,gateio,LTC/USDT:USDT,109.75,61.0,109.74,61.0,109.78,127.0,109.79,172.0
1753769650457,06:14:10.457,gateio,LTC/USDT:USDT,109.75,61.0,109.74,61.0,109.78,127.0,109.79,172.0
1753769650543,06:14:10.543,gateio,LTC/USDT:USDT,109.75,61.0,109.74,61.0,109.78,127.0,109.79,172.0
1753769650657,06:14:10.657,gateio,LTC/USDT:USDT,109.75,61.0,109.74,61.0,109.78,127.0,109.79,172.0
1753769650707,06:14:10.707,gateio,LTC/USDT:USDT,109.75,61.0,109.74,61.0,109.78,127.0,109.79,172.0
1753769650784,06:14:10.784,gateio,LTC/USDT:USDT,109.75,61.0,109.74,61.0,109.78,127.0,109.79,172.0
1753769651019,06:14:11.019,gateio,LTC/USDT:USDT,109.75,61.0,109.74,61.0,109.78,127.0,109.79,172.0
1753769651138,06:14:11.138,gateio,LTC/USDT:USDT,109.75,61.0,109.74,61.0,109.78,127.0,109.79,172.0
1753769651222,06:14:11.222,gateio,LTC/USDT:USDT,109.75,61.0,109.74,61.0,109.78,127.0,109.79,172.0
1753769651323,06:14:11.323,gateio,LTC/USDT:USDT,109.75,61.0,109.74,61.0,109.78,127.0,109.79,172.0
1753769651423,06:14:11.423,gateio,LTC/USDT:USDT,109.75,61.0,109.74,61.0,109.78,127.0,109.79,194.0
1753769651556,06:14:11.556,gateio,LTC/USDT:USDT,109.75,61.0,109.74,61.0,109.78,89.0,109.79,194.0
1753769651624,06:14:11.624,gateio,LTC/USDT:USDT,109.75,61.0,109.74,61.0,109.78,89.0,109.79,194.0
1753769651748,06:14:11.748,gateio,LTC/USDT:USDT,109.75,61.0,109.74,61.0,109.78,48.0,109.79,213.0
1753769651844,06:14:11.844,gateio,LTC/USDT:USDT,109.75,61.0,109.74,61.0,109.78,48.0,109.79,213.0
1753769651926,06:14:11.926,gateio,LTC/USDT:USDT,109.75,61.0,109.74,61.0,109.78,48.0,109.79,209.0
1753769651991,06:14:11.991,gateio,LTC/USDT:USDT,109.75,61.0,109.74,63.0,109.78,48.0,109.79,209.0
1753769652151,06:14:12.151,gateio,LTC/USDT:USDT,109.76,8.0,109.75,53.0,109.78,48.0,109.79,231.0
1753769652242,06:14:12.242,gateio,LTC/USDT:USDT,109.76,8.0,109.75,53.0,109.78,48.0,109.79,231.0
1753769652390,06:14:12.390,gateio,LTC/USDT:USDT,109.76,8.0,109.75,53.0,109.78,48.0,109.79,231.0
1753769652532,06:14:12.532,gateio,LTC/USDT:USDT,109.76,8.0,109.75,53.0,109.78,48.0,109.79,231.0
1753769652647,06:14:12.647,gateio,LTC/USDT:USDT,109.76,8.0,109.75,53.0,109.78,48.0,109.79,231.0
1753769652770,06:14:12.770,gateio,LTC/USDT:USDT,109.76,8.0,109.75,53.0,109.78,48.0,109.79,231.0
1753769653030,06:14:13.030,gateio,LTC/USDT:USDT,109.76,8.0,109.75,53.0,109.78,48.0,109.79,231.0
1753769653155,06:14:13.155,gateio,LTC/USDT:USDT,109.76,8.0,109.75,53.0,109.78,48.0,109.79,231.0
1753769653163,06:14:13.163,gateio,LTC/USDT:USDT,109.76,8.0,109.75,53.0,109.78,48.0,109.79,231.0
1753769653331,06:14:13.331,gateio,LTC/USDT:USDT,109.76,8.0,109.75,53.0,109.78,48.0,109.79,253.0
1753769653455,06:14:13.455,gateio,LTC/USDT:USDT,109.76,8.0,109.75,53.0,109.78,48.0,109.79,253.0
1753769653467,06:14:13.467,gateio,LTC/USDT:USDT,109.76,8.0,109.75,53.0,109.78,48.0,109.79,253.0
1753769653647,06:14:13.647,gateio,LTC/USDT:USDT,109.76,8.0,109.75,53.0,109.78,48.0,109.79,253.0
1753769653868,06:14:13.868,gateio,LTC/USDT:USDT,109.76,8.0,109.75,53.0,109.78,48.0,109.79,253.0
1753769654058,06:14:14.058,gateio,LTC/USDT:USDT,109.76,8.0,109.75,53.0,109.78,48.0,109.79,253.0
1753769654141,06:14:14.141,gateio,LTC/USDT:USDT,109.76,8.0,109.75,53.0,109.78,48.0,109.79,253.0
1753769654454,06:14:14.454,gateio,LTC/USDT:USDT,109.76,8.0,109.75,53.0,109.78,48.0,109.79,231.0
1753769654500,06:14:14.500,gateio,LTC/USDT:USDT,109.76,8.0,109.75,53.0,109.78,48.0,109.79,231.0
1753769654606,06:14:14.606,gateio,LTC/USDT:USDT,109.75,8.0,109.74,63.0,109.77,53.0,109.78,48.0
1753769654704,06:14:14.704,gateio,LTC/USDT:USDT,109.75,8.0,109.74,63.0,109.77,53.0,109.78,48.0
1753769655149,06:14:15.149,gateio,LTC/USDT:USDT,109.75,8.0,109.74,63.0,109.77,53.0,109.78,48.0
1753769655423,06:14:15.423,gateio,LTC/USDT:USDT,109.75,8.0,109.74,63.0,109.77,53.0,109.78,48.0
1753769655665,06:14:15.665,gateio,LTC/USDT:USDT,109.75,8.0,109.74,63.0,109.77,53.0,109.78,70.0
1753769656301,06:14:16.301,gateio,LTC/USDT:USDT,109.75,8.0,109.74,63.0,109.77,53.0,109.78,155.0
1753769656651,06:14:16.651,gateio,LTC/USDT:USDT,109.75,8.0,109.74,63.0,109.77,53.0,109.78,155.0
1753769656687,06:14:16.687,gateio,LTC/USDT:USDT,109.75,8.0,109.74,63.0,109.77,53.0,109.78,155.0
