timestamp,time,exchange,symbol,bid1_price,bid1_volume,bid2_price,bid2_volume,ask1_price,ask1_volume,ask2_price,ask2_volume
1753769554715,06:12:34.715,phemex,XRP/USDT:USDT,3.1427,1064.3,3.1424,795.57,3.1428,16150.93,3.1429,15.0
1753769554982,06:12:34.982,phemex,XRP/USDT:USDT,3.1427,1409.3,3.1424,795.57,3.1428,16150.93,3.1429,15.0
1753769555009,06:12:35.009,phemex,XRP/USDT:USDT,3.1427,3461.13,3.1424,795.57,3.1428,16150.93,3.1429,15.0
1753769555053,06:12:35.053,phemex,XRP/USDT:USDT,3.1427,3461.13,3.1424,795.57,3.1428,16150.93,3.1429,15.0
1753769555085,06:12:35.085,phemex,XRP/USDT:USDT,3.1427,3461.13,3.1424,795.57,3.1428,16150.93,3.1429,15.0
1753769555151,06:12:35.151,phemex,XRP/USDT:USDT,3.1427,3461.13,3.1424,795.57,3.1428,16150.93,3.1429,15.0
1753769555182,06:12:35.182,phemex,XRP/USDT:USDT,3.1427,3461.13,3.1424,795.57,3.1428,16150.93,3.1429,15.0
1753769555431,06:12:35.431,phemex,XRP/USDT:USDT,3.1427,3461.13,3.1424,795.57,3.1428,16150.93,3.1429,15.0
1753769555570,06:12:35.570,phemex,XRP/USDT:USDT,3.1427,1064.3,3.1424,795.57,3.1428,1986.53,3.1429,15.0
1753769555591,06:12:35.591,phemex,XRP/USDT:USDT,3.1427,1064.3,3.1424,795.57,3.1428,1986.53,3.1429,15.0
1753769555595,06:12:35.595,phemex,XRP/USDT:USDT,3.1427,571.61,3.1424,795.57,3.1428,1986.53,3.1429,15.0
1753769555795,06:12:35.795,phemex,XRP/USDT:USDT,3.1427,571.61,3.1424,795.57,3.1428,1986.53,3.1429,15.0
1753769555861,06:12:35.861,phemex,XRP/USDT:USDT,3.1427,571.61,3.1424,795.57,3.1428,1986.53,3.1429,15.0
1753769556039,06:12:36.039,phemex,XRP/USDT:USDT,3.1427,571.61,3.1424,795.57,3.1428,1986.53,3.1429,15.0
1753769556506,06:12:36.506,phemex,XRP/USDT:USDT,3.1427,571.61,3.1424,795.57,3.1428,1986.53,3.1429,15.0
1753769557055,06:12:37.055,phemex,XRP/USDT:USDT,3.1427,571.61,3.1424,795.57,3.1428,1986.53,3.1429,15.0
1753769557110,06:12:37.110,phemex,XRP/USDT:USDT,3.1427,571.61,3.1424,795.57,3.1428,2001.53,3.1429,15.0
1753769557751,06:12:37.751,phemex,XRP/USDT:USDT,3.1427,571.61,3.1424,795.57,3.1428,2001.53,3.1429,15.0
1753769557842,06:12:37.842,phemex,XRP/USDT:USDT,3.1427,571.61,3.1424,795.57,3.1428,2001.53,3.1429,15.0
1753769557843,06:12:37.843,phemex,XRP/USDT:USDT,3.1427,571.61,3.1424,795.57,3.1428,2001.53,3.1429,15.0
1753769558076,06:12:38.076,phemex,XRP/USDT:USDT,3.1427,571.6,3.1424,795.57,3.1428,2001.53,3.1429,15.0
1753769558390,06:12:38.390,phemex,XRP/USDT:USDT,3.1427,571.6,3.1424,795.57,3.1428,2001.53,3.1429,15.0
1753769559654,06:12:39.654,phemex,XRP/USDT:USDT,3.1427,571.6,3.1424,795.57,3.1428,2346.53,3.1429,15.0
1753769559867,06:12:39.867,phemex,XRP/USDT:USDT,3.1427,571.6,3.1424,795.57,3.1428,2346.53,3.1429,15.0
1753769560324,06:12:40.324,phemex,XRP/USDT:USDT,3.1427,571.6,3.1424,795.57,3.1428,2346.53,3.1429,15.0
1753769561176,06:12:41.176,phemex,XRP/USDT:USDT,3.1427,571.6,3.1424,795.57,3.1428,2346.53,3.1429,15.0
1753769561195,06:12:41.195,phemex,XRP/USDT:USDT,3.1427,571.6,3.1424,795.57,3.1428,2346.53,3.1429,15.0
1753769561209,06:12:41.209,phemex,XRP/USDT:USDT,3.1427,571.6,3.1424,795.57,3.1428,2346.53,3.1429,15.0
1753769561528,06:12:41.528,phemex,XRP/USDT:USDT,3.1427,571.6,3.1424,795.57,3.1428,2346.53,3.1429,15.0
1753769561528,06:12:41.528,phemex,XRP/USDT:USDT,3.1427,571.6,3.1424,795.57,3.1428,2346.53,3.1429,15.0
1753769561654,06:12:41.654,phemex,XRP/USDT:USDT,3.1427,571.6,3.1424,795.57,3.1428,2346.53,3.1429,15.0
1753769561669,06:12:41.669,phemex,XRP/USDT:USDT,3.1427,571.6,3.1424,795.57,3.1428,2346.53,3.1429,15.0
1753769561691,06:12:41.691,phemex,XRP/USDT:USDT,3.1427,571.6,3.1424,795.57,3.1428,2346.53,3.1429,15.0
1753769561940,06:12:41.940,phemex,XRP/USDT:USDT,3.1427,571.6,3.1424,795.57,3.1428,2346.53,3.1429,15.0
1753769561945,06:12:41.945,phemex,XRP/USDT:USDT,3.1427,571.6,3.1424,795.57,3.1428,2346.53,3.1429,15.0
1753769562422,06:12:42.422,phemex,XRP/USDT:USDT,3.1427,571.6,3.1424,795.57,3.1428,2346.53,3.1429,15.0
1753769562806,06:12:42.806,phemex,XRP/USDT:USDT,3.1427,571.6,3.1424,795.57,3.1428,2346.53,3.1429,15.0
1753769562832,06:12:42.832,phemex,XRP/USDT:USDT,3.1427,571.6,3.1424,795.57,3.1428,2346.53,3.1429,15.0
1753769563200,06:12:43.200,phemex,XRP/USDT:USDT,3.1427,571.6,3.1424,795.57,3.1428,2346.53,3.1429,15.0
1753769563200,06:12:43.200,phemex,XRP/USDT:USDT,3.1427,571.6,3.1424,795.57,3.1428,2346.53,3.1429,15.0
1753769563567,06:12:43.567,phemex,XRP/USDT:USDT,3.1427,571.6,3.1424,795.57,3.1428,2346.53,3.1429,15.0
1753769564635,06:12:44.635,phemex,XRP/USDT:USDT,3.1427,571.6,3.1424,795.57,3.1428,2346.53,3.1429,15.0
1753769564790,06:12:44.790,phemex,XRP/USDT:USDT,3.1427,571.6,3.1424,795.57,3.1428,2346.53,3.1429,15.0
1753769564805,06:12:44.805,phemex,XRP/USDT:USDT,3.1427,571.6,3.1424,795.57,3.1428,2346.53,3.1429,15.0
1753769565191,06:12:45.191,phemex,XRP/USDT:USDT,3.1427,916.6,3.1424,795.57,3.1428,2346.53,3.1429,15.0
1753769565204,06:12:45.204,phemex,XRP/USDT:USDT,3.1427,1261.6,3.1424,795.57,3.1428,2346.53,3.1429,15.0
1753769565222,06:12:45.222,phemex,XRP/USDT:USDT,3.1427,916.6,3.1424,795.57,3.1428,2346.53,3.1429,15.0
1753769565242,06:12:45.242,phemex,XRP/USDT:USDT,3.1427,571.6,3.1424,795.57,3.1428,2346.53,3.1429,15.0
1753769565262,06:12:45.262,phemex,XRP/USDT:USDT,3.1427,571.6,3.1424,795.57,3.1428,2346.53,3.1429,15.0
1753769565543,06:12:45.543,phemex,XRP/USDT:USDT,3.1427,571.6,3.1424,795.57,3.1428,2346.53,3.1429,15.0
1753769565584,06:12:45.584,phemex,XRP/USDT:USDT,3.1427,571.6,3.1424,795.57,3.1428,2346.53,3.1429,15.0
1753769565584,06:12:45.584,phemex,XRP/USDT:USDT,3.1427,571.6,3.1424,795.57,3.1428,2346.53,3.1429,15.0
1753769565620,06:12:45.620,phemex,XRP/USDT:USDT,3.1427,571.6,3.1424,795.57,3.1428,2346.53,3.1429,15.0
1753769565889,06:12:45.889,phemex,XRP/USDT:USDT,3.1427,571.6,3.1424,795.57,3.1428,2346.53,3.1429,15.0
1753769565914,06:12:45.914,phemex,XRP/USDT:USDT,3.1427,571.6,3.1424,795.57,3.1428,2346.53,3.1429,15.0
1753769566527,06:12:46.527,phemex,XRP/USDT:USDT,3.1427,571.6,3.1424,795.57,3.1428,971.83,3.1429,15.0
1753769566618,06:12:46.618,phemex,XRP/USDT:USDT,3.1427,571.6,3.1424,795.57,3.1428,2346.53,3.1429,15.0
1753769566676,06:12:46.676,phemex,XRP/USDT:USDT,3.1427,571.6,3.1424,795.57,3.1428,1131.87,3.1429,15.0
1753769566685,06:12:46.685,phemex,XRP/USDT:USDT,3.1427,571.6,3.1424,795.57,3.1428,971.83,3.1429,15.0
1753769567416,06:12:47.416,phemex,XRP/USDT:USDT,3.1427,571.6,3.1424,795.57,3.1428,971.83,3.1429,15.0
1753769567433,06:12:47.433,phemex,XRP/USDT:USDT,3.1427,571.6,3.1424,795.57,3.1428,971.83,3.1429,15.0
1753769567635,06:12:47.635,phemex,XRP/USDT:USDT,3.1427,571.6,3.1424,795.57,3.1428,971.83,3.1429,15.0
1753769567687,06:12:47.687,phemex,XRP/USDT:USDT,3.1427,1168.56,3.1424,795.57,3.1428,360.0,3.1429,15.0
1753769567735,06:12:47.735,phemex,XRP/USDT:USDT,3.1427,1168.56,3.1424,795.57,3.1428,360.0,3.1429,15.0
1753769567767,06:12:47.767,phemex,XRP/USDT:USDT,3.1427,1168.56,3.1424,795.57,3.1428,360.0,3.1429,15.0
1753769568109,06:12:48.109,phemex,XRP/USDT:USDT,3.1427,1168.56,3.1424,795.57,3.1428,956.96,3.1429,15.0
1753769568173,06:12:48.173,phemex,XRP/USDT:USDT,3.1427,1168.56,3.1424,795.57,3.1428,956.95,3.1429,15.0
1753769568286,06:12:48.286,phemex,XRP/USDT:USDT,3.1427,571.6,3.1424,795.57,3.1428,956.95,3.1429,15.0
1753769568572,06:12:48.572,phemex,XRP/USDT:USDT,3.1427,1168.56,3.1424,795.57,3.1428,359.99,3.1429,15.0
1753769568982,06:12:48.982,phemex,XRP/USDT:USDT,3.1427,1168.56,3.1424,795.57,3.1428,359.99,3.1429,15.0
1753769569387,06:12:49.387,phemex,XRP/USDT:USDT,3.1427,1168.56,3.1424,795.57,3.1428,359.99,3.1429,15.0
1753769569415,06:12:49.415,phemex,XRP/USDT:USDT,3.1427,1168.56,3.1424,795.57,3.1428,359.99,3.1429,15.0
1753769569605,06:12:49.605,phemex,XRP/USDT:USDT,3.1427,1168.56,3.1424,795.57,3.1428,956.95,3.1429,15.0
1753769569657,06:12:49.657,phemex,XRP/USDT:USDT,3.1427,571.6,3.1424,795.57,3.1428,956.95,3.1429,15.0
1753769569753,06:12:49.753,phemex,XRP/USDT:USDT,3.1427,1168.56,3.1424,795.57,3.1428,956.95,3.1429,15.0
1753769569793,06:12:49.793,phemex,XRP/USDT:USDT,3.1427,1168.56,3.1424,795.57,3.1428,359.99,3.1429,15.0
1753769570801,06:12:50.801,phemex,XRP/USDT:USDT,3.1427,1168.56,3.1424,795.57,3.1428,956.95,3.1429,15.0
1753769570821,06:12:50.821,phemex,XRP/USDT:USDT,3.1427,571.6,3.1424,795.57,3.1428,956.95,3.1429,15.0
1753769571218,06:12:51.218,phemex,XRP/USDT:USDT,3.1427,1168.56,3.1424,795.57,3.1428,956.95,3.1429,15.0
1753769571372,06:12:51.372,phemex,XRP/USDT:USDT,3.1427,1168.56,3.1424,795.57,3.1428,359.99,3.1429,15.0
1753769572052,06:12:52.052,phemex,XRP/USDT:USDT,3.1427,1168.56,3.1424,795.57,3.1428,359.99,3.1429,15.0
1753769572225,06:12:52.225,phemex,XRP/USDT:USDT,3.1427,1168.56,3.1424,795.57,3.1428,956.95,3.1429,15.0
1753769572244,06:12:52.244,phemex,XRP/USDT:USDT,3.1427,571.6,3.1424,795.57,3.1428,956.95,3.1429,15.0
1753769572492,06:12:52.492,phemex,XRP/USDT:USDT,3.1427,2006.25,3.1423,0.32,3.1428,359.99,3.1429,15.0
1753769572508,06:12:52.508,phemex,XRP/USDT:USDT,3.1427,3988.56,3.1423,0.32,3.1428,29.99,3.1429,15.0
1753769572538,06:12:52.538,phemex,XRP/USDT:USDT,3.1427,4333.56,3.1425,795.57,3.1428,14.99,3.1429,15.0
1753769572555,06:12:52.555,phemex,XRP/USDT:USDT,3.1427,4333.56,3.1425,795.57,3.1428,14.99,3.1429,15.0
1753769572567,06:12:52.567,phemex,XRP/USDT:USDT,3.1427,4333.56,3.1425,795.57,3.1429,15.0,3.143,15.32
1753769572592,06:12:52.592,phemex,XRP/USDT:USDT,3.1428,1944.16,3.1427,2701.6,3.143,15.32,3.1431,210.32
1753769572608,06:12:52.608,phemex,XRP/USDT:USDT,3.1429,1002.2,3.1428,1944.16,3.1431,210.32,3.1432,720.53
1753769572627,06:12:52.627,phemex,XRP/USDT:USDT,3.143,1002.2,3.1429,1002.2,3.1431,596.96,3.1432,720.53
1753769572656,06:12:52.656,phemex,XRP/USDT:USDT,3.143,1002.2,3.1428,596.96,3.1431,836.96,3.1432,720.53
1753769572697,06:12:52.697,phemex,XRP/USDT:USDT,3.143,492.69,3.1428,596.96,3.1431,1076.96,3.1432,720.53
1753769572707,06:12:52.707,phemex,XRP/USDT:USDT,3.143,492.69,3.1428,596.96,3.1431,596.96,3.1432,720.53
1753769572737,06:12:52.737,phemex,XRP/USDT:USDT,3.143,492.69,3.1428,596.96,3.1431,596.96,3.1432,720.53
1753769572797,06:12:52.797,phemex,XRP/USDT:USDT,3.143,492.69,3.1428,596.96,3.1431,596.96,3.1432,720.53
1753769572804,06:12:52.804,phemex,XRP/USDT:USDT,3.143,492.69,3.1428,596.96,3.1431,596.96,3.1432,720.53
1753769573102,06:12:53.102,phemex,XRP/USDT:USDT,3.143,492.69,3.1428,596.96,3.1431,596.96,3.1432,720.53
1753769573375,06:12:53.375,phemex,XRP/USDT:USDT,3.143,492.69,3.1428,596.96,3.1431,596.96,3.1432,720.53
1753769573536,06:12:53.536,phemex,XRP/USDT:USDT,3.143,492.69,3.1428,596.96,3.1431,596.96,3.1432,720.53
1753769574016,06:12:54.016,phemex,XRP/USDT:USDT,3.143,492.69,3.1428,596.96,3.1431,596.96,3.1432,720.53
1753769574214,06:12:54.214,phemex,XRP/USDT:USDT,3.1428,596.96,3.1427,571.6,3.1431,596.96,3.1432,720.53
1753769574260,06:12:54.260,phemex,XRP/USDT:USDT,3.1429,583.82,3.1428,941.96,3.1431,596.96,3.1432,720.53
1753769574308,06:12:54.308,phemex,XRP/USDT:USDT,3.143,492.69,3.1429,583.82,3.1431,596.96,3.1432,720.53
1753769574335,06:12:54.335,phemex,XRP/USDT:USDT,3.143,492.69,3.1429,583.82,3.1431,596.96,3.1432,720.53
1753769574497,06:12:54.497,phemex,XRP/USDT:USDT,3.143,492.69,3.1429,4747.94,3.1431,596.96,3.1432,720.53
1753769574519,06:12:54.519,phemex,XRP/USDT:USDT,3.143,1673.47,3.1429,4164.12,3.1431,596.96,3.1432,720.53
1753769574536,06:12:54.536,phemex,XRP/USDT:USDT,3.143,1673.47,3.1429,1475.53,3.1431,596.96,3.1432,720.53
1753769574560,06:12:54.560,phemex,XRP/USDT:USDT,3.143,1673.47,3.1426,1392.53,3.1431,596.96,3.1432,720.53
1753769574606,06:12:54.606,phemex,XRP/USDT:USDT,3.143,1673.47,3.1426,1392.53,3.1432,720.53,3.1433,345.32
1753769574658,06:12:54.658,phemex,XRP/USDT:USDT,3.1431,1002.2,3.143,1673.47,3.1432,612.49,3.1433,345.32
1753769574684,06:12:54.684,phemex,XRP/USDT:USDT,3.1431,492.69,3.143,1180.78,3.1432,597.49,3.1433,345.32
1753769574694,06:12:54.694,phemex,XRP/USDT:USDT,3.1431,492.69,3.143,1180.78,3.1432,597.49,3.1433,345.32
1753769574726,06:12:54.726,phemex,XRP/USDT:USDT,3.1431,492.69,3.143,1180.78,3.1432,627.49,3.1433,345.32
1753769574778,06:12:54.778,phemex,XRP/USDT:USDT,3.1431,492.69,3.143,1180.78,3.1432,612.49,3.1433,345.32
1753769574813,06:12:54.813,phemex,XRP/USDT:USDT,3.1431,583.82,3.143,596.96,3.1432,612.49,3.1433,345.32
1753769574834,06:12:54.834,phemex,XRP/USDT:USDT,3.1431,583.82,3.143,596.96,3.1432,627.49,3.1433,345.32
1753769574936,06:12:54.936,phemex,XRP/USDT:USDT,3.1431,583.82,3.143,596.96,3.1432,627.49,3.1433,345.32
1753769575228,06:12:55.228,phemex,XRP/USDT:USDT,3.1431,583.81,3.143,596.96,3.1432,627.49,3.1433,345.32
1753769575254,06:12:55.254,phemex,XRP/USDT:USDT,3.1431,583.81,3.143,596.96,3.1432,627.49,3.1433,345.32
1753769575462,06:12:55.462,phemex,XRP/USDT:USDT,3.1431,583.81,3.143,596.96,3.1432,627.49,3.1433,345.32
1753769575741,06:12:55.741,phemex,XRP/USDT:USDT,3.1431,583.81,3.1426,1392.53,3.1432,627.49,3.1433,345.32
1753769575758,06:12:55.758,phemex,XRP/USDT:USDT,3.1431,2368.81,3.1426,1392.53,3.1432,597.49,3.1433,0.32
1753769575777,06:12:55.777,phemex,XRP/USDT:USDT,3.1431,1618.81,3.1426,1392.53,3.1432,597.49,3.1433,0.32
1753769575798,06:12:55.798,phemex,XRP/USDT:USDT,3.1431,583.81,3.1426,1392.53,3.1432,627.49,3.1433,0.32
1753769575817,06:12:55.817,phemex,XRP/USDT:USDT,3.1431,583.81,3.1426,1392.53,3.1432,627.49,3.1433,0.32
1753769575869,06:12:55.869,phemex,XRP/USDT:USDT,3.1431,583.81,3.1426,1392.53,3.1432,627.49,3.1433,0.32
1753769576809,06:12:56.809,phemex,XRP/USDT:USDT,3.1431,583.81,3.1426,1392.53,3.1432,627.49,3.1433,0.32
1753769576900,06:12:56.900,phemex,XRP/USDT:USDT,3.1431,583.81,3.1426,1392.53,3.1432,627.49,3.1433,0.32
1753769577491,06:12:57.491,phemex,XRP/USDT:USDT,3.1431,583.81,3.1426,1392.53,3.1432,1427.49,3.1433,0.32
1753769577550,06:12:57.550,phemex,XRP/USDT:USDT,3.1431,583.81,3.1426,1392.53,3.1432,1427.49,3.1433,0.32
1753769578186,06:12:58.186,phemex,XRP/USDT:USDT,3.1431,583.81,3.1426,1392.53,3.1432,1427.49,3.1433,0.32
1753769578216,06:12:58.216,phemex,XRP/USDT:USDT,3.1431,583.81,3.1426,1392.53,3.1432,1427.49,3.1433,0.32
1753769578273,06:12:58.273,phemex,XRP/USDT:USDT,3.1431,928.81,3.1426,1392.53,3.1432,1427.49,3.1433,0.32
1753769578287,06:12:58.287,phemex,XRP/USDT:USDT,3.1431,2713.81,3.1426,1392.53,3.1432,1397.49,3.1433,0.32
1753769578323,06:12:58.323,phemex,XRP/USDT:USDT,3.1431,2368.81,3.1426,1392.53,3.1432,1397.49,3.1433,0.32
1753769578353,06:12:58.353,phemex,XRP/USDT:USDT,3.1431,2368.81,3.1426,1392.53,3.1432,1397.49,3.1433,0.32
1753769578513,06:12:58.513,phemex,XRP/USDT:USDT,3.1431,2023.81,3.1426,1392.53,3.1432,1397.49,3.1433,0.32
1753769578574,06:12:58.574,phemex,XRP/USDT:USDT,3.1431,583.81,3.1426,1392.53,3.1432,1397.49,3.1433,0.32
1753769578607,06:12:58.607,phemex,XRP/USDT:USDT,3.1431,583.81,3.1426,1392.53,3.1432,1427.49,3.1433,0.32
1753769578646,06:12:58.646,phemex,XRP/USDT:USDT,3.1431,583.81,3.1426,1392.53,3.1432,1412.49,3.1433,0.32
1753769579233,06:12:59.233,phemex,XRP/USDT:USDT,3.1431,583.81,3.1426,1392.53,3.1432,1412.49,3.1433,0.32
1753769579422,06:12:59.422,phemex,XRP/USDT:USDT,3.1431,1189.65,3.1426,596.96,3.1432,15.53,3.1433,0.32
1753769579471,06:12:59.471,phemex,XRP/USDT:USDT,3.1431,3319.65,3.1428,795.57,3.1432,0.53,3.1433,0.32
1753769579490,06:12:59.490,phemex,XRP/USDT:USDT,3.1431,2974.65,3.1428,795.57,3.1432,0.53,3.1433,0.32
1753769579493,06:12:59.493,phemex,XRP/USDT:USDT,3.1431,3319.65,3.1428,795.57,3.1432,0.53,3.1433,0.32
1753769579550,06:12:59.550,phemex,XRP/USDT:USDT,3.1431,2974.65,3.1428,795.57,3.1432,0.53,3.1433,0.32
1753769579589,06:12:59.589,phemex,XRP/USDT:USDT,3.1431,2284.65,3.1428,795.57,3.1432,0.53,3.1433,0.32
1753769579631,06:12:59.631,phemex,XRP/USDT:USDT,3.1431,1534.65,3.1428,795.57,3.1432,0.53,3.1433,0.32
1753769579651,06:12:59.651,phemex,XRP/USDT:USDT,3.1431,2974.65,3.1428,795.57,3.1432,0.53,3.1433,0.32
1753769579745,06:12:59.745,phemex,XRP/USDT:USDT,3.1431,2974.65,3.1428,795.57,3.1432,0.53,3.1433,0.32
1753769579755,06:12:59.755,phemex,XRP/USDT:USDT,3.1431,2974.65,3.1428,795.57,3.1432,0.53,3.1433,0.32
1753769579806,06:12:59.806,phemex,XRP/USDT:USDT,3.1431,2974.65,3.1428,795.57,3.1432,0.53,3.1433,0.32
1753769579850,06:12:59.850,phemex,XRP/USDT:USDT,3.1431,2974.65,3.1428,795.57,3.1432,0.53,3.1433,0.32
1753769579896,06:12:59.896,phemex,XRP/USDT:USDT,3.1431,2974.65,3.1428,795.57,3.1432,0.53,3.1433,0.32
1753769579921,06:12:59.921,phemex,XRP/USDT:USDT,3.1431,2974.65,3.1428,795.57,3.1432,0.53,3.1433,0.32
1753769579986,06:12:59.986,phemex,XRP/USDT:USDT,3.1431,2974.65,3.1428,795.57,3.1432,0.53,3.1433,0.32
1753769579992,06:12:59.992,phemex,XRP/USDT:USDT,3.1431,4354.65,3.1428,795.57,3.1432,0.53,3.1433,0.32
1753769580025,06:13:00.025,phemex,XRP/USDT:USDT,3.1431,4699.65,3.1428,795.57,3.1432,0.53,3.1433,0.32
1753769580036,06:13:00.036,phemex,XRP/USDT:USDT,3.1431,4699.65,3.1428,795.57,3.1432,0.53,3.1433,0.32
1753769580195,06:13:00.195,phemex,XRP/USDT:USDT,3.1431,4699.65,3.1428,795.57,3.1432,0.53,3.1433,0.32
1753769580233,06:13:00.233,phemex,XRP/USDT:USDT,3.1431,3664.65,3.1428,795.57,3.1432,0.53,3.1433,0.32
1753769580272,06:13:00.272,phemex,XRP/USDT:USDT,3.1431,3319.65,3.1428,795.57,3.1432,0.53,3.1433,0.32
1753769580293,06:13:00.293,phemex,XRP/USDT:USDT,3.1431,3664.64,3.1428,795.57,3.1432,0.53,3.1433,0.32
1753769580355,06:13:00.355,phemex,XRP/USDT:USDT,3.1431,3664.64,3.1428,795.57,3.1432,0.53,3.1433,0.32
1753769580446,06:13:00.446,phemex,XRP/USDT:USDT,3.1431,3664.64,3.1428,795.57,3.1432,0.53,3.1433,0.32
1753769580775,06:13:00.775,phemex,XRP/USDT:USDT,3.1431,3664.64,3.143,795.57,3.1432,0.53,3.1433,0.32
1753769580903,06:13:00.903,phemex,XRP/USDT:USDT,3.1431,3664.64,3.143,795.57,3.1432,0.53,3.1433,0.32
1753769580929,06:13:00.929,phemex,XRP/USDT:USDT,3.1431,3664.64,3.143,795.57,3.1432,0.53,3.1433,0.32
1753769580930,06:13:00.930,phemex,XRP/USDT:USDT,3.1431,3664.64,3.143,795.57,3.1432,0.53,3.1433,0.32
1753769580984,06:13:00.984,phemex,XRP/USDT:USDT,3.1431,3664.64,3.143,795.57,3.1432,0.53,3.1433,0.32
1753769581031,06:13:01.031,phemex,XRP/USDT:USDT,3.1431,3664.64,3.143,795.57,3.1432,0.53,3.1433,0.32
1753769581040,06:13:01.040,phemex,XRP/USDT:USDT,3.1431,3664.64,3.143,795.57,3.1432,0.53,3.1433,0.32
1753769581185,06:13:01.185,phemex,XRP/USDT:USDT,3.1431,3664.64,3.143,795.57,3.1432,0.53,3.1433,0.32
1753769581320,06:13:01.320,phemex,XRP/USDT:USDT,3.1435,2929.16,3.1432,605.84,3.1436,612.57,3.1437,15044.71
1753769581341,06:13:01.341,phemex,XRP/USDT:USDT,3.1435,1489.16,3.1432,605.84,3.1436,612.57,3.1437,15044.71
1753769581377,06:13:01.377,phemex,XRP/USDT:USDT,3.1435,1489.16,3.1432,605.84,3.1436,612.57,3.1437,15044.71
1753769581430,06:13:01.430,phemex,XRP/USDT:USDT,3.1435,1489.16,3.1432,605.84,3.1436,612.57,3.1437,15044.71
1753769581458,06:13:01.458,phemex,XRP/USDT:USDT,3.1435,1489.16,3.1432,605.84,3.1436,1987.27,3.1437,15044.71
1753769581481,06:13:01.481,phemex,XRP/USDT:USDT,3.1435,1489.16,3.1432,605.84,3.1436,1987.27,3.1437,15044.71
1753769581557,06:13:01.557,phemex,XRP/USDT:USDT,3.1435,1489.16,3.1432,605.84,3.1436,1987.27,3.1437,15044.71
1753769581615,06:13:01.615,phemex,XRP/USDT:USDT,3.1435,1489.16,3.1432,605.84,3.1436,1987.27,3.1437,15044.71
1753769581713,06:13:01.713,phemex,XRP/USDT:USDT,3.1435,740.27,3.1432,605.84,3.1436,1987.27,3.1437,15044.71
1753769581722,06:13:01.722,phemex,XRP/USDT:USDT,3.1432,605.84,3.1431,4438.8,3.1436,1987.27,3.1437,15044.71
1753769581742,06:13:01.742,phemex,XRP/USDT:USDT,3.1432,605.84,3.1431,4363.8,3.1436,1987.27,3.1437,15044.71
1753769581779,06:13:01.779,phemex,XRP/USDT:USDT,3.1432,605.84,3.1431,4363.8,3.1436,1987.27,3.1437,15044.71
1753769581800,06:13:01.800,phemex,XRP/USDT:USDT,3.1432,605.84,3.1431,4363.8,3.1436,1987.27,3.1437,15044.71
1753769581836,06:13:01.836,phemex,XRP/USDT:USDT,3.1432,605.84,3.1431,4363.8,3.1436,1987.27,3.1437,15044.71
1753769581864,06:13:01.864,phemex,XRP/USDT:USDT,3.1432,605.84,3.1431,3780.0,3.1436,1987.27,3.1437,15044.71
1753769581881,06:13:01.881,phemex,XRP/USDT:USDT,3.1432,605.84,3.1431,3030.0,3.1436,1987.27,3.1437,15044.71
1753769581941,06:13:01.941,phemex,XRP/USDT:USDT,3.1432,605.84,3.143,795.57,3.1436,1987.27,3.1437,15044.71
1753769581962,06:13:01.962,phemex,XRP/USDT:USDT,3.1432,605.84,3.143,795.57,3.1436,1987.27,3.1437,15044.71
1753769581981,06:13:01.981,phemex,XRP/USDT:USDT,3.1432,605.84,3.143,795.57,3.1436,1987.27,3.1437,15044.71
1753769582323,06:13:02.323,phemex,XRP/USDT:USDT,3.1433,492.69,3.1432,605.84,3.1436,1987.27,3.1437,15044.71
1753769582369,06:13:02.369,phemex,XRP/USDT:USDT,3.1433,1098.53,3.143,795.57,3.1436,1987.27,3.1437,15044.71
1753769582411,06:13:02.411,phemex,XRP/USDT:USDT,3.1434,567.86,3.1433,1098.53,3.1436,1987.27,3.1437,15044.71
1753769582424,06:13:02.424,phemex,XRP/USDT:USDT,3.1434,567.86,3.1433,605.84,3.1436,1987.27,3.1437,15044.71
1753769582443,06:13:02.443,phemex,XRP/USDT:USDT,3.1434,567.86,3.1433,605.84,3.1435,800.0,3.1436,612.57
1753769582467,06:13:02.467,phemex,XRP/USDT:USDT,3.1434,567.86,3.1433,605.84,3.1435,2780.54,3.1436,6.73
1753769582490,06:13:02.490,phemex,XRP/USDT:USDT,3.1434,567.86,3.1431,0.32,3.1435,2780.54,3.1436,6.73
1753769582511,06:13:02.511,phemex,XRP/USDT:USDT,3.1434,567.86,3.1431,0.32,3.1435,2780.54,3.1436,6.73
1753769582591,06:13:02.591,phemex,XRP/USDT:USDT,3.1434,567.86,3.1431,0.32,3.1435,2780.54,3.1436,6.73
1753769582654,06:13:02.654,phemex,XRP/USDT:USDT,3.1431,0.32,3.143,1401.41,3.1435,2780.54,3.1436,6.73
1753769582665,06:13:02.665,phemex,XRP/USDT:USDT,3.1431,1296.16,3.143,795.57,3.1435,2780.54,3.1436,6.73
1753769582683,06:13:02.683,phemex,XRP/USDT:USDT,3.1431,1173.7,3.143,795.57,3.1435,2780.54,3.1436,6.73
1753769582703,06:13:02.703,phemex,XRP/USDT:USDT,3.1432,605.84,3.1431,567.86,3.1435,2780.54,3.1436,6.73
1753769582720,06:13:02.720,phemex,XRP/USDT:USDT,3.1432,605.84,3.1431,567.86,3.1435,2780.54,3.1436,6.73
1753769582755,06:13:02.755,phemex,XRP/USDT:USDT,3.1432,605.84,3.1431,567.86,3.1435,2780.54,3.1436,6.73
1753769582771,06:13:02.771,phemex,XRP/USDT:USDT,3.1432,605.84,3.1431,567.86,3.1435,2780.54,3.1436,6.73
1753769582826,06:13:02.826,phemex,XRP/USDT:USDT,3.1432,605.84,3.1431,567.86,3.1435,2780.54,3.1436,6.73
1753769583019,06:13:03.019,phemex,XRP/USDT:USDT,3.1432,605.84,3.1431,567.86,3.1435,2780.54,3.1436,6.73
1753769583045,06:13:03.045,phemex,XRP/USDT:USDT,3.1433,567.86,3.1432,605.84,3.1435,2780.54,3.1436,6.73
1753769583088,06:13:03.088,phemex,XRP/USDT:USDT,3.1433,567.86,3.1432,605.84,3.1435,2780.54,3.1436,6.73
1753769583137,06:13:03.137,phemex,XRP/USDT:USDT,3.1433,567.86,3.1432,605.84,3.1435,2780.54,3.1436,6.73
1753769583184,06:13:03.184,phemex,XRP/USDT:USDT,3.1433,567.86,3.1432,605.84,3.1435,2780.54,3.1436,6.73
1753769583335,06:13:03.335,phemex,XRP/USDT:USDT,3.1433,567.86,3.1432,605.84,3.1435,2780.54,3.1436,6.73
1753769583367,06:13:03.367,phemex,XRP/USDT:USDT,3.1433,567.86,3.1432,605.84,3.1435,2780.54,3.1436,6.73
1753769583398,06:13:03.398,phemex,XRP/USDT:USDT,3.1433,567.86,3.1432,605.84,3.1435,2780.54,3.1436,6.73
1753769583404,06:13:03.404,phemex,XRP/USDT:USDT,3.1433,567.86,3.1432,605.84,3.1435,2780.54,3.1436,6.73
1753769583478,06:13:03.478,phemex,XRP/USDT:USDT,3.1433,567.86,3.1432,605.84,3.1435,2780.54,3.1436,6.73
1753769583820,06:13:03.820,phemex,XRP/USDT:USDT,3.1433,567.86,3.1432,605.84,3.1435,2780.54,3.1436,6.73
1753769583838,06:13:03.838,phemex,XRP/USDT:USDT,3.1433,567.86,3.143,795.57,3.1435,2780.54,3.1436,6.73
1753769583880,06:13:03.880,phemex,XRP/USDT:USDT,3.1428,0.32,3.1426,596.96,3.1431,240.0,3.1435,2780.54
1753769583898,06:13:03.898,phemex,XRP/USDT:USDT,3.1428,0.32,3.1427,567.86,3.1431,800.0,3.1435,1847.26
1753769583917,06:13:03.917,phemex,XRP/USDT:USDT,3.1428,951.16,3.1427,567.86,3.1431,1405.84,3.1435,1847.26
1753769583941,06:13:03.941,phemex,XRP/USDT:USDT,3.1429,1010.84,3.1428,345.0,3.1431,1405.84,3.1435,1847.26
1753769583961,06:13:03.961,phemex,XRP/USDT:USDT,3.143,465.0,3.1429,2045.84,3.1431,1405.84,3.1435,2621.05
1753769583978,06:13:03.978,phemex,XRP/USDT:USDT,3.143,345.0,3.1429,1010.84,3.1431,1405.84,3.1435,2621.05
1753769584037,06:13:04.037,phemex,XRP/USDT:USDT,3.143,345.0,3.1429,1010.84,3.1431,1405.84,3.1435,2621.05
1753769584136,06:13:04.136,phemex,XRP/USDT:USDT,3.143,345.0,3.1429,405.0,3.1431,1405.84,3.1432,15029.71
1753769584150,06:13:04.150,phemex,XRP/USDT:USDT,3.1427,567.86,3.1425,3755.84,3.1431,2810.54,3.1432,15074.71
1753769584178,06:13:04.178,phemex,XRP/USDT:USDT,3.1427,1518.7,3.1425,3030.0,3.1431,2810.54,3.1432,15074.71
1753769584211,06:13:04.211,phemex,XRP/USDT:USDT,3.1427,1518.7,3.1425,3030.0,3.1431,2810.54,3.1432,15074.71
1753769584229,06:13:04.229,phemex,XRP/USDT:USDT,3.1427,1518.7,3.1425,3030.0,3.1431,2810.54,3.1432,15074.71
1753769584249,06:13:04.249,phemex,XRP/USDT:USDT,3.1427,1173.7,3.1425,3030.0,3.1431,2810.54,3.1432,15074.71
1753769584296,06:13:04.296,phemex,XRP/USDT:USDT,3.1427,1173.7,3.1425,3030.0,3.1431,2810.54,3.1432,15074.71
1753769584340,06:13:04.340,phemex,XRP/USDT:USDT,3.1427,1173.7,3.1425,3030.0,3.1431,2810.54,3.1432,15074.71
1753769584365,06:13:04.365,phemex,XRP/USDT:USDT,3.1427,1173.7,3.1425,3030.0,3.1431,2810.54,3.1432,15074.71
1753769584947,06:13:04.947,phemex,XRP/USDT:USDT,3.1429,567.86,3.1427,605.84,3.1431,2810.54,3.1432,15074.71
1753769585440,06:13:05.440,phemex,XRP/USDT:USDT,3.1429,912.86,3.1427,605.84,3.1431,2810.54,3.1432,15074.71
1753769585455,06:13:05.455,phemex,XRP/USDT:USDT,3.1429,1923.7,3.1427,605.84,3.1431,2810.54,3.1432,15074.71
1753769585479,06:13:05.479,phemex,XRP/USDT:USDT,3.1429,1578.7,3.1425,4506.16,3.143,540.0,3.1431,2810.54
1753769585507,06:13:05.507,phemex,XRP/USDT:USDT,3.1429,1173.7,3.1425,4506.16,3.143,540.0,3.1431,1435.84
1753769585539,06:13:05.539,phemex,XRP/USDT:USDT,3.1429,1173.7,3.1425,4506.16,3.1431,1435.84,3.1432,15104.71
1753769585613,06:13:05.613,phemex,XRP/USDT:USDT,3.143,605.84,3.1429,912.86,3.1431,1435.84,3.1432,15104.71
1753769585635,06:13:05.635,phemex,XRP/USDT:USDT,3.143,3108.01,3.1429,345.0,3.1431,830.0,3.1432,15104.71
1753769585655,06:13:05.655,phemex,XRP/USDT:USDT,3.143,3453.01,3.1429,345.0,3.1431,830.0,3.1432,15104.71
1753769585687,06:13:05.687,phemex,XRP/USDT:USDT,3.143,3453.01,3.1429,1554.41,3.1431,30.0,3.1432,15104.71
1753769585697,06:13:05.697,phemex,XRP/USDT:USDT,3.143,3453.01,3.1429,1704.04,3.1431,30.0,3.1432,15104.71
1753769585719,06:13:05.719,phemex,XRP/USDT:USDT,3.143,3453.01,3.1429,4475.2,3.1431,30.0,3.1432,15104.71
1753769585737,06:13:05.737,phemex,XRP/USDT:USDT,3.143,3453.01,3.1429,7184.75,3.1431,30.0,3.1432,15104.71
1753769585755,06:13:05.755,phemex,XRP/USDT:USDT,3.143,3453.01,3.1429,7184.75,3.1431,30.0,3.1432,15104.71
1753769585800,06:13:05.800,phemex,XRP/USDT:USDT,3.143,3453.01,3.1429,7184.75,3.1431,30.0,3.1432,15104.71
1753769585818,06:13:05.818,phemex,XRP/USDT:USDT,3.143,4209.77,3.1429,5510.2,3.1431,30.0,3.1432,15104.71
1753769585904,06:13:05.904,phemex,XRP/USDT:USDT,3.143,4209.77,3.1429,5510.2,3.1431,30.0,3.1432,15104.71
1753769585946,06:13:05.946,phemex,XRP/USDT:USDT,3.143,4209.77,3.1429,5161.51,3.1431,30.0,3.1432,15104.71
1753769585947,06:13:05.947,phemex,XRP/USDT:USDT,3.143,4209.77,3.1429,6370.92,3.1431,30.0,3.1432,15104.71
1753769586003,06:13:06.003,phemex,XRP/USDT:USDT,3.143,4209.77,3.1429,6370.92,3.1431,30.0,3.1432,15104.71
1753769586010,06:13:06.010,phemex,XRP/USDT:USDT,3.143,4209.77,3.1429,6370.92,3.1431,30.0,3.1432,15104.71
1753769586128,06:13:06.128,phemex,XRP/USDT:USDT,3.143,4209.77,3.1429,3286.75,3.1431,30.0,3.1432,15104.71
1753769586132,06:13:06.132,phemex,XRP/USDT:USDT,3.143,4209.77,3.1429,3552.87,3.1431,30.0,3.1432,15104.71
1753769586167,06:13:06.167,phemex,XRP/USDT:USDT,3.143,4209.77,3.1429,5623.0,3.1431,30.0,3.1432,15104.71
1753769586175,06:13:06.175,phemex,XRP/USDT:USDT,3.143,4209.77,3.1429,3682.33,3.1431,30.0,3.1432,15104.71
1753769586327,06:13:06.327,phemex,XRP/USDT:USDT,3.143,4209.77,3.1429,1725.0,3.1431,30.0,3.1432,15104.71
1753769586429,06:13:06.429,phemex,XRP/USDT:USDT,3.143,4209.77,3.1429,1725.0,3.1431,30.0,3.1432,15104.71
1753769586539,06:13:06.539,phemex,XRP/USDT:USDT,3.143,4209.77,3.1429,1725.0,3.1431,30.0,3.1432,15104.71
1753769586862,06:13:06.862,phemex,XRP/USDT:USDT,3.143,4209.77,3.1429,8198.79,3.1431,15.0,3.1432,15104.71
1753769586880,06:13:06.880,phemex,XRP/USDT:USDT,3.143,4209.77,3.1429,6320.34,3.1432,15029.71,3.1433,60.32
1753769586902,06:13:06.902,phemex,XRP/USDT:USDT,3.1431,1608.04,3.143,3603.93,3.1432,15029.71,3.1433,0.32
1753769586920,06:13:06.920,phemex,XRP/USDT:USDT,3.1431,1608.04,3.143,3111.24,3.1432,15029.71,3.1433,0.32
1753769586945,06:13:06.945,phemex,XRP/USDT:USDT,3.1431,1608.04,3.143,3111.24,3.1432,15029.71,3.1433,0.32
1753769586959,06:13:06.959,phemex,XRP/USDT:USDT,3.1431,1608.04,3.143,3111.24,3.1432,15029.71,3.1433,0.32
1753769587009,06:13:07.009,phemex,XRP/USDT:USDT,3.1431,1608.04,3.143,3111.24,3.1432,15029.71,3.1433,0.32
1753769587064,06:13:07.064,phemex,XRP/USDT:USDT,3.1431,1098.53,3.143,3111.24,3.1432,15029.71,3.1433,0.32
1753769587108,06:13:07.108,phemex,XRP/USDT:USDT,3.1431,605.84,3.143,3111.24,3.1432,15029.71,3.1433,15.32
1753769587139,06:13:07.139,phemex,XRP/USDT:USDT,3.143,2354.48,3.1429,2070.0,3.1431,450.0,3.1432,15044.71
1753769587160,06:13:07.160,phemex,XRP/USDT:USDT,3.143,569.48,3.1426,1632.79,3.1431,1055.84,3.1432,15044.71
1753769587192,06:13:07.192,phemex,XRP/USDT:USDT,3.143,1175.32,3.1426,1632.79,3.1432,15044.71,3.1433,15.32
1753769587253,06:13:07.253,phemex,XRP/USDT:USDT,3.143,1175.32,3.1426,2389.55,3.1432,15044.71,3.1433,15.32
1753769587265,06:13:07.265,phemex,XRP/USDT:USDT,3.143,1175.32,3.1426,2389.55,3.1432,15044.71,3.1433,15.32
1753769587340,06:13:07.340,phemex,XRP/USDT:USDT,3.143,569.47,3.1426,2389.55,3.1432,15044.71,3.1433,15.32
1753769587360,06:13:07.360,phemex,XRP/USDT:USDT,3.143,569.47,3.1426,2389.55,3.1431,800.0,3.1432,15044.71
1753769587384,06:13:07.384,phemex,XRP/USDT:USDT,3.143,569.47,3.1426,2389.55,3.1431,1405.84,3.1432,15044.71
1753769587420,06:13:07.420,phemex,XRP/USDT:USDT,3.143,569.47,3.1426,2389.55,3.1431,1405.84,3.1432,15074.71
1753769587653,06:13:07.653,phemex,XRP/USDT:USDT,3.143,569.47,3.1426,2389.55,3.1431,1405.84,3.1432,15074.71
1753769588117,06:13:08.117,phemex,XRP/USDT:USDT,3.143,569.47,3.1426,2389.55,3.1431,800.0,3.1432,15074.71
1753769588127,06:13:08.127,phemex,XRP/USDT:USDT,3.143,1167.52,3.1426,2389.55,3.1431,1398.05,3.1432,15074.71
1753769588143,06:13:08.143,phemex,XRP/USDT:USDT,3.143,569.47,3.1426,2389.55,3.1431,1398.05,3.1432,15074.71
1753769588516,06:13:08.516,phemex,XRP/USDT:USDT,3.143,569.47,3.1426,2389.55,3.1431,1398.05,3.1432,15074.71
1753769588867,06:13:08.867,phemex,XRP/USDT:USDT,3.143,1062.16,3.1426,2389.55,3.1431,1398.05,3.1432,15074.71
1753769589067,06:13:09.067,phemex,XRP/USDT:USDT,3.143,569.47,3.1426,2389.55,3.1431,1398.05,3.1432,15074.71
1753769589216,06:13:09.216,phemex,XRP/USDT:USDT,3.143,569.47,3.1426,2389.55,3.1431,1398.05,3.1432,15074.71
1753769589396,06:13:09.396,phemex,XRP/USDT:USDT,3.143,569.47,3.1426,756.76,3.1431,1398.05,3.1432,15074.71
1753769589408,06:13:09.408,phemex,XRP/USDT:USDT,3.143,569.47,3.1426,756.76,3.1431,1398.05,3.1432,15074.71
1753769589819,06:13:09.819,phemex,XRP/USDT:USDT,3.143,569.41,3.1426,756.76,3.1431,1398.05,3.1432,15074.71
1753769589868,06:13:09.868,phemex,XRP/USDT:USDT,3.143,569.41,3.1426,756.76,3.1431,1398.05,3.1432,15479.71
1753769590147,06:13:10.147,phemex,XRP/USDT:USDT,3.143,569.41,3.1426,756.76,3.1431,1398.05,3.1432,15479.71
1753769590588,06:13:10.588,phemex,XRP/USDT:USDT,3.143,1167.46,3.1426,756.76,3.1431,1398.05,3.1432,15479.71
1753769590609,06:13:10.609,phemex,XRP/USDT:USDT,3.143,1167.46,3.1426,756.76,3.1431,800.0,3.1432,15074.71
1753769590669,06:13:10.669,phemex,XRP/USDT:USDT,3.143,1167.46,3.1426,756.76,3.1431,1025.0,3.1432,15074.71
1753769590689,06:13:10.689,phemex,XRP/USDT:USDT,3.143,1167.46,3.1426,756.76,3.1431,1250.0,3.1432,15074.71
1753769590690,06:13:10.690,phemex,XRP/USDT:USDT,3.143,1167.46,3.1426,756.76,3.1431,1250.0,3.1432,15074.71
1753769590737,06:13:10.737,phemex,XRP/USDT:USDT,3.143,1167.46,3.1426,756.76,3.1431,800.0,3.1432,15074.71
1753769590846,06:13:10.846,phemex,XRP/USDT:USDT,3.143,1167.46,3.1426,756.76,3.1432,15074.71,3.1433,15.32
1753769590853,06:13:10.853,phemex,XRP/USDT:USDT,3.1431,492.69,3.143,1167.46,3.1432,15074.71,3.1433,15.32
1753769590916,06:13:10.916,phemex,XRP/USDT:USDT,3.1431,1090.74,3.143,569.41,3.1432,15074.71,3.1433,15.32
1753769591051,06:13:11.051,phemex,XRP/USDT:USDT,3.1431,492.69,3.143,569.41,3.1432,15074.71,3.1433,15.32
1753769591087,06:13:11.087,phemex,XRP/USDT:USDT,3.143,569.41,3.1426,756.76,3.1432,15074.71,3.1433,15.32
1753769591113,06:13:11.113,phemex,XRP/USDT:USDT,3.143,569.41,3.1426,756.76,3.1432,15074.71,3.1433,15.32
1753769591135,06:13:11.135,phemex,XRP/USDT:USDT,3.143,569.41,3.1426,756.76,3.1432,15074.71,3.1433,15.32
1753769591267,06:13:11.267,phemex,XRP/USDT:USDT,3.143,569.41,3.1426,756.76,3.1432,15074.71,3.1433,15.32
1753769591308,06:13:11.308,phemex,XRP/USDT:USDT,3.143,569.41,3.1426,756.76,3.1431,1214.66,3.1432,15479.71
1753769591328,06:13:11.328,phemex,XRP/USDT:USDT,3.143,569.41,3.1426,756.76,3.1431,1628.3,3.1432,15479.71
1753769591334,06:13:11.334,phemex,XRP/USDT:USDT,3.143,569.41,3.1426,756.76,3.1431,1628.3,3.1432,15479.71
1753769591337,06:13:11.337,phemex,XRP/USDT:USDT,3.143,569.41,3.1426,756.76,3.1431,1623.05,3.1432,15479.71
1753769592027,06:13:12.027,phemex,XRP/USDT:USDT,3.143,569.41,3.1426,756.76,3.1431,1623.05,3.1432,15479.71
1753769592043,06:13:12.043,phemex,XRP/USDT:USDT,3.143,569.41,3.1426,756.76,3.1431,1623.05,3.1432,15479.71
1753769592085,06:13:12.085,phemex,XRP/USDT:USDT,3.143,569.41,3.1426,756.76,3.1431,1623.05,3.1432,15479.71
1753769593119,06:13:13.119,phemex,XRP/USDT:USDT,3.143,569.41,3.1426,756.76,3.1431,1623.05,3.1432,15479.71
1753769593150,06:13:13.150,phemex,XRP/USDT:USDT,3.143,569.41,3.1426,756.76,3.1431,1623.05,3.1432,15479.71
1753769593268,06:13:13.268,phemex,XRP/USDT:USDT,3.143,569.41,3.1426,756.76,3.1431,2992.5,3.1432,15479.71
1753769593280,06:13:13.280,phemex,XRP/USDT:USDT,3.143,569.41,3.1426,756.76,3.1431,2997.75,3.1432,15479.71
1753769593296,06:13:13.296,phemex,XRP/USDT:USDT,3.1426,756.76,3.1425,3636.16,3.1431,2997.75,3.1432,15479.71
1753769593323,06:13:13.323,phemex,XRP/USDT:USDT,3.1426,1506.76,3.1425,3636.16,3.1431,2997.75,3.1432,15479.71
1753769593353,06:13:13.353,phemex,XRP/USDT:USDT,3.1426,756.76,3.1425,3366.16,3.1431,2997.75,3.1432,15479.71
1753769593382,06:13:13.382,phemex,XRP/USDT:USDT,3.1426,756.75,3.1425,3366.16,3.1431,2997.75,3.1432,15479.71
1753769593414,06:13:13.414,phemex,XRP/USDT:USDT,3.1427,582.98,3.1426,756.75,3.143,800.0,3.1431,2997.75
1753769593430,06:13:13.430,phemex,XRP/USDT:USDT,3.1427,582.98,3.1425,2760.32,3.1428,15.0,3.1429,30.0
1753769593455,06:13:13.455,phemex,XRP/USDT:USDT,3.1427,582.98,3.1425,0.32,3.1428,2787.75,3.1429,30.0
1753769593473,06:13:13.473,phemex,XRP/USDT:USDT,3.1425,0.32,3.1423,0.32,3.1428,2847.75,3.1429,30.0
1753769593494,06:13:13.494,phemex,XRP/USDT:USDT,3.1421,3026.83,3.1419,3321.86,3.1424,1530.0,3.1426,30.0
1753769593512,06:13:13.512,phemex,XRP/USDT:USDT,3.1421,3026.83,3.1419,3726.86,3.1424,30.0,3.1426,30.0
1753769593533,06:13:13.533,phemex,XRP/USDT:USDT,3.1422,582.98,3.1421,2681.83,3.1424,30.0,3.1426,30.0
1753769593575,06:13:13.575,phemex,XRP/USDT:USDT,3.1422,1181.03,3.1421,1035.0,3.1423,990.0,3.1424,45.0
1753769593622,06:13:13.622,phemex,XRP/USDT:USDT,3.1422,582.98,3.1419,345.0,3.1423,990.0,3.1424,643.05
1753769593694,06:13:13.694,phemex,XRP/USDT:USDT,3.1422,582.98,3.1417,957.15,3.1423,2525.0,3.1424,643.05
1753769593774,06:13:13.774,phemex,XRP/USDT:USDT,3.1419,492.69,3.1417,611.83,3.1423,1458.05,3.1424,45.0
1753769593796,06:13:13.796,phemex,XRP/USDT:USDT,3.1419,1090.74,3.1417,611.83,3.1423,1398.05,3.1424,45.0
1753769593816,06:13:13.816,phemex,XRP/USDT:USDT,3.1419,1090.74,3.1417,611.83,3.1423,1398.05,3.1424,45.0
1753769593828,06:13:13.828,phemex,XRP/USDT:USDT,3.1419,1090.74,3.1418,582.98,3.1423,1398.05,3.1424,45.0
1753769593844,06:13:13.844,phemex,XRP/USDT:USDT,3.1419,1090.74,3.1418,582.98,3.1423,1398.05,3.1424,45.0
1753769593869,06:13:13.869,phemex,XRP/USDT:USDT,3.142,598.05,3.1419,492.69,3.1423,1398.05,3.1424,45.0
1753769593884,06:13:13.884,phemex,XRP/USDT:USDT,3.142,598.05,3.1418,582.98,3.1423,1398.05,3.1424,45.0
1753769593901,06:13:13.901,phemex,XRP/USDT:USDT,3.142,598.05,3.1418,582.98,3.1423,1398.05,3.1424,45.0
1753769593946,06:13:13.946,phemex,XRP/USDT:USDT,3.142,598.05,3.1418,582.98,3.1423,1398.05,3.1424,45.0
1753769593971,06:13:13.971,phemex,XRP/USDT:USDT,3.142,598.05,3.1418,582.98,3.1423,1398.05,3.1424,45.0
1753769593998,06:13:13.998,phemex,XRP/USDT:USDT,3.1418,582.98,3.1417,611.83,3.1419,1200.0,3.1422,1374.7
1753769594005,06:13:14.005,phemex,XRP/USDT:USDT,3.1418,582.98,3.1417,611.83,3.1419,30.0,3.1422,1374.7
1753769594024,06:13:14.024,phemex,XRP/USDT:USDT,3.1418,582.98,3.1417,611.83,3.1419,15.0,3.1423,1398.05
1753769594044,06:13:14.044,phemex,XRP/USDT:USDT,3.1418,582.98,3.1416,345.0,3.1419,45.0,3.1423,1398.05
1753769594069,06:13:14.069,phemex,XRP/USDT:USDT,3.1418,582.98,3.1415,2070.0,3.1419,30.0,3.1423,1398.05
1753769594097,06:13:14.097,phemex,XRP/USDT:USDT,3.1418,582.98,3.1413,1301.83,3.1419,255.0,3.1423,1398.05
1753769594107,06:13:14.107,phemex,XRP/USDT:USDT,3.1418,582.98,3.1413,611.83,3.1419,717.54,3.1423,1398.05
1753769594128,06:13:14.128,phemex,XRP/USDT:USDT,3.1418,582.98,3.1413,611.83,3.1419,1510.59,3.1423,1398.05
1753769594158,06:13:14.158,phemex,XRP/USDT:USDT,3.1418,582.98,3.1413,611.83,3.1419,763.05,3.1421,15038.06
1753769594168,06:13:14.168,phemex,XRP/USDT:USDT,3.1418,6789.84,3.1413,611.83,3.1419,778.05,3.1421,15068.06
1753769594184,06:13:14.184,phemex,XRP/USDT:USDT,3.1418,7055.96,3.1417,1380.0,3.1419,778.05,3.1421,15068.06
1753769594207,06:13:14.207,phemex,XRP/USDT:USDT,3.1418,7055.96,3.1417,2130.0,3.1419,180.0,3.1421,15068.06
1753769594224,06:13:14.224,phemex,XRP/USDT:USDT,3.1418,7654.01,3.1417,2130.0,3.1419,390.0,3.1421,15068.06
1753769594258,06:13:14.258,phemex,XRP/USDT:USDT,3.1418,7055.96,3.1417,2130.0,3.1419,405.0,3.1421,15068.06
1753769594299,06:13:14.299,phemex,XRP/USDT:USDT,3.1418,7055.96,3.1417,2130.0,3.1419,405.0,3.1421,15068.06
1753769594327,06:13:14.327,phemex,XRP/USDT:USDT,3.1418,7055.96,3.1417,2130.0,3.1419,405.0,3.1421,15068.06
1753769594421,06:13:14.421,phemex,XRP/USDT:USDT,3.1418,7055.96,3.1417,2130.0,3.1419,405.0,3.1421,15068.06
1753769594457,06:13:14.457,phemex,XRP/USDT:USDT,3.1418,582.98,3.1417,2130.0,3.1419,405.0,3.1421,15068.06
1753769594470,06:13:14.470,phemex,XRP/USDT:USDT,3.1418,582.98,3.1417,1380.0,3.1419,405.0,3.1421,15068.06
1753769594507,06:13:14.507,phemex,XRP/USDT:USDT,3.1418,582.98,3.1417,1380.0,3.1419,405.0,3.1421,15068.06
1753769594573,06:13:14.573,phemex,XRP/USDT:USDT,3.1418,1181.03,3.1417,1380.0,3.1419,405.0,3.1421,15068.06
1753769594592,06:13:14.592,phemex,XRP/USDT:USDT,3.1418,1181.03,3.1417,1380.0,3.1419,405.0,3.1421,15068.06
1753769594695,06:13:14.695,phemex,XRP/USDT:USDT,3.1418,582.98,3.1417,1380.0,3.1419,1003.05,3.1421,15068.06
1753769594802,06:13:14.802,phemex,XRP/USDT:USDT,3.1418,582.98,3.1417,1380.0,3.1419,1003.05,3.1421,15068.06
1753769594834,06:13:14.834,phemex,XRP/USDT:USDT,3.1418,582.98,3.1417,1380.0,3.1419,1003.05,3.1421,15068.06
1753769594874,06:13:14.874,phemex,XRP/USDT:USDT,3.1418,582.98,3.1417,1380.0,3.1419,1003.05,3.1421,15068.06
1753769594915,06:13:14.915,phemex,XRP/USDT:USDT,3.1418,582.98,3.1417,1380.0,3.1419,1003.05,3.1421,15068.06
1753769594933,06:13:14.933,phemex,XRP/USDT:USDT,3.1418,582.98,3.1417,1380.0,3.1419,1003.05,3.1421,15068.06
1753769594963,06:13:14.963,phemex,XRP/USDT:USDT,3.1418,582.98,3.1417,1380.0,3.1419,1003.05,3.1421,15068.06
1753769595043,06:13:15.043,phemex,XRP/USDT:USDT,3.1418,582.98,3.1417,1380.0,3.1419,1003.05,3.1421,15068.06
1753769595197,06:13:15.197,phemex,XRP/USDT:USDT,3.1418,582.98,3.1417,1380.0,3.1419,1003.05,3.1421,15068.06
1753769595652,06:13:15.652,phemex,XRP/USDT:USDT,3.1416,4250.34,3.1415,598.05,3.1417,1378.05,3.1419,210.0
1753769595697,06:13:15.697,phemex,XRP/USDT:USDT,3.1416,6472.98,3.1415,598.05,3.1417,1378.05,3.1419,210.0
1753769595711,06:13:15.711,phemex,XRP/USDT:USDT,3.1416,6472.98,3.1415,598.05,3.1417,1408.05,3.1419,210.0
1753769595749,06:13:15.749,phemex,XRP/USDT:USDT,3.1416,6472.98,3.1415,598.05,3.1417,1408.05,3.1419,210.0
1753769595785,06:13:15.785,phemex,XRP/USDT:USDT,3.1416,6472.98,3.1415,598.05,3.1417,1408.05,3.1419,210.0
1753769595861,06:13:15.861,phemex,XRP/USDT:USDT,3.1416,6472.98,3.1415,598.05,3.1417,1408.05,3.1419,210.0
1753769595925,06:13:15.925,phemex,XRP/USDT:USDT,3.1416,6472.98,3.1414,924.2,3.1417,1408.05,3.1419,210.0
1753769595947,06:13:15.947,phemex,XRP/USDT:USDT,3.1416,6472.98,3.1414,924.2,3.1417,1408.05,3.1419,210.0
1753769596271,06:13:16.271,phemex,XRP/USDT:USDT,3.1416,6472.98,3.1414,924.2,3.1417,1408.05,3.1419,210.0
1753769596327,06:13:16.327,phemex,XRP/USDT:USDT,3.1416,6472.98,3.1414,924.2,3.1417,1408.05,3.1419,210.0
1753769596353,06:13:16.353,phemex,XRP/USDT:USDT,3.1416,6472.98,3.1414,1269.2,3.1417,1408.05,3.1419,210.0
1753769596374,06:13:16.374,phemex,XRP/USDT:USDT,3.1416,6472.98,3.1414,1269.2,3.1417,1378.05,3.1419,210.0
1753769596447,06:13:16.447,phemex,XRP/USDT:USDT,3.1416,6472.98,3.1414,1269.2,3.1417,1378.05,3.1419,210.0
1753769597118,06:13:17.118,phemex,XRP/USDT:USDT,3.1416,6472.98,3.1414,1269.2,3.1417,1378.05,3.1419,210.0
1753769597337,06:13:17.337,phemex,XRP/USDT:USDT,3.1416,6472.98,3.1414,1269.2,3.1417,1378.05,3.1419,210.0
1753769597446,06:13:17.446,phemex,XRP/USDT:USDT,3.1416,6472.98,3.1414,1269.2,3.1417,1378.05,3.1419,210.0
1753769597479,06:13:17.479,phemex,XRP/USDT:USDT,3.1416,6472.98,3.1414,1269.2,3.1417,1408.05,3.1419,210.0
1753769597529,06:13:17.529,phemex,XRP/USDT:USDT,3.1416,1956.52,3.1414,1269.2,3.1417,1378.05,3.1419,210.0
1753769597541,06:13:17.541,phemex,XRP/USDT:USDT,3.1414,924.2,3.1413,405.0,3.1415,270.0,3.1417,628.05
1753769597564,06:13:17.564,phemex,XRP/USDT:USDT,3.1414,579.2,3.1411,1355.13,3.1415,300.0,3.1417,598.05
1753769597580,06:13:17.580,phemex,XRP/USDT:USDT,3.1414,579.2,3.1411,1355.13,3.1415,165.0,3.1417,598.05
1753769597594,06:13:17.594,phemex,XRP/USDT:USDT,3.1414,579.2,3.1411,1355.13,3.1415,639.65,3.1417,598.05
1753769597615,06:13:17.615,phemex,XRP/USDT:USDT,3.1414,579.2,3.1411,1355.13,3.1415,639.65,3.1419,210.0
1753769597661,06:13:17.661,phemex,XRP/USDT:USDT,3.1414,579.2,3.1411,1355.13,3.1415,639.65,3.1419,210.0
1753769597667,06:13:17.667,phemex,XRP/USDT:USDT,3.1414,579.2,3.1411,1355.13,3.1415,639.65,3.1419,804.65
1753769597794,06:13:17.794,phemex,XRP/USDT:USDT,3.1414,579.2,3.1411,1355.13,3.1415,624.65,3.1419,804.65
1753769598089,06:13:18.089,phemex,XRP/USDT:USDT,3.1414,7742.18,3.1413,1035.0,3.1419,804.65,3.142,800.0
1753769598105,06:13:18.105,phemex,XRP/USDT:USDT,3.1414,7742.18,3.1413,1035.0,3.1419,804.65,3.142,800.0
1753769598191,06:13:18.191,phemex,XRP/USDT:USDT,3.1414,8147.18,3.1413,1035.0,3.1415,1329.65,3.1419,804.65
1753769598191,06:13:18.191,phemex,XRP/USDT:USDT,3.1414,8147.18,3.1413,1035.0,3.1415,1329.65,3.1419,804.65
1753769598227,06:13:18.227,phemex,XRP/USDT:USDT,3.1414,8147.18,3.1413,1380.0,3.1415,1329.65,3.1419,804.65
1753769598309,06:13:18.309,phemex,XRP/USDT:USDT,3.1414,8147.18,3.1413,1380.0,3.1415,594.65,3.1419,804.65
1753769598391,06:13:18.391,phemex,XRP/USDT:USDT,3.1414,7881.06,3.1413,1380.0,3.1415,594.65,3.1419,804.65
1753769598419,06:13:18.419,phemex,XRP/USDT:USDT,3.1414,8147.06,3.1413,1380.0,3.1415,984.65,3.1419,804.65
1753769598434,06:13:18.434,phemex,XRP/USDT:USDT,3.1414,8147.05,3.1413,1380.0,3.1415,984.65,3.1419,804.65
1753769598521,06:13:18.521,phemex,XRP/USDT:USDT,3.1411,0.32,3.1409,0.32,3.1415,3184.1,3.1419,804.97
1753769598540,06:13:18.540,phemex,XRP/USDT:USDT,3.1408,3105.0,3.1407,3319.93,3.141,660.0,3.1415,2014.1
1753769598561,06:13:18.561,phemex,XRP/USDT:USDT,3.1409,1492.34,3.1408,3105.0,3.1414,800.0,3.1415,639.65
1753769598580,06:13:18.580,phemex,XRP/USDT:USDT,3.1409,1087.34,3.1408,2760.0,3.1414,1394.65,3.1415,45.0
1753769598603,06:13:18.603,phemex,XRP/USDT:USDT,3.141,2954.59,3.1409,1492.34,3.1412,1209.41,3.1414,1394.65
1753769598609,06:13:18.609,phemex,XRP/USDT:USDT,3.141,6948.34,3.1409,999.65,3.1411,480.0,3.1414,1394.65
1753769598629,06:13:18.629,phemex,XRP/USDT:USDT,3.141,6948.34,3.1409,999.65,3.1412,594.65,3.1414,800.0
1753769598650,06:13:18.650,phemex,XRP/USDT:USDT,3.141,6948.34,3.1409,999.65,3.1411,594.65,3.1414,800.0
1753769598672,06:13:18.672,phemex,XRP/USDT:USDT,3.141,6472.86,3.1409,999.65,3.1411,594.65,3.1414,800.0
1753769598700,06:13:18.700,phemex,XRP/USDT:USDT,3.141,6472.86,3.1409,405.0,3.1411,624.65,3.1414,800.0
1753769598721,06:13:18.721,phemex,XRP/USDT:USDT,3.141,6472.86,3.1409,405.0,3.1411,654.65,3.1414,800.0
1753769598741,06:13:18.741,phemex,XRP/USDT:USDT,3.141,6472.86,3.1408,2760.0,3.1411,849.65,3.1414,800.0
1753769598761,06:13:18.761,phemex,XRP/USDT:USDT,3.141,6472.86,3.1408,2760.0,3.1411,654.65,3.1414,1242.15
1753769598773,06:13:18.773,phemex,XRP/USDT:USDT,3.141,6472.86,3.1408,3165.0,3.1411,654.65,3.1414,1242.15
1753769598801,06:13:18.801,phemex,XRP/USDT:USDT,3.141,6472.86,3.1408,3165.0,3.1411,639.65,3.1414,1242.15
1753769598832,06:13:18.832,phemex,XRP/USDT:USDT,3.141,6472.86,3.1408,3165.0,3.1411,1119.65,3.1414,1242.15
1753769598851,06:13:18.851,phemex,XRP/USDT:USDT,3.141,6472.86,3.1408,3165.0,3.1411,1149.65,3.1414,1242.15
1753769598869,06:13:18.869,phemex,XRP/USDT:USDT,3.141,6472.86,3.1408,3165.0,3.1411,1119.65,3.1414,1242.15
1753769598894,06:13:18.894,phemex,XRP/USDT:USDT,3.141,6472.86,3.1408,3165.0,3.1411,1149.65,3.1414,1242.15
1753769598915,06:13:18.915,phemex,XRP/USDT:USDT,3.141,6472.86,3.1408,3165.0,3.1411,1119.65,3.1414,1242.15
1753769599000,06:13:19.000,phemex,XRP/USDT:USDT,3.141,6472.86,3.1408,3165.0,3.1411,1119.65,3.1414,1242.15
1753769599091,06:13:19.091,phemex,XRP/USDT:USDT,3.141,6472.86,3.1408,3165.0,3.1411,1119.65,3.1414,1242.15
1753769599152,06:13:19.152,phemex,XRP/USDT:USDT,3.141,6472.86,3.1408,3165.0,3.1411,1119.65,3.1414,1242.15
1753769599245,06:13:19.245,phemex,XRP/USDT:USDT,3.141,6472.86,3.1408,3165.0,3.1411,1119.65,3.1414,1242.15
1753769599271,06:13:19.271,phemex,XRP/USDT:USDT,3.141,6472.86,3.1408,3165.0,3.1411,1104.65,3.1414,1242.15
1753769599314,06:13:19.314,phemex,XRP/USDT:USDT,3.141,6472.86,3.1408,3165.0,3.1411,1104.65,3.1414,1242.15
1753769599361,06:13:19.361,phemex,XRP/USDT:USDT,3.141,6472.86,3.1408,3165.0,3.1411,1104.65,3.1414,1242.15
1753769599389,06:13:19.389,phemex,XRP/USDT:USDT,3.141,6472.86,3.1408,3165.0,3.1411,1104.65,3.1414,1242.15
1753769599508,06:13:19.508,phemex,XRP/USDT:USDT,3.141,6472.86,3.1408,3165.0,3.1411,1104.65,3.1414,1242.15
1753769599515,06:13:19.515,phemex,XRP/USDT:USDT,3.141,6472.86,3.1408,3165.0,3.1411,1104.65,3.1414,1242.15
1753769599579,06:13:19.579,phemex,XRP/USDT:USDT,3.141,6472.86,3.1408,3165.0,3.1411,1119.65,3.1414,1242.15
1753769599739,06:13:19.739,phemex,XRP/USDT:USDT,3.141,6472.86,3.1408,3165.0,3.1411,1104.65,3.1414,1242.15
1753769599800,06:13:19.800,phemex,XRP/USDT:USDT,3.141,6472.86,3.1408,3165.0,3.1411,1104.65,3.1414,1242.15
1753769600347,06:13:20.347,phemex,XRP/USDT:USDT,3.141,6472.86,3.1408,3165.0,3.1411,1104.65,3.1413,0.32
1753769600726,06:13:20.726,phemex,XRP/USDT:USDT,3.141,6472.86,3.1408,3165.0,3.1411,1104.65,3.1413,0.32
1753769600744,06:13:20.744,phemex,XRP/USDT:USDT,3.141,6472.86,3.1409,581.56,3.1411,300.0,3.1413,0.32
1753769600765,06:13:20.765,phemex,XRP/USDT:USDT,3.1412,990.0,3.141,7687.86,3.1413,0.32,3.1415,639.65
1753769600788,06:13:20.788,phemex,XRP/USDT:USDT,3.1412,4070.0,3.1411,800.0,3.1413,0.32,3.1419,210.32
1753769600809,06:13:20.809,phemex,XRP/USDT:USDT,3.1412,9597.59,3.1411,800.0,3.1413,0.32,3.1422,345.32
1753769600829,06:13:20.829,phemex,XRP/USDT:USDT,3.1412,13356.31,3.1411,800.0,3.1413,0.32,3.1422,345.0
1753769600869,06:13:20.869,phemex,XRP/USDT:USDT,3.1412,13356.31,3.1411,800.0,3.1413,0.32,3.1422,345.0
1753769600872,06:13:20.872,phemex,XRP/USDT:USDT,3.1412,13356.31,3.141,1215.0,3.1413,0.32,3.1422,345.0
1753769600895,06:13:20.895,phemex,XRP/USDT:USDT,3.1412,13191.31,3.141,1215.0,3.1413,0.32,3.1422,345.0
1753769600934,06:13:20.934,phemex,XRP/USDT:USDT,3.1412,13191.31,3.141,1215.0,3.1413,0.32,3.1422,345.0
1753769601032,06:13:21.032,phemex,XRP/USDT:USDT,3.1412,13191.31,3.141,1215.0,3.1413,0.32,3.1422,345.0
1753769601052,06:13:21.052,phemex,XRP/USDT:USDT,3.1412,13191.31,3.141,1215.0,3.1413,0.32,3.1422,345.0
1753769601130,06:13:21.130,phemex,XRP/USDT:USDT,3.1412,13191.31,3.141,1215.0,3.1413,0.32,3.1421,800.0
1753769601149,06:13:21.149,phemex,XRP/USDT:USDT,3.1412,13191.31,3.141,1215.0,3.1413,0.32,3.1421,1394.65
1753769601528,06:13:21.528,phemex,XRP/USDT:USDT,3.1412,13191.31,3.141,1215.0,3.1413,0.32,3.1421,1394.65
1753769601974,06:13:21.974,phemex,XRP/USDT:USDT,3.1412,13191.31,3.141,1215.0,3.1413,0.32,3.1421,1394.65
1753769601981,06:13:21.981,phemex,XRP/USDT:USDT,3.1412,13191.31,3.141,1215.0,3.1413,0.32,3.1421,1394.65
1753769602009,06:13:22.009,phemex,XRP/USDT:USDT,3.1412,13356.31,3.141,1215.0,3.1413,0.32,3.1421,1394.65
1753769602122,06:13:22.122,phemex,XRP/USDT:USDT,3.1412,13356.31,3.141,1215.0,3.1413,0.32,3.1421,1394.65
1753769602346,06:13:22.346,phemex,XRP/USDT:USDT,3.1412,13356.31,3.1411,0.32,3.1413,0.32,3.1421,1394.65
1753769602632,06:13:22.632,phemex,XRP/USDT:USDT,3.1412,13356.31,3.1411,0.32,3.1413,0.32,3.1421,1394.65
1753769602650,06:13:22.650,phemex,XRP/USDT:USDT,3.1412,13356.31,3.1411,0.32,3.1413,0.32,3.1421,1394.65
1753769602853,06:13:22.853,phemex,XRP/USDT:USDT,3.1412,13356.31,3.1411,0.32,3.1413,0.32,3.1421,1394.65
1753769603319,06:13:23.319,phemex,XRP/USDT:USDT,3.1412,13356.31,3.1411,0.32,3.1413,0.32,3.1421,1394.65
1753769603382,06:13:23.382,phemex,XRP/USDT:USDT,3.1412,13356.31,3.1411,0.32,3.1413,0.32,3.1421,1394.65
1753769603396,06:13:23.396,phemex,XRP/USDT:USDT,3.1412,14989.1,3.1411,0.32,3.1413,0.32,3.1421,1394.65
1753769603486,06:13:23.486,phemex,XRP/USDT:USDT,3.1412,14989.09,3.1411,0.32,3.1413,0.32,3.1421,1394.65
1753769603635,06:13:23.635,phemex,XRP/USDT:USDT,3.1412,16582.06,3.1411,0.32,3.1413,0.32,3.1422,345.0
1753769603790,06:13:23.790,phemex,XRP/USDT:USDT,3.1412,16582.06,3.1411,0.32,3.1413,0.32,3.1424,0.32
1753769603859,06:13:23.859,phemex,XRP/USDT:USDT,3.1412,16582.06,3.1411,0.32,3.1413,0.32,3.1424,0.32
1753769603887,06:13:23.887,phemex,XRP/USDT:USDT,3.1412,16582.06,3.1411,0.32,3.1413,0.32,3.1424,0.32
1753769603966,06:13:23.966,phemex,XRP/USDT:USDT,3.1412,16582.06,3.1411,0.32,3.1413,0.32,3.1424,0.32
1753769604054,06:13:24.054,phemex,XRP/USDT:USDT,3.1412,16582.06,3.1411,0.32,3.1413,0.32,3.1424,0.32
1753769604063,06:13:24.063,phemex,XRP/USDT:USDT,3.1412,16582.06,3.1411,0.32,3.1413,0.32,3.1424,0.32
1753769604119,06:13:24.119,phemex,XRP/USDT:USDT,3.1412,16582.06,3.1411,0.32,3.1413,0.32,3.1424,0.32
1753769604135,06:13:24.135,phemex,XRP/USDT:USDT,3.1412,16582.06,3.1411,0.32,3.1413,0.32,3.1424,0.32
1753769604291,06:13:24.291,phemex,XRP/USDT:USDT,3.1412,16582.06,3.1411,0.32,3.1413,0.32,3.1424,0.32
1753769604348,06:13:24.348,phemex,XRP/USDT:USDT,3.1412,16582.06,3.1411,0.32,3.1413,0.32,3.1424,0.32
1753769604381,06:13:24.381,phemex,XRP/USDT:USDT,3.1412,16582.06,3.1411,0.32,3.1413,0.32,3.1424,0.32
1753769604706,06:13:24.706,phemex,XRP/USDT:USDT,3.1412,16582.06,3.1411,0.32,3.1413,0.32,3.1424,0.32
1753769605694,06:13:25.694,phemex,XRP/USDT:USDT,3.1412,16582.06,3.1411,0.32,3.1413,0.32,3.1424,0.32
1753769605773,06:13:25.773,phemex,XRP/USDT:USDT,3.1412,16582.06,3.1411,0.32,3.1413,0.32,3.1424,0.32
1753769605860,06:13:25.860,phemex,XRP/USDT:USDT,3.1412,16582.06,3.1411,0.32,3.1413,0.32,3.1424,0.32
1753769606186,06:13:26.186,phemex,XRP/USDT:USDT,3.1412,14949.27,3.1411,0.32,3.1413,0.32,3.1424,0.32
1753769606526,06:13:26.526,phemex,XRP/USDT:USDT,3.1412,14949.27,3.1411,0.32,3.1413,0.32,3.1424,0.32
1753769606594,06:13:26.594,phemex,XRP/USDT:USDT,3.1412,14949.27,3.1411,0.32,3.1413,0.32,3.1424,0.32
1753769606630,06:13:26.630,phemex,XRP/USDT:USDT,3.1412,14949.27,3.1411,0.32,3.1413,0.32,3.1424,0.32
1753769606653,06:13:26.653,phemex,XRP/USDT:USDT,3.1412,14949.27,3.1411,0.32,3.1413,0.32,3.1424,0.32
1753769606832,06:13:26.832,phemex,XRP/USDT:USDT,3.1412,14949.27,3.1411,0.32,3.1413,0.32,3.1424,0.32
1753769606840,06:13:26.840,phemex,XRP/USDT:USDT,3.1412,20655.0,3.1411,0.32,3.1413,0.32,3.1424,0.32
1753769606858,06:13:26.858,phemex,XRP/USDT:USDT,3.1412,20655.0,3.1411,0.32,3.1424,0.32,3.1427,800.0
1753769606884,06:13:26.884,phemex,XRP/USDT:USDT,3.1423,955.61,3.1416,1035.0,3.1427,800.0,3.1428,17081.62
1753769606908,06:13:26.908,phemex,XRP/USDT:USDT,3.1424,564.99,3.1423,1837.34,3.1425,594.65,3.1427,800.0
1753769606928,06:13:26.928,phemex,XRP/USDT:USDT,3.1424,7875.54,3.1423,939.65,3.1425,594.65,3.1427,800.0
1753769606953,06:13:26.953,phemex,XRP/USDT:USDT,3.1424,8565.54,3.1423,594.65,3.1425,594.65,3.1427,800.0
1753769606962,06:13:26.962,phemex,XRP/USDT:USDT,3.1424,7875.54,3.1423,594.65,3.1425,594.65,3.1427,800.0
1753769606978,06:13:26.978,phemex,XRP/USDT:USDT,3.1424,8565.54,3.1423,594.65,3.1427,800.0,3.1428,16597.08
1753769607003,06:13:27.003,phemex,XRP/USDT:USDT,3.1425,750.0,3.1424,8220.54,3.1426,594.65,3.1427,800.0
1753769607024,06:13:27.024,phemex,XRP/USDT:USDT,3.1425,750.0,3.1424,6173.44,3.1426,594.65,3.1427,800.0
1753769607043,06:13:27.043,phemex,XRP/USDT:USDT,3.1425,1095.0,3.1424,909.99,3.1426,594.65,3.1427,800.0
1753769607060,06:13:27.060,phemex,XRP/USDT:USDT,3.1425,2004.99,3.1423,594.65,3.1426,594.65,3.1427,800.0
1753769607098,06:13:27.098,phemex,XRP/USDT:USDT,3.1425,1314.99,3.1423,594.65,3.1426,594.65,3.1427,800.0
1753769607119,06:13:27.119,phemex,XRP/USDT:USDT,3.1425,1314.99,3.1423,594.65,3.1426,594.65,3.1427,800.0
1753769607138,06:13:27.138,phemex,XRP/USDT:USDT,3.1425,969.99,3.1423,594.65,3.1426,594.65,3.1427,800.0
1753769607168,06:13:27.168,phemex,XRP/USDT:USDT,3.1425,969.99,3.1423,594.65,3.1426,594.65,3.1427,800.0
1753769607218,06:13:27.218,phemex,XRP/USDT:USDT,3.1425,1314.99,3.1423,594.65,3.1426,594.65,3.1427,800.0
1753769607252,06:13:27.252,phemex,XRP/USDT:USDT,3.1425,969.99,3.1423,594.65,3.1426,594.65,3.1427,800.0
1753769607279,06:13:27.279,phemex,XRP/USDT:USDT,3.1425,1659.99,3.1423,594.65,3.1426,594.65,3.1427,800.0
1753769607279,06:13:27.279,phemex,XRP/USDT:USDT,3.1425,2004.99,3.1423,594.65,3.1426,594.65,3.1427,800.0
1753769607539,06:13:27.539,phemex,XRP/USDT:USDT,3.1425,2349.99,3.1423,594.65,3.1426,594.65,3.1427,800.0
1753769607613,06:13:27.613,phemex,XRP/USDT:USDT,3.1425,2349.99,3.1423,594.65,3.1426,594.65,3.1427,800.0
1753769607637,06:13:27.637,phemex,XRP/USDT:USDT,3.1425,2004.99,3.1423,594.65,3.1426,594.65,3.1427,800.0
1753769607660,06:13:27.660,phemex,XRP/USDT:USDT,3.1425,564.99,3.1423,594.65,3.1426,594.65,3.1427,800.0
1753769607701,06:13:27.701,phemex,XRP/USDT:USDT,3.1425,564.99,3.142,757.08,3.1426,594.65,3.1427,800.0
1753769607722,06:13:27.722,phemex,XRP/USDT:USDT,3.1425,564.99,3.142,757.08,3.1426,594.65,3.1427,800.0
1753769607741,06:13:27.741,phemex,XRP/USDT:USDT,3.1425,564.99,3.142,757.08,3.1426,594.65,3.1427,800.0
1753769607918,06:13:27.918,phemex,XRP/USDT:USDT,3.1425,564.99,3.142,757.08,3.1426,594.65,3.1427,800.0
1753769608136,06:13:28.136,phemex,XRP/USDT:USDT,3.1425,564.99,3.142,757.08,3.1426,594.65,3.1427,800.0
1753769608276,06:13:28.276,phemex,XRP/USDT:USDT,3.1425,564.99,3.142,757.08,3.1426,594.65,3.1427,800.0
1753769608302,06:13:28.302,phemex,XRP/USDT:USDT,3.1425,564.99,3.142,757.08,3.1426,594.65,3.1427,800.0
1753769608506,06:13:28.506,phemex,XRP/USDT:USDT,3.1425,564.99,3.142,757.08,3.1426,594.65,3.1427,800.0
1753769608535,06:13:28.535,phemex,XRP/USDT:USDT,3.1425,564.99,3.142,757.08,3.1426,594.65,3.1427,800.0
1753769608753,06:13:28.753,phemex,XRP/USDT:USDT,3.1425,564.99,3.142,757.08,3.1426,594.65,3.1427,800.0
1753769608762,06:13:28.762,phemex,XRP/USDT:USDT,3.1425,564.99,3.142,757.08,3.1426,594.65,3.1427,800.0
1753769608854,06:13:28.854,phemex,XRP/USDT:USDT,3.1425,564.99,3.142,757.08,3.1426,594.65,3.1427,800.0
1753769608862,06:13:28.862,phemex,XRP/USDT:USDT,3.1425,564.99,3.142,757.08,3.1426,594.65,3.1427,800.0
1753769609027,06:13:29.027,phemex,XRP/USDT:USDT,3.1425,564.99,3.142,757.08,3.1426,594.65,3.1427,800.0
1753769609134,06:13:29.134,phemex,XRP/USDT:USDT,3.1425,564.99,3.142,757.08,3.1426,1394.65,3.1427,800.0
1753769610009,06:13:30.009,phemex,XRP/USDT:USDT,3.1425,564.99,3.142,757.08,3.1426,1394.65,3.1427,800.0
1753769610031,06:13:30.031,phemex,XRP/USDT:USDT,3.1425,564.99,3.142,757.08,3.1426,1394.65,3.1427,800.0
1753769610290,06:13:30.290,phemex,XRP/USDT:USDT,3.1425,564.99,3.142,757.08,3.1426,1394.65,3.1427,800.0
1753769610387,06:13:30.387,phemex,XRP/USDT:USDT,3.1425,564.99,3.142,757.08,3.1426,1394.65,3.1427,800.0
1753769610763,06:13:30.763,phemex,XRP/USDT:USDT,3.1425,564.99,3.142,757.08,3.1426,594.65,3.1428,15549.03
1753769610775,06:13:30.775,phemex,XRP/USDT:USDT,3.1425,969.99,3.142,757.08,3.1426,594.65,3.1428,15549.03
1753769610830,06:13:30.830,phemex,XRP/USDT:USDT,3.1425,564.99,3.142,757.08,3.1426,594.65,3.1428,15549.03
1753769610905,06:13:30.905,phemex,XRP/USDT:USDT,3.1425,564.99,3.1424,2221.21,3.1426,594.65,3.1428,15549.03
1753769610919,06:13:30.919,phemex,XRP/USDT:USDT,3.1425,564.99,3.1424,6205.55,3.1426,594.65,3.1428,15549.03
1753769610934,06:13:30.934,phemex,XRP/USDT:USDT,3.1425,564.99,3.1424,6205.55,3.1426,594.65,3.1428,15549.03
1753769610968,06:13:30.968,phemex,XRP/USDT:USDT,3.1425,564.99,3.1424,266.0,3.1426,594.65,3.1428,15549.03
1753769611005,06:13:31.005,phemex,XRP/USDT:USDT,3.1425,564.99,3.142,757.08,3.1426,594.65,3.1428,15549.03
1753769611053,06:13:31.053,phemex,XRP/USDT:USDT,3.1425,564.99,3.142,757.08,3.1426,594.65,3.1428,15549.03
1753769611081,06:13:31.081,phemex,XRP/USDT:USDT,3.1425,564.99,3.142,757.08,3.1426,594.65,3.1428,15549.03
1753769611114,06:13:31.114,phemex,XRP/USDT:USDT,3.1425,564.99,3.1421,800.0,3.1426,594.65,3.1428,15549.03
1753769611133,06:13:31.133,phemex,XRP/USDT:USDT,3.1425,564.99,3.1421,800.0,3.1426,594.65,3.1428,15549.03
1753769611172,06:13:31.172,phemex,XRP/USDT:USDT,3.1425,564.99,3.1421,800.0,3.1426,594.65,3.1428,15549.03
1753769611515,06:13:31.515,phemex,XRP/USDT:USDT,3.1425,564.99,3.1421,800.0,3.1426,594.65,3.1428,15549.03
1753769611600,06:13:31.600,phemex,XRP/USDT:USDT,3.1425,564.99,3.1424,5724.44,3.1426,594.65,3.1428,15549.03
1753769611648,06:13:31.648,phemex,XRP/USDT:USDT,3.1425,564.99,3.1421,800.0,3.1426,594.65,3.1428,15549.03
1753769611656,06:13:31.656,phemex,XRP/USDT:USDT,3.1425,564.99,3.1421,800.0,3.1426,594.65,3.1428,15549.03
1753769611969,06:13:31.969,phemex,XRP/USDT:USDT,3.1425,564.99,3.1421,800.0,3.1426,594.65,3.1428,15549.03
1753769612057,06:13:32.057,phemex,XRP/USDT:USDT,3.1425,564.99,3.1421,800.0,3.1426,594.65,3.1428,15549.03
1753769612095,06:13:32.095,phemex,XRP/USDT:USDT,3.1425,564.99,3.1421,800.0,3.1426,594.65,3.1428,15549.03
1753769612311,06:13:32.311,phemex,XRP/USDT:USDT,3.1425,564.99,3.1421,800.0,3.1426,594.65,3.1428,15549.03
1753769612792,06:13:32.792,phemex,XRP/USDT:USDT,3.1425,564.99,3.1421,800.0,3.1426,594.65,3.1428,15549.03
1753769612902,06:13:32.902,phemex,XRP/USDT:USDT,3.1425,564.99,3.1421,800.0,3.1426,594.65,3.1428,15549.03
1753769613090,06:13:33.090,phemex,XRP/USDT:USDT,3.1425,564.99,3.1421,800.0,3.1426,594.65,3.1427,800.0
1753769613899,06:13:33.899,phemex,XRP/USDT:USDT,3.1425,564.99,3.142,757.08,3.1426,594.65,3.1427,800.0
1753769613931,06:13:33.931,phemex,XRP/USDT:USDT,3.1425,564.99,3.142,757.08,3.1426,594.65,3.1427,800.0
1753769613949,06:13:33.949,phemex,XRP/USDT:USDT,3.1425,564.99,3.142,757.08,3.1426,594.65,3.1427,800.0
1753769613979,06:13:33.979,phemex,XRP/USDT:USDT,3.142,757.08,3.1419,594.65,3.1426,594.65,3.1427,800.0
1753769614007,06:13:34.007,phemex,XRP/USDT:USDT,3.142,756.76,3.1419,594.65,3.1426,1057.19,3.1427,800.32
1753769614030,06:13:34.030,phemex,XRP/USDT:USDT,3.1419,594.65,3.1417,3013.11,3.1426,1057.19,3.1427,800.32
1753769614054,06:13:34.054,phemex,XRP/USDT:USDT,3.142,1203.49,3.1417,3013.11,3.1426,1057.19,3.1427,1238.04
1753769614065,06:13:34.065,phemex,XRP/USDT:USDT,3.142,1203.49,3.1417,3013.11,3.1423,589.62,3.1426,1057.19
1753769614086,06:13:34.086,phemex,XRP/USDT:USDT,3.142,2298.49,3.1417,3013.11,3.1423,589.62,3.1425,800.0
1753769614103,06:13:34.103,phemex,XRP/USDT:USDT,3.142,1608.49,3.1417,3013.11,3.1423,589.62,3.1425,800.0
1753769614121,06:13:34.121,phemex,XRP/USDT:USDT,3.142,1203.49,3.1417,3013.11,3.1423,589.62,3.1425,800.0
1753769614141,06:13:34.141,phemex,XRP/USDT:USDT,3.1421,589.62,3.142,613.87,3.1423,604.62,3.1425,800.0
1753769614163,06:13:34.163,phemex,XRP/USDT:USDT,3.1422,1106.56,3.1421,589.62,3.1423,634.62,3.1425,800.0
1753769614208,06:13:34.208,phemex,XRP/USDT:USDT,3.1422,1696.18,3.1417,3013.11,3.1423,30.0,3.1425,800.0
1753769614229,06:13:34.229,phemex,XRP/USDT:USDT,3.1422,2101.18,3.1417,3013.11,3.1425,800.0,3.1426,1394.65
1753769614237,06:13:34.237,phemex,XRP/USDT:USDT,3.1422,2101.18,3.1417,3013.11,3.1425,800.0,3.1426,1394.65
1753769614246,06:13:34.246,phemex,XRP/USDT:USDT,3.1423,492.69,3.1422,1696.18,3.1425,1389.62,3.1426,800.0
1753769614296,06:13:34.296,phemex,XRP/USDT:USDT,3.1423,492.69,3.1422,1203.49,3.1424,15.0,3.1425,1389.62
1753769614805,06:13:34.805,phemex,XRP/USDT:USDT,3.1416,2338.87,3.1415,732.96,3.1422,589.62,3.1423,1237.72
1753769614877,06:13:34.877,phemex,XRP/USDT:USDT,3.1421,492.69,3.142,5724.44,3.1422,1389.62,3.1423,800.0
1753769614926,06:13:34.926,phemex,XRP/USDT:USDT,3.1421,492.69,3.142,747.11,3.1422,589.62,3.1423,800.0
1753769614986,06:13:34.986,phemex,XRP/USDT:USDT,3.1421,492.69,3.142,747.11,3.1422,589.62,3.1423,800.0
1753769615006,06:13:35.006,phemex,XRP/USDT:USDT,3.1421,1106.56,3.1419,690.0,3.1422,589.62,3.1423,800.0
1753769615045,06:13:35.045,phemex,XRP/USDT:USDT,3.1421,1106.56,3.1419,345.0,3.1422,589.62,3.1423,800.0
1753769615073,06:13:35.073,phemex,XRP/USDT:USDT,3.1421,1106.56,3.142,6471.55,3.1422,589.62,3.1423,800.0
1753769615087,06:13:35.087,phemex,XRP/USDT:USDT,3.1421,1106.56,3.142,6205.55,3.1422,589.62,3.1423,800.0
1753769615107,06:13:35.107,phemex,XRP/USDT:USDT,3.1421,1106.56,3.142,2954.59,3.1422,589.62,3.1423,800.0
1753769615260,06:13:35.260,phemex,XRP/USDT:USDT,3.1421,1451.56,3.142,4997.45,3.1424,75.32,3.1425,800.0
1753769615269,06:13:35.269,phemex,XRP/USDT:USDT,3.1421,2041.18,3.142,4997.45,3.1424,589.62,3.1425,800.0
1753769615529,06:13:35.529,phemex,XRP/USDT:USDT,3.1422,613.87,3.1421,589.62,3.1423,589.62,3.1424,30.0
1753769615548,06:13:35.548,phemex,XRP/USDT:USDT,3.1422,613.87,3.1421,589.62,3.1423,589.62,3.1424,15.0
1753769615588,06:13:35.588,phemex,XRP/USDT:USDT,3.1422,613.87,3.1421,589.62,3.1423,589.62,3.1424,15.0
1753769615641,06:13:35.641,phemex,XRP/USDT:USDT,3.1422,613.87,3.1421,589.62,3.1423,589.62,3.1424,15.0
1753769615648,06:13:35.648,phemex,XRP/USDT:USDT,3.1422,613.87,3.1421,589.62,3.1423,589.62,3.1424,15.0
1753769615677,06:13:35.677,phemex,XRP/USDT:USDT,3.1422,613.87,3.1419,345.0,3.1423,589.62,3.1424,15.0
1753769616053,06:13:36.053,phemex,XRP/USDT:USDT,3.1422,613.87,3.1418,1035.0,3.1423,604.62,3.1424,15.0
1753769616075,06:13:36.075,phemex,XRP/USDT:USDT,3.1422,613.87,3.1418,1035.0,3.1423,604.62,3.1424,15.0
1753769616094,06:13:36.094,phemex,XRP/USDT:USDT,3.1422,613.87,3.1418,1035.0,3.1423,604.62,3.1424,15.0
1753769616159,06:13:36.159,phemex,XRP/USDT:USDT,3.1422,613.87,3.1418,1035.0,3.1423,604.62,3.1424,15.0
1753769616189,06:13:36.189,phemex,XRP/USDT:USDT,3.1422,613.87,3.1418,1035.0,3.1423,589.62,3.1424,15.0
1753769616210,06:13:36.210,phemex,XRP/USDT:USDT,3.1422,613.87,3.1418,1035.0,3.1423,604.62,3.1424,15.0
1753769616240,06:13:36.240,phemex,XRP/USDT:USDT,3.1422,613.87,3.1418,1035.0,3.1423,604.62,3.1424,15.0
1753769617032,06:13:37.032,phemex,XRP/USDT:USDT,3.1422,613.87,3.1418,1035.0,3.1423,604.62,3.1424,15.0
1753769617064,06:13:37.064,phemex,XRP/USDT:USDT,3.1422,613.87,3.1418,1035.0,3.1423,604.62,3.1424,15.0
1753769617176,06:13:37.176,phemex,XRP/USDT:USDT,3.1422,613.87,3.1418,1035.0,3.1423,604.62,3.1424,15.0
1753769617200,06:13:37.200,phemex,XRP/USDT:USDT,3.1422,613.87,3.1418,1035.0,3.1423,604.62,3.1424,15.0
1753769617295,06:13:37.295,phemex,XRP/USDT:USDT,3.1422,613.87,3.1418,1035.0,3.1423,604.62,3.1424,15.0
1753769617336,06:13:37.336,phemex,XRP/USDT:USDT,3.1422,613.87,3.1418,1035.0,3.1423,619.62,3.1424,15.0
1753769617357,06:13:37.357,phemex,XRP/USDT:USDT,3.1422,613.87,3.1418,1035.0,3.1423,604.62,3.1424,15.0
1753769617875,06:13:37.875,phemex,XRP/USDT:USDT,3.1422,613.87,3.1418,1035.0,3.1423,604.62,3.1424,15.0
1753769617927,06:13:37.927,phemex,XRP/USDT:USDT,3.1422,613.87,3.1418,1035.0,3.1423,604.62,3.1424,15.0
1753769617977,06:13:37.977,phemex,XRP/USDT:USDT,3.1422,613.87,3.1418,1035.0,3.1423,604.62,3.1424,15.0
1753769618461,06:13:38.461,phemex,XRP/USDT:USDT,3.1422,613.87,3.1418,1035.0,3.1423,1419.62,3.1424,15.0
1753769618691,06:13:38.691,phemex,XRP/USDT:USDT,3.1422,613.87,3.1418,1035.0,3.1423,1404.62,3.1424,15.0
1753769618697,06:13:38.697,phemex,XRP/USDT:USDT,3.1422,613.87,3.1418,1035.0,3.1423,1389.62,3.1424,15.0
1753769618802,06:13:38.802,phemex,XRP/USDT:USDT,3.1422,613.87,3.1418,1035.0,3.1423,1389.62,3.1424,15.0
1753769618920,06:13:38.920,phemex,XRP/USDT:USDT,3.1422,613.87,3.1418,1035.0,3.1423,1389.62,3.1424,15.0
1753769618948,06:13:38.948,phemex,XRP/USDT:USDT,3.1422,613.87,3.1418,1035.0,3.1423,1389.62,3.1424,15.0
1753769619063,06:13:39.063,phemex,XRP/USDT:USDT,3.1422,613.87,3.1418,1767.96,3.1423,589.62,3.1424,15.0
1753769619138,06:13:39.138,phemex,XRP/USDT:USDT,3.1422,613.87,3.1418,1767.96,3.1423,589.62,3.1424,15.0
1753769619240,06:13:39.240,phemex,XRP/USDT:USDT,3.1422,613.87,3.1418,1767.96,3.1423,589.62,3.1424,15.0
1753769619867,06:13:39.867,phemex,XRP/USDT:USDT,3.1422,613.87,3.1418,1767.96,3.1423,589.62,3.1424,15.0
1753769620332,06:13:40.332,phemex,XRP/USDT:USDT,3.1422,613.87,3.1418,1767.96,3.1423,589.62,3.1424,15.0
1753769620863,06:13:40.863,phemex,XRP/USDT:USDT,3.1422,1202.7,3.1418,1767.96,3.1424,15.0,3.1425,800.0
1753769620888,06:13:40.888,phemex,XRP/USDT:USDT,3.1423,492.69,3.1422,1202.7,3.1424,603.83,3.1425,800.0
1753769620909,06:13:40.909,phemex,XRP/USDT:USDT,3.1423,2521.52,3.1422,958.87,3.1424,15.0,3.1425,800.0
1753769620947,06:13:40.947,phemex,XRP/USDT:USDT,3.1424,492.69,3.1423,3815.41,3.1425,1388.83,3.1426,1145.0
1753769620977,06:13:40.977,phemex,XRP/USDT:USDT,3.1424,492.69,3.1423,3322.72,3.1425,1388.83,3.1426,1145.0
1753769620984,06:13:40.984,phemex,XRP/USDT:USDT,3.1424,492.69,3.1423,2977.72,3.1425,1388.83,3.1426,1145.0
1753769621008,06:13:41.008,phemex,XRP/USDT:USDT,3.1424,492.69,3.1423,2572.72,3.1425,1388.83,3.1426,1145.0
1753769621027,06:13:41.027,phemex,XRP/USDT:USDT,3.1424,492.69,3.1423,603.89,3.1425,1388.83,3.1426,1145.0
1753769621044,06:13:41.044,phemex,XRP/USDT:USDT,3.1424,492.69,3.1423,603.89,3.1425,1388.83,3.1426,1145.0
1753769621049,06:13:41.049,phemex,XRP/USDT:USDT,3.1424,492.69,3.1423,603.89,3.1425,1388.83,3.1426,1145.0
1753769621112,06:13:41.112,phemex,XRP/USDT:USDT,3.1423,603.89,3.1422,690.0,3.1425,1388.83,3.1426,1145.0
1753769621128,06:13:41.128,phemex,XRP/USDT:USDT,3.1423,603.89,3.142,210.32,3.1424,588.83,3.1425,800.0
1753769621147,06:13:41.147,phemex,XRP/USDT:USDT,3.1423,603.89,3.142,210.32,3.1424,588.83,3.1425,800.0
1753769621186,06:13:41.186,phemex,XRP/USDT:USDT,3.1423,1698.89,3.142,210.32,3.1424,588.83,3.1425,800.0
1753769621238,06:13:41.238,phemex,XRP/USDT:USDT,3.1423,2388.89,3.142,210.32,3.1424,588.83,3.1425,800.0
1753769621289,06:13:41.289,phemex,XRP/USDT:USDT,3.1423,1698.89,3.142,210.32,3.1424,588.83,3.1425,800.0
1753769621369,06:13:41.369,phemex,XRP/USDT:USDT,3.1423,1353.89,3.142,210.32,3.1424,588.83,3.1425,800.0
1753769621427,06:13:41.427,phemex,XRP/USDT:USDT,3.1423,1008.89,3.142,210.32,3.1424,588.83,3.1425,800.0
1753769621466,06:13:41.466,phemex,XRP/USDT:USDT,3.1423,603.89,3.142,210.32,3.1424,588.83,3.1425,800.0
1753769621521,06:13:41.521,phemex,XRP/USDT:USDT,3.1423,603.89,3.142,210.32,3.1424,588.83,3.1425,800.0
1753769621553,06:13:41.553,phemex,XRP/USDT:USDT,3.1423,1008.89,3.142,210.32,3.1424,588.83,3.1425,800.0
1753769621586,06:13:41.586,phemex,XRP/USDT:USDT,3.1423,603.89,3.142,210.32,3.1424,588.83,3.1425,800.0
1753769621689,06:13:41.689,phemex,XRP/USDT:USDT,3.1423,603.89,3.142,210.32,3.1424,588.83,3.1425,800.0
1753769621705,06:13:41.705,phemex,XRP/USDT:USDT,3.1423,603.88,3.142,210.32,3.1424,588.83,3.1425,800.0
1753769622030,06:13:42.030,phemex,XRP/USDT:USDT,3.1423,603.88,3.142,210.32,3.1424,588.83,3.1425,800.0
1753769622040,06:13:42.040,phemex,XRP/USDT:USDT,3.1423,603.88,3.142,210.32,3.1424,588.83,3.1425,800.0
1753769622339,06:13:42.339,phemex,XRP/USDT:USDT,3.1423,603.88,3.142,210.32,3.1424,603.83,3.1425,800.0
1753769622370,06:13:42.370,phemex,XRP/USDT:USDT,3.1423,603.88,3.142,210.32,3.1424,633.83,3.1425,800.0
1753769622608,06:13:42.608,phemex,XRP/USDT:USDT,3.1423,603.88,3.142,210.32,3.1424,633.83,3.1425,800.0
1753769623109,06:13:43.109,phemex,XRP/USDT:USDT,3.1423,603.88,3.142,210.32,3.1424,618.83,3.1425,800.0
1753769623290,06:13:43.290,phemex,XRP/USDT:USDT,3.1423,603.88,3.142,210.32,3.1424,618.83,3.1425,800.0
1753769623314,06:13:43.314,phemex,XRP/USDT:USDT,3.1423,603.88,3.142,210.32,3.1424,618.83,3.1425,800.0
1753769623966,06:13:43.966,phemex,XRP/USDT:USDT,3.1423,603.88,3.142,210.32,3.1424,1418.83,3.1425,800.0
1753769623996,06:13:43.996,phemex,XRP/USDT:USDT,3.1423,603.88,3.142,210.32,3.1424,1433.83,3.1425,800.0
1753769624036,06:13:44.036,phemex,XRP/USDT:USDT,3.1423,603.88,3.142,210.32,3.1424,1463.83,3.1425,800.0
1753769625700,06:13:45.700,phemex,XRP/USDT:USDT,3.1423,603.88,3.142,210.32,3.1424,1463.83,3.1425,800.0
1753769625734,06:13:45.734,phemex,XRP/USDT:USDT,3.1423,603.88,3.142,210.32,3.1424,1463.83,3.1425,800.0
1753769625957,06:13:45.957,phemex,XRP/USDT:USDT,3.1423,603.88,3.142,210.32,3.1424,663.83,3.1425,800.0
1753769625982,06:13:45.982,phemex,XRP/USDT:USDT,3.1423,603.88,3.142,210.32,3.1424,618.83,3.1425,800.0
1753769625982,06:13:45.982,phemex,XRP/USDT:USDT,3.1423,603.88,3.142,210.32,3.1424,603.83,3.1425,800.0
1753769626408,06:13:46.408,phemex,XRP/USDT:USDT,3.1423,603.88,3.142,210.32,3.1424,618.83,3.1425,800.0
1753769626419,06:13:46.419,phemex,XRP/USDT:USDT,3.1423,603.88,3.142,210.32,3.1424,603.83,3.1425,800.0
1753769626803,06:13:46.803,phemex,XRP/USDT:USDT,3.1423,603.88,3.142,210.32,3.1424,603.83,3.1425,800.0
1753769626867,06:13:46.867,phemex,XRP/USDT:USDT,3.1423,603.88,3.142,210.32,3.1424,603.83,3.1425,800.0
1753769627178,06:13:47.178,phemex,XRP/USDT:USDT,3.1423,1685.4,3.142,210.32,3.1424,15.0,3.1426,345.0
1753769627196,06:13:47.196,phemex,XRP/USDT:USDT,3.1423,4505.4,3.142,210.32,3.1426,345.0,3.1427,0.32
1753769627209,06:13:47.209,phemex,XRP/USDT:USDT,3.1425,492.69,3.1424,588.83,3.1427,0.32,3.1428,15954.03
1753769627230,06:13:47.230,phemex,XRP/USDT:USDT,3.1425,1055.89,3.1424,588.83,3.1426,588.83,3.1427,0.32
1753769627273,06:13:47.273,phemex,XRP/USDT:USDT,3.1425,1055.89,3.1424,588.83,3.1426,588.83,3.1427,0.32
1753769627379,06:13:47.379,phemex,XRP/USDT:USDT,3.1425,1055.89,3.1424,588.83,3.1426,588.83,3.1427,0.32
1753769627431,06:13:47.431,phemex,XRP/USDT:USDT,3.1425,1055.89,3.1424,588.83,3.1426,588.83,3.1427,0.32
1753769627448,06:13:47.448,phemex,XRP/USDT:USDT,3.1425,1055.89,3.1424,588.83,3.1426,813.83,3.1427,0.32
1753769627467,06:13:47.467,phemex,XRP/USDT:USDT,3.1425,1055.89,3.1424,588.83,3.1426,588.83,3.1427,0.32
1753769627751,06:13:47.751,phemex,XRP/USDT:USDT,3.1425,1660.24,3.1423,2820.0,3.1427,0.32,3.1428,15549.03
1753769627768,06:13:47.768,phemex,XRP/USDT:USDT,3.1425,2065.24,3.1423,2820.0,3.1427,0.31,3.1428,15549.03
1753769627805,06:13:47.805,phemex,XRP/USDT:USDT,3.1426,492.69,3.1425,2065.24,3.1427,604.66,3.1428,15549.03
1753769627828,06:13:47.828,phemex,XRP/USDT:USDT,3.1426,492.69,3.1425,1660.24,3.1427,604.66,3.1428,15549.03
1753769627853,06:13:47.853,phemex,XRP/USDT:USDT,3.1426,492.69,3.1425,1167.55,3.1427,604.35,3.1428,15549.03
1753769627874,06:13:47.874,phemex,XRP/USDT:USDT,3.1426,1242.69,3.1425,1167.55,3.1427,604.35,3.1428,15549.03
1753769627888,06:13:47.888,phemex,XRP/USDT:USDT,3.1426,1242.69,3.1425,1167.55,3.1427,604.35,3.1428,15549.03
1753769627923,06:13:47.923,phemex,XRP/USDT:USDT,3.1426,1242.69,3.1425,1167.55,3.1427,604.35,3.1428,15549.03
1753769627956,06:13:47.956,phemex,XRP/USDT:USDT,3.1426,1242.69,3.1425,1167.55,3.1427,604.35,3.1428,15549.03
1753769627990,06:13:47.990,phemex,XRP/USDT:USDT,3.1426,1242.69,3.1425,1167.55,3.1427,604.35,3.1428,15549.03
1753769627991,06:13:47.991,phemex,XRP/USDT:USDT,3.1426,1242.69,3.1425,1167.55,3.1427,604.35,3.1428,15549.03
1753769628059,06:13:48.059,phemex,XRP/USDT:USDT,3.1426,1242.69,3.1425,1167.55,3.1427,604.35,3.1428,15549.03
1753769628063,06:13:48.063,phemex,XRP/USDT:USDT,3.1426,1242.69,3.1425,1167.55,3.1427,604.35,3.1428,15549.03
1753769628089,06:13:48.089,phemex,XRP/USDT:USDT,3.1426,1242.69,3.1425,1167.55,3.1427,604.35,3.1428,15549.03
1753769628099,06:13:48.099,phemex,XRP/USDT:USDT,3.1426,1242.69,3.1425,1167.55,3.1427,604.35,3.1428,15549.03
1753769628129,06:13:48.129,phemex,XRP/USDT:USDT,3.1426,1242.69,3.1425,563.2,3.1427,604.35,3.1428,15549.03
1753769628207,06:13:48.207,phemex,XRP/USDT:USDT,3.1426,492.69,3.1425,563.2,3.1427,604.35,3.1428,15549.03
1753769628208,06:13:48.208,phemex,XRP/USDT:USDT,3.1426,492.69,3.1425,563.2,3.1427,604.35,3.1428,15549.03
1753769628918,06:13:48.918,phemex,XRP/USDT:USDT,3.1427,2593.85,3.1426,7823.88,3.1428,15264.03,3.143,1044.97
1753769628944,06:13:48.944,phemex,XRP/USDT:USDT,3.1427,2593.85,3.1426,7823.88,3.1428,15264.03,3.143,1044.97
1753769629013,06:13:49.013,phemex,XRP/USDT:USDT,3.1427,2593.85,3.1426,7823.88,3.1428,15264.03,3.143,1044.97
1753769629061,06:13:49.061,phemex,XRP/USDT:USDT,3.1427,2593.85,3.1426,7823.88,3.1428,15264.03,3.143,1044.97
1753769629668,06:13:49.668,phemex,XRP/USDT:USDT,3.1421,603.25,3.142,0.32,3.1422,604.35,3.1424,30.0
1753769629676,06:13:49.676,phemex,XRP/USDT:USDT,3.1421,1983.25,3.142,0.32,3.1422,604.35,3.1424,30.0
1753769629698,06:13:49.698,phemex,XRP/USDT:USDT,3.1421,1983.25,3.142,0.32,3.1422,604.35,3.1424,30.0
1753769629716,06:13:49.716,phemex,XRP/USDT:USDT,3.1421,1983.25,3.142,0.32,3.1422,604.35,3.1424,30.0
1753769629766,06:13:49.766,phemex,XRP/USDT:USDT,3.1421,1983.25,3.142,0.32,3.1424,30.0,3.1425,60.0
1753769629788,06:13:49.788,phemex,XRP/USDT:USDT,3.1421,2388.25,3.142,0.32,3.1423,604.35,3.1425,60.0
1753769629809,06:13:49.809,phemex,XRP/USDT:USDT,3.1422,492.69,3.1421,2733.25,3.1423,604.35,3.1425,60.0
1753769629815,06:13:49.815,phemex,XRP/USDT:USDT,3.1422,492.69,3.1421,1698.25,3.1423,604.35,3.1425,60.0
1753769629835,06:13:49.835,phemex,XRP/USDT:USDT,3.1422,1182.69,3.1421,1353.25,3.1423,604.35,3.1425,60.0
1753769629869,06:13:49.869,phemex,XRP/USDT:USDT,3.1422,1527.69,3.1421,1353.25,3.1423,604.35,3.1425,60.0
1753769629927,06:13:49.927,phemex,XRP/USDT:USDT,3.1422,5007.01,3.1421,1353.25,3.1423,604.35,3.1425,60.0
1753769629965,06:13:49.965,phemex,XRP/USDT:USDT,3.1422,6962.22,3.1421,2388.25,3.1423,604.35,3.1425,60.0
1753769629981,06:13:49.981,phemex,XRP/USDT:USDT,3.1422,7910.47,3.1421,1785.0,3.1423,604.35,3.1425,60.0
1753769630107,06:13:50.107,phemex,XRP/USDT:USDT,3.1422,7910.47,3.1421,1785.0,3.1425,60.0,3.1426,724.35
1753769630118,06:13:50.118,phemex,XRP/USDT:USDT,3.1423,1242.69,3.1422,7910.47,3.1425,604.35,3.1426,120.0
1753769630145,06:13:50.145,phemex,XRP/USDT:USDT,3.1423,1242.69,3.1422,7417.78,3.1425,604.35,3.1426,120.0
1753769630178,06:13:50.178,phemex,XRP/USDT:USDT,3.1423,1242.69,3.1422,2776.0,3.1425,604.35,3.1426,120.0
1753769630199,06:13:50.199,phemex,XRP/USDT:USDT,3.1423,1242.69,3.1422,2510.0,3.1425,604.35,3.1426,120.0
1753769630238,06:13:50.238,phemex,XRP/USDT:USDT,3.1423,1845.94,3.1422,1906.75,3.1425,604.35,3.1426,120.0
1753769630276,06:13:50.276,phemex,XRP/USDT:USDT,3.1423,603.25,3.1422,1906.75,3.1425,604.35,3.1426,120.0
1753769630316,06:13:50.316,phemex,XRP/USDT:USDT,3.1423,603.25,3.1422,1906.75,3.1425,604.35,3.1426,120.0
1753769630359,06:13:50.359,phemex,XRP/USDT:USDT,3.1423,603.25,3.1422,1906.75,3.1425,604.35,3.1426,120.0
1753769630376,06:13:50.376,phemex,XRP/USDT:USDT,3.1423,603.25,3.1422,1906.75,3.1425,604.35,3.1426,120.0
1753769630380,06:13:50.380,phemex,XRP/USDT:USDT,3.1423,1008.25,3.1422,1906.75,3.1425,604.35,3.1426,120.0
1753769630426,06:13:50.426,phemex,XRP/USDT:USDT,3.1423,603.25,3.1422,1906.75,3.1425,604.35,3.1426,120.0
1753769630437,06:13:50.437,phemex,XRP/USDT:USDT,3.1423,1353.25,3.1422,345.0,3.1425,604.35,3.1426,120.0
1753769630445,06:13:50.445,phemex,XRP/USDT:USDT,3.1423,1957.6,3.1422,345.0,3.1425,604.35,3.1426,120.0
1753769630493,06:13:50.493,phemex,XRP/USDT:USDT,3.1423,1957.6,3.1422,345.0,3.1426,120.0,3.1427,801.6
1753769630518,06:13:50.518,phemex,XRP/USDT:USDT,3.1424,604.35,3.1423,1353.25,3.1426,120.0,3.1427,801.6
1753769630557,06:13:50.557,phemex,XRP/USDT:USDT,3.1424,604.35,3.1423,603.25,3.1426,724.35,3.1427,800.0
1753769630596,06:13:50.596,phemex,XRP/USDT:USDT,3.1423,603.25,3.1422,345.0,3.1425,604.35,3.1426,120.0
1753769630652,06:13:50.652,phemex,XRP/USDT:USDT,3.1424,955.61,3.1423,1957.6,3.1426,120.0,3.1427,800.0
1753769630668,06:13:50.668,phemex,XRP/USDT:USDT,3.1425,2277.69,3.1424,3134.2,3.1428,15264.03,3.143,1046.57
1753769630691,06:13:50.691,phemex,XRP/USDT:USDT,3.1426,2686.57,3.1425,2880.94,3.1427,604.35,3.1428,15264.03
1753769630708,06:13:50.708,phemex,XRP/USDT:USDT,3.1426,3433.68,3.1425,2388.25,3.1427,604.35,3.1428,15264.03
1753769630716,06:13:50.716,phemex,XRP/USDT:USDT,3.1426,3433.68,3.1425,2388.25,3.1427,604.35,3.1428,15264.03
1753769630739,06:13:50.739,phemex,XRP/USDT:USDT,3.1426,3433.68,3.1425,2388.25,3.1427,604.35,3.1428,15264.03
1753769630772,06:13:50.772,phemex,XRP/USDT:USDT,3.1425,2388.25,3.1424,690.0,3.1427,604.35,3.1428,15264.03
1753769630778,06:13:50.778,phemex,XRP/USDT:USDT,3.1425,1638.25,3.1424,690.0,3.1427,604.35,3.1428,15264.03
1753769630798,06:13:50.798,phemex,XRP/USDT:USDT,3.1425,603.25,3.1424,690.0,3.1427,604.35,3.1428,15264.03
1753769630828,06:13:50.828,phemex,XRP/USDT:USDT,3.1426,6469.53,3.1425,603.25,3.1427,604.35,3.1428,15264.03
1753769630880,06:13:50.880,phemex,XRP/USDT:USDT,3.1426,6469.53,3.1425,1353.25,3.1427,604.35,3.1428,15264.03
1753769630924,06:13:50.924,phemex,XRP/USDT:USDT,3.1426,6469.53,3.1425,1698.25,3.1427,604.35,3.1428,15264.03
1753769630935,06:13:50.935,phemex,XRP/USDT:USDT,3.1426,4907.78,3.1425,1698.25,3.1427,604.35,3.1428,15264.03
1753769630941,06:13:50.941,phemex,XRP/USDT:USDT,3.1425,1698.25,3.1424,690.0,3.1427,604.35,3.1428,15264.03
1753769631028,06:13:51.028,phemex,XRP/USDT:USDT,3.1426,1827.75,3.1425,603.25,3.1427,604.35,3.1428,15264.03
1753769631028,06:13:51.028,phemex,XRP/USDT:USDT,3.1426,6469.53,3.1425,603.25,3.1427,604.35,3.1428,15264.03
1753769631099,06:13:51.099,phemex,XRP/USDT:USDT,3.1426,6469.53,3.1425,948.25,3.1427,604.35,3.1428,15264.03
1753769631141,06:13:51.141,phemex,XRP/USDT:USDT,3.1425,948.25,3.1424,690.0,3.1427,604.35,3.1428,15264.03
1753769631178,06:13:51.178,phemex,XRP/USDT:USDT,3.1425,603.25,3.1424,690.0,3.1427,604.35,3.1428,15264.03
1753769631298,06:13:51.298,phemex,XRP/USDT:USDT,3.1426,266.0,3.1425,603.25,3.1427,604.35,3.1428,15264.03
1753769631316,06:13:51.316,phemex,XRP/USDT:USDT,3.1426,5261.43,3.1425,603.25,3.1427,604.35,3.1428,15264.03
1753769631387,06:13:51.387,phemex,XRP/USDT:USDT,3.1426,2952.57,3.1425,603.25,3.1427,604.35,3.1428,15264.03
1753769631393,06:13:51.393,phemex,XRP/USDT:USDT,3.1426,2686.57,3.1425,603.25,3.1427,604.35,3.1428,15264.03
1753769631440,06:13:51.440,phemex,XRP/USDT:USDT,3.1426,2686.57,3.1425,603.25,3.1427,844.35,3.1428,15264.03
1753769631440,06:13:51.440,phemex,XRP/USDT:USDT,3.1426,2686.57,3.1425,603.25,3.1427,1084.35,3.1428,15264.03
1753769631806,06:13:51.806,phemex,XRP/USDT:USDT,3.1426,5115.69,3.1425,1785.0,3.1427,604.35,3.1428,15264.03
1753769631888,06:13:51.888,phemex,XRP/USDT:USDT,3.1426,601.37,3.1425,1785.0,3.1427,604.35,3.1428,15264.03
1753769631902,06:13:51.902,phemex,XRP/USDT:USDT,3.1426,601.37,3.1424,690.0,3.1427,604.35,3.1428,15264.03
1753769632386,06:13:52.386,phemex,XRP/USDT:USDT,3.1426,601.37,3.1424,690.0,3.1427,604.35,3.1428,15264.03
1753769632423,06:13:52.423,phemex,XRP/USDT:USDT,3.1426,601.37,3.1424,690.0,3.1427,739.35,3.1428,15264.03
1753769632444,06:13:52.444,phemex,XRP/USDT:USDT,3.1424,690.0,3.1423,690.0,3.1427,1144.35,3.1428,15264.03
1753769632465,06:13:52.465,phemex,XRP/USDT:USDT,3.1422,345.0,3.1421,1035.0,3.1425,604.35,3.1427,540.0
1753769632494,06:13:52.494,phemex,XRP/USDT:USDT,3.142,345.32,3.1419,1077.96,3.1424,720.0,3.1425,604.35
1753769632516,06:13:52.516,phemex,XRP/USDT:USDT,3.142,750.0,3.1419,1077.96,3.1422,604.35,3.1424,15.0
1753769632535,06:13:52.535,phemex,XRP/USDT:USDT,3.1419,345.0,3.1418,1035.0,3.142,540.0,3.1422,619.35
1753769632550,06:13:52.550,phemex,XRP/USDT:USDT,3.1418,1035.0,3.1417,1984.67,3.142,15.0,3.1422,619.35
1753769632933,06:13:52.933,phemex,XRP/USDT:USDT,3.1421,1550.72,3.142,690.0,3.1424,604.35,3.1427,977.92
1753769632997,06:13:52.997,phemex,XRP/USDT:USDT,3.1421,1550.72,3.142,690.0,3.1424,604.35,3.1427,977.92
1753769633005,06:13:53.005,phemex,XRP/USDT:USDT,3.1421,1955.72,3.142,690.0,3.1424,604.35,3.1427,977.92
1753769633099,06:13:53.099,phemex,XRP/USDT:USDT,3.1421,1955.72,3.142,690.0,3.1424,604.35,3.1427,540.32
1753769633109,06:13:53.109,phemex,XRP/USDT:USDT,3.1421,1955.72,3.142,690.0,3.1424,604.35,3.1427,540.32
1753769633150,06:13:53.150,phemex,XRP/USDT:USDT,3.1422,6469.53,3.1421,1955.72,3.1424,604.35,3.1427,540.32
1753769633187,06:13:53.187,phemex,XRP/USDT:USDT,3.1422,611.0,3.1421,1955.72,3.1424,604.35,3.1427,540.32
1753769633229,06:13:53.229,phemex,XRP/USDT:USDT,3.1422,345.0,3.1421,1955.72,3.1424,604.35,3.1427,540.32
1753769633247,06:13:53.247,phemex,XRP/USDT:USDT,3.1423,601.37,3.1422,345.0,3.1424,604.35,3.1427,540.32
1753769633291,06:13:53.291,phemex,XRP/USDT:USDT,3.1423,601.37,3.1421,949.35,3.1424,619.35,3.1427,540.32
1753769633305,06:13:53.305,phemex,XRP/USDT:USDT,3.1423,601.37,3.1421,949.35,3.1424,619.35,3.1427,540.32
1753769633341,06:13:53.341,phemex,XRP/USDT:USDT,3.1423,601.37,3.1421,604.35,3.1424,604.35,3.1427,540.32
1753769633377,06:13:53.377,phemex,XRP/USDT:USDT,3.1423,601.37,3.1421,604.35,3.1424,1842.45,3.1427,540.32
1753769633386,06:13:53.386,phemex,XRP/USDT:USDT,3.1423,601.37,3.142,345.0,3.1424,1987.24,3.1427,540.32
1753769633458,06:13:53.458,phemex,XRP/USDT:USDT,3.1423,601.37,3.142,345.0,3.1424,2002.24,3.1427,540.32
1753769633497,06:13:53.497,phemex,XRP/USDT:USDT,3.1423,601.37,3.142,345.0,3.1424,2017.24,3.1427,540.32
1753769633598,06:13:53.598,phemex,XRP/USDT:USDT,3.1423,601.37,3.142,345.0,3.1424,794.14,3.1427,540.32
1753769633609,06:13:53.609,phemex,XRP/USDT:USDT,3.1423,601.37,3.142,345.0,3.1424,794.14,3.1427,540.32
1753769633678,06:13:53.678,phemex,XRP/USDT:USDT,3.1423,601.37,3.142,345.0,3.1424,1987.24,3.1427,540.32
1753769633706,06:13:53.706,phemex,XRP/USDT:USDT,3.1423,601.37,3.142,345.0,3.1424,2002.24,3.1427,540.32
1753769633746,06:13:53.746,phemex,XRP/USDT:USDT,3.1423,601.37,3.142,345.0,3.1424,2017.24,3.1427,540.32
1753769633802,06:13:53.802,phemex,XRP/USDT:USDT,3.1423,601.37,3.142,345.0,3.1424,2017.24,3.1427,540.32
1753769633862,06:13:53.862,phemex,XRP/USDT:USDT,3.1423,601.37,3.142,345.0,3.1424,2002.24,3.1426,800.0
1753769633907,06:13:53.907,phemex,XRP/USDT:USDT,3.1423,601.37,3.142,345.0,3.1424,2017.24,3.1426,800.0
1753769633947,06:13:53.947,phemex,XRP/USDT:USDT,3.1423,601.37,3.142,345.0,3.1424,2047.24,3.1426,800.0
1753769634040,06:13:54.040,phemex,XRP/USDT:USDT,3.142,345.0,3.1419,1767.96,3.1424,2047.24,3.1426,800.0
1753769634051,06:13:54.051,phemex,XRP/USDT:USDT,3.1421,586.6,3.142,345.0,3.1424,2047.24,3.1426,800.0
1753769634065,06:13:54.065,phemex,XRP/USDT:USDT,3.1421,586.6,3.142,345.0,3.1424,2047.24,3.1426,800.0
1753769634117,06:13:54.117,phemex,XRP/USDT:USDT,3.1421,586.6,3.142,345.0,3.1424,2047.24,3.1426,800.0
1753769634171,06:13:54.171,phemex,XRP/USDT:USDT,3.1421,586.6,3.142,345.0,3.1424,2047.24,3.1426,800.0
1753769634213,06:13:54.213,phemex,XRP/USDT:USDT,3.1421,586.6,3.142,345.0,3.1424,2047.24,3.1426,800.0
1753769634234,06:13:54.234,phemex,XRP/USDT:USDT,3.1421,586.6,3.142,345.0,3.1424,2047.24,3.1426,800.0
1753769635306,06:13:55.306,phemex,XRP/USDT:USDT,3.1422,3782.96,3.1421,586.6,3.1424,679.35,3.1426,800.0
1753769635314,06:13:55.314,phemex,XRP/USDT:USDT,3.1422,4532.96,3.1421,931.6,3.1424,604.35,3.1426,800.0
1753769635319,06:13:55.319,phemex,XRP/USDT:USDT,3.1422,4532.96,3.1421,931.6,3.1424,604.35,3.1426,800.0
1753769635366,06:13:55.366,phemex,XRP/USDT:USDT,3.1422,750.0,3.1421,931.6,3.1424,604.35,3.1426,800.0
1753769635439,06:13:55.439,phemex,XRP/USDT:USDT,3.1421,931.6,3.142,345.0,3.1424,619.35,3.1426,800.0
1753769635452,06:13:55.452,phemex,XRP/USDT:USDT,3.1421,931.6,3.142,345.0,3.1424,604.35,3.1426,800.0
1753769635457,06:13:55.457,phemex,XRP/USDT:USDT,3.1421,586.6,3.142,345.0,3.1424,604.35,3.1426,800.0
1753769635513,06:13:55.513,phemex,XRP/USDT:USDT,3.1421,1336.6,3.142,345.0,3.1424,604.35,3.1426,800.0
1753769635577,06:13:55.577,phemex,XRP/USDT:USDT,3.1422,266.0,3.1421,1336.6,3.1424,604.35,3.1426,800.0
1753769635595,06:13:55.595,phemex,XRP/USDT:USDT,3.1423,586.6,3.142,345.0,3.1424,619.35,3.1426,800.0
1753769635613,06:13:55.613,phemex,XRP/USDT:USDT,3.1423,586.6,3.142,345.0,3.1424,634.35,3.1426,800.0
1753769635635,06:13:55.635,phemex,XRP/USDT:USDT,3.1423,586.6,3.142,345.0,3.1424,649.35,3.1426,800.0
1753769635679,06:13:55.679,phemex,XRP/USDT:USDT,3.1423,586.6,3.142,345.0,3.1424,619.35,3.1426,800.0
1753769635712,06:13:55.712,phemex,XRP/USDT:USDT,3.1423,586.6,3.142,345.0,3.1424,604.35,3.1426,800.0
1753769635733,06:13:55.733,phemex,XRP/USDT:USDT,3.1423,586.6,3.142,345.0,3.1424,619.35,3.1426,800.0
1753769635743,06:13:55.743,phemex,XRP/USDT:USDT,3.1423,586.6,3.142,345.0,3.1424,619.35,3.1426,800.0
1753769635797,06:13:55.797,phemex,XRP/USDT:USDT,3.1423,586.6,3.142,345.0,3.1424,619.35,3.1426,800.0
1753769635969,06:13:55.969,phemex,XRP/USDT:USDT,3.1423,586.6,3.142,345.0,3.1424,634.35,3.1426,800.0
1753769636289,06:13:56.289,phemex,XRP/USDT:USDT,3.1425,2519.29,3.1424,7418.88,3.1426,604.35,3.1427,60.32
1753769636303,06:13:56.303,phemex,XRP/USDT:USDT,3.1425,3123.64,3.1424,1906.75,3.1427,60.32,3.1428,15264.03
1753769636330,06:13:56.330,phemex,XRP/USDT:USDT,3.1426,492.69,3.1425,3123.64,3.1427,60.0,3.1428,15264.03
1753769636350,06:13:56.350,phemex,XRP/USDT:USDT,3.1426,492.69,3.1425,2630.95,3.1427,60.0,3.1428,15264.03
1753769636381,06:13:56.381,phemex,XRP/USDT:USDT,3.1426,1683.64,3.1425,2044.35,3.1427,60.0,3.1428,15264.03
1753769636455,06:13:56.455,phemex,XRP/USDT:USDT,3.1426,1683.64,3.1425,2130.0,3.1427,60.0,3.1428,15264.03
1753769636492,06:13:56.492,phemex,XRP/USDT:USDT,3.1426,1683.64,3.1425,2130.0,3.1427,60.0,3.1428,15264.03
1753769636519,06:13:56.519,phemex,XRP/USDT:USDT,3.1426,1683.64,3.1425,2130.0,3.1427,60.0,3.1428,15264.03
1753769636685,06:13:56.685,phemex,XRP/USDT:USDT,3.1426,586.6,3.1425,1380.0,3.1427,2032.24,3.1428,15264.03
1753769638073,06:13:58.073,phemex,XRP/USDT:USDT,3.1426,1923.26,3.1425,1380.0,3.1427,1427.89,3.1428,15264.03
1753769638154,06:13:58.154,phemex,XRP/USDT:USDT,3.1426,1923.26,3.1425,1380.0,3.1427,1427.89,3.1428,15264.03
1753769638187,06:13:58.187,phemex,XRP/USDT:USDT,3.1426,1923.26,3.1425,1380.0,3.1427,1427.89,3.1428,15264.03
1753769638404,06:13:58.404,phemex,XRP/USDT:USDT,3.1426,1336.6,3.1425,1380.0,3.1427,1427.89,3.1428,15264.03
1753769638444,06:13:58.444,phemex,XRP/USDT:USDT,3.1426,586.6,3.1425,1380.0,3.1427,2014.55,3.1428,15264.03
1753769638779,06:13:58.779,phemex,XRP/USDT:USDT,3.1426,9073.88,3.1425,1380.0,3.1427,60.0,3.1428,90.0
1753769638785,06:13:58.785,phemex,XRP/USDT:USDT,3.1426,9073.88,3.1425,2130.0,3.143,105.32,3.1431,871.66
1753769638815,06:13:58.815,phemex,XRP/USDT:USDT,3.1427,586.66,3.1426,7531.61,3.143,586.66,3.1431,285.0
1753769638838,06:13:58.838,phemex,XRP/USDT:USDT,3.1427,1336.66,3.1426,3273.17,3.1428,1367.89,3.143,586.66
1753769638859,06:13:58.859,phemex,XRP/USDT:USDT,3.1427,1336.65,3.1426,6043.02,3.1428,159.79,3.143,586.66
1753769638870,06:13:58.870,phemex,XRP/USDT:USDT,3.1427,2641.65,3.1426,4495.76,3.143,586.66,3.1433,0.32
1753769638887,06:13:58.887,phemex,XRP/USDT:USDT,3.1429,492.69,3.1427,2641.65,3.143,586.66,3.1433,0.32
1753769638916,06:13:58.916,phemex,XRP/USDT:USDT,3.1428,747.11,3.1427,2624.61,3.143,631.66,3.1433,0.32
1753769638939,06:13:58.939,phemex,XRP/USDT:USDT,3.1428,3782.96,3.1427,2624.61,3.143,586.66,3.1433,0.32
1753769638943,06:13:58.943,phemex,XRP/USDT:USDT,3.1428,4369.62,3.1427,2624.61,3.143,586.66,3.1433,0.32
1753769638985,06:13:58.985,phemex,XRP/USDT:USDT,3.1428,4714.62,3.1427,2634.04,3.143,586.66,3.1433,0.32
1753769639004,06:13:59.004,phemex,XRP/USDT:USDT,3.1428,4714.62,3.1427,2634.04,3.143,586.66,3.1433,0.32
1753769639056,06:13:59.056,phemex,XRP/USDT:USDT,3.1428,7401.19,3.1427,2634.04,3.143,586.66,3.1433,0.32
1753769639062,06:13:59.062,phemex,XRP/USDT:USDT,3.1428,7401.19,3.1427,2634.04,3.143,586.66,3.1433,0.32
1753769639086,06:13:59.086,phemex,XRP/USDT:USDT,3.1429,596.08,3.1428,7746.19,3.143,586.66,3.1433,0.32
1753769639134,06:13:59.134,phemex,XRP/USDT:USDT,3.1429,596.08,3.1428,7746.19,3.143,586.66,3.1433,0.32
1753769639183,06:13:59.183,phemex,XRP/USDT:USDT,3.1429,1286.08,3.1428,7746.19,3.143,586.66,3.1433,0.32
1753769639200,06:13:59.200,phemex,XRP/USDT:USDT,3.1429,1286.08,3.1428,1276.66,3.143,586.66,3.1433,0.32
1753769639245,06:13:59.245,phemex,XRP/USDT:USDT,3.1429,1286.08,3.1428,1276.66,3.143,586.66,3.1433,0.32
1753769639291,06:13:59.291,phemex,XRP/USDT:USDT,3.1429,1286.08,3.1428,1276.66,3.143,586.66,3.1433,0.32
1753769639379,06:13:59.379,phemex,XRP/USDT:USDT,3.1429,1286.08,3.1428,1276.66,3.143,601.66,3.1433,0.32
1753769639637,06:13:59.637,phemex,XRP/USDT:USDT,3.1429,1872.74,3.1428,690.0,3.1432,586.66,3.1433,0.32
1753769639663,06:13:59.663,phemex,XRP/USDT:USDT,3.1429,1872.74,3.1428,690.0,3.1432,586.66,3.1433,0.32
1753769639765,06:13:59.765,phemex,XRP/USDT:USDT,3.1429,1286.08,3.1428,690.0,3.143,570.0,3.1432,586.66
1753769639792,06:13:59.792,phemex,XRP/USDT:USDT,3.1429,1286.08,3.1428,690.0,3.143,616.66,3.1431,800.0
1753769639806,06:13:59.806,phemex,XRP/USDT:USDT,3.1429,1286.08,3.1428,690.0,3.143,616.66,3.1431,800.0
1753769639826,06:13:59.826,phemex,XRP/USDT:USDT,3.1429,1286.08,3.1428,690.0,3.143,616.66,3.1431,800.0
1753769639864,06:13:59.864,phemex,XRP/USDT:USDT,3.1429,1286.08,3.1428,690.0,3.143,616.66,3.1431,800.0
1753769639902,06:13:59.902,phemex,XRP/USDT:USDT,3.1429,1286.08,3.1428,690.0,3.143,601.66,3.1431,800.0
1753769640015,06:14:00.015,phemex,XRP/USDT:USDT,3.1429,1286.08,3.1428,690.0,3.143,601.66,3.1431,800.0
1753769640057,06:14:00.057,phemex,XRP/USDT:USDT,3.1429,690.0,3.1428,690.0,3.143,601.66,3.1431,800.0
1753769640074,06:14:00.074,phemex,XRP/USDT:USDT,3.1428,345.0,3.1427,1305.0,3.143,721.66,3.1431,800.0
1753769640090,06:14:00.090,phemex,XRP/USDT:USDT,3.1428,345.0,3.1427,1035.0,3.1429,586.66,3.143,631.66
1753769640115,06:14:00.115,phemex,XRP/USDT:USDT,3.1428,345.0,3.1427,1035.0,3.1429,586.66,3.143,601.66
1753769640123,06:14:00.123,phemex,XRP/USDT:USDT,3.1428,345.0,3.1427,1035.0,3.1429,586.66,3.143,15.0
1753769640146,06:14:00.146,phemex,XRP/USDT:USDT,3.1428,345.0,3.1427,1035.0,3.1429,601.66,3.143,15.0
1753769640165,06:14:00.165,phemex,XRP/USDT:USDT,3.1428,345.0,3.1427,1035.0,3.1429,601.66,3.143,15.0
1753769640201,06:14:00.201,phemex,XRP/USDT:USDT,3.1428,345.0,3.1427,1035.0,3.1429,586.66,3.143,15.0
1753769640208,06:14:00.208,phemex,XRP/USDT:USDT,3.1428,345.0,3.1427,1035.0,3.1429,586.66,3.143,15.0
1753769640225,06:14:00.225,phemex,XRP/USDT:USDT,3.1428,345.0,3.1427,1035.0,3.1429,586.66,3.143,15.0
1753769640252,06:14:00.252,phemex,XRP/USDT:USDT,3.1428,345.0,3.1427,1035.0,3.1429,586.66,3.1433,437.95
1753769640274,06:14:00.274,phemex,XRP/USDT:USDT,3.1428,1095.0,3.1427,7504.53,3.1429,586.66,3.1433,437.95
1753769640697,06:14:00.697,phemex,XRP/USDT:USDT,3.1428,1095.0,3.1427,1035.0,3.1429,586.66,3.1433,437.95
1753769640777,06:14:00.777,phemex,XRP/USDT:USDT,3.1428,1095.0,3.1427,1035.0,3.1429,586.66,3.1432,800.0
1753769640790,06:14:00.790,phemex,XRP/USDT:USDT,3.1428,690.0,3.1427,1035.0,3.1429,586.66,3.1432,800.0
1753769640841,06:14:00.841,phemex,XRP/USDT:USDT,3.1428,345.0,3.1427,7504.53,3.1429,586.66,3.1432,800.0
1753769640857,06:14:00.857,phemex,XRP/USDT:USDT,3.1428,345.0,3.1427,2798.11,3.1429,586.66,3.1432,800.0
1753769640885,06:14:00.885,phemex,XRP/USDT:USDT,3.1431,255.0,3.1428,931.66,3.1432,800.0,3.1433,437.95
1753769640896,06:14:00.896,phemex,XRP/USDT:USDT,3.1431,750.0,3.1428,931.66,3.1432,1386.66,3.1433,437.95
1753769640911,06:14:00.911,phemex,XRP/USDT:USDT,3.1428,931.66,3.1427,2130.0,3.1432,1386.66,3.1433,437.95
1753769640941,06:14:00.941,phemex,XRP/USDT:USDT,3.1429,1336.66,3.1428,345.0,3.1432,800.0,3.1433,0.32
1753769640954,06:14:00.954,phemex,XRP/USDT:USDT,3.1429,8841.19,3.1428,345.0,3.1431,586.66,3.1432,800.0
1753769640985,06:14:00.985,phemex,XRP/USDT:USDT,3.143,492.69,3.1429,5025.52,3.1431,586.66,3.1432,800.0
1753769641014,06:14:01.014,phemex,XRP/USDT:USDT,3.143,492.69,3.1429,5025.52,3.1431,586.66,3.1432,800.0
1753769641041,06:14:01.041,phemex,XRP/USDT:USDT,3.143,1089.4,3.1429,4278.41,3.1431,586.66,3.1432,800.0
1753769641139,06:14:01.139,phemex,XRP/USDT:USDT,3.143,596.71,3.1429,4278.41,3.1431,586.66,3.1432,800.0
1753769641149,06:14:01.149,phemex,XRP/USDT:USDT,3.143,596.71,3.1429,4278.41,3.1431,586.66,3.1432,800.0
1753769641199,06:14:01.199,phemex,XRP/USDT:USDT,3.143,596.71,3.1429,4278.41,3.1431,586.66,3.1432,800.0
1753769641271,06:14:01.271,phemex,XRP/USDT:USDT,3.143,596.71,3.1429,4278.41,3.1431,586.66,3.1432,800.0
1753769641390,06:14:01.390,phemex,XRP/USDT:USDT,3.143,596.71,3.1429,4278.41,3.1431,586.66,3.1432,800.0
1753769641697,06:14:01.697,phemex,XRP/USDT:USDT,3.143,596.71,3.1429,2130.0,3.1431,586.66,3.1432,800.0
1753769642062,06:14:02.062,phemex,XRP/USDT:USDT,3.143,596.71,3.1429,2130.0,3.1431,586.66,3.1432,800.0
1753769642080,06:14:02.080,phemex,XRP/USDT:USDT,3.143,596.71,3.1429,2130.0,3.1431,586.66,3.1432,800.0
1753769642109,06:14:02.109,phemex,XRP/USDT:USDT,3.1429,2130.0,3.1428,345.0,3.1431,586.66,3.1432,800.0
1753769642117,06:14:02.117,phemex,XRP/USDT:USDT,3.1429,2130.0,3.1428,345.0,3.1431,586.66,3.1432,800.0
1753769642227,06:14:02.227,phemex,XRP/USDT:USDT,3.1429,2130.0,3.1428,345.0,3.1431,586.66,3.1432,800.0
1753769642239,06:14:02.239,phemex,XRP/USDT:USDT,3.1429,2130.0,3.1428,941.71,3.1431,586.66,3.1432,800.0
1753769642312,06:14:02.312,phemex,XRP/USDT:USDT,3.1429,2130.0,3.1428,941.71,3.1431,586.66,3.1432,800.0
1753769642747,06:14:02.747,phemex,XRP/USDT:USDT,3.1429,2130.0,3.1428,941.71,3.1431,586.66,3.1432,800.0
1753769642759,06:14:02.759,phemex,XRP/USDT:USDT,3.1429,2726.71,3.1428,345.0,3.1431,586.66,3.1432,800.0
1753769642845,06:14:02.845,phemex,XRP/USDT:USDT,3.1429,2726.71,3.1428,345.0,3.1431,586.66,3.1432,800.0
1753769643180,06:14:03.180,phemex,XRP/USDT:USDT,3.1429,2726.71,3.1428,345.0,3.143,586.66,3.1432,800.0
1753769643868,06:14:03.868,phemex,XRP/USDT:USDT,3.1429,2726.71,3.1428,345.0,3.143,586.66,3.1432,800.0
1753769645119,06:14:05.119,phemex,XRP/USDT:USDT,3.1429,2726.71,3.1428,345.0,3.143,586.66,3.1432,800.0
1753769645476,06:14:05.476,phemex,XRP/USDT:USDT,3.1429,2726.71,3.1428,345.0,3.143,586.66,3.1432,800.0
1753769646720,06:14:06.720,phemex,XRP/USDT:USDT,3.1431,495.0,3.1429,2726.71,3.1433,0.32,3.1434,30.0
1753769646745,06:14:06.745,phemex,XRP/USDT:USDT,3.1432,1893.12,3.1431,2993.1,3.1433,586.66,3.1435,166.92
1753769646756,06:14:06.756,phemex,XRP/USDT:USDT,3.1432,1893.12,3.1431,3384.77,3.1433,586.66,3.1435,165.32
1753769646779,06:14:06.779,phemex,XRP/USDT:USDT,3.1432,1893.12,3.1431,3384.77,3.1433,586.66,3.1435,165.32
1753769646798,06:14:06.798,phemex,XRP/USDT:USDT,3.1432,1893.12,3.1431,2532.11,3.1433,586.66,3.1435,165.32
1753769646819,06:14:06.819,phemex,XRP/USDT:USDT,3.1432,1893.12,3.1431,1785.0,3.1433,586.66,3.1435,0.32
1753769646831,06:14:06.831,phemex,XRP/USDT:USDT,3.1432,1893.12,3.1431,1785.0,3.1433,586.66,3.1435,0.32
1753769646838,06:14:06.838,phemex,XRP/USDT:USDT,3.1432,1893.12,3.1431,1785.0,3.1433,586.66,3.1435,0.32
1753769646874,06:14:06.874,phemex,XRP/USDT:USDT,3.1432,1893.12,3.1431,1785.0,3.1433,586.66,3.1435,0.32
1753769646906,06:14:06.906,phemex,XRP/USDT:USDT,3.1432,1893.12,3.1431,1785.0,3.1433,586.66,3.1435,0.32
1753769646942,06:14:06.942,phemex,XRP/USDT:USDT,3.1434,492.69,3.1433,1380.0,3.1437,1066.66,3.1438,182.23
1753769646958,06:14:06.958,phemex,XRP/USDT:USDT,3.1435,405.0,3.1434,492.69,3.1437,586.66,3.1438,182.23
1753769647043,06:14:07.043,phemex,XRP/USDT:USDT,3.1433,1621.66,3.1432,937.51,3.1438,180.63,3.1439,26429.08
1753769647053,06:14:07.053,phemex,XRP/USDT:USDT,3.1433,2964.17,3.1432,345.0,3.1438,180.63,3.1439,26024.08
1753769647425,06:14:07.425,phemex,XRP/USDT:USDT,3.1434,1079.35,3.1433,2722.51,3.1435,1367.89,3.1438,875.63
1753769647543,06:14:07.543,phemex,XRP/USDT:USDT,3.1434,1079.35,3.1433,2722.51,3.1435,1367.89,3.1438,875.63
1753769647552,06:14:07.552,phemex,XRP/USDT:USDT,3.1434,492.69,3.1433,2722.51,3.1435,1367.89,3.1438,875.63
1753769647577,06:14:07.577,phemex,XRP/USDT:USDT,3.1434,492.69,3.1433,2722.51,3.1435,1954.55,3.1438,875.63
1753769647624,06:14:07.624,phemex,XRP/USDT:USDT,3.1434,492.69,3.1433,2722.51,3.1435,1367.89,3.1438,875.63
1753769647637,06:14:07.637,phemex,XRP/USDT:USDT,3.1434,594.39,3.1433,2722.51,3.1435,1367.89,3.1438,875.63
1753769647748,06:14:07.748,phemex,XRP/USDT:USDT,3.1434,1087.08,3.1433,2722.51,3.1435,1367.89,3.1438,875.95
1753769647836,06:14:07.836,phemex,XRP/USDT:USDT,3.1434,1087.08,3.1433,2722.51,3.1435,1367.89,3.1438,875.95
1753769648004,06:14:08.004,phemex,XRP/USDT:USDT,3.1434,1679.59,3.1433,2130.0,3.1435,1367.89,3.1438,875.95
1753769648146,06:14:08.146,phemex,XRP/USDT:USDT,3.1434,1186.9,3.1433,2130.0,3.1435,1367.89,3.1438,875.95
1753769648815,06:14:08.815,phemex,XRP/USDT:USDT,3.1434,592.51,3.1433,2130.0,3.1435,1367.89,3.1438,875.95
1753769648857,06:14:08.857,phemex,XRP/USDT:USDT,3.1434,592.51,3.1433,2130.0,3.1435,1962.28,3.1438,875.95
1753769648956,06:14:08.956,phemex,XRP/USDT:USDT,3.1434,592.51,3.1433,2130.0,3.1435,1962.27,3.1438,875.95
1753769648999,06:14:08.999,phemex,XRP/USDT:USDT,3.1434,592.51,3.1433,2130.0,3.1435,1962.27,3.1438,875.95
1753769649031,06:14:09.031,phemex,XRP/USDT:USDT,3.1434,592.51,3.1433,2130.0,3.1435,1962.27,3.1438,875.95
1753769649034,06:14:09.034,phemex,XRP/USDT:USDT,3.1434,592.51,3.1433,2130.0,3.1435,1962.27,3.1438,875.95
1753769649439,06:14:09.439,phemex,XRP/USDT:USDT,3.1434,592.51,3.1433,2130.0,3.1435,1962.27,3.1438,875.95
1753769649510,06:14:09.510,phemex,XRP/USDT:USDT,3.1434,592.51,3.1433,2130.0,3.1435,1962.27,3.1438,875.95
1753769650013,06:14:10.013,phemex,XRP/USDT:USDT,3.1434,592.51,3.1433,2130.0,3.1435,1962.27,3.1438,875.95
1753769650118,06:14:10.118,phemex,XRP/USDT:USDT,3.1434,592.51,3.1433,2130.0,3.1435,1962.27,3.1438,875.95
1753769650422,06:14:10.422,phemex,XRP/USDT:USDT,3.1434,592.51,3.1433,2130.0,3.1435,1962.27,3.1438,875.95
1753769650423,06:14:10.423,phemex,XRP/USDT:USDT,3.1434,592.51,3.1433,2130.0,3.1435,1962.27,3.1438,875.95
1753769650780,06:14:10.780,phemex,XRP/USDT:USDT,3.1434,592.51,3.1433,2130.0,3.1435,1962.27,3.1438,875.95
1753769650865,06:14:10.865,phemex,XRP/USDT:USDT,3.1434,592.51,3.1433,2130.0,3.1435,1962.27,3.1438,875.95
1753769650914,06:14:10.914,phemex,XRP/USDT:USDT,3.1434,1186.9,3.1433,2130.0,3.1435,1367.88,3.1438,875.95
1753769651177,06:14:11.177,phemex,XRP/USDT:USDT,3.1434,1456.9,3.1433,2130.0,3.1438,875.95,3.1439,16392.45
1753769651197,06:14:11.197,phemex,XRP/USDT:USDT,3.1437,462.92,3.1436,1087.08,3.1438,875.63,3.1439,16047.45
1753769651206,06:14:11.206,phemex,XRP/USDT:USDT,3.1437,462.92,3.1436,594.39,3.1438,875.63,3.1439,16047.45
1753769651230,06:14:11.230,phemex,XRP/USDT:USDT,3.1437,462.92,3.1436,594.39,3.1438,875.63,3.1439,16047.45
1753769651563,06:14:11.563,phemex,XRP/USDT:USDT,3.1437,1065.56,3.1433,3568.0,3.1438,1470.02,3.1439,16047.45
1753769651922,06:14:11.922,phemex,XRP/USDT:USDT,3.1437,1065.56,3.1433,3568.0,3.1438,1470.02,3.1439,16047.45
1753769651942,06:14:11.942,phemex,XRP/USDT:USDT,3.1437,602.64,3.1433,3568.0,3.1438,1470.02,3.1439,16047.45
1753769651968,06:14:11.968,phemex,XRP/USDT:USDT,3.1437,602.64,3.1433,3568.0,3.1438,1470.02,3.1439,16047.45
