timestamp,time,exchange,symbol,bid1_price,bid1_volume,bid2_price,bid2_volume,ask1_price,ask1_volume,ask2_price,ask2_volume
1753769543759,06:12:23.759,htx,LTC/USDT:USDT,109.88,162.0,109.87,41.0,109.89,70.0,109.9,574.0
1753769544758,06:12:24.758,htx,LTC/USDT:USDT,109.88,162.0,109.87,41.0,109.89,70.0,109.9,574.0
1753769544838,06:12:24.838,htx,LTC/USDT:USDT,109.88,162.0,109.87,41.0,109.89,70.0,109.9,574.0
1753769544846,06:12:24.846,htx,LTC/USDT:USDT,109.88,162.0,109.87,41.0,109.89,70.0,109.9,574.0
1753769545054,06:12:25.054,htx,LTC/USDT:USDT,109.88,162.0,109.87,41.0,109.89,70.0,109.9,574.0
1753769545054,06:12:25.054,htx,LTC/USDT:USDT,109.88,162.0,109.87,41.0,109.89,70.0,109.9,574.0
1753769545235,06:12:25.235,htx,LTC/USDT:USDT,109.88,162.0,109.87,41.0,109.89,70.0,109.9,574.0
1753769546434,06:12:26.434,htx,LTC/USDT:USDT,109.88,92.0,109.87,41.0,109.89,70.0,109.9,574.0
1753769546621,06:12:26.621,htx,LTC/USDT:USDT,109.88,92.0,109.87,41.0,109.89,70.0,109.9,574.0
1753769546730,06:12:26.730,htx,LTC/USDT:USDT,109.88,92.0,109.86,319.0,109.89,70.0,109.9,574.0
1753769547096,06:12:27.096,htx,LTC/USDT:USDT,109.88,92.0,109.86,319.0,109.89,70.0,109.9,574.0
1753769547406,06:12:27.406,htx,LTC/USDT:USDT,109.88,92.0,109.86,319.0,109.89,70.0,109.9,574.0
1753769547845,06:12:27.845,htx,LTC/USDT:USDT,109.88,92.0,109.86,319.0,109.89,70.0,109.9,574.0
1753769547852,06:12:27.852,htx,LTC/USDT:USDT,109.88,92.0,109.86,319.0,109.89,70.0,109.9,574.0
1753769547908,06:12:27.908,htx,LTC/USDT:USDT,109.88,92.0,109.86,319.0,109.89,70.0,109.9,574.0
1753769548094,06:12:28.094,htx,LTC/USDT:USDT,109.88,92.0,109.86,319.0,109.89,70.0,109.9,574.0
1753769548346,06:12:28.346,htx,LTC/USDT:USDT,109.88,92.0,109.86,319.0,109.89,70.0,109.9,574.0
1753769548500,06:12:28.500,htx,LTC/USDT:USDT,109.88,92.0,109.86,319.0,109.89,70.0,109.9,574.0
1753769548508,06:12:28.508,htx,LTC/USDT:USDT,109.88,92.0,109.86,319.0,109.89,70.0,109.9,574.0
1753769548572,06:12:28.572,htx,LTC/USDT:USDT,109.88,92.0,109.86,319.0,109.89,70.0,109.9,574.0
1753769549115,06:12:29.115,htx,LTC/USDT:USDT,109.88,46.0,109.86,319.0,109.89,70.0,109.9,574.0
1753769549135,06:12:29.135,htx,LTC/USDT:USDT,109.87,70.0,109.86,319.0,109.89,70.0,109.9,574.0
1753769549204,06:12:29.204,htx,LTC/USDT:USDT,109.86,60.0,109.85,89.0,109.89,70.0,109.9,574.0
1753769549286,06:12:29.286,htx,LTC/USDT:USDT,109.86,135.0,109.85,19.0,109.88,70.0,109.89,43.0
1753769549335,06:12:29.335,htx,LTC/USDT:USDT,109.86,65.0,109.85,19.0,109.88,70.0,109.89,43.0
1753769549649,06:12:29.649,htx,LTC/USDT:USDT,109.86,135.0,109.85,19.0,109.88,70.0,109.89,43.0
1753769550731,06:12:30.731,htx,LTC/USDT:USDT,109.86,89.0,109.85,19.0,109.88,70.0,109.89,43.0
1753769551354,06:12:31.354,htx,LTC/USDT:USDT,109.88,92.0,109.87,70.0,109.89,2.0,109.9,642.0
1753769551649,06:12:31.649,htx,LTC/USDT:USDT,109.89,162.0,109.87,360.0,109.9,572.0,109.91,2.0
1753769552138,06:12:32.138,htx,LTC/USDT:USDT,109.89,162.0,109.87,360.0,109.9,572.0,109.91,2.0
1753769552200,06:12:32.200,htx,LTC/USDT:USDT,109.89,162.0,109.87,360.0,109.9,572.0,109.91,2.0
1753769553011,06:12:33.011,htx,LTC/USDT:USDT,109.89,162.0,109.87,360.0,109.9,572.0,109.91,2.0
1753769553078,06:12:33.078,htx,LTC/USDT:USDT,109.89,162.0,109.87,360.0,109.9,572.0,109.91,2.0
1753769553269,06:12:33.269,htx,LTC/USDT:USDT,109.89,162.0,109.87,473.0,109.9,572.0,109.91,2.0
1753769553401,06:12:33.401,htx,LTC/USDT:USDT,109.9,160.0,109.87,432.0,109.91,68.0,109.94,511.0
1753769553491,06:12:33.491,htx,LTC/USDT:USDT,109.9,160.0,109.87,432.0,109.91,640.0,109.94,511.0
1753769553557,06:12:33.557,htx,LTC/USDT:USDT,109.9,160.0,109.87,432.0,109.91,640.0,109.93,2.0
1753769553675,06:12:33.675,htx,LTC/USDT:USDT,109.9,160.0,109.87,432.0,109.91,640.0,109.93,2.0
1753769553848,06:12:33.848,htx,LTC/USDT:USDT,109.9,160.0,109.87,432.0,109.91,640.0,109.93,2.0
1753769554446,06:12:34.446,htx,LTC/USDT:USDT,109.9,160.0,109.87,432.0,109.91,640.0,109.93,2.0
1753769555014,06:12:35.014,htx,LTC/USDT:USDT,109.9,160.0,109.87,432.0,109.91,640.0,109.93,2.0
1753769555014,06:12:35.014,htx,LTC/USDT:USDT,109.9,160.0,109.87,432.0,109.91,640.0,109.93,2.0
1753769555049,06:12:35.049,htx,LTC/USDT:USDT,109.9,114.0,109.87,432.0,109.91,640.0,109.93,2.0
1753769555096,06:12:35.096,htx,LTC/USDT:USDT,109.9,114.0,109.87,432.0,109.91,640.0,109.93,2.0
1753769555374,06:12:35.374,htx,LTC/USDT:USDT,109.9,114.0,109.87,432.0,109.91,640.0,109.93,2.0
1753769555379,06:12:35.379,htx,LTC/USDT:USDT,109.9,114.0,109.87,432.0,109.91,640.0,109.93,2.0
1753769555806,06:12:35.806,htx,LTC/USDT:USDT,109.9,114.0,109.87,432.0,109.91,640.0,109.93,2.0
1753769555831,06:12:35.831,htx,LTC/USDT:USDT,109.9,114.0,109.87,432.0,109.91,640.0,109.93,2.0
1753769556113,06:12:36.113,htx,LTC/USDT:USDT,109.9,114.0,109.87,432.0,109.91,640.0,109.93,2.0
1753769556127,06:12:36.127,htx,LTC/USDT:USDT,109.9,114.0,109.87,432.0,109.91,640.0,109.93,2.0
1753769556158,06:12:36.158,htx,LTC/USDT:USDT,109.9,114.0,109.87,432.0,109.91,640.0,109.93,2.0
1753769556189,06:12:36.189,htx,LTC/USDT:USDT,109.9,114.0,109.87,432.0,109.91,640.0,109.93,2.0
1753769556239,06:12:36.239,htx,LTC/USDT:USDT,109.9,114.0,109.87,432.0,109.91,640.0,109.93,2.0
1753769556253,06:12:36.253,htx,LTC/USDT:USDT,109.9,114.0,109.87,432.0,109.91,640.0,109.93,2.0
1753769556285,06:12:36.285,htx,LTC/USDT:USDT,109.9,114.0,109.87,432.0,109.91,640.0,109.93,2.0
1753769556330,06:12:36.330,htx,LTC/USDT:USDT,109.9,114.0,109.87,432.0,109.91,640.0,109.93,2.0
1753769557742,06:12:37.742,htx,LTC/USDT:USDT,109.9,114.0,109.87,432.0,109.91,640.0,109.93,2.0
1753769557901,06:12:37.901,htx,LTC/USDT:USDT,109.9,114.0,109.87,432.0,109.91,640.0,109.93,2.0
1753769558274,06:12:38.274,htx,LTC/USDT:USDT,109.9,114.0,109.87,432.0,109.91,640.0,109.93,2.0
1753769558308,06:12:38.308,htx,LTC/USDT:USDT,109.9,114.0,109.87,432.0,109.91,640.0,109.93,2.0
1753769558596,06:12:38.596,htx,LTC/USDT:USDT,109.9,114.0,109.87,432.0,109.91,640.0,109.93,2.0
1753769558615,06:12:38.615,htx,LTC/USDT:USDT,109.9,114.0,109.87,432.0,109.91,640.0,109.93,2.0
1753769559146,06:12:39.146,htx,LTC/USDT:USDT,109.9,114.0,109.87,432.0,109.91,640.0,109.93,2.0
1753769559190,06:12:39.190,htx,LTC/USDT:USDT,109.9,114.0,109.87,432.0,109.91,640.0,109.93,2.0
1753769559285,06:12:39.285,htx,LTC/USDT:USDT,109.9,114.0,109.87,432.0,109.91,640.0,109.93,2.0
1753769559304,06:12:39.304,htx,LTC/USDT:USDT,109.9,68.0,109.87,432.0,109.91,640.0,109.93,2.0
1753769559346,06:12:39.346,htx,LTC/USDT:USDT,109.87,432.0,109.86,500.0,109.91,640.0,109.93,2.0
1753769559372,06:12:39.372,htx,LTC/USDT:USDT,109.87,432.0,109.86,500.0,109.9,68.0,109.91,640.0
1753769559397,06:12:39.397,htx,LTC/USDT:USDT,109.89,114.0,109.88,41.0,109.9,68.0,109.91,572.0
1753769559834,06:12:39.834,htx,LTC/USDT:USDT,109.89,160.0,109.88,41.0,109.9,68.0,109.91,574.0
1753769560717,06:12:40.717,htx,LTC/USDT:USDT,109.89,160.0,109.88,41.0,109.9,68.0,109.91,574.0
1753769560762,06:12:40.762,htx,LTC/USDT:USDT,109.89,160.0,109.88,41.0,109.9,68.0,109.91,574.0
1753769562817,06:12:42.817,htx,LTC/USDT:USDT,109.89,160.0,109.88,41.0,109.9,68.0,109.91,574.0
1753769562935,06:12:42.935,htx,LTC/USDT:USDT,109.89,160.0,109.88,41.0,109.9,68.0,109.91,574.0
1753769562939,06:12:42.939,htx,LTC/USDT:USDT,109.89,160.0,109.88,41.0,109.9,68.0,109.91,574.0
1753769563107,06:12:43.107,htx,LTC/USDT:USDT,109.89,160.0,109.88,41.0,109.9,68.0,109.91,574.0
1753769564680,06:12:44.680,htx,LTC/USDT:USDT,109.89,160.0,109.88,41.0,109.9,68.0,109.91,574.0
1753769564848,06:12:44.848,htx,LTC/USDT:USDT,109.89,160.0,109.88,41.0,109.9,68.0,109.91,574.0
1753769565030,06:12:45.030,htx,LTC/USDT:USDT,109.89,160.0,109.88,41.0,109.9,68.0,109.91,574.0
1753769565036,06:12:45.036,htx,LTC/USDT:USDT,109.89,160.0,109.88,41.0,109.9,68.0,109.91,574.0
1753769565113,06:12:45.113,htx,LTC/USDT:USDT,109.89,160.0,109.88,41.0,109.9,68.0,109.91,574.0
1753769565135,06:12:45.135,htx,LTC/USDT:USDT,109.89,160.0,109.88,41.0,109.9,68.0,109.91,574.0
1753769565181,06:12:45.181,htx,LTC/USDT:USDT,109.89,160.0,109.88,41.0,109.9,68.0,109.91,574.0
1753769565211,06:12:45.211,htx,LTC/USDT:USDT,109.89,160.0,109.88,60.0,109.9,68.0,109.91,574.0
1753769565216,06:12:45.216,htx,LTC/USDT:USDT,109.89,160.0,109.88,60.0,109.9,68.0,109.91,574.0
1753769565467,06:12:45.467,htx,LTC/USDT:USDT,109.89,160.0,109.88,60.0,109.9,68.0,109.91,574.0
1753769565508,06:12:45.508,htx,LTC/USDT:USDT,109.89,160.0,109.88,60.0,109.9,68.0,109.91,574.0
1753769565926,06:12:45.926,htx,LTC/USDT:USDT,109.89,160.0,109.88,60.0,109.9,68.0,109.91,574.0
1753769565941,06:12:45.941,htx,LTC/USDT:USDT,109.89,160.0,109.88,60.0,109.9,68.0,109.91,574.0
1753769565982,06:12:45.982,htx,LTC/USDT:USDT,109.89,160.0,109.88,60.0,109.9,68.0,109.91,574.0
1753769566000,06:12:46.000,htx,LTC/USDT:USDT,109.89,160.0,109.88,60.0,109.9,68.0,109.91,574.0
1753769566374,06:12:46.374,htx,LTC/USDT:USDT,109.89,160.0,109.88,60.0,109.91,574.0,109.92,68.0
1753769566383,06:12:46.383,htx,LTC/USDT:USDT,109.9,46.0,109.89,68.0,109.91,574.0,109.92,68.0
1753769566477,06:12:46.477,htx,LTC/USDT:USDT,109.9,161.0,109.88,60.0,109.91,572.0,109.92,70.0
1753769567575,06:12:47.575,htx,LTC/USDT:USDT,109.9,161.0,109.88,60.0,109.91,572.0,109.92,70.0
1753769567590,06:12:47.590,htx,LTC/USDT:USDT,109.9,161.0,109.88,60.0,109.91,572.0,109.92,70.0
1753769568969,06:12:48.969,htx,LTC/USDT:USDT,109.9,161.0,109.88,60.0,109.91,572.0,109.92,70.0
1753769569214,06:12:49.214,htx,LTC/USDT:USDT,109.9,161.0,109.88,60.0,109.91,572.0,109.92,70.0
1753769569823,06:12:49.823,htx,LTC/USDT:USDT,109.9,161.0,109.88,60.0,109.91,572.0,109.92,70.0
1753769569838,06:12:49.838,htx,LTC/USDT:USDT,109.9,161.0,109.88,60.0,109.91,572.0,109.92,70.0
1753769570215,06:12:50.215,htx,LTC/USDT:USDT,109.9,161.0,109.88,129.0,109.91,572.0,109.92,70.0
1753769571643,06:12:51.643,htx,LTC/USDT:USDT,109.9,161.0,109.88,129.0,109.91,572.0,109.92,70.0
1753769571848,06:12:51.848,htx,LTC/USDT:USDT,109.9,161.0,109.88,129.0,109.91,572.0,109.92,70.0
1753769572216,06:12:52.216,htx,LTC/USDT:USDT,109.9,161.0,109.88,129.0,109.91,572.0,109.92,70.0
1753769572246,06:12:52.246,htx,LTC/USDT:USDT,109.9,161.0,109.88,129.0,109.91,572.0,109.92,70.0
1753769573019,06:12:53.019,htx,LTC/USDT:USDT,109.9,161.0,109.88,129.0,109.91,572.0,109.92,70.0
1753769573146,06:12:53.146,htx,LTC/USDT:USDT,109.9,161.0,109.88,129.0,109.91,572.0,109.92,70.0
1753769573903,06:12:53.903,htx,LTC/USDT:USDT,109.9,161.0,109.88,129.0,109.91,572.0,109.92,70.0
1753769573918,06:12:53.918,htx,LTC/USDT:USDT,109.9,161.0,109.88,129.0,109.91,572.0,109.92,70.0
1753769574020,06:12:54.020,htx,LTC/USDT:USDT,109.9,161.0,109.88,129.0,109.91,572.0,109.92,70.0
1753769574182,06:12:54.182,htx,LTC/USDT:USDT,109.9,161.0,109.88,129.0,109.91,572.0,109.92,70.0
1753769574194,06:12:54.194,htx,LTC/USDT:USDT,109.9,161.0,109.88,129.0,109.91,572.0,109.92,70.0
1753769574427,06:12:54.427,htx,LTC/USDT:USDT,109.9,161.0,109.88,129.0,109.91,572.0,109.92,70.0
1753769574455,06:12:54.455,htx,LTC/USDT:USDT,109.9,161.0,109.88,129.0,109.91,572.0,109.92,70.0
1753769574705,06:12:54.705,htx,LTC/USDT:USDT,109.9,161.0,109.88,129.0,109.91,572.0,109.92,70.0
1753769575049,06:12:55.049,htx,LTC/USDT:USDT,109.9,161.0,109.88,129.0,109.91,572.0,109.92,70.0
1753769575061,06:12:55.061,htx,LTC/USDT:USDT,109.9,161.0,109.88,129.0,109.91,572.0,109.92,70.0
1753769575444,06:12:55.444,htx,LTC/USDT:USDT,109.9,161.0,109.88,129.0,109.91,572.0,109.92,70.0
1753769575507,06:12:55.507,htx,LTC/USDT:USDT,109.9,161.0,109.88,129.0,109.91,572.0,109.92,70.0
1753769575722,06:12:55.722,htx,LTC/USDT:USDT,109.9,161.0,109.88,129.0,109.91,572.0,109.92,70.0
1753769575745,06:12:55.745,htx,LTC/USDT:USDT,109.91,163.0,109.89,300.0,109.92,70.0,109.94,211.0
1753769575780,06:12:55.780,htx,LTC/USDT:USDT,109.91,163.0,109.89,319.0,109.92,68.0,109.94,211.0
1753769575805,06:12:55.805,htx,LTC/USDT:USDT,109.91,163.0,109.89,319.0,109.92,68.0,109.94,211.0
1753769575836,06:12:55.836,htx,LTC/USDT:USDT,109.91,163.0,109.89,319.0,109.92,68.0,109.93,2.0
1753769575866,06:12:55.866,htx,LTC/USDT:USDT,109.91,163.0,109.89,319.0,109.92,68.0,109.93,2.0
1753769575901,06:12:55.901,htx,LTC/USDT:USDT,109.91,163.0,109.89,319.0,109.92,640.0,109.93,2.0
1753769575991,06:12:55.991,htx,LTC/USDT:USDT,109.91,163.0,109.89,319.0,109.92,640.0,109.93,2.0
1753769576130,06:12:56.130,htx,LTC/USDT:USDT,109.91,163.0,109.89,319.0,109.92,640.0,109.93,2.0
1753769576379,06:12:56.379,htx,LTC/USDT:USDT,109.91,163.0,109.89,319.0,109.92,640.0,109.93,2.0
1753769576412,06:12:56.412,htx,LTC/USDT:USDT,109.91,163.0,109.89,319.0,109.92,640.0,109.93,2.0
1753769576446,06:12:56.446,htx,LTC/USDT:USDT,109.91,163.0,109.89,319.0,109.92,640.0,109.93,2.0
1753769576512,06:12:56.512,htx,LTC/USDT:USDT,109.91,163.0,109.89,319.0,109.92,640.0,109.93,2.0
1753769576597,06:12:56.597,htx,LTC/USDT:USDT,109.91,163.0,109.89,319.0,109.92,640.0,109.93,2.0
1753769576620,06:12:56.620,htx,LTC/USDT:USDT,109.91,163.0,109.89,319.0,109.92,640.0,109.93,2.0
1753769576666,06:12:56.666,htx,LTC/USDT:USDT,109.91,163.0,109.89,319.0,109.92,640.0,109.93,2.0
1753769576831,06:12:56.831,htx,LTC/USDT:USDT,109.91,163.0,109.89,319.0,109.92,640.0,109.93,2.0
1753769576879,06:12:56.879,htx,LTC/USDT:USDT,109.91,163.0,109.89,319.0,109.92,640.0,109.93,2.0
1753769576946,06:12:56.946,htx,LTC/USDT:USDT,109.91,163.0,109.89,319.0,109.92,640.0,109.93,2.0
1753769577060,06:12:57.060,htx,LTC/USDT:USDT,109.91,163.0,109.89,19.0,109.92,640.0,109.93,2.0
1753769577150,06:12:57.150,htx,LTC/USDT:USDT,109.91,163.0,109.89,319.0,109.92,640.0,109.93,2.0
1753769577164,06:12:57.164,htx,LTC/USDT:USDT,109.91,163.0,109.89,19.0,109.92,640.0,109.93,2.0
1753769577205,06:12:57.205,htx,LTC/USDT:USDT,109.91,163.0,109.89,319.0,109.92,640.0,109.93,2.0
1753769577226,06:12:57.226,htx,LTC/USDT:USDT,109.91,163.0,109.89,19.0,109.92,640.0,109.93,2.0
1753769577258,06:12:57.258,htx,LTC/USDT:USDT,109.91,163.0,109.89,319.0,109.92,640.0,109.93,2.0
1753769577366,06:12:57.366,htx,LTC/USDT:USDT,109.91,163.0,109.89,19.0,109.92,640.0,109.93,2.0
1753769577843,06:12:57.843,htx,LTC/USDT:USDT,109.91,117.0,109.89,19.0,109.92,640.0,109.93,2.0
1753769578220,06:12:58.220,htx,LTC/USDT:USDT,109.91,117.0,109.89,19.0,109.92,640.0,109.93,2.0
1753769578236,06:12:58.236,htx,LTC/USDT:USDT,109.91,117.0,109.89,19.0,109.92,640.0,109.93,2.0
1753769578267,06:12:58.267,htx,LTC/USDT:USDT,109.91,117.0,109.89,319.0,109.92,640.0,109.93,2.0
1753769578626,06:12:58.626,htx,LTC/USDT:USDT,109.91,117.0,109.89,319.0,109.92,640.0,109.93,2.0
1753769579455,06:12:59.455,htx,LTC/USDT:USDT,109.91,117.0,109.89,19.0,109.92,640.0,109.93,2.0
1753769579511,06:12:59.511,htx,LTC/USDT:USDT,109.91,117.0,109.89,319.0,109.92,640.0,109.93,2.0
1753769579731,06:12:59.731,htx,LTC/USDT:USDT,109.91,117.0,109.89,19.0,109.92,640.0,109.93,2.0
1753769579772,06:12:59.772,htx,LTC/USDT:USDT,109.91,117.0,109.89,319.0,109.92,640.0,109.93,2.0
1753769580070,06:13:00.070,htx,LTC/USDT:USDT,109.91,117.0,109.89,319.0,109.92,640.0,109.93,2.0
1753769580176,06:13:00.176,htx,LTC/USDT:USDT,109.91,117.0,109.89,319.0,109.92,640.0,109.93,2.0
1753769580254,06:13:00.254,htx,LTC/USDT:USDT,109.91,117.0,109.89,19.0,109.92,640.0,109.93,2.0
1753769580398,06:13:00.398,htx,LTC/USDT:USDT,109.91,71.0,109.89,19.0,109.92,640.0,109.93,2.0
1753769580689,06:13:00.689,htx,LTC/USDT:USDT,109.91,117.0,109.89,19.0,109.92,640.0,109.93,2.0
1753769580756,06:13:00.756,htx,LTC/USDT:USDT,109.91,117.0,109.89,19.0,109.92,640.0,109.93,2.0
1753769580850,06:13:00.850,htx,LTC/USDT:USDT,109.91,117.0,109.89,19.0,109.92,640.0,109.93,2.0
1753769581429,06:13:01.429,htx,LTC/USDT:USDT,109.91,71.0,109.89,19.0,109.92,640.0,109.93,2.0
1753769581454,06:13:01.454,htx,LTC/USDT:USDT,109.89,65.0,109.88,129.0,109.92,572.0,109.93,2.0
1753769581479,06:13:01.479,htx,LTC/USDT:USDT,109.9,163.0,109.89,19.0,109.91,71.0,109.92,572.0
1753769581524,06:13:01.524,htx,LTC/USDT:USDT,109.9,163.0,109.89,19.0,109.91,71.0,109.92,574.0
1753769582003,06:13:02.003,htx,LTC/USDT:USDT,109.9,163.0,109.89,19.0,109.91,71.0,109.92,574.0
1753769582042,06:13:02.042,htx,LTC/USDT:USDT,109.9,163.0,109.89,19.0,109.91,71.0,109.92,574.0
1753769582065,06:13:02.065,htx,LTC/USDT:USDT,109.9,163.0,109.89,19.0,109.91,71.0,109.92,574.0
1753769582122,06:13:02.122,htx,LTC/USDT:USDT,109.9,163.0,109.89,19.0,109.91,71.0,109.92,574.0
1753769582165,06:13:02.165,htx,LTC/USDT:USDT,109.9,163.0,109.89,19.0,109.91,71.0,109.92,574.0
1753769582244,06:13:02.244,htx,LTC/USDT:USDT,109.9,163.0,109.89,319.0,109.91,71.0,109.92,574.0
1753769582293,06:13:02.293,htx,LTC/USDT:USDT,109.9,163.0,109.89,19.0,109.91,71.0,109.92,574.0
1753769582361,06:13:02.361,htx,LTC/USDT:USDT,109.9,163.0,109.89,19.0,109.91,71.0,109.92,574.0
1753769582381,06:13:02.381,htx,LTC/USDT:USDT,109.9,163.0,109.89,19.0,109.91,71.0,109.92,574.0
1753769582872,06:13:02.872,htx,LTC/USDT:USDT,109.9,163.0,109.89,19.0,109.91,71.0,109.92,574.0
1753769582970,06:13:02.970,htx,LTC/USDT:USDT,109.9,163.0,109.89,319.0,109.91,71.0,109.92,574.0
1753769583009,06:13:03.009,htx,LTC/USDT:USDT,109.9,163.0,109.89,19.0,109.91,71.0,109.92,574.0
1753769583112,06:13:03.112,htx,LTC/USDT:USDT,109.9,163.0,109.89,19.0,109.91,71.0,109.92,574.0
1753769583129,06:13:03.129,htx,LTC/USDT:USDT,109.9,163.0,109.89,19.0,109.91,71.0,109.92,574.0
1753769583822,06:13:03.822,htx,LTC/USDT:USDT,109.9,163.0,109.89,19.0,109.91,71.0,109.92,574.0
1753769583853,06:13:03.853,htx,LTC/USDT:USDT,109.89,19.0,109.88,129.0,109.91,71.0,109.92,574.0
1753769583876,06:13:03.876,htx,LTC/USDT:USDT,109.89,65.0,109.88,60.0,109.91,71.0,109.92,574.0
1753769583990,06:13:03.990,htx,LTC/USDT:USDT,109.89,65.0,109.88,60.0,109.91,71.0,109.92,574.0
1753769584024,06:13:04.024,htx,LTC/USDT:USDT,109.9,70.0,109.89,65.0,109.91,71.0,109.92,574.0
1753769584408,06:13:04.408,htx,LTC/USDT:USDT,109.9,70.0,109.89,19.0,109.91,71.0,109.92,574.0
1753769584513,06:13:04.513,htx,LTC/USDT:USDT,109.9,116.0,109.89,19.0,109.91,71.0,109.92,574.0
1753769585582,06:13:05.582,htx,LTC/USDT:USDT,109.9,116.0,109.89,19.0,109.91,71.0,109.92,574.0
1753769585592,06:13:05.592,htx,LTC/USDT:USDT,109.9,116.0,109.89,19.0,109.91,71.0,109.92,574.0
1753769585780,06:13:05.780,htx,LTC/USDT:USDT,109.9,116.0,109.89,19.0,109.91,71.0,109.92,574.0
1753769585798,06:13:05.798,htx,LTC/USDT:USDT,109.9,116.0,109.89,19.0,109.91,71.0,109.92,574.0
1753769586639,06:13:06.639,htx,LTC/USDT:USDT,109.9,116.0,109.89,19.0,109.91,71.0,109.92,574.0
1753769587296,06:13:07.296,htx,LTC/USDT:USDT,109.9,116.0,109.89,319.0,109.91,71.0,109.92,574.0
1753769587373,06:13:07.373,htx,LTC/USDT:USDT,109.9,416.0,109.89,19.0,109.91,71.0,109.92,574.0
1753769587411,06:13:07.411,htx,LTC/USDT:USDT,109.9,116.0,109.89,19.0,109.91,71.0,109.92,574.0
1753769587622,06:13:07.622,htx,LTC/USDT:USDT,109.9,116.0,109.89,19.0,109.91,71.0,109.92,574.0
1753769588300,06:13:08.300,htx,LTC/USDT:USDT,109.9,70.0,109.89,19.0,109.91,71.0,109.92,574.0
1753769588750,06:13:08.750,htx,LTC/USDT:USDT,109.9,116.0,109.89,19.0,109.91,71.0,109.92,574.0
1753769589759,06:13:09.759,htx,LTC/USDT:USDT,109.9,116.0,109.89,19.0,109.91,71.0,109.92,574.0
1753769592191,06:13:12.191,htx,LTC/USDT:USDT,109.9,116.0,109.89,19.0,109.91,71.0,109.92,574.0
1753769592889,06:13:12.889,htx,LTC/USDT:USDT,109.9,116.0,109.89,19.0,109.91,71.0,109.92,574.0
1753769593306,06:13:13.306,htx,LTC/USDT:USDT,109.9,116.0,109.89,19.0,109.91,71.0,109.92,574.0
1753769593455,06:13:13.455,htx,LTC/USDT:USDT,109.9,46.0,109.89,19.0,109.91,71.0,109.92,574.0
1753769593534,06:13:13.534,htx,LTC/USDT:USDT,109.89,70.0,109.88,60.0,109.91,73.0,109.92,572.0
1753769593572,06:13:13.572,htx,LTC/USDT:USDT,109.88,41.0,109.87,132.0,109.9,70.0,109.91,43.0
1753769593633,06:13:13.633,htx,LTC/USDT:USDT,109.88,116.0,109.87,473.0,109.89,70.0,109.9,33.0
1753769593662,06:13:13.662,htx,LTC/USDT:USDT,109.88,116.0,109.87,473.0,109.89,70.0,109.9,33.0
1753769593707,06:13:13.707,htx,LTC/USDT:USDT,109.88,116.0,109.87,173.0,109.89,70.0,109.9,33.0
1753769593738,06:13:13.738,htx,LTC/USDT:USDT,109.88,116.0,109.87,173.0,109.89,70.0,109.9,35.0
1753769593757,06:13:13.757,htx,LTC/USDT:USDT,109.88,116.0,109.87,173.0,109.89,70.0,109.9,35.0
1753769593784,06:13:13.784,htx,LTC/USDT:USDT,109.88,116.0,109.87,173.0,109.89,70.0,109.9,35.0
1753769593815,06:13:13.815,htx,LTC/USDT:USDT,109.88,116.0,109.87,173.0,109.89,70.0,109.9,35.0
1753769594186,06:13:14.186,htx,LTC/USDT:USDT,109.88,116.0,109.87,173.0,109.89,70.0,109.9,35.0
1753769594539,06:13:14.539,htx,LTC/USDT:USDT,109.88,116.0,109.87,173.0,109.89,70.0,109.9,35.0
1753769594567,06:13:14.567,htx,LTC/USDT:USDT,109.88,116.0,109.87,173.0,109.89,70.0,109.9,35.0
1753769594878,06:13:14.878,htx,LTC/USDT:USDT,109.88,116.0,109.87,173.0,109.89,70.0,109.9,35.0
1753769594889,06:13:14.889,htx,LTC/USDT:USDT,109.88,46.0,109.87,173.0,109.89,70.0,109.9,35.0
1753769594971,06:13:14.971,htx,LTC/USDT:USDT,109.88,116.0,109.87,173.0,109.89,70.0,109.9,35.0
1753769595345,06:13:15.345,htx,LTC/USDT:USDT,109.88,70.0,109.87,173.0,109.89,70.0,109.9,35.0
1753769595371,06:13:15.371,htx,LTC/USDT:USDT,109.87,178.0,109.86,427.0,109.89,70.0,109.9,335.0
1753769595408,06:13:15.408,htx,LTC/USDT:USDT,109.87,248.0,109.86,659.0,109.89,70.0,109.9,35.0
1753769595459,06:13:15.459,htx,LTC/USDT:USDT,109.87,248.0,109.86,659.0,109.89,70.0,109.9,35.0
1753769595685,06:13:15.685,htx,LTC/USDT:USDT,109.87,248.0,109.86,659.0,109.89,70.0,109.9,35.0
1753769595710,06:13:15.710,htx,LTC/USDT:USDT,109.87,202.0,109.86,432.0,109.89,70.0,109.9,35.0
1753769595788,06:13:15.788,htx,LTC/USDT:USDT,109.87,202.0,109.86,432.0,109.89,642.0,109.9,35.0
1753769595816,06:13:15.816,htx,LTC/USDT:USDT,109.87,248.0,109.86,432.0,109.88,70.0,109.9,607.0
1753769595890,06:13:15.890,htx,LTC/USDT:USDT,109.87,135.0,109.86,432.0,109.88,70.0,109.9,677.0
1753769595905,06:13:15.905,htx,LTC/USDT:USDT,109.86,132.0,109.85,591.0,109.88,70.0,109.9,677.0
1753769596002,06:13:16.002,htx,LTC/USDT:USDT,109.86,219.0,109.85,891.0,109.88,70.0,109.9,677.0
1753769596089,06:13:16.089,htx,LTC/USDT:USDT,109.86,219.0,109.85,591.0,109.88,70.0,109.9,677.0
1753769596135,06:13:16.135,htx,LTC/USDT:USDT,109.86,219.0,109.85,891.0,109.88,70.0,109.9,677.0
1753769596199,06:13:16.199,htx,LTC/USDT:USDT,109.87,70.0,109.86,219.0,109.88,70.0,109.9,677.0
1753769596216,06:13:16.216,htx,LTC/USDT:USDT,109.87,70.0,109.86,219.0,109.88,70.0,109.9,677.0
1753769596252,06:13:16.252,htx,LTC/USDT:USDT,109.87,70.0,109.86,219.0,109.88,103.0,109.9,677.0
1753769596280,06:13:16.280,htx,LTC/USDT:USDT,109.87,70.0,109.86,219.0,109.88,103.0,109.9,677.0
1753769596313,06:13:16.313,htx,LTC/USDT:USDT,109.87,70.0,109.86,219.0,109.88,103.0,109.9,677.0
1753769596495,06:13:16.495,htx,LTC/USDT:USDT,109.87,70.0,109.86,173.0,109.88,103.0,109.9,677.0
1753769596558,06:13:16.558,htx,LTC/USDT:USDT,109.87,116.0,109.86,173.0,109.88,103.0,109.9,677.0
1753769596579,06:13:16.579,htx,LTC/USDT:USDT,109.87,116.0,109.86,173.0,109.88,103.0,109.9,677.0
1753769596697,06:13:16.697,htx,LTC/USDT:USDT,109.87,70.0,109.86,173.0,109.88,103.0,109.9,677.0
1753769596919,06:13:16.919,htx,LTC/USDT:USDT,109.87,70.0,109.86,173.0,109.88,103.0,109.9,677.0
1753769596945,06:13:16.945,htx,LTC/USDT:USDT,109.87,70.0,109.86,173.0,109.88,103.0,109.9,677.0
1753769596982,06:13:16.982,htx,LTC/USDT:USDT,109.87,116.0,109.86,173.0,109.88,103.0,109.9,677.0
1753769597089,06:13:17.089,htx,LTC/USDT:USDT,109.87,116.0,109.86,173.0,109.88,103.0,109.9,677.0
1753769597106,06:13:17.106,htx,LTC/USDT:USDT,109.87,116.0,109.86,173.0,109.88,103.0,109.9,677.0
1753769597509,06:13:17.509,htx,LTC/USDT:USDT,109.87,70.0,109.86,173.0,109.88,103.0,109.9,677.0
1753769597534,06:13:17.534,htx,LTC/USDT:USDT,109.87,70.0,109.86,173.0,109.88,103.0,109.9,677.0
1753769597567,06:13:17.567,htx,LTC/USDT:USDT,109.86,219.0,109.85,319.0,109.87,70.0,109.88,103.0
1753769597587,06:13:17.587,htx,LTC/USDT:USDT,109.86,289.0,109.85,319.0,109.87,70.0,109.88,103.0
1753769597629,06:13:17.629,htx,LTC/USDT:USDT,109.86,248.0,109.85,319.0,109.87,70.0,109.88,103.0
1753769597714,06:13:17.714,htx,LTC/USDT:USDT,109.86,248.0,109.85,319.0,109.87,70.0,109.88,35.0
1753769597754,06:13:17.754,htx,LTC/USDT:USDT,109.86,248.0,109.85,319.0,109.87,70.0,109.88,35.0
1753769597766,06:13:17.766,htx,LTC/USDT:USDT,109.86,248.0,109.85,319.0,109.87,70.0,109.88,35.0
1753769598145,06:13:18.145,htx,LTC/USDT:USDT,109.86,248.0,109.85,319.0,109.87,70.0,109.88,35.0
1753769598216,06:13:18.216,htx,LTC/USDT:USDT,109.86,248.0,109.85,319.0,109.87,70.0,109.88,35.0
1753769598420,06:13:18.420,htx,LTC/USDT:USDT,109.86,248.0,109.85,319.0,109.87,70.0,109.88,35.0
1753769598431,06:13:18.431,htx,LTC/USDT:USDT,109.86,248.0,109.85,319.0,109.87,70.0,109.88,35.0
1753769598677,06:13:18.677,htx,LTC/USDT:USDT,109.86,202.0,109.85,319.0,109.87,70.0,109.88,35.0
1753769598696,06:13:18.696,htx,LTC/USDT:USDT,109.86,113.0,109.85,19.0,109.87,70.0,109.88,35.0
1753769598729,06:13:18.729,htx,LTC/USDT:USDT,109.86,46.0,109.85,19.0,109.87,70.0,109.88,35.0
1753769598761,06:13:18.761,htx,LTC/USDT:USDT,109.85,19.0,109.84,616.0,109.87,70.0,109.88,35.0
1753769598787,06:13:18.787,htx,LTC/USDT:USDT,109.85,89.0,109.84,546.0,109.87,70.0,109.88,35.0
1753769598815,06:13:18.815,htx,LTC/USDT:USDT,109.85,135.0,109.84,546.0,109.87,70.0,109.88,35.0
1753769598900,06:13:18.900,htx,LTC/USDT:USDT,109.85,135.0,109.84,546.0,109.87,70.0,109.88,35.0
1753769598920,06:13:18.920,htx,LTC/USDT:USDT,109.85,135.0,109.84,546.0,109.87,70.0,109.88,35.0
1753769598988,06:13:18.988,htx,LTC/USDT:USDT,109.85,135.0,109.84,546.0,109.87,70.0,109.88,35.0
1753769598999,06:13:18.999,htx,LTC/USDT:USDT,109.85,135.0,109.84,246.0,109.87,70.0,109.88,35.0
1753769599029,06:13:19.029,htx,LTC/USDT:USDT,109.85,135.0,109.84,546.0,109.87,70.0,109.88,35.0
1753769599082,06:13:19.082,htx,LTC/USDT:USDT,109.85,135.0,109.84,546.0,109.87,70.0,109.88,35.0
1753769599087,06:13:19.087,htx,LTC/USDT:USDT,109.85,135.0,109.84,546.0,109.87,70.0,109.88,35.0
1753769599121,06:13:19.121,htx,LTC/USDT:USDT,109.85,135.0,109.84,246.0,109.87,70.0,109.88,35.0
1753769599158,06:13:19.158,htx,LTC/USDT:USDT,109.85,135.0,109.84,546.0,109.87,70.0,109.88,35.0
1753769599185,06:13:19.185,htx,LTC/USDT:USDT,109.85,135.0,109.84,546.0,109.87,70.0,109.88,35.0
1753769599289,06:13:19.289,htx,LTC/USDT:USDT,109.85,135.0,109.84,546.0,109.87,70.0,109.88,35.0
1753769599308,06:13:19.308,htx,LTC/USDT:USDT,109.85,135.0,109.84,546.0,109.87,642.0,109.88,35.0
1753769599346,06:13:19.346,htx,LTC/USDT:USDT,109.85,135.0,109.84,546.0,109.86,70.0,109.87,572.0
1753769599365,06:13:19.365,htx,LTC/USDT:USDT,109.85,135.0,109.84,246.0,109.86,70.0,109.87,572.0
1753769599390,06:13:19.390,htx,LTC/USDT:USDT,109.85,135.0,109.84,246.0,109.86,70.0,109.87,572.0
1753769599780,06:13:19.780,htx,LTC/USDT:USDT,109.85,135.0,109.84,246.0,109.86,70.0,109.87,574.0
1753769600069,06:13:20.069,htx,LTC/USDT:USDT,109.85,135.0,109.84,246.0,109.86,70.0,109.87,574.0
1753769600741,06:13:20.741,htx,LTC/USDT:USDT,109.85,135.0,109.84,246.0,109.86,70.0,109.87,574.0
1753769600842,06:13:20.842,htx,LTC/USDT:USDT,109.85,135.0,109.84,246.0,109.86,70.0,109.87,574.0
1753769600904,06:13:20.904,htx,LTC/USDT:USDT,109.85,135.0,109.84,246.0,109.86,70.0,109.87,574.0
1753769601145,06:13:21.145,htx,LTC/USDT:USDT,109.85,135.0,109.84,246.0,109.86,70.0,109.87,574.0
1753769601178,06:13:21.178,htx,LTC/USDT:USDT,109.85,135.0,109.84,246.0,109.86,70.0,109.87,574.0
1753769601403,06:13:21.403,htx,LTC/USDT:USDT,109.85,135.0,109.84,246.0,109.86,70.0,109.87,574.0
1753769601434,06:13:21.434,htx,LTC/USDT:USDT,109.85,135.0,109.84,246.0,109.86,70.0,109.87,574.0
1753769602096,06:13:22.096,htx,LTC/USDT:USDT,109.85,135.0,109.84,246.0,109.86,70.0,109.87,574.0
1753769602149,06:13:22.149,htx,LTC/USDT:USDT,109.85,135.0,109.84,246.0,109.86,70.0,109.87,574.0
1753769602221,06:13:22.221,htx,LTC/USDT:USDT,109.85,135.0,109.84,19.0,109.86,70.0,109.87,574.0
1753769602356,06:13:22.356,htx,LTC/USDT:USDT,109.85,135.0,109.84,19.0,109.86,70.0,109.87,574.0
1753769602356,06:13:22.356,htx,LTC/USDT:USDT,109.85,135.0,109.84,19.0,109.86,70.0,109.87,574.0
1753769602375,06:13:22.375,htx,LTC/USDT:USDT,109.85,135.0,109.84,19.0,109.86,70.0,109.87,574.0
1753769602389,06:13:22.389,htx,LTC/USDT:USDT,109.85,135.0,109.84,19.0,109.86,70.0,109.87,574.0
1753769602451,06:13:22.451,htx,LTC/USDT:USDT,109.85,135.0,109.84,19.0,109.86,70.0,109.87,574.0
1753769602524,06:13:22.524,htx,LTC/USDT:USDT,109.85,135.0,109.84,19.0,109.86,70.0,109.87,574.0
1753769602580,06:13:22.580,htx,LTC/USDT:USDT,109.85,135.0,109.84,19.0,109.86,70.0,109.87,574.0
1753769603035,06:13:23.035,htx,LTC/USDT:USDT,109.85,135.0,109.84,19.0,109.86,70.0,109.87,574.0
1753769603113,06:13:23.113,htx,LTC/USDT:USDT,109.85,135.0,109.84,19.0,109.86,70.0,109.87,574.0
1753769603151,06:13:23.151,htx,LTC/USDT:USDT,109.85,135.0,109.84,19.0,109.86,70.0,109.87,574.0
1753769603178,06:13:23.178,htx,LTC/USDT:USDT,109.85,135.0,109.84,19.0,109.86,70.0,109.87,574.0
1753769603763,06:13:23.763,htx,LTC/USDT:USDT,109.85,135.0,109.84,19.0,109.86,70.0,109.87,574.0
1753769603769,06:13:23.769,htx,LTC/USDT:USDT,109.85,135.0,109.84,19.0,109.86,70.0,109.87,574.0
1753769603869,06:13:23.869,htx,LTC/USDT:USDT,109.85,135.0,109.84,19.0,109.86,70.0,109.87,574.0
1753769604014,06:13:24.014,htx,LTC/USDT:USDT,109.85,135.0,109.84,19.0,109.86,70.0,109.87,574.0
1753769604167,06:13:24.167,htx,LTC/USDT:USDT,109.85,135.0,109.84,19.0,109.86,70.0,109.87,574.0
1753769604194,06:13:24.194,htx,LTC/USDT:USDT,109.85,135.0,109.84,19.0,109.86,70.0,109.87,574.0
1753769604214,06:13:24.214,htx,LTC/USDT:USDT,109.85,135.0,109.84,19.0,109.86,70.0,109.87,574.0
1753769604344,06:13:24.344,htx,LTC/USDT:USDT,109.85,135.0,109.84,19.0,109.86,70.0,109.87,574.0
1753769604369,06:13:24.369,htx,LTC/USDT:USDT,109.85,135.0,109.84,19.0,109.86,70.0,109.87,574.0
1753769604429,06:13:24.429,htx,LTC/USDT:USDT,109.85,135.0,109.84,19.0,109.86,70.0,109.87,574.0
1753769604598,06:13:24.598,htx,LTC/USDT:USDT,109.85,135.0,109.84,19.0,109.86,70.0,109.87,574.0
1753769604654,06:13:24.654,htx,LTC/USDT:USDT,109.85,135.0,109.84,19.0,109.86,70.0,109.87,574.0
1753769604683,06:13:24.683,htx,LTC/USDT:USDT,109.85,135.0,109.84,19.0,109.86,70.0,109.87,2.0
1753769604695,06:13:24.695,htx,LTC/USDT:USDT,109.85,135.0,109.84,19.0,109.86,70.0,109.87,2.0
1753769605227,06:13:25.227,htx,LTC/USDT:USDT,109.85,135.0,109.84,19.0,109.86,70.0,109.87,2.0
1753769605239,06:13:25.239,htx,LTC/USDT:USDT,109.85,135.0,109.84,19.0,109.86,70.0,109.87,2.0
1753769605273,06:13:25.273,htx,LTC/USDT:USDT,109.85,135.0,109.84,19.0,109.86,70.0,109.87,2.0
1753769605325,06:13:25.325,htx,LTC/USDT:USDT,109.85,135.0,109.84,19.0,109.86,70.0,109.87,2.0
1753769605504,06:13:25.504,htx,LTC/USDT:USDT,109.85,135.0,109.84,19.0,109.87,2.0,109.88,642.0
1753769605508,06:13:25.508,htx,LTC/USDT:USDT,109.85,89.0,109.84,19.0,109.87,2.0,109.88,642.0
1753769605544,06:13:25.544,htx,LTC/USDT:USDT,109.86,92.0,109.85,89.0,109.87,2.0,109.88,613.0
1753769605573,06:13:25.573,htx,LTC/USDT:USDT,109.86,163.0,109.85,319.0,109.88,613.0,109.89,300.0
1753769605597,06:13:25.597,htx,LTC/USDT:USDT,109.86,163.0,109.85,319.0,109.88,613.0,109.89,2.0
1753769605634,06:13:25.634,htx,LTC/USDT:USDT,109.86,163.0,109.85,19.0,109.87,71.0,109.88,613.0
1753769605665,06:13:25.665,htx,LTC/USDT:USDT,109.86,163.0,109.85,319.0,109.87,71.0,109.88,613.0
1753769605703,06:13:25.703,htx,LTC/USDT:USDT,109.86,163.0,109.85,319.0,109.87,71.0,109.88,615.0
1753769605733,06:13:25.733,htx,LTC/USDT:USDT,109.86,163.0,109.85,19.0,109.87,71.0,109.88,615.0
1753769605768,06:13:25.768,htx,LTC/USDT:USDT,109.86,163.0,109.85,19.0,109.87,71.0,109.88,615.0
1753769605787,06:13:25.787,htx,LTC/USDT:USDT,109.86,163.0,109.85,319.0,109.87,71.0,109.88,615.0
1753769605838,06:13:25.838,htx,LTC/USDT:USDT,109.86,163.0,109.85,319.0,109.87,71.0,109.88,615.0
1753769605921,06:13:25.921,htx,LTC/USDT:USDT,109.86,163.0,109.85,19.0,109.87,71.0,109.88,615.0
1753769605947,06:13:25.947,htx,LTC/USDT:USDT,109.86,163.0,109.85,19.0,109.87,71.0,109.88,615.0
1753769605976,06:13:25.976,htx,LTC/USDT:USDT,109.86,163.0,109.85,319.0,109.87,71.0,109.88,615.0
1753769606206,06:13:26.206,htx,LTC/USDT:USDT,109.86,163.0,109.85,319.0,109.87,71.0,109.88,574.0
1753769606316,06:13:26.316,htx,LTC/USDT:USDT,109.86,163.0,109.85,19.0,109.87,71.0,109.88,574.0
1753769606374,06:13:26.374,htx,LTC/USDT:USDT,109.86,163.0,109.85,319.0,109.87,71.0,109.88,574.0
1753769606388,06:13:26.388,htx,LTC/USDT:USDT,109.86,163.0,109.85,319.0,109.87,71.0,109.88,574.0
1753769607131,06:13:27.131,htx,LTC/USDT:USDT,109.86,163.0,109.85,19.0,109.87,71.0,109.88,574.0
1753769607162,06:13:27.162,htx,LTC/USDT:USDT,109.86,163.0,109.85,19.0,109.87,71.0,109.88,574.0
1753769607880,06:13:27.880,htx,LTC/USDT:USDT,109.86,163.0,109.85,19.0,109.87,71.0,109.88,574.0
1753769607917,06:13:27.917,htx,LTC/USDT:USDT,109.86,163.0,109.85,319.0,109.87,71.0,109.88,574.0
1753769607954,06:13:27.954,htx,LTC/USDT:USDT,109.86,163.0,109.85,19.0,109.87,71.0,109.88,574.0
1753769607966,06:13:27.966,htx,LTC/USDT:USDT,109.86,163.0,109.85,19.0,109.87,71.0,109.88,574.0
1753769608268,06:13:28.268,htx,LTC/USDT:USDT,109.86,163.0,109.85,19.0,109.87,71.0,109.88,574.0
1753769608297,06:13:28.297,htx,LTC/USDT:USDT,109.86,163.0,109.85,319.0,109.87,71.0,109.88,574.0
1753769608454,06:13:28.454,htx,LTC/USDT:USDT,109.86,163.0,109.85,19.0,109.87,71.0,109.88,574.0
1753769608508,06:13:28.508,htx,LTC/USDT:USDT,109.86,163.0,109.85,319.0,109.87,71.0,109.88,574.0
1753769608678,06:13:28.678,htx,LTC/USDT:USDT,109.86,163.0,109.85,19.0,109.87,71.0,109.88,574.0
1753769608689,06:13:28.689,htx,LTC/USDT:USDT,109.86,163.0,109.85,19.0,109.87,71.0,109.88,574.0
1753769608721,06:13:28.721,htx,LTC/USDT:USDT,109.84,41.0,109.83,249.0,109.87,71.0,109.88,574.0
1753769608747,06:13:28.747,htx,LTC/USDT:USDT,109.84,412.0,109.82,774.0,109.85,163.0,109.87,71.0
1753769608783,06:13:28.783,htx,LTC/USDT:USDT,109.84,412.0,109.82,774.0,109.85,163.0,109.87,73.0
1753769608805,06:13:28.805,htx,LTC/USDT:USDT,109.84,112.0,109.82,774.0,109.85,163.0,109.87,71.0
1753769608839,06:13:28.839,htx,LTC/USDT:USDT,109.84,112.0,109.82,887.0,109.85,163.0,109.86,2.0
1753769608889,06:13:28.889,htx,LTC/USDT:USDT,109.84,412.0,109.82,887.0,109.85,163.0,109.86,2.0
1753769608993,06:13:28.993,htx,LTC/USDT:USDT,109.84,412.0,109.82,887.0,109.85,163.0,109.86,2.0
1753769609046,06:13:29.046,htx,LTC/USDT:USDT,109.84,112.0,109.82,887.0,109.85,163.0,109.86,2.0
1753769609050,06:13:29.050,htx,LTC/USDT:USDT,109.84,112.0,109.82,887.0,109.85,163.0,109.86,2.0
1753769609106,06:13:29.106,htx,LTC/USDT:USDT,109.84,112.0,109.83,300.0,109.85,163.0,109.86,2.0
1753769609155,06:13:29.155,htx,LTC/USDT:USDT,109.84,112.0,109.83,300.0,109.85,163.0,109.86,2.0
1753769609186,06:13:29.186,htx,LTC/USDT:USDT,109.84,112.0,109.83,300.0,109.85,163.0,109.86,2.0
1753769609254,06:13:29.254,htx,LTC/USDT:USDT,109.84,412.0,109.83,300.0,109.85,163.0,109.86,2.0
1753769609412,06:13:29.412,htx,LTC/USDT:USDT,109.84,112.0,109.83,300.0,109.85,163.0,109.86,2.0
1753769609455,06:13:29.455,htx,LTC/USDT:USDT,109.84,412.0,109.83,300.0,109.85,163.0,109.86,2.0
1753769609558,06:13:29.558,htx,LTC/USDT:USDT,109.84,412.0,109.83,300.0,109.85,163.0,109.86,2.0
1753769609845,06:13:29.845,htx,LTC/USDT:USDT,109.84,112.0,109.83,300.0,109.85,163.0,109.86,2.0
1753769609860,06:13:29.860,htx,LTC/USDT:USDT,109.84,112.0,109.83,300.0,109.85,163.0,109.86,2.0
1753769609915,06:13:29.915,htx,LTC/USDT:USDT,109.84,412.0,109.83,300.0,109.85,163.0,109.86,2.0
1753769609954,06:13:29.954,htx,LTC/USDT:USDT,109.84,112.0,109.83,300.0,109.85,163.0,109.86,2.0
1753769609992,06:13:29.992,htx,LTC/USDT:USDT,109.84,112.0,109.83,300.0,109.85,163.0,109.86,2.0
1753769610049,06:13:30.049,htx,LTC/USDT:USDT,109.84,412.0,109.83,300.0,109.85,163.0,109.86,2.0
1753769610091,06:13:30.091,htx,LTC/USDT:USDT,109.84,412.0,109.83,300.0,109.85,163.0,109.86,2.0
1753769610351,06:13:30.351,htx,LTC/USDT:USDT,109.84,112.0,109.83,300.0,109.85,163.0,109.86,2.0
1753769610367,06:13:30.367,htx,LTC/USDT:USDT,109.84,112.0,109.83,300.0,109.85,163.0,109.86,2.0
1753769610402,06:13:30.402,htx,LTC/USDT:USDT,109.84,71.0,109.83,341.0,109.85,163.0,109.86,2.0
1753769610451,06:13:30.451,htx,LTC/USDT:USDT,109.84,71.0,109.83,341.0,109.85,163.0,109.86,2.0
1753769610456,06:13:30.456,htx,LTC/USDT:USDT,109.84,71.0,109.83,341.0,109.85,163.0,109.86,2.0
1753769610487,06:13:30.487,htx,LTC/USDT:USDT,109.84,71.0,109.83,341.0,109.85,163.0,109.86,2.0
1753769610593,06:13:30.593,htx,LTC/USDT:USDT,109.84,371.0,109.83,341.0,109.85,163.0,109.86,2.0
1753769610639,06:13:30.639,htx,LTC/USDT:USDT,109.84,371.0,109.83,341.0,109.85,117.0,109.86,2.0
1753769610736,06:13:30.736,htx,LTC/USDT:USDT,109.84,412.0,109.83,300.0,109.85,71.0,109.86,2.0
1753769610765,06:13:30.765,htx,LTC/USDT:USDT,109.84,412.0,109.83,319.0,109.86,2.0,109.87,90.0
1753769610790,06:13:30.790,htx,LTC/USDT:USDT,109.85,41.0,109.84,371.0,109.86,119.0,109.87,19.0
1753769610819,06:13:30.819,htx,LTC/USDT:USDT,109.85,112.0,109.84,300.0,109.86,119.0,109.87,19.0
1753769610850,06:13:30.850,htx,LTC/USDT:USDT,109.85,412.0,109.84,300.0,109.86,119.0,109.87,19.0
1753769610947,06:13:30.947,htx,LTC/USDT:USDT,109.85,112.0,109.84,300.0,109.86,119.0,109.87,19.0
1753769610992,06:13:30.992,htx,LTC/USDT:USDT,109.85,412.0,109.84,300.0,109.86,119.0,109.87,19.0
1753769611017,06:13:31.017,htx,LTC/USDT:USDT,109.85,112.0,109.84,300.0,109.86,119.0,109.87,19.0
1753769611045,06:13:31.045,htx,LTC/USDT:USDT,109.85,412.0,109.84,300.0,109.86,119.0,109.87,19.0
1753769611172,06:13:31.172,htx,LTC/USDT:USDT,109.85,412.0,109.84,300.0,109.86,119.0,109.87,19.0
1753769611176,06:13:31.176,htx,LTC/USDT:USDT,109.85,412.0,109.84,300.0,109.86,119.0,109.87,19.0
1753769611287,06:13:31.287,htx,LTC/USDT:USDT,109.85,412.0,109.84,300.0,109.86,119.0,109.87,19.0
1753769611307,06:13:31.307,htx,LTC/USDT:USDT,109.85,112.0,109.84,300.0,109.86,119.0,109.87,19.0
1753769611348,06:13:31.348,htx,LTC/USDT:USDT,109.85,412.0,109.84,300.0,109.86,119.0,109.87,19.0
1753769611383,06:13:31.383,htx,LTC/USDT:USDT,109.85,112.0,109.84,300.0,109.86,119.0,109.87,19.0
1753769611463,06:13:31.463,htx,LTC/USDT:USDT,109.85,412.0,109.84,300.0,109.86,119.0,109.87,19.0
1753769611756,06:13:31.756,htx,LTC/USDT:USDT,109.85,112.0,109.84,300.0,109.86,119.0,109.87,19.0
1753769611784,06:13:31.784,htx,LTC/USDT:USDT,109.85,112.0,109.84,300.0,109.86,119.0,109.87,19.0
1753769611836,06:13:31.836,htx,LTC/USDT:USDT,109.85,412.0,109.84,300.0,109.86,119.0,109.87,19.0
1753769611964,06:13:31.964,htx,LTC/USDT:USDT,109.85,112.0,109.84,300.0,109.86,119.0,109.87,19.0
1753769612015,06:13:32.015,htx,LTC/USDT:USDT,109.85,412.0,109.84,300.0,109.86,119.0,109.87,19.0
1753769612110,06:13:32.110,htx,LTC/USDT:USDT,109.85,412.0,109.84,300.0,109.86,119.0,109.87,19.0
1753769612138,06:13:32.138,htx,LTC/USDT:USDT,109.85,412.0,109.84,319.0,109.86,2.0,109.88,662.0
1753769612192,06:13:32.192,htx,LTC/USDT:USDT,109.85,445.0,109.84,319.0,109.87,69.0,109.88,67.0
1753769612274,06:13:32.274,htx,LTC/USDT:USDT,109.85,445.0,109.84,319.0,109.87,115.0,109.88,21.0
1753769612290,06:13:32.290,htx,LTC/USDT:USDT,109.85,445.0,109.84,319.0,109.87,115.0,109.88,21.0
1753769612314,06:13:32.314,htx,LTC/USDT:USDT,109.85,445.0,109.84,319.0,109.88,21.0,109.89,19.0
1753769612358,06:13:32.358,htx,LTC/USDT:USDT,109.85,1035.0,109.84,319.0,109.88,90.0,109.89,19.0
1753769612401,06:13:32.401,htx,LTC/USDT:USDT,109.85,1035.0,109.84,319.0,109.88,90.0,109.89,19.0
1753769612410,06:13:32.410,htx,LTC/USDT:USDT,109.86,33.0,109.85,1035.0,109.88,90.0,109.89,19.0
1753769612436,06:13:32.436,htx,LTC/USDT:USDT,109.87,41.0,109.86,102.0,109.88,88.0,109.89,19.0
1753769612469,06:13:32.469,htx,LTC/USDT:USDT,109.87,410.0,109.86,33.0,109.88,88.0,109.89,19.0
1753769612515,06:13:32.515,htx,LTC/USDT:USDT,109.87,410.0,109.86,33.0,109.88,88.0,109.89,21.0
1753769612556,06:13:32.556,htx,LTC/USDT:USDT,109.87,410.0,109.86,33.0,109.88,88.0,109.89,21.0
1753769612587,06:13:32.587,htx,LTC/USDT:USDT,109.87,443.0,109.86,33.0,109.88,88.0,109.89,21.0
1753769612646,06:13:32.646,htx,LTC/USDT:USDT,109.87,443.0,109.86,33.0,109.88,88.0,109.89,21.0
1753769612689,06:13:32.689,htx,LTC/USDT:USDT,109.87,443.0,109.86,33.0,109.88,88.0,109.89,21.0
1753769612734,06:13:32.734,htx,LTC/USDT:USDT,109.87,443.0,109.86,33.0,109.88,88.0,109.89,21.0
1753769612767,06:13:32.767,htx,LTC/USDT:USDT,109.87,443.0,109.86,33.0,109.88,88.0,109.89,21.0
1753769612868,06:13:32.868,htx,LTC/USDT:USDT,109.87,443.0,109.86,33.0,109.88,88.0,109.89,21.0
1753769613287,06:13:33.287,htx,LTC/USDT:USDT,109.87,443.0,109.86,33.0,109.88,69.0,109.89,21.0
1753769613945,06:13:33.945,htx,LTC/USDT:USDT,109.87,143.0,109.86,33.0,109.88,115.0,109.89,21.0
1753769613984,06:13:33.984,htx,LTC/USDT:USDT,109.87,143.0,109.86,74.0,109.88,115.0,109.89,21.0
1753769614114,06:13:34.114,htx,LTC/USDT:USDT,109.87,102.0,109.86,374.0,109.88,115.0,109.89,21.0
1753769614124,06:13:34.124,htx,LTC/USDT:USDT,109.87,102.0,109.86,374.0,109.88,115.0,109.89,21.0
1753769614170,06:13:34.170,htx,LTC/USDT:USDT,109.87,102.0,109.86,374.0,109.88,115.0,109.89,21.0
1753769614316,06:13:34.316,htx,LTC/USDT:USDT,109.87,102.0,109.86,374.0,109.88,115.0,109.89,21.0
1753769614398,06:13:34.398,htx,LTC/USDT:USDT,109.87,33.0,109.86,33.0,109.88,115.0,109.89,21.0
1753769614419,06:13:34.419,htx,LTC/USDT:USDT,109.85,890.0,109.84,88.0,109.88,46.0,109.89,21.0
1753769614450,06:13:34.450,htx,LTC/USDT:USDT,109.85,931.0,109.84,88.0,109.86,92.0,109.89,19.0
1753769614570,06:13:34.570,htx,LTC/USDT:USDT,109.85,60.0,109.84,590.0,109.86,161.0,109.89,21.0
1753769614596,06:13:34.596,htx,LTC/USDT:USDT,109.85,129.0,109.84,590.0,109.86,161.0,109.89,21.0
1753769614747,06:13:34.747,htx,LTC/USDT:USDT,109.85,88.0,109.84,590.0,109.86,161.0,109.89,21.0
1753769614867,06:13:34.867,htx,LTC/USDT:USDT,109.85,388.0,109.84,590.0,109.86,161.0,109.89,21.0
1753769614906,06:13:34.906,htx,LTC/USDT:USDT,109.85,88.0,109.84,19.0,109.86,161.0,109.89,21.0
1753769614931,06:13:34.931,htx,LTC/USDT:USDT,109.85,88.0,109.84,19.0,109.86,161.0,109.89,21.0
1753769614961,06:13:34.961,htx,LTC/USDT:USDT,109.85,88.0,109.84,19.0,109.86,161.0,109.89,21.0
1753769615064,06:13:35.064,htx,LTC/USDT:USDT,109.85,88.0,109.84,19.0,109.86,161.0,109.89,321.0
1753769615066,06:13:35.066,htx,LTC/USDT:USDT,109.85,388.0,109.84,19.0,109.86,161.0,109.89,21.0
1753769615078,06:13:35.078,htx,LTC/USDT:USDT,109.85,88.0,109.84,19.0,109.86,161.0,109.89,21.0
1753769615131,06:13:35.131,htx,LTC/USDT:USDT,109.85,88.0,109.84,19.0,109.86,161.0,109.89,21.0
1753769615153,06:13:35.153,htx,LTC/USDT:USDT,109.85,88.0,109.84,19.0,109.86,161.0,109.89,21.0
1753769615168,06:13:35.168,htx,LTC/USDT:USDT,109.85,88.0,109.84,19.0,109.86,161.0,109.89,21.0
1753769615211,06:13:35.211,htx,LTC/USDT:USDT,109.85,88.0,109.84,19.0,109.86,161.0,109.89,21.0
1753769615281,06:13:35.281,htx,LTC/USDT:USDT,109.85,388.0,109.84,19.0,109.86,161.0,109.89,321.0
1753769615295,06:13:35.295,htx,LTC/USDT:USDT,109.85,388.0,109.84,19.0,109.86,161.0,109.89,21.0
1753769615413,06:13:35.413,htx,LTC/USDT:USDT,109.85,88.0,109.84,19.0,109.86,161.0,109.89,21.0
1753769615471,06:13:35.471,htx,LTC/USDT:USDT,109.85,388.0,109.84,19.0,109.86,161.0,109.89,21.0
1753769615516,06:13:35.516,htx,LTC/USDT:USDT,109.85,88.0,109.84,19.0,109.86,161.0,109.89,21.0
1753769615549,06:13:35.549,htx,LTC/USDT:USDT,109.85,388.0,109.84,19.0,109.86,161.0,109.89,21.0
1753769615564,06:13:35.564,htx,LTC/USDT:USDT,109.85,88.0,109.84,19.0,109.86,161.0,109.89,21.0
1753769615617,06:13:35.617,htx,LTC/USDT:USDT,109.85,388.0,109.84,19.0,109.86,161.0,109.89,21.0
1753769615848,06:13:35.848,htx,LTC/USDT:USDT,109.85,88.0,109.84,19.0,109.86,161.0,109.89,21.0
1753769615927,06:13:35.927,htx,LTC/USDT:USDT,109.85,388.0,109.84,19.0,109.86,161.0,109.89,21.0
1753769616204,06:13:36.204,htx,LTC/USDT:USDT,109.85,88.0,109.84,19.0,109.86,161.0,109.89,21.0
1753769616226,06:13:36.226,htx,LTC/USDT:USDT,109.85,388.0,109.84,19.0,109.86,161.0,109.89,21.0
1753769616268,06:13:36.268,htx,LTC/USDT:USDT,109.85,388.0,109.84,19.0,109.86,161.0,109.89,21.0
1753769616300,06:13:36.300,htx,LTC/USDT:USDT,109.85,88.0,109.84,19.0,109.86,161.0,109.89,21.0
1753769616446,06:13:36.446,htx,LTC/USDT:USDT,109.85,388.0,109.84,19.0,109.86,161.0,109.89,21.0
1753769616577,06:13:36.577,htx,LTC/USDT:USDT,109.85,388.0,109.84,19.0,109.86,115.0,109.89,21.0
1753769616678,06:13:36.678,htx,LTC/USDT:USDT,109.85,88.0,109.84,19.0,109.86,69.0,109.89,21.0
1753769616743,06:13:36.743,htx,LTC/USDT:USDT,109.85,388.0,109.84,19.0,109.86,69.0,109.89,21.0
1753769616838,06:13:36.838,htx,LTC/USDT:USDT,109.85,88.0,109.84,19.0,109.86,69.0,109.89,21.0
1753769616848,06:13:36.848,htx,LTC/USDT:USDT,109.85,88.0,109.84,19.0,109.86,115.0,109.89,21.0
1753769616921,06:13:36.921,htx,LTC/USDT:USDT,109.85,388.0,109.84,19.0,109.86,115.0,109.89,21.0
1753769617087,06:13:37.087,htx,LTC/USDT:USDT,109.85,388.0,109.84,19.0,109.86,115.0,109.89,21.0
1753769617133,06:13:37.133,htx,LTC/USDT:USDT,109.85,88.0,109.84,19.0,109.86,115.0,109.89,21.0
1753769617151,06:13:37.151,htx,LTC/USDT:USDT,109.85,88.0,109.84,19.0,109.86,115.0,109.89,21.0
1753769617189,06:13:37.189,htx,LTC/USDT:USDT,109.85,388.0,109.84,19.0,109.86,115.0,109.89,21.0
1753769617263,06:13:37.263,htx,LTC/USDT:USDT,109.85,88.0,109.84,19.0,109.86,115.0,109.89,21.0
1753769617309,06:13:37.309,htx,LTC/USDT:USDT,109.85,388.0,109.84,19.0,109.86,115.0,109.89,21.0
1753769617357,06:13:37.357,htx,LTC/USDT:USDT,109.85,388.0,109.84,19.0,109.86,115.0,109.89,21.0
1753769617437,06:13:37.437,htx,LTC/USDT:USDT,109.85,388.0,109.84,19.0,109.86,115.0,109.89,21.0
1753769617463,06:13:37.463,htx,LTC/USDT:USDT,109.85,388.0,109.84,19.0,109.86,115.0,109.89,21.0
1753769617522,06:13:37.522,htx,LTC/USDT:USDT,109.85,88.0,109.84,19.0,109.86,115.0,109.89,21.0
1753769617578,06:13:37.578,htx,LTC/USDT:USDT,109.85,388.0,109.84,19.0,109.86,115.0,109.89,21.0
1753769617678,06:13:37.678,htx,LTC/USDT:USDT,109.85,88.0,109.84,19.0,109.86,115.0,109.89,21.0
1753769617716,06:13:37.716,htx,LTC/USDT:USDT,109.85,388.0,109.84,19.0,109.86,115.0,109.89,21.0
1753769617808,06:13:37.808,htx,LTC/USDT:USDT,109.85,88.0,109.84,19.0,109.86,115.0,109.89,21.0
1753769617851,06:13:37.851,htx,LTC/USDT:USDT,109.85,388.0,109.84,19.0,109.86,115.0,109.89,21.0
1753769617956,06:13:37.956,htx,LTC/USDT:USDT,109.85,88.0,109.84,19.0,109.86,115.0,109.89,21.0
1753769617988,06:13:37.988,htx,LTC/USDT:USDT,109.85,388.0,109.84,19.0,109.86,115.0,109.89,21.0
1753769618051,06:13:38.051,htx,LTC/USDT:USDT,109.85,388.0,109.84,19.0,109.86,115.0,109.89,21.0
1753769618168,06:13:38.168,htx,LTC/USDT:USDT,109.85,388.0,109.84,19.0,109.86,115.0,109.89,21.0
1753769618209,06:13:38.209,htx,LTC/USDT:USDT,109.85,388.0,109.84,19.0,109.86,115.0,109.89,321.0
1753769618239,06:13:38.239,htx,LTC/USDT:USDT,109.85,88.0,109.84,19.0,109.86,115.0,109.89,21.0
1753769618290,06:13:38.290,htx,LTC/USDT:USDT,109.85,88.0,109.84,19.0,109.86,115.0,109.89,21.0
1753769618347,06:13:38.347,htx,LTC/USDT:USDT,109.85,388.0,109.84,19.0,109.86,115.0,109.89,21.0
1753769618383,06:13:38.383,htx,LTC/USDT:USDT,109.85,388.0,109.84,19.0,109.86,115.0,109.89,21.0
1753769618417,06:13:38.417,htx,LTC/USDT:USDT,109.85,88.0,109.84,19.0,109.86,115.0,109.89,21.0
1753769618446,06:13:38.446,htx,LTC/USDT:USDT,109.85,88.0,109.84,19.0,109.86,115.0,109.89,21.0
1753769618474,06:13:38.474,htx,LTC/USDT:USDT,109.85,388.0,109.84,19.0,109.86,115.0,109.89,21.0
1753769618520,06:13:38.520,htx,LTC/USDT:USDT,109.85,88.0,109.84,19.0,109.86,115.0,109.89,21.0
1753769618587,06:13:38.587,htx,LTC/USDT:USDT,109.85,388.0,109.84,19.0,109.86,115.0,109.89,21.0
1753769618624,06:13:38.624,htx,LTC/USDT:USDT,109.85,88.0,109.84,19.0,109.86,115.0,109.89,21.0
1753769618771,06:13:38.771,htx,LTC/USDT:USDT,109.85,388.0,109.84,19.0,109.86,115.0,109.89,21.0
1753769619418,06:13:39.418,htx,LTC/USDT:USDT,109.85,388.0,109.84,19.0,109.86,115.0,109.89,321.0
1753769619469,06:13:39.469,htx,LTC/USDT:USDT,109.85,388.0,109.84,19.0,109.86,115.0,109.89,21.0
1753769619497,06:13:39.497,htx,LTC/USDT:USDT,109.85,88.0,109.84,19.0,109.86,115.0,109.89,21.0
1753769619531,06:13:39.531,htx,LTC/USDT:USDT,109.85,388.0,109.84,19.0,109.86,115.0,109.89,21.0
1753769619663,06:13:39.663,htx,LTC/USDT:USDT,109.85,388.0,109.84,19.0,109.86,115.0,109.89,21.0
1753769619695,06:13:39.695,htx,LTC/USDT:USDT,109.85,388.0,109.84,19.0,109.86,115.0,109.89,21.0
1753769619991,06:13:39.991,htx,LTC/USDT:USDT,109.85,88.0,109.84,19.0,109.86,115.0,109.89,21.0
1753769620017,06:13:40.017,htx,LTC/USDT:USDT,109.85,388.0,109.84,19.0,109.86,115.0,109.89,21.0
1753769620028,06:13:40.028,htx,LTC/USDT:USDT,109.85,88.0,109.84,19.0,109.86,115.0,109.89,21.0
1753769620087,06:13:40.087,htx,LTC/USDT:USDT,109.85,388.0,109.84,19.0,109.86,115.0,109.89,21.0
1753769620164,06:13:40.164,htx,LTC/USDT:USDT,109.85,429.0,109.84,19.0,109.86,115.0,109.89,21.0
1753769620184,06:13:40.184,htx,LTC/USDT:USDT,109.85,429.0,109.84,19.0,109.86,69.0,109.89,21.0
1753769620230,06:13:40.230,htx,LTC/USDT:USDT,109.85,129.0,109.84,19.0,109.86,69.0,109.89,21.0
1753769620293,06:13:40.293,htx,LTC/USDT:USDT,109.85,429.0,109.84,19.0,109.86,69.0,109.89,21.0
1753769620298,06:13:40.298,htx,LTC/USDT:USDT,109.85,429.0,109.84,19.0,109.86,69.0,109.89,21.0
1753769620349,06:13:40.349,htx,LTC/USDT:USDT,109.85,429.0,109.84,19.0,109.86,69.0,109.89,21.0
1753769620397,06:13:40.397,htx,LTC/USDT:USDT,109.85,129.0,109.84,19.0,109.86,69.0,109.89,21.0
1753769620432,06:13:40.432,htx,LTC/USDT:USDT,109.85,429.0,109.84,19.0,109.86,69.0,109.89,21.0
1753769620813,06:13:40.813,htx,LTC/USDT:USDT,109.85,129.0,109.84,19.0,109.86,69.0,109.89,21.0
1753769620840,06:13:40.840,htx,LTC/USDT:USDT,109.85,429.0,109.84,19.0,109.86,69.0,109.89,21.0
1753769620883,06:13:40.883,htx,LTC/USDT:USDT,109.85,429.0,109.84,19.0,109.86,69.0,109.89,21.0
1753769620906,06:13:40.906,htx,LTC/USDT:USDT,109.85,429.0,109.84,19.0,109.89,21.0,109.9,202.0
1753769620932,06:13:40.932,htx,LTC/USDT:USDT,109.86,41.0,109.85,388.0,109.88,69.0,109.89,67.0
1753769620959,06:13:40.959,htx,LTC/USDT:USDT,109.86,410.0,109.85,319.0,109.88,46.0,109.89,21.0
1753769621001,06:13:41.001,htx,LTC/USDT:USDT,109.86,110.0,109.85,319.0,109.87,69.0,109.89,21.0
1753769621017,06:13:41.017,htx,LTC/USDT:USDT,109.86,110.0,109.85,319.0,109.87,115.0,109.89,21.0
1753769621058,06:13:41.058,htx,LTC/USDT:USDT,109.86,410.0,109.85,319.0,109.87,115.0,109.89,21.0
1753769621092,06:13:41.092,htx,LTC/USDT:USDT,109.86,110.0,109.85,319.0,109.87,115.0,109.89,21.0
1753769621109,06:13:41.109,htx,LTC/USDT:USDT,109.86,410.0,109.85,319.0,109.87,115.0,109.89,21.0
1753769621318,06:13:41.318,htx,LTC/USDT:USDT,109.86,110.0,109.85,319.0,109.87,115.0,109.89,21.0
1753769621353,06:13:41.353,htx,LTC/USDT:USDT,109.86,410.0,109.85,319.0,109.87,115.0,109.89,21.0
1753769621391,06:13:41.391,htx,LTC/USDT:USDT,109.86,410.0,109.85,319.0,109.87,115.0,109.89,21.0
1753769621438,06:13:41.438,htx,LTC/USDT:USDT,109.86,410.0,109.85,319.0,109.87,115.0,109.89,21.0
1753769621535,06:13:41.535,htx,LTC/USDT:USDT,109.86,410.0,109.85,319.0,109.87,115.0,109.89,21.0
1753769621590,06:13:41.590,htx,LTC/USDT:USDT,109.86,110.0,109.85,319.0,109.87,115.0,109.89,21.0
1753769621679,06:13:41.679,htx,LTC/USDT:USDT,109.86,410.0,109.85,319.0,109.87,115.0,109.89,21.0
1753769621768,06:13:41.768,htx,LTC/USDT:USDT,109.86,110.0,109.85,319.0,109.87,115.0,109.89,21.0
1753769621856,06:13:41.856,htx,LTC/USDT:USDT,109.86,410.0,109.85,319.0,109.87,115.0,109.89,21.0
1753769621914,06:13:41.914,htx,LTC/USDT:USDT,109.86,410.0,109.85,319.0,109.87,115.0,109.89,21.0
1753769622082,06:13:42.082,htx,LTC/USDT:USDT,109.86,410.0,109.85,319.0,109.87,115.0,109.89,21.0
1753769622098,06:13:42.098,htx,LTC/USDT:USDT,109.86,410.0,109.85,319.0,109.87,115.0,109.89,21.0
1753769622164,06:13:42.164,htx,LTC/USDT:USDT,109.86,110.0,109.85,319.0,109.87,115.0,109.89,21.0
1753769622199,06:13:42.199,htx,LTC/USDT:USDT,109.86,410.0,109.85,319.0,109.87,115.0,109.89,21.0
1753769622245,06:13:42.245,htx,LTC/USDT:USDT,109.86,410.0,109.85,319.0,109.87,115.0,109.89,21.0
1753769622248,06:13:42.248,htx,LTC/USDT:USDT,109.86,410.0,109.85,319.0,109.87,115.0,109.89,21.0
1753769622305,06:13:42.305,htx,LTC/USDT:USDT,109.86,410.0,109.85,319.0,109.87,115.0,109.89,21.0
1753769622355,06:13:42.355,htx,LTC/USDT:USDT,109.86,110.0,109.85,319.0,109.87,115.0,109.89,21.0
1753769622365,06:13:42.365,htx,LTC/USDT:USDT,109.86,110.0,109.85,319.0,109.87,115.0,109.89,21.0
1753769622441,06:13:42.441,htx,LTC/USDT:USDT,109.86,410.0,109.85,319.0,109.87,115.0,109.89,21.0
1753769622455,06:13:42.455,htx,LTC/USDT:USDT,109.86,110.0,109.85,319.0,109.87,115.0,109.89,21.0
1753769622514,06:13:42.514,htx,LTC/USDT:USDT,109.86,410.0,109.85,319.0,109.87,115.0,109.89,21.0
1753769622557,06:13:42.557,htx,LTC/USDT:USDT,109.86,69.0,109.85,360.0,109.87,115.0,109.89,21.0
1753769622668,06:13:42.668,htx,LTC/USDT:USDT,109.86,69.0,109.85,360.0,109.87,115.0,109.89,21.0
1753769622700,06:13:42.700,htx,LTC/USDT:USDT,109.86,69.0,109.85,360.0,109.87,115.0,109.89,21.0
1753769622875,06:13:42.875,htx,LTC/USDT:USDT,109.86,69.0,109.85,60.0,109.87,115.0,109.89,21.0
1753769622935,06:13:42.935,htx,LTC/USDT:USDT,109.86,69.0,109.85,360.0,109.87,115.0,109.89,21.0
1753769622955,06:13:42.955,htx,LTC/USDT:USDT,109.86,69.0,109.85,360.0,109.87,115.0,109.89,21.0
1753769622970,06:13:42.970,htx,LTC/USDT:USDT,109.86,69.0,109.85,360.0,109.87,115.0,109.89,21.0
1753769622998,06:13:42.998,htx,LTC/USDT:USDT,109.86,369.0,109.85,360.0,109.87,115.0,109.89,21.0
1753769623037,06:13:43.037,htx,LTC/USDT:USDT,109.86,369.0,109.85,360.0,109.87,115.0,109.89,21.0
1753769623056,06:13:43.056,htx,LTC/USDT:USDT,109.86,110.0,109.85,319.0,109.87,115.0,109.89,21.0
1753769623116,06:13:43.116,htx,LTC/USDT:USDT,109.86,110.0,109.85,319.0,109.87,115.0,109.89,21.0
1753769623154,06:13:43.154,htx,LTC/USDT:USDT,109.86,410.0,109.85,319.0,109.87,115.0,109.89,21.0
1753769623175,06:13:43.175,htx,LTC/USDT:USDT,109.86,410.0,109.85,319.0,109.87,69.0,109.89,21.0
1753769623369,06:13:43.369,htx,LTC/USDT:USDT,109.86,110.0,109.85,319.0,109.87,69.0,109.89,21.0
1753769623369,06:13:43.369,htx,LTC/USDT:USDT,109.86,410.0,109.85,319.0,109.87,69.0,109.89,21.0
1753769623498,06:13:43.498,htx,LTC/USDT:USDT,109.86,410.0,109.85,319.0,109.87,115.0,109.89,21.0
1753769623522,06:13:43.522,htx,LTC/USDT:USDT,109.86,110.0,109.85,319.0,109.87,115.0,109.89,21.0
1753769623565,06:13:43.565,htx,LTC/USDT:USDT,109.86,410.0,109.85,319.0,109.87,115.0,109.89,21.0
1753769623597,06:13:43.597,htx,LTC/USDT:USDT,109.86,110.0,109.85,319.0,109.87,115.0,109.89,21.0
1753769623644,06:13:43.644,htx,LTC/USDT:USDT,109.86,110.0,109.85,319.0,109.87,115.0,109.89,21.0
1753769623817,06:13:43.817,htx,LTC/USDT:USDT,109.86,110.0,109.85,319.0,109.87,115.0,109.89,21.0
1753769623850,06:13:43.850,htx,LTC/USDT:USDT,109.86,410.0,109.85,319.0,109.87,115.0,109.89,21.0
1753769623943,06:13:43.943,htx,LTC/USDT:USDT,109.86,410.0,109.85,319.0,109.87,115.0,109.89,21.0
1753769624043,06:13:44.043,htx,LTC/USDT:USDT,109.86,410.0,109.85,319.0,109.87,115.0,109.89,21.0
1753769624054,06:13:44.054,htx,LTC/USDT:USDT,109.86,410.0,109.85,319.0,109.87,115.0,109.89,21.0
1753769624235,06:13:44.235,htx,LTC/USDT:USDT,109.86,410.0,109.85,319.0,109.87,115.0,109.89,21.0
1753769624312,06:13:44.312,htx,LTC/USDT:USDT,109.86,110.0,109.85,319.0,109.87,115.0,109.89,21.0
1753769624353,06:13:44.353,htx,LTC/USDT:USDT,109.86,410.0,109.85,319.0,109.87,115.0,109.89,21.0
1753769624377,06:13:44.377,htx,LTC/USDT:USDT,109.86,110.0,109.85,319.0,109.87,115.0,109.89,21.0
1753769624414,06:13:44.414,htx,LTC/USDT:USDT,109.86,110.0,109.85,319.0,109.87,115.0,109.89,21.0
1753769624984,06:13:44.984,htx,LTC/USDT:USDT,109.86,110.0,109.85,319.0,109.87,115.0,109.89,21.0
1753769625017,06:13:45.017,htx,LTC/USDT:USDT,109.86,410.0,109.85,319.0,109.87,115.0,109.89,21.0
1753769625039,06:13:45.039,htx,LTC/USDT:USDT,109.86,110.0,109.85,319.0,109.87,115.0,109.89,21.0
1753769625079,06:13:45.079,htx,LTC/USDT:USDT,109.86,110.0,109.85,319.0,109.87,115.0,109.89,21.0
1753769625114,06:13:45.114,htx,LTC/USDT:USDT,109.86,410.0,109.85,319.0,109.87,115.0,109.89,21.0
1753769625543,06:13:45.543,htx,LTC/USDT:USDT,109.86,410.0,109.85,319.0,109.87,115.0,109.89,21.0
1753769625630,06:13:45.630,htx,LTC/USDT:USDT,109.86,410.0,109.85,319.0,109.87,115.0,109.89,21.0
1753769626091,06:13:46.091,htx,LTC/USDT:USDT,109.86,110.0,109.85,319.0,109.87,115.0,109.89,21.0
1753769626206,06:13:46.206,htx,LTC/USDT:USDT,109.86,110.0,109.85,319.0,109.87,115.0,109.89,21.0
1753769626251,06:13:46.251,htx,LTC/USDT:USDT,109.86,410.0,109.85,319.0,109.87,115.0,109.89,21.0
1753769626301,06:13:46.301,htx,LTC/USDT:USDT,109.86,410.0,109.85,319.0,109.87,115.0,109.89,21.0
1753769626568,06:13:46.568,htx,LTC/USDT:USDT,109.86,110.0,109.85,319.0,109.87,115.0,109.89,21.0
1753769626596,06:13:46.596,htx,LTC/USDT:USDT,109.86,110.0,109.85,319.0,109.87,115.0,109.89,21.0
1753769626821,06:13:46.821,htx,LTC/USDT:USDT,109.86,410.0,109.85,319.0,109.87,115.0,109.89,21.0
1753769627317,06:13:47.317,htx,LTC/USDT:USDT,109.86,110.0,109.85,319.0,109.87,115.0,109.89,21.0
1753769627404,06:13:47.404,htx,LTC/USDT:USDT,109.86,410.0,109.85,319.0,109.87,115.0,109.89,21.0
1753769627493,06:13:47.493,htx,LTC/USDT:USDT,109.86,110.0,109.85,319.0,109.87,115.0,109.89,21.0
1753769627544,06:13:47.544,htx,LTC/USDT:USDT,109.86,410.0,109.85,319.0,109.87,115.0,109.89,21.0
1753769627555,06:13:47.555,htx,LTC/USDT:USDT,109.86,110.0,109.85,319.0,109.87,115.0,109.89,21.0
1753769627594,06:13:47.594,htx,LTC/USDT:USDT,109.86,110.0,109.85,319.0,109.87,115.0,109.89,21.0
1753769627648,06:13:47.648,htx,LTC/USDT:USDT,109.86,410.0,109.85,319.0,109.87,115.0,109.89,21.0
1753769627699,06:13:47.699,htx,LTC/USDT:USDT,109.86,110.0,109.85,319.0,109.87,115.0,109.89,21.0
1753769627759,06:13:47.759,htx,LTC/USDT:USDT,109.86,410.0,109.85,319.0,109.87,115.0,109.89,21.0
1753769628010,06:13:48.010,htx,LTC/USDT:USDT,109.86,410.0,109.85,319.0,109.87,115.0,109.89,21.0
1753769628057,06:13:48.057,htx,LTC/USDT:USDT,109.86,110.0,109.85,319.0,109.87,115.0,109.89,21.0
1753769628088,06:13:48.088,htx,LTC/USDT:USDT,109.86,410.0,109.85,319.0,109.87,115.0,109.89,21.0
1753769628097,06:13:48.097,htx,LTC/USDT:USDT,109.86,410.0,109.85,319.0,109.87,115.0,109.89,21.0
1753769628306,06:13:48.306,htx,LTC/USDT:USDT,109.86,110.0,109.85,319.0,109.87,115.0,109.89,21.0
1753769628343,06:13:48.343,htx,LTC/USDT:USDT,109.86,410.0,109.85,319.0,109.87,115.0,109.89,21.0
1753769628365,06:13:48.365,htx,LTC/USDT:USDT,109.86,410.0,109.85,319.0,109.87,115.0,109.89,21.0
1753769628464,06:13:48.464,htx,LTC/USDT:USDT,109.86,410.0,109.85,319.0,109.87,115.0,109.89,21.0
1753769628490,06:13:48.490,htx,LTC/USDT:USDT,109.86,110.0,109.85,319.0,109.87,115.0,109.89,21.0
1753769628857,06:13:48.857,htx,LTC/USDT:USDT,109.86,410.0,109.85,319.0,109.87,115.0,109.89,21.0
1753769628982,06:13:48.982,htx,LTC/USDT:USDT,109.86,410.0,109.85,319.0,109.87,115.0,109.89,21.0
1753769629057,06:13:49.057,htx,LTC/USDT:USDT,109.86,410.0,109.85,319.0,109.87,115.0,109.89,21.0
1753769629096,06:13:49.096,htx,LTC/USDT:USDT,109.86,410.0,109.85,319.0,109.87,115.0,109.89,21.0
1753769629117,06:13:49.117,htx,LTC/USDT:USDT,109.86,410.0,109.85,319.0,109.87,115.0,109.89,21.0
1753769629175,06:13:49.175,htx,LTC/USDT:USDT,109.86,410.0,109.85,319.0,109.87,115.0,109.89,21.0
1753769629224,06:13:49.224,htx,LTC/USDT:USDT,109.86,110.0,109.85,319.0,109.87,115.0,109.89,21.0
1753769629249,06:13:49.249,htx,LTC/USDT:USDT,109.86,410.0,109.85,319.0,109.87,115.0,109.89,21.0
1753769629272,06:13:49.272,htx,LTC/USDT:USDT,109.86,410.0,109.85,319.0,109.87,115.0,109.89,21.0
1753769629303,06:13:49.303,htx,LTC/USDT:USDT,109.86,110.0,109.85,319.0,109.87,115.0,109.89,21.0
1753769629359,06:13:49.359,htx,LTC/USDT:USDT,109.86,410.0,109.85,319.0,109.87,115.0,109.89,21.0
1753769629446,06:13:49.446,htx,LTC/USDT:USDT,109.86,410.0,109.85,319.0,109.87,115.0,109.89,21.0
1753769629558,06:13:49.558,htx,LTC/USDT:USDT,109.86,110.0,109.85,319.0,109.87,115.0,109.89,21.0
1753769629572,06:13:49.572,htx,LTC/USDT:USDT,109.86,69.0,109.85,319.0,109.87,115.0,109.89,21.0
1753769629629,06:13:49.629,htx,LTC/USDT:USDT,109.86,69.0,109.85,319.0,109.87,115.0,109.89,21.0
1753769629658,06:13:49.658,htx,LTC/USDT:USDT,109.86,69.0,109.85,319.0,109.87,115.0,109.89,21.0
1753769629753,06:13:49.753,htx,LTC/USDT:USDT,109.86,69.0,109.85,319.0,109.87,115.0,109.89,21.0
1753769629854,06:13:49.854,htx,LTC/USDT:USDT,109.86,69.0,109.85,319.0,109.87,115.0,109.89,21.0
1753769629876,06:13:49.876,htx,LTC/USDT:USDT,109.86,69.0,109.85,19.0,109.87,115.0,109.89,21.0
1753769629918,06:13:49.918,htx,LTC/USDT:USDT,109.86,69.0,109.85,319.0,109.87,115.0,109.89,21.0
1753769630146,06:13:50.146,htx,LTC/USDT:USDT,109.86,69.0,109.85,319.0,109.87,115.0,109.89,21.0
1753769630275,06:13:50.275,htx,LTC/USDT:USDT,109.86,69.0,109.85,19.0,109.87,115.0,109.89,21.0
1753769630318,06:13:50.318,htx,LTC/USDT:USDT,109.86,69.0,109.85,19.0,109.87,115.0,109.89,21.0
1753769630394,06:13:50.394,htx,LTC/USDT:USDT,109.86,69.0,109.85,319.0,109.87,115.0,109.89,21.0
1753769630590,06:13:50.590,htx,LTC/USDT:USDT,109.86,69.0,109.85,19.0,109.87,115.0,109.89,21.0
1753769630626,06:13:50.626,htx,LTC/USDT:USDT,109.86,69.0,109.85,319.0,109.87,115.0,109.89,21.0
1753769630707,06:13:50.707,htx,LTC/USDT:USDT,109.86,69.0,109.85,319.0,109.87,115.0,109.89,21.0
1753769630768,06:13:50.768,htx,LTC/USDT:USDT,109.86,69.0,109.85,319.0,109.87,115.0,109.89,21.0
1753769630802,06:13:50.802,htx,LTC/USDT:USDT,109.86,69.0,109.85,319.0,109.87,115.0,109.89,21.0
1753769630870,06:13:50.870,htx,LTC/USDT:USDT,109.86,69.0,109.85,19.0,109.87,115.0,109.89,21.0
1753769630891,06:13:50.891,htx,LTC/USDT:USDT,109.86,69.0,109.85,19.0,109.87,115.0,109.89,21.0
1753769631096,06:13:51.096,htx,LTC/USDT:USDT,109.86,369.0,109.85,319.0,109.87,115.0,109.89,21.0
1753769631237,06:13:51.237,htx,LTC/USDT:USDT,109.86,369.0,109.85,319.0,109.87,115.0,109.89,21.0
1753769631259,06:13:51.259,htx,LTC/USDT:USDT,109.86,69.0,109.85,319.0,109.87,115.0,109.89,21.0
1753769631286,06:13:51.286,htx,LTC/USDT:USDT,109.86,69.0,109.85,319.0,109.87,115.0,109.89,21.0
1753769631332,06:13:51.332,htx,LTC/USDT:USDT,109.86,69.0,109.85,319.0,109.87,115.0,109.89,21.0
1753769631385,06:13:51.385,htx,LTC/USDT:USDT,109.86,69.0,109.85,319.0,109.87,115.0,109.89,21.0
1753769631404,06:13:51.404,htx,LTC/USDT:USDT,109.86,69.0,109.85,19.0,109.87,115.0,109.89,21.0
1753769631425,06:13:51.425,htx,LTC/USDT:USDT,109.86,69.0,109.85,319.0,109.87,115.0,109.89,21.0
1753769631480,06:13:51.480,htx,LTC/USDT:USDT,109.86,69.0,109.85,19.0,109.87,115.0,109.89,21.0
1753769631489,06:13:51.489,htx,LTC/USDT:USDT,109.86,69.0,109.85,19.0,109.87,115.0,109.89,21.0
1753769631529,06:13:51.529,htx,LTC/USDT:USDT,109.86,69.0,109.85,19.0,109.87,115.0,109.89,21.0
1753769631553,06:13:51.553,htx,LTC/USDT:USDT,109.86,69.0,109.85,19.0,109.87,115.0,109.89,21.0
1753769631633,06:13:51.633,htx,LTC/USDT:USDT,109.86,69.0,109.85,19.0,109.87,115.0,109.89,21.0
1753769631640,06:13:51.640,htx,LTC/USDT:USDT,109.86,69.0,109.85,19.0,109.87,115.0,109.89,21.0
1753769631799,06:13:51.799,htx,LTC/USDT:USDT,109.86,69.0,109.85,19.0,109.87,115.0,109.89,21.0
1753769631987,06:13:51.987,htx,LTC/USDT:USDT,109.86,69.0,109.85,19.0,109.87,115.0,109.89,21.0
1753769632015,06:13:52.015,htx,LTC/USDT:USDT,109.86,69.0,109.85,19.0,109.87,115.0,109.89,21.0
1753769632050,06:13:52.050,htx,LTC/USDT:USDT,109.86,69.0,109.85,19.0,109.87,115.0,109.89,21.0
1753769632362,06:13:52.362,htx,LTC/USDT:USDT,109.86,69.0,109.85,19.0,109.87,115.0,109.89,21.0
1753769632464,06:13:52.464,htx,LTC/USDT:USDT,109.86,69.0,109.85,19.0,109.87,115.0,109.89,21.0
1753769632489,06:13:52.489,htx,LTC/USDT:USDT,109.86,69.0,109.85,19.0,109.87,115.0,109.89,21.0
1753769632527,06:13:52.527,htx,LTC/USDT:USDT,109.85,19.0,109.84,388.0,109.87,115.0,109.89,21.0
1753769632542,06:13:52.542,htx,LTC/USDT:USDT,109.85,60.0,109.84,388.0,109.87,115.0,109.89,21.0
1753769632572,06:13:52.572,htx,LTC/USDT:USDT,109.85,128.0,109.84,319.0,109.86,160.0,109.89,21.0
1753769632601,06:13:52.601,htx,LTC/USDT:USDT,109.85,128.0,109.84,319.0,109.86,160.0,109.88,68.0
1753769632631,06:13:52.631,htx,LTC/USDT:USDT,109.85,428.0,109.84,319.0,109.86,160.0,109.88,68.0
1753769632666,06:13:52.666,htx,LTC/USDT:USDT,109.85,428.0,109.84,319.0,109.86,160.0,109.87,2.0
1753769632694,06:13:52.694,htx,LTC/USDT:USDT,109.85,428.0,109.84,319.0,109.86,160.0,109.87,2.0
1753769632813,06:13:52.813,htx,LTC/USDT:USDT,109.85,128.0,109.84,319.0,109.86,160.0,109.87,2.0
1753769632867,06:13:52.867,htx,LTC/USDT:USDT,109.85,428.0,109.84,319.0,109.86,160.0,109.87,2.0
1753769633099,06:13:53.099,htx,LTC/USDT:USDT,109.85,387.0,109.84,319.0,109.86,160.0,109.87,2.0
1753769633284,06:13:53.284,htx,LTC/USDT:USDT,109.85,387.0,109.84,319.0,109.86,160.0,109.87,2.0
1753769633297,06:13:53.297,htx,LTC/USDT:USDT,109.85,387.0,109.84,319.0,109.86,160.0,109.87,2.0
1753769633339,06:13:53.339,htx,LTC/USDT:USDT,109.85,387.0,109.84,319.0,109.86,160.0,109.87,2.0
1753769633354,06:13:53.354,htx,LTC/USDT:USDT,109.85,87.0,109.84,319.0,109.86,160.0,109.87,2.0
1753769633574,06:13:53.574,htx,LTC/USDT:USDT,109.85,87.0,109.84,319.0,109.86,160.0,109.87,2.0
1753769633680,06:13:53.680,htx,LTC/USDT:USDT,109.85,387.0,109.84,319.0,109.86,160.0,109.87,2.0
1753769633747,06:13:53.747,htx,LTC/USDT:USDT,109.85,387.0,109.84,319.0,109.86,160.0,109.87,2.0
1753769633830,06:13:53.830,htx,LTC/USDT:USDT,109.85,87.0,109.84,319.0,109.86,160.0,109.87,2.0
1753769633880,06:13:53.880,htx,LTC/USDT:USDT,109.85,387.0,109.84,319.0,109.86,160.0,109.87,2.0
1753769634103,06:13:54.103,htx,LTC/USDT:USDT,109.85,387.0,109.84,319.0,109.86,160.0,109.87,2.0
1753769634202,06:13:54.202,htx,LTC/USDT:USDT,109.85,87.0,109.84,319.0,109.86,160.0,109.87,2.0
1753769634255,06:13:54.255,htx,LTC/USDT:USDT,109.85,387.0,109.84,319.0,109.86,160.0,109.87,2.0
1753769634348,06:13:54.348,htx,LTC/USDT:USDT,109.85,87.0,109.84,319.0,109.86,160.0,109.87,2.0
1753769634448,06:13:54.448,htx,LTC/USDT:USDT,109.85,387.0,109.84,319.0,109.86,160.0,109.87,2.0
1753769634455,06:13:54.455,htx,LTC/USDT:USDT,109.85,87.0,109.84,319.0,109.86,160.0,109.87,2.0
1753769634509,06:13:54.509,htx,LTC/USDT:USDT,109.85,387.0,109.84,319.0,109.86,160.0,109.87,2.0
1753769634593,06:13:54.593,htx,LTC/USDT:USDT,109.85,387.0,109.84,319.0,109.86,160.0,109.87,2.0
1753769634613,06:13:54.613,htx,LTC/USDT:USDT,109.85,387.0,109.84,319.0,109.86,160.0,109.87,2.0
1753769634760,06:13:54.760,htx,LTC/USDT:USDT,109.85,428.0,109.84,319.0,109.86,160.0,109.87,2.0
1753769635143,06:13:55.143,htx,LTC/USDT:USDT,109.85,128.0,109.84,319.0,109.86,68.0,109.87,2.0
1753769635184,06:13:55.184,htx,LTC/USDT:USDT,109.85,128.0,109.84,319.0,109.86,68.0,109.87,2.0
1753769635236,06:13:55.236,htx,LTC/USDT:USDT,109.85,428.0,109.84,319.0,109.86,68.0,109.87,2.0
1753769635264,06:13:55.264,htx,LTC/USDT:USDT,109.85,128.0,109.84,319.0,109.86,68.0,109.87,2.0
1753769635309,06:13:55.309,htx,LTC/USDT:USDT,109.85,428.0,109.84,319.0,109.86,68.0,109.87,2.0
1753769635331,06:13:55.331,htx,LTC/USDT:USDT,109.85,428.0,109.84,319.0,109.86,68.0,109.87,2.0
1753769635366,06:13:55.366,htx,LTC/USDT:USDT,109.85,428.0,109.84,319.0,109.86,68.0,109.87,2.0
1753769635414,06:13:55.414,htx,LTC/USDT:USDT,109.85,428.0,109.84,319.0,109.86,68.0,109.87,2.0
1753769635458,06:13:55.458,htx,LTC/USDT:USDT,109.85,428.0,109.84,319.0,109.86,114.0,109.87,2.0
1753769635490,06:13:55.490,htx,LTC/USDT:USDT,109.85,428.0,109.84,319.0,109.86,68.0,109.87,2.0
1753769635507,06:13:55.507,htx,LTC/USDT:USDT,109.85,128.0,109.84,319.0,109.86,68.0,109.87,2.0
1753769635550,06:13:55.550,htx,LTC/USDT:USDT,109.85,428.0,109.84,319.0,109.86,68.0,109.87,2.0
1753769635658,06:13:55.658,htx,LTC/USDT:USDT,109.85,428.0,109.84,319.0,109.86,68.0,109.87,2.0
1753769635820,06:13:55.820,htx,LTC/USDT:USDT,109.85,428.0,109.84,319.0,109.86,68.0,109.87,2.0
1753769635878,06:13:55.878,htx,LTC/USDT:USDT,109.85,428.0,109.84,319.0,109.86,68.0,109.87,2.0
1753769635931,06:13:55.931,htx,LTC/USDT:USDT,109.85,128.0,109.84,319.0,109.86,68.0,109.87,2.0
1753769635990,06:13:55.990,htx,LTC/USDT:USDT,109.85,428.0,109.84,319.0,109.86,68.0,109.87,2.0
1753769636075,06:13:56.075,htx,LTC/USDT:USDT,109.85,428.0,109.84,319.0,109.86,68.0,109.87,2.0
1753769636120,06:13:56.120,htx,LTC/USDT:USDT,109.85,428.0,109.84,319.0,109.87,2.0,109.88,68.0
1753769636144,06:13:56.144,htx,LTC/USDT:USDT,109.85,428.0,109.84,319.0,109.87,2.0,109.89,19.0
1753769636166,06:13:56.166,htx,LTC/USDT:USDT,109.85,428.0,109.84,319.0,109.87,68.0,109.89,19.0
1753769636205,06:13:56.205,htx,LTC/USDT:USDT,109.85,428.0,109.84,319.0,109.87,114.0,109.89,21.0
1753769636274,06:13:56.274,htx,LTC/USDT:USDT,109.85,428.0,109.84,319.0,109.87,114.0,109.89,21.0
1753769636293,06:13:56.293,htx,LTC/USDT:USDT,109.86,41.0,109.85,387.0,109.87,114.0,109.89,21.0
1753769636361,06:13:56.361,htx,LTC/USDT:USDT,109.86,409.0,109.85,319.0,109.87,114.0,109.89,21.0
1753769636427,06:13:56.427,htx,LTC/USDT:USDT,109.86,409.0,109.85,319.0,109.87,114.0,109.89,21.0
1753769636515,06:13:56.515,htx,LTC/USDT:USDT,109.86,409.0,109.85,319.0,109.87,114.0,109.89,21.0
1753769636684,06:13:56.684,htx,LTC/USDT:USDT,109.86,109.0,109.85,319.0,109.87,114.0,109.89,21.0
1753769636735,06:13:56.735,htx,LTC/USDT:USDT,109.86,409.0,109.85,319.0,109.87,114.0,109.89,21.0
1753769636774,06:13:56.774,htx,LTC/USDT:USDT,109.86,409.0,109.85,319.0,109.87,68.0,109.89,21.0
1753769636880,06:13:56.880,htx,LTC/USDT:USDT,109.86,109.0,109.85,319.0,109.87,68.0,109.89,21.0
1753769636894,06:13:56.894,htx,LTC/USDT:USDT,109.86,109.0,109.85,319.0,109.87,114.0,109.89,21.0
1753769636929,06:13:56.929,htx,LTC/USDT:USDT,109.86,409.0,109.85,319.0,109.87,114.0,109.89,21.0
1753769636985,06:13:56.985,htx,LTC/USDT:USDT,109.86,109.0,109.85,319.0,109.87,114.0,109.89,21.0
1753769637049,06:13:57.049,htx,LTC/USDT:USDT,109.86,409.0,109.85,319.0,109.87,114.0,109.89,21.0
1753769637122,06:13:57.122,htx,LTC/USDT:USDT,109.86,109.0,109.85,319.0,109.87,114.0,109.89,21.0
1753769637258,06:13:57.258,htx,LTC/USDT:USDT,109.86,409.0,109.85,319.0,109.87,114.0,109.89,21.0
1753769637342,06:13:57.342,htx,LTC/USDT:USDT,109.86,109.0,109.85,319.0,109.87,114.0,109.89,21.0
1753769637375,06:13:57.375,htx,LTC/USDT:USDT,109.86,409.0,109.85,319.0,109.87,114.0,109.89,21.0
1753769637404,06:13:57.404,htx,LTC/USDT:USDT,109.86,109.0,109.85,319.0,109.87,114.0,109.89,21.0
1753769637449,06:13:57.449,htx,LTC/USDT:USDT,109.86,409.0,109.85,319.0,109.87,114.0,109.89,21.0
1753769637506,06:13:57.506,htx,LTC/USDT:USDT,109.86,409.0,109.85,319.0,109.87,114.0,109.89,21.0
1753769637747,06:13:57.747,htx,LTC/USDT:USDT,109.86,109.0,109.85,319.0,109.87,114.0,109.89,21.0
1753769637822,06:13:57.822,htx,LTC/USDT:USDT,109.86,409.0,109.85,319.0,109.87,114.0,109.89,21.0
1753769637943,06:13:57.943,htx,LTC/USDT:USDT,109.86,109.0,109.85,319.0,109.87,114.0,109.89,21.0
1753769638089,06:13:58.089,htx,LTC/USDT:USDT,109.86,409.0,109.85,319.0,109.87,114.0,109.89,21.0
1753769638219,06:13:58.219,htx,LTC/USDT:USDT,109.86,109.0,109.85,319.0,109.87,114.0,109.89,21.0
1753769638363,06:13:58.363,htx,LTC/USDT:USDT,109.86,409.0,109.85,319.0,109.87,114.0,109.89,21.0
1753769638411,06:13:58.411,htx,LTC/USDT:USDT,109.86,109.0,109.85,319.0,109.87,114.0,109.89,21.0
1753769638436,06:13:58.436,htx,LTC/USDT:USDT,109.86,409.0,109.85,319.0,109.87,114.0,109.89,21.0
1753769638512,06:13:58.512,htx,LTC/USDT:USDT,109.86,109.0,109.85,319.0,109.87,114.0,109.89,21.0
1753769638553,06:13:58.553,htx,LTC/USDT:USDT,109.86,409.0,109.85,319.0,109.87,114.0,109.89,21.0
1753769638576,06:13:58.576,htx,LTC/USDT:USDT,109.86,109.0,109.85,319.0,109.87,114.0,109.89,21.0
1753769638599,06:13:58.599,htx,LTC/USDT:USDT,109.86,409.0,109.85,319.0,109.87,114.0,109.89,21.0
1753769638764,06:13:58.764,htx,LTC/USDT:USDT,109.86,109.0,109.85,319.0,109.87,114.0,109.89,21.0
1753769638787,06:13:58.787,htx,LTC/USDT:USDT,109.86,409.0,109.85,319.0,109.87,114.0,109.89,21.0
1753769639345,06:13:59.345,htx,LTC/USDT:USDT,109.86,109.0,109.85,319.0,109.87,114.0,109.89,21.0
1753769639386,06:13:59.386,htx,LTC/USDT:USDT,109.86,409.0,109.85,319.0,109.87,114.0,109.89,21.0
1753769639423,06:13:59.423,htx,LTC/USDT:USDT,109.86,109.0,109.85,319.0,109.87,114.0,109.89,21.0
1753769639448,06:13:59.448,htx,LTC/USDT:USDT,109.86,409.0,109.85,319.0,109.87,114.0,109.89,21.0
1753769639596,06:13:59.596,htx,LTC/USDT:USDT,109.86,109.0,109.85,319.0,109.87,114.0,109.89,21.0
1753769639647,06:13:59.647,htx,LTC/USDT:USDT,109.86,409.0,109.85,319.0,109.87,114.0,109.89,21.0
1753769639798,06:13:59.798,htx,LTC/USDT:USDT,109.86,409.0,109.85,319.0,109.87,114.0,109.89,21.0
1753769639909,06:13:59.909,htx,LTC/USDT:USDT,109.86,409.0,109.85,319.0,109.87,114.0,109.89,21.0
1753769639916,06:13:59.916,htx,LTC/USDT:USDT,109.86,409.0,109.85,319.0,109.87,114.0,109.89,21.0
1753769639984,06:13:59.984,htx,LTC/USDT:USDT,109.86,109.0,109.85,319.0,109.87,114.0,109.89,21.0
1753769640044,06:14:00.044,htx,LTC/USDT:USDT,109.86,409.0,109.85,319.0,109.87,114.0,109.89,21.0
1753769640066,06:14:00.066,htx,LTC/USDT:USDT,109.86,409.0,109.85,319.0,109.87,114.0,109.89,21.0
1753769640097,06:14:00.097,htx,LTC/USDT:USDT,109.86,409.0,109.85,319.0,109.87,114.0,109.89,21.0
1753769640127,06:14:00.127,htx,LTC/USDT:USDT,109.86,109.0,109.85,319.0,109.87,114.0,109.89,21.0
1753769640201,06:14:00.201,htx,LTC/USDT:USDT,109.86,409.0,109.85,319.0,109.87,114.0,109.89,21.0
1753769640246,06:14:00.246,htx,LTC/USDT:USDT,109.86,409.0,109.85,319.0,109.87,114.0,109.89,21.0
1753769640505,06:14:00.505,htx,LTC/USDT:USDT,109.86,409.0,109.85,319.0,109.87,114.0,109.89,21.0
1753769640520,06:14:00.520,htx,LTC/USDT:USDT,109.86,409.0,109.85,319.0,109.87,114.0,109.89,21.0
1753769640551,06:14:00.551,htx,LTC/USDT:USDT,109.86,109.0,109.85,319.0,109.87,114.0,109.89,21.0
1753769640604,06:14:00.604,htx,LTC/USDT:USDT,109.86,109.0,109.85,319.0,109.87,114.0,109.89,21.0
1753769640607,06:14:00.607,htx,LTC/USDT:USDT,109.86,409.0,109.85,319.0,109.87,114.0,109.89,21.0
1753769640659,06:14:00.659,htx,LTC/USDT:USDT,109.86,109.0,109.85,319.0,109.87,114.0,109.89,21.0
1753769640715,06:14:00.715,htx,LTC/USDT:USDT,109.86,409.0,109.85,319.0,109.87,114.0,109.89,21.0
1753769640736,06:14:00.736,htx,LTC/USDT:USDT,109.86,409.0,109.85,319.0,109.87,114.0,109.89,21.0
1753769640790,06:14:00.790,htx,LTC/USDT:USDT,109.86,409.0,109.85,319.0,109.87,114.0,109.89,21.0
1753769640917,06:14:00.917,htx,LTC/USDT:USDT,109.86,409.0,109.85,319.0,109.87,114.0,109.89,21.0
1753769641006,06:14:01.006,htx,LTC/USDT:USDT,109.86,109.0,109.85,319.0,109.87,114.0,109.89,21.0
1753769641050,06:14:01.050,htx,LTC/USDT:USDT,109.86,409.0,109.85,319.0,109.87,114.0,109.89,21.0
1753769641222,06:14:01.222,htx,LTC/USDT:USDT,109.86,109.0,109.85,319.0,109.87,114.0,109.89,21.0
1753769641272,06:14:01.272,htx,LTC/USDT:USDT,109.86,409.0,109.85,319.0,109.87,114.0,109.89,21.0
1753769641490,06:14:01.490,htx,LTC/USDT:USDT,109.86,109.0,109.85,319.0,109.87,114.0,109.89,21.0
1753769641521,06:14:01.521,htx,LTC/USDT:USDT,109.86,409.0,109.85,319.0,109.87,114.0,109.89,21.0
1753769641571,06:14:01.571,htx,LTC/USDT:USDT,109.86,109.0,109.85,319.0,109.87,114.0,109.89,21.0
1753769641602,06:14:01.602,htx,LTC/USDT:USDT,109.86,409.0,109.85,319.0,109.87,114.0,109.89,21.0
1753769641690,06:14:01.690,htx,LTC/USDT:USDT,109.86,109.0,109.85,319.0,109.87,68.0,109.89,21.0
1753769641715,06:14:01.715,htx,LTC/USDT:USDT,109.86,409.0,109.85,319.0,109.87,114.0,109.89,21.0
1753769641784,06:14:01.784,htx,LTC/USDT:USDT,109.86,409.0,109.85,319.0,109.87,114.0,109.89,21.0
1753769642046,06:14:02.046,htx,LTC/USDT:USDT,109.86,109.0,109.85,319.0,109.87,114.0,109.89,21.0
1753769642080,06:14:02.080,htx,LTC/USDT:USDT,109.86,109.0,109.85,319.0,109.87,114.0,109.89,21.0
1753769642117,06:14:02.117,htx,LTC/USDT:USDT,109.86,409.0,109.85,319.0,109.87,114.0,109.89,21.0
1753769642183,06:14:02.183,htx,LTC/USDT:USDT,109.86,109.0,109.85,319.0,109.87,114.0,109.89,21.0
1753769642220,06:14:02.220,htx,LTC/USDT:USDT,109.86,409.0,109.85,319.0,109.87,114.0,109.89,21.0
1753769642324,06:14:02.324,htx,LTC/USDT:USDT,109.86,409.0,109.85,319.0,109.87,114.0,109.89,21.0
1753769642347,06:14:02.347,htx,LTC/USDT:USDT,109.86,409.0,109.85,319.0,109.87,114.0,109.89,21.0
1753769642413,06:14:02.413,htx,LTC/USDT:USDT,109.86,109.0,109.85,319.0,109.87,114.0,109.89,21.0
1753769642449,06:14:02.449,htx,LTC/USDT:USDT,109.86,409.0,109.85,319.0,109.87,114.0,109.89,21.0
1753769642514,06:14:02.514,htx,LTC/USDT:USDT,109.86,109.0,109.85,319.0,109.87,114.0,109.89,21.0
1753769642539,06:14:02.539,htx,LTC/USDT:USDT,109.86,409.0,109.85,319.0,109.87,114.0,109.89,21.0
1753769642800,06:14:02.800,htx,LTC/USDT:USDT,109.86,109.0,109.85,319.0,109.87,114.0,109.89,21.0
1753769642839,06:14:02.839,htx,LTC/USDT:USDT,109.86,409.0,109.85,319.0,109.87,114.0,109.89,21.0
1753769642884,06:14:02.884,htx,LTC/USDT:USDT,109.86,109.0,109.85,319.0,109.87,114.0,109.89,21.0
1753769642907,06:14:02.907,htx,LTC/USDT:USDT,109.86,409.0,109.85,319.0,109.87,114.0,109.89,21.0
1753769643017,06:14:03.017,htx,LTC/USDT:USDT,109.86,409.0,109.85,319.0,109.87,114.0,109.89,21.0
1753769643037,06:14:03.037,htx,LTC/USDT:USDT,109.86,409.0,109.85,319.0,109.87,114.0,109.89,21.0
1753769643166,06:14:03.166,htx,LTC/USDT:USDT,109.86,409.0,109.85,319.0,109.87,68.0,109.89,21.0
1753769643203,06:14:03.203,htx,LTC/USDT:USDT,109.86,409.0,109.85,319.0,109.87,68.0,109.89,21.0
1753769643221,06:14:03.221,htx,LTC/USDT:USDT,109.86,409.0,109.85,319.0,109.87,114.0,109.89,21.0
1753769643345,06:14:03.345,htx,LTC/USDT:USDT,109.86,409.0,109.85,319.0,109.87,114.0,109.89,21.0
1753769643800,06:14:03.800,htx,LTC/USDT:USDT,109.86,409.0,109.85,319.0,109.87,114.0,109.89,21.0
1753769643841,06:14:03.841,htx,LTC/USDT:USDT,109.86,409.0,109.85,319.0,109.87,114.0,109.89,21.0
1753769644069,06:14:04.069,htx,LTC/USDT:USDT,109.86,409.0,109.85,319.0,109.87,68.0,109.89,21.0
1753769644100,06:14:04.100,htx,LTC/USDT:USDT,109.86,409.0,109.85,319.0,109.88,70.0,109.89,21.0
1753769644123,06:14:04.123,htx,LTC/USDT:USDT,109.86,409.0,109.85,319.0,109.88,46.0,109.89,21.0
1753769644149,06:14:04.149,htx,LTC/USDT:USDT,109.86,409.0,109.85,319.0,109.87,70.0,109.88,46.0
1753769644175,06:14:04.175,htx,LTC/USDT:USDT,109.86,409.0,109.85,319.0,109.89,21.0,109.9,202.0
1753769644230,06:14:04.230,htx,LTC/USDT:USDT,109.86,409.0,109.85,319.0,109.88,70.0,109.89,67.0
1753769644235,06:14:04.235,htx,LTC/USDT:USDT,109.86,409.0,109.85,319.0,109.88,70.0,109.89,67.0
1753769644333,06:14:04.333,htx,LTC/USDT:USDT,109.86,409.0,109.85,319.0,109.88,70.0,109.89,67.0
1753769644369,06:14:04.369,htx,LTC/USDT:USDT,109.86,409.0,109.85,319.0,109.88,70.0,109.89,67.0
1753769644388,06:14:04.388,htx,LTC/USDT:USDT,109.86,980.0,109.85,319.0,109.88,70.0,109.89,67.0
1753769644537,06:14:04.537,htx,LTC/USDT:USDT,109.86,980.0,109.85,319.0,109.88,70.0,109.89,67.0
1753769644673,06:14:04.673,htx,LTC/USDT:USDT,109.86,980.0,109.85,319.0,109.88,70.0,109.89,67.0
1753769644711,06:14:04.711,htx,LTC/USDT:USDT,109.86,980.0,109.85,319.0,109.88,70.0,109.89,67.0
1753769644717,06:14:04.717,htx,LTC/USDT:USDT,109.86,980.0,109.85,319.0,109.88,70.0,109.89,67.0
1753769644746,06:14:04.746,htx,LTC/USDT:USDT,109.86,980.0,109.85,319.0,109.88,116.0,109.89,21.0
1753769644815,06:14:04.815,htx,LTC/USDT:USDT,109.86,980.0,109.85,319.0,109.88,116.0,109.89,21.0
1753769644991,06:14:04.991,htx,LTC/USDT:USDT,109.86,980.0,109.85,319.0,109.88,116.0,109.89,21.0
1753769645029,06:14:05.029,htx,LTC/USDT:USDT,109.86,980.0,109.85,319.0,109.88,116.0,109.89,21.0
1753769645208,06:14:05.208,htx,LTC/USDT:USDT,109.86,980.0,109.85,319.0,109.88,70.0,109.89,21.0
1753769645229,06:14:05.229,htx,LTC/USDT:USDT,109.86,980.0,109.85,319.0,109.88,70.0,109.89,21.0
1753769645263,06:14:05.263,htx,LTC/USDT:USDT,109.86,980.0,109.85,319.0,109.88,70.0,109.89,21.0
1753769645295,06:14:05.295,htx,LTC/USDT:USDT,109.86,980.0,109.85,319.0,109.88,70.0,109.89,21.0
1753769645349,06:14:05.349,htx,LTC/USDT:USDT,109.86,980.0,109.85,319.0,109.88,70.0,109.89,21.0
1753769645372,06:14:05.372,htx,LTC/USDT:USDT,109.87,32.0,109.86,931.0,109.88,70.0,109.89,21.0
1753769645416,06:14:05.416,htx,LTC/USDT:USDT,109.87,402.0,109.86,931.0,109.88,70.0,109.89,21.0
1753769645667,06:14:05.667,htx,LTC/USDT:USDT,109.87,402.0,109.86,931.0,109.89,21.0,109.9,202.0
1753769645678,06:14:05.678,htx,LTC/USDT:USDT,109.87,402.0,109.86,931.0,109.89,21.0,109.9,202.0
1753769645704,06:14:05.704,htx,LTC/USDT:USDT,109.88,411.0,109.87,332.0,109.89,135.0,109.9,132.0
1753769645752,06:14:05.752,htx,LTC/USDT:USDT,109.88,443.0,109.87,332.0,109.89,135.0,109.9,134.0
1753769645825,06:14:05.825,htx,LTC/USDT:USDT,109.88,143.0,109.87,332.0,109.89,135.0,109.9,134.0
1753769645851,06:14:05.851,htx,LTC/USDT:USDT,109.88,443.0,109.87,332.0,109.89,135.0,109.9,134.0
1753769645911,06:14:05.911,htx,LTC/USDT:USDT,109.88,143.0,109.87,332.0,109.89,135.0,109.9,134.0
1753769646077,06:14:06.077,htx,LTC/USDT:USDT,109.88,443.0,109.87,332.0,109.89,135.0,109.9,134.0
1753769646384,06:14:06.384,htx,LTC/USDT:USDT,109.88,143.0,109.87,332.0,109.89,135.0,109.9,134.0
1753769646458,06:14:06.458,htx,LTC/USDT:USDT,109.88,443.0,109.87,351.0,109.89,70.0,109.9,134.0
1753769646513,06:14:06.513,htx,LTC/USDT:USDT,109.88,143.0,109.87,351.0,109.89,70.0,109.9,134.0
1753769646523,06:14:06.523,htx,LTC/USDT:USDT,109.88,143.0,109.87,351.0,109.89,116.0,109.9,134.0
1753769646802,06:14:06.802,htx,LTC/USDT:USDT,109.88,143.0,109.87,351.0,109.89,116.0,109.9,134.0
1753769646803,06:14:06.803,htx,LTC/USDT:USDT,109.88,443.0,109.87,351.0,109.89,116.0,109.9,134.0
1753769646856,06:14:06.856,htx,LTC/USDT:USDT,109.88,443.0,109.87,351.0,109.89,116.0,109.9,134.0
1753769646918,06:14:06.918,htx,LTC/USDT:USDT,109.88,143.0,109.87,351.0,109.89,46.0,109.9,134.0
1753769646921,06:14:06.921,htx,LTC/USDT:USDT,109.88,443.0,109.87,351.0,109.89,46.0,109.9,134.0
1753769646938,06:14:06.938,htx,LTC/USDT:USDT,109.88,443.0,109.87,351.0,109.9,72.0,109.91,19.0
1753769646970,06:14:06.970,htx,LTC/USDT:USDT,109.88,443.0,109.87,351.0,109.9,2.0,109.91,19.0
1753769646994,06:14:06.994,htx,LTC/USDT:USDT,109.88,443.0,109.87,351.0,109.89,116.0,109.9,46.0
1753769647034,06:14:07.034,htx,LTC/USDT:USDT,109.88,443.0,109.87,351.0,109.89,116.0,109.9,46.0
1753769647078,06:14:07.078,htx,LTC/USDT:USDT,109.88,443.0,109.87,351.0,109.89,116.0,109.9,46.0
1753769647084,06:14:07.084,htx,LTC/USDT:USDT,109.88,443.0,109.87,351.0,109.89,116.0,109.9,48.0
1753769647295,06:14:07.295,htx,LTC/USDT:USDT,109.88,443.0,109.87,351.0,109.89,116.0,109.9,48.0
1753769647340,06:14:07.340,htx,LTC/USDT:USDT,109.88,443.0,109.87,351.0,109.89,116.0,109.9,48.0
1753769647355,06:14:07.355,htx,LTC/USDT:USDT,109.88,443.0,109.87,351.0,109.89,70.0,109.9,2.0
1753769647386,06:14:07.386,htx,LTC/USDT:USDT,109.88,443.0,109.87,351.0,109.9,2.0,109.91,19.0
1753769647427,06:14:07.427,htx,LTC/USDT:USDT,109.88,443.0,109.87,351.0,109.9,118.0,109.91,19.0
1753769647453,06:14:07.453,htx,LTC/USDT:USDT,109.88,443.0,109.87,351.0,109.89,70.0,109.9,118.0
1753769649344,06:14:09.344,htx,LTC/USDT:USDT,109.88,443.0,109.87,351.0,109.89,70.0,109.9,48.0
1753769649680,06:14:09.680,htx,LTC/USDT:USDT,109.88,443.0,109.87,351.0,109.89,70.0,109.9,48.0
1753769650856,06:14:10.856,htx,LTC/USDT:USDT,109.88,443.0,109.87,351.0,109.89,70.0,109.9,48.0
1753769650875,06:14:10.875,htx,LTC/USDT:USDT,109.88,1014.0,109.87,351.0,109.89,70.0,109.9,48.0
1753769651489,06:14:11.489,htx,LTC/USDT:USDT,109.88,1014.0,109.87,351.0,109.89,70.0,109.9,48.0
1753769651496,06:14:11.496,htx,LTC/USDT:USDT,109.88,1014.0,109.87,351.0,109.89,70.0,109.9,48.0
1753769651614,06:14:11.614,htx,LTC/USDT:USDT,109.88,982.0,109.87,351.0,109.89,70.0,109.9,48.0
1753769653797,06:14:13.797,htx,LTC/USDT:USDT,109.88,982.0,109.87,319.0,109.89,70.0,109.9,48.0
1753769653807,06:14:13.807,htx,LTC/USDT:USDT,109.88,982.0,109.87,319.0,109.89,70.0,109.9,48.0
1753769655673,06:14:15.673,htx,LTC/USDT:USDT,109.88,982.0,109.87,319.0,109.89,70.0,109.9,2.0
1753769656094,06:14:16.094,htx,LTC/USDT:USDT,109.88,982.0,109.87,319.0,109.89,116.0,109.9,2.0
1753769656232,06:14:16.232,htx,LTC/USDT:USDT,109.88,982.0,109.87,319.0,109.89,116.0,109.9,2.0
1753769656236,06:14:16.236,htx,LTC/USDT:USDT,109.88,982.0,109.87,319.0,109.89,116.0,109.9,2.0
1753769656676,06:14:16.676,htx,LTC/USDT:USDT,109.88,982.0,109.87,319.0,109.89,116.0,109.9,2.0
1753769656690,06:14:16.690,htx,LTC/USDT:USDT,109.88,982.0,109.87,319.0,109.89,116.0,109.9,2.0
1753769656729,06:14:16.729,htx,LTC/USDT:USDT,109.88,982.0,109.87,319.0,109.89,116.0,109.9,2.0
1753769656812,06:14:16.812,htx,LTC/USDT:USDT,109.88,982.0,109.87,319.0,109.89,116.0,109.9,2.0
