timestamp,time,exchange,symbol,bid1_price,bid1_volume,bid2_price,bid2_volume,ask1_price,ask1_volume,ask2_price,ask2_volume
1753769554860,06:12:34.860,phemex,SOL/USDT:USDT,184.75,514.55,184.74,87.9,184.76,0.01,184.78,0.01
1753769554896,06:12:34.896,phemex,SOL/USDT:USDT,184.75,514.55,184.74,87.9,184.76,0.01,184.78,0.01
1753769555075,06:12:35.075,phemex,SOL/USDT:USDT,184.75,514.55,184.74,87.9,184.76,0.01,184.78,0.01
1753769555156,06:12:35.156,phemex,SOL/USDT:USDT,184.75,514.55,184.74,87.9,184.76,0.01,184.78,0.01
1753769555258,06:12:35.258,phemex,SOL/USDT:USDT,184.75,514.55,184.74,87.9,184.76,0.01,184.78,0.01
1753769555385,06:12:35.385,phemex,SOL/USDT:USDT,184.75,514.55,184.74,87.9,184.76,0.01,184.78,0.01
1753769555501,06:12:35.501,phemex,SOL/USDT:USDT,184.75,514.55,184.74,87.9,184.76,0.01,184.78,0.01
1753769555720,06:12:35.720,phemex,SOL/USDT:USDT,184.75,507.83,184.74,87.9,184.76,0.01,184.78,0.01
1753769555814,06:12:35.814,phemex,SOL/USDT:USDT,184.75,507.83,184.74,87.9,184.76,0.01,184.78,0.01
1753769555909,06:12:35.909,phemex,SOL/USDT:USDT,184.75,507.83,184.74,87.9,184.76,0.01,184.78,0.01
1753769555944,06:12:35.944,phemex,SOL/USDT:USDT,184.75,507.83,184.74,87.9,184.76,0.01,184.78,0.01
1753769556007,06:12:36.007,phemex,SOL/USDT:USDT,184.75,507.83,184.74,87.9,184.76,0.01,184.78,0.01
1753769556041,06:12:36.041,phemex,SOL/USDT:USDT,184.75,507.83,184.74,87.9,184.76,0.01,184.78,0.01
1753769556065,06:12:36.065,phemex,SOL/USDT:USDT,184.75,507.83,184.74,87.9,184.76,0.01,184.78,0.01
1753769556124,06:12:36.124,phemex,SOL/USDT:USDT,184.75,507.83,184.74,87.9,184.76,0.01,184.78,0.01
1753769556153,06:12:36.153,phemex,SOL/USDT:USDT,184.75,507.83,184.74,87.9,184.76,0.01,184.78,0.01
1753769556168,06:12:36.168,phemex,SOL/USDT:USDT,184.75,507.83,184.74,87.9,184.76,0.01,184.78,0.01
1753769556212,06:12:36.212,phemex,SOL/USDT:USDT,184.75,507.83,184.74,87.9,184.76,0.01,184.78,0.01
1753769556261,06:12:36.261,phemex,SOL/USDT:USDT,184.75,507.83,184.74,87.9,184.76,0.01,184.78,0.01
1753769556293,06:12:36.293,phemex,SOL/USDT:USDT,184.75,507.83,184.74,87.9,184.76,0.01,184.78,0.01
1753769556887,06:12:36.887,phemex,SOL/USDT:USDT,184.75,507.85,184.74,87.9,184.76,0.01,184.78,0.01
1753769557058,06:12:37.058,phemex,SOL/USDT:USDT,184.75,507.84,184.74,87.9,184.76,0.01,184.78,0.01
1753769557157,06:12:37.157,phemex,SOL/USDT:USDT,184.75,507.84,184.74,87.9,184.76,0.01,184.78,0.01
1753769557331,06:12:37.331,phemex,SOL/USDT:USDT,184.75,507.84,184.74,87.9,184.76,0.01,184.78,0.01
1753769558923,06:12:38.923,phemex,SOL/USDT:USDT,184.75,507.84,184.74,87.9,184.76,0.01,184.78,0.01
1753769559109,06:12:39.109,phemex,SOL/USDT:USDT,184.75,507.84,184.74,87.9,184.76,0.01,184.78,0.01
1753769559134,06:12:39.134,phemex,SOL/USDT:USDT,184.75,514.56,184.74,87.9,184.76,0.01,184.78,0.01
1753769559140,06:12:39.140,phemex,SOL/USDT:USDT,184.75,507.84,184.74,87.9,184.76,0.01,184.78,0.01
1753769559165,06:12:39.165,phemex,SOL/USDT:USDT,184.75,507.84,184.74,87.9,184.76,0.01,184.78,0.01
1753769559325,06:12:39.325,phemex,SOL/USDT:USDT,184.75,345.48,184.74,87.9,184.76,0.01,184.78,0.01
1753769559738,06:12:39.738,phemex,SOL/USDT:USDT,184.75,507.83,184.74,87.9,184.76,0.01,184.78,0.01
1753769559992,06:12:39.992,phemex,SOL/USDT:USDT,184.75,507.83,184.74,87.9,184.76,0.01,184.78,0.01
1753769560333,06:12:40.333,phemex,SOL/USDT:USDT,184.75,507.83,184.74,87.9,184.76,0.01,184.78,0.01
1753769560362,06:12:40.362,phemex,SOL/USDT:USDT,184.75,507.83,184.74,87.9,184.76,0.01,184.78,0.01
1753769560404,06:12:40.404,phemex,SOL/USDT:USDT,184.75,507.83,184.74,87.9,184.76,0.01,184.78,0.01
1753769560540,06:12:40.540,phemex,SOL/USDT:USDT,184.75,507.83,184.74,87.9,184.76,0.01,184.78,0.01
1753769560737,06:12:40.737,phemex,SOL/USDT:USDT,184.75,507.83,184.74,87.9,184.76,0.01,184.78,0.01
1753769560745,06:12:40.745,phemex,SOL/USDT:USDT,184.75,507.83,184.74,87.9,184.76,0.01,184.78,0.01
1753769560780,06:12:40.780,phemex,SOL/USDT:USDT,184.75,507.83,184.74,87.9,184.76,0.01,184.78,0.01
1753769560813,06:12:40.813,phemex,SOL/USDT:USDT,184.75,507.83,184.74,87.9,184.76,0.01,184.78,0.01
1753769560844,06:12:40.844,phemex,SOL/USDT:USDT,184.75,507.83,184.74,87.9,184.76,0.01,184.78,0.01
1753769560853,06:12:40.853,phemex,SOL/USDT:USDT,184.75,507.83,184.74,87.9,184.76,0.01,184.78,0.01
1753769560889,06:12:40.889,phemex,SOL/USDT:USDT,184.75,507.83,184.74,87.9,184.76,0.01,184.78,0.01
1753769560933,06:12:40.933,phemex,SOL/USDT:USDT,184.75,507.83,184.74,87.9,184.76,0.01,184.78,0.01
1753769561034,06:12:41.034,phemex,SOL/USDT:USDT,184.75,507.83,184.74,87.9,184.76,0.01,184.78,0.01
1753769561066,06:12:41.066,phemex,SOL/USDT:USDT,184.75,507.83,184.74,87.9,184.76,0.01,184.78,0.01
1753769561122,06:12:41.122,phemex,SOL/USDT:USDT,184.75,507.83,184.74,87.9,184.76,0.01,184.78,0.01
1753769561235,06:12:41.235,phemex,SOL/USDT:USDT,184.75,507.83,184.74,87.9,184.76,0.01,184.78,0.01
1753769561286,06:12:41.286,phemex,SOL/USDT:USDT,184.75,507.83,184.74,87.9,184.76,0.01,184.78,0.01
1753769561651,06:12:41.651,phemex,SOL/USDT:USDT,184.75,507.83,184.74,87.9,184.76,0.01,184.78,0.01
1753769562019,06:12:42.019,phemex,SOL/USDT:USDT,184.75,507.83,184.74,87.9,184.76,0.01,184.78,0.01
1753769562031,06:12:42.031,phemex,SOL/USDT:USDT,184.75,514.55,184.74,87.9,184.76,0.01,184.78,0.01
1753769562048,06:12:42.048,phemex,SOL/USDT:USDT,184.75,514.55,184.74,87.9,184.76,0.01,184.78,0.01
1753769562084,06:12:42.084,phemex,SOL/USDT:USDT,184.75,514.55,184.74,87.9,184.76,0.01,184.78,0.01
1753769562103,06:12:42.103,phemex,SOL/USDT:USDT,184.75,514.55,184.74,87.9,184.76,0.01,184.78,0.01
1753769562122,06:12:42.122,phemex,SOL/USDT:USDT,184.75,514.54,184.74,87.9,184.76,0.01,184.78,0.01
1753769562184,06:12:42.184,phemex,SOL/USDT:USDT,184.75,514.54,184.74,87.9,184.76,0.01,184.78,0.01
1753769562240,06:12:42.240,phemex,SOL/USDT:USDT,184.75,514.54,184.74,87.9,184.76,0.01,184.78,0.01
1753769562274,06:12:42.274,phemex,SOL/USDT:USDT,184.75,514.54,184.74,87.9,184.76,0.01,184.78,0.01
1753769562374,06:12:42.374,phemex,SOL/USDT:USDT,184.75,514.54,184.74,87.9,184.76,0.01,184.78,0.01
1753769563003,06:12:43.003,phemex,SOL/USDT:USDT,184.75,514.54,184.74,87.9,184.76,0.01,184.78,0.01
1753769563014,06:12:43.014,phemex,SOL/USDT:USDT,184.75,514.54,184.74,87.9,184.76,0.01,184.78,0.01
1753769563311,06:12:43.311,phemex,SOL/USDT:USDT,184.75,514.54,184.74,87.9,184.76,0.01,184.78,0.01
1753769563386,06:12:43.386,phemex,SOL/USDT:USDT,184.75,514.54,184.74,87.9,184.76,0.01,184.78,0.01
1753769564210,06:12:44.210,phemex,SOL/USDT:USDT,184.75,514.54,184.74,87.9,184.76,0.01,184.78,0.01
1753769564240,06:12:44.240,phemex,SOL/USDT:USDT,184.75,514.54,184.74,87.9,184.76,0.01,184.78,0.01
1753769564444,06:12:44.444,phemex,SOL/USDT:USDT,184.75,514.54,184.74,87.9,184.76,0.01,184.78,0.01
1753769564671,06:12:44.671,phemex,SOL/USDT:USDT,184.75,514.54,184.74,87.9,184.76,0.01,184.78,0.01
1753769564734,06:12:44.734,phemex,SOL/USDT:USDT,184.75,514.54,184.74,87.9,184.76,0.01,184.78,0.01
1753769564945,06:12:44.945,phemex,SOL/USDT:USDT,184.75,514.54,184.74,87.9,184.76,0.01,184.78,0.01
1753769564996,06:12:44.996,phemex,SOL/USDT:USDT,184.75,514.54,184.74,87.9,184.76,0.01,184.78,0.01
1753769565003,06:12:45.003,phemex,SOL/USDT:USDT,184.75,514.54,184.74,87.9,184.76,0.01,184.78,0.01
1753769565148,06:12:45.148,phemex,SOL/USDT:USDT,184.75,514.54,184.74,87.9,184.78,0.01,184.8,0.25
1753769565172,06:12:45.172,phemex,SOL/USDT:USDT,184.79,4.2,184.77,726.41,184.8,0.25,184.81,0.01
1753769565190,06:12:45.190,phemex,SOL/USDT:USDT,184.79,206.23,184.78,80.98,184.8,0.25,184.81,0.01
1753769565214,06:12:45.214,phemex,SOL/USDT:USDT,184.79,223.15,184.78,80.98,184.8,0.25,184.81,0.01
1753769565235,06:12:45.235,phemex,SOL/USDT:USDT,184.79,238.23,184.78,80.98,184.8,0.25,184.81,0.01
1753769565244,06:12:45.244,phemex,SOL/USDT:USDT,184.79,238.23,184.78,80.98,184.8,0.25,184.81,0.01
1753769565262,06:12:45.262,phemex,SOL/USDT:USDT,184.79,234.03,184.78,80.98,184.8,0.25,184.81,0.01
1753769565282,06:12:45.282,phemex,SOL/USDT:USDT,184.79,263.47,184.78,80.98,184.8,0.25,184.81,0.01
1753769565296,06:12:45.296,phemex,SOL/USDT:USDT,184.79,263.47,184.78,80.98,184.8,0.25,184.81,0.01
1753769565319,06:12:45.319,phemex,SOL/USDT:USDT,184.79,263.47,184.78,80.98,184.8,0.25,184.81,0.01
1753769565352,06:12:45.352,phemex,SOL/USDT:USDT,184.79,263.47,184.78,135.11,184.8,0.25,184.81,0.01
1753769565361,06:12:45.361,phemex,SOL/USDT:USDT,184.79,268.51,184.78,135.11,184.8,0.25,184.81,0.01
1753769565367,06:12:45.367,phemex,SOL/USDT:USDT,184.79,282.02,184.78,135.11,184.8,0.25,184.81,0.01
1753769565423,06:12:45.423,phemex,SOL/USDT:USDT,184.79,282.02,184.78,135.11,184.8,0.25,184.81,0.01
1753769565442,06:12:45.442,phemex,SOL/USDT:USDT,184.79,287.34,184.78,135.11,184.8,0.25,184.81,0.01
1753769565482,06:12:45.482,phemex,SOL/USDT:USDT,184.79,287.34,184.78,135.11,184.8,0.25,184.81,0.01
1753769565503,06:12:45.503,phemex,SOL/USDT:USDT,184.79,294.06,184.78,135.11,184.8,0.25,184.81,0.01
1753769565562,06:12:45.562,phemex,SOL/USDT:USDT,184.79,294.06,184.78,135.11,184.8,0.25,184.81,0.01
1753769565581,06:12:45.581,phemex,SOL/USDT:USDT,184.79,332.21,184.78,135.11,184.8,0.25,184.81,0.01
1753769565602,06:12:45.602,phemex,SOL/USDT:USDT,184.79,332.21,184.78,135.11,184.8,0.25,184.81,0.01
1753769565675,06:12:45.675,phemex,SOL/USDT:USDT,184.79,332.21,184.78,135.11,184.8,0.25,184.81,0.01
1753769565829,06:12:45.829,phemex,SOL/USDT:USDT,184.79,359.65,184.78,135.11,184.8,0.25,184.81,0.01
1753769565844,06:12:45.844,phemex,SOL/USDT:USDT,184.79,359.65,184.78,141.83,184.8,0.25,184.81,0.01
1753769565891,06:12:45.891,phemex,SOL/USDT:USDT,184.79,359.65,184.78,141.83,184.8,0.25,184.81,0.01
1753769565922,06:12:45.922,phemex,SOL/USDT:USDT,184.79,359.65,184.78,141.83,184.8,0.25,184.81,0.01
1753769565940,06:12:45.940,phemex,SOL/USDT:USDT,184.79,359.65,184.78,141.83,184.8,0.25,184.81,0.01
1753769566162,06:12:46.162,phemex,SOL/USDT:USDT,184.79,392.12,184.78,141.83,184.8,0.25,184.81,0.01
1753769566728,06:12:46.728,phemex,SOL/USDT:USDT,184.79,392.12,184.78,141.83,184.8,0.25,184.81,0.01
1753769567380,06:12:47.380,phemex,SOL/USDT:USDT,184.79,392.12,184.78,141.83,184.8,0.25,184.81,0.01
1753769567418,06:12:47.418,phemex,SOL/USDT:USDT,184.79,554.45,184.78,141.83,184.8,0.25,184.81,0.01
1753769567438,06:12:47.438,phemex,SOL/USDT:USDT,184.79,554.45,184.78,141.83,184.8,0.25,184.81,0.01
1753769567461,06:12:47.461,phemex,SOL/USDT:USDT,184.79,554.45,184.78,141.83,184.8,0.25,184.81,0.01
1753769567492,06:12:47.492,phemex,SOL/USDT:USDT,184.79,392.12,184.78,304.16,184.8,0.25,184.81,0.01
1753769567504,06:12:47.504,phemex,SOL/USDT:USDT,184.79,392.12,184.78,141.83,184.8,0.25,184.81,0.01
1753769567844,06:12:47.844,phemex,SOL/USDT:USDT,184.79,392.12,184.78,304.16,184.8,0.25,184.81,0.01
1753769567905,06:12:47.905,phemex,SOL/USDT:USDT,184.79,392.12,184.78,304.16,184.8,0.25,184.81,0.01
1753769568016,06:12:48.016,phemex,SOL/USDT:USDT,184.79,392.12,184.78,304.16,184.8,0.25,184.81,0.01
1753769568042,06:12:48.042,phemex,SOL/USDT:USDT,184.79,554.45,184.78,141.83,184.8,0.25,184.81,0.01
1753769568054,06:12:48.054,phemex,SOL/USDT:USDT,184.79,392.12,184.78,304.16,184.8,0.25,184.81,0.01
1753769568375,06:12:48.375,phemex,SOL/USDT:USDT,184.79,392.12,184.78,304.16,184.8,0.25,184.81,0.01
1753769568633,06:12:48.633,phemex,SOL/USDT:USDT,184.79,554.44,184.78,141.83,184.8,0.25,184.81,0.01
1753769568936,06:12:48.936,phemex,SOL/USDT:USDT,184.79,555.28,184.78,141.83,184.8,0.25,184.81,0.01
1753769568988,06:12:48.988,phemex,SOL/USDT:USDT,184.79,555.28,184.78,141.83,184.8,0.25,184.81,0.01
1753769569009,06:12:49.009,phemex,SOL/USDT:USDT,184.79,392.96,184.78,304.16,184.8,0.25,184.81,0.01
1753769569016,06:12:49.016,phemex,SOL/USDT:USDT,184.79,555.28,184.78,304.16,184.8,0.25,184.81,0.01
1753769569067,06:12:49.067,phemex,SOL/USDT:USDT,184.79,392.96,184.78,141.83,184.8,0.25,184.81,0.01
1753769569100,06:12:49.100,phemex,SOL/USDT:USDT,184.79,392.96,184.78,141.83,184.8,0.25,184.81,0.01
1753769569100,06:12:49.100,phemex,SOL/USDT:USDT,184.79,555.28,184.78,141.83,184.8,0.25,184.81,0.01
1753769569191,06:12:49.191,phemex,SOL/USDT:USDT,184.79,555.28,184.78,141.83,184.8,0.24,184.81,0.01
1753769569254,06:12:49.254,phemex,SOL/USDT:USDT,184.79,555.28,184.78,141.83,184.8,0.24,184.81,0.01
1753769569261,06:12:49.261,phemex,SOL/USDT:USDT,184.79,555.28,184.78,141.83,184.8,0.24,184.81,0.01
1753769569339,06:12:49.339,phemex,SOL/USDT:USDT,184.79,555.28,184.78,141.83,184.8,0.24,184.81,0.01
1753769569368,06:12:49.368,phemex,SOL/USDT:USDT,184.79,555.28,184.78,141.83,184.8,0.24,184.81,0.01
1753769569390,06:12:49.390,phemex,SOL/USDT:USDT,184.79,555.28,184.78,141.83,184.8,0.24,184.81,0.01
1753769569391,06:12:49.391,phemex,SOL/USDT:USDT,184.79,555.28,184.78,141.83,184.8,0.24,184.81,0.01
1753769569424,06:12:49.424,phemex,SOL/USDT:USDT,184.79,555.28,184.78,141.83,184.8,0.24,184.81,0.01
1753769569522,06:12:49.522,phemex,SOL/USDT:USDT,184.79,555.28,184.78,141.83,184.8,0.24,184.81,0.01
1753769569544,06:12:49.544,phemex,SOL/USDT:USDT,184.79,571.51,184.78,141.83,184.8,0.24,184.81,0.01
1753769569563,06:12:49.563,phemex,SOL/USDT:USDT,184.79,571.51,184.78,141.83,184.8,0.24,184.81,0.01
1753769569594,06:12:49.594,phemex,SOL/USDT:USDT,184.79,555.28,184.78,141.83,184.8,0.24,184.81,0.01
1753769569594,06:12:49.594,phemex,SOL/USDT:USDT,184.79,555.28,184.78,141.83,184.8,0.24,184.81,0.01
1753769569742,06:12:49.742,phemex,SOL/USDT:USDT,184.79,555.28,184.78,141.83,184.8,0.24,184.81,0.01
1753769569860,06:12:49.860,phemex,SOL/USDT:USDT,184.79,555.28,184.78,141.83,184.8,0.24,184.81,0.01
1753769569941,06:12:49.941,phemex,SOL/USDT:USDT,184.79,555.28,184.78,158.06,184.8,0.24,184.81,0.01
1753769569981,06:12:49.981,phemex,SOL/USDT:USDT,184.79,555.28,184.78,158.06,184.8,0.24,184.81,0.01
1753769570009,06:12:50.009,phemex,SOL/USDT:USDT,184.79,555.28,184.78,158.06,184.8,0.24,184.81,0.01
1753769570242,06:12:50.242,phemex,SOL/USDT:USDT,184.79,555.28,184.78,758.83,184.8,0.24,184.81,0.01
1753769570325,06:12:50.325,phemex,SOL/USDT:USDT,184.79,555.28,184.78,742.6,184.8,0.24,184.81,0.01
1753769570338,06:12:50.338,phemex,SOL/USDT:USDT,184.79,555.28,184.78,742.6,184.8,0.24,184.81,0.01
1753769570350,06:12:50.350,phemex,SOL/USDT:USDT,184.79,555.28,184.78,742.6,184.8,0.24,184.81,0.01
1753769570446,06:12:50.446,phemex,SOL/USDT:USDT,184.79,555.28,184.78,742.6,184.8,0.24,184.81,0.01
1753769570494,06:12:50.494,phemex,SOL/USDT:USDT,184.79,392.96,184.78,904.93,184.8,0.24,184.81,0.01
1753769571373,06:12:51.373,phemex,SOL/USDT:USDT,184.79,392.96,184.78,904.93,184.8,0.24,184.81,0.01
1753769571383,06:12:51.383,phemex,SOL/USDT:USDT,184.79,555.28,184.78,742.6,184.8,0.24,184.81,0.01
1753769571549,06:12:51.549,phemex,SOL/USDT:USDT,184.79,555.28,184.78,742.6,184.8,0.24,184.81,0.01
1753769571658,06:12:51.658,phemex,SOL/USDT:USDT,184.79,555.28,184.78,904.93,184.8,0.24,184.81,0.01
1753769571664,06:12:51.664,phemex,SOL/USDT:USDT,184.79,399.68,184.78,904.93,184.8,0.24,184.81,0.01
1753769571945,06:12:51.945,phemex,SOL/USDT:USDT,184.79,562.0,184.78,742.6,184.8,0.24,184.81,0.01
1753769572100,06:12:52.100,phemex,SOL/USDT:USDT,184.79,399.68,184.78,742.6,184.8,0.24,184.81,0.01
1753769572632,06:12:52.632,phemex,SOL/USDT:USDT,184.79,399.68,184.78,904.93,184.8,0.24,184.81,0.01
1753769572800,06:12:52.800,phemex,SOL/USDT:USDT,184.79,562.0,184.78,742.6,184.8,0.24,184.81,0.01
1753769573117,06:12:53.117,phemex,SOL/USDT:USDT,184.79,578.23,184.78,742.6,184.8,0.24,184.81,0.01
1753769573235,06:12:53.235,phemex,SOL/USDT:USDT,184.79,562.0,184.78,742.6,184.8,0.24,184.81,0.01
1753769573248,06:12:53.248,phemex,SOL/USDT:USDT,184.79,392.96,184.78,904.93,184.8,0.24,184.81,0.01
1753769573397,06:12:53.397,phemex,SOL/USDT:USDT,184.79,555.29,184.78,742.6,184.8,0.24,184.81,0.01
1753769573509,06:12:53.509,phemex,SOL/USDT:USDT,184.79,555.29,184.78,758.83,184.8,0.24,184.81,0.01
1753769573539,06:12:53.539,phemex,SOL/USDT:USDT,184.79,392.96,184.78,921.16,184.8,0.24,184.81,0.01
1753769574014,06:12:54.014,phemex,SOL/USDT:USDT,184.79,392.96,184.78,921.16,184.8,0.24,184.81,0.01
1753769574099,06:12:54.099,phemex,SOL/USDT:USDT,184.79,392.96,184.78,758.83,184.8,0.24,184.81,0.01
1753769574113,06:12:54.113,phemex,SOL/USDT:USDT,184.79,392.96,184.78,921.16,184.8,0.24,184.81,0.01
1753769574212,06:12:54.212,phemex,SOL/USDT:USDT,184.79,392.95,184.78,921.16,184.8,0.24,184.81,0.01
1753769574446,06:12:54.446,phemex,SOL/USDT:USDT,184.79,392.95,184.78,921.16,184.8,0.24,184.81,0.01
1753769574456,06:12:54.456,phemex,SOL/USDT:USDT,184.79,392.95,184.78,758.83,184.8,0.24,184.81,0.01
1753769574473,06:12:54.473,phemex,SOL/USDT:USDT,184.79,561.99,184.78,758.83,184.8,0.24,184.81,0.01
1753769574516,06:12:54.516,phemex,SOL/USDT:USDT,184.79,561.99,184.78,758.83,184.8,0.24,184.81,0.01
1753769574533,06:12:54.533,phemex,SOL/USDT:USDT,184.79,555.27,184.78,758.83,184.8,0.24,184.81,0.01
1753769574571,06:12:54.571,phemex,SOL/USDT:USDT,184.79,399.67,184.78,921.16,184.8,0.24,184.81,0.01
1753769574593,06:12:54.593,phemex,SOL/USDT:USDT,184.79,399.67,184.78,904.93,184.8,0.24,184.81,0.01
1753769574606,06:12:54.606,phemex,SOL/USDT:USDT,184.79,392.95,184.78,904.93,184.8,0.24,184.81,0.01
1753769574657,06:12:54.657,phemex,SOL/USDT:USDT,184.79,392.95,184.78,904.93,184.8,0.24,184.81,0.01
1753769574939,06:12:54.939,phemex,SOL/USDT:USDT,184.79,392.95,184.78,742.6,184.8,0.24,184.81,0.01
1753769575019,06:12:55.019,phemex,SOL/USDT:USDT,184.79,392.95,184.78,742.6,184.8,0.24,184.81,0.01
1753769575045,06:12:55.045,phemex,SOL/USDT:USDT,184.79,392.95,184.78,904.93,184.8,0.24,184.81,0.01
1753769575138,06:12:55.138,phemex,SOL/USDT:USDT,184.79,392.95,184.78,904.93,184.8,0.24,184.81,0.01
1753769575294,06:12:55.294,phemex,SOL/USDT:USDT,184.79,392.95,184.78,904.93,184.8,0.24,184.81,0.01
1753769575331,06:12:55.331,phemex,SOL/USDT:USDT,184.79,392.95,184.78,904.93,184.8,0.24,184.81,0.01
1753769575537,06:12:55.537,phemex,SOL/USDT:USDT,184.79,392.95,184.78,904.93,184.8,0.24,184.81,0.01
1753769575949,06:12:55.949,phemex,SOL/USDT:USDT,184.79,392.95,184.78,742.6,184.8,0.24,184.81,0.01
1753769575969,06:12:55.969,phemex,SOL/USDT:USDT,184.79,392.95,184.78,742.6,184.8,0.24,184.81,0.01
1753769576062,06:12:56.062,phemex,SOL/USDT:USDT,184.79,392.95,184.78,904.93,184.8,0.24,184.81,0.01
1753769576826,06:12:56.826,phemex,SOL/USDT:USDT,184.79,392.95,184.78,904.93,184.8,0.24,184.81,0.01
1753769576845,06:12:56.845,phemex,SOL/USDT:USDT,184.79,392.95,184.78,904.93,184.8,0.24,184.81,0.01
1753769576866,06:12:56.866,phemex,SOL/USDT:USDT,184.79,392.95,184.78,742.6,184.8,0.24,184.81,0.01
1753769576909,06:12:56.909,phemex,SOL/USDT:USDT,184.79,392.95,184.78,742.6,184.8,0.24,184.81,0.01
1753769576963,06:12:56.963,phemex,SOL/USDT:USDT,184.79,392.95,184.78,742.6,184.8,0.24,184.81,0.01
1753769576987,06:12:56.987,phemex,SOL/USDT:USDT,184.79,392.95,184.78,742.6,184.8,0.24,184.81,0.01
1753769577028,06:12:57.028,phemex,SOL/USDT:USDT,184.79,392.95,184.78,742.6,184.8,0.24,184.81,0.01
1753769577057,06:12:57.057,phemex,SOL/USDT:USDT,184.79,392.95,184.78,742.6,184.8,0.24,184.81,0.01
1753769578370,06:12:58.370,phemex,SOL/USDT:USDT,184.79,392.95,184.78,742.6,184.8,0.24,184.81,0.01
1753769578523,06:12:58.523,phemex,SOL/USDT:USDT,184.79,392.95,184.78,742.6,184.8,0.24,184.81,0.01
1753769578550,06:12:58.550,phemex,SOL/USDT:USDT,184.79,392.95,184.78,742.6,184.8,0.24,184.81,0.01
1753769578609,06:12:58.609,phemex,SOL/USDT:USDT,184.79,392.95,184.78,742.6,184.8,0.24,184.81,0.01
1753769578686,06:12:58.686,phemex,SOL/USDT:USDT,184.79,392.95,184.78,742.6,184.8,0.24,184.81,0.01
1753769578699,06:12:58.699,phemex,SOL/USDT:USDT,184.79,392.95,184.78,904.93,184.8,0.24,184.81,0.01
1753769579262,06:12:59.262,phemex,SOL/USDT:USDT,184.79,392.95,184.78,904.93,184.8,0.24,184.81,0.01
1753769579302,06:12:59.302,phemex,SOL/USDT:USDT,184.79,392.95,184.78,742.6,184.8,0.24,184.81,0.01
1753769579331,06:12:59.331,phemex,SOL/USDT:USDT,184.79,392.95,184.78,904.93,184.8,0.24,184.81,0.01
1753769579414,06:12:59.414,phemex,SOL/USDT:USDT,184.79,571.51,184.78,742.6,184.8,0.24,184.81,0.01
1753769579458,06:12:59.458,phemex,SOL/USDT:USDT,184.79,409.18,184.78,742.6,184.8,0.24,184.81,0.01
1753769579468,06:12:59.468,phemex,SOL/USDT:USDT,184.79,409.18,184.78,904.93,184.8,0.24,184.81,0.01
1753769579494,06:12:59.494,phemex,SOL/USDT:USDT,184.79,409.18,184.78,904.93,184.8,0.24,184.81,0.01
1753769579568,06:12:59.568,phemex,SOL/USDT:USDT,184.79,409.18,184.78,904.93,184.8,0.24,184.81,0.01
1753769579587,06:12:59.587,phemex,SOL/USDT:USDT,184.79,409.18,184.78,904.93,184.8,0.24,184.81,0.01
1753769579638,06:12:59.638,phemex,SOL/USDT:USDT,184.79,571.5,184.78,742.6,184.8,0.24,184.81,0.01
1753769579645,06:12:59.645,phemex,SOL/USDT:USDT,184.79,571.5,184.78,742.6,184.8,0.24,184.81,0.01
1753769579668,06:12:59.668,phemex,SOL/USDT:USDT,184.79,571.5,184.78,742.6,184.8,0.24,184.81,0.01
1753769579774,06:12:59.774,phemex,SOL/USDT:USDT,184.79,571.5,184.78,742.6,184.8,0.24,184.81,0.01
1753769579815,06:12:59.815,phemex,SOL/USDT:USDT,184.79,571.5,184.78,742.6,184.8,0.24,184.81,0.01
1753769579889,06:12:59.889,phemex,SOL/USDT:USDT,184.79,409.18,184.78,742.6,184.8,0.24,184.81,0.01
1753769579917,06:12:59.917,phemex,SOL/USDT:USDT,184.79,571.51,184.78,742.6,184.8,0.24,184.81,0.01
1753769579936,06:12:59.936,phemex,SOL/USDT:USDT,184.79,571.51,184.78,742.6,184.8,0.24,184.81,0.01
1753769579974,06:12:59.974,phemex,SOL/USDT:USDT,184.79,409.18,184.78,904.93,184.8,0.24,184.81,0.01
1753769580025,06:13:00.025,phemex,SOL/USDT:USDT,184.79,409.18,184.78,904.93,184.8,0.24,184.81,0.01
1753769580040,06:13:00.040,phemex,SOL/USDT:USDT,184.79,409.18,184.78,904.93,184.8,0.24,184.81,0.01
1753769580056,06:13:00.056,phemex,SOL/USDT:USDT,184.79,571.5,184.78,742.6,184.8,0.24,184.81,0.01
1753769580071,06:13:00.071,phemex,SOL/USDT:USDT,184.79,578.22,184.78,742.6,184.8,0.24,184.81,0.01
1753769580125,06:13:00.125,phemex,SOL/USDT:USDT,184.79,578.22,184.78,742.6,184.8,0.24,184.81,0.01
1753769580148,06:13:00.148,phemex,SOL/USDT:USDT,184.79,578.22,184.78,742.6,184.8,0.24,184.81,0.01
1753769580174,06:13:00.174,phemex,SOL/USDT:USDT,184.79,578.22,184.78,742.6,184.8,0.24,184.81,0.01
1753769580175,06:13:00.175,phemex,SOL/USDT:USDT,184.79,578.22,184.78,742.6,184.8,0.24,184.81,0.01
1753769580277,06:13:00.277,phemex,SOL/USDT:USDT,184.79,415.9,184.78,904.93,184.8,0.24,184.81,0.01
1753769580332,06:13:00.332,phemex,SOL/USDT:USDT,184.79,578.22,184.78,742.6,184.8,0.24,184.81,0.01
1753769580359,06:13:00.359,phemex,SOL/USDT:USDT,184.79,578.22,184.78,742.6,184.8,0.24,184.81,0.01
1753769580375,06:13:00.375,phemex,SOL/USDT:USDT,184.79,578.22,184.78,742.6,184.8,0.24,184.81,0.01
1753769580421,06:13:00.421,phemex,SOL/USDT:USDT,184.79,578.22,184.78,742.6,184.8,0.24,184.81,0.01
1753769580755,06:13:00.755,phemex,SOL/USDT:USDT,184.79,415.9,184.78,742.6,184.8,0.24,184.81,0.01
1753769580874,06:13:00.874,phemex,SOL/USDT:USDT,184.79,399.67,184.78,742.6,184.8,0.24,184.81,0.01
1753769580919,06:13:00.919,phemex,SOL/USDT:USDT,184.79,383.96,184.78,742.6,184.8,0.24,184.81,0.01
1753769581007,06:13:01.007,phemex,SOL/USDT:USDT,184.79,399.66,184.78,904.93,184.8,0.24,184.81,0.01
1753769581184,06:13:01.184,phemex,SOL/USDT:USDT,184.79,561.98,184.78,742.6,184.8,0.24,184.81,0.01
1753769581250,06:13:01.250,phemex,SOL/USDT:USDT,184.79,392.94,184.78,904.93,184.8,0.24,184.81,0.01
1753769581300,06:13:01.300,phemex,SOL/USDT:USDT,184.79,392.94,184.78,904.93,184.8,0.23,184.81,0.01
1753769581408,06:13:01.408,phemex,SOL/USDT:USDT,184.79,555.26,184.78,904.93,184.8,0.23,184.81,0.01
1753769581413,06:13:01.413,phemex,SOL/USDT:USDT,184.79,392.94,184.78,904.93,184.8,0.23,184.81,0.01
1753769581478,06:13:01.478,phemex,SOL/USDT:USDT,184.79,392.94,184.78,904.93,184.8,0.23,184.81,0.01
1753769581502,06:13:01.502,phemex,SOL/USDT:USDT,184.79,392.94,184.78,904.93,184.8,0.23,184.81,0.01
1753769581568,06:13:01.568,phemex,SOL/USDT:USDT,184.79,392.94,184.78,904.93,184.8,0.23,184.81,0.01
1753769582093,06:13:02.093,phemex,SOL/USDT:USDT,184.79,392.94,184.78,904.93,184.8,0.23,184.81,0.01
1753769582132,06:13:02.132,phemex,SOL/USDT:USDT,184.79,392.94,184.78,904.93,184.8,0.23,184.81,0.01
1753769582152,06:13:02.152,phemex,SOL/USDT:USDT,184.79,392.94,184.78,921.16,184.8,0.23,184.81,0.01
1753769582162,06:13:02.162,phemex,SOL/USDT:USDT,184.79,399.66,184.78,921.16,184.8,0.23,184.81,0.01
1753769582182,06:13:02.182,phemex,SOL/USDT:USDT,184.79,392.94,184.78,921.16,184.8,0.23,184.81,0.01
1753769582238,06:13:02.238,phemex,SOL/USDT:USDT,184.79,392.94,184.78,904.93,184.8,0.23,184.81,0.01
1753769582283,06:13:02.283,phemex,SOL/USDT:USDT,184.79,392.94,184.78,904.93,184.8,0.23,184.81,0.01
1753769582292,06:13:02.292,phemex,SOL/USDT:USDT,184.79,392.94,184.78,904.93,184.8,0.23,184.81,0.01
1753769582365,06:13:02.365,phemex,SOL/USDT:USDT,184.79,392.94,184.78,904.93,184.8,0.23,184.81,0.01
1753769582382,06:13:02.382,phemex,SOL/USDT:USDT,184.79,392.94,184.78,904.93,184.8,0.23,184.81,0.01
1753769582428,06:13:02.428,phemex,SOL/USDT:USDT,184.79,392.94,184.78,742.6,184.8,0.23,184.81,0.01
1753769582436,06:13:02.436,phemex,SOL/USDT:USDT,184.79,392.94,184.78,904.93,184.8,0.23,184.81,0.01
1753769582483,06:13:02.483,phemex,SOL/USDT:USDT,184.79,392.94,184.78,904.93,184.8,0.23,184.81,0.01
1753769582552,06:13:02.552,phemex,SOL/USDT:USDT,184.79,392.94,184.78,904.93,184.8,0.23,184.81,0.01
1753769582637,06:13:02.637,phemex,SOL/USDT:USDT,184.79,392.94,184.78,904.93,184.8,0.23,184.81,0.01
1753769582683,06:13:02.683,phemex,SOL/USDT:USDT,184.79,392.94,184.78,904.93,184.8,0.23,184.81,0.01
1753769582787,06:13:02.787,phemex,SOL/USDT:USDT,184.79,392.94,184.78,742.6,184.8,0.23,184.81,0.01
1753769582919,06:13:02.919,phemex,SOL/USDT:USDT,184.79,392.94,184.78,742.6,184.8,0.23,184.81,0.01
1753769583202,06:13:03.202,phemex,SOL/USDT:USDT,184.79,347.26,184.78,904.93,184.8,0.23,184.81,0.01
1753769583225,06:13:03.225,phemex,SOL/USDT:USDT,184.79,347.26,184.78,742.6,184.8,0.23,184.81,0.01
1753769583282,06:13:03.282,phemex,SOL/USDT:USDT,184.79,347.26,184.78,742.6,184.8,0.23,184.81,0.01
1753769583317,06:13:03.317,phemex,SOL/USDT:USDT,184.79,347.26,184.78,742.6,184.8,0.23,184.81,0.01
1753769583336,06:13:03.336,phemex,SOL/USDT:USDT,184.79,392.92,184.78,742.6,184.8,0.23,184.81,0.01
1753769583350,06:13:03.350,phemex,SOL/USDT:USDT,184.79,392.92,184.78,742.6,184.8,0.23,184.81,0.01
1753769583360,06:13:03.360,phemex,SOL/USDT:USDT,184.79,392.92,184.78,742.6,184.8,0.23,184.81,0.01
1753769583438,06:13:03.438,phemex,SOL/USDT:USDT,184.79,392.92,184.78,742.6,184.8,0.23,184.81,0.01
1753769583507,06:13:03.507,phemex,SOL/USDT:USDT,184.79,392.92,184.78,742.6,184.8,0.23,184.81,0.01
1753769583542,06:13:03.542,phemex,SOL/USDT:USDT,184.79,392.92,184.78,742.6,184.8,0.23,184.81,0.01
1753769583720,06:13:03.720,phemex,SOL/USDT:USDT,184.79,392.08,184.78,742.6,184.8,0.23,184.81,0.01
1753769583949,06:13:03.949,phemex,SOL/USDT:USDT,184.79,382.56,184.78,742.6,184.8,0.23,184.81,0.01
1753769583976,06:13:03.976,phemex,SOL/USDT:USDT,184.79,377.52,184.78,742.6,184.8,0.23,184.81,0.01
1753769584003,06:13:04.003,phemex,SOL/USDT:USDT,184.79,377.52,184.78,742.6,184.8,0.23,184.81,0.01
1753769584021,06:13:04.021,phemex,SOL/USDT:USDT,184.79,549.36,184.78,742.6,184.8,0.23,184.81,0.01
1753769584036,06:13:04.036,phemex,SOL/USDT:USDT,184.79,387.04,184.78,904.93,184.8,0.23,184.81,0.01
1753769584078,06:13:04.078,phemex,SOL/USDT:USDT,184.79,387.04,184.78,904.93,184.8,0.23,184.81,0.01
1753769584129,06:13:04.129,phemex,SOL/USDT:USDT,184.79,387.04,184.78,742.6,184.8,0.23,184.81,0.01
1753769584160,06:13:04.160,phemex,SOL/USDT:USDT,184.79,387.04,184.78,742.6,184.8,0.23,184.81,0.01
1753769584179,06:13:04.179,phemex,SOL/USDT:USDT,184.79,387.04,184.78,742.6,184.8,0.23,184.81,0.01
1753769584185,06:13:04.185,phemex,SOL/USDT:USDT,184.79,387.04,184.78,758.83,184.8,0.23,184.81,0.01
1753769584208,06:13:04.208,phemex,SOL/USDT:USDT,184.79,392.08,184.78,758.83,184.8,0.23,184.81,0.01
1753769584213,06:13:04.213,phemex,SOL/USDT:USDT,184.79,392.08,184.78,758.83,184.8,0.23,184.81,0.01
1753769584293,06:13:04.293,phemex,SOL/USDT:USDT,184.79,392.08,184.78,758.83,184.8,0.23,184.81,0.01
1753769584937,06:13:04.937,phemex,SOL/USDT:USDT,184.79,392.08,184.78,742.6,184.8,0.23,184.81,0.01
1753769585016,06:13:05.016,phemex,SOL/USDT:USDT,184.79,392.08,184.78,742.6,184.8,0.23,184.81,0.01
1753769585136,06:13:05.136,phemex,SOL/USDT:USDT,184.79,346.42,184.78,742.6,184.8,0.23,184.81,0.01
1753769585235,06:13:05.235,phemex,SOL/USDT:USDT,184.79,392.08,184.78,742.6,184.8,0.23,184.81,0.01
1753769585451,06:13:05.451,phemex,SOL/USDT:USDT,184.79,392.08,184.78,742.6,184.8,0.23,184.81,0.01
1753769585479,06:13:05.479,phemex,SOL/USDT:USDT,184.79,392.08,184.78,742.6,184.8,0.23,184.81,0.01
1753769585502,06:13:05.502,phemex,SOL/USDT:USDT,184.79,392.08,184.78,742.6,184.8,0.23,184.81,0.01
1753769585520,06:13:05.520,phemex,SOL/USDT:USDT,184.79,392.08,184.78,904.93,184.8,0.23,184.81,0.01
1753769585565,06:13:05.565,phemex,SOL/USDT:USDT,184.79,392.08,184.78,904.93,184.8,0.23,184.81,0.01
1753769585599,06:13:05.599,phemex,SOL/USDT:USDT,184.79,392.08,184.78,904.93,184.8,0.23,184.81,0.01
1753769585636,06:13:05.636,phemex,SOL/USDT:USDT,184.79,392.92,184.78,904.93,184.8,0.23,184.81,0.01
1753769585671,06:13:05.671,phemex,SOL/USDT:USDT,184.79,555.25,184.78,742.6,184.8,0.23,184.81,0.01
1753769585700,06:13:05.700,phemex,SOL/USDT:USDT,184.79,555.25,184.78,742.6,184.8,0.23,184.81,0.01
1753769585940,06:13:05.940,phemex,SOL/USDT:USDT,184.79,555.25,184.78,742.6,184.8,0.23,184.81,0.01
1753769585948,06:13:05.948,phemex,SOL/USDT:USDT,184.79,555.25,184.78,742.6,184.8,0.23,184.81,0.01
1753769586015,06:13:06.015,phemex,SOL/USDT:USDT,184.79,555.25,184.78,742.6,184.8,0.23,184.81,0.01
1753769586022,06:13:06.022,phemex,SOL/USDT:USDT,184.79,555.25,184.78,742.6,184.8,0.23,184.81,0.01
1753769586460,06:13:06.460,phemex,SOL/USDT:USDT,184.79,392.92,184.78,742.6,184.8,0.23,184.81,0.01
1753769586476,06:13:06.476,phemex,SOL/USDT:USDT,184.79,399.64,184.78,904.93,184.8,0.23,184.81,0.01
1753769586517,06:13:06.517,phemex,SOL/USDT:USDT,184.79,561.96,184.78,742.6,184.8,0.23,184.81,0.01
1753769586636,06:13:06.636,phemex,SOL/USDT:USDT,184.79,399.64,184.78,904.93,184.8,0.23,184.81,0.01
1753769586678,06:13:06.678,phemex,SOL/USDT:USDT,184.79,392.92,184.78,904.93,184.8,0.23,184.81,0.01
1753769586718,06:13:06.718,phemex,SOL/USDT:USDT,184.79,399.64,184.78,904.93,184.8,0.23,184.81,0.01
1753769586777,06:13:06.777,phemex,SOL/USDT:USDT,184.79,392.92,184.78,904.93,184.8,0.23,184.81,0.01
1753769586875,06:13:06.875,phemex,SOL/USDT:USDT,184.79,392.92,184.78,904.93,184.8,0.23,184.81,0.01
1753769586884,06:13:06.884,phemex,SOL/USDT:USDT,184.79,555.24,184.78,742.6,184.8,0.23,184.81,0.01
1753769586947,06:13:06.947,phemex,SOL/USDT:USDT,184.79,509.58,184.78,742.6,184.8,0.23,184.81,0.01
1753769587047,06:13:07.047,phemex,SOL/USDT:USDT,184.79,555.24,184.78,742.6,184.8,0.23,184.81,0.01
1753769587356,06:13:07.356,phemex,SOL/USDT:USDT,184.79,392.92,184.78,904.93,184.8,0.23,184.81,0.01
1753769587400,06:13:07.400,phemex,SOL/USDT:USDT,184.79,392.92,184.78,742.6,184.8,0.23,184.81,0.01
1753769587432,06:13:07.432,phemex,SOL/USDT:USDT,184.79,347.26,184.78,742.6,184.8,0.23,184.81,0.01
1753769587444,06:13:07.444,phemex,SOL/USDT:USDT,184.79,347.26,184.78,742.6,184.8,0.23,184.81,0.01
1753769587705,06:13:07.705,phemex,SOL/USDT:USDT,184.79,392.92,184.78,742.6,184.8,0.23,184.81,0.01
1753769588028,06:13:08.028,phemex,SOL/USDT:USDT,184.79,347.26,184.78,742.6,184.8,0.23,184.81,0.01
1753769588128,06:13:08.128,phemex,SOL/USDT:USDT,184.79,392.92,184.78,742.6,184.8,0.23,184.81,0.01
1753769588225,06:13:08.225,phemex,SOL/USDT:USDT,184.79,392.92,184.78,742.6,184.8,0.23,184.81,0.01
1753769588265,06:13:08.265,phemex,SOL/USDT:USDT,184.79,392.92,184.78,742.6,184.8,0.23,184.81,0.01
1753769588312,06:13:08.312,phemex,SOL/USDT:USDT,184.79,392.92,184.78,742.6,184.8,0.23,184.81,0.01
1753769588443,06:13:08.443,phemex,SOL/USDT:USDT,184.79,392.92,184.78,742.6,184.8,0.23,184.81,0.01
1753769588613,06:13:08.613,phemex,SOL/USDT:USDT,184.79,392.92,184.78,742.6,184.8,0.23,184.81,0.01
1753769589213,06:13:09.213,phemex,SOL/USDT:USDT,184.79,392.92,184.78,742.6,184.8,0.23,184.81,0.01
1753769589806,06:13:09.806,phemex,SOL/USDT:USDT,184.79,392.92,184.78,742.6,184.8,0.23,184.81,0.01
1753769589840,06:13:09.840,phemex,SOL/USDT:USDT,184.79,392.92,184.78,742.6,184.8,0.23,184.81,0.01
1753769590049,06:13:10.049,phemex,SOL/USDT:USDT,184.79,392.92,184.78,742.6,184.8,0.23,184.81,0.01
1753769590537,06:13:10.537,phemex,SOL/USDT:USDT,184.79,392.92,184.78,742.6,184.8,0.23,184.81,0.01
1753769590574,06:13:10.574,phemex,SOL/USDT:USDT,184.79,399.64,184.78,742.6,184.8,0.23,184.81,0.01
1753769590587,06:13:10.587,phemex,SOL/USDT:USDT,184.79,399.64,184.78,904.93,184.8,0.23,184.81,0.01
1753769590590,06:13:10.590,phemex,SOL/USDT:USDT,184.79,392.92,184.78,904.93,184.8,0.23,184.81,0.01
1753769590674,06:13:10.674,phemex,SOL/USDT:USDT,184.79,392.92,184.78,742.6,184.8,0.23,184.81,0.01
1753769590723,06:13:10.723,phemex,SOL/USDT:USDT,184.79,392.92,184.78,742.6,184.8,0.23,184.81,0.01
1753769590739,06:13:10.739,phemex,SOL/USDT:USDT,184.79,555.24,184.78,742.6,184.8,0.23,184.81,0.01
1753769590748,06:13:10.748,phemex,SOL/USDT:USDT,184.79,555.24,184.78,742.6,184.8,0.23,184.81,0.01
1753769590771,06:13:10.771,phemex,SOL/USDT:USDT,184.79,555.24,184.78,742.6,184.8,0.23,184.81,0.01
1753769590998,06:13:10.998,phemex,SOL/USDT:USDT,184.79,392.92,184.78,904.93,184.8,0.23,184.81,0.01
1753769591374,06:13:11.374,phemex,SOL/USDT:USDT,184.79,392.92,184.78,742.6,184.8,0.23,184.81,0.01
1753769591487,06:13:11.487,phemex,SOL/USDT:USDT,184.79,392.92,184.78,742.6,184.8,0.23,184.81,0.01
1753769591499,06:13:11.499,phemex,SOL/USDT:USDT,184.79,323.92,184.78,742.6,184.8,0.23,184.81,0.01
1753769591524,06:13:11.524,phemex,SOL/USDT:USDT,184.79,323.92,184.78,775.07,184.8,0.23,184.81,0.01
1753769591710,06:13:11.710,phemex,SOL/USDT:USDT,184.79,323.92,184.78,775.07,184.8,0.23,184.81,0.01
1753769592027,06:13:12.027,phemex,SOL/USDT:USDT,184.79,285.77,184.78,775.07,184.8,0.23,184.81,0.01
1753769592064,06:13:12.064,phemex,SOL/USDT:USDT,184.79,285.77,184.78,775.07,184.8,0.23,184.81,0.01
1753769592095,06:13:12.095,phemex,SOL/USDT:USDT,184.79,285.77,184.78,775.07,184.8,0.23,184.81,0.01
1753769592104,06:13:12.104,phemex,SOL/USDT:USDT,184.79,285.77,184.78,775.07,184.8,0.23,184.81,0.01
1753769592132,06:13:12.132,phemex,SOL/USDT:USDT,184.79,295.29,184.78,775.07,184.8,0.23,184.81,0.01
1753769592181,06:13:12.181,phemex,SOL/USDT:USDT,184.79,295.29,184.78,775.07,184.8,0.23,184.81,0.01
1753769592615,06:13:12.615,phemex,SOL/USDT:USDT,184.79,255.15,184.78,775.07,184.8,0.23,184.81,0.01
1753769592996,06:13:12.996,phemex,SOL/USDT:USDT,184.79,254.31,184.78,775.07,184.8,0.23,184.81,0.01
1753769593055,06:13:13.055,phemex,SOL/USDT:USDT,184.79,263.83,184.78,775.07,184.8,0.23,184.81,0.01
1753769593112,06:13:13.112,phemex,SOL/USDT:USDT,184.79,263.83,184.78,775.07,184.8,0.23,184.81,0.01
1753769593115,06:13:13.115,phemex,SOL/USDT:USDT,184.79,263.83,184.78,775.07,184.8,0.23,184.81,0.01
1753769593137,06:13:13.137,phemex,SOL/USDT:USDT,184.79,263.83,184.78,775.07,184.8,0.23,184.81,0.01
1753769593211,06:13:13.211,phemex,SOL/USDT:USDT,184.79,263.83,184.78,775.07,184.8,0.23,184.81,0.01
1753769593224,06:13:13.224,phemex,SOL/USDT:USDT,184.79,264.67,184.78,775.07,184.8,0.23,184.81,0.01
1753769593236,06:13:13.236,phemex,SOL/USDT:USDT,184.79,264.67,184.78,775.07,184.8,0.23,184.81,0.01
1753769593263,06:13:13.263,phemex,SOL/USDT:USDT,184.79,297.14,184.78,775.07,184.8,0.23,184.81,0.01
1753769593287,06:13:13.287,phemex,SOL/USDT:USDT,184.79,297.14,184.78,742.6,184.8,0.23,184.81,0.01
1753769593302,06:13:13.302,phemex,SOL/USDT:USDT,184.79,297.14,184.78,742.6,184.8,0.23,184.81,0.01
1753769593319,06:13:13.319,phemex,SOL/USDT:USDT,184.79,297.14,184.78,742.6,184.8,0.23,184.81,0.01
1753769593350,06:13:13.350,phemex,SOL/USDT:USDT,184.79,297.14,184.78,742.6,184.8,0.23,184.81,0.01
1753769593360,06:13:13.360,phemex,SOL/USDT:USDT,184.79,297.14,184.78,742.6,184.8,0.23,184.81,0.01
1753769593455,06:13:13.455,phemex,SOL/USDT:USDT,184.79,251.48,184.78,742.6,184.8,0.23,184.81,0.01
1753769593473,06:13:13.473,phemex,SOL/USDT:USDT,184.79,246.16,184.78,742.6,184.8,0.23,184.81,0.01
1753769593484,06:13:13.484,phemex,SOL/USDT:USDT,184.79,241.12,184.78,742.6,184.8,0.23,184.81,0.01
1753769593526,06:13:13.526,phemex,SOL/USDT:USDT,184.79,213.69,184.78,742.6,184.8,0.23,184.81,0.01
1753769593575,06:13:13.575,phemex,SOL/USDT:USDT,184.79,105.34,184.78,693.79,184.8,591.59,184.81,0.01
1753769593633,06:13:13.633,phemex,SOL/USDT:USDT,184.79,121.55,184.78,693.79,184.8,592.43,184.81,0.01
1753769593697,06:13:13.697,phemex,SOL/USDT:USDT,184.79,126.59,184.78,717.31,184.8,588.51,184.81,1.41
1753769593771,06:13:13.771,phemex,SOL/USDT:USDT,184.79,150.11,184.78,722.35,184.8,587.67,184.81,4.21
1753769593817,06:13:13.817,phemex,SOL/USDT:USDT,184.79,143.39,184.78,722.35,184.8,587.67,184.81,1.41
1753769593827,06:13:13.827,phemex,SOL/USDT:USDT,184.79,143.39,184.78,729.07,184.8,587.67,184.81,1.41
1753769593852,06:13:13.852,phemex,SOL/USDT:USDT,184.79,150.11,184.78,729.07,184.8,587.67,184.81,0.01
1753769593889,06:13:13.889,phemex,SOL/USDT:USDT,184.79,150.11,184.78,729.07,184.8,587.67,184.81,0.01
1753769593974,06:13:13.974,phemex,SOL/USDT:USDT,184.79,150.11,184.78,729.07,184.8,587.67,184.81,0.01
1753769593996,06:13:13.996,phemex,SOL/USDT:USDT,184.79,150.11,184.78,729.07,184.8,587.67,184.81,0.01
1753769594003,06:13:14.003,phemex,SOL/USDT:USDT,184.79,150.11,184.78,729.07,184.8,587.67,184.81,0.01
1753769594009,06:13:14.009,phemex,SOL/USDT:USDT,184.79,150.11,184.78,729.07,184.8,587.67,184.81,0.01
1753769594076,06:13:14.076,phemex,SOL/USDT:USDT,184.79,150.11,184.78,729.07,184.8,587.67,184.81,0.01
1753769594087,06:13:14.087,phemex,SOL/USDT:USDT,184.79,136.67,184.78,729.07,184.8,587.67,184.81,0.01
1753769594157,06:13:14.157,phemex,SOL/USDT:USDT,184.79,136.67,184.78,729.07,184.8,587.67,184.81,0.01
1753769594162,06:13:14.162,phemex,SOL/USDT:USDT,184.79,136.67,184.78,729.07,184.8,587.67,184.81,0.01
1753769594226,06:13:14.226,phemex,SOL/USDT:USDT,184.79,136.67,184.78,729.07,184.8,587.67,184.81,0.01
1753769594241,06:13:14.241,phemex,SOL/USDT:USDT,184.79,136.67,184.78,729.07,184.8,587.67,184.81,0.01
1753769594508,06:13:14.508,phemex,SOL/USDT:USDT,184.79,150.39,184.78,729.07,184.8,587.67,184.81,0.01
1753769594573,06:13:14.573,phemex,SOL/USDT:USDT,184.79,163.83,184.78,729.07,184.8,587.67,184.81,0.01
1753769594589,06:13:14.589,phemex,SOL/USDT:USDT,184.79,150.39,184.78,729.07,184.8,587.67,184.81,0.01
1753769594652,06:13:14.652,phemex,SOL/USDT:USDT,184.79,150.39,184.78,729.07,184.8,587.67,184.81,0.01
1753769594668,06:13:14.668,phemex,SOL/USDT:USDT,184.79,150.39,184.78,729.07,184.8,587.67,184.81,0.01
1753769594746,06:13:14.746,phemex,SOL/USDT:USDT,184.79,150.39,184.78,729.07,184.8,587.67,184.81,0.01
1753769594801,06:13:14.801,phemex,SOL/USDT:USDT,184.79,150.39,184.78,729.07,184.8,587.67,184.81,0.01
1753769594828,06:13:14.828,phemex,SOL/USDT:USDT,184.79,150.39,184.78,729.07,184.8,587.67,184.81,0.01
1753769594878,06:13:14.878,phemex,SOL/USDT:USDT,184.79,150.39,184.78,729.07,184.8,587.67,184.81,0.01
1753769594896,06:13:14.896,phemex,SOL/USDT:USDT,184.79,65.77,184.78,707.07,184.8,587.67,184.81,0.01
1753769594917,06:13:14.917,phemex,SOL/USDT:USDT,184.79,60.73,184.78,686.91,184.8,592.43,184.81,0.01
1753769594935,06:13:14.935,phemex,SOL/USDT:USDT,184.79,65.77,184.78,693.63,184.8,590.75,184.81,0.01
1753769594959,06:13:14.959,phemex,SOL/USDT:USDT,184.79,65.77,184.78,693.63,184.8,587.67,184.81,0.01
1753769594970,06:13:14.970,phemex,SOL/USDT:USDT,184.79,65.77,184.78,693.63,184.8,591.87,184.81,0.01
1753769594989,06:13:14.989,phemex,SOL/USDT:USDT,184.79,65.77,184.78,693.63,184.8,592.71,184.81,0.01
1753769595030,06:13:15.030,phemex,SOL/USDT:USDT,184.79,60.73,184.78,693.63,184.8,594.39,184.81,0.01
1753769595049,06:13:15.049,phemex,SOL/USDT:USDT,184.79,60.73,184.78,691.95,184.8,594.39,184.81,0.01
1753769595073,06:13:15.073,phemex,SOL/USDT:USDT,184.79,65.77,184.78,698.67,184.8,592.71,184.81,0.01
1753769595089,06:13:15.089,phemex,SOL/USDT:USDT,184.79,60.73,184.78,698.67,184.8,592.71,184.81,0.01
1753769595128,06:13:15.128,phemex,SOL/USDT:USDT,184.79,60.73,184.78,698.67,184.8,592.71,184.81,0.01
1753769595169,06:13:15.169,phemex,SOL/USDT:USDT,184.79,60.73,184.78,691.95,184.8,592.71,184.81,0.01
1753769595217,06:13:15.217,phemex,SOL/USDT:USDT,184.79,60.73,184.78,705.39,184.8,591.87,184.81,0.01
1753769595554,06:13:15.554,phemex,SOL/USDT:USDT,184.79,60.73,184.78,691.95,184.8,595.79,184.81,0.01
1753769596249,06:13:16.249,phemex,SOL/USDT:USDT,184.79,60.73,184.78,691.95,184.8,595.79,184.81,0.01
1753769596275,06:13:16.275,phemex,SOL/USDT:USDT,184.79,75.85,184.78,717.15,184.8,587.67,184.81,0.01
1753769596294,06:13:16.294,phemex,SOL/USDT:USDT,184.79,70.81,184.78,710.43,184.8,587.67,184.81,0.01
1753769596334,06:13:16.334,phemex,SOL/USDT:USDT,184.79,60.73,184.78,698.67,184.8,592.43,184.81,0.01
1753769596353,06:13:16.353,phemex,SOL/USDT:USDT,184.79,60.73,184.78,691.95,184.8,592.43,184.81,0.01
1753769596407,06:13:16.407,phemex,SOL/USDT:USDT,184.79,60.72,184.78,691.95,184.8,592.43,184.81,0.01
1753769596408,06:13:16.408,phemex,SOL/USDT:USDT,184.79,60.72,184.78,691.95,184.8,592.43,184.81,0.01
1753769596426,06:13:16.426,phemex,SOL/USDT:USDT,184.79,60.72,184.78,691.95,184.8,592.43,184.81,0.01
1753769596454,06:13:16.454,phemex,SOL/USDT:USDT,184.79,60.72,184.78,698.67,184.8,592.43,184.81,0.01
1753769596473,06:13:16.473,phemex,SOL/USDT:USDT,184.79,60.72,184.78,691.95,184.8,592.43,184.81,0.01
1753769596516,06:13:16.516,phemex,SOL/USDT:USDT,184.79,60.72,184.78,691.95,184.8,592.43,184.81,0.01
1753769596534,06:13:16.534,phemex,SOL/USDT:USDT,184.79,60.72,184.78,698.67,184.8,592.43,184.81,0.01
1753769596554,06:13:16.554,phemex,SOL/USDT:USDT,184.79,65.76,184.78,698.67,184.8,591.59,184.81,0.01
1753769596574,06:13:16.574,phemex,SOL/USDT:USDT,184.79,60.72,184.78,698.67,184.8,591.31,184.81,0.01
1753769596594,06:13:16.594,phemex,SOL/USDT:USDT,184.79,60.72,184.78,691.95,184.8,591.31,184.81,0.01
1753769596615,06:13:16.615,phemex,SOL/USDT:USDT,184.79,60.72,184.78,691.95,184.8,594.39,184.81,0.01
1753769597182,06:13:17.182,phemex,SOL/USDT:USDT,184.79,60.72,184.78,691.95,184.8,594.39,184.81,0.01
1753769597531,06:13:17.531,phemex,SOL/USDT:USDT,184.79,60.72,184.78,691.95,184.8,607.83,184.81,0.01
1753769597543,06:13:17.543,phemex,SOL/USDT:USDT,184.79,60.72,184.78,680.19,184.8,607.83,184.81,0.01
1753769597564,06:13:17.564,phemex,SOL/USDT:USDT,184.79,60.72,184.78,685.23,184.8,607.83,184.81,0.01
1753769597617,06:13:17.617,phemex,SOL/USDT:USDT,184.79,60.72,184.78,685.23,184.8,607.83,184.81,0.01
1753769597635,06:13:17.635,phemex,SOL/USDT:USDT,184.79,60.72,184.78,685.23,184.8,607.83,184.81,0.01
1753769597803,06:13:17.803,phemex,SOL/USDT:USDT,184.79,60.72,184.78,685.23,184.8,607.83,184.81,0.01
1753769598128,06:13:18.128,phemex,SOL/USDT:USDT,184.79,65.76,184.78,705.39,184.8,591.87,184.81,0.01
1753769598202,06:13:18.202,phemex,SOL/USDT:USDT,184.78,24.51,184.77,0.01,184.79,66.36,184.8,521.32
1753769598202,06:13:18.202,phemex,SOL/USDT:USDT,184.78,24.51,184.77,0.01,184.79,66.36,184.8,521.32
1753769598235,06:13:18.235,phemex,SOL/USDT:USDT,184.78,19.47,184.77,0.01,184.79,66.36,184.8,521.32
1753769598295,06:13:18.295,phemex,SOL/USDT:USDT,184.78,19.47,184.77,22.01,184.79,66.36,184.8,521.32
1753769598417,06:13:18.417,phemex,SOL/USDT:USDT,184.78,10.08,184.77,22.01,184.79,66.36,184.8,532.89
1753769598435,06:13:18.435,phemex,SOL/USDT:USDT,184.78,5.04,184.77,22.01,184.79,66.36,184.8,532.89
1753769598456,06:13:18.456,phemex,SOL/USDT:USDT,184.78,5.04,184.77,22.01,184.79,66.36,184.8,532.89
1753769598500,06:13:18.500,phemex,SOL/USDT:USDT,184.78,10.08,184.77,22.01,184.79,66.36,184.8,532.89
1753769598581,06:13:18.581,phemex,SOL/USDT:USDT,184.78,10.08,184.77,22.01,184.79,66.36,184.8,532.89
1753769598600,06:13:18.600,phemex,SOL/USDT:USDT,184.78,20.04,184.77,22.01,184.79,66.36,184.8,532.89
1753769598609,06:13:18.609,phemex,SOL/USDT:USDT,184.78,15.0,184.77,22.01,184.79,68.88,184.8,532.89
1753769598631,06:13:18.631,phemex,SOL/USDT:USDT,184.78,20.04,184.77,22.01,184.79,68.6,184.8,532.89
1753769598648,06:13:18.648,phemex,SOL/USDT:USDT,184.78,20.04,184.77,22.01,184.79,66.36,184.8,532.89
1753769598699,06:13:18.699,phemex,SOL/USDT:USDT,184.78,20.04,184.77,22.01,184.79,66.36,184.8,532.89
1753769598813,06:13:18.813,phemex,SOL/USDT:USDT,184.78,20.04,184.77,22.01,184.79,66.36,184.8,532.89
1753769599078,06:13:19.078,phemex,SOL/USDT:USDT,184.78,20.04,184.77,22.01,184.79,66.36,184.8,532.89
1753769599119,06:13:19.119,phemex,SOL/USDT:USDT,184.78,58.86,184.77,22.01,184.79,66.36,184.8,532.89
1753769599153,06:13:19.153,phemex,SOL/USDT:USDT,184.78,58.86,184.77,22.01,184.79,66.36,184.8,532.89
1753769599229,06:13:19.229,phemex,SOL/USDT:USDT,184.78,104.51,184.77,22.01,184.79,66.36,184.8,532.89
1753769599552,06:13:19.552,phemex,SOL/USDT:USDT,184.78,104.51,184.77,22.01,184.79,66.36,184.8,532.89
1753769599573,06:13:19.573,phemex,SOL/USDT:USDT,184.78,104.51,184.77,22.01,184.79,66.36,184.8,532.89
1753769599592,06:13:19.592,phemex,SOL/USDT:USDT,184.78,104.51,184.77,22.01,184.79,68.6,184.8,521.32
1753769599612,06:13:19.612,phemex,SOL/USDT:USDT,184.78,104.51,184.77,22.01,184.79,69.72,184.8,521.32
1753769599651,06:13:19.651,phemex,SOL/USDT:USDT,184.78,104.51,184.77,22.01,184.79,68.6,184.8,521.32
1753769599726,06:13:19.726,phemex,SOL/USDT:USDT,184.78,104.51,184.77,22.01,184.79,68.6,184.8,521.32
1753769599732,06:13:19.732,phemex,SOL/USDT:USDT,184.78,104.51,184.77,22.01,184.79,66.36,184.8,521.32
1753769599788,06:13:19.788,phemex,SOL/USDT:USDT,184.78,104.51,184.77,22.01,184.79,66.36,184.8,521.32
1753769599867,06:13:19.867,phemex,SOL/USDT:USDT,184.78,104.51,184.77,22.01,184.79,66.36,184.8,521.32
1753769599893,06:13:19.893,phemex,SOL/USDT:USDT,184.78,99.47,184.77,22.01,184.79,69.72,184.8,521.32
1753769599894,06:13:19.894,phemex,SOL/USDT:USDT,184.78,99.47,184.77,22.01,184.79,71.4,184.8,521.32
1753769599933,06:13:19.933,phemex,SOL/USDT:USDT,184.78,99.47,184.77,22.01,184.79,69.72,184.8,521.32
1753769599957,06:13:19.957,phemex,SOL/USDT:USDT,184.78,99.47,184.77,22.01,184.79,66.36,184.8,523.84
1753769599972,06:13:19.972,phemex,SOL/USDT:USDT,184.78,99.47,184.77,22.01,184.79,67.48,184.8,523.84
1753769600013,06:13:20.013,phemex,SOL/USDT:USDT,184.78,99.47,184.77,22.01,184.79,67.48,184.8,525.52
1753769600046,06:13:20.046,phemex,SOL/USDT:USDT,184.78,99.47,184.77,22.01,184.79,67.48,184.8,525.52
1753769600086,06:13:20.086,phemex,SOL/USDT:USDT,184.78,99.47,184.77,22.01,184.79,67.48,184.8,525.52
1753769600087,06:13:20.087,phemex,SOL/USDT:USDT,184.78,99.47,184.77,22.01,184.79,67.48,184.8,525.52
1753769600157,06:13:20.157,phemex,SOL/USDT:USDT,184.78,99.47,184.77,22.01,184.79,66.36,184.8,522.16
1753769600176,06:13:20.176,phemex,SOL/USDT:USDT,184.78,99.47,184.77,22.01,184.79,66.36,184.8,525.8
1753769600207,06:13:20.207,phemex,SOL/USDT:USDT,184.78,99.47,184.77,22.01,184.79,66.36,184.8,525.8
1753769600213,06:13:20.213,phemex,SOL/USDT:USDT,184.78,99.47,184.77,22.01,184.79,66.92,184.8,525.8
1753769600244,06:13:20.244,phemex,SOL/USDT:USDT,184.78,99.47,184.77,22.01,184.79,66.92,184.8,525.8
1753769600263,06:13:20.263,phemex,SOL/USDT:USDT,184.78,104.51,184.77,22.01,184.79,68.6,184.8,527.48
1753769600340,06:13:20.340,phemex,SOL/USDT:USDT,184.78,104.51,184.77,22.01,184.79,69.16,184.8,527.48
1753769600355,06:13:20.355,phemex,SOL/USDT:USDT,184.78,99.47,184.77,22.01,184.79,70.0,184.8,527.48
1753769600377,06:13:20.377,phemex,SOL/USDT:USDT,184.78,99.47,184.77,22.01,184.79,68.6,184.8,527.48
1753769600406,06:13:20.406,phemex,SOL/USDT:USDT,184.78,99.47,184.77,22.01,184.79,68.6,184.8,527.48
1753769600408,06:13:20.408,phemex,SOL/USDT:USDT,184.78,99.47,184.77,22.01,184.79,68.6,184.8,527.48
1753769600455,06:13:20.455,phemex,SOL/USDT:USDT,184.78,99.47,184.77,22.01,184.79,70.0,184.8,527.48
1753769600475,06:13:20.475,phemex,SOL/USDT:USDT,184.78,99.47,184.77,22.01,184.79,70.0,184.8,530.56
1753769600494,06:13:20.494,phemex,SOL/USDT:USDT,184.78,99.47,184.77,22.01,184.79,70.0,184.8,527.48
1753769600765,06:13:20.765,phemex,SOL/USDT:USDT,184.78,99.47,184.77,22.01,184.79,70.0,184.8,527.48
1753769600784,06:13:20.784,phemex,SOL/USDT:USDT,184.78,114.59,184.77,22.01,184.79,66.36,184.8,524.96
1753769600807,06:13:20.807,phemex,SOL/USDT:USDT,184.78,114.59,184.77,22.01,184.79,66.36,184.8,527.2
1753769600816,06:13:20.816,phemex,SOL/USDT:USDT,184.78,104.51,184.77,22.01,184.79,66.36,184.8,527.2
1753769600856,06:13:20.856,phemex,SOL/USDT:USDT,184.78,104.51,184.77,22.01,184.79,66.36,184.8,527.2
1753769600876,06:13:20.876,phemex,SOL/USDT:USDT,184.78,104.51,184.77,22.01,184.79,67.48,184.8,529.72
1753769600896,06:13:20.896,phemex,SOL/USDT:USDT,184.78,109.55,184.77,22.01,184.79,66.36,184.8,527.2
1753769600915,06:13:20.915,phemex,SOL/USDT:USDT,184.78,104.51,184.77,22.01,184.79,66.36,184.8,529.72
1753769600957,06:13:20.957,phemex,SOL/USDT:USDT,184.78,104.51,184.77,22.01,184.79,66.36,184.8,532.24
1753769601020,06:13:21.020,phemex,SOL/USDT:USDT,184.78,114.59,184.77,22.01,184.79,66.36,184.8,527.2
1753769601056,06:13:21.056,phemex,SOL/USDT:USDT,184.78,109.55,184.77,22.01,184.79,66.36,184.8,527.2
1753769601096,06:13:21.096,phemex,SOL/USDT:USDT,184.78,104.51,184.77,22.01,184.79,66.36,184.8,527.2
1753769601117,06:13:21.117,phemex,SOL/USDT:USDT,184.78,104.51,184.77,22.01,184.79,66.36,184.8,527.2
1753769601137,06:13:21.137,phemex,SOL/USDT:USDT,184.78,104.51,184.77,22.01,184.79,66.36,184.8,529.72
1753769601158,06:13:21.158,phemex,SOL/USDT:USDT,184.78,109.55,184.77,22.01,184.79,66.36,184.8,527.2
1753769601176,06:13:21.176,phemex,SOL/USDT:USDT,184.78,104.51,184.77,22.01,184.79,66.36,184.8,527.2
1753769601198,06:13:21.198,phemex,SOL/USDT:USDT,184.78,104.51,184.77,22.01,184.79,66.36,184.8,529.72
1753769601217,06:13:21.217,phemex,SOL/USDT:USDT,184.78,109.55,184.77,22.01,184.79,66.36,184.8,527.2
1753769601422,06:13:21.422,phemex,SOL/USDT:USDT,184.78,109.55,184.77,22.01,184.79,66.36,184.8,527.2
1753769601561,06:13:21.561,phemex,SOL/USDT:USDT,184.78,109.55,184.77,22.01,184.79,66.36,184.8,527.2
1753769601598,06:13:21.598,phemex,SOL/USDT:USDT,184.78,104.51,184.77,22.01,184.79,66.36,184.8,529.72
1753769601837,06:13:21.837,phemex,SOL/USDT:USDT,184.78,104.51,184.77,22.01,184.79,66.36,184.8,529.72
1753769601841,06:13:21.841,phemex,SOL/USDT:USDT,184.78,104.51,184.77,22.01,184.79,66.36,184.8,529.72
1753769601901,06:13:21.901,phemex,SOL/USDT:USDT,184.78,109.55,184.77,22.01,184.79,66.36,184.8,527.2
1753769601939,06:13:21.939,phemex,SOL/USDT:USDT,184.78,104.51,184.77,22.01,184.79,66.36,184.8,529.72
1753769601979,06:13:21.979,phemex,SOL/USDT:USDT,184.78,104.51,184.77,22.01,184.79,67.48,184.8,532.24
1753769602105,06:13:22.105,phemex,SOL/USDT:USDT,184.78,104.51,184.77,22.01,184.79,67.48,184.8,532.24
1753769602130,06:13:22.130,phemex,SOL/USDT:USDT,184.78,99.47,184.77,22.01,184.79,68.88,184.8,537.28
1753769602142,06:13:22.142,phemex,SOL/USDT:USDT,184.78,99.47,184.77,22.01,184.79,78.27,184.8,537.28
1753769602160,06:13:22.160,phemex,SOL/USDT:USDT,184.78,99.47,184.77,22.01,184.79,78.27,184.8,532.24
1753769602452,06:13:22.452,phemex,SOL/USDT:USDT,184.78,53.82,184.77,22.01,184.79,78.27,184.8,532.24
1753769602471,06:13:22.471,phemex,SOL/USDT:USDT,184.78,53.82,184.77,22.01,184.79,78.26,184.8,536.44
1753769602536,06:13:22.536,phemex,SOL/USDT:USDT,184.78,99.47,184.77,22.01,184.79,78.26,184.8,536.44
1753769602958,06:13:22.958,phemex,SOL/USDT:USDT,184.78,99.47,184.77,22.01,184.79,78.26,184.8,536.44
1753769603181,06:13:23.181,phemex,SOL/USDT:USDT,184.78,99.47,184.77,22.01,184.79,68.87,184.8,536.44
1753769603209,06:13:23.209,phemex,SOL/USDT:USDT,184.78,119.63,184.77,22.01,184.79,66.35,184.8,526.36
1753769603223,06:13:23.223,phemex,SOL/USDT:USDT,184.78,114.59,184.77,22.01,184.79,66.35,184.8,526.36
1753769603244,06:13:23.244,phemex,SOL/USDT:USDT,184.78,114.59,184.77,22.01,184.79,66.35,184.8,526.36
1753769603634,06:13:23.634,phemex,SOL/USDT:USDT,184.78,114.59,184.77,22.01,184.79,20.16,184.8,526.36
1753769603654,06:13:23.654,phemex,SOL/USDT:USDT,184.78,139.79,184.77,22.01,184.79,20.16,184.8,524.68
1753769603702,06:13:23.702,phemex,SOL/USDT:USDT,184.78,119.63,184.77,22.01,184.79,20.16,184.8,526.36
1753769603823,06:13:23.823,phemex,SOL/USDT:USDT,184.78,119.63,184.77,22.01,184.79,20.16,184.8,526.36
1753769603959,06:13:23.959,phemex,SOL/USDT:USDT,184.78,119.63,184.77,22.01,184.79,20.16,184.8,526.36
1753769604031,06:13:24.031,phemex,SOL/USDT:USDT,184.78,119.63,184.77,22.01,184.79,20.16,184.8,526.36
1753769604055,06:13:24.055,phemex,SOL/USDT:USDT,184.78,174.1,184.77,22.01,184.79,20.16,184.8,526.36
1753769604079,06:13:24.079,phemex,SOL/USDT:USDT,184.78,199.3,184.77,22.01,184.79,20.16,184.8,521.32
1753769604090,06:13:24.090,phemex,SOL/USDT:USDT,184.78,194.26,184.77,22.01,184.79,20.16,184.8,523.56
1753769604116,06:13:24.116,phemex,SOL/USDT:USDT,184.78,194.26,184.77,22.01,184.79,20.16,184.8,525.24
1753769604146,06:13:24.146,phemex,SOL/USDT:USDT,184.78,180.82,184.77,22.01,184.79,20.16,184.8,526.36
1753769604167,06:13:24.167,phemex,SOL/USDT:USDT,184.78,180.82,184.77,22.01,184.79,20.16,184.8,526.36
1753769604287,06:13:24.287,phemex,SOL/USDT:USDT,184.78,180.82,184.77,22.01,184.79,20.16,184.8,526.36
1753769604331,06:13:24.331,phemex,SOL/USDT:USDT,184.78,174.1,184.77,22.01,184.79,20.16,184.8,526.36
1753769604348,06:13:24.348,phemex,SOL/USDT:USDT,184.78,174.1,184.77,22.01,184.79,20.16,184.8,526.36
1753769604368,06:13:24.368,phemex,SOL/USDT:USDT,184.78,174.1,184.77,22.01,184.79,20.16,184.8,526.36
1753769605504,06:13:25.504,phemex,SOL/USDT:USDT,184.78,174.1,184.77,22.01,184.79,20.16,184.8,526.36
1753769605520,06:13:25.520,phemex,SOL/USDT:USDT,184.78,174.1,184.77,791.4,184.79,20.16,184.8,526.36
1753769605701,06:13:25.701,phemex,SOL/USDT:USDT,184.79,313.07,184.78,351.08,184.8,521.31,184.81,364.13
1753769605750,06:13:25.750,phemex,SOL/USDT:USDT,184.79,313.07,184.78,351.08,184.8,521.31,184.81,364.13
1753769605799,06:13:25.799,phemex,SOL/USDT:USDT,184.79,326.58,184.78,351.08,184.8,521.31,184.81,364.13
1753769605992,06:13:25.992,phemex,SOL/USDT:USDT,184.79,326.58,184.78,351.08,184.8,521.31,184.81,364.13
1753769606051,06:13:26.051,phemex,SOL/USDT:USDT,184.79,326.58,184.78,351.08,184.8,521.31,184.81,364.13
1753769606123,06:13:26.123,phemex,SOL/USDT:USDT,184.79,326.58,184.78,318.61,184.8,521.31,184.81,364.13
1753769606135,06:13:26.135,phemex,SOL/USDT:USDT,184.79,326.58,184.78,318.61,184.8,521.31,184.81,364.13
1753769606370,06:13:26.370,phemex,SOL/USDT:USDT,184.79,336.1,184.78,318.61,184.8,521.31,184.81,364.13
1753769606402,06:13:26.402,phemex,SOL/USDT:USDT,184.79,336.1,184.78,318.61,184.8,521.31,184.81,364.13
1753769606532,06:13:26.532,phemex,SOL/USDT:USDT,184.79,336.1,184.78,318.61,184.8,521.31,184.81,364.13
1753769606559,06:13:26.559,phemex,SOL/USDT:USDT,184.79,336.1,184.78,377.4,184.8,521.31,184.81,364.13
1753769606577,06:13:26.577,phemex,SOL/USDT:USDT,184.79,336.1,184.78,377.4,184.8,521.31,184.81,364.13
1753769606599,06:13:26.599,phemex,SOL/USDT:USDT,184.79,336.1,184.78,377.4,184.8,521.31,184.81,364.13
1753769606690,06:13:26.690,phemex,SOL/USDT:USDT,184.79,336.1,184.78,377.4,184.8,521.31,184.81,364.13
1753769606860,06:13:26.860,phemex,SOL/USDT:USDT,184.79,336.1,184.78,361.17,184.8,521.31,184.81,364.13
1753769606898,06:13:26.898,phemex,SOL/USDT:USDT,184.79,336.1,184.78,361.17,184.8,521.31,184.81,364.13
1753769606918,06:13:26.918,phemex,SOL/USDT:USDT,184.79,336.1,184.78,361.17,184.8,521.31,184.81,364.13
1753769607013,06:13:27.013,phemex,SOL/USDT:USDT,184.79,336.1,184.78,361.17,184.8,521.31,184.81,364.13
1753769607020,06:13:27.020,phemex,SOL/USDT:USDT,184.79,336.1,184.78,361.17,184.8,521.31,184.81,364.13
1753769607654,06:13:27.654,phemex,SOL/USDT:USDT,184.79,336.1,184.78,361.17,184.8,521.31,184.81,364.13
1753769607665,06:13:27.665,phemex,SOL/USDT:USDT,184.79,326.58,184.78,361.17,184.8,521.31,184.81,364.13
1753769607703,06:13:27.703,phemex,SOL/USDT:USDT,184.79,308.1,184.78,361.17,184.8,521.31,184.81,368.89
1753769607721,06:13:27.721,phemex,SOL/USDT:USDT,184.79,308.1,184.78,361.17,184.8,521.31,184.81,365.81
1753769607740,06:13:27.740,phemex,SOL/USDT:USDT,184.79,314.82,184.78,361.17,184.8,521.31,184.81,364.13
1753769607810,06:13:27.810,phemex,SOL/USDT:USDT,184.79,314.82,184.78,198.84,184.8,521.31,184.81,364.13
1753769607843,06:13:27.843,phemex,SOL/USDT:USDT,184.79,314.82,184.78,198.84,184.8,521.31,184.81,368.05
1753769607902,06:13:27.902,phemex,SOL/USDT:USDT,184.79,319.86,184.78,198.84,184.8,521.31,184.81,364.13
1753769608361,06:13:28.361,phemex,SOL/USDT:USDT,184.79,319.86,184.78,198.84,184.8,521.31,184.81,364.13
1753769608391,06:13:28.391,phemex,SOL/USDT:USDT,184.79,319.86,184.78,198.84,184.8,521.31,184.81,364.13
1753769608617,06:13:28.617,phemex,SOL/USDT:USDT,184.79,235.97,184.78,198.84,184.8,567.51,184.81,364.13
1753769608629,06:13:28.629,phemex,SOL/USDT:USDT,184.79,197.05,184.78,141.44,184.8,572.27,184.81,369.73
1753769608656,06:13:28.656,phemex,SOL/USDT:USDT,184.79,197.05,184.78,141.44,184.8,571.43,184.81,367.21
1753769608665,06:13:28.665,phemex,SOL/USDT:USDT,184.79,197.05,184.78,141.44,184.8,567.51,184.81,366.65
1753769608698,06:13:28.698,phemex,SOL/USDT:USDT,184.79,194.81,184.78,141.44,184.8,567.51,184.81,366.65
1753769608736,06:13:28.736,phemex,SOL/USDT:USDT,184.79,107.76,184.78,141.44,184.8,601.39,184.81,368.05
1753769608756,06:13:28.756,phemex,SOL/USDT:USDT,184.79,35.51,184.78,141.44,184.8,615.95,184.81,368.33
1753769608769,06:13:28.769,phemex,SOL/USDT:USDT,184.79,22.0,184.78,141.44,184.8,618.19,184.81,368.33
1753769608794,06:13:28.794,phemex,SOL/USDT:USDT,184.79,22.0,184.78,141.44,184.8,617.35,184.81,368.33
1753769608803,06:13:28.803,phemex,SOL/USDT:USDT,184.79,22.0,184.78,141.44,184.8,617.35,184.81,368.33
1753769608833,06:13:28.833,phemex,SOL/USDT:USDT,184.79,22.0,184.78,141.44,184.8,615.95,184.81,368.33
1753769608854,06:13:28.854,phemex,SOL/USDT:USDT,184.79,22.0,184.78,141.44,184.8,615.95,184.81,368.33
1753769608949,06:13:28.949,phemex,SOL/USDT:USDT,184.79,22.0,184.78,141.44,184.8,615.95,184.81,368.33
1753769608964,06:13:28.964,phemex,SOL/USDT:USDT,184.79,22.0,184.78,141.44,184.8,616.79,184.81,368.33
1753769609240,06:13:29.240,phemex,SOL/USDT:USDT,184.79,22.0,184.78,141.44,184.8,616.79,184.81,368.33
1753769609280,06:13:29.280,phemex,SOL/USDT:USDT,184.79,22.0,184.78,141.44,184.8,616.79,184.81,368.33
1753769609531,06:13:29.531,phemex,SOL/USDT:USDT,184.79,22.0,184.78,141.44,184.8,616.79,184.81,368.33
1753769609662,06:13:29.662,phemex,SOL/USDT:USDT,184.79,22.0,184.78,141.44,184.8,616.79,184.81,368.33
1753769609688,06:13:29.688,phemex,SOL/USDT:USDT,184.79,22.0,184.78,141.44,184.8,619.87,184.81,368.33
1753769610011,06:13:30.011,phemex,SOL/USDT:USDT,184.79,22.0,184.78,141.44,184.8,619.87,184.81,368.33
1753769610034,06:13:30.034,phemex,SOL/USDT:USDT,184.79,22.0,184.78,141.44,184.8,619.87,184.81,368.33
1753769610041,06:13:30.041,phemex,SOL/USDT:USDT,184.79,22.0,184.78,141.44,184.8,619.87,184.81,368.33
1753769610161,06:13:30.161,phemex,SOL/USDT:USDT,184.79,22.0,184.78,141.44,184.8,619.87,184.81,368.33
1753769610189,06:13:30.189,phemex,SOL/USDT:USDT,184.79,22.0,184.78,141.44,184.8,620.71,184.81,371.13
1753769610248,06:13:30.248,phemex,SOL/USDT:USDT,184.79,22.0,184.78,141.44,184.8,619.87,184.81,371.13
1753769610644,06:13:30.644,phemex,SOL/USDT:USDT,184.79,133.71,184.78,141.44,184.8,541.47,184.81,365.81
1753769610664,06:13:30.664,phemex,SOL/USDT:USDT,184.79,142.67,184.78,141.44,184.8,541.47,184.81,365.81
1753769610684,06:13:30.684,phemex,SOL/USDT:USDT,184.79,135.95,184.78,141.44,184.8,521.31,184.81,365.81
1753769610690,06:13:30.690,phemex,SOL/USDT:USDT,184.79,135.95,184.78,141.44,184.8,521.31,184.81,365.81
1753769610729,06:13:30.729,phemex,SOL/USDT:USDT,184.79,129.23,184.78,141.44,184.8,521.31,184.81,365.81
1753769610763,06:13:30.763,phemex,SOL/USDT:USDT,184.79,208.74,184.78,141.44,184.8,521.31,184.81,365.81
1753769610782,06:13:30.782,phemex,SOL/USDT:USDT,184.79,235.34,184.78,141.44,184.8,521.31,184.81,364.13
1753769610838,06:13:30.838,phemex,SOL/USDT:USDT,184.79,235.34,184.78,141.44,184.8,521.31,184.81,364.13
1753769610855,06:13:30.855,phemex,SOL/USDT:USDT,184.79,258.84,184.78,176.14,184.8,521.31,184.81,364.13
1753769610880,06:13:30.880,phemex,SOL/USDT:USDT,184.79,258.84,184.78,176.14,184.8,521.31,184.81,364.13
1753769610891,06:13:30.891,phemex,SOL/USDT:USDT,184.79,253.8,184.78,176.14,184.8,521.31,184.81,364.13
1753769610928,06:13:30.928,phemex,SOL/USDT:USDT,184.79,253.8,184.78,176.14,184.8,521.31,184.81,364.13
1753769610954,06:13:30.954,phemex,SOL/USDT:USDT,184.79,253.8,184.78,176.14,184.8,521.31,184.81,364.13
1753769611412,06:13:31.412,phemex,SOL/USDT:USDT,184.79,265.56,184.78,176.14,184.8,521.31,184.81,364.13
1753769611766,06:13:31.766,phemex,SOL/USDT:USDT,184.79,265.56,184.78,176.14,184.8,521.31,184.81,364.13
1753769611775,06:13:31.775,phemex,SOL/USDT:USDT,184.79,265.56,184.78,176.14,184.8,521.31,184.81,364.13
1753769611793,06:13:31.793,phemex,SOL/USDT:USDT,184.79,265.56,184.78,176.14,184.8,521.31,184.81,364.13
1753769611814,06:13:31.814,phemex,SOL/USDT:USDT,184.79,265.56,184.78,176.14,184.8,521.31,184.81,364.13
1753769611909,06:13:31.909,phemex,SOL/USDT:USDT,184.79,265.56,184.78,176.14,184.8,521.31,184.81,364.13
1753769611914,06:13:31.914,phemex,SOL/USDT:USDT,184.79,260.52,184.78,176.14,184.8,521.31,184.81,364.13
1753769611934,06:13:31.934,phemex,SOL/USDT:USDT,184.79,253.8,184.78,176.14,184.8,521.31,184.81,368.89
1753769611976,06:13:31.976,phemex,SOL/USDT:USDT,184.79,265.56,184.78,176.14,184.8,521.31,184.81,364.13
1753769611994,06:13:31.994,phemex,SOL/USDT:USDT,184.79,265.56,184.78,176.14,184.8,521.31,184.81,364.13
1753769612030,06:13:32.030,phemex,SOL/USDT:USDT,184.79,265.56,184.78,176.14,184.8,521.31,184.81,364.13
1753769612089,06:13:32.089,phemex,SOL/USDT:USDT,184.79,265.56,184.78,176.14,184.8,521.31,184.81,364.13
1753769612535,06:13:32.535,phemex,SOL/USDT:USDT,184.79,265.55,184.78,176.14,184.8,521.31,184.81,364.13
1753769612557,06:13:32.557,phemex,SOL/USDT:USDT,184.79,260.51,184.78,176.14,184.8,521.31,184.81,364.13
1753769613805,06:13:33.805,phemex,SOL/USDT:USDT,184.79,260.51,184.78,176.14,184.8,521.31,184.81,364.13
1753769613869,06:13:33.869,phemex,SOL/USDT:USDT,184.79,260.51,184.78,176.14,184.8,521.31,184.81,364.13
1753769613913,06:13:33.913,phemex,SOL/USDT:USDT,184.79,154.31,184.78,154.14,184.8,569.19,184.81,369.45
1753769613932,06:13:33.932,phemex,SOL/USDT:USDT,184.79,149.27,184.78,154.14,184.8,569.19,184.81,370.57
1753769613943,06:13:33.943,phemex,SOL/USDT:USDT,184.79,84.31,184.78,154.14,184.8,590.75,184.81,370.85
1753769613976,06:13:33.976,phemex,SOL/USDT:USDT,184.79,25.31,184.78,154.14,184.8,604.19,184.81,370.85
1753769613996,06:13:33.996,phemex,SOL/USDT:USDT,184.78,119.44,184.77,691.89,184.8,618.75,184.81,371.13
1753769614008,06:13:34.008,phemex,SOL/USDT:USDT,184.78,119.44,184.77,665.01,184.79,66.36,184.8,552.39
1753769614028,06:13:34.028,phemex,SOL/USDT:USDT,184.78,124.48,184.77,676.77,184.79,66.36,184.8,549.6
1753769614055,06:13:34.055,phemex,SOL/USDT:USDT,184.78,134.56,184.77,683.49,184.79,66.36,184.8,521.32
1753769614070,06:13:34.070,phemex,SOL/USDT:USDT,184.78,124.48,184.77,683.49,184.79,66.36,184.8,521.32
1753769614081,06:13:34.081,phemex,SOL/USDT:USDT,184.78,124.48,184.77,690.21,184.79,66.36,184.8,521.32
1753769614109,06:13:34.109,phemex,SOL/USDT:USDT,184.78,163.3,184.77,690.21,184.79,66.36,184.8,521.32
1753769614131,06:13:34.131,phemex,SOL/USDT:USDT,184.78,163.3,184.77,690.21,184.79,66.36,184.8,521.32
1753769614793,06:13:34.793,phemex,SOL/USDT:USDT,184.77,66.55,184.76,9.56,184.78,89.04,184.79,5.04
1753769614870,06:13:34.870,phemex,SOL/USDT:USDT,184.77,127.67,184.75,728.85,184.78,20.16,184.8,588.3
1753769614946,06:13:34.946,phemex,SOL/USDT:USDT,184.77,134.39,184.76,22.0,184.78,20.16,184.8,591.38
1753769614976,06:13:34.976,phemex,SOL/USDT:USDT,184.77,134.39,184.76,22.0,184.78,20.16,184.8,567.87
1753769615007,06:13:35.007,phemex,SOL/USDT:USDT,184.77,134.39,184.76,22.0,184.78,20.16,184.8,567.59
1753769615046,06:13:35.046,phemex,SOL/USDT:USDT,184.77,139.43,184.76,22.0,184.78,20.16,184.8,565.35
1753769615065,06:13:35.065,phemex,SOL/USDT:USDT,184.77,139.43,184.76,22.0,184.78,20.16,184.8,565.63
1753769615087,06:13:35.087,phemex,SOL/USDT:USDT,184.77,139.43,184.76,22.0,184.78,20.16,184.8,561.99
1753769615116,06:13:35.116,phemex,SOL/USDT:USDT,184.77,202.57,184.76,22.0,184.78,20.16,184.8,528.88
1753769615131,06:13:35.131,phemex,SOL/USDT:USDT,184.77,202.57,184.76,22.0,184.78,20.16,184.8,521.32
1753769615270,06:13:35.270,phemex,SOL/USDT:USDT,184.79,27.01,184.78,14.65,184.8,521.31,184.81,371.08
1753769615555,06:13:35.555,phemex,SOL/USDT:USDT,184.79,74.89,184.78,75.86,184.8,567.51,184.81,372.81
1753769615567,06:13:35.567,phemex,SOL/USDT:USDT,184.79,64.81,184.78,75.86,184.8,567.51,184.81,375.05
1753769615608,06:13:35.608,phemex,SOL/USDT:USDT,184.79,64.81,184.78,75.86,184.8,567.51,184.81,375.05
1753769615654,06:13:35.654,phemex,SOL/USDT:USDT,184.79,59.77,184.78,70.82,184.8,569.19,184.81,376.45
1753769615678,06:13:35.678,phemex,SOL/USDT:USDT,184.79,59.77,184.78,70.82,184.8,591.59,184.81,376.45
1753769616056,06:13:36.056,phemex,SOL/USDT:USDT,184.79,34.45,184.78,70.82,184.8,620.71,184.81,379.81
1753769616081,06:13:36.081,phemex,SOL/USDT:USDT,184.79,34.45,184.78,70.82,184.8,620.71,184.81,379.81
1753769616086,06:13:36.086,phemex,SOL/USDT:USDT,184.79,34.45,184.78,70.82,184.8,620.71,184.81,379.81
1753769616122,06:13:36.122,phemex,SOL/USDT:USDT,184.79,34.45,184.78,70.82,184.8,620.71,184.81,379.81
1753769616151,06:13:36.151,phemex,SOL/USDT:USDT,184.79,44.06,184.78,70.82,184.8,592.71,184.81,379.81
1753769616173,06:13:36.173,phemex,SOL/USDT:USDT,184.79,59.18,184.78,70.82,184.8,587.67,184.81,372.81
1753769616204,06:13:36.204,phemex,SOL/USDT:USDT,184.79,49.1,184.78,70.82,184.8,590.75,184.81,372.81
1753769616218,06:13:36.218,phemex,SOL/USDT:USDT,184.79,49.1,184.78,70.82,184.8,590.75,184.81,373.65
1753769616240,06:13:36.240,phemex,SOL/USDT:USDT,184.79,49.1,184.78,70.82,184.8,590.75,184.81,373.65
1753769616262,06:13:36.262,phemex,SOL/USDT:USDT,184.79,49.1,184.78,70.82,184.8,590.75,184.81,373.65
1753769617385,06:13:37.385,phemex,SOL/USDT:USDT,184.79,49.1,184.78,70.82,184.8,590.75,184.81,373.65
1753769617402,06:13:37.402,phemex,SOL/USDT:USDT,184.79,49.1,184.78,70.82,184.8,590.75,184.81,373.65
1753769617494,06:13:37.494,phemex,SOL/USDT:USDT,184.79,44.06,184.78,70.82,184.8,592.43,184.81,379.53
1753769617532,06:13:37.532,phemex,SOL/USDT:USDT,184.79,44.06,184.78,70.82,184.8,592.43,184.81,378.97
1753769617575,06:13:37.575,phemex,SOL/USDT:USDT,184.79,44.06,184.78,70.82,184.8,592.42,184.81,378.97
1753769617593,06:13:37.593,phemex,SOL/USDT:USDT,184.79,44.06,184.78,70.82,184.8,592.42,184.81,379.53
1753769617943,06:13:37.943,phemex,SOL/USDT:USDT,184.79,44.06,184.78,70.82,184.8,620.42,184.81,379.53
1753769617957,06:13:37.957,phemex,SOL/USDT:USDT,184.79,44.06,184.78,70.82,184.8,622.1,184.81,379.81
1753769617974,06:13:37.974,phemex,SOL/USDT:USDT,184.79,44.06,184.78,70.82,184.8,620.7,184.81,379.81
1753769618008,06:13:38.008,phemex,SOL/USDT:USDT,184.79,44.06,184.78,70.82,184.8,620.42,184.81,379.81
1753769618035,06:13:38.035,phemex,SOL/USDT:USDT,184.79,34.45,184.78,70.82,184.8,620.42,184.81,379.81
1753769618379,06:13:38.379,phemex,SOL/USDT:USDT,184.79,34.45,184.78,70.82,184.8,620.42,184.81,379.81
1753769618670,06:13:38.670,phemex,SOL/USDT:USDT,184.79,43.97,184.78,70.82,184.8,620.42,184.81,379.81
1753769618696,06:13:38.696,phemex,SOL/USDT:USDT,184.79,43.97,184.78,70.82,184.8,620.42,184.81,379.25
1753769618717,06:13:38.717,phemex,SOL/USDT:USDT,184.79,43.97,184.78,70.82,184.8,618.74,184.81,378.97
1753769618737,06:13:38.737,phemex,SOL/USDT:USDT,184.79,43.97,184.78,70.82,184.8,620.42,184.81,379.25
1753769618777,06:13:38.777,phemex,SOL/USDT:USDT,184.79,43.97,184.78,70.82,184.8,620.42,184.81,379.81
1753769618880,06:13:38.880,phemex,SOL/USDT:USDT,184.79,65.97,184.78,70.82,184.8,620.42,184.81,379.81
1753769619138,06:13:39.138,phemex,SOL/USDT:USDT,184.79,65.97,184.78,70.82,184.8,592.42,184.81,379.81
1753769619159,06:13:39.159,phemex,SOL/USDT:USDT,184.79,65.97,184.78,70.82,184.8,587.66,184.81,375.05
1753769619179,06:13:39.179,phemex,SOL/USDT:USDT,184.79,71.01,184.78,70.82,184.8,590.74,184.81,373.65
1753769619299,06:13:39.299,phemex,SOL/USDT:USDT,184.79,71.01,184.78,70.82,184.8,590.74,184.81,373.65
1753769619721,06:13:39.721,phemex,SOL/USDT:USDT,184.79,71.01,184.78,70.82,184.8,590.74,184.81,373.65
1753769619947,06:13:39.947,phemex,SOL/USDT:USDT,184.79,71.01,184.78,70.82,184.8,590.74,184.81,373.65
1753769620069,06:13:40.069,phemex,SOL/USDT:USDT,184.79,71.01,184.78,70.82,184.8,590.74,184.81,373.65
1753769620089,06:13:40.089,phemex,SOL/USDT:USDT,184.79,103.48,184.78,70.82,184.8,590.74,184.81,373.65
1753769620108,06:13:40.108,phemex,SOL/USDT:USDT,184.79,164.54,184.78,70.82,184.8,541.46,184.81,372.81
1753769620121,06:13:40.121,phemex,SOL/USDT:USDT,184.79,173.47,184.78,233.15,184.8,541.46,184.81,372.81
1753769620146,06:13:40.146,phemex,SOL/USDT:USDT,184.79,166.75,184.78,233.15,184.8,541.46,184.81,372.81
1753769620182,06:13:40.182,phemex,SOL/USDT:USDT,184.79,154.99,184.78,233.15,184.8,541.46,184.81,373.65
1753769620224,06:13:40.224,phemex,SOL/USDT:USDT,184.79,154.99,184.78,70.82,184.8,541.46,184.81,373.65
1753769620269,06:13:40.269,phemex,SOL/USDT:USDT,184.79,154.99,184.78,70.82,184.8,541.46,184.81,373.65
1753769620285,06:13:40.285,phemex,SOL/USDT:USDT,184.79,154.99,184.78,70.82,184.8,541.46,184.81,372.81
1753769620589,06:13:40.589,phemex,SOL/USDT:USDT,184.79,154.99,184.78,70.82,184.8,541.46,184.81,372.81
1753769620602,06:13:40.602,phemex,SOL/USDT:USDT,184.79,154.99,184.78,70.82,184.8,541.46,184.81,372.81
1753769620622,06:13:40.622,phemex,SOL/USDT:USDT,184.79,154.99,184.78,70.82,184.8,541.46,184.81,372.81
1753769620643,06:13:40.643,phemex,SOL/USDT:USDT,184.79,160.03,184.78,70.82,184.8,541.46,184.81,372.81
1753769620853,06:13:40.853,phemex,SOL/USDT:USDT,184.79,162.27,184.78,70.82,184.8,541.46,184.81,372.81
1753769620873,06:13:40.873,phemex,SOL/USDT:USDT,184.79,192.79,184.78,70.82,184.8,541.46,184.81,368.33
1753769620892,06:13:40.892,phemex,SOL/USDT:USDT,184.79,187.75,184.78,70.82,184.8,541.46,184.81,369.73
1753769620911,06:13:40.911,phemex,SOL/USDT:USDT,184.79,208.47,184.78,70.82,184.8,541.46,184.81,369.73
1753769620923,06:13:40.923,phemex,SOL/USDT:USDT,184.79,203.43,184.78,70.82,184.8,541.46,184.81,369.73
1753769620952,06:13:40.952,phemex,SOL/USDT:USDT,184.79,365.75,184.78,70.82,184.8,541.46,184.81,371.41
1753769620965,06:13:40.965,phemex,SOL/USDT:USDT,184.79,417.83,184.78,70.82,184.8,521.3,184.81,369.73
1753769621041,06:13:41.041,phemex,SOL/USDT:USDT,184.79,255.51,184.78,233.15,184.8,521.3,184.81,369.73
1753769621077,06:13:41.077,phemex,SOL/USDT:USDT,184.79,250.47,184.78,70.82,184.8,0.22,184.81,5.61
1753769621086,06:13:41.086,phemex,SOL/USDT:USDT,184.79,257.75,184.78,70.82,184.8,0.22,184.81,0.01
1753769621117,06:13:41.117,phemex,SOL/USDT:USDT,184.79,262.79,184.78,233.15,184.8,0.22,184.81,0.01
1753769621128,06:13:41.128,phemex,SOL/USDT:USDT,184.79,262.79,184.78,233.15,184.8,0.22,184.81,0.01
1753769621151,06:13:41.151,phemex,SOL/USDT:USDT,184.79,262.79,184.78,233.15,184.8,0.22,184.81,0.01
1753769621312,06:13:41.312,phemex,SOL/USDT:USDT,184.79,262.79,184.78,233.15,184.8,0.22,184.81,0.01
1753769621498,06:13:41.498,phemex,SOL/USDT:USDT,184.79,262.79,184.78,233.15,184.8,0.22,184.81,0.01
1753769621699,06:13:41.699,phemex,SOL/USDT:USDT,184.79,262.79,184.78,233.15,184.8,0.22,184.81,0.01
1753769621728,06:13:41.728,phemex,SOL/USDT:USDT,184.79,262.79,184.78,233.15,184.8,0.22,184.81,0.01
1753769621759,06:13:41.759,phemex,SOL/USDT:USDT,184.79,262.79,184.78,233.15,184.8,0.22,184.81,0.01
1753769621914,06:13:41.914,phemex,SOL/USDT:USDT,184.79,260.58,184.78,233.15,184.8,0.22,184.81,0.01
1753769621947,06:13:41.947,phemex,SOL/USDT:USDT,184.79,260.58,184.78,233.15,184.8,0.22,184.81,0.01
1753769621968,06:13:41.968,phemex,SOL/USDT:USDT,184.79,262.79,184.78,233.15,184.8,0.22,184.81,0.01
1753769622012,06:13:42.012,phemex,SOL/USDT:USDT,184.79,262.79,184.78,233.15,184.8,0.22,184.81,0.01
1753769622023,06:13:42.023,phemex,SOL/USDT:USDT,184.79,262.79,184.78,233.15,184.8,0.22,184.81,0.01
1753769622047,06:13:42.047,phemex,SOL/USDT:USDT,184.79,262.79,184.78,233.15,184.8,0.22,184.81,0.01
1753769622280,06:13:42.280,phemex,SOL/USDT:USDT,184.79,262.79,184.78,233.15,184.8,0.22,184.81,0.01
1753769622361,06:13:42.361,phemex,SOL/USDT:USDT,184.79,262.79,184.78,233.15,184.8,0.22,184.81,0.01
1753769622380,06:13:42.380,phemex,SOL/USDT:USDT,184.79,262.79,184.78,233.15,184.8,0.22,184.81,0.01
1753769622512,06:13:42.512,phemex,SOL/USDT:USDT,184.79,253.27,184.78,233.15,184.8,0.22,184.81,0.01
1753769622551,06:13:42.551,phemex,SOL/USDT:USDT,184.79,234.79,184.78,233.15,184.8,0.22,184.81,0.01
1753769622573,06:13:42.573,phemex,SOL/USDT:USDT,184.79,241.51,184.78,70.82,184.8,0.22,184.81,0.01
1753769622723,06:13:42.723,phemex,SOL/USDT:USDT,184.79,241.51,184.78,70.82,184.8,0.21,184.81,0.01
1753769622751,06:13:42.751,phemex,SOL/USDT:USDT,184.79,248.23,184.78,70.82,184.8,0.21,184.81,0.01
1753769622894,06:13:42.894,phemex,SOL/USDT:USDT,184.79,248.23,184.78,70.82,184.8,0.21,184.81,0.01
1753769622964,06:13:42.964,phemex,SOL/USDT:USDT,184.79,248.23,184.78,70.82,184.8,0.21,184.81,0.01
1753769623059,06:13:43.059,phemex,SOL/USDT:USDT,184.79,257.75,184.78,70.82,184.8,0.21,184.81,0.01
1753769623073,06:13:43.073,phemex,SOL/USDT:USDT,184.79,262.79,184.78,70.82,184.8,0.21,184.81,0.01
1753769623121,06:13:43.121,phemex,SOL/USDT:USDT,184.79,262.79,184.78,70.82,184.8,0.21,184.81,0.01
1753769623134,06:13:43.134,phemex,SOL/USDT:USDT,184.79,262.79,184.78,70.82,184.8,0.21,184.81,0.01
1753769623187,06:13:43.187,phemex,SOL/USDT:USDT,184.79,262.79,184.78,70.82,184.8,0.21,184.81,0.01
1753769623194,06:13:43.194,phemex,SOL/USDT:USDT,184.79,262.79,184.78,70.82,184.8,0.21,184.81,0.01
1753769623195,06:13:43.195,phemex,SOL/USDT:USDT,184.79,262.79,184.78,70.82,184.8,0.21,184.81,0.01
1753769623269,06:13:43.269,phemex,SOL/USDT:USDT,184.79,262.79,184.78,70.82,184.8,0.21,184.81,0.01
1753769623285,06:13:43.285,phemex,SOL/USDT:USDT,184.79,262.79,184.78,70.82,184.8,0.21,184.81,0.01
1753769623385,06:13:43.385,phemex,SOL/USDT:USDT,184.79,262.79,184.78,70.82,184.8,0.21,184.81,0.01
1753769623655,06:13:43.655,phemex,SOL/USDT:USDT,184.79,262.79,184.78,70.82,184.8,0.21,184.81,0.01
1753769623700,06:13:43.700,phemex,SOL/USDT:USDT,184.79,262.79,184.78,87.05,184.8,0.21,184.81,0.01
1753769623810,06:13:43.810,phemex,SOL/USDT:USDT,184.79,262.79,184.78,87.05,184.8,0.21,184.81,0.01
1753769623838,06:13:43.838,phemex,SOL/USDT:USDT,184.79,262.79,184.78,87.05,184.8,0.21,184.81,0.01
1753769623904,06:13:43.904,phemex,SOL/USDT:USDT,184.79,262.79,184.78,87.05,184.8,0.21,184.81,0.01
1753769623958,06:13:43.958,phemex,SOL/USDT:USDT,184.79,262.79,184.78,87.05,184.8,0.21,184.81,0.01
1753769624025,06:13:44.025,phemex,SOL/USDT:USDT,184.79,262.79,184.78,87.05,184.8,0.21,184.81,0.01
1753769624089,06:13:44.089,phemex,SOL/USDT:USDT,184.79,262.79,184.78,87.05,184.8,0.21,184.81,0.01
1753769624261,06:13:44.261,phemex,SOL/USDT:USDT,184.79,279.86,184.78,70.82,184.8,0.21,184.81,0.01
1753769624288,06:13:44.288,phemex,SOL/USDT:USDT,184.79,279.86,184.78,70.82,184.8,0.21,184.81,0.01
1753769624306,06:13:44.306,phemex,SOL/USDT:USDT,184.79,279.86,184.78,70.82,184.8,0.21,184.81,0.01
1753769624328,06:13:44.328,phemex,SOL/USDT:USDT,184.79,279.86,184.78,70.82,184.8,0.21,184.81,0.01
1753769624348,06:13:44.348,phemex,SOL/USDT:USDT,184.79,442.18,184.78,70.82,184.8,0.21,184.81,0.01
1753769624357,06:13:44.357,phemex,SOL/USDT:USDT,184.79,442.18,184.78,70.82,184.8,0.21,184.81,0.01
1753769624390,06:13:44.390,phemex,SOL/USDT:USDT,184.79,442.18,184.78,70.82,184.8,0.21,184.81,0.01
1753769624441,06:13:44.441,phemex,SOL/USDT:USDT,184.79,442.18,184.78,70.82,184.8,0.21,184.81,0.01
1753769624491,06:13:44.491,phemex,SOL/USDT:USDT,184.79,442.18,184.78,70.82,184.8,0.21,184.81,0.01
1753769624584,06:13:44.584,phemex,SOL/USDT:USDT,184.79,442.18,184.78,70.82,184.81,0.01,184.83,488.47
1753769624646,06:13:44.646,phemex,SOL/USDT:USDT,184.8,279.08,184.79,425.66,184.83,488.46,184.84,0.01
1753769624667,06:13:44.667,phemex,SOL/USDT:USDT,184.82,28.52,184.81,14.56,184.83,488.46,184.84,0.01
1753769624683,06:13:44.683,phemex,SOL/USDT:USDT,184.82,90.38,184.81,5.04,184.83,488.46,184.84,0.01
1753769624699,06:13:44.699,phemex,SOL/USDT:USDT,184.82,90.38,184.81,50.67,184.83,488.46,184.84,0.01
1753769624719,06:13:44.719,phemex,SOL/USDT:USDT,184.82,107.18,184.81,50.67,184.83,488.46,184.84,0.01
1753769624747,06:13:44.747,phemex,SOL/USDT:USDT,184.82,113.9,184.81,50.67,184.83,488.46,184.84,0.01
1753769624781,06:13:44.781,phemex,SOL/USDT:USDT,184.82,101.86,184.81,50.67,184.83,488.46,184.84,0.01
1753769624799,06:13:44.799,phemex,SOL/USDT:USDT,184.82,116.05,184.81,50.67,184.83,488.46,184.84,0.01
1753769624841,06:13:44.841,phemex,SOL/USDT:USDT,184.82,116.05,184.81,72.67,184.83,488.46,184.84,0.01
1753769624875,06:13:44.875,phemex,SOL/USDT:USDT,184.82,122.77,184.81,72.67,184.83,488.46,184.84,0.01
1753769624981,06:13:44.981,phemex,SOL/USDT:USDT,184.82,122.77,184.81,97.56,184.83,488.46,184.84,0.01
1753769625002,06:13:45.002,phemex,SOL/USDT:USDT,184.82,205.93,184.81,97.56,184.83,488.46,184.84,0.01
1753769625020,06:13:45.020,phemex,SOL/USDT:USDT,184.82,205.93,184.81,97.56,184.83,488.46,184.84,0.01
1753769625060,06:13:45.060,phemex,SOL/USDT:USDT,184.82,205.93,184.81,97.56,184.83,488.46,184.84,0.01
1753769625099,06:13:45.099,phemex,SOL/USDT:USDT,184.82,199.21,184.81,97.56,184.83,488.46,184.84,0.01
1753769625119,06:13:45.119,phemex,SOL/USDT:USDT,184.82,199.21,184.81,97.56,184.83,488.46,184.84,0.01
1753769625141,06:13:45.141,phemex,SOL/USDT:USDT,184.82,199.21,184.81,97.56,184.83,488.46,184.84,0.01
1753769625203,06:13:45.203,phemex,SOL/USDT:USDT,184.82,170.69,184.81,97.56,184.83,488.46,184.84,0.01
1753769625232,06:13:45.232,phemex,SOL/USDT:USDT,184.82,148.85,184.81,97.56,184.83,490.7,184.84,0.01
1753769625242,06:13:45.242,phemex,SOL/USDT:USDT,184.82,148.85,184.81,97.56,184.83,488.46,184.84,0.01
1753769625261,06:13:45.261,phemex,SOL/USDT:USDT,184.82,158.93,184.81,97.56,184.83,488.46,184.84,0.01
1753769625464,06:13:45.464,phemex,SOL/USDT:USDT,184.82,158.93,184.81,97.56,184.83,488.46,184.84,0.01
1753769625492,06:13:45.492,phemex,SOL/USDT:USDT,184.82,235.91,184.81,133.01,184.83,0.01,184.84,0.01
1753769625515,06:13:45.515,phemex,SOL/USDT:USDT,184.82,269.23,184.81,133.01,184.83,0.01,184.84,0.01
1753769625522,06:13:45.522,phemex,SOL/USDT:USDT,184.82,269.23,184.81,133.01,184.83,0.01,184.84,0.01
1753769625555,06:13:45.555,phemex,SOL/USDT:USDT,184.82,269.23,184.81,295.31,184.83,0.01,184.84,0.01
1753769625558,06:13:45.558,phemex,SOL/USDT:USDT,184.82,269.23,184.81,133.01,184.83,0.01,184.84,0.01
1753769625583,06:13:45.583,phemex,SOL/USDT:USDT,184.82,431.53,184.81,133.01,184.83,0.01,184.84,0.01
1753769625646,06:13:45.646,phemex,SOL/USDT:USDT,184.82,431.53,184.81,133.01,184.83,0.01,184.84,0.01
1753769625686,06:13:45.686,phemex,SOL/USDT:USDT,184.82,431.53,184.81,133.01,184.83,0.01,184.84,0.01
1753769625702,06:13:45.702,phemex,SOL/USDT:USDT,184.82,431.53,184.81,133.01,184.83,0.01,184.84,0.01
1753769625727,06:13:45.727,phemex,SOL/USDT:USDT,184.82,431.53,184.81,133.01,184.83,0.01,184.84,0.01
1753769625773,06:13:45.773,phemex,SOL/USDT:USDT,184.82,431.53,184.81,133.01,184.83,0.01,184.84,0.01
1753769625802,06:13:45.802,phemex,SOL/USDT:USDT,184.82,431.53,184.81,133.01,184.83,0.01,184.84,0.01
1753769625847,06:13:45.847,phemex,SOL/USDT:USDT,184.82,431.53,184.81,133.01,184.83,0.01,184.84,0.01
1753769625897,06:13:45.897,phemex,SOL/USDT:USDT,184.82,431.53,184.81,133.01,184.83,0.01,184.84,0.01
1753769626098,06:13:46.098,phemex,SOL/USDT:USDT,184.82,431.53,184.81,133.01,184.83,0.01,184.84,0.01
1753769626591,06:13:46.591,phemex,SOL/USDT:USDT,184.82,431.53,184.81,133.01,184.83,0.01,184.84,0.01
1753769626652,06:13:46.652,phemex,SOL/USDT:USDT,184.82,431.53,184.81,133.01,184.83,0.01,184.84,0.01
1753769626689,06:13:46.689,phemex,SOL/USDT:USDT,184.82,431.53,184.81,133.01,184.83,0.01,184.84,0.01
1753769626730,06:13:46.730,phemex,SOL/USDT:USDT,184.82,431.53,184.81,133.01,184.83,0.01,184.84,0.01
1753769626752,06:13:46.752,phemex,SOL/USDT:USDT,184.82,431.53,184.81,133.01,184.83,0.01,184.84,0.01
1753769626831,06:13:46.831,phemex,SOL/USDT:USDT,184.82,431.53,184.81,133.01,184.83,0.01,184.84,0.01
1753769626902,06:13:46.902,phemex,SOL/USDT:USDT,184.82,431.53,184.81,133.01,184.83,0.01,184.84,0.01
1753769627002,06:13:47.002,phemex,SOL/USDT:USDT,184.82,431.53,184.81,133.01,184.83,0.01,184.84,0.01
1753769627253,06:13:47.253,phemex,SOL/USDT:USDT,184.82,431.53,184.81,133.01,184.83,0.01,184.84,0.01
1753769627305,06:13:47.305,phemex,SOL/USDT:USDT,184.82,431.53,184.81,133.01,184.83,0.01,184.84,0.01
1753769627564,06:13:47.564,phemex,SOL/USDT:USDT,184.82,431.53,184.81,133.01,184.83,0.01,184.84,0.01
1753769627605,06:13:47.605,phemex,SOL/USDT:USDT,184.82,431.53,184.81,133.01,184.83,0.01,184.84,0.01
1753769627816,06:13:47.816,phemex,SOL/USDT:USDT,184.82,431.53,184.81,133.01,184.83,0.01,184.84,0.01
1753769628012,06:13:48.012,phemex,SOL/USDT:USDT,184.82,431.53,184.81,133.01,184.83,0.01,184.84,0.01
1753769628258,06:13:48.258,phemex,SOL/USDT:USDT,184.82,431.53,184.81,133.01,184.83,0.01,184.84,0.01
1753769628310,06:13:48.310,phemex,SOL/USDT:USDT,184.82,431.53,184.81,133.01,184.83,0.01,184.84,0.01
1753769628497,06:13:48.497,phemex,SOL/USDT:USDT,184.82,269.23,184.81,295.31,184.83,0.01,184.84,0.01
1753769628911,06:13:48.911,phemex,SOL/USDT:USDT,184.82,269.23,184.81,295.31,184.83,0.01,184.84,0.01
1753769629150,06:13:49.150,phemex,SOL/USDT:USDT,184.82,269.23,184.81,295.31,184.83,0.01,184.84,0.01
1753769629220,06:13:49.220,phemex,SOL/USDT:USDT,184.82,269.23,184.81,295.31,184.83,0.01,184.84,0.01
1753769629273,06:13:49.273,phemex,SOL/USDT:USDT,184.82,269.23,184.81,295.31,184.83,0.01,184.84,0.01
1753769629674,06:13:49.674,phemex,SOL/USDT:USDT,184.82,163.12,184.81,133.01,184.83,46.21,184.84,0.01
1753769629714,06:13:49.714,phemex,SOL/USDT:USDT,184.82,163.12,184.81,133.01,184.83,46.21,184.84,0.01
1753769629744,06:13:49.744,phemex,SOL/USDT:USDT,184.82,147.44,184.81,133.01,184.83,46.21,184.84,0.01
1753769629765,06:13:49.765,phemex,SOL/USDT:USDT,184.82,100.4,184.81,133.01,184.83,46.21,184.84,0.01
1753769629788,06:13:49.788,phemex,SOL/USDT:USDT,184.82,105.43,184.81,133.01,184.83,46.21,184.84,0.01
1753769629815,06:13:49.815,phemex,SOL/USDT:USDT,184.82,100.39,184.81,133.01,184.83,46.21,184.84,0.01
1753769629834,06:13:49.834,phemex,SOL/USDT:USDT,184.82,95.35,184.81,133.01,184.83,46.21,184.84,0.01
1753769629840,06:13:49.840,phemex,SOL/USDT:USDT,184.82,95.35,184.81,133.01,184.83,46.21,184.84,0.01
1753769629916,06:13:49.916,phemex,SOL/USDT:USDT,184.82,95.35,184.81,133.01,184.83,46.21,184.84,0.01
1753769630028,06:13:50.028,phemex,SOL/USDT:USDT,184.82,127.82,184.81,133.01,184.83,46.21,184.84,0.01
1753769630038,06:13:50.038,phemex,SOL/USDT:USDT,184.82,144.62,184.81,133.01,184.83,46.21,184.84,0.01
1753769630167,06:13:50.167,phemex,SOL/USDT:USDT,184.82,144.62,184.81,295.32,184.83,46.21,184.84,0.01
1753769630177,06:13:50.177,phemex,SOL/USDT:USDT,184.82,144.62,184.81,295.32,184.83,46.21,184.84,0.01
1753769630254,06:13:50.254,phemex,SOL/USDT:USDT,184.82,144.62,184.81,295.32,184.83,46.21,184.84,0.01
1753769630268,06:13:50.268,phemex,SOL/USDT:USDT,184.82,144.62,184.81,295.32,184.83,46.21,184.84,0.01
1753769630336,06:13:50.336,phemex,SOL/USDT:USDT,184.82,159.46,184.81,295.32,184.83,46.21,184.84,0.01
1753769630359,06:13:50.359,phemex,SOL/USDT:USDT,184.82,172.9,184.81,295.32,184.83,0.01,184.84,0.01
1753769630376,06:13:50.376,phemex,SOL/USDT:USDT,184.82,177.94,184.81,295.32,184.83,0.01,184.84,0.01
1753769630397,06:13:50.397,phemex,SOL/USDT:USDT,184.82,177.94,184.81,295.32,184.83,0.01,184.84,0.01
1753769630430,06:13:50.430,phemex,SOL/USDT:USDT,184.82,408.27,184.81,133.01,184.83,0.01,184.84,0.01
1753769630437,06:13:50.437,phemex,SOL/USDT:USDT,184.82,408.27,184.81,133.01,184.83,0.01,184.84,0.01
1753769630478,06:13:50.478,phemex,SOL/USDT:USDT,184.82,417.79,184.81,133.01,184.83,0.01,184.84,0.01
1753769630521,06:13:50.521,phemex,SOL/USDT:USDT,184.82,417.79,184.81,133.01,184.83,0.01,184.84,0.01
1753769630523,06:13:50.523,phemex,SOL/USDT:USDT,184.82,417.79,184.81,133.01,184.83,0.01,184.84,0.01
1753769630609,06:13:50.609,phemex,SOL/USDT:USDT,184.82,255.5,184.81,295.31,184.83,0.01,184.84,0.01
1753769630619,06:13:50.619,phemex,SOL/USDT:USDT,184.82,255.5,184.81,133.01,184.83,0.01,184.84,0.01
1753769630658,06:13:50.658,phemex,SOL/USDT:USDT,184.82,255.5,184.81,133.01,184.83,0.01,184.84,0.01
1753769630673,06:13:50.673,phemex,SOL/USDT:USDT,184.82,255.5,184.81,133.01,184.83,0.01,184.84,0.01
1753769630700,06:13:50.700,phemex,SOL/USDT:USDT,184.82,245.98,184.81,133.01,184.83,0.01,184.84,0.01
1753769630722,06:13:50.722,phemex,SOL/USDT:USDT,184.82,245.98,184.81,133.01,184.83,0.01,184.84,0.01
1753769630770,06:13:50.770,phemex,SOL/USDT:USDT,184.82,245.98,184.81,133.01,184.83,0.01,184.84,0.01
1753769630773,06:13:50.773,phemex,SOL/USDT:USDT,184.82,245.98,184.81,133.01,184.83,0.01,184.84,0.01
1753769630821,06:13:50.821,phemex,SOL/USDT:USDT,184.82,245.98,184.81,133.01,184.83,0.01,184.84,0.01
1753769631004,06:13:51.004,phemex,SOL/USDT:USDT,184.82,245.98,184.81,295.31,184.83,0.01,184.84,0.01
1753769631038,06:13:51.038,phemex,SOL/USDT:USDT,184.82,245.98,184.81,295.31,184.83,0.01,184.84,0.01
1753769632334,06:13:52.334,phemex,SOL/USDT:USDT,184.82,245.98,184.81,295.31,184.83,0.01,184.84,0.01
1753769632389,06:13:52.389,phemex,SOL/USDT:USDT,184.82,185.5,184.81,295.31,184.83,49.29,184.84,0.01
1753769632428,06:13:52.428,phemex,SOL/USDT:USDT,184.82,185.5,184.81,133.01,184.83,46.21,184.84,0.01
1753769632437,06:13:52.437,phemex,SOL/USDT:USDT,184.82,185.5,184.81,133.01,184.83,46.21,184.84,0.01
1753769632485,06:13:52.485,phemex,SOL/USDT:USDT,184.82,185.5,184.81,133.01,184.83,46.21,184.84,0.01
1753769632523,06:13:52.523,phemex,SOL/USDT:USDT,184.82,122.78,184.81,133.01,184.83,66.37,184.84,0.01
1753769632546,06:13:52.546,phemex,SOL/USDT:USDT,184.82,117.74,184.81,127.97,184.83,71.69,184.84,0.01
1753769632576,06:13:52.576,phemex,SOL/USDT:USDT,184.82,117.74,184.81,127.97,184.83,71.69,184.84,0.01
1753769632941,06:13:52.941,phemex,SOL/USDT:USDT,184.82,132.85,184.81,127.97,184.83,66.37,184.84,0.01
1753769633230,06:13:53.230,phemex,SOL/USDT:USDT,184.82,132.85,184.81,290.28,184.83,66.37,184.84,0.01
1753769633258,06:13:53.258,phemex,SOL/USDT:USDT,184.82,144.61,184.81,290.28,184.83,66.37,184.84,0.01
1753769633265,06:13:53.265,phemex,SOL/USDT:USDT,184.82,137.89,184.81,127.97,184.83,66.37,184.84,0.01
1753769633306,06:13:53.306,phemex,SOL/USDT:USDT,184.82,132.85,184.81,127.97,184.83,66.37,184.84,0.01
1753769633366,06:13:53.366,phemex,SOL/USDT:USDT,184.82,132.85,184.81,127.97,184.83,66.37,184.84,0.01
1753769633388,06:13:53.388,phemex,SOL/USDT:USDT,184.82,132.85,184.81,127.97,184.83,66.37,184.84,0.01
1753769633487,06:13:53.487,phemex,SOL/USDT:USDT,184.82,132.85,184.81,127.97,184.83,66.37,184.84,0.01
1753769634015,06:13:54.015,phemex,SOL/USDT:USDT,184.82,132.85,184.81,127.97,184.83,66.37,184.84,0.01
1753769634130,06:13:54.130,phemex,SOL/USDT:USDT,184.82,132.85,184.81,127.97,184.83,66.37,184.84,0.01
1753769634216,06:13:54.216,phemex,SOL/USDT:USDT,184.82,132.85,184.81,127.97,184.83,66.37,184.84,0.01
1753769634348,06:13:54.348,phemex,SOL/USDT:USDT,184.82,132.85,184.81,127.97,184.83,66.37,184.84,0.01
1753769634570,06:13:54.570,phemex,SOL/USDT:USDT,184.82,132.85,184.81,127.97,184.83,66.37,184.84,0.01
1753769635130,06:13:55.130,phemex,SOL/USDT:USDT,184.82,132.85,184.81,127.97,184.83,20.17,184.84,0.01
1753769635154,06:13:55.154,phemex,SOL/USDT:USDT,184.82,166.17,184.81,127.97,184.83,20.17,184.84,0.01
1753769635191,06:13:55.191,phemex,SOL/USDT:USDT,184.82,172.89,184.81,127.97,184.83,20.17,184.84,0.01
1753769635224,06:13:55.224,phemex,SOL/USDT:USDT,184.82,172.89,184.81,127.97,184.83,20.17,184.84,0.01
1753769635253,06:13:55.253,phemex,SOL/USDT:USDT,184.82,172.89,184.81,127.97,184.83,20.17,184.84,0.01
1753769635289,06:13:55.289,phemex,SOL/USDT:USDT,184.82,166.17,184.81,127.97,184.83,0.01,184.84,0.01
1753769635313,06:13:55.313,phemex,SOL/USDT:USDT,184.82,172.89,184.81,127.97,184.83,0.01,184.84,0.01
1753769635332,06:13:55.332,phemex,SOL/USDT:USDT,184.82,172.89,184.81,127.97,184.83,0.01,184.84,0.01
1753769635352,06:13:55.352,phemex,SOL/USDT:USDT,184.82,177.93,184.81,127.97,184.83,0.01,184.84,0.01
1753769635372,06:13:55.372,phemex,SOL/USDT:USDT,184.82,172.89,184.81,127.97,184.83,0.01,184.84,0.01
1753769636307,06:13:56.307,phemex,SOL/USDT:USDT,184.82,412.46,184.81,134.69,184.83,0.01,184.84,0.01
1753769636326,06:13:56.326,phemex,SOL/USDT:USDT,184.82,412.46,184.81,134.69,184.83,0.01,184.84,0.01
1753769636348,06:13:56.348,phemex,SOL/USDT:USDT,184.82,412.46,184.81,134.69,184.83,0.01,184.84,0.01
1753769636381,06:13:56.381,phemex,SOL/USDT:USDT,184.82,417.78,184.81,134.69,184.83,0.01,184.84,0.01
1753769636466,06:13:56.466,phemex,SOL/USDT:USDT,184.82,417.78,184.81,134.69,184.83,0.01,184.84,0.01
1753769636496,06:13:56.496,phemex,SOL/USDT:USDT,184.82,408.26,184.81,134.69,184.83,0.01,184.84,0.01
1753769636790,06:13:56.790,phemex,SOL/USDT:USDT,184.82,245.97,184.81,296.99,184.83,0.01,184.84,0.01
1753769636817,06:13:56.817,phemex,SOL/USDT:USDT,184.82,245.97,184.81,134.69,184.83,0.01,184.84,0.01
1753769636867,06:13:56.867,phemex,SOL/USDT:USDT,184.82,245.97,184.81,134.69,184.83,0.01,184.84,0.01
1753769636897,06:13:56.897,phemex,SOL/USDT:USDT,184.82,245.97,184.81,127.97,184.83,0.01,184.84,0.01
1753769636993,06:13:56.993,phemex,SOL/USDT:USDT,184.82,245.97,184.81,290.27,184.83,0.01,184.84,0.01
1753769637077,06:13:57.077,phemex,SOL/USDT:USDT,184.82,245.97,184.81,296.99,184.83,0.01,184.84,0.01
1753769637105,06:13:57.105,phemex,SOL/USDT:USDT,184.82,408.27,184.81,134.69,184.83,0.01,184.84,0.01
1753769637146,06:13:57.146,phemex,SOL/USDT:USDT,184.82,245.97,184.81,296.99,184.83,0.01,184.84,0.01
1753769637158,06:13:57.158,phemex,SOL/USDT:USDT,184.82,245.97,184.81,296.99,184.83,0.01,184.84,0.01
1753769637472,06:13:57.472,phemex,SOL/USDT:USDT,184.82,292.83,184.81,261.54,184.83,0.01,184.84,0.01
1753769637554,06:13:57.554,phemex,SOL/USDT:USDT,184.82,292.83,184.81,261.54,184.83,0.01,184.84,0.01
1753769638056,06:13:58.056,phemex,SOL/USDT:USDT,184.82,445.61,184.81,99.24,184.83,0.01,184.84,0.01
1753769638558,06:13:58.558,phemex,SOL/USDT:USDT,184.82,445.61,184.81,99.24,184.83,0.01,184.84,0.01
1753769638635,06:13:58.635,phemex,SOL/USDT:USDT,184.82,283.31,184.81,261.54,184.83,0.01,184.84,0.01
1753769638643,06:13:58.643,phemex,SOL/USDT:USDT,184.82,283.31,184.81,99.24,184.83,0.01,184.84,0.01
1753769638701,06:13:58.701,phemex,SOL/USDT:USDT,184.82,283.31,184.81,92.52,184.83,0.01,184.84,0.01
1753769638742,06:13:58.742,phemex,SOL/USDT:USDT,184.82,283.31,184.81,92.52,184.83,0.01,184.84,0.01
1753769638771,06:13:58.771,phemex,SOL/USDT:USDT,184.82,283.31,184.81,92.52,184.83,0.01,184.84,0.01
1753769638868,06:13:58.868,phemex,SOL/USDT:USDT,184.82,299.54,184.81,92.52,184.83,0.01,184.84,0.01
1753769638886,06:13:58.886,phemex,SOL/USDT:USDT,184.82,309.06,184.81,92.52,184.83,0.01,184.84,0.01
1753769638909,06:13:58.909,phemex,SOL/USDT:USDT,184.82,309.06,184.81,92.52,184.83,0.01,184.84,0.01
1753769638976,06:13:58.976,phemex,SOL/USDT:USDT,184.82,471.35,184.81,92.52,184.83,0.01,184.84,0.01
1753769639005,06:13:59.005,phemex,SOL/USDT:USDT,184.82,471.35,184.81,99.24,184.83,0.01,184.84,0.01
1753769639140,06:13:59.140,phemex,SOL/USDT:USDT,184.82,471.35,184.81,99.24,184.83,0.01,184.84,0.01
1753769639157,06:13:59.157,phemex,SOL/USDT:USDT,184.82,471.35,184.81,99.24,184.83,0.01,184.84,0.01
1753769639332,06:13:59.332,phemex,SOL/USDT:USDT,184.82,471.35,184.81,99.24,184.83,0.01,184.84,0.01
1753769639626,06:13:59.626,phemex,SOL/USDT:USDT,184.82,471.35,184.81,99.24,184.83,0.01,184.84,0.01
1753769639699,06:13:59.699,phemex,SOL/USDT:USDT,184.82,471.35,184.81,99.24,184.83,0.01,184.84,0.01
1753769639791,06:13:59.791,phemex,SOL/USDT:USDT,184.82,471.35,184.81,99.24,184.83,0.01,184.84,0.01
1753769639817,06:13:59.817,phemex,SOL/USDT:USDT,184.82,309.06,184.81,261.54,184.83,0.01,184.84,0.01
1753769639864,06:13:59.864,phemex,SOL/USDT:USDT,184.82,294.5,184.81,261.54,184.83,0.01,184.84,0.01
1753769639888,06:13:59.888,phemex,SOL/USDT:USDT,184.82,299.54,184.81,261.54,184.83,0.01,184.84,0.01
1753769640017,06:14:00.017,phemex,SOL/USDT:USDT,184.82,299.54,184.81,261.54,184.83,0.01,184.84,0.01
1753769640034,06:14:00.034,phemex,SOL/USDT:USDT,184.82,299.54,184.81,261.54,184.83,0.01,184.84,0.01
1753769640058,06:14:00.058,phemex,SOL/USDT:USDT,184.82,461.84,184.81,99.24,184.83,0.01,184.84,0.01
1753769640072,06:14:00.072,phemex,SOL/USDT:USDT,184.82,426.28,184.81,99.24,184.83,0.01,184.84,0.01
1753769640093,06:14:00.093,phemex,SOL/USDT:USDT,184.82,270.7,184.81,285.34,184.83,0.01,184.84,0.01
1753769640570,06:14:00.570,phemex,SOL/USDT:USDT,184.82,283.31,184.81,285.34,184.83,0.01,184.84,0.01
1753769641152,06:14:01.152,phemex,SOL/USDT:USDT,184.82,471.36,184.81,123.04,184.83,0.01,184.84,0.01
1753769641400,06:14:01.400,phemex,SOL/USDT:USDT,184.82,471.36,184.81,123.04,184.83,0.01,184.84,0.01
1753769641442,06:14:01.442,phemex,SOL/USDT:USDT,184.82,471.36,184.81,123.04,184.83,0.01,184.84,0.01
1753769641585,06:14:01.585,phemex,SOL/USDT:USDT,184.82,471.36,184.81,123.04,184.83,0.01,184.84,0.01
1753769641796,06:14:01.796,phemex,SOL/USDT:USDT,184.82,471.36,184.81,123.04,184.83,0.01,184.84,0.01
1753769641836,06:14:01.836,phemex,SOL/USDT:USDT,184.82,309.06,184.81,285.34,184.83,0.01,184.84,0.01
1753769641874,06:14:01.874,phemex,SOL/USDT:USDT,184.82,309.06,184.81,285.34,184.83,0.01,184.84,0.01
1753769641885,06:14:01.885,phemex,SOL/USDT:USDT,184.82,471.35,184.81,123.04,184.83,0.01,184.84,0.01
1753769641914,06:14:01.914,phemex,SOL/USDT:USDT,184.82,471.35,184.81,123.04,184.83,0.01,184.84,0.01
1753769641935,06:14:01.935,phemex,SOL/USDT:USDT,184.82,471.35,184.81,123.04,184.83,0.01,184.84,0.01
1753769642055,06:14:02.055,phemex,SOL/USDT:USDT,184.82,461.83,184.81,123.04,184.83,0.01,184.84,0.01
1753769642078,06:14:02.078,phemex,SOL/USDT:USDT,184.82,294.49,184.81,285.34,184.83,0.01,184.84,0.01
1753769642095,06:14:02.095,phemex,SOL/USDT:USDT,184.82,287.77,184.81,285.34,184.83,0.01,184.84,0.01
1753769642114,06:14:02.114,phemex,SOL/USDT:USDT,184.82,294.49,184.81,285.34,184.83,0.01,184.84,0.01
1753769642464,06:14:02.464,phemex,SOL/USDT:USDT,184.82,294.49,184.81,285.34,184.83,0.01,184.84,0.01
1753769642597,06:14:02.597,phemex,SOL/USDT:USDT,184.82,466.31,184.81,123.04,184.83,0.01,184.84,0.01
1753769642619,06:14:02.619,phemex,SOL/USDT:USDT,184.82,471.35,184.81,123.04,184.83,0.01,184.84,0.01
1753769642637,06:14:02.637,phemex,SOL/USDT:USDT,184.82,471.35,184.81,123.04,184.83,0.01,184.84,0.01
1753769642676,06:14:02.676,phemex,SOL/USDT:USDT,184.82,471.35,184.81,123.04,184.83,0.01,184.84,0.01
1753769642717,06:14:02.717,phemex,SOL/USDT:USDT,184.82,471.35,184.81,123.04,184.83,0.01,184.84,0.01
1753769643158,06:14:03.158,phemex,SOL/USDT:USDT,184.82,461.83,184.81,123.04,184.83,0.01,184.84,0.01
1753769643219,06:14:03.219,phemex,SOL/USDT:USDT,184.82,461.83,184.81,123.04,184.83,0.01,184.84,0.01
1753769643248,06:14:03.248,phemex,SOL/USDT:USDT,184.82,471.35,184.81,123.04,184.83,0.01,184.84,0.01
1753769643292,06:14:03.292,phemex,SOL/USDT:USDT,184.82,471.35,184.81,123.04,184.83,0.01,184.84,0.01
1753769643347,06:14:03.347,phemex,SOL/USDT:USDT,184.82,471.35,184.81,123.04,184.83,0.01,184.84,0.01
1753769643382,06:14:03.382,phemex,SOL/USDT:USDT,184.82,471.35,184.81,123.04,184.83,0.01,184.84,0.01
1753769643820,06:14:03.820,phemex,SOL/USDT:USDT,184.82,309.05,184.81,285.34,184.83,0.01,184.84,0.01
1753769643955,06:14:03.955,phemex,SOL/USDT:USDT,184.82,309.05,184.81,285.34,184.83,0.01,184.84,0.01
1753769643968,06:14:03.968,phemex,SOL/USDT:USDT,184.82,471.35,184.81,123.04,184.83,0.01,184.84,0.01
1753769643980,06:14:03.980,phemex,SOL/USDT:USDT,184.82,471.35,184.81,123.04,184.83,0.01,184.84,0.01
1753769644008,06:14:04.008,phemex,SOL/USDT:USDT,184.82,471.35,184.81,177.17,184.83,0.01,184.84,0.01
1753769644020,06:14:04.020,phemex,SOL/USDT:USDT,184.82,471.35,184.81,177.17,184.83,0.01,184.84,0.01
1753769644050,06:14:04.050,phemex,SOL/USDT:USDT,184.82,471.35,184.81,177.17,184.83,0.01,184.84,0.01
1753769644135,06:14:04.135,phemex,SOL/USDT:USDT,184.82,471.35,184.81,177.17,184.83,0.01,184.84,0.01
1753769644172,06:14:04.172,phemex,SOL/USDT:USDT,184.82,471.35,184.81,177.17,184.83,0.01,184.84,0.01
1753769644186,06:14:04.186,phemex,SOL/USDT:USDT,184.82,471.35,184.81,177.17,184.83,0.01,184.84,0.01
1753769644198,06:14:04.198,phemex,SOL/USDT:USDT,184.82,471.35,184.81,177.17,184.83,0.01,184.84,0.01
1753769644236,06:14:04.236,phemex,SOL/USDT:USDT,184.82,471.35,184.81,177.17,184.83,0.01,184.84,0.01
1753769644340,06:14:04.340,phemex,SOL/USDT:USDT,184.82,471.35,184.81,177.17,184.83,0.01,184.84,0.01
1753769644502,06:14:04.502,phemex,SOL/USDT:USDT,184.82,471.35,184.81,177.17,184.83,0.01,184.84,0.01
1753769645207,06:14:05.207,phemex,SOL/USDT:USDT,184.82,455.12,184.81,177.17,184.83,0.01,184.84,0.01
1753769645254,06:14:05.254,phemex,SOL/USDT:USDT,184.82,455.12,184.81,193.4,184.83,0.01,184.84,0.01
1753769645299,06:14:05.299,phemex,SOL/USDT:USDT,184.82,455.12,184.81,193.4,184.83,0.01,184.84,0.01
1753769645638,06:14:05.638,phemex,SOL/USDT:USDT,184.82,455.12,184.81,193.4,184.83,0.01,184.84,0.01
1753769645681,06:14:05.681,phemex,SOL/USDT:USDT,184.82,455.12,184.81,177.17,184.83,0.01,184.84,0.01
1753769645743,06:14:05.743,phemex,SOL/USDT:USDT,184.82,455.12,184.81,177.17,184.83,0.01,184.84,0.01
1753769645769,06:14:05.769,phemex,SOL/USDT:USDT,184.82,455.12,184.81,177.17,184.83,0.01,184.84,0.01
1753769645792,06:14:05.792,phemex,SOL/USDT:USDT,184.82,455.12,184.81,177.17,184.83,0.01,184.84,0.01
1753769645960,06:14:05.960,phemex,SOL/USDT:USDT,184.82,292.82,184.81,339.47,184.83,0.01,184.84,0.01
1753769646015,06:14:06.015,phemex,SOL/USDT:USDT,184.82,455.12,184.81,177.17,184.83,0.01,184.84,0.01
1753769646045,06:14:06.045,phemex,SOL/USDT:USDT,184.82,292.82,184.81,355.7,184.83,0.01,184.84,0.01
1753769646093,06:14:06.093,phemex,SOL/USDT:USDT,184.82,455.12,184.81,193.4,184.83,0.01,184.84,0.01
1753769646155,06:14:06.155,phemex,SOL/USDT:USDT,184.82,455.12,184.81,193.4,184.83,0.01,184.84,0.01
1753769646377,06:14:06.377,phemex,SOL/USDT:USDT,184.82,455.12,184.81,177.17,184.83,0.01,184.84,0.01
1753769646389,06:14:06.389,phemex,SOL/USDT:USDT,184.82,455.12,184.81,177.17,184.83,0.01,184.84,0.01
1753769646402,06:14:06.402,phemex,SOL/USDT:USDT,184.82,455.12,184.81,177.17,184.83,0.01,184.84,0.01
1753769646445,06:14:06.445,phemex,SOL/USDT:USDT,184.82,471.35,184.81,177.17,184.83,0.01,184.84,0.01
1753769646819,06:14:06.819,phemex,SOL/USDT:USDT,184.82,471.35,184.81,177.17,184.83,0.01,184.84,0.01
1753769646834,06:14:06.834,phemex,SOL/USDT:USDT,184.82,471.35,184.81,177.17,184.83,0.01,184.84,0.01
1753769646855,06:14:06.855,phemex,SOL/USDT:USDT,184.82,472.19,184.81,177.17,184.83,0.01,184.84,0.01
1753769646874,06:14:06.874,phemex,SOL/USDT:USDT,184.82,478.91,184.81,437.25,184.83,0.01,184.84,0.01
1753769646905,06:14:06.905,phemex,SOL/USDT:USDT,184.82,478.91,184.81,439.95,184.83,0.01,184.84,0.01
1753769646923,06:14:06.923,phemex,SOL/USDT:USDT,184.82,478.9,184.81,437.25,184.83,0.01,184.84,0.01
1753769646925,06:14:06.925,phemex,SOL/USDT:USDT,184.82,478.9,184.81,437.25,184.83,0.01,184.84,0.01
1753769646959,06:14:06.959,phemex,SOL/USDT:USDT,184.82,478.9,184.81,437.25,184.83,0.01,184.84,0.01
1753769647021,06:14:07.021,phemex,SOL/USDT:USDT,184.82,481.6,184.81,437.25,184.83,0.01,184.84,0.01
1753769647448,06:14:07.448,phemex,SOL/USDT:USDT,184.89,34.58,184.88,19.35,184.9,494.84,184.91,1.35
