timestamp,time,exchange,symbol,bid1_price,bid1_volume,bid2_price,bid2_volume,ask1_price,ask1_volume,ask2_price,ask2_volume
1753769522285,06:12:02.285,bitfinex,BTC/USDT:USDT,118920.0,1.0018134,118910.0,0.8600954,118930.0,0.16055,118940.0,0.51565554
1753769523185,06:12:03.185,bitfinex,BTC/USDT:USDT,118920.0,1.0018134,118910.0,0.8600954,118930.0,0.16055,118940.0,0.51565554
1753769523185,06:12:03.185,bitfinex,BTC/USDT:USDT,118920.0,1.0018134,118910.0,0.8600954,118930.0,0.16055,118940.0,0.51565554
1753769523618,06:12:03.618,bitfinex,BTC/USDT:USDT,118920.0,1.0018134,118910.0,0.8600954,118930.0,0.16055,118940.0,0.47361254
1753769523622,06:12:03.622,bitfinex,BTC/USDT:USDT,118920.0,1.0018134,118910.0,0.8600954,118930.0,0.16055,118940.0,0.47361254
1753769524141,06:12:04.141,bitfinex,BTC/USDT:USDT,118920.0,1.0018134,118910.0,0.8600954,118930.0,0.16055,118940.0,0.47361254
1753769524142,06:12:04.142,bitfinex,BTC/USDT:USDT,118920.0,1.0018134,118910.0,0.8600954,118930.0,0.16055,118940.0,0.47361254
1753769524149,06:12:04.149,bitfinex,BTC/USDT:USDT,118920.0,1.0018134,118910.0,0.8600954,118930.0,0.16055,118940.0,0.47361254
1753769524286,06:12:04.286,bitfinex,BTC/USDT:USDT,118920.0,1.0018134,118910.0,0.8600954,118930.0,0.16055,118940.0,0.47361254
1753769524287,06:12:04.287,bitfinex,BTC/USDT:USDT,118920.0,1.0018134,118910.0,0.8600954,118930.0,0.16055,118940.0,0.47361254
1753769524288,06:12:04.288,bitfinex,BTC/USDT:USDT,118920.0,1.0018134,118910.0,0.8600954,118930.0,0.16055,118940.0,0.47361254
1753769524485,06:12:04.485,bitfinex,BTC/USDT:USDT,118920.0,1.01017019,118910.0,0.8600954,118930.0,0.16055,118940.0,0.47361254
1753769524729,06:12:04.729,bitfinex,BTC/USDT:USDT,118920.0,1.01017019,118910.0,0.8600954,118930.0,0.16055,118940.0,0.51565554
1753769525488,06:12:05.488,bitfinex,BTC/USDT:USDT,118920.0,1.01017019,118910.0,0.8600954,118930.0,0.11404,118940.0,0.31829554
1753769525716,06:12:05.716,bitfinex,BTC/USDT:USDT,118920.0,1.01017019,118910.0,0.8600954,118930.0,0.16055,118940.0,0.31829554
1753769525723,06:12:05.723,bitfinex,BTC/USDT:USDT,118920.0,1.01017019,118910.0,0.8600954,118930.0,0.16055,118940.0,0.40194254
1753769526067,06:12:06.067,bitfinex,BTC/USDT:USDT,118920.0,1.01017019,118910.0,0.8600954,118930.0,0.16055,118940.0,0.40194254
1753769526430,06:12:06.430,bitfinex,BTC/USDT:USDT,118920.0,1.01017019,118910.0,0.8600954,118930.0,0.16055,118940.0,0.47361254
1753769526895,06:12:06.895,bitfinex,BTC/USDT:USDT,118920.0,1.01017019,118910.0,0.8600954,118930.0,0.16055,118940.0,0.47361254
1753769526896,06:12:06.896,bitfinex,BTC/USDT:USDT,118920.0,1.07994676,118910.0,0.93559808,118930.0,0.16055,118940.0,0.47361254
1753769526896,06:12:06.896,bitfinex,BTC/USDT:USDT,118920.0,1.07994676,118910.0,0.93559808,118930.0,0.16055,118940.0,0.47361254
1753769527093,06:12:07.093,bitfinex,BTC/USDT:USDT,118920.0,1.07994676,118910.0,0.93559808,118930.0,0.16055,118940.0,0.47361254
1753769527094,06:12:07.094,bitfinex,BTC/USDT:USDT,118920.0,1.07994676,118910.0,0.93559808,118930.0,0.16055,118940.0,0.47361254
1753769527094,06:12:07.094,bitfinex,BTC/USDT:USDT,118920.0,1.07994676,118910.0,0.93559808,118930.0,0.16055,118940.0,0.47361254
1753769527392,06:12:07.392,bitfinex,BTC/USDT:USDT,118920.0,1.07994676,118910.0,0.93559808,118930.0,0.16055,118940.0,0.47361254
1753769527392,06:12:07.392,bitfinex,BTC/USDT:USDT,118920.0,1.07994676,118910.0,0.93559808,118930.0,0.16055,118940.0,0.47361254
1753769527393,06:12:07.393,bitfinex,BTC/USDT:USDT,118920.0,1.07994676,118910.0,0.93559808,118930.0,0.16055,118940.0,0.47361254
1753769528155,06:12:08.155,bitfinex,BTC/USDT:USDT,118920.0,1.07994676,118910.0,0.93559808,118930.0,0.16055,118940.0,0.47361254
1753769528291,06:12:08.291,bitfinex,BTC/USDT:USDT,118920.0,1.07994676,118910.0,0.93559808,118930.0,0.16055,118940.0,0.47361254
1753769528292,06:12:08.292,bitfinex,BTC/USDT:USDT,118920.0,1.07994676,118910.0,0.8600954,118930.0,0.16055,118940.0,0.47361254
1753769528294,06:12:08.294,bitfinex,BTC/USDT:USDT,118920.0,1.07994676,118910.0,0.8600954,118930.0,0.16055,118940.0,0.47361254
1753769528296,06:12:08.296,bitfinex,BTC/USDT:USDT,118920.0,1.07994676,118910.0,0.8600954,118930.0,0.16055,118940.0,0.47361254
1753769528300,06:12:08.300,bitfinex,BTC/USDT:USDT,118920.0,1.07994676,118910.0,0.8600954,118930.0,0.16055,118940.0,0.47361254
1753769528498,06:12:08.498,bitfinex,BTC/USDT:USDT,118920.0,1.07994676,118910.0,0.8600954,118930.0,0.16055,118940.0,0.47361254
1753769528499,06:12:08.499,bitfinex,BTC/USDT:USDT,118920.0,1.07994676,118910.0,0.8600954,118930.0,0.16055,118940.0,0.47361254
1753769528688,06:12:08.688,bitfinex,BTC/USDT:USDT,118920.0,1.07994676,118910.0,0.8600954,118930.0,0.16055,118940.0,0.47361254
1753769528689,06:12:08.689,bitfinex,BTC/USDT:USDT,118920.0,1.07994676,118910.0,0.8600954,118930.0,0.16055,118940.0,0.47361254
1753769528992,06:12:08.992,bitfinex,BTC/USDT:USDT,118920.0,1.07994676,118910.0,0.8600954,118930.0,0.16055,118940.0,0.51565554
1753769528993,06:12:08.993,bitfinex,BTC/USDT:USDT,118920.0,1.07994676,118910.0,0.8600954,118930.0,0.16055,118940.0,0.51565554
1753769529292,06:12:09.292,bitfinex,BTC/USDT:USDT,118920.0,1.07994676,118910.0,0.8600954,118930.0,0.16055,118940.0,0.51565554
1753769529293,06:12:09.293,bitfinex,BTC/USDT:USDT,118920.0,1.07994676,118910.0,0.8600954,118930.0,0.16055,118940.0,0.47361254
1753769529293,06:12:09.293,bitfinex,BTC/USDT:USDT,118920.0,1.07994676,118910.0,0.8600954,118930.0,0.16055,118940.0,0.47361254
1753769530078,06:12:10.078,bitfinex,BTC/USDT:USDT,118920.0,1.07994676,118910.0,0.8600954,118930.0,0.16055,118940.0,0.47361254
1753769530098,06:12:10.098,bitfinex,BTC/USDT:USDT,118920.0,1.07994676,118910.0,0.8600954,118930.0,0.16055,118940.0,0.47361254
1753769530303,06:12:10.303,bitfinex,BTC/USDT:USDT,118920.0,1.07994676,118910.0,0.8600954,118930.0,0.16055,118940.0,0.47361254
1753769530304,06:12:10.304,bitfinex,BTC/USDT:USDT,118920.0,1.07994676,118910.0,0.8600954,118930.0,0.16055,118940.0,0.47361254
1753769530307,06:12:10.307,bitfinex,BTC/USDT:USDT,118920.0,1.07994676,118910.0,0.8600954,118930.0,0.16055,118940.0,0.47361254
1753769530592,06:12:10.592,bitfinex,BTC/USDT:USDT,118920.0,1.07994676,118910.0,0.8600954,118930.0,0.16055,118940.0,0.47361254
1753769530593,06:12:10.593,bitfinex,BTC/USDT:USDT,118920.0,1.07994676,118910.0,0.8600954,118930.0,0.16055,118940.0,0.47361254
1753769531326,06:12:11.326,bitfinex,BTC/USDT:USDT,118920.0,1.49812276,118910.0,0.8600954,118930.0,0.16055,118940.0,0.47361254
1753769531353,06:12:11.353,bitfinex,BTC/USDT:USDT,118920.0,2.12846593,118910.0,0.93559808,118930.0,0.1100001,118940.0,4e-05
1753769531404,06:12:11.404,bitfinex,BTC/USDT:USDT,118920.0,1.57362544,118910.0,0.8600954,118930.0,1e-07,118940.0,4e-05
1753769531477,06:12:11.477,bitfinex,BTC/USDT:USDT,118930.0,0.2144027,118920.0,1.25851214,118940.0,4e-05,118950.0,0.04651
1753769531492,06:12:11.492,bitfinex,BTC/USDT:USDT,118930.0,0.2144027,118920.0,1.25851214,118940.0,4e-05,118950.0,0.04651
1753769531590,06:12:11.590,bitfinex,BTC/USDT:USDT,118930.0,1.37640148,118920.0,1.25851214,118940.0,4e-05,118950.0,0.04651
1753769531591,06:12:11.591,bitfinex,BTC/USDT:USDT,118930.0,1.37640148,118920.0,0.63032096,118940.0,0.11004,118950.0,0.04651
1753769531591,06:12:11.591,bitfinex,BTC/USDT:USDT,118930.0,1.37640148,118920.0,0.63032096,118940.0,0.11004,118950.0,0.04651
1753769531793,06:12:11.793,bitfinex,BTC/USDT:USDT,118930.0,1.37640148,118920.0,0.63032096,118940.0,0.11004,118950.0,0.04651
1753769531794,06:12:11.794,bitfinex,BTC/USDT:USDT,118930.0,1.56336932,118920.0,0.46215296,118940.0,0.11004,118950.0,0.11452678
1753769531795,06:12:11.795,bitfinex,BTC/USDT:USDT,118930.0,1.56336932,118920.0,0.46215296,118940.0,0.11004,118950.0,0.11452678
1753769531997,06:12:11.997,bitfinex,BTC/USDT:USDT,118930.0,1.56336932,118920.0,0.46215296,118940.0,0.11004,118950.0,0.11452678
1753769531999,06:12:11.999,bitfinex,BTC/USDT:USDT,118930.0,1.56336932,118920.0,0.46215296,118940.0,0.11004,118950.0,0.11452678
1753769532325,06:12:12.325,bitfinex,BTC/USDT:USDT,118930.0,1.56336932,118920.0,0.46215296,118940.0,0.11004,118950.0,0.11452678
1753769532329,06:12:12.329,bitfinex,BTC/USDT:USDT,118930.0,1.56336932,118920.0,0.46215296,118940.0,0.11004,118950.0,0.11452678
1753769532334,06:12:12.334,bitfinex,BTC/USDT:USDT,118930.0,1.56336932,118920.0,0.46215296,118940.0,0.11004,118950.0,0.11452678
1753769532503,06:12:12.503,bitfinex,BTC/USDT:USDT,118930.0,1.56336932,118920.0,0.46215296,118940.0,0.11004,118950.0,0.11452678
1753769532504,06:12:12.504,bitfinex,BTC/USDT:USDT,118930.0,1.56336932,118920.0,0.46215296,118940.0,0.11004,118950.0,0.11452678
1753769532505,06:12:12.505,bitfinex,BTC/USDT:USDT,118930.0,1.56336932,118920.0,0.46215296,118940.0,0.11004,118950.0,0.11452678
1753769532801,06:12:12.801,bitfinex,BTC/USDT:USDT,118930.0,1.56336932,118920.0,0.46215296,118940.0,0.15655,118950.0,0.11452678
1753769532802,06:12:12.802,bitfinex,BTC/USDT:USDT,118930.0,1.56336932,118920.0,0.46215296,118940.0,0.15655,118950.0,0.06801678
1753769532803,06:12:12.803,bitfinex,BTC/USDT:USDT,118930.0,1.56336932,118920.0,0.46215296,118940.0,0.15655,118950.0,0.06801678
1753769533618,06:12:13.618,bitfinex,BTC/USDT:USDT,118930.0,1.56336932,118920.0,0.46215296,118940.0,0.15655,118950.0,0.06801678
1753769533643,06:12:13.643,bitfinex,BTC/USDT:USDT,118930.0,1.56760932,118920.0,0.46215296,118940.0,0.15655,118950.0,0.06801678
1753769533653,06:12:13.653,bitfinex,BTC/USDT:USDT,118930.0,1.56760932,118920.0,0.46215296,118940.0,0.15655,118950.0,0.06801678
1753769533794,06:12:13.794,bitfinex,BTC/USDT:USDT,118930.0,1.39944932,118920.0,0.46215296,118940.0,0.15655,118950.0,0.06801678
1753769533795,06:12:13.795,bitfinex,BTC/USDT:USDT,118930.0,1.39944932,118920.0,0.46215296,118940.0,0.15655,118950.0,0.06801678
1753769533796,06:12:13.796,bitfinex,BTC/USDT:USDT,118930.0,1.39944932,118920.0,0.46215296,118940.0,0.15655,118950.0,0.06801678
1753769534095,06:12:14.095,bitfinex,BTC/USDT:USDT,118930.0,1.39944932,118920.0,0.46215296,118940.0,0.15655,118950.0,0.06801678
1753769534095,06:12:14.095,bitfinex,BTC/USDT:USDT,118930.0,1.39944932,118920.0,0.46215296,118940.0,0.15655,118950.0,0.06801678
1753769534096,06:12:14.096,bitfinex,BTC/USDT:USDT,118930.0,1.39944932,118920.0,0.46215296,118940.0,0.15655,118950.0,0.06801678
1753769534403,06:12:14.403,bitfinex,BTC/USDT:USDT,118930.0,1.39944932,118920.0,0.46215296,118940.0,0.15655,118950.0,0.06801678
1753769534404,06:12:14.404,bitfinex,BTC/USDT:USDT,118930.0,1.39944932,118920.0,0.46215296,118940.0,0.15655,118950.0,0.06801678
1753769534404,06:12:14.404,bitfinex,BTC/USDT:USDT,118930.0,1.39944932,118920.0,0.46215296,118940.0,0.15655,118950.0,0.06801678
1753769535258,06:12:15.258,bitfinex,BTC/USDT:USDT,118930.0,1.26607886,118920.0,0.53211689,118940.0,0.15655,118950.0,0.06801678
1753769535282,06:12:15.282,bitfinex,BTC/USDT:USDT,118930.0,1.26607886,118920.0,0.53211689,118940.0,0.15655,118950.0,0.06801678
1753769535400,06:12:15.400,bitfinex,BTC/USDT:USDT,118930.0,1.26607886,118920.0,0.53211689,118940.0,0.15655,118950.0,0.06801678
1753769535401,06:12:15.401,bitfinex,BTC/USDT:USDT,118930.0,1.26607886,118920.0,0.53211689,118940.0,0.15655,118950.0,0.19175678
1753769535403,06:12:15.403,bitfinex,BTC/USDT:USDT,118930.0,1.26607886,118920.0,0.53211689,118940.0,0.15655,118950.0,0.19175678
1753769535604,06:12:15.604,bitfinex,BTC/USDT:USDT,118930.0,1.26607886,118920.0,0.53211689,118940.0,0.15655,118950.0,0.19175678
1753769535607,06:12:15.607,bitfinex,BTC/USDT:USDT,118930.0,1.26607886,118920.0,0.53211689,118940.0,0.15655,118950.0,0.19175678
1753769535900,06:12:15.900,bitfinex,BTC/USDT:USDT,118930.0,1.26607886,118920.0,0.53211689,118940.0,0.15655,118950.0,0.19175678
1753769536000,06:12:16.000,bitfinex,BTC/USDT:USDT,118930.0,1.26607886,118920.0,0.53211689,118940.0,0.15655,118950.0,0.19175678
1753769536207,06:12:16.207,bitfinex,BTC/USDT:USDT,118930.0,1.26607886,118920.0,0.53211689,118940.0,0.15655,118950.0,0.19175678
1753769536209,06:12:16.209,bitfinex,BTC/USDT:USDT,118930.0,1.26607886,118920.0,0.53211689,118940.0,0.15655,118950.0,0.19175678
1753769536209,06:12:16.209,bitfinex,BTC/USDT:USDT,118930.0,1.26607886,118920.0,0.53211689,118940.0,0.15655,118950.0,0.19175678
1753769536504,06:12:16.504,bitfinex,BTC/USDT:USDT,118930.0,1.26607886,118920.0,0.53211689,118940.0,0.15655,118950.0,0.19175678
1753769536505,06:12:16.505,bitfinex,BTC/USDT:USDT,118930.0,1.26607886,118920.0,0.53211689,118940.0,0.15655,118950.0,0.19175678
1753769536505,06:12:16.505,bitfinex,BTC/USDT:USDT,118930.0,1.26607886,118920.0,0.53211689,118940.0,0.15655,118950.0,0.19175678
1753769536903,06:12:16.903,bitfinex,BTC/USDT:USDT,118930.0,1.26607886,118920.0,0.53211689,118940.0,0.15655,118950.0,0.19175678
1753769537744,06:12:17.744,bitfinex,BTC/USDT:USDT,118930.0,1.26607886,118920.0,0.53211689,118940.0,0.15655,118950.0,0.19175678
1753769537900,06:12:17.900,bitfinex,BTC/USDT:USDT,118930.0,1.68423886,118920.0,0.53211689,118940.0,0.11,118970.0,0.144
1753769537954,06:12:17.954,bitfinex,BTC/USDT:USDT,118930.0,1.68423886,118920.0,0.53211689,118940.0,0.11,118970.0,0.144
1753769538041,06:12:18.041,bitfinex,BTC/USDT:USDT,118940.0,0.0420375,118930.0,1.83821718,118970.0,0.05247,118980.0,0.2102371
1753769538059,06:12:18.059,bitfinex,BTC/USDT:USDT,118940.0,0.0420375,118930.0,1.83821718,118970.0,0.05247,118980.0,0.2102371
1753769538218,06:12:18.218,bitfinex,BTC/USDT:USDT,118960.0,0.44820862,118950.0,0.7989428,118970.0,0.24181,118980.0,0.2522641
1753769538219,06:12:18.219,bitfinex,BTC/USDT:USDT,118960.0,0.44820862,118950.0,0.7989428,118970.0,0.24181,118980.0,0.2522641
1753769538409,06:12:18.409,bitfinex,BTC/USDT:USDT,118960.0,0.44820862,118950.0,0.8409789,118970.0,0.24181,118980.0,0.2522641
1753769538410,06:12:18.410,bitfinex,BTC/USDT:USDT,118960.0,0.44820862,118950.0,0.8409789,118970.0,0.51733,118980.0,0.2522641
1753769538711,06:12:18.711,bitfinex,BTC/USDT:USDT,118960.0,0.44820862,118950.0,0.8409789,118970.0,0.51733,118980.0,0.2522641
1753769538712,06:12:18.712,bitfinex,BTC/USDT:USDT,118960.0,0.44820862,118950.0,0.8409789,118970.0,0.51733,118980.0,0.2522641
1753769538714,06:12:18.714,bitfinex,BTC/USDT:USDT,118960.0,0.44820862,118950.0,0.8409789,118970.0,0.51733,118980.0,0.2522641
1753769538928,06:12:18.928,bitfinex,BTC/USDT:USDT,118960.0,0.44820862,118950.0,0.8409789,118970.0,1.2243861,118980.0,0.1261809
1753769538932,06:12:18.932,bitfinex,BTC/USDT:USDT,118960.0,0.44820862,118950.0,0.8409789,118970.0,1.2243861,118980.0,0.1261809
1753769539197,06:12:19.197,bitfinex,BTC/USDT:USDT,118960.0,0.44820862,118950.0,0.8409789,118970.0,1.2243861,118980.0,0.1261809
1753769539221,06:12:19.221,bitfinex,BTC/USDT:USDT,118960.0,0.44820862,118950.0,0.8409789,118970.0,1.2243861,118980.0,0.40625922
1753769539312,06:12:19.312,bitfinex,BTC/USDT:USDT,118960.0,0.44820862,118950.0,0.8409789,118970.0,1.2243861,118980.0,0.40625922
1753769539313,06:12:19.313,bitfinex,BTC/USDT:USDT,118960.0,0.44820862,118950.0,0.8409789,118970.0,1.2243861,118980.0,0.40625922
1753769539513,06:12:19.513,bitfinex,BTC/USDT:USDT,118960.0,0.44820862,118950.0,0.8409789,118970.0,1.2243861,118980.0,0.40625922
1753769539513,06:12:19.513,bitfinex,BTC/USDT:USDT,118960.0,0.44820862,118950.0,0.8409789,118970.0,1.2243861,118980.0,0.40625922
1753769539719,06:12:19.719,bitfinex,BTC/USDT:USDT,118960.0,0.44820862,118950.0,0.8409789,118970.0,1.2243861,118980.0,0.1261809
1753769539735,06:12:19.735,bitfinex,BTC/USDT:USDT,118960.0,0.44820862,118950.0,0.8409789,118970.0,1.2243861,118980.0,0.1261809
1753769539743,06:12:19.743,bitfinex,BTC/USDT:USDT,118960.0,0.44820862,118950.0,0.8409789,118970.0,1.2243861,118980.0,0.1261809
1753769540456,06:12:20.456,bitfinex,BTC/USDT:USDT,118960.0,0.44820862,118950.0,0.8409789,118970.0,1.2243861,118980.0,0.1928682
1753769540506,06:12:20.506,bitfinex,BTC/USDT:USDT,118960.0,0.44820862,118950.0,0.8409789,118970.0,1.2243861,118980.0,0.1928682
1753769540610,06:12:20.610,bitfinex,BTC/USDT:USDT,118960.0,0.44820862,118950.0,0.8409789,118970.0,1.05627,118980.0,0.1928682
1753769540610,06:12:20.610,bitfinex,BTC/USDT:USDT,118960.0,0.44820862,118950.0,0.8409789,118970.0,1.05627,118980.0,0.3189541
1753769540969,06:12:20.969,bitfinex,BTC/USDT:USDT,118960.0,0.44820862,118950.0,0.8409789,118970.0,1.05627,118980.0,0.3609826
1753769541035,06:12:21.035,bitfinex,BTC/USDT:USDT,118960.0,0.44820862,118950.0,0.8409789,118970.0,1.05627,118980.0,0.3189541
1753769541205,06:12:21.205,bitfinex,BTC/USDT:USDT,118960.0,0.44820862,118950.0,0.8409789,118970.0,1.05627,118980.0,0.3189541
1753769541206,06:12:21.206,bitfinex,BTC/USDT:USDT,118960.0,0.44820862,118950.0,0.8409789,118970.0,1.05627,118980.0,0.59903242
1753769541206,06:12:21.206,bitfinex,BTC/USDT:USDT,118960.0,0.44820862,118950.0,0.8409789,118970.0,1.05627,118980.0,0.59903242
1753769541404,06:12:21.404,bitfinex,BTC/USDT:USDT,118960.0,0.44820862,118950.0,0.8409789,118970.0,1.05627,118980.0,0.59903242
1753769541405,06:12:21.405,bitfinex,BTC/USDT:USDT,118960.0,0.44820862,118950.0,0.8409789,118970.0,1.05627,118980.0,0.59903242
1753769541405,06:12:21.405,bitfinex,BTC/USDT:USDT,118960.0,0.44820862,118950.0,0.8409789,118970.0,1.05627,118980.0,0.59903242
1753769541609,06:12:21.609,bitfinex,BTC/USDT:USDT,118960.0,0.44820862,118950.0,0.8409789,118970.0,1.05627,118980.0,0.59903242
1753769541610,06:12:21.610,bitfinex,BTC/USDT:USDT,118960.0,0.44820862,118950.0,0.8409789,118970.0,1.05627,118980.0,0.59903242
1753769541819,06:12:21.819,bitfinex,BTC/USDT:USDT,118960.0,0.44820862,118950.0,0.8409789,118970.0,1.05627,118980.0,0.64106092
1753769541822,06:12:21.822,bitfinex,BTC/USDT:USDT,118960.0,0.44820862,118950.0,0.8409789,118970.0,1.05627,118980.0,0.64106092
1753769542010,06:12:22.010,bitfinex,BTC/USDT:USDT,118960.0,0.44820862,118950.0,0.8409789,118970.0,1.05627,118980.0,0.64106092
1753769542010,06:12:22.010,bitfinex,BTC/USDT:USDT,118960.0,0.44820862,118950.0,0.8409789,118970.0,1.05627,118980.0,0.59903242
1753769542012,06:12:22.012,bitfinex,BTC/USDT:USDT,118960.0,0.44820862,118950.0,0.8409789,118970.0,1.05627,118980.0,0.59903242
1753769542507,06:12:22.507,bitfinex,BTC/USDT:USDT,118960.0,0.44820862,118950.0,0.8409789,118970.0,1.2243862,118980.0,0.47294772
1753769542565,06:12:22.565,bitfinex,BTC/USDT:USDT,118960.0,0.8408903,118950.0,0.44821722,118970.0,1.50446452,118980.0,0.2348979
1753769542587,06:12:22.587,bitfinex,BTC/USDT:USDT,118960.0,0.8408903,118950.0,0.44821722,118970.0,1.50446452,118980.0,0.2348979
1753769542721,06:12:22.721,bitfinex,BTC/USDT:USDT,118960.0,0.8408903,118950.0,0.44821722,118970.0,1.50446452,118980.0,0.2348979
1753769542722,06:12:22.722,bitfinex,BTC/USDT:USDT,118960.0,0.8408903,118950.0,0.44821722,118970.0,1.50446452,118980.0,0.2348979
1753769543178,06:12:23.178,bitfinex,BTC/USDT:USDT,118960.0,0.8408903,118950.0,0.44821722,118970.0,1.50446452,118980.0,0.2348979
1753769543185,06:12:23.185,bitfinex,BTC/USDT:USDT,118960.0,0.8408903,118950.0,0.44821722,118970.0,1.50446452,118980.0,0.2348979
1753769543190,06:12:23.190,bitfinex,BTC/USDT:USDT,118960.0,0.8408903,118950.0,0.44821722,118970.0,1.50446452,118980.0,0.2348979
1753769543317,06:12:23.317,bitfinex,BTC/USDT:USDT,118960.0,0.8408903,118950.0,0.44821722,118970.0,1.50446452,118980.0,0.2348979
1753769543317,06:12:23.317,bitfinex,BTC/USDT:USDT,118960.0,0.8408903,118950.0,0.44821722,118970.0,1.50446452,118980.0,0.1928694
1753769543318,06:12:23.318,bitfinex,BTC/USDT:USDT,118960.0,0.8408903,118950.0,0.44821722,118970.0,1.50446452,118980.0,0.1928694
1753769543881,06:12:23.881,bitfinex,BTC/USDT:USDT,118960.0,0.8408903,118950.0,0.44821722,118970.0,1.33634832,118980.0,0.3609851
1753769543929,06:12:23.929,bitfinex,BTC/USDT:USDT,118960.0,0.8408903,118950.0,0.44821722,118970.0,1.2243862,118980.0,0.47294772
1753769543942,06:12:23.942,bitfinex,BTC/USDT:USDT,118960.0,0.8408903,118950.0,0.44821722,118970.0,1.2243862,118980.0,0.47294772
1753769544111,06:12:24.111,bitfinex,BTC/USDT:USDT,118960.0,0.8408903,118950.0,0.44821722,118970.0,1.2243862,118980.0,0.47294772
1753769544112,06:12:24.112,bitfinex,BTC/USDT:USDT,118960.0,0.8408903,118950.0,0.44821722,118970.0,1.2243862,118980.0,0.47294772
1753769544113,06:12:24.113,bitfinex,BTC/USDT:USDT,118960.0,0.8408903,118950.0,0.44821722,118970.0,1.2243862,118980.0,0.47294772
1753769544527,06:12:24.527,bitfinex,BTC/USDT:USDT,118960.0,0.8408903,118950.0,0.44821722,118970.0,1.2243862,118980.0,0.47294772
1753769544528,06:12:24.528,bitfinex,BTC/USDT:USDT,118960.0,0.8408903,118950.0,0.44821722,118970.0,1.2243862,118980.0,0.47294772
1753769544723,06:12:24.723,bitfinex,BTC/USDT:USDT,118960.0,0.8408903,118950.0,0.44821722,118970.0,1.2243862,118980.0,0.47294772
1753769544723,06:12:24.723,bitfinex,BTC/USDT:USDT,118960.0,0.8408903,118950.0,0.44821722,118970.0,1.2243862,118980.0,0.47294772
1753769544947,06:12:24.947,bitfinex,BTC/USDT:USDT,118960.0,0.8408903,118950.0,0.44821722,118970.0,1.2243862,118980.0,0.47294772
1753769544947,06:12:24.947,bitfinex,BTC/USDT:USDT,118960.0,0.8408903,118950.0,0.44821722,118970.0,1.2243862,118980.0,0.47294772
1753769545106,06:12:25.106,bitfinex,BTC/USDT:USDT,118960.0,0.8408903,118950.0,0.44821722,118970.0,1.2243862,118980.0,0.47294772
1753769545107,06:12:25.107,bitfinex,BTC/USDT:USDT,118960.0,0.8408903,118950.0,0.44821722,118970.0,1.2243862,118980.0,0.47294772
1753769546656,06:12:26.656,bitfinex,BTC/USDT:USDT,118960.0,0.8408903,118950.0,0.44821722,118970.0,1.2243862,118980.0,0.47294772
1753769547395,06:12:27.395,bitfinex,BTC/USDT:USDT,118960.0,0.8408903,118950.0,0.44821722,118970.0,1.2243862,118980.0,0.47294772
1753769547424,06:12:27.424,bitfinex,BTC/USDT:USDT,118960.0,0.8408903,118950.0,0.44821722,118970.0,1.2243862,118980.0,0.47294772
1753769547638,06:12:27.638,bitfinex,BTC/USDT:USDT,118960.0,0.8408903,118950.0,0.44821722,118970.0,1.2243862,118980.0,0.51497622
1753769547641,06:12:27.641,bitfinex,BTC/USDT:USDT,118960.0,0.8408903,118950.0,0.44821722,118970.0,1.2243862,118980.0,0.51497622
1753769548450,06:12:28.450,bitfinex,BTC/USDT:USDT,118960.0,0.8408903,118950.0,0.44821722,118970.0,1.50446452,118980.0,0.2348979
1753769548528,06:12:28.528,bitfinex,BTC/USDT:USDT,118960.0,0.8408903,118950.0,0.44821722,118970.0,1.50446452,118980.0,0.2348979
1753769548534,06:12:28.534,bitfinex,BTC/USDT:USDT,118960.0,0.8408903,118950.0,0.44821722,118970.0,1.50446452,118980.0,0.2348979
1753769548872,06:12:28.872,bitfinex,BTC/USDT:USDT,118960.0,0.8408903,118950.0,0.44821722,118970.0,1.50446452,118980.0,0.2348979
1753769548958,06:12:28.958,bitfinex,BTC/USDT:USDT,118960.0,0.8408903,118950.0,0.44821722,118970.0,1.2243862,118980.0,0.2348979
1753769548965,06:12:28.965,bitfinex,BTC/USDT:USDT,118960.0,0.8408903,118950.0,0.44821722,118970.0,1.2243862,118980.0,0.51497622
1753769549115,06:12:29.115,bitfinex,BTC/USDT:USDT,118960.0,0.8408903,118950.0,0.44821722,118970.0,1.2243862,118980.0,0.51497622
1753769549118,06:12:29.118,bitfinex,BTC/USDT:USDT,118960.0,0.8408903,118950.0,0.44821722,118970.0,1.2243862,118980.0,0.51497622
1753769549863,06:12:29.863,bitfinex,BTC/USDT:USDT,118960.0,0.67276,118950.0,0.2522132,118970.0,1.50446452,118980.0,0.2348979
1753769550247,06:12:30.247,bitfinex,BTC/USDT:USDT,118960.0,0.67276,118950.0,0.2522132,118970.0,1.50446452,118980.0,0.2348979
1753769550298,06:12:30.298,bitfinex,BTC/USDT:USDT,118960.0,0.67276,118950.0,0.2522132,118970.0,1.50446452,118980.0,0.2348979
1753769550313,06:12:30.313,bitfinex,BTC/USDT:USDT,118960.0,0.67276,118950.0,0.2522132,118970.0,1.50446452,118980.0,0.2348979
1753769551394,06:12:31.394,bitfinex,BTC/USDT:USDT,118960.0,0.67276,118950.0,0.2522132,118970.0,1.50446452,118980.0,0.2348979
1753769551805,06:12:31.805,bitfinex,BTC/USDT:USDT,118960.0,0.67276,118950.0,0.2522132,118970.0,1.50446452,118980.0,0.2348979
1753769552088,06:12:32.088,bitfinex,BTC/USDT:USDT,118960.0,1.12096862,118950.0,0.1681428,118970.0,1.2243862,118980.0,0.234898
1753769552214,06:12:32.214,bitfinex,BTC/USDT:USDT,118960.0,1.12096862,118950.0,0.1681428,118970.0,1.2243862,118980.0,0.1928694
1753769552375,06:12:32.375,bitfinex,BTC/USDT:USDT,118960.0,1.12096862,118950.0,0.1681428,118970.0,1.2243862,118980.0,0.1928694
1753769552512,06:12:32.512,bitfinex,BTC/USDT:USDT,118960.0,1.12096862,118950.0,0.1681428,118970.0,1.2243862,118980.0,0.1928694
1753769553138,06:12:33.138,bitfinex,BTC/USDT:USDT,118960.0,1.12096862,118950.0,0.1681428,118970.0,1.2243862,118980.0,0.1928694
1753769553731,06:12:33.731,bitfinex,BTC/USDT:USDT,118960.0,1.12096862,118950.0,0.1681428,118970.0,1.2243862,118980.0,0.1928694
1753769553754,06:12:33.754,bitfinex,BTC/USDT:USDT,118960.0,1.12096862,118950.0,0.1681428,118970.0,1.2243862,118980.0,0.1928694
1753769553786,06:12:33.786,bitfinex,BTC/USDT:USDT,118960.0,1.12096862,118950.0,0.1681428,118970.0,1.2243862,118980.0,0.1928694
1753769554039,06:12:34.039,bitfinex,BTC/USDT:USDT,118960.0,1.12096862,118950.0,0.1681428,118970.0,1.2243862,118980.0,0.1928694
1753769554045,06:12:34.045,bitfinex,BTC/USDT:USDT,118960.0,1.12096862,118950.0,0.1681428,118970.0,1.2243862,118980.0,0.1928694
1753769554322,06:12:34.322,bitfinex,BTC/USDT:USDT,118960.0,1.12096862,118950.0,0.1681428,118970.0,1.2243862,118980.0,0.1928694
1753769554325,06:12:34.325,bitfinex,BTC/USDT:USDT,118960.0,1.12096862,118950.0,0.1681428,118970.0,1.2243862,118980.0,0.1928694
1753769554884,06:12:34.884,bitfinex,BTC/USDT:USDT,118960.0,1.12096862,118950.0,0.1681428,118970.0,1.2243862,118980.0,0.1928694
1753769555324,06:12:35.324,bitfinex,BTC/USDT:USDT,118960.0,1.12096862,118950.0,0.1681428,118970.0,1.2243862,118980.0,0.1928694
1753769555325,06:12:35.325,bitfinex,BTC/USDT:USDT,118960.0,1.12096862,118950.0,0.1681428,118970.0,1.2243862,118980.0,0.1928694
1753769555325,06:12:35.325,bitfinex,BTC/USDT:USDT,118960.0,1.12096862,118950.0,0.1681428,118970.0,1.2243862,118980.0,0.1928694
1753769555846,06:12:35.846,bitfinex,BTC/USDT:USDT,118960.0,1.12096862,118950.0,0.1681428,118970.0,1.2243862,118980.0,0.234898
1753769555858,06:12:35.858,bitfinex,BTC/USDT:USDT,118960.0,1.12096862,118950.0,0.1681428,118970.0,1.2243862,118980.0,0.234898
1753769555932,06:12:35.932,bitfinex,BTC/USDT:USDT,118960.0,1.12096862,118950.0,0.1681428,118970.0,1.2243862,118980.0,0.234898
1753769555939,06:12:35.939,bitfinex,BTC/USDT:USDT,118960.0,1.12096862,118950.0,0.1681428,118970.0,1.2243862,118980.0,0.234898
1753769556157,06:12:36.157,bitfinex,BTC/USDT:USDT,118960.0,1.12096862,118950.0,0.1681428,118970.0,1.2243862,118980.0,0.234898
1753769556164,06:12:36.164,bitfinex,BTC/USDT:USDT,118960.0,1.12096862,118950.0,0.1681428,118970.0,1.2243862,118980.0,0.234898
1753769556328,06:12:36.328,bitfinex,BTC/USDT:USDT,118960.0,1.12096862,118950.0,0.1681428,118970.0,1.2243862,118980.0,0.234898
1753769556330,06:12:36.330,bitfinex,BTC/USDT:USDT,118960.0,1.12096862,118950.0,0.1681428,118970.0,1.2243862,118980.0,0.234898
1753769556340,06:12:36.340,bitfinex,BTC/USDT:USDT,118960.0,1.12096862,118950.0,0.1681428,118970.0,1.2243862,118980.0,0.234898
1753769557081,06:12:37.081,bitfinex,BTC/USDT:USDT,118960.0,1.12096862,118950.0,0.1681428,118970.0,1.2243862,118980.0,0.234898
1753769557232,06:12:37.232,bitfinex,BTC/USDT:USDT,118960.0,1.12096862,118950.0,0.1681428,118970.0,1.2243862,118980.0,0.234898
1753769557243,06:12:37.243,bitfinex,BTC/USDT:USDT,118960.0,1.12096862,118950.0,0.1681428,118970.0,1.2243862,118980.0,0.234898
1753769557887,06:12:37.887,bitfinex,BTC/USDT:USDT,118960.0,1.12096862,118950.0,0.1681428,118970.0,1.2243862,118980.0,0.234898
1753769557898,06:12:37.898,bitfinex,BTC/USDT:USDT,118960.0,1.12096862,118950.0,0.1681428,118970.0,1.2243862,118980.0,0.234898
1753769558422,06:12:38.422,bitfinex,BTC/USDT:USDT,118960.0,1.12096862,118950.0,0.1681428,118970.0,1.2243862,118980.0,0.234898
1753769558423,06:12:38.423,bitfinex,BTC/USDT:USDT,118960.0,1.12096862,118950.0,0.1681428,118970.0,1.2243862,118980.0,0.234898
1753769558424,06:12:38.424,bitfinex,BTC/USDT:USDT,118960.0,1.12096862,118950.0,0.1681428,118970.0,1.2243862,118980.0,0.234898
1753769558821,06:12:38.821,bitfinex,BTC/USDT:USDT,118960.0,1.12096862,118950.0,0.1681428,118970.0,1.2243862,118980.0,0.234898
1753769558822,06:12:38.822,bitfinex,BTC/USDT:USDT,118960.0,1.12096862,118950.0,0.1681428,118970.0,1.2243862,118980.0,0.234898
1753769560331,06:12:40.331,bitfinex,BTC/USDT:USDT,118960.0,1.12096862,118950.0,0.1681428,118970.0,1.2243862,118980.0,0.234898
1753769561429,06:12:41.429,bitfinex,BTC/USDT:USDT,118960.0,1.12096862,118950.0,0.1681428,118970.0,1.2243862,118980.0,0.234898
1753769561430,06:12:41.430,bitfinex,BTC/USDT:USDT,118960.0,1.12096862,118950.0,0.1681428,118970.0,1.2243862,118980.0,0.234898
1753769561430,06:12:41.430,bitfinex,BTC/USDT:USDT,118960.0,1.12096862,118950.0,0.1681428,118970.0,1.2243862,118980.0,0.234898
1753769561824,06:12:41.824,bitfinex,BTC/USDT:USDT,118960.0,1.12096862,118950.0,0.1681428,118970.0,1.2243862,118980.0,0.1928694
1753769561824,06:12:41.824,bitfinex,BTC/USDT:USDT,118960.0,1.12096862,118950.0,0.1681428,118970.0,1.2243862,118980.0,0.1928694
1753769562025,06:12:42.025,bitfinex,BTC/USDT:USDT,118960.0,1.12096862,118950.0,0.1681428,118970.0,1.2243862,118980.0,0.1928694
1753769562026,06:12:42.026,bitfinex,BTC/USDT:USDT,118960.0,1.12096862,118950.0,0.1681428,118970.0,1.2243862,118980.0,0.1928694
1753769562026,06:12:42.026,bitfinex,BTC/USDT:USDT,118960.0,1.12096862,118950.0,0.1681428,118970.0,1.2243862,118980.0,0.1928694
1753769562327,06:12:42.327,bitfinex,BTC/USDT:USDT,118960.0,1.12096862,118950.0,0.1681428,118970.0,1.2243862,118980.0,0.1928694
1753769562328,06:12:42.328,bitfinex,BTC/USDT:USDT,118960.0,1.12096862,118950.0,0.1681428,118970.0,1.2243862,118980.0,0.1928694
1753769562329,06:12:42.329,bitfinex,BTC/USDT:USDT,118960.0,1.12096862,118950.0,0.1681428,118970.0,1.2243862,118980.0,0.1928694
1753769563526,06:12:43.526,bitfinex,BTC/USDT:USDT,118960.0,1.12096862,118950.0,0.1681428,118970.0,1.2243862,118980.0,0.1928694
1753769563527,06:12:43.527,bitfinex,BTC/USDT:USDT,118960.0,1.13567862,118950.0,0.1681428,118970.0,1.2243862,118980.0,0.1928694
1753769563528,06:12:43.528,bitfinex,BTC/USDT:USDT,118960.0,1.13567862,118950.0,0.1681428,118970.0,1.2243862,118980.0,0.1928694
1753769563825,06:12:43.825,bitfinex,BTC/USDT:USDT,118960.0,1.13567862,118950.0,0.1681428,118970.0,1.2243862,118980.0,0.1928694
1753769563826,06:12:43.826,bitfinex,BTC/USDT:USDT,118960.0,1.13567862,118950.0,0.1681428,118970.0,1.2243862,118980.0,0.1928694
1753769563826,06:12:43.826,bitfinex,BTC/USDT:USDT,118960.0,1.13567862,118950.0,0.1681428,118970.0,1.2243862,118980.0,0.1928694
1753769564026,06:12:44.026,bitfinex,BTC/USDT:USDT,118960.0,1.13567862,118950.0,0.1681428,118970.0,1.2243862,118980.0,0.1928694
1753769564027,06:12:44.027,bitfinex,BTC/USDT:USDT,118960.0,1.13567862,118950.0,0.1681428,118970.0,1.2243862,118980.0,0.1928694
1753769564028,06:12:44.028,bitfinex,BTC/USDT:USDT,118960.0,1.13567862,118950.0,0.1681428,118970.0,1.2243862,118980.0,0.1928694
1753769564325,06:12:44.325,bitfinex,BTC/USDT:USDT,118960.0,1.13567862,118950.0,0.1681428,118970.0,1.2243862,118980.0,0.1928694
1753769564327,06:12:44.327,bitfinex,BTC/USDT:USDT,118960.0,1.13567862,118950.0,0.1681428,118970.0,1.2243862,118980.0,0.1928694
1753769564328,06:12:44.328,bitfinex,BTC/USDT:USDT,118960.0,1.13567862,118950.0,0.1681428,118970.0,1.2243862,118980.0,0.1928694
1753769564553,06:12:44.553,bitfinex,BTC/USDT:USDT,118960.0,1.13567862,118950.0,0.1681428,118970.0,1.2243862,118980.0,0.1928694
1753769564557,06:12:44.557,bitfinex,BTC/USDT:USDT,118960.0,1.13567862,118950.0,0.1681428,118970.0,1.2243862,118980.0,0.1928694
1753769564725,06:12:44.725,bitfinex,BTC/USDT:USDT,118960.0,1.13567862,118950.0,0.1681428,118970.0,1.2243862,118980.0,0.1928694
1753769564726,06:12:44.726,bitfinex,BTC/USDT:USDT,118960.0,1.13567862,118950.0,0.1681428,118970.0,1.2243862,118980.0,0.1928694
1753769564726,06:12:44.726,bitfinex,BTC/USDT:USDT,118960.0,1.13567862,118950.0,0.1681428,118970.0,1.2243862,118980.0,0.1928694
1753769565136,06:12:45.136,bitfinex,BTC/USDT:USDT,118960.0,1.13567862,118950.0,0.1681428,118970.0,1.2243862,118980.0,0.1928694
1753769565137,06:12:45.137,bitfinex,BTC/USDT:USDT,118960.0,1.13567862,118950.0,0.24364548,118970.0,1.2243862,118980.0,0.1928694
1753769565350,06:12:45.350,bitfinex,BTC/USDT:USDT,118960.0,1.13567862,118950.0,0.24364548,118970.0,1.2243862,118980.0,0.1928694
1753769565351,06:12:45.351,bitfinex,BTC/USDT:USDT,118960.0,1.13567862,118950.0,0.24364548,118970.0,1.2243862,118980.0,0.1928694
1753769565526,06:12:45.526,bitfinex,BTC/USDT:USDT,118960.0,1.13567862,118950.0,0.24364548,118970.0,1.2243862,118980.0,0.1928694
1753769565528,06:12:45.528,bitfinex,BTC/USDT:USDT,118960.0,1.13567862,118950.0,0.24364548,118970.0,1.2243862,118980.0,0.1928694
1753769565529,06:12:45.529,bitfinex,BTC/USDT:USDT,118960.0,1.13567862,118950.0,0.24364548,118970.0,1.2243862,118980.0,0.1928694
1753769565721,06:12:45.721,bitfinex,BTC/USDT:USDT,118960.0,1.13567862,118950.0,0.24364548,118970.0,1.2243862,118980.0,0.1928694
1753769565722,06:12:45.722,bitfinex,BTC/USDT:USDT,118960.0,1.13567862,118950.0,0.24364548,118970.0,1.2243862,118980.0,0.1928694
1753769566035,06:12:46.035,bitfinex,BTC/USDT:USDT,118960.0,1.13567862,118950.0,0.24364548,118970.0,1.2243862,118980.0,0.1928694
1753769566326,06:12:46.326,bitfinex,BTC/USDT:USDT,118960.0,1.13567862,118950.0,0.24364548,118970.0,1.2243862,118980.0,0.1928694
1753769566327,06:12:46.327,bitfinex,BTC/USDT:USDT,118960.0,1.13567862,118950.0,0.24364548,118970.0,1.2243862,118980.0,0.1928694
1753769566328,06:12:46.328,bitfinex,BTC/USDT:USDT,118960.0,1.13567862,118950.0,0.24364548,118970.0,1.2243862,118980.0,0.1928694
1753769566527,06:12:46.527,bitfinex,BTC/USDT:USDT,118960.0,1.13567862,118950.0,0.24364548,118970.0,1.2243862,118980.0,0.1928694
1753769566529,06:12:46.529,bitfinex,BTC/USDT:USDT,118960.0,1.13567862,118950.0,0.24364548,118970.0,1.2243862,118980.0,0.1928694
1753769566734,06:12:46.734,bitfinex,BTC/USDT:USDT,118960.0,1.13567862,118950.0,0.24364548,118970.0,1.2243862,118980.0,0.1928694
1753769566734,06:12:46.734,bitfinex,BTC/USDT:USDT,118960.0,1.13567862,118950.0,0.24364548,118970.0,1.2243862,118980.0,0.1928694
1753769566736,06:12:46.736,bitfinex,BTC/USDT:USDT,118960.0,1.13567862,118950.0,0.24364548,118970.0,1.2243862,118980.0,0.1928694
1753769566928,06:12:46.928,bitfinex,BTC/USDT:USDT,118960.0,1.13567862,118950.0,0.24364548,118970.0,1.2243862,118980.0,0.1928694
1753769566929,06:12:46.929,bitfinex,BTC/USDT:USDT,118960.0,1.13567862,118950.0,0.24364548,118970.0,1.2243862,118980.0,0.1928694
1753769567232,06:12:47.232,bitfinex,BTC/USDT:USDT,118960.0,1.13567862,118950.0,0.24364548,118970.0,1.2243862,118980.0,0.1928694
1753769567233,06:12:47.233,bitfinex,BTC/USDT:USDT,118960.0,1.13567862,118950.0,0.24364548,118970.0,1.2243862,118980.0,0.1928694
1753769567428,06:12:47.428,bitfinex,BTC/USDT:USDT,118960.0,1.13567862,118950.0,0.24364548,118970.0,1.2243862,118980.0,0.1928694
1753769567429,06:12:47.429,bitfinex,BTC/USDT:USDT,118960.0,1.13567862,118950.0,0.24364548,118970.0,1.2243862,118980.0,0.1928694
1753769567431,06:12:47.431,bitfinex,BTC/USDT:USDT,118960.0,1.13567862,118950.0,0.24364548,118970.0,1.2243862,118980.0,0.1928694
1753769567822,06:12:47.822,bitfinex,BTC/USDT:USDT,118960.0,1.13567862,118950.0,0.24364548,118970.0,1.2243862,118980.0,0.1928694
1753769568029,06:12:48.029,bitfinex,BTC/USDT:USDT,118960.0,1.13567862,118950.0,0.24364548,118970.0,1.2243862,118980.0,0.1928694
1753769568030,06:12:48.030,bitfinex,BTC/USDT:USDT,118960.0,1.13567862,118950.0,0.24364548,118970.0,1.2243862,118980.0,0.1928694
1753769568033,06:12:48.033,bitfinex,BTC/USDT:USDT,118960.0,1.13567862,118950.0,0.24364548,118970.0,1.2243862,118980.0,0.1928694
1753769568333,06:12:48.333,bitfinex,BTC/USDT:USDT,118960.0,1.13567862,118950.0,0.24364548,118970.0,1.2243862,118980.0,0.1928694
1753769568334,06:12:48.334,bitfinex,BTC/USDT:USDT,118960.0,1.13567862,118950.0,0.24364548,118970.0,1.2243862,118980.0,0.1928694
1753769568336,06:12:48.336,bitfinex,BTC/USDT:USDT,118960.0,1.13567862,118950.0,0.24364548,118970.0,1.2243862,118980.0,0.1928694
1753769569124,06:12:49.124,bitfinex,BTC/USDT:USDT,118960.0,1.13567862,118950.0,0.24364548,118970.0,1.05627,118980.0,0.1928694
1753769569125,06:12:49.125,bitfinex,BTC/USDT:USDT,118960.0,1.13567862,118950.0,0.24364548,118970.0,1.05627,118980.0,0.3609852
1753769569127,06:12:49.127,bitfinex,BTC/USDT:USDT,118960.0,1.13567862,118950.0,0.24364548,118970.0,1.05627,118980.0,0.3609852
1753769569337,06:12:49.337,bitfinex,BTC/USDT:USDT,118960.0,1.13567862,118950.0,0.24364548,118970.0,1.05627,118980.0,0.3609852
1753769569338,06:12:49.338,bitfinex,BTC/USDT:USDT,118960.0,1.13567862,118950.0,0.24364548,118970.0,1.05627,118980.0,0.1928694
1753769569341,06:12:49.341,bitfinex,BTC/USDT:USDT,118960.0,1.13567862,118950.0,0.24364548,118970.0,1.05627,118980.0,0.1928694
1753769569530,06:12:49.530,bitfinex,BTC/USDT:USDT,118960.0,1.13567862,118950.0,0.24364548,118970.0,1.05627,118980.0,0.1928694
1753769569530,06:12:49.530,bitfinex,BTC/USDT:USDT,118960.0,1.13567862,118950.0,0.24364548,118970.0,1.05627,118980.0,0.1928694
1753769569532,06:12:49.532,bitfinex,BTC/USDT:USDT,118960.0,1.13567862,118950.0,0.24364548,118970.0,1.05627,118980.0,0.3609836
1753769569731,06:12:49.731,bitfinex,BTC/USDT:USDT,118960.0,1.13567862,118950.0,0.24364548,118970.0,1.05627,118980.0,0.3609836
1753769569929,06:12:49.929,bitfinex,BTC/USDT:USDT,118960.0,1.13567862,118950.0,0.24364548,118970.0,1.05627,118980.0,0.3609836
1753769570333,06:12:50.333,bitfinex,BTC/USDT:USDT,118960.0,1.13567862,118950.0,0.24364548,118970.0,1.05627,118980.0,0.3609836
1753769570335,06:12:50.335,bitfinex,BTC/USDT:USDT,118960.0,1.13567862,118950.0,0.24364548,118970.0,1.05627,118980.0,0.3609836
1753769570825,06:12:50.825,bitfinex,BTC/USDT:USDT,118960.0,1.13567862,118950.0,0.24364548,118970.0,1.05627,118980.0,0.3609836
1753769570826,06:12:50.826,bitfinex,BTC/USDT:USDT,118960.0,1.13567862,118950.0,0.24364548,118970.0,1.05627,118980.0,0.3609836
1753769570828,06:12:50.828,bitfinex,BTC/USDT:USDT,118960.0,1.13567862,118950.0,0.24364548,118970.0,1.05627,118980.0,0.3609836
1753769571132,06:12:51.132,bitfinex,BTC/USDT:USDT,118960.0,1.13567862,118950.0,0.24364548,118970.0,1.05627,118980.0,0.3609836
1753769571132,06:12:51.132,bitfinex,BTC/USDT:USDT,118960.0,1.13567862,118950.0,0.24364548,118970.0,1.05627,118980.0,0.3609836
1753769571327,06:12:51.327,bitfinex,BTC/USDT:USDT,118960.0,1.13567862,118950.0,0.24364548,118970.0,1.05627,118980.0,0.3609836
1753769571536,06:12:51.536,bitfinex,BTC/USDT:USDT,118960.0,1.13567862,118950.0,0.24364548,118970.0,1.05627,118980.0,0.3609836
1753769571829,06:12:51.829,bitfinex,BTC/USDT:USDT,118960.0,1.13567862,118950.0,0.24364548,118970.0,1.05627,118980.0,0.3609836
1753769571830,06:12:51.830,bitfinex,BTC/USDT:USDT,118960.0,1.13567862,118950.0,0.24364548,118970.0,1.05627,118980.0,0.3609836
1753769572024,06:12:52.024,bitfinex,BTC/USDT:USDT,118960.0,1.13567862,118950.0,0.24364548,118970.0,1.05627,118980.0,0.3609836
1753769572025,06:12:52.025,bitfinex,BTC/USDT:USDT,118960.0,1.13567862,118950.0,0.24364548,118970.0,1.05627,118980.0,0.3609836
1753769572329,06:12:52.329,bitfinex,BTC/USDT:USDT,118960.0,1.13567862,118950.0,0.24364548,118970.0,1.05627,118980.0,0.3609836
1753769572330,06:12:52.330,bitfinex,BTC/USDT:USDT,118960.0,1.13567862,118950.0,0.24364548,118970.0,1.05627,118980.0,0.3609836
1753769572733,06:12:52.733,bitfinex,BTC/USDT:USDT,118960.0,1.13567862,118950.0,0.24364548,118970.0,1.05627,118980.0,0.3609836
1753769572733,06:12:52.733,bitfinex,BTC/USDT:USDT,118960.0,1.13567862,118950.0,0.24364548,118970.0,1.05627,118980.0,0.3609836
1753769572736,06:12:52.736,bitfinex,BTC/USDT:USDT,118960.0,1.13567862,118950.0,0.24364548,118970.0,1.05627,118980.0,0.3609836
1753769573332,06:12:53.332,bitfinex,BTC/USDT:USDT,118960.0,1.13567862,118950.0,0.24364548,118970.0,1.05627,118980.0,0.3609836
1753769573333,06:12:53.333,bitfinex,BTC/USDT:USDT,118960.0,1.13567862,118950.0,0.24364548,118970.0,1.05627,118980.0,0.3609836
1753769573333,06:12:53.333,bitfinex,BTC/USDT:USDT,118960.0,1.13567862,118950.0,0.24364548,118970.0,1.05627,118980.0,0.3609836
1753769573727,06:12:53.727,bitfinex,BTC/USDT:USDT,118960.0,1.13567862,118950.0,0.24364548,118970.0,1.05627,118980.0,0.3609836
1753769573729,06:12:53.729,bitfinex,BTC/USDT:USDT,118960.0,1.13567862,118950.0,0.24364548,118970.0,1.05627,118980.0,0.3609836
1753769574336,06:12:54.336,bitfinex,BTC/USDT:USDT,118960.0,1.13567862,118950.0,0.24364548,118970.0,1.05627,118980.0,0.3609836
1753769574338,06:12:54.338,bitfinex,BTC/USDT:USDT,118960.0,1.13567862,118950.0,0.24364548,118970.0,1.05627,118980.0,0.3609836
1753769574933,06:12:54.933,bitfinex,BTC/USDT:USDT,118960.0,1.13567862,118950.0,0.24364548,118970.0,1.05627,118980.0,0.3609836
1753769575231,06:12:55.231,bitfinex,BTC/USDT:USDT,118960.0,1.13567862,118950.0,0.24364548,118970.0,1.05627,118980.0,0.3609836
1753769575231,06:12:55.231,bitfinex,BTC/USDT:USDT,118960.0,1.13567862,118950.0,0.24364548,118970.0,1.05627,118980.0,0.3609836
1753769575232,06:12:55.232,bitfinex,BTC/USDT:USDT,118960.0,1.13567862,118950.0,0.24364548,118970.0,1.05627,118980.0,0.3609836
1753769576339,06:12:56.339,bitfinex,BTC/USDT:USDT,118960.0,1.13567862,118950.0,0.24364548,118970.0,1.05627,118980.0,0.3609836
1753769576340,06:12:56.340,bitfinex,BTC/USDT:USDT,118960.0,1.13567862,118950.0,0.24364548,118970.0,1.05627,118980.0,0.3609836
1753769576532,06:12:56.532,bitfinex,BTC/USDT:USDT,118960.0,1.13567862,118950.0,0.24364548,118970.0,1.05627,118980.0,0.3609836
1753769576533,06:12:56.533,bitfinex,BTC/USDT:USDT,118960.0,1.13567862,118950.0,0.24364548,118970.0,1.05627,118980.0,0.3609836
1753769576535,06:12:56.535,bitfinex,BTC/USDT:USDT,118960.0,1.13567862,118950.0,0.24364548,118970.0,1.05627,118980.0,0.3609836
1753769576836,06:12:56.836,bitfinex,BTC/USDT:USDT,118960.0,1.13567862,118950.0,0.24364548,118970.0,1.05627,118980.0,0.3609836
1753769576837,06:12:56.837,bitfinex,BTC/USDT:USDT,118960.0,1.13567862,118950.0,0.24364548,118970.0,1.05627,118980.0,0.3609836
1753769577332,06:12:57.332,bitfinex,BTC/USDT:USDT,118960.0,1.13567862,118950.0,0.24364548,118970.0,1.05627,118980.0,0.3609836
1753769577333,06:12:57.333,bitfinex,BTC/USDT:USDT,118960.0,1.13567862,118950.0,0.24364548,118970.0,1.05627,118980.0,0.3609836
1753769577333,06:12:57.333,bitfinex,BTC/USDT:USDT,118960.0,1.13567862,118950.0,0.24364548,118970.0,1.05627,118980.0,0.3609836
1753769577539,06:12:57.539,bitfinex,BTC/USDT:USDT,118960.0,1.13567862,118950.0,0.24364548,118970.0,1.05627,118980.0,0.3609836
1753769577540,06:12:57.540,bitfinex,BTC/USDT:USDT,118960.0,1.13567862,118950.0,0.24364548,118970.0,1.05627,118980.0,0.3609836
1753769577540,06:12:57.540,bitfinex,BTC/USDT:USDT,118960.0,1.13567862,118950.0,0.24364548,118970.0,1.05627,118980.0,0.3609836
1753769577833,06:12:57.833,bitfinex,BTC/USDT:USDT,118960.0,1.13567862,118950.0,0.24364548,118970.0,1.05627,118980.0,0.3609836
1753769577833,06:12:57.833,bitfinex,BTC/USDT:USDT,118960.0,1.13567862,118950.0,0.24364548,118970.0,1.05627,118980.0,0.3609836
1753769578034,06:12:58.034,bitfinex,BTC/USDT:USDT,118960.0,1.13567862,118950.0,0.24364548,118970.0,1.05627,118980.0,0.3609836
1753769578035,06:12:58.035,bitfinex,BTC/USDT:USDT,118960.0,1.13567862,118950.0,0.24364548,118970.0,1.05627,118980.0,0.3609836
1753769578035,06:12:58.035,bitfinex,BTC/USDT:USDT,118960.0,1.13567862,118950.0,0.24364548,118970.0,1.05627,118980.0,0.3609836
1753769578335,06:12:58.335,bitfinex,BTC/USDT:USDT,118960.0,1.13567862,118950.0,0.24364548,118970.0,1.05627,118980.0,0.3609836
1753769578537,06:12:58.537,bitfinex,BTC/USDT:USDT,118960.0,1.13567862,118950.0,0.24364548,118970.0,1.05627,118980.0,0.3609836
1753769578538,06:12:58.538,bitfinex,BTC/USDT:USDT,118960.0,1.13567862,118950.0,0.24364548,118970.0,1.05627,118980.0,0.3609836
1753769578539,06:12:58.539,bitfinex,BTC/USDT:USDT,118960.0,1.13567862,118950.0,0.24364548,118970.0,1.05627,118980.0,0.3609836
1753769578937,06:12:58.937,bitfinex,BTC/USDT:USDT,118960.0,1.13567862,118950.0,0.24364548,118970.0,1.05627,118980.0,0.3609836
1753769579339,06:12:59.339,bitfinex,BTC/USDT:USDT,118960.0,1.13567862,118950.0,0.24364548,118970.0,1.05627,118980.0,0.3609836
1753769579339,06:12:59.339,bitfinex,BTC/USDT:USDT,118960.0,1.13567862,118950.0,0.24364548,118970.0,1.05627,118980.0,0.3609836
1753769579641,06:12:59.641,bitfinex,BTC/USDT:USDT,118960.0,1.13567862,118950.0,0.24364548,118970.0,1.05627,118980.0,0.3609836
1753769579642,06:12:59.642,bitfinex,BTC/USDT:USDT,118960.0,1.13567862,118950.0,0.24364548,118970.0,1.05627,118980.0,0.3609836
1753769579834,06:12:59.834,bitfinex,BTC/USDT:USDT,118960.0,1.13567862,118950.0,0.24364548,118970.0,1.05627,118980.0,0.3609836
1753769579835,06:12:59.835,bitfinex,BTC/USDT:USDT,118960.0,1.13567862,118950.0,0.24364548,118970.0,1.05627,118980.0,0.3609836
1753769579835,06:12:59.835,bitfinex,BTC/USDT:USDT,118960.0,1.13567862,118950.0,0.24364548,118970.0,1.05627,118980.0,0.3609836
1753769580137,06:13:00.137,bitfinex,BTC/USDT:USDT,118960.0,1.13567862,118950.0,0.24364548,118970.0,1.05627,118980.0,0.3609836
1753769580138,06:13:00.138,bitfinex,BTC/USDT:USDT,118960.0,1.13567862,118950.0,0.24364548,118970.0,1.05627,118980.0,0.3609836
1753769580138,06:13:00.138,bitfinex,BTC/USDT:USDT,118960.0,1.13567862,118950.0,0.24364548,118970.0,1.05627,118980.0,0.3609836
1753769580440,06:13:00.440,bitfinex,BTC/USDT:USDT,118960.0,1.13567862,118950.0,0.24364548,118970.0,1.05627,118980.0,0.3609836
1753769580441,06:13:00.441,bitfinex,BTC/USDT:USDT,118960.0,1.13567862,118950.0,0.24364548,118970.0,1.05627,118980.0,0.3609836
1753769580631,06:13:00.631,bitfinex,BTC/USDT:USDT,118960.0,1.13567862,118950.0,0.24364548,118970.0,1.05627,118980.0,0.3609836
1753769580632,06:13:00.632,bitfinex,BTC/USDT:USDT,118960.0,1.13567862,118950.0,0.24364548,118970.0,1.05627,118980.0,0.3609836
1753769580840,06:13:00.840,bitfinex,BTC/USDT:USDT,118960.0,1.13567862,118950.0,0.24364548,118970.0,1.05627,118980.0,0.3609836
1753769580843,06:13:00.843,bitfinex,BTC/USDT:USDT,118960.0,1.29708776,118950.0,0.24364548,118970.0,1.05627,118980.0,0.57098733
1753769580850,06:13:00.850,bitfinex,BTC/USDT:USDT,118960.0,1.29708776,118950.0,0.24364548,118970.0,1.05627,118980.0,0.57098733
1753769581074,06:13:01.074,bitfinex,BTC/USDT:USDT,118960.0,1.29708776,118950.0,0.24364548,118970.0,1.05627,118980.0,0.57098733
1753769581079,06:13:01.079,bitfinex,BTC/USDT:USDT,118960.0,1.29708776,118950.0,0.24364548,118970.0,1.05627,118980.0,0.57098733
1753769581440,06:13:01.440,bitfinex,BTC/USDT:USDT,118960.0,1.29708776,118950.0,0.24364548,118970.0,1.05627,118980.0,0.57098733
1753769581441,06:13:01.441,bitfinex,BTC/USDT:USDT,118960.0,1.29708776,118950.0,0.24364548,118970.0,1.05627,118980.0,0.57098733
1753769581641,06:13:01.641,bitfinex,BTC/USDT:USDT,118960.0,1.29708776,118950.0,0.24364548,118970.0,1.2243864,118980.0,0.57098733
1753769581643,06:13:01.643,bitfinex,BTC/USDT:USDT,118960.0,1.29708776,118950.0,0.24364548,118970.0,1.2243864,118980.0,0.40287313
1753769582043,06:13:02.043,bitfinex,BTC/USDT:USDT,118960.0,1.29708776,118950.0,0.24364548,118970.0,1.2243864,118980.0,0.40287313
1753769582545,06:13:02.545,bitfinex,BTC/USDT:USDT,118960.0,1.29708776,118950.0,0.24364548,118970.0,1.2243864,118980.0,0.40287313
1753769582548,06:13:02.548,bitfinex,BTC/USDT:USDT,118960.0,1.29708776,118950.0,0.24364548,118970.0,1.2243864,118980.0,0.40287313
1753769582550,06:13:02.550,bitfinex,BTC/USDT:USDT,118960.0,1.29708776,118950.0,0.24364548,118970.0,1.2243864,118980.0,0.40287313
1753769582554,06:13:02.554,bitfinex,BTC/USDT:USDT,118960.0,1.29708776,118950.0,0.24364548,118970.0,1.2243864,118980.0,0.40287313
1753769582740,06:13:02.740,bitfinex,BTC/USDT:USDT,118960.0,1.29708776,118950.0,0.24364548,118970.0,1.2243864,118980.0,0.40287313
1753769582741,06:13:02.741,bitfinex,BTC/USDT:USDT,118960.0,1.29708776,118950.0,0.24364548,118970.0,1.2243864,118980.0,0.40287313
1753769582741,06:13:02.741,bitfinex,BTC/USDT:USDT,118960.0,1.29708776,118950.0,0.24364548,118970.0,1.2243864,118980.0,0.40287313
1753769583735,06:13:03.735,bitfinex,BTC/USDT:USDT,118960.0,1.29708776,118950.0,0.24364548,118970.0,1.2243864,118980.0,0.40287313
1753769583736,06:13:03.736,bitfinex,BTC/USDT:USDT,118960.0,1.29708776,118950.0,0.1681428,118970.0,1.2243864,118980.0,0.40287313
1753769583737,06:13:03.737,bitfinex,BTC/USDT:USDT,118960.0,1.29708776,118950.0,0.1681428,118970.0,1.2243864,118980.0,0.40287313
1753769583944,06:13:03.944,bitfinex,BTC/USDT:USDT,118960.0,1.29708776,118950.0,0.1681428,118970.0,1.2243864,118980.0,0.40287313
1753769584135,06:13:04.135,bitfinex,BTC/USDT:USDT,118960.0,1.29708776,118950.0,0.1681428,118970.0,1.2243864,118980.0,0.40287313
1753769584137,06:13:04.137,bitfinex,BTC/USDT:USDT,118960.0,1.29708776,118950.0,0.1681428,118970.0,1.2243864,118980.0,0.40287313
1753769584592,06:13:04.592,bitfinex,BTC/USDT:USDT,118960.0,1.29708776,118950.0,0.1681428,118970.0,1.2243864,118980.0,0.40287313
1753769584661,06:13:04.661,bitfinex,BTC/USDT:USDT,118960.0,1.29708776,118950.0,0.1681428,118970.0,1.2243864,118980.0,0.40287313
1753769585029,06:13:05.029,bitfinex,BTC/USDT:USDT,118960.0,1.29708776,118950.0,0.24364548,118970.0,1.2243864,118980.0,0.40287313
1753769585336,06:13:05.336,bitfinex,BTC/USDT:USDT,118960.0,1.29708776,118950.0,0.24364548,118970.0,1.2243864,118980.0,0.40287313
1753769585336,06:13:05.336,bitfinex,BTC/USDT:USDT,118960.0,1.29708776,118950.0,0.24364548,118970.0,1.2243864,118980.0,0.40287313
1753769585337,06:13:05.337,bitfinex,BTC/USDT:USDT,118960.0,1.29708776,118950.0,0.24364548,118970.0,1.2243864,118980.0,0.40287313
1753769585556,06:13:05.556,bitfinex,BTC/USDT:USDT,118960.0,1.29708776,118950.0,0.24364548,118970.0,1.2243864,118980.0,0.40287313
1753769585839,06:13:05.839,bitfinex,BTC/USDT:USDT,118960.0,1.29708776,118950.0,0.24364548,118970.0,1.2243864,118980.0,0.40287313
1753769585840,06:13:05.840,bitfinex,BTC/USDT:USDT,118960.0,1.29708776,118950.0,0.24364548,118970.0,1.2243864,118980.0,0.40287313
1753769586543,06:13:06.543,bitfinex,BTC/USDT:USDT,118960.0,1.29708776,118950.0,0.24364548,118970.0,1.2243864,118980.0,0.40287313
1753769586546,06:13:06.546,bitfinex,BTC/USDT:USDT,118960.0,1.29708776,118950.0,0.24364548,118970.0,1.2243864,118980.0,0.40287313
1753769586734,06:13:06.734,bitfinex,BTC/USDT:USDT,118960.0,1.29708776,118950.0,0.24364548,118970.0,1.2243864,118980.0,0.40287313
1753769586734,06:13:06.734,bitfinex,BTC/USDT:USDT,118960.0,1.29708776,118950.0,0.24364548,118970.0,1.2243864,118980.0,0.40287313
1753769587062,06:13:07.062,bitfinex,BTC/USDT:USDT,118960.0,1.29708776,118950.0,0.24364548,118970.0,1.2243864,118980.0,0.40287313
1753769587069,06:13:07.069,bitfinex,BTC/USDT:USDT,118960.0,1.29708776,118950.0,0.24364548,118970.0,1.2243864,118980.0,0.40287313
1753769587345,06:13:07.345,bitfinex,BTC/USDT:USDT,118960.0,1.29708776,118950.0,0.24364548,118970.0,1.2243864,118980.0,0.40287313
1753769587346,06:13:07.346,bitfinex,BTC/USDT:USDT,118960.0,1.29708776,118950.0,0.24364548,118970.0,1.2243864,118980.0,0.40287313
1753769587535,06:13:07.535,bitfinex,BTC/USDT:USDT,118960.0,1.29708776,118950.0,0.24364548,118970.0,1.2243864,118980.0,0.40287313
1753769587536,06:13:07.536,bitfinex,BTC/USDT:USDT,118960.0,1.29708776,118950.0,0.24364548,118970.0,1.2243864,118980.0,0.44490173
1753769588146,06:13:08.146,bitfinex,BTC/USDT:USDT,118960.0,1.29708776,118950.0,0.24364548,118970.0,1.2243864,118980.0,0.44490173
1753769588146,06:13:08.146,bitfinex,BTC/USDT:USDT,118960.0,1.29708776,118950.0,0.24364548,118970.0,1.2243864,118980.0,0.44490173
1753769588644,06:13:08.644,bitfinex,BTC/USDT:USDT,118960.0,1.29708776,118950.0,0.24364548,118970.0,1.2243864,118980.0,0.44490173
1753769588645,06:13:08.645,bitfinex,BTC/USDT:USDT,118960.0,1.29708776,118950.0,0.24364548,118970.0,1.2243864,118980.0,0.44490173
1753769589144,06:13:09.144,bitfinex,BTC/USDT:USDT,118960.0,1.29708776,118950.0,0.24364548,118970.0,1.2243864,118980.0,0.40287313
1753769589145,06:13:09.145,bitfinex,BTC/USDT:USDT,118960.0,1.29708776,118950.0,0.24364548,118970.0,1.2243864,118980.0,0.40287313
1753769589447,06:13:09.447,bitfinex,BTC/USDT:USDT,118960.0,1.29708776,118950.0,0.24364548,118970.0,1.2243864,118980.0,0.40287313
1753769589448,06:13:09.448,bitfinex,BTC/USDT:USDT,118960.0,1.29708776,118950.0,0.24364548,118970.0,1.2243864,118980.0,0.40287313
1753769589448,06:13:09.448,bitfinex,BTC/USDT:USDT,118960.0,1.29708776,118950.0,0.24364548,118970.0,1.2243864,118980.0,0.40287313
1753769589854,06:13:09.854,bitfinex,BTC/USDT:USDT,118960.0,1.29708776,118950.0,0.24364548,118970.0,1.2243864,118980.0,0.40287313
1753769589857,06:13:09.857,bitfinex,BTC/USDT:USDT,118960.0,1.29708776,118950.0,0.24364548,118970.0,1.2243864,118980.0,0.40287313
1753769590045,06:13:10.045,bitfinex,BTC/USDT:USDT,118960.0,1.29708776,118950.0,0.24364548,118970.0,1.2243864,118980.0,0.40287313
1753769590046,06:13:10.046,bitfinex,BTC/USDT:USDT,118960.0,1.29708776,118950.0,0.24364548,118970.0,1.2243864,118980.0,0.40287313
1753769590544,06:13:10.544,bitfinex,BTC/USDT:USDT,118960.0,1.29708776,118950.0,0.24364548,118970.0,1.2243864,118980.0,0.40287313
1753769590546,06:13:10.546,bitfinex,BTC/USDT:USDT,118960.0,1.29708776,118950.0,0.24364548,118970.0,1.2243864,118980.0,0.40287313
1753769591553,06:13:11.553,bitfinex,BTC/USDT:USDT,118960.0,1.29708776,118950.0,0.24364548,118970.0,1.2243864,118980.0,0.40287313
1753769591554,06:13:11.554,bitfinex,BTC/USDT:USDT,118960.0,1.29708776,118950.0,0.24364548,118970.0,1.2243864,118980.0,0.40287313
1753769591555,06:13:11.555,bitfinex,BTC/USDT:USDT,118960.0,1.29708776,118950.0,0.24364548,118970.0,1.2243864,118980.0,0.40287313
1753769591749,06:13:11.749,bitfinex,BTC/USDT:USDT,118960.0,1.29708776,118950.0,0.24364548,118970.0,1.2243864,118980.0,0.44490173
1753769591750,06:13:11.750,bitfinex,BTC/USDT:USDT,118960.0,1.29708776,118950.0,0.24364548,118970.0,1.2243864,118980.0,0.44490173
1753769591945,06:13:11.945,bitfinex,BTC/USDT:USDT,118960.0,1.29708776,118950.0,0.24364548,118970.0,1.2243864,118980.0,0.44490173
1753769592552,06:13:12.552,bitfinex,BTC/USDT:USDT,118960.0,1.29708776,118950.0,0.1681428,118970.0,1.2243864,118980.0,0.44490173
1753769592553,06:13:12.553,bitfinex,BTC/USDT:USDT,118960.0,1.29708776,118950.0,0.1681428,118970.0,1.2243864,118980.0,0.44490173
1753769592763,06:13:12.763,bitfinex,BTC/USDT:USDT,118960.0,1.29708776,118950.0,0.1681428,118970.0,1.2243864,118980.0,0.44490173
1753769592764,06:13:12.764,bitfinex,BTC/USDT:USDT,118960.0,1.29708776,118950.0,0.1681428,118970.0,1.2243864,118980.0,0.44490173
1753769592764,06:13:12.764,bitfinex,BTC/USDT:USDT,118960.0,1.29708776,118950.0,0.1681428,118970.0,1.2243864,118980.0,0.44490173
1753769593055,06:13:13.055,bitfinex,BTC/USDT:USDT,118960.0,1.29708776,118950.0,0.1681428,118970.0,1.2243864,118980.0,0.44490173
1753769593056,06:13:13.056,bitfinex,BTC/USDT:USDT,118960.0,1.29708776,118950.0,0.1681428,118970.0,1.2243864,118980.0,0.44490173
1753769593368,06:13:13.368,bitfinex,BTC/USDT:USDT,118960.0,1.29708776,118950.0,0.1681428,118970.0,1.2243864,118980.0,0.44490173
1753769593368,06:13:13.368,bitfinex,BTC/USDT:USDT,118960.0,1.29708776,118950.0,0.1681428,118970.0,1.2243864,118980.0,0.44490173
1753769593369,06:13:13.369,bitfinex,BTC/USDT:USDT,118960.0,1.29708776,118950.0,0.1681428,118970.0,1.2243864,118980.0,0.44490173
1753769593747,06:13:13.747,bitfinex,BTC/USDT:USDT,118960.0,1.29708776,118950.0,0.1681428,118970.0,1.2243864,118980.0,0.44490173
1753769593894,06:13:13.894,bitfinex,BTC/USDT:USDT,118960.0,1.26089776,118950.0,0.24364548,118970.0,1.43439013,118980.0,0.44490173
1753769593900,06:13:13.900,bitfinex,BTC/USDT:USDT,118960.0,1.26089776,118950.0,0.24364548,118970.0,1.43439013,118980.0,0.44490173
1753769594048,06:13:14.048,bitfinex,BTC/USDT:USDT,118960.0,1.27081776,118950.0,0.24364548,118970.0,1.43439013,118980.0,0.44490173
1753769594355,06:13:14.355,bitfinex,BTC/USDT:USDT,118960.0,1.27081776,118950.0,0.24364548,118970.0,1.43439013,118980.0,0.44490173
1753769594357,06:13:14.357,bitfinex,BTC/USDT:USDT,118960.0,1.27081776,118950.0,0.24364548,118970.0,1.43439013,118980.0,0.44490173
1753769594661,06:13:14.661,bitfinex,BTC/USDT:USDT,118960.0,1.27081776,118950.0,0.24364548,118970.0,1.43439013,118980.0,0.44490173
1753769594668,06:13:14.668,bitfinex,BTC/USDT:USDT,118960.0,1.27081776,118950.0,0.24364548,118970.0,1.43439013,118980.0,0.44490173
1753769594866,06:13:14.866,bitfinex,BTC/USDT:USDT,118960.0,1.27081776,118950.0,0.24364548,118970.0,1.43439013,118980.0,0.44490173
1753769594869,06:13:14.869,bitfinex,BTC/USDT:USDT,118960.0,1.27081776,118950.0,0.24364548,118970.0,1.43439013,118980.0,0.44490173
1753769595567,06:13:15.567,bitfinex,BTC/USDT:USDT,118960.0,1.06081403,118950.0,0.24364548,118970.0,1.43439013,118980.0,0.44490173
1753769595575,06:13:15.575,bitfinex,BTC/USDT:USDT,118960.0,1.06081403,118950.0,0.24364548,118970.0,1.43439013,118980.0,0.44490173
1753769595850,06:13:15.850,bitfinex,BTC/USDT:USDT,118960.0,1.27081776,118950.0,0.24364548,118970.0,1.43439013,118980.0,0.44490173
1753769595853,06:13:15.853,bitfinex,BTC/USDT:USDT,118960.0,1.27081776,118950.0,0.1681428,118970.0,1.43439013,118980.0,0.44490173
1753769595856,06:13:15.856,bitfinex,BTC/USDT:USDT,118960.0,1.27081776,118950.0,0.1681428,118970.0,1.43439013,118980.0,0.44490173
1753769596049,06:13:16.049,bitfinex,BTC/USDT:USDT,118960.0,1.27081776,118950.0,0.1681428,118970.0,1.43439013,118980.0,0.44490173
1753769596050,06:13:16.050,bitfinex,BTC/USDT:USDT,118960.0,1.27081776,118950.0,0.1681428,118970.0,1.43439013,118980.0,0.44490173
1753769596050,06:13:16.050,bitfinex,BTC/USDT:USDT,118960.0,1.27081776,118950.0,0.1681428,118970.0,1.43439013,118980.0,0.44490173
1753769596655,06:13:16.655,bitfinex,BTC/USDT:USDT,118960.0,1.27081776,118950.0,0.1681428,118970.0,1.43439013,118980.0,0.44490173
1753769596657,06:13:16.657,bitfinex,BTC/USDT:USDT,118960.0,1.27081776,118950.0,0.1681428,118970.0,1.43439013,118980.0,0.44490173
1753769597055,06:13:17.055,bitfinex,BTC/USDT:USDT,118960.0,1.27081776,118950.0,0.1681428,118970.0,1.43439013,118980.0,0.44490173
1753769597057,06:13:17.057,bitfinex,BTC/USDT:USDT,118960.0,1.27081776,118950.0,0.1681428,118970.0,1.43439013,118980.0,0.44490173
1753769597699,06:13:17.699,bitfinex,BTC/USDT:USDT,118960.0,1.27081776,118950.0,0.1681428,118970.0,1.43439013,118980.0,0.44490173
1753769597707,06:13:17.707,bitfinex,BTC/USDT:USDT,118960.0,1.27081776,118950.0,0.1681428,118970.0,1.43439013,118980.0,0.44490173
1753769598347,06:13:18.347,bitfinex,BTC/USDT:USDT,118960.0,1.27081776,118950.0,0.1681428,118970.0,1.43439013,118980.0,0.44490173
1753769598347,06:13:18.347,bitfinex,BTC/USDT:USDT,118960.0,1.27081776,118950.0,0.1681428,118970.0,1.43439013,118980.0,0.44490173
1753769598658,06:13:18.658,bitfinex,BTC/USDT:USDT,118960.0,1.27081776,118950.0,0.24364548,118970.0,1.43439013,118980.0,0.44490173
1753769598660,06:13:18.660,bitfinex,BTC/USDT:USDT,118960.0,1.27081776,118950.0,0.24364548,118970.0,1.43439013,118980.0,0.44490173
1753769598953,06:13:18.953,bitfinex,BTC/USDT:USDT,118960.0,1.27081776,118950.0,0.24364548,118970.0,1.43439013,118980.0,0.44490173
1753769598954,06:13:18.954,bitfinex,BTC/USDT:USDT,118960.0,1.27081776,118950.0,0.24364548,118970.0,1.43439013,118980.0,0.44490173
1753769599360,06:13:19.360,bitfinex,BTC/USDT:USDT,118960.0,1.27081776,118950.0,0.24364548,118970.0,1.43439013,118980.0,0.44490173
1753769599362,06:13:19.362,bitfinex,BTC/USDT:USDT,118960.0,1.27081776,118950.0,0.24364548,118970.0,1.43439013,118980.0,0.44490173
1753769599553,06:13:19.553,bitfinex,BTC/USDT:USDT,118960.0,1.27081776,118950.0,0.24364548,118970.0,1.43439013,118980.0,0.44490173
1753769599555,06:13:19.555,bitfinex,BTC/USDT:USDT,118960.0,1.27081776,118950.0,0.24364548,118970.0,1.43439013,118980.0,0.44490173
1753769600256,06:13:20.256,bitfinex,BTC/USDT:USDT,118960.0,1.27081776,118950.0,0.24364548,118970.0,1.2243864,118980.0,0.44490173
1753769600552,06:13:20.552,bitfinex,BTC/USDT:USDT,118960.0,1.27081776,118950.0,0.24364548,118970.0,1.43439013,118980.0,0.44490173
1753769600756,06:13:20.756,bitfinex,BTC/USDT:USDT,118960.0,1.27081776,118950.0,0.24364548,118970.0,1.43439013,118980.0,0.44490173
1753769600758,06:13:20.758,bitfinex,BTC/USDT:USDT,118960.0,1.27081776,118950.0,0.24364548,118970.0,1.43439013,118980.0,0.44490173
1753769600761,06:13:20.761,bitfinex,BTC/USDT:USDT,118960.0,1.27081776,118950.0,0.24364548,118970.0,1.43439013,118980.0,0.44490173
1753769600953,06:13:20.953,bitfinex,BTC/USDT:USDT,118960.0,1.27081776,118950.0,0.24364548,118970.0,1.43439013,118980.0,0.44490173
1753769600954,06:13:20.954,bitfinex,BTC/USDT:USDT,118960.0,1.27081776,118950.0,0.24364548,118970.0,1.43439013,118980.0,0.44490173
1753769601467,06:13:21.467,bitfinex,BTC/USDT:USDT,118960.0,1.27081776,118950.0,0.24364548,118970.0,1.43439013,118980.0,0.44490173
1753769601482,06:13:21.482,bitfinex,BTC/USDT:USDT,118960.0,1.27081776,118950.0,0.24364548,118970.0,1.43439013,118980.0,0.44490173
1753769602061,06:13:22.061,bitfinex,BTC/USDT:USDT,118960.0,1.27081776,118950.0,0.24364548,118970.0,1.43439013,118980.0,0.44490173
1753769602062,06:13:22.062,bitfinex,BTC/USDT:USDT,118960.0,1.27081776,118950.0,0.24364548,118970.0,1.43439013,118980.0,0.44490173
1753769602272,06:13:22.272,bitfinex,BTC/USDT:USDT,118960.0,1.27081776,118950.0,0.1681428,118970.0,1.43439013,118980.0,0.44490173
1753769602280,06:13:22.280,bitfinex,BTC/USDT:USDT,118960.0,1.27081776,118950.0,0.1681428,118970.0,1.43439013,118980.0,0.44490173
1753769602666,06:13:22.666,bitfinex,BTC/USDT:USDT,118960.0,1.27081776,118950.0,0.1681428,118970.0,1.43439013,118980.0,0.44490173
1753769602672,06:13:22.672,bitfinex,BTC/USDT:USDT,118960.0,1.27081776,118950.0,0.1681428,118970.0,1.43439013,118980.0,0.44490173
1753769603562,06:13:23.562,bitfinex,BTC/USDT:USDT,118960.0,1.27081776,118950.0,0.1681428,118970.0,1.43439013,118980.0,0.44490173
1753769603567,06:13:23.567,bitfinex,BTC/USDT:USDT,118960.0,1.27081776,118950.0,0.1681428,118970.0,1.43439013,118980.0,0.44490173
1753769603862,06:13:23.862,bitfinex,BTC/USDT:USDT,118960.0,1.27081776,118950.0,0.24364548,118970.0,1.43439013,118980.0,0.44490173
1753769603865,06:13:23.865,bitfinex,BTC/USDT:USDT,118960.0,1.27081776,118950.0,0.24364548,118970.0,1.43439013,118980.0,0.44490173
1753769604064,06:13:24.064,bitfinex,BTC/USDT:USDT,118960.0,1.27081776,118950.0,0.24364548,118970.0,1.43439013,118980.0,0.44490173
1753769604065,06:13:24.065,bitfinex,BTC/USDT:USDT,118960.0,1.27081776,118950.0,0.24364548,118970.0,1.43439013,118980.0,0.44490173
1753769604260,06:13:24.260,bitfinex,BTC/USDT:USDT,118960.0,1.27081776,118950.0,0.24364548,118970.0,1.43439013,118980.0,0.44490173
1753769604261,06:13:24.261,bitfinex,BTC/USDT:USDT,118960.0,1.27081776,118950.0,0.24364548,118970.0,1.43439013,118980.0,0.44490173
1753769604263,06:13:24.263,bitfinex,BTC/USDT:USDT,118960.0,1.27081776,118950.0,0.24364548,118970.0,1.43439013,118980.0,0.44490173
1753769604669,06:13:24.669,bitfinex,BTC/USDT:USDT,118960.0,1.27081776,118950.0,0.24364548,118970.0,1.43439013,118980.0,0.44490173
1753769604670,06:13:24.670,bitfinex,BTC/USDT:USDT,118960.0,1.27081776,118950.0,0.24364548,118970.0,1.43439013,118980.0,0.44490173
1753769604987,06:13:24.987,bitfinex,BTC/USDT:USDT,118960.0,1.27081776,118950.0,0.24364548,118970.0,1.43439013,118980.0,0.44490173
1753769604988,06:13:24.988,bitfinex,BTC/USDT:USDT,118960.0,1.27081776,118950.0,0.24364548,118970.0,1.43439013,118980.0,0.44490173
1753769604989,06:13:24.989,bitfinex,BTC/USDT:USDT,118960.0,1.27081776,118950.0,0.24364548,118970.0,1.43439013,118980.0,0.44490173
1753769605197,06:13:25.197,bitfinex,BTC/USDT:USDT,118960.0,1.27081776,118950.0,0.24364548,118970.0,1.43439013,118980.0,0.44490173
1753769605198,06:13:25.198,bitfinex,BTC/USDT:USDT,118960.0,1.27081776,118950.0,0.24364548,118970.0,1.43439013,118980.0,0.44490173
1753769605389,06:13:25.389,bitfinex,BTC/USDT:USDT,118960.0,1.27081776,118950.0,0.24364548,118970.0,1.43439013,118980.0,0.44490173
1753769605389,06:13:25.389,bitfinex,BTC/USDT:USDT,118960.0,1.27081776,118950.0,0.24364548,118970.0,1.43439013,118980.0,0.44490173
1753769605568,06:13:25.568,bitfinex,BTC/USDT:USDT,118960.0,1.27081776,118950.0,0.1681428,118970.0,1.43439013,118980.0,0.44490173
1753769605572,06:13:25.572,bitfinex,BTC/USDT:USDT,118960.0,1.27081776,118950.0,0.1681428,118970.0,1.43439013,118980.0,0.44490173
1753769605757,06:13:25.757,bitfinex,BTC/USDT:USDT,118960.0,1.27081776,118950.0,0.1681428,118970.0,1.43439013,118980.0,0.44490173
1753769606051,06:13:26.051,bitfinex,BTC/USDT:USDT,118960.0,1.27081776,118950.0,0.1681428,118970.0,1.43439013,118980.0,0.44490173
1753769606054,06:13:26.054,bitfinex,BTC/USDT:USDT,118960.0,1.27081776,118950.0,0.1681428,118970.0,1.43439013,118980.0,0.44490173
1753769606673,06:13:26.673,bitfinex,BTC/USDT:USDT,118960.0,1.27081776,118950.0,0.1681428,118970.0,1.43439013,118980.0,0.44490173
1753769606675,06:13:26.675,bitfinex,BTC/USDT:USDT,118960.0,1.27081776,118950.0,0.1681428,118970.0,1.43439013,118980.0,0.44490173
1753769606678,06:13:26.678,bitfinex,BTC/USDT:USDT,118960.0,1.27081776,118950.0,0.1681428,118970.0,1.43439013,118980.0,0.44490173
1753769606856,06:13:26.856,bitfinex,BTC/USDT:USDT,118960.0,1.27081776,118950.0,0.1681428,118970.0,1.43439013,118980.0,0.44490173
1753769607067,06:13:27.067,bitfinex,BTC/USDT:USDT,118960.0,1.27081776,118950.0,0.1681428,118970.0,1.43439013,118980.0,0.44490173
1753769607075,06:13:27.075,bitfinex,BTC/USDT:USDT,118960.0,1.27081776,118950.0,0.1681428,118970.0,1.43439013,118980.0,0.44490173
1753769607373,06:13:27.373,bitfinex,BTC/USDT:USDT,118960.0,1.27081776,118950.0,0.24364548,118970.0,1.43439013,118980.0,0.44490173
1753769607571,06:13:27.571,bitfinex,BTC/USDT:USDT,118960.0,1.27081776,118950.0,0.24364548,118970.0,1.43439013,118980.0,0.44490173
1753769607575,06:13:27.575,bitfinex,BTC/USDT:USDT,118960.0,1.27081776,118950.0,0.24364548,118970.0,1.43439013,118980.0,0.44490173
1753769607753,06:13:27.753,bitfinex,BTC/USDT:USDT,118960.0,1.27081776,118950.0,0.24364548,118970.0,1.43439013,118980.0,0.44490173
1753769607754,06:13:27.754,bitfinex,BTC/USDT:USDT,118960.0,1.27081776,118950.0,0.24364548,118970.0,1.43439013,118980.0,0.44490173
1753769607755,06:13:27.755,bitfinex,BTC/USDT:USDT,118960.0,1.27081776,118950.0,0.24364548,118970.0,1.43439013,118980.0,0.44490173
1753769607960,06:13:27.960,bitfinex,BTC/USDT:USDT,118960.0,1.27081776,118950.0,0.24364548,118970.0,1.43439013,118980.0,0.44490173
1753769607963,06:13:27.963,bitfinex,BTC/USDT:USDT,118960.0,1.27081776,118950.0,0.24364548,118970.0,1.43439013,118980.0,0.44490173
1753769608764,06:13:28.764,bitfinex,BTC/USDT:USDT,118960.0,1.27081776,118950.0,0.24364548,118970.0,1.43439013,118980.0,0.44490173
1753769608768,06:13:28.768,bitfinex,BTC/USDT:USDT,118960.0,1.27081776,118950.0,0.24364548,118970.0,1.43439013,118980.0,0.44490173
1753769609061,06:13:29.061,bitfinex,BTC/USDT:USDT,118960.0,1.27081776,118950.0,0.24364548,118970.0,1.43439013,118980.0,0.44490173
1753769609062,06:13:29.062,bitfinex,BTC/USDT:USDT,118960.0,1.27081776,118950.0,0.24364548,118970.0,1.43439013,118980.0,0.44490173
1753769609064,06:13:29.064,bitfinex,BTC/USDT:USDT,118960.0,1.27081776,118950.0,0.24364548,118970.0,1.43439013,118980.0,0.44490173
1753769610457,06:13:30.457,bitfinex,BTC/USDT:USDT,118960.0,1.27081776,118950.0,0.1681428,118970.0,1.43439013,118980.0,0.44490173
1753769610458,06:13:30.458,bitfinex,BTC/USDT:USDT,118960.0,1.27081776,118950.0,0.1681428,118970.0,1.43439013,118980.0,0.44490173
1753769610679,06:13:30.679,bitfinex,BTC/USDT:USDT,118960.0,1.27081776,118950.0,0.1681428,118970.0,1.43439013,118980.0,0.44490173
1753769610687,06:13:30.687,bitfinex,BTC/USDT:USDT,118960.0,1.27081776,118950.0,0.1681428,118970.0,1.43439013,118980.0,0.44490173
1753769610982,06:13:30.982,bitfinex,BTC/USDT:USDT,118960.0,1.27081776,118950.0,0.24364548,118970.0,1.2243864,118980.0,0.234898
1753769610991,06:13:30.991,bitfinex,BTC/USDT:USDT,118960.0,1.27081776,118950.0,0.24364548,118970.0,1.2243864,118980.0,0.234898
1753769611191,06:13:31.191,bitfinex,BTC/USDT:USDT,118960.0,1.27081776,118950.0,0.24364548,118970.0,1.43439013,118980.0,0.44490173
1753769611197,06:13:31.197,bitfinex,BTC/USDT:USDT,118960.0,1.27081776,118950.0,0.24364548,118970.0,1.43439013,118980.0,0.44490173
1753769611372,06:13:31.372,bitfinex,BTC/USDT:USDT,118960.0,1.27081776,118950.0,0.24364548,118970.0,1.2243864,118980.0,0.44490173
1753769611373,06:13:31.373,bitfinex,BTC/USDT:USDT,118960.0,1.27081776,118950.0,0.24364548,118970.0,1.2243864,118980.0,0.44490173
1753769611379,06:13:31.379,bitfinex,BTC/USDT:USDT,118960.0,1.27081776,118950.0,0.24364548,118970.0,1.2243864,118980.0,0.44490173
1753769611564,06:13:31.564,bitfinex,BTC/USDT:USDT,118960.0,1.27081776,118950.0,0.24364548,118970.0,1.2243864,118980.0,0.44490173
1753769611567,06:13:31.567,bitfinex,BTC/USDT:USDT,118960.0,1.27081776,118950.0,0.24364548,118970.0,1.2243864,118980.0,0.44490173
1753769611572,06:13:31.572,bitfinex,BTC/USDT:USDT,118960.0,1.27081776,118950.0,0.24364548,118970.0,1.2243864,118980.0,0.44490173
1753769612728,06:13:32.728,bitfinex,BTC/USDT:USDT,118960.0,1.27081776,118950.0,0.24364548,118970.0,1.2243864,118980.0,0.44490173
1753769612971,06:13:32.971,bitfinex,BTC/USDT:USDT,118960.0,1.27081776,118950.0,0.24364548,118970.0,1.2243864,118980.0,0.44490173
1753769612979,06:13:32.979,bitfinex,BTC/USDT:USDT,118960.0,1.27081776,118950.0,0.24364548,118970.0,1.2243864,118980.0,0.44490173
1753769613570,06:13:33.570,bitfinex,BTC/USDT:USDT,118960.0,1.27081776,118950.0,0.24364548,118970.0,1.2243864,118980.0,0.44490173
1753769613571,06:13:33.571,bitfinex,BTC/USDT:USDT,118960.0,1.27081776,118950.0,0.24364548,118970.0,1.43439013,118980.0,0.44490173
1753769613572,06:13:33.572,bitfinex,BTC/USDT:USDT,118960.0,1.27081776,118950.0,0.24364548,118970.0,1.43439013,118980.0,0.44490173
1753769613867,06:13:33.867,bitfinex,BTC/USDT:USDT,118960.0,1.27081776,118950.0,0.24364548,118970.0,1.43439013,118980.0,0.44490173
1753769613870,06:13:33.870,bitfinex,BTC/USDT:USDT,118960.0,1.27081776,118950.0,0.24364548,118970.0,1.43439013,118980.0,0.44490173
1753769614718,06:13:34.718,bitfinex,BTC/USDT:USDT,118960.0,1.27081776,118950.0,0.24364548,118970.0,1.43439013,118980.0,0.44490173
1753769614752,06:13:34.752,bitfinex,BTC/USDT:USDT,118960.0,0.1681307,118950.0,0.21152978,118970.0,1.43439013,118980.0,0.44490173
1753769614896,06:13:34.896,bitfinex,BTC/USDT:USDT,118950.0,0.33762478,118940.0,0.35761936,118960.0,0.5781307,118970.0,1.15701116
1753769614999,06:13:34.999,bitfinex,BTC/USDT:USDT,118950.0,0.9338421,118940.0,0.32754551,118960.0,1.10813816,118970.0,0.7110681
1753769615014,06:13:35.014,bitfinex,BTC/USDT:USDT,118950.0,0.9338421,118940.0,0.32754551,118960.0,1.10813816,118970.0,0.7110681
1753769615218,06:13:35.218,bitfinex,BTC/USDT:USDT,118950.0,1.14384583,118940.0,0.32754551,118960.0,0.89813443,118970.0,0.7110681
1753769615471,06:13:35.471,bitfinex,BTC/USDT:USDT,118950.0,1.14384583,118940.0,0.32754551,118960.0,0.89813443,118970.0,0.1721281
1753769615672,06:13:35.672,bitfinex,BTC/USDT:USDT,118950.0,1.14384583,118940.0,0.32754551,118960.0,0.89813443,118970.0,0.1721281
1753769615672,06:13:35.672,bitfinex,BTC/USDT:USDT,118950.0,1.14384583,118940.0,0.25204283,118960.0,0.89813443,118970.0,0.1721281
1753769615673,06:13:35.673,bitfinex,BTC/USDT:USDT,118950.0,1.14384583,118940.0,0.25204283,118960.0,0.89813443,118970.0,0.1721281
1753769615972,06:13:35.972,bitfinex,BTC/USDT:USDT,118950.0,1.14384583,118940.0,0.25204283,118960.0,0.89813443,118970.0,0.1721281
1753769615974,06:13:35.974,bitfinex,BTC/USDT:USDT,118950.0,1.14384583,118940.0,0.25204283,118960.0,1.43707443,118970.0,0.1721281
1753769616177,06:13:36.177,bitfinex,BTC/USDT:USDT,118950.0,1.14384583,118940.0,0.25204283,118960.0,1.43707443,118970.0,0.1721281
1753769616179,06:13:36.179,bitfinex,BTC/USDT:USDT,118950.0,1.14384583,118940.0,0.25204283,118960.0,1.43707443,118970.0,0.1721281
1753769616182,06:13:36.182,bitfinex,BTC/USDT:USDT,118950.0,1.14384583,118940.0,0.25204283,118960.0,1.43707443,118970.0,0.1721281
1753769616375,06:13:36.375,bitfinex,BTC/USDT:USDT,118950.0,1.14384583,118940.0,0.25204283,118960.0,1.43707443,118970.0,0.1721281
1753769616381,06:13:36.381,bitfinex,BTC/USDT:USDT,118950.0,1.14384583,118940.0,0.25204283,118960.0,1.43707443,118970.0,0.1721281
1753769616566,06:13:36.566,bitfinex,BTC/USDT:USDT,118950.0,1.14384583,118940.0,0.28994283,118960.0,1.43707443,118970.0,0.1721281
1753769616761,06:13:36.761,bitfinex,BTC/USDT:USDT,118950.0,1.14384583,118940.0,0.28994283,118960.0,1.43707443,118970.0,0.1721281
1753769616762,06:13:36.762,bitfinex,BTC/USDT:USDT,118950.0,1.14384583,118940.0,0.28994283,118960.0,1.43707443,118970.0,0.1721281
1753769616763,06:13:36.763,bitfinex,BTC/USDT:USDT,118950.0,1.14384583,118940.0,0.28994283,118960.0,1.43707443,118970.0,0.1721281
1753769617699,06:13:37.699,bitfinex,BTC/USDT:USDT,118950.0,1.14384583,118940.0,0.28994283,118960.0,1.43707443,118970.0,0.1721281
1753769618071,06:13:38.071,bitfinex,BTC/USDT:USDT,118950.0,1.13392583,118940.0,0.28994283,118960.0,1.43707443,118970.0,0.1721281
1753769618268,06:13:38.268,bitfinex,BTC/USDT:USDT,118950.0,1.13392583,118940.0,0.29986283,118960.0,1.64707816,118970.0,0.1721281
1753769618272,06:13:38.272,bitfinex,BTC/USDT:USDT,118950.0,1.13392583,118940.0,0.29986283,118960.0,1.64707816,118970.0,0.1721281
1753769618673,06:13:38.673,bitfinex,BTC/USDT:USDT,118950.0,1.13392583,118940.0,0.29986283,118960.0,1.64707816,118970.0,0.1721281
1753769618683,06:13:38.683,bitfinex,BTC/USDT:USDT,118950.0,0.9239221,118940.0,0.29986283,118960.0,1.43707443,118970.0,0.1721281
1753769618863,06:13:38.863,bitfinex,BTC/USDT:USDT,118950.0,1.13392583,118940.0,0.29986283,118960.0,1.43707443,118970.0,0.1721281
1753769618864,06:13:38.864,bitfinex,BTC/USDT:USDT,118950.0,1.13392583,118940.0,0.29986283,118960.0,1.43707443,118970.0,0.1721281
1753769618864,06:13:38.864,bitfinex,BTC/USDT:USDT,118950.0,1.13392583,118940.0,0.29986283,118960.0,1.43707443,118970.0,0.1721281
1753769619472,06:13:39.472,bitfinex,BTC/USDT:USDT,118950.0,1.13392583,118940.0,0.29986283,118960.0,1.43707443,118970.0,0.1721281
1753769619473,06:13:39.473,bitfinex,BTC/USDT:USDT,118950.0,1.13392583,118940.0,0.29986283,118960.0,1.43707443,118970.0,0.1721281
1753769619962,06:13:39.962,bitfinex,BTC/USDT:USDT,118950.0,1.13392583,118940.0,0.28994283,118960.0,1.43707443,118970.0,0.1721281
1753769620277,06:13:40.277,bitfinex,BTC/USDT:USDT,118950.0,1.14384583,118940.0,0.28994283,118960.0,1.43707443,118970.0,0.1721281
1753769620278,06:13:40.278,bitfinex,BTC/USDT:USDT,118950.0,1.14384583,118940.0,0.28994283,118960.0,1.43707443,118970.0,0.1721281
1753769620474,06:13:40.474,bitfinex,BTC/USDT:USDT,118950.0,1.14384583,118940.0,0.28994283,118960.0,1.43707443,118970.0,0.1721281
1753769620478,06:13:40.478,bitfinex,BTC/USDT:USDT,118950.0,1.14384583,118940.0,0.28994283,118960.0,1.43707443,118970.0,0.1721281
1753769620773,06:13:40.773,bitfinex,BTC/USDT:USDT,118950.0,1.14384583,118940.0,0.28994283,118960.0,1.43707443,118970.0,0.1721281
1753769620774,06:13:40.774,bitfinex,BTC/USDT:USDT,118950.0,1.14384583,118940.0,0.28994283,118960.0,1.43707443,118970.0,0.1721281
1753769621776,06:13:41.776,bitfinex,BTC/USDT:USDT,118950.0,1.14384583,118940.0,0.28994283,118960.0,1.43707443,118970.0,0.1721281
1753769621778,06:13:41.778,bitfinex,BTC/USDT:USDT,118950.0,1.14384583,118940.0,0.28994283,118960.0,1.43707443,118970.0,0.1721281
1753769622072,06:13:42.072,bitfinex,BTC/USDT:USDT,118950.0,1.14384583,118940.0,0.28994283,118960.0,1.43707443,118970.0,0.1721281
1753769622080,06:13:42.080,bitfinex,BTC/USDT:USDT,118950.0,1.14384583,118940.0,0.28994283,118960.0,1.43707443,118970.0,0.1721281
1753769622806,06:13:42.806,bitfinex,BTC/USDT:USDT,118950.0,1.14384583,118940.0,0.28994283,118960.0,1.43707443,118970.0,0.1721281
1753769622824,06:13:42.824,bitfinex,BTC/USDT:USDT,118950.0,1.14384583,118940.0,0.28994283,118960.0,1.43707443,118970.0,0.1721281
1753769622970,06:13:42.970,bitfinex,BTC/USDT:USDT,118950.0,1.14384583,118940.0,0.36544551,118960.0,1.43707443,118970.0,0.1721281
1753769622971,06:13:42.971,bitfinex,BTC/USDT:USDT,118950.0,1.14384583,118940.0,0.36544551,118960.0,1.43707443,118970.0,0.1721281
1753769622972,06:13:42.972,bitfinex,BTC/USDT:USDT,118950.0,1.14384583,118940.0,0.36544551,118960.0,1.43707443,118970.0,0.1721281
1753769623172,06:13:43.172,bitfinex,BTC/USDT:USDT,118950.0,1.14384583,118940.0,0.36544551,118960.0,1.43707443,118970.0,0.1721281
1753769623174,06:13:43.174,bitfinex,BTC/USDT:USDT,118950.0,1.14384583,118940.0,0.36544551,118960.0,1.43707443,118970.0,0.1721281
1753769623565,06:13:43.565,bitfinex,BTC/USDT:USDT,118950.0,1.14384583,118940.0,0.36544551,118960.0,1.43707443,118970.0,0.1721281
1753769623566,06:13:43.566,bitfinex,BTC/USDT:USDT,118950.0,1.14384583,118940.0,0.36544551,118960.0,1.43707443,118970.0,0.1721281
1753769623566,06:13:43.566,bitfinex,BTC/USDT:USDT,118950.0,1.14384583,118940.0,0.36544551,118960.0,1.43707443,118970.0,0.1721281
1753769623974,06:13:43.974,bitfinex,BTC/USDT:USDT,118950.0,1.14384583,118940.0,0.36544551,118960.0,1.43707443,118970.0,0.1721281
1753769623975,06:13:43.975,bitfinex,BTC/USDT:USDT,118950.0,1.14384583,118940.0,0.36544551,118960.0,1.43707443,118970.0,0.1721281
1753769623976,06:13:43.976,bitfinex,BTC/USDT:USDT,118950.0,1.14384583,118940.0,0.36544551,118960.0,1.43707443,118970.0,0.1721281
1753769624175,06:13:44.175,bitfinex,BTC/USDT:USDT,118950.0,1.14384583,118940.0,0.36544551,118960.0,1.43707443,118970.0,0.1721281
1753769624176,06:13:44.176,bitfinex,BTC/USDT:USDT,118950.0,1.14384583,118940.0,0.36544551,118960.0,1.43707443,118970.0,0.1721281
1753769624374,06:13:44.374,bitfinex,BTC/USDT:USDT,118950.0,1.14384583,118940.0,0.36544551,118960.0,1.43707443,118970.0,0.1721281
1753769624376,06:13:44.376,bitfinex,BTC/USDT:USDT,118950.0,1.14384583,118940.0,0.36544551,118960.0,1.43707443,118970.0,0.1721281
1753769624785,06:13:44.785,bitfinex,BTC/USDT:USDT,118950.0,1.14384583,118940.0,0.36544551,118960.0,1.43707443,118970.0,0.1721281
1753769624786,06:13:44.786,bitfinex,BTC/USDT:USDT,118950.0,1.14384583,118940.0,0.36544551,118960.0,1.43707443,118970.0,0.1721281
1753769626777,06:13:46.777,bitfinex,BTC/USDT:USDT,118950.0,1.14384583,118940.0,0.36544551,118960.0,1.43707443,118970.0,0.1721281
1753769626965,06:13:46.965,bitfinex,BTC/USDT:USDT,118950.0,1.14384583,118940.0,0.36544551,118960.0,1.2270707,118970.0,0.1721281
1753769626966,06:13:46.966,bitfinex,BTC/USDT:USDT,118950.0,1.14384583,118940.0,0.36544551,118960.0,1.2270707,118970.0,0.1721281
1753769627270,06:13:47.270,bitfinex,BTC/USDT:USDT,118950.0,1.14384583,118940.0,0.36544551,118960.0,1.2270707,118970.0,0.1721281
1753769627271,06:13:47.271,bitfinex,BTC/USDT:USDT,118950.0,1.14384583,118940.0,0.36544551,118960.0,1.43707443,118970.0,0.1721281
1753769627272,06:13:47.272,bitfinex,BTC/USDT:USDT,118950.0,1.14384583,118940.0,0.36544551,118960.0,1.43707443,118970.0,0.1721281
1753769627470,06:13:47.470,bitfinex,BTC/USDT:USDT,118950.0,1.14384583,118940.0,0.36544551,118960.0,1.43707443,118970.0,0.1721281
1753769627672,06:13:47.672,bitfinex,BTC/USDT:USDT,118950.0,1.21934851,118940.0,0.36544551,118960.0,1.43707443,118970.0,0.1721281
1753769627677,06:13:47.677,bitfinex,BTC/USDT:USDT,118950.0,1.21934851,118940.0,0.28994283,118960.0,1.43707443,118970.0,0.1721281
1753769627868,06:13:47.868,bitfinex,BTC/USDT:USDT,118950.0,1.21934851,118940.0,0.28994283,118960.0,1.43707443,118970.0,0.1721281
1753769627869,06:13:47.869,bitfinex,BTC/USDT:USDT,118950.0,1.14384583,118940.0,0.36544551,118960.0,1.43707443,118970.0,0.1721281
1753769627869,06:13:47.869,bitfinex,BTC/USDT:USDT,118950.0,1.14384583,118940.0,0.36544551,118960.0,1.43707443,118970.0,0.1721281
1753769628190,06:13:48.190,bitfinex,BTC/USDT:USDT,118950.0,1.14384583,118940.0,0.36544551,118960.0,1.43707443,118970.0,0.1721281
1753769628194,06:13:48.194,bitfinex,BTC/USDT:USDT,118950.0,1.21934851,118940.0,0.28994283,118960.0,1.2270707,118970.0,0.38213183
1753769628205,06:13:48.205,bitfinex,BTC/USDT:USDT,118950.0,1.21934851,118940.0,0.28994283,118960.0,1.2270707,118970.0,0.38213183
1753769628366,06:13:48.366,bitfinex,BTC/USDT:USDT,118950.0,1.21934851,118940.0,0.28994283,118960.0,1.2270707,118970.0,0.38213183
1753769628366,06:13:48.366,bitfinex,BTC/USDT:USDT,118950.0,1.21934851,118940.0,0.28994283,118960.0,1.2270707,118970.0,0.34009963
1753769628367,06:13:48.367,bitfinex,BTC/USDT:USDT,118950.0,1.21934851,118940.0,0.28994283,118960.0,1.2270707,118970.0,0.34009963
1753769628573,06:13:48.573,bitfinex,BTC/USDT:USDT,118950.0,1.21934851,118940.0,0.28994283,118960.0,1.2270707,118970.0,0.34009963
1753769628573,06:13:48.573,bitfinex,BTC/USDT:USDT,118950.0,1.14384583,118940.0,0.28994283,118960.0,1.2270707,118970.0,0.34009963
1753769628574,06:13:48.574,bitfinex,BTC/USDT:USDT,118950.0,1.14384583,118940.0,0.28994283,118960.0,1.2270707,118970.0,0.34009963
1753769628775,06:13:48.775,bitfinex,BTC/USDT:USDT,118950.0,1.14384583,118940.0,0.28994283,118960.0,1.2270707,118970.0,0.34009963
1753769628776,06:13:48.776,bitfinex,BTC/USDT:USDT,118950.0,1.14384583,118940.0,0.28994283,118960.0,1.2270707,118970.0,0.34009963
1753769628777,06:13:48.777,bitfinex,BTC/USDT:USDT,118950.0,1.14384583,118940.0,0.28994283,118960.0,1.2270707,118970.0,0.34009963
1753769628984,06:13:48.984,bitfinex,BTC/USDT:USDT,118950.0,1.14384583,118940.0,0.28994283,118960.0,1.2270707,118970.0,0.34009963
1753769628990,06:13:48.990,bitfinex,BTC/USDT:USDT,118950.0,1.14384583,118940.0,0.28994283,118960.0,1.2270707,118970.0,0.34009963
1753769629183,06:13:49.183,bitfinex,BTC/USDT:USDT,118950.0,1.14384583,118940.0,0.28994283,118960.0,1.2270707,118970.0,0.34009963
1753769629187,06:13:49.187,bitfinex,BTC/USDT:USDT,118950.0,1.14384583,118940.0,0.28994283,118960.0,1.2270707,118970.0,0.34009963
1753769629376,06:13:49.376,bitfinex,BTC/USDT:USDT,118950.0,1.14384583,118940.0,0.28994283,118960.0,1.2270707,118970.0,0.34009963
1753769629377,06:13:49.377,bitfinex,BTC/USDT:USDT,118950.0,1.14384583,118940.0,0.28994283,118960.0,1.2270707,118970.0,0.34009963
1753769629689,06:13:49.689,bitfinex,BTC/USDT:USDT,118950.0,1.14384583,118940.0,0.33198143,118960.0,1.2270707,118970.0,0.34009963
1753769629691,06:13:49.691,bitfinex,BTC/USDT:USDT,118950.0,1.14384583,118940.0,0.33198143,118960.0,1.2270707,118970.0,0.34009963
1753769629705,06:13:49.705,bitfinex,BTC/USDT:USDT,118950.0,1.14384583,118940.0,0.33198143,118960.0,1.2270707,118970.0,0.34009963
1753769629900,06:13:49.900,bitfinex,BTC/USDT:USDT,118950.0,1.14384583,118940.0,0.33198143,118960.0,1.43707443,118970.0,0.34009963
1753769629916,06:13:49.916,bitfinex,BTC/USDT:USDT,118950.0,1.14384583,118940.0,0.33198143,118960.0,1.43707443,118970.0,0.1300959
1753769630791,06:13:50.791,bitfinex,BTC/USDT:USDT,118950.0,1.14384583,118940.0,0.33198143,118960.0,1.43707443,118970.0,0.1300959
1753769630796,06:13:50.796,bitfinex,BTC/USDT:USDT,118950.0,1.14384583,118940.0,0.33198143,118960.0,1.43707443,118970.0,0.1300959
1753769630804,06:13:50.804,bitfinex,BTC/USDT:USDT,118950.0,1.14384583,118940.0,0.33198143,118960.0,1.43707443,118970.0,0.1300959
1753769630977,06:13:50.977,bitfinex,BTC/USDT:USDT,118950.0,1.14384583,118940.0,0.33198143,118960.0,1.43707443,118970.0,0.1721285
1753769630979,06:13:50.979,bitfinex,BTC/USDT:USDT,118950.0,1.14384583,118940.0,0.33198143,118960.0,1.43707443,118970.0,0.1721285
1753769631471,06:13:51.471,bitfinex,BTC/USDT:USDT,118950.0,1.14384583,118940.0,0.33198143,118960.0,1.43707443,118970.0,0.1721285
1753769631773,06:13:51.773,bitfinex,BTC/USDT:USDT,118950.0,1.14384583,118940.0,0.33198143,118960.0,1.43707443,118970.0,0.1721285
1753769631775,06:13:51.775,bitfinex,BTC/USDT:USDT,118950.0,1.14384583,118940.0,0.33198143,118960.0,1.43707443,118970.0,0.1721285
1753769632810,06:13:52.810,bitfinex,BTC/USDT:USDT,118950.0,1.14384583,118940.0,0.33198143,118960.0,1.43707443,118970.0,0.1721285
1753769633059,06:13:53.059,bitfinex,BTC/USDT:USDT,118950.0,1.14384583,118940.0,0.33198143,118960.0,1.43707443,118970.0,0.1721285
1753769633275,06:13:53.275,bitfinex,BTC/USDT:USDT,118950.0,1.14384583,118940.0,0.33198143,118960.0,1.43707443,118970.0,0.1721285
1753769633471,06:13:53.471,bitfinex,BTC/USDT:USDT,118950.0,1.14384583,118940.0,0.33198143,118960.0,1.43707443,118970.0,0.1721285
1753769633471,06:13:53.471,bitfinex,BTC/USDT:USDT,118950.0,1.14384583,118940.0,0.33198143,118960.0,1.43707443,118970.0,0.1721285
1753769633776,06:13:53.776,bitfinex,BTC/USDT:USDT,118950.0,1.14384583,118940.0,0.33198143,118960.0,1.43707443,118970.0,0.1721285
1753769633777,06:13:53.777,bitfinex,BTC/USDT:USDT,118950.0,1.14384583,118940.0,0.33198143,118960.0,1.43707443,118970.0,0.1721285
1753769633973,06:13:53.973,bitfinex,BTC/USDT:USDT,118950.0,1.14384583,118940.0,0.33198143,118960.0,1.43707443,118970.0,0.1721285
1753769633974,06:13:53.974,bitfinex,BTC/USDT:USDT,118950.0,1.14384583,118940.0,0.33198143,118960.0,1.43707443,118970.0,0.1721285
1753769633975,06:13:53.975,bitfinex,BTC/USDT:USDT,118950.0,1.14384583,118940.0,0.33198143,118960.0,1.43707443,118970.0,0.1721285
1753769634387,06:13:54.387,bitfinex,BTC/USDT:USDT,118950.0,1.14384583,118940.0,0.33198143,118960.0,1.43707443,118970.0,0.1721285
1753769634389,06:13:54.389,bitfinex,BTC/USDT:USDT,118950.0,1.14384583,118940.0,0.33198143,118960.0,1.43707443,118970.0,0.1721285
1753769634393,06:13:54.393,bitfinex,BTC/USDT:USDT,118950.0,1.14384583,118940.0,0.33198143,118960.0,1.43707443,118970.0,0.1721285
1753769634676,06:13:54.676,bitfinex,BTC/USDT:USDT,118950.0,1.14384583,118940.0,0.33198143,118960.0,1.43707443,118970.0,0.1300959
1753769634676,06:13:54.676,bitfinex,BTC/USDT:USDT,118950.0,1.14384583,118940.0,0.33198143,118960.0,1.43707443,118970.0,0.1300959
1753769634677,06:13:54.677,bitfinex,BTC/USDT:USDT,118950.0,1.14384583,118940.0,0.33198143,118960.0,1.43707443,118970.0,0.1300959
1753769634883,06:13:54.883,bitfinex,BTC/USDT:USDT,118950.0,1.14384583,118940.0,0.33198143,118960.0,1.43707443,118970.0,0.1300959
1753769634885,06:13:54.885,bitfinex,BTC/USDT:USDT,118950.0,1.14384583,118940.0,0.33198143,118960.0,1.43707443,118970.0,0.1300959
1753769634887,06:13:54.887,bitfinex,BTC/USDT:USDT,118950.0,1.14384583,118940.0,0.33198143,118960.0,1.43707443,118970.0,0.1300959
1753769635072,06:13:55.072,bitfinex,BTC/USDT:USDT,118950.0,1.14384583,118940.0,0.33198143,118960.0,1.43707443,118970.0,0.1300959
1753769635073,06:13:55.073,bitfinex,BTC/USDT:USDT,118950.0,1.14384583,118940.0,0.33198143,118960.0,1.43707443,118970.0,0.1300959
1753769635074,06:13:55.074,bitfinex,BTC/USDT:USDT,118950.0,1.14384583,118940.0,0.33198143,118960.0,1.43707443,118970.0,0.1300959
1753769635332,06:13:55.332,bitfinex,BTC/USDT:USDT,118950.0,1.14384583,118940.0,0.40748411,118960.0,1.43707443,118970.0,0.1300959
1753769635344,06:13:55.344,bitfinex,BTC/USDT:USDT,118950.0,1.14384583,118940.0,0.40748411,118960.0,1.43707443,118970.0,0.1300959
1753769635675,06:13:55.675,bitfinex,BTC/USDT:USDT,118950.0,1.14384583,118940.0,0.40748411,118960.0,1.43707443,118970.0,0.1300959
1753769635675,06:13:55.675,bitfinex,BTC/USDT:USDT,118950.0,1.14384583,118940.0,0.40748411,118960.0,1.43707443,118970.0,0.1300959
1753769635676,06:13:55.676,bitfinex,BTC/USDT:USDT,118950.0,1.14384583,118940.0,0.40748411,118960.0,1.43707443,118970.0,0.1300959
1753769635994,06:13:55.994,bitfinex,BTC/USDT:USDT,118950.0,1.14384583,118940.0,0.40748411,118960.0,1.43707443,118970.0,0.1300959
1753769636283,06:13:56.283,bitfinex,BTC/USDT:USDT,118950.0,1.14384583,118940.0,0.40748411,118960.0,1.05894,118970.0,0.1300959
1753769636292,06:13:56.292,bitfinex,BTC/USDT:USDT,118950.0,1.14384583,118940.0,0.40748411,118960.0,1.05894,118970.0,0.1300959
1753769636597,06:13:56.597,bitfinex,BTC/USDT:USDT,118950.0,1.35384956,118940.0,0.40748411,118960.0,0.86177,118970.0,0.172117
1753769636702,06:13:56.702,bitfinex,BTC/USDT:USDT,118950.0,1.35384956,118940.0,0.40748411,118960.0,0.77546,118970.0,0.3710382
1753769636711,06:13:56.711,bitfinex,BTC/USDT:USDT,118950.0,1.35384956,118940.0,0.40748411,118960.0,0.77546,118970.0,0.3710382
1753769636887,06:13:56.887,bitfinex,BTC/USDT:USDT,118950.0,1.35384956,118940.0,0.40748411,118960.0,0.77546,118970.0,0.3710382
1753769636892,06:13:56.892,bitfinex,BTC/USDT:USDT,118950.0,1.35384956,118940.0,0.40748411,118960.0,0.77546,118970.0,0.3710382
1753769637175,06:13:57.175,bitfinex,BTC/USDT:USDT,118950.0,1.35384956,118940.0,0.40748411,118960.0,0.77546,118970.0,0.3710382
1753769637175,06:13:57.175,bitfinex,BTC/USDT:USDT,118950.0,1.35384956,118940.0,0.40748411,118960.0,0.77546,118970.0,0.3710382
1753769637176,06:13:57.176,bitfinex,BTC/USDT:USDT,118950.0,1.35384956,118940.0,0.40748411,118960.0,0.23652,118970.0,0.3710382
1753769637777,06:13:57.777,bitfinex,BTC/USDT:USDT,118950.0,1.35384956,118940.0,0.40748411,118960.0,0.23652,118970.0,0.3710382
1753769637778,06:13:57.778,bitfinex,BTC/USDT:USDT,118950.0,1.35384956,118940.0,0.40748411,118960.0,0.23652,118970.0,0.3710382
1753769637778,06:13:57.778,bitfinex,BTC/USDT:USDT,118950.0,1.35384956,118940.0,0.40748411,118960.0,0.23652,118970.0,0.3710382
1753769638784,06:13:58.784,bitfinex,BTC/USDT:USDT,118950.0,1.35384956,118940.0,0.40748411,118960.0,0.23652,118970.0,0.3710382
1753769638785,06:13:58.785,bitfinex,BTC/USDT:USDT,118950.0,1.35384956,118940.0,0.40748411,118960.0,0.23652,118970.0,0.3710382
1753769638983,06:13:58.983,bitfinex,BTC/USDT:USDT,118950.0,1.35384956,118940.0,0.40748411,118960.0,0.23652,118970.0,0.3710382
1753769638986,06:13:58.986,bitfinex,BTC/USDT:USDT,118950.0,1.35384956,118940.0,0.40748411,118960.0,0.23652,118970.0,0.3710382
1753769638988,06:13:58.988,bitfinex,BTC/USDT:USDT,118950.0,1.35384956,118940.0,0.40748411,118960.0,0.23652,118970.0,0.3710382
1753769639181,06:13:59.181,bitfinex,BTC/USDT:USDT,118950.0,1.35384956,118940.0,0.40748411,118960.0,0.23652,118970.0,0.3710382
1753769639181,06:13:59.181,bitfinex,BTC/USDT:USDT,118950.0,1.35384956,118940.0,0.40748411,118960.0,0.23652,118970.0,0.3710382
1753769639687,06:13:59.687,bitfinex,BTC/USDT:USDT,118950.0,1.35384956,118940.0,0.40748411,118960.0,0.23652,118970.0,0.3710382
1753769639690,06:13:59.690,bitfinex,BTC/USDT:USDT,118950.0,1.35384956,118940.0,0.40748411,118960.0,0.23652,118970.0,0.3710382
1753769639693,06:13:59.693,bitfinex,BTC/USDT:USDT,118950.0,1.35384956,118940.0,0.40748411,118960.0,0.23652,118970.0,0.3710382
1753769640010,06:14:00.010,bitfinex,BTC/USDT:USDT,118950.0,1.35384956,118940.0,0.40748411,118960.0,0.23652,118970.0,0.4130673
1753769640021,06:14:00.021,bitfinex,BTC/USDT:USDT,118950.0,1.35384956,118940.0,0.40748411,118960.0,0.23652,118970.0,0.4130673
1753769640287,06:14:00.287,bitfinex,BTC/USDT:USDT,118950.0,1.35384956,118940.0,0.40748411,118960.0,0.23652,118970.0,0.4130673
1753769640291,06:14:00.291,bitfinex,BTC/USDT:USDT,118950.0,1.35384956,118940.0,0.40748411,118960.0,0.23652,118970.0,0.62307103
1753769640296,06:14:00.296,bitfinex,BTC/USDT:USDT,118950.0,1.35384956,118940.0,0.40748411,118960.0,0.23652,118970.0,0.62307103
1753769640489,06:14:00.489,bitfinex,BTC/USDT:USDT,118950.0,1.35384956,118940.0,0.40748411,118960.0,0.23652,118970.0,0.66510053
1753769640491,06:14:00.491,bitfinex,BTC/USDT:USDT,118950.0,1.35384956,118940.0,0.40748411,118960.0,0.23652,118970.0,0.66510053
1753769640692,06:14:00.692,bitfinex,BTC/USDT:USDT,118950.0,1.35384956,118940.0,0.40748411,118960.0,0.23652,118970.0,0.62307103
1753769640698,06:14:00.698,bitfinex,BTC/USDT:USDT,118950.0,1.35384956,118940.0,0.40748411,118960.0,0.23652,118970.0,0.62307103
1753769641027,06:14:01.027,bitfinex,BTC/USDT:USDT,118950.0,1.35384956,118940.0,0.40748411,118960.0,0.23652,118970.0,0.62307103
1753769641054,06:14:01.054,bitfinex,BTC/USDT:USDT,118950.0,1.35384956,118940.0,0.40748411,118960.0,0.23652,118970.0,0.62307103
1753769641239,06:14:01.239,bitfinex,BTC/USDT:USDT,118950.0,1.35384956,118940.0,0.40748411,118960.0,0.23652,118970.0,0.58104193
1753769641248,06:14:01.248,bitfinex,BTC/USDT:USDT,118950.0,1.35384956,118940.0,0.40748411,118960.0,0.23652,118970.0,0.58104193
1753769641266,06:14:01.266,bitfinex,BTC/USDT:USDT,118950.0,1.35384956,118940.0,0.40748411,118960.0,0.23652,118970.0,0.58104193
1753769641379,06:14:01.379,bitfinex,BTC/USDT:USDT,118950.0,1.35384956,118940.0,0.40748411,118960.0,0.23652,118970.0,0.58104193
1753769641380,06:14:01.380,bitfinex,BTC/USDT:USDT,118950.0,1.35384956,118940.0,0.40748411,118960.0,0.15549,118970.0,0.1721182
1753769641381,06:14:01.381,bitfinex,BTC/USDT:USDT,118950.0,1.35384956,118940.0,0.40748411,118960.0,0.15549,118970.0,0.1721182
1753769641581,06:14:01.581,bitfinex,BTC/USDT:USDT,118950.0,1.35384956,118940.0,0.40748411,118960.0,0.15549,118970.0,0.3710382
1753769641582,06:14:01.582,bitfinex,BTC/USDT:USDT,118950.0,1.35384956,118940.0,0.40748411,118960.0,0.15549,118970.0,0.3710382
1753769641886,06:14:01.886,bitfinex,BTC/USDT:USDT,118950.0,1.35384956,118940.0,0.40748411,118960.0,0.15549,118970.0,0.3710382
1753769641890,06:14:01.890,bitfinex,BTC/USDT:USDT,118950.0,1.35384956,118940.0,0.40748411,118960.0,0.15549,118970.0,0.3710382
1753769642105,06:14:02.105,bitfinex,BTC/USDT:USDT,118950.0,1.35384956,118940.0,0.40748411,118960.0,0.15549,118970.0,0.4130673
1753769642116,06:14:02.116,bitfinex,BTC/USDT:USDT,118950.0,1.35384956,118940.0,0.40748411,118960.0,0.15549,118970.0,0.4130673
1753769642681,06:14:02.681,bitfinex,BTC/USDT:USDT,118950.0,1.35384956,118940.0,0.40748411,118960.0,0.15549,118970.0,0.4130673
1753769642982,06:14:02.982,bitfinex,BTC/USDT:USDT,118950.0,1.35384956,118940.0,0.40748411,118960.0,0.15549,118970.0,0.4130673
1753769642984,06:14:02.984,bitfinex,BTC/USDT:USDT,118950.0,1.35384956,118940.0,0.40748411,118960.0,0.15549,118970.0,0.4130673
1753769642985,06:14:02.985,bitfinex,BTC/USDT:USDT,118950.0,1.35384956,118940.0,0.40748411,118960.0,0.15549,118970.0,0.4130673
1753769643207,06:14:03.207,bitfinex,BTC/USDT:USDT,118950.0,1.35384956,118940.0,0.40748411,118960.0,0.15549,118970.0,0.4130673
1753769643489,06:14:03.489,bitfinex,BTC/USDT:USDT,118950.0,1.35384956,118940.0,0.40748411,118960.0,0.15549,118970.0,0.4130673
1753769643497,06:14:03.497,bitfinex,BTC/USDT:USDT,118950.0,1.35384956,118940.0,0.40748411,118960.0,0.15549,118970.0,0.4130673
1753769643699,06:14:03.699,bitfinex,BTC/USDT:USDT,118950.0,1.35384956,118940.0,0.40748411,118960.0,0.15549,118970.0,0.4130673
1753769643701,06:14:03.701,bitfinex,BTC/USDT:USDT,118950.0,1.35384956,118940.0,0.40748411,118960.0,0.15549,118970.0,0.4130673
1753769643883,06:14:03.883,bitfinex,BTC/USDT:USDT,118950.0,1.35384956,118940.0,0.40748411,118960.0,0.15549,118970.0,0.4130673
1753769643886,06:14:03.886,bitfinex,BTC/USDT:USDT,118950.0,1.35384956,118940.0,0.40748411,118960.0,0.15549,118970.0,0.4130673
1753769644085,06:14:04.085,bitfinex,BTC/USDT:USDT,118950.0,1.35384956,118940.0,0.40748411,118960.0,0.15549,118970.0,0.4130673
1753769644312,06:14:04.312,bitfinex,BTC/USDT:USDT,118950.0,1.35384956,118940.0,0.40748411,118960.0,0.15549,118970.0,0.4130673
1753769644312,06:14:04.312,bitfinex,BTC/USDT:USDT,118950.0,1.35384956,118940.0,0.40748411,118960.0,0.15549,118970.0,0.4130673
1753769644797,06:14:04.797,bitfinex,BTC/USDT:USDT,118950.0,1.35384956,118940.0,0.40748411,118960.0,0.15549,118970.0,0.4130673
1753769644798,06:14:04.798,bitfinex,BTC/USDT:USDT,118950.0,1.35384956,118940.0,0.40748411,118960.0,0.15549,118970.0,0.62307103
1753769644798,06:14:04.798,bitfinex,BTC/USDT:USDT,118950.0,1.35384956,118940.0,0.40748411,118960.0,0.15549,118970.0,0.62307103
1753769644980,06:14:04.980,bitfinex,BTC/USDT:USDT,118950.0,1.35384956,118940.0,0.40748411,118960.0,0.15549,118970.0,0.62307103
1753769644981,06:14:04.981,bitfinex,BTC/USDT:USDT,118950.0,1.35384956,118940.0,0.40748411,118960.0,0.15549,118970.0,0.62307103
1753769644986,06:14:04.986,bitfinex,BTC/USDT:USDT,118950.0,1.35384956,118940.0,0.40748411,118960.0,0.15549,118970.0,0.62307103
1753769644987,06:14:04.987,bitfinex,BTC/USDT:USDT,118950.0,1.35384956,118940.0,0.40748411,118960.0,0.15549,118970.0,0.62307103
1753769644987,06:14:04.987,bitfinex,BTC/USDT:USDT,118950.0,1.35384956,118940.0,0.40748411,118960.0,0.15549,118970.0,0.62307103
1753769645188,06:14:05.188,bitfinex,BTC/USDT:USDT,118950.0,1.35384956,118940.0,0.40748411,118960.0,0.15549,118970.0,0.62307103
1753769645190,06:14:05.190,bitfinex,BTC/USDT:USDT,118950.0,1.35384956,118940.0,0.40748411,118960.0,0.15549,118970.0,0.62307103
1753769645403,06:14:05.403,bitfinex,BTC/USDT:USDT,118950.0,1.35384956,118940.0,0.40748411,118960.0,0.15549,118970.0,0.62307103
1753769645404,06:14:05.404,bitfinex,BTC/USDT:USDT,118950.0,1.35384956,118940.0,0.40748411,118960.0,0.15549,118970.0,0.62307103
1753769645406,06:14:05.406,bitfinex,BTC/USDT:USDT,118950.0,1.35384956,118940.0,0.40748411,118960.0,0.15549,118970.0,0.62307103
1753769645583,06:14:05.583,bitfinex,BTC/USDT:USDT,118950.0,1.35384956,118940.0,0.40748411,118960.0,0.15549,118970.0,0.4130673
1753769645583,06:14:05.583,bitfinex,BTC/USDT:USDT,118950.0,1.35384956,118940.0,0.40748411,118960.0,0.15549,118970.0,0.4130673
1753769645584,06:14:05.584,bitfinex,BTC/USDT:USDT,118950.0,1.35384956,118940.0,0.40748411,118960.0,0.15549,118970.0,0.4130673
1753769645819,06:14:05.819,bitfinex,BTC/USDT:USDT,118950.0,1.35384956,118940.0,0.40748411,118960.0,0.15549,118970.0,0.58104193
1753769646085,06:14:06.085,bitfinex,BTC/USDT:USDT,118950.0,1.35384956,118940.0,0.40748411,118960.0,0.15549,118970.0,0.58104193
1753769646088,06:14:06.088,bitfinex,BTC/USDT:USDT,118950.0,1.35384956,118940.0,0.40748411,118960.0,0.15549,118970.0,0.58104193
1753769646089,06:14:06.089,bitfinex,BTC/USDT:USDT,118950.0,1.35384956,118940.0,0.40748411,118960.0,0.15549,118970.0,0.58104193
1753769646491,06:14:06.491,bitfinex,BTC/USDT:USDT,118950.0,1.35384956,118940.0,0.40748411,118960.0,0.15549,118970.0,0.3710382
1753769646688,06:14:06.688,bitfinex,BTC/USDT:USDT,118950.0,1.35384956,118940.0,0.40748411,118960.0,0.15549,118970.0,0.58104193
1753769647024,06:14:07.024,bitfinex,BTC/USDT:USDT,118950.0,1.35384956,118940.0,0.40748411,118960.0,0.15549,118970.0,0.58104193
1753769647038,06:14:07.038,bitfinex,BTC/USDT:USDT,118950.0,1.35384956,118940.0,0.40748411,118960.0,0.15549,118970.0,0.58104193
1753769647191,06:14:07.191,bitfinex,BTC/USDT:USDT,118950.0,1.35384956,118940.0,0.40748411,118960.0,0.15549,118970.0,0.58104193
1753769647193,06:14:07.193,bitfinex,BTC/USDT:USDT,118950.0,1.35384956,118940.0,0.40748411,118960.0,0.15549,118970.0,0.58104193
1753769647519,06:14:07.519,bitfinex,BTC/USDT:USDT,118950.0,1.35384956,118940.0,0.40748411,118960.0,0.15549,118970.0,0.58104193
1753769647537,06:14:07.537,bitfinex,BTC/USDT:USDT,118950.0,1.35384956,118940.0,0.40748411,118960.0,0.15549,118970.0,0.58104193
1753769647899,06:14:07.899,bitfinex,BTC/USDT:USDT,118950.0,1.35384956,118940.0,0.40748411,118960.0,0.15549,118970.0,0.58104193
1753769648092,06:14:08.092,bitfinex,BTC/USDT:USDT,118950.0,1.35384956,118940.0,0.40748411,118960.0,0.15549,118970.0,0.3710382
1753769648094,06:14:08.094,bitfinex,BTC/USDT:USDT,118950.0,1.35384956,118940.0,0.40748411,118960.0,0.15549,118970.0,0.3710382
1753769648396,06:14:08.396,bitfinex,BTC/USDT:USDT,118950.0,1.35384956,118940.0,0.40748411,118960.0,0.15549,118970.0,0.3710382
1753769648400,06:14:08.400,bitfinex,BTC/USDT:USDT,118950.0,1.35384956,118940.0,0.40748411,118960.0,0.15549,118970.0,0.3710382
1753769648987,06:14:08.987,bitfinex,BTC/USDT:USDT,118950.0,1.35384956,118940.0,0.40748411,118960.0,0.15549,118970.0,0.3710382
1753769648988,06:14:08.988,bitfinex,BTC/USDT:USDT,118950.0,1.35384956,118940.0,0.40748411,118960.0,0.15549,118970.0,0.3710382
1753769648988,06:14:08.988,bitfinex,BTC/USDT:USDT,118950.0,1.35384956,118940.0,0.40748411,118960.0,0.15549,118970.0,0.3710382
1753769649201,06:14:09.201,bitfinex,BTC/USDT:USDT,118950.0,1.35384956,118940.0,0.40748411,118960.0,0.15549,118970.0,0.4130681
1753769649201,06:14:09.201,bitfinex,BTC/USDT:USDT,118950.0,1.35384956,118940.0,0.40748411,118960.0,0.15549,118970.0,0.4130681
1753769649786,06:14:09.786,bitfinex,BTC/USDT:USDT,118950.0,1.35384956,118940.0,0.40748411,118960.0,0.15549,118970.0,0.62307183
1753769649786,06:14:09.786,bitfinex,BTC/USDT:USDT,118950.0,1.35384956,118940.0,0.40748411,118960.0,0.15549,118970.0,0.62307183
