timestamp,time,exchange,symbol,bid1_price,bid1_volume,bid2_price,bid2_volume,ask1_price,ask1_volume,ask2_price,ask2_volume
1753769518220,06:11:58.220,ascendex,BTC/USDT:USDT,118788.8,11.12325,118788.7,1.41525,118789.1,10.07745,118789.2,1.8423
1753769518561,06:11:58.561,ascendex,BTC/USDT:USDT,118788.8,10.76265,118788.7,1.6431,118789.1,12.04005,118789.2,3.48015
1753769518919,06:11:58.919,ascendex,BTC/USDT:USDT,118788.8,10.37745,118788.7,1.6431,118789.1,12.29385,118789.2,1.63785
1753769519240,06:11:59.240,ascendex,BTC/USDT:USDT,118788.8,11.01345,118788.7,3.22485,118789.1,13.18035,118789.2,1.63785
1753769519553,06:11:59.553,ascendex,BTC/USDT:USDT,118788.8,12.945,118788.7,3.22485,118789.1,17.44365,118789.2,1.63785
1753769519846,06:11:59.846,ascendex,BTC/USDT:USDT,118788.8,14.2374,118788.7,3.22485,118789.1,18.83265,118789.2,3.0702
1753769520171,06:12:00.171,ascendex,BTC/USDT:USDT,118788.8,17.7735,118788.7,3.22485,118789.1,22.5507,118789.2,3.0702
1753769520453,06:12:00.453,ascendex,BTC/USDT:USDT,118788.8,19.84425,118788.7,3.22485,118789.1,24.26895,118789.2,3.0702
1753769520798,06:12:00.798,ascendex,BTC/USDT:USDT,118788.8,21.9282,118788.7,3.22485,118789.1,26.29815,118789.2,3.0702
1753769521119,06:12:01.119,ascendex,BTC/USDT:USDT,118788.8,21.80385,118788.7,3.22485,118789.1,25.7007,118789.2,3.0702
1753769521462,06:12:01.462,ascendex,BTC/USDT:USDT,118788.8,21.84495,118788.7,3.22485,118789.1,26.05635,118789.2,3.0702
1753769521737,06:12:01.737,ascendex,BTC/USDT:USDT,118788.8,21.76305,118788.7,3.26115,118789.1,25.74585,118789.2,3.0702
1753769522076,06:12:02.076,ascendex,BTC/USDT:USDT,118788.8,21.88065,118788.7,3.26115,118789.1,26.36085,118789.2,3.0702
1753769522406,06:12:02.406,ascendex,BTC/USDT:USDT,118788.8,21.88065,118788.7,3.26115,118789.1,29.66535,118789.2,3.0702
1753769522676,06:12:02.676,ascendex,BTC/USDT:USDT,118788.8,23.82495,118788.7,3.26115,118789.1,28.15305,118789.2,3.0702
1753769523028,06:12:03.028,ascendex,BTC/USDT:USDT,118788.8,23.3262,118788.7,3.26115,118789.1,28.4265,118789.2,3.0702
1753769523286,06:12:03.286,ascendex,BTC/USDT:USDT,118788.8,23.34045,118788.7,3.26115,118789.1,28.0938,118789.2,2.85555
1753769523660,06:12:03.660,ascendex,BTC/USDT:USDT,118788.8,23.50305,118788.7,1.6794,118789.1,28.27935,118789.2,2.85555
1753769523890,06:12:03.890,ascendex,BTC/USDT:USDT,118788.8,23.4348,118788.7,3.1647,118789.1,27.7686,118789.2,2.85555
1753769524230,06:12:04.230,ascendex,BTC/USDT:USDT,118788.8,23.40225,118788.7,3.1647,118789.1,28.16535,118789.2,2.85555
1753769524505,06:12:04.505,ascendex,BTC/USDT:USDT,118788.8,23.33415,118788.7,3.1647,118789.1,28.1469,118789.2,2.85555
1753769524911,06:12:04.911,ascendex,BTC/USDT:USDT,118788.8,23.9304,118788.7,3.1647,118789.1,26.36085,118789.2,2.85555
1753769525162,06:12:05.162,ascendex,BTC/USDT:USDT,118788.8,23.70255,118788.7,3.1647,118789.1,28.12845,118789.2,2.85555
1753769525533,06:12:05.533,ascendex,BTC/USDT:USDT,118788.8,23.27235,118788.7,3.1647,118789.1,28.01895,118789.2,1.4232
1753769525849,06:12:05.849,ascendex,BTC/USDT:USDT,118788.8,23.9751,118788.7,3.1647,118789.1,27.8955,118789.2,2.69685
1753769526139,06:12:06.139,ascendex,BTC/USDT:USDT,118788.8,23.78835,118788.7,3.1647,118789.1,28.3686,118789.2,2.69685
1753769526452,06:12:06.452,ascendex,BTC/USDT:USDT,118788.8,23.9583,118788.7,3.1647,118789.1,28.41,118789.2,2.69685
1753769526754,06:12:06.754,ascendex,BTC/USDT:USDT,118788.8,21.88065,118788.7,1.4853,118789.1,28.11795,118789.2,2.76135
1753769527067,06:12:07.067,ascendex,BTC/USDT:USDT,118788.8,24.09045,118788.7,1.4853,118789.1,28.5207,118789.2,2.76135
1753769527411,06:12:07.411,ascendex,BTC/USDT:USDT,118788.8,24.12405,118788.7,1.4853,118789.1,28.2741,118789.2,2.76135
1753769527763,06:12:07.763,ascendex,BTC/USDT:USDT,118788.8,25.0692,118788.7,1.4853,118789.1,28.5336,118789.2,2.76135
1753769528011,06:12:08.011,ascendex,BTC/USDT:USDT,118788.8,23.26155,118788.7,1.4853,118789.1,28.4238,118789.2,2.76135
1753769528361,06:12:08.361,ascendex,BTC/USDT:USDT,118788.8,21.88065,118788.6,3.73845,118789.1,28.4787,118789.2,2.76135
1753769528632,06:12:08.632,ascendex,BTC/USDT:USDT,118788.8,24.9384,118788.6,3.27525,118789.1,29.7,118789.2,2.76135
1753769528970,06:12:08.970,ascendex,BTC/USDT:USDT,118788.8,25.3992,118788.6,3.27525,118789.1,29.4414,118789.2,2.76135
1753769529584,06:12:09.584,ascendex,BTC/USDT:USDT,118788.8,24.7866,118788.6,3.27525,118789.1,29.5986,118789.2,3.4674
1753769529934,06:12:09.934,ascendex,BTC/USDT:USDT,118788.8,24.9798,118788.6,3.27525,118789.1,29.6892,118789.2,3.4674
1753769530262,06:12:10.262,ascendex,BTC/USDT:USDT,118788.8,25.30485,118788.6,3.27525,118789.1,29.79915,118789.2,3.4674
1753769530581,06:12:10.581,ascendex,BTC/USDT:USDT,118788.8,26.60475,118788.6,3.27525,118789.1,30.1374,118789.2,1.9797
1753769530914,06:12:10.914,ascendex,BTC/USDT:USDT,118788.8,26.57385,118788.6,3.27525,118789.6,12.98595,118800.6,1.7691
1753769531223,06:12:11.223,ascendex,BTC/USDT:USDT,118805.9,2.15715,118805.8,3.207,118806.2,3.97575,118806.3,2.874
1753769531543,06:12:11.543,ascendex,BTC/USDT:USDT,118805.9,1.4772,118805.8,3.207,118806.2,1.884,118806.3,2.874
1753769531839,06:12:11.839,ascendex,BTC/USDT:USDT,118805.9,1.69425,118805.8,3.207,118806.2,1.76625,118806.3,2.874
1753769532095,06:12:12.095,ascendex,BTC/USDT:USDT,118805.9,1.8666,118805.8,3.207,118806.2,1.413,118806.3,2.874
1753769532467,06:12:12.467,ascendex,BTC/USDT:USDT,118805.9,1.4343,118805.8,3.207,118806.2,1.53975,118806.3,2.874
1753769533395,06:12:13.395,ascendex,BTC/USDT:USDT,118805.9,2.06325,118805.8,3.207,118806.2,1.4526,118806.3,2.874
1753769533728,06:12:13.728,ascendex,BTC/USDT:USDT,118805.9,1.4046,118805.8,3.207,118806.2,1.4298,118806.3,2.874
1753769534067,06:12:14.067,ascendex,BTC/USDT:USDT,118805.9,1.8399,118805.8,3.207,118806.2,2.1117,118806.3,2.874
1753769534340,06:12:14.340,ascendex,BTC/USDT:USDT,118805.9,2.92065,118805.8,3.207,118806.2,3.4209,118806.3,2.874
1753769534682,06:12:14.682,ascendex,BTC/USDT:USDT,118805.9,3.32475,118805.8,1.6536,118806.2,3.4422,118806.3,2.874
1753769535009,06:12:15.009,ascendex,BTC/USDT:USDT,118805.9,3.40215,118805.8,3.4953,118806.2,3.44355,118806.3,2.9406
1753769535317,06:12:15.317,ascendex,BTC/USDT:USDT,118805.9,3.5616,118805.8,3.4953,118806.2,3.25845,118806.3,2.9406
1753769535643,06:12:15.643,ascendex,BTC/USDT:USDT,118805.9,2.9739,118805.8,3.3228,118806.2,3.6159,118806.3,2.9406
1753769535968,06:12:15.968,ascendex,BTC/USDT:USDT,118805.9,3.5592,118805.8,3.3228,118806.2,1.54695,118806.3,2.9406
1753769536226,06:12:16.226,ascendex,BTC/USDT:USDT,118805.9,3.06375,118805.8,3.3228,118806.2,3.03735,118806.3,2.9406
1753769536586,06:12:16.586,ascendex,BTC/USDT:USDT,118805.9,3.24975,118805.8,3.3228,118806.2,2.9574,118806.3,3.16485
1753769536852,06:12:16.852,ascendex,BTC/USDT:USDT,118805.9,3.2538,118805.8,3.3228,118806.2,3.42375,118806.3,3.16485
1753769537197,06:12:17.197,ascendex,BTC/USDT:USDT,118805.9,3.07455,118805.8,3.3228,118806.2,2.96145,118806.3,3.16485
1753769537529,06:12:17.529,ascendex,BTC/USDT:USDT,118805.9,3.34545,118805.8,3.3228,118806.2,3.53565,118806.3,3.16485
1753769537811,06:12:17.811,ascendex,BTC/USDT:USDT,118822.9,1.77795,118822.8,1.44075,118823.3,3.0282,118823.4,2.67885
1753769538138,06:12:18.138,ascendex,BTC/USDT:USDT,118824.8,1.9395,118824.7,2.1048,118825.1,1.72755,118825.2,3.47325
1753769538452,06:12:18.452,ascendex,BTC/USDT:USDT,118824.8,1.96635,118824.7,2.1048,118825.1,1.7088,118825.2,3.47325
1753769538746,06:12:18.746,ascendex,BTC/USDT:USDT,118824.8,1.3401,118824.7,2.1048,118825.1,1.4463,118825.2,3.47325
1753769539072,06:12:19.072,ascendex,BTC/USDT:USDT,118824.8,3.9669,118824.7,2.1048,118825.1,3.5031,118825.2,3.47325
1753769539414,06:12:19.414,ascendex,BTC/USDT:USDT,118824.8,5.3286,118824.7,2.1048,118825.1,5.22195,118825.2,3.47325
1753769539760,06:12:19.760,ascendex,BTC/USDT:USDT,118824.8,5.37255,118824.7,2.1048,118825.1,5.3004,118825.2,3.47325
1753769540070,06:12:20.070,ascendex,BTC/USDT:USDT,118824.8,5.4972,118824.7,2.1048,118825.1,4.96785,118825.2,3.47325
1753769540370,06:12:20.370,ascendex,BTC/USDT:USDT,118824.8,5.66085,118824.7,2.1048,118825.1,6.6057,118825.2,3.47325
1753769540695,06:12:20.695,ascendex,BTC/USDT:USDT,118824.8,5.7078,118824.7,2.1048,118825.1,5.15205,118825.2,3.47325
1753769540990,06:12:20.990,ascendex,BTC/USDT:USDT,118824.8,5.37855,118824.7,2.1048,118825.1,5.0769,118825.2,3.47325
1753769541316,06:12:21.316,ascendex,BTC/USDT:USDT,118824.8,9.1263,118824.7,2.1048,118825.1,8.59575,118825.2,3.47325
1753769541645,06:12:21.645,ascendex,BTC/USDT:USDT,118824.8,9.3888,118824.7,2.1048,118825.1,8.22945,118825.2,2.87625
1753769541915,06:12:21.915,ascendex,BTC/USDT:USDT,118824.8,9.0267,118824.7,1.74165,118825.1,8.5464,118825.2,2.87625
1753769542231,06:12:22.231,ascendex,BTC/USDT:USDT,118824.8,7.545,118824.5,1.99455,118824.9,1.70595,118825.0,1.44885
1753769542536,06:12:22.536,ascendex,BTC/USDT:USDT,118823.9,1.70955,118823.8,3.27915,118824.2,4.03215,118824.3,3.39885
1753769542861,06:12:22.861,ascendex,BTC/USDT:USDT,118823.9,3.84735,118823.8,3.27915,118824.2,3.41475,118824.3,3.39885
1753769543203,06:12:23.203,ascendex,BTC/USDT:USDT,118823.9,4.13565,118823.8,3.27915,118824.2,3.98865,118824.3,3.39885
1753769543444,06:12:23.444,ascendex,BTC/USDT:USDT,118823.9,5.2521,118823.8,3.27915,118824.2,5.95185,118824.3,3.39885
1753769543805,06:12:23.805,ascendex,BTC/USDT:USDT,118823.9,6.97635,118823.8,3.27915,118824.2,7.32255,118824.3,3.39885
1753769544161,06:12:24.161,ascendex,BTC/USDT:USDT,118823.9,7.34415,118823.8,3.27915,118824.2,7.8207,118824.3,3.39885
1753769544493,06:12:24.493,ascendex,BTC/USDT:USDT,118823.9,7.29075,118823.8,3.27915,118824.2,7.76325,118824.3,3.39885
1753769544775,06:12:24.775,ascendex,BTC/USDT:USDT,118823.9,7.16385,118823.8,3.27915,118824.2,7.2885,118824.3,3.39885
1753769545080,06:12:25.080,ascendex,BTC/USDT:USDT,118823.9,7.46025,118823.8,3.27915,118824.2,7.94265,118824.3,3.39885
1753769545425,06:12:25.425,ascendex,BTC/USDT:USDT,118823.9,6.83565,118823.8,3.27915,118824.2,7.27515,118824.3,3.39885
1753769545705,06:12:25.705,ascendex,BTC/USDT:USDT,118823.9,7.19715,118823.8,3.97605,118824.2,7.4055,118824.3,3.39885
1753769546370,06:12:26.370,ascendex,BTC/USDT:USDT,118823.9,7.06665,118823.8,3.90225,118824.2,7.722,118824.3,3.345
1753769546667,06:12:26.667,ascendex,BTC/USDT:USDT,118823.9,6.94155,118823.8,3.90225,118824.2,7.7397,118824.3,3.345
1753769546952,06:12:26.952,ascendex,BTC/USDT:USDT,118823.9,6.71085,118823.8,3.90225,118824.2,8.01315,118824.3,3.345
1753769547263,06:12:27.263,ascendex,BTC/USDT:USDT,118823.9,7.24035,118823.8,3.90225,118824.2,9.0447,118824.3,2.87385
1753769547628,06:12:27.628,ascendex,BTC/USDT:USDT,118823.9,8.7735,118823.8,3.90225,118824.2,9.49395,118824.3,2.87385
1753769547875,06:12:27.875,ascendex,BTC/USDT:USDT,118823.9,9.50745,118823.8,3.90225,118824.2,9.80265,118824.3,2.87385
1753769548238,06:12:28.238,ascendex,BTC/USDT:USDT,118823.9,8.6607,118823.8,3.90225,118824.2,9.3174,118824.3,2.87385
1753769548566,06:12:28.566,ascendex,BTC/USDT:USDT,118823.9,8.75655,118823.8,3.90225,118824.2,9.3921,118824.3,2.87385
1753769548894,06:12:28.894,ascendex,BTC/USDT:USDT,118823.9,8.62605,118823.8,3.90225,118824.2,9.08685,118824.3,2.87385
1753769549154,06:12:29.154,ascendex,BTC/USDT:USDT,118823.9,9.25305,118823.8,3.90225,118824.2,9.19305,118824.3,2.87385
1753769549520,06:12:29.520,ascendex,BTC/USDT:USDT,118812.2,2.07975,118812.1,1.91985,118813.1,1.53795,118813.2,1.335
1753769549816,06:12:29.816,ascendex,BTC/USDT:USDT,118812.2,1.9629,118812.1,3.9378,118812.6,3.5634,118812.7,3.10965
1753769550122,06:12:30.122,ascendex,BTC/USDT:USDT,118812.2,1.88445,118812.1,3.9378,118812.6,3.5634,118812.7,3.10965
1753769550478,06:12:30.478,ascendex,BTC/USDT:USDT,118812.2,1.6338,118812.1,3.9378,118812.6,3.5634,118812.7,3.10965
1753769550738,06:12:30.738,ascendex,BTC/USDT:USDT,118812.2,1.47375,118812.1,3.9378,118812.6,3.5634,118812.7,3.10965
1753769551102,06:12:31.102,ascendex,BTC/USDT:USDT,118812.2,2.2623,118812.1,3.9378,118812.6,3.5634,118812.7,3.10965
1753769551428,06:12:31.428,ascendex,BTC/USDT:USDT,118814.4,1.6452,118814.3,1.62285,118815.3,4.35375,118815.4,3.6984
1753769551757,06:12:31.757,ascendex,BTC/USDT:USDT,118820.8,1.6311,118820.7,1.29915,118821.3,1.51815,118821.4,3.38445
1753769552070,06:12:32.070,ascendex,BTC/USDT:USDT,118822.6,1.431,118822.5,1.27515,118822.9,1.55235,118823.0,3.63285
1753769552384,06:12:32.384,ascendex,BTC/USDT:USDT,118822.6,1.61025,118822.5,1.27515,118822.9,1.95645,118823.0,3.63285
1753769552646,06:12:32.646,ascendex,BTC/USDT:USDT,118822.6,1.45275,118822.5,1.27515,118822.9,2.16,118823.0,3.63285
1753769552970,06:12:32.970,ascendex,BTC/USDT:USDT,118822.6,1.58085,118822.5,1.27515,118822.9,1.55115,118823.0,3.63285
1753769553326,06:12:33.326,ascendex,BTC/USDT:USDT,118822.6,1.9659,118822.5,1.27515,118822.9,1.8444,118823.0,3.63285
1753769553584,06:12:33.584,ascendex,BTC/USDT:USDT,118822.6,2.04555,118822.5,1.27515,118822.9,1.5141,118823.0,3.63285
1753769553943,06:12:33.943,ascendex,BTC/USDT:USDT,118822.6,1.8693,118822.5,1.27515,118822.9,2.1081,118823.0,3.63285
1753769554263,06:12:34.263,ascendex,BTC/USDT:USDT,118822.6,1.48005,118822.5,1.27515,118822.9,1.39875,118823.0,3.63285
1753769554552,06:12:34.552,ascendex,BTC/USDT:USDT,118822.6,1.62585,118822.5,1.27515,118822.9,1.6683,118823.0,3.63285
1753769554812,06:12:34.812,ascendex,BTC/USDT:USDT,118822.6,2.0433,118822.5,1.27515,118822.9,2.0628,118823.0,3.63285
1753769555218,06:12:35.218,ascendex,BTC/USDT:USDT,118822.6,3.77505,118822.5,1.27515,118822.9,3.7617,118823.0,3.63285
1753769555496,06:12:35.496,ascendex,BTC/USDT:USDT,118822.6,3.8637,118822.5,1.27515,118822.9,3.80415,118823.0,3.18855
1753769555832,06:12:35.832,ascendex,BTC/USDT:USDT,118822.6,4.04445,118822.5,1.27515,118822.9,3.86535,118823.0,3.18855
1753769556175,06:12:36.175,ascendex,BTC/USDT:USDT,118822.6,3.9318,118822.5,1.27515,118822.9,4.7943,118823.0,3.1095
1753769556441,06:12:36.441,ascendex,BTC/USDT:USDT,118822.6,3.9861,118822.5,3.19035,118822.9,5.0772,118823.0,3.1095
1753769556802,06:12:36.802,ascendex,BTC/USDT:USDT,118822.6,3.7836,118822.5,3.19035,118822.9,5.00625,118823.0,3.1095
1753769557059,06:12:37.059,ascendex,BTC/USDT:USDT,118822.6,3.87915,118822.5,3.19035,118822.9,4.7886,118823.0,3.1095
1753769557666,06:12:37.666,ascendex,BTC/USDT:USDT,118822.6,3.90195,118822.5,3.19035,118822.9,4.76175,118823.0,3.1095
1753769558071,06:12:38.071,ascendex,BTC/USDT:USDT,118822.6,3.85425,118822.5,3.19035,118822.9,5.36265,118823.0,3.1095
1753769558318,06:12:38.318,ascendex,BTC/USDT:USDT,118822.6,3.78345,118822.5,3.19035,118822.9,5.0211,118823.0,3.1095
1753769558712,06:12:38.712,ascendex,BTC/USDT:USDT,118822.6,4.3218,118822.5,3.19035,118822.9,5.36985,118823.0,3.1095
1753769558976,06:12:38.976,ascendex,BTC/USDT:USDT,118822.6,5.93475,118822.5,3.19035,118822.9,6.47385,118823.0,3.38595
1753769559311,06:12:39.311,ascendex,BTC/USDT:USDT,118822.6,5.823,118822.5,3.19035,118822.9,6.65475,118823.0,3.38595
1753769559639,06:12:39.639,ascendex,BTC/USDT:USDT,118822.6,5.20005,118822.5,3.19035,118822.9,6.9657,118823.0,3.38595
1753769559903,06:12:39.903,ascendex,BTC/USDT:USDT,118822.6,6.70125,118822.5,3.19035,118822.9,9.1374,118823.0,3.38595
1753769560264,06:12:40.264,ascendex,BTC/USDT:USDT,118822.6,7.3071,118822.5,1.57635,118822.9,8.5488,118823.0,3.38595
1753769560515,06:12:40.515,ascendex,BTC/USDT:USDT,118822.6,7.311,118822.5,2.6784,118822.9,9.14985,118823.0,3.6471
1753769560870,06:12:40.870,ascendex,BTC/USDT:USDT,118822.6,6.65175,118822.5,2.6784,118822.9,8.751,118823.0,3.6471
1753769561126,06:12:41.126,ascendex,BTC/USDT:USDT,118822.6,7.10445,118822.5,2.6784,118822.9,8.4951,118823.0,3.6471
1753769561482,06:12:41.482,ascendex,BTC/USDT:USDT,118822.6,7.1184,118822.5,2.77695,118822.9,8.7156,118823.0,3.6471
1753769561737,06:12:41.737,ascendex,BTC/USDT:USDT,118822.6,7.15725,118822.5,2.77695,118822.9,9.11685,118823.0,3.6471
1753769562080,06:12:42.080,ascendex,BTC/USDT:USDT,118822.6,6.70635,118822.5,2.77695,118822.9,9.0555,118823.0,3.86265
1753769562347,06:12:42.347,ascendex,BTC/USDT:USDT,118822.6,8.8197,118822.5,2.77695,118822.9,10.83945,118823.0,3.86265
1753769562694,06:12:42.694,ascendex,BTC/USDT:USDT,118822.6,8.77935,118822.5,2.77695,118822.9,10.64835,118823.0,3.86265
1753769562957,06:12:42.957,ascendex,BTC/USDT:USDT,118822.6,8.14995,118822.5,2.77695,118822.9,10.8519,118823.0,3.86265
1753769563366,06:12:43.366,ascendex,BTC/USDT:USDT,118822.6,8.13975,118822.5,2.77695,118822.9,10.4196,118823.0,3.86265
1753769563587,06:12:43.587,ascendex,BTC/USDT:USDT,118822.6,8.7501,118822.5,2.77695,118822.9,10.6017,118823.0,3.86265
1753769563977,06:12:43.977,ascendex,BTC/USDT:USDT,118822.6,10.1808,118822.5,2.77695,118822.9,13.0476,118823.0,3.86265
1753769564316,06:12:44.316,ascendex,BTC/USDT:USDT,118822.6,12.1581,118822.5,2.77695,118822.9,14.5395,118823.0,3.86265
1753769564587,06:12:44.587,ascendex,BTC/USDT:USDT,118822.6,12.02805,118822.5,2.77695,118822.9,14.49375,118823.0,3.86265
1753769564924,06:12:44.924,ascendex,BTC/USDT:USDT,118822.6,12.2589,118822.5,2.92665,118822.9,14.8158,118823.0,3.86265
1753769565199,06:12:45.199,ascendex,BTC/USDT:USDT,118822.6,12.3849,118822.5,2.92665,118822.9,14.3757,118823.0,3.86265
1753769565548,06:12:45.548,ascendex,BTC/USDT:USDT,118822.6,14.9022,118822.5,2.92665,118822.9,16.4982,118823.0,3.86265
1753769565810,06:12:45.810,ascendex,BTC/USDT:USDT,118822.6,14.9637,118822.5,1.25175,118822.9,16.71495,118823.0,3.86265
1753769566217,06:12:46.217,ascendex,BTC/USDT:USDT,118822.6,14.79825,118822.5,3.189,118822.9,16.7442,118823.0,2.03745
1753769566468,06:12:46.468,ascendex,BTC/USDT:USDT,118822.6,14.78925,118822.5,3.189,118822.9,16.5462,118823.0,2.03745
1753769566822,06:12:46.822,ascendex,BTC/USDT:USDT,118822.6,15.06615,118822.5,3.189,118822.9,16.0902,118823.0,1.1532
1753769567146,06:12:47.146,ascendex,BTC/USDT:USDT,118822.6,12.9663,118822.5,3.189,118822.9,14.75865,118823.0,1.1532
1753769567437,06:12:47.437,ascendex,BTC/USDT:USDT,118822.6,14.4846,118822.5,3.189,118822.9,16.8603,118823.0,1.1532
1753769567779,06:12:47.779,ascendex,BTC/USDT:USDT,118822.6,14.36085,118822.5,3.189,118822.9,16.9752,118823.0,1.1532
1753769568050,06:12:48.050,ascendex,BTC/USDT:USDT,118822.6,14.5587,118822.5,3.189,118822.9,16.6083,118823.0,1.1532
1753769568390,06:12:48.390,ascendex,BTC/USDT:USDT,118822.6,15.20145,118822.5,3.189,118822.9,16.57665,118823.0,1.1532
1753769568702,06:12:48.702,ascendex,BTC/USDT:USDT,118822.6,15.00345,118822.5,3.5211,118822.9,16.9416,118823.0,1.1532
1753769569032,06:12:49.032,ascendex,BTC/USDT:USDT,118822.6,15.00885,118822.5,3.5211,118822.9,6.3021,118823.4,14.28645
1753769569350,06:12:49.350,ascendex,BTC/USDT:USDT,118822.6,15.00885,118822.5,3.5211,118823.4,3.98745,118824.2,7.60035
1753769569684,06:12:49.684,ascendex,BTC/USDT:USDT,118824.8,1.7301,118822.6,15.00885,118825.1,8.24325,118825.2,3.2157
1753769569949,06:12:49.949,ascendex,BTC/USDT:USDT,118824.8,3.2493,118822.6,15.00885,118825.1,10.5063,118825.2,3.2157
1753769570295,06:12:50.295,ascendex,BTC/USDT:USDT,118824.8,3.73035,118822.6,15.00885,118825.1,10.86045,118825.2,3.2157
1753769570537,06:12:50.537,ascendex,BTC/USDT:USDT,118824.8,3.1041,118822.6,15.00885,118825.1,10.79325,118825.2,3.2157
1753769570906,06:12:50.906,ascendex,BTC/USDT:USDT,118824.8,2.89815,118822.6,15.00885,118825.1,10.70415,118825.2,3.2157
1753769571242,06:12:51.242,ascendex,BTC/USDT:USDT,118824.8,3.64635,118822.6,15.00885,118825.1,10.78275,118825.2,3.2157
1753769571516,06:12:51.516,ascendex,BTC/USDT:USDT,118824.8,3.33435,118822.6,15.00885,118825.1,10.26435,118825.2,3.2157
1753769571880,06:12:51.880,ascendex,BTC/USDT:USDT,118824.8,2.9202,118822.6,15.00885,118825.1,10.2672,118825.2,3.2157
1753769572132,06:12:52.132,ascendex,BTC/USDT:USDT,118824.8,3.5799,118822.6,15.00885,118825.1,10.2021,118825.2,3.2157
1753769572464,06:12:52.464,ascendex,BTC/USDT:USDT,118824.8,3.39225,118824.2,2.15355,118825.1,10.5288,118825.2,1.54575
1753769572740,06:12:52.740,ascendex,BTC/USDT:USDT,118824.8,3.53085,118824.7,1.23945,118825.1,10.6527,118825.2,1.54575
1753769573148,06:12:53.148,ascendex,BTC/USDT:USDT,118824.8,3.03975,118824.7,1.23945,118825.1,10.40685,118825.2,1.54575
1753769573424,06:12:53.424,ascendex,BTC/USDT:USDT,118824.8,2.84715,118824.7,1.23945,118825.1,10.14915,118825.2,1.54575
1753769573774,06:12:53.774,ascendex,BTC/USDT:USDT,118824.8,3.2964,118824.7,2.41695,118825.1,10.89885,118825.2,1.54575
1753769574040,06:12:54.040,ascendex,BTC/USDT:USDT,118824.9,3.78705,118824.8,5.68335,118825.1,12.68835,118825.2,1.54575
1753769574372,06:12:54.372,ascendex,BTC/USDT:USDT,118824.8,5.5257,118824.7,2.41695,118825.1,12.3915,118825.2,2.901
1753769574690,06:12:54.690,ascendex,BTC/USDT:USDT,118824.8,4.94415,118824.7,2.41695,118825.1,12.4776,118825.2,3.1179
1753769574981,06:12:54.981,ascendex,BTC/USDT:USDT,118824.8,5.4303,118824.7,2.41695,118825.1,12.57075,118825.2,3.1179
1753769575325,06:12:55.325,ascendex,BTC/USDT:USDT,118824.8,5.04855,118824.7,2.41695,118825.1,12.5301,118825.2,3.1179
1753769575605,06:12:55.605,ascendex,BTC/USDT:USDT,118824.8,5.17395,118824.7,2.41695,118825.1,12.54975,118825.2,3.1179
1753769576002,06:12:56.002,ascendex,BTC/USDT:USDT,118824.8,5.44905,118824.7,2.41695,118825.1,12.93795,118825.2,3.1179
1753769576314,06:12:56.314,ascendex,BTC/USDT:USDT,118824.8,5.0112,118824.7,2.41695,118825.1,12.35955,118825.2,3.1179
1753769576608,06:12:56.608,ascendex,BTC/USDT:USDT,118824.8,5.51265,118824.7,1.1775,118825.1,12.48645,118825.2,3.1179
1753769576923,06:12:56.923,ascendex,BTC/USDT:USDT,118824.8,5.0988,118824.7,2.3331,118825.1,12.3225,118825.2,3.1179
1753769577221,06:12:57.221,ascendex,BTC/USDT:USDT,118824.8,5.0799,118824.7,2.3331,118825.1,12.2055,118825.2,3.1179
1753769577530,06:12:57.530,ascendex,BTC/USDT:USDT,118824.8,6.8595,118824.7,2.3331,118825.1,14.06085,118825.2,3.1179
1753769577881,06:12:57.881,ascendex,BTC/USDT:USDT,118824.8,6.9408,118824.7,1.1556,118825.1,14.53845,118825.2,1.35525
1753769578229,06:12:58.229,ascendex,BTC/USDT:USDT,118824.8,8.63625,118824.7,2.96535,118825.1,15.8763,118825.2,1.82025
1753769578537,06:12:58.537,ascendex,BTC/USDT:USDT,118824.8,8.52285,118824.7,2.96535,118825.1,16.6614,118825.2,3.54615
1753769578841,06:12:58.841,ascendex,BTC/USDT:USDT,118824.8,8.8539,118824.7,2.96535,118825.1,16.53795,118825.2,3.54615
1753769579140,06:12:59.140,ascendex,BTC/USDT:USDT,118824.8,9.22395,118824.7,2.96535,118825.1,15.9087,118825.2,3.54615
1753769579447,06:12:59.447,ascendex,BTC/USDT:USDT,118824.9,3.78705,118824.8,10.81725,118825.1,15.9087,118825.2,3.54615
1753769579777,06:12:59.777,ascendex,BTC/USDT:USDT,118824.9,3.78705,118824.8,10.97445,118825.1,18.03075,118825.2,3.54615
1753769580053,06:13:00.053,ascendex,BTC/USDT:USDT,118824.8,10.84215,118824.7,2.96535,118825.1,17.4411,118825.2,3.54615
1753769580456,06:13:00.456,ascendex,BTC/USDT:USDT,118824.8,10.8219,118824.7,2.96535,118825.1,17.8302,118825.2,3.54615
1753769580718,06:13:00.718,ascendex,BTC/USDT:USDT,118824.8,11.12055,118824.7,2.96535,118825.1,17.9211,118825.2,3.54615
1753769581065,06:13:01.065,ascendex,BTC/USDT:USDT,118824.8,10.8543,118824.7,2.96535,118825.1,17.3838,118825.2,3.54615
1753769581330,06:13:01.330,ascendex,BTC/USDT:USDT,118824.8,11.1294,118824.7,2.96535,118825.1,18.02535,118825.2,3.54615
1753769581673,06:13:01.673,ascendex,BTC/USDT:USDT,118824.8,11.1831,118824.7,2.96535,118825.1,17.8122,118825.2,3.54615
1753769581972,06:13:01.972,ascendex,BTC/USDT:USDT,118824.8,11.05755,118824.7,2.96535,118825.1,17.6982,118825.2,3.54615
1753769582288,06:13:02.288,ascendex,BTC/USDT:USDT,118824.8,12.65655,118824.7,2.7087,118825.1,19.40895,118825.2,3.54615
1753769582638,06:13:02.638,ascendex,BTC/USDT:USDT,118824.8,12.9609,118824.7,3.0717,118825.1,19.08555,118825.2,3.2094
1753769582888,06:13:02.888,ascendex,BTC/USDT:USDT,118824.8,12.9633,118824.7,3.0717,118825.1,19.54635,118825.2,2.96685
1753769583275,06:13:03.275,ascendex,BTC/USDT:USDT,118824.8,12.98055,118824.7,3.0717,118825.1,19.3878,118825.2,2.96685
1753769583497,06:13:03.497,ascendex,BTC/USDT:USDT,118824.8,12.70515,118824.7,3.0717,118825.1,19.0797,118825.2,2.96685
1753769583900,06:13:03.900,ascendex,BTC/USDT:USDT,118824.8,14.5275,118824.7,3.0717,118825.1,19.005,118825.2,2.96685
1753769584164,06:13:04.164,ascendex,BTC/USDT:USDT,118824.8,12.57285,118824.7,3.0717,118825.1,19.92285,118825.2,2.96685
1753769584508,06:13:04.508,ascendex,BTC/USDT:USDT,118824.8,13.1985,118824.7,3.0717,118825.1,19.2189,118825.2,2.96685
1753769584798,06:13:04.798,ascendex,BTC/USDT:USDT,118824.8,13.3143,118824.7,3.0717,118825.1,19.0623,118825.2,2.96685
1753769585130,06:13:05.130,ascendex,BTC/USDT:USDT,118824.9,3.78705,118824.8,12.9417,118825.1,19.1085,118825.2,2.96685
1753769585450,06:13:05.450,ascendex,BTC/USDT:USDT,118824.8,12.7467,118824.7,2.90205,118825.1,19.69875,118825.2,2.96685
1753769585726,06:13:05.726,ascendex,BTC/USDT:USDT,118824.8,13.27545,118824.7,2.90205,118825.1,19.1094,118825.2,2.96685
1753769586096,06:13:06.096,ascendex,BTC/USDT:USDT,118824.8,12.80985,118824.7,2.91225,118825.1,19.5276,118825.2,2.96685
1753769586334,06:13:06.334,ascendex,BTC/USDT:USDT,118824.8,12.9378,118824.7,2.91225,118825.1,19.1874,118825.2,2.96685
1753769586736,06:13:06.736,ascendex,BTC/USDT:USDT,118824.8,14.9883,118824.7,2.91225,118825.1,20.688,118825.2,2.96685
1753769587026,06:13:07.026,ascendex,BTC/USDT:USDT,118824.8,15.10905,118824.7,2.91225,118825.1,19.5969,118825.2,2.96685
1753769587351,06:13:07.351,ascendex,BTC/USDT:USDT,118824.8,15.1602,118824.7,2.91225,118825.1,21.21105,118825.2,3.156
1753769587589,06:13:07.589,ascendex,BTC/USDT:USDT,118824.8,17.13135,118824.7,2.91225,118825.1,21.29085,118825.2,3.2856
1753769587950,06:13:07.950,ascendex,BTC/USDT:USDT,118824.8,18.73845,118824.7,2.91225,118825.1,22.7112,118825.2,3.2856
1753769588259,06:13:08.259,ascendex,BTC/USDT:USDT,118824.8,20.69295,118824.7,2.91225,118825.1,24.3792,118825.2,3.2856
1753769588623,06:13:08.623,ascendex,BTC/USDT:USDT,118824.8,22.00425,118824.7,2.91225,118825.1,24.40365,118825.2,3.2856
1753769588960,06:13:08.960,ascendex,BTC/USDT:USDT,118824.8,22.5165,118824.7,2.91225,118825.1,25.0002,118825.2,3.2856
1753769589273,06:13:09.273,ascendex,BTC/USDT:USDT,118824.8,22.76205,118824.7,2.91225,118825.1,24.59595,118825.2,3.2856
1753769589568,06:13:09.568,ascendex,BTC/USDT:USDT,118824.8,22.2177,118824.7,1.38345,118825.1,24.38295,118825.2,3.2856
1753769589825,06:13:09.825,ascendex,BTC/USDT:USDT,118824.8,22.42725,118824.7,2.80605,118825.1,24.72465,118825.2,3.2856
1753769590177,06:13:10.177,ascendex,BTC/USDT:USDT,118824.8,22.1205,118824.7,2.80605,118825.1,24.93285,118825.2,3.2856
1753769590503,06:13:10.503,ascendex,BTC/USDT:USDT,118824.9,3.78705,118824.8,21.9531,118825.1,24.81345,118825.2,3.2856
1753769590783,06:13:10.783,ascendex,BTC/USDT:USDT,118824.9,3.78705,118824.8,22.3998,118825.1,24.57915,118825.2,3.2856
1753769591102,06:13:11.102,ascendex,BTC/USDT:USDT,118824.8,22.64685,118824.7,2.8935,118825.1,24.43185,118825.2,3.5616
1753769591466,06:13:11.466,ascendex,BTC/USDT:USDT,118824.8,22.02015,118824.7,2.8935,118825.1,24.9924,118825.2,3.5616
1753769591726,06:13:11.726,ascendex,BTC/USDT:USDT,118824.8,22.12185,118824.7,2.8935,118825.1,25.0923,118825.2,3.5616
1753769591993,06:13:11.993,ascendex,BTC/USDT:USDT,118824.8,22.0413,118824.7,2.8935,118825.1,25.17345,118825.2,3.5616
1753769592401,06:13:12.401,ascendex,BTC/USDT:USDT,118824.8,22.5984,118824.7,2.8935,118825.1,25.0323,118825.2,3.5616
1753769592725,06:13:12.725,ascendex,BTC/USDT:USDT,118824.8,22.3233,118824.7,2.8935,118825.1,24.67515,118825.2,3.5616
1753769593054,06:13:13.054,ascendex,BTC/USDT:USDT,118824.8,22.4667,118824.7,2.8935,118825.1,23.04465,118825.2,3.5616
1753769593345,06:13:13.345,ascendex,BTC/USDT:USDT,118824.8,22.7886,118824.7,1.4709,118825.1,24.92685,118825.2,3.5616
1753769593663,06:13:13.663,ascendex,BTC/USDT:USDT,118824.8,22.3569,118824.7,2.7387,118825.1,24.8751,118825.2,3.534
1753769594000,06:13:14.000,ascendex,BTC/USDT:USDT,118824.8,22.38615,118824.7,2.7387,118825.1,24.9516,118825.2,3.534
1753769594221,06:13:14.221,ascendex,BTC/USDT:USDT,118824.8,22.05675,118824.7,2.5932,118825.1,24.6681,118825.2,3.534
1753769594630,06:13:14.630,ascendex,BTC/USDT:USDT,118824.8,24.0021,118824.7,2.5932,118825.1,25.137,118825.2,3.534
1753769594962,06:13:14.962,ascendex,BTC/USDT:USDT,118824.8,23.5182,118824.7,2.5932,118825.1,25.11195,118825.2,1.6797
1753769595275,06:13:15.275,ascendex,BTC/USDT:USDT,118824.8,25.87215,118824.7,2.5932,118825.1,27.05805,118825.2,3.13635
1753769595526,06:13:15.526,ascendex,BTC/USDT:USDT,118824.8,23.83485,118824.7,2.5932,118825.1,24.59775,118825.2,3.13635
1753769595849,06:13:15.849,ascendex,BTC/USDT:USDT,118824.8,24.0405,118824.7,2.5932,118825.1,24.7188,118825.2,3.13635
1753769596206,06:13:16.206,ascendex,BTC/USDT:USDT,118824.9,3.78705,118824.8,24.2379,118825.1,24.39885,118825.2,3.13635
1753769596544,06:13:16.544,ascendex,BTC/USDT:USDT,118824.8,25.8861,118824.7,2.5932,118825.1,26.84445,118825.2,3.13635
1753769596856,06:13:16.856,ascendex,BTC/USDT:USDT,118824.8,25.656,118824.7,2.5932,118825.1,26.57565,118825.2,3.13635
1753769597142,06:13:17.142,ascendex,BTC/USDT:USDT,118824.8,25.5489,118824.7,2.5932,118825.1,26.4774,118825.2,3.13635
1753769597480,06:13:17.480,ascendex,BTC/USDT:USDT,118824.8,23.6508,118824.7,2.5932,118825.1,26.2992,118825.2,2.82825
1753769597811,06:13:17.811,ascendex,BTC/USDT:USDT,118824.8,25.57935,118824.7,2.5932,118825.1,26.43345,118825.2,2.82825
1753769598089,06:13:18.089,ascendex,BTC/USDT:USDT,118824.8,25.10865,118824.7,1.3254,118825.1,26.26275,118825.2,2.82825
1753769598405,06:13:18.405,ascendex,BTC/USDT:USDT,118824.8,26.7384,118824.7,1.4583,118825.1,28.02825,118825.2,2.82825
1753769598747,06:13:18.747,ascendex,BTC/USDT:USDT,118824.8,26.99055,118824.7,3.4056,118825.1,28.02255,118825.2,2.82825
1753769598998,06:13:18.998,ascendex,BTC/USDT:USDT,118824.8,26.71245,118824.7,3.4056,118825.1,27.9567,118825.2,2.8677
1753769599334,06:13:19.334,ascendex,BTC/USDT:USDT,118824.8,26.6703,118824.7,3.4056,118825.1,27.954,118825.2,2.8677
1753769599705,06:13:19.705,ascendex,BTC/USDT:USDT,118824.8,26.9256,118824.7,3.4056,118825.1,28.2378,118825.2,2.8677
1753769600021,06:13:20.021,ascendex,BTC/USDT:USDT,118824.8,26.77875,118824.7,3.4056,118825.1,28.0494,118825.2,2.8677
1753769600341,06:13:20.341,ascendex,BTC/USDT:USDT,118824.8,27.0357,118824.7,3.4056,118825.1,28.326,118825.2,2.8677
1753769600576,06:13:20.576,ascendex,BTC/USDT:USDT,118824.8,27.3771,118824.7,3.4056,118825.1,28.0614,118825.2,2.8677
1753769600948,06:13:20.948,ascendex,BTC/USDT:USDT,118824.8,26.5029,118824.7,3.4056,118825.1,29.7807,118825.2,2.8677
1753769601189,06:13:21.189,ascendex,BTC/USDT:USDT,118824.8,27.06915,118824.7,3.4056,118825.1,29.6967,118825.2,1.4961
1753769601560,06:13:21.560,ascendex,BTC/USDT:USDT,118824.9,3.78705,118824.8,27.1833,118825.1,29.28945,118825.2,2.7255
1753769601922,06:13:21.922,ascendex,BTC/USDT:USDT,118824.9,3.78705,118824.8,28.76595,118825.1,31.5198,118825.2,2.7255
1753769602219,06:13:22.219,ascendex,BTC/USDT:USDT,118824.8,26.9499,118824.7,2.8749,118825.1,29.01045,118825.2,2.7255
1753769602526,06:13:22.526,ascendex,BTC/USDT:USDT,118824.8,26.75895,118824.7,2.93865,118825.1,29.2185,118825.2,2.7255
1753769602794,06:13:22.794,ascendex,BTC/USDT:USDT,118824.8,26.5611,118824.7,2.93865,118825.1,29.14065,118825.2,2.7255
1753769603180,06:13:23.180,ascendex,BTC/USDT:USDT,118824.8,27.01125,118824.7,2.93865,118825.1,29.50635,118825.2,2.7255
1753769603392,06:13:23.392,ascendex,BTC/USDT:USDT,118824.8,27.09435,118824.7,2.93865,118825.1,29.883,118825.2,2.7255
1753769603787,06:13:23.787,ascendex,BTC/USDT:USDT,118824.8,26.8416,118824.7,2.93865,118825.1,29.76915,118825.2,2.92785
1753769604061,06:13:24.061,ascendex,BTC/USDT:USDT,118824.8,26.80275,118824.7,2.93865,118825.1,29.1888,118825.2,2.92785
1753769604401,06:13:24.401,ascendex,BTC/USDT:USDT,118824.8,28.4115,118824.7,2.93865,118825.1,31.76835,118825.2,2.92785
1753769604762,06:13:24.762,ascendex,BTC/USDT:USDT,118824.8,28.6767,118824.7,2.93865,118825.1,32.03925,118825.2,2.92785
1753769605061,06:13:25.061,ascendex,BTC/USDT:USDT,118824.8,28.12095,118824.7,2.93865,118825.1,31.98825,118825.2,2.92785
1753769605396,06:13:25.396,ascendex,BTC/USDT:USDT,118824.8,29.8203,118824.7,2.93865,118825.1,31.41645,118825.2,2.92785
1753769605649,06:13:25.649,ascendex,BTC/USDT:USDT,118824.8,30.10935,118824.7,2.93865,118825.1,31.5078,118825.2,2.92785
1753769606041,06:13:26.041,ascendex,BTC/USDT:USDT,118824.8,30.3771,118824.7,2.93865,118825.1,31.6512,118825.2,2.92785
1753769606312,06:13:26.312,ascendex,BTC/USDT:USDT,118824.8,32.17245,118824.7,2.93865,118825.1,33.3549,118825.2,2.92785
1753769606656,06:13:26.656,ascendex,BTC/USDT:USDT,118824.8,31.7898,118824.7,2.93865,118825.1,33.0966,118825.2,3.2496
1753769606991,06:13:26.991,ascendex,BTC/USDT:USDT,118824.8,33.4065,118824.7,2.93865,118825.1,34.80195,118825.2,3.2496
1753769607257,06:13:27.257,ascendex,BTC/USDT:USDT,118824.9,3.78705,118824.8,32.1486,118825.1,35.54325,118825.2,3.2496
1753769607629,06:13:27.629,ascendex,BTC/USDT:USDT,118824.8,35.41485,118824.7,3.14775,118825.1,39.73035,118825.2,3.2496
1753769607873,06:13:27.873,ascendex,BTC/USDT:USDT,118824.8,36.6768,118824.7,3.14775,118825.1,41.03895,118825.2,3.2496
1753769608214,06:13:28.214,ascendex,BTC/USDT:USDT,118824.8,39.36795,118824.7,3.14775,118825.1,43.1952,118825.2,3.2496
1753769608478,06:13:28.478,ascendex,BTC/USDT:USDT,118824.8,43.1385,118824.7,1.6257,118825.1,46.24185,118825.2,3.2496
1753769608835,06:13:28.835,ascendex,BTC/USDT:USDT,118824.8,45.2526,118824.7,3.1674,118825.1,47.88285,118825.2,3.2496
1753769609093,06:13:29.093,ascendex,BTC/USDT:USDT,118824.8,45.0066,118824.7,3.1674,118825.1,48.0483,118825.2,3.2496
1753769609502,06:13:29.502,ascendex,BTC/USDT:USDT,118824.8,44.57025,118824.7,3.1674,118825.1,48.26745,118825.2,3.2496
1753769609813,06:13:29.813,ascendex,BTC/USDT:USDT,118824.8,43.15305,118824.7,3.1674,118825.1,48.5607,118825.2,3.4764
1753769610111,06:13:30.111,ascendex,BTC/USDT:USDT,118824.8,44.60685,118824.7,3.1674,118825.1,48.62505,118825.2,3.4764
1753769610446,06:13:30.446,ascendex,BTC/USDT:USDT,118824.8,45.09555,118824.7,3.1674,118825.1,48.40575,118825.2,3.4764
1753769610755,06:13:30.755,ascendex,BTC/USDT:USDT,118824.8,44.6211,118824.7,3.1674,118825.1,48.58155,118825.2,3.4764
1753769611070,06:13:31.070,ascendex,BTC/USDT:USDT,118824.8,45.072,118824.7,3.1674,118825.1,48.4662,118825.2,3.4764
1753769611393,06:13:31.393,ascendex,BTC/USDT:USDT,118824.8,45.0783,118824.7,1.5417,118825.1,47.8674,118825.2,1.92525
1753769611689,06:13:31.689,ascendex,BTC/USDT:USDT,118824.8,44.62035,118824.7,3.40245,118825.1,48.0951,118825.2,1.92525
1753769611945,06:13:31.945,ascendex,BTC/USDT:USDT,118824.8,44.63505,118824.7,3.40245,118825.1,48.1374,118825.2,1.92525
1753769612306,06:13:32.306,ascendex,BTC/USDT:USDT,118824.8,45.19515,118824.7,3.40245,118825.1,48.3837,118825.2,1.92525
1753769612645,06:13:32.645,ascendex,BTC/USDT:USDT,118824.9,3.78705,118824.8,43.15305,118825.1,46.344,118825.2,1.92525
1753769612918,06:13:32.918,ascendex,BTC/USDT:USDT,118824.9,3.78705,118824.8,45.0885,118825.1,47.89935,118825.2,1.92525
1753769613260,06:13:33.260,ascendex,BTC/USDT:USDT,118824.8,44.6727,118824.7,3.50295,118825.1,48.03675,118825.2,1.92525
1753769613529,06:13:33.529,ascendex,BTC/USDT:USDT,118824.8,45.14925,118824.7,3.50295,118825.1,48.3531,118825.2,1.92525
1753769613846,06:13:33.846,ascendex,BTC/USDT:USDT,118824.8,44.7033,118824.7,3.50295,118825.1,48.4743,118825.3,2.7804
1753769614192,06:13:34.192,ascendex,BTC/USDT:USDT,118824.8,44.95125,118824.7,3.50295,118825.1,48.2052,118825.3,2.7804
1753769614457,06:13:34.457,ascendex,BTC/USDT:USDT,118824.8,35.151,118822.6,14.9994,118825.1,48.14115,118825.3,2.97255
1753769614802,06:13:34.802,ascendex,BTC/USDT:USDT,118814.7,1.75575,118814.6,3.2538,118815.5,1.311,118825.1,48.14115
1753769615088,06:13:35.088,ascendex,BTC/USDT:USDT,118814.7,1.79415,118814.6,3.2538,118815.5,1.311,118825.1,48.14115
1753769615414,06:13:35.414,ascendex,BTC/USDT:USDT,118814.7,1.8498,118814.6,3.2538,118815.5,1.311,118825.1,48.14115
1753769615712,06:13:35.712,ascendex,BTC/USDT:USDT,118814.7,1.9812,118814.6,3.2538,118815.5,1.311,118825.1,48.14115
1753769616064,06:13:36.064,ascendex,BTC/USDT:USDT,118814.7,1.8915,118814.6,3.2538,118815.5,1.311,118825.1,48.14115
1753769616391,06:13:36.391,ascendex,BTC/USDT:USDT,118814.7,2.18835,118814.6,3.2538,118815.5,1.311,118825.1,48.14115
1753769616654,06:13:36.654,ascendex,BTC/USDT:USDT,118814.7,1.96695,118814.6,3.2538,118815.5,1.311,118825.1,48.14115
1753769617002,06:13:37.002,ascendex,BTC/USDT:USDT,118814.7,1.70775,118814.6,3.2538,118815.5,1.311,118825.1,48.14115
1753769617242,06:13:37.242,ascendex,BTC/USDT:USDT,118814.7,1.6518,118814.6,3.2538,118815.5,1.311,118825.1,48.14115
1753769617646,06:13:37.646,ascendex,BTC/USDT:USDT,118814.7,1.60845,118814.6,3.2538,118815.5,1.311,118825.1,48.14115
1753769617944,06:13:37.944,ascendex,BTC/USDT:USDT,118814.7,1.428,118814.6,3.37095,118815.5,1.311,118816.0,2.1063
1753769618259,06:13:38.259,ascendex,BTC/USDT:USDT,118814.7,1.67865,118814.6,3.37095,118815.5,1.311,118816.0,2.1063
1753769618631,06:13:38.631,ascendex,BTC/USDT:USDT,118814.7,1.43835,118814.6,3.37095,118815.2,2.1804,118815.5,1.311
1753769618878,06:13:38.878,ascendex,BTC/USDT:USDT,118814.7,2.01135,118814.6,3.37095,118815.1,1.86105,118815.2,2.1804
1753769619264,06:13:39.264,ascendex,BTC/USDT:USDT,118814.7,1.9641,118814.6,1.66845,118815.1,1.86105,118815.2,2.1804
1753769619577,06:13:39.577,ascendex,BTC/USDT:USDT,118814.7,3.48495,118814.6,3.21405,118815.1,1.86105,118815.2,2.1804
1753769619872,06:13:39.872,ascendex,BTC/USDT:USDT,118814.7,3.54795,118814.6,3.21405,118815.1,1.86105,118815.2,4.29555
1753769620134,06:13:40.134,ascendex,BTC/USDT:USDT,118814.7,3.23295,118814.6,3.21405,118815.1,3.67845,118815.2,4.29555
1753769620488,06:13:40.488,ascendex,BTC/USDT:USDT,118814.7,3.09255,118814.6,3.21405,118815.1,3.67845,118815.2,4.29555
1753769620809,06:13:40.809,ascendex,BTC/USDT:USDT,118814.7,3.141,118814.6,3.21405,118815.1,3.67845,118815.2,4.29555
1753769621086,06:13:41.086,ascendex,BTC/USDT:USDT,118814.7,3.30675,118814.6,3.21405,118815.1,3.67845,118815.2,4.29555
1753769621491,06:13:41.491,ascendex,BTC/USDT:USDT,118814.7,2.76,118814.6,3.21405,118815.1,3.67845,118815.2,4.29555
1753769621771,06:13:41.771,ascendex,BTC/USDT:USDT,118814.7,4.7928,118814.6,3.21405,118815.1,3.67845,118815.2,4.29555
1753769622099,06:13:42.099,ascendex,BTC/USDT:USDT,118814.7,4.8564,118814.6,3.21405,118815.1,3.67845,118815.2,4.29555
1753769622387,06:13:42.387,ascendex,BTC/USDT:USDT,118814.7,6.5151,118814.6,3.21405,118815.1,3.67845,118815.2,4.29555
1753769622738,06:13:42.738,ascendex,BTC/USDT:USDT,118814.7,6.51525,118814.6,3.21405,118815.1,3.5376,118815.2,4.29555
1753769622907,06:13:42.907,ascendex,BTC/USDT:USDT,118814.7,8.56815,118814.6,3.21405,118815.1,3.5376,118815.2,2.11515
1753769623351,06:13:43.351,ascendex,BTC/USDT:USDT,118814.7,8.8341,118814.6,3.31005,118815.1,3.5376,118815.2,3.6219
1753769623693,06:13:43.693,ascendex,BTC/USDT:USDT,118814.9,3.78735,118814.7,8.11635,118815.1,3.5376,118815.2,3.6219
1753769624029,06:13:44.029,ascendex,BTC/USDT:USDT,118814.7,2.28495,118814.2,17.71665,118815.3,1.7223,118815.6,3.68535
1753769624372,06:13:44.372,ascendex,BTC/USDT:USDT,118814.7,1.8609,118814.4,1.7916,118815.3,3.90345,118815.6,2.09415
1753769624575,06:13:44.575,ascendex,BTC/USDT:USDT,118814.7,1.54725,118814.5,1.29195,118815.3,3.90345,118815.5,2.04735
1753769624982,06:13:44.982,ascendex,BTC/USDT:USDT,118814.7,1.968,118814.5,1.29195,118815.1,1.61205,118815.3,3.90345
1753769625313,06:13:45.313,ascendex,BTC/USDT:USDT,118814.7,3.7437,118814.5,3.02985,118815.1,1.61205,118815.3,3.90345
1753769625596,06:13:45.596,ascendex,BTC/USDT:USDT,118814.7,3.78285,118814.5,3.02985,118815.1,3.59385,118815.2,1.80495
1753769625921,06:13:45.921,ascendex,BTC/USDT:USDT,118814.7,4.2408,118814.5,3.02985,118815.1,3.59385,118815.2,1.80495
1753769626205,06:13:46.205,ascendex,BTC/USDT:USDT,118814.7,3.99,118814.5,3.02985,118815.1,3.59385,118815.2,1.80495
1753769626543,06:13:46.543,ascendex,BTC/USDT:USDT,118814.7,5.5296,118814.5,3.02985,118815.1,3.59385,118815.2,1.80495
1753769626851,06:13:46.851,ascendex,BTC/USDT:USDT,118814.7,4.38855,118814.5,3.02985,118815.1,3.59385,118815.2,1.80495
1753769627151,06:13:47.151,ascendex,BTC/USDT:USDT,118814.7,4.25745,118814.5,3.02985,118815.1,3.59385,118815.2,3.3366
1753769627491,06:13:47.491,ascendex,BTC/USDT:USDT,118814.7,5.7345,118814.6,1.4784,118815.1,3.59385,118815.2,3.3366
1753769627834,06:13:47.834,ascendex,BTC/USDT:USDT,118814.7,5.69385,118814.6,1.4784,118815.1,3.59385,118815.2,3.3366
1753769628172,06:13:48.172,ascendex,BTC/USDT:USDT,118814.7,5.50695,118814.6,1.4784,118815.1,4.137,118815.2,3.3366
1753769628448,06:13:48.448,ascendex,BTC/USDT:USDT,118814.7,5.66145,118814.6,3.1275,118815.1,4.137,118815.2,3.3366
1753769628784,06:13:48.784,ascendex,BTC/USDT:USDT,118814.7,8.32185,118814.6,3.1275,118815.1,4.137,118815.2,3.3366
1753769629084,06:13:49.084,ascendex,BTC/USDT:USDT,118814.7,7.6719,118814.6,3.1275,118815.1,4.137,118815.2,3.3366
1753769629395,06:13:49.395,ascendex,BTC/USDT:USDT,118814.7,7.73925,118814.6,3.1275,118814.9,3.78735,118815.1,4.137
1753769629700,06:13:49.700,ascendex,BTC/USDT:USDT,118814.7,7.52595,118814.6,3.1275,118815.1,4.137,118815.2,2.99595
1753769630074,06:13:50.074,ascendex,BTC/USDT:USDT,118814.7,7.81155,118814.6,3.1275,118815.1,4.137,118815.2,2.99595
1753769630361,06:13:50.361,ascendex,BTC/USDT:USDT,118814.7,7.96365,118814.6,3.1275,118815.1,4.137,118815.2,2.99595
1753769630698,06:13:50.698,ascendex,BTC/USDT:USDT,118814.7,8.2119,118814.6,3.1275,118815.1,2.1552,118815.2,2.99595
1753769631023,06:13:51.023,ascendex,BTC/USDT:USDT,118814.7,7.8852,118814.6,3.1275,118815.1,3.7695,118815.2,3.48645
1753769631295,06:13:51.295,ascendex,BTC/USDT:USDT,118814.7,7.64895,118814.6,3.1275,118815.1,3.7695,118815.2,3.48645
1753769631580,06:13:51.580,ascendex,BTC/USDT:USDT,118814.7,7.84935,118814.6,3.1275,118815.1,3.4158,118815.2,3.48645
1753769631931,06:13:51.931,ascendex,BTC/USDT:USDT,118814.7,8.30955,118814.6,3.1275,118815.1,3.4158,118815.2,3.48645
1753769632231,06:13:52.231,ascendex,BTC/USDT:USDT,118814.7,7.9512,118814.6,3.1275,118815.1,3.4158,118815.2,3.48645
1753769632574,06:13:52.574,ascendex,BTC/USDT:USDT,118814.7,7.6533,118814.6,3.22395,118815.1,3.4158,118815.2,3.48645
1753769632915,06:13:52.915,ascendex,BTC/USDT:USDT,118814.7,9.37305,118814.6,1.57485,118815.1,3.4158,118815.2,3.48645
1753769633231,06:13:53.231,ascendex,BTC/USDT:USDT,118814.7,7.9884,118814.6,2.772,118815.1,3.4158,118815.2,3.85335
1753769633535,06:13:53.535,ascendex,BTC/USDT:USDT,118814.7,7.85865,118814.6,2.772,118815.1,3.4158,118815.2,3.85335
1753769633739,06:13:53.739,ascendex,BTC/USDT:USDT,118814.7,9.24015,118814.6,2.772,118815.1,3.4158,118815.2,3.85335
1753769634146,06:13:54.146,ascendex,BTC/USDT:USDT,118814.7,9.17955,118814.6,2.772,118815.1,3.4158,118815.2,3.85335
1753769634415,06:13:54.415,ascendex,BTC/USDT:USDT,118814.7,9.4332,118814.6,2.772,118815.1,3.7674,118815.2,3.85335
1753769634786,06:13:54.786,ascendex,BTC/USDT:USDT,118814.7,9.49995,118814.6,2.772,118814.9,3.78735,118815.1,3.7674
1753769635016,06:13:55.016,ascendex,BTC/USDT:USDT,118814.7,9.3147,118814.6,2.772,118814.9,3.78735,118815.1,3.7674
1753769635392,06:13:55.392,ascendex,BTC/USDT:USDT,118814.7,10.6269,118814.6,2.772,118815.1,3.7674,118815.2,3.85335
1753769635641,06:13:55.641,ascendex,BTC/USDT:USDT,118814.7,10.5144,118814.6,2.772,118815.1,3.7674,118815.2,3.85335
1753769636022,06:13:56.022,ascendex,BTC/USDT:USDT,118814.7,10.4937,118814.6,2.772,118815.1,3.363,118815.2,3.1332
1753769636292,06:13:56.292,ascendex,BTC/USDT:USDT,118815.0,1.5729,118814.9,1.359,118815.9,2.2845,118816.0,1.95165
1753769636695,06:13:56.695,ascendex,BTC/USDT:USDT,118821.8,2.9562,118821.7,3.41385,118822.2,1.41075,118822.3,1.1733
1753769637002,06:13:57.002,ascendex,BTC/USDT:USDT,118821.9,2.0955,118821.8,2.9562,118822.2,1.81455,118822.3,1.1733
1753769637275,06:13:57.275,ascendex,BTC/USDT:USDT,118821.9,1.9437,118821.8,2.9562,118822.2,2.05035,118822.3,1.1733
1753769637616,06:13:57.616,ascendex,BTC/USDT:USDT,118821.9,2.13555,118821.8,2.9562,118822.2,1.54605,118822.3,1.1733
1753769637880,06:13:57.880,ascendex,BTC/USDT:USDT,118821.9,1.79595,118821.8,2.9562,118822.2,2.1747,118822.3,1.1733
1753769638227,06:13:58.227,ascendex,BTC/USDT:USDT,118821.9,2.20005,118821.8,2.9562,118822.2,1.9059,118822.3,1.1733
1753769638472,06:13:58.472,ascendex,BTC/USDT:USDT,118821.9,1.836,118821.8,2.9562,118822.2,1.59195,118822.3,1.1733
1753769638845,06:13:58.845,ascendex,BTC/USDT:USDT,118821.9,1.4805,118821.8,2.9562,118822.2,1.60005,118822.3,1.1733
1753769639122,06:13:59.122,ascendex,BTC/USDT:USDT,118821.9,1.8435,118821.8,2.9562,118822.2,1.36485,118822.3,1.1733
1753769639449,06:13:59.449,ascendex,BTC/USDT:USDT,118821.9,1.64535,118821.8,2.9562,118822.2,1.65585,118822.3,1.1733
1753769639851,06:13:59.851,ascendex,BTC/USDT:USDT,118821.9,3.1707,118821.8,2.9562,118822.2,1.8852,118822.3,1.1733
1753769640096,06:14:00.096,ascendex,BTC/USDT:USDT,118821.9,2.95035,118821.8,2.9562,118822.2,3.4092,118822.3,1.1733
1753769640469,06:14:00.469,ascendex,BTC/USDT:USDT,118821.9,2.8587,118821.8,2.9562,118822.2,3.4362,118822.3,1.2816
1753769640777,06:14:00.777,ascendex,BTC/USDT:USDT,118821.9,3.12885,118821.8,1.21125,118822.2,4.07265,118822.3,1.2816
1753769641113,06:14:01.113,ascendex,BTC/USDT:USDT,118821.9,3.49815,118821.8,3.1872,118822.2,4.0776,118822.3,2.9265
1753769641338,06:14:01.338,ascendex,BTC/USDT:USDT,118821.9,2.8905,118821.8,3.1872,118822.2,3.5772,118822.3,2.9265
1753769641705,06:14:01.705,ascendex,BTC/USDT:USDT,118821.9,3.47775,118821.8,3.1872,118822.2,4.00995,118822.3,2.9265
1753769642041,06:14:02.041,ascendex,BTC/USDT:USDT,118821.9,4.63095,118821.8,3.1872,118822.2,5.3202,118822.3,2.9265
1753769642309,06:14:02.309,ascendex,BTC/USDT:USDT,118821.9,5.13045,118821.8,3.1872,118822.2,5.58165,118822.3,2.9265
1753769642639,06:14:02.639,ascendex,BTC/USDT:USDT,118821.9,5.3811,118821.8,3.1872,118822.2,3.6504,118822.3,2.9265
1753769642916,06:14:02.916,ascendex,BTC/USDT:USDT,118821.9,4.69305,118821.8,3.1872,118822.2,5.1852,118822.3,2.9265
1753769643323,06:14:03.323,ascendex,BTC/USDT:USDT,118821.9,4.5966,118821.8,3.1872,118822.2,5.71215,118822.3,2.9265
1753769643614,06:14:03.614,ascendex,BTC/USDT:USDT,118821.9,5.1801,118821.8,3.1872,118822.2,5.6253,118822.3,2.9265
1753769643933,06:14:03.933,ascendex,BTC/USDT:USDT,118821.9,7.25505,118821.8,3.1872,118822.2,6.6213,118822.3,2.9265
1753769644257,06:14:04.257,ascendex,BTC/USDT:USDT,118821.9,6.7833,118821.8,3.25695,118822.2,6.9048,118822.3,2.9265
1753769644545,06:14:04.545,ascendex,BTC/USDT:USDT,118821.9,6.58635,118821.8,3.25695,118822.2,7.08855,118822.3,2.9787
1753769644882,06:14:04.882,ascendex,BTC/USDT:USDT,118821.9,6.7734,118821.8,3.25695,118822.2,6.84945,118822.3,3.14355
1753769645206,06:14:05.206,ascendex,BTC/USDT:USDT,118821.9,6.66945,118821.8,3.25695,118822.2,6.561,118822.3,3.14355
1753769645551,06:14:05.551,ascendex,BTC/USDT:USDT,118821.9,7.053,118821.8,2.93835,118822.2,6.9297,118822.3,3.14355
1753769645808,06:14:05.808,ascendex,BTC/USDT:USDT,118821.9,6.64215,118821.8,2.93835,118822.2,6.5607,118822.3,3.14355
1753769646164,06:14:06.164,ascendex,BTC/USDT:USDT,118821.9,6.78975,118821.8,2.93835,118822.2,6.52425,118822.3,3.14355
1753769646497,06:14:06.497,ascendex,BTC/USDT:USDT,118821.9,7.18185,118821.8,2.93835,118822.2,6.53145,118822.3,3.14355
1753769646771,06:14:06.771,ascendex,BTC/USDT:USDT,118821.9,7.21365,118821.8,2.93835,118822.2,6.8061,118822.3,3.14355
1753769647071,06:14:07.071,ascendex,BTC/USDT:USDT,118821.9,6.5046,118821.8,2.93835,118822.2,7.04835,118822.3,3.14355
1753769647380,06:14:07.380,ascendex,BTC/USDT:USDT,118821.9,6.9453,118821.8,2.93835,118822.2,7.0584,118822.3,3.14355
1753769647774,06:14:07.774,ascendex,BTC/USDT:USDT,118821.9,6.9453,118821.8,2.93835,118822.2,12.5676,118822.3,3.14355
1753769647988,06:14:07.988,ascendex,BTC/USDT:USDT,118821.9,8.358,118821.8,2.93835,118822.2,10.932,118822.3,3.14355
1753769648395,06:14:08.395,ascendex,BTC/USDT:USDT,118821.9,13.0194,118821.8,1.51155,118822.2,13.9563,118822.3,1.80975
1753769648632,06:14:08.632,ascendex,BTC/USDT:USDT,118821.9,12.6261,118821.8,1.51155,118822.2,16.257,118822.3,3.47745
1753769649026,06:14:09.026,ascendex,BTC/USDT:USDT,118821.9,14.4312,118821.8,1.51155,118822.2,19.7478,118822.3,3.77355
1753769649254,06:14:09.254,ascendex,BTC/USDT:USDT,118821.9,15.01425,118821.8,1.51155,118822.2,19.09905,118822.3,3.77355
1753769649615,06:14:09.615,ascendex,BTC/USDT:USDT,118821.9,14.77395,118821.8,1.51155,118822.2,20.97675,118822.3,3.77355
1753769650005,06:14:10.005,ascendex,BTC/USDT:USDT,118821.9,16.05705,118821.8,1.51155,118822.2,22.58055,118822.3,3.77355
1753769650241,06:14:10.241,ascendex,BTC/USDT:USDT,118821.9,16.31145,118821.8,1.51155,118822.2,22.55385,118822.3,3.77355
1753769650632,06:14:10.632,ascendex,BTC/USDT:USDT,118821.9,16.79085,118821.7,3.0207,118822.2,22.5048,118822.3,3.77355
1753769650874,06:14:10.874,ascendex,BTC/USDT:USDT,118821.9,16.1478,118821.8,1.2255,118822.2,22.87935,118822.3,3.77355
1753769651243,06:14:11.243,ascendex,BTC/USDT:USDT,118821.9,16.34535,118821.8,1.2255,118822.2,22.62855,118822.3,3.77355
1753769651540,06:14:11.540,ascendex,BTC/USDT:USDT,118821.9,16.1925,118821.8,1.2255,118822.2,24.13155,118822.3,3.77355
1753769651892,06:14:11.892,ascendex,BTC/USDT:USDT,118821.9,16.8213,118821.8,1.2255,118822.2,24.44895,118822.3,3.77355
1753769652124,06:14:12.124,ascendex,BTC/USDT:USDT,118821.9,16.11645,118821.8,1.2255,118822.2,24.4383,118822.3,3.77355
1753769652498,06:14:12.498,ascendex,BTC/USDT:USDT,118824.8,1.45275,118824.7,2.7603,118825.1,1.9083,118825.2,1.731
1753769652870,06:14:12.870,ascendex,BTC/USDT:USDT,118824.8,1.6233,118824.7,2.7603,118825.1,1.43205,118825.2,1.731
1753769653125,06:14:13.125,ascendex,BTC/USDT:USDT,118824.8,2.08185,118824.7,2.7603,118825.1,1.9296,118825.2,1.731
1753769653483,06:14:13.483,ascendex,BTC/USDT:USDT,118824.8,1.7247,118824.7,2.7603,118825.1,1.90185,118825.2,1.731
1753769653706,06:14:13.706,ascendex,BTC/USDT:USDT,118824.8,2.14545,118824.7,2.7603,118825.1,1.44735,118825.2,1.731
1753769654094,06:14:14.094,ascendex,BTC/USDT:USDT,118824.8,1.7985,118824.7,2.7603,118825.1,1.61145,118825.2,1.731
1753769654380,06:14:14.380,ascendex,BTC/USDT:USDT,118824.8,1.6359,118824.7,2.7603,118825.2,1.731,118825.3,1.6713
1753769654705,06:14:14.705,ascendex,BTC/USDT:USDT,118824.8,1.6764,118824.7,2.7603,118825.1,1.6476,118825.2,1.731
1753769655084,06:14:15.084,ascendex,BTC/USDT:USDT,118824.8,1.5849,118824.7,2.7603,118825.1,1.97595,118825.2,1.731
1753769655393,06:14:15.393,ascendex,BTC/USDT:USDT,118824.8,4.05645,118824.7,2.7603,118825.1,3.64545,118825.2,1.731
1753769655705,06:14:15.705,ascendex,BTC/USDT:USDT,118824.8,5.60025,118824.7,1.2987,118825.1,5.48115,118825.2,1.731
1753769655925,06:14:15.925,ascendex,BTC/USDT:USDT,118824.8,7.6887,118824.7,2.88525,118825.1,7.1673,118825.2,1.731
1753769656332,06:14:16.332,ascendex,BTC/USDT:USDT,118824.8,7.1106,118824.7,2.88525,118825.1,7.12665,118825.2,1.731
1753769656569,06:14:16.569,ascendex,BTC/USDT:USDT,118824.8,7.56045,118824.7,2.88525,118825.1,7.14315,118825.2,1.731
