timestamp,time,exchange,symbol,bid1_price,bid1_volume,bid2_price,bid2_volume,ask1_price,ask1_volume,ask2_price,ask2_volume
1753769521195,06:12:01.195,bitfinex,SOL/USDT:USDT,184.82,8.3608,184.79,2.90146278,184.83,2.96,184.85,5.4101
1753769521495,06:12:01.495,bitfinex,SOL/USDT:USDT,184.82,8.3608,184.79,2.90146278,184.83,2.96,184.87,2.90146278
1753769521495,06:12:01.495,bitfinex,SOL/USDT:USDT,184.82,8.3608,184.79,2.90146278,184.83,2.96,184.84,5.4103
1753769521496,06:12:01.496,bitfinex,SOL/USDT:USDT,184.82,8.3608,184.79,2.90146278,184.83,2.96,184.84,5.4103
1753769521855,06:12:01.855,bitfinex,SOL/USDT:USDT,184.82,8.3608,184.79,2.90146278,184.83,2.96,184.84,5.4103
1753769521856,06:12:01.856,bitfinex,SOL/USDT:USDT,184.82,8.3608,184.79,2.90146278,184.83,2.96,184.84,5.4103
1753769521997,06:12:01.997,bitfinex,SOL/USDT:USDT,184.82,8.3608,184.79,2.90146278,184.83,2.96,184.87,2.90146278
1753769521997,06:12:01.997,bitfinex,SOL/USDT:USDT,184.82,8.3608,184.79,2.90146278,184.83,2.96,184.85,5.4101
1753769522198,06:12:02.198,bitfinex,SOL/USDT:USDT,184.82,8.3608,184.79,2.90146278,184.85,5.4101,184.87,2.90146278
1753769522199,06:12:02.199,bitfinex,SOL/USDT:USDT,184.82,5.4108,184.79,2.90146278,184.84,2.96,184.85,5.4101
1753769522201,06:12:02.201,bitfinex,SOL/USDT:USDT,184.82,5.4108,184.79,2.90146278,184.84,2.96,184.85,5.4101
1753769522731,06:12:02.731,bitfinex,SOL/USDT:USDT,184.84,2.95,184.79,2.90146278,184.85,2.96,184.87,2.90146278
1753769523195,06:12:03.195,bitfinex,SOL/USDT:USDT,184.84,2.95,184.79,2.90146278,184.85,2.96,184.87,2.90146278
1753769523195,06:12:03.195,bitfinex,SOL/USDT:USDT,184.84,2.95,184.82,5.4106,184.85,2.96,184.87,2.90146278
1753769523195,06:12:03.195,bitfinex,SOL/USDT:USDT,184.84,2.95,184.82,5.4106,184.85,8.37,184.87,2.90146278
1753769523622,06:12:03.622,bitfinex,SOL/USDT:USDT,184.84,2.95,184.82,5.4106,184.85,8.37,184.87,2.90146278
1753769524143,06:12:04.143,bitfinex,SOL/USDT:USDT,184.84,2.95,184.82,5.4106,184.85,8.37,184.87,2.90146278
1753769524295,06:12:04.295,bitfinex,SOL/USDT:USDT,184.84,2.95,184.79,2.90146278,184.85,8.37,184.87,2.90146278
1753769524296,06:12:04.296,bitfinex,SOL/USDT:USDT,184.84,2.95,184.83,5.4105,184.85,2.96,184.87,2.90146278
1753769524296,06:12:04.296,bitfinex,SOL/USDT:USDT,184.84,2.95,184.83,5.4105,184.85,2.96,184.86,5.4098
1753769524489,06:12:04.489,bitfinex,SOL/USDT:USDT,184.84,2.95,184.83,5.4105,184.85,2.96,184.86,5.4098
1753769524490,06:12:04.490,bitfinex,SOL/USDT:USDT,184.84,2.95,184.83,5.4105,184.85,2.96,184.86,5.4098
1753769524490,06:12:04.490,bitfinex,SOL/USDT:USDT,184.84,2.95,184.83,5.4105,184.85,2.96,184.86,5.4098
1753769524729,06:12:04.729,bitfinex,SOL/USDT:USDT,184.84,2.95,184.83,5.4105,184.85,2.96,184.86,5.4098
1753769524760,06:12:04.760,bitfinex,SOL/USDT:USDT,184.84,2.95,184.83,5.4105,184.85,2.96,184.86,5.4098
1753769525226,06:12:05.226,bitfinex,SOL/USDT:USDT,184.84,2.95,184.83,5.4105,184.85,2.96,184.86,5.4098
1753769525491,06:12:05.491,bitfinex,SOL/USDT:USDT,184.84,2.95,184.83,5.4105,184.85,2.96,184.86,5.4098
1753769525491,06:12:05.491,bitfinex,SOL/USDT:USDT,184.84,2.95,184.83,5.4105,184.85,8.37,184.87,2.90146278
1753769525492,06:12:05.492,bitfinex,SOL/USDT:USDT,184.84,2.95,184.83,5.4105,184.85,8.37,184.87,2.90146278
1753769525723,06:12:05.723,bitfinex,SOL/USDT:USDT,184.83,5.4105,184.79,2.90146278,184.85,2.96,184.87,2.90146278
1753769525755,06:12:05.755,bitfinex,SOL/USDT:USDT,184.83,5.4105,184.79,2.90146278,184.85,2.96,184.87,2.90146278
1753769526067,06:12:06.067,bitfinex,SOL/USDT:USDT,184.84,2.95,184.83,5.4105,184.86,5.4098,184.88,2.90146278
1753769526430,06:12:06.430,bitfinex,SOL/USDT:USDT,184.84,2.95,184.83,5.4105,184.85,2.96,184.86,5.4098
1753769526592,06:12:06.592,bitfinex,SOL/USDT:USDT,184.84,2.95,184.79,2.90146278,184.85,2.96,184.86,5.4098
1753769526593,06:12:06.593,bitfinex,SOL/USDT:USDT,184.84,8.3602,184.81,2.90146278,184.85,2.96,184.88,2.90146278
1753769526593,06:12:06.593,bitfinex,SOL/USDT:USDT,184.84,8.3602,184.81,2.90146278,184.85,2.96,184.88,2.90146278
1753769526796,06:12:06.796,bitfinex,SOL/USDT:USDT,184.84,8.3602,184.81,2.90146278,184.85,2.96,184.88,2.90146278
1753769526797,06:12:06.797,bitfinex,SOL/USDT:USDT,184.84,2.95,184.81,2.90146278,184.87,2.96,184.88,2.90146278
1753769526797,06:12:06.797,bitfinex,SOL/USDT:USDT,184.84,2.95,184.81,2.90146278,184.87,2.96,184.88,2.90146278
1753769526995,06:12:06.995,bitfinex,SOL/USDT:USDT,184.84,2.95,184.81,2.90146278,184.87,2.96,184.88,2.90146278
1753769526996,06:12:06.996,bitfinex,SOL/USDT:USDT,184.84,2.95,184.81,2.90146278,184.86,2.96,184.88,2.90146278
1753769526997,06:12:06.997,bitfinex,SOL/USDT:USDT,184.84,2.95,184.81,2.90146278,184.86,2.96,184.88,2.90146278
1753769527196,06:12:07.196,bitfinex,SOL/USDT:USDT,184.84,2.95,184.81,2.90146278,184.86,2.96,184.88,2.90146278
1753769527196,06:12:07.196,bitfinex,SOL/USDT:USDT,184.84,2.95,184.81,2.90146278,184.86,2.96,184.88,2.90146278
1753769527197,06:12:07.197,bitfinex,SOL/USDT:USDT,184.84,2.95,184.81,2.90146278,184.86,2.96,184.88,2.90146278
1753769527394,06:12:07.394,bitfinex,SOL/USDT:USDT,184.84,2.95,184.81,2.90146278,184.86,2.96,184.88,2.90146278
1753769527394,06:12:07.394,bitfinex,SOL/USDT:USDT,184.84,2.95,184.81,2.90146278,184.86,2.96,184.88,2.90146278
1753769527611,06:12:07.611,bitfinex,SOL/USDT:USDT,184.84,2.95,184.81,2.90146278,184.86,2.96,184.88,2.90146278
1753769527611,06:12:07.611,bitfinex,SOL/USDT:USDT,184.84,2.95,184.81,2.90146278,184.86,2.96,184.88,2.90146278
1753769527612,06:12:07.612,bitfinex,SOL/USDT:USDT,184.84,2.95,184.81,2.90146278,184.86,2.96,184.88,2.90146278
1753769527791,06:12:07.791,bitfinex,SOL/USDT:USDT,184.84,2.95,184.81,2.90146278,184.86,2.96,184.88,2.90146278
1753769527792,06:12:07.792,bitfinex,SOL/USDT:USDT,184.85,5.4097,184.84,2.95,184.95,2.90146278,184.96,0.28637
1753769527792,06:12:07.792,bitfinex,SOL/USDT:USDT,184.85,5.4097,184.84,2.95,184.95,2.90146278,184.96,0.28637
1753769528154,06:12:08.154,bitfinex,SOL/USDT:USDT,184.84,2.95,184.83,2.90146278,184.92,2.90146278,184.94,12.47931494
1753769528194,06:12:08.194,bitfinex,SOL/USDT:USDT,184.84,2.95,184.83,2.90146278,184.92,2.90146278,184.94,12.47931494
1753769528195,06:12:08.195,bitfinex,SOL/USDT:USDT,184.84,2.95,184.83,2.90146278,184.91,2.96,184.92,2.90146278
1753769528196,06:12:08.196,bitfinex,SOL/USDT:USDT,184.84,2.95,184.83,2.90146278,184.91,2.96,184.92,2.90146278
1753769528396,06:12:08.396,bitfinex,SOL/USDT:USDT,184.83,2.90146278,184.79,115.5,184.91,2.96,184.92,2.90146278
1753769528398,06:12:08.398,bitfinex,SOL/USDT:USDT,184.87,2.95,184.86,5.4095,184.88,2.96,184.89,5.409
1753769528399,06:12:08.399,bitfinex,SOL/USDT:USDT,184.87,2.95,184.86,5.4095,184.88,2.96,184.89,5.409
1753769528597,06:12:08.597,bitfinex,SOL/USDT:USDT,184.87,2.95,184.86,5.4095,184.88,2.96,184.89,5.409
1753769528598,06:12:08.598,bitfinex,SOL/USDT:USDT,184.87,2.95,184.86,5.4095,184.88,2.96,184.89,5.409
1753769528598,06:12:08.598,bitfinex,SOL/USDT:USDT,184.87,2.95,184.86,5.4095,184.88,2.96,184.89,5.409
1753769528804,06:12:08.804,bitfinex,SOL/USDT:USDT,184.86,5.4095,184.83,2.90146278,184.88,2.96,184.89,5.409
1753769528806,06:12:08.806,bitfinex,SOL/USDT:USDT,184.86,8.3595,184.83,2.90146278,184.88,2.96,184.89,5.409
1753769528807,06:12:08.807,bitfinex,SOL/USDT:USDT,184.86,8.3595,184.83,2.90146278,184.88,2.96,184.89,5.409
1753769528999,06:12:08.999,bitfinex,SOL/USDT:USDT,184.83,2.90146278,184.79,115.5,184.88,2.96,184.89,5.409
1753769529000,06:12:09.000,bitfinex,SOL/USDT:USDT,184.84,2.95,184.83,2.90146278,184.91,2.96,184.92,2.90146278
1753769529200,06:12:09.200,bitfinex,SOL/USDT:USDT,184.84,2.95,184.77,2.90146278,184.91,2.96,184.92,2.90146278
1753769529202,06:12:09.202,bitfinex,SOL/USDT:USDT,184.84,2.95,184.81,2.90146278,184.9,2.90146278,184.95,2.90146278
1753769529202,06:12:09.202,bitfinex,SOL/USDT:USDT,184.84,2.95,184.81,2.90146278,184.9,2.90146278,184.95,2.90146278
1753769530048,06:12:10.048,bitfinex,SOL/USDT:USDT,184.84,2.95,184.81,2.90146278,184.9,2.90146278,184.95,2.90146278
1753769530077,06:12:10.077,bitfinex,SOL/USDT:USDT,184.85,2.95,184.84,5.41,184.89,2.96,184.9,2.90146278
1753769530111,06:12:10.111,bitfinex,SOL/USDT:USDT,184.85,2.95,184.84,5.41,184.89,2.96,184.9,2.90146278
1753769530119,06:12:10.119,bitfinex,SOL/USDT:USDT,184.85,2.95,184.84,5.41,184.87,5.4096,184.89,2.96
1753769530402,06:12:10.402,bitfinex,SOL/USDT:USDT,184.85,2.95,184.84,5.41,184.87,5.4096,184.89,2.96
1753769530404,06:12:10.404,bitfinex,SOL/USDT:USDT,184.85,2.95,184.84,5.41,184.86,2.96,184.9,2.90146278
1753769531355,06:12:11.355,bitfinex,SOL/USDT:USDT,184.86,2.95,184.83,2.90146278,184.91,2.96,184.92,2.90146278
1753769531405,06:12:11.405,bitfinex,SOL/USDT:USDT,184.86,2.95,184.83,2.90146278,184.91,2.96,184.92,2.90146278
1753769531507,06:12:11.507,bitfinex,SOL/USDT:USDT,184.86,2.95,184.83,2.90146278,184.89,2.96,184.9,5.4087
1753769531511,06:12:11.511,bitfinex,SOL/USDT:USDT,184.86,2.95,184.83,2.90146278,184.89,2.96,184.9,5.4087
1753769531800,06:12:11.800,bitfinex,SOL/USDT:USDT,184.83,2.90146278,184.81,115.48,184.89,2.96,184.9,5.4087
1753769531800,06:12:11.800,bitfinex,SOL/USDT:USDT,184.88,2.95,184.87,5.4092,184.89,2.96,184.9,5.4087
1753769532000,06:12:12.000,bitfinex,SOL/USDT:USDT,184.88,2.95,184.87,5.4092,184.89,2.96,184.9,5.4087
1753769532001,06:12:12.001,bitfinex,SOL/USDT:USDT,184.88,2.95,184.87,5.4092,184.89,2.96,184.9,5.4087
1753769532209,06:12:12.209,bitfinex,SOL/USDT:USDT,184.88,2.95,184.87,5.4092,184.89,2.96,184.9,5.4087
1753769532209,06:12:12.209,bitfinex,SOL/USDT:USDT,184.88,2.95,184.87,5.4092,184.89,2.96,184.9,5.4087
1753769532209,06:12:12.209,bitfinex,SOL/USDT:USDT,184.88,2.95,184.87,5.4092,184.89,2.96,184.9,5.4087
1753769532390,06:12:12.390,bitfinex,SOL/USDT:USDT,184.88,2.95,184.87,5.4092,184.89,2.96,184.9,5.4087
1753769532390,06:12:12.390,bitfinex,SOL/USDT:USDT,184.88,2.95,184.87,5.4092,184.89,2.96,184.92,2.90146278
1753769532391,06:12:12.391,bitfinex,SOL/USDT:USDT,184.88,2.95,184.87,5.4092,184.89,2.96,184.92,2.90146278
1753769532594,06:12:12.594,bitfinex,SOL/USDT:USDT,184.87,5.4092,184.83,2.90146278,184.89,2.96,184.92,2.90146278
1753769532595,06:12:12.595,bitfinex,SOL/USDT:USDT,184.87,2.95,184.86,5.4095,184.88,2.96,184.89,5.4088
1753769532596,06:12:12.596,bitfinex,SOL/USDT:USDT,184.87,2.95,184.86,5.4095,184.88,2.96,184.89,5.4088
1753769533618,06:12:13.618,bitfinex,SOL/USDT:USDT,184.87,2.95,184.86,5.4095,184.88,2.96,184.89,5.4089
1753769533691,06:12:13.691,bitfinex,SOL/USDT:USDT,184.87,2.95,184.86,5.4095,184.88,2.96,184.89,5.4089
1753769533693,06:12:13.693,bitfinex,SOL/USDT:USDT,184.87,2.95,184.86,5.4095,184.88,2.96,184.89,5.4089
1753769533693,06:12:13.693,bitfinex,SOL/USDT:USDT,184.87,2.95,184.86,5.4095,184.88,2.96,184.89,5.4089
1753769533935,06:12:13.935,bitfinex,SOL/USDT:USDT,184.87,2.95,184.86,5.4095,184.88,2.96,184.89,5.4089
1753769533939,06:12:13.939,bitfinex,SOL/USDT:USDT,184.87,2.95,184.86,5.4095,184.88,2.96,184.89,5.4089
1753769533942,06:12:13.942,bitfinex,SOL/USDT:USDT,184.87,2.95,184.86,5.4095,184.88,2.96,184.89,5.4089
1753769534089,06:12:14.089,bitfinex,SOL/USDT:USDT,184.87,2.95,184.86,5.4095,184.88,2.96,184.89,5.4089
1753769534090,06:12:14.090,bitfinex,SOL/USDT:USDT,184.87,2.95,184.86,5.4095,184.88,2.96,184.89,5.4089
1753769534300,06:12:14.300,bitfinex,SOL/USDT:USDT,184.87,2.95,184.86,5.4095,184.88,2.96,184.89,5.4089
1753769534301,06:12:14.301,bitfinex,SOL/USDT:USDT,184.87,2.95,184.86,5.4095,184.88,2.96,184.89,5.4089
1753769534495,06:12:14.495,bitfinex,SOL/USDT:USDT,184.87,2.95,184.86,5.4095,184.88,2.96,184.89,5.4089
1753769534496,06:12:14.496,bitfinex,SOL/USDT:USDT,184.87,2.95,184.86,5.4095,184.88,2.96,184.89,5.4089
1753769535257,06:12:15.257,bitfinex,SOL/USDT:USDT,184.87,2.95,184.86,5.4095,184.88,2.96,184.89,5.4089
1753769535607,06:12:15.607,bitfinex,SOL/USDT:USDT,184.88,2.91,184.87,5.4092,184.9,5.4086,184.92,2.90146278
1753769535608,06:12:15.608,bitfinex,SOL/USDT:USDT,184.88,2.91,184.87,5.4092,184.9,5.4086,184.92,2.90146278
1753769535899,06:12:15.899,bitfinex,SOL/USDT:USDT,184.88,2.91,184.87,5.4092,184.9,5.4086,184.91,3.09
1753769535994,06:12:15.994,bitfinex,SOL/USDT:USDT,184.88,2.91,184.87,5.4092,184.9,5.4086,184.91,3.09
1753769535994,06:12:15.994,bitfinex,SOL/USDT:USDT,184.88,2.91,184.87,5.4092,184.9,5.4086,184.91,3.09
1753769535995,06:12:15.995,bitfinex,SOL/USDT:USDT,184.88,2.91,184.87,5.4092,184.9,5.4086,184.91,3.09
1753769536293,06:12:16.293,bitfinex,SOL/USDT:USDT,184.88,2.91,184.87,5.4092,184.9,5.4086,184.91,3.09
1753769536294,06:12:16.294,bitfinex,SOL/USDT:USDT,184.88,2.91,184.87,5.4092,184.9,5.4086,184.91,3.09
1753769536294,06:12:16.294,bitfinex,SOL/USDT:USDT,184.88,2.91,184.87,5.4092,184.9,5.4086,184.91,3.09
1753769536597,06:12:16.597,bitfinex,SOL/USDT:USDT,184.88,2.91,184.87,5.4092,184.9,5.4086,184.92,2.90146278
1753769536599,06:12:16.599,bitfinex,SOL/USDT:USDT,184.88,2.91,184.87,5.4092,184.9,8.4986,184.92,2.90146278
1753769536600,06:12:16.600,bitfinex,SOL/USDT:USDT,184.88,2.91,184.87,5.4092,184.9,8.4986,184.92,2.90146278
1753769536993,06:12:16.993,bitfinex,SOL/USDT:USDT,184.88,2.91,184.87,5.4092,184.9,8.4986,184.92,2.90146278
1753769537744,06:12:17.744,bitfinex,SOL/USDT:USDT,184.88,2.91,184.87,5.4092,184.9,8.4986,184.92,2.90146278
1753769537899,06:12:17.899,bitfinex,SOL/USDT:USDT,184.88,2.91,184.85,2.90146278,184.9,5.4086,184.96,0.28637
1753769538041,06:12:18.041,bitfinex,SOL/USDT:USDT,184.88,2.91,184.87,2.90146278,184.95,3.09,184.96,3.18783278
1753769538216,06:12:18.216,bitfinex,SOL/USDT:USDT,184.88,2.91,184.87,2.90146278,184.95,3.09,184.96,3.18783278
1753769538218,06:12:18.218,bitfinex,SOL/USDT:USDT,184.88,2.91,184.87,2.90146278,184.95,3.09,184.96,3.18783278
1753769538399,06:12:18.399,bitfinex,SOL/USDT:USDT,184.88,2.91,184.87,2.90146278,184.95,3.09,184.96,3.18783278
1753769538401,06:12:18.401,bitfinex,SOL/USDT:USDT,184.88,2.91,184.87,2.90146278,184.93,3.09,184.94,2.90146278
1753769538401,06:12:18.401,bitfinex,SOL/USDT:USDT,184.88,2.91,184.87,2.90146278,184.93,3.09,184.94,2.90146278
1753769538606,06:12:18.606,bitfinex,SOL/USDT:USDT,184.88,2.91,184.87,2.90146278,184.93,3.09,184.94,2.90146278
1753769538612,06:12:18.612,bitfinex,SOL/USDT:USDT,184.88,2.91,184.87,2.90146278,184.93,3.09,184.94,2.90146278
1753769538914,06:12:18.914,bitfinex,SOL/USDT:USDT,184.88,2.91,184.87,2.90146278,184.93,3.09,184.94,2.90146278
1753769538920,06:12:18.920,bitfinex,SOL/USDT:USDT,184.88,2.91,184.87,2.90146278,184.93,3.09,184.94,2.90146278
1753769538926,06:12:18.926,bitfinex,SOL/USDT:USDT,184.88,2.91,184.87,2.90146278,184.93,3.09,184.94,2.90146278
1753769539251,06:12:19.251,bitfinex,SOL/USDT:USDT,184.86,2.91,184.85,2.90146278,184.91,3.09,184.92,2.90146278
1753769539417,06:12:19.417,bitfinex,SOL/USDT:USDT,184.86,2.91,184.85,2.90146278,184.91,3.09,184.92,2.90146278
1753769539420,06:12:19.420,bitfinex,SOL/USDT:USDT,184.86,2.91,184.85,2.90146278,184.91,3.09,184.92,2.90146278
1753769539425,06:12:19.425,bitfinex,SOL/USDT:USDT,184.86,2.91,184.85,2.90146278,184.91,3.09,184.92,2.90146278
1753769539594,06:12:19.594,bitfinex,SOL/USDT:USDT,184.85,2.90146278,184.83,115.46,184.91,3.09,184.92,2.90146278
1753769539595,06:12:19.595,bitfinex,SOL/USDT:USDT,184.89,2.91,184.85,2.90146278,184.9,3.09,184.94,2.90146278
1753769539791,06:12:19.791,bitfinex,SOL/USDT:USDT,184.89,2.91,184.85,2.90146278,184.9,3.09,184.94,2.90146278
1753769539792,06:12:19.792,bitfinex,SOL/USDT:USDT,184.89,2.91,184.85,2.90146278,184.9,3.09,184.94,2.90146278
1753769540456,06:12:20.456,bitfinex,SOL/USDT:USDT,184.89,8.3187,184.85,2.90146278,184.9,3.09,184.93,5.4079
1753769540506,06:12:20.506,bitfinex,SOL/USDT:USDT,184.89,8.3187,184.85,2.90146278,184.9,3.09,184.94,2.90146278
1753769540596,06:12:20.596,bitfinex,SOL/USDT:USDT,184.89,8.3187,184.85,2.90146278,184.9,3.09,184.94,2.90146278
1753769540596,06:12:20.596,bitfinex,SOL/USDT:USDT,184.89,8.3187,184.85,2.90146278,184.9,3.09,184.94,2.90146278
1753769540598,06:12:20.598,bitfinex,SOL/USDT:USDT,184.89,8.3187,184.85,2.90146278,184.9,3.09,184.94,2.90146278
1753769540968,06:12:20.968,bitfinex,SOL/USDT:USDT,184.9,5.4085,184.89,2.91,184.93,5.4077,184.94,2.90146278
1753769541035,06:12:21.035,bitfinex,SOL/USDT:USDT,184.9,8.3185,184.85,2.90146278,184.92,3.09,184.93,5.4077
1753769541304,06:12:21.304,bitfinex,SOL/USDT:USDT,184.9,8.3185,184.85,2.90146278,184.92,3.09,184.93,5.4077
1753769541305,06:12:21.305,bitfinex,SOL/USDT:USDT,184.9,8.3185,184.85,2.90146278,184.92,3.09,184.93,5.4077
1753769541305,06:12:21.305,bitfinex,SOL/USDT:USDT,184.9,8.3185,184.85,2.90146278,184.92,3.09,184.93,5.4077
1753769541608,06:12:21.608,bitfinex,SOL/USDT:USDT,184.9,8.3185,184.85,2.90146278,184.93,5.4077,184.94,2.90146278
1753769541609,06:12:21.609,bitfinex,SOL/USDT:USDT,184.9,5.4085,184.85,2.90146278,184.91,3.09,184.93,5.4077
1753769541814,06:12:21.814,bitfinex,SOL/USDT:USDT,184.9,5.4085,184.85,2.90146278,184.91,3.09,184.93,5.4077
1753769541818,06:12:21.818,bitfinex,SOL/USDT:USDT,184.9,5.4085,184.85,2.90146278,184.91,3.09,184.93,5.4077
1753769542004,06:12:22.004,bitfinex,SOL/USDT:USDT,184.9,5.4085,184.85,2.90146278,184.91,3.09,184.93,5.4077
1753769542004,06:12:22.004,bitfinex,SOL/USDT:USDT,184.9,8.3185,184.85,2.90146278,184.91,3.09,184.93,5.4077
1753769542005,06:12:22.005,bitfinex,SOL/USDT:USDT,184.9,8.3185,184.85,2.90146278,184.91,3.09,184.93,5.4077
1753769542506,06:12:22.506,bitfinex,SOL/USDT:USDT,184.86,2.91,184.85,2.90146278,184.91,3.09,184.92,2.90146278
1753769542540,06:12:22.540,bitfinex,SOL/USDT:USDT,184.86,2.91,184.85,2.90146278,184.91,3.09,184.92,2.90146278
1753769542719,06:12:22.719,bitfinex,SOL/USDT:USDT,184.85,2.90146278,184.83,115.46,184.91,3.09,184.92,2.90146278
1753769542721,06:12:22.721,bitfinex,SOL/USDT:USDT,184.87,2.91,184.85,2.90146278,184.91,3.09,184.92,2.90146278
1753769542900,06:12:22.900,bitfinex,SOL/USDT:USDT,184.85,2.90146278,184.84,115.46,184.91,3.09,184.92,2.90146278
1753769542901,06:12:22.901,bitfinex,SOL/USDT:USDT,184.88,8.3189,184.85,2.90146278,184.9,3.09,184.91,5.4084
1753769542902,06:12:22.902,bitfinex,SOL/USDT:USDT,184.88,8.3189,184.85,2.90146278,184.9,3.09,184.91,5.4084
1753769543210,06:12:23.210,bitfinex,SOL/USDT:USDT,184.88,8.3189,184.85,2.90146278,184.9,3.09,184.91,5.4084
1753769543212,06:12:23.212,bitfinex,SOL/USDT:USDT,184.89,2.91,184.88,5.4089,184.9,3.09,184.91,5.4084
1753769543218,06:12:23.218,bitfinex,SOL/USDT:USDT,184.89,2.91,184.88,5.4089,184.9,3.09,184.91,5.4084
1753769543401,06:12:23.401,bitfinex,SOL/USDT:USDT,184.89,2.91,184.85,2.90146278,184.9,3.09,184.91,5.4084
1753769543402,06:12:23.402,bitfinex,SOL/USDT:USDT,184.89,2.91,184.85,2.90146278,184.9,3.09,184.91,5.4084
1753769543402,06:12:23.402,bitfinex,SOL/USDT:USDT,184.89,2.91,184.85,2.90146278,184.9,3.09,184.91,5.4084
1753769543880,06:12:23.880,bitfinex,SOL/USDT:USDT,184.89,2.91,184.85,2.90146278,184.9,3.09,184.91,5.4084
1753769544101,06:12:24.101,bitfinex,SOL/USDT:USDT,184.89,2.91,184.85,2.90146278,184.9,3.09,184.91,5.4084
1753769544102,06:12:24.102,bitfinex,SOL/USDT:USDT,184.89,2.91,184.85,2.90146278,184.9,3.09,184.91,5.4084
1753769544473,06:12:24.473,bitfinex,SOL/USDT:USDT,184.89,2.91,184.85,2.90146278,184.9,3.09,184.91,5.4084
1753769544477,06:12:24.477,bitfinex,SOL/USDT:USDT,184.89,8.3188,184.85,2.90146278,184.9,3.09,184.91,5.4084
1753769544485,06:12:24.485,bitfinex,SOL/USDT:USDT,184.89,8.3188,184.85,2.90146278,184.9,3.09,184.91,5.4084
1753769545105,06:12:25.105,bitfinex,SOL/USDT:USDT,184.89,8.3188,184.85,2.90146278,184.9,3.09,184.91,5.4084
1753769545105,06:12:25.105,bitfinex,SOL/USDT:USDT,184.89,8.3188,184.85,2.90146278,184.9,3.09,184.91,5.4084
1753769545320,06:12:25.320,bitfinex,SOL/USDT:USDT,184.89,8.3188,184.85,2.90146278,184.9,3.09,184.91,5.4084
1753769545333,06:12:25.333,bitfinex,SOL/USDT:USDT,184.89,8.3188,184.85,2.90146278,184.9,3.09,184.91,5.4084
1753769545802,06:12:25.802,bitfinex,SOL/USDT:USDT,184.89,8.3188,184.85,2.90146278,184.9,3.09,184.92,2.90146278
1753769545803,06:12:25.803,bitfinex,SOL/USDT:USDT,184.89,8.3188,184.85,2.90146278,184.9,3.09,184.92,8.30946278
1753769545803,06:12:25.803,bitfinex,SOL/USDT:USDT,184.89,8.3188,184.85,2.90146278,184.9,3.09,184.92,8.30946278
1753769546656,06:12:26.656,bitfinex,SOL/USDT:USDT,184.89,8.3188,184.85,2.90146278,184.9,3.09,184.92,2.90146278
1753769546774,06:12:26.774,bitfinex,SOL/USDT:USDT,184.87,2.91,184.85,2.90146278,184.9,3.09,184.92,2.90146278
1753769546841,06:12:26.841,bitfinex,SOL/USDT:USDT,184.87,2.91,184.83,118.34146278,184.9,3.09,184.92,2.90146278
1753769547359,06:12:27.359,bitfinex,SOL/USDT:USDT,184.83,118.34146278,184.8,10.8227,184.9,3.09,184.92,2.90146278
1753769547395,06:12:27.395,bitfinex,SOL/USDT:USDT,184.88,2.91,184.83,118.34146278,184.89,8.4989,184.92,2.90146278
1753769547502,06:12:27.502,bitfinex,SOL/USDT:USDT,184.88,2.91,184.83,118.34146278,184.89,8.4989,184.92,2.90146278
1753769547502,06:12:27.502,bitfinex,SOL/USDT:USDT,184.88,2.91,184.83,118.34146278,184.89,8.4989,184.92,2.90146278
1753769547503,06:12:27.503,bitfinex,SOL/USDT:USDT,184.88,2.91,184.83,118.34146278,184.89,8.4989,184.92,2.90146278
1753769547719,06:12:27.719,bitfinex,SOL/USDT:USDT,184.88,2.91,184.83,118.34146278,184.89,8.4989,184.92,2.90146278
1753769547722,06:12:27.722,bitfinex,SOL/USDT:USDT,184.88,2.91,184.83,118.34146278,184.89,8.4989,184.92,2.90146278
1753769548450,06:12:28.450,bitfinex,SOL/USDT:USDT,184.88,2.91,184.87,5.4094,184.89,3.09,184.9,5.4086
1753769548497,06:12:28.497,bitfinex,SOL/USDT:USDT,184.88,2.91,184.87,5.4094,184.89,3.09,184.9,5.4086
1753769548951,06:12:28.951,bitfinex,SOL/USDT:USDT,184.88,2.91,184.87,5.4094,184.89,3.09,184.9,5.4086
1753769548957,06:12:28.957,bitfinex,SOL/USDT:USDT,184.88,2.91,184.87,5.4094,184.89,3.09,184.9,5.4086
1753769549113,06:12:29.113,bitfinex,SOL/USDT:USDT,184.88,2.91,184.87,5.4094,184.89,3.09,184.9,5.4086
1753769549114,06:12:29.114,bitfinex,SOL/USDT:USDT,184.88,2.91,184.87,5.4094,184.89,3.09,184.9,5.4086
1753769549864,06:12:29.864,bitfinex,SOL/USDT:USDT,184.86,8.3196,184.83,115.44,184.88,3.09,184.9,2.90146278
1753769550063,06:12:30.063,bitfinex,SOL/USDT:USDT,184.86,8.3196,184.83,115.44,184.88,3.09,184.9,2.90146278
1753769550297,06:12:30.297,bitfinex,SOL/USDT:USDT,184.86,8.3196,184.83,115.44,184.88,3.09,184.9,2.90146278
1753769550340,06:12:30.340,bitfinex,SOL/USDT:USDT,184.86,8.3196,184.83,115.44,184.88,3.09,184.9,2.90146278
1753769551394,06:12:31.394,bitfinex,SOL/USDT:USDT,184.86,2.91,184.83,115.44,184.88,8.4992,184.9,2.90146278
1753769551804,06:12:31.804,bitfinex,SOL/USDT:USDT,184.86,8.3197,184.83,115.44,184.87,3.09,184.9,2.90146278
1753769552088,06:12:32.088,bitfinex,SOL/USDT:USDT,184.87,2.91,184.85,2.90146278,184.93,3.09,184.94,2.90146278
1753769552213,06:12:32.213,bitfinex,SOL/USDT:USDT,184.88,2.91,184.87,2.90146278,184.93,3.09,184.96,3.18783278
1753769552252,06:12:32.252,bitfinex,SOL/USDT:USDT,184.88,2.91,184.87,2.90146278,184.93,3.09,184.96,3.18783278
1753769552375,06:12:32.375,bitfinex,SOL/USDT:USDT,184.88,2.91,184.87,2.90146278,184.93,3.09,184.94,5.4075
1753769552397,06:12:32.397,bitfinex,SOL/USDT:USDT,184.88,2.91,184.87,2.90146278,184.93,3.09,184.94,5.4075
1753769552518,06:12:32.518,bitfinex,SOL/USDT:USDT,184.88,2.91,184.87,2.90146278,184.93,3.09,184.94,5.4075
1753769552519,06:12:32.519,bitfinex,SOL/USDT:USDT,184.88,2.91,184.87,2.90146278,184.93,3.09,184.94,5.4075
1753769552521,06:12:32.521,bitfinex,SOL/USDT:USDT,184.88,2.91,184.87,2.90146278,184.93,3.09,184.94,5.4075
1753769553086,06:12:33.086,bitfinex,SOL/USDT:USDT,184.88,2.91,184.87,2.90146278,184.93,3.09,184.94,5.4075
1753769553162,06:12:33.162,bitfinex,SOL/USDT:USDT,184.9,2.91,184.87,2.90146278,184.93,3.09,184.94,5.4075
1753769553731,06:12:33.731,bitfinex,SOL/USDT:USDT,184.93,8.3176,184.89,2.90146278,184.94,3.09,184.96,0.28637
1753769553844,06:12:33.844,bitfinex,SOL/USDT:USDT,184.93,8.3176,184.89,2.90146278,184.94,3.09,184.96,0.28637
1753769553854,06:12:33.854,bitfinex,SOL/USDT:USDT,184.93,8.3176,184.89,2.90146278,184.94,3.09,184.96,0.28637
1753769554039,06:12:34.039,bitfinex,SOL/USDT:USDT,184.93,8.3176,184.89,2.90146278,184.94,3.09,184.96,0.28637
1753769554328,06:12:34.328,bitfinex,SOL/USDT:USDT,184.93,8.3176,184.89,2.90146278,184.94,3.09,184.96,5.69327
1753769554625,06:12:34.625,bitfinex,SOL/USDT:USDT,184.93,8.3176,184.89,2.90146278,184.94,3.09,184.96,5.69327
1753769554626,06:12:34.626,bitfinex,SOL/USDT:USDT,184.93,8.3176,184.89,2.90146278,184.94,3.09,184.96,5.69327
1753769554627,06:12:34.627,bitfinex,SOL/USDT:USDT,184.93,8.3176,184.89,2.90146278,184.94,3.09,184.96,5.69327
1753769554927,06:12:34.927,bitfinex,SOL/USDT:USDT,184.93,8.3176,184.89,2.90146278,184.94,3.09,184.96,5.69327
1753769554928,06:12:34.928,bitfinex,SOL/USDT:USDT,184.93,8.3176,184.89,2.90146278,184.94,3.09,184.96,5.69327
1753769554932,06:12:34.932,bitfinex,SOL/USDT:USDT,184.93,8.3176,184.89,2.90146278,184.94,3.09,184.96,5.69327
1753769555116,06:12:35.116,bitfinex,SOL/USDT:USDT,184.93,8.3176,184.89,2.90146278,184.94,3.09,184.96,5.69327
1753769555117,06:12:35.117,bitfinex,SOL/USDT:USDT,184.93,8.3176,184.89,2.90146278,184.94,3.09,184.96,5.69327
1753769555117,06:12:35.117,bitfinex,SOL/USDT:USDT,184.93,8.3176,184.89,2.90146278,184.94,3.09,184.96,5.69327
1753769555321,06:12:35.321,bitfinex,SOL/USDT:USDT,184.93,8.3176,184.89,2.90146278,184.94,3.09,184.96,5.69327
1753769555322,06:12:35.322,bitfinex,SOL/USDT:USDT,184.93,8.3176,184.89,2.90146278,184.94,3.09,184.96,5.69327
1753769555322,06:12:35.322,bitfinex,SOL/USDT:USDT,184.93,8.3176,184.89,2.90146278,184.94,3.09,184.96,5.69327
1753769555525,06:12:35.525,bitfinex,SOL/USDT:USDT,184.93,8.3176,184.89,2.90146278,184.94,3.09,184.96,5.69327
1753769555526,06:12:35.526,bitfinex,SOL/USDT:USDT,184.93,8.3176,184.89,2.90146278,184.94,3.09,184.96,5.69327
1753769555859,06:12:35.859,bitfinex,SOL/USDT:USDT,184.93,2.91,184.92,5.4078,184.94,3.09,184.95,5.407
1753769556027,06:12:36.027,bitfinex,SOL/USDT:USDT,184.93,2.91,184.89,2.90146278,184.94,3.09,184.95,5.407
1753769556028,06:12:36.028,bitfinex,SOL/USDT:USDT,184.93,2.91,184.89,2.90146278,184.94,3.09,184.95,5.407
1753769556215,06:12:36.215,bitfinex,SOL/USDT:USDT,184.93,2.91,184.89,2.90146278,184.94,3.09,184.95,5.407
1753769556215,06:12:36.215,bitfinex,SOL/USDT:USDT,184.93,2.91,184.89,2.90146278,184.94,3.09,184.95,5.407
1753769556215,06:12:36.215,bitfinex,SOL/USDT:USDT,184.93,2.91,184.89,2.90146278,184.94,3.09,184.95,5.407
1753769557056,06:12:37.056,bitfinex,SOL/USDT:USDT,184.93,2.91,184.89,2.90146278,184.94,3.09,184.95,5.407
1753769557080,06:12:37.080,bitfinex,SOL/USDT:USDT,184.9,2.91,184.89,2.90146278,184.94,3.09,184.95,5.407
1753769557186,06:12:37.186,bitfinex,SOL/USDT:USDT,184.9,2.91,184.89,2.90146278,184.94,3.09,184.95,5.407
1753769557231,06:12:37.231,bitfinex,SOL/USDT:USDT,184.9,2.91,184.89,2.90146278,184.94,3.09,184.95,5.407
1753769557328,06:12:37.328,bitfinex,SOL/USDT:USDT,184.89,2.90146278,184.85,169.0898125,184.94,3.09,184.95,5.407
1753769557330,06:12:37.330,bitfinex,SOL/USDT:USDT,184.93,5.4076,184.89,2.90146278,184.94,3.09,184.95,5.407
1753769557332,06:12:37.332,bitfinex,SOL/USDT:USDT,184.93,5.4076,184.89,2.90146278,184.94,3.09,184.95,5.407
1753769557899,06:12:37.899,bitfinex,SOL/USDT:USDT,184.93,8.3176,184.89,2.90146278,184.94,3.09,184.95,5.407
1753769557911,06:12:37.911,bitfinex,SOL/USDT:USDT,184.93,8.3176,184.89,2.90146278,184.94,3.09,184.95,5.407
1753769558325,06:12:38.325,bitfinex,SOL/USDT:USDT,184.93,8.3176,184.89,2.90146278,184.94,3.09,184.95,5.407
1753769558326,06:12:38.326,bitfinex,SOL/USDT:USDT,184.93,8.3176,184.89,2.90146278,184.94,3.09,184.95,5.407
1753769558327,06:12:38.327,bitfinex,SOL/USDT:USDT,184.93,8.3176,184.89,2.90146278,184.94,3.09,184.95,5.407
1753769559223,06:12:39.223,bitfinex,SOL/USDT:USDT,184.93,8.3176,184.89,2.90146278,184.94,3.09,184.96,0.28637
1753769559224,06:12:39.224,bitfinex,SOL/USDT:USDT,184.93,8.3176,184.89,2.90146278,184.94,3.09,184.96,0.28637
1753769559422,06:12:39.422,bitfinex,SOL/USDT:USDT,184.93,8.3176,184.89,2.90146278,184.94,3.09,184.96,0.28637
1753769559422,06:12:39.422,bitfinex,SOL/USDT:USDT,184.93,8.3176,184.89,2.90146278,184.94,3.09,184.96,5.69327
1753769559423,06:12:39.423,bitfinex,SOL/USDT:USDT,184.93,8.3176,184.89,2.90146278,184.94,3.09,184.96,5.69327
1753769559625,06:12:39.625,bitfinex,SOL/USDT:USDT,184.93,8.3176,184.89,2.90146278,184.94,3.09,184.96,5.69327
1753769559626,06:12:39.626,bitfinex,SOL/USDT:USDT,184.93,8.3176,184.89,2.90146278,184.94,3.09,184.96,0.28637
1753769559627,06:12:39.627,bitfinex,SOL/USDT:USDT,184.93,8.3176,184.89,2.90146278,184.94,3.09,184.96,0.28637
1753769559849,06:12:39.849,bitfinex,SOL/USDT:USDT,184.93,8.3176,184.89,2.90146278,184.94,3.09,184.96,0.28637
1753769559855,06:12:39.855,bitfinex,SOL/USDT:USDT,184.93,8.3176,184.89,2.90146278,184.94,3.09,184.96,0.28637
1753769560129,06:12:40.129,bitfinex,SOL/USDT:USDT,184.93,8.3176,184.89,2.90146278,184.94,3.09,184.96,5.69317
1753769560328,06:12:40.328,bitfinex,SOL/USDT:USDT,184.93,8.3176,184.89,2.90146278,184.94,3.09,184.96,5.69317
1753769560331,06:12:40.331,bitfinex,SOL/USDT:USDT,184.93,8.3176,184.89,2.90146278,184.94,3.09,184.96,5.69317
1753769560528,06:12:40.528,bitfinex,SOL/USDT:USDT,184.93,8.3176,184.89,2.90146278,184.94,3.09,184.96,5.69317
1753769560530,06:12:40.530,bitfinex,SOL/USDT:USDT,184.93,8.3176,184.89,2.90146278,184.94,3.09,184.96,5.69317
1753769561119,06:12:41.119,bitfinex,SOL/USDT:USDT,184.93,8.3176,184.89,2.90146278,184.94,3.09,184.96,5.69317
1753769561120,06:12:41.120,bitfinex,SOL/USDT:USDT,184.94,2.91,184.93,5.4076,184.96,8.78317,184.97,2.90146278
1753769561121,06:12:41.121,bitfinex,SOL/USDT:USDT,184.94,2.91,184.93,5.4076,184.96,8.78317,184.97,2.90146278
1753769561323,06:12:41.323,bitfinex,SOL/USDT:USDT,184.94,2.91,184.93,5.4076,184.96,8.78317,184.97,2.90146278
1753769561324,06:12:41.324,bitfinex,SOL/USDT:USDT,184.94,2.91,184.93,5.4076,184.95,3.09,184.96,8.78317
1753769561325,06:12:41.325,bitfinex,SOL/USDT:USDT,184.94,2.91,184.93,5.4076,184.95,3.09,184.96,5.69317
1753769561519,06:12:41.519,bitfinex,SOL/USDT:USDT,184.94,2.91,184.93,5.4076,184.95,3.09,184.96,5.69317
1753769561519,06:12:41.519,bitfinex,SOL/USDT:USDT,184.94,2.91,184.93,5.4076,184.95,3.09,184.96,5.69317
1753769561519,06:12:41.519,bitfinex,SOL/USDT:USDT,184.94,2.91,184.93,5.4076,184.95,3.09,184.96,5.69317
1753769561733,06:12:41.733,bitfinex,SOL/USDT:USDT,184.94,2.91,184.93,5.4076,184.95,3.09,184.96,5.69317
1753769562333,06:12:42.333,bitfinex,SOL/USDT:USDT,184.94,2.91,184.93,5.4076,184.95,3.09,184.96,5.69317
1753769562333,06:12:42.333,bitfinex,SOL/USDT:USDT,184.94,2.91,184.93,5.4076,184.95,3.09,184.96,5.69317
1753769563236,06:12:43.236,bitfinex,SOL/USDT:USDT,184.94,2.91,184.93,5.4076,184.95,3.09,184.96,5.69317
1753769563236,06:12:43.236,bitfinex,SOL/USDT:USDT,184.94,2.91,184.93,5.4076,184.95,3.09,184.96,5.69317
1753769563434,06:12:43.434,bitfinex,SOL/USDT:USDT,184.94,2.91,184.93,5.4076,184.95,3.09,184.96,5.69317
1753769563436,06:12:43.436,bitfinex,SOL/USDT:USDT,184.94,2.91,184.93,5.4076,184.95,3.09,184.96,5.69317
1753769563630,06:12:43.630,bitfinex,SOL/USDT:USDT,184.94,2.91,184.93,5.4076,184.95,3.09,184.96,5.69317
1753769563630,06:12:43.630,bitfinex,SOL/USDT:USDT,184.94,2.91,184.93,5.4076,184.95,3.09,184.96,5.69317
1753769563631,06:12:43.631,bitfinex,SOL/USDT:USDT,184.94,2.91,184.93,5.4076,184.95,3.09,184.96,5.69317
1753769564558,06:12:44.558,bitfinex,SOL/USDT:USDT,184.94,2.91,184.93,5.4076,184.95,3.09,184.96,5.69317
1753769564560,06:12:44.560,bitfinex,SOL/USDT:USDT,184.94,2.91,184.93,5.4076,184.95,3.09,184.96,5.69317
1753769565137,06:12:45.137,bitfinex,SOL/USDT:USDT,184.94,8.3173,184.89,2.90146278,184.95,3.09,184.96,5.69317
1753769565137,06:12:45.137,bitfinex,SOL/USDT:USDT,184.94,8.3173,184.89,2.90146278,184.95,3.09,184.96,5.69317
1753769565351,06:12:45.351,bitfinex,SOL/USDT:USDT,184.89,2.90146278,184.85,169.0898125,184.96,0.28637,184.98,5.4063
1753769565352,06:12:45.352,bitfinex,SOL/USDT:USDT,184.89,2.90146278,184.85,169.0898125,184.96,0.28637,184.98,5.4063
1753769565534,06:12:45.534,bitfinex,SOL/USDT:USDT,184.92,3.08,184.91,2.90146278,184.96,0.28637,184.99,2.90146278
1753769565535,06:12:45.535,bitfinex,SOL/USDT:USDT,184.92,3.08,184.91,2.90146278,184.96,0.28637,184.99,2.90146278
1753769565844,06:12:45.844,bitfinex,SOL/USDT:USDT,184.92,3.08,184.91,2.90146278,184.96,0.28637,184.99,2.90146278
1753769565844,06:12:45.844,bitfinex,SOL/USDT:USDT,184.92,3.08,184.91,2.90146278,184.95,3.07,184.96,0.28637
1753769566130,06:12:46.130,bitfinex,SOL/USDT:USDT,184.91,2.90146278,184.87,10.8186,184.95,3.07,184.96,0.28637
1753769566131,06:12:46.131,bitfinex,SOL/USDT:USDT,184.95,8.487,184.91,2.90146278,184.96,0.28637,184.99,2.90146278
1753769566132,06:12:46.132,bitfinex,SOL/USDT:USDT,184.95,8.487,184.91,2.90146278,184.96,0.28637,184.97,8.4765
1753769566332,06:12:46.332,bitfinex,SOL/USDT:USDT,184.95,8.487,184.91,2.90146278,184.96,3.35637,184.97,8.4765
1753769566332,06:12:46.332,bitfinex,SOL/USDT:USDT,184.95,8.487,184.91,2.90146278,184.96,3.35637,184.97,5.4065
1753769567532,06:12:47.532,bitfinex,SOL/USDT:USDT,184.95,8.487,184.91,2.90146278,184.96,3.35637,184.97,5.4065
1753769567533,06:12:47.533,bitfinex,SOL/USDT:USDT,184.95,8.487,184.91,2.90146278,184.96,3.35637,184.98,5.4063
1753769567533,06:12:47.533,bitfinex,SOL/USDT:USDT,184.95,8.487,184.91,2.90146278,184.96,3.35637,184.98,5.4063
1753769567734,06:12:47.734,bitfinex,SOL/USDT:USDT,184.95,8.487,184.91,2.90146278,184.96,3.35637,184.98,5.4063
1753769567736,06:12:47.736,bitfinex,SOL/USDT:USDT,184.95,8.487,184.91,2.90146278,184.96,3.35637,184.98,5.4063
1753769567738,06:12:47.738,bitfinex,SOL/USDT:USDT,184.95,8.487,184.91,2.90146278,184.96,3.35637,184.98,5.4063
1753769567932,06:12:47.932,bitfinex,SOL/USDT:USDT,184.95,8.487,184.91,2.90146278,184.96,3.35637,184.98,5.4063
1753769567932,06:12:47.932,bitfinex,SOL/USDT:USDT,184.95,8.487,184.91,2.90146278,184.96,3.35637,184.98,5.4063
1753769568141,06:12:48.141,bitfinex,SOL/USDT:USDT,184.95,8.487,184.91,2.90146278,184.96,3.35637,184.98,5.4063
1753769568144,06:12:48.144,bitfinex,SOL/USDT:USDT,184.95,8.487,184.91,2.90146278,184.96,3.35637,184.98,5.4063
1753769568338,06:12:48.338,bitfinex,SOL/USDT:USDT,184.95,8.487,184.91,2.90146278,184.96,3.35637,184.98,5.4063
1753769568538,06:12:48.538,bitfinex,SOL/USDT:USDT,184.95,8.487,184.91,2.90146278,184.96,3.35637,184.98,5.4063
1753769568544,06:12:48.544,bitfinex,SOL/USDT:USDT,184.95,8.487,184.91,2.90146278,184.96,3.35637,184.98,5.4063
1753769569143,06:12:49.143,bitfinex,SOL/USDT:USDT,184.95,8.487,184.91,2.90146278,184.96,3.35637,184.98,5.4063
1753769569145,06:12:49.145,bitfinex,SOL/USDT:USDT,184.95,8.487,184.91,2.90146278,184.96,3.35637,184.98,5.4063
1753769569451,06:12:49.451,bitfinex,SOL/USDT:USDT,184.95,8.487,184.91,118.30146278,184.96,3.35637,184.98,5.4063
1753769569451,06:12:49.451,bitfinex,SOL/USDT:USDT,184.95,8.487,184.91,118.30146278,184.96,3.35637,184.98,5.4063
1753769569638,06:12:49.638,bitfinex,SOL/USDT:USDT,184.95,8.487,184.91,118.30146278,184.96,3.35637,184.98,5.4063
1753769569639,06:12:49.639,bitfinex,SOL/USDT:USDT,184.95,8.487,184.91,118.30146278,184.96,0.28637,184.98,8.4763
1753769569936,06:12:49.936,bitfinex,SOL/USDT:USDT,184.95,8.487,184.91,118.30146278,184.96,0.28637,184.99,2.90146278
1753769569936,06:12:49.936,bitfinex,SOL/USDT:USDT,184.95,8.487,184.91,118.30146278,184.96,0.28637,184.97,3.07
1753769569937,06:12:49.937,bitfinex,SOL/USDT:USDT,184.95,8.487,184.91,118.30146278,184.96,0.28637,184.97,3.07
1753769570126,06:12:50.126,bitfinex,SOL/USDT:USDT,184.95,8.487,184.91,118.30146278,184.96,0.28637,184.99,8.30746278
1753769570126,06:12:50.126,bitfinex,SOL/USDT:USDT,184.95,8.487,184.91,118.30146278,184.96,3.35637,184.99,8.30746278
1753769570126,06:12:50.126,bitfinex,SOL/USDT:USDT,184.95,8.487,184.91,118.30146278,184.96,3.35637,184.99,8.30746278
1753769570331,06:12:50.331,bitfinex,SOL/USDT:USDT,184.95,8.487,184.91,118.30146278,184.96,3.35637,184.99,8.30746278
1753769570333,06:12:50.333,bitfinex,SOL/USDT:USDT,184.95,8.487,184.91,118.30146278,184.96,3.35637,184.99,8.30746278
1753769570529,06:12:50.529,bitfinex,SOL/USDT:USDT,184.95,8.487,184.91,118.30146278,184.96,3.35637,184.99,8.30746278
1753769570529,06:12:50.529,bitfinex,SOL/USDT:USDT,184.95,8.487,184.91,118.30146278,184.96,3.35637,184.98,5.4062
1753769570529,06:12:50.529,bitfinex,SOL/USDT:USDT,184.95,8.487,184.91,118.30146278,184.96,3.35637,184.98,5.4062
1753769571126,06:12:51.126,bitfinex,SOL/USDT:USDT,184.95,8.487,184.91,118.30146278,184.96,3.35637,184.98,5.4062
1753769571127,06:12:51.127,bitfinex,SOL/USDT:USDT,184.95,8.487,184.91,118.30146278,184.96,3.35637,184.98,5.4062
1753769571326,06:12:51.326,bitfinex,SOL/USDT:USDT,184.95,8.487,184.91,118.30146278,184.96,3.35637,184.98,5.4062
1753769571326,06:12:51.326,bitfinex,SOL/USDT:USDT,184.95,8.487,184.91,118.30146278,184.96,3.35637,184.98,5.4062
1753769571327,06:12:51.327,bitfinex,SOL/USDT:USDT,184.95,8.487,184.91,118.30146278,184.96,3.35637,184.98,5.4062
1753769571526,06:12:51.526,bitfinex,SOL/USDT:USDT,184.95,8.487,184.91,118.30146278,184.96,3.35637,184.98,5.4062
1753769571527,06:12:51.527,bitfinex,SOL/USDT:USDT,184.95,8.487,184.91,118.30146278,184.96,0.28637,184.99,8.30736278
1753769571527,06:12:51.527,bitfinex,SOL/USDT:USDT,184.95,8.487,184.91,118.30146278,184.96,0.28637,184.99,8.30736278
1753769571732,06:12:51.732,bitfinex,SOL/USDT:USDT,184.95,8.487,184.91,118.30146278,184.96,0.28637,184.99,8.30736278
1753769571733,06:12:51.733,bitfinex,SOL/USDT:USDT,184.95,8.487,184.91,118.30146278,184.96,0.28637,184.98,3.07
1753769571734,06:12:51.734,bitfinex,SOL/USDT:USDT,184.95,8.487,184.91,118.30146278,184.96,0.28637,184.98,3.07
1753769572034,06:12:52.034,bitfinex,SOL/USDT:USDT,184.95,8.487,184.91,118.30146278,184.96,0.28637,184.98,3.07
1753769572034,06:12:52.034,bitfinex,SOL/USDT:USDT,184.95,8.487,184.91,118.30146278,184.96,0.28637,184.99,8.30736278
1753769572035,06:12:52.035,bitfinex,SOL/USDT:USDT,184.95,8.487,184.91,118.30146278,184.96,0.28637,184.99,8.30736278
1753769572237,06:12:52.237,bitfinex,SOL/USDT:USDT,184.95,8.487,184.91,118.30146278,184.96,3.35637,184.99,8.30736278
1753769572432,06:12:52.432,bitfinex,SOL/USDT:USDT,184.95,8.487,184.91,118.30146278,184.96,3.35637,184.99,8.30736278
1753769572433,06:12:52.433,bitfinex,SOL/USDT:USDT,184.95,8.487,184.91,118.30146278,184.96,3.35637,184.99,8.30736278
1753769572433,06:12:52.433,bitfinex,SOL/USDT:USDT,184.95,8.487,184.91,118.30146278,184.96,3.35637,184.99,8.30736278
1753769572636,06:12:52.636,bitfinex,SOL/USDT:USDT,184.95,8.487,184.91,118.30146278,184.96,3.35637,184.99,8.30736278
1753769572638,06:12:52.638,bitfinex,SOL/USDT:USDT,184.95,8.487,184.91,118.30146278,184.96,3.35637,184.99,8.30736278
1753769573048,06:12:53.048,bitfinex,SOL/USDT:USDT,184.95,8.487,184.91,118.30146278,184.96,3.35637,184.99,8.30736278
1753769573051,06:12:53.051,bitfinex,SOL/USDT:USDT,184.95,8.487,184.91,118.30146278,184.96,3.35637,184.99,8.30736278
1753769573335,06:12:53.335,bitfinex,SOL/USDT:USDT,184.95,8.487,184.91,118.30146278,184.96,3.35637,184.99,8.30736278
1753769573335,06:12:53.335,bitfinex,SOL/USDT:USDT,184.95,8.487,184.91,118.30146278,184.96,0.28637,184.99,8.30736278
1753769573336,06:12:53.336,bitfinex,SOL/USDT:USDT,184.95,8.487,184.91,118.30146278,184.96,0.28637,184.97,3.07
1753769573539,06:12:53.539,bitfinex,SOL/USDT:USDT,184.95,8.487,184.91,118.30146278,184.96,0.28637,184.99,8.30736278
1753769573539,06:12:53.539,bitfinex,SOL/USDT:USDT,184.95,8.487,184.91,118.30146278,184.96,3.35637,184.99,8.30736278
1753769574452,06:12:54.452,bitfinex,SOL/USDT:USDT,184.95,8.487,184.91,118.30146278,184.96,3.35637,184.98,5.4062
1753769574460,06:12:54.460,bitfinex,SOL/USDT:USDT,184.95,8.487,184.91,118.30146278,184.96,3.35637,184.98,5.4062
1753769574739,06:12:54.739,bitfinex,SOL/USDT:USDT,184.95,8.487,184.91,118.30146278,184.96,3.35637,184.99,2.90146278
1753769574740,06:12:54.740,bitfinex,SOL/USDT:USDT,184.95,8.487,184.91,118.30146278,184.96,3.35637,184.99,2.90146278
1753769574741,06:12:54.741,bitfinex,SOL/USDT:USDT,184.95,8.487,184.91,118.30146278,184.96,3.35637,184.99,2.90146278
1753769574941,06:12:54.941,bitfinex,SOL/USDT:USDT,184.95,8.487,184.91,118.30146278,184.96,3.35637,184.99,2.90146278
1753769574941,06:12:54.941,bitfinex,SOL/USDT:USDT,184.95,8.487,184.91,118.30146278,184.96,3.35637,184.99,2.90146278
1753769574942,06:12:54.942,bitfinex,SOL/USDT:USDT,184.95,8.487,184.91,118.30146278,184.96,3.35637,184.99,2.90146278
1753769575535,06:12:55.535,bitfinex,SOL/USDT:USDT,184.95,8.487,184.91,118.30146278,184.96,3.35637,184.99,2.90146278
1753769575536,06:12:55.536,bitfinex,SOL/USDT:USDT,184.95,8.487,184.91,118.30146278,184.96,3.35637,184.99,2.90146278
1753769575750,06:12:55.750,bitfinex,SOL/USDT:USDT,184.95,8.487,184.91,118.30146278,184.96,3.35637,184.99,8.30746278
1753769576238,06:12:56.238,bitfinex,SOL/USDT:USDT,184.95,8.487,184.91,118.30146278,184.96,3.35637,184.99,8.30746278
1753769576238,06:12:56.238,bitfinex,SOL/USDT:USDT,184.95,8.487,184.91,118.30146278,184.96,3.35637,184.99,8.30746278
1753769577035,06:12:57.035,bitfinex,SOL/USDT:USDT,184.95,8.487,184.91,118.30146278,184.96,3.35637,184.99,8.30746278
1753769577035,06:12:57.035,bitfinex,SOL/USDT:USDT,184.95,8.487,184.91,118.30146278,184.96,3.35637,184.98,5.4062
1753769577238,06:12:57.238,bitfinex,SOL/USDT:USDT,184.95,8.487,184.91,118.30146278,184.96,3.35637,184.98,5.4062
1753769577239,06:12:57.239,bitfinex,SOL/USDT:USDT,184.95,8.487,184.91,118.30146278,184.96,3.35637,184.98,5.4062
1753769577640,06:12:57.640,bitfinex,SOL/USDT:USDT,184.95,8.487,184.91,118.30146278,184.96,3.35637,184.98,5.4062
1753769577641,06:12:57.641,bitfinex,SOL/USDT:USDT,184.95,8.487,184.91,118.30146278,184.96,3.35637,184.98,5.4062
1753769578037,06:12:58.037,bitfinex,SOL/USDT:USDT,184.95,8.487,184.91,118.30146278,184.96,3.35637,184.98,5.4062
1753769578543,06:12:58.543,bitfinex,SOL/USDT:USDT,184.95,8.487,184.91,118.30146278,184.96,3.35637,184.98,5.4062
1753769578544,06:12:58.544,bitfinex,SOL/USDT:USDT,184.95,8.487,184.91,118.30146278,184.96,3.35637,184.98,5.4062
1753769578544,06:12:58.544,bitfinex,SOL/USDT:USDT,184.95,8.487,184.91,118.30146278,184.96,3.35637,184.98,5.4062
1753769578730,06:12:58.730,bitfinex,SOL/USDT:USDT,184.95,8.487,184.91,118.30146278,184.96,3.35637,184.98,5.4062
1753769578730,06:12:58.730,bitfinex,SOL/USDT:USDT,184.95,8.487,184.91,118.30146278,184.96,3.35637,184.98,5.4062
1753769578935,06:12:58.935,bitfinex,SOL/USDT:USDT,184.95,8.487,184.91,118.30146278,184.96,3.35637,184.98,5.4062
1753769578936,06:12:58.936,bitfinex,SOL/USDT:USDT,184.95,8.487,184.91,118.30146278,184.96,3.35637,184.98,5.4062
1753769578936,06:12:58.936,bitfinex,SOL/USDT:USDT,184.95,8.487,184.91,118.30146278,184.96,3.35637,184.98,5.4062
1753769579571,06:12:59.571,bitfinex,SOL/USDT:USDT,184.95,8.487,184.91,118.30146278,184.96,3.35637,184.99,2.90146278
1753769579579,06:12:59.579,bitfinex,SOL/USDT:USDT,184.95,8.487,184.91,118.30146278,184.96,3.35637,184.99,8.30746278
1753769579593,06:12:59.593,bitfinex,SOL/USDT:USDT,184.95,8.487,184.91,118.30146278,184.96,3.35637,184.99,8.30746278
1753769579739,06:12:59.739,bitfinex,SOL/USDT:USDT,184.95,8.487,184.91,118.30146278,184.96,3.35637,184.99,8.30746278
1753769579740,06:12:59.740,bitfinex,SOL/USDT:USDT,184.95,8.487,184.91,118.30146278,184.96,3.35637,184.99,8.30746278
1753769579741,06:12:59.741,bitfinex,SOL/USDT:USDT,184.95,8.487,184.91,118.30146278,184.96,3.35637,184.99,8.30746278
1753769580235,06:13:00.235,bitfinex,SOL/USDT:USDT,184.95,8.487,184.91,118.30146278,184.96,3.35637,184.99,8.30746278
1753769580236,06:13:00.236,bitfinex,SOL/USDT:USDT,184.95,8.487,184.91,118.30146278,184.96,0.28637,184.97,3.07
1753769580236,06:13:00.236,bitfinex,SOL/USDT:USDT,184.95,8.487,184.91,118.30146278,184.96,0.28637,184.97,3.07
1753769580441,06:13:00.441,bitfinex,SOL/USDT:USDT,184.95,8.487,184.91,118.30146278,184.96,3.35637,184.99,8.30746278
1753769580441,06:13:00.441,bitfinex,SOL/USDT:USDT,184.95,8.487,184.91,118.30146278,184.96,3.35637,184.99,8.30746278
1753769580644,06:13:00.644,bitfinex,SOL/USDT:USDT,184.95,8.487,184.91,118.30146278,184.96,3.35637,184.99,8.30746278
1753769581086,06:13:01.086,bitfinex,SOL/USDT:USDT,184.95,8.487,184.91,118.30146278,184.96,3.35637,184.99,8.30746278
1753769581341,06:13:01.341,bitfinex,SOL/USDT:USDT,184.95,8.487,184.91,118.30146278,184.96,3.35637,184.99,8.30746278
1753769581342,06:13:01.342,bitfinex,SOL/USDT:USDT,184.95,8.487,184.91,118.30146278,184.96,3.35637,184.99,8.30746278
1753769581541,06:13:01.541,bitfinex,SOL/USDT:USDT,184.95,8.487,184.91,118.30146278,184.96,3.35637,184.99,8.30746278
1753769581542,06:13:01.542,bitfinex,SOL/USDT:USDT,184.95,8.487,184.91,118.30146278,184.96,3.35637,184.99,8.30746278
1753769581543,06:13:01.543,bitfinex,SOL/USDT:USDT,184.95,8.487,184.91,118.30146278,184.96,3.35637,184.99,8.30746278
1753769582141,06:13:02.141,bitfinex,SOL/USDT:USDT,184.95,8.487,184.91,118.30146278,184.96,3.35637,184.99,8.30746278
1753769582142,06:13:02.142,bitfinex,SOL/USDT:USDT,184.95,8.487,184.91,118.30146278,184.96,3.35637,184.99,8.30746278
1753769582142,06:13:02.142,bitfinex,SOL/USDT:USDT,184.95,8.487,184.91,118.30146278,184.96,3.35637,184.99,8.30746278
1753769582345,06:13:02.345,bitfinex,SOL/USDT:USDT,184.95,8.487,184.91,118.30146278,184.96,3.35637,184.99,8.30746278
1753769582346,06:13:02.346,bitfinex,SOL/USDT:USDT,184.95,8.487,184.91,118.30146278,184.96,3.35637,184.99,8.30746278
1753769582661,06:13:02.661,bitfinex,SOL/USDT:USDT,184.95,8.487,184.91,118.30146278,184.96,3.35637,184.99,8.30746278
1753769582664,06:13:02.664,bitfinex,SOL/USDT:USDT,184.95,8.487,184.91,118.30146278,184.96,3.35637,184.99,8.30746278
1753769582841,06:13:02.841,bitfinex,SOL/USDT:USDT,184.95,8.487,184.91,118.30146278,184.96,3.35637,184.99,8.30746278
1753769582841,06:13:02.841,bitfinex,SOL/USDT:USDT,184.95,8.487,184.91,118.30146278,184.96,3.35637,184.99,8.30746278
1753769582841,06:13:02.841,bitfinex,SOL/USDT:USDT,184.95,8.487,184.91,118.30146278,184.96,3.35637,184.99,8.30746278
1753769583248,06:13:03.248,bitfinex,SOL/USDT:USDT,184.95,8.487,184.91,118.30146278,184.96,3.35637,184.99,8.30746278
1753769583248,06:13:03.248,bitfinex,SOL/USDT:USDT,184.95,8.487,184.91,118.30146278,184.96,3.35637,184.99,8.30746278
1753769583441,06:13:03.441,bitfinex,SOL/USDT:USDT,184.95,8.487,184.91,2.90146278,184.96,3.35637,184.99,8.30746278
1753769583641,06:13:03.641,bitfinex,SOL/USDT:USDT,184.95,8.487,184.91,2.90146278,184.96,3.35637,184.99,8.30746278
1753769583641,06:13:03.641,bitfinex,SOL/USDT:USDT,184.95,8.487,184.92,115.36,184.96,3.35637,184.98,5.4062
1753769583642,06:13:03.642,bitfinex,SOL/USDT:USDT,184.95,8.487,184.92,115.36,184.96,3.35637,184.98,5.4062
1753769583942,06:13:03.942,bitfinex,SOL/USDT:USDT,184.95,8.487,184.92,115.36,184.96,3.35637,184.98,5.4062
1753769583942,06:13:03.942,bitfinex,SOL/USDT:USDT,184.95,8.487,184.92,115.36,184.96,3.35637,184.98,5.4062
1753769584160,06:13:04.160,bitfinex,SOL/USDT:USDT,184.95,8.487,184.92,115.36,184.96,3.35637,184.98,5.4062
1753769584163,06:13:04.163,bitfinex,SOL/USDT:USDT,184.95,8.487,184.92,115.36,184.96,3.35637,184.98,5.4062
1753769584448,06:13:04.448,bitfinex,SOL/USDT:USDT,184.95,8.487,184.92,115.36,184.96,3.35637,184.98,5.4062
1753769584448,06:13:04.448,bitfinex,SOL/USDT:USDT,184.95,8.487,184.92,115.36,184.96,0.28637,184.98,8.4762
1753769584449,06:13:04.449,bitfinex,SOL/USDT:USDT,184.95,8.487,184.92,115.36,184.96,0.28637,184.98,8.4762
1753769584884,06:13:04.884,bitfinex,SOL/USDT:USDT,184.95,8.487,184.92,115.36,184.96,3.35637,184.98,5.4062
1753769584977,06:13:04.977,bitfinex,SOL/USDT:USDT,184.95,8.487,184.92,115.36,184.96,3.35637,184.99,8.30746278
1753769585009,06:13:05.009,bitfinex,SOL/USDT:USDT,184.95,8.487,184.92,115.36,184.96,3.35637,184.99,8.30746278
1753769585096,06:13:05.096,bitfinex,SOL/USDT:USDT,184.95,8.487,184.92,115.36,184.96,3.35637,184.99,8.30746278
1753769585104,06:13:05.104,bitfinex,SOL/USDT:USDT,184.95,5.407,184.92,115.36,184.96,3.35637,184.99,8.30746278
1753769585115,06:13:05.115,bitfinex,SOL/USDT:USDT,184.95,5.407,184.92,115.36,184.96,3.35637,184.99,8.30746278
1753769585251,06:13:05.251,bitfinex,SOL/USDT:USDT,184.95,8.487,184.92,115.36,184.96,3.35637,184.99,8.30746278
1753769585556,06:13:05.556,bitfinex,SOL/USDT:USDT,184.95,8.487,184.92,115.36,184.96,3.35637,184.99,8.30746278
1753769585557,06:13:05.557,bitfinex,SOL/USDT:USDT,184.95,8.487,184.92,115.36,184.96,3.35637,184.99,8.30746278
1753769585857,06:13:05.857,bitfinex,SOL/USDT:USDT,184.95,8.487,184.92,115.36,184.96,3.35637,184.99,8.30746278
1753769585858,06:13:05.858,bitfinex,SOL/USDT:USDT,184.95,8.487,184.93,2.90146278,184.96,3.35637,185.0,5.4057
1753769585858,06:13:05.858,bitfinex,SOL/USDT:USDT,184.95,8.487,184.93,2.90146278,184.96,3.35637,185.0,5.4057
1753769587144,06:13:07.144,bitfinex,SOL/USDT:USDT,184.95,8.487,184.93,2.90146278,184.96,3.35637,185.0,5.4057
1753769587144,06:13:07.144,bitfinex,SOL/USDT:USDT,184.95,8.487,184.93,2.90146278,184.96,3.35637,185.0,5.4057
1753769587344,06:13:07.344,bitfinex,SOL/USDT:USDT,184.95,8.487,184.93,118.26146278,184.96,3.35637,185.0,5.4057
1753769587536,06:13:07.536,bitfinex,SOL/USDT:USDT,184.95,8.487,184.93,118.26146278,184.96,3.35637,185.01,2.90146278
1753769587537,06:13:07.537,bitfinex,SOL/USDT:USDT,184.95,8.487,184.93,118.26146278,184.96,3.35637,184.99,5.4059
1753769587845,06:13:07.845,bitfinex,SOL/USDT:USDT,184.95,8.487,184.93,118.24146278,184.96,3.35637,184.99,5.4059
1753769588248,06:13:08.248,bitfinex,SOL/USDT:USDT,184.95,8.487,184.93,2.90146278,184.96,3.35637,184.99,5.4059
1753769588441,06:13:08.441,bitfinex,SOL/USDT:USDT,184.95,8.487,184.93,118.24146278,184.96,3.35637,184.99,5.4059
1753769588642,06:13:08.642,bitfinex,SOL/USDT:USDT,184.95,8.487,184.93,118.24146278,184.96,3.35637,184.99,5.4059
1753769588644,06:13:08.644,bitfinex,SOL/USDT:USDT,184.95,8.487,184.93,118.24146278,184.96,3.35637,184.99,5.4059
1753769588838,06:13:08.838,bitfinex,SOL/USDT:USDT,184.95,8.487,184.93,118.24146278,184.96,3.35637,184.99,5.4059
1753769588838,06:13:08.838,bitfinex,SOL/USDT:USDT,184.95,10.33952963,184.93,115.34,184.96,3.35637,184.98,1.85252963
1753769588839,06:13:08.839,bitfinex,SOL/USDT:USDT,184.95,10.33952963,184.93,115.34,184.96,3.35637,184.98,1.85252963
1753769589247,06:13:09.247,bitfinex,SOL/USDT:USDT,184.95,10.33952963,184.93,115.34,184.96,3.35637,184.98,1.85252963
1753769589247,06:13:09.247,bitfinex,SOL/USDT:USDT,184.95,10.33952963,184.93,115.34,184.96,3.35637,184.98,1.85252963
1753769590546,06:13:10.546,bitfinex,SOL/USDT:USDT,184.95,10.33952963,184.93,115.34,184.96,3.35637,184.98,1.85252963
1753769590546,06:13:10.546,bitfinex,SOL/USDT:USDT,184.95,10.33952963,184.93,115.34,184.96,3.35637,184.98,1.85252963
1753769591472,06:13:11.472,bitfinex,SOL/USDT:USDT,184.95,10.33952963,184.93,115.34,184.96,3.35637,184.98,1.85252963
1753769591477,06:13:11.477,bitfinex,SOL/USDT:USDT,184.95,10.33952963,184.93,115.34,184.96,3.35637,184.98,1.85252963
1753769591654,06:13:11.654,bitfinex,SOL/USDT:USDT,184.95,10.33952963,184.93,115.34,184.96,3.35637,184.98,1.85252963
1753769591654,06:13:11.654,bitfinex,SOL/USDT:USDT,184.95,8.487,184.94,1.85252963,184.96,3.35637,184.98,1.85252963
1753769591655,06:13:11.655,bitfinex,SOL/USDT:USDT,184.95,8.487,184.94,1.85252963,184.96,3.35637,184.98,1.85252963
1753769591943,06:13:11.943,bitfinex,SOL/USDT:USDT,184.95,8.487,184.94,1.85252963,184.96,3.35637,184.98,1.85252963
1753769591943,06:13:11.943,bitfinex,SOL/USDT:USDT,184.95,8.487,184.94,1.85252963,184.96,3.35637,184.97,1.85252963
1753769591944,06:13:11.944,bitfinex,SOL/USDT:USDT,184.95,8.487,184.94,1.85252963,184.96,3.35637,184.97,1.85252963
1753769592146,06:13:12.146,bitfinex,SOL/USDT:USDT,184.95,8.487,184.94,1.85252963,184.96,3.35637,184.97,1.85252963
1753769592147,06:13:12.147,bitfinex,SOL/USDT:USDT,184.95,8.487,184.94,1.85252963,184.96,3.35637,184.97,1.85252963
1753769592147,06:13:12.147,bitfinex,SOL/USDT:USDT,184.95,8.487,184.94,1.85252963,184.96,3.35637,184.97,1.85252963
1753769592361,06:13:12.361,bitfinex,SOL/USDT:USDT,184.95,8.487,184.94,1.85252963,184.96,3.35637,184.97,1.85252963
1753769592362,06:13:12.362,bitfinex,SOL/USDT:USDT,184.95,8.487,184.94,1.85252963,184.96,3.35637,184.97,1.85252963
1753769592364,06:13:12.364,bitfinex,SOL/USDT:USDT,184.95,8.487,184.94,1.85252963,184.96,3.35637,184.97,1.85252963
1753769592649,06:13:12.649,bitfinex,SOL/USDT:USDT,184.95,8.487,184.94,1.85252963,184.96,3.35637,184.97,1.85252963
1753769592649,06:13:12.649,bitfinex,SOL/USDT:USDT,184.95,8.487,184.94,1.85252963,184.96,3.35637,184.97,1.85252963
1753769592650,06:13:12.650,bitfinex,SOL/USDT:USDT,184.95,8.487,184.94,1.85252963,184.96,3.35637,184.97,1.85252963
1753769592846,06:13:12.846,bitfinex,SOL/USDT:USDT,184.95,8.487,184.94,1.85252963,184.96,3.35637,184.97,1.85252963
1753769592846,06:13:12.846,bitfinex,SOL/USDT:USDT,184.95,5.407,184.94,1.85252963,184.96,3.35637,184.97,1.85252963
1753769592846,06:13:12.846,bitfinex,SOL/USDT:USDT,184.95,5.407,184.94,1.85252963,184.96,3.35637,184.97,1.85252963
1753769593048,06:13:13.048,bitfinex,SOL/USDT:USDT,184.95,5.407,184.94,1.85252963,184.96,3.35637,184.97,1.85252963
1753769593049,06:13:13.049,bitfinex,SOL/USDT:USDT,184.95,5.407,184.94,1.85252963,184.96,3.35637,184.97,1.85252963
1753769593245,06:13:13.245,bitfinex,SOL/USDT:USDT,184.95,5.407,184.94,1.85252963,184.96,3.35637,185.08,16.88041663
1753769593245,06:13:13.245,bitfinex,SOL/USDT:USDT,184.95,5.407,184.94,1.85252963,184.96,3.35637,184.98,1.85252963
1753769593248,06:13:13.248,bitfinex,SOL/USDT:USDT,184.95,5.407,184.94,1.85252963,184.96,3.35637,184.98,1.85252963
1753769593460,06:13:13.460,bitfinex,SOL/USDT:USDT,184.95,5.407,184.94,1.85252963,184.96,3.35637,184.98,1.85252963
1753769593464,06:13:13.464,bitfinex,SOL/USDT:USDT,184.95,8.537,184.94,1.85252963,184.96,3.35637,184.98,7.25882963
1753769593475,06:13:13.475,bitfinex,SOL/USDT:USDT,184.95,8.537,184.94,1.85252963,184.96,3.35637,184.98,7.25882963
1753769593747,06:13:13.747,bitfinex,SOL/USDT:USDT,184.95,8.537,184.94,1.85252963,184.96,3.35637,184.98,7.25882963
1753769593778,06:13:13.778,bitfinex,SOL/USDT:USDT,184.95,8.537,184.94,1.85252963,184.96,3.35637,184.98,7.25882963
1753769593893,06:13:13.893,bitfinex,SOL/USDT:USDT,184.94,5.4072,184.93,120.32252963,184.96,3.35637,184.97,7.25902963
1753769594073,06:13:14.073,bitfinex,SOL/USDT:USDT,184.94,3.13,184.93,117.19252963,184.96,3.35637,184.97,7.25902963
1753769594080,06:13:14.080,bitfinex,SOL/USDT:USDT,184.94,3.13,184.93,117.19252963,184.96,3.35637,184.97,7.25902963
1753769594357,06:13:14.357,bitfinex,SOL/USDT:USDT,184.95,5.407,184.94,3.13,184.96,3.35637,184.97,7.25902963
1753769594359,06:13:14.359,bitfinex,SOL/USDT:USDT,184.95,5.407,184.94,3.13,184.96,3.35637,184.97,7.25902963
1753769594669,06:13:14.669,bitfinex,SOL/USDT:USDT,184.95,5.407,184.94,3.13,184.96,3.35637,184.97,7.25902963
1753769594672,06:13:14.672,bitfinex,SOL/USDT:USDT,184.95,5.407,184.94,3.13,184.96,3.35637,184.97,7.25902963
1753769595115,06:13:15.115,bitfinex,SOL/USDT:USDT,184.93,117.19252963,184.92,3.13,184.96,5.69317,184.97,1.85252963
1753769595127,06:13:15.127,bitfinex,SOL/USDT:USDT,184.93,117.19252963,184.92,3.13,184.96,5.69317,184.97,1.85252963
1753769595252,06:13:15.252,bitfinex,SOL/USDT:USDT,184.93,118.47,184.92,1.85252963,184.95,2.94,184.96,5.69317
1753769595253,06:13:15.253,bitfinex,SOL/USDT:USDT,184.93,118.47,184.92,1.85252963,184.95,2.94,184.96,5.69317
1753769595554,06:13:15.554,bitfinex,SOL/USDT:USDT,184.93,118.47,184.92,1.85252963,184.95,2.94,184.96,5.69317
1753769595747,06:13:15.747,bitfinex,SOL/USDT:USDT,184.93,118.47,184.92,1.85252963,184.95,2.94,184.96,5.69317
1753769595747,06:13:15.747,bitfinex,SOL/USDT:USDT,184.93,118.47,184.92,1.85252963,184.95,2.94,184.96,5.69317
1753769595748,06:13:15.748,bitfinex,SOL/USDT:USDT,184.93,118.47,184.92,1.85252963,184.95,2.94,184.96,5.69317
1753769595948,06:13:15.948,bitfinex,SOL/USDT:USDT,184.93,118.47,184.92,1.85252963,184.95,2.94,184.96,5.69317
1753769595950,06:13:15.950,bitfinex,SOL/USDT:USDT,184.93,118.47,184.92,1.85252963,184.95,2.94,184.96,5.69317
1753769596248,06:13:16.248,bitfinex,SOL/USDT:USDT,184.93,118.47,184.92,1.85252963,184.95,2.94,184.96,5.69317
1753769596249,06:13:16.249,bitfinex,SOL/USDT:USDT,184.93,118.47,184.92,1.85252963,184.95,2.94,184.96,5.69317
1753769596249,06:13:16.249,bitfinex,SOL/USDT:USDT,184.93,118.47,184.92,1.85252963,184.95,2.94,184.96,5.69317
1753769596453,06:13:16.453,bitfinex,SOL/USDT:USDT,184.93,118.47,184.92,1.85252963,184.95,2.94,184.96,5.69317
1753769596454,06:13:16.454,bitfinex,SOL/USDT:USDT,184.94,5.4073,184.93,118.47,184.95,2.94,184.96,5.69317
1753769596454,06:13:16.454,bitfinex,SOL/USDT:USDT,184.94,5.4073,184.93,118.47,184.95,2.94,184.96,5.69317
1753769596657,06:13:16.657,bitfinex,SOL/USDT:USDT,184.94,5.4073,184.93,118.47,184.95,2.94,184.96,7.54569963
1753769596658,06:13:16.658,bitfinex,SOL/USDT:USDT,184.94,5.4073,184.93,118.47,184.95,2.94,184.96,7.54569963
1753769596950,06:13:16.950,bitfinex,SOL/USDT:USDT,184.94,5.4073,184.93,118.47,184.95,2.94,184.96,7.54569963
1753769596952,06:13:16.952,bitfinex,SOL/USDT:USDT,184.94,5.4073,184.93,118.47,184.95,2.94,184.96,7.54569963
1753769596952,06:13:16.952,bitfinex,SOL/USDT:USDT,184.94,5.4073,184.93,118.47,184.95,2.94,184.96,7.54569963
1753769597144,06:13:17.144,bitfinex,SOL/USDT:USDT,184.94,5.4073,184.93,118.47,184.95,2.94,184.96,7.54569963
1753769597145,06:13:17.145,bitfinex,SOL/USDT:USDT,184.94,5.4073,184.93,118.47,184.95,2.94,184.96,7.54569963
1753769597345,06:13:17.345,bitfinex,SOL/USDT:USDT,184.94,5.4073,184.93,118.47,184.95,2.94,184.96,7.54569963
1753769597346,06:13:17.346,bitfinex,SOL/USDT:USDT,184.94,5.4073,184.93,118.47,184.95,2.94,184.96,7.54569963
1753769597347,06:13:17.347,bitfinex,SOL/USDT:USDT,184.94,5.4073,184.93,118.47,184.95,2.94,184.96,7.54569963
1753769597750,06:13:17.750,bitfinex,SOL/USDT:USDT,184.94,5.4073,184.93,118.47,184.95,2.94,184.96,7.54569963
1753769597751,06:13:17.751,bitfinex,SOL/USDT:USDT,184.94,5.4073,184.93,118.47,184.95,2.94,184.96,7.54569963
1753769597751,06:13:17.751,bitfinex,SOL/USDT:USDT,184.94,5.4073,184.93,118.47,184.95,2.94,184.96,7.54569963
1753769597958,06:13:17.958,bitfinex,SOL/USDT:USDT,184.94,5.4073,184.93,118.47,184.95,2.94,184.96,7.54569963
1753769597959,06:13:17.959,bitfinex,SOL/USDT:USDT,184.94,5.4073,184.93,118.47,184.95,2.94,184.96,7.54569963
1753769597959,06:13:17.959,bitfinex,SOL/USDT:USDT,184.94,5.4073,184.93,118.47,184.95,2.94,184.96,7.54569963
1753769598156,06:13:18.156,bitfinex,SOL/USDT:USDT,184.94,5.4073,184.93,118.47,184.95,2.94,184.96,7.54569963
1753769598157,06:13:18.157,bitfinex,SOL/USDT:USDT,184.94,5.4073,184.93,118.47,184.95,2.94,184.96,7.54569963
1753769598352,06:13:18.352,bitfinex,SOL/USDT:USDT,184.93,118.47,184.92,1.85252963,184.95,2.94,184.96,7.54569963
1753769598353,06:13:18.353,bitfinex,SOL/USDT:USDT,184.93,5.4075,184.91,1.85252963,184.95,2.94,184.96,2.13889963
1753769598353,06:13:18.353,bitfinex,SOL/USDT:USDT,184.93,5.4075,184.91,1.85252963,184.95,2.94,184.96,2.13889963
1753769598648,06:13:18.648,bitfinex,SOL/USDT:USDT,184.93,5.4075,184.91,1.85252963,184.95,2.94,184.96,2.13889963
1753769598654,06:13:18.654,bitfinex,SOL/USDT:USDT,184.93,5.4075,184.92,118.47,184.95,2.94,184.96,2.13889963
1753769598655,06:13:18.655,bitfinex,SOL/USDT:USDT,184.93,5.4075,184.92,118.47,184.95,2.94,184.96,2.13889963
1753769598854,06:13:18.854,bitfinex,SOL/USDT:USDT,184.93,8.5375,184.92,118.47,184.95,2.94,184.96,2.13889963
1753769598855,06:13:18.855,bitfinex,SOL/USDT:USDT,184.93,8.5375,184.92,115.34,184.95,2.94,184.96,2.13889963
1753769598857,06:13:18.857,bitfinex,SOL/USDT:USDT,184.93,8.5375,184.92,115.34,184.95,2.94,184.96,7.54579963
1753769599055,06:13:19.055,bitfinex,SOL/USDT:USDT,184.93,8.5375,184.91,1.85252963,184.95,2.94,184.96,7.54579963
1753769599056,06:13:19.056,bitfinex,SOL/USDT:USDT,184.93,8.5375,184.91,1.85252963,184.95,2.94,184.96,7.54579963
1753769599057,06:13:19.057,bitfinex,SOL/USDT:USDT,184.93,8.5375,184.91,1.85252963,184.95,2.94,184.96,7.54579963
1753769599247,06:13:19.247,bitfinex,SOL/USDT:USDT,184.93,8.5375,184.91,1.85252963,184.95,2.94,184.96,7.54579963
1753769599247,06:13:19.247,bitfinex,SOL/USDT:USDT,184.93,8.5375,184.91,117.17252963,184.95,2.94,184.96,7.54579963
1753769599248,06:13:19.248,bitfinex,SOL/USDT:USDT,184.93,8.5375,184.91,117.17252963,184.95,2.94,184.96,7.54579963
1753769599448,06:13:19.448,bitfinex,SOL/USDT:USDT,184.93,8.5375,184.91,117.17252963,184.95,2.94,184.96,7.54579963
1753769599449,06:13:19.449,bitfinex,SOL/USDT:USDT,184.93,8.5375,184.91,117.17252963,184.95,2.94,184.96,7.54579963
1753769599449,06:13:19.449,bitfinex,SOL/USDT:USDT,184.93,8.5375,184.91,117.17252963,184.95,2.94,184.96,7.54579963
1753769599668,06:13:19.668,bitfinex,SOL/USDT:USDT,184.93,8.5375,184.91,117.17252963,184.95,2.94,184.96,7.54579963
1753769599669,06:13:19.669,bitfinex,SOL/USDT:USDT,184.93,8.5375,184.91,117.17252963,184.95,2.94,184.96,7.54579963
1753769599669,06:13:19.669,bitfinex,SOL/USDT:USDT,184.93,8.5375,184.91,117.17252963,184.95,2.94,184.96,7.54579963
1753769599855,06:13:19.855,bitfinex,SOL/USDT:USDT,184.93,8.5375,184.91,117.17252963,184.95,2.94,184.96,7.54579963
1753769599856,06:13:19.856,bitfinex,SOL/USDT:USDT,184.93,8.5375,184.91,117.17252963,184.95,2.94,184.96,7.54579963
1753769600165,06:13:20.165,bitfinex,SOL/USDT:USDT,184.93,8.5375,184.91,117.17252963,184.95,2.94,184.96,7.54579963
1753769600168,06:13:20.168,bitfinex,SOL/USDT:USDT,184.94,5.4074,184.93,8.5375,184.95,2.94,184.96,7.54579963
1753769600171,06:13:20.171,bitfinex,SOL/USDT:USDT,184.94,5.4074,184.93,3.13,184.95,2.94,184.96,7.54579963
1753769600356,06:13:20.356,bitfinex,SOL/USDT:USDT,184.94,5.4074,184.93,3.13,184.95,2.94,184.96,7.54579963
1753769600357,06:13:20.357,bitfinex,SOL/USDT:USDT,184.94,5.4074,184.93,3.13,184.95,2.94,184.96,7.54579963
1753769600359,06:13:20.359,bitfinex,SOL/USDT:USDT,184.94,5.4074,184.93,3.13,184.95,2.94,184.96,7.54579963
1753769600655,06:13:20.655,bitfinex,SOL/USDT:USDT,184.93,3.13,184.91,117.17252963,184.95,2.94,184.96,7.54579963
1753769600655,06:13:20.655,bitfinex,SOL/USDT:USDT,184.93,8.5375,184.91,117.17252963,184.95,2.94,184.96,7.54579963
1753769601359,06:13:21.359,bitfinex,SOL/USDT:USDT,184.93,8.5375,184.91,117.17252963,184.95,2.94,184.96,7.54579963
1753769601360,06:13:21.360,bitfinex,SOL/USDT:USDT,184.93,8.5375,184.91,117.17252963,184.95,2.94,184.96,7.54579963
1753769601361,06:13:21.361,bitfinex,SOL/USDT:USDT,184.93,8.5375,184.91,117.17252963,184.95,2.94,184.96,7.54579963
1753769601598,06:13:21.598,bitfinex,SOL/USDT:USDT,184.93,5.4075,184.91,117.17252963,184.95,2.94,184.96,7.54579963
1753769601609,06:13:21.609,bitfinex,SOL/USDT:USDT,184.93,5.4075,184.91,117.17252963,184.95,2.94,184.96,7.54579963
1753769601858,06:13:21.858,bitfinex,SOL/USDT:USDT,184.94,3.13,184.93,5.4075,184.95,2.94,184.96,7.54579963
1753769602455,06:13:22.455,bitfinex,SOL/USDT:USDT,184.93,5.4075,184.91,117.17252963,184.95,2.94,184.96,7.54579963
1753769602456,06:13:22.456,bitfinex,SOL/USDT:USDT,184.93,5.4075,184.92,3.13,184.95,2.94,184.96,7.54579963
1753769602456,06:13:22.456,bitfinex,SOL/USDT:USDT,184.93,5.4075,184.92,3.13,184.95,2.94,184.96,7.54579963
1753769602657,06:13:22.657,bitfinex,SOL/USDT:USDT,184.93,5.4075,184.92,3.13,184.95,2.94,184.96,7.54579963
1753769602662,06:13:22.662,bitfinex,SOL/USDT:USDT,184.93,5.4075,184.92,3.13,184.95,2.94,184.96,7.54579963
1753769602849,06:13:22.849,bitfinex,SOL/USDT:USDT,184.93,5.4075,184.92,3.13,184.95,2.94,184.96,7.54579963
1753769602850,06:13:22.850,bitfinex,SOL/USDT:USDT,184.93,8.5375,184.92,115.32,184.95,2.94,184.96,7.54579963
1753769602850,06:13:22.850,bitfinex,SOL/USDT:USDT,184.93,8.5375,184.92,115.32,184.95,2.94,184.96,7.54579963
1753769603155,06:13:23.155,bitfinex,SOL/USDT:USDT,184.93,8.5375,184.92,115.32,184.95,2.94,184.96,7.54579963
1753769603155,06:13:23.155,bitfinex,SOL/USDT:USDT,184.93,8.5375,184.92,115.32,184.95,2.94,184.96,7.54579963
1753769603156,06:13:23.156,bitfinex,SOL/USDT:USDT,184.93,8.5375,184.92,115.32,184.95,2.94,184.96,7.54579963
1753769603350,06:13:23.350,bitfinex,SOL/USDT:USDT,184.93,8.5375,184.92,115.32,184.95,2.94,184.96,7.54579963
1753769603351,06:13:23.351,bitfinex,SOL/USDT:USDT,184.93,8.5375,184.92,115.32,184.95,2.94,184.96,7.54579963
1753769603556,06:13:23.556,bitfinex,SOL/USDT:USDT,184.93,8.5375,184.92,115.32,184.95,2.94,184.96,7.54579963
1753769603557,06:13:23.557,bitfinex,SOL/USDT:USDT,184.94,3.13,184.93,8.5375,184.95,2.94,184.96,7.54579963
1753769603560,06:13:23.560,bitfinex,SOL/USDT:USDT,184.94,3.13,184.93,5.4075,184.95,2.94,184.96,7.54579963
1753769603858,06:13:23.858,bitfinex,SOL/USDT:USDT,184.94,8.5373,184.92,115.32,184.95,2.94,184.96,7.54579963
1753769603860,06:13:23.860,bitfinex,SOL/USDT:USDT,184.94,8.5373,184.92,115.32,184.95,2.94,184.96,7.54579963
1753769604058,06:13:24.058,bitfinex,SOL/USDT:USDT,184.94,8.5373,184.92,115.32,184.95,2.94,184.96,7.54579963
1753769604059,06:13:24.059,bitfinex,SOL/USDT:USDT,184.94,8.5373,184.92,115.32,184.95,2.94,184.96,7.54579963
1753769604061,06:13:24.061,bitfinex,SOL/USDT:USDT,184.94,8.5373,184.92,115.32,184.95,2.94,184.96,7.54579963
1753769604255,06:13:24.255,bitfinex,SOL/USDT:USDT,184.94,8.5373,184.92,115.32,184.95,2.94,184.96,7.54579963
1753769604255,06:13:24.255,bitfinex,SOL/USDT:USDT,184.94,8.5373,184.92,115.32,184.95,2.94,184.96,7.54579963
1753769604257,06:13:24.257,bitfinex,SOL/USDT:USDT,184.94,8.5373,184.92,115.32,184.95,2.94,184.96,7.54579963
1753769604553,06:13:24.553,bitfinex,SOL/USDT:USDT,184.94,8.5373,184.92,115.32,184.95,2.94,184.96,7.54579963
1753769604555,06:13:24.555,bitfinex,SOL/USDT:USDT,184.94,8.5373,184.92,115.32,184.95,2.94,184.96,7.54579963
1753769604559,06:13:24.559,bitfinex,SOL/USDT:USDT,184.94,8.5373,184.92,115.32,184.95,2.94,184.96,7.54579963
1753769605058,06:13:25.058,bitfinex,SOL/USDT:USDT,184.94,8.5373,184.92,115.32,184.95,2.94,184.96,7.54579963
1753769605058,06:13:25.058,bitfinex,SOL/USDT:USDT,184.94,8.5373,184.92,115.32,184.95,2.94,184.96,7.54579963
1753769605060,06:13:25.060,bitfinex,SOL/USDT:USDT,184.94,8.5373,184.92,115.32,184.95,2.94,184.96,7.54579963
1753769605388,06:13:25.388,bitfinex,SOL/USDT:USDT,184.94,8.5373,184.92,115.32,184.95,2.94,184.96,7.54579963
1753769605568,06:13:25.568,bitfinex,SOL/USDT:USDT,184.94,8.5373,184.92,115.32,184.95,2.94,184.96,2.13889963
1753769605757,06:13:25.757,bitfinex,SOL/USDT:USDT,184.95,8.537,184.93,1.85252963,184.96,0.28637,184.98,4.79252963
1753769605758,06:13:25.758,bitfinex,SOL/USDT:USDT,184.95,8.537,184.93,1.85252963,184.96,0.28637,184.98,4.79252963
1753769605969,06:13:25.969,bitfinex,SOL/USDT:USDT,184.95,8.537,184.93,1.85252963,184.96,0.28637,184.98,4.79252963
1753769605969,06:13:25.969,bitfinex,SOL/USDT:USDT,184.95,8.537,184.93,1.85252963,184.96,0.28637,184.98,4.79252963
1753769606151,06:13:26.151,bitfinex,SOL/USDT:USDT,184.95,8.537,184.93,1.85252963,184.96,0.28637,184.98,4.79252963
1753769606154,06:13:26.154,bitfinex,SOL/USDT:USDT,184.95,8.537,184.93,1.85252963,184.96,0.28637,184.98,4.79252963
1753769606355,06:13:26.355,bitfinex,SOL/USDT:USDT,184.95,8.537,184.93,1.85252963,184.96,0.28637,184.98,4.79252963
1753769606356,06:13:26.356,bitfinex,SOL/USDT:USDT,184.95,8.537,184.93,1.85252963,184.96,0.28637,184.98,4.79252963
1753769606356,06:13:26.356,bitfinex,SOL/USDT:USDT,184.95,8.537,184.93,1.85252963,184.96,0.28637,184.98,4.79252963
1753769606557,06:13:26.557,bitfinex,SOL/USDT:USDT,184.95,8.537,184.93,1.85252963,184.96,0.28637,184.98,4.79252963
1753769606560,06:13:26.560,bitfinex,SOL/USDT:USDT,184.95,8.537,184.93,1.85252963,184.96,0.28637,184.98,4.79252963
1753769606564,06:13:26.564,bitfinex,SOL/USDT:USDT,184.95,8.537,184.93,1.85252963,184.96,0.28637,184.98,4.79252963
1753769606755,06:13:26.755,bitfinex,SOL/USDT:USDT,184.95,8.537,184.93,1.85252963,184.96,0.28637,184.98,4.79252963
1753769606755,06:13:26.755,bitfinex,SOL/USDT:USDT,184.95,8.537,184.93,1.85252963,184.96,0.28637,184.98,4.79252963
1753769606755,06:13:26.755,bitfinex,SOL/USDT:USDT,184.95,8.537,184.93,1.85252963,184.96,0.28637,184.98,4.79252963
1753769606954,06:13:26.954,bitfinex,SOL/USDT:USDT,184.95,8.537,184.93,1.85252963,184.96,0.28637,184.98,4.79252963
1753769606958,06:13:26.958,bitfinex,SOL/USDT:USDT,184.95,8.537,184.93,1.85252963,184.96,0.28637,184.98,4.79252963
1753769607262,06:13:27.262,bitfinex,SOL/USDT:USDT,184.95,8.537,184.93,1.85252963,184.96,0.28637,184.98,4.79252963
1753769607267,06:13:27.267,bitfinex,SOL/USDT:USDT,184.95,8.537,184.93,1.85252963,184.96,0.28637,184.98,4.79252963
1753769607575,06:13:27.575,bitfinex,SOL/USDT:USDT,184.95,8.537,184.93,1.85252963,184.96,0.28637,184.98,4.79252963
1753769607583,06:13:27.583,bitfinex,SOL/USDT:USDT,184.95,8.537,184.93,1.85252963,184.96,0.28637,184.98,4.79252963
1753769607854,06:13:27.854,bitfinex,SOL/USDT:USDT,184.95,8.537,184.93,1.85252963,184.96,0.28637,184.98,4.79252963
1753769607854,06:13:27.854,bitfinex,SOL/USDT:USDT,184.95,8.537,184.93,1.85252963,184.96,0.28637,184.98,4.79252963
1753769607854,06:13:27.854,bitfinex,SOL/USDT:USDT,184.95,8.537,184.93,1.85252963,184.96,0.28637,184.98,4.79252963
1753769608255,06:13:28.255,bitfinex,SOL/USDT:USDT,184.95,8.537,184.93,1.85252963,184.96,0.28637,184.98,4.79252963
1753769608256,06:13:28.256,bitfinex,SOL/USDT:USDT,184.95,8.537,184.93,1.85252963,184.96,0.28637,184.98,4.79252963
1753769608256,06:13:28.256,bitfinex,SOL/USDT:USDT,184.95,8.537,184.93,1.85252963,184.96,0.28637,184.98,4.79252963
1753769608455,06:13:28.455,bitfinex,SOL/USDT:USDT,184.95,8.537,184.93,1.85252963,184.96,0.28637,184.98,4.79252963
1753769608455,06:13:28.455,bitfinex,SOL/USDT:USDT,184.95,8.537,184.93,1.85252963,184.96,0.28637,184.97,2.94
1753769608456,06:13:28.456,bitfinex,SOL/USDT:USDT,184.95,8.537,184.93,1.85252963,184.96,0.28637,184.97,2.94
1753769608768,06:13:28.768,bitfinex,SOL/USDT:USDT,184.95,8.537,184.93,1.85252963,184.96,0.28637,184.98,7.25872963
1753769609054,06:13:29.054,bitfinex,SOL/USDT:USDT,184.93,1.85252963,184.92,115.32,184.96,0.28637,184.98,7.25872963
1753769609055,06:13:29.055,bitfinex,SOL/USDT:USDT,184.94,5.4072,184.93,1.85252963,184.96,5.07889963,185.05,6.07381663
1753769609055,06:13:29.055,bitfinex,SOL/USDT:USDT,184.94,5.4072,184.93,1.85252963,184.96,5.07889963,185.05,6.07381663
1753769609257,06:13:29.257,bitfinex,SOL/USDT:USDT,184.94,5.4072,184.93,1.85252963,184.96,5.07889963,185.05,6.07381663
1753769609257,06:13:29.257,bitfinex,SOL/USDT:USDT,184.94,8.5372,184.93,1.85252963,184.95,2.94,184.96,2.13889963
1753769609258,06:13:29.258,bitfinex,SOL/USDT:USDT,184.94,8.5372,184.93,1.85252963,184.95,2.94,184.96,2.13889963
1753769609457,06:13:29.457,bitfinex,SOL/USDT:USDT,184.94,8.5372,184.92,115.32,184.95,2.94,184.96,2.13889963
1753769609457,06:13:29.457,bitfinex,SOL/USDT:USDT,184.94,8.5372,184.92,115.32,184.95,2.94,184.96,2.13889963
1753769609458,06:13:29.458,bitfinex,SOL/USDT:USDT,184.94,8.5372,184.92,115.32,184.95,2.94,184.96,2.13889963
1753769609668,06:13:29.668,bitfinex,SOL/USDT:USDT,184.94,8.5372,184.92,115.32,184.95,2.94,184.96,2.13889963
1753769609669,06:13:29.669,bitfinex,SOL/USDT:USDT,184.94,8.5372,184.92,115.32,184.95,2.94,184.96,2.13889963
1753769609671,06:13:29.671,bitfinex,SOL/USDT:USDT,184.94,8.5372,184.92,115.32,184.95,2.94,184.96,2.13889963
1753769609960,06:13:29.960,bitfinex,SOL/USDT:USDT,184.94,8.5372,184.92,115.32,184.95,2.94,184.96,2.13889963
1753769609961,06:13:29.961,bitfinex,SOL/USDT:USDT,184.94,8.5372,184.92,115.32,184.95,2.94,184.96,2.13889963
1753769609963,06:13:29.963,bitfinex,SOL/USDT:USDT,184.94,8.5372,184.92,115.32,184.95,2.94,184.96,2.13889963
1753769610252,06:13:30.252,bitfinex,SOL/USDT:USDT,184.94,8.5372,184.92,115.32,184.95,2.94,184.96,2.13889963
1753769610253,06:13:30.253,bitfinex,SOL/USDT:USDT,184.94,8.5372,184.92,115.32,184.95,2.94,184.96,2.13889963
1753769610254,06:13:30.254,bitfinex,SOL/USDT:USDT,184.94,8.5372,184.92,115.32,184.95,2.94,184.96,2.13889963
1753769610756,06:13:30.756,bitfinex,SOL/USDT:USDT,184.94,8.5372,184.92,115.32,184.95,2.94,184.96,2.13889963
1753769610757,06:13:30.757,bitfinex,SOL/USDT:USDT,184.94,8.5372,184.92,115.32,184.95,2.94,184.96,2.13889963
1753769610759,06:13:30.759,bitfinex,SOL/USDT:USDT,184.94,8.5372,184.92,115.32,184.95,2.94,184.96,2.13889963
1753769610970,06:13:30.970,bitfinex,SOL/USDT:USDT,184.95,8.537,184.93,1.85252963,184.96,3.22637,185.05,6.07381663
1753769610978,06:13:30.978,bitfinex,SOL/USDT:USDT,184.95,8.537,184.93,1.85252963,184.96,3.22637,185.05,6.07381663
1753769611187,06:13:31.187,bitfinex,SOL/USDT:USDT,184.95,8.537,184.93,1.85252963,184.96,3.22637,185.05,6.07381663
1753769611191,06:13:31.191,bitfinex,SOL/USDT:USDT,184.95,8.537,184.93,1.85252963,184.96,0.28637,184.97,2.94
1753769611463,06:13:31.463,bitfinex,SOL/USDT:USDT,184.95,8.537,184.93,1.85252963,184.96,0.28637,184.97,2.94
1753769611464,06:13:31.464,bitfinex,SOL/USDT:USDT,184.95,8.537,184.93,1.85252963,184.96,0.28637,184.97,2.94
1753769611676,06:13:31.676,bitfinex,SOL/USDT:USDT,184.95,8.537,184.93,1.85252963,184.96,0.28637,184.97,2.94
1753769611680,06:13:31.680,bitfinex,SOL/USDT:USDT,184.95,8.537,184.93,1.85252963,184.96,0.28637,184.97,2.94
1753769612343,06:13:32.343,bitfinex,SOL/USDT:USDT,184.95,8.537,184.93,1.85252963,184.96,0.28637,184.97,2.94
1753769612565,06:13:32.565,bitfinex,SOL/USDT:USDT,184.95,8.537,184.93,1.85252963,184.96,0.28637,184.97,2.94
1753769612565,06:13:32.565,bitfinex,SOL/USDT:USDT,184.95,8.537,184.93,1.85252963,184.96,0.28637,184.97,2.94
1753769612568,06:13:32.568,bitfinex,SOL/USDT:USDT,184.95,8.537,184.93,1.85252963,184.96,0.28637,184.97,2.94
1753769613261,06:13:33.261,bitfinex,SOL/USDT:USDT,184.95,8.537,184.93,1.85252963,184.96,0.28637,184.97,2.94
1753769613262,06:13:33.262,bitfinex,SOL/USDT:USDT,184.95,8.537,184.93,1.85252963,184.96,0.28637,184.98,1.85252963
1753769613262,06:13:33.262,bitfinex,SOL/USDT:USDT,184.95,8.537,184.93,1.85252963,184.96,0.28637,184.98,1.85252963
1753769613518,06:13:33.518,bitfinex,SOL/USDT:USDT,184.95,8.537,184.93,1.85252963,184.96,0.28637,184.98,1.85252963
1753769613519,06:13:33.519,bitfinex,SOL/USDT:USDT,184.95,8.537,184.93,1.85252963,184.96,3.22637,184.98,1.85252963
1753769613660,06:13:33.660,bitfinex,SOL/USDT:USDT,184.95,8.537,184.93,1.85252963,184.96,3.22637,184.98,1.85252963
1753769613661,06:13:33.661,bitfinex,SOL/USDT:USDT,184.95,8.537,184.93,1.85252963,184.96,0.28637,184.97,2.94
1753769613662,06:13:33.662,bitfinex,SOL/USDT:USDT,184.95,8.537,184.93,1.85252963,184.96,0.28637,184.97,2.94
1753769613858,06:13:33.858,bitfinex,SOL/USDT:USDT,184.95,8.537,184.93,1.85252963,184.96,0.28637,184.97,2.94
1753769613859,06:13:33.859,bitfinex,SOL/USDT:USDT,184.95,8.537,184.93,1.85252963,184.96,0.28637,184.97,2.94
1753769614180,06:13:34.180,bitfinex,SOL/USDT:USDT,184.93,1.85252963,184.92,115.32,184.96,0.28637,184.97,2.94
1753769614184,06:13:34.184,bitfinex,SOL/USDT:USDT,184.94,5.4072,184.93,13.25252963,184.96,5.07889963,185.06,6.07381663
1753769614396,06:13:34.396,bitfinex,SOL/USDT:USDT,184.94,8.5372,184.93,13.25252963,184.96,2.13889963,185.06,6.07381663
1753769614427,06:13:34.427,bitfinex,SOL/USDT:USDT,184.94,8.5372,184.93,13.25252963,184.96,2.13889963,185.06,6.07381663
1753769614753,06:13:34.753,bitfinex,SOL/USDT:USDT,184.93,11.4,184.92,5.4077,184.94,2.94,184.96,2.13889963
1753769614799,06:13:34.799,bitfinex,SOL/USDT:USDT,184.93,11.4,184.92,5.4077,184.94,2.94,184.96,2.13889963
1753769614958,06:13:34.958,bitfinex,SOL/USDT:USDT,184.93,11.4,184.92,120.7077,184.94,4.79252963,184.96,0.28637
1753769614987,06:13:34.987,bitfinex,SOL/USDT:USDT,184.93,11.4,184.92,120.7077,184.94,4.79252963,184.96,0.28637
1753769615080,06:13:35.080,bitfinex,SOL/USDT:USDT,184.93,14.53,184.92,115.3,184.94,4.79252963,184.96,5.69337
1753769615088,06:13:35.088,bitfinex,SOL/USDT:USDT,184.93,14.53,184.92,115.3,184.94,4.79252963,184.96,5.69337
1753769615275,06:13:35.275,bitfinex,SOL/USDT:USDT,184.93,19.9376,184.92,115.3,184.94,2.94,184.96,0.28637
1753769615283,06:13:35.283,bitfinex,SOL/USDT:USDT,184.93,19.9376,184.92,115.3,184.94,2.94,184.96,0.28637
1753769615471,06:13:35.471,bitfinex,SOL/USDT:USDT,184.94,3.13,184.93,11.4,184.95,2.94,184.96,2.13889963
1753769615472,06:13:35.472,bitfinex,SOL/USDT:USDT,184.94,3.13,184.93,11.4,184.95,2.94,184.96,2.13889963
1753769615767,06:13:35.767,bitfinex,SOL/USDT:USDT,184.94,3.13,184.93,11.4,184.95,2.94,184.96,2.13889963
1753769615771,06:13:35.771,bitfinex,SOL/USDT:USDT,184.94,3.13,184.93,13.25252963,184.96,0.28637,184.97,2.94
1753769615963,06:13:35.963,bitfinex,SOL/USDT:USDT,184.93,13.25252963,184.92,115.3,184.96,0.28637,184.97,2.94
1753769615964,06:13:35.964,bitfinex,SOL/USDT:USDT,184.95,3.13,184.93,13.25252963,184.96,0.28637,184.98,1.85252963
1753769615965,06:13:35.965,bitfinex,SOL/USDT:USDT,184.95,3.13,184.93,13.25252963,184.96,0.28637,184.98,1.85252963
1753769616272,06:13:36.272,bitfinex,SOL/USDT:USDT,184.95,3.13,184.93,13.25252963,184.96,5.07889963,185.05,16.88271663
1753769616273,06:13:36.273,bitfinex,SOL/USDT:USDT,184.95,3.13,184.93,13.25252963,184.96,5.07889963,185.05,16.88271663
1753769616472,06:13:36.472,bitfinex,SOL/USDT:USDT,184.95,3.13,184.93,13.25252963,184.96,5.07889963,185.05,16.88271663
1753769616475,06:13:36.475,bitfinex,SOL/USDT:USDT,184.95,3.13,184.93,13.25252963,184.96,5.07889963,185.05,10.8089
1753769616476,06:13:36.476,bitfinex,SOL/USDT:USDT,184.95,3.13,184.93,13.25252963,184.96,5.07889963,185.05,10.8089
1753769616671,06:13:36.671,bitfinex,SOL/USDT:USDT,184.95,3.13,184.93,13.25252963,184.96,5.07889963,185.05,10.8089
1753769616873,06:13:36.873,bitfinex,SOL/USDT:USDT,184.95,3.13,184.93,13.25252963,184.96,5.07889963,185.05,10.8089
1753769616875,06:13:36.875,bitfinex,SOL/USDT:USDT,184.95,3.13,184.93,13.25252963,184.96,5.07889963,185.05,10.8089
1753769617065,06:13:37.065,bitfinex,SOL/USDT:USDT,184.95,3.13,184.93,13.25252963,184.96,5.07889963,185.05,10.8089
1753769617065,06:13:37.065,bitfinex,SOL/USDT:USDT,184.95,3.13,184.93,13.25252963,184.96,5.07889963,185.05,10.8089
1753769617425,06:13:37.425,bitfinex,SOL/USDT:USDT,184.95,3.13,184.93,13.25252963,184.96,5.07889963,185.05,10.8089
1753769617441,06:13:37.441,bitfinex,SOL/USDT:USDT,184.95,8.537,184.93,13.25252963,184.96,5.07889963,184.98,5.4063
1753769617490,06:13:37.490,bitfinex,SOL/USDT:USDT,184.95,8.537,184.93,13.25252963,184.96,5.07889963,184.98,5.4063
1753769617594,06:13:37.594,bitfinex,SOL/USDT:USDT,184.95,8.537,184.93,13.25252963,184.96,5.07889963,184.98,5.4063
1753769617621,06:13:37.621,bitfinex,SOL/USDT:USDT,184.95,8.537,184.93,13.25252963,184.96,5.07889963,184.98,5.4063
1753769618268,06:13:38.268,bitfinex,SOL/USDT:USDT,184.95,8.537,184.93,13.25252963,184.96,5.07889963,184.97,5.4065
1753769618487,06:13:38.487,bitfinex,SOL/USDT:USDT,184.95,8.537,184.93,13.25252963,184.96,5.07889963,184.97,5.4065
1753769618491,06:13:38.491,bitfinex,SOL/USDT:USDT,184.95,8.537,184.93,13.25252963,184.96,5.07889963,184.97,5.4065
1753769618496,06:13:38.496,bitfinex,SOL/USDT:USDT,184.95,8.537,184.93,13.25252963,184.96,5.07889963,184.97,5.4065
1753769618685,06:13:38.685,bitfinex,SOL/USDT:USDT,184.95,8.537,184.93,13.25252963,184.96,5.07889963,184.97,5.4065
1753769618694,06:13:38.694,bitfinex,SOL/USDT:USDT,184.95,8.537,184.93,13.25252963,184.96,5.07889963,184.97,5.4065
1753769618966,06:13:38.966,bitfinex,SOL/USDT:USDT,184.95,8.537,184.93,13.25252963,184.96,5.07889963,184.97,5.4065
1753769618967,06:13:38.967,bitfinex,SOL/USDT:USDT,184.95,8.537,184.93,13.25252963,184.96,5.07889963,184.97,5.4065
1753769618968,06:13:38.968,bitfinex,SOL/USDT:USDT,184.95,8.537,184.93,13.25252963,184.96,5.07889963,184.97,5.4065
1753769619473,06:13:39.473,bitfinex,SOL/USDT:USDT,184.95,8.537,184.93,13.25252963,184.96,5.07889963,184.97,5.4065
1753769619474,06:13:39.474,bitfinex,SOL/USDT:USDT,184.95,8.537,184.93,13.25252963,184.96,5.07889963,184.97,5.4065
1753769619760,06:13:39.760,bitfinex,SOL/USDT:USDT,184.95,8.537,184.93,13.25252963,184.96,5.07889963,184.97,5.4065
1753769619761,06:13:39.761,bitfinex,SOL/USDT:USDT,184.95,8.537,184.93,13.25252963,184.96,5.07889963,184.97,5.4065
1753769619761,06:13:39.761,bitfinex,SOL/USDT:USDT,184.95,8.537,184.93,13.25252963,184.96,5.07889963,184.97,5.4065
1753769619966,06:13:39.966,bitfinex,SOL/USDT:USDT,184.95,8.537,184.93,13.25252963,184.96,5.07889963,184.97,5.4065
1753769619967,06:13:39.967,bitfinex,SOL/USDT:USDT,184.95,8.537,184.93,13.25252963,184.96,5.07889963,184.97,5.4065
1753769619968,06:13:39.968,bitfinex,SOL/USDT:USDT,184.95,8.537,184.93,13.25252963,184.96,5.07889963,184.97,5.4065
1753769620181,06:13:40.181,bitfinex,SOL/USDT:USDT,184.95,8.537,184.93,13.25252963,184.96,5.07889963,184.97,5.4065
1753769620191,06:13:40.191,bitfinex,SOL/USDT:USDT,184.95,8.537,184.93,13.25252963,184.96,5.07889963,184.97,5.4065
1753769620211,06:13:40.211,bitfinex,SOL/USDT:USDT,184.95,8.537,184.93,13.25252963,184.96,5.07889963,184.97,5.4065
1753769620353,06:13:40.353,bitfinex,SOL/USDT:USDT,184.95,8.537,184.93,13.25252963,184.96,5.07889963,185.05,10.8089
1753769620354,06:13:40.354,bitfinex,SOL/USDT:USDT,184.95,8.537,184.93,13.25252963,184.96,2.13889963,185.05,10.8089
1753769620354,06:13:40.354,bitfinex,SOL/USDT:USDT,184.95,8.537,184.93,13.25252963,184.96,2.13889963,184.98,5.4063
1753769620555,06:13:40.555,bitfinex,SOL/USDT:USDT,184.95,8.537,184.93,13.25252963,184.96,2.13889963,184.98,8.3463
1753769620767,06:13:40.767,bitfinex,SOL/USDT:USDT,184.95,8.537,184.93,13.25252963,184.96,2.13889963,184.98,8.3463
1753769620768,06:13:40.768,bitfinex,SOL/USDT:USDT,184.95,8.537,184.93,13.25252963,184.96,2.13889963,184.98,8.3463
1753769620979,06:13:40.979,bitfinex,SOL/USDT:USDT,184.95,8.537,184.93,13.25252963,184.96,2.13889963,184.98,8.3463
1753769620981,06:13:40.981,bitfinex,SOL/USDT:USDT,184.95,8.537,184.93,13.25252963,184.96,2.13889963,184.97,2.94
1753769620986,06:13:40.986,bitfinex,SOL/USDT:USDT,184.95,8.537,184.93,13.25252963,184.96,2.13889963,184.97,2.94
1753769621176,06:13:41.176,bitfinex,SOL/USDT:USDT,184.95,8.537,184.93,13.25252963,184.96,2.13889963,184.97,2.94
1753769621178,06:13:41.178,bitfinex,SOL/USDT:USDT,184.95,8.537,184.93,13.25252963,184.96,2.13889963,184.97,2.94
1753769621181,06:13:41.181,bitfinex,SOL/USDT:USDT,184.95,8.537,184.93,13.25252963,184.96,2.13889963,184.97,2.94
1753769621369,06:13:41.369,bitfinex,SOL/USDT:USDT,184.95,8.537,184.93,13.25252963,184.96,2.13889963,184.97,2.94
1753769621370,06:13:41.370,bitfinex,SOL/USDT:USDT,184.95,8.537,184.93,13.25252963,184.96,0.28637,184.97,2.94
1753769621372,06:13:41.372,bitfinex,SOL/USDT:USDT,184.95,8.537,184.93,13.25252963,184.96,0.28637,184.97,2.94
1753769621565,06:13:41.565,bitfinex,SOL/USDT:USDT,184.95,8.537,184.93,13.25252963,184.96,0.28637,184.97,2.94
1753769621565,06:13:41.565,bitfinex,SOL/USDT:USDT,184.95,8.537,184.93,13.25252963,184.96,0.28637,184.97,2.94
1753769621565,06:13:41.565,bitfinex,SOL/USDT:USDT,184.95,8.537,184.93,13.25252963,184.96,0.28637,184.97,2.94
1753769621970,06:13:41.970,bitfinex,SOL/USDT:USDT,184.95,8.537,184.93,13.25252963,184.96,0.28637,184.97,2.94
1753769621972,06:13:41.972,bitfinex,SOL/USDT:USDT,184.95,8.537,184.93,13.25252963,184.96,0.28637,184.97,2.94
1753769622190,06:13:42.190,bitfinex,SOL/USDT:USDT,184.95,8.537,184.93,13.25252963,184.96,0.28637,184.97,2.94
1753769622191,06:13:42.191,bitfinex,SOL/USDT:USDT,184.95,8.537,184.93,13.25252963,184.96,0.28637,184.97,2.94
1753769622192,06:13:42.192,bitfinex,SOL/USDT:USDT,184.95,8.537,184.93,13.25252963,184.96,0.28637,184.97,2.94
1753769622386,06:13:42.386,bitfinex,SOL/USDT:USDT,184.95,8.537,184.93,13.25252963,184.96,0.28637,184.97,2.94
1753769622389,06:13:42.389,bitfinex,SOL/USDT:USDT,184.95,8.537,184.93,13.25252963,184.96,0.28637,184.97,2.94
1753769622397,06:13:42.397,bitfinex,SOL/USDT:USDT,184.95,8.537,184.93,13.25252963,184.96,0.28637,184.97,2.94
1753769623285,06:13:43.285,bitfinex,SOL/USDT:USDT,184.95,8.537,184.93,13.25252963,184.96,0.28637,184.97,2.94
1753769623288,06:13:43.288,bitfinex,SOL/USDT:USDT,184.95,8.537,184.93,13.25252963,184.96,0.28637,184.97,2.94
1753769623292,06:13:43.292,bitfinex,SOL/USDT:USDT,184.95,8.537,184.93,13.25252963,184.96,0.28637,184.97,2.94
1753769623471,06:13:43.471,bitfinex,SOL/USDT:USDT,184.95,8.537,184.93,13.25252963,184.96,0.28637,184.97,2.94
1753769623870,06:13:43.870,bitfinex,SOL/USDT:USDT,184.95,8.537,184.93,13.25252963,184.96,0.28637,184.98,1.85252963
1753769623875,06:13:43.875,bitfinex,SOL/USDT:USDT,184.95,8.537,184.93,13.25252963,184.96,0.28637,184.98,1.85252963
1753769624062,06:13:44.062,bitfinex,SOL/USDT:USDT,184.95,8.537,184.93,13.25252963,184.96,0.28637,184.98,1.85252963
1753769624063,06:13:44.063,bitfinex,SOL/USDT:USDT,184.95,8.537,184.93,13.25252963,184.96,0.28637,184.98,1.85252963
1753769624063,06:13:44.063,bitfinex,SOL/USDT:USDT,184.95,8.537,184.93,13.25252963,184.96,0.28637,184.98,1.85252963
1753769624276,06:13:44.276,bitfinex,SOL/USDT:USDT,184.95,8.537,184.93,13.25252963,184.96,0.28637,184.98,1.85252963
1753769624280,06:13:44.280,bitfinex,SOL/USDT:USDT,184.95,8.537,184.93,13.25252963,184.96,0.28637,184.98,1.85252963
1753769624284,06:13:44.284,bitfinex,SOL/USDT:USDT,184.95,8.537,184.93,13.25252963,184.96,0.28637,184.98,1.85252963
1753769624491,06:13:44.491,bitfinex,SOL/USDT:USDT,184.95,8.537,184.93,13.25252963,184.96,0.28637,184.98,1.85252963
1753769624496,06:13:44.496,bitfinex,SOL/USDT:USDT,184.95,8.537,184.93,13.25252963,184.96,0.28637,184.98,1.85252963
1753769624783,06:13:44.783,bitfinex,SOL/USDT:USDT,184.95,8.537,184.93,13.25252963,184.96,0.28637,184.98,1.85252963
1753769624785,06:13:44.785,bitfinex,SOL/USDT:USDT,184.95,10.38952963,184.93,11.4,184.96,0.28637,184.98,1.85252963
1753769624989,06:13:44.989,bitfinex,SOL/USDT:USDT,184.95,10.38952963,184.93,11.4,184.96,0.28637,184.98,1.85252963
1753769624991,06:13:44.991,bitfinex,SOL/USDT:USDT,184.95,10.38952963,184.93,11.4,184.96,0.28637,184.98,1.85252963
1753769624997,06:13:44.997,bitfinex,SOL/USDT:USDT,184.95,10.38952963,184.93,11.4,184.96,0.28637,184.98,1.85252963
1753769625203,06:13:45.203,bitfinex,SOL/USDT:USDT,184.95,10.38952963,184.93,11.4,184.96,0.28637,184.98,1.85252963
1753769625209,06:13:45.209,bitfinex,SOL/USDT:USDT,184.95,10.38952963,184.93,11.4,184.96,0.28637,184.98,1.85252963
1753769625214,06:13:45.214,bitfinex,SOL/USDT:USDT,184.95,10.38952963,184.93,11.4,184.96,0.28637,184.98,1.85252963
1753769625388,06:13:45.388,bitfinex,SOL/USDT:USDT,184.97,5.4065,184.95,1.85252963,184.98,1.85252963,185.02,5.4051
1753769625393,06:13:45.393,bitfinex,SOL/USDT:USDT,184.97,5.4065,184.95,1.85252963,184.98,1.85252963,185.02,5.4051
1753769625596,06:13:45.596,bitfinex,SOL/USDT:USDT,184.97,5.4065,184.95,1.85252963,184.98,1.85252963,185.02,5.4051
1753769625604,06:13:45.604,bitfinex,SOL/USDT:USDT,184.97,123.5965,184.95,1.85252963,184.98,4.75252963,185.02,5.4051
1753769625767,06:13:45.767,bitfinex,SOL/USDT:USDT,184.97,123.5965,184.95,1.85252963,184.98,4.75252963,185.02,5.4051
1753769625768,06:13:45.768,bitfinex,SOL/USDT:USDT,184.98,2.91,184.97,115.28,185.0,4.75252963,185.08,6.07381663
1753769625969,06:13:45.969,bitfinex,SOL/USDT:USDT,184.98,2.91,184.97,115.28,185.0,4.75252963,185.08,6.07381663
1753769625970,06:13:45.970,bitfinex,SOL/USDT:USDT,184.98,2.91,184.97,115.28,185.0,1.85252963,185.09,6.07381663
1753769625972,06:13:45.972,bitfinex,SOL/USDT:USDT,184.98,2.91,184.97,115.28,185.0,1.85252963,185.09,6.07381663
1753769626176,06:13:46.176,bitfinex,SOL/USDT:USDT,184.98,2.91,184.97,115.28,185.0,1.85252963,185.09,6.07381663
1753769626177,06:13:46.177,bitfinex,SOL/USDT:USDT,184.98,2.91,184.97,115.28,185.0,1.85252963,185.01,2.9
1753769626179,06:13:46.179,bitfinex,SOL/USDT:USDT,184.98,2.91,184.97,115.28,185.0,1.85252963,185.01,2.9
1753769626369,06:13:46.369,bitfinex,SOL/USDT:USDT,184.98,2.91,184.97,117.13252963,185.0,1.85252963,185.01,2.9
1753769626369,06:13:46.369,bitfinex,SOL/USDT:USDT,184.98,2.91,184.97,117.13252963,185.0,1.85252963,185.01,2.9
1753769626572,06:13:46.572,bitfinex,SOL/USDT:USDT,184.98,2.91,184.97,117.13252963,185.0,1.85252963,185.01,2.9
1753769626573,06:13:46.573,bitfinex,SOL/USDT:USDT,184.98,2.91,184.97,117.13252963,185.0,1.85252963,185.01,2.9
1753769626776,06:13:46.776,bitfinex,SOL/USDT:USDT,184.98,2.91,184.97,117.13252963,185.0,1.85252963,185.09,6.07381663
1753769626777,06:13:46.777,bitfinex,SOL/USDT:USDT,184.98,2.91,184.97,117.13252963,185.0,4.75252963,185.09,6.07381663
1753769627068,06:13:47.068,bitfinex,SOL/USDT:USDT,184.98,2.91,184.97,117.13252963,185.0,4.75252963,185.09,6.07381663
1753769627069,06:13:47.069,bitfinex,SOL/USDT:USDT,184.98,2.91,184.97,117.13252963,185.0,4.75252963,185.09,6.07381663
1753769627266,06:13:47.266,bitfinex,SOL/USDT:USDT,184.98,2.91,184.97,117.13252963,185.0,4.75252963,185.09,6.07381663
1753769627267,06:13:47.267,bitfinex,SOL/USDT:USDT,184.98,2.91,184.97,117.13252963,185.0,2.9,185.09,6.07381663
1753769627267,06:13:47.267,bitfinex,SOL/USDT:USDT,184.98,2.91,184.97,117.13252963,185.0,2.9,185.02,1.85252963
1753769627569,06:13:47.569,bitfinex,SOL/USDT:USDT,184.97,117.13252963,184.93,11.4,185.0,2.9,185.02,1.85252963
1753769627570,06:13:47.570,bitfinex,SOL/USDT:USDT,184.99,8.3159,184.97,117.13252963,185.0,2.9,185.02,1.85252963
1753769627570,06:13:47.570,bitfinex,SOL/USDT:USDT,184.99,8.3159,184.97,117.13252963,185.0,2.9,185.02,1.85252963
1753769628369,06:13:48.369,bitfinex,SOL/USDT:USDT,184.99,8.3159,184.97,117.13252963,185.0,2.9,185.02,1.85252963
1753769628370,06:13:48.370,bitfinex,SOL/USDT:USDT,184.99,8.3159,184.97,117.13252963,185.0,2.9,185.02,1.85252963
1753769628370,06:13:48.370,bitfinex,SOL/USDT:USDT,184.99,8.3159,184.97,117.13252963,185.0,2.9,185.02,1.85252963
1753769628784,06:13:48.784,bitfinex,SOL/USDT:USDT,184.97,117.13252963,184.93,11.4,185.0,2.9,185.02,1.85252963
1753769628785,06:13:48.785,bitfinex,SOL/USDT:USDT,184.98,2.91,184.97,117.13252963,185.03,2.9,185.04,5.4044
1753769628785,06:13:48.785,bitfinex,SOL/USDT:USDT,184.98,2.91,184.97,117.13252963,185.03,2.9,185.04,5.4044
1753769628981,06:13:48.981,bitfinex,SOL/USDT:USDT,184.98,2.91,184.97,117.13252963,185.04,5.4044,185.09,6.07381663
1753769628984,06:13:48.984,bitfinex,SOL/USDT:USDT,184.98,2.91,184.97,117.13252963,185.01,2.9,185.02,5.87912855
1753769629180,06:13:49.180,bitfinex,SOL/USDT:USDT,184.98,2.91,184.97,117.13252963,185.01,2.9,185.02,1.85252963
1753769629371,06:13:49.371,bitfinex,SOL/USDT:USDT,185.0,5.4056,184.99,2.91,185.01,2.9,185.02,1.85252963
1753769629373,06:13:49.373,bitfinex,SOL/USDT:USDT,185.0,5.4056,184.99,2.91,185.01,2.9,185.02,1.85252963
1753769629814,06:13:49.814,bitfinex,SOL/USDT:USDT,184.99,2.91,184.97,117.13252963,185.01,2.9,185.02,1.85252963
1753769630081,06:13:50.081,bitfinex,SOL/USDT:USDT,184.99,2.91,184.97,117.13252963,185.01,2.9,185.02,1.85252963
1753769630086,06:13:50.086,bitfinex,SOL/USDT:USDT,184.99,2.91,184.97,117.13252963,185.01,2.9,185.02,1.85252963
1753769630093,06:13:50.093,bitfinex,SOL/USDT:USDT,184.99,2.91,184.97,117.13252963,185.01,2.9,185.02,1.85252963
1753769630271,06:13:50.271,bitfinex,SOL/USDT:USDT,184.99,2.91,184.97,117.13252963,185.01,2.9,185.02,1.85252963
1753769630272,06:13:50.272,bitfinex,SOL/USDT:USDT,184.99,2.91,184.97,117.13252963,185.01,2.9,185.02,1.85252963
1753769630272,06:13:50.272,bitfinex,SOL/USDT:USDT,184.99,2.91,184.97,117.13252963,185.01,2.9,185.02,1.85252963
1753769630475,06:13:50.475,bitfinex,SOL/USDT:USDT,184.99,2.91,184.97,117.13252963,185.01,2.9,185.02,1.85252963
1753769630478,06:13:50.478,bitfinex,SOL/USDT:USDT,184.99,2.91,184.97,117.13252963,185.01,2.9,185.02,1.85252963
1753769630672,06:13:50.672,bitfinex,SOL/USDT:USDT,184.99,2.91,184.97,117.13252963,185.0,2.9,185.02,1.85252963
1753769630673,06:13:50.673,bitfinex,SOL/USDT:USDT,184.99,2.91,184.97,117.13252963,185.0,2.9,185.02,1.85252963
1753769630880,06:13:50.880,bitfinex,SOL/USDT:USDT,184.99,2.91,184.97,117.13252963,185.0,2.9,185.02,1.85252963
1753769630898,06:13:50.898,bitfinex,SOL/USDT:USDT,184.99,2.91,184.97,117.13252963,185.0,2.9,185.02,1.85252963
1753769631076,06:13:51.076,bitfinex,SOL/USDT:USDT,184.99,2.91,184.97,117.13252963,185.0,2.9,185.02,1.85252963
1753769631078,06:13:51.078,bitfinex,SOL/USDT:USDT,184.99,2.91,184.97,117.13252963,185.0,2.9,185.02,1.85252963
1753769631083,06:13:51.083,bitfinex,SOL/USDT:USDT,184.99,2.91,184.97,117.13252963,185.0,2.9,185.02,1.85252963
1753769631263,06:13:51.263,bitfinex,SOL/USDT:USDT,184.99,2.91,184.97,117.13252963,185.0,2.9,185.02,1.85252963
1753769631264,06:13:51.264,bitfinex,SOL/USDT:USDT,184.99,2.91,184.97,117.13252963,185.0,2.9,185.02,1.85252963
1753769631264,06:13:51.264,bitfinex,SOL/USDT:USDT,184.99,2.91,184.97,117.13252963,185.0,2.9,185.02,1.85252963
1753769631472,06:13:51.472,bitfinex,SOL/USDT:USDT,184.99,2.91,184.97,117.13252963,185.0,2.9,185.02,1.85252963
1753769631472,06:13:51.472,bitfinex,SOL/USDT:USDT,184.99,2.91,184.97,117.13252963,185.0,2.9,185.02,1.85252963
1753769631674,06:13:51.674,bitfinex,SOL/USDT:USDT,184.99,2.91,184.97,117.13252963,185.0,2.9,185.02,1.85252963
1753769631675,06:13:51.675,bitfinex,SOL/USDT:USDT,184.99,2.91,184.97,117.13252963,185.0,2.9,185.02,1.85252963
1753769631676,06:13:51.676,bitfinex,SOL/USDT:USDT,184.99,2.91,184.97,117.13252963,185.0,2.9,185.02,1.85252963
1753769631874,06:13:51.874,bitfinex,SOL/USDT:USDT,184.99,2.91,184.97,117.13252963,185.0,2.9,185.02,1.85252963
1753769631874,06:13:51.874,bitfinex,SOL/USDT:USDT,184.99,2.91,184.97,117.13252963,185.0,2.9,185.02,1.85252963
1753769631875,06:13:51.875,bitfinex,SOL/USDT:USDT,184.99,2.91,184.97,117.13252963,185.0,2.9,185.02,1.85252963
1753769632275,06:13:52.275,bitfinex,SOL/USDT:USDT,184.99,2.91,184.97,117.13252963,185.0,2.9,185.02,1.85252963
1753769632276,06:13:52.276,bitfinex,SOL/USDT:USDT,184.99,2.91,184.97,117.13252963,185.0,2.9,185.02,1.85252963
1753769632479,06:13:52.479,bitfinex,SOL/USDT:USDT,184.99,2.91,184.97,117.13252963,185.0,2.9,185.02,1.85252963
1753769632480,06:13:52.480,bitfinex,SOL/USDT:USDT,184.99,8.3159,184.97,117.13252963,185.0,2.9,185.02,1.85252963
1753769632482,06:13:52.482,bitfinex,SOL/USDT:USDT,184.99,8.3159,184.97,117.13252963,185.0,2.9,185.02,1.85252963
1753769632689,06:13:52.689,bitfinex,SOL/USDT:USDT,184.99,8.3159,184.97,117.13252963,185.0,2.9,185.02,1.85252963
1753769632693,06:13:52.693,bitfinex,SOL/USDT:USDT,184.99,5.4059,184.97,117.13252963,185.0,2.9,185.02,1.85252963
1753769632700,06:13:52.700,bitfinex,SOL/USDT:USDT,184.99,5.4059,184.97,117.13252963,185.0,2.9,185.02,1.85252963
1753769632908,06:13:52.908,bitfinex,SOL/USDT:USDT,184.99,5.4059,184.97,117.13252963,185.0,2.9,185.02,1.85252963
1753769632936,06:13:52.936,bitfinex,SOL/USDT:USDT,184.99,5.4059,184.97,117.13252963,185.0,2.9,185.02,1.85252963
1753769633096,06:13:53.096,bitfinex,SOL/USDT:USDT,184.99,5.4059,184.97,117.13252963,185.0,2.9,185.02,1.85252963
1753769633097,06:13:53.097,bitfinex,SOL/USDT:USDT,184.99,8.3159,184.97,117.13252963,185.0,2.9,185.02,1.85252963
1753769633377,06:13:53.377,bitfinex,SOL/USDT:USDT,184.99,8.3159,184.97,117.13252963,185.0,2.9,185.02,1.85252963
1753769633379,06:13:53.379,bitfinex,SOL/USDT:USDT,184.99,8.3159,184.97,117.13252963,185.0,2.9,185.02,1.85252963
1753769633576,06:13:53.576,bitfinex,SOL/USDT:USDT,184.99,8.3159,184.97,117.13252963,185.0,2.9,185.02,1.85252963
1753769633577,06:13:53.577,bitfinex,SOL/USDT:USDT,184.99,8.3159,184.97,117.13252963,185.0,2.9,185.02,1.85252963
1753769633577,06:13:53.577,bitfinex,SOL/USDT:USDT,184.99,8.3159,184.97,117.13252963,185.0,2.9,185.02,1.85252963
1753769633775,06:13:53.775,bitfinex,SOL/USDT:USDT,184.99,8.3159,184.97,117.13252963,185.0,2.9,185.02,1.85252963
1753769633776,06:13:53.776,bitfinex,SOL/USDT:USDT,184.99,8.3159,184.97,117.13252963,185.0,2.9,185.02,1.85252963
1753769634277,06:13:54.277,bitfinex,SOL/USDT:USDT,184.99,8.3159,184.97,117.13252963,185.0,2.9,185.02,1.85252963
1753769634278,06:13:54.278,bitfinex,SOL/USDT:USDT,184.99,8.3159,184.97,117.13252963,185.0,2.9,185.02,1.85252963
1753769634476,06:13:54.476,bitfinex,SOL/USDT:USDT,184.99,8.3159,184.97,117.13252963,185.0,2.9,185.02,1.85252963
1753769634476,06:13:54.476,bitfinex,SOL/USDT:USDT,184.99,8.3159,184.97,117.13252963,185.0,2.9,185.02,1.85252963
1753769634477,06:13:54.477,bitfinex,SOL/USDT:USDT,184.99,8.3159,184.97,117.13252963,185.0,2.9,185.02,1.85252963
1753769634773,06:13:54.773,bitfinex,SOL/USDT:USDT,184.99,8.3159,184.97,117.13252963,185.0,2.9,185.02,1.85252963
1753769634774,06:13:54.774,bitfinex,SOL/USDT:USDT,184.99,8.3159,184.97,117.13252963,185.0,2.9,185.02,1.85252963
1753769634976,06:13:54.976,bitfinex,SOL/USDT:USDT,184.99,8.3159,184.97,117.13252963,185.0,2.9,185.02,1.85252963
1753769634976,06:13:54.976,bitfinex,SOL/USDT:USDT,184.99,8.3159,184.97,117.13252963,185.0,2.9,185.02,1.85252963
1753769635185,06:13:55.185,bitfinex,SOL/USDT:USDT,184.99,8.3159,184.97,117.13252963,185.0,2.9,185.02,1.85252963
1753769635185,06:13:55.185,bitfinex,SOL/USDT:USDT,184.99,8.3159,184.97,117.13252963,185.0,2.9,185.02,1.85252963
1753769635198,06:13:55.198,bitfinex,SOL/USDT:USDT,184.99,8.3159,184.97,117.13252963,185.0,2.9,185.02,1.85252963
1753769635485,06:13:55.485,bitfinex,SOL/USDT:USDT,184.99,8.3159,184.97,117.13252963,185.0,2.9,185.02,1.85252963
1753769635487,06:13:55.487,bitfinex,SOL/USDT:USDT,184.99,8.3159,184.97,117.13252963,185.0,2.9,185.02,1.85252963
1753769635776,06:13:55.776,bitfinex,SOL/USDT:USDT,184.99,8.3159,184.97,117.13252963,185.0,2.9,185.02,1.85252963
1753769635776,06:13:55.776,bitfinex,SOL/USDT:USDT,184.99,8.3159,184.98,10.69,185.0,2.9,185.02,1.85252963
1753769636295,06:13:56.295,bitfinex,SOL/USDT:USDT,184.99,8.3159,184.98,10.69,185.0,2.9,185.02,1.85252963
1753769636304,06:13:56.304,bitfinex,SOL/USDT:USDT,184.99,8.3159,184.98,10.69,185.0,2.9,185.02,1.85252963
1753769636598,06:13:56.598,bitfinex,SOL/USDT:USDT,184.99,8.3159,184.98,10.69,185.0,2.9,185.02,1.85252963
1753769636637,06:13:56.637,bitfinex,SOL/USDT:USDT,184.99,8.3159,184.98,10.69,185.0,2.9,185.02,1.85252963
1753769636720,06:13:56.720,bitfinex,SOL/USDT:USDT,185.01,8.3153,184.98,10.69,185.02,4.75252963,185.11,7.01481495
1753769636729,06:13:56.729,bitfinex,SOL/USDT:USDT,185.01,8.3153,184.98,10.69,185.02,4.75252963,185.11,7.01481495
1753769636987,06:13:56.987,bitfinex,SOL/USDT:USDT,185.01,8.3153,184.98,10.69,185.02,4.75252963,185.11,7.01481495
1753769636989,06:13:56.989,bitfinex,SOL/USDT:USDT,185.01,8.3153,184.98,10.69,185.02,4.75252963,185.06,5.4041
1753769636994,06:13:56.994,bitfinex,SOL/USDT:USDT,185.01,8.3153,184.98,10.69,185.02,4.75252963,185.06,5.4041
1753769637592,06:13:57.592,bitfinex,SOL/USDT:USDT,185.01,8.3153,184.98,10.69,185.02,4.75252963,185.06,5.4041
1753769637594,06:13:57.594,bitfinex,SOL/USDT:USDT,185.01,8.3153,184.98,10.69,185.02,4.75252963,185.06,5.4041
1753769637888,06:13:57.888,bitfinex,SOL/USDT:USDT,185.01,8.3153,184.98,10.69,185.02,4.75252963,185.06,5.4041
1753769638181,06:13:58.181,bitfinex,SOL/USDT:USDT,185.01,8.3153,184.98,10.69,185.02,4.75252963,185.06,5.4041
1753769638183,06:13:58.183,bitfinex,SOL/USDT:USDT,185.01,8.3153,184.98,10.69,185.02,4.75252963,185.06,5.4041
1753769638481,06:13:58.481,bitfinex,SOL/USDT:USDT,185.01,8.3153,184.98,10.69,185.02,4.75252963,185.06,5.4041
1753769638481,06:13:58.481,bitfinex,SOL/USDT:USDT,185.01,8.3153,184.98,10.69,185.02,4.75252963,185.06,5.4041
1753769638778,06:13:58.778,bitfinex,SOL/USDT:USDT,185.01,8.3153,184.98,10.69,185.02,4.75252963,185.06,5.4041
1753769638779,06:13:58.779,bitfinex,SOL/USDT:USDT,185.01,8.3153,184.98,10.69,185.02,4.75252963,185.06,5.4041
1753769638780,06:13:58.780,bitfinex,SOL/USDT:USDT,185.01,8.3153,184.98,10.69,185.02,4.75252963,185.06,5.4041
1753769639089,06:13:59.089,bitfinex,SOL/USDT:USDT,185.01,8.3153,184.98,10.69,185.02,4.75252963,185.06,5.4041
1753769639090,06:13:59.090,bitfinex,SOL/USDT:USDT,185.01,8.3153,184.99,1.85252963,185.02,2.9,185.06,5.4041
1753769639092,06:13:59.092,bitfinex,SOL/USDT:USDT,185.01,8.3153,184.99,1.85252963,185.02,2.9,185.03,1.85252963
1753769639493,06:13:59.493,bitfinex,SOL/USDT:USDT,185.01,8.3153,184.99,1.85252963,185.02,2.9,185.03,1.85252963
1753769639494,06:13:59.494,bitfinex,SOL/USDT:USDT,185.01,8.3153,184.99,1.85252963,185.02,2.9,185.03,1.85252963
1753769639790,06:13:59.790,bitfinex,SOL/USDT:USDT,185.01,8.3153,184.99,1.85252963,185.02,2.9,185.03,1.85252963
