timestamp,time,exchange,symbol,bid1_price,bid1_volume,bid2_price,bid2_volume,ask1_price,ask1_volume,ask2_price,ask2_volume
1753769521864,06:12:01.864,bitfinex,XRP/USDT:USDT,3.1414,546.0,3.1411,318.37,3.1415,121.0,3.1416,318.33
1753769523623,06:12:03.623,bitfinex,XRP/USDT:USDT,3.1414,546.0,3.1411,318.37,3.1415,121.0,3.1416,318.33
1753769524800,06:12:04.800,bitfinex,XRP/USDT:USDT,3.1414,546.0,3.1411,318.37,3.1415,121.0,3.1418,261.20789204
1753769524801,06:12:04.801,bitfinex,XRP/USDT:USDT,3.1414,546.0,3.1411,318.37,3.1415,439.33,3.1418,261.20789204
1753769524802,06:12:04.802,bitfinex,XRP/USDT:USDT,3.1414,546.0,3.1411,318.37,3.1415,439.33,3.1418,261.20789204
1753769524996,06:12:04.996,bitfinex,XRP/USDT:USDT,3.1414,546.0,3.1407,261.20789204,3.1415,439.33,3.1418,261.20789204
1753769524996,06:12:04.996,bitfinex,XRP/USDT:USDT,3.1414,546.0,3.1409,318.38,3.1415,439.33,3.1418,261.20789204
1753769525487,06:12:05.487,bitfinex,XRP/USDT:USDT,3.1414,546.0,3.1407,261.20789204,3.1415,439.33,3.1418,261.20789204
1753769525488,06:12:05.488,bitfinex,XRP/USDT:USDT,3.1414,546.0,3.141,318.38,3.1415,439.33,3.1418,261.20789204
1753769526409,06:12:06.409,bitfinex,XRP/USDT:USDT,3.1414,546.0,3.141,318.38,3.1415,439.33,3.1418,261.20789204
1753769526430,06:12:06.430,bitfinex,XRP/USDT:USDT,3.1414,546.0,3.141,318.38,3.1415,439.33,3.1418,261.20789204
1753769526489,06:12:06.489,bitfinex,XRP/USDT:USDT,3.1414,546.0,3.141,318.38,3.1415,439.33,3.1418,261.20789204
1753769526492,06:12:06.492,bitfinex,XRP/USDT:USDT,3.1414,546.0,3.141,318.38,3.1415,439.33,3.1418,261.20789204
1753769526493,06:12:06.493,bitfinex,XRP/USDT:USDT,3.1414,546.0,3.141,318.38,3.1415,439.33,3.1418,261.20789204
1753769526782,06:12:06.782,bitfinex,XRP/USDT:USDT,3.1414,546.0,3.1407,261.20789204,3.1415,439.33,3.1418,261.20789204
1753769526784,06:12:06.784,bitfinex,XRP/USDT:USDT,3.1414,546.0,3.1411,318.37,3.1415,439.33,3.1418,261.20789204
1753769526785,06:12:06.785,bitfinex,XRP/USDT:USDT,3.1414,546.0,3.1411,318.37,3.1415,439.33,3.1418,261.20789204
1753769526981,06:12:06.981,bitfinex,XRP/USDT:USDT,3.1414,546.0,3.1411,318.37,3.1415,439.33,3.1418,261.20789204
1753769526981,06:12:06.981,bitfinex,XRP/USDT:USDT,3.1414,546.0,3.1411,318.37,3.1415,121.0,3.1416,318.32
1753769527191,06:12:07.191,bitfinex,XRP/USDT:USDT,3.1414,546.0,3.1411,318.37,3.1415,121.0,3.1416,318.32
1753769527192,06:12:07.192,bitfinex,XRP/USDT:USDT,3.1414,546.0,3.1411,318.37,3.1415,121.0,3.1416,318.32
1753769527379,06:12:07.379,bitfinex,XRP/USDT:USDT,3.1414,546.0,3.1411,318.37,3.1415,121.0,3.1416,318.32
1753769527380,06:12:07.380,bitfinex,XRP/USDT:USDT,3.1414,546.0,3.1411,318.37,3.1415,121.0,3.1416,318.32
1753769527583,06:12:07.583,bitfinex,XRP/USDT:USDT,3.1414,546.0,3.1411,318.37,3.1415,121.0,3.1416,318.32
1753769527584,06:12:07.584,bitfinex,XRP/USDT:USDT,3.1414,546.0,3.1411,318.37,3.1415,121.0,3.1416,318.32
1753769527584,06:12:07.584,bitfinex,XRP/USDT:USDT,3.1414,546.0,3.1411,318.37,3.1415,121.0,3.1416,318.32
1753769528154,06:12:08.154,bitfinex,XRP/USDT:USDT,3.1414,546.0,3.1411,318.37,3.1415,121.0,3.1416,318.32
1753769528284,06:12:08.284,bitfinex,XRP/USDT:USDT,3.1414,546.0,3.1411,318.37,3.1415,121.0,3.1416,318.32
1753769528284,06:12:08.284,bitfinex,XRP/USDT:USDT,3.1414,546.0,3.1411,318.37,3.1415,121.0,3.1416,318.32
1753769528577,06:12:08.577,bitfinex,XRP/USDT:USDT,3.1414,546.0,3.1411,318.37,3.1415,121.0,3.1416,318.32
1753769528577,06:12:08.577,bitfinex,XRP/USDT:USDT,3.1414,546.0,3.1411,318.37,3.1415,121.0,3.1416,318.32
1753769528579,06:12:08.579,bitfinex,XRP/USDT:USDT,3.1414,546.0,3.1411,318.37,3.1415,121.0,3.1416,318.32
1753769528984,06:12:08.984,bitfinex,XRP/USDT:USDT,3.1414,546.0,3.1407,261.20789204,3.1415,121.0,3.1416,318.32
1753769528984,06:12:08.984,bitfinex,XRP/USDT:USDT,3.1414,546.0,3.141,318.38,3.1415,439.33,3.1418,261.20789204
1753769528985,06:12:08.985,bitfinex,XRP/USDT:USDT,3.1414,546.0,3.141,318.38,3.1415,439.33,3.1418,261.20789204
1753769530078,06:12:10.078,bitfinex,XRP/USDT:USDT,3.1414,546.0,3.141,318.38,3.1415,439.33,3.1418,261.20789204
1753769530383,06:12:10.383,bitfinex,XRP/USDT:USDT,3.1414,546.0,3.1407,261.20789204,3.1415,439.33,3.1418,261.20789204
1753769530383,06:12:10.383,bitfinex,XRP/USDT:USDT,3.1414,546.0,3.1411,318.37,3.1415,439.33,3.1418,261.20789204
1753769530584,06:12:10.584,bitfinex,XRP/USDT:USDT,3.1414,546.0,3.1411,318.37,3.1415,439.33,3.1418,261.20789204
1753769530584,06:12:10.584,bitfinex,XRP/USDT:USDT,3.1414,546.0,3.1411,318.37,3.1415,439.33,3.1418,261.20789204
1753769531354,06:12:11.354,bitfinex,XRP/USDT:USDT,3.1421,117.0,3.1416,357.0,3.1422,382.20789204,3.1425,386.11989561
1753769531405,06:12:11.405,bitfinex,XRP/USDT:USDT,3.1421,117.0,3.1416,357.0,3.1422,456.20789204,3.1427,7163.0
1753769531506,06:12:11.506,bitfinex,XRP/USDT:USDT,3.1421,117.0,3.1416,357.0,3.1422,456.20789204,3.1427,7163.0
1753769531684,06:12:11.684,bitfinex,XRP/USDT:USDT,3.1421,117.0,3.1416,357.0,3.1422,456.20789204,3.1427,7163.0
1753769531685,06:12:11.685,bitfinex,XRP/USDT:USDT,3.1421,117.0,3.1416,357.0,3.1422,456.20789204,3.1427,7163.0
1753769532291,06:12:12.291,bitfinex,XRP/USDT:USDT,3.1421,117.0,3.1416,357.0,3.1422,456.20789204,3.1427,7163.0
1753769532291,06:12:12.291,bitfinex,XRP/USDT:USDT,3.1421,117.0,3.1416,357.0,3.1422,456.20789204,3.1427,7163.0
1753769532480,06:12:12.480,bitfinex,XRP/USDT:USDT,3.1416,357.0,3.1415,72.0,3.1422,456.20789204,3.1427,7163.0
1753769532481,06:12:12.481,bitfinex,XRP/USDT:USDT,3.1416,357.0,3.1415,390.32,3.142,318.28,3.1422,456.20789204
1753769532481,06:12:12.481,bitfinex,XRP/USDT:USDT,3.1416,357.0,3.1415,390.32,3.142,318.28,3.1422,335.20789204
1753769532702,06:12:12.702,bitfinex,XRP/USDT:USDT,3.1416,357.0,3.1415,390.32,3.142,318.28,3.1422,335.20789204
1753769532705,06:12:12.705,bitfinex,XRP/USDT:USDT,3.1416,474.0,3.1415,72.0,3.1417,121.0,3.1419,261.20789204
1753769532707,06:12:12.707,bitfinex,XRP/USDT:USDT,3.1416,474.0,3.1415,72.0,3.1417,121.0,3.1419,261.20789204
1753769533595,06:12:13.595,bitfinex,XRP/USDT:USDT,3.1416,474.0,3.141,261.20789204,3.1417,121.0,3.1419,261.20789204
1753769533617,06:12:13.617,bitfinex,XRP/USDT:USDT,3.1416,546.0,3.1412,247.92946288,3.1417,121.0,3.1419,261.20789204
1753769533643,06:12:13.643,bitfinex,XRP/USDT:USDT,3.1416,546.0,3.141,261.20789204,3.1417,121.0,3.1419,261.20789204
1753769533785,06:12:13.785,bitfinex,XRP/USDT:USDT,3.1416,546.0,3.141,261.20789204,3.1417,121.0,3.1419,261.20789204
1753769533785,06:12:13.785,bitfinex,XRP/USDT:USDT,3.1416,546.0,3.1413,318.34,3.1417,121.0,3.1419,261.20789204
1753769533786,06:12:13.786,bitfinex,XRP/USDT:USDT,3.1416,546.0,3.1413,318.34,3.1417,121.0,3.1418,318.3
1753769534088,06:12:14.088,bitfinex,XRP/USDT:USDT,3.1416,546.0,3.1413,318.34,3.1417,121.0,3.1418,318.3
1753769534089,06:12:14.089,bitfinex,XRP/USDT:USDT,3.1416,546.0,3.1413,318.34,3.1417,121.0,3.1419,261.20789204
1753769534281,06:12:14.281,bitfinex,XRP/USDT:USDT,3.1416,546.0,3.141,261.20789204,3.1417,121.0,3.1419,261.20789204
1753769534282,06:12:14.282,bitfinex,XRP/USDT:USDT,3.1416,546.0,3.141,261.20789204,3.1419,261.20789204,3.142,392.29
1753769534282,06:12:14.282,bitfinex,XRP/USDT:USDT,3.1416,546.0,3.141,261.20789204,3.1419,261.20789204,3.142,392.29
1753769534482,06:12:14.482,bitfinex,XRP/USDT:USDT,3.141,261.20789204,3.1405,265.98166701,3.1419,261.20789204,3.142,392.29
1753769534483,06:12:14.483,bitfinex,XRP/USDT:USDT,3.1418,114.0,3.1411,248.07537466,3.1419,261.20789204,3.142,318.29
1753769534483,06:12:14.483,bitfinex,XRP/USDT:USDT,3.1418,114.0,3.1411,248.07537466,3.1419,261.20789204,3.142,318.29
1753769535231,06:12:15.231,bitfinex,XRP/USDT:USDT,3.1418,114.0,3.141,261.20789204,3.1419,261.20789204,3.142,318.29
1753769535257,06:12:15.257,bitfinex,XRP/USDT:USDT,3.1418,530.0,3.1414,318.34,3.1419,697.49789204,3.1424,367.0
1753769535386,06:12:15.386,bitfinex,XRP/USDT:USDT,3.1418,530.0,3.1414,318.34,3.1419,697.49789204,3.1424,367.0
1753769535386,06:12:15.386,bitfinex,XRP/USDT:USDT,3.1418,530.0,3.1414,318.34,3.1419,697.49789204,3.1424,367.0
1753769535387,06:12:15.387,bitfinex,XRP/USDT:USDT,3.1418,530.0,3.1414,318.34,3.1419,697.49789204,3.1424,367.0
1753769535585,06:12:15.585,bitfinex,XRP/USDT:USDT,3.1418,530.0,3.1414,318.34,3.1419,697.49789204,3.1424,367.0
1753769535585,06:12:15.585,bitfinex,XRP/USDT:USDT,3.1418,530.0,3.1414,318.34,3.1419,697.49789204,3.1424,367.0
1753769535585,06:12:15.585,bitfinex,XRP/USDT:USDT,3.1418,530.0,3.1414,318.34,3.1419,697.49789204,3.1424,367.0
1753769535899,06:12:15.899,bitfinex,XRP/USDT:USDT,3.1418,530.0,3.1415,318.32,3.1419,261.20789204,3.1421,318.27
1753769536085,06:12:16.085,bitfinex,XRP/USDT:USDT,3.1418,530.0,3.1415,318.32,3.1419,261.20789204,3.1427,72.0
1753769536086,06:12:16.086,bitfinex,XRP/USDT:USDT,3.1418,530.0,3.1415,318.32,3.1419,261.20789204,3.1427,72.0
1753769536285,06:12:16.285,bitfinex,XRP/USDT:USDT,3.1418,530.0,3.1415,318.32,3.1419,261.20789204,3.1427,72.0
1753769536286,06:12:16.286,bitfinex,XRP/USDT:USDT,3.1418,530.0,3.1415,318.32,3.1419,379.20789204,3.1424,72.0
1753769536286,06:12:16.286,bitfinex,XRP/USDT:USDT,3.1418,530.0,3.1415,318.32,3.1419,379.20789204,3.1424,72.0
1753769536483,06:12:16.483,bitfinex,XRP/USDT:USDT,3.1418,530.0,3.1415,318.32,3.1419,379.20789204,3.1424,72.0
1753769536484,06:12:16.484,bitfinex,XRP/USDT:USDT,3.1418,530.0,3.1415,318.32,3.1419,379.20789204,3.1424,72.0
1753769536485,06:12:16.485,bitfinex,XRP/USDT:USDT,3.1418,530.0,3.1415,318.32,3.1419,379.20789204,3.1424,72.0
1753769537745,06:12:17.745,bitfinex,XRP/USDT:USDT,3.1418,530.0,3.1415,318.32,3.1424,72.0,3.1428,349.0
1753769537816,06:12:17.816,bitfinex,XRP/USDT:USDT,3.1418,530.0,3.1415,318.32,3.1422,261.20789204,3.1424,72.0
1753769538040,06:12:18.040,bitfinex,XRP/USDT:USDT,3.1426,114.0,3.1419,347.0,3.1434,261.20789204,3.1437,349.0
1753769538186,06:12:18.186,bitfinex,XRP/USDT:USDT,3.1426,114.0,3.1424,347.0,3.1427,118.0,3.1428,261.20789204
1753769538186,06:12:18.186,bitfinex,XRP/USDT:USDT,3.1426,114.0,3.1424,347.0,3.1427,118.0,3.1428,261.20789204
1753769538384,06:12:18.384,bitfinex,XRP/USDT:USDT,3.1424,347.0,3.1422,69.0,3.1427,118.0,3.1428,261.20789204
1753769538385,06:12:18.385,bitfinex,XRP/USDT:USDT,3.1424,347.0,3.1422,69.0,3.1427,190.0,3.1428,261.20789204
1753769538385,06:12:18.385,bitfinex,XRP/USDT:USDT,3.1424,347.0,3.1422,69.0,3.1427,190.0,3.1428,261.20789204
1753769538595,06:12:18.595,bitfinex,XRP/USDT:USDT,3.1424,347.0,3.1422,69.0,3.1427,190.0,3.1428,261.20789204
1753769538598,06:12:18.598,bitfinex,XRP/USDT:USDT,3.1424,461.0,3.1422,69.0,3.1425,118.0,3.1426,72.0
1753769538603,06:12:18.603,bitfinex,XRP/USDT:USDT,3.1424,461.0,3.1422,69.0,3.1425,118.0,3.1426,72.0
1753769538782,06:12:18.782,bitfinex,XRP/USDT:USDT,3.1424,461.0,3.1422,69.0,3.1425,118.0,3.1426,72.0
1753769538783,06:12:18.783,bitfinex,XRP/USDT:USDT,3.1424,461.0,3.1422,69.0,3.1425,118.0,3.1426,72.0
1753769538783,06:12:18.783,bitfinex,XRP/USDT:USDT,3.1424,461.0,3.1422,69.0,3.1425,118.0,3.1426,72.0
1753769539069,06:12:19.069,bitfinex,XRP/USDT:USDT,3.1424,461.0,3.1422,69.0,3.1425,118.0,3.1426,72.0
1753769539082,06:12:19.082,bitfinex,XRP/USDT:USDT,3.1424,461.0,3.1422,69.0,3.1425,118.0,3.1426,72.0
1753769539290,06:12:19.290,bitfinex,XRP/USDT:USDT,3.1422,69.0,3.142,318.28,3.1425,118.0,3.1426,72.0
1753769539291,06:12:19.291,bitfinex,XRP/USDT:USDT,3.1415,347.0,3.141,527.18955905,3.1425,379.20789204,3.1426,72.0
1753769539292,06:12:19.292,bitfinex,XRP/USDT:USDT,3.1415,347.0,3.141,527.18955905,3.1425,379.20789204,3.1426,72.0
1753769539484,06:12:19.484,bitfinex,XRP/USDT:USDT,3.141,527.18955905,3.1405,354.46395535,3.1425,379.20789204,3.1426,72.0
1753769539485,06:12:19.485,bitfinex,XRP/USDT:USDT,3.1421,530.0,3.1416,248.00799754,3.1425,261.20789204,3.1426,72.0
1753769539486,06:12:19.486,bitfinex,XRP/USDT:USDT,3.1421,530.0,3.1416,248.00799754,3.1425,261.20789204,3.1426,72.0
1753769539697,06:12:19.697,bitfinex,XRP/USDT:USDT,3.1416,248.00799754,3.1413,261.20789204,3.1425,261.20789204,3.1426,72.0
1753769539700,06:12:19.700,bitfinex,XRP/USDT:USDT,3.1422,416.0,3.1417,248.00799754,3.1425,261.20789204,3.1426,72.0
1753769539707,06:12:19.707,bitfinex,XRP/USDT:USDT,3.1422,416.0,3.1417,248.00799754,3.1425,261.20789204,3.1426,72.0
1753769540392,06:12:20.392,bitfinex,XRP/USDT:USDT,3.1417,248.00799754,3.1413,261.20789204,3.1425,261.20789204,3.1426,72.0
1753769540455,06:12:20.455,bitfinex,XRP/USDT:USDT,3.1424,530.0,3.1416,261.20789204,3.1425,379.20789204,3.1426,72.0
1753769540483,06:12:20.483,bitfinex,XRP/USDT:USDT,3.1424,530.0,3.1416,261.20789204,3.1425,379.20789204,3.1426,72.0
1753769540533,06:12:20.533,bitfinex,XRP/USDT:USDT,3.1424,530.0,3.1417,247.98829706,3.1425,379.20789204,3.1426,72.0
1753769540544,06:12:20.544,bitfinex,XRP/USDT:USDT,3.1424,530.0,3.1417,247.98829706,3.1425,379.20789204,3.1426,72.0
1753769540957,06:12:20.957,bitfinex,XRP/USDT:USDT,3.1424,530.0,3.1416,261.20789204,3.1425,379.20789204,3.1426,72.0
1753769540968,06:12:20.968,bitfinex,XRP/USDT:USDT,3.1424,530.0,3.1419,261.20789204,3.1428,261.20789204,3.1431,421.0
1753769541025,06:12:21.025,bitfinex,XRP/USDT:USDT,3.1419,261.20789204,3.1418,247.98829706,3.1428,261.20789204,3.1431,421.0
1753769541034,06:12:21.034,bitfinex,XRP/USDT:USDT,3.1427,461.0,3.1425,69.0,3.1428,379.20789204,3.1431,421.0
1753769541293,06:12:21.293,bitfinex,XRP/USDT:USDT,3.1427,461.0,3.1425,69.0,3.1428,379.20789204,3.1431,421.0
1753769541295,06:12:21.295,bitfinex,XRP/USDT:USDT,3.1427,461.0,3.1425,69.0,3.1428,379.20789204,3.1431,421.0
1753769541296,06:12:21.296,bitfinex,XRP/USDT:USDT,3.1427,461.0,3.1425,69.0,3.1428,379.20789204,3.1431,421.0
1753769541509,06:12:21.509,bitfinex,XRP/USDT:USDT,3.1427,461.0,3.1425,69.0,3.1428,379.20789204,3.1431,421.0
1753769541509,06:12:21.509,bitfinex,XRP/USDT:USDT,3.1427,461.0,3.1425,69.0,3.1428,379.20789204,3.1431,421.0
1753769541510,06:12:21.510,bitfinex,XRP/USDT:USDT,3.1427,461.0,3.1425,69.0,3.1428,379.20789204,3.1431,421.0
1753769541687,06:12:21.687,bitfinex,XRP/USDT:USDT,3.1427,461.0,3.1425,69.0,3.1428,379.20789204,3.1431,421.0
1753769541779,06:12:21.779,bitfinex,XRP/USDT:USDT,3.1427,461.0,3.1425,69.0,3.1428,379.20789204,3.1431,421.0
1753769541783,06:12:21.783,bitfinex,XRP/USDT:USDT,3.1427,461.0,3.1425,69.0,3.1428,379.20789204,3.1431,421.0
1753769541888,06:12:21.888,bitfinex,XRP/USDT:USDT,3.1427,461.0,3.142,247.94043083,3.1428,379.20789204,3.1431,421.0
1753769541889,06:12:21.889,bitfinex,XRP/USDT:USDT,3.1427,461.0,3.1421,247.92608139,3.1428,379.20789204,3.1431,421.0
1753769541889,06:12:21.889,bitfinex,XRP/USDT:USDT,3.1427,461.0,3.1421,247.92608139,3.1428,379.20789204,3.1431,421.0
1753769542161,06:12:22.161,bitfinex,XRP/USDT:USDT,3.1427,461.0,3.1419,261.20789204,3.1428,379.20789204,3.1431,421.0
1753769542415,06:12:22.415,bitfinex,XRP/USDT:USDT,3.1427,530.0,3.1422,247.89744059,3.1428,379.20789204,3.1431,421.0
1753769542506,06:12:22.506,bitfinex,XRP/USDT:USDT,3.1427,461.0,3.1423,316.8635629,3.1428,697.40789204,3.1431,421.0
1753769542636,06:12:22.636,bitfinex,XRP/USDT:USDT,3.1423,316.8635629,3.1419,261.20789204,3.1428,697.40789204,3.1431,421.0
1753769542643,06:12:22.643,bitfinex,XRP/USDT:USDT,3.1423,461.0,3.142,69.0,3.1424,118.0,3.1427,72.0
1753769542793,06:12:22.793,bitfinex,XRP/USDT:USDT,3.1423,461.0,3.142,69.0,3.1424,118.0,3.1427,72.0
1753769542794,06:12:22.794,bitfinex,XRP/USDT:USDT,3.1423,461.0,3.142,318.28,3.1424,118.0,3.1425,261.20789204
1753769542794,06:12:22.794,bitfinex,XRP/USDT:USDT,3.1423,461.0,3.142,318.28,3.1424,118.0,3.1425,261.20789204
1753769543089,06:12:23.089,bitfinex,XRP/USDT:USDT,3.1423,461.0,3.142,318.28,3.1424,118.0,3.1425,261.20789204
1753769543090,06:12:23.090,bitfinex,XRP/USDT:USDT,3.1423,777.88883197,3.142,318.28,3.1424,118.0,3.1425,261.20789204
1753769543091,06:12:23.091,bitfinex,XRP/USDT:USDT,3.1423,777.88883197,3.142,318.28,3.1424,118.0,3.1425,261.20789204
1753769543296,06:12:23.296,bitfinex,XRP/USDT:USDT,3.1423,777.88883197,3.1421,318.27,3.1424,118.0,3.1425,261.20789204
1753769543298,06:12:23.298,bitfinex,XRP/USDT:USDT,3.1423,777.88883197,3.1421,318.27,3.1424,118.0,3.1425,261.20789204
1753769543861,06:12:23.861,bitfinex,XRP/USDT:USDT,3.1423,777.88883197,3.1421,318.27,3.1424,118.0,3.1425,261.20789204
1753769543880,06:12:23.880,bitfinex,XRP/USDT:USDT,3.1423,777.88883197,3.1421,318.27,3.1424,118.0,3.1425,261.20789204
1753769543911,06:12:23.911,bitfinex,XRP/USDT:USDT,3.1423,777.88883197,3.1421,318.27,3.1424,118.0,3.1425,261.20789204
1753769543926,06:12:23.926,bitfinex,XRP/USDT:USDT,3.1423,777.88883197,3.1421,318.27,3.1424,118.0,3.1425,261.20789204
1753769544083,06:12:24.083,bitfinex,XRP/USDT:USDT,3.1423,777.88883197,3.1421,318.27,3.1424,118.0,3.1425,261.20789204
1753769544083,06:12:24.083,bitfinex,XRP/USDT:USDT,3.1423,777.88883197,3.1421,318.27,3.1424,118.0,3.1425,261.20789204
1753769544084,06:12:24.084,bitfinex,XRP/USDT:USDT,3.1423,777.88883197,3.1421,318.27,3.1424,118.0,3.1425,261.20789204
1753769544589,06:12:24.589,bitfinex,XRP/USDT:USDT,3.1423,777.88883197,3.1421,318.27,3.1424,118.0,3.1425,261.20789204
1753769544590,06:12:24.590,bitfinex,XRP/USDT:USDT,3.1423,777.88883197,3.1421,318.27,3.1424,118.0,3.1425,261.20789204
1753769544590,06:12:24.590,bitfinex,XRP/USDT:USDT,3.1423,777.88883197,3.1421,318.27,3.1424,118.0,3.1425,261.20789204
1753769544784,06:12:24.784,bitfinex,XRP/USDT:USDT,3.1423,777.88883197,3.1421,318.27,3.1424,118.0,3.1425,261.20789204
1753769544785,06:12:24.785,bitfinex,XRP/USDT:USDT,3.1423,777.88883197,3.1421,318.27,3.1424,118.0,3.1425,261.20789204
1753769544785,06:12:24.785,bitfinex,XRP/USDT:USDT,3.1423,777.88883197,3.1421,318.27,3.1424,118.0,3.1425,261.20789204
1753769545039,06:12:25.039,bitfinex,XRP/USDT:USDT,3.1423,777.88883197,3.1421,318.27,3.1424,118.0,3.1425,261.20789204
1753769545040,06:12:25.040,bitfinex,XRP/USDT:USDT,3.1423,777.88883197,3.1421,318.27,3.1424,118.0,3.1425,261.20789204
1753769545216,06:12:25.216,bitfinex,XRP/USDT:USDT,3.1423,777.88883197,3.1421,318.27,3.1424,118.0,3.1425,261.20789204
1753769545220,06:12:25.220,bitfinex,XRP/USDT:USDT,3.1423,777.88883197,3.1421,318.27,3.1424,118.0,3.1425,261.20789204
1753769545401,06:12:25.401,bitfinex,XRP/USDT:USDT,3.1423,777.88883197,3.1421,318.27,3.1424,118.0,3.1425,261.20789204
1753769545402,06:12:25.402,bitfinex,XRP/USDT:USDT,3.1423,777.88883197,3.1421,318.27,3.1424,118.0,3.1425,261.20789204
1753769545614,06:12:25.614,bitfinex,XRP/USDT:USDT,3.1423,777.88883197,3.1416,527.18955905,3.1424,118.0,3.1425,261.20789204
1753769545615,06:12:25.615,bitfinex,XRP/USDT:USDT,3.1424,347.0,3.1423,247.88883197,3.1425,261.20789204,3.1426,318.22
1753769545615,06:12:25.615,bitfinex,XRP/USDT:USDT,3.1424,347.0,3.1423,247.88883197,3.1425,261.20789204,3.1426,318.22
1753769545893,06:12:25.893,bitfinex,XRP/USDT:USDT,3.1424,347.0,3.1422,318.25,3.1425,261.20789204,3.1426,318.22
1753769545893,06:12:25.893,bitfinex,XRP/USDT:USDT,3.1424,777.88883197,3.1422,318.25,3.1425,261.20789204,3.1426,318.22
1753769545896,06:12:25.896,bitfinex,XRP/USDT:USDT,3.1424,777.88883197,3.1422,318.25,3.1425,379.20789204,3.1426,318.22
1753769546630,06:12:26.630,bitfinex,XRP/USDT:USDT,3.1424,777.88883197,3.1416,527.18955905,3.1425,379.20789204,3.1426,318.22
1753769546656,06:12:26.656,bitfinex,XRP/USDT:USDT,3.1424,777.88883197,3.1421,318.27,3.1425,697.43789204,3.1427,72.0
1753769546773,06:12:26.773,bitfinex,XRP/USDT:USDT,3.1424,777.88883197,3.1416,527.18955905,3.1425,697.43789204,3.1427,72.0
1753769546837,06:12:26.837,bitfinex,XRP/USDT:USDT,3.1424,777.88883197,3.1416,527.18955905,3.1425,697.43789204,3.1427,72.0
1753769546841,06:12:26.841,bitfinex,XRP/USDT:USDT,3.1424,708.88883197,3.142,387.27,3.1425,697.43789204,3.1427,72.0
1753769547396,06:12:27.396,bitfinex,XRP/USDT:USDT,3.1424,708.88883197,3.142,387.27,3.1425,697.43789204,3.1427,72.0
1753769547437,06:12:27.437,bitfinex,XRP/USDT:USDT,3.1424,708.88883197,3.142,387.27,3.1425,697.43789204,3.1427,72.0
1753769547453,06:12:27.453,bitfinex,XRP/USDT:USDT,3.1424,708.88883197,3.142,387.27,3.1425,697.43789204,3.1427,72.0
1753769547595,06:12:27.595,bitfinex,XRP/USDT:USDT,3.1424,708.88883197,3.142,387.27,3.1425,697.43789204,3.1427,72.0
1753769547595,06:12:27.595,bitfinex,XRP/USDT:USDT,3.1424,708.88883197,3.1421,318.27,3.1425,697.43789204,3.1427,72.0
1753769547595,06:12:27.595,bitfinex,XRP/USDT:USDT,3.1424,708.88883197,3.1421,318.27,3.1425,697.43789204,3.1427,72.0
1753769548420,06:12:28.420,bitfinex,XRP/USDT:USDT,3.1424,708.88883197,3.1421,318.27,3.1425,697.43789204,3.1427,72.0
1753769548450,06:12:28.450,bitfinex,XRP/USDT:USDT,3.1424,708.88883197,3.1421,318.27,3.1425,697.43789204,3.1427,72.0
1753769548528,06:12:28.528,bitfinex,XRP/USDT:USDT,3.1424,708.88883197,3.1421,318.27,3.1425,697.43789204,3.1427,72.0
1753769548852,06:12:28.852,bitfinex,XRP/USDT:USDT,3.1424,708.88883197,3.1421,318.27,3.1425,697.43789204,3.1427,72.0
1753769548872,06:12:28.872,bitfinex,XRP/USDT:USDT,3.1424,708.88883197,3.1421,318.27,3.1425,697.43789204,3.1427,72.0
1753769549799,06:12:29.799,bitfinex,XRP/USDT:USDT,3.1424,708.88883197,3.142,69.0,3.1425,697.43789204,3.1427,72.0
1753769549862,06:12:29.862,bitfinex,XRP/USDT:USDT,3.1424,708.88883197,3.142,69.0,3.1425,697.43789204,3.1427,72.0
1753769550063,06:12:30.063,bitfinex,XRP/USDT:USDT,3.1424,361.88883197,3.1421,347.0,3.1425,697.43789204,3.1427,72.0
1753769550247,06:12:30.247,bitfinex,XRP/USDT:USDT,3.1424,708.88883197,3.142,69.0,3.1425,697.43789204,3.1427,72.0
1753769550322,06:12:30.322,bitfinex,XRP/USDT:USDT,3.1424,708.88883197,3.142,69.0,3.1425,697.43789204,3.1427,72.0
1753769550335,06:12:30.335,bitfinex,XRP/USDT:USDT,3.1424,708.88883197,3.1421,318.26,3.1425,697.43789204,3.1427,72.0
1753769551346,06:12:31.346,bitfinex,XRP/USDT:USDT,3.1424,708.88883197,3.142,69.0,3.1425,697.43789204,3.1427,72.0
1753769551393,06:12:31.393,bitfinex,XRP/USDT:USDT,3.1424,708.88883197,3.142,69.0,3.1425,379.20789204,3.1427,72.0
1753769551804,06:12:31.804,bitfinex,XRP/USDT:USDT,3.1424,708.88883197,3.1422,318.25,3.1425,379.20789204,3.1427,72.0
1753769552087,06:12:32.087,bitfinex,XRP/USDT:USDT,3.1434,114.0,3.1432,69.0,3.1435,118.0,3.1436,261.20789204
1753769552155,06:12:32.155,bitfinex,XRP/USDT:USDT,3.1434,114.0,3.1432,69.0,3.1435,118.0,3.1436,261.20789204
1753769552214,06:12:32.214,bitfinex,XRP/USDT:USDT,3.1434,461.0,3.1432,69.0,3.1435,504.24617145,3.1436,261.20789204
1753769552284,06:12:32.284,bitfinex,XRP/USDT:USDT,3.1434,461.0,3.1432,69.0,3.1435,504.24617145,3.1436,261.20789204
1753769552450,06:12:32.450,bitfinex,XRP/USDT:USDT,3.1434,461.0,3.1432,69.0,3.1435,504.24617145,3.1436,261.20789204
1753769552457,06:12:32.457,bitfinex,XRP/USDT:USDT,3.1434,461.0,3.1432,387.15,3.1435,296.37323018,3.1436,261.20789204
1753769552738,06:12:32.738,bitfinex,XRP/USDT:USDT,3.1434,461.0,3.1432,387.15,3.1435,296.37323018,3.1436,261.20789204
1753769553004,06:12:33.004,bitfinex,XRP/USDT:USDT,3.1434,461.0,3.1432,387.15,3.1435,118.0,3.1436,261.20789204
1753769553041,06:12:33.041,bitfinex,XRP/USDT:USDT,3.1434,461.0,3.1432,387.15,3.1435,118.0,3.1436,261.20789204
1753769553087,06:12:33.087,bitfinex,XRP/USDT:USDT,3.1434,461.0,3.1432,387.15,3.1435,118.0,3.1436,261.20789204
1753769553271,06:12:33.271,bitfinex,XRP/USDT:USDT,3.1434,461.0,3.1432,387.15,3.1435,118.0,3.1436,261.20789204
1753769553287,06:12:33.287,bitfinex,XRP/USDT:USDT,3.1434,461.0,3.1432,387.15,3.1435,118.0,3.1436,261.20789204
1753769553731,06:12:33.731,bitfinex,XRP/USDT:USDT,3.1434,461.0,3.1432,387.15,3.1435,118.0,3.1436,261.20789204
1753769553785,06:12:33.785,bitfinex,XRP/USDT:USDT,3.1435,530.0,3.1428,261.20789204,3.1439,333.20789204,3.1441,349.0
1753769553822,06:12:33.822,bitfinex,XRP/USDT:USDT,3.1438,114.0,3.1436,69.0,3.1439,451.20789204,3.1441,349.0
1753769553834,06:12:33.834,bitfinex,XRP/USDT:USDT,3.1438,114.0,3.1436,69.0,3.1439,451.20789204,3.1441,349.0
1753769554032,06:12:34.032,bitfinex,XRP/USDT:USDT,3.1438,114.0,3.1436,69.0,3.1439,451.20789204,3.1441,349.0
1753769554038,06:12:34.038,bitfinex,XRP/USDT:USDT,3.1438,461.0,3.1436,69.0,3.1439,451.20789204,3.1441,349.0
1753769554301,06:12:34.301,bitfinex,XRP/USDT:USDT,3.1438,461.0,3.1436,69.0,3.1439,451.20789204,3.1441,349.0
1753769554302,06:12:34.302,bitfinex,XRP/USDT:USDT,3.1438,461.0,3.1436,69.0,3.1439,451.20789204,3.1441,349.0
1753769554303,06:12:34.303,bitfinex,XRP/USDT:USDT,3.1438,461.0,3.1436,69.0,3.1439,451.20789204,3.1441,349.0
1753769554516,06:12:34.516,bitfinex,XRP/USDT:USDT,3.1438,461.0,3.1436,69.0,3.1439,451.20789204,3.1441,349.0
1753769554520,06:12:34.520,bitfinex,XRP/USDT:USDT,3.1438,461.0,3.1436,69.0,3.1439,451.20789204,3.1441,349.0
1753769554527,06:12:34.527,bitfinex,XRP/USDT:USDT,3.1438,461.0,3.1436,69.0,3.1439,451.20789204,3.1441,349.0
1753769554866,06:12:34.866,bitfinex,XRP/USDT:USDT,3.1438,461.0,3.1428,261.20789204,3.1439,451.20789204,3.1441,349.0
1753769554883,06:12:34.883,bitfinex,XRP/USDT:USDT,3.1438,530.0,3.1429,248.02006632,3.1439,379.20789204,3.1443,72.0
1753769554913,06:12:34.913,bitfinex,XRP/USDT:USDT,3.1438,530.0,3.1428,261.20789204,3.1439,379.20789204,3.1443,72.0
1753769554916,06:12:34.916,bitfinex,XRP/USDT:USDT,3.1438,530.0,3.143,248.02006632,3.1439,379.20789204,3.1443,72.0
1753769554921,06:12:34.921,bitfinex,XRP/USDT:USDT,3.1438,530.0,3.143,248.02006632,3.1439,379.20789204,3.1443,72.0
1753769555104,06:12:35.104,bitfinex,XRP/USDT:USDT,3.1438,530.0,3.1428,261.20789204,3.1439,379.20789204,3.1443,72.0
1753769555105,06:12:35.105,bitfinex,XRP/USDT:USDT,3.1438,530.0,3.1431,248.02006632,3.1439,379.20789204,3.1443,72.0
1753769555105,06:12:35.105,bitfinex,XRP/USDT:USDT,3.1438,530.0,3.1431,248.02006632,3.1439,379.20789204,3.1443,72.0
1753769555302,06:12:35.302,bitfinex,XRP/USDT:USDT,3.1438,530.0,3.1428,261.20789204,3.1439,379.20789204,3.1443,72.0
1753769555302,06:12:35.302,bitfinex,XRP/USDT:USDT,3.1438,530.0,3.1428,261.20789204,3.1439,379.20789204,3.1443,72.0
1753769555303,06:12:35.303,bitfinex,XRP/USDT:USDT,3.1438,530.0,3.1428,261.20789204,3.1439,379.20789204,3.1443,72.0
1753769555505,06:12:35.505,bitfinex,XRP/USDT:USDT,3.1438,530.0,3.1428,261.20789204,3.1439,379.20789204,3.1443,72.0
1753769555506,06:12:35.506,bitfinex,XRP/USDT:USDT,3.1438,530.0,3.1429,248.01228389,3.1439,379.20789204,3.1443,72.0
1753769555859,06:12:35.859,bitfinex,XRP/USDT:USDT,3.1438,461.0,3.1437,318.1,3.1439,118.0,3.1441,261.20789204
1753769555875,06:12:35.875,bitfinex,XRP/USDT:USDT,3.1438,461.0,3.1437,318.1,3.1439,118.0,3.1441,261.20789204
1753769556002,06:12:36.002,bitfinex,XRP/USDT:USDT,3.1438,461.0,3.1435,69.0,3.1439,118.0,3.1441,261.20789204
1753769556004,06:12:36.004,bitfinex,XRP/USDT:USDT,3.1438,461.0,3.1435,69.0,3.1439,118.0,3.1441,261.20789204
1753769556004,06:12:36.004,bitfinex,XRP/USDT:USDT,3.1438,461.0,3.1435,69.0,3.1439,118.0,3.1441,261.20789204
1753769556303,06:12:36.303,bitfinex,XRP/USDT:USDT,3.1438,461.0,3.1435,69.0,3.1439,118.0,3.1441,261.20789204
1753769556304,06:12:36.304,bitfinex,XRP/USDT:USDT,3.1438,461.0,3.1435,69.0,3.1439,118.0,3.1441,261.20789204
1753769556306,06:12:36.306,bitfinex,XRP/USDT:USDT,3.1438,461.0,3.1435,69.0,3.1439,118.0,3.1441,261.20789204
1753769557081,06:12:37.081,bitfinex,XRP/USDT:USDT,3.1438,461.0,3.1435,387.12,3.1439,118.0,3.1441,261.20789204
1753769557231,06:12:37.231,bitfinex,XRP/USDT:USDT,3.1438,461.0,3.1435,387.12,3.1439,118.0,3.1441,261.20789204
1753769557299,06:12:37.299,bitfinex,XRP/USDT:USDT,3.1438,461.0,3.1435,387.12,3.1439,118.0,3.1441,261.20789204
1753769557301,06:12:37.301,bitfinex,XRP/USDT:USDT,3.1438,461.0,3.1435,387.12,3.1439,118.0,3.1441,261.20789204
1753769557898,06:12:37.898,bitfinex,XRP/USDT:USDT,3.1438,461.0,3.1435,387.12,3.1439,118.0,3.1441,261.20789204
1753769557915,06:12:37.915,bitfinex,XRP/USDT:USDT,3.1438,461.0,3.1435,387.12,3.1439,118.0,3.1441,261.20789204
1753769557920,06:12:37.920,bitfinex,XRP/USDT:USDT,3.1438,461.0,3.1435,387.12,3.1439,118.0,3.1441,261.20789204
1753769558102,06:12:38.102,bitfinex,XRP/USDT:USDT,3.1438,461.0,3.1435,387.12,3.1439,118.0,3.1441,261.20789204
1753769558102,06:12:38.102,bitfinex,XRP/USDT:USDT,3.1438,461.0,3.1435,387.12,3.1439,118.0,3.1441,261.20789204
1753769558300,06:12:38.300,bitfinex,XRP/USDT:USDT,3.1438,461.0,3.1435,387.12,3.1439,118.0,3.1441,261.20789204
1753769558300,06:12:38.300,bitfinex,XRP/USDT:USDT,3.1438,461.0,3.1435,387.12,3.1439,118.0,3.1441,261.20789204
1753769558301,06:12:38.301,bitfinex,XRP/USDT:USDT,3.1438,461.0,3.1435,387.12,3.1439,118.0,3.1441,261.20789204
1753769558504,06:12:38.504,bitfinex,XRP/USDT:USDT,3.1438,461.0,3.1435,387.12,3.1439,118.0,3.1441,261.20789204
1753769558504,06:12:38.504,bitfinex,XRP/USDT:USDT,3.1438,461.0,3.1435,387.12,3.1439,118.0,3.1441,261.20789204
1753769558504,06:12:38.504,bitfinex,XRP/USDT:USDT,3.1438,461.0,3.1435,387.12,3.1439,118.0,3.1441,261.20789204
1753769558704,06:12:38.704,bitfinex,XRP/USDT:USDT,3.1438,461.0,3.1435,387.12,3.1439,118.0,3.1441,261.20789204
1753769558704,06:12:38.704,bitfinex,XRP/USDT:USDT,3.1438,461.0,3.1435,387.12,3.1439,118.0,3.1441,261.20789204
1753769558705,06:12:38.705,bitfinex,XRP/USDT:USDT,3.1438,461.0,3.1435,387.12,3.1439,118.0,3.1441,579.27789204
1753769558900,06:12:38.900,bitfinex,XRP/USDT:USDT,3.1438,461.0,3.1435,387.12,3.1439,118.0,3.1441,579.27789204
1753769558901,06:12:38.901,bitfinex,XRP/USDT:USDT,3.1438,461.0,3.1435,387.12,3.1439,118.0,3.1441,579.27789204
1753769558901,06:12:38.901,bitfinex,XRP/USDT:USDT,3.1438,461.0,3.1435,387.12,3.1439,118.0,3.1441,579.27789204
1753769559105,06:12:39.105,bitfinex,XRP/USDT:USDT,3.1438,461.0,3.1435,387.12,3.1439,118.0,3.1441,579.27789204
1753769559106,06:12:39.106,bitfinex,XRP/USDT:USDT,3.1438,461.0,3.1435,387.12,3.1439,118.0,3.1441,579.27789204
1753769559106,06:12:39.106,bitfinex,XRP/USDT:USDT,3.1438,461.0,3.1435,387.12,3.1439,118.0,3.1441,579.27789204
1753769559300,06:12:39.300,bitfinex,XRP/USDT:USDT,3.1438,461.0,3.1435,387.12,3.1439,118.0,3.1441,579.27789204
1753769559301,06:12:39.301,bitfinex,XRP/USDT:USDT,3.1438,461.0,3.1435,387.12,3.1439,118.0,3.1441,579.27789204
1753769559301,06:12:39.301,bitfinex,XRP/USDT:USDT,3.1438,461.0,3.1435,387.12,3.1439,118.0,3.1441,579.27789204
1753769559509,06:12:39.509,bitfinex,XRP/USDT:USDT,3.1438,461.0,3.1435,387.12,3.1439,118.0,3.1441,579.27789204
1753769559510,06:12:39.510,bitfinex,XRP/USDT:USDT,3.1438,461.0,3.1435,69.0,3.1439,436.08,3.1441,261.20789204
1753769559510,06:12:39.510,bitfinex,XRP/USDT:USDT,3.1438,461.0,3.1435,69.0,3.1439,436.08,3.1441,261.20789204
1753769559809,06:12:39.809,bitfinex,XRP/USDT:USDT,3.1438,461.0,3.1435,69.0,3.1439,436.08,3.1441,261.20789204
1753769559810,06:12:39.810,bitfinex,XRP/USDT:USDT,3.1438,461.0,3.1435,69.0,3.1439,436.08,3.1441,261.20789204
1753769560103,06:12:40.103,bitfinex,XRP/USDT:USDT,3.1438,461.0,3.1435,69.0,3.1439,436.08,3.1441,261.20789204
1753769560104,06:12:40.104,bitfinex,XRP/USDT:USDT,3.1438,461.0,3.1435,69.0,3.1439,436.08,3.1441,261.20789204
1753769560104,06:12:40.104,bitfinex,XRP/USDT:USDT,3.1438,461.0,3.1435,69.0,3.1439,436.08,3.1441,261.20789204
1753769560304,06:12:40.304,bitfinex,XRP/USDT:USDT,3.1438,461.0,3.1435,69.0,3.1439,436.08,3.1441,261.20789204
1753769560306,06:12:40.306,bitfinex,XRP/USDT:USDT,3.1438,461.0,3.1435,69.0,3.1439,436.08,3.1441,261.20789204
1753769560309,06:12:40.309,bitfinex,XRP/USDT:USDT,3.1438,461.0,3.1435,69.0,3.1439,436.08,3.1441,261.20789204
1753769560509,06:12:40.509,bitfinex,XRP/USDT:USDT,3.1438,461.0,3.1435,69.0,3.1439,436.08,3.1441,261.20789204
1753769560511,06:12:40.511,bitfinex,XRP/USDT:USDT,3.1438,461.0,3.1435,69.0,3.1439,436.08,3.1441,261.20789204
1753769560514,06:12:40.514,bitfinex,XRP/USDT:USDT,3.1438,461.0,3.1435,69.0,3.1439,436.08,3.1441,261.20789204
1753769560701,06:12:40.701,bitfinex,XRP/USDT:USDT,3.1438,461.0,3.1435,69.0,3.1439,436.08,3.1441,261.20789204
1753769560702,06:12:40.702,bitfinex,XRP/USDT:USDT,3.1438,461.0,3.1435,69.0,3.1439,118.0,3.1441,579.27789204
1753769560902,06:12:40.902,bitfinex,XRP/USDT:USDT,3.1438,461.0,3.1435,69.0,3.1439,118.0,3.1441,579.27789204
1753769560903,06:12:40.903,bitfinex,XRP/USDT:USDT,3.1438,461.0,3.1435,69.0,3.1439,118.0,3.1441,579.27789204
1753769561110,06:12:41.110,bitfinex,XRP/USDT:USDT,3.1438,461.0,3.1435,69.0,3.1439,118.0,3.1441,579.27789204
1753769561111,06:12:41.111,bitfinex,XRP/USDT:USDT,3.1438,461.0,3.1435,69.0,3.1439,118.0,3.1441,579.27789204
1753769561111,06:12:41.111,bitfinex,XRP/USDT:USDT,3.1438,461.0,3.1435,69.0,3.1439,118.0,3.1441,579.27789204
1753769561410,06:12:41.410,bitfinex,XRP/USDT:USDT,3.1438,461.0,3.1435,69.0,3.1439,118.0,3.1441,579.27789204
1753769561410,06:12:41.410,bitfinex,XRP/USDT:USDT,3.1438,461.0,3.1435,69.0,3.1439,118.0,3.1441,579.27789204
1753769561410,06:12:41.410,bitfinex,XRP/USDT:USDT,3.1438,461.0,3.1435,69.0,3.1439,118.0,3.1441,579.27789204
1753769562107,06:12:42.107,bitfinex,XRP/USDT:USDT,3.1438,461.0,3.1435,387.11,3.1439,118.0,3.1441,579.27789204
1753769562413,06:12:42.413,bitfinex,XRP/USDT:USDT,3.1438,461.0,3.1435,387.11,3.1439,118.0,3.1441,579.27789204
1753769562414,06:12:42.414,bitfinex,XRP/USDT:USDT,3.1438,461.0,3.1435,387.11,3.1439,118.0,3.1441,579.27789204
1753769562705,06:12:42.705,bitfinex,XRP/USDT:USDT,3.1438,461.0,3.1435,387.11,3.1439,118.0,3.1441,579.27789204
1753769562705,06:12:42.705,bitfinex,XRP/USDT:USDT,3.1438,461.0,3.1436,318.11,3.1439,118.0,3.1441,579.27789204
1753769562706,06:12:42.706,bitfinex,XRP/USDT:USDT,3.1438,461.0,3.1436,318.11,3.1439,118.0,3.1441,579.27789204
1753769563009,06:12:43.009,bitfinex,XRP/USDT:USDT,3.1438,461.0,3.1436,318.11,3.1439,118.0,3.1441,579.27789204
1753769563011,06:12:43.011,bitfinex,XRP/USDT:USDT,3.1438,461.0,3.1436,318.11,3.1439,118.0,3.1441,579.27789204
1753769563013,06:12:43.013,bitfinex,XRP/USDT:USDT,3.1438,461.0,3.1436,318.11,3.1439,118.0,3.1441,579.27789204
1753769563305,06:12:43.305,bitfinex,XRP/USDT:USDT,3.1438,461.0,3.1436,318.11,3.1439,118.0,3.1441,579.27789204
1753769563306,06:12:43.306,bitfinex,XRP/USDT:USDT,3.1438,461.0,3.1436,318.11,3.1439,118.0,3.1441,579.27789204
1753769563606,06:12:43.606,bitfinex,XRP/USDT:USDT,3.1438,461.0,3.1436,318.11,3.1439,118.0,3.1441,579.27789204
1753769563607,06:12:43.607,bitfinex,XRP/USDT:USDT,3.1438,461.0,3.1436,318.11,3.1439,118.0,3.1441,579.27789204
1753769563607,06:12:43.607,bitfinex,XRP/USDT:USDT,3.1438,461.0,3.1436,318.11,3.1439,118.0,3.1441,579.27789204
1753769563812,06:12:43.812,bitfinex,XRP/USDT:USDT,3.1438,461.0,3.1436,318.11,3.1439,118.0,3.1441,579.27789204
1753769563812,06:12:43.812,bitfinex,XRP/USDT:USDT,3.1438,461.0,3.1436,318.11,3.1439,118.0,3.1441,579.27789204
1753769563812,06:12:43.812,bitfinex,XRP/USDT:USDT,3.1438,461.0,3.1436,318.11,3.1439,118.0,3.1441,579.27789204
1753769564015,06:12:44.015,bitfinex,XRP/USDT:USDT,3.1438,461.0,3.1436,318.11,3.1439,118.0,3.1441,579.27789204
1753769564015,06:12:44.015,bitfinex,XRP/USDT:USDT,3.1438,461.0,3.1436,318.11,3.1439,118.0,3.1441,579.27789204
1753769564016,06:12:44.016,bitfinex,XRP/USDT:USDT,3.1438,461.0,3.1436,318.11,3.1439,118.0,3.1441,579.27789204
1753769564229,06:12:44.229,bitfinex,XRP/USDT:USDT,3.1438,461.0,3.1436,318.11,3.1439,118.0,3.1441,579.27789204
1753769564235,06:12:44.235,bitfinex,XRP/USDT:USDT,3.1438,461.0,3.1436,318.11,3.1439,118.0,3.1441,579.27789204
1753769564242,06:12:44.242,bitfinex,XRP/USDT:USDT,3.1438,461.0,3.1436,318.11,3.1439,118.0,3.1441,579.27789204
1753769564408,06:12:44.408,bitfinex,XRP/USDT:USDT,3.1438,461.0,3.1436,318.11,3.1439,118.0,3.1441,579.27789204
1753769564409,06:12:44.409,bitfinex,XRP/USDT:USDT,3.1438,461.0,3.1436,318.11,3.1439,118.0,3.1441,579.27789204
1753769564409,06:12:44.409,bitfinex,XRP/USDT:USDT,3.1438,461.0,3.1436,318.11,3.1439,118.0,3.1441,579.27789204
1753769564608,06:12:44.608,bitfinex,XRP/USDT:USDT,3.1438,461.0,3.1436,318.11,3.1439,118.0,3.1441,579.27789204
1753769564609,06:12:44.609,bitfinex,XRP/USDT:USDT,3.1438,461.0,3.1436,318.11,3.1439,118.0,3.1441,579.27789204
1753769564609,06:12:44.609,bitfinex,XRP/USDT:USDT,3.1438,461.0,3.1436,318.11,3.1439,118.0,3.1441,579.27789204
1753769564817,06:12:44.817,bitfinex,XRP/USDT:USDT,3.1438,461.0,3.1436,318.11,3.1439,118.0,3.1441,579.27789204
1753769564818,06:12:44.818,bitfinex,XRP/USDT:USDT,3.1438,461.0,3.1436,318.11,3.1439,118.0,3.1441,579.27789204
1753769564819,06:12:44.819,bitfinex,XRP/USDT:USDT,3.1438,461.0,3.1436,318.11,3.1439,118.0,3.1441,579.27789204
1753769565004,06:12:45.004,bitfinex,XRP/USDT:USDT,3.1438,461.0,3.1436,318.11,3.1439,118.0,3.1441,579.27789204
1753769565005,06:12:45.005,bitfinex,XRP/USDT:USDT,3.1438,461.0,3.1436,318.11,3.1439,118.0,3.1441,579.27789204
1753769565005,06:12:45.005,bitfinex,XRP/USDT:USDT,3.1438,461.0,3.1436,318.11,3.1439,118.0,3.1441,579.27789204
1753769565216,06:12:45.216,bitfinex,XRP/USDT:USDT,3.1438,461.0,3.1436,318.11,3.1439,118.0,3.1441,579.27789204
1753769565219,06:12:45.219,bitfinex,XRP/USDT:USDT,3.1438,461.0,3.1436,318.11,3.1439,118.0,3.1441,579.27789204
1753769565221,06:12:45.221,bitfinex,XRP/USDT:USDT,3.1438,461.0,3.1436,318.11,3.1439,118.0,3.1441,579.27789204
1753769565405,06:12:45.405,bitfinex,XRP/USDT:USDT,3.1438,461.0,3.1436,318.11,3.1439,118.0,3.1441,579.27789204
1753769565405,06:12:45.405,bitfinex,XRP/USDT:USDT,3.1438,461.0,3.1436,318.11,3.1439,118.0,3.1441,579.27789204
1753769565406,06:12:45.406,bitfinex,XRP/USDT:USDT,3.1438,461.0,3.1436,318.11,3.1439,118.0,3.1441,579.27789204
1753769565608,06:12:45.608,bitfinex,XRP/USDT:USDT,3.1438,461.0,3.1436,318.11,3.1439,118.0,3.1441,579.27789204
1753769565609,06:12:45.609,bitfinex,XRP/USDT:USDT,3.1438,461.0,3.1436,318.11,3.1439,118.0,3.1441,579.27789204
1753769565609,06:12:45.609,bitfinex,XRP/USDT:USDT,3.1438,461.0,3.1436,318.11,3.1439,118.0,3.1441,579.27789204
1753769565809,06:12:45.809,bitfinex,XRP/USDT:USDT,3.1438,461.0,3.1436,318.11,3.1439,118.0,3.1441,579.27789204
1753769565810,06:12:45.810,bitfinex,XRP/USDT:USDT,3.1438,461.0,3.1436,318.11,3.1439,118.0,3.1441,579.27789204
1753769566122,06:12:46.122,bitfinex,XRP/USDT:USDT,3.1438,461.0,3.1436,318.11,3.1439,118.0,3.1441,579.27789204
1753769566122,06:12:46.122,bitfinex,XRP/USDT:USDT,3.1438,461.0,3.1436,393.11,3.1439,118.0,3.1441,579.27789204
1753769566123,06:12:46.123,bitfinex,XRP/USDT:USDT,3.1438,461.0,3.1436,393.11,3.1439,118.0,3.1441,579.27789204
1753769566311,06:12:46.311,bitfinex,XRP/USDT:USDT,3.1438,461.0,3.1436,393.11,3.1439,118.0,3.1441,579.27789204
1753769566311,06:12:46.311,bitfinex,XRP/USDT:USDT,3.1438,536.0,3.1436,318.11,3.1439,118.0,3.1441,579.27789204
1753769566311,06:12:46.311,bitfinex,XRP/USDT:USDT,3.1438,536.0,3.1436,318.11,3.1439,118.0,3.1441,579.27789204
1753769566507,06:12:46.507,bitfinex,XRP/USDT:USDT,3.1438,536.0,3.1436,318.11,3.1439,118.0,3.1441,579.27789204
1753769566508,06:12:46.508,bitfinex,XRP/USDT:USDT,3.1438,536.0,3.1436,318.11,3.1439,118.0,3.1441,579.27789204
1753769566508,06:12:46.508,bitfinex,XRP/USDT:USDT,3.1438,536.0,3.1436,318.11,3.1439,118.0,3.1441,579.27789204
1753769566719,06:12:46.719,bitfinex,XRP/USDT:USDT,3.1438,536.0,3.1436,318.11,3.1439,118.0,3.1441,579.27789204
1753769566720,06:12:46.720,bitfinex,XRP/USDT:USDT,3.1438,536.0,3.1436,318.11,3.1439,118.0,3.1441,579.27789204
1753769566724,06:12:46.724,bitfinex,XRP/USDT:USDT,3.1438,536.0,3.1436,318.11,3.1439,118.0,3.1441,579.27789204
1753769566908,06:12:46.908,bitfinex,XRP/USDT:USDT,3.1438,536.0,3.1436,318.11,3.1439,118.0,3.1441,579.27789204
1753769566909,06:12:46.909,bitfinex,XRP/USDT:USDT,3.1438,536.0,3.1436,318.11,3.1439,118.0,3.1441,579.27789204
1753769566910,06:12:46.910,bitfinex,XRP/USDT:USDT,3.1438,536.0,3.1436,318.11,3.1439,118.0,3.1441,579.27789204
1753769567209,06:12:47.209,bitfinex,XRP/USDT:USDT,3.1438,536.0,3.1436,318.11,3.1439,118.0,3.1441,579.27789204
1753769567210,06:12:47.210,bitfinex,XRP/USDT:USDT,3.1438,536.0,3.1436,318.11,3.1439,118.0,3.1441,579.27789204
1753769567210,06:12:47.210,bitfinex,XRP/USDT:USDT,3.1438,536.0,3.1436,318.11,3.1439,118.0,3.1441,579.27789204
1753769567410,06:12:47.410,bitfinex,XRP/USDT:USDT,3.1438,536.0,3.1436,318.11,3.1439,118.0,3.1441,579.27789204
1753769567411,06:12:47.411,bitfinex,XRP/USDT:USDT,3.1438,536.0,3.1436,318.11,3.1439,118.0,3.1441,579.27789204
1753769567411,06:12:47.411,bitfinex,XRP/USDT:USDT,3.1438,536.0,3.1436,318.11,3.1439,118.0,3.1441,579.27789204
1753769567613,06:12:47.613,bitfinex,XRP/USDT:USDT,3.1438,536.0,3.1436,318.11,3.1439,118.0,3.1441,579.27789204
1753769567616,06:12:47.616,bitfinex,XRP/USDT:USDT,3.1438,536.0,3.1436,318.11,3.1439,118.0,3.1441,579.27789204
1753769567619,06:12:47.619,bitfinex,XRP/USDT:USDT,3.1438,536.0,3.1436,318.11,3.1439,118.0,3.1441,579.27789204
1753769567907,06:12:47.907,bitfinex,XRP/USDT:USDT,3.1438,536.0,3.1436,318.11,3.1439,118.0,3.1441,579.27789204
1753769567908,06:12:47.908,bitfinex,XRP/USDT:USDT,3.1438,536.0,3.1436,318.11,3.1439,118.0,3.1441,579.27789204
1753769567909,06:12:47.909,bitfinex,XRP/USDT:USDT,3.1438,536.0,3.1436,318.11,3.1439,118.0,3.1441,579.27789204
1753769568119,06:12:48.119,bitfinex,XRP/USDT:USDT,3.1438,536.0,3.1436,318.11,3.1439,118.0,3.1441,579.27789204
1753769568121,06:12:48.121,bitfinex,XRP/USDT:USDT,3.1438,536.0,3.1436,318.11,3.1439,118.0,3.1441,579.27789204
1753769568123,06:12:48.123,bitfinex,XRP/USDT:USDT,3.1438,536.0,3.1436,318.11,3.1439,118.0,3.1441,579.27789204
1753769568410,06:12:48.410,bitfinex,XRP/USDT:USDT,3.1438,536.0,3.1436,318.11,3.1439,118.0,3.1441,579.27789204
1753769568411,06:12:48.411,bitfinex,XRP/USDT:USDT,3.1438,536.0,3.1436,318.11,3.1439,118.0,3.1441,579.27789204
1753769568708,06:12:48.708,bitfinex,XRP/USDT:USDT,3.1438,536.0,3.1436,318.11,3.1439,118.0,3.1441,579.27789204
1753769568709,06:12:48.709,bitfinex,XRP/USDT:USDT,3.1438,536.0,3.1436,318.11,3.1439,118.0,3.1441,579.27789204
1753769568711,06:12:48.711,bitfinex,XRP/USDT:USDT,3.1438,536.0,3.1436,318.11,3.1439,118.0,3.1441,579.27789204
1753769568905,06:12:48.905,bitfinex,XRP/USDT:USDT,3.1438,536.0,3.1436,318.11,3.1439,118.0,3.1441,579.27789204
1753769568905,06:12:48.905,bitfinex,XRP/USDT:USDT,3.1438,536.0,3.1436,318.11,3.1439,288.98838155,3.1441,318.07
1753769568906,06:12:48.906,bitfinex,XRP/USDT:USDT,3.1438,536.0,3.1436,318.11,3.1439,288.98838155,3.1441,318.07
1753769569210,06:12:49.210,bitfinex,XRP/USDT:USDT,3.1438,536.0,3.1436,318.11,3.1439,288.98838155,3.1441,318.07
1753769569211,06:12:49.211,bitfinex,XRP/USDT:USDT,3.1438,536.0,3.1436,318.11,3.1439,288.98838155,3.1441,318.07
1753769569213,06:12:49.213,bitfinex,XRP/USDT:USDT,3.1438,536.0,3.1436,318.11,3.1439,288.98838155,3.1441,318.07
1753769569449,06:12:49.449,bitfinex,XRP/USDT:USDT,3.1438,536.0,3.1436,318.11,3.1439,288.98838155,3.1441,318.07
1753769569450,06:12:49.450,bitfinex,XRP/USDT:USDT,3.1438,536.0,3.1436,318.11,3.1439,288.98838155,3.1441,318.07
1753769569609,06:12:49.609,bitfinex,XRP/USDT:USDT,3.1438,536.0,3.1436,318.11,3.1439,288.98838155,3.1441,318.07
1753769569610,06:12:49.610,bitfinex,XRP/USDT:USDT,3.1438,536.0,3.1436,318.11,3.1439,288.98838155,3.1441,318.07
1753769569610,06:12:49.610,bitfinex,XRP/USDT:USDT,3.1438,536.0,3.1436,318.11,3.1439,288.98838155,3.1441,318.07
1753769569804,06:12:49.804,bitfinex,XRP/USDT:USDT,3.1438,536.0,3.1436,318.11,3.1439,288.98838155,3.1441,318.07
1753769569805,06:12:49.805,bitfinex,XRP/USDT:USDT,3.1438,536.0,3.1436,318.11,3.1439,288.98838155,3.1441,318.07
1753769569805,06:12:49.805,bitfinex,XRP/USDT:USDT,3.1438,536.0,3.1436,318.11,3.1439,288.98838155,3.1441,318.07
1753769570009,06:12:50.009,bitfinex,XRP/USDT:USDT,3.1438,536.0,3.1436,318.11,3.1439,288.98838155,3.1441,318.07
1753769570009,06:12:50.009,bitfinex,XRP/USDT:USDT,3.1438,536.0,3.1436,318.11,3.1439,288.98838155,3.1441,318.07
1753769570009,06:12:50.009,bitfinex,XRP/USDT:USDT,3.1438,536.0,3.1436,318.11,3.1439,288.98838155,3.1441,318.07
1753769570207,06:12:50.207,bitfinex,XRP/USDT:USDT,3.1438,536.0,3.1436,318.11,3.1439,288.98838155,3.1441,318.07
1753769570208,06:12:50.208,bitfinex,XRP/USDT:USDT,3.1438,536.0,3.1436,318.11,3.1439,288.98838155,3.1441,318.07
1753769570209,06:12:50.209,bitfinex,XRP/USDT:USDT,3.1438,536.0,3.1436,318.11,3.1439,288.98838155,3.1441,318.07
1753769570401,06:12:50.401,bitfinex,XRP/USDT:USDT,3.1438,536.0,3.1436,318.11,3.1439,288.98838155,3.1441,318.07
1753769570402,06:12:50.402,bitfinex,XRP/USDT:USDT,3.1438,536.0,3.1436,318.11,3.1439,288.98838155,3.1441,318.07
1753769570402,06:12:50.402,bitfinex,XRP/USDT:USDT,3.1438,536.0,3.1436,318.11,3.1439,288.98838155,3.1441,318.07
1753769570708,06:12:50.708,bitfinex,XRP/USDT:USDT,3.1438,536.0,3.1436,318.11,3.1439,288.98838155,3.1441,318.07
1753769570709,06:12:50.709,bitfinex,XRP/USDT:USDT,3.1438,536.0,3.1436,318.11,3.1439,288.98838155,3.1441,318.07
1753769570710,06:12:50.710,bitfinex,XRP/USDT:USDT,3.1438,536.0,3.1436,318.11,3.1439,288.98838155,3.1441,318.07
1753769570905,06:12:50.905,bitfinex,XRP/USDT:USDT,3.1438,536.0,3.1436,318.11,3.1439,288.98838155,3.1441,318.07
1753769570905,06:12:50.905,bitfinex,XRP/USDT:USDT,3.1438,536.0,3.1436,318.11,3.1439,288.98838155,3.1441,318.07
1753769570906,06:12:50.906,bitfinex,XRP/USDT:USDT,3.1438,536.0,3.1436,318.11,3.1439,288.98838155,3.1441,318.07
1753769571203,06:12:51.203,bitfinex,XRP/USDT:USDT,3.1438,536.0,3.1436,318.11,3.1439,288.98838155,3.1441,318.07
1753769571204,06:12:51.204,bitfinex,XRP/USDT:USDT,3.1438,536.0,3.1436,318.11,3.1439,288.98838155,3.1441,318.07
1753769571409,06:12:51.409,bitfinex,XRP/USDT:USDT,3.1438,536.0,3.1436,318.11,3.1439,288.98838155,3.1441,318.07
1753769571410,06:12:51.410,bitfinex,XRP/USDT:USDT,3.1438,536.0,3.1436,318.11,3.1439,288.98838155,3.1441,318.07
1753769571410,06:12:51.410,bitfinex,XRP/USDT:USDT,3.1438,536.0,3.1436,318.11,3.1439,288.98838155,3.1441,318.07
1753769571608,06:12:51.608,bitfinex,XRP/USDT:USDT,3.1438,536.0,3.1436,318.11,3.1439,288.98838155,3.1441,318.07
1753769571609,06:12:51.609,bitfinex,XRP/USDT:USDT,3.1438,536.0,3.1436,318.11,3.1439,288.98838155,3.1441,318.07
1753769571609,06:12:51.609,bitfinex,XRP/USDT:USDT,3.1438,536.0,3.1436,318.11,3.1439,288.98838155,3.1441,318.07
1753769571809,06:12:51.809,bitfinex,XRP/USDT:USDT,3.1438,536.0,3.1436,318.11,3.1439,288.98838155,3.1441,318.07
1753769571810,06:12:51.810,bitfinex,XRP/USDT:USDT,3.1438,536.0,3.1436,318.11,3.1439,288.98838155,3.1441,318.07
1753769571810,06:12:51.810,bitfinex,XRP/USDT:USDT,3.1438,536.0,3.1436,318.11,3.1439,288.98838155,3.1441,318.07
1753769572013,06:12:52.013,bitfinex,XRP/USDT:USDT,3.1438,536.0,3.1436,318.11,3.1439,288.98838155,3.1441,318.07
1753769572014,06:12:52.014,bitfinex,XRP/USDT:USDT,3.1438,536.0,3.1436,318.11,3.1439,288.98838155,3.1441,318.07
1753769572015,06:12:52.015,bitfinex,XRP/USDT:USDT,3.1438,536.0,3.1436,318.11,3.1439,288.98838155,3.1441,318.07
1753769572212,06:12:52.212,bitfinex,XRP/USDT:USDT,3.1438,536.0,3.1436,318.11,3.1439,288.98838155,3.1441,318.07
1753769572213,06:12:52.213,bitfinex,XRP/USDT:USDT,3.1438,536.0,3.1436,318.11,3.1439,288.98838155,3.1441,318.07
1753769572213,06:12:52.213,bitfinex,XRP/USDT:USDT,3.1438,536.0,3.1436,318.11,3.1439,288.98838155,3.1441,318.07
1753769572413,06:12:52.413,bitfinex,XRP/USDT:USDT,3.1438,536.0,3.1436,318.11,3.1439,288.98838155,3.1441,318.07
1753769572413,06:12:52.413,bitfinex,XRP/USDT:USDT,3.1438,536.0,3.1436,318.11,3.1439,288.98838155,3.1441,318.07
1753769572413,06:12:52.413,bitfinex,XRP/USDT:USDT,3.1438,536.0,3.1436,318.11,3.1439,288.98838155,3.1441,318.07
1753769572604,06:12:52.604,bitfinex,XRP/USDT:USDT,3.1438,536.0,3.1436,318.11,3.1439,288.98838155,3.1441,318.07
1753769572604,06:12:52.604,bitfinex,XRP/USDT:USDT,3.1438,536.0,3.1436,318.11,3.1439,288.98838155,3.1441,318.07
1753769572606,06:12:52.606,bitfinex,XRP/USDT:USDT,3.1438,536.0,3.1436,318.11,3.1439,288.98838155,3.1441,318.07
1753769572806,06:12:52.806,bitfinex,XRP/USDT:USDT,3.1438,536.0,3.1432,266.82983204,3.1439,288.98838155,3.1441,318.07
1753769572808,06:12:52.808,bitfinex,XRP/USDT:USDT,3.1438,536.0,3.1433,437.81821359,3.1454,364.0,3.1455,635.87
1753769572810,06:12:52.810,bitfinex,XRP/USDT:USDT,3.1438,536.0,3.1433,437.81821359,3.1454,364.0,3.1455,635.87
1753769573019,06:12:53.019,bitfinex,XRP/USDT:USDT,3.1438,536.0,3.1433,437.81821359,3.1454,364.0,3.1455,635.87
1753769573021,06:12:53.021,bitfinex,XRP/USDT:USDT,3.1438,189.0,3.1433,170.98838155,3.1439,119.0,3.1442,75.0
1753769573028,06:12:53.028,bitfinex,XRP/USDT:USDT,3.1438,189.0,3.1433,170.98838155,3.1439,119.0,3.1442,75.0
1753769573308,06:12:53.308,bitfinex,XRP/USDT:USDT,3.1433,170.98838155,3.1425,247.30734356,3.1439,119.0,3.1442,75.0
1753769573310,06:12:53.310,bitfinex,XRP/USDT:USDT,3.1441,118.0,3.1439,318.08,3.1442,119.0,3.1443,170.98838155
1753769573311,06:12:53.311,bitfinex,XRP/USDT:USDT,3.1441,118.0,3.1439,318.08,3.1442,119.0,3.1443,170.98838155
1753769573518,06:12:53.518,bitfinex,XRP/USDT:USDT,3.1441,118.0,3.1439,318.08,3.1442,119.0,3.1443,170.98838155
1753769573519,06:12:53.519,bitfinex,XRP/USDT:USDT,3.1441,193.0,3.1439,318.08,3.1442,119.0,3.1443,170.98838155
1753769573520,06:12:53.520,bitfinex,XRP/USDT:USDT,3.1441,193.0,3.1439,318.08,3.1442,119.0,3.1443,170.98838155
1753769573704,06:12:53.704,bitfinex,XRP/USDT:USDT,3.1441,193.0,3.1439,318.08,3.1442,119.0,3.1443,170.98838155
1753769573705,06:12:53.705,bitfinex,XRP/USDT:USDT,3.1441,544.0,3.1439,318.08,3.1442,119.0,3.1443,170.98838155
1753769573907,06:12:53.907,bitfinex,XRP/USDT:USDT,3.1441,544.0,3.1439,318.08,3.1442,119.0,3.1443,170.98838155
1753769573908,06:12:53.908,bitfinex,XRP/USDT:USDT,3.1441,544.0,3.1439,318.08,3.1442,119.0,3.1443,170.98838155
1753769573908,06:12:53.908,bitfinex,XRP/USDT:USDT,3.1441,544.0,3.1439,318.08,3.1442,119.0,3.1443,170.98838155
1753769574110,06:12:54.110,bitfinex,XRP/USDT:USDT,3.1441,544.0,3.1439,318.08,3.1442,119.0,3.1443,170.98838155
1753769574111,06:12:54.111,bitfinex,XRP/USDT:USDT,3.1441,544.0,3.1439,318.08,3.1442,119.0,3.1443,170.98838155
1753769574112,06:12:54.112,bitfinex,XRP/USDT:USDT,3.1441,544.0,3.1439,318.08,3.1442,119.0,3.1443,170.98838155
1753769574434,06:12:54.434,bitfinex,XRP/USDT:USDT,3.1441,544.0,3.1439,318.08,3.1442,119.0,3.1443,170.98838155
1753769574440,06:12:54.440,bitfinex,XRP/USDT:USDT,3.1441,544.0,3.1439,318.08,3.1442,119.0,3.1443,170.98838155
1753769574450,06:12:54.450,bitfinex,XRP/USDT:USDT,3.1441,544.0,3.1439,318.08,3.1442,119.0,3.1443,170.98838155
1753769574710,06:12:54.710,bitfinex,XRP/USDT:USDT,3.1441,544.0,3.1439,318.08,3.1442,119.0,3.1443,170.98838155
1753769574712,06:12:54.712,bitfinex,XRP/USDT:USDT,3.1441,544.0,3.1439,318.08,3.1442,119.0,3.1443,170.98838155
1753769574713,06:12:54.713,bitfinex,XRP/USDT:USDT,3.1441,544.0,3.1439,318.08,3.1442,119.0,3.1443,170.98838155
1753769574921,06:12:54.921,bitfinex,XRP/USDT:USDT,3.1441,544.0,3.1439,318.08,3.1442,119.0,3.1443,170.98838155
1753769574923,06:12:54.923,bitfinex,XRP/USDT:USDT,3.1441,544.0,3.1439,318.08,3.1442,119.0,3.1443,170.98838155
1753769575107,06:12:55.107,bitfinex,XRP/USDT:USDT,3.1441,544.0,3.1439,318.08,3.1442,119.0,3.1443,170.98838155
1753769575108,06:12:55.108,bitfinex,XRP/USDT:USDT,3.1441,544.0,3.1439,318.08,3.1442,119.0,3.1443,170.98838155
1753769575109,06:12:55.109,bitfinex,XRP/USDT:USDT,3.1441,544.0,3.1439,318.08,3.1442,119.0,3.1443,170.98838155
1753769575313,06:12:55.313,bitfinex,XRP/USDT:USDT,3.1441,544.0,3.1439,318.08,3.1442,119.0,3.1443,170.98838155
1753769575313,06:12:55.313,bitfinex,XRP/USDT:USDT,3.1441,544.0,3.1439,318.08,3.1442,119.0,3.1443,170.98838155
1753769575313,06:12:55.313,bitfinex,XRP/USDT:USDT,3.1441,544.0,3.1439,318.08,3.1442,119.0,3.1443,170.98838155
1753769575513,06:12:55.513,bitfinex,XRP/USDT:USDT,3.1441,544.0,3.1439,318.08,3.1442,119.0,3.1443,170.98838155
1753769575513,06:12:55.513,bitfinex,XRP/USDT:USDT,3.1441,544.0,3.1439,318.08,3.1442,119.0,3.1443,170.98838155
1753769575814,06:12:55.814,bitfinex,XRP/USDT:USDT,3.1441,544.0,3.1439,318.08,3.1442,119.0,3.1443,170.98838155
1753769575815,06:12:55.815,bitfinex,XRP/USDT:USDT,3.1441,544.0,3.1439,318.08,3.1442,119.0,3.1443,170.98838155
1753769575815,06:12:55.815,bitfinex,XRP/USDT:USDT,3.1441,544.0,3.1439,318.08,3.1442,119.0,3.1443,170.98838155
1753769576017,06:12:56.017,bitfinex,XRP/USDT:USDT,3.1441,544.0,3.1439,318.08,3.1442,119.0,3.1443,170.98838155
1753769576017,06:12:56.017,bitfinex,XRP/USDT:USDT,3.1441,544.0,3.1439,318.08,3.1442,119.0,3.1443,170.98838155
1753769576313,06:12:56.313,bitfinex,XRP/USDT:USDT,3.1441,544.0,3.1439,318.08,3.1442,119.0,3.1443,170.98838155
1753769576313,06:12:56.313,bitfinex,XRP/USDT:USDT,3.1441,544.0,3.1439,318.08,3.1442,119.0,3.1443,170.98838155
1753769576519,06:12:56.519,bitfinex,XRP/USDT:USDT,3.1441,544.0,3.1439,318.08,3.1442,119.0,3.1443,170.98838155
1753769576521,06:12:56.521,bitfinex,XRP/USDT:USDT,3.1441,544.0,3.1439,318.08,3.1442,119.0,3.1443,170.98838155
1753769576525,06:12:56.525,bitfinex,XRP/USDT:USDT,3.1441,544.0,3.1439,318.08,3.1442,119.0,3.1443,170.98838155
1753769576815,06:12:56.815,bitfinex,XRP/USDT:USDT,3.1441,544.0,3.1439,318.08,3.1442,119.0,3.1443,170.98838155
1753769576816,06:12:56.816,bitfinex,XRP/USDT:USDT,3.1441,544.0,3.1439,318.08,3.1442,119.0,3.1443,170.98838155
1753769576816,06:12:56.816,bitfinex,XRP/USDT:USDT,3.1441,544.0,3.1439,318.08,3.1442,119.0,3.1443,170.98838155
1753769577011,06:12:57.011,bitfinex,XRP/USDT:USDT,3.1441,544.0,3.1439,318.08,3.1442,119.0,3.1443,170.98838155
1753769577011,06:12:57.011,bitfinex,XRP/USDT:USDT,3.1441,544.0,3.1439,318.08,3.1442,119.0,3.1443,170.98838155
1753769577014,06:12:57.014,bitfinex,XRP/USDT:USDT,3.1441,544.0,3.1439,318.08,3.1442,119.0,3.1443,170.98838155
1753769577212,06:12:57.212,bitfinex,XRP/USDT:USDT,3.1441,544.0,3.1435,266.89763885,3.1442,119.0,3.1443,170.98838155
1753769577213,06:12:57.213,bitfinex,XRP/USDT:USDT,3.1441,544.0,3.1437,318.09,3.1442,119.0,3.1443,489.03838155
1753769577215,06:12:57.215,bitfinex,XRP/USDT:USDT,3.1441,544.0,3.1437,318.09,3.1442,119.0,3.1443,489.03838155
1753769577413,06:12:57.413,bitfinex,XRP/USDT:USDT,3.1441,544.0,3.1437,318.09,3.1442,119.0,3.1443,489.03838155
1753769577413,06:12:57.413,bitfinex,XRP/USDT:USDT,3.1441,544.0,3.1437,318.09,3.1442,119.0,3.1443,489.03838155
1753769577716,06:12:57.716,bitfinex,XRP/USDT:USDT,3.1441,544.0,3.1437,318.09,3.1442,119.0,3.1443,489.03838155
1753769577717,06:12:57.717,bitfinex,XRP/USDT:USDT,3.1441,544.0,3.1437,318.09,3.1442,119.0,3.1443,489.03838155
1753769577717,06:12:57.717,bitfinex,XRP/USDT:USDT,3.1441,544.0,3.1437,318.09,3.1442,119.0,3.1443,489.03838155
1753769578418,06:12:58.418,bitfinex,XRP/USDT:USDT,3.1441,544.0,3.1434,247.85590616,3.1442,119.0,3.1443,489.03838155
1753769578419,06:12:58.419,bitfinex,XRP/USDT:USDT,3.1441,544.0,3.1433,170.98838155,3.1442,119.0,3.1443,170.98838155
1753769578419,06:12:58.419,bitfinex,XRP/USDT:USDT,3.1441,544.0,3.1433,170.98838155,3.1442,119.0,3.1443,170.98838155
1753769578608,06:12:58.608,bitfinex,XRP/USDT:USDT,3.1441,544.0,3.1433,170.98838155,3.1442,119.0,3.1443,170.98838155
1753769578609,06:12:58.609,bitfinex,XRP/USDT:USDT,3.1441,544.0,3.1434,514.84563146,3.1442,119.0,3.1443,170.98838155
1753769578610,06:12:58.610,bitfinex,XRP/USDT:USDT,3.1441,544.0,3.1434,514.84563146,3.1442,119.0,3.1443,170.98838155
1753769578809,06:12:58.809,bitfinex,XRP/USDT:USDT,3.1441,544.0,3.1433,170.98838155,3.1442,119.0,3.1443,170.98838155
1753769578809,06:12:58.809,bitfinex,XRP/USDT:USDT,3.1441,544.0,3.1435,266.89848956,3.1442,119.0,3.1443,170.98838155
1753769579015,06:12:59.015,bitfinex,XRP/USDT:USDT,3.1441,544.0,3.1433,170.98838155,3.1442,119.0,3.1443,170.98838155
1753769579015,06:12:59.015,bitfinex,XRP/USDT:USDT,3.1441,544.0,3.1436,266.89848956,3.1442,119.0,3.1443,170.98838155
1753769579016,06:12:59.016,bitfinex,XRP/USDT:USDT,3.1441,544.0,3.1436,266.89848956,3.1442,119.0,3.1443,170.98838155
1753769579223,06:12:59.223,bitfinex,XRP/USDT:USDT,3.1441,544.0,3.1434,247.94087406,3.1442,119.0,3.1443,170.98838155
1753769579224,06:12:59.224,bitfinex,XRP/USDT:USDT,3.1441,544.0,3.1437,266.89848956,3.1442,119.0,3.1443,170.98838155
1753769579225,06:12:59.225,bitfinex,XRP/USDT:USDT,3.1441,544.0,3.1437,266.89848956,3.1442,124.41487196,3.1443,170.98838155
1753769579418,06:12:59.418,bitfinex,XRP/USDT:USDT,3.1441,544.0,3.1433,170.98838155,3.1442,124.41487196,3.1443,170.98838155
1753769579419,06:12:59.419,bitfinex,XRP/USDT:USDT,3.1441,544.0,3.1434,247.93917033,3.1442,124.41487196,3.1443,170.98838155
1753769579421,06:12:59.421,bitfinex,XRP/USDT:USDT,3.1441,544.0,3.1434,247.93917033,3.1442,124.41487196,3.1443,170.98838155
1753769579710,06:12:59.710,bitfinex,XRP/USDT:USDT,3.1441,544.0,3.1433,170.98838155,3.1442,124.41487196,3.1443,170.98838155
1753769579711,06:12:59.711,bitfinex,XRP/USDT:USDT,3.1441,544.0,3.144,318.07,3.1442,124.41487196,3.1443,170.98838155
1753769579712,06:12:59.712,bitfinex,XRP/USDT:USDT,3.1441,544.0,3.144,318.07,3.1442,124.41487196,3.1443,170.98838155
1753769580016,06:13:00.016,bitfinex,XRP/USDT:USDT,3.1441,544.0,3.1435,514.8808096,3.1442,124.41487196,3.1443,170.98838155
1753769580017,06:13:00.017,bitfinex,XRP/USDT:USDT,3.1441,544.0,3.1436,437.93002082,3.1442,5.41487196,3.1443,170.98838155
1753769580018,06:13:00.018,bitfinex,XRP/USDT:USDT,3.1441,544.0,3.1436,437.93002082,3.1442,5.41487196,3.1443,170.98838155
1753769580317,06:13:00.317,bitfinex,XRP/USDT:USDT,3.1441,544.0,3.1436,437.93002082,3.1442,5.41487196,3.1443,170.98838155
1753769580318,06:13:00.318,bitfinex,XRP/USDT:USDT,3.1441,544.0,3.1437,266.94163927,3.1442,5.41487196,3.1443,170.98838155
1753769580318,06:13:00.318,bitfinex,XRP/USDT:USDT,3.1441,544.0,3.1437,266.94163927,3.1442,5.41487196,3.1443,170.98838155
1753769580517,06:13:00.517,bitfinex,XRP/USDT:USDT,3.1441,544.0,3.1436,170.98838155,3.1442,5.41487196,3.1443,170.98838155
1753769580517,06:13:00.517,bitfinex,XRP/USDT:USDT,3.1441,862.06,3.1436,170.98838155,3.1442,5.41487196,3.1443,170.98838155
1753769580518,06:13:00.518,bitfinex,XRP/USDT:USDT,3.1441,862.06,3.1436,170.98838155,3.1442,5.41487196,3.1443,170.98838155
1753769580719,06:13:00.719,bitfinex,XRP/USDT:USDT,3.1441,862.06,3.1436,170.98838155,3.1442,5.41487196,3.1443,170.98838155
1753769580719,06:13:00.719,bitfinex,XRP/USDT:USDT,3.1441,862.06,3.1437,266.99421972,3.1442,5.41487196,3.1443,170.98838155
1753769580920,06:13:00.920,bitfinex,XRP/USDT:USDT,3.1441,862.06,3.1436,170.98838155,3.1442,5.41487196,3.1443,170.98838155
1753769580923,06:13:00.923,bitfinex,XRP/USDT:USDT,3.1441,862.06,3.1436,170.98838155,3.1442,5.41487196,3.1443,170.98838155
1753769580928,06:13:00.928,bitfinex,XRP/USDT:USDT,3.1441,862.06,3.1436,170.98838155,3.1442,5.41487196,3.1443,170.98838155
1753769581116,06:13:01.116,bitfinex,XRP/USDT:USDT,3.1441,862.06,3.1436,170.98838155,3.1442,5.41487196,3.1443,170.98838155
1753769581116,06:13:01.116,bitfinex,XRP/USDT:USDT,3.1441,862.06,3.1437,266.99397357,3.1442,5.41487196,3.1443,170.98838155
1753769581117,06:13:01.117,bitfinex,XRP/USDT:USDT,3.1441,862.06,3.1437,266.99397357,3.1442,5.41487196,3.1443,170.98838155
1753769581313,06:13:01.313,bitfinex,XRP/USDT:USDT,3.1441,862.06,3.1436,170.98838155,3.1442,5.41487196,3.1443,170.98838155
1753769581314,06:13:01.314,bitfinex,XRP/USDT:USDT,3.1441,862.06,3.1436,170.98838155,3.1442,5.41487196,3.1443,170.98838155
1753769581512,06:13:01.512,bitfinex,XRP/USDT:USDT,3.1441,862.06,3.1436,170.98838155,3.1442,5.41487196,3.1443,170.98838155
1753769581513,06:13:01.513,bitfinex,XRP/USDT:USDT,3.1441,862.06,3.1437,267.06206174,3.1442,5.41487196,3.1443,170.98838155
1753769581513,06:13:01.513,bitfinex,XRP/USDT:USDT,3.1441,862.06,3.1437,267.06206174,3.1442,5.41487196,3.1443,170.98838155
1753769581714,06:13:01.714,bitfinex,XRP/USDT:USDT,3.1441,862.06,3.1436,170.98838155,3.1442,5.41487196,3.1443,170.98838155
1753769581714,06:13:01.714,bitfinex,XRP/USDT:USDT,3.1441,862.06,3.1438,267.06206174,3.1442,5.41487196,3.1443,170.98838155
1753769581715,06:13:01.715,bitfinex,XRP/USDT:USDT,3.1441,862.06,3.1438,267.06206174,3.1442,5.41487196,3.1443,170.98838155
1753769581917,06:13:01.917,bitfinex,XRP/USDT:USDT,3.1441,862.06,3.1436,170.98838155,3.1442,5.41487196,3.1443,170.98838155
1753769581918,06:13:01.918,bitfinex,XRP/USDT:USDT,3.1441,862.06,3.1436,170.98838155,3.1442,5.41487196,3.1443,170.98838155
1753769582117,06:13:02.117,bitfinex,XRP/USDT:USDT,3.1441,862.06,3.1436,170.98838155,3.1442,5.41487196,3.1443,170.98838155
1753769582118,06:13:02.118,bitfinex,XRP/USDT:USDT,3.1441,862.06,3.1437,267.05702188,3.1442,5.41487196,3.1443,170.98838155
1753769582321,06:13:02.321,bitfinex,XRP/USDT:USDT,3.1441,862.06,3.1436,170.98838155,3.1442,5.41487196,3.1443,170.98838155
1753769582322,06:13:02.322,bitfinex,XRP/USDT:USDT,3.1441,862.06,3.1436,170.98838155,3.1442,5.41487196,3.1443,170.98838155
1753769582323,06:13:02.323,bitfinex,XRP/USDT:USDT,3.1441,862.06,3.1436,170.98838155,3.1442,5.41487196,3.1443,170.98838155
1753769582541,06:13:02.541,bitfinex,XRP/USDT:USDT,3.1441,862.06,3.1436,170.98838155,3.1442,5.41487196,3.1443,170.98838155
1753769582545,06:13:02.545,bitfinex,XRP/USDT:USDT,3.1441,862.06,3.1437,248.24656423,3.1442,5.41487196,3.1443,170.98838155
1753769582819,06:13:02.819,bitfinex,XRP/USDT:USDT,3.1441,862.06,3.1436,170.98838155,3.1442,5.41487196,3.1443,170.98838155
1753769582820,06:13:02.820,bitfinex,XRP/USDT:USDT,3.1441,862.06,3.1436,170.98838155,3.1442,5.41487196,3.1443,170.98838155
1753769582820,06:13:02.820,bitfinex,XRP/USDT:USDT,3.1441,862.06,3.1436,170.98838155,3.1442,5.41487196,3.1443,170.98838155
1753769583023,06:13:03.023,bitfinex,XRP/USDT:USDT,3.1441,862.06,3.1436,170.98838155,3.1442,5.41487196,3.1443,170.98838155
1753769583024,06:13:03.024,bitfinex,XRP/USDT:USDT,3.1441,862.06,3.1437,248.24707762,3.1442,5.41487196,3.1443,170.98838155
1753769583026,06:13:03.026,bitfinex,XRP/USDT:USDT,3.1441,862.06,3.1437,248.24707762,3.1442,5.41487196,3.1443,170.98838155
1753769583228,06:13:03.228,bitfinex,XRP/USDT:USDT,3.1441,862.06,3.1436,170.98838155,3.1442,5.41487196,3.1443,170.98838155
1753769583230,06:13:03.230,bitfinex,XRP/USDT:USDT,3.1441,862.06,3.1436,170.98838155,3.1442,5.41487196,3.1443,170.98838155
1753769583521,06:13:03.521,bitfinex,XRP/USDT:USDT,3.1441,862.06,3.1436,170.98838155,3.1442,5.41487196,3.1443,170.98838155
1753769583522,06:13:03.522,bitfinex,XRP/USDT:USDT,3.1441,862.06,3.1436,170.98838155,3.1442,5.41487196,3.1443,170.98838155
1753769583522,06:13:03.522,bitfinex,XRP/USDT:USDT,3.1441,862.06,3.1436,170.98838155,3.1442,5.41487196,3.1443,170.98838155
1753769583523,06:13:03.523,bitfinex,XRP/USDT:USDT,3.1441,862.06,3.1437,248.2946716,3.1442,124.41487196,3.1443,170.98838155
1753769583525,06:13:03.525,bitfinex,XRP/USDT:USDT,3.1441,862.06,3.1437,248.2946716,3.1442,124.41487196,3.1443,170.98838155
1753769583721,06:13:03.721,bitfinex,XRP/USDT:USDT,3.1441,862.06,3.1436,170.98838155,3.1442,124.41487196,3.1443,170.98838155
1753769583722,06:13:03.722,bitfinex,XRP/USDT:USDT,3.1441,862.06,3.1436,170.98838155,3.1442,124.41487196,3.1443,170.98838155
1753769583922,06:13:03.922,bitfinex,XRP/USDT:USDT,3.1441,862.06,3.1436,170.98838155,3.1442,124.41487196,3.1443,170.98838155
1753769583923,06:13:03.923,bitfinex,XRP/USDT:USDT,3.1441,862.06,3.1437,248.29478571,3.1442,124.41487196,3.1443,170.98838155
1753769584123,06:13:04.123,bitfinex,XRP/USDT:USDT,3.1441,862.06,3.1437,248.29478571,3.1442,124.41487196,3.1443,170.98838155
1753769584124,06:13:04.124,bitfinex,XRP/USDT:USDT,3.1441,118.0,3.1438,351.0,3.1442,199.41487196,3.1443,170.98838155
1753769584124,06:13:04.124,bitfinex,XRP/USDT:USDT,3.1441,118.0,3.1438,351.0,3.1442,199.41487196,3.1443,170.98838155
1753769584419,06:13:04.419,bitfinex,XRP/USDT:USDT,3.1438,351.0,3.1437,75.0,3.1442,199.41487196,3.1443,170.98838155
1753769584420,06:13:04.420,bitfinex,XRP/USDT:USDT,3.1438,351.0,3.1437,75.0,3.1441,75.0,3.1442,5.41487196
1753769584421,06:13:04.421,bitfinex,XRP/USDT:USDT,3.1438,351.0,3.1437,75.0,3.1441,75.0,3.1442,5.41487196
1753769584804,06:13:04.804,bitfinex,XRP/USDT:USDT,3.1437,75.0,3.1433,170.98838155,3.1441,75.0,3.1442,5.41487196
1753769584879,06:13:04.879,bitfinex,XRP/USDT:USDT,3.1439,736.22097686,3.1437,75.0,3.144,119.0,3.1441,75.0
1753769584977,06:13:04.977,bitfinex,XRP/USDT:USDT,3.1439,736.22097686,3.1437,75.0,3.144,119.0,3.1441,75.0
1753769585138,06:13:05.138,bitfinex,XRP/USDT:USDT,3.1439,736.22097686,3.1437,75.0,3.144,119.0,3.1441,75.0
1753769585139,06:13:05.139,bitfinex,XRP/USDT:USDT,3.1439,736.22097686,3.1437,75.0,3.144,119.0,3.1441,75.0
1753769585141,06:13:05.141,bitfinex,XRP/USDT:USDT,3.1439,736.22097686,3.1437,75.0,3.144,119.0,3.1441,75.0
1753769585319,06:13:05.319,bitfinex,XRP/USDT:USDT,3.1439,736.22097686,3.1437,75.0,3.144,119.0,3.1441,75.0
1753769585319,06:13:05.319,bitfinex,XRP/USDT:USDT,3.1439,736.22097686,3.1437,75.0,3.144,119.0,3.1441,75.0
1753769585551,06:13:05.551,bitfinex,XRP/USDT:USDT,3.1439,736.22097686,3.1433,170.98838155,3.144,119.0,3.1441,75.0
1753769585555,06:13:05.555,bitfinex,XRP/USDT:USDT,3.1439,811.22097686,3.1433,170.98838155,3.144,119.0,3.1441,75.0
1753769585722,06:13:05.722,bitfinex,XRP/USDT:USDT,3.1439,811.22097686,3.1433,170.98838155,3.144,119.0,3.1441,75.0
1753769585723,06:13:05.723,bitfinex,XRP/USDT:USDT,3.1439,811.22097686,3.1437,318.1,3.144,119.0,3.1442,323.46487196
1753769585724,06:13:05.724,bitfinex,XRP/USDT:USDT,3.1439,811.22097686,3.1437,318.1,3.144,119.0,3.1442,323.46487196
1753769585927,06:13:05.927,bitfinex,XRP/USDT:USDT,3.1439,811.22097686,3.1433,170.98838155,3.144,119.0,3.1442,323.46487196
1753769585928,06:13:05.928,bitfinex,XRP/USDT:USDT,3.144,426.0,3.1439,267.22097686,3.1442,5.41487196,3.1443,170.98838155
1753769585928,06:13:05.928,bitfinex,XRP/USDT:USDT,3.144,426.0,3.1439,267.22097686,3.1442,5.41487196,3.1443,170.98838155
1753769586233,06:13:06.233,bitfinex,XRP/USDT:USDT,3.1439,267.22097686,3.1433,170.98838155,3.1442,5.41487196,3.1443,170.98838155
1753769586234,06:13:06.234,bitfinex,XRP/USDT:USDT,3.1441,544.0,3.1433,170.98838155,3.1442,5.41487196,3.1443,170.98838155
1753769586235,06:13:06.235,bitfinex,XRP/USDT:USDT,3.1441,544.0,3.1433,170.98838155,3.1442,5.41487196,3.1443,170.98838155
1753769586422,06:13:06.422,bitfinex,XRP/USDT:USDT,3.1441,544.0,3.1433,170.98838155,3.1442,5.41487196,3.1443,170.98838155
1753769586423,06:13:06.423,bitfinex,XRP/USDT:USDT,3.1441,811.35546968,3.1433,170.98838155,3.1442,5.41487196,3.1443,170.98838155
1753769586622,06:13:06.622,bitfinex,XRP/USDT:USDT,3.1441,811.35546968,3.1433,170.98838155,3.1442,5.41487196,3.1443,170.98838155
1753769586622,06:13:06.622,bitfinex,XRP/USDT:USDT,3.1441,811.35546968,3.1433,170.98838155,3.1442,5.41487196,3.1443,170.98838155
1753769586623,06:13:06.623,bitfinex,XRP/USDT:USDT,3.1441,811.35546968,3.1433,170.98838155,3.1442,124.41487196,3.1443,170.98838155
1753769586818,06:13:06.818,bitfinex,XRP/USDT:USDT,3.1441,811.35546968,3.1433,170.98838155,3.1442,124.41487196,3.1443,170.98838155
1753769586818,06:13:06.818,bitfinex,XRP/USDT:USDT,3.1441,544.0,3.1433,170.98838155,3.1442,124.41487196,3.1443,170.98838155
1753769586819,06:13:06.819,bitfinex,XRP/USDT:USDT,3.1441,544.0,3.1433,170.98838155,3.1442,124.41487196,3.1443,170.98838155
1753769587021,06:13:07.021,bitfinex,XRP/USDT:USDT,3.1441,544.0,3.1433,170.98838155,3.1442,124.41487196,3.1443,170.98838155
1753769587023,06:13:07.023,bitfinex,XRP/USDT:USDT,3.1441,544.0,3.1433,170.98838155,3.1442,5.41487196,3.1443,170.98838155
1753769587025,06:13:07.025,bitfinex,XRP/USDT:USDT,3.1441,544.0,3.1433,170.98838155,3.1442,5.41487196,3.1443,170.98838155
1753769587217,06:13:07.217,bitfinex,XRP/USDT:USDT,3.1441,544.0,3.1433,170.98838155,3.1442,5.41487196,3.1443,170.98838155
1753769587218,06:13:07.218,bitfinex,XRP/USDT:USDT,3.1441,862.06,3.1433,170.98838155,3.1442,124.41487196,3.1443,170.98838155
1753769587218,06:13:07.218,bitfinex,XRP/USDT:USDT,3.1441,862.06,3.1433,170.98838155,3.1442,124.41487196,3.1443,170.98838155
1753769587424,06:13:07.424,bitfinex,XRP/USDT:USDT,3.1441,862.06,3.1433,170.98838155,3.1442,124.41487196,3.1443,170.98838155
1753769587425,06:13:07.425,bitfinex,XRP/USDT:USDT,3.1441,469.0,3.1437,75.0,3.1442,124.41487196,3.1443,170.98838155
1753769587426,06:13:07.426,bitfinex,XRP/USDT:USDT,3.1441,469.0,3.1437,75.0,3.1442,124.41487196,3.1443,170.98838155
1753769587723,06:13:07.723,bitfinex,XRP/USDT:USDT,3.1441,469.0,3.1437,75.0,3.1442,124.41487196,3.1443,170.98838155
1753769587724,06:13:07.724,bitfinex,XRP/USDT:USDT,3.1441,469.0,3.1437,75.0,3.1442,124.41487196,3.1443,170.98838155
1753769588324,06:13:08.324,bitfinex,XRP/USDT:USDT,3.1441,469.0,3.1437,75.0,3.1442,124.41487196,3.1443,170.98838155
1753769588325,06:13:08.325,bitfinex,XRP/USDT:USDT,3.1441,469.0,3.1439,318.08,3.1442,124.41487196,3.1443,170.98838155
1753769588326,06:13:08.326,bitfinex,XRP/USDT:USDT,3.1441,469.0,3.1439,318.08,3.1442,124.41487196,3.1443,489.03838155
1753769588538,06:13:08.538,bitfinex,XRP/USDT:USDT,3.1441,469.0,3.1439,318.08,3.1442,124.41487196,3.1443,489.03838155
1753769588539,06:13:08.539,bitfinex,XRP/USDT:USDT,3.1441,469.0,3.1439,318.08,3.1442,124.41487196,3.1443,489.03838155
1753769588541,06:13:08.541,bitfinex,XRP/USDT:USDT,3.1441,469.0,3.1439,318.08,3.1442,124.41487196,3.1443,489.03838155
1753769588720,06:13:08.720,bitfinex,XRP/USDT:USDT,3.1441,469.0,3.1439,318.08,3.1442,124.41487196,3.1443,489.03838155
1753769588721,06:13:08.721,bitfinex,XRP/USDT:USDT,3.1441,469.0,3.1439,318.08,3.1442,124.41487196,3.1443,489.03838155
1753769589025,06:13:09.025,bitfinex,XRP/USDT:USDT,3.1441,469.0,3.1439,318.08,3.1442,124.41487196,3.1443,489.03838155
1753769589025,06:13:09.025,bitfinex,XRP/USDT:USDT,3.1441,469.0,3.1439,318.08,3.1442,124.41487196,3.1443,489.03838155
1753769589327,06:13:09.327,bitfinex,XRP/USDT:USDT,3.1441,469.0,3.1439,318.08,3.1442,124.41487196,3.1443,489.03838155
1753769589328,06:13:09.328,bitfinex,XRP/USDT:USDT,3.1441,469.0,3.1439,318.08,3.1442,124.41487196,3.1443,489.03838155
1753769589329,06:13:09.329,bitfinex,XRP/USDT:USDT,3.1441,469.0,3.1439,318.08,3.1442,124.41487196,3.1443,489.03838155
1753769589524,06:13:09.524,bitfinex,XRP/USDT:USDT,3.1441,469.0,3.1439,318.08,3.1442,124.41487196,3.1443,489.03838155
1753769589531,06:13:09.531,bitfinex,XRP/USDT:USDT,3.1441,469.0,3.1439,318.08,3.1442,124.41487196,3.1443,489.03838155
1753769589534,06:13:09.534,bitfinex,XRP/USDT:USDT,3.1441,469.0,3.1439,318.08,3.1442,124.41487196,3.1443,489.03838155
1753769589843,06:13:09.843,bitfinex,XRP/USDT:USDT,3.1441,469.0,3.1439,318.08,3.1442,124.41487196,3.1443,489.03838155
1753769589845,06:13:09.845,bitfinex,XRP/USDT:USDT,3.1441,469.0,3.1439,318.08,3.1442,124.41487196,3.1443,489.03838155
1753769589851,06:13:09.851,bitfinex,XRP/USDT:USDT,3.1441,469.0,3.1439,318.08,3.1442,124.41487196,3.1443,489.03838155
1753769590331,06:13:10.331,bitfinex,XRP/USDT:USDT,3.1441,469.0,3.1439,318.08,3.1442,124.41487196,3.1443,489.03838155
1753769590332,06:13:10.332,bitfinex,XRP/USDT:USDT,3.1441,469.0,3.1439,318.08,3.1442,124.41487196,3.1443,489.03838155
1753769590333,06:13:10.333,bitfinex,XRP/USDT:USDT,3.1441,469.0,3.1439,318.08,3.1442,124.41487196,3.1443,489.03838155
1753769590528,06:13:10.528,bitfinex,XRP/USDT:USDT,3.1441,469.0,3.1439,318.08,3.1442,124.41487196,3.1443,489.03838155
1753769590528,06:13:10.528,bitfinex,XRP/USDT:USDT,3.1441,469.0,3.1439,318.08,3.1442,124.41487196,3.1443,489.03838155
1753769590530,06:13:10.530,bitfinex,XRP/USDT:USDT,3.1441,469.0,3.1439,318.08,3.1442,124.41487196,3.1443,489.03838155
1753769590719,06:13:10.719,bitfinex,XRP/USDT:USDT,3.1441,469.0,3.1437,75.0,3.1442,124.41487196,3.1443,489.03838155
1753769590719,06:13:10.719,bitfinex,XRP/USDT:USDT,3.1441,469.0,3.144,318.07,3.1442,124.41487196,3.1443,170.98838155
1753769590720,06:13:10.720,bitfinex,XRP/USDT:USDT,3.1441,469.0,3.144,318.07,3.1442,124.41487196,3.1443,170.98838155
1753769590922,06:13:10.922,bitfinex,XRP/USDT:USDT,3.1441,469.0,3.144,318.07,3.1442,124.41487196,3.1443,170.98838155
1753769590923,06:13:10.923,bitfinex,XRP/USDT:USDT,3.1441,469.0,3.144,318.07,3.1442,124.41487196,3.1443,170.98838155
1753769590923,06:13:10.923,bitfinex,XRP/USDT:USDT,3.1441,469.0,3.144,318.07,3.1442,124.41487196,3.1443,170.98838155
1753769591124,06:13:11.124,bitfinex,XRP/USDT:USDT,3.1441,469.0,3.144,318.07,3.1442,124.41487196,3.1443,170.98838155
1753769591126,06:13:11.126,bitfinex,XRP/USDT:USDT,3.1441,544.0,3.144,318.07,3.1442,124.41487196,3.1443,170.98838155
1753769591127,06:13:11.127,bitfinex,XRP/USDT:USDT,3.1441,544.0,3.144,318.07,3.1442,124.41487196,3.1443,170.98838155
1753769591358,06:13:11.358,bitfinex,XRP/USDT:USDT,3.1441,544.0,3.144,318.07,3.1442,124.41487196,3.1443,170.98838155
1753769591384,06:13:11.384,bitfinex,XRP/USDT:USDT,3.1441,544.0,3.144,318.07,3.1442,124.41487196,3.1443,170.98838155
1753769591398,06:13:11.398,bitfinex,XRP/USDT:USDT,3.1441,544.0,3.144,318.07,3.1442,124.41487196,3.1443,170.98838155
1753769591528,06:13:11.528,bitfinex,XRP/USDT:USDT,3.1441,544.0,3.1433,170.98838155,3.1442,124.41487196,3.1443,170.98838155
1753769591530,06:13:11.530,bitfinex,XRP/USDT:USDT,3.1441,469.0,3.1439,318.08,3.1442,124.41487196,3.1443,170.98838155
1753769591725,06:13:11.725,bitfinex,XRP/USDT:USDT,3.1441,469.0,3.1439,318.08,3.1442,124.41487196,3.1443,170.98838155
1753769591726,06:13:11.726,bitfinex,XRP/USDT:USDT,3.1441,469.0,3.1439,318.08,3.1442,124.41487196,3.1443,170.98838155
1753769591727,06:13:11.727,bitfinex,XRP/USDT:USDT,3.1441,469.0,3.1439,318.08,3.1442,124.41487196,3.1443,170.98838155
1753769592527,06:13:12.527,bitfinex,XRP/USDT:USDT,3.1441,469.0,3.1439,318.08,3.1442,124.41487196,3.1443,170.98838155
1753769592529,06:13:12.529,bitfinex,XRP/USDT:USDT,3.1441,469.0,3.1439,318.08,3.1442,124.41487196,3.1443,170.98838155
1753769592531,06:13:12.531,bitfinex,XRP/USDT:USDT,3.1441,469.0,3.1439,318.08,3.1442,124.41487196,3.1443,170.98838155
1753769592726,06:13:12.726,bitfinex,XRP/USDT:USDT,3.1441,469.0,3.1439,318.08,3.1442,124.41487196,3.1443,170.98838155
1753769592726,06:13:12.726,bitfinex,XRP/USDT:USDT,3.1441,469.0,3.1439,318.08,3.1442,124.41487196,3.1443,489.03838155
1753769592727,06:13:12.727,bitfinex,XRP/USDT:USDT,3.1441,469.0,3.1439,318.08,3.1442,124.41487196,3.1443,489.03838155
1753769593020,06:13:13.020,bitfinex,XRP/USDT:USDT,3.1441,469.0,3.1439,318.08,3.1442,124.41487196,3.1443,489.03838155
1753769593020,06:13:13.020,bitfinex,XRP/USDT:USDT,3.1441,469.0,3.1439,318.08,3.1442,124.41487196,3.1443,489.03838155
1753769593021,06:13:13.021,bitfinex,XRP/USDT:USDT,3.1441,469.0,3.1439,318.08,3.1442,124.41487196,3.1443,489.03838155
1753769593228,06:13:13.228,bitfinex,XRP/USDT:USDT,3.1441,469.0,3.1439,318.08,3.1442,124.41487196,3.1443,489.03838155
1753769593235,06:13:13.235,bitfinex,XRP/USDT:USDT,3.1441,469.0,3.1439,318.08,3.1442,124.41487196,3.1443,489.03838155
1753769593425,06:13:13.425,bitfinex,XRP/USDT:USDT,3.1441,469.0,3.1439,318.08,3.1442,124.41487196,3.1443,489.03838155
1753769593429,06:13:13.429,bitfinex,XRP/USDT:USDT,3.1441,469.0,3.1439,318.08,3.1442,124.41487196,3.1443,489.03838155
1753769593432,06:13:13.432,bitfinex,XRP/USDT:USDT,3.1441,469.0,3.1439,318.08,3.1442,124.41487196,3.1443,489.03838155
1753769593692,06:13:13.692,bitfinex,XRP/USDT:USDT,3.1432,264.48975327,3.143,170.98838155,3.1442,198.41487196,3.1443,170.98838155
1753769593730,06:13:13.730,bitfinex,XRP/USDT:USDT,3.1432,264.48975327,3.143,170.98838155,3.1442,198.41487196,3.1443,170.98838155
1753769593873,06:13:13.873,bitfinex,XRP/USDT:USDT,3.1433,248.96505064,3.1431,619.48975327,3.1434,198.0,3.1435,170.98838155
1753769593887,06:13:13.887,bitfinex,XRP/USDT:USDT,3.1433,248.96505064,3.1431,619.48975327,3.1434,198.0,3.1435,170.98838155
1753769594035,06:13:14.035,bitfinex,XRP/USDT:USDT,3.1433,248.96505064,3.1431,619.48975327,3.1434,198.0,3.1435,170.98838155
1753769594038,06:13:14.038,bitfinex,XRP/USDT:USDT,3.1433,248.96505064,3.1431,619.48975327,3.1434,721.98838155,3.144,256.48257233
1753769594229,06:13:14.229,bitfinex,XRP/USDT:USDT,3.1433,248.96505064,3.1431,619.48975327,3.1434,721.98838155,3.144,256.48257233
1753769594232,06:13:14.232,bitfinex,XRP/USDT:USDT,3.1433,248.96505064,3.1431,264.48975327,3.1434,1040.11838155,3.144,256.48257233
1753769594234,06:13:14.234,bitfinex,XRP/USDT:USDT,3.1433,248.96505064,3.1431,264.48975327,3.1434,1040.11838155,3.144,256.48257233
1753769594424,06:13:14.424,bitfinex,XRP/USDT:USDT,3.1433,248.96505064,3.1428,73.0,3.1434,1040.11838155,3.144,256.48257233
1753769594427,06:13:14.427,bitfinex,XRP/USDT:USDT,3.1433,248.96505064,3.1432,264.48975327,3.1434,1040.11838155,3.144,256.48257233
1753769594431,06:13:14.431,bitfinex,XRP/USDT:USDT,3.1433,248.96505064,3.1432,264.48975327,3.1434,1040.11838155,3.144,256.48257233
1753769594644,06:13:14.644,bitfinex,XRP/USDT:USDT,3.1433,248.96505064,3.1432,264.48975327,3.1434,1040.11838155,3.144,256.48257233
1753769594646,06:13:14.646,bitfinex,XRP/USDT:USDT,3.1433,248.96505064,3.1432,264.48975327,3.1434,1040.11838155,3.144,256.48257233
1753769594652,06:13:14.652,bitfinex,XRP/USDT:USDT,3.1433,248.96505064,3.1432,264.48975327,3.1434,1040.11838155,3.144,256.48257233
1753769594823,06:13:14.823,bitfinex,XRP/USDT:USDT,3.1433,248.96505064,3.1429,355.0,3.1434,1040.11838155,3.144,256.48257233
1753769594826,06:13:14.826,bitfinex,XRP/USDT:USDT,3.1433,248.96505064,3.1431,264.48975327,3.1434,1040.11838155,3.144,256.48257233
1753769594830,06:13:14.830,bitfinex,XRP/USDT:USDT,3.1433,248.96505064,3.1431,264.48975327,3.1434,1040.11838155,3.144,256.48257233
1753769595087,06:13:15.087,bitfinex,XRP/USDT:USDT,3.1433,248.96505064,3.1429,355.0,3.1434,1040.11838155,3.144,256.48257233
1753769595114,06:13:15.114,bitfinex,XRP/USDT:USDT,3.1433,248.96505064,3.143,264.48975327,3.1434,1040.11838155,3.144,256.48257233
1753769595329,06:13:15.329,bitfinex,XRP/USDT:USDT,3.1433,248.96505064,3.143,264.48975327,3.1434,1040.11838155,3.144,256.48257233
1753769595330,06:13:15.330,bitfinex,XRP/USDT:USDT,3.1433,248.96505064,3.143,264.48975327,3.1434,1040.11838155,3.144,256.48257233
1753769595331,06:13:15.331,bitfinex,XRP/USDT:USDT,3.1433,248.96505064,3.143,264.48975327,3.1434,1040.11838155,3.144,256.48257233
1753769595538,06:13:15.538,bitfinex,XRP/USDT:USDT,3.1433,248.96505064,3.1429,355.0,3.1434,1040.11838155,3.144,256.48257233
1753769595544,06:13:15.544,bitfinex,XRP/USDT:USDT,3.1433,248.96505064,3.1431,264.48975327,3.1434,1040.11838155,3.144,256.48257233
1753769595549,06:13:15.549,bitfinex,XRP/USDT:USDT,3.1433,248.96505064,3.1431,264.48975327,3.1434,1040.11838155,3.144,256.48257233
1753769595830,06:13:15.830,bitfinex,XRP/USDT:USDT,3.1431,264.48975327,3.1426,354.46395535,3.1434,1040.11838155,3.144,256.48257233
1753769595832,06:13:15.832,bitfinex,XRP/USDT:USDT,3.143,264.48975327,3.1425,354.46395535,3.1431,551.0,3.1434,170.98838155
1753769595837,06:13:15.837,bitfinex,XRP/USDT:USDT,3.143,264.48975327,3.1425,354.46395535,3.1431,551.0,3.1434,170.98838155
1753769596030,06:13:16.030,bitfinex,XRP/USDT:USDT,3.143,264.48975327,3.1425,354.46395535,3.1431,551.0,3.144,256.48257233
1753769596030,06:13:16.030,bitfinex,XRP/USDT:USDT,3.143,264.48975327,3.1425,354.46395535,3.1431,721.98838155,3.144,256.48257233
1753769596032,06:13:16.032,bitfinex,XRP/USDT:USDT,3.143,264.48975327,3.1425,354.46395535,3.1431,721.98838155,3.144,256.48257233
1753769596227,06:13:16.227,bitfinex,XRP/USDT:USDT,3.143,264.48975327,3.1425,354.46395535,3.1431,721.98838155,3.144,256.48257233
1753769596228,06:13:16.228,bitfinex,XRP/USDT:USDT,3.143,264.48975327,3.1425,354.46395535,3.1431,721.98838155,3.144,256.48257233
1753769596230,06:13:16.230,bitfinex,XRP/USDT:USDT,3.143,264.48975327,3.1425,354.46395535,3.1431,1040.15838155,3.144,256.48257233
1753769596421,06:13:16.421,bitfinex,XRP/USDT:USDT,3.1425,354.46395535,3.1424,428.0,3.1431,1040.15838155,3.144,256.48257233
1753769596422,06:13:16.422,bitfinex,XRP/USDT:USDT,3.1426,354.46395535,3.1424,428.0,3.1431,721.98838155,3.144,256.48257233
1753769596422,06:13:16.422,bitfinex,XRP/USDT:USDT,3.1426,354.46395535,3.1424,428.0,3.1431,721.98838155,3.144,256.48257233
1753769596623,06:13:16.623,bitfinex,XRP/USDT:USDT,3.1426,354.46395535,3.1424,428.0,3.1431,721.98838155,3.144,256.48257233
1753769596624,06:13:16.624,bitfinex,XRP/USDT:USDT,3.143,266.11422045,3.1426,709.46395535,3.1431,647.98838155,3.144,256.48257233
1753769596822,06:13:16.822,bitfinex,XRP/USDT:USDT,3.143,266.11422045,3.1426,709.46395535,3.1431,647.98838155,3.144,256.48257233
1753769596823,06:13:16.823,bitfinex,XRP/USDT:USDT,3.143,266.11422045,3.1426,709.46395535,3.1431,737.7039457,3.1434,260.7039457
1753769596823,06:13:16.823,bitfinex,XRP/USDT:USDT,3.143,266.11422045,3.1426,709.46395535,3.1431,737.7039457,3.1434,260.7039457
1753769597028,06:13:17.028,bitfinex,XRP/USDT:USDT,3.143,266.11422045,3.1426,709.46395535,3.1431,737.7039457,3.1434,260.7039457
1753769597029,06:13:17.029,bitfinex,XRP/USDT:USDT,3.143,266.11422045,3.1426,709.46395535,3.1431,737.7039457,3.1434,260.7039457
1753769597030,06:13:17.030,bitfinex,XRP/USDT:USDT,3.143,266.11422045,3.1426,709.46395535,3.1431,737.7039457,3.1434,260.7039457
1753769597221,06:13:17.221,bitfinex,XRP/USDT:USDT,3.143,266.11422045,3.1426,709.46395535,3.1431,737.7039457,3.1434,260.7039457
1753769597221,06:13:17.221,bitfinex,XRP/USDT:USDT,3.143,266.11422045,3.1426,709.46395535,3.1431,737.7039457,3.1434,260.7039457
1753769597221,06:13:17.221,bitfinex,XRP/USDT:USDT,3.143,266.11422045,3.1426,709.46395535,3.1431,811.7039457,3.1434,260.7039457
1753769597432,06:13:17.432,bitfinex,XRP/USDT:USDT,3.1426,709.46395535,3.1424,73.0,3.1431,811.7039457,3.1434,260.7039457
1753769597433,06:13:17.433,bitfinex,XRP/USDT:USDT,3.1427,123.0,3.1426,709.46395535,3.1428,442.2,3.1431,811.7039457
1753769597433,06:13:17.433,bitfinex,XRP/USDT:USDT,3.1427,123.0,3.1426,709.46395535,3.1428,442.2,3.1431,687.7039457
1753769597671,06:13:17.671,bitfinex,XRP/USDT:USDT,3.1427,123.0,3.1426,709.46395535,3.1428,442.2,3.1431,687.7039457
1753769597679,06:13:17.679,bitfinex,XRP/USDT:USDT,3.1427,478.0,3.1426,427.46395535,3.1428,442.2,3.1431,687.7039457
1753769597693,06:13:17.693,bitfinex,XRP/USDT:USDT,3.1427,478.0,3.1426,427.46395535,3.1428,442.2,3.1431,687.7039457
1753769597829,06:13:17.829,bitfinex,XRP/USDT:USDT,3.1427,478.0,3.1426,427.46395535,3.1428,442.2,3.1431,687.7039457
1753769597831,06:13:17.831,bitfinex,XRP/USDT:USDT,3.1427,478.0,3.1426,427.46395535,3.1428,442.2,3.1431,687.7039457
1753769597831,06:13:17.831,bitfinex,XRP/USDT:USDT,3.1427,478.0,3.1426,427.46395535,3.1428,442.2,3.1431,687.7039457
1753769598028,06:13:18.028,bitfinex,XRP/USDT:USDT,3.1427,478.0,3.1426,427.46395535,3.1428,442.2,3.1431,687.7039457
1753769598031,06:13:18.031,bitfinex,XRP/USDT:USDT,3.1427,478.0,3.1426,427.46395535,3.1428,442.2,3.1431,687.7039457
1753769598543,06:13:18.543,bitfinex,XRP/USDT:USDT,3.1427,478.0,3.1426,427.46395535,3.1428,442.2,3.1431,687.7039457
1753769598545,06:13:18.545,bitfinex,XRP/USDT:USDT,3.1427,832.46395535,3.1426,73.0,3.1428,442.2,3.1431,687.7039457
1753769598548,06:13:18.548,bitfinex,XRP/USDT:USDT,3.1427,832.46395535,3.1426,73.0,3.1428,442.2,3.1431,687.7039457
1753769598736,06:13:18.736,bitfinex,XRP/USDT:USDT,3.1426,73.0,3.1422,838.56934436,3.1428,442.2,3.1431,687.7039457
1753769598738,06:13:18.738,bitfinex,XRP/USDT:USDT,3.1426,354.46395535,3.1422,875.31934436,3.1427,318.21,3.1428,687.7039457
1753769598740,06:13:18.740,bitfinex,XRP/USDT:USDT,3.1426,354.46395535,3.1422,875.31934436,3.1427,318.21,3.1428,687.7039457
1753769599032,06:13:19.032,bitfinex,XRP/USDT:USDT,3.1422,875.31934436,3.142,391.27,3.1427,318.21,3.1428,687.7039457
1753769599035,06:13:19.035,bitfinex,XRP/USDT:USDT,3.1425,354.46395535,3.1421,520.31934436,3.1426,551.0,3.1428,260.7039457
1753769599038,06:13:19.038,bitfinex,XRP/USDT:USDT,3.1425,354.46395535,3.1421,520.31934436,3.1426,551.0,3.1428,260.7039457
1753769599340,06:13:19.340,bitfinex,XRP/USDT:USDT,3.1425,354.46395535,3.1421,520.31934436,3.1426,551.0,3.1428,260.7039457
1753769599341,06:13:19.341,bitfinex,XRP/USDT:USDT,3.1425,354.46395535,3.1421,520.31934436,3.1426,811.7039457,3.1434,260.7039457
1753769599524,06:13:19.524,bitfinex,XRP/USDT:USDT,3.1425,354.46395535,3.1421,520.31934436,3.1426,811.7039457,3.1434,260.7039457
1753769599525,06:13:19.525,bitfinex,XRP/USDT:USDT,3.1425,354.46395535,3.1421,520.31934436,3.1426,811.7039457,3.1434,260.7039457
1753769599527,06:13:19.527,bitfinex,XRP/USDT:USDT,3.1425,354.46395535,3.1421,520.31934436,3.1426,811.7039457,3.1434,260.7039457
1753769599744,06:13:19.744,bitfinex,XRP/USDT:USDT,3.1425,354.46395535,3.142,73.0,3.1426,811.7039457,3.1434,260.7039457
1753769599750,06:13:19.750,bitfinex,XRP/USDT:USDT,3.1425,354.46395535,3.142,593.31934436,3.1426,811.7039457,3.1434,260.7039457
1753769599757,06:13:19.757,bitfinex,XRP/USDT:USDT,3.1425,354.46395535,3.142,593.31934436,3.1426,811.7039457,3.1434,260.7039457
1753769599933,06:13:19.933,bitfinex,XRP/USDT:USDT,3.1425,354.46395535,3.142,593.31934436,3.1426,811.7039457,3.1434,260.7039457
1753769599935,06:13:19.935,bitfinex,XRP/USDT:USDT,3.1425,354.46395535,3.142,593.31934436,3.1426,1129.9239457,3.1434,260.7039457
1753769599936,06:13:19.936,bitfinex,XRP/USDT:USDT,3.1425,354.46395535,3.142,593.31934436,3.1426,1129.9239457,3.1434,260.7039457
1753769600428,06:13:20.428,bitfinex,XRP/USDT:USDT,3.1425,354.46395535,3.142,593.31934436,3.1426,1129.9239457,3.1434,260.7039457
1753769600429,06:13:20.429,bitfinex,XRP/USDT:USDT,3.1425,354.46395535,3.1421,520.31934436,3.1426,1129.9239457,3.1434,260.7039457
1753769600430,06:13:20.430,bitfinex,XRP/USDT:USDT,3.1425,354.46395535,3.1421,520.31934436,3.1426,1129.9239457,3.1434,260.7039457
1753769600938,06:13:20.938,bitfinex,XRP/USDT:USDT,3.1421,520.31934436,3.142,73.0,3.1426,1129.9239457,3.1434,260.7039457
1753769600940,06:13:20.940,bitfinex,XRP/USDT:USDT,3.1424,73.0,3.1423,355.0,3.1439,74.0,3.1441,353.0
1753769600941,06:13:20.941,bitfinex,XRP/USDT:USDT,3.1424,73.0,3.1423,355.0,3.1439,74.0,3.1441,353.0
1753769601137,06:13:21.137,bitfinex,XRP/USDT:USDT,3.1424,73.0,3.1422,615.16790105,3.1439,74.0,3.1441,353.0
1753769601142,06:13:21.142,bitfinex,XRP/USDT:USDT,3.1432,123.0,3.1425,355.0,3.1433,384.7039457,3.1437,74.0
1753769601147,06:13:21.147,bitfinex,XRP/USDT:USDT,3.1432,123.0,3.1425,355.0,3.1433,384.7039457,3.1437,74.0
1753769601334,06:13:21.334,bitfinex,XRP/USDT:USDT,3.1432,123.0,3.1424,73.0,3.1433,384.7039457,3.1437,74.0
1753769601335,06:13:21.335,bitfinex,XRP/USDT:USDT,3.1432,123.0,3.1428,428.0,3.1433,384.7039457,3.1437,74.0
1753769601335,06:13:21.335,bitfinex,XRP/USDT:USDT,3.1432,123.0,3.1428,428.0,3.1433,384.7039457,3.1437,74.0
1753769601568,06:13:21.568,bitfinex,XRP/USDT:USDT,3.1432,123.0,3.1428,428.0,3.1433,384.7039457,3.1437,74.0
1753769601591,06:13:21.591,bitfinex,XRP/USDT:USDT,3.1432,123.0,3.1428,428.0,3.1433,384.7039457,3.1437,74.0
1753769601909,06:13:21.909,bitfinex,XRP/USDT:USDT,3.1432,123.0,3.1428,428.0,3.1433,458.7039457,3.1438,353.0
1753769602036,06:13:22.036,bitfinex,XRP/USDT:USDT,3.1432,123.0,3.1428,428.0,3.1433,458.7039457,3.1438,353.0
1753769602037,06:13:22.037,bitfinex,XRP/USDT:USDT,3.1432,123.0,3.1428,428.0,3.1433,458.7039457,3.1438,353.0
1753769602038,06:13:22.038,bitfinex,XRP/USDT:USDT,3.1432,123.0,3.1428,428.0,3.1433,458.7039457,3.1438,353.0
1753769602245,06:13:22.245,bitfinex,XRP/USDT:USDT,3.1432,123.0,3.1428,428.0,3.1433,458.7039457,3.1438,353.0
1753769602256,06:13:22.256,bitfinex,XRP/USDT:USDT,3.1432,123.0,3.1428,428.0,3.1433,458.7039457,3.1438,353.0
1753769602267,06:13:22.267,bitfinex,XRP/USDT:USDT,3.1432,123.0,3.1428,428.0,3.1433,458.7039457,3.1438,353.0
1753769602438,06:13:22.438,bitfinex,XRP/USDT:USDT,3.1432,123.0,3.1428,428.0,3.1433,458.7039457,3.1438,353.0
1753769602444,06:13:22.444,bitfinex,XRP/USDT:USDT,3.1432,123.0,3.1428,428.0,3.1433,458.7039457,3.1438,353.0
1753769602638,06:13:22.638,bitfinex,XRP/USDT:USDT,3.1428,428.0,3.1427,318.2,3.1433,458.7039457,3.1438,353.0
1753769602643,06:13:22.643,bitfinex,XRP/USDT:USDT,3.1428,428.0,3.1427,318.2,3.1433,458.7039457,3.1438,353.0
1753769602651,06:13:22.651,bitfinex,XRP/USDT:USDT,3.1428,428.0,3.1427,318.2,3.1433,458.7039457,3.1438,353.0
1753769602839,06:13:22.839,bitfinex,XRP/USDT:USDT,3.1427,318.2,3.1422,260.7039457,3.1433,458.7039457,3.1438,353.0
1753769602839,06:13:22.839,bitfinex,XRP/USDT:USDT,3.1429,428.0,3.1427,318.2,3.1433,458.7039457,3.1438,353.0
1753769602840,06:13:22.840,bitfinex,XRP/USDT:USDT,3.1429,428.0,3.1427,318.2,3.1433,458.7039457,3.1438,353.0
1753769603032,06:13:23.032,bitfinex,XRP/USDT:USDT,3.1429,428.0,3.1427,318.2,3.1433,458.7039457,3.1438,353.0
1753769603033,06:13:23.033,bitfinex,XRP/USDT:USDT,3.1429,428.0,3.1427,318.2,3.1433,458.7039457,3.1438,353.0
1753769603034,06:13:23.034,bitfinex,XRP/USDT:USDT,3.1429,428.0,3.1427,318.2,3.1433,458.7039457,3.1438,353.0
1753769603233,06:13:23.233,bitfinex,XRP/USDT:USDT,3.1427,318.2,3.1422,260.7039457,3.1433,458.7039457,3.1438,353.0
1753769603235,06:13:23.235,bitfinex,XRP/USDT:USDT,3.1432,123.0,3.1427,318.2,3.1433,458.7039457,3.1438,353.0
1753769603251,06:13:23.251,bitfinex,XRP/USDT:USDT,3.1432,123.0,3.143,355.0,3.1433,458.7039457,3.1438,353.0
1753769603432,06:13:23.432,bitfinex,XRP/USDT:USDT,3.1432,123.0,3.143,355.0,3.1433,458.7039457,3.1438,353.0
1753769603433,06:13:23.433,bitfinex,XRP/USDT:USDT,3.1432,478.0,3.143,73.0,3.1433,384.7039457,3.1437,74.0
1753769603434,06:13:23.434,bitfinex,XRP/USDT:USDT,3.1432,478.0,3.143,73.0,3.1433,384.7039457,3.1437,74.0
1753769603731,06:13:23.731,bitfinex,XRP/USDT:USDT,3.1432,478.0,3.1422,260.7039457,3.1433,384.7039457,3.1437,74.0
1753769603731,06:13:23.731,bitfinex,XRP/USDT:USDT,3.1432,123.0,3.1425,260.7039457,3.1436,260.7039457,3.1442,5.41487196
1753769603733,06:13:23.733,bitfinex,XRP/USDT:USDT,3.1432,123.0,3.1425,260.7039457,3.1436,260.7039457,3.1442,5.41487196
1753769603942,06:13:23.942,bitfinex,XRP/USDT:USDT,3.1425,260.7039457,3.1419,354.46395535,3.1436,260.7039457,3.1442,5.41487196
1753769603948,06:13:23.948,bitfinex,XRP/USDT:USDT,3.1435,478.0,3.1425,260.7039457,3.1436,384.7039457,3.1442,5.41487196
1753769603953,06:13:23.953,bitfinex,XRP/USDT:USDT,3.1435,478.0,3.1425,260.7039457,3.1436,384.7039457,3.1442,5.41487196
1753769604129,06:13:24.129,bitfinex,XRP/USDT:USDT,3.1435,478.0,3.1425,260.7039457,3.1436,384.7039457,3.1442,5.41487196
1753769604130,06:13:24.130,bitfinex,XRP/USDT:USDT,3.1435,123.0,3.1431,355.0,3.1436,638.86136352,3.144,353.0
1753769604130,06:13:24.130,bitfinex,XRP/USDT:USDT,3.1435,123.0,3.1431,355.0,3.1436,638.86136352,3.144,353.0
1753769604340,06:13:24.340,bitfinex,XRP/USDT:USDT,3.1435,123.0,3.1431,355.0,3.1436,638.86136352,3.144,353.0
1753769604342,06:13:24.342,bitfinex,XRP/USDT:USDT,3.1435,123.0,3.1431,355.0,3.1436,638.86136352,3.144,353.0
1753769604844,06:13:24.844,bitfinex,XRP/USDT:USDT,3.1435,123.0,3.1431,355.0,3.1436,638.86136352,3.144,353.0
1753769604848,06:13:24.848,bitfinex,XRP/USDT:USDT,3.1435,123.0,3.1431,355.0,3.1436,638.86136352,3.144,353.0
1753769605035,06:13:25.035,bitfinex,XRP/USDT:USDT,3.1435,123.0,3.1431,355.0,3.1436,638.86136352,3.144,353.0
1753769605036,06:13:25.036,bitfinex,XRP/USDT:USDT,3.1435,123.0,3.1431,673.16,3.1436,638.86136352,3.144,353.0
1753769605036,06:13:25.036,bitfinex,XRP/USDT:USDT,3.1435,123.0,3.1431,673.16,3.1436,638.86136352,3.144,353.0
1753769605534,06:13:25.534,bitfinex,XRP/USDT:USDT,3.1435,123.0,3.1431,673.16,3.1436,638.86136352,3.144,353.0
1753769605535,06:13:25.535,bitfinex,XRP/USDT:USDT,3.1435,123.0,3.1431,673.16,3.1436,638.86136352,3.144,353.0
1753769605535,06:13:25.535,bitfinex,XRP/USDT:USDT,3.1435,123.0,3.1431,673.16,3.1436,638.86136352,3.144,353.0
1753769605734,06:13:25.734,bitfinex,XRP/USDT:USDT,3.1435,123.0,3.143,73.0,3.1436,638.86136352,3.144,353.0
1753769605735,06:13:25.735,bitfinex,XRP/USDT:USDT,3.1435,478.0,3.1432,318.16,3.1436,564.86136352,3.144,427.0
1753769605737,06:13:25.737,bitfinex,XRP/USDT:USDT,3.1435,478.0,3.1432,318.16,3.1436,564.86136352,3.144,427.0
1753769605927,06:13:25.927,bitfinex,XRP/USDT:USDT,3.1435,478.0,3.1432,318.16,3.1436,564.86136352,3.144,427.0
1753769605928,06:13:25.928,bitfinex,XRP/USDT:USDT,3.1435,551.0,3.1432,318.16,3.1436,564.86136352,3.144,427.0
1753769605928,06:13:25.928,bitfinex,XRP/USDT:USDT,3.1435,551.0,3.1432,318.16,3.1436,564.86136352,3.144,427.0
1753769606148,06:13:26.148,bitfinex,XRP/USDT:USDT,3.1435,551.0,3.1432,318.16,3.1436,564.86136352,3.144,427.0
1753769606151,06:13:26.151,bitfinex,XRP/USDT:USDT,3.1435,551.0,3.1432,318.16,3.1436,564.86136352,3.144,427.0
1753769606438,06:13:26.438,bitfinex,XRP/USDT:USDT,3.1435,551.0,3.1432,318.16,3.1436,564.86136352,3.144,427.0
1753769606439,06:13:26.439,bitfinex,XRP/USDT:USDT,3.1435,551.0,3.1432,318.16,3.1436,564.86136352,3.144,427.0
1753769606439,06:13:26.439,bitfinex,XRP/USDT:USDT,3.1435,551.0,3.1432,318.16,3.1436,564.86136352,3.144,427.0
1753769606646,06:13:26.646,bitfinex,XRP/USDT:USDT,3.1435,551.0,3.1432,318.16,3.1436,564.86136352,3.144,427.0
1753769606649,06:13:26.649,bitfinex,XRP/USDT:USDT,3.1435,551.0,3.1432,318.16,3.1436,564.86136352,3.144,427.0
1753769606651,06:13:26.651,bitfinex,XRP/USDT:USDT,3.1435,551.0,3.1432,318.16,3.1436,564.86136352,3.144,427.0
1753769606839,06:13:26.839,bitfinex,XRP/USDT:USDT,3.1435,551.0,3.1425,260.7039457,3.1436,564.86136352,3.144,427.0
1753769606840,06:13:26.840,bitfinex,XRP/USDT:USDT,3.1435,551.0,3.1433,318.14,3.1436,564.86136352,3.144,427.0
1753769607032,06:13:27.032,bitfinex,XRP/USDT:USDT,3.1435,551.0,3.1425,260.7039457,3.1436,564.86136352,3.144,427.0
1753769607034,06:13:27.034,bitfinex,XRP/USDT:USDT,3.1435,551.0,3.1428,260.7039457,3.1436,180.15741782,3.1439,260.7039457
1753769607035,06:13:27.035,bitfinex,XRP/USDT:USDT,3.1435,551.0,3.1428,260.7039457,3.1436,180.15741782,3.1439,260.7039457
1753769607343,06:13:27.343,bitfinex,XRP/USDT:USDT,3.1435,551.0,3.1421,260.7039457,3.1436,180.15741782,3.1439,260.7039457
1753769607344,06:13:27.344,bitfinex,XRP/USDT:USDT,3.1435,551.0,3.1431,260.7039457,3.1436,180.15741782,3.1439,260.7039457
1753769607346,06:13:27.346,bitfinex,XRP/USDT:USDT,3.1435,551.0,3.1431,260.7039457,3.1436,180.15741782,3.1439,260.7039457
1753769607534,06:13:27.534,bitfinex,XRP/USDT:USDT,3.1435,551.0,3.1431,260.7039457,3.1436,180.15741782,3.1439,260.7039457
1753769607535,06:13:27.535,bitfinex,XRP/USDT:USDT,3.1435,551.0,3.1431,260.7039457,3.1436,180.15741782,3.1439,260.7039457
1753769607536,06:13:27.536,bitfinex,XRP/USDT:USDT,3.1435,551.0,3.1431,260.7039457,3.1436,180.15741782,3.1439,260.7039457
1753769607834,06:13:27.834,bitfinex,XRP/USDT:USDT,3.1435,551.0,3.1431,260.7039457,3.1436,180.15741782,3.1439,260.7039457
1753769607835,06:13:27.835,bitfinex,XRP/USDT:USDT,3.1435,551.0,3.1431,260.7039457,3.1436,180.15741782,3.1439,260.7039457
1753769607835,06:13:27.835,bitfinex,XRP/USDT:USDT,3.1435,551.0,3.1431,260.7039457,3.1436,180.15741782,3.1439,260.7039457
1753769608747,06:13:28.747,bitfinex,XRP/USDT:USDT,3.1435,869.12,3.1431,260.7039457,3.1436,180.15741782,3.1439,260.7039457
1753769608749,06:13:28.749,bitfinex,XRP/USDT:USDT,3.1435,869.12,3.1431,260.7039457,3.1436,180.15741782,3.1439,260.7039457
1753769608752,06:13:28.752,bitfinex,XRP/USDT:USDT,3.1435,869.12,3.1431,260.7039457,3.1436,180.15741782,3.1439,260.7039457
1753769608936,06:13:28.936,bitfinex,XRP/USDT:USDT,3.1435,869.12,3.1431,260.7039457,3.1436,180.15741782,3.1439,260.7039457
1753769608937,06:13:28.937,bitfinex,XRP/USDT:USDT,3.1435,869.12,3.1431,260.7039457,3.1436,180.15741782,3.1439,260.7039457
1753769608937,06:13:28.937,bitfinex,XRP/USDT:USDT,3.1435,869.12,3.1431,260.7039457,3.1436,180.15741782,3.1439,260.7039457
1753769609231,06:13:29.231,bitfinex,XRP/USDT:USDT,3.1435,869.12,3.1431,260.7039457,3.1436,180.15741782,3.1439,260.7039457
1753769609232,06:13:29.232,bitfinex,XRP/USDT:USDT,3.1435,869.12,3.1431,260.7039457,3.1436,180.15741782,3.1439,260.7039457
1753769609233,06:13:29.233,bitfinex,XRP/USDT:USDT,3.1435,869.12,3.1431,260.7039457,3.1436,180.15741782,3.1439,260.7039457
1753769609437,06:13:29.437,bitfinex,XRP/USDT:USDT,3.1435,869.12,3.1431,260.7039457,3.1436,180.15741782,3.1439,260.7039457
1753769609437,06:13:29.437,bitfinex,XRP/USDT:USDT,3.1435,869.12,3.1431,260.7039457,3.1436,180.15741782,3.1439,260.7039457
1753769609652,06:13:29.652,bitfinex,XRP/USDT:USDT,3.1435,869.12,3.1431,260.7039457,3.1436,180.15741782,3.1439,260.7039457
1753769609655,06:13:29.655,bitfinex,XRP/USDT:USDT,3.1435,869.12,3.1431,260.7039457,3.1436,180.15741782,3.1439,260.7039457
1753769609660,06:13:29.660,bitfinex,XRP/USDT:USDT,3.1435,869.12,3.1431,260.7039457,3.1436,180.15741782,3.1439,260.7039457
1753769609834,06:13:29.834,bitfinex,XRP/USDT:USDT,3.1435,869.12,3.1431,260.7039457,3.1436,180.15741782,3.1439,260.7039457
1753769609835,06:13:29.835,bitfinex,XRP/USDT:USDT,3.1435,869.12,3.1431,260.7039457,3.1436,180.15741782,3.1439,260.7039457
1753769609835,06:13:29.835,bitfinex,XRP/USDT:USDT,3.1435,869.12,3.1431,260.7039457,3.1436,180.15741782,3.1439,260.7039457
1753769610245,06:13:30.245,bitfinex,XRP/USDT:USDT,3.1435,869.12,3.1431,260.7039457,3.1436,180.15741782,3.1439,260.7039457
1753769610246,06:13:30.246,bitfinex,XRP/USDT:USDT,3.1435,869.12,3.1431,260.7039457,3.1436,180.15741782,3.1439,260.7039457
1753769610247,06:13:30.247,bitfinex,XRP/USDT:USDT,3.1435,869.12,3.1431,260.7039457,3.1436,180.15741782,3.1439,260.7039457
1753769610438,06:13:30.438,bitfinex,XRP/USDT:USDT,3.1435,869.12,3.1431,260.7039457,3.1436,180.15741782,3.1439,260.7039457
1753769610439,06:13:30.439,bitfinex,XRP/USDT:USDT,3.1435,869.12,3.1431,260.7039457,3.1436,180.15741782,3.1439,260.7039457
1753769610439,06:13:30.439,bitfinex,XRP/USDT:USDT,3.1435,869.12,3.1431,260.7039457,3.1436,180.15741782,3.1439,260.7039457
1753769610670,06:13:30.670,bitfinex,XRP/USDT:USDT,3.1435,869.12,3.1431,260.7039457,3.1436,180.15741782,3.1439,260.7039457
1753769610679,06:13:30.679,bitfinex,XRP/USDT:USDT,3.1435,869.12,3.1431,260.7039457,3.1436,180.15741782,3.1439,260.7039457
1753769610890,06:13:30.890,bitfinex,XRP/USDT:USDT,3.1435,869.12,3.1431,260.7039457,3.1436,180.15741782,3.1439,260.7039457
1753769610913,06:13:30.913,bitfinex,XRP/USDT:USDT,3.1435,869.12,3.1431,260.7039457,3.1436,180.15741782,3.1439,260.7039457
1753769611046,06:13:31.046,bitfinex,XRP/USDT:USDT,3.1435,869.12,3.1431,260.7039457,3.1436,180.15741782,3.1439,260.7039457
1753769611048,06:13:31.048,bitfinex,XRP/USDT:USDT,3.1435,869.12,3.1431,260.7039457,3.1436,180.15741782,3.1441,260.7039457
1753769611050,06:13:31.050,bitfinex,XRP/USDT:USDT,3.1435,869.12,3.1431,260.7039457,3.1436,180.15741782,3.1441,260.7039457
1753769611236,06:13:31.236,bitfinex,XRP/USDT:USDT,3.1435,869.12,3.1431,260.7039457,3.1436,180.15741782,3.1441,260.7039457
1753769611236,06:13:31.236,bitfinex,XRP/USDT:USDT,3.1435,869.12,3.1431,260.7039457,3.1436,180.15741782,3.1441,260.7039457
1753769611237,06:13:31.237,bitfinex,XRP/USDT:USDT,3.1435,869.12,3.1431,260.7039457,3.1436,180.15741782,3.1441,260.7039457
1753769611436,06:13:31.436,bitfinex,XRP/USDT:USDT,3.1435,869.12,3.1431,260.7039457,3.1436,180.15741782,3.1441,260.7039457
1753769611437,06:13:31.437,bitfinex,XRP/USDT:USDT,3.1435,869.12,3.1431,260.7039457,3.1436,180.15741782,3.1441,260.7039457
1753769611437,06:13:31.437,bitfinex,XRP/USDT:USDT,3.1435,869.12,3.1431,260.7039457,3.1436,180.15741782,3.1441,260.7039457
1753769611736,06:13:31.736,bitfinex,XRP/USDT:USDT,3.1435,869.12,3.1431,260.7039457,3.1436,180.15741782,3.1441,260.7039457
1753769611736,06:13:31.736,bitfinex,XRP/USDT:USDT,3.1435,869.12,3.1431,260.7039457,3.1436,180.15741782,3.1441,260.7039457
1753769611736,06:13:31.736,bitfinex,XRP/USDT:USDT,3.1435,869.12,3.1431,260.7039457,3.1436,180.15741782,3.1441,260.7039457
1753769612045,06:13:32.045,bitfinex,XRP/USDT:USDT,3.1435,869.12,3.1431,260.7039457,3.1436,180.15741782,3.1441,260.7039457
1753769612046,06:13:32.046,bitfinex,XRP/USDT:USDT,3.1436,318.11,3.1435,428.0,3.1441,260.7039457,3.1442,5.41487196
1753769612333,06:13:32.333,bitfinex,XRP/USDT:USDT,3.1436,318.11,3.1435,428.0,3.1441,260.7039457,3.1442,5.41487196
1753769612343,06:13:32.343,bitfinex,XRP/USDT:USDT,3.1439,123.0,3.1436,318.11,3.144,303.79613165,3.1441,260.7039457
1753769612661,06:13:32.661,bitfinex,XRP/USDT:USDT,3.1439,123.0,3.1436,318.11,3.144,303.79613165,3.1441,260.7039457
1753769612684,06:13:32.684,bitfinex,XRP/USDT:USDT,3.1439,123.0,3.1436,318.11,3.144,303.79613165,3.1441,260.7039457
1753769612830,06:13:32.830,bitfinex,XRP/USDT:USDT,3.1439,123.0,3.1436,318.11,3.144,303.79613165,3.1441,260.7039457
1753769612831,06:13:32.831,bitfinex,XRP/USDT:USDT,3.1439,123.0,3.1436,318.11,3.144,377.79613165,3.1441,260.7039457
1753769612831,06:13:32.831,bitfinex,XRP/USDT:USDT,3.1439,123.0,3.1436,318.11,3.144,377.79613165,3.1441,260.7039457
