timestamp,time,exchange,symbol,bid1_price,bid1_volume,bid2_price,bid2_volume,ask1_price,ask1_volume,ask2_price,ask2_volume
1753769545165,06:12:25.165,huobi,BTC/USDT:USDT,118799.9,12767.0,118799.8,1119.0,118800.0,17275.0,118800.2,1.0
1753769545245,06:12:25.245,huobi,BTC/USDT:USDT,118799.9,12767.0,118799.8,1119.0,118800.0,17275.0,118800.2,1.0
1753769545325,06:12:25.325,huobi,BTC/USDT:USDT,118799.9,12767.0,118799.8,1119.0,118800.0,17275.0,118800.2,1.0
1753769545394,06:12:25.394,huobi,BTC/USDT:USDT,118799.9,12767.0,118799.8,1119.0,118800.0,17275.0,118800.2,1.0
1753769545416,06:12:25.416,huobi,BTC/USDT:USDT,118799.9,12767.0,118799.8,1119.0,118800.0,17275.0,118800.2,1.0
1753769545458,06:12:25.458,huobi,BTC/USDT:USDT,118799.9,12767.0,118799.8,1119.0,118800.0,17275.0,118806.2,46.0
1753769545485,06:12:25.485,huobi,BTC/USDT:USDT,118799.9,12767.0,118799.8,1119.0,118800.0,17275.0,118806.1,35.0
1753769545626,06:12:25.626,huobi,BTC/USDT:USDT,118799.9,12699.0,118799.8,1119.0,118800.0,17275.0,118806.1,35.0
1753769545748,06:12:25.748,huobi,BTC/USDT:USDT,118799.9,12767.0,118799.8,1119.0,118800.0,17275.0,118806.1,35.0
1753769545830,06:12:25.830,huobi,BTC/USDT:USDT,118799.9,12767.0,118799.8,1119.0,118800.0,17275.0,118806.1,35.0
1753769545837,06:12:25.837,huobi,BTC/USDT:USDT,118799.9,12767.0,118799.8,1119.0,118800.0,17275.0,118806.1,35.0
1753769545873,06:12:25.873,huobi,BTC/USDT:USDT,118799.9,12767.0,118799.8,1119.0,118800.0,17275.0,118806.0,46.0
1753769545899,06:12:25.899,huobi,BTC/USDT:USDT,118799.9,12767.0,118799.8,1119.0,118800.0,17275.0,118806.0,46.0
1753769546454,06:12:26.454,huobi,BTC/USDT:USDT,118799.9,12740.0,118799.8,1119.0,118800.0,17461.0,118800.2,1.0
1753769546468,06:12:26.468,huobi,BTC/USDT:USDT,118799.9,12740.0,118799.8,1119.0,118800.0,17461.0,118800.2,1.0
1753769546576,06:12:26.576,huobi,BTC/USDT:USDT,118799.9,12751.0,118799.8,1119.0,118800.0,17496.0,118800.1,46.0
1753769546586,06:12:26.586,huobi,BTC/USDT:USDT,118799.9,12751.0,118799.8,1119.0,118800.0,17500.0,118800.1,46.0
1753769546674,06:12:26.674,huobi,BTC/USDT:USDT,118799.9,12751.0,118799.8,1119.0,118800.0,17500.0,118800.1,46.0
1753769547198,06:12:27.198,huobi,BTC/USDT:USDT,118799.9,12751.0,118799.8,1119.0,118800.0,17500.0,118800.1,46.0
1753769547309,06:12:27.309,huobi,BTC/USDT:USDT,118799.9,12751.0,118799.8,1119.0,118800.0,17500.0,118800.1,46.0
1753769547395,06:12:27.395,huobi,BTC/USDT:USDT,118799.9,12751.0,118799.8,1119.0,118800.0,17500.0,118800.1,46.0
1753769547471,06:12:27.471,huobi,BTC/USDT:USDT,118799.9,12751.0,118799.8,1119.0,118800.0,17465.0,118800.1,46.0
1753769547489,06:12:27.489,huobi,BTC/USDT:USDT,118799.9,12751.0,118799.8,1119.0,118800.0,17465.0,118800.1,46.0
1753769547535,06:12:27.535,huobi,BTC/USDT:USDT,118799.9,12751.0,118799.8,1119.0,118800.0,17465.0,118800.1,46.0
1753769547559,06:12:27.559,huobi,BTC/USDT:USDT,118799.9,12751.0,118799.8,1119.0,118800.0,17461.0,118800.1,46.0
1753769547589,06:12:27.589,huobi,BTC/USDT:USDT,118799.9,12751.0,118799.8,1119.0,118800.0,17461.0,118800.1,46.0
1753769547608,06:12:27.608,huobi,BTC/USDT:USDT,118799.9,12683.0,118799.8,1119.0,118800.0,17461.0,118800.1,46.0
1753769547661,06:12:27.661,huobi,BTC/USDT:USDT,118799.9,12683.0,118799.8,1119.0,118800.0,17461.0,118800.1,46.0
1753769547731,06:12:27.731,huobi,BTC/USDT:USDT,118799.9,12751.0,118799.8,1119.0,118800.0,17461.0,118800.1,46.0
1753769547762,06:12:27.762,huobi,BTC/USDT:USDT,118799.9,12751.0,118799.8,1119.0,118800.0,17461.0,118800.1,46.0
1753769547905,06:12:27.905,huobi,BTC/USDT:USDT,118799.9,12751.0,118799.8,1119.0,118800.0,17461.0,118800.1,46.0
1753769548332,06:12:28.332,huobi,BTC/USDT:USDT,118799.9,12748.0,118799.8,1119.0,118800.0,17465.0,118800.1,46.0
1753769548417,06:12:28.417,huobi,BTC/USDT:USDT,118799.9,12748.0,118799.8,1119.0,118800.0,17461.0,118800.1,46.0
1753769548454,06:12:28.454,huobi,BTC/USDT:USDT,118799.9,12748.0,118799.8,1119.0,118800.0,17461.0,118800.1,46.0
1753769548505,06:12:28.505,huobi,BTC/USDT:USDT,118799.9,12748.0,118799.8,1119.0,118800.0,17461.0,118800.1,46.0
1753769548547,06:12:28.547,huobi,BTC/USDT:USDT,118799.9,12748.0,118799.8,1119.0,118800.0,17461.0,118800.1,46.0
1753769548609,06:12:28.609,huobi,BTC/USDT:USDT,118799.9,12748.0,118799.8,1119.0,118800.0,17461.0,118800.1,46.0
1753769548828,06:12:28.828,huobi,BTC/USDT:USDT,118799.9,12748.0,118799.8,1119.0,118800.0,17461.0,118800.1,46.0
1753769549079,06:12:29.079,huobi,BTC/USDT:USDT,118799.9,12748.0,118799.8,1119.0,118800.0,17461.0,118800.1,46.0
1753769549125,06:12:29.125,huobi,BTC/USDT:USDT,118799.9,12748.0,118799.8,1119.0,118800.0,17807.0,118800.1,46.0
1753769549138,06:12:29.138,huobi,BTC/USDT:USDT,118799.9,12751.0,118799.8,1119.0,118800.0,17842.0,118800.1,46.0
1753769549180,06:12:29.180,huobi,BTC/USDT:USDT,118799.9,12751.0,118799.8,1119.0,118800.0,17842.0,118800.1,46.0
1753769549195,06:12:29.195,huobi,BTC/USDT:USDT,118799.9,12264.0,118799.8,1119.0,118800.0,17937.0,118800.1,81.0
1753769549632,06:12:29.632,huobi,BTC/USDT:USDT,118799.9,8942.0,118799.8,1119.0,118800.0,18577.0,118800.1,81.0
1753769549692,06:12:29.692,huobi,BTC/USDT:USDT,118799.9,8874.0,118799.8,1119.0,118800.0,18577.0,118800.1,81.0
1753769549878,06:12:29.878,huobi,BTC/USDT:USDT,118799.9,8942.0,118799.8,1119.0,118800.0,18578.0,118800.1,81.0
1753769550003,06:12:30.003,huobi,BTC/USDT:USDT,118799.9,8942.0,118799.8,1119.0,118800.0,18578.0,118800.1,81.0
1753769550045,06:12:30.045,huobi,BTC/USDT:USDT,118799.9,8942.0,118799.8,1119.0,118800.0,18578.0,118800.1,81.0
1753769550185,06:12:30.185,huobi,BTC/USDT:USDT,118799.9,9885.0,118799.8,1119.0,118800.0,18578.0,118800.1,81.0
1753769550220,06:12:30.220,huobi,BTC/USDT:USDT,118799.9,9912.0,118799.8,1119.0,118800.0,18578.0,118800.1,81.0
1753769550249,06:12:30.249,huobi,BTC/USDT:USDT,118799.9,9927.0,118799.8,1119.0,118800.0,18578.0,118800.1,81.0
1753769550358,06:12:30.358,huobi,BTC/USDT:USDT,118799.9,8957.0,118799.8,1119.0,118800.0,18578.0,118800.1,81.0
1753769550371,06:12:30.371,huobi,BTC/USDT:USDT,118799.9,8957.0,118799.8,1119.0,118800.0,18578.0,118800.1,81.0
1753769550666,06:12:30.666,huobi,BTC/USDT:USDT,118799.9,8957.0,118799.8,1119.0,118800.0,18574.0,118800.1,81.0
1753769550999,06:12:30.999,huobi,BTC/USDT:USDT,118799.9,9930.0,118799.8,1119.0,118800.0,18574.0,118800.1,81.0
1753769551566,06:12:31.566,huobi,BTC/USDT:USDT,118815.0,14062.0,118812.5,2.0,118815.1,792.0,118815.8,561.0
1753769551898,06:12:31.898,huobi,BTC/USDT:USDT,118815.0,14173.0,118814.8,13.0,118815.1,878.0,118815.8,561.0
1753769552048,06:12:32.048,huobi,BTC/USDT:USDT,118815.0,14173.0,118814.8,13.0,118815.1,878.0,118815.8,561.0
1753769552136,06:12:32.136,huobi,BTC/USDT:USDT,118815.0,14481.0,118814.8,13.0,118815.1,878.0,118815.3,1.0
1753769552166,06:12:32.166,huobi,BTC/USDT:USDT,118815.0,14481.0,118814.8,13.0,118815.1,878.0,118815.8,561.0
1753769552243,06:12:32.243,huobi,BTC/USDT:USDT,118815.0,14481.0,118814.8,13.0,118815.1,878.0,118815.3,1.0
1753769552286,06:12:32.286,huobi,BTC/USDT:USDT,118815.0,14481.0,118814.8,13.0,118815.1,878.0,118815.8,561.0
1753769552344,06:12:32.344,huobi,BTC/USDT:USDT,118815.0,14455.0,118814.8,13.0,118815.1,876.0,118815.8,561.0
1753769552385,06:12:32.385,huobi,BTC/USDT:USDT,118815.0,14455.0,118814.8,13.0,118815.1,876.0,118815.8,561.0
1753769552405,06:12:32.405,huobi,BTC/USDT:USDT,118815.0,14462.0,118814.8,13.0,118815.1,876.0,118815.3,1.0
1753769552838,06:12:32.838,huobi,BTC/USDT:USDT,118815.0,14616.0,118814.8,13.0,118815.1,876.0,118815.8,561.0
1753769553016,06:12:33.016,huobi,BTC/USDT:USDT,118815.0,14616.0,118814.8,13.0,118815.1,876.0,118815.8,561.0
1753769553076,06:12:33.076,huobi,BTC/USDT:USDT,118815.0,14616.0,118814.8,13.0,118815.1,876.0,118815.8,561.0
1753769553102,06:12:33.102,huobi,BTC/USDT:USDT,118815.0,14616.0,118814.8,13.0,118815.1,876.0,118815.8,561.0
1753769553266,06:12:33.266,huobi,BTC/USDT:USDT,118815.0,14616.0,118814.8,13.0,118815.1,876.0,118815.8,561.0
1753769553487,06:12:33.487,huobi,BTC/USDT:USDT,118815.0,14550.0,118814.8,13.0,118815.1,876.0,118815.3,1.0
1753769553542,06:12:33.542,huobi,BTC/USDT:USDT,118815.0,14618.0,118814.8,13.0,118815.1,708.0,118815.6,8.0
1753769553727,06:12:33.727,huobi,BTC/USDT:USDT,118815.0,14618.0,118814.8,13.0,118815.1,708.0,118815.3,1.0
1753769553753,06:12:33.753,huobi,BTC/USDT:USDT,118815.0,14618.0,118814.8,13.0,118815.1,708.0,118815.3,1.0
1753769553985,06:12:33.985,huobi,BTC/USDT:USDT,118815.0,14618.0,118814.8,13.0,118815.1,708.0,118815.3,1.0
1753769553992,06:12:33.992,huobi,BTC/USDT:USDT,118815.0,14618.0,118814.8,13.0,118815.1,708.0,118815.3,1.0
1753769554034,06:12:34.034,huobi,BTC/USDT:USDT,118815.0,14618.0,118814.8,13.0,118815.1,876.0,118815.3,9.0
1753769554062,06:12:34.062,huobi,BTC/USDT:USDT,118815.0,14618.0,118814.8,13.0,118815.1,876.0,118815.3,1.0
1753769554091,06:12:34.091,huobi,BTC/USDT:USDT,118815.0,14618.0,118814.8,13.0,118815.1,876.0,118815.3,1.0
1753769554168,06:12:34.168,huobi,BTC/USDT:USDT,118815.0,14618.0,118814.8,13.0,118815.1,876.0,118815.3,1.0
1753769554177,06:12:34.177,huobi,BTC/USDT:USDT,118815.0,14591.0,118814.8,13.0,118815.1,876.0,118815.3,1.0
1753769554209,06:12:34.209,huobi,BTC/USDT:USDT,118815.0,14591.0,118814.8,13.0,118815.1,876.0,118815.8,561.0
1753769554238,06:12:34.238,huobi,BTC/USDT:USDT,118815.0,14591.0,118814.8,13.0,118815.1,876.0,118815.8,561.0
1753769554296,06:12:34.296,huobi,BTC/USDT:USDT,118815.0,14591.0,118814.8,13.0,118815.1,876.0,118815.8,561.0
1753769554471,06:12:34.471,huobi,BTC/USDT:USDT,118815.0,14618.0,118814.8,13.0,118815.1,878.0,118815.8,561.0
1753769554756,06:12:34.756,huobi,BTC/USDT:USDT,118815.0,14621.0,118814.8,13.0,118815.1,878.0,118815.3,1.0
1753769554808,06:12:34.808,huobi,BTC/USDT:USDT,118815.0,14621.0,118814.8,13.0,118815.1,878.0,118815.3,1.0
1753769554843,06:12:34.843,huobi,BTC/USDT:USDT,118815.0,14621.0,118814.8,13.0,118815.1,878.0,118815.3,1.0
1753769555007,06:12:35.007,huobi,BTC/USDT:USDT,118815.0,14621.0,118814.8,13.0,118815.1,876.0,118815.3,1.0
1753769555053,06:12:35.053,huobi,BTC/USDT:USDT,118815.0,14621.0,118814.8,13.0,118815.1,878.0,118815.3,1.0
1753769555277,06:12:35.277,huobi,BTC/USDT:USDT,118815.0,14621.0,118814.8,13.0,118815.1,878.0,118815.8,561.0
1753769555316,06:12:35.316,huobi,BTC/USDT:USDT,118815.0,14553.0,118814.8,13.0,118815.1,878.0,118815.8,561.0
1753769555356,06:12:35.356,huobi,BTC/USDT:USDT,118815.0,14553.0,118814.8,13.0,118815.1,878.0,118815.8,561.0
1753769555400,06:12:35.400,huobi,BTC/USDT:USDT,118815.0,14553.0,118814.8,13.0,118815.1,878.0,118815.8,561.0
1753769555419,06:12:35.419,huobi,BTC/USDT:USDT,118815.0,14553.0,118814.8,13.0,118815.1,878.0,118815.8,561.0
1753769555440,06:12:35.440,huobi,BTC/USDT:USDT,118815.0,14621.0,118814.8,13.0,118815.1,878.0,118815.8,561.0
1753769555479,06:12:35.479,huobi,BTC/USDT:USDT,118815.0,14621.0,118814.8,13.0,118815.1,1018.0,118815.8,561.0
1753769555530,06:12:35.530,huobi,BTC/USDT:USDT,118815.0,14621.0,118814.8,13.0,118815.1,1018.0,118815.8,561.0
1753769555571,06:12:35.571,huobi,BTC/USDT:USDT,118815.0,13359.0,118814.8,13.0,118815.1,1016.0,118815.8,561.0
1753769555595,06:12:35.595,huobi,BTC/USDT:USDT,118815.0,13359.0,118814.8,13.0,118815.1,1018.0,118815.8,561.0
1753769555714,06:12:35.714,huobi,BTC/USDT:USDT,118815.0,13359.0,118814.8,13.0,118815.1,1018.0,118815.8,561.0
1753769555796,06:12:35.796,huobi,BTC/USDT:USDT,118815.0,13359.0,118814.8,13.0,118815.1,1018.0,118815.8,561.0
1753769555827,06:12:35.827,huobi,BTC/USDT:USDT,118815.0,13359.0,118814.8,13.0,118815.1,1018.0,118815.3,1.0
1753769555895,06:12:35.895,huobi,BTC/USDT:USDT,118815.0,13359.0,118814.8,13.0,118815.1,1018.0,118815.3,1.0
1753769555914,06:12:35.914,huobi,BTC/USDT:USDT,118815.0,13359.0,118814.8,13.0,118815.1,1018.0,118815.3,1.0
1753769555943,06:12:35.943,huobi,BTC/USDT:USDT,118815.0,13359.0,118814.8,13.0,118815.1,1018.0,118815.3,1.0
1753769556013,06:12:36.013,huobi,BTC/USDT:USDT,118815.0,13332.0,118814.8,13.0,118815.1,1018.0,118815.3,1.0
1753769556062,06:12:36.062,huobi,BTC/USDT:USDT,118815.0,13332.0,118814.8,13.0,118815.1,1018.0,118815.3,1.0
1753769556075,06:12:36.075,huobi,BTC/USDT:USDT,118815.0,13332.0,118814.8,13.0,118815.1,1018.0,118815.3,1.0
1753769556127,06:12:36.127,huobi,BTC/USDT:USDT,118815.0,13332.0,118814.8,13.0,118815.1,1018.0,118815.3,1.0
1753769556168,06:12:36.168,huobi,BTC/USDT:USDT,118815.0,13359.0,118814.8,13.0,118815.1,1018.0,118815.3,1.0
1753769556185,06:12:36.185,huobi,BTC/USDT:USDT,118815.0,13359.0,118814.8,13.0,118815.1,1018.0,118815.3,1.0
1753769556227,06:12:36.227,huobi,BTC/USDT:USDT,118815.0,13359.0,118814.8,13.0,118815.1,1018.0,118815.3,1.0
1753769556680,06:12:36.680,huobi,BTC/USDT:USDT,118815.0,13419.0,118814.8,13.0,118815.1,1018.0,118815.8,561.0
1753769556695,06:12:36.695,huobi,BTC/USDT:USDT,118815.0,13429.0,118814.8,13.0,118815.1,1018.0,118815.8,561.0
1753769556837,06:12:36.837,huobi,BTC/USDT:USDT,118815.0,13439.0,118814.8,13.0,118815.1,1018.0,118815.3,8.0
1753769556844,06:12:36.844,huobi,BTC/USDT:USDT,118815.0,13439.0,118814.8,13.0,118815.1,1018.0,118815.3,8.0
1753769557099,06:12:37.099,huobi,BTC/USDT:USDT,118815.0,13429.0,118814.8,13.0,118815.1,1016.0,118815.8,561.0
1753769557306,06:12:37.306,huobi,BTC/USDT:USDT,118815.0,13439.0,118814.8,13.0,118815.1,1016.0,118815.8,561.0
1753769557719,06:12:37.719,huobi,BTC/USDT:USDT,118815.0,13439.0,118814.8,13.0,118815.1,1016.0,118815.3,1.0
1753769557755,06:12:37.755,huobi,BTC/USDT:USDT,118815.0,13439.0,118814.8,13.0,118815.1,1016.0,118815.3,1.0
1753769557774,06:12:37.774,huobi,BTC/USDT:USDT,118815.0,13439.0,118814.8,13.0,118815.1,1016.0,118815.3,1.0
1753769557841,06:12:37.841,huobi,BTC/USDT:USDT,118815.0,13439.0,118814.8,13.0,118815.1,1016.0,118815.3,1.0
1753769557874,06:12:37.874,huobi,BTC/USDT:USDT,118815.0,13412.0,118814.8,13.0,118815.1,1016.0,118815.3,1.0
1753769557893,06:12:37.893,huobi,BTC/USDT:USDT,118815.0,13412.0,118814.8,13.0,118815.1,1016.0,118815.3,1.0
1753769557924,06:12:37.924,huobi,BTC/USDT:USDT,118815.0,13412.0,118814.8,13.0,118815.1,1016.0,118815.3,1.0
1753769557974,06:12:37.974,huobi,BTC/USDT:USDT,118815.0,13412.0,118814.8,13.0,118815.1,1007.0,118815.3,1.0
1753769557992,06:12:37.992,huobi,BTC/USDT:USDT,118815.0,13412.0,118814.8,13.0,118815.1,1001.0,118815.3,1.0
1753769558032,06:12:38.032,huobi,BTC/USDT:USDT,118815.0,13439.0,118814.8,13.0,118815.1,1001.0,118815.3,1.0
1753769558085,06:12:38.085,huobi,BTC/USDT:USDT,118815.0,13439.0,118814.8,13.0,118815.1,1001.0,118815.8,561.0
1753769558133,06:12:38.133,huobi,BTC/USDT:USDT,118815.0,13439.0,118814.8,13.0,118815.1,1001.0,118815.8,561.0
1753769558168,06:12:38.168,huobi,BTC/USDT:USDT,118815.0,13439.0,118814.8,13.0,118815.1,1000.0,118815.8,561.0
1753769558267,06:12:38.267,huobi,BTC/USDT:USDT,118815.0,13439.0,118814.8,13.0,118815.1,1000.0,118815.3,1.0
1753769558319,06:12:38.319,huobi,BTC/USDT:USDT,118815.0,13439.0,118814.8,13.0,118815.1,1000.0,118815.3,1.0
1753769558375,06:12:38.375,huobi,BTC/USDT:USDT,118815.0,13439.0,118814.8,13.0,118815.1,1000.0,118815.8,561.0
1753769558409,06:12:38.409,huobi,BTC/USDT:USDT,118815.0,13439.0,118814.8,13.0,118815.1,1000.0,118815.8,561.0
1753769558452,06:12:38.452,huobi,BTC/USDT:USDT,118815.0,13429.0,118814.8,13.0,118815.1,1000.0,118815.8,561.0
1753769558519,06:12:38.519,huobi,BTC/USDT:USDT,118815.0,13429.0,118814.8,13.0,118815.1,1000.0,118815.8,561.0
1753769558522,06:12:38.522,huobi,BTC/USDT:USDT,118815.0,13429.0,118814.8,13.0,118815.1,1000.0,118815.8,561.0
1753769558544,06:12:38.544,huobi,BTC/USDT:USDT,118815.0,13429.0,118814.8,13.0,118815.1,1000.0,118815.8,561.0
1753769558555,06:12:38.555,huobi,BTC/USDT:USDT,118815.0,13429.0,118814.8,13.0,118815.1,1000.0,118815.8,561.0
1753769558595,06:12:38.595,huobi,BTC/USDT:USDT,118815.0,13429.0,118814.8,13.0,118815.1,1000.0,118815.8,561.0
1753769558633,06:12:38.633,huobi,BTC/USDT:USDT,118815.0,13439.0,118814.8,13.0,118815.1,1000.0,118815.8,561.0
1753769558654,06:12:38.654,huobi,BTC/USDT:USDT,118815.0,13439.0,118814.8,13.0,118815.1,1000.0,118815.8,561.0
1753769558695,06:12:38.695,huobi,BTC/USDT:USDT,118815.0,13439.0,118814.8,13.0,118815.1,1000.0,118815.8,561.0
1753769558706,06:12:38.706,huobi,BTC/USDT:USDT,118815.0,13439.0,118814.8,13.0,118815.1,1000.0,118815.8,561.0
1753769558829,06:12:38.829,huobi,BTC/USDT:USDT,118815.0,13439.0,118814.8,13.0,118815.1,1000.0,118815.8,561.0
1753769558937,06:12:38.937,huobi,BTC/USDT:USDT,118815.0,13439.0,118814.8,13.0,118815.1,1000.0,118815.3,8.0
1753769558951,06:12:38.951,huobi,BTC/USDT:USDT,118815.0,13439.0,118814.8,13.0,118815.1,1000.0,118815.8,561.0
1753769558976,06:12:38.976,huobi,BTC/USDT:USDT,118815.0,13439.0,118814.8,13.0,118815.1,1000.0,118815.8,561.0
1753769559020,06:12:39.020,huobi,BTC/USDT:USDT,118815.0,13439.0,118814.8,13.0,118815.1,1000.0,118815.3,1.0
1753769559037,06:12:39.037,huobi,BTC/USDT:USDT,118815.0,13439.0,118814.8,13.0,118815.1,1000.0,118815.3,1.0
1753769559126,06:12:39.126,huobi,BTC/USDT:USDT,118815.0,13439.0,118814.8,13.0,118815.1,1000.0,118815.3,1.0
1753769559161,06:12:39.161,huobi,BTC/USDT:USDT,118815.0,13412.0,118814.8,13.0,118815.1,1000.0,118815.3,1.0
1753769559193,06:12:39.193,huobi,BTC/USDT:USDT,118815.0,13412.0,118814.8,13.0,118815.1,1000.0,118815.8,561.0
1753769559225,06:12:39.225,huobi,BTC/USDT:USDT,118815.0,13412.0,118814.8,13.0,118815.1,1000.0,118815.8,561.0
1753769559250,06:12:39.250,huobi,BTC/USDT:USDT,118815.0,13412.0,118814.8,13.0,118815.1,1000.0,118815.8,561.0
1753769559273,06:12:39.273,huobi,BTC/USDT:USDT,118815.0,13412.0,118814.8,13.0,118815.1,1000.0,118815.8,561.0
1753769559307,06:12:39.307,huobi,BTC/USDT:USDT,118815.0,13480.0,118814.8,13.0,118815.1,1000.0,118815.8,561.0
1753769559341,06:12:39.341,huobi,BTC/USDT:USDT,118815.0,13480.0,118814.8,13.0,118815.1,1000.0,118815.8,561.0
1753769559375,06:12:39.375,huobi,BTC/USDT:USDT,118815.0,13480.0,118814.8,13.0,118815.1,1000.0,118815.8,561.0
1753769559399,06:12:39.399,huobi,BTC/USDT:USDT,118815.0,13480.0,118814.8,13.0,118815.1,1000.0,118815.8,561.0
1753769559456,06:12:39.456,huobi,BTC/USDT:USDT,118815.0,13480.0,118814.8,13.0,118815.1,1000.0,118815.8,561.0
1753769559507,06:12:39.507,huobi,BTC/USDT:USDT,118815.0,13480.0,118814.8,13.0,118815.1,1000.0,118815.8,561.0
1753769559523,06:12:39.523,huobi,BTC/USDT:USDT,118815.0,13480.0,118814.8,13.0,118815.1,1000.0,118815.8,561.0
1753769559572,06:12:39.572,huobi,BTC/USDT:USDT,118815.0,13480.0,118814.8,13.0,118815.1,1000.0,118815.8,561.0
1753769559672,06:12:39.672,huobi,BTC/USDT:USDT,118815.0,13480.0,118814.8,13.0,118815.1,1000.0,118815.8,561.0
1753769559741,06:12:39.741,huobi,BTC/USDT:USDT,118815.0,13480.0,118814.8,13.0,118815.1,1000.0,118815.3,1.0
1753769559759,06:12:39.759,huobi,BTC/USDT:USDT,118815.0,13480.0,118814.8,13.0,118815.1,1000.0,118815.3,1.0
1753769559785,06:12:39.785,huobi,BTC/USDT:USDT,118815.0,13480.0,118814.8,13.0,118815.1,1000.0,118815.3,1.0
1753769559859,06:12:39.859,huobi,BTC/USDT:USDT,118815.0,13480.0,118814.8,13.0,118815.1,1000.0,118815.8,561.0
1753769559874,06:12:39.874,huobi,BTC/USDT:USDT,118815.0,13480.0,118814.8,13.0,118815.1,1000.0,118815.8,561.0
1753769559916,06:12:39.916,huobi,BTC/USDT:USDT,118815.0,13480.0,118814.8,13.0,118815.1,1000.0,118815.8,561.0
1753769559937,06:12:39.937,huobi,BTC/USDT:USDT,118815.0,13480.0,118814.8,13.0,118815.1,1000.0,118815.3,1.0
1753769559972,06:12:39.972,huobi,BTC/USDT:USDT,118815.0,13480.0,118814.8,13.0,118815.1,1000.0,118815.3,1.0
1753769560000,06:12:40.000,huobi,BTC/USDT:USDT,118815.0,13479.0,118814.8,13.0,118815.1,1000.0,118815.3,1.0
1753769560023,06:12:40.023,huobi,BTC/USDT:USDT,118815.0,13479.0,118814.8,13.0,118815.1,1000.0,118815.3,1.0
1753769560054,06:12:40.054,huobi,BTC/USDT:USDT,118815.0,13452.0,118814.8,13.0,118815.1,1000.0,118815.3,1.0
1753769560099,06:12:40.099,huobi,BTC/USDT:USDT,118815.0,13452.0,118814.8,13.0,118815.1,1000.0,118815.3,1.0
1753769560132,06:12:40.132,huobi,BTC/USDT:USDT,118815.0,13452.0,118814.8,13.0,118815.1,1000.0,118815.3,1.0
1753769560149,06:12:40.149,huobi,BTC/USDT:USDT,118815.0,14714.0,118814.8,13.0,118815.1,1000.0,118815.3,1.0
1753769560176,06:12:40.176,huobi,BTC/USDT:USDT,118815.0,14741.0,118814.8,13.0,118815.1,1000.0,118815.8,561.0
1753769560213,06:12:40.213,huobi,BTC/USDT:USDT,118815.0,13479.0,118814.8,13.0,118815.1,1000.0,118815.8,561.0
1753769560249,06:12:40.249,huobi,BTC/USDT:USDT,118815.0,13479.0,118814.8,13.0,118815.1,1000.0,118815.3,1.0
1753769560298,06:12:40.298,huobi,BTC/USDT:USDT,118815.0,13479.0,118814.8,13.0,118815.1,1000.0,118815.3,1.0
1753769560326,06:12:40.326,huobi,BTC/USDT:USDT,118815.0,13479.0,118814.8,13.0,118815.1,1000.0,118815.8,561.0
1753769560377,06:12:40.377,huobi,BTC/USDT:USDT,118815.0,13479.0,118814.8,13.0,118815.1,1000.0,118815.3,1.0
1753769560414,06:12:40.414,huobi,BTC/USDT:USDT,118815.0,13479.0,118814.8,13.0,118815.1,1000.0,118815.3,1.0
1753769560458,06:12:40.458,huobi,BTC/USDT:USDT,118815.0,14741.0,118814.8,13.0,118815.1,1000.0,118815.3,1.0
1753769560485,06:12:40.485,huobi,BTC/USDT:USDT,118815.0,13479.0,118814.8,13.0,118815.1,1000.0,118815.3,1.0
1753769560513,06:12:40.513,huobi,BTC/USDT:USDT,118815.0,13479.0,118814.8,13.0,118815.1,1002.0,118815.3,1.0
1753769560559,06:12:40.559,huobi,BTC/USDT:USDT,118815.0,13479.0,118814.8,13.0,118815.1,1002.0,118815.8,561.0
1753769560565,06:12:40.565,huobi,BTC/USDT:USDT,118815.0,13479.0,118814.8,13.0,118815.1,1002.0,118815.8,561.0
1753769560632,06:12:40.632,huobi,BTC/USDT:USDT,118815.0,13479.0,118814.8,13.0,118815.1,1002.0,118815.3,1.0
1753769560677,06:12:40.677,huobi,BTC/USDT:USDT,118815.0,13479.0,118814.8,13.0,118815.1,1002.0,118815.8,561.0
1753769560847,06:12:40.847,huobi,BTC/USDT:USDT,118815.0,13479.0,118814.8,13.0,118815.1,1002.0,118815.8,561.0
1753769560879,06:12:40.879,huobi,BTC/USDT:USDT,118815.0,13479.0,118814.8,13.0,118815.1,1002.0,118815.3,1.0
1753769560922,06:12:40.922,huobi,BTC/USDT:USDT,118815.0,13479.0,118814.8,13.0,118815.1,1002.0,118815.3,1.0
1753769560939,06:12:40.939,huobi,BTC/USDT:USDT,118815.0,13479.0,118814.8,13.0,118815.1,1002.0,118815.3,1.0
1753769560953,06:12:40.953,huobi,BTC/USDT:USDT,118815.0,13411.0,118814.8,13.0,118815.1,1002.0,118815.3,1.0
1753769561043,06:12:41.043,huobi,BTC/USDT:USDT,118815.0,13411.0,118814.8,13.0,118815.1,1002.0,118815.3,1.0
1753769561077,06:12:41.077,huobi,BTC/USDT:USDT,118815.0,13479.0,118814.8,13.0,118815.1,1002.0,118815.3,1.0
1753769561127,06:12:41.127,huobi,BTC/USDT:USDT,118815.0,13479.0,118814.8,13.0,118815.1,1002.0,118815.3,1.0
1753769561192,06:12:41.192,huobi,BTC/USDT:USDT,118815.0,13479.0,118814.8,13.0,118815.1,1002.0,118815.3,9.0
1753769561297,06:12:41.297,huobi,BTC/USDT:USDT,118815.0,13479.0,118814.8,13.0,118815.1,1002.0,118815.3,1.0
1753769561330,06:12:41.330,huobi,BTC/USDT:USDT,118815.0,13479.0,118814.8,13.0,118815.1,1002.0,118815.3,1.0
1753769561385,06:12:41.385,huobi,BTC/USDT:USDT,118815.0,13479.0,118814.8,13.0,118815.1,1002.0,118815.3,1.0
1753769561459,06:12:41.459,huobi,BTC/USDT:USDT,118815.0,13479.0,118814.8,13.0,118815.1,1002.0,118815.3,1.0
1753769561465,06:12:41.465,huobi,BTC/USDT:USDT,118815.0,13483.0,118814.8,13.0,118815.1,1002.0,118815.3,1.0
1753769561513,06:12:41.513,huobi,BTC/USDT:USDT,118815.0,13483.0,118814.8,13.0,118815.1,1002.0,118815.3,1.0
1753769561522,06:12:41.522,huobi,BTC/USDT:USDT,118815.0,13483.0,118814.8,13.0,118815.1,1010.0,118815.3,1.0
1753769561558,06:12:41.558,huobi,BTC/USDT:USDT,118815.0,13483.0,118814.8,13.0,118815.1,1002.0,118815.3,1.0
1753769561620,06:12:41.620,huobi,BTC/USDT:USDT,118815.0,13483.0,118814.8,13.0,118815.1,1002.0,118815.3,1.0
1753769561689,06:12:41.689,huobi,BTC/USDT:USDT,118815.0,13483.0,118814.8,13.0,118815.1,1002.0,118815.3,1.0
1753769561736,06:12:41.736,huobi,BTC/USDT:USDT,118815.0,13483.0,118814.8,13.0,118815.1,1002.0,118815.3,1.0
1753769561795,06:12:41.795,huobi,BTC/USDT:USDT,118815.0,13456.0,118814.8,13.0,118815.1,1002.0,118815.3,1.0
1753769561827,06:12:41.827,huobi,BTC/USDT:USDT,118815.0,13456.0,118814.8,13.0,118815.1,862.0,118815.3,1.0
1753769561881,06:12:41.881,huobi,BTC/USDT:USDT,118815.0,13456.0,118814.8,13.0,118815.1,862.0,118815.3,1.0
1753769561911,06:12:41.911,huobi,BTC/USDT:USDT,118815.0,13456.0,118814.8,13.0,118815.1,862.0,118815.8,561.0
1753769561932,06:12:41.932,huobi,BTC/USDT:USDT,118815.0,13456.0,118814.8,13.0,118815.1,862.0,118815.8,561.0
1753769561955,06:12:41.955,huobi,BTC/USDT:USDT,118815.0,14745.0,118814.8,13.0,118815.1,862.0,118815.3,8.0
1753769561976,06:12:41.976,huobi,BTC/USDT:USDT,118815.0,14745.0,118814.8,13.0,118815.1,862.0,118815.8,561.0
1753769562082,06:12:42.082,huobi,BTC/USDT:USDT,118815.0,14745.0,118814.8,13.0,118815.1,862.0,118815.3,1.0
1753769562100,06:12:42.100,huobi,BTC/USDT:USDT,118815.0,14745.0,118814.8,13.0,118815.1,862.0,118815.3,1.0
1753769562127,06:12:42.127,huobi,BTC/USDT:USDT,118815.0,14745.0,118814.8,13.0,118815.1,862.0,118815.3,1.0
1753769562202,06:12:42.202,huobi,BTC/USDT:USDT,118815.0,14745.0,118814.8,13.0,118815.1,862.0,118815.8,561.0
1753769562226,06:12:42.226,huobi,BTC/USDT:USDT,118815.0,14745.0,118814.8,13.0,118815.1,862.0,118815.8,561.0
1753769562285,06:12:42.285,huobi,BTC/USDT:USDT,118815.0,14745.0,118814.8,13.0,118815.1,862.0,118815.3,1.0
1753769562309,06:12:42.309,huobi,BTC/USDT:USDT,118815.0,14745.0,118814.8,13.0,118815.1,862.0,118815.3,1.0
1753769562493,06:12:42.493,huobi,BTC/USDT:USDT,118815.0,14745.0,118814.8,13.0,118815.1,862.0,118815.3,1.0
1753769562555,06:12:42.555,huobi,BTC/USDT:USDT,118815.0,14745.0,118814.8,13.0,118815.1,862.0,118815.3,1.0
1753769562811,06:12:42.811,huobi,BTC/USDT:USDT,118815.0,14745.0,118814.8,13.0,118815.1,862.0,118815.8,561.0
1753769562818,06:12:42.818,huobi,BTC/USDT:USDT,118815.0,14745.0,118814.8,13.0,118815.1,862.0,118815.8,561.0
1753769563049,06:12:43.049,huobi,BTC/USDT:USDT,118815.0,14745.0,118814.8,13.0,118815.1,862.0,118815.8,561.0
1753769563059,06:12:43.059,huobi,BTC/USDT:USDT,118815.0,14745.0,118814.8,13.0,118815.1,862.0,118815.8,561.0
1753769563085,06:12:43.085,huobi,BTC/USDT:USDT,118815.0,14745.0,118814.8,13.0,118815.1,862.0,118815.8,561.0
1753769563149,06:12:43.149,huobi,BTC/USDT:USDT,118815.0,14677.0,118814.8,13.0,118815.1,862.0,118815.8,561.0
1753769563196,06:12:43.196,huobi,BTC/USDT:USDT,118815.0,14677.0,118814.8,13.0,118815.1,862.0,118815.7,8.0
1753769563204,06:12:43.204,huobi,BTC/USDT:USDT,118815.0,14657.0,118814.8,13.0,118815.1,862.0,118815.7,8.0
1753769563323,06:12:43.323,huobi,BTC/USDT:USDT,118815.0,14725.0,118814.8,13.0,118815.1,862.0,118815.8,561.0
1753769563324,06:12:43.324,huobi,BTC/USDT:USDT,118815.0,14735.0,118814.8,13.0,118815.1,862.0,118815.8,561.0
1753769563342,06:12:43.342,huobi,BTC/USDT:USDT,118815.0,14745.0,118814.8,13.0,118815.1,862.0,118815.8,561.0
1753769563359,06:12:43.359,huobi,BTC/USDT:USDT,118815.0,14745.0,118814.8,13.0,118815.1,862.0,118815.8,561.0
1753769563508,06:12:43.508,huobi,BTC/USDT:USDT,118815.0,14718.0,118814.8,13.0,118815.1,862.0,118815.8,561.0
1753769563605,06:12:43.605,huobi,BTC/USDT:USDT,118815.0,14718.0,118814.8,13.0,118815.1,862.0,118815.8,561.0
1753769563632,06:12:43.632,huobi,BTC/USDT:USDT,118815.0,14745.0,118814.8,13.0,118815.1,862.0,118815.8,561.0
1753769563694,06:12:43.694,huobi,BTC/USDT:USDT,118815.0,14735.0,118814.8,13.0,118815.1,862.0,118815.8,561.0
1753769563725,06:12:43.725,huobi,BTC/USDT:USDT,118815.0,14735.0,118814.8,13.0,118815.1,862.0,118815.8,561.0
1753769563902,06:12:43.902,huobi,BTC/USDT:USDT,118815.0,14745.0,118814.8,13.0,118815.1,862.0,118815.8,561.0
1753769563947,06:12:43.947,huobi,BTC/USDT:USDT,118815.0,14745.0,118814.8,13.0,118815.1,862.0,118815.8,561.0
1753769563961,06:12:43.961,huobi,BTC/USDT:USDT,118815.0,14745.0,118814.8,13.0,118815.1,862.0,118815.8,561.0
1753769564021,06:12:44.021,huobi,BTC/USDT:USDT,118815.0,14377.0,118814.8,13.0,118815.1,862.0,118815.3,1.0
1753769564049,06:12:44.049,huobi,BTC/USDT:USDT,118815.0,14108.0,118814.8,13.0,118815.1,862.0,118815.8,561.0
1753769564106,06:12:44.106,huobi,BTC/USDT:USDT,118815.0,14108.0,118814.8,13.0,118815.1,862.0,118815.8,561.0
1753769564163,06:12:44.163,huobi,BTC/USDT:USDT,118815.0,14108.0,118814.8,13.0,118815.1,862.0,118815.8,561.0
1753769564302,06:12:44.302,huobi,BTC/USDT:USDT,118815.0,14108.0,118814.8,13.0,118815.1,854.0,118815.8,561.0
1753769564312,06:12:44.312,huobi,BTC/USDT:USDT,118815.0,14108.0,118814.8,13.0,118815.1,854.0,118815.8,569.0
1753769564350,06:12:44.350,huobi,BTC/USDT:USDT,118815.0,14108.0,118814.8,13.0,118815.1,854.0,118815.3,1.0
1753769564397,06:12:44.397,huobi,BTC/USDT:USDT,118815.0,14108.0,118814.8,13.0,118815.1,82.0,118815.3,1.0
1753769564406,06:12:44.406,huobi,BTC/USDT:USDT,118815.0,14108.0,118814.8,13.0,118815.1,259.0,118815.3,1.0
1753769564454,06:12:44.454,huobi,BTC/USDT:USDT,118815.0,14249.0,118814.8,13.0,118815.1,217.0,118815.3,1.0
1753769564501,06:12:44.501,huobi,BTC/USDT:USDT,118815.0,14249.0,118814.8,13.0,118815.1,217.0,118815.3,1.0
1753769564527,06:12:44.527,huobi,BTC/USDT:USDT,118815.0,14249.0,118814.8,13.0,118815.1,353.0,118815.3,1.0
1753769564600,06:12:44.600,huobi,BTC/USDT:USDT,118815.0,14252.0,118814.8,13.0,118815.1,464.0,118815.8,561.0
1753769564621,06:12:44.621,huobi,BTC/USDT:USDT,118815.0,14252.0,118814.8,13.0,118815.1,287.0,118815.8,561.0
1753769564914,06:12:44.914,huobi,BTC/USDT:USDT,118815.0,14252.0,118814.8,13.0,118815.1,249.0,118815.8,561.0
1753769564956,06:12:44.956,huobi,BTC/USDT:USDT,118815.0,12983.0,118814.8,13.0,118815.1,111.0,118815.8,561.0
1753769564997,06:12:44.997,huobi,BTC/USDT:USDT,118815.0,14245.0,118814.8,13.0,118815.1,159.0,118815.8,561.0
1753769565039,06:12:45.039,huobi,BTC/USDT:USDT,118815.0,14245.0,118814.8,13.0,118815.1,336.0,118815.8,561.0
1753769565074,06:12:45.074,huobi,BTC/USDT:USDT,118815.0,14230.0,118814.8,13.0,118815.1,336.0,118815.8,561.0
1753769565100,06:12:45.100,huobi,BTC/USDT:USDT,118815.0,14230.0,118814.8,13.0,118815.1,336.0,118815.3,1.0
1753769565166,06:12:45.166,huobi,BTC/USDT:USDT,118815.0,14230.0,118814.8,13.0,118815.1,288.0,118815.3,1.0
1753769565209,06:12:45.209,huobi,BTC/USDT:USDT,118815.0,14298.0,118814.8,13.0,118815.1,336.0,118815.3,1.0
1753769565224,06:12:45.224,huobi,BTC/USDT:USDT,118815.0,14298.0,118814.8,13.0,118815.1,336.0,118815.3,1.0
1753769565398,06:12:45.398,huobi,BTC/USDT:USDT,118815.0,14271.0,118814.8,13.0,118815.1,425.0,118815.3,1.0
1753769565437,06:12:45.437,huobi,BTC/USDT:USDT,118815.0,14271.0,118814.8,13.0,118815.1,425.0,118815.3,1.0
1753769565490,06:12:45.490,huobi,BTC/USDT:USDT,118815.0,14271.0,118814.8,13.0,118815.1,425.0,118815.8,561.0
1753769565520,06:12:45.520,huobi,BTC/USDT:USDT,118815.0,14298.0,118814.8,13.0,118815.1,248.0,118815.8,561.0
1753769565588,06:12:45.588,huobi,BTC/USDT:USDT,118815.0,14288.0,118814.8,13.0,118815.1,248.0,118815.8,561.0
1753769565609,06:12:45.609,huobi,BTC/USDT:USDT,118815.0,14288.0,118814.8,13.0,118815.1,248.0,118815.8,561.0
1753769565658,06:12:45.658,huobi,BTC/USDT:USDT,118815.0,14288.0,118814.8,13.0,118815.1,248.0,118815.8,561.0
1753769565671,06:12:45.671,huobi,BTC/USDT:USDT,118815.0,14288.0,118814.8,13.0,118815.1,248.0,118815.8,561.0
1753769565693,06:12:45.693,huobi,BTC/USDT:USDT,118815.0,14288.0,118814.8,13.0,118815.1,240.0,118815.8,561.0
1753769565788,06:12:45.788,huobi,BTC/USDT:USDT,118815.0,14298.0,118814.8,13.0,118815.1,240.0,118815.8,561.0
1753769565999,06:12:45.999,huobi,BTC/USDT:USDT,118815.0,14288.0,118814.8,13.0,118815.1,240.0,118815.8,561.0
1753769566086,06:12:46.086,huobi,BTC/USDT:USDT,118815.0,14298.0,118814.8,13.0,118815.1,238.0,118815.8,561.0
1753769566144,06:12:46.144,huobi,BTC/USDT:USDT,118815.0,13036.0,118814.8,13.0,118815.1,415.0,118815.8,561.0
1753769566177,06:12:46.177,huobi,BTC/USDT:USDT,118815.0,13036.0,118814.8,13.0,118815.1,415.0,118815.8,561.0
1753769566258,06:12:46.258,huobi,BTC/USDT:USDT,118815.0,13036.0,118814.8,13.0,118815.1,415.0,118815.3,1.0
1753769566283,06:12:46.283,huobi,BTC/USDT:USDT,118815.0,13036.0,118814.8,13.0,118815.1,415.0,118815.3,1.0
1753769566295,06:12:46.295,huobi,BTC/USDT:USDT,118815.0,13036.0,118814.8,13.0,118815.1,415.0,118815.3,1.0
1753769566356,06:12:46.356,huobi,BTC/USDT:USDT,118815.0,13036.0,118814.8,13.0,118815.1,238.0,118815.3,1.0
1753769566427,06:12:46.427,huobi,BTC/USDT:USDT,118815.0,13009.0,118814.8,13.0,118815.1,238.0,118815.3,1.0
1753769566471,06:12:46.471,huobi,BTC/USDT:USDT,118815.0,12941.0,118814.8,13.0,118815.1,238.0,118815.3,1.0
1753769566486,06:12:46.486,huobi,BTC/USDT:USDT,118815.0,12941.0,118814.8,13.0,118815.1,238.0,118815.8,561.0
1753769566534,06:12:46.534,huobi,BTC/USDT:USDT,118815.0,12941.0,118814.8,13.0,118815.1,415.0,118815.3,1.0
1753769566595,06:12:46.595,huobi,BTC/USDT:USDT,118815.0,12941.0,118814.8,13.0,118815.1,415.0,118815.3,1.0
1753769566648,06:12:46.648,huobi,BTC/USDT:USDT,118815.0,12941.0,118814.8,13.0,118815.1,415.0,118815.8,561.0
1753769566727,06:12:46.727,huobi,BTC/USDT:USDT,118815.0,12941.0,118814.8,13.0,118815.1,238.0,118815.8,561.0
1753769566824,06:12:46.824,huobi,BTC/USDT:USDT,118815.0,13009.0,118814.8,13.0,118815.1,238.0,118815.8,561.0
1753769566910,06:12:46.910,huobi,BTC/USDT:USDT,118815.0,13009.0,118814.8,13.0,118815.1,238.0,118815.3,1.0
1753769566958,06:12:46.958,huobi,BTC/USDT:USDT,118815.0,13009.0,118814.8,13.0,118815.1,415.0,118815.8,561.0
1753769567007,06:12:47.007,huobi,BTC/USDT:USDT,118815.0,13009.0,118814.8,13.0,118815.1,415.0,118815.8,561.0
1753769567019,06:12:47.019,huobi,BTC/USDT:USDT,118815.0,13009.0,118814.8,13.0,118815.1,415.0,118815.8,561.0
1753769567061,06:12:47.061,huobi,BTC/USDT:USDT,118815.0,14271.0,118814.8,13.0,118815.1,415.0,118815.8,561.0
1753769567100,06:12:47.100,huobi,BTC/USDT:USDT,118815.0,13009.0,118814.8,13.0,118815.1,415.0,118815.8,561.0
1753769567145,06:12:47.145,huobi,BTC/USDT:USDT,118815.0,13009.0,118814.8,13.0,118815.1,415.0,118815.8,561.0
1753769567164,06:12:47.164,huobi,BTC/USDT:USDT,118815.0,13009.0,118814.8,13.0,118815.1,423.0,118815.8,561.0
1753769567199,06:12:47.199,huobi,BTC/USDT:USDT,118815.0,14271.0,118814.8,13.0,118815.1,415.0,118815.8,561.0
1753769567259,06:12:47.259,huobi,BTC/USDT:USDT,118815.0,13009.0,118814.8,13.0,118815.1,415.0,118815.8,561.0
1753769567291,06:12:47.291,huobi,BTC/USDT:USDT,118815.0,13009.0,118814.8,13.0,118815.1,238.0,118815.8,561.0
1753769567318,06:12:47.318,huobi,BTC/USDT:USDT,118815.0,13009.0,118814.8,13.0,118815.1,227.0,118815.3,1.0
1753769567366,06:12:47.366,huobi,BTC/USDT:USDT,118815.0,13009.0,118814.8,13.0,118815.1,179.0,118815.3,1.0
1753769567390,06:12:47.390,huobi,BTC/USDT:USDT,118815.0,13009.0,118814.8,13.0,118815.1,356.0,118815.3,1.0
1753769567427,06:12:47.427,huobi,BTC/USDT:USDT,118815.0,13009.0,118814.8,13.0,118815.1,356.0,118815.8,561.0
1753769567433,06:12:47.433,huobi,BTC/USDT:USDT,118815.0,13036.0,118814.8,13.0,118815.1,356.0,118815.8,561.0
1753769567466,06:12:47.466,huobi,BTC/USDT:USDT,118815.0,14298.0,118814.8,13.0,118815.1,356.0,118815.3,1.0
1753769567544,06:12:47.544,huobi,BTC/USDT:USDT,118815.0,14298.0,118814.8,13.0,118815.1,399.0,118815.3,1.0
1753769567601,06:12:47.601,huobi,BTC/USDT:USDT,118815.0,14298.0,118814.8,13.0,118815.1,399.0,118815.3,1.0
1753769567617,06:12:47.617,huobi,BTC/USDT:USDT,118815.0,14298.0,118814.8,13.0,118815.1,399.0,118815.3,1.0
1753769567665,06:12:47.665,huobi,BTC/USDT:USDT,118815.0,14298.0,118814.8,13.0,118815.1,399.0,118815.3,1.0
1753769567748,06:12:47.748,huobi,BTC/USDT:USDT,118815.0,14298.0,118814.8,13.0,118815.1,399.0,118815.8,561.0
1753769567824,06:12:47.824,huobi,BTC/USDT:USDT,118815.0,14298.0,118814.8,13.0,118815.1,399.0,118815.3,1.0
1753769568106,06:12:48.106,huobi,BTC/USDT:USDT,118815.0,14298.0,118814.8,13.0,118815.1,399.0,118815.3,1.0
1753769568147,06:12:48.147,huobi,BTC/USDT:USDT,118815.0,14298.0,118814.8,13.0,118815.1,399.0,118815.3,1.0
1753769568162,06:12:48.162,huobi,BTC/USDT:USDT,118815.0,14298.0,118814.8,13.0,118815.1,399.0,118815.3,1.0
1753769568188,06:12:48.188,huobi,BTC/USDT:USDT,118815.0,14298.0,118814.8,13.0,118815.1,399.0,118815.3,1.0
1753769568230,06:12:48.230,huobi,BTC/USDT:USDT,118815.0,14298.0,118814.8,13.0,118815.1,399.0,118815.8,561.0
1753769568299,06:12:48.299,huobi,BTC/USDT:USDT,118815.0,14298.0,118814.8,13.0,118815.1,399.0,118815.3,1.0
1753769568561,06:12:48.561,huobi,BTC/USDT:USDT,118815.0,14230.0,118814.8,13.0,118815.1,399.0,118815.3,1.0
1753769568577,06:12:48.577,huobi,BTC/USDT:USDT,118815.0,14230.0,118814.8,13.0,118815.1,399.0,118815.8,561.0
1753769568685,06:12:48.685,huobi,BTC/USDT:USDT,118815.0,14298.0,118814.8,13.0,118815.1,399.0,118815.8,561.0
1753769568770,06:12:48.770,huobi,BTC/USDT:USDT,118815.0,14298.0,118814.8,13.0,118815.1,399.0,118815.3,1.0
1753769568922,06:12:48.922,huobi,BTC/USDT:USDT,118815.0,14298.0,118814.8,13.0,118815.1,399.0,118815.8,561.0
1753769568937,06:12:48.937,huobi,BTC/USDT:USDT,118815.0,14298.0,118814.8,13.0,118815.1,399.0,118815.8,561.0
1753769568962,06:12:48.962,huobi,BTC/USDT:USDT,118815.0,14298.0,118814.8,13.0,118815.1,89.0,118815.3,1.0
1753769569001,06:12:49.001,huobi,BTC/USDT:USDT,118815.0,14298.0,118814.8,13.0,118815.1,137.0,118815.3,1.0
1753769569056,06:12:49.056,huobi,BTC/USDT:USDT,118815.0,14299.0,118814.8,13.0,118815.1,200.0,118815.3,1.0
1753769569098,06:12:49.098,huobi,BTC/USDT:USDT,118815.0,14299.0,118814.8,13.0,118815.1,425.0,118815.3,1.0
1753769569124,06:12:49.124,huobi,BTC/USDT:USDT,118815.0,14299.0,118814.8,13.0,118815.1,248.0,118815.3,1.0
1753769569176,06:12:49.176,huobi,BTC/USDT:USDT,118815.0,14299.0,118814.8,13.0,118815.1,248.0,118815.3,1.0
1753769569228,06:12:49.228,huobi,BTC/USDT:USDT,118815.0,14272.0,118814.8,13.0,118815.1,248.0,118815.3,1.0
1753769569358,06:12:49.358,huobi,BTC/USDT:USDT,118815.0,14299.0,118814.8,13.0,118815.1,248.0,118815.3,1.0
1753769569428,06:12:49.428,huobi,BTC/USDT:USDT,118815.0,14299.0,118814.8,13.0,118815.1,248.0,118815.8,561.0
1753769569457,06:12:49.457,huobi,BTC/USDT:USDT,118815.0,14299.0,118814.8,13.0,118815.1,248.0,118815.8,561.0
1753769569493,06:12:49.493,huobi,BTC/USDT:USDT,118815.0,14299.0,118814.8,13.0,118815.1,200.0,118815.8,561.0
1753769569515,06:12:49.515,huobi,BTC/USDT:USDT,118815.0,14299.0,118814.8,13.0,118815.1,200.0,118815.8,561.0
1753769569585,06:12:49.585,huobi,BTC/USDT:USDT,118815.0,14299.0,118814.8,13.0,118815.1,377.0,118815.8,561.0
1753769569597,06:12:49.597,huobi,BTC/USDT:USDT,118815.0,14299.0,118814.8,13.0,118815.1,377.0,118815.8,561.0
1753769569814,06:12:49.814,huobi,BTC/USDT:USDT,118815.0,14340.0,118814.8,13.0,118815.1,377.0,118815.8,561.0
1753769569848,06:12:49.848,huobi,BTC/USDT:USDT,118815.0,14340.0,118814.8,13.0,118815.1,377.0,118815.3,1.0
1753769569864,06:12:49.864,huobi,BTC/USDT:USDT,118815.0,14340.0,118814.8,13.0,118815.1,200.0,118815.3,1.0
1753769569926,06:12:49.926,huobi,BTC/USDT:USDT,118815.0,14340.0,118814.8,13.0,118815.1,200.0,118815.3,1.0
1753769570105,06:12:50.105,huobi,BTC/USDT:USDT,118815.0,14340.0,118814.8,13.0,118815.1,377.0,118815.3,1.0
1753769570196,06:12:50.196,huobi,BTC/USDT:USDT,118815.0,14340.0,118814.8,13.0,118815.1,377.0,118815.8,561.0
1753769570225,06:12:50.225,huobi,BTC/USDT:USDT,118815.0,13078.0,118814.8,13.0,118815.1,626.0,118815.8,561.0
1753769570270,06:12:50.270,huobi,BTC/USDT:USDT,118815.0,14340.0,118814.8,13.0,118815.1,626.0,118815.8,561.0
1753769570313,06:12:50.313,huobi,BTC/USDT:USDT,118815.0,14272.0,118814.8,13.0,118815.1,626.0,118815.8,561.0
1753769570354,06:12:50.354,huobi,BTC/USDT:USDT,118815.0,14272.0,118814.8,13.0,118815.1,626.0,118815.8,561.0
1753769570390,06:12:50.390,huobi,BTC/USDT:USDT,118815.0,13010.0,118814.8,13.0,118815.1,626.0,118815.3,1.0
1753769570453,06:12:50.453,huobi,BTC/USDT:USDT,118815.0,14272.0,118814.8,13.0,118815.1,626.0,118815.3,1.0
1753769570481,06:12:50.481,huobi,BTC/USDT:USDT,118815.0,13078.0,118814.8,13.0,118815.1,626.0,118815.3,1.0
1753769570507,06:12:50.507,huobi,BTC/USDT:USDT,118815.0,13078.0,118814.8,13.0,118815.1,626.0,118815.3,1.0
1753769570528,06:12:50.528,huobi,BTC/USDT:USDT,118815.0,13078.0,118814.8,13.0,118815.1,626.0,118815.8,561.0
1753769570570,06:12:50.570,huobi,BTC/USDT:USDT,118815.0,13078.0,118814.8,13.0,118815.1,626.0,118815.8,561.0
1753769570600,06:12:50.600,huobi,BTC/USDT:USDT,118815.0,13078.0,118814.8,13.0,118815.1,626.0,118815.8,561.0
1753769570623,06:12:50.623,huobi,BTC/USDT:USDT,118815.0,13078.0,118814.8,13.0,118815.1,626.0,118815.3,1.0
1753769570665,06:12:50.665,huobi,BTC/USDT:USDT,118815.0,13078.0,118814.8,13.0,118815.1,626.0,118815.3,1.0
1753769570842,06:12:50.842,huobi,BTC/USDT:USDT,118815.0,13078.0,118814.8,13.0,118815.1,626.0,118815.3,1.0
1753769570863,06:12:50.863,huobi,BTC/USDT:USDT,118815.0,13078.0,118814.8,13.0,118815.1,626.0,118815.3,1.0
1753769570980,06:12:50.980,huobi,BTC/USDT:USDT,118815.0,13078.0,118814.8,13.0,118815.1,622.0,118815.3,1.0
1753769571033,06:12:51.033,huobi,BTC/USDT:USDT,118815.0,14340.0,118814.8,13.0,118815.1,622.0,118815.3,1.0
1753769571066,06:12:51.066,huobi,BTC/USDT:USDT,118815.0,13078.0,118814.8,13.0,118815.1,622.0,118815.2,8.0
1753769571114,06:12:51.114,huobi,BTC/USDT:USDT,118815.0,13078.0,118814.8,13.0,118815.1,622.0,118815.3,1.0
1753769571132,06:12:51.132,huobi,BTC/USDT:USDT,118815.0,13078.0,118814.8,13.0,118815.1,622.0,118815.8,561.0
1753769571170,06:12:51.170,huobi,BTC/USDT:USDT,118815.0,13078.0,118814.8,13.0,118815.1,622.0,118815.8,561.0
1753769571186,06:12:51.186,huobi,BTC/USDT:USDT,118815.0,13078.0,118814.8,13.0,118815.1,622.0,118815.4,8.0
1753769571218,06:12:51.218,huobi,BTC/USDT:USDT,118815.0,14340.0,118814.8,13.0,118815.1,622.0,118815.8,561.0
1753769571349,06:12:51.349,huobi,BTC/USDT:USDT,118815.0,14340.0,118814.8,13.0,118815.1,622.0,118815.3,1.0
1753769571421,06:12:51.421,huobi,BTC/USDT:USDT,118815.0,14340.0,118814.8,13.0,118815.1,622.0,118815.3,1.0
1753769571449,06:12:51.449,huobi,BTC/USDT:USDT,118815.0,14313.0,118814.8,13.0,118815.1,622.0,118815.3,1.0
1753769571577,06:12:51.577,huobi,BTC/USDT:USDT,118815.0,14340.0,118814.8,13.0,118815.1,622.0,118815.3,1.0
1753769571680,06:12:51.680,huobi,BTC/USDT:USDT,118815.0,14340.0,118814.8,13.0,118815.1,622.0,118815.3,1.0
1753769571698,06:12:51.698,huobi,BTC/USDT:USDT,118815.0,14340.0,118814.8,13.0,118815.1,622.0,118815.3,1.0
1753769571873,06:12:51.873,huobi,BTC/USDT:USDT,118815.0,14340.0,118814.8,13.0,118815.1,630.0,118815.3,1.0
1753769571980,06:12:51.980,huobi,BTC/USDT:USDT,118815.0,14340.0,118814.8,13.0,118815.1,622.0,118815.3,1.0
1753769572130,06:12:52.130,huobi,BTC/USDT:USDT,118815.0,14340.0,118814.8,13.0,118815.1,622.0,118815.8,561.0
1753769572173,06:12:52.173,huobi,BTC/USDT:USDT,118815.0,14272.0,118814.8,13.0,118815.1,622.0,118815.8,561.0
1753769572210,06:12:52.210,huobi,BTC/USDT:USDT,118815.0,14272.0,118814.8,13.0,118815.1,622.0,118815.3,1.0
1753769572243,06:12:52.243,huobi,BTC/USDT:USDT,118815.0,14272.0,118814.8,13.0,118815.1,622.0,118815.3,1.0
1753769572279,06:12:52.279,huobi,BTC/USDT:USDT,118815.0,14272.0,118814.8,13.0,118815.1,622.0,118815.3,1.0
1753769572296,06:12:52.296,huobi,BTC/USDT:USDT,118815.0,14340.0,118814.8,13.0,118815.1,622.0,118815.8,561.0
1753769572340,06:12:52.340,huobi,BTC/USDT:USDT,118815.0,13078.0,118814.8,13.0,118815.1,609.0,118815.8,561.0
1753769572361,06:12:52.361,huobi,BTC/USDT:USDT,118815.0,13078.0,118814.8,13.0,118815.1,609.0,118815.8,561.0
1753769572394,06:12:52.394,huobi,BTC/USDT:USDT,118815.0,13078.0,118814.8,13.0,118815.1,609.0,118815.8,561.0
1753769572427,06:12:52.427,huobi,BTC/USDT:USDT,118815.0,13078.0,118814.8,13.0,118815.1,609.0,118815.8,561.0
1753769572454,06:12:52.454,huobi,BTC/USDT:USDT,118815.0,13078.0,118814.8,13.0,118815.1,609.0,118815.8,561.0
1753769572501,06:12:52.501,huobi,BTC/USDT:USDT,118815.0,13078.0,118814.8,13.0,118815.1,609.0,118815.3,1.0
1753769572509,06:12:52.509,huobi,BTC/USDT:USDT,118815.0,13078.0,118814.8,13.0,118815.1,609.0,118815.3,1.0
1753769572537,06:12:52.537,huobi,BTC/USDT:USDT,118815.0,13078.0,118814.8,13.0,118815.1,609.0,118815.8,561.0
1753769572585,06:12:52.585,huobi,BTC/USDT:USDT,118815.0,14340.0,118814.8,13.0,118815.1,609.0,118815.8,561.0
1753769572678,06:12:52.678,huobi,BTC/USDT:USDT,118815.0,14340.0,118814.8,13.0,118815.1,609.0,118815.8,561.0
1753769572691,06:12:52.691,huobi,BTC/USDT:USDT,118815.0,14340.0,118814.8,13.0,118815.1,609.0,118815.8,561.0
1753769573043,06:12:53.043,huobi,BTC/USDT:USDT,118815.0,14340.0,118814.8,13.0,118815.1,609.0,118815.7,8.0
1753769573235,06:12:53.235,huobi,BTC/USDT:USDT,118815.0,14330.0,118814.8,13.0,118815.1,609.0,118815.8,561.0
1753769573271,06:12:53.271,huobi,BTC/USDT:USDT,118815.0,14303.0,118814.8,13.0,118815.1,609.0,118815.8,561.0
1753769573338,06:12:53.338,huobi,BTC/USDT:USDT,118815.0,14313.0,118814.8,13.0,118815.1,609.0,118815.8,561.0
1753769573394,06:12:53.394,huobi,BTC/USDT:USDT,118815.0,14340.0,118814.8,13.0,118815.1,609.0,118815.8,561.0
1753769573429,06:12:53.429,huobi,BTC/USDT:USDT,118815.0,14340.0,118814.8,13.0,118815.1,609.0,118815.3,1.0
1753769573573,06:12:53.573,huobi,BTC/USDT:USDT,118815.0,13078.0,118814.8,13.0,118815.1,609.0,118815.3,1.0
1753769573619,06:12:53.619,huobi,BTC/USDT:USDT,118815.0,14340.0,118814.8,13.0,118815.1,609.0,118815.3,1.0
1753769573722,06:12:53.722,huobi,BTC/USDT:USDT,118815.0,14340.0,118814.8,13.0,118815.1,609.0,118815.8,561.0
1753769573749,06:12:53.749,huobi,BTC/USDT:USDT,118815.0,14340.0,118814.8,13.0,118815.1,609.0,118815.8,561.0
1753769573799,06:12:53.799,huobi,BTC/USDT:USDT,118815.0,13078.0,118814.8,13.0,118815.1,609.0,118815.8,561.0
1753769573844,06:12:53.844,huobi,BTC/USDT:USDT,118815.0,14340.0,118814.8,13.0,118815.1,609.0,118815.8,561.0
1753769573922,06:12:53.922,huobi,BTC/USDT:USDT,118815.0,14340.0,118814.8,13.0,118815.1,609.0,118815.3,1.0
1753769573950,06:12:53.950,huobi,BTC/USDT:USDT,118815.0,13010.0,118814.8,13.0,118815.1,609.0,118815.3,1.0
1753769573992,06:12:53.992,huobi,BTC/USDT:USDT,118815.0,14272.0,118814.8,13.0,118815.1,609.0,118815.3,1.0
1753769574049,06:12:54.049,huobi,BTC/USDT:USDT,118815.0,14272.0,118814.8,13.0,118815.1,609.0,118815.3,1.0
1753769574082,06:12:54.082,huobi,BTC/USDT:USDT,118815.0,13078.0,118814.8,13.0,118815.1,609.0,118815.3,1.0
1753769574127,06:12:54.127,huobi,BTC/USDT:USDT,118815.0,13078.0,118814.8,13.0,118815.1,609.0,118815.3,1.0
1753769574180,06:12:54.180,huobi,BTC/USDT:USDT,118815.0,13078.0,118814.8,13.0,118815.1,609.0,118815.3,1.0
1753769574193,06:12:54.193,huobi,BTC/USDT:USDT,118815.0,13078.0,118814.8,13.0,118815.1,609.0,118815.3,1.0
1753769574234,06:12:54.234,huobi,BTC/USDT:USDT,118815.0,13078.0,118814.8,13.0,118815.1,609.0,118815.2,8.0
1753769574243,06:12:54.243,huobi,BTC/USDT:USDT,118815.0,13078.0,118814.8,13.0,118815.1,609.0,118815.2,8.0
1753769574283,06:12:54.283,huobi,BTC/USDT:USDT,118815.0,13078.0,118814.8,13.0,118815.1,609.0,118815.4,8.0
1753769574320,06:12:54.320,huobi,BTC/USDT:USDT,118815.0,13078.0,118814.8,13.0,118815.1,609.0,118815.3,1.0
1753769574342,06:12:54.342,huobi,BTC/USDT:USDT,118815.0,13078.0,118814.8,13.0,118815.1,609.0,118815.3,1.0
1753769574444,06:12:54.444,huobi,BTC/USDT:USDT,118815.0,13078.0,118814.8,13.0,118815.1,609.0,118815.3,1.0
1753769574455,06:12:54.455,huobi,BTC/USDT:USDT,118815.0,13078.0,118814.8,13.0,118815.1,609.0,118815.3,1.0
1753769574511,06:12:54.511,huobi,BTC/USDT:USDT,118815.0,14340.0,118814.8,13.0,118815.1,609.0,118815.3,1.0
1753769574582,06:12:54.582,huobi,BTC/USDT:USDT,118815.0,14340.0,118814.8,13.0,118815.1,609.0,118815.8,561.0
1753769574720,06:12:54.720,huobi,BTC/USDT:USDT,118815.0,14340.0,118814.8,13.0,118815.1,609.0,118815.8,561.0
1753769574732,06:12:54.732,huobi,BTC/USDT:USDT,118815.0,14340.0,118814.8,13.0,118815.1,609.0,118815.8,561.0
1753769574778,06:12:54.778,huobi,BTC/USDT:USDT,118815.0,13078.0,118814.8,13.0,118815.1,609.0,118815.8,561.0
1753769574832,06:12:54.832,huobi,BTC/USDT:USDT,118815.0,14340.0,118814.8,13.0,118815.1,609.0,118815.3,1.0
1753769574847,06:12:54.847,huobi,BTC/USDT:USDT,118815.0,13078.0,118814.8,13.0,118815.1,609.0,118815.3,1.0
1753769574909,06:12:54.909,huobi,BTC/USDT:USDT,118815.0,13078.0,118814.8,13.0,118815.1,609.0,118815.3,1.0
1753769574975,06:12:54.975,huobi,BTC/USDT:USDT,118815.0,13078.0,118814.8,13.0,118815.1,609.0,118815.3,1.0
1753769575019,06:12:55.019,huobi,BTC/USDT:USDT,118815.0,14340.0,118814.8,13.0,118815.1,609.0,118815.3,1.0
1753769575023,06:12:55.023,huobi,BTC/USDT:USDT,118815.0,13078.0,118814.8,13.0,118815.1,609.0,118815.3,1.0
1753769575115,06:12:55.115,huobi,BTC/USDT:USDT,118815.0,14340.0,118814.8,13.0,118815.1,609.0,118815.3,1.0
1753769575340,06:12:55.340,huobi,BTC/USDT:USDT,118815.0,14313.0,118814.8,13.0,118815.1,609.0,118815.3,1.0
1753769575465,06:12:55.465,huobi,BTC/USDT:USDT,118815.0,14340.0,118814.8,13.0,118815.1,609.0,118815.3,1.0
1753769575508,06:12:55.508,huobi,BTC/USDT:USDT,118815.0,13078.0,118814.8,13.0,118815.1,609.0,118815.3,1.0
1753769575547,06:12:55.547,huobi,BTC/USDT:USDT,118815.0,14340.0,118814.8,13.0,118815.1,609.0,118815.8,561.0
1753769575639,06:12:55.639,huobi,BTC/USDT:USDT,118815.0,14340.0,118814.8,13.0,118815.1,609.0,118815.8,561.0
1753769575829,06:12:55.829,huobi,BTC/USDT:USDT,118815.0,14340.0,118814.8,13.0,118815.1,609.0,118815.3,1.0
1753769575966,06:12:55.966,huobi,BTC/USDT:USDT,118815.0,14340.0,118814.8,13.0,118815.1,609.0,118815.3,1.0
1753769575984,06:12:55.984,huobi,BTC/USDT:USDT,118815.0,14340.0,118814.8,13.0,118815.1,609.0,118815.8,561.0
1753769576013,06:12:56.013,huobi,BTC/USDT:USDT,118815.0,14272.0,118814.8,13.0,118815.1,609.0,118815.8,561.0
1753769576059,06:12:56.059,huobi,BTC/USDT:USDT,118815.0,13010.0,118814.8,13.0,118815.1,609.0,118815.8,561.0
1753769576079,06:12:56.079,huobi,BTC/USDT:USDT,118815.0,13010.0,118814.8,13.0,118815.1,432.0,118815.8,561.0
1753769576108,06:12:56.108,huobi,BTC/USDT:USDT,118815.0,14272.0,118814.8,13.0,118815.1,432.0,118815.3,1.0
1753769576178,06:12:56.178,huobi,BTC/USDT:USDT,118815.0,14340.0,118814.8,13.0,118815.1,432.0,118815.8,561.0
1753769576194,06:12:56.194,huobi,BTC/USDT:USDT,118815.0,14340.0,118814.8,13.0,118815.1,432.0,118815.8,561.0
1753769576249,06:12:56.249,huobi,BTC/USDT:USDT,118815.0,14340.0,118814.8,13.0,118815.1,432.0,118815.3,1.0
1753769576262,06:12:56.262,huobi,BTC/USDT:USDT,118815.0,14340.0,118814.8,13.0,118815.1,432.0,118815.3,1.0
1753769576335,06:12:56.335,huobi,BTC/USDT:USDT,118815.0,14340.0,118814.8,13.0,118815.1,432.0,118815.3,1.0
1753769576379,06:12:56.379,huobi,BTC/USDT:USDT,118815.0,14340.0,118814.8,13.0,118815.1,432.0,118815.8,561.0
1753769576536,06:12:56.536,huobi,BTC/USDT:USDT,118815.0,14340.0,118814.8,13.0,118815.1,432.0,118815.3,1.0
1753769576556,06:12:56.556,huobi,BTC/USDT:USDT,118815.0,14340.0,118814.8,13.0,118815.1,432.0,118815.8,561.0
1753769576590,06:12:56.590,huobi,BTC/USDT:USDT,118815.0,14340.0,118814.8,13.0,118815.1,432.0,118815.8,561.0
1753769576636,06:12:56.636,huobi,BTC/USDT:USDT,118815.0,14340.0,118814.8,13.0,118815.1,429.0,118815.8,561.0
1753769576667,06:12:56.667,huobi,BTC/USDT:USDT,118815.0,14340.0,118814.8,13.0,118815.1,402.0,118815.8,561.0
1753769576686,06:12:56.686,huobi,BTC/USDT:USDT,118815.0,14340.0,118814.8,13.0,118815.1,388.0,118815.8,561.0
1753769576705,06:12:56.705,huobi,BTC/USDT:USDT,118815.0,14340.0,118814.8,13.0,118815.1,378.0,118815.8,561.0
1753769576783,06:12:56.783,huobi,BTC/USDT:USDT,118815.0,14340.0,118814.8,13.0,118815.1,378.0,118815.8,561.0
1753769576874,06:12:56.874,huobi,BTC/USDT:USDT,118815.0,13078.0,118814.8,13.0,118815.1,378.0,118815.8,561.0
1753769576884,06:12:56.884,huobi,BTC/USDT:USDT,118815.0,13078.0,118814.8,13.0,118815.1,378.0,118815.3,1.0
1753769576925,06:12:56.925,huobi,BTC/USDT:USDT,118815.0,13078.0,118814.8,13.0,118815.1,378.0,118815.3,1.0
1753769576943,06:12:56.943,huobi,BTC/USDT:USDT,118815.0,13078.0,118814.8,13.0,118815.1,378.0,118815.3,1.0
1753769576989,06:12:56.989,huobi,BTC/USDT:USDT,118815.0,13078.0,118814.8,13.0,118815.1,378.0,118815.8,561.0
1753769577048,06:12:57.048,huobi,BTC/USDT:USDT,118815.0,13078.0,118814.8,13.0,118815.1,378.0,118815.8,561.0
1753769577065,06:12:57.065,huobi,BTC/USDT:USDT,118815.0,13078.0,118814.8,13.0,118815.1,378.0,118815.8,561.0
1753769577123,06:12:57.123,huobi,BTC/USDT:USDT,118815.0,14340.0,118814.8,13.0,118815.1,378.0,118815.3,1.0
1753769577282,06:12:57.282,huobi,BTC/USDT:USDT,118815.0,14340.0,118814.8,13.0,118815.1,376.0,118815.3,1.0
1753769577306,06:12:57.306,huobi,BTC/USDT:USDT,118815.0,14330.0,118814.8,13.0,118815.1,376.0,118815.3,1.0
1753769577483,06:12:57.483,huobi,BTC/USDT:USDT,118815.0,14330.0,118814.8,13.0,118815.1,376.0,118815.8,561.0
1753769577532,06:12:57.532,huobi,BTC/USDT:USDT,118815.0,14313.0,118814.8,13.0,118815.1,376.0,118815.8,561.0
1753769577631,06:12:57.631,huobi,BTC/USDT:USDT,118815.0,14313.0,118814.8,13.0,118815.1,376.0,118815.8,561.0
1753769577645,06:12:57.645,huobi,BTC/USDT:USDT,118815.0,14313.0,118814.8,13.0,118815.1,376.0,118815.8,561.0
1753769577700,06:12:57.700,huobi,BTC/USDT:USDT,118815.0,14340.0,118814.8,13.0,118815.1,376.0,118815.8,561.0
1753769577781,06:12:57.781,huobi,BTC/USDT:USDT,118815.0,14340.0,118814.8,13.0,118815.1,376.0,118815.3,1.0
1753769577816,06:12:57.816,huobi,BTC/USDT:USDT,118815.0,14272.0,118814.8,13.0,118815.1,376.0,118815.3,1.0
1753769577941,06:12:57.941,huobi,BTC/USDT:USDT,118815.0,14340.0,118814.8,13.0,118815.1,376.0,118815.3,1.0
1753769578113,06:12:58.113,huobi,BTC/USDT:USDT,118815.0,14340.0,118814.8,13.0,118815.1,376.0,118815.8,561.0
1753769578167,06:12:58.167,huobi,BTC/USDT:USDT,118815.0,14340.0,118814.8,13.0,118815.1,376.0,118815.8,561.0
1753769578186,06:12:58.186,huobi,BTC/USDT:USDT,118815.0,14340.0,118814.8,13.0,118815.1,376.0,118815.8,561.0
1753769578305,06:12:58.305,huobi,BTC/USDT:USDT,118815.0,14340.0,118814.8,13.0,118815.1,376.0,118815.3,1.0
1753769578484,06:12:58.484,huobi,BTC/USDT:USDT,118815.0,14340.0,118814.8,13.0,118815.1,376.0,118815.8,561.0
1753769578568,06:12:58.568,huobi,BTC/USDT:USDT,118815.0,14340.0,118814.8,13.0,118815.1,376.0,118815.8,561.0
1753769578593,06:12:58.593,huobi,BTC/USDT:USDT,118815.0,14340.0,118814.8,13.0,118815.1,376.0,118815.3,1.0
1753769578848,06:12:58.848,huobi,BTC/USDT:USDT,118815.0,14340.0,118814.8,13.0,118815.1,376.0,118815.8,561.0
1753769578927,06:12:58.927,huobi,BTC/USDT:USDT,118815.0,14340.0,118814.8,13.0,118815.1,376.0,118815.8,561.0
1753769579269,06:12:59.269,huobi,BTC/USDT:USDT,118815.0,14340.0,118814.8,13.0,118815.1,376.0,118815.3,1.0
1753769579329,06:12:59.329,huobi,BTC/USDT:USDT,118815.0,14340.0,118814.8,13.0,118815.1,376.0,118815.3,1.0
1753769579678,06:12:59.678,huobi,BTC/USDT:USDT,118815.0,14313.0,118814.8,13.0,118815.1,376.0,118815.3,1.0
1753769579752,06:12:59.752,huobi,BTC/USDT:USDT,118815.0,14245.0,118814.8,13.0,118815.1,376.0,118815.3,1.0
1753769579803,06:12:59.803,huobi,BTC/USDT:USDT,118815.0,14272.0,118814.8,13.0,118815.1,376.0,118815.3,1.0
1753769579822,06:12:59.822,huobi,BTC/USDT:USDT,118815.0,14272.0,118814.8,13.0,118815.1,376.0,118815.3,1.0
1753769579861,06:12:59.861,huobi,BTC/USDT:USDT,118815.0,14272.0,118814.8,13.0,118815.1,376.0,118815.3,1.0
1753769580246,06:13:00.246,huobi,BTC/USDT:USDT,118815.0,14340.0,118814.8,13.0,118815.1,376.0,118815.3,1.0
1753769580280,06:13:00.280,huobi,BTC/USDT:USDT,118815.0,14340.0,118814.8,13.0,118815.1,376.0,118815.3,1.0
1753769580375,06:13:00.375,huobi,BTC/USDT:USDT,118815.0,14340.0,118814.8,13.0,118815.1,376.0,118815.3,1.0
1753769580468,06:13:00.468,huobi,BTC/USDT:USDT,118815.0,14340.0,118814.8,13.0,118815.1,376.0,118815.8,561.0
1753769580505,06:13:00.505,huobi,BTC/USDT:USDT,118815.0,14340.0,118814.8,13.0,118815.1,376.0,118815.4,8.0
1753769580514,06:13:00.514,huobi,BTC/USDT:USDT,118815.0,14340.0,118814.8,13.0,118815.1,376.0,118815.8,561.0
1753769580568,06:13:00.568,huobi,BTC/USDT:USDT,118815.0,14340.0,118814.8,13.0,118815.1,376.0,118815.8,561.0
1753769580615,06:13:00.615,huobi,BTC/USDT:USDT,118815.0,14340.0,118814.8,13.0,118815.1,376.0,118815.8,561.0
1753769580635,06:13:00.635,huobi,BTC/USDT:USDT,118815.0,14340.0,118814.8,13.0,118815.1,360.0,118815.3,1.0
1753769580662,06:13:00.662,huobi,BTC/USDT:USDT,118815.0,14340.0,118814.8,13.0,118815.1,354.0,118815.8,561.0
1753769580693,06:13:00.693,huobi,BTC/USDT:USDT,118815.0,14340.0,118814.8,13.0,118815.1,249.0,118815.8,561.0
1753769580728,06:13:00.728,huobi,BTC/USDT:USDT,118815.0,14340.0,118814.8,13.0,118815.1,175.0,118815.8,561.0
1753769580761,06:13:00.761,huobi,BTC/USDT:USDT,118815.0,14340.0,118814.8,13.0,118815.1,400.0,118815.8,561.0
1753769580785,06:13:00.785,huobi,BTC/USDT:USDT,118815.0,14340.0,118814.8,13.0,118815.1,400.0,118815.3,1.0
1753769580846,06:13:00.846,huobi,BTC/USDT:USDT,118815.0,14340.0,118814.8,13.0,118815.1,223.0,118815.3,1.0
1753769580881,06:13:00.881,huobi,BTC/USDT:USDT,118815.0,14340.0,118814.8,13.0,118815.1,223.0,118815.8,561.0
1753769580910,06:13:00.910,huobi,BTC/USDT:USDT,118815.0,14340.0,118814.8,13.0,118815.1,400.0,118815.8,561.0
1753769580982,06:13:00.982,huobi,BTC/USDT:USDT,118815.0,14340.0,118814.8,13.0,118815.1,334.0,118815.8,561.0
1753769581064,06:13:01.064,huobi,BTC/USDT:USDT,118815.0,14340.0,118814.8,13.0,118815.1,334.0,118815.3,1.0
1753769581126,06:13:01.126,huobi,BTC/USDT:USDT,118815.0,14340.0,118814.8,13.0,118815.1,334.0,118815.3,1.0
1753769581164,06:13:01.164,huobi,BTC/USDT:USDT,118815.0,14340.0,118814.8,13.0,118815.1,334.0,118815.3,1.0
1753769581175,06:13:01.175,huobi,BTC/USDT:USDT,118815.0,14340.0,118814.8,13.0,118815.1,334.0,118815.3,1.0
1753769581320,06:13:01.320,huobi,BTC/USDT:USDT,118815.0,14340.0,118814.8,13.0,118815.1,334.0,118815.3,1.0
1753769581333,06:13:01.333,huobi,BTC/USDT:USDT,118815.0,14340.0,118814.8,13.0,118815.1,334.0,118815.3,1.0
1753769581395,06:13:01.395,huobi,BTC/USDT:USDT,118815.0,14340.0,118814.8,13.0,118815.1,334.0,118815.3,9.0
1753769581467,06:13:01.467,huobi,BTC/USDT:USDT,118815.0,14313.0,118814.8,13.0,118815.1,334.0,118815.3,1.0
1753769581487,06:13:01.487,huobi,BTC/USDT:USDT,118815.0,13051.0,118814.8,13.0,118815.1,334.0,118815.3,1.0
1753769581506,06:13:01.506,huobi,BTC/USDT:USDT,118815.0,12983.0,118814.8,13.0,118815.1,334.0,118815.3,1.0
1753769581594,06:13:01.594,huobi,BTC/USDT:USDT,118815.0,14272.0,118814.8,13.0,118815.1,334.0,118815.3,1.0
1753769581627,06:13:01.627,huobi,BTC/USDT:USDT,118815.0,14340.0,118814.8,13.0,118815.1,334.0,118815.3,1.0
1753769581745,06:13:01.745,huobi,BTC/USDT:USDT,118815.0,14340.0,118814.8,13.0,118815.1,334.0,118815.3,1.0
1753769581787,06:13:01.787,huobi,BTC/USDT:USDT,118815.0,14340.0,118814.8,13.0,118815.1,334.0,118815.8,561.0
1753769581839,06:13:01.839,huobi,BTC/USDT:USDT,118815.0,13078.0,118814.8,13.0,118815.1,509.0,118815.8,561.0
1753769581877,06:13:01.877,huobi,BTC/USDT:USDT,118815.0,13078.0,118814.8,13.0,118815.1,509.0,118815.3,1.0
1753769581921,06:13:01.921,huobi,BTC/USDT:USDT,118815.0,13078.0,118814.8,13.0,118815.1,474.0,118815.3,1.0
1753769582111,06:13:02.111,huobi,BTC/USDT:USDT,118815.0,13078.0,118814.8,13.0,118815.1,474.0,118815.3,1.0
1753769582173,06:13:02.173,huobi,BTC/USDT:USDT,118815.0,13078.0,118814.8,13.0,118815.1,474.0,118815.3,1.0
1753769582252,06:13:02.252,huobi,BTC/USDT:USDT,118815.0,13078.0,118814.8,13.0,118815.1,474.0,118815.3,1.0
1753769582269,06:13:02.269,huobi,BTC/USDT:USDT,118815.0,13078.0,118814.8,13.0,118815.1,474.0,118815.3,1.0
1753769582293,06:13:02.293,huobi,BTC/USDT:USDT,118815.0,13078.0,118814.8,13.0,118815.1,474.0,118815.3,1.0
1753769582330,06:13:02.330,huobi,BTC/USDT:USDT,118815.0,13078.0,118814.8,13.0,118815.1,474.0,118815.8,561.0
1753769582355,06:13:02.355,huobi,BTC/USDT:USDT,118815.0,13078.0,118814.8,13.0,118815.1,474.0,118815.8,561.0
1753769582395,06:13:02.395,huobi,BTC/USDT:USDT,118815.0,13078.0,118814.8,13.0,118815.1,474.0,118815.8,561.0
1753769582411,06:13:02.411,huobi,BTC/USDT:USDT,118815.0,13078.0,118814.8,13.0,118815.1,474.0,118815.8,561.0
1753769582438,06:13:02.438,huobi,BTC/USDT:USDT,118815.0,13078.0,118814.8,13.0,118815.1,509.0,118815.8,561.0
1753769582467,06:13:02.467,huobi,BTC/USDT:USDT,118815.0,13078.0,118814.8,13.0,118815.1,509.0,118815.3,1.0
1753769582502,06:13:02.502,huobi,BTC/USDT:USDT,118815.0,13078.0,118814.8,13.0,118815.1,509.0,118815.3,1.0
1753769582603,06:13:02.603,huobi,BTC/USDT:USDT,118815.0,13078.0,118814.8,13.0,118815.1,509.0,118815.7,46.0
1753769582613,06:13:02.613,huobi,BTC/USDT:USDT,118815.0,13078.0,118814.8,13.0,118815.1,578.0,118815.7,46.0
1753769582673,06:13:02.673,huobi,BTC/USDT:USDT,118815.0,13078.0,118814.8,13.0,118815.1,578.0,118815.7,46.0
1753769582707,06:13:02.707,huobi,BTC/USDT:USDT,118815.0,13078.0,118814.8,13.0,118815.1,613.0,118815.7,46.0
1753769582741,06:13:02.741,huobi,BTC/USDT:USDT,118815.0,13078.0,118814.8,13.0,118815.1,624.0,118815.3,1.0
1753769582827,06:13:02.827,huobi,BTC/USDT:USDT,118815.0,13078.0,118814.8,13.0,118815.1,624.0,118815.3,1.0
1753769582873,06:13:02.873,huobi,BTC/USDT:USDT,118815.0,13078.0,118814.8,13.0,118815.1,624.0,118815.3,1.0
1753769582909,06:13:02.909,huobi,BTC/USDT:USDT,118815.0,13078.0,118814.8,13.0,118815.1,624.0,118815.6,35.0
1753769582940,06:13:02.940,huobi,BTC/USDT:USDT,118815.0,13078.0,118814.8,13.0,118815.1,624.0,118815.6,35.0
1753769582983,06:13:02.983,huobi,BTC/USDT:USDT,118815.0,13078.0,118814.8,13.0,118815.1,659.0,118815.3,1.0
1753769583014,06:13:03.014,huobi,BTC/USDT:USDT,118815.0,13078.0,118814.8,13.0,118815.1,659.0,118815.2,46.0
1753769583105,06:13:03.105,huobi,BTC/USDT:USDT,118815.0,13078.0,118814.8,13.0,118815.1,659.0,118815.2,46.0
1753769583133,06:13:03.133,huobi,BTC/USDT:USDT,118815.0,13078.0,118814.8,13.0,118815.1,659.0,118815.2,46.0
1753769583166,06:13:03.166,huobi,BTC/USDT:USDT,118815.0,13078.0,118814.8,13.0,118815.1,624.0,118815.2,46.0
1753769583225,06:13:03.225,huobi,BTC/USDT:USDT,118815.0,13078.0,118814.8,13.0,118815.1,624.0,118815.2,46.0
1753769583253,06:13:03.253,huobi,BTC/USDT:USDT,118815.0,13051.0,118814.8,13.0,118815.1,659.0,118815.2,46.0
1753769583325,06:13:03.325,huobi,BTC/USDT:USDT,118815.0,13051.0,118814.8,13.0,118815.1,659.0,118815.2,46.0
1753769583377,06:13:03.377,huobi,BTC/USDT:USDT,118815.0,13078.0,118814.8,13.0,118815.1,659.0,118815.2,46.0
1753769583514,06:13:03.514,huobi,BTC/USDT:USDT,118815.0,13078.0,118814.8,13.0,118815.1,659.0,118815.2,46.0
1753769583613,06:13:03.613,huobi,BTC/USDT:USDT,118815.0,13010.0,118814.8,13.0,118815.1,659.0,118815.2,46.0
1753769583740,06:13:03.740,huobi,BTC/USDT:USDT,118815.0,13078.0,118814.8,13.0,118815.1,659.0,118815.2,46.0
1753769583793,06:13:03.793,huobi,BTC/USDT:USDT,118815.0,13078.0,118814.8,13.0,118815.1,659.0,118815.2,46.0
1753769583951,06:13:03.951,huobi,BTC/USDT:USDT,118815.0,13078.0,118814.8,13.0,118815.1,694.0,118815.2,46.0
1753769584021,06:13:04.021,huobi,BTC/USDT:USDT,118815.0,13078.0,118814.8,13.0,118815.1,694.0,118815.2,46.0
1753769584046,06:13:04.046,huobi,BTC/USDT:USDT,118815.0,13078.0,118814.8,13.0,118815.1,694.0,118815.2,46.0
1753769584064,06:13:04.064,huobi,BTC/USDT:USDT,118815.0,13078.0,118814.8,13.0,118815.1,694.0,118815.2,46.0
1753769584116,06:13:04.116,huobi,BTC/USDT:USDT,118815.0,13078.0,118814.8,13.0,118815.1,694.0,118815.2,46.0
1753769584383,06:13:04.383,huobi,BTC/USDT:USDT,118815.0,13078.0,118814.8,13.0,118815.1,694.0,118815.2,46.0
1753769584486,06:13:04.486,huobi,BTC/USDT:USDT,118815.0,13078.0,118814.8,13.0,118815.1,694.0,118815.2,46.0
1753769584504,06:13:04.504,huobi,BTC/USDT:USDT,118815.0,13078.0,118814.8,13.0,118815.1,694.0,118815.2,46.0
1753769584817,06:13:04.817,huobi,BTC/USDT:USDT,118815.0,13078.0,118814.8,13.0,118815.1,694.0,118815.2,46.0
1753769584863,06:13:04.863,huobi,BTC/USDT:USDT,118815.0,13078.0,118814.8,13.0,118815.1,694.0,118815.2,46.0
1753769584903,06:13:04.903,huobi,BTC/USDT:USDT,118815.0,13078.0,118814.8,13.0,118815.1,694.0,118815.2,46.0
1753769584930,06:13:04.930,huobi,BTC/USDT:USDT,118815.0,13078.0,118814.8,13.0,118815.1,659.0,118815.2,81.0
1753769585264,06:13:05.264,huobi,BTC/USDT:USDT,118815.0,13078.0,118814.8,13.0,118815.1,649.0,118815.2,81.0
1753769585286,06:13:05.286,huobi,BTC/USDT:USDT,118815.0,13051.0,118814.8,13.0,118815.1,635.0,118815.2,81.0
1753769585316,06:13:05.316,huobi,BTC/USDT:USDT,118815.0,13051.0,118814.8,13.0,118815.1,611.0,118815.2,46.0
1753769585350,06:13:05.350,huobi,BTC/USDT:USDT,118815.0,13051.0,118814.8,13.0,118815.1,416.0,118815.2,46.0
1753769585393,06:13:05.393,huobi,BTC/USDT:USDT,118815.0,12983.0,118814.8,13.0,118815.1,416.0,118815.2,46.0
1753769585408,06:13:05.408,huobi,BTC/USDT:USDT,118815.0,13010.0,118814.8,13.0,118815.1,416.0,118815.2,46.0
1753769585463,06:13:05.463,huobi,BTC/USDT:USDT,118815.0,13010.0,118814.8,13.0,118815.1,370.0,118815.3,1.0
1753769585506,06:13:05.506,huobi,BTC/USDT:USDT,118815.0,13078.0,118814.8,13.0,118815.1,370.0,118815.3,1.0
1753769585541,06:13:05.541,huobi,BTC/USDT:USDT,118815.0,13078.0,118814.8,13.0,118815.1,370.0,118815.8,561.0
1753769585613,06:13:05.613,huobi,BTC/USDT:USDT,118815.0,13068.0,118814.8,13.0,118815.1,370.0,118815.8,561.0
1753769585657,06:13:05.657,huobi,BTC/USDT:USDT,118815.0,13068.0,118814.8,13.0,118815.1,370.0,118815.8,561.0
1753769585792,06:13:05.792,huobi,BTC/USDT:USDT,118815.0,13068.0,118814.8,13.0,118815.1,370.0,118815.8,561.0
1753769585799,06:13:05.799,huobi,BTC/USDT:USDT,118815.0,13068.0,118814.8,13.0,118815.1,370.0,118815.3,1.0
1753769585828,06:13:05.828,huobi,BTC/USDT:USDT,118815.0,13068.0,118814.8,13.0,118815.1,370.0,118815.3,1.0
1753769585942,06:13:05.942,huobi,BTC/USDT:USDT,118815.0,13068.0,118814.8,13.0,118815.1,370.0,118815.8,561.0
1753769585955,06:13:05.955,huobi,BTC/USDT:USDT,118815.0,13068.0,118814.8,13.0,118815.1,370.0,118815.8,561.0
1753769586017,06:13:06.017,huobi,BTC/USDT:USDT,118815.0,13068.0,118814.8,13.0,118815.1,370.0,118815.8,561.0
1753769586035,06:13:06.035,huobi,BTC/USDT:USDT,118815.0,13068.0,118814.8,13.0,118815.1,370.0,118815.8,561.0
1753769586067,06:13:06.067,huobi,BTC/USDT:USDT,118815.0,13066.0,118814.8,13.0,118815.1,370.0,118815.8,561.0
1753769586126,06:13:06.126,huobi,BTC/USDT:USDT,118815.0,13066.0,118814.8,13.0,118815.1,370.0,118815.8,561.0
1753769586177,06:13:06.177,huobi,BTC/USDT:USDT,118815.0,13066.0,118814.8,13.0,118815.1,370.0,118815.8,561.0
1753769586187,06:13:06.187,huobi,BTC/USDT:USDT,118815.0,13066.0,118814.8,13.0,118815.1,370.0,118815.8,561.0
1753769586216,06:13:06.216,huobi,BTC/USDT:USDT,118815.0,13066.0,118814.8,13.0,118815.1,370.0,118815.8,561.0
1753769586288,06:13:06.288,huobi,BTC/USDT:USDT,118815.0,13066.0,118814.8,13.0,118815.1,370.0,118815.8,561.0
1753769586290,06:13:06.290,huobi,BTC/USDT:USDT,118815.0,13066.0,118814.8,13.0,118815.1,370.0,118815.8,561.0
1753769586401,06:13:06.401,huobi,BTC/USDT:USDT,118815.0,13066.0,118814.8,13.0,118815.1,370.0,118815.8,561.0
1753769586465,06:13:06.465,huobi,BTC/USDT:USDT,118815.0,13066.0,118814.8,13.0,118815.1,370.0,118815.8,561.0
1753769586628,06:13:06.628,huobi,BTC/USDT:USDT,118815.0,13066.0,118814.8,13.0,118815.1,367.0,118815.8,561.0
1753769586635,06:13:06.635,huobi,BTC/USDT:USDT,118815.0,13066.0,118814.8,13.0,118815.1,367.0,118815.8,561.0
1753769586680,06:13:06.680,huobi,BTC/USDT:USDT,118815.0,13066.0,118814.8,13.0,118815.1,367.0,118815.3,1.0
1753769586701,06:13:06.701,huobi,BTC/USDT:USDT,118815.0,13066.0,118814.8,13.0,118815.1,367.0,118815.3,1.0
1753769586733,06:13:06.733,huobi,BTC/USDT:USDT,118815.0,13066.0,118814.8,13.0,118815.1,367.0,118815.8,561.0
1753769586787,06:13:06.787,huobi,BTC/USDT:USDT,118815.0,13066.0,118814.8,13.0,118815.1,367.0,118815.8,561.0
1753769586825,06:13:06.825,huobi,BTC/USDT:USDT,118815.0,13066.0,118814.8,13.0,118815.1,366.0,118815.8,561.0
1753769586850,06:13:06.850,huobi,BTC/USDT:USDT,118815.0,13066.0,118814.8,13.0,118815.1,366.0,118815.8,561.0
1753769587063,06:13:07.063,huobi,BTC/USDT:USDT,118815.0,13066.0,118814.8,13.0,118815.1,366.0,118815.8,561.0
1753769587086,06:13:07.086,huobi,BTC/USDT:USDT,118815.0,13066.0,118814.8,13.0,118815.1,366.0,118815.3,1.0
1753769587156,06:13:07.156,huobi,BTC/USDT:USDT,118815.0,12971.0,118814.8,13.0,118815.1,366.0,118815.3,1.0
1753769587231,06:13:07.231,huobi,BTC/USDT:USDT,118815.0,12998.0,118814.8,13.0,118815.1,366.0,118815.3,1.0
1753769587279,06:13:07.279,huobi,BTC/USDT:USDT,118815.0,13066.0,118814.8,13.0,118815.1,366.0,118815.3,1.0
1753769587605,06:13:07.605,huobi,BTC/USDT:USDT,118815.0,13066.0,118814.8,13.0,118815.1,366.0,118815.8,561.0
1753769587632,06:13:07.632,huobi,BTC/USDT:USDT,118815.0,13066.0,118814.8,13.0,118815.1,366.0,118815.8,561.0
1753769587698,06:13:07.698,huobi,BTC/USDT:USDT,118815.0,13056.0,118814.8,13.0,118815.1,366.0,118815.8,561.0
1753769588031,06:13:08.031,huobi,BTC/USDT:USDT,118815.0,13056.0,118814.8,13.0,118815.1,366.0,118815.3,1.0
1753769588059,06:13:08.059,huobi,BTC/USDT:USDT,118815.0,13056.0,118814.8,13.0,118815.1,366.0,118815.3,1.0
1753769588082,06:13:08.082,huobi,BTC/USDT:USDT,118815.0,13056.0,118814.8,13.0,118815.1,541.0,118815.3,1.0
1753769588118,06:13:08.118,huobi,BTC/USDT:USDT,118815.0,13056.0,118814.8,13.0,118815.1,541.0,118815.3,1.0
1753769588133,06:13:08.133,huobi,BTC/USDT:USDT,118815.0,13056.0,118814.8,13.0,118815.1,541.0,118815.3,1.0
1753769588414,06:13:08.414,huobi,BTC/USDT:USDT,118815.0,13056.0,118814.8,13.0,118815.1,541.0,118815.3,1.0
1753769588466,06:13:08.466,huobi,BTC/USDT:USDT,118815.0,13056.0,118814.8,13.0,118815.1,506.0,118815.3,1.0
1753769588527,06:13:08.527,huobi,BTC/USDT:USDT,118815.0,13056.0,118814.8,13.0,118815.1,506.0,118815.3,1.0
1753769588554,06:13:08.554,huobi,BTC/USDT:USDT,118815.0,13056.0,118814.8,13.0,118815.1,506.0,118815.8,607.0
1753769588867,06:13:08.867,huobi,BTC/USDT:USDT,118815.0,13056.0,118814.8,13.0,118815.1,506.0,118815.8,607.0
1753769588893,06:13:08.893,huobi,BTC/USDT:USDT,118815.0,13056.0,118814.8,13.0,118815.1,506.0,118815.8,607.0
1753769588920,06:13:08.920,huobi,BTC/USDT:USDT,118815.0,13056.0,118814.8,13.0,118815.1,541.0,118815.8,607.0
1753769589034,06:13:09.034,huobi,BTC/USDT:USDT,118815.0,12988.0,118814.8,13.0,118815.1,541.0,118815.8,607.0
1753769589075,06:13:09.075,huobi,BTC/USDT:USDT,118815.0,12988.0,118814.8,13.0,118815.1,541.0,118815.3,1.0
1753769589104,06:13:09.104,huobi,BTC/USDT:USDT,118815.0,12988.0,118814.8,13.0,118815.1,506.0,118815.8,607.0
1753769589127,06:13:09.127,huobi,BTC/USDT:USDT,118815.0,12961.0,118814.8,13.0,118815.1,506.0,118815.8,607.0
1753769589162,06:13:09.162,huobi,BTC/USDT:USDT,118815.0,13029.0,118814.8,13.0,118815.1,622.0,118815.3,1.0
1753769589186,06:13:09.186,huobi,BTC/USDT:USDT,118815.0,13029.0,118814.8,13.0,118815.1,622.0,118815.3,1.0
1753769589237,06:13:09.237,huobi,BTC/USDT:USDT,118815.0,13056.0,118814.8,13.0,118815.1,622.0,118815.3,1.0
1753769589396,06:13:09.396,huobi,BTC/USDT:USDT,118815.0,13056.0,118814.8,13.0,118815.1,622.0,118815.8,607.0
1753769589451,06:13:09.451,huobi,BTC/USDT:USDT,118815.0,13056.0,118814.8,13.0,118815.1,587.0,118815.3,1.0
1753769589459,06:13:09.459,huobi,BTC/USDT:USDT,118815.0,13056.0,118814.8,13.0,118815.1,587.0,118815.3,1.0
1753769589494,06:13:09.494,huobi,BTC/USDT:USDT,118815.0,13056.0,118814.8,13.0,118815.1,587.0,118815.3,1.0
1753769589521,06:13:09.521,huobi,BTC/USDT:USDT,118815.0,13056.0,118814.8,13.0,118815.1,587.0,118815.3,1.0
1753769589555,06:13:09.555,huobi,BTC/USDT:USDT,118815.0,13056.0,118814.8,13.0,118815.1,587.0,118815.8,607.0
1753769589627,06:13:09.627,huobi,BTC/USDT:USDT,118815.0,13056.0,118814.8,13.0,118815.1,622.0,118815.8,607.0
1753769589852,06:13:09.852,huobi,BTC/USDT:USDT,118815.0,13056.0,118814.8,13.0,118815.1,622.0,118815.8,642.0
1753769589915,06:13:09.915,huobi,BTC/USDT:USDT,118815.0,13056.0,118814.8,13.0,118815.1,587.0,118815.8,642.0
1753769589963,06:13:09.963,huobi,BTC/USDT:USDT,118815.0,13056.0,118814.8,13.0,118815.1,587.0,118815.8,642.0
1753769589999,06:13:09.999,huobi,BTC/USDT:USDT,118815.0,13056.0,118814.8,13.0,118815.1,622.0,118815.3,1.0
1753769590027,06:13:10.027,huobi,BTC/USDT:USDT,118815.0,13056.0,118814.8,13.0,118815.1,622.0,118815.3,1.0
1753769590096,06:13:10.096,huobi,BTC/USDT:USDT,118815.0,13056.0,118814.8,13.0,118815.1,587.0,118815.3,1.0
1753769590116,06:13:10.116,huobi,BTC/USDT:USDT,118815.0,13056.0,118814.8,13.0,118815.1,587.0,118815.3,1.0
1753769590162,06:13:10.162,huobi,BTC/USDT:USDT,118815.0,13056.0,118814.8,13.0,118815.1,622.0,118815.2,46.0
1753769590210,06:13:10.210,huobi,BTC/USDT:USDT,118815.0,13056.0,118814.8,13.0,118815.1,622.0,118815.2,46.0
1753769590333,06:13:10.333,huobi,BTC/USDT:USDT,118815.0,13056.0,118814.8,13.0,118815.1,622.0,118815.2,46.0
1753769590402,06:13:10.402,huobi,BTC/USDT:USDT,118815.0,13056.0,118814.8,13.0,118815.1,622.0,118815.2,46.0
1753769590427,06:13:10.427,huobi,BTC/USDT:USDT,118815.0,13056.0,118814.8,13.0,118815.1,622.0,118815.2,46.0
1753769590476,06:13:10.476,huobi,BTC/USDT:USDT,118815.0,13056.0,118814.8,13.0,118815.1,622.0,118815.2,46.0
1753769590630,06:13:10.630,huobi,BTC/USDT:USDT,118815.0,13056.0,118814.8,13.0,118815.1,622.0,118815.2,46.0
1753769590689,06:13:10.689,huobi,BTC/USDT:USDT,118815.0,13056.0,118814.8,13.0,118815.1,506.0,118815.8,561.0
1753769590726,06:13:10.726,huobi,BTC/USDT:USDT,118815.0,13056.0,118814.8,13.0,118815.1,506.0,118815.8,561.0
1753769590744,06:13:10.744,huobi,BTC/USDT:USDT,118815.0,13056.0,118814.8,13.0,118815.1,506.0,118815.8,561.0
1753769590784,06:13:10.784,huobi,BTC/USDT:USDT,118815.0,13056.0,118814.8,13.0,118815.1,506.0,118815.3,1.0
1753769590816,06:13:10.816,huobi,BTC/USDT:USDT,118815.0,13056.0,118814.8,13.0,118815.1,506.0,118815.3,1.0
1753769590880,06:13:10.880,huobi,BTC/USDT:USDT,118815.0,13056.0,118814.8,13.0,118815.1,506.0,118815.3,1.0
1753769590896,06:13:10.896,huobi,BTC/USDT:USDT,118815.0,13056.0,118814.8,13.0,118815.1,506.0,118815.8,561.0
1753769590935,06:13:10.935,huobi,BTC/USDT:USDT,118815.0,13029.0,118814.8,13.0,118815.1,506.0,118815.8,561.0
1753769590967,06:13:10.967,huobi,BTC/USDT:USDT,118815.0,13029.0,118814.8,13.0,118815.1,506.0,118815.8,561.0
1753769590995,06:13:10.995,huobi,BTC/USDT:USDT,118815.0,13029.0,118814.8,13.0,118815.1,506.0,118815.8,561.0
1753769591020,06:13:11.020,huobi,BTC/USDT:USDT,118815.0,13029.0,118814.8,13.0,118815.1,506.0,118815.8,561.0
1753769591085,06:13:11.085,huobi,BTC/USDT:USDT,118815.0,12961.0,118814.8,13.0,118815.1,506.0,118815.8,561.0
1753769591088,06:13:11.088,huobi,BTC/USDT:USDT,118815.0,12988.0,118814.8,13.0,118815.1,506.0,118815.8,561.0
1753769591127,06:13:11.127,huobi,BTC/USDT:USDT,118815.0,12988.0,118814.8,13.0,118815.1,506.0,118815.8,561.0
1753769591162,06:13:11.162,huobi,BTC/USDT:USDT,118815.0,13056.0,118814.8,13.0,118815.1,506.0,118815.8,561.0
1753769591192,06:13:11.192,huobi,BTC/USDT:USDT,118815.0,13056.0,118814.8,13.0,118815.1,506.0,118815.8,561.0
1753769591269,06:13:11.269,huobi,BTC/USDT:USDT,118815.0,13056.0,118814.8,13.0,118815.1,506.0,118815.3,1.0
1753769591293,06:13:11.293,huobi,BTC/USDT:USDT,118815.0,13056.0,118814.8,13.0,118815.1,506.0,118815.3,1.0
1753769591837,06:13:11.837,huobi,BTC/USDT:USDT,118815.0,13056.0,118814.8,13.0,118815.1,506.0,118815.8,561.0
1753769591861,06:13:11.861,huobi,BTC/USDT:USDT,118815.0,13056.0,118814.8,13.0,118815.1,506.0,118815.8,561.0
1753769591945,06:13:11.945,huobi,BTC/USDT:USDT,118815.0,13056.0,118814.8,13.0,118815.1,506.0,118815.8,561.0
1753769591984,06:13:11.984,huobi,BTC/USDT:USDT,118815.0,13056.0,118814.8,13.0,118815.1,541.0,118815.8,607.0
1753769592031,06:13:12.031,huobi,BTC/USDT:USDT,118815.0,13056.0,118814.8,13.0,118815.1,506.0,118815.8,607.0
1753769592041,06:13:12.041,huobi,BTC/USDT:USDT,118815.0,13056.0,118814.8,13.0,118815.1,506.0,118815.8,607.0
1753769592104,06:13:12.104,huobi,BTC/USDT:USDT,118815.0,13056.0,118814.8,13.0,118815.1,506.0,118815.8,607.0
1753769592321,06:13:12.321,huobi,BTC/USDT:USDT,118815.0,13056.0,118814.8,13.0,118815.1,506.0,118815.3,1.0
1753769592380,06:13:12.380,huobi,BTC/USDT:USDT,118815.0,13056.0,118814.8,13.0,118815.1,506.0,118815.3,1.0
1753769592506,06:13:12.506,huobi,BTC/USDT:USDT,118815.0,13056.0,118814.8,13.0,118815.1,622.0,118815.3,1.0
1753769592520,06:13:12.520,huobi,BTC/USDT:USDT,118815.0,13056.0,118814.8,13.0,118815.1,622.0,118815.3,1.0
1753769592700,06:13:12.700,huobi,BTC/USDT:USDT,118815.0,13056.0,118814.8,13.0,118815.1,622.0,118815.3,1.0
1753769592758,06:13:12.758,huobi,BTC/USDT:USDT,118815.0,13056.0,118814.8,13.0,118815.1,622.0,118815.3,1.0
1753769592836,06:13:12.836,huobi,BTC/USDT:USDT,118815.0,13056.0,118814.8,13.0,118815.1,622.0,118815.8,607.0
1753769592843,06:13:12.843,huobi,BTC/USDT:USDT,118815.0,13056.0,118814.8,13.0,118815.1,622.0,118815.8,607.0
1753769592887,06:13:12.887,huobi,BTC/USDT:USDT,118815.0,13056.0,118814.8,13.0,118815.1,622.0,118815.7,35.0
1753769592927,06:13:12.927,huobi,BTC/USDT:USDT,118815.0,13029.0,118814.8,13.0,118815.1,622.0,118815.7,35.0
1753769592944,06:13:12.944,huobi,BTC/USDT:USDT,118815.0,13029.0,118814.8,13.0,118815.1,622.0,118815.6,46.0
1753769592989,06:13:12.989,huobi,BTC/USDT:USDT,118815.0,13029.0,118814.8,13.0,118815.1,587.0,118815.3,1.0
1753769593017,06:13:13.017,huobi,BTC/USDT:USDT,118815.0,13056.0,118814.8,13.0,118815.1,587.0,118815.3,1.0
1753769593030,06:13:13.030,huobi,BTC/USDT:USDT,118815.0,13056.0,118814.8,13.0,118815.1,587.0,118815.3,1.0
1753769593088,06:13:13.088,huobi,BTC/USDT:USDT,118815.0,12988.0,118814.8,13.0,118815.1,587.0,118815.3,1.0
1753769593211,06:13:13.211,huobi,BTC/USDT:USDT,118815.0,13056.0,118814.8,13.0,118815.1,587.0,118815.3,1.0
1753769593233,06:13:13.233,huobi,BTC/USDT:USDT,118815.0,13056.0,118814.8,13.0,118815.1,622.0,118815.3,1.0
1753769593289,06:13:13.289,huobi,BTC/USDT:USDT,118815.0,13046.0,118814.8,13.0,118815.1,622.0,118815.3,1.0
1753769593317,06:13:13.317,huobi,BTC/USDT:USDT,118815.0,13046.0,118814.8,13.0,118815.1,622.0,118815.6,46.0
1753769593330,06:13:13.330,huobi,BTC/USDT:USDT,118815.0,13046.0,118814.8,13.0,118815.1,622.0,118815.6,46.0
1753769593394,06:13:13.394,huobi,BTC/USDT:USDT,118815.0,13056.0,118814.8,13.0,118815.1,587.0,118815.6,46.0
1753769593437,06:13:13.437,huobi,BTC/USDT:USDT,118815.0,13056.0,118814.8,13.0,118815.1,587.0,118815.3,1.0
1753769593469,06:13:13.469,huobi,BTC/USDT:USDT,118815.0,13056.0,118814.8,13.0,118815.1,622.0,118815.2,46.0
1753769593481,06:13:13.481,huobi,BTC/USDT:USDT,118815.0,13056.0,118814.8,13.0,118815.1,622.0,118815.2,46.0
1753769593533,06:13:13.533,huobi,BTC/USDT:USDT,118815.0,12859.0,118814.8,13.0,118815.1,625.0,118815.2,81.0
1753769593567,06:13:13.567,huobi,BTC/USDT:USDT,118815.0,12065.0,118814.8,13.0,118815.1,625.0,118815.2,81.0
1753769593599,06:13:13.599,huobi,BTC/USDT:USDT,118815.0,12065.0,118814.8,13.0,118815.1,625.0,118815.2,81.0
1753769593642,06:13:13.642,huobi,BTC/USDT:USDT,118815.0,12073.0,118814.8,13.0,118815.1,625.0,118815.2,81.0
1753769593821,06:13:13.821,huobi,BTC/USDT:USDT,118815.0,12073.0,118814.8,13.0,118815.1,625.0,118815.2,81.0
1753769593838,06:13:13.838,huobi,BTC/USDT:USDT,118815.0,12073.0,118814.8,13.0,118815.1,625.0,118815.2,81.0
1753769593891,06:13:13.891,huobi,BTC/USDT:USDT,118815.0,12073.0,118814.8,13.0,118815.1,625.0,118815.2,81.0
1753769594044,06:13:14.044,huobi,BTC/USDT:USDT,118815.0,12073.0,118814.8,13.0,118815.1,625.0,118815.2,81.0
1753769594085,06:13:14.085,huobi,BTC/USDT:USDT,118815.0,12073.0,118814.8,13.0,118815.1,625.0,118815.2,81.0
1753769594430,06:13:14.430,huobi,BTC/USDT:USDT,118815.0,12073.0,118814.8,13.0,118815.1,625.0,118815.2,81.0
1753769594444,06:13:14.444,huobi,BTC/USDT:USDT,118815.0,12073.0,118814.8,13.0,118815.1,625.0,118815.2,81.0
1753769594715,06:13:14.715,huobi,BTC/USDT:USDT,118815.0,12073.0,118814.8,13.0,118815.1,625.0,118815.2,81.0
1753769594738,06:13:14.738,huobi,BTC/USDT:USDT,118815.0,12073.0,118814.8,13.0,118815.1,625.0,118815.2,81.0
1753769594814,06:13:14.814,huobi,BTC/USDT:USDT,118815.0,12046.0,118814.8,13.0,118815.1,625.0,118815.2,81.0
1753769594874,06:13:14.874,huobi,BTC/USDT:USDT,118815.0,11978.0,118814.8,13.0,118815.1,625.0,118815.2,81.0
1753769594907,06:13:14.907,huobi,BTC/USDT:USDT,118815.0,11978.0,118814.8,13.0,118815.1,625.0,118815.2,81.0
1753769594928,06:13:14.928,huobi,BTC/USDT:USDT,118815.0,11978.0,118814.8,13.0,118815.1,625.0,118815.2,81.0
1753769594956,06:13:14.956,huobi,BTC/USDT:USDT,118815.0,12005.0,118814.8,13.0,118815.1,625.0,118815.2,81.0
1753769595000,06:13:15.000,huobi,BTC/USDT:USDT,118815.0,12073.0,118814.8,13.0,118815.1,625.0,118815.2,81.0
1753769595015,06:13:15.015,huobi,BTC/USDT:USDT,118815.0,12073.0,118814.8,13.0,118815.1,625.0,118815.2,81.0
1753769595041,06:13:15.041,huobi,BTC/USDT:USDT,118815.0,12073.0,118814.8,13.0,118815.1,625.0,118815.2,81.0
1753769595089,06:13:15.089,huobi,BTC/USDT:USDT,118815.0,12073.0,118814.8,13.0,118815.1,630.0,118815.2,81.0
1753769595127,06:13:15.127,huobi,BTC/USDT:USDT,118815.0,12073.0,118814.8,13.0,118815.1,630.0,118815.2,81.0
1753769595420,06:13:15.420,huobi,BTC/USDT:USDT,118815.0,12065.0,118814.8,13.0,118815.1,630.0,118815.2,81.0
1753769595421,06:13:15.421,huobi,BTC/USDT:USDT,118815.0,12065.0,118814.8,13.0,118815.1,630.0,118815.2,81.0
1753769595482,06:13:15.482,huobi,BTC/USDT:USDT,118815.0,12065.0,118814.8,13.0,118815.1,630.0,118815.2,81.0
1753769595636,06:13:15.636,huobi,BTC/USDT:USDT,118815.0,12119.0,118814.8,13.0,118815.1,630.0,118815.2,81.0
1753769596001,06:13:16.001,huobi,BTC/USDT:USDT,118815.0,12119.0,118814.8,13.0,118815.1,630.0,118815.2,81.0
1753769596169,06:13:16.169,huobi,BTC/USDT:USDT,118815.0,12129.0,118814.8,13.0,118815.1,630.0,118815.2,81.0
1753769596331,06:13:16.331,huobi,BTC/USDT:USDT,118815.0,12129.0,118814.8,13.0,118815.1,630.0,118815.2,81.0
1753769596389,06:13:16.389,huobi,BTC/USDT:USDT,118815.0,12129.0,118814.8,13.0,118815.1,630.0,118815.2,81.0
1753769596438,06:13:16.438,huobi,BTC/USDT:USDT,118815.0,12870.0,118814.8,13.0,118815.1,630.0,118815.2,81.0
1753769596500,06:13:16.500,huobi,BTC/USDT:USDT,118815.0,12870.0,118814.8,13.0,118815.1,630.0,118815.2,81.0
1753769596631,06:13:16.631,huobi,BTC/USDT:USDT,118815.0,12870.0,118814.8,13.0,118815.1,630.0,118815.2,81.0
1753769596654,06:13:16.654,huobi,BTC/USDT:USDT,118815.0,12870.0,118814.8,13.0,118815.1,630.0,118815.2,81.0
1753769596700,06:13:16.700,huobi,BTC/USDT:USDT,118815.0,12802.0,118814.8,13.0,118815.1,630.0,118815.2,81.0
1753769596773,06:13:16.773,huobi,BTC/USDT:USDT,118815.0,12802.0,118814.8,13.0,118815.1,630.0,118815.2,81.0
1753769596825,06:13:16.825,huobi,BTC/USDT:USDT,118815.0,12870.0,118814.8,13.0,118815.1,630.0,118815.2,81.0
1753769596833,06:13:16.833,huobi,BTC/USDT:USDT,118815.0,12870.0,118814.8,13.0,118815.1,630.0,118815.2,81.0
1753769596904,06:13:16.904,huobi,BTC/USDT:USDT,118815.0,12870.0,118814.8,13.0,118815.1,630.0,118815.2,81.0
1753769596996,06:13:16.996,huobi,BTC/USDT:USDT,118815.0,12833.0,118814.8,13.0,118815.1,630.0,118815.2,81.0
1753769597022,06:13:17.022,huobi,BTC/USDT:USDT,118815.0,12833.0,118814.8,13.0,118815.1,595.0,118815.2,81.0
1753769597200,06:13:17.200,huobi,BTC/USDT:USDT,118815.0,12850.0,118814.8,13.0,118815.1,595.0,118815.2,81.0
1753769597390,06:13:17.390,huobi,BTC/USDT:USDT,118815.0,12850.0,118814.8,13.0,118815.1,595.0,118815.2,81.0
1753769597412,06:13:17.412,huobi,BTC/USDT:USDT,118815.0,12840.0,118814.8,13.0,118815.1,595.0,118815.2,81.0
1753769597435,06:13:17.435,huobi,BTC/USDT:USDT,118815.0,12830.0,118814.8,13.0,118815.1,595.0,118815.2,81.0
1753769597489,06:13:17.489,huobi,BTC/USDT:USDT,118815.0,12830.0,118814.8,13.0,118815.1,630.0,118815.2,81.0
1753769597505,06:13:17.505,huobi,BTC/USDT:USDT,118815.0,12830.0,118814.8,13.0,118815.1,630.0,118815.2,81.0
1753769597626,06:13:17.626,huobi,BTC/USDT:USDT,118815.0,12820.0,118814.8,13.0,118815.1,628.0,118815.2,81.0
1753769597666,06:13:17.666,huobi,BTC/USDT:USDT,118815.0,12830.0,118814.8,13.0,118815.1,628.0,118815.2,81.0
1753769597849,06:13:17.849,huobi,BTC/USDT:USDT,118815.0,12840.0,118814.8,13.0,118815.1,628.0,118815.2,81.0
1753769597870,06:13:17.870,huobi,BTC/USDT:USDT,118815.0,12840.0,118814.8,13.0,118815.1,628.0,118815.2,81.0
1753769598085,06:13:18.085,huobi,BTC/USDT:USDT,118815.0,12840.0,118814.8,13.0,118815.1,628.0,118815.2,81.0
1753769598117,06:13:18.117,huobi,BTC/USDT:USDT,118815.0,12840.0,118814.8,13.0,118815.1,628.0,118815.2,81.0
1753769598172,06:13:18.172,huobi,BTC/USDT:USDT,118815.0,12840.0,118814.8,13.0,118815.1,628.0,118815.2,81.0
1753769598195,06:13:18.195,huobi,BTC/USDT:USDT,118815.0,12840.0,118814.8,13.0,118815.1,628.0,118815.2,81.0
1753769598232,06:13:18.232,huobi,BTC/USDT:USDT,118815.0,12830.0,118814.8,13.0,118815.1,628.0,118815.2,81.0
1753769598266,06:13:18.266,huobi,BTC/USDT:USDT,118815.0,12830.0,118814.8,13.0,118815.1,628.0,118815.2,81.0
1753769598389,06:13:18.389,huobi,BTC/USDT:USDT,118815.0,12830.0,118814.8,13.0,118815.1,628.0,118815.2,81.0
1753769598410,06:13:18.410,huobi,BTC/USDT:USDT,118815.0,12840.0,118814.8,13.0,118815.1,628.0,118815.2,81.0
1753769598445,06:13:18.445,huobi,BTC/USDT:USDT,118815.0,12772.0,118814.8,13.0,118815.1,628.0,118815.2,81.0
1753769598512,06:13:18.512,huobi,BTC/USDT:USDT,118815.0,12772.0,118814.8,13.0,118815.1,628.0,118815.2,81.0
1753769598533,06:13:18.533,huobi,BTC/USDT:USDT,118815.0,12772.0,118814.8,13.0,118815.1,628.0,118815.2,81.0
1753769598559,06:13:18.559,huobi,BTC/USDT:USDT,118815.0,12772.0,118814.8,13.0,118815.1,628.0,118815.2,81.0
1753769598657,06:13:18.657,huobi,BTC/USDT:USDT,118815.0,12840.0,118814.8,13.0,118815.1,628.0,118815.2,81.0
1753769598687,06:13:18.687,huobi,BTC/USDT:USDT,118815.0,12840.0,118814.8,13.0,118815.1,628.0,118815.2,81.0
1753769599122,06:13:19.122,huobi,BTC/USDT:USDT,118815.0,12813.0,118814.8,13.0,118815.1,628.0,118815.2,81.0
1753769599168,06:13:19.168,huobi,BTC/USDT:USDT,118815.0,12813.0,118814.8,13.0,118815.1,628.0,118815.2,81.0
1753769599224,06:13:19.224,huobi,BTC/USDT:USDT,118815.0,12813.0,118814.8,13.0,118815.1,628.0,118815.2,81.0
1753769599245,06:13:19.245,huobi,BTC/USDT:USDT,118815.0,12840.0,118814.8,13.0,118815.1,628.0,118815.2,81.0
1753769599451,06:13:19.451,huobi,BTC/USDT:USDT,118815.0,12840.0,118814.8,13.0,118815.1,628.0,118815.2,81.0
1753769599580,06:13:19.580,huobi,BTC/USDT:USDT,118815.0,12840.0,118814.8,13.0,118815.1,628.0,118815.2,81.0
1753769599633,06:13:19.633,huobi,BTC/USDT:USDT,118815.0,12840.0,118814.8,13.0,118815.1,628.0,118815.2,81.0
1753769599790,06:13:19.790,huobi,BTC/USDT:USDT,118815.0,12653.0,118814.8,13.0,118815.1,628.0,118815.2,81.0
1753769599829,06:13:19.829,huobi,BTC/USDT:USDT,118815.0,12653.0,118814.8,13.0,118815.1,628.0,118815.2,81.0
1753769599949,06:13:19.949,huobi,BTC/USDT:USDT,118815.0,12653.0,118814.8,13.0,118815.1,628.0,118815.2,81.0
1753769600196,06:13:20.196,huobi,BTC/USDT:USDT,118815.0,12585.0,118814.8,13.0,118815.1,628.0,118815.2,81.0
1753769600301,06:13:20.301,huobi,BTC/USDT:USDT,118815.0,12585.0,118814.8,13.0,118815.1,628.0,118815.2,81.0
1753769600324,06:13:20.324,huobi,BTC/USDT:USDT,118815.0,12653.0,118814.8,13.0,118815.1,628.0,118815.2,81.0
1753769600371,06:13:20.371,huobi,BTC/USDT:USDT,118815.0,12653.0,118814.8,13.0,118815.1,628.0,118815.2,81.0
1753769600381,06:13:20.381,huobi,BTC/USDT:USDT,118815.0,12653.0,118814.8,13.0,118815.1,628.0,118815.2,81.0
1753769600410,06:13:20.410,huobi,BTC/USDT:USDT,118815.0,12653.0,118814.8,13.0,118815.1,628.0,118815.2,81.0
1753769600442,06:13:20.442,huobi,BTC/USDT:USDT,118815.0,12653.0,118814.8,13.0,118815.1,628.0,118815.2,81.0
1753769600572,06:13:20.572,huobi,BTC/USDT:USDT,118815.0,12653.0,118814.8,13.0,118815.1,628.0,118815.2,81.0
1753769600606,06:13:20.606,huobi,BTC/USDT:USDT,118815.0,12653.0,118814.8,13.0,118815.1,628.0,118815.2,81.0
1753769600650,06:13:20.650,huobi,BTC/USDT:USDT,118815.0,12653.0,118814.8,13.0,118815.1,628.0,118815.2,81.0
1753769600673,06:13:20.673,huobi,BTC/USDT:USDT,118815.0,11074.0,118814.8,13.0,118815.1,628.0,118815.2,81.0
1753769600707,06:13:20.707,huobi,BTC/USDT:USDT,118815.0,11074.0,118814.8,13.0,118815.1,1979.0,118815.2,81.0
1753769600735,06:13:20.735,huobi,BTC/USDT:USDT,118815.0,12652.0,118814.8,13.0,118815.1,1979.0,118815.2,81.0
1753769600829,06:13:20.829,huobi,BTC/USDT:USDT,118815.0,11074.0,118814.8,13.0,118815.1,1979.0,118815.2,81.0
1753769600872,06:13:20.872,huobi,BTC/USDT:USDT,118815.0,12652.0,118814.8,13.0,118815.1,1979.0,118815.2,81.0
1753769600977,06:13:20.977,huobi,BTC/USDT:USDT,118815.0,12652.0,118814.8,13.0,118815.1,1979.0,118815.2,81.0
1753769601018,06:13:21.018,huobi,BTC/USDT:USDT,118815.0,12652.0,118814.8,13.0,118815.1,1979.0,118815.2,81.0
1753769601032,06:13:21.032,huobi,BTC/USDT:USDT,118815.0,12652.0,118814.8,13.0,118815.1,1979.0,118815.2,81.0
1753769601069,06:13:21.069,huobi,BTC/USDT:USDT,118815.0,11074.0,118814.8,13.0,118815.1,1979.0,118815.2,81.0
1753769601177,06:13:21.177,huobi,BTC/USDT:USDT,118815.0,12652.0,118814.8,13.0,118815.1,1979.0,118815.2,81.0
1753769601185,06:13:21.185,huobi,BTC/USDT:USDT,118815.0,11074.0,118814.8,13.0,118815.1,1979.0,118815.2,81.0
1753769601233,06:13:21.233,huobi,BTC/USDT:USDT,118815.0,11047.0,118814.8,13.0,118815.1,1979.0,118815.2,81.0
1753769601283,06:13:21.283,huobi,BTC/USDT:USDT,118815.0,12625.0,118814.8,13.0,118815.1,1979.0,118815.2,81.0
1753769601338,06:13:21.338,huobi,BTC/USDT:USDT,118815.0,12652.0,118814.8,13.0,118815.1,1979.0,118815.2,81.0
1753769601393,06:13:21.393,huobi,BTC/USDT:USDT,118815.0,12652.0,118814.8,13.0,118815.1,1979.0,118815.2,81.0
1753769601461,06:13:21.461,huobi,BTC/USDT:USDT,118815.0,11074.0,118814.8,13.0,118815.1,1979.0,118815.2,81.0
1753769601513,06:13:21.513,huobi,BTC/USDT:USDT,118815.0,11074.0,118814.8,13.0,118815.1,1979.0,118815.2,81.0
1753769601573,06:13:21.573,huobi,BTC/USDT:USDT,118815.0,12652.0,118814.8,13.0,118815.1,1979.0,118815.2,81.0
1753769601687,06:13:21.687,huobi,BTC/USDT:USDT,118815.0,11074.0,118814.8,13.0,118815.1,1979.0,118815.2,81.0
1753769601880,06:13:21.880,huobi,BTC/USDT:USDT,118815.0,12652.0,118814.8,13.0,118815.1,1979.0,118815.2,81.0
1753769601930,06:13:21.930,huobi,BTC/USDT:USDT,118815.0,12652.0,118814.8,13.0,118815.1,1979.0,118815.2,81.0
1753769602055,06:13:22.055,huobi,BTC/USDT:USDT,118815.0,11074.0,118814.8,13.0,118815.1,1979.0,118815.2,81.0
1753769602127,06:13:22.127,huobi,BTC/USDT:USDT,118815.0,10824.0,118814.8,13.0,118815.1,1979.0,118815.2,81.0
1753769602177,06:13:22.177,huobi,BTC/USDT:USDT,118815.0,10824.0,118814.8,13.0,118815.1,1979.0,118815.2,81.0
1753769602219,06:13:22.219,huobi,BTC/USDT:USDT,118815.0,12402.0,118814.8,13.0,118815.1,1979.0,118815.2,81.0
1753769602282,06:13:22.282,huobi,BTC/USDT:USDT,118815.0,12402.0,118814.8,13.0,118815.1,1979.0,118815.2,81.0
1753769602307,06:13:22.307,huobi,BTC/USDT:USDT,118815.0,12402.0,118814.8,13.0,118815.1,1979.0,118815.2,81.0
1753769602327,06:13:22.327,huobi,BTC/USDT:USDT,118815.0,12334.0,118814.8,13.0,118815.1,1979.0,118815.2,81.0
1753769602383,06:13:22.383,huobi,BTC/USDT:USDT,118815.0,12334.0,118814.8,13.0,118815.1,1979.0,118815.2,81.0
1753769602433,06:13:22.433,huobi,BTC/USDT:USDT,118815.0,12334.0,118814.8,13.0,118815.1,1979.0,118815.2,81.0
1753769602451,06:13:22.451,huobi,BTC/USDT:USDT,118815.0,12402.0,118814.8,13.0,118815.1,1979.0,118815.2,81.0
1753769602503,06:13:22.503,huobi,BTC/USDT:USDT,118815.0,12402.0,118814.8,13.0,118815.1,1979.0,118815.2,81.0
1753769602541,06:13:22.541,huobi,BTC/USDT:USDT,118815.0,12402.0,118814.8,13.0,118815.1,1979.0,118815.2,81.0
1753769602572,06:13:22.572,huobi,BTC/USDT:USDT,118815.0,12402.0,118814.8,13.0,118815.1,1979.0,118815.2,81.0
1753769602704,06:13:22.704,huobi,BTC/USDT:USDT,118815.0,12402.0,118814.8,13.0,118815.1,1979.0,118815.2,81.0
1753769602912,06:13:22.912,huobi,BTC/USDT:USDT,118815.0,12392.0,118814.8,13.0,118815.1,1979.0,118815.2,81.0
1753769603065,06:13:23.065,huobi,BTC/USDT:USDT,118815.0,12392.0,118814.8,13.0,118815.1,1979.0,118815.2,81.0
1753769603079,06:13:23.079,huobi,BTC/USDT:USDT,118815.0,12392.0,118814.8,13.0,118815.1,1979.0,118815.2,81.0
1753769603408,06:13:23.408,huobi,BTC/USDT:USDT,118815.0,12365.0,118814.8,13.0,118815.1,1979.0,118815.2,81.0
1753769603537,06:13:23.537,huobi,BTC/USDT:USDT,118815.0,12392.0,118814.8,13.0,118815.1,1979.0,118815.2,81.0
1753769603931,06:13:23.931,huobi,BTC/USDT:USDT,118815.0,12392.0,118814.8,13.0,118815.1,1979.0,118815.2,81.0
1753769604104,06:13:24.104,huobi,BTC/USDT:USDT,118815.0,12392.0,118814.8,13.0,118815.1,1979.0,118815.2,81.0
1753769604271,06:13:24.271,huobi,BTC/USDT:USDT,118815.0,12392.0,118814.8,13.0,118815.1,1979.0,118815.2,81.0
1753769604282,06:13:24.282,huobi,BTC/USDT:USDT,118815.0,12392.0,118814.8,13.0,118815.1,1979.0,118815.2,81.0
1753769604424,06:13:24.424,huobi,BTC/USDT:USDT,118815.0,12392.0,118814.8,13.0,118815.1,1979.0,118815.2,81.0
1753769604476,06:13:24.476,huobi,BTC/USDT:USDT,118815.0,12392.0,118814.8,13.0,118815.1,1979.0,118815.2,81.0
1753769604577,06:13:24.577,huobi,BTC/USDT:USDT,118815.0,12392.0,118814.8,13.0,118815.1,1979.0,118815.2,81.0
1753769604924,06:13:24.924,huobi,BTC/USDT:USDT,118815.0,12392.0,118814.8,13.0,118815.1,1979.0,118815.2,81.0
1753769604943,06:13:24.943,huobi,BTC/USDT:USDT,118815.0,12392.0,118814.8,13.0,118815.1,1979.0,118815.2,81.0
1753769605073,06:13:25.073,huobi,BTC/USDT:USDT,118815.0,12392.0,118814.8,13.0,118815.1,1979.0,118815.2,81.0
1753769605125,06:13:25.125,huobi,BTC/USDT:USDT,118815.0,12392.0,118814.8,13.0,118815.1,1979.0,118815.2,81.0
1753769605421,06:13:25.421,huobi,BTC/USDT:USDT,118815.0,12365.0,118814.8,13.0,118815.1,1979.0,118815.2,81.0
1753769605452,06:13:25.452,huobi,BTC/USDT:USDT,118815.0,12365.0,118814.8,13.0,118815.1,1979.0,118815.2,81.0
1753769605477,06:13:25.477,huobi,BTC/USDT:USDT,118815.0,12365.0,118814.8,13.0,118815.1,1979.0,118815.2,81.0
1753769605550,06:13:25.550,huobi,BTC/USDT:USDT,118815.0,12392.0,118814.8,13.0,118815.1,1979.0,118815.2,81.0
1753769605597,06:13:25.597,huobi,BTC/USDT:USDT,118815.0,12392.0,118814.8,13.0,118815.1,1979.0,118815.2,81.0
1753769605667,06:13:25.667,huobi,BTC/USDT:USDT,118815.0,12392.0,118814.8,13.0,118815.1,1979.0,118815.2,81.0
1753769605689,06:13:25.689,huobi,BTC/USDT:USDT,118815.0,12392.0,118814.8,13.0,118815.1,1979.0,118815.2,81.0
1753769605796,06:13:25.796,huobi,BTC/USDT:USDT,118815.0,12392.0,118814.8,13.0,118815.1,1979.0,118815.2,81.0
1753769605811,06:13:25.811,huobi,BTC/USDT:USDT,118815.0,12392.0,118814.8,13.0,118815.1,1979.0,118815.2,81.0
1753769605846,06:13:25.846,huobi,BTC/USDT:USDT,118815.0,12392.0,118814.8,13.0,118815.1,1979.0,118815.2,81.0
1753769605866,06:13:25.866,huobi,BTC/USDT:USDT,118815.0,12392.0,118814.8,13.0,118815.1,1979.0,118815.2,81.0
1753769605976,06:13:25.976,huobi,BTC/USDT:USDT,118815.0,12392.0,118814.8,13.0,118815.1,1979.0,118815.2,81.0
1753769605992,06:13:25.992,huobi,BTC/USDT:USDT,118815.0,12392.0,118814.8,13.0,118815.1,1979.0,118815.2,81.0
1753769606117,06:13:26.117,huobi,BTC/USDT:USDT,118815.0,12392.0,118814.8,13.0,118815.1,1979.0,118815.2,81.0
1753769606177,06:13:26.177,huobi,BTC/USDT:USDT,118815.0,12392.0,118814.8,13.0,118815.1,1979.0,118815.2,81.0
1753769606338,06:13:26.338,huobi,BTC/USDT:USDT,118815.0,12392.0,118814.8,13.0,118815.1,1979.0,118815.2,81.0
1753769606349,06:13:26.349,huobi,BTC/USDT:USDT,118815.0,12392.0,118814.8,13.0,118815.1,1979.0,118815.2,81.0
1753769606381,06:13:26.381,huobi,BTC/USDT:USDT,118815.0,12392.0,118814.8,13.0,118815.1,1971.0,118815.2,81.0
1753769606473,06:13:26.473,huobi,BTC/USDT:USDT,118815.0,12324.0,118814.8,13.0,118815.1,1971.0,118815.2,81.0
1753769606525,06:13:26.525,huobi,BTC/USDT:USDT,118815.0,12324.0,118814.8,13.0,118815.1,1971.0,118815.2,81.0
1753769606595,06:13:26.595,huobi,BTC/USDT:USDT,118815.0,12392.0,118814.8,13.0,118815.1,1971.0,118815.2,81.0
1753769606745,06:13:26.745,huobi,BTC/USDT:USDT,118815.0,12392.0,118814.8,13.0,118815.1,1971.0,118815.2,81.0
1753769606931,06:13:26.931,huobi,BTC/USDT:USDT,118815.0,12101.0,118814.8,13.0,118815.1,1971.0,118815.2,81.0
1753769607192,06:13:27.192,huobi,BTC/USDT:USDT,118815.0,12101.0,118814.8,13.0,118815.1,1971.0,118815.2,81.0
1753769607294,06:13:27.294,huobi,BTC/USDT:USDT,118815.0,12101.0,118814.8,13.0,118815.1,1971.0,118815.2,81.0
1753769607470,06:13:27.470,huobi,BTC/USDT:USDT,118815.0,12074.0,118814.8,13.0,118815.1,1971.0,118815.2,81.0
1753769607542,06:13:27.542,huobi,BTC/USDT:USDT,118815.0,12074.0,118814.8,13.0,118815.1,1971.0,118815.2,81.0
1753769607591,06:13:27.591,huobi,BTC/USDT:USDT,118815.0,12101.0,118814.8,13.0,118815.1,1971.0,118815.2,81.0
1753769607730,06:13:27.730,huobi,BTC/USDT:USDT,118815.0,12101.0,118814.8,13.0,118815.1,1971.0,118815.2,81.0
1753769607838,06:13:27.838,huobi,BTC/USDT:USDT,118815.0,12101.0,118814.8,13.0,118815.1,1971.0,118815.2,81.0
1753769607858,06:13:27.858,huobi,BTC/USDT:USDT,118815.0,12101.0,118814.8,13.0,118815.1,1971.0,118815.2,81.0
1753769607876,06:13:27.876,huobi,BTC/USDT:USDT,118815.0,12101.0,118814.8,13.0,118815.1,1971.0,118815.2,81.0
1753769608109,06:13:28.109,huobi,BTC/USDT:USDT,118815.0,12101.0,118814.8,13.0,118815.1,1971.0,118815.2,81.0
1753769608274,06:13:28.274,huobi,BTC/USDT:USDT,118815.0,12101.0,118814.8,13.0,118815.1,1971.0,118815.2,81.0
1753769608343,06:13:28.343,huobi,BTC/USDT:USDT,118815.0,12101.0,118814.8,13.0,118815.1,1971.0,118815.2,81.0
1753769608358,06:13:28.358,huobi,BTC/USDT:USDT,118815.0,12101.0,118814.8,13.0,118815.1,1971.0,118815.2,81.0
1753769608545,06:13:28.545,huobi,BTC/USDT:USDT,118815.0,12033.0,118814.8,13.0,118815.1,1971.0,118815.2,81.0
1753769608658,06:13:28.658,huobi,BTC/USDT:USDT,118815.0,11998.0,118814.8,13.0,118815.1,1971.0,118815.2,81.0
1753769608676,06:13:28.676,huobi,BTC/USDT:USDT,118815.0,12066.0,118814.8,13.0,118815.1,2149.0,118815.2,81.0
1753769608822,06:13:28.822,huobi,BTC/USDT:USDT,118815.0,12066.0,118814.8,13.0,118815.1,2149.0,118815.2,81.0
1753769608904,06:13:28.904,huobi,BTC/USDT:USDT,118815.0,12066.0,118814.8,13.0,118815.1,2149.0,118815.2,81.0
1753769609124,06:13:29.124,huobi,BTC/USDT:USDT,118815.0,12066.0,118814.8,13.0,118815.1,1971.0,118815.2,81.0
1753769609200,06:13:29.200,huobi,BTC/USDT:USDT,118815.0,12066.0,118814.8,13.0,118815.1,1971.0,118815.2,81.0
1753769609233,06:13:29.233,huobi,BTC/USDT:USDT,118815.0,10488.0,118814.8,13.0,118815.1,2141.0,118815.2,81.0
1753769609326,06:13:29.326,huobi,BTC/USDT:USDT,118815.0,10488.0,118814.8,13.0,118815.1,2141.0,118815.2,81.0
1753769609346,06:13:29.346,huobi,BTC/USDT:USDT,118815.0,10447.0,118814.8,13.0,118815.1,2141.0,118815.2,81.0
1753769609430,06:13:29.430,huobi,BTC/USDT:USDT,118815.0,10447.0,118814.8,13.0,118815.1,2141.0,118815.2,81.0
1753769609481,06:13:29.481,huobi,BTC/USDT:USDT,118815.0,10420.0,118814.8,13.0,118815.1,2141.0,118815.2,81.0
1753769609561,06:13:29.561,huobi,BTC/USDT:USDT,118815.0,10420.0,118814.8,13.0,118815.1,2141.0,118815.2,81.0
1753769609586,06:13:29.586,huobi,BTC/USDT:USDT,118815.0,10420.0,118814.8,13.0,118815.1,2140.0,118815.2,81.0
1753769609623,06:13:29.623,huobi,BTC/USDT:USDT,118815.0,10447.0,118814.8,13.0,118815.1,2140.0,118815.2,81.0
1753769609749,06:13:29.749,huobi,BTC/USDT:USDT,118815.0,10447.0,118814.8,13.0,118815.1,2140.0,118815.2,81.0
1753769609763,06:13:29.763,huobi,BTC/USDT:USDT,118815.0,10447.0,118814.8,13.0,118815.1,2140.0,118815.2,81.0
1753769609875,06:13:29.875,huobi,BTC/USDT:USDT,118815.0,10447.0,118814.8,13.0,118815.1,2140.0,118815.2,81.0
1753769610033,06:13:30.033,huobi,BTC/USDT:USDT,118815.0,10447.0,118814.8,13.0,118815.1,2140.0,118815.2,81.0
1753769610078,06:13:30.078,huobi,BTC/USDT:USDT,118815.0,10447.0,118814.8,13.0,118815.1,2140.0,118815.2,81.0
1753769610100,06:13:30.100,huobi,BTC/USDT:USDT,118815.0,10447.0,118814.8,13.0,118815.1,2140.0,118815.2,81.0
1753769610317,06:13:30.317,huobi,BTC/USDT:USDT,118815.0,10447.0,118814.8,13.0,118815.1,2140.0,118815.2,81.0
1753769610423,06:13:30.423,huobi,BTC/USDT:USDT,118815.0,10447.0,118814.8,13.0,118815.1,2140.0,118815.2,81.0
1753769610479,06:13:30.479,huobi,BTC/USDT:USDT,118815.0,10379.0,118814.8,13.0,118815.1,2140.0,118815.2,81.0
1753769610609,06:13:30.609,huobi,BTC/USDT:USDT,118815.0,10447.0,118814.8,13.0,118815.1,2140.0,118815.2,81.0
1753769610644,06:13:30.644,huobi,BTC/USDT:USDT,118815.0,12025.0,118814.8,13.0,118815.1,2140.0,118815.2,81.0
1753769610720,06:13:30.720,huobi,BTC/USDT:USDT,118815.0,12025.0,118814.8,13.0,118815.1,2140.0,118815.2,81.0
1753769610912,06:13:30.912,huobi,BTC/USDT:USDT,118815.0,12025.0,118814.8,13.0,118815.1,2140.0,118815.2,81.0
1753769610958,06:13:30.958,huobi,BTC/USDT:USDT,118815.0,12025.0,118814.8,13.0,118815.1,2140.0,118815.2,81.0
1753769611218,06:13:31.218,huobi,BTC/USDT:USDT,118815.0,12025.0,118814.8,13.0,118815.1,2140.0,118815.2,81.0
1753769611237,06:13:31.237,huobi,BTC/USDT:USDT,118815.0,12025.0,118814.8,13.0,118815.1,2140.0,118815.2,81.0
1753769611283,06:13:31.283,huobi,BTC/USDT:USDT,118815.0,12025.0,118814.8,13.0,118815.1,2140.0,118815.2,81.0
