timestamp,time,exchange,symbol,bid1_price,bid1_volume,bid2_price,bid2_volume,ask1_price,ask1_volume,ask2_price,ask2_volume
1753769557040,06:12:37.040,mexc,BTC/USDT:USDT,118822.7,103273,118822.6,96399,118822.8,111455,118822.9,111372
1753769557720,06:12:37.720,mexc,BTC/USDT:USDT,118822.7,103273,118822.6,120777,118822.8,111455,118822.9,130905
1753769558052,06:12:38.052,mexc,BTC/USDT:USDT,118822.7,103273,118822.6,96399,118822.8,111455,118822.9,130905
1753769558171,06:12:38.171,mexc,BTC/USDT:USDT,118822.7,103237,118822.6,96399,118822.8,111455,118822.9,179641
1753769558484,06:12:38.484,mexc,BTC/USDT:USDT,118822.7,103222,118822.6,96399,118822.8,111437,118822.9,179641
1753769558532,06:12:38.532,mexc,BTC/USDT:USDT,118822.7,103222,118822.6,96399,118822.8,111437,118822.9,111372
1753769558915,06:12:38.915,mexc,BTC/USDT:USDT,118822.7,102967,118822.6,96399,118822.8,111369,118822.9,111372
1753769558939,06:12:38.939,mexc,BTC/USDT:USDT,118822.7,102967,118822.6,144518,118822.8,111369,118822.9,111372
1753769559324,06:12:39.324,mexc,BTC/USDT:USDT,118822.7,102967,118822.6,144518,118822.8,111369,118822.9,111372
1753769559446,06:12:39.446,mexc,BTC/USDT:USDT,118822.7,95426,118822.6,106265,118822.8,108310,118822.9,98446
1753769559733,06:12:39.733,mexc,BTC/USDT:USDT,118822.7,95390,118822.6,106265,118822.8,108310,118822.9,98446
1753769559804,06:12:39.804,mexc,BTC/USDT:USDT,118822.7,95390,118822.6,106265,118822.8,108310,118822.9,129809
1753769560136,06:12:40.136,mexc,BTC/USDT:USDT,118822.7,95390,118822.6,106265,118822.8,108310,118822.9,129809
1753769560213,06:12:40.213,mexc,BTC/USDT:USDT,118822.7,95390,118822.6,143251,118822.8,108310,118822.9,131051
1753769560613,06:12:40.613,mexc,BTC/USDT:USDT,118822.7,95390,118822.6,143251,118822.8,108310,118822.9,131051
1753769560620,06:12:40.620,mexc,BTC/USDT:USDT,118822.7,95390,118822.6,106265,118822.8,108310,118822.9,98446
1753769561021,06:12:41.021,mexc,BTC/USDT:USDT,118822.7,95390,118822.6,106265,118822.8,108310,118822.9,98446
1753769561097,06:12:41.097,mexc,BTC/USDT:USDT,118822.7,95390,118822.6,145062,118822.8,108310,118822.9,98446
1753769561429,06:12:41.429,mexc,BTC/USDT:USDT,118822.7,95390,118822.6,106265,118822.8,108310,118822.9,98446
1753769561561,06:12:41.561,mexc,BTC/USDT:USDT,118822.7,105759,118822.6,103537,118822.8,117389,118822.9,116215
1753769561636,06:12:41.636,mexc,BTC/USDT:USDT,118822.7,105759,118822.6,153193,118822.8,117389,118822.9,116215
1753769562042,06:12:42.042,mexc,BTC/USDT:USDT,118822.7,105759,118822.6,153193,118822.8,117389,118822.9,116215
1753769562045,06:12:42.045,mexc,BTC/USDT:USDT,118822.7,105759,118822.6,149974,118822.8,117389,118822.9,154600
1753769562448,06:12:42.448,mexc,BTC/USDT:USDT,118822.7,105759,118822.6,103537,118822.8,117389,118822.9,154600
1753769562453,06:12:42.453,mexc,BTC/USDT:USDT,118822.7,105759,118822.6,118751,118822.8,117389,118822.9,156089
1753769562855,06:12:42.855,mexc,BTC/USDT:USDT,118822.7,105759,118822.6,118751,118822.8,117389,118822.9,156089
1753769562859,06:12:42.859,mexc,BTC/USDT:USDT,118822.7,105759,118822.6,103537,118822.8,117389,118822.9,169951
1753769563263,06:12:43.263,mexc,BTC/USDT:USDT,118822.7,105759,118822.6,103537,118822.8,117389,118822.9,169951
1753769563462,06:12:43.462,mexc,BTC/USDT:USDT,118822.7,105759,118822.6,146286,118822.8,97376,118822.9,106235
1753769563471,06:12:43.471,mexc,BTC/USDT:USDT,118822.7,112434,118822.6,97939,118822.8,97376,118822.9,106235
1753769563676,06:12:43.676,mexc,BTC/USDT:USDT,118822.7,112434,118822.6,97939,118822.8,97376,118822.9,153023
1753769564079,06:12:44.079,mexc,BTC/USDT:USDT,118822.7,112434,118822.6,97939,118822.8,97376,118822.9,153023
1753769564084,06:12:44.084,mexc,BTC/USDT:USDT,118822.7,112434,118822.6,97939,118822.8,97376,118822.9,145060
1753769564488,06:12:44.488,mexc,BTC/USDT:USDT,118822.7,112434,118822.6,97939,118822.8,97376,118822.9,145060
1753769564491,06:12:44.491,mexc,BTC/USDT:USDT,118822.7,112434,118822.6,97939,118822.8,97376,118822.9,106235
1753769564895,06:12:44.895,mexc,BTC/USDT:USDT,118822.7,112434,118822.6,97939,118822.8,97376,118822.9,106235
1753769565086,06:12:45.086,mexc,BTC/USDT:USDT,118822.7,112434,118822.6,123153,118822.8,97082,118822.9,128902
1753769565302,06:12:45.302,mexc,BTC/USDT:USDT,118822.7,112434,118822.6,123153,118822.8,97082,118822.9,106235
1753769565450,06:12:45.450,mexc,BTC/USDT:USDT,118822.7,119053,118822.6,97948,118822.8,101141,118822.9,117206
1753769565712,06:12:45.712,mexc,BTC/USDT:USDT,118822.7,119053,118822.6,97948,118822.8,101141,118822.9,117206
1753769565717,06:12:45.717,mexc,BTC/USDT:USDT,118822.7,119053,118822.6,134245,118822.8,101141,118822.9,117206
1753769566116,06:12:46.116,mexc,BTC/USDT:USDT,118822.7,119053,118822.6,134245,118822.8,101141,118822.9,117206
1753769566121,06:12:46.121,mexc,BTC/USDT:USDT,118822.7,119053,118822.6,123658,118822.8,101141,118822.9,117206
1753769566523,06:12:46.523,mexc,BTC/USDT:USDT,118822.7,118897,118822.6,123658,118822.8,101137,118822.9,117206
1753769566632,06:12:46.632,mexc,BTC/USDT:USDT,118822.7,118897,118822.6,121065,118822.8,101137,118822.9,144985
1753769566931,06:12:46.931,mexc,BTC/USDT:USDT,118822.7,118897,118822.6,121065,118822.8,101137,118822.9,117206
1753769566992,06:12:46.992,mexc,BTC/USDT:USDT,118822.7,118897,118822.6,97948,118822.8,101132,118822.9,177711
1753769567339,06:12:47.339,mexc,BTC/USDT:USDT,118822.7,118897,118822.6,97948,118822.8,101132,118822.9,139143
1753769567493,06:12:47.493,mexc,BTC/USDT:USDT,118822.7,100817,118822.6,108010,118822.8,108705,118822.9,119505
1753769567749,06:12:47.749,mexc,BTC/USDT:USDT,118822.7,100817,118822.6,108010,118822.8,108705,118822.9,119505
1753769567803,06:12:47.803,mexc,BTC/USDT:USDT,118822.7,100817,118822.6,159218,118822.8,108703,118822.9,119505
1753769568152,06:12:48.152,mexc,BTC/USDT:USDT,118822.7,100799,118822.6,159218,118822.8,108703,118822.9,119505
1753769568158,06:12:48.158,mexc,BTC/USDT:USDT,118822.7,100799,118822.6,145823,118822.8,108703,118822.9,119505
1753769568611,06:12:48.611,mexc,BTC/USDT:USDT,118822.7,100799,118822.6,145823,118822.8,108703,118822.9,119505
1753769568615,06:12:48.615,mexc,BTC/USDT:USDT,118822.7,100799,118822.6,119301,118822.8,108703,118822.9,170739
1753769569023,06:12:49.023,mexc,BTC/USDT:USDT,118824.3,124448,118824.2,102280,118824.4,98614,118824.5,113025
1753769569023,06:12:49.023,mexc,BTC/USDT:USDT,118824.3,124448,118824.2,102280,118824.4,98614,118824.5,113025
1753769569427,06:12:49.427,mexc,BTC/USDT:USDT,118824.3,124448,118824.2,102280,118824.4,98614,118824.5,113025
1753769569431,06:12:49.431,mexc,BTC/USDT:USDT,118824.3,124448,118824.2,102280,118824.4,98614,118824.5,141160
1753769569833,06:12:49.833,mexc,BTC/USDT:USDT,118824.3,124402,118824.2,102280,118824.4,98614,118824.5,141160
1753769569838,06:12:49.838,mexc,BTC/USDT:USDT,118824.3,124402,118824.2,122174,118824.4,98614,118824.5,130365
1753769570240,06:12:50.240,mexc,BTC/USDT:USDT,118824.3,124402,118824.2,122174,118824.4,98614,118824.5,130365
1753769570440,06:12:50.440,mexc,BTC/USDT:USDT,118824.3,124402,118824.2,185040,118824.4,98614,118824.5,113025
1753769570501,06:12:50.501,mexc,BTC/USDT:USDT,118824.9,116530,118824.8,97418,118825.0,108034,118825.1,125772
1753769570652,06:12:50.652,mexc,BTC/USDT:USDT,118824.9,116530,118824.8,136841,118825.0,108034,118825.1,212532
1753769571056,06:12:51.056,mexc,BTC/USDT:USDT,118824.9,116530,118824.8,136841,118825.0,108034,118825.1,167952
1753769571142,06:12:51.142,mexc,BTC/USDT:USDT,118824.9,116530,118824.8,97418,118825.0,108029,118825.1,125772
1753769571463,06:12:51.463,mexc,BTC/USDT:USDT,118824.9,116530,118824.8,97418,118825.0,108029,118825.1,125772
1753769571592,06:12:51.592,mexc,BTC/USDT:USDT,118824.9,116505,118824.8,136302,118825.0,108029,118825.1,166337
1753769571870,06:12:51.870,mexc,BTC/USDT:USDT,118824.9,116505,118824.8,136302,118825.0,107443,118825.1,125772
1753769571876,06:12:51.876,mexc,BTC/USDT:USDT,118824.9,116505,118824.8,145242,118825.0,107443,118825.1,145688
1753769572279,06:12:52.279,mexc,BTC/USDT:USDT,118824.9,116505,118824.8,145242,118825.0,107443,118825.1,145688
1753769572479,06:12:52.479,mexc,BTC/USDT:USDT,118824.9,105715,118824.8,110354,118825.0,110626,118825.1,112932
1753769572634,06:12:52.634,mexc,BTC/USDT:USDT,118824.9,105715,118824.8,110354,118825.0,110626,118825.1,112932
1753769572698,06:12:52.698,mexc,BTC/USDT:USDT,118824.9,105715,118824.8,129655,118825.0,110626,118825.1,156098
1753769573093,06:12:53.093,mexc,BTC/USDT:USDT,118824.9,105715,118824.8,129655,118825.0,110626,118825.1,112932
1753769573250,06:12:53.250,mexc,BTC/USDT:USDT,118824.9,105715,118824.8,121547,118825.0,110626,118825.1,112932
1753769573500,06:12:53.500,mexc,BTC/USDT:USDT,118824.9,105715,118824.8,121547,118825.0,110626,118825.1,112932
1753769573505,06:12:53.505,mexc,BTC/USDT:USDT,118824.9,105715,118824.8,161972,118825.0,110626,118825.1,112932
1753769573907,06:12:53.907,mexc,BTC/USDT:USDT,118824.9,105715,118824.8,161972,118825.0,110626,118825.1,112932
1753769573949,06:12:53.949,mexc,BTC/USDT:USDT,118824.9,107432,118824.8,153263,118825.0,110626,118825.1,162741
1753769574315,06:12:54.315,mexc,BTC/USDT:USDT,118824.9,107432,118824.8,110354,118825.0,110626,118825.1,162741
1753769574454,06:12:54.454,mexc,BTC/USDT:USDT,118824.9,108983,118824.8,116027,118825.0,110177,118825.1,104086
1753769574726,06:12:54.726,mexc,BTC/USDT:USDT,118824.9,108983,118824.8,116027,118825.0,110177,118825.1,104086
1753769574910,06:12:54.910,mexc,BTC/USDT:USDT,118824.9,108983,118824.8,116027,118825.0,110177,118825.1,149690
1753769575129,06:12:55.129,mexc,BTC/USDT:USDT,118824.9,108983,118824.8,116027,118825.0,110177,118825.1,149690
1753769575234,06:12:55.234,mexc,BTC/USDT:USDT,118824.9,108983,118824.8,132257,118825.0,110162,118825.1,104086
1753769575537,06:12:55.537,mexc,BTC/USDT:USDT,118824.9,108983,118824.8,116027,118825.0,110162,118825.1,104086
1753769575542,06:12:55.542,mexc,BTC/USDT:USDT,118824.9,108983,118824.8,116027,118825.0,110162,118825.1,144756
1753769575944,06:12:55.944,mexc,BTC/USDT:USDT,118824.9,108983,118824.8,116027,118825.0,110162,118825.1,144756
1753769575950,06:12:55.950,mexc,BTC/USDT:USDT,118824.9,108983,118824.8,116027,118825.0,110162,118825.1,128475
1753769576353,06:12:56.353,mexc,BTC/USDT:USDT,118824.9,108983,118824.8,116027,118825.0,110162,118825.1,128475
1753769576454,06:12:56.454,mexc,BTC/USDT:USDT,118824.9,126338,118824.8,122091,118825.0,108787,118825.1,114761
1753769576764,06:12:56.764,mexc,BTC/USDT:USDT,118824.9,126289,118824.8,122091,118825.0,108787,118825.1,114761
1753769576765,06:12:56.765,mexc,BTC/USDT:USDT,118824.9,126289,118824.8,182205,118825.0,108787,118825.1,114761
1753769577167,06:12:57.167,mexc,BTC/USDT:USDT,118824.9,126289,118824.8,182205,118825.0,108787,118825.1,114761
1753769577341,06:12:57.341,mexc,BTC/USDT:USDT,118824.9,126289,118824.8,122091,118825.0,108787,118825.1,114761
1753769577574,06:12:57.574,mexc,BTC/USDT:USDT,118824.9,126289,118824.8,122091,118825.0,108787,118825.1,114761
1753769577682,06:12:57.682,mexc,BTC/USDT:USDT,118824.9,123706,118824.8,198619,118825.0,108787,118825.1,154511
1753769577983,06:12:57.983,mexc,BTC/USDT:USDT,118824.9,123706,118824.8,198619,118825.0,108787,118825.1,114761
1753769578127,06:12:58.127,mexc,BTC/USDT:USDT,118824.9,123706,118824.8,181890,118825.0,108787,118825.1,157381
1753769578391,06:12:58.391,mexc,BTC/USDT:USDT,118824.9,123706,118824.8,181890,118825.0,108787,118825.1,114761
1753769578485,06:12:58.485,mexc,BTC/USDT:USDT,118824.9,115329,118824.8,105046,118825.0,103144,118825.1,100683
1753769578801,06:12:58.801,mexc,BTC/USDT:USDT,118824.9,115329,118824.8,105046,118825.0,103144,118825.1,124931
1753769578998,06:12:58.998,mexc,BTC/USDT:USDT,118824.9,115329,118824.8,116857,118825.0,103144,118825.1,124931
1753769579204,06:12:59.204,mexc,BTC/USDT:USDT,118824.9,115329,118824.8,116857,118825.0,102921,118825.1,100683
1753769579209,06:12:59.209,mexc,BTC/USDT:USDT,118824.9,115329,118824.8,105046,118825.0,102921,118825.1,100683
1753769579610,06:12:59.610,mexc,BTC/USDT:USDT,118824.9,115329,118824.8,105046,118825.0,102921,118825.1,100683
1753769579616,06:12:59.616,mexc,BTC/USDT:USDT,118824.9,115329,118824.8,150379,118825.0,102921,118825.1,132684
1753769580019,06:13:00.019,mexc,BTC/USDT:USDT,118824.9,115329,118824.8,105046,118825.0,101788,118825.1,132684
1753769580024,06:13:00.024,mexc,BTC/USDT:USDT,118824.9,115329,118824.8,105046,118825.0,101788,118825.1,100683
1753769580426,06:13:00.426,mexc,BTC/USDT:USDT,118824.9,115329,118824.8,105046,118825.0,101788,118825.1,100683
1753769580455,06:13:00.455,mexc,BTC/USDT:USDT,118824.9,121254,118824.8,123663,118825.0,107094,118825.1,111674
1753769580837,06:13:00.837,mexc,BTC/USDT:USDT,118824.9,121254,118824.8,165128,118825.0,107094,118825.1,111674
1753769580838,06:13:00.838,mexc,BTC/USDT:USDT,118824.9,121254,118824.8,165128,118825.0,107094,118825.1,111674
1753769581240,06:13:01.240,mexc,BTC/USDT:USDT,118824.9,121254,118824.8,123663,118825.0,107094,118825.1,111674
1753769581244,06:13:01.244,mexc,BTC/USDT:USDT,118824.9,121254,118824.8,123663,118825.0,107094,118825.1,111674
1753769581647,06:13:01.647,mexc,BTC/USDT:USDT,118824.9,121254,118824.8,123663,118825.0,107094,118825.1,111674
1753769581651,06:13:01.651,mexc,BTC/USDT:USDT,118824.9,121254,118824.8,172661,118825.0,107094,118825.1,111674
1753769582055,06:13:02.055,mexc,BTC/USDT:USDT,118824.9,121254,118824.8,172661,118825.0,106887,118825.1,111674
1753769582060,06:13:02.060,mexc,BTC/USDT:USDT,118824.9,121254,118824.8,123663,118825.0,106887,118825.1,166760
1753769582466,06:13:02.466,mexc,BTC/USDT:USDT,118824.9,120278,118824.8,96807,118825.0,117549,118825.1,121567
1753769582467,06:13:02.467,mexc,BTC/USDT:USDT,118824.9,120278,118824.8,113060,118825.0,117549,118825.1,121567
1753769582869,06:13:02.869,mexc,BTC/USDT:USDT,118824.9,120278,118824.8,113060,118825.0,117549,118825.1,121567
1753769582875,06:13:02.875,mexc,BTC/USDT:USDT,118824.9,120278,118824.8,134604,118825.0,117549,118825.1,186743
1753769583278,06:13:03.278,mexc,BTC/USDT:USDT,118824.9,120278,118824.8,134604,118825.0,117549,118825.1,159549
1753769583378,06:13:03.378,mexc,BTC/USDT:USDT,118824.9,120278,118824.8,132580,118825.0,117549,118825.1,121567
1753769583686,06:13:03.686,mexc,BTC/USDT:USDT,118824.9,120278,118824.8,132580,118825.0,117517,118825.1,121567
1753769583692,06:13:03.692,mexc,BTC/USDT:USDT,118824.9,120278,118824.8,96807,118825.0,117517,118825.1,121567
1753769584095,06:13:04.095,mexc,BTC/USDT:USDT,118824.9,120278,118824.8,96807,118825.0,117517,118825.1,121567
1753769584100,06:13:04.100,mexc,BTC/USDT:USDT,118824.9,120278,118824.8,96807,118825.0,117517,118825.1,136536
1753769584504,06:13:04.504,mexc,BTC/USDT:USDT,118824.9,118073,118824.8,104372,118825.0,107791,118825.1,130534
1753769584639,06:13:04.639,mexc,BTC/USDT:USDT,118824.9,118073,118824.8,155340,118825.0,107791,118825.1,153021
1753769584910,06:13:04.910,mexc,BTC/USDT:USDT,118824.9,118073,118824.8,155340,118825.0,107791,118825.1,99070
1753769585002,06:13:05.002,mexc,BTC/USDT:USDT,118824.9,118073,118824.8,141593,118825.0,107791,118825.1,136569
1753769585317,06:13:05.317,mexc,BTC/USDT:USDT,118824.9,118071,118824.8,141593,118825.0,107774,118825.1,99070
1753769585343,06:13:05.343,mexc,BTC/USDT:USDT,118824.9,118071,118824.8,152081,118825.0,107760,118825.1,111164
1753769585722,06:13:05.722,mexc,BTC/USDT:USDT,118824.9,118071,118824.8,152081,118825.0,107759,118825.1,99070
1753769585729,06:13:05.729,mexc,BTC/USDT:USDT,118824.9,118071,118824.8,104372,118825.0,107759,118825.1,99070
1753769586131,06:13:06.131,mexc,BTC/USDT:USDT,118824.9,118071,118824.8,104372,118825.0,107759,118825.1,99070
1753769586137,06:13:06.137,mexc,BTC/USDT:USDT,118824.9,118071,118824.8,154386,118825.0,107759,118825.1,99070
1753769586541,06:13:06.541,mexc,BTC/USDT:USDT,118824.9,97258,118824.8,100952,118825.0,117315,118825.1,109173
1753769586544,06:13:06.544,mexc,BTC/USDT:USDT,118824.9,97258,118824.8,131401,118825.0,117315,118825.1,109173
1753769586945,06:13:06.945,mexc,BTC/USDT:USDT,118824.9,97258,118824.8,131401,118825.0,117315,118825.1,109173
1753769586951,06:13:06.951,mexc,BTC/USDT:USDT,118824.9,97258,118824.8,100952,118825.0,117315,118825.1,109173
1753769587352,06:13:07.352,mexc,BTC/USDT:USDT,118824.9,97258,118824.8,100952,118825.0,117315,118825.1,109173
1753769587361,06:13:07.361,mexc,BTC/USDT:USDT,118824.9,97258,118824.8,100952,118825.0,117315,118825.1,109173
1753769587759,06:13:07.759,mexc,BTC/USDT:USDT,118824.9,97258,118824.8,100952,118825.0,117315,118825.1,109173
1753769587765,06:13:07.765,mexc,BTC/USDT:USDT,118824.9,97258,118824.8,100952,118825.0,117315,118825.1,150855
1753769588165,06:13:08.165,mexc,BTC/USDT:USDT,118824.9,97258,118824.8,100952,118825.0,117286,118825.1,150855
1753769588172,06:13:08.172,mexc,BTC/USDT:USDT,118824.9,97258,118824.8,144852,118825.0,117286,118825.1,109173
1753769588579,06:13:08.579,mexc,BTC/USDT:USDT,118824.9,94863,118824.8,107943,118825.0,105242,118825.1,116410
1753769588707,06:13:08.707,mexc,BTC/USDT:USDT,118824.9,94863,118824.8,156889,118825.0,105242,118825.1,142745
1753769588983,06:13:08.983,mexc,BTC/USDT:USDT,118824.9,94863,118824.8,156889,118825.0,105242,118825.1,142745
1753769589055,06:13:09.055,mexc,BTC/USDT:USDT,118824.9,94863,118824.8,134152,118825.0,104864,118825.1,160602
1753769589390,06:13:09.390,mexc,BTC/USDT:USDT,118824.9,94863,118824.8,107943,118825.0,104864,118825.1,160602
1753769589396,06:13:09.396,mexc,BTC/USDT:USDT,118824.9,94863,118824.8,177452,118825.0,104864,118825.1,116410
1753769589797,06:13:09.797,mexc,BTC/USDT:USDT,118824.9,94863,118824.8,148653,118825.0,104864,118825.1,116410
1753769589804,06:13:09.804,mexc,BTC/USDT:USDT,118824.9,94863,118824.8,107943,118825.0,104864,118825.1,169357
1753769590212,06:13:10.212,mexc,BTC/USDT:USDT,118824.9,94863,118824.8,107943,118825.0,104864,118825.1,169357
1753769590362,06:13:10.362,mexc,BTC/USDT:USDT,118824.9,94863,118824.8,107943,118825.0,104864,118825.1,116410
1753769590617,06:13:10.617,mexc,BTC/USDT:USDT,118824.9,119157,118824.8,129324,118825.0,121569,118825.1,96340
1753769590640,06:13:10.640,mexc,BTC/USDT:USDT,118824.9,119157,118824.8,129324,118825.0,121569,118825.1,96340
1753769591025,06:13:11.025,mexc,BTC/USDT:USDT,118824.9,119157,118824.8,129324,118825.0,121569,118825.1,96340
1753769591030,06:13:11.030,mexc,BTC/USDT:USDT,118824.9,119157,118824.8,116260,118825.0,121569,118825.1,96340
1753769591434,06:13:11.434,mexc,BTC/USDT:USDT,118824.9,119157,118824.8,116260,118825.0,121569,118825.1,96340
1753769591438,06:13:11.438,mexc,BTC/USDT:USDT,118824.9,119157,118824.8,116260,118825.0,121569,118825.1,141102
1753769591841,06:13:11.841,mexc,BTC/USDT:USDT,118824.9,119157,118824.8,116260,118825.0,121223,118825.1,141102
1753769591846,06:13:11.846,mexc,BTC/USDT:USDT,118824.9,119157,118824.8,153223,118825.0,121223,118825.1,121656
1753769592249,06:13:12.249,mexc,BTC/USDT:USDT,118824.9,119157,118824.8,116260,118825.0,121223,118825.1,121656
1753769592449,06:13:12.449,mexc,BTC/USDT:USDT,118824.9,119157,118824.8,150315,118825.0,104531,118825.1,95583
1753769592623,06:13:12.623,mexc,BTC/USDT:USDT,118824.9,101527,118824.8,101661,118825.0,104496,118825.1,95583
1753769592867,06:13:12.867,mexc,BTC/USDT:USDT,118824.9,101523,118824.8,101661,118825.0,104496,118825.1,95583
1753769593065,06:13:13.065,mexc,BTC/USDT:USDT,118824.9,101523,118824.8,101661,118825.0,104496,118825.1,95583
1753769593068,06:13:13.068,mexc,BTC/USDT:USDT,118824.9,101523,118824.8,127321,118825.0,104496,118825.1,95583
1753769593509,06:13:13.509,mexc,BTC/USDT:USDT,118824.9,101523,118824.8,127321,118825.0,104496,118825.1,95583
1753769593513,06:13:13.513,mexc,BTC/USDT:USDT,118824.9,101523,118824.8,123731,118825.0,104496,118825.1,95583
1753769593915,06:13:13.915,mexc,BTC/USDT:USDT,118824.9,101523,118824.8,123731,118825.0,104496,118825.1,95583
1753769593921,06:13:13.921,mexc,BTC/USDT:USDT,118824.9,101523,118824.8,101661,118825.0,104496,118825.1,95583
1753769594324,06:13:14.324,mexc,BTC/USDT:USDT,118824.9,101523,118824.8,101661,118825.0,104496,118825.1,95583
1753769594457,06:13:14.457,mexc,BTC/USDT:USDT,118824.9,113829,118824.8,107225,118825.0,122146,118825.1,96704
1753769594527,06:13:14.527,mexc,BTC/USDT:USDT,118824.9,113829,118824.8,107225,118825.0,122146,118825.1,96704
1753769594735,06:13:14.735,mexc,BTC/USDT:USDT,118824.9,113829,118824.8,145283,118825.0,122146,118825.1,124140
1753769595137,06:13:15.137,mexc,BTC/USDT:USDT,118824.9,113829,118824.8,145283,118825.0,122146,118825.1,124140
1753769595142,06:13:15.142,mexc,BTC/USDT:USDT,118824.9,113829,118824.8,125184,118825.0,122146,118825.1,124315
1753769595408,06:13:15.408,mexc,BTC/USDT:USDT,118824.9,113829,118824.8,125184,118825.0,122146,118825.1,124315
1753769595550,06:13:15.550,mexc,BTC/USDT:USDT,118824.9,113829,118824.8,107225,118825.0,122146,118825.1,119391
1753769595954,06:13:15.954,mexc,BTC/USDT:USDT,118824.9,113829,118824.8,107225,118825.0,121978,118825.1,119391
1753769596098,06:13:16.098,mexc,BTC/USDT:USDT,118824.9,113829,118824.8,107225,118825.0,121978,118825.1,96704
1753769596362,06:13:16.362,mexc,BTC/USDT:USDT,118824.9,113829,118824.8,107225,118825.0,121978,118825.1,96704
1753769596496,06:13:16.496,mexc,BTC/USDT:USDT,118824.9,110706,118824.8,105674,118825.0,113846,118825.1,118618
1753769596773,06:13:16.773,mexc,BTC/USDT:USDT,118824.9,110706,118824.8,105674,118825.0,113846,118825.1,149694
1753769596773,06:13:16.773,mexc,BTC/USDT:USDT,118824.9,110706,118824.8,132689,118825.0,113846,118825.1,149694
1753769597176,06:13:17.176,mexc,BTC/USDT:USDT,118824.9,110701,118824.8,132689,118825.0,113846,118825.1,118618
1753769597183,06:13:17.183,mexc,BTC/USDT:USDT,118824.9,110701,118824.8,105674,118825.0,113846,118825.1,118618
1753769597585,06:13:17.585,mexc,BTC/USDT:USDT,118824.9,110701,118824.8,105674,118825.0,113846,118825.1,118618
1753769597590,06:13:17.590,mexc,BTC/USDT:USDT,118824.9,110701,118824.8,140162,118825.0,113846,118825.1,118618
1753769597992,06:13:17.992,mexc,BTC/USDT:USDT,118824.9,110701,118824.8,140162,118825.0,113846,118825.1,118618
1753769597996,06:13:17.996,mexc,BTC/USDT:USDT,118824.9,110701,118824.8,105674,118825.0,113846,118825.1,170253
1753769598401,06:13:18.401,mexc,BTC/USDT:USDT,118824.9,110701,118824.8,105674,118825.0,113846,118825.1,118618
1753769598460,06:13:18.460,mexc,BTC/USDT:USDT,118824.9,114838,118824.8,116721,118825.0,120986,118825.1,115112
1753769598836,06:13:18.836,mexc,BTC/USDT:USDT,118824.9,114838,118824.8,116721,118825.0,120940,118825.1,115112
1753769598836,06:13:18.836,mexc,BTC/USDT:USDT,118824.9,114838,118824.8,116721,118825.0,120940,118825.1,115112
1753769599226,06:13:19.226,mexc,BTC/USDT:USDT,118824.9,114838,118824.8,116721,118825.0,120940,118825.1,166712
1753769599626,06:13:19.626,mexc,BTC/USDT:USDT,118824.9,114838,118824.8,116721,118825.0,120940,118825.1,166712
1753769599632,06:13:19.632,mexc,BTC/USDT:USDT,118824.9,114838,118824.8,116721,118825.0,120940,118825.1,115112
1753769600031,06:13:20.031,mexc,BTC/USDT:USDT,118824.9,114838,118824.8,116721,118825.0,120940,118825.1,115112
1753769600036,06:13:20.036,mexc,BTC/USDT:USDT,118824.9,114838,118824.8,207398,118825.0,120940,118825.1,134252
1753769600439,06:13:20.439,mexc,BTC/USDT:USDT,118824.9,114838,118824.8,170103,118825.0,120940,118825.1,134252
1753769600531,06:13:20.531,mexc,BTC/USDT:USDT,118824.9,123695,118824.8,117623,118825.0,98285,118825.1,123975
1753769600650,06:13:20.650,mexc,BTC/USDT:USDT,118824.9,123446,118824.8,117623,118825.0,98285,118825.1,123975
1753769600965,06:13:20.965,mexc,BTC/USDT:USDT,118824.9,123446,118824.8,157195,118825.0,98161,118825.1,123975
1753769601255,06:13:21.255,mexc,BTC/USDT:USDT,118824.9,123446,118824.8,157195,118825.0,98161,118825.1,123975
1753769601419,06:13:21.419,mexc,BTC/USDT:USDT,118824.9,123430,118824.8,117623,118825.0,97381,118825.1,123975
1753769601661,06:13:21.661,mexc,BTC/USDT:USDT,118824.9,123430,118824.8,117623,118825.0,97381,118825.1,123975
1753769601756,06:13:21.756,mexc,BTC/USDT:USDT,118824.9,123430,118824.8,154805,118825.0,97381,118825.1,158188
1753769602070,06:13:22.070,mexc,BTC/USDT:USDT,118824.9,123414,118824.8,117623,118825.0,97381,118825.1,158188
1753769602117,06:13:22.117,mexc,BTC/USDT:USDT,118824.9,123414,118824.8,117623,118825.0,97381,118825.1,180565
1753769602483,06:13:22.483,mexc,BTC/USDT:USDT,118824.9,112106,118824.8,118893,118825.0,106212,118825.1,125029
1753769602642,06:13:22.642,mexc,BTC/USDT:USDT,118824.9,112106,118824.8,156700,118825.0,106212,118825.1,125029
1753769602887,06:13:22.887,mexc,BTC/USDT:USDT,118824.9,112106,118824.8,139656,118825.0,107893,118825.1,125029
1753769602890,06:13:22.890,mexc,BTC/USDT:USDT,118824.9,112106,118824.8,114545,118825.0,107893,118825.1,125029
1753769603480,06:13:23.480,mexc,BTC/USDT:USDT,118824.9,112106,118824.8,101849,118825.0,107893,118825.1,125029
1753769603700,06:13:23.700,mexc,BTC/USDT:USDT,118824.9,112106,118824.8,101849,118825.0,107893,118825.1,125029
1753769603760,06:13:23.760,mexc,BTC/USDT:USDT,118824.9,111686,118824.8,116879,118825.0,107893,118825.1,162310
1753769604107,06:13:24.107,mexc,BTC/USDT:USDT,118824.9,111686,118824.8,116879,118825.0,107861,118825.1,162310
1753769604246,06:13:24.246,mexc,BTC/USDT:USDT,118824.9,111686,118824.8,101849,118825.0,107845,118825.1,125029
1753769604519,06:13:24.519,mexc,BTC/USDT:USDT,118824.9,101052,118824.8,94550,118825.0,114489,118825.1,95690
1753769604519,06:13:24.519,mexc,BTC/USDT:USDT,118824.9,101052,118824.8,94550,118825.0,114489,118825.1,118976
1753769604924,06:13:24.924,mexc,BTC/USDT:USDT,118824.9,101052,118824.8,94550,118825.0,114489,118825.1,118976
1753769604928,06:13:24.928,mexc,BTC/USDT:USDT,118824.9,101052,118824.8,94550,118825.0,114489,118825.1,95690
1753769605331,06:13:25.331,mexc,BTC/USDT:USDT,118824.9,101052,118824.8,94550,118825.0,114489,118825.1,95690
1753769605469,06:13:25.469,mexc,BTC/USDT:USDT,118824.9,101040,118824.8,94550,118825.0,114489,118825.1,128288
1753769605738,06:13:25.738,mexc,BTC/USDT:USDT,118824.9,101040,118824.8,94550,118825.0,114489,118825.1,128288
1753769605743,06:13:25.743,mexc,BTC/USDT:USDT,118824.9,101040,118824.8,94550,118825.0,114489,118825.1,95690
1753769606146,06:13:26.146,mexc,BTC/USDT:USDT,118824.9,101040,118824.8,94550,118825.0,114489,118825.1,95690
1753769606149,06:13:26.149,mexc,BTC/USDT:USDT,118824.9,101040,118824.8,134803,118825.0,114489,118825.1,95690
1753769606555,06:13:26.555,mexc,BTC/USDT:USDT,118824.9,95325,118824.8,121799,118825.0,113572,118825.1,115178
1753769606556,06:13:26.556,mexc,BTC/USDT:USDT,118824.9,95325,118824.8,121799,118825.0,113572,118825.1,115178
1753769606959,06:13:26.959,mexc,BTC/USDT:USDT,118824.9,95325,118824.8,121799,118825.0,111822,118825.1,115178
1753769606965,06:13:26.965,mexc,BTC/USDT:USDT,118824.9,95325,118824.8,121799,118825.0,111822,118825.1,115178
1753769607360,06:13:27.360,mexc,BTC/USDT:USDT,118824.9,95325,118824.8,121799,118825.0,111822,118825.1,115178
1753769607372,06:13:27.372,mexc,BTC/USDT:USDT,118824.9,95325,118824.8,160970,118825.0,111822,118825.1,138399
1753769607774,06:13:27.774,mexc,BTC/USDT:USDT,118824.9,95325,118824.8,160970,118825.0,111822,118825.1,138399
1753769607779,06:13:27.779,mexc,BTC/USDT:USDT,118824.9,95325,118824.8,121799,118825.0,111822,118825.1,149235
1753769608185,06:13:28.185,mexc,BTC/USDT:USDT,118824.9,95325,118824.8,121799,118825.0,111822,118825.1,149235
1753769608357,06:13:28.357,mexc,BTC/USDT:USDT,118824.9,95325,118824.8,157766,118825.0,111822,118825.1,115178
1753769608596,06:13:28.596,mexc,BTC/USDT:USDT,118824.9,112923,118824.8,96140,118825.0,116927,118825.1,122864
1753769608648,06:13:28.648,mexc,BTC/USDT:USDT,118824.9,112923,118824.8,96140,118825.0,116927,118825.1,122864
1753769608999,06:13:28.999,mexc,BTC/USDT:USDT,118824.9,112923,118824.8,96140,118825.0,116927,118825.1,122864
1753769609004,06:13:29.004,mexc,BTC/USDT:USDT,118824.9,112923,118824.8,120628,118825.0,116927,118825.1,137990
1753769609407,06:13:29.407,mexc,BTC/USDT:USDT,118824.9,112923,118824.8,96140,118825.0,116927,118825.1,137990
1753769609411,06:13:29.411,mexc,BTC/USDT:USDT,118824.9,112923,118824.8,152274,118825.0,116927,118825.1,179031
1753769609816,06:13:29.816,mexc,BTC/USDT:USDT,118824.9,112923,118824.8,152274,118825.0,116927,118825.1,179031
1753769609819,06:13:29.819,mexc,BTC/USDT:USDT,118824.9,112923,118824.8,96140,118825.0,116927,118825.1,122864
1753769610225,06:13:30.225,mexc,BTC/USDT:USDT,118824.9,112923,118824.8,96140,118825.0,116927,118825.1,122864
1753769610227,06:13:30.227,mexc,BTC/USDT:USDT,118824.9,112923,118824.8,96140,118825.0,116927,118825.1,122864
1753769610633,06:13:30.633,mexc,BTC/USDT:USDT,118824.9,93572,118824.8,106955,118825.0,110722,118825.1,104515
1753769610635,06:13:30.635,mexc,BTC/USDT:USDT,118824.9,93572,118824.8,106955,118825.0,110722,118825.1,137818
1753769611036,06:13:31.036,mexc,BTC/USDT:USDT,118824.9,93572,118824.8,106955,118825.0,110722,118825.1,137818
1753769611131,06:13:31.131,mexc,BTC/USDT:USDT,118824.9,93572,118824.8,164948,118825.0,110697,118825.1,202344
1753769611442,06:13:31.442,mexc,BTC/USDT:USDT,118824.9,93572,118824.8,144385,118825.0,110697,118825.1,202344
1753769611451,06:13:31.451,mexc,BTC/USDT:USDT,118824.9,93572,118824.8,106955,118825.0,110697,118825.1,135676
1753769611850,06:13:31.850,mexc,BTC/USDT:USDT,118824.9,93572,118824.8,106955,118825.0,110697,118825.1,135676
1753769611857,06:13:31.857,mexc,BTC/USDT:USDT,118824.9,93572,118824.8,128622,118825.0,110697,118825.1,117738
1753769612257,06:13:32.257,mexc,BTC/USDT:USDT,118824.9,93572,118824.8,106955,118825.0,110697,118825.1,117738
1753769612456,06:13:32.456,mexc,BTC/USDT:USDT,118824.9,93572,118824.8,148527,118825.0,100275,118825.1,94753
1753769612465,06:13:32.465,mexc,BTC/USDT:USDT,118824.9,114768,118824.8,105804,118825.0,100275,118825.1,94753
1753769612866,06:13:32.866,mexc,BTC/USDT:USDT,118824.9,114768,118824.8,129498,118825.0,100245,118825.1,94753
1753769613077,06:13:33.077,mexc,BTC/USDT:USDT,118824.9,114768,118824.8,129498,118825.0,100245,118825.1,94753
1753769613079,06:13:33.079,mexc,BTC/USDT:USDT,118824.9,114768,118824.8,105804,118825.0,100245,118825.1,94753
1753769613482,06:13:33.482,mexc,BTC/USDT:USDT,118824.9,114768,118824.8,105804,118825.0,100145,118825.1,94753
1753769613580,06:13:33.580,mexc,BTC/USDT:USDT,118824.9,114768,118824.8,136956,118825.0,100145,118825.1,94753
1753769613915,06:13:33.915,mexc,BTC/USDT:USDT,118824.9,114768,118824.8,136956,118825.0,100145,118825.1,94753
1753769614107,06:13:34.107,mexc,BTC/USDT:USDT,118824.9,114768,118824.8,155494,118825.0,100145,118825.1,94753
1753769614331,06:13:34.331,mexc,BTC/USDT:USDT,118824.9,114768,118824.8,155494,118825.0,100145,118825.1,94753
1753769614516,06:13:34.516,mexc,BTC/USDT:USDT,118821.2,101598,118821.1,96458,118823.7,109374,118823.8,100281
1753769614645,06:13:34.645,mexc,BTC/USDT:USDT,118815.1,99796,118815,121370,118815.2,122094,118815.3,118032
1753769614782,06:13:34.782,mexc,BTC/USDT:USDT,118815.1,99796,118815,156695,118815.2,122094,118815.3,167764
1753769615142,06:13:35.142,mexc,BTC/USDT:USDT,118815.1,99796,118815,156695,118815.2,122094,118815.3,167764
1753769615239,06:13:35.239,mexc,BTC/USDT:USDT,118815.1,99796,118815,166047,118815.2,122078,118815.3,170067
1753769615548,06:13:35.548,mexc,BTC/USDT:USDT,118815.1,99796,118815,121370,118815.2,122078,118815.3,170067
1753769615617,06:13:35.617,mexc,BTC/USDT:USDT,118815.1,99796,118815,121370,118815.2,122078,118815.3,157011
1753769615955,06:13:35.955,mexc,BTC/USDT:USDT,118815.1,99796,118815,121370,118815.2,119510,118815.3,157011
1753769616143,06:13:36.143,mexc,BTC/USDT:USDT,118815.1,99796,118815,121370,118815.2,119510,118815.3,118032
1753769616364,06:13:36.364,mexc,BTC/USDT:USDT,118815.1,99796,118815,121370,118815.2,119510,118815.3,118032
1753769616467,06:13:36.467,mexc,BTC/USDT:USDT,118814.8,112076,118814.7,115470,118814.9,124904,118815,93922
1753769616765,06:13:36.765,mexc,BTC/USDT:USDT,118814.8,111547,118814.7,115470,118814.9,124904,118815,93922
1753769616776,06:13:36.776,mexc,BTC/USDT:USDT,118814.8,111547,118814.7,137900,118814.9,124904,118815,115657
1753769617181,06:13:37.181,mexc,BTC/USDT:USDT,118814.8,111547,118814.7,115470,118814.9,124904,118815,115657
1753769617184,06:13:37.184,mexc,BTC/USDT:USDT,118814.8,111547,118814.7,115470,118814.9,124904,118815,133862
1753769617587,06:13:37.587,mexc,BTC/USDT:USDT,118814.8,111547,118814.7,115470,118814.9,124904,118815,133862
1753769617594,06:13:37.594,mexc,BTC/USDT:USDT,118814.8,111547,118814.7,139781,118814.9,124904,118815,93922
1753769617995,06:13:37.995,mexc,BTC/USDT:USDT,118814.8,111547,118814.7,115470,118814.9,124904,118815,93922
1753769618144,06:13:38.144,mexc,BTC/USDT:USDT,118814.8,111469,118814.7,115470,118814.9,124904,118815,137650
1753769618403,06:13:38.403,mexc,BTC/USDT:USDT,118814.8,111453,118814.7,115470,118814.9,124904,118815,137650
1753769618476,06:13:38.476,mexc,BTC/USDT:USDT,118814.8,123715,118814.7,108525,118814.9,109822,118815,105111
1753769618806,06:13:38.806,mexc,BTC/USDT:USDT,118814.8,123715,118814.7,108525,118814.9,109822,118815,105111
1753769618815,06:13:38.815,mexc,BTC/USDT:USDT,118814.8,123715,118814.7,108525,118814.9,109822,118815,157475
1753769619217,06:13:39.217,mexc,BTC/USDT:USDT,118814.8,123715,118814.7,108525,118814.9,109822,118815,157475
1753769619222,06:13:39.222,mexc,BTC/USDT:USDT,118814.8,123715,118814.7,108525,118814.9,109822,118815,115934
1753769619625,06:13:39.625,mexc,BTC/USDT:USDT,118814.8,123715,118814.7,108525,118814.9,109822,118815,115934
1753769619629,06:13:39.629,mexc,BTC/USDT:USDT,118814.8,123715,118814.7,108525,118814.9,109822,118815,117580
1753769620032,06:13:40.032,mexc,BTC/USDT:USDT,118814.8,123715,118814.7,108525,118814.9,109822,118815,117580
1753769620037,06:13:40.037,mexc,BTC/USDT:USDT,118814.8,123715,118814.7,209056,118814.9,109822,118815,105111
1753769620452,06:13:40.452,mexc,BTC/USDT:USDT,118814.8,123715,118814.7,108525,118814.9,109822,118815,105111
1753769620647,06:13:40.647,mexc,BTC/USDT:USDT,118814.8,112573,118814.7,125606,118814.9,118355,118815,103798
1753769620852,06:13:40.852,mexc,BTC/USDT:USDT,118814.8,112573,118814.7,160894,118814.9,118355,118815,145784
1753769621255,06:13:41.255,mexc,BTC/USDT:USDT,118814.8,112573,118814.7,125606,118814.9,118355,118815,145784
1753769621259,06:13:41.259,mexc,BTC/USDT:USDT,118814.8,112573,118814.7,125606,118814.9,118355,118815,103798
1753769621662,06:13:41.662,mexc,BTC/USDT:USDT,118814.8,112527,118814.7,125606,118814.9,118355,118815,103798
1753769621667,06:13:41.667,mexc,BTC/USDT:USDT,118814.8,112527,118814.7,125606,118814.9,118355,118815,136846
1753769622072,06:13:42.072,mexc,BTC/USDT:USDT,118814.8,112527,118814.7,125606,118814.9,118355,118815,136846
1753769622076,06:13:42.076,mexc,BTC/USDT:USDT,118814.8,112527,118814.7,187782,118814.9,118355,118815,103798
1753769622481,06:13:42.481,mexc,BTC/USDT:USDT,118814.8,121106,118814.7,125117,118814.9,120590,118815,94017
1753769622484,06:13:42.484,mexc,BTC/USDT:USDT,118814.8,121106,118814.7,125117,118814.9,120590,118815,139265
1753769622885,06:13:42.885,mexc,BTC/USDT:USDT,118814.8,121052,118814.7,125117,118814.9,120590,118815,139265
1753769622970,06:13:42.970,mexc,BTC/USDT:USDT,118814.8,121052,118814.7,125117,118814.9,120590,118815,120222
1753769623292,06:13:43.292,mexc,BTC/USDT:USDT,118814.8,121052,118814.7,125117,118814.9,120590,118815,120222
1753769623395,06:13:43.395,mexc,BTC/USDT:USDT,118814.8,120890,118814.7,156213,118814.9,120590,118815,94017
1753769623700,06:13:43.700,mexc,BTC/USDT:USDT,118814.8,120890,118814.7,156213,118814.9,120587,118815,94017
1753769623705,06:13:43.705,mexc,BTC/USDT:USDT,118814.8,120890,118814.7,125117,118814.9,120587,118815,107310
1753769624107,06:13:44.107,mexc,BTC/USDT:USDT,118814.8,120890,118814.7,125117,118814.9,120587,118815,107310
1753769624112,06:13:44.112,mexc,BTC/USDT:USDT,118814.8,120890,118814.7,125117,118814.9,120587,118815,113898
1753769624520,06:13:44.520,mexc,BTC/USDT:USDT,118814.8,118222,118814.7,104008,118814.9,124094,118815,110832
1753769624521,06:13:44.521,mexc,BTC/USDT:USDT,118814.8,118222,118814.7,104008,118814.9,124094,118815,194846
1753769624923,06:13:44.923,mexc,BTC/USDT:USDT,118814.8,118088,118814.7,104008,118814.9,124094,118815,194846
1753769624928,06:13:44.928,mexc,BTC/USDT:USDT,118814.8,118088,118814.7,104008,118814.9,124094,118815,110832
1753769625333,06:13:45.333,mexc,BTC/USDT:USDT,118814.8,118088,118814.7,104008,118814.9,124094,118815,110832
1753769625336,06:13:45.336,mexc,BTC/USDT:USDT,118814.8,118088,118814.7,104008,118814.9,124094,118815,179463
1753769625739,06:13:45.739,mexc,BTC/USDT:USDT,118814.8,118088,118814.7,104008,118814.9,124094,118815,179463
1753769625744,06:13:45.744,mexc,BTC/USDT:USDT,118814.8,118088,118814.7,124173,118814.9,124094,118815,110832
1753769626146,06:13:46.146,mexc,BTC/USDT:USDT,118814.8,118088,118814.7,104008,118814.9,124094,118815,110832
1753769626164,06:13:46.164,mexc,BTC/USDT:USDT,118814.8,118088,118814.7,104008,118814.9,124078,118815,110832
1753769626559,06:13:46.559,mexc,BTC/USDT:USDT,118814.8,106069,118814.7,118810,118814.9,124030,118815,101962
1753769626649,06:13:46.649,mexc,BTC/USDT:USDT,118814.8,106069,118814.7,168947,118814.9,124030,118815,101962
1753769626962,06:13:46.962,mexc,BTC/USDT:USDT,118814.8,106069,118814.7,168947,118814.9,124030,118815,101962
1753769626968,06:13:46.968,mexc,BTC/USDT:USDT,118814.8,106069,118814.7,118810,118814.9,124030,118815,101962
1753769627369,06:13:47.369,mexc,BTC/USDT:USDT,118814.8,106069,118814.7,118810,118814.9,124030,118815,101962
1753769627434,06:13:47.434,mexc,BTC/USDT:USDT,118814.8,106069,118814.7,168009,118814.9,124030,118815,136873
1753769627777,06:13:47.777,mexc,BTC/USDT:USDT,118814.8,106069,118814.7,168009,118814.9,124030,118815,101962
1753769627782,06:13:47.782,mexc,BTC/USDT:USDT,118814.8,106069,118814.7,169838,118814.9,124030,118815,101962
1753769628185,06:13:48.185,mexc,BTC/USDT:USDT,118814.8,106069,118814.7,169838,118814.9,124030,118815,101962
1753769628194,06:13:48.194,mexc,BTC/USDT:USDT,118814.8,106069,118814.7,118810,118814.9,124030,118815,101962
1753769628599,06:13:48.599,mexc,BTC/USDT:USDT,118814.8,123008,118814.7,110925,118814.9,125070,118815,100035
1753769628601,06:13:48.601,mexc,BTC/USDT:USDT,118814.8,123008,118814.7,145419,118814.9,125070,118815,142315
1753769629000,06:13:49.000,mexc,BTC/USDT:USDT,118814.8,123008,118814.7,145419,118814.9,125022,118815,142315
1753769629006,06:13:49.006,mexc,BTC/USDT:USDT,118814.8,123008,118814.7,110925,118814.9,125022,118815,100035
1753769629407,06:13:49.407,mexc,BTC/USDT:USDT,118814.8,123008,118814.7,110925,118814.9,125022,118815,100035
1753769629414,06:13:49.414,mexc,BTC/USDT:USDT,118814.8,123008,118814.7,161199,118814.9,125022,118815,148225
1753769629814,06:13:49.814,mexc,BTC/USDT:USDT,118814.8,123008,118814.7,161199,118814.9,125022,118815,148225
1753769629821,06:13:49.821,mexc,BTC/USDT:USDT,118814.8,123008,118814.7,133220,118814.9,125022,118815,119784
1753769630222,06:13:50.222,mexc,BTC/USDT:USDT,118814.8,123008,118814.7,133220,118814.9,125022,118815,119784
1753769630420,06:13:50.420,mexc,BTC/USDT:USDT,118814.8,123008,118814.7,110925,118814.9,125022,118815,100035
1753769630548,06:13:50.548,mexc,BTC/USDT:USDT,118814.8,100890,118814.7,113192,118814.9,104646,118815,98818
1753769630635,06:13:50.635,mexc,BTC/USDT:USDT,118814.8,100890,118814.7,113192,118814.9,104646,118815,116996
1753769631036,06:13:51.036,mexc,BTC/USDT:USDT,118814.8,100890,118814.7,113192,118814.9,104646,118815,98818
1753769631204,06:13:51.204,mexc,BTC/USDT:USDT,118814.8,100890,118814.7,113192,118814.9,104646,118815,98818
1753769631445,06:13:51.445,mexc,BTC/USDT:USDT,118814.8,100890,118814.7,113192,118814.9,104646,118815,98818
1753769631638,06:13:51.638,mexc,BTC/USDT:USDT,118814.8,100819,118814.7,113192,118814.9,104646,118815,122944
1753769631853,06:13:51.853,mexc,BTC/USDT:USDT,118814.8,100819,118814.7,113192,118814.9,104646,118815,98818
1753769631857,06:13:51.857,mexc,BTC/USDT:USDT,118814.8,100819,118814.7,113192,118814.9,104646,118815,139869
1753769632261,06:13:52.261,mexc,BTC/USDT:USDT,118814.8,100819,118814.7,113192,118814.9,104646,118815,98818
1753769632459,06:13:52.459,mexc,BTC/USDT:USDT,118814.8,100819,118814.7,128103,118814.9,210715,118815,203565
1753769632657,06:13:52.657,mexc,BTC/USDT:USDT,118814.8,100786,118814.7,110262,118814.9,106069,118815,104747
1753769632830,06:13:52.830,mexc,BTC/USDT:USDT,118814.8,100786,118814.7,110262,118814.9,105904,118815,104747
1753769633079,06:13:53.079,mexc,BTC/USDT:USDT,118814.8,100786,118814.7,110262,118814.9,105904,118815,104747
1753769633083,06:13:53.083,mexc,BTC/USDT:USDT,118814.8,100786,118814.7,141666,118814.9,105904,118815,104747
1753769633482,06:13:53.482,mexc,BTC/USDT:USDT,118814.8,92982,118814.7,141666,118814.9,105904,118815,104747
1753769633487,06:13:53.487,mexc,BTC/USDT:USDT,118814.8,92982,118814.7,110262,118814.9,105904,118815,104747
1753769633889,06:13:53.889,mexc,BTC/USDT:USDT,118814.8,92982,118814.7,110262,118814.9,105871,118815,104747
1753769633893,06:13:53.893,mexc,BTC/USDT:USDT,118814.8,92982,118814.7,134822,118814.9,105871,118815,104747
1753769634297,06:13:54.297,mexc,BTC/USDT:USDT,118814.8,92982,118814.7,110262,118814.9,105871,118815,104747
1753769634472,06:13:54.472,mexc,BTC/USDT:USDT,118814.8,116366,118814.7,120765,118814.9,108217,118815,114321
1753769634707,06:13:54.707,mexc,BTC/USDT:USDT,118814.8,116366,118814.7,120765,118814.9,108217,118815,114321
1753769634708,06:13:54.708,mexc,BTC/USDT:USDT,118814.8,116366,118814.7,120765,118814.9,108217,118815,114321
1753769635112,06:13:55.112,mexc,BTC/USDT:USDT,118814.8,116366,118814.7,120765,118814.9,108217,118815,114321
1753769635116,06:13:55.116,mexc,BTC/USDT:USDT,118814.8,116366,118814.7,120765,118814.9,108217,118815,153750
1753769635519,06:13:55.519,mexc,BTC/USDT:USDT,118814.8,116366,118814.7,120765,118814.9,108217,118815,114321
1753769635529,06:13:55.529,mexc,BTC/USDT:USDT,118814.8,116366,118814.7,143312,118814.9,108217,118815,114321
1753769635926,06:13:55.926,mexc,BTC/USDT:USDT,118814.8,116366,118814.7,143312,118814.9,108217,118815,114321
1753769635934,06:13:55.934,mexc,BTC/USDT:USDT,118814.8,116366,118814.7,185290,118814.9,108217,118815,114321
1753769636341,06:13:56.341,mexc,BTC/USDT:USDT,118816.1,124369,118816,96035,118816.2,106863,118816.3,103287
1753769636444,06:13:56.444,mexc,BTC/USDT:USDT,118822,115525,118821.9,125540,118822.1,117965,118822.2,101639
1753769636745,06:13:56.745,mexc,BTC/USDT:USDT,118822,115525,118821.9,125540,118822.1,117965,118822.2,150551
1753769636748,06:13:56.748,mexc,BTC/USDT:USDT,118822,115525,118821.9,125540,118822.1,117965,118822.2,150551
1753769637148,06:13:57.148,mexc,BTC/USDT:USDT,118822,115525,118821.9,125540,118822.1,117965,118822.2,101639
1753769637275,06:13:57.275,mexc,BTC/USDT:USDT,118822,115525,118821.9,185841,118822.1,117965,118822.2,101639
1753769637559,06:13:57.559,mexc,BTC/USDT:USDT,118822,105717,118821.9,118067,118822.1,109365,118822.2,114103
1753769637591,06:13:57.591,mexc,BTC/USDT:USDT,118822,105717,118821.9,143229,118822.1,109365,118822.2,114103
1753769638043,06:13:58.043,mexc,BTC/USDT:USDT,118822,105693,118821.9,118067,118822.1,109365,118822.2,114103
1753769638369,06:13:58.369,mexc,BTC/USDT:USDT,118822,105693,118821.9,118067,118822.1,109365,118822.2,114103
1753769638378,06:13:58.378,mexc,BTC/USDT:USDT,118822,105693,118821.9,163138,118822.1,109365,118822.2,139205
1753769638778,06:13:58.778,mexc,BTC/USDT:USDT,118822,105693,118821.9,163138,118822.1,109365,118822.2,114103
1753769638785,06:13:58.785,mexc,BTC/USDT:USDT,118822,105693,118821.9,171238,118822.1,109365,118822.2,114103
1753769639186,06:13:59.186,mexc,BTC/USDT:USDT,118822,105693,118821.9,171238,118822.1,109365,118822.2,114103
1753769639193,06:13:59.193,mexc,BTC/USDT:USDT,118822,105693,118821.9,167146,118822.1,109365,118822.2,114103
1753769639611,06:13:59.611,mexc,BTC/USDT:USDT,118822,116848,118821.9,121147,118822.1,124947,118822.2,98009
1753769639765,06:13:59.765,mexc,BTC/USDT:USDT,118822,116848,118821.9,121147,118822.1,119947,118822.2,123311
1753769640018,06:14:00.018,mexc,BTC/USDT:USDT,118822,116848,118821.9,121147,118822.1,119947,118822.2,123311
1753769640020,06:14:00.020,mexc,BTC/USDT:USDT,118822,116848,118821.9,181459,118822.1,119947,118822.2,112393
1753769640422,06:14:00.422,mexc,BTC/USDT:USDT,118822,116848,118821.9,181459,118822.1,119947,118822.2,98009
1753769640426,06:14:00.426,mexc,BTC/USDT:USDT,118822,116848,118821.9,121147,118822.1,119947,118822.2,98009
1753769640830,06:14:00.830,mexc,BTC/USDT:USDT,118822,116848,118821.9,121147,118822.1,119947,118822.2,98009
1753769640836,06:14:00.836,mexc,BTC/USDT:USDT,118822,116848,118821.9,121147,118822.1,119947,118822.2,98009
1753769641237,06:14:01.237,mexc,BTC/USDT:USDT,118822,116848,118821.9,121147,118822.1,119947,118822.2,98009
1753769641343,06:14:01.343,mexc,BTC/USDT:USDT,118822,116843,118821.9,121147,118822.1,119947,118822.2,146237
1753769641650,06:14:01.650,mexc,BTC/USDT:USDT,118822,116720,118821.9,117585,118822.1,106475,118822.2,97444
1753769641813,06:14:01.813,mexc,BTC/USDT:USDT,118822,116437,118821.9,117585,118822.1,106475,118822.2,97444
1753769642053,06:14:02.053,mexc,BTC/USDT:USDT,118822,116437,118821.9,117585,118822.1,106401,118822.2,97444
1753769642129,06:14:02.129,mexc,BTC/USDT:USDT,118822,116437,118821.9,117585,118822.1,106485,118822.2,130653
1753769642461,06:14:02.461,mexc,BTC/USDT:USDT,118822,116437,118821.9,117585,118822.1,106483,118822.2,130653
1753769642638,06:14:02.638,mexc,BTC/USDT:USDT,118822,116437,118821.9,167906,118822.1,106581,118822.2,145704
1753769642869,06:14:02.869,mexc,BTC/USDT:USDT,118822,116437,118821.9,167906,118822.1,106581,118822.2,145704
1753769642874,06:14:02.874,mexc,BTC/USDT:USDT,118822,116437,118821.9,117585,118822.1,106581,118822.2,97444
1753769643279,06:14:03.279,mexc,BTC/USDT:USDT,118822,116437,118821.9,117585,118822.1,106581,118822.2,97444
1753769643477,06:14:03.477,mexc,BTC/USDT:USDT,118822,107278,118821.9,114260,118822.1,119900,118822.2,118876
1753769643691,06:14:03.691,mexc,BTC/USDT:USDT,118822,107698,118821.9,114260,118822.1,119900,118822.2,118876
1753769643728,06:14:03.728,mexc,BTC/USDT:USDT,118822,107698,118821.9,114260,118822.1,119884,118822.2,142940
1753769644109,06:14:04.109,mexc,BTC/USDT:USDT,118822,107698,118821.9,114260,118822.1,119882,118822.2,118876
1753769644195,06:14:04.195,mexc,BTC/USDT:USDT,118822,107568,118821.9,114260,118822.1,119882,118822.2,118876
1753769644516,06:14:04.516,mexc,BTC/USDT:USDT,118822,107568,118821.9,114260,118822.1,119882,118822.2,118876
1753769644654,06:14:04.654,mexc,BTC/USDT:USDT,118822,107568,118821.9,114260,118822.1,119882,118822.2,156047
1753769644923,06:14:04.923,mexc,BTC/USDT:USDT,118822,107568,118821.9,114260,118822.1,119882,118822.2,118876
1753769644929,06:14:04.929,mexc,BTC/USDT:USDT,118822,107568,118821.9,114260,118822.1,119882,118822.2,133371
1753769645331,06:14:05.331,mexc,BTC/USDT:USDT,118822,107568,118821.9,114260,118822.1,119882,118822.2,133371
1753769645475,06:14:05.475,mexc,BTC/USDT:USDT,118822,105731,118821.9,99253,118822.1,107149,118822.2,105131
1753769645813,06:14:05.813,mexc,BTC/USDT:USDT,118822,103931,118821.9,99253,118822.1,107149,118822.2,105131
1753769645813,06:14:05.813,mexc,BTC/USDT:USDT,118822,103931,118821.9,126930,118822.1,107149,118822.2,105131
1753769646216,06:14:06.216,mexc,BTC/USDT:USDT,118822,103931,118821.9,126930,118822.1,107149,118822.2,105131
1753769646220,06:14:06.220,mexc,BTC/USDT:USDT,118822,103931,118821.9,125147,118822.1,107149,118822.2,105131
1753769646622,06:14:06.622,mexc,BTC/USDT:USDT,118822,103931,118821.9,99253,118822.1,107149,118822.2,105131
1753769646627,06:14:06.627,mexc,BTC/USDT:USDT,118822,103931,118821.9,99253,118822.1,107149,118822.2,169545
1753769647030,06:14:07.030,mexc,BTC/USDT:USDT,118822,103931,118821.9,99253,118822.1,107149,118822.2,124658
1753769647035,06:14:07.035,mexc,BTC/USDT:USDT,118822,103931,118821.9,145416,118822.1,107149,118822.2,142001
1753769647437,06:14:07.437,mexc,BTC/USDT:USDT,118822,103931,118821.9,99253,118822.1,107149,118822.2,142001
1753769647525,06:14:07.525,mexc,BTC/USDT:USDT,118822,109534,118821.9,113521,118822.1,98760,118822.2,114947
1753769647849,06:14:07.849,mexc,BTC/USDT:USDT,118822,109534,118821.9,113521,118822.1,98760,118822.2,114947
1753769647849,06:14:07.849,mexc,BTC/USDT:USDT,118822,109534,118821.9,113521,118822.1,98760,118822.2,171199
1753769648251,06:14:08.251,mexc,BTC/USDT:USDT,118822,109534,118821.9,113521,118822.1,98760,118822.2,171199
1753769648256,06:14:08.256,mexc,BTC/USDT:USDT,118822,109534,118821.9,113521,118822.1,98760,118822.2,152624
1753769648661,06:14:08.661,mexc,BTC/USDT:USDT,118822,109534,118821.9,113521,118822.1,98760,118822.2,152624
1753769648836,06:14:08.836,mexc,BTC/USDT:USDT,118822,109534,118821.9,113521,118822.1,98760,118822.2,150077
1753769649066,06:14:09.066,mexc,BTC/USDT:USDT,118822,109534,118821.9,113521,118822.1,98760,118822.2,126568
1753769649213,06:14:09.213,mexc,BTC/USDT:USDT,118822,109534,118821.9,162811,118822.1,98760,118822.2,188372
1753769649468,06:14:09.468,mexc,BTC/USDT:USDT,118822,109534,118821.9,162811,118822.1,200663,118822.2,284014
1753769649595,06:14:09.595,mexc,BTC/USDT:USDT,118822,110265,118821.9,115666,118822.1,101812,118822.2,95642
1753769649679,06:14:09.679,mexc,BTC/USDT:USDT,118822,110265,118821.9,135197,118822.1,101812,118822.2,117232
1753769650084,06:14:10.084,mexc,BTC/USDT:USDT,118822,110265,118821.9,135197,118822.1,101812,118822.2,117232
1753769650270,06:14:10.270,mexc,BTC/USDT:USDT,118822,110265,118821.9,134571,118822.1,101812,118822.2,95642
1753769650490,06:14:10.490,mexc,BTC/USDT:USDT,118822,109971,118821.9,134571,118822.1,101812,118822.2,95642
1753769650656,06:14:10.656,mexc,BTC/USDT:USDT,118822,109971,118821.9,115666,118822.1,101812,118822.2,95642
1753769650897,06:14:10.897,mexc,BTC/USDT:USDT,118822,109971,118821.9,115666,118822.1,101812,118822.2,95642
1753769650902,06:14:10.902,mexc,BTC/USDT:USDT,118822,109971,118821.9,115666,118822.1,101812,118822.2,95642
1753769651305,06:14:11.305,mexc,BTC/USDT:USDT,118822,109962,118821.9,115666,118822.1,101812,118822.2,95642
1753769651479,06:14:11.479,mexc,BTC/USDT:USDT,118822,105927,118821.9,120505,118822.1,104335,118822.2,101698
1753769651715,06:14:11.715,mexc,BTC/USDT:USDT,118822,105927,118821.9,120505,118822.1,104335,118822.2,101698
1753769651717,06:14:11.717,mexc,BTC/USDT:USDT,118822,105927,118821.9,157500,118822.1,104335,118822.2,101698
1753769652119,06:14:12.119,mexc,BTC/USDT:USDT,118822,105927,118821.9,120505,118822.1,104335,118822.2,101698
1753769652251,06:14:12.251,mexc,BTC/USDT:USDT,118824.7,122015,118824.6,112026,118824.8,102398,118824.9,122520
1753769652531,06:14:12.531,mexc,BTC/USDT:USDT,118824.7,122015,118824.6,112026,118824.8,102398,118824.9,158846
1753769652531,06:14:12.531,mexc,BTC/USDT:USDT,118824.7,122015,118824.6,112026,118824.8,102398,118824.9,192030
1753769652934,06:14:12.934,mexc,BTC/USDT:USDT,118824.7,122015,118824.6,112026,118824.8,102398,118824.9,155704
1753769652939,06:14:12.939,mexc,BTC/USDT:USDT,118824.7,122015,118824.6,112026,118824.8,102398,118824.9,163402
1753769653341,06:14:13.341,mexc,BTC/USDT:USDT,118824.7,122015,118824.6,112026,118824.8,102398,118824.9,122520
1753769653525,06:14:13.525,mexc,BTC/USDT:USDT,118824.9,113316,118824.8,101026,118825,96804,118825.1,93749
1753769653743,06:14:13.743,mexc,BTC/USDT:USDT,118824.9,113316,118824.8,101026,118825,95822,118825.1,93749
1753769653753,06:14:13.753,mexc,BTC/USDT:USDT,118824.9,113316,118824.8,145757,118825,95822,118825.1,111049
1753769654158,06:14:14.158,mexc,BTC/USDT:USDT,118824.9,113316,118824.8,101026,118825,95738,118825.1,111049
1753769654161,06:14:14.161,mexc,BTC/USDT:USDT,118824.9,113316,118824.8,101026,118825,95738,118825.1,93749
1753769654564,06:14:14.564,mexc,BTC/USDT:USDT,118824.9,113316,118824.8,101026,118825,95738,118825.1,93749
1753769654619,06:14:14.619,mexc,BTC/USDT:USDT,118824.9,113316,118824.8,101026,118825,95738,118825.1,93749
1753769654780,06:14:14.780,mexc,BTC/USDT:USDT,118824.9,113316,118824.8,101026,118825,95738,118825.1,93749
1753769655207,06:14:15.207,mexc,BTC/USDT:USDT,118824.9,113316,118824.8,116957,118825,95738,118825.1,93749
1753769655376,06:14:15.376,mexc,BTC/USDT:USDT,118824.9,113316,118824.8,116957,118825,95738,118825.1,93749
1753769655603,06:14:15.603,mexc,BTC/USDT:USDT,118824.9,117265,118824.8,112207,118825,123244,118825.1,107518
1753769655839,06:14:15.839,mexc,BTC/USDT:USDT,118824.9,117265,118824.8,112207,118825,123244,118825.1,107518
1753769655849,06:14:15.849,mexc,BTC/USDT:USDT,118824.9,117265,118824.8,112207,118825,123244,118825.1,107518
1753769656246,06:14:16.246,mexc,BTC/USDT:USDT,118824.9,117265,118824.8,112207,118825,123244,118825.1,107518
1753769656252,06:14:16.252,mexc,BTC/USDT:USDT,118824.9,117265,118824.8,112207,118825,123244,118825.1,129756
1753769656648,06:14:16.648,mexc,BTC/USDT:USDT,118824.9,117265,118824.8,112207,118825,123244,118825.1,129756
1753769656660,06:14:16.660,mexc,BTC/USDT:USDT,118824.9,117265,118824.8,152296,118825,123244,118825.1,137922
