timestamp,time,exchange,symbol,bid1_price,bid1_volume,bid2_price,bid2_volume,ask1_price,ask1_volume,ask2_price,ask2_volume
1753769543379,06:12:23.379,htx,SOL/USDT:USDT,184.9109,24.0,184.9065,7.0,184.911,80.0,184.9133,24.0
1753769544959,06:12:24.959,htx,SOL/USDT:USDT,184.9109,24.0,184.9065,7.0,184.911,80.0,184.9133,24.0
1753769544975,06:12:24.975,htx,SOL/USDT:USDT,184.9109,24.0,184.9065,7.0,184.911,80.0,184.9133,24.0
1753769545244,06:12:25.244,htx,SOL/USDT:USDT,184.9109,46.0,184.9065,7.0,184.911,80.0,184.9133,24.0
1753769545890,06:12:25.890,htx,SOL/USDT:USDT,184.9109,24.0,184.9065,7.0,184.911,72.0,184.9133,24.0
1753769546462,06:12:26.462,htx,SOL/USDT:USDT,184.8843,8.0,184.8842,24.0,184.8844,36.0,184.8895,10.0
1753769546641,06:12:26.641,htx,SOL/USDT:USDT,184.8842,183.0,184.8823,6.0,184.8843,42.0,184.8895,10.0
1753769546776,06:12:26.776,htx,SOL/USDT:USDT,184.8842,183.0,184.8823,6.0,184.8843,42.0,184.8895,10.0
1753769546833,06:12:26.833,htx,SOL/USDT:USDT,184.8842,183.0,184.8823,6.0,184.8843,42.0,184.8895,10.0
1753769546951,06:12:26.951,htx,SOL/USDT:USDT,184.8842,183.0,184.8823,6.0,184.8843,42.0,184.8895,10.0
1753769547159,06:12:27.159,htx,SOL/USDT:USDT,184.8842,207.0,184.8823,6.0,184.8843,42.0,184.8895,10.0
1753769547347,06:12:27.347,htx,SOL/USDT:USDT,184.8842,207.0,184.8823,6.0,184.8843,42.0,184.8895,10.0
1753769547384,06:12:27.384,htx,SOL/USDT:USDT,184.8842,207.0,184.8823,6.0,184.8843,42.0,184.8895,10.0
1753769547903,06:12:27.903,htx,SOL/USDT:USDT,184.8842,207.0,184.8823,6.0,184.8843,42.0,184.8895,10.0
1753769547919,06:12:27.919,htx,SOL/USDT:USDT,184.8842,207.0,184.8823,6.0,184.8843,42.0,184.8895,10.0
1753769548265,06:12:28.265,htx,SOL/USDT:USDT,184.8842,207.0,184.8823,6.0,184.8843,42.0,184.8895,10.0
1753769548669,06:12:28.669,htx,SOL/USDT:USDT,184.8842,207.0,184.8823,6.0,184.8843,42.0,184.8895,10.0
1753769549195,06:12:29.195,htx,SOL/USDT:USDT,184.8842,164.0,184.8752,10.0,184.8843,42.0,184.8895,10.0
1753769549273,06:12:29.273,htx,SOL/USDT:USDT,184.8842,142.0,184.8726,13.0,184.8843,50.0,184.8895,10.0
1753769549585,06:12:29.585,htx,SOL/USDT:USDT,184.8717,130.0,184.8694,7.0,184.8718,58.0,184.8727,10.0
1753769550010,06:12:30.010,htx,SOL/USDT:USDT,184.8717,154.0,184.8694,7.0,184.8718,58.0,184.8727,10.0
1753769550328,06:12:30.328,htx,SOL/USDT:USDT,184.8717,141.0,184.8694,7.0,184.8718,58.0,184.8727,10.0
1753769550340,06:12:30.340,htx,SOL/USDT:USDT,184.8717,141.0,184.8694,7.0,184.8718,58.0,184.8727,10.0
1753769550373,06:12:30.373,htx,SOL/USDT:USDT,184.8717,141.0,184.8644,10.0,184.8718,58.0,184.8727,10.0
1753769550402,06:12:30.402,htx,SOL/USDT:USDT,184.8717,141.0,184.8576,24.0,184.8718,58.0,184.8727,10.0
1753769550847,06:12:30.847,htx,SOL/USDT:USDT,184.8717,147.0,184.8596,50.0,184.8718,42.0,184.8842,7.0
1753769551327,06:12:31.327,htx,SOL/USDT:USDT,184.9017,75.0,184.897,8.0,184.9018,23.0,184.911,22.0
1753769551364,06:12:31.364,htx,SOL/USDT:USDT,184.9017,94.0,184.897,8.0,184.9018,1.0,184.911,22.0
1753769551717,06:12:31.717,htx,SOL/USDT:USDT,184.9201,204.0,184.9163,18.0,184.9202,32.0,184.9295,23.0
1753769551745,06:12:31.745,htx,SOL/USDT:USDT,184.9201,204.0,184.9163,18.0,184.9202,10.0,184.9295,23.0
1753769552037,06:12:32.037,htx,SOL/USDT:USDT,184.9201,204.0,184.9163,18.0,184.9202,10.0,184.9295,23.0
1753769552114,06:12:32.114,htx,SOL/USDT:USDT,184.9201,204.0,184.9163,18.0,184.9202,10.0,184.9295,23.0
1753769552318,06:12:32.318,htx,SOL/USDT:USDT,184.9201,204.0,184.9163,18.0,184.9202,10.0,184.9295,23.0
1753769552587,06:12:32.587,htx,SOL/USDT:USDT,184.9201,204.0,184.9163,18.0,184.9202,10.0,184.9295,23.0
1753769552797,06:12:32.797,htx,SOL/USDT:USDT,184.9201,300.0,184.9163,18.0,184.9202,10.0,184.9295,23.0
1753769553098,06:12:33.098,htx,SOL/USDT:USDT,184.9448,4.0,184.9386,22.0,184.9449,23.0,184.9466,1.0
1753769553147,06:12:33.147,htx,SOL/USDT:USDT,184.9448,26.0,184.9307,19.0,184.9449,43.0,184.9466,1.0
1753769553160,06:12:33.160,htx,SOL/USDT:USDT,184.9448,26.0,184.9307,19.0,184.9449,43.0,184.9466,1.0
1753769553215,06:12:33.215,htx,SOL/USDT:USDT,184.9448,26.0,184.9307,19.0,184.9449,73.0,184.9466,1.0
1753769553246,06:12:33.246,htx,SOL/USDT:USDT,184.9448,26.0,184.9307,19.0,184.9449,73.0,184.9466,1.0
1753769553485,06:12:33.485,htx,SOL/USDT:USDT,184.9448,162.0,184.9375,21.0,184.9449,33.0,184.9466,1.0
1753769553554,06:12:33.554,htx,SOL/USDT:USDT,184.9448,186.0,184.9314,10.0,184.9449,33.0,184.9466,1.0
1753769553676,06:12:33.676,htx,SOL/USDT:USDT,184.9448,186.0,184.9407,50.0,184.9449,33.0,184.9466,1.0
1753769553725,06:12:33.725,htx,SOL/USDT:USDT,184.9448,186.0,184.9407,50.0,184.9449,10.0,184.9466,1.0
1753769553836,06:12:33.836,htx,SOL/USDT:USDT,184.9448,242.0,184.9407,50.0,184.9449,10.0,184.9466,1.0
1753769553836,06:12:33.836,htx,SOL/USDT:USDT,184.9448,242.0,184.9407,50.0,184.9449,10.0,184.9466,1.0
1753769553981,06:12:33.981,htx,SOL/USDT:USDT,184.9448,242.0,184.9407,50.0,184.9449,10.0,184.9466,1.0
1753769553995,06:12:33.995,htx,SOL/USDT:USDT,184.9448,242.0,184.9407,50.0,184.9449,10.0,184.9466,1.0
1753769554813,06:12:34.813,htx,SOL/USDT:USDT,184.9448,242.0,184.9407,50.0,184.9449,32.0,184.9466,1.0
1753769554850,06:12:34.850,htx,SOL/USDT:USDT,184.9448,242.0,184.9407,50.0,184.9449,32.0,184.9466,1.0
1753769554876,06:12:34.876,htx,SOL/USDT:USDT,184.9448,192.0,184.9407,50.0,184.9449,32.0,184.9466,1.0
1753769554933,06:12:34.933,htx,SOL/USDT:USDT,184.9448,192.0,184.9407,50.0,184.9449,32.0,184.9466,1.0
1753769555101,06:12:35.101,htx,SOL/USDT:USDT,184.9448,192.0,184.9314,6.0,184.9449,37.0,184.9466,1.0
1753769555115,06:12:35.115,htx,SOL/USDT:USDT,184.9448,192.0,184.9314,6.0,184.9449,37.0,184.9466,1.0
1753769555155,06:12:35.155,htx,SOL/USDT:USDT,184.9448,192.0,184.934,50.0,184.9449,37.0,184.9466,1.0
1753769555167,06:12:35.167,htx,SOL/USDT:USDT,184.9448,192.0,184.934,50.0,184.9449,37.0,184.9466,1.0
1753769555207,06:12:35.207,htx,SOL/USDT:USDT,184.9448,192.0,184.9341,10.0,184.9449,37.0,184.9466,1.0
1753769555332,06:12:35.332,htx,SOL/USDT:USDT,184.9448,192.0,184.9341,10.0,184.9449,37.0,184.9466,1.0
1753769555444,06:12:35.444,htx,SOL/USDT:USDT,184.9448,186.0,184.9341,10.0,184.9449,37.0,184.9466,1.0
1753769555465,06:12:35.465,htx,SOL/USDT:USDT,184.9448,167.0,184.9341,10.0,184.9449,47.0,184.9466,1.0
1753769555509,06:12:35.509,htx,SOL/USDT:USDT,184.9448,167.0,184.9341,10.0,184.9449,72.0,184.9466,1.0
1753769556015,06:12:36.015,htx,SOL/USDT:USDT,184.9448,167.0,184.9341,10.0,184.9449,72.0,184.9466,1.0
1753769556669,06:12:36.669,htx,SOL/USDT:USDT,184.9448,145.0,184.9341,6.0,184.9449,72.0,184.9466,1.0
1753769558421,06:12:38.421,htx,SOL/USDT:USDT,184.9448,145.0,184.9341,6.0,184.9449,72.0,184.9594,23.0
1753769558784,06:12:38.784,htx,SOL/USDT:USDT,184.9448,28.0,184.9341,6.0,184.9449,72.0,184.9594,23.0
1753769558796,06:12:38.796,htx,SOL/USDT:USDT,184.9448,50.0,184.9341,6.0,184.9449,72.0,184.9594,23.0
1753769558907,06:12:38.907,htx,SOL/USDT:USDT,184.9448,50.0,184.9427,7.0,184.9449,72.0,184.9594,23.0
1753769559208,06:12:39.208,htx,SOL/USDT:USDT,184.9448,50.0,184.9427,7.0,184.9449,67.0,184.9594,23.0
1753769559224,06:12:39.224,htx,SOL/USDT:USDT,184.9448,50.0,184.9427,7.0,184.9449,42.0,184.9594,23.0
1753769559287,06:12:39.287,htx,SOL/USDT:USDT,184.9448,69.0,184.9427,7.0,184.9449,32.0,184.9594,23.0
1753769559307,06:12:39.307,htx,SOL/USDT:USDT,184.9448,50.0,184.9426,117.0,184.9449,32.0,184.9594,23.0
1753769559371,06:12:39.371,htx,SOL/USDT:USDT,184.9448,50.0,184.9426,117.0,184.9449,37.0,184.9594,23.0
1753769559475,06:12:39.475,htx,SOL/USDT:USDT,184.9448,50.0,184.9427,8.0,184.9449,37.0,184.9594,23.0
1753769560256,06:12:40.256,htx,SOL/USDT:USDT,184.9448,50.0,184.9427,8.0,184.9449,37.0,184.9594,23.0
1753769560318,06:12:40.318,htx,SOL/USDT:USDT,184.9448,69.0,184.9427,8.0,184.9449,37.0,184.9594,23.0
1753769560828,06:12:40.828,htx,SOL/USDT:USDT,184.9448,69.0,184.9427,8.0,184.9449,37.0,184.9594,23.0
1753769560839,06:12:40.839,htx,SOL/USDT:USDT,184.9448,69.0,184.9427,58.0,184.9449,37.0,184.9594,23.0
1753769560865,06:12:40.865,htx,SOL/USDT:USDT,184.9448,125.0,184.9427,58.0,184.9449,15.0,184.9594,23.0
1753769560908,06:12:40.908,htx,SOL/USDT:USDT,184.9448,125.0,184.9427,58.0,184.9449,15.0,184.9594,23.0
1753769560945,06:12:40.945,htx,SOL/USDT:USDT,184.9448,125.0,184.9427,58.0,184.9449,15.0,184.9594,23.0
1753769561034,06:12:41.034,htx,SOL/USDT:USDT,184.9448,125.0,184.9427,58.0,184.9449,37.0,184.9594,23.0
1753769561091,06:12:41.091,htx,SOL/USDT:USDT,184.9448,75.0,184.9427,58.0,184.9449,15.0,184.9594,23.0
1753769561188,06:12:41.188,htx,SOL/USDT:USDT,184.9448,75.0,184.9427,58.0,184.9449,37.0,184.9594,23.0
1753769561196,06:12:41.196,htx,SOL/USDT:USDT,184.9448,75.0,184.9427,58.0,184.9449,15.0,184.9594,23.0
1753769561251,06:12:41.251,htx,SOL/USDT:USDT,184.9448,75.0,184.9427,8.0,184.9449,15.0,184.9594,23.0
1753769561278,06:12:41.278,htx,SOL/USDT:USDT,184.9448,75.0,184.9427,8.0,184.9449,15.0,184.9594,23.0
1753769561343,06:12:41.343,htx,SOL/USDT:USDT,184.9448,75.0,184.9427,8.0,184.9449,37.0,184.9594,23.0
1753769561349,06:12:41.349,htx,SOL/USDT:USDT,184.9448,75.0,184.9427,8.0,184.9449,15.0,184.9594,23.0
1753769561495,06:12:41.495,htx,SOL/USDT:USDT,184.9448,75.0,184.9427,8.0,184.9449,37.0,184.9594,23.0
1753769561841,06:12:41.841,htx,SOL/USDT:USDT,184.9448,75.0,184.9427,8.0,184.9449,10.0,184.9594,23.0
1753769561951,06:12:41.951,htx,SOL/USDT:USDT,184.9448,75.0,184.9427,8.0,184.9449,10.0,184.9594,23.0
1753769562002,06:12:42.002,htx,SOL/USDT:USDT,184.9448,75.0,184.9427,8.0,184.9449,10.0,184.9594,23.0
1753769562156,06:12:42.156,htx,SOL/USDT:USDT,184.9448,75.0,184.9427,8.0,184.9449,10.0,184.9594,23.0
1753769562255,06:12:42.255,htx,SOL/USDT:USDT,184.9448,75.0,184.9427,8.0,184.9449,10.0,184.9594,23.0
1753769562741,06:12:42.741,htx,SOL/USDT:USDT,184.9448,75.0,184.9427,8.0,184.9449,32.0,184.9594,23.0
1753769562907,06:12:42.907,htx,SOL/USDT:USDT,184.9448,75.0,184.9427,8.0,184.9449,10.0,184.9594,23.0
1753769563011,06:12:43.011,htx,SOL/USDT:USDT,184.9448,75.0,184.9427,8.0,184.9449,32.0,184.9594,23.0
1753769563302,06:12:43.302,htx,SOL/USDT:USDT,184.9448,75.0,184.9427,8.0,184.9449,32.0,184.9594,23.0
1753769563355,06:12:43.355,htx,SOL/USDT:USDT,184.9448,75.0,184.9427,8.0,184.9449,10.0,184.9594,23.0
1753769563634,06:12:43.634,htx,SOL/USDT:USDT,184.9448,75.0,184.9427,8.0,184.9449,32.0,184.9594,23.0
1753769564973,06:12:44.973,htx,SOL/USDT:USDT,184.9448,81.0,184.9427,8.0,184.9449,10.0,184.9594,23.0
1753769565034,06:12:45.034,htx,SOL/USDT:USDT,184.9448,90.0,184.9427,8.0,184.9449,10.0,184.9594,23.0
1753769565167,06:12:45.167,htx,SOL/USDT:USDT,184.9448,90.0,184.9427,8.0,184.9449,10.0,184.9594,23.0
1753769565183,06:12:45.183,htx,SOL/USDT:USDT,184.9448,140.0,184.9427,8.0,184.9594,23.0,184.976,6.0
1753769565214,06:12:45.214,htx,SOL/USDT:USDT,184.9593,58.0,184.954,48.0,184.9594,33.0,184.9761,23.0
1753769565251,06:12:45.251,htx,SOL/USDT:USDT,184.9593,77.0,184.954,48.0,184.9594,33.0,184.9761,23.0
1753769565284,06:12:45.284,htx,SOL/USDT:USDT,184.9593,188.0,184.954,48.0,184.9594,33.0,184.9761,23.0
1753769565306,06:12:45.306,htx,SOL/USDT:USDT,184.9593,182.0,184.9541,7.0,184.9594,33.0,184.9761,23.0
1753769565386,06:12:45.386,htx,SOL/USDT:USDT,184.9593,182.0,184.9541,7.0,184.9594,33.0,184.9761,23.0
1753769565682,06:12:45.682,htx,SOL/USDT:USDT,184.9593,182.0,184.9541,7.0,184.9594,33.0,184.9761,23.0
1753769565806,06:12:45.806,htx,SOL/USDT:USDT,184.9593,182.0,184.9541,7.0,184.9594,33.0,184.9761,23.0
1753769565958,06:12:45.958,htx,SOL/USDT:USDT,184.9593,206.0,184.9541,7.0,184.9594,33.0,184.9761,23.0
1753769566188,06:12:46.188,htx,SOL/USDT:USDT,184.9593,206.0,184.9541,7.0,184.9594,33.0,184.9761,23.0
1753769566207,06:12:46.207,htx,SOL/USDT:USDT,184.9593,206.0,184.9541,7.0,184.9594,33.0,184.9761,23.0
1753769567372,06:12:47.372,htx,SOL/USDT:USDT,184.9593,206.0,184.9541,7.0,184.9594,33.0,184.9761,23.0
1753769567375,06:12:47.375,htx,SOL/USDT:USDT,184.9593,256.0,184.9541,7.0,184.9594,33.0,184.9761,23.0
1753769567409,06:12:47.409,htx,SOL/USDT:USDT,184.9593,256.0,184.9541,7.0,184.9594,10.0,184.9761,23.0
1753769567521,06:12:47.521,htx,SOL/USDT:USDT,184.9593,262.0,184.9541,7.0,184.9594,32.0,184.9761,23.0
1753769567528,06:12:47.528,htx,SOL/USDT:USDT,184.9593,262.0,184.9541,7.0,184.9594,10.0,184.9761,23.0
1753769568323,06:12:48.323,htx,SOL/USDT:USDT,184.9593,262.0,184.9541,7.0,184.9594,10.0,184.9761,23.0
1753769568334,06:12:48.334,htx,SOL/USDT:USDT,184.9593,262.0,184.9541,7.0,184.9594,10.0,184.9761,23.0
1753769568476,06:12:48.476,htx,SOL/USDT:USDT,184.9593,262.0,184.9541,7.0,184.9594,33.0,184.9761,23.0
1753769568760,06:12:48.760,htx,SOL/USDT:USDT,184.9593,262.0,184.9541,7.0,184.9594,10.0,184.9761,23.0
1753769568892,06:12:48.892,htx,SOL/USDT:USDT,184.9593,262.0,184.9541,7.0,184.9594,10.0,184.9761,23.0
1753769568931,06:12:48.931,htx,SOL/USDT:USDT,184.9593,262.0,184.9541,7.0,184.9594,10.0,184.9761,23.0
1753769568954,06:12:48.954,htx,SOL/USDT:USDT,184.9593,262.0,184.9541,7.0,184.9594,10.0,184.9761,23.0
1753769568998,06:12:48.998,htx,SOL/USDT:USDT,184.9593,262.0,184.9541,7.0,184.9594,10.0,184.9761,23.0
1753769569042,06:12:49.042,htx,SOL/USDT:USDT,184.9593,262.0,184.9541,7.0,184.9594,10.0,184.9687,23.0
1753769569101,06:12:49.101,htx,SOL/USDT:USDT,184.9593,262.0,184.9541,7.0,184.9594,10.0,184.9687,23.0
1753769569122,06:12:49.122,htx,SOL/USDT:USDT,184.9593,262.0,184.9541,7.0,184.9594,10.0,184.9854,22.0
1753769569146,06:12:49.146,htx,SOL/USDT:USDT,184.9853,4.0,184.9685,23.0,184.9854,22.0,184.9864,24.0
1753769569173,06:12:49.173,htx,SOL/USDT:USDT,184.9853,4.0,184.978,117.0,184.9854,56.0,184.9864,24.0
1753769569207,06:12:49.207,htx,SOL/USDT:USDT,184.9853,4.0,184.9781,8.0,184.9854,56.0,184.9864,24.0
1753769569256,06:12:49.256,htx,SOL/USDT:USDT,184.9853,4.0,184.9781,8.0,184.9854,61.0,184.9864,24.0
1753769569263,06:12:49.263,htx,SOL/USDT:USDT,184.9853,4.0,184.9781,8.0,184.9854,61.0,184.9864,24.0
1753769569309,06:12:49.309,htx,SOL/USDT:USDT,184.9853,4.0,184.9781,8.0,184.9854,61.0,184.9945,6.0
1753769569375,06:12:49.375,htx,SOL/USDT:USDT,184.9853,27.0,184.9785,24.0,184.9854,61.0,184.9945,6.0
1753769569509,06:12:49.509,htx,SOL/USDT:USDT,184.9853,27.0,184.9785,24.0,184.9854,61.0,184.9945,6.0
1753769569560,06:12:49.560,htx,SOL/USDT:USDT,184.9853,27.0,184.9785,24.0,184.9854,61.0,184.9945,6.0
1753769569572,06:12:49.572,htx,SOL/USDT:USDT,184.9853,27.0,184.9785,24.0,184.9854,61.0,184.9945,6.0
1753769569618,06:12:49.618,htx,SOL/USDT:USDT,184.9853,27.0,184.9785,24.0,184.9854,61.0,184.9945,6.0
1753769569771,06:12:49.771,htx,SOL/USDT:USDT,184.9853,27.0,184.9785,24.0,184.9854,61.0,184.9945,6.0
1753769569786,06:12:49.786,htx,SOL/USDT:USDT,184.9853,27.0,184.9785,24.0,184.9854,61.0,184.9945,6.0
1753769569930,06:12:49.930,htx,SOL/USDT:USDT,184.9853,27.0,184.9785,24.0,184.9854,61.0,184.9945,6.0
1753769570264,06:12:50.264,htx,SOL/USDT:USDT,184.9853,27.0,184.9785,24.0,184.9854,61.0,184.9945,6.0
1753769570298,06:12:50.298,htx,SOL/USDT:USDT,184.9853,27.0,184.9785,24.0,184.9854,61.0,184.9945,6.0
1753769570314,06:12:50.314,htx,SOL/USDT:USDT,184.9853,27.0,184.9785,24.0,184.9854,61.0,184.9945,6.0
1753769570456,06:12:50.456,htx,SOL/USDT:USDT,184.9853,4.0,184.9785,24.0,184.9854,61.0,184.9945,6.0
1753769570781,06:12:50.781,htx,SOL/USDT:USDT,184.9853,4.0,184.9785,24.0,184.9854,61.0,184.9945,6.0
1753769570986,06:12:50.986,htx,SOL/USDT:USDT,184.9853,4.0,184.9785,24.0,184.9854,61.0,184.9945,6.0
1753769571030,06:12:51.030,htx,SOL/USDT:USDT,184.9853,4.0,184.9785,24.0,184.9854,61.0,184.9945,6.0
1753769571046,06:12:51.046,htx,SOL/USDT:USDT,184.9853,4.0,184.9785,24.0,184.9854,61.0,184.9945,6.0
1753769571066,06:12:51.066,htx,SOL/USDT:USDT,184.9853,4.0,184.9785,24.0,184.9854,61.0,184.9945,6.0
1753769571213,06:12:51.213,htx,SOL/USDT:USDT,184.9853,27.0,184.9785,24.0,184.9854,61.0,184.9945,6.0
1753769571315,06:12:51.315,htx,SOL/USDT:USDT,184.9853,27.0,184.9785,24.0,184.9854,61.0,184.9945,6.0
1753769571352,06:12:51.352,htx,SOL/USDT:USDT,184.9853,27.0,184.9785,24.0,184.9854,61.0,184.9945,6.0
1753769571444,06:12:51.444,htx,SOL/USDT:USDT,184.9853,27.0,184.9785,24.0,184.9854,61.0,184.9945,6.0
1753769571804,06:12:51.804,htx,SOL/USDT:USDT,184.9853,27.0,184.9785,24.0,184.9854,61.0,184.9945,6.0
1753769572037,06:12:52.037,htx,SOL/USDT:USDT,184.9853,51.0,184.9785,24.0,184.9854,61.0,184.9945,6.0
1753769572075,06:12:52.075,htx,SOL/USDT:USDT,184.9853,51.0,184.9743,7.0,184.9854,61.0,184.9945,6.0
1753769572386,06:12:52.386,htx,SOL/USDT:USDT,184.9853,51.0,184.9743,7.0,184.9854,61.0,184.9945,6.0
1753769573078,06:12:53.078,htx,SOL/USDT:USDT,184.9853,51.0,184.9743,7.0,184.9854,61.0,184.9945,6.0
1753769574348,06:12:54.348,htx,SOL/USDT:USDT,184.9853,51.0,184.9743,7.0,184.9854,61.0,184.9945,6.0
1753769574423,06:12:54.423,htx,SOL/USDT:USDT,184.9853,51.0,184.9743,7.0,184.9854,61.0,184.9945,6.0
1753769574438,06:12:54.438,htx,SOL/USDT:USDT,184.9853,51.0,184.9743,7.0,184.9854,61.0,184.9949,22.0
1753769574507,06:12:54.507,htx,SOL/USDT:USDT,184.9853,51.0,184.9743,7.0,184.9854,61.0,184.9949,22.0
1753769574556,06:12:54.556,htx,SOL/USDT:USDT,184.9853,28.0,184.9743,7.0,184.9854,61.0,184.9949,22.0
1753769574638,06:12:54.638,htx,SOL/USDT:USDT,184.9853,28.0,184.9742,117.0,184.9854,71.0,184.9949,22.0
1753769574699,06:12:54.699,htx,SOL/USDT:USDT,184.9853,51.0,184.9743,7.0,184.9854,71.0,184.9949,22.0
1753769574799,06:12:54.799,htx,SOL/USDT:USDT,184.9853,51.0,184.9743,7.0,184.9854,71.0,184.9949,22.0
1753769574818,06:12:54.818,htx,SOL/USDT:USDT,184.9853,28.0,184.9685,23.0,184.9854,71.0,184.9949,22.0
1753769574863,06:12:54.863,htx,SOL/USDT:USDT,184.9853,28.0,184.9685,23.0,184.9854,71.0,184.9949,22.0
1753769574904,06:12:54.904,htx,SOL/USDT:USDT,184.9853,28.0,184.9758,117.0,184.9854,71.0,184.9949,22.0
1753769575381,06:12:55.381,htx,SOL/USDT:USDT,184.9853,28.0,184.9685,23.0,184.9854,71.0,184.9949,22.0
1753769575403,06:12:55.403,htx,SOL/USDT:USDT,184.9853,28.0,184.9723,117.0,184.9854,71.0,184.9949,22.0
1753769575419,06:12:55.419,htx,SOL/USDT:USDT,184.9853,28.0,184.9724,10.0,184.9854,71.0,184.9949,22.0
1753769575690,06:12:55.690,htx,SOL/USDT:USDT,184.9853,51.0,184.9724,10.0,184.9854,71.0,184.9949,22.0
1753769576044,06:12:56.044,htx,SOL/USDT:USDT,184.9853,51.0,184.9724,10.0,184.9854,71.0,184.9949,22.0
1753769576683,06:12:56.683,htx,SOL/USDT:USDT,184.9853,51.0,184.9724,10.0,184.9854,71.0,184.9949,22.0
1753769576786,06:12:56.786,htx,SOL/USDT:USDT,184.9853,51.0,184.9724,10.0,184.9854,79.0,184.9949,22.0
1753769576823,06:12:56.823,htx,SOL/USDT:USDT,184.9853,28.0,184.9723,117.0,184.9854,79.0,184.9949,22.0
1753769576860,06:12:56.860,htx,SOL/USDT:USDT,184.9853,28.0,184.9723,117.0,184.9854,79.0,184.9949,22.0
1753769576942,06:12:56.942,htx,SOL/USDT:USDT,184.9853,26.0,184.9723,117.0,184.9854,79.0,184.9949,22.0
1753769577014,06:12:57.014,htx,SOL/USDT:USDT,184.9723,117.0,184.9685,23.0,184.9854,79.0,184.9949,22.0
1753769577029,06:12:57.029,htx,SOL/USDT:USDT,184.9723,117.0,184.9684,24.0,184.9724,46.0,184.9762,23.0
1753769577037,06:12:57.037,htx,SOL/USDT:USDT,184.9723,118.0,184.9684,24.0,184.9724,69.0,184.9854,71.0
1753769577164,06:12:57.164,htx,SOL/USDT:USDT,184.9723,118.0,184.9684,24.0,184.9724,74.0,184.9854,46.0
1753769577258,06:12:57.258,htx,SOL/USDT:USDT,184.9723,1.0,184.9684,24.0,184.9724,74.0,184.9854,46.0
1753769577313,06:12:57.313,htx,SOL/USDT:USDT,184.9723,26.0,184.9684,24.0,184.9724,74.0,184.9854,46.0
1753769577714,06:12:57.714,htx,SOL/USDT:USDT,184.9723,50.0,184.9684,24.0,184.9724,74.0,184.9854,46.0
1753769577913,06:12:57.913,htx,SOL/USDT:USDT,184.9723,50.0,184.9681,8.0,184.9724,74.0,184.9854,46.0
1753769578421,06:12:58.421,htx,SOL/USDT:USDT,184.9723,50.0,184.9681,8.0,184.9724,74.0,184.9854,46.0
1753769578522,06:12:58.522,htx,SOL/USDT:USDT,184.9723,50.0,184.9681,8.0,184.9724,66.0,184.9854,46.0
1753769578822,06:12:58.822,htx,SOL/USDT:USDT,184.9723,50.0,184.9681,8.0,184.9724,58.0,184.9854,46.0
1753769579092,06:12:59.092,htx,SOL/USDT:USDT,184.9723,50.0,184.9681,8.0,184.9724,58.0,184.9854,46.0
1753769579269,06:12:59.269,htx,SOL/USDT:USDT,184.9723,50.0,184.9681,8.0,184.9724,58.0,184.9854,46.0
1753769579364,06:12:59.364,htx,SOL/USDT:USDT,184.9723,50.0,184.9681,8.0,184.9724,58.0,184.9854,46.0
1753769579380,06:12:59.380,htx,SOL/USDT:USDT,184.9723,50.0,184.9692,50.0,184.9724,58.0,184.9854,46.0
1753769579445,06:12:59.445,htx,SOL/USDT:USDT,184.9723,74.0,184.9692,50.0,184.9724,43.0,184.9854,46.0
1753769579476,06:12:59.476,htx,SOL/USDT:USDT,184.9723,74.0,184.9692,50.0,184.9724,43.0,184.9854,46.0
1753769579557,06:12:59.557,htx,SOL/USDT:USDT,184.9723,74.0,184.9692,50.0,184.9724,43.0,184.9854,46.0
1753769579821,06:12:59.821,htx,SOL/USDT:USDT,184.9723,74.0,184.9692,50.0,184.9724,20.0,184.9949,22.0
1753769579953,06:12:59.953,htx,SOL/USDT:USDT,184.9723,74.0,184.9692,50.0,184.9724,20.0,184.9949,22.0
1753769579995,06:12:59.995,htx,SOL/USDT:USDT,184.9723,74.0,184.9692,50.0,184.9724,20.0,184.9949,22.0
1753769580054,06:13:00.054,htx,SOL/USDT:USDT,184.9723,74.0,184.9692,50.0,184.9724,20.0,184.9949,22.0
1753769580060,06:13:00.060,htx,SOL/USDT:USDT,184.9723,74.0,184.9692,50.0,184.9724,20.0,184.9949,22.0
1753769580072,06:13:00.072,htx,SOL/USDT:USDT,184.9723,74.0,184.9692,50.0,184.9724,20.0,184.9949,22.0
1753769580125,06:13:00.125,htx,SOL/USDT:USDT,184.9723,74.0,184.9692,50.0,184.9724,20.0,184.9949,22.0
1753769580158,06:13:00.158,htx,SOL/USDT:USDT,184.9723,74.0,184.9692,50.0,184.9724,20.0,184.9949,22.0
1753769580466,06:13:00.466,htx,SOL/USDT:USDT,184.9723,74.0,184.9692,50.0,184.9724,20.0,184.9949,22.0
1753769580501,06:13:00.501,htx,SOL/USDT:USDT,184.9723,74.0,184.9692,50.0,184.9724,20.0,184.9949,22.0
1753769580743,06:13:00.743,htx,SOL/USDT:USDT,184.9723,124.0,184.9692,50.0,184.9724,20.0,184.9949,22.0
1753769581422,06:13:01.422,htx,SOL/USDT:USDT,184.9723,124.0,184.9692,50.0,184.9724,42.0,184.9949,22.0
1753769581430,06:13:01.430,htx,SOL/USDT:USDT,184.9723,74.0,184.9692,50.0,184.9724,20.0,184.9949,22.0
1753769581525,06:13:01.525,htx,SOL/USDT:USDT,184.9723,74.0,184.9692,50.0,184.9724,42.0,184.9949,22.0
1753769581683,06:13:01.683,htx,SOL/USDT:USDT,184.9723,74.0,184.9692,50.0,184.9724,42.0,184.9949,22.0
1753769581687,06:13:01.687,htx,SOL/USDT:USDT,184.9723,74.0,184.9692,50.0,184.9724,20.0,184.9949,22.0
1753769581916,06:13:01.916,htx,SOL/USDT:USDT,184.9723,74.0,184.9692,50.0,184.9724,42.0,184.9949,22.0
1753769582076,06:13:02.076,htx,SOL/USDT:USDT,184.9723,74.0,184.9692,50.0,184.9724,42.0,184.9949,22.0
1753769582228,06:13:02.228,htx,SOL/USDT:USDT,184.9723,74.0,184.9692,50.0,184.9724,42.0,184.9949,22.0
1753769582380,06:13:02.380,htx,SOL/USDT:USDT,184.9723,74.0,184.9692,50.0,184.9724,42.0,184.9949,22.0
1753769582518,06:13:02.518,htx,SOL/USDT:USDT,184.9723,74.0,184.9681,8.0,184.9724,20.0,184.9949,22.0
1753769582529,06:13:02.529,htx,SOL/USDT:USDT,184.9723,74.0,184.9681,8.0,184.9724,42.0,184.9949,22.0
1753769582570,06:13:02.570,htx,SOL/USDT:USDT,184.9723,74.0,184.9681,8.0,184.9724,20.0,184.9949,22.0
1753769582682,06:13:02.682,htx,SOL/USDT:USDT,184.9723,74.0,184.9681,8.0,184.9724,42.0,184.9949,22.0
1753769582836,06:13:02.836,htx,SOL/USDT:USDT,184.9723,74.0,184.9681,8.0,184.9724,42.0,184.9949,22.0
1753769582990,06:13:02.990,htx,SOL/USDT:USDT,184.9723,74.0,184.9681,8.0,184.9724,42.0,184.9949,22.0
1753769583143,06:13:03.143,htx,SOL/USDT:USDT,184.9723,74.0,184.9681,8.0,184.9724,42.0,184.9949,22.0
1753769583161,06:13:03.161,htx,SOL/USDT:USDT,184.9723,74.0,184.9681,8.0,184.9724,20.0,184.9949,22.0
1753769583203,06:13:03.203,htx,SOL/USDT:USDT,184.9723,55.0,184.9646,11.0,184.9724,20.0,184.9949,22.0
1753769583293,06:13:03.293,htx,SOL/USDT:USDT,184.9723,55.0,184.9646,11.0,184.9724,42.0,184.9949,22.0
1753769583308,06:13:03.308,htx,SOL/USDT:USDT,184.9723,49.0,184.9646,11.0,184.9724,20.0,184.9949,22.0
1753769583333,06:13:03.333,htx,SOL/USDT:USDT,184.9723,185.0,184.9646,11.0,184.9724,20.0,184.9949,22.0
1753769583415,06:13:03.415,htx,SOL/USDT:USDT,184.9723,185.0,184.9646,11.0,184.9724,20.0,184.9949,22.0
1753769583428,06:13:03.428,htx,SOL/USDT:USDT,184.9723,185.0,184.9598,60.0,184.9724,20.0,184.9949,22.0
1753769583455,06:13:03.455,htx,SOL/USDT:USDT,184.9723,166.0,184.9646,7.0,184.9724,20.0,184.9949,22.0
1753769583493,06:13:03.493,htx,SOL/USDT:USDT,184.9723,166.0,184.9646,7.0,184.9724,20.0,184.9843,24.0
1753769583600,06:13:03.600,htx,SOL/USDT:USDT,184.9723,166.0,184.9599,11.0,184.9724,42.0,184.9817,22.0
1753769583605,06:13:03.605,htx,SOL/USDT:USDT,184.9723,166.0,184.9599,11.0,184.9724,20.0,184.9817,22.0
1753769583749,06:13:03.749,htx,SOL/USDT:USDT,184.9723,166.0,184.9599,11.0,184.9724,42.0,184.9817,22.0
1753769583757,06:13:03.757,htx,SOL/USDT:USDT,184.9723,166.0,184.9599,11.0,184.9724,20.0,184.9817,22.0
1753769583792,06:13:03.792,htx,SOL/USDT:USDT,184.9723,143.0,184.9599,11.0,184.9724,20.0,184.9817,22.0
1753769583926,06:13:03.926,htx,SOL/USDT:USDT,184.9723,143.0,184.9599,11.0,184.9724,50.0,184.9817,22.0
1753769583977,06:13:03.977,htx,SOL/USDT:USDT,184.9723,143.0,184.9599,11.0,184.9724,50.0,184.9817,22.0
1753769584005,06:13:04.005,htx,SOL/USDT:USDT,184.9723,193.0,184.9702,50.0,184.9724,50.0,184.9817,22.0
1753769584075,06:13:04.075,htx,SOL/USDT:USDT,184.9723,143.0,184.9702,50.0,184.9724,50.0,184.9817,22.0
1753769584095,06:13:04.095,htx,SOL/USDT:USDT,184.9723,162.0,184.9702,50.0,184.9724,50.0,184.9817,22.0
1753769584133,06:13:04.133,htx,SOL/USDT:USDT,184.9723,162.0,184.9702,50.0,184.9724,50.0,184.9817,22.0
1753769584146,06:13:04.146,htx,SOL/USDT:USDT,184.9723,162.0,184.9702,50.0,184.9724,50.0,184.9817,22.0
1753769584176,06:13:04.176,htx,SOL/USDT:USDT,184.9723,162.0,184.9599,7.0,184.9724,50.0,184.9817,22.0
1753769584489,06:13:04.489,htx,SOL/USDT:USDT,184.9723,162.0,184.9646,50.0,184.9724,50.0,184.9817,22.0
1753769584506,06:13:04.506,htx,SOL/USDT:USDT,184.9723,162.0,184.9647,11.0,184.9724,50.0,184.9817,22.0
1753769584557,06:13:04.557,htx,SOL/USDT:USDT,184.9723,162.0,184.9647,11.0,184.9724,50.0,184.9817,22.0
1753769584724,06:13:04.724,htx,SOL/USDT:USDT,184.9723,162.0,184.9647,11.0,184.9724,50.0,184.9817,22.0
1753769584867,06:13:04.867,htx,SOL/USDT:USDT,184.9723,143.0,184.9647,7.0,184.9724,50.0,184.9817,22.0
1753769585110,06:13:05.110,htx,SOL/USDT:USDT,184.9723,143.0,184.9599,11.0,184.9724,50.0,184.9817,22.0
1753769585217,06:13:05.217,htx,SOL/USDT:USDT,184.9723,48.0,184.9697,117.0,184.9724,50.0,184.9817,22.0
1753769585233,06:13:05.233,htx,SOL/USDT:USDT,184.9723,48.0,184.9698,8.0,184.9724,50.0,184.9817,22.0
1753769585425,06:13:05.425,htx,SOL/USDT:USDT,184.9723,48.0,184.9698,8.0,184.9724,42.0,184.9817,22.0
1753769585581,06:13:05.581,htx,SOL/USDT:USDT,184.9723,48.0,184.9698,8.0,184.9724,20.0,184.9817,22.0
1753769585598,06:13:05.598,htx,SOL/USDT:USDT,184.9723,67.0,184.9698,8.0,184.9724,20.0,184.9817,22.0
1753769585619,06:13:05.619,htx,SOL/USDT:USDT,184.9723,67.0,184.9698,8.0,184.9724,20.0,184.9817,22.0
1753769585668,06:13:05.668,htx,SOL/USDT:USDT,184.9723,67.0,184.9698,8.0,184.9724,20.0,184.9817,22.0
1753769585916,06:13:05.916,htx,SOL/USDT:USDT,184.9723,73.0,184.9698,8.0,184.9724,20.0,184.9817,22.0
1753769586423,06:13:06.423,htx,SOL/USDT:USDT,184.9723,73.0,184.9698,8.0,184.9724,20.0,184.9817,22.0
1753769586440,06:13:06.440,htx,SOL/USDT:USDT,184.9723,73.0,184.9698,8.0,184.9724,20.0,184.9817,22.0
1753769586928,06:13:06.928,htx,SOL/USDT:USDT,184.9723,73.0,184.9698,8.0,184.9724,20.0,184.9817,22.0
1753769586939,06:13:06.939,htx,SOL/USDT:USDT,184.9723,83.0,184.9698,8.0,184.9724,20.0,184.9817,22.0
1753769587031,06:13:07.031,htx,SOL/USDT:USDT,184.9723,200.0,184.9689,50.0,184.9724,20.0,184.9817,22.0
1753769587303,06:13:07.303,htx,SOL/USDT:USDT,184.9723,200.0,184.9689,50.0,184.9724,42.0,184.9817,22.0
1753769587365,06:13:07.365,htx,SOL/USDT:USDT,184.9723,200.0,184.9599,11.0,184.9724,20.0,184.9817,22.0
1753769587410,06:13:07.410,htx,SOL/USDT:USDT,184.9723,83.0,184.9599,11.0,184.9724,20.0,184.9817,22.0
1753769587423,06:13:07.423,htx,SOL/USDT:USDT,184.9723,64.0,184.9599,11.0,184.9724,20.0,184.9817,22.0
1753769587459,06:13:07.459,htx,SOL/USDT:USDT,184.9723,64.0,184.9599,11.0,184.9724,42.0,184.9817,22.0
1753769587514,06:13:07.514,htx,SOL/USDT:USDT,184.9723,181.0,184.9599,11.0,184.9724,20.0,184.9817,22.0
1753769587608,06:13:07.608,htx,SOL/USDT:USDT,184.9723,200.0,184.9599,11.0,184.9724,42.0,184.9817,22.0
1753769587660,06:13:07.660,htx,SOL/USDT:USDT,184.9723,200.0,184.9599,11.0,184.9724,20.0,184.9817,22.0
1753769587762,06:13:07.762,htx,SOL/USDT:USDT,184.9723,200.0,184.9599,11.0,184.9724,42.0,184.9817,22.0
1753769587921,06:13:07.921,htx,SOL/USDT:USDT,184.9723,200.0,184.9599,11.0,184.9724,42.0,184.9817,22.0
1753769587928,06:13:07.928,htx,SOL/USDT:USDT,184.9723,200.0,184.9599,11.0,184.9724,20.0,184.9817,22.0
1753769588009,06:13:08.009,htx,SOL/USDT:USDT,184.9723,83.0,184.9599,11.0,184.9724,20.0,184.9817,22.0
1753769588018,06:13:08.018,htx,SOL/USDT:USDT,184.9723,77.0,184.9599,11.0,184.9724,20.0,184.9817,22.0
1753769588077,06:13:08.077,htx,SOL/USDT:USDT,184.9723,58.0,184.9599,11.0,184.9724,42.0,184.9817,22.0
1753769588081,06:13:08.081,htx,SOL/USDT:USDT,184.9723,58.0,184.9599,11.0,184.9724,20.0,184.9817,22.0
1753769588116,06:13:08.116,htx,SOL/USDT:USDT,184.9723,175.0,184.9599,11.0,184.9724,20.0,184.9817,22.0
1753769588220,06:13:08.220,htx,SOL/USDT:USDT,184.9723,175.0,184.9599,11.0,184.9724,43.0,184.9817,22.0
1753769588227,06:13:08.227,htx,SOL/USDT:USDT,184.9723,175.0,184.9599,11.0,184.9724,20.0,184.9817,22.0
1753769588265,06:13:08.265,htx,SOL/USDT:USDT,184.9723,175.0,184.9599,11.0,184.9724,25.0,184.9817,22.0
1753769588371,06:13:08.371,htx,SOL/USDT:USDT,184.9723,175.0,184.9599,11.0,184.9724,48.0,184.9817,22.0
1753769589423,06:13:09.423,htx,SOL/USDT:USDT,184.9723,175.0,184.9599,11.0,184.9724,48.0,184.9817,22.0
1753769589603,06:13:09.603,htx,SOL/USDT:USDT,184.9723,175.0,184.9599,11.0,184.9724,48.0,184.9817,22.0
1753769589751,06:13:09.751,htx,SOL/USDT:USDT,184.9723,175.0,184.9599,11.0,184.9724,48.0,184.9817,22.0
1753769589824,06:13:09.824,htx,SOL/USDT:USDT,184.9723,175.0,184.9599,11.0,184.9724,48.0,184.9817,22.0
1753769589861,06:13:09.861,htx,SOL/USDT:USDT,184.9723,175.0,184.9599,11.0,184.9724,48.0,184.9817,22.0
1753769590508,06:13:10.508,htx,SOL/USDT:USDT,184.9723,175.0,184.9599,11.0,184.9724,25.0,184.9817,22.0
1753769590562,06:13:10.562,htx,SOL/USDT:USDT,184.9723,194.0,184.968,50.0,184.9724,25.0,184.9817,22.0
1753769590775,06:13:10.775,htx,SOL/USDT:USDT,184.9723,194.0,184.968,50.0,184.9724,20.0,184.9817,22.0
1753769591088,06:13:11.088,htx,SOL/USDT:USDT,184.9723,194.0,184.968,50.0,184.9724,43.0,184.9817,22.0
1753769591145,06:13:11.145,htx,SOL/USDT:USDT,184.9723,194.0,184.9599,11.0,184.9724,20.0,184.9817,22.0
1753769591221,06:13:11.221,htx,SOL/USDT:USDT,184.9723,194.0,184.9599,11.0,184.9724,43.0,184.9817,22.0
1753769591239,06:13:11.239,htx,SOL/USDT:USDT,184.9723,194.0,184.9599,11.0,184.9724,20.0,184.9817,22.0
1753769591372,06:13:11.372,htx,SOL/USDT:USDT,184.9723,194.0,184.9599,11.0,184.9724,43.0,184.9817,22.0
1753769591389,06:13:11.389,htx,SOL/USDT:USDT,184.9723,194.0,184.9599,11.0,184.9724,20.0,184.9817,22.0
1753769591442,06:13:11.442,htx,SOL/USDT:USDT,184.9723,194.0,184.9599,11.0,184.9724,20.0,184.9817,22.0
1753769591468,06:13:11.468,htx,SOL/USDT:USDT,184.9723,194.0,184.9599,11.0,184.9724,20.0,184.9817,22.0
1753769591495,06:13:11.495,htx,SOL/USDT:USDT,184.9723,172.0,184.9599,11.0,184.9724,20.0,184.9817,22.0
1753769591525,06:13:11.525,htx,SOL/USDT:USDT,184.9723,26.0,184.9599,11.0,184.9724,20.0,184.9817,22.0
1753769591617,06:13:11.617,htx,SOL/USDT:USDT,184.9723,26.0,184.9599,11.0,184.9724,20.0,184.9817,22.0
1753769591676,06:13:11.676,htx,SOL/USDT:USDT,184.9723,49.0,184.9697,117.0,184.9724,20.0,184.9817,22.0
1753769591830,06:13:11.830,htx,SOL/USDT:USDT,184.9723,49.0,184.9697,117.0,184.9724,48.0,184.9817,22.0
1753769592017,06:13:12.017,htx,SOL/USDT:USDT,184.9723,26.0,184.9697,117.0,184.9724,48.0,184.9817,22.0
1753769592189,06:13:12.189,htx,SOL/USDT:USDT,184.9723,26.0,184.9697,117.0,184.9724,48.0,184.9817,22.0
1753769592380,06:13:12.380,htx,SOL/USDT:USDT,184.9723,26.0,184.9697,117.0,184.9724,48.0,184.9817,22.0
1753769592582,06:13:12.582,htx,SOL/USDT:USDT,184.9723,26.0,184.9697,117.0,184.9724,48.0,184.9817,22.0
1753769592609,06:13:12.609,htx,SOL/USDT:USDT,184.9723,26.0,184.9697,117.0,184.9724,85.0,184.9817,22.0
1753769592710,06:13:12.710,htx,SOL/USDT:USDT,184.9723,26.0,184.9697,117.0,184.9724,85.0,184.9817,22.0
1753769593182,06:13:13.182,htx,SOL/USDT:USDT,184.9723,26.0,184.9697,117.0,184.9724,85.0,184.9817,22.0
1753769593206,06:13:13.206,htx,SOL/USDT:USDT,184.9723,49.0,184.9698,8.0,184.9724,85.0,184.9817,22.0
1753769593236,06:13:13.236,htx,SOL/USDT:USDT,184.9723,49.0,184.9676,117.0,184.9724,85.0,184.9817,22.0
1753769593266,06:13:13.266,htx,SOL/USDT:USDT,184.9723,49.0,184.9677,8.0,184.9724,85.0,184.9817,22.0
1753769593298,06:13:13.298,htx,SOL/USDT:USDT,184.9723,49.0,184.9677,8.0,184.9724,85.0,184.9817,22.0
1753769593427,06:13:13.427,htx,SOL/USDT:USDT,184.9723,26.0,184.9677,8.0,184.9724,85.0,184.9817,22.0
1753769593447,06:13:13.447,htx,SOL/USDT:USDT,184.9723,26.0,184.9677,8.0,184.9724,92.0,184.9817,22.0
1753769593477,06:13:13.477,htx,SOL/USDT:USDT,184.9723,26.0,184.9599,7.0,184.9724,147.0,184.9817,22.0
1753769593534,06:13:13.534,htx,SOL/USDT:USDT,184.9594,8.0,184.9541,7.0,184.96,46.0,184.9724,170.0
1753769593595,06:13:13.595,htx,SOL/USDT:USDT,184.9472,24.0,184.9457,10.0,184.9595,26.0,184.9599,28.0
1753769593659,06:13:13.659,htx,SOL/USDT:USDT,184.9472,141.0,184.9457,10.0,184.9473,20.0,184.9594,10.0
1753769593731,06:13:13.731,htx,SOL/USDT:USDT,184.9472,160.0,184.9456,13.0,184.9473,20.0,184.9594,10.0
1753769593771,06:13:13.771,htx,SOL/USDT:USDT,184.9472,160.0,184.9456,13.0,184.9473,43.0,184.9594,10.0
1753769593805,06:13:13.805,htx,SOL/USDT:USDT,184.9472,160.0,184.9456,13.0,184.9473,43.0,184.9594,10.0
1753769594251,06:13:14.251,htx,SOL/USDT:USDT,184.9472,183.0,184.9456,13.0,184.9473,43.0,184.9594,10.0
1753769594268,06:13:14.268,htx,SOL/USDT:USDT,184.9472,183.0,184.9456,13.0,184.9473,43.0,184.9594,10.0
1753769594294,06:13:14.294,htx,SOL/USDT:USDT,184.9472,207.0,184.9456,13.0,184.9473,43.0,184.9594,10.0
1753769594735,06:13:14.735,htx,SOL/USDT:USDT,184.9472,207.0,184.9456,13.0,184.9473,43.0,184.9594,10.0
1753769594806,06:13:14.806,htx,SOL/USDT:USDT,184.9472,207.0,184.9456,13.0,184.9473,43.0,184.9594,10.0
1753769594860,06:13:14.860,htx,SOL/USDT:USDT,184.9472,207.0,184.9456,13.0,184.9473,43.0,184.9594,10.0
1753769594905,06:13:14.905,htx,SOL/USDT:USDT,184.9472,165.0,184.9456,13.0,184.9473,51.0,184.9594,10.0
1753769594922,06:13:14.922,htx,SOL/USDT:USDT,184.9472,165.0,184.9456,13.0,184.9473,51.0,184.9594,10.0
1753769594970,06:13:14.970,htx,SOL/USDT:USDT,184.9472,165.0,184.9456,13.0,184.9473,51.0,184.9594,10.0
1753769594982,06:13:14.982,htx,SOL/USDT:USDT,184.9472,165.0,184.9456,13.0,184.9473,51.0,184.9594,10.0
1753769595013,06:13:15.013,htx,SOL/USDT:USDT,184.9472,165.0,184.9456,13.0,184.9473,51.0,184.9594,10.0
1753769595178,06:13:15.178,htx,SOL/USDT:USDT,184.9472,165.0,184.9456,13.0,184.9473,51.0,184.9594,10.0
1753769595249,06:13:15.249,htx,SOL/USDT:USDT,184.9472,165.0,184.9456,13.0,184.9473,51.0,184.9594,10.0
1753769595274,06:13:15.274,htx,SOL/USDT:USDT,184.9472,165.0,184.9456,13.0,184.9473,51.0,184.9594,10.0
1753769595315,06:13:15.315,htx,SOL/USDT:USDT,184.9472,165.0,184.9456,13.0,184.9473,51.0,184.9594,10.0
1753769595620,06:13:15.620,htx,SOL/USDT:USDT,184.9472,165.0,184.9456,13.0,184.9473,51.0,184.9594,10.0
1753769598140,06:13:18.140,htx,SOL/USDT:USDT,184.9472,141.0,184.9456,13.0,184.9473,51.0,184.9594,10.0
1753769598143,06:13:18.143,htx,SOL/USDT:USDT,184.9472,24.0,184.9385,24.0,184.9473,51.0,184.9594,10.0
1753769598159,06:13:18.159,htx,SOL/USDT:USDT,184.9472,24.0,184.9385,24.0,184.9473,51.0,184.9594,10.0
1753769598201,06:13:18.201,htx,SOL/USDT:USDT,184.9472,24.0,184.9385,24.0,184.9473,51.0,184.9594,10.0
1753769598225,06:13:18.225,htx,SOL/USDT:USDT,184.9472,24.0,184.9452,117.0,184.9473,51.0,184.9594,10.0
1753769598302,06:13:18.302,htx,SOL/USDT:USDT,184.9472,47.0,184.9452,117.0,184.9473,51.0,184.9594,10.0
1753769598383,06:13:18.383,htx,SOL/USDT:USDT,184.9472,24.0,184.9452,117.0,184.9473,51.0,184.9594,10.0
1753769598440,06:13:18.440,htx,SOL/USDT:USDT,184.9472,24.0,184.9452,117.0,184.9473,51.0,184.9594,10.0
1753769598463,06:13:18.463,htx,SOL/USDT:USDT,184.9472,24.0,184.9452,117.0,184.9473,51.0,184.9594,10.0
1753769598850,06:13:18.850,htx,SOL/USDT:USDT,184.9472,24.0,184.9452,117.0,184.9473,51.0,184.9594,10.0
1753769598967,06:13:18.967,htx,SOL/USDT:USDT,184.9472,24.0,184.9462,117.0,184.9473,51.0,184.9594,10.0
1753769599204,06:13:19.204,htx,SOL/USDT:USDT,184.9472,24.0,184.9462,117.0,184.9473,51.0,184.9594,10.0
1753769599221,06:13:19.221,htx,SOL/USDT:USDT,184.9472,24.0,184.9462,117.0,184.9473,51.0,184.9594,10.0
1753769599845,06:13:19.845,htx,SOL/USDT:USDT,184.9472,24.0,184.9462,117.0,184.9473,51.0,184.9594,10.0
1753769600080,06:13:20.080,htx,SOL/USDT:USDT,184.9472,24.0,184.9462,117.0,184.9473,51.0,184.9594,10.0
1753769600677,06:13:20.677,htx,SOL/USDT:USDT,184.9472,24.0,184.9462,117.0,184.9473,51.0,184.9594,10.0
1753769601184,06:13:21.184,htx,SOL/USDT:USDT,184.9472,47.0,184.9462,117.0,184.9473,51.0,184.9594,10.0
1753769601268,06:13:21.268,htx,SOL/USDT:USDT,184.9472,47.0,184.9462,117.0,184.9473,43.0,184.9594,10.0
1753769601324,06:13:21.324,htx,SOL/USDT:USDT,184.9472,47.0,184.9463,6.0,184.9473,43.0,184.9594,10.0
1753769601397,06:13:21.397,htx,SOL/USDT:USDT,184.9472,47.0,184.9463,6.0,184.9473,43.0,184.9594,10.0
1753769601588,06:13:21.588,htx,SOL/USDT:USDT,184.9472,47.0,184.946,117.0,184.9473,43.0,184.9594,10.0
1753769602058,06:13:22.058,htx,SOL/USDT:USDT,184.9472,47.0,184.946,117.0,184.9473,43.0,184.9594,10.0
1753769602108,06:13:22.108,htx,SOL/USDT:USDT,184.9472,24.0,184.946,117.0,184.9473,43.0,184.9594,10.0
1753769602141,06:13:22.141,htx,SOL/USDT:USDT,184.9472,24.0,184.946,117.0,184.9473,43.0,184.9594,10.0
1753769602253,06:13:22.253,htx,SOL/USDT:USDT,184.9472,24.0,184.946,117.0,184.9473,43.0,184.9594,10.0
1753769602412,06:13:22.412,htx,SOL/USDT:USDT,184.9472,24.0,184.9374,24.0,184.9473,43.0,184.9594,10.0
1753769602422,06:13:22.422,htx,SOL/USDT:USDT,184.9374,24.0,184.934,6.0,184.9473,43.0,184.9594,10.0
1753769602443,06:13:22.443,htx,SOL/USDT:USDT,184.9374,24.0,184.934,6.0,184.9375,43.0,184.9472,10.0
1753769602519,06:13:22.519,htx,SOL/USDT:USDT,184.9374,188.0,184.934,6.0,184.9375,43.0,184.9472,10.0
1753769603159,06:13:23.159,htx,SOL/USDT:USDT,184.9374,188.0,184.934,6.0,184.9375,43.0,184.9472,10.0
1753769603167,06:13:23.167,htx,SOL/USDT:USDT,184.9374,188.0,184.934,6.0,184.9375,43.0,184.9472,10.0
1753769603222,06:13:23.222,htx,SOL/USDT:USDT,184.9374,207.0,184.934,6.0,184.9375,43.0,184.9472,10.0
1753769603388,06:13:23.388,htx,SOL/USDT:USDT,184.9374,207.0,184.934,6.0,184.9375,43.0,184.9472,10.0
1753769603440,06:13:23.440,htx,SOL/USDT:USDT,184.9374,213.0,184.934,6.0,184.9375,43.0,184.9472,10.0
1753769603568,06:13:23.568,htx,SOL/USDT:USDT,184.9374,213.0,184.934,6.0,184.9375,43.0,184.9472,10.0
1753769603586,06:13:23.586,htx,SOL/USDT:USDT,184.9374,213.0,184.934,6.0,184.9375,20.0,184.9472,10.0
1753769603729,06:13:23.729,htx,SOL/USDT:USDT,184.9374,213.0,184.934,6.0,184.9375,20.0,184.9468,23.0
1753769603737,06:13:23.737,htx,SOL/USDT:USDT,184.9374,213.0,184.934,6.0,184.9375,20.0,184.9468,23.0
1753769604045,06:13:24.045,htx,SOL/USDT:USDT,184.9374,213.0,184.934,6.0,184.9375,20.0,184.9468,23.0
1753769604065,06:13:24.065,htx,SOL/USDT:USDT,184.9467,22.0,184.9466,23.0,184.9468,23.0,184.9595,23.0
1753769604105,06:13:24.105,htx,SOL/USDT:USDT,184.9467,73.0,184.9387,19.0,184.9468,33.0,184.9595,23.0
1753769604124,06:13:24.124,htx,SOL/USDT:USDT,184.9467,73.0,184.9443,117.0,184.9468,33.0,184.9595,23.0
1753769604163,06:13:24.163,htx,SOL/USDT:USDT,184.9467,73.0,184.9444,10.0,184.9468,33.0,184.9595,23.0
1753769604216,06:13:24.216,htx,SOL/USDT:USDT,184.9467,73.0,184.9444,10.0,184.9468,33.0,184.9595,23.0
1753769604260,06:13:24.260,htx,SOL/USDT:USDT,184.9467,92.0,184.9444,10.0,184.9468,33.0,184.9595,23.0
1753769604274,06:13:24.274,htx,SOL/USDT:USDT,184.9467,92.0,184.9444,10.0,184.9468,33.0,184.9595,23.0
1753769604328,06:13:24.328,htx,SOL/USDT:USDT,184.9467,92.0,184.9444,10.0,184.9468,33.0,184.9595,23.0
1753769604440,06:13:24.440,htx,SOL/USDT:USDT,184.9467,92.0,184.9444,10.0,184.9468,33.0,184.9595,23.0
1753769604966,06:13:24.966,htx,SOL/USDT:USDT,184.9467,92.0,184.9444,10.0,184.9468,33.0,184.9595,23.0
1753769605022,06:13:25.022,htx,SOL/USDT:USDT,184.9467,92.0,184.9444,10.0,184.9468,10.0,184.9595,23.0
1753769605475,06:13:25.475,htx,SOL/USDT:USDT,184.9467,92.0,184.9444,10.0,184.9468,10.0,184.9595,23.0
1753769605506,06:13:25.506,htx,SOL/USDT:USDT,184.9594,73.0,184.9573,50.0,184.9595,23.0,184.9719,7.0
1753769605535,06:13:25.535,htx,SOL/USDT:USDT,184.9594,116.0,184.9573,50.0,184.9595,23.0,184.9724,47.0
1753769605567,06:13:25.567,htx,SOL/USDT:USDT,184.9723,12.0,184.9637,24.0,184.9724,24.0,184.9817,22.0
1753769605597,06:13:25.597,htx,SOL/USDT:USDT,184.9723,12.0,184.9637,24.0,184.9724,10.0,184.9817,22.0
1753769605642,06:13:25.642,htx,SOL/USDT:USDT,184.9723,39.0,184.9656,117.0,184.9724,10.0,184.9817,22.0
1753769605668,06:13:25.668,htx,SOL/USDT:USDT,184.9723,39.0,184.9657,20.0,184.9724,10.0,184.9817,22.0
1753769605710,06:13:25.710,htx,SOL/USDT:USDT,184.9723,39.0,184.9657,20.0,184.9724,38.0,184.9817,22.0
1753769605718,06:13:25.718,htx,SOL/USDT:USDT,184.9723,39.0,184.9657,20.0,184.9724,15.0,184.9817,22.0
1753769605888,06:13:25.888,htx,SOL/USDT:USDT,184.9723,39.0,184.9657,20.0,184.9724,38.0,184.9817,22.0
1753769605974,06:13:25.974,htx,SOL/USDT:USDT,184.9723,39.0,184.9657,20.0,184.9724,15.0,184.9817,22.0
1753769605986,06:13:25.986,htx,SOL/USDT:USDT,184.9723,39.0,184.9657,20.0,184.9724,15.0,184.9817,22.0
1753769606023,06:13:26.023,htx,SOL/USDT:USDT,184.9723,39.0,184.9657,20.0,184.9724,38.0,184.9817,22.0
1753769606185,06:13:26.185,htx,SOL/USDT:USDT,184.9723,39.0,184.9657,20.0,184.9724,38.0,184.9817,22.0
1753769606238,06:13:26.238,htx,SOL/USDT:USDT,184.9723,39.0,184.9657,20.0,184.9724,15.0,184.9817,22.0
1753769606256,06:13:26.256,htx,SOL/USDT:USDT,184.9723,49.0,184.9657,20.0,184.9724,15.0,184.9817,22.0
1753769606285,06:13:26.285,htx,SOL/USDT:USDT,184.9723,73.0,184.9657,20.0,184.9724,15.0,184.9817,22.0
1753769606334,06:13:26.334,htx,SOL/USDT:USDT,184.9723,73.0,184.9657,20.0,184.9724,38.0,184.9817,22.0
1753769606485,06:13:26.485,htx,SOL/USDT:USDT,184.9723,73.0,184.9657,20.0,184.9724,15.0,184.9817,22.0
1753769606494,06:13:26.494,htx,SOL/USDT:USDT,184.9723,73.0,184.9657,20.0,184.9724,15.0,184.9817,22.0
1753769606639,06:13:26.639,htx,SOL/USDT:USDT,184.9723,73.0,184.9657,20.0,184.9724,38.0,184.9817,22.0
1753769606645,06:13:26.645,htx,SOL/USDT:USDT,184.9723,73.0,184.9657,20.0,184.9724,15.0,184.9817,22.0
1753769606739,06:13:26.739,htx,SOL/USDT:USDT,184.9723,73.0,184.971,24.0,184.9724,15.0,184.9817,22.0
1753769606794,06:13:26.794,htx,SOL/USDT:USDT,184.9723,73.0,184.971,24.0,184.9724,38.0,184.9817,22.0
1753769606800,06:13:26.800,htx,SOL/USDT:USDT,184.9723,73.0,184.971,24.0,184.9724,15.0,184.9817,22.0
1753769606828,06:13:26.828,htx,SOL/USDT:USDT,184.9723,73.0,184.9657,20.0,184.9724,15.0,184.9817,22.0
1753769606942,06:13:26.942,htx,SOL/USDT:USDT,184.9723,73.0,184.9657,20.0,184.9724,38.0,184.9817,22.0
1753769606950,06:13:26.950,htx,SOL/USDT:USDT,184.9723,73.0,184.9657,20.0,184.9724,15.0,184.9817,22.0
1753769607006,06:13:27.006,htx,SOL/USDT:USDT,184.9723,73.0,184.9657,20.0,184.9724,15.0,184.9817,22.0
1753769607096,06:13:27.096,htx,SOL/USDT:USDT,184.9723,73.0,184.9657,20.0,184.9724,38.0,184.9817,22.0
1753769607247,06:13:27.247,htx,SOL/USDT:USDT,184.9723,73.0,184.9657,20.0,184.9724,38.0,184.9817,22.0
1753769607401,06:13:27.401,htx,SOL/USDT:USDT,184.9723,73.0,184.9657,20.0,184.9724,15.0,184.9817,22.0
1753769607563,06:13:27.563,htx,SOL/USDT:USDT,184.9723,73.0,184.9657,20.0,184.9724,38.0,184.9817,22.0
1753769607612,06:13:27.612,htx,SOL/USDT:USDT,184.9723,73.0,184.9657,20.0,184.9724,15.0,184.9817,22.0
1753769607668,06:13:27.668,htx,SOL/USDT:USDT,184.9723,73.0,184.9657,20.0,184.9724,15.0,184.9817,22.0
1753769607717,06:13:27.717,htx,SOL/USDT:USDT,184.9723,73.0,184.9657,20.0,184.9724,38.0,184.9817,22.0
1753769607868,06:13:27.868,htx,SOL/USDT:USDT,184.9723,73.0,184.9657,20.0,184.9724,38.0,184.9817,22.0
1753769607872,06:13:27.872,htx,SOL/USDT:USDT,184.9723,73.0,184.9657,20.0,184.9724,15.0,184.9817,22.0
1753769608018,06:13:28.018,htx,SOL/USDT:USDT,184.9723,73.0,184.9657,20.0,184.9724,38.0,184.9817,22.0
1753769608026,06:13:28.026,htx,SOL/USDT:USDT,184.9723,73.0,184.9657,20.0,184.9724,15.0,184.9817,22.0
1753769608175,06:13:28.175,htx,SOL/USDT:USDT,184.9723,73.0,184.9657,20.0,184.9724,38.0,184.9817,22.0
1753769608328,06:13:28.328,htx,SOL/USDT:USDT,184.9723,73.0,184.9657,20.0,184.9724,38.0,184.9817,22.0
1753769608479,06:13:28.479,htx,SOL/USDT:USDT,184.9723,73.0,184.9657,20.0,184.9724,38.0,184.9817,22.0
1753769608558,06:13:28.558,htx,SOL/USDT:USDT,184.9723,67.0,184.9657,20.0,184.9724,15.0,184.9817,22.0
1753769608577,06:13:28.577,htx,SOL/USDT:USDT,184.9723,61.0,184.9657,20.0,184.9724,15.0,184.9817,22.0
1753769608595,06:13:28.595,htx,SOL/USDT:USDT,184.9723,28.0,184.9657,14.0,184.9724,15.0,184.9817,22.0
1753769608631,06:13:28.631,htx,SOL/USDT:USDT,184.9723,28.0,184.9657,14.0,184.9724,38.0,184.9817,22.0
1753769608658,06:13:28.658,htx,SOL/USDT:USDT,184.9723,28.0,184.9657,14.0,184.9724,15.0,184.9817,22.0
1753769608683,06:13:28.683,htx,SOL/USDT:USDT,184.9723,28.0,184.9657,14.0,184.9724,28.0,184.9817,22.0
1753769608750,06:13:28.750,htx,SOL/USDT:USDT,184.9723,24.0,184.9656,117.0,184.9724,33.0,184.9817,22.0
1753769608778,06:13:28.778,htx,SOL/USDT:USDT,184.9656,96.0,184.9556,8.0,184.9657,46.0,184.9724,40.0
1753769608807,06:13:28.807,htx,SOL/USDT:USDT,184.9656,96.0,184.9556,8.0,184.9657,221.0,184.9724,25.0
1753769608866,06:13:28.866,htx,SOL/USDT:USDT,184.9656,96.0,184.9527,24.0,184.9657,244.0,184.9817,22.0
1753769608964,06:13:28.964,htx,SOL/USDT:USDT,184.9656,96.0,184.9527,24.0,184.9657,249.0,184.9817,22.0
1753769608987,06:13:28.987,htx,SOL/USDT:USDT,184.9527,24.0,184.9504,60.0,184.9657,239.0,184.9817,22.0
1753769609022,06:13:29.022,htx,SOL/USDT:USDT,184.9527,24.0,184.9505,6.0,184.9528,78.0,184.9565,23.0
1753769609046,06:13:29.046,htx,SOL/USDT:USDT,184.9527,164.0,184.9505,6.0,184.9528,78.0,184.9656,9.0
1753769609202,06:13:29.202,htx,SOL/USDT:USDT,184.9527,140.0,184.9505,6.0,184.9528,101.0,184.9656,9.0
1753769609235,06:13:29.235,htx,SOL/USDT:USDT,184.9527,140.0,184.9505,6.0,184.9528,101.0,184.9656,9.0
1753769609300,06:13:29.300,htx,SOL/USDT:USDT,184.9527,140.0,184.9483,24.0,184.9528,106.0,184.9656,9.0
1753769609425,06:13:29.425,htx,SOL/USDT:USDT,184.9527,140.0,184.9483,24.0,184.9528,106.0,184.9656,9.0
1753769609538,06:13:29.538,htx,SOL/USDT:USDT,184.9527,140.0,184.9483,24.0,184.9528,106.0,184.9636,24.0
1753769609556,06:13:29.556,htx,SOL/USDT:USDT,184.9527,140.0,184.9483,24.0,184.9528,106.0,184.9636,24.0
1753769610118,06:13:30.118,htx,SOL/USDT:USDT,184.9527,140.0,184.9483,24.0,184.9528,106.0,184.9636,24.0
1753769610128,06:13:30.128,htx,SOL/USDT:USDT,184.9527,140.0,184.9468,8.0,184.9528,106.0,184.9636,24.0
1753769610167,06:13:30.167,htx,SOL/USDT:USDT,184.9527,140.0,184.9468,32.0,184.9528,106.0,184.9636,24.0
1753769610244,06:13:30.244,htx,SOL/USDT:USDT,184.9527,117.0,184.9468,32.0,184.9528,106.0,184.9636,24.0
1753769610354,06:13:30.354,htx,SOL/USDT:USDT,184.9527,117.0,184.9468,32.0,184.9528,106.0,184.9636,24.0
1753769610391,06:13:30.391,htx,SOL/USDT:USDT,184.9527,117.0,184.9468,32.0,184.9528,106.0,184.9636,24.0
1753769610560,06:13:30.560,htx,SOL/USDT:USDT,184.9527,117.0,184.9468,32.0,184.9528,106.0,184.9636,24.0
1753769610583,06:13:30.583,htx,SOL/USDT:USDT,184.9527,117.0,184.9468,32.0,184.9528,98.0,184.9636,24.0
1753769610609,06:13:30.609,htx,SOL/USDT:USDT,184.9527,117.0,184.9468,32.0,184.9528,43.0,184.9636,24.0
1753769610638,06:13:30.638,htx,SOL/USDT:USDT,184.9527,136.0,184.9468,32.0,184.9528,43.0,184.9636,24.0
1753769610693,06:13:30.693,htx,SOL/USDT:USDT,184.9527,136.0,184.9479,50.0,184.9528,43.0,184.9636,24.0
1753769610721,06:13:30.721,htx,SOL/USDT:USDT,184.9527,142.0,184.9479,50.0,184.9528,43.0,184.9636,24.0
1753769610734,06:13:30.734,htx,SOL/USDT:USDT,184.9527,142.0,184.9479,50.0,184.9528,43.0,184.9636,24.0
1753769610760,06:13:30.760,htx,SOL/USDT:USDT,184.9527,166.0,184.9479,50.0,184.9528,20.0,184.9636,24.0
1753769610789,06:13:30.789,htx,SOL/USDT:USDT,184.9527,216.0,184.9479,50.0,184.9528,20.0,184.9657,23.0
1753769610871,06:13:30.871,htx,SOL/USDT:USDT,184.9527,216.0,184.9505,60.0,184.9528,20.0,184.9657,23.0
1753769610882,06:13:30.882,htx,SOL/USDT:USDT,184.9527,216.0,184.9505,60.0,184.9528,20.0,184.9657,23.0
1753769610928,06:13:30.928,htx,SOL/USDT:USDT,184.9527,216.0,184.9506,8.0,184.9528,20.0,184.9657,23.0
1753769611012,06:13:31.012,htx,SOL/USDT:USDT,184.9527,216.0,184.9506,8.0,184.9528,20.0,184.9657,23.0
1753769611122,06:13:31.122,htx,SOL/USDT:USDT,184.9527,216.0,184.9506,8.0,184.9528,20.0,184.9657,23.0
1753769611149,06:13:31.149,htx,SOL/USDT:USDT,184.9527,216.0,184.9506,8.0,184.9528,10.0,184.9657,23.0
1753769611174,06:13:31.174,htx,SOL/USDT:USDT,184.9816,4.0,184.9656,45.0,184.9817,22.0,184.9947,50.0
1753769611220,06:13:31.220,htx,SOL/USDT:USDT,184.9816,4.0,184.9748,23.0,184.9817,32.0,184.9947,50.0
1753769611240,06:13:31.240,htx,SOL/USDT:USDT,184.9816,4.0,184.9748,23.0,184.9817,32.0,184.9947,50.0
1753769611312,06:13:31.312,htx,SOL/USDT:USDT,184.9816,4.0,184.9748,23.0,184.9817,32.0,184.9947,50.0
1753769611324,06:13:31.324,htx,SOL/USDT:USDT,184.9816,4.0,184.9748,23.0,184.9817,32.0,184.9947,50.0
1753769611444,06:13:31.444,htx,SOL/USDT:USDT,184.9816,4.0,184.9748,23.0,184.9817,61.0,184.9947,50.0
1753769611574,06:13:31.574,htx,SOL/USDT:USDT,184.9816,4.0,184.9748,23.0,184.9817,61.0,184.9947,50.0
1753769612007,06:13:32.007,htx,SOL/USDT:USDT,184.9816,4.0,184.9748,23.0,184.9817,61.0,184.9947,50.0
1753769612032,06:13:32.032,htx,SOL/USDT:USDT,184.9816,4.0,184.9748,23.0,184.9817,61.0,184.9947,50.0
1753769613849,06:13:33.849,htx,SOL/USDT:USDT,184.9816,4.0,184.9711,8.0,184.9817,61.0,184.9947,50.0
1753769613879,06:13:33.879,htx,SOL/USDT:USDT,184.9711,8.0,184.971,117.0,184.9817,61.0,184.9947,50.0
1753769613907,06:13:33.907,htx,SOL/USDT:USDT,184.971,117.0,184.954,19.0,184.9712,69.0,184.9817,66.0
1753769613938,06:13:33.938,htx,SOL/USDT:USDT,184.971,117.0,184.954,19.0,184.9711,65.0,184.9712,34.0
1753769613970,06:13:33.970,htx,SOL/USDT:USDT,184.971,117.0,184.954,19.0,184.9711,89.0,184.9712,34.0
1753769614008,06:13:34.008,htx,SOL/USDT:USDT,184.971,117.0,184.954,19.0,184.9711,94.0,184.9712,34.0
1753769614056,06:13:34.056,htx,SOL/USDT:USDT,184.971,117.0,184.954,19.0,184.9711,109.0,184.9712,34.0
1753769614089,06:13:34.089,htx,SOL/USDT:USDT,184.954,19.0,184.9528,22.0,184.9711,111.0,184.9712,34.0
1753769614114,06:13:34.114,htx,SOL/USDT:USDT,184.9528,22.0,184.9527,24.0,184.9529,26.0,184.9541,8.0
1753769614153,06:13:34.153,htx,SOL/USDT:USDT,184.9528,8.0,184.9527,24.0,184.9529,49.0,184.971,18.0
1753769614181,06:13:34.181,htx,SOL/USDT:USDT,184.9528,148.0,184.9527,24.0,184.9529,59.0,184.9619,23.0
1753769614357,06:13:34.357,htx,SOL/USDT:USDT,184.9528,148.0,184.9527,24.0,184.9529,59.0,184.9619,23.0
1753769614412,06:13:34.412,htx,SOL/USDT:USDT,184.9375,31.0,184.9314,43.0,184.9376,36.0,184.9377,23.0
1753769614459,06:13:34.459,htx,SOL/USDT:USDT,184.9375,31.0,184.9314,43.0,184.9376,36.0,184.9468,7.0
1753769614478,06:13:34.478,htx,SOL/USDT:USDT,184.9375,31.0,184.9314,43.0,184.9376,36.0,184.9468,7.0
1753769614543,06:13:34.543,htx,SOL/USDT:USDT,184.9375,8.0,184.9315,6.0,184.9376,36.0,184.9469,33.0
1753769614572,06:13:34.572,htx,SOL/USDT:USDT,184.9375,8.0,184.9315,6.0,184.9376,59.0,184.9469,33.0
1753769614595,06:13:34.595,htx,SOL/USDT:USDT,184.9375,8.0,184.9315,6.0,184.9376,59.0,184.9469,33.0
1753769614628,06:13:34.628,htx,SOL/USDT:USDT,184.9375,8.0,184.9314,43.0,184.9376,59.0,184.9469,33.0
1753769614742,06:13:34.742,htx,SOL/USDT:USDT,184.9375,31.0,184.9314,43.0,184.9376,59.0,184.9421,24.0
1753769614748,06:13:34.748,htx,SOL/USDT:USDT,184.9375,31.0,184.9314,43.0,184.9376,59.0,184.9421,24.0
1753769614775,06:13:34.775,htx,SOL/USDT:USDT,184.9375,31.0,184.9314,43.0,184.9376,59.0,184.9421,24.0
1753769614811,06:13:34.811,htx,SOL/USDT:USDT,184.9375,31.0,184.9357,117.0,184.9376,51.0,184.9421,24.0
1753769614879,06:13:34.879,htx,SOL/USDT:USDT,184.9375,31.0,184.9357,117.0,184.9376,43.0,184.9421,24.0
1753769614923,06:13:34.923,htx,SOL/USDT:USDT,184.9375,31.0,184.9358,14.0,184.9376,43.0,184.9421,24.0
1753769615062,06:13:35.062,htx,SOL/USDT:USDT,184.9375,37.0,184.9358,14.0,184.9376,43.0,184.9421,24.0
1753769615090,06:13:35.090,htx,SOL/USDT:USDT,184.9468,26.0,184.9375,31.0,184.9469,23.0,184.9619,23.0
1753769615102,06:13:35.102,htx,SOL/USDT:USDT,184.9618,4.0,184.9468,22.0,184.9619,23.0,184.9661,6.0
1753769615137,06:13:35.137,htx,SOL/USDT:USDT,184.9618,4.0,184.9468,52.0,184.9619,33.0,184.9661,6.0
1753769615168,06:13:35.168,htx,SOL/USDT:USDT,184.9618,4.0,184.9474,19.0,184.9619,33.0,184.9711,23.0
1753769615197,06:13:35.197,htx,SOL/USDT:USDT,184.9618,4.0,184.9474,19.0,184.9619,35.0,184.9711,23.0
1753769615257,06:13:35.257,htx,SOL/USDT:USDT,184.9618,4.0,184.9489,117.0,184.9619,40.0,184.9711,23.0
1753769615293,06:13:35.293,htx,SOL/USDT:USDT,184.9618,4.0,184.9502,19.0,184.9619,35.0,184.9711,23.0
1753769615314,06:13:35.314,htx,SOL/USDT:USDT,184.9618,4.0,184.9502,19.0,184.9619,35.0,184.9711,23.0
1753769615369,06:13:35.369,htx,SOL/USDT:USDT,184.9618,33.0,184.9523,50.0,184.9619,35.0,184.9711,23.0
1753769615375,06:13:35.375,htx,SOL/USDT:USDT,184.9618,33.0,184.9523,50.0,184.9619,35.0,184.9711,23.0
1753769615412,06:13:35.412,htx,SOL/USDT:USDT,184.9618,33.0,184.9524,13.0,184.9619,35.0,184.9711,23.0
1753769615447,06:13:35.447,htx,SOL/USDT:USDT,184.9618,57.0,184.9524,13.0,184.9619,35.0,184.9711,23.0
1753769615497,06:13:35.497,htx,SOL/USDT:USDT,184.9618,57.0,184.9611,24.0,184.9619,35.0,184.9711,23.0
1753769615538,06:13:35.538,htx,SOL/USDT:USDT,184.9618,57.0,184.9611,24.0,184.9619,33.0,184.9711,23.0
1753769615644,06:13:35.644,htx,SOL/USDT:USDT,184.9618,57.0,184.9611,24.0,184.9619,33.0,184.9711,23.0
1753769615644,06:13:35.644,htx,SOL/USDT:USDT,184.9618,57.0,184.9611,24.0,184.9619,33.0,184.9711,23.0
1753769615680,06:13:35.680,htx,SOL/USDT:USDT,184.9618,33.0,184.9611,24.0,184.9619,33.0,184.9711,23.0
1753769615706,06:13:35.706,htx,SOL/USDT:USDT,184.9618,150.0,184.9611,24.0,184.9619,33.0,184.9711,23.0
1753769615779,06:13:35.779,htx,SOL/USDT:USDT,184.9618,150.0,184.9524,13.0,184.9619,33.0,184.9711,23.0
1753769615815,06:13:35.815,htx,SOL/USDT:USDT,184.9618,144.0,184.9524,13.0,184.9619,33.0,184.9711,23.0
1753769615858,06:13:35.858,htx,SOL/USDT:USDT,184.9618,121.0,184.9524,13.0,184.9619,33.0,184.9711,23.0
1753769616120,06:13:36.120,htx,SOL/USDT:USDT,184.9618,121.0,184.9524,13.0,184.9619,38.0,184.9711,23.0
1753769616128,06:13:36.128,htx,SOL/USDT:USDT,184.9618,127.0,184.9524,13.0,184.9619,38.0,184.9711,23.0
1753769616175,06:13:36.175,htx,SOL/USDT:USDT,184.9618,127.0,184.9526,24.0,184.9619,38.0,184.9711,23.0
1753769616190,06:13:36.190,htx,SOL/USDT:USDT,184.9618,127.0,184.9613,24.0,184.9619,38.0,184.9711,23.0
1753769616217,06:13:36.217,htx,SOL/USDT:USDT,184.9618,127.0,184.9613,24.0,184.9619,33.0,184.9711,23.0
1753769617298,06:13:37.298,htx,SOL/USDT:USDT,184.9618,127.0,184.9613,24.0,184.9619,33.0,184.9711,23.0
1753769617940,06:13:37.940,htx,SOL/USDT:USDT,184.9618,127.0,184.9526,24.0,184.9619,33.0,184.9711,23.0
1753769617958,06:13:37.958,htx,SOL/USDT:USDT,184.9618,127.0,184.9543,24.0,184.9619,33.0,184.9711,23.0
1753769618054,06:13:38.054,htx,SOL/USDT:USDT,184.9618,121.0,184.9543,24.0,184.9619,33.0,184.9711,23.0
1753769618076,06:13:38.076,htx,SOL/USDT:USDT,184.9618,121.0,184.9526,24.0,184.9619,33.0,184.9711,23.0
1753769618103,06:13:38.103,htx,SOL/USDT:USDT,184.9618,121.0,184.9526,24.0,184.9619,48.0,184.9711,23.0
1753769619146,06:13:39.146,htx,SOL/USDT:USDT,184.9618,121.0,184.9526,24.0,184.9619,43.0,184.9711,23.0
1753769619220,06:13:39.220,htx,SOL/USDT:USDT,184.9618,121.0,184.9526,24.0,184.9619,43.0,184.9711,23.0
1753769619730,06:13:39.730,htx,SOL/USDT:USDT,184.9618,121.0,184.9526,24.0,184.9619,43.0,184.9711,23.0
1753769620053,06:13:40.053,htx,SOL/USDT:USDT,184.9618,121.0,184.9526,24.0,184.9619,33.0,184.9711,23.0
1753769620065,06:13:40.065,htx,SOL/USDT:USDT,184.9618,127.0,184.9526,24.0,184.9619,33.0,184.9711,23.0
1753769620103,06:13:40.103,htx,SOL/USDT:USDT,184.9618,146.0,184.9526,24.0,184.9619,10.0,184.9711,23.0
1753769620128,06:13:40.128,htx,SOL/USDT:USDT,184.9618,146.0,184.9526,24.0,184.9619,32.0,184.9711,23.0
1753769620162,06:13:40.162,htx,SOL/USDT:USDT,184.9618,146.0,184.9526,24.0,184.9619,10.0,184.9711,23.0
1753769620311,06:13:40.311,htx,SOL/USDT:USDT,184.9618,146.0,184.9526,24.0,184.9619,32.0,184.9711,23.0
1753769620431,06:13:40.431,htx,SOL/USDT:USDT,184.9618,146.0,184.9526,24.0,184.9619,32.0,184.9711,23.0
1753769620583,06:13:40.583,htx,SOL/USDT:USDT,184.9618,127.0,184.9526,24.0,184.9619,32.0,184.9711,23.0
1753769620728,06:13:40.728,htx,SOL/USDT:USDT,184.9618,127.0,184.9526,24.0,184.9619,10.0,184.9711,23.0
1753769620794,06:13:40.794,htx,SOL/USDT:USDT,184.9618,146.0,184.9526,24.0,184.9619,10.0,184.9711,23.0
1753769620841,06:13:40.841,htx,SOL/USDT:USDT,184.9618,146.0,184.9526,24.0,184.9619,10.0,184.9711,23.0
1753769620878,06:13:40.878,htx,SOL/USDT:USDT,184.9618,146.0,184.9526,24.0,184.9619,10.0,184.9711,23.0
1753769620901,06:13:40.901,htx,SOL/USDT:USDT,184.9618,146.0,184.9526,24.0,184.9619,10.0,184.9711,23.0
1753769621012,06:13:41.012,htx,SOL/USDT:USDT,184.9618,146.0,184.9526,24.0,184.9619,10.0,184.9711,23.0
1753769621012,06:13:41.012,htx,SOL/USDT:USDT,184.9618,146.0,184.9526,24.0,184.9619,10.0,184.9711,23.0
1753769621046,06:13:41.046,htx,SOL/USDT:USDT,184.9618,170.0,184.9526,24.0,184.9619,10.0,184.9781,24.0
1753769621076,06:13:41.076,htx,SOL/USDT:USDT,184.978,16.0,184.971,22.0,184.9781,24.0,184.992,8.0
1753769621103,06:13:41.103,htx,SOL/USDT:USDT,184.978,22.0,184.9631,19.0,184.9781,10.0,184.9936,60.0
1753769621141,06:13:41.141,htx,SOL/USDT:USDT,184.978,38.0,184.9688,117.0,184.9781,32.0,184.9936,60.0
1753769621167,06:13:41.167,htx,SOL/USDT:USDT,184.978,62.0,184.9689,8.0,184.9781,32.0,184.9936,60.0
1753769621252,06:13:41.252,htx,SOL/USDT:USDT,184.978,62.0,184.9689,8.0,184.9781,32.0,184.9936,60.0
1753769621288,06:13:41.288,htx,SOL/USDT:USDT,184.978,62.0,184.9689,8.0,184.9781,32.0,184.9936,60.0
1753769621327,06:13:41.327,htx,SOL/USDT:USDT,184.978,62.0,184.9689,8.0,184.9781,32.0,184.9936,60.0
1753769621369,06:13:41.369,htx,SOL/USDT:USDT,184.978,62.0,184.9689,8.0,184.9781,32.0,184.9936,60.0
1753769621397,06:13:41.397,htx,SOL/USDT:USDT,184.978,62.0,184.9689,8.0,184.9781,32.0,184.9936,60.0
1753769621475,06:13:41.475,htx,SOL/USDT:USDT,184.978,62.0,184.9689,8.0,184.9781,32.0,184.9936,60.0
1753769621494,06:13:41.494,htx,SOL/USDT:USDT,184.978,62.0,184.9776,117.0,184.9781,32.0,184.9936,60.0
1753769621604,06:13:41.604,htx,SOL/USDT:USDT,184.978,62.0,184.9777,8.0,184.9781,32.0,184.9936,60.0
1753769621672,06:13:41.672,htx,SOL/USDT:USDT,184.978,62.0,184.9777,8.0,184.9781,32.0,184.9949,22.0
1753769621762,06:13:41.762,htx,SOL/USDT:USDT,184.978,62.0,184.9777,8.0,184.9781,32.0,184.9949,22.0
1753769621773,06:13:41.773,htx,SOL/USDT:USDT,184.978,62.0,184.9777,8.0,184.9781,32.0,184.9949,22.0
1753769621883,06:13:41.883,htx,SOL/USDT:USDT,184.978,62.0,184.9777,8.0,184.9781,32.0,184.989,24.0
1753769622303,06:13:42.303,htx,SOL/USDT:USDT,184.978,38.0,184.9777,8.0,184.9781,32.0,184.989,24.0
1753769622320,06:13:42.320,htx,SOL/USDT:USDT,184.978,38.0,184.9777,8.0,184.9781,32.0,184.989,24.0
1753769622347,06:13:42.347,htx,SOL/USDT:USDT,184.978,38.0,184.9777,8.0,184.9781,32.0,184.989,24.0
1753769622365,06:13:42.365,htx,SOL/USDT:USDT,184.978,38.0,184.9777,8.0,184.9781,32.0,184.989,24.0
1753769622482,06:13:42.482,htx,SOL/USDT:USDT,184.978,38.0,184.9777,8.0,184.9781,32.0,184.989,24.0
1753769622501,06:13:42.501,htx,SOL/USDT:USDT,184.978,32.0,184.9777,8.0,184.9781,32.0,184.989,24.0
1753769622533,06:13:42.533,htx,SOL/USDT:USDT,184.978,26.0,184.9777,8.0,184.9781,32.0,184.989,24.0
1753769623094,06:13:43.094,htx,SOL/USDT:USDT,184.978,26.0,184.9777,8.0,184.9781,32.0,184.989,24.0
1753769623131,06:13:43.131,htx,SOL/USDT:USDT,184.978,26.0,184.9777,8.0,184.9781,32.0,184.989,24.0
1753769623783,06:13:43.783,htx,SOL/USDT:USDT,184.978,26.0,184.9777,8.0,184.9781,32.0,184.989,24.0
1753769623818,06:13:43.818,htx,SOL/USDT:USDT,184.978,69.0,184.9777,8.0,184.9781,32.0,184.989,24.0
1753769623833,06:13:43.833,htx,SOL/USDT:USDT,184.978,69.0,184.9777,8.0,184.9781,32.0,184.989,24.0
1753769623892,06:13:43.892,htx,SOL/USDT:USDT,184.978,69.0,184.9777,8.0,184.9781,10.0,184.989,24.0
1753769623907,06:13:43.907,htx,SOL/USDT:USDT,184.978,69.0,184.9777,8.0,184.9781,10.0,184.989,24.0
1753769623938,06:13:43.938,htx,SOL/USDT:USDT,184.978,69.0,184.9777,8.0,184.9781,10.0,184.989,24.0
1753769623962,06:13:43.962,htx,SOL/USDT:USDT,184.978,69.0,184.9777,8.0,184.9781,10.0,184.989,24.0
1753769624231,06:13:44.231,htx,SOL/USDT:USDT,184.978,69.0,184.9777,8.0,184.9781,10.0,184.989,24.0
1753769624261,06:13:44.261,htx,SOL/USDT:USDT,184.978,149.0,184.9777,8.0,184.9781,10.0,184.989,24.0
1753769624298,06:13:44.298,htx,SOL/USDT:USDT,184.978,149.0,184.9777,8.0,184.9781,10.0,184.989,24.0
1753769624319,06:13:44.319,htx,SOL/USDT:USDT,184.978,149.0,184.9777,8.0,184.9781,10.0,184.989,24.0
1753769624357,06:13:44.357,htx,SOL/USDT:USDT,184.978,209.0,184.9777,8.0,184.9781,10.0,184.9949,22.0
1753769624389,06:13:44.389,htx,SOL/USDT:USDT,184.978,209.0,184.9777,8.0,184.9781,10.0,184.9949,22.0
1753769624409,06:13:44.409,htx,SOL/USDT:USDT,184.978,209.0,184.9777,8.0,184.9781,10.0,184.9949,22.0
1753769624436,06:13:44.436,htx,SOL/USDT:USDT,184.978,209.0,184.9777,8.0,184.9781,10.0,184.9949,22.0
1753769624549,06:13:44.549,htx,SOL/USDT:USDT,184.978,209.0,184.9777,8.0,184.9781,10.0,184.9949,22.0
1753769624553,06:13:44.553,htx,SOL/USDT:USDT,184.978,209.0,184.9777,8.0,184.9781,10.0,184.9949,22.0
1753769624774,06:13:44.774,htx,SOL/USDT:USDT,184.978,209.0,184.9777,8.0,184.9781,10.0,184.9949,22.0
1753769624808,06:13:44.808,htx,SOL/USDT:USDT,184.978,209.0,184.9777,8.0,184.9781,10.0,184.9949,22.0
1753769624935,06:13:44.935,htx,SOL/USDT:USDT,184.978,209.0,184.9777,8.0,184.9781,10.0,185.0042,23.0
1753769625278,06:13:45.278,htx,SOL/USDT:USDT,184.978,209.0,184.9777,8.0,184.9781,10.0,185.0042,23.0
1753769625318,06:13:45.318,htx,SOL/USDT:USDT,184.978,209.0,184.9777,8.0,184.9781,10.0,185.0042,23.0
1753769625337,06:13:45.337,htx,SOL/USDT:USDT,184.978,209.0,184.9777,14.0,184.9781,10.0,185.0042,23.0
1753769625439,06:13:45.439,htx,SOL/USDT:USDT,184.978,209.0,184.9777,14.0,184.9781,10.0,185.0042,23.0
1753769625452,06:13:45.452,htx,SOL/USDT:USDT,184.978,209.0,184.9777,14.0,185.0042,23.0,185.0076,24.0
1753769625488,06:13:45.488,htx,SOL/USDT:USDT,185.0075,26.0,184.9985,24.0,185.0076,56.0,185.0157,1.0
1753769625516,06:13:45.516,htx,SOL/USDT:USDT,185.0075,26.0,184.9986,7.0,185.0076,56.0,185.0157,1.0
1753769625548,06:13:45.548,htx,SOL/USDT:USDT,185.0075,23.0,185.0006,24.0,185.0076,32.0,185.0157,1.0
1753769625578,06:13:45.578,htx,SOL/USDT:USDT,185.0075,23.0,185.0006,24.0,185.0076,10.0,185.0157,1.0
1753769625628,06:13:45.628,htx,SOL/USDT:USDT,185.0075,23.0,185.0006,24.0,185.0076,10.0,185.0157,1.0
1753769625635,06:13:45.635,htx,SOL/USDT:USDT,185.0075,45.0,185.0006,24.0,185.0076,10.0,185.0157,1.0
1753769625801,06:13:45.801,htx,SOL/USDT:USDT,185.0075,45.0,185.0006,24.0,185.0076,10.0,185.0157,1.0
1753769625816,06:13:45.816,htx,SOL/USDT:USDT,185.0075,45.0,185.0006,24.0,185.0076,10.0,185.0157,1.0
1753769625949,06:13:45.949,htx,SOL/USDT:USDT,185.0075,162.0,185.0006,24.0,185.0076,10.0,185.0157,1.0
1753769626047,06:13:46.047,htx,SOL/USDT:USDT,185.0075,162.0,185.0006,24.0,185.0076,10.0,185.0157,1.0
1753769626214,06:13:46.214,htx,SOL/USDT:USDT,185.0075,162.0,185.0006,24.0,185.0076,10.0,185.0157,1.0
1753769626272,06:13:46.272,htx,SOL/USDT:USDT,185.0075,162.0,185.0006,24.0,185.0076,10.0,185.0157,1.0
1753769626342,06:13:46.342,htx,SOL/USDT:USDT,185.0075,162.0,185.0006,24.0,185.0076,10.0,185.0157,1.0
1753769626712,06:13:46.712,htx,SOL/USDT:USDT,185.0075,162.0,185.0006,24.0,185.0076,10.0,185.0157,1.0
1753769626722,06:13:46.722,htx,SOL/USDT:USDT,185.0075,162.0,185.0006,24.0,185.0076,10.0,185.0157,1.0
1753769626820,06:13:46.820,htx,SOL/USDT:USDT,185.0075,172.0,185.0006,24.0,185.0076,10.0,185.0157,1.0
1753769626836,06:13:46.836,htx,SOL/USDT:USDT,185.0075,172.0,185.0006,24.0,185.0076,10.0,185.0157,1.0
1753769627070,06:13:47.070,htx,SOL/USDT:USDT,185.0075,172.0,185.0006,24.0,185.0076,10.0,185.0157,1.0
1753769627080,06:13:47.080,htx,SOL/USDT:USDT,185.0075,172.0,185.0006,24.0,185.0076,32.0,185.0157,1.0
1753769627890,06:13:47.890,htx,SOL/USDT:USDT,185.0075,172.0,185.0006,24.0,185.0076,32.0,185.0157,1.0
1753769628610,06:13:48.610,htx,SOL/USDT:USDT,185.0075,172.0,185.0006,24.0,185.0076,32.0,185.0157,1.0
1753769628711,06:13:48.711,htx,SOL/USDT:USDT,185.0075,196.0,185.0003,8.0,185.0076,32.0,185.0157,1.0
1753769629530,06:13:49.530,htx,SOL/USDT:USDT,185.0075,177.0,185.0003,8.0,185.0076,32.0,185.0157,1.0
1753769629569,06:13:49.569,htx,SOL/USDT:USDT,185.0075,167.0,185.0054,19.0,185.0076,32.0,185.0157,1.0
1753769629595,06:13:49.595,htx,SOL/USDT:USDT,185.0075,117.0,185.0003,8.0,185.0076,64.0,185.0157,1.0
1753769629626,06:13:49.626,htx,SOL/USDT:USDT,185.0075,117.0,185.0003,8.0,185.0076,69.0,185.0157,1.0
1753769629669,06:13:49.669,htx,SOL/USDT:USDT,185.0075,117.0,184.9982,22.0,185.0076,69.0,185.0157,1.0
1753769629718,06:13:49.718,htx,SOL/USDT:USDT,185.0075,117.0,184.9982,22.0,185.0076,69.0,185.0157,1.0
1753769629820,06:13:49.820,htx,SOL/USDT:USDT,185.0075,117.0,184.9982,22.0,185.0076,69.0,185.0157,1.0
1753769629835,06:13:49.835,htx,SOL/USDT:USDT,185.0075,117.0,184.9982,22.0,185.0076,69.0,185.0157,1.0
1753769629903,06:13:49.903,htx,SOL/USDT:USDT,185.0075,117.0,184.9982,22.0,185.0076,69.0,185.0157,1.0
1753769630390,06:13:50.390,htx,SOL/USDT:USDT,185.0075,117.0,184.9982,22.0,185.0076,61.0,185.0157,1.0
1753769630411,06:13:50.411,htx,SOL/USDT:USDT,185.0075,117.0,184.9982,22.0,185.0076,39.0,185.0157,1.0
1753769630441,06:13:50.441,htx,SOL/USDT:USDT,185.0075,136.0,185.0024,50.0,185.0076,10.0,185.0157,1.0
1753769630476,06:13:50.476,htx,SOL/USDT:USDT,185.0075,138.0,185.0025,7.0,185.0076,10.0,185.0157,1.0
1753769630498,06:13:50.498,htx,SOL/USDT:USDT,185.0075,138.0,185.0025,7.0,185.0076,10.0,185.0157,1.0
1753769630534,06:13:50.534,htx,SOL/USDT:USDT,185.0075,138.0,185.0025,7.0,185.0076,10.0,185.0157,1.0
1753769630718,06:13:50.718,htx,SOL/USDT:USDT,185.0075,138.0,185.0025,7.0,185.0076,10.0,185.0157,1.0
1753769630820,06:13:50.820,htx,SOL/USDT:USDT,185.0075,138.0,185.0025,7.0,185.0076,10.0,185.0157,1.0
1753769630842,06:13:50.842,htx,SOL/USDT:USDT,185.0075,138.0,185.0025,7.0,185.0076,10.0,185.0157,1.0
1753769630920,06:13:50.920,htx,SOL/USDT:USDT,185.0075,138.0,185.0025,7.0,185.0076,10.0,185.0157,1.0
1753769631062,06:13:51.062,htx,SOL/USDT:USDT,185.0075,138.0,185.0025,7.0,185.0076,10.0,185.0193,23.0
1753769631235,06:13:51.235,htx,SOL/USDT:USDT,185.0075,138.0,185.0025,7.0,185.0076,10.0,185.0193,23.0
1753769631427,06:13:51.427,htx,SOL/USDT:USDT,185.0075,138.0,185.0025,7.0,185.0076,10.0,185.0193,23.0
1753769632025,06:13:52.025,htx,SOL/USDT:USDT,185.0075,138.0,185.0025,7.0,185.0076,32.0,185.0193,23.0
1753769632313,06:13:52.313,htx,SOL/USDT:USDT,185.0075,138.0,185.0025,7.0,185.0076,32.0,185.0193,23.0
1753769632458,06:13:52.458,htx,SOL/USDT:USDT,185.0075,138.0,185.0025,7.0,185.0076,32.0,185.0193,23.0
1753769632480,06:13:52.480,htx,SOL/USDT:USDT,185.0075,119.0,185.0025,7.0,185.0076,10.0,185.0193,23.0
1753769632506,06:13:52.506,htx,SOL/USDT:USDT,185.0075,119.0,185.0025,7.0,185.0076,10.0,185.0193,23.0
1753769632613,06:13:52.613,htx,SOL/USDT:USDT,185.0075,119.0,185.0025,7.0,185.0076,32.0,185.0193,23.0
1753769632630,06:13:52.630,htx,SOL/USDT:USDT,185.0075,119.0,185.0025,7.0,185.0076,10.0,185.0193,23.0
1753769632655,06:13:52.655,htx,SOL/USDT:USDT,185.0075,119.0,185.0025,7.0,185.0076,10.0,185.0193,23.0
1753769632788,06:13:52.788,htx,SOL/USDT:USDT,185.0075,119.0,185.0025,7.0,185.0076,32.0,185.0193,23.0
1753769632911,06:13:52.911,htx,SOL/USDT:USDT,185.0075,119.0,185.0025,7.0,185.0076,32.0,185.0193,23.0
1753769632925,06:13:52.925,htx,SOL/USDT:USDT,185.0075,4.0,185.0025,7.0,185.0076,10.0,185.0193,23.0
1753769632994,06:13:52.994,htx,SOL/USDT:USDT,185.0075,26.0,185.0052,8.0,185.0076,10.0,185.0193,23.0
1753769633114,06:13:53.114,htx,SOL/USDT:USDT,185.0075,26.0,185.0052,8.0,185.0076,32.0,185.0193,23.0
1753769633225,06:13:53.225,htx,SOL/USDT:USDT,185.0075,26.0,185.0052,8.0,185.0076,32.0,185.0193,23.0
1753769633375,06:13:53.375,htx,SOL/USDT:USDT,185.0075,26.0,185.0052,8.0,185.0076,32.0,185.0193,23.0
1753769633464,06:13:53.464,htx,SOL/USDT:USDT,185.0075,26.0,185.0052,8.0,185.0076,10.0,185.0193,23.0
1753769633480,06:13:53.480,htx,SOL/USDT:USDT,185.0075,26.0,185.0052,8.0,185.0076,10.0,185.0193,23.0
1753769633528,06:13:53.528,htx,SOL/USDT:USDT,185.0075,26.0,185.0052,8.0,185.0076,32.0,185.0193,23.0
1753769633676,06:13:53.676,htx,SOL/USDT:USDT,185.0075,26.0,185.0052,8.0,185.0076,32.0,185.0193,23.0
1753769633837,06:13:53.837,htx,SOL/USDT:USDT,185.0075,26.0,185.0052,8.0,185.0076,32.0,185.0193,23.0
1753769633981,06:13:53.981,htx,SOL/USDT:USDT,185.0075,26.0,185.0052,8.0,185.0076,32.0,185.0193,23.0
1753769634135,06:13:54.135,htx,SOL/USDT:USDT,185.0075,26.0,185.0052,8.0,185.0076,32.0,185.0193,23.0
1753769634288,06:13:54.288,htx,SOL/USDT:USDT,185.0075,26.0,185.0052,8.0,185.0076,32.0,185.0193,23.0
1753769634437,06:13:54.437,htx,SOL/USDT:USDT,185.0075,26.0,185.0052,8.0,185.0076,32.0,185.0193,23.0
1753769634590,06:13:54.590,htx,SOL/USDT:USDT,185.0075,26.0,185.0052,8.0,185.0076,32.0,185.0193,23.0
1753769634763,06:13:54.763,htx,SOL/USDT:USDT,185.0075,26.0,185.0052,8.0,185.0076,32.0,185.0193,23.0
1753769634951,06:13:54.951,htx,SOL/USDT:USDT,185.0075,26.0,185.0052,8.0,185.0076,32.0,185.0193,23.0
1753769635058,06:13:55.058,htx,SOL/USDT:USDT,185.0075,26.0,185.0052,8.0,185.0076,32.0,185.0193,23.0
1753769635211,06:13:55.211,htx,SOL/USDT:USDT,185.0075,26.0,185.0052,8.0,185.0076,32.0,185.0193,23.0
1753769635364,06:13:55.364,htx,SOL/USDT:USDT,185.0075,26.0,185.0052,8.0,185.0076,10.0,185.0193,23.0
1753769635507,06:13:55.507,htx,SOL/USDT:USDT,185.0075,26.0,185.0052,8.0,185.0076,10.0,185.0193,23.0
1753769635540,06:13:55.540,htx,SOL/USDT:USDT,185.0075,24.0,185.0052,8.0,185.0076,10.0,185.0193,23.0
1753769635676,06:13:55.676,htx,SOL/USDT:USDT,185.0075,24.0,185.0052,8.0,185.0076,32.0,185.0193,23.0
1753769635684,06:13:55.684,htx,SOL/USDT:USDT,185.0075,24.0,185.0052,8.0,185.0076,10.0,185.0193,23.0
1753769635810,06:13:55.810,htx,SOL/USDT:USDT,185.0075,24.0,185.0052,8.0,185.0076,10.0,185.0193,23.0
1753769635981,06:13:55.981,htx,SOL/USDT:USDT,185.0075,24.0,185.0052,8.0,185.0076,32.0,185.0193,23.0
1753769635987,06:13:55.987,htx,SOL/USDT:USDT,185.0075,24.0,185.0052,8.0,185.0076,10.0,185.0193,23.0
1753769636020,06:13:56.020,htx,SOL/USDT:USDT,185.0075,24.0,185.0052,8.0,185.0076,10.0,185.0193,23.0
1753769636079,06:13:56.079,htx,SOL/USDT:USDT,185.0075,43.0,185.0052,8.0,185.0076,10.0,185.0193,23.0
1753769636127,06:13:56.127,htx,SOL/USDT:USDT,185.0075,49.0,185.0052,8.0,185.0076,10.0,185.0193,23.0
1753769636135,06:13:56.135,htx,SOL/USDT:USDT,185.0075,73.0,185.0052,8.0,185.0076,10.0,185.0193,23.0
1753769636182,06:13:56.182,htx,SOL/USDT:USDT,185.0075,73.0,185.0052,8.0,185.0076,10.0,185.0193,23.0
1753769636261,06:13:56.261,htx,SOL/USDT:USDT,185.0075,73.0,185.0052,8.0,185.0193,23.0,185.0269,24.0
1753769636285,06:13:56.285,htx,SOL/USDT:USDT,185.0268,4.0,185.0199,24.0,185.0269,24.0,185.0286,23.0
1753769636315,06:13:56.315,htx,SOL/USDT:USDT,185.0268,26.0,185.0259,24.0,185.0269,56.0,185.0285,7.0
1753769636347,06:13:56.347,htx,SOL/USDT:USDT,185.0268,26.0,185.0259,24.0,185.0269,56.0,185.0378,50.0
1753769636397,06:13:56.397,htx,SOL/USDT:USDT,185.0268,26.0,185.0259,24.0,185.0269,56.0,185.0378,50.0
1753769636443,06:13:56.443,htx,SOL/USDT:USDT,185.0268,26.0,185.0199,24.0,185.0269,56.0,185.0378,50.0
1753769636525,06:13:56.525,htx,SOL/USDT:USDT,185.0268,26.0,185.0199,24.0,185.0269,56.0,185.0378,50.0
1753769636575,06:13:56.575,htx,SOL/USDT:USDT,185.0268,26.0,185.0199,24.0,185.0269,56.0,185.0378,50.0
1753769636766,06:13:56.766,htx,SOL/USDT:USDT,185.0268,26.0,185.0199,24.0,185.0269,56.0,185.0378,50.0
1753769637031,06:13:57.031,htx,SOL/USDT:USDT,185.0268,26.0,185.0199,24.0,185.0269,56.0,185.0378,50.0
1753769637048,06:13:57.048,htx,SOL/USDT:USDT,185.0268,26.0,185.0199,24.0,185.0269,56.0,185.0378,50.0
1753769637093,06:13:57.093,htx,SOL/USDT:USDT,185.0268,26.0,185.02,6.0,185.0269,56.0,185.0378,50.0
1753769637326,06:13:57.326,htx,SOL/USDT:USDT,185.0268,26.0,185.02,6.0,185.0269,56.0,185.0378,50.0
1753769637346,06:13:57.346,htx,SOL/USDT:USDT,185.0268,26.0,185.02,6.0,185.0269,56.0,185.0378,50.0
1753769637365,06:13:57.365,htx,SOL/USDT:USDT,185.0268,26.0,185.0238,24.0,185.0269,34.0,185.0379,22.0
1753769637403,06:13:57.403,htx,SOL/USDT:USDT,185.0268,26.0,185.0238,24.0,185.0269,34.0,185.0379,22.0
1753769637442,06:13:57.442,htx,SOL/USDT:USDT,185.0268,26.0,185.02,6.0,185.0269,56.0,185.0379,22.0
1753769637457,06:13:57.457,htx,SOL/USDT:USDT,185.0268,26.0,185.02,6.0,185.0269,56.0,185.0379,22.0
1753769637487,06:13:57.487,htx,SOL/USDT:USDT,185.0268,26.0,185.02,6.0,185.0269,56.0,185.0379,22.0
1753769637702,06:13:57.702,htx,SOL/USDT:USDT,185.0268,26.0,185.02,6.0,185.0269,56.0,185.0379,22.0
1753769637784,06:13:57.784,htx,SOL/USDT:USDT,185.0268,26.0,185.02,6.0,185.0269,56.0,185.0379,22.0
1753769637803,06:13:57.803,htx,SOL/USDT:USDT,185.0268,26.0,185.02,6.0,185.0269,56.0,185.0379,22.0
1753769638098,06:13:58.098,htx,SOL/USDT:USDT,185.0268,26.0,185.02,6.0,185.0269,56.0,185.0379,22.0
1753769638605,06:13:58.605,htx,SOL/USDT:USDT,185.0268,26.0,185.02,6.0,185.0269,56.0,185.0379,22.0
1753769638886,06:13:58.886,htx,SOL/USDT:USDT,185.0268,26.0,185.02,6.0,185.0269,56.0,185.0379,22.0
1753769638901,06:13:58.901,htx,SOL/USDT:USDT,185.0268,26.0,185.02,6.0,185.0269,56.0,185.0379,22.0
1753769638926,06:13:58.926,htx,SOL/USDT:USDT,185.0268,26.0,185.02,6.0,185.0269,56.0,185.0379,22.0
1753769638990,06:13:58.990,htx,SOL/USDT:USDT,185.0268,26.0,185.0199,24.0,185.0269,56.0,185.0379,22.0
1753769639285,06:13:59.285,htx,SOL/USDT:USDT,185.0268,26.0,185.0199,24.0,185.0269,56.0,185.0379,22.0
1753769639532,06:13:59.532,htx,SOL/USDT:USDT,185.0268,26.0,185.0192,10.0,185.0269,56.0,185.0379,22.0
1753769639814,06:13:59.814,htx,SOL/USDT:USDT,185.0268,26.0,185.0192,10.0,185.0269,56.0,185.0379,22.0
1753769639832,06:13:59.832,htx,SOL/USDT:USDT,185.0268,26.0,185.0192,10.0,185.0269,56.0,185.0379,22.0
1753769640061,06:14:00.061,htx,SOL/USDT:USDT,185.0268,26.0,185.0192,10.0,185.0269,56.0,185.0379,22.0
1753769640083,06:14:00.083,htx,SOL/USDT:USDT,185.0268,26.0,185.0192,10.0,185.0269,56.0,185.0379,22.0
1753769640097,06:14:00.097,htx,SOL/USDT:USDT,185.0268,26.0,185.0192,10.0,185.0269,56.0,185.0379,22.0
1753769640141,06:14:00.141,htx,SOL/USDT:USDT,185.0268,26.0,185.0192,10.0,185.0269,56.0,185.0379,22.0
1753769640500,06:14:00.500,htx,SOL/USDT:USDT,185.0268,26.0,185.0192,10.0,185.0269,56.0,185.0504,22.0
1753769640516,06:14:00.516,htx,SOL/USDT:USDT,185.0268,26.0,185.0192,10.0,185.0269,56.0,185.0504,22.0
1753769640573,06:14:00.573,htx,SOL/USDT:USDT,185.0268,26.0,185.0192,10.0,185.0269,56.0,185.0504,22.0
1753769641064,06:14:01.064,htx,SOL/USDT:USDT,185.0268,26.0,185.0192,10.0,185.0269,34.0,185.0504,22.0
1753769641340,06:14:01.340,htx,SOL/USDT:USDT,185.0268,26.0,185.0192,10.0,185.0269,56.0,185.0504,22.0
1753769641389,06:14:01.389,htx,SOL/USDT:USDT,185.0268,26.0,185.0192,10.0,185.0269,56.0,185.0504,22.0
1753769641560,06:14:01.560,htx,SOL/USDT:USDT,185.0268,26.0,185.0192,10.0,185.0269,56.0,185.0504,22.0
1753769643942,06:14:03.942,htx,SOL/USDT:USDT,185.0268,26.0,185.0192,10.0,185.0269,56.0,185.0504,22.0
1753769644013,06:14:04.013,htx,SOL/USDT:USDT,185.0268,26.0,185.0192,10.0,185.0269,34.0,185.0504,22.0
1753769644036,06:14:04.036,htx,SOL/USDT:USDT,185.0268,26.0,185.0192,10.0,185.0269,34.0,185.0504,22.0
1753769644056,06:14:04.056,htx,SOL/USDT:USDT,185.0268,26.0,185.0192,10.0,185.0269,34.0,185.0504,22.0
1753769645295,06:14:05.295,htx,SOL/USDT:USDT,185.0268,26.0,185.0192,10.0,185.0269,56.0,185.0504,22.0
1753769645407,06:14:05.407,htx,SOL/USDT:USDT,185.0268,26.0,185.0192,10.0,185.0269,34.0,185.0504,22.0
1753769646190,06:14:06.190,htx,SOL/USDT:USDT,185.0268,26.0,185.0192,10.0,185.0269,34.0,185.0504,22.0
1753769646704,06:14:06.704,htx,SOL/USDT:USDT,185.0268,26.0,185.0192,10.0,185.0269,34.0,185.0504,22.0
1753769646822,06:14:06.822,htx,SOL/USDT:USDT,185.0268,26.0,185.0192,10.0,185.0269,34.0,185.0504,22.0
1753769646848,06:14:06.848,htx,SOL/USDT:USDT,185.0268,101.0,185.0217,50.0,185.0269,10.0,185.0491,24.0
1753769646873,06:14:06.873,htx,SOL/USDT:USDT,185.0268,101.0,185.0217,50.0,185.0491,24.0,185.0504,22.0
1753769646913,06:14:06.913,htx,SOL/USDT:USDT,185.049,36.0,185.036,46.0,185.0491,34.0,185.0597,23.0
1753769646938,06:14:06.938,htx,SOL/USDT:USDT,185.049,58.0,185.0367,50.0,185.0491,34.0,185.0597,23.0
1753769646968,06:14:06.968,htx,SOL/USDT:USDT,185.049,58.0,185.0368,7.0,185.0491,34.0,185.0596,60.0
1753769646996,06:14:06.996,htx,SOL/USDT:USDT,185.049,58.0,185.0368,13.0,185.0491,56.0,185.0595,6.0
1753769647057,06:14:07.057,htx,SOL/USDT:USDT,185.049,58.0,185.0368,13.0,185.0491,56.0,185.0595,6.0
1753769647107,06:14:07.107,htx,SOL/USDT:USDT,185.049,58.0,185.0368,13.0,185.0491,56.0,185.0597,23.0
1753769647162,06:14:07.162,htx,SOL/USDT:USDT,185.049,58.0,185.0368,13.0,185.0491,56.0,185.0597,23.0
1753769647210,06:14:07.210,htx,SOL/USDT:USDT,185.049,58.0,185.0368,13.0,185.0491,56.0,185.0597,23.0
1753769647314,06:14:07.314,htx,SOL/USDT:USDT,185.049,58.0,185.0368,13.0,185.0491,56.0,185.0597,23.0
1753769647354,06:14:07.354,htx,SOL/USDT:USDT,185.049,58.0,185.0389,24.0,185.0491,56.0,185.0597,23.0
1753769647386,06:14:07.386,htx,SOL/USDT:USDT,185.0677,16.0,185.0597,32.0,185.0678,17.0,185.0686,1.0
1753769647418,06:14:07.418,htx,SOL/USDT:USDT,185.0677,38.0,185.0598,6.0,185.0678,39.0,185.0686,1.0
1753769647446,06:14:07.446,htx,SOL/USDT:USDT,185.0677,38.0,185.0598,6.0,185.0678,32.0,185.0686,1.0
1753769647479,06:14:07.479,htx,SOL/USDT:USDT,185.0677,26.0,185.0598,6.0,185.0678,32.0,185.0686,1.0
1753769647513,06:14:07.513,htx,SOL/USDT:USDT,185.0677,26.0,185.0596,10.0,185.0678,32.0,185.0686,1.0
1753769647535,06:14:07.535,htx,SOL/USDT:USDT,185.0677,26.0,185.0596,10.0,185.0678,32.0,185.0686,1.0
1753769647588,06:14:07.588,htx,SOL/USDT:USDT,185.0677,26.0,185.0596,10.0,185.0678,32.0,185.0686,1.0
1753769647614,06:14:07.614,htx,SOL/USDT:USDT,185.0677,26.0,185.0596,10.0,185.0678,32.0,185.0686,1.0
1753769647624,06:14:07.624,htx,SOL/USDT:USDT,185.0677,26.0,185.0596,10.0,185.0678,32.0,185.0686,1.0
1753769647689,06:14:07.689,htx,SOL/USDT:USDT,185.0677,26.0,185.0596,10.0,185.0678,32.0,185.0686,1.0
1753769647722,06:14:07.722,htx,SOL/USDT:USDT,185.0677,26.0,185.0596,10.0,185.0678,32.0,185.0686,1.0
1753769648232,06:14:08.232,htx,SOL/USDT:USDT,185.0677,26.0,185.0596,10.0,185.0678,32.0,185.0686,1.0
1753769648268,06:14:08.268,htx,SOL/USDT:USDT,185.0677,26.0,185.0596,10.0,185.0678,32.0,185.0686,1.0
1753769648755,06:14:08.755,htx,SOL/USDT:USDT,185.0677,26.0,185.0596,10.0,185.0678,32.0,185.0686,1.0
1753769649030,06:14:09.030,htx,SOL/USDT:USDT,185.0677,26.0,185.0596,10.0,185.0678,32.0,185.0686,1.0
1753769649046,06:14:09.046,htx,SOL/USDT:USDT,185.0677,26.0,185.0596,10.0,185.0678,56.0,185.0686,1.0
1753769649068,06:14:09.068,htx,SOL/USDT:USDT,185.0677,24.0,185.0596,10.0,185.0678,56.0,185.0686,1.0
1753769649095,06:14:09.095,htx,SOL/USDT:USDT,185.0585,10.0,185.053,14.0,185.0586,69.0,185.0678,46.0
1753769649124,06:14:09.124,htx,SOL/USDT:USDT,185.0492,7.0,185.0491,8.0,185.0531,26.0,185.0586,41.0
1753769649158,06:14:09.158,htx,SOL/USDT:USDT,185.0492,27.0,185.0491,16.0,185.0493,23.0,185.0586,10.0
1753769649190,06:14:09.190,htx,SOL/USDT:USDT,185.0492,25.0,185.0491,15.0,185.0493,33.0,185.0586,10.0
1753769649221,06:14:09.221,htx,SOL/USDT:USDT,185.0492,142.0,185.0491,15.0,185.0493,33.0,185.0586,10.0
1753769649782,06:14:09.782,htx,SOL/USDT:USDT,185.0492,142.0,185.0491,15.0,185.0493,33.0,185.0586,10.0
1753769649863,06:14:09.863,htx,SOL/USDT:USDT,185.0492,161.0,185.0491,15.0,185.0493,33.0,185.0586,10.0
1753769649920,06:14:09.920,htx,SOL/USDT:USDT,185.0492,161.0,185.0491,15.0,185.0493,33.0,185.0586,10.0
1753769650518,06:14:10.518,htx,SOL/USDT:USDT,185.0492,142.0,185.0491,15.0,185.0493,33.0,185.0586,10.0
1753769650592,06:14:10.592,htx,SOL/USDT:USDT,185.0492,166.0,185.0491,15.0,185.0493,33.0,185.0586,10.0
1753769650636,06:14:10.636,htx,SOL/USDT:USDT,185.0492,166.0,185.0491,15.0,185.0493,33.0,185.0586,10.0
1753769650657,06:14:10.657,htx,SOL/USDT:USDT,185.0492,166.0,185.0491,15.0,185.0493,33.0,185.0586,10.0
1753769651132,06:14:11.132,htx,SOL/USDT:USDT,185.0492,166.0,185.0491,15.0,185.0493,33.0,185.0586,10.0
1753769651135,06:14:11.135,htx,SOL/USDT:USDT,185.0492,166.0,185.0491,15.0,185.0493,33.0,185.0586,10.0
1753769651168,06:14:11.168,htx,SOL/USDT:USDT,185.0677,40.0,185.0584,23.0,185.0678,24.0,185.0686,1.0
1753769651202,06:14:11.202,htx,SOL/USDT:USDT,185.0677,39.0,185.0584,23.0,185.0678,24.0,185.0686,1.0
1753769651225,06:14:11.225,htx,SOL/USDT:USDT,185.0677,39.0,185.0584,23.0,185.0678,24.0,185.0686,1.0
1753769651304,06:14:11.304,htx,SOL/USDT:USDT,185.0677,39.0,185.0584,23.0,185.0678,24.0,185.0686,1.0
1753769651314,06:14:11.314,htx,SOL/USDT:USDT,185.0677,39.0,185.0584,23.0,185.0678,57.0,185.0686,1.0
1753769651408,06:14:11.408,htx,SOL/USDT:USDT,185.0677,39.0,185.0584,23.0,185.0678,57.0,185.0686,1.0
1753769651731,06:14:11.731,htx,SOL/USDT:USDT,185.0677,39.0,185.0584,23.0,185.0678,57.0,185.0855,22.0
1753769651900,06:14:11.900,htx,SOL/USDT:USDT,185.0677,39.0,185.0584,23.0,185.0678,57.0,185.0855,22.0
1753769651916,06:14:11.916,htx,SOL/USDT:USDT,185.0677,39.0,185.0584,23.0,185.0678,57.0,185.0855,22.0
1753769653293,06:14:13.293,htx,SOL/USDT:USDT,185.0677,39.0,185.0584,23.0,185.0678,57.0,185.0855,22.0
1753769653293,06:14:13.293,htx,SOL/USDT:USDT,185.0677,39.0,185.0584,23.0,185.0678,33.0,185.0855,22.0
1753769653577,06:14:13.577,htx,SOL/USDT:USDT,185.0677,39.0,185.0584,23.0,185.0678,33.0,185.0794,24.0
1753769653600,06:14:13.600,htx,SOL/USDT:USDT,185.0677,39.0,185.0584,23.0,185.0678,33.0,185.0794,24.0
1753769653714,06:14:13.714,htx,SOL/USDT:USDT,185.0677,39.0,185.0584,23.0,185.0678,33.0,185.0794,24.0
1753769653728,06:14:13.728,htx,SOL/USDT:USDT,185.0677,39.0,185.0584,23.0,185.0678,33.0,185.0794,24.0
1753769654780,06:14:14.780,htx,SOL/USDT:USDT,185.0677,33.0,185.0584,23.0,185.0678,33.0,185.0794,24.0
1753769654824,06:14:14.824,htx,SOL/USDT:USDT,185.0677,27.0,185.0584,23.0,185.0678,33.0,185.0794,24.0
1753769654824,06:14:14.824,htx,SOL/USDT:USDT,185.0677,25.0,185.0584,23.0,185.0678,33.0,185.0794,24.0
1753769654863,06:14:14.863,htx,SOL/USDT:USDT,185.0584,23.0,185.0578,117.0,185.0585,46.0,185.0586,23.0
1753769654886,06:14:14.886,htx,SOL/USDT:USDT,185.0584,30.0,185.0578,117.0,185.0585,46.0,185.0586,23.0
1753769654921,06:14:14.921,htx,SOL/USDT:USDT,185.0584,35.0,185.0553,117.0,185.0585,69.0,185.0678,47.0
1753769654977,06:14:14.977,htx,SOL/USDT:USDT,185.0584,50.0,185.0553,117.0,185.0585,69.0,185.0678,47.0
1753769655156,06:14:15.156,htx,SOL/USDT:USDT,185.0584,50.0,185.0553,117.0,185.0585,69.0,185.0678,47.0
1753769655285,06:14:15.285,htx,SOL/USDT:USDT,185.0584,50.0,185.0554,6.0,185.0585,69.0,185.0678,47.0
1753769655662,06:14:15.662,htx,SOL/USDT:USDT,185.0584,50.0,185.0554,6.0,185.0585,61.0,185.0678,47.0
1753769656166,06:14:16.166,htx,SOL/USDT:USDT,185.0584,50.0,185.0554,6.0,185.0585,53.0,185.0678,47.0
1753769656861,06:14:16.861,htx,SOL/USDT:USDT,185.0584,48.0,185.0554,14.0,185.0585,53.0,185.0678,47.0
