timestamp,time,exchange,symbol,bid1_price,bid1_volume,bid2_price,bid2_volume,ask1_price,ask1_volume,ask2_price,ask2_volume
1753769558073,06:12:38.073,whitebit,SOL/USDT:USDT,184.6992,117.5,184.6991,0.38,184.8461,438.25,184.8658,2.21
1753769557958,06:12:37.958,whitebit,SOL/USDT:USDT,184.6992,117.5,184.6991,0.38,184.7325,1.08,184.8461,438.25
1753769558285,06:12:38.285,whitebit,SOL/USDT:USDT,184.6992,117.5,184.6991,0.38,184.8461,438.25,184.8658,2.21
1753769558467,06:12:38.467,whitebit,SOL/USDT:USDT,184.6992,117.5,184.6991,0.38,184.7325,1.08,184.8461,438.25
1753769558557,06:12:38.557,whitebit,SOL/USDT:USDT,184.6992,117.5,184.6991,0.38,184.8461,438.25,184.8658,2.21
1753769558671,06:12:38.671,whitebit,SOL/USDT:USDT,184.6992,117.5,184.6991,0.38,184.7314,1.08,184.8461,438.25
1753769558772,06:12:38.772,whitebit,SOL/USDT:USDT,184.6992,117.5,184.6991,0.38,184.7314,1.08,184.7751,1.88
1753769558872,06:12:38.872,whitebit,SOL/USDT:USDT,184.6992,117.5,184.6991,0.38,184.7314,1.08,184.8461,438.25
1753769559171,06:12:39.171,whitebit,SOL/USDT:USDT,184.6992,117.5,184.6991,0.38,184.7314,1.08,184.7751,19.57
1753769559273,06:12:39.273,whitebit,SOL/USDT:USDT,184.6992,117.5,184.6991,0.38,184.7314,1.08,184.8461,438.25
1753769559680,06:12:39.680,whitebit,SOL/USDT:USDT,184.6992,117.5,184.6991,0.38,184.7303,1.08,184.8461,438.25
1753769559964,06:12:39.964,whitebit,SOL/USDT:USDT,184.6992,117.48,184.6991,0.38,184.8461,438.25,184.8658,2.21
1753769560376,06:12:40.376,whitebit,SOL/USDT:USDT,184.6992,117.48,184.6991,0.38,184.7751,13.7,184.8461,438.25
1753769560466,06:12:40.466,whitebit,SOL/USDT:USDT,184.6992,117.48,184.6991,0.38,184.7751,8.56,184.8461,438.25
1753769560573,06:12:40.573,whitebit,SOL/USDT:USDT,184.6992,117.48,184.6991,0.38,184.8461,438.25,184.8658,2.21
1753769561762,06:12:41.762,whitebit,SOL/USDT:USDT,184.6992,117.48,184.6991,0.38,184.7516,1.08,184.8461,438.25
1753769561969,06:12:41.969,whitebit,SOL/USDT:USDT,184.6992,117.48,184.6991,0.38,184.7516,1.08,184.7751,5.69
1753769562067,06:12:42.067,whitebit,SOL/USDT:USDT,184.6992,117.48,184.6991,0.38,184.7516,1.08,184.8461,438.25
1753769562673,06:12:42.673,whitebit,SOL/USDT:USDT,184.6992,117.48,184.6991,0.38,184.7496,1.08,184.8461,438.25
1753769563659,06:12:43.659,whitebit,SOL/USDT:USDT,184.6992,117.48,184.6991,0.38,184.7476,1.08,184.8461,438.25
1753769564670,06:12:44.670,whitebit,SOL/USDT:USDT,184.6992,117.48,184.6991,0.38,184.7458,1.08,184.8461,438.25
1753769564977,06:12:44.977,whitebit,SOL/USDT:USDT,184.6992,117.48,184.6991,0.38,184.8461,438.25,184.8658,2.21
1753769565168,06:12:45.168,whitebit,SOL/USDT:USDT,184.6992,117.48,184.6991,0.38,184.7751,3.65,184.8461,438.25
1753769565263,06:12:45.263,whitebit,SOL/USDT:USDT,184.6992,117.48,184.6991,0.38,184.7458,1.08,184.8658,2.21
1753769565367,06:12:45.367,whitebit,SOL/USDT:USDT,184.6992,117.48,184.6991,0.38,184.7518,1.08,184.8931,438.1
1753769565464,06:12:45.464,whitebit,SOL/USDT:USDT,184.7854,117.46,184.7543,438.1,184.8931,438.1,184.8936,0.23
1753769565564,06:12:45.564,whitebit,SOL/USDT:USDT,184.7854,117.46,184.7543,438.1,184.7855,6.49,184.8931,438.1
1753769565664,06:12:45.664,whitebit,SOL/USDT:USDT,184.7854,117.46,184.7543,438.1,184.7855,6.49,184.8931,438.1
1753769565764,06:12:45.764,whitebit,SOL/USDT:USDT,184.7854,117.46,184.7543,438.1,184.7855,6.49,184.8931,438.1
1753769565865,06:12:45.865,whitebit,SOL/USDT:USDT,184.7854,117.46,184.7543,438.1,184.7855,6.49,184.8931,438.1
1753769565965,06:12:45.965,whitebit,SOL/USDT:USDT,184.7854,117.46,184.7543,438.1,184.7855,6.49,184.8931,438.1
1753769566065,06:12:46.065,whitebit,SOL/USDT:USDT,184.7854,117.46,184.7543,438.1,184.7855,6.49,184.8931,438.1
1753769566168,06:12:46.168,whitebit,SOL/USDT:USDT,184.7854,117.46,184.7543,438.1,184.7855,1.08,184.8931,438.1
1753769566266,06:12:46.266,whitebit,SOL/USDT:USDT,184.7854,117.46,184.7543,438.1,184.7855,1.08,184.8931,438.1
1753769566366,06:12:46.366,whitebit,SOL/USDT:USDT,184.7854,117.46,184.7543,438.1,184.7855,1.08,184.8931,438.1
1753769566466,06:12:46.466,whitebit,SOL/USDT:USDT,184.7854,117.46,184.7543,438.1,184.7855,1.08,184.8931,438.1
1753769566580,06:12:46.580,whitebit,SOL/USDT:USDT,184.7854,117.46,184.7543,438.1,184.7855,1.08,184.8931,438.1
1753769569979,06:12:49.979,whitebit,SOL/USDT:USDT,184.7854,117.46,184.7543,438.1,184.7855,1.08,184.7951,13.82
1753769570075,06:12:50.075,whitebit,SOL/USDT:USDT,184.7854,117.46,184.7543,438.1,184.7855,1.08,184.8931,438.1
1753769571676,06:12:51.676,whitebit,SOL/USDT:USDT,184.7854,117.46,184.7543,438.1,184.7855,1.08,184.8931,438.1
1753769571771,06:12:51.771,whitebit,SOL/USDT:USDT,184.7854,117.46,184.7543,438.1,184.7855,1.08,184.8931,438.1
1753769571868,06:12:51.868,whitebit,SOL/USDT:USDT,184.7854,117.46,184.7543,438.1,184.7855,1.08,184.8931,438.1
1753769571959,06:12:51.959,whitebit,SOL/USDT:USDT,184.7854,117.46,184.7543,438.1,184.7855,1.08,184.8931,438.1
1753769572076,06:12:52.076,whitebit,SOL/USDT:USDT,184.7854,117.46,184.7543,438.1,184.7855,1.08,184.8931,438.1
1753769572173,06:12:52.173,whitebit,SOL/USDT:USDT,184.7854,117.46,184.7543,438.1,184.7855,1.08,184.8931,438.1
1753769572268,06:12:52.268,whitebit,SOL/USDT:USDT,184.7854,117.46,184.7543,438.1,184.7855,1.08,184.8931,438.1
1753769572368,06:12:52.368,whitebit,SOL/USDT:USDT,184.7854,117.46,184.7543,438.1,184.7855,1.08,184.8931,438.1
1753769572475,06:12:52.475,whitebit,SOL/USDT:USDT,184.7854,117.46,184.7543,438.1,184.7855,1.08,184.8931,438.1
1753769572866,06:12:52.866,whitebit,SOL/USDT:USDT,184.7854,117.46,184.7543,438.1,184.7855,1.08,184.8051,19.6
1753769572978,06:12:52.978,whitebit,SOL/USDT:USDT,184.7854,117.46,184.7543,438.1,184.7855,1.08,184.8931,438.1
1753769579474,06:12:59.474,whitebit,SOL/USDT:USDT,184.7854,117.46,184.7543,438.1,184.7855,1.08,184.8931,438.1
1753769579574,06:12:59.574,whitebit,SOL/USDT:USDT,184.7854,117.46,184.7543,438.1,184.7855,1.08,184.8931,438.1
1753769580075,06:13:00.075,whitebit,SOL/USDT:USDT,184.7854,117.46,184.7543,438.1,184.7855,1.08,184.8931,438.1
1753769580178,06:13:00.178,whitebit,SOL/USDT:USDT,184.7854,117.46,184.7543,438.1,184.7855,1.08,184.8931,438.1
1753769580674,06:13:00.674,whitebit,SOL/USDT:USDT,184.7854,117.46,184.7543,438.1,184.7859,1.08,184.8931,438.1
1753769580770,06:13:00.770,whitebit,SOL/USDT:USDT,184.7854,117.46,184.7543,438.1,184.8051,8.92,184.8931,438.1
1753769580878,06:13:00.878,whitebit,SOL/USDT:USDT,184.7854,117.46,184.7543,438.1,184.7929,1.08,184.8931,438.1
1753769581672,06:13:01.672,whitebit,SOL/USDT:USDT,184.7854,117.46,184.7543,438.1,184.793,1.08,184.8931,438.1
1753769582679,06:13:02.679,whitebit,SOL/USDT:USDT,184.7854,117.46,184.7543,438.1,184.7931,1.08,184.8931,438.1
1753769582980,06:13:02.980,whitebit,SOL/USDT:USDT,184.7854,117.46,184.7543,438.1,184.805,1.08,184.8931,438.1
1753769583072,06:13:03.072,whitebit,SOL/USDT:USDT,184.7854,117.46,184.7543,438.1,184.8931,438.1,184.8936,2.35
1753769583176,06:13:03.176,whitebit,SOL/USDT:USDT,184.7854,117.46,184.7543,438.1,184.7931,1.08,184.8931,438.1
1753769583273,06:13:03.273,whitebit,SOL/USDT:USDT,184.7543,438.1,184.7269,0.73,184.8931,438.1,184.8936,2.35
1753769583373,06:13:03.373,whitebit,SOL/USDT:USDT,184.7544,117.42,184.7543,438.1,184.8931,438.1,184.8936,2.35
1753769583466,06:13:03.466,whitebit,SOL/USDT:USDT,184.7543,438.1,184.7269,0.73,184.805,1.08,184.8931,438.1
1753769583576,06:13:03.576,whitebit,SOL/USDT:USDT,184.7544,117.42,184.7543,438.1,184.8931,438.1,184.8936,2.35
1753769583675,06:13:03.675,whitebit,SOL/USDT:USDT,184.7544,117.42,184.7543,438.1,184.7965,1.08,184.8931,438.1
1753769584068,06:13:04.068,whitebit,SOL/USDT:USDT,184.7544,117.42,184.7543,438.1,184.7965,1.08,184.8931,438.1
1753769584176,06:13:04.176,whitebit,SOL/USDT:USDT,184.7544,117.42,184.7543,438.1,184.7965,1.08,184.8931,438.1
1753769584672,06:13:04.672,whitebit,SOL/USDT:USDT,184.7544,117.42,184.7543,438.1,184.7974,1.08,184.8931,438.1
1753769584970,06:13:04.970,whitebit,SOL/USDT:USDT,184.7544,117.42,184.7543,438.1,184.7904,1.08,184.8931,438.1
1753769585188,06:13:05.188,whitebit,SOL/USDT:USDT,184.7543,438.1,184.7269,0.73,184.7904,1.08,184.8931,438.1
1753769585364,06:13:05.364,whitebit,SOL/USDT:USDT,184.7544,117.41,184.7543,438.1,184.7904,1.08,184.8931,438.1
1753769585686,06:13:05.686,whitebit,SOL/USDT:USDT,184.7544,117.41,184.7543,438.1,184.8931,438.1,184.8936,2.35
1753769585768,06:13:05.768,whitebit,SOL/USDT:USDT,184.7544,117.41,184.7543,438.1,184.7891,1.08,184.8931,438.1
1753769586686,06:13:06.686,whitebit,SOL/USDT:USDT,184.7544,117.41,184.7543,438.1,184.788,1.08,184.8931,438.1
1753769587081,06:13:07.081,whitebit,SOL/USDT:USDT,184.7543,438.1,184.7269,0.73,184.788,1.08,184.8931,438.1
1753769587175,06:13:07.175,whitebit,SOL/USDT:USDT,184.7544,117.41,184.7543,438.1,184.788,1.08,184.8931,438.1
1753769587480,06:13:07.480,whitebit,SOL/USDT:USDT,184.7543,438.1,184.7269,0.73,184.788,1.08,184.8931,438.1
1753769587576,06:13:07.576,whitebit,SOL/USDT:USDT,184.7544,117.41,184.7543,438.1,184.788,1.08,184.8931,438.1
1753769587678,06:13:07.678,whitebit,SOL/USDT:USDT,184.7544,117.41,184.7543,438.1,184.7868,1.08,184.8931,438.1
1753769587877,06:13:07.877,whitebit,SOL/USDT:USDT,184.7544,117.41,184.7543,438.1,184.8931,438.1,184.8936,2.35
1753769588071,06:13:08.071,whitebit,SOL/USDT:USDT,184.7543,438.1,184.7269,0.73,184.8931,438.1,184.8936,2.35
1753769588176,06:13:08.176,whitebit,SOL/USDT:USDT,184.7544,117.41,184.7543,438.1,184.8931,438.1,184.8936,2.35
1753769588674,06:13:08.674,whitebit,SOL/USDT:USDT,184.7544,117.41,184.7543,438.1,184.7908,1.08,184.8931,438.1
1753769588973,06:13:08.973,whitebit,SOL/USDT:USDT,184.7543,438.1,184.7269,0.73,184.805,1.08,184.8931,438.1
1753769589073,06:13:09.073,whitebit,SOL/USDT:USDT,184.7544,117.4,184.7543,438.1,184.8931,438.1,184.8936,2.35
1753769589373,06:13:09.373,whitebit,SOL/USDT:USDT,184.7544,117.4,184.7543,438.1,184.8936,2.35,184.9068,437.99
1753769589676,06:13:09.676,whitebit,SOL/USDT:USDT,184.7544,117.4,184.7543,438.1,184.7945,1.08,184.8936,2.35
1753769590675,06:13:10.675,whitebit,SOL/USDT:USDT,184.7544,117.4,184.7543,438.1,184.793,1.08,184.8936,2.35
1753769590978,06:13:10.978,whitebit,SOL/USDT:USDT,184.7543,438.1,184.7269,0.73,184.805,1.08,184.8936,2.35
1753769591078,06:13:11.078,whitebit,SOL/USDT:USDT,184.7544,117.4,184.7543,438.1,184.8936,2.35,184.9068,437.99
1753769591678,06:13:11.678,whitebit,SOL/USDT:USDT,184.7544,117.4,184.7543,438.1,184.7965,1.08,184.8936,2.35
1753769592675,06:13:12.675,whitebit,SOL/USDT:USDT,184.7544,117.4,184.7543,438.1,184.7879,1.08,184.8936,2.35
1753769593276,06:13:13.276,whitebit,SOL/USDT:USDT,184.7544,117.4,184.7543,438.1,184.7879,1.08,184.8936,2.35
1753769593370,06:13:13.370,whitebit,SOL/USDT:USDT,184.7544,117.4,184.7543,438.1,184.7879,1.08,184.8936,2.35
1753769593577,06:13:13.577,whitebit,SOL/USDT:USDT,184.7543,438.1,184.7269,0.73,184.8936,2.35,184.9068,437.99
1753769593681,06:13:13.681,whitebit,SOL/USDT:USDT,184.7544,117.39,184.7543,438.1,184.7888,1.08,184.8936,2.35
1753769593881,06:13:13.881,whitebit,SOL/USDT:USDT,184.7544,117.39,184.7543,438.1,184.7888,1.08,184.8936,2.35
1753769593986,06:13:13.986,whitebit,SOL/USDT:USDT,184.7544,117.39,184.7543,438.1,184.7951,6.94,184.8936,2.35
1753769594078,06:13:14.078,whitebit,SOL/USDT:USDT,184.7544,117.39,184.7543,438.1,184.7888,1.08,184.8936,3.71
1753769594175,06:13:14.175,whitebit,SOL/USDT:USDT,184.7544,117.39,184.7543,438.1,184.7888,1.08,184.8936,3.71
1753769594265,06:13:14.265,whitebit,SOL/USDT:USDT,184.7544,117.39,184.7543,438.1,184.7888,1.08,184.8936,4.06
1753769594370,06:13:14.370,whitebit,SOL/USDT:USDT,184.7544,117.39,184.7543,438.1,184.7888,1.08,184.8936,4.06
1753769594486,06:13:14.486,whitebit,SOL/USDT:USDT,184.7544,117.39,184.7543,438.1,184.7888,1.08,184.8936,4.25
1753769594570,06:13:14.570,whitebit,SOL/USDT:USDT,184.7544,117.39,184.7543,438.1,184.7888,1.08,184.8936,4.25
1753769594674,06:13:14.674,whitebit,SOL/USDT:USDT,184.7544,117.39,184.7543,438.1,184.7877,1.08,184.8936,4.35
1753769594771,06:13:14.771,whitebit,SOL/USDT:USDT,184.7544,117.39,184.7543,438.1,184.7877,1.08,184.8936,4.48
1753769595069,06:13:15.069,whitebit,SOL/USDT:USDT,184.7544,117.39,184.7543,438.1,184.7847,1.08,184.8936,4.48
1753769595272,06:13:15.272,whitebit,SOL/USDT:USDT,184.7544,117.39,184.7543,438.1,184.7847,1.08,184.7851,21.09
1753769595364,06:13:15.364,whitebit,SOL/USDT:USDT,184.7544,117.39,184.7543,438.1,184.7847,1.08,184.8658,0.68
1753769595471,06:13:15.471,whitebit,SOL/USDT:USDT,184.7544,117.39,184.7543,438.1,184.7847,1.08,184.8658,0.68
1753769595564,06:13:15.564,whitebit,SOL/USDT:USDT,184.7544,117.39,184.7543,438.1,184.7847,1.08,184.8658,0.95
1753769595673,06:13:15.673,whitebit,SOL/USDT:USDT,184.7544,117.39,184.7543,438.1,184.7837,1.08,184.8658,0.95
1753769595765,06:13:15.765,whitebit,SOL/USDT:USDT,184.7544,117.39,184.7543,438.1,184.7837,1.08,184.8658,0.95
1753769595872,06:13:15.872,whitebit,SOL/USDT:USDT,184.7544,117.39,184.7543,438.1,184.7837,1.08,184.8658,0.95
1753769595965,06:13:15.965,whitebit,SOL/USDT:USDT,184.7544,117.39,184.7543,438.1,184.7837,1.08,184.8658,1.01
1753769596065,06:13:16.065,whitebit,SOL/USDT:USDT,184.7544,117.39,184.7543,438.1,184.7837,1.08,184.8658,1.01
1753769596269,06:13:16.269,whitebit,SOL/USDT:USDT,184.7544,117.39,184.7543,438.1,184.8658,1.01,184.8936,6.38
1753769596587,06:13:16.587,whitebit,SOL/USDT:USDT,184.7544,117.39,184.7543,438.1,184.7767,1.08,184.8658,1.01
1753769596685,06:13:16.685,whitebit,SOL/USDT:USDT,184.7544,117.39,184.7543,438.1,184.7804,1.08,184.8658,1.01
1753769597675,06:13:17.675,whitebit,SOL/USDT:USDT,184.7544,117.39,184.7543,438.1,184.7796,1.08,184.8658,1.01
1753769598176,06:13:18.176,whitebit,SOL/USDT:USDT,184.7543,438.1,184.6991,1.99,184.7796,1.08,184.8658,1.01
1753769598276,06:13:18.276,whitebit,SOL/USDT:USDT,184.7544,117.39,184.7543,438.1,184.8658,1.01,184.8936,6.38
1753769598379,06:13:18.379,whitebit,SOL/USDT:USDT,184.7544,117.39,184.7543,438.1,184.7751,8.14,184.8658,2.05
1753769598475,06:13:18.475,whitebit,SOL/USDT:USDT,184.7544,117.39,184.7543,438.1,184.7766,1.08,184.8658,2.05
1753769598572,06:13:18.572,whitebit,SOL/USDT:USDT,184.7544,117.39,184.7543,438.1,184.8658,2.29,184.8936,7.54
1753769598677,06:13:18.677,whitebit,SOL/USDT:USDT,184.7544,117.39,184.7543,438.1,184.7803,1.08,184.8658,2.29
1753769598781,06:13:18.781,whitebit,SOL/USDT:USDT,184.7544,117.39,184.7543,438.1,184.7803,1.08,184.8658,2.44
1753769598877,06:13:18.877,whitebit,SOL/USDT:USDT,184.7544,117.39,184.7543,438.1,184.8658,2.44,184.8936,8.0
1753769598968,06:13:18.968,whitebit,SOL/USDT:USDT,184.7543,438.1,184.6991,0.52,184.7803,1.08,184.8658,2.56
1753769599073,06:13:19.073,whitebit,SOL/USDT:USDT,184.7544,117.39,184.7543,438.1,184.7803,1.08,184.8658,2.56
1753769599175,06:13:19.175,whitebit,SOL/USDT:USDT,184.7544,117.39,184.7543,438.1,184.7751,27.45,184.7803,1.08
1753769599267,06:13:19.267,whitebit,SOL/USDT:USDT,184.7544,117.39,184.7543,438.1,184.7803,1.08,184.8658,2.56
1753769599669,06:13:19.669,whitebit,SOL/USDT:USDT,184.7544,117.39,184.7543,438.1,184.7795,1.08,184.8658,2.56
1753769599779,06:13:19.779,whitebit,SOL/USDT:USDT,184.7544,117.39,184.7543,438.1,184.8658,2.56,184.8936,8.22
1753769600176,06:13:20.176,whitebit,SOL/USDT:USDT,184.775,117.39,184.7543,438.1,184.8658,2.56,184.8936,8.22
1753769600676,06:13:20.676,whitebit,SOL/USDT:USDT,184.775,117.39,184.7543,438.1,184.7839,1.08,184.8658,2.56
1753769602181,06:13:22.181,whitebit,SOL/USDT:USDT,184.775,117.39,184.7543,438.1,184.8658,2.56,184.8936,8.22
1753769602471,06:13:22.471,whitebit,SOL/USDT:USDT,184.7543,438.1,184.6991,0.52,184.8658,2.56,184.8936,8.22
1753769602582,06:13:22.582,whitebit,SOL/USDT:USDT,184.7544,117.38,184.7543,438.1,184.8658,2.56,184.8936,8.22
1753769602675,06:13:22.675,whitebit,SOL/USDT:USDT,184.7544,117.38,184.7543,438.1,184.7806,1.08,184.8658,2.56
1753769603381,06:13:23.381,whitebit,SOL/USDT:USDT,184.7543,438.1,184.6991,0.52,184.7806,1.08,184.8658,2.56
1753769603479,06:13:23.479,whitebit,SOL/USDT:USDT,184.7545,117.39,184.7543,438.1,184.7806,1.08,184.8658,2.56
1753769603676,06:13:23.676,whitebit,SOL/USDT:USDT,184.7545,117.39,184.7543,438.1,184.7798,1.08,184.8658,2.56
1753769604676,06:13:24.676,whitebit,SOL/USDT:USDT,184.7545,117.39,184.7543,438.1,184.7791,1.08,184.8658,2.56
1753769605571,06:13:25.571,whitebit,SOL/USDT:USDT,184.7545,117.39,184.7543,438.1,184.7791,1.08,184.8658,0.59
1753769605685,06:13:25.685,whitebit,SOL/USDT:USDT,184.7545,117.39,184.7543,438.1,184.8936,0.28,184.9068,437.99
1753769605777,06:13:25.777,whitebit,SOL/USDT:USDT,184.7545,117.39,184.7543,438.1,184.7943,1.08,184.8936,0.28
1753769605873,06:13:25.873,whitebit,SOL/USDT:USDT,184.7545,117.39,184.7543,438.1,184.7943,1.08,184.8936,2.32
1753769605980,06:13:25.980,whitebit,SOL/USDT:USDT,184.7545,117.39,184.7543,438.1,184.7943,1.08,184.8936,3.24
1753769606066,06:13:26.066,whitebit,SOL/USDT:USDT,184.7545,117.39,184.7543,438.1,184.7943,1.08,184.8936,3.24
1753769606174,06:13:26.174,whitebit,SOL/USDT:USDT,184.7545,117.39,184.7543,438.1,184.7943,1.08,184.8936,3.24
1753769606273,06:13:26.273,whitebit,SOL/USDT:USDT,184.7545,117.39,184.7543,438.1,184.7943,1.08,184.8936,3.24
1753769606377,06:13:26.377,whitebit,SOL/USDT:USDT,184.7545,117.39,184.7543,438.1,184.7943,1.08,184.7951,8.58
1753769606485,06:13:26.485,whitebit,SOL/USDT:USDT,184.7545,117.39,184.7543,438.1,184.7943,1.08,184.8936,3.44
1753769606572,06:13:26.572,whitebit,SOL/USDT:USDT,184.7545,117.39,184.7543,438.1,184.7943,1.08,184.8936,3.44
1753769606680,06:13:26.680,whitebit,SOL/USDT:USDT,184.7545,117.39,184.7543,438.1,184.7929,1.08,184.8936,3.44
1753769606773,06:13:26.773,whitebit,SOL/USDT:USDT,184.7545,117.39,184.7543,438.1,184.7929,1.08,184.8936,3.44
1753769607676,06:13:27.676,whitebit,SOL/USDT:USDT,184.7545,117.39,184.7543,438.1,184.7915,1.08,184.8936,3.44
1753769608572,06:13:28.572,whitebit,SOL/USDT:USDT,184.7545,117.39,184.7543,438.1,184.7915,1.08,184.8936,3.44
1753769608669,06:13:28.669,whitebit,SOL/USDT:USDT,184.7545,117.39,184.7543,438.1,184.8936,3.44,184.9068,437.99
1753769609574,06:13:29.574,whitebit,SOL/USDT:USDT,184.7545,117.39,184.7543,438.1,184.7851,0.47,184.8936,4.25
1753769609673,06:13:29.673,whitebit,SOL/USDT:USDT,184.7545,117.39,184.7543,438.1,184.7912,1.08,184.8658,0.55
1753769609765,06:13:29.765,whitebit,SOL/USDT:USDT,184.7545,117.39,184.7543,438.1,184.7912,1.08,184.8658,0.55
1753769609981,06:13:29.981,whitebit,SOL/USDT:USDT,184.7545,117.39,184.7543,438.1,184.7912,1.08,184.8658,0.86
1753769610069,06:13:30.069,whitebit,SOL/USDT:USDT,184.7545,117.39,184.7543,438.1,184.7912,1.08,184.8658,0.86
1753769610174,06:13:30.174,whitebit,SOL/USDT:USDT,184.7545,117.39,184.7543,438.1,184.8658,0.86,184.8936,4.82
1753769610270,06:13:30.270,whitebit,SOL/USDT:USDT,184.7545,117.39,184.7543,438.1,184.8658,1.01,184.8936,4.82
1753769610376,06:13:30.376,whitebit,SOL/USDT:USDT,184.7545,117.39,184.7543,438.1,184.7912,1.08,184.8658,1.01
1753769610674,06:13:30.674,whitebit,SOL/USDT:USDT,184.7545,117.39,184.7543,438.1,184.8658,1.01,184.8936,4.82
1753769610777,06:13:30.777,whitebit,SOL/USDT:USDT,184.7545,117.39,184.7543,438.1,184.7851,19.7,184.8658,1.01
1753769610878,06:13:30.878,whitebit,SOL/USDT:USDT,184.7545,117.39,184.7543,438.1,184.7969,1.08,184.8658,0.93
1753769610981,06:13:30.981,whitebit,SOL/USDT:USDT,184.7545,117.39,184.7543,438.1,184.8658,0.93,184.8936,4.82
1753769611077,06:13:31.077,whitebit,SOL/USDT:USDT,184.7545,117.39,184.7543,438.1,184.7999,1.08,184.8658,0.93
1753769611178,06:13:31.178,whitebit,SOL/USDT:USDT,184.7545,117.39,184.7543,438.1,184.8936,2.52,184.9068,437.99
1753769611273,06:13:31.273,whitebit,SOL/USDT:USDT,184.7545,117.39,184.7543,438.1,184.8936,3.62,184.9068,437.99
1753769611379,06:13:31.379,whitebit,SOL/USDT:USDT,184.7545,117.39,184.7543,438.1,184.8936,3.62,184.9068,437.99
1753769611465,06:13:31.465,whitebit,SOL/USDT:USDT,184.7545,117.39,184.7543,438.1,184.8936,3.62,184.9068,437.99
1753769611566,06:13:31.566,whitebit,SOL/USDT:USDT,184.7545,117.39,184.7543,438.1,184.8936,3.62,184.9068,437.99
1753769611673,06:13:31.673,whitebit,SOL/USDT:USDT,184.7545,117.39,184.7543,438.1,184.8027,1.08,184.8936,3.62
1753769611770,06:13:31.770,whitebit,SOL/USDT:USDT,184.7545,117.39,184.7543,438.1,184.8027,1.08,184.8936,3.62
1753769611876,06:13:31.876,whitebit,SOL/USDT:USDT,184.7545,117.39,184.7543,438.1,184.8027,1.08,184.8936,3.62
1753769612064,06:13:32.064,whitebit,SOL/USDT:USDT,184.7545,117.39,184.7543,438.1,184.8027,1.08,184.8936,3.62
1753769612261,06:13:32.261,whitebit,SOL/USDT:USDT,184.7545,117.39,184.7543,438.1,184.8936,3.62,184.9068,437.99
1753769612663,06:13:32.663,whitebit,SOL/USDT:USDT,184.7545,117.39,184.7543,438.1,184.8052,1.08,184.8936,3.62
1753769613183,06:13:33.183,whitebit,SOL/USDT:USDT,184.7545,117.39,184.7543,438.1,184.8936,3.62,184.9068,437.99
1753769613688,06:13:33.688,whitebit,SOL/USDT:USDT,184.7545,117.39,184.7543,438.1,184.8075,1.08,184.8936,3.62
1753769613766,06:13:33.766,whitebit,SOL/USDT:USDT,184.7545,117.39,184.7543,438.1,184.8936,3.62,184.9068,437.99
1753769613860,06:13:33.860,whitebit,SOL/USDT:USDT,184.7545,117.39,184.7543,438.1,184.8075,1.08,184.8936,3.62
1753769613986,06:13:33.986,whitebit,SOL/USDT:USDT,184.7545,117.39,184.7543,438.1,184.7951,16.08,184.8075,1.08
1753769614078,06:13:34.078,whitebit,SOL/USDT:USDT,184.7545,117.39,184.7543,438.1,184.8075,1.08,184.8936,3.62
1753769614470,06:13:34.470,whitebit,SOL/USDT:USDT,184.7543,438.1,184.6991,1.7,184.7935,1.08,184.8936,3.62
1753769614567,06:13:34.567,whitebit,SOL/USDT:USDT,184.7543,438.1,184.6991,1.7,184.7875,1.08,184.8936,3.62
1753769614665,06:13:34.665,whitebit,SOL/USDT:USDT,184.7543,438.1,184.6991,1.99,184.7801,1.08,184.8936,3.62
1753769614788,06:13:34.788,whitebit,SOL/USDT:USDT,184.7544,117.36,184.7543,438.1,184.7771,1.08,184.8936,5.82
1753769614867,06:13:34.867,whitebit,SOL/USDT:USDT,184.7544,117.36,184.7543,438.1,184.7771,1.08,184.8658,2.26
1753769614973,06:13:34.973,whitebit,SOL/USDT:USDT,184.7544,117.36,184.7543,438.1,184.7771,1.08,184.8658,2.26
1753769615067,06:13:35.067,whitebit,SOL/USDT:USDT,184.7544,117.36,184.7543,438.1,184.7771,1.08,184.8658,2.26
1753769615172,06:13:35.172,whitebit,SOL/USDT:USDT,184.7544,117.36,184.7543,438.1,184.8658,3.96,184.8936,7.5
1753769615269,06:13:35.269,whitebit,SOL/USDT:USDT,184.775,117.36,184.7543,438.1,184.7941,1.08,184.8658,3.96
1753769615364,06:13:35.364,whitebit,SOL/USDT:USDT,184.775,117.36,184.7543,438.1,184.7941,1.08,184.8658,3.96
1753769615468,06:13:35.468,whitebit,SOL/USDT:USDT,184.775,117.36,184.7543,438.1,184.8071,1.08,184.8658,0.78
1753769615565,06:13:35.565,whitebit,SOL/USDT:USDT,184.775,117.36,184.7543,438.1,184.8071,1.08,184.8658,0.78
1753769615665,06:13:35.665,whitebit,SOL/USDT:USDT,184.775,117.36,184.7543,438.1,184.806,1.08,184.8936,1.04
1753769615768,06:13:35.768,whitebit,SOL/USDT:USDT,184.775,117.36,184.7543,438.1,184.806,1.08,184.8936,2.94
1753769615869,06:13:35.869,whitebit,SOL/USDT:USDT,184.775,117.36,184.7543,438.1,184.806,1.08,184.8936,2.94
1753769615990,06:13:35.990,whitebit,SOL/USDT:USDT,184.775,117.36,184.7543,438.1,184.8936,3.56,184.9068,437.99
1753769616065,06:13:36.065,whitebit,SOL/USDT:USDT,184.775,117.36,184.7543,438.1,184.806,1.08,184.8936,3.67
1753769616178,06:13:36.178,whitebit,SOL/USDT:USDT,184.775,117.36,184.7543,438.1,184.806,1.08,184.8936,3.67
1753769616288,06:13:36.288,whitebit,SOL/USDT:USDT,184.775,117.36,184.7543,438.1,184.8936,3.76,184.9068,437.99
1753769616367,06:13:36.367,whitebit,SOL/USDT:USDT,184.775,117.36,184.7543,438.1,184.806,1.08,184.8936,3.76
1753769616468,06:13:36.468,whitebit,SOL/USDT:USDT,184.775,117.36,184.7543,438.1,184.806,1.08,184.8936,3.89
1753769616574,06:13:36.574,whitebit,SOL/USDT:USDT,184.795,117.36,184.7543,438.1,184.806,1.08,184.8936,3.89
1753769617180,06:13:37.180,whitebit,SOL/USDT:USDT,184.795,117.36,184.7949,21.72,184.806,1.08,184.8936,3.89
1753769617267,06:13:37.267,whitebit,SOL/USDT:USDT,184.795,117.36,184.7543,438.1,184.806,1.08,184.8936,3.89
1753769617666,06:13:37.666,whitebit,SOL/USDT:USDT,184.795,117.36,184.7543,438.1,184.8059,1.08,184.8936,3.89
1753769618369,06:13:38.369,whitebit,SOL/USDT:USDT,184.795,117.36,184.7949,6.09,184.8059,1.08,184.8936,3.89
1753769618482,06:13:38.482,whitebit,SOL/USDT:USDT,184.795,117.36,184.7543,438.1,184.8936,3.89,184.9068,437.99
1753769618564,06:13:38.564,whitebit,SOL/USDT:USDT,184.795,117.36,184.7543,438.1,184.8059,1.08,184.8936,3.89
1753769619669,06:13:39.669,whitebit,SOL/USDT:USDT,184.795,117.36,184.7543,438.1,184.8058,1.08,184.8936,3.89
1753769619775,06:13:39.775,whitebit,SOL/USDT:USDT,184.795,117.36,184.7543,438.1,184.8936,3.89,184.9068,437.99
1753769620268,06:13:40.268,whitebit,SOL/USDT:USDT,184.795,117.36,184.7543,438.1,184.8058,1.08,184.8936,3.89
1753769621176,06:13:41.176,whitebit,SOL/USDT:USDT,184.795,117.36,184.7543,438.1,184.8936,3.89,184.9068,437.99
1753769621269,06:13:41.269,whitebit,SOL/USDT:USDT,184.795,117.36,184.7543,438.1,184.8228,1.08,184.8936,3.89
1753769621368,06:13:41.368,whitebit,SOL/USDT:USDT,184.795,117.36,184.7543,438.1,184.8228,1.08,184.8936,2.56
1753769621464,06:13:41.464,whitebit,SOL/USDT:USDT,184.795,117.36,184.7543,438.1,184.8228,1.08,184.8936,2.56
1753769621576,06:13:41.576,whitebit,SOL/USDT:USDT,184.795,117.36,184.7543,438.1,184.8228,1.08,184.8936,2.75
1753769621672,06:13:41.672,whitebit,SOL/USDT:USDT,184.795,117.36,184.7543,438.1,184.8219,1.08,184.8936,2.75
1753769621766,06:13:41.766,whitebit,SOL/USDT:USDT,184.795,117.36,184.7543,438.1,184.8219,1.08,184.8936,2.75
1753769621866,06:13:41.866,whitebit,SOL/USDT:USDT,184.795,117.36,184.7543,438.1,184.8219,1.08,184.8936,2.86
1753769621968,06:13:41.968,whitebit,SOL/USDT:USDT,184.795,117.36,184.7543,438.1,184.8219,1.08,184.8936,2.86
1753769622075,06:13:42.075,whitebit,SOL/USDT:USDT,184.795,117.36,184.7543,438.1,184.8936,2.99,184.9068,437.99
1753769622174,06:13:42.174,whitebit,SOL/USDT:USDT,184.795,117.36,184.7543,438.1,184.8936,2.99,184.9068,437.99
1753769622670,06:13:42.670,whitebit,SOL/USDT:USDT,184.795,117.36,184.7543,438.1,184.8245,1.08,184.8936,2.99
1753769622963,06:13:42.963,whitebit,SOL/USDT:USDT,184.795,117.36,184.7543,438.1,184.8936,2.99,184.9068,437.99
1753769623660,06:13:43.660,whitebit,SOL/USDT:USDT,184.795,117.36,184.7543,438.1,184.8051,25.06,184.8269,1.08
1753769623766,06:13:43.766,whitebit,SOL/USDT:USDT,184.795,117.36,184.7543,438.1,184.8936,2.99,184.9068,437.99
1753769623871,06:13:43.871,whitebit,SOL/USDT:USDT,184.795,117.36,184.7543,438.1,184.8936,2.99,184.9068,437.99
1753769624086,06:13:44.086,whitebit,SOL/USDT:USDT,184.795,117.36,184.7543,438.1,184.8269,1.08,184.8936,2.99
1753769624168,06:13:44.168,whitebit,SOL/USDT:USDT,184.795,117.36,184.7543,438.1,184.8936,2.99,184.9068,437.99
1753769624287,06:13:44.287,whitebit,SOL/USDT:USDT,184.795,117.36,184.7543,438.1,184.8269,1.08,184.8936,2.99
1753769624362,06:13:44.362,whitebit,SOL/USDT:USDT,184.795,117.36,184.7543,438.1,184.8936,2.99,184.9068,437.99
1753769624462,06:13:44.462,whitebit,SOL/USDT:USDT,184.795,117.36,184.7543,438.1,184.8936,0.55,184.9068,437.99
1753769624562,06:13:44.562,whitebit,SOL/USDT:USDT,184.795,117.36,184.7543,438.1,184.8936,0.55,184.9068,437.99
1753769624670,06:13:44.670,whitebit,SOL/USDT:USDT,184.795,117.36,184.7543,438.1,184.8345,1.08,184.9068,437.99
1753769624763,06:13:44.763,whitebit,SOL/USDT:USDT,184.795,117.36,184.7543,438.1,184.8345,1.08,184.9068,437.99
1753769624867,06:13:44.867,whitebit,SOL/USDT:USDT,184.795,117.36,184.7543,438.1,184.8345,1.08,184.9068,437.99
1753769624963,06:13:44.963,whitebit,SOL/USDT:USDT,184.795,117.36,184.7543,438.1,184.8345,1.08,184.9068,437.99
1753769625063,06:13:45.063,whitebit,SOL/USDT:USDT,184.795,117.36,184.7543,438.1,184.8345,1.08,184.9068,437.99
1753769625171,06:13:45.171,whitebit,SOL/USDT:USDT,184.795,117.36,184.7543,438.1,184.8345,1.08,184.9068,437.99
1753769625270,06:13:45.270,whitebit,SOL/USDT:USDT,184.795,117.36,184.7543,438.1,184.8345,1.08,184.9068,437.99
1753769625364,06:13:45.364,whitebit,SOL/USDT:USDT,184.795,117.36,184.7543,438.1,184.8345,1.08,184.9068,437.99
1753769625473,06:13:45.473,whitebit,SOL/USDT:USDT,184.795,117.36,184.7543,438.1,184.8345,1.08,184.9068,437.99
1753769625570,06:13:45.570,whitebit,SOL/USDT:USDT,184.795,117.36,184.7543,438.1,184.8345,1.08,184.9068,437.99
1753769625665,06:13:45.665,whitebit,SOL/USDT:USDT,184.795,117.36,184.7543,438.1,184.8483,1.08,184.9068,437.99
1753769625765,06:13:45.765,whitebit,SOL/USDT:USDT,184.795,117.36,184.7543,438.1,184.8483,1.08,184.9068,437.99
1753769625865,06:13:45.865,whitebit,SOL/USDT:USDT,184.795,117.36,184.7543,438.1,184.8483,1.08,184.9068,437.99
1753769625965,06:13:45.965,whitebit,SOL/USDT:USDT,184.795,117.36,184.7546,2.44,184.8483,1.08,184.9068,437.99
1753769626066,06:13:46.066,whitebit,SOL/USDT:USDT,184.795,117.36,184.7546,2.44,184.8483,1.08,184.9068,437.99
1753769626172,06:13:46.172,whitebit,SOL/USDT:USDT,184.795,117.36,184.7546,2.44,184.8483,1.08,184.9068,437.99
1753769626269,06:13:46.269,whitebit,SOL/USDT:USDT,184.795,117.36,184.7546,2.44,184.8483,1.08,184.9068,437.99
1753769626380,06:13:46.380,whitebit,SOL/USDT:USDT,184.795,117.36,184.7546,2.44,184.8483,1.08,184.9068,437.99
1753769626457,06:13:46.457,whitebit,SOL/USDT:USDT,184.795,117.36,184.7546,2.62,184.8483,1.08,184.9068,437.99
1753769626567,06:13:46.567,whitebit,SOL/USDT:USDT,184.795,117.36,184.7546,2.62,184.8483,1.08,184.9068,437.99
1753769626672,06:13:46.672,whitebit,SOL/USDT:USDT,184.795,117.36,184.7546,2.75,184.8462,1.08,184.9068,437.99
1753769626768,06:13:46.768,whitebit,SOL/USDT:USDT,184.795,117.36,184.7546,2.75,184.8462,1.08,184.9068,437.99
1753769626866,06:13:46.866,whitebit,SOL/USDT:USDT,184.795,117.36,184.7546,2.75,184.8462,1.08,184.9068,437.99
1753769627369,06:13:47.369,whitebit,SOL/USDT:USDT,184.795,117.36,184.7546,2.75,184.9068,437.99,184.9214,0.66
1753769627770,06:13:47.770,whitebit,SOL/USDT:USDT,184.795,117.36,184.7546,2.75,184.9068,437.99,184.9214,0.66
1753769627871,06:13:47.871,whitebit,SOL/USDT:USDT,184.7547,117.33,184.7546,2.75,184.9068,437.99,184.9214,0.66
1753769628372,06:13:48.372,whitebit,SOL/USDT:USDT,184.7547,117.33,184.7546,2.75,184.8471,1.08,184.9068,437.99
1753769628573,06:13:48.573,whitebit,SOL/USDT:USDT,184.7547,117.33,184.7546,2.75,184.9068,437.99,184.9214,0.66
1753769628677,06:13:48.677,whitebit,SOL/USDT:USDT,184.7547,117.33,184.7546,2.75,184.846,1.08,184.9068,437.99
1753769629463,06:13:49.463,whitebit,SOL/USDT:USDT,184.835,117.33,184.7546,2.75,184.9068,437.99,184.9214,0.66
1753769629669,06:13:49.669,whitebit,SOL/USDT:USDT,184.835,117.33,184.7546,2.75,184.8494,1.08,184.9068,437.99
1753769629875,06:13:49.875,whitebit,SOL/USDT:USDT,184.835,117.33,184.7546,2.75,184.8494,1.08,184.9068,437.99
1753769630076,06:13:50.076,whitebit,SOL/USDT:USDT,184.835,117.33,184.7546,2.75,184.9068,437.99,184.9214,0.66
1753769630169,06:13:50.169,whitebit,SOL/USDT:USDT,184.835,117.33,184.7546,2.75,184.8494,1.08,184.9068,437.99
1753769630467,06:13:50.467,whitebit,SOL/USDT:USDT,184.835,117.33,184.7546,2.75,184.9068,437.99,184.9214,0.66
1753769630574,06:13:50.574,whitebit,SOL/USDT:USDT,184.835,117.33,184.7546,2.75,184.8494,1.08,184.9068,437.99
1753769630671,06:13:50.671,whitebit,SOL/USDT:USDT,184.835,117.33,184.7546,2.75,184.8492,1.08,184.9068,437.99
1753769630966,06:13:50.966,whitebit,SOL/USDT:USDT,184.835,117.33,184.7546,2.75,184.8492,1.08,184.9214,0.66
1753769631473,06:13:51.473,whitebit,SOL/USDT:USDT,184.835,117.33,184.7546,2.75,184.9214,0.66,184.9433,117.32
1753769631576,06:13:51.576,whitebit,SOL/USDT:USDT,184.835,117.33,184.7546,2.75,184.8492,1.08,184.9214,0.66
1753769631672,06:13:51.672,whitebit,SOL/USDT:USDT,184.835,117.33,184.7546,2.75,184.849,1.08,184.9214,0.66
1753769632669,06:13:52.669,whitebit,SOL/USDT:USDT,184.835,117.33,184.7546,2.75,184.8488,1.08,184.9214,0.66
1753769632775,06:13:52.775,whitebit,SOL/USDT:USDT,184.835,117.33,184.7546,2.75,184.8451,24.17,184.8488,1.08
1753769632870,06:13:52.870,whitebit,SOL/USDT:USDT,184.835,117.33,184.7546,2.75,184.8488,1.08,184.9214,0.66
1753769632971,06:13:52.971,whitebit,SOL/USDT:USDT,184.835,117.33,184.7546,2.75,184.9214,0.66,184.9433,117.32
1753769633064,06:13:53.064,whitebit,SOL/USDT:USDT,184.835,117.33,184.7546,2.75,184.8488,1.08,184.9214,0.66
1753769633172,06:13:53.172,whitebit,SOL/USDT:USDT,184.835,117.33,184.7546,2.75,184.8451,7.88,184.8488,1.08
1753769633277,06:13:53.277,whitebit,SOL/USDT:USDT,184.835,117.33,184.7546,2.75,184.8488,1.08,184.9214,0.66
1753769633674,06:13:53.674,whitebit,SOL/USDT:USDT,184.835,117.33,184.7546,2.75,184.8491,1.08,184.9214,0.66
1753769633966,06:13:53.966,whitebit,SOL/USDT:USDT,184.835,117.33,184.7948,437.94,184.8491,1.08,184.9214,0.66
1753769634370,06:13:54.370,whitebit,SOL/USDT:USDT,184.8449,15.5,184.835,117.33,184.8491,1.08,184.9214,0.66
1753769634482,06:13:54.482,whitebit,SOL/USDT:USDT,184.835,117.33,184.7948,437.94,184.8491,1.08,184.9214,0.66
1753769634677,06:13:54.677,whitebit,SOL/USDT:USDT,184.835,117.33,184.7948,437.94,184.8489,1.08,184.9214,0.66
1753769635465,06:13:55.465,whitebit,SOL/USDT:USDT,184.835,117.33,184.7948,437.94,184.9214,0.66,184.9433,117.32
1753769635565,06:13:55.565,whitebit,SOL/USDT:USDT,184.835,117.33,184.7948,437.94,184.8489,1.08,184.9214,0.66
1753769635672,06:13:55.672,whitebit,SOL/USDT:USDT,184.835,117.33,184.7948,437.94,184.9214,0.66,184.9433,117.32
1753769635978,06:13:55.978,whitebit,SOL/USDT:USDT,184.835,117.33,184.7948,437.94,184.8485,1.08,184.9214,0.66
1753769636180,06:13:56.180,whitebit,SOL/USDT:USDT,184.835,117.33,184.7948,437.94,184.9214,0.66,184.9433,117.32
1753769636479,06:13:56.479,whitebit,SOL/USDT:USDT,184.835,117.33,184.7948,437.94,184.8555,1.08,184.9214,0.66
1753769636676,06:13:56.676,whitebit,SOL/USDT:USDT,184.835,117.33,184.7948,437.94,184.9214,0.66,184.9433,117.32
1753769637190,06:13:57.190,whitebit,SOL/USDT:USDT,184.835,117.33,184.7948,437.94,184.855,1.08,184.9214,0.66
1753769637279,06:13:57.279,whitebit,SOL/USDT:USDT,184.835,117.33,184.7948,437.94,184.9214,0.66,184.9433,117.32
1753769637470,06:13:57.470,whitebit,SOL/USDT:USDT,184.835,117.33,184.7948,437.94,184.855,1.08,184.9214,0.66
1753769637567,06:13:57.567,whitebit,SOL/USDT:USDT,184.835,117.33,184.7948,437.94,184.9214,0.66,184.9491,4.23
1753769637665,06:13:57.665,whitebit,SOL/USDT:USDT,184.835,117.33,184.7948,437.94,184.8577,1.08,184.9214,0.66
1753769638662,06:13:58.662,whitebit,SOL/USDT:USDT,184.835,117.33,184.7948,437.94,184.8571,1.08,184.9214,0.66
1753769638973,06:13:58.973,whitebit,SOL/USDT:USDT,184.835,117.33,184.7948,437.94,184.9214,0.66,184.9491,4.23
1753769639072,06:13:59.072,whitebit,SOL/USDT:USDT,184.835,117.33,184.7948,437.94,184.8641,1.08,184.9214,0.66
1753769639676,06:13:59.676,whitebit,SOL/USDT:USDT,184.835,117.33,184.7948,437.94,184.8632,1.08,184.9214,0.66
1753769639776,06:13:59.776,whitebit,SOL/USDT:USDT,184.835,117.33,184.7948,437.94,184.9214,0.66,184.9491,4.23
1753769639876,06:13:59.876,whitebit,SOL/USDT:USDT,184.835,117.33,184.7948,437.94,184.8632,1.08,184.9214,0.66
1753769640677,06:14:00.677,whitebit,SOL/USDT:USDT,184.835,117.33,184.7948,437.94,184.8623,1.08,184.9214,0.66
1753769640974,06:14:00.974,whitebit,SOL/USDT:USDT,184.835,117.33,184.7948,437.94,184.9214,0.66,184.9491,4.23
1753769641174,06:14:01.174,whitebit,SOL/USDT:USDT,184.8449,10.08,184.835,117.33,184.9214,0.66,184.9491,4.23
1753769641273,06:14:01.273,whitebit,SOL/USDT:USDT,184.835,117.33,184.7948,437.94,184.9214,0.66,184.9491,4.23
1753769641677,06:14:01.677,whitebit,SOL/USDT:USDT,184.835,117.33,184.7948,437.94,184.862,1.08,184.9214,0.66
1753769642677,06:14:02.677,whitebit,SOL/USDT:USDT,184.835,117.33,184.7948,437.94,184.8612,1.08,184.9214,0.66
1753769643465,06:14:03.465,whitebit,SOL/USDT:USDT,184.835,117.33,184.7948,437.94,184.8682,1.08,184.9214,0.66
1753769643571,06:14:03.571,whitebit,SOL/USDT:USDT,184.8449,11.85,184.835,117.33,184.8682,1.08,184.9214,0.66
1753769643661,06:14:03.661,whitebit,SOL/USDT:USDT,184.835,117.33,184.7948,437.94,184.8675,1.08,184.9214,0.66
1753769643866,06:14:03.866,whitebit,SOL/USDT:USDT,184.835,117.33,184.7948,437.94,184.9214,0.66,184.9491,4.23
1753769643973,06:14:03.973,whitebit,SOL/USDT:USDT,184.8449,7.17,184.835,117.33,184.9214,0.66,184.9491,4.23
1753769644062,06:14:04.062,whitebit,SOL/USDT:USDT,184.835,117.33,184.7948,437.94,184.8675,1.08,184.9214,0.66
1753769644668,06:14:04.668,whitebit,SOL/USDT:USDT,184.835,117.33,184.7948,437.94,184.8665,1.08,184.9214,0.66
1753769645170,06:14:05.170,whitebit,SOL/USDT:USDT,184.835,117.33,184.7948,437.94,184.8451,14.64,184.8665,1.08
1753769645270,06:14:05.270,whitebit,SOL/USDT:USDT,184.835,117.33,184.7948,437.94,184.8665,1.08,184.9214,0.66
1753769645671,06:14:05.671,whitebit,SOL/USDT:USDT,184.835,117.33,184.7948,437.94,184.8654,1.08,184.9214,0.66
1753769645777,06:14:05.777,whitebit,SOL/USDT:USDT,184.835,117.33,184.7948,437.94,184.9214,0.66,184.9491,4.23
1753769645977,06:14:05.977,whitebit,SOL/USDT:USDT,184.835,117.33,184.7948,437.94,184.8654,1.08,184.9214,0.66
1753769646673,06:14:06.673,whitebit,SOL/USDT:USDT,184.835,117.33,184.7948,437.94,184.8645,1.08,184.9214,0.66
1753769646974,06:14:06.974,whitebit,SOL/USDT:USDT,184.835,117.33,184.7948,437.94,184.8745,1.08,184.9491,4.23
1753769647066,06:14:07.066,whitebit,SOL/USDT:USDT,184.835,117.33,184.7948,437.94,184.8805,1.08,184.9491,1.36
1753769647167,06:14:07.167,whitebit,SOL/USDT:USDT,184.835,117.33,184.7948,437.94,184.8805,1.08,184.9491,1.36
1753769647266,06:14:07.266,whitebit,SOL/USDT:USDT,184.835,117.33,184.7948,437.94,184.8805,1.08,184.9528,437.96
1753769647381,06:14:07.381,whitebit,SOL/USDT:USDT,184.835,117.33,184.7948,437.94,184.8805,1.08,184.9528,437.96
1753769647466,06:14:07.466,whitebit,SOL/USDT:USDT,184.835,117.33,184.7948,437.94,184.9015,1.08,184.9528,437.96
1753769647570,06:14:07.570,whitebit,SOL/USDT:USDT,184.835,117.33,184.7948,437.94,184.9075,1.08,184.9528,437.96
1753769647667,06:14:07.667,whitebit,SOL/USDT:USDT,184.835,117.33,184.7948,437.94,184.9045,1.08,184.9981,437.9
1753769647771,06:14:07.771,whitebit,SOL/USDT:USDT,184.835,117.33,184.8102,1.4,184.9045,1.08,184.9769,0.41
1753769647885,06:14:07.885,whitebit,SOL/USDT:USDT,184.835,117.33,184.8102,1.4,184.9045,1.08,184.9769,0.78
1753769647968,06:14:07.968,whitebit,SOL/USDT:USDT,184.835,117.33,184.8102,1.7,184.9045,1.08,184.9769,0.78
1753769648066,06:14:08.066,whitebit,SOL/USDT:USDT,184.835,117.33,184.8102,1.7,184.9045,1.08,184.9769,0.97
1753769648189,06:14:08.189,whitebit,SOL/USDT:USDT,184.835,117.33,184.8102,1.7,184.9045,1.08,184.9769,0.97
1753769648268,06:14:08.268,whitebit,SOL/USDT:USDT,184.835,117.33,184.8102,1.7,184.9045,1.08,184.9769,1.08
1753769648365,06:14:08.365,whitebit,SOL/USDT:USDT,184.835,117.33,184.8102,1.78,184.9045,1.08,184.9769,1.08
1753769648468,06:14:08.468,whitebit,SOL/USDT:USDT,184.835,117.33,184.8102,1.85,184.9045,1.08,184.9769,1.22
1753769648559,06:14:08.559,whitebit,SOL/USDT:USDT,184.835,117.33,184.8102,1.92,184.9045,1.08,184.9769,1.22
1753769648671,06:14:08.671,whitebit,SOL/USDT:USDT,184.835,117.33,184.8102,1.92,184.9017,1.08,184.9769,1.22
1753769649173,06:14:09.173,whitebit,SOL/USDT:USDT,184.835,117.33,184.8102,2.08,184.9017,1.08,184.9769,1.22
1753769649266,06:14:09.266,whitebit,SOL/USDT:USDT,184.835,117.33,184.7948,437.94,184.8987,1.08,184.9769,1.22
1753769649365,06:14:09.365,whitebit,SOL/USDT:USDT,184.835,117.33,184.7948,437.94,184.8987,1.08,184.9769,1.95
1753769649465,06:14:09.465,whitebit,SOL/USDT:USDT,184.835,117.33,184.7948,437.94,184.8987,1.08,184.9769,1.95
1753769649567,06:14:09.567,whitebit,SOL/USDT:USDT,184.835,117.33,184.7948,437.94,184.8987,1.08,184.9769,1.95
1753769649664,06:14:09.664,whitebit,SOL/USDT:USDT,184.835,117.33,184.7948,437.94,184.8851,3.97,184.8961,1.08
1753769649767,06:14:09.767,whitebit,SOL/USDT:USDT,184.835,117.33,184.7948,437.94,184.9769,2.5,184.9981,437.9
1753769649866,06:14:09.866,whitebit,SOL/USDT:USDT,184.835,117.33,184.7948,437.94,184.8961,1.08,184.9769,2.5
1753769649962,06:14:09.962,whitebit,SOL/USDT:USDT,184.835,117.33,184.7948,437.94,184.8961,1.08,184.9769,2.5
1753769650068,06:14:10.068,whitebit,SOL/USDT:USDT,184.835,117.33,184.7948,437.94,184.8961,1.08,184.9769,2.6
1753769650270,06:14:10.270,whitebit,SOL/USDT:USDT,184.835,117.33,184.7948,437.94,184.8961,1.08,184.9769,2.6
1753769650561,06:14:10.561,whitebit,SOL/USDT:USDT,184.835,117.33,184.7948,437.94,184.9769,2.6,184.9981,437.9
1753769650672,06:14:10.672,whitebit,SOL/USDT:USDT,184.835,117.33,184.7948,437.94,184.8975,1.08,184.9769,2.6
1753769651264,06:14:11.264,whitebit,SOL/USDT:USDT,184.835,117.33,184.7948,437.94,184.8975,1.08,184.9769,2.6
1753769651367,06:14:11.367,whitebit,SOL/USDT:USDT,184.835,117.33,184.7948,437.94,184.9769,2.6,184.9981,437.9
1753769651675,06:14:11.675,whitebit,SOL/USDT:USDT,184.835,117.33,184.7948,437.94,184.8988,1.08,184.9769,2.6
1753769651971,06:14:11.971,whitebit,SOL/USDT:USDT,184.8849,7.14,184.835,117.33,184.8988,1.08,184.9769,2.6
1753769652067,06:14:12.067,whitebit,SOL/USDT:USDT,184.835,117.33,184.7948,437.94,184.8988,1.08,184.9769,2.6
1753769652671,06:14:12.671,whitebit,SOL/USDT:USDT,184.835,117.33,184.7948,437.94,184.8962,1.08,184.9769,2.6
1753769653660,06:14:13.660,whitebit,SOL/USDT:USDT,184.835,117.33,184.7948,437.94,184.8938,1.08,184.9769,2.6
1753769654770,06:14:14.770,whitebit,SOL/USDT:USDT,184.835,117.33,184.7948,437.94,184.8938,1.08,184.9769,2.6
1753769655577,06:14:15.577,whitebit,SOL/USDT:USDT,184.8849,18.53,184.835,117.33,184.8938,1.08,184.9769,2.6
1753769655672,06:14:15.672,whitebit,SOL/USDT:USDT,184.835,117.33,184.7948,437.94,184.8979,1.08,184.9769,2.6
1753769656675,06:14:16.675,whitebit,SOL/USDT:USDT,184.835,117.33,184.7948,437.94,184.8953,1.08,184.9769,2.6
