timestamp,time,exchange,symbol,bid1_price,bid1_volume,bid2_price,bid2_volume,ask1_price,ask1_volume,ask2_price,ask2_volume
1753769556744,06:12:36.744,mexc,ETH/USDT:USDT,3807.99,11914.0,3807.98,18528,3808.0,10822,3808.01,17542
1753769557754,06:12:37.754,mexc,ETH/USDT:USDT,3807.99,12461,3807.98,11874,3808.0,14527,3808.01,16623
1753769557754,06:12:37.754,mexc,ETH/USDT:USDT,3807.99,12461,3807.98,17630,3808.0,14527,3808.01,16623
1753769558158,06:12:38.158,mexc,ETH/USDT:USDT,3807.99,12461,3807.98,13091,3808.0,14527,3808.01,16623
1753769558161,06:12:38.161,mexc,ETH/USDT:USDT,3807.99,12461,3807.98,14972,3808.0,14527,3808.01,16485
1753769558564,06:12:38.564,mexc,ETH/USDT:USDT,3807.99,12461,3807.98,14972,3808.0,14527,3808.01,16485
1753769558570,06:12:38.570,mexc,ETH/USDT:USDT,3807.99,12461,3807.98,17485,3808.0,14527,3808.01,18644
1753769558972,06:12:38.972,mexc,ETH/USDT:USDT,3807.99,12461,3807.98,11874,3808.0,14527,3808.01,18644
1753769558979,06:12:38.979,mexc,ETH/USDT:USDT,3807.99,12461,3807.98,17218,3808.0,14527,3808.01,14234
1753769559383,06:12:39.383,mexc,ETH/USDT:USDT,3807.7,13503,3807.69,13849,3807.71,11393,3807.72,12903
1753769559580,06:12:39.580,mexc,ETH/USDT:USDT,3807.7,13503,3807.69,13849,3807.71,11393,3807.72,12903
1753769559786,06:12:39.786,mexc,ETH/USDT:USDT,3807.7,13503,3807.69,13849,3807.71,11386,3807.72,12903
1753769559853,06:12:39.853,mexc,ETH/USDT:USDT,3807.7,13503,3807.69,13849,3807.71,11386,3807.72,12903
1753769560193,06:12:40.193,mexc,ETH/USDT:USDT,3807.7,13503,3807.69,13849,3807.71,11386,3807.72,12903
1753769560200,06:12:40.200,mexc,ETH/USDT:USDT,3807.7,13503,3807.69,17481,3807.71,11386,3807.72,12903
1753769560603,06:12:40.603,mexc,ETH/USDT:USDT,3807.7,14187,3807.69,15009,3807.71,11373,3807.72,14353
1753769560608,06:12:40.608,mexc,ETH/USDT:USDT,3807.7,14187,3807.69,15009,3807.71,11373,3807.72,23325
1753769561006,06:12:41.006,mexc,ETH/USDT:USDT,3807.7,14187,3807.69,15009,3807.71,11373,3807.72,23325
1753769561031,06:12:41.031,mexc,ETH/USDT:USDT,3807.7,14187,3807.69,15009,3807.71,11373,3807.72,14353
1753769561414,06:12:41.414,mexc,ETH/USDT:USDT,3807.7,14187,3807.69,15009,3807.71,11373,3807.72,14353
1753769561511,06:12:41.511,mexc,ETH/USDT:USDT,3807.7,10404,3807.69,17824,3807.71,11373,3807.72,14353
1753769561781,06:12:41.781,mexc,ETH/USDT:USDT,3807.99,11384,3807.98,12314,3808.0,13588,3808.01,14396
1753769561859,06:12:41.859,mexc,ETH/USDT:USDT,3807.99,11354,3807.98,12314,3808.0,13588,3808.01,14396
1753769562228,06:12:42.228,mexc,ETH/USDT:USDT,3807.99,11354,3807.98,12314,3808.0,13588,3808.01,14396
1753769562339,06:12:42.339,mexc,ETH/USDT:USDT,3807.99,11354,3807.98,12314,3808.0,13588,3808.01,14396
1753769562635,06:12:42.635,mexc,ETH/USDT:USDT,3807.99,11354,3807.98,12314,3808.0,13588,3808.01,14396
1753769562819,06:12:42.819,mexc,ETH/USDT:USDT,3807.99,11136,3807.98,16187,3808.0,12928,3808.01,14396
1753769562992,06:12:42.992,mexc,ETH/USDT:USDT,3807.99,11071,3807.98,16187,3808.0,12522,3808.01,14396
1753769563050,06:12:43.050,mexc,ETH/USDT:USDT,3807.99,11071,3807.98,15270,3808.0,12522,3808.01,14396
1753769563450,06:12:43.450,mexc,ETH/USDT:USDT,3807.99,11071,3807.98,12314,3808.0,12522,3808.01,14396
1753769563633,06:12:43.633,mexc,ETH/USDT:USDT,3807.99,13329,3807.98,13915,3808.0,13080,3808.01,12397
1753769563861,06:12:43.861,mexc,ETH/USDT:USDT,3807.99,13329,3807.98,13915,3808.0,13080,3808.01,12397
1753769563866,06:12:43.866,mexc,ETH/USDT:USDT,3807.99,13329,3807.98,20589,3808.0,13080,3808.01,12397
1753769564264,06:12:44.264,mexc,ETH/USDT:USDT,3807.99,13329,3807.98,20589,3808.0,13080,3808.01,12397
1753769564273,06:12:44.273,mexc,ETH/USDT:USDT,3807.99,13329,3807.98,13915,3808.0,13080,3808.01,14297
1753769564672,06:12:44.672,mexc,ETH/USDT:USDT,3807.99,13329,3807.98,13915,3808.0,13080,3808.01,14297
1753769564679,06:12:44.679,mexc,ETH/USDT:USDT,3807.99,13329,3807.98,13915,3808.0,13080,3808.01,12397
1753769565081,06:12:45.081,mexc,ETH/USDT:USDT,3807.99,13329,3807.98,13915,3808.0,13080,3808.01,12397
1753769565088,06:12:45.088,mexc,ETH/USDT:USDT,3807.99,13329,3807.98,16767,3808.0,13080,3808.01,21131
1753769565490,06:12:45.490,mexc,ETH/USDT:USDT,3807.99,13329,3807.98,16767,3808.0,13080,3808.01,21131
1753769565682,06:12:45.682,mexc,ETH/USDT:USDT,3807.99,12954,3807.98,12100,3808.0,13586,3808.01,13335
1753769565899,06:12:45.899,mexc,ETH/USDT:USDT,3808.17,13595,3808.16,11799,3808.18,194,3808.19,14961
1753769565902,06:12:45.902,mexc,ETH/USDT:USDT,3808.17,13595,3808.16,11799,3808.18,194,3808.19,18081
1753769566302,06:12:46.302,mexc,ETH/USDT:USDT,3808.17,13595,3808.16,11799,3808.19,18031,3808.2,16877
1753769566310,06:12:46.310,mexc,ETH/USDT:USDT,3808.17,13595,3808.16,11799,3808.19,14911,3808.2,14040
1753769566711,06:12:46.711,mexc,ETH/USDT:USDT,3808.17,13595,3808.16,11799,3808.19,14911,3808.2,14040
1753769566822,06:12:46.822,mexc,ETH/USDT:USDT,3808.17,13595,3808.16,11799,3808.19,18341,3808.2,14040
1753769567119,06:12:47.119,mexc,ETH/USDT:USDT,3808.17,13595,3808.16,11799,3808.19,18341,3808.2,14040
1753769567256,06:12:47.256,mexc,ETH/USDT:USDT,3808.17,13595,3808.16,11799,3808.19,17524,3808.2,14040
1753769567528,06:12:47.528,mexc,ETH/USDT:USDT,3808.17,13595,3808.16,11799,3808.19,17524,3808.2,14040
1753769567629,06:12:47.629,mexc,ETH/USDT:USDT,3808.17,12097,3808.16,14403,3808.18,13082,3808.19,14098
1753769567939,06:12:47.939,mexc,ETH/USDT:USDT,3808.17,12097,3808.16,14403,3808.18,13082,3808.19,14098
1753769567940,06:12:47.940,mexc,ETH/USDT:USDT,3808.17,12097,3808.16,14403,3808.18,13082,3808.19,20838
1753769568342,06:12:48.342,mexc,ETH/USDT:USDT,3808.17,12097,3808.16,14403,3808.18,13073,3808.19,20838
1753769568347,06:12:48.347,mexc,ETH/USDT:USDT,3808.17,12097,3808.16,16039,3808.18,13073,3808.19,16782
1753769568750,06:12:48.750,mexc,ETH/USDT:USDT,3808.17,12097,3808.16,16039,3808.18,13073,3808.19,16782
1753769568755,06:12:48.755,mexc,ETH/USDT:USDT,3808.17,12097,3808.16,20217,3808.18,13073,3808.19,14098
1753769569158,06:12:49.158,mexc,ETH/USDT:USDT,3808.17,12097,3808.16,20217,3808.18,13073,3808.19,14098
1753769569161,06:12:49.161,mexc,ETH/USDT:USDT,3808.17,12097,3808.16,14403,3808.18,13073,3808.19,14098
1753769569563,06:12:49.563,mexc,ETH/USDT:USDT,3808.17,12097,3808.16,14403,3808.18,13073,3808.19,14098
1753769569659,06:12:49.659,mexc,ETH/USDT:USDT,3808.19,12769,3808.18,15042,3808.2,13458,3808.21,13335
1753769569975,06:12:49.975,mexc,ETH/USDT:USDT,3808.19,12769,3808.18,17766,3808.2,13441,3808.21,13335
1753769570011,06:12:50.011,mexc,ETH/USDT:USDT,3808.19,12769,3808.18,17766,3808.2,13386,3808.21,18131
1753769570378,06:12:50.378,mexc,ETH/USDT:USDT,3808.19,12769,3808.18,15042,3808.2,13386,3808.21,18131
1753769570384,06:12:50.384,mexc,ETH/USDT:USDT,3808.19,12769,3808.18,15042,3808.2,13386,3808.21,13335
1753769570788,06:12:50.788,mexc,ETH/USDT:USDT,3808.19,12769,3808.18,15042,3808.2,13386,3808.21,13335
1753769570869,06:12:50.869,mexc,ETH/USDT:USDT,3808.19,12769,3808.18,15042,3808.2,13354,3808.21,18441
1753769571189,06:12:51.189,mexc,ETH/USDT:USDT,3808.19,12769,3808.18,15042,3808.2,13354,3808.21,18441
1753769571219,06:12:51.219,mexc,ETH/USDT:USDT,3808.32,13652,3808.31,11492,3808.33,13488,3808.34,11505
1753769571504,06:12:51.504,mexc,ETH/USDT:USDT,3808.32,13458,3808.31,11492,3808.33,13488,3808.34,11505
1753769571804,06:12:51.804,mexc,ETH/USDT:USDT,3808.32,13458,3808.31,11492,3808.33,13488,3808.34,11505
1753769571865,06:12:51.865,mexc,ETH/USDT:USDT,3808.32,13458,3808.31,13339,3808.33,13483,3808.34,21512
1753769572211,06:12:52.211,mexc,ETH/USDT:USDT,3808.32,12809,3808.31,13339,3808.33,13483,3808.34,18286
1753769572261,06:12:52.261,mexc,ETH/USDT:USDT,3808.32,12750,3808.31,11492,3808.33,13483,3808.34,11505
1753769572618,06:12:52.618,mexc,ETH/USDT:USDT,3808.32,12750,3808.31,11492,3808.33,12483,3808.34,11505
1753769572632,06:12:52.632,mexc,ETH/USDT:USDT,3808.33,11113,3808.32,13334,3808.34,11168,3808.35,11317
1753769572822,06:12:52.822,mexc,ETH/USDT:USDT,3808.33,11113,3808.32,13334,3808.34,11168,3808.35,13338
1753769573227,06:12:53.227,mexc,ETH/USDT:USDT,3808.33,11113,3808.32,13334,3808.34,11168,3808.35,13338
1753769573230,06:12:53.230,mexc,ETH/USDT:USDT,3808.33,11113,3808.32,13334,3808.34,11168,3808.35,11317
1753769573633,06:12:53.633,mexc,ETH/USDT:USDT,3808.33,11113,3808.32,13334,3808.34,11168,3808.35,11317
1753769573751,06:12:53.751,mexc,ETH/USDT:USDT,3808.33,11113,3808.32,15843,3808.34,11168,3808.35,11317
1753769574041,06:12:54.041,mexc,ETH/USDT:USDT,3808.33,11113,3808.32,15843,3808.34,11168,3808.35,11317
1753769574046,06:12:54.046,mexc,ETH/USDT:USDT,3808.33,11113,3808.32,20499,3808.34,11168,3808.35,11317
1753769574446,06:12:54.446,mexc,ETH/USDT:USDT,3808.33,11113,3808.32,14751,3808.34,11168,3808.35,11317
1753769574634,06:12:54.634,mexc,ETH/USDT:USDT,3808.33,14196,3808.32,13205,3808.34,12984,3808.35,12216
1753769574857,06:12:54.857,mexc,ETH/USDT:USDT,3808.33,14196,3808.32,13205,3808.34,12984,3808.35,12216
1753769574858,06:12:54.858,mexc,ETH/USDT:USDT,3808.33,14196,3808.32,13205,3808.34,12984,3808.35,12216
1753769575261,06:12:55.261,mexc,ETH/USDT:USDT,3808.33,14196,3808.32,13205,3808.34,12984,3808.35,12216
1753769575356,06:12:55.356,mexc,ETH/USDT:USDT,3808.33,14524,3808.32,13205,3808.34,12984,3808.35,12216
1753769575670,06:12:55.670,mexc,ETH/USDT:USDT,3808.33,14524,3808.32,13205,3808.34,12984,3808.35,12216
1753769575677,06:12:55.677,mexc,ETH/USDT:USDT,3808.33,14524,3808.32,13205,3808.34,12984,3808.35,16179
1753769576077,06:12:56.077,mexc,ETH/USDT:USDT,3808.33,14524,3808.32,13205,3808.34,12984,3808.35,12216
1753769576084,06:12:56.084,mexc,ETH/USDT:USDT,3808.33,14524,3808.32,17819,3808.34,12984,3808.35,13683
1753769576483,06:12:56.483,mexc,ETH/USDT:USDT,3808.33,14500,3808.32,17819,3808.34,12984,3808.35,12216
1753769576635,06:12:56.635,mexc,ETH/USDT:USDT,3808.33,14413,3808.32,11411,3808.34,12146,3808.35,13079
1753769576896,06:12:56.896,mexc,ETH/USDT:USDT,3808.33,14413,3808.32,11411,3808.34,12146,3808.35,13079
1753769576899,06:12:56.899,mexc,ETH/USDT:USDT,3808.33,14413,3808.32,11411,3808.34,12146,3808.35,13079
1753769577300,06:12:57.300,mexc,ETH/USDT:USDT,3808.33,14413,3808.32,11411,3808.34,12411,3808.35,13079
1753769577412,06:12:57.412,mexc,ETH/USDT:USDT,3808.33,14413,3808.32,11411,3808.34,12411,3808.35,13079
1753769577706,06:12:57.706,mexc,ETH/USDT:USDT,3808.33,14413,3808.32,11411,3808.34,12411,3808.35,13079
1753769577736,06:12:57.736,mexc,ETH/USDT:USDT,3808.33,14413,3808.32,16202,3808.34,12411,3808.35,18812
1753769578113,06:12:58.113,mexc,ETH/USDT:USDT,3808.33,14413,3808.32,16202,3808.34,12411,3808.35,18812
1753769578210,06:12:58.210,mexc,ETH/USDT:USDT,3808.33,14413,3808.32,13328,3808.34,12268,3808.35,14481
1753769578521,06:12:58.521,mexc,ETH/USDT:USDT,3808.33,14378,3808.32,13328,3808.34,12268,3808.35,13079
1753769578633,06:12:58.633,mexc,ETH/USDT:USDT,3808.33,12507,3808.32,12402,3808.34,12097,3808.35,13320
1753769578933,06:12:58.933,mexc,ETH/USDT:USDT,3808.33,12507,3808.32,12402,3808.34,12097,3808.35,13320
1753769579042,06:12:59.042,mexc,ETH/USDT:USDT,3808.33,12507,3808.32,14786,3808.34,12097,3808.35,13320
1753769579336,06:12:59.336,mexc,ETH/USDT:USDT,3808.33,12507,3808.32,14786,3808.34,12097,3808.35,13320
1753769579344,06:12:59.344,mexc,ETH/USDT:USDT,3808.33,12507,3808.32,12402,3808.34,12097,3808.35,13320
1753769579742,06:12:59.742,mexc,ETH/USDT:USDT,3808.33,12507,3808.32,12402,3808.34,12097,3808.35,13320
1753769579751,06:12:59.751,mexc,ETH/USDT:USDT,3808.33,12507,3808.32,15384,3808.34,12097,3808.35,20926
1753769580151,06:13:00.151,mexc,ETH/USDT:USDT,3808.33,12507,3808.32,15384,3808.34,12026,3808.35,18625
1753769580159,06:13:00.159,mexc,ETH/USDT:USDT,3808.33,12507,3808.32,14565,3808.34,12026,3808.35,18021
1753769580559,06:13:00.559,mexc,ETH/USDT:USDT,3808.33,12507,3808.32,14565,3808.34,12026,3808.35,18021
1753769580635,06:13:00.635,mexc,ETH/USDT:USDT,3808.33,14704,3808.32,12257,3808.34,14790,3808.35,13927
1753769580969,06:13:00.969,mexc,ETH/USDT:USDT,3808.33,14704,3808.32,12257,3808.34,14790,3808.35,13927
1753769581093,06:13:01.093,mexc,ETH/USDT:USDT,3808.33,14704,3808.32,12257,3808.34,14790,3808.35,13927
1753769581412,06:13:01.412,mexc,ETH/USDT:USDT,3808.33,14704,3808.32,12257,3808.34,14790,3808.35,13927
1753769581600,06:13:01.600,mexc,ETH/USDT:USDT,3808.33,14704,3808.32,12257,3808.34,14659,3808.35,13927
1753769581819,06:13:01.819,mexc,ETH/USDT:USDT,3808.33,14704,3808.32,12257,3808.34,14659,3808.35,13927
1753769581824,06:13:01.824,mexc,ETH/USDT:USDT,3808.33,14704,3808.32,12257,3808.34,14659,3808.35,19194
1753769582228,06:13:02.228,mexc,ETH/USDT:USDT,3808.33,14704,3808.32,12257,3808.34,14659,3808.35,13927
1753769582231,06:13:02.231,mexc,ETH/USDT:USDT,3808.33,14704,3808.32,17855,3808.34,14659,3808.35,13927
1753769582626,06:13:02.626,mexc,ETH/USDT:USDT,3808.33,14704,3808.32,17855,3808.34,29353,3808.35,25093
1753769582808,06:13:02.808,mexc,ETH/USDT:USDT,3808.33,14674,3808.32,11256,3808.34,14757,3808.35,11166
1753769583043,06:13:03.043,mexc,ETH/USDT:USDT,3808.33,14674,3808.32,16065,3808.34,14757,3808.35,11166
1753769583049,06:13:03.049,mexc,ETH/USDT:USDT,3808.33,14674,3808.32,16065,3808.34,14757,3808.35,11166
1753769583450,06:13:03.450,mexc,ETH/USDT:USDT,3808.33,14674,3808.32,11256,3808.34,14757,3808.35,11166
1753769583455,06:13:03.455,mexc,ETH/USDT:USDT,3808.33,14674,3808.32,11256,3808.34,14757,3808.35,11166
1753769583852,06:13:03.852,mexc,ETH/USDT:USDT,3808.18,13846,3808.17,14759,3808.19,14520,3808.34,14757
1753769583860,06:13:03.860,mexc,ETH/USDT:USDT,3808.18,13846,3808.17,14759,3808.19,14520,3808.2,16141
1753769584265,06:13:04.265,mexc,ETH/USDT:USDT,3808.18,13846,3808.17,14759,3808.19,14520,3808.2,12615
1753769584364,06:13:04.364,mexc,ETH/USDT:USDT,3808.18,13846,3808.17,14759,3808.19,14520,3808.2,18785
1753769584676,06:13:04.676,mexc,ETH/USDT:USDT,3808.18,13846,3808.17,14759,3808.19,14520,3808.2,14233
1753769584679,06:13:04.679,mexc,ETH/USDT:USDT,3808.18,13846,3808.17,14759,3808.19,14520,3808.2,12615
1753769585034,06:13:05.034,mexc,ETH/USDT:USDT,3808,12384,3807.99,14709,3808.01,11513,3808.02,12201
1753769585127,06:13:05.127,mexc,ETH/USDT:USDT,3808,12384,3807.99,14709,3808.01,11513,3808.02,19396
1753769585490,06:13:05.490,mexc,ETH/USDT:USDT,3808,12384,3807.99,14709,3808.01,11513,3808.02,15052
1753769585493,06:13:05.493,mexc,ETH/USDT:USDT,3808,12384,3807.99,14709,3808.01,11513,3808.02,17908
1753769585762,06:13:05.762,mexc,ETH/USDT:USDT,3808,12184,3807.99,18353,3808.01,11513,3808.02,17908
1753769586085,06:13:06.085,mexc,ETH/USDT:USDT,3808,12184,3807.99,18353,3808.01,11505,3808.02,12201
1753769586131,06:13:06.131,mexc,ETH/USDT:USDT,3808,12184,3807.99,20757,3808.01,11479,3808.02,12201
1753769586513,06:13:06.513,mexc,ETH/USDT:USDT,3808,12184,3807.99,20757,3808.01,11479,3808.02,12201
1753769586638,06:13:06.638,mexc,ETH/USDT:USDT,3808,14695,3807.99,13418,3808.01,11476,3808.02,14524
1753769586924,06:13:06.924,mexc,ETH/USDT:USDT,3808,14695,3807.99,18003,3808.01,11476,3808.02,14524
1753769587060,06:13:07.060,mexc,ETH/USDT:USDT,3808,14680,3807.99,18003,3808.01,11476,3808.02,14524
1753769587328,06:13:07.328,mexc,ETH/USDT:USDT,3808,14680,3807.99,13418,3808.01,11476,3808.02,20041
1753769587332,06:13:07.332,mexc,ETH/USDT:USDT,3808,14680,3807.99,13418,3808.01,11476,3808.02,20041
1753769587736,06:13:07.736,mexc,ETH/USDT:USDT,3808,14680,3807.99,13418,3808.01,11476,3808.02,14524
1753769587742,06:13:07.742,mexc,ETH/USDT:USDT,3808,14680,3807.99,13418,3808.01,11476,3808.02,14524
1753769587947,06:13:07.947,mexc,ETH/USDT:USDT,3808,14680,3807.99,13418,3808.01,11476,3808.02,14524
1753769588271,06:13:08.271,mexc,ETH/USDT:USDT,3808,14680,3807.99,19564,3808.01,11476,3808.02,14524
1753769588550,06:13:08.550,mexc,ETH/USDT:USDT,3808,14680,3807.99,19564,3808.01,11476,3808.02,20488
1753769588636,06:13:08.636,mexc,ETH/USDT:USDT,3808,15079,3807.99,12271,3808.01,13766,3808.02,12661
1753769588817,06:13:08.817,mexc,ETH/USDT:USDT,3808,15079,3807.99,12271,3808.01,13766,3808.02,12661
1753769588963,06:13:08.963,mexc,ETH/USDT:USDT,3808,15079,3807.99,12271,3808.01,13766,3808.02,12661
1753769589365,06:13:09.365,mexc,ETH/USDT:USDT,3808,15079,3807.99,12271,3808.01,13766,3808.02,12661
1753769589415,06:13:09.415,mexc,ETH/USDT:USDT,3808,15079,3807.99,12271,3808.01,13766,3808.02,12661
1753769589773,06:13:09.773,mexc,ETH/USDT:USDT,3808,15079,3807.99,12271,3808.01,13766,3808.02,12661
1753769589778,06:13:09.778,mexc,ETH/USDT:USDT,3808,15079,3807.99,12271,3808.01,13766,3808.02,12661
1753769590180,06:13:10.180,mexc,ETH/USDT:USDT,3808,15079,3807.99,12271,3808.01,13766,3808.02,18984
1753769590183,06:13:10.183,mexc,ETH/USDT:USDT,3808,15079,3807.99,15182,3808.01,13766,3808.02,18984
1753769590587,06:13:10.587,mexc,ETH/USDT:USDT,3808,15079,3807.99,12271,3808.01,13766,3808.02,12661
1753769590637,06:13:10.637,mexc,ETH/USDT:USDT,3808,11843,3807.99,14116,3808.01,12234,3808.02,13299
1753769590998,06:13:10.998,mexc,ETH/USDT:USDT,3808,11843,3807.99,14116,3808.01,12234,3808.02,16694
1753769591194,06:13:11.194,mexc,ETH/USDT:USDT,3808,11843,3807.99,14116,3808.01,12234,3808.02,16694
1753769591404,06:13:11.404,mexc,ETH/USDT:USDT,3808,11843,3807.99,14116,3808.01,12234,3808.02,13299
1753769591408,06:13:11.408,mexc,ETH/USDT:USDT,3808,11843,3807.99,17019,3808.01,12234,3808.02,13299
1753769591810,06:13:11.810,mexc,ETH/USDT:USDT,3808,11843,3807.99,17019,3808.01,12234,3808.02,19581
1753769591815,06:13:11.815,mexc,ETH/USDT:USDT,3808,11843,3807.99,14116,3808.01,12234,3808.02,19581
1753769592219,06:13:12.219,mexc,ETH/USDT:USDT,3808,11843,3807.99,14116,3808.01,12234,3808.02,15644
1753769592222,06:13:12.222,mexc,ETH/USDT:USDT,3808,11843,3807.99,18214,3808.01,12234,3808.02,15644
1753769592626,06:13:12.626,mexc,ETH/USDT:USDT,3808,11843,3807.99,18214,3808.01,12234,3808.02,13299
1753769592640,06:13:12.640,mexc,ETH/USDT:USDT,3808,11388,3807.99,14893,3808.01,13923,3808.02,13433
1753769592882,06:13:12.882,mexc,ETH/USDT:USDT,3808,11388,3807.99,20764,3808.01,13923,3808.02,13433
1753769593233,06:13:13.233,mexc,ETH/USDT:USDT,3808,11388,3807.99,14893,3808.01,13923,3808.02,13433
1753769593291,06:13:13.291,mexc,ETH/USDT:USDT,3808,11388,3807.99,14893,3808.01,13923,3808.02,16236
1753769593645,06:13:13.645,mexc,ETH/USDT:USDT,3807.61,14806,3807.6,14083,3807.62,15029,3807.63,13412
1753769593790,06:13:13.790,mexc,ETH/USDT:USDT,3807.61,14806,3807.6,20254,3807.62,15029,3807.63,13412
1753769594048,06:13:14.048,mexc,ETH/USDT:USDT,3807.61,14806,3807.6,20254,3807.62,15029,3807.63,13412
1753769594122,06:13:14.122,mexc,ETH/USDT:USDT,3807.61,14806,3807.6,19187,3807.62,15029,3807.63,13412
1753769594456,06:13:14.456,mexc,ETH/USDT:USDT,3807.61,14806,3807.6,14083,3807.62,15029,3807.63,13412
1753769594641,06:13:14.641,mexc,ETH/USDT:USDT,3807.6,12244,3807.59,12580,3807.61,14087,3807.62,12637
1753769594868,06:13:14.868,mexc,ETH/USDT:USDT,3807.6,12244,3807.59,12580,3807.61,14087,3807.62,12637
1753769594922,06:13:14.922,mexc,ETH/USDT:USDT,3807.6,12244,3807.59,12580,3807.61,14087,3807.62,12637
1753769595271,06:13:15.271,mexc,ETH/USDT:USDT,3807.6,12244,3807.59,12580,3807.61,14087,3807.62,12637
1753769595329,06:13:15.329,mexc,ETH/USDT:USDT,3807.6,12244,3807.59,12580,3807.61,14087,3807.62,14556
1753769595681,06:13:15.681,mexc,ETH/USDT:USDT,3807.6,12244,3807.59,12580,3807.61,14087,3807.62,14556
1753769595736,06:13:15.736,mexc,ETH/USDT:USDT,3807.6,12244,3807.59,16170,3807.61,14087,3807.62,17782
1753769596086,06:13:16.086,mexc,ETH/USDT:USDT,3807.6,12244,3807.59,16170,3807.61,14087,3807.62,17782
1753769596143,06:13:16.143,mexc,ETH/USDT:USDT,3807.6,12244,3807.59,12580,3807.61,14087,3807.62,12637
1753769596494,06:13:16.494,mexc,ETH/USDT:USDT,3807.6,12234,3807.59,12580,3807.61,17642,3807.62,12637
1753769596641,06:13:16.641,mexc,ETH/USDT:USDT,3807.6,13301,3807.59,12409,3807.61,16187,3807.62,11621
1753769596917,06:13:16.917,mexc,ETH/USDT:USDT,3807.6,13301,3807.59,12409,3807.61,16187,3807.62,11621
1753769597059,06:13:17.059,mexc,ETH/USDT:USDT,3807.6,13301,3807.59,12409,3807.61,16185,3807.62,11621
1753769597136,06:13:17.136,mexc,ETH/USDT:USDT,3807.6,13301,3807.59,12409,3807.61,16185,3807.62,11621
1753769597523,06:13:17.523,mexc,ETH/USDT:USDT,3807.6,13288,3807.59,12409,3807.61,16185,3807.62,15156
1753769597726,06:13:17.726,mexc,ETH/USDT:USDT,3807.6,13288,3807.59,12409,3807.61,16185,3807.62,15156
1753769597884,06:13:17.884,mexc,ETH/USDT:USDT,3807.6,13288,3807.59,14101,3807.61,16185,3807.62,11621
1753769598134,06:13:18.134,mexc,ETH/USDT:USDT,3807.6,13288,3807.59,12409,3807.61,16185,3807.62,11621
1753769598217,06:13:18.217,mexc,ETH/USDT:USDT,3807.6,13288,3807.59,14860,3807.61,16185,3807.62,15245
1753769598540,06:13:18.540,mexc,ETH/USDT:USDT,3807.6,13288,3807.59,12409,3807.61,16185,3807.62,15245
1753769598643,06:13:18.643,mexc,ETH/USDT:USDT,3807.6,14271,3807.59,14697,3807.61,15743,3807.62,11823
1753769598958,06:13:18.958,mexc,ETH/USDT:USDT,3807.6,14271,3807.59,14697,3807.61,15743,3807.62,11823
1753769599033,06:13:19.033,mexc,ETH/USDT:USDT,3807.6,14271,3807.59,14697,3807.61,15743,3807.62,11823
1753769599406,06:13:19.406,mexc,ETH/USDT:USDT,3807.6,14271,3807.59,14697,3807.61,15743,3807.62,11823
1753769599549,06:13:19.549,mexc,ETH/USDT:USDT,3807.6,14271,3807.59,19627,3807.61,15714,3807.62,11823
1753769599822,06:13:19.822,mexc,ETH/USDT:USDT,3807.6,14271,3807.59,14697,3807.61,15714,3807.62,11823
1753769599977,06:13:19.977,mexc,ETH/USDT:USDT,3807.6,10747,3807.59,22174,3807.61,12190,3807.62,14338
1753769600229,06:13:20.229,mexc,ETH/USDT:USDT,3807.6,10747,3807.59,16682,3807.61,12190,3807.62,14338
1753769600253,06:13:20.253,mexc,ETH/USDT:USDT,3807.6,10747,3807.59,17597,3807.61,12190,3807.62,11823
1753769600632,06:13:20.632,mexc,ETH/USDT:USDT,3807.6,10747,3807.59,17597,3807.61,24319,3807.62,26114
1753769600660,06:13:20.660,mexc,ETH/USDT:USDT,3807.6,11445,3807.59,12162,3807.61,12148,3807.62,19661
1753769600841,06:13:20.841,mexc,ETH/USDT:USDT,3807.6,11445,3807.59,12162,3807.61,12148,3807.62,19661
1753769601245,06:13:21.245,mexc,ETH/USDT:USDT,3807.6,11445,3807.59,12162,3807.61,12052,3807.62,14291
1753769601248,06:13:21.248,mexc,ETH/USDT:USDT,3807.6,11445,3807.59,16731,3807.61,12052,3807.62,14291
1753769601652,06:13:21.652,mexc,ETH/USDT:USDT,3807.6,11445,3807.59,16731,3807.61,12050,3807.62,14291
1753769601703,06:13:21.703,mexc,ETH/USDT:USDT,3807.6,11445,3807.59,12162,3807.61,12001,3807.62,14291
1753769602057,06:13:22.057,mexc,ETH/USDT:USDT,3807.6,11445,3807.59,12162,3807.61,12001,3807.62,20630
1753769602232,06:13:22.232,mexc,ETH/USDT:USDT,3807.19,14313,3807.18,14670,3807.2,12790,3807.21,11676
1753769602446,06:13:22.446,mexc,ETH/USDT:USDT,3807.19,14289,3807.18,16141,3807.2,12790,3807.21,11676
1753769602668,06:13:22.668,mexc,ETH/USDT:USDT,3807.19,14289,3807.18,14670,3807.2,12790,3807.21,11676
1753769602696,06:13:22.696,mexc,ETH/USDT:USDT,3807.19,14289,3807.18,14670,3807.2,12790,3807.21,11676
1753769603075,06:13:23.075,mexc,ETH/USDT:USDT,3807.19,14289,3807.18,14670,3807.2,12790,3807.21,11676
1753769603260,06:13:23.260,mexc,ETH/USDT:USDT,3807.19,14289,3807.18,14670,3807.2,12769,3807.21,15410
1753769603482,06:13:23.482,mexc,ETH/USDT:USDT,3807.19,14289,3807.18,14670,3807.2,12768,3807.21,15410
1753769603640,06:13:23.640,mexc,ETH/USDT:USDT,3807.19,15067,3807.18,11294,3807.2,14307,3807.21,12062
1753769603897,06:13:23.897,mexc,ETH/USDT:USDT,3807.19,15067,3807.18,15240,3807.2,14307,3807.21,12062
1753769603920,06:13:23.920,mexc,ETH/USDT:USDT,3807.19,15067,3807.18,15240,3807.2,14307,3807.21,12062
1753769604298,06:13:24.298,mexc,ETH/USDT:USDT,3807.19,15067,3807.18,11294,3807.2,14307,3807.21,12062
1753769604429,06:13:24.429,mexc,ETH/USDT:USDT,3807.19,15059,3807.18,16628,3807.2,14307,3807.21,12062
1753769604707,06:13:24.707,mexc,ETH/USDT:USDT,3807.19,15059,3807.18,11294,3807.2,14307,3807.21,12062
1753769604734,06:13:24.734,mexc,ETH/USDT:USDT,3807.19,15059,3807.18,14745,3807.2,14307,3807.21,14358
1753769605114,06:13:25.114,mexc,ETH/USDT:USDT,3807.19,15059,3807.18,14745,3807.2,14307,3807.21,14358
1753769605278,06:13:25.278,mexc,ETH/USDT:USDT,3807.19,15043,3807.18,11294,3807.2,14255,3807.21,16474
1753769605522,06:13:25.522,mexc,ETH/USDT:USDT,3807.19,15043,3807.18,11294,3807.2,14255,3807.21,16474
1753769605676,06:13:25.676,mexc,ETH/USDT:USDT,3807.19,11424,3807.18,13670,3807.2,11911,3807.21,12508
1753769605935,06:13:25.935,mexc,ETH/USDT:USDT,3807.19,11424,3807.18,13670,3807.2,11911,3807.21,12508
1753769606026,06:13:26.026,mexc,ETH/USDT:USDT,3807.19,11424,3807.18,13670,3807.2,11911,3807.21,16977
1753769606337,06:13:26.337,mexc,ETH/USDT:USDT,3807.19,11424,3807.18,13670,3807.2,11911,3807.21,16977
1753769606364,06:13:26.364,mexc,ETH/USDT:USDT,3807.19,11424,3807.18,20216,3807.2,11911,3807.21,15188
1753769606745,06:13:26.745,mexc,ETH/USDT:USDT,3807.19,11424,3807.18,13670,3807.2,11911,3807.21,15188
1753769606771,06:13:26.771,mexc,ETH/USDT:USDT,3807.19,11424,3807.18,19424,3807.2,11911,3807.21,15042
1753769607152,06:13:27.152,mexc,ETH/USDT:USDT,3807.19,11424,3807.18,13670,3807.2,11911,3807.21,15042
1753769607178,06:13:27.178,mexc,ETH/USDT:USDT,3807.19,11424,3807.18,13670,3807.2,11911,3807.21,12508
1753769607560,06:13:27.560,mexc,ETH/USDT:USDT,3807.19,11024,3807.18,13670,3807.2,11911,3807.21,12508
1753769607703,06:13:27.703,mexc,ETH/USDT:USDT,3807.19,14227,3807.18,12238,3807.2,11929,3807.21,12451
1753769607973,06:13:27.973,mexc,ETH/USDT:USDT,3807.19,14215,3807.18,12238,3807.2,11815,3807.21,12451
1753769607998,06:13:27.998,mexc,ETH/USDT:USDT,3807.19,14215,3807.18,12238,3807.2,11815,3807.21,12451
1753769608376,06:13:28.376,mexc,ETH/USDT:USDT,3807.19,14215,3807.18,12238,3807.2,11815,3807.21,12451
1753769608403,06:13:28.403,mexc,ETH/USDT:USDT,3807.19,14215,3807.18,12238,3807.2,11815,3807.21,12451
1753769608785,06:13:28.785,mexc,ETH/USDT:USDT,3807.19,14215,3807.18,12238,3807.2,11815,3807.21,12451
1753769608810,06:13:28.810,mexc,ETH/USDT:USDT,3807.19,14215,3807.18,12238,3807.2,11815,3807.21,12451
1753769609193,06:13:29.193,mexc,ETH/USDT:USDT,3807.19,14215,3807.18,12238,3807.2,11815,3807.21,12451
1753769609238,06:13:29.238,mexc,ETH/USDT:USDT,3807.19,14215,3807.18,13507,3807.2,11815,3807.21,12451
1753769609599,06:13:29.599,mexc,ETH/USDT:USDT,3807.19,14215,3807.18,12238,3807.2,11815,3807.21,12451
1753769609642,06:13:29.642,mexc,ETH/USDT:USDT,3807.19,13111,3807.18,11556,3807.2,11335,3807.21,13320
1753769610016,06:13:30.016,mexc,ETH/USDT:USDT,3807.19,13111,3807.18,11556,3807.2,11334,3807.21,13320
1753769610148,06:13:30.148,mexc,ETH/USDT:USDT,3807.19,13111,3807.18,11556,3807.2,11334,3807.21,17102
1753769610419,06:13:30.419,mexc,ETH/USDT:USDT,3807.19,13064,3807.18,11556,3807.2,11132,3807.21,17102
1753769610614,06:13:30.614,mexc,ETH/USDT:USDT,3807.36,11758,3807.35,12660,3807.37,13040,3807.38,13805
1753769610834,06:13:30.834,mexc,ETH/USDT:USDT,3807.9,13567,3807.89,14371,3807.91,13414,3807.92,11484
1753769610988,06:13:30.988,mexc,ETH/USDT:USDT,3807.9,13567,3807.89,14371,3807.91,13414,3807.92,11484
1753769611241,06:13:31.241,mexc,ETH/USDT:USDT,3807.9,13567,3807.89,14371,3807.91,13414,3807.92,11484
1753769611254,06:13:31.254,mexc,ETH/USDT:USDT,3807.9,13567,3807.89,14371,3807.91,13414,3807.92,16019
1753769611648,06:13:31.648,mexc,ETH/USDT:USDT,3807.9,13567,3807.89,14371,3807.91,13414,3807.92,16019
1753769611661,06:13:31.661,mexc,ETH/USDT:USDT,3807.9,13567,3807.89,16227,3807.91,13414,3807.92,11484
1753769612055,06:13:32.055,mexc,ETH/USDT:USDT,3807.9,13567,3807.89,16227,3807.91,13414,3807.92,11484
1753769612069,06:13:32.069,mexc,ETH/USDT:USDT,3807.9,13567,3807.89,14371,3807.91,13414,3807.92,17024
1753769612464,06:13:32.464,mexc,ETH/USDT:USDT,3807.9,13567,3807.89,14371,3807.91,13414,3807.92,17024
1753769612643,06:13:32.643,mexc,ETH/USDT:USDT,3807.9,14127,3807.89,12670,3807.91,11559,3807.92,13541
1753769612876,06:13:32.876,mexc,ETH/USDT:USDT,3807.9,14127,3807.89,12670,3807.91,11550,3807.92,13541
1753769612959,06:13:32.959,mexc,ETH/USDT:USDT,3807.9,14126,3807.89,12670,3807.91,11550,3807.92,13541
1753769613284,06:13:33.284,mexc,ETH/USDT:USDT,3807.9,14126,3807.89,12670,3807.91,11550,3807.92,13541
1753769613293,06:13:33.293,mexc,ETH/USDT:USDT,3807.9,14126,3807.89,12670,3807.91,11550,3807.92,13541
1753769613688,06:13:33.688,mexc,ETH/USDT:USDT,3807.9,14126,3807.89,12670,3807.91,11475,3807.92,13541
1753769613700,06:13:33.700,mexc,ETH/USDT:USDT,3807.9,14126,3807.89,20440,3807.91,11475,3807.92,13541
1753769614112,06:13:34.112,mexc,ETH/USDT:USDT,3807.9,14126,3807.89,17517,3807.91,11475,3807.92,13541
1753769614118,06:13:34.118,mexc,ETH/USDT:USDT,3807.9,14126,3807.89,16100,3807.91,11475,3807.92,13541
1753769614524,06:13:34.524,mexc,ETH/USDT:USDT,3807.72,14839,3807.71,11178,3807.73,11464,3807.74,15767
1753769614567,06:13:34.567,mexc,ETH/USDT:USDT,3807.6,12735,3807.59,12537,3807.61,12256,3807.62,11228
1753769614932,06:13:34.932,mexc,ETH/USDT:USDT,3807.6,12735,3807.59,12537,3807.61,12256,3807.62,16201
1753769614935,06:13:34.935,mexc,ETH/USDT:USDT,3807.6,12735,3807.59,16354,3807.61,12256,3807.62,16201
1753769615336,06:13:35.336,mexc,ETH/USDT:USDT,3807.6,12727,3807.59,16354,3807.61,12256,3807.62,11228
1753769615462,06:13:35.462,mexc,ETH/USDT:USDT,3807.6,12726,3807.59,12537,3807.61,12243,3807.62,11228
1753769615747,06:13:35.747,mexc,ETH/USDT:USDT,3807.6,13510,3807.59,12661,3807.61,13837,3807.62,14729
1753769615747,06:13:35.747,mexc,ETH/USDT:USDT,3807.6,13510,3807.59,17491,3807.61,13837,3807.62,14729
1753769616150,06:13:36.150,mexc,ETH/USDT:USDT,3807.6,13510,3807.59,17491,3807.61,13837,3807.62,14729
1753769616154,06:13:36.154,mexc,ETH/USDT:USDT,3807.6,13510,3807.59,12661,3807.61,13837,3807.62,19565
1753769616555,06:13:36.555,mexc,ETH/USDT:USDT,3807.6,13510,3807.59,12661,3807.61,13834,3807.62,19565
1753769616643,06:13:36.643,mexc,ETH/USDT:USDT,3807.6,13510,3807.59,18591,3807.61,13834,3807.62,14729
1753769616964,06:13:36.964,mexc,ETH/USDT:USDT,3807.6,13510,3807.59,12661,3807.61,13703,3807.62,14729
1753769616968,06:13:36.968,mexc,ETH/USDT:USDT,3807.6,13510,3807.59,16123,3807.61,13703,3807.62,16944
1753769617371,06:13:37.371,mexc,ETH/USDT:USDT,3807.6,13337,3807.59,16123,3807.61,13703,3807.62,16944
1753769617376,06:13:37.376,mexc,ETH/USDT:USDT,3807.6,13337,3807.59,16059,3807.61,13703,3807.62,23604
1753769617783,06:13:37.783,mexc,ETH/USDT:USDT,3807.6,13690,3807.59,12688,3807.61,12530,3807.62,18803
1753769617783,06:13:37.783,mexc,ETH/USDT:USDT,3807.6,13690,3807.59,20836,3807.61,12530,3807.62,18803
1753769618187,06:13:38.187,mexc,ETH/USDT:USDT,3807.6,13690,3807.59,20836,3807.61,12530,3807.62,14182
1753769618191,06:13:38.191,mexc,ETH/USDT:USDT,3807.6,13690,3807.59,15142,3807.61,12530,3807.62,14182
1753769618594,06:13:38.594,mexc,ETH/USDT:USDT,3807.6,13690,3807.59,15142,3807.61,12530,3807.62,14182
1753769618625,06:13:38.625,mexc,ETH/USDT:USDT,3807.6,13690,3807.59,15756,3807.61,12521,3807.62,14182
1753769619005,06:13:39.005,mexc,ETH/USDT:USDT,3807.6,13690,3807.59,15756,3807.61,12521,3807.62,14182
1753769619008,06:13:39.008,mexc,ETH/USDT:USDT,3807.6,13690,3807.59,12688,3807.61,12521,3807.62,14182
1753769619410,06:13:39.410,mexc,ETH/USDT:USDT,3807.6,13690,3807.59,12688,3807.61,12521,3807.62,14182
1753769619433,06:13:39.433,mexc,ETH/USDT:USDT,3807.6,13672,3807.59,12688,3807.61,12521,3807.62,19812
1753769619822,06:13:39.822,mexc,ETH/USDT:USDT,3807.6,14601,3807.59,12043,3807.61,12633,3807.62,13970
1753769619926,06:13:39.926,mexc,ETH/USDT:USDT,3807.6,14601,3807.59,12043,3807.61,12633,3807.62,13970
1753769620225,06:13:40.225,mexc,ETH/USDT:USDT,3807.6,14601,3807.59,12043,3807.61,12633,3807.62,13970
1753769620234,06:13:40.234,mexc,ETH/USDT:USDT,3807.6,14601,3807.59,16212,3807.61,12633,3807.62,18050
1753769620632,06:13:40.632,mexc,ETH/USDT:USDT,3807.6,14601,3807.59,16212,3807.61,12633,3807.62,13970
1753769620794,06:13:40.794,mexc,ETH/USDT:USDT,3807.6,14601,3807.59,12043,3807.61,12625,3807.62,13970
1753769621039,06:13:41.039,mexc,ETH/USDT:USDT,3807.6,14601,3807.59,12043,3807.61,12625,3807.62,13970
1753769621235,06:13:41.235,mexc,ETH/USDT:USDT,3807.6,14601,3807.59,14518,3807.61,12625,3807.62,17975
1753769621239,06:13:41.239,mexc,ETH/USDT:USDT,3807.6,14601,3807.59,14518,3807.61,12625,3807.62,17975
1753769621643,06:13:41.643,mexc,ETH/USDT:USDT,3807.6,28426,3807.59,12043,3807.61,14558,3807.62,14037
1753769621647,06:13:41.647,mexc,ETH/USDT:USDT,3807.6,13825,3807.59,14033,3807.61,14558,3807.62,14037
1753769621860,06:13:41.860,mexc,ETH/USDT:USDT,3807.6,13825,3807.59,14033,3807.61,14558,3807.62,14037
1753769622261,06:13:42.261,mexc,ETH/USDT:USDT,3807.6,13728,3807.59,14033,3807.61,14558,3807.62,14037
1753769622267,06:13:42.267,mexc,ETH/USDT:USDT,3807.6,13728,3807.59,24996,3807.61,14558,3807.62,20736
1753769622483,06:13:42.483,mexc,ETH/USDT:USDT,3807.6,13682,3807.59,24996,3807.61,14558,3807.62,20736
1753769622841,06:13:42.841,mexc,ETH/USDT:USDT,3807.6,13682,3807.59,14033,3807.61,14558,3807.62,16703
1753769623075,06:13:43.075,mexc,ETH/USDT:USDT,3807.6,13682,3807.59,14033,3807.61,14558,3807.62,14037
1753769623256,06:13:43.256,mexc,ETH/USDT:USDT,3807.6,13682,3807.59,19296,3807.61,14539,3807.62,17676
1753769623484,06:13:43.484,mexc,ETH/USDT:USDT,3807.6,13682,3807.59,19296,3807.61,14538,3807.62,14037
1753769623646,06:13:43.646,mexc,ETH/USDT:USDT,3807.6,11598,3807.59,11788,3807.61,13394,3807.62,11959
1753769623895,06:13:43.895,mexc,ETH/USDT:USDT,3807.6,11598,3807.59,11788,3807.61,13165,3807.62,11959
1753769623897,06:13:43.897,mexc,ETH/USDT:USDT,3807.6,11598,3807.59,16449,3807.61,13165,3807.62,17535
1753769624299,06:13:44.299,mexc,ETH/USDT:USDT,3807.6,11598,3807.59,16449,3807.61,13165,3807.62,17535
1753769624312,06:13:44.312,mexc,ETH/USDT:USDT,3807.6,11598,3807.59,15878,3807.61,13165,3807.62,11959
1753769624706,06:13:44.706,mexc,ETH/USDT:USDT,3807.6,11598,3807.59,15878,3807.61,13165,3807.62,11959
1753769624725,06:13:44.725,mexc,ETH/USDT:USDT,3807.6,11598,3807.59,11788,3807.61,13165,3807.62,11959
1753769625115,06:13:45.115,mexc,ETH/USDT:USDT,3807.6,11484,3807.59,11788,3807.61,13084,3807.62,11959
1753769625131,06:13:45.131,mexc,ETH/USDT:USDT,3807.6,11484,3807.59,13634,3807.61,13084,3807.62,11959
1753769625521,06:13:45.521,mexc,ETH/USDT:USDT,3807.6,11484,3807.59,13634,3807.61,13084,3807.62,11959
1753769625651,06:13:45.651,mexc,ETH/USDT:USDT,3807.6,11786,3807.59,12474,3807.61,11660,3807.62,14290
1753769625932,06:13:45.932,mexc,ETH/USDT:USDT,3807.6,11786,3807.59,12474,3807.61,11660,3807.62,14290
1753769626037,06:13:46.037,mexc,ETH/USDT:USDT,3807.6,11786,3807.59,12474,3807.61,11614,3807.62,14290
1753769626336,06:13:46.336,mexc,ETH/USDT:USDT,3807.6,11786,3807.59,12474,3807.61,11614,3807.62,14290
1753769626354,06:13:46.354,mexc,ETH/USDT:USDT,3807.6,11786,3807.59,12474,3807.61,11614,3807.62,14290
1753769626743,06:13:46.743,mexc,ETH/USDT:USDT,3807.6,11785,3807.59,12474,3807.61,11614,3807.62,14290
1753769626810,06:13:46.810,mexc,ETH/USDT:USDT,3807.6,11784,3807.59,12474,3807.61,11614,3807.62,20916
1753769627151,06:13:47.151,mexc,ETH/USDT:USDT,3807.6,11784,3807.59,12474,3807.61,11614,3807.62,20916
1753769627240,06:13:47.240,mexc,ETH/USDT:USDT,3807.6,11784,3807.59,17661,3807.61,11601,3807.62,14290
1753769627557,06:13:47.557,mexc,ETH/USDT:USDT,3807.6,11784,3807.59,17661,3807.61,11583,3807.62,14290
1753769627645,06:13:47.645,mexc,ETH/USDT:USDT,3807.6,12811,3807.59,13320,3807.61,13248,3807.62,14353
1753769627972,06:13:47.972,mexc,ETH/USDT:USDT,3807.6,12811,3807.59,13320,3807.61,13248,3807.62,17833
1753769627983,06:13:47.983,mexc,ETH/USDT:USDT,3807.6,12811,3807.59,13320,3807.61,13248,3807.62,22350
1753769628378,06:13:48.378,mexc,ETH/USDT:USDT,3807.6,12811,3807.59,13320,3807.61,13237,3807.62,14353
1753769628488,06:13:48.488,mexc,ETH/USDT:USDT,3807.6,12811,3807.59,13320,3807.61,13237,3807.62,14353
1753769628778,06:13:48.778,mexc,ETH/USDT:USDT,3807.6,12811,3807.59,13320,3807.61,13237,3807.62,14353
1753769628839,06:13:48.839,mexc,ETH/USDT:USDT,3807.6,12811,3807.59,14988,3807.61,13237,3807.62,15940
1753769629188,06:13:49.188,mexc,ETH/USDT:USDT,3807.6,12811,3807.59,14988,3807.61,13237,3807.62,14353
1753769629319,06:13:49.319,mexc,ETH/USDT:USDT,3807.6,12813,3807.59,13320,3807.61,13237,3807.62,19739
1753769629598,06:13:49.598,mexc,ETH/USDT:USDT,3807.6,12813,3807.59,13320,3807.61,13237,3807.62,19739
1753769629732,06:13:49.732,mexc,ETH/USDT:USDT,3807.6,13915,3807.59,12533,3807.61,14565,3807.62,13147
1753769630012,06:13:50.012,mexc,ETH/USDT:USDT,3807.6,13915,3807.59,12533,3807.61,14565,3807.62,18381
1753769630020,06:13:50.020,mexc,ETH/USDT:USDT,3807.6,13915,3807.59,12533,3807.61,14565,3807.62,18381
1753769630416,06:13:50.416,mexc,ETH/USDT:USDT,3807.6,13915,3807.59,12533,3807.61,14565,3807.62,13147
1753769630428,06:13:50.428,mexc,ETH/USDT:USDT,3807.6,13915,3807.59,12533,3807.61,14565,3807.62,13147
1753769630823,06:13:50.823,mexc,ETH/USDT:USDT,3807.6,13915,3807.59,12533,3807.61,14565,3807.62,13147
1753769630844,06:13:50.844,mexc,ETH/USDT:USDT,3807.6,13915,3807.59,12533,3807.61,14565,3807.62,13147
1753769631230,06:13:51.230,mexc,ETH/USDT:USDT,3807.6,13915,3807.59,12533,3807.61,14565,3807.62,13147
1753769631411,06:13:51.411,mexc,ETH/USDT:USDT,3807.6,13915,3807.59,17453,3807.61,14553,3807.62,13147
1753769631641,06:13:51.641,mexc,ETH/USDT:USDT,3807.6,13915,3807.59,17453,3807.61,28196,3807.62,13147
1753769631659,06:13:51.659,mexc,ETH/USDT:USDT,3807.6,14263,3807.59,19785,3807.61,13643,3807.62,11271
1753769631840,06:13:51.840,mexc,ETH/USDT:USDT,3807.6,14263,3807.59,19785,3807.61,13643,3807.62,11271
1753769632246,06:13:52.246,mexc,ETH/USDT:USDT,3807.6,14263,3807.59,24076,3807.61,13643,3807.62,11271
1753769632330,06:13:52.330,mexc,ETH/USDT:USDT,3807.6,14263,3807.59,24076,3807.61,13643,3807.62,16265
1753769632655,06:13:52.655,mexc,ETH/USDT:USDT,3807.6,14263,3807.59,13440,3807.61,13643,3807.62,11271
1753769632657,06:13:52.657,mexc,ETH/USDT:USDT,3807.6,14263,3807.59,13440,3807.61,13643,3807.62,13619
1753769633059,06:13:53.059,mexc,ETH/USDT:USDT,3807.6,14263,3807.59,16969,3807.61,13643,3807.62,11271
1753769633063,06:13:53.063,mexc,ETH/USDT:USDT,3807.6,14263,3807.59,16969,3807.61,13643,3807.62,11271
1753769633468,06:13:53.468,mexc,ETH/USDT:USDT,3807.6,14263,3807.59,13440,3807.61,13643,3807.62,11271
1753769633665,06:13:53.665,mexc,ETH/USDT:USDT,3807.6,14420,3807.59,14093,3807.61,13663,3807.62,13851
1753769633880,06:13:53.880,mexc,ETH/USDT:USDT,3807.6,14420,3807.59,20432,3807.61,13663,3807.62,17193
1753769634038,06:13:54.038,mexc,ETH/USDT:USDT,3807.6,14420,3807.59,20432,3807.61,13510,3807.62,17193
1753769634287,06:13:54.287,mexc,ETH/USDT:USDT,3807.6,14420,3807.59,14093,3807.61,13510,3807.62,13851
1753769634487,06:13:54.487,mexc,ETH/USDT:USDT,3807.6,14420,3807.59,14093,3807.61,13510,3807.62,22599
1753769634690,06:13:54.690,mexc,ETH/USDT:USDT,3807.6,14420,3807.59,14093,3807.61,13510,3807.62,19235
1753769634793,06:13:54.793,mexc,ETH/USDT:USDT,3807.6,14420,3807.59,14093,3807.61,13484,3807.62,13851
1753769635008,06:13:55.008,mexc,ETH/USDT:USDT,3807.6,14420,3807.59,19144,3807.61,13484,3807.62,13851
1753769635125,06:13:55.125,mexc,ETH/USDT:USDT,3807.6,14420,3807.59,19144,3807.61,13484,3807.62,13851
1753769635388,06:13:55.388,mexc,ETH/USDT:USDT,3807.6,14405,3807.59,14093,3807.61,13484,3807.62,13851
1753769635648,06:13:55.648,mexc,ETH/USDT:USDT,3807.6,11203,3807.59,11894,3807.61,12374,3807.62,14715
1753769635736,06:13:55.736,mexc,ETH/USDT:USDT,3807.6,11203,3807.59,11894,3807.61,12374,3807.62,14715
1753769636092,06:13:56.092,mexc,ETH/USDT:USDT,3807.87,11570,3807.86,15091,3807.88,13911,3807.89,13312
1753769636340,06:13:56.340,mexc,ETH/USDT:USDT,3808.19,14183,3808.18,14110,3808.2,11344,3808.21,13731
1753769636481,06:13:56.481,mexc,ETH/USDT:USDT,3808.33,14063,3808.32,12265,3808.34,12662,3808.35,13849
1753769636551,06:13:56.551,mexc,ETH/USDT:USDT,3808.33,14063,3808.32,12265,3808.34,12662,3808.35,20793
1753769636954,06:13:56.954,mexc,ETH/USDT:USDT,3808.33,14063,3808.32,12265,3808.34,12662,3808.35,13849
1753769636958,06:13:56.958,mexc,ETH/USDT:USDT,3808.33,14063,3808.32,12265,3808.34,12662,3808.35,13849
1753769637357,06:13:57.357,mexc,ETH/USDT:USDT,3808.33,14063,3808.32,12265,3808.34,12662,3808.35,13849
1753769637477,06:13:57.477,mexc,ETH/USDT:USDT,3808.33,14033,3808.32,12265,3808.34,12662,3808.35,13849
1753769637768,06:13:57.768,mexc,ETH/USDT:USDT,3808.33,14490,3808.32,14964,3808.34,12600,3808.35,14330
1753769637771,06:13:57.771,mexc,ETH/USDT:USDT,3808.33,14490,3808.32,17927,3808.34,12600,3808.35,14330
1753769638171,06:13:58.171,mexc,ETH/USDT:USDT,3808.33,14490,3808.32,17927,3808.34,12600,3808.35,14330
1753769638330,06:13:58.330,mexc,ETH/USDT:USDT,3808.33,14490,3808.32,21941,3808.34,12555,3808.35,20946
1753769638580,06:13:58.580,mexc,ETH/USDT:USDT,3808.33,14490,3808.32,21941,3808.34,12555,3808.35,14330
1753769638586,06:13:58.586,mexc,ETH/USDT:USDT,3808.33,14490,3808.32,23516,3808.34,12555,3808.35,14330
1753769638988,06:13:58.988,mexc,ETH/USDT:USDT,3808.33,14490,3808.32,23516,3808.34,12555,3808.35,14330
1753769638993,06:13:58.993,mexc,ETH/USDT:USDT,3808.33,14490,3808.32,14964,3808.34,12555,3808.35,14330
1753769639394,06:13:59.394,mexc,ETH/USDT:USDT,3808.33,14490,3808.32,14964,3808.34,12555,3808.35,14330
1753769639482,06:13:59.482,mexc,ETH/USDT:USDT,3808.33,14482,3808.32,14964,3808.34,12555,3808.35,18181
1753769639807,06:13:59.807,mexc,ETH/USDT:USDT,3808.33,14204,3808.32,14080,3808.34,14325,3808.35,11908
1753769639809,06:13:59.809,mexc,ETH/USDT:USDT,3808.33,14204,3808.32,19706,3808.34,14325,3808.35,11908
1753769640209,06:14:00.209,mexc,ETH/USDT:USDT,3808.33,14204,3808.32,19706,3808.34,14275,3808.35,11908
1753769640215,06:14:00.215,mexc,ETH/USDT:USDT,3808.33,14204,3808.32,16206,3808.34,14275,3808.35,15998
1753769640614,06:14:00.614,mexc,ETH/USDT:USDT,3808.33,14204,3808.32,16206,3808.34,14275,3808.35,11908
1753769640741,06:14:00.741,mexc,ETH/USDT:USDT,3808.33,14204,3808.32,19673,3808.34,14230,3808.35,11908
1753769641023,06:14:01.023,mexc,ETH/USDT:USDT,3808.33,14204,3808.32,19673,3808.34,14230,3808.35,11908
1753769641030,06:14:01.030,mexc,ETH/USDT:USDT,3808.33,14204,3808.32,14080,3808.34,14230,3808.35,17236
1753769641431,06:14:01.431,mexc,ETH/USDT:USDT,3808.33,14204,3808.32,14080,3808.34,14230,3808.35,14063
1753769641491,06:14:01.491,mexc,ETH/USDT:USDT,3808.33,14204,3808.32,14080,3808.34,14230,3808.35,11908
1753769641834,06:14:01.834,mexc,ETH/USDT:USDT,3808.33,11678,3808.32,13964,3808.34,12409,3808.35,13540
1753769641847,06:14:01.847,mexc,ETH/USDT:USDT,3808.33,11678,3808.32,19446,3808.34,12409,3808.35,19986
1753769642246,06:14:02.246,mexc,ETH/USDT:USDT,3808.33,11678,3808.32,19446,3808.34,12409,3808.35,13540
1753769642381,06:14:02.381,mexc,ETH/USDT:USDT,3808.33,11678,3808.32,13964,3808.34,12409,3808.35,13540
1753769642654,06:14:02.654,mexc,ETH/USDT:USDT,3808.33,11678,3808.32,13964,3808.34,12409,3808.35,13540
1753769642659,06:14:02.659,mexc,ETH/USDT:USDT,3808.33,11678,3808.32,16743,3808.34,12409,3808.35,18276
1753769643061,06:14:03.061,mexc,ETH/USDT:USDT,3808.33,11678,3808.32,16743,3808.34,12409,3808.35,18276
1753769643065,06:14:03.065,mexc,ETH/USDT:USDT,3808.33,11678,3808.32,17929,3808.34,12409,3808.35,13540
1753769643468,06:14:03.468,mexc,ETH/USDT:USDT,3808.33,11678,3808.32,16271,3808.34,12409,3808.35,13540
1753769643667,06:14:03.667,mexc,ETH/USDT:USDT,3808.33,14563,3808.32,13586,3808.34,12170,3808.35,13737
1753769643879,06:14:03.879,mexc,ETH/USDT:USDT,3808.33,14563,3808.32,13586,3808.34,12170,3808.35,13737
1753769643896,06:14:03.896,mexc,ETH/USDT:USDT,3808.33,14563,3808.32,19029,3808.34,12170,3808.35,13737
1753769644286,06:14:04.286,mexc,ETH/USDT:USDT,3808.33,14563,3808.32,19029,3808.34,12170,3808.35,13737
1753769644333,06:14:04.333,mexc,ETH/USDT:USDT,3808.33,14563,3808.32,13586,3808.34,12170,3808.35,13737
1753769644692,06:14:04.692,mexc,ETH/USDT:USDT,3808.33,14563,3808.32,13586,3808.34,12170,3808.35,13737
1753769644711,06:14:04.711,mexc,ETH/USDT:USDT,3808.33,14563,3808.32,13586,3808.34,12170,3808.35,13737
1753769645098,06:14:05.098,mexc,ETH/USDT:USDT,3808.33,14563,3808.32,13586,3808.34,12144,3808.35,13737
1753769645119,06:14:05.119,mexc,ETH/USDT:USDT,3808.33,14563,3808.32,13586,3808.34,12144,3808.35,19714
1753769645507,06:14:05.507,mexc,ETH/USDT:USDT,3808.33,14563,3808.32,13586,3808.34,12144,3808.35,19714
1753769645650,06:14:05.650,mexc,ETH/USDT:USDT,3808.33,15087,3808.32,13942,3808.34,12396,3808.35,11675
1753769645915,06:14:05.915,mexc,ETH/USDT:USDT,3808.33,15087,3808.32,13942,3808.34,12396,3808.35,13320
1753769645933,06:14:05.933,mexc,ETH/USDT:USDT,3808.33,15087,3808.32,18767,3808.34,12396,3808.35,13320
1753769646321,06:14:06.321,mexc,ETH/USDT:USDT,3808.33,15087,3808.32,18767,3808.34,12396,3808.35,11675
1753769646341,06:14:06.341,mexc,ETH/USDT:USDT,3808.33,15087,3808.32,13942,3808.34,12396,3808.35,16901
1753769646728,06:14:06.728,mexc,ETH/USDT:USDT,3808.33,15087,3808.32,13942,3808.34,12396,3808.35,11675
1753769646748,06:14:06.748,mexc,ETH/USDT:USDT,3808.33,15087,3808.32,13942,3808.34,12396,3808.35,11675
1753769647136,06:14:07.136,mexc,ETH/USDT:USDT,3808.33,15087,3808.32,13942,3808.34,12389,3808.35,11675
1753769647214,06:14:07.214,mexc,ETH/USDT:USDT,3808.33,15087,3808.32,13942,3808.34,12385,3808.35,11675
1753769647543,06:14:07.543,mexc,ETH/USDT:USDT,3808.33,15087,3808.32,13942,3808.34,12385,3808.35,11675
1753769647653,06:14:07.653,mexc,ETH/USDT:USDT,3808.33,11558,3808.32,12326,3808.34,14700,3808.35,12570
1753769647957,06:14:07.957,mexc,ETH/USDT:USDT,3808.33,11558,3808.32,12326,3808.34,14630,3808.35,12570
1753769647977,06:14:07.977,mexc,ETH/USDT:USDT,3808.33,11558,3808.32,14058,3808.34,14630,3808.35,12570
1753769648362,06:14:08.362,mexc,ETH/USDT:USDT,3808.33,11558,3808.32,14058,3808.34,14630,3808.35,12570
1753769648377,06:14:08.377,mexc,ETH/USDT:USDT,3808.33,11558,3808.32,12326,3808.34,14630,3808.35,12570
1753769648765,06:14:08.765,mexc,ETH/USDT:USDT,3808.33,11558,3808.32,12326,3808.34,11207,3808.35,12570
1753769648785,06:14:08.785,mexc,ETH/USDT:USDT,3808.33,11558,3808.32,13582,3808.34,11207,3808.35,16593
1753769649175,06:14:09.175,mexc,ETH/USDT:USDT,3808.33,11558,3808.32,13582,3808.34,11207,3808.35,16593
1753769649191,06:14:09.191,mexc,ETH/USDT:USDT,3808.33,11558,3808.32,12326,3808.34,11207,3808.35,12570
1753769649580,06:14:09.580,mexc,ETH/USDT:USDT,3808.33,11558,3808.32,12326,3808.34,11207,3808.35,12570
1753769649718,06:14:09.718,mexc,ETH/USDT:USDT,3808.33,14834,3808.32,12680,3808.34,13582,3808.35,11265
1753769649991,06:14:09.991,mexc,ETH/USDT:USDT,3808.33,14826,3808.32,12680,3808.34,13582,3808.35,11265
1753769650110,06:14:10.110,mexc,ETH/USDT:USDT,3808.33,14695,3808.32,12680,3808.34,13582,3808.35,16655
1753769650394,06:14:10.394,mexc,ETH/USDT:USDT,3808.33,14695,3808.32,12680,3808.34,13193,3808.35,16655
1753769650431,06:14:10.431,mexc,ETH/USDT:USDT,3808.33,14695,3808.32,12680,3808.34,13193,3808.35,11265
1753769650802,06:14:10.802,mexc,ETH/USDT:USDT,3808.33,14695,3808.32,12680,3808.34,13193,3808.35,11265
1753769650820,06:14:10.820,mexc,ETH/USDT:USDT,3808.33,14695,3808.32,12680,3808.34,13193,3808.35,14754
1753769651210,06:14:11.210,mexc,ETH/USDT:USDT,3808.33,14695,3808.32,12680,3808.34,13193,3808.35,14754
1753769651228,06:14:11.228,mexc,ETH/USDT:USDT,3808.33,14695,3808.32,12680,3808.34,13193,3808.35,11265
1753769651617,06:14:11.617,mexc,ETH/USDT:USDT,3808.33,14044,3808.32,12680,3808.34,13193,3808.35,11265
1753769651653,06:14:11.653,mexc,ETH/USDT:USDT,3808.33,12268,3808.32,15071,3808.34,12047,3808.35,11185
1753769652030,06:14:12.030,mexc,ETH/USDT:USDT,3808.33,12268,3808.32,15071,3808.34,12047,3808.35,12336
1753769652042,06:14:12.042,mexc,ETH/USDT:USDT,3808.33,12268,3808.32,28988,3808.34,12047,3808.35,12336
1753769652435,06:14:12.435,mexc,ETH/USDT:USDT,3808.33,12268,3808.32,28988,3808.34,12047,3808.35,11185
1753769652450,06:14:12.450,mexc,ETH/USDT:USDT,3808.33,12268,3808.32,15071,3808.34,12047,3808.35,14060
1753769652845,06:14:12.845,mexc,ETH/USDT:USDT,3808.33,12263,3808.32,15071,3808.34,12047,3808.35,11185
1753769652884,06:14:12.884,mexc,ETH/USDT:USDT,3808.33,12263,3808.32,15071,3808.34,12047,3808.35,11185
1753769653248,06:14:13.248,mexc,ETH/USDT:USDT,3808.33,12263,3808.32,15071,3808.34,12047,3808.35,11185
1753769653265,06:14:13.265,mexc,ETH/USDT:USDT,3808.33,12263,3808.32,22058,3808.34,12047,3808.35,13632
1753769653650,06:14:13.650,mexc,ETH/USDT:USDT,3808.33,25387,3808.32,22058,3808.34,14723,3808.35,15024
1753769653849,06:14:13.849,mexc,ETH/USDT:USDT,3808.33,13183,3808.32,14934,3808.34,14723,3808.35,15024
1753769653854,06:14:13.854,mexc,ETH/USDT:USDT,3808.33,13183,3808.32,14934,3808.34,14723,3808.35,15024
1753769654086,06:14:14.086,mexc,ETH/USDT:USDT,3808.33,13183,3808.32,18209,3808.34,14723,3808.35,15024
1753769654471,06:14:14.471,mexc,ETH/USDT:USDT,3808.33,13183,3808.32,18209,3808.34,14723,3808.35,15024
1753769654493,06:14:14.493,mexc,ETH/USDT:USDT,3808.33,13183,3808.32,17580,3808.34,14723,3808.35,23583
1753769654878,06:14:14.878,mexc,ETH/USDT:USDT,3808.33,13179,3808.32,17580,3808.34,14723,3808.35,19696
1753769654899,06:14:14.899,mexc,ETH/USDT:USDT,3808.33,13179,3808.32,22930,3808.34,14723,3808.35,15024
1753769655288,06:14:15.288,mexc,ETH/USDT:USDT,3808.33,13179,3808.32,22930,3808.34,14722,3808.35,15024
1753769655388,06:14:15.388,mexc,ETH/USDT:USDT,3808.33,13149,3808.32,16492,3808.34,14722,3808.35,21191
1753769655697,06:14:15.697,mexc,ETH/USDT:USDT,3808.33,12737,3808.32,12753,3808.34,13396,3808.35,14931
1753769655716,06:14:15.716,mexc,ETH/USDT:USDT,3808.33,12737,3808.32,12753,3808.34,13396,3808.35,14931
1753769656101,06:14:16.101,mexc,ETH/USDT:USDT,3808.33,12737,3808.32,12753,3808.34,13396,3808.35,14931
1753769656125,06:14:16.125,mexc,ETH/USDT:USDT,3808.33,12737,3808.32,12753,3808.34,13396,3808.35,18692
1753769656507,06:14:16.507,mexc,ETH/USDT:USDT,3808.33,12737,3808.32,12753,3808.34,13331,3808.35,18692
1753769656557,06:14:16.557,mexc,ETH/USDT:USDT,3808.33,12737,3808.32,15108,3808.34,13329,3808.35,19751
1753769656916,06:14:16.916,mexc,ETH/USDT:USDT,3808.33,12737,3808.32,15108,3808.34,13329,3808.35,19751
