timestamp,time,exchange,symbol,bid1_price,bid1_volume,bid2_price,bid2_volume,ask1_price,ask1_volume,ask2_price,ask2_volume
1753769540627,06:12:20.627,hashkey,BTC/USDT:USDT,118779.6,772.0,118775.1,1.0,118779.7,1.0,118780.0,1.0
1753769541128,06:12:21.128,hashkey,BTC/USDT:USDT,118779.6,772.0,118775.1,1.0,118779.7,1.0,118780.0,1.0
1753769541379,06:12:21.379,hashkey,BTC/USDT:USDT,118779.6,772.0,118775.1,1.0,118779.7,1.0,118780.0,1.0
1753769541630,06:12:21.630,hashkey,BTC/USDT:USDT,118779.6,772.0,118775.1,1.0,118779.7,1.0,118780.0,1.0
1753769541881,06:12:21.881,hashkey,BTC/USDT:USDT,118779.6,772.0,118775.1,1.0,118779.7,1.0,118780.0,1.0
1753769542131,06:12:22.131,hashkey,BTC/USDT:USDT,118779.6,772.0,118775.1,1.0,118779.7,1.0,118780.0,1.0
1753769542633,06:12:22.633,hashkey,BTC/USDT:USDT,118779.6,762.0,118775.1,1.0,118779.7,4.0,118780.0,1.0
1753769542884,06:12:22.884,hashkey,BTC/USDT:USDT,118779.6,762.0,118775.1,1.0,118779.7,4.0,118780.0,1.0
1753769543135,06:12:23.135,hashkey,BTC/USDT:USDT,118779.6,762.0,118775.1,1.0,118779.7,4.0,118780.0,1.0
1753769543385,06:12:23.385,hashkey,BTC/USDT:USDT,118779.6,762.0,118775.1,1.0,118779.7,4.0,118780.0,1.0
1753769543636,06:12:23.636,hashkey,BTC/USDT:USDT,118779.6,762.0,118775.1,1.0,118779.7,4.0,118780.0,1.0
1753769544138,06:12:24.138,hashkey,BTC/USDT:USDT,118779.6,762.0,118775.1,1.0,118779.7,4.0,118780.0,1.0
1753769544389,06:12:24.389,hashkey,BTC/USDT:USDT,118779.6,762.0,118775.1,1.0,118779.7,4.0,118780.0,1.0
1753769544640,06:12:24.640,hashkey,BTC/USDT:USDT,118779.6,762.0,118775.1,1.0,118779.7,4.0,118780.0,1.0
1753769544890,06:12:24.890,hashkey,BTC/USDT:USDT,118779.6,762.0,118775.1,1.0,118779.7,4.0,118780.0,1.0
1753769545141,06:12:25.141,hashkey,BTC/USDT:USDT,118779.6,762.0,118775.1,1.0,118779.7,4.0,118780.0,1.0
1753769545643,06:12:25.643,hashkey,BTC/USDT:USDT,118779.6,762.0,118775.1,1.0,118779.7,4.0,118780.0,1.0
1753769545894,06:12:25.894,hashkey,BTC/USDT:USDT,118779.6,762.0,118775.1,1.0,118779.7,4.0,118780.0,1.0
1753769546144,06:12:26.144,hashkey,BTC/USDT:USDT,118779.6,762.0,118775.1,1.0,118779.7,4.0,118780.0,1.0
1753769546395,06:12:26.395,hashkey,BTC/USDT:USDT,118779.6,762.0,118775.1,1.0,118779.7,4.0,118780.0,1.0
1753769546646,06:12:26.646,hashkey,BTC/USDT:USDT,118779.6,762.0,118775.1,1.0,118779.7,4.0,118780.0,1.0
1753769547148,06:12:27.148,hashkey,BTC/USDT:USDT,118779.6,762.0,118775.1,1.0,118779.7,4.0,118780.0,1.0
1753769547398,06:12:27.398,hashkey,BTC/USDT:USDT,118779.6,762.0,118775.1,1.0,118779.7,4.0,118780.0,1.0
1753769547649,06:12:27.649,hashkey,BTC/USDT:USDT,118779.6,762.0,118775.1,1.0,118779.7,4.0,118780.0,1.0
1753769547900,06:12:27.900,hashkey,BTC/USDT:USDT,118779.6,762.0,118775.1,1.0,118779.7,4.0,118780.0,1.0
1753769548151,06:12:28.151,hashkey,BTC/USDT:USDT,118779.6,762.0,118775.1,1.0,118779.7,4.0,118780.0,1.0
1753769548652,06:12:28.652,hashkey,BTC/USDT:USDT,118779.6,762.0,118775.1,1.0,118779.7,4.0,118780.0,1.0
1753769549154,06:12:29.154,hashkey,BTC/USDT:USDT,118779.6,762.0,118775.1,1.0,118779.7,4.0,118780.0,1.0
1753769549404,06:12:29.404,hashkey,BTC/USDT:USDT,118779.6,762.0,118765.3,1.0,118779.7,36.0,118779.8,1.0
1753769549655,06:12:29.655,hashkey,BTC/USDT:USDT,118779.6,762.0,118765.3,1.0,118779.7,46.0,118779.8,1.0
1753769550157,06:12:30.157,hashkey,BTC/USDT:USDT,118779.6,762.0,118765.3,1.0,118779.7,46.0,118779.8,1.0
1753769550658,06:12:30.658,hashkey,BTC/USDT:USDT,118779.6,762.0,118765.3,1.0,118779.7,46.0,118779.8,1.0
1753769550909,06:12:30.909,hashkey,BTC/USDT:USDT,118779.6,762.0,118765.3,1.0,118779.7,46.0,118779.8,1.0
1753769551160,06:12:31.160,hashkey,BTC/USDT:USDT,118779.6,762.0,118765.3,1.0,118779.7,46.0,118779.8,1.0
1753769551411,06:12:31.411,hashkey,BTC/USDT:USDT,118779.6,762.0,118765.3,1.0,118779.7,36.0,118779.8,1.0
1753769551912,06:12:31.912,hashkey,BTC/USDT:USDT,118779.6,762.0,118765.3,1.0,118779.7,4.0,118779.8,1.0
1753769552163,06:12:32.163,hashkey,BTC/USDT:USDT,118779.6,762.0,118765.3,1.0,118779.7,1.0,118779.8,1.0
1753769552414,06:12:32.414,hashkey,BTC/USDT:USDT,118779.6,762.0,118765.3,1.0,118779.7,1.0,118779.8,1.0
1753769552665,06:12:32.665,hashkey,BTC/USDT:USDT,118779.6,762.0,118765.3,1.0,118779.7,1.0,118779.8,1.0
1753769552915,06:12:32.915,hashkey,BTC/USDT:USDT,118779.6,762.0,118765.3,1.0,118779.7,1.0,118779.8,1.0
1753769553417,06:12:33.417,hashkey,BTC/USDT:USDT,118779.6,762.0,118765.3,1.0,118779.7,1.0,118779.8,1.0
1753769553668,06:12:33.668,hashkey,BTC/USDT:USDT,118779.6,762.0,118765.3,1.0,118779.7,1.0,118779.8,1.0
1753769553919,06:12:33.919,hashkey,BTC/USDT:USDT,118779.6,762.0,118765.3,1.0,118779.7,1.0,118779.8,1.0
1753769554170,06:12:34.170,hashkey,BTC/USDT:USDT,118779.6,762.0,118765.3,1.0,118779.7,1.0,118779.8,1.0
1753769554421,06:12:34.421,hashkey,BTC/USDT:USDT,118779.6,762.0,118765.3,1.0,118779.7,1.0,118779.8,1.0
1753769554922,06:12:34.922,hashkey,BTC/USDT:USDT,118779.6,762.0,118765.3,1.0,118779.7,1.0,118779.8,1.0
1753769555173,06:12:35.173,hashkey,BTC/USDT:USDT,118779.6,762.0,118765.3,1.0,118779.7,1.0,118779.8,1.0
1753769555424,06:12:35.424,hashkey,BTC/USDT:USDT,118779.6,762.0,118765.3,1.0,118779.7,1.0,118779.8,1.0
1753769555675,06:12:35.675,hashkey,BTC/USDT:USDT,118779.6,762.0,118765.3,1.0,118779.7,1.0,118779.8,1.0
1753769555925,06:12:35.925,hashkey,BTC/USDT:USDT,118779.6,762.0,118765.3,1.0,118779.7,1.0,118779.8,1.0
1753769556427,06:12:36.427,hashkey,BTC/USDT:USDT,118779.6,762.0,118765.3,1.0,118779.7,1.0,118779.8,1.0
1753769556678,06:12:36.678,hashkey,BTC/USDT:USDT,118779.6,762.0,118765.3,1.0,118779.7,1.0,118779.8,1.0
1753769556929,06:12:36.929,hashkey,BTC/USDT:USDT,118779.6,762.0,118765.3,1.0,118779.7,1.0,118779.8,1.0
1753769557180,06:12:37.180,hashkey,BTC/USDT:USDT,118779.6,762.0,118765.3,1.0,118779.7,1.0,118779.8,1.0
1753769557431,06:12:37.431,hashkey,BTC/USDT:USDT,118779.6,762.0,118765.3,1.0,118779.7,1.0,118779.8,1.0
1753769557933,06:12:37.933,hashkey,BTC/USDT:USDT,118779.6,762.0,118765.3,1.0,118779.7,1.0,118779.8,1.0
1753769558434,06:12:38.434,hashkey,BTC/USDT:USDT,118779.6,762.0,118765.3,1.0,118779.7,1.0,118779.8,1.0
1753769558936,06:12:38.936,hashkey,BTC/USDT:USDT,118779.6,762.0,118765.3,1.0,118779.7,1.0,118779.8,1.0
1753769559437,06:12:39.437,hashkey,BTC/USDT:USDT,118779.6,762.0,118765.3,1.0,118779.7,1.0,118779.8,1.0
1753769559939,06:12:39.939,hashkey,BTC/USDT:USDT,118779.6,762.0,118765.3,1.0,118779.7,1.0,118779.8,1.0
1753769560441,06:12:40.441,hashkey,BTC/USDT:USDT,118779.6,762.0,118765.3,1.0,118779.7,1.0,118779.8,1.0
1753769560942,06:12:40.942,hashkey,BTC/USDT:USDT,118779.6,762.0,118765.3,1.0,118779.7,1.0,118779.8,1.0
1753769561193,06:12:41.193,hashkey,BTC/USDT:USDT,118779.6,762.0,118765.3,1.0,118779.7,1.0,118779.8,1.0
1753769561444,06:12:41.444,hashkey,BTC/USDT:USDT,118779.6,762.0,118765.3,1.0,118779.7,1.0,118779.8,1.0
1753769561946,06:12:41.946,hashkey,BTC/USDT:USDT,118779.6,762.0,118765.3,1.0,118779.7,1.0,118779.8,1.0
1753769562448,06:12:42.448,hashkey,BTC/USDT:USDT,118779.6,762.0,118765.3,1.0,118779.7,1.0,118779.8,1.0
1753769562698,06:12:42.698,hashkey,BTC/USDT:USDT,118779.6,762.0,118765.3,1.0,118779.7,1.0,118779.8,1.0
1753769562949,06:12:42.949,hashkey,BTC/USDT:USDT,118779.6,762.0,118765.3,1.0,118779.7,1.0,118779.8,1.0
1753769563200,06:12:43.200,hashkey,BTC/USDT:USDT,118779.6,762.0,118765.3,1.0,118779.7,1.0,118779.8,1.0
1753769563450,06:12:43.450,hashkey,BTC/USDT:USDT,118779.6,762.0,118765.3,1.0,118779.7,1.0,118779.8,1.0
1753769563952,06:12:43.952,hashkey,BTC/USDT:USDT,118779.6,762.0,118765.3,1.0,118779.7,1.0,118779.8,1.0
1753769564202,06:12:44.202,hashkey,BTC/USDT:USDT,118779.6,762.0,118765.3,1.0,118779.7,1.0,118779.8,1.0
1753769564453,06:12:44.453,hashkey,BTC/USDT:USDT,118779.6,762.0,118765.3,1.0,118779.7,1.0,118779.8,1.0
1753769564704,06:12:44.704,hashkey,BTC/USDT:USDT,118779.6,762.0,118765.3,1.0,118779.7,1.0,118779.8,1.0
1753769564955,06:12:44.955,hashkey,BTC/USDT:USDT,118779.6,762.0,118765.3,1.0,118779.7,1.0,118779.8,1.0
1753769565456,06:12:45.456,hashkey,BTC/USDT:USDT,118779.6,762.0,118765.3,1.0,118779.7,1.0,118779.8,1.0
1753769565707,06:12:45.707,hashkey,BTC/USDT:USDT,118779.6,762.0,118765.3,1.0,118779.7,1.0,118779.8,1.0
1753769565957,06:12:45.957,hashkey,BTC/USDT:USDT,118779.6,762.0,118765.3,1.0,118779.7,1.0,118779.8,1.0
1753769566208,06:12:46.208,hashkey,BTC/USDT:USDT,118779.6,762.0,118765.3,1.0,118779.7,1.0,118779.8,1.0
1753769566459,06:12:46.459,hashkey,BTC/USDT:USDT,118779.6,762.0,118765.3,1.0,118779.7,1.0,118779.8,1.0
1753769566960,06:12:46.960,hashkey,BTC/USDT:USDT,118779.6,762.0,118765.3,1.0,118779.7,1.0,118779.8,1.0
1753769567211,06:12:47.211,hashkey,BTC/USDT:USDT,118779.6,762.0,118765.3,1.0,118779.7,1.0,118779.8,1.0
1753769567462,06:12:47.462,hashkey,BTC/USDT:USDT,118779.6,762.0,118765.3,1.0,118779.7,1.0,118779.8,1.0
1753769567712,06:12:47.712,hashkey,BTC/USDT:USDT,118779.6,762.0,118765.3,1.0,118779.7,1.0,118779.8,1.0
1753769567963,06:12:47.963,hashkey,BTC/USDT:USDT,118779.6,762.0,118765.3,1.0,118779.7,1.0,118779.8,1.0
1753769568464,06:12:48.464,hashkey,BTC/USDT:USDT,118779.6,762.0,118765.3,1.0,118779.7,1.0,118779.8,1.0
1753769568715,06:12:48.715,hashkey,BTC/USDT:USDT,118779.6,762.0,118765.3,1.0,118779.7,1.0,118779.8,1.0
1753769568966,06:12:48.966,hashkey,BTC/USDT:USDT,118779.6,762.0,118765.3,1.0,118779.7,1.0,118779.8,1.0
1753769569216,06:12:49.216,hashkey,BTC/USDT:USDT,118779.6,762.0,118765.3,1.0,118779.7,1.0,118779.8,1.0
1753769569968,06:12:49.968,hashkey,BTC/USDT:USDT,118779.6,762.0,118765.3,1.0,118779.7,1.0,118779.8,1.0
1753769570219,06:12:50.219,hashkey,BTC/USDT:USDT,118779.6,762.0,118765.3,1.0,118779.7,1.0,118779.8,1.0
1753769570720,06:12:50.720,hashkey,BTC/USDT:USDT,118779.6,762.0,118765.3,1.0,118779.7,1.0,118779.8,1.0
1753769571472,06:12:51.472,hashkey,BTC/USDT:USDT,118779.6,762.0,118765.3,1.0,118779.7,1.0,118779.8,1.0
1753769571723,06:12:51.723,hashkey,BTC/USDT:USDT,118779.6,762.0,118765.3,1.0,118779.7,1.0,118779.8,1.0
1753769572225,06:12:52.225,hashkey,BTC/USDT:USDT,118779.6,762.0,118765.3,1.0,118779.7,1.0,118779.8,1.0
1753769572726,06:12:52.726,hashkey,BTC/USDT:USDT,118779.6,762.0,118765.3,1.0,118779.7,1.0,118779.8,1.0
1753769573228,06:12:53.228,hashkey,BTC/USDT:USDT,118779.6,762.0,118765.3,1.0,118779.7,1.0,118779.8,1.0
1753769573729,06:12:53.729,hashkey,BTC/USDT:USDT,118779.6,762.0,118765.3,1.0,118779.7,1.0,118779.8,1.0
1753769574231,06:12:54.231,hashkey,BTC/USDT:USDT,118779.6,762.0,118765.3,1.0,118779.7,1.0,118779.8,1.0
1753769574732,06:12:54.732,hashkey,BTC/USDT:USDT,118779.6,762.0,118765.3,1.0,118779.7,1.0,118779.8,1.0
1753769575234,06:12:55.234,hashkey,BTC/USDT:USDT,118779.6,762.0,118765.3,1.0,118779.7,1.0,118779.8,1.0
1753769575735,06:12:55.735,hashkey,BTC/USDT:USDT,118779.6,762.0,118765.3,1.0,118779.7,1.0,118779.8,1.0
1753769576236,06:12:56.236,hashkey,BTC/USDT:USDT,118779.6,762.0,118765.3,1.0,118779.7,1.0,118779.8,1.0
1753769576738,06:12:56.738,hashkey,BTC/USDT:USDT,118779.6,762.0,118765.3,1.0,118779.7,1.0,118779.8,1.0
1753769577490,06:12:57.490,hashkey,BTC/USDT:USDT,118779.6,762.0,118765.3,1.0,118779.7,1.0,118779.8,1.0
1753769577741,06:12:57.741,hashkey,BTC/USDT:USDT,118779.6,762.0,118765.3,1.0,118779.7,1.0,118779.8,1.0
1753769577992,06:12:57.992,hashkey,BTC/USDT:USDT,118779.6,762.0,118765.3,1.0,118779.7,1.0,118779.8,1.0
1753769578242,06:12:58.242,hashkey,BTC/USDT:USDT,118779.6,762.0,118765.3,1.0,118779.7,1.0,118779.8,1.0
1753769578493,06:12:58.493,hashkey,BTC/USDT:USDT,118779.6,762.0,118765.3,1.0,118779.7,1.0,118779.8,1.0
1753769578744,06:12:58.744,hashkey,BTC/USDT:USDT,118779.6,762.0,118765.3,1.0,118779.7,1.0,118779.8,1.0
1753769579245,06:12:59.245,hashkey,BTC/USDT:USDT,118779.6,762.0,118765.3,1.0,118779.7,1.0,118779.8,1.0
1753769579496,06:12:59.496,hashkey,BTC/USDT:USDT,118779.6,762.0,118765.3,1.0,118779.7,1.0,118779.8,1.0
1753769579747,06:12:59.747,hashkey,BTC/USDT:USDT,118779.6,762.0,118765.3,1.0,118779.7,1.0,118779.8,1.0
1753769579997,06:12:59.997,hashkey,BTC/USDT:USDT,118779.6,762.0,118765.3,1.0,118779.7,1.0,118779.8,1.0
1753769580248,06:13:00.248,hashkey,BTC/USDT:USDT,118779.6,762.0,118765.3,1.0,118779.7,1.0,118779.8,1.0
1753769580750,06:13:00.750,hashkey,BTC/USDT:USDT,118779.6,762.0,118765.3,1.0,118779.7,1.0,118779.8,1.0
1753769581000,06:13:01.000,hashkey,BTC/USDT:USDT,118779.6,762.0,118765.3,1.0,118779.7,1.0,118779.8,1.0
1753769581251,06:13:01.251,hashkey,BTC/USDT:USDT,118779.6,762.0,118765.3,1.0,118779.7,1.0,118779.8,1.0
1753769581502,06:13:01.502,hashkey,BTC/USDT:USDT,118779.6,762.0,118765.3,1.0,118779.7,1.0,118779.8,1.0
1753769581753,06:13:01.753,hashkey,BTC/USDT:USDT,118779.6,762.0,118765.3,1.0,118779.7,1.0,118779.8,1.0
1753769582255,06:13:02.255,hashkey,BTC/USDT:USDT,118779.6,762.0,118765.3,1.0,118779.7,1.0,118779.8,1.0
1753769582506,06:13:02.506,hashkey,BTC/USDT:USDT,118779.6,762.0,118765.3,1.0,118779.7,1.0,118779.8,1.0
1753769582756,06:13:02.756,hashkey,BTC/USDT:USDT,118779.6,762.0,118765.3,1.0,118779.7,1.0,118779.8,1.0
1753769583007,06:13:03.007,hashkey,BTC/USDT:USDT,118779.6,762.0,118765.3,1.0,118779.7,1.0,118779.8,1.0
1753769583759,06:13:03.759,hashkey,BTC/USDT:USDT,118779.6,762.0,118765.3,1.0,118779.7,1.0,118779.8,1.0
1753769584010,06:13:04.010,hashkey,BTC/USDT:USDT,118779.6,762.0,118765.3,1.0,118779.7,1.0,118779.8,1.0
1753769584261,06:13:04.261,hashkey,BTC/USDT:USDT,118779.6,762.0,118765.3,1.0,118779.7,1.0,118779.8,1.0
1753769584511,06:13:04.511,hashkey,BTC/USDT:USDT,118779.6,762.0,118765.3,1.0,118779.7,1.0,118779.8,1.0
1753769584762,06:13:04.762,hashkey,BTC/USDT:USDT,118779.6,762.0,118765.3,1.0,118779.7,1.0,118779.8,1.0
1753769585264,06:13:05.264,hashkey,BTC/USDT:USDT,118779.6,762.0,118765.3,1.0,118779.7,1.0,118779.8,1.0
1753769585514,06:13:05.514,hashkey,BTC/USDT:USDT,118779.6,762.0,118765.3,1.0,118779.7,1.0,118779.8,1.0
1753769585765,06:13:05.765,hashkey,BTC/USDT:USDT,118779.6,762.0,118765.3,1.0,118779.7,1.0,118779.8,1.0
1753769586016,06:13:06.016,hashkey,BTC/USDT:USDT,118779.6,762.0,118765.3,1.0,118779.7,1.0,118779.8,1.0
1753769586267,06:13:06.267,hashkey,BTC/USDT:USDT,118779.6,762.0,118765.3,1.0,118779.7,1.0,118779.8,1.0
1753769586517,06:13:06.517,hashkey,BTC/USDT:USDT,118779.6,762.0,118765.3,1.0,118779.7,1.0,118779.8,1.0
1753769587019,06:13:07.019,hashkey,BTC/USDT:USDT,118779.6,762.0,118765.3,1.0,118779.7,1.0,118779.8,1.0
1753769587270,06:13:07.270,hashkey,BTC/USDT:USDT,118779.6,762.0,118765.3,1.0,118779.7,1.0,118779.8,1.0
1753769587521,06:13:07.521,hashkey,BTC/USDT:USDT,118779.6,762.0,118765.3,1.0,118779.7,1.0,118779.8,1.0
1753769587771,06:13:07.771,hashkey,BTC/USDT:USDT,118779.6,762.0,118765.3,1.0,118779.7,1.0,118779.8,1.0
1753769588273,06:13:08.273,hashkey,BTC/USDT:USDT,118779.6,762.0,118765.3,1.0,118779.7,1.0,118779.8,1.0
1753769588524,06:13:08.524,hashkey,BTC/USDT:USDT,118779.6,762.0,118765.3,1.0,118779.7,1.0,118779.8,1.0
1753769588774,06:13:08.774,hashkey,BTC/USDT:USDT,118779.6,762.0,118765.3,1.0,118779.7,1.0,118779.8,1.0
1753769589025,06:13:09.025,hashkey,BTC/USDT:USDT,118779.6,762.0,118765.3,1.0,118779.7,1.0,118779.8,1.0
1753769589276,06:13:09.276,hashkey,BTC/USDT:USDT,118779.6,762.0,118765.3,1.0,118779.7,1.0,118779.8,1.0
1753769589777,06:13:09.777,hashkey,BTC/USDT:USDT,118779.6,762.0,118765.3,1.0,118779.7,1.0,118779.8,1.0
1753769590028,06:13:10.028,hashkey,BTC/USDT:USDT,118779.6,762.0,118765.3,1.0,118779.7,1.0,118779.8,1.0
1753769590279,06:13:10.279,hashkey,BTC/USDT:USDT,118779.6,762.0,118765.3,1.0,118779.7,1.0,118779.8,1.0
1753769590530,06:13:10.530,hashkey,BTC/USDT:USDT,118779.6,762.0,118765.3,1.0,118779.7,1.0,118779.8,1.0
1753769590781,06:13:10.781,hashkey,BTC/USDT:USDT,118779.6,762.0,118765.3,1.0,118779.7,1.0,118779.8,1.0
1753769591282,06:13:11.282,hashkey,BTC/USDT:USDT,118779.6,762.0,118765.3,1.0,118779.7,1.0,118779.8,1.0
1753769591533,06:13:11.533,hashkey,BTC/USDT:USDT,118779.6,762.0,118765.3,1.0,118779.7,1.0,118779.8,1.0
1753769591783,06:13:11.783,hashkey,BTC/USDT:USDT,118779.6,762.0,118765.3,1.0,118779.7,1.0,118779.8,1.0
1753769592034,06:13:12.034,hashkey,BTC/USDT:USDT,118779.6,762.0,118765.3,1.0,118779.7,1.0,118779.8,1.0
1753769592285,06:13:12.285,hashkey,BTC/USDT:USDT,118779.6,762.0,118765.3,1.0,118779.7,1.0,118779.8,1.0
1753769592786,06:13:12.786,hashkey,BTC/USDT:USDT,118779.6,762.0,118765.3,1.0,118779.7,1.0,118779.8,1.0
1753769593037,06:13:13.037,hashkey,BTC/USDT:USDT,118779.6,762.0,118765.3,1.0,118779.7,1.0,118779.8,1.0
1753769593288,06:13:13.288,hashkey,BTC/USDT:USDT,118779.6,762.0,118765.3,1.0,118779.7,1.0,118779.8,1.0
1753769593539,06:13:13.539,hashkey,BTC/USDT:USDT,118779.6,762.0,118765.3,1.0,118779.7,1.0,118779.8,1.0
1753769593790,06:13:13.790,hashkey,BTC/USDT:USDT,118779.6,762.0,118765.3,1.0,118779.7,1.0,118779.8,1.0
1753769594291,06:13:14.291,hashkey,BTC/USDT:USDT,118779.6,762.0,118765.3,1.0,118779.7,1.0,118779.8,1.0
1753769594542,06:13:14.542,hashkey,BTC/USDT:USDT,118779.6,762.0,118765.3,1.0,118779.7,1.0,118779.8,1.0
1753769594793,06:13:14.793,hashkey,BTC/USDT:USDT,118779.6,762.0,118765.3,1.0,118779.7,1.0,118779.8,1.0
1753769595044,06:13:15.044,hashkey,BTC/USDT:USDT,118779.6,762.0,118765.3,1.0,118779.7,1.0,118779.8,1.0
1753769595294,06:13:15.294,hashkey,BTC/USDT:USDT,118779.6,762.0,118765.3,1.0,118779.7,1.0,118779.8,1.0
1753769595796,06:13:15.796,hashkey,BTC/USDT:USDT,118779.6,762.0,118765.3,1.0,118779.7,1.0,118779.8,1.0
1753769596047,06:13:16.047,hashkey,BTC/USDT:USDT,118779.6,762.0,118765.3,1.0,118779.7,1.0,118779.8,1.0
1753769596298,06:13:16.298,hashkey,BTC/USDT:USDT,118779.6,762.0,118765.3,1.0,118779.7,1.0,118779.8,1.0
1753769596548,06:13:16.548,hashkey,BTC/USDT:USDT,118779.6,762.0,118765.3,1.0,118779.7,1.0,118779.8,1.0
1753769596799,06:13:16.799,hashkey,BTC/USDT:USDT,118779.6,762.0,118765.3,1.0,118779.7,1.0,118779.8,1.0
1753769597300,06:13:17.300,hashkey,BTC/USDT:USDT,118779.6,762.0,118765.3,1.0,118779.7,1.0,118779.8,1.0
1753769597551,06:13:17.551,hashkey,BTC/USDT:USDT,118779.6,762.0,118765.3,1.0,118779.7,1.0,118779.8,1.0
1753769597802,06:13:17.802,hashkey,BTC/USDT:USDT,118779.6,762.0,118765.3,1.0,118779.7,1.0,118779.8,1.0
1753769598053,06:13:18.053,hashkey,BTC/USDT:USDT,118779.6,762.0,118765.3,1.0,118779.7,1.0,118779.8,1.0
1753769598303,06:13:18.303,hashkey,BTC/USDT:USDT,118779.6,762.0,118765.3,1.0,118779.7,1.0,118779.8,1.0
1753769598805,06:13:18.805,hashkey,BTC/USDT:USDT,118779.6,762.0,118765.3,1.0,118779.7,1.0,118779.8,1.0
1753769599055,06:13:19.055,hashkey,BTC/USDT:USDT,118779.6,762.0,118765.3,1.0,118779.7,1.0,118779.8,1.0
1753769599306,06:13:19.306,hashkey,BTC/USDT:USDT,118779.6,762.0,118765.3,1.0,118779.7,1.0,118779.8,1.0
1753769599557,06:13:19.557,hashkey,BTC/USDT:USDT,118779.6,762.0,118765.3,1.0,118779.7,1.0,118779.8,1.0
1753769599808,06:13:19.808,hashkey,BTC/USDT:USDT,118779.6,762.0,118765.3,1.0,118779.7,1.0,118779.8,1.0
1753769600309,06:13:20.309,hashkey,BTC/USDT:USDT,118779.6,762.0,118765.3,1.0,118779.7,1.0,118779.8,1.0
1753769600560,06:13:20.560,hashkey,BTC/USDT:USDT,118779.6,762.0,118765.3,1.0,118779.7,1.0,118779.8,1.0
1753769600811,06:13:20.811,hashkey,BTC/USDT:USDT,118779.6,762.0,118765.3,1.0,118779.7,1.0,118779.8,1.0
1753769601061,06:13:21.061,hashkey,BTC/USDT:USDT,118779.6,762.0,118765.3,1.0,118779.7,1.0,118779.8,1.0
1753769601312,06:13:21.312,hashkey,BTC/USDT:USDT,118779.6,762.0,118765.3,1.0,118779.7,1.0,118779.8,1.0
1753769601814,06:13:21.814,hashkey,BTC/USDT:USDT,118779.6,762.0,118765.3,1.0,118779.7,1.0,118779.8,1.0
1753769602064,06:13:22.064,hashkey,BTC/USDT:USDT,118779.6,762.0,118765.3,1.0,118779.7,1.0,118779.8,1.0
1753769602315,06:13:22.315,hashkey,BTC/USDT:USDT,118779.6,762.0,118765.3,1.0,118779.7,1.0,118779.8,1.0
1753769602566,06:13:22.566,hashkey,BTC/USDT:USDT,118779.6,762.0,118765.3,1.0,118779.7,1.0,118779.8,1.0
1753769602817,06:13:22.817,hashkey,BTC/USDT:USDT,118779.6,762.0,118765.3,1.0,118779.7,1.0,118779.8,1.0
1753769603318,06:13:23.318,hashkey,BTC/USDT:USDT,118779.6,762.0,118765.3,1.0,118779.7,1.0,118779.8,1.0
1753769603569,06:13:23.569,hashkey,BTC/USDT:USDT,118779.6,762.0,118765.3,1.0,118779.7,1.0,118779.8,1.0
1753769603820,06:13:23.820,hashkey,BTC/USDT:USDT,118779.6,762.0,118765.3,1.0,118779.7,1.0,118779.8,1.0
1753769604071,06:13:24.071,hashkey,BTC/USDT:USDT,118779.6,762.0,118765.3,1.0,118779.7,1.0,118779.8,1.0
1753769604322,06:13:24.322,hashkey,BTC/USDT:USDT,118779.6,762.0,118765.3,1.0,118779.7,1.0,118779.8,1.0
1753769604823,06:13:24.823,hashkey,BTC/USDT:USDT,118779.6,762.0,118765.3,1.0,118779.7,1.0,118779.8,1.0
1753769605074,06:13:25.074,hashkey,BTC/USDT:USDT,118779.6,762.0,118765.3,1.0,118779.7,1.0,118779.8,1.0
1753769605325,06:13:25.325,hashkey,BTC/USDT:USDT,118779.6,762.0,118765.3,1.0,118779.7,1.0,118779.8,1.0
1753769605575,06:13:25.575,hashkey,BTC/USDT:USDT,118779.6,762.0,118765.3,1.0,118779.7,1.0,118779.8,1.0
1753769605826,06:13:25.826,hashkey,BTC/USDT:USDT,118779.6,762.0,118765.3,1.0,118779.7,1.0,118779.8,1.0
1753769606077,06:13:26.077,hashkey,BTC/USDT:USDT,118779.6,762.0,118765.3,1.0,118779.7,1.0,118779.8,1.0
1753769606578,06:13:26.578,hashkey,BTC/USDT:USDT,118779.6,762.0,118765.3,1.0,118779.7,1.0,118779.8,1.0
1753769606829,06:13:26.829,hashkey,BTC/USDT:USDT,118779.6,762.0,118765.3,1.0,118779.7,1.0,118779.8,1.0
1753769607080,06:13:27.080,hashkey,BTC/USDT:USDT,118779.6,762.0,118765.3,1.0,118779.7,1.0,118779.8,1.0
1753769607331,06:13:27.331,hashkey,BTC/USDT:USDT,118779.6,762.0,118765.3,1.0,118779.7,1.0,118779.8,1.0
1753769607582,06:13:27.582,hashkey,BTC/USDT:USDT,118779.6,762.0,118765.3,1.0,118779.7,1.0,118779.8,1.0
1753769608083,06:13:28.083,hashkey,BTC/USDT:USDT,118779.6,762.0,118765.3,1.0,118779.7,1.0,118779.8,1.0
1753769608334,06:13:28.334,hashkey,BTC/USDT:USDT,118779.6,762.0,118765.3,1.0,118779.7,1.0,118779.8,1.0
1753769608585,06:13:28.585,hashkey,BTC/USDT:USDT,118779.6,762.0,118765.3,1.0,118779.7,1.0,118779.8,1.0
1753769608835,06:13:28.835,hashkey,BTC/USDT:USDT,118779.6,762.0,118765.3,1.0,118779.7,1.0,118779.8,1.0
1753769609086,06:13:29.086,hashkey,BTC/USDT:USDT,118779.6,762.0,118765.3,1.0,118779.7,1.0,118779.8,1.0
1753769609588,06:13:29.588,hashkey,BTC/USDT:USDT,118779.6,762.0,118765.3,1.0,118779.7,1.0,118779.8,1.0
1753769609838,06:13:29.838,hashkey,BTC/USDT:USDT,118779.6,762.0,118765.3,1.0,118779.7,1.0,118779.8,1.0
1753769610089,06:13:30.089,hashkey,BTC/USDT:USDT,118779.6,762.0,118765.3,1.0,118779.7,1.0,118779.8,1.0
1753769610340,06:13:30.340,hashkey,BTC/USDT:USDT,118779.6,762.0,118765.3,1.0,118779.7,1.0,118779.8,1.0
1753769610591,06:13:30.591,hashkey,BTC/USDT:USDT,118779.6,762.0,118765.3,1.0,118779.7,1.0,118779.8,1.0
1753769611092,06:13:31.092,hashkey,BTC/USDT:USDT,118779.6,762.0,118765.3,1.0,118779.7,1.0,118779.8,1.0
1753769611343,06:13:31.343,hashkey,BTC/USDT:USDT,118779.6,762.0,118765.3,1.0,118779.7,1.0,118779.8,1.0
1753769611594,06:13:31.594,hashkey,BTC/USDT:USDT,118779.6,762.0,118765.3,1.0,118779.7,1.0,118779.8,1.0
1753769611845,06:13:31.845,hashkey,BTC/USDT:USDT,118779.6,762.0,118765.3,1.0,118779.7,1.0,118779.8,1.0
1753769612096,06:13:32.096,hashkey,BTC/USDT:USDT,118779.6,762.0,118765.3,1.0,118779.7,1.0,118779.8,1.0
1753769612597,06:13:32.597,hashkey,BTC/USDT:USDT,118779.6,762.0,118765.3,1.0,118779.7,1.0,118779.8,1.0
1753769612848,06:13:32.848,hashkey,BTC/USDT:USDT,118779.6,762.0,118765.3,1.0,118779.7,1.0,118779.8,1.0
1753769613099,06:13:33.099,hashkey,BTC/USDT:USDT,118779.6,762.0,118765.3,1.0,118779.7,1.0,118779.8,1.0
1753769613350,06:13:33.350,hashkey,BTC/USDT:USDT,118779.6,762.0,118765.3,1.0,118779.7,1.0,118779.8,1.0
1753769613601,06:13:33.601,hashkey,BTC/USDT:USDT,118779.6,762.0,118765.3,1.0,118779.7,1.0,118779.8,1.0
1753769614102,06:13:34.102,hashkey,BTC/USDT:USDT,118779.6,762.0,118765.3,1.0,118779.7,1.0,118779.8,1.0
1753769614353,06:13:34.353,hashkey,BTC/USDT:USDT,118779.6,762.0,118765.3,1.0,118779.7,1.0,118779.8,1.0
1753769614604,06:13:34.604,hashkey,BTC/USDT:USDT,118779.6,762.0,118765.3,1.0,118779.7,33.0,118779.8,1.0
1753769614854,06:13:34.854,hashkey,BTC/USDT:USDT,118779.6,762.0,118765.3,1.0,118779.7,33.0,118779.8,1.0
1753769615105,06:13:35.105,hashkey,BTC/USDT:USDT,118779.6,762.0,118765.3,1.0,118779.7,46.0,118779.8,1.0
1753769615607,06:13:35.607,hashkey,BTC/USDT:USDT,118779.6,762.0,118765.3,1.0,118779.7,46.0,118779.8,1.0
1753769615858,06:13:35.858,hashkey,BTC/USDT:USDT,118779.6,762.0,118765.3,1.0,118779.7,46.0,118779.8,1.0
1753769616109,06:13:36.109,hashkey,BTC/USDT:USDT,118779.6,762.0,118765.3,1.0,118779.7,46.0,118779.8,1.0
1753769616360,06:13:36.360,hashkey,BTC/USDT:USDT,118779.6,762.0,118765.3,1.0,118779.7,46.0,118779.8,1.0
1753769616611,06:13:36.611,hashkey,BTC/USDT:USDT,118779.6,762.0,118765.3,1.0,118779.7,46.0,118779.8,1.0
1753769617112,06:13:37.112,hashkey,BTC/USDT:USDT,118779.6,762.0,118765.3,1.0,118779.7,36.0,118779.8,1.0
1753769617363,06:13:37.363,hashkey,BTC/USDT:USDT,118779.6,762.0,118765.3,1.0,118779.7,36.0,118779.8,1.0
1753769617614,06:13:37.614,hashkey,BTC/USDT:USDT,118779.6,762.0,118765.3,1.0,118779.7,36.0,118779.8,1.0
1753769617865,06:13:37.865,hashkey,BTC/USDT:USDT,118779.6,762.0,118765.3,1.0,118779.7,33.0,118779.8,1.0
1753769618115,06:13:38.115,hashkey,BTC/USDT:USDT,118779.6,762.0,118765.3,1.0,118779.7,56.0,118779.8,1.0
1753769618617,06:13:38.617,hashkey,BTC/USDT:USDT,118779.6,762.0,118765.3,1.0,118779.7,56.0,118779.8,1.0
1753769618868,06:13:38.868,hashkey,BTC/USDT:USDT,118779.6,762.0,118765.3,1.0,118779.7,56.0,118779.8,1.0
1753769619119,06:13:39.119,hashkey,BTC/USDT:USDT,118779.6,762.0,118765.3,1.0,118779.7,56.0,118779.8,1.0
1753769619369,06:13:39.369,hashkey,BTC/USDT:USDT,118779.6,762.0,118765.3,1.0,118779.7,56.0,118779.8,1.0
1753769619620,06:13:39.620,hashkey,BTC/USDT:USDT,118779.6,762.0,118765.3,1.0,118779.7,56.0,118779.8,1.0
1753769619872,06:13:39.872,hashkey,BTC/USDT:USDT,118779.6,762.0,118765.3,1.0,118779.7,56.0,118779.8,1.0
1753769620373,06:13:40.373,hashkey,BTC/USDT:USDT,118779.6,762.0,118765.3,1.0,118779.7,56.0,118779.8,1.0
1753769620875,06:13:40.875,hashkey,BTC/USDT:USDT,118779.6,762.0,118765.3,1.0,118779.7,56.0,118779.8,1.0
1753769621376,06:13:41.376,hashkey,BTC/USDT:USDT,118779.6,762.0,118765.3,1.0,118779.7,56.0,118779.8,1.0
1753769621878,06:13:41.878,hashkey,BTC/USDT:USDT,118779.6,762.0,118765.3,1.0,118779.7,56.0,118779.8,1.0
1753769622380,06:13:42.380,hashkey,BTC/USDT:USDT,118779.6,762.0,118765.3,1.0,118779.7,56.0,118779.8,1.0
1753769622881,06:13:42.881,hashkey,BTC/USDT:USDT,118779.6,762.0,118765.3,1.0,118779.7,56.0,118779.8,1.0
1753769623383,06:13:43.383,hashkey,BTC/USDT:USDT,118779.6,762.0,118765.3,1.0,118779.7,56.0,118779.8,1.0
1753769623634,06:13:43.634,hashkey,BTC/USDT:USDT,118779.6,762.0,118765.3,1.0,118779.7,56.0,118779.8,1.0
1753769623885,06:13:43.885,hashkey,BTC/USDT:USDT,118779.6,762.0,118765.3,1.0,118779.7,56.0,118779.8,1.0
1753769624135,06:13:44.135,hashkey,BTC/USDT:USDT,118779.6,762.0,118765.3,1.0,118779.7,56.0,118779.8,1.0
1753769624637,06:13:44.637,hashkey,BTC/USDT:USDT,118779.6,762.0,118765.3,1.0,118779.7,56.0,118779.8,1.0
1753769624888,06:13:44.888,hashkey,BTC/USDT:USDT,118779.6,762.0,118765.3,1.0,118779.7,56.0,118779.8,1.0
1753769625139,06:13:45.139,hashkey,BTC/USDT:USDT,118779.6,762.0,118765.3,1.0,118779.7,56.0,118779.8,1.0
1753769625389,06:13:45.389,hashkey,BTC/USDT:USDT,118779.6,762.0,118765.3,1.0,118779.7,56.0,118779.8,1.0
1753769625640,06:13:45.640,hashkey,BTC/USDT:USDT,118779.6,762.0,118765.3,1.0,118779.7,56.0,118779.8,1.0
1753769626142,06:13:46.142,hashkey,BTC/USDT:USDT,118779.6,762.0,118765.3,1.0,118779.7,56.0,118779.8,1.0
1753769626393,06:13:46.393,hashkey,BTC/USDT:USDT,118779.6,762.0,118765.3,1.0,118779.7,56.0,118779.8,1.0
1753769626644,06:13:46.644,hashkey,BTC/USDT:USDT,118779.6,762.0,118765.3,1.0,118779.7,56.0,118779.8,1.0
1753769626894,06:13:46.894,hashkey,BTC/USDT:USDT,118779.6,762.0,118765.3,1.0,118779.7,56.0,118779.8,1.0
1753769627146,06:13:47.146,hashkey,BTC/USDT:USDT,118779.6,762.0,118765.3,1.0,118779.7,56.0,118779.8,1.0
1753769627397,06:13:47.397,hashkey,BTC/USDT:USDT,118779.6,762.0,118765.3,1.0,118779.7,56.0,118779.8,1.0
1753769627898,06:13:47.898,hashkey,BTC/USDT:USDT,118779.6,762.0,118765.3,1.0,118779.7,56.0,118779.8,1.0
1753769628149,06:13:48.149,hashkey,BTC/USDT:USDT,118779.6,762.0,118765.3,1.0,118779.7,46.0,118779.8,1.0
1753769628400,06:13:48.400,hashkey,BTC/USDT:USDT,118779.6,762.0,118765.3,1.0,118779.7,46.0,118779.8,1.0
1753769628651,06:13:48.651,hashkey,BTC/USDT:USDT,118779.6,762.0,118765.3,1.0,118779.7,46.0,118779.8,1.0
1753769628902,06:13:48.902,hashkey,BTC/USDT:USDT,118779.6,762.0,118765.3,1.0,118779.7,46.0,118779.8,1.0
1753769629404,06:13:49.404,hashkey,BTC/USDT:USDT,118779.6,762.0,118765.3,1.0,118779.7,46.0,118779.8,1.0
1753769629655,06:13:49.655,hashkey,BTC/USDT:USDT,118779.6,762.0,118765.3,1.0,118779.7,46.0,118779.8,1.0
1753769629905,06:13:49.905,hashkey,BTC/USDT:USDT,118779.6,762.0,118765.3,1.0,118779.7,46.0,118779.8,1.0
1753769630156,06:13:50.156,hashkey,BTC/USDT:USDT,118779.6,762.0,118765.3,1.0,118779.7,36.0,118779.8,1.0
1753769630407,06:13:50.407,hashkey,BTC/USDT:USDT,118779.6,762.0,118765.3,1.0,118779.7,36.0,118779.8,1.0
1753769630909,06:13:50.909,hashkey,BTC/USDT:USDT,118779.6,762.0,118765.3,1.0,118779.7,36.0,118779.8,1.0
1753769631160,06:13:51.160,hashkey,BTC/USDT:USDT,118779.6,762.0,118765.3,1.0,118779.7,36.0,118779.8,1.0
1753769631410,06:13:51.410,hashkey,BTC/USDT:USDT,118779.6,762.0,118765.3,1.0,118779.7,36.0,118779.8,1.0
1753769631661,06:13:51.661,hashkey,BTC/USDT:USDT,118779.6,762.0,118765.3,1.0,118779.7,36.0,118779.8,1.0
1753769632163,06:13:52.163,hashkey,BTC/USDT:USDT,118779.6,762.0,118765.3,1.0,118779.7,36.0,118779.8,1.0
1753769632664,06:13:52.664,hashkey,BTC/USDT:USDT,118779.6,762.0,118765.3,1.0,118779.7,36.0,118779.8,1.0
1753769632915,06:13:52.915,hashkey,BTC/USDT:USDT,118779.6,762.0,118765.3,1.0,118779.7,36.0,118779.8,1.0
1753769633166,06:13:53.166,hashkey,BTC/USDT:USDT,118779.6,762.0,118765.3,1.0,118779.7,36.0,118779.8,1.0
1753769633668,06:13:53.668,hashkey,BTC/USDT:USDT,118779.6,762.0,118765.3,1.0,118779.7,36.0,118779.8,1.0
1753769634169,06:13:54.169,hashkey,BTC/USDT:USDT,118779.6,762.0,118765.3,1.0,118779.7,36.0,118779.8,1.0
1753769634420,06:13:54.420,hashkey,BTC/USDT:USDT,118779.6,762.0,118765.3,1.0,118779.7,36.0,118779.8,1.0
1753769634671,06:13:54.671,hashkey,BTC/USDT:USDT,118779.6,762.0,118765.3,1.0,118779.7,36.0,118779.8,1.0
1753769634921,06:13:54.921,hashkey,BTC/USDT:USDT,118779.6,762.0,118765.3,1.0,118779.7,36.0,118779.8,1.0
1753769635423,06:13:55.423,hashkey,BTC/USDT:USDT,118779.6,762.0,118765.3,1.0,118779.7,36.0,118779.8,1.0
1753769635674,06:13:55.674,hashkey,BTC/USDT:USDT,118779.6,762.0,118765.3,1.0,118779.7,36.0,118779.8,1.0
1753769635924,06:13:55.924,hashkey,BTC/USDT:USDT,118779.6,762.0,118765.3,1.0,118779.7,36.0,118779.8,1.0
1753769636175,06:13:56.175,hashkey,BTC/USDT:USDT,118779.6,762.0,118765.3,1.0,118779.7,36.0,118779.8,1.0
1753769636426,06:13:56.426,hashkey,BTC/USDT:USDT,118779.6,762.0,118765.3,1.0,118779.7,1.0,118779.8,1.0
1753769636677,06:13:56.677,hashkey,BTC/USDT:USDT,118779.6,762.0,118765.3,1.0,118779.7,1.0,118779.8,1.0
1753769637179,06:13:57.179,hashkey,BTC/USDT:USDT,118779.6,762.0,118765.3,1.0,118779.7,1.0,118779.8,1.0
1753769637429,06:13:57.429,hashkey,BTC/USDT:USDT,118779.6,762.0,118765.3,1.0,118779.7,1.0,118779.8,1.0
1753769637680,06:13:57.680,hashkey,BTC/USDT:USDT,118779.6,762.0,118765.3,1.0,118779.7,1.0,118779.8,1.0
1753769637931,06:13:57.931,hashkey,BTC/USDT:USDT,118779.6,762.0,118765.3,1.0,118779.7,1.0,118779.8,1.0
1753769638432,06:13:58.432,hashkey,BTC/USDT:USDT,118779.6,762.0,118765.3,1.0,118779.7,1.0,118779.8,1.0
1753769638683,06:13:58.683,hashkey,BTC/USDT:USDT,118779.6,762.0,118765.3,1.0,118779.7,1.0,118779.8,1.0
1753769638934,06:13:58.934,hashkey,BTC/USDT:USDT,118779.6,762.0,118765.3,1.0,118779.7,1.0,118779.8,1.0
1753769639185,06:13:59.185,hashkey,BTC/USDT:USDT,118779.6,762.0,118765.3,1.0,118779.7,1.0,118779.8,1.0
1753769639436,06:13:59.436,hashkey,BTC/USDT:USDT,118779.6,762.0,118765.3,1.0,118779.7,1.0,118779.8,1.0
1753769639937,06:13:59.937,hashkey,BTC/USDT:USDT,118779.6,762.0,118765.3,1.0,118779.7,1.0,118779.8,1.0
1753769640188,06:14:00.188,hashkey,BTC/USDT:USDT,118779.6,762.0,118765.3,1.0,118779.7,1.0,118779.8,1.0
1753769640439,06:14:00.439,hashkey,BTC/USDT:USDT,118779.6,762.0,118765.3,1.0,118779.7,1.0,118779.8,1.0
1753769640690,06:14:00.690,hashkey,BTC/USDT:USDT,118779.6,762.0,118765.3,1.0,118779.7,1.0,118779.8,1.0
1753769640940,06:14:00.940,hashkey,BTC/USDT:USDT,118779.6,762.0,118765.3,1.0,118779.7,1.0,118779.8,1.0
1753769641442,06:14:01.442,hashkey,BTC/USDT:USDT,118779.6,762.0,118765.3,1.0,118779.7,1.0,118779.8,1.0
1753769641693,06:14:01.693,hashkey,BTC/USDT:USDT,118779.6,762.0,118765.3,1.0,118779.7,1.0,118779.8,1.0
1753769641943,06:14:01.943,hashkey,BTC/USDT:USDT,118779.6,762.0,118765.3,1.0,118779.7,1.0,118779.8,1.0
1753769642194,06:14:02.194,hashkey,BTC/USDT:USDT,118779.6,762.0,118765.3,1.0,118779.7,1.0,118779.8,1.0
1753769642445,06:14:02.445,hashkey,BTC/USDT:USDT,118779.6,762.0,118765.3,1.0,118779.7,1.0,118779.8,1.0
1753769642947,06:14:02.947,hashkey,BTC/USDT:USDT,118779.6,762.0,118765.3,1.0,118779.7,1.0,118779.8,1.0
1753769643448,06:14:03.448,hashkey,BTC/USDT:USDT,118779.6,762.0,118765.3,1.0,118779.7,1.0,118779.8,1.0
1753769643950,06:14:03.950,hashkey,BTC/USDT:USDT,118779.6,762.0,118765.3,1.0,118779.7,1.0,118779.8,1.0
1753769644451,06:14:04.451,hashkey,BTC/USDT:USDT,118779.6,762.0,118765.3,1.0,118779.7,1.0,118779.8,1.0
1753769644702,06:14:04.702,hashkey,BTC/USDT:USDT,118779.6,762.0,118765.3,1.0,118779.7,1.0,118779.8,1.0
1753769644953,06:14:04.953,hashkey,BTC/USDT:USDT,118779.6,762.0,118765.3,1.0,118779.7,1.0,118779.8,1.0
1753769645204,06:14:05.204,hashkey,BTC/USDT:USDT,118779.6,762.0,118765.3,1.0,118779.7,1.0,118779.8,1.0
1753769645454,06:14:05.454,hashkey,BTC/USDT:USDT,118779.6,762.0,118765.3,1.0,118779.7,1.0,118779.8,1.0
1753769645956,06:14:05.956,hashkey,BTC/USDT:USDT,118779.6,762.0,118765.3,1.0,118779.7,1.0,118779.8,1.0
1753769646458,06:14:06.458,hashkey,BTC/USDT:USDT,118779.6,762.0,118765.3,1.0,118779.7,1.0,118779.8,1.0
1753769646708,06:14:06.708,hashkey,BTC/USDT:USDT,118779.6,762.0,118765.3,1.0,118779.7,1.0,118779.8,1.0
1753769646959,06:14:06.959,hashkey,BTC/USDT:USDT,118779.6,762.0,118765.3,1.0,118779.7,1.0,118779.8,1.0
1753769647461,06:14:07.461,hashkey,BTC/USDT:USDT,118779.6,762.0,118765.3,1.0,118779.7,1.0,118779.8,1.0
1753769647712,06:14:07.712,hashkey,BTC/USDT:USDT,118779.6,762.0,118765.3,1.0,118779.7,1.0,118779.8,1.0
1753769647963,06:14:07.963,hashkey,BTC/USDT:USDT,118779.6,762.0,118765.3,1.0,118779.7,1.0,118779.8,1.0
1753769648464,06:14:08.464,hashkey,BTC/USDT:USDT,118779.6,762.0,118765.3,1.0,118779.7,1.0,118779.8,1.0
1753769648966,06:14:08.966,hashkey,BTC/USDT:USDT,118779.6,762.0,118765.3,1.0,118779.7,1.0,118779.8,1.0
1753769649217,06:14:09.217,hashkey,BTC/USDT:USDT,118779.6,762.0,118765.3,1.0,118779.7,1.0,118779.8,1.0
1753769649468,06:14:09.468,hashkey,BTC/USDT:USDT,118779.6,762.0,118765.3,1.0,118779.7,1.0,118779.8,1.0
1753769649719,06:14:09.719,hashkey,BTC/USDT:USDT,118779.6,762.0,118765.3,1.0,118779.7,1.0,118779.8,1.0
1753769649970,06:14:09.970,hashkey,BTC/USDT:USDT,118779.6,762.0,118765.3,1.0,118779.7,1.0,118779.8,1.0
1753769650471,06:14:10.471,hashkey,BTC/USDT:USDT,118779.6,762.0,118765.3,1.0,118779.7,1.0,118779.8,1.0
1753769650722,06:14:10.722,hashkey,BTC/USDT:USDT,118779.6,762.0,118765.3,1.0,118779.7,1.0,118779.8,1.0
1753769650972,06:14:10.972,hashkey,BTC/USDT:USDT,118779.6,762.0,118765.3,1.0,118779.7,1.0,118779.8,1.0
1753769651223,06:14:11.223,hashkey,BTC/USDT:USDT,118779.6,762.0,118765.3,1.0,118779.7,1.0,118779.8,1.0
1753769651474,06:14:11.474,hashkey,BTC/USDT:USDT,118779.6,762.0,118765.3,1.0,118779.7,1.0,118779.8,1.0
1753769651976,06:14:11.976,hashkey,BTC/USDT:USDT,118779.6,762.0,118765.3,1.0,118779.7,1.0,118779.8,1.0
1753769652227,06:14:12.227,hashkey,BTC/USDT:USDT,118779.6,762.0,118765.3,1.0,118779.7,1.0,118779.8,1.0
1753769652478,06:14:12.478,hashkey,BTC/USDT:USDT,118779.6,778.0,118765.3,1.0,118779.7,1.0,118779.8,1.0
1753769652728,06:14:12.728,hashkey,BTC/USDT:USDT,118779.6,778.0,118765.3,1.0,118779.7,1.0,118779.8,1.0
1753769652979,06:14:12.979,hashkey,BTC/USDT:USDT,118779.6,778.0,118765.3,1.0,118779.7,1.0,118779.8,1.0
1753769653481,06:14:13.481,hashkey,BTC/USDT:USDT,118779.6,778.0,118765.3,1.0,118779.7,1.0,118779.8,1.0
1753769653732,06:14:13.732,hashkey,BTC/USDT:USDT,118779.6,778.0,118765.3,1.0,118779.7,1.0,118779.8,1.0
1753769653983,06:14:13.983,hashkey,BTC/USDT:USDT,118779.6,778.0,118765.3,1.0,118779.7,1.0,118779.8,1.0
1753769654233,06:14:14.233,hashkey,BTC/USDT:USDT,118779.6,778.0,118765.3,1.0,118779.7,1.0,118779.8,1.0
1753769654484,06:14:14.484,hashkey,BTC/USDT:USDT,118779.6,778.0,118765.3,1.0,118779.7,1.0,118779.8,1.0
1753769654986,06:14:14.986,hashkey,BTC/USDT:USDT,118779.6,778.0,118765.3,1.0,118779.7,1.0,118779.8,1.0
1753769655237,06:14:15.237,hashkey,BTC/USDT:USDT,118779.6,778.0,118765.3,1.0,118779.7,1.0,118779.8,1.0
1753769655488,06:14:15.488,hashkey,BTC/USDT:USDT,118779.6,778.0,118765.3,1.0,118779.7,1.0,118779.8,1.0
1753769655738,06:14:15.738,hashkey,BTC/USDT:USDT,118779.6,778.0,118765.3,1.0,118779.7,1.0,118779.8,1.0
1753769655989,06:14:15.989,hashkey,BTC/USDT:USDT,118779.6,778.0,118765.3,1.0,118779.7,1.0,118779.8,1.0
1753769656491,06:14:16.491,hashkey,BTC/USDT:USDT,118779.6,778.0,118765.3,1.0,118779.7,1.0,118779.8,1.0
1753769656742,06:14:16.742,hashkey,BTC/USDT:USDT,118779.6,778.0,118765.3,1.0,118779.7,1.0,118779.8,1.0
