timestamp,time,exchange,symbol,bid1_price,bid1_volume,bid2_price,bid2_volume,ask1_price,ask1_volume,ask2_price,ask2_volume
1753769522214,06:12:02.214,bitfinex,ETH/USDT:USDT,3809.5,22.40262,3809.1,0.65343937,3809.6,1.78131,3809.8,0.4212
1753769522731,06:12:02.731,bitfinex,ETH/USDT:USDT,3809.5,22.40262,3809.1,0.65343937,3809.6,1.78131,3809.8,0.4212
1753769522740,06:12:02.740,bitfinex,ETH/USDT:USDT,3809.5,22.40262,3809.1,0.65343937,3809.6,1.78131,3809.8,0.4212
1753769523316,06:12:03.316,bitfinex,ETH/USDT:USDT,3809.5,22.40262,3809.1,0.65343937,3809.6,1.78131,3809.8,0.4212
1753769523317,06:12:03.317,bitfinex,ETH/USDT:USDT,3809.5,22.40262,3809.1,1.96610937,3809.6,1.78131,3809.8,0.4212
1753769523319,06:12:03.319,bitfinex,ETH/USDT:USDT,3809.5,22.40262,3809.1,1.96610937,3809.6,1.78131,3809.8,0.4212
1753769523623,06:12:03.623,bitfinex,ETH/USDT:USDT,3809.5,21.8776,3809.4,0.52502,3809.6,1.78131,3809.8,0.4212
1753769523628,06:12:03.628,bitfinex,ETH/USDT:USDT,3809.5,21.8776,3809.4,0.52502,3809.6,1.78131,3809.8,0.4212
1753769524143,06:12:04.143,bitfinex,ETH/USDT:USDT,3809.5,21.8776,3809.4,0.52502,3809.6,1.78131,3809.8,0.4212
1753769524308,06:12:04.308,bitfinex,ETH/USDT:USDT,3809.5,21.8776,3809.4,0.52502,3809.6,1.78131,3809.9,1.51244
1753769524309,06:12:04.309,bitfinex,ETH/USDT:USDT,3809.5,21.8776,3809.4,0.52502,3809.6,2.50261,3809.9,1.51244
1753769524310,06:12:04.310,bitfinex,ETH/USDT:USDT,3809.5,21.8776,3809.4,0.52502,3809.6,2.50261,3809.9,1.51244
1753769524696,06:12:04.696,bitfinex,ETH/USDT:USDT,3809.5,21.8776,3809.4,0.52502,3809.6,2.50261,3809.9,1.51244
1753769524699,06:12:04.699,bitfinex,ETH/USDT:USDT,3809.5,21.8776,3809.4,0.52502,3809.6,2.50261,3809.9,1.51244
1753769524914,06:12:04.914,bitfinex,ETH/USDT:USDT,3809.5,21.8776,3809.1,0.65343937,3809.6,2.50261,3809.9,1.51244
1753769524915,06:12:04.915,bitfinex,ETH/USDT:USDT,3809.5,21.8776,3809.1,0.65343937,3809.6,2.50261,3809.9,1.51244
1753769525227,06:12:05.227,bitfinex,ETH/USDT:USDT,3809.5,21.8776,3809.1,0.65343937,3809.6,2.50261,3809.9,1.51244
1753769525228,06:12:05.228,bitfinex,ETH/USDT:USDT,3809.5,21.8776,3809.1,0.65343937,3809.6,2.50261,3809.9,1.51244
1753769525437,06:12:05.437,bitfinex,ETH/USDT:USDT,3809.5,21.8776,3808.8,1.31279,3809.6,2.50261,3809.9,1.51244
1753769525439,06:12:05.439,bitfinex,ETH/USDT:USDT,3809.5,21.171,3808.9,0.4191,3809.6,2.50261,3809.9,1.51244
1753769525443,06:12:05.443,bitfinex,ETH/USDT:USDT,3809.5,21.171,3808.9,0.4191,3809.6,2.50261,3809.9,1.51244
1753769525597,06:12:05.597,bitfinex,ETH/USDT:USDT,3809.5,21.171,3808.8,1.96622937,3809.6,2.50261,3809.9,1.51244
1753769525598,06:12:05.598,bitfinex,ETH/USDT:USDT,3809.5,21.171,3809.2,0.52505,3809.6,2.50261,3809.8,0.65343937
1753769525599,06:12:05.599,bitfinex,ETH/USDT:USDT,3809.5,21.171,3809.2,0.52505,3809.6,2.50261,3809.8,0.65343937
1753769526064,06:12:06.064,bitfinex,ETH/USDT:USDT,3809.5,21.171,3809.2,0.52505,3809.6,2.50261,3809.8,0.65343937
1753769526067,06:12:06.067,bitfinex,ETH/USDT:USDT,3809.5,21.171,3809.3,0.52505,3809.6,2.50261,3809.8,0.65343937
1753769526430,06:12:06.430,bitfinex,ETH/USDT:USDT,3809.5,21.171,3809.2,0.94415,3809.6,2.50261,3809.8,0.65343937
1753769526473,06:12:06.473,bitfinex,ETH/USDT:USDT,3809.5,21.171,3809.2,0.52505,3809.6,2.50261,3809.8,0.65343937
1753769526604,06:12:06.604,bitfinex,ETH/USDT:USDT,3809.5,21.171,3808.8,1.96621937,3809.6,2.50261,3809.8,0.65343937
1753769526605,06:12:06.605,bitfinex,ETH/USDT:USDT,3809.5,21.8776,3808.9,1.31273,3809.6,2.50261,3809.9,1.51244
1753769526606,06:12:06.606,bitfinex,ETH/USDT:USDT,3809.5,21.8776,3808.9,1.31273,3809.6,2.50261,3809.9,1.51244
1753769526806,06:12:06.806,bitfinex,ETH/USDT:USDT,3809.5,21.8776,3808.9,1.31273,3809.6,2.50261,3809.9,1.51244
1753769526807,06:12:06.807,bitfinex,ETH/USDT:USDT,3809.5,21.8776,3809.4,0.52503,3809.6,2.50261,3809.9,1.51244
1753769526808,06:12:06.808,bitfinex,ETH/USDT:USDT,3809.5,21.8776,3809.4,0.52503,3809.6,2.50261,3809.9,1.51244
1753769527004,06:12:07.004,bitfinex,ETH/USDT:USDT,3809.5,21.8776,3809.1,0.65343937,3809.6,2.50261,3809.9,1.51244
1753769527005,06:12:07.005,bitfinex,ETH/USDT:USDT,3809.5,21.8776,3809.3,0.52504,3809.6,2.50261,3809.9,1.51244
1753769527005,06:12:07.005,bitfinex,ETH/USDT:USDT,3809.5,21.8776,3809.3,0.52504,3809.6,2.50261,3809.9,1.51244
1753769527311,06:12:07.311,bitfinex,ETH/USDT:USDT,3809.5,21.8776,3809.3,0.52504,3809.6,2.50261,3809.9,1.51244
1753769527312,06:12:07.312,bitfinex,ETH/USDT:USDT,3809.5,21.8776,3809.3,0.52504,3809.6,2.50261,3809.9,1.51244
1753769527313,06:12:07.313,bitfinex,ETH/USDT:USDT,3809.5,21.8776,3809.3,0.52504,3809.6,2.50261,3809.9,1.51244
1753769527509,06:12:07.509,bitfinex,ETH/USDT:USDT,3809.5,21.8776,3809.3,0.52504,3809.6,2.50261,3809.9,1.51244
1753769527510,06:12:07.510,bitfinex,ETH/USDT:USDT,3809.5,21.8776,3809.3,0.52504,3809.6,2.50261,3809.9,1.51244
1753769528154,06:12:08.154,bitfinex,ETH/USDT:USDT,3809.5,21.8776,3809.4,0.52503,3809.6,2.50261,3809.9,1.51244
1753769528308,06:12:08.308,bitfinex,ETH/USDT:USDT,3809.5,21.8776,3809.4,0.52503,3809.6,2.50261,3809.9,1.51244
1753769528309,06:12:08.309,bitfinex,ETH/USDT:USDT,3809.5,21.8776,3809.4,0.52503,3809.6,2.50261,3809.9,1.51244
1753769528505,06:12:08.505,bitfinex,ETH/USDT:USDT,3809.5,21.8776,3809.4,0.52503,3809.6,2.50261,3809.9,1.51244
1753769528505,06:12:08.505,bitfinex,ETH/USDT:USDT,3809.5,21.8776,3809.4,0.52503,3809.6,2.50261,3809.9,1.51244
1753769528711,06:12:08.711,bitfinex,ETH/USDT:USDT,3809.5,21.8776,3809.1,0.65343937,3809.6,2.50261,3809.9,1.51244
1753769528711,06:12:08.711,bitfinex,ETH/USDT:USDT,3809.5,21.8776,3809.3,0.52504,3809.6,2.50261,3809.9,1.51244
1753769528908,06:12:08.908,bitfinex,ETH/USDT:USDT,3809.5,21.8776,3809.1,0.65343937,3809.6,2.50261,3809.9,1.51244
1753769528909,06:12:08.909,bitfinex,ETH/USDT:USDT,3809.5,21.8776,3809.2,0.52506,3809.6,2.50261,3809.9,1.51244
1753769528909,06:12:08.909,bitfinex,ETH/USDT:USDT,3809.5,21.8776,3809.2,0.52506,3809.6,2.50261,3809.9,1.51244
1753769529109,06:12:09.109,bitfinex,ETH/USDT:USDT,3809.5,21.8776,3809.1,0.65343937,3809.6,2.50261,3809.9,1.51244
1753769529110,06:12:09.110,bitfinex,ETH/USDT:USDT,3809.5,21.8776,3809.1,1.17850937,3809.6,2.50261,3809.9,1.51244
1753769529110,06:12:09.110,bitfinex,ETH/USDT:USDT,3809.5,21.8776,3809.1,1.17850937,3809.6,2.50261,3809.9,1.51244
1753769529315,06:12:09.315,bitfinex,ETH/USDT:USDT,3809.5,21.8776,3809.1,1.17850937,3809.6,2.50261,3809.9,1.51244
1753769529316,06:12:09.316,bitfinex,ETH/USDT:USDT,3809.5,21.8776,3809.1,1.17850937,3809.6,2.50261,3809.9,1.51244
1753769529318,06:12:09.318,bitfinex,ETH/USDT:USDT,3809.5,21.8776,3809.1,1.17850937,3809.6,2.50261,3809.9,1.51244
1753769530077,06:12:10.077,bitfinex,ETH/USDT:USDT,3809.5,21.8776,3809.1,1.17850937,3809.6,2.50261,3809.9,1.51244
1753769530204,06:12:10.204,bitfinex,ETH/USDT:USDT,3809.5,21.8776,3809.1,1.17850937,3809.6,2.50261,3809.9,1.51244
1753769530204,06:12:10.204,bitfinex,ETH/USDT:USDT,3809.5,21.8776,3809.1,1.17850937,3809.6,2.50261,3809.9,1.51244
1753769530205,06:12:10.205,bitfinex,ETH/USDT:USDT,3809.5,21.8776,3809.1,1.17850937,3809.6,2.50261,3809.9,1.51244
1753769530404,06:12:10.404,bitfinex,ETH/USDT:USDT,3809.5,21.8776,3809.1,1.17849937,3809.6,2.50261,3809.9,1.51244
1753769530405,06:12:10.405,bitfinex,ETH/USDT:USDT,3809.5,21.8776,3809.1,1.17849937,3809.6,2.50261,3809.9,1.51244
1753769530608,06:12:10.608,bitfinex,ETH/USDT:USDT,3809.5,21.8776,3809.1,1.17849937,3809.6,2.50261,3809.9,1.51244
1753769530608,06:12:10.608,bitfinex,ETH/USDT:USDT,3809.5,21.8776,3809.1,1.17849937,3809.6,2.50261,3809.9,1.51244
1753769530608,06:12:10.608,bitfinex,ETH/USDT:USDT,3809.5,21.8776,3809.1,1.17849937,3809.6,2.50261,3809.9,1.51244
1753769531354,06:12:11.354,bitfinex,ETH/USDT:USDT,3809.5,22.40261,3809.4,0.65343937,3809.6,0.3198,3809.9,0.6462
1753769531395,06:12:11.395,bitfinex,ETH/USDT:USDT,3809.5,22.40261,3809.4,0.65343937,3809.6,0.3198,3809.9,0.6462
1753769531405,06:12:11.405,bitfinex,ETH/USDT:USDT,3809.5,22.40261,3809.4,0.65343937,3809.6,0.3198,3809.9,0.6462
1753769531432,06:12:11.432,bitfinex,ETH/USDT:USDT,3809.5,22.40261,3809.4,0.65343937,3809.6,0.3198,3809.9,0.6462
1753769531512,06:12:11.512,bitfinex,ETH/USDT:USDT,3809.5,22.40261,3809.4,0.65343937,3809.6,0.3198,3809.9,0.6462
1753769531515,06:12:11.515,bitfinex,ETH/USDT:USDT,3809.5,22.40261,3809.4,0.65343937,3809.6,0.3198,3809.9,0.6462
1753769531711,06:12:11.711,bitfinex,ETH/USDT:USDT,3809.5,22.40261,3809.4,0.65343937,3809.6,0.3198,3809.9,0.6462
1753769531712,06:12:11.712,bitfinex,ETH/USDT:USDT,3809.5,22.40261,3809.4,0.65343937,3809.6,0.5284,3809.9,0.6462
1753769531714,06:12:11.714,bitfinex,ETH/USDT:USDT,3809.5,22.40261,3809.4,0.65343937,3809.6,0.5284,3809.9,0.2
1753769531974,06:12:11.974,bitfinex,ETH/USDT:USDT,3809.5,22.40261,3809.4,0.65343937,3809.6,0.5284,3809.8,0.4462
1753769531986,06:12:11.986,bitfinex,ETH/USDT:USDT,3809.5,22.40261,3809.4,0.65343937,3809.6,0.5284,3809.8,0.4462
1753769532111,06:12:12.111,bitfinex,ETH/USDT:USDT,3809.5,22.40261,3809.4,0.65343937,3809.6,0.5284,3809.9,0.2
1753769532112,06:12:12.112,bitfinex,ETH/USDT:USDT,3809.5,22.40261,3809.4,0.65343937,3809.6,1.05341,3809.9,0.2
1753769532112,06:12:12.112,bitfinex,ETH/USDT:USDT,3809.5,22.40261,3809.4,0.65343937,3809.6,1.05341,3809.9,0.2
1753769532406,06:12:12.406,bitfinex,ETH/USDT:USDT,3809.5,22.40261,3809.4,0.65343937,3809.6,1.05341,3809.9,0.2
1753769532406,06:12:12.406,bitfinex,ETH/USDT:USDT,3809.5,22.40261,3809.4,0.65343937,3809.6,1.49961,3809.9,1.51243
1753769532407,06:12:12.407,bitfinex,ETH/USDT:USDT,3809.5,22.40261,3809.4,0.65343937,3809.6,1.49961,3809.9,1.51243
1753769532613,06:12:12.613,bitfinex,ETH/USDT:USDT,3809.5,22.40261,3809.1,1.31268,3809.6,1.49961,3809.9,1.51243
1753769532618,06:12:12.618,bitfinex,ETH/USDT:USDT,3809.5,21.8776,3809.1,0.65343937,3809.6,1.78131,3809.8,0.4212
1753769532811,06:12:12.811,bitfinex,ETH/USDT:USDT,3809.5,21.8776,3809.1,0.65343937,3809.6,1.78131,3809.8,0.4212
1753769532812,06:12:12.812,bitfinex,ETH/USDT:USDT,3809.5,21.8776,3809.2,0.52505,3809.6,2.50261,3809.9,1.51243
1753769532812,06:12:12.812,bitfinex,ETH/USDT:USDT,3809.5,21.8776,3809.2,0.52505,3809.6,2.50261,3809.9,1.51243
1753769533618,06:12:13.618,bitfinex,ETH/USDT:USDT,3809.5,21.8776,3809.3,0.52505,3809.6,2.50261,3809.9,1.51243
1753769533633,06:12:13.633,bitfinex,ETH/USDT:USDT,3809.5,21.8776,3809.3,0.52505,3809.6,2.50261,3809.9,1.51243
1753769533721,06:12:13.721,bitfinex,ETH/USDT:USDT,3809.5,21.8776,3809.3,0.52505,3809.6,2.50261,3809.9,1.51243
1753769533722,06:12:13.722,bitfinex,ETH/USDT:USDT,3809.5,21.8776,3809.3,0.52505,3809.6,2.50261,3809.9,1.51243
1753769533722,06:12:13.722,bitfinex,ETH/USDT:USDT,3809.5,21.8776,3809.3,0.52505,3809.6,2.50261,3809.9,1.51243
1753769534012,06:12:14.012,bitfinex,ETH/USDT:USDT,3809.5,21.8776,3809.1,0.65343937,3809.6,2.50261,3809.9,1.51243
1753769534013,06:12:14.013,bitfinex,ETH/USDT:USDT,3809.5,21.8776,3809.4,0.52503,3809.6,2.50261,3809.9,1.51243
1753769534013,06:12:14.013,bitfinex,ETH/USDT:USDT,3809.5,21.8776,3809.4,0.52503,3809.6,2.50261,3809.9,1.51243
1753769534217,06:12:14.217,bitfinex,ETH/USDT:USDT,3809.5,21.8776,3809.1,0.65343937,3809.6,2.50261,3809.9,1.51243
1753769534219,06:12:14.219,bitfinex,ETH/USDT:USDT,3809.5,22.40262,3809.1,0.65343937,3809.6,2.50261,3809.9,1.51243
1753769534220,06:12:14.220,bitfinex,ETH/USDT:USDT,3809.5,22.40262,3809.1,0.65343937,3809.6,2.50261,3809.9,1.51243
1753769534414,06:12:14.414,bitfinex,ETH/USDT:USDT,3809.5,22.40262,3809.1,0.65343937,3809.6,2.50261,3809.9,1.51243
1753769534415,06:12:14.415,bitfinex,ETH/USDT:USDT,3809.5,22.40262,3809.4,0.65343937,3809.6,1.78131,3809.8,0.4143
1753769534416,06:12:14.416,bitfinex,ETH/USDT:USDT,3809.5,22.40262,3809.4,0.65343937,3809.6,1.78131,3809.8,0.4143
1753769535257,06:12:15.257,bitfinex,ETH/USDT:USDT,3809.5,22.40262,3809.4,0.65343937,3809.6,0.84481,3809.9,1.51243
1753769535277,06:12:15.277,bitfinex,ETH/USDT:USDT,3809.5,22.40262,3809.4,0.65343937,3809.6,0.84481,3809.9,1.51243
1753769535312,06:12:15.312,bitfinex,ETH/USDT:USDT,3809.5,22.40262,3809.4,0.65343937,3809.6,0.84481,3809.9,1.51243
1753769535313,06:12:15.313,bitfinex,ETH/USDT:USDT,3809.5,22.40262,3809.4,0.65343937,3809.6,0.84481,3809.9,1.95953
1753769535514,06:12:15.514,bitfinex,ETH/USDT:USDT,3809.5,22.40262,3809.4,0.65343937,3809.6,0.84481,3809.9,1.95953
1753769535515,06:12:15.515,bitfinex,ETH/USDT:USDT,3809.5,22.40262,3809.4,0.65343937,3809.6,0.84481,3809.9,1.95953
1753769535515,06:12:15.515,bitfinex,ETH/USDT:USDT,3809.5,22.40262,3809.4,0.65343937,3809.6,0.84481,3809.9,1.95953
1753769535888,06:12:15.888,bitfinex,ETH/USDT:USDT,3809.5,22.40262,3809.4,0.65343937,3809.6,0.84481,3809.9,1.95953
1753769535899,06:12:15.899,bitfinex,ETH/USDT:USDT,3809.5,22.40262,3809.4,0.65343937,3809.6,0.84481,3809.9,1.95953
1753769535913,06:12:15.913,bitfinex,ETH/USDT:USDT,3809.5,22.40262,3809.4,0.65343937,3809.6,0.84481,3809.9,1.95953
1753769536210,06:12:16.210,bitfinex,ETH/USDT:USDT,3809.5,22.40262,3809.4,0.65343937,3809.6,0.84481,3809.9,1.95953
1753769536211,06:12:16.211,bitfinex,ETH/USDT:USDT,3809.5,22.40262,3809.4,0.65343937,3809.6,0.84481,3809.9,1.95953
1753769536414,06:12:16.414,bitfinex,ETH/USDT:USDT,3809.5,22.40262,3809.4,0.65343937,3809.6,0.84481,3809.9,1.95953
1753769536414,06:12:16.414,bitfinex,ETH/USDT:USDT,3809.5,22.40262,3809.4,0.65343937,3809.6,0.84481,3809.9,1.95953
1753769536415,06:12:16.415,bitfinex,ETH/USDT:USDT,3809.5,22.40262,3809.4,0.65343937,3809.6,0.84481,3809.9,1.95953
1753769536614,06:12:16.614,bitfinex,ETH/USDT:USDT,3809.5,22.40262,3809.4,0.65343937,3809.6,0.84481,3809.9,1.95953
1753769536615,06:12:16.615,bitfinex,ETH/USDT:USDT,3809.5,22.40262,3809.4,0.65343937,3809.6,0.84481,3809.9,1.95953
1753769536616,06:12:16.616,bitfinex,ETH/USDT:USDT,3809.5,22.40262,3809.4,0.65343937,3809.6,0.84481,3809.9,1.95953
1753769536801,06:12:16.801,bitfinex,ETH/USDT:USDT,3809.5,22.40262,3809.4,0.65343937,3809.6,0.84481,3809.9,1.95953
1753769536802,06:12:16.802,bitfinex,ETH/USDT:USDT,3809.5,22.40262,3809.4,0.65343937,3809.6,0.84481,3809.9,1.95953
1753769536802,06:12:16.802,bitfinex,ETH/USDT:USDT,3809.5,22.40262,3809.4,0.65343937,3809.6,0.84481,3809.9,1.95953
1753769537723,06:12:17.723,bitfinex,ETH/USDT:USDT,3809.5,22.40262,3809.4,0.65343937,3809.6,0.84481,3809.9,1.95953
1753769537743,06:12:17.743,bitfinex,ETH/USDT:USDT,3809.5,22.40262,3809.4,0.65343937,3809.6,0.84481,3809.9,1.95953
1753769537832,06:12:17.832,bitfinex,ETH/USDT:USDT,3809.5,22.40262,3809.4,0.65343937,3809.6,0.84481,3809.9,1.95953
1753769537893,06:12:17.893,bitfinex,ETH/USDT:USDT,3809.5,22.40262,3809.4,0.65343937,3809.6,0.84481,3809.9,1.95953
1753769538003,06:12:18.003,bitfinex,ETH/USDT:USDT,3809.5,22.40262,3809.4,0.65343937,3809.6,0.84481,3809.9,1.95953
1753769538012,06:12:18.012,bitfinex,ETH/USDT:USDT,3809.9,0.4299,3809.8,0.2963,3810.4,0.94060439,3810.6,1.41254827
1753769538183,06:12:18.183,bitfinex,ETH/USDT:USDT,3809.8,0.2963,3809.5,27.48353,3810.4,0.94060439,3810.6,1.41254827
1753769538185,06:12:18.185,bitfinex,ETH/USDT:USDT,3810.1,1.37963937,3810.0,21.67894,3810.2,0.52494,3810.3,0.69139887
1753769538412,06:12:18.412,bitfinex,ETH/USDT:USDT,3810.1,1.37963937,3810.0,21.67894,3810.2,0.52494,3810.3,0.69139887
1753769538413,06:12:18.413,bitfinex,ETH/USDT:USDT,3810.1,21.8792,3810.0,0.52494,3810.2,2.50213887,3810.5,1.35490439
1753769538414,06:12:18.414,bitfinex,ETH/USDT:USDT,3810.1,21.8792,3810.0,0.52494,3810.2,2.50213887,3810.5,1.35490439
1753769538616,06:12:18.616,bitfinex,ETH/USDT:USDT,3810.1,21.8792,3810.0,0.52494,3810.2,1.81074,3810.5,0.4143
1753769538624,06:12:18.624,bitfinex,ETH/USDT:USDT,3810.1,21.8792,3810.0,0.52494,3810.2,1.81074,3810.5,0.4143
1753769538809,06:12:18.809,bitfinex,ETH/USDT:USDT,3810.1,21.8792,3810.0,0.52494,3810.2,1.81074,3810.5,0.4143
1753769538810,06:12:18.810,bitfinex,ETH/USDT:USDT,3810.1,21.8792,3810.0,0.52494,3810.2,1.81074,3810.5,0.4143
1753769538810,06:12:18.810,bitfinex,ETH/USDT:USDT,3810.1,21.8792,3810.0,0.52494,3810.2,1.81074,3810.5,0.4143
1753769539221,06:12:19.221,bitfinex,ETH/USDT:USDT,3810.1,21.8792,3809.5,0.65343937,3810.2,2.50144,3810.6,1.3122
1753769539240,06:12:19.240,bitfinex,ETH/USDT:USDT,3810.1,21.8792,3809.5,0.65343937,3810.2,2.50144,3810.6,1.3122
1753769539310,06:12:19.310,bitfinex,ETH/USDT:USDT,3810.1,21.8792,3809.5,0.65343937,3810.2,2.50144,3810.6,1.3122
1753769539311,06:12:19.311,bitfinex,ETH/USDT:USDT,3810.1,21.8792,3810.0,0.52495,3810.2,2.50144,3810.6,1.3122
1753769539507,06:12:19.507,bitfinex,ETH/USDT:USDT,3810.1,21.8792,3809.5,0.65343937,3810.2,2.50144,3810.6,1.3122
1753769539509,06:12:19.509,bitfinex,ETH/USDT:USDT,3810.1,22.40414,3809.8,0.65343937,3810.2,2.50144,3810.7,1.31215
1753769539509,06:12:19.509,bitfinex,ETH/USDT:USDT,3810.1,22.40414,3809.8,0.65343937,3810.2,2.50144,3810.7,1.31215
1753769539813,06:12:19.813,bitfinex,ETH/USDT:USDT,3810.1,22.40414,3809.8,0.65343937,3810.2,2.50144,3810.7,1.31215
1753769539815,06:12:19.815,bitfinex,ETH/USDT:USDT,3810.1,22.40414,3809.8,0.65343937,3810.2,1.2858,3810.4,0.4143
1753769539816,06:12:19.816,bitfinex,ETH/USDT:USDT,3810.1,22.40414,3809.8,0.65343937,3810.2,1.2858,3810.4,0.4143
1753769540455,06:12:20.455,bitfinex,ETH/USDT:USDT,3810.1,22.40414,3809.8,0.65343937,3810.2,1.2858,3810.4,0.4143
1753769540506,06:12:20.506,bitfinex,ETH/USDT:USDT,3810.1,22.40414,3809.8,1.96587937,3810.2,1.2858,3810.3,0.52492
1753769540611,06:12:20.611,bitfinex,ETH/USDT:USDT,3810.1,22.40414,3809.8,1.96587937,3810.2,1.36362,3810.4,0.8614
1753769540969,06:12:20.969,bitfinex,ETH/USDT:USDT,3810.1,22.40414,3809.8,1.96587937,3810.2,0.5339,3810.3,0.52491
1753769541035,06:12:21.035,bitfinex,ETH/USDT:USDT,3810.5,0.7262,3810.1,21.80643937,3810.6,1.05879,3810.7,0.4471
1753769541038,06:12:21.038,bitfinex,ETH/USDT:USDT,3810.5,0.7262,3810.1,21.80643937,3810.6,1.05879,3810.7,0.4471
1753769541210,06:12:21.210,bitfinex,ETH/USDT:USDT,3810.5,0.7262,3810.1,21.80643937,3810.6,1.05879,3810.7,0.4471
1753769541213,06:12:21.213,bitfinex,ETH/USDT:USDT,3810.5,21.8762,3810.1,0.65343937,3810.6,1.05879,3810.7,0.4471
1753769541213,06:12:21.213,bitfinex,ETH/USDT:USDT,3810.5,21.8762,3810.1,0.65343937,3810.6,1.05879,3810.7,0.4471
1753769541516,06:12:21.516,bitfinex,ETH/USDT:USDT,3810.5,21.8762,3810.1,0.65343937,3810.6,1.05879,3810.7,0.4471
1753769541517,06:12:21.517,bitfinex,ETH/USDT:USDT,3810.5,21.8762,3810.1,0.65343937,3810.6,1.81069,3810.8,0.4143
1753769541517,06:12:21.517,bitfinex,ETH/USDT:USDT,3810.5,21.8762,3810.1,0.65343937,3810.6,1.81069,3810.8,0.4143
1753769541792,06:12:21.792,bitfinex,ETH/USDT:USDT,3810.5,22.40107,3810.1,1.96576937,3810.6,2.50100058,3810.8,0.4143
1753769541801,06:12:21.801,bitfinex,ETH/USDT:USDT,3810.5,22.40107,3810.1,1.96576937,3810.6,2.50100058,3810.8,0.4143
1753769541915,06:12:21.915,bitfinex,ETH/USDT:USDT,3810.5,22.40107,3810.1,1.96576937,3810.6,2.50100058,3810.8,0.4143
1753769541917,06:12:21.917,bitfinex,ETH/USDT:USDT,3810.5,22.40107,3810.4,0.65343937,3810.6,2.05390058,3810.8,0.4143
1753769541918,06:12:21.918,bitfinex,ETH/USDT:USDT,3810.5,22.40107,3810.4,0.65343937,3810.6,2.05390058,3810.8,0.4143
1753769542415,06:12:22.415,bitfinex,ETH/USDT:USDT,3810.5,22.40107,3810.4,0.65343937,3810.6,2.05390058,3810.8,0.4143
1753769542439,06:12:22.439,bitfinex,ETH/USDT:USDT,3810.5,22.40107,3810.4,0.65343937,3810.6,1.52901058,3810.8,0.4143
1753769542507,06:12:22.507,bitfinex,ETH/USDT:USDT,3810.5,21.8762,3810.4,1.17832937,3810.6,2.05388058,3810.8,0.4143
1753769542643,06:12:22.643,bitfinex,ETH/USDT:USDT,3810.5,21.15,3810.1,0.52493,3810.6,3.19162875,3810.9,0.01394
1753769542649,06:12:22.649,bitfinex,ETH/USDT:USDT,3810.5,21.15,3810.1,0.52493,3810.6,3.19162875,3810.9,0.01394
1753769542805,06:12:22.805,bitfinex,ETH/USDT:USDT,3810.5,21.15,3810.0,0.4299,3810.6,3.19162875,3810.9,0.01394
1753769542806,06:12:22.806,bitfinex,ETH/USDT:USDT,3810.5,21.15,3810.0,0.4299,3810.6,3.19162875,3810.9,0.01394
1753769542806,06:12:22.806,bitfinex,ETH/USDT:USDT,3810.5,21.15,3810.0,0.4299,3810.6,3.19162875,3810.9,0.01394
1753769543008,06:12:23.008,bitfinex,ETH/USDT:USDT,3810.5,21.15,3809.8,0.65343937,3810.6,3.19162875,3810.9,0.01394
1753769543009,06:12:23.009,bitfinex,ETH/USDT:USDT,3810.5,21.15,3810.2,0.95482,3810.6,3.19162875,3810.9,0.01394
1753769543009,06:12:23.009,bitfinex,ETH/USDT:USDT,3810.5,21.15,3810.2,0.95482,3810.6,3.19162875,3810.9,0.01394
1753769543221,06:12:23.221,bitfinex,ETH/USDT:USDT,3810.5,21.15,3810.1,0.52493,3810.6,3.19162875,3810.9,0.01394
1753769543414,06:12:23.414,bitfinex,ETH/USDT:USDT,3810.5,21.15,3809.8,0.65343937,3810.6,3.19162875,3810.9,0.01394
1753769543415,06:12:23.415,bitfinex,ETH/USDT:USDT,3810.5,21.8762,3810.2,0.52492,3810.6,3.19162875,3810.9,0.01394
1753769543416,06:12:23.416,bitfinex,ETH/USDT:USDT,3810.5,21.8762,3810.2,0.52492,3810.6,3.19162875,3810.9,0.01394
1753769543881,06:12:23.881,bitfinex,ETH/USDT:USDT,3810.5,21.8762,3810.2,0.52492,3810.6,3.19162875,3810.9,0.01394
1753769544117,06:12:24.117,bitfinex,ETH/USDT:USDT,3810.5,21.8762,3810.2,0.52492,3810.6,3.19162875,3810.9,0.01394
1753769544117,06:12:24.117,bitfinex,ETH/USDT:USDT,3810.5,21.8762,3810.2,0.52492,3810.6,3.19162875,3810.9,0.01394
1753769544117,06:12:24.117,bitfinex,ETH/USDT:USDT,3810.5,21.8762,3810.2,0.52492,3810.6,3.19162875,3810.9,0.01394
1753769544319,06:12:24.319,bitfinex,ETH/USDT:USDT,3810.5,21.8762,3810.2,0.52492,3810.6,3.19162875,3810.9,0.01394
1753769544320,06:12:24.320,bitfinex,ETH/USDT:USDT,3810.5,21.8762,3810.2,0.52492,3810.6,3.19162875,3810.9,0.01394
1753769544320,06:12:24.320,bitfinex,ETH/USDT:USDT,3810.5,21.8762,3810.2,0.52492,3810.6,2.50137,3810.9,0.01394
1753769544625,06:12:24.625,bitfinex,ETH/USDT:USDT,3810.5,21.8762,3810.2,0.52492,3810.6,2.50137,3810.9,0.01394
1753769544626,06:12:24.626,bitfinex,ETH/USDT:USDT,3810.5,21.8762,3810.2,0.52492,3810.6,2.50137,3810.9,0.01394
1753769544627,06:12:24.627,bitfinex,ETH/USDT:USDT,3810.5,21.8762,3810.2,0.52492,3810.6,2.50137,3810.9,0.01394
1753769544948,06:12:24.948,bitfinex,ETH/USDT:USDT,3810.5,21.8762,3810.2,0.52492,3810.6,2.50137,3810.9,0.01394
1753769544948,06:12:24.948,bitfinex,ETH/USDT:USDT,3810.5,21.8762,3810.2,0.52492,3810.6,2.50137,3810.9,0.01394
1753769545227,06:12:25.227,bitfinex,ETH/USDT:USDT,3810.5,21.8762,3810.2,0.52492,3810.6,2.50137,3810.9,0.01394
1753769545228,06:12:25.228,bitfinex,ETH/USDT:USDT,3810.5,21.8762,3810.2,0.52492,3810.6,2.50137,3810.9,0.01394
1753769545528,06:12:25.528,bitfinex,ETH/USDT:USDT,3810.5,21.8762,3809.8,0.65343937,3810.6,2.50137,3810.9,0.01394
1753769545529,06:12:25.529,bitfinex,ETH/USDT:USDT,3810.5,21.8762,3809.9,1.31239,3810.6,2.50137,3810.9,0.01394
1753769545529,06:12:25.529,bitfinex,ETH/USDT:USDT,3810.5,21.8762,3809.9,1.31239,3810.6,2.50137,3810.9,0.01394
1753769545720,06:12:25.720,bitfinex,ETH/USDT:USDT,3810.5,21.8762,3809.9,1.31239,3810.6,2.50137,3810.9,0.01394
1753769545720,06:12:25.720,bitfinex,ETH/USDT:USDT,3810.5,21.8762,3809.9,1.31239,3810.6,2.50137,3810.9,0.01394
1753769545929,06:12:25.929,bitfinex,ETH/USDT:USDT,3810.5,21.8762,3809.9,1.31239,3810.6,2.50137,3810.9,0.01394
1753769545932,06:12:25.932,bitfinex,ETH/USDT:USDT,3810.5,21.8762,3810.4,0.52489,3810.6,2.50137,3810.9,1.32604
1753769545941,06:12:25.941,bitfinex,ETH/USDT:USDT,3810.5,21.8762,3810.4,0.52489,3810.6,2.50137,3810.9,1.32604
1753769546657,06:12:26.657,bitfinex,ETH/USDT:USDT,3810.5,21.8762,3810.2,0.52491,3810.6,2.50137,3810.9,1.32604
1753769546774,06:12:26.774,bitfinex,ETH/USDT:USDT,3810.1,0.7262,3809.5,0.65343937,3810.2,2.50142,3810.5,1.31223
1753769546842,06:12:26.842,bitfinex,ETH/USDT:USDT,3810.1,21.8732,3809.9,0.52496,3810.2,2.50142,3810.5,1.31223
1753769547016,06:12:27.016,bitfinex,ETH/USDT:USDT,3809.9,0.52496,3809.5,1.96597937,3810.2,2.50142,3810.5,1.31223
1753769547018,06:12:27.018,bitfinex,ETH/USDT:USDT,3809.8,1.25117,3809.5,0.65343937,3809.9,1.32106,3810.2,1.1804
1753769547019,06:12:27.019,bitfinex,ETH/USDT:USDT,3809.8,1.25117,3809.5,0.65343937,3809.9,1.32106,3810.2,1.1804
1753769547396,06:12:27.396,bitfinex,ETH/USDT:USDT,3809.8,22.39617,3809.5,0.65343937,3809.9,2.50146,3810.3,1.31229
1753769547459,06:12:27.459,bitfinex,ETH/USDT:USDT,3809.8,22.39617,3809.5,0.65343937,3809.9,2.50146,3810.3,1.31229
1753769547473,06:12:27.473,bitfinex,ETH/USDT:USDT,3809.8,22.39617,3809.5,0.65343937,3809.9,2.50146,3810.3,1.31229
1753769547642,06:12:27.642,bitfinex,ETH/USDT:USDT,3809.8,22.39617,3809.5,0.65343937,3809.9,2.50146,3810.3,1.31229
1753769547645,06:12:27.645,bitfinex,ETH/USDT:USDT,3809.8,22.39617,3809.5,0.65343937,3809.9,2.50146,3810.3,1.31229
1753769547934,06:12:27.934,bitfinex,ETH/USDT:USDT,3809.8,22.39617,3809.5,0.65343937,3809.9,2.50146,3810.3,1.31229
1753769547936,06:12:27.936,bitfinex,ETH/USDT:USDT,3809.8,22.39617,3809.5,0.65343937,3809.9,2.50146,3810.2,1.31234
1753769547943,06:12:27.943,bitfinex,ETH/USDT:USDT,3809.8,22.39617,3809.5,0.65343937,3809.9,2.50146,3810.2,1.31234
1753769548506,06:12:28.506,bitfinex,ETH/USDT:USDT,3809.8,22.39617,3809.5,0.65343937,3809.9,2.50146,3810.2,1.31234
1753769548872,06:12:28.872,bitfinex,ETH/USDT:USDT,3809.8,22.39617,3809.5,1.96596937,3809.9,2.50146,3810.2,1.31234
1753769549023,06:12:29.023,bitfinex,ETH/USDT:USDT,3809.8,22.39617,3809.5,1.96596937,3809.9,2.50146,3810.2,1.31234
1753769549024,06:12:29.024,bitfinex,ETH/USDT:USDT,3809.8,22.39617,3809.5,1.96596937,3809.9,2.50146,3810.2,1.31234
1753769549863,06:12:29.863,bitfinex,ETH/USDT:USDT,3809.6,0.2963,3809.4,0.52503,3809.7,2.50149,3810.0,1.31241
1753769550029,06:12:30.029,bitfinex,ETH/USDT:USDT,3809.6,0.2963,3809.4,0.52503,3809.7,2.50149,3810.0,1.31241
1753769550248,06:12:30.248,bitfinex,ETH/USDT:USDT,3809.6,21.4393,3809.4,0.95493,3809.7,2.50149,3810.0,1.31241
1753769550298,06:12:30.298,bitfinex,ETH/USDT:USDT,3809.6,21.4393,3809.4,0.95493,3809.7,2.50149,3810.0,1.31241
1753769551394,06:12:31.394,bitfinex,ETH/USDT:USDT,3809.6,22.1450616,3809.5,0.52502,3809.7,2.50149,3810.0,1.31241
1753769551805,06:12:31.805,bitfinex,ETH/USDT:USDT,3809.6,22.6700716,3809.2,1.96608937,3809.7,2.50149,3810.0,1.31241
1753769552089,06:12:32.089,bitfinex,ETH/USDT:USDT,3810.0,1.25113,3809.7,1.31246,3810.1,0.319,3810.3,0.52491
1753769552213,06:12:32.213,bitfinex,ETH/USDT:USDT,3810.0,23.32343097,3809.7,1.31246,3810.1,0.319,3810.4,0.972
1753769552284,06:12:32.284,bitfinex,ETH/USDT:USDT,3810.0,23.32343097,3809.7,1.31246,3810.1,0.319,3810.4,0.972
1753769552317,06:12:32.317,bitfinex,ETH/USDT:USDT,3810.0,23.32343097,3809.7,1.31246,3810.1,0.319,3810.4,0.972
1753769552524,06:12:32.524,bitfinex,ETH/USDT:USDT,3810.0,23.32343097,3809.7,1.31246,3810.1,0.319,3810.4,0.5249
1753769552525,06:12:32.525,bitfinex,ETH/USDT:USDT,3810.0,23.32343097,3809.7,1.31246,3810.1,0.319,3810.4,0.5249
1753769552527,06:12:32.527,bitfinex,ETH/USDT:USDT,3810.0,23.32343097,3809.7,1.31246,3810.1,0.319,3810.4,0.5249
1753769553087,06:12:33.087,bitfinex,ETH/USDT:USDT,3810.3,1.25111,3810.0,28.38466097,3810.4,0.8439,3810.8,1.31213
1753769553138,06:12:33.138,bitfinex,ETH/USDT:USDT,3810.3,22.6699716,3810.0,1.96579937,3810.4,0.8439,3810.7,0.4471
1753769553155,06:12:33.155,bitfinex,ETH/USDT:USDT,3810.3,22.6699716,3810.0,1.96579937,3810.4,0.8439,3810.7,0.4471
1753769553643,06:12:33.643,bitfinex,ETH/USDT:USDT,3810.3,22.6699716,3810.0,1.96579937,3810.4,0.8439,3810.7,0.4471
1753769553730,06:12:33.730,bitfinex,ETH/USDT:USDT,3810.8,0.7262,3810.3,22.07230097,3810.9,1.93407,3811.2,1.31198
1753769553786,06:12:33.786,bitfinex,ETH/USDT:USDT,3810.8,22.1440616,3810.6,0.65343937,3810.9,1.82457,3811.2,1.72628
1753769553807,06:12:33.807,bitfinex,ETH/USDT:USDT,3810.8,22.1440616,3810.6,0.65343937,3810.9,1.82457,3811.2,1.72628
1753769553933,06:12:33.933,bitfinex,ETH/USDT:USDT,3810.8,22.1440616,3810.6,0.65343937,3810.9,1.82457,3811.2,1.72628
1753769553939,06:12:33.939,bitfinex,ETH/USDT:USDT,3810.8,22.6689016,3810.6,0.65343937,3810.9,0.85777,3811.2,0.4143
1753769553943,06:12:33.943,bitfinex,ETH/USDT:USDT,3810.8,22.6689016,3810.6,0.65343937,3810.9,0.85777,3811.2,0.4143
1753769554114,06:12:34.114,bitfinex,ETH/USDT:USDT,3810.8,22.6689016,3810.6,0.65343937,3810.9,0.85777,3811.2,0.8614
1753769554318,06:12:34.318,bitfinex,ETH/USDT:USDT,3810.8,22.6689016,3810.6,0.65343937,3810.9,0.85777,3811.2,0.8614
1753769554320,06:12:34.320,bitfinex,ETH/USDT:USDT,3810.8,22.6689016,3810.6,0.65343937,3810.9,0.85777,3811.2,0.8614
1753769554536,06:12:34.536,bitfinex,ETH/USDT:USDT,3810.8,22.6689016,3810.6,0.65343937,3810.9,1.07267,3811.2,0.8614
1753769554884,06:12:34.884,bitfinex,ETH/USDT:USDT,3810.8,22.6689016,3810.6,0.65343937,3810.9,1.82457,3811.2,0.4143
1753769555022,06:12:35.022,bitfinex,ETH/USDT:USDT,3810.8,22.6689016,3810.6,0.65343937,3810.9,1.82457,3811.2,0.4143
1753769555023,06:12:35.023,bitfinex,ETH/USDT:USDT,3810.8,22.6689016,3810.6,0.65343937,3810.9,1.82457,3811.2,0.4143
1753769555024,06:12:35.024,bitfinex,ETH/USDT:USDT,3810.8,22.6689016,3810.6,0.65343937,3810.9,1.82457,3811.2,0.4143
1753769555218,06:12:35.218,bitfinex,ETH/USDT:USDT,3810.8,22.6689016,3810.6,0.65343937,3810.9,1.82457,3811.2,0.4143
1753769555219,06:12:35.219,bitfinex,ETH/USDT:USDT,3810.8,22.6689016,3810.6,0.65343937,3810.9,1.82457,3811.2,0.4143
1753769555219,06:12:35.219,bitfinex,ETH/USDT:USDT,3810.8,22.6689016,3810.6,0.65343937,3810.9,1.82457,3811.2,0.4143
1753769555422,06:12:35.422,bitfinex,ETH/USDT:USDT,3810.8,22.6689016,3810.6,0.65343937,3810.9,1.82457,3811.2,0.4143
1753769555423,06:12:35.423,bitfinex,ETH/USDT:USDT,3810.8,22.6689016,3810.6,0.65343937,3810.9,1.82457,3811.2,0.4143
1753769555425,06:12:35.425,bitfinex,ETH/USDT:USDT,3810.8,22.6689016,3810.6,0.65343937,3810.9,1.82457,3811.2,0.4143
1753769555859,06:12:35.859,bitfinex,ETH/USDT:USDT,3810.8,22.1440616,3810.3,0.65343937,3810.9,2.51527,3811.3,1.31197
1753769555930,06:12:35.930,bitfinex,ETH/USDT:USDT,3810.8,22.1440616,3810.3,0.65343937,3810.9,2.51527,3811.3,1.31197
1753769555932,06:12:35.932,bitfinex,ETH/USDT:USDT,3810.8,22.1440616,3810.7,0.52484,3810.9,2.51527,3811.3,1.31197
1753769556154,06:12:36.154,bitfinex,ETH/USDT:USDT,3810.8,22.1440616,3810.3,0.65343937,3810.9,2.51527,3811.3,1.31197
1753769556157,06:12:36.157,bitfinex,ETH/USDT:USDT,3810.8,22.6689016,3810.3,0.65343937,3810.9,2.51527,3811.3,1.31197
1753769556321,06:12:36.321,bitfinex,ETH/USDT:USDT,3810.8,22.6689016,3810.3,0.65343937,3810.9,2.51527,3811.3,1.31197
1753769556322,06:12:36.322,bitfinex,ETH/USDT:USDT,3810.8,22.6689016,3810.3,1.96569937,3810.9,2.51527,3811.3,1.31197
1753769556323,06:12:36.323,bitfinex,ETH/USDT:USDT,3810.8,22.6689016,3810.3,1.96569937,3810.9,2.51527,3811.3,1.31197
1753769557081,06:12:37.081,bitfinex,ETH/USDT:USDT,3810.8,22.6689016,3810.3,1.96569937,3810.9,2.51527,3811.3,1.31197
1753769557201,06:12:37.201,bitfinex,ETH/USDT:USDT,3810.8,22.6689016,3810.3,1.96569937,3810.9,2.51527,3811.3,1.31197
1753769557262,06:12:37.262,bitfinex,ETH/USDT:USDT,3810.8,22.6689016,3810.3,1.96569937,3810.9,2.51527,3811.3,1.31197
1753769557271,06:12:37.271,bitfinex,ETH/USDT:USDT,3810.8,22.6689016,3810.3,1.96569937,3810.9,2.51527,3811.3,1.31197
1753769557898,06:12:37.898,bitfinex,ETH/USDT:USDT,3810.8,22.6689016,3810.3,1.96569937,3810.9,2.51527,3811.3,1.31197
1753769558319,06:12:38.319,bitfinex,ETH/USDT:USDT,3810.8,22.6689016,3810.3,1.96569937,3810.9,2.51527,3811.4,1.31192
1753769558320,06:12:38.320,bitfinex,ETH/USDT:USDT,3810.8,22.6689016,3810.3,1.96569937,3810.9,2.51527,3811.2,1.31199
1753769558321,06:12:38.321,bitfinex,ETH/USDT:USDT,3810.8,22.6689016,3810.3,1.96569937,3810.9,2.51527,3811.2,1.31199
1753769558628,06:12:38.628,bitfinex,ETH/USDT:USDT,3810.8,22.6689016,3810.3,1.96569937,3810.9,2.51527,3811.2,1.31199
1753769558629,06:12:38.629,bitfinex,ETH/USDT:USDT,3810.8,22.6689016,3810.3,1.96569937,3810.9,2.51527,3811.2,1.31199
1753769558828,06:12:38.828,bitfinex,ETH/USDT:USDT,3810.8,22.6689016,3810.3,1.96569937,3810.9,2.51527,3811.2,1.31199
1753769558829,06:12:38.829,bitfinex,ETH/USDT:USDT,3810.8,22.6689016,3810.3,1.96569937,3810.9,2.51527,3811.2,1.31199
1753769558830,06:12:38.830,bitfinex,ETH/USDT:USDT,3810.8,22.6689016,3810.3,1.96569937,3810.9,2.51527,3811.2,1.31199
1753769559213,06:12:39.213,bitfinex,ETH/USDT:USDT,3810.8,22.6689016,3810.3,1.96569937,3810.9,2.51527,3811.2,1.31199
1753769559214,06:12:39.214,bitfinex,ETH/USDT:USDT,3810.8,22.6689016,3810.3,1.96569937,3810.9,2.51527,3811.2,1.31199
1753769559418,06:12:39.418,bitfinex,ETH/USDT:USDT,3810.8,22.6689016,3810.3,1.96569937,3810.9,2.51527,3811.2,1.31199
1753769559419,06:12:39.419,bitfinex,ETH/USDT:USDT,3810.8,22.6689016,3810.3,1.96569937,3810.9,2.51527,3811.2,1.31199
1753769559619,06:12:39.619,bitfinex,ETH/USDT:USDT,3810.8,22.6689016,3810.3,1.96569937,3810.9,2.51527,3811.2,1.31199
1753769559620,06:12:39.620,bitfinex,ETH/USDT:USDT,3810.8,22.1431802,3810.3,0.65343937,3810.9,2.51527,3811.2,1.31199
1753769559621,06:12:39.621,bitfinex,ETH/USDT:USDT,3810.8,22.1431802,3810.3,0.65343937,3810.9,2.51527,3811.2,1.31199
1753769559843,06:12:39.843,bitfinex,ETH/USDT:USDT,3810.8,22.1431802,3810.3,0.65343937,3810.9,2.51527,3811.2,1.31199
1753769559848,06:12:39.848,bitfinex,ETH/USDT:USDT,3810.8,22.1431802,3810.7,0.52485,3810.9,2.51527,3811.2,1.31199
1753769560020,06:12:40.020,bitfinex,ETH/USDT:USDT,3810.8,22.1431802,3810.7,0.52485,3810.9,2.51527,3811.2,1.31199
1753769560021,06:12:40.021,bitfinex,ETH/USDT:USDT,3810.8,22.1431802,3810.7,0.52485,3810.9,2.51527,3811.2,1.31199
1753769560223,06:12:40.223,bitfinex,ETH/USDT:USDT,3810.8,22.1431802,3810.7,0.52485,3810.9,2.51527,3811.2,1.31199
1753769560224,06:12:40.224,bitfinex,ETH/USDT:USDT,3810.8,22.1431802,3810.7,0.52485,3810.9,2.51527,3811.2,1.31199
1753769560530,06:12:40.530,bitfinex,ETH/USDT:USDT,3810.8,22.1431802,3810.6,0.52486,3810.9,2.51527,3811.2,1.31199
1753769560533,06:12:40.533,bitfinex,ETH/USDT:USDT,3810.8,22.1431802,3810.6,0.52486,3810.9,2.51527,3811.2,1.31199
1753769560726,06:12:40.726,bitfinex,ETH/USDT:USDT,3810.8,22.1431802,3810.6,0.52486,3810.9,2.51527,3811.2,1.31199
1753769560727,06:12:40.727,bitfinex,ETH/USDT:USDT,3810.8,22.1431802,3810.6,0.52486,3810.9,2.51527,3811.2,1.31199
1753769560728,06:12:40.728,bitfinex,ETH/USDT:USDT,3810.8,22.1431802,3810.6,0.52486,3810.9,2.51527,3811.2,1.31199
1753769561125,06:12:41.125,bitfinex,ETH/USDT:USDT,3810.8,22.1431802,3810.3,0.65343937,3810.9,2.51527,3811.2,1.31199
1753769561126,06:12:41.126,bitfinex,ETH/USDT:USDT,3810.8,22.1431802,3810.3,0.65343937,3810.9,2.51527,3811.2,1.31199
1753769561318,06:12:41.318,bitfinex,ETH/USDT:USDT,3810.8,22.1431802,3810.3,0.65343937,3810.9,2.51527,3811.2,1.31199
1753769561319,06:12:41.319,bitfinex,ETH/USDT:USDT,3810.8,22.1431802,3810.6,0.52486,3810.9,2.51527,3811.2,1.31199
1753769561520,06:12:41.520,bitfinex,ETH/USDT:USDT,3810.8,22.1431802,3810.6,0.52486,3810.9,2.51527,3811.2,1.31199
1753769561520,06:12:41.520,bitfinex,ETH/USDT:USDT,3810.8,22.1431802,3810.6,0.52486,3810.9,2.51527,3811.2,1.31199
1753769561521,06:12:41.521,bitfinex,ETH/USDT:USDT,3810.8,22.1431802,3810.6,0.52486,3810.9,2.51527,3811.2,1.31199
1753769561734,06:12:41.734,bitfinex,ETH/USDT:USDT,3810.8,22.1431802,3810.3,0.65343937,3810.9,2.51527,3811.2,1.31199
1753769561734,06:12:41.734,bitfinex,ETH/USDT:USDT,3810.8,22.1431802,3810.7,0.52485,3810.9,2.51527,3811.2,1.31199
1753769562028,06:12:42.028,bitfinex,ETH/USDT:USDT,3810.8,22.6680202,3810.6,0.65343937,3810.9,1.07267,3811.2,2.17339
1753769562028,06:12:42.028,bitfinex,ETH/USDT:USDT,3810.8,22.6680202,3810.6,0.65343937,3810.9,1.07267,3811.2,2.17339
1753769562229,06:12:42.229,bitfinex,ETH/USDT:USDT,3810.8,22.6680202,3810.6,0.65343937,3810.9,1.07267,3811.2,2.17339
1753769562230,06:12:42.230,bitfinex,ETH/USDT:USDT,3810.8,22.6680202,3810.6,0.65343937,3810.9,1.07267,3811.2,2.17339
1753769562230,06:12:42.230,bitfinex,ETH/USDT:USDT,3810.8,22.6680202,3810.6,0.65343937,3810.9,1.07267,3811.2,2.17339
1753769562542,06:12:42.542,bitfinex,ETH/USDT:USDT,3810.8,22.6680202,3810.6,0.65343937,3810.9,1.07267,3811.2,2.17339
1753769562546,06:12:42.546,bitfinex,ETH/USDT:USDT,3810.8,22.6680202,3810.6,0.65343937,3810.9,1.37747,3811.2,2.17339
1753769562551,06:12:42.551,bitfinex,ETH/USDT:USDT,3810.8,22.6680202,3810.6,0.65343937,3810.9,1.37747,3811.2,2.17339
1753769562823,06:12:42.823,bitfinex,ETH/USDT:USDT,3810.8,22.6680202,3810.6,0.65343937,3810.9,1.37747,3811.2,2.17339
1753769562824,06:12:42.824,bitfinex,ETH/USDT:USDT,3810.8,22.6680202,3810.6,0.65343937,3810.9,1.82457,3811.2,1.72629
1753769562825,06:12:42.825,bitfinex,ETH/USDT:USDT,3810.8,22.6680202,3810.6,0.65343937,3810.9,1.82457,3811.2,1.72629
1753769563019,06:12:43.019,bitfinex,ETH/USDT:USDT,3810.8,22.6680202,3810.6,0.65343937,3810.9,1.82457,3811.2,1.72629
1753769563022,06:12:43.022,bitfinex,ETH/USDT:USDT,3810.8,22.6680202,3810.6,0.65343937,3810.9,1.82457,3811.2,1.72629
1753769563026,06:12:43.026,bitfinex,ETH/USDT:USDT,3810.8,22.6680202,3810.6,0.65343937,3810.9,1.82457,3811.2,1.72629
1753769563328,06:12:43.328,bitfinex,ETH/USDT:USDT,3810.8,22.6680202,3810.6,0.65343937,3810.9,1.82457,3811.2,1.72629
1753769563329,06:12:43.329,bitfinex,ETH/USDT:USDT,3810.8,22.6680202,3810.6,0.65343937,3810.9,1.82457,3811.2,1.72629
1753769563330,06:12:43.330,bitfinex,ETH/USDT:USDT,3810.8,22.6680202,3810.6,0.65343937,3810.9,1.82457,3811.2,1.72629
1753769563627,06:12:43.627,bitfinex,ETH/USDT:USDT,3810.8,22.6680202,3810.6,0.65343937,3810.9,1.82457,3811.2,1.72629
1753769563628,06:12:43.628,bitfinex,ETH/USDT:USDT,3810.8,22.6680202,3810.6,0.65343937,3810.9,1.82457,3811.2,1.72629
1753769563925,06:12:43.925,bitfinex,ETH/USDT:USDT,3810.8,22.6680202,3810.6,0.65343937,3810.9,1.82457,3811.2,1.72629
1753769563926,06:12:43.926,bitfinex,ETH/USDT:USDT,3810.8,22.6680202,3810.6,0.65343937,3810.9,1.82457,3811.2,1.72629
1753769563926,06:12:43.926,bitfinex,ETH/USDT:USDT,3810.8,22.6680202,3810.6,0.65343937,3810.9,1.82457,3811.2,1.72629
1753769564426,06:12:44.426,bitfinex,ETH/USDT:USDT,3810.8,22.6680202,3810.6,0.65343937,3810.9,1.82457,3811.2,1.72629
1753769564427,06:12:44.427,bitfinex,ETH/USDT:USDT,3810.8,22.6680202,3810.6,0.65343937,3810.9,1.82457,3811.2,1.72629
1753769564428,06:12:44.428,bitfinex,ETH/USDT:USDT,3810.8,22.6680202,3810.6,0.65343937,3810.9,1.82457,3811.2,1.72629
1753769564626,06:12:44.626,bitfinex,ETH/USDT:USDT,3810.8,22.6680202,3810.6,0.65343937,3810.9,1.82457,3811.2,1.72629
1753769564627,06:12:44.627,bitfinex,ETH/USDT:USDT,3810.8,22.6680202,3810.6,0.65343937,3810.9,1.82457,3811.2,1.72629
1753769564627,06:12:44.627,bitfinex,ETH/USDT:USDT,3810.8,22.6680202,3810.6,0.65343937,3810.9,1.82457,3811.2,1.72629
1753769564837,06:12:44.837,bitfinex,ETH/USDT:USDT,3810.8,22.6680202,3810.6,0.65343937,3810.9,1.82457,3811.2,1.72629
1753769564837,06:12:44.837,bitfinex,ETH/USDT:USDT,3810.8,22.6680202,3810.6,0.65343937,3810.9,1.82457,3811.2,1.72629
1753769564838,06:12:44.838,bitfinex,ETH/USDT:USDT,3810.8,22.6680202,3810.6,0.65343937,3810.9,1.82457,3811.2,1.72629
1753769565237,06:12:45.237,bitfinex,ETH/USDT:USDT,3810.8,22.6680202,3810.6,0.65343937,3810.9,1.82457,3811.2,1.72629
1753769565243,06:12:45.243,bitfinex,ETH/USDT:USDT,3810.8,22.6680202,3810.6,0.65343937,3810.9,1.82457,3811.2,1.72629
1753769565530,06:12:45.530,bitfinex,ETH/USDT:USDT,3810.8,22.6680202,3810.6,0.65343937,3810.9,1.82457,3811.2,1.72629
1753769565532,06:12:45.532,bitfinex,ETH/USDT:USDT,3810.8,22.6680202,3810.6,0.65343937,3810.9,1.82457,3811.2,1.72629
1753769566032,06:12:46.032,bitfinex,ETH/USDT:USDT,3810.8,22.6680202,3810.6,0.65343937,3810.9,1.82457,3811.4,1.31192
1753769566034,06:12:46.034,bitfinex,ETH/USDT:USDT,3810.8,22.6680202,3810.6,0.65343937,3810.9,0.33294,3811.4,2.18502
1753769566227,06:12:46.227,bitfinex,ETH/USDT:USDT,3810.8,22.6680202,3810.6,0.65343937,3810.9,0.33294,3811.4,2.18502
1753769566228,06:12:46.228,bitfinex,ETH/USDT:USDT,3810.8,22.6680202,3810.6,0.65343937,3810.9,0.33294,3811.0,0.52482
1753769566430,06:12:46.430,bitfinex,ETH/USDT:USDT,3810.8,22.6680202,3810.6,0.65343937,3810.9,0.33294,3811.0,0.52482
1753769566431,06:12:46.431,bitfinex,ETH/USDT:USDT,3810.8,22.6680202,3810.6,0.65343937,3810.9,0.33294,3811.0,0.52482
1753769566432,06:12:46.432,bitfinex,ETH/USDT:USDT,3810.8,22.6680202,3810.6,0.65343937,3810.9,0.33294,3811.0,0.52482
1753769566628,06:12:46.628,bitfinex,ETH/USDT:USDT,3810.8,22.6680202,3810.6,0.65343937,3810.9,0.33294,3811.0,0.52482
1753769566629,06:12:46.629,bitfinex,ETH/USDT:USDT,3810.8,22.6680202,3810.6,0.65343937,3810.9,0.54004,3811.0,0.52482
1753769566629,06:12:46.629,bitfinex,ETH/USDT:USDT,3810.8,22.6680202,3810.6,0.65343937,3810.9,0.54004,3811.0,0.52482
1753769566929,06:12:46.929,bitfinex,ETH/USDT:USDT,3810.8,22.6680202,3810.6,0.65343937,3810.9,1.06487,3811.2,0.8731
1753769566930,06:12:46.930,bitfinex,ETH/USDT:USDT,3810.8,22.6680202,3810.6,0.65343937,3810.9,1.06487,3811.2,0.8731
1753769567129,06:12:47.129,bitfinex,ETH/USDT:USDT,3810.8,22.6680202,3810.6,0.65343937,3810.9,1.06487,3811.2,0.8731
1753769567130,06:12:47.130,bitfinex,ETH/USDT:USDT,3810.8,22.6680202,3810.6,0.65343937,3810.9,1.06487,3811.2,0.8731
1753769567524,06:12:47.524,bitfinex,ETH/USDT:USDT,3810.8,22.6680202,3810.6,0.65343937,3810.9,1.06487,3811.2,0.8731
1753769567525,06:12:47.525,bitfinex,ETH/USDT:USDT,3810.8,22.6680202,3810.6,0.65343937,3810.9,0.54004,3811.2,0.8731
1753769567526,06:12:47.526,bitfinex,ETH/USDT:USDT,3810.8,22.6680202,3810.6,0.65343937,3810.9,0.54004,3811.0,0.52482
1753769567721,06:12:47.721,bitfinex,ETH/USDT:USDT,3810.8,22.6680202,3810.6,0.65343937,3810.9,0.54004,3811.0,0.52482
1753769567721,06:12:47.721,bitfinex,ETH/USDT:USDT,3810.8,22.6680202,3810.6,0.65343937,3810.9,0.54004,3811.0,0.52482
1753769567723,06:12:47.723,bitfinex,ETH/USDT:USDT,3810.8,22.6680202,3810.6,0.65343937,3810.9,0.54004,3811.0,0.52482
1753769568026,06:12:48.026,bitfinex,ETH/USDT:USDT,3810.8,22.6680202,3810.6,0.65343937,3810.9,0.54004,3811.0,0.52482
1753769568227,06:12:48.227,bitfinex,ETH/USDT:USDT,3810.8,22.6680202,3810.6,0.65343937,3810.9,0.54004,3811.2,0.8731
1753769568227,06:12:48.227,bitfinex,ETH/USDT:USDT,3810.8,22.6680202,3810.6,0.65343937,3810.9,1.06487,3811.2,0.8731
1753769568229,06:12:48.229,bitfinex,ETH/USDT:USDT,3810.8,22.6680202,3810.6,0.65343937,3810.9,1.06487,3811.2,0.8731
1753769568427,06:12:48.427,bitfinex,ETH/USDT:USDT,3810.8,22.6680202,3810.6,0.65343937,3810.9,1.06487,3811.2,0.8731
1753769568427,06:12:48.427,bitfinex,ETH/USDT:USDT,3810.8,22.6680202,3810.6,0.65343937,3810.9,0.54004,3811.0,0.52482
1753769568428,06:12:48.428,bitfinex,ETH/USDT:USDT,3810.8,22.6680202,3810.6,0.65343937,3810.9,0.54004,3811.0,0.52482
1753769568619,06:12:48.619,bitfinex,ETH/USDT:USDT,3810.8,22.6680202,3810.6,0.65343937,3810.9,0.54004,3811.1,0.438
1753769568620,06:12:48.620,bitfinex,ETH/USDT:USDT,3810.8,22.6680202,3810.6,0.65343937,3810.9,0.54004,3811.1,0.438
1753769568621,06:12:48.621,bitfinex,ETH/USDT:USDT,3810.8,22.6680202,3810.6,0.65343937,3810.9,0.54004,3811.1,0.438
1753769568824,06:12:48.824,bitfinex,ETH/USDT:USDT,3810.8,22.6680202,3810.6,0.65343937,3810.9,0.54004,3811.1,0.438
1753769568825,06:12:48.825,bitfinex,ETH/USDT:USDT,3810.8,22.6680202,3810.6,0.65343937,3810.9,0.33294,3811.0,0.52482
1753769569142,06:12:49.142,bitfinex,ETH/USDT:USDT,3810.8,22.6680202,3810.6,0.65343937,3810.9,0.33294,3811.0,0.52482
1753769569143,06:12:49.143,bitfinex,ETH/USDT:USDT,3810.8,22.6680202,3810.6,0.65343937,3810.9,0.54004,3811.0,0.52482
1753769569451,06:12:49.451,bitfinex,ETH/USDT:USDT,3810.8,22.6680202,3810.6,0.65343937,3810.9,0.54004,3811.1,0.438
1753769569639,06:12:49.639,bitfinex,ETH/USDT:USDT,3810.8,22.6680202,3810.6,0.65343937,3810.9,0.54004,3811.1,0.96281
1753769569640,06:12:49.640,bitfinex,ETH/USDT:USDT,3810.8,22.6680202,3810.6,0.65343937,3810.9,0.54004,3811.1,0.96281
1753769569926,06:12:49.926,bitfinex,ETH/USDT:USDT,3810.8,22.6680202,3810.6,0.65343937,3810.9,0.54004,3811.1,0.96281
1753769569927,06:12:49.927,bitfinex,ETH/USDT:USDT,3810.8,22.6680202,3810.6,0.65343937,3810.9,0.54004,3811.1,0.96281
1753769569928,06:12:49.928,bitfinex,ETH/USDT:USDT,3810.8,22.6680202,3810.6,0.65343937,3810.9,0.54004,3811.1,0.96281
1753769570323,06:12:50.323,bitfinex,ETH/USDT:USDT,3810.8,22.6680202,3810.6,0.65343937,3810.9,0.54004,3811.1,0.96281
1753769570323,06:12:50.323,bitfinex,ETH/USDT:USDT,3810.8,22.6680202,3810.6,0.65343937,3810.9,0.54004,3811.0,0.52481
1753769570324,06:12:50.324,bitfinex,ETH/USDT:USDT,3810.8,22.6680202,3810.6,0.65343937,3810.9,0.54004,3811.0,0.52481
1753769570532,06:12:50.532,bitfinex,ETH/USDT:USDT,3810.8,22.6680202,3810.6,0.65343937,3810.9,0.54004,3811.0,0.52481
1753769570532,06:12:50.532,bitfinex,ETH/USDT:USDT,3810.8,22.6680202,3810.6,0.65343937,3810.9,0.54004,3811.0,0.52481
1753769570533,06:12:50.533,bitfinex,ETH/USDT:USDT,3810.8,22.6680202,3810.6,0.65343937,3810.9,0.54004,3811.0,0.52481
1753769571431,06:12:51.431,bitfinex,ETH/USDT:USDT,3810.8,22.6680202,3810.6,0.65343937,3810.9,0.54004,3811.0,0.52481
1753769571433,06:12:51.433,bitfinex,ETH/USDT:USDT,3810.8,22.6680202,3810.6,0.65343937,3810.9,0.33294,3811.1,0.96281
1753769572128,06:12:52.128,bitfinex,ETH/USDT:USDT,3810.8,22.6680202,3810.6,0.65343937,3810.9,0.33294,3811.1,0.96281
1753769572129,06:12:52.129,bitfinex,ETH/USDT:USDT,3810.8,22.6680202,3810.6,0.65343937,3810.9,0.33294,3811.1,0.96281
1753769572330,06:12:52.330,bitfinex,ETH/USDT:USDT,3810.8,22.6680202,3810.6,0.65343937,3810.9,0.33294,3811.1,0.96281
1753769572331,06:12:52.331,bitfinex,ETH/USDT:USDT,3810.8,22.6680202,3810.6,0.65343937,3810.9,0.33294,3811.1,0.96281
1753769572531,06:12:52.531,bitfinex,ETH/USDT:USDT,3810.8,22.6680202,3810.6,0.65343937,3810.9,0.33294,3811.1,0.96281
1753769572532,06:12:52.532,bitfinex,ETH/USDT:USDT,3810.8,22.6680202,3810.6,0.65343937,3810.9,0.33294,3811.0,0.52482
1753769572534,06:12:52.534,bitfinex,ETH/USDT:USDT,3810.8,22.6680202,3810.6,0.65343937,3810.9,0.33294,3811.0,0.52482
1753769572827,06:12:52.827,bitfinex,ETH/USDT:USDT,3810.8,22.6680202,3810.6,0.65343937,3810.9,0.33294,3811.1,0.438
1753769572827,06:12:52.827,bitfinex,ETH/USDT:USDT,3810.8,22.6680202,3810.6,0.65343937,3810.9,0.33294,3811.1,0.96281
1753769572828,06:12:52.828,bitfinex,ETH/USDT:USDT,3810.8,22.6680202,3810.6,0.65343937,3810.9,0.33294,3811.1,0.96281
1753769573039,06:12:53.039,bitfinex,ETH/USDT:USDT,3810.8,22.6680202,3810.6,0.65343937,3810.9,0.33294,3811.1,0.96281
1753769573042,06:12:53.042,bitfinex,ETH/USDT:USDT,3810.8,22.66807706,3810.6,0.65343937,3810.9,0.33294,3811.1,0.96281
1753769573046,06:12:53.046,bitfinex,ETH/USDT:USDT,3810.8,22.66807706,3810.6,0.65343937,3810.9,0.33294,3811.1,0.96281
1753769573233,06:12:53.233,bitfinex,ETH/USDT:USDT,3810.8,22.66807706,3810.6,0.65343937,3810.9,0.33294,3811.1,0.96281
1753769573235,06:12:53.235,bitfinex,ETH/USDT:USDT,3810.8,22.66807706,3810.6,0.65343937,3810.9,0.33294,3811.1,0.96281
1753769573236,06:12:53.236,bitfinex,ETH/USDT:USDT,3810.8,22.66807706,3810.6,0.65343937,3810.9,0.33294,3811.1,0.96281
1753769573431,06:12:53.431,bitfinex,ETH/USDT:USDT,3810.8,22.66807706,3810.6,0.65343937,3810.9,0.33294,3811.1,0.96281
1753769573432,06:12:53.432,bitfinex,ETH/USDT:USDT,3810.8,22.66807706,3810.6,0.65343937,3810.9,0.33294,3811.1,0.96281
1753769573638,06:12:53.638,bitfinex,ETH/USDT:USDT,3810.8,22.66807706,3810.6,0.65343937,3810.9,0.33294,3811.1,0.96281
1753769573650,06:12:53.650,bitfinex,ETH/USDT:USDT,3810.8,22.66807706,3810.6,0.65343937,3810.9,0.33294,3811.1,0.96281
1753769573828,06:12:53.828,bitfinex,ETH/USDT:USDT,3810.8,22.66807706,3810.6,0.65343937,3810.9,0.33294,3811.1,0.96281
1753769573829,06:12:53.829,bitfinex,ETH/USDT:USDT,3810.8,22.66807706,3810.6,0.65343937,3810.9,0.33294,3811.1,0.96281
1753769574029,06:12:54.029,bitfinex,ETH/USDT:USDT,3810.8,22.66807706,3810.6,0.65343937,3810.9,0.33294,3811.1,0.96281
1753769574030,06:12:54.030,bitfinex,ETH/USDT:USDT,3810.8,22.66807706,3810.6,0.65343937,3810.9,0.33294,3811.1,0.96281
1753769574334,06:12:54.334,bitfinex,ETH/USDT:USDT,3810.8,22.66807706,3810.6,0.65343937,3810.9,0.33294,3811.1,0.96281
1753769574336,06:12:54.336,bitfinex,ETH/USDT:USDT,3810.8,22.66807706,3810.6,0.65343937,3810.9,0.33294,3811.1,0.96281
1753769574530,06:12:54.530,bitfinex,ETH/USDT:USDT,3810.8,22.66807706,3810.6,0.65343937,3810.9,0.33294,3811.1,0.96281
1753769574532,06:12:54.532,bitfinex,ETH/USDT:USDT,3810.8,22.66807706,3810.6,0.65343937,3810.9,0.33294,3811.1,0.96281
1753769574729,06:12:54.729,bitfinex,ETH/USDT:USDT,3810.8,22.66807706,3810.6,0.65343937,3810.9,0.33294,3811.1,0.96281
1753769574730,06:12:54.730,bitfinex,ETH/USDT:USDT,3810.8,22.66807706,3810.6,0.65343937,3810.9,0.33294,3811.1,0.96281
1753769575132,06:12:55.132,bitfinex,ETH/USDT:USDT,3810.8,22.66807706,3810.6,0.65343937,3810.9,0.33294,3811.1,0.96281
1753769575132,06:12:55.132,bitfinex,ETH/USDT:USDT,3810.8,22.66807706,3810.6,0.65343937,3810.9,0.33294,3811.1,0.96281
1753769575438,06:12:55.438,bitfinex,ETH/USDT:USDT,3810.8,22.66807706,3810.6,0.65343937,3810.9,0.33294,3811.1,0.96281
1753769575439,06:12:55.439,bitfinex,ETH/USDT:USDT,3810.8,22.66807706,3810.6,0.65343937,3810.9,0.33294,3811.1,0.96281
1753769575638,06:12:55.638,bitfinex,ETH/USDT:USDT,3810.8,22.66807706,3810.6,0.65343937,3810.9,0.33294,3811.1,0.96281
1753769575638,06:12:55.638,bitfinex,ETH/USDT:USDT,3810.8,22.66807706,3810.6,0.65343937,3810.9,0.33294,3811.1,0.96281
1753769576332,06:12:56.332,bitfinex,ETH/USDT:USDT,3810.8,22.66807706,3810.6,0.65343937,3810.9,0.33294,3811.1,0.96281
1753769576332,06:12:56.332,bitfinex,ETH/USDT:USDT,3810.8,22.66807706,3810.6,0.65343937,3810.9,0.33294,3811.1,0.96281
1753769576333,06:12:56.333,bitfinex,ETH/USDT:USDT,3810.8,22.66807706,3810.6,0.65343937,3810.9,0.33294,3811.1,0.96281
1753769576537,06:12:56.537,bitfinex,ETH/USDT:USDT,3810.8,22.66807706,3810.6,0.65343937,3810.9,0.54004,3811.1,0.96281
1753769576537,06:12:56.537,bitfinex,ETH/USDT:USDT,3810.8,22.66807706,3810.6,0.65343937,3810.9,0.54004,3811.1,0.96281
1753769576837,06:12:56.837,bitfinex,ETH/USDT:USDT,3810.8,22.66807706,3810.6,0.65343937,3810.9,0.97804,3811.1,0.52481
1753769576839,06:12:56.839,bitfinex,ETH/USDT:USDT,3810.8,22.66807706,3810.6,0.65343937,3810.9,0.97804,3811.1,0.52481
1753769577035,06:12:57.035,bitfinex,ETH/USDT:USDT,3810.8,22.66807706,3810.6,0.65343937,3810.9,0.97804,3811.2,0.4351
1753769577036,06:12:57.036,bitfinex,ETH/USDT:USDT,3810.8,22.66807706,3810.6,0.65343937,3810.9,0.97804,3811.0,0.52481
1753769577233,06:12:57.233,bitfinex,ETH/USDT:USDT,3810.8,22.66807706,3810.6,0.65343937,3810.9,0.97804,3811.2,0.4351
1753769577235,06:12:57.235,bitfinex,ETH/USDT:USDT,3810.8,22.66807706,3810.6,0.65343937,3810.9,1.81067,3811.3,1.31196
1753769577237,06:12:57.237,bitfinex,ETH/USDT:USDT,3810.8,22.66807706,3810.6,0.65343937,3810.9,1.81067,3811.3,1.31196
1753769577429,06:12:57.429,bitfinex,ETH/USDT:USDT,3810.8,22.66807706,3810.6,0.65343937,3810.9,1.81067,3811.4,1.31192
1753769577430,06:12:57.430,bitfinex,ETH/USDT:USDT,3810.8,22.66807706,3810.6,0.65343937,3810.9,2.00654,3811.0,0.52482
1753769577431,06:12:57.431,bitfinex,ETH/USDT:USDT,3810.8,22.66807706,3810.6,0.65343937,3810.9,2.00654,3811.0,0.52482
1753769577636,06:12:57.636,bitfinex,ETH/USDT:USDT,3810.8,22.66807706,3810.6,0.65343937,3810.9,2.00654,3811.0,0.52482
1753769577638,06:12:57.638,bitfinex,ETH/USDT:USDT,3810.8,22.66807706,3810.6,0.65343937,3810.9,2.53137,3811.3,1.31195
1753769577639,06:12:57.639,bitfinex,ETH/USDT:USDT,3810.8,22.66807706,3810.6,0.65343937,3810.9,2.53137,3811.3,1.31195
1753769577829,06:12:57.829,bitfinex,ETH/USDT:USDT,3810.8,22.66807706,3810.6,0.65343937,3810.9,2.53137,3811.3,1.31195
1753769577829,06:12:57.829,bitfinex,ETH/USDT:USDT,3810.8,22.66807706,3810.6,0.65343937,3810.9,2.53137,3811.3,1.31195
1753769578434,06:12:58.434,bitfinex,ETH/USDT:USDT,3810.8,22.66807706,3810.6,0.65343937,3810.9,2.53137,3811.3,1.31195
1753769578434,06:12:58.434,bitfinex,ETH/USDT:USDT,3810.8,22.66807706,3810.6,0.65343937,3810.9,2.00654,3811.3,1.31195
1753769578435,06:12:58.435,bitfinex,ETH/USDT:USDT,3810.8,22.66807706,3810.6,0.65343937,3810.9,2.00654,3811.0,0.52482
1753769578629,06:12:58.629,bitfinex,ETH/USDT:USDT,3810.8,22.66807706,3810.6,0.65343937,3810.9,2.00654,3811.0,0.52482
1753769578629,06:12:58.629,bitfinex,ETH/USDT:USDT,3810.8,22.66807706,3810.6,0.65343937,3810.9,2.00654,3811.0,0.52482
1753769578832,06:12:58.832,bitfinex,ETH/USDT:USDT,3810.8,22.66807706,3810.6,0.65343937,3810.9,2.00654,3811.0,0.52482
1753769578833,06:12:58.833,bitfinex,ETH/USDT:USDT,3810.8,22.66807706,3810.6,0.65343937,3810.9,2.53137,3811.3,1.31195
1753769578833,06:12:58.833,bitfinex,ETH/USDT:USDT,3810.8,22.66807706,3810.6,0.65343937,3810.9,2.53137,3811.3,1.31195
1753769579033,06:12:59.033,bitfinex,ETH/USDT:USDT,3810.8,22.66807706,3810.6,0.65343937,3810.9,2.53137,3811.4,1.31192
1753769579033,06:12:59.033,bitfinex,ETH/USDT:USDT,3810.8,22.66807706,3810.6,0.65343937,3810.9,2.00654,3811.0,0.52482
1753769579034,06:12:59.034,bitfinex,ETH/USDT:USDT,3810.8,22.66807706,3810.6,0.65343937,3810.9,2.00654,3811.0,0.52482
1753769579229,06:12:59.229,bitfinex,ETH/USDT:USDT,3810.8,22.66807706,3810.6,0.65343937,3810.9,2.00654,3811.0,0.52482
1753769579230,06:12:59.230,bitfinex,ETH/USDT:USDT,3810.8,22.66807706,3810.6,0.65343937,3810.9,2.00654,3811.0,0.52482
1753769579438,06:12:59.438,bitfinex,ETH/USDT:USDT,3810.8,22.66807706,3810.6,0.65343937,3810.9,2.00654,3811.0,0.52482
1753769579442,06:12:59.442,bitfinex,ETH/USDT:USDT,3810.8,22.66807706,3810.6,0.65343937,3810.9,2.00654,3811.0,0.52482
1753769579639,06:12:59.639,bitfinex,ETH/USDT:USDT,3810.8,22.66807706,3810.6,0.65343937,3810.9,2.00654,3811.0,0.52482
1753769579640,06:12:59.640,bitfinex,ETH/USDT:USDT,3810.8,22.66807706,3810.6,0.65343937,3810.9,2.00654,3811.0,0.52482
1753769580040,06:13:00.040,bitfinex,ETH/USDT:USDT,3810.8,22.66807706,3810.6,0.65343937,3810.9,2.00654,3811.0,0.52482
1753769580040,06:13:00.040,bitfinex,ETH/USDT:USDT,3810.8,22.66807706,3810.6,0.65343937,3810.9,2.00654,3811.0,0.52482
1753769580237,06:13:00.237,bitfinex,ETH/USDT:USDT,3810.8,22.66807706,3810.6,0.65343937,3810.9,1.57144,3811.4,1.31192
1753769580237,06:13:00.237,bitfinex,ETH/USDT:USDT,3810.8,22.66807706,3810.6,0.65343937,3810.9,1.57144,3811.1,0.95991
1753769580537,06:13:00.537,bitfinex,ETH/USDT:USDT,3810.8,22.66807706,3810.6,0.65343937,3810.9,1.57144,3811.1,0.95991
1753769580537,06:13:00.537,bitfinex,ETH/USDT:USDT,3810.8,22.66807706,3810.6,0.65343937,3810.9,1.57144,3811.1,0.95991
1753769580539,06:13:00.539,bitfinex,ETH/USDT:USDT,3810.8,22.66807706,3810.6,0.65343937,3810.9,1.57144,3811.1,0.95991
1753769580734,06:13:00.734,bitfinex,ETH/USDT:USDT,3810.8,22.66807706,3810.6,0.65343937,3810.9,1.57144,3811.1,0.95991
1753769580735,06:13:00.735,bitfinex,ETH/USDT:USDT,3810.8,22.66807706,3810.6,0.65343937,3810.9,1.57144,3811.1,0.95991
1753769580736,06:13:00.736,bitfinex,ETH/USDT:USDT,3810.8,22.66807706,3810.6,0.65343937,3810.9,1.57144,3811.1,0.95991
1753769580943,06:13:00.943,bitfinex,ETH/USDT:USDT,3810.8,22.66807706,3810.6,0.65343937,3810.9,1.57144,3811.1,0.95991
1753769580946,06:13:00.946,bitfinex,ETH/USDT:USDT,3810.8,22.66812715,3810.6,0.65343937,3810.9,1.57144,3811.1,0.95991
1753769580951,06:13:00.951,bitfinex,ETH/USDT:USDT,3810.8,22.66812715,3810.6,0.65343937,3810.9,1.57144,3811.1,0.95991
1753769581133,06:13:01.133,bitfinex,ETH/USDT:USDT,3810.8,22.66812715,3810.6,0.65343937,3810.9,1.57144,3811.1,0.95991
1753769581135,06:13:01.135,bitfinex,ETH/USDT:USDT,3810.8,22.66812715,3810.6,0.65343937,3810.9,1.57144,3811.1,0.95991
1753769581331,06:13:01.331,bitfinex,ETH/USDT:USDT,3810.8,22.66812715,3810.6,0.65343937,3810.9,1.57144,3811.1,0.95991
1753769581332,06:13:01.332,bitfinex,ETH/USDT:USDT,3810.8,22.66812715,3810.6,0.65343937,3810.9,1.57144,3811.0,0.52481
1753769581332,06:13:01.332,bitfinex,ETH/USDT:USDT,3810.8,22.66812715,3810.6,0.65343937,3810.9,1.57144,3811.0,0.52481
1753769581638,06:13:01.638,bitfinex,ETH/USDT:USDT,3810.8,22.66812715,3810.6,0.65343937,3810.9,1.57144,3811.0,0.52481
1753769581639,06:13:01.639,bitfinex,ETH/USDT:USDT,3810.8,22.66812715,3810.6,0.65343937,3810.9,1.57144,3811.3,1.31195
1753769581640,06:13:01.640,bitfinex,ETH/USDT:USDT,3810.8,22.66812715,3810.6,0.65343937,3810.9,1.57144,3811.3,1.31195
1753769581837,06:13:01.837,bitfinex,ETH/USDT:USDT,3810.8,22.66826753,3810.6,0.65343937,3810.9,1.57144,3811.3,1.31195
1753769581837,06:13:01.837,bitfinex,ETH/USDT:USDT,3810.8,22.66826753,3810.6,0.65343937,3810.9,2.00654,3811.3,1.31195
1753769582046,06:13:02.046,bitfinex,ETH/USDT:USDT,3810.8,22.66826753,3810.6,0.65343937,3810.9,2.00654,3811.0,0.52482
1753769582048,06:13:02.048,bitfinex,ETH/USDT:USDT,3810.8,22.66826753,3810.6,0.65343937,3810.9,2.00654,3811.0,0.52482
1753769582239,06:13:02.239,bitfinex,ETH/USDT:USDT,3810.8,22.66826753,3810.6,0.65343937,3810.9,2.00654,3811.4,1.31192
1753769582240,06:13:02.240,bitfinex,ETH/USDT:USDT,3810.8,22.66826753,3810.6,0.65343937,3810.9,1.57144,3811.1,0.95991
1753769582240,06:13:02.240,bitfinex,ETH/USDT:USDT,3810.8,22.66826753,3810.6,0.65343937,3810.9,1.57144,3811.1,0.95991
1753769582437,06:13:02.437,bitfinex,ETH/USDT:USDT,3810.8,22.66826753,3810.6,0.65343937,3810.9,1.57144,3811.1,0.95991
1753769582438,06:13:02.438,bitfinex,ETH/USDT:USDT,3810.8,22.66826753,3810.6,0.65343937,3810.9,1.57144,3811.0,0.52481
1753769582438,06:13:02.438,bitfinex,ETH/USDT:USDT,3810.8,22.66826753,3810.6,0.65343937,3810.9,1.57144,3811.0,0.52481
1753769582656,06:13:02.656,bitfinex,ETH/USDT:USDT,3810.8,22.66826753,3810.6,0.65343937,3810.9,1.57144,3811.0,0.52481
1753769582660,06:13:02.660,bitfinex,ETH/USDT:USDT,3810.8,22.66826753,3810.6,0.65343937,3810.9,1.57144,3811.0,0.52481
1753769582834,06:13:02.834,bitfinex,ETH/USDT:USDT,3810.8,22.66826753,3810.6,0.65343937,3810.9,1.57144,3811.0,0.52481
1753769582834,06:13:02.834,bitfinex,ETH/USDT:USDT,3810.8,22.66826753,3810.6,0.65343937,3810.9,1.57144,3811.0,0.52483
1753769582835,06:13:02.835,bitfinex,ETH/USDT:USDT,3810.8,22.66826753,3810.6,0.65343937,3810.9,1.57144,3811.0,0.52483
1753769583145,06:13:03.145,bitfinex,ETH/USDT:USDT,3810.8,22.66826753,3810.6,0.65343937,3810.9,1.57144,3811.0,0.52483
1753769583146,06:13:03.146,bitfinex,ETH/USDT:USDT,3810.8,22.66826753,3810.6,0.65343937,3810.9,2.00654,3811.0,0.52483
1753769583147,06:13:03.147,bitfinex,ETH/USDT:USDT,3810.8,22.66826753,3810.6,0.65343937,3810.9,2.00654,3811.0,0.52483
1753769583342,06:13:03.342,bitfinex,ETH/USDT:USDT,3810.8,22.66826753,3810.6,0.65343937,3810.9,2.00654,3811.0,0.52483
1753769583344,06:13:03.344,bitfinex,ETH/USDT:USDT,3810.8,22.66826753,3810.6,0.65343937,3810.9,2.00654,3811.0,0.52483
1753769583547,06:13:03.547,bitfinex,ETH/USDT:USDT,3810.8,22.66826753,3810.6,0.65343937,3810.9,2.00654,3811.4,1.31192
1753769583547,06:13:03.547,bitfinex,ETH/USDT:USDT,3810.8,22.66826753,3810.6,0.65343937,3810.9,2.53137,3811.3,1.31195
1753769583548,06:13:03.548,bitfinex,ETH/USDT:USDT,3810.8,22.66826753,3810.6,0.65343937,3810.9,2.53137,3811.3,1.31195
1753769583843,06:13:03.843,bitfinex,ETH/USDT:USDT,3810.8,22.66826753,3810.6,0.65343937,3810.9,2.53137,3811.3,1.31195
1753769583844,06:13:03.844,bitfinex,ETH/USDT:USDT,3810.8,22.66826753,3810.6,0.65343937,3810.9,2.53137,3811.3,1.31195
1753769583844,06:13:03.844,bitfinex,ETH/USDT:USDT,3810.8,22.66826753,3810.6,0.65343937,3810.9,2.53137,3811.3,1.31195
1753769584055,06:13:04.055,bitfinex,ETH/USDT:USDT,3810.8,22.66826753,3810.6,0.65343937,3810.9,2.53137,3811.3,1.31195
1753769584059,06:13:04.059,bitfinex,ETH/USDT:USDT,3810.8,22.23836753,3810.6,0.4212,3810.9,2.53137,3811.1,1.31201
1753769584065,06:13:04.065,bitfinex,ETH/USDT:USDT,3810.8,22.23836753,3810.6,0.4212,3810.9,2.53137,3811.1,1.31201
1753769584346,06:13:04.346,bitfinex,ETH/USDT:USDT,3810.8,22.23836753,3810.6,0.4212,3810.9,2.53137,3811.1,1.31201
1753769584347,06:13:04.347,bitfinex,ETH/USDT:USDT,3810.8,21.94206753,3810.6,0.4212,3810.9,2.53137,3811.1,1.31201
1753769584556,06:13:04.556,bitfinex,ETH/USDT:USDT,3810.8,21.94206753,3810.6,0.4212,3810.9,2.53137,3811.1,1.31201
1753769584584,06:13:04.584,bitfinex,ETH/USDT:USDT,3810.8,21.94206753,3810.6,0.4212,3810.9,2.53137,3811.1,1.31201
1753769584885,06:13:04.885,bitfinex,ETH/USDT:USDT,3810.8,21.94206753,3810.6,0.4212,3810.9,2.53137,3811.1,1.31201
1753769585248,06:13:05.248,bitfinex,ETH/USDT:USDT,3810.8,21.94206753,3810.6,0.4212,3810.9,2.53137,3811.1,1.31201
1753769585250,06:13:05.250,bitfinex,ETH/USDT:USDT,3810.8,21.94206753,3810.6,0.4212,3810.9,2.53137,3811.1,1.31201
1753769585657,06:13:05.657,bitfinex,ETH/USDT:USDT,3810.8,21.94206753,3810.6,0.4212,3810.9,2.53137,3811.1,1.31201
1753769585658,06:13:05.658,bitfinex,ETH/USDT:USDT,3810.8,21.94206753,3810.6,0.4212,3810.9,2.53137,3811.1,1.31201
1753769585659,06:13:05.659,bitfinex,ETH/USDT:USDT,3810.8,21.94206753,3810.6,0.4212,3810.9,2.53137,3811.1,1.31201
1753769585948,06:13:05.948,bitfinex,ETH/USDT:USDT,3810.8,21.94206753,3810.6,0.4212,3810.9,2.53137,3811.1,1.31201
1753769585949,06:13:05.949,bitfinex,ETH/USDT:USDT,3810.8,21.9423352,3810.6,0.4212,3810.9,2.53137,3811.3,1.31197
1753769585949,06:13:05.949,bitfinex,ETH/USDT:USDT,3810.8,21.9423352,3810.6,0.4212,3810.9,2.53137,3811.3,1.31197
1753769586140,06:13:06.140,bitfinex,ETH/USDT:USDT,3810.8,21.9423352,3810.5,1.31219,3810.9,2.53137,3811.3,1.31197
1753769586141,06:13:06.141,bitfinex,ETH/USDT:USDT,3810.8,21.9423352,3810.5,1.31219,3810.9,2.53137,3811.3,1.31197
1753769586142,06:13:06.142,bitfinex,ETH/USDT:USDT,3810.8,21.9423352,3810.5,1.31219,3810.9,2.53137,3811.3,1.31197
1753769586340,06:13:06.340,bitfinex,ETH/USDT:USDT,3810.8,21.9423352,3810.5,1.31219,3810.9,2.53137,3811.3,1.31197
1753769586341,06:13:06.341,bitfinex,ETH/USDT:USDT,3810.8,22.3635352,3810.5,1.31219,3810.9,2.53137,3811.3,1.31197
1753769586341,06:13:06.341,bitfinex,ETH/USDT:USDT,3810.8,22.3635352,3810.5,1.31219,3810.9,2.53137,3811.2,1.31199
1753769586547,06:13:06.547,bitfinex,ETH/USDT:USDT,3810.8,22.35864,3810.5,1.31219,3810.9,2.53137,3811.2,1.31199
1753769586548,06:13:06.548,bitfinex,ETH/USDT:USDT,3810.8,22.35864,3810.5,1.31219,3810.9,2.53137,3811.2,1.31199
1753769586841,06:13:06.841,bitfinex,ETH/USDT:USDT,3810.8,22.63917009,3810.5,1.31219,3810.9,2.53137,3811.2,1.31199
1753769586842,06:13:06.842,bitfinex,ETH/USDT:USDT,3810.8,22.63917009,3810.5,1.31219,3810.9,2.53137,3811.2,1.31199
1753769587140,06:13:07.140,bitfinex,ETH/USDT:USDT,3810.8,22.63917009,3810.5,1.31219,3810.9,2.53137,3811.2,1.31199
1753769587141,06:13:07.141,bitfinex,ETH/USDT:USDT,3810.8,22.63917009,3810.6,0.65343937,3810.9,2.53137,3811.2,1.31199
1753769587345,06:13:07.345,bitfinex,ETH/USDT:USDT,3810.8,22.63917009,3810.6,0.65343937,3810.9,2.53137,3811.2,1.31199
1753769587542,06:13:07.542,bitfinex,ETH/USDT:USDT,3810.8,22.63917009,3810.6,0.65343937,3810.9,2.53137,3811.2,1.31199
1753769587543,06:13:07.543,bitfinex,ETH/USDT:USDT,3810.8,22.63917009,3810.6,0.65343937,3810.9,2.53137,3811.2,1.31199
1753769587543,06:13:07.543,bitfinex,ETH/USDT:USDT,3810.8,22.63917009,3810.6,0.65343937,3810.9,2.53137,3811.2,1.31199
1753769587843,06:13:07.843,bitfinex,ETH/USDT:USDT,3810.8,22.63917009,3810.6,0.65343937,3810.9,2.53137,3811.2,1.31199
1753769587844,06:13:07.844,bitfinex,ETH/USDT:USDT,3810.8,22.63917009,3810.6,0.65343937,3810.9,2.53137,3811.2,1.31199
1753769588045,06:13:08.045,bitfinex,ETH/USDT:USDT,3810.8,22.63917009,3810.6,0.65343937,3810.9,2.53137,3811.2,1.31199
1753769588045,06:13:08.045,bitfinex,ETH/USDT:USDT,3810.8,22.63917009,3810.6,0.65343937,3810.9,2.53137,3811.2,1.31199
1753769588046,06:13:08.046,bitfinex,ETH/USDT:USDT,3810.8,22.63917009,3810.6,0.65343937,3810.9,2.53137,3811.2,1.31199
1753769588335,06:13:08.335,bitfinex,ETH/USDT:USDT,3810.8,22.63917009,3810.6,0.65343937,3810.9,2.53137,3811.2,1.31199
1753769588336,06:13:08.336,bitfinex,ETH/USDT:USDT,3810.8,22.63917009,3810.6,0.65343937,3810.9,2.53137,3811.2,1.31199
1753769588336,06:13:08.336,bitfinex,ETH/USDT:USDT,3810.8,22.63917009,3810.6,0.65343937,3810.9,2.53137,3811.2,1.31199
1753769588543,06:13:08.543,bitfinex,ETH/USDT:USDT,3810.8,22.63917009,3810.6,0.65343937,3810.9,2.53137,3811.2,1.31199
1753769588544,06:13:08.544,bitfinex,ETH/USDT:USDT,3810.8,22.63917009,3810.6,0.65343937,3810.9,2.53137,3811.2,1.31199
1753769589042,06:13:09.042,bitfinex,ETH/USDT:USDT,3810.8,22.63917009,3810.6,0.65343937,3810.9,2.53137,3811.2,1.31199
1753769589242,06:13:09.242,bitfinex,ETH/USDT:USDT,3810.8,22.63917009,3810.6,0.65343937,3810.9,2.53137,3811.2,1.31199
1753769589243,06:13:09.243,bitfinex,ETH/USDT:USDT,3810.8,22.63917009,3810.6,0.65343937,3810.9,2.53137,3811.2,1.31199
1753769589438,06:13:09.438,bitfinex,ETH/USDT:USDT,3810.8,22.63917009,3810.6,0.65343937,3810.9,2.53137,3811.2,1.31199
1753769589439,06:13:09.439,bitfinex,ETH/USDT:USDT,3810.8,22.63917009,3810.6,0.65343937,3810.9,2.53137,3811.2,1.31199
1753769589652,06:13:09.652,bitfinex,ETH/USDT:USDT,3810.8,22.63917009,3810.6,0.65343937,3810.9,2.53137,3811.2,1.31199
1753769589658,06:13:09.658,bitfinex,ETH/USDT:USDT,3810.8,22.63917009,3810.6,0.65343937,3810.9,2.53137,3811.2,1.31199
1753769589854,06:13:09.854,bitfinex,ETH/USDT:USDT,3810.8,22.63917009,3810.6,0.65343937,3810.9,2.53137,3811.2,1.31199
1753769590147,06:13:10.147,bitfinex,ETH/USDT:USDT,3810.8,22.63917009,3810.6,0.65343937,3810.9,2.53137,3811.2,1.31199
1753769590151,06:13:10.151,bitfinex,ETH/USDT:USDT,3810.8,22.63917009,3810.6,0.65343937,3810.9,2.53137,3811.2,1.31199
1753769590452,06:13:10.452,bitfinex,ETH/USDT:USDT,3810.8,22.63917009,3810.6,0.65343937,3810.9,2.53137,3811.2,1.31199
1753769590456,06:13:10.456,bitfinex,ETH/USDT:USDT,3810.8,22.63917009,3810.6,0.65343937,3810.9,2.53137,3811.2,1.31199
1753769590847,06:13:10.847,bitfinex,ETH/USDT:USDT,3810.8,22.63917009,3810.6,0.65343937,3810.9,2.53137,3811.2,1.31199
1753769590847,06:13:10.847,bitfinex,ETH/USDT:USDT,3810.8,22.63917009,3810.6,0.65343937,3810.9,2.53137,3811.3,1.31197
1753769590848,06:13:10.848,bitfinex,ETH/USDT:USDT,3810.8,22.63917009,3810.6,0.65343937,3810.9,2.53137,3811.3,1.31197
1753769591067,06:13:11.067,bitfinex,ETH/USDT:USDT,3810.8,22.63917009,3810.6,0.65343937,3810.9,2.53137,3811.3,1.31197
1753769591070,06:13:11.070,bitfinex,ETH/USDT:USDT,3810.8,22.63917009,3810.6,0.65343937,3810.9,2.53137,3811.3,1.31197
1753769591272,06:13:11.272,bitfinex,ETH/USDT:USDT,3810.8,22.63917009,3810.6,0.65343937,3810.9,2.53137,3811.3,1.31197
1753769591291,06:13:11.291,bitfinex,ETH/USDT:USDT,3810.8,22.63917009,3810.6,0.65343937,3810.9,2.53137,3811.2,1.31199
1753769591468,06:13:11.468,bitfinex,ETH/USDT:USDT,3810.8,22.63917009,3810.6,0.65343937,3810.9,2.53137,3811.2,1.31199
1753769591471,06:13:11.471,bitfinex,ETH/USDT:USDT,3810.8,22.63917009,3810.6,0.65343937,3810.9,2.53137,3811.2,1.31199
1753769591947,06:13:11.947,bitfinex,ETH/USDT:USDT,3810.8,22.63917009,3810.6,0.65343937,3810.9,2.53137,3811.2,1.31199
1753769591947,06:13:11.947,bitfinex,ETH/USDT:USDT,3810.8,22.63917009,3810.6,0.65343937,3810.9,2.53137,3811.2,1.31199
1753769591947,06:13:11.947,bitfinex,ETH/USDT:USDT,3810.8,22.63917009,3810.6,0.65343937,3810.9,2.53137,3811.2,1.31199
1753769592547,06:13:12.547,bitfinex,ETH/USDT:USDT,3810.8,22.63917009,3810.6,0.65343937,3810.9,2.53137,3811.2,1.31199
1753769592548,06:13:12.548,bitfinex,ETH/USDT:USDT,3810.8,22.63917009,3810.6,0.65343937,3810.9,2.53137,3811.2,1.31199
1753769592549,06:13:12.549,bitfinex,ETH/USDT:USDT,3810.8,22.63917009,3810.6,0.65343937,3810.9,2.53137,3811.2,1.31199
1753769593050,06:13:13.050,bitfinex,ETH/USDT:USDT,3810.8,22.63917009,3810.6,0.65343937,3810.9,2.53137,3811.2,1.31199
1753769593050,06:13:13.050,bitfinex,ETH/USDT:USDT,3810.8,22.63917009,3810.6,0.65343937,3810.9,2.53137,3811.2,1.31199
1753769593346,06:13:13.346,bitfinex,ETH/USDT:USDT,3810.8,22.63917009,3810.6,0.65343937,3810.9,2.53137,3811.2,1.31199
1753769593348,06:13:13.348,bitfinex,ETH/USDT:USDT,3810.8,22.63917009,3810.6,0.65343937,3810.9,2.53137,3811.2,1.31199
1753769593349,06:13:13.349,bitfinex,ETH/USDT:USDT,3810.8,22.63917009,3810.6,0.65343937,3810.9,2.53137,3811.2,1.31199
1753769593628,06:13:13.628,bitfinex,ETH/USDT:USDT,3810.8,22.63917009,3810.6,0.65343937,3810.9,2.53137,3811.2,1.31199
1753769593636,06:13:13.636,bitfinex,ETH/USDT:USDT,3810.8,22.11433009,3810.6,0.65343937,3810.9,2.53137,3811.2,1.31199
1753769593674,06:13:13.674,bitfinex,ETH/USDT:USDT,3810.8,22.11433009,3810.6,0.65343937,3810.9,2.53137,3811.2,1.31199
1753769593893,06:13:13.893,bitfinex,ETH/USDT:USDT,3810.8,21.39453009,3810.2,0.412,3810.9,2.53137,3811.1,0.65343937
1753769594061,06:13:14.061,bitfinex,ETH/USDT:USDT,3810.8,21.39453009,3810.2,0.412,3810.9,2.53137,3811.1,0.65343937
1753769594072,06:13:14.072,bitfinex,ETH/USDT:USDT,3810.8,21.39453009,3810.6,0.52486,3810.9,2.53137,3811.2,1.31199
1753769594357,06:13:14.357,bitfinex,ETH/USDT:USDT,3810.8,21.39453009,3810.6,0.52487,3810.9,2.53137,3811.2,1.31199
1753769594543,06:13:14.543,bitfinex,ETH/USDT:USDT,3810.8,21.39453009,3810.6,0.52487,3810.9,2.53137,3811.2,1.31199
1753769594546,06:13:14.546,bitfinex,ETH/USDT:USDT,3810.8,21.39453009,3810.6,0.52487,3810.9,2.53137,3811.2,1.31199
1753769594549,06:13:14.549,bitfinex,ETH/USDT:USDT,3810.8,21.39453009,3810.6,0.52487,3810.9,2.53137,3811.2,1.31199
1753769594737,06:13:14.737,bitfinex,ETH/USDT:USDT,3810.8,21.39453009,3810.5,0.412,3810.9,2.53137,3811.2,1.31199
1753769594737,06:13:14.737,bitfinex,ETH/USDT:USDT,3810.8,21.39453009,3810.5,0.93687,3810.9,2.53137,3811.2,1.31199
1753769594738,06:13:14.738,bitfinex,ETH/USDT:USDT,3810.8,21.39453009,3810.5,0.93687,3810.9,2.53137,3811.2,1.31199
1753769594958,06:13:14.958,bitfinex,ETH/USDT:USDT,3810.8,21.39453009,3810.5,0.93687,3810.9,2.53137,3811.2,1.31199
1753769594968,06:13:14.968,bitfinex,ETH/USDT:USDT,3810.8,21.39453009,3810.5,0.93687,3810.9,2.53137,3811.2,1.31199
1753769595250,06:13:15.250,bitfinex,ETH/USDT:USDT,3810.8,21.39453009,3810.5,0.93687,3810.9,2.53137,3811.2,1.31199
1753769595251,06:13:15.251,bitfinex,ETH/USDT:USDT,3810.8,21.39453009,3810.5,0.93687,3810.9,2.53137,3811.2,1.31199
1753769595251,06:13:15.251,bitfinex,ETH/USDT:USDT,3810.8,21.39453009,3810.5,0.93687,3810.9,2.53137,3811.2,1.31199
1753769595555,06:13:15.555,bitfinex,ETH/USDT:USDT,3810.8,21.39453009,3810.5,0.93687,3810.9,2.53137,3811.2,1.31199
1753769595561,06:13:15.561,bitfinex,ETH/USDT:USDT,3810.8,21.39453009,3810.5,0.93687,3810.9,2.53137,3811.2,1.31199
1753769595744,06:13:15.744,bitfinex,ETH/USDT:USDT,3810.8,21.39453009,3810.5,0.93687,3810.9,2.53137,3811.2,1.31199
1753769595745,06:13:15.745,bitfinex,ETH/USDT:USDT,3810.8,21.39453009,3810.5,0.93687,3810.9,2.53137,3811.2,1.31199
1753769595745,06:13:15.745,bitfinex,ETH/USDT:USDT,3810.8,21.39453009,3810.5,0.93687,3810.9,2.53137,3811.2,1.31199
1753769595944,06:13:15.944,bitfinex,ETH/USDT:USDT,3810.8,21.39453009,3810.5,0.93687,3810.9,2.53137,3811.2,1.31199
1753769595946,06:13:15.946,bitfinex,ETH/USDT:USDT,3810.8,21.39453009,3810.5,0.93687,3810.9,2.53137,3811.2,1.31199
1753769595947,06:13:15.947,bitfinex,ETH/USDT:USDT,3810.8,21.39453009,3810.5,0.93687,3810.9,2.53137,3811.2,1.31199
1753769596153,06:13:16.153,bitfinex,ETH/USDT:USDT,3810.8,21.39453009,3810.5,0.93687,3810.9,2.53137,3811.2,1.31199
1753769596154,06:13:16.154,bitfinex,ETH/USDT:USDT,3810.8,21.39453009,3810.5,0.93687,3810.9,2.53137,3811.2,1.31199
1753769596158,06:13:16.158,bitfinex,ETH/USDT:USDT,3810.8,21.39453009,3810.5,0.93687,3810.9,2.53137,3811.2,1.31199
1753769596353,06:13:16.353,bitfinex,ETH/USDT:USDT,3810.8,21.39453009,3810.5,0.93687,3810.9,2.53137,3811.2,1.31199
1753769596355,06:13:16.355,bitfinex,ETH/USDT:USDT,3810.8,21.39453009,3810.5,0.93687,3810.9,2.53137,3811.2,1.31199
1753769596651,06:13:16.651,bitfinex,ETH/USDT:USDT,3810.8,21.39453009,3810.5,0.93687,3810.9,2.53137,3811.2,1.31199
1753769596652,06:13:16.652,bitfinex,ETH/USDT:USDT,3810.8,21.39453009,3810.6,0.52487,3810.9,2.53137,3811.2,1.31199
1753769596653,06:13:16.653,bitfinex,ETH/USDT:USDT,3810.8,21.39453009,3810.6,0.52487,3810.9,2.53137,3811.2,1.31199
1753769596947,06:13:16.947,bitfinex,ETH/USDT:USDT,3810.8,21.39453009,3810.6,0.52487,3810.9,2.53137,3811.2,1.31199
1753769596948,06:13:16.948,bitfinex,ETH/USDT:USDT,3810.8,21.39453009,3810.6,0.52487,3810.9,2.53137,3811.2,1.31199
1753769596949,06:13:16.949,bitfinex,ETH/USDT:USDT,3810.8,21.39453009,3810.6,0.52487,3810.9,2.53137,3811.2,1.31199
1753769597145,06:13:17.145,bitfinex,ETH/USDT:USDT,3810.8,21.39453009,3810.6,0.52487,3810.9,2.53137,3811.2,1.31199
1753769597145,06:13:17.145,bitfinex,ETH/USDT:USDT,3810.8,21.39453009,3810.6,0.52487,3810.9,2.53137,3811.2,1.31199
1753769597348,06:13:17.348,bitfinex,ETH/USDT:USDT,3810.8,21.39453009,3810.6,0.52487,3810.9,2.53137,3811.2,1.31199
1753769597350,06:13:17.350,bitfinex,ETH/USDT:USDT,3810.8,21.39453009,3810.6,0.52487,3810.9,2.53137,3811.2,1.31199
1753769597557,06:13:17.557,bitfinex,ETH/USDT:USDT,3810.8,21.114,3810.6,0.52487,3810.9,2.53137,3811.2,1.31199
1753769597859,06:13:17.859,bitfinex,ETH/USDT:USDT,3810.8,21.114,3810.6,0.52487,3810.9,2.53137,3811.2,1.31199
1753769597860,06:13:17.860,bitfinex,ETH/USDT:USDT,3810.8,21.114,3810.6,0.412,3810.9,2.53137,3811.2,1.31199
1753769597861,06:13:17.861,bitfinex,ETH/USDT:USDT,3810.8,21.114,3810.6,0.412,3810.9,2.53137,3811.2,1.31199
1753769598052,06:13:18.052,bitfinex,ETH/USDT:USDT,3810.8,21.114,3810.6,0.412,3810.9,2.53137,3811.2,1.31199
1753769598053,06:13:18.053,bitfinex,ETH/USDT:USDT,3810.8,21.114,3810.6,0.412,3810.9,2.53137,3811.2,1.31199
1753769598056,06:13:18.056,bitfinex,ETH/USDT:USDT,3810.8,21.114,3810.6,0.412,3810.9,2.53137,3811.2,1.31199
1753769598258,06:13:18.258,bitfinex,ETH/USDT:USDT,3810.8,21.114,3810.6,0.412,3810.9,2.53137,3811.2,1.31199
1753769598260,06:13:18.260,bitfinex,ETH/USDT:USDT,3810.8,21.114,3810.6,0.93687,3810.9,2.53137,3811.2,1.31199
1753769598265,06:13:18.265,bitfinex,ETH/USDT:USDT,3810.8,21.114,3810.6,0.93687,3810.9,2.53137,3811.2,1.31199
1753769598455,06:13:18.455,bitfinex,ETH/USDT:USDT,3810.8,21.114,3810.6,0.93687,3810.9,2.53137,3811.2,1.31199
1753769598456,06:13:18.456,bitfinex,ETH/USDT:USDT,3810.8,21.114,3810.6,0.93687,3810.9,2.53137,3811.2,1.31199
1753769598456,06:13:18.456,bitfinex,ETH/USDT:USDT,3810.8,21.114,3810.6,0.93687,3810.9,2.53137,3811.2,1.31199
1753769598747,06:13:18.747,bitfinex,ETH/USDT:USDT,3810.8,21.114,3810.6,0.93687,3810.9,2.53137,3811.2,1.31199
1753769598749,06:13:18.749,bitfinex,ETH/USDT:USDT,3810.8,21.114,3810.6,0.412,3810.9,2.53137,3811.2,1.31199
1753769598753,06:13:18.753,bitfinex,ETH/USDT:USDT,3810.8,21.114,3810.6,0.412,3810.9,2.53137,3811.2,1.31199
1753769598950,06:13:18.950,bitfinex,ETH/USDT:USDT,3810.8,21.114,3810.6,0.412,3810.9,2.53137,3811.2,1.31199
1753769598952,06:13:18.952,bitfinex,ETH/USDT:USDT,3810.8,21.114,3810.6,0.412,3810.9,2.53137,3811.2,1.31199
1753769598953,06:13:18.953,bitfinex,ETH/USDT:USDT,3810.8,21.114,3810.6,0.412,3810.9,2.53137,3811.2,1.31199
1753769599146,06:13:19.146,bitfinex,ETH/USDT:USDT,3810.8,21.114,3810.6,0.412,3810.9,2.53137,3811.2,1.31199
1753769599146,06:13:19.146,bitfinex,ETH/USDT:USDT,3810.8,21.114,3810.6,0.412,3810.9,2.53137,3811.2,1.31199
1753769599147,06:13:19.147,bitfinex,ETH/USDT:USDT,3810.8,21.114,3810.6,0.412,3810.9,2.53137,3811.2,1.31199
1753769599358,06:13:19.358,bitfinex,ETH/USDT:USDT,3810.8,21.114,3810.6,0.412,3810.9,2.53137,3811.2,1.31199
1753769599359,06:13:19.359,bitfinex,ETH/USDT:USDT,3810.8,21.114,3810.6,0.412,3810.9,2.53137,3811.2,1.31199
1753769599555,06:13:19.555,bitfinex,ETH/USDT:USDT,3810.8,21.114,3810.6,0.412,3810.9,2.53137,3811.2,1.31199
1753769599556,06:13:19.556,bitfinex,ETH/USDT:USDT,3810.8,21.114,3810.6,0.412,3810.9,2.53137,3811.2,1.31199
1753769599951,06:13:19.951,bitfinex,ETH/USDT:USDT,3810.8,21.114,3810.6,0.412,3810.9,2.53137,3811.2,1.31199
1753769599951,06:13:19.951,bitfinex,ETH/USDT:USDT,3810.8,21.114,3810.6,0.412,3810.9,2.53137,3811.2,1.31199
1753769599952,06:13:19.952,bitfinex,ETH/USDT:USDT,3810.8,21.114,3810.6,0.412,3810.9,2.53137,3811.2,1.31199
1753769600252,06:13:20.252,bitfinex,ETH/USDT:USDT,3810.8,21.114,3810.6,0.412,3810.9,2.53137,3811.2,1.31199
1753769600253,06:13:20.253,bitfinex,ETH/USDT:USDT,3810.8,21.114,3810.6,0.412,3810.9,2.53137,3811.2,1.31199
1753769600455,06:13:20.455,bitfinex,ETH/USDT:USDT,3810.8,21.114,3810.4,0.52489,3810.9,2.53137,3811.2,1.31199
1753769600455,06:13:20.455,bitfinex,ETH/USDT:USDT,3810.8,21.114,3810.5,0.412,3810.9,2.53137,3811.2,1.31199
1753769600457,06:13:20.457,bitfinex,ETH/USDT:USDT,3810.8,21.114,3810.5,0.412,3810.9,2.53137,3811.2,1.31199
1753769600647,06:13:20.647,bitfinex,ETH/USDT:USDT,3810.8,21.114,3810.5,0.412,3810.9,2.53137,3811.2,1.31199
1753769600648,06:13:20.648,bitfinex,ETH/USDT:USDT,3810.8,21.114,3810.5,0.412,3810.9,2.53137,3811.2,1.31199
1753769600847,06:13:20.847,bitfinex,ETH/USDT:USDT,3810.8,21.114,3810.5,0.412,3810.9,2.53137,3811.2,1.31199
1753769600848,06:13:20.848,bitfinex,ETH/USDT:USDT,3810.8,21.114,3810.5,0.412,3810.9,2.53137,3811.2,1.31199
1753769600850,06:13:20.850,bitfinex,ETH/USDT:USDT,3810.8,21.114,3810.5,0.412,3810.9,2.53137,3811.2,1.31199
1753769601048,06:13:21.048,bitfinex,ETH/USDT:USDT,3810.8,21.114,3810.5,0.412,3810.9,2.53137,3811.2,1.31199
1753769601048,06:13:21.048,bitfinex,ETH/USDT:USDT,3810.8,21.114,3810.5,0.412,3810.9,2.53137,3811.2,1.31199
1753769601048,06:13:21.048,bitfinex,ETH/USDT:USDT,3810.8,21.114,3810.5,0.412,3810.9,2.53137,3811.2,1.31199
1753769601250,06:13:21.250,bitfinex,ETH/USDT:USDT,3810.8,21.114,3810.5,0.412,3810.9,2.53137,3811.2,1.31199
1753769601251,06:13:21.251,bitfinex,ETH/USDT:USDT,3810.8,21.114,3810.5,0.412,3810.9,2.53137,3811.2,1.31199
1753769601251,06:13:21.251,bitfinex,ETH/USDT:USDT,3810.8,21.114,3810.5,0.412,3810.9,2.53137,3811.2,1.31199
1753769601462,06:13:21.462,bitfinex,ETH/USDT:USDT,3810.8,21.114,3810.5,0.412,3810.9,2.53137,3811.2,1.31199
1753769601465,06:13:21.465,bitfinex,ETH/USDT:USDT,3810.8,21.114,3810.5,0.93688,3810.9,2.53137,3811.2,1.31199
1753769601783,06:13:21.783,bitfinex,ETH/USDT:USDT,3810.8,21.114,3810.5,0.93688,3810.9,2.53137,3811.2,1.31199
1753769601803,06:13:21.803,bitfinex,ETH/USDT:USDT,3810.8,21.114,3810.5,0.412,3810.9,2.53137,3811.2,1.31199
1753769601836,06:13:21.836,bitfinex,ETH/USDT:USDT,3810.8,21.114,3810.5,0.412,3810.9,2.53137,3811.2,1.31199
1753769601909,06:13:21.909,bitfinex,ETH/USDT:USDT,3810.8,21.114,3810.5,0.412,3810.9,2.53137,3811.2,1.31199
1753769601922,06:13:21.922,bitfinex,ETH/USDT:USDT,3810.8,21.114,3810.5,0.412,3810.9,2.53137,3811.2,1.31199
1753769602045,06:13:22.045,bitfinex,ETH/USDT:USDT,3810.8,21.114,3810.5,0.412,3810.9,2.53137,3811.2,1.31199
1753769602046,06:13:22.046,bitfinex,ETH/USDT:USDT,3810.8,21.114,3810.5,0.412,3810.9,2.53137,3811.2,1.31199
1753769602047,06:13:22.047,bitfinex,ETH/USDT:USDT,3810.8,21.114,3810.5,0.412,3810.9,2.53137,3811.2,1.31199
1753769602348,06:13:22.348,bitfinex,ETH/USDT:USDT,3810.8,21.114,3810.4,0.52489,3810.9,2.53137,3811.2,1.31199
1753769602350,06:13:22.350,bitfinex,ETH/USDT:USDT,3810.8,20.6462,3810.0,38.32694,3810.9,7.77954297,3811.0,0.65343937
1753769602352,06:13:22.352,bitfinex,ETH/USDT:USDT,3810.8,20.6462,3810.0,38.32694,3810.9,7.77954297,3811.0,0.65343937
1753769602539,06:13:22.539,bitfinex,ETH/USDT:USDT,3810.8,20.6462,3810.0,38.32694,3810.9,7.77954297,3811.0,0.65343937
1753769602539,06:13:22.539,bitfinex,ETH/USDT:USDT,3810.8,19.84302828,3810.0,39.16164,3810.9,12.77954297,3811.0,0.65343937
1753769602540,06:13:22.540,bitfinex,ETH/USDT:USDT,3810.8,19.84302828,3810.0,39.16164,3810.9,12.77954297,3811.0,0.65343937
1753769602859,06:13:22.859,bitfinex,ETH/USDT:USDT,3810.8,19.84302828,3810.0,39.16164,3810.9,12.77954297,3811.0,0.65343937
1753769602860,06:13:22.860,bitfinex,ETH/USDT:USDT,3810.8,19.84302828,3810.1,0.412,3810.9,12.77954297,3811.0,0.65343937
1753769603051,06:13:23.051,bitfinex,ETH/USDT:USDT,3810.8,19.84302828,3810.1,0.412,3810.9,12.77954297,3811.0,0.65343937
1753769603052,06:13:23.052,bitfinex,ETH/USDT:USDT,3810.8,19.84302828,3810.1,0.412,3810.9,12.94246532,3811.0,0.65343937
1753769603052,06:13:23.052,bitfinex,ETH/USDT:USDT,3810.8,19.84302828,3810.1,0.412,3810.9,12.94246532,3811.0,0.65343937
1753769603253,06:13:23.253,bitfinex,ETH/USDT:USDT,3810.8,19.84302828,3810.1,0.412,3810.9,12.94246532,3811.0,0.65343937
1753769603257,06:13:23.257,bitfinex,ETH/USDT:USDT,3810.8,19.84302828,3810.1,0.412,3810.9,12.77954297,3811.0,0.65343937
1753769603259,06:13:23.259,bitfinex,ETH/USDT:USDT,3810.8,19.84302828,3810.1,0.412,3810.9,12.77954297,3811.0,0.65343937
1753769603448,06:13:23.448,bitfinex,ETH/USDT:USDT,3810.8,19.84302828,3810.1,0.412,3810.9,12.77954297,3811.0,0.65343937
1753769603448,06:13:23.448,bitfinex,ETH/USDT:USDT,3810.8,19.84302828,3810.1,0.94764,3810.9,12.77954297,3811.0,0.65343937
1753769603449,06:13:23.449,bitfinex,ETH/USDT:USDT,3810.8,19.84302828,3810.1,0.94764,3810.9,12.77954297,3811.0,0.65343937
1753769603652,06:13:23.652,bitfinex,ETH/USDT:USDT,3810.8,19.84302828,3810.1,0.94764,3810.9,12.77954297,3811.0,0.65343937
1753769603653,06:13:23.653,bitfinex,ETH/USDT:USDT,3810.8,19.84302828,3810.2,0.412,3810.9,12.77954297,3811.0,0.65343937
1753769603654,06:13:23.654,bitfinex,ETH/USDT:USDT,3810.8,19.84302828,3810.2,0.412,3810.9,12.77954297,3811.0,0.65343937
1753769603855,06:13:23.855,bitfinex,ETH/USDT:USDT,3810.8,19.84302828,3810.2,0.412,3810.9,12.77954297,3811.0,0.65343937
1753769603856,06:13:23.856,bitfinex,ETH/USDT:USDT,3810.8,19.84302828,3810.2,0.4227,3810.9,12.77954297,3811.0,0.65343937
1753769603857,06:13:23.857,bitfinex,ETH/USDT:USDT,3810.8,19.84302828,3810.2,0.4227,3810.9,12.77954297,3811.0,0.65343937
1753769604151,06:13:24.151,bitfinex,ETH/USDT:USDT,3810.8,19.84302828,3810.2,0.4227,3810.9,12.77954297,3811.0,0.65343937
1753769604152,06:13:24.152,bitfinex,ETH/USDT:USDT,3810.8,19.84302828,3810.3,0.412,3810.9,12.77954297,3811.0,0.65343937
1753769604154,06:13:24.154,bitfinex,ETH/USDT:USDT,3810.8,19.84302828,3810.3,0.412,3810.9,12.77954297,3811.0,0.65343937
1753769604451,06:13:24.451,bitfinex,ETH/USDT:USDT,3810.8,19.84302828,3810.3,0.412,3810.9,12.77954297,3811.0,0.65343937
1753769604452,06:13:24.452,bitfinex,ETH/USDT:USDT,3810.8,19.84302828,3810.3,0.412,3810.9,7.77954297,3811.0,0.65343937
1753769604453,06:13:24.453,bitfinex,ETH/USDT:USDT,3810.8,19.84302828,3810.3,0.412,3810.9,7.77954297,3811.0,0.65343937
1753769604650,06:13:24.650,bitfinex,ETH/USDT:USDT,3810.8,19.84302828,3810.3,0.412,3810.9,7.77954297,3811.0,0.65343937
1753769604651,06:13:24.651,bitfinex,ETH/USDT:USDT,3810.8,19.84302828,3810.3,0.412,3810.9,7.77954297,3811.0,0.65343937
1753769604652,06:13:24.652,bitfinex,ETH/USDT:USDT,3810.8,19.84302828,3810.3,0.412,3810.9,12.77954297,3811.0,0.65343937
1753769604863,06:13:24.863,bitfinex,ETH/USDT:USDT,3810.8,19.84302828,3810.3,0.412,3810.9,12.77954297,3811.0,0.65343937
1753769604868,06:13:24.868,bitfinex,ETH/USDT:USDT,3810.8,19.84302828,3810.3,0.412,3810.9,12.77954297,3811.0,0.65343937
1753769605387,06:13:25.387,bitfinex,ETH/USDT:USDT,3810.8,19.84302828,3810.3,0.412,3810.9,12.77954297,3811.0,0.65343937
1753769605388,06:13:25.388,bitfinex,ETH/USDT:USDT,3810.8,19.84302828,3810.3,0.412,3810.9,12.77954297,3811.0,0.65343937
1753769605559,06:13:25.559,bitfinex,ETH/USDT:USDT,3810.8,19.84302828,3810.3,0.412,3810.9,12.77954297,3811.0,0.65343937
1753769605560,06:13:25.560,bitfinex,ETH/USDT:USDT,3810.8,19.84302828,3810.3,0.412,3810.9,12.77954297,3811.0,0.65343937
1753769605565,06:13:25.565,bitfinex,ETH/USDT:USDT,3810.8,19.84302828,3810.3,0.412,3810.9,7.77954297,3811.0,0.65343937
1753769605753,06:13:25.753,bitfinex,ETH/USDT:USDT,3810.8,19.84302828,3810.3,0.412,3810.9,7.77954297,3811.0,0.65343937
1753769605755,06:13:25.755,bitfinex,ETH/USDT:USDT,3810.8,19.84302828,3810.3,0.412,3810.9,7.77954297,3811.0,0.65343937
1753769605756,06:13:25.756,bitfinex,ETH/USDT:USDT,3810.8,19.84302828,3810.3,0.412,3810.9,7.77954297,3811.0,0.65343937
1753769606055,06:13:26.055,bitfinex,ETH/USDT:USDT,3810.8,19.84302828,3810.3,0.412,3810.9,7.77954297,3811.0,0.65343937
1753769606055,06:13:26.055,bitfinex,ETH/USDT:USDT,3810.8,19.84302828,3810.3,0.412,3810.9,7.77954297,3811.0,0.65343937
1753769606250,06:13:26.250,bitfinex,ETH/USDT:USDT,3810.8,19.84302828,3810.3,0.412,3810.9,7.77954297,3811.0,0.65343937
1753769606251,06:13:26.251,bitfinex,ETH/USDT:USDT,3810.8,19.84302828,3810.3,0.8347,3810.9,7.77954297,3811.0,0.65343937
1753769606251,06:13:26.251,bitfinex,ETH/USDT:USDT,3810.8,19.84302828,3810.3,0.8347,3810.9,7.77954297,3811.0,0.65343937
1753769606454,06:13:26.454,bitfinex,ETH/USDT:USDT,3810.8,19.84302828,3810.3,0.8347,3810.9,7.77954297,3811.0,0.65343937
1753769606455,06:13:26.455,bitfinex,ETH/USDT:USDT,3810.8,19.84302828,3810.3,0.4227,3810.9,7.77954297,3811.0,0.65343937
1753769606456,06:13:26.456,bitfinex,ETH/USDT:USDT,3810.8,19.84302828,3810.3,0.4227,3810.9,7.77954297,3811.0,0.65343937
1753769606658,06:13:26.658,bitfinex,ETH/USDT:USDT,3810.8,19.84302828,3810.3,0.4227,3810.9,7.77954297,3811.0,0.65343937
1753769606660,06:13:26.660,bitfinex,ETH/USDT:USDT,3810.8,19.84302828,3810.6,0.412,3810.9,7.77954297,3811.0,0.65343937
1753769606664,06:13:26.664,bitfinex,ETH/USDT:USDT,3810.8,19.84302828,3810.6,0.412,3810.9,7.77954297,3811.0,0.65343937
1753769606851,06:13:26.851,bitfinex,ETH/USDT:USDT,3810.8,19.84302828,3810.6,0.412,3810.9,7.77954297,3811.0,0.65343937
1753769606852,06:13:26.852,bitfinex,ETH/USDT:USDT,3810.8,19.84302828,3810.6,0.412,3810.9,7.77954297,3811.0,0.65343937
1753769606853,06:13:26.853,bitfinex,ETH/USDT:USDT,3810.8,19.84302828,3810.6,0.412,3810.9,7.77954297,3811.0,0.65343937
1753769607370,06:13:27.370,bitfinex,ETH/USDT:USDT,3810.8,19.84302828,3810.6,0.412,3810.9,7.77954297,3811.0,0.65343937
1753769607372,06:13:27.372,bitfinex,ETH/USDT:USDT,3810.8,19.84302828,3810.6,0.412,3810.9,7.77954297,3811.0,0.65343937
1753769607680,06:13:27.680,bitfinex,ETH/USDT:USDT,3810.8,19.84302828,3810.5,0.4227,3810.9,7.77954297,3811.0,0.65343937
1753769607690,06:13:27.690,bitfinex,ETH/USDT:USDT,3810.8,19.84302828,3810.5,0.4227,3810.9,7.77954297,3811.0,0.65343937
1753769607697,06:13:27.697,bitfinex,ETH/USDT:USDT,3810.8,19.84302828,3810.5,0.4227,3810.9,7.77954297,3811.0,0.65343937
1753769607847,06:13:27.847,bitfinex,ETH/USDT:USDT,3810.8,19.84302828,3810.5,0.4227,3810.9,7.77954297,3811.0,0.65343937
1753769607847,06:13:27.847,bitfinex,ETH/USDT:USDT,3810.8,20.25502828,3810.5,0.4227,3810.9,7.77954297,3811.0,0.65343937
1753769607848,06:13:27.848,bitfinex,ETH/USDT:USDT,3810.8,20.25502828,3810.5,0.4227,3810.9,7.77954297,3811.0,0.65343937
1753769608665,06:13:28.665,bitfinex,ETH/USDT:USDT,3810.8,20.25502828,3810.5,0.4227,3810.9,7.77954297,3811.0,0.65343937
1753769608669,06:13:28.669,bitfinex,ETH/USDT:USDT,3810.8,20.25502828,3810.5,0.4227,3810.9,7.77954297,3811.0,0.65343937
1753769608672,06:13:28.672,bitfinex,ETH/USDT:USDT,3810.8,20.25502828,3810.5,0.4227,3810.9,7.77954297,3811.0,0.65343937
1753769608862,06:13:28.862,bitfinex,ETH/USDT:USDT,3810.8,20.25502828,3810.5,0.4227,3810.9,7.77954297,3811.0,0.65343937
1753769608864,06:13:28.864,bitfinex,ETH/USDT:USDT,3810.8,20.25502828,3810.5,0.4227,3810.9,7.77954297,3811.0,0.65343937
1753769608868,06:13:28.868,bitfinex,ETH/USDT:USDT,3810.8,20.25502828,3810.5,0.4227,3810.9,7.77954297,3811.0,0.65343937
1753769609163,06:13:29.163,bitfinex,ETH/USDT:USDT,3810.8,20.25502828,3810.5,0.4227,3810.9,7.77954297,3811.0,0.65343937
1753769609163,06:13:29.163,bitfinex,ETH/USDT:USDT,3810.8,19.84302828,3810.5,0.4227,3810.9,7.77954297,3811.0,0.65343937
1753769609164,06:13:29.164,bitfinex,ETH/USDT:USDT,3810.8,19.84302828,3810.5,0.4227,3810.9,7.77954297,3811.0,0.65343937
1753769609349,06:13:29.349,bitfinex,ETH/USDT:USDT,3810.8,19.84302828,3810.5,0.4227,3810.9,7.77954297,3811.0,0.65343937
1753769609349,06:13:29.349,bitfinex,ETH/USDT:USDT,3810.8,19.84302828,3810.6,0.412,3810.9,7.77954297,3811.0,0.65343937
1753769609349,06:13:29.349,bitfinex,ETH/USDT:USDT,3810.8,19.84302828,3810.6,0.412,3810.9,7.77954297,3811.0,0.65343937
1753769609558,06:13:29.558,bitfinex,ETH/USDT:USDT,3810.8,19.84302828,3810.6,0.412,3810.9,7.77954297,3811.0,0.65343937
1753769609559,06:13:29.559,bitfinex,ETH/USDT:USDT,3810.8,19.84302828,3810.6,0.412,3810.9,7.77954297,3811.0,0.65343937
1753769609561,06:13:29.561,bitfinex,ETH/USDT:USDT,3810.8,19.84302828,3810.6,0.412,3810.9,7.77954297,3811.0,0.65343937
1753769609958,06:13:29.958,bitfinex,ETH/USDT:USDT,3810.8,19.84302828,3810.6,0.412,3810.9,48.57954297,3811.0,0.65343937
1753769610265,06:13:30.265,bitfinex,ETH/USDT:USDT,3810.8,19.84302828,3810.6,0.412,3810.9,48.57954297,3811.0,0.65343937
1753769610266,06:13:30.266,bitfinex,ETH/USDT:USDT,3810.8,19.84302828,3810.6,0.412,3810.9,48.57954297,3811.0,0.65343937
1753769610751,06:13:30.751,bitfinex,ETH/USDT:USDT,3810.8,19.84302828,3810.5,0.4227,3810.9,48.57954297,3811.0,0.65343937
1753769610752,06:13:30.752,bitfinex,ETH/USDT:USDT,3810.8,20.51802828,3810.4,0.52489,3810.9,7.77954297,3811.0,0.65343937
1753769610964,06:13:30.964,bitfinex,ETH/USDT:USDT,3810.8,20.51802828,3810.2,0.2294,3810.9,7.77954297,3811.0,0.65343937
1753769610969,06:13:30.969,bitfinex,ETH/USDT:USDT,3810.8,21.65132828,3810.6,0.65343937,3810.9,0.01394,3811.2,1.312
1753769611256,06:13:31.256,bitfinex,ETH/USDT:USDT,3810.8,21.65132828,3810.6,0.65343937,3810.9,0.01394,3811.2,1.312
1753769611257,06:13:31.257,bitfinex,ETH/USDT:USDT,3810.8,22.17616828,3810.6,0.65343937,3810.9,0.86037,3811.2,1.7139
1753769611258,06:13:31.258,bitfinex,ETH/USDT:USDT,3810.8,22.17616828,3810.6,0.65343937,3810.9,0.86037,3811.2,1.7139
1753769611458,06:13:31.458,bitfinex,ETH/USDT:USDT,3810.8,22.17616828,3810.6,0.65343937,3810.9,0.86037,3811.2,1.7139
1753769611458,06:13:31.458,bitfinex,ETH/USDT:USDT,3810.8,22.17616828,3810.6,0.65343937,3810.9,0.86037,3811.1,0.4325
1753769611459,06:13:31.459,bitfinex,ETH/USDT:USDT,3810.8,22.17616828,3810.6,0.65343937,3810.9,0.86037,3811.1,0.4325
1753769611670,06:13:31.670,bitfinex,ETH/USDT:USDT,3810.8,22.17616828,3810.6,0.65343937,3810.9,0.86037,3811.1,0.4325
1753769611675,06:13:31.675,bitfinex,ETH/USDT:USDT,3810.8,22.17616828,3810.6,0.65343937,3810.9,0.86037,3811.1,0.4325
1753769611856,06:13:31.856,bitfinex,ETH/USDT:USDT,3810.8,22.17616828,3810.6,0.65343937,3810.9,0.86037,3811.1,0.4325
1753769611857,06:13:31.857,bitfinex,ETH/USDT:USDT,3810.8,22.17616828,3810.6,0.65343937,3810.9,0.86037,3811.1,0.4325
1753769611858,06:13:31.858,bitfinex,ETH/USDT:USDT,3810.8,22.17616828,3810.6,0.65343937,3810.9,0.86037,3811.1,0.4325
1753769612056,06:13:32.056,bitfinex,ETH/USDT:USDT,3810.8,22.17616828,3810.6,0.65343937,3810.9,0.86037,3811.1,0.4325
1753769612056,06:13:32.056,bitfinex,ETH/USDT:USDT,3810.8,22.17616828,3810.6,0.65343937,3810.9,0.86037,3811.1,0.4325
1753769612063,06:13:32.063,bitfinex,ETH/USDT:USDT,3810.8,22.17616828,3810.6,0.65343937,3810.9,0.86037,3811.1,0.4325
1753769612379,06:13:32.379,bitfinex,ETH/USDT:USDT,3810.8,22.17616828,3810.6,0.65343937,3810.9,0.86037,3811.1,0.4325
1753769612387,06:13:32.387,bitfinex,ETH/USDT:USDT,3810.8,22.17616828,3810.6,0.65343937,3810.9,0.86037,3811.1,0.4325
1753769612697,06:13:32.697,bitfinex,ETH/USDT:USDT,3810.8,22.17616828,3810.6,0.65343937,3810.9,0.86037,3811.1,0.4325
1753769612718,06:13:32.718,bitfinex,ETH/USDT:USDT,3810.8,22.17616828,3810.6,0.65343937,3810.9,0.86037,3811.1,0.4325
1753769612855,06:13:32.855,bitfinex,ETH/USDT:USDT,3810.8,22.17616828,3810.6,0.65343937,3810.9,0.86037,3811.1,0.4325
1753769612856,06:13:32.856,bitfinex,ETH/USDT:USDT,3810.8,22.17616828,3810.6,0.65343937,3810.9,0.86037,3811.1,0.4325
1753769612857,06:13:32.857,bitfinex,ETH/USDT:USDT,3810.8,22.17616828,3810.6,0.65343937,3810.9,0.86037,3811.1,0.4325
1753769613062,06:13:33.062,bitfinex,ETH/USDT:USDT,3810.8,22.17616828,3810.6,0.65343937,3810.9,0.86037,3811.1,0.4325
1753769613066,06:13:33.066,bitfinex,ETH/USDT:USDT,3810.8,22.17616828,3810.6,0.65343937,3810.9,0.86037,3811.1,0.4325
1753769613248,06:13:33.248,bitfinex,ETH/USDT:USDT,3810.8,22.17616828,3810.6,0.65343937,3810.9,0.86037,3811.1,0.4325
1753769613249,06:13:33.249,bitfinex,ETH/USDT:USDT,3810.8,22.17616828,3810.6,0.65343937,3810.9,0.86037,3811.1,0.4325
1753769613557,06:13:33.557,bitfinex,ETH/USDT:USDT,3810.8,22.17616828,3810.6,0.65343937,3810.9,0.86037,3811.1,0.4325
1753769613558,06:13:33.558,bitfinex,ETH/USDT:USDT,3810.8,22.17616828,3810.6,0.65343937,3810.9,0.86037,3811.1,0.4325
1753769613559,06:13:33.559,bitfinex,ETH/USDT:USDT,3810.8,22.17616828,3810.6,0.65343937,3810.9,0.86037,3811.1,0.4325
1753769613759,06:13:33.759,bitfinex,ETH/USDT:USDT,3810.8,22.17616828,3810.6,0.65343937,3810.9,0.86037,3811.1,0.4325
1753769613760,06:13:33.760,bitfinex,ETH/USDT:USDT,3810.8,22.17616828,3810.6,0.65343937,3810.9,0.86037,3811.1,0.4325
1753769613760,06:13:33.760,bitfinex,ETH/USDT:USDT,3810.8,22.17616828,3810.6,0.65343937,3810.9,0.86037,3811.1,0.4325
1753769613958,06:13:33.958,bitfinex,ETH/USDT:USDT,3810.8,22.17616828,3810.6,0.65343937,3810.9,0.86037,3811.1,0.4325
1753769613959,06:13:33.959,bitfinex,ETH/USDT:USDT,3810.8,22.17616828,3810.6,0.65343937,3810.9,0.86037,3811.1,0.4325
1753769613961,06:13:33.961,bitfinex,ETH/USDT:USDT,3810.8,22.17616828,3810.6,0.65343937,3810.9,0.86037,3811.1,0.4325
1753769614257,06:13:34.257,bitfinex,ETH/USDT:USDT,3810.8,22.17616828,3810.4,1.31223,3810.9,0.86037,3811.1,0.4325
1753769614258,06:13:34.258,bitfinex,ETH/USDT:USDT,3810.8,21.65132828,3810.7,0.52485,3810.9,1.07387,3811.1,0.4325
1753769614259,06:13:34.259,bitfinex,ETH/USDT:USDT,3810.8,21.65132828,3810.7,0.52485,3810.9,1.07387,3811.1,0.4325
1753769614526,06:13:34.526,bitfinex,ETH/USDT:USDT,3810.8,21.65132828,3810.7,0.52485,3810.9,1.07387,3811.1,0.4325
1753769614534,06:13:34.534,bitfinex,ETH/USDT:USDT,3810.8,21.65132828,3810.7,0.52485,3810.9,1.50637,3811.2,1.71389
1753769614561,06:13:34.561,bitfinex,ETH/USDT:USDT,3810.8,21.65132828,3810.7,0.52485,3810.9,1.50637,3811.2,1.71389
1753769614871,06:13:34.871,bitfinex,ETH/USDT:USDT,3810.8,21.65132828,3810.4,1.31223,3810.9,1.50637,3811.2,1.71389
1753769614896,06:13:34.896,bitfinex,ETH/USDT:USDT,3810.8,21.367,3810.6,0.412,3810.9,2.48627,3811.1,0.65343937
1753769614998,06:13:34.998,bitfinex,ETH/USDT:USDT,3810.8,21.367,3810.6,0.8347,3810.9,2.48627,3811.1,0.65343937
1753769615205,06:13:35.205,bitfinex,ETH/USDT:USDT,3810.8,21.367,3810.4,0.52489,3810.9,2.48627,3811.1,0.65343937
1753769615218,06:13:35.218,bitfinex,ETH/USDT:USDT,3810.8,21.779,3810.1,1.31234,3810.9,2.48627,3811.1,0.65343937
1753769615467,06:13:35.467,bitfinex,ETH/USDT:USDT,3810.8,21.779,3810.0,39.76779937,3810.9,2.48627,3811.1,0.65343937
1753769615470,06:13:35.470,bitfinex,ETH/USDT:USDT,3810.8,22.6829,3810.7,0.52485,3810.9,3.17496828,3811.2,1.31199
1753769615771,06:13:35.771,bitfinex,ETH/USDT:USDT,3810.8,22.9123,3810.7,0.52485,3810.9,2.48627,3811.2,1.31199
1753769616057,06:13:36.057,bitfinex,ETH/USDT:USDT,3810.8,22.9123,3810.3,1.96569937,3810.9,2.48627,3811.2,1.31199
1753769616058,06:13:36.058,bitfinex,ETH/USDT:USDT,3810.8,22.6829,3810.6,0.2294,3810.9,3.17493847,3811.2,1.31199
1753769616059,06:13:36.059,bitfinex,ETH/USDT:USDT,3810.8,22.6829,3810.6,0.2294,3810.9,3.17493847,3811.2,1.31199
1753769616270,06:13:36.270,bitfinex,ETH/USDT:USDT,3810.8,22.6829,3810.6,0.2294,3810.9,3.17493847,3811.2,1.31199
1753769616272,06:13:36.272,bitfinex,ETH/USDT:USDT,3810.8,22.6829,3810.6,0.2294,3810.9,3.17493847,3811.2,1.31199
1753769616459,06:13:36.459,bitfinex,ETH/USDT:USDT,3810.8,22.6829,3810.6,0.2294,3810.9,3.17493847,3811.2,1.31199
1753769616461,06:13:36.461,bitfinex,ETH/USDT:USDT,3810.8,22.6829,3810.6,0.75426,3810.9,3.17493847,3811.2,1.31199
1753769616463,06:13:36.463,bitfinex,ETH/USDT:USDT,3810.8,22.6829,3810.6,0.75426,3810.9,3.17493847,3811.2,1.31199
1753769616665,06:13:36.665,bitfinex,ETH/USDT:USDT,3810.8,22.6829,3810.6,0.75426,3810.9,3.17493847,3811.2,1.31199
1753769616667,06:13:36.667,bitfinex,ETH/USDT:USDT,3810.8,22.6829,3810.7,0.52485,3810.9,2.48627,3811.2,1.31199
1753769616670,06:13:36.670,bitfinex,ETH/USDT:USDT,3810.8,22.6829,3810.7,0.52485,3810.9,2.48627,3811.2,1.31199
1753769616870,06:13:36.870,bitfinex,ETH/USDT:USDT,3810.8,22.6829,3810.7,0.52485,3810.9,2.48627,3811.2,1.31199
1753769616872,06:13:36.872,bitfinex,ETH/USDT:USDT,3810.8,22.6829,3810.7,0.52485,3810.9,2.48627,3811.2,1.31199
1753769617053,06:13:37.053,bitfinex,ETH/USDT:USDT,3810.8,22.6829,3810.7,0.52485,3810.9,2.48627,3811.2,1.31199
1753769617053,06:13:37.053,bitfinex,ETH/USDT:USDT,3810.8,22.9123,3810.7,0.52485,3810.9,3.17491463,3811.2,1.31199
1753769617054,06:13:37.054,bitfinex,ETH/USDT:USDT,3810.8,22.9123,3810.7,0.52485,3810.9,3.17491463,3811.2,1.31199
1753769617254,06:13:37.254,bitfinex,ETH/USDT:USDT,3810.8,22.9123,3810.7,0.52485,3810.9,3.17491463,3811.2,1.31199
1753769617254,06:13:37.254,bitfinex,ETH/USDT:USDT,3810.8,22.9123,3810.7,0.52485,3810.9,2.48627,3811.2,1.31199
1753769617255,06:13:37.255,bitfinex,ETH/USDT:USDT,3810.8,22.9123,3810.7,0.52485,3810.9,2.48627,3811.2,1.31199
1753769617520,06:13:37.520,bitfinex,ETH/USDT:USDT,3810.8,22.9123,3810.7,0.52485,3810.9,2.48627,3811.2,1.31199
1753769617757,06:13:37.757,bitfinex,ETH/USDT:USDT,3810.8,22.9123,3810.3,0.65343937,3810.9,2.48627,3811.2,1.31199
1753769617758,06:13:37.758,bitfinex,ETH/USDT:USDT,3810.8,23.43714,3810.3,1.96569937,3810.9,1.38217,3811.2,1.74449
1753769617758,06:13:37.758,bitfinex,ETH/USDT:USDT,3810.8,23.43714,3810.3,1.96569937,3810.9,1.38217,3811.2,1.74449
1753769617962,06:13:37.962,bitfinex,ETH/USDT:USDT,3810.8,23.43714,3810.3,1.96569937,3810.9,1.38217,3811.2,1.74449
1753769617965,06:13:37.965,bitfinex,ETH/USDT:USDT,3810.8,22.9123,3810.7,0.52485,3810.9,1.81467,3811.1,0.4019
1753769617968,06:13:37.968,bitfinex,ETH/USDT:USDT,3810.8,22.9123,3810.7,0.52485,3810.9,1.81467,3811.1,0.4019
1753769618159,06:13:38.159,bitfinex,ETH/USDT:USDT,3810.8,22.9123,3810.7,0.52485,3810.9,1.81467,3811.1,0.4019
1753769618166,06:13:38.166,bitfinex,ETH/USDT:USDT,3810.8,22.9123,3810.7,0.52485,3810.9,1.81467,3811.1,0.4019
1753769618171,06:13:38.171,bitfinex,ETH/USDT:USDT,3810.8,22.9123,3810.7,0.52485,3810.9,1.81467,3811.1,0.4019
1753769618361,06:13:38.361,bitfinex,ETH/USDT:USDT,3810.8,22.9123,3810.3,1.96569937,3810.9,1.81467,3811.1,0.4019
1753769618364,06:13:38.364,bitfinex,ETH/USDT:USDT,3810.8,22.6829,3810.6,0.75426,3810.9,2.48627,3811.2,1.31199
1753769618564,06:13:38.564,bitfinex,ETH/USDT:USDT,3810.8,22.6829,3810.6,0.75426,3810.9,2.48627,3811.2,1.31199
1753769618566,06:13:38.566,bitfinex,ETH/USDT:USDT,3810.8,22.6829,3810.6,0.75426,3810.9,2.48627,3811.2,1.31199
1753769618568,06:13:38.568,bitfinex,ETH/USDT:USDT,3810.8,22.6829,3810.6,0.75426,3810.9,2.48627,3811.2,1.31199
1753769618757,06:13:38.757,bitfinex,ETH/USDT:USDT,3810.8,22.6829,3810.6,0.75426,3810.9,2.48627,3811.2,1.31199
1753769618757,06:13:38.757,bitfinex,ETH/USDT:USDT,3810.8,22.6829,3810.6,0.75426,3810.9,2.48627,3811.2,1.31199
1753769618758,06:13:38.758,bitfinex,ETH/USDT:USDT,3810.8,22.6829,3810.6,0.75426,3810.9,2.48627,3811.2,1.31199
1753769618960,06:13:38.960,bitfinex,ETH/USDT:USDT,3810.8,22.6829,3810.6,0.75426,3810.9,2.48627,3811.2,1.31199
1753769618961,06:13:38.961,bitfinex,ETH/USDT:USDT,3810.8,22.6829,3810.6,0.75426,3810.9,2.48627,3811.2,1.31199
1753769618961,06:13:38.961,bitfinex,ETH/USDT:USDT,3810.8,22.6829,3810.6,0.75426,3810.9,2.48627,3811.2,1.31199
1753769619254,06:13:39.254,bitfinex,ETH/USDT:USDT,3810.8,22.6829,3810.6,0.75426,3810.9,2.48627,3811.2,1.31199
1753769619255,06:13:39.255,bitfinex,ETH/USDT:USDT,3810.8,22.6829,3810.7,0.52485,3810.9,2.48627,3811.2,1.31199
1753769619256,06:13:39.256,bitfinex,ETH/USDT:USDT,3810.8,22.6829,3810.7,0.52485,3810.9,2.48627,3811.2,1.31199
1753769619450,06:13:39.450,bitfinex,ETH/USDT:USDT,3810.8,22.6829,3810.7,0.52485,3810.9,2.48627,3811.2,1.31199
1753769619451,06:13:39.451,bitfinex,ETH/USDT:USDT,3810.8,22.9123,3810.7,0.52485,3810.9,2.48627,3811.2,1.31199
1753769619451,06:13:39.451,bitfinex,ETH/USDT:USDT,3810.8,22.9123,3810.7,0.52485,3810.9,2.48627,3811.2,1.31199
1753769619656,06:13:39.656,bitfinex,ETH/USDT:USDT,3810.8,22.9123,3810.7,0.52485,3810.9,2.48627,3811.2,1.31199
1753769619657,06:13:39.657,bitfinex,ETH/USDT:USDT,3810.8,22.9123,3810.7,0.52485,3810.9,2.48627,3811.2,1.31199
1753769619658,06:13:39.658,bitfinex,ETH/USDT:USDT,3810.8,22.9123,3810.7,0.52485,3810.9,2.48627,3811.2,1.31199
1753769619851,06:13:39.851,bitfinex,ETH/USDT:USDT,3810.8,22.9123,3810.7,0.52485,3810.9,2.48627,3811.2,1.31199
1753769619852,06:13:39.852,bitfinex,ETH/USDT:USDT,3810.8,22.9123,3810.7,0.52485,3810.9,2.48627,3811.2,1.31199
1753769619852,06:13:39.852,bitfinex,ETH/USDT:USDT,3810.8,22.9123,3810.7,0.52485,3810.9,2.48627,3811.2,1.31199
1753769620061,06:13:40.061,bitfinex,ETH/USDT:USDT,3810.8,22.9123,3810.7,0.52485,3810.9,2.48627,3811.2,1.31199
