timestamp,time,exchange,symbol,bid1_price,bid1_volume,bid2_price,bid2_volume,ask1_price,ask1_volume,ask2_price,ask2_volume
1753769558072,06:12:38.072,whitebit,ETH/USDT:USDT,3806.9,19.43,3806.89,1.5,3807.0,0.04,3808.0,0.04
1753769558387,06:12:38.387,whitebit,ETH/USDT:USDT,3806.9,19.43,3806.89,1.5,3807.0,0.04,3808.0,0.04
1753769558557,06:12:38.557,whitebit,ETH/USDT:USDT,3806.9,19.43,3806.89,1.5,3807.0,0.04,3808.0,0.04
1753769558671,06:12:38.671,whitebit,ETH/USDT:USDT,3806.9,19.43,3806.89,1.5,3807.0,0.04,3808.0,0.04
1753769558872,06:12:38.872,whitebit,ETH/USDT:USDT,3806.9,18.12,3806.89,1.5,3807.0,0.04,3808.0,0.04
1753769559080,06:12:39.080,whitebit,ETH/USDT:USDT,3806.9,18.12,3806.89,1.5,3807.0,0.04,3808.0,0.04
1753769559171,06:12:39.171,whitebit,ETH/USDT:USDT,3806.9,18.12,3806.89,1.9,3807.0,0.04,3808.0,0.04
1753769559373,06:12:39.373,whitebit,ETH/USDT:USDT,3806.6,3.5,3806.59,69.94,3807.0,0.04,3808.0,0.04
1753769559466,06:12:39.466,whitebit,ETH/USDT:USDT,3806.61,18.12,3806.6,3.5,3807.0,0.04,3808.0,0.04
1753769559574,06:12:39.574,whitebit,ETH/USDT:USDT,3806.61,18.12,3806.6,3.5,3807.0,0.04,3808.0,0.04
1753769559680,06:12:39.680,whitebit,ETH/USDT:USDT,3806.61,18.12,3806.6,3.5,3807.0,0.04,3808.0,0.04
1753769559774,06:12:39.774,whitebit,ETH/USDT:USDT,3806.61,18.12,3806.6,3.5,3807.0,0.04,3808.0,0.04
1753769559874,06:12:39.874,whitebit,ETH/USDT:USDT,3806.61,18.12,3806.6,3.5,3807.0,0.04,3807.71,8.54
1753769559964,06:12:39.964,whitebit,ETH/USDT:USDT,3806.61,18.12,3806.6,3.5,3807.0,0.04,3808.0,0.04
1753769560070,06:12:40.070,whitebit,ETH/USDT:USDT,3806.61,18.12,3806.6,3.5,3807.0,0.04,3808.0,0.04
1753769560175,06:12:40.175,whitebit,ETH/USDT:USDT,3806.61,18.12,3806.6,3.5,3807.0,0.04,3808.0,0.04
1753769560275,06:12:40.275,whitebit,ETH/USDT:USDT,3806.61,18.12,3806.6,3.5,3807.0,0.04,3808.0,0.04
1753769560376,06:12:40.376,whitebit,ETH/USDT:USDT,3806.61,18.12,3806.6,3.5,3807.0,0.04,3808.0,0.04
1753769560573,06:12:40.573,whitebit,ETH/USDT:USDT,3806.61,18.12,3806.6,3.5,3807.0,0.04,3808.0,0.04
1753769560673,06:12:40.673,whitebit,ETH/USDT:USDT,3806.61,18.12,3806.6,3.5,3807.0,0.04,3808.0,0.04
1753769561073,06:12:41.073,whitebit,ETH/USDT:USDT,3806.61,18.12,3806.6,3.5,3807.0,0.04,3808.0,0.04
1753769561367,06:12:41.367,whitebit,ETH/USDT:USDT,3806.61,18.12,3806.6,3.5,3807.0,0.04,3808.0,0.04
1753769561468,06:12:41.468,whitebit,ETH/USDT:USDT,3806.61,18.12,3806.6,3.5,3807.0,0.04,3808.0,0.04
1753769561565,06:12:41.565,whitebit,ETH/USDT:USDT,3806.61,18.12,3806.6,3.5,3807.0,0.04,3808.0,0.04
1753769561663,06:12:41.663,whitebit,ETH/USDT:USDT,3806.61,18.12,3806.6,3.5,3807.0,0.04,3808.0,0.04
1753769561762,06:12:41.762,whitebit,ETH/USDT:USDT,3806.61,18.12,3806.6,3.5,3807.0,0.04,3808.0,0.04
1753769561868,06:12:41.868,whitebit,ETH/USDT:USDT,3806.61,18.12,3806.6,3.5,3807.0,0.04,3808.0,0.04
1753769561969,06:12:41.969,whitebit,ETH/USDT:USDT,3806.61,18.12,3806.6,3.5,3807.0,0.04,3808.0,0.04
1753769562067,06:12:42.067,whitebit,ETH/USDT:USDT,3806.61,18.12,3806.6,3.5,3807.0,0.04,3808.0,0.04
1753769562175,06:12:42.175,whitebit,ETH/USDT:USDT,3806.61,18.12,3806.6,3.5,3807.0,0.04,3808.0,0.04
1753769562273,06:12:42.273,whitebit,ETH/USDT:USDT,3806.61,18.12,3806.6,3.5,3807.0,0.04,3808.0,0.04
1753769562371,06:12:42.371,whitebit,ETH/USDT:USDT,3806.61,18.12,3806.6,3.5,3807.0,0.04,3808.0,0.04
1753769562462,06:12:42.462,whitebit,ETH/USDT:USDT,3806.61,18.12,3806.6,3.5,3807.0,0.04,3808.0,0.04
1753769562567,06:12:42.567,whitebit,ETH/USDT:USDT,3806.9,18.12,3806.89,0.41,3807.0,0.04,3808.0,0.04
1753769562673,06:12:42.673,whitebit,ETH/USDT:USDT,3806.9,18.12,3806.89,0.41,3807.0,0.04,3808.0,0.04
1753769562776,06:12:42.776,whitebit,ETH/USDT:USDT,3806.9,18.12,3806.89,0.41,3807.0,0.04,3808.0,0.04
1753769562864,06:12:42.864,whitebit,ETH/USDT:USDT,3806.9,18.12,3806.89,0.41,3807.0,0.04,3808.0,0.04
1753769563071,06:12:43.071,whitebit,ETH/USDT:USDT,3806.9,18.12,3806.89,0.41,3807.0,0.04,3808.0,0.04
1753769563174,06:12:43.174,whitebit,ETH/USDT:USDT,3806.9,18.12,3806.89,0.41,3807.0,0.04,3808.0,0.04
1753769563370,06:12:43.370,whitebit,ETH/USDT:USDT,3806.9,18.12,3806.89,0.41,3807.0,0.04,3808.0,0.04
1753769563459,06:12:43.459,whitebit,ETH/USDT:USDT,3806.9,18.12,3806.89,0.41,3807.0,0.04,3808.0,0.04
1753769563559,06:12:43.559,whitebit,ETH/USDT:USDT,3806.9,18.12,3806.89,0.95,3807.0,0.04,3808.0,0.04
1753769563765,06:12:43.765,whitebit,ETH/USDT:USDT,3806.9,18.12,3806.89,0.95,3807.0,0.04,3808.0,0.04
1753769563859,06:12:43.859,whitebit,ETH/USDT:USDT,3806.9,18.12,3806.89,0.95,3807.0,0.04,3808.0,0.04
1753769563967,06:12:43.967,whitebit,ETH/USDT:USDT,3806.9,18.12,3806.89,0.95,3807.0,0.04,3808.0,0.04
1753769564060,06:12:44.060,whitebit,ETH/USDT:USDT,3806.9,18.12,3806.89,0.95,3807.0,0.04,3808.0,0.04
1753769564160,06:12:44.160,whitebit,ETH/USDT:USDT,3806.9,18.12,3806.89,0.95,3807.0,0.04,3808.0,0.04
1753769564361,06:12:44.361,whitebit,ETH/USDT:USDT,3806.9,18.12,3806.89,0.95,3807.0,0.04,3808.0,0.04
1753769564486,06:12:44.486,whitebit,ETH/USDT:USDT,3806.9,18.12,3806.89,0.95,3807.0,0.04,3808.0,0.04
1753769564561,06:12:44.561,whitebit,ETH/USDT:USDT,3806.9,18.12,3806.89,0.95,3807.0,0.04,3808.0,0.04
1753769564670,06:12:44.670,whitebit,ETH/USDT:USDT,3806.9,18.12,3806.89,0.41,3807.0,0.04,3808.0,0.04
1753769564762,06:12:44.762,whitebit,ETH/USDT:USDT,3806.9,18.12,3806.89,0.41,3807.0,0.04,3808.0,0.04
1753769564862,06:12:44.862,whitebit,ETH/USDT:USDT,3806.9,18.12,3806.89,0.41,3807.0,0.04,3808.0,0.04
1753769564977,06:12:44.977,whitebit,ETH/USDT:USDT,3806.9,18.12,3806.89,0.41,3807.0,0.04,3808.0,0.04
1753769565168,06:12:45.168,whitebit,ETH/USDT:USDT,3806.9,18.12,3806.89,0.78,3807.0,0.04,3808.0,0.04
1753769565263,06:12:45.263,whitebit,ETH/USDT:USDT,3806.9,18.12,3806.89,0.78,3807.0,0.04,3808.0,0.04
1753769565367,06:12:45.367,whitebit,ETH/USDT:USDT,3806.9,18.12,3806.89,0.78,3807.0,0.04,3808.0,0.04
1753769565464,06:12:45.464,whitebit,ETH/USDT:USDT,3806.9,18.12,3806.89,0.78,3807.0,0.04,3808.0,0.04
1753769565564,06:12:45.564,whitebit,ETH/USDT:USDT,3806.9,18.12,3806.89,0.78,3807.0,0.04,3808.0,0.04
1753769565865,06:12:45.865,whitebit,ETH/USDT:USDT,3806.9,18.12,3806.89,0.78,3807.0,0.04,3808.0,0.04
1753769565965,06:12:45.965,whitebit,ETH/USDT:USDT,3806.9,18.12,3806.89,0.78,3807.0,0.04,3808.0,0.04
1753769566168,06:12:46.168,whitebit,ETH/USDT:USDT,3806.9,18.12,3806.89,1.13,3807.0,0.04,3808.0,0.04
1753769566266,06:12:46.266,whitebit,ETH/USDT:USDT,3806.9,18.12,3806.89,1.13,3807.0,0.04,3808.0,0.04
1753769566366,06:12:46.366,whitebit,ETH/USDT:USDT,3806.9,18.12,3806.89,1.13,3807.0,0.04,3808.0,0.04
1753769566466,06:12:46.466,whitebit,ETH/USDT:USDT,3806.9,18.12,3806.89,1.13,3807.0,0.04,3808.0,0.04
1753769566580,06:12:46.580,whitebit,ETH/USDT:USDT,3806.9,18.12,3806.89,1.66,3807.0,0.04,3808.0,0.04
1753769566669,06:12:46.669,whitebit,ETH/USDT:USDT,3806.9,18.12,3806.89,1.66,3807.0,0.04,3808.0,0.04
1753769566956,06:12:46.956,whitebit,ETH/USDT:USDT,3806.9,18.12,3806.89,1.29,3807.0,0.04,3808.0,0.04
1753769567086,06:12:47.086,whitebit,ETH/USDT:USDT,3806.9,18.12,3806.89,1.29,3807.0,0.04,3808.0,0.04
1753769567279,06:12:47.279,whitebit,ETH/USDT:USDT,3806.9,18.12,3806.89,1.29,3807.0,0.04,3808.0,0.04
1753769567382,06:12:47.382,whitebit,ETH/USDT:USDT,3806.9,18.12,3806.89,1.62,3807.0,0.04,3808.0,0.04
1753769567484,06:12:47.484,whitebit,ETH/USDT:USDT,3806.9,18.12,3806.89,1.62,3807.0,0.04,3808.0,0.04
1753769567577,06:12:47.577,whitebit,ETH/USDT:USDT,3806.9,18.12,3806.89,1.62,3807.0,0.04,3808.0,0.04
1753769567668,06:12:47.668,whitebit,ETH/USDT:USDT,3806.9,18.12,3806.89,1.62,3807.0,0.04,3808.0,0.04
1753769567764,06:12:47.764,whitebit,ETH/USDT:USDT,3806.9,18.12,3806.89,1.62,3807.0,0.04,3808.0,0.04
1753769568166,06:12:48.166,whitebit,ETH/USDT:USDT,3806.9,18.12,3806.89,1.62,3807.0,0.04,3808.0,0.04
1753769568264,06:12:48.264,whitebit,ETH/USDT:USDT,3806.9,18.12,3806.89,1.62,3807.0,0.04,3808.0,0.04
1753769568673,06:12:48.673,whitebit,ETH/USDT:USDT,3806.9,18.12,3806.89,1.62,3807.0,0.04,3808.0,0.04
1753769568959,06:12:48.959,whitebit,ETH/USDT:USDT,3806.9,18.12,3806.89,1.62,3807.0,0.04,3808.0,0.04
1753769569078,06:12:49.078,whitebit,ETH/USDT:USDT,3806.9,18.12,3806.89,1.62,3807.0,0.04,3808.0,0.04
1753769569171,06:12:49.171,whitebit,ETH/USDT:USDT,3806.9,18.12,3806.89,2.06,3807.0,0.04,3808.0,0.04
1753769569273,06:12:49.273,whitebit,ETH/USDT:USDT,3806.9,18.12,3806.89,2.06,3807.0,0.04,3808.0,0.04
1753769569373,06:12:49.373,whitebit,ETH/USDT:USDT,3806.9,19.43,3806.89,2.06,3807.0,0.04,3808.0,0.04
1753769569466,06:12:49.466,whitebit,ETH/USDT:USDT,3806.9,19.43,3806.89,2.31,3807.0,0.04,3808.0,0.04
1753769569574,06:12:49.574,whitebit,ETH/USDT:USDT,3806.9,19.43,3806.89,2.31,3807.0,0.04,3808.0,0.04
1753769569674,06:12:49.674,whitebit,ETH/USDT:USDT,3806.9,19.43,3806.89,2.31,3807.0,0.04,3808.0,0.04
1753769569775,06:12:49.775,whitebit,ETH/USDT:USDT,3806.9,19.43,3806.89,2.31,3807.0,0.04,3808.0,0.04
1753769569868,06:12:49.868,whitebit,ETH/USDT:USDT,3806.9,19.43,3806.89,2.31,3807.0,0.04,3808.0,0.04
1753769569979,06:12:49.979,whitebit,ETH/USDT:USDT,3806.9,19.43,3806.89,2.31,3807.0,0.04,3808.0,0.04
1753769570075,06:12:50.075,whitebit,ETH/USDT:USDT,3806.9,18.12,3806.89,2.31,3807.0,0.04,3808.0,0.04
1753769570269,06:12:50.269,whitebit,ETH/USDT:USDT,3806.9,18.12,3806.89,2.31,3807.0,0.04,3808.0,0.04
1753769570379,06:12:50.379,whitebit,ETH/USDT:USDT,3806.9,18.12,3806.89,2.31,3807.0,0.04,3808.0,0.04
1753769570577,06:12:50.577,whitebit,ETH/USDT:USDT,3806.9,18.12,3806.89,2.31,3807.0,0.04,3808.0,0.04
1753769570676,06:12:50.676,whitebit,ETH/USDT:USDT,3806.9,18.12,3806.89,2.52,3807.0,0.04,3808.0,0.04
1753769570777,06:12:50.777,whitebit,ETH/USDT:USDT,3806.9,18.12,3806.89,2.52,3807.0,0.04,3808.0,0.04
1753769570966,06:12:50.966,whitebit,ETH/USDT:USDT,3806.9,18.12,3806.89,1.73,3807.0,0.04,3808.0,0.04
1753769571078,06:12:51.078,whitebit,ETH/USDT:USDT,3806.9,18.12,3806.89,2.09,3807.0,0.04,3808.0,0.04
1753769571178,06:12:51.178,whitebit,ETH/USDT:USDT,3806.9,18.12,3806.89,2.09,3807.0,0.04,3808.0,0.04
1753769571270,06:12:51.270,whitebit,ETH/USDT:USDT,3806.9,18.12,3806.89,2.09,3807.0,0.04,3808.0,0.04
1753769571379,06:12:51.379,whitebit,ETH/USDT:USDT,3806.9,18.12,3806.89,2.37,3808.0,0.04,3808.59,69.92
1753769571461,06:12:51.461,whitebit,ETH/USDT:USDT,3806.9,18.12,3806.89,2.37,3808.0,0.04,3808.59,69.92
1753769571569,06:12:51.569,whitebit,ETH/USDT:USDT,3806.9,18.12,3806.89,2.74,3808.0,0.04,3808.59,69.92
1753769571676,06:12:51.676,whitebit,ETH/USDT:USDT,3807.2,88.02,3807.19,0.56,3808.0,0.04,3808.59,69.92
1753769571771,06:12:51.771,whitebit,ETH/USDT:USDT,3807.2,88.02,3807.19,0.56,3808.0,0.04,3808.59,69.92
1753769571868,06:12:51.868,whitebit,ETH/USDT:USDT,3807.2,88.02,3807.19,1.15,3808.0,0.04,3808.59,69.92
1753769571959,06:12:51.959,whitebit,ETH/USDT:USDT,3807.2,88.02,3807.19,1.15,3808.0,0.04,3808.59,69.92
1753769572076,06:12:52.076,whitebit,ETH/USDT:USDT,3807.2,88.02,3807.19,1.15,3808.0,0.04,3808.59,69.92
1753769572173,06:12:52.173,whitebit,ETH/USDT:USDT,3807.2,88.02,3807.19,1.15,3808.0,0.04,3808.59,69.92
1753769572268,06:12:52.268,whitebit,ETH/USDT:USDT,3807.2,88.02,3807.19,1.38,3808.0,0.04,3808.59,69.92
1753769572475,06:12:52.475,whitebit,ETH/USDT:USDT,3807.2,88.02,3807.19,1.15,3808.0,0.04,3808.59,69.92
1753769572576,06:12:52.576,whitebit,ETH/USDT:USDT,3807.2,88.02,3807.19,1.15,3808.0,0.04,3808.59,69.92
1753769572676,06:12:52.676,whitebit,ETH/USDT:USDT,3807.2,88.02,3807.19,1.4,3808.0,0.04,3808.59,69.92
1753769572773,06:12:52.773,whitebit,ETH/USDT:USDT,3807.2,88.02,3807.19,1.4,3808.0,0.04,3808.59,69.92
1753769572866,06:12:52.866,whitebit,ETH/USDT:USDT,3807.2,88.02,3807.19,1.4,3808.0,0.04,3808.59,69.92
1753769572978,06:12:52.978,whitebit,ETH/USDT:USDT,3807.2,88.02,3807.19,1.4,3808.0,0.04,3808.59,69.92
1753769573078,06:12:53.078,whitebit,ETH/USDT:USDT,3807.2,88.02,3807.19,1.91,3808.0,0.04,3808.59,69.92
1753769573177,06:12:53.177,whitebit,ETH/USDT:USDT,3807.2,88.02,3807.19,1.91,3808.0,0.04,3808.59,69.92
1753769573270,06:12:53.270,whitebit,ETH/USDT:USDT,3807.2,88.02,3807.19,1.91,3808.0,0.04,3808.59,69.92
1753769573369,06:12:53.369,whitebit,ETH/USDT:USDT,3807.2,88.02,3807.19,1.91,3808.0,0.04,3808.59,69.92
1753769573475,06:12:53.475,whitebit,ETH/USDT:USDT,3807.2,88.02,3807.19,1.15,3808.0,0.04,3808.59,69.92
1753769573573,06:12:53.573,whitebit,ETH/USDT:USDT,3807.2,88.02,3807.19,1.64,3808.0,0.04,3808.59,69.92
1753769573677,06:12:53.677,whitebit,ETH/USDT:USDT,3807.2,88.02,3807.19,1.64,3808.0,0.04,3808.59,69.92
1753769573770,06:12:53.770,whitebit,ETH/USDT:USDT,3807.2,88.02,3807.19,1.64,3808.0,0.04,3808.59,69.92
1753769573960,06:12:53.960,whitebit,ETH/USDT:USDT,3807.2,88.02,3807.19,1.64,3808.0,0.04,3808.59,69.92
1753769574061,06:12:54.061,whitebit,ETH/USDT:USDT,3807.2,88.02,3807.19,1.64,3808.0,0.04,3808.59,69.92
1753769574286,06:12:54.286,whitebit,ETH/USDT:USDT,3807.2,88.02,3807.19,1.64,3808.0,0.04,3808.59,69.92
1753769574361,06:12:54.361,whitebit,ETH/USDT:USDT,3807.2,88.02,3807.19,2.1,3808.0,0.04,3808.59,69.92
1753769574467,06:12:54.467,whitebit,ETH/USDT:USDT,3807.2,88.02,3807.19,2.1,3808.0,0.04,3808.59,69.92
1753769574561,06:12:54.561,whitebit,ETH/USDT:USDT,3807.2,88.02,3807.19,2.1,3808.0,0.04,3808.59,69.92
1753769574670,06:12:54.670,whitebit,ETH/USDT:USDT,3807.2,88.02,3807.19,1.15,3808.0,0.04,3808.59,69.92
1753769574762,06:12:54.762,whitebit,ETH/USDT:USDT,3807.2,88.02,3807.19,1.15,3808.0,0.04,3808.59,69.92
1753769574862,06:12:54.862,whitebit,ETH/USDT:USDT,3807.2,88.02,3807.19,1.64,3808.0,0.04,3808.59,69.92
1753769574962,06:12:54.962,whitebit,ETH/USDT:USDT,3807.2,88.02,3807.19,1.64,3808.0,0.04,3808.59,69.92
1753769575364,06:12:55.364,whitebit,ETH/USDT:USDT,3807.2,88.02,3807.19,1.64,3808.0,0.04,3808.59,69.92
1753769575577,06:12:55.577,whitebit,ETH/USDT:USDT,3807.2,88.02,3807.19,1.64,3808.0,0.04,3808.59,69.92
1753769576274,06:12:56.274,whitebit,ETH/USDT:USDT,3807.2,88.02,3807.19,1.64,3808.0,0.04,3808.59,69.92
1753769576366,06:12:56.366,whitebit,ETH/USDT:USDT,3807.2,88.02,3807.19,1.64,3808.0,0.04,3808.59,69.92
1753769576466,06:12:56.466,whitebit,ETH/USDT:USDT,3807.2,88.02,3807.19,1.64,3808.0,0.04,3808.59,69.92
1753769576567,06:12:56.567,whitebit,ETH/USDT:USDT,3807.2,88.02,3807.19,1.64,3808.0,0.04,3808.59,69.92
1753769576767,06:12:56.767,whitebit,ETH/USDT:USDT,3807.2,88.02,3807.19,1.64,3808.0,0.04,3808.59,69.92
1753769576867,06:12:56.867,whitebit,ETH/USDT:USDT,3807.2,88.02,3807.19,1.64,3808.0,0.04,3808.59,69.92
1753769576968,06:12:56.968,whitebit,ETH/USDT:USDT,3807.2,88.02,3807.19,1.64,3808.0,0.04,3808.59,69.92
1753769577068,06:12:57.068,whitebit,ETH/USDT:USDT,3807.2,88.02,3807.19,1.64,3808.0,0.04,3808.59,69.92
1753769577176,06:12:57.176,whitebit,ETH/USDT:USDT,3807.2,88.02,3807.19,1.64,3808.0,0.04,3808.59,69.92
1753769577282,06:12:57.282,whitebit,ETH/USDT:USDT,3807.2,88.02,3807.19,1.15,3808.0,0.04,3808.59,69.92
1753769577368,06:12:57.368,whitebit,ETH/USDT:USDT,3807.2,88.02,3807.19,1.15,3808.0,0.04,3808.59,69.92
1753769577481,06:12:57.481,whitebit,ETH/USDT:USDT,3807.2,88.02,3807.19,1.15,3808.0,0.04,3808.59,69.92
1753769577785,06:12:57.785,whitebit,ETH/USDT:USDT,3807.2,88.02,3807.19,1.02,3808.0,0.04,3808.59,69.92
1753769577970,06:12:57.970,whitebit,ETH/USDT:USDT,3807.2,88.02,3807.19,0.56,3808.0,0.04,3808.59,69.92
1753769578079,06:12:58.079,whitebit,ETH/USDT:USDT,3807.2,88.02,3807.19,0.56,3808.0,0.04,3808.59,69.92
1753769578271,06:12:58.271,whitebit,ETH/USDT:USDT,3807.2,88.02,3807.19,0.74,3808.0,0.04,3808.59,69.92
1753769578872,06:12:58.872,whitebit,ETH/USDT:USDT,3807.2,88.02,3807.19,0.74,3808.0,0.04,3808.59,69.92
1753769578973,06:12:58.973,whitebit,ETH/USDT:USDT,3807.2,88.02,3807.19,1.28,3808.0,0.04,3808.59,69.92
1753769579274,06:12:59.274,whitebit,ETH/USDT:USDT,3807.2,88.02,3807.19,1.28,3808.0,0.04,3808.59,69.92
1753769579379,06:12:59.379,whitebit,ETH/USDT:USDT,3807.2,88.02,3807.19,1.28,3808.0,0.04,3808.59,69.92
1753769579474,06:12:59.474,whitebit,ETH/USDT:USDT,3807.2,88.02,3807.19,1.28,3808.0,0.04,3808.59,69.92
1753769579574,06:12:59.574,whitebit,ETH/USDT:USDT,3807.2,88.02,3807.19,1.48,3808.0,0.04,3808.59,69.92
1753769580075,06:13:00.075,whitebit,ETH/USDT:USDT,3807.2,88.02,3807.19,1.48,3808.0,0.04,3808.59,69.92
1753769580178,06:13:00.178,whitebit,ETH/USDT:USDT,3807.2,88.02,3807.19,1.48,3808.0,0.04,3808.59,69.92
1753769580283,06:13:00.283,whitebit,ETH/USDT:USDT,3807.2,88.02,3807.19,1.48,3808.0,0.04,3808.59,69.92
1753769580376,06:13:00.376,whitebit,ETH/USDT:USDT,3807.2,88.02,3807.19,2.07,3808.0,0.04,3808.59,69.92
1753769580480,06:13:00.480,whitebit,ETH/USDT:USDT,3807.2,88.02,3807.19,2.07,3808.0,0.04,3808.59,69.92
1753769580568,06:13:00.568,whitebit,ETH/USDT:USDT,3807.2,88.02,3807.19,2.07,3808.0,0.04,3808.59,69.92
1753769580674,06:13:00.674,whitebit,ETH/USDT:USDT,3807.2,88.02,3807.19,2.07,3808.0,0.04,3808.35,8.93
1753769580770,06:13:00.770,whitebit,ETH/USDT:USDT,3807.2,88.02,3807.19,2.07,3808.0,0.04,3808.59,69.92
1753769580878,06:13:00.878,whitebit,ETH/USDT:USDT,3807.2,88.02,3807.19,2.07,3808.0,0.04,3808.59,69.92
1753769580967,06:13:00.967,whitebit,ETH/USDT:USDT,3807.2,88.02,3807.19,2.07,3808.0,0.04,3808.59,69.92
1753769581078,06:13:01.078,whitebit,ETH/USDT:USDT,3807.2,88.02,3807.19,2.07,3808.0,0.04,3808.59,69.92
1753769581266,06:13:01.266,whitebit,ETH/USDT:USDT,3807.2,88.02,3807.19,2.07,3808.0,0.04,3808.59,69.92
1753769581375,06:13:01.375,whitebit,ETH/USDT:USDT,3807.2,88.02,3807.19,2.07,3808.0,0.04,3808.59,69.92
1753769581466,06:13:01.466,whitebit,ETH/USDT:USDT,3807.2,88.02,3807.19,2.48,3808.0,0.04,3808.35,4.9
1753769581570,06:13:01.570,whitebit,ETH/USDT:USDT,3807.2,88.02,3807.19,1.15,3808.0,0.04,3808.59,69.92
1753769581771,06:13:01.771,whitebit,ETH/USDT:USDT,3807.2,88.02,3807.19,1.15,3808.0,0.04,3808.59,69.92
1753769581871,06:13:01.871,whitebit,ETH/USDT:USDT,3807.2,88.02,3807.19,1.34,3808.0,0.04,3808.35,8.23
1753769581971,06:13:01.971,whitebit,ETH/USDT:USDT,3807.2,88.02,3807.19,1.34,3808.0,0.04,3808.59,69.92
1753769582067,06:13:02.067,whitebit,ETH/USDT:USDT,3807.2,88.02,3807.19,1.34,3808.0,0.04,3808.59,69.92
1753769582175,06:13:02.175,whitebit,ETH/USDT:USDT,3807.2,88.02,3807.19,1.34,3808.0,0.04,3808.59,69.92
1753769582277,06:13:02.277,whitebit,ETH/USDT:USDT,3807.2,88.02,3807.19,1.83,3808.0,0.04,3808.59,69.92
1753769582472,06:13:02.472,whitebit,ETH/USDT:USDT,3807.2,88.02,3807.19,1.83,3808.0,0.04,3808.59,69.92
1753769582576,06:13:02.576,whitebit,ETH/USDT:USDT,3807.2,88.02,3807.19,2.11,3807.99,6.13,3808.0,0.04
1753769582679,06:13:02.679,whitebit,ETH/USDT:USDT,3807.2,88.02,3807.19,2.11,3807.99,6.13,3808.0,0.04
1753769582767,06:13:02.767,whitebit,ETH/USDT:USDT,3807.2,88.02,3807.19,0.75,3807.99,6.13,3808.0,0.04
1753769582874,06:13:02.874,whitebit,ETH/USDT:USDT,3807.2,88.02,3807.19,0.75,3807.99,6.13,3808.0,0.04
1753769582980,06:13:02.980,whitebit,ETH/USDT:USDT,3807.2,88.02,3807.19,0.75,3807.99,6.13,3808.0,0.04
1753769583072,06:13:03.072,whitebit,ETH/USDT:USDT,3807.2,88.02,3807.19,1.05,3807.99,6.13,3808.0,0.04
1753769583176,06:13:03.176,whitebit,ETH/USDT:USDT,3807.2,88.02,3807.19,1.05,3807.99,6.13,3808.0,0.04
1753769583273,06:13:03.273,whitebit,ETH/USDT:USDT,3807.2,88.02,3807.19,1.05,3807.99,6.13,3808.0,0.04
1753769583373,06:13:03.373,whitebit,ETH/USDT:USDT,3807.2,88.02,3807.19,1.05,3807.99,6.13,3808.0,0.04
1753769583466,06:13:03.466,whitebit,ETH/USDT:USDT,3807.2,88.02,3807.19,1.05,3807.99,6.13,3808.0,0.04
1753769583576,06:13:03.576,whitebit,ETH/USDT:USDT,3807.2,88.02,3807.19,0.19,3807.99,6.13,3808.0,0.04
1753769583675,06:13:03.675,whitebit,ETH/USDT:USDT,3807.2,88.02,3807.19,0.49,3807.99,6.13,3808.0,0.04
1753769583871,06:13:03.871,whitebit,ETH/USDT:USDT,3807.2,88.02,3807.19,0.3,3807.99,6.13,3808.0,0.04
1753769583981,06:13:03.981,whitebit,ETH/USDT:USDT,3807.2,88.02,3806.28,1.46,3807.99,6.13,3808.0,0.04
1753769584176,06:13:04.176,whitebit,ETH/USDT:USDT,3807.2,88.02,3806.58,0.55,3807.99,6.13,3808.0,0.04
1753769584269,06:13:04.269,whitebit,ETH/USDT:USDT,3807.2,88.02,3806.89,0.78,3807.99,6.13,3808.0,0.04
1753769584373,06:13:04.373,whitebit,ETH/USDT:USDT,3807.2,88.02,3806.89,0.78,3807.99,6.13,3808.0,0.04
1753769584567,06:13:04.567,whitebit,ETH/USDT:USDT,3807.2,88.02,3806.89,0.78,3807.99,6.13,3808.0,0.04
1753769584766,06:13:04.766,whitebit,ETH/USDT:USDT,3807.2,88.02,3806.89,1.25,3807.99,6.13,3808.0,0.04
1753769584879,06:13:04.879,whitebit,ETH/USDT:USDT,3807.2,88.02,3806.89,1.46,3807.99,6.13,3808.0,0.04
1753769584970,06:13:04.970,whitebit,ETH/USDT:USDT,3807.2,88.02,3806.89,1.46,3807.99,6.13,3808.0,0.04
1753769585063,06:13:05.063,whitebit,ETH/USDT:USDT,3807.2,88.02,3806.89,0.78,3807.99,6.13,3808.0,0.04
1753769585188,06:13:05.188,whitebit,ETH/USDT:USDT,3807.2,88.02,3806.89,0.78,3807.99,6.13,3808.0,0.04
1753769585269,06:13:05.269,whitebit,ETH/USDT:USDT,3807.2,88.02,3806.89,0.78,3807.99,6.13,3808.0,0.04
1753769585364,06:13:05.364,whitebit,ETH/USDT:USDT,3807.2,88.02,3806.89,0.6,3807.99,6.13,3808.0,0.04
1753769585483,06:13:05.483,whitebit,ETH/USDT:USDT,3807.2,88.02,3806.89,0.6,3807.99,6.13,3808.0,0.04
1753769585564,06:13:05.564,whitebit,ETH/USDT:USDT,3807.2,88.02,3806.89,0.6,3807.99,6.13,3808.0,0.04
1753769585686,06:13:05.686,whitebit,ETH/USDT:USDT,3807.2,88.02,3806.89,0.6,3807.99,6.13,3808.0,0.04
1753769585768,06:13:05.768,whitebit,ETH/USDT:USDT,3807.2,88.02,3806.89,0.6,3807.99,6.13,3808.0,0.04
1753769585865,06:13:05.865,whitebit,ETH/USDT:USDT,3807.2,88.02,3806.89,0.98,3807.99,6.13,3808.0,0.04
1753769585965,06:13:05.965,whitebit,ETH/USDT:USDT,3807.2,88.02,3806.89,0.98,3807.99,6.13,3808.0,0.04
1753769586166,06:13:06.166,whitebit,ETH/USDT:USDT,3807.2,88.02,3806.89,0.98,3807.99,6.13,3808.0,0.04
1753769586262,06:13:06.262,whitebit,ETH/USDT:USDT,3807.2,88.02,3806.89,0.98,3807.99,6.13,3808.0,0.04
1753769586366,06:13:06.366,whitebit,ETH/USDT:USDT,3807.2,88.02,3806.89,0.6,3807.99,6.13,3808.0,0.04
1753769586466,06:13:06.466,whitebit,ETH/USDT:USDT,3807.2,88.02,3806.89,0.79,3807.99,6.13,3808.0,0.04
1753769586686,06:13:06.686,whitebit,ETH/USDT:USDT,3807.2,88.02,3806.89,1.22,3807.99,6.13,3808.0,0.04
1753769586968,06:13:06.968,whitebit,ETH/USDT:USDT,3807.2,88.02,3806.89,1.22,3807.99,6.13,3808.0,0.04
1753769587081,06:13:07.081,whitebit,ETH/USDT:USDT,3807.2,88.02,3806.89,1.5,3807.99,6.13,3808.0,0.04
1753769587369,06:13:07.369,whitebit,ETH/USDT:USDT,3807.2,88.02,3806.89,1.5,3807.99,6.13,3808.0,0.04
1753769587480,06:13:07.480,whitebit,ETH/USDT:USDT,3807.2,88.02,3806.89,1.5,3807.99,6.13,3808.0,0.04
1753769587576,06:13:07.576,whitebit,ETH/USDT:USDT,3807.2,88.02,3806.89,0.6,3807.99,6.13,3808.0,0.04
1753769587678,06:13:07.678,whitebit,ETH/USDT:USDT,3807.2,88.02,3806.89,0.6,3807.99,6.13,3808.0,0.04
1753769587770,06:13:07.770,whitebit,ETH/USDT:USDT,3807.2,88.02,3806.89,0.6,3807.99,6.13,3808.0,0.04
1753769587877,06:13:07.877,whitebit,ETH/USDT:USDT,3807.2,88.02,3806.89,1.02,3807.99,6.13,3808.0,0.04
1753769587970,06:13:07.970,whitebit,ETH/USDT:USDT,3807.2,88.02,3806.89,1.42,3807.99,6.13,3808.0,0.04
1753769588071,06:13:08.071,whitebit,ETH/USDT:USDT,3807.2,88.02,3806.89,1.42,3807.99,6.13,3808.0,0.04
1753769588471,06:13:08.471,whitebit,ETH/USDT:USDT,3807.2,88.02,3806.89,1.42,3807.99,6.13,3808.0,0.04
1753769589175,06:13:09.175,whitebit,ETH/USDT:USDT,3807.2,88.02,3806.89,1.42,3807.99,6.13,3808.0,0.04
1753769589474,06:13:09.474,whitebit,ETH/USDT:USDT,3807.2,88.02,3806.89,1.42,3807.99,6.13,3808.0,0.04
1753769589571,06:13:09.571,whitebit,ETH/USDT:USDT,3807.2,88.02,3806.89,1.42,3807.99,6.13,3808.0,0.04
1753769590176,06:13:10.176,whitebit,ETH/USDT:USDT,3807.2,88.02,3806.89,0.6,3807.99,6.13,3808.0,0.04
1753769590267,06:13:10.267,whitebit,ETH/USDT:USDT,3807.2,88.02,3806.89,0.78,3807.99,6.13,3808.0,0.04
1753769590675,06:13:10.675,whitebit,ETH/USDT:USDT,3807.2,88.02,3806.89,1.17,3807.99,6.13,3808.0,0.04
1753769590777,06:13:10.777,whitebit,ETH/USDT:USDT,3807.2,88.02,3806.89,1.17,3807.99,6.13,3808.0,0.04
1753769590873,06:13:10.873,whitebit,ETH/USDT:USDT,3807.2,88.02,3806.89,1.17,3807.99,6.13,3808.0,0.04
1753769590978,06:13:10.978,whitebit,ETH/USDT:USDT,3807.2,88.02,3806.89,1.17,3807.99,6.13,3808.0,0.04
1753769591078,06:13:11.078,whitebit,ETH/USDT:USDT,3807.2,88.02,3806.89,1.58,3807.99,6.13,3808.0,0.04
1753769591178,06:13:11.178,whitebit,ETH/USDT:USDT,3807.2,88.02,3806.89,0.99,3807.99,6.13,3808.0,0.04
1753769591275,06:13:11.275,whitebit,ETH/USDT:USDT,3807.2,88.02,3806.89,0.99,3807.99,6.13,3808.0,0.04
1753769591371,06:13:11.371,whitebit,ETH/USDT:USDT,3807.2,88.02,3806.89,1.54,3807.99,6.13,3808.0,0.04
1753769591469,06:13:11.469,whitebit,ETH/USDT:USDT,3807.2,88.02,3806.89,0.99,3807.99,6.13,3808.0,0.04
1753769591562,06:13:11.562,whitebit,ETH/USDT:USDT,3807.2,88.02,3806.89,0.99,3807.99,6.13,3808.0,0.04
1753769591678,06:13:11.678,whitebit,ETH/USDT:USDT,3807.2,88.02,3806.89,0.99,3807.99,6.13,3808.0,0.04
1753769591874,06:13:11.874,whitebit,ETH/USDT:USDT,3807.2,88.02,3806.89,1.16,3807.99,6.13,3808.0,0.04
1753769591974,06:13:11.974,whitebit,ETH/USDT:USDT,3807.2,88.02,3806.89,1.16,3807.99,6.13,3808.0,0.04
1753769592178,06:13:12.178,whitebit,ETH/USDT:USDT,3807.2,88.02,3806.89,1.16,3807.99,6.13,3808.0,0.04
1753769592268,06:13:12.268,whitebit,ETH/USDT:USDT,3807.2,88.02,3806.89,1.16,3807.99,6.13,3808.0,0.04
1753769592475,06:13:12.475,whitebit,ETH/USDT:USDT,3807.2,88.02,3806.89,1.16,3807.99,6.13,3808.0,0.04
1753769592577,06:13:12.577,whitebit,ETH/USDT:USDT,3807.2,88.02,3806.89,1.16,3807.99,6.13,3808.0,0.04
1753769592675,06:13:12.675,whitebit,ETH/USDT:USDT,3807.2,88.02,3806.89,0.99,3807.99,6.13,3808.0,0.04
1753769592868,06:13:12.868,whitebit,ETH/USDT:USDT,3807.2,88.02,3806.89,0.99,3807.99,6.13,3808.0,0.04
1753769593076,06:13:13.076,whitebit,ETH/USDT:USDT,3807.2,88.02,3806.89,1.52,3807.99,6.13,3808.0,0.04
1753769593175,06:13:13.175,whitebit,ETH/USDT:USDT,3807.2,88.02,3806.89,1.52,3807.99,6.13,3808.0,0.04
1753769593276,06:13:13.276,whitebit,ETH/USDT:USDT,3807.2,88.02,3806.89,1.52,3807.99,6.13,3808.0,0.04
1753769593370,06:13:13.370,whitebit,ETH/USDT:USDT,3807.2,88.02,3806.89,1.52,3807.99,6.13,3808.0,0.04
1753769593480,06:13:13.480,whitebit,ETH/USDT:USDT,3807.2,88.02,3806.89,1.95,3807.99,6.13,3808.0,0.04
1753769593577,06:13:13.577,whitebit,ETH/USDT:USDT,3807.2,88.02,3806.89,1.95,3807.99,6.13,3808.0,0.04
1753769593681,06:13:13.681,whitebit,ETH/USDT:USDT,3807.2,69.91,3806.58,0.51,3807.21,6.13,3807.99,6.13
1753769593778,06:13:13.778,whitebit,ETH/USDT:USDT,3807.2,88.01,3806.28,0.41,3807.21,6.13,3807.99,6.13
1753769593881,06:13:13.881,whitebit,ETH/USDT:USDT,3807.2,88.01,3806.28,0.98,3807.21,6.13,3807.99,6.13
1753769593986,06:13:13.986,whitebit,ETH/USDT:USDT,3807.2,88.01,3806.28,0.98,3807.21,6.13,3807.99,6.13
1753769594078,06:13:14.078,whitebit,ETH/USDT:USDT,3807.2,88.01,3806.28,0.98,3807.21,6.13,3807.99,6.13
1753769594175,06:13:14.175,whitebit,ETH/USDT:USDT,3807.2,88.01,3806.58,0.41,3807.21,6.13,3807.99,6.13
1753769594265,06:13:14.265,whitebit,ETH/USDT:USDT,3807.2,88.01,3806.58,0.41,3807.21,6.13,3807.99,6.13
1753769594370,06:13:14.370,whitebit,ETH/USDT:USDT,3807.2,88.01,3806.58,0.58,3807.21,6.13,3807.99,6.13
1753769594570,06:13:14.570,whitebit,ETH/USDT:USDT,3807.2,88.01,3806.58,0.58,3807.21,6.13,3807.99,6.13
1753769594674,06:13:14.674,whitebit,ETH/USDT:USDT,3807.2,88.01,3806.58,0.79,3807.21,6.13,3807.99,6.13
1753769594771,06:13:14.771,whitebit,ETH/USDT:USDT,3807.2,88.01,3806.58,0.79,3807.21,6.13,3807.99,6.13
1753769594966,06:13:14.966,whitebit,ETH/USDT:USDT,3807.2,88.01,3806.58,0.41,3807.21,6.13,3807.99,6.13
1753769595069,06:13:15.069,whitebit,ETH/USDT:USDT,3807.2,88.01,3806.58,0.66,3807.21,6.13,3807.99,6.13
1753769595166,06:13:15.166,whitebit,ETH/USDT:USDT,3807.2,88.01,3806.58,0.41,3807.21,6.13,3807.99,6.13
1753769595272,06:13:15.272,whitebit,ETH/USDT:USDT,3807.2,88.01,3806.58,0.41,3807.21,6.13,3807.99,6.13
1753769595364,06:13:15.364,whitebit,ETH/USDT:USDT,3807.2,88.01,3806.58,0.41,3807.21,6.13,3807.99,6.13
1753769595471,06:13:15.471,whitebit,ETH/USDT:USDT,3807.2,88.01,3806.58,0.41,3807.21,6.13,3807.99,6.13
1753769595564,06:13:15.564,whitebit,ETH/USDT:USDT,3807.2,88.01,3806.58,0.41,3807.21,6.13,3807.99,6.13
1753769595673,06:13:15.673,whitebit,ETH/USDT:USDT,3807.2,88.01,3806.58,0.41,3807.21,6.13,3807.99,6.13
1753769595765,06:13:15.765,whitebit,ETH/USDT:USDT,3807.2,88.01,3806.58,0.41,3807.21,6.13,3807.99,6.13
1753769595872,06:13:15.872,whitebit,ETH/USDT:USDT,3807.2,88.01,3806.58,0.41,3807.21,6.13,3807.99,6.13
1753769596065,06:13:16.065,whitebit,ETH/USDT:USDT,3807.2,88.01,3806.58,0.41,3807.21,6.13,3807.99,6.13
1753769596170,06:13:16.170,whitebit,ETH/USDT:USDT,3807.2,88.01,3806.58,0.41,3807.21,6.13,3807.99,6.13
1753769596269,06:13:16.269,whitebit,ETH/USDT:USDT,3807.2,88.01,3806.58,0.41,3807.21,6.13,3807.99,6.13
1753769596474,06:13:16.474,whitebit,ETH/USDT:USDT,3807.2,88.01,3806.58,0.41,3807.21,6.13,3807.99,6.13
1753769596587,06:13:16.587,whitebit,ETH/USDT:USDT,3807.2,88.01,3806.58,0.41,3807.21,6.13,3807.61,6.03
1753769596685,06:13:16.685,whitebit,ETH/USDT:USDT,3807.2,88.01,3806.58,0.41,3807.21,6.13,3807.99,6.13
1753769596767,06:13:16.767,whitebit,ETH/USDT:USDT,3807.2,88.01,3806.58,0.41,3807.21,6.13,3807.99,6.13
1753769596870,06:13:16.870,whitebit,ETH/USDT:USDT,3807.2,88.01,3806.58,0.85,3807.21,6.13,3807.99,6.13
1753769597068,06:13:17.068,whitebit,ETH/USDT:USDT,3807.2,88.01,3806.58,1.41,3807.21,6.13,3807.61,2.57
1753769597175,06:13:17.175,whitebit,ETH/USDT:USDT,3807.2,88.01,3806.58,1.41,3807.21,6.13,3807.99,6.13
1753769597369,06:13:17.369,whitebit,ETH/USDT:USDT,3807.2,88.01,3806.58,1.41,3807.21,6.13,3807.99,6.13
1753769597469,06:13:17.469,whitebit,ETH/USDT:USDT,3807.2,88.01,3806.58,1.41,3807.21,6.13,3807.61,2.98
1753769597569,06:13:17.569,whitebit,ETH/USDT:USDT,3807.2,88.01,3806.58,1.41,3807.21,6.13,3807.99,6.13
1753769597773,06:13:17.773,whitebit,ETH/USDT:USDT,3807.2,88.01,3806.58,1.41,3807.21,6.13,3807.99,6.13
1753769597879,06:13:17.879,whitebit,ETH/USDT:USDT,3807.2,88.01,3806.58,1.41,3807.21,6.13,3807.61,5.25
1753769597970,06:13:17.970,whitebit,ETH/USDT:USDT,3807.2,88.01,3806.58,1.41,3807.21,6.13,3807.99,6.13
1753769598071,06:13:18.071,whitebit,ETH/USDT:USDT,3807.2,88.01,3806.58,1.41,3807.21,6.13,3807.99,6.13
1753769598176,06:13:18.176,whitebit,ETH/USDT:USDT,3807.2,88.01,3806.58,1.41,3807.21,6.13,3807.99,6.13
1753769598276,06:13:18.276,whitebit,ETH/USDT:USDT,3807.2,88.01,3806.58,1.41,3807.21,6.13,3807.61,6.96
1753769598379,06:13:18.379,whitebit,ETH/USDT:USDT,3807.2,88.01,3806.58,1.41,3807.21,6.13,3807.99,6.13
1753769598572,06:13:18.572,whitebit,ETH/USDT:USDT,3807.2,88.01,3806.58,1.41,3807.21,6.13,3807.99,6.13
1753769598677,06:13:18.677,whitebit,ETH/USDT:USDT,3807.2,88.01,3806.58,1.41,3807.21,6.13,3807.99,6.13
1753769598781,06:13:18.781,whitebit,ETH/USDT:USDT,3807.2,88.01,3806.58,1.41,3807.21,6.13,3807.99,6.13
1753769598968,06:13:18.968,whitebit,ETH/USDT:USDT,3807.2,88.01,3806.58,0.41,3807.21,6.13,3807.99,6.13
1753769599073,06:13:19.073,whitebit,ETH/USDT:USDT,3807.2,88.01,3806.58,0.41,3807.21,6.13,3807.61,11.78
1753769599175,06:13:19.175,whitebit,ETH/USDT:USDT,3807.2,88.01,3806.58,0.66,3807.21,6.13,3807.99,6.13
1753769599267,06:13:19.267,whitebit,ETH/USDT:USDT,3807.2,88.01,3806.58,0.66,3807.21,6.13,3807.99,6.13
1753769599374,06:13:19.374,whitebit,ETH/USDT:USDT,3807.2,88.01,3806.58,0.66,3807.21,6.13,3807.99,6.13
1753769599463,06:13:19.463,whitebit,ETH/USDT:USDT,3807.2,88.01,3806.58,1.2,3807.21,6.13,3807.99,6.13
1753769599574,06:13:19.574,whitebit,ETH/USDT:USDT,3807.2,88.01,3806.58,1.2,3807.21,6.13,3807.99,6.13
1753769599669,06:13:19.669,whitebit,ETH/USDT:USDT,3807.2,88.01,3806.58,1.2,3807.21,6.13,3807.99,6.13
1753769599867,06:13:19.867,whitebit,ETH/USDT:USDT,3807.2,88.01,3806.58,1.2,3807.21,6.13,3807.99,6.13
1753769599969,06:13:19.969,whitebit,ETH/USDT:USDT,3807.2,88.01,3806.58,1.2,3807.21,6.13,3807.99,6.13
1753769600071,06:13:20.071,whitebit,ETH/USDT:USDT,3807.2,88.01,3806.58,1.2,3807.21,6.13,3807.99,6.13
1753769600267,06:13:20.267,whitebit,ETH/USDT:USDT,3807.2,88.01,3806.58,1.2,3807.21,6.13,3807.99,6.13
1753769600376,06:13:20.376,whitebit,ETH/USDT:USDT,3807.2,88.01,3806.58,1.2,3807.21,6.13,3807.99,6.13
1753769600469,06:13:20.469,whitebit,ETH/USDT:USDT,3807.2,88.01,3806.58,1.2,3807.21,6.13,3807.99,6.13
1753769600562,06:13:20.562,whitebit,ETH/USDT:USDT,3807.2,88.01,3806.58,0.41,3807.21,6.13,3807.99,6.13
1753769600676,06:13:20.676,whitebit,ETH/USDT:USDT,3807.2,88.01,3806.58,0.41,3807.21,6.13,3807.99,6.13
1753769600775,06:13:20.775,whitebit,ETH/USDT:USDT,3807.2,88.01,3806.58,0.41,3807.21,6.13,3807.99,6.13
1753769600876,06:13:20.876,whitebit,ETH/USDT:USDT,3807.2,88.01,3806.58,0.85,3807.21,6.13,3807.99,6.13
1753769600978,06:13:20.978,whitebit,ETH/USDT:USDT,3807.2,88.01,3806.58,0.85,3807.21,6.13,3807.99,6.13
1753769601070,06:13:21.070,whitebit,ETH/USDT:USDT,3807.2,88.01,3806.58,0.44,3807.21,6.13,3807.99,6.13
1753769601176,06:13:21.176,whitebit,ETH/USDT:USDT,3807.2,88.01,3806.58,0.44,3807.21,6.13,3807.99,6.13
1753769601269,06:13:21.269,whitebit,ETH/USDT:USDT,3807.2,88.01,3806.58,0.44,3807.21,6.13,3807.99,6.13
1753769601479,06:13:21.479,whitebit,ETH/USDT:USDT,3807.2,88.01,3806.58,0.44,3807.21,6.13,3807.99,6.13
1753769601577,06:13:21.577,whitebit,ETH/USDT:USDT,3807.2,88.01,3806.58,0.77,3807.21,6.13,3807.99,6.13
1753769601780,06:13:21.780,whitebit,ETH/USDT:USDT,3807.2,88.01,3806.42,11.5,3807.21,6.13,3807.99,6.13
1753769601873,06:13:21.873,whitebit,ETH/USDT:USDT,3807.2,88.01,3806.58,0.28,3807.21,6.13,3807.99,6.13
1753769602071,06:13:22.071,whitebit,ETH/USDT:USDT,3807.2,88.01,3806.58,0.28,3807.21,6.13,3807.99,6.13
1753769602181,06:13:22.181,whitebit,ETH/USDT:USDT,3807.2,69.91,3806.42,11.5,3807.21,8.75,3807.99,6.13
1753769602280,06:13:22.280,whitebit,ETH/USDT:USDT,3807.2,69.91,3805.97,0.96,3807.21,12.68,3807.99,6.13
1753769602375,06:13:22.375,whitebit,ETH/USDT:USDT,3807.2,88.0,3805.97,0.96,3807.21,8.75,3807.99,6.13
1753769602471,06:13:22.471,whitebit,ETH/USDT:USDT,3807.2,88.0,3805.97,0.96,3807.21,8.75,3807.99,6.13
1753769602582,06:13:22.582,whitebit,ETH/USDT:USDT,3807.2,88.0,3805.97,0.96,3807.21,8.75,3807.99,6.13
1753769602675,06:13:22.675,whitebit,ETH/USDT:USDT,3807.2,88.0,3805.97,0.96,3807.21,8.75,3807.99,6.13
1753769602778,06:13:22.778,whitebit,ETH/USDT:USDT,3807.2,88.0,3805.97,0.96,3807.21,8.75,3807.99,6.13
1753769602880,06:13:22.880,whitebit,ETH/USDT:USDT,3807.2,88.0,3806.02,6.86,3807.21,8.75,3807.99,6.13
1753769602980,06:13:22.980,whitebit,ETH/USDT:USDT,3807.2,88.0,3806.02,6.86,3807.21,8.75,3807.99,6.13
1753769603075,06:13:23.075,whitebit,ETH/USDT:USDT,3807.2,88.0,3806.02,6.86,3807.21,10.23,3807.99,6.13
1753769603181,06:13:23.181,whitebit,ETH/USDT:USDT,3807.2,88.0,3806.02,6.86,3807.21,8.75,3807.99,6.13
1753769603275,06:13:23.275,whitebit,ETH/USDT:USDT,3807.2,88.0,3806.02,6.86,3807.21,8.75,3807.99,6.13
1753769603381,06:13:23.381,whitebit,ETH/USDT:USDT,3807.2,88.0,3806.02,6.86,3807.21,8.75,3807.99,6.13
1753769603479,06:13:23.479,whitebit,ETH/USDT:USDT,3807.2,88.0,3806.02,6.86,3807.21,17.07,3807.99,6.13
1753769603575,06:13:23.575,whitebit,ETH/USDT:USDT,3807.2,88.0,3806.02,6.86,3807.21,8.75,3807.99,6.13
1753769603676,06:13:23.676,whitebit,ETH/USDT:USDT,3807.2,88.0,3806.02,6.86,3807.21,8.75,3807.99,6.13
1753769603767,06:13:23.767,whitebit,ETH/USDT:USDT,3807.2,88.0,3806.02,6.86,3807.21,8.75,3807.99,6.13
1753769603982,06:13:23.982,whitebit,ETH/USDT:USDT,3807.2,88.0,3806.02,6.86,3807.21,8.75,3807.99,6.13
1753769604067,06:13:24.067,whitebit,ETH/USDT:USDT,3807.2,88.0,3806.02,6.86,3807.21,8.75,3807.99,6.13
1753769604184,06:13:24.184,whitebit,ETH/USDT:USDT,3807.2,88.0,3806.02,6.86,3807.21,9.1,3807.99,6.13
1753769604270,06:13:24.270,whitebit,ETH/USDT:USDT,3807.2,88.0,3806.02,6.86,3807.21,16.89,3807.99,6.13
1753769604368,06:13:24.368,whitebit,ETH/USDT:USDT,3807.2,88.0,3806.02,6.86,3807.21,8.75,3807.99,6.13
1753769604676,06:13:24.676,whitebit,ETH/USDT:USDT,3807.2,88.0,3806.02,6.86,3807.21,19.86,3807.99,6.13
1753769604768,06:13:24.768,whitebit,ETH/USDT:USDT,3807.2,18.09,3806.9,69.91,3807.21,8.75,3807.75,69.91
1753769605074,06:13:25.074,whitebit,ETH/USDT:USDT,3807.2,18.09,3806.9,69.91,3807.21,16.47,3807.75,69.91
1753769605181,06:13:25.181,whitebit,ETH/USDT:USDT,3807.2,18.09,3806.9,69.91,3807.21,8.75,3807.75,69.91
1753769605378,06:13:25.378,whitebit,ETH/USDT:USDT,3807.2,18.09,3806.9,69.91,3807.21,8.75,3807.75,69.91
1753769605478,06:13:25.478,whitebit,ETH/USDT:USDT,3807.2,18.09,3807.19,10.39,3807.21,8.75,3807.75,69.91
1753769605571,06:13:25.571,whitebit,ETH/USDT:USDT,3807.2,18.09,3806.9,69.91,3807.21,8.75,3807.75,69.91
1753769605873,06:13:25.873,whitebit,ETH/USDT:USDT,3807.2,18.09,3807.19,4.59,3807.21,8.75,3807.75,69.91
1753769605980,06:13:25.980,whitebit,ETH/USDT:USDT,3807.2,18.09,3806.9,69.91,3807.21,8.75,3807.75,69.91
1753769606066,06:13:26.066,whitebit,ETH/USDT:USDT,3807.2,18.09,3806.9,69.91,3807.21,8.75,3807.75,69.91
1753769606174,06:13:26.174,whitebit,ETH/USDT:USDT,3807.2,18.09,3806.9,69.91,3807.21,8.75,3807.75,69.91
1753769606273,06:13:26.273,whitebit,ETH/USDT:USDT,3807.2,18.09,3806.9,69.91,3807.21,8.75,3807.75,69.91
1753769606377,06:13:26.377,whitebit,ETH/USDT:USDT,3807.2,18.09,3806.9,69.91,3807.21,8.75,3807.75,69.91
1753769606572,06:13:26.572,whitebit,ETH/USDT:USDT,3807.2,18.09,3806.9,69.91,3807.21,8.75,3807.75,69.91
1753769606680,06:13:26.680,whitebit,ETH/USDT:USDT,3807.2,18.09,3806.9,69.91,3807.21,11.61,3807.75,69.91
1753769606773,06:13:26.773,whitebit,ETH/USDT:USDT,3807.2,18.09,3806.9,69.91,3807.21,8.75,3807.75,69.91
1753769606868,06:13:26.868,whitebit,ETH/USDT:USDT,3807.2,18.09,3806.9,69.91,3807.21,8.75,3807.75,69.91
1753769606981,06:13:26.981,whitebit,ETH/USDT:USDT,3807.2,18.09,3806.9,69.91,3807.21,8.75,3807.75,69.91
1753769607171,06:13:27.171,whitebit,ETH/USDT:USDT,3807.2,18.09,3806.9,69.91,3807.21,8.75,3807.75,69.91
1753769607870,06:13:27.870,whitebit,ETH/USDT:USDT,3807.2,18.09,3806.9,69.91,3807.21,20.13,3807.75,69.91
1753769607983,06:13:27.983,whitebit,ETH/USDT:USDT,3807.2,18.09,3806.9,69.91,3807.21,8.75,3807.75,69.91
1753769608271,06:13:28.271,whitebit,ETH/USDT:USDT,3807.2,18.09,3807.19,5.6,3807.21,8.75,3807.75,69.91
1753769608372,06:13:28.372,whitebit,ETH/USDT:USDT,3807.2,18.09,3806.9,69.91,3807.21,8.75,3807.75,69.91
1753769608572,06:13:28.572,whitebit,ETH/USDT:USDT,3807.2,18.09,3806.9,69.91,3807.21,8.75,3807.75,69.91
1753769608669,06:13:28.669,whitebit,ETH/USDT:USDT,3807.2,18.09,3807.19,7.2,3807.21,8.75,3807.75,69.91
1753769608772,06:13:28.772,whitebit,ETH/USDT:USDT,3807.2,18.09,3806.9,69.91,3807.21,8.75,3807.75,69.91
1753769609176,06:13:29.176,whitebit,ETH/USDT:USDT,3807.2,18.09,3806.9,69.91,3807.21,8.75,3807.75,69.91
1753769609267,06:13:29.267,whitebit,ETH/USDT:USDT,3807.2,18.09,3806.9,69.91,3807.21,8.75,3807.75,69.91
1753769609374,06:13:29.374,whitebit,ETH/USDT:USDT,3807.2,18.09,3806.9,69.91,3807.21,8.75,3807.75,69.91
1753769609469,06:13:29.469,whitebit,ETH/USDT:USDT,3807.2,18.09,3807.19,6.27,3807.21,8.75,3807.75,69.91
1753769609574,06:13:29.574,whitebit,ETH/USDT:USDT,3807.2,18.09,3806.9,69.91,3807.21,7.44,3807.75,69.91
1753769609673,06:13:29.673,whitebit,ETH/USDT:USDT,3807.2,18.09,3806.9,69.91,3807.21,7.44,3807.75,69.91
1753769609981,06:13:29.981,whitebit,ETH/USDT:USDT,3807.2,18.09,3806.9,69.91,3807.21,6.13,3807.75,69.91
1753769610069,06:13:30.069,whitebit,ETH/USDT:USDT,3807.2,18.09,3806.9,69.91,3807.21,6.13,3807.75,69.91
1753769610174,06:13:30.174,whitebit,ETH/USDT:USDT,3807.2,18.09,3806.9,69.91,3807.21,6.13,3807.75,69.91
1753769610674,06:13:30.674,whitebit,ETH/USDT:USDT,3807.2,18.09,3806.9,69.91,3807.21,6.13,3807.75,69.91
1753769610777,06:13:30.777,whitebit,ETH/USDT:USDT,3807.2,18.09,3806.9,69.91,3807.21,6.13,3807.75,69.91
1753769610878,06:13:30.878,whitebit,ETH/USDT:USDT,3807.2,18.09,3806.9,69.91,3807.99,6.13,3808.0,0.04
1753769610981,06:13:30.981,whitebit,ETH/USDT:USDT,3807.48,18.09,3806.9,69.91,3807.49,6.13,3808.0,0.04
1753769611077,06:13:31.077,whitebit,ETH/USDT:USDT,3807.48,18.09,3806.9,69.91,3807.49,6.13,3808.0,0.04
1753769611178,06:13:31.178,whitebit,ETH/USDT:USDT,3807.48,18.09,3806.9,69.91,3807.49,6.13,3808.0,0.04
1753769611273,06:13:31.273,whitebit,ETH/USDT:USDT,3807.48,18.09,3806.9,69.91,3807.49,6.13,3808.0,0.04
1753769611379,06:13:31.379,whitebit,ETH/USDT:USDT,3807.48,18.09,3807.32,69.92,3807.49,6.13,3808.0,0.04
1753769611465,06:13:31.465,whitebit,ETH/USDT:USDT,3807.48,18.09,3807.32,69.92,3807.49,6.13,3808.0,0.04
1753769611566,06:13:31.566,whitebit,ETH/USDT:USDT,3807.48,18.09,3807.32,69.92,3807.49,6.13,3808.0,0.04
1753769611673,06:13:31.673,whitebit,ETH/USDT:USDT,3807.48,18.09,3807.32,69.92,3807.49,6.13,3808.0,0.04
1753769611770,06:13:31.770,whitebit,ETH/USDT:USDT,3807.48,18.09,3807.32,69.92,3807.49,6.13,3808.0,0.04
1753769611876,06:13:31.876,whitebit,ETH/USDT:USDT,3807.48,18.09,3807.32,69.92,3807.49,6.13,3808.0,0.04
1753769611965,06:13:31.965,whitebit,ETH/USDT:USDT,3807.48,18.09,3807.32,69.92,3807.49,6.13,3808.0,0.04
1753769612064,06:13:32.064,whitebit,ETH/USDT:USDT,3807.48,18.09,3807.32,69.92,3807.49,6.13,3808.0,0.04
1753769612164,06:13:32.164,whitebit,ETH/USDT:USDT,3807.48,18.09,3807.32,69.92,3807.49,6.13,3808.0,0.04
1753769612261,06:13:32.261,whitebit,ETH/USDT:USDT,3807.48,18.09,3807.32,69.92,3807.49,6.13,3808.0,0.04
1753769612382,06:13:32.382,whitebit,ETH/USDT:USDT,3807.48,18.09,3807.32,69.92,3807.49,6.13,3808.0,0.04
1753769612461,06:13:32.461,whitebit,ETH/USDT:USDT,3807.48,18.09,3807.32,69.92,3807.49,6.13,3808.0,0.04
1753769612557,06:13:32.557,whitebit,ETH/USDT:USDT,3807.48,18.09,3807.32,69.92,3807.49,6.13,3808.0,0.04
1753769612983,06:13:32.983,whitebit,ETH/USDT:USDT,3807.48,18.09,3807.32,69.92,3807.49,6.13,3808.0,0.04
1753769613183,06:13:33.183,whitebit,ETH/USDT:USDT,3807.48,18.09,3807.32,69.92,3807.49,6.13,3808.0,0.04
1753769613459,06:13:33.459,whitebit,ETH/USDT:USDT,3807.48,18.09,3807.32,69.92,3807.49,6.13,3808.0,0.04
1753769613560,06:13:33.560,whitebit,ETH/USDT:USDT,3807.48,18.09,3807.32,69.92,3807.49,6.13,3808.0,0.04
1753769613688,06:13:33.688,whitebit,ETH/USDT:USDT,3807.48,18.09,3807.32,69.92,3807.49,6.13,3808.0,0.04
1753769613766,06:13:33.766,whitebit,ETH/USDT:USDT,3807.48,18.09,3807.32,69.92,3807.49,6.13,3808.0,0.04
1753769613986,06:13:33.986,whitebit,ETH/USDT:USDT,3807.48,18.09,3807.32,69.92,3807.49,6.13,3808.0,0.04
1753769614078,06:13:34.078,whitebit,ETH/USDT:USDT,3807.48,18.09,3807.32,69.92,3807.49,6.13,3808.0,0.04
1753769614272,06:13:34.272,whitebit,ETH/USDT:USDT,3807.48,18.09,3807.32,69.92,3807.49,6.13,3808.0,0.04
1753769614389,06:13:34.389,whitebit,ETH/USDT:USDT,3807.48,18.09,3807.32,69.92,3807.49,6.13,3808.0,0.04
1753769614470,06:13:34.470,whitebit,ETH/USDT:USDT,3807.32,69.92,3806.58,1.12,3807.33,6.13,3807.49,6.13
1753769614567,06:13:34.567,whitebit,ETH/USDT:USDT,3807.32,88.01,3806.58,0.59,3807.33,6.13,3808.0,0.04
1753769614665,06:13:34.665,whitebit,ETH/USDT:USDT,3807.32,88.01,3806.28,1.2,3807.33,6.13,3808.0,0.04
1753769614788,06:13:34.788,whitebit,ETH/USDT:USDT,3807.32,88.01,3806.28,1.2,3807.33,6.13,3808.0,0.04
1753769614867,06:13:34.867,whitebit,ETH/USDT:USDT,3807.32,88.01,3806.28,1.2,3807.33,6.13,3808.0,0.04
1753769614973,06:13:34.973,whitebit,ETH/USDT:USDT,3807.32,88.01,3806.28,1.2,3807.33,6.13,3808.0,0.04
1753769615067,06:13:35.067,whitebit,ETH/USDT:USDT,3807.32,88.01,3806.28,1.67,3807.33,6.13,3807.61,9.32
1753769615172,06:13:35.172,whitebit,ETH/USDT:USDT,3807.32,88.01,3806.28,1.67,3807.33,6.13,3808.0,0.04
1753769615269,06:13:35.269,whitebit,ETH/USDT:USDT,3807.32,88.01,3806.58,0.38,3807.33,6.13,3808.0,0.04
1753769615364,06:13:35.364,whitebit,ETH/USDT:USDT,3807.32,88.01,3806.58,0.38,3807.33,6.13,3808.0,0.04
1753769615468,06:13:35.468,whitebit,ETH/USDT:USDT,3807.32,88.01,3806.58,0.38,3807.33,6.13,3807.61,4.94
1753769615565,06:13:35.565,whitebit,ETH/USDT:USDT,3807.32,88.01,3806.58,0.38,3807.33,6.13,3808.0,0.04
1753769615665,06:13:35.665,whitebit,ETH/USDT:USDT,3807.32,88.01,3806.58,0.91,3807.33,6.13,3808.0,0.04
1753769615768,06:13:35.768,whitebit,ETH/USDT:USDT,3807.32,88.01,3806.58,0.91,3807.33,6.13,3808.0,0.04
1753769615869,06:13:35.869,whitebit,ETH/USDT:USDT,3807.32,88.01,3806.58,1.41,3807.33,6.13,3807.61,11.54
1753769615990,06:13:35.990,whitebit,ETH/USDT:USDT,3807.32,88.01,3806.58,1.52,3807.33,6.13,3808.0,0.04
1753769616065,06:13:36.065,whitebit,ETH/USDT:USDT,3807.32,88.01,3806.58,1.52,3807.33,6.13,3808.0,0.04
1753769616178,06:13:36.178,whitebit,ETH/USDT:USDT,3807.32,88.01,3806.58,1.52,3807.33,6.13,3808.0,0.04
1753769616288,06:13:36.288,whitebit,ETH/USDT:USDT,3807.32,88.01,3806.58,1.79,3807.33,6.13,3808.0,0.04
1753769616367,06:13:36.367,whitebit,ETH/USDT:USDT,3807.32,88.01,3806.58,1.79,3807.33,6.13,3808.0,0.04
1753769616468,06:13:36.468,whitebit,ETH/USDT:USDT,3807.32,88.01,3806.58,1.79,3807.33,6.13,3808.0,0.04
1753769616574,06:13:36.574,whitebit,ETH/USDT:USDT,3807.32,88.01,3806.58,1.79,3807.33,6.13,3808.0,0.04
1753769616672,06:13:36.672,whitebit,ETH/USDT:USDT,3807.32,88.01,3806.28,1.97,3807.33,6.13,3808.0,0.04
1753769616773,06:13:36.773,whitebit,ETH/USDT:USDT,3807.32,88.01,3806.28,1.97,3807.33,6.13,3808.0,0.04
1753769616885,06:13:36.885,whitebit,ETH/USDT:USDT,3807.32,88.01,3806.58,0.19,3807.33,6.13,3808.0,0.04
1753769616968,06:13:36.968,whitebit,ETH/USDT:USDT,3807.32,88.01,3806.58,0.44,3807.33,6.13,3808.0,0.04
1753769617068,06:13:37.068,whitebit,ETH/USDT:USDT,3807.32,88.01,3806.58,0.71,3807.33,6.13,3808.0,0.04
1753769617180,06:13:37.180,whitebit,ETH/USDT:USDT,3807.32,88.01,3806.58,0.71,3807.33,6.13,3808.0,0.04
1753769617267,06:13:37.267,whitebit,ETH/USDT:USDT,3807.32,88.01,3806.58,0.71,3807.33,6.13,3808.0,0.04
1753769617375,06:13:37.375,whitebit,ETH/USDT:USDT,3807.32,88.01,3806.58,0.71,3807.33,6.13,3808.0,0.04
1753769617469,06:13:37.469,whitebit,ETH/USDT:USDT,3807.32,88.01,3806.58,0.71,3807.33,6.13,3808.0,0.04
1753769617866,06:13:37.866,whitebit,ETH/USDT:USDT,3807.32,88.01,3806.58,1.05,3807.33,6.13,3808.0,0.04
1753769618070,06:13:38.070,whitebit,ETH/USDT:USDT,3807.32,88.01,3806.58,1.05,3807.33,6.13,3808.0,0.04
1753769618175,06:13:38.175,whitebit,ETH/USDT:USDT,3807.32,88.01,3806.58,1.65,3807.33,6.13,3808.0,0.04
1753769618271,06:13:38.271,whitebit,ETH/USDT:USDT,3807.32,88.01,3806.58,0.19,3807.33,6.13,3808.0,0.04
1753769618369,06:13:38.369,whitebit,ETH/USDT:USDT,3807.32,88.01,3806.58,0.74,3807.33,6.13,3808.0,0.04
1753769618482,06:13:38.482,whitebit,ETH/USDT:USDT,3807.32,88.01,3806.58,0.74,3807.33,6.13,3808.0,0.04
1753769618564,06:13:38.564,whitebit,ETH/USDT:USDT,3807.32,88.01,3806.58,0.74,3807.33,6.13,3808.0,0.04
1753769618765,06:13:38.765,whitebit,ETH/USDT:USDT,3807.32,88.01,3806.58,0.74,3807.33,6.13,3808.0,0.04
1753769618862,06:13:38.862,whitebit,ETH/USDT:USDT,3807.32,88.01,3806.58,0.74,3807.33,6.13,3808.0,0.04
1753769618973,06:13:38.973,whitebit,ETH/USDT:USDT,3807.32,88.01,3806.58,0.74,3807.33,6.13,3808.0,0.04
1753769619073,06:13:39.073,whitebit,ETH/USDT:USDT,3807.32,88.01,3806.58,1.17,3807.33,6.13,3808.0,0.04
1753769619171,06:13:39.171,whitebit,ETH/USDT:USDT,3807.32,88.01,3806.58,1.17,3807.33,6.13,3808.0,0.04
1753769619268,06:13:39.268,whitebit,ETH/USDT:USDT,3807.32,88.01,3806.58,0.74,3807.33,6.13,3808.0,0.04
1753769619371,06:13:39.371,whitebit,ETH/USDT:USDT,3807.32,88.01,3806.58,0.74,3807.33,6.13,3808.0,0.04
1753769619465,06:13:39.465,whitebit,ETH/USDT:USDT,3807.32,88.01,3806.58,0.74,3807.33,6.13,3808.0,0.04
1753769619566,06:13:39.566,whitebit,ETH/USDT:USDT,3807.32,88.01,3806.58,0.74,3807.33,6.13,3808.0,0.04
1753769619669,06:13:39.669,whitebit,ETH/USDT:USDT,3807.32,88.01,3806.58,1.05,3807.33,6.13,3808.0,0.04
1753769619864,06:13:39.864,whitebit,ETH/USDT:USDT,3807.32,88.01,3806.58,1.05,3807.33,6.13,3808.0,0.04
1753769619969,06:13:39.969,whitebit,ETH/USDT:USDT,3807.32,88.01,3806.58,1.39,3807.33,6.13,3808.0,0.04
1753769620069,06:13:40.069,whitebit,ETH/USDT:USDT,3807.32,88.01,3806.58,0.74,3807.33,6.13,3808.0,0.04
1753769620268,06:13:40.268,whitebit,ETH/USDT:USDT,3807.32,88.01,3806.58,1.31,3807.33,6.13,3807.61,8.28
1753769620377,06:13:40.377,whitebit,ETH/USDT:USDT,3807.32,88.01,3806.58,1.31,3807.33,6.13,3808.0,0.04
1753769620477,06:13:40.477,whitebit,ETH/USDT:USDT,3807.32,88.01,3806.58,1.31,3807.33,6.13,3808.0,0.04
1753769620577,06:13:40.577,whitebit,ETH/USDT:USDT,3807.32,88.01,3806.58,1.31,3807.33,6.13,3808.0,0.04
1753769621060,06:13:41.060,whitebit,ETH/USDT:USDT,3807.32,88.01,3806.28,1.54,3807.33,6.13,3808.0,0.04
1753769621176,06:13:41.176,whitebit,ETH/USDT:USDT,3807.32,88.01,3806.58,0.48,3807.33,6.13,3808.0,0.04
1753769621269,06:13:41.269,whitebit,ETH/USDT:USDT,3807.32,88.01,3806.58,0.48,3807.33,6.13,3808.0,0.04
1753769621368,06:13:41.368,whitebit,ETH/USDT:USDT,3807.32,88.01,3806.58,0.48,3807.33,6.13,3808.0,0.04
1753769621576,06:13:41.576,whitebit,ETH/USDT:USDT,3807.32,88.01,3806.58,0.48,3807.33,6.13,3808.0,0.04
1753769621672,06:13:41.672,whitebit,ETH/USDT:USDT,3807.32,88.01,3806.58,0.48,3807.33,6.13,3808.0,0.04
1753769621866,06:13:41.866,whitebit,ETH/USDT:USDT,3807.32,88.01,3806.58,0.71,3807.33,6.13,3807.61,6.71
1753769621968,06:13:41.968,whitebit,ETH/USDT:USDT,3807.32,88.01,3806.58,0.71,3807.33,6.13,3808.0,0.04
1753769622174,06:13:42.174,whitebit,ETH/USDT:USDT,3807.32,88.01,3806.58,0.71,3807.33,6.13,3808.0,0.04
1753769622361,06:13:42.361,whitebit,ETH/USDT:USDT,3807.32,88.01,3806.58,0.71,3807.33,6.13,3808.0,0.04
1753769622468,06:13:42.468,whitebit,ETH/USDT:USDT,3807.32,88.01,3806.58,1.11,3807.33,6.13,3808.0,0.04
1753769622562,06:13:42.562,whitebit,ETH/USDT:USDT,3807.32,88.01,3806.58,1.11,3807.33,6.13,3808.0,0.04
1753769622670,06:13:42.670,whitebit,ETH/USDT:USDT,3807.32,88.01,3806.58,1.11,3807.33,6.13,3807.61,0.46
1753769622767,06:13:42.767,whitebit,ETH/USDT:USDT,3807.32,88.01,3806.58,1.11,3807.33,6.13,3808.0,0.04
1753769622868,06:13:42.868,whitebit,ETH/USDT:USDT,3807.32,88.01,3806.28,1.72,3807.33,6.13,3808.0,0.04
1753769622963,06:13:42.963,whitebit,ETH/USDT:USDT,3807.32,88.01,3806.58,0.56,3807.33,6.13,3808.0,0.04
1753769623066,06:13:43.066,whitebit,ETH/USDT:USDT,3807.32,88.01,3806.58,0.97,3807.33,6.13,3808.0,0.04
1753769623166,06:13:43.166,whitebit,ETH/USDT:USDT,3807.32,88.01,3806.58,0.97,3807.33,6.13,3808.0,0.04
1753769623263,06:13:43.263,whitebit,ETH/USDT:USDT,3807.32,88.01,3806.58,1.49,3807.33,6.13,3808.0,0.04
1753769623359,06:13:43.359,whitebit,ETH/USDT:USDT,3807.32,88.01,3806.58,1.49,3807.33,6.13,3808.0,0.04
1753769623465,06:13:43.465,whitebit,ETH/USDT:USDT,3807.32,88.01,3806.58,1.8,3807.33,6.13,3807.61,8.51
1753769623560,06:13:43.560,whitebit,ETH/USDT:USDT,3807.32,88.01,3806.58,0.87,3807.33,6.13,3807.61,11.05
1753769623660,06:13:43.660,whitebit,ETH/USDT:USDT,3807.32,88.01,3806.58,0.87,3807.33,6.13,3808.0,0.04
1753769623766,06:13:43.766,whitebit,ETH/USDT:USDT,3807.32,88.01,3806.58,1.1,3807.33,6.13,3808.0,0.04
1753769623871,06:13:43.871,whitebit,ETH/USDT:USDT,3807.32,88.01,3806.58,0.87,3807.33,6.13,3808.0,0.04
1753769624086,06:13:44.086,whitebit,ETH/USDT:USDT,3807.32,88.01,3806.58,0.87,3807.33,6.13,3808.0,0.04
1753769624168,06:13:44.168,whitebit,ETH/USDT:USDT,3807.32,88.01,3806.58,0.87,3807.33,6.13,3808.0,0.04
1753769624763,06:13:44.763,whitebit,ETH/USDT:USDT,3807.32,88.01,3806.58,0.87,3808.0,0.04,3808.08,69.92
1753769624867,06:13:44.867,whitebit,ETH/USDT:USDT,3807.32,88.01,3806.58,0.87,3807.33,9.19,3807.99,6.13
1753769624963,06:13:44.963,whitebit,ETH/USDT:USDT,3807.32,88.01,3806.58,0.87,3807.33,9.19,3807.99,6.13
1753769625171,06:13:45.171,whitebit,ETH/USDT:USDT,3807.32,88.01,3806.58,0.87,3807.33,9.19,3807.99,6.13
1753769625364,06:13:45.364,whitebit,ETH/USDT:USDT,3807.32,88.01,3806.58,0.87,3807.33,9.19,3807.99,6.13
1753769625473,06:13:45.473,whitebit,ETH/USDT:USDT,3807.32,88.01,3806.58,0.87,3807.33,9.19,3807.99,6.13
1753769625570,06:13:45.570,whitebit,ETH/USDT:USDT,3807.32,88.01,3806.58,0.87,3807.33,9.19,3807.99,6.13
1753769625665,06:13:45.665,whitebit,ETH/USDT:USDT,3807.32,88.01,3806.58,0.87,3807.33,9.19,3807.99,6.13
1753769625765,06:13:45.765,whitebit,ETH/USDT:USDT,3807.32,88.01,3806.58,1.08,3807.33,9.19,3807.99,6.13
1753769626172,06:13:46.172,whitebit,ETH/USDT:USDT,3807.32,88.01,3806.58,0.87,3807.33,9.19,3807.99,6.13
1753769626269,06:13:46.269,whitebit,ETH/USDT:USDT,3807.32,88.01,3806.58,0.87,3807.33,9.19,3807.99,6.13
1753769626380,06:13:46.380,whitebit,ETH/USDT:USDT,3807.32,88.01,3806.58,0.87,3807.33,9.19,3807.99,6.13
1753769626457,06:13:46.457,whitebit,ETH/USDT:USDT,3807.32,88.01,3806.58,0.87,3807.33,9.19,3807.99,6.13
1753769627068,06:13:47.068,whitebit,ETH/USDT:USDT,3807.32,88.01,3806.58,1.24,3807.33,9.19,3807.99,6.13
1753769627269,06:13:47.269,whitebit,ETH/USDT:USDT,3807.32,88.01,3806.58,1.24,3807.33,9.19,3807.99,6.13
1753769627369,06:13:47.369,whitebit,ETH/USDT:USDT,3807.32,88.01,3806.58,1.24,3807.33,9.19,3807.99,6.13
1753769627770,06:13:47.770,whitebit,ETH/USDT:USDT,3807.32,88.01,3806.58,1.24,3807.33,9.19,3807.99,6.13
1753769628175,06:13:48.175,whitebit,ETH/USDT:USDT,3807.32,88.01,3806.58,1.24,3807.33,9.19,3807.99,6.13
1753769628265,06:13:48.265,whitebit,ETH/USDT:USDT,3807.32,88.01,3806.58,1.24,3807.33,9.19,3807.99,6.13
1753769628677,06:13:48.677,whitebit,ETH/USDT:USDT,3807.32,88.01,3806.58,1.24,3807.33,9.19,3807.99,6.13
1753769628967,06:13:48.967,whitebit,ETH/USDT:USDT,3807.32,88.01,3806.58,1.24,3807.33,9.19,3807.99,6.13
1753769629074,06:13:49.074,whitebit,ETH/USDT:USDT,3807.32,88.01,3806.58,1.58,3807.33,9.19,3807.61,4.75
1753769629172,06:13:49.172,whitebit,ETH/USDT:USDT,3807.32,88.01,3806.58,1.24,3807.33,9.19,3807.99,6.13
1753769629270,06:13:49.270,whitebit,ETH/USDT:USDT,3807.32,88.01,3806.58,1.24,3807.33,9.19,3807.99,6.13
1753769629371,06:13:49.371,whitebit,ETH/USDT:USDT,3807.32,88.01,3806.58,1.24,3807.33,9.19,3807.99,6.13
1753769629463,06:13:49.463,whitebit,ETH/USDT:USDT,3807.32,88.01,3806.58,1.24,3807.33,9.19,3807.99,6.13
1753769629559,06:13:49.559,whitebit,ETH/USDT:USDT,3807.32,88.01,3806.58,1.24,3807.33,9.19,3807.99,6.13
1753769629669,06:13:49.669,whitebit,ETH/USDT:USDT,3807.32,88.01,3806.58,1.24,3807.33,9.19,3807.99,6.13
1753769629875,06:13:49.875,whitebit,ETH/USDT:USDT,3807.32,88.01,3806.47,11.5,3807.33,9.19,3807.61,6.12
1753769629970,06:13:49.970,whitebit,ETH/USDT:USDT,3807.32,88.01,3806.58,0.39,3807.33,9.19,3807.99,6.13
1753769630076,06:13:50.076,whitebit,ETH/USDT:USDT,3807.32,88.01,3806.58,0.39,3807.33,9.19,3807.99,6.13
1753769630270,06:13:50.270,whitebit,ETH/USDT:USDT,3807.32,88.01,3806.58,0.39,3807.33,9.19,3807.99,6.13
1753769630373,06:13:50.373,whitebit,ETH/USDT:USDT,3807.32,88.01,3806.58,0.39,3807.33,9.19,3807.99,6.13
1753769630467,06:13:50.467,whitebit,ETH/USDT:USDT,3807.32,88.01,3806.58,0.39,3807.33,9.19,3807.99,6.13
1753769630574,06:13:50.574,whitebit,ETH/USDT:USDT,3807.32,88.01,3806.58,0.39,3807.33,9.19,3807.99,6.13
1753769630671,06:13:50.671,whitebit,ETH/USDT:USDT,3807.32,88.01,3806.58,0.39,3807.33,9.19,3807.61,9.77
1753769630768,06:13:50.768,whitebit,ETH/USDT:USDT,3807.32,88.01,3806.58,0.39,3807.33,9.19,3807.99,6.13
1753769631074,06:13:51.074,whitebit,ETH/USDT:USDT,3807.32,88.01,3806.58,0.39,3807.33,9.19,3807.61,10.78
1753769631174,06:13:51.174,whitebit,ETH/USDT:USDT,3807.32,88.01,3806.58,0.39,3807.33,9.19,3807.99,6.13
1753769631473,06:13:51.473,whitebit,ETH/USDT:USDT,3807.32,88.01,3806.58,0.39,3807.33,9.19,3807.61,0.09
1753769631576,06:13:51.576,whitebit,ETH/USDT:USDT,3807.32,88.01,3806.58,0.39,3807.33,9.19,3807.99,6.13
1753769631768,06:13:51.768,whitebit,ETH/USDT:USDT,3807.32,88.01,3806.58,0.39,3807.33,9.19,3807.99,6.13
1753769632271,06:13:52.271,whitebit,ETH/USDT:USDT,3807.32,88.01,3806.58,0.68,3807.33,9.19,3807.61,3.51
1753769632371,06:13:52.371,whitebit,ETH/USDT:USDT,3807.32,88.01,3806.58,0.68,3807.33,9.19,3807.99,6.13
1753769632473,06:13:52.473,whitebit,ETH/USDT:USDT,3807.32,88.01,3806.58,0.39,3807.33,9.19,3807.99,6.13
1753769632669,06:13:52.669,whitebit,ETH/USDT:USDT,3807.32,88.01,3806.47,11.5,3807.33,9.19,3807.61,6.48
1753769632775,06:13:52.775,whitebit,ETH/USDT:USDT,3807.32,88.01,3806.47,11.5,3807.33,9.19,3807.99,6.13
1753769632870,06:13:52.870,whitebit,ETH/USDT:USDT,3807.32,88.01,3806.58,0.53,3807.33,9.19,3807.99,6.13
1753769632971,06:13:52.971,whitebit,ETH/USDT:USDT,3807.32,88.01,3806.58,0.53,3807.33,9.19,3807.99,6.13
1753769633064,06:13:53.064,whitebit,ETH/USDT:USDT,3807.32,88.01,3806.58,0.53,3807.33,9.19,3807.99,6.13
1753769633172,06:13:53.172,whitebit,ETH/USDT:USDT,3807.32,88.01,3806.58,1.02,3807.33,9.19,3807.99,6.13
1753769633378,06:13:53.378,whitebit,ETH/USDT:USDT,3807.32,69.92,3806.58,1.29,3807.33,9.19,3807.99,6.13
1753769633464,06:13:53.464,whitebit,ETH/USDT:USDT,3807.32,88.0,3806.58,1.29,3807.33,9.19,3807.99,6.13
1753769633572,06:13:53.572,whitebit,ETH/USDT:USDT,3807.32,88.0,3806.58,1.29,3807.33,9.19,3807.99,6.13
1753769633772,06:13:53.772,whitebit,ETH/USDT:USDT,3807.32,88.0,3806.58,1.02,3807.33,9.19,3807.99,6.13
1753769633868,06:13:53.868,whitebit,ETH/USDT:USDT,3807.32,88.0,3806.58,1.02,3807.33,9.19,3807.99,6.13
1753769633966,06:13:53.966,whitebit,ETH/USDT:USDT,3807.32,88.0,3806.58,1.02,3807.33,9.19,3807.99,6.13
1753769634070,06:13:54.070,whitebit,ETH/USDT:USDT,3807.32,88.0,3806.58,1.42,3807.33,9.19,3807.99,6.13
1753769634268,06:13:54.268,whitebit,ETH/USDT:USDT,3807.32,88.0,3806.58,1.02,3807.33,9.19,3807.99,6.13
1753769634482,06:13:54.482,whitebit,ETH/USDT:USDT,3807.32,88.0,3806.58,1.54,3807.33,9.19,3807.99,6.13
1753769634677,06:13:54.677,whitebit,ETH/USDT:USDT,3807.32,88.0,3806.58,1.54,3807.33,9.19,3807.99,6.13
1753769634771,06:13:54.771,whitebit,ETH/USDT:USDT,3807.32,88.0,3806.47,11.5,3807.33,9.19,3807.99,6.13
1753769634874,06:13:54.874,whitebit,ETH/USDT:USDT,3807.32,88.0,3806.47,11.5,3807.33,9.19,3807.99,6.13
1753769634963,06:13:54.963,whitebit,ETH/USDT:USDT,3807.32,88.0,3806.58,0.45,3807.33,9.19,3807.99,6.13
1753769635074,06:13:55.074,whitebit,ETH/USDT:USDT,3807.32,88.0,3806.58,0.45,3807.33,9.19,3807.99,6.13
1753769635264,06:13:55.264,whitebit,ETH/USDT:USDT,3807.32,88.0,3806.58,0.45,3807.33,9.19,3807.99,6.13
1753769635369,06:13:55.369,whitebit,ETH/USDT:USDT,3807.32,88.0,3806.58,0.45,3807.33,9.19,3807.99,6.13
1753769635465,06:13:55.465,whitebit,ETH/USDT:USDT,3807.32,88.0,3806.58,0.8,3807.33,9.19,3807.99,6.13
1753769635565,06:13:55.565,whitebit,ETH/USDT:USDT,3807.32,88.0,3806.58,0.8,3807.33,9.19,3807.99,6.13
1753769635672,06:13:55.672,whitebit,ETH/USDT:USDT,3807.32,88.0,3806.58,0.8,3807.33,9.19,3807.99,6.13
1753769635774,06:13:55.774,whitebit,ETH/USDT:USDT,3807.32,88.0,3806.58,0.67,3807.33,9.19,3807.99,6.13
1753769635866,06:13:55.866,whitebit,ETH/USDT:USDT,3807.32,88.0,3806.58,0.67,3807.33,9.19,3807.99,6.13
1753769636180,06:13:56.180,whitebit,ETH/USDT:USDT,3807.32,88.0,3806.58,0.67,3807.99,6.13,3808.0,0.04
1753769636267,06:13:56.267,whitebit,ETH/USDT:USDT,3807.32,69.92,3806.58,0.67,3807.33,9.19,3807.88,6.13
1753769636372,06:13:56.372,whitebit,ETH/USDT:USDT,3807.32,88.0,3806.58,0.67,3807.88,6.13,3808.0,0.04
1753769636479,06:13:56.479,whitebit,ETH/USDT:USDT,3807.32,88.0,3806.58,1.19,3808.0,0.04,3808.77,72.95
1753769636574,06:13:56.574,whitebit,ETH/USDT:USDT,3807.32,88.0,3806.58,1.19,3808.0,0.04,3808.77,72.95
1753769636676,06:13:56.676,whitebit,ETH/USDT:USDT,3807.32,88.0,3806.89,0.61,3808.0,0.04,3808.77,72.95
1753769636768,06:13:56.768,whitebit,ETH/USDT:USDT,3807.32,88.0,3807.19,0.35,3808.0,0.04,3808.77,72.95
1753769636874,06:13:56.874,whitebit,ETH/USDT:USDT,3807.32,88.0,3807.19,0.35,3808.0,0.04,3808.77,72.95
1753769636967,06:13:56.967,whitebit,ETH/USDT:USDT,3807.32,88.0,3807.19,0.35,3808.0,0.04,3808.77,72.95
1753769637069,06:13:57.069,whitebit,ETH/USDT:USDT,3807.32,88.0,3807.19,1.02,3808.0,0.04,3808.77,72.95
1753769637190,06:13:57.190,whitebit,ETH/USDT:USDT,3807.32,88.0,3807.19,1.02,3808.0,0.04,3808.77,72.95
1753769637279,06:13:57.279,whitebit,ETH/USDT:USDT,3807.32,88.0,3807.19,1.02,3808.0,0.04,3808.77,72.95
1753769637369,06:13:57.369,whitebit,ETH/USDT:USDT,3807.32,88.0,3807.19,1.02,3808.0,0.04,3808.77,72.95
1753769637470,06:13:57.470,whitebit,ETH/USDT:USDT,3807.32,88.0,3807.19,1.31,3808.0,0.04,3808.35,10.96
1753769637567,06:13:57.567,whitebit,ETH/USDT:USDT,3807.32,88.0,3807.19,1.31,3808.0,0.04,3808.77,72.95
1753769637665,06:13:57.665,whitebit,ETH/USDT:USDT,3807.32,88.0,3807.19,1.73,3808.0,0.04,3808.77,72.95
1753769637777,06:13:57.777,whitebit,ETH/USDT:USDT,3807.32,88.0,3807.19,1.73,3808.0,0.04,3808.77,72.95
1753769637890,06:13:57.890,whitebit,ETH/USDT:USDT,3807.32,88.0,3807.19,1.73,3808.0,0.04,3808.77,72.95
1753769638066,06:13:58.066,whitebit,ETH/USDT:USDT,3807.32,88.0,3807.19,1.73,3808.0,0.04,3808.77,72.95
1753769638173,06:13:58.173,whitebit,ETH/USDT:USDT,3807.32,88.0,3807.19,1.73,3808.0,0.04,3808.77,72.95
1753769638269,06:13:58.269,whitebit,ETH/USDT:USDT,3807.32,88.0,3807.19,1.73,3808.0,0.04,3808.77,72.95
1753769638578,06:13:58.578,whitebit,ETH/USDT:USDT,3807.32,88.0,3807.19,1.02,3808.0,0.04,3808.77,72.95
1753769638767,06:13:58.767,whitebit,ETH/USDT:USDT,3807.32,88.0,3807.19,1.02,3808.0,0.04,3808.77,72.95
1753769638973,06:13:58.973,whitebit,ETH/USDT:USDT,3807.32,88.0,3807.19,1.02,3808.0,0.04,3808.77,72.95
1753769639072,06:13:59.072,whitebit,ETH/USDT:USDT,3807.32,88.0,3807.19,1.59,3808.0,0.04,3808.35,8.58
1753769639173,06:13:59.173,whitebit,ETH/USDT:USDT,3807.32,88.0,3807.19,1.59,3808.0,0.04,3808.77,72.95
1753769639470,06:13:59.470,whitebit,ETH/USDT:USDT,3807.32,88.0,3807.19,1.32,3808.0,0.04,3808.35,1.84
1753769639571,06:13:59.571,whitebit,ETH/USDT:USDT,3807.32,88.0,3807.19,1.32,3808.0,0.04,3808.77,72.95
1753769639676,06:13:59.676,whitebit,ETH/USDT:USDT,3807.32,88.0,3807.19,1.32,3808.0,0.04,3808.77,72.95
1753769639876,06:13:59.876,whitebit,ETH/USDT:USDT,3807.32,88.0,3807.19,1.69,3808.0,0.04,3808.77,72.95
1753769640067,06:14:00.067,whitebit,ETH/USDT:USDT,3807.32,88.0,3807.19,0.96,3808.0,0.04,3808.77,72.95
1753769640177,06:14:00.177,whitebit,ETH/USDT:USDT,3807.32,88.0,3807.19,1.66,3807.99,6.13,3808.0,0.04
1753769640277,06:14:00.277,whitebit,ETH/USDT:USDT,3807.32,88.0,3807.19,1.66,3807.95,6.13,3808.0,0.04
1753769640368,06:14:00.368,whitebit,ETH/USDT:USDT,3807.32,88.0,3807.19,2.11,3807.91,6.13,3807.92,6.13
1753769640468,06:14:00.468,whitebit,ETH/USDT:USDT,3807.32,88.0,3807.19,2.11,3807.87,6.13,3807.88,6.13
1753769640570,06:14:00.570,whitebit,ETH/USDT:USDT,3807.32,88.0,3807.19,2.11,3807.83,6.13,3807.84,6.13
1753769640677,06:14:00.677,whitebit,ETH/USDT:USDT,3807.32,88.0,3807.19,2.11,3807.79,6.13,3807.8,6.13
1753769640766,06:14:00.766,whitebit,ETH/USDT:USDT,3807.32,88.0,3807.19,2.54,3807.79,6.13,3808.0,0.04
1753769640974,06:14:00.974,whitebit,ETH/USDT:USDT,3807.32,88.0,3807.19,2.54,3807.79,6.13,3808.0,0.04
1753769641076,06:14:01.076,whitebit,ETH/USDT:USDT,3807.32,88.0,3807.19,2.54,3807.79,6.13,3808.0,0.04
1753769641174,06:14:01.174,whitebit,ETH/USDT:USDT,3807.32,88.0,3807.19,2.54,3807.79,6.13,3808.0,0.04
1753769641273,06:14:01.273,whitebit,ETH/USDT:USDT,3807.32,88.0,3807.19,2.74,3807.79,6.13,3808.0,0.04
1753769641373,06:14:01.373,whitebit,ETH/USDT:USDT,3807.32,88.0,3807.19,2.74,3807.79,6.13,3808.0,0.04
1753769641476,06:14:01.476,whitebit,ETH/USDT:USDT,3807.32,88.0,3807.19,2.74,3807.79,6.13,3808.0,0.04
1753769641561,06:14:01.561,whitebit,ETH/USDT:USDT,3807.32,88.0,3807.19,1.13,3807.79,6.13,3808.0,0.04
1753769641677,06:14:01.677,whitebit,ETH/USDT:USDT,3807.32,88.0,3807.19,1.13,3807.79,6.13,3808.0,0.04
1753769641776,06:14:01.776,whitebit,ETH/USDT:USDT,3807.32,88.0,3807.19,1.4,3807.79,6.13,3808.0,0.04
1753769641880,06:14:01.880,whitebit,ETH/USDT:USDT,3807.32,88.0,3807.19,1.82,3807.79,6.13,3808.0,0.04
1753769641964,06:14:01.964,whitebit,ETH/USDT:USDT,3807.32,88.0,3807.19,1.82,3807.79,6.13,3808.0,0.04
1753769642273,06:14:02.273,whitebit,ETH/USDT:USDT,3807.32,88.0,3807.19,1.4,3807.79,6.13,3808.0,0.04
1753769642368,06:14:02.368,whitebit,ETH/USDT:USDT,3807.32,88.0,3807.19,1.4,3807.79,6.13,3808.0,0.04
1753769642467,06:14:02.467,whitebit,ETH/USDT:USDT,3807.32,88.0,3807.19,1.63,3807.79,6.13,3808.0,0.04
1753769642566,06:14:02.566,whitebit,ETH/USDT:USDT,3807.32,88.0,3807.19,1.63,3807.79,6.13,3808.0,0.04
1753769642677,06:14:02.677,whitebit,ETH/USDT:USDT,3807.32,88.0,3807.19,1.63,3807.79,6.13,3808.0,0.04
1753769642766,06:14:02.766,whitebit,ETH/USDT:USDT,3807.32,88.0,3807.19,1.63,3807.79,6.13,3808.0,0.04
1753769642869,06:14:02.869,whitebit,ETH/USDT:USDT,3807.32,88.0,3807.19,1.63,3807.79,6.13,3808.0,0.04
1753769642969,06:14:02.969,whitebit,ETH/USDT:USDT,3807.32,88.0,3807.19,1.63,3807.79,6.13,3808.0,0.04
1753769643071,06:14:03.071,whitebit,ETH/USDT:USDT,3807.32,88.0,3807.19,1.63,3807.79,6.13,3808.0,0.04
1753769643173,06:14:03.173,whitebit,ETH/USDT:USDT,3807.32,88.0,3807.19,1.63,3807.79,6.13,3808.0,0.04
1753769643268,06:14:03.268,whitebit,ETH/USDT:USDT,3807.32,88.0,3807.19,1.63,3807.79,6.13,3808.0,0.04
1753769643360,06:14:03.360,whitebit,ETH/USDT:USDT,3807.32,88.0,3807.19,1.63,3807.79,6.13,3808.0,0.04
1753769643465,06:14:03.465,whitebit,ETH/USDT:USDT,3807.32,88.0,3807.19,1.63,3807.79,6.13,3808.0,0.04
1753769643571,06:14:03.571,whitebit,ETH/USDT:USDT,3807.32,88.0,3807.19,1.63,3807.79,6.13,3808.0,0.04
1753769643661,06:14:03.661,whitebit,ETH/USDT:USDT,3807.32,88.0,3807.19,1.63,3807.79,6.13,3808.0,0.04
1753769643866,06:14:03.866,whitebit,ETH/USDT:USDT,3807.32,88.0,3807.19,1.63,3807.79,6.13,3808.0,0.04
1753769643973,06:14:03.973,whitebit,ETH/USDT:USDT,3807.32,88.0,3807.19,1.91,3807.79,6.13,3808.0,0.04
1753769644374,06:14:04.374,whitebit,ETH/USDT:USDT,3807.32,88.0,3807.19,1.91,3807.79,6.13,3808.0,0.04
1753769644469,06:14:04.469,whitebit,ETH/USDT:USDT,3807.32,88.0,3807.19,1.91,3807.79,6.13,3808.0,0.04
1753769644563,06:14:04.563,whitebit,ETH/USDT:USDT,3807.32,88.0,3807.19,1.91,3807.79,6.13,3808.0,0.04
1753769644668,06:14:04.668,whitebit,ETH/USDT:USDT,3807.32,88.0,3807.19,1.91,3807.79,6.13,3808.0,0.04
1753769644771,06:14:04.771,whitebit,ETH/USDT:USDT,3807.32,88.0,3807.19,1.91,3807.79,6.13,3808.0,0.04
1753769644874,06:14:04.874,whitebit,ETH/USDT:USDT,3807.32,88.0,3807.19,1.91,3807.79,6.13,3808.0,0.04
1753769644970,06:14:04.970,whitebit,ETH/USDT:USDT,3807.32,88.0,3807.19,1.91,3807.79,6.13,3808.0,0.04
1753769645080,06:14:05.080,whitebit,ETH/USDT:USDT,3807.32,88.0,3807.19,1.91,3807.79,6.13,3808.0,0.04
1753769645170,06:14:05.170,whitebit,ETH/USDT:USDT,3807.32,88.0,3807.19,1.91,3807.79,6.13,3808.0,0.04
1753769645374,06:14:05.374,whitebit,ETH/USDT:USDT,3807.32,88.0,3807.19,1.91,3807.79,6.13,3808.0,0.04
1753769645465,06:14:05.465,whitebit,ETH/USDT:USDT,3807.32,88.0,3807.19,1.91,3807.79,6.13,3808.0,0.04
1753769645565,06:14:05.565,whitebit,ETH/USDT:USDT,3807.32,88.0,3807.19,1.91,3807.79,6.13,3808.0,0.04
1753769645671,06:14:05.671,whitebit,ETH/USDT:USDT,3807.32,88.0,3807.19,2.39,3807.79,6.13,3808.0,0.04
1753769645870,06:14:05.870,whitebit,ETH/USDT:USDT,3807.32,88.0,3807.19,2.39,3807.79,6.13,3808.0,0.04
1753769645977,06:14:05.977,whitebit,ETH/USDT:USDT,3807.32,88.0,3807.19,2.39,3807.79,6.13,3808.0,0.04
1753769646267,06:14:06.267,whitebit,ETH/USDT:USDT,3807.32,88.0,3807.19,2.39,3807.79,6.13,3808.0,0.04
1753769646367,06:14:06.367,whitebit,ETH/USDT:USDT,3807.32,88.0,3807.19,2.39,3807.79,6.13,3808.0,0.04
1753769646475,06:14:06.475,whitebit,ETH/USDT:USDT,3807.32,88.0,3807.19,2.39,3807.79,6.13,3808.0,0.04
1753769646673,06:14:06.673,whitebit,ETH/USDT:USDT,3807.32,88.0,3807.19,2.39,3807.79,6.13,3808.0,0.04
1753769646768,06:14:06.768,whitebit,ETH/USDT:USDT,3807.32,88.0,3807.19,2.39,3807.79,6.13,3808.0,0.04
1753769646868,06:14:06.868,whitebit,ETH/USDT:USDT,3807.32,88.0,3807.19,2.39,3807.79,6.13,3808.0,0.04
1753769646974,06:14:06.974,whitebit,ETH/USDT:USDT,3807.32,88.0,3807.19,2.39,3807.79,6.13,3808.0,0.04
1753769647066,06:14:07.066,whitebit,ETH/USDT:USDT,3807.32,88.0,3807.19,2.39,3807.79,6.13,3808.0,0.04
1753769647167,06:14:07.167,whitebit,ETH/USDT:USDT,3807.32,88.0,3807.19,2.39,3807.79,6.13,3808.0,0.04
1753769647266,06:14:07.266,whitebit,ETH/USDT:USDT,3807.32,88.0,3807.19,2.39,3807.79,6.13,3808.0,0.04
1753769647466,06:14:07.466,whitebit,ETH/USDT:USDT,3807.32,88.0,3807.19,2.39,3807.79,6.13,3808.0,0.04
1753769647570,06:14:07.570,whitebit,ETH/USDT:USDT,3807.32,88.0,3807.19,2.39,3807.79,6.13,3808.0,0.04
1753769647968,06:14:07.968,whitebit,ETH/USDT:USDT,3807.32,88.0,3807.19,2.39,3807.79,6.13,3808.0,0.04
1753769648365,06:14:08.365,whitebit,ETH/USDT:USDT,3807.32,88.0,3807.19,1.4,3807.79,6.13,3808.0,0.04
1753769648468,06:14:08.468,whitebit,ETH/USDT:USDT,3807.32,88.0,3807.19,1.4,3807.79,6.13,3808.0,0.04
1753769648559,06:14:08.559,whitebit,ETH/USDT:USDT,3807.32,88.0,3807.19,1.4,3807.79,6.13,3808.0,0.04
1753769648671,06:14:08.671,whitebit,ETH/USDT:USDT,3807.32,88.0,3807.19,1.95,3807.79,6.13,3808.0,0.04
1753769648966,06:14:08.966,whitebit,ETH/USDT:USDT,3807.32,88.0,3807.19,1.95,3807.79,6.13,3808.0,0.04
1753769649067,06:14:09.067,whitebit,ETH/USDT:USDT,3807.32,88.0,3807.19,2.14,3807.79,6.13,3808.0,0.04
1753769649173,06:14:09.173,whitebit,ETH/USDT:USDT,3807.32,88.0,3807.19,1.4,3807.79,6.13,3808.0,0.04
1753769649266,06:14:09.266,whitebit,ETH/USDT:USDT,3807.32,88.0,3807.19,1.68,3807.79,6.13,3808.0,0.04
1753769649465,06:14:09.465,whitebit,ETH/USDT:USDT,3807.32,88.0,3807.19,1.68,3807.79,6.13,3808.0,0.04
1753769649664,06:14:09.664,whitebit,ETH/USDT:USDT,3807.32,88.0,3807.19,1.4,3807.79,6.13,3808.0,0.04
1753769649767,06:14:09.767,whitebit,ETH/USDT:USDT,3807.32,88.0,3807.19,1.4,3807.79,6.13,3808.0,0.04
1753769649962,06:14:09.962,whitebit,ETH/USDT:USDT,3807.32,88.0,3807.19,1.86,3807.79,6.13,3808.0,0.04
1753769650189,06:14:10.189,whitebit,ETH/USDT:USDT,3807.32,88.0,3807.19,1.4,3807.79,6.13,3808.0,0.04
1753769650270,06:14:10.270,whitebit,ETH/USDT:USDT,3807.32,88.0,3807.19,1.4,3807.79,6.13,3808.0,0.04
1753769650465,06:14:10.465,whitebit,ETH/USDT:USDT,3807.32,88.0,3807.19,1.4,3807.79,6.13,3808.0,0.04
1753769650561,06:14:10.561,whitebit,ETH/USDT:USDT,3807.32,88.0,3807.19,1.4,3807.79,6.13,3808.0,0.04
1753769650672,06:14:10.672,whitebit,ETH/USDT:USDT,3807.32,88.0,3807.19,1.79,3807.79,6.13,3808.0,0.04
1753769650772,06:14:10.772,whitebit,ETH/USDT:USDT,3807.32,88.0,3807.19,1.79,3807.79,6.13,3808.0,0.04
1753769650868,06:14:10.868,whitebit,ETH/USDT:USDT,3807.32,88.0,3807.19,1.79,3807.79,6.13,3808.0,0.04
1753769650959,06:14:10.959,whitebit,ETH/USDT:USDT,3807.32,88.0,3807.19,1.79,3807.79,6.13,3808.0,0.04
1753769651061,06:14:11.061,whitebit,ETH/USDT:USDT,3807.32,88.0,3807.19,1.79,3807.79,6.13,3808.0,0.04
1753769651168,06:14:11.168,whitebit,ETH/USDT:USDT,3807.32,88.0,3807.19,1.4,3807.79,6.13,3808.0,0.04
1753769651469,06:14:11.469,whitebit,ETH/USDT:USDT,3807.32,88.0,3807.19,1.4,3807.79,6.13,3808.0,0.04
1753769651565,06:14:11.565,whitebit,ETH/USDT:USDT,3807.32,88.0,3807.19,1.82,3807.79,6.13,3808.0,0.04
1753769651675,06:14:11.675,whitebit,ETH/USDT:USDT,3807.32,88.0,3807.19,1.82,3807.79,6.13,3808.0,0.04
1753769651872,06:14:11.872,whitebit,ETH/USDT:USDT,3807.32,88.0,3807.19,2.16,3807.79,6.13,3808.0,0.04
1753769651971,06:14:11.971,whitebit,ETH/USDT:USDT,3807.32,88.0,3807.19,1.4,3807.79,6.13,3808.0,0.04
1753769652067,06:14:12.067,whitebit,ETH/USDT:USDT,3807.32,88.0,3807.19,1.4,3807.79,6.13,3808.0,0.04
1753769652173,06:14:12.173,whitebit,ETH/USDT:USDT,3807.32,88.0,3807.19,1.4,3807.79,6.13,3808.0,0.04
1753769652267,06:14:12.267,whitebit,ETH/USDT:USDT,3807.32,88.0,3807.19,1.65,3807.79,6.13,3808.0,0.04
1753769652363,06:14:12.363,whitebit,ETH/USDT:USDT,3807.32,88.0,3807.19,1.65,3807.79,6.13,3808.0,0.04
1753769652473,06:14:12.473,whitebit,ETH/USDT:USDT,3807.32,88.0,3807.19,1.21,3807.79,6.13,3808.0,0.04
1753769652576,06:14:12.576,whitebit,ETH/USDT:USDT,3807.32,88.0,3807.19,1.69,3807.79,6.13,3808.0,0.04
1753769652671,06:14:12.671,whitebit,ETH/USDT:USDT,3807.32,88.0,3807.19,1.69,3807.79,6.13,3808.0,0.04
1753769652773,06:14:12.773,whitebit,ETH/USDT:USDT,3807.32,88.0,3807.19,1.99,3807.79,6.13,3808.0,0.04
1753769652964,06:14:12.964,whitebit,ETH/USDT:USDT,3807.32,88.0,3807.19,1.18,3807.79,6.13,3808.0,0.04
1753769653079,06:14:13.079,whitebit,ETH/USDT:USDT,3807.32,88.0,3807.19,1.69,3807.79,6.13,3808.0,0.04
1753769653176,06:14:13.176,whitebit,ETH/USDT:USDT,3807.32,88.0,3807.19,1.69,3807.79,6.13,3808.0,0.04
1753769653271,06:14:13.271,whitebit,ETH/USDT:USDT,3807.32,88.0,3807.19,2.01,3807.79,6.13,3808.0,0.04
1753769653360,06:14:13.360,whitebit,ETH/USDT:USDT,3807.32,88.0,3807.19,2.01,3807.79,6.13,3808.0,0.04
1753769653581,06:14:13.581,whitebit,ETH/USDT:USDT,3807.32,88.0,3807.19,2.01,3807.79,6.13,3808.0,0.04
1753769653660,06:14:13.660,whitebit,ETH/USDT:USDT,3807.32,88.0,3807.19,2.01,3807.79,6.13,3808.0,0.04
1753769654266,06:14:14.266,whitebit,ETH/USDT:USDT,3807.32,88.0,3807.19,1.54,3807.79,6.13,3808.0,0.04
1753769654368,06:14:14.368,whitebit,ETH/USDT:USDT,3807.32,88.0,3807.19,1.54,3807.79,6.13,3808.0,0.04
1753769654463,06:14:14.463,whitebit,ETH/USDT:USDT,3807.32,88.0,3807.19,1.54,3807.79,6.13,3808.0,0.04
1753769654572,06:14:14.572,whitebit,ETH/USDT:USDT,3807.32,88.0,3807.19,1.75,3807.79,6.13,3808.0,0.04
1753769654872,06:14:14.872,whitebit,ETH/USDT:USDT,3807.32,88.0,3807.19,1.75,3807.79,6.13,3808.0,0.04
1753769655081,06:14:15.081,whitebit,ETH/USDT:USDT,3807.32,88.0,3807.19,1.47,3807.79,6.13,3808.0,0.04
1753769655272,06:14:15.272,whitebit,ETH/USDT:USDT,3807.32,88.0,3807.19,1.47,3807.79,6.13,3808.0,0.04
1753769655577,06:14:15.577,whitebit,ETH/USDT:USDT,3807.32,88.0,3807.19,1.47,3807.79,6.13,3808.0,0.04
1753769655672,06:14:15.672,whitebit,ETH/USDT:USDT,3807.32,88.0,3807.19,1.66,3807.79,6.13,3808.0,0.04
1753769655779,06:14:15.779,whitebit,ETH/USDT:USDT,3807.32,88.0,3807.19,1.66,3807.79,6.13,3808.0,0.04
1753769655867,06:14:15.867,whitebit,ETH/USDT:USDT,3807.32,88.0,3807.19,1.66,3807.79,6.13,3808.0,0.04
1753769655984,06:14:15.984,whitebit,ETH/USDT:USDT,3807.32,88.0,3807.19,1.66,3807.79,6.13,3808.0,0.04
1753769656267,06:14:16.267,whitebit,ETH/USDT:USDT,3807.32,88.0,3807.19,1.66,3807.79,6.13,3808.0,0.04
1753769656381,06:14:16.381,whitebit,ETH/USDT:USDT,3807.32,88.0,3807.19,1.66,3807.79,6.13,3808.0,0.04
1753769656769,06:14:16.769,whitebit,ETH/USDT:USDT,3807.32,88.0,3807.19,1.66,3807.79,6.13,3808.0,0.04
