timestamp,time,exchange,symbol,bid1_price,bid1_volume,bid2_price,bid2_volume,ask1_price,ask1_volume,ask2_price,ask2_volume
1753769562713,06:12:42.713,xt,LTC/USDT:USDT,109.73,184.0,109.71,831.0,109.78,1387.0,109.81,1166.0
1753769562653,06:12:42.653,xt,LTC/USDT:USDT,109.73,184.0,109.71,831.0,109.78,1387.0,109.81,1166.0
1753769562829,06:12:42.829,xt,LTC/USDT:USDT,109.73,184.0,109.71,831.0,109.78,1387.0,109.81,1166.0
1753769562945,06:12:42.945,xt,LTC/USDT:USDT,109.73,652.0,109.7,976.0,109.78,805.0,109.82,574.0
1753769563078,06:12:43.078,xt,LTC/USDT:USDT,109.73,652.0,109.7,976.0,109.78,805.0,109.82,1067.0
1753769563243,06:12:43.243,xt,LTC/USDT:USDT,109.73,138.0,109.71,2011.0,109.78,1092.0,109.83,2089.0
1753769563367,06:12:43.367,xt,LTC/USDT:USDT,109.73,138.0,109.71,2011.0,109.78,1092.0,109.83,2089.0
1753769563521,06:12:43.521,xt,LTC/USDT:USDT,109.73,1161.0,109.7,695.0,109.78,980.0,109.81,1031.0
1753769563616,06:12:43.616,xt,LTC/USDT:USDT,109.73,1161.0,109.7,695.0,109.78,980.0,109.81,1031.0
1753769563792,06:12:43.792,xt,LTC/USDT:USDT,109.73,1161.0,109.7,695.0,109.78,980.0,109.81,1031.0
1753769563902,06:12:43.902,xt,LTC/USDT:USDT,109.73,918.0,109.71,615.0,109.78,834.0,109.83,974.0
1753769564030,06:12:44.030,xt,LTC/USDT:USDT,109.73,918.0,109.71,615.0,109.78,834.0,109.83,974.0
1753769564152,06:12:44.152,xt,LTC/USDT:USDT,109.73,111.0,109.69,1301.0,109.78,84.0,109.83,717.0
1753769564321,06:12:44.321,xt,LTC/USDT:USDT,109.73,111.0,109.69,1301.0,109.78,84.0,109.83,717.0
1753769564450,06:12:44.450,xt,LTC/USDT:USDT,109.73,1314.0,109.69,1832.0,109.78,1334.0,109.82,889.0
1753769564625,06:12:44.625,xt,LTC/USDT:USDT,109.73,1314.0,109.69,1832.0,109.78,1334.0,109.82,889.0
1753769564753,06:12:44.753,xt,LTC/USDT:USDT,109.73,1310.0,109.69,1832.0,109.78,1334.0,109.82,889.0
1753769564863,06:12:44.863,xt,LTC/USDT:USDT,109.73,803.0,109.7,1260.0,109.78,1220.0,109.82,1245.0
1753769564988,06:12:44.988,xt,LTC/USDT:USDT,109.73,803.0,109.7,1260.0,109.78,1220.0,109.82,1245.0
1753769565168,06:12:45.168,xt,LTC/USDT:USDT,109.73,552.0,109.7,1410.0,109.78,759.0,109.81,1499.0
1753769565284,06:12:45.284,xt,LTC/USDT:USDT,109.73,552.0,109.7,1410.0,109.78,759.0,109.81,1499.0
1753769565410,06:12:45.410,xt,LTC/USDT:USDT,109.73,252.0,109.7,1237.0,109.78,897.0,109.81,425.0
1753769565538,06:12:45.538,xt,LTC/USDT:USDT,109.73,252.0,109.7,1237.0,109.78,897.0,109.81,425.0
1753769565702,06:12:45.702,xt,LTC/USDT:USDT,109.73,1242.0,109.71,1644.0,109.78,931.0,109.81,706.0
1753769565833,06:12:45.833,xt,LTC/USDT:USDT,109.73,1242.0,109.71,1644.0,109.78,931.0,109.81,706.0
1753769565980,06:12:45.980,xt,LTC/USDT:USDT,109.73,1186.0,109.7,874.0,109.78,993.0,109.82,1348.0
1753769566243,06:12:46.243,xt,LTC/USDT:USDT,109.73,1186.0,109.7,1450.0,109.78,993.0,109.82,1348.0
1753769566360,06:12:46.360,xt,LTC/USDT:USDT,109.73,441.0,109.71,966.0,109.78,272.0,109.82,257.0
1753769566487,06:12:46.487,xt,LTC/USDT:USDT,109.73,441.0,109.71,966.0,109.78,272.0,109.82,257.0
1753769566670,06:12:46.670,xt,LTC/USDT:USDT,109.73,785.0,109.69,1674.0,109.78,790.0,109.81,1785.0
1753769566781,06:12:46.781,xt,LTC/USDT:USDT,109.73,785.0,109.69,1674.0,109.78,790.0,109.81,1785.0
1753769566905,06:12:46.905,xt,LTC/USDT:USDT,109.73,1174.0,109.7,2031.0,109.78,254.0,109.82,1643.0
1753769567032,06:12:47.032,xt,LTC/USDT:USDT,109.73,1174.0,109.7,1593.0,109.78,254.0,109.82,1643.0
1753769567207,06:12:47.207,xt,LTC/USDT:USDT,109.73,412.0,109.69,737.0,109.78,327.0,109.82,605.0
1753769567326,06:12:47.326,xt,LTC/USDT:USDT,109.73,412.0,109.69,737.0,109.78,327.0,109.82,605.0
1753769567451,06:12:47.451,xt,LTC/USDT:USDT,109.73,412.0,109.69,2136.0,109.78,327.0,109.82,605.0
1753769567623,06:12:47.623,xt,LTC/USDT:USDT,109.73,681.0,109.71,1611.0,109.78,1068.0,109.81,894.0
1753769567749,06:12:47.749,xt,LTC/USDT:USDT,109.73,681.0,109.71,1611.0,109.78,1068.0,109.81,894.0
1753769567870,06:12:47.870,xt,LTC/USDT:USDT,109.73,758.0,109.69,1575.0,109.78,879.0,109.81,688.0
1753769568048,06:12:48.048,xt,LTC/USDT:USDT,109.73,758.0,109.69,1575.0,109.78,879.0,109.81,688.0
1753769568172,06:12:48.172,xt,LTC/USDT:USDT,109.73,197.0,109.69,1427.0,109.78,1248.0,109.82,1515.0
1753769568280,06:12:48.280,xt,LTC/USDT:USDT,109.73,197.0,109.69,1427.0,109.78,1248.0,109.82,1515.0
1753769568469,06:12:48.469,xt,LTC/USDT:USDT,109.73,763.0,109.69,1161.0,109.78,750.0,109.83,1461.0
1753769568584,06:12:48.584,xt,LTC/USDT:USDT,109.73,763.0,109.69,1161.0,109.78,750.0,109.83,1461.0
1753769568703,06:12:48.703,xt,LTC/USDT:USDT,109.73,763.0,109.69,1161.0,109.78,750.0,109.83,1461.0
1753769568881,06:12:48.881,xt,LTC/USDT:USDT,109.73,810.0,109.69,761.0,109.78,526.0,109.83,409.0
1753769569008,06:12:49.008,xt,LTC/USDT:USDT,109.73,810.0,109.69,761.0,109.78,526.0,109.83,409.0
1753769569132,06:12:49.132,xt,LTC/USDT:USDT,109.73,1266.0,109.69,1657.0,109.78,934.0,109.82,1602.0
1753769569243,06:12:49.243,xt,LTC/USDT:USDT,109.73,1266.0,109.69,1657.0,109.78,934.0,109.82,1602.0
1753769569366,06:12:49.366,xt,LTC/USDT:USDT,109.73,973.0,109.69,778.0,109.78,1256.0,109.81,1646.0
1753769569543,06:12:49.543,xt,LTC/USDT:USDT,109.73,973.0,109.69,778.0,109.78,1256.0,109.81,1646.0
1753769569672,06:12:49.672,xt,LTC/USDT:USDT,109.73,611.0,109.69,450.0,109.78,750.0,109.81,459.0
1753769569789,06:12:49.789,xt,LTC/USDT:USDT,109.73,611.0,109.69,450.0,109.78,750.0,109.81,459.0
1753769569967,06:12:49.967,xt,LTC/USDT:USDT,109.73,1267.0,109.71,1720.0,109.78,218.0,109.83,964.0
1753769570085,06:12:50.085,xt,LTC/USDT:USDT,109.73,1267.0,109.71,1720.0,109.78,218.0,109.83,1644.0
1753769570209,06:12:50.209,xt,LTC/USDT:USDT,109.73,1267.0,109.71,1720.0,109.78,218.0,109.83,1644.0
1753769570383,06:12:50.383,xt,LTC/USDT:USDT,109.73,371.0,109.7,819.0,109.78,858.0,109.83,2193.0
1753769570508,06:12:50.508,xt,LTC/USDT:USDT,109.73,371.0,109.7,819.0,109.78,858.0,109.83,2193.0
1753769570594,06:12:50.594,xt,LTC/USDT:USDT,109.73,88.0,109.69,395.0,109.78,436.0,109.81,2130.0
1753769570772,06:12:50.772,xt,LTC/USDT:USDT,109.73,88.0,109.69,395.0,109.78,436.0,109.81,2130.0
1753769570896,06:12:50.896,xt,LTC/USDT:USDT,109.73,1051.0,109.71,2049.0,109.78,819.0,109.81,686.0
1753769571068,06:12:51.068,xt,LTC/USDT:USDT,109.73,1051.0,109.71,2049.0,109.78,819.0,109.81,686.0
1753769571193,06:12:51.193,xt,LTC/USDT:USDT,109.73,691.0,109.69,1376.0,109.78,911.0,109.83,2173.0
1753769571315,06:12:51.315,xt,LTC/USDT:USDT,109.73,691.0,109.69,1376.0,109.78,911.0,109.83,2173.0
1753769571438,06:12:51.438,xt,LTC/USDT:USDT,109.73,691.0,109.69,1376.0,109.78,911.0,109.83,2173.0
1753769571561,06:12:51.561,xt,LTC/USDT:USDT,109.73,440.0,109.69,1692.0,109.78,1082.0,109.83,1834.0
1753769571738,06:12:51.738,xt,LTC/USDT:USDT,109.73,440.0,109.69,1692.0,109.78,1082.0,109.83,1834.0
1753769571851,06:12:51.851,xt,LTC/USDT:USDT,109.73,172.0,109.69,2229.0,109.78,1011.0,109.81,1677.0
1753769571978,06:12:51.978,xt,LTC/USDT:USDT,109.73,172.0,109.69,2229.0,109.78,1011.0,109.81,1677.0
1753769572152,06:12:52.152,xt,LTC/USDT:USDT,109.73,1255.0,109.7,870.0,109.78,890.0,109.82,965.0
1753769572285,06:12:52.285,xt,LTC/USDT:USDT,109.73,1255.0,109.7,870.0,109.78,890.0,109.82,965.0
1753769572429,06:12:52.429,xt,LTC/USDT:USDT,109.73,977.0,109.69,2023.0,109.78,409.0,109.81,1142.0
1753769572580,06:12:52.580,xt,LTC/USDT:USDT,109.73,977.0,109.69,2023.0,109.78,409.0,109.81,1142.0
1753769572724,06:12:52.724,xt,LTC/USDT:USDT,109.73,311.0,109.69,325.0,109.78,1371.0,109.83,1880.0
1753769572812,06:12:52.812,xt,LTC/USDT:USDT,109.73,311.0,109.69,325.0,109.78,1371.0,109.83,1880.0
1753769572934,06:12:52.934,xt,LTC/USDT:USDT,109.73,311.0,109.69,325.0,109.78,1371.0,109.83,1880.0
1753769573105,06:12:53.105,xt,LTC/USDT:USDT,109.73,240.0,109.7,1524.0,109.78,683.0,109.83,1318.0
1753769573233,06:12:53.233,xt,LTC/USDT:USDT,109.73,240.0,109.7,1524.0,109.78,683.0,109.83,1318.0
1753769573357,06:12:53.357,xt,LTC/USDT:USDT,109.73,1179.0,109.69,1004.0,109.78,1365.0,109.81,522.0
1753769573534,06:12:53.534,xt,LTC/USDT:USDT,109.73,1179.0,109.69,1004.0,109.78,1365.0,109.81,522.0
1753769573661,06:12:53.661,xt,LTC/USDT:USDT,109.73,988.0,109.7,1722.0,109.78,1083.0,109.83,1106.0
1753769573771,06:12:53.771,xt,LTC/USDT:USDT,109.73,988.0,109.7,1722.0,109.78,1083.0,109.83,1106.0
1753769573905,06:12:53.905,xt,LTC/USDT:USDT,109.73,988.0,109.7,1722.0,109.78,1083.0,109.83,1106.0
1753769574041,06:12:54.041,xt,LTC/USDT:USDT,109.73,1287.0,109.69,851.0,109.78,1250.0,109.81,1972.0
1753769574171,06:12:54.171,xt,LTC/USDT:USDT,109.73,1287.0,109.69,851.0,109.78,1250.0,109.81,1972.0
1753769574283,06:12:54.283,xt,LTC/USDT:USDT,109.73,165.0,109.69,1085.0,109.78,272.0,109.82,1289.0
1753769574430,06:12:54.430,xt,LTC/USDT:USDT,109.73,165.0,109.69,1085.0,109.78,272.0,109.82,1289.0
1753769574554,06:12:54.554,xt,LTC/USDT:USDT,109.73,165.0,109.69,1085.0,109.78,272.0,109.82,1289.0
1753769574679,06:12:54.679,xt,LTC/USDT:USDT,109.73,286.0,109.71,1823.0,109.78,481.0,109.82,2206.0
1753769574866,06:12:54.866,xt,LTC/USDT:USDT,109.73,286.0,109.71,1823.0,109.78,481.0,109.82,891.0
1753769574966,06:12:54.966,xt,LTC/USDT:USDT,109.73,1272.0,109.71,1326.0,109.78,903.0,109.81,1625.0
1753769575129,06:12:55.129,xt,LTC/USDT:USDT,109.73,1272.0,109.71,1326.0,109.78,903.0,109.81,1625.0
1753769575245,06:12:55.245,xt,LTC/USDT:USDT,109.73,1334.0,109.7,1197.0,109.78,960.0,109.83,1788.0
1753769575368,06:12:55.368,xt,LTC/USDT:USDT,109.73,1334.0,109.7,1197.0,109.78,960.0,109.83,1788.0
1753769575491,06:12:55.491,xt,LTC/USDT:USDT,109.73,1334.0,109.7,1197.0,109.78,960.0,109.83,1788.0
1753769575655,06:12:55.655,xt,LTC/USDT:USDT,109.73,622.0,109.71,716.0,109.78,301.0,109.82,941.0
1753769575816,06:12:55.816,xt,LTC/USDT:USDT,109.73,622.0,109.71,716.0,109.78,301.0,109.82,941.0
1753769575938,06:12:55.938,xt,LTC/USDT:USDT,109.73,1098.0,109.69,1399.0,109.78,1087.0,109.82,1899.0
1753769576054,06:12:56.054,xt,LTC/USDT:USDT,109.73,1098.0,109.69,1399.0,109.78,1087.0,109.82,1899.0
1753769576202,06:12:56.202,xt,LTC/USDT:USDT,109.75,1178.0,109.73,469.0,109.8,979.0,109.82,1475.0
1753769576301,06:12:56.301,xt,LTC/USDT:USDT,109.75,1178.0,109.73,469.0,109.8,979.0,109.82,1475.0
1753769576460,06:12:56.460,xt,LTC/USDT:USDT,109.75,1222.0,109.74,1917.0,109.8,352.0,109.82,1629.0
1753769576623,06:12:56.623,xt,LTC/USDT:USDT,109.75,1222.0,109.74,1917.0,109.8,352.0,109.82,1607.0
1753769576763,06:12:56.763,xt,LTC/USDT:USDT,109.75,1277.0,109.72,577.0,109.8,443.0,109.81,1280.0
1753769576899,06:12:56.899,xt,LTC/USDT:USDT,109.75,1277.0,109.72,577.0,109.8,443.0,109.81,1280.0
1753769577017,06:12:57.017,xt,LTC/USDT:USDT,109.75,1277.0,109.72,577.0,109.8,443.0,109.81,1280.0
1753769577147,06:12:57.147,xt,LTC/USDT:USDT,109.75,642.0,109.73,1542.0,109.8,1299.0,109.83,1333.0
1753769577261,06:12:57.261,xt,LTC/USDT:USDT,109.75,642.0,109.73,1542.0,109.8,1299.0,109.83,1333.0
1753769577401,06:12:57.401,xt,LTC/USDT:USDT,109.75,417.0,109.73,2179.0,109.8,738.0,109.82,1203.0
1753769577569,06:12:57.569,xt,LTC/USDT:USDT,109.75,417.0,109.73,2179.0,109.8,738.0,109.82,796.0
1753769577707,06:12:57.707,xt,LTC/USDT:USDT,109.75,1360.0,109.74,1244.0,109.8,925.0,109.81,801.0
1753769577804,06:12:57.804,xt,LTC/USDT:USDT,109.75,1360.0,109.74,1244.0,109.8,925.0,109.81,801.0
1753769577978,06:12:57.978,xt,LTC/USDT:USDT,109.75,1360.0,109.74,1244.0,109.8,925.0,109.81,801.0
1753769578101,06:12:58.101,xt,LTC/USDT:USDT,109.75,1308.0,109.74,1149.0,109.8,668.0,109.82,1016.0
1753769578218,06:12:58.218,xt,LTC/USDT:USDT,109.75,1308.0,109.74,1149.0,109.8,668.0,109.82,1016.0
1753769578342,06:12:58.342,xt,LTC/USDT:USDT,109.75,730.0,109.73,915.0,109.8,682.0,109.81,1882.0
1753769578454,06:12:58.454,xt,LTC/USDT:USDT,109.75,730.0,109.73,915.0,109.8,682.0,109.81,1882.0
1753769578581,06:12:58.581,xt,LTC/USDT:USDT,109.75,730.0,109.73,915.0,109.8,682.0,109.81,1882.0
1753769578695,06:12:58.695,xt,LTC/USDT:USDT,109.75,153.0,109.73,1853.0,109.8,681.0,109.83,232.0
1753769578872,06:12:58.872,xt,LTC/USDT:USDT,109.75,153.0,109.73,1853.0,109.8,681.0,109.83,232.0
1753769579000,06:12:59.000,xt,LTC/USDT:USDT,109.75,1315.0,109.73,592.0,109.8,786.0,109.82,256.0
1753769579122,06:12:59.122,xt,LTC/USDT:USDT,109.75,1315.0,109.73,592.0,109.8,786.0,109.82,256.0
1753769579237,06:12:59.237,xt,LTC/USDT:USDT,109.75,830.0,109.72,1381.0,109.8,533.0,109.82,826.0
1753769579415,06:12:59.415,xt,LTC/USDT:USDT,109.75,830.0,109.72,1381.0,109.8,533.0,109.82,826.0
1753769579531,06:12:59.531,xt,LTC/USDT:USDT,109.75,319.0,109.72,1526.0,109.8,1047.0,109.82,1889.0
1753769579648,06:12:59.648,xt,LTC/USDT:USDT,109.75,319.0,109.72,1526.0,109.8,1047.0,109.82,1889.0
1753769579837,06:12:59.837,xt,LTC/USDT:USDT,109.75,165.0,109.73,1885.0,109.8,872.0,109.83,486.0
1753769579924,06:12:59.924,xt,LTC/USDT:USDT,109.75,165.0,109.73,1885.0,109.8,872.0,109.83,486.0
1753769580058,06:13:00.058,xt,LTC/USDT:USDT,109.75,165.0,109.73,1885.0,109.8,872.0,109.83,486.0
1753769580164,06:13:00.164,xt,LTC/USDT:USDT,109.75,664.0,109.72,1528.0,109.8,688.0,109.83,255.0
1753769580355,06:13:00.355,xt,LTC/USDT:USDT,109.75,664.0,109.72,1528.0,109.8,688.0,109.83,255.0
1753769580465,06:13:00.465,xt,LTC/USDT:USDT,109.75,965.0,109.73,653.0,109.8,1109.0,109.81,1769.0
1753769580584,06:13:00.584,xt,LTC/USDT:USDT,109.75,965.0,109.73,653.0,109.8,1109.0,109.81,1769.0
1753769580735,06:13:00.735,xt,LTC/USDT:USDT,109.75,1154.0,109.73,1386.0,109.8,751.0,109.81,271.0
1753769580888,06:13:00.888,xt,LTC/USDT:USDT,109.75,1154.0,109.73,1386.0,109.8,751.0,109.81,271.0
1753769581011,06:13:01.011,xt,LTC/USDT:USDT,109.75,1154.0,109.73,1386.0,109.8,751.0,109.81,271.0
1753769581121,06:13:01.121,xt,LTC/USDT:USDT,109.75,1302.0,109.72,2034.0,109.8,1365.0,109.82,1913.0
1753769581247,06:13:01.247,xt,LTC/USDT:USDT,109.75,1302.0,109.72,2034.0,109.8,1365.0,109.82,1913.0
1753769581370,06:13:01.370,xt,LTC/USDT:USDT,109.75,1213.0,109.74,1876.0,109.8,1077.0,109.83,559.0
1753769581481,06:13:01.481,xt,LTC/USDT:USDT,109.75,1213.0,109.74,1876.0,109.8,1077.0,109.83,559.0
1753769581662,06:13:01.662,xt,LTC/USDT:USDT,109.75,519.0,109.72,1990.0,109.8,685.0,109.83,1441.0
1753769581786,06:13:01.786,xt,LTC/USDT:USDT,109.75,519.0,109.72,1990.0,109.8,685.0,109.83,250.0
1753769581966,06:13:01.966,xt,LTC/USDT:USDT,109.75,519.0,109.72,1990.0,109.8,685.0,109.83,250.0
1753769582204,06:13:02.204,xt,LTC/USDT:USDT,109.75,297.0,109.72,1849.0,109.8,222.0,109.81,1919.0
1753769582325,06:13:02.325,xt,LTC/USDT:USDT,109.75,1142.0,109.74,2003.0,109.8,929.0,109.82,1824.0
1753769582450,06:13:02.450,xt,LTC/USDT:USDT,109.75,1142.0,109.74,2003.0,109.8,929.0,109.82,1824.0
1753769582570,06:13:02.570,xt,LTC/USDT:USDT,109.75,1142.0,109.74,2003.0,109.8,929.0,109.82,1824.0
1753769582742,06:13:02.742,xt,LTC/USDT:USDT,109.75,683.0,109.74,1349.0,109.8,156.0,109.83,382.0
1753769582869,06:13:02.869,xt,LTC/USDT:USDT,109.75,683.0,109.74,1349.0,109.8,156.0,109.83,382.0
1753769582984,06:13:02.984,xt,LTC/USDT:USDT,109.75,1358.0,109.72,363.0,109.8,630.0,109.83,352.0
1753769583133,06:13:03.133,xt,LTC/USDT:USDT,109.75,1358.0,109.72,363.0,109.8,630.0,109.83,352.0
1753769583254,06:13:03.254,xt,LTC/USDT:USDT,109.75,85.0,109.73,728.0,109.8,1116.0,109.82,1782.0
1753769583380,06:13:03.380,xt,LTC/USDT:USDT,109.75,85.0,109.73,728.0,109.8,1116.0,109.82,1782.0
1753769583492,06:13:03.492,xt,LTC/USDT:USDT,109.75,85.0,109.73,728.0,109.8,1116.0,109.82,1782.0
1753769583676,06:13:03.676,xt,LTC/USDT:USDT,109.75,715.0,109.72,617.0,109.8,572.0,109.81,632.0
1753769583797,06:13:03.797,xt,LTC/USDT:USDT,109.75,715.0,109.72,617.0,109.8,572.0,109.81,632.0
1753769583911,06:13:03.911,xt,LTC/USDT:USDT,109.75,470.0,109.72,549.0,109.8,895.0,109.83,2042.0
1753769584038,06:13:04.038,xt,LTC/USDT:USDT,109.75,470.0,109.72,549.0,109.8,895.0,109.83,2042.0
1753769584209,06:13:04.209,xt,LTC/USDT:USDT,109.74,363.0,109.69,1491.0,109.79,322.0,109.83,2042.0
1753769584336,06:13:04.336,xt,LTC/USDT:USDT,109.74,363.0,109.69,1491.0,109.79,322.0,109.83,2042.0
1753769584460,06:13:04.460,xt,LTC/USDT:USDT,109.74,363.0,109.69,678.0,109.79,322.0,109.83,2042.0
1753769584574,06:13:04.574,xt,LTC/USDT:USDT,109.74,1078.0,109.7,729.0,109.79,1254.0,109.83,545.0
1753769584697,06:13:04.697,xt,LTC/USDT:USDT,109.74,1078.0,109.7,729.0,109.79,1254.0,109.83,545.0
1753769584875,06:13:04.875,xt,LTC/USDT:USDT,109.74,414.0,109.71,791.0,109.79,1102.0,109.83,1074.0
1753769585009,06:13:05.009,xt,LTC/USDT:USDT,109.74,414.0,109.71,791.0,109.79,1102.0,109.83,1074.0
1753769585120,06:13:05.120,xt,LTC/USDT:USDT,109.74,1167.0,109.69,1276.0,109.79,622.0,109.83,294.0
1753769585231,06:13:05.231,xt,LTC/USDT:USDT,109.74,1167.0,109.69,1276.0,109.79,622.0,109.83,294.0
1753769585381,06:13:05.381,xt,LTC/USDT:USDT,109.74,1167.0,109.69,1276.0,109.79,622.0,109.83,294.0
1753769585505,06:13:05.505,xt,LTC/USDT:USDT,109.74,879.0,109.69,1193.0,109.79,591.0,109.81,622.0
1753769585629,06:13:05.629,xt,LTC/USDT:USDT,109.74,879.0,109.69,1193.0,109.79,591.0,109.81,622.0
1753769585802,06:13:05.802,xt,LTC/USDT:USDT,109.74,477.0,109.69,720.0,109.79,847.0,109.82,2048.0
1753769585928,06:13:05.928,xt,LTC/USDT:USDT,109.74,477.0,109.69,720.0,109.79,847.0,109.82,2048.0
1753769586044,06:13:06.044,xt,LTC/USDT:USDT,109.74,511.0,109.69,1917.0,109.79,760.0,109.82,786.0
1753769586195,06:13:06.195,xt,LTC/USDT:USDT,109.74,511.0,109.69,1917.0,109.79,760.0,109.82,786.0
1753769586318,06:13:06.318,xt,LTC/USDT:USDT,109.74,1244.0,109.7,1128.0,109.79,999.0,109.83,2148.0
1753769586437,06:13:06.437,xt,LTC/USDT:USDT,109.74,1244.0,109.7,1128.0,109.79,999.0,109.83,334.0
1753769586553,06:13:06.553,xt,LTC/USDT:USDT,109.74,1244.0,109.7,1128.0,109.79,999.0,109.83,334.0
1753769586677,06:13:06.677,xt,LTC/USDT:USDT,109.74,217.0,109.69,1784.0,109.79,227.0,109.82,2092.0
1753769586859,06:13:06.859,xt,LTC/USDT:USDT,109.74,217.0,109.69,1784.0,109.79,227.0,109.82,2092.0
1753769586975,06:13:06.975,xt,LTC/USDT:USDT,109.74,502.0,109.71,1407.0,109.79,242.0,109.83,2182.0
1753769587248,06:13:07.248,xt,LTC/USDT:USDT,109.74,870.0,109.69,1149.0,109.79,1057.0,109.81,1611.0
1753769587335,06:13:07.335,xt,LTC/USDT:USDT,109.74,870.0,109.69,1149.0,109.79,1057.0,109.81,1611.0
1753769587518,06:13:07.518,xt,LTC/USDT:USDT,109.74,870.0,109.69,1149.0,109.79,1057.0,109.81,1611.0
1753769587640,06:13:07.640,xt,LTC/USDT:USDT,109.74,643.0,109.7,545.0,109.79,702.0,109.83,812.0
1753769587762,06:13:07.762,xt,LTC/USDT:USDT,109.74,643.0,109.7,545.0,109.79,702.0,109.83,812.0
1753769587935,06:13:07.935,xt,LTC/USDT:USDT,109.74,1120.0,109.7,254.0,109.79,694.0,109.82,1694.0
1753769588060,06:13:08.060,xt,LTC/USDT:USDT,109.74,1120.0,109.7,254.0,109.79,694.0,109.82,1694.0
1753769588170,06:13:08.170,xt,LTC/USDT:USDT,109.74,506.0,109.7,1027.0,109.79,1203.0,109.82,1208.0
1753769588292,06:13:08.292,xt,LTC/USDT:USDT,109.74,506.0,109.7,1027.0,109.79,1203.0,109.82,1208.0
1753769588414,06:13:08.414,xt,LTC/USDT:USDT,109.74,506.0,109.7,1027.0,109.79,1203.0,109.82,1208.0
1753769588602,06:13:08.602,xt,LTC/USDT:USDT,109.74,430.0,109.69,819.0,109.79,402.0,109.81,1306.0
1753769588712,06:13:08.712,xt,LTC/USDT:USDT,109.74,430.0,109.69,819.0,109.79,402.0,109.81,1306.0
1753769588836,06:13:08.836,xt,LTC/USDT:USDT,109.74,567.0,109.71,1382.0,109.79,1170.0,109.83,710.0
1753769589136,06:13:09.136,xt,LTC/USDT:USDT,109.74,121.0,109.69,2207.0,109.79,149.0,109.82,802.0
1753769589250,06:13:09.250,xt,LTC/USDT:USDT,109.74,121.0,109.69,2207.0,109.79,149.0,109.82,802.0
1753769589425,06:13:09.425,xt,LTC/USDT:USDT,109.74,718.0,109.69,755.0,109.79,420.0,109.81,1387.0
1753769589562,06:13:09.562,xt,LTC/USDT:USDT,109.74,718.0,109.69,755.0,109.79,420.0,109.81,1387.0
1753769589699,06:13:09.699,xt,LTC/USDT:USDT,109.74,985.0,109.71,1127.0,109.79,1061.0,109.83,2219.0
1753769589797,06:13:09.797,xt,LTC/USDT:USDT,109.74,985.0,109.71,1127.0,109.79,1061.0,109.83,2219.0
1753769589920,06:13:09.920,xt,LTC/USDT:USDT,109.74,985.0,109.71,1127.0,109.79,1061.0,109.83,2219.0
1753769590100,06:13:10.100,xt,LTC/USDT:USDT,109.74,405.0,109.69,877.0,109.79,1378.0,109.82,245.0
1753769590213,06:13:10.213,xt,LTC/USDT:USDT,109.74,405.0,109.69,877.0,109.79,1378.0,109.82,245.0
1753769590336,06:13:10.336,xt,LTC/USDT:USDT,109.74,388.0,109.7,1276.0,109.79,284.0,109.82,1545.0
1753769590511,06:13:10.511,xt,LTC/USDT:USDT,109.74,388.0,109.7,1276.0,109.79,284.0,109.82,1545.0
1753769590635,06:13:10.635,xt,LTC/USDT:USDT,109.74,215.0,109.71,1581.0,109.79,1281.0,109.82,339.0
1753769590760,06:13:10.760,xt,LTC/USDT:USDT,109.74,215.0,109.71,1581.0,109.79,1281.0,109.82,339.0
1753769590908,06:13:10.908,xt,LTC/USDT:USDT,109.74,589.0,109.71,582.0,109.79,883.0,109.82,382.0
1753769591056,06:13:11.056,xt,LTC/USDT:USDT,109.74,589.0,109.71,582.0,109.79,883.0,109.82,382.0
1753769591182,06:13:11.182,xt,LTC/USDT:USDT,109.74,589.0,109.71,582.0,109.79,883.0,109.82,382.0
1753769591303,06:13:11.303,xt,LTC/USDT:USDT,109.74,1338.0,109.69,232.0,109.79,1046.0,109.83,761.0
1753769591406,06:13:11.406,xt,LTC/USDT:USDT,109.74,1338.0,109.69,232.0,109.79,1046.0,109.83,761.0
1753769591598,06:13:11.598,xt,LTC/USDT:USDT,109.74,921.0,109.71,1416.0,109.79,685.0,109.83,1853.0
1753769591720,06:13:11.720,xt,LTC/USDT:USDT,109.74,921.0,109.71,1416.0,109.79,685.0,109.83,1853.0
1753769591842,06:13:11.842,xt,LTC/USDT:USDT,109.74,898.0,109.71,597.0,109.79,76.0,109.83,2004.0
1753769591959,06:13:11.959,xt,LTC/USDT:USDT,109.74,898.0,109.71,597.0,109.79,76.0,109.83,2004.0
1753769592143,06:13:12.143,xt,LTC/USDT:USDT,109.74,614.0,109.7,727.0,109.79,751.0,109.81,1591.0
1753769592254,06:13:12.254,xt,LTC/USDT:USDT,109.74,614.0,109.7,727.0,109.79,751.0,109.81,1591.0
1753769592375,06:13:12.375,xt,LTC/USDT:USDT,109.74,614.0,109.7,603.0,109.79,751.0,109.81,1591.0
1753769592498,06:13:12.498,xt,LTC/USDT:USDT,109.74,809.0,109.69,2082.0,109.79,1353.0,109.81,1492.0
1753769592671,06:13:12.671,xt,LTC/USDT:USDT,109.74,809.0,109.69,2082.0,109.79,1353.0,109.81,1492.0
1753769592798,06:13:12.798,xt,LTC/USDT:USDT,109.74,1049.0,109.71,996.0,109.79,1300.0,109.82,1571.0
1753769592910,06:13:12.910,xt,LTC/USDT:USDT,109.74,1049.0,109.71,996.0,109.79,1300.0,109.82,1571.0
1753769593090,06:13:13.090,xt,LTC/USDT:USDT,109.74,1234.0,109.69,2016.0,109.79,1167.0,109.82,816.0
1753769593219,06:13:13.219,xt,LTC/USDT:USDT,109.74,1234.0,109.69,2016.0,109.79,1167.0,109.82,816.0
1753769593338,06:13:13.338,xt,LTC/USDT:USDT,109.74,380.0,109.69,380.0,109.79,717.0,109.82,1070.0
1753769593510,06:13:13.510,xt,LTC/USDT:USDT,109.74,380.0,109.69,380.0,109.79,717.0,109.82,1070.0
1753769593634,06:13:13.634,xt,LTC/USDT:USDT,109.74,380.0,109.69,380.0,109.79,717.0,109.82,1070.0
1753769593758,06:13:13.758,xt,LTC/USDT:USDT,109.72,181.0,109.7,2144.0,109.77,985.0,109.8,1552.0
1753769593873,06:13:13.873,xt,LTC/USDT:USDT,109.72,181.0,109.7,2144.0,109.77,985.0,109.8,1552.0
1753769594063,06:13:14.063,xt,LTC/USDT:USDT,109.72,680.0,109.71,1854.0,109.77,388.0,109.79,456.0
1753769594181,06:13:14.181,xt,LTC/USDT:USDT,109.72,680.0,109.71,1854.0,109.77,388.0,109.79,456.0
1753769594324,06:13:14.324,xt,LTC/USDT:USDT,109.72,1143.0,109.69,473.0,109.77,185.0,109.79,370.0
1753769594475,06:13:14.475,xt,LTC/USDT:USDT,109.72,1143.0,109.69,473.0,109.77,185.0,109.79,370.0
1753769594604,06:13:14.604,xt,LTC/USDT:USDT,109.72,1068.0,109.7,1348.0,109.77,982.0,109.8,1725.0
1753769594714,06:13:14.714,xt,LTC/USDT:USDT,109.72,1068.0,109.7,1348.0,109.77,982.0,109.8,1725.0
1753769594838,06:13:14.838,xt,LTC/USDT:USDT,109.72,1068.0,109.7,1348.0,109.77,982.0,109.8,1725.0
1753769594950,06:13:14.950,xt,LTC/USDT:USDT,109.72,218.0,109.71,2142.0,109.77,956.0,109.78,954.0
1753769595078,06:13:15.078,xt,LTC/USDT:USDT,109.72,218.0,109.71,2142.0,109.77,956.0,109.78,1895.0
1753769595249,06:13:15.249,xt,LTC/USDT:USDT,109.72,1320.0,109.7,1524.0,109.77,909.0,109.79,1505.0
1753769595372,06:13:15.372,xt,LTC/USDT:USDT,109.72,1320.0,109.7,1524.0,109.77,909.0,109.79,1505.0
1753769595530,06:13:15.530,xt,LTC/USDT:USDT,109.71,1204.0,109.68,544.0,109.76,178.0,109.79,1505.0
1753769595621,06:13:15.621,xt,LTC/USDT:USDT,109.71,1204.0,109.68,544.0,109.76,178.0,109.79,1505.0
1753769595772,06:13:15.772,xt,LTC/USDT:USDT,109.71,1204.0,109.68,544.0,109.76,178.0,109.79,1505.0
1753769595886,06:13:15.886,xt,LTC/USDT:USDT,109.71,790.0,109.68,1191.0,109.76,980.0,109.8,2054.0
1753769596007,06:13:16.007,xt,LTC/USDT:USDT,109.71,790.0,109.68,1191.0,109.76,980.0,109.8,2014.0
1753769596173,06:13:16.173,xt,LTC/USDT:USDT,109.71,756.0,109.67,276.0,109.76,964.0,109.78,2098.0
1753769596269,06:13:16.269,xt,LTC/USDT:USDT,109.71,756.0,109.67,276.0,109.76,964.0,109.78,2098.0
1753769596453,06:13:16.453,xt,LTC/USDT:USDT,109.71,410.0,109.66,751.0,109.76,461.0,109.8,1612.0
1753769596577,06:13:16.577,xt,LTC/USDT:USDT,109.71,410.0,109.66,751.0,109.76,461.0,109.8,1612.0
1753769596695,06:13:16.695,xt,LTC/USDT:USDT,109.71,410.0,109.66,751.0,109.76,461.0,109.8,1612.0
1753769596817,06:13:16.817,xt,LTC/USDT:USDT,109.71,841.0,109.68,1232.0,109.76,402.0,109.8,783.0
1753769596941,06:13:16.941,xt,LTC/USDT:USDT,109.71,841.0,109.68,1232.0,109.76,402.0,109.8,783.0
1753769597110,06:13:17.110,xt,LTC/USDT:USDT,109.71,748.0,109.67,2172.0,109.76,1128.0,109.8,1419.0
1753769597232,06:13:17.232,xt,LTC/USDT:USDT,109.71,748.0,109.67,2172.0,109.76,1128.0,109.8,1419.0
1753769597365,06:13:17.365,xt,LTC/USDT:USDT,109.71,664.0,109.68,912.0,109.76,764.0,109.8,893.0
1753769597469,06:13:17.469,xt,LTC/USDT:USDT,109.71,664.0,109.68,912.0,109.76,764.0,109.8,893.0
1753769597619,06:13:17.619,xt,LTC/USDT:USDT,109.71,664.0,109.68,912.0,109.76,764.0,109.8,893.0
1753769597758,06:13:17.758,xt,LTC/USDT:USDT,109.71,994.0,109.66,232.0,109.76,391.0,109.8,234.0
1753769597863,06:13:17.863,xt,LTC/USDT:USDT,109.71,994.0,109.66,232.0,109.76,391.0,109.8,234.0
1753769597988,06:13:17.988,xt,LTC/USDT:USDT,109.71,94.0,109.67,478.0,109.76,1342.0,109.8,1096.0
1753769598109,06:13:18.109,xt,LTC/USDT:USDT,109.71,94.0,109.67,478.0,109.76,1342.0,109.8,1096.0
1753769598286,06:13:18.286,xt,LTC/USDT:USDT,109.71,205.0,109.68,2204.0,109.76,720.0,109.79,1509.0
1753769598375,06:13:18.375,xt,LTC/USDT:USDT,109.71,205.0,109.68,2204.0,109.76,720.0,109.79,1509.0
1753769598500,06:13:18.500,xt,LTC/USDT:USDT,109.71,205.0,109.68,2204.0,109.76,720.0,109.79,1509.0
1753769598673,06:13:18.673,xt,LTC/USDT:USDT,109.71,1311.0,109.66,852.0,109.76,1350.0,109.79,1996.0
1753769598795,06:13:18.795,xt,LTC/USDT:USDT,109.71,1311.0,109.66,852.0,109.76,1350.0,109.79,1996.0
1753769598922,06:13:18.922,xt,LTC/USDT:USDT,109.7,775.0,109.68,723.0,109.75,394.0,109.79,1996.0
1753769599096,06:13:19.096,xt,LTC/USDT:USDT,109.7,775.0,109.68,723.0,109.75,394.0,109.79,1996.0
1753769599220,06:13:19.220,xt,LTC/USDT:USDT,109.7,808.0,109.66,1941.0,109.75,467.0,109.8,1228.0
1753769599331,06:13:19.331,xt,LTC/USDT:USDT,109.7,808.0,109.66,1941.0,109.75,467.0,109.8,1228.0
1753769599453,06:13:19.453,xt,LTC/USDT:USDT,109.7,808.0,109.66,1941.0,109.75,467.0,109.8,1228.0
1753769599587,06:13:19.587,xt,LTC/USDT:USDT,109.7,762.0,109.66,1742.0,109.75,905.0,109.8,1522.0
1753769599753,06:13:19.753,xt,LTC/USDT:USDT,109.7,762.0,109.66,1742.0,109.75,905.0,109.8,1522.0
1753769599905,06:13:19.905,xt,LTC/USDT:USDT,109.7,918.0,109.68,1248.0,109.75,450.0,109.78,244.0
1753769600030,06:13:20.030,xt,LTC/USDT:USDT,109.7,918.0,109.68,1248.0,109.75,450.0,109.78,244.0
1753769600181,06:13:20.181,xt,LTC/USDT:USDT,109.7,620.0,109.68,288.0,109.75,1157.0,109.79,760.0
1753769600328,06:13:20.328,xt,LTC/USDT:USDT,109.7,620.0,109.68,288.0,109.75,1157.0,109.79,760.0
1753769600453,06:13:20.453,xt,LTC/USDT:USDT,109.7,620.0,109.68,288.0,109.75,1157.0,109.79,760.0
1753769600560,06:13:20.560,xt,LTC/USDT:USDT,109.7,1117.0,109.68,1032.0,109.75,503.0,109.79,491.0
1753769600712,06:13:20.712,xt,LTC/USDT:USDT,109.7,1117.0,109.68,1032.0,109.75,503.0,109.79,491.0
1753769600833,06:13:20.833,xt,LTC/USDT:USDT,109.7,1097.0,109.68,1899.0,109.75,1072.0,109.79,1137.0
1753769600955,06:13:20.955,xt,LTC/USDT:USDT,109.7,1097.0,109.68,1899.0,109.75,1072.0,109.79,1357.0
1753769601273,06:13:21.273,xt,LTC/USDT:USDT,109.7,75.0,109.68,2016.0,109.75,200.0,109.79,430.0
1753769601407,06:13:21.407,xt,LTC/USDT:USDT,109.7,150.0,109.68,374.0,109.75,936.0,109.8,425.0
1753769601527,06:13:21.527,xt,LTC/USDT:USDT,109.7,150.0,109.68,374.0,109.75,936.0,109.8,425.0
1753769601678,06:13:21.678,xt,LTC/USDT:USDT,109.7,150.0,109.68,374.0,109.75,936.0,109.8,425.0
1753769601789,06:13:21.789,xt,LTC/USDT:USDT,109.7,944.0,109.68,890.0,109.75,282.0,109.79,1949.0
1753769601914,06:13:21.914,xt,LTC/USDT:USDT,109.7,944.0,109.68,890.0,109.75,282.0,109.79,337.0
1753769602060,06:13:22.060,xt,LTC/USDT:USDT,109.7,943.0,109.66,1484.0,109.75,280.0,109.8,1693.0
1753769602185,06:13:22.185,xt,LTC/USDT:USDT,109.7,943.0,109.66,1484.0,109.75,280.0,109.8,1693.0
1753769602308,06:13:22.308,xt,LTC/USDT:USDT,109.7,943.0,109.66,1484.0,109.75,280.0,109.8,1345.0
1753769602420,06:13:22.420,xt,LTC/USDT:USDT,109.7,1106.0,109.67,1905.0,109.75,198.0,109.79,1598.0
1753769602545,06:13:22.545,xt,LTC/USDT:USDT,109.7,1106.0,109.67,1905.0,109.75,198.0,109.79,1598.0
1753769602732,06:13:22.732,xt,LTC/USDT:USDT,109.7,1385.0,109.67,354.0,109.75,565.0,109.78,2020.0
1753769602865,06:13:22.865,xt,LTC/USDT:USDT,109.7,1385.0,109.67,354.0,109.75,565.0,109.78,2020.0
1753769602989,06:13:22.989,xt,LTC/USDT:USDT,109.7,1352.0,109.66,482.0,109.75,134.0,109.79,1591.0
1753769603092,06:13:23.092,xt,LTC/USDT:USDT,109.7,1352.0,109.66,482.0,109.75,134.0,109.79,1591.0
1753769603241,06:13:23.241,xt,LTC/USDT:USDT,109.7,1352.0,109.66,482.0,109.75,134.0,109.79,739.0
1753769603357,06:13:23.357,xt,LTC/USDT:USDT,109.7,770.0,109.68,1977.0,109.75,1253.0,109.79,1101.0
1753769603538,06:13:23.538,xt,LTC/USDT:USDT,109.7,770.0,109.68,1977.0,109.75,1253.0,109.79,1101.0
1753769603664,06:13:23.664,xt,LTC/USDT:USDT,109.7,180.0,109.67,2188.0,109.75,500.0,109.78,762.0
1753769603776,06:13:23.776,xt,LTC/USDT:USDT,109.7,180.0,109.67,2188.0,109.75,500.0,109.78,762.0
1753769603923,06:13:23.923,xt,LTC/USDT:USDT,109.7,686.0,109.68,2131.0,109.75,153.0,109.79,1686.0
1753769604083,06:13:24.083,xt,LTC/USDT:USDT,109.7,686.0,109.68,2131.0,109.75,153.0,109.79,640.0
1753769604195,06:13:24.195,xt,LTC/USDT:USDT,109.7,686.0,109.68,2131.0,109.75,153.0,109.79,2014.0
1753769604313,06:13:24.313,xt,LTC/USDT:USDT,109.7,964.0,109.66,345.0,109.75,836.0,109.8,1779.0
1753769604435,06:13:24.435,xt,LTC/USDT:USDT,109.7,964.0,109.66,345.0,109.75,836.0,109.8,1779.0
1753769604622,06:13:24.622,xt,LTC/USDT:USDT,109.7,1049.0,109.68,773.0,109.75,332.0,109.79,1033.0
1753769604733,06:13:24.733,xt,LTC/USDT:USDT,109.7,1049.0,109.68,773.0,109.75,332.0,109.79,1033.0
1753769604857,06:13:24.857,xt,LTC/USDT:USDT,109.7,591.0,109.67,889.0,109.75,125.0,109.8,1993.0
1753769604979,06:13:24.979,xt,LTC/USDT:USDT,109.7,591.0,109.67,889.0,109.75,125.0,109.8,1993.0
1753769605157,06:13:25.157,xt,LTC/USDT:USDT,109.7,1242.0,109.67,449.0,109.75,430.0,109.8,1047.0
1753769605269,06:13:25.269,xt,LTC/USDT:USDT,109.7,1242.0,109.67,449.0,109.75,430.0,109.8,1047.0
1753769605395,06:13:25.395,xt,LTC/USDT:USDT,109.7,1242.0,109.67,449.0,109.75,430.0,109.8,1047.0
1753769605511,06:13:25.511,xt,LTC/USDT:USDT,109.7,840.0,109.67,1137.0,109.75,532.0,109.79,1541.0
1753769605688,06:13:25.688,xt,LTC/USDT:USDT,109.7,840.0,109.67,1137.0,109.75,532.0,109.79,1541.0
1753769605823,06:13:25.823,xt,LTC/USDT:USDT,109.7,175.0,109.66,795.0,109.75,562.0,109.78,1275.0
1753769606000,06:13:26.000,xt,LTC/USDT:USDT,109.7,175.0,109.66,795.0,109.75,562.0,109.78,1275.0
1753769606111,06:13:26.111,xt,LTC/USDT:USDT,109.7,1136.0,109.68,810.0,109.75,750.0,109.79,690.0
1753769606272,06:13:26.272,xt,LTC/USDT:USDT,109.7,1136.0,109.68,810.0,109.75,750.0,109.79,690.0
1753769606415,06:13:26.415,xt,LTC/USDT:USDT,109.7,794.0,109.67,551.0,109.75,1178.0,109.78,2181.0
1753769606505,06:13:26.505,xt,LTC/USDT:USDT,109.7,794.0,109.67,551.0,109.75,1178.0,109.78,2181.0
1753769606685,06:13:26.685,xt,LTC/USDT:USDT,109.7,794.0,109.67,551.0,109.75,1178.0,109.78,2181.0
1753769606796,06:13:26.796,xt,LTC/USDT:USDT,109.7,85.0,109.66,478.0,109.75,493.0,109.8,1167.0
1753769606898,06:13:26.898,xt,LTC/USDT:USDT,109.7,85.0,109.66,478.0,109.75,493.0,109.8,1167.0
1753769607072,06:13:27.072,xt,LTC/USDT:USDT,109.7,434.0,109.67,994.0,109.75,795.0,109.8,1840.0
1753769607191,06:13:27.191,xt,LTC/USDT:USDT,109.7,434.0,109.67,994.0,109.75,795.0,109.8,366.0
1753769607353,06:13:27.353,xt,LTC/USDT:USDT,109.7,705.0,109.67,1315.0,109.75,1015.0,109.8,1229.0
1753769607483,06:13:27.483,xt,LTC/USDT:USDT,109.7,705.0,109.67,1315.0,109.75,1015.0,109.8,1229.0
1753769607615,06:13:27.615,xt,LTC/USDT:USDT,109.7,705.0,109.67,1315.0,109.75,1015.0,109.8,1229.0
1753769607728,06:13:27.728,xt,LTC/USDT:USDT,109.7,868.0,109.68,864.0,109.75,969.0,109.78,794.0
1753769607886,06:13:27.886,xt,LTC/USDT:USDT,109.7,868.0,109.68,864.0,109.75,969.0,109.78,794.0
1753769608002,06:13:28.002,xt,LTC/USDT:USDT,109.7,760.0,109.67,1440.0,109.75,980.0,109.79,1668.0
1753769608157,06:13:28.157,xt,LTC/USDT:USDT,109.7,760.0,109.67,1440.0,109.75,980.0,109.79,1668.0
1753769608272,06:13:28.272,xt,LTC/USDT:USDT,109.7,571.0,109.68,488.0,109.75,1224.0,109.79,1760.0
1753769608401,06:13:28.401,xt,LTC/USDT:USDT,109.7,571.0,109.68,488.0,109.75,1224.0,109.79,1760.0
1753769608570,06:13:28.570,xt,LTC/USDT:USDT,109.7,571.0,109.68,488.0,109.75,1224.0,109.79,1760.0
1753769608671,06:13:28.671,xt,LTC/USDT:USDT,109.7,1248.0,109.66,1734.0,109.75,645.0,109.78,1438.0
1753769608843,06:13:28.843,xt,LTC/USDT:USDT,109.7,1248.0,109.66,1734.0,109.75,645.0,109.78,1438.0
1753769608991,06:13:28.991,xt,LTC/USDT:USDT,109.7,212.0,109.68,1728.0,109.75,1135.0,109.8,1112.0
1753769609113,06:13:29.113,xt,LTC/USDT:USDT,109.7,212.0,109.68,1728.0,109.75,1135.0,109.8,229.0
1753769609241,06:13:29.241,xt,LTC/USDT:USDT,109.7,93.0,109.68,636.0,109.75,1180.0,109.78,629.0
1753769609417,06:13:29.417,xt,LTC/USDT:USDT,109.7,93.0,109.68,636.0,109.75,1180.0,109.78,1803.0
1753769609562,06:13:29.562,xt,LTC/USDT:USDT,109.7,756.0,109.68,477.0,109.75,560.0,109.8,2120.0
1753769609662,06:13:29.662,xt,LTC/USDT:USDT,109.7,756.0,109.68,477.0,109.75,560.0,109.8,1056.0
1753769609803,06:13:29.803,xt,LTC/USDT:USDT,109.7,756.0,109.68,477.0,109.75,560.0,109.8,1056.0
1753769609929,06:13:29.929,xt,LTC/USDT:USDT,109.7,324.0,109.68,485.0,109.75,780.0,109.78,1541.0
1753769610058,06:13:30.058,xt,LTC/USDT:USDT,109.7,324.0,109.68,485.0,109.75,780.0,109.78,1541.0
1753769610236,06:13:30.236,xt,LTC/USDT:USDT,109.7,1334.0,109.68,1573.0,109.75,930.0,109.8,2085.0
1753769610364,06:13:30.364,xt,LTC/USDT:USDT,109.7,1334.0,109.68,1573.0,109.75,930.0,109.8,2085.0
1753769610478,06:13:30.478,xt,LTC/USDT:USDT,109.7,446.0,109.66,1141.0,109.75,196.0,109.8,1757.0
1753769610639,06:13:30.639,xt,LTC/USDT:USDT,109.7,446.0,109.66,1141.0,109.75,196.0,109.8,1757.0
1753769610791,06:13:30.791,xt,LTC/USDT:USDT,109.69,1223.0,109.66,966.0,109.74,1121.0,109.76,1811.0
1753769610891,06:13:30.891,xt,LTC/USDT:USDT,109.69,1223.0,109.66,966.0,109.74,1121.0,109.76,1811.0
1753769611037,06:13:31.037,xt,LTC/USDT:USDT,109.69,1223.0,109.66,966.0,109.74,1121.0,109.76,1811.0
1753769611152,06:13:31.152,xt,LTC/USDT:USDT,109.7,772.0,109.66,966.0,109.75,959.0,109.8,315.0
1753769611307,06:13:31.307,xt,LTC/USDT:USDT,109.7,772.0,109.66,966.0,109.75,959.0,109.8,315.0
1753769611426,06:13:31.426,xt,LTC/USDT:USDT,109.7,263.0,109.68,1572.0,109.75,1150.0,109.8,595.0
1753769611580,06:13:31.580,xt,LTC/USDT:USDT,109.7,263.0,109.68,1572.0,109.75,1150.0,109.8,595.0
1753769611693,06:13:31.693,xt,LTC/USDT:USDT,109.7,263.0,109.68,1572.0,109.75,1150.0,109.8,595.0
1753769611814,06:13:31.814,xt,LTC/USDT:USDT,109.7,81.0,109.67,1794.0,109.75,1209.0,109.79,1888.0
1753769611936,06:13:31.936,xt,LTC/USDT:USDT,109.7,81.0,109.67,1794.0,109.75,1209.0,109.79,1888.0
1753769612054,06:13:32.054,xt,LTC/USDT:USDT,109.7,433.0,109.68,735.0,109.75,423.0,109.79,235.0
1753769612241,06:13:32.241,xt,LTC/USDT:USDT,109.7,433.0,109.68,735.0,109.75,423.0,109.79,235.0
1753769612351,06:13:32.351,xt,LTC/USDT:USDT,109.71,944.0,109.68,735.0,109.76,332.0,109.8,2015.0
1753769612480,06:13:32.480,xt,LTC/USDT:USDT,109.71,944.0,109.68,735.0,109.76,332.0,109.8,2015.0
1753769612600,06:13:32.600,xt,LTC/USDT:USDT,109.71,944.0,109.68,735.0,109.76,332.0,109.8,2015.0
1753769612720,06:13:32.720,xt,LTC/USDT:USDT,109.72,997.0,109.69,332.0,109.77,97.0,109.8,1952.0
1753769612891,06:13:32.891,xt,LTC/USDT:USDT,109.72,997.0,109.69,332.0,109.77,97.0,109.8,1952.0
1753769613017,06:13:33.017,xt,LTC/USDT:USDT,109.72,553.0,109.7,455.0,109.77,88.0,109.8,789.0
1753769613132,06:13:33.132,xt,LTC/USDT:USDT,109.72,553.0,109.7,455.0,109.77,88.0,109.8,789.0
1753769613259,06:13:33.259,xt,LTC/USDT:USDT,109.72,859.0,109.7,1301.0,109.77,354.0,109.79,2102.0
1753769613435,06:13:33.435,xt,LTC/USDT:USDT,109.72,859.0,109.7,409.0,109.77,354.0,109.79,2102.0
1753769613559,06:13:33.559,xt,LTC/USDT:USDT,109.72,425.0,109.7,1447.0,109.77,716.0,109.78,352.0
1753769613670,06:13:33.670,xt,LTC/USDT:USDT,109.72,425.0,109.7,1447.0,109.77,716.0,109.78,352.0
1753769613794,06:13:33.794,xt,LTC/USDT:USDT,109.72,425.0,109.7,1447.0,109.77,716.0,109.78,352.0
1753769613917,06:13:33.917,xt,LTC/USDT:USDT,109.72,509.0,109.69,951.0,109.77,823.0,109.78,706.0
1753769614097,06:13:34.097,xt,LTC/USDT:USDT,109.72,509.0,109.69,951.0,109.77,823.0,109.78,706.0
1753769614211,06:13:34.211,xt,LTC/USDT:USDT,109.72,1082.0,109.71,1163.0,109.77,503.0,109.8,1483.0
1753769614332,06:13:34.332,xt,LTC/USDT:USDT,109.72,1082.0,109.71,1163.0,109.77,503.0,109.8,1483.0
1753769614451,06:13:34.451,xt,LTC/USDT:USDT,109.72,1082.0,109.71,1163.0,109.77,503.0,109.8,1483.0
1753769614641,06:13:34.641,xt,LTC/USDT:USDT,109.71,1016.0,109.68,812.0,109.76,737.0,109.8,1483.0
1753769614755,06:13:34.755,xt,LTC/USDT:USDT,109.71,1016.0,109.68,812.0,109.76,737.0,109.8,1483.0
1753769614878,06:13:34.878,xt,LTC/USDT:USDT,109.71,713.0,109.68,848.0,109.76,1156.0,109.79,1815.0
1753769614999,06:13:34.999,xt,LTC/USDT:USDT,109.71,713.0,109.68,848.0,109.76,1156.0,109.79,1815.0
1753769615148,06:13:35.148,xt,LTC/USDT:USDT,109.71,183.0,109.67,1569.0,109.76,519.0,109.79,1971.0
1753769615263,06:13:35.263,xt,LTC/USDT:USDT,109.71,183.0,109.67,1321.0,109.76,519.0,109.79,1971.0
1753769615414,06:13:35.414,xt,LTC/USDT:USDT,109.71,790.0,109.67,1507.0,109.76,611.0,109.79,1948.0
1753769615540,06:13:35.540,xt,LTC/USDT:USDT,109.71,790.0,109.67,1507.0,109.76,611.0,109.79,1948.0
1753769615661,06:13:35.661,xt,LTC/USDT:USDT,109.71,790.0,109.67,1507.0,109.76,611.0,109.79,1948.0
1753769615833,06:13:35.833,xt,LTC/USDT:USDT,109.71,443.0,109.67,693.0,109.76,1327.0,109.78,1952.0
1753769615946,06:13:35.946,xt,LTC/USDT:USDT,109.71,443.0,109.67,693.0,109.76,1327.0,109.78,392.0
1753769616110,06:13:36.110,xt,LTC/USDT:USDT,109.71,309.0,109.67,2234.0,109.76,435.0,109.79,1450.0
1753769616211,06:13:36.211,xt,LTC/USDT:USDT,109.71,309.0,109.67,2234.0,109.76,435.0,109.79,1450.0
1753769616370,06:13:36.370,xt,LTC/USDT:USDT,109.71,1015.0,109.67,2022.0,109.76,349.0,109.79,736.0
1753769616492,06:13:36.492,xt,LTC/USDT:USDT,109.71,1015.0,109.67,2022.0,109.76,349.0,109.79,736.0
1753769616616,06:13:36.616,xt,LTC/USDT:USDT,109.71,1015.0,109.67,2022.0,109.76,349.0,109.79,736.0
1753769616781,06:13:36.781,xt,LTC/USDT:USDT,109.71,1052.0,109.67,1949.0,109.76,1003.0,109.79,1254.0
1753769616889,06:13:36.889,xt,LTC/USDT:USDT,109.71,1052.0,109.67,1949.0,109.76,1003.0,109.79,1254.0
1753769617179,06:13:37.179,xt,LTC/USDT:USDT,109.73,2.0,109.71,1187.0,109.76,1306.0,109.78,590.0
1753769617184,06:13:37.184,xt,LTC/USDT:USDT,109.71,1187.0,109.67,1588.0,109.76,1306.0,109.78,590.0
1753769617307,06:13:37.307,xt,LTC/USDT:USDT,109.71,970.0,109.68,1528.0,109.76,726.0,109.78,486.0
1753769617485,06:13:37.485,xt,LTC/USDT:USDT,109.71,970.0,109.68,1528.0,109.76,726.0,109.78,486.0
1753769617601,06:13:37.601,xt,LTC/USDT:USDT,109.71,1382.0,109.68,909.0,109.76,893.0,109.8,580.0
1753769617751,06:13:37.751,xt,LTC/USDT:USDT,109.71,1382.0,109.68,909.0,109.76,893.0,109.8,580.0
1753769617876,06:13:37.876,xt,LTC/USDT:USDT,109.71,1382.0,109.68,909.0,109.76,893.0,109.8,580.0
1753769617994,06:13:37.994,xt,LTC/USDT:USDT,109.71,344.0,109.66,1423.0,109.76,562.0,109.78,1879.0
1753769618142,06:13:38.142,xt,LTC/USDT:USDT,109.71,344.0,109.66,1423.0,109.76,562.0,109.78,1879.0
1753769618265,06:13:38.265,xt,LTC/USDT:USDT,109.71,369.0,109.68,2089.0,109.76,810.0,109.79,387.0
1753769618390,06:13:38.390,xt,LTC/USDT:USDT,109.71,369.0,109.68,2089.0,109.76,810.0,109.79,387.0
1753769618543,06:13:38.543,xt,LTC/USDT:USDT,109.71,621.0,109.66,1775.0,109.76,1345.0,109.78,1820.0
1753769618619,06:13:38.619,xt,LTC/USDT:USDT,109.71,621.0,109.66,1775.0,109.76,1345.0,109.78,1820.0
1753769618783,06:13:38.783,xt,LTC/USDT:USDT,109.71,621.0,109.66,1775.0,109.76,1345.0,109.78,415.0
1753769618892,06:13:38.892,xt,LTC/USDT:USDT,109.71,960.0,109.66,1393.0,109.76,166.0,109.78,1789.0
1753769619080,06:13:39.080,xt,LTC/USDT:USDT,109.71,960.0,109.66,1393.0,109.76,166.0,109.78,1789.0
1753769619191,06:13:39.191,xt,LTC/USDT:USDT,109.71,379.0,109.67,2018.0,109.76,1163.0,109.79,1861.0
1753769619354,06:13:39.354,xt,LTC/USDT:USDT,109.71,379.0,109.67,2018.0,109.76,1163.0,109.79,1861.0
1753769619477,06:13:39.477,xt,LTC/USDT:USDT,109.71,811.0,109.67,933.0,109.76,1063.0,109.8,1061.0
1753769619585,06:13:39.585,xt,LTC/USDT:USDT,109.71,811.0,109.67,933.0,109.76,1063.0,109.8,1061.0
1753769619710,06:13:39.710,xt,LTC/USDT:USDT,109.71,811.0,109.67,933.0,109.76,1063.0,109.8,1061.0
1753769619887,06:13:39.887,xt,LTC/USDT:USDT,109.71,575.0,109.67,1849.0,109.76,670.0,109.79,2059.0
1753769620003,06:13:40.003,xt,LTC/USDT:USDT,109.71,575.0,109.67,1373.0,109.76,670.0,109.79,2059.0
1753769620128,06:13:40.128,xt,LTC/USDT:USDT,109.71,209.0,109.67,568.0,109.76,892.0,109.78,2057.0
1753769620242,06:13:40.242,xt,LTC/USDT:USDT,109.71,209.0,109.67,568.0,109.76,892.0,109.78,2057.0
1753769620394,06:13:40.394,xt,LTC/USDT:USDT,109.71,300.0,109.68,983.0,109.76,940.0,109.79,1536.0
1753769620549,06:13:40.549,xt,LTC/USDT:USDT,109.71,300.0,109.68,983.0,109.76,940.0,109.79,1938.0
1753769620665,06:13:40.665,xt,LTC/USDT:USDT,109.71,300.0,109.68,983.0,109.76,940.0,109.79,1938.0
1753769620793,06:13:40.793,xt,LTC/USDT:USDT,109.71,1282.0,109.67,1109.0,109.76,1295.0,109.78,462.0
1753769620967,06:13:40.967,xt,LTC/USDT:USDT,109.71,1282.0,109.67,1109.0,109.76,1295.0,109.78,462.0
1753769621085,06:13:41.085,xt,LTC/USDT:USDT,109.71,163.0,109.68,1277.0,109.76,465.0,109.8,811.0
1753769621210,06:13:41.210,xt,LTC/USDT:USDT,109.71,163.0,109.68,1277.0,109.76,465.0,109.8,811.0
1753769621389,06:13:41.389,xt,LTC/USDT:USDT,109.71,364.0,109.67,1418.0,109.76,563.0,109.78,762.0
1753769621507,06:13:41.507,xt,LTC/USDT:USDT,109.71,364.0,109.67,1418.0,109.76,563.0,109.78,762.0
1753769621682,06:13:41.682,xt,LTC/USDT:USDT,109.71,1074.0,109.67,2132.0,109.76,1104.0,109.78,1053.0
1753769621810,06:13:41.810,xt,LTC/USDT:USDT,109.71,1074.0,109.67,2132.0,109.76,1104.0,109.78,953.0
1753769621923,06:13:41.923,xt,LTC/USDT:USDT,109.71,1074.0,109.67,2132.0,109.76,1104.0,109.78,953.0
1753769622052,06:13:42.052,xt,LTC/USDT:USDT,109.71,889.0,109.68,1293.0,109.76,84.0,109.8,555.0
1753769622166,06:13:42.166,xt,LTC/USDT:USDT,109.71,889.0,109.68,1293.0,109.76,84.0,109.8,555.0
1753769622288,06:13:42.288,xt,LTC/USDT:USDT,109.71,739.0,109.66,424.0,109.76,130.0,109.8,1699.0
1753769622467,06:13:42.467,xt,LTC/USDT:USDT,109.71,739.0,109.66,424.0,109.76,130.0,109.8,1699.0
1753769622584,06:13:42.584,xt,LTC/USDT:USDT,109.71,127.0,109.66,1345.0,109.76,104.0,109.79,1441.0
1753769622645,06:13:42.645,xt,LTC/USDT:USDT,109.71,127.0,109.66,1345.0,109.76,104.0,109.79,1441.0
1753769622823,06:13:42.823,xt,LTC/USDT:USDT,109.71,127.0,109.66,1345.0,109.76,104.0,109.79,1441.0
1753769622948,06:13:42.948,xt,LTC/USDT:USDT,109.71,938.0,109.67,395.0,109.76,730.0,109.78,1846.0
1753769623064,06:13:43.064,xt,LTC/USDT:USDT,109.71,938.0,109.67,395.0,109.76,730.0,109.78,1846.0
1753769623260,06:13:43.260,xt,LTC/USDT:USDT,109.71,957.0,109.67,2229.0,109.76,690.0,109.79,626.0
1753769623362,06:13:43.362,xt,LTC/USDT:USDT,109.71,957.0,109.67,2229.0,109.76,690.0,109.79,626.0
1753769623517,06:13:43.517,xt,LTC/USDT:USDT,109.71,822.0,109.66,2066.0,109.76,1041.0,109.79,1424.0
1753769623671,06:13:43.671,xt,LTC/USDT:USDT,109.71,822.0,109.66,2066.0,109.76,1041.0,109.79,1424.0
1753769623785,06:13:43.785,xt,LTC/USDT:USDT,109.71,822.0,109.66,2066.0,109.76,1041.0,109.79,1424.0
1753769623907,06:13:43.907,xt,LTC/USDT:USDT,109.71,940.0,109.67,1580.0,109.76,761.0,109.78,2049.0
1753769624030,06:13:44.030,xt,LTC/USDT:USDT,109.71,940.0,109.67,1580.0,109.76,761.0,109.78,2049.0
1753769624208,06:13:44.208,xt,LTC/USDT:USDT,109.71,1030.0,109.67,1475.0,109.76,949.0,109.8,1019.0
1753769624325,06:13:44.325,xt,LTC/USDT:USDT,109.71,1030.0,109.67,1475.0,109.76,949.0,109.8,1019.0
1753769624443,06:13:44.443,xt,LTC/USDT:USDT,109.71,312.0,109.66,1936.0,109.76,575.0,109.8,2018.0
1753769624623,06:13:44.623,xt,LTC/USDT:USDT,109.71,312.0,109.66,1936.0,109.76,575.0,109.8,2018.0
1753769624750,06:13:44.750,xt,LTC/USDT:USDT,109.71,1156.0,109.66,1760.0,109.76,538.0,109.79,987.0
1753769624868,06:13:44.868,xt,LTC/USDT:USDT,109.71,1156.0,109.66,1760.0,109.76,538.0,109.79,987.0
1753769624985,06:13:44.985,xt,LTC/USDT:USDT,109.71,1156.0,109.66,1760.0,109.76,538.0,109.79,987.0
1753769625139,06:13:45.139,xt,LTC/USDT:USDT,109.71,262.0,109.67,2227.0,109.76,135.0,109.8,1911.0
1753769625284,06:13:45.284,xt,LTC/USDT:USDT,109.71,262.0,109.67,2227.0,109.76,135.0,109.8,1911.0
1753769625423,06:13:45.423,xt,LTC/USDT:USDT,109.71,929.0,109.66,1385.0,109.76,1172.0,109.79,1448.0
1753769625519,06:13:45.519,xt,LTC/USDT:USDT,109.71,929.0,109.66,1385.0,109.76,1172.0,109.79,1448.0
1753769625702,06:13:45.702,xt,LTC/USDT:USDT,109.71,820.0,109.67,1400.0,109.76,606.0,109.8,789.0
1753769625826,06:13:45.826,xt,LTC/USDT:USDT,109.71,820.0,109.67,1400.0,109.76,606.0,109.8,789.0
1753769625943,06:13:45.943,xt,LTC/USDT:USDT,109.71,820.0,109.67,1400.0,109.76,606.0,109.8,789.0
1753769626069,06:13:46.069,xt,LTC/USDT:USDT,109.71,366.0,109.66,768.0,109.76,1305.0,109.78,231.0
1753769626250,06:13:46.250,xt,LTC/USDT:USDT,109.71,366.0,109.66,768.0,109.76,1305.0,109.78,231.0
1753769626372,06:13:46.372,xt,LTC/USDT:USDT,109.71,1196.0,109.68,758.0,109.76,904.0,109.8,1560.0
1753769626484,06:13:46.484,xt,LTC/USDT:USDT,109.71,1196.0,109.68,758.0,109.76,904.0,109.8,1560.0
1753769626614,06:13:46.614,xt,LTC/USDT:USDT,109.71,611.0,109.67,854.0,109.76,112.0,109.8,1879.0
1753769626787,06:13:46.787,xt,LTC/USDT:USDT,109.71,611.0,109.67,854.0,109.76,112.0,109.8,1879.0
1753769626909,06:13:46.909,xt,LTC/USDT:USDT,109.71,1094.0,109.67,319.0,109.76,1088.0,109.79,505.0
1753769627025,06:13:47.025,xt,LTC/USDT:USDT,109.71,1094.0,109.67,319.0,109.76,1088.0,109.79,505.0
1753769627205,06:13:47.205,xt,LTC/USDT:USDT,109.71,543.0,109.67,785.0,109.76,1159.0,109.78,1633.0
1753769627326,06:13:47.326,xt,LTC/USDT:USDT,109.71,543.0,109.67,785.0,109.76,1159.0,109.78,1633.0
1753769627453,06:13:47.453,xt,LTC/USDT:USDT,109.71,543.0,109.67,785.0,109.76,1159.0,109.78,1633.0
1753769627566,06:13:47.566,xt,LTC/USDT:USDT,109.71,1217.0,109.66,1702.0,109.76,714.0,109.78,257.0
1753769627688,06:13:47.688,xt,LTC/USDT:USDT,109.71,1217.0,109.66,1702.0,109.76,714.0,109.78,257.0
1753769627858,06:13:47.858,xt,LTC/USDT:USDT,109.71,337.0,109.68,1062.0,109.76,891.0,109.8,896.0
1753769627988,06:13:47.988,xt,LTC/USDT:USDT,109.71,337.0,109.68,1062.0,109.76,891.0,109.8,896.0
1753769628137,06:13:48.137,xt,LTC/USDT:USDT,109.71,793.0,109.66,972.0,109.76,373.0,109.78,689.0
1753769628283,06:13:48.283,xt,LTC/USDT:USDT,109.71,793.0,109.66,972.0,109.76,373.0,109.78,689.0
1753769628344,06:13:48.344,xt,LTC/USDT:USDT,109.71,793.0,109.66,972.0,109.76,373.0,109.78,689.0
1753769628521,06:13:48.521,xt,LTC/USDT:USDT,109.71,177.0,109.67,724.0,109.76,176.0,109.78,1125.0
1753769628718,06:13:48.718,xt,LTC/USDT:USDT,109.71,177.0,109.67,724.0,109.76,176.0,109.78,1125.0
1753769628882,06:13:48.882,xt,LTC/USDT:USDT,109.71,859.0,109.67,306.0,109.76,1362.0,109.8,1544.0
1753769629002,06:13:49.002,xt,LTC/USDT:USDT,109.71,859.0,109.67,306.0,109.76,1362.0,109.8,1544.0
1753769629127,06:13:49.127,xt,LTC/USDT:USDT,109.71,305.0,109.67,982.0,109.76,693.0,109.78,1770.0
1753769629242,06:13:49.242,xt,LTC/USDT:USDT,109.71,305.0,109.67,982.0,109.76,693.0,109.78,1770.0
1753769629426,06:13:49.426,xt,LTC/USDT:USDT,109.71,719.0,109.66,882.0,109.76,720.0,109.78,1563.0
1753769629551,06:13:49.551,xt,LTC/USDT:USDT,109.71,719.0,109.66,882.0,109.76,720.0,109.78,1563.0
1753769629661,06:13:49.661,xt,LTC/USDT:USDT,109.71,319.0,109.67,1852.0,109.76,1384.0,109.78,2124.0
1753769629846,06:13:49.846,xt,LTC/USDT:USDT,109.71,319.0,109.67,1852.0,109.76,1384.0,109.78,2124.0
1753769629967,06:13:49.967,xt,LTC/USDT:USDT,109.71,83.0,109.68,559.0,109.76,508.0,109.79,665.0
1753769630093,06:13:50.093,xt,LTC/USDT:USDT,109.71,83.0,109.68,1685.0,109.76,508.0,109.79,665.0
1753769630264,06:13:50.264,xt,LTC/USDT:USDT,109.71,83.0,109.68,1685.0,109.76,508.0,109.79,665.0
1753769630384,06:13:50.384,xt,LTC/USDT:USDT,109.71,177.0,109.68,2037.0,109.76,776.0,109.79,457.0
1753769630505,06:13:50.505,xt,LTC/USDT:USDT,109.71,177.0,109.68,2037.0,109.76,776.0,109.79,457.0
1753769630686,06:13:50.686,xt,LTC/USDT:USDT,109.71,834.0,109.67,1207.0,109.76,933.0,109.78,2079.0
1753769630808,06:13:50.808,xt,LTC/USDT:USDT,109.71,834.0,109.67,1207.0,109.76,933.0,109.78,2079.0
1753769630927,06:13:50.927,xt,LTC/USDT:USDT,109.71,158.0,109.68,2217.0,109.76,336.0,109.8,1606.0
1753769631230,06:13:51.230,xt,LTC/USDT:USDT,109.71,587.0,109.68,621.0,109.76,299.0,109.79,1361.0
1753769631351,06:13:51.351,xt,LTC/USDT:USDT,109.71,587.0,109.68,621.0,109.76,299.0,109.79,1361.0
1753769631466,06:13:51.466,xt,LTC/USDT:USDT,109.71,587.0,109.68,621.0,109.76,299.0,109.79,1361.0
1753769631643,06:13:51.643,xt,LTC/USDT:USDT,109.71,565.0,109.67,1510.0,109.76,413.0,109.78,2046.0
1753769631766,06:13:51.766,xt,LTC/USDT:USDT,109.71,565.0,109.67,1510.0,109.76,413.0,109.78,331.0
1753769631881,06:13:51.881,xt,LTC/USDT:USDT,109.71,137.0,109.68,1381.0,109.76,813.0,109.79,562.0
1753769632015,06:13:52.015,xt,LTC/USDT:USDT,109.71,137.0,109.68,1381.0,109.76,813.0,109.79,562.0
1753769632161,06:13:52.161,xt,LTC/USDT:USDT,109.71,107.0,109.68,1927.0,109.76,563.0,109.78,752.0
1753769632271,06:13:52.271,xt,LTC/USDT:USDT,109.71,107.0,109.68,1927.0,109.76,563.0,109.78,752.0
1753769632394,06:13:52.394,xt,LTC/USDT:USDT,109.71,107.0,109.68,1927.0,109.76,563.0,109.78,752.0
1753769632581,06:13:52.581,xt,LTC/USDT:USDT,109.71,384.0,109.67,660.0,109.76,1038.0,109.8,296.0
1753769632693,06:13:52.693,xt,LTC/USDT:USDT,109.71,384.0,109.67,660.0,109.76,1038.0,109.8,296.0
1753769632815,06:13:52.815,xt,LTC/USDT:USDT,109.71,393.0,109.68,423.0,109.76,959.0,109.78,1085.0
1753769632934,06:13:52.934,xt,LTC/USDT:USDT,109.71,393.0,109.68,423.0,109.76,959.0,109.78,1085.0
1753769633117,06:13:53.117,xt,LTC/USDT:USDT,109.71,1261.0,109.67,1119.0,109.76,1323.0,109.8,456.0
1753769633229,06:13:53.229,xt,LTC/USDT:USDT,109.71,1261.0,109.67,2184.0,109.76,1323.0,109.8,456.0
1753769633416,06:13:53.416,xt,LTC/USDT:USDT,109.71,330.0,109.66,1826.0,109.76,249.0,109.8,1132.0
1753769633536,06:13:53.536,xt,LTC/USDT:USDT,109.71,330.0,109.66,1826.0,109.76,249.0,109.8,1132.0
1753769633686,06:13:53.686,xt,LTC/USDT:USDT,109.71,396.0,109.66,1266.0,109.76,1145.0,109.79,1451.0
1753769633772,06:13:53.772,xt,LTC/USDT:USDT,109.71,396.0,109.66,1266.0,109.76,1145.0,109.79,1451.0
1753769633898,06:13:53.898,xt,LTC/USDT:USDT,109.71,396.0,109.66,1266.0,109.76,1145.0,109.79,1451.0
1753769634075,06:13:54.075,xt,LTC/USDT:USDT,109.71,467.0,109.66,1531.0,109.76,805.0,109.79,1515.0
1753769634202,06:13:54.202,xt,LTC/USDT:USDT,109.71,467.0,109.66,1531.0,109.76,805.0,109.79,1515.0
1753769634320,06:13:54.320,xt,LTC/USDT:USDT,109.71,1282.0,109.66,1916.0,109.76,282.0,109.78,806.0
1753769634434,06:13:54.434,xt,LTC/USDT:USDT,109.71,1282.0,109.66,1916.0,109.76,282.0,109.78,806.0
1753769634613,06:13:54.613,xt,LTC/USDT:USDT,109.71,1045.0,109.67,839.0,109.76,481.0,109.78,347.0
1753769634734,06:13:54.734,xt,LTC/USDT:USDT,109.71,1045.0,109.67,839.0,109.76,481.0,109.78,347.0
1753769634849,06:13:54.849,xt,LTC/USDT:USDT,109.71,1045.0,109.67,839.0,109.76,481.0,109.78,2028.0
1753769635038,06:13:55.038,xt,LTC/USDT:USDT,109.71,683.0,109.68,1415.0,109.76,948.0,109.78,1271.0
1753769635156,06:13:55.156,xt,LTC/USDT:USDT,109.71,683.0,109.68,1415.0,109.76,948.0,109.78,1271.0
1753769635281,06:13:55.281,xt,LTC/USDT:USDT,109.71,767.0,109.66,929.0,109.76,591.0,109.79,542.0
1753769635397,06:13:55.397,xt,LTC/USDT:USDT,109.71,767.0,109.66,929.0,109.76,591.0,109.79,542.0
1753769635571,06:13:55.571,xt,LTC/USDT:USDT,109.71,1104.0,109.68,1830.0,109.76,791.0,109.8,796.0
1753769635694,06:13:55.694,xt,LTC/USDT:USDT,109.71,1104.0,109.68,1830.0,109.76,791.0,109.8,796.0
1753769635816,06:13:55.816,xt,LTC/USDT:USDT,109.71,1104.0,109.68,1830.0,109.76,791.0,109.8,796.0
1753769635938,06:13:55.938,xt,LTC/USDT:USDT,109.71,129.0,109.66,1117.0,109.76,936.0,109.79,1842.0
1753769636055,06:13:56.055,xt,LTC/USDT:USDT,109.71,129.0,109.66,1117.0,109.76,936.0,109.79,1842.0
1753769636206,06:13:56.206,xt,LTC/USDT:USDT,109.71,1030.0,109.66,819.0,109.76,800.0,109.78,2207.0
1753769636329,06:13:56.329,xt,LTC/USDT:USDT,109.71,1030.0,109.66,819.0,109.76,800.0,109.78,2207.0
1753769636457,06:13:56.457,xt,LTC/USDT:USDT,109.71,1030.0,109.66,819.0,109.76,800.0,109.78,1777.0
1753769636622,06:13:56.622,xt,LTC/USDT:USDT,109.71,946.0,109.68,1623.0,109.76,182.0,109.79,363.0
1753769636743,06:13:56.743,xt,LTC/USDT:USDT,109.71,946.0,109.68,1623.0,109.76,182.0,109.79,363.0
1753769636865,06:13:56.865,xt,LTC/USDT:USDT,109.71,1158.0,109.66,1214.0,109.76,694.0,109.79,483.0
1753769636992,06:13:56.992,xt,LTC/USDT:USDT,109.71,1158.0,109.66,1214.0,109.76,694.0,109.79,483.0
1753769637135,06:13:57.135,xt,LTC/USDT:USDT,109.71,882.0,109.68,2171.0,109.76,1009.0,109.8,355.0
1753769637281,06:13:57.281,xt,LTC/USDT:USDT,109.71,882.0,109.68,2171.0,109.76,1009.0,109.8,355.0
1753769637408,06:13:57.408,xt,LTC/USDT:USDT,109.71,882.0,109.68,2171.0,109.76,1009.0,109.8,355.0
1753769637526,06:13:57.526,xt,LTC/USDT:USDT,109.71,573.0,109.66,766.0,109.76,1176.0,109.79,732.0
1753769637704,06:13:57.704,xt,LTC/USDT:USDT,109.71,573.0,109.66,766.0,109.76,1176.0,109.79,732.0
1753769637829,06:13:57.829,xt,LTC/USDT:USDT,109.71,1289.0,109.66,1242.0,109.76,638.0,109.8,340.0
1753769637953,06:13:57.953,xt,LTC/USDT:USDT,109.71,1289.0,109.66,1242.0,109.76,638.0,109.8,340.0
1753769638071,06:13:58.071,xt,LTC/USDT:USDT,109.71,232.0,109.67,801.0,109.76,415.0,109.79,2065.0
1753769638188,06:13:58.188,xt,LTC/USDT:USDT,109.71,232.0,109.67,801.0,109.76,415.0,109.79,2065.0
1753769638364,06:13:58.364,xt,LTC/USDT:USDT,109.71,232.0,109.67,801.0,109.76,415.0,109.79,2065.0
1753769638491,06:13:58.491,xt,LTC/USDT:USDT,109.71,649.0,109.66,973.0,109.76,741.0,109.8,2010.0
1753769638619,06:13:58.619,xt,LTC/USDT:USDT,109.71,649.0,109.66,973.0,109.76,741.0,109.8,2010.0
1753769638731,06:13:58.731,xt,LTC/USDT:USDT,109.71,527.0,109.68,623.0,109.76,567.0,109.78,1283.0
1753769638844,06:13:58.844,xt,LTC/USDT:USDT,109.71,527.0,109.68,623.0,109.76,567.0,109.78,1283.0
1753769639022,06:13:59.022,xt,LTC/USDT:USDT,109.71,682.0,109.68,490.0,109.76,690.0,109.79,1389.0
1753769639144,06:13:59.144,xt,LTC/USDT:USDT,109.71,682.0,109.68,490.0,109.76,690.0,109.79,1389.0
1753769639269,06:13:59.269,xt,LTC/USDT:USDT,109.71,682.0,109.68,490.0,109.76,690.0,109.79,1389.0
1753769639385,06:13:59.385,xt,LTC/USDT:USDT,109.71,306.0,109.68,297.0,109.76,1030.0,109.8,2188.0
1753769639564,06:13:59.564,xt,LTC/USDT:USDT,109.71,306.0,109.68,297.0,109.76,1030.0,109.8,2188.0
1753769639679,06:13:59.679,xt,LTC/USDT:USDT,109.71,1326.0,109.68,1581.0,109.76,1346.0,109.8,1823.0
1753769639804,06:13:59.804,xt,LTC/USDT:USDT,109.71,1326.0,109.68,1581.0,109.76,1346.0,109.8,1823.0
1753769639930,06:13:59.930,xt,LTC/USDT:USDT,109.71,571.0,109.68,1592.0,109.76,98.0,109.8,2002.0
1753769640050,06:14:00.050,xt,LTC/USDT:USDT,109.71,571.0,109.68,1592.0,109.76,98.0,109.8,2002.0
1753769640222,06:14:00.222,xt,LTC/USDT:USDT,109.71,1017.0,109.66,841.0,109.76,705.0,109.8,2041.0
1753769640345,06:14:00.345,xt,LTC/USDT:USDT,109.71,1017.0,109.66,2076.0,109.76,705.0,109.8,2041.0
1753769640459,06:14:00.459,xt,LTC/USDT:USDT,109.71,1017.0,109.66,2076.0,109.76,705.0,109.8,2041.0
1753769640585,06:14:00.585,xt,LTC/USDT:USDT,109.71,1011.0,109.66,981.0,109.76,867.0,109.79,1834.0
1753769640766,06:14:00.766,xt,LTC/USDT:USDT,109.71,1011.0,109.66,981.0,109.76,867.0,109.79,1834.0
1753769640882,06:14:00.882,xt,LTC/USDT:USDT,109.71,1061.0,109.68,1775.0,109.76,1176.0,109.8,1288.0
1753769641001,06:14:01.001,xt,LTC/USDT:USDT,109.71,1061.0,109.68,1775.0,109.76,1176.0,109.8,1288.0
1753769641153,06:14:01.153,xt,LTC/USDT:USDT,109.71,769.0,109.68,555.0,109.76,116.0,109.8,1841.0
1753769641252,06:14:01.252,xt,LTC/USDT:USDT,109.71,769.0,109.68,555.0,109.76,116.0,109.8,1841.0
1753769641368,06:14:01.368,xt,LTC/USDT:USDT,109.71,769.0,109.68,555.0,109.76,116.0,109.8,1841.0
1753769641483,06:14:01.483,xt,LTC/USDT:USDT,109.71,1245.0,109.67,1975.0,109.76,1381.0,109.78,1520.0
1753769641673,06:14:01.673,xt,LTC/USDT:USDT,109.71,1245.0,109.67,1975.0,109.76,1381.0,109.78,1520.0
1753769641788,06:14:01.788,xt,LTC/USDT:USDT,109.71,78.0,109.66,2020.0,109.76,385.0,109.8,2044.0
1753769641903,06:14:01.903,xt,LTC/USDT:USDT,109.71,78.0,109.66,2020.0,109.76,385.0,109.8,2044.0
1753769642029,06:14:02.029,xt,LTC/USDT:USDT,109.71,78.0,109.66,2020.0,109.76,385.0,109.8,2044.0
1753769642211,06:14:02.211,xt,LTC/USDT:USDT,109.71,918.0,109.67,480.0,109.76,756.0,109.78,1409.0
1753769642334,06:14:02.334,xt,LTC/USDT:USDT,109.71,918.0,109.67,480.0,109.76,756.0,109.78,1409.0
1753769642624,06:14:02.624,xt,LTC/USDT:USDT,109.71,451.0,109.67,1847.0,109.76,736.0,109.78,440.0
1753769642746,06:14:02.746,xt,LTC/USDT:USDT,109.71,377.0,109.66,508.0,109.76,105.0,109.8,1562.0
1753769642859,06:14:02.859,xt,LTC/USDT:USDT,109.71,377.0,109.66,508.0,109.76,105.0,109.8,1562.0
1753769643016,06:14:03.016,xt,LTC/USDT:USDT,109.71,205.0,109.66,1941.0,109.76,513.0,109.78,1312.0
1753769643106,06:14:03.106,xt,LTC/USDT:USDT,109.71,205.0,109.66,1941.0,109.76,513.0,109.78,1312.0
1753769643284,06:14:03.284,xt,LTC/USDT:USDT,109.71,205.0,109.66,2030.0,109.76,513.0,109.78,1312.0
1753769643399,06:14:03.399,xt,LTC/USDT:USDT,109.71,1065.0,109.66,1740.0,109.76,580.0,109.78,333.0
1753769643519,06:14:03.519,xt,LTC/USDT:USDT,109.71,1065.0,109.66,1740.0,109.76,580.0,109.78,333.0
1753769643643,06:14:03.643,xt,LTC/USDT:USDT,109.71,833.0,109.68,1148.0,109.76,1265.0,109.78,1270.0
1753769643771,06:14:03.771,xt,LTC/USDT:USDT,109.71,833.0,109.68,1148.0,109.76,1265.0,109.78,1270.0
1753769643948,06:14:03.948,xt,LTC/USDT:USDT,109.71,540.0,109.67,931.0,109.76,308.0,109.8,2231.0
1753769644067,06:14:04.067,xt,LTC/USDT:USDT,109.71,540.0,109.67,931.0,109.76,308.0,109.8,2231.0
1753769644192,06:14:04.192,xt,LTC/USDT:USDT,109.71,540.0,109.67,931.0,109.76,308.0,109.8,2231.0
1753769644307,06:14:04.307,xt,LTC/USDT:USDT,109.72,919.0,109.7,241.0,109.77,1343.0,109.78,2094.0
1753769644433,06:14:04.433,xt,LTC/USDT:USDT,109.72,919.0,109.7,241.0,109.77,1343.0,109.78,2094.0
1753769644581,06:14:04.581,xt,LTC/USDT:USDT,109.73,1333.0,109.7,241.0,109.78,588.0,109.83,1390.0
1753769644722,06:14:04.722,xt,LTC/USDT:USDT,109.73,1333.0,109.7,241.0,109.78,588.0,109.83,1390.0
1753769644847,06:14:04.847,xt,LTC/USDT:USDT,109.73,1333.0,109.7,241.0,109.78,588.0,109.83,1390.0
1753769644961,06:14:04.961,xt,LTC/USDT:USDT,109.73,1170.0,109.7,590.0,109.78,396.0,109.81,1714.0
1753769645086,06:14:05.086,xt,LTC/USDT:USDT,109.73,1170.0,109.7,590.0,109.78,396.0,109.81,1714.0
1753769645200,06:14:05.200,xt,LTC/USDT:USDT,109.73,189.0,109.69,2234.0,109.78,149.0,109.81,1233.0
1753769645382,06:14:05.382,xt,LTC/USDT:USDT,109.73,189.0,109.69,2234.0,109.78,149.0,109.81,1233.0
1753769645502,06:14:05.502,xt,LTC/USDT:USDT,109.73,1385.0,109.71,1475.0,109.78,948.0,109.82,2202.0
1753769645628,06:14:05.628,xt,LTC/USDT:USDT,109.73,1385.0,109.71,1475.0,109.78,948.0,109.82,2202.0
1753769645749,06:14:05.749,xt,LTC/USDT:USDT,109.73,1385.0,109.71,1475.0,109.78,948.0,109.82,2202.0
1753769645861,06:14:05.861,xt,LTC/USDT:USDT,109.73,1107.0,109.7,407.0,109.78,1056.0,109.83,817.0
1753769645997,06:14:05.997,xt,LTC/USDT:USDT,109.73,1107.0,109.7,407.0,109.78,1056.0,109.83,817.0
1753769646164,06:14:06.164,xt,LTC/USDT:USDT,109.73,802.0,109.7,1402.0,109.78,921.0,109.81,292.0
1753769646289,06:14:06.289,xt,LTC/USDT:USDT,109.73,802.0,109.7,1402.0,109.78,921.0,109.81,292.0
1753769646410,06:14:06.410,xt,LTC/USDT:USDT,109.73,306.0,109.71,1506.0,109.78,826.0,109.81,1231.0
1753769646500,06:14:06.500,xt,LTC/USDT:USDT,109.73,306.0,109.71,1506.0,109.78,826.0,109.81,1823.0
1753769646705,06:14:06.705,xt,LTC/USDT:USDT,109.73,1175.0,109.7,1447.0,109.78,1033.0,109.83,2145.0
1753769646795,06:14:06.795,xt,LTC/USDT:USDT,109.73,1175.0,109.7,1447.0,109.78,1033.0,109.83,2145.0
1753769646921,06:14:06.921,xt,LTC/USDT:USDT,109.73,1175.0,109.7,1447.0,109.78,1033.0,109.83,2145.0
1753769647035,06:14:07.035,xt,LTC/USDT:USDT,109.73,675.0,109.69,1509.0,109.78,811.0,109.83,2036.0
1753769647211,06:14:07.211,xt,LTC/USDT:USDT,109.73,675.0,109.69,1509.0,109.78,811.0,109.83,2036.0
1753769647333,06:14:07.333,xt,LTC/USDT:USDT,109.74,1390.0,109.69,1509.0,109.79,921.0,109.83,1654.0
1753769647452,06:14:07.452,xt,LTC/USDT:USDT,109.74,1390.0,109.69,1509.0,109.79,921.0,109.83,1654.0
1753769647600,06:14:07.600,xt,LTC/USDT:USDT,109.74,517.0,109.71,2182.0,109.79,1178.0,109.81,1502.0
1753769647698,06:14:07.698,xt,LTC/USDT:USDT,109.74,517.0,109.71,2182.0,109.79,1178.0,109.81,1502.0
1753769647872,06:14:07.872,xt,LTC/USDT:USDT,109.74,517.0,109.71,2182.0,109.79,1178.0,109.81,1502.0
1753769648001,06:14:08.001,xt,LTC/USDT:USDT,109.74,798.0,109.69,1732.0,109.79,234.0,109.82,1236.0
1753769648112,06:14:08.112,xt,LTC/USDT:USDT,109.74,798.0,109.69,1732.0,109.79,234.0,109.82,1236.0
1753769648296,06:14:08.296,xt,LTC/USDT:USDT,109.74,1339.0,109.7,642.0,109.79,938.0,109.82,1446.0
1753769648419,06:14:08.419,xt,LTC/USDT:USDT,109.74,1339.0,109.7,642.0,109.79,938.0,109.82,1446.0
1753769648593,06:14:08.593,xt,LTC/USDT:USDT,109.74,321.0,109.71,832.0,109.79,400.0,109.81,1535.0
1753769648712,06:14:08.712,xt,LTC/USDT:USDT,109.74,321.0,109.71,832.0,109.79,400.0,109.81,1535.0
1753769648859,06:14:08.859,xt,LTC/USDT:USDT,109.74,940.0,109.69,1185.0,109.79,1344.0,109.81,2217.0
1753769649010,06:14:09.010,xt,LTC/USDT:USDT,109.74,940.0,109.69,1185.0,109.79,1344.0,109.81,2217.0
1753769649131,06:14:09.131,xt,LTC/USDT:USDT,109.74,940.0,109.69,1185.0,109.79,1344.0,109.81,2217.0
1753769649255,06:14:09.255,xt,LTC/USDT:USDT,109.74,649.0,109.7,662.0,109.79,360.0,109.83,534.0
1753769649402,06:14:09.402,xt,LTC/USDT:USDT,109.74,649.0,109.7,662.0,109.79,360.0,109.83,860.0
1753769649524,06:14:09.524,xt,LTC/USDT:USDT,109.74,295.0,109.69,731.0,109.79,177.0,109.81,1541.0
1753769649698,06:14:09.698,xt,LTC/USDT:USDT,109.74,295.0,109.69,731.0,109.79,177.0,109.81,1541.0
1753769649795,06:14:09.795,xt,LTC/USDT:USDT,109.74,523.0,109.7,1692.0,109.79,91.0,109.82,1191.0
1753769649945,06:14:09.945,xt,LTC/USDT:USDT,109.74,523.0,109.7,1692.0,109.79,91.0,109.82,1191.0
1753769650069,06:14:10.069,xt,LTC/USDT:USDT,109.74,523.0,109.7,1692.0,109.79,91.0,109.82,1191.0
1753769650248,06:14:10.248,xt,LTC/USDT:USDT,109.74,553.0,109.7,1595.0,109.79,474.0,109.82,520.0
1753769650360,06:14:10.360,xt,LTC/USDT:USDT,109.74,553.0,109.7,1595.0,109.79,474.0,109.82,520.0
1753769650512,06:14:10.512,xt,LTC/USDT:USDT,109.74,706.0,109.69,896.0,109.79,1194.0,109.83,769.0
1753769650632,06:14:10.632,xt,LTC/USDT:USDT,109.74,706.0,109.69,896.0,109.79,1194.0,109.83,769.0
1753769650772,06:14:10.772,xt,LTC/USDT:USDT,109.74,120.0,109.71,1618.0,109.79,1162.0,109.81,502.0
1753769650875,06:14:10.875,xt,LTC/USDT:USDT,109.74,120.0,109.71,1618.0,109.79,1162.0,109.81,502.0
1753769651028,06:14:11.028,xt,LTC/USDT:USDT,109.74,120.0,109.71,1618.0,109.79,1162.0,109.81,502.0
1753769651140,06:14:11.140,xt,LTC/USDT:USDT,109.74,197.0,109.71,2080.0,109.79,137.0,109.83,2043.0
1753769651311,06:14:11.311,xt,LTC/USDT:USDT,109.74,197.0,109.71,2080.0,109.79,137.0,109.83,2043.0
1753769651413,06:14:11.413,xt,LTC/USDT:USDT,109.74,81.0,109.7,2026.0,109.79,1103.0,109.81,1436.0
1753769651592,06:14:11.592,xt,LTC/USDT:USDT,109.74,81.0,109.7,2026.0,109.79,1103.0,109.81,1436.0
1753769651706,06:14:11.706,xt,LTC/USDT:USDT,109.74,229.0,109.69,860.0,109.79,1129.0,109.83,1963.0
1753769651833,06:14:11.833,xt,LTC/USDT:USDT,109.74,229.0,109.69,860.0,109.79,1129.0,109.83,1963.0
1753769651959,06:14:11.959,xt,LTC/USDT:USDT,109.74,229.0,109.69,860.0,109.79,1129.0,109.83,1963.0
1753769652134,06:14:12.134,xt,LTC/USDT:USDT,109.74,384.0,109.7,393.0,109.79,1257.0,109.81,1727.0
1753769652261,06:14:12.261,xt,LTC/USDT:USDT,109.74,384.0,109.7,393.0,109.79,1257.0,109.81,1727.0
1753769652372,06:14:12.372,xt,LTC/USDT:USDT,109.74,534.0,109.71,2052.0,109.79,1106.0,109.83,1016.0
1753769652549,06:14:12.549,xt,LTC/USDT:USDT,109.74,534.0,109.71,2052.0,109.79,1106.0,109.83,1016.0
1753769652683,06:14:12.683,xt,LTC/USDT:USDT,109.74,676.0,109.69,1884.0,109.79,1001.0,109.81,2205.0
1753769652795,06:14:12.795,xt,LTC/USDT:USDT,109.74,676.0,109.69,1884.0,109.79,1001.0,109.81,2205.0
1753769652949,06:14:12.949,xt,LTC/USDT:USDT,109.74,1233.0,109.7,2168.0,109.79,900.0,109.82,1470.0
1753769653062,06:14:13.062,xt,LTC/USDT:USDT,109.74,1233.0,109.7,2168.0,109.79,900.0,109.82,1470.0
1753769653186,06:14:13.186,xt,LTC/USDT:USDT,109.74,1233.0,109.7,2168.0,109.79,900.0,109.82,1470.0
1753769653307,06:14:13.307,xt,LTC/USDT:USDT,109.74,1143.0,109.69,628.0,109.79,458.0,109.81,2022.0
1753769653479,06:14:13.479,xt,LTC/USDT:USDT,109.74,1143.0,109.69,628.0,109.79,458.0,109.81,2022.0
1753769653604,06:14:13.604,xt,LTC/USDT:USDT,109.74,1298.0,109.69,475.0,109.79,228.0,109.81,1288.0
1753769653789,06:14:13.789,xt,LTC/USDT:USDT,109.74,1298.0,109.69,475.0,109.79,228.0,109.81,1288.0
1753769653901,06:14:13.901,xt,LTC/USDT:USDT,109.74,112.0,109.7,1352.0,109.79,186.0,109.83,713.0
1753769654025,06:14:14.025,xt,LTC/USDT:USDT,109.74,112.0,109.7,1352.0,109.79,186.0,109.83,713.0
1753769654198,06:14:14.198,xt,LTC/USDT:USDT,109.74,845.0,109.69,2218.0,109.79,670.0,109.82,1551.0
1753769654330,06:14:14.330,xt,LTC/USDT:USDT,109.74,845.0,109.69,2218.0,109.79,670.0,109.82,1485.0
1753769654443,06:14:14.443,xt,LTC/USDT:USDT,109.74,845.0,109.69,2218.0,109.79,670.0,109.82,1994.0
1753769654566,06:14:14.566,xt,LTC/USDT:USDT,109.74,868.0,109.7,610.0,109.79,1290.0,109.81,830.0
1753769654690,06:14:14.690,xt,LTC/USDT:USDT,109.74,868.0,109.7,610.0,109.79,1290.0,109.81,830.0
1753769654861,06:14:14.861,xt,LTC/USDT:USDT,109.74,74.0,109.71,1018.0,109.79,839.0,109.83,879.0
1753769654984,06:14:14.984,xt,LTC/USDT:USDT,109.74,74.0,109.71,1018.0,109.79,839.0,109.83,362.0
1753769655108,06:14:15.108,xt,LTC/USDT:USDT,109.74,157.0,109.71,2122.0,109.79,308.0,109.81,757.0
1753769655285,06:14:15.285,xt,LTC/USDT:USDT,109.74,157.0,109.71,2122.0,109.79,308.0,109.81,757.0
1753769655395,06:14:15.395,xt,LTC/USDT:USDT,109.74,157.0,109.71,2122.0,109.79,308.0,109.81,757.0
1753769655562,06:14:15.562,xt,LTC/USDT:USDT,109.74,778.0,109.71,1193.0,109.79,608.0,109.82,1324.0
1753769655673,06:14:15.673,xt,LTC/USDT:USDT,109.74,778.0,109.71,1318.0,109.79,608.0,109.82,332.0
1753769655790,06:14:15.790,xt,LTC/USDT:USDT,109.74,463.0,109.69,1344.0,109.79,710.0,109.82,914.0
1753769655912,06:14:15.912,xt,LTC/USDT:USDT,109.74,463.0,109.69,1344.0,109.79,710.0,109.82,914.0
1753769656101,06:14:16.101,xt,LTC/USDT:USDT,109.74,508.0,109.71,1452.0,109.79,1377.0,109.82,1854.0
1753769656217,06:14:16.217,xt,LTC/USDT:USDT,109.74,508.0,109.71,1452.0,109.79,1377.0,109.82,1854.0
1753769656337,06:14:16.337,xt,LTC/USDT:USDT,109.74,1306.0,109.69,2100.0,109.79,895.0,109.82,1941.0
1753769656461,06:14:16.461,xt,LTC/USDT:USDT,109.74,1306.0,109.69,2100.0,109.79,895.0,109.82,1941.0
1753769656643,06:14:16.643,xt,LTC/USDT:USDT,109.74,672.0,109.71,1270.0,109.79,702.0,109.82,1336.0
1753769656760,06:14:16.760,xt,LTC/USDT:USDT,109.74,672.0,109.71,1270.0,109.79,702.0,109.82,1336.0
