timestamp,time,exchange,symbol,bid1_price,bid1_volume,bid2_price,bid2_volume,ask1_price,ask1_volume,ask2_price,ask2_volume
1753769535000,06:12:15.000,gate,SOL/USDT:USDT,184.77,341.0,184.76,226.0,184.78,172.0,184.79,19.0
1753769536044,06:12:16.044,gate,SOL/USDT:USDT,184.77,283.0,184.76,226.0,184.78,189.0,184.79,27.0
1753769536120,06:12:16.120,gate,SOL/USDT:USDT,184.77,283.0,184.76,226.0,184.78,98.0,184.79,27.0
1753769536263,06:12:16.263,gate,SOL/USDT:USDT,184.77,283.0,184.76,226.0,184.78,98.0,184.79,27.0
1753769536369,06:12:16.369,gate,SOL/USDT:USDT,184.77,283.0,184.76,226.0,184.78,98.0,184.79,27.0
1753769536469,06:12:16.469,gate,SOL/USDT:USDT,184.77,283.0,184.76,226.0,184.78,98.0,184.79,27.0
1753769536670,06:12:16.670,gate,SOL/USDT:USDT,184.77,283.0,184.76,226.0,184.78,179.0,184.79,27.0
1753769536754,06:12:16.754,gate,SOL/USDT:USDT,184.77,283.0,184.76,226.0,184.78,179.0,184.79,27.0
1753769536820,06:12:16.820,gate,SOL/USDT:USDT,184.77,283.0,184.76,226.0,184.78,98.0,184.79,27.0
1753769537670,06:12:17.670,gate,SOL/USDT:USDT,184.79,348.0,184.78,277.0,184.8,46.0,184.81,4.0
1753769537766,06:12:17.766,gate,SOL/USDT:USDT,184.79,337.0,184.78,279.0,184.8,69.0,184.81,48.0
1753769537868,06:12:17.868,gate,SOL/USDT:USDT,184.79,233.0,184.78,286.0,184.8,181.0,184.81,48.0
1753769537956,06:12:17.956,gate,SOL/USDT:USDT,184.79,226.0,184.78,278.0,184.8,181.0,184.81,48.0
1753769538060,06:12:18.060,gate,SOL/USDT:USDT,184.79,170.0,184.78,278.0,184.8,181.0,184.81,48.0
1753769538127,06:12:18.127,gate,SOL/USDT:USDT,184.79,170.0,184.78,278.0,184.8,181.0,184.81,48.0
1753769538266,06:12:18.266,gate,SOL/USDT:USDT,184.79,170.0,184.78,278.0,184.8,181.0,184.81,48.0
1753769538360,06:12:18.360,gate,SOL/USDT:USDT,184.79,170.0,184.78,278.0,184.8,181.0,184.81,48.0
1753769538467,06:12:18.467,gate,SOL/USDT:USDT,184.79,170.0,184.78,278.0,184.8,181.0,184.81,48.0
1753769538547,06:12:18.547,gate,SOL/USDT:USDT,184.79,170.0,184.78,278.0,184.8,181.0,184.81,48.0
1753769538636,06:12:18.636,gate,SOL/USDT:USDT,184.79,170.0,184.78,278.0,184.8,181.0,184.81,48.0
1753769538768,06:12:18.768,gate,SOL/USDT:USDT,184.78,85.0,184.77,328.0,184.79,263.0,184.8,78.0
1753769538866,06:12:18.866,gate,SOL/USDT:USDT,184.77,293.0,184.76,426.0,184.78,174.0,184.79,75.0
1753769538968,06:12:18.968,gate,SOL/USDT:USDT,184.76,285.0,184.75,568.0,184.77,55.0,184.78,72.0
1753769539033,06:12:19.033,gate,SOL/USDT:USDT,184.76,369.0,184.75,568.0,184.77,55.0,184.78,72.0
1753769539151,06:12:19.151,gate,SOL/USDT:USDT,184.77,348.0,184.76,416.0,184.78,109.0,184.79,91.0
1753769539266,06:12:19.266,gate,SOL/USDT:USDT,184.77,385.0,184.76,406.0,184.78,11.0,184.79,81.0
1753769539370,06:12:19.370,gate,SOL/USDT:USDT,184.79,237.0,184.78,198.0,184.8,76.0,184.81,68.0
1753769539469,06:12:19.469,gate,SOL/USDT:USDT,184.79,327.0,184.78,210.0,184.8,88.0,184.81,68.0
1753769539508,06:12:19.508,gate,SOL/USDT:USDT,184.79,272.0,184.78,282.0,184.8,108.0,184.81,68.0
1753769539620,06:12:19.620,gate,SOL/USDT:USDT,184.79,272.0,184.78,282.0,184.8,108.0,184.81,149.0
1753769539721,06:12:19.721,gate,SOL/USDT:USDT,184.79,272.0,184.78,282.0,184.8,108.0,184.81,149.0
1753769540231,06:12:20.231,gate,SOL/USDT:USDT,184.79,260.0,184.78,280.0,184.8,129.0,184.81,155.0
1753769540354,06:12:20.354,gate,SOL/USDT:USDT,184.79,260.0,184.78,270.0,184.8,119.0,184.81,155.0
1753769540469,06:12:20.469,gate,SOL/USDT:USDT,184.79,270.0,184.78,270.0,184.8,98.0,184.81,74.0
1753769540563,06:12:20.563,gate,SOL/USDT:USDT,184.79,270.0,184.78,270.0,184.8,69.0,184.81,74.0
1753769540755,06:12:20.755,gate,SOL/USDT:USDT,184.79,270.0,184.78,270.0,184.8,2.0,184.81,64.0
1753769540865,06:12:20.865,gate,SOL/USDT:USDT,184.79,281.0,184.78,259.0,184.8,84.0,184.81,76.0
1753769540951,06:12:20.951,gate,SOL/USDT:USDT,184.79,270.0,184.78,259.0,184.8,84.0,184.81,83.0
1753769541060,06:12:21.060,gate,SOL/USDT:USDT,184.79,270.0,184.78,259.0,184.8,84.0,184.81,83.0
1753769541162,06:12:21.162,gate,SOL/USDT:USDT,184.79,270.0,184.78,259.0,184.8,105.0,184.81,71.0
1753769541221,06:12:21.221,gate,SOL/USDT:USDT,184.79,270.0,184.78,259.0,184.8,105.0,184.81,71.0
1753769541366,06:12:21.366,gate,SOL/USDT:USDT,184.79,270.0,184.78,259.0,184.8,69.0,184.81,71.0
1753769541423,06:12:21.423,gate,SOL/USDT:USDT,184.79,270.0,184.78,259.0,184.8,69.0,184.81,71.0
1753769541549,06:12:21.549,gate,SOL/USDT:USDT,184.79,270.0,184.78,259.0,184.8,153.0,184.81,82.0
1753769541659,06:12:21.659,gate,SOL/USDT:USDT,184.79,270.0,184.78,259.0,184.8,163.0,184.81,97.0
1753769541700,06:12:21.700,gate,SOL/USDT:USDT,184.79,270.0,184.78,259.0,184.8,163.0,184.81,97.0
1753769541855,06:12:21.855,gate,SOL/USDT:USDT,184.79,270.0,184.78,259.0,184.8,153.0,184.81,97.0
1753769541969,06:12:21.969,gate,SOL/USDT:USDT,184.79,270.0,184.78,259.0,184.8,153.0,184.81,108.0
1753769542058,06:12:22.058,gate,SOL/USDT:USDT,184.79,135.0,184.78,259.0,184.8,182.0,184.81,97.0
1753769542268,06:12:22.268,gate,SOL/USDT:USDT,184.78,72.0,184.77,140.0,184.79,347.0,184.8,91.0
1753769542364,06:12:22.364,gate,SOL/USDT:USDT,184.78,72.0,184.77,177.0,184.79,358.0,184.8,91.0
1753769542468,06:12:22.468,gate,SOL/USDT:USDT,184.77,238.0,184.76,301.0,184.78,345.0,184.79,154.0
1753769542558,06:12:22.558,gate,SOL/USDT:USDT,184.77,255.0,184.76,301.0,184.78,324.0,184.79,143.0
1753769542669,06:12:22.669,gate,SOL/USDT:USDT,184.77,185.0,184.76,383.0,184.78,335.0,184.79,145.0
1753769542763,06:12:22.763,gate,SOL/USDT:USDT,184.77,270.0,184.76,383.0,184.78,335.0,184.79,143.0
1753769542841,06:12:22.841,gate,SOL/USDT:USDT,184.77,270.0,184.76,383.0,184.78,335.0,184.79,143.0
1753769542968,06:12:22.968,gate,SOL/USDT:USDT,184.77,282.0,184.76,383.0,184.78,235.0,184.79,143.0
1753769543069,06:12:23.069,gate,SOL/USDT:USDT,184.77,284.0,184.76,343.0,184.78,235.0,184.79,143.0
1753769543151,06:12:23.151,gate,SOL/USDT:USDT,184.78,297.0,184.77,295.0,184.79,106.0,184.8,55.0
1753769543263,06:12:23.263,gate,SOL/USDT:USDT,184.78,250.0,184.77,283.0,184.79,117.0,184.8,62.0
1753769543351,06:12:23.351,gate,SOL/USDT:USDT,184.78,260.0,184.77,283.0,184.79,175.0,184.8,62.0
1753769543709,06:12:23.709,gate,SOL/USDT:USDT,184.78,235.0,184.77,283.0,184.79,175.0,184.8,143.0
1753769543855,06:12:23.855,gate,SOL/USDT:USDT,184.78,235.0,184.77,283.0,184.79,175.0,184.8,143.0
1753769543916,06:12:23.916,gate,SOL/USDT:USDT,184.78,235.0,184.77,283.0,184.79,175.0,184.8,143.0
1753769544066,06:12:24.066,gate,SOL/USDT:USDT,184.78,235.0,184.77,283.0,184.79,175.0,184.8,143.0
1753769544123,06:12:24.123,gate,SOL/USDT:USDT,184.78,246.0,184.77,283.0,184.79,175.0,184.8,143.0
1753769544219,06:12:24.219,gate,SOL/USDT:USDT,184.78,246.0,184.77,283.0,184.79,175.0,184.8,143.0
1753769544273,06:12:24.273,gate,SOL/USDT:USDT,184.78,246.0,184.77,283.0,184.79,175.0,184.8,143.0
1753769544377,06:12:24.377,gate,SOL/USDT:USDT,184.78,246.0,184.77,283.0,184.79,103.0,184.8,143.0
1753769544567,06:12:24.567,gate,SOL/USDT:USDT,184.78,246.0,184.77,283.0,184.79,184.0,184.8,62.0
1753769544653,06:12:24.653,gate,SOL/USDT:USDT,184.78,246.0,184.77,283.0,184.79,191.0,184.8,62.0
1753769544753,06:12:24.753,gate,SOL/USDT:USDT,184.78,246.0,184.77,283.0,184.79,191.0,184.8,62.0
1753769544962,06:12:24.962,gate,SOL/USDT:USDT,184.78,246.0,184.77,283.0,184.79,103.0,184.8,62.0
1753769545023,06:12:25.023,gate,SOL/USDT:USDT,184.78,246.0,184.77,283.0,184.79,162.0,184.8,62.0
1753769545238,06:12:25.238,gate,SOL/USDT:USDT,184.78,246.0,184.77,283.0,184.79,162.0,184.8,62.0
1753769545324,06:12:25.324,gate,SOL/USDT:USDT,184.78,246.0,184.77,283.0,184.79,103.0,184.8,62.0
1753769545467,06:12:25.467,gate,SOL/USDT:USDT,184.78,314.0,184.77,283.0,184.79,103.0,184.8,62.0
1753769545554,06:12:25.554,gate,SOL/USDT:USDT,184.78,246.0,184.77,283.0,184.79,103.0,184.8,62.0
1753769545616,06:12:25.616,gate,SOL/USDT:USDT,184.78,246.0,184.77,283.0,184.79,103.0,184.8,86.0
1753769545866,06:12:25.866,gate,SOL/USDT:USDT,184.78,246.0,184.77,283.0,184.79,103.0,184.8,86.0
1753769545882,06:12:25.882,gate,SOL/USDT:USDT,184.78,246.0,184.77,283.0,184.79,103.0,184.8,86.0
1753769546344,06:12:26.344,gate,SOL/USDT:USDT,184.78,10.0,184.77,198.0,184.79,217.0,184.8,86.0
1753769546467,06:12:26.467,gate,SOL/USDT:USDT,184.76,54.0,184.75,614.0,184.77,371.0,184.78,53.0
1753769546566,06:12:26.566,gate,SOL/USDT:USDT,184.76,267.0,184.75,613.0,184.77,289.0,184.78,51.0
1753769546623,06:12:26.623,gate,SOL/USDT:USDT,184.76,304.0,184.75,613.0,184.77,112.0,184.78,51.0
1753769546734,06:12:26.734,gate,SOL/USDT:USDT,184.76,304.0,184.75,613.0,184.77,112.0,184.78,51.0
1753769546857,06:12:26.857,gate,SOL/USDT:USDT,184.76,304.0,184.75,613.0,184.77,112.0,184.78,51.0
1753769546969,06:12:26.969,gate,SOL/USDT:USDT,184.76,304.0,184.75,613.0,184.77,102.0,184.78,51.0
1753769547227,06:12:27.227,gate,SOL/USDT:USDT,184.76,318.0,184.75,613.0,184.77,102.0,184.78,51.0
1753769547328,06:12:27.328,gate,SOL/USDT:USDT,184.76,318.0,184.75,613.0,184.77,102.0,184.78,51.0
1753769547455,06:12:27.455,gate,SOL/USDT:USDT,184.76,318.0,184.75,613.0,184.77,118.0,184.78,63.0
1753769547566,06:12:27.566,gate,SOL/USDT:USDT,184.76,318.0,184.75,613.0,184.77,118.0,184.78,144.0
1753769547617,06:12:27.617,gate,SOL/USDT:USDT,184.76,318.0,184.75,613.0,184.77,118.0,184.78,144.0
1753769547762,06:12:27.762,gate,SOL/USDT:USDT,184.76,318.0,184.75,613.0,184.77,118.0,184.78,144.0
1753769547845,06:12:27.845,gate,SOL/USDT:USDT,184.76,318.0,184.75,613.0,184.77,118.0,184.78,144.0
1753769547937,06:12:27.937,gate,SOL/USDT:USDT,184.76,353.0,184.75,613.0,184.77,118.0,184.78,144.0
1753769548216,06:12:28.216,gate,SOL/USDT:USDT,184.76,353.0,184.75,613.0,184.77,118.0,184.78,144.0
1753769548365,06:12:28.365,gate,SOL/USDT:USDT,184.76,353.0,184.75,613.0,184.77,118.0,184.78,144.0
1753769548461,06:12:28.461,gate,SOL/USDT:USDT,184.76,353.0,184.75,613.0,184.77,118.0,184.78,144.0
1753769548638,06:12:28.638,gate,SOL/USDT:USDT,184.76,353.0,184.75,613.0,184.77,118.0,184.78,144.0
1753769548684,06:12:28.684,gate,SOL/USDT:USDT,184.76,353.0,184.75,613.0,184.77,118.0,184.78,144.0
1753769548865,06:12:28.865,gate,SOL/USDT:USDT,184.76,353.0,184.75,613.0,184.77,118.0,184.78,144.0
1753769548951,06:12:28.951,gate,SOL/USDT:USDT,184.76,353.0,184.75,613.0,184.77,118.0,184.78,144.0
1753769549068,06:12:29.068,gate,SOL/USDT:USDT,184.76,318.0,184.75,613.0,184.77,118.0,184.78,144.0
1753769549166,06:12:29.166,gate,SOL/USDT:USDT,184.76,166.0,184.75,613.0,184.77,169.0,184.78,144.0
1753769549267,06:12:29.267,gate,SOL/USDT:USDT,184.75,449.0,184.74,349.0,184.76,254.0,184.77,56.0
1753769549744,06:12:29.744,gate,SOL/USDT:USDT,184.75,460.0,184.74,421.0,184.76,685.0,184.77,71.0
1753769549947,06:12:29.947,gate,SOL/USDT:USDT,184.75,460.0,184.74,421.0,184.76,604.0,184.77,71.0
1753769550159,06:12:30.159,gate,SOL/USDT:USDT,184.75,472.0,184.74,409.0,184.76,604.0,184.77,69.0
1753769550245,06:12:30.245,gate,SOL/USDT:USDT,184.75,472.0,184.74,409.0,184.76,604.0,184.77,66.0
1753769550366,06:12:30.366,gate,SOL/USDT:USDT,184.75,449.0,184.73,164.0,184.76,608.0,184.77,70.0
1753769550863,06:12:30.863,gate,SOL/USDT:USDT,184.75,543.0,184.74,105.0,184.76,440.0,184.77,66.0
1753769550968,06:12:30.968,gate,SOL/USDT:USDT,184.75,519.0,184.74,103.0,184.76,397.0,184.77,66.0
1753769551563,06:12:31.563,gate,SOL/USDT:USDT,184.79,292.0,184.78,421.0,184.8,2.0,184.81,67.0
1753769551768,06:12:31.768,gate,SOL/USDT:USDT,184.8,490.0,184.79,266.0,184.81,56.0,184.82,64.0
1753769551966,06:12:31.966,gate,SOL/USDT:USDT,184.8,587.0,184.79,245.0,184.81,56.0,184.82,84.0
1753769552065,06:12:32.065,gate,SOL/USDT:USDT,184.8,587.0,184.79,245.0,184.81,12.0,184.82,84.0
1753769552144,06:12:32.144,gate,SOL/USDT:USDT,184.8,587.0,184.79,245.0,184.81,12.0,184.82,84.0
1753769552269,06:12:32.269,gate,SOL/USDT:USDT,184.8,587.0,184.79,245.0,184.81,12.0,184.82,84.0
1753769552290,06:12:32.290,gate,SOL/USDT:USDT,184.8,587.0,184.79,196.0,184.81,12.0,184.82,71.0
1753769552534,06:12:32.534,gate,SOL/USDT:USDT,184.8,587.0,184.79,196.0,184.81,12.0,184.82,84.0
1753769552620,06:12:32.620,gate,SOL/USDT:USDT,184.8,587.0,184.79,196.0,184.81,24.0,184.82,84.0
1753769552753,06:12:32.753,gate,SOL/USDT:USDT,184.8,587.0,184.79,196.0,184.81,24.0,184.82,84.0
1753769552878,06:12:32.878,gate,SOL/USDT:USDT,184.8,587.0,184.79,196.0,184.81,24.0,184.82,84.0
1753769553068,06:12:33.068,gate,SOL/USDT:USDT,184.8,648.0,184.79,196.0,184.81,14.0,184.82,47.0
1753769553158,06:12:33.158,gate,SOL/USDT:USDT,184.8,658.0,184.79,196.0,184.81,14.0,184.82,58.0
1753769553260,06:12:33.260,gate,SOL/USDT:USDT,184.8,658.0,184.79,198.0,184.81,2.0,184.82,47.0
1753769553468,06:12:33.468,gate,SOL/USDT:USDT,184.82,339.0,184.81,309.0,184.83,101.0,184.84,47.0
1753769553569,06:12:33.569,gate,SOL/USDT:USDT,184.82,344.0,184.81,306.0,184.83,89.0,184.84,47.0
1753769553669,06:12:33.669,gate,SOL/USDT:USDT,184.82,344.0,184.81,304.0,184.83,77.0,184.84,59.0
1753769553769,06:12:33.769,gate,SOL/USDT:USDT,184.83,292.0,184.82,329.0,184.84,72.0,184.85,46.0
1753769553867,06:12:33.867,gate,SOL/USDT:USDT,184.83,302.0,184.82,319.0,184.84,103.0,184.85,46.0
1753769553952,06:12:33.952,gate,SOL/USDT:USDT,184.83,312.0,184.82,319.0,184.84,133.0,184.85,46.0
1753769554033,06:12:34.033,gate,SOL/USDT:USDT,184.83,312.0,184.82,319.0,184.84,133.0,184.85,46.0
1753769554157,06:12:34.157,gate,SOL/USDT:USDT,184.83,312.0,184.82,391.0,184.84,159.0,184.85,46.0
1753769554237,06:12:34.237,gate,SOL/USDT:USDT,184.83,312.0,184.82,391.0,184.84,159.0,184.85,46.0
1753769554369,06:12:34.369,gate,SOL/USDT:USDT,184.83,312.0,184.82,318.0,184.84,159.0,184.85,46.0
1753769554469,06:12:34.469,gate,SOL/USDT:USDT,184.83,312.0,184.82,325.0,184.84,159.0,184.85,127.0
1753769554527,06:12:34.527,gate,SOL/USDT:USDT,184.83,312.0,184.82,325.0,184.84,171.0,184.85,127.0
1753769554730,06:12:34.730,gate,SOL/USDT:USDT,184.83,312.0,184.82,325.0,184.84,171.0,184.85,127.0
1753769554869,06:12:34.869,gate,SOL/USDT:USDT,184.83,312.0,184.82,325.0,184.84,183.0,184.85,127.0
1753769554893,06:12:34.893,gate,SOL/USDT:USDT,184.83,312.0,184.82,325.0,184.84,183.0,184.85,127.0
1753769555066,06:12:35.066,gate,SOL/USDT:USDT,184.83,92.0,184.82,325.0,184.84,171.0,184.85,127.0
1753769555160,06:12:35.160,gate,SOL/USDT:USDT,184.83,92.0,184.82,314.0,184.84,224.0,184.85,127.0
1753769555265,06:12:35.265,gate,SOL/USDT:USDT,184.83,20.0,184.82,335.0,184.84,224.0,184.85,117.0
1753769555368,06:12:35.368,gate,SOL/USDT:USDT,184.82,307.0,184.81,226.0,184.83,49.0,184.84,234.0
1753769555463,06:12:35.463,gate,SOL/USDT:USDT,184.82,76.0,184.81,191.0,184.83,295.0,184.84,126.0
1753769555555,06:12:35.555,gate,SOL/USDT:USDT,184.82,35.0,184.81,270.0,184.83,317.0,184.84,126.0
1753769555661,06:12:35.661,gate,SOL/USDT:USDT,184.82,46.0,184.81,270.0,184.83,329.0,184.84,114.0
1753769555764,06:12:35.764,gate,SOL/USDT:USDT,184.82,103.0,184.81,259.0,184.83,329.0,184.84,110.0
1753769555831,06:12:35.831,gate,SOL/USDT:USDT,184.82,103.0,184.81,259.0,184.83,329.0,184.84,110.0
1753769555939,06:12:35.939,gate,SOL/USDT:USDT,184.82,103.0,184.81,259.0,184.83,329.0,184.84,110.0
1753769556042,06:12:36.042,gate,SOL/USDT:USDT,184.82,103.0,184.81,259.0,184.83,329.0,184.84,110.0
1753769556166,06:12:36.166,gate,SOL/USDT:USDT,184.82,103.0,184.81,259.0,184.83,271.0,184.84,110.0
1753769556252,06:12:36.252,gate,SOL/USDT:USDT,184.82,103.0,184.81,259.0,184.83,271.0,184.84,110.0
1753769556858,06:12:36.858,gate,SOL/USDT:USDT,184.82,102.0,184.81,219.0,184.83,281.0,184.84,100.0
1753769556954,06:12:36.954,gate,SOL/USDT:USDT,184.82,102.0,184.81,219.0,184.83,281.0,184.84,100.0
1753769557066,06:12:37.066,gate,SOL/USDT:USDT,184.82,102.0,184.81,219.0,184.83,281.0,184.84,100.0
1753769557159,06:12:37.159,gate,SOL/USDT:USDT,184.82,102.0,184.81,219.0,184.83,281.0,184.84,100.0
1753769557242,06:12:37.242,gate,SOL/USDT:USDT,184.82,102.0,184.81,219.0,184.83,281.0,184.84,100.0
1753769557669,06:12:37.669,gate,SOL/USDT:USDT,184.82,184.0,184.81,326.0,184.83,281.0,184.84,100.0
1753769557724,06:12:37.724,gate,SOL/USDT:USDT,184.82,184.0,184.81,326.0,184.83,281.0,184.84,100.0
1753769557795,06:12:37.795,gate,SOL/USDT:USDT,184.82,184.0,184.81,326.0,184.83,281.0,184.84,100.0
1753769557921,06:12:37.921,gate,SOL/USDT:USDT,184.82,184.0,184.81,326.0,184.83,281.0,184.84,100.0
1753769558041,06:12:38.041,gate,SOL/USDT:USDT,184.82,184.0,184.81,326.0,184.83,281.0,184.84,100.0
1753769558134,06:12:38.134,gate,SOL/USDT:USDT,184.82,184.0,184.81,326.0,184.83,281.0,184.84,100.0
1753769558236,06:12:38.236,gate,SOL/USDT:USDT,184.82,184.0,184.81,326.0,184.83,281.0,184.84,100.0
1753769558359,06:12:38.359,gate,SOL/USDT:USDT,184.82,184.0,184.81,326.0,184.83,281.0,184.84,100.0
1753769558459,06:12:38.459,gate,SOL/USDT:USDT,184.82,102.0,184.81,326.0,184.83,281.0,184.84,100.0
1753769558559,06:12:38.559,gate,SOL/USDT:USDT,184.82,102.0,184.81,326.0,184.83,281.0,184.84,100.0
1753769558575,06:12:38.575,gate,SOL/USDT:USDT,184.82,102.0,184.81,326.0,184.83,281.0,184.84,100.0
1753769558754,06:12:38.754,gate,SOL/USDT:USDT,184.82,102.0,184.81,326.0,184.83,281.0,184.84,100.0
1753769558824,06:12:38.824,gate,SOL/USDT:USDT,184.82,102.0,184.81,326.0,184.83,281.0,184.84,100.0
1753769558955,06:12:38.955,gate,SOL/USDT:USDT,184.82,102.0,184.81,326.0,184.83,271.0,184.84,100.0
1753769559059,06:12:39.059,gate,SOL/USDT:USDT,184.82,102.0,184.81,326.0,184.83,190.0,184.84,100.0
1753769559170,06:12:39.170,gate,SOL/USDT:USDT,184.82,102.0,184.81,326.0,184.83,190.0,184.84,100.0
1753769559170,06:12:39.170,gate,SOL/USDT:USDT,184.82,102.0,184.81,326.0,184.83,190.0,184.84,100.0
1753769559356,06:12:39.356,gate,SOL/USDT:USDT,184.82,102.0,184.81,242.0,184.83,212.0,184.84,100.0
1753769559468,06:12:39.468,gate,SOL/USDT:USDT,184.82,184.0,184.81,242.0,184.83,190.0,184.84,100.0
1753769559525,06:12:39.525,gate,SOL/USDT:USDT,184.82,184.0,184.81,242.0,184.83,190.0,184.84,100.0
1753769559622,06:12:39.622,gate,SOL/USDT:USDT,184.82,184.0,184.81,242.0,184.83,190.0,184.84,100.0
1753769559689,06:12:39.689,gate,SOL/USDT:USDT,184.82,184.0,184.81,242.0,184.83,190.0,184.84,100.0
1753769559839,06:12:39.839,gate,SOL/USDT:USDT,184.82,184.0,184.81,242.0,184.83,190.0,184.84,100.0
1753769559929,06:12:39.929,gate,SOL/USDT:USDT,184.82,184.0,184.81,242.0,184.83,190.0,184.84,100.0
1753769560065,06:12:40.065,gate,SOL/USDT:USDT,184.82,184.0,184.81,242.0,184.83,190.0,184.84,100.0
1753769560169,06:12:40.169,gate,SOL/USDT:USDT,184.82,202.0,184.81,242.0,184.83,131.0,184.84,100.0
1753769560250,06:12:40.250,gate,SOL/USDT:USDT,184.82,202.0,184.81,242.0,184.83,131.0,184.84,100.0
1753769560351,06:12:40.351,gate,SOL/USDT:USDT,184.82,202.0,184.81,242.0,184.83,131.0,184.84,100.0
1753769560469,06:12:40.469,gate,SOL/USDT:USDT,184.82,202.0,184.81,324.0,184.83,153.0,184.84,129.0
1753769560554,06:12:40.554,gate,SOL/USDT:USDT,184.82,202.0,184.81,324.0,184.83,131.0,184.84,129.0
1753769560668,06:12:40.668,gate,SOL/USDT:USDT,184.82,202.0,184.81,324.0,184.83,121.0,184.84,129.0
1753769560754,06:12:40.754,gate,SOL/USDT:USDT,184.82,202.0,184.81,324.0,184.83,121.0,184.84,129.0
1753769560867,06:12:40.867,gate,SOL/USDT:USDT,184.82,209.0,184.81,338.0,184.83,86.0,184.84,76.0
1753769560952,06:12:40.952,gate,SOL/USDT:USDT,184.82,218.0,184.81,338.0,184.83,86.0,184.84,76.0
1753769561061,06:12:41.061,gate,SOL/USDT:USDT,184.82,218.0,184.81,338.0,184.83,86.0,184.84,88.0
1753769561165,06:12:41.165,gate,SOL/USDT:USDT,184.82,218.0,184.81,338.0,184.83,97.0,184.84,88.0
1753769561270,06:12:41.270,gate,SOL/USDT:USDT,184.82,207.0,184.81,336.0,184.83,109.0,184.84,76.0
1753769561368,06:12:41.368,gate,SOL/USDT:USDT,184.82,207.0,184.81,336.0,184.83,109.0,184.84,76.0
1753769561420,06:12:41.420,gate,SOL/USDT:USDT,184.82,207.0,184.81,336.0,184.83,109.0,184.84,76.0
1753769561537,06:12:41.537,gate,SOL/USDT:USDT,184.82,207.0,184.81,336.0,184.83,109.0,184.84,76.0
1753769561660,06:12:41.660,gate,SOL/USDT:USDT,184.82,207.0,184.81,336.0,184.83,71.0,184.84,76.0
1753769561769,06:12:41.769,gate,SOL/USDT:USDT,184.82,207.0,184.81,336.0,184.83,71.0,184.84,76.0
1753769561867,06:12:41.867,gate,SOL/USDT:USDT,184.82,207.0,184.81,336.0,184.83,59.0,184.84,76.0
1753769561967,06:12:41.967,gate,SOL/USDT:USDT,184.82,207.0,184.81,336.0,184.83,59.0,184.84,86.0
1753769562011,06:12:42.011,gate,SOL/USDT:USDT,184.82,207.0,184.81,336.0,184.83,59.0,184.84,86.0
1753769562157,06:12:42.157,gate,SOL/USDT:USDT,184.82,209.0,184.81,338.0,184.83,48.0,184.84,86.0
1753769562267,06:12:42.267,gate,SOL/USDT:USDT,184.82,209.0,184.81,338.0,184.83,48.0,184.84,86.0
1753769562349,06:12:42.349,gate,SOL/USDT:USDT,184.82,209.0,184.81,338.0,184.83,48.0,184.84,86.0
1753769562467,06:12:42.467,gate,SOL/USDT:USDT,184.82,209.0,184.81,338.0,184.83,47.0,184.84,86.0
1753769562568,06:12:42.568,gate,SOL/USDT:USDT,184.82,209.0,184.81,338.0,184.83,47.0,184.84,86.0
1753769562630,06:12:42.630,gate,SOL/USDT:USDT,184.82,209.0,184.81,338.0,184.83,47.0,184.84,86.0
1753769562762,06:12:42.762,gate,SOL/USDT:USDT,184.82,207.0,184.81,336.0,184.83,47.0,184.84,86.0
1753769562813,06:12:42.813,gate,SOL/USDT:USDT,184.82,210.0,184.81,336.0,184.83,47.0,184.84,86.0
1753769562950,06:12:42.950,gate,SOL/USDT:USDT,184.82,210.0,184.81,336.0,184.83,47.0,184.84,86.0
1753769563064,06:12:43.064,gate,SOL/USDT:USDT,184.82,210.0,184.81,336.0,184.83,47.0,184.84,86.0
1753769563161,06:12:43.161,gate,SOL/USDT:USDT,184.82,210.0,184.81,336.0,184.83,47.0,184.84,86.0
1753769563269,06:12:43.269,gate,SOL/USDT:USDT,184.82,212.0,184.81,338.0,184.83,47.0,184.84,86.0
1753769563365,06:12:43.365,gate,SOL/USDT:USDT,184.82,212.0,184.81,338.0,184.83,47.0,184.84,86.0
1753769563469,06:12:43.469,gate,SOL/USDT:USDT,184.82,212.0,184.81,338.0,184.83,47.0,184.84,86.0
1753769563560,06:12:43.560,gate,SOL/USDT:USDT,184.82,212.0,184.81,338.0,184.83,47.0,184.84,86.0
1753769563614,06:12:43.614,gate,SOL/USDT:USDT,184.82,212.0,184.81,338.0,184.83,47.0,184.84,86.0
1753769563754,06:12:43.754,gate,SOL/USDT:USDT,184.82,212.0,184.81,338.0,184.83,47.0,184.84,86.0
1753769563827,06:12:43.827,gate,SOL/USDT:USDT,184.82,212.0,184.81,338.0,184.83,47.0,184.84,86.0
1753769563952,06:12:43.952,gate,SOL/USDT:USDT,184.82,212.0,184.81,338.0,184.83,47.0,184.84,86.0
1753769564055,06:12:44.055,gate,SOL/USDT:USDT,184.82,212.0,184.81,338.0,184.83,47.0,184.84,86.0
1753769564171,06:12:44.171,gate,SOL/USDT:USDT,184.82,212.0,184.81,338.0,184.84,86.0,184.85,140.0
1753769564205,06:12:44.205,gate,SOL/USDT:USDT,184.83,309.0,184.82,249.0,184.84,128.0,184.85,140.0
1753769564342,06:12:44.342,gate,SOL/USDT:USDT,184.83,309.0,184.82,246.0,184.84,187.0,184.85,59.0
1753769564429,06:12:44.429,gate,SOL/USDT:USDT,184.83,254.0,184.82,246.0,184.84,155.0,184.85,59.0
1753769564543,06:12:44.543,gate,SOL/USDT:USDT,184.83,254.0,184.82,246.0,184.84,155.0,184.85,59.0
1753769564756,06:12:44.756,gate,SOL/USDT:USDT,184.83,254.0,184.82,246.0,184.84,155.0,184.85,59.0
1753769564829,06:12:44.829,gate,SOL/USDT:USDT,184.83,254.0,184.82,246.0,184.84,155.0,184.85,59.0
1753769564969,06:12:44.969,gate,SOL/USDT:USDT,184.83,254.0,184.82,246.0,184.84,76.0,184.85,104.0
1753769565012,06:12:45.012,gate,SOL/USDT:USDT,184.83,254.0,184.82,246.0,184.84,76.0,184.85,104.0
1753769565170,06:12:45.170,gate,SOL/USDT:USDT,184.83,254.0,184.82,246.0,184.85,105.0,184.86,68.0
1753769565268,06:12:45.268,gate,SOL/USDT:USDT,184.84,102.0,184.83,168.0,184.85,185.0,184.86,48.0
1753769565367,06:12:45.367,gate,SOL/USDT:USDT,184.84,133.0,184.83,165.0,184.85,278.0,184.86,48.0
1753769565434,06:12:45.434,gate,SOL/USDT:USDT,184.84,65.0,184.83,202.0,184.85,278.0,184.86,58.0
1753769565536,06:12:45.536,gate,SOL/USDT:USDT,184.84,65.0,184.83,202.0,184.85,288.0,184.86,48.0
1753769565759,06:12:45.759,gate,SOL/USDT:USDT,184.84,65.0,184.83,202.0,184.85,288.0,184.86,48.0
1753769565868,06:12:45.868,gate,SOL/USDT:USDT,184.84,125.0,184.83,202.0,184.85,278.0,184.86,56.0
1753769565931,06:12:45.931,gate,SOL/USDT:USDT,184.84,125.0,184.83,211.0,184.85,278.0,184.86,56.0
1753769566008,06:12:46.008,gate,SOL/USDT:USDT,184.84,125.0,184.83,211.0,184.85,278.0,184.86,56.0
1753769566239,06:12:46.239,gate,SOL/USDT:USDT,184.84,140.0,184.83,211.0,184.85,278.0,184.86,56.0
1753769566342,06:12:46.342,gate,SOL/USDT:USDT,184.84,222.0,184.83,211.0,184.85,278.0,184.86,56.0
1753769566467,06:12:46.467,gate,SOL/USDT:USDT,184.84,281.0,184.83,211.0,184.85,278.0,184.86,56.0
1753769566554,06:12:46.554,gate,SOL/USDT:USDT,184.84,222.0,184.83,211.0,184.85,278.0,184.86,56.0
1753769566615,06:12:46.615,gate,SOL/USDT:USDT,184.84,222.0,184.83,211.0,184.85,278.0,184.86,56.0
1753769566705,06:12:46.705,gate,SOL/USDT:USDT,184.84,147.0,184.83,211.0,184.85,278.0,184.86,56.0
1753769566867,06:12:46.867,gate,SOL/USDT:USDT,184.84,147.0,184.83,211.0,184.85,278.0,184.86,56.0
1753769566939,06:12:46.939,gate,SOL/USDT:USDT,184.84,65.0,184.83,211.0,184.85,278.0,184.86,56.0
1753769567013,06:12:47.013,gate,SOL/USDT:USDT,184.84,65.0,184.83,202.0,184.85,278.0,184.86,56.0
1753769567105,06:12:47.105,gate,SOL/USDT:USDT,184.84,65.0,184.83,202.0,184.85,278.0,184.86,56.0
1753769567370,06:12:47.370,gate,SOL/USDT:USDT,184.84,213.0,184.83,286.0,184.85,77.0,184.86,56.0
1753769567463,06:12:47.463,gate,SOL/USDT:USDT,184.84,222.0,184.83,286.0,184.85,59.0,184.86,56.0
1753769567518,06:12:47.518,gate,SOL/USDT:USDT,184.84,222.0,184.83,286.0,184.85,59.0,184.86,56.0
1753769567668,06:12:47.668,gate,SOL/USDT:USDT,184.84,213.0,184.83,286.0,184.85,59.0,184.86,56.0
1753769567693,06:12:47.693,gate,SOL/USDT:USDT,184.84,213.0,184.83,286.0,184.85,59.0,184.86,56.0
1753769567789,06:12:47.789,gate,SOL/USDT:USDT,184.84,213.0,184.83,286.0,184.85,59.0,184.86,56.0
1753769567954,06:12:47.954,gate,SOL/USDT:USDT,184.84,213.0,184.83,286.0,184.85,59.0,184.86,56.0
1753769568042,06:12:48.042,gate,SOL/USDT:USDT,184.84,213.0,184.83,286.0,184.85,59.0,184.86,56.0
1753769568243,06:12:48.243,gate,SOL/USDT:USDT,184.84,213.0,184.83,286.0,184.85,59.0,184.86,56.0
1753769568352,06:12:48.352,gate,SOL/USDT:USDT,184.84,211.0,184.83,284.0,184.85,59.0,184.86,76.0
1753769568414,06:12:48.414,gate,SOL/USDT:USDT,184.84,211.0,184.83,284.0,184.85,59.0,184.86,76.0
1753769568595,06:12:48.595,gate,SOL/USDT:USDT,184.84,211.0,184.83,284.0,184.85,59.0,184.86,76.0
1753769568717,06:12:48.717,gate,SOL/USDT:USDT,184.84,211.0,184.83,284.0,184.85,59.0,184.86,76.0
1753769568969,06:12:48.969,gate,SOL/USDT:USDT,184.85,198.0,184.84,216.0,184.86,86.0,184.87,138.0
1753769569057,06:12:49.057,gate,SOL/USDT:USDT,184.85,209.0,184.84,202.0,184.86,91.0,184.87,138.0
1753769569152,06:12:49.152,gate,SOL/USDT:USDT,184.85,223.0,184.84,202.0,184.86,102.0,184.87,138.0
1753769569232,06:12:49.232,gate,SOL/USDT:USDT,184.85,223.0,184.84,202.0,184.86,102.0,184.87,138.0
1753769569368,06:12:49.368,gate,SOL/USDT:USDT,184.85,223.0,184.84,202.0,184.86,102.0,184.87,38.0
1753769569469,06:12:49.469,gate,SOL/USDT:USDT,184.85,223.0,184.84,202.0,184.86,102.0,184.87,38.0
1753769569553,06:12:49.553,gate,SOL/USDT:USDT,184.85,223.0,184.84,204.0,184.86,102.0,184.87,27.0
1753769569627,06:12:49.627,gate,SOL/USDT:USDT,184.85,223.0,184.84,202.0,184.86,102.0,184.87,27.0
1753769569770,06:12:49.770,gate,SOL/USDT:USDT,184.85,223.0,184.84,202.0,184.86,102.0,184.87,27.0
1753769569953,06:12:49.953,gate,SOL/USDT:USDT,184.85,223.0,184.84,202.0,184.86,91.0,184.87,27.0
1753769570040,06:12:50.040,gate,SOL/USDT:USDT,184.85,223.0,184.84,202.0,184.86,91.0,184.87,27.0
1753769570123,06:12:50.123,gate,SOL/USDT:USDT,184.85,223.0,184.84,202.0,184.86,91.0,184.87,39.0
1753769570264,06:12:50.264,gate,SOL/USDT:USDT,184.85,223.0,184.84,202.0,184.86,109.0,184.87,39.0
1753769570352,06:12:50.352,gate,SOL/USDT:USDT,184.85,223.0,184.84,202.0,184.86,200.0,184.87,39.0
1753769570463,06:12:50.463,gate,SOL/USDT:USDT,184.85,65.0,184.84,202.0,184.86,211.0,184.87,39.0
1753769570513,06:12:50.513,gate,SOL/USDT:USDT,184.85,60.0,184.84,202.0,184.86,211.0,184.87,39.0
1753769570626,06:12:50.626,gate,SOL/USDT:USDT,184.85,60.0,184.84,202.0,184.86,211.0,184.87,39.0
1753769570797,06:12:50.797,gate,SOL/USDT:USDT,184.85,60.0,184.84,202.0,184.86,211.0,184.87,39.0
1753769570960,06:12:50.960,gate,SOL/USDT:USDT,184.85,60.0,184.84,202.0,184.86,211.0,184.87,39.0
1753769571063,06:12:51.063,gate,SOL/USDT:USDT,184.85,60.0,184.84,202.0,184.86,124.0,184.87,39.0
1753769571144,06:12:51.144,gate,SOL/USDT:USDT,184.85,60.0,184.84,202.0,184.86,124.0,184.87,39.0
1753769571269,06:12:51.269,gate,SOL/USDT:USDT,184.85,241.0,184.84,202.0,184.86,128.0,184.87,120.0
1753769571352,06:12:51.352,gate,SOL/USDT:USDT,184.85,243.0,184.84,204.0,184.86,85.0,184.87,108.0
1753769571446,06:12:51.446,gate,SOL/USDT:USDT,184.85,243.0,184.84,204.0,184.86,85.0,184.87,108.0
1753769571502,06:12:51.502,gate,SOL/USDT:USDT,184.85,243.0,184.84,204.0,184.86,85.0,184.87,108.0
1753769571964,06:12:51.964,gate,SOL/USDT:USDT,184.85,245.0,184.84,206.0,184.86,85.0,184.87,155.0
1753769572013,06:12:52.013,gate,SOL/USDT:USDT,184.85,245.0,184.84,206.0,184.86,85.0,184.87,155.0
1753769572154,06:12:52.154,gate,SOL/USDT:USDT,184.85,243.0,184.84,204.0,184.86,85.0,184.87,155.0
1753769572258,06:12:52.258,gate,SOL/USDT:USDT,184.85,241.0,184.84,202.0,184.86,85.0,184.87,166.0
1753769572319,06:12:52.319,gate,SOL/USDT:USDT,184.85,241.0,184.84,202.0,184.86,85.0,184.87,166.0
1753769572469,06:12:52.469,gate,SOL/USDT:USDT,184.85,241.0,184.84,202.0,184.86,85.0,184.87,166.0
1753769572764,06:12:52.764,gate,SOL/USDT:USDT,184.85,241.0,184.84,202.0,184.86,85.0,184.87,166.0
1753769572853,06:12:52.853,gate,SOL/USDT:USDT,184.85,241.0,184.84,202.0,184.86,85.0,184.87,166.0
1753769573070,06:12:53.070,gate,SOL/USDT:USDT,184.85,241.0,184.84,202.0,184.86,75.0,184.87,166.0
1753769573129,06:12:53.129,gate,SOL/USDT:USDT,184.85,243.0,184.84,204.0,184.86,75.0,184.87,166.0
1753769573244,06:12:53.244,gate,SOL/USDT:USDT,184.85,241.0,184.84,202.0,184.86,75.0,184.87,166.0
1753769573358,06:12:53.358,gate,SOL/USDT:USDT,184.85,241.0,184.84,202.0,184.86,58.0,184.87,166.0
1753769573471,06:12:53.471,gate,SOL/USDT:USDT,184.85,241.0,184.84,202.0,184.86,58.0,184.87,166.0
1753769573478,06:12:53.478,gate,SOL/USDT:USDT,184.85,241.0,184.84,202.0,184.86,58.0,184.87,166.0
1753769573662,06:12:53.662,gate,SOL/USDT:USDT,184.85,241.0,184.84,202.0,184.86,58.0,184.87,166.0
1753769573734,06:12:53.734,gate,SOL/USDT:USDT,184.85,241.0,184.84,202.0,184.86,107.0,184.87,166.0
1753769573807,06:12:53.807,gate,SOL/USDT:USDT,184.85,241.0,184.84,202.0,184.86,107.0,184.87,166.0
1753769573918,06:12:53.918,gate,SOL/USDT:USDT,184.85,241.0,184.84,202.0,184.86,136.0,184.87,168.0
1753769574049,06:12:54.049,gate,SOL/USDT:USDT,184.85,241.0,184.84,202.0,184.86,136.0,184.87,168.0
1753769574113,06:12:54.113,gate,SOL/USDT:USDT,184.85,241.0,184.84,202.0,184.86,136.0,184.87,168.0
1753769574257,06:12:54.257,gate,SOL/USDT:USDT,184.85,241.0,184.84,202.0,184.86,136.0,184.87,168.0
1753769574338,06:12:54.338,gate,SOL/USDT:USDT,184.85,241.0,184.84,202.0,184.86,136.0,184.87,168.0
1753769574453,06:12:54.453,gate,SOL/USDT:USDT,184.85,243.0,184.84,206.0,184.86,59.0,184.87,85.0
1753769574564,06:12:54.564,gate,SOL/USDT:USDT,184.85,83.0,184.84,207.0,184.86,222.0,184.87,98.0
1753769574649,06:12:54.649,gate,SOL/USDT:USDT,184.85,83.0,184.84,207.0,184.86,233.0,184.87,85.0
1753769574762,06:12:54.762,gate,SOL/USDT:USDT,184.85,118.0,184.84,207.0,184.86,233.0,184.87,85.0
1753769574793,06:12:54.793,gate,SOL/USDT:USDT,184.85,118.0,184.84,184.0,184.86,233.0,184.87,85.0
1753769574902,06:12:54.902,gate,SOL/USDT:USDT,184.85,118.0,184.84,256.0,184.86,233.0,184.87,85.0
1753769575054,06:12:55.054,gate,SOL/USDT:USDT,184.85,118.0,184.84,256.0,184.86,233.0,184.87,85.0
1753769575169,06:12:55.169,gate,SOL/USDT:USDT,184.85,118.0,184.84,256.0,184.86,233.0,184.87,85.0
1753769575258,06:12:55.258,gate,SOL/USDT:USDT,184.85,200.0,184.84,256.0,184.86,233.0,184.87,85.0
1753769575337,06:12:55.337,gate,SOL/USDT:USDT,184.85,200.0,184.84,256.0,184.86,233.0,184.87,85.0
1753769575469,06:12:55.469,gate,SOL/USDT:USDT,184.85,200.0,184.84,256.0,184.86,233.0,184.87,85.0
1753769575507,06:12:55.507,gate,SOL/USDT:USDT,184.85,200.0,184.84,256.0,184.86,233.0,184.87,85.0
1753769575722,06:12:55.722,gate,SOL/USDT:USDT,184.85,200.0,184.84,256.0,184.86,233.0,184.87,85.0
1753769575865,06:12:55.865,gate,SOL/USDT:USDT,184.85,200.0,184.84,256.0,184.86,233.0,184.87,85.0
1753769575964,06:12:55.964,gate,SOL/USDT:USDT,184.85,200.0,184.84,256.0,184.86,116.0,184.87,85.0
1753769576068,06:12:56.068,gate,SOL/USDT:USDT,184.85,200.0,184.84,256.0,184.86,116.0,184.87,85.0
1753769576123,06:12:56.123,gate,SOL/USDT:USDT,184.85,200.0,184.84,256.0,184.86,116.0,184.87,85.0
1753769576211,06:12:56.211,gate,SOL/USDT:USDT,184.85,200.0,184.84,256.0,184.86,197.0,184.87,85.0
1753769576360,06:12:56.360,gate,SOL/USDT:USDT,184.85,200.0,184.84,256.0,184.86,197.0,184.87,85.0
1753769576438,06:12:56.438,gate,SOL/USDT:USDT,184.85,200.0,184.84,256.0,184.86,197.0,184.87,85.0
1753769576525,06:12:56.525,gate,SOL/USDT:USDT,184.85,200.0,184.84,256.0,184.86,197.0,184.87,85.0
1753769576660,06:12:56.660,gate,SOL/USDT:USDT,184.85,200.0,184.84,256.0,184.86,197.0,184.87,87.0
1753769576732,06:12:56.732,gate,SOL/USDT:USDT,184.85,142.0,184.84,256.0,184.86,198.0,184.87,87.0
1753769576865,06:12:56.865,gate,SOL/USDT:USDT,184.85,14.0,184.84,149.0,184.86,202.0,184.87,87.0
1753769576965,06:12:56.965,gate,SOL/USDT:USDT,184.85,14.0,184.84,149.0,184.86,212.0,184.87,87.0
1753769577060,06:12:57.060,gate,SOL/USDT:USDT,184.85,14.0,184.84,123.0,184.86,212.0,184.87,87.0
1753769577159,06:12:57.159,gate,SOL/USDT:USDT,184.85,14.0,184.84,165.0,184.86,212.0,184.87,87.0
1753769577265,06:12:57.265,gate,SOL/USDT:USDT,184.85,14.0,184.84,264.0,184.86,212.0,184.87,85.0
1753769577367,06:12:57.367,gate,SOL/USDT:USDT,184.85,14.0,184.84,192.0,184.86,212.0,184.87,85.0
1753769577461,06:12:57.461,gate,SOL/USDT:USDT,184.85,14.0,184.84,212.0,184.86,214.0,184.87,87.0
1753769577541,06:12:57.541,gate,SOL/USDT:USDT,184.85,14.0,184.84,144.0,184.86,214.0,184.87,87.0
1753769577892,06:12:57.892,gate,SOL/USDT:USDT,184.85,14.0,184.84,218.0,184.86,214.0,184.87,87.0
1753769578064,06:12:58.064,gate,SOL/USDT:USDT,184.85,14.0,184.84,218.0,184.86,214.0,184.87,85.0
1753769578155,06:12:58.155,gate,SOL/USDT:USDT,184.85,72.0,184.84,218.0,184.86,214.0,184.87,85.0
1753769578269,06:12:58.269,gate,SOL/USDT:USDT,184.85,199.0,184.84,209.0,184.86,214.0,184.87,85.0
1753769578361,06:12:58.361,gate,SOL/USDT:USDT,184.85,199.0,184.84,209.0,184.86,133.0,184.87,85.0
1753769578469,06:12:58.469,gate,SOL/USDT:USDT,184.85,199.0,184.84,207.0,184.86,147.0,184.87,85.0
1753769578577,06:12:58.577,gate,SOL/USDT:USDT,184.85,199.0,184.84,207.0,184.86,147.0,184.87,85.0
1753769578867,06:12:58.867,gate,SOL/USDT:USDT,184.85,201.0,184.84,211.0,184.86,128.0,184.87,85.0
1753769579058,06:12:59.058,gate,SOL/USDT:USDT,184.85,201.0,184.84,211.0,184.86,128.0,184.87,85.0
1753769579175,06:12:59.175,gate,SOL/USDT:USDT,184.85,201.0,184.84,211.0,184.86,209.0,184.87,85.0
1753769579366,06:12:59.366,gate,SOL/USDT:USDT,184.85,201.0,184.84,211.0,184.86,82.0,184.87,85.0
1753769579461,06:12:59.461,gate,SOL/USDT:USDT,184.85,201.0,184.84,211.0,184.86,72.0,184.87,61.0
1753769579561,06:12:59.561,gate,SOL/USDT:USDT,184.85,206.0,184.84,211.0,184.86,61.0,184.87,86.0
1753769579601,06:12:59.601,gate,SOL/USDT:USDT,184.85,206.0,184.84,211.0,184.86,61.0,184.87,86.0
1753769579854,06:12:59.854,gate,SOL/USDT:USDT,184.85,206.0,184.84,211.0,184.86,61.0,184.87,86.0
1753769579952,06:12:59.952,gate,SOL/USDT:USDT,184.85,206.0,184.84,211.0,184.86,61.0,184.87,86.0
1753769580022,06:13:00.022,gate,SOL/USDT:USDT,184.85,217.0,184.84,211.0,184.86,3.0,184.87,56.0
1753769580165,06:13:00.165,gate,SOL/USDT:USDT,184.85,206.0,184.84,211.0,184.86,118.0,184.87,169.0
1753769580174,06:13:00.174,gate,SOL/USDT:USDT,184.85,204.0,184.84,207.0,184.86,118.0,184.87,169.0
1753769580368,06:13:00.368,gate,SOL/USDT:USDT,184.85,206.0,184.84,211.0,184.86,50.0,184.87,88.0
1753769580469,06:13:00.469,gate,SOL/USDT:USDT,184.85,206.0,184.84,209.0,184.86,50.0,184.87,88.0
1753769580561,06:13:00.561,gate,SOL/USDT:USDT,184.85,206.0,184.84,209.0,184.86,50.0,184.87,88.0
1753769580659,06:13:00.659,gate,SOL/USDT:USDT,184.85,206.0,184.84,209.0,184.86,50.0,184.87,88.0
1753769580758,06:13:00.758,gate,SOL/USDT:USDT,184.85,206.0,184.84,209.0,184.86,61.0,184.87,88.0
1753769580863,06:13:00.863,gate,SOL/USDT:USDT,184.85,204.0,184.84,207.0,184.86,73.0,184.87,79.0
1753769580956,06:13:00.956,gate,SOL/USDT:USDT,184.85,204.0,184.84,207.0,184.86,73.0,184.87,79.0
1753769581061,06:13:01.061,gate,SOL/USDT:USDT,184.85,204.0,184.84,207.0,184.86,73.0,184.87,79.0
1753769581167,06:13:01.167,gate,SOL/USDT:USDT,184.85,204.0,184.84,207.0,184.86,73.0,184.87,158.0
1753769581220,06:13:01.220,gate,SOL/USDT:USDT,184.85,204.0,184.84,207.0,184.86,73.0,184.87,158.0
1753769581367,06:13:01.367,gate,SOL/USDT:USDT,184.85,204.0,184.84,207.0,184.86,116.0,184.87,160.0
1753769581469,06:13:01.469,gate,SOL/USDT:USDT,184.85,258.0,184.84,207.0,184.86,118.0,184.87,162.0
1753769581563,06:13:01.563,gate,SOL/USDT:USDT,184.85,204.0,184.84,207.0,184.86,130.0,184.87,162.0
1753769581645,06:13:01.645,gate,SOL/USDT:USDT,184.85,204.0,184.84,207.0,184.86,128.0,184.87,160.0
1753769581741,06:13:01.741,gate,SOL/USDT:USDT,184.85,204.0,184.84,207.0,184.86,128.0,184.87,158.0
1753769581839,06:13:01.839,gate,SOL/USDT:USDT,184.85,204.0,184.84,207.0,184.86,128.0,184.87,158.0
1753769581921,06:13:01.921,gate,SOL/USDT:USDT,184.85,204.0,184.84,207.0,184.86,128.0,184.87,158.0
1753769582059,06:13:02.059,gate,SOL/USDT:USDT,184.85,204.0,184.84,209.0,184.86,116.0,184.87,158.0
1753769582149,06:13:02.149,gate,SOL/USDT:USDT,184.85,206.0,184.84,209.0,184.86,166.0,184.87,77.0
1753769582263,06:13:02.263,gate,SOL/USDT:USDT,184.85,204.0,184.84,207.0,184.86,166.0,184.87,77.0
1753769582364,06:13:02.364,gate,SOL/USDT:USDT,184.85,204.0,184.84,207.0,184.86,166.0,184.87,77.0
1753769582446,06:13:02.446,gate,SOL/USDT:USDT,184.85,122.0,184.84,207.0,184.86,184.0,184.87,77.0
1753769582564,06:13:02.564,gate,SOL/USDT:USDT,184.85,64.0,184.84,207.0,184.86,198.0,184.87,77.0
1753769582627,06:13:02.627,gate,SOL/USDT:USDT,184.85,64.0,184.84,207.0,184.86,198.0,184.87,77.0
1753769582767,06:13:02.767,gate,SOL/USDT:USDT,184.85,64.0,184.84,207.0,184.86,198.0,184.87,77.0
1753769582865,06:13:02.865,gate,SOL/USDT:USDT,184.85,64.0,184.84,209.0,184.86,198.0,184.87,77.0
1753769582945,06:13:02.945,gate,SOL/USDT:USDT,184.85,85.0,184.84,209.0,184.86,198.0,184.87,77.0
1753769583063,06:13:03.063,gate,SOL/USDT:USDT,184.85,64.0,184.84,209.0,184.86,198.0,184.87,77.0
1753769583166,06:13:03.166,gate,SOL/USDT:USDT,184.85,117.0,184.84,183.0,184.86,211.0,184.87,77.0
1753769583249,06:13:03.249,gate,SOL/USDT:USDT,184.85,59.0,184.84,183.0,184.86,211.0,184.87,77.0
1753769583347,06:13:03.347,gate,SOL/USDT:USDT,184.85,14.0,184.84,157.0,184.86,221.0,184.87,79.0
1753769583460,06:13:03.460,gate,SOL/USDT:USDT,184.85,14.0,184.84,157.0,184.86,221.0,184.87,79.0
1753769583549,06:13:03.549,gate,SOL/USDT:USDT,184.85,14.0,184.84,168.0,184.86,221.0,184.87,79.0
1753769583628,06:13:03.628,gate,SOL/USDT:USDT,184.85,14.0,184.84,168.0,184.86,221.0,184.87,79.0
1753769583765,06:13:03.765,gate,SOL/USDT:USDT,184.85,14.0,184.84,118.0,184.86,221.0,184.87,79.0
1753769583868,06:13:03.868,gate,SOL/USDT:USDT,184.84,81.0,184.83,139.0,184.85,401.0,184.86,85.0
1753769583969,06:13:03.969,gate,SOL/USDT:USDT,184.84,195.0,184.83,214.0,184.85,121.0,184.86,63.0
1753769584067,06:13:04.067,gate,SOL/USDT:USDT,184.84,159.0,184.83,204.0,184.85,70.0,184.86,57.0
1753769584122,06:13:04.122,gate,SOL/USDT:USDT,184.84,241.0,184.83,286.0,184.85,70.0,184.86,138.0
1753769584217,06:13:04.217,gate,SOL/USDT:USDT,184.84,288.0,184.83,284.0,184.85,59.0,184.86,138.0
1753769584330,06:13:04.330,gate,SOL/USDT:USDT,184.84,290.0,184.83,286.0,184.85,59.0,184.86,138.0
1753769584469,06:13:04.469,gate,SOL/USDT:USDT,184.84,290.0,184.83,286.0,184.85,59.0,184.86,138.0
1753769584642,06:13:04.642,gate,SOL/USDT:USDT,184.84,292.0,184.83,288.0,184.85,48.0,184.86,138.0
1753769584753,06:13:04.753,gate,SOL/USDT:USDT,184.84,292.0,184.83,288.0,184.85,60.0,184.86,138.0
1753769584855,06:13:04.855,gate,SOL/USDT:USDT,184.84,119.0,184.83,202.0,184.85,181.0,184.86,138.0
1753769584963,06:13:04.963,gate,SOL/USDT:USDT,184.84,184.0,184.83,202.0,184.85,70.0,184.86,138.0
1753769585036,06:13:05.036,gate,SOL/USDT:USDT,184.84,184.0,184.83,202.0,184.85,60.0,184.86,144.0
1753769585155,06:13:05.155,gate,SOL/USDT:USDT,184.84,298.0,184.83,212.0,184.85,131.0,184.86,50.0
1753769585255,06:13:05.255,gate,SOL/USDT:USDT,184.84,298.0,184.83,284.0,184.85,131.0,184.86,69.0
1753769585368,06:13:05.368,gate,SOL/USDT:USDT,184.84,300.0,184.83,288.0,184.85,131.0,184.86,69.0
1753769585463,06:13:05.463,gate,SOL/USDT:USDT,184.84,305.0,184.83,288.0,184.85,38.0,184.86,67.0
1753769585536,06:13:05.536,gate,SOL/USDT:USDT,184.84,305.0,184.83,288.0,184.85,38.0,184.86,79.0
1753769585666,06:13:05.666,gate,SOL/USDT:USDT,184.85,414.0,184.84,281.0,184.86,48.0,184.87,90.0
1753769585756,06:13:05.756,gate,SOL/USDT:USDT,184.85,425.0,184.84,281.0,184.86,48.0,184.87,90.0
1753769585866,06:13:05.866,gate,SOL/USDT:USDT,184.85,423.0,184.84,279.0,184.86,48.0,184.87,101.0
1753769585891,06:13:05.891,gate,SOL/USDT:USDT,184.85,423.0,184.84,279.0,184.86,48.0,184.87,101.0
1753769586033,06:13:06.033,gate,SOL/USDT:USDT,184.85,423.0,184.84,279.0,184.86,48.0,184.87,101.0
1753769586100,06:13:06.100,gate,SOL/USDT:USDT,184.85,423.0,184.84,279.0,184.86,48.0,184.87,182.0
1753769586233,06:13:06.233,gate,SOL/USDT:USDT,184.85,423.0,184.84,279.0,184.86,48.0,184.87,182.0
1753769586360,06:13:06.360,gate,SOL/USDT:USDT,184.85,341.0,184.84,165.0,184.86,48.0,184.87,194.0
1753769586433,06:13:06.433,gate,SOL/USDT:USDT,184.85,341.0,184.84,137.0,184.86,71.0,184.87,183.0
1753769586516,06:13:06.516,gate,SOL/USDT:USDT,184.85,341.0,184.84,137.0,184.86,71.0,184.87,183.0
1753769586720,06:13:06.720,gate,SOL/USDT:USDT,184.85,341.0,184.84,137.0,184.86,71.0,184.87,183.0
1753769586841,06:13:06.841,gate,SOL/USDT:USDT,184.85,341.0,184.84,137.0,184.86,71.0,184.87,171.0
1753769586916,06:13:06.916,gate,SOL/USDT:USDT,184.85,341.0,184.84,115.0,184.86,71.0,184.87,171.0
1753769587051,06:13:07.051,gate,SOL/USDT:USDT,184.85,341.0,184.84,187.0,184.86,71.0,184.87,171.0
1753769587130,06:13:07.130,gate,SOL/USDT:USDT,184.85,341.0,184.84,187.0,184.86,152.0,184.87,90.0
1753769587233,06:13:07.233,gate,SOL/USDT:USDT,184.85,341.0,184.84,187.0,184.86,152.0,184.87,90.0
1753769587367,06:13:07.367,gate,SOL/USDT:USDT,184.85,251.0,184.84,187.0,184.86,236.0,184.87,90.0
1753769587467,06:13:07.467,gate,SOL/USDT:USDT,184.85,219.0,184.84,115.0,184.86,236.0,184.87,90.0
1753769587498,06:13:07.498,gate,SOL/USDT:USDT,184.85,167.0,184.84,187.0,184.86,236.0,184.87,90.0
1753769587648,06:13:07.648,gate,SOL/USDT:USDT,184.85,68.0,184.84,187.0,184.86,236.0,184.87,90.0
1753769587753,06:13:07.753,gate,SOL/USDT:USDT,184.85,123.0,184.84,187.0,184.86,236.0,184.87,90.0
1753769587864,06:13:07.864,gate,SOL/USDT:USDT,184.85,68.0,184.84,187.0,184.86,236.0,184.87,90.0
1753769588064,06:13:08.064,gate,SOL/USDT:USDT,184.85,22.0,184.84,115.0,184.86,227.0,184.87,92.0
1753769588140,06:13:08.140,gate,SOL/USDT:USDT,184.85,22.0,184.84,209.0,184.86,227.0,184.87,92.0
1753769588249,06:13:08.249,gate,SOL/USDT:USDT,184.85,22.0,184.84,209.0,184.86,227.0,184.87,92.0
1753769588355,06:13:08.355,gate,SOL/USDT:USDT,184.85,22.0,184.84,200.0,184.86,227.0,184.87,92.0
1753769588442,06:13:08.442,gate,SOL/USDT:USDT,184.85,22.0,184.84,200.0,184.86,228.0,184.87,92.0
1753769588667,06:13:08.667,gate,SOL/USDT:USDT,184.85,57.0,184.84,200.0,184.86,228.0,184.87,90.0
1753769588755,06:13:08.755,gate,SOL/USDT:USDT,184.85,57.0,184.84,200.0,184.86,228.0,184.87,90.0
1753769588898,06:13:08.898,gate,SOL/USDT:USDT,184.85,57.0,184.84,200.0,184.86,228.0,184.87,90.0
1753769589017,06:13:09.017,gate,SOL/USDT:USDT,184.85,57.0,184.84,200.0,184.86,228.0,184.87,90.0
1753769589100,06:13:09.100,gate,SOL/USDT:USDT,184.85,57.0,184.84,200.0,184.86,228.0,184.87,90.0
1753769589237,06:13:09.237,gate,SOL/USDT:USDT,184.85,57.0,184.84,200.0,184.86,228.0,184.87,90.0
1753769589349,06:13:09.349,gate,SOL/USDT:USDT,184.85,57.0,184.84,200.0,184.86,228.0,184.87,90.0
1753769589552,06:13:09.552,gate,SOL/USDT:USDT,184.85,57.0,184.84,200.0,184.86,228.0,184.87,90.0
1753769589575,06:13:09.575,gate,SOL/USDT:USDT,184.85,57.0,184.84,200.0,184.86,228.0,184.87,90.0
1753769589763,06:13:09.763,gate,SOL/USDT:USDT,184.85,46.0,184.84,200.0,184.86,228.0,184.87,90.0
1753769589770,06:13:09.770,gate,SOL/USDT:USDT,184.85,46.0,184.84,200.0,184.86,228.0,184.87,90.0
1753769589879,06:13:09.879,gate,SOL/USDT:USDT,184.85,46.0,184.84,200.0,184.86,228.0,184.87,90.0
1753769590066,06:13:10.066,gate,SOL/USDT:USDT,184.85,128.0,184.84,232.0,184.86,228.0,184.87,90.0
1753769590155,06:13:10.155,gate,SOL/USDT:USDT,184.85,128.0,184.84,232.0,184.86,228.0,184.87,90.0
1753769590245,06:13:10.245,gate,SOL/USDT:USDT,184.85,128.0,184.84,232.0,184.86,228.0,184.87,90.0
1753769590308,06:13:10.308,gate,SOL/USDT:USDT,184.85,128.0,184.84,230.0,184.86,228.0,184.87,90.0
1753769590469,06:13:10.469,gate,SOL/USDT:USDT,184.85,139.0,184.84,230.0,184.86,228.0,184.87,90.0
1753769590558,06:13:10.558,gate,SOL/USDT:USDT,184.85,205.0,184.84,234.0,184.86,85.0,184.87,90.0
1753769590617,06:13:10.617,gate,SOL/USDT:USDT,184.85,205.0,184.84,232.0,184.86,85.0,184.87,90.0
1753769590745,06:13:10.745,gate,SOL/USDT:USDT,184.85,205.0,184.84,232.0,184.86,72.0,184.87,90.0
1753769590849,06:13:10.849,gate,SOL/USDT:USDT,184.85,205.0,184.84,233.0,184.86,72.0,184.87,90.0
1753769590963,06:13:10.963,gate,SOL/USDT:USDT,184.85,203.0,184.84,231.0,184.86,72.0,184.87,90.0
1753769591058,06:13:11.058,gate,SOL/USDT:USDT,184.85,203.0,184.84,231.0,184.86,153.0,184.87,92.0
1753769591088,06:13:11.088,gate,SOL/USDT:USDT,184.85,203.0,184.84,231.0,184.86,153.0,184.87,92.0
1753769591257,06:13:11.257,gate,SOL/USDT:USDT,184.85,203.0,184.84,231.0,184.86,153.0,184.87,90.0
1753769591306,06:13:11.306,gate,SOL/USDT:USDT,184.85,201.0,184.84,231.0,184.86,153.0,184.87,90.0
1753769591461,06:13:11.461,gate,SOL/USDT:USDT,184.85,35.0,184.84,157.0,184.86,236.0,184.87,87.0
1753769591556,06:13:11.556,gate,SOL/USDT:USDT,184.85,35.0,184.84,83.0,184.86,240.0,184.87,97.0
1753769591653,06:13:11.653,gate,SOL/USDT:USDT,184.85,35.0,184.84,94.0,184.86,238.0,184.87,95.0
1753769591813,06:13:11.813,gate,SOL/USDT:USDT,184.85,35.0,184.84,94.0,184.86,238.0,184.87,95.0
1753769591933,06:13:11.933,gate,SOL/USDT:USDT,184.85,35.0,184.84,94.0,184.86,238.0,184.87,95.0
1753769592065,06:13:12.065,gate,SOL/USDT:USDT,184.85,109.0,184.84,176.0,184.86,238.0,184.87,95.0
1753769592081,06:13:12.081,gate,SOL/USDT:USDT,184.85,109.0,184.84,176.0,184.86,238.0,184.87,95.0
1753769592260,06:13:12.260,gate,SOL/USDT:USDT,184.85,109.0,184.84,176.0,184.86,238.0,184.87,95.0
1753769592324,06:13:12.324,gate,SOL/USDT:USDT,184.85,109.0,184.84,247.0,184.86,238.0,184.87,95.0
1753769592469,06:13:12.469,gate,SOL/USDT:USDT,184.85,109.0,184.84,176.0,184.86,238.0,184.87,97.0
1753769592569,06:13:12.569,gate,SOL/USDT:USDT,184.85,35.0,184.84,165.0,184.86,238.0,184.87,95.0
1753769592634,06:13:12.634,gate,SOL/USDT:USDT,184.85,35.0,184.84,165.0,184.86,238.0,184.87,97.0
1753769592734,06:13:12.734,gate,SOL/USDT:USDT,184.85,35.0,184.84,165.0,184.86,238.0,184.87,97.0
1753769592868,06:13:12.868,gate,SOL/USDT:USDT,184.85,35.0,184.84,165.0,184.86,238.0,184.87,97.0
1753769592938,06:13:12.938,gate,SOL/USDT:USDT,184.85,35.0,184.84,165.0,184.86,238.0,184.87,95.0
1753769593030,06:13:13.030,gate,SOL/USDT:USDT,184.85,117.0,184.84,176.0,184.86,238.0,184.87,95.0
1753769593102,06:13:13.102,gate,SOL/USDT:USDT,184.85,117.0,184.84,176.0,184.86,238.0,184.87,95.0
1753769593247,06:13:13.247,gate,SOL/USDT:USDT,184.85,129.0,184.84,236.0,184.86,215.0,184.87,66.0
1753769593340,06:13:13.340,gate,SOL/USDT:USDT,184.85,94.0,184.84,236.0,184.86,225.0,184.87,140.0
1753769593467,06:13:13.467,gate,SOL/USDT:USDT,184.84,82.0,184.83,212.0,184.85,456.0,184.86,89.0
1753769593565,06:13:13.565,gate,SOL/USDT:USDT,184.83,119.0,184.82,237.0,184.84,423.0,184.85,174.0
1753769593664,06:13:13.664,gate,SOL/USDT:USDT,184.83,105.0,184.82,302.0,184.84,395.0,184.85,103.0
1753769593757,06:13:13.757,gate,SOL/USDT:USDT,184.83,105.0,184.82,302.0,184.84,395.0,184.85,103.0
1753769593861,06:13:13.861,gate,SOL/USDT:USDT,184.83,197.0,184.82,302.0,184.84,385.0,184.85,103.0
1753769593965,06:13:13.965,gate,SOL/USDT:USDT,184.83,150.0,184.82,302.0,184.84,385.0,184.85,103.0
1753769594066,06:13:14.066,gate,SOL/USDT:USDT,184.83,58.0,184.82,194.0,184.84,385.0,184.85,103.0
1753769594159,06:13:14.159,gate,SOL/USDT:USDT,184.83,58.0,184.82,194.0,184.84,385.0,184.85,103.0
1753769594362,06:13:14.362,gate,SOL/USDT:USDT,184.83,58.0,184.82,194.0,184.84,385.0,184.85,91.0
1753769594456,06:13:14.456,gate,SOL/USDT:USDT,184.83,58.0,184.82,194.0,184.84,385.0,184.85,91.0
1753769594559,06:13:14.559,gate,SOL/USDT:USDT,184.83,23.0,184.82,194.0,184.84,385.0,184.85,91.0
1753769594665,06:13:14.665,gate,SOL/USDT:USDT,184.83,23.0,184.82,194.0,184.84,385.0,184.85,91.0
1753769594681,06:13:14.681,gate,SOL/USDT:USDT,184.83,23.0,184.82,194.0,184.84,385.0,184.85,91.0
1753769594868,06:13:14.868,gate,SOL/USDT:USDT,184.82,135.0,184.81,266.0,184.83,494.0,184.84,84.0
1753769594969,06:13:14.969,gate,SOL/USDT:USDT,184.82,193.0,184.81,212.0,184.83,312.0,184.84,80.0
1753769595069,06:13:15.069,gate,SOL/USDT:USDT,184.82,141.0,184.81,224.0,184.83,324.0,184.84,80.0
1753769595152,06:13:15.152,gate,SOL/USDT:USDT,184.82,69.0,184.81,296.0,184.83,333.0,184.84,92.0
1753769595262,06:13:15.262,gate,SOL/USDT:USDT,184.82,69.0,184.81,296.0,184.83,324.0,184.84,92.0
1753769595355,06:13:15.355,gate,SOL/USDT:USDT,184.82,11.0,184.81,296.0,184.83,252.0,184.84,90.0
1753769595461,06:13:15.461,gate,SOL/USDT:USDT,184.82,46.0,184.81,307.0,184.83,252.0,184.84,90.0
1753769595529,06:13:15.529,gate,SOL/USDT:USDT,184.82,93.0,184.81,307.0,184.83,252.0,184.84,90.0
1753769595666,06:13:15.666,gate,SOL/USDT:USDT,184.82,93.0,184.81,307.0,184.83,252.0,184.84,90.0
1753769595765,06:13:15.765,gate,SOL/USDT:USDT,184.82,46.0,184.81,307.0,184.83,252.0,184.84,90.0
1753769595845,06:13:15.845,gate,SOL/USDT:USDT,184.82,46.0,184.81,307.0,184.83,252.0,184.84,90.0
1753769595951,06:13:15.951,gate,SOL/USDT:USDT,184.82,93.0,184.81,307.0,184.83,252.0,184.84,90.0
1753769596039,06:13:16.039,gate,SOL/USDT:USDT,184.82,164.0,184.81,307.0,184.83,333.0,184.84,90.0
1753769596093,06:13:16.093,gate,SOL/USDT:USDT,184.82,164.0,184.81,307.0,184.83,333.0,184.84,90.0
1753769596257,06:13:16.257,gate,SOL/USDT:USDT,184.82,193.0,184.81,296.0,184.83,315.0,184.84,90.0
1753769596369,06:13:16.369,gate,SOL/USDT:USDT,184.82,196.0,184.81,296.0,184.83,158.0,184.84,90.0
1753769596469,06:13:16.469,gate,SOL/USDT:USDT,184.82,268.0,184.81,254.0,184.83,165.0,184.84,90.0
1753769596554,06:13:16.554,gate,SOL/USDT:USDT,184.82,196.0,184.81,254.0,184.83,164.0,184.84,90.0
1753769596650,06:13:16.650,gate,SOL/USDT:USDT,184.82,196.0,184.81,254.0,184.83,158.0,184.84,93.0
1753769596749,06:13:16.749,gate,SOL/USDT:USDT,184.82,193.0,184.81,254.0,184.83,170.0,184.84,117.0
1753769596853,06:13:16.853,gate,SOL/USDT:USDT,184.82,193.0,184.81,254.0,184.83,170.0,184.84,117.0
1753769596930,06:13:16.930,gate,SOL/USDT:USDT,184.82,193.0,184.81,254.0,184.83,170.0,184.84,117.0
1753769597024,06:13:17.024,gate,SOL/USDT:USDT,184.82,193.0,184.81,254.0,184.83,251.0,184.84,117.0
1753769597123,06:13:17.123,gate,SOL/USDT:USDT,184.82,193.0,184.81,254.0,184.83,251.0,184.84,117.0
1753769597258,06:13:17.258,gate,SOL/USDT:USDT,184.82,193.0,184.81,254.0,184.83,251.0,184.84,117.0
1753769597365,06:13:17.365,gate,SOL/USDT:USDT,184.82,193.0,184.81,254.0,184.83,251.0,184.84,117.0
1753769597427,06:13:17.427,gate,SOL/USDT:USDT,184.82,128.0,184.81,254.0,184.83,251.0,184.84,117.0
1753769597568,06:13:17.568,gate,SOL/USDT:USDT,184.82,61.0,184.81,254.0,184.83,251.0,184.84,117.0
1753769597627,06:13:17.627,gate,SOL/USDT:USDT,184.82,69.0,184.81,254.0,184.83,251.0,184.84,117.0
1753769597742,06:13:17.742,gate,SOL/USDT:USDT,184.82,127.0,184.81,254.0,184.83,251.0,184.84,117.0
1753769597859,06:13:17.859,gate,SOL/USDT:USDT,184.82,127.0,184.81,254.0,184.83,251.0,184.84,117.0
1753769597970,06:13:17.970,gate,SOL/USDT:USDT,184.82,206.0,184.81,254.0,184.83,251.0,184.84,117.0
1753769598069,06:13:18.069,gate,SOL/USDT:USDT,184.82,206.0,184.81,254.0,184.83,251.0,184.84,117.0
1753769598163,06:13:18.163,gate,SOL/USDT:USDT,184.82,46.0,184.81,105.0,184.83,253.0,184.84,119.0
1753769598268,06:13:18.268,gate,SOL/USDT:USDT,184.82,46.0,184.81,222.0,184.83,251.0,184.84,117.0
1753769598362,06:13:18.362,gate,SOL/USDT:USDT,184.82,11.0,184.81,222.0,184.83,251.0,184.84,117.0
1753769598456,06:13:18.456,gate,SOL/USDT:USDT,184.82,11.0,184.81,168.0,184.83,251.0,184.84,117.0
1753769598552,06:13:18.552,gate,SOL/USDT:USDT,184.82,116.0,184.81,168.0,184.83,251.0,184.84,117.0
1753769598667,06:13:18.667,gate,SOL/USDT:USDT,184.82,11.0,184.81,168.0,184.83,251.0,184.84,117.0
1753769598768,06:13:18.768,gate,SOL/USDT:USDT,184.82,11.0,184.81,168.0,184.83,251.0,184.84,117.0
1753769598859,06:13:18.859,gate,SOL/USDT:USDT,184.82,11.0,184.81,150.0,184.83,251.0,184.84,117.0
1753769598960,06:13:18.960,gate,SOL/USDT:USDT,184.82,11.0,184.81,304.0,184.83,251.0,184.84,117.0
1753769599055,06:13:19.055,gate,SOL/USDT:USDT,184.82,11.0,184.81,304.0,184.83,251.0,184.84,117.0
1753769599162,06:13:19.162,gate,SOL/USDT:USDT,184.82,11.0,184.81,304.0,184.83,251.0,184.84,117.0
1753769599247,06:13:19.247,gate,SOL/USDT:USDT,184.82,116.0,184.81,304.0,184.83,259.0,184.84,117.0
1753769599356,06:13:19.356,gate,SOL/USDT:USDT,184.82,116.0,184.81,304.0,184.83,251.0,184.84,117.0
1753769599467,06:13:19.467,gate,SOL/USDT:USDT,184.82,180.0,184.81,304.0,184.83,251.0,184.84,117.0
1753769599568,06:13:19.568,gate,SOL/USDT:USDT,184.82,69.0,184.81,304.0,184.83,251.0,184.84,117.0
1753769599628,06:13:19.628,gate,SOL/USDT:USDT,184.82,69.0,184.81,304.0,184.83,251.0,184.84,117.0
1753769599723,06:13:19.723,gate,SOL/USDT:USDT,184.82,69.0,184.81,304.0,184.83,251.0,184.84,117.0
1753769599827,06:13:19.827,gate,SOL/USDT:USDT,184.82,11.0,184.81,222.0,184.83,251.0,184.84,117.0
1753769599951,06:13:19.951,gate,SOL/USDT:USDT,184.82,143.0,184.81,332.0,184.83,251.0,184.84,117.0
1753769600068,06:13:20.068,gate,SOL/USDT:USDT,184.82,206.0,184.81,332.0,184.83,251.0,184.84,117.0
1753769600167,06:13:20.167,gate,SOL/USDT:USDT,184.82,237.0,184.81,322.0,184.83,251.0,184.84,117.0
1753769600235,06:13:20.235,gate,SOL/USDT:USDT,184.82,237.0,184.81,322.0,184.83,251.0,184.84,117.0
1753769600357,06:13:20.357,gate,SOL/USDT:USDT,184.82,237.0,184.81,322.0,184.83,251.0,184.84,117.0
1753769600468,06:13:20.468,gate,SOL/USDT:USDT,184.82,237.0,184.81,322.0,184.83,251.0,184.84,117.0
1753769600567,06:13:20.567,gate,SOL/USDT:USDT,184.82,155.0,184.81,322.0,184.83,251.0,184.84,117.0
1753769600667,06:13:20.667,gate,SOL/USDT:USDT,184.82,11.0,184.81,240.0,184.83,251.0,184.84,119.0
1753769600768,06:13:20.768,gate,SOL/USDT:USDT,184.82,70.0,184.81,240.0,184.83,251.0,184.84,117.0
1753769600848,06:13:20.848,gate,SOL/USDT:USDT,184.82,79.0,184.81,240.0,184.83,251.0,184.84,117.0
1753769600953,06:13:20.953,gate,SOL/USDT:USDT,184.82,139.0,184.81,240.0,184.83,251.0,184.84,117.0
1753769601013,06:13:21.013,gate,SOL/USDT:USDT,184.82,139.0,184.81,240.0,184.83,251.0,184.84,117.0
1753769601134,06:13:21.134,gate,SOL/USDT:USDT,184.82,158.0,184.81,240.0,184.83,251.0,184.84,117.0
1753769601260,06:13:21.260,gate,SOL/USDT:USDT,184.82,197.0,184.81,242.0,184.83,147.0,184.84,117.0
1753769601367,06:13:21.367,gate,SOL/USDT:USDT,184.82,197.0,184.81,242.0,184.83,118.0,184.84,117.0
1753769601460,06:13:21.460,gate,SOL/USDT:USDT,184.82,137.0,184.81,212.0,184.83,105.0,184.84,117.0
1753769601567,06:13:21.567,gate,SOL/USDT:USDT,184.82,102.0,184.81,212.0,184.83,105.0,184.84,117.0
1753769601630,06:13:21.630,gate,SOL/USDT:USDT,184.82,102.0,184.81,212.0,184.83,105.0,184.84,117.0
1753769601767,06:13:21.767,gate,SOL/USDT:USDT,184.82,137.0,184.81,212.0,184.83,111.0,184.84,117.0
1753769601935,06:13:21.935,gate,SOL/USDT:USDT,184.82,219.0,184.81,294.0,184.83,192.0,184.84,117.0
1753769602069,06:13:22.069,gate,SOL/USDT:USDT,184.82,11.0,184.81,177.0,184.83,219.0,184.84,119.0
1753769602166,06:13:22.166,gate,SOL/USDT:USDT,184.82,58.0,184.81,189.0,184.83,219.0,184.84,119.0
1753769602257,06:13:22.257,gate,SOL/USDT:USDT,184.82,58.0,184.81,225.0,184.83,219.0,184.84,119.0
1753769602364,06:13:22.364,gate,SOL/USDT:USDT,184.82,61.0,184.81,225.0,184.83,219.0,184.84,119.0
1753769602463,06:13:22.463,gate,SOL/USDT:USDT,184.82,61.0,184.81,153.0,184.83,219.0,184.84,119.0
1753769602565,06:13:22.565,gate,SOL/USDT:USDT,184.82,108.0,184.81,177.0,184.83,219.0,184.84,117.0
1753769602654,06:13:22.654,gate,SOL/USDT:USDT,184.82,108.0,184.81,177.0,184.83,219.0,184.84,117.0
1753769602761,06:13:22.761,gate,SOL/USDT:USDT,184.82,61.0,184.81,177.0,184.83,219.0,184.84,117.0
1753769602855,06:13:22.855,gate,SOL/USDT:USDT,184.82,108.0,184.81,177.0,184.83,219.0,184.84,117.0
1753769602945,06:13:22.945,gate,SOL/USDT:USDT,184.82,120.0,184.81,247.0,184.83,219.0,184.84,117.0
1753769603050,06:13:23.050,gate,SOL/USDT:USDT,184.82,120.0,184.81,247.0,184.83,219.0,184.84,117.0
1753769603161,06:13:23.161,gate,SOL/USDT:USDT,184.82,155.0,184.81,249.0,184.83,120.0,184.84,117.0
1753769603258,06:13:23.258,gate,SOL/USDT:USDT,184.82,155.0,184.81,247.0,184.83,114.0,184.84,117.0
1753769603364,06:13:23.364,gate,SOL/USDT:USDT,184.82,155.0,184.81,247.0,184.83,114.0,184.84,117.0
1753769603420,06:13:23.420,gate,SOL/USDT:USDT,184.82,155.0,184.81,247.0,184.83,114.0,184.84,117.0
1753769603560,06:13:23.560,gate,SOL/USDT:USDT,184.82,155.0,184.81,247.0,184.83,114.0,184.84,117.0
1753769603650,06:13:23.650,gate,SOL/USDT:USDT,184.82,220.0,184.81,249.0,184.83,82.0,184.84,117.0
1753769603761,06:13:23.761,gate,SOL/USDT:USDT,184.82,302.0,184.81,247.0,184.83,81.0,184.84,117.0
1753769603857,06:13:23.857,gate,SOL/USDT:USDT,184.82,302.0,184.81,247.0,184.83,81.0,184.84,117.0
1753769603966,06:13:23.966,gate,SOL/USDT:USDT,184.82,302.0,184.81,247.0,184.83,162.0,184.84,117.0
1753769604070,06:13:24.070,gate,SOL/USDT:USDT,184.83,312.0,184.82,282.0,184.84,148.0,184.85,169.0
1753769604160,06:13:24.160,gate,SOL/USDT:USDT,184.83,324.0,184.82,270.0,184.84,159.0,184.85,169.0
1753769604183,06:13:24.183,gate,SOL/USDT:USDT,184.83,324.0,184.82,270.0,184.84,159.0,184.85,169.0
1753769604363,06:13:24.363,gate,SOL/USDT:USDT,184.83,336.0,184.82,270.0,184.84,170.0,184.85,169.0
1753769604454,06:13:24.454,gate,SOL/USDT:USDT,184.83,336.0,184.82,270.0,184.84,170.0,184.85,169.0
1753769604562,06:13:24.562,gate,SOL/USDT:USDT,184.83,336.0,184.82,270.0,184.84,167.0,184.85,169.0
1753769604666,06:13:24.666,gate,SOL/USDT:USDT,184.83,254.0,184.82,188.0,184.84,167.0,184.85,169.0
1753769604737,06:13:24.737,gate,SOL/USDT:USDT,184.83,254.0,184.82,188.0,184.84,167.0,184.85,169.0
1753769604855,06:13:24.855,gate,SOL/USDT:USDT,184.83,254.0,184.82,188.0,184.84,167.0,184.85,169.0
1753769604928,06:13:24.928,gate,SOL/USDT:USDT,184.83,254.0,184.82,188.0,184.84,202.0,184.85,169.0
1753769605054,06:13:25.054,gate,SOL/USDT:USDT,184.83,254.0,184.82,188.0,184.84,202.0,184.85,169.0
1753769605122,06:13:25.122,gate,SOL/USDT:USDT,184.83,254.0,184.82,188.0,184.84,202.0,184.85,169.0
1753769605246,06:13:25.246,gate,SOL/USDT:USDT,184.83,254.0,184.82,188.0,184.84,202.0,184.85,169.0
1753769605363,06:13:25.363,gate,SOL/USDT:USDT,184.83,254.0,184.82,188.0,184.84,202.0,184.85,169.0
1753769605470,06:13:25.470,gate,SOL/USDT:USDT,184.83,254.0,184.82,192.0,184.84,24.0,184.85,97.0
1753769605559,06:13:25.559,gate,SOL/USDT:USDT,184.83,275.0,184.82,215.0,184.84,24.0,184.85,47.0
1753769605633,06:13:25.633,gate,SOL/USDT:USDT,184.83,406.0,184.82,215.0,184.84,24.0,184.85,59.0
1753769605713,06:13:25.713,gate,SOL/USDT:USDT,184.83,406.0,184.82,215.0,184.84,24.0,184.85,59.0
1753769605857,06:13:25.857,gate,SOL/USDT:USDT,184.83,406.0,184.82,215.0,184.84,24.0,184.85,59.0
1753769605968,06:13:25.968,gate,SOL/USDT:USDT,184.83,488.0,184.82,213.0,184.84,24.0,184.85,59.0
1753769606049,06:13:26.049,gate,SOL/USDT:USDT,184.83,488.0,184.82,213.0,184.84,24.0,184.85,59.0
1753769606093,06:13:26.093,gate,SOL/USDT:USDT,184.83,488.0,184.82,213.0,184.84,24.0,184.85,59.0
1753769606335,06:13:26.335,gate,SOL/USDT:USDT,184.83,488.0,184.82,215.0,184.84,24.0,184.85,47.0
1753769606451,06:13:26.451,gate,SOL/USDT:USDT,184.83,488.0,184.82,215.0,184.84,24.0,184.85,47.0
1753769606476,06:13:26.476,gate,SOL/USDT:USDT,184.83,488.0,184.82,215.0,184.84,24.0,184.85,47.0
1753769606642,06:13:26.642,gate,SOL/USDT:USDT,184.83,488.0,184.82,215.0,184.84,24.0,184.85,47.0
1753769606868,06:13:26.868,gate,SOL/USDT:USDT,184.83,488.0,184.82,215.0,184.84,24.0,184.85,47.0
1753769606969,06:13:26.969,gate,SOL/USDT:USDT,184.83,488.0,184.82,215.0,184.84,24.0,184.85,47.0
1753769607012,06:13:27.012,gate,SOL/USDT:USDT,184.83,488.0,184.82,215.0,184.84,24.0,184.85,47.0
1753769607150,06:13:27.150,gate,SOL/USDT:USDT,184.83,488.0,184.82,213.0,184.84,24.0,184.85,47.0
1753769607417,06:13:27.417,gate,SOL/USDT:USDT,184.83,488.0,184.82,211.0,184.84,24.0,184.85,47.0
1753769607653,06:13:27.653,gate,SOL/USDT:USDT,184.83,488.0,184.82,211.0,184.84,24.0,184.85,58.0
1753769607701,06:13:27.701,gate,SOL/USDT:USDT,184.83,488.0,184.82,211.0,184.84,24.0,184.85,58.0
1753769607851,06:13:27.851,gate,SOL/USDT:USDT,184.83,488.0,184.82,211.0,184.84,24.0,184.85,58.0
1753769607887,06:13:27.887,gate,SOL/USDT:USDT,184.83,488.0,184.82,211.0,184.84,24.0,184.85,58.0
1753769608024,06:13:28.024,gate,SOL/USDT:USDT,184.83,488.0,184.82,211.0,184.84,24.0,184.85,58.0
1753769608294,06:13:28.294,gate,SOL/USDT:USDT,184.83,488.0,184.82,211.0,184.84,24.0,184.85,58.0
1753769608470,06:13:28.470,gate,SOL/USDT:USDT,184.83,488.0,184.82,211.0,184.84,24.0,184.85,58.0
1753769608568,06:13:28.568,gate,SOL/USDT:USDT,184.83,419.0,184.82,211.0,184.84,117.0,184.85,47.0
1753769608654,06:13:28.654,gate,SOL/USDT:USDT,184.83,419.0,184.82,211.0,184.84,173.0,184.85,47.0
1753769608769,06:13:28.769,gate,SOL/USDT:USDT,184.83,96.0,184.82,211.0,184.84,200.0,184.85,98.0
1753769608853,06:13:28.853,gate,SOL/USDT:USDT,184.83,96.0,184.82,211.0,184.84,290.0,184.85,75.0
1753769608963,06:13:28.963,gate,SOL/USDT:USDT,184.83,121.0,184.82,283.0,184.84,290.0,184.85,75.0
1753769609067,06:13:29.067,gate,SOL/USDT:USDT,184.83,100.0,184.82,283.0,184.84,290.0,184.85,73.0
1753769609165,06:13:29.165,gate,SOL/USDT:USDT,184.83,100.0,184.82,283.0,184.84,290.0,184.85,73.0
1753769609253,06:13:29.253,gate,SOL/USDT:USDT,184.83,24.0,184.82,260.0,184.84,292.0,184.85,77.0
1753769609337,06:13:29.337,gate,SOL/USDT:USDT,184.83,24.0,184.82,260.0,184.84,292.0,184.85,77.0
1753769609442,06:13:29.442,gate,SOL/USDT:USDT,184.83,59.0,184.82,260.0,184.84,293.0,184.85,77.0
1753769609494,06:13:29.494,gate,SOL/USDT:USDT,184.83,59.0,184.82,260.0,184.84,291.0,184.85,73.0
1753769609606,06:13:29.606,gate,SOL/USDT:USDT,184.83,59.0,184.82,260.0,184.84,291.0,184.85,73.0
1753769609829,06:13:29.829,gate,SOL/USDT:USDT,184.83,59.0,184.82,339.0,184.84,291.0,184.85,73.0
1753769610007,06:13:30.007,gate,SOL/USDT:USDT,184.83,59.0,184.82,339.0,184.84,291.0,184.85,73.0
1753769610140,06:13:30.140,gate,SOL/USDT:USDT,184.83,59.0,184.82,260.0,184.84,291.0,184.85,75.0
1753769610255,06:13:30.255,gate,SOL/USDT:USDT,184.83,59.0,184.82,260.0,184.84,291.0,184.85,75.0
1753769610366,06:13:30.366,gate,SOL/USDT:USDT,184.83,59.0,184.82,260.0,184.84,291.0,184.85,75.0
1753769610408,06:13:30.408,gate,SOL/USDT:USDT,184.83,59.0,184.82,260.0,184.84,291.0,184.85,75.0
1753769610540,06:13:30.540,gate,SOL/USDT:USDT,184.83,106.0,184.82,260.0,184.84,291.0,184.85,73.0
1753769610663,06:13:30.663,gate,SOL/USDT:USDT,184.83,236.0,184.82,264.0,184.84,94.0,184.85,73.0
1753769610767,06:13:30.767,gate,SOL/USDT:USDT,184.83,272.0,184.82,264.0,184.84,25.0,184.85,47.0
1753769610853,06:13:30.853,gate,SOL/USDT:USDT,184.83,375.0,184.82,346.0,184.84,25.0,184.85,47.0
1753769610913,06:13:30.913,gate,SOL/USDT:USDT,184.83,375.0,184.82,346.0,184.84,25.0,184.85,47.0
1753769611010,06:13:31.010,gate,SOL/USDT:USDT,184.83,375.0,184.82,346.0,184.84,25.0,184.85,47.0
1753769611159,06:13:31.159,gate,SOL/USDT:USDT,184.83,375.0,184.82,346.0,184.84,25.0,184.85,47.0
1753769611182,06:13:31.182,gate,SOL/USDT:USDT,184.83,375.0,184.82,346.0,184.84,25.0,184.85,47.0
1753769611468,06:13:31.468,gate,SOL/USDT:USDT,184.83,431.0,184.82,346.0,184.84,25.0,184.85,47.0
1753769611562,06:13:31.562,gate,SOL/USDT:USDT,184.83,375.0,184.82,346.0,184.84,25.0,184.85,47.0
1753769611583,06:13:31.583,gate,SOL/USDT:USDT,184.83,373.0,184.82,342.0,184.84,25.0,184.85,47.0
1753769611713,06:13:31.713,gate,SOL/USDT:USDT,184.83,373.0,184.82,342.0,184.84,25.0,184.85,47.0
1753769611857,06:13:31.857,gate,SOL/USDT:USDT,184.83,373.0,184.82,342.0,184.84,25.0,184.85,47.0
1753769612008,06:13:32.008,gate,SOL/USDT:USDT,184.83,373.0,184.82,342.0,184.84,25.0,184.85,47.0
1753769612073,06:13:32.073,gate,SOL/USDT:USDT,184.83,373.0,184.82,342.0,184.84,25.0,184.85,59.0
1753769612255,06:13:32.255,gate,SOL/USDT:USDT,184.83,373.0,184.82,342.0,184.84,25.0,184.85,59.0
1753769612706,06:13:32.706,gate,SOL/USDT:USDT,184.83,373.0,184.82,342.0,184.84,25.0,184.85,59.0
1753769613038,06:13:33.038,gate,SOL/USDT:USDT,184.83,375.0,184.82,344.0,184.84,25.0,184.85,59.0
1753769613351,06:13:33.351,gate,SOL/USDT:USDT,184.83,375.0,184.82,344.0,184.84,25.0,184.85,59.0
1753769613556,06:13:33.556,gate,SOL/USDT:USDT,184.83,378.0,184.82,344.0,184.84,25.0,184.85,59.0
1753769613714,06:13:33.714,gate,SOL/USDT:USDT,184.83,378.0,184.82,344.0,184.84,25.0,184.85,59.0
1753769613867,06:13:33.867,gate,SOL/USDT:USDT,184.83,283.0,184.82,260.0,184.84,96.0,184.85,47.0
1753769613954,06:13:33.954,gate,SOL/USDT:USDT,184.83,27.0,184.82,260.0,184.84,216.0,184.85,90.0
1753769614048,06:13:34.048,gate,SOL/USDT:USDT,184.83,27.0,184.82,260.0,184.84,216.0,184.85,90.0
1753769614123,06:13:34.123,gate,SOL/USDT:USDT,184.83,27.0,184.82,260.0,184.84,225.0,184.85,90.0
1753769614257,06:13:34.257,gate,SOL/USDT:USDT,184.83,27.0,184.82,260.0,184.84,225.0,184.85,90.0
1753769614369,06:13:34.369,gate,SOL/USDT:USDT,184.81,177.0,184.8,120.0,184.82,214.0,184.83,149.0
1753769614469,06:13:34.469,gate,SOL/USDT:USDT,184.81,226.0,184.8,149.0,184.82,221.0,184.83,149.0
1753769614569,06:13:34.569,gate,SOL/USDT:USDT,184.81,82.0,184.8,121.0,184.82,242.0,184.83,149.0
1753769614659,06:13:34.659,gate,SOL/USDT:USDT,184.81,99.0,184.8,106.0,184.82,242.0,184.83,122.0
1753769614757,06:13:34.757,gate,SOL/USDT:USDT,184.81,146.0,184.8,178.0,184.82,211.0,184.83,122.0
1753769614864,06:13:34.864,gate,SOL/USDT:USDT,184.81,211.0,184.8,193.0,184.82,148.0,184.83,95.0
1753769614960,06:13:34.960,gate,SOL/USDT:USDT,184.81,211.0,184.8,197.0,184.82,58.0,184.83,60.0
1753769615066,06:13:35.066,gate,SOL/USDT:USDT,184.81,333.0,184.8,201.0,184.82,1.0,184.83,47.0
1753769615162,06:13:35.162,gate,SOL/USDT:USDT,184.83,475.0,184.82,313.0,184.84,72.0,184.85,157.0
1753769615267,06:13:35.267,gate,SOL/USDT:USDT,184.83,486.0,184.82,385.0,184.84,36.0,184.85,157.0
1753769615356,06:13:35.356,gate,SOL/USDT:USDT,184.83,502.0,184.82,389.0,184.84,25.0,184.85,132.0
1753769615449,06:13:35.449,gate,SOL/USDT:USDT,184.83,502.0,184.82,389.0,184.84,25.0,184.85,129.0
1753769615525,06:13:35.525,gate,SOL/USDT:USDT,184.83,510.0,184.82,388.0,184.84,25.0,184.85,57.0
1753769615661,06:13:35.661,gate,SOL/USDT:USDT,184.83,508.0,184.82,386.0,184.84,83.0,184.85,47.0
1753769615767,06:13:35.767,gate,SOL/USDT:USDT,184.83,508.0,184.82,386.0,184.84,174.0,184.85,47.0
1753769615849,06:13:35.849,gate,SOL/USDT:USDT,184.83,440.0,184.82,328.0,184.84,174.0,184.85,75.0
1753769615912,06:13:35.912,gate,SOL/USDT:USDT,184.83,440.0,184.82,328.0,184.84,174.0,184.85,75.0
1753769616052,06:13:36.052,gate,SOL/USDT:USDT,184.83,440.0,184.82,328.0,184.84,185.0,184.85,75.0
1753769616169,06:13:36.169,gate,SOL/USDT:USDT,184.83,440.0,184.82,328.0,184.84,25.0,184.85,75.0
1753769616219,06:13:36.219,gate,SOL/USDT:USDT,184.83,440.0,184.82,328.0,184.84,25.0,184.85,75.0
1753769616441,06:13:36.441,gate,SOL/USDT:USDT,184.83,440.0,184.82,328.0,184.84,24.0,184.85,85.0
1753769616473,06:13:36.473,gate,SOL/USDT:USDT,184.83,460.0,184.82,328.0,184.84,24.0,184.85,85.0
1753769616767,06:13:36.767,gate,SOL/USDT:USDT,184.83,460.0,184.82,328.0,184.84,24.0,184.85,138.0
1753769617004,06:13:37.004,gate,SOL/USDT:USDT,184.83,460.0,184.82,328.0,184.84,24.0,184.85,138.0
1753769617078,06:13:37.078,gate,SOL/USDT:USDT,184.83,440.0,184.82,328.0,184.84,24.0,184.85,138.0
1753769617224,06:13:37.224,gate,SOL/USDT:USDT,184.83,440.0,184.82,328.0,184.84,24.0,184.85,138.0
1753769617349,06:13:37.349,gate,SOL/USDT:USDT,184.83,440.0,184.82,328.0,184.84,24.0,184.85,138.0
1753769617469,06:13:37.469,gate,SOL/USDT:USDT,184.83,440.0,184.82,328.0,184.84,24.0,184.85,138.0
1753769617515,06:13:37.515,gate,SOL/USDT:USDT,184.83,440.0,184.82,328.0,184.84,24.0,184.85,138.0
1753769617671,06:13:37.671,gate,SOL/USDT:USDT,184.83,440.0,184.82,328.0,184.84,71.0,184.85,138.0
1753769617745,06:13:37.745,gate,SOL/USDT:USDT,184.83,440.0,184.82,328.0,184.84,71.0,184.85,138.0
1753769617844,06:13:37.844,gate,SOL/USDT:USDT,184.83,440.0,184.82,328.0,184.84,71.0,184.85,138.0
1753769617966,06:13:37.966,gate,SOL/USDT:USDT,184.83,440.0,184.82,328.0,184.84,93.0,184.85,150.0
1753769618062,06:13:38.062,gate,SOL/USDT:USDT,184.83,344.0,184.82,246.0,184.84,112.0,184.85,150.0
1753769618116,06:13:38.116,gate,SOL/USDT:USDT,184.83,319.0,184.82,246.0,184.84,123.0,184.85,150.0
1753769618366,06:13:38.366,gate,SOL/USDT:USDT,184.83,319.0,184.82,246.0,184.84,104.0,184.85,150.0
1753769618443,06:13:38.443,gate,SOL/USDT:USDT,184.83,319.0,184.82,246.0,184.84,106.0,184.85,150.0
1753769618521,06:13:38.521,gate,SOL/USDT:USDT,184.83,319.0,184.82,246.0,184.84,106.0,184.85,150.0
1753769618633,06:13:38.633,gate,SOL/USDT:USDT,184.83,319.0,184.82,246.0,184.84,95.0,184.85,150.0
1753769618760,06:13:38.760,gate,SOL/USDT:USDT,184.83,403.0,184.82,330.0,184.84,95.0,184.85,150.0
1753769618773,06:13:38.773,gate,SOL/USDT:USDT,184.83,403.0,184.82,330.0,184.84,95.0,184.85,150.0
1753769618969,06:13:38.969,gate,SOL/USDT:USDT,184.83,403.0,184.82,330.0,184.84,95.0,184.85,150.0
1753769619067,06:13:39.067,gate,SOL/USDT:USDT,184.83,403.0,184.82,330.0,184.84,95.0,184.85,150.0
1753769619093,06:13:39.093,gate,SOL/USDT:USDT,184.83,403.0,184.82,330.0,184.84,73.0,184.85,150.0
1753769619236,06:13:39.236,gate,SOL/USDT:USDT,184.83,403.0,184.82,330.0,184.84,73.0,184.85,69.0
1753769619362,06:13:39.362,gate,SOL/USDT:USDT,184.83,408.0,184.82,330.0,184.84,26.0,184.85,81.0
1753769619384,06:13:39.384,gate,SOL/USDT:USDT,184.83,408.0,184.82,330.0,184.84,26.0,184.85,81.0
1753769619575,06:13:39.575,gate,SOL/USDT:USDT,184.83,408.0,184.82,330.0,184.84,26.0,184.85,81.0
1753769619719,06:13:39.719,gate,SOL/USDT:USDT,184.83,408.0,184.82,330.0,184.84,26.0,184.85,162.0
1753769619968,06:13:39.968,gate,SOL/USDT:USDT,184.83,408.0,184.82,330.0,184.84,26.0,184.85,162.0
1753769620047,06:13:40.047,gate,SOL/USDT:USDT,184.83,410.0,184.82,332.0,184.84,26.0,184.85,47.0
1753769620169,06:13:40.169,gate,SOL/USDT:USDT,184.83,448.0,184.82,330.0,184.84,26.0,184.85,47.0
1753769620256,06:13:40.256,gate,SOL/USDT:USDT,184.83,448.0,184.82,330.0,184.84,26.0,184.85,47.0
1753769620340,06:13:40.340,gate,SOL/USDT:USDT,184.83,448.0,184.82,330.0,184.84,26.0,184.85,47.0
1753769620469,06:13:40.469,gate,SOL/USDT:USDT,184.83,448.0,184.82,330.0,184.84,26.0,184.85,47.0
1753769620529,06:13:40.529,gate,SOL/USDT:USDT,184.83,448.0,184.82,330.0,184.84,26.0,184.85,47.0
1753769620713,06:13:40.713,gate,SOL/USDT:USDT,184.83,448.0,184.82,330.0,184.84,26.0,184.85,47.0
1753769620850,06:13:40.850,gate,SOL/USDT:USDT,184.83,450.0,184.82,332.0,184.84,26.0,184.85,47.0
1753769620938,06:13:40.938,gate,SOL/USDT:USDT,184.83,461.0,184.82,332.0,184.84,26.0,184.85,47.0
1753769621069,06:13:41.069,gate,SOL/USDT:USDT,184.85,381.0,184.84,388.0,184.86,60.0,184.87,135.0
1753769621164,06:13:41.164,gate,SOL/USDT:USDT,184.85,402.0,184.84,377.0,184.86,60.0,184.87,128.0
1753769621263,06:13:41.263,gate,SOL/USDT:USDT,184.85,402.0,184.84,377.0,184.86,60.0,184.87,62.0
1753769621356,06:13:41.356,gate,SOL/USDT:USDT,184.85,402.0,184.84,377.0,184.86,60.0,184.87,62.0
1753769621373,06:13:41.373,gate,SOL/USDT:USDT,184.85,402.0,184.84,377.0,184.86,60.0,184.87,62.0
1753769621665,06:13:41.665,gate,SOL/USDT:USDT,184.85,402.0,184.84,378.0,184.86,60.0,184.87,62.0
1753769621753,06:13:41.753,gate,SOL/USDT:USDT,184.85,402.0,184.84,378.0,184.86,141.0,184.87,71.0
1753769621865,06:13:41.865,gate,SOL/USDT:USDT,184.85,402.0,184.84,378.0,184.86,141.0,184.87,71.0
1753769621955,06:13:41.955,gate,SOL/USDT:USDT,184.85,402.0,184.84,378.0,184.86,141.0,184.87,71.0
1753769622060,06:13:42.060,gate,SOL/USDT:USDT,184.85,402.0,184.84,378.0,184.86,141.0,184.87,71.0
1753769622151,06:13:42.151,gate,SOL/USDT:USDT,184.85,402.0,184.84,378.0,184.86,141.0,184.87,71.0
1753769622363,06:13:42.363,gate,SOL/USDT:USDT,184.85,320.0,184.84,344.0,184.86,153.0,184.87,71.0
1753769622469,06:13:42.469,gate,SOL/USDT:USDT,184.85,320.0,184.84,262.0,184.86,165.0,184.87,83.0
1753769622557,06:13:42.557,gate,SOL/USDT:USDT,184.85,311.0,184.84,262.0,184.86,165.0,184.87,83.0
1753769622837,06:13:42.837,gate,SOL/USDT:USDT,184.85,311.0,184.84,262.0,184.86,165.0,184.87,83.0
1753769623008,06:13:43.008,gate,SOL/USDT:USDT,184.85,311.0,184.84,262.0,184.86,153.0,184.87,83.0
1753769623155,06:13:43.155,gate,SOL/USDT:USDT,184.85,311.0,184.84,262.0,184.86,48.0,184.87,83.0
1753769623247,06:13:43.247,gate,SOL/USDT:USDT,184.85,311.0,184.84,262.0,184.86,48.0,184.87,93.0
1753769623332,06:13:43.332,gate,SOL/USDT:USDT,184.85,311.0,184.84,262.0,184.86,48.0,184.87,93.0
1753769623454,06:13:43.454,gate,SOL/USDT:USDT,184.85,311.0,184.84,262.0,184.86,48.0,184.87,93.0
1753769623565,06:13:43.565,gate,SOL/USDT:USDT,184.85,311.0,184.84,262.0,184.86,48.0,184.87,93.0
1753769623669,06:13:43.669,gate,SOL/USDT:USDT,184.86,129.0,184.85,216.0,184.87,130.0,184.88,46.0
1753769623727,06:13:43.727,gate,SOL/USDT:USDT,184.86,129.0,184.85,216.0,184.87,223.0,184.88,36.0
1753769623864,06:13:43.864,gate,SOL/USDT:USDT,184.86,195.0,184.85,225.0,184.87,153.0,184.88,57.0
1753769623934,06:13:43.934,gate,SOL/USDT:USDT,184.86,195.0,184.85,225.0,184.87,153.0,184.88,79.0
1753769624066,06:13:44.066,gate,SOL/USDT:USDT,184.86,195.0,184.85,225.0,184.87,153.0,184.88,79.0
1753769624083,06:13:44.083,gate,SOL/USDT:USDT,184.86,195.0,184.85,225.0,184.87,153.0,184.88,79.0
1753769624255,06:13:44.255,gate,SOL/USDT:USDT,184.86,195.0,184.85,227.0,184.87,13.0,184.88,69.0
1753769624347,06:13:44.347,gate,SOL/USDT:USDT,184.86,274.0,184.85,229.0,184.87,3.0,184.88,69.0
1753769624442,06:13:44.442,gate,SOL/USDT:USDT,184.86,283.0,184.85,220.0,184.87,3.0,184.88,69.0
1753769624563,06:13:44.563,gate,SOL/USDT:USDT,184.86,281.0,184.85,218.0,184.87,3.0,184.88,69.0
1753769624669,06:13:44.669,gate,SOL/USDT:USDT,184.86,363.0,184.85,300.0,184.87,3.0,184.88,47.0
1753769624724,06:13:44.724,gate,SOL/USDT:USDT,184.86,363.0,184.85,300.0,184.87,3.0,184.88,47.0
1753769624864,06:13:44.864,gate,SOL/USDT:USDT,184.86,363.0,184.85,300.0,184.87,3.0,184.88,47.0
1753769624927,06:13:44.927,gate,SOL/USDT:USDT,184.86,363.0,184.85,300.0,184.87,3.0,184.88,47.0
1753769625010,06:13:45.010,gate,SOL/USDT:USDT,184.86,363.0,184.85,300.0,184.87,3.0,184.88,47.0
1753769625169,06:13:45.169,gate,SOL/USDT:USDT,184.86,338.0,184.85,300.0,184.87,3.0,184.88,58.0
1753769625236,06:13:45.236,gate,SOL/USDT:USDT,184.86,338.0,184.85,300.0,184.87,3.0,184.88,58.0
1753769625310,06:13:45.310,gate,SOL/USDT:USDT,184.86,338.0,184.85,300.0,184.87,3.0,184.88,58.0
1753769625465,06:13:45.465,gate,SOL/USDT:USDT,184.88,428.0,184.87,374.0,184.89,47.0,184.9,10.0
1753769625566,06:13:45.566,gate,SOL/USDT:USDT,184.89,403.0,184.88,298.0,184.9,47.0,184.91,27.0
1753769625668,06:13:45.668,gate,SOL/USDT:USDT,184.89,413.0,184.88,298.0,184.9,128.0,184.91,27.0
1753769625716,06:13:45.716,gate,SOL/USDT:USDT,184.89,413.0,184.88,298.0,184.9,152.0,184.91,38.0
1753769625830,06:13:45.830,gate,SOL/USDT:USDT,184.89,413.0,184.88,370.0,184.9,152.0,184.91,38.0
1753769625940,06:13:45.940,gate,SOL/USDT:USDT,184.89,413.0,184.88,370.0,184.9,152.0,184.91,38.0
1753769626039,06:13:46.039,gate,SOL/USDT:USDT,184.89,413.0,184.88,370.0,184.9,152.0,184.91,38.0
1753769626155,06:13:46.155,gate,SOL/USDT:USDT,184.89,413.0,184.88,370.0,184.9,152.0,184.91,38.0
1753769626310,06:13:46.310,gate,SOL/USDT:USDT,184.89,413.0,184.88,370.0,184.9,152.0,184.91,38.0
1753769626468,06:13:46.468,gate,SOL/USDT:USDT,184.89,413.0,184.88,370.0,184.9,152.0,184.91,38.0
1753769626568,06:13:46.568,gate,SOL/USDT:USDT,184.89,413.0,184.88,370.0,184.9,152.0,184.91,38.0
1753769626605,06:13:46.605,gate,SOL/USDT:USDT,184.89,413.0,184.88,370.0,184.9,152.0,184.91,38.0
1753769626706,06:13:46.706,gate,SOL/USDT:USDT,184.89,413.0,184.88,370.0,184.9,152.0,184.91,64.0
1753769626795,06:13:46.795,gate,SOL/USDT:USDT,184.89,413.0,184.88,370.0,184.9,152.0,184.91,64.0
1753769626939,06:13:46.939,gate,SOL/USDT:USDT,184.89,413.0,184.88,370.0,184.9,152.0,184.91,64.0
1753769627069,06:13:47.069,gate,SOL/USDT:USDT,184.89,413.0,184.88,288.0,184.9,152.0,184.91,64.0
1753769627107,06:13:47.107,gate,SOL/USDT:USDT,184.89,413.0,184.88,288.0,184.9,152.0,184.91,64.0
1753769627262,06:13:47.262,gate,SOL/USDT:USDT,184.89,404.0,184.88,288.0,184.9,152.0,184.91,64.0
1753769627274,06:13:47.274,gate,SOL/USDT:USDT,184.89,404.0,184.88,288.0,184.9,152.0,184.91,64.0
1753769627387,06:13:47.387,gate,SOL/USDT:USDT,184.89,404.0,184.88,288.0,184.9,152.0,184.91,64.0
1753769627536,06:13:47.536,gate,SOL/USDT:USDT,184.89,404.0,184.88,288.0,184.9,170.0,184.91,64.0
1753769627668,06:13:47.668,gate,SOL/USDT:USDT,184.89,404.0,184.88,288.0,184.9,170.0,184.91,64.0
1753769627756,06:13:47.756,gate,SOL/USDT:USDT,184.89,404.0,184.88,288.0,184.9,170.0,184.91,64.0
1753769627771,06:13:47.771,gate,SOL/USDT:USDT,184.89,404.0,184.88,288.0,184.9,170.0,184.91,64.0
1753769627953,06:13:47.953,gate,SOL/USDT:USDT,184.89,404.0,184.88,288.0,184.9,170.0,184.91,64.0
1753769628065,06:13:48.065,gate,SOL/USDT:USDT,184.89,298.0,184.88,288.0,184.9,206.0,184.91,64.0
1753769628083,06:13:48.083,gate,SOL/USDT:USDT,184.89,227.0,184.88,288.0,184.9,206.0,184.91,64.0
1753769628667,06:13:48.667,gate,SOL/USDT:USDT,184.89,309.0,184.88,288.0,184.9,194.0,184.91,64.0
1753769628725,06:13:48.725,gate,SOL/USDT:USDT,184.89,227.0,184.88,288.0,184.9,194.0,184.91,64.0
1753769628844,06:13:48.844,gate,SOL/USDT:USDT,184.89,192.0,184.88,288.0,184.9,205.0,184.91,64.0
1753769629008,06:13:49.008,gate,SOL/USDT:USDT,184.89,192.0,184.88,288.0,184.9,205.0,184.91,64.0
1753769629109,06:13:49.109,gate,SOL/USDT:USDT,184.89,192.0,184.88,288.0,184.9,205.0,184.91,64.0
1753769629293,06:13:49.293,gate,SOL/USDT:USDT,184.89,192.0,184.88,288.0,184.9,205.0,184.91,64.0
1753769629469,06:13:49.469,gate,SOL/USDT:USDT,184.89,192.0,184.88,288.0,184.9,206.0,184.91,64.0
1753769629569,06:13:49.569,gate,SOL/USDT:USDT,184.88,147.0,184.87,137.0,184.9,206.0,184.91,64.0
1753769629669,06:13:49.669,gate,SOL/USDT:USDT,184.88,107.0,184.87,149.0,184.89,378.0,184.9,74.0
1753769629761,06:13:49.761,gate,SOL/USDT:USDT,184.88,218.0,184.87,137.0,184.89,190.0,184.9,72.0
1753769629864,06:13:49.864,gate,SOL/USDT:USDT,184.88,218.0,184.87,137.0,184.89,132.0,184.9,72.0
1753769629968,06:13:49.968,gate,SOL/USDT:USDT,184.88,218.0,184.87,137.0,184.89,121.0,184.9,70.0
1753769630039,06:13:50.039,gate,SOL/USDT:USDT,184.88,218.0,184.87,137.0,184.89,121.0,184.9,70.0
1753769630152,06:13:50.152,gate,SOL/USDT:USDT,184.88,218.0,184.87,137.0,184.89,121.0,184.9,70.0
1753769630249,06:13:50.249,gate,SOL/USDT:USDT,184.88,218.0,184.87,137.0,184.89,121.0,184.9,70.0
1753769630364,06:13:50.364,gate,SOL/USDT:USDT,184.88,218.0,184.87,137.0,184.89,103.0,184.9,70.0
1753769630469,06:13:50.469,gate,SOL/USDT:USDT,184.89,307.0,184.88,221.0,184.9,48.0,184.91,64.0
1753769630568,06:13:50.568,gate,SOL/USDT:USDT,184.89,327.0,184.88,207.0,184.9,60.0,184.91,64.0
1753769630667,06:13:50.667,gate,SOL/USDT:USDT,184.89,173.0,184.88,125.0,184.9,171.0,184.91,64.0
1753769630737,06:13:50.737,gate,SOL/USDT:USDT,184.89,163.0,184.88,125.0,184.9,182.0,184.91,64.0
1753769630840,06:13:50.840,gate,SOL/USDT:USDT,184.89,163.0,184.88,125.0,184.9,182.0,184.91,64.0
1753769630951,06:13:50.951,gate,SOL/USDT:USDT,184.89,163.0,184.88,125.0,184.9,182.0,184.91,64.0
1753769631061,06:13:51.061,gate,SOL/USDT:USDT,184.89,163.0,184.88,125.0,184.9,182.0,184.91,64.0
1753769631145,06:13:51.145,gate,SOL/USDT:USDT,184.89,163.0,184.88,125.0,184.9,182.0,184.91,64.0
1753769631196,06:13:51.196,gate,SOL/USDT:USDT,184.89,163.0,184.88,125.0,184.9,182.0,184.91,64.0
1753769631567,06:13:51.567,gate,SOL/USDT:USDT,184.89,163.0,184.88,125.0,184.9,182.0,184.91,64.0
1753769631603,06:13:51.603,gate,SOL/USDT:USDT,184.89,245.0,184.88,237.0,184.9,182.0,184.91,64.0
1753769631835,06:13:51.835,gate,SOL/USDT:USDT,184.89,245.0,184.88,237.0,184.9,182.0,184.91,64.0
1753769632008,06:13:52.008,gate,SOL/USDT:USDT,184.89,163.0,184.88,237.0,184.9,182.0,184.91,64.0
1753769632149,06:13:52.149,gate,SOL/USDT:USDT,184.89,163.0,184.88,237.0,184.9,182.0,184.91,64.0
1753769632365,06:13:52.365,gate,SOL/USDT:USDT,184.89,77.0,184.88,125.0,184.9,195.0,184.91,64.0
1753769632445,06:13:52.445,gate,SOL/USDT:USDT,184.89,55.0,184.88,125.0,184.9,198.0,184.91,95.0
1753769632565,06:13:52.565,gate,SOL/USDT:USDT,184.88,82.0,184.87,209.0,184.89,376.0,184.9,77.0
1753769632668,06:13:52.668,gate,SOL/USDT:USDT,184.88,105.0,184.87,310.0,184.89,318.0,184.9,65.0
1753769632753,06:13:52.753,gate,SOL/USDT:USDT,184.88,195.0,184.87,310.0,184.89,250.0,184.9,61.0
1753769632828,06:13:52.828,gate,SOL/USDT:USDT,184.88,195.0,184.87,310.0,184.89,250.0,184.9,61.0
1753769632957,06:13:52.957,gate,SOL/USDT:USDT,184.88,195.0,184.87,310.0,184.89,250.0,184.9,61.0
1753769633025,06:13:53.025,gate,SOL/USDT:USDT,184.88,195.0,184.87,310.0,184.89,250.0,184.9,61.0
1753769633108,06:13:53.108,gate,SOL/USDT:USDT,184.88,195.0,184.87,310.0,184.89,250.0,184.9,61.0
1753769633244,06:13:53.244,gate,SOL/USDT:USDT,184.88,195.0,184.87,310.0,184.89,250.0,184.9,61.0
1753769633365,06:13:53.365,gate,SOL/USDT:USDT,184.88,195.0,184.87,310.0,184.89,250.0,184.9,61.0
1753769633446,06:13:53.446,gate,SOL/USDT:USDT,184.88,195.0,184.87,310.0,184.89,250.0,184.9,61.0
1753769633569,06:13:53.569,gate,SOL/USDT:USDT,184.88,277.0,184.87,310.0,184.89,250.0,184.9,61.0
1753769633649,06:13:53.649,gate,SOL/USDT:USDT,184.88,277.0,184.87,310.0,184.89,250.0,184.9,61.0
1753769633715,06:13:53.715,gate,SOL/USDT:USDT,184.88,277.0,184.87,310.0,184.89,250.0,184.9,61.0
1753769633785,06:13:53.785,gate,SOL/USDT:USDT,184.88,277.0,184.87,310.0,184.89,250.0,184.9,61.0
1753769633912,06:13:53.912,gate,SOL/USDT:USDT,184.88,277.0,184.87,310.0,184.89,250.0,184.9,61.0
1753769634063,06:13:54.063,gate,SOL/USDT:USDT,184.88,195.0,184.87,310.0,184.89,250.0,184.9,61.0
1753769634112,06:13:54.112,gate,SOL/USDT:USDT,184.88,195.0,184.87,310.0,184.89,250.0,184.9,61.0
1753769634267,06:13:54.267,gate,SOL/USDT:USDT,184.88,195.0,184.87,310.0,184.89,250.0,184.9,61.0
1753769634367,06:13:54.367,gate,SOL/USDT:USDT,184.88,195.0,184.87,310.0,184.89,250.0,184.9,61.0
1753769634445,06:13:54.445,gate,SOL/USDT:USDT,184.88,195.0,184.87,310.0,184.89,250.0,184.9,61.0
1753769634563,06:13:54.563,gate,SOL/USDT:USDT,184.88,277.0,184.87,310.0,184.89,250.0,184.9,61.0
1753769634659,06:13:54.659,gate,SOL/USDT:USDT,184.88,277.0,184.87,310.0,184.89,250.0,184.9,61.0
1753769634762,06:13:54.762,gate,SOL/USDT:USDT,184.88,277.0,184.87,310.0,184.89,250.0,184.9,61.0
1753769634852,06:13:54.852,gate,SOL/USDT:USDT,184.88,277.0,184.87,310.0,184.89,250.0,184.9,61.0
1753769634938,06:13:54.938,gate,SOL/USDT:USDT,184.88,277.0,184.87,310.0,184.89,250.0,184.9,61.0
1753769635067,06:13:55.067,gate,SOL/USDT:USDT,184.88,277.0,184.87,310.0,184.89,250.0,184.9,61.0
1753769635167,06:13:55.167,gate,SOL/USDT:USDT,184.88,277.0,184.87,310.0,184.89,107.0,184.9,61.0
1753769635266,06:13:55.266,gate,SOL/USDT:USDT,184.88,277.0,184.87,310.0,184.89,67.0,184.9,61.0
1753769635326,06:13:55.326,gate,SOL/USDT:USDT,184.88,277.0,184.87,310.0,184.89,67.0,184.9,61.0
1753769635468,06:13:55.468,gate,SOL/USDT:USDT,184.88,277.0,184.87,310.0,184.89,67.0,184.9,60.0
1753769635554,06:13:55.554,gate,SOL/USDT:USDT,184.88,277.0,184.87,310.0,184.89,141.0,184.9,60.0
1753769635658,06:13:55.658,gate,SOL/USDT:USDT,184.88,277.0,184.87,310.0,184.89,141.0,184.9,60.0
1753769635718,06:13:55.718,gate,SOL/USDT:USDT,184.88,277.0,184.87,309.0,184.89,67.0,184.9,60.0
1753769635864,06:13:55.864,gate,SOL/USDT:USDT,184.88,277.0,184.87,309.0,184.89,67.0,184.9,60.0
1753769635962,06:13:55.962,gate,SOL/USDT:USDT,184.88,277.0,184.87,309.0,184.89,67.0,184.9,60.0
1753769636066,06:13:56.066,gate,SOL/USDT:USDT,184.89,296.0,184.88,255.0,184.9,48.0,184.91,14.0
1753769636163,06:13:56.163,gate,SOL/USDT:USDT,184.89,316.0,184.88,244.0,184.9,116.0,184.91,158.0
1753769636269,06:13:56.269,gate,SOL/USDT:USDT,184.89,316.0,184.88,244.0,184.9,1.0,184.91,100.0
1753769636356,06:13:56.356,gate,SOL/USDT:USDT,184.89,338.0,184.88,244.0,184.9,1.0,184.91,51.0
1753769636459,06:13:56.459,gate,SOL/USDT:USDT,184.89,347.0,184.88,242.0,184.9,60.0,184.91,102.0
1753769636528,06:13:56.528,gate,SOL/USDT:USDT,184.89,347.0,184.88,242.0,184.9,60.0,184.91,183.0
1753769636638,06:13:56.638,gate,SOL/USDT:USDT,184.89,338.0,184.88,242.0,184.9,60.0,184.91,183.0
1753769636759,06:13:56.759,gate,SOL/USDT:USDT,184.89,338.0,184.88,242.0,184.9,60.0,184.91,183.0
1753769636856,06:13:56.856,gate,SOL/USDT:USDT,184.89,338.0,184.88,242.0,184.9,60.0,184.91,183.0
1753769636968,06:13:56.968,gate,SOL/USDT:USDT,184.89,338.0,184.88,242.0,184.9,60.0,184.91,183.0
1753769637044,06:13:57.044,gate,SOL/USDT:USDT,184.89,318.0,184.88,244.0,184.9,1.0,184.91,183.0
1753769637168,06:13:57.168,gate,SOL/USDT:USDT,184.89,318.0,184.88,244.0,184.9,1.0,184.91,183.0
1753769637210,06:13:57.210,gate,SOL/USDT:USDT,184.89,316.0,184.88,242.0,184.9,48.0,184.91,183.0
1753769637370,06:13:57.370,gate,SOL/USDT:USDT,184.89,318.0,184.88,244.0,184.9,1.0,184.91,70.0
1753769637452,06:13:57.452,gate,SOL/USDT:USDT,184.89,327.0,184.88,242.0,184.9,1.0,184.91,91.0
1753769637553,06:13:57.553,gate,SOL/USDT:USDT,184.89,316.0,184.88,242.0,184.9,1.0,184.91,91.0
1753769637656,06:13:57.656,gate,SOL/USDT:USDT,184.89,316.0,184.88,242.0,184.9,1.0,184.91,91.0
1753769637702,06:13:57.702,gate,SOL/USDT:USDT,184.89,316.0,184.88,240.0,184.9,48.0,184.91,101.0
1753769637867,06:13:57.867,gate,SOL/USDT:USDT,184.89,302.0,184.88,240.0,184.9,131.0,184.91,103.0
1753769638009,06:13:58.009,gate,SOL/USDT:USDT,184.89,302.0,184.88,240.0,184.9,131.0,184.91,103.0
1753769638225,06:13:58.225,gate,SOL/USDT:USDT,184.89,351.0,184.88,240.0,184.9,48.0,184.91,101.0
1753769638319,06:13:58.319,gate,SOL/USDT:USDT,184.89,351.0,184.88,240.0,184.9,48.0,184.91,101.0
1753769638468,06:13:58.468,gate,SOL/USDT:USDT,184.89,428.0,184.88,240.0,184.9,48.0,184.91,101.0
1753769638513,06:13:58.513,gate,SOL/USDT:USDT,184.89,302.0,184.88,240.0,184.9,129.0,184.91,101.0
1753769638615,06:13:58.615,gate,SOL/USDT:USDT,184.89,302.0,184.88,240.0,184.9,129.0,184.91,101.0
1753769638870,06:13:58.870,gate,SOL/USDT:USDT,184.89,302.0,184.88,240.0,184.9,129.0,184.91,101.0
1753769638941,06:13:58.941,gate,SOL/USDT:USDT,184.89,423.0,184.88,217.0,184.9,1.0,184.91,91.0
1753769639068,06:13:59.068,gate,SOL/USDT:USDT,184.89,437.0,184.88,217.0,184.9,1.0,184.91,91.0
1753769639147,06:13:59.147,gate,SOL/USDT:USDT,184.89,437.0,184.88,217.0,184.9,1.0,184.91,91.0
1753769639228,06:13:59.228,gate,SOL/USDT:USDT,184.89,401.0,184.88,217.0,184.9,1.0,184.91,91.0
1753769639342,06:13:59.342,gate,SOL/USDT:USDT,184.89,401.0,184.88,217.0,184.9,1.0,184.91,91.0
1753769639462,06:13:59.462,gate,SOL/USDT:USDT,184.89,401.0,184.88,217.0,184.9,1.0,184.91,91.0
1753769639566,06:13:59.566,gate,SOL/USDT:USDT,184.89,401.0,184.88,217.0,184.9,1.0,184.91,172.0
1753769639651,06:13:59.651,gate,SOL/USDT:USDT,184.89,401.0,184.88,217.0,184.9,1.0,184.91,172.0
1753769639733,06:13:59.733,gate,SOL/USDT:USDT,184.89,401.0,184.88,217.0,184.9,48.0,184.91,172.0
1753769639864,06:13:59.864,gate,SOL/USDT:USDT,184.89,401.0,184.88,135.0,184.9,48.0,184.91,172.0
1753769639960,06:13:59.960,gate,SOL/USDT:USDT,184.89,401.0,184.88,135.0,184.9,48.0,184.91,172.0
1753769640013,06:14:00.013,gate,SOL/USDT:USDT,184.89,306.0,184.88,135.0,184.9,72.0,184.91,161.0
1753769640133,06:14:00.133,gate,SOL/USDT:USDT,184.89,306.0,184.88,135.0,184.9,72.0,184.91,161.0
1753769640199,06:14:00.199,gate,SOL/USDT:USDT,184.89,297.0,184.88,135.0,184.9,72.0,184.91,161.0
1753769640314,06:14:00.314,gate,SOL/USDT:USDT,184.89,297.0,184.88,135.0,184.9,72.0,184.91,161.0
1753769640468,06:14:00.468,gate,SOL/USDT:USDT,184.89,297.0,184.88,135.0,184.9,73.0,184.91,161.0
1753769640493,06:14:00.493,gate,SOL/USDT:USDT,184.89,297.0,184.88,135.0,184.9,154.0,184.91,91.0
1753769640656,06:14:00.656,gate,SOL/USDT:USDT,184.89,297.0,184.88,135.0,184.9,154.0,184.91,91.0
1753769640735,06:14:00.735,gate,SOL/USDT:USDT,184.89,297.0,184.88,135.0,184.9,154.0,184.91,91.0
1753769640841,06:14:00.841,gate,SOL/USDT:USDT,184.89,297.0,184.88,135.0,184.9,61.0,184.91,91.0
1753769640943,06:14:00.943,gate,SOL/USDT:USDT,184.89,297.0,184.88,135.0,184.9,61.0,184.91,103.0
1753769641058,06:14:01.058,gate,SOL/USDT:USDT,184.89,301.0,184.88,139.0,184.9,2.0,184.91,103.0
1753769641130,06:14:01.130,gate,SOL/USDT:USDT,184.89,301.0,184.88,139.0,184.9,2.0,184.91,103.0
1753769641171,06:14:01.171,gate,SOL/USDT:USDT,184.89,299.0,184.88,137.0,184.9,2.0,184.91,103.0
1753769641334,06:14:01.334,gate,SOL/USDT:USDT,184.89,297.0,184.88,135.0,184.9,49.0,184.91,103.0
1753769641442,06:14:01.442,gate,SOL/USDT:USDT,184.89,297.0,184.88,135.0,184.9,48.0,184.91,103.0
1753769641566,06:14:01.566,gate,SOL/USDT:USDT,184.89,379.0,184.88,217.0,184.9,48.0,184.91,103.0
1753769641633,06:14:01.633,gate,SOL/USDT:USDT,184.89,379.0,184.88,217.0,184.9,48.0,184.91,103.0
1753769641748,06:14:01.748,gate,SOL/USDT:USDT,184.89,379.0,184.88,217.0,184.9,48.0,184.91,103.0
1753769641967,06:14:01.967,gate,SOL/USDT:USDT,184.89,297.0,184.88,217.0,184.9,59.0,184.91,91.0
1753769642070,06:14:02.070,gate,SOL/USDT:USDT,184.89,297.0,184.88,217.0,184.9,71.0,184.91,91.0
1753769642269,06:14:02.269,gate,SOL/USDT:USDT,184.89,296.0,184.88,217.0,184.9,152.0,184.91,91.0
1753769642355,06:14:02.355,gate,SOL/USDT:USDT,184.89,296.0,184.88,217.0,184.9,152.0,184.91,91.0
1753769642461,06:14:02.461,gate,SOL/USDT:USDT,184.89,357.0,184.88,217.0,184.9,152.0,184.91,91.0
1753769642556,06:14:02.556,gate,SOL/USDT:USDT,184.89,357.0,184.88,217.0,184.9,48.0,184.91,91.0
1753769642593,06:14:02.593,gate,SOL/USDT:USDT,184.89,406.0,184.88,217.0,184.9,1.0,184.91,91.0
1753769642765,06:14:02.765,gate,SOL/USDT:USDT,184.89,406.0,184.88,217.0,184.9,1.0,184.91,91.0
1753769642868,06:14:02.868,gate,SOL/USDT:USDT,184.89,406.0,184.88,217.0,184.9,1.0,184.91,91.0
1753769643068,06:14:03.068,gate,SOL/USDT:USDT,184.89,406.0,184.88,217.0,184.9,1.0,184.91,91.0
1753769643167,06:14:03.167,gate,SOL/USDT:USDT,184.89,296.0,184.88,217.0,184.9,48.0,184.91,102.0
1753769643254,06:14:03.254,gate,SOL/USDT:USDT,184.89,305.0,184.88,217.0,184.9,48.0,184.91,102.0
1753769643358,06:14:03.358,gate,SOL/USDT:USDT,184.89,305.0,184.88,217.0,184.9,48.0,184.91,102.0
1753769643450,06:14:03.450,gate,SOL/USDT:USDT,184.89,389.0,184.88,219.0,184.9,55.0,184.91,102.0
1753769643650,06:14:03.650,gate,SOL/USDT:USDT,184.89,389.0,184.88,223.0,184.9,48.0,184.91,102.0
1753769643765,06:14:03.765,gate,SOL/USDT:USDT,184.89,389.0,184.88,223.0,184.9,48.0,184.91,102.0
1753769643794,06:14:03.794,gate,SOL/USDT:USDT,184.89,389.0,184.88,223.0,184.9,48.0,184.91,102.0
1753769643932,06:14:03.932,gate,SOL/USDT:USDT,184.89,389.0,184.88,223.0,184.9,48.0,184.91,62.0
1753769644069,06:14:04.069,gate,SOL/USDT:USDT,184.9,360.0,184.89,272.0,184.91,62.0,184.92,150.0
1753769644167,06:14:04.167,gate,SOL/USDT:USDT,184.9,302.0,184.89,214.0,184.91,62.0,184.92,78.0
1753769644264,06:14:04.264,gate,SOL/USDT:USDT,184.9,302.0,184.89,214.0,184.91,62.0,184.92,78.0
1753769644367,06:14:04.367,gate,SOL/USDT:USDT,184.9,302.0,184.89,214.0,184.91,62.0,184.92,78.0
1753769644469,06:14:04.469,gate,SOL/USDT:USDT,184.9,302.0,184.89,252.0,184.91,143.0,184.92,78.0
1753769644488,06:14:04.488,gate,SOL/USDT:USDT,184.9,302.0,184.89,252.0,184.91,143.0,184.92,78.0
1753769644651,06:14:04.651,gate,SOL/USDT:USDT,184.9,302.0,184.89,252.0,184.91,143.0,184.92,78.0
1753769644716,06:14:04.716,gate,SOL/USDT:USDT,184.9,302.0,184.89,252.0,184.91,143.0,184.92,78.0
1753769644839,06:14:04.839,gate,SOL/USDT:USDT,184.9,302.0,184.89,252.0,184.91,143.0,184.92,78.0
1753769644964,06:14:04.964,gate,SOL/USDT:USDT,184.9,302.0,184.89,252.0,184.91,143.0,184.92,78.0
1753769645040,06:14:05.040,gate,SOL/USDT:USDT,184.9,302.0,184.89,252.0,184.91,143.0,184.92,78.0
1753769645170,06:14:05.170,gate,SOL/USDT:USDT,184.9,267.0,184.89,252.0,184.91,155.0,184.92,78.0
1753769645269,06:14:05.269,gate,SOL/USDT:USDT,184.9,267.0,184.89,252.0,184.91,163.0,184.92,78.0
1753769645359,06:14:05.359,gate,SOL/USDT:USDT,184.9,256.0,184.89,252.0,184.91,163.0,184.92,78.0
1753769645460,06:14:05.460,gate,SOL/USDT:USDT,184.9,291.0,184.89,252.0,184.91,160.0,184.92,78.0
1753769645524,06:14:05.524,gate,SOL/USDT:USDT,184.9,291.0,184.89,252.0,184.91,160.0,184.92,78.0
1753769645655,06:14:05.655,gate,SOL/USDT:USDT,184.9,291.0,184.89,252.0,184.91,160.0,184.92,78.0
1753769645724,06:14:05.724,gate,SOL/USDT:USDT,184.9,291.0,184.89,252.0,184.91,160.0,184.92,78.0
1753769645853,06:14:05.853,gate,SOL/USDT:USDT,184.9,291.0,184.89,252.0,184.91,160.0,184.92,78.0
1753769645939,06:14:05.939,gate,SOL/USDT:USDT,184.9,291.0,184.89,252.0,184.91,160.0,184.92,78.0
1753769646041,06:14:06.041,gate,SOL/USDT:USDT,184.9,291.0,184.89,252.0,184.91,160.0,184.92,78.0
1753769646135,06:14:06.135,gate,SOL/USDT:USDT,184.9,291.0,184.89,252.0,184.91,160.0,184.92,78.0
1753769646207,06:14:06.207,gate,SOL/USDT:USDT,184.9,291.0,184.89,252.0,184.91,160.0,184.92,78.0
1753769646365,06:14:06.365,gate,SOL/USDT:USDT,184.9,291.0,184.89,252.0,184.91,82.0,184.92,78.0
1753769646417,06:14:06.417,gate,SOL/USDT:USDT,184.9,291.0,184.89,334.0,184.91,82.0,184.92,159.0
1753769646501,06:14:06.501,gate,SOL/USDT:USDT,184.9,291.0,184.89,334.0,184.91,82.0,184.92,159.0
1753769646645,06:14:06.645,gate,SOL/USDT:USDT,184.9,291.0,184.89,334.0,184.91,122.0,184.92,159.0
1753769646763,06:14:06.763,gate,SOL/USDT:USDT,184.9,291.0,184.89,334.0,184.91,122.0,184.92,159.0
1753769646870,06:14:06.870,gate,SOL/USDT:USDT,184.91,349.0,184.9,420.0,184.92,13.0,184.93,77.0
1753769646969,06:14:06.969,gate,SOL/USDT:USDT,184.92,417.0,184.91,395.0,184.93,146.0,184.94,214.0
1753769647069,06:14:07.069,gate,SOL/USDT:USDT,184.92,439.0,184.91,383.0,184.93,47.0,184.94,214.0
1753769647133,06:14:07.133,gate,SOL/USDT:USDT,184.92,439.0,184.91,383.0,184.93,47.0,184.94,142.0
1753769647249,06:14:07.249,gate,SOL/USDT:USDT,184.92,439.0,184.91,383.0,184.93,47.0,184.94,142.0
1753769647370,06:14:07.370,gate,SOL/USDT:USDT,184.94,301.0,184.93,476.0,184.95,47.0,184.96,49.0
1753769647470,06:14:07.470,gate,SOL/USDT:USDT,184.94,159.0,184.93,309.0,184.95,340.0,184.96,59.0
1753769647567,06:14:07.567,gate,SOL/USDT:USDT,184.94,196.0,184.93,289.0,184.95,224.0,184.96,73.0
1753769647660,06:14:07.660,gate,SOL/USDT:USDT,184.94,196.0,184.93,289.0,184.95,224.0,184.96,73.0
1753769647730,06:14:07.730,gate,SOL/USDT:USDT,184.94,196.0,184.93,289.0,184.95,224.0,184.96,73.0
1753769647868,06:14:07.868,gate,SOL/USDT:USDT,184.94,187.0,184.93,289.0,184.95,224.0,184.96,73.0
1753769647941,06:14:07.941,gate,SOL/USDT:USDT,184.94,203.0,184.93,289.0,184.95,173.0,184.96,73.0
1753769648050,06:14:08.050,gate,SOL/USDT:USDT,184.94,203.0,184.93,289.0,184.95,173.0,184.96,73.0
1753769648119,06:14:08.119,gate,SOL/USDT:USDT,184.94,203.0,184.93,289.0,184.95,173.0,184.96,73.0
1753769648253,06:14:08.253,gate,SOL/USDT:USDT,184.94,203.0,184.93,289.0,184.95,173.0,184.96,73.0
1753769648356,06:14:08.356,gate,SOL/USDT:USDT,184.94,203.0,184.93,249.0,184.95,173.0,184.96,73.0
1753769648426,06:14:08.426,gate,SOL/USDT:USDT,184.94,203.0,184.93,249.0,184.95,173.0,184.96,155.0
1753769648560,06:14:08.560,gate,SOL/USDT:USDT,184.94,187.0,184.93,278.0,184.95,185.0,184.96,155.0
1753769648656,06:14:08.656,gate,SOL/USDT:USDT,184.94,187.0,184.93,278.0,184.95,185.0,184.96,155.0
1753769648718,06:14:08.718,gate,SOL/USDT:USDT,184.94,152.0,184.93,278.0,184.95,189.0,184.96,155.0
1753769648864,06:14:08.864,gate,SOL/USDT:USDT,184.94,152.0,184.93,278.0,184.95,189.0,184.96,155.0
1753769648941,06:14:08.941,gate,SOL/USDT:USDT,184.94,105.0,184.93,278.0,184.95,189.0,184.96,155.0
1753769649067,06:14:09.067,gate,SOL/USDT:USDT,184.93,119.0,184.92,190.0,184.94,327.0,184.95,218.0
1753769649162,06:14:09.162,gate,SOL/USDT:USDT,184.92,151.0,184.91,176.0,184.93,197.0,184.94,102.0
1753769649254,06:14:09.254,gate,SOL/USDT:USDT,184.92,292.0,184.91,180.0,184.93,47.0,184.94,89.0
1753769649357,06:14:09.357,gate,SOL/USDT:USDT,184.92,290.0,184.91,178.0,184.93,70.0,184.94,77.0
1753769649400,06:14:09.400,gate,SOL/USDT:USDT,184.92,385.0,184.91,178.0,184.93,152.0,184.94,77.0
1753769649539,06:14:09.539,gate,SOL/USDT:USDT,184.92,385.0,184.91,178.0,184.93,152.0,184.94,77.0
1753769649648,06:14:09.648,gate,SOL/USDT:USDT,184.92,385.0,184.91,178.0,184.93,152.0,184.94,77.0
1753769649761,06:14:09.761,gate,SOL/USDT:USDT,184.92,385.0,184.91,178.0,184.93,152.0,184.94,77.0
1753769649858,06:14:09.858,gate,SOL/USDT:USDT,184.92,383.0,184.91,176.0,184.93,70.0,184.94,77.0
1753769649962,06:14:09.962,gate,SOL/USDT:USDT,184.92,387.0,184.91,180.0,184.93,70.0,184.94,77.0
1753769650063,06:14:10.063,gate,SOL/USDT:USDT,184.92,385.0,184.91,178.0,184.93,70.0,184.94,69.0
1753769650142,06:14:10.142,gate,SOL/USDT:USDT,184.92,385.0,184.91,178.0,184.93,70.0,184.94,69.0
1753769650251,06:14:10.251,gate,SOL/USDT:USDT,184.92,385.0,184.91,178.0,184.93,70.0,184.94,69.0
1753769650359,06:14:10.359,gate,SOL/USDT:USDT,184.92,385.0,184.91,178.0,184.93,70.0,184.94,69.0
1753769650467,06:14:10.467,gate,SOL/USDT:USDT,184.92,459.0,184.91,178.0,184.93,70.0,184.94,151.0
1753769650565,06:14:10.565,gate,SOL/USDT:USDT,184.92,301.0,184.91,176.0,184.93,70.0,184.94,151.0
1753769650651,06:14:10.651,gate,SOL/USDT:USDT,184.92,311.0,184.91,176.0,184.93,70.0,184.94,151.0
1753769650868,06:14:10.868,gate,SOL/USDT:USDT,184.92,311.0,184.91,175.0,184.93,70.0,184.94,151.0
1753769650926,06:14:10.926,gate,SOL/USDT:USDT,184.92,311.0,184.91,175.0,184.93,70.0,184.94,151.0
1753769651068,06:14:11.068,gate,SOL/USDT:USDT,184.92,311.0,184.91,175.0,184.93,70.0,184.94,142.0
1753769651163,06:14:11.163,gate,SOL/USDT:USDT,184.93,267.0,184.92,330.0,184.94,47.0,184.95,47.0
1753769651241,06:14:11.241,gate,SOL/USDT:USDT,184.93,287.0,184.92,318.0,184.94,47.0,184.95,78.0
1753769651368,06:14:11.368,gate,SOL/USDT:USDT,184.93,287.0,184.92,318.0,184.94,47.0,184.95,88.0
1753769651440,06:14:11.440,gate,SOL/USDT:USDT,184.93,296.0,184.92,318.0,184.94,47.0,184.95,88.0
1753769651558,06:14:11.558,gate,SOL/USDT:USDT,184.93,296.0,184.92,318.0,184.94,47.0,184.95,88.0
1753769651719,06:14:11.719,gate,SOL/USDT:USDT,184.93,296.0,184.92,318.0,184.94,47.0,184.95,88.0
1753769651945,06:14:11.945,gate,SOL/USDT:USDT,184.93,296.0,184.92,318.0,184.94,47.0,184.95,88.0
1753769652015,06:14:12.015,gate,SOL/USDT:USDT,184.93,296.0,184.92,318.0,184.94,47.0,184.95,88.0
1753769652166,06:14:12.166,gate,SOL/USDT:USDT,184.93,296.0,184.92,318.0,184.94,47.0,184.95,88.0
1753769652267,06:14:12.267,gate,SOL/USDT:USDT,184.93,296.0,184.92,318.0,184.94,47.0,184.95,88.0
1753769652364,06:14:12.364,gate,SOL/USDT:USDT,184.93,296.0,184.92,316.0,184.94,47.0,184.95,146.0
1753769652453,06:14:12.453,gate,SOL/USDT:USDT,184.93,296.0,184.92,316.0,184.94,47.0,184.95,146.0
1753769652538,06:14:12.538,gate,SOL/USDT:USDT,184.93,296.0,184.92,316.0,184.94,47.0,184.95,146.0
1753769652753,06:14:12.753,gate,SOL/USDT:USDT,184.93,296.0,184.92,316.0,184.94,47.0,184.95,146.0
1753769652812,06:14:12.812,gate,SOL/USDT:USDT,184.93,296.0,184.92,316.0,184.94,47.0,184.95,146.0
1753769652964,06:14:12.964,gate,SOL/USDT:USDT,184.93,296.0,184.92,316.0,184.94,47.0,184.95,146.0
