timestamp,time,exchange,symbol,bid1_price,bid1_volume,bid2_price,bid2_volume,ask1_price,ask1_volume,ask2_price,ask2_volume
1753769557722,06:12:37.722,mexc,XRP/USDT:USDT,3.1421,141089.0,3.142,104910.0,3.1422,120425.0,3.1423,112090.0
1753769558118,06:12:38.118,mexc,XRP/USDT:USDT,3.1421,141089.0,3.142,104910.0,3.1422,120425.0,3.1423,112090.0
1753769558217,06:12:38.217,mexc,XRP/USDT:USDT,3.1421,141089.0,3.142,151306,3.1422,120425.0,3.1423,112090.0
1753769558619,06:12:38.619,mexc,XRP/USDT:USDT,3.1421,141089.0,3.142,151306,3.1422,120425.0,3.1423,112090.0
1753769558718,06:12:38.718,mexc,XRP/USDT:USDT,3.1421,141089.0,3.142,158557,3.1422,120425.0,3.1423,112469
1753769559118,06:12:39.118,mexc,XRP/USDT:USDT,3.1421,141089.0,3.142,117001,3.1422,120425.0,3.1423,112469
1753769559276,06:12:39.276,mexc,XRP/USDT:USDT,3.1421,141089.0,3.142,104910,3.1422,120417,3.1423,112199
1753769559547,06:12:39.547,mexc,XRP/USDT:USDT,3.1421,141089.0,3.142,104910,3.1422,120417,3.1423,112199
1753769559716,06:12:39.716,mexc,XRP/USDT:USDT,3.1421,141089.0,3.142,104910,3.1422,120417,3.1423,112090
1753769560119,06:12:40.119,mexc,XRP/USDT:USDT,3.1421,141089.0,3.142,104910,3.1422,120417,3.1423,112090
1753769560218,06:12:40.218,mexc,XRP/USDT:USDT,3.1421,141089.0,3.142,104910,3.1422,120417,3.1423,112204
1753769560338,06:12:40.338,mexc,XRP/USDT:USDT,3.1421,141089.0,3.142,104910,3.1422,120017,3.1423,112204
1753769560717,06:12:40.717,mexc,XRP/USDT:USDT,3.1421,21813,3.142,35234,3.1422,87688,3.1423,25301
1753769561120,06:12:41.120,mexc,XRP/USDT:USDT,3.1421,21813,3.142,35234,3.1422,87688,3.1423,25301
1753769561218,06:12:41.218,mexc,XRP/USDT:USDT,3.1421,21813,3.142,35234,3.1422,87688,3.1423,21003
1753769561476,06:12:41.476,mexc,XRP/USDT:USDT,3.1421,21813,3.142,35234,3.1422,87269,3.1423,21003
1753769561737,06:12:41.737,mexc,XRP/USDT:USDT,3.1421,21813,3.142,35234,3.1422,87269,3.1423,17022
1753769561841,06:12:41.841,mexc,XRP/USDT:USDT,3.1421,21813,3.142,35234,3.1422,87269,3.1423,17022
1753769562219,06:12:42.219,mexc,XRP/USDT:USDT,3.1421,21813,3.142,35234,3.1422,87269,3.1423,17022
1753769562622,06:12:42.622,mexc,XRP/USDT:USDT,3.1421,21813,3.142,35234,3.1422,87269,3.1423,17022
1753769562719,06:12:42.719,mexc,XRP/USDT:USDT,3.1421,21813,3.142,58525,3.1422,87269,3.1423,18774
1753769563122,06:12:43.122,mexc,XRP/USDT:USDT,3.1421,21813,3.142,58525,3.1422,87269,3.1423,17022
1753769563220,06:12:43.220,mexc,XRP/USDT:USDT,3.1421,21813,3.142,41682,3.1422,87269,3.1423,17022
1753769563621,06:12:43.621,mexc,XRP/USDT:USDT,3.1421,21813,3.142,41682,3.1422,87269,3.1423,17022
1753769563722,06:12:43.722,mexc,XRP/USDT:USDT,3.1421,21813,3.142,45383,3.1422,87269,3.1423,25246
1753769564122,06:12:44.122,mexc,XRP/USDT:USDT,3.1421,21813,3.142,45383,3.1422,87269,3.1423,25246
1753769564221,06:12:44.221,mexc,XRP/USDT:USDT,3.1421,21813,3.142,35234,3.1422,87269,3.1423,17022
1753769564403,06:12:44.403,mexc,XRP/USDT:USDT,3.1421,21813,3.142,35234,3.1422,87238,3.1423,17022
1753769564721,06:12:44.721,mexc,XRP/USDT:USDT,3.1421,21813,3.142,52049,3.1422,87238,3.1423,24030
1753769565124,06:12:45.124,mexc,XRP/USDT:USDT,3.1421,21813,3.142,52049,3.1422,87238,3.1423,24030
1753769565221,06:12:45.221,mexc,XRP/USDT:USDT,3.1421,21813,3.142,35234,3.1422,87238,3.1423,20775
1753769565616,06:12:45.616,mexc,XRP/USDT:USDT,3.1421,21813,3.142,35234,3.1422,87238,3.1423,20775
1753769565722,06:12:45.722,mexc,XRP/USDT:USDT,3.1421,21813,3.142,42380,3.1422,87238,3.1423,18984
1753769566124,06:12:46.124,mexc,XRP/USDT:USDT,3.1421,21813,3.142,35234,3.1422,87238,3.1423,18984
1753769566221,06:12:46.221,mexc,XRP/USDT:USDT,3.1421,21813,3.142,35234,3.1422,85921,3.1423,17022
1753769566619,06:12:46.619,mexc,XRP/USDT:USDT,3.1421,21813,3.142,35234,3.1422,129206,3.1423,17022
1753769566722,06:12:46.722,mexc,XRP/USDT:USDT,3.1421,35825,3.142,49444,3.1422,43285,3.1423,7052
1753769567124,06:12:47.124,mexc,XRP/USDT:USDT,3.1421,35825,3.142,49444,3.1422,43285,3.1423,7052
1753769567224,06:12:47.224,mexc,XRP/USDT:USDT,3.1421,35825,3.142,49444,3.1422,43285,3.1423,4354
1753769567626,06:12:47.626,mexc,XRP/USDT:USDT,3.1421,35825,3.142,49444,3.1422,43285,3.1423,4354
1753769567820,06:12:47.820,mexc,XRP/USDT:USDT,3.1421,35825,3.142,49444,3.1422,43285,3.1423,4354
1753769567830,06:12:47.830,mexc,XRP/USDT:USDT,3.1421,35825,3.142,49444,3.1422,43285,3.1423,4354
1753769568224,06:12:48.224,mexc,XRP/USDT:USDT,3.1421,35825,3.142,54844,3.1422,43285,3.1423,4853
1753769568627,06:12:48.627,mexc,XRP/USDT:USDT,3.1421,35825,3.142,54844,3.1422,43285,3.1423,4354
1753769568725,06:12:48.725,mexc,XRP/USDT:USDT,3.1421,35825,3.142,49444,3.1422,43285,3.1423,4354
1753769569127,06:12:49.127,mexc,XRP/USDT:USDT,3.1421,35825,3.142,49444,3.1422,43285,3.1423,4354
1753769569226,06:12:49.226,mexc,XRP/USDT:USDT,3.1421,35825,3.142,61029,3.1422,43285,3.1423,5059
1753769569627,06:12:49.627,mexc,XRP/USDT:USDT,3.1421,35825,3.142,49444,3.1422,43285,3.1423,5059
1753769569726,06:12:49.726,mexc,XRP/USDT:USDT,3.1421,35825,3.142,49444,3.1422,43285,3.1423,4354
1753769570127,06:12:50.127,mexc,XRP/USDT:USDT,3.1421,35825,3.142,49444,3.1422,43285,3.1423,4354
1753769570225,06:12:50.225,mexc,XRP/USDT:USDT,3.1421,35825,3.142,70131,3.1422,43285,3.1423,5208
1753769570626,06:12:50.626,mexc,XRP/USDT:USDT,3.1421,35825,3.142,49444,3.1422,43285,3.1423,5208
1753769570724,06:12:50.724,mexc,XRP/USDT:USDT,3.1421,35825,3.142,57441,3.1422,43285,3.1423,5972
1753769571127,06:12:51.127,mexc,XRP/USDT:USDT,3.1421,35825,3.142,57441,3.1422,43285,3.1423,5972
1753769571225,06:12:51.225,mexc,XRP/USDT:USDT,3.1421,35825,3.142,57024,3.1422,42717,3.1423,4354
1753769571617,06:12:51.617,mexc,XRP/USDT:USDT,3.1421,35825,3.142,57024,3.1422,42717,3.1423,4354
1753769571725,06:12:51.725,mexc,XRP/USDT:USDT,3.1421,35825,3.142,56129,3.1422,42717,3.1423,4354
1753769572127,06:12:52.127,mexc,XRP/USDT:USDT,3.1421,35825,3.142,56129,3.1422,42717,3.1423,4354
1753769572226,06:12:52.226,mexc,XRP/USDT:USDT,3.1421,35825,3.142,49444,3.1422,42717,3.1423,6053
1753769572621,06:12:52.621,mexc,XRP/USDT:USDT,3.1421,35825,3.142,49444,3.1422,42717,3.1423,6053
1753769572725,06:12:52.725,mexc,XRP/USDT:USDT,3.1423,109572,3.1422,184494,3.1424,5132,3.1425,1125
1753769573128,06:12:53.128,mexc,XRP/USDT:USDT,3.1423,109572,3.1422,149384,3.1424,5132,3.1425,1125
1753769573227,06:12:53.227,mexc,XRP/USDT:USDT,3.1423,109572,3.1422,163136,3.1424,5132,3.1425,1632
1753769573629,06:12:53.629,mexc,XRP/USDT:USDT,3.1423,109572,3.1422,163136,3.1424,5132,3.1425,1125
1753769573828,06:12:53.828,mexc,XRP/USDT:USDT,3.1423,109572,3.1422,147363,3.1424,5132,3.1425,1125
1753769573833,06:12:53.833,mexc,XRP/USDT:USDT,3.1423,109572,3.1422,147363,3.1424,5132,3.1425,1125
1753769574302,06:12:54.302,mexc,XRP/USDT:USDT,3.1423,109572,3.1422,112443,3.1424,5132,3.1425,1125
1753769574634,06:12:54.634,mexc,XRP/USDT:USDT,3.1423,109572,3.1422,112443,3.1424,5132,3.1425,1125
1753769574734,06:12:54.734,mexc,XRP/USDT:USDT,3.1423,109572,3.1422,112443,3.1424,5132,3.1425,1461
1753769575134,06:12:55.134,mexc,XRP/USDT:USDT,3.1423,109572,3.1422,112443,3.1424,5132,3.1425,1125
1753769575232,06:12:55.232,mexc,XRP/USDT:USDT,3.1423,109572,3.1422,112443,3.1424,5132,3.1425,1125
1753769575634,06:12:55.634,mexc,XRP/USDT:USDT,3.1423,109572,3.1422,112443,3.1424,5132,3.1425,1125
1753769575733,06:12:55.733,mexc,XRP/USDT:USDT,3.1423,109572,3.1422,112443,3.1424,5132,3.1425,1125
1753769576134,06:12:56.134,mexc,XRP/USDT:USDT,3.1423,109572,3.1422,112443,3.1424,5132,3.1425,1125
1753769576232,06:12:56.232,mexc,XRP/USDT:USDT,3.1423,109572,3.1422,154715,3.1424,5132,3.1425,1494
1753769576354,06:12:56.354,mexc,XRP/USDT:USDT,3.1423,109553,3.1422,154715,3.1424,5132,3.1425,1494
1753769576733,06:12:56.733,mexc,XRP/USDT:USDT,3.1423,109553,3.1422,112443,3.1424,5132,3.1425,1604
1753769577136,06:12:57.136,mexc,XRP/USDT:USDT,3.1423,109553,3.1422,112443,3.1424,5132,3.1425,1604
1753769577232,06:12:57.232,mexc,XRP/USDT:USDT,3.1423,109553,3.1422,112443,3.1424,5132,3.1425,1125
1753769577623,06:12:57.623,mexc,XRP/USDT:USDT,3.1423,109553,3.1422,112443,3.1424,5132,3.1425,1125
1753769577739,06:12:57.739,mexc,XRP/USDT:USDT,3.1423,109553,3.1422,112443,3.1424,5132,3.1425,1327
1753769578136,06:12:58.136,mexc,XRP/USDT:USDT,3.1423,109553,3.1422,112443,3.1424,5132,3.1425,1327
1753769578234,06:12:58.234,mexc,XRP/USDT:USDT,3.1423,109553,3.1422,112443,3.1424,5132,3.1425,1357
1753769578626,06:12:58.626,mexc,XRP/USDT:USDT,3.1423,109553,3.1422,112443,3.1424,8892,3.1425,1357
1753769578733,06:12:58.733,mexc,XRP/USDT:USDT,3.1423,74957,3.1422,83214,3.1424,3760,3.1425,10306
1753769579137,06:12:59.137,mexc,XRP/USDT:USDT,3.1423,74957,3.1422,83214,3.1424,3760,3.1425,10306
1753769579235,06:12:59.235,mexc,XRP/USDT:USDT,3.1423,74957,3.1422,83214,3.1424,3760,3.1425,7962
1753769579637,06:12:59.637,mexc,XRP/USDT:USDT,3.1423,74957,3.1422,83214,3.1424,3760,3.1425,7962
1753769579834,06:12:59.834,mexc,XRP/USDT:USDT,3.1423,74957,3.1422,83214,3.1424,3760,3.1425,7962
1753769580138,06:13:00.138,mexc,XRP/USDT:USDT,3.1423,74957,3.1422,83214,3.1424,3760,3.1425,7962
1753769580237,06:13:00.237,mexc,XRP/USDT:USDT,3.1423,74957,3.1422,83214,3.1424,3760,3.1425,11367
1753769580638,06:13:00.638,mexc,XRP/USDT:USDT,3.1423,74957,3.1422,83214,3.1424,3760,3.1425,11367
1753769580737,06:13:00.737,mexc,XRP/USDT:USDT,3.1423,74957,3.1422,135001,3.1424,3760,3.1425,12375
1753769581138,06:13:01.138,mexc,XRP/USDT:USDT,3.1423,74957,3.1422,135001,3.1424,3760,3.1425,9401
1753769581257,06:13:01.257,mexc,XRP/USDT:USDT,3.1423,74957,3.1422,96426,3.1424,3760,3.1425,11298
1753769581638,06:13:01.638,mexc,XRP/USDT:USDT,3.1423,74957,3.1422,83500,3.1424,3760,3.1425,11298
1753769581738,06:13:01.738,mexc,XRP/USDT:USDT,3.1423,74957,3.1422,83500,3.1424,3760,3.1425,7962
1753769582139,06:13:02.139,mexc,XRP/USDT:USDT,3.1423,74957,3.1422,83500,3.1424,3760,3.1425,7962
1753769582236,06:13:02.236,mexc,XRP/USDT:USDT,3.1423,74957,3.1422,83500,3.1424,3760,3.1425,7962
1753769582642,06:13:02.642,mexc,XRP/USDT:USDT,3.1423,74957,3.1422,83500,3.1424,3760,3.1425,7962
1753769582738,06:13:02.738,mexc,XRP/USDT:USDT,3.1423,74957,3.1422,100786,3.1424,3760,3.1425,13097
1753769582868,06:13:02.868,mexc,XRP/USDT:USDT,3.1423,74957,3.1422,100786,3.1424,3665,3.1425,13097
1753769583237,06:13:03.237,mexc,XRP/USDT:USDT,3.1423,74957,3.1422,93202,3.1424,3665,3.1425,10301
1753769583622,06:13:03.622,mexc,XRP/USDT:USDT,3.1423,74957,3.1422,93202,3.1424,3665,3.1425,10301
1753769583739,06:13:03.739,mexc,XRP/USDT:USDT,3.1423,74957,3.1422,83500,3.1424,3665,3.1425,13104
1753769584141,06:13:04.141,mexc,XRP/USDT:USDT,3.1423,74957,3.1422,83500,3.1424,3665,3.1425,13104
1753769584272,06:13:04.272,mexc,XRP/USDT:USDT,3.1423,74740,3.1422,83500,3.1424,3665,3.1425,7962
1753769584629,06:13:04.629,mexc,XRP/USDT:USDT,3.1423,74740,3.1422,83500,3.1424,124617,3.1425,7962
1753769584739,06:13:04.739,mexc,XRP/USDT:USDT,3.1423,18068,3.1422,18917,3.1424,120952,3.1425,104536
1753769585145,06:13:05.145,mexc,XRP/USDT:USDT,3.1423,18068,3.1422,18917,3.1424,120952,3.1425,104536
1753769585239,06:13:05.239,mexc,XRP/USDT:USDT,3.1423,18068,3.1422,26486,3.1424,120952,3.1425,94793
1753769585641,06:13:05.641,mexc,XRP/USDT:USDT,3.1423,18068,3.1422,26486,3.1424,120952,3.1425,78187
1753769585840,06:13:05.840,mexc,XRP/USDT:USDT,3.1423,18068,3.1422,18917,3.1424,120952,3.1425,90757
1753769586200,06:13:06.200,mexc,XRP/USDT:USDT,3.1423,18068,3.1422,18917,3.1424,120952,3.1425,78187
1753769586298,06:13:06.298,mexc,XRP/USDT:USDT,3.1423,18068,3.1422,18917,3.1424,120952,3.1425,111933
1753769586701,06:13:06.701,mexc,XRP/USDT:USDT,3.1423,18068,3.1422,18917,3.1424,120952,3.1425,111933
1753769586800,06:13:06.800,mexc,XRP/USDT:USDT,3.1423,18068,3.1422,27791,3.1424,120952,3.1425,78187
1753769587204,06:13:07.204,mexc,XRP/USDT:USDT,3.1423,18068,3.1422,27791,3.1424,120952,3.1425,78187
1753769587302,06:13:07.302,mexc,XRP/USDT:USDT,3.1423,18068,3.1422,18917,3.1424,120952,3.1425,125474
1753769587704,06:13:07.704,mexc,XRP/USDT:USDT,3.1423,18068,3.1422,18917,3.1424,120952,3.1425,91165
1753769587799,06:13:07.799,mexc,XRP/USDT:USDT,3.1423,18068,3.1422,21758,3.1424,120952,3.1425,78187
1753769588203,06:13:08.203,mexc,XRP/USDT:USDT,3.1423,18068,3.1422,21758,3.1424,120952,3.1425,78187
1753769588298,06:13:08.298,mexc,XRP/USDT:USDT,3.1423,18068,3.1422,18917,3.1424,120952,3.1425,134049
1753769588702,06:13:08.702,mexc,XRP/USDT:USDT,3.1423,18068,3.1422,18917,3.1424,120952,3.1425,100119
1753769588799,06:13:08.799,mexc,XRP/USDT:USDT,3.1423,18068,3.1422,21355,3.1424,120952,3.1425,110000
1753769589201,06:13:09.201,mexc,XRP/USDT:USDT,3.1423,18068,3.1422,21355,3.1424,120952,3.1425,110000
1753769589300,06:13:09.300,mexc,XRP/USDT:USDT,3.1423,18068,3.1422,18917,3.1424,120952,3.1425,87097
1753769589625,06:13:09.625,mexc,XRP/USDT:USDT,3.1423,18068,3.1422,18917,3.1424,120952,3.1425,87097
1753769589800,06:13:09.800,mexc,XRP/USDT:USDT,3.1424,13581,3.1423,22125,3.1425,57543,3.1426,20299
1753769590209,06:13:10.209,mexc,XRP/USDT:USDT,3.1424,13581,3.1423,22125,3.1425,57543,3.1426,20299
1753769590300,06:13:10.300,mexc,XRP/USDT:USDT,3.1424,13581,3.1423,30813,3.1425,57543,3.1426,20299
1753769590702,06:13:10.702,mexc,XRP/USDT:USDT,3.1424,13581,3.1423,30813,3.1425,57543,3.1426,20299
1753769590800,06:13:10.800,mexc,XRP/USDT:USDT,3.1424,13581,3.1423,27444,3.1425,57543,3.1426,26411
1753769591203,06:13:11.203,mexc,XRP/USDT:USDT,3.1424,13581,3.1423,22125,3.1425,57543,3.1426,26411
1753769591301,06:13:11.301,mexc,XRP/USDT:USDT,3.1424,13581,3.1423,22125,3.1425,57543,3.1426,30027
1753769591703,06:13:11.703,mexc,XRP/USDT:USDT,3.1424,13581,3.1423,22125,3.1425,57543,3.1426,20299
1753769591801,06:13:11.801,mexc,XRP/USDT:USDT,3.1424,13581,3.1423,22125,3.1425,57543,3.1426,29713
1753769591928,06:13:11.928,mexc,XRP/USDT:USDT,3.1424,13581,3.1423,22125,3.1425,57543,3.1426,29713
1753769592302,06:13:12.302,mexc,XRP/USDT:USDT,3.1424,13581,3.1423,30270,3.1425,57543,3.1426,24952
1753769592501,06:13:12.501,mexc,XRP/USDT:USDT,3.1424,13581,3.1423,30270,3.1425,56998,3.1426,24952
1753769592805,06:13:12.805,mexc,XRP/USDT:USDT,3.1424,13581,3.1423,22125,3.1425,56998,3.1426,29226
1753769593206,06:13:13.206,mexc,XRP/USDT:USDT,3.1424,13581,3.1423,22125,3.1425,56998,3.1426,29226
1753769593304,06:13:13.304,mexc,XRP/USDT:USDT,3.1424,13581,3.1423,22125,3.1425,56701,3.1426,26511
1753769593547,06:13:13.547,mexc,XRP/USDT:USDT,3.1417,28638,3.1416,69369,3.1418,203958,3.1419,87503
1753769593892,06:13:13.892,mexc,XRP/USDT:USDT,3.1417,28638,3.1416,71228,3.1418,203958,3.1419,135893
1753769594206,06:13:14.206,mexc,XRP/USDT:USDT,3.1417,28638,3.1416,71228,3.1418,203958,3.1419,126229
1753769594304,06:13:14.304,mexc,XRP/USDT:USDT,3.1417,28638,3.1416,75218,3.1418,203958,3.1419,87503
1753769594706,06:13:14.706,mexc,XRP/USDT:USDT,3.1417,28638,3.1416,75218,3.1418,203958,3.1419,87503
1753769594805,06:13:14.805,mexc,XRP/USDT:USDT,3.1417,28638,3.1416,69369,3.1418,203958,3.1419,116060
1753769595206,06:13:15.206,mexc,XRP/USDT:USDT,3.1417,28638,3.1416,69369,3.1418,203958,3.1419,116060
1753769595392,06:13:15.392,mexc,XRP/USDT:USDT,3.141,130306,3.1409,84048,3.1411,186834,3.1412,87083
1753769595624,06:13:15.624,mexc,XRP/USDT:USDT,3.141,130306,3.1409,84048,3.1411,186834,3.1412,87083
1753769595809,06:13:15.809,mexc,XRP/USDT:USDT,3.141,130306,3.1409,87053,3.1411,186834,3.1412,87083
1753769596210,06:13:16.210,mexc,XRP/USDT:USDT,3.141,130306,3.1409,84048,3.1411,186834,3.1412,87083
1753769596310,06:13:16.310,mexc,XRP/USDT:USDT,3.141,130306,3.1409,91562,3.1411,186834,3.1412,87083
1753769596714,06:13:16.714,mexc,XRP/USDT:USDT,3.141,130306,3.1409,91562,3.1411,186834,3.1412,87083
1753769596809,06:13:16.809,mexc,XRP/USDT:USDT,3.141,130306,3.1409,84048,3.1411,186834,3.1412,112372
1753769597215,06:13:17.215,mexc,XRP/USDT:USDT,3.141,130306,3.1409,84048,3.1411,186834,3.1412,87083
1753769597310,06:13:17.310,mexc,XRP/USDT:USDT,3.141,130306,3.1409,84048,3.1411,186834,3.1412,124582
1753769597712,06:13:17.712,mexc,XRP/USDT:USDT,3.141,130306,3.1409,84048,3.1411,186834,3.1412,124582
1753769597872,06:13:17.872,mexc,XRP/USDT:USDT,3.141,130059,3.1409,87451,3.1411,186834,3.1412,122274
1753769597934,06:13:17.934,mexc,XRP/USDT:USDT,3.141,130059,3.1409,87451,3.1411,186834,3.1412,122274
1753769598311,06:13:18.311,mexc,XRP/USDT:USDT,3.141,130059,3.1409,84048,3.1411,186834,3.1412,87083
1753769598708,06:13:18.708,mexc,XRP/USDT:USDT,3.141,130059,3.1409,84048,3.1411,186834,3.1412,87083
1753769598827,06:13:18.827,mexc,XRP/USDT:USDT,3.1403,63390,3.1402,71693,3.1404,79315,3.1405,90268
1753769599218,06:13:19.218,mexc,XRP/USDT:USDT,3.1403,63390,3.1402,71693,3.1404,79315,3.1405,90268
1753769599314,06:13:19.314,mexc,XRP/USDT:USDT,3.1403,63390,3.1402,72638,3.1404,79315,3.1405,126866
1753769599717,06:13:19.717,mexc,XRP/USDT:USDT,3.1403,63390,3.1402,72298,3.1404,79315,3.1405,126866
1753769599812,06:13:19.812,mexc,XRP/USDT:USDT,3.1403,63390,3.1402,71742,3.1404,79315,3.1405,90268
1753769600217,06:13:20.217,mexc,XRP/USDT:USDT,3.1403,63390,3.1402,71742,3.1404,79315,3.1405,90268
1753769600315,06:13:20.315,mexc,XRP/USDT:USDT,3.1403,63390,3.1402,71070,3.1404,79315,3.1405,90268
1753769600718,06:13:20.718,mexc,XRP/USDT:USDT,3.1403,63390,3.1402,71070,3.1404,79315,3.1405,90268
1753769600812,06:13:20.812,mexc,XRP/USDT:USDT,3.141,46762,3.1409,8879,3.1411,186834,3.1412,89995
1753769601216,06:13:21.216,mexc,XRP/USDT:USDT,3.141,46523,3.1409,8879,3.1411,186834,3.1412,87083
1753769601312,06:13:21.312,mexc,XRP/USDT:USDT,3.141,46523,3.1409,6222,3.1411,186834,3.1412,87083
1753769601627,06:13:21.627,mexc,XRP/USDT:USDT,3.141,46523,3.1409,6222,3.1411,186834,3.1412,87083
1753769601812,06:13:21.812,mexc,XRP/USDT:USDT,3.141,46523,3.1409,6222,3.1411,186834,3.1412,87083
1753769602217,06:13:22.217,mexc,XRP/USDT:USDT,3.141,46523,3.1409,6222,3.1411,186834,3.1412,87083
1753769602312,06:13:22.312,mexc,XRP/USDT:USDT,3.141,46523,3.1409,8251,3.1411,186834,3.1412,89536
1753769602507,06:13:22.507,mexc,XRP/USDT:USDT,3.141,46397,3.1409,8251,3.1411,186834,3.1412,89536
1753769602816,06:13:22.816,mexc,XRP/USDT:USDT,3.141,46397,3.1409,6222,3.1411,186834,3.1412,87083
1753769603219,06:13:23.219,mexc,XRP/USDT:USDT,3.141,46397,3.1409,6222,3.1411,186834,3.1412,87083
1753769603313,06:13:23.313,mexc,XRP/USDT:USDT,3.141,45722,3.1409,6222,3.1411,186834,3.1412,87083
1753769603718,06:13:23.718,mexc,XRP/USDT:USDT,3.141,45722,3.1409,6222,3.1411,186834,3.1412,87083
1753769603814,06:13:23.814,mexc,XRP/USDT:USDT,3.141,45722,3.1409,6222,3.1411,186834,3.1412,87083
1753769603934,06:13:23.934,mexc,XRP/USDT:USDT,3.141,45722,3.1409,6222,3.1411,186834,3.1412,87083
1753769604315,06:13:24.315,mexc,XRP/USDT:USDT,3.141,45722,3.1409,7796,3.1411,186834,3.1412,87083
1753769604719,06:13:24.719,mexc,XRP/USDT:USDT,3.141,45722,3.1409,7796,3.1411,186834,3.1412,87083
1753769604817,06:13:24.817,mexc,XRP/USDT:USDT,3.141,45722,3.1409,10174,3.1411,186834,3.1412,87083
1753769605218,06:13:25.218,mexc,XRP/USDT:USDT,3.141,45722,3.1409,10174,3.1411,186834,3.1412,87083
1753769605315,06:13:25.315,mexc,XRP/USDT:USDT,3.141,45722,3.1409,6222,3.1411,186834,3.1412,89316
1753769605720,06:13:25.720,mexc,XRP/USDT:USDT,3.141,45722,3.1409,6222,3.1411,186834,3.1412,89316
1753769605816,06:13:25.816,mexc,XRP/USDT:USDT,3.141,45722,3.1409,6222,3.1411,186834,3.1412,90727
1753769606220,06:13:26.220,mexc,XRP/USDT:USDT,3.141,45722,3.1409,6222,3.1411,186834,3.1412,90727
1753769606316,06:13:26.316,mexc,XRP/USDT:USDT,3.141,45722,3.1409,6222,3.1411,186834,3.1412,87083
1753769606707,06:13:26.707,mexc,XRP/USDT:USDT,3.141,45722,3.1409,6222,3.1411,186834,3.1412,87083
1753769606816,06:13:26.816,mexc,XRP/USDT:USDT,3.1415,53645,3.1414,41127,3.1416,15021,3.1417,858
1753769606903,06:13:26.903,mexc,XRP/USDT:USDT,3.1415,53645,3.1414,41127,3.1416,15021,3.1417,858
1753769607317,06:13:27.317,mexc,XRP/USDT:USDT,3.1415,53645,3.1414,61265,3.1416,15021,3.1417,667
1753769607630,06:13:27.630,mexc,XRP/USDT:USDT,3.1415,53645,3.1414,61265,3.1416,15021,3.1417,667
1753769607817,06:13:27.817,mexc,XRP/USDT:USDT,3.1415,53645,3.1414,41127,3.1416,15021,3.1417,667
1753769608222,06:13:28.222,mexc,XRP/USDT:USDT,3.1415,53645,3.1414,41127,3.1416,15021,3.1417,667
1753769608316,06:13:28.316,mexc,XRP/USDT:USDT,3.1415,53645,3.1414,41127,3.1416,15021,3.1417,667
1753769608728,06:13:28.728,mexc,XRP/USDT:USDT,3.1415,53645,3.1414,41127,3.1416,15021,3.1417,667
1753769608817,06:13:28.817,mexc,XRP/USDT:USDT,3.1415,53645,3.1414,41127,3.1416,15021,3.1417,667
1753769609229,06:13:29.229,mexc,XRP/USDT:USDT,3.1415,53645,3.1414,41127,3.1416,15021,3.1417,667
1753769609318,06:13:29.318,mexc,XRP/USDT:USDT,3.1415,53645,3.1414,41127,3.1416,15021,3.1417,887
1753769609721,06:13:29.721,mexc,XRP/USDT:USDT,3.1415,53645,3.1414,41127,3.1416,15021,3.1417,887
1753769609818,06:13:29.818,mexc,XRP/USDT:USDT,3.1415,53645,3.1414,41127,3.1416,15021,3.1417,667
1753769609941,06:13:29.941,mexc,XRP/USDT:USDT,3.1415,53645,3.1414,41127,3.1416,15021,3.1417,667
1753769610318,06:13:30.318,mexc,XRP/USDT:USDT,3.1415,53645,3.1414,41127,3.1416,15021,3.1417,667
1753769610721,06:13:30.721,mexc,XRP/USDT:USDT,3.1415,53645,3.1414,41127,3.1416,15021,3.1417,667
1753769610821,06:13:30.821,mexc,XRP/USDT:USDT,3.1415,53645,3.1414,50640,3.1416,15021,3.1417,782
1753769611221,06:13:31.221,mexc,XRP/USDT:USDT,3.1415,53645,3.1414,50640,3.1416,15021,3.1417,667
1753769611319,06:13:31.319,mexc,XRP/USDT:USDT,3.1415,53645,3.1414,41127,3.1416,15021,3.1417,800
1753769611724,06:13:31.724,mexc,XRP/USDT:USDT,3.1415,53645,3.1414,41127,3.1416,15021,3.1417,800
1753769611818,06:13:31.818,mexc,XRP/USDT:USDT,3.1415,53645,3.1414,41127,3.1416,15021,3.1417,667
1753769612224,06:13:32.224,mexc,XRP/USDT:USDT,3.1415,53645,3.1414,41127,3.1416,15021,3.1417,667
1753769612319,06:13:32.319,mexc,XRP/USDT:USDT,3.1415,53645,3.1414,41127,3.1416,15021,3.1417,667
1753769612710,06:13:32.710,mexc,XRP/USDT:USDT,3.1415,53645,3.1414,41127,3.1416,15021,3.1417,667
1753769612821,06:13:32.821,mexc,XRP/USDT:USDT,3.1418,69389,3.1417,79029,3.1419,17830,3.142,22388
1753769613225,06:13:33.225,mexc,XRP/USDT:USDT,3.1418,69389,3.1417,79029,3.1419,17830,3.142,22388
1753769613319,06:13:33.319,mexc,XRP/USDT:USDT,3.1418,69389,3.1417,79029,3.1419,17830,3.142,22018
1753769613631,06:13:33.631,mexc,XRP/USDT:USDT,3.1418,69389,3.1417,79029,3.1419,17830,3.142,22018
1753769613821,06:13:33.821,mexc,XRP/USDT:USDT,3.1418,69389,3.1417,114149,3.1419,17830,3.142,19375
1753769614224,06:13:34.224,mexc,XRP/USDT:USDT,3.1418,69389,3.1417,114149,3.1419,17830,3.142,19375
1753769614326,06:13:34.326,mexc,XRP/USDT:USDT,3.1418,69389,3.1417,79029,3.1419,17830,3.142,17407
1753769614729,06:13:34.729,mexc,XRP/USDT:USDT,3.1418,69389,3.1417,79029,3.1419,17830,3.142,17407
1753769614824,06:13:34.824,mexc,XRP/USDT:USDT,3.1418,69389,3.1417,109332,3.1419,17830,3.142,17407
1753769615030,06:13:35.030,mexc,XRP/USDT:USDT,3.1418,69389,3.1417,109332,3.1419,17830,3.142,17407
1753769615325,06:13:35.325,mexc,XRP/USDT:USDT,3.1418,69389,3.1417,79029,3.1419,17830,3.142,19730
1753769615698,06:13:35.698,mexc,XRP/USDT:USDT,3.1418,69235,3.1417,79029,3.1419,17830,3.142,19730
1753769615826,06:13:35.826,mexc,XRP/USDT:USDT,3.1418,58275,3.1417,94300,3.1419,17830,3.142,17407
1753769616229,06:13:36.229,mexc,XRP/USDT:USDT,3.1418,58275,3.1417,94300,3.1419,17830,3.142,17407
1753769616328,06:13:36.328,mexc,XRP/USDT:USDT,3.1418,58275,3.1417,79029,3.1419,17830,3.142,17407
1753769616730,06:13:36.730,mexc,XRP/USDT:USDT,3.1418,58275,3.1417,79029,3.1419,17830,3.142,17407
1753769616830,06:13:36.830,mexc,XRP/USDT:USDT,3.1418,58275,3.1417,79029,3.1419,17830,3.142,17407
1753769617229,06:13:37.229,mexc,XRP/USDT:USDT,3.1418,58275,3.1417,79029,3.1419,17830,3.142,17407
1753769617327,06:13:37.327,mexc,XRP/USDT:USDT,3.1418,58275,3.1417,108552,3.1419,17830,3.142,22307
1753769617729,06:13:37.729,mexc,XRP/USDT:USDT,3.1418,58275,3.1417,108552,3.1419,17830,3.142,17407
1753769617826,06:13:37.826,mexc,XRP/USDT:USDT,3.1418,58275,3.1417,79029,3.1419,17830,3.142,17407
1753769618231,06:13:38.231,mexc,XRP/USDT:USDT,3.1418,58275,3.1417,79029,3.1419,17830,3.142,17407
1753769618324,06:13:38.324,mexc,XRP/USDT:USDT,3.1418,58275,3.1417,79029,3.1419,17830,3.142,25314
1753769618710,06:13:38.710,mexc,XRP/USDT:USDT,3.1418,58275,3.1417,79029,3.1419,17830,3.142,25314
1753769618825,06:13:38.825,mexc,XRP/USDT:USDT,3.1415,145100,3.1414,12239,3.1416,28866,3.1417,16316
1753769619231,06:13:39.231,mexc,XRP/USDT:USDT,3.1415,145100,3.1414,12239,3.1416,28866,3.1417,16316
1753769619326,06:13:39.326,mexc,XRP/USDT:USDT,3.1415,145100,3.1414,12239,3.1416,28866,3.1417,16316
1753769619631,06:13:39.631,mexc,XRP/USDT:USDT,3.1415,145100,3.1414,12239,3.1416,28866,3.1417,16316
1753769619826,06:13:39.826,mexc,XRP/USDT:USDT,3.1415,145100,3.1414,16618,3.1416,28866,3.1417,16316
1753769620234,06:13:40.234,mexc,XRP/USDT:USDT,3.1415,145100,3.1414,16618,3.1416,28866,3.1417,16316
1753769620327,06:13:40.327,mexc,XRP/USDT:USDT,3.1415,145100,3.1414,21336,3.1416,28866,3.1417,18826
1753769620732,06:13:40.732,mexc,XRP/USDT:USDT,3.1415,145100,3.1414,21336,3.1416,28866,3.1417,18826
1753769620827,06:13:40.827,mexc,XRP/USDT:USDT,3.1415,145100,3.1414,12239,3.1416,28866,3.1417,16316
1753769621160,06:13:41.160,mexc,XRP/USDT:USDT,3.1415,145100,3.1414,12239,3.1416,28836,3.1417,16316
1753769621326,06:13:41.326,mexc,XRP/USDT:USDT,3.1415,145100,3.1414,12239,3.1416,28836,3.1417,29950
1753769621730,06:13:41.730,mexc,XRP/USDT:USDT,3.1415,145100,3.1414,12239,3.1416,28836,3.1417,22740
1753769621835,06:13:41.835,mexc,XRP/USDT:USDT,3.1415,145100,3.1414,17559,3.1416,28836,3.1417,16316
1753769622229,06:13:42.229,mexc,XRP/USDT:USDT,3.1415,145100,3.1414,17559,3.1416,28836,3.1417,16316
1753769622326,06:13:42.326,mexc,XRP/USDT:USDT,3.1415,145100,3.1414,13997,3.1416,28836,3.1417,16316
1753769622496,06:13:42.496,mexc,XRP/USDT:USDT,3.1415,145100,3.1414,13997,3.1416,28684,3.1417,16316
1753769622832,06:13:42.832,mexc,XRP/USDT:USDT,3.1415,145100,3.1414,16766,3.1416,28684,3.1417,16316
1753769623229,06:13:43.229,mexc,XRP/USDT:USDT,3.1415,145100,3.1414,16766,3.1416,28684,3.1417,16316
1753769623326,06:13:43.326,mexc,XRP/USDT:USDT,3.1415,145100,3.1414,12239,3.1416,28684,3.1417,22763
1753769623728,06:13:43.728,mexc,XRP/USDT:USDT,3.1415,145100,3.1414,12239,3.1416,28684,3.1417,22763
1753769623826,06:13:43.826,mexc,XRP/USDT:USDT,3.1415,145100,3.1414,21011,3.1416,28684,3.1417,16316
1753769624229,06:13:44.229,mexc,XRP/USDT:USDT,3.1415,145100,3.1414,21011,3.1416,28684,3.1417,16316
1753769624326,06:13:44.326,mexc,XRP/USDT:USDT,3.1415,145100,3.1414,18347,3.1416,28684,3.1417,16316
1753769624712,06:13:44.712,mexc,XRP/USDT:USDT,3.1415,145100,3.1414,18347,3.1416,28684,3.1417,23607
1753769624828,06:13:44.828,mexc,XRP/USDT:USDT,3.1416,97511,3.1415,180559,3.1417,7291,3.1418,23174
1753769625017,06:13:45.017,mexc,XRP/USDT:USDT,3.1416,97511,3.1415,180559,3.1417,7228,3.1418,23174
1753769625329,06:13:45.329,mexc,XRP/USDT:USDT,3.1416,97511,3.1415,245901,3.1417,7228,3.1418,23174
1753769625635,06:13:45.635,mexc,XRP/USDT:USDT,3.1416,97511,3.1415,245901,3.1417,7228,3.1418,23174
1753769625831,06:13:45.831,mexc,XRP/USDT:USDT,3.1416,97511,3.1415,180559,3.1417,7228,3.1418,31894
1753769626233,06:13:46.233,mexc,XRP/USDT:USDT,3.1416,97511,3.1415,180559,3.1417,7228,3.1418,31894
1753769626330,06:13:46.330,mexc,XRP/USDT:USDT,3.1416,97511,3.1415,180559,3.1417,7228,3.1418,27671
1753769626732,06:13:46.732,mexc,XRP/USDT:USDT,3.1416,97511,3.1415,180559,3.1417,7228,3.1418,23174
1753769626828,06:13:46.828,mexc,XRP/USDT:USDT,3.1416,97511,3.1415,319261,3.1417,7228,3.1418,23174
1753769627215,06:13:47.215,mexc,XRP/USDT:USDT,3.1416,97511,3.1415,319261,3.1417,7228,3.1418,23174
1753769627329,06:13:47.329,mexc,XRP/USDT:USDT,3.1416,97511,3.1415,180559,3.1417,7228,3.1418,23174
1753769627731,06:13:47.731,mexc,XRP/USDT:USDT,3.1416,97511,3.1415,180559,3.1417,7228,3.1418,23174
1753769627857,06:13:47.857,mexc,XRP/USDT:USDT,3.1416,97511,3.1415,180559,3.1417,7228,3.1418,23174
1753769628237,06:13:48.237,mexc,XRP/USDT:USDT,3.1416,97511,3.1415,180559,3.1417,7228,3.1418,23174
1753769628331,06:13:48.331,mexc,XRP/USDT:USDT,3.1416,97511,3.1415,180559,3.1417,7228,3.1418,27350
1753769628733,06:13:48.733,mexc,XRP/USDT:USDT,3.1416,97511,3.1415,180559,3.1417,7228,3.1418,27350
1753769628831,06:13:48.831,mexc,XRP/USDT:USDT,3.1416,97511,3.1415,180559,3.1417,7228,3.1418,23174
1753769629081,06:13:49.081,mexc,XRP/USDT:USDT,3.1416,97511,3.1415,180559,3.1417,6381,3.1418,23174
1753769629332,06:13:49.332,mexc,XRP/USDT:USDT,3.1416,97511,3.1415,233167,3.1417,6381,3.1418,29971
1753769629735,06:13:49.735,mexc,XRP/USDT:USDT,3.1416,97511,3.1415,233167,3.1417,6381,3.1418,29971
1753769629832,06:13:49.832,mexc,XRP/USDT:USDT,3.1416,97511,3.1415,279085,3.1417,6381,3.1418,23174
1753769630233,06:13:50.233,mexc,XRP/USDT:USDT,3.1416,97511,3.1415,279085,3.1417,6381,3.1418,23174
1753769630333,06:13:50.333,mexc,XRP/USDT:USDT,3.1416,97511,3.1415,239389,3.1417,6381,3.1418,23174
1753769630714,06:13:50.714,mexc,XRP/USDT:USDT,3.1416,97511,3.1415,239389,3.1417,6381,3.1418,23174
1753769630832,06:13:50.832,mexc,XRP/USDT:USDT,3.1421,105089,3.142,204444,3.1422,1452,3.1423,8584
1753769631189,06:13:51.189,mexc,XRP/USDT:USDT,3.1421,105058,3.142,204444,3.1422,1452,3.1423,8584
1753769631332,06:13:51.332,mexc,XRP/USDT:USDT,3.1421,105058,3.142,233215,3.1422,1452,3.1423,8584
1753769631641,06:13:51.641,mexc,XRP/USDT:USDT,3.1421,105058,3.142,233215,3.1422,1452,3.1423,8584
1753769631832,06:13:51.832,mexc,XRP/USDT:USDT,3.1421,105058,3.142,204444,3.1422,1452,3.1423,8584
1753769631861,06:13:51.861,mexc,XRP/USDT:USDT,3.1421,104592,3.142,204444,3.1422,1452,3.1423,8584
1753769632331,06:13:52.331,mexc,XRP/USDT:USDT,3.1421,104592,3.142,204444,3.1422,1452,3.1423,8584
1753769632332,06:13:52.332,mexc,XRP/USDT:USDT,3.1421,104592,3.142,204444,3.1422,1452,3.1423,8584
1753769632736,06:13:52.736,mexc,XRP/USDT:USDT,3.1421,104592,3.142,204444,3.1422,1452,3.1423,8584
1753769632834,06:13:52.834,mexc,XRP/USDT:USDT,3.1421,104592,3.142,204444,3.1422,1452,3.1423,8584
1753769633238,06:13:53.238,mexc,XRP/USDT:USDT,3.1421,104592,3.142,204444,3.1422,1452,3.1423,8584
1753769633437,06:13:53.437,mexc,XRP/USDT:USDT,3.1421,104592,3.142,204444,3.1422,285,3.1423,14514
1753769633735,06:13:53.735,mexc,XRP/USDT:USDT,3.1421,104592,3.142,204444,3.1422,285,3.1423,12852
1753769633833,06:13:53.833,mexc,XRP/USDT:USDT,3.1421,104592,3.142,246563,3.1422,285,3.1423,10810
1753769634235,06:13:54.235,mexc,XRP/USDT:USDT,3.1421,100381,3.142,246563,3.1422,285,3.1423,8584
1753769634333,06:13:54.333,mexc,XRP/USDT:USDT,3.1421,100381,3.142,204444,3.1422,285,3.1423,13334
1753769634492,06:13:54.492,mexc,XRP/USDT:USDT,3.1421,100381,3.142,204444,3.1422,35,3.1423,13334
1753769634835,06:13:54.835,mexc,XRP/USDT:USDT,3.1421,100381,3.142,204444,3.1422,35,3.1423,11466
1753769635226,06:13:55.226,mexc,XRP/USDT:USDT,3.1421,100381,3.142,204444,3.1422,35,3.1423,11466
1753769635339,06:13:55.339,mexc,XRP/USDT:USDT,3.1421,100381,3.142,204444,3.1422,35,3.1423,8584
1753769635737,06:13:55.737,mexc,XRP/USDT:USDT,3.1421,100381,3.142,204444,3.1422,35,3.1423,8584
1753769635835,06:13:55.835,mexc,XRP/USDT:USDT,3.1421,100381,3.142,204444,3.1422,35,3.1423,14638
1753769636237,06:13:56.237,mexc,XRP/USDT:USDT,3.1421,100381,3.142,204444,3.1422,35,3.1423,11514
1753769636338,06:13:56.338,mexc,XRP/USDT:USDT,3.1421,100381,3.142,204444,3.1422,35,3.1423,8584
1753769636714,06:13:56.714,mexc,XRP/USDT:USDT,3.1421,100381,3.142,310822,3.1422,35,3.1423,8584
1753769636835,06:13:56.835,mexc,XRP/USDT:USDT,3.142,106378,3.1419,181280,3.1421,18649,3.1422,10300
1753769637237,06:13:57.237,mexc,XRP/USDT:USDT,3.142,106378,3.1419,181280,3.1421,18649,3.1422,10300
1753769637338,06:13:57.338,mexc,XRP/USDT:USDT,3.142,106378,3.1419,147131,3.1421,18649,3.1422,8325
1753769637636,06:13:57.636,mexc,XRP/USDT:USDT,3.142,106378,3.1419,147131,3.1421,18649,3.1422,8325
1753769637836,06:13:57.836,mexc,XRP/USDT:USDT,3.142,106378,3.1419,142910,3.1421,18649,3.1422,12473
1753769638238,06:13:58.238,mexc,XRP/USDT:USDT,3.142,106378,3.1419,142910,3.1421,18649,3.1422,12473
1753769638338,06:13:58.338,mexc,XRP/USDT:USDT,3.142,106378,3.1419,172458,3.1421,18649,3.1422,8325
1753769638739,06:13:58.739,mexc,XRP/USDT:USDT,3.142,106378,3.1419,172458,3.1421,18649,3.1422,8325
1753769638836,06:13:58.836,mexc,XRP/USDT:USDT,3.142,106378,3.1419,211700,3.1421,18649,3.1422,11166
1753769639140,06:13:59.140,mexc,XRP/USDT:USDT,3.142,106378,3.1419,211700,3.1421,18649,3.1422,11166
1753769639339,06:13:59.339,mexc,XRP/USDT:USDT,3.142,106252,3.1419,121688,3.1421,18649,3.1422,8325
1753769639339,06:13:59.339,mexc,XRP/USDT:USDT,3.142,106252,3.1419,121688,3.1421,18649,3.1422,8325
1753769639796,06:13:59.796,mexc,XRP/USDT:USDT,3.142,106252,3.1419,121688,3.1421,18649,3.1422,8325
1753769639839,06:13:59.839,mexc,XRP/USDT:USDT,3.142,106252,3.1419,121688,3.1421,18649,3.1422,8325
1753769640239,06:14:00.239,mexc,XRP/USDT:USDT,3.142,106252,3.1419,121688,3.1421,18649,3.1422,8325
1753769640344,06:14:00.344,mexc,XRP/USDT:USDT,3.142,106252,3.1419,121688,3.1421,18649,3.1422,8325
1753769640740,06:14:00.740,mexc,XRP/USDT:USDT,3.142,106252,3.1419,121688,3.1421,18649,3.1422,8325
1753769640844,06:14:00.844,mexc,XRP/USDT:USDT,3.142,106252,3.1419,149641,3.1421,18649,3.1422,8325
1753769641239,06:14:01.239,mexc,XRP/USDT:USDT,3.142,106252,3.1419,149641,3.1421,18649,3.1422,8325
1753769641338,06:14:01.338,mexc,XRP/USDT:USDT,3.142,106252,3.1419,121688,3.1421,18649,3.1422,11944
1753769641739,06:14:01.739,mexc,XRP/USDT:USDT,3.142,106252,3.1419,121688,3.1421,18649,3.1422,11944
1753769641840,06:14:01.840,mexc,XRP/USDT:USDT,3.142,106252,3.1419,184981,3.1421,18649,3.1422,8325
1753769642239,06:14:02.239,mexc,XRP/USDT:USDT,3.142,106252,3.1419,184981,3.1421,18649,3.1422,8325
1753769642340,06:14:02.340,mexc,XRP/USDT:USDT,3.142,106252,3.1419,121688,3.1421,18649,3.1422,8325
1753769642719,06:14:02.719,mexc,XRP/USDT:USDT,3.142,106252,3.1419,121688,3.1421,18649,3.1422,8325
1753769642837,06:14:02.837,mexc,XRP/USDT:USDT,3.1423,76527,3.1422,56586,3.1424,15670,3.1425,13679
1753769643240,06:14:03.240,mexc,XRP/USDT:USDT,3.1423,76527,3.1422,56586,3.1424,15670,3.1425,13679
1753769643339,06:14:03.339,mexc,XRP/USDT:USDT,3.1423,76527,3.1422,56586,3.1424,15670,3.1425,18755
1753769643643,06:14:03.643,mexc,XRP/USDT:USDT,3.1423,76527,3.1422,56586,3.1424,15670,3.1425,18755
1753769643840,06:14:03.840,mexc,XRP/USDT:USDT,3.1423,76527,3.1422,56586,3.1424,15670,3.1425,13679
1753769644242,06:14:04.242,mexc,XRP/USDT:USDT,3.1423,76527,3.1422,56586,3.1424,15670,3.1425,13679
1753769644340,06:14:04.340,mexc,XRP/USDT:USDT,3.1423,76527,3.1422,56586,3.1424,15670,3.1425,13679
1753769644741,06:14:04.741,mexc,XRP/USDT:USDT,3.1423,76527,3.1422,56586,3.1424,15670,3.1425,13679
1753769644840,06:14:04.840,mexc,XRP/USDT:USDT,3.1423,76527,3.1422,56586,3.1424,15670,3.1425,13679
1753769645202,06:14:05.202,mexc,XRP/USDT:USDT,3.1423,76482,3.1422,56586,3.1424,15670,3.1425,13679
1753769645341,06:14:05.341,mexc,XRP/USDT:USDT,3.1423,76482,3.1422,56586,3.1424,15670,3.1425,13679
1753769645741,06:14:05.741,mexc,XRP/USDT:USDT,3.1423,76482,3.1422,56586,3.1424,15670,3.1425,13679
1753769645840,06:14:05.840,mexc,XRP/USDT:USDT,3.1423,76482,3.1422,56586,3.1424,15670,3.1425,13679
1753769646173,06:14:06.173,mexc,XRP/USDT:USDT,3.1423,76296,3.1422,56586,3.1424,15670,3.1425,13679
1753769646341,06:14:06.341,mexc,XRP/USDT:USDT,3.1423,76296,3.1422,56586,3.1424,15670,3.1425,13679
1753769646742,06:14:06.742,mexc,XRP/USDT:USDT,3.1423,76296,3.1422,56586,3.1424,15670,3.1425,13679
1753769646841,06:14:06.841,mexc,XRP/USDT:USDT,3.1423,76296,3.1422,56586,3.1424,15670,3.1425,13679
1753769647243,06:14:07.243,mexc,XRP/USDT:USDT,3.1423,76296,3.1422,56586,3.1424,15670,3.1425,13679
1753769647338,06:14:07.338,mexc,XRP/USDT:USDT,3.1423,76296,3.1422,56586,3.1424,15670,3.1425,18978
1753769647741,06:14:07.741,mexc,XRP/USDT:USDT,3.1423,76296,3.1422,56586,3.1424,15670,3.1425,18978
1753769647843,06:14:07.843,mexc,XRP/USDT:USDT,3.1423,76296,3.1422,56586,3.1424,15670,3.1425,16868
1753769648242,06:14:08.242,mexc,XRP/USDT:USDT,3.1423,76296,3.1422,56586,3.1424,15670,3.1425,16868
1753769648339,06:14:08.339,mexc,XRP/USDT:USDT,3.1423,76296,3.1422,56586,3.1424,15670,3.1425,19525
1753769648720,06:14:08.720,mexc,XRP/USDT:USDT,3.1423,76296,3.1422,56586,3.1424,15670,3.1425,19525
1753769648843,06:14:08.843,mexc,XRP/USDT:USDT,3.1427,124989,3.1426,224401,3.1428,5519,3.1429,1269
1753769649243,06:14:09.243,mexc,XRP/USDT:USDT,3.1427,124989,3.1426,224401,3.1428,5519,3.1429,1269
1753769649340,06:14:09.340,mexc,XRP/USDT:USDT,3.1427,124989,3.1426,161889,3.1428,5519,3.1429,1743
1753769649644,06:14:09.644,mexc,XRP/USDT:USDT,3.1427,124989,3.1426,161889,3.1428,5519,3.1429,1743
1753769649840,06:14:09.840,mexc,XRP/USDT:USDT,3.1427,124989,3.1426,241325,3.1428,5519,3.1429,1269
1753769649841,06:14:09.841,mexc,XRP/USDT:USDT,3.1427,124989,3.1426,274754,3.1428,5519,3.1429,1269
1753769650244,06:14:10.244,mexc,XRP/USDT:USDT,3.1427,124989,3.1426,161889,3.1428,5519,3.1429,1269
1753769650341,06:14:10.341,mexc,XRP/USDT:USDT,3.1427,124989,3.1426,161889,3.1428,5519,3.1429,1785
1753769650742,06:14:10.742,mexc,XRP/USDT:USDT,3.1427,124989,3.1426,161889,3.1428,5519,3.1429,1785
1753769650841,06:14:10.841,mexc,XRP/USDT:USDT,3.1427,124989,3.1426,161889,3.1428,5519,3.1429,1269
1753769651245,06:14:11.245,mexc,XRP/USDT:USDT,3.1427,124989,3.1426,161889,3.1428,5519,3.1429,1269
1753769651341,06:14:11.341,mexc,XRP/USDT:USDT,3.1427,124989,3.1426,161889,3.1428,5519,3.1429,1269
1753769651744,06:14:11.744,mexc,XRP/USDT:USDT,3.1427,124989,3.1426,161889,3.1428,5519,3.1429,1269
1753769651842,06:14:11.842,mexc,XRP/USDT:USDT,3.1427,124989,3.1426,200038,3.1428,5519,3.1429,1269
1753769652244,06:14:12.244,mexc,XRP/USDT:USDT,3.1427,124989,3.1426,161889,3.1428,5519,3.1429,1269
1753769652341,06:14:12.341,mexc,XRP/USDT:USDT,3.1427,124989,3.1426,161889,3.1428,4862,3.1429,1404
1753769652744,06:14:12.744,mexc,XRP/USDT:USDT,3.1427,124989,3.1426,161889,3.1428,4862,3.1429,1269
1753769652845,06:14:12.845,mexc,XRP/USDT:USDT,3.1427,124989,3.1426,178490,3.1428,4862,3.1429,1269
1753769653243,06:14:13.243,mexc,XRP/USDT:USDT,3.1427,124989,3.1426,178490,3.1428,4862,3.1429,1269
1753769653341,06:14:13.341,mexc,XRP/USDT:USDT,3.1427,124989,3.1426,161889,3.1428,4862,3.1429,1356
1753769653511,06:14:13.511,mexc,XRP/USDT:USDT,3.1427,124989,3.1426,161889,3.1428,4812,3.1429,1356
1753769653842,06:14:13.842,mexc,XRP/USDT:USDT,3.1427,124989,3.1426,161889,3.1428,4812,3.1429,1269
1753769654245,06:14:14.245,mexc,XRP/USDT:USDT,3.1427,124989,3.1426,161889,3.1428,4812,3.1429,1269
1753769654341,06:14:14.341,mexc,XRP/USDT:USDT,3.1427,124989,3.1426,161889,3.1428,4812,3.1429,1509
1753769654723,06:14:14.723,mexc,XRP/USDT:USDT,3.1427,124989,3.1426,161889,3.1428,4812,3.1429,1509
1753769654842,06:14:14.842,mexc,XRP/USDT:USDT,3.1429,85528,3.1428,150935,3.143,59349,3.1431,37390
1753769655245,06:14:15.245,mexc,XRP/USDT:USDT,3.1429,85528,3.1428,113827,3.143,59349,3.1431,37390
1753769655343,06:14:15.343,mexc,XRP/USDT:USDT,3.1429,85528,3.1428,113827,3.143,59349,3.1431,31279
1753769655646,06:14:15.646,mexc,XRP/USDT:USDT,3.1429,85528,3.1428,113827,3.143,57795,3.1431,31279
1753769655745,06:14:15.745,mexc,XRP/USDT:USDT,3.1429,85528,3.1428,113827,3.143,57795,3.1431,31279
1753769655846,06:14:15.846,mexc,XRP/USDT:USDT,3.1429,85528,3.1428,165145,3.143,57795,3.1431,43993
1753769656251,06:14:16.251,mexc,XRP/USDT:USDT,3.1429,85528,3.1428,136347,3.143,57795,3.1431,31279
1753769656342,06:14:16.342,mexc,XRP/USDT:USDT,3.1429,85528,3.1428,113827,3.143,57795,3.1431,37994
1753769656745,06:14:16.745,mexc,XRP/USDT:USDT,3.1429,85528,3.1428,113827,3.143,57795,3.1431,31279
