timestamp,time,exchange,symbol,bid1_price,bid1_volume,bid2_price,bid2_volume,ask1_price,ask1_volume,ask2_price,ask2_volume
1753769554890,06:12:34.890,phemex,ETH/USDT:USDT,3807.99,14.39,3807.98,2.35,3808.0,1.31,3808.22,5.83
1753769555174,06:12:35.174,phemex,ETH/USDT:USDT,3807.99,14.39,3807.98,2.35,3808.0,1.31,3808.22,5.83
1753769555573,06:12:35.573,phemex,ETH/USDT:USDT,3807.99,2.67,3807.72,1.59,3808.0,1.19,3808.22,5.01
1753769555766,06:12:35.766,phemex,ETH/USDT:USDT,3807.99,2.67,3807.72,1.59,3808.0,1.19,3808.22,5.01
1753769555878,06:12:35.878,phemex,ETH/USDT:USDT,3807.99,2.67,3807.72,1.59,3808.0,1.19,3808.22,5.01
1753769555924,06:12:35.924,phemex,ETH/USDT:USDT,3807.99,2.67,3807.72,1.59,3808.0,1.19,3808.22,5.01
1753769556045,06:12:36.045,phemex,ETH/USDT:USDT,3807.99,3.33,3807.78,0.03,3808.0,1.19,3808.22,5.01
1753769556063,06:12:36.063,phemex,ETH/USDT:USDT,3807.99,3.33,3807.83,0.03,3808.0,1.19,3808.22,5.01
1753769556104,06:12:36.104,phemex,ETH/USDT:USDT,3807.99,3.33,3807.83,0.03,3808.0,0.82,3808.22,5.01
1753769556124,06:12:36.124,phemex,ETH/USDT:USDT,3808.0,0.76,3807.99,2.57,3808.21,0.82,3808.22,5.01
1753769556133,06:12:36.133,phemex,ETH/USDT:USDT,3808.2,12.54,3808.02,0.4,3808.21,0.82,3808.22,5.01
1753769556154,06:12:36.154,phemex,ETH/USDT:USDT,3808.2,4.18,3808.1,0.76,3808.21,3.22,3808.22,5.01
1753769556174,06:12:36.174,phemex,ETH/USDT:USDT,3808.2,4.18,3808.1,0.76,3808.21,3.22,3808.22,5.01
1753769556202,06:12:36.202,phemex,ETH/USDT:USDT,3808.2,4.18,3808.1,0.76,3808.21,2.85,3808.22,5.01
1753769556212,06:12:36.212,phemex,ETH/USDT:USDT,3808.1,0.76,3808.01,0.66,3808.21,2.85,3808.22,5.01
1753769556262,06:12:36.262,phemex,ETH/USDT:USDT,3808.1,0.76,3808.0,1.56,3808.21,2.03,3808.22,5.01
1753769556302,06:12:36.302,phemex,ETH/USDT:USDT,3808.1,0.76,3808.0,1.56,3808.21,2.03,3808.22,5.01
1753769556325,06:12:36.325,phemex,ETH/USDT:USDT,3808.1,0.76,3808.0,1.56,3808.21,2.03,3808.22,5.01
1753769556843,06:12:36.843,phemex,ETH/USDT:USDT,3808.1,0.76,3808.0,1.56,3808.21,2.03,3808.22,5.01
1753769557061,06:12:37.061,phemex,ETH/USDT:USDT,3808.1,0.76,3808.0,1.56,3808.2,0.82,3808.21,2.03
1753769557137,06:12:37.137,phemex,ETH/USDT:USDT,3808.1,0.76,3808.0,1.56,3808.18,0.82,3808.19,1.17
1753769557155,06:12:37.155,phemex,ETH/USDT:USDT,3808.1,0.76,3808.0,1.56,3808.18,0.82,3808.21,2.03
1753769557202,06:12:37.202,phemex,ETH/USDT:USDT,3808.1,0.76,3808.0,1.56,3808.2,0.82,3808.21,2.03
1753769557273,06:12:37.273,phemex,ETH/USDT:USDT,3808.1,0.76,3808.0,1.56,3808.2,9.35,3808.21,2.03
1753769557325,06:12:37.325,phemex,ETH/USDT:USDT,3808.1,0.76,3808.0,1.56,3808.19,8.53,3808.2,7.88
1753769557728,06:12:37.728,phemex,ETH/USDT:USDT,3808.1,0.76,3807.99,1.91,3808.11,1.17,3808.17,1.55
1753769557794,06:12:37.794,phemex,ETH/USDT:USDT,3808.1,0.76,3807.99,1.91,3808.11,1.17,3808.17,1.55
1753769557970,06:12:37.970,phemex,ETH/USDT:USDT,3808.1,0.76,3807.99,1.91,3808.11,1.17,3808.18,0.47
1753769558103,06:12:38.103,phemex,ETH/USDT:USDT,3808.1,0.75,3807.99,1.91,3808.11,1.17,3808.18,0.47
1753769558143,06:12:38.143,phemex,ETH/USDT:USDT,3808.1,0.75,3807.99,1.91,3808.18,0.47,3808.21,2.03
1753769558170,06:12:38.170,phemex,ETH/USDT:USDT,3808.1,0.75,3807.99,1.91,3808.17,0.83,3808.18,0.47
1753769558287,06:12:38.287,phemex,ETH/USDT:USDT,3808.1,0.75,3807.99,1.91,3808.18,0.47,3808.21,2.03
1753769558410,06:12:38.410,phemex,ETH/USDT:USDT,3808.1,0.75,3807.99,1.91,3808.18,1.12,3808.21,2.03
1753769558421,06:12:38.421,phemex,ETH/USDT:USDT,3808.1,0.75,3807.99,1.91,3808.17,0.65,3808.18,0.47
1753769558532,06:12:38.532,phemex,ETH/USDT:USDT,3808.1,0.75,3807.99,1.91,3808.18,0.47,3808.21,2.03
1753769558545,06:12:38.545,phemex,ETH/USDT:USDT,3808.1,0.75,3807.99,1.91,3808.17,0.83,3808.18,0.47
1753769558593,06:12:38.593,phemex,ETH/USDT:USDT,3808.1,0.75,3807.99,1.91,3808.18,0.47,3808.21,2.03
1753769558641,06:12:38.641,phemex,ETH/USDT:USDT,3808.1,0.75,3807.99,1.91,3808.17,0.83,3808.18,0.47
1753769558690,06:12:38.690,phemex,ETH/USDT:USDT,3808.1,0.75,3807.99,1.91,3808.17,0.83,3808.18,0.47
1753769559070,06:12:39.070,phemex,ETH/USDT:USDT,3808.1,0.75,3807.99,1.91,3808.18,0.47,3808.21,2.03
1753769559086,06:12:39.086,phemex,ETH/USDT:USDT,3808.1,0.75,3807.99,1.91,3808.17,0.83,3808.18,0.47
1753769559130,06:12:39.130,phemex,ETH/USDT:USDT,3808.1,0.75,3807.99,1.91,3808.18,0.47,3808.21,2.03
1753769559143,06:12:39.143,phemex,ETH/USDT:USDT,3808.1,0.75,3807.99,1.91,3808.17,0.83,3808.18,0.47
1753769559165,06:12:39.165,phemex,ETH/USDT:USDT,3808.1,0.75,3807.99,1.91,3808.18,0.47,3808.21,2.03
1753769559236,06:12:39.236,phemex,ETH/USDT:USDT,3808.1,0.75,3807.99,1.91,3808.17,0.83,3808.18,0.47
1753769559722,06:12:39.722,phemex,ETH/USDT:USDT,3807.95,2.95,3807.84,1.55,3808.14,2.1,3808.15,5.25
1753769559763,06:12:39.763,phemex,ETH/USDT:USDT,3807.95,2.3,3807.84,1.55,3807.96,0.83,3808.02,1.17
1753769559809,06:12:39.809,phemex,ETH/USDT:USDT,3807.95,2.3,3807.84,1.55,3807.96,0.83,3808.14,2.1
1753769559851,06:12:39.851,phemex,ETH/USDT:USDT,3807.95,2.3,3807.84,1.55,3807.96,0.83,3808.14,2.1
1753769559935,06:12:39.935,phemex,ETH/USDT:USDT,3807.95,2.95,3807.84,1.55,3808.14,2.1,3808.18,1.31
1753769559947,06:12:39.947,phemex,ETH/USDT:USDT,3807.96,0.65,3807.95,2.3,3808.13,0.83,3808.14,2.1
1753769559964,06:12:39.964,phemex,ETH/USDT:USDT,3807.96,0.65,3807.95,0.75,3808.13,0.83,3808.14,2.1
1753769559974,06:12:39.974,phemex,ETH/USDT:USDT,3807.96,0.65,3807.95,0.75,3807.97,0.83,3808.18,1.31
1753769560033,06:12:40.033,phemex,ETH/USDT:USDT,3807.96,0.65,3807.95,0.75,3808.17,0.83,3808.18,1.31
1753769560079,06:12:40.079,phemex,ETH/USDT:USDT,3807.95,0.75,3807.84,1.55,3808.17,0.83,3808.18,1.31
1753769560111,06:12:40.111,phemex,ETH/USDT:USDT,3807.95,0.75,3807.85,0.75,3808.17,0.83,3808.18,1.31
1753769560132,06:12:40.132,phemex,ETH/USDT:USDT,3807.85,0.75,3807.84,1.55,3808.17,0.83,3808.18,1.31
1753769560165,06:12:40.165,phemex,ETH/USDT:USDT,3807.86,0.65,3807.85,0.75,3808.17,0.83,3808.18,1.31
1753769560232,06:12:40.232,phemex,ETH/USDT:USDT,3807.86,0.65,3807.85,0.75,3808.17,0.83,3808.18,1.31
1753769560267,06:12:40.267,phemex,ETH/USDT:USDT,3807.86,0.65,3807.84,1.55,3808.17,0.83,3808.18,1.31
1753769560308,06:12:40.308,phemex,ETH/USDT:USDT,3807.86,0.65,3807.84,1.55,3808.16,0.65,3808.17,0.83
1753769560351,06:12:40.351,phemex,ETH/USDT:USDT,3807.86,0.65,3807.84,1.55,3808.16,0.65,3808.18,1.31
1753769560504,06:12:40.504,phemex,ETH/USDT:USDT,3807.86,0.65,3807.84,1.55,3808.16,0.65,3808.18,1.31
1753769560535,06:12:40.535,phemex,ETH/USDT:USDT,3807.86,0.65,3807.84,1.55,3808.15,2.1,3808.16,0.65
1753769560598,06:12:40.598,phemex,ETH/USDT:USDT,3807.86,0.65,3807.84,1.55,3808.15,2.1,3808.16,0.65
1753769560654,06:12:40.654,phemex,ETH/USDT:USDT,3807.86,0.65,3807.84,1.55,3808.15,2.75,3808.16,0.65
1753769560657,06:12:40.657,phemex,ETH/USDT:USDT,3807.86,0.65,3807.84,1.55,3808.15,2.75,3808.18,1.31
1753769560785,06:12:40.785,phemex,ETH/USDT:USDT,3807.86,2.2,3807.84,1.55,3808.15,2.75,3808.18,1.31
1753769560815,06:12:40.815,phemex,ETH/USDT:USDT,3807.88,0.65,3807.87,0.75,3808.15,2.75,3808.18,1.31
1753769560870,06:12:40.870,phemex,ETH/USDT:USDT,3807.89,0.75,3807.88,2.2,3808.09,1.17,3808.15,2.1
1753769560897,06:12:40.897,phemex,ETH/USDT:USDT,3807.9,0.65,3807.84,1.55,3808.09,1.17,3808.15,2.1
1753769560947,06:12:40.947,phemex,ETH/USDT:USDT,3807.9,0.65,3807.84,1.55,3808.15,2.1,3808.18,1.31
1753769560967,06:12:40.967,phemex,ETH/USDT:USDT,3807.9,0.65,3807.84,2.3,3808.15,2.1,3808.18,1.31
1753769561170,06:12:41.170,phemex,ETH/USDT:USDT,3807.9,0.65,3807.84,2.3,3808.18,1.31,3808.19,5.25
1753769561195,06:12:41.195,phemex,ETH/USDT:USDT,3807.91,1.55,3807.9,0.65,3808.18,1.31,3808.19,5.25
1753769561234,06:12:41.234,phemex,ETH/USDT:USDT,3807.91,1.55,3807.9,0.65,3807.92,0.25,3808.18,1.31
1753769561259,06:12:41.259,phemex,ETH/USDT:USDT,3807.91,1.55,3807.9,0.65,3807.92,1.61,3808.18,1.31
1753769561270,06:12:41.270,phemex,ETH/USDT:USDT,3807.91,2.2,3807.84,2.3,3807.92,1.61,3808.18,1.31
1753769561360,06:12:41.360,phemex,ETH/USDT:USDT,3807.91,2.2,3807.84,2.3,3807.92,1.61,3808.18,1.31
1753769561595,06:12:41.595,phemex,ETH/USDT:USDT,3807.91,2.2,3807.84,2.3,3807.92,1.61,3808.18,1.31
1753769561644,06:12:41.644,phemex,ETH/USDT:USDT,3807.91,10.08,3807.84,2.3,3807.92,1.61,3808.18,1.31
1753769561657,06:12:41.657,phemex,ETH/USDT:USDT,3807.91,2.2,3807.84,1.55,3807.92,1.61,3808.18,1.31
1753769561668,06:12:41.668,phemex,ETH/USDT:USDT,3807.91,2.57,3807.84,1.58,3807.92,1.61,3808.18,1.31
1753769561702,06:12:41.702,phemex,ETH/USDT:USDT,3807.91,10.45,3807.84,1.58,3807.92,1.61,3808.21,4.03
1753769561737,06:12:41.737,phemex,ETH/USDT:USDT,3807.91,10.45,3807.84,1.58,3807.92,1.61,3808.21,4.03
1753769561792,06:12:41.792,phemex,ETH/USDT:USDT,3807.91,10.45,3807.84,1.58,3808.0,1.69,3808.21,4.03
1753769561814,06:12:41.814,phemex,ETH/USDT:USDT,3807.99,15.53,3807.98,1.59,3808.0,1.97,3808.21,4.03
1753769561833,06:12:41.833,phemex,ETH/USDT:USDT,3807.99,15.53,3807.98,1.59,3808.0,1.97,3808.21,4.03
1753769561867,06:12:41.867,phemex,ETH/USDT:USDT,3807.99,15.53,3807.98,1.59,3808.0,1.97,3808.21,4.03
1753769561921,06:12:41.921,phemex,ETH/USDT:USDT,3807.99,15.9,3807.98,1.59,3808.0,1.97,3808.21,4.03
1753769561953,06:12:41.953,phemex,ETH/USDT:USDT,3807.99,15.9,3807.98,1.19,3808.0,1.97,3808.21,4.03
1753769561990,06:12:41.990,phemex,ETH/USDT:USDT,3807.99,15.9,3807.98,1.19,3808.0,1.97,3808.21,4.03
1753769562123,06:12:42.123,phemex,ETH/USDT:USDT,3807.99,15.89,3807.98,1.19,3808.0,1.97,3808.21,4.03
1753769562365,06:12:42.365,phemex,ETH/USDT:USDT,3807.99,15.89,3807.98,1.19,3808.0,1.97,3808.21,4.03
1753769562626,06:12:42.626,phemex,ETH/USDT:USDT,3807.99,15.89,3807.98,1.19,3808.0,1.97,3808.21,4.03
1753769562758,06:12:42.758,phemex,ETH/USDT:USDT,3807.99,15.89,3807.98,1.19,3808.0,1.97,3808.21,4.03
1753769562845,06:12:42.845,phemex,ETH/USDT:USDT,3807.99,15.89,3807.98,1.19,3808.0,1.97,3808.21,4.03
1753769562898,06:12:42.898,phemex,ETH/USDT:USDT,3807.99,15.89,3807.98,1.19,3808.0,1.97,3808.21,4.03
1753769563334,06:12:43.334,phemex,ETH/USDT:USDT,3807.99,15.89,3807.98,1.19,3808.0,1.97,3808.21,4.03
1753769563354,06:12:43.354,phemex,ETH/USDT:USDT,3807.99,13.55,3807.98,1.19,3808.0,1.97,3808.21,4.03
1753769563375,06:12:43.375,phemex,ETH/USDT:USDT,3807.99,13.55,3807.98,0.79,3808.0,1.97,3808.21,4.03
1753769563459,06:12:43.459,phemex,ETH/USDT:USDT,3807.99,13.55,3807.98,0.79,3808.0,1.97,3808.21,4.03
1753769563461,06:12:43.461,phemex,ETH/USDT:USDT,3807.99,13.55,3807.98,0.79,3808.0,1.97,3808.21,4.03
1753769563614,06:12:43.614,phemex,ETH/USDT:USDT,3807.99,13.55,3807.98,0.79,3808.0,1.97,3808.21,4.03
1753769563838,06:12:43.838,phemex,ETH/USDT:USDT,3807.99,13.55,3807.98,0.79,3808.0,1.97,3808.21,4.03
1753769563866,06:12:43.866,phemex,ETH/USDT:USDT,3807.99,13.55,3807.98,0.79,3808.0,1.97,3808.21,4.03
1753769564079,06:12:44.079,phemex,ETH/USDT:USDT,3807.99,13.55,3807.98,0.79,3808.21,4.03,3808.22,5.01
1753769564102,06:12:44.102,phemex,ETH/USDT:USDT,3808.06,0.65,3808.0,0.64,3808.21,4.03,3808.22,5.01
1753769564119,06:12:44.119,phemex,ETH/USDT:USDT,3808.08,1.2,3808.06,0.65,3808.21,4.03,3808.22,5.01
1753769564166,06:12:44.166,phemex,ETH/USDT:USDT,3808.08,1.2,3808.06,0.65,3808.09,1.8,3808.21,4.03
1753769564178,06:12:44.178,phemex,ETH/USDT:USDT,3808.08,1.57,3808.0,0.64,3808.09,1.8,3808.21,4.03
1753769564246,06:12:44.246,phemex,ETH/USDT:USDT,3808.08,3.12,3808.06,1.55,3808.09,1.8,3808.21,4.03
1753769564314,06:12:44.314,phemex,ETH/USDT:USDT,3808.08,3.77,3808.06,1.55,3808.09,1.8,3808.21,4.03
1753769564359,06:12:44.359,phemex,ETH/USDT:USDT,3808.08,3.77,3808.06,1.55,3808.09,1.8,3808.21,4.03
1753769564412,06:12:44.412,phemex,ETH/USDT:USDT,3808.08,3.77,3808.06,1.55,3808.09,1.8,3808.21,4.03
1753769564425,06:12:44.425,phemex,ETH/USDT:USDT,3808.08,3.77,3808.06,1.55,3808.09,1.8,3808.21,4.03
1753769564604,06:12:44.604,phemex,ETH/USDT:USDT,3808.08,3.77,3808.0,2.19,3808.09,1.8,3808.21,4.03
1753769565034,06:12:45.034,phemex,ETH/USDT:USDT,3808.08,3.77,3808.0,2.19,3808.09,1.8,3808.21,4.03
1753769565063,06:12:45.063,phemex,ETH/USDT:USDT,3808.08,3.77,3808.0,2.19,3808.09,1.8,3808.21,4.03
1753769565189,06:12:45.189,phemex,ETH/USDT:USDT,3808.08,2.57,3808.0,2.19,3808.09,1.8,3808.21,4.03
1753769565816,06:12:45.816,phemex,ETH/USDT:USDT,3808.08,2.57,3808.0,2.19,3808.18,2.0,3808.21,4.03
1753769565829,06:12:45.829,phemex,ETH/USDT:USDT,3808.17,8.44,3808.16,0.72,3808.18,2.0,3808.21,4.03
1753769565852,06:12:45.852,phemex,ETH/USDT:USDT,3808.17,11.16,3808.09,1.64,3808.18,2.0,3808.21,4.03
1753769565856,06:12:45.856,phemex,ETH/USDT:USDT,3808.17,11.16,3808.0,1.55,3808.18,2.0,3808.21,4.03
1753769565888,06:12:45.888,phemex,ETH/USDT:USDT,3808.17,11.16,3808.0,1.55,3808.18,2.0,3808.21,4.03
1753769565909,06:12:45.909,phemex,ETH/USDT:USDT,3808.17,11.16,3808.0,1.55,3808.18,2.0,3808.21,4.03
1753769565953,06:12:45.953,phemex,ETH/USDT:USDT,3808.17,11.53,3808.12,0.75,3808.18,2.0,3808.21,4.03
1753769566018,06:12:46.018,phemex,ETH/USDT:USDT,3808.17,11.53,3808.12,0.75,3808.18,2.0,3808.21,4.03
1753769566100,06:12:46.100,phemex,ETH/USDT:USDT,3808.17,11.53,3808.12,0.75,3808.18,2.0,3808.21,4.03
1753769566140,06:12:46.140,phemex,ETH/USDT:USDT,3808.17,11.52,3808.12,0.75,3808.18,2.0,3808.21,4.03
1753769566297,06:12:46.297,phemex,ETH/USDT:USDT,3808.17,11.52,3808.12,0.75,3808.18,2.83,3808.21,4.03
1753769566366,06:12:46.366,phemex,ETH/USDT:USDT,3808.17,11.52,3808.12,0.75,3808.18,2.83,3808.21,4.03
1753769566602,06:12:46.602,phemex,ETH/USDT:USDT,3808.17,11.52,3808.12,0.75,3808.18,2.83,3808.21,4.03
1753769566802,06:12:46.802,phemex,ETH/USDT:USDT,3808.17,10.38,3808.12,0.75,3808.18,2.83,3808.21,4.03
1753769566938,06:12:46.938,phemex,ETH/USDT:USDT,3808.17,8.83,3808.12,0.75,3808.18,2.83,3808.21,4.03
1753769566986,06:12:46.986,phemex,ETH/USDT:USDT,3808.17,8.83,3808.12,0.75,3808.18,2.83,3808.21,4.03
1753769567035,06:12:47.035,phemex,ETH/USDT:USDT,3808.17,7.64,3808.12,0.75,3808.18,2.83,3808.21,4.03
1753769567083,06:12:47.083,phemex,ETH/USDT:USDT,3808.17,7.64,3808.12,0.75,3808.18,2.83,3808.21,4.03
1753769567775,06:12:47.775,phemex,ETH/USDT:USDT,3808.17,6.47,3808.12,0.75,3808.18,2.83,3808.21,4.03
1753769567784,06:12:47.784,phemex,ETH/USDT:USDT,3808.17,5.3,3808.12,0.75,3808.18,2.83,3808.21,4.03
1753769568266,06:12:48.266,phemex,ETH/USDT:USDT,3808.17,5.3,3808.12,0.75,3808.18,2.83,3808.21,4.03
1753769568321,06:12:48.321,phemex,ETH/USDT:USDT,3808.17,5.3,3808.12,0.75,3808.18,2.83,3808.21,4.03
1753769568499,06:12:48.499,phemex,ETH/USDT:USDT,3808.17,8.02,3808.16,1.72,3808.18,2.83,3808.21,4.03
1753769568514,06:12:48.514,phemex,ETH/USDT:USDT,3808.17,8.02,3808.16,0.66,3808.18,2.83,3808.21,4.03
1753769568568,06:12:48.568,phemex,ETH/USDT:USDT,3808.17,8.02,3808.16,0.66,3808.18,2.83,3808.21,4.03
1753769568587,06:12:48.587,phemex,ETH/USDT:USDT,3808.17,8.02,3808.16,1.64,3808.18,2.83,3808.21,4.03
1753769568615,06:12:48.615,phemex,ETH/USDT:USDT,3808.17,8.02,3808.16,0.66,3808.18,2.83,3808.21,4.03
1753769568645,06:12:48.645,phemex,ETH/USDT:USDT,3808.17,8.02,3808.16,0.66,3808.18,2.83,3808.21,4.03
1753769568662,06:12:48.662,phemex,ETH/USDT:USDT,3808.17,8.02,3808.16,0.66,3808.18,2.83,3808.21,4.03
1753769568673,06:12:48.673,phemex,ETH/USDT:USDT,3808.17,8.02,3808.16,0.66,3808.18,2.83,3808.21,4.03
1753769568813,06:12:48.813,phemex,ETH/USDT:USDT,3808.17,11.39,3808.16,0.66,3808.18,2.83,3808.21,4.03
1753769568988,06:12:48.988,phemex,ETH/USDT:USDT,3808.17,11.39,3808.16,1.64,3808.18,2.83,3808.21,4.03
1753769568992,06:12:48.992,phemex,ETH/USDT:USDT,3808.17,11.39,3808.16,1.02,3808.18,2.83,3808.21,4.03
1753769569067,06:12:49.067,phemex,ETH/USDT:USDT,3808.17,11.39,3808.16,0.58,3808.18,2.83,3808.21,4.03
1753769569100,06:12:49.100,phemex,ETH/USDT:USDT,3808.17,11.39,3808.16,0.58,3808.18,0.83,3808.2,2.1
1753769569118,06:12:49.118,phemex,ETH/USDT:USDT,3808.17,11.39,3808.16,0.58,3808.18,0.83,3808.2,2.1
1753769569143,06:12:49.143,phemex,ETH/USDT:USDT,3808.17,10.64,3808.16,0.58,3808.18,0.83,3808.2,2.1
1753769569170,06:12:49.170,phemex,ETH/USDT:USDT,3808.17,10.64,3808.16,0.58,3808.18,0.83,3808.2,2.1
1753769569190,06:12:49.190,phemex,ETH/USDT:USDT,3808.17,20.62,3808.16,0.58,3808.18,0.83,3808.2,2.1
1753769569234,06:12:49.234,phemex,ETH/USDT:USDT,3808.17,20.62,3808.16,1.14,3808.18,0.83,3808.2,2.1
1753769569265,06:12:49.265,phemex,ETH/USDT:USDT,3808.17,20.62,3808.16,0.66,3808.18,0.83,3808.2,2.1
1753769569302,06:12:49.302,phemex,ETH/USDT:USDT,3808.17,20.62,3808.16,0.66,3808.18,0.83,3808.2,2.1
1753769569361,06:12:49.361,phemex,ETH/USDT:USDT,3808.17,22.32,3808.16,0.66,3808.18,0.83,3808.2,2.1
1753769569387,06:12:49.387,phemex,ETH/USDT:USDT,3808.17,22.32,3808.16,1.06,3808.18,0.83,3808.2,2.1
1753769569514,06:12:49.514,phemex,ETH/USDT:USDT,3808.17,22.32,3808.16,1.29,3808.18,0.83,3808.2,2.1
1753769569549,06:12:49.549,phemex,ETH/USDT:USDT,3808.17,22.32,3808.16,1.29,3808.18,0.83,3808.2,2.1
1753769569593,06:12:49.593,phemex,ETH/USDT:USDT,3808.17,22.32,3808.16,0.77,3808.18,0.83,3808.2,2.1
1753769569615,06:12:49.615,phemex,ETH/USDT:USDT,3808.17,22.32,3808.16,0.77,3808.18,0.83,3808.2,2.1
1753769569739,06:12:49.739,phemex,ETH/USDT:USDT,3808.17,22.32,3808.16,0.77,3808.18,0.83,3808.2,2.1
1753769569976,06:12:49.976,phemex,ETH/USDT:USDT,3808.17,22.32,3808.03,0.03,3808.18,0.83,3808.2,2.1
1753769570163,06:12:50.163,phemex,ETH/USDT:USDT,3808.17,22.31,3808.03,0.03,3808.18,0.83,3808.2,2.1
1753769570180,06:12:50.180,phemex,ETH/USDT:USDT,3808.17,22.31,3807.99,4.08,3808.18,0.83,3808.2,2.1
1753769570330,06:12:50.330,phemex,ETH/USDT:USDT,3808.17,14.43,3807.99,4.08,3808.18,0.83,3808.2,2.1
1753769570343,06:12:50.343,phemex,ETH/USDT:USDT,3808.17,14.43,3807.99,4.08,3808.18,0.83,3808.2,2.1
1753769570363,06:12:50.363,phemex,ETH/USDT:USDT,3808.17,14.43,3807.99,4.08,3808.18,0.83,3808.2,2.1
1753769570626,06:12:50.626,phemex,ETH/USDT:USDT,3808.17,14.43,3808.16,1.72,3808.18,0.83,3808.2,2.1
1753769570653,06:12:50.653,phemex,ETH/USDT:USDT,3808.17,14.43,3807.99,4.08,3808.18,0.83,3808.2,2.1
1753769570757,06:12:50.757,phemex,ETH/USDT:USDT,3808.17,14.43,3807.99,4.08,3808.18,0.83,3808.2,2.1
1753769570948,06:12:50.948,phemex,ETH/USDT:USDT,3808.17,22.31,3807.99,4.08,3808.18,0.83,3808.2,2.1
1753769570971,06:12:50.971,phemex,ETH/USDT:USDT,3808.17,22.31,3807.99,4.08,3808.18,0.83,3808.2,2.1
1753769571085,06:12:51.085,phemex,ETH/USDT:USDT,3808.17,22.31,3808.16,1.72,3808.18,0.83,3808.2,2.1
1753769571103,06:12:51.103,phemex,ETH/USDT:USDT,3808.17,22.31,3808.16,0.66,3808.18,0.83,3808.2,2.1
1753769571170,06:12:51.170,phemex,ETH/USDT:USDT,3808.17,22.31,3807.99,4.08,3808.18,0.83,3808.2,2.1
1753769571233,06:12:51.233,phemex,ETH/USDT:USDT,3808.17,22.31,3807.99,4.08,3808.18,0.83,3808.32,0.01
1753769571247,06:12:51.247,phemex,ETH/USDT:USDT,3808.31,1.33,3808.17,22.31,3808.32,0.01,3808.34,2.12
1753769571276,06:12:51.276,phemex,ETH/USDT:USDT,3808.31,5.53,3808.17,21.29,3808.32,0.01,3808.34,2.12
1753769571278,06:12:51.278,phemex,ETH/USDT:USDT,3808.31,5.53,3808.17,21.29,3808.32,0.01,3808.34,2.12
1753769571312,06:12:51.312,phemex,ETH/USDT:USDT,3808.31,5.53,3808.17,21.29,3808.32,0.01,3808.34,2.12
1753769571322,06:12:51.322,phemex,ETH/USDT:USDT,3808.31,5.53,3808.17,21.29,3808.32,0.01,3808.34,2.12
1753769571411,06:12:51.411,phemex,ETH/USDT:USDT,3808.31,5.53,3808.17,21.29,3808.32,0.01,3808.34,2.12
1753769571471,06:12:51.471,phemex,ETH/USDT:USDT,3808.31,5.9,3808.17,21.29,3808.32,0.01,3808.34,2.12
1753769571544,06:12:51.544,phemex,ETH/USDT:USDT,3808.31,5.9,3808.17,18.57,3808.32,0.01,3808.34,2.12
1753769571963,06:12:51.963,phemex,ETH/USDT:USDT,3808.31,5.9,3808.17,18.57,3808.32,0.01,3808.34,2.12
1753769572062,06:12:52.062,phemex,ETH/USDT:USDT,3808.31,5.9,3808.17,18.57,3808.32,0.01,3808.34,2.12
1753769572127,06:12:52.127,phemex,ETH/USDT:USDT,3808.31,2.36,3808.17,18.57,3808.32,0.01,3808.34,2.12
1753769572239,06:12:52.239,phemex,ETH/USDT:USDT,3808.31,3.91,3808.18,1.55,3808.32,0.84,3808.34,2.12
1753769572246,06:12:52.246,phemex,ETH/USDT:USDT,3808.31,3.91,3808.18,1.55,3808.32,0.83,3808.34,2.12
1753769572266,06:12:52.266,phemex,ETH/USDT:USDT,3808.31,3.91,3808.18,1.55,3808.32,0.83,3808.34,2.12
1753769572269,06:12:52.269,phemex,ETH/USDT:USDT,3808.31,3.91,3808.18,1.55,3808.34,2.12,3808.44,4.2
1753769572360,06:12:52.360,phemex,ETH/USDT:USDT,3808.33,0.66,3808.31,3.25,3808.34,2.95,3808.36,0.83
1753769572361,06:12:52.361,phemex,ETH/USDT:USDT,3808.33,0.66,3808.31,3.25,3808.34,2.95,3808.44,4.2
1753769572388,06:12:52.388,phemex,ETH/USDT:USDT,3808.33,0.66,3808.31,1.33,3808.34,2.95,3808.44,4.2
1753769572609,06:12:52.609,phemex,ETH/USDT:USDT,3808.33,0.66,3808.31,1.33,3808.34,2.95,3808.44,4.2
1753769572711,06:12:52.711,phemex,ETH/USDT:USDT,3808.33,0.66,3808.31,1.33,3808.34,2.95,3808.44,4.2
1753769573037,06:12:53.037,phemex,ETH/USDT:USDT,3808.33,0.66,3808.31,1.33,3808.34,2.95,3808.44,4.2
1753769573159,06:12:53.159,phemex,ETH/USDT:USDT,3808.33,0.66,3808.31,1.33,3808.34,2.95,3808.44,4.2
1753769573473,06:12:53.473,phemex,ETH/USDT:USDT,3808.33,1.03,3808.31,1.33,3808.34,2.95,3808.44,4.2
1753769573546,06:12:53.546,phemex,ETH/USDT:USDT,3808.33,1.03,3808.31,1.33,3808.34,2.95,3808.44,4.2
1753769573957,06:12:53.957,phemex,ETH/USDT:USDT,3808.33,1.03,3808.31,1.33,3808.34,2.95,3808.44,4.2
1753769574183,06:12:54.183,phemex,ETH/USDT:USDT,3808.33,1.03,3808.31,1.33,3808.34,2.94,3808.44,4.2
1753769574195,06:12:54.195,phemex,ETH/USDT:USDT,3808.33,2.58,3808.31,1.33,3808.34,2.94,3808.44,4.2
1753769574340,06:12:54.340,phemex,ETH/USDT:USDT,3808.33,2.58,3808.31,1.33,3808.34,2.94,3808.44,4.2
1753769574380,06:12:54.380,phemex,ETH/USDT:USDT,3808.33,4.09,3808.31,1.33,3808.34,2.94,3808.44,4.2
1753769574505,06:12:54.505,phemex,ETH/USDT:USDT,3808.33,8.53,3808.31,1.33,3808.34,2.94,3808.44,4.2
1753769574516,06:12:54.516,phemex,ETH/USDT:USDT,3808.33,8.53,3808.31,1.33,3808.34,2.94,3808.44,4.2
1753769574548,06:12:54.548,phemex,ETH/USDT:USDT,3808.33,8.53,3808.31,1.33,3808.34,2.94,3808.44,4.2
1753769574574,06:12:54.574,phemex,ETH/USDT:USDT,3808.33,9.27,3808.31,0.58,3808.34,2.94,3808.44,4.2
1753769574592,06:12:54.592,phemex,ETH/USDT:USDT,3808.33,9.27,3808.31,0.58,3808.34,2.94,3808.44,4.2
1753769574834,06:12:54.834,phemex,ETH/USDT:USDT,3808.33,9.27,3808.31,0.58,3808.34,2.94,3808.44,4.2
1753769574973,06:12:54.973,phemex,ETH/USDT:USDT,3808.33,9.27,3808.31,0.58,3808.34,2.94,3808.44,4.2
1753769575482,06:12:55.482,phemex,ETH/USDT:USDT,3808.33,7.72,3808.31,0.58,3808.34,2.94,3808.44,4.2
1753769575545,06:12:55.545,phemex,ETH/USDT:USDT,3808.33,7.72,3808.31,0.58,3808.34,2.94,3808.44,4.2
1753769575624,06:12:55.624,phemex,ETH/USDT:USDT,3808.33,7.72,3808.31,0.58,3808.34,2.94,3808.44,4.2
1753769575765,06:12:55.765,phemex,ETH/USDT:USDT,3808.33,7.72,3808.31,0.58,3808.34,2.94,3808.44,4.2
1753769575819,06:12:55.819,phemex,ETH/USDT:USDT,3808.33,7.72,3808.31,0.58,3808.34,2.94,3808.44,4.2
1753769576417,06:12:56.417,phemex,ETH/USDT:USDT,3808.33,7.72,3808.31,0.58,3808.34,2.94,3808.44,4.2
1753769576461,06:12:56.461,phemex,ETH/USDT:USDT,3808.33,7.72,3808.31,0.58,3808.34,2.94,3808.44,4.2
1753769576829,06:12:56.829,phemex,ETH/USDT:USDT,3808.33,7.72,3808.31,0.58,3808.34,2.94,3808.44,4.2
1753769576851,06:12:56.851,phemex,ETH/USDT:USDT,3808.33,7.72,3808.31,0.58,3808.34,2.94,3808.44,4.2
1753769576875,06:12:56.875,phemex,ETH/USDT:USDT,3808.33,7.72,3808.31,0.58,3808.34,2.94,3808.44,4.2
1753769576944,06:12:56.944,phemex,ETH/USDT:USDT,3808.33,7.06,3808.31,0.58,3808.34,2.94,3808.44,4.2
1753769576969,06:12:56.969,phemex,ETH/USDT:USDT,3808.33,7.06,3808.18,1.55,3808.34,2.94,3808.44,4.2
1753769577019,06:12:57.019,phemex,ETH/USDT:USDT,3808.33,7.06,3808.18,1.55,3808.34,2.94,3808.44,4.2
1753769577046,06:12:57.046,phemex,ETH/USDT:USDT,3808.33,7.06,3808.17,6.33,3808.34,2.94,3808.44,4.2
1753769577090,06:12:57.090,phemex,ETH/USDT:USDT,3808.33,7.06,3808.17,6.33,3808.34,2.94,3808.44,4.2
1753769577131,06:12:57.131,phemex,ETH/USDT:USDT,3808.33,7.06,3808.17,6.33,3808.34,2.94,3808.44,4.2
1753769577333,06:12:57.333,phemex,ETH/USDT:USDT,3808.33,6.69,3808.17,6.33,3808.34,3.31,3808.44,4.2
1753769577438,06:12:57.438,phemex,ETH/USDT:USDT,3808.33,6.69,3808.17,6.33,3808.34,3.31,3808.44,4.2
1753769577445,06:12:57.445,phemex,ETH/USDT:USDT,3808.33,6.69,3808.17,6.33,3808.34,3.31,3808.44,4.2
1753769577576,06:12:57.576,phemex,ETH/USDT:USDT,3808.33,6.69,3808.17,6.33,3808.34,3.31,3808.44,4.2
1753769578203,06:12:58.203,phemex,ETH/USDT:USDT,3808.33,6.69,3808.17,6.33,3808.34,3.3,3808.44,4.2
1753769578730,06:12:58.730,phemex,ETH/USDT:USDT,3808.33,6.69,3808.17,6.33,3808.34,3.3,3808.44,4.2
1753769578762,06:12:58.762,phemex,ETH/USDT:USDT,3808.33,6.69,3808.17,6.33,3808.34,3.3,3808.44,4.2
1753769578808,06:12:58.808,phemex,ETH/USDT:USDT,3808.33,6.69,3808.17,6.33,3808.34,3.3,3808.44,4.2
1753769579078,06:12:59.078,phemex,ETH/USDT:USDT,3808.33,6.69,3808.18,1.55,3808.34,3.3,3808.44,4.2
1753769579234,06:12:59.234,phemex,ETH/USDT:USDT,3808.33,6.69,3808.18,1.55,3808.34,3.3,3808.44,4.2
1753769579329,06:12:59.329,phemex,ETH/USDT:USDT,3808.33,7.33,3808.18,1.55,3808.34,3.3,3808.44,4.2
1753769579345,06:12:59.345,phemex,ETH/USDT:USDT,3808.33,6.69,3808.18,1.55,3808.34,3.3,3808.44,4.2
1753769579462,06:12:59.462,phemex,ETH/USDT:USDT,3808.33,7.33,3808.18,1.55,3808.34,3.3,3808.44,4.2
1753769579886,06:12:59.886,phemex,ETH/USDT:USDT,3808.33,7.33,3808.18,1.55,3808.34,2.93,3808.44,4.2
1753769579908,06:12:59.908,phemex,ETH/USDT:USDT,3808.33,5.82,3808.18,1.55,3808.34,2.93,3808.44,4.2
1753769579934,06:12:59.934,phemex,ETH/USDT:USDT,3808.33,5.82,3808.18,1.55,3808.34,2.93,3808.44,4.2
1753769579980,06:12:59.980,phemex,ETH/USDT:USDT,3808.33,5.82,3808.18,1.55,3808.34,2.93,3808.44,4.2
1753769580006,06:13:00.006,phemex,ETH/USDT:USDT,3808.33,5.82,3808.18,1.55,3808.44,3.25,3808.5,3.52
1753769580026,06:13:00.026,phemex,ETH/USDT:USDT,3808.43,2.63,3808.42,0.64,3808.44,4.35,3808.5,3.52
1753769580043,06:13:00.043,phemex,ETH/USDT:USDT,3808.43,9.32,3808.37,0.4,3808.44,1.1,3808.5,3.52
1753769580054,06:13:00.054,phemex,ETH/USDT:USDT,3808.43,10.61,3808.34,1.55,3808.44,1.1,3808.5,3.52
1753769580078,06:13:00.078,phemex,ETH/USDT:USDT,3808.43,10.61,3808.34,1.55,3808.44,1.1,3808.5,3.52
1753769580105,06:13:00.105,phemex,ETH/USDT:USDT,3808.43,10.61,3808.34,1.58,3808.44,1.1,3808.5,3.52
1753769580125,06:13:00.125,phemex,ETH/USDT:USDT,3808.43,10.61,3808.34,1.58,3808.44,1.1,3808.5,3.52
1753769580334,06:13:00.334,phemex,ETH/USDT:USDT,3808.43,11.04,3808.34,1.58,3808.44,1.1,3808.5,3.52
1753769580360,06:13:00.360,phemex,ETH/USDT:USDT,3808.43,13.76,3808.34,1.58,3808.44,1.1,3808.5,3.52
1753769580400,06:13:00.400,phemex,ETH/USDT:USDT,3808.43,13.76,3808.34,1.58,3808.44,1.1,3808.5,3.52
1753769580716,06:13:00.716,phemex,ETH/USDT:USDT,3808.43,13.76,3808.34,1.58,3808.44,1.1,3808.5,3.52
1753769581067,06:13:01.067,phemex,ETH/USDT:USDT,3808.43,13.76,3808.34,1.58,3808.44,1.1,3808.5,3.52
1753769581391,06:13:01.391,phemex,ETH/USDT:USDT,3808.43,11.13,3808.34,1.58,3808.44,1.1,3808.5,3.52
1753769581412,06:13:01.412,phemex,ETH/USDT:USDT,3808.43,5.76,3808.33,2.06,3808.44,1.1,3808.5,3.52
1753769581423,06:13:01.423,phemex,ETH/USDT:USDT,3808.43,5.14,3808.33,2.06,3808.44,1.1,3808.5,3.52
1753769581441,06:13:01.441,phemex,ETH/USDT:USDT,3808.43,5.14,3808.33,2.06,3808.44,1.1,3808.5,3.52
1753769581467,06:13:01.467,phemex,ETH/USDT:USDT,3808.43,2.51,3808.33,2.06,3808.44,1.1,3808.5,3.52
1753769581481,06:13:01.481,phemex,ETH/USDT:USDT,3808.43,2.51,3808.33,2.06,3808.44,1.1,3808.5,3.52
1753769581512,06:13:01.512,phemex,ETH/USDT:USDT,3808.43,2.51,3808.33,2.06,3808.44,1.47,3808.5,3.52
1753769581525,06:13:01.525,phemex,ETH/USDT:USDT,3808.43,2.51,3808.33,2.06,3808.44,1.47,3808.5,3.52
1753769581712,06:13:01.712,phemex,ETH/USDT:USDT,3808.43,2.51,3808.33,2.06,3808.44,1.47,3808.5,3.52
1753769581724,06:13:01.724,phemex,ETH/USDT:USDT,3808.43,2.51,3808.33,2.06,3808.44,1.47,3808.5,3.52
1753769581737,06:13:01.737,phemex,ETH/USDT:USDT,3808.43,2.51,3808.33,2.06,3808.44,1.47,3808.5,3.52
1753769581743,06:13:01.743,phemex,ETH/USDT:USDT,3808.43,2.51,3808.33,2.06,3808.44,1.47,3808.5,3.52
1753769581791,06:13:01.791,phemex,ETH/USDT:USDT,3808.43,3.15,3808.33,2.06,3808.44,1.47,3808.5,3.52
1753769581807,06:13:01.807,phemex,ETH/USDT:USDT,3808.43,3.15,3808.33,2.06,3808.44,1.47,3808.5,3.52
1753769581827,06:13:01.827,phemex,ETH/USDT:USDT,3808.43,3.15,3808.33,2.06,3808.44,1.47,3808.5,3.52
1753769581850,06:13:01.850,phemex,ETH/USDT:USDT,3808.43,3.15,3808.33,2.06,3808.44,1.35,3808.5,3.52
1753769581871,06:13:01.871,phemex,ETH/USDT:USDT,3808.43,3.15,3808.33,2.06,3808.44,1.35,3808.5,3.52
1753769581941,06:13:01.941,phemex,ETH/USDT:USDT,3808.43,3.15,3808.33,2.06,3808.44,1.35,3808.5,3.52
1753769581950,06:13:01.950,phemex,ETH/USDT:USDT,3808.43,3.15,3808.33,2.06,3808.44,1.35,3808.5,3.52
1753769581979,06:13:01.979,phemex,ETH/USDT:USDT,3808.43,3.15,3808.33,2.06,3808.44,1.35,3808.5,3.52
1753769582004,06:13:02.004,phemex,ETH/USDT:USDT,3808.43,3.15,3808.33,2.06,3808.44,1.35,3808.5,3.52
1753769582018,06:13:02.018,phemex,ETH/USDT:USDT,3808.43,5.87,3808.33,2.06,3808.44,1.35,3808.5,3.52
1753769582048,06:13:02.048,phemex,ETH/USDT:USDT,3808.43,5.87,3808.33,2.06,3808.44,0.98,3808.5,3.52
1753769582056,06:13:02.056,phemex,ETH/USDT:USDT,3808.43,5.87,3808.33,2.06,3808.44,0.98,3808.5,3.52
1753769582212,06:13:02.212,phemex,ETH/USDT:USDT,3808.43,5.87,3808.33,2.06,3808.44,0.98,3808.5,3.52
1753769582233,06:13:02.233,phemex,ETH/USDT:USDT,3808.43,5.86,3808.33,2.06,3808.44,0.98,3808.5,3.52
1753769582283,06:13:02.283,phemex,ETH/USDT:USDT,3808.43,5.86,3808.33,2.06,3808.44,0.98,3808.5,3.52
1753769582291,06:13:02.291,phemex,ETH/USDT:USDT,3808.43,5.86,3808.33,2.06,3808.44,0.98,3808.5,3.52
1753769582402,06:13:02.402,phemex,ETH/USDT:USDT,3808.43,5.86,3808.33,2.06,3808.44,0.98,3808.5,3.52
1753769582440,06:13:02.440,phemex,ETH/USDT:USDT,3808.43,5.86,3808.33,2.06,3808.44,0.98,3808.5,3.52
1753769582453,06:13:02.453,phemex,ETH/USDT:USDT,3808.43,3.14,3808.33,2.06,3808.44,0.98,3808.5,3.52
1753769582495,06:13:02.495,phemex,ETH/USDT:USDT,3808.43,3.14,3808.33,2.06,3808.44,0.98,3808.5,3.52
1753769582504,06:13:02.504,phemex,ETH/USDT:USDT,3808.43,3.14,3808.33,2.06,3808.44,0.98,3808.5,3.52
1753769582574,06:13:02.574,phemex,ETH/USDT:USDT,3808.43,3.14,3808.33,2.06,3808.44,0.98,3808.5,3.52
1753769582592,06:13:02.592,phemex,ETH/USDT:USDT,3808.43,2.5,3808.33,2.06,3808.44,0.98,3808.5,3.52
1753769582654,06:13:02.654,phemex,ETH/USDT:USDT,3808.43,2.5,3808.33,2.06,3808.44,0.98,3808.5,3.52
1753769582664,06:13:02.664,phemex,ETH/USDT:USDT,3808.43,2.5,3808.33,2.06,3808.44,0.98,3808.5,3.52
1753769582755,06:13:02.755,phemex,ETH/USDT:USDT,3808.43,2.5,3808.33,2.06,3808.44,0.98,3808.5,3.52
1753769582864,06:13:02.864,phemex,ETH/USDT:USDT,3808.43,2.5,3808.33,2.06,3808.44,0.98,3808.5,3.52
1753769582910,06:13:02.910,phemex,ETH/USDT:USDT,3808.43,3.14,3808.33,2.06,3808.44,0.98,3808.5,3.52
1753769582961,06:13:02.961,phemex,ETH/USDT:USDT,3808.43,3.14,3808.33,2.06,3808.44,0.98,3808.5,3.52
1753769583018,06:13:03.018,phemex,ETH/USDT:USDT,3808.43,3.14,3808.33,2.06,3808.44,0.98,3808.5,3.52
1753769583028,06:13:03.028,phemex,ETH/USDT:USDT,3808.43,3.14,3808.33,2.06,3808.44,0.98,3808.5,3.52
1753769583031,06:13:03.031,phemex,ETH/USDT:USDT,3808.43,3.14,3808.33,2.06,3808.44,0.98,3808.5,3.52
1753769583216,06:13:03.216,phemex,ETH/USDT:USDT,3808.43,2.5,3808.33,2.06,3808.44,0.98,3808.5,3.52
1753769583237,06:13:03.237,phemex,ETH/USDT:USDT,3808.43,2.5,3808.33,2.06,3808.44,0.98,3808.5,3.52
1753769583247,06:13:03.247,phemex,ETH/USDT:USDT,3808.43,2.5,3808.33,2.06,3808.44,0.98,3808.5,3.52
1753769583333,06:13:03.333,phemex,ETH/USDT:USDT,3808.43,2.5,3808.33,2.06,3808.44,1.36,3808.5,3.52
1753769583394,06:13:03.394,phemex,ETH/USDT:USDT,3808.43,2.5,3808.33,2.06,3808.44,1.36,3808.49,1.55
1753769583417,06:13:03.417,phemex,ETH/USDT:USDT,3808.43,2.5,3808.33,2.06,3808.44,1.36,3808.49,1.55
1753769583719,06:13:03.719,phemex,ETH/USDT:USDT,3808.43,2.5,3808.33,2.06,3808.44,2.62,3808.49,1.55
1753769583733,06:13:03.733,phemex,ETH/USDT:USDT,3808.43,2.5,3808.33,2.06,3808.44,3.95,3808.49,1.55
1753769583752,06:13:03.752,phemex,ETH/USDT:USDT,3808.43,0.78,3808.33,2.06,3808.44,3.95,3808.49,1.55
1753769583775,06:13:03.775,phemex,ETH/USDT:USDT,3808.43,0.78,3808.33,2.06,3808.44,3.28,3808.49,1.55
1753769583798,06:13:03.798,phemex,ETH/USDT:USDT,3808.43,0.78,3808.33,2.06,3808.44,3.28,3808.49,1.55
1753769583819,06:13:03.819,phemex,ETH/USDT:USDT,3808.43,0.78,3808.33,2.06,3808.44,3.28,3808.49,1.55
1753769583836,06:13:03.836,phemex,ETH/USDT:USDT,3808.33,2.06,3808.17,6.33,3808.34,0.68,3808.44,3.28
1753769583859,06:13:03.859,phemex,ETH/USDT:USDT,3808.33,2.06,3808.17,6.33,3808.34,4.04,3808.43,1.55
1753769583876,06:13:03.876,phemex,ETH/USDT:USDT,3808.17,2.62,3808.16,1.93,3808.34,4.04,3808.43,1.55
1753769583898,06:13:03.898,phemex,ETH/USDT:USDT,3808.17,2.62,3808.16,1.93,3808.18,1.85,3808.31,0.64
1753769583912,06:13:03.912,phemex,ETH/USDT:USDT,3808.17,2.62,3808.16,1.93,3808.18,2.23,3808.3,1.55
1753769583934,06:13:03.934,phemex,ETH/USDT:USDT,3808.17,2.62,3808.16,1.93,3808.18,2.23,3808.3,1.55
1753769583962,06:13:03.962,phemex,ETH/USDT:USDT,3808.16,1.93,3808.06,0.01,3808.18,2.23,3808.3,1.55
1753769583979,06:13:03.979,phemex,ETH/USDT:USDT,3808.16,1.93,3808.06,0.01,3808.17,1.85,3808.18,1.55
1753769584000,06:13:04.000,phemex,ETH/USDT:USDT,3808.16,1.93,3808.06,0.01,3808.17,1.85,3808.3,1.55
1753769584005,06:13:04.005,phemex,ETH/USDT:USDT,3808.16,1.93,3808.06,0.01,3808.17,1.85,3808.3,1.55
1753769584033,06:13:04.033,phemex,ETH/USDT:USDT,3808.16,1.93,3808.06,0.01,3808.17,1.85,3808.29,1.53
1753769584067,06:13:04.067,phemex,ETH/USDT:USDT,3808.16,1.93,3808.06,0.01,3808.17,1.85,3808.29,1.53
1753769584121,06:13:04.121,phemex,ETH/USDT:USDT,3808.16,1.93,3808.06,0.01,3808.17,1.85,3808.29,1.53
1753769584181,06:13:04.181,phemex,ETH/USDT:USDT,3808.16,1.93,3808.06,0.01,3808.17,0.68,3808.29,1.53
1753769584198,06:13:04.198,phemex,ETH/USDT:USDT,3808.16,1.93,3808.06,0.01,3808.29,1.53,3808.3,1.55
1753769584228,06:13:04.228,phemex,ETH/USDT:USDT,3808.16,1.93,3808.06,0.01,3808.28,0.68,3808.29,1.53
1753769584250,06:13:04.250,phemex,ETH/USDT:USDT,3808.16,1.93,3808.06,0.01,3808.17,0.68,3808.29,1.53
1753769584285,06:13:04.285,phemex,ETH/USDT:USDT,3808.16,1.93,3808.06,0.01,3808.17,0.68,3808.27,0.64
1753769584355,06:13:04.355,phemex,ETH/USDT:USDT,3808.16,1.93,3808.06,0.01,3808.17,0.68,3808.27,0.64
1753769584783,06:13:04.783,phemex,ETH/USDT:USDT,3808.16,1.93,3808.06,0.01,3808.17,1.06,3808.29,1.53
1753769584955,06:13:04.955,phemex,ETH/USDT:USDT,3808.16,1.93,3808.06,0.01,3808.17,1.06,3808.29,1.53
1753769585005,06:13:05.005,phemex,ETH/USDT:USDT,3808.06,0.01,3808.05,0.9,3808.17,1.06,3808.29,1.53
1753769585016,06:13:05.016,phemex,ETH/USDT:USDT,3808.07,0.9,3808.0,1.76,3808.16,0.68,3808.17,0.38
1753769585039,06:13:05.039,phemex,ETH/USDT:USDT,3807.92,0.03,3807.9,7.88,3808.08,1.44,3808.16,2.23
1753769585065,06:13:05.065,phemex,ETH/USDT:USDT,3807.93,0.98,3807.92,0.67,3808.08,1.44,3808.17,0.68
1753769585082,06:13:05.082,phemex,ETH/USDT:USDT,3808.03,7.88,3807.94,0.64,3808.08,1.44,3808.17,0.68
1753769585105,06:13:05.105,phemex,ETH/USDT:USDT,3808.03,7.88,3807.94,0.64,3808.04,0.38,3808.08,1.44
1753769585114,06:13:05.114,phemex,ETH/USDT:USDT,3808.03,7.88,3807.94,0.64,3808.04,0.38,3808.08,1.44
1753769585152,06:13:05.152,phemex,ETH/USDT:USDT,3808.03,8.78,3807.94,0.64,3808.04,0.38,3808.08,1.44
1753769585174,06:13:05.174,phemex,ETH/USDT:USDT,3808.03,8.78,3807.94,0.64,3808.04,0.38,3808.08,1.44
1753769585240,06:13:05.240,phemex,ETH/USDT:USDT,3808.03,8.78,3807.94,0.64,3808.04,0.38,3808.08,1.44
1753769585452,06:13:05.452,phemex,ETH/USDT:USDT,3808.03,8.78,3807.94,0.64,3808.04,0.38,3808.08,1.44
1753769585489,06:13:05.489,phemex,ETH/USDT:USDT,3808.03,8.78,3807.94,0.64,3808.04,0.38,3808.08,1.44
1753769585642,06:13:05.642,phemex,ETH/USDT:USDT,3808.03,8.78,3807.94,0.64,3808.04,0.38,3808.08,1.44
1753769585683,06:13:05.683,phemex,ETH/USDT:USDT,3808.03,8.78,3807.94,0.64,3808.04,0.38,3808.08,1.44
1753769585709,06:13:05.709,phemex,ETH/USDT:USDT,3808.03,14.81,3807.98,0.03,3808.04,0.38,3808.08,1.44
1753769585718,06:13:05.718,phemex,ETH/USDT:USDT,3808.03,14.81,3807.98,0.03,3808.04,0.38,3808.08,1.44
1753769585733,06:13:05.733,phemex,ETH/USDT:USDT,3808.03,14.81,3807.98,0.03,3808.04,0.38,3808.08,1.44
1753769586076,06:13:06.076,phemex,ETH/USDT:USDT,3808.03,14.81,3807.98,0.03,3808.08,1.44,3808.17,0.68
1753769586099,06:13:06.099,phemex,ETH/USDT:USDT,3808.07,12.96,3808.04,0.79,3808.08,1.44,3808.17,0.68
1753769586119,06:13:06.119,phemex,ETH/USDT:USDT,3808.07,13.31,3808.05,0.03,3808.08,1.44,3808.17,0.68
1753769586148,06:13:06.148,phemex,ETH/USDT:USDT,3808.07,12.11,3808.05,0.03,3808.08,1.44,3808.17,0.68
1753769586151,06:13:06.151,phemex,ETH/USDT:USDT,3808.07,12.11,3808.05,0.03,3808.08,1.44,3808.17,0.68
1753769586344,06:13:06.344,phemex,ETH/USDT:USDT,3808.07,12.11,3808.05,0.03,3808.08,1.43,3808.17,0.68
1753769586379,06:13:06.379,phemex,ETH/USDT:USDT,3808.07,12.11,3808.05,0.03,3808.08,1.43,3808.17,0.68
1753769586486,06:13:06.486,phemex,ETH/USDT:USDT,3808.07,12.11,3808.05,0.03,3808.08,1.43,3808.17,0.68
1753769586776,06:13:06.776,phemex,ETH/USDT:USDT,3808.07,12.11,3808.05,0.03,3808.08,1.43,3808.17,0.68
1753769586983,06:13:06.983,phemex,ETH/USDT:USDT,3808.07,12.11,3808.05,0.03,3808.08,1.43,3808.17,0.68
1753769587097,06:13:07.097,phemex,ETH/USDT:USDT,3808.07,11.47,3808.04,0.79,3808.08,1.43,3808.17,0.68
1753769587334,06:13:07.334,phemex,ETH/USDT:USDT,3808.07,9.13,3808.04,0.79,3808.08,1.43,3808.17,0.68
1753769587343,06:13:07.343,phemex,ETH/USDT:USDT,3808.07,9.13,3808.04,0.79,3808.08,1.43,3808.17,0.68
1753769587358,06:13:07.358,phemex,ETH/USDT:USDT,3808.07,9.13,3808.04,0.79,3808.08,1.43,3808.17,0.68
1753769587381,06:13:07.381,phemex,ETH/USDT:USDT,3808.07,9.13,3808.04,0.79,3808.08,1.43,3808.17,0.68
1753769587430,06:13:07.430,phemex,ETH/USDT:USDT,3808.07,9.13,3808.04,0.79,3808.17,0.68,3808.29,1.53
1753769587454,06:13:07.454,phemex,ETH/USDT:USDT,3808.07,8.23,3808.04,0.79,3808.08,0.38,3808.29,1.53
1753769587460,06:13:07.460,phemex,ETH/USDT:USDT,3808.07,8.23,3808.04,0.79,3808.08,0.38,3808.29,1.53
1753769587463,06:13:07.463,phemex,ETH/USDT:USDT,3808.07,9.13,3808.04,0.79,3808.08,0.38,3808.29,1.53
1753769587592,06:13:07.592,phemex,ETH/USDT:USDT,3808.07,8.78,3808.04,0.79,3808.08,0.38,3808.29,1.53
1753769587609,06:13:07.609,phemex,ETH/USDT:USDT,3808.07,8.78,3808.04,0.79,3808.08,0.38,3808.29,1.53
1753769587623,06:13:07.623,phemex,ETH/USDT:USDT,3808.07,8.78,3808.04,0.79,3808.08,0.38,3808.29,1.53
1753769587693,06:13:07.693,phemex,ETH/USDT:USDT,3808.07,8.78,3808.04,0.79,3808.08,0.38,3808.29,1.53
1753769587774,06:13:07.774,phemex,ETH/USDT:USDT,3808.07,8.78,3808.04,0.79,3808.08,0.38,3808.29,1.53
1753769587981,06:13:07.981,phemex,ETH/USDT:USDT,3808.07,0.9,3808.04,0.79,3808.08,0.38,3808.29,1.53
1753769588008,06:13:08.008,phemex,ETH/USDT:USDT,3808.04,0.79,3807.92,0.03,3808.08,0.38,3808.29,1.53
1753769588040,06:13:08.040,phemex,ETH/USDT:USDT,3808.04,0.79,3807.92,0.03,3808.08,0.38,3808.29,1.53
1753769588052,06:13:08.052,phemex,ETH/USDT:USDT,3808.07,0.9,3807.92,0.03,3808.08,0.38,3808.29,1.53
1753769588114,06:13:08.114,phemex,ETH/USDT:USDT,3808.07,0.9,3807.92,1.58,3808.08,1.02,3808.29,1.53
1753769588130,06:13:08.130,phemex,ETH/USDT:USDT,3808.07,0.9,3807.92,1.58,3808.08,1.02,3808.29,1.53
1753769588180,06:13:08.180,phemex,ETH/USDT:USDT,3808.07,0.9,3807.92,1.58,3808.08,0.38,3808.29,1.53
1753769588242,06:13:08.242,phemex,ETH/USDT:USDT,3808.07,0.9,3807.92,1.58,3808.08,0.38,3808.29,1.53
1753769588265,06:13:08.265,phemex,ETH/USDT:USDT,3808.07,0.9,3807.92,1.58,3808.08,0.38,3808.29,1.53
1753769588338,06:13:08.338,phemex,ETH/USDT:USDT,3808.07,0.9,3807.92,1.58,3808.08,0.38,3808.29,1.53
1753769588505,06:13:08.505,phemex,ETH/USDT:USDT,3808.07,0.9,3807.92,1.58,3808.08,0.38,3808.29,1.53
1753769588752,06:13:08.752,phemex,ETH/USDT:USDT,3808.07,8.78,3807.92,1.58,3808.08,0.38,3808.29,1.53
1753769588972,06:13:08.972,phemex,ETH/USDT:USDT,3808.07,8.78,3807.92,1.58,3808.08,0.38,3808.29,1.53
1753769588977,06:13:08.977,phemex,ETH/USDT:USDT,3808.07,0.9,3807.92,1.58,3808.08,1.02,3808.29,1.53
1753769589007,06:13:09.007,phemex,ETH/USDT:USDT,3807.93,0.9,3807.92,1.58,3808.08,1.02,3808.29,1.53
1753769589028,06:13:09.028,phemex,ETH/USDT:USDT,3808.07,0.9,3807.94,2.62,3808.08,1.02,3808.29,1.53
1753769589044,06:13:09.044,phemex,ETH/USDT:USDT,3808.07,0.9,3807.94,2.62,3808.08,0.38,3808.29,1.53
1753769589052,06:13:09.052,phemex,ETH/USDT:USDT,3808.07,0.9,3807.94,4.72,3808.08,0.38,3808.29,1.53
1753769589157,06:13:09.157,phemex,ETH/USDT:USDT,3808.07,0.9,3807.95,1.55,3808.08,0.38,3808.29,1.53
1753769589299,06:13:09.299,phemex,ETH/USDT:USDT,3808.07,0.9,3807.95,1.55,3808.08,0.38,3808.29,1.53
1753769589325,06:13:09.325,phemex,ETH/USDT:USDT,3808.07,0.9,3807.95,1.55,3808.08,0.38,3808.29,1.53
1753769589440,06:13:09.440,phemex,ETH/USDT:USDT,3808.07,0.9,3807.95,1.55,3808.08,0.38,3808.29,1.53
1753769589442,06:13:09.442,phemex,ETH/USDT:USDT,3808.07,0.9,3807.95,1.55,3808.08,0.38,3808.29,1.53
1753769589526,06:13:09.526,phemex,ETH/USDT:USDT,3808.07,0.9,3807.95,1.55,3808.08,0.38,3808.29,1.53
1753769589591,06:13:09.591,phemex,ETH/USDT:USDT,3808.07,0.9,3807.95,1.55,3808.08,0.38,3808.29,1.53
1753769589685,06:13:09.685,phemex,ETH/USDT:USDT,3808.07,0.9,3807.95,1.55,3808.08,0.38,3808.29,1.53
1753769589725,06:13:09.725,phemex,ETH/USDT:USDT,3808.07,0.9,3807.95,1.55,3808.08,0.38,3808.29,1.53
1753769589891,06:13:09.891,phemex,ETH/USDT:USDT,3808.07,0.9,3807.95,1.55,3808.08,1.02,3808.29,1.53
1753769589957,06:13:09.957,phemex,ETH/USDT:USDT,3808.07,0.9,3807.95,1.55,3808.08,0.38,3808.29,1.53
1753769590364,06:13:10.364,phemex,ETH/USDT:USDT,3808.07,0.89,3807.95,1.55,3808.08,0.38,3808.29,1.53
1753769590541,06:13:10.541,phemex,ETH/USDT:USDT,3808.07,9.41,3807.95,1.55,3808.08,0.38,3808.29,1.53
1753769590615,06:13:10.615,phemex,ETH/USDT:USDT,3808.07,9.41,3807.95,1.55,3808.08,0.38,3808.29,1.53
1753769590669,06:13:10.669,phemex,ETH/USDT:USDT,3808.07,9.41,3807.98,0.03,3808.08,0.38,3808.29,1.53
1753769590687,06:13:10.687,phemex,ETH/USDT:USDT,3808.07,9.41,3807.98,0.03,3808.08,0.38,3808.29,1.53
1753769590708,06:13:10.708,phemex,ETH/USDT:USDT,3808.07,13.19,3807.98,0.03,3808.08,0.38,3808.29,1.53
1753769590752,06:13:10.752,phemex,ETH/USDT:USDT,3808.07,15.1,3807.98,0.03,3808.08,0.38,3808.29,1.53
1753769591007,06:13:11.007,phemex,ETH/USDT:USDT,3808.07,14.46,3807.98,0.03,3808.08,0.38,3808.29,1.53
1753769591073,06:13:11.073,phemex,ETH/USDT:USDT,3808.07,6.58,3807.98,0.03,3808.08,0.38,3808.29,1.53
1753769591107,06:13:11.107,phemex,ETH/USDT:USDT,3808.07,4.69,3807.98,0.03,3808.08,0.38,3808.29,1.53
1753769591165,06:13:11.165,phemex,ETH/USDT:USDT,3808.07,2.78,3807.98,0.03,3808.08,0.38,3808.29,1.53
1753769591356,06:13:11.356,phemex,ETH/USDT:USDT,3808.07,0.89,3807.98,0.03,3808.08,0.38,3808.29,1.53
1753769591481,06:13:11.481,phemex,ETH/USDT:USDT,3808.07,0.89,3807.95,1.55,3808.08,1.02,3808.29,1.53
1753769591502,06:13:11.502,phemex,ETH/USDT:USDT,3808.07,8.77,3807.98,0.03,3808.08,0.38,3808.29,1.53
1753769591738,06:13:11.738,phemex,ETH/USDT:USDT,3808.12,0.89,3808.11,0.03,3808.28,0.64,3808.29,0.69
1753769591785,06:13:11.785,phemex,ETH/USDT:USDT,3808.12,0.89,3808.11,0.03,3808.13,1.87,3808.28,0.69
1753769591864,06:13:11.864,phemex,ETH/USDT:USDT,3808.12,0.89,3808.11,0.03,3808.13,1.87,3808.28,0.69
1753769591892,06:13:11.892,phemex,ETH/USDT:USDT,3808.12,0.89,3808.11,0.03,3808.13,1.87,3808.28,0.69
1753769592030,06:13:12.030,phemex,ETH/USDT:USDT,3808.12,0.89,3808.11,0.03,3808.13,1.87,3808.28,0.69
1753769592120,06:13:12.120,phemex,ETH/USDT:USDT,3808.11,0.89,3808.06,0.03,3808.13,1.87,3808.28,0.69
1753769592134,06:13:12.134,phemex,ETH/USDT:USDT,3808.12,0.89,3808.06,0.03,3808.13,1.87,3808.28,0.69
1753769592166,06:13:12.166,phemex,ETH/USDT:USDT,3808.12,0.89,3808.06,0.03,3808.13,1.87,3808.28,0.69
1753769592218,06:13:12.218,phemex,ETH/USDT:USDT,3808.12,0.89,3808.08,1.55,3808.13,1.87,3808.28,0.69
1753769592239,06:13:12.239,phemex,ETH/USDT:USDT,3808.12,8.77,3808.11,1.55,3808.13,1.87,3808.28,0.69
1753769592273,06:13:12.273,phemex,ETH/USDT:USDT,3808.12,8.77,3808.11,1.55,3808.13,1.87,3808.28,0.69
1753769592294,06:13:12.294,phemex,ETH/USDT:USDT,3808.12,8.77,3808.06,0.03,3808.13,1.87,3808.28,0.69
1753769592340,06:13:12.340,phemex,ETH/USDT:USDT,3808.12,8.77,3808.06,0.03,3808.13,1.87,3808.28,0.69
1753769592366,06:13:12.366,phemex,ETH/USDT:USDT,3808.12,0.89,3808.06,0.03,3808.13,1.87,3808.28,0.69
1753769592411,06:13:12.411,phemex,ETH/USDT:USDT,3808.12,0.89,3808.0,2.14,3808.13,1.87,3808.28,0.69
1753769592499,06:13:12.499,phemex,ETH/USDT:USDT,3808.12,0.89,3808.02,1.55,3808.13,1.87,3808.28,0.69
1753769592632,06:13:12.632,phemex,ETH/USDT:USDT,3808.12,0.89,3808.02,1.55,3808.13,1.87,3808.28,0.69
1753769592974,06:13:12.974,phemex,ETH/USDT:USDT,3808.12,0.89,3808.02,1.55,3808.13,1.87,3808.28,0.69
1753769593009,06:13:13.009,phemex,ETH/USDT:USDT,3808.12,0.89,3808.02,1.55,3808.13,1.87,3808.28,0.69
1753769593067,06:13:13.067,phemex,ETH/USDT:USDT,3808.12,0.89,3808.02,1.55,3808.13,1.87,3808.28,0.69
1753769593087,06:13:13.087,phemex,ETH/USDT:USDT,3808.02,1.55,3808.01,4.17,3808.13,1.87,3808.28,0.69
1753769593111,06:13:13.111,phemex,ETH/USDT:USDT,3808.05,7.88,3808.03,0.64,3808.13,1.87,3808.28,0.69
1753769593133,06:13:13.133,phemex,ETH/USDT:USDT,3808.12,3.23,3808.1,1.2,3808.13,1.87,3808.28,0.69
1753769593141,06:13:13.141,phemex,ETH/USDT:USDT,3808.12,3.23,3808.05,7.88,3808.13,1.87,3808.28,0.69
1753769593211,06:13:13.211,phemex,ETH/USDT:USDT,3808.12,3.23,3808.05,7.88,3808.13,1.87,3808.28,0.69
1753769593214,06:13:13.214,phemex,ETH/USDT:USDT,3808.12,3.23,3808.05,7.88,3808.13,1.87,3808.28,0.69
1753769593269,06:13:13.269,phemex,ETH/USDT:USDT,3808.12,0.89,3808.01,2.62,3808.13,2.51,3808.28,0.69
1753769593287,06:13:13.287,phemex,ETH/USDT:USDT,3808.0,2.14,3807.87,1.89,3808.12,0.69,3808.13,2.51
1753769593307,06:13:13.307,phemex,ETH/USDT:USDT,3808.0,2.14,3807.87,1.89,3808.01,0.97,3808.12,0.69
1753769593323,06:13:13.323,phemex,ETH/USDT:USDT,3808.0,2.14,3807.87,1.89,3808.01,0.97,3808.12,0.69
1753769593339,06:13:13.339,phemex,ETH/USDT:USDT,3808.0,2.14,3807.87,1.89,3808.01,0.97,3808.12,0.69
1753769593388,06:13:13.388,phemex,ETH/USDT:USDT,3808.0,3.03,3807.87,1.89,3808.01,0.97,3808.12,0.69
1753769593390,06:13:13.390,phemex,ETH/USDT:USDT,3808.0,3.03,3807.87,1.89,3808.01,0.97,3808.12,0.69
1753769593438,06:13:13.438,phemex,ETH/USDT:USDT,3808.0,3.03,3807.87,1.89,3808.01,0.97,3808.12,0.69
1753769593474,06:13:13.474,phemex,ETH/USDT:USDT,3808.0,3.03,3807.87,1.89,3808.01,1.66,3808.13,1.87
1753769593495,06:13:13.495,phemex,ETH/USDT:USDT,3808.0,3.03,3807.87,1.89,3808.01,1.66,3808.13,1.87
1753769593509,06:13:13.509,phemex,ETH/USDT:USDT,3808.0,3.03,3807.87,1.89,3808.01,1.66,3808.13,1.87
1753769593576,06:13:13.576,phemex,ETH/USDT:USDT,3808.0,0.89,3807.87,1.89,3808.01,10.71,3808.13,1.87
1753769593612,06:13:13.612,phemex,ETH/USDT:USDT,3808.0,0.89,3807.87,1.89,3808.01,10.71,3808.13,1.87
1753769593632,06:13:13.632,phemex,ETH/USDT:USDT,3808.0,0.89,3807.87,1.42,3808.01,10.71,3808.13,1.87
1753769593676,06:13:13.676,phemex,ETH/USDT:USDT,3807.87,1.42,3807.8,0.01,3808.01,11.09,3808.05,0.03
1753769593697,06:13:13.697,phemex,ETH/USDT:USDT,3807.87,1.42,3807.8,0.01,3807.88,1.17,3807.92,0.47
1753769593751,06:13:13.751,phemex,ETH/USDT:USDT,3807.8,0.01,3807.69,2.23,3807.81,1.17,3807.87,0.69
1753769593773,06:13:13.773,phemex,ETH/USDT:USDT,3807.8,0.01,3807.69,2.23,3807.81,1.86,3807.93,0.64
1753769593793,06:13:13.793,phemex,ETH/USDT:USDT,3807.8,0.01,3807.69,2.23,3807.81,1.86,3807.93,0.64
1753769593846,06:13:13.846,phemex,ETH/USDT:USDT,3807.8,0.01,3807.69,2.23,3807.81,1.86,3807.93,0.64
1753769593865,06:13:13.865,phemex,ETH/USDT:USDT,3807.8,0.01,3807.69,2.23,3807.81,1.86,3807.93,0.64
1753769593998,06:13:13.998,phemex,ETH/USDT:USDT,3807.8,0.01,3807.69,2.23,3807.81,1.86,3807.93,0.64
1753769594087,06:13:14.087,phemex,ETH/USDT:USDT,3807.8,0.01,3807.69,2.23,3807.81,2.5,3808.01,7.88
1753769594104,06:13:14.104,phemex,ETH/USDT:USDT,3807.8,0.01,3807.69,2.23,3807.81,2.5,3808.01,7.88
1753769594137,06:13:14.137,phemex,ETH/USDT:USDT,3807.8,0.01,3807.69,2.23,3807.81,1.86,3808.12,0.03
1753769594158,06:13:14.158,phemex,ETH/USDT:USDT,3807.8,0.9,3807.69,2.23,3807.81,1.86,3808.12,0.03
1753769594164,06:13:14.164,phemex,ETH/USDT:USDT,3807.8,0.89,3807.69,2.23,3807.81,1.86,3808.12,0.03
1753769594229,06:13:14.229,phemex,ETH/USDT:USDT,3807.8,0.89,3807.69,2.23,3807.81,1.86,3808.12,0.03
1753769594288,06:13:14.288,phemex,ETH/USDT:USDT,3807.8,0.89,3807.7,1.55,3807.81,1.86,3808.12,1.58
1753769594306,06:13:14.306,phemex,ETH/USDT:USDT,3807.7,1.55,3807.69,2.23,3807.81,1.86,3808.12,1.58
1753769594378,06:13:14.378,phemex,ETH/USDT:USDT,3807.71,0.89,3807.7,1.55,3807.81,1.86,3808.12,1.58
1753769594420,06:13:14.420,phemex,ETH/USDT:USDT,3807.71,0.89,3807.7,1.55,3807.81,1.85,3808.12,1.58
1753769594457,06:13:14.457,phemex,ETH/USDT:USDT,3807.71,0.89,3807.7,1.55,3807.81,1.85,3808.12,1.58
1753769594498,06:13:14.498,phemex,ETH/USDT:USDT,3807.71,0.89,3807.7,1.55,3807.81,1.85,3808.12,1.58
1753769594543,06:13:14.543,phemex,ETH/USDT:USDT,3807.8,0.89,3807.7,1.55,3807.81,1.85,3808.12,1.58
1753769594571,06:13:14.571,phemex,ETH/USDT:USDT,3807.7,1.55,3807.69,2.23,3807.81,1.85,3808.12,1.58
1753769594589,06:13:14.589,phemex,ETH/USDT:USDT,3807.7,1.55,3807.69,2.23,3807.81,1.85,3808.05,0.01
1753769594614,06:13:14.614,phemex,ETH/USDT:USDT,3807.8,0.89,3807.7,1.55,3807.81,1.85,3808.05,0.01
1753769594642,06:13:14.642,phemex,ETH/USDT:USDT,3807.71,0.89,3807.7,1.55,3807.81,2.49,3808.05,0.01
1753769594684,06:13:14.684,phemex,ETH/USDT:USDT,3807.71,0.89,3807.7,1.55,3807.8,0.64,3807.81,1.85
1753769594720,06:13:14.720,phemex,ETH/USDT:USDT,3807.71,0.89,3807.7,1.55,3807.8,0.64,3807.81,0.69
1753769594829,06:13:14.829,phemex,ETH/USDT:USDT,3807.71,0.89,3807.7,1.55,3807.8,0.64,3807.81,0.69
1753769594882,06:13:14.882,phemex,ETH/USDT:USDT,3807.71,0.89,3807.7,1.55,3807.8,0.64,3807.81,0.69
1753769594899,06:13:14.899,phemex,ETH/USDT:USDT,3807.7,0.89,3807.69,2.23,3807.8,0.64,3807.81,0.69
1753769594921,06:13:14.921,phemex,ETH/USDT:USDT,3807.69,3.12,3807.6,2.04,3807.8,1.33,3808.05,0.01
1753769594937,06:13:14.937,phemex,ETH/USDT:USDT,3807.7,0.89,3807.69,2.23,3807.71,0.64,3807.8,0.69
1753769594952,06:13:14.952,phemex,ETH/USDT:USDT,3807.7,0.89,3807.69,2.23,3807.8,0.69,3808.05,0.01
1753769594972,06:13:14.972,phemex,ETH/USDT:USDT,3807.7,1.25,3807.69,2.23,3807.8,0.69,3808.04,0.69
1753769595010,06:13:15.010,phemex,ETH/USDT:USDT,3807.71,0.89,3807.69,2.23,3808.04,0.69,3808.05,0.01
1753769595032,06:13:15.032,phemex,ETH/USDT:USDT,3807.7,0.89,3807.69,2.23,3807.84,6.99,3807.98,1.17
1753769595051,06:13:15.051,phemex,ETH/USDT:USDT,3807.7,0.89,3807.69,2.23,3807.8,0.64,3808.04,5.25
1753769595074,06:13:15.074,phemex,ETH/USDT:USDT,3807.7,0.89,3807.69,2.23,3807.8,0.64,3807.83,0.69
1753769595104,06:13:15.104,phemex,ETH/USDT:USDT,3807.73,7.88,3807.7,0.89,3807.8,0.64,3807.83,0.69
1753769595130,06:13:15.130,phemex,ETH/USDT:USDT,3807.74,0.89,3807.73,7.88,3807.8,0.64,3807.83,0.69
1753769595203,06:13:15.203,phemex,ETH/USDT:USDT,3807.79,0.89,3807.73,7.88,3807.83,0.69,3808.03,1.55
1753769595217,06:13:15.217,phemex,ETH/USDT:USDT,3807.73,7.88,3807.69,2.23,3808.02,0.69,3808.03,1.55
1753769595230,06:13:15.230,phemex,ETH/USDT:USDT,3807.73,7.88,3807.69,2.23,3807.99,1.17,3808.02,0.69
1753769595264,06:13:15.264,phemex,ETH/USDT:USDT,3807.74,0.89,3807.73,7.88,3807.82,6.99,3807.88,0.64
1753769595638,06:13:15.638,phemex,ETH/USDT:USDT,3807.74,0.89,3807.73,7.88,3807.9,1.33,3808.0,1.55
1753769595662,06:13:15.662,phemex,ETH/USDT:USDT,3807.74,0.89,3807.73,7.88,3807.83,0.64,3807.89,0.69
1753769595675,06:13:15.675,phemex,ETH/USDT:USDT,3807.74,0.89,3807.73,7.88,3807.83,0.64,3807.9,0.69
1753769595696,06:13:15.696,phemex,ETH/USDT:USDT,3807.74,8.77,3807.73,7.88,3807.83,0.64,3807.9,0.69
1753769595712,06:13:15.712,phemex,ETH/USDT:USDT,3807.82,0.89,3807.74,7.88,3807.83,0.64,3807.9,0.69
1753769595776,06:13:15.776,phemex,ETH/USDT:USDT,3807.82,0.89,3807.69,2.23,3807.83,0.64,3807.9,0.69
1753769595806,06:13:15.806,phemex,ETH/USDT:USDT,3807.69,3.12,3807.62,0.03,3807.82,0.69,3807.83,0.64
1753769595812,06:13:15.812,phemex,ETH/USDT:USDT,3807.69,2.23,3807.62,0.03,3807.82,0.69,3807.83,0.64
1753769595826,06:13:15.826,phemex,ETH/USDT:USDT,3807.7,0.89,3807.69,2.23,3807.83,1.33,3808.0,1.55
1753769595873,06:13:15.873,phemex,ETH/USDT:USDT,3807.75,2.34,3807.7,0.89,3807.83,1.33,3808.0,1.55
1753769595893,06:13:15.893,phemex,ETH/USDT:USDT,3807.76,0.89,3807.75,2.34,3807.82,0.64,3807.83,1.33
1753769595926,06:13:15.926,phemex,ETH/USDT:USDT,3807.76,0.89,3807.69,2.23,3807.82,0.64,3807.83,0.69
1753769595933,06:13:15.933,phemex,ETH/USDT:USDT,3807.7,0.89,3807.69,2.23,3807.82,0.64,3807.83,0.69
1753769596026,06:13:16.026,phemex,ETH/USDT:USDT,3807.7,0.89,3807.69,2.23,3807.81,0.69,3807.82,0.64
1753769596034,06:13:16.034,phemex,ETH/USDT:USDT,3807.7,0.89,3807.69,2.23,3807.8,0.64,3807.82,0.69
1753769596079,06:13:16.079,phemex,ETH/USDT:USDT,3807.69,2.23,3807.62,0.03,3807.8,0.64,3807.82,0.69
1753769596110,06:13:16.110,phemex,ETH/USDT:USDT,3807.71,7.88,3807.69,2.23,3807.8,0.64,3807.82,0.69
1753769596145,06:13:16.145,phemex,ETH/USDT:USDT,3807.79,0.89,3807.71,7.88,3807.8,0.64,3807.82,0.69
1753769596204,06:13:16.204,phemex,ETH/USDT:USDT,3807.79,0.89,3807.71,7.88,3807.8,0.64,3807.82,0.69
1753769596389,06:13:16.389,phemex,ETH/USDT:USDT,3807.79,0.89,3807.71,7.88,3807.82,0.69,3808.0,1.55
1753769596406,06:13:16.406,phemex,ETH/USDT:USDT,3807.72,0.89,3807.71,7.88,3807.99,0.69,3808.0,1.55
1753769596416,06:13:16.416,phemex,ETH/USDT:USDT,3807.72,2.44,3807.71,7.88,3807.79,6.99,3807.94,0.64
1753769596441,06:13:16.441,phemex,ETH/USDT:USDT,3807.78,0.89,3807.72,1.55,3807.94,0.64,3807.99,0.69
1753769596456,06:13:16.456,phemex,ETH/USDT:USDT,3807.73,0.89,3807.72,1.55,3807.94,1.33,3808.01,0.47
1753769596478,06:13:16.478,phemex,ETH/USDT:USDT,3807.73,2.44,3807.72,1.55,3807.74,6.99,3807.9,0.64
1753769596523,06:13:16.523,phemex,ETH/USDT:USDT,3807.73,2.44,3807.72,1.55,3807.9,0.64,3807.94,0.69
1753769596548,06:13:16.548,phemex,ETH/USDT:USDT,3807.74,0.89,3807.73,1.55,3807.9,0.64,3807.94,0.69
1753769596584,06:13:16.584,phemex,ETH/USDT:USDT,3807.74,0.89,3807.71,7.88,3807.85,1.17,3807.9,0.64
1753769596603,06:13:16.603,phemex,ETH/USDT:USDT,3807.72,0.89,3807.71,7.88,3807.84,0.64,3807.85,1.17
1753769596616,06:13:16.616,phemex,ETH/USDT:USDT,3807.72,2.44,3807.71,7.88,3807.84,0.64,3807.94,0.69
1753769596635,06:13:16.635,phemex,ETH/USDT:USDT,3807.72,1.55,3807.71,7.88,3807.84,0.64,3807.94,0.69
1753769596648,06:13:16.648,phemex,ETH/USDT:USDT,3807.83,0.89,3807.72,1.55,3807.94,0.69,3808.01,0.47
1753769596679,06:13:16.679,phemex,ETH/USDT:USDT,3807.73,0.89,3807.72,1.55,3807.84,6.99,3807.93,0.64
1753769596696,06:13:16.696,phemex,ETH/USDT:USDT,3807.76,7.88,3807.73,0.89,3807.93,0.64,3808.0,0.69
1753769596737,06:13:16.737,phemex,ETH/USDT:USDT,3807.76,7.88,3807.72,1.55,3807.77,6.99,3807.83,0.64
1753769596764,06:13:16.764,phemex,ETH/USDT:USDT,3807.76,8.77,3807.69,2.23,3807.83,0.64,3808.0,0.69
1753769596815,06:13:16.815,phemex,ETH/USDT:USDT,3807.82,0.89,3807.76,7.88,3807.83,0.64,3808.0,0.69
1753769596836,06:13:16.836,phemex,ETH/USDT:USDT,3807.82,0.89,3807.76,7.88,3808.0,0.69,3808.01,0.47
1753769596877,06:13:16.877,phemex,ETH/USDT:USDT,3807.77,0.89,3807.76,7.88,3807.83,6.99,3807.91,0.64
1753769596924,06:13:16.924,phemex,ETH/USDT:USDT,3807.76,7.88,3807.69,2.23,3807.78,2.03,3807.91,0.64
1753769596945,06:13:16.945,phemex,ETH/USDT:USDT,3807.77,0.89,3807.76,7.88,3807.78,2.03,3807.91,0.64
1753769596984,06:13:16.984,phemex,ETH/USDT:USDT,3807.77,0.89,3807.76,7.88,3807.78,2.03,3807.91,0.64
1753769597141,06:13:17.141,phemex,ETH/USDT:USDT,3807.77,8.77,3807.76,7.88,3807.78,2.03,3807.91,0.64
1753769597196,06:13:17.196,phemex,ETH/USDT:USDT,3807.77,8.77,3807.76,7.88,3807.78,2.03,3807.91,0.64
1753769597257,06:13:17.257,phemex,ETH/USDT:USDT,3807.77,8.77,3807.69,2.23,3807.78,2.03,3807.91,0.64
1753769597366,06:13:17.366,phemex,ETH/USDT:USDT,3807.77,8.77,3807.69,2.23,3807.78,2.03,3807.91,0.64
1753769597471,06:13:17.471,phemex,ETH/USDT:USDT,3807.77,8.77,3807.69,2.23,3807.78,2.03,3807.91,0.64
1753769597530,06:13:17.530,phemex,ETH/USDT:USDT,3807.77,8.77,3807.69,2.23,3807.78,2.67,3808.0,0.69
1753769597552,06:13:17.552,phemex,ETH/USDT:USDT,3807.77,8.77,3807.69,2.23,3807.78,2.67,3808.0,0.69
1753769598076,06:13:18.076,phemex,ETH/USDT:USDT,3807.77,8.77,3807.69,2.23,3807.78,2.03,3808.0,0.69
1753769598191,06:13:18.191,phemex,ETH/USDT:USDT,3807.77,8.77,3807.69,2.23,3807.78,2.03,3808.0,0.69
1753769598191,06:13:18.191,phemex,ETH/USDT:USDT,3807.77,8.77,3807.69,2.23,3807.78,2.03,3808.0,0.69
1753769598267,06:13:18.267,phemex,ETH/USDT:USDT,3807.77,8.77,3807.69,2.23,3807.78,2.03,3808.0,0.69
1753769598338,06:13:18.338,phemex,ETH/USDT:USDT,3807.77,0.89,3807.69,2.23,3807.78,2.03,3808.0,0.69
1753769598355,06:13:18.355,phemex,ETH/USDT:USDT,3807.77,0.89,3807.69,2.23,3807.78,2.67,3808.0,0.69
1753769598378,06:13:18.378,phemex,ETH/USDT:USDT,3807.7,0.89,3807.69,2.23,3807.78,2.67,3808.0,0.69
1753769598419,06:13:18.419,phemex,ETH/USDT:USDT,3807.7,0.88,3807.69,2.23,3807.77,0.64,3807.78,2.03
1753769598431,06:13:18.431,phemex,ETH/USDT:USDT,3807.7,0.88,3807.69,2.23,3807.77,0.64,3807.78,2.03
1753769598497,06:13:18.497,phemex,ETH/USDT:USDT,3807.69,3.11,3807.6,2.04,3807.77,0.64,3807.78,2.03
1753769598522,06:13:18.522,phemex,ETH/USDT:USDT,3807.7,0.88,3807.69,10.11,3807.77,0.64,3807.78,2.03
1753769598529,06:13:18.529,phemex,ETH/USDT:USDT,3807.76,0.88,3807.69,10.11,3807.77,0.64,3807.78,2.03
1753769598558,06:13:18.558,phemex,ETH/USDT:USDT,3807.76,0.88,3807.69,10.11,3807.77,0.64,3807.78,2.03
1753769598596,06:13:18.596,phemex,ETH/USDT:USDT,3807.76,0.88,3807.69,10.11,3807.77,0.64,3807.78,2.03
1753769598718,06:13:18.718,phemex,ETH/USDT:USDT,3807.76,0.88,3807.69,2.23,3807.77,0.64,3807.78,2.03
1753769598734,06:13:18.734,phemex,ETH/USDT:USDT,3807.7,0.88,3807.69,2.23,3807.77,0.64,3807.78,2.03
1753769598755,06:13:18.755,phemex,ETH/USDT:USDT,3807.69,3.11,3807.6,2.04,3807.77,0.64,3807.78,2.03
1753769598774,06:13:18.774,phemex,ETH/USDT:USDT,3807.7,0.88,3807.69,2.23,3807.77,0.64,3807.78,2.03
1753769598815,06:13:18.815,phemex,ETH/USDT:USDT,3807.7,0.88,3807.69,2.23,3807.77,0.64,3807.78,2.03
1753769598891,06:13:18.891,phemex,ETH/USDT:USDT,3807.69,2.23,3807.6,2.04,3807.77,0.64,3807.78,2.03
1753769598906,06:13:18.906,phemex,ETH/USDT:USDT,3807.76,0.88,3807.69,2.23,3807.77,0.64,3807.78,2.03
1753769598938,06:13:18.938,phemex,ETH/USDT:USDT,3807.7,0.88,3807.69,2.23,3807.77,0.64,3807.78,2.03
1753769598967,06:13:18.967,phemex,ETH/USDT:USDT,3807.76,0.88,3807.69,2.23,3807.77,0.64,3807.78,2.03
1753769599159,06:13:19.159,phemex,ETH/USDT:USDT,3807.76,0.88,3807.69,2.23,3807.77,0.64,3807.78,2.03
1753769599160,06:13:19.160,phemex,ETH/USDT:USDT,3807.76,0.88,3807.69,2.23,3807.77,0.64,3807.78,2.03
1753769599239,06:13:19.239,phemex,ETH/USDT:USDT,3807.76,0.88,3807.69,2.23,3807.78,2.03,3808.0,0.69
1753769599276,06:13:19.276,phemex,ETH/USDT:USDT,3807.77,0.88,3807.69,2.23,3807.78,2.03,3808.0,0.69
1753769599463,06:13:19.463,phemex,ETH/USDT:USDT,3807.7,0.88,3807.69,2.23,3807.78,2.03,3808.0,0.69
1753769599476,06:13:19.476,phemex,ETH/USDT:USDT,3807.77,0.88,3807.69,2.23,3807.78,2.03,3808.0,0.69
1753769599527,06:13:19.527,phemex,ETH/USDT:USDT,3807.77,0.88,3807.74,7.88,3807.78,2.67,3808.0,0.69
1753769599583,06:13:19.583,phemex,ETH/USDT:USDT,3807.74,8.76,3807.69,2.23,3807.78,2.67,3808.0,0.69
1753769599598,06:13:19.598,phemex,ETH/USDT:USDT,3807.75,0.88,3807.74,7.88,3807.77,0.64,3807.78,2.03
1753769599633,06:13:19.633,phemex,ETH/USDT:USDT,3807.76,0.88,3807.74,7.88,3807.77,0.64,3807.78,2.03
1753769599789,06:13:19.789,phemex,ETH/USDT:USDT,3807.76,0.88,3807.74,7.88,3807.77,0.64,3807.78,2.03
1753769599829,06:13:19.829,phemex,ETH/USDT:USDT,3807.76,0.88,3807.74,7.88,3807.77,0.64,3807.78,2.03
1753769599867,06:13:19.867,phemex,ETH/USDT:USDT,3807.74,7.88,3807.69,2.23,3807.77,0.64,3807.78,2.03
1753769599886,06:13:19.886,phemex,ETH/USDT:USDT,3807.76,0.88,3807.74,7.88,3807.77,0.64,3807.78,2.03
1753769600036,06:13:20.036,phemex,ETH/USDT:USDT,3807.74,7.88,3807.69,2.23,3807.78,2.03,3808.0,0.69
1753769600054,06:13:20.054,phemex,ETH/USDT:USDT,3807.77,0.88,3807.74,7.88,3807.78,2.03,3808.0,0.69
1753769600078,06:13:20.078,phemex,ETH/USDT:USDT,3807.77,11.1,3807.74,7.88,3807.78,2.03,3808.0,0.69
1753769600148,06:13:20.148,phemex,ETH/USDT:USDT,3807.77,2.05,3807.74,7.88,3807.78,2.67,3808.0,0.69
1753769600162,06:13:20.162,phemex,ETH/USDT:USDT,3807.77,0.88,3807.69,2.23,3807.78,3.37,3808.03,1.31
1753769600183,06:13:20.183,phemex,ETH/USDT:USDT,3807.77,0.88,3807.69,2.23,3807.78,2.67,3808.03,1.31
1753769600207,06:13:20.207,phemex,ETH/USDT:USDT,3807.77,0.88,3807.69,2.23,3807.78,3.75,3808.03,1.31
1753769600225,06:13:20.225,phemex,ETH/USDT:USDT,3807.77,0.88,3807.69,2.23,3807.78,3.05,3808.03,1.31
1753769600381,06:13:20.381,phemex,ETH/USDT:USDT,3807.77,0.88,3807.69,2.23,3807.78,3.05,3808.03,1.31
1753769600446,06:13:20.446,phemex,ETH/USDT:USDT,3807.69,3.11,3807.6,2.04,3807.77,0.7,3807.78,3.05
1753769600461,06:13:20.461,phemex,ETH/USDT:USDT,3807.69,3.11,3807.6,2.04,3807.7,1.17,3807.72,0.64
1753769600506,06:13:20.506,phemex,ETH/USDT:USDT,3807.69,3.11,3807.6,2.04,3807.7,1.81,3807.77,0.7
1753769600721,06:13:20.721,phemex,ETH/USDT:USDT,3807.69,3.11,3807.6,2.04,3807.7,2.51,3807.78,2.03
1753769600740,06:13:20.740,phemex,ETH/USDT:USDT,3807.69,3.11,3807.6,2.04,3807.7,2.51,3807.78,2.03
1753769600757,06:13:20.757,phemex,ETH/USDT:USDT,3807.69,3.11,3807.6,2.04,3807.7,2.51,3807.78,2.03
1753769600786,06:13:20.786,phemex,ETH/USDT:USDT,3807.69,3.11,3807.6,2.04,3807.7,1.87,3807.78,2.03
1753769600795,06:13:20.795,phemex,ETH/USDT:USDT,3807.69,3.11,3807.6,2.04,3807.7,1.87,3807.78,2.03
1753769600870,06:13:20.870,phemex,ETH/USDT:USDT,3807.69,3.11,3807.6,2.04,3807.7,1.87,3807.78,2.03
1753769600880,06:13:20.880,phemex,ETH/USDT:USDT,3807.69,3.11,3807.6,2.04,3807.7,1.87,3807.78,2.03
1753769600894,06:13:20.894,phemex,ETH/USDT:USDT,3807.69,3.11,3807.6,2.04,3807.7,1.87,3807.78,2.03
1753769601148,06:13:21.148,phemex,ETH/USDT:USDT,3807.69,3.11,3807.6,2.04,3807.7,0.7,3807.78,2.03
1753769601165,06:13:21.165,phemex,ETH/USDT:USDT,3807.69,2.23,3807.6,2.04,3807.7,0.7,3807.78,2.03
1753769601203,06:13:21.203,phemex,ETH/USDT:USDT,3807.69,2.23,3807.6,2.04,3807.7,0.7,3807.78,2.03
1753769601224,06:13:21.224,phemex,ETH/USDT:USDT,3807.69,2.23,3807.6,2.04,3807.7,0.7,3807.78,2.03
1753769601296,06:13:21.296,phemex,ETH/USDT:USDT,3807.69,2.23,3807.6,2.04,3807.7,0.7,3807.78,2.03
1753769601492,06:13:21.492,phemex,ETH/USDT:USDT,3807.69,2.23,3807.67,0.88,3807.78,2.03,3808.02,0.03
1753769601525,06:13:21.525,phemex,ETH/USDT:USDT,3807.69,2.23,3807.67,0.88,3807.76,0.64,3807.77,0.7
1753769601560,06:13:21.560,phemex,ETH/USDT:USDT,3807.69,2.23,3807.67,0.88,3807.7,1.17,3807.73,0.47
1753769601609,06:13:21.609,phemex,ETH/USDT:USDT,3807.69,2.23,3807.67,0.88,3807.7,1.81,3807.73,0.47
1753769601664,06:13:21.664,phemex,ETH/USDT:USDT,3807.69,2.23,3807.67,0.88,3807.7,2.19,3807.73,0.47
1753769601699,06:13:21.699,phemex,ETH/USDT:USDT,3807.69,2.23,3807.67,0.88,3807.7,2.19,3807.75,0.7
1753769601769,06:13:21.769,phemex,ETH/USDT:USDT,3807.69,3.11,3807.6,2.04,3807.7,2.19,3807.75,0.7
1753769602000,06:13:22.000,phemex,ETH/USDT:USDT,3807.69,3.11,3807.6,2.04,3807.7,3.6,3807.75,0.7
1753769602093,06:13:22.093,phemex,ETH/USDT:USDT,3807.69,3.11,3807.54,0.01,3807.7,4.3,3807.96,0.03
1753769602112,06:13:22.112,phemex,ETH/USDT:USDT,3807.69,2.23,3807.54,0.01,3807.7,4.3,3807.96,0.03
1753769602131,06:13:22.131,phemex,ETH/USDT:USDT,3807.69,2.23,3807.54,0.01,3807.7,4.3,3807.9,0.03
1753769602152,06:13:22.152,phemex,ETH/USDT:USDT,3807.69,2.23,3807.54,0.01,3807.7,9.55,3807.83,1.31
1753769602164,06:13:22.164,phemex,ETH/USDT:USDT,3807.69,2.23,3807.54,0.01,3807.7,9.55,3807.83,1.31
1753769602188,06:13:22.188,phemex,ETH/USDT:USDT,3807.69,2.23,3807.54,0.01,3807.7,9.55,3807.83,1.31
1753769602214,06:13:22.214,phemex,ETH/USDT:USDT,3807.69,2.23,3807.54,0.01,3807.7,9.55,3807.83,1.31
1753769602224,06:13:22.224,phemex,ETH/USDT:USDT,3807.69,2.23,3807.54,0.01,3807.7,9.55,3807.83,1.31
1753769602253,06:13:22.253,phemex,ETH/USDT:USDT,3807.69,2.23,3807.54,0.01,3807.7,16.54,3807.83,1.31
1753769602274,06:13:22.274,phemex,ETH/USDT:USDT,3807.69,2.23,3807.54,0.01,3807.7,16.54,3807.83,1.31
1753769602307,06:13:22.307,phemex,ETH/USDT:USDT,3807.69,2.23,3807.54,0.01,3807.7,16.54,3807.83,1.31
1753769602343,06:13:22.343,phemex,ETH/USDT:USDT,3807.69,2.23,3807.54,0.01,3807.7,16.54,3807.83,1.31
1753769602391,06:13:22.391,phemex,ETH/USDT:USDT,3807.69,2.23,3807.54,0.01,3807.7,16.54,3807.83,1.31
1753769602427,06:13:22.427,phemex,ETH/USDT:USDT,3807.69,2.23,3807.54,0.01,3807.7,16.53,3807.83,1.31
1753769602465,06:13:22.465,phemex,ETH/USDT:USDT,3807.69,2.23,3807.54,0.01,3807.7,16.53,3807.83,1.31
1753769602562,06:13:22.562,phemex,ETH/USDT:USDT,3807.69,2.23,3807.54,0.01,3807.7,16.53,3807.83,1.31
1753769602657,06:13:22.657,phemex,ETH/USDT:USDT,3807.69,2.23,3807.54,0.01,3807.7,16.53,3807.83,1.31
1753769602659,06:13:22.659,phemex,ETH/USDT:USDT,3807.69,2.23,3807.54,0.01,3807.7,16.53,3807.83,1.31
1753769602680,06:13:22.680,phemex,ETH/USDT:USDT,3807.69,2.23,3807.54,0.01,3807.7,16.53,3807.83,1.31
1753769602728,06:13:22.728,phemex,ETH/USDT:USDT,3807.69,2.23,3807.54,0.01,3807.7,16.53,3807.83,1.78
1753769602766,06:13:22.766,phemex,ETH/USDT:USDT,3807.69,2.23,3807.54,0.01,3807.7,16.53,3807.83,1.78
1753769602927,06:13:22.927,phemex,ETH/USDT:USDT,3807.69,2.23,3807.54,0.01,3807.7,16.53,3807.83,1.78
1753769603124,06:13:23.124,phemex,ETH/USDT:USDT,3807.69,2.23,3807.54,0.01,3807.7,24.41,3807.83,1.78
1753769603170,06:13:23.170,phemex,ETH/USDT:USDT,3807.69,2.23,3807.54,0.01,3807.7,29.66,3807.83,1.78
1753769603196,06:13:23.196,phemex,ETH/USDT:USDT,3807.69,2.23,3807.54,0.01,3807.7,29.66,3807.83,1.78
1753769603216,06:13:23.216,phemex,ETH/USDT:USDT,3807.69,2.23,3807.54,0.01,3807.7,29.66,3807.83,1.78
1753769603241,06:13:23.241,phemex,ETH/USDT:USDT,3807.69,2.23,3807.54,0.01,3807.7,29.66,3807.83,1.78
1753769603260,06:13:23.260,phemex,ETH/USDT:USDT,3807.69,2.23,3807.54,0.01,3807.7,29.66,3807.83,1.78
1753769603434,06:13:23.434,phemex,ETH/USDT:USDT,3807.69,2.22,3807.54,0.01,3807.7,29.66,3807.83,1.78
1753769603609,06:13:23.609,phemex,ETH/USDT:USDT,3807.41,0.89,3807.3,0.67,3807.42,1.17,3807.54,0.7
1753769603776,06:13:23.776,phemex,ETH/USDT:USDT,3807.41,0.89,3807.3,0.03,3807.42,1.17,3807.54,0.7
1753769603786,06:13:23.786,phemex,ETH/USDT:USDT,3807.41,0.89,3807.3,0.03,3807.42,1.17,3807.54,0.7
1753769603926,06:13:23.926,phemex,ETH/USDT:USDT,3807.41,0.89,3807.3,0.03,3807.42,1.17,3807.54,0.7
1753769604161,06:13:24.161,phemex,ETH/USDT:USDT,3807.41,0.89,3807.3,0.03,3807.42,1.17,3807.54,0.7
1753769604493,06:13:24.493,phemex,ETH/USDT:USDT,3807.41,0.89,3807.3,0.03,3807.42,1.17,3807.54,0.7
1753769604558,06:13:24.558,phemex,ETH/USDT:USDT,3807.41,0.89,3807.24,0.03,3807.42,1.81,3807.54,0.7
1753769604721,06:13:24.721,phemex,ETH/USDT:USDT,3807.41,0.89,3807.24,0.03,3807.42,2.51,3807.55,5.25
1753769604751,06:13:24.751,phemex,ETH/USDT:USDT,3807.41,0.89,3807.2,1.55,3807.42,2.51,3807.55,5.25
1753769604816,06:13:24.816,phemex,ETH/USDT:USDT,3807.41,0.89,3807.2,1.55,3807.42,2.51,3807.7,14.54
1753769605097,06:13:25.097,phemex,ETH/USDT:USDT,3807.41,0.89,3807.2,1.55,3807.42,2.51,3807.7,14.54
1753769605149,06:13:25.149,phemex,ETH/USDT:USDT,3807.41,0.89,3807.2,1.55,3807.42,2.51,3807.69,1.55
1753769605638,06:13:25.638,phemex,ETH/USDT:USDT,3807.42,0.88,3807.41,0.01,3807.43,1.17,3807.6,0.64
1753769605739,06:13:25.739,phemex,ETH/USDT:USDT,3807.42,0.88,3807.41,0.01,3807.43,1.17,3807.56,5.25
1753769605923,06:13:25.923,phemex,ETH/USDT:USDT,3807.41,0.89,3807.2,1.55,3807.43,1.17,3807.56,5.25
1753769605936,06:13:25.936,phemex,ETH/USDT:USDT,3807.41,0.89,3807.2,1.55,3807.42,1.17,3807.43,1.17
1753769605996,06:13:25.996,phemex,ETH/USDT:USDT,3807.41,0.89,3807.2,1.55,3807.42,1.17,3807.56,5.25
1753769606063,06:13:26.063,phemex,ETH/USDT:USDT,3807.41,0.89,3807.2,1.55,3807.42,1.17,3807.6,0.64
1753769606173,06:13:26.173,phemex,ETH/USDT:USDT,3807.41,0.89,3807.2,1.55,3807.42,1.17,3807.55,5.25
1753769606264,06:13:26.264,phemex,ETH/USDT:USDT,3807.41,0.89,3807.2,1.55,3807.42,1.17,3807.55,5.25
1753769606387,06:13:26.387,phemex,ETH/USDT:USDT,3807.41,0.89,3807.2,1.55,3807.55,5.25,3807.68,0.7
1753769606411,06:13:26.411,phemex,ETH/USDT:USDT,3807.42,0.88,3807.41,0.01,3807.55,5.25,3807.68,0.7
1753769606413,06:13:26.413,phemex,ETH/USDT:USDT,3807.42,0.88,3807.41,0.01,3807.55,5.25,3807.68,0.7
1753769606445,06:13:26.445,phemex,ETH/USDT:USDT,3807.42,2.42,3807.41,0.01,3807.55,5.25,3807.68,0.7
1753769606487,06:13:26.487,phemex,ETH/USDT:USDT,3807.44,0.79,3807.43,0.87,3807.55,5.25,3807.7,14.54
1753769606501,06:13:26.501,phemex,ETH/USDT:USDT,3807.45,0.87,3807.44,0.79,3807.55,5.96,3807.7,14.54
1753769606520,06:13:26.520,phemex,ETH/USDT:USDT,3807.45,2.42,3807.44,0.79,3807.47,1.17,3807.55,5.96
1753769606540,06:13:26.540,phemex,ETH/USDT:USDT,3807.46,1.23,3807.45,1.55,3807.55,5.25,3807.56,0.71
1753769606559,06:13:26.559,phemex,ETH/USDT:USDT,3807.47,1.51,3807.46,1.91,3807.55,5.25,3807.56,0.71
1753769606589,06:13:26.589,phemex,ETH/USDT:USDT,3807.48,0.64,3807.47,2.42,3807.55,5.25,3807.56,0.71
1753769606601,06:13:26.601,phemex,ETH/USDT:USDT,3807.49,0.87,3807.48,0.64,3807.55,5.25,3807.56,0.71
1753769606631,06:13:26.631,phemex,ETH/USDT:USDT,3807.49,0.87,3807.48,0.64,3807.52,1.17,3807.55,5.25
1753769606659,06:13:26.659,phemex,ETH/USDT:USDT,3807.49,0.87,3807.48,0.64,3807.5,1.17,3807.52,1.17
1753769606699,06:13:26.699,phemex,ETH/USDT:USDT,3807.48,0.64,3807.47,1.55,3807.5,1.17,3807.55,5.25
1753769606718,06:13:26.718,phemex,ETH/USDT:USDT,3807.48,0.64,3807.47,1.55,3807.49,1.17,3807.5,1.17
1753769606789,06:13:26.789,phemex,ETH/USDT:USDT,3807.47,1.55,3807.46,1.55,3807.49,1.17,3807.55,5.25
1753769606802,06:13:26.802,phemex,ETH/USDT:USDT,3807.47,1.55,3807.46,1.55,3807.48,1.17,3807.49,1.17
1753769606817,06:13:26.817,phemex,ETH/USDT:USDT,3807.47,1.55,3807.46,1.55,3807.48,1.17,3807.55,5.25
1753769606840,06:13:26.840,phemex,ETH/USDT:USDT,3807.47,1.55,3807.46,1.55,3807.48,1.17,3807.55,5.25
1753769606860,06:13:26.860,phemex,ETH/USDT:USDT,3807.47,2.42,3807.46,1.55,3807.48,1.17,3807.55,5.25
1753769606926,06:13:26.926,phemex,ETH/USDT:USDT,3807.47,2.78,3807.46,1.55,3807.48,1.17,3807.55,5.25
1753769606964,06:13:26.964,phemex,ETH/USDT:USDT,3807.47,3.42,3807.46,1.55,3807.48,1.17,3807.55,5.25
1753769607006,06:13:27.006,phemex,ETH/USDT:USDT,3807.47,3.42,3807.46,1.55,3807.48,3.05,3807.55,5.25
1753769607039,06:13:27.039,phemex,ETH/USDT:USDT,3807.47,2.78,3807.46,1.55,3807.48,3.05,3807.55,5.25
1753769607562,06:13:27.562,phemex,ETH/USDT:USDT,3807.47,3.42,3807.46,1.55,3807.48,3.05,3807.55,5.25
1753769607648,06:13:27.648,phemex,ETH/USDT:USDT,3807.47,2.78,3807.46,1.55,3807.48,3.05,3807.55,5.25
1753769608114,06:13:28.114,phemex,ETH/USDT:USDT,3807.47,1.23,3807.45,1.55,3807.48,3.05,3807.55,5.25
1753769608380,06:13:28.380,phemex,ETH/USDT:USDT,3807.47,1.23,3807.45,1.55,3807.48,3.76,3807.55,5.25
1753769608677,06:13:28.677,phemex,ETH/USDT:USDT,3807.47,1.23,3807.45,1.55,3807.48,3.76,3807.55,5.25
1753769608731,06:13:28.731,phemex,ETH/USDT:USDT,3807.47,1.23,3807.45,1.55,3807.48,4.4,3807.55,5.25
1753769608745,06:13:28.745,phemex,ETH/USDT:USDT,3807.47,1.23,3807.45,1.55,3807.48,4.4,3807.55,5.25
1753769608767,06:13:28.767,phemex,ETH/USDT:USDT,3807.47,1.23,3807.41,0.01,3807.48,4.4,3807.55,5.25
1753769608808,06:13:28.808,phemex,ETH/USDT:USDT,3807.47,1.23,3807.41,0.01,3807.48,3.76,3807.55,5.25
1753769609107,06:13:29.107,phemex,ETH/USDT:USDT,3807.47,1.23,3807.41,0.01,3807.48,3.76,3807.55,5.25
1753769609340,06:13:29.340,phemex,ETH/USDT:USDT,3807.47,1.23,3807.41,0.01,3807.48,3.76,3807.55,5.25
1753769610620,06:13:30.620,phemex,ETH/USDT:USDT,3807.47,8.79,3807.41,0.01,3807.48,2.59,3807.55,5.25
1753769610643,06:13:30.643,phemex,ETH/USDT:USDT,3807.47,10.25,3807.41,0.01,3807.48,1.88,3807.7,4.81
1753769610663,06:13:30.663,phemex,ETH/USDT:USDT,3807.47,9.99,3807.41,0.01,3807.48,1.88,3807.7,4.81
1753769610685,06:13:30.685,phemex,ETH/USDT:USDT,3807.47,9.99,3807.41,0.01,3807.48,1.88,3807.7,4.81
1753769610721,06:13:30.721,phemex,ETH/USDT:USDT,3807.47,9.99,3807.41,0.01,3807.48,1.88,3807.7,4.81
1753769610730,06:13:30.730,phemex,ETH/USDT:USDT,3807.47,9.99,3807.41,0.01,3807.48,1.88,3807.7,4.81
1753769610765,06:13:30.765,phemex,ETH/USDT:USDT,3807.47,12.09,3807.42,1.48,3807.79,0.01,3807.83,1.31
1753769610782,06:13:30.782,phemex,ETH/USDT:USDT,3807.78,7.09,3807.77,0.79,3807.79,0.01,3807.98,1.7
1753769610821,06:13:30.821,phemex,ETH/USDT:USDT,3807.78,10.86,3807.77,0.79,3807.79,0.01,3807.98,1.7
1753769610837,06:13:30.837,phemex,ETH/USDT:USDT,3807.78,10.22,3807.77,0.79,3807.79,0.01,3807.98,1.7
1753769610864,06:13:30.864,phemex,ETH/USDT:USDT,3807.78,10.58,3807.77,0.79,3807.79,0.01,3807.98,1.7
1753769610876,06:13:30.876,phemex,ETH/USDT:USDT,3807.78,10.58,3807.77,0.79,3807.79,0.01,3807.98,1.7
1753769610905,06:13:30.905,phemex,ETH/USDT:USDT,3807.78,9.04,3807.77,0.79,3807.79,0.01,3807.98,1.7
1753769610926,06:13:30.926,phemex,ETH/USDT:USDT,3807.78,9.04,3807.77,0.79,3807.79,0.01,3807.98,1.7
1753769610958,06:13:30.958,phemex,ETH/USDT:USDT,3807.78,9.04,3807.77,0.79,3807.79,0.01,3807.98,1.7
1753769610977,06:13:30.977,phemex,ETH/USDT:USDT,3807.78,9.04,3807.77,0.79,3807.79,0.01,3807.98,1.7
1753769611042,06:13:31.042,phemex,ETH/USDT:USDT,3807.78,9.04,3807.77,0.79,3807.79,0.01,3807.98,1.7
1753769611166,06:13:31.166,phemex,ETH/USDT:USDT,3807.78,9.04,3807.77,0.79,3807.79,0.01,3807.98,1.7
1753769611359,06:13:31.359,phemex,ETH/USDT:USDT,3807.78,9.04,3807.77,0.79,3807.79,0.01,3807.98,1.7
1753769611511,06:13:31.511,phemex,ETH/USDT:USDT,3807.97,3.17,3807.78,4.68,3807.98,1.7,3808.04,5.25
1753769611533,06:13:31.533,phemex,ETH/USDT:USDT,3807.97,4.04,3807.78,3.81,3807.98,1.7,3808.04,5.25
1753769611561,06:13:31.561,phemex,ETH/USDT:USDT,3807.97,4.4,3807.78,3.81,3807.98,1.7,3808.04,5.25
1753769611599,06:13:31.599,phemex,ETH/USDT:USDT,3807.97,4.4,3807.79,1.48,3807.98,1.7,3808.04,5.25
1753769611618,06:13:31.618,phemex,ETH/USDT:USDT,3807.97,4.4,3807.79,1.48,3807.98,1.7,3808.04,5.25
1753769611637,06:13:31.637,phemex,ETH/USDT:USDT,3807.97,4.4,3807.79,1.48,3807.98,1.7,3808.04,5.25
1753769611768,06:13:31.768,phemex,ETH/USDT:USDT,3807.97,1.87,3807.79,1.48,3807.98,1.7,3808.04,5.25
1753769611778,06:13:31.778,phemex,ETH/USDT:USDT,3807.97,1.87,3807.79,3.03,3807.98,1.7,3808.04,5.25
1753769611803,06:13:31.803,phemex,ETH/USDT:USDT,3807.97,1.23,3807.79,3.03,3807.98,1.7,3808.04,5.25
1753769611864,06:13:31.864,phemex,ETH/USDT:USDT,3807.97,1.23,3807.79,3.03,3807.98,1.7,3808.04,5.25
1753769611895,06:13:31.895,phemex,ETH/USDT:USDT,3807.97,1.23,3807.79,3.03,3807.98,1.7,3808.04,5.25
1753769612070,06:13:32.070,phemex,ETH/USDT:USDT,3807.97,1.23,3807.79,1.48,3807.98,1.7,3808.04,5.25
1753769612088,06:13:32.088,phemex,ETH/USDT:USDT,3807.97,1.23,3807.8,1.55,3807.98,2.41,3808.04,5.25
1753769612322,06:13:32.322,phemex,ETH/USDT:USDT,3807.97,1.23,3807.8,1.55,3807.98,2.41,3808.04,5.25
1753769612499,06:13:32.499,phemex,ETH/USDT:USDT,3807.97,1.23,3807.8,1.55,3807.98,2.41,3808.04,5.25
1753769612524,06:13:32.524,phemex,ETH/USDT:USDT,3807.97,1.23,3807.8,1.55,3807.98,3.05,3808.04,5.25
1753769612581,06:13:32.581,phemex,ETH/USDT:USDT,3807.97,1.23,3807.8,1.55,3807.98,3.05,3808.04,5.25
1753769612612,06:13:32.612,phemex,ETH/USDT:USDT,3807.97,1.23,3807.8,1.55,3807.98,2.41,3808.04,5.25
1753769612808,06:13:32.808,phemex,ETH/USDT:USDT,3807.97,1.23,3807.8,1.55,3807.98,2.41,3808.04,5.25
1753769612861,06:13:32.861,phemex,ETH/USDT:USDT,3807.97,1.23,3807.8,1.55,3807.98,2.41,3808.04,5.25
1753769612905,06:13:32.905,phemex,ETH/USDT:USDT,3807.97,1.23,3807.8,1.55,3807.98,2.41,3808.04,5.25
1753769612999,06:13:32.999,phemex,ETH/USDT:USDT,3807.97,1.23,3807.8,1.55,3807.98,2.41,3808.04,5.25
1753769613029,06:13:33.029,phemex,ETH/USDT:USDT,3807.97,1.23,3807.8,1.55,3807.98,2.41,3808.04,5.25
1753769613059,06:13:33.059,phemex,ETH/USDT:USDT,3807.97,1.23,3807.8,1.55,3807.98,2.41,3808.04,5.25
1753769613128,06:13:33.128,phemex,ETH/USDT:USDT,3807.97,1.23,3807.8,1.55,3807.98,2.41,3808.04,5.25
1753769613193,06:13:33.193,phemex,ETH/USDT:USDT,3807.97,1.23,3807.8,1.55,3807.98,2.41,3808.04,5.25
1753769613689,06:13:33.689,phemex,ETH/USDT:USDT,3807.97,1.23,3807.8,1.55,3807.98,2.41,3808.04,5.25
1753769613884,06:13:33.884,phemex,ETH/USDT:USDT,3807.97,1.23,3807.8,1.55,3807.98,2.41,3808.04,5.25
1753769613912,06:13:33.912,phemex,ETH/USDT:USDT,3807.97,1.23,3807.8,1.55,3807.98,3.05,3808.04,5.25
1753769613925,06:13:33.925,phemex,ETH/USDT:USDT,3807.97,1.23,3807.8,1.55,3807.98,3.05,3808.04,5.25
1753769613934,06:13:33.934,phemex,ETH/USDT:USDT,3807.97,1.23,3807.8,1.55,3807.98,3.05,3808.04,5.25
1753769613984,06:13:33.984,phemex,ETH/USDT:USDT,3807.97,1.23,3807.8,1.55,3807.98,3.05,3808.04,5.25
1753769614023,06:13:34.023,phemex,ETH/USDT:USDT,3807.97,1.23,3807.8,1.55,3807.98,3.05,3808.04,5.25
1753769614068,06:13:34.068,phemex,ETH/USDT:USDT,3807.97,1.23,3807.79,1.48,3807.98,3.05,3808.04,5.25
1753769614794,06:13:34.794,phemex,ETH/USDT:USDT,3807.72,1.09,3807.6,0.63,3807.73,0.64,3807.85,0.71
1753769614809,06:13:34.809,phemex,ETH/USDT:USDT,3807.72,1.09,3807.61,0.87,3807.73,0.64,3807.85,0.71
1753769614858,06:13:34.858,phemex,ETH/USDT:USDT,3807.72,3.19,3807.61,0.87,3807.86,1.18,3807.87,5.25
1753769614878,06:13:34.878,phemex,ETH/USDT:USDT,3807.73,1.31,3807.72,3.19,3807.86,1.18,3807.87,5.25
1753769614927,06:13:34.927,phemex,ETH/USDT:USDT,3807.74,0.87,3807.73,0.44,3807.97,0.71,3807.98,9.58
1753769614959,06:13:34.959,phemex,ETH/USDT:USDT,3807.72,0.87,3807.57,2.62,3807.96,0.64,3807.97,0.71
1753769614967,06:13:34.967,phemex,ETH/USDT:USDT,3807.8,2.34,3807.75,1.45,3807.95,0.71,3807.96,0.64
1753769614986,06:13:34.986,phemex,ETH/USDT:USDT,3807.8,2.34,3807.75,1.64,3807.95,0.71,3807.96,0.64
1753769615002,06:13:35.002,phemex,ETH/USDT:USDT,3807.8,2.34,3807.75,0.77,3807.81,0.71,3807.95,5.25
1753769615025,06:13:35.025,phemex,ETH/USDT:USDT,3807.8,1.17,3807.75,0.19,3807.81,0.71,3807.95,5.25
1753769615037,06:13:35.037,phemex,ETH/USDT:USDT,3807.59,1.55,3807.58,2.42,3807.94,0.71,3807.95,5.25
1753769615071,06:13:35.071,phemex,ETH/USDT:USDT,3807.62,0.64,3807.6,0.87,3807.93,0.71,3807.95,5.25
1753769615089,06:13:35.089,phemex,ETH/USDT:USDT,3807.63,0.87,3807.62,2.19,3807.92,1.17,3807.94,0.71
1753769615120,06:13:35.120,phemex,ETH/USDT:USDT,3807.68,0.64,3807.63,2.42,3807.91,0.71,3807.92,1.17
1753769615261,06:13:35.261,phemex,ETH/USDT:USDT,3807.86,1.51,3807.62,0.03,3807.95,5.25,3807.98,1.7
1753769615517,06:13:35.517,phemex,ETH/USDT:USDT,3807.93,0.35,3807.86,0.87,3807.95,5.96,3807.98,1.7
1753769615592,06:13:35.592,phemex,ETH/USDT:USDT,3807.93,0.35,3807.86,0.87,3807.95,5.96,3807.98,1.7
1753769615642,06:13:35.642,phemex,ETH/USDT:USDT,3807.93,0.35,3807.86,0.87,3807.95,5.25,3807.98,1.7
1753769615660,06:13:35.660,phemex,ETH/USDT:USDT,3807.93,0.35,3807.86,0.87,3807.95,5.96,3807.98,1.7
1753769616054,06:13:36.054,phemex,ETH/USDT:USDT,3807.71,0.87,3807.7,0.51,3807.83,1.35,3807.94,1.59
1753769616082,06:13:36.082,phemex,ETH/USDT:USDT,3807.72,1.72,3807.71,2.1,3807.83,1.35,3807.94,1.59
1753769616110,06:13:36.110,phemex,ETH/USDT:USDT,3807.72,2.59,3807.71,2.1,3807.83,1.35,3807.94,1.59
1753769616141,06:13:36.141,phemex,ETH/USDT:USDT,3807.73,0.87,3807.72,1.72,3807.94,1.59,3807.95,5.25
1753769616171,06:13:36.171,phemex,ETH/USDT:USDT,3807.73,3.06,3807.72,1.72,3807.94,2.3,3807.95,5.25
1753769616203,06:13:36.203,phemex,ETH/USDT:USDT,3807.74,1.51,3807.73,1.55,3807.93,0.71,3807.94,1.59
1753769616211,06:13:36.211,phemex,ETH/USDT:USDT,3807.75,0.87,3807.74,0.64,3807.93,0.71,3807.94,1.59
1753769616243,06:13:36.243,phemex,ETH/USDT:USDT,3807.75,0.87,3807.74,0.64,3807.93,0.71,3807.94,1.59
1753769616245,06:13:36.245,phemex,ETH/USDT:USDT,3807.77,0.64,3807.75,0.87,3807.93,0.71,3807.94,1.59
1753769616274,06:13:36.274,phemex,ETH/USDT:USDT,3807.78,0.87,3807.77,2.19,3807.93,0.71,3807.94,1.59
1753769616294,06:13:36.294,phemex,ETH/USDT:USDT,3807.81,0.64,3807.78,0.87,3807.93,0.71,3807.94,1.59
1753769616340,06:13:36.340,phemex,ETH/USDT:USDT,3807.81,1.51,3807.73,1.55,3807.93,0.71,3807.94,1.59
1753769616444,06:13:36.444,phemex,ETH/USDT:USDT,3807.84,0.64,3807.82,0.87,3807.93,0.71,3807.94,1.59
1753769616458,06:13:36.458,phemex,ETH/USDT:USDT,3807.85,0.87,3807.84,0.64,3807.94,2.3,3807.95,5.25
1753769616474,06:13:36.474,phemex,ETH/USDT:USDT,3807.86,0.64,3807.85,0.87,3807.94,2.3,3807.95,5.25
1753769616503,06:13:36.503,phemex,ETH/USDT:USDT,3807.86,1.51,3807.73,1.55,3807.93,0.71,3807.94,1.59
1753769616512,06:13:36.512,phemex,ETH/USDT:USDT,3807.92,2.34,3807.86,1.51,3807.93,0.71,3807.94,1.59
1753769616541,06:13:36.541,phemex,ETH/USDT:USDT,3807.86,1.51,3807.7,0.51,3807.93,0.71,3807.94,1.59
1753769616578,06:13:36.578,phemex,ETH/USDT:USDT,3807.86,1.51,3807.7,0.51,3807.93,0.71,3807.94,1.59
1753769616623,06:13:36.623,phemex,ETH/USDT:USDT,3807.92,0.36,3807.86,1.51,3807.93,0.71,3807.94,1.59
1753769616699,06:13:36.699,phemex,ETH/USDT:USDT,3807.92,0.36,3807.86,1.51,3807.93,0.71,3807.94,1.59
1753769616733,06:13:36.733,phemex,ETH/USDT:USDT,3807.92,0.36,3807.86,1.51,3807.93,0.71,3807.94,1.59
1753769616996,06:13:36.996,phemex,ETH/USDT:USDT,3807.92,0.36,3807.86,0.87,3807.94,1.59,3807.95,5.25
1753769617028,06:13:37.028,phemex,ETH/USDT:USDT,3807.92,0.36,3807.86,0.87,3807.93,0.71,3807.94,1.59
1753769617093,06:13:37.093,phemex,ETH/USDT:USDT,3807.92,0.36,3807.86,0.87,3807.93,0.71,3807.94,1.59
1753769617132,06:13:37.132,phemex,ETH/USDT:USDT,3807.92,0.36,3807.86,0.87,3807.93,0.71,3807.94,1.59
1753769617214,06:13:37.214,phemex,ETH/USDT:USDT,3807.92,0.36,3807.86,0.87,3807.93,0.71,3807.94,1.59
1753769617345,06:13:37.345,phemex,ETH/USDT:USDT,3807.92,5.16,3807.7,0.51,3807.93,0.71,3807.94,1.59
1753769617351,06:13:37.351,phemex,ETH/USDT:USDT,3807.92,5.16,3807.86,0.87,3807.93,0.71,3807.94,1.59
1753769617353,06:13:37.353,phemex,ETH/USDT:USDT,3807.92,5.16,3807.86,0.87,3807.93,0.71,3807.94,1.59
1753769617393,06:13:37.393,phemex,ETH/USDT:USDT,3807.92,5.16,3807.86,0.87,3807.93,0.71,3807.94,1.59
1753769617502,06:13:37.502,phemex,ETH/USDT:USDT,3807.92,5.16,3807.86,0.87,3807.93,0.71,3807.94,1.59
1753769617617,06:13:37.617,phemex,ETH/USDT:USDT,3807.92,4.52,3807.86,0.87,3807.93,0.71,3807.94,1.59
1753769617658,06:13:37.658,phemex,ETH/USDT:USDT,3807.92,4.52,3807.86,0.87,3807.94,1.59,3807.95,5.25
1753769617677,06:13:37.677,phemex,ETH/USDT:USDT,3807.93,0.27,3807.92,4.52,3807.94,1.59,3807.95,5.25
1753769617706,06:13:37.706,phemex,ETH/USDT:USDT,3807.93,0.27,3807.86,0.87,3807.94,1.59,3807.95,5.25
1753769617746,06:13:37.746,phemex,ETH/USDT:USDT,3807.93,0.63,3807.86,0.87,3807.94,2.3,3807.95,5.25
1753769617779,06:13:37.779,phemex,ETH/USDT:USDT,3807.93,0.63,3807.86,0.87,3807.94,2.3,3807.95,5.25
1753769617838,06:13:37.838,phemex,ETH/USDT:USDT,3807.93,0.63,3807.86,0.87,3807.94,0.71,3807.95,5.25
1753769617855,06:13:37.855,phemex,ETH/USDT:USDT,3807.93,0.63,3807.86,0.87,3807.94,0.71,3807.95,5.25
1753769617876,06:13:37.876,phemex,ETH/USDT:USDT,3807.93,0.63,3807.86,0.87,3807.94,0.71,3807.95,5.25
1753769617896,06:13:37.896,phemex,ETH/USDT:USDT,3807.93,0.63,3807.86,0.87,3807.94,0.71,3807.95,5.25
1753769617925,06:13:37.925,phemex,ETH/USDT:USDT,3807.93,0.63,3807.86,0.87,3807.94,0.71,3807.95,5.25
1753769617966,06:13:37.966,phemex,ETH/USDT:USDT,3807.93,0.63,3807.86,0.87,3807.94,0.71,3807.95,5.25
1753769617987,06:13:37.987,phemex,ETH/USDT:USDT,3807.93,0.36,3807.86,0.87,3807.94,0.71,3807.95,5.25
1753769618417,06:13:38.417,phemex,ETH/USDT:USDT,3807.76,1.77,3807.75,0.87,3807.82,0.71,3807.83,0.64
1753769618460,06:13:38.460,phemex,ETH/USDT:USDT,3807.76,1.77,3807.75,0.87,3807.83,1.35,3807.93,0.47
1753769618474,06:13:38.474,phemex,ETH/USDT:USDT,3807.76,1.77,3807.75,0.87,3807.82,0.71,3807.83,0.64
1753769618550,06:13:38.550,phemex,ETH/USDT:USDT,3807.76,1.77,3807.7,0.51,3807.93,0.47,3807.95,5.25
1753769618604,06:13:38.604,phemex,ETH/USDT:USDT,3807.77,1.14,3807.76,1.77,3807.9,0.64,3807.92,0.71
1753769618629,06:13:38.629,phemex,ETH/USDT:USDT,3807.78,0.87,3807.77,3.82,3807.89,0.71,3807.9,0.64
1753769618653,06:13:38.653,phemex,ETH/USDT:USDT,3807.78,0.87,3807.77,3.82,3807.9,0.64,3807.93,0.47
1753769618677,06:13:38.677,phemex,ETH/USDT:USDT,3807.78,0.87,3807.77,3.82,3807.9,0.71,3807.93,0.47
1753769618703,06:13:38.703,phemex,ETH/USDT:USDT,3807.78,0.87,3807.77,3.82,3807.9,0.71,3807.93,0.47
1753769618737,06:13:38.737,phemex,ETH/USDT:USDT,3807.78,0.87,3807.77,3.82,3807.93,0.47,3807.95,5.25
1753769618797,06:13:38.797,phemex,ETH/USDT:USDT,3807.78,0.87,3807.77,3.82,3807.92,0.71,3807.93,0.47
1753769618852,06:13:38.852,phemex,ETH/USDT:USDT,3807.79,0.62,3807.78,0.87,3807.93,0.47,3807.95,5.25
1753769618888,06:13:38.888,phemex,ETH/USDT:USDT,3807.79,0.62,3807.77,0.58,3807.92,0.71,3807.93,0.47
1753769618925,06:13:38.925,phemex,ETH/USDT:USDT,3807.8,1.14,3807.79,0.87,3807.92,0.71,3807.93,0.47
1753769618945,06:13:38.945,phemex,ETH/USDT:USDT,3807.91,0.36,3807.81,0.87,3807.92,0.71,3807.93,0.47
1753769618992,06:13:38.992,phemex,ETH/USDT:USDT,3807.91,0.36,3807.81,0.87,3807.93,0.47,3807.95,5.96
1753769619041,06:13:39.041,phemex,ETH/USDT:USDT,3807.91,0.36,3807.81,0.87,3807.93,0.47,3807.95,5.96
1753769619070,06:13:39.070,phemex,ETH/USDT:USDT,3807.91,0.36,3807.81,0.87,3807.92,0.71,3807.93,1.18
1753769619094,06:13:39.094,phemex,ETH/USDT:USDT,3807.91,0.36,3807.81,0.87,3807.93,0.47,3807.95,5.25
1753769619138,06:13:39.138,phemex,ETH/USDT:USDT,3807.91,0.36,3807.81,0.87,3807.93,0.71,3807.95,5.25
1753769619187,06:13:39.187,phemex,ETH/USDT:USDT,3807.91,0.36,3807.82,1.55,3807.93,0.71,3807.95,5.25
1753769619222,06:13:39.222,phemex,ETH/USDT:USDT,3807.91,1.23,3807.82,1.55,3807.93,0.71,3807.95,5.25
1753769619249,06:13:39.249,phemex,ETH/USDT:USDT,3807.92,0.87,3807.91,0.36,3807.93,0.71,3807.95,5.25
1753769619260,06:13:39.260,phemex,ETH/USDT:USDT,3807.92,1.51,3807.8,1.55,3807.93,0.71,3807.95,5.25
1753769619328,06:13:39.328,phemex,ETH/USDT:USDT,3807.92,1.87,3807.8,1.55,3807.93,0.71,3807.95,5.25
1753769619344,06:13:39.344,phemex,ETH/USDT:USDT,3807.92,1.23,3807.8,1.55,3807.95,5.25,3807.98,5.48
1753769619371,06:13:39.371,phemex,ETH/USDT:USDT,3807.92,1.23,3807.8,1.55,3807.93,0.71,3807.95,5.25
1753769619403,06:13:39.403,phemex,ETH/USDT:USDT,3807.92,1.23,3807.8,1.55,3807.95,5.25,3807.98,5.48
1753769619445,06:13:39.445,phemex,ETH/USDT:USDT,3807.92,1.23,3807.8,1.55,3807.93,0.71,3807.95,5.25
1753769619531,06:13:39.531,phemex,ETH/USDT:USDT,3807.92,1.23,3807.8,1.55,3807.94,0.7,3807.95,5.95
1753769619570,06:13:39.570,phemex,ETH/USDT:USDT,3807.92,1.23,3807.8,1.55,3807.93,0.7,3807.95,5.25
1753769619595,06:13:39.595,phemex,ETH/USDT:USDT,3807.92,1.23,3807.8,1.55,3807.93,0.7,3807.95,5.25
1753769619882,06:13:39.882,phemex,ETH/USDT:USDT,3807.92,1.23,3807.8,1.55,3807.94,0.7,3807.95,5.25
1753769619912,06:13:39.912,phemex,ETH/USDT:USDT,3807.92,1.23,3807.8,1.55,3807.95,5.25,3807.98,5.48
1753769620055,06:13:40.055,phemex,ETH/USDT:USDT,3807.92,1.23,3807.8,1.55,3807.94,0.7,3807.95,5.25
1753769620071,06:13:40.071,phemex,ETH/USDT:USDT,3807.93,0.64,3807.92,1.87,3807.95,5.25,3807.98,5.48
1753769620092,06:13:40.092,phemex,ETH/USDT:USDT,3807.93,3.07,3807.8,1.55,3807.95,5.25,3807.97,0.7
1753769620108,06:13:40.108,phemex,ETH/USDT:USDT,3807.94,1.52,3807.93,1.55,3807.95,5.25,3807.97,0.7
1753769620147,06:13:40.147,phemex,ETH/USDT:USDT,3807.94,0.88,3807.8,1.55,3807.95,8.05,3807.98,5.48
1753769620170,06:13:40.170,phemex,ETH/USDT:USDT,3807.81,0.88,3807.8,1.55,3807.94,0.7,3807.95,7.35
1753769620183,06:13:40.183,phemex,ETH/USDT:USDT,3807.82,0.64,3807.81,0.88,3807.94,0.7,3807.95,7.35
1753769620202,06:13:40.202,phemex,ETH/USDT:USDT,3807.83,0.88,3807.82,2.19,3807.94,0.7,3807.95,7.35
1753769620242,06:13:40.242,phemex,ETH/USDT:USDT,3807.83,2.43,3807.82,1.55,3807.94,0.7,3807.95,7.35
1753769620263,06:13:40.263,phemex,ETH/USDT:USDT,3807.84,1.52,3807.83,1.55,3807.94,0.7,3807.95,7.35
1753769620584,06:13:40.584,phemex,ETH/USDT:USDT,3807.82,1.52,3807.79,1.55,3807.94,0.7,3807.95,7.35
1753769620631,06:13:40.631,phemex,ETH/USDT:USDT,3807.83,1.52,3807.79,1.55,3807.94,0.7,3807.95,7.35
1753769620678,06:13:40.678,phemex,ETH/USDT:USDT,3807.85,0.64,3807.84,2.43,3807.95,8.05,3807.98,5.48
1753769620717,06:13:40.717,phemex,ETH/USDT:USDT,3807.86,0.88,3807.85,0.64,3807.95,7.35,3807.98,5.48
1753769620778,06:13:40.778,phemex,ETH/USDT:USDT,3807.87,0.64,3807.86,0.88,3807.94,0.7,3807.95,7.35
1753769620815,06:13:40.815,phemex,ETH/USDT:USDT,3807.87,1.52,3807.79,1.55,3807.94,0.7,3807.95,7.35
1753769620855,06:13:40.855,phemex,ETH/USDT:USDT,3807.9,0.64,3807.87,0.88,3807.95,8.05,3807.98,5.48
1753769620870,06:13:40.870,phemex,ETH/USDT:USDT,3807.9,0.64,3807.88,0.88,3807.95,8.05,3807.98,5.48
1753769620928,06:13:40.928,phemex,ETH/USDT:USDT,3807.9,1.52,3807.79,1.55,3807.95,8.05,3807.98,5.48
1753769620946,06:13:40.946,phemex,ETH/USDT:USDT,3807.94,0.64,3807.9,0.88,3807.95,8.05,3807.98,5.48
1753769621389,06:13:41.389,phemex,ETH/USDT:USDT,3807.94,1.0,3807.9,0.88,3807.95,8.05,3807.98,5.48
1753769621698,06:13:41.698,phemex,ETH/USDT:USDT,3807.94,0.36,3807.9,0.88,3807.95,8.05,3807.98,5.48
1753769621743,06:13:41.743,phemex,ETH/USDT:USDT,3807.94,0.36,3807.9,0.88,3807.95,8.05,3807.98,5.48
1753769621745,06:13:41.745,phemex,ETH/USDT:USDT,3807.94,0.36,3807.9,0.88,3807.95,8.05,3807.98,5.48
1753769621957,06:13:41.957,phemex,ETH/USDT:USDT,3807.94,0.36,3807.9,0.88,3807.95,8.05,3807.98,5.48
1753769622346,06:13:42.346,phemex,ETH/USDT:USDT,3807.94,0.36,3807.9,0.88,3807.95,8.05,3807.98,5.48
1753769622500,06:13:42.500,phemex,ETH/USDT:USDT,3807.94,0.36,3807.9,0.88,3807.95,15.93,3807.98,5.48
1753769622510,06:13:42.510,phemex,ETH/USDT:USDT,3807.9,0.88,3807.76,1.41,3807.95,15.93,3807.98,5.48
1753769622533,06:13:42.533,phemex,ETH/USDT:USDT,3807.9,0.88,3807.76,1.41,3807.91,2.04,3807.92,0.64
1753769622555,06:13:42.555,phemex,ETH/USDT:USDT,3807.9,0.88,3807.76,1.41,3807.91,2.04,3807.92,0.64
1753769622584,06:13:42.584,phemex,ETH/USDT:USDT,3807.9,0.88,3807.76,1.41,3807.91,2.28,3807.95,15.23
1753769622665,06:13:42.665,phemex,ETH/USDT:USDT,3807.9,0.88,3807.76,1.41,3807.91,2.28,3807.95,15.23
1753769622682,06:13:42.682,phemex,ETH/USDT:USDT,3807.9,0.88,3807.76,1.41,3807.91,2.28,3807.95,15.23
1753769622867,06:13:42.867,phemex,ETH/USDT:USDT,3807.9,0.88,3807.76,1.41,3807.91,1.64,3807.95,15.23
1753769622993,06:13:42.993,phemex,ETH/USDT:USDT,3807.76,2.29,3807.7,0.51,3807.9,0.7,3807.91,1.64
1753769623015,06:13:43.015,phemex,ETH/USDT:USDT,3807.77,0.88,3807.76,1.41,3807.9,0.7,3807.95,7.35
1753769623068,06:13:43.068,phemex,ETH/USDT:USDT,3807.78,5.08,3807.77,0.88,3807.94,0.7,3807.95,7.35
1753769623081,06:13:43.081,phemex,ETH/USDT:USDT,3807.79,0.64,3807.78,4.44,3807.94,0.7,3807.95,7.35
1753769623102,06:13:43.102,phemex,ETH/USDT:USDT,3807.8,0.88,3807.79,0.64,3807.94,0.7,3807.95,7.35
1753769623122,06:13:43.122,phemex,ETH/USDT:USDT,3807.82,0.64,3807.8,1.52,3807.94,0.7,3807.95,7.35
1753769623134,06:13:43.134,phemex,ETH/USDT:USDT,3807.93,1.17,3807.83,0.88,3807.94,0.7,3807.95,7.35
1753769623161,06:13:43.161,phemex,ETH/USDT:USDT,3807.93,2.34,3807.83,0.88,3807.94,0.7,3807.95,7.35
1753769623219,06:13:43.219,phemex,ETH/USDT:USDT,3807.93,2.34,3807.83,0.88,3807.94,0.7,3807.95,7.35
1753769623254,06:13:43.254,phemex,ETH/USDT:USDT,3807.93,2.34,3807.83,0.88,3807.95,7.35,3807.98,5.48
1753769623308,06:13:43.308,phemex,ETH/USDT:USDT,3807.93,2.98,3807.83,0.88,3807.94,0.7,3807.95,7.35
1753769623309,06:13:43.309,phemex,ETH/USDT:USDT,3807.93,2.34,3807.83,0.88,3807.94,0.7,3807.95,7.35
1753769623341,06:13:43.341,phemex,ETH/USDT:USDT,3807.93,2.34,3807.83,0.88,3807.94,0.7,3807.95,7.35
1753769623497,06:13:43.497,phemex,ETH/USDT:USDT,3807.83,0.88,3807.76,1.41,3807.94,0.7,3807.95,7.35
1753769623525,06:13:43.525,phemex,ETH/USDT:USDT,3807.86,0.64,3807.77,0.88,3807.94,0.7,3807.95,7.35
1753769623537,06:13:43.537,phemex,ETH/USDT:USDT,3807.86,0.64,3807.77,0.88,3807.94,0.69,3807.95,7.35
1753769623574,06:13:43.574,phemex,ETH/USDT:USDT,3807.86,0.64,3807.77,0.88,3807.94,0.69,3807.95,7.35
1753769623679,06:13:43.679,phemex,ETH/USDT:USDT,3807.86,0.64,3807.77,0.88,3807.94,0.69,3807.95,7.35
1753769623710,06:13:43.710,phemex,ETH/USDT:USDT,3807.86,0.64,3807.77,0.88,3807.95,7.35,3807.98,5.48
1753769623715,06:13:43.715,phemex,ETH/USDT:USDT,3807.86,0.64,3807.77,0.88,3807.87,0.69,3807.95,7.35
1753769623737,06:13:43.737,phemex,ETH/USDT:USDT,3807.86,0.36,3807.77,0.88,3807.87,0.69,3807.95,7.35
1753769623810,06:13:43.810,phemex,ETH/USDT:USDT,3807.86,0.36,3807.82,1.55,3807.87,0.69,3807.95,7.35
1753769623817,06:13:43.817,phemex,ETH/USDT:USDT,3807.86,0.36,3807.82,1.55,3807.94,0.69,3807.95,7.35
1753769623868,06:13:43.868,phemex,ETH/USDT:USDT,3807.86,0.36,3807.82,1.55,3807.94,0.69,3807.95,7.35
1753769623935,06:13:43.935,phemex,ETH/USDT:USDT,3807.86,0.36,3807.82,1.55,3807.94,0.69,3807.95,7.35
1753769623964,06:13:43.964,phemex,ETH/USDT:USDT,3807.86,0.36,3807.8,1.55,3807.94,0.69,3807.95,7.35
1753769624012,06:13:44.012,phemex,ETH/USDT:USDT,3807.87,0.89,3807.86,0.36,3807.94,0.69,3807.95,7.35
1753769624065,06:13:44.065,phemex,ETH/USDT:USDT,3807.87,0.89,3807.8,1.55,3807.93,1.17,3807.95,7.35
1753769624077,06:13:44.077,phemex,ETH/USDT:USDT,3807.87,0.89,3807.8,1.55,3807.92,0.69,3807.93,1.17
1753769624137,06:13:44.137,phemex,ETH/USDT:USDT,3807.87,0.89,3807.8,1.55,3807.92,0.69,3807.95,7.35
1753769624178,06:13:44.178,phemex,ETH/USDT:USDT,3807.87,0.89,3807.8,2.44,3807.95,7.35,3807.98,5.48
1753769624202,06:13:44.202,phemex,ETH/USDT:USDT,3807.81,0.89,3807.8,1.55,3807.94,0.69,3807.95,7.35
1753769624268,06:13:44.268,phemex,ETH/USDT:USDT,3807.82,0.64,3807.81,1.53,3807.94,0.69,3807.95,7.35
1753769624279,06:13:44.279,phemex,ETH/USDT:USDT,3807.83,0.89,3807.82,0.64,3807.94,0.69,3807.95,7.35
1753769624303,06:13:44.303,phemex,ETH/USDT:USDT,3807.85,0.64,3807.83,0.89,3807.95,8.04,3807.98,5.48
1753769624326,06:13:44.326,phemex,ETH/USDT:USDT,3807.86,0.89,3807.85,0.64,3807.95,7.35,3807.98,5.48
1753769624346,06:13:44.346,phemex,ETH/USDT:USDT,3807.87,0.64,3807.8,1.55,3807.95,8.04,3807.98,5.48
1753769624371,06:13:44.371,phemex,ETH/USDT:USDT,3807.88,0.89,3807.87,0.64,3807.95,8.04,3807.98,5.48
1753769624382,06:13:44.382,phemex,ETH/USDT:USDT,3807.87,1.53,3807.8,1.55,3807.95,8.04,3807.98,5.48
1753769624409,06:13:44.409,phemex,ETH/USDT:USDT,3807.88,0.64,3807.87,0.89,3807.95,7.35,3807.98,5.48
1753769624416,06:13:44.416,phemex,ETH/USDT:USDT,3807.88,0.64,3807.87,0.89,3807.94,0.69,3807.95,7.35
1753769624449,06:13:44.449,phemex,ETH/USDT:USDT,3807.89,0.89,3807.88,0.64,3807.94,0.69,3807.95,7.35
1753769624491,06:13:44.491,phemex,ETH/USDT:USDT,3807.88,1.53,3807.8,1.55,3807.95,8.04,3807.98,5.48
1753769624501,06:13:44.501,phemex,ETH/USDT:USDT,3807.88,1.53,3807.8,1.55,3807.95,8.04,3807.98,5.48
1753769624540,06:13:44.540,phemex,ETH/USDT:USDT,3807.89,1.53,3807.8,1.55,3807.95,8.04,3807.98,5.48
1753769624565,06:13:44.565,phemex,ETH/USDT:USDT,3807.9,0.64,3807.8,1.55,3807.95,8.04,3807.98,5.48
1753769624578,06:13:44.578,phemex,ETH/USDT:USDT,3807.9,0.64,3807.87,0.89,3807.95,8.04,3807.98,5.48
1753769624647,06:13:44.647,phemex,ETH/USDT:USDT,3807.9,0.64,3807.8,1.55,3807.95,8.04,3807.98,5.48
1753769624672,06:13:44.672,phemex,ETH/USDT:USDT,3807.94,0.36,3807.91,0.89,3807.95,8.04,3807.98,5.48
1753769624682,06:13:44.682,phemex,ETH/USDT:USDT,3807.94,1.0,3807.91,0.89,3807.95,8.04,3807.98,5.48
1753769624746,06:13:44.746,phemex,ETH/USDT:USDT,3807.94,1.0,3807.91,0.89,3807.95,8.04,3807.98,5.48
1753769624749,06:13:44.749,phemex,ETH/USDT:USDT,3807.94,1.0,3807.91,0.89,3807.95,8.04,3807.98,5.48
1753769624858,06:13:44.858,phemex,ETH/USDT:USDT,3807.94,1.51,3807.91,0.89,3807.95,8.04,3807.98,5.48
1753769624925,06:13:44.925,phemex,ETH/USDT:USDT,3807.94,1.51,3807.91,0.89,3807.95,8.04,3807.98,5.48
1753769624936,06:13:44.936,phemex,ETH/USDT:USDT,3807.94,1.51,3807.91,0.89,3807.95,8.04,3807.98,5.48
1753769624954,06:13:44.954,phemex,ETH/USDT:USDT,3807.94,1.51,3807.91,0.89,3807.95,8.04,3807.98,5.48
1753769625380,06:13:45.380,phemex,ETH/USDT:USDT,3807.94,0.87,3807.91,0.89,3807.95,8.04,3807.98,5.48
1753769625493,06:13:45.493,phemex,ETH/USDT:USDT,3807.94,1.51,3807.91,0.89,3807.95,8.04,3807.98,5.48
1753769625613,06:13:45.613,phemex,ETH/USDT:USDT,3807.94,1.51,3807.91,0.89,3807.95,8.04,3807.98,5.48
1753769625914,06:13:45.914,phemex,ETH/USDT:USDT,3807.94,1.51,3807.91,0.89,3807.95,8.04,3807.98,5.48
1753769626057,06:13:46.057,phemex,ETH/USDT:USDT,3807.94,1.51,3807.91,0.89,3807.95,8.04,3807.98,5.48
1753769626903,06:13:46.903,phemex,ETH/USDT:USDT,3807.94,1.51,3807.91,0.89,3807.95,8.04,3807.98,5.48
1753769628105,06:13:48.105,phemex,ETH/USDT:USDT,3807.94,1.51,3807.91,0.89,3807.95,8.04,3807.98,5.48
1753769628550,06:13:48.550,phemex,ETH/USDT:USDT,3807.94,1.51,3807.91,0.89,3807.95,8.03,3807.98,5.48
1753769629604,06:13:49.604,phemex,ETH/USDT:USDT,3807.94,0.87,3807.91,0.89,3807.95,8.03,3807.98,5.48
1753769630035,06:13:50.035,phemex,ETH/USDT:USDT,3807.91,0.89,3807.77,1.55,3807.95,8.03,3807.98,5.48
1753769630066,06:13:50.066,phemex,ETH/USDT:USDT,3807.78,0.89,3807.77,1.55,3807.94,0.69,3807.95,7.34
1753769630077,06:13:50.077,phemex,ETH/USDT:USDT,3807.78,2.44,3807.77,1.55,3807.94,0.69,3807.95,7.34
1753769630121,06:13:50.121,phemex,ETH/USDT:USDT,3807.78,1.55,3807.77,1.55,3807.94,0.69,3807.95,7.34
1753769630152,06:13:50.152,phemex,ETH/USDT:USDT,3807.78,1.55,3807.77,2.44,3807.79,1.73,3807.94,0.69
1753769630178,06:13:50.178,phemex,ETH/USDT:USDT,3807.78,1.91,3807.77,2.44,3807.79,1.73,3807.94,0.69
1753769630206,06:13:50.206,phemex,ETH/USDT:USDT,3807.78,2.8,3807.77,1.55,3807.79,1.73,3807.94,0.69
1753769630305,06:13:50.305,phemex,ETH/USDT:USDT,3807.78,3.82,3807.77,1.55,3807.79,1.73,3807.94,0.69
1753769630324,06:13:50.324,phemex,ETH/USDT:USDT,3807.78,7.88,3807.77,1.55,3807.79,1.73,3807.94,0.69
1753769630711,06:13:50.711,phemex,ETH/USDT:USDT,3807.78,7.24,3807.77,1.55,3807.79,1.73,3807.94,0.69
1753769631085,06:13:51.085,phemex,ETH/USDT:USDT,3807.78,7.88,3807.77,1.55,3807.79,1.73,3807.94,0.69
1753769631848,06:13:51.848,phemex,ETH/USDT:USDT,3807.78,5.69,3807.77,1.55,3807.79,1.73,3807.94,0.69
1753769632012,06:13:52.012,phemex,ETH/USDT:USDT,3807.78,6.33,3807.77,1.55,3807.79,1.73,3807.94,0.69
1753769632181,06:13:52.181,phemex,ETH/USDT:USDT,3807.78,5.69,3807.77,1.55,3807.79,1.73,3807.94,0.69
1753769632515,06:13:52.515,phemex,ETH/USDT:USDT,3807.78,5.69,3807.77,1.55,3807.79,1.73,3807.94,0.69
1753769632534,06:13:52.534,phemex,ETH/USDT:USDT,3807.78,5.69,3807.76,1.41,3807.79,1.73,3807.94,0.69
1753769632550,06:13:52.550,phemex,ETH/USDT:USDT,3807.78,5.69,3807.76,1.41,3807.79,1.73,3807.94,0.69
1753769632571,06:13:52.571,phemex,ETH/USDT:USDT,3807.78,5.69,3807.76,1.41,3807.79,1.72,3807.94,0.69
1753769633055,06:13:53.055,phemex,ETH/USDT:USDT,3807.78,5.61,3807.76,1.41,3807.79,1.72,3807.94,0.69
1753769633162,06:13:53.162,phemex,ETH/USDT:USDT,3807.78,3.51,3807.76,1.41,3807.79,1.72,3807.94,0.69
1753769633272,06:13:53.272,phemex,ETH/USDT:USDT,3807.78,3.51,3807.76,1.41,3807.79,1.72,3807.94,0.69
1753769633372,06:13:53.372,phemex,ETH/USDT:USDT,3807.78,3.51,3807.76,1.41,3807.79,1.72,3807.94,0.69
1753769633379,06:13:53.379,phemex,ETH/USDT:USDT,3807.78,3.51,3807.76,1.41,3807.79,2.41,3807.95,5.24
1753769633428,06:13:53.428,phemex,ETH/USDT:USDT,3807.78,5.69,3807.76,1.41,3807.79,2.41,3807.95,5.24
1753769633495,06:13:53.495,phemex,ETH/USDT:USDT,3807.78,5.69,3807.76,1.41,3807.79,2.41,3807.98,5.48
1753769633509,06:13:53.509,phemex,ETH/USDT:USDT,3807.78,5.69,3807.76,1.41,3807.79,2.41,3807.98,5.48
1753769634240,06:13:54.240,phemex,ETH/USDT:USDT,3807.78,5.69,3807.76,1.41,3807.79,2.41,3807.98,5.48
1753769634393,06:13:54.393,phemex,ETH/USDT:USDT,3807.78,6.33,3807.76,1.41,3807.79,2.41,3807.98,5.48
1753769634813,06:13:54.813,phemex,ETH/USDT:USDT,3807.78,9.11,3807.76,1.41,3807.79,2.41,3807.98,5.48
1753769634962,06:13:54.962,phemex,ETH/USDT:USDT,3807.78,9.09,3807.76,1.41,3807.79,2.41,3807.98,5.48
1753769635056,06:13:55.056,phemex,ETH/USDT:USDT,3807.78,9.09,3807.76,1.41,3807.79,2.41,3807.98,5.48
1753769635249,06:13:55.249,phemex,ETH/USDT:USDT,3807.78,16.97,3807.76,1.41,3807.79,2.41,3807.98,5.48
