timestamp,time,exchange,symbol,bid1_price,bid1_volume,bid2_price,bid2_volume,ask1_price,ask1_volume,ask2_price,ask2_volume
1753769544244,06:12:24.244,htx,BTC/USDT:USDT,118799.9,12817.0,118799.8,1119.0,118800.0,17275.0,118807.0,46.0
1753769544339,06:12:24.339,htx,BTC/USDT:USDT,118799.9,12790.0,118799.8,1119.0,118800.0,17275.0,118807.0,46.0
1753769544423,06:12:24.423,htx,BTC/USDT:USDT,118799.9,12790.0,118799.8,1119.0,118800.0,17275.0,118807.0,46.0
1753769544462,06:12:24.462,htx,BTC/USDT:USDT,118799.9,12817.0,118799.8,1119.0,118800.0,17275.0,118807.0,46.0
1753769544510,06:12:24.510,htx,BTC/USDT:USDT,118799.9,12817.0,118799.8,1119.0,118800.0,17275.0,118800.2,1.0
1753769544555,06:12:24.555,htx,BTC/USDT:USDT,118799.9,12817.0,118799.8,1119.0,118800.0,17275.0,118800.2,1.0
1753769544587,06:12:24.587,htx,BTC/USDT:USDT,118799.9,12817.0,118799.8,1119.0,118800.0,17275.0,118800.2,1.0
1753769544619,06:12:24.619,htx,BTC/USDT:USDT,118799.9,12817.0,118799.8,1119.0,118800.0,17275.0,118806.8,46.0
1753769544635,06:12:24.635,htx,BTC/USDT:USDT,118799.9,12817.0,118799.8,1119.0,118800.0,17275.0,118806.7,35.0
1753769544726,06:12:24.726,htx,BTC/USDT:USDT,118799.9,12817.0,118799.8,1119.0,118800.0,17275.0,118806.6,46.0
1753769544765,06:12:24.765,htx,BTC/USDT:USDT,118799.9,12817.0,118799.8,1119.0,118800.0,17275.0,118806.5,35.0
1753769544890,06:12:24.890,htx,BTC/USDT:USDT,118799.9,12807.0,118799.8,1119.0,118800.0,17275.0,118806.5,35.0
1753769544908,06:12:24.908,htx,BTC/USDT:USDT,118799.9,12777.0,118799.8,1119.0,118800.0,17275.0,118800.2,1.0
1753769544932,06:12:24.932,htx,BTC/USDT:USDT,118799.9,12767.0,118799.8,1119.0,118800.0,17275.0,118800.2,1.0
1753769545165,06:12:25.165,htx,BTC/USDT:USDT,118799.9,12767.0,118799.8,1119.0,118800.0,17275.0,118800.2,1.0
1753769545245,06:12:25.245,htx,BTC/USDT:USDT,118799.9,12767.0,118799.8,1119.0,118800.0,17275.0,118800.2,1.0
1753769545324,06:12:25.324,htx,BTC/USDT:USDT,118799.9,12767.0,118799.8,1119.0,118800.0,17275.0,118800.2,1.0
1753769545394,06:12:25.394,htx,BTC/USDT:USDT,118799.9,12767.0,118799.8,1119.0,118800.0,17275.0,118800.2,1.0
1753769545416,06:12:25.416,htx,BTC/USDT:USDT,118799.9,12767.0,118799.8,1119.0,118800.0,17275.0,118800.2,1.0
1753769545458,06:12:25.458,htx,BTC/USDT:USDT,118799.9,12767.0,118799.8,1119.0,118800.0,17275.0,118806.2,46.0
1753769545485,06:12:25.485,htx,BTC/USDT:USDT,118799.9,12767.0,118799.8,1119.0,118800.0,17275.0,118806.1,35.0
1753769545626,06:12:25.626,htx,BTC/USDT:USDT,118799.9,12699.0,118799.8,1119.0,118800.0,17275.0,118806.1,35.0
1753769545748,06:12:25.748,htx,BTC/USDT:USDT,118799.9,12767.0,118799.8,1119.0,118800.0,17275.0,118806.1,35.0
1753769545830,06:12:25.830,htx,BTC/USDT:USDT,118799.9,12767.0,118799.8,1119.0,118800.0,17275.0,118806.1,35.0
1753769545837,06:12:25.837,htx,BTC/USDT:USDT,118799.9,12767.0,118799.8,1119.0,118800.0,17275.0,118806.1,35.0
1753769545873,06:12:25.873,htx,BTC/USDT:USDT,118799.9,12767.0,118799.8,1119.0,118800.0,17275.0,118806.0,46.0
1753769545899,06:12:25.899,htx,BTC/USDT:USDT,118799.9,12767.0,118799.8,1119.0,118800.0,17275.0,118806.0,46.0
1753769546454,06:12:26.454,htx,BTC/USDT:USDT,118799.9,12740.0,118799.8,1119.0,118800.0,17461.0,118800.2,1.0
1753769546586,06:12:26.586,htx,BTC/USDT:USDT,118799.9,12751.0,118799.8,1119.0,118800.0,17500.0,118800.1,46.0
1753769546656,06:12:26.656,htx,BTC/USDT:USDT,118799.9,12751.0,118799.8,1119.0,118800.0,17500.0,118800.1,46.0
1753769546674,06:12:26.674,htx,BTC/USDT:USDT,118799.9,12751.0,118799.8,1119.0,118800.0,17500.0,118800.1,46.0
1753769547198,06:12:27.198,htx,BTC/USDT:USDT,118799.9,12751.0,118799.8,1119.0,118800.0,17500.0,118800.1,46.0
1753769547309,06:12:27.309,htx,BTC/USDT:USDT,118799.9,12751.0,118799.8,1119.0,118800.0,17500.0,118800.1,46.0
1753769547395,06:12:27.395,htx,BTC/USDT:USDT,118799.9,12751.0,118799.8,1119.0,118800.0,17500.0,118800.1,46.0
1753769547471,06:12:27.471,htx,BTC/USDT:USDT,118799.9,12751.0,118799.8,1119.0,118800.0,17465.0,118800.1,46.0
1753769547489,06:12:27.489,htx,BTC/USDT:USDT,118799.9,12751.0,118799.8,1119.0,118800.0,17465.0,118800.1,46.0
1753769547535,06:12:27.535,htx,BTC/USDT:USDT,118799.9,12751.0,118799.8,1119.0,118800.0,17465.0,118800.1,46.0
1753769547559,06:12:27.559,htx,BTC/USDT:USDT,118799.9,12751.0,118799.8,1119.0,118800.0,17461.0,118800.1,46.0
1753769547589,06:12:27.589,htx,BTC/USDT:USDT,118799.9,12751.0,118799.8,1119.0,118800.0,17461.0,118800.1,46.0
1753769547608,06:12:27.608,htx,BTC/USDT:USDT,118799.9,12683.0,118799.8,1119.0,118800.0,17461.0,118800.1,46.0
1753769547661,06:12:27.661,htx,BTC/USDT:USDT,118799.9,12683.0,118799.8,1119.0,118800.0,17461.0,118800.1,46.0
1753769547731,06:12:27.731,htx,BTC/USDT:USDT,118799.9,12751.0,118799.8,1119.0,118800.0,17461.0,118800.1,46.0
1753769547762,06:12:27.762,htx,BTC/USDT:USDT,118799.9,12751.0,118799.8,1119.0,118800.0,17461.0,118800.1,46.0
1753769547905,06:12:27.905,htx,BTC/USDT:USDT,118799.9,12751.0,118799.8,1119.0,118800.0,17461.0,118800.1,46.0
1753769548332,06:12:28.332,htx,BTC/USDT:USDT,118799.9,12748.0,118799.8,1119.0,118800.0,17465.0,118800.1,46.0
1753769548417,06:12:28.417,htx,BTC/USDT:USDT,118799.9,12748.0,118799.8,1119.0,118800.0,17461.0,118800.1,46.0
1753769548454,06:12:28.454,htx,BTC/USDT:USDT,118799.9,12748.0,118799.8,1119.0,118800.0,17461.0,118800.1,46.0
1753769548505,06:12:28.505,htx,BTC/USDT:USDT,118799.9,12748.0,118799.8,1119.0,118800.0,17461.0,118800.1,46.0
1753769548547,06:12:28.547,htx,BTC/USDT:USDT,118799.9,12748.0,118799.8,1119.0,118800.0,17461.0,118800.1,46.0
1753769548609,06:12:28.609,htx,BTC/USDT:USDT,118799.9,12748.0,118799.8,1119.0,118800.0,17461.0,118800.1,46.0
1753769548828,06:12:28.828,htx,BTC/USDT:USDT,118799.9,12748.0,118799.8,1119.0,118800.0,17461.0,118800.1,46.0
1753769549079,06:12:29.079,htx,BTC/USDT:USDT,118799.9,12748.0,118799.8,1119.0,118800.0,17461.0,118800.1,46.0
1753769549125,06:12:29.125,htx,BTC/USDT:USDT,118799.9,12748.0,118799.8,1119.0,118800.0,17807.0,118800.1,46.0
1753769549138,06:12:29.138,htx,BTC/USDT:USDT,118799.9,12751.0,118799.8,1119.0,118800.0,17842.0,118800.1,46.0
1753769549195,06:12:29.195,htx,BTC/USDT:USDT,118799.9,12264.0,118799.8,1119.0,118800.0,17937.0,118800.1,81.0
1753769549276,06:12:29.276,htx,BTC/USDT:USDT,118799.9,11064.0,118799.8,1119.0,118800.0,17925.0,118800.1,81.0
1753769549691,06:12:29.691,htx,BTC/USDT:USDT,118799.9,8874.0,118799.8,1119.0,118800.0,18577.0,118800.1,81.0
1753769550003,06:12:30.003,htx,BTC/USDT:USDT,118799.9,8942.0,118799.8,1119.0,118800.0,18578.0,118800.1,81.0
1753769550045,06:12:30.045,htx,BTC/USDT:USDT,118799.9,8942.0,118799.8,1119.0,118800.0,18578.0,118800.1,81.0
1753769550163,06:12:30.163,htx,BTC/USDT:USDT,118799.9,8915.0,118799.8,1119.0,118800.0,18578.0,118800.1,81.0
1753769550185,06:12:30.185,htx,BTC/USDT:USDT,118799.9,9885.0,118799.8,1119.0,118800.0,18578.0,118800.1,81.0
1753769550282,06:12:30.282,htx,BTC/USDT:USDT,118799.9,9927.0,118799.8,1119.0,118800.0,18578.0,118800.1,81.0
1753769550336,06:12:30.336,htx,BTC/USDT:USDT,118799.9,8957.0,118799.8,1119.0,118800.0,18578.0,118800.1,81.0
1753769550371,06:12:30.371,htx,BTC/USDT:USDT,118799.9,8957.0,118799.8,1119.0,118800.0,18578.0,118800.1,81.0
1753769550666,06:12:30.666,htx,BTC/USDT:USDT,118799.9,8957.0,118799.8,1119.0,118800.0,18574.0,118800.1,81.0
1753769551356,06:12:31.356,htx,BTC/USDT:USDT,118815.0,9610.0,118814.8,13.0,118815.1,997.0,118815.3,1.0
1753769551743,06:12:31.743,htx,BTC/USDT:USDT,118815.0,14105.0,118812.7,42.0,118815.1,878.0,118815.8,561.0
1753769552048,06:12:32.048,htx,BTC/USDT:USDT,118815.0,14173.0,118814.8,13.0,118815.1,878.0,118815.8,561.0
1753769552136,06:12:32.136,htx,BTC/USDT:USDT,118815.0,14481.0,118814.8,13.0,118815.1,878.0,118815.3,1.0
1753769552166,06:12:32.166,htx,BTC/USDT:USDT,118815.0,14481.0,118814.8,13.0,118815.1,878.0,118815.8,561.0
1753769552243,06:12:32.243,htx,BTC/USDT:USDT,118815.0,14481.0,118814.8,13.0,118815.1,878.0,118815.3,1.0
1753769552286,06:12:32.286,htx,BTC/USDT:USDT,118815.0,14481.0,118814.8,13.0,118815.1,878.0,118815.8,561.0
1753769552317,06:12:32.317,htx,BTC/USDT:USDT,118815.0,14455.0,118814.8,13.0,118815.1,876.0,118815.8,561.0
1753769552344,06:12:32.344,htx,BTC/USDT:USDT,118815.0,14455.0,118814.8,13.0,118815.1,876.0,118815.8,561.0
1753769552385,06:12:32.385,htx,BTC/USDT:USDT,118815.0,14455.0,118814.8,13.0,118815.1,876.0,118815.8,561.0
1753769552405,06:12:32.405,htx,BTC/USDT:USDT,118815.0,14462.0,118814.8,13.0,118815.1,876.0,118815.3,1.0
1753769552838,06:12:32.838,htx,BTC/USDT:USDT,118815.0,14616.0,118814.8,13.0,118815.1,876.0,118815.8,561.0
1753769553016,06:12:33.016,htx,BTC/USDT:USDT,118815.0,14616.0,118814.8,13.0,118815.1,876.0,118815.8,561.0
1753769553076,06:12:33.076,htx,BTC/USDT:USDT,118815.0,14616.0,118814.8,13.0,118815.1,876.0,118815.8,561.0
1753769553102,06:12:33.102,htx,BTC/USDT:USDT,118815.0,14616.0,118814.8,13.0,118815.1,876.0,118815.8,561.0
1753769553264,06:12:33.264,htx,BTC/USDT:USDT,118815.0,14616.0,118814.8,13.0,118815.1,876.0,118815.8,561.0
1753769553487,06:12:33.487,htx,BTC/USDT:USDT,118815.0,14550.0,118814.8,13.0,118815.1,876.0,118815.3,1.0
1753769553542,06:12:33.542,htx,BTC/USDT:USDT,118815.0,14618.0,118814.8,13.0,118815.1,708.0,118815.6,8.0
1753769553620,06:12:33.620,htx,BTC/USDT:USDT,118815.0,14618.0,118814.8,13.0,118815.1,876.0,118815.8,561.0
1753769553727,06:12:33.727,htx,BTC/USDT:USDT,118815.0,14618.0,118814.8,13.0,118815.1,708.0,118815.3,1.0
1753769553753,06:12:33.753,htx,BTC/USDT:USDT,118815.0,14618.0,118814.8,13.0,118815.1,708.0,118815.3,1.0
1753769553985,06:12:33.985,htx,BTC/USDT:USDT,118815.0,14618.0,118814.8,13.0,118815.1,708.0,118815.3,1.0
1753769553992,06:12:33.992,htx,BTC/USDT:USDT,118815.0,14618.0,118814.8,13.0,118815.1,708.0,118815.3,1.0
1753769554034,06:12:34.034,htx,BTC/USDT:USDT,118815.0,14618.0,118814.8,13.0,118815.1,876.0,118815.3,9.0
1753769554062,06:12:34.062,htx,BTC/USDT:USDT,118815.0,14618.0,118814.8,13.0,118815.1,876.0,118815.3,1.0
1753769554091,06:12:34.091,htx,BTC/USDT:USDT,118815.0,14618.0,118814.8,13.0,118815.1,876.0,118815.3,1.0
1753769554168,06:12:34.168,htx,BTC/USDT:USDT,118815.0,14618.0,118814.8,13.0,118815.1,876.0,118815.3,1.0
1753769554177,06:12:34.177,htx,BTC/USDT:USDT,118815.0,14591.0,118814.8,13.0,118815.1,876.0,118815.3,1.0
1753769554209,06:12:34.209,htx,BTC/USDT:USDT,118815.0,14591.0,118814.8,13.0,118815.1,876.0,118815.8,561.0
1753769554238,06:12:34.238,htx,BTC/USDT:USDT,118815.0,14591.0,118814.8,13.0,118815.1,876.0,118815.8,561.0
1753769554296,06:12:34.296,htx,BTC/USDT:USDT,118815.0,14591.0,118814.8,13.0,118815.1,876.0,118815.8,561.0
1753769554471,06:12:34.471,htx,BTC/USDT:USDT,118815.0,14618.0,118814.8,13.0,118815.1,878.0,118815.8,561.0
1753769554756,06:12:34.756,htx,BTC/USDT:USDT,118815.0,14621.0,118814.8,13.0,118815.1,878.0,118815.3,1.0
1753769554790,06:12:34.790,htx,BTC/USDT:USDT,118815.0,14621.0,118814.8,13.0,118815.1,878.0,118815.3,1.0
1753769554808,06:12:34.808,htx,BTC/USDT:USDT,118815.0,14621.0,118814.8,13.0,118815.1,878.0,118815.3,1.0
1753769554843,06:12:34.843,htx,BTC/USDT:USDT,118815.0,14621.0,118814.8,13.0,118815.1,878.0,118815.3,1.0
1753769555007,06:12:35.007,htx,BTC/USDT:USDT,118815.0,14621.0,118814.8,13.0,118815.1,876.0,118815.3,1.0
1753769555053,06:12:35.053,htx,BTC/USDT:USDT,118815.0,14621.0,118814.8,13.0,118815.1,878.0,118815.3,1.0
1753769555276,06:12:35.276,htx,BTC/USDT:USDT,118815.0,14621.0,118814.8,13.0,118815.1,878.0,118815.8,561.0
1753769555316,06:12:35.316,htx,BTC/USDT:USDT,118815.0,14553.0,118814.8,13.0,118815.1,878.0,118815.8,561.0
1753769555356,06:12:35.356,htx,BTC/USDT:USDT,118815.0,14553.0,118814.8,13.0,118815.1,878.0,118815.8,561.0
1753769555400,06:12:35.400,htx,BTC/USDT:USDT,118815.0,14553.0,118814.8,13.0,118815.1,878.0,118815.8,561.0
1753769555419,06:12:35.419,htx,BTC/USDT:USDT,118815.0,14553.0,118814.8,13.0,118815.1,878.0,118815.8,561.0
1753769555439,06:12:35.439,htx,BTC/USDT:USDT,118815.0,14621.0,118814.8,13.0,118815.1,878.0,118815.8,561.0
1753769555479,06:12:35.479,htx,BTC/USDT:USDT,118815.0,14621.0,118814.8,13.0,118815.1,1018.0,118815.8,561.0
1753769555530,06:12:35.530,htx,BTC/USDT:USDT,118815.0,14621.0,118814.8,13.0,118815.1,1018.0,118815.8,561.0
1753769555571,06:12:35.571,htx,BTC/USDT:USDT,118815.0,13359.0,118814.8,13.0,118815.1,1016.0,118815.8,561.0
1753769555594,06:12:35.594,htx,BTC/USDT:USDT,118815.0,13359.0,118814.8,13.0,118815.1,1018.0,118815.8,561.0
1753769555714,06:12:35.714,htx,BTC/USDT:USDT,118815.0,13359.0,118814.8,13.0,118815.1,1018.0,118815.8,561.0
1753769555796,06:12:35.796,htx,BTC/USDT:USDT,118815.0,13359.0,118814.8,13.0,118815.1,1018.0,118815.8,561.0
1753769555827,06:12:35.827,htx,BTC/USDT:USDT,118815.0,13359.0,118814.8,13.0,118815.1,1018.0,118815.3,1.0
1753769555895,06:12:35.895,htx,BTC/USDT:USDT,118815.0,13359.0,118814.8,13.0,118815.1,1018.0,118815.3,1.0
1753769555914,06:12:35.914,htx,BTC/USDT:USDT,118815.0,13359.0,118814.8,13.0,118815.1,1018.0,118815.3,1.0
1753769555943,06:12:35.943,htx,BTC/USDT:USDT,118815.0,13359.0,118814.8,13.0,118815.1,1018.0,118815.3,1.0
1753769556013,06:12:36.013,htx,BTC/USDT:USDT,118815.0,13332.0,118814.8,13.0,118815.1,1018.0,118815.3,1.0
1753769556062,06:12:36.062,htx,BTC/USDT:USDT,118815.0,13332.0,118814.8,13.0,118815.1,1018.0,118815.3,1.0
1753769556075,06:12:36.075,htx,BTC/USDT:USDT,118815.0,13332.0,118814.8,13.0,118815.1,1018.0,118815.3,1.0
1753769556127,06:12:36.127,htx,BTC/USDT:USDT,118815.0,13332.0,118814.8,13.0,118815.1,1018.0,118815.3,1.0
1753769556168,06:12:36.168,htx,BTC/USDT:USDT,118815.0,13359.0,118814.8,13.0,118815.1,1018.0,118815.3,1.0
1753769556185,06:12:36.185,htx,BTC/USDT:USDT,118815.0,13359.0,118814.8,13.0,118815.1,1018.0,118815.3,1.0
1753769556227,06:12:36.227,htx,BTC/USDT:USDT,118815.0,13359.0,118814.8,13.0,118815.1,1018.0,118815.3,1.0
1753769556837,06:12:36.837,htx,BTC/USDT:USDT,118815.0,13439.0,118814.8,13.0,118815.1,1018.0,118815.3,8.0
1753769556844,06:12:36.844,htx,BTC/USDT:USDT,118815.0,13439.0,118814.8,13.0,118815.1,1018.0,118815.3,8.0
1753769556967,06:12:36.967,htx,BTC/USDT:USDT,118815.0,13439.0,118814.8,13.0,118815.1,1018.0,118815.8,561.0
1753769557003,06:12:37.003,htx,BTC/USDT:USDT,118815.0,13439.0,118814.8,13.0,118815.1,1018.0,118815.8,561.0
1753769557099,06:12:37.099,htx,BTC/USDT:USDT,118815.0,13429.0,118814.8,13.0,118815.1,1016.0,118815.8,561.0
1753769557305,06:12:37.305,htx,BTC/USDT:USDT,118815.0,13439.0,118814.8,13.0,118815.1,1016.0,118815.8,561.0
1753769557719,06:12:37.719,htx,BTC/USDT:USDT,118815.0,13439.0,118814.8,13.0,118815.1,1016.0,118815.3,1.0
1753769557755,06:12:37.755,htx,BTC/USDT:USDT,118815.0,13439.0,118814.8,13.0,118815.1,1016.0,118815.3,1.0
1753769557774,06:12:37.774,htx,BTC/USDT:USDT,118815.0,13439.0,118814.8,13.0,118815.1,1016.0,118815.3,1.0
1753769557841,06:12:37.841,htx,BTC/USDT:USDT,118815.0,13439.0,118814.8,13.0,118815.1,1016.0,118815.3,1.0
1753769557874,06:12:37.874,htx,BTC/USDT:USDT,118815.0,13412.0,118814.8,13.0,118815.1,1016.0,118815.3,1.0
1753769557893,06:12:37.893,htx,BTC/USDT:USDT,118815.0,13412.0,118814.8,13.0,118815.1,1016.0,118815.3,1.0
1753769557924,06:12:37.924,htx,BTC/USDT:USDT,118815.0,13412.0,118814.8,13.0,118815.1,1016.0,118815.3,1.0
1753769557974,06:12:37.974,htx,BTC/USDT:USDT,118815.0,13412.0,118814.8,13.0,118815.1,1007.0,118815.3,1.0
1753769557991,06:12:37.991,htx,BTC/USDT:USDT,118815.0,13412.0,118814.8,13.0,118815.1,1001.0,118815.3,1.0
1753769558032,06:12:38.032,htx,BTC/USDT:USDT,118815.0,13439.0,118814.8,13.0,118815.1,1001.0,118815.3,1.0
1753769558085,06:12:38.085,htx,BTC/USDT:USDT,118815.0,13439.0,118814.8,13.0,118815.1,1001.0,118815.8,561.0
1753769558133,06:12:38.133,htx,BTC/USDT:USDT,118815.0,13439.0,118814.8,13.0,118815.1,1001.0,118815.8,561.0
1753769558168,06:12:38.168,htx,BTC/USDT:USDT,118815.0,13439.0,118814.8,13.0,118815.1,1000.0,118815.8,561.0
1753769558267,06:12:38.267,htx,BTC/USDT:USDT,118815.0,13439.0,118814.8,13.0,118815.1,1000.0,118815.3,1.0
1753769558319,06:12:38.319,htx,BTC/USDT:USDT,118815.0,13439.0,118814.8,13.0,118815.1,1000.0,118815.3,1.0
1753769558375,06:12:38.375,htx,BTC/USDT:USDT,118815.0,13439.0,118814.8,13.0,118815.1,1000.0,118815.8,561.0
1753769558409,06:12:38.409,htx,BTC/USDT:USDT,118815.0,13439.0,118814.8,13.0,118815.1,1000.0,118815.8,561.0
1753769558452,06:12:38.452,htx,BTC/USDT:USDT,118815.0,13429.0,118814.8,13.0,118815.1,1000.0,118815.8,561.0
1753769558467,06:12:38.467,htx,BTC/USDT:USDT,118815.0,13429.0,118814.8,13.0,118815.1,1000.0,118815.8,561.0
1753769558505,06:12:38.505,htx,BTC/USDT:USDT,118815.0,13429.0,118814.8,13.0,118815.1,1000.0,118815.8,561.0
1753769558544,06:12:38.544,htx,BTC/USDT:USDT,118815.0,13429.0,118814.8,13.0,118815.1,1000.0,118815.8,561.0
1753769558555,06:12:38.555,htx,BTC/USDT:USDT,118815.0,13429.0,118814.8,13.0,118815.1,1000.0,118815.8,561.0
1753769558595,06:12:38.595,htx,BTC/USDT:USDT,118815.0,13429.0,118814.8,13.0,118815.1,1000.0,118815.8,561.0
1753769558633,06:12:38.633,htx,BTC/USDT:USDT,118815.0,13439.0,118814.8,13.0,118815.1,1000.0,118815.8,561.0
1753769558654,06:12:38.654,htx,BTC/USDT:USDT,118815.0,13439.0,118814.8,13.0,118815.1,1000.0,118815.8,561.0
1753769558695,06:12:38.695,htx,BTC/USDT:USDT,118815.0,13439.0,118814.8,13.0,118815.1,1000.0,118815.8,561.0
1753769558706,06:12:38.706,htx,BTC/USDT:USDT,118815.0,13439.0,118814.8,13.0,118815.1,1000.0,118815.8,561.0
1753769558829,06:12:38.829,htx,BTC/USDT:USDT,118815.0,13439.0,118814.8,13.0,118815.1,1000.0,118815.8,561.0
1753769558937,06:12:38.937,htx,BTC/USDT:USDT,118815.0,13439.0,118814.8,13.0,118815.1,1000.0,118815.3,8.0
1753769558951,06:12:38.951,htx,BTC/USDT:USDT,118815.0,13439.0,118814.8,13.0,118815.1,1000.0,118815.8,561.0
1753769558976,06:12:38.976,htx,BTC/USDT:USDT,118815.0,13439.0,118814.8,13.0,118815.1,1000.0,118815.8,561.0
1753769559020,06:12:39.020,htx,BTC/USDT:USDT,118815.0,13439.0,118814.8,13.0,118815.1,1000.0,118815.3,1.0
1753769559037,06:12:39.037,htx,BTC/USDT:USDT,118815.0,13439.0,118814.8,13.0,118815.1,1000.0,118815.3,1.0
1753769559126,06:12:39.126,htx,BTC/USDT:USDT,118815.0,13439.0,118814.8,13.0,118815.1,1000.0,118815.3,1.0
1753769559161,06:12:39.161,htx,BTC/USDT:USDT,118815.0,13412.0,118814.8,13.0,118815.1,1000.0,118815.3,1.0
1753769559193,06:12:39.193,htx,BTC/USDT:USDT,118815.0,13412.0,118814.8,13.0,118815.1,1000.0,118815.8,561.0
1753769559224,06:12:39.224,htx,BTC/USDT:USDT,118815.0,13412.0,118814.8,13.0,118815.1,1000.0,118815.8,561.0
1753769559250,06:12:39.250,htx,BTC/USDT:USDT,118815.0,13412.0,118814.8,13.0,118815.1,1000.0,118815.8,561.0
1753769559273,06:12:39.273,htx,BTC/USDT:USDT,118815.0,13412.0,118814.8,13.0,118815.1,1000.0,118815.8,561.0
1753769559307,06:12:39.307,htx,BTC/USDT:USDT,118815.0,13480.0,118814.8,13.0,118815.1,1000.0,118815.8,561.0
1753769559341,06:12:39.341,htx,BTC/USDT:USDT,118815.0,13480.0,118814.8,13.0,118815.1,1000.0,118815.8,561.0
1753769559375,06:12:39.375,htx,BTC/USDT:USDT,118815.0,13480.0,118814.8,13.0,118815.1,1000.0,118815.8,561.0
1753769559399,06:12:39.399,htx,BTC/USDT:USDT,118815.0,13480.0,118814.8,13.0,118815.1,1000.0,118815.8,561.0
1753769559456,06:12:39.456,htx,BTC/USDT:USDT,118815.0,13480.0,118814.8,13.0,118815.1,1000.0,118815.8,561.0
1753769559507,06:12:39.507,htx,BTC/USDT:USDT,118815.0,13480.0,118814.8,13.0,118815.1,1000.0,118815.8,561.0
1753769559523,06:12:39.523,htx,BTC/USDT:USDT,118815.0,13480.0,118814.8,13.0,118815.1,1000.0,118815.8,561.0
1753769559572,06:12:39.572,htx,BTC/USDT:USDT,118815.0,13480.0,118814.8,13.0,118815.1,1000.0,118815.8,561.0
1753769559672,06:12:39.672,htx,BTC/USDT:USDT,118815.0,13480.0,118814.8,13.0,118815.1,1000.0,118815.8,561.0
1753769559741,06:12:39.741,htx,BTC/USDT:USDT,118815.0,13480.0,118814.8,13.0,118815.1,1000.0,118815.3,1.0
1753769559759,06:12:39.759,htx,BTC/USDT:USDT,118815.0,13480.0,118814.8,13.0,118815.1,1000.0,118815.3,1.0
1753769559785,06:12:39.785,htx,BTC/USDT:USDT,118815.0,13480.0,118814.8,13.0,118815.1,1000.0,118815.3,1.0
1753769559859,06:12:39.859,htx,BTC/USDT:USDT,118815.0,13480.0,118814.8,13.0,118815.1,1000.0,118815.8,561.0
1753769559874,06:12:39.874,htx,BTC/USDT:USDT,118815.0,13480.0,118814.8,13.0,118815.1,1000.0,118815.8,561.0
1753769559916,06:12:39.916,htx,BTC/USDT:USDT,118815.0,13480.0,118814.8,13.0,118815.1,1000.0,118815.8,561.0
1753769559937,06:12:39.937,htx,BTC/USDT:USDT,118815.0,13480.0,118814.8,13.0,118815.1,1000.0,118815.3,1.0
1753769559972,06:12:39.972,htx,BTC/USDT:USDT,118815.0,13480.0,118814.8,13.0,118815.1,1000.0,118815.3,1.0
1753769560000,06:12:40.000,htx,BTC/USDT:USDT,118815.0,13479.0,118814.8,13.0,118815.1,1000.0,118815.3,1.0
1753769560023,06:12:40.023,htx,BTC/USDT:USDT,118815.0,13479.0,118814.8,13.0,118815.1,1000.0,118815.3,1.0
1753769560054,06:12:40.054,htx,BTC/USDT:USDT,118815.0,13452.0,118814.8,13.0,118815.1,1000.0,118815.3,1.0
1753769560099,06:12:40.099,htx,BTC/USDT:USDT,118815.0,13452.0,118814.8,13.0,118815.1,1000.0,118815.3,1.0
1753769560132,06:12:40.132,htx,BTC/USDT:USDT,118815.0,13452.0,118814.8,13.0,118815.1,1000.0,118815.3,1.0
1753769560149,06:12:40.149,htx,BTC/USDT:USDT,118815.0,14714.0,118814.8,13.0,118815.1,1000.0,118815.3,1.0
1753769560176,06:12:40.176,htx,BTC/USDT:USDT,118815.0,14741.0,118814.8,13.0,118815.1,1000.0,118815.8,561.0
1753769560213,06:12:40.213,htx,BTC/USDT:USDT,118815.0,13479.0,118814.8,13.0,118815.1,1000.0,118815.8,561.0
1753769560249,06:12:40.249,htx,BTC/USDT:USDT,118815.0,13479.0,118814.8,13.0,118815.1,1000.0,118815.3,1.0
1753769560298,06:12:40.298,htx,BTC/USDT:USDT,118815.0,13479.0,118814.8,13.0,118815.1,1000.0,118815.3,1.0
1753769560325,06:12:40.325,htx,BTC/USDT:USDT,118815.0,13479.0,118814.8,13.0,118815.1,1000.0,118815.8,561.0
1753769560377,06:12:40.377,htx,BTC/USDT:USDT,118815.0,13479.0,118814.8,13.0,118815.1,1000.0,118815.3,1.0
1753769560414,06:12:40.414,htx,BTC/USDT:USDT,118815.0,13479.0,118814.8,13.0,118815.1,1000.0,118815.3,1.0
1753769560458,06:12:40.458,htx,BTC/USDT:USDT,118815.0,14741.0,118814.8,13.0,118815.1,1000.0,118815.3,1.0
1753769560484,06:12:40.484,htx,BTC/USDT:USDT,118815.0,13479.0,118814.8,13.0,118815.1,1000.0,118815.3,1.0
1753769560513,06:12:40.513,htx,BTC/USDT:USDT,118815.0,13479.0,118814.8,13.0,118815.1,1002.0,118815.3,1.0
1753769560559,06:12:40.559,htx,BTC/USDT:USDT,118815.0,13479.0,118814.8,13.0,118815.1,1002.0,118815.8,561.0
1753769560564,06:12:40.564,htx,BTC/USDT:USDT,118815.0,13479.0,118814.8,13.0,118815.1,1002.0,118815.8,561.0
1753769560632,06:12:40.632,htx,BTC/USDT:USDT,118815.0,13479.0,118814.8,13.0,118815.1,1002.0,118815.3,1.0
1753769560677,06:12:40.677,htx,BTC/USDT:USDT,118815.0,13479.0,118814.8,13.0,118815.1,1002.0,118815.8,561.0
1753769560847,06:12:40.847,htx,BTC/USDT:USDT,118815.0,13479.0,118814.8,13.0,118815.1,1002.0,118815.8,561.0
1753769560879,06:12:40.879,htx,BTC/USDT:USDT,118815.0,13479.0,118814.8,13.0,118815.1,1002.0,118815.3,1.0
1753769560922,06:12:40.922,htx,BTC/USDT:USDT,118815.0,13479.0,118814.8,13.0,118815.1,1002.0,118815.3,1.0
1753769560938,06:12:40.938,htx,BTC/USDT:USDT,118815.0,13479.0,118814.8,13.0,118815.1,1002.0,118815.3,1.0
1753769560953,06:12:40.953,htx,BTC/USDT:USDT,118815.0,13411.0,118814.8,13.0,118815.1,1002.0,118815.3,1.0
1753769561043,06:12:41.043,htx,BTC/USDT:USDT,118815.0,13411.0,118814.8,13.0,118815.1,1002.0,118815.3,1.0
1753769561077,06:12:41.077,htx,BTC/USDT:USDT,118815.0,13479.0,118814.8,13.0,118815.1,1002.0,118815.3,1.0
1753769561127,06:12:41.127,htx,BTC/USDT:USDT,118815.0,13479.0,118814.8,13.0,118815.1,1002.0,118815.3,1.0
1753769561192,06:12:41.192,htx,BTC/USDT:USDT,118815.0,13479.0,118814.8,13.0,118815.1,1002.0,118815.3,9.0
1753769561297,06:12:41.297,htx,BTC/USDT:USDT,118815.0,13479.0,118814.8,13.0,118815.1,1002.0,118815.3,1.0
1753769561329,06:12:41.329,htx,BTC/USDT:USDT,118815.0,13479.0,118814.8,13.0,118815.1,1002.0,118815.3,1.0
1753769561384,06:12:41.384,htx,BTC/USDT:USDT,118815.0,13479.0,118814.8,13.0,118815.1,1002.0,118815.3,1.0
1753769561459,06:12:41.459,htx,BTC/USDT:USDT,118815.0,13479.0,118814.8,13.0,118815.1,1002.0,118815.3,1.0
1753769561465,06:12:41.465,htx,BTC/USDT:USDT,118815.0,13483.0,118814.8,13.0,118815.1,1002.0,118815.3,1.0
1753769561513,06:12:41.513,htx,BTC/USDT:USDT,118815.0,13483.0,118814.8,13.0,118815.1,1002.0,118815.3,1.0
1753769561522,06:12:41.522,htx,BTC/USDT:USDT,118815.0,13483.0,118814.8,13.0,118815.1,1010.0,118815.3,1.0
1753769561558,06:12:41.558,htx,BTC/USDT:USDT,118815.0,13483.0,118814.8,13.0,118815.1,1002.0,118815.3,1.0
1753769561620,06:12:41.620,htx,BTC/USDT:USDT,118815.0,13483.0,118814.8,13.0,118815.1,1002.0,118815.3,1.0
1753769561689,06:12:41.689,htx,BTC/USDT:USDT,118815.0,13483.0,118814.8,13.0,118815.1,1002.0,118815.3,1.0
1753769561736,06:12:41.736,htx,BTC/USDT:USDT,118815.0,13483.0,118814.8,13.0,118815.1,1002.0,118815.3,1.0
1753769561796,06:12:41.796,htx,BTC/USDT:USDT,118815.0,13456.0,118814.8,13.0,118815.1,1002.0,118815.3,1.0
1753769561827,06:12:41.827,htx,BTC/USDT:USDT,118815.0,13456.0,118814.8,13.0,118815.1,862.0,118815.3,1.0
1753769561880,06:12:41.880,htx,BTC/USDT:USDT,118815.0,13456.0,118814.8,13.0,118815.1,862.0,118815.3,1.0
1753769561911,06:12:41.911,htx,BTC/USDT:USDT,118815.0,13456.0,118814.8,13.0,118815.1,862.0,118815.8,561.0
1753769561932,06:12:41.932,htx,BTC/USDT:USDT,118815.0,13456.0,118814.8,13.0,118815.1,862.0,118815.8,561.0
1753769561955,06:12:41.955,htx,BTC/USDT:USDT,118815.0,14745.0,118814.8,13.0,118815.1,862.0,118815.3,8.0
1753769561976,06:12:41.976,htx,BTC/USDT:USDT,118815.0,14745.0,118814.8,13.0,118815.1,862.0,118815.8,561.0
1753769562082,06:12:42.082,htx,BTC/USDT:USDT,118815.0,14745.0,118814.8,13.0,118815.1,862.0,118815.3,1.0
1753769562100,06:12:42.100,htx,BTC/USDT:USDT,118815.0,14745.0,118814.8,13.0,118815.1,862.0,118815.3,1.0
1753769562127,06:12:42.127,htx,BTC/USDT:USDT,118815.0,14745.0,118814.8,13.0,118815.1,862.0,118815.3,1.0
1753769562202,06:12:42.202,htx,BTC/USDT:USDT,118815.0,14745.0,118814.8,13.0,118815.1,862.0,118815.8,561.0
1753769562226,06:12:42.226,htx,BTC/USDT:USDT,118815.0,14745.0,118814.8,13.0,118815.1,862.0,118815.8,561.0
1753769562285,06:12:42.285,htx,BTC/USDT:USDT,118815.0,14745.0,118814.8,13.0,118815.1,862.0,118815.3,1.0
1753769562308,06:12:42.308,htx,BTC/USDT:USDT,118815.0,14745.0,118814.8,13.0,118815.1,862.0,118815.3,1.0
1753769562493,06:12:42.493,htx,BTC/USDT:USDT,118815.0,14745.0,118814.8,13.0,118815.1,862.0,118815.3,1.0
1753769562555,06:12:42.555,htx,BTC/USDT:USDT,118815.0,14745.0,118814.8,13.0,118815.1,862.0,118815.3,1.0
1753769562821,06:12:42.821,htx,BTC/USDT:USDT,118815.0,14745.0,118814.8,13.0,118815.1,862.0,118815.8,561.0
1753769562823,06:12:42.823,htx,BTC/USDT:USDT,118815.0,14745.0,118814.8,13.0,118815.1,862.0,118815.8,561.0
1753769563049,06:12:43.049,htx,BTC/USDT:USDT,118815.0,14745.0,118814.8,13.0,118815.1,862.0,118815.8,561.0
1753769563059,06:12:43.059,htx,BTC/USDT:USDT,118815.0,14745.0,118814.8,13.0,118815.1,862.0,118815.8,561.0
1753769563085,06:12:43.085,htx,BTC/USDT:USDT,118815.0,14745.0,118814.8,13.0,118815.1,862.0,118815.8,561.0
1753769563149,06:12:43.149,htx,BTC/USDT:USDT,118815.0,14677.0,118814.8,13.0,118815.1,862.0,118815.8,561.0
1753769563196,06:12:43.196,htx,BTC/USDT:USDT,118815.0,14677.0,118814.8,13.0,118815.1,862.0,118815.7,8.0
1753769563205,06:12:43.205,htx,BTC/USDT:USDT,118815.0,14657.0,118814.8,13.0,118815.1,862.0,118815.7,8.0
1753769563273,06:12:43.273,htx,BTC/USDT:USDT,118815.0,14725.0,118814.8,13.0,118815.1,862.0,118815.8,561.0
1753769563308,06:12:43.308,htx,BTC/USDT:USDT,118815.0,14735.0,118814.8,13.0,118815.1,862.0,118815.8,561.0
1753769563342,06:12:43.342,htx,BTC/USDT:USDT,118815.0,14745.0,118814.8,13.0,118815.1,862.0,118815.8,561.0
1753769563359,06:12:43.359,htx,BTC/USDT:USDT,118815.0,14745.0,118814.8,13.0,118815.1,862.0,118815.8,561.0
1753769563508,06:12:43.508,htx,BTC/USDT:USDT,118815.0,14718.0,118814.8,13.0,118815.1,862.0,118815.8,561.0
1753769563605,06:12:43.605,htx,BTC/USDT:USDT,118815.0,14718.0,118814.8,13.0,118815.1,862.0,118815.8,561.0
1753769563632,06:12:43.632,htx,BTC/USDT:USDT,118815.0,14745.0,118814.8,13.0,118815.1,862.0,118815.8,561.0
1753769563694,06:12:43.694,htx,BTC/USDT:USDT,118815.0,14735.0,118814.8,13.0,118815.1,862.0,118815.8,561.0
1753769563725,06:12:43.725,htx,BTC/USDT:USDT,118815.0,14735.0,118814.8,13.0,118815.1,862.0,118815.8,561.0
1753769563901,06:12:43.901,htx,BTC/USDT:USDT,118815.0,14745.0,118814.8,13.0,118815.1,862.0,118815.8,561.0
1753769563947,06:12:43.947,htx,BTC/USDT:USDT,118815.0,14745.0,118814.8,13.0,118815.1,862.0,118815.8,561.0
1753769563960,06:12:43.960,htx,BTC/USDT:USDT,118815.0,14745.0,118814.8,13.0,118815.1,862.0,118815.8,561.0
1753769564021,06:12:44.021,htx,BTC/USDT:USDT,118815.0,14377.0,118814.8,13.0,118815.1,862.0,118815.3,1.0
1753769564049,06:12:44.049,htx,BTC/USDT:USDT,118815.0,14108.0,118814.8,13.0,118815.1,862.0,118815.8,561.0
1753769564106,06:12:44.106,htx,BTC/USDT:USDT,118815.0,14108.0,118814.8,13.0,118815.1,862.0,118815.8,561.0
1753769564163,06:12:44.163,htx,BTC/USDT:USDT,118815.0,14108.0,118814.8,13.0,118815.1,862.0,118815.8,561.0
1753769564302,06:12:44.302,htx,BTC/USDT:USDT,118815.0,14108.0,118814.8,13.0,118815.1,854.0,118815.8,561.0
1753769564312,06:12:44.312,htx,BTC/USDT:USDT,118815.0,14108.0,118814.8,13.0,118815.1,854.0,118815.8,569.0
1753769564350,06:12:44.350,htx,BTC/USDT:USDT,118815.0,14108.0,118814.8,13.0,118815.1,854.0,118815.3,1.0
1753769564397,06:12:44.397,htx,BTC/USDT:USDT,118815.0,14108.0,118814.8,13.0,118815.1,82.0,118815.3,1.0
1753769564406,06:12:44.406,htx,BTC/USDT:USDT,118815.0,14108.0,118814.8,13.0,118815.1,259.0,118815.3,1.0
1753769564454,06:12:44.454,htx,BTC/USDT:USDT,118815.0,14249.0,118814.8,13.0,118815.1,217.0,118815.3,1.0
1753769564501,06:12:44.501,htx,BTC/USDT:USDT,118815.0,14249.0,118814.8,13.0,118815.1,217.0,118815.3,1.0
1753769564527,06:12:44.527,htx,BTC/USDT:USDT,118815.0,14249.0,118814.8,13.0,118815.1,353.0,118815.3,1.0
1753769564600,06:12:44.600,htx,BTC/USDT:USDT,118815.0,14252.0,118814.8,13.0,118815.1,464.0,118815.8,561.0
1753769564621,06:12:44.621,htx,BTC/USDT:USDT,118815.0,14252.0,118814.8,13.0,118815.1,287.0,118815.8,561.0
1753769564914,06:12:44.914,htx,BTC/USDT:USDT,118815.0,14252.0,118814.8,13.0,118815.1,249.0,118815.8,561.0
1753769564956,06:12:44.956,htx,BTC/USDT:USDT,118815.0,12983.0,118814.8,13.0,118815.1,111.0,118815.8,561.0
1753769564997,06:12:44.997,htx,BTC/USDT:USDT,118815.0,14245.0,118814.8,13.0,118815.1,159.0,118815.8,561.0
1753769565039,06:12:45.039,htx,BTC/USDT:USDT,118815.0,14245.0,118814.8,13.0,118815.1,336.0,118815.8,561.0
1753769565074,06:12:45.074,htx,BTC/USDT:USDT,118815.0,14230.0,118814.8,13.0,118815.1,336.0,118815.8,561.0
1753769565100,06:12:45.100,htx,BTC/USDT:USDT,118815.0,14230.0,118814.8,13.0,118815.1,336.0,118815.3,1.0
1753769565166,06:12:45.166,htx,BTC/USDT:USDT,118815.0,14230.0,118814.8,13.0,118815.1,288.0,118815.3,1.0
1753769565209,06:12:45.209,htx,BTC/USDT:USDT,118815.0,14298.0,118814.8,13.0,118815.1,336.0,118815.3,1.0
1753769565224,06:12:45.224,htx,BTC/USDT:USDT,118815.0,14298.0,118814.8,13.0,118815.1,336.0,118815.3,1.0
1753769565398,06:12:45.398,htx,BTC/USDT:USDT,118815.0,14271.0,118814.8,13.0,118815.1,425.0,118815.3,1.0
1753769565437,06:12:45.437,htx,BTC/USDT:USDT,118815.0,14271.0,118814.8,13.0,118815.1,425.0,118815.3,1.0
1753769565490,06:12:45.490,htx,BTC/USDT:USDT,118815.0,14271.0,118814.8,13.0,118815.1,425.0,118815.8,561.0
1753769565520,06:12:45.520,htx,BTC/USDT:USDT,118815.0,14298.0,118814.8,13.0,118815.1,248.0,118815.8,561.0
1753769565589,06:12:45.589,htx,BTC/USDT:USDT,118815.0,14288.0,118814.8,13.0,118815.1,248.0,118815.8,561.0
1753769565609,06:12:45.609,htx,BTC/USDT:USDT,118815.0,14288.0,118814.8,13.0,118815.1,248.0,118815.8,561.0
1753769565658,06:12:45.658,htx,BTC/USDT:USDT,118815.0,14288.0,118814.8,13.0,118815.1,248.0,118815.8,561.0
1753769565671,06:12:45.671,htx,BTC/USDT:USDT,118815.0,14288.0,118814.8,13.0,118815.1,248.0,118815.8,561.0
1753769565692,06:12:45.692,htx,BTC/USDT:USDT,118815.0,14288.0,118814.8,13.0,118815.1,240.0,118815.8,561.0
1753769565788,06:12:45.788,htx,BTC/USDT:USDT,118815.0,14298.0,118814.8,13.0,118815.1,240.0,118815.8,561.0
1753769565999,06:12:45.999,htx,BTC/USDT:USDT,118815.0,14288.0,118814.8,13.0,118815.1,240.0,118815.8,561.0
1753769566086,06:12:46.086,htx,BTC/USDT:USDT,118815.0,14298.0,118814.8,13.0,118815.1,238.0,118815.8,561.0
1753769566144,06:12:46.144,htx,BTC/USDT:USDT,118815.0,13036.0,118814.8,13.0,118815.1,415.0,118815.8,561.0
1753769566176,06:12:46.176,htx,BTC/USDT:USDT,118815.0,13036.0,118814.8,13.0,118815.1,415.0,118815.8,561.0
1753769566258,06:12:46.258,htx,BTC/USDT:USDT,118815.0,13036.0,118814.8,13.0,118815.1,415.0,118815.3,1.0
1753769566283,06:12:46.283,htx,BTC/USDT:USDT,118815.0,13036.0,118814.8,13.0,118815.1,415.0,118815.3,1.0
1753769566295,06:12:46.295,htx,BTC/USDT:USDT,118815.0,13036.0,118814.8,13.0,118815.1,415.0,118815.3,1.0
1753769566356,06:12:46.356,htx,BTC/USDT:USDT,118815.0,13036.0,118814.8,13.0,118815.1,238.0,118815.3,1.0
1753769566427,06:12:46.427,htx,BTC/USDT:USDT,118815.0,13009.0,118814.8,13.0,118815.1,238.0,118815.3,1.0
1753769566471,06:12:46.471,htx,BTC/USDT:USDT,118815.0,12941.0,118814.8,13.0,118815.1,238.0,118815.3,1.0
1753769566486,06:12:46.486,htx,BTC/USDT:USDT,118815.0,12941.0,118814.8,13.0,118815.1,238.0,118815.8,561.0
1753769566533,06:12:46.533,htx,BTC/USDT:USDT,118815.0,12941.0,118814.8,13.0,118815.1,415.0,118815.3,1.0
1753769566595,06:12:46.595,htx,BTC/USDT:USDT,118815.0,12941.0,118814.8,13.0,118815.1,415.0,118815.3,1.0
1753769566648,06:12:46.648,htx,BTC/USDT:USDT,118815.0,12941.0,118814.8,13.0,118815.1,415.0,118815.8,561.0
1753769566727,06:12:46.727,htx,BTC/USDT:USDT,118815.0,12941.0,118814.8,13.0,118815.1,238.0,118815.8,561.0
1753769566824,06:12:46.824,htx,BTC/USDT:USDT,118815.0,13009.0,118814.8,13.0,118815.1,238.0,118815.8,561.0
1753769566910,06:12:46.910,htx,BTC/USDT:USDT,118815.0,13009.0,118814.8,13.0,118815.1,238.0,118815.3,1.0
1753769566958,06:12:46.958,htx,BTC/USDT:USDT,118815.0,13009.0,118814.8,13.0,118815.1,415.0,118815.8,561.0
1753769567007,06:12:47.007,htx,BTC/USDT:USDT,118815.0,13009.0,118814.8,13.0,118815.1,415.0,118815.8,561.0
1753769567018,06:12:47.018,htx,BTC/USDT:USDT,118815.0,13009.0,118814.8,13.0,118815.1,415.0,118815.8,561.0
1753769567061,06:12:47.061,htx,BTC/USDT:USDT,118815.0,14271.0,118814.8,13.0,118815.1,415.0,118815.8,561.0
1753769567100,06:12:47.100,htx,BTC/USDT:USDT,118815.0,13009.0,118814.8,13.0,118815.1,415.0,118815.8,561.0
1753769567145,06:12:47.145,htx,BTC/USDT:USDT,118815.0,13009.0,118814.8,13.0,118815.1,415.0,118815.8,561.0
1753769567164,06:12:47.164,htx,BTC/USDT:USDT,118815.0,13009.0,118814.8,13.0,118815.1,423.0,118815.8,561.0
1753769567199,06:12:47.199,htx,BTC/USDT:USDT,118815.0,14271.0,118814.8,13.0,118815.1,415.0,118815.8,561.0
1753769567258,06:12:47.258,htx,BTC/USDT:USDT,118815.0,13009.0,118814.8,13.0,118815.1,415.0,118815.8,561.0
1753769567291,06:12:47.291,htx,BTC/USDT:USDT,118815.0,13009.0,118814.8,13.0,118815.1,238.0,118815.8,561.0
1753769567318,06:12:47.318,htx,BTC/USDT:USDT,118815.0,13009.0,118814.8,13.0,118815.1,227.0,118815.3,1.0
1753769567366,06:12:47.366,htx,BTC/USDT:USDT,118815.0,13009.0,118814.8,13.0,118815.1,179.0,118815.3,1.0
1753769567390,06:12:47.390,htx,BTC/USDT:USDT,118815.0,13009.0,118814.8,13.0,118815.1,356.0,118815.3,1.0
1753769567427,06:12:47.427,htx,BTC/USDT:USDT,118815.0,13009.0,118814.8,13.0,118815.1,356.0,118815.8,561.0
1753769567433,06:12:47.433,htx,BTC/USDT:USDT,118815.0,13036.0,118814.8,13.0,118815.1,356.0,118815.8,561.0
1753769567466,06:12:47.466,htx,BTC/USDT:USDT,118815.0,14298.0,118814.8,13.0,118815.1,356.0,118815.3,1.0
1753769567544,06:12:47.544,htx,BTC/USDT:USDT,118815.0,14298.0,118814.8,13.0,118815.1,399.0,118815.3,1.0
1753769567601,06:12:47.601,htx,BTC/USDT:USDT,118815.0,14298.0,118814.8,13.0,118815.1,399.0,118815.3,1.0
1753769567617,06:12:47.617,htx,BTC/USDT:USDT,118815.0,14298.0,118814.8,13.0,118815.1,399.0,118815.3,1.0
1753769567708,06:12:47.708,htx,BTC/USDT:USDT,118815.0,14298.0,118814.8,13.0,118815.1,399.0,118815.3,1.0
1753769567748,06:12:47.748,htx,BTC/USDT:USDT,118815.0,14298.0,118814.8,13.0,118815.1,399.0,118815.8,561.0
1753769567824,06:12:47.824,htx,BTC/USDT:USDT,118815.0,14298.0,118814.8,13.0,118815.1,399.0,118815.3,1.0
1753769568106,06:12:48.106,htx,BTC/USDT:USDT,118815.0,14298.0,118814.8,13.0,118815.1,399.0,118815.3,1.0
1753769568147,06:12:48.147,htx,BTC/USDT:USDT,118815.0,14298.0,118814.8,13.0,118815.1,399.0,118815.3,1.0
1753769568162,06:12:48.162,htx,BTC/USDT:USDT,118815.0,14298.0,118814.8,13.0,118815.1,399.0,118815.3,1.0
1753769568188,06:12:48.188,htx,BTC/USDT:USDT,118815.0,14298.0,118814.8,13.0,118815.1,399.0,118815.3,1.0
1753769568230,06:12:48.230,htx,BTC/USDT:USDT,118815.0,14298.0,118814.8,13.0,118815.1,399.0,118815.8,561.0
1753769568298,06:12:48.298,htx,BTC/USDT:USDT,118815.0,14298.0,118814.8,13.0,118815.1,399.0,118815.3,1.0
1753769568561,06:12:48.561,htx,BTC/USDT:USDT,118815.0,14230.0,118814.8,13.0,118815.1,399.0,118815.3,1.0
1753769568577,06:12:48.577,htx,BTC/USDT:USDT,118815.0,14230.0,118814.8,13.0,118815.1,399.0,118815.8,561.0
1753769568685,06:12:48.685,htx,BTC/USDT:USDT,118815.0,14298.0,118814.8,13.0,118815.1,399.0,118815.8,561.0
1753769568770,06:12:48.770,htx,BTC/USDT:USDT,118815.0,14298.0,118814.8,13.0,118815.1,399.0,118815.3,1.0
1753769568922,06:12:48.922,htx,BTC/USDT:USDT,118815.0,14298.0,118814.8,13.0,118815.1,399.0,118815.8,561.0
1753769568937,06:12:48.937,htx,BTC/USDT:USDT,118815.0,14298.0,118814.8,13.0,118815.1,399.0,118815.8,561.0
1753769568962,06:12:48.962,htx,BTC/USDT:USDT,118815.0,14298.0,118814.8,13.0,118815.1,89.0,118815.3,1.0
1753769569001,06:12:49.001,htx,BTC/USDT:USDT,118815.0,14298.0,118814.8,13.0,118815.1,137.0,118815.3,1.0
1753769569056,06:12:49.056,htx,BTC/USDT:USDT,118815.0,14299.0,118814.8,13.0,118815.1,200.0,118815.3,1.0
1753769569098,06:12:49.098,htx,BTC/USDT:USDT,118815.0,14299.0,118814.8,13.0,118815.1,425.0,118815.3,1.0
1753769569124,06:12:49.124,htx,BTC/USDT:USDT,118815.0,14299.0,118814.8,13.0,118815.1,248.0,118815.3,1.0
1753769569176,06:12:49.176,htx,BTC/USDT:USDT,118815.0,14299.0,118814.8,13.0,118815.1,248.0,118815.3,1.0
1753769569228,06:12:49.228,htx,BTC/USDT:USDT,118815.0,14272.0,118814.8,13.0,118815.1,248.0,118815.3,1.0
1753769569358,06:12:49.358,htx,BTC/USDT:USDT,118815.0,14299.0,118814.8,13.0,118815.1,248.0,118815.3,1.0
1753769569428,06:12:49.428,htx,BTC/USDT:USDT,118815.0,14299.0,118814.8,13.0,118815.1,248.0,118815.8,561.0
1753769569457,06:12:49.457,htx,BTC/USDT:USDT,118815.0,14299.0,118814.8,13.0,118815.1,248.0,118815.8,561.0
1753769569493,06:12:49.493,htx,BTC/USDT:USDT,118815.0,14299.0,118814.8,13.0,118815.1,200.0,118815.8,561.0
1753769569515,06:12:49.515,htx,BTC/USDT:USDT,118815.0,14299.0,118814.8,13.0,118815.1,200.0,118815.8,561.0
1753769569585,06:12:49.585,htx,BTC/USDT:USDT,118815.0,14299.0,118814.8,13.0,118815.1,377.0,118815.8,561.0
1753769569597,06:12:49.597,htx,BTC/USDT:USDT,118815.0,14299.0,118814.8,13.0,118815.1,377.0,118815.8,561.0
1753769569814,06:12:49.814,htx,BTC/USDT:USDT,118815.0,14340.0,118814.8,13.0,118815.1,377.0,118815.8,561.0
1753769569848,06:12:49.848,htx,BTC/USDT:USDT,118815.0,14340.0,118814.8,13.0,118815.1,377.0,118815.3,1.0
1753769569864,06:12:49.864,htx,BTC/USDT:USDT,118815.0,14340.0,118814.8,13.0,118815.1,200.0,118815.3,1.0
1753769569925,06:12:49.925,htx,BTC/USDT:USDT,118815.0,14340.0,118814.8,13.0,118815.1,200.0,118815.3,1.0
1753769570105,06:12:50.105,htx,BTC/USDT:USDT,118815.0,14340.0,118814.8,13.0,118815.1,377.0,118815.3,1.0
1753769570196,06:12:50.196,htx,BTC/USDT:USDT,118815.0,14340.0,118814.8,13.0,118815.1,377.0,118815.8,561.0
1753769570225,06:12:50.225,htx,BTC/USDT:USDT,118815.0,13078.0,118814.8,13.0,118815.1,626.0,118815.8,561.0
1753769570270,06:12:50.270,htx,BTC/USDT:USDT,118815.0,14340.0,118814.8,13.0,118815.1,626.0,118815.8,561.0
1753769570313,06:12:50.313,htx,BTC/USDT:USDT,118815.0,14272.0,118814.8,13.0,118815.1,626.0,118815.8,561.0
1753769570354,06:12:50.354,htx,BTC/USDT:USDT,118815.0,14272.0,118814.8,13.0,118815.1,626.0,118815.8,561.0
1753769570390,06:12:50.390,htx,BTC/USDT:USDT,118815.0,13010.0,118814.8,13.0,118815.1,626.0,118815.3,1.0
1753769570453,06:12:50.453,htx,BTC/USDT:USDT,118815.0,14272.0,118814.8,13.0,118815.1,626.0,118815.3,1.0
1753769570481,06:12:50.481,htx,BTC/USDT:USDT,118815.0,13078.0,118814.8,13.0,118815.1,626.0,118815.3,1.0
1753769570507,06:12:50.507,htx,BTC/USDT:USDT,118815.0,13078.0,118814.8,13.0,118815.1,626.0,118815.3,1.0
1753769570528,06:12:50.528,htx,BTC/USDT:USDT,118815.0,13078.0,118814.8,13.0,118815.1,626.0,118815.8,561.0
1753769570570,06:12:50.570,htx,BTC/USDT:USDT,118815.0,13078.0,118814.8,13.0,118815.1,626.0,118815.8,561.0
1753769570600,06:12:50.600,htx,BTC/USDT:USDT,118815.0,13078.0,118814.8,13.0,118815.1,626.0,118815.8,561.0
1753769570623,06:12:50.623,htx,BTC/USDT:USDT,118815.0,13078.0,118814.8,13.0,118815.1,626.0,118815.3,1.0
1753769570665,06:12:50.665,htx,BTC/USDT:USDT,118815.0,13078.0,118814.8,13.0,118815.1,626.0,118815.3,1.0
1753769570842,06:12:50.842,htx,BTC/USDT:USDT,118815.0,13078.0,118814.8,13.0,118815.1,626.0,118815.3,1.0
1753769570863,06:12:50.863,htx,BTC/USDT:USDT,118815.0,13078.0,118814.8,13.0,118815.1,626.0,118815.3,1.0
1753769570980,06:12:50.980,htx,BTC/USDT:USDT,118815.0,13078.0,118814.8,13.0,118815.1,622.0,118815.3,1.0
1753769571033,06:12:51.033,htx,BTC/USDT:USDT,118815.0,14340.0,118814.8,13.0,118815.1,622.0,118815.3,1.0
1753769571066,06:12:51.066,htx,BTC/USDT:USDT,118815.0,13078.0,118814.8,13.0,118815.1,622.0,118815.2,8.0
1753769571114,06:12:51.114,htx,BTC/USDT:USDT,118815.0,13078.0,118814.8,13.0,118815.1,622.0,118815.3,1.0
1753769571132,06:12:51.132,htx,BTC/USDT:USDT,118815.0,13078.0,118814.8,13.0,118815.1,622.0,118815.8,561.0
1753769571170,06:12:51.170,htx,BTC/USDT:USDT,118815.0,13078.0,118814.8,13.0,118815.1,622.0,118815.8,561.0
1753769571186,06:12:51.186,htx,BTC/USDT:USDT,118815.0,13078.0,118814.8,13.0,118815.1,622.0,118815.4,8.0
1753769571218,06:12:51.218,htx,BTC/USDT:USDT,118815.0,14340.0,118814.8,13.0,118815.1,622.0,118815.8,561.0
1753769571349,06:12:51.349,htx,BTC/USDT:USDT,118815.0,14340.0,118814.8,13.0,118815.1,622.0,118815.3,1.0
1753769571421,06:12:51.421,htx,BTC/USDT:USDT,118815.0,14340.0,118814.8,13.0,118815.1,622.0,118815.3,1.0
1753769571448,06:12:51.448,htx,BTC/USDT:USDT,118815.0,14313.0,118814.8,13.0,118815.1,622.0,118815.3,1.0
1753769571577,06:12:51.577,htx,BTC/USDT:USDT,118815.0,14340.0,118814.8,13.0,118815.1,622.0,118815.3,1.0
1753769571680,06:12:51.680,htx,BTC/USDT:USDT,118815.0,14340.0,118814.8,13.0,118815.1,622.0,118815.3,1.0
1753769571698,06:12:51.698,htx,BTC/USDT:USDT,118815.0,14340.0,118814.8,13.0,118815.1,622.0,118815.3,1.0
1753769571873,06:12:51.873,htx,BTC/USDT:USDT,118815.0,14340.0,118814.8,13.0,118815.1,630.0,118815.3,1.0
1753769571980,06:12:51.980,htx,BTC/USDT:USDT,118815.0,14340.0,118814.8,13.0,118815.1,622.0,118815.3,1.0
1753769572130,06:12:52.130,htx,BTC/USDT:USDT,118815.0,14340.0,118814.8,13.0,118815.1,622.0,118815.8,561.0
1753769572209,06:12:52.209,htx,BTC/USDT:USDT,118815.0,14272.0,118814.8,13.0,118815.1,622.0,118815.8,561.0
1753769572217,06:12:52.217,htx,BTC/USDT:USDT,118815.0,14272.0,118814.8,13.0,118815.1,622.0,118815.3,1.0
1753769572242,06:12:52.242,htx,BTC/USDT:USDT,118815.0,14272.0,118814.8,13.0,118815.1,622.0,118815.3,1.0
1753769572279,06:12:52.279,htx,BTC/USDT:USDT,118815.0,14272.0,118814.8,13.0,118815.1,622.0,118815.3,1.0
1753769572296,06:12:52.296,htx,BTC/USDT:USDT,118815.0,14340.0,118814.8,13.0,118815.1,622.0,118815.8,561.0
1753769572339,06:12:52.339,htx,BTC/USDT:USDT,118815.0,13078.0,118814.8,13.0,118815.1,609.0,118815.8,561.0
1753769572361,06:12:52.361,htx,BTC/USDT:USDT,118815.0,13078.0,118814.8,13.0,118815.1,609.0,118815.8,561.0
1753769572394,06:12:52.394,htx,BTC/USDT:USDT,118815.0,13078.0,118814.8,13.0,118815.1,609.0,118815.8,561.0
1753769572427,06:12:52.427,htx,BTC/USDT:USDT,118815.0,13078.0,118814.8,13.0,118815.1,609.0,118815.8,561.0
1753769572454,06:12:52.454,htx,BTC/USDT:USDT,118815.0,13078.0,118814.8,13.0,118815.1,609.0,118815.8,561.0
1753769572501,06:12:52.501,htx,BTC/USDT:USDT,118815.0,13078.0,118814.8,13.0,118815.1,609.0,118815.3,1.0
1753769572509,06:12:52.509,htx,BTC/USDT:USDT,118815.0,13078.0,118814.8,13.0,118815.1,609.0,118815.3,1.0
1753769572537,06:12:52.537,htx,BTC/USDT:USDT,118815.0,13078.0,118814.8,13.0,118815.1,609.0,118815.8,561.0
1753769572586,06:12:52.586,htx,BTC/USDT:USDT,118815.0,14340.0,118814.8,13.0,118815.1,609.0,118815.8,561.0
1753769572678,06:12:52.678,htx,BTC/USDT:USDT,118815.0,14340.0,118814.8,13.0,118815.1,609.0,118815.8,561.0
1753769572691,06:12:52.691,htx,BTC/USDT:USDT,118815.0,14340.0,118814.8,13.0,118815.1,609.0,118815.8,561.0
1753769573042,06:12:53.042,htx,BTC/USDT:USDT,118815.0,14340.0,118814.8,13.0,118815.1,609.0,118815.7,8.0
1753769573235,06:12:53.235,htx,BTC/USDT:USDT,118815.0,14330.0,118814.8,13.0,118815.1,609.0,118815.8,561.0
1753769573271,06:12:53.271,htx,BTC/USDT:USDT,118815.0,14303.0,118814.8,13.0,118815.1,609.0,118815.8,561.0
1753769573338,06:12:53.338,htx,BTC/USDT:USDT,118815.0,14313.0,118814.8,13.0,118815.1,609.0,118815.8,561.0
1753769573394,06:12:53.394,htx,BTC/USDT:USDT,118815.0,14340.0,118814.8,13.0,118815.1,609.0,118815.8,561.0
1753769573429,06:12:53.429,htx,BTC/USDT:USDT,118815.0,14340.0,118814.8,13.0,118815.1,609.0,118815.3,1.0
1753769573573,06:12:53.573,htx,BTC/USDT:USDT,118815.0,13078.0,118814.8,13.0,118815.1,609.0,118815.3,1.0
1753769573619,06:12:53.619,htx,BTC/USDT:USDT,118815.0,14340.0,118814.8,13.0,118815.1,609.0,118815.3,1.0
1753769573722,06:12:53.722,htx,BTC/USDT:USDT,118815.0,14340.0,118814.8,13.0,118815.1,609.0,118815.8,561.0
1753769573749,06:12:53.749,htx,BTC/USDT:USDT,118815.0,14340.0,118814.8,13.0,118815.1,609.0,118815.8,561.0
1753769573799,06:12:53.799,htx,BTC/USDT:USDT,118815.0,13078.0,118814.8,13.0,118815.1,609.0,118815.8,561.0
1753769573844,06:12:53.844,htx,BTC/USDT:USDT,118815.0,14340.0,118814.8,13.0,118815.1,609.0,118815.8,561.0
1753769573922,06:12:53.922,htx,BTC/USDT:USDT,118815.0,14340.0,118814.8,13.0,118815.1,609.0,118815.3,1.0
1753769573950,06:12:53.950,htx,BTC/USDT:USDT,118815.0,13010.0,118814.8,13.0,118815.1,609.0,118815.3,1.0
1753769573992,06:12:53.992,htx,BTC/USDT:USDT,118815.0,14272.0,118814.8,13.0,118815.1,609.0,118815.3,1.0
1753769574049,06:12:54.049,htx,BTC/USDT:USDT,118815.0,14272.0,118814.8,13.0,118815.1,609.0,118815.3,1.0
1753769574082,06:12:54.082,htx,BTC/USDT:USDT,118815.0,13078.0,118814.8,13.0,118815.1,609.0,118815.3,1.0
1753769574127,06:12:54.127,htx,BTC/USDT:USDT,118815.0,13078.0,118814.8,13.0,118815.1,609.0,118815.3,1.0
1753769574180,06:12:54.180,htx,BTC/USDT:USDT,118815.0,13078.0,118814.8,13.0,118815.1,609.0,118815.3,1.0
1753769574193,06:12:54.193,htx,BTC/USDT:USDT,118815.0,13078.0,118814.8,13.0,118815.1,609.0,118815.3,1.0
1753769574234,06:12:54.234,htx,BTC/USDT:USDT,118815.0,13078.0,118814.8,13.0,118815.1,609.0,118815.2,8.0
1753769574243,06:12:54.243,htx,BTC/USDT:USDT,118815.0,13078.0,118814.8,13.0,118815.1,609.0,118815.2,8.0
1753769574283,06:12:54.283,htx,BTC/USDT:USDT,118815.0,13078.0,118814.8,13.0,118815.1,609.0,118815.4,8.0
1753769574320,06:12:54.320,htx,BTC/USDT:USDT,118815.0,13078.0,118814.8,13.0,118815.1,609.0,118815.3,1.0
1753769574342,06:12:54.342,htx,BTC/USDT:USDT,118815.0,13078.0,118814.8,13.0,118815.1,609.0,118815.3,1.0
1753769574444,06:12:54.444,htx,BTC/USDT:USDT,118815.0,13078.0,118814.8,13.0,118815.1,609.0,118815.3,1.0
1753769574455,06:12:54.455,htx,BTC/USDT:USDT,118815.0,13078.0,118814.8,13.0,118815.1,609.0,118815.3,1.0
1753769574511,06:12:54.511,htx,BTC/USDT:USDT,118815.0,14340.0,118814.8,13.0,118815.1,609.0,118815.3,1.0
1753769574582,06:12:54.582,htx,BTC/USDT:USDT,118815.0,14340.0,118814.8,13.0,118815.1,609.0,118815.8,561.0
1753769574720,06:12:54.720,htx,BTC/USDT:USDT,118815.0,14340.0,118814.8,13.0,118815.1,609.0,118815.8,561.0
1753769574732,06:12:54.732,htx,BTC/USDT:USDT,118815.0,14340.0,118814.8,13.0,118815.1,609.0,118815.8,561.0
1753769574778,06:12:54.778,htx,BTC/USDT:USDT,118815.0,13078.0,118814.8,13.0,118815.1,609.0,118815.8,561.0
1753769574832,06:12:54.832,htx,BTC/USDT:USDT,118815.0,14340.0,118814.8,13.0,118815.1,609.0,118815.3,1.0
1753769574847,06:12:54.847,htx,BTC/USDT:USDT,118815.0,13078.0,118814.8,13.0,118815.1,609.0,118815.3,1.0
1753769574909,06:12:54.909,htx,BTC/USDT:USDT,118815.0,13078.0,118814.8,13.0,118815.1,609.0,118815.3,1.0
1753769574975,06:12:54.975,htx,BTC/USDT:USDT,118815.0,13078.0,118814.8,13.0,118815.1,609.0,118815.3,1.0
1753769575019,06:12:55.019,htx,BTC/USDT:USDT,118815.0,14340.0,118814.8,13.0,118815.1,609.0,118815.3,1.0
1753769575023,06:12:55.023,htx,BTC/USDT:USDT,118815.0,13078.0,118814.8,13.0,118815.1,609.0,118815.3,1.0
1753769575115,06:12:55.115,htx,BTC/USDT:USDT,118815.0,14340.0,118814.8,13.0,118815.1,609.0,118815.3,1.0
1753769575340,06:12:55.340,htx,BTC/USDT:USDT,118815.0,14313.0,118814.8,13.0,118815.1,609.0,118815.3,1.0
1753769575465,06:12:55.465,htx,BTC/USDT:USDT,118815.0,14340.0,118814.8,13.0,118815.1,609.0,118815.3,1.0
1753769575508,06:12:55.508,htx,BTC/USDT:USDT,118815.0,13078.0,118814.8,13.0,118815.1,609.0,118815.3,1.0
1753769575547,06:12:55.547,htx,BTC/USDT:USDT,118815.0,14340.0,118814.8,13.0,118815.1,609.0,118815.8,561.0
1753769575639,06:12:55.639,htx,BTC/USDT:USDT,118815.0,14340.0,118814.8,13.0,118815.1,609.0,118815.8,561.0
1753769575829,06:12:55.829,htx,BTC/USDT:USDT,118815.0,14340.0,118814.8,13.0,118815.1,609.0,118815.3,1.0
1753769575966,06:12:55.966,htx,BTC/USDT:USDT,118815.0,14340.0,118814.8,13.0,118815.1,609.0,118815.3,1.0
1753769575984,06:12:55.984,htx,BTC/USDT:USDT,118815.0,14340.0,118814.8,13.0,118815.1,609.0,118815.8,561.0
1753769576013,06:12:56.013,htx,BTC/USDT:USDT,118815.0,14272.0,118814.8,13.0,118815.1,609.0,118815.8,561.0
1753769576059,06:12:56.059,htx,BTC/USDT:USDT,118815.0,13010.0,118814.8,13.0,118815.1,609.0,118815.8,561.0
1753769576079,06:12:56.079,htx,BTC/USDT:USDT,118815.0,13010.0,118814.8,13.0,118815.1,432.0,118815.8,561.0
1753769576108,06:12:56.108,htx,BTC/USDT:USDT,118815.0,14272.0,118814.8,13.0,118815.1,432.0,118815.3,1.0
1753769576178,06:12:56.178,htx,BTC/USDT:USDT,118815.0,14340.0,118814.8,13.0,118815.1,432.0,118815.8,561.0
1753769576194,06:12:56.194,htx,BTC/USDT:USDT,118815.0,14340.0,118814.8,13.0,118815.1,432.0,118815.8,561.0
1753769576249,06:12:56.249,htx,BTC/USDT:USDT,118815.0,14340.0,118814.8,13.0,118815.1,432.0,118815.3,1.0
1753769576262,06:12:56.262,htx,BTC/USDT:USDT,118815.0,14340.0,118814.8,13.0,118815.1,432.0,118815.3,1.0
1753769576335,06:12:56.335,htx,BTC/USDT:USDT,118815.0,14340.0,118814.8,13.0,118815.1,432.0,118815.3,1.0
1753769576379,06:12:56.379,htx,BTC/USDT:USDT,118815.0,14340.0,118814.8,13.0,118815.1,432.0,118815.8,561.0
1753769576536,06:12:56.536,htx,BTC/USDT:USDT,118815.0,14340.0,118814.8,13.0,118815.1,432.0,118815.3,1.0
1753769576556,06:12:56.556,htx,BTC/USDT:USDT,118815.0,14340.0,118814.8,13.0,118815.1,432.0,118815.8,561.0
1753769576590,06:12:56.590,htx,BTC/USDT:USDT,118815.0,14340.0,118814.8,13.0,118815.1,432.0,118815.8,561.0
1753769576636,06:12:56.636,htx,BTC/USDT:USDT,118815.0,14340.0,118814.8,13.0,118815.1,429.0,118815.8,561.0
1753769576667,06:12:56.667,htx,BTC/USDT:USDT,118815.0,14340.0,118814.8,13.0,118815.1,402.0,118815.8,561.0
1753769576686,06:12:56.686,htx,BTC/USDT:USDT,118815.0,14340.0,118814.8,13.0,118815.1,388.0,118815.8,561.0
1753769576705,06:12:56.705,htx,BTC/USDT:USDT,118815.0,14340.0,118814.8,13.0,118815.1,378.0,118815.8,561.0
1753769576783,06:12:56.783,htx,BTC/USDT:USDT,118815.0,14340.0,118814.8,13.0,118815.1,378.0,118815.8,561.0
1753769576874,06:12:56.874,htx,BTC/USDT:USDT,118815.0,13078.0,118814.8,13.0,118815.1,378.0,118815.8,561.0
1753769576884,06:12:56.884,htx,BTC/USDT:USDT,118815.0,13078.0,118814.8,13.0,118815.1,378.0,118815.3,1.0
1753769576925,06:12:56.925,htx,BTC/USDT:USDT,118815.0,13078.0,118814.8,13.0,118815.1,378.0,118815.3,1.0
1753769576943,06:12:56.943,htx,BTC/USDT:USDT,118815.0,13078.0,118814.8,13.0,118815.1,378.0,118815.3,1.0
1753769577018,06:12:57.018,htx,BTC/USDT:USDT,118815.0,13078.0,118814.8,13.0,118815.1,378.0,118815.8,561.0
1753769577048,06:12:57.048,htx,BTC/USDT:USDT,118815.0,13078.0,118814.8,13.0,118815.1,378.0,118815.8,561.0
1753769577065,06:12:57.065,htx,BTC/USDT:USDT,118815.0,13078.0,118814.8,13.0,118815.1,378.0,118815.8,561.0
1753769577123,06:12:57.123,htx,BTC/USDT:USDT,118815.0,14340.0,118814.8,13.0,118815.1,378.0,118815.3,1.0
1753769577282,06:12:57.282,htx,BTC/USDT:USDT,118815.0,14340.0,118814.8,13.0,118815.1,376.0,118815.3,1.0
1753769577306,06:12:57.306,htx,BTC/USDT:USDT,118815.0,14330.0,118814.8,13.0,118815.1,376.0,118815.3,1.0
1753769577483,06:12:57.483,htx,BTC/USDT:USDT,118815.0,14330.0,118814.8,13.0,118815.1,376.0,118815.8,561.0
1753769577532,06:12:57.532,htx,BTC/USDT:USDT,118815.0,14313.0,118814.8,13.0,118815.1,376.0,118815.8,561.0
1753769577631,06:12:57.631,htx,BTC/USDT:USDT,118815.0,14313.0,118814.8,13.0,118815.1,376.0,118815.8,561.0
1753769577645,06:12:57.645,htx,BTC/USDT:USDT,118815.0,14313.0,118814.8,13.0,118815.1,376.0,118815.8,561.0
1753769577700,06:12:57.700,htx,BTC/USDT:USDT,118815.0,14340.0,118814.8,13.0,118815.1,376.0,118815.8,561.0
1753769577780,06:12:57.780,htx,BTC/USDT:USDT,118815.0,14340.0,118814.8,13.0,118815.1,376.0,118815.3,1.0
1753769577816,06:12:57.816,htx,BTC/USDT:USDT,118815.0,14272.0,118814.8,13.0,118815.1,376.0,118815.3,1.0
1753769577941,06:12:57.941,htx,BTC/USDT:USDT,118815.0,14340.0,118814.8,13.0,118815.1,376.0,118815.3,1.0
1753769578113,06:12:58.113,htx,BTC/USDT:USDT,118815.0,14340.0,118814.8,13.0,118815.1,376.0,118815.8,561.0
1753769578167,06:12:58.167,htx,BTC/USDT:USDT,118815.0,14340.0,118814.8,13.0,118815.1,376.0,118815.8,561.0
1753769578185,06:12:58.185,htx,BTC/USDT:USDT,118815.0,14340.0,118814.8,13.0,118815.1,376.0,118815.8,561.0
1753769578305,06:12:58.305,htx,BTC/USDT:USDT,118815.0,14340.0,118814.8,13.0,118815.1,376.0,118815.3,1.0
1753769578484,06:12:58.484,htx,BTC/USDT:USDT,118815.0,14340.0,118814.8,13.0,118815.1,376.0,118815.8,561.0
1753769578568,06:12:58.568,htx,BTC/USDT:USDT,118815.0,14340.0,118814.8,13.0,118815.1,376.0,118815.8,561.0
1753769578593,06:12:58.593,htx,BTC/USDT:USDT,118815.0,14340.0,118814.8,13.0,118815.1,376.0,118815.3,1.0
1753769578848,06:12:58.848,htx,BTC/USDT:USDT,118815.0,14340.0,118814.8,13.0,118815.1,376.0,118815.8,561.0
1753769578927,06:12:58.927,htx,BTC/USDT:USDT,118815.0,14340.0,118814.8,13.0,118815.1,376.0,118815.8,561.0
1753769579269,06:12:59.269,htx,BTC/USDT:USDT,118815.0,14340.0,118814.8,13.0,118815.1,376.0,118815.3,1.0
1753769579330,06:12:59.330,htx,BTC/USDT:USDT,118815.0,14340.0,118814.8,13.0,118815.1,376.0,118815.3,1.0
1753769579678,06:12:59.678,htx,BTC/USDT:USDT,118815.0,14313.0,118814.8,13.0,118815.1,376.0,118815.3,1.0
1753769579752,06:12:59.752,htx,BTC/USDT:USDT,118815.0,14245.0,118814.8,13.0,118815.1,376.0,118815.3,1.0
1753769579803,06:12:59.803,htx,BTC/USDT:USDT,118815.0,14272.0,118814.8,13.0,118815.1,376.0,118815.3,1.0
1753769579822,06:12:59.822,htx,BTC/USDT:USDT,118815.0,14272.0,118814.8,13.0,118815.1,376.0,118815.3,1.0
1753769579861,06:12:59.861,htx,BTC/USDT:USDT,118815.0,14272.0,118814.8,13.0,118815.1,376.0,118815.3,1.0
1753769580246,06:13:00.246,htx,BTC/USDT:USDT,118815.0,14340.0,118814.8,13.0,118815.1,376.0,118815.3,1.0
1753769580280,06:13:00.280,htx,BTC/USDT:USDT,118815.0,14340.0,118814.8,13.0,118815.1,376.0,118815.3,1.0
1753769580375,06:13:00.375,htx,BTC/USDT:USDT,118815.0,14340.0,118814.8,13.0,118815.1,376.0,118815.3,1.0
1753769580468,06:13:00.468,htx,BTC/USDT:USDT,118815.0,14340.0,118814.8,13.0,118815.1,376.0,118815.8,561.0
1753769580505,06:13:00.505,htx,BTC/USDT:USDT,118815.0,14340.0,118814.8,13.0,118815.1,376.0,118815.4,8.0
1753769580513,06:13:00.513,htx,BTC/USDT:USDT,118815.0,14340.0,118814.8,13.0,118815.1,376.0,118815.8,561.0
1753769580568,06:13:00.568,htx,BTC/USDT:USDT,118815.0,14340.0,118814.8,13.0,118815.1,376.0,118815.8,561.0
1753769580615,06:13:00.615,htx,BTC/USDT:USDT,118815.0,14340.0,118814.8,13.0,118815.1,376.0,118815.8,561.0
1753769580635,06:13:00.635,htx,BTC/USDT:USDT,118815.0,14340.0,118814.8,13.0,118815.1,360.0,118815.3,1.0
1753769580662,06:13:00.662,htx,BTC/USDT:USDT,118815.0,14340.0,118814.8,13.0,118815.1,354.0,118815.8,561.0
1753769580693,06:13:00.693,htx,BTC/USDT:USDT,118815.0,14340.0,118814.8,13.0,118815.1,249.0,118815.8,561.0
1753769580728,06:13:00.728,htx,BTC/USDT:USDT,118815.0,14340.0,118814.8,13.0,118815.1,175.0,118815.8,561.0
1753769580761,06:13:00.761,htx,BTC/USDT:USDT,118815.0,14340.0,118814.8,13.0,118815.1,400.0,118815.8,561.0
1753769580785,06:13:00.785,htx,BTC/USDT:USDT,118815.0,14340.0,118814.8,13.0,118815.1,400.0,118815.3,1.0
1753769580846,06:13:00.846,htx,BTC/USDT:USDT,118815.0,14340.0,118814.8,13.0,118815.1,223.0,118815.3,1.0
1753769580881,06:13:00.881,htx,BTC/USDT:USDT,118815.0,14340.0,118814.8,13.0,118815.1,223.0,118815.8,561.0
1753769580910,06:13:00.910,htx,BTC/USDT:USDT,118815.0,14340.0,118814.8,13.0,118815.1,400.0,118815.8,561.0
1753769580982,06:13:00.982,htx,BTC/USDT:USDT,118815.0,14340.0,118814.8,13.0,118815.1,334.0,118815.8,561.0
1753769581064,06:13:01.064,htx,BTC/USDT:USDT,118815.0,14340.0,118814.8,13.0,118815.1,334.0,118815.3,1.0
1753769581126,06:13:01.126,htx,BTC/USDT:USDT,118815.0,14340.0,118814.8,13.0,118815.1,334.0,118815.3,1.0
1753769581164,06:13:01.164,htx,BTC/USDT:USDT,118815.0,14340.0,118814.8,13.0,118815.1,334.0,118815.3,1.0
1753769581175,06:13:01.175,htx,BTC/USDT:USDT,118815.0,14340.0,118814.8,13.0,118815.1,334.0,118815.3,1.0
1753769581320,06:13:01.320,htx,BTC/USDT:USDT,118815.0,14340.0,118814.8,13.0,118815.1,334.0,118815.3,1.0
1753769581333,06:13:01.333,htx,BTC/USDT:USDT,118815.0,14340.0,118814.8,13.0,118815.1,334.0,118815.3,1.0
1753769581424,06:13:01.424,htx,BTC/USDT:USDT,118815.0,14340.0,118814.8,13.0,118815.1,334.0,118815.3,9.0
1753769581467,06:13:01.467,htx,BTC/USDT:USDT,118815.0,14313.0,118814.8,13.0,118815.1,334.0,118815.3,1.0
1753769581487,06:13:01.487,htx,BTC/USDT:USDT,118815.0,13051.0,118814.8,13.0,118815.1,334.0,118815.3,1.0
1753769581506,06:13:01.506,htx,BTC/USDT:USDT,118815.0,12983.0,118814.8,13.0,118815.1,334.0,118815.3,1.0
1753769581594,06:13:01.594,htx,BTC/USDT:USDT,118815.0,14272.0,118814.8,13.0,118815.1,334.0,118815.3,1.0
1753769581627,06:13:01.627,htx,BTC/USDT:USDT,118815.0,14340.0,118814.8,13.0,118815.1,334.0,118815.3,1.0
1753769581745,06:13:01.745,htx,BTC/USDT:USDT,118815.0,14340.0,118814.8,13.0,118815.1,334.0,118815.3,1.0
1753769581787,06:13:01.787,htx,BTC/USDT:USDT,118815.0,14340.0,118814.8,13.0,118815.1,334.0,118815.8,561.0
1753769581839,06:13:01.839,htx,BTC/USDT:USDT,118815.0,13078.0,118814.8,13.0,118815.1,509.0,118815.8,561.0
1753769581877,06:13:01.877,htx,BTC/USDT:USDT,118815.0,13078.0,118814.8,13.0,118815.1,509.0,118815.3,1.0
1753769581921,06:13:01.921,htx,BTC/USDT:USDT,118815.0,13078.0,118814.8,13.0,118815.1,474.0,118815.3,1.0
1753769582111,06:13:02.111,htx,BTC/USDT:USDT,118815.0,13078.0,118814.8,13.0,118815.1,474.0,118815.3,1.0
1753769582167,06:13:02.167,htx,BTC/USDT:USDT,118815.0,13078.0,118814.8,13.0,118815.1,474.0,118815.3,1.0
1753769582252,06:13:02.252,htx,BTC/USDT:USDT,118815.0,13078.0,118814.8,13.0,118815.1,474.0,118815.3,1.0
1753769582269,06:13:02.269,htx,BTC/USDT:USDT,118815.0,13078.0,118814.8,13.0,118815.1,474.0,118815.3,1.0
1753769582293,06:13:02.293,htx,BTC/USDT:USDT,118815.0,13078.0,118814.8,13.0,118815.1,474.0,118815.3,1.0
1753769582330,06:13:02.330,htx,BTC/USDT:USDT,118815.0,13078.0,118814.8,13.0,118815.1,474.0,118815.8,561.0
1753769582355,06:13:02.355,htx,BTC/USDT:USDT,118815.0,13078.0,118814.8,13.0,118815.1,474.0,118815.8,561.0
1753769582395,06:13:02.395,htx,BTC/USDT:USDT,118815.0,13078.0,118814.8,13.0,118815.1,474.0,118815.8,561.0
1753769582411,06:13:02.411,htx,BTC/USDT:USDT,118815.0,13078.0,118814.8,13.0,118815.1,474.0,118815.8,561.0
1753769582438,06:13:02.438,htx,BTC/USDT:USDT,118815.0,13078.0,118814.8,13.0,118815.1,509.0,118815.8,561.0
1753769582467,06:13:02.467,htx,BTC/USDT:USDT,118815.0,13078.0,118814.8,13.0,118815.1,509.0,118815.3,1.0
1753769582502,06:13:02.502,htx,BTC/USDT:USDT,118815.0,13078.0,118814.8,13.0,118815.1,509.0,118815.3,1.0
1753769582603,06:13:02.603,htx,BTC/USDT:USDT,118815.0,13078.0,118814.8,13.0,118815.1,509.0,118815.7,46.0
1753769582613,06:13:02.613,htx,BTC/USDT:USDT,118815.0,13078.0,118814.8,13.0,118815.1,578.0,118815.7,46.0
1753769582673,06:13:02.673,htx,BTC/USDT:USDT,118815.0,13078.0,118814.8,13.0,118815.1,578.0,118815.7,46.0
1753769582707,06:13:02.707,htx,BTC/USDT:USDT,118815.0,13078.0,118814.8,13.0,118815.1,613.0,118815.7,46.0
1753769582741,06:13:02.741,htx,BTC/USDT:USDT,118815.0,13078.0,118814.8,13.0,118815.1,624.0,118815.3,1.0
1753769582827,06:13:02.827,htx,BTC/USDT:USDT,118815.0,13078.0,118814.8,13.0,118815.1,624.0,118815.3,1.0
1753769582873,06:13:02.873,htx,BTC/USDT:USDT,118815.0,13078.0,118814.8,13.0,118815.1,624.0,118815.3,1.0
1753769582909,06:13:02.909,htx,BTC/USDT:USDT,118815.0,13078.0,118814.8,13.0,118815.1,624.0,118815.6,35.0
1753769582941,06:13:02.941,htx,BTC/USDT:USDT,118815.0,13078.0,118814.8,13.0,118815.1,624.0,118815.6,35.0
1753769582983,06:13:02.983,htx,BTC/USDT:USDT,118815.0,13078.0,118814.8,13.0,118815.1,659.0,118815.3,1.0
1753769583014,06:13:03.014,htx,BTC/USDT:USDT,118815.0,13078.0,118814.8,13.0,118815.1,659.0,118815.2,46.0
1753769583105,06:13:03.105,htx,BTC/USDT:USDT,118815.0,13078.0,118814.8,13.0,118815.1,659.0,118815.2,46.0
1753769583133,06:13:03.133,htx,BTC/USDT:USDT,118815.0,13078.0,118814.8,13.0,118815.1,659.0,118815.2,46.0
1753769583165,06:13:03.165,htx,BTC/USDT:USDT,118815.0,13078.0,118814.8,13.0,118815.1,624.0,118815.2,46.0
1753769583225,06:13:03.225,htx,BTC/USDT:USDT,118815.0,13078.0,118814.8,13.0,118815.1,624.0,118815.2,46.0
1753769583253,06:13:03.253,htx,BTC/USDT:USDT,118815.0,13051.0,118814.8,13.0,118815.1,659.0,118815.2,46.0
1753769583325,06:13:03.325,htx,BTC/USDT:USDT,118815.0,13051.0,118814.8,13.0,118815.1,659.0,118815.2,46.0
1753769583377,06:13:03.377,htx,BTC/USDT:USDT,118815.0,13078.0,118814.8,13.0,118815.1,659.0,118815.2,46.0
1753769583514,06:13:03.514,htx,BTC/USDT:USDT,118815.0,13078.0,118814.8,13.0,118815.1,659.0,118815.2,46.0
1753769583613,06:13:03.613,htx,BTC/USDT:USDT,118815.0,13010.0,118814.8,13.0,118815.1,659.0,118815.2,46.0
1753769583740,06:13:03.740,htx,BTC/USDT:USDT,118815.0,13078.0,118814.8,13.0,118815.1,659.0,118815.2,46.0
1753769583793,06:13:03.793,htx,BTC/USDT:USDT,118815.0,13078.0,118814.8,13.0,118815.1,659.0,118815.2,46.0
1753769583951,06:13:03.951,htx,BTC/USDT:USDT,118815.0,13078.0,118814.8,13.0,118815.1,694.0,118815.2,46.0
1753769584021,06:13:04.021,htx,BTC/USDT:USDT,118815.0,13078.0,118814.8,13.0,118815.1,694.0,118815.2,46.0
1753769584045,06:13:04.045,htx,BTC/USDT:USDT,118815.0,13078.0,118814.8,13.0,118815.1,694.0,118815.2,46.0
1753769584064,06:13:04.064,htx,BTC/USDT:USDT,118815.0,13078.0,118814.8,13.0,118815.1,694.0,118815.2,46.0
1753769584116,06:13:04.116,htx,BTC/USDT:USDT,118815.0,13078.0,118814.8,13.0,118815.1,694.0,118815.2,46.0
1753769584383,06:13:04.383,htx,BTC/USDT:USDT,118815.0,13078.0,118814.8,13.0,118815.1,694.0,118815.2,46.0
1753769584486,06:13:04.486,htx,BTC/USDT:USDT,118815.0,13078.0,118814.8,13.0,118815.1,694.0,118815.2,46.0
1753769584504,06:13:04.504,htx,BTC/USDT:USDT,118815.0,13078.0,118814.8,13.0,118815.1,694.0,118815.2,46.0
1753769584903,06:13:04.903,htx,BTC/USDT:USDT,118815.0,13078.0,118814.8,13.0,118815.1,694.0,118815.2,46.0
1753769584930,06:13:04.930,htx,BTC/USDT:USDT,118815.0,13078.0,118814.8,13.0,118815.1,659.0,118815.2,81.0
1753769585264,06:13:05.264,htx,BTC/USDT:USDT,118815.0,13078.0,118814.8,13.0,118815.1,649.0,118815.2,81.0
1753769585286,06:13:05.286,htx,BTC/USDT:USDT,118815.0,13051.0,118814.8,13.0,118815.1,635.0,118815.2,81.0
1753769585316,06:13:05.316,htx,BTC/USDT:USDT,118815.0,13051.0,118814.8,13.0,118815.1,611.0,118815.2,46.0
1753769585378,06:13:05.378,htx,BTC/USDT:USDT,118815.0,13051.0,118814.8,13.0,118815.1,416.0,118815.2,46.0
1753769585393,06:13:05.393,htx,BTC/USDT:USDT,118815.0,12983.0,118814.8,13.0,118815.1,416.0,118815.2,46.0
1753769585408,06:13:05.408,htx,BTC/USDT:USDT,118815.0,13010.0,118814.8,13.0,118815.1,416.0,118815.2,46.0
1753769585463,06:13:05.463,htx,BTC/USDT:USDT,118815.0,13010.0,118814.8,13.0,118815.1,370.0,118815.3,1.0
1753769585506,06:13:05.506,htx,BTC/USDT:USDT,118815.0,13078.0,118814.8,13.0,118815.1,370.0,118815.3,1.0
1753769585541,06:13:05.541,htx,BTC/USDT:USDT,118815.0,13078.0,118814.8,13.0,118815.1,370.0,118815.8,561.0
1753769585613,06:13:05.613,htx,BTC/USDT:USDT,118815.0,13068.0,118814.8,13.0,118815.1,370.0,118815.8,561.0
1753769585657,06:13:05.657,htx,BTC/USDT:USDT,118815.0,13068.0,118814.8,13.0,118815.1,370.0,118815.8,561.0
1753769585792,06:13:05.792,htx,BTC/USDT:USDT,118815.0,13068.0,118814.8,13.0,118815.1,370.0,118815.8,561.0
1753769585799,06:13:05.799,htx,BTC/USDT:USDT,118815.0,13068.0,118814.8,13.0,118815.1,370.0,118815.3,1.0
1753769585828,06:13:05.828,htx,BTC/USDT:USDT,118815.0,13068.0,118814.8,13.0,118815.1,370.0,118815.3,1.0
1753769585942,06:13:05.942,htx,BTC/USDT:USDT,118815.0,13068.0,118814.8,13.0,118815.1,370.0,118815.8,561.0
1753769585955,06:13:05.955,htx,BTC/USDT:USDT,118815.0,13068.0,118814.8,13.0,118815.1,370.0,118815.8,561.0
1753769586017,06:13:06.017,htx,BTC/USDT:USDT,118815.0,13068.0,118814.8,13.0,118815.1,370.0,118815.8,561.0
1753769586035,06:13:06.035,htx,BTC/USDT:USDT,118815.0,13068.0,118814.8,13.0,118815.1,370.0,118815.8,561.0
1753769586067,06:13:06.067,htx,BTC/USDT:USDT,118815.0,13066.0,118814.8,13.0,118815.1,370.0,118815.8,561.0
1753769586126,06:13:06.126,htx,BTC/USDT:USDT,118815.0,13066.0,118814.8,13.0,118815.1,370.0,118815.8,561.0
1753769586177,06:13:06.177,htx,BTC/USDT:USDT,118815.0,13066.0,118814.8,13.0,118815.1,370.0,118815.8,561.0
1753769586187,06:13:06.187,htx,BTC/USDT:USDT,118815.0,13066.0,118814.8,13.0,118815.1,370.0,118815.8,561.0
1753769586216,06:13:06.216,htx,BTC/USDT:USDT,118815.0,13066.0,118814.8,13.0,118815.1,370.0,118815.8,561.0
1753769586269,06:13:06.269,htx,BTC/USDT:USDT,118815.0,13066.0,118814.8,13.0,118815.1,370.0,118815.8,561.0
1753769586290,06:13:06.290,htx,BTC/USDT:USDT,118815.0,13066.0,118814.8,13.0,118815.1,370.0,118815.8,561.0
1753769586401,06:13:06.401,htx,BTC/USDT:USDT,118815.0,13066.0,118814.8,13.0,118815.1,370.0,118815.8,561.0
1753769586465,06:13:06.465,htx,BTC/USDT:USDT,118815.0,13066.0,118814.8,13.0,118815.1,370.0,118815.8,561.0
1753769586628,06:13:06.628,htx,BTC/USDT:USDT,118815.0,13066.0,118814.8,13.0,118815.1,367.0,118815.8,561.0
1753769586635,06:13:06.635,htx,BTC/USDT:USDT,118815.0,13066.0,118814.8,13.0,118815.1,367.0,118815.8,561.0
1753769586680,06:13:06.680,htx,BTC/USDT:USDT,118815.0,13066.0,118814.8,13.0,118815.1,367.0,118815.3,1.0
1753769586701,06:13:06.701,htx,BTC/USDT:USDT,118815.0,13066.0,118814.8,13.0,118815.1,367.0,118815.3,1.0
1753769586733,06:13:06.733,htx,BTC/USDT:USDT,118815.0,13066.0,118814.8,13.0,118815.1,367.0,118815.8,561.0
1753769586787,06:13:06.787,htx,BTC/USDT:USDT,118815.0,13066.0,118814.8,13.0,118815.1,367.0,118815.8,561.0
1753769586824,06:13:06.824,htx,BTC/USDT:USDT,118815.0,13066.0,118814.8,13.0,118815.1,366.0,118815.8,561.0
1753769586850,06:13:06.850,htx,BTC/USDT:USDT,118815.0,13066.0,118814.8,13.0,118815.1,366.0,118815.8,561.0
1753769587063,06:13:07.063,htx,BTC/USDT:USDT,118815.0,13066.0,118814.8,13.0,118815.1,366.0,118815.8,561.0
1753769587086,06:13:07.086,htx,BTC/USDT:USDT,118815.0,13066.0,118814.8,13.0,118815.1,366.0,118815.3,1.0
1753769587156,06:13:07.156,htx,BTC/USDT:USDT,118815.0,12971.0,118814.8,13.0,118815.1,366.0,118815.3,1.0
1753769587232,06:13:07.232,htx,BTC/USDT:USDT,118815.0,12998.0,118814.8,13.0,118815.1,366.0,118815.3,1.0
1753769587279,06:13:07.279,htx,BTC/USDT:USDT,118815.0,13066.0,118814.8,13.0,118815.1,366.0,118815.3,1.0
1753769587605,06:13:07.605,htx,BTC/USDT:USDT,118815.0,13066.0,118814.8,13.0,118815.1,366.0,118815.8,561.0
1753769587632,06:13:07.632,htx,BTC/USDT:USDT,118815.0,13066.0,118814.8,13.0,118815.1,366.0,118815.8,561.0
1753769587698,06:13:07.698,htx,BTC/USDT:USDT,118815.0,13056.0,118814.8,13.0,118815.1,366.0,118815.8,561.0
1753769588031,06:13:08.031,htx,BTC/USDT:USDT,118815.0,13056.0,118814.8,13.0,118815.1,366.0,118815.3,1.0
1753769588059,06:13:08.059,htx,BTC/USDT:USDT,118815.0,13056.0,118814.8,13.0,118815.1,366.0,118815.3,1.0
1753769588082,06:13:08.082,htx,BTC/USDT:USDT,118815.0,13056.0,118814.8,13.0,118815.1,541.0,118815.3,1.0
1753769588118,06:13:08.118,htx,BTC/USDT:USDT,118815.0,13056.0,118814.8,13.0,118815.1,541.0,118815.3,1.0
1753769588133,06:13:08.133,htx,BTC/USDT:USDT,118815.0,13056.0,118814.8,13.0,118815.1,541.0,118815.3,1.0
1753769588414,06:13:08.414,htx,BTC/USDT:USDT,118815.0,13056.0,118814.8,13.0,118815.1,541.0,118815.3,1.0
1753769588466,06:13:08.466,htx,BTC/USDT:USDT,118815.0,13056.0,118814.8,13.0,118815.1,506.0,118815.3,1.0
1753769588527,06:13:08.527,htx,BTC/USDT:USDT,118815.0,13056.0,118814.8,13.0,118815.1,506.0,118815.3,1.0
1753769588554,06:13:08.554,htx,BTC/USDT:USDT,118815.0,13056.0,118814.8,13.0,118815.1,506.0,118815.8,607.0
1753769588866,06:13:08.866,htx,BTC/USDT:USDT,118815.0,13056.0,118814.8,13.0,118815.1,506.0,118815.8,607.0
1753769588893,06:13:08.893,htx,BTC/USDT:USDT,118815.0,13056.0,118814.8,13.0,118815.1,506.0,118815.8,607.0
1753769588920,06:13:08.920,htx,BTC/USDT:USDT,118815.0,13056.0,118814.8,13.0,118815.1,541.0,118815.8,607.0
1753769589034,06:13:09.034,htx,BTC/USDT:USDT,118815.0,12988.0,118814.8,13.0,118815.1,541.0,118815.8,607.0
1753769589075,06:13:09.075,htx,BTC/USDT:USDT,118815.0,12988.0,118814.8,13.0,118815.1,541.0,118815.3,1.0
1753769589104,06:13:09.104,htx,BTC/USDT:USDT,118815.0,12988.0,118814.8,13.0,118815.1,506.0,118815.8,607.0
1753769589127,06:13:09.127,htx,BTC/USDT:USDT,118815.0,12961.0,118814.8,13.0,118815.1,506.0,118815.8,607.0
1753769589162,06:13:09.162,htx,BTC/USDT:USDT,118815.0,13029.0,118814.8,13.0,118815.1,622.0,118815.3,1.0
1753769589186,06:13:09.186,htx,BTC/USDT:USDT,118815.0,13029.0,118814.8,13.0,118815.1,622.0,118815.3,1.0
1753769589237,06:13:09.237,htx,BTC/USDT:USDT,118815.0,13056.0,118814.8,13.0,118815.1,622.0,118815.3,1.0
1753769589396,06:13:09.396,htx,BTC/USDT:USDT,118815.0,13056.0,118814.8,13.0,118815.1,622.0,118815.8,607.0
1753769589451,06:13:09.451,htx,BTC/USDT:USDT,118815.0,13056.0,118814.8,13.0,118815.1,587.0,118815.3,1.0
1753769589459,06:13:09.459,htx,BTC/USDT:USDT,118815.0,13056.0,118814.8,13.0,118815.1,587.0,118815.3,1.0
1753769589494,06:13:09.494,htx,BTC/USDT:USDT,118815.0,13056.0,118814.8,13.0,118815.1,587.0,118815.3,1.0
1753769589521,06:13:09.521,htx,BTC/USDT:USDT,118815.0,13056.0,118814.8,13.0,118815.1,587.0,118815.3,1.0
1753769589555,06:13:09.555,htx,BTC/USDT:USDT,118815.0,13056.0,118814.8,13.0,118815.1,587.0,118815.8,607.0
1753769589627,06:13:09.627,htx,BTC/USDT:USDT,118815.0,13056.0,118814.8,13.0,118815.1,622.0,118815.8,607.0
1753769589852,06:13:09.852,htx,BTC/USDT:USDT,118815.0,13056.0,118814.8,13.0,118815.1,622.0,118815.8,642.0
1753769589915,06:13:09.915,htx,BTC/USDT:USDT,118815.0,13056.0,118814.8,13.0,118815.1,587.0,118815.8,642.0
1753769589963,06:13:09.963,htx,BTC/USDT:USDT,118815.0,13056.0,118814.8,13.0,118815.1,587.0,118815.8,642.0
1753769589999,06:13:09.999,htx,BTC/USDT:USDT,118815.0,13056.0,118814.8,13.0,118815.1,622.0,118815.3,1.0
1753769590027,06:13:10.027,htx,BTC/USDT:USDT,118815.0,13056.0,118814.8,13.0,118815.1,622.0,118815.3,1.0
1753769590096,06:13:10.096,htx,BTC/USDT:USDT,118815.0,13056.0,118814.8,13.0,118815.1,587.0,118815.3,1.0
1753769590116,06:13:10.116,htx,BTC/USDT:USDT,118815.0,13056.0,118814.8,13.0,118815.1,587.0,118815.3,1.0
1753769590162,06:13:10.162,htx,BTC/USDT:USDT,118815.0,13056.0,118814.8,13.0,118815.1,622.0,118815.2,46.0
1753769590210,06:13:10.210,htx,BTC/USDT:USDT,118815.0,13056.0,118814.8,13.0,118815.1,622.0,118815.2,46.0
1753769590333,06:13:10.333,htx,BTC/USDT:USDT,118815.0,13056.0,118814.8,13.0,118815.1,622.0,118815.2,46.0
1753769590402,06:13:10.402,htx,BTC/USDT:USDT,118815.0,13056.0,118814.8,13.0,118815.1,622.0,118815.2,46.0
1753769590427,06:13:10.427,htx,BTC/USDT:USDT,118815.0,13056.0,118814.8,13.0,118815.1,622.0,118815.2,46.0
1753769590476,06:13:10.476,htx,BTC/USDT:USDT,118815.0,13056.0,118814.8,13.0,118815.1,622.0,118815.2,46.0
1753769590630,06:13:10.630,htx,BTC/USDT:USDT,118815.0,13056.0,118814.8,13.0,118815.1,622.0,118815.2,46.0
1753769590689,06:13:10.689,htx,BTC/USDT:USDT,118815.0,13056.0,118814.8,13.0,118815.1,506.0,118815.8,561.0
1753769590726,06:13:10.726,htx,BTC/USDT:USDT,118815.0,13056.0,118814.8,13.0,118815.1,506.0,118815.8,561.0
1753769590743,06:13:10.743,htx,BTC/USDT:USDT,118815.0,13056.0,118814.8,13.0,118815.1,506.0,118815.8,561.0
1753769590784,06:13:10.784,htx,BTC/USDT:USDT,118815.0,13056.0,118814.8,13.0,118815.1,506.0,118815.3,1.0
1753769590816,06:13:10.816,htx,BTC/USDT:USDT,118815.0,13056.0,118814.8,13.0,118815.1,506.0,118815.3,1.0
1753769590880,06:13:10.880,htx,BTC/USDT:USDT,118815.0,13056.0,118814.8,13.0,118815.1,506.0,118815.3,1.0
1753769590895,06:13:10.895,htx,BTC/USDT:USDT,118815.0,13056.0,118814.8,13.0,118815.1,506.0,118815.8,561.0
1753769590935,06:13:10.935,htx,BTC/USDT:USDT,118815.0,13029.0,118814.8,13.0,118815.1,506.0,118815.8,561.0
1753769590967,06:13:10.967,htx,BTC/USDT:USDT,118815.0,13029.0,118814.8,13.0,118815.1,506.0,118815.8,561.0
1753769590995,06:13:10.995,htx,BTC/USDT:USDT,118815.0,13029.0,118814.8,13.0,118815.1,506.0,118815.8,561.0
1753769591020,06:13:11.020,htx,BTC/USDT:USDT,118815.0,13029.0,118814.8,13.0,118815.1,506.0,118815.8,561.0
1753769591058,06:13:11.058,htx,BTC/USDT:USDT,118815.0,12961.0,118814.8,13.0,118815.1,506.0,118815.8,561.0
1753769591088,06:13:11.088,htx,BTC/USDT:USDT,118815.0,12988.0,118814.8,13.0,118815.1,506.0,118815.8,561.0
1753769591127,06:13:11.127,htx,BTC/USDT:USDT,118815.0,12988.0,118814.8,13.0,118815.1,506.0,118815.8,561.0
1753769591162,06:13:11.162,htx,BTC/USDT:USDT,118815.0,13056.0,118814.8,13.0,118815.1,506.0,118815.8,561.0
1753769591192,06:13:11.192,htx,BTC/USDT:USDT,118815.0,13056.0,118814.8,13.0,118815.1,506.0,118815.8,561.0
1753769591270,06:13:11.270,htx,BTC/USDT:USDT,118815.0,13056.0,118814.8,13.0,118815.1,506.0,118815.3,1.0
1753769591293,06:13:11.293,htx,BTC/USDT:USDT,118815.0,13056.0,118814.8,13.0,118815.1,506.0,118815.3,1.0
1753769591837,06:13:11.837,htx,BTC/USDT:USDT,118815.0,13056.0,118814.8,13.0,118815.1,506.0,118815.8,561.0
1753769591861,06:13:11.861,htx,BTC/USDT:USDT,118815.0,13056.0,118814.8,13.0,118815.1,506.0,118815.8,561.0
1753769591945,06:13:11.945,htx,BTC/USDT:USDT,118815.0,13056.0,118814.8,13.0,118815.1,506.0,118815.8,561.0
1753769591984,06:13:11.984,htx,BTC/USDT:USDT,118815.0,13056.0,118814.8,13.0,118815.1,541.0,118815.8,607.0
1753769592031,06:13:12.031,htx,BTC/USDT:USDT,118815.0,13056.0,118814.8,13.0,118815.1,506.0,118815.8,607.0
1753769592041,06:13:12.041,htx,BTC/USDT:USDT,118815.0,13056.0,118814.8,13.0,118815.1,506.0,118815.8,607.0
1753769592104,06:13:12.104,htx,BTC/USDT:USDT,118815.0,13056.0,118814.8,13.0,118815.1,506.0,118815.8,607.0
1753769592321,06:13:12.321,htx,BTC/USDT:USDT,118815.0,13056.0,118814.8,13.0,118815.1,506.0,118815.3,1.0
1753769592380,06:13:12.380,htx,BTC/USDT:USDT,118815.0,13056.0,118814.8,13.0,118815.1,506.0,118815.3,1.0
1753769592506,06:13:12.506,htx,BTC/USDT:USDT,118815.0,13056.0,118814.8,13.0,118815.1,622.0,118815.3,1.0
1753769592519,06:13:12.519,htx,BTC/USDT:USDT,118815.0,13056.0,118814.8,13.0,118815.1,622.0,118815.3,1.0
1753769592700,06:13:12.700,htx,BTC/USDT:USDT,118815.0,13056.0,118814.8,13.0,118815.1,622.0,118815.3,1.0
1753769592758,06:13:12.758,htx,BTC/USDT:USDT,118815.0,13056.0,118814.8,13.0,118815.1,622.0,118815.3,1.0
1753769592836,06:13:12.836,htx,BTC/USDT:USDT,118815.0,13056.0,118814.8,13.0,118815.1,622.0,118815.8,607.0
1753769592843,06:13:12.843,htx,BTC/USDT:USDT,118815.0,13056.0,118814.8,13.0,118815.1,622.0,118815.8,607.0
1753769592887,06:13:12.887,htx,BTC/USDT:USDT,118815.0,13056.0,118814.8,13.0,118815.1,622.0,118815.7,35.0
1753769592927,06:13:12.927,htx,BTC/USDT:USDT,118815.0,13029.0,118814.8,13.0,118815.1,622.0,118815.7,35.0
1753769592944,06:13:12.944,htx,BTC/USDT:USDT,118815.0,13029.0,118814.8,13.0,118815.1,622.0,118815.6,46.0
1753769592988,06:13:12.988,htx,BTC/USDT:USDT,118815.0,13029.0,118814.8,13.0,118815.1,587.0,118815.3,1.0
1753769593017,06:13:13.017,htx,BTC/USDT:USDT,118815.0,13056.0,118814.8,13.0,118815.1,587.0,118815.3,1.0
1753769593030,06:13:13.030,htx,BTC/USDT:USDT,118815.0,13056.0,118814.8,13.0,118815.1,587.0,118815.3,1.0
1753769593088,06:13:13.088,htx,BTC/USDT:USDT,118815.0,12988.0,118814.8,13.0,118815.1,587.0,118815.3,1.0
1753769593211,06:13:13.211,htx,BTC/USDT:USDT,118815.0,13056.0,118814.8,13.0,118815.1,587.0,118815.3,1.0
1753769593233,06:13:13.233,htx,BTC/USDT:USDT,118815.0,13056.0,118814.8,13.0,118815.1,622.0,118815.3,1.0
1753769593289,06:13:13.289,htx,BTC/USDT:USDT,118815.0,13046.0,118814.8,13.0,118815.1,622.0,118815.3,1.0
1753769593317,06:13:13.317,htx,BTC/USDT:USDT,118815.0,13046.0,118814.8,13.0,118815.1,622.0,118815.6,46.0
1753769593330,06:13:13.330,htx,BTC/USDT:USDT,118815.0,13046.0,118814.8,13.0,118815.1,622.0,118815.6,46.0
1753769593393,06:13:13.393,htx,BTC/USDT:USDT,118815.0,13056.0,118814.8,13.0,118815.1,587.0,118815.6,46.0
1753769593436,06:13:13.436,htx,BTC/USDT:USDT,118815.0,13056.0,118814.8,13.0,118815.1,587.0,118815.3,1.0
1753769593469,06:13:13.469,htx,BTC/USDT:USDT,118815.0,13056.0,118814.8,13.0,118815.1,622.0,118815.2,46.0
1753769593533,06:13:13.533,htx,BTC/USDT:USDT,118815.0,12859.0,118814.8,13.0,118815.1,625.0,118815.2,81.0
1753769593567,06:13:13.567,htx,BTC/USDT:USDT,118815.0,12065.0,118814.8,13.0,118815.1,625.0,118815.2,81.0
1753769593599,06:13:13.599,htx,BTC/USDT:USDT,118815.0,12065.0,118814.8,13.0,118815.1,625.0,118815.2,81.0
1753769593642,06:13:13.642,htx,BTC/USDT:USDT,118815.0,12073.0,118814.8,13.0,118815.1,625.0,118815.2,81.0
1753769593821,06:13:13.821,htx,BTC/USDT:USDT,118815.0,12073.0,118814.8,13.0,118815.1,625.0,118815.2,81.0
1753769593838,06:13:13.838,htx,BTC/USDT:USDT,118815.0,12073.0,118814.8,13.0,118815.1,625.0,118815.2,81.0
1753769593891,06:13:13.891,htx,BTC/USDT:USDT,118815.0,12073.0,118814.8,13.0,118815.1,625.0,118815.2,81.0
1753769594044,06:13:14.044,htx,BTC/USDT:USDT,118815.0,12073.0,118814.8,13.0,118815.1,625.0,118815.2,81.0
1753769594085,06:13:14.085,htx,BTC/USDT:USDT,118815.0,12073.0,118814.8,13.0,118815.1,625.0,118815.2,81.0
1753769594430,06:13:14.430,htx,BTC/USDT:USDT,118815.0,12073.0,118814.8,13.0,118815.1,625.0,118815.2,81.0
1753769594444,06:13:14.444,htx,BTC/USDT:USDT,118815.0,12073.0,118814.8,13.0,118815.1,625.0,118815.2,81.0
1753769594714,06:13:14.714,htx,BTC/USDT:USDT,118815.0,12073.0,118814.8,13.0,118815.1,625.0,118815.2,81.0
1753769594737,06:13:14.737,htx,BTC/USDT:USDT,118815.0,12073.0,118814.8,13.0,118815.1,625.0,118815.2,81.0
1753769594814,06:13:14.814,htx,BTC/USDT:USDT,118815.0,12046.0,118814.8,13.0,118815.1,625.0,118815.2,81.0
1753769594874,06:13:14.874,htx,BTC/USDT:USDT,118815.0,11978.0,118814.8,13.0,118815.1,625.0,118815.2,81.0
1753769594907,06:13:14.907,htx,BTC/USDT:USDT,118815.0,11978.0,118814.8,13.0,118815.1,625.0,118815.2,81.0
1753769594928,06:13:14.928,htx,BTC/USDT:USDT,118815.0,11978.0,118814.8,13.0,118815.1,625.0,118815.2,81.0
1753769594956,06:13:14.956,htx,BTC/USDT:USDT,118815.0,12005.0,118814.8,13.0,118815.1,625.0,118815.2,81.0
1753769595000,06:13:15.000,htx,BTC/USDT:USDT,118815.0,12073.0,118814.8,13.0,118815.1,625.0,118815.2,81.0
1753769595014,06:13:15.014,htx,BTC/USDT:USDT,118815.0,12073.0,118814.8,13.0,118815.1,625.0,118815.2,81.0
1753769595041,06:13:15.041,htx,BTC/USDT:USDT,118815.0,12073.0,118814.8,13.0,118815.1,625.0,118815.2,81.0
1753769595089,06:13:15.089,htx,BTC/USDT:USDT,118815.0,12073.0,118814.8,13.0,118815.1,630.0,118815.2,81.0
1753769595127,06:13:15.127,htx,BTC/USDT:USDT,118815.0,12073.0,118814.8,13.0,118815.1,630.0,118815.2,81.0
1753769595365,06:13:15.365,htx,BTC/USDT:USDT,118815.0,12065.0,118814.8,13.0,118815.1,630.0,118815.2,81.0
1753769595402,06:13:15.402,htx,BTC/USDT:USDT,118815.0,12065.0,118814.8,13.0,118815.1,630.0,118815.2,81.0
1753769595482,06:13:15.482,htx,BTC/USDT:USDT,118815.0,12065.0,118814.8,13.0,118815.1,630.0,118815.2,81.0
1753769595636,06:13:15.636,htx,BTC/USDT:USDT,118815.0,12119.0,118814.8,13.0,118815.1,630.0,118815.2,81.0
1753769596001,06:13:16.001,htx,BTC/USDT:USDT,118815.0,12119.0,118814.8,13.0,118815.1,630.0,118815.2,81.0
1753769596169,06:13:16.169,htx,BTC/USDT:USDT,118815.0,12129.0,118814.8,13.0,118815.1,630.0,118815.2,81.0
1753769596331,06:13:16.331,htx,BTC/USDT:USDT,118815.0,12129.0,118814.8,13.0,118815.1,630.0,118815.2,81.0
1753769596389,06:13:16.389,htx,BTC/USDT:USDT,118815.0,12129.0,118814.8,13.0,118815.1,630.0,118815.2,81.0
1753769596438,06:13:16.438,htx,BTC/USDT:USDT,118815.0,12870.0,118814.8,13.0,118815.1,630.0,118815.2,81.0
1753769596500,06:13:16.500,htx,BTC/USDT:USDT,118815.0,12870.0,118814.8,13.0,118815.1,630.0,118815.2,81.0
1753769596631,06:13:16.631,htx,BTC/USDT:USDT,118815.0,12870.0,118814.8,13.0,118815.1,630.0,118815.2,81.0
1753769596654,06:13:16.654,htx,BTC/USDT:USDT,118815.0,12870.0,118814.8,13.0,118815.1,630.0,118815.2,81.0
1753769596700,06:13:16.700,htx,BTC/USDT:USDT,118815.0,12802.0,118814.8,13.0,118815.1,630.0,118815.2,81.0
1753769596773,06:13:16.773,htx,BTC/USDT:USDT,118815.0,12802.0,118814.8,13.0,118815.1,630.0,118815.2,81.0
1753769596825,06:13:16.825,htx,BTC/USDT:USDT,118815.0,12870.0,118814.8,13.0,118815.1,630.0,118815.2,81.0
1753769596833,06:13:16.833,htx,BTC/USDT:USDT,118815.0,12870.0,118814.8,13.0,118815.1,630.0,118815.2,81.0
1753769596904,06:13:16.904,htx,BTC/USDT:USDT,118815.0,12870.0,118814.8,13.0,118815.1,630.0,118815.2,81.0
1753769596996,06:13:16.996,htx,BTC/USDT:USDT,118815.0,12833.0,118814.8,13.0,118815.1,630.0,118815.2,81.0
1753769597022,06:13:17.022,htx,BTC/USDT:USDT,118815.0,12833.0,118814.8,13.0,118815.1,595.0,118815.2,81.0
1753769597200,06:13:17.200,htx,BTC/USDT:USDT,118815.0,12850.0,118814.8,13.0,118815.1,595.0,118815.2,81.0
1753769597390,06:13:17.390,htx,BTC/USDT:USDT,118815.0,12850.0,118814.8,13.0,118815.1,595.0,118815.2,81.0
1753769597412,06:13:17.412,htx,BTC/USDT:USDT,118815.0,12840.0,118814.8,13.0,118815.1,595.0,118815.2,81.0
1753769597435,06:13:17.435,htx,BTC/USDT:USDT,118815.0,12830.0,118814.8,13.0,118815.1,595.0,118815.2,81.0
1753769597489,06:13:17.489,htx,BTC/USDT:USDT,118815.0,12830.0,118814.8,13.0,118815.1,630.0,118815.2,81.0
1753769597505,06:13:17.505,htx,BTC/USDT:USDT,118815.0,12830.0,118814.8,13.0,118815.1,630.0,118815.2,81.0
1753769597626,06:13:17.626,htx,BTC/USDT:USDT,118815.0,12820.0,118814.8,13.0,118815.1,628.0,118815.2,81.0
1753769597666,06:13:17.666,htx,BTC/USDT:USDT,118815.0,12830.0,118814.8,13.0,118815.1,628.0,118815.2,81.0
1753769597849,06:13:17.849,htx,BTC/USDT:USDT,118815.0,12840.0,118814.8,13.0,118815.1,628.0,118815.2,81.0
1753769597870,06:13:17.870,htx,BTC/USDT:USDT,118815.0,12840.0,118814.8,13.0,118815.1,628.0,118815.2,81.0
1753769598133,06:13:18.133,htx,BTC/USDT:USDT,118815.0,12840.0,118814.8,13.0,118815.1,628.0,118815.2,81.0
1753769598133,06:13:18.133,htx,BTC/USDT:USDT,118815.0,12840.0,118814.8,13.0,118815.1,628.0,118815.2,81.0
1753769598172,06:13:18.172,htx,BTC/USDT:USDT,118815.0,12840.0,118814.8,13.0,118815.1,628.0,118815.2,81.0
1753769598195,06:13:18.195,htx,BTC/USDT:USDT,118815.0,12840.0,118814.8,13.0,118815.1,628.0,118815.2,81.0
1753769598232,06:13:18.232,htx,BTC/USDT:USDT,118815.0,12830.0,118814.8,13.0,118815.1,628.0,118815.2,81.0
1753769598266,06:13:18.266,htx,BTC/USDT:USDT,118815.0,12830.0,118814.8,13.0,118815.1,628.0,118815.2,81.0
1753769598389,06:13:18.389,htx,BTC/USDT:USDT,118815.0,12830.0,118814.8,13.0,118815.1,628.0,118815.2,81.0
1753769598410,06:13:18.410,htx,BTC/USDT:USDT,118815.0,12840.0,118814.8,13.0,118815.1,628.0,118815.2,81.0
1753769598445,06:13:18.445,htx,BTC/USDT:USDT,118815.0,12772.0,118814.8,13.0,118815.1,628.0,118815.2,81.0
1753769598512,06:13:18.512,htx,BTC/USDT:USDT,118815.0,12772.0,118814.8,13.0,118815.1,628.0,118815.2,81.0
1753769598533,06:13:18.533,htx,BTC/USDT:USDT,118815.0,12772.0,118814.8,13.0,118815.1,628.0,118815.2,81.0
1753769598559,06:13:18.559,htx,BTC/USDT:USDT,118815.0,12772.0,118814.8,13.0,118815.1,628.0,118815.2,81.0
1753769598657,06:13:18.657,htx,BTC/USDT:USDT,118815.0,12840.0,118814.8,13.0,118815.1,628.0,118815.2,81.0
1753769598687,06:13:18.687,htx,BTC/USDT:USDT,118815.0,12840.0,118814.8,13.0,118815.1,628.0,118815.2,81.0
1753769599122,06:13:19.122,htx,BTC/USDT:USDT,118815.0,12813.0,118814.8,13.0,118815.1,628.0,118815.2,81.0
1753769599168,06:13:19.168,htx,BTC/USDT:USDT,118815.0,12813.0,118814.8,13.0,118815.1,628.0,118815.2,81.0
1753769599224,06:13:19.224,htx,BTC/USDT:USDT,118815.0,12813.0,118814.8,13.0,118815.1,628.0,118815.2,81.0
1753769599245,06:13:19.245,htx,BTC/USDT:USDT,118815.0,12840.0,118814.8,13.0,118815.1,628.0,118815.2,81.0
1753769599451,06:13:19.451,htx,BTC/USDT:USDT,118815.0,12840.0,118814.8,13.0,118815.1,628.0,118815.2,81.0
1753769599547,06:13:19.547,htx,BTC/USDT:USDT,118815.0,12840.0,118814.8,13.0,118815.1,628.0,118815.2,81.0
1753769599633,06:13:19.633,htx,BTC/USDT:USDT,118815.0,12840.0,118814.8,13.0,118815.1,628.0,118815.2,81.0
1753769599790,06:13:19.790,htx,BTC/USDT:USDT,118815.0,12653.0,118814.8,13.0,118815.1,628.0,118815.2,81.0
1753769599829,06:13:19.829,htx,BTC/USDT:USDT,118815.0,12653.0,118814.8,13.0,118815.1,628.0,118815.2,81.0
1753769599949,06:13:19.949,htx,BTC/USDT:USDT,118815.0,12653.0,118814.8,13.0,118815.1,628.0,118815.2,81.0
1753769600196,06:13:20.196,htx,BTC/USDT:USDT,118815.0,12585.0,118814.8,13.0,118815.1,628.0,118815.2,81.0
1753769600301,06:13:20.301,htx,BTC/USDT:USDT,118815.0,12585.0,118814.8,13.0,118815.1,628.0,118815.2,81.0
1753769600324,06:13:20.324,htx,BTC/USDT:USDT,118815.0,12653.0,118814.8,13.0,118815.1,628.0,118815.2,81.0
1753769600371,06:13:20.371,htx,BTC/USDT:USDT,118815.0,12653.0,118814.8,13.0,118815.1,628.0,118815.2,81.0
1753769600380,06:13:20.380,htx,BTC/USDT:USDT,118815.0,12653.0,118814.8,13.0,118815.1,628.0,118815.2,81.0
1753769600410,06:13:20.410,htx,BTC/USDT:USDT,118815.0,12653.0,118814.8,13.0,118815.1,628.0,118815.2,81.0
1753769600442,06:13:20.442,htx,BTC/USDT:USDT,118815.0,12653.0,118814.8,13.0,118815.1,628.0,118815.2,81.0
1753769600572,06:13:20.572,htx,BTC/USDT:USDT,118815.0,12653.0,118814.8,13.0,118815.1,628.0,118815.2,81.0
1753769600607,06:13:20.607,htx,BTC/USDT:USDT,118815.0,12653.0,118814.8,13.0,118815.1,628.0,118815.2,81.0
1753769600650,06:13:20.650,htx,BTC/USDT:USDT,118815.0,12653.0,118814.8,13.0,118815.1,628.0,118815.2,81.0
1753769600673,06:13:20.673,htx,BTC/USDT:USDT,118815.0,11074.0,118814.8,13.0,118815.1,628.0,118815.2,81.0
1753769600707,06:13:20.707,htx,BTC/USDT:USDT,118815.0,11074.0,118814.8,13.0,118815.1,1979.0,118815.2,81.0
1753769600735,06:13:20.735,htx,BTC/USDT:USDT,118815.0,12652.0,118814.8,13.0,118815.1,1979.0,118815.2,81.0
1753769600830,06:13:20.830,htx,BTC/USDT:USDT,118815.0,11074.0,118814.8,13.0,118815.1,1979.0,118815.2,81.0
1753769600872,06:13:20.872,htx,BTC/USDT:USDT,118815.0,12652.0,118814.8,13.0,118815.1,1979.0,118815.2,81.0
1753769600977,06:13:20.977,htx,BTC/USDT:USDT,118815.0,12652.0,118814.8,13.0,118815.1,1979.0,118815.2,81.0
1753769601018,06:13:21.018,htx,BTC/USDT:USDT,118815.0,12652.0,118814.8,13.0,118815.1,1979.0,118815.2,81.0
1753769601032,06:13:21.032,htx,BTC/USDT:USDT,118815.0,12652.0,118814.8,13.0,118815.1,1979.0,118815.2,81.0
1753769601069,06:13:21.069,htx,BTC/USDT:USDT,118815.0,11074.0,118814.8,13.0,118815.1,1979.0,118815.2,81.0
1753769601177,06:13:21.177,htx,BTC/USDT:USDT,118815.0,12652.0,118814.8,13.0,118815.1,1979.0,118815.2,81.0
1753769601185,06:13:21.185,htx,BTC/USDT:USDT,118815.0,11074.0,118814.8,13.0,118815.1,1979.0,118815.2,81.0
1753769601233,06:13:21.233,htx,BTC/USDT:USDT,118815.0,11047.0,118814.8,13.0,118815.1,1979.0,118815.2,81.0
1753769601283,06:13:21.283,htx,BTC/USDT:USDT,118815.0,12625.0,118814.8,13.0,118815.1,1979.0,118815.2,81.0
1753769601337,06:13:21.337,htx,BTC/USDT:USDT,118815.0,12652.0,118814.8,13.0,118815.1,1979.0,118815.2,81.0
1753769601392,06:13:21.392,htx,BTC/USDT:USDT,118815.0,12652.0,118814.8,13.0,118815.1,1979.0,118815.2,81.0
1753769601461,06:13:21.461,htx,BTC/USDT:USDT,118815.0,11074.0,118814.8,13.0,118815.1,1979.0,118815.2,81.0
1753769601513,06:13:21.513,htx,BTC/USDT:USDT,118815.0,11074.0,118814.8,13.0,118815.1,1979.0,118815.2,81.0
1753769601573,06:13:21.573,htx,BTC/USDT:USDT,118815.0,12652.0,118814.8,13.0,118815.1,1979.0,118815.2,81.0
1753769601687,06:13:21.687,htx,BTC/USDT:USDT,118815.0,11074.0,118814.8,13.0,118815.1,1979.0,118815.2,81.0
1753769601880,06:13:21.880,htx,BTC/USDT:USDT,118815.0,12652.0,118814.8,13.0,118815.1,1979.0,118815.2,81.0
1753769601930,06:13:21.930,htx,BTC/USDT:USDT,118815.0,12652.0,118814.8,13.0,118815.1,1979.0,118815.2,81.0
1753769602055,06:13:22.055,htx,BTC/USDT:USDT,118815.0,11074.0,118814.8,13.0,118815.1,1979.0,118815.2,81.0
1753769602127,06:13:22.127,htx,BTC/USDT:USDT,118815.0,10824.0,118814.8,13.0,118815.1,1979.0,118815.2,81.0
1753769602177,06:13:22.177,htx,BTC/USDT:USDT,118815.0,10824.0,118814.8,13.0,118815.1,1979.0,118815.2,81.0
1753769602219,06:13:22.219,htx,BTC/USDT:USDT,118815.0,12402.0,118814.8,13.0,118815.1,1979.0,118815.2,81.0
1753769602282,06:13:22.282,htx,BTC/USDT:USDT,118815.0,12402.0,118814.8,13.0,118815.1,1979.0,118815.2,81.0
1753769602352,06:13:22.352,htx,BTC/USDT:USDT,118815.0,12402.0,118814.8,13.0,118815.1,1979.0,118815.2,81.0
1753769602354,06:13:22.354,htx,BTC/USDT:USDT,118815.0,12334.0,118814.8,13.0,118815.1,1979.0,118815.2,81.0
1753769602383,06:13:22.383,htx,BTC/USDT:USDT,118815.0,12334.0,118814.8,13.0,118815.1,1979.0,118815.2,81.0
1753769602433,06:13:22.433,htx,BTC/USDT:USDT,118815.0,12334.0,118814.8,13.0,118815.1,1979.0,118815.2,81.0
1753769602451,06:13:22.451,htx,BTC/USDT:USDT,118815.0,12402.0,118814.8,13.0,118815.1,1979.0,118815.2,81.0
1753769602503,06:13:22.503,htx,BTC/USDT:USDT,118815.0,12402.0,118814.8,13.0,118815.1,1979.0,118815.2,81.0
1753769602541,06:13:22.541,htx,BTC/USDT:USDT,118815.0,12402.0,118814.8,13.0,118815.1,1979.0,118815.2,81.0
1753769602572,06:13:22.572,htx,BTC/USDT:USDT,118815.0,12402.0,118814.8,13.0,118815.1,1979.0,118815.2,81.0
1753769602704,06:13:22.704,htx,BTC/USDT:USDT,118815.0,12402.0,118814.8,13.0,118815.1,1979.0,118815.2,81.0
1753769602912,06:13:22.912,htx,BTC/USDT:USDT,118815.0,12392.0,118814.8,13.0,118815.1,1979.0,118815.2,81.0
1753769603065,06:13:23.065,htx,BTC/USDT:USDT,118815.0,12392.0,118814.8,13.0,118815.1,1979.0,118815.2,81.0
1753769603079,06:13:23.079,htx,BTC/USDT:USDT,118815.0,12392.0,118814.8,13.0,118815.1,1979.0,118815.2,81.0
1753769603408,06:13:23.408,htx,BTC/USDT:USDT,118815.0,12365.0,118814.8,13.0,118815.1,1979.0,118815.2,81.0
1753769603537,06:13:23.537,htx,BTC/USDT:USDT,118815.0,12392.0,118814.8,13.0,118815.1,1979.0,118815.2,81.0
1753769603931,06:13:23.931,htx,BTC/USDT:USDT,118815.0,12392.0,118814.8,13.0,118815.1,1979.0,118815.2,81.0
1753769604062,06:13:24.062,htx,BTC/USDT:USDT,118815.0,12392.0,118814.8,13.0,118815.1,1979.0,118815.2,81.0
1753769604271,06:13:24.271,htx,BTC/USDT:USDT,118815.0,12392.0,118814.8,13.0,118815.1,1979.0,118815.2,81.0
1753769604282,06:13:24.282,htx,BTC/USDT:USDT,118815.0,12392.0,118814.8,13.0,118815.1,1979.0,118815.2,81.0
1753769604424,06:13:24.424,htx,BTC/USDT:USDT,118815.0,12392.0,118814.8,13.0,118815.1,1979.0,118815.2,81.0
1753769604476,06:13:24.476,htx,BTC/USDT:USDT,118815.0,12392.0,118814.8,13.0,118815.1,1979.0,118815.2,81.0
1753769604577,06:13:24.577,htx,BTC/USDT:USDT,118815.0,12392.0,118814.8,13.0,118815.1,1979.0,118815.2,81.0
1753769604924,06:13:24.924,htx,BTC/USDT:USDT,118815.0,12392.0,118814.8,13.0,118815.1,1979.0,118815.2,81.0
1753769604943,06:13:24.943,htx,BTC/USDT:USDT,118815.0,12392.0,118814.8,13.0,118815.1,1979.0,118815.2,81.0
1753769605073,06:13:25.073,htx,BTC/USDT:USDT,118815.0,12392.0,118814.8,13.0,118815.1,1979.0,118815.2,81.0
1753769605125,06:13:25.125,htx,BTC/USDT:USDT,118815.0,12392.0,118814.8,13.0,118815.1,1979.0,118815.2,81.0
1753769605421,06:13:25.421,htx,BTC/USDT:USDT,118815.0,12365.0,118814.8,13.0,118815.1,1979.0,118815.2,81.0
1753769605452,06:13:25.452,htx,BTC/USDT:USDT,118815.0,12365.0,118814.8,13.0,118815.1,1979.0,118815.2,81.0
1753769605477,06:13:25.477,htx,BTC/USDT:USDT,118815.0,12365.0,118814.8,13.0,118815.1,1979.0,118815.2,81.0
1753769605549,06:13:25.549,htx,BTC/USDT:USDT,118815.0,12392.0,118814.8,13.0,118815.1,1979.0,118815.2,81.0
1753769605597,06:13:25.597,htx,BTC/USDT:USDT,118815.0,12392.0,118814.8,13.0,118815.1,1979.0,118815.2,81.0
1753769605666,06:13:25.666,htx,BTC/USDT:USDT,118815.0,12392.0,118814.8,13.0,118815.1,1979.0,118815.2,81.0
1753769605689,06:13:25.689,htx,BTC/USDT:USDT,118815.0,12392.0,118814.8,13.0,118815.1,1979.0,118815.2,81.0
1753769605796,06:13:25.796,htx,BTC/USDT:USDT,118815.0,12392.0,118814.8,13.0,118815.1,1979.0,118815.2,81.0
1753769605811,06:13:25.811,htx,BTC/USDT:USDT,118815.0,12392.0,118814.8,13.0,118815.1,1979.0,118815.2,81.0
1753769605846,06:13:25.846,htx,BTC/USDT:USDT,118815.0,12392.0,118814.8,13.0,118815.1,1979.0,118815.2,81.0
1753769605865,06:13:25.865,htx,BTC/USDT:USDT,118815.0,12392.0,118814.8,13.0,118815.1,1979.0,118815.2,81.0
1753769605975,06:13:25.975,htx,BTC/USDT:USDT,118815.0,12392.0,118814.8,13.0,118815.1,1979.0,118815.2,81.0
1753769605991,06:13:25.991,htx,BTC/USDT:USDT,118815.0,12392.0,118814.8,13.0,118815.1,1979.0,118815.2,81.0
1753769606117,06:13:26.117,htx,BTC/USDT:USDT,118815.0,12392.0,118814.8,13.0,118815.1,1979.0,118815.2,81.0
1753769606177,06:13:26.177,htx,BTC/USDT:USDT,118815.0,12392.0,118814.8,13.0,118815.1,1979.0,118815.2,81.0
1753769606337,06:13:26.337,htx,BTC/USDT:USDT,118815.0,12392.0,118814.8,13.0,118815.1,1979.0,118815.2,81.0
1753769606350,06:13:26.350,htx,BTC/USDT:USDT,118815.0,12392.0,118814.8,13.0,118815.1,1979.0,118815.2,81.0
1753769606381,06:13:26.381,htx,BTC/USDT:USDT,118815.0,12392.0,118814.8,13.0,118815.1,1971.0,118815.2,81.0
1753769606472,06:13:26.472,htx,BTC/USDT:USDT,118815.0,12324.0,118814.8,13.0,118815.1,1971.0,118815.2,81.0
1753769606524,06:13:26.524,htx,BTC/USDT:USDT,118815.0,12324.0,118814.8,13.0,118815.1,1971.0,118815.2,81.0
1753769606595,06:13:26.595,htx,BTC/USDT:USDT,118815.0,12392.0,118814.8,13.0,118815.1,1971.0,118815.2,81.0
1753769606747,06:13:26.747,htx,BTC/USDT:USDT,118815.0,12392.0,118814.8,13.0,118815.1,1971.0,118815.2,81.0
1753769606931,06:13:26.931,htx,BTC/USDT:USDT,118815.0,12101.0,118814.8,13.0,118815.1,1971.0,118815.2,81.0
1753769607192,06:13:27.192,htx,BTC/USDT:USDT,118815.0,12101.0,118814.8,13.0,118815.1,1971.0,118815.2,81.0
1753769607294,06:13:27.294,htx,BTC/USDT:USDT,118815.0,12101.0,118814.8,13.0,118815.1,1971.0,118815.2,81.0
1753769607470,06:13:27.470,htx,BTC/USDT:USDT,118815.0,12074.0,118814.8,13.0,118815.1,1971.0,118815.2,81.0
1753769607541,06:13:27.541,htx,BTC/USDT:USDT,118815.0,12074.0,118814.8,13.0,118815.1,1971.0,118815.2,81.0
1753769607591,06:13:27.591,htx,BTC/USDT:USDT,118815.0,12101.0,118814.8,13.0,118815.1,1971.0,118815.2,81.0
1753769607730,06:13:27.730,htx,BTC/USDT:USDT,118815.0,12101.0,118814.8,13.0,118815.1,1971.0,118815.2,81.0
1753769607838,06:13:27.838,htx,BTC/USDT:USDT,118815.0,12101.0,118814.8,13.0,118815.1,1971.0,118815.2,81.0
1753769607858,06:13:27.858,htx,BTC/USDT:USDT,118815.0,12101.0,118814.8,13.0,118815.1,1971.0,118815.2,81.0
1753769607876,06:13:27.876,htx,BTC/USDT:USDT,118815.0,12101.0,118814.8,13.0,118815.1,1971.0,118815.2,81.0
1753769608109,06:13:28.109,htx,BTC/USDT:USDT,118815.0,12101.0,118814.8,13.0,118815.1,1971.0,118815.2,81.0
1753769608274,06:13:28.274,htx,BTC/USDT:USDT,118815.0,12101.0,118814.8,13.0,118815.1,1971.0,118815.2,81.0
1753769608343,06:13:28.343,htx,BTC/USDT:USDT,118815.0,12101.0,118814.8,13.0,118815.1,1971.0,118815.2,81.0
1753769608358,06:13:28.358,htx,BTC/USDT:USDT,118815.0,12101.0,118814.8,13.0,118815.1,1971.0,118815.2,81.0
1753769608545,06:13:28.545,htx,BTC/USDT:USDT,118815.0,12033.0,118814.8,13.0,118815.1,1971.0,118815.2,81.0
1753769608626,06:13:28.626,htx,BTC/USDT:USDT,118815.0,11998.0,118814.8,13.0,118815.1,1971.0,118815.2,81.0
1753769608676,06:13:28.676,htx,BTC/USDT:USDT,118815.0,12066.0,118814.8,13.0,118815.1,2149.0,118815.2,81.0
1753769608822,06:13:28.822,htx,BTC/USDT:USDT,118815.0,12066.0,118814.8,13.0,118815.1,2149.0,118815.2,81.0
1753769608904,06:13:28.904,htx,BTC/USDT:USDT,118815.0,12066.0,118814.8,13.0,118815.1,2149.0,118815.2,81.0
1753769609124,06:13:29.124,htx,BTC/USDT:USDT,118815.0,12066.0,118814.8,13.0,118815.1,1971.0,118815.2,81.0
1753769609200,06:13:29.200,htx,BTC/USDT:USDT,118815.0,12066.0,118814.8,13.0,118815.1,1971.0,118815.2,81.0
1753769609233,06:13:29.233,htx,BTC/USDT:USDT,118815.0,10488.0,118814.8,13.0,118815.1,2141.0,118815.2,81.0
1753769609326,06:13:29.326,htx,BTC/USDT:USDT,118815.0,10488.0,118814.8,13.0,118815.1,2141.0,118815.2,81.0
1753769609346,06:13:29.346,htx,BTC/USDT:USDT,118815.0,10447.0,118814.8,13.0,118815.1,2141.0,118815.2,81.0
1753769609430,06:13:29.430,htx,BTC/USDT:USDT,118815.0,10447.0,118814.8,13.0,118815.1,2141.0,118815.2,81.0
1753769609481,06:13:29.481,htx,BTC/USDT:USDT,118815.0,10420.0,118814.8,13.0,118815.1,2141.0,118815.2,81.0
1753769609561,06:13:29.561,htx,BTC/USDT:USDT,118815.0,10420.0,118814.8,13.0,118815.1,2141.0,118815.2,81.0
1753769609586,06:13:29.586,htx,BTC/USDT:USDT,118815.0,10420.0,118814.8,13.0,118815.1,2140.0,118815.2,81.0
1753769609623,06:13:29.623,htx,BTC/USDT:USDT,118815.0,10447.0,118814.8,13.0,118815.1,2140.0,118815.2,81.0
1753769609749,06:13:29.749,htx,BTC/USDT:USDT,118815.0,10447.0,118814.8,13.0,118815.1,2140.0,118815.2,81.0
1753769609763,06:13:29.763,htx,BTC/USDT:USDT,118815.0,10447.0,118814.8,13.0,118815.1,2140.0,118815.2,81.0
1753769609875,06:13:29.875,htx,BTC/USDT:USDT,118815.0,10447.0,118814.8,13.0,118815.1,2140.0,118815.2,81.0
1753769610033,06:13:30.033,htx,BTC/USDT:USDT,118815.0,10447.0,118814.8,13.0,118815.1,2140.0,118815.2,81.0
1753769610078,06:13:30.078,htx,BTC/USDT:USDT,118815.0,10447.0,118814.8,13.0,118815.1,2140.0,118815.2,81.0
1753769610100,06:13:30.100,htx,BTC/USDT:USDT,118815.0,10447.0,118814.8,13.0,118815.1,2140.0,118815.2,81.0
1753769610316,06:13:30.316,htx,BTC/USDT:USDT,118815.0,10447.0,118814.8,13.0,118815.1,2140.0,118815.2,81.0
1753769610423,06:13:30.423,htx,BTC/USDT:USDT,118815.0,10447.0,118814.8,13.0,118815.1,2140.0,118815.2,81.0
1753769610479,06:13:30.479,htx,BTC/USDT:USDT,118815.0,10379.0,118814.8,13.0,118815.1,2140.0,118815.2,81.0
1753769610609,06:13:30.609,htx,BTC/USDT:USDT,118815.0,10447.0,118814.8,13.0,118815.1,2140.0,118815.2,81.0
1753769610644,06:13:30.644,htx,BTC/USDT:USDT,118815.0,12025.0,118814.8,13.0,118815.1,2140.0,118815.2,81.0
1753769610720,06:13:30.720,htx,BTC/USDT:USDT,118815.0,12025.0,118814.8,13.0,118815.1,2140.0,118815.2,81.0
1753769610912,06:13:30.912,htx,BTC/USDT:USDT,118815.0,12025.0,118814.8,13.0,118815.1,2140.0,118815.2,81.0
1753769610958,06:13:30.958,htx,BTC/USDT:USDT,118815.0,12025.0,118814.8,13.0,118815.1,2140.0,118815.2,81.0
1753769611218,06:13:31.218,htx,BTC/USDT:USDT,118815.0,12025.0,118814.8,13.0,118815.1,2140.0,118815.2,81.0
1753769611237,06:13:31.237,htx,BTC/USDT:USDT,118815.0,12025.0,118814.8,13.0,118815.1,2140.0,118815.2,81.0
1753769611283,06:13:31.283,htx,BTC/USDT:USDT,118815.0,12025.0,118814.8,13.0,118815.1,2140.0,118815.2,81.0
1753769611323,06:13:31.323,htx,BTC/USDT:USDT,118815.0,12025.0,118814.8,13.0,118815.1,2140.0,118815.2,81.0
1753769611545,06:13:31.545,htx,BTC/USDT:USDT,118815.0,12025.0,118814.8,13.0,118815.1,2140.0,118815.2,81.0
1753769611592,06:13:31.592,htx,BTC/USDT:USDT,118815.0,12025.0,118814.8,13.0,118815.1,2140.0,118815.2,81.0
1753769611654,06:13:31.654,htx,BTC/USDT:USDT,118815.0,11998.0,118814.8,13.0,118815.1,2140.0,118815.2,81.0
1753769611683,06:13:31.683,htx,BTC/USDT:USDT,118815.0,12025.0,118814.8,13.0,118815.1,2140.0,118815.2,81.0
1753769611855,06:13:31.855,htx,BTC/USDT:USDT,118815.0,12025.0,118814.8,13.0,118815.1,2140.0,118815.2,81.0
1753769611891,06:13:31.891,htx,BTC/USDT:USDT,118815.0,12025.0,118814.8,13.0,118815.1,2140.0,118815.2,81.0
