timestamp,time,exchange,symbol,bid1_price,bid1_volume,bid2_price,bid2_volume,ask1_price,ask1_volume,ask2_price,ask2_volume
1753769536000,06:12:16.000,gate,ETH/USDT:USDT,3807.5,4966.0,3807.45,77.0,3807.55,3194.0,3807.6,620.0
1753769536086,06:12:16.086,gate,ETH/USDT:USDT,3807.5,4966.0,3807.45,77.0,3807.55,3194.0,3807.6,620.0
1753769536186,06:12:16.186,gate,ETH/USDT:USDT,3807.5,4966.0,3807.45,77.0,3807.55,3194.0,3807.6,620.0
1753769536258,06:12:16.258,gate,ETH/USDT:USDT,3807.5,4966.0,3807.45,77.0,3807.55,3194.0,3807.6,620.0
1753769536383,06:12:16.383,gate,ETH/USDT:USDT,3807.5,4966.0,3807.45,77.0,3807.55,3194.0,3807.6,620.0
1753769536485,06:12:16.485,gate,ETH/USDT:USDT,3807.5,4966.0,3807.45,77.0,3807.55,3194.0,3807.6,620.0
1753769536577,06:12:16.577,gate,ETH/USDT:USDT,3807.5,4966.0,3807.45,77.0,3807.55,4085.0,3807.6,620.0
1753769536674,06:12:16.674,gate,ETH/USDT:USDT,3807.5,4966.0,3807.45,77.0,3807.55,3194.0,3807.6,620.0
1753769536777,06:12:16.777,gate,ETH/USDT:USDT,3807.5,4966.0,3807.45,77.0,3807.55,3194.0,3807.6,620.0
1753769536878,06:12:16.878,gate,ETH/USDT:USDT,3807.5,4966.0,3807.45,77.0,3807.55,3194.0,3807.6,620.0
1753769536981,06:12:16.981,gate,ETH/USDT:USDT,3807.5,4966.0,3807.45,77.0,3807.55,3194.0,3807.6,620.0
1753769537685,06:12:17.685,gate,ETH/USDT:USDT,3808.0,10595.0,3807.95,312.0,3808.05,192.0,3808.2,1.0
1753769537786,06:12:17.786,gate,ETH/USDT:USDT,3808.0,6191.0,3807.95,520.0,3808.05,4327.0,3808.1,63484.0
1753769537887,06:12:17.887,gate,ETH/USDT:USDT,3808.0,6157.0,3807.95,451.0,3808.05,3252.0,3808.15,246.0
1753769537986,06:12:17.986,gate,ETH/USDT:USDT,3808.0,6157.0,3807.95,451.0,3808.05,3979.0,3808.15,658.0
1753769538082,06:12:18.082,gate,ETH/USDT:USDT,3808.0,6157.0,3807.95,451.0,3808.05,4222.0,3808.15,412.0
1753769538175,06:12:18.175,gate,ETH/USDT:USDT,3808.0,6157.0,3807.95,451.0,3808.05,4222.0,3808.15,412.0
1753769538273,06:12:18.273,gate,ETH/USDT:USDT,3808.0,6157.0,3807.95,451.0,3808.05,4222.0,3808.15,412.0
1753769538375,06:12:18.375,gate,ETH/USDT:USDT,3808.0,6157.0,3807.95,451.0,3808.05,4222.0,3808.15,412.0
1753769538487,06:12:18.487,gate,ETH/USDT:USDT,3808.0,6136.0,3807.95,165.0,3808.05,4307.0,3808.15,412.0
1753769538576,06:12:18.576,gate,ETH/USDT:USDT,3808.0,6136.0,3807.95,165.0,3808.05,4307.0,3808.15,412.0
1753769538682,06:12:18.682,gate,ETH/USDT:USDT,3808.0,6068.0,3807.95,199.0,3808.05,4307.0,3808.15,412.0
1753769538787,06:12:18.787,gate,ETH/USDT:USDT,3808.0,6033.0,3807.95,79.0,3808.05,4250.0,3808.2,1.0
1753769538886,06:12:18.886,gate,ETH/USDT:USDT,3808.0,81.0,3807.85,79.0,3808.05,5594.0,3808.2,477.0
1753769538986,06:12:18.986,gate,ETH/USDT:USDT,3808.0,800.0,3807.95,60.0,3808.05,5162.0,3808.2,503.0
1753769539071,06:12:19.071,gate,ETH/USDT:USDT,3808.0,800.0,3807.95,60.0,3808.05,5162.0,3808.2,351.0
1753769539182,06:12:19.182,gate,ETH/USDT:USDT,3808.0,800.0,3807.95,60.0,3808.05,5162.0,3808.2,351.0
1753769539287,06:12:19.287,gate,ETH/USDT:USDT,3808.0,4789.0,3807.95,60.0,3808.05,3040.0,3808.2,1.0
1753769539387,06:12:19.387,gate,ETH/USDT:USDT,3808.15,4761.0,3808.05,2775.0,3808.2,1486.0,3808.25,908.0
1753769539487,06:12:19.487,gate,ETH/USDT:USDT,3808.15,4113.0,3808.1,134.0,3808.2,1486.0,3808.25,907.0
1753769539578,06:12:19.578,gate,ETH/USDT:USDT,3808.15,2944.0,3808.1,134.0,3808.2,1486.0,3808.25,907.0
1753769539683,06:12:19.683,gate,ETH/USDT:USDT,3808.15,4844.0,3808.1,134.0,3808.2,1486.0,3808.25,907.0
1753769539775,06:12:19.775,gate,ETH/USDT:USDT,3808.15,4865.0,3808.1,134.0,3808.2,1486.0,3808.25,907.0
1753769540275,06:12:20.275,gate,ETH/USDT:USDT,3808.2,7652.0,3808.15,1345.0,3808.25,2370.0,3808.3,217.0
1753769540382,06:12:20.382,gate,ETH/USDT:USDT,3808.2,7673.0,3808.15,1345.0,3808.25,2370.0,3808.3,217.0
1753769540479,06:12:20.479,gate,ETH/USDT:USDT,3808.2,7673.0,3808.15,1345.0,3808.25,2370.0,3808.3,217.0
1753769540587,06:12:20.587,gate,ETH/USDT:USDT,3808.2,7276.0,3808.15,1345.0,3808.25,2370.0,3808.3,217.0
1753769540783,06:12:20.783,gate,ETH/USDT:USDT,3808.3,6140.0,3808.25,565.0,3808.35,901.0,3808.5,7.0
1753769540886,06:12:20.886,gate,ETH/USDT:USDT,3808.3,6486.0,3808.25,565.0,3808.35,873.0,3808.5,7.0
1753769540987,06:12:20.987,gate,ETH/USDT:USDT,3808.3,6507.0,3808.25,565.0,3808.35,829.0,3808.5,7.0
1753769541078,06:12:21.078,gate,ETH/USDT:USDT,3808.3,6486.0,3808.25,565.0,3808.35,823.0,3808.5,7.0
1753769541180,06:12:21.180,gate,ETH/USDT:USDT,3808.3,6486.0,3808.25,565.0,3808.35,2308.0,3808.5,7.0
1753769541282,06:12:21.282,gate,ETH/USDT:USDT,3808.3,6507.0,3808.25,565.0,3808.35,1485.0,3808.5,913.0
1753769541383,06:12:21.383,gate,ETH/USDT:USDT,3808.45,7452.0,3808.3,877.0,3808.5,2392.0,3808.55,174.0
1753769541487,06:12:21.487,gate,ETH/USDT:USDT,3808.45,7452.0,3808.3,856.0,3808.5,2392.0,3808.55,174.0
1753769541578,06:12:21.578,gate,ETH/USDT:USDT,3808.45,6376.0,3808.3,856.0,3808.5,3715.0,3808.55,174.0
1753769541672,06:12:21.672,gate,ETH/USDT:USDT,3808.45,6376.0,3808.35,5721.0,3808.5,2809.0,3808.55,174.0
1753769541778,06:12:21.778,gate,ETH/USDT:USDT,3808.45,6349.0,3808.35,5721.0,3808.5,2503.0,3808.55,136.0
1753769541886,06:12:21.886,gate,ETH/USDT:USDT,3808.45,6328.0,3808.35,5721.0,3808.5,2503.0,3808.55,136.0
1753769541981,06:12:21.981,gate,ETH/USDT:USDT,3808.45,6349.0,3808.35,5721.0,3808.5,2503.0,3808.55,136.0
1753769542083,06:12:22.083,gate,ETH/USDT:USDT,3808.45,5858.0,3808.35,5721.0,3808.5,4093.0,3808.55,136.0
1753769542281,06:12:22.281,gate,ETH/USDT:USDT,3808.35,5721.0,3808.15,44.0,3808.4,6197.0,3808.45,511.0
1753769542478,06:12:22.478,gate,ETH/USDT:USDT,3808.35,5721.0,3808.15,44.0,3808.4,7566.0,3808.45,359.0
1753769542585,06:12:22.585,gate,ETH/USDT:USDT,3808.35,5721.0,3808.2,8.0,3808.4,7411.0,3808.45,91.0
1753769542677,06:12:22.677,gate,ETH/USDT:USDT,3808.35,5721.0,3808.2,8.0,3808.4,7261.0,3808.45,91.0
1753769542780,06:12:22.780,gate,ETH/USDT:USDT,3808.35,5721.0,3808.2,8.0,3808.4,7261.0,3808.45,91.0
1753769542874,06:12:22.874,gate,ETH/USDT:USDT,3808.35,5721.0,3808.2,8.0,3808.4,7261.0,3808.45,91.0
1753769542987,06:12:22.987,gate,ETH/USDT:USDT,3808.35,5721.0,3808.3,6.0,3808.4,7209.0,3808.45,164.0
1753769543087,06:12:23.087,gate,ETH/USDT:USDT,3808.35,5721.0,3808.3,6.0,3808.4,6681.0,3808.45,164.0
1753769543183,06:12:23.183,gate,ETH/USDT:USDT,3808.35,5721.0,3808.3,6.0,3808.4,6033.0,3808.5,1.0
1753769543267,06:12:23.267,gate,ETH/USDT:USDT,3808.35,5721.0,3808.3,6.0,3808.4,6033.0,3808.5,156.0
1753769543381,06:12:23.381,gate,ETH/USDT:USDT,3808.35,5721.0,3808.3,6.0,3808.4,6033.0,3808.5,156.0
1753769543777,06:12:23.777,gate,ETH/USDT:USDT,3808.35,5721.0,3808.3,6.0,3808.4,6033.0,3808.5,233.0
1753769543875,06:12:23.875,gate,ETH/USDT:USDT,3808.35,5721.0,3808.3,6.0,3808.4,6033.0,3808.5,168.0
1753769543977,06:12:23.977,gate,ETH/USDT:USDT,3808.35,5721.0,3808.3,6.0,3808.4,5808.0,3808.5,168.0
1753769544056,06:12:24.056,gate,ETH/USDT:USDT,3808.35,5455.0,3808.3,6.0,3808.4,5808.0,3808.5,168.0
1753769544185,06:12:24.185,gate,ETH/USDT:USDT,3808.35,5455.0,3808.3,6.0,3808.4,5880.0,3808.5,168.0
1753769544378,06:12:24.378,gate,ETH/USDT:USDT,3808.35,5455.0,3808.3,6.0,3808.4,5880.0,3808.5,232.0
1753769544573,06:12:24.573,gate,ETH/USDT:USDT,3808.35,5455.0,3808.3,6.0,3808.4,5880.0,3808.5,232.0
1753769544654,06:12:24.654,gate,ETH/USDT:USDT,3808.35,5455.0,3808.3,6.0,3808.4,5880.0,3808.5,232.0
1753769544772,06:12:24.772,gate,ETH/USDT:USDT,3808.35,5455.0,3808.3,6.0,3808.4,5880.0,3808.5,168.0
1753769544883,06:12:24.883,gate,ETH/USDT:USDT,3808.35,5455.0,3808.3,6.0,3808.4,5880.0,3808.5,168.0
1753769544976,06:12:24.976,gate,ETH/USDT:USDT,3808.35,5455.0,3808.3,6.0,3808.4,5880.0,3808.5,168.0
1753769545085,06:12:25.085,gate,ETH/USDT:USDT,3808.35,5455.0,3808.3,6.0,3808.4,5880.0,3808.5,168.0
1753769545177,06:12:25.177,gate,ETH/USDT:USDT,3808.35,5455.0,3808.3,6.0,3808.4,5887.0,3808.5,232.0
1753769545285,06:12:25.285,gate,ETH/USDT:USDT,3808.35,5534.0,3808.3,6.0,3808.4,4342.0,3808.5,1.0
1753769545386,06:12:25.386,gate,ETH/USDT:USDT,3808.35,5534.0,3808.3,6.0,3808.4,4344.0,3808.5,1.0
1753769545487,06:12:25.487,gate,ETH/USDT:USDT,3808.35,5555.0,3808.3,6.0,3808.4,4348.0,3808.5,1.0
1753769545577,06:12:25.577,gate,ETH/USDT:USDT,3808.35,5555.0,3808.3,6.0,3808.4,4348.0,3808.5,1.0
1753769545630,06:12:25.630,gate,ETH/USDT:USDT,3808.35,5555.0,3808.3,6.0,3808.4,4349.0,3808.5,1.0
1753769545773,06:12:25.773,gate,ETH/USDT:USDT,3808.35,5534.0,3808.3,6.0,3808.4,4349.0,3808.5,1.0
1753769545886,06:12:25.886,gate,ETH/USDT:USDT,3808.35,5464.0,3808.3,6.0,3808.4,4359.0,3808.5,142.0
1753769545986,06:12:25.986,gate,ETH/USDT:USDT,3808.35,5464.0,3808.3,6.0,3808.4,4359.0,3808.5,142.0
1753769546386,06:12:26.386,gate,ETH/USDT:USDT,3807.85,309.0,3807.8,16.0,3807.9,1137.0,3808.1,1518.0
1753769546576,06:12:26.576,gate,ETH/USDT:USDT,3807.85,1214.0,3807.8,1.0,3807.9,9093.0,3807.95,144.0
1753769546686,06:12:26.686,gate,ETH/USDT:USDT,3807.85,1284.0,3807.8,1.0,3807.9,9093.0,3807.95,351.0
1753769546784,06:12:26.784,gate,ETH/USDT:USDT,3807.85,1219.0,3807.7,89.0,3807.9,9158.0,3807.95,351.0
1753769546885,06:12:26.885,gate,ETH/USDT:USDT,3807.85,1219.0,3807.8,906.0,3807.9,9158.0,3807.95,351.0
1753769546986,06:12:26.986,gate,ETH/USDT:USDT,3807.85,1219.0,3807.8,906.0,3807.9,9158.0,3807.95,351.0
1753769547174,06:12:27.174,gate,ETH/USDT:USDT,3807.85,1219.0,3807.8,906.0,3807.9,9158.0,3807.95,351.0
1753769547282,06:12:27.282,gate,ETH/USDT:USDT,3807.85,1219.0,3807.8,906.0,3807.9,9158.0,3807.95,351.0
1753769547376,06:12:27.376,gate,ETH/USDT:USDT,3807.85,1219.0,3807.8,906.0,3807.9,9158.0,3807.95,351.0
1753769547463,06:12:27.463,gate,ETH/USDT:USDT,3807.85,1219.0,3807.8,906.0,3807.9,9158.0,3807.95,351.0
1753769547575,06:12:27.575,gate,ETH/USDT:USDT,3807.85,1219.0,3807.8,906.0,3807.9,9158.0,3807.95,351.0
1753769547672,06:12:27.672,gate,ETH/USDT:USDT,3807.85,1289.0,3807.8,906.0,3807.9,9158.0,3807.95,351.0
1753769547784,06:12:27.784,gate,ETH/USDT:USDT,3807.85,1289.0,3807.8,906.0,3807.9,9158.0,3807.95,351.0
1753769547857,06:12:27.857,gate,ETH/USDT:USDT,3807.85,1289.0,3807.8,906.0,3807.9,9158.0,3807.95,351.0
1753769548272,06:12:28.272,gate,ETH/USDT:USDT,3807.85,3081.0,3807.8,906.0,3807.9,7366.0,3807.95,351.0
1753769548387,06:12:28.387,gate,ETH/USDT:USDT,3807.85,3081.0,3807.8,906.0,3807.9,7366.0,3807.95,351.0
1753769548479,06:12:28.479,gate,ETH/USDT:USDT,3807.85,3102.0,3807.8,906.0,3807.9,7060.0,3807.95,351.0
1753769548555,06:12:28.555,gate,ETH/USDT:USDT,3807.85,3102.0,3807.8,906.0,3807.9,6835.0,3807.95,351.0
1753769548619,06:12:28.619,gate,ETH/USDT:USDT,3807.85,3102.0,3807.8,906.0,3807.9,6835.0,3807.95,351.0
1753769548744,06:12:28.744,gate,ETH/USDT:USDT,3807.85,3102.0,3807.8,906.0,3807.9,6835.0,3807.95,351.0
1753769548883,06:12:28.883,gate,ETH/USDT:USDT,3807.85,3081.0,3807.8,906.0,3807.9,6835.0,3807.95,351.0
1753769548977,06:12:28.977,gate,ETH/USDT:USDT,3807.85,3081.0,3807.8,906.0,3807.9,6835.0,3807.95,351.0
1753769549087,06:12:29.087,gate,ETH/USDT:USDT,3807.85,1289.0,3807.8,906.0,3807.9,6835.0,3807.95,351.0
1753769549187,06:12:29.187,gate,ETH/USDT:USDT,3807.85,52.0,3807.8,906.0,3807.9,6835.0,3807.95,351.0
1753769549282,06:12:29.282,gate,ETH/USDT:USDT,3807.85,52.0,3807.7,166.0,3807.9,7121.0,3807.95,561.0
1753769549783,06:12:29.783,gate,ETH/USDT:USDT,3807.35,4272.0,3807.3,33.0,3807.4,4968.0,3807.45,399.0
1753769549886,06:12:29.886,gate,ETH/USDT:USDT,3807.35,4272.0,3807.3,33.0,3807.4,4968.0,3807.45,399.0
1753769549977,06:12:29.977,gate,ETH/USDT:USDT,3807.35,4272.0,3807.3,33.0,3807.4,4968.0,3807.45,399.0
1753769550186,06:12:30.186,gate,ETH/USDT:USDT,3807.35,4342.0,3807.3,33.0,3807.4,4102.0,3807.45,399.0
1753769550279,06:12:30.279,gate,ETH/USDT:USDT,3807.35,4342.0,3807.3,33.0,3807.4,4102.0,3807.45,436.0
1753769550387,06:12:30.387,gate,ETH/USDT:USDT,3807.35,4272.0,3807.3,33.0,3807.4,4630.0,3807.45,436.0
1753769550885,06:12:30.885,gate,ETH/USDT:USDT,3807.35,4372.0,3807.3,33.0,3807.4,3902.0,3807.45,54.0
1753769550978,06:12:30.978,gate,ETH/USDT:USDT,3807.35,4621.0,3807.3,33.0,3807.4,3902.0,3807.45,54.0
1753769551581,06:12:31.581,gate,ETH/USDT:USDT,3808.3,7660.0,3808.25,912.0,3808.35,1485.0,3808.45,1115.0
1753769551781,06:12:31.781,gate,ETH/USDT:USDT,3808.3,6936.0,3808.25,376.0,3808.35,2351.0,3808.45,1505.0
1753769551983,06:12:31.983,gate,ETH/USDT:USDT,3808.3,6936.0,3808.25,376.0,3808.35,2351.0,3808.45,1505.0
1753769552167,06:12:32.167,gate,ETH/USDT:USDT,3808.3,6936.0,3808.25,376.0,3808.35,1485.0,3808.45,1505.0
1753769552283,06:12:32.283,gate,ETH/USDT:USDT,3808.4,7177.0,3808.3,421.0,3808.45,2990.0,3808.5,1.0
1753769552387,06:12:32.387,gate,ETH/USDT:USDT,3808.4,5988.0,3808.3,400.0,3808.45,2990.0,3808.5,1.0
1753769552486,06:12:32.486,gate,ETH/USDT:USDT,3808.4,6237.0,3808.3,400.0,3808.45,2084.0,3808.5,1.0
1753769552673,06:12:32.673,gate,ETH/USDT:USDT,3808.4,6237.0,3808.3,400.0,3808.45,2990.0,3808.5,1.0
1753769552866,06:12:32.866,gate,ETH/USDT:USDT,3808.4,6216.0,3808.3,400.0,3808.45,3296.0,3808.5,1.0
1753769552980,06:12:32.980,gate,ETH/USDT:USDT,3808.4,6237.0,3808.3,400.0,3808.45,3296.0,3808.5,1.0
1753769553085,06:12:33.085,gate,ETH/USDT:USDT,3808.4,5140.0,3808.3,400.0,3808.45,4246.0,3808.5,1.0
1753769553185,06:12:33.185,gate,ETH/USDT:USDT,3808.4,5232.0,3808.35,483.0,3808.45,1875.0,3808.5,1.0
1753769553287,06:12:33.287,gate,ETH/USDT:USDT,3808.7,10490.0,3808.5,802.0,3808.75,3192.0,3808.8,39.0
1753769553487,06:12:33.487,gate,ETH/USDT:USDT,3808.7,9112.0,3808.65,596.0,3808.75,2284.0,3808.8,39.0
1753769553685,06:12:33.685,gate,ETH/USDT:USDT,3808.7,9488.0,3808.65,596.0,3808.75,1378.0,3808.8,39.0
1753769553785,06:12:33.785,gate,ETH/USDT:USDT,3808.7,9502.0,3808.65,596.0,3808.75,1308.0,3808.8,39.0
1753769553880,06:12:33.880,gate,ETH/USDT:USDT,3808.7,8569.0,3808.65,60.0,3808.75,2793.0,3808.8,39.0
1753769553978,06:12:33.978,gate,ETH/USDT:USDT,3808.7,8590.0,3808.65,596.0,3808.75,2793.0,3808.8,39.0
1753769554075,06:12:34.075,gate,ETH/USDT:USDT,3808.7,8590.0,3808.65,596.0,3808.75,2793.0,3808.8,39.0
1753769554179,06:12:34.179,gate,ETH/USDT:USDT,3808.7,8590.0,3808.65,596.0,3808.75,2793.0,3808.8,39.0
1753769554281,06:12:34.281,gate,ETH/USDT:USDT,3808.7,8590.0,3808.65,596.0,3808.75,2793.0,3808.8,39.0
1753769554387,06:12:34.387,gate,ETH/USDT:USDT,3808.7,8590.0,3808.65,596.0,3808.75,2793.0,3808.8,39.0
1753769554483,06:12:34.483,gate,ETH/USDT:USDT,3808.7,8320.0,3808.65,60.0,3808.75,3890.0,3808.8,39.0
1753769554575,06:12:34.575,gate,ETH/USDT:USDT,3808.7,8341.0,3808.65,966.0,3808.75,3828.0,3808.8,39.0
1753769554670,06:12:34.670,gate,ETH/USDT:USDT,3808.7,8341.0,3808.65,966.0,3808.75,4134.0,3808.8,39.0
1753769554774,06:12:34.774,gate,ETH/USDT:USDT,3808.7,8341.0,3808.65,966.0,3808.75,4134.0,3808.8,39.0
1753769554870,06:12:34.870,gate,ETH/USDT:USDT,3808.7,8341.0,3808.65,966.0,3808.75,4134.0,3808.8,39.0
1753769554978,06:12:34.978,gate,ETH/USDT:USDT,3808.7,8341.0,3808.65,966.0,3808.75,4134.0,3808.8,39.0
1753769555078,06:12:35.078,gate,ETH/USDT:USDT,3808.7,8341.0,3808.65,966.0,3808.75,4134.0,3808.8,39.0
1753769555187,06:12:35.187,gate,ETH/USDT:USDT,3808.7,8341.0,3808.65,966.0,3808.75,4134.0,3808.8,39.0
1753769555265,06:12:35.265,gate,ETH/USDT:USDT,3808.7,8320.0,3808.65,966.0,3808.75,4134.0,3808.8,39.0
1753769555387,06:12:35.387,gate,ETH/USDT:USDT,3808.7,8341.0,3808.65,966.0,3808.75,4349.0,3808.8,62749.0
1753769555480,06:12:35.480,gate,ETH/USDT:USDT,3808.7,6637.0,3808.65,966.0,3808.75,4765.0,3808.8,285.0
1753769555556,06:12:35.556,gate,ETH/USDT:USDT,3808.7,1280.0,3808.65,906.0,3808.75,4888.0,3808.8,285.0
1753769555664,06:12:35.664,gate,ETH/USDT:USDT,3808.7,1280.0,3808.65,906.0,3808.75,4975.0,3808.8,285.0
1753769555775,06:12:35.775,gate,ETH/USDT:USDT,3808.7,1301.0,3808.65,906.0,3808.75,4975.0,3808.8,285.0
1753769555850,06:12:35.850,gate,ETH/USDT:USDT,3808.7,1301.0,3808.65,906.0,3808.75,4975.0,3808.8,285.0
1753769555987,06:12:35.987,gate,ETH/USDT:USDT,3808.7,1329.0,3808.65,906.0,3808.75,4975.0,3808.8,285.0
1753769556074,06:12:36.074,gate,ETH/USDT:USDT,3808.7,5745.0,3808.65,906.0,3808.75,4669.0,3808.8,285.0
1753769556178,06:12:36.178,gate,ETH/USDT:USDT,3808.7,4648.0,3808.65,906.0,3808.75,4669.0,3808.8,285.0
1753769556282,06:12:36.282,gate,ETH/USDT:USDT,3808.7,4627.0,3808.65,906.0,3808.75,4669.0,3808.8,285.0
1753769556754,06:12:36.754,gate,ETH/USDT:USDT,3808.7,3163.0,3808.65,906.0,3808.75,4540.0,3808.8,285.0
1753769556813,06:12:36.813,gate,ETH/USDT:USDT,3808.7,4627.0,3808.65,906.0,3808.75,4540.0,3808.8,285.0
1753769556987,06:12:36.987,gate,ETH/USDT:USDT,3808.7,4648.0,3808.65,906.0,3808.75,4540.0,3808.8,285.0
1753769557087,06:12:37.087,gate,ETH/USDT:USDT,3808.7,4648.0,3808.65,906.0,3808.75,4540.0,3808.8,285.0
1753769557177,06:12:37.177,gate,ETH/USDT:USDT,3808.7,4648.0,3808.65,906.0,3808.75,4540.0,3808.8,285.0
1753769557238,06:12:37.238,gate,ETH/USDT:USDT,3808.7,4648.0,3808.65,906.0,3808.75,4540.0,3808.8,285.0
1753769557674,06:12:37.674,gate,ETH/USDT:USDT,3808.7,4648.0,3808.65,907.0,3808.75,4540.0,3808.8,285.0
1753769557775,06:12:37.775,gate,ETH/USDT:USDT,3808.7,4648.0,3808.65,907.0,3808.75,4540.0,3808.8,285.0
1753769557964,06:12:37.964,gate,ETH/USDT:USDT,3808.7,4648.0,3808.65,907.0,3808.75,4540.0,3808.8,59845.0
1753769558030,06:12:38.030,gate,ETH/USDT:USDT,3808.7,4648.0,3808.65,907.0,3808.75,4540.0,3808.8,59845.0
1753769558139,06:12:38.139,gate,ETH/USDT:USDT,3808.7,4648.0,3808.65,907.0,3808.75,4540.0,3808.8,59845.0
1753769558387,06:12:38.387,gate,ETH/USDT:USDT,3808.7,4648.0,3808.65,907.0,3808.75,4540.0,3808.8,285.0
1753769558487,06:12:38.487,gate,ETH/USDT:USDT,3808.7,4648.0,3808.65,907.0,3808.75,4540.0,3808.8,285.0
1753769558576,06:12:38.576,gate,ETH/USDT:USDT,3808.7,4648.0,3808.65,907.0,3808.75,4540.0,3808.8,285.0
1753769558657,06:12:38.657,gate,ETH/USDT:USDT,3808.7,4648.0,3808.65,907.0,3808.75,4540.0,3808.8,285.0
1753769558774,06:12:38.774,gate,ETH/USDT:USDT,3808.7,4648.0,3808.65,907.0,3808.75,4540.0,3808.8,285.0
1753769558983,06:12:38.983,gate,ETH/USDT:USDT,3808.7,4627.0,3808.65,907.0,3808.75,4540.0,3808.8,285.0
1753769559082,06:12:39.082,gate,ETH/USDT:USDT,3808.7,4627.0,3808.65,907.0,3808.75,4540.0,3808.8,285.0
1753769559186,06:12:39.186,gate,ETH/USDT:USDT,3808.7,4648.0,3808.65,907.0,3808.75,4540.0,3808.8,285.0
1753769559287,06:12:39.287,gate,ETH/USDT:USDT,3808.7,1273.0,3808.65,1.0,3808.75,4940.0,3808.8,285.0
1753769559385,06:12:39.385,gate,ETH/USDT:USDT,3808.5,4127.0,3808.45,138.0,3808.55,3467.0,3808.6,906.0
1753769559487,06:12:39.487,gate,ETH/USDT:USDT,3808.5,4340.0,3808.45,281.0,3808.55,2895.0,3808.6,370.0
1753769559571,06:12:39.571,gate,ETH/USDT:USDT,3808.5,5225.0,3808.45,281.0,3808.55,2895.0,3808.6,370.0
1753769559686,06:12:39.686,gate,ETH/USDT:USDT,3808.5,5246.0,3808.45,281.0,3808.55,2895.0,3808.6,370.0
1753769559787,06:12:39.787,gate,ETH/USDT:USDT,3808.5,5225.0,3808.45,281.0,3808.55,2335.0,3808.6,370.0
1753769559865,06:12:39.865,gate,ETH/USDT:USDT,3808.5,5199.0,3808.45,281.0,3808.55,2335.0,3808.6,370.0
1753769559982,06:12:39.982,gate,ETH/USDT:USDT,3808.5,5303.0,3808.45,281.0,3808.55,1485.0,3808.6,1485.0
1753769560080,06:12:40.080,gate,ETH/USDT:USDT,3808.5,5324.0,3808.45,281.0,3808.55,1485.0,3808.6,1485.0
1753769560176,06:12:40.176,gate,ETH/USDT:USDT,3808.5,5303.0,3808.45,281.0,3808.55,1485.0,3808.6,1485.0
1753769560284,06:12:40.284,gate,ETH/USDT:USDT,3808.5,5324.0,3808.45,281.0,3808.55,2045.0,3808.6,1485.0
1753769560383,06:12:40.383,gate,ETH/USDT:USDT,3808.5,5324.0,3808.45,281.0,3808.55,2045.0,3808.6,1485.0
1753769560463,06:12:40.463,gate,ETH/USDT:USDT,3808.5,5324.0,3808.45,281.0,3808.55,2045.0,3808.6,1485.0
1753769560574,06:12:40.574,gate,ETH/USDT:USDT,3808.5,5324.0,3808.45,357.0,3808.55,2045.0,3808.7,1493.0
1753769560622,06:12:40.622,gate,ETH/USDT:USDT,3808.5,5324.0,3808.45,281.0,3808.55,2045.0,3808.7,1493.0
1753769560777,06:12:40.777,gate,ETH/USDT:USDT,3808.5,5324.0,3808.45,281.0,3808.55,2045.0,3808.7,1493.0
1753769560875,06:12:40.875,gate,ETH/USDT:USDT,3808.5,5324.0,3808.45,281.0,3808.55,2045.0,3808.7,1493.0
1753769560977,06:12:40.977,gate,ETH/USDT:USDT,3808.5,5324.0,3808.45,281.0,3808.55,2045.0,3808.7,1493.0
1753769561070,06:12:41.070,gate,ETH/USDT:USDT,3808.5,5323.0,3808.45,282.0,3808.55,2045.0,3808.7,1493.0
1753769561180,06:12:41.180,gate,ETH/USDT:USDT,3808.5,5323.0,3808.45,282.0,3808.55,2045.0,3808.7,1493.0
1753769561210,06:12:41.210,gate,ETH/USDT:USDT,3808.5,5208.0,3808.45,282.0,3808.55,2045.0,3808.7,1493.0
1753769561353,06:12:41.353,gate,ETH/USDT:USDT,3808.5,5208.0,3808.45,282.0,3808.55,2045.0,3808.7,1493.0
1753769561416,06:12:41.416,gate,ETH/USDT:USDT,3808.5,5208.0,3808.45,282.0,3808.55,2045.0,3808.7,1493.0
1753769561574,06:12:41.574,gate,ETH/USDT:USDT,3808.5,5208.0,3808.45,282.0,3808.55,2045.0,3808.7,1493.0
1753769561680,06:12:41.680,gate,ETH/USDT:USDT,3808.7,9208.0,3808.65,662.0,3808.75,2746.0,3808.8,945.0
1753769561783,06:12:41.783,gate,ETH/USDT:USDT,3808.7,9335.0,3808.65,662.0,3808.75,1138.0,3808.8,945.0
1753769561882,06:12:41.882,gate,ETH/USDT:USDT,3808.7,9314.0,3808.65,662.0,3808.75,2889.0,3808.8,945.0
1753769561986,06:12:41.986,gate,ETH/USDT:USDT,3808.7,9335.0,3808.65,662.0,3808.75,2889.0,3808.8,945.0
1753769562051,06:12:42.051,gate,ETH/USDT:USDT,3808.7,9335.0,3808.65,662.0,3808.75,2889.0,3808.8,945.0
1753769562177,06:12:42.177,gate,ETH/USDT:USDT,3808.7,8778.0,3808.65,126.0,3808.75,2889.0,3808.8,945.0
1753769562268,06:12:42.268,gate,ETH/USDT:USDT,3808.7,8778.0,3808.65,662.0,3808.75,2889.0,3808.8,945.0
1753769562375,06:12:42.375,gate,ETH/USDT:USDT,3808.7,8778.0,3808.65,662.0,3808.75,2889.0,3808.8,945.0
1753769562473,06:12:42.473,gate,ETH/USDT:USDT,3808.7,8778.0,3808.65,662.0,3808.75,2889.0,3808.8,945.0
1753769562576,06:12:42.576,gate,ETH/USDT:USDT,3808.7,8799.0,3808.65,662.0,3808.75,2889.0,3808.8,945.0
1753769562684,06:12:42.684,gate,ETH/USDT:USDT,3808.7,8799.0,3808.65,662.0,3808.75,2889.0,3808.8,945.0
1753769562784,06:12:42.784,gate,ETH/USDT:USDT,3808.7,8799.0,3808.65,662.0,3808.75,1404.0,3808.8,945.0
1753769562868,06:12:42.868,gate,ETH/USDT:USDT,3808.7,8778.0,3808.65,662.0,3808.75,1404.0,3808.8,945.0
1753769562986,06:12:42.986,gate,ETH/USDT:USDT,3808.7,8799.0,3808.65,126.0,3808.75,2889.0,3808.8,945.0
1753769563082,06:12:43.082,gate,ETH/USDT:USDT,3808.7,8799.0,3808.65,126.0,3808.75,2889.0,3808.8,945.0
1753769563181,06:12:43.181,gate,ETH/USDT:USDT,3808.7,8734.0,3808.65,126.0,3808.75,2889.0,3808.8,945.0
1753769563285,06:12:43.285,gate,ETH/USDT:USDT,3808.7,8755.0,3808.65,662.0,3808.75,2889.0,3808.8,945.0
1753769563374,06:12:43.374,gate,ETH/USDT:USDT,3808.7,8615.0,3808.65,126.0,3808.75,3449.0,3808.8,945.0
1753769563487,06:12:43.487,gate,ETH/USDT:USDT,3808.7,8615.0,3808.65,126.0,3808.75,3449.0,3808.8,945.0
1753769563574,06:12:43.574,gate,ETH/USDT:USDT,3808.7,8615.0,3808.65,126.0,3808.75,3429.0,3808.8,945.0
1753769563638,06:12:43.638,gate,ETH/USDT:USDT,3808.7,8615.0,3808.65,126.0,3808.75,3429.0,3808.8,945.0
1753769563775,06:12:43.775,gate,ETH/USDT:USDT,3808.7,8615.0,3808.65,126.0,3808.75,2869.0,3808.8,945.0
1753769563847,06:12:43.847,gate,ETH/USDT:USDT,3808.7,8615.0,3808.65,126.0,3808.75,2869.0,3808.8,945.0
1753769563981,06:12:43.981,gate,ETH/USDT:USDT,3808.7,8615.0,3808.65,126.0,3808.75,2869.0,3808.8,945.0
1753769564054,06:12:44.054,gate,ETH/USDT:USDT,3808.7,8615.0,3808.65,126.0,3808.75,2869.0,3808.8,945.0
1753769564131,06:12:44.131,gate,ETH/USDT:USDT,3808.7,8615.0,3808.65,126.0,3808.75,2869.0,3808.8,945.0
1753769564189,06:12:44.189,gate,ETH/USDT:USDT,3808.7,8615.0,3808.65,126.0,3808.75,2869.0,3808.8,945.0
1753769564374,06:12:44.374,gate,ETH/USDT:USDT,3808.7,8615.0,3808.65,126.0,3808.75,2869.0,3808.8,945.0
1753769564470,06:12:44.470,gate,ETH/USDT:USDT,3808.7,8594.0,3808.65,126.0,3808.75,2869.0,3808.8,945.0
1753769564573,06:12:44.573,gate,ETH/USDT:USDT,3808.7,8615.0,3808.65,126.0,3808.75,2869.0,3808.8,945.0
1753769564639,06:12:44.639,gate,ETH/USDT:USDT,3808.7,8615.0,3808.65,126.0,3808.75,2869.0,3808.8,945.0
1753769564774,06:12:44.774,gate,ETH/USDT:USDT,3808.7,8615.0,3808.65,126.0,3808.75,2869.0,3808.8,945.0
1753769564872,06:12:44.872,gate,ETH/USDT:USDT,3808.7,8003.0,3808.65,126.0,3808.75,2869.0,3808.8,945.0
1753769564977,06:12:44.977,gate,ETH/USDT:USDT,3808.7,8003.0,3808.65,126.0,3808.75,2869.0,3808.8,945.0
1753769565029,06:12:45.029,gate,ETH/USDT:USDT,3808.7,8003.0,3808.65,126.0,3808.75,2528.0,3808.8,945.0
1753769565174,06:12:45.174,gate,ETH/USDT:USDT,3808.7,7982.0,3808.65,126.0,3808.75,2528.0,3808.8,945.0
1753769565250,06:12:45.250,gate,ETH/USDT:USDT,3808.7,8003.0,3808.65,126.0,3808.75,2528.0,3808.8,945.0
1753769565374,06:12:45.374,gate,ETH/USDT:USDT,3808.7,8003.0,3808.65,126.0,3808.75,2528.0,3808.8,945.0
1753769565574,06:12:45.574,gate,ETH/USDT:USDT,3808.7,8003.0,3808.65,126.0,3808.75,2528.0,3808.8,945.0
1753769565681,06:12:45.681,gate,ETH/USDT:USDT,3808.7,8003.0,3808.65,126.0,3808.75,2528.0,3808.8,945.0
1753769565787,06:12:45.787,gate,ETH/USDT:USDT,3808.7,8908.0,3808.65,791.0,3808.75,1015.0,3808.8,39.0
1753769565885,06:12:45.885,gate,ETH/USDT:USDT,3808.7,9303.0,3808.65,1800.0,3808.75,1015.0,3808.8,39.0
1753769565988,06:12:45.988,gate,ETH/USDT:USDT,3808.7,9303.0,3808.65,1800.0,3808.75,915.0,3808.8,39.0
1753769566078,06:12:46.078,gate,ETH/USDT:USDT,3808.7,9282.0,3808.65,1800.0,3808.75,915.0,3808.8,39.0
1753769566173,06:12:46.173,gate,ETH/USDT:USDT,3808.7,9303.0,3808.65,1800.0,3808.75,915.0,3808.8,39.0
1753769566275,06:12:46.275,gate,ETH/USDT:USDT,3808.7,9282.0,3808.65,1800.0,3808.75,915.0,3808.8,39.0
1753769566387,06:12:46.387,gate,ETH/USDT:USDT,3808.7,8746.0,3808.65,1264.0,3808.75,915.0,3808.8,39.0
1753769566470,06:12:46.470,gate,ETH/USDT:USDT,3808.7,8767.0,3808.65,1800.0,3808.75,915.0,3808.8,39.0
1753769566586,06:12:46.586,gate,ETH/USDT:USDT,3808.7,8746.0,3808.65,1800.0,3808.75,915.0,3808.8,39.0
1753769566687,06:12:46.687,gate,ETH/USDT:USDT,3808.7,8247.0,3808.65,914.0,3808.75,862.0,3808.8,39.0
1753769566783,06:12:46.783,gate,ETH/USDT:USDT,3808.7,8247.0,3808.65,1314.0,3808.75,862.0,3808.8,39.0
1753769566865,06:12:46.865,gate,ETH/USDT:USDT,3808.7,8247.0,3808.65,1314.0,3808.75,862.0,3808.8,39.0
1753769566982,06:12:46.982,gate,ETH/USDT:USDT,3808.7,8229.0,3808.65,1314.0,3808.75,2347.0,3808.8,39.0
1753769567065,06:12:47.065,gate,ETH/USDT:USDT,3808.7,8229.0,3808.65,1314.0,3808.75,862.0,3808.8,39.0
1753769567176,06:12:47.176,gate,ETH/USDT:USDT,3808.7,8744.0,3808.65,1850.0,3808.75,862.0,3808.8,39.0
1753769567202,06:12:47.202,gate,ETH/USDT:USDT,3808.7,8765.0,3808.65,1850.0,3808.75,862.0,3808.8,39.0
1753769567377,06:12:47.377,gate,ETH/USDT:USDT,3808.7,8765.0,3808.65,1850.0,3808.75,862.0,3808.8,39.0
1753769567488,06:12:47.488,gate,ETH/USDT:USDT,3808.7,7908.0,3808.65,914.0,3808.75,858.0,3808.8,39.0
1753769567574,06:12:47.574,gate,ETH/USDT:USDT,3808.7,7929.0,3808.65,1275.0,3808.75,858.0,3808.8,39.0
1753769567668,06:12:47.668,gate,ETH/USDT:USDT,3808.7,8465.0,3808.65,1811.0,3808.75,858.0,3808.8,39.0
1753769567782,06:12:47.782,gate,ETH/USDT:USDT,3808.7,9371.0,3808.65,1811.0,3808.75,858.0,3808.8,39.0
1753769567877,06:12:47.877,gate,ETH/USDT:USDT,3808.7,9371.0,3808.65,1811.0,3808.75,858.0,3808.8,39.0
1753769567987,06:12:47.987,gate,ETH/USDT:USDT,3808.7,8814.0,3808.65,914.0,3808.75,858.0,3808.8,39.0
1753769568030,06:12:48.030,gate,ETH/USDT:USDT,3808.7,8835.0,3808.65,1718.0,3808.75,858.0,3808.8,39.0
1753769568175,06:12:48.175,gate,ETH/USDT:USDT,3808.7,8835.0,3808.65,1718.0,3808.75,858.0,3808.8,39.0
1753769568277,06:12:48.277,gate,ETH/USDT:USDT,3808.7,9987.0,3808.65,1182.0,3808.75,858.0,3808.8,39.0
1753769568376,06:12:48.376,gate,ETH/USDT:USDT,3808.7,10008.0,3808.65,1718.0,3808.75,788.0,3808.8,39.0
1753769568466,06:12:48.466,gate,ETH/USDT:USDT,3808.7,10008.0,3808.65,1718.0,3808.75,788.0,3808.8,39.0
1753769568575,06:12:48.575,gate,ETH/USDT:USDT,3808.7,10257.0,3808.65,1718.0,3808.75,788.0,3808.8,39.0
1753769568684,06:12:48.684,gate,ETH/USDT:USDT,3808.7,10257.0,3808.65,1718.0,3808.75,788.0,3808.8,39.0
1753769568777,06:12:48.777,gate,ETH/USDT:USDT,3808.7,10909.0,3808.65,1718.0,3808.75,788.0,3808.8,39.0
1753769568857,06:12:48.857,gate,ETH/USDT:USDT,3808.7,10909.0,3808.65,1718.0,3808.75,788.0,3808.8,39.0
1753769568980,06:12:48.980,gate,ETH/USDT:USDT,3808.7,11179.0,3808.65,1718.0,3808.75,788.0,3808.8,39.0
1753769569084,06:12:49.084,gate,ETH/USDT:USDT,3808.7,11593.0,3808.65,1718.0,3808.75,773.0,3808.8,39.0
1753769569186,06:12:49.186,gate,ETH/USDT:USDT,3808.7,11842.0,3808.65,1718.0,3808.75,773.0,3808.8,39.0
1753769569287,06:12:49.287,gate,ETH/USDT:USDT,3808.7,11842.0,3808.65,1718.0,3808.75,773.0,3808.8,39.0
1753769569376,06:12:49.376,gate,ETH/USDT:USDT,3808.7,11842.0,3808.65,1718.0,3808.75,773.0,3808.8,39.0
1753769569473,06:12:49.473,gate,ETH/USDT:USDT,3808.7,11842.0,3808.65,1718.0,3808.75,773.0,3808.8,39.0
1753769569576,06:12:49.576,gate,ETH/USDT:USDT,3808.7,11842.0,3808.65,1718.0,3808.75,773.0,3808.8,39.0
1753769569658,06:12:49.658,gate,ETH/USDT:USDT,3808.7,11842.0,3808.65,1718.0,3808.75,773.0,3808.8,39.0
1753769569785,06:12:49.785,gate,ETH/USDT:USDT,3808.7,11821.0,3808.65,1182.0,3808.75,773.0,3808.8,39.0
1753769569851,06:12:49.851,gate,ETH/USDT:USDT,3808.7,12379.0,3808.65,1718.0,3808.75,773.0,3808.8,39.0
1753769569984,06:12:49.984,gate,ETH/USDT:USDT,3808.7,12379.0,3808.65,1718.0,3808.75,772.0,3808.8,39.0
1753769570079,06:12:50.079,gate,ETH/USDT:USDT,3808.7,12384.0,3808.65,1718.0,3808.75,772.0,3808.8,39.0
1753769570186,06:12:50.186,gate,ETH/USDT:USDT,3808.7,11848.0,3808.65,1450.0,3808.75,772.0,3808.8,39.0
1753769570274,06:12:50.274,gate,ETH/USDT:USDT,3808.7,11848.0,3808.65,1450.0,3808.75,772.0,3808.8,39.0
1753769570375,06:12:50.375,gate,ETH/USDT:USDT,3808.7,11826.0,3808.65,1451.0,3808.75,772.0,3808.8,39.0
1753769570481,06:12:50.481,gate,ETH/USDT:USDT,3808.7,11454.0,3808.65,1843.0,3808.75,772.0,3808.8,39.0
1753769570587,06:12:50.587,gate,ETH/USDT:USDT,3808.7,11805.0,3808.65,1451.0,3808.75,772.0,3808.8,39.0
1753769570676,06:12:50.676,gate,ETH/USDT:USDT,3808.7,11805.0,3808.65,915.0,3808.75,772.0,3808.8,39.0
1753769570774,06:12:50.774,gate,ETH/USDT:USDT,3808.7,12341.0,3808.65,1450.0,3808.75,772.0,3808.8,39.0
1753769570885,06:12:50.885,gate,ETH/USDT:USDT,3808.7,12341.0,3808.65,1450.0,3808.75,772.0,3808.8,39.0
1753769570975,06:12:50.975,gate,ETH/USDT:USDT,3808.7,12341.0,3808.65,1450.0,3808.75,772.0,3808.8,39.0
1753769571082,06:12:51.082,gate,ETH/USDT:USDT,3808.7,11729.0,3808.65,914.0,3808.75,772.0,3808.8,39.0
1753769571186,06:12:51.186,gate,ETH/USDT:USDT,3808.7,11729.0,3808.65,914.0,3808.75,772.0,3808.8,39.0
1753769571282,06:12:51.282,gate,ETH/USDT:USDT,3808.8,19150.0,3808.75,1518.0,3808.85,289.0,3809.0,32.0
1753769571381,06:12:51.381,gate,ETH/USDT:USDT,3808.8,19269.0,3808.75,1518.0,3808.85,289.0,3809.0,32.0
1753769571487,06:12:51.487,gate,ETH/USDT:USDT,3808.8,19269.0,3808.75,1518.0,3808.85,289.0,3809.0,32.0
1753769571588,06:12:51.588,gate,ETH/USDT:USDT,3808.8,19269.0,3808.75,1518.0,3808.85,289.0,3809.0,32.0
1753769571637,06:12:51.637,gate,ETH/USDT:USDT,3808.8,19269.0,3808.75,1518.0,3808.85,263.0,3809.0,32.0
1753769571778,06:12:51.778,gate,ETH/USDT:USDT,3808.8,19269.0,3808.75,1518.0,3808.85,263.0,3809.0,32.0
1753769571868,06:12:51.868,gate,ETH/USDT:USDT,3808.8,19269.0,3808.75,1518.0,3808.85,263.0,3809.0,32.0
1753769571976,06:12:51.976,gate,ETH/USDT:USDT,3808.8,19269.0,3808.75,1518.0,3808.85,263.0,3809.0,32.0
1753769572087,06:12:52.087,gate,ETH/USDT:USDT,3808.8,19020.0,3808.75,1578.0,3808.85,263.0,3809.0,32.0
1753769572183,06:12:52.183,gate,ETH/USDT:USDT,3808.8,19020.0,3808.75,1578.0,3808.85,263.0,3809.0,32.0
1753769572284,06:12:52.284,gate,ETH/USDT:USDT,3808.8,18484.0,3808.75,792.0,3808.85,263.0,3809.0,32.0
1753769572375,06:12:52.375,gate,ETH/USDT:USDT,3808.8,18484.0,3808.75,792.0,3808.85,263.0,3809.0,32.0
1753769572448,06:12:52.448,gate,ETH/USDT:USDT,3808.8,18999.0,3808.75,1328.0,3808.85,263.0,3809.0,32.0
1753769572575,06:12:52.575,gate,ETH/USDT:USDT,3808.8,19020.0,3808.75,1328.0,3808.85,263.0,3809.0,32.0
1753769572675,06:12:52.675,gate,ETH/USDT:USDT,3808.8,19020.0,3808.75,1328.0,3808.85,263.0,3809.0,32.0
1753769572776,06:12:52.776,gate,ETH/USDT:USDT,3808.8,18463.0,3808.75,792.0,3808.85,263.0,3809.0,32.0
1753769572862,06:12:52.862,gate,ETH/USDT:USDT,3808.8,19020.0,3808.75,1328.0,3808.85,263.0,3809.0,32.0
1753769572979,06:12:52.979,gate,ETH/USDT:USDT,3808.8,18484.0,3808.75,792.0,3808.85,263.0,3809.0,32.0
1753769573072,06:12:53.072,gate,ETH/USDT:USDT,3808.8,18484.0,3808.75,1328.0,3808.85,263.0,3809.0,32.0
1753769573173,06:12:53.173,gate,ETH/USDT:USDT,3808.8,18484.0,3808.75,1328.0,3808.85,263.0,3809.0,32.0
1753769573262,06:12:53.262,gate,ETH/USDT:USDT,3808.8,18484.0,3808.75,1328.0,3808.85,263.0,3809.0,32.0
1753769573379,06:12:53.379,gate,ETH/USDT:USDT,3808.8,18484.0,3808.75,1328.0,3808.85,263.0,3809.0,32.0
1753769573483,06:12:53.483,gate,ETH/USDT:USDT,3808.8,18484.0,3808.75,1328.0,3808.85,263.0,3809.0,32.0
1753769573578,06:12:53.578,gate,ETH/USDT:USDT,3808.8,18484.0,3808.75,1328.0,3808.85,263.0,3809.0,32.0
1753769573624,06:12:53.624,gate,ETH/USDT:USDT,3808.8,18484.0,3808.75,1328.0,3808.85,263.0,3809.0,32.0
1753769573775,06:12:53.775,gate,ETH/USDT:USDT,3808.8,18484.0,3808.75,1328.0,3808.85,263.0,3809.0,32.0
1753769573880,06:12:53.880,gate,ETH/USDT:USDT,3808.8,18463.0,3808.75,792.0,3808.85,263.0,3809.0,32.0
1753769573979,06:12:53.979,gate,ETH/USDT:USDT,3808.8,18484.0,3808.75,792.0,3808.85,263.0,3809.0,32.0
1753769574067,06:12:54.067,gate,ETH/USDT:USDT,3808.8,18484.0,3808.75,1328.0,3808.85,263.0,3809.0,32.0
1753769574175,06:12:54.175,gate,ETH/USDT:USDT,3808.8,18463.0,3808.75,1328.0,3808.85,163.0,3809.0,32.0
1753769574269,06:12:54.269,gate,ETH/USDT:USDT,3808.8,18562.0,3808.75,1328.0,3808.85,163.0,3809.0,32.0
1753769574383,06:12:54.383,gate,ETH/USDT:USDT,3808.95,13478.0,3808.9,685.0,3809.0,1632.0,3809.1,166.0
1753769574482,06:12:54.482,gate,ETH/USDT:USDT,3808.95,13499.0,3808.9,685.0,3809.0,1632.0,3809.1,166.0
1753769574581,06:12:54.581,gate,ETH/USDT:USDT,3809.05,6907.0,3809.0,21.0,3809.1,1110.0,3809.15,1909.0
1753769574687,06:12:54.687,gate,ETH/USDT:USDT,3809.1,13408.0,3809.05,126.0,3809.15,1909.0,3809.2,210.0
1753769574753,06:12:54.753,gate,ETH/USDT:USDT,3809.1,13429.0,3809.05,105.0,3809.15,1909.0,3809.2,210.0
1753769574866,06:12:54.866,gate,ETH/USDT:USDT,3809.1,13408.0,3809.05,105.0,3809.15,1909.0,3809.2,210.0
1753769574977,06:12:54.977,gate,ETH/USDT:USDT,3809.1,13408.0,3809.05,105.0,3809.15,1909.0,3809.2,210.0
1753769575085,06:12:55.085,gate,ETH/USDT:USDT,3809.1,13429.0,3809.05,105.0,3809.15,1909.0,3809.3,1639.0
1753769575176,06:12:55.176,gate,ETH/USDT:USDT,3809.1,13429.0,3809.05,105.0,3809.15,1909.0,3809.25,485.0
1753769575284,06:12:55.284,gate,ETH/USDT:USDT,3809.1,13429.0,3809.05,105.0,3809.15,1909.0,3809.25,485.0
1753769575383,06:12:55.383,gate,ETH/USDT:USDT,3809.1,13429.0,3809.05,105.0,3809.15,1909.0,3809.25,485.0
1753769575467,06:12:55.467,gate,ETH/USDT:USDT,3809.1,13429.0,3809.05,105.0,3809.15,1909.0,3809.25,485.0
1753769575582,06:12:55.582,gate,ETH/USDT:USDT,3809.1,13429.0,3809.05,105.0,3809.15,1909.0,3809.25,485.0
1753769575681,06:12:55.681,gate,ETH/USDT:USDT,3809.1,13408.0,3809.05,105.0,3809.15,2394.0,3809.2,485.0
1753769575753,06:12:55.753,gate,ETH/USDT:USDT,3809.1,13408.0,3809.05,105.0,3809.15,2394.0,3809.2,485.0
1753769575877,06:12:55.877,gate,ETH/USDT:USDT,3809.1,13429.0,3809.05,105.0,3809.15,3491.0,3809.2,485.0
1753769575970,06:12:55.970,gate,ETH/USDT:USDT,3809.1,12311.0,3809.05,105.0,3809.15,3491.0,3809.2,485.0
1753769576076,06:12:56.076,gate,ETH/USDT:USDT,3809.1,12311.0,3809.05,105.0,3809.15,3491.0,3809.2,485.0
1753769576177,06:12:56.177,gate,ETH/USDT:USDT,3809.1,12332.0,3809.05,105.0,3809.15,3006.0,3809.3,1639.0
1753769576257,06:12:56.257,gate,ETH/USDT:USDT,3809.1,12332.0,3809.05,105.0,3809.15,3006.0,3809.3,1639.0
1753769576373,06:12:56.373,gate,ETH/USDT:USDT,3809.1,12311.0,3809.05,105.0,3809.15,3501.0,3809.2,485.0
1753769576487,06:12:56.487,gate,ETH/USDT:USDT,3809.1,12311.0,3809.05,105.0,3809.15,3566.0,3809.2,485.0
1753769576580,06:12:56.580,gate,ETH/USDT:USDT,3809.1,10411.0,3809.05,105.0,3809.15,3566.0,3809.2,485.0
1753769576666,06:12:56.666,gate,ETH/USDT:USDT,3809.1,10411.0,3809.05,105.0,3809.15,3566.0,3809.2,485.0
1753769576785,06:12:56.785,gate,ETH/USDT:USDT,3809.1,10411.0,3809.05,105.0,3809.15,3566.0,3809.25,248.0
1753769576887,06:12:56.887,gate,ETH/USDT:USDT,3809.1,8666.0,3809.05,105.0,3809.15,5187.0,3809.2,146.0
1753769576974,06:12:56.974,gate,ETH/USDT:USDT,3809.1,1124.0,3809.05,8.0,3809.15,6703.0,3809.2,631.0
1753769577026,06:12:57.026,gate,ETH/USDT:USDT,3809.1,1124.0,3809.05,8.0,3809.15,6703.0,3809.2,631.0
1753769577185,06:12:57.185,gate,ETH/USDT:USDT,3809.1,1148.0,3809.05,8.0,3809.15,5818.0,3809.2,146.0
1753769577287,06:12:57.287,gate,ETH/USDT:USDT,3809.1,173.0,3809.05,8.0,3809.15,6303.0,3809.2,631.0
1753769577387,06:12:57.387,gate,ETH/USDT:USDT,3809.1,173.0,3809.05,8.0,3809.15,6303.0,3809.2,631.0
1753769577443,06:12:57.443,gate,ETH/USDT:USDT,3809.1,78.0,3809.05,8.0,3809.15,6694.0,3809.2,631.0
1753769577574,06:12:57.574,gate,ETH/USDT:USDT,3809.1,78.0,3809.05,8.0,3809.15,6694.0,3809.2,631.0
1753769577615,06:12:57.615,gate,ETH/USDT:USDT,3809.1,78.0,3809.05,8.0,3809.15,6694.0,3809.2,631.0
1753769577781,06:12:57.781,gate,ETH/USDT:USDT,3809.1,78.0,3809.05,8.0,3809.15,6694.0,3809.2,631.0
1753769577863,06:12:57.863,gate,ETH/USDT:USDT,3809.1,78.0,3809.05,8.0,3809.15,6209.0,3809.2,146.0
1753769577974,06:12:57.974,gate,ETH/USDT:USDT,3809.1,78.0,3809.05,8.0,3809.15,6209.0,3809.2,146.0
1753769578055,06:12:58.055,gate,ETH/USDT:USDT,3809.1,78.0,3809.05,8.0,3809.15,6209.0,3809.2,146.0
1753769578178,06:12:58.178,gate,ETH/USDT:USDT,3809.1,78.0,3809.05,8.0,3809.15,6209.0,3809.2,146.0
1753769578256,06:12:58.256,gate,ETH/USDT:USDT,3809.1,78.0,3809.05,8.0,3809.15,6209.0,3809.2,146.0
1753769578374,06:12:58.374,gate,ETH/USDT:USDT,3809.1,78.0,3809.05,8.0,3809.15,6209.0,3809.2,146.0
1753769578562,06:12:58.562,gate,ETH/USDT:USDT,3809.1,24.0,3809.05,8.0,3809.15,6920.0,3809.2,642.0
1753769578670,06:12:58.670,gate,ETH/USDT:USDT,3809.1,24.0,3809.05,8.0,3809.15,6920.0,3809.2,146.0
1753769578776,06:12:58.776,gate,ETH/USDT:USDT,3809.1,1184.0,3809.05,8.0,3809.15,6209.0,3809.2,146.0
1753769578879,06:12:58.879,gate,ETH/USDT:USDT,3809.1,2669.0,3809.05,8.0,3809.15,6209.0,3809.2,146.0
1753769578986,06:12:58.986,gate,ETH/USDT:USDT,3809.1,2669.0,3809.05,8.0,3809.15,6209.0,3809.2,146.0
1753769579057,06:12:59.057,gate,ETH/USDT:USDT,3809.1,1184.0,3809.05,8.0,3809.15,6231.0,3809.2,146.0
1753769579179,06:12:59.179,gate,ETH/USDT:USDT,3809.1,1184.0,3809.05,8.0,3809.15,6231.0,3809.2,146.0
1753769579285,06:12:59.285,gate,ETH/USDT:USDT,3809.1,264.0,3809.05,8.0,3809.15,6231.0,3809.2,146.0
1753769579387,06:12:59.387,gate,ETH/USDT:USDT,3809.1,1749.0,3809.05,8.0,3809.15,5969.0,3809.2,146.0
1753769579468,06:12:59.468,gate,ETH/USDT:USDT,3809.1,1749.0,3809.05,8.0,3809.15,5969.0,3809.2,146.0
1753769579574,06:12:59.574,gate,ETH/USDT:USDT,3809.1,1749.0,3809.05,8.0,3809.15,5969.0,3809.2,146.0
1753769579652,06:12:59.652,gate,ETH/USDT:USDT,3809.1,1749.0,3809.05,8.0,3809.15,5969.0,3809.2,146.0
1753769579778,06:12:59.778,gate,ETH/USDT:USDT,3809.1,1749.0,3809.05,8.0,3809.15,5969.0,3809.2,146.0
1753769579886,06:12:59.886,gate,ETH/USDT:USDT,3809.1,1749.0,3809.05,8.0,3809.15,5969.0,3809.2,146.0
1753769579977,06:12:59.977,gate,ETH/USDT:USDT,3809.1,1819.0,3809.05,8.0,3809.15,5663.0,3809.2,146.0
1753769580087,06:13:00.087,gate,ETH/USDT:USDT,3809.1,6440.0,3809.05,491.0,3809.15,4971.0,3809.2,146.0
1753769580186,06:13:00.186,gate,ETH/USDT:USDT,3809.1,5957.0,3809.05,8.0,3809.15,4971.0,3809.2,146.0
1753769580383,06:13:00.383,gate,ETH/USDT:USDT,3809.1,5957.0,3809.05,8.0,3809.15,3691.0,3809.2,146.0
1753769580479,06:13:00.479,gate,ETH/USDT:USDT,3809.1,5957.0,3809.05,8.0,3809.15,3691.0,3809.2,146.0
1753769580586,06:13:00.586,gate,ETH/USDT:USDT,3809.1,5957.0,3809.05,8.0,3809.15,3691.0,3809.2,146.0
1753769580644,06:13:00.644,gate,ETH/USDT:USDT,3809.1,5957.0,3809.05,8.0,3809.15,3691.0,3809.2,146.0
1753769580787,06:13:00.787,gate,ETH/USDT:USDT,3809.1,5957.0,3809.05,8.0,3809.15,4251.0,3809.2,146.0
1753769580850,06:13:00.850,gate,ETH/USDT:USDT,3809.1,5957.0,3809.05,8.0,3809.15,4251.0,3809.2,146.0
1753769580975,06:13:00.975,gate,ETH/USDT:USDT,3809.1,5957.0,3809.05,8.0,3809.15,4251.0,3809.2,146.0
1753769581074,06:13:01.074,gate,ETH/USDT:USDT,3809.1,5957.0,3809.05,8.0,3809.15,4251.0,3809.2,146.0
1753769581177,06:13:01.177,gate,ETH/USDT:USDT,3809.1,5978.0,3809.05,8.0,3809.15,4251.0,3809.2,146.0
1753769581219,06:13:01.219,gate,ETH/USDT:USDT,3809.1,5978.0,3809.05,8.0,3809.15,4251.0,3809.2,146.0
1753769581378,06:13:01.378,gate,ETH/USDT:USDT,3809.1,5672.0,3809.05,8.0,3809.15,4471.0,3809.2,146.0
1753769581487,06:13:01.487,gate,ETH/USDT:USDT,3809.1,309.0,3809.05,8.0,3809.15,5050.0,3809.2,629.0
1753769581577,06:13:01.577,gate,ETH/USDT:USDT,3809.1,309.0,3809.05,8.0,3809.15,5181.0,3809.2,629.0
1753769581628,06:13:01.628,gate,ETH/USDT:USDT,3809.1,264.0,3809.05,8.0,3809.15,5050.0,3809.2,629.0
1753769581776,06:13:01.776,gate,ETH/USDT:USDT,3809.1,1749.0,3809.05,8.0,3809.15,4567.0,3809.2,146.0
1753769581820,06:13:01.820,gate,ETH/USDT:USDT,3809.1,1819.0,3809.05,8.0,3809.15,4567.0,3809.2,146.0
1753769581977,06:13:01.977,gate,ETH/USDT:USDT,3809.1,5035.0,3809.05,491.0,3809.15,4562.0,3809.2,146.0
1753769582068,06:13:02.068,gate,ETH/USDT:USDT,3809.1,5056.0,3809.05,491.0,3809.15,4562.0,3809.2,146.0
1753769582163,06:13:02.163,gate,ETH/USDT:USDT,3809.1,4552.0,3809.05,8.0,3809.15,4562.0,3809.2,146.0
1753769582259,06:13:02.259,gate,ETH/USDT:USDT,3809.1,4552.0,3809.05,8.0,3809.15,4562.0,3809.2,146.0
1753769582374,06:13:02.374,gate,ETH/USDT:USDT,3809.1,4552.0,3809.05,8.0,3809.15,4562.0,3809.2,146.0
1753769582481,06:13:02.481,gate,ETH/USDT:USDT,3809.1,1991.0,3809.05,8.0,3809.15,5045.0,3809.2,629.0
1753769582586,06:13:02.586,gate,ETH/USDT:USDT,3809.1,309.0,3809.05,8.0,3809.15,5045.0,3809.2,629.0
1753769582688,06:13:02.688,gate,ETH/USDT:USDT,3809.1,309.0,3809.05,8.0,3809.15,4693.0,3809.2,146.0
1753769582774,06:13:02.774,gate,ETH/USDT:USDT,3809.1,1794.0,3809.05,8.0,3809.15,4562.0,3809.2,146.0
1753769582864,06:13:02.864,gate,ETH/USDT:USDT,3809.1,1864.0,3809.05,8.0,3809.15,4562.0,3809.2,146.0
1753769582969,06:13:02.969,gate,ETH/USDT:USDT,3809.1,1864.0,3809.05,8.0,3809.15,4562.0,3809.2,146.0
1753769583010,06:13:03.010,gate,ETH/USDT:USDT,3809.1,1864.0,3809.05,8.0,3809.15,4562.0,3809.2,146.0
1753769583181,06:13:03.181,gate,ETH/USDT:USDT,3809.1,379.0,3809.05,8.0,3809.15,4562.0,3809.2,624.0
1753769583287,06:13:03.287,gate,ETH/USDT:USDT,3809.1,309.0,3809.05,8.0,3809.15,4562.0,3809.2,624.0
1753769583376,06:13:03.376,gate,ETH/USDT:USDT,3809.1,24.0,3809.05,8.0,3809.15,4562.0,3809.2,624.0
1753769583444,06:13:03.444,gate,ETH/USDT:USDT,3809.1,24.0,3809.05,8.0,3809.15,4693.0,3809.2,624.0
1753769583586,06:13:03.586,gate,ETH/USDT:USDT,3809.1,24.0,3809.05,8.0,3809.15,4693.0,3809.2,624.0
1753769583687,06:13:03.687,gate,ETH/USDT:USDT,3809.1,24.0,3809.05,8.0,3809.15,4562.0,3809.2,624.0
1753769583785,06:13:03.785,gate,ETH/USDT:USDT,3809.1,24.0,3808.85,249.0,3809.15,5232.0,3809.2,624.0
1753769583885,06:13:03.885,gate,ETH/USDT:USDT,3809.1,24.0,3808.85,249.0,3809.15,5232.0,3809.2,624.0
1753769583984,06:13:03.984,gate,ETH/USDT:USDT,3808.85,249.0,3808.8,1.0,3808.9,9593.0,3809.05,233.0
1753769584074,06:13:04.074,gate,ETH/USDT:USDT,3808.85,249.0,3808.8,1.0,3808.9,9695.0,3809.05,142.0
1753769584170,06:13:04.170,gate,ETH/USDT:USDT,3808.85,249.0,3808.8,1.0,3808.9,9695.0,3808.95,283.0
1753769584276,06:13:04.276,gate,ETH/USDT:USDT,3808.85,249.0,3808.8,1.0,3808.9,9826.0,3808.95,519.0
1753769584376,06:13:04.376,gate,ETH/USDT:USDT,3808.85,161.0,3808.8,1.0,3808.9,9475.0,3808.95,519.0
1753769584479,06:13:04.479,gate,ETH/USDT:USDT,3808.85,161.0,3808.8,1.0,3808.9,9475.0,3808.95,519.0
1753769584679,06:13:04.679,gate,ETH/USDT:USDT,3808.85,160.0,3808.8,2.0,3808.9,9475.0,3808.95,519.0
1753769584784,06:13:04.784,gate,ETH/USDT:USDT,3808.85,160.0,3808.8,2.0,3808.9,9606.0,3808.95,519.0
1753769584872,06:13:04.872,gate,ETH/USDT:USDT,3808.85,160.0,3808.8,2.0,3808.9,9606.0,3808.95,883.0
1753769584987,06:13:04.987,gate,ETH/USDT:USDT,3808.85,160.0,3808.8,2.0,3808.9,9475.0,3808.95,1355.0
1753769585086,06:13:05.086,gate,ETH/USDT:USDT,3808.85,160.0,3808.8,2.0,3808.9,9475.0,3808.95,1355.0
1753769585178,06:13:05.178,gate,ETH/USDT:USDT,3808.85,160.0,3808.8,1.0,3808.9,9475.0,3808.95,1355.0
1753769585263,06:13:05.263,gate,ETH/USDT:USDT,3808.85,160.0,3808.8,1.0,3808.9,9475.0,3808.95,1355.0
1753769585374,06:13:05.374,gate,ETH/USDT:USDT,3808.85,160.0,3808.8,1.0,3808.9,9472.0,3808.95,1355.0
1753769585448,06:13:05.448,gate,ETH/USDT:USDT,3808.85,160.0,3808.8,1.0,3808.9,9941.0,3808.95,1355.0
1753769585577,06:13:05.577,gate,ETH/USDT:USDT,3808.85,160.0,3808.8,1.0,3808.9,9941.0,3808.95,1355.0
1753769585685,06:13:05.685,gate,ETH/USDT:USDT,3808.85,3352.0,3808.8,3.0,3808.9,6625.0,3808.95,368.0
1753769585787,06:13:05.787,gate,ETH/USDT:USDT,3808.85,3352.0,3808.8,3.0,3808.9,6453.0,3809.05,379.0
1753769585882,06:13:05.882,gate,ETH/USDT:USDT,3808.85,3352.0,3808.8,3.0,3808.9,6453.0,3809.05,379.0
1753769585904,06:13:05.904,gate,ETH/USDT:USDT,3808.85,3352.0,3808.8,5.0,3808.9,6453.0,3809.05,379.0
1753769586056,06:13:06.056,gate,ETH/USDT:USDT,3808.85,3352.0,3808.8,5.0,3808.9,6453.0,3809.05,379.0
1753769586173,06:13:06.173,gate,ETH/USDT:USDT,3808.85,3352.0,3808.8,5.0,3808.9,6453.0,3809.0,454.0
1753769586259,06:13:06.259,gate,ETH/USDT:USDT,3808.85,3352.0,3808.8,5.0,3808.9,6907.0,3808.95,454.0
1753769586375,06:13:06.375,gate,ETH/USDT:USDT,3808.85,3352.0,3808.8,5.0,3808.9,6907.0,3808.95,454.0
1753769586483,06:13:06.483,gate,ETH/USDT:USDT,3808.85,3352.0,3808.8,5.0,3808.9,6907.0,3808.95,454.0
1753769586584,06:13:06.584,gate,ETH/USDT:USDT,3808.85,3352.0,3808.8,5.0,3808.9,6453.0,3809.0,1094.0
1753769586685,06:13:06.685,gate,ETH/USDT:USDT,3808.85,3352.0,3808.8,5.0,3808.9,7358.0,3809.0,640.0
1753769586774,06:13:06.774,gate,ETH/USDT:USDT,3808.85,3352.0,3808.8,5.0,3808.9,7358.0,3809.0,891.0
1753769586880,06:13:06.880,gate,ETH/USDT:USDT,3808.85,3352.0,3808.8,5.0,3808.9,7358.0,3809.0,891.0
1753769586976,06:13:06.976,gate,ETH/USDT:USDT,3808.85,3352.0,3808.8,5.0,3808.9,7358.0,3809.0,891.0
1753769587051,06:13:07.051,gate,ETH/USDT:USDT,3808.85,1648.0,3808.8,5.0,3808.9,7812.0,3808.95,454.0
1753769587175,06:13:07.175,gate,ETH/USDT:USDT,3808.85,1578.0,3808.8,5.0,3808.9,7812.0,3808.95,454.0
1753769587250,06:13:07.250,gate,ETH/USDT:USDT,3808.85,1578.0,3808.8,5.0,3808.9,7890.0,3808.95,454.0
1753769587385,06:13:07.385,gate,ETH/USDT:USDT,3808.85,167.0,3808.8,5.0,3808.9,8412.0,3808.95,454.0
1753769587483,06:13:07.483,gate,ETH/USDT:USDT,3808.85,167.0,3808.8,5.0,3808.9,7827.0,3809.0,223.0
1753769587578,06:13:07.578,gate,ETH/USDT:USDT,3808.85,167.0,3808.8,5.0,3808.9,7958.0,3809.0,331.0
1753769587687,06:13:07.687,gate,ETH/USDT:USDT,3808.85,167.0,3808.8,5.0,3808.9,7958.0,3809.0,785.0
1753769587775,06:13:07.775,gate,ETH/USDT:USDT,3808.85,1578.0,3808.8,5.0,3808.9,7977.0,3809.0,223.0
1753769587877,06:13:07.877,gate,ETH/USDT:USDT,3808.85,1578.0,3808.8,5.0,3808.9,7977.0,3809.0,96.0
1753769587982,06:13:07.982,gate,ETH/USDT:USDT,3808.85,1578.0,3808.8,5.0,3808.9,8431.0,3808.95,454.0
1753769588073,06:13:08.073,gate,ETH/USDT:USDT,3808.85,167.0,3808.8,5.0,3808.9,8431.0,3808.95,454.0
1753769588187,06:13:08.187,gate,ETH/USDT:USDT,3808.85,167.0,3808.8,5.0,3808.9,8431.0,3808.95,454.0
1753769588487,06:13:08.487,gate,ETH/USDT:USDT,3808.85,167.0,3808.8,5.0,3808.9,7977.0,3809.0,347.0
1753769588515,06:13:08.515,gate,ETH/USDT:USDT,3808.85,167.0,3808.8,5.0,3808.9,8108.0,3809.0,211.0
1753769588642,06:13:08.642,gate,ETH/USDT:USDT,3808.85,167.0,3808.8,5.0,3808.9,7977.0,3809.0,211.0
1753769588786,06:13:08.786,gate,ETH/USDT:USDT,3808.85,1578.0,3808.8,5.0,3808.9,7977.0,3809.0,211.0
1753769588870,06:13:08.870,gate,ETH/USDT:USDT,3808.85,167.0,3808.8,5.0,3808.9,8108.0,3809.0,211.0
1753769588971,06:13:08.971,gate,ETH/USDT:USDT,3808.85,160.0,3808.8,5.0,3808.9,8108.0,3809.0,787.0
1753769589072,06:13:09.072,gate,ETH/USDT:USDT,3808.85,160.0,3808.8,5.0,3808.9,8108.0,3809.0,787.0
1753769589177,06:13:09.177,gate,ETH/USDT:USDT,3808.85,480.0,3808.8,5.0,3808.9,7977.0,3809.0,317.0
1753769589274,06:13:09.274,gate,ETH/USDT:USDT,3808.85,480.0,3808.8,5.0,3808.9,7977.0,3809.0,317.0
1753769589376,06:13:09.376,gate,ETH/USDT:USDT,3808.85,480.0,3808.8,5.0,3808.9,7977.0,3809.0,317.0
1753769589485,06:13:09.485,gate,ETH/USDT:USDT,3808.85,480.0,3808.8,5.0,3808.9,8108.0,3809.0,439.0
1753769589577,06:13:09.577,gate,ETH/USDT:USDT,3808.85,160.0,3808.8,5.0,3808.9,7893.0,3808.95,788.0
1753769589672,06:13:09.672,gate,ETH/USDT:USDT,3808.85,160.0,3808.8,1.0,3808.9,8024.0,3808.95,788.0
1753769589780,06:13:09.780,gate,ETH/USDT:USDT,3808.85,160.0,3808.8,1.0,3808.9,7893.0,3808.95,788.0
1753769589851,06:13:09.851,gate,ETH/USDT:USDT,3808.85,160.0,3808.8,1.0,3808.9,7893.0,3808.95,788.0
1753769589977,06:13:09.977,gate,ETH/USDT:USDT,3808.85,160.0,3808.8,1.0,3808.9,8024.0,3808.95,788.0
1753769590088,06:13:10.088,gate,ETH/USDT:USDT,3808.85,160.0,3808.8,1.0,3808.9,7893.0,3808.95,788.0
1753769590175,06:13:10.175,gate,ETH/USDT:USDT,3808.85,160.0,3808.8,3.0,3808.9,8024.0,3808.95,788.0
1753769590230,06:13:10.230,gate,ETH/USDT:USDT,3808.85,160.0,3808.8,3.0,3808.9,7893.0,3808.95,343.0
1753769590387,06:13:10.387,gate,ETH/USDT:USDT,3808.85,160.0,3808.8,3.0,3808.9,7893.0,3808.95,709.0
1753769590466,06:13:10.466,gate,ETH/USDT:USDT,3808.85,160.0,3808.8,5.0,3808.9,7893.0,3808.95,709.0
1753769590587,06:13:10.587,gate,ETH/USDT:USDT,3808.85,2808.0,3808.8,145.0,3808.9,7883.0,3808.95,216.0
1753769590668,06:13:10.668,gate,ETH/USDT:USDT,3808.85,2808.0,3808.8,146.0,3808.9,7189.0,3809.05,227.0
1753769590778,06:13:10.778,gate,ETH/USDT:USDT,3808.85,2808.0,3808.8,146.0,3808.9,7189.0,3809.05,155.0
1753769590882,06:13:10.882,gate,ETH/USDT:USDT,3808.85,2808.0,3808.8,146.0,3808.9,7189.0,3809.05,155.0
1753769590987,06:13:10.987,gate,ETH/USDT:USDT,3808.85,2808.0,3808.8,146.0,3808.9,7189.0,3808.95,76.0
1753769591085,06:13:11.085,gate,ETH/USDT:USDT,3808.85,1738.0,3808.8,146.0,3808.9,7189.0,3808.95,1188.0
1753769591178,06:13:11.178,gate,ETH/USDT:USDT,3808.85,1738.0,3808.8,146.0,3808.9,7189.0,3808.95,1188.0
1753769591229,06:13:11.229,gate,ETH/USDT:USDT,3808.85,1738.0,3808.8,146.0,3808.9,7189.0,3808.95,1188.0
1753769591378,06:13:11.378,gate,ETH/USDT:USDT,3808.85,167.0,3808.8,146.0,3808.9,7320.0,3808.95,1188.0
1753769591479,06:13:11.479,gate,ETH/USDT:USDT,3808.85,1641.0,3808.8,6.0,3808.9,7285.0,3808.95,76.0
1753769591579,06:13:11.579,gate,ETH/USDT:USDT,3808.85,1641.0,3808.8,6.0,3808.9,7189.0,3808.95,76.0
1753769591671,06:13:11.671,gate,ETH/USDT:USDT,3808.85,1641.0,3808.8,6.0,3808.9,7189.0,3808.95,76.0
1753769591781,06:13:11.781,gate,ETH/USDT:USDT,3808.85,1648.0,3808.8,150.0,3808.9,7189.0,3809.05,139.0
1753769591882,06:13:11.882,gate,ETH/USDT:USDT,3808.85,1648.0,3808.8,150.0,3808.9,7189.0,3809.05,139.0
1753769591975,06:13:11.975,gate,ETH/USDT:USDT,3808.85,1578.0,3808.8,150.0,3808.9,7189.0,3809.05,371.0
1753769592086,06:13:12.086,gate,ETH/USDT:USDT,3808.85,1578.0,3808.8,150.0,3808.9,7255.0,3809.0,454.0
1753769592187,06:13:12.187,gate,ETH/USDT:USDT,3808.85,1578.0,3808.8,150.0,3808.9,7255.0,3809.0,454.0
1753769592286,06:13:12.286,gate,ETH/USDT:USDT,3808.85,1648.0,3808.8,150.0,3808.9,7255.0,3809.0,78.0
1753769592384,06:13:12.384,gate,ETH/USDT:USDT,3808.85,167.0,3808.8,150.0,3808.9,7386.0,3808.95,454.0
1753769592483,06:13:12.483,gate,ETH/USDT:USDT,3808.85,167.0,3808.8,150.0,3808.9,7255.0,3808.95,454.0
1753769592586,06:13:12.586,gate,ETH/USDT:USDT,3808.85,1578.0,3808.8,150.0,3808.9,7554.0,3808.95,454.0
1753769592662,06:13:12.662,gate,ETH/USDT:USDT,3808.85,1578.0,3808.8,150.0,3808.9,7423.0,3808.95,454.0
1753769592880,06:13:12.880,gate,ETH/USDT:USDT,3808.85,1578.0,3808.8,150.0,3808.9,7309.0,3809.0,78.0
1753769592974,06:13:12.974,gate,ETH/USDT:USDT,3808.85,1578.0,3808.8,150.0,3808.9,7307.0,3809.0,78.0
1753769593046,06:13:13.046,gate,ETH/USDT:USDT,3808.85,1648.0,3808.8,150.0,3808.9,7253.0,3809.05,139.0
1753769593177,06:13:13.177,gate,ETH/USDT:USDT,3808.85,1648.0,3808.8,150.0,3808.9,7253.0,3809.05,139.0
1753769593277,06:13:13.277,gate,ETH/USDT:USDT,3808.85,160.0,3808.8,6.0,3808.9,7690.0,3808.95,1146.0
1753769593377,06:13:13.377,gate,ETH/USDT:USDT,3808.85,160.0,3808.8,6.0,3808.9,7690.0,3808.95,1146.0
1753769593485,06:13:13.485,gate,ETH/USDT:USDT,3808.75,96.0,3808.65,19.0,3808.8,13450.0,3808.85,1401.0
1753769593587,06:13:13.587,gate,ETH/USDT:USDT,3808.65,19.0,3808.55,29.0,3808.7,8197.0,3808.75,2161.0
1753769593685,06:13:13.685,gate,ETH/USDT:USDT,3808.65,19.0,3808.55,29.0,3808.7,5792.0,3808.75,1162.0
1753769593787,06:13:13.787,gate,ETH/USDT:USDT,3808.65,19.0,3808.55,245.0,3808.7,6270.0,3808.75,1579.0
1753769593885,06:13:13.885,gate,ETH/USDT:USDT,3808.65,19.0,3808.55,245.0,3808.7,6403.0,3808.75,1162.0
1753769593987,06:13:13.987,gate,ETH/USDT:USDT,3808.65,19.0,3808.55,245.0,3808.7,6403.0,3808.75,755.0
1753769594075,06:13:14.075,gate,ETH/USDT:USDT,3808.65,19.0,3808.55,245.0,3808.7,6820.0,3808.75,1172.0
1753769594178,06:13:14.178,gate,ETH/USDT:USDT,3808.65,19.0,3808.55,245.0,3808.7,6820.0,3808.75,1172.0
1753769594247,06:13:14.247,gate,ETH/USDT:USDT,3808.65,19.0,3808.55,245.0,3808.7,6403.0,3808.75,755.0
1753769594378,06:13:14.378,gate,ETH/USDT:USDT,3808.65,19.0,3808.55,245.0,3808.7,6534.0,3808.75,755.0
1753769594474,06:13:14.474,gate,ETH/USDT:USDT,3808.65,19.0,3808.55,245.0,3808.7,6534.0,3808.75,755.0
1753769594584,06:13:14.584,gate,ETH/USDT:USDT,3808.65,19.0,3808.55,245.0,3808.7,6209.0,3808.75,755.0
1753769594664,06:13:14.664,gate,ETH/USDT:USDT,3808.65,19.0,3808.55,37.0,3808.7,6209.0,3808.75,755.0
1753769594779,06:13:14.779,gate,ETH/USDT:USDT,3808.65,19.0,3808.55,37.0,3808.7,6626.0,3808.75,1172.0
1753769594886,06:13:14.886,gate,ETH/USDT:USDT,3808.65,17.0,3808.55,29.0,3808.7,6626.0,3808.75,1172.0
1753769594980,06:13:14.980,gate,ETH/USDT:USDT,3808.65,17.0,3808.55,29.0,3808.7,6209.0,3808.75,755.0
1753769595074,06:13:15.074,gate,ETH/USDT:USDT,3808.65,17.0,3808.55,29.0,3808.7,6340.0,3808.75,1166.0
1753769595178,06:13:15.178,gate,ETH/USDT:USDT,3808.65,17.0,3808.55,29.0,3808.7,6340.0,3808.75,1166.0
1753769595222,06:13:15.222,gate,ETH/USDT:USDT,3808.65,17.0,3808.55,29.0,3808.7,6209.0,3808.75,755.0
1753769595385,06:13:15.385,gate,ETH/USDT:USDT,3808.65,17.0,3808.55,29.0,3808.7,6209.0,3808.75,1166.0
1753769595471,06:13:15.471,gate,ETH/USDT:USDT,3808.65,17.0,3808.55,29.0,3808.7,6340.0,3808.75,1166.0
1753769595575,06:13:15.575,gate,ETH/USDT:USDT,3808.65,17.0,3808.55,29.0,3808.7,6340.0,3808.75,1166.0
1753769595680,06:13:15.680,gate,ETH/USDT:USDT,3808.65,17.0,3808.55,29.0,3808.7,6340.0,3808.75,755.0
1753769595783,06:13:15.783,gate,ETH/USDT:USDT,3808.65,17.0,3808.55,29.0,3808.7,6186.0,3808.75,755.0
1753769595870,06:13:15.870,gate,ETH/USDT:USDT,3808.65,17.0,3808.6,2.0,3808.7,6186.0,3808.75,755.0
1753769595974,06:13:15.974,gate,ETH/USDT:USDT,3808.45,1462.0,3808.4,1.0,3808.5,8103.0,3808.6,905.0
1753769596074,06:13:16.074,gate,ETH/USDT:USDT,3808.45,1462.0,3808.4,1.0,3808.5,8248.0,3808.6,905.0
1753769596176,06:13:16.176,gate,ETH/USDT:USDT,3808.45,1462.0,3808.4,1.0,3808.5,8202.0,3808.6,905.0
1753769596243,06:13:16.243,gate,ETH/USDT:USDT,3808.45,1462.0,3808.4,1.0,3808.5,8202.0,3808.6,905.0
1753769596376,06:13:16.376,gate,ETH/USDT:USDT,3808.45,1699.0,3808.4,1.0,3808.5,6777.0,3808.6,905.0
1753769596480,06:13:16.480,gate,ETH/USDT:USDT,3808.45,1699.0,3808.4,2.0,3808.5,6777.0,3808.6,905.0
1753769596574,06:13:16.574,gate,ETH/USDT:USDT,3808.45,1699.0,3808.4,2.0,3808.5,6777.0,3808.6,1297.0
1753769596670,06:13:16.670,gate,ETH/USDT:USDT,3808.45,699.0,3808.4,2.0,3808.5,6838.0,3808.6,905.0
1753769596778,06:13:16.778,gate,ETH/USDT:USDT,3808.45,699.0,3808.4,2.0,3808.5,6777.0,3808.6,1310.0
1753769596883,06:13:16.883,gate,ETH/USDT:USDT,3808.45,699.0,3808.4,2.0,3808.5,5544.0,3808.6,905.0
1753769596975,06:13:16.975,gate,ETH/USDT:USDT,3808.45,699.0,3808.4,2.0,3808.5,5544.0,3808.6,905.0
1753769597063,06:13:17.063,gate,ETH/USDT:USDT,3808.45,533.0,3808.4,2.0,3808.5,5514.0,3808.6,905.0
1753769597186,06:13:17.186,gate,ETH/USDT:USDT,3808.45,533.0,3808.4,2.0,3808.5,5454.0,3808.6,905.0
1753769597238,06:13:17.238,gate,ETH/USDT:USDT,3808.45,533.0,3808.4,1.0,3808.5,5454.0,3808.6,905.0
1753769597378,06:13:17.378,gate,ETH/USDT:USDT,3808.45,533.0,3808.4,1.0,3808.5,5454.0,3808.6,905.0
1753769597478,06:13:17.478,gate,ETH/USDT:USDT,3808.45,533.0,3808.4,1.0,3808.5,5454.0,3808.6,905.0
1753769597585,06:13:17.585,gate,ETH/USDT:USDT,3808.4,1.0,3808.35,79.0,3808.45,8900.0,3808.5,1551.0
1753769597678,06:13:17.678,gate,ETH/USDT:USDT,3808.4,1412.0,3808.35,79.0,3808.45,8392.0,3808.5,1551.0
1753769597776,06:13:17.776,gate,ETH/USDT:USDT,3808.4,1412.0,3808.35,79.0,3808.45,8276.0,3808.5,1551.0
1753769597876,06:13:17.876,gate,ETH/USDT:USDT,3808.4,1412.0,3808.35,78.0,3808.45,8366.0,3808.5,1551.0
1753769597980,06:13:17.980,gate,ETH/USDT:USDT,3808.4,1419.0,3808.35,78.0,3808.45,8366.0,3808.5,1551.0
1753769598081,06:13:18.081,gate,ETH/USDT:USDT,3808.4,1419.0,3808.35,78.0,3808.45,8366.0,3808.5,1551.0
1753769598184,06:13:18.184,gate,ETH/USDT:USDT,3808.4,1640.0,3808.35,78.0,3808.45,8366.0,3808.5,1551.0
1753769598259,06:13:18.259,gate,ETH/USDT:USDT,3808.4,1640.0,3808.35,78.0,3808.45,8366.0,3808.5,1551.0
1753769598380,06:13:18.380,gate,ETH/USDT:USDT,3808.4,8.0,3808.35,78.0,3808.45,8366.0,3808.5,1551.0
1753769598463,06:13:18.463,gate,ETH/USDT:USDT,3808.4,8.0,3808.35,78.0,3808.45,8366.0,3808.5,1551.0
1753769598587,06:13:18.587,gate,ETH/USDT:USDT,3808.4,8.0,3808.35,78.0,3808.45,8580.0,3808.5,1551.0
1753769598672,06:13:18.672,gate,ETH/USDT:USDT,3808.4,1.0,3808.35,78.0,3808.45,8580.0,3808.5,1551.0
1753769598780,06:13:18.780,gate,ETH/USDT:USDT,3808.4,1.0,3808.35,78.0,3808.45,8580.0,3808.5,1551.0
1753769598859,06:13:18.859,gate,ETH/USDT:USDT,3808.4,1.0,3808.35,78.0,3808.45,8580.0,3808.5,1551.0
1753769598979,06:13:18.979,gate,ETH/USDT:USDT,3808.35,558.0,3808.3,2.0,3808.4,10784.0,3808.45,1238.0
1753769599055,06:13:19.055,gate,ETH/USDT:USDT,3808.35,558.0,3808.3,2.0,3808.4,10784.0,3808.45,1238.0
1753769599183,06:13:19.183,gate,ETH/USDT:USDT,3808.35,1969.0,3808.3,1.0,3808.4,10880.0,3808.45,1024.0
1753769599270,06:13:19.270,gate,ETH/USDT:USDT,3808.35,1969.0,3808.3,1.0,3808.4,10880.0,3808.45,1024.0
1753769599377,06:13:19.377,gate,ETH/USDT:USDT,3808.35,1969.0,3808.3,1.0,3808.4,9152.0,3808.45,1024.0
1753769599437,06:13:19.437,gate,ETH/USDT:USDT,3808.35,1969.0,3808.3,1.0,3808.4,9152.0,3808.45,1024.0
1753769599555,06:13:19.555,gate,ETH/USDT:USDT,3808.35,1947.0,3808.3,1.0,3808.4,9152.0,3808.45,1024.0
1753769599660,06:13:19.660,gate,ETH/USDT:USDT,3808.35,1947.0,3808.3,1.0,3808.4,9152.0,3808.45,1024.0
1753769599783,06:13:19.783,gate,ETH/USDT:USDT,3808.35,1947.0,3808.3,1.0,3808.4,9152.0,3808.45,1024.0
1753769599868,06:13:19.868,gate,ETH/USDT:USDT,3808.35,1947.0,3808.3,1.0,3808.4,9152.0,3808.45,1024.0
1753769599976,06:13:19.976,gate,ETH/USDT:USDT,3808.35,1947.0,3808.3,1.0,3808.4,9152.0,3808.45,784.0
1753769600077,06:13:20.077,gate,ETH/USDT:USDT,3808.35,1939.0,3808.3,380.0,3808.4,9152.0,3808.45,76.0
1753769600186,06:13:20.186,gate,ETH/USDT:USDT,3808.35,528.0,3808.3,1.0,3808.4,9152.0,3808.45,694.0
1753769600286,06:13:20.286,gate,ETH/USDT:USDT,3808.35,528.0,3808.3,1.0,3808.4,9152.0,3808.45,694.0
1753769600374,06:13:20.374,gate,ETH/USDT:USDT,3808.35,528.0,3808.3,3.0,3808.4,9152.0,3808.45,694.0
1753769600458,06:13:20.458,gate,ETH/USDT:USDT,3808.35,528.0,3808.3,3.0,3808.4,9152.0,3808.45,1328.0
1753769600579,06:13:20.579,gate,ETH/USDT:USDT,3808.35,487.0,3808.3,3.0,3808.4,9152.0,3808.45,1328.0
1753769600677,06:13:20.677,gate,ETH/USDT:USDT,3808.35,480.0,3808.3,5.0,3808.4,9152.0,3808.45,1215.0
1753769600777,06:13:20.777,gate,ETH/USDT:USDT,3808.35,1891.0,3808.3,5.0,3808.4,9218.0,3808.45,1215.0
1753769600869,06:13:20.869,gate,ETH/USDT:USDT,3808.35,1891.0,3808.3,5.0,3808.4,9218.0,3808.45,1215.0
1753769600987,06:13:20.987,gate,ETH/USDT:USDT,3808.35,1891.0,3808.3,5.0,3808.4,9218.0,3808.45,1215.0
1753769601077,06:13:21.077,gate,ETH/USDT:USDT,3808.35,1891.0,3808.3,82.0,3808.4,9218.0,3808.45,1215.0
1753769601175,06:13:21.175,gate,ETH/USDT:USDT,3808.35,1891.0,3808.3,82.0,3808.4,9218.0,3808.45,1215.0
1753769601285,06:13:21.285,gate,ETH/USDT:USDT,3808.35,1891.0,3808.3,82.0,3808.4,9218.0,3808.45,1215.0
1753769601375,06:13:21.375,gate,ETH/USDT:USDT,3808.35,1891.0,3808.3,82.0,3808.4,9218.0,3808.45,1215.0
1753769601459,06:13:21.459,gate,ETH/USDT:USDT,3808.35,1891.0,3808.3,82.0,3808.4,9218.0,3808.45,1215.0
1753769601579,06:13:21.579,gate,ETH/USDT:USDT,3808.35,480.0,3808.3,82.0,3808.4,9218.0,3808.45,1513.0
1753769601621,06:13:21.621,gate,ETH/USDT:USDT,3808.35,480.0,3808.3,82.0,3808.4,9218.0,3808.45,1513.0
1753769601779,06:13:21.779,gate,ETH/USDT:USDT,3808.35,480.0,3808.3,82.0,3808.4,9218.0,3808.45,1513.0
1753769601885,06:13:21.885,gate,ETH/USDT:USDT,3808.35,480.0,3808.3,82.0,3808.4,9218.0,3808.45,1215.0
1753769601984,06:13:21.984,gate,ETH/USDT:USDT,3808.35,480.0,3808.3,82.0,3808.4,9218.0,3808.45,1215.0
1753769602086,06:13:22.086,gate,ETH/USDT:USDT,3808.3,4.0,3808.1,34.0,3808.35,9560.0,3808.4,1522.0
1753769602176,06:13:22.176,gate,ETH/USDT:USDT,3808.3,4.0,3808.1,20.0,3808.35,9682.0,3808.4,1923.0
1753769602287,06:13:22.287,gate,ETH/USDT:USDT,3808.3,4.0,3808.1,20.0,3808.35,9652.0,3808.4,1923.0
1753769602385,06:13:22.385,gate,ETH/USDT:USDT,3808.3,4.0,3808.1,20.0,3808.35,9652.0,3808.4,1923.0
1753769602474,06:13:22.474,gate,ETH/USDT:USDT,3808.3,4.0,3808.1,20.0,3808.35,9783.0,3808.4,1923.0
1753769602574,06:13:22.574,gate,ETH/USDT:USDT,3808.3,4.0,3808.1,20.0,3808.35,9783.0,3808.4,1923.0
1753769602677,06:13:22.677,gate,ETH/USDT:USDT,3808.3,4.0,3808.1,20.0,3808.35,10852.0,3808.4,1651.0
1753769602779,06:13:22.779,gate,ETH/USDT:USDT,3808.3,4.0,3808.1,20.0,3808.35,10852.0,3808.4,1651.0
1753769602815,06:13:22.815,gate,ETH/USDT:USDT,3808.3,4.0,3808.1,20.0,3808.35,10852.0,3808.4,1651.0
1753769602980,06:13:22.980,gate,ETH/USDT:USDT,3808.3,4.0,3808.15,211.0,3808.35,10233.0,3808.4,1296.0
1753769603083,06:13:23.083,gate,ETH/USDT:USDT,3808.3,4.0,3808.15,211.0,3808.35,10102.0,3808.4,1588.0
1753769603173,06:13:23.173,gate,ETH/USDT:USDT,3808.3,484.0,3808.25,205.0,3808.35,10390.0,3808.4,984.0
1753769603271,06:13:23.271,gate,ETH/USDT:USDT,3808.3,484.0,3808.25,205.0,3808.35,10390.0,3808.4,984.0
1753769603374,06:13:23.374,gate,ETH/USDT:USDT,3808.3,484.0,3808.25,205.0,3808.35,10390.0,3808.4,984.0
1753769603486,06:13:23.486,gate,ETH/USDT:USDT,3808.3,482.0,3808.25,205.0,3808.35,10390.0,3808.4,984.0
1753769603575,06:13:23.575,gate,ETH/USDT:USDT,3808.3,482.0,3808.25,205.0,3808.35,10403.0,3808.4,1248.0
1753769603670,06:13:23.670,gate,ETH/USDT:USDT,3808.3,2.0,3808.25,205.0,3808.35,10873.0,3808.4,1587.0
1753769603775,06:13:23.775,gate,ETH/USDT:USDT,3808.3,2.0,3808.25,205.0,3808.35,10742.0,3808.4,1587.0
1753769603880,06:13:23.880,gate,ETH/USDT:USDT,3808.3,2.0,3808.25,205.0,3808.35,10534.0,3808.4,984.0
1753769603981,06:13:23.981,gate,ETH/USDT:USDT,3808.3,2.0,3808.25,282.0,3808.35,10403.0,3808.4,1131.0
1753769604028,06:13:24.028,gate,ETH/USDT:USDT,3808.25,282.0,3808.1,28.0,3808.3,11230.0,3808.35,2907.0
1753769604178,06:13:24.178,gate,ETH/USDT:USDT,3808.25,205.0,3808.1,28.0,3808.3,11465.0,3808.35,3001.0
1753769604216,06:13:24.216,gate,ETH/USDT:USDT,3808.25,205.0,3808.1,28.0,3808.3,11465.0,3808.35,3001.0
1753769604375,06:13:24.375,gate,ETH/USDT:USDT,3808.25,205.0,3808.1,28.0,3808.3,11465.0,3808.35,2781.0
1753769604470,06:13:24.470,gate,ETH/USDT:USDT,3808.25,102.0,3808.1,28.0,3808.3,11596.0,3808.35,2781.0
1753769604577,06:13:24.577,gate,ETH/USDT:USDT,3808.25,102.0,3808.1,28.0,3808.3,11856.0,3808.35,2781.0
1753769604682,06:13:24.682,gate,ETH/USDT:USDT,3808.1,1599.0,3808.05,1.0,3808.15,8725.0,3808.2,2557.0
1753769604783,06:13:24.783,gate,ETH/USDT:USDT,3808.1,1599.0,3808.05,1.0,3808.15,8725.0,3808.2,465.0
1753769604887,06:13:24.887,gate,ETH/USDT:USDT,3808.1,190.0,3808.05,1.0,3808.15,9575.0,3808.2,335.0
1753769604979,06:13:24.979,gate,ETH/USDT:USDT,3808.1,190.0,3808.05,1.0,3808.15,9966.0,3808.2,335.0
1753769605056,06:13:25.056,gate,ETH/USDT:USDT,3808.1,2241.0,3808.05,1.0,3808.15,9938.0,3808.2,335.0
1753769605174,06:13:25.174,gate,ETH/USDT:USDT,3808.1,2243.0,3808.05,1.0,3808.15,9938.0,3808.2,335.0
1753769605269,06:13:25.269,gate,ETH/USDT:USDT,3808.1,2243.0,3808.05,1.0,3808.15,9852.0,3808.2,335.0
1753769605381,06:13:25.381,gate,ETH/USDT:USDT,3808.1,2243.0,3808.05,1.0,3808.15,9852.0,3808.2,335.0
1753769605479,06:13:25.479,gate,ETH/USDT:USDT,3808.1,2363.0,3808.05,1.0,3808.15,8414.0,3808.2,471.0
1753769605574,06:13:25.574,gate,ETH/USDT:USDT,3808.1,2363.0,3808.05,1.0,3808.15,8414.0,3808.2,335.0
1753769605680,06:13:25.680,gate,ETH/USDT:USDT,3808.1,2363.0,3808.05,1.0,3808.15,8414.0,3808.2,470.0
1753769605775,06:13:25.775,gate,ETH/USDT:USDT,3808.1,2363.0,3808.05,1.0,3808.15,5933.0,3808.2,470.0
1753769605809,06:13:25.809,gate,ETH/USDT:USDT,3808.1,2363.0,3808.05,1.0,3808.15,5933.0,3808.2,470.0
1753769605988,06:13:25.988,gate,ETH/USDT:USDT,3808.1,2363.0,3808.05,1.0,3808.15,5933.0,3808.2,470.0
1753769606006,06:13:26.006,gate,ETH/USDT:USDT,3808.1,2363.0,3808.05,1.0,3808.15,5933.0,3808.2,650.0
1753769606181,06:13:26.181,gate,ETH/USDT:USDT,3808.1,2363.0,3808.05,1.0,3808.15,5933.0,3808.2,409.0
1753769606213,06:13:26.213,gate,ETH/USDT:USDT,3808.1,2384.0,3808.05,1.0,3808.15,5933.0,3808.2,409.0
1753769606386,06:13:26.386,gate,ETH/USDT:USDT,3808.1,7759.0,3808.05,1.0,3808.15,3265.0,3808.3,300.0
1753769606475,06:13:26.475,gate,ETH/USDT:USDT,3808.1,7759.0,3808.05,1.0,3808.15,2780.0,3808.3,300.0
1753769606586,06:13:26.586,gate,ETH/USDT:USDT,3808.1,8135.0,3808.05,1.0,3808.15,1289.0,3808.3,143.0
1753769606659,06:13:26.659,gate,ETH/USDT:USDT,3808.1,8114.0,3808.05,1.0,3808.15,1289.0,3808.3,143.0
1753769606774,06:13:26.774,gate,ETH/USDT:USDT,3808.1,8114.0,3808.05,1.0,3808.15,1289.0,3808.3,143.0
1753769606814,06:13:26.814,gate,ETH/USDT:USDT,3808.1,8114.0,3808.05,1.0,3808.15,1289.0,3808.3,143.0
1753769606975,06:13:26.975,gate,ETH/USDT:USDT,3808.1,8135.0,3808.05,1.0,3808.15,951.0,3808.3,143.0
1753769607087,06:13:27.087,gate,ETH/USDT:USDT,3808.1,8114.0,3808.05,1.0,3808.15,951.0,3808.3,143.0
1753769607176,06:13:27.176,gate,ETH/USDT:USDT,3808.1,8114.0,3808.05,1.0,3808.15,951.0,3808.25,334.0
1753769607250,06:13:27.250,gate,ETH/USDT:USDT,3808.1,8135.0,3808.05,1.0,3808.15,951.0,3808.3,143.0
1753769607383,06:13:27.383,gate,ETH/USDT:USDT,3808.1,8135.0,3808.05,1.0,3808.15,951.0,3808.3,143.0
1753769607414,06:13:27.414,gate,ETH/USDT:USDT,3808.1,8135.0,3808.05,1.0,3808.15,951.0,3808.3,143.0
1753769607586,06:13:27.586,gate,ETH/USDT:USDT,3808.1,7738.0,3808.05,1.0,3808.15,2362.0,3808.3,143.0
1753769607685,06:13:27.685,gate,ETH/USDT:USDT,3808.1,7738.0,3808.05,1.0,3808.15,2435.0,3808.25,250.0
1753769607774,06:13:27.774,gate,ETH/USDT:USDT,3808.1,7759.0,3808.05,1.0,3808.15,2362.0,3808.25,250.0
1753769607886,06:13:27.886,gate,ETH/USDT:USDT,3808.1,7759.0,3808.05,1.0,3808.15,2362.0,3808.25,250.0
1753769607976,06:13:27.976,gate,ETH/USDT:USDT,3808.1,7759.0,3808.05,1.0,3808.15,2362.0,3808.25,250.0
1753769608020,06:13:28.020,gate,ETH/USDT:USDT,3808.1,7738.0,3808.05,1.0,3808.15,2362.0,3808.25,250.0
1753769608175,06:13:28.175,gate,ETH/USDT:USDT,3808.1,7759.0,3808.05,1.0,3808.15,2361.0,3808.25,250.0
1753769608281,06:13:28.281,gate,ETH/USDT:USDT,3808.1,7738.0,3808.05,1.0,3808.15,2361.0,3808.25,250.0
1753769608377,06:13:28.377,gate,ETH/USDT:USDT,3808.1,7738.0,3808.05,1.0,3808.15,2361.0,3808.25,571.0
1753769608483,06:13:28.483,gate,ETH/USDT:USDT,3808.1,7759.0,3808.05,1.0,3808.15,2361.0,3808.25,250.0
1753769608575,06:13:28.575,gate,ETH/USDT:USDT,3808.1,7759.0,3808.05,1.0,3808.15,2361.0,3808.25,250.0
1753769608687,06:13:28.687,gate,ETH/USDT:USDT,3808.1,5796.0,3808.05,1.0,3808.15,4241.0,3808.25,626.0
1753769608784,06:13:28.784,gate,ETH/USDT:USDT,3808.1,2202.0,3808.05,1.0,3808.15,5039.0,3808.2,321.0
1753769608879,06:13:28.879,gate,ETH/USDT:USDT,3808.1,1518.0,3808.05,1.0,3808.15,4696.0,3808.25,321.0
1753769608986,06:13:28.986,gate,ETH/USDT:USDT,3808.1,1518.0,3808.05,1.0,3808.15,4648.0,3808.25,321.0
1753769609074,06:13:29.074,gate,ETH/USDT:USDT,3808.1,1539.0,3808.05,1.0,3808.15,4648.0,3808.3,143.0
1753769609108,06:13:29.108,gate,ETH/USDT:USDT,3808.1,1539.0,3808.05,1.0,3808.15,4725.0,3808.3,143.0
1753769609191,06:13:29.191,gate,ETH/USDT:USDT,3808.1,1539.0,3808.05,1.0,3808.15,4725.0,3808.3,143.0
1753769609380,06:13:29.380,gate,ETH/USDT:USDT,3808.1,1539.0,3808.05,1.0,3808.15,4725.0,3808.3,143.0
1753769609485,06:13:29.485,gate,ETH/USDT:USDT,3808.1,1518.0,3808.05,1.0,3808.15,4725.0,3808.25,160.0
1753769609580,06:13:29.580,gate,ETH/USDT:USDT,3808.1,1516.0,3808.05,1.0,3808.15,4725.0,3808.25,570.0
1753769609670,06:13:29.670,gate,ETH/USDT:USDT,3808.1,1537.0,3808.05,1.0,3808.15,4725.0,3808.25,60.0
1753769609777,06:13:29.777,gate,ETH/USDT:USDT,3808.1,1537.0,3808.05,1.0,3808.15,4725.0,3808.25,152.0
1753769609983,06:13:29.983,gate,ETH/USDT:USDT,3808.1,1539.0,3808.05,1.0,3808.15,4725.0,3808.3,143.0
1753769610061,06:13:30.061,gate,ETH/USDT:USDT,3808.1,1539.0,3808.05,1.0,3808.15,4725.0,3808.3,143.0
1753769610185,06:13:30.185,gate,ETH/USDT:USDT,3808.1,1539.0,3808.05,1.0,3808.15,4725.0,3808.3,143.0
1753769610241,06:13:30.241,gate,ETH/USDT:USDT,3808.1,1541.0,3808.05,1.0,3808.15,4725.0,3808.3,143.0
1753769610375,06:13:30.375,gate,ETH/USDT:USDT,3808.1,1541.0,3808.05,1.0,3808.15,4725.0,3808.3,143.0
1753769610398,06:13:30.398,gate,ETH/USDT:USDT,3808.1,1541.0,3808.05,1.0,3808.15,4725.0,3808.3,143.0
1753769610587,06:13:30.587,gate,ETH/USDT:USDT,3808.1,9560.0,3808.05,1.0,3808.3,143.0,3808.35,56.0
1753769610686,06:13:30.686,gate,ETH/USDT:USDT,3808.25,6229.0,3808.2,331.0,3808.3,3259.0,3808.35,56.0
1753769610787,06:13:30.787,gate,ETH/USDT:USDT,3808.7,579.0,3808.65,320.0,3808.75,6632.0,3808.8,10.0
1753769610884,06:13:30.884,gate,ETH/USDT:USDT,3808.7,140.0,3808.45,277.0,3808.75,8126.0,3808.8,10.0
1753769610987,06:13:30.987,gate,ETH/USDT:USDT,3808.7,92.0,3808.55,122.0,3808.75,8126.0,3808.8,10.0
1753769611085,06:13:31.085,gate,ETH/USDT:USDT,3808.7,92.0,3808.55,122.0,3808.75,9031.0,3808.8,10.0
1753769611175,06:13:31.175,gate,ETH/USDT:USDT,3808.7,92.0,3808.55,122.0,3808.75,9255.0,3808.8,10.0
1753769611280,06:13:31.280,gate,ETH/USDT:USDT,3808.7,1524.0,3808.6,316.0,3808.75,9031.0,3808.8,10.0
1753769611384,06:13:31.384,gate,ETH/USDT:USDT,3808.7,1594.0,3808.6,316.0,3808.75,8126.0,3808.8,10.0
1753769611485,06:13:31.485,gate,ETH/USDT:USDT,3808.7,3330.0,3808.65,126.0,3808.75,7234.0,3808.85,148.0
1753769611579,06:13:31.579,gate,ETH/USDT:USDT,3808.7,3330.0,3808.65,126.0,3808.75,7234.0,3808.85,148.0
1753769611670,06:13:31.670,gate,ETH/USDT:USDT,3808.7,3330.0,3808.65,126.0,3808.75,7234.0,3808.85,148.0
1753769611776,06:13:31.776,gate,ETH/USDT:USDT,3808.7,3309.0,3808.65,126.0,3808.75,7234.0,3808.85,148.0
1753769611887,06:13:31.887,gate,ETH/USDT:USDT,3808.7,3309.0,3808.65,126.0,3808.75,7234.0,3808.85,464.0
1753769611977,06:13:31.977,gate,ETH/USDT:USDT,3808.7,3309.0,3808.65,126.0,3808.75,7227.0,3808.85,464.0
1753769612064,06:13:32.064,gate,ETH/USDT:USDT,3808.7,3330.0,3808.65,126.0,3808.75,7451.0,3808.85,148.0
1753769612185,06:13:32.185,gate,ETH/USDT:USDT,3808.7,3330.0,3808.65,126.0,3808.75,7227.0,3808.85,148.0
1753769612283,06:13:32.283,gate,ETH/USDT:USDT,3808.7,3330.0,3808.65,126.0,3808.75,7227.0,3808.85,148.0
1753769612373,06:13:32.373,gate,ETH/USDT:USDT,3808.7,3330.0,3808.65,126.0,3808.75,7227.0,3808.85,148.0
1753769612481,06:13:32.481,gate,ETH/USDT:USDT,3808.7,1481.0,3808.65,126.0,3808.75,7752.0,3808.8,305.0
1753769612581,06:13:32.581,gate,ETH/USDT:USDT,3808.65,1537.0,3808.5,78.0,3808.7,11852.0,3808.75,1753.0
1753769612675,06:13:32.675,gate,ETH/USDT:USDT,3808.65,1537.0,3808.5,383.0,3808.7,11852.0,3808.75,1529.0
1753769612775,06:13:32.775,gate,ETH/USDT:USDT,3808.65,1558.0,3808.5,383.0,3808.7,11852.0,3808.75,1529.0
1753769612859,06:13:32.859,gate,ETH/USDT:USDT,3808.65,1656.0,3808.6,305.0,3808.7,11852.0,3808.75,1529.0
1753769612988,06:13:32.988,gate,ETH/USDT:USDT,3808.65,1656.0,3808.6,305.0,3808.7,11925.0,3808.75,1529.0
1753769613058,06:13:33.058,gate,ETH/USDT:USDT,3808.65,1628.0,3808.6,305.0,3808.7,11292.0,3808.75,625.0
1753769613138,06:13:33.138,gate,ETH/USDT:USDT,3808.65,1628.0,3808.5,383.0,3808.7,12196.0,3808.75,625.0
1753769613199,06:13:33.199,gate,ETH/USDT:USDT,3808.65,1628.0,3808.5,383.0,3808.7,12196.0,3808.75,625.0
1753769613375,06:13:33.375,gate,ETH/USDT:USDT,3808.65,1628.0,3808.5,78.0,3808.7,12196.0,3808.75,625.0
1753769613484,06:13:33.484,gate,ETH/USDT:USDT,3808.65,1632.0,3808.5,78.0,3808.7,12196.0,3808.75,625.0
1753769613579,06:13:33.579,gate,ETH/USDT:USDT,3808.65,1632.0,3808.5,78.0,3808.7,12196.0,3808.75,625.0
1753769613684,06:13:33.684,gate,ETH/USDT:USDT,3808.65,1632.0,3808.55,305.0,3808.7,12196.0,3808.75,625.0
1753769613775,06:13:33.775,gate,ETH/USDT:USDT,3808.65,1632.0,3808.55,305.0,3808.7,12196.0,3808.75,625.0
1753769613886,06:13:33.886,gate,ETH/USDT:USDT,3808.65,52.0,3808.5,78.0,3808.7,12297.0,3808.75,625.0
1753769613979,06:13:33.979,gate,ETH/USDT:USDT,3808.65,73.0,3808.5,78.0,3808.7,12297.0,3808.75,625.0
1753769614085,06:13:34.085,gate,ETH/USDT:USDT,3808.65,52.0,3808.5,78.0,3808.7,12297.0,3808.75,625.0
1753769614176,06:13:34.176,gate,ETH/USDT:USDT,3808.65,73.0,3808.5,78.0,3808.7,12297.0,3808.75,625.0
1753769614192,06:13:34.192,gate,ETH/USDT:USDT,3808.65,73.0,3808.5,78.0,3808.7,12297.0,3808.75,625.0
1753769614386,06:13:34.386,gate,ETH/USDT:USDT,3808.4,102.0,3808.3,13.0,3808.45,3750.0,3808.5,54.0
1753769614486,06:13:34.486,gate,ETH/USDT:USDT,3808.4,210.0,3808.3,139.0,3808.45,5240.0,3808.55,2309.0
1753769614586,06:13:34.586,gate,ETH/USDT:USDT,3808.4,104.0,3808.3,139.0,3808.45,5240.0,3808.5,291.0
1753769614683,06:13:34.683,gate,ETH/USDT:USDT,3808.4,90.0,3808.3,139.0,3808.45,6144.0,3808.5,291.0
1753769614780,06:13:34.780,gate,ETH/USDT:USDT,3808.4,1501.0,3808.3,139.0,3808.45,6144.0,3808.5,291.0
1753769614883,06:13:34.883,gate,ETH/USDT:USDT,3808.4,1708.0,3808.3,13.0,3808.45,5630.0,3808.55,2043.0
1753769614987,06:13:34.987,gate,ETH/USDT:USDT,3808.4,1708.0,3808.3,13.0,3808.45,5630.0,3808.55,2043.0
1753769615083,06:13:35.083,gate,ETH/USDT:USDT,3808.4,3502.0,3808.3,13.0,3808.45,5630.0,3808.55,1411.0
1753769615177,06:13:35.177,gate,ETH/USDT:USDT,3808.4,4329.0,3808.35,128.0,3808.45,3539.0,3808.55,1411.0
1753769615285,06:13:35.285,gate,ETH/USDT:USDT,3808.4,4329.0,3808.35,128.0,3808.45,1520.0,3808.7,657.0
1753769615359,06:13:35.359,gate,ETH/USDT:USDT,3808.4,4329.0,3808.35,128.0,3808.45,1238.0,3808.7,1030.0
1753769615483,06:13:35.483,gate,ETH/USDT:USDT,3808.4,4329.0,3808.35,128.0,3808.45,1141.0,3808.65,249.0
1753769615586,06:13:35.586,gate,ETH/USDT:USDT,3808.45,7019.0,3808.4,539.0,3808.5,904.0,3808.65,249.0
1753769615686,06:13:35.686,gate,ETH/USDT:USDT,3808.45,4371.0,3808.4,278.0,3808.5,5510.0,3808.55,492.0
1753769615777,06:13:35.777,gate,ETH/USDT:USDT,3808.45,2014.0,3808.4,170.0,3808.5,5923.0,3808.55,492.0
1753769615883,06:13:35.883,gate,ETH/USDT:USDT,3808.45,624.0,3808.4,170.0,3808.5,6167.0,3808.55,492.0
1753769615981,06:13:35.981,gate,ETH/USDT:USDT,3808.45,552.0,3808.4,120.0,3808.5,6246.0,3808.55,492.0
1753769616057,06:13:36.057,gate,ETH/USDT:USDT,3808.45,1963.0,3808.4,120.0,3808.5,6358.0,3808.55,492.0
1753769616186,06:13:36.186,gate,ETH/USDT:USDT,3808.45,2033.0,3808.4,120.0,3808.5,6167.0,3808.55,212.0
1753769616215,06:13:36.215,gate,ETH/USDT:USDT,3808.45,2033.0,3808.4,120.0,3808.5,6167.0,3808.55,212.0
1753769616374,06:13:36.374,gate,ETH/USDT:USDT,3808.45,2033.0,3808.4,120.0,3808.5,6167.0,3808.55,212.0
1753769616479,06:13:36.479,gate,ETH/USDT:USDT,3808.45,4077.0,3808.4,120.0,3808.5,6063.0,3808.55,212.0
1753769616586,06:13:36.586,gate,ETH/USDT:USDT,3808.45,4077.0,3808.4,120.0,3808.5,3965.0,3808.55,212.0
1753769616677,06:13:36.677,gate,ETH/USDT:USDT,3808.45,4077.0,3808.4,120.0,3808.5,3965.0,3808.55,212.0
1753769616766,06:13:36.766,gate,ETH/USDT:USDT,3808.45,4077.0,3808.4,120.0,3808.5,3965.0,3808.55,212.0
1753769616870,06:13:36.870,gate,ETH/USDT:USDT,3808.45,4056.0,3808.4,120.0,3808.5,3965.0,3808.55,212.0
1753769616979,06:13:36.979,gate,ETH/USDT:USDT,3808.45,4077.0,3808.4,120.0,3808.5,3061.0,3808.55,212.0
1753769617079,06:13:37.079,gate,ETH/USDT:USDT,3808.45,4056.0,3808.4,120.0,3808.5,3965.0,3808.55,212.0
1753769617178,06:13:37.178,gate,ETH/USDT:USDT,3808.45,4077.0,3808.4,120.0,3808.5,3061.0,3808.55,212.0
1753769617286,06:13:37.286,gate,ETH/USDT:USDT,3808.45,4077.0,3808.4,120.0,3808.5,3061.0,3808.55,212.0
1753769617374,06:13:37.374,gate,ETH/USDT:USDT,3808.45,4317.0,3808.4,120.0,3808.5,3412.0,3808.7,684.0
1753769617476,06:13:37.476,gate,ETH/USDT:USDT,3808.45,4317.0,3808.4,120.0,3808.5,3412.0,3808.7,908.0
1753769617586,06:13:37.586,gate,ETH/USDT:USDT,3808.45,4317.0,3808.4,120.0,3808.5,3412.0,3808.6,277.0
1753769617675,06:13:37.675,gate,ETH/USDT:USDT,3808.45,4296.0,3808.4,120.0,3808.5,3412.0,3808.6,701.0
1753769617775,06:13:37.775,gate,ETH/USDT:USDT,3808.45,4317.0,3808.4,120.0,3808.5,3412.0,3808.6,701.0
1753769617808,06:13:37.808,gate,ETH/USDT:USDT,3808.45,4317.0,3808.4,120.0,3808.5,3412.0,3808.6,912.0
1753769617982,06:13:37.982,gate,ETH/USDT:USDT,3808.45,3621.0,3808.4,120.0,3808.5,4219.0,3808.6,277.0
1753769618082,06:13:38.082,gate,ETH/USDT:USDT,3808.45,662.0,3808.4,120.0,3808.5,4589.0,3808.55,277.0
1753769618179,06:13:38.179,gate,ETH/USDT:USDT,3808.45,662.0,3808.4,120.0,3808.5,4720.0,3808.55,277.0
1753769618281,06:13:38.281,gate,ETH/USDT:USDT,3808.45,617.0,3808.4,120.0,3808.5,4589.0,3808.55,277.0
1753769618378,06:13:38.378,gate,ETH/USDT:USDT,3808.45,2028.0,3808.4,116.0,3808.5,4312.0,3808.55,277.0
1753769618411,06:13:38.411,gate,ETH/USDT:USDT,3808.45,2028.0,3808.4,116.0,3808.5,4312.0,3808.55,277.0
1753769618587,06:13:38.587,gate,ETH/USDT:USDT,3808.45,2028.0,3808.4,116.0,3808.5,4312.0,3808.6,126.0
1753769618669,06:13:38.669,gate,ETH/USDT:USDT,3808.45,2119.0,3808.4,118.0,3808.5,4312.0,3808.6,126.0
1753769618786,06:13:38.786,gate,ETH/USDT:USDT,3808.45,2119.0,3808.4,118.0,3808.5,4312.0,3808.6,126.0
1753769618884,06:13:38.884,gate,ETH/USDT:USDT,3808.45,2119.0,3808.4,118.0,3808.5,4312.0,3808.6,126.0
1753769618984,06:13:38.984,gate,ETH/USDT:USDT,3808.45,3136.0,3808.4,116.0,3808.5,4312.0,3808.6,126.0
1753769619087,06:13:39.087,gate,ETH/USDT:USDT,3808.45,3890.0,3808.4,116.0,3808.5,4078.0,3808.6,126.0
1753769619162,06:13:39.162,gate,ETH/USDT:USDT,3808.45,3890.0,3808.4,116.0,3808.5,3723.0,3808.6,126.0
1753769619249,06:13:39.249,gate,ETH/USDT:USDT,3808.45,3890.0,3808.4,116.0,3808.5,3505.0,3808.6,126.0
1753769619376,06:13:39.376,gate,ETH/USDT:USDT,3808.45,3819.0,3808.4,116.0,3808.5,3505.0,3808.55,274.0
1753769619465,06:13:39.465,gate,ETH/USDT:USDT,3808.45,3840.0,3808.4,116.0,3808.5,3505.0,3808.6,126.0
1753769619574,06:13:39.574,gate,ETH/USDT:USDT,3808.45,3840.0,3808.4,118.0,3808.5,3505.0,3808.6,126.0
1753769619670,06:13:39.670,gate,ETH/USDT:USDT,3808.45,3840.0,3808.4,118.0,3808.5,3504.0,3808.6,126.0
1753769619719,06:13:39.719,gate,ETH/USDT:USDT,3808.45,3840.0,3808.4,118.0,3808.5,3504.0,3808.6,390.0
1753769619987,06:13:39.987,gate,ETH/USDT:USDT,3808.45,3840.0,3808.4,118.0,3808.5,3504.0,3808.6,390.0
1753769620066,06:13:40.066,gate,ETH/USDT:USDT,3808.45,3896.0,3808.4,118.0,3808.5,2000.0,3808.7,934.0
1753769620173,06:13:40.173,gate,ETH/USDT:USDT,3808.45,3875.0,3808.4,118.0,3808.5,2000.0,3808.6,264.0
1753769620276,06:13:40.276,gate,ETH/USDT:USDT,3808.45,3896.0,3808.4,118.0,3808.5,3411.0,3808.6,264.0
1753769620377,06:13:40.377,gate,ETH/USDT:USDT,3808.45,3896.0,3808.4,118.0,3808.5,3411.0,3808.6,264.0
1753769620485,06:13:40.485,gate,ETH/USDT:USDT,3808.45,3875.0,3808.4,118.0,3808.5,3411.0,3808.6,264.0
1753769620575,06:13:40.575,gate,ETH/USDT:USDT,3808.45,3875.0,3808.4,118.0,3808.5,3411.0,3808.6,264.0
1753769620654,06:13:40.654,gate,ETH/USDT:USDT,3808.45,3896.0,3808.4,118.0,3808.5,3411.0,3808.7,934.0
1753769620776,06:13:40.776,gate,ETH/USDT:USDT,3808.45,4536.0,3808.4,118.0,3808.5,3411.0,3808.7,934.0
1753769620853,06:13:40.853,gate,ETH/USDT:USDT,3808.45,4536.0,3808.4,118.0,3808.5,2000.0,3808.7,934.0
1753769620983,06:13:40.983,gate,ETH/USDT:USDT,3808.45,4536.0,3808.4,118.0,3808.5,2000.0,3808.7,934.0
1753769621010,06:13:41.010,gate,ETH/USDT:USDT,3808.45,4536.0,3808.4,118.0,3808.5,2000.0,3808.7,934.0
1753769621175,06:13:41.175,gate,ETH/USDT:USDT,3808.45,4536.0,3808.4,118.0,3808.5,3411.0,3808.7,1198.0
1753769621282,06:13:41.282,gate,ETH/USDT:USDT,3808.45,4536.0,3808.4,118.0,3808.5,2507.0,3808.55,904.0
1753769621373,06:13:41.373,gate,ETH/USDT:USDT,3808.45,4536.0,3808.4,118.0,3808.5,2507.0,3808.55,904.0
1753769621477,06:13:41.477,gate,ETH/USDT:USDT,3808.45,4614.0,3808.4,118.0,3808.5,2507.0,3808.55,904.0
1753769621584,06:13:41.584,gate,ETH/USDT:USDT,3808.45,4614.0,3808.4,118.0,3808.5,2507.0,3808.55,904.0
1753769621667,06:13:41.667,gate,ETH/USDT:USDT,3808.45,4614.0,3808.4,118.0,3808.5,2507.0,3808.55,904.0
1753769621773,06:13:41.773,gate,ETH/USDT:USDT,3808.45,4593.0,3808.4,118.0,3808.5,2507.0,3808.55,904.0
1753769621856,06:13:41.856,gate,ETH/USDT:USDT,3808.45,4157.0,3808.4,118.0,3808.5,3696.0,3808.55,904.0
1753769621982,06:13:41.982,gate,ETH/USDT:USDT,3808.45,3757.0,3808.4,118.0,3808.5,3696.0,3808.55,904.0
1753769622083,06:13:42.083,gate,ETH/USDT:USDT,3808.45,3757.0,3808.4,118.0,3808.5,3696.0,3808.55,904.0
1753769622175,06:13:42.175,gate,ETH/USDT:USDT,3808.45,3517.0,3808.4,118.0,3808.5,3696.0,3808.55,904.0
1753769622260,06:13:42.260,gate,ETH/USDT:USDT,3808.45,3517.0,3808.4,118.0,3808.5,3696.0,3808.55,904.0
1753769622375,06:13:42.375,gate,ETH/USDT:USDT,3808.45,2664.0,3808.4,118.0,3808.5,3841.0,3808.55,904.0
1753769622480,06:13:42.480,gate,ETH/USDT:USDT,3808.45,477.0,3808.4,118.0,3808.5,4853.0,3808.55,1164.0
1753769622585,06:13:42.585,gate,ETH/USDT:USDT,3808.45,477.0,3808.4,118.0,3808.5,4853.0,3808.55,1164.0
1753769622671,06:13:42.671,gate,ETH/USDT:USDT,3808.45,477.0,3808.4,118.0,3808.5,4853.0,3808.55,1164.0
1753769622734,06:13:42.734,gate,ETH/USDT:USDT,3808.45,405.0,3808.4,118.0,3808.5,4853.0,3808.55,1164.0
1753769622825,06:13:42.825,gate,ETH/USDT:USDT,3808.45,405.0,3808.4,118.0,3808.5,4853.0,3808.55,1164.0
1753769622977,06:13:42.977,gate,ETH/USDT:USDT,3808.45,1837.0,3808.4,118.0,3808.5,4593.0,3808.55,904.0
1753769623087,06:13:43.087,gate,ETH/USDT:USDT,3808.45,8268.0,3808.4,118.0,3808.5,3703.0,3808.7,684.0
1753769623178,06:13:43.178,gate,ETH/USDT:USDT,3808.45,8268.0,3808.4,116.0,3808.5,3844.0,3808.55,904.0
1753769623279,06:13:43.279,gate,ETH/USDT:USDT,3808.45,7171.0,3808.4,116.0,3808.5,3844.0,3808.55,904.0
1753769623315,06:13:43.315,gate,ETH/USDT:USDT,3808.45,7171.0,3808.4,116.0,3808.5,3844.0,3808.55,904.0
1753769623467,06:13:43.467,gate,ETH/USDT:USDT,3808.45,7171.0,3808.4,118.0,3808.5,3703.0,3808.55,904.0
1753769623576,06:13:43.576,gate,ETH/USDT:USDT,3808.45,7171.0,3808.4,116.0,3808.5,3703.0,3808.7,900.0
1753769623672,06:13:43.672,gate,ETH/USDT:USDT,3808.45,7150.0,3808.4,116.0,3808.5,3857.0,3808.55,904.0
1753769623777,06:13:43.777,gate,ETH/USDT:USDT,3808.45,7150.0,3808.4,116.0,3808.5,4115.0,3808.55,1162.0
1753769623863,06:13:43.863,gate,ETH/USDT:USDT,3808.45,7150.0,3808.4,116.0,3808.5,4115.0,3808.55,1162.0
1753769623980,06:13:43.980,gate,ETH/USDT:USDT,3808.45,7150.0,3808.4,116.0,3808.5,4115.0,3808.55,258.0
1753769624028,06:13:44.028,gate,ETH/USDT:USDT,3808.45,7150.0,3808.4,118.0,3808.5,3857.0,3808.55,904.0
1753769624175,06:13:44.175,gate,ETH/USDT:USDT,3808.45,7171.0,3808.4,118.0,3808.5,3857.0,3808.55,904.0
1753769624229,06:13:44.229,gate,ETH/USDT:USDT,3808.45,7171.0,3808.4,118.0,3808.5,3703.0,3808.55,904.0
1753769624375,06:13:44.375,gate,ETH/USDT:USDT,3808.45,7171.0,3808.4,118.0,3808.5,3703.0,3808.55,904.0
1753769624464,06:13:44.464,gate,ETH/USDT:USDT,3808.45,7171.0,3808.4,118.0,3808.5,3703.0,3808.55,904.0
1753769624499,06:13:44.499,gate,ETH/USDT:USDT,3808.45,7171.0,3808.4,118.0,3808.5,3703.0,3808.55,904.0
1753769624677,06:13:44.677,gate,ETH/USDT:USDT,3808.45,7197.0,3808.4,118.0,3808.5,2581.0,3808.65,392.0
1753769624787,06:13:44.787,gate,ETH/USDT:USDT,3808.45,7176.0,3808.4,118.0,3808.5,2839.0,3808.55,1162.0
1753769624886,06:13:44.886,gate,ETH/USDT:USDT,3808.45,7178.0,3808.4,118.0,3808.5,2839.0,3808.55,1162.0
1753769624978,06:13:44.978,gate,ETH/USDT:USDT,3808.45,7199.0,3808.4,118.0,3808.5,2839.0,3808.55,1162.0
1753769625084,06:13:45.084,gate,ETH/USDT:USDT,3808.45,7199.0,3808.4,118.0,3808.5,2581.0,3808.55,904.0
1753769625180,06:13:45.180,gate,ETH/USDT:USDT,3808.45,7275.0,3808.4,118.0,3808.5,2581.0,3808.55,904.0
1753769625278,06:13:45.278,gate,ETH/USDT:USDT,3808.45,7275.0,3808.4,118.0,3808.5,2581.0,3808.55,904.0
1753769625379,06:13:45.379,gate,ETH/USDT:USDT,3808.45,7275.0,3808.4,118.0,3808.5,2581.0,3808.55,904.0
1753769625486,06:13:45.486,gate,ETH/USDT:USDT,3808.45,7254.0,3808.4,118.0,3808.5,2581.0,3808.55,904.0
1753769625571,06:13:45.571,gate,ETH/USDT:USDT,3808.45,6870.0,3808.4,118.0,3808.5,2581.0,3808.55,904.0
1753769625617,06:13:45.617,gate,ETH/USDT:USDT,3808.45,6895.0,3808.4,118.0,3808.5,2581.0,3808.55,904.0
1753769625787,06:13:45.787,gate,ETH/USDT:USDT,3808.45,6874.0,3808.4,118.0,3808.5,2581.0,3808.55,904.0
1753769625809,06:13:45.809,gate,ETH/USDT:USDT,3808.45,6874.0,3808.4,118.0,3808.5,2581.0,3808.55,904.0
1753769625974,06:13:45.974,gate,ETH/USDT:USDT,3808.45,6874.0,3808.4,118.0,3808.5,2581.0,3808.55,904.0
1753769626050,06:13:46.050,gate,ETH/USDT:USDT,3808.45,6895.0,3808.4,118.0,3808.5,2581.0,3808.55,904.0
1753769626175,06:13:46.175,gate,ETH/USDT:USDT,3808.45,6895.0,3808.4,118.0,3808.5,2581.0,3808.55,904.0
1753769626284,06:13:46.284,gate,ETH/USDT:USDT,3808.45,6895.0,3808.4,118.0,3808.5,2581.0,3808.55,904.0
1753769626378,06:13:46.378,gate,ETH/USDT:USDT,3808.45,6895.0,3808.4,118.0,3808.5,3805.0,3808.55,1180.0
1753769626477,06:13:46.477,gate,ETH/USDT:USDT,3808.45,6895.0,3808.4,118.0,3808.5,3805.0,3808.55,1180.0
1753769626582,06:13:46.582,gate,ETH/USDT:USDT,3808.45,6895.0,3808.4,118.0,3808.5,3805.0,3808.55,1180.0
1753769626638,06:13:46.638,gate,ETH/USDT:USDT,3808.45,6895.0,3808.4,118.0,3808.5,3805.0,3808.55,904.0
1753769626774,06:13:46.774,gate,ETH/USDT:USDT,3808.45,6874.0,3808.4,118.0,3808.5,3805.0,3808.55,1180.0
1753769626881,06:13:46.881,gate,ETH/USDT:USDT,3808.45,6895.0,3808.4,118.0,3808.5,3805.0,3808.55,1180.0
1753769626965,06:13:46.965,gate,ETH/USDT:USDT,3808.45,6895.0,3808.4,118.0,3808.5,3805.0,3808.55,904.0
1753769627008,06:13:47.008,gate,ETH/USDT:USDT,3808.45,6895.0,3808.4,118.0,3808.5,3805.0,3808.55,1180.0
1753769627160,06:13:47.160,gate,ETH/USDT:USDT,3808.45,6895.0,3808.4,118.0,3808.5,3805.0,3808.55,904.0
1753769627280,06:13:47.280,gate,ETH/USDT:USDT,3808.45,6895.0,3808.4,118.0,3808.5,3805.0,3808.55,904.0
1753769627377,06:13:47.377,gate,ETH/USDT:USDT,3808.45,6907.0,3808.4,118.0,3808.5,3805.0,3808.55,904.0
1753769627458,06:13:47.458,gate,ETH/USDT:USDT,3808.45,6907.0,3808.4,118.0,3808.5,3805.0,3808.55,904.0
1753769627578,06:13:47.578,gate,ETH/USDT:USDT,3808.45,6907.0,3808.4,118.0,3808.5,3705.0,3808.55,904.0
1753769627661,06:13:47.661,gate,ETH/USDT:USDT,3808.45,6907.0,3808.4,118.0,3808.5,3705.0,3808.55,904.0
1753769627776,06:13:47.776,gate,ETH/USDT:USDT,3808.45,6886.0,3808.4,118.0,3808.5,3705.0,3808.55,1164.0
1753769627980,06:13:47.980,gate,ETH/USDT:USDT,3808.45,6886.0,3808.4,118.0,3808.5,2741.0,3808.55,1164.0
1753769628083,06:13:48.083,gate,ETH/USDT:USDT,3808.45,6886.0,3808.4,118.0,3808.5,3935.0,3808.55,1164.0
1753769628177,06:13:48.177,gate,ETH/USDT:USDT,3808.45,6907.0,3808.4,118.0,3808.5,3585.0,3808.55,904.0
1753769628231,06:13:48.231,gate,ETH/USDT:USDT,3808.45,6907.0,3808.4,118.0,3808.5,3585.0,3808.55,904.0
1753769628373,06:13:48.373,gate,ETH/USDT:USDT,3808.45,6907.0,3808.4,116.0,3808.5,3585.0,3808.55,1164.0
1753769628450,06:13:48.450,gate,ETH/USDT:USDT,3808.45,6907.0,3808.4,116.0,3808.5,3585.0,3808.55,1164.0
1753769628575,06:13:48.575,gate,ETH/USDT:USDT,3808.45,6907.0,3808.4,118.0,3808.5,3585.0,3808.55,1164.0
1753769628657,06:13:48.657,gate,ETH/USDT:USDT,3808.45,6907.0,3808.4,118.0,3808.5,3585.0,3808.55,1164.0
1753769628781,06:13:48.781,gate,ETH/USDT:USDT,3808.45,6886.0,3808.4,118.0,3808.5,3585.0,3808.55,1164.0
1753769628857,06:13:48.857,gate,ETH/USDT:USDT,3808.45,6886.0,3808.4,116.0,3808.5,3585.0,3808.55,1164.0
1753769628980,06:13:48.980,gate,ETH/USDT:USDT,3808.45,6907.0,3808.4,116.0,3808.5,3585.0,3808.55,1164.0
1753769629064,06:13:49.064,gate,ETH/USDT:USDT,3808.45,6907.0,3808.4,116.0,3808.5,3585.0,3808.55,904.0
1753769629175,06:13:49.175,gate,ETH/USDT:USDT,3808.45,6907.0,3808.4,118.0,3808.5,3585.0,3808.55,904.0
1753769629285,06:13:49.285,gate,ETH/USDT:USDT,3808.45,6907.0,3808.4,118.0,3808.5,3585.0,3808.55,904.0
1753769629377,06:13:49.377,gate,ETH/USDT:USDT,3808.45,6907.0,3808.4,118.0,3808.5,3585.0,3808.55,904.0
1753769629452,06:13:49.452,gate,ETH/USDT:USDT,3808.45,6907.0,3808.4,118.0,3808.5,3814.0,3808.55,904.0
1753769629585,06:13:49.585,gate,ETH/USDT:USDT,3808.45,2268.0,3808.4,118.0,3808.5,4677.0,3808.55,1164.0
1753769629685,06:13:49.685,gate,ETH/USDT:USDT,3808.45,2240.0,3808.4,118.0,3808.5,4767.0,3808.55,1164.0
1753769629775,06:13:49.775,gate,ETH/USDT:USDT,3808.45,735.0,3808.4,118.0,3808.5,4767.0,3808.55,1164.0
1753769629864,06:13:49.864,gate,ETH/USDT:USDT,3808.45,2219.0,3808.4,118.0,3808.5,4767.0,3808.55,1164.0
1753769629984,06:13:49.984,gate,ETH/USDT:USDT,3808.45,2319.0,3808.4,118.0,3808.5,4507.0,3808.55,904.0
1753769630013,06:13:50.013,gate,ETH/USDT:USDT,3808.45,2240.0,3808.4,118.0,3808.5,4507.0,3808.55,904.0
1753769630187,06:13:50.187,gate,ETH/USDT:USDT,3808.45,2289.0,3808.4,118.0,3808.5,4542.0,3808.55,904.0
1753769630260,06:13:50.260,gate,ETH/USDT:USDT,3808.45,2289.0,3808.4,118.0,3808.5,4507.0,3808.55,904.0
1753769630376,06:13:50.376,gate,ETH/USDT:USDT,3808.45,2310.0,3808.4,118.0,3808.5,4507.0,3808.55,904.0
1753769630487,06:13:50.487,gate,ETH/USDT:USDT,3808.45,2763.0,3808.4,118.0,3808.5,4278.0,3808.55,904.0
1753769630579,06:13:50.579,gate,ETH/USDT:USDT,3808.45,2763.0,3808.4,118.0,3808.5,4278.0,3808.55,904.0
1753769630667,06:13:50.667,gate,ETH/USDT:USDT,3808.45,2310.0,3808.4,118.0,3808.5,4278.0,3808.55,904.0
1753769630721,06:13:50.721,gate,ETH/USDT:USDT,3808.45,2310.0,3808.4,118.0,3808.5,4278.0,3808.55,904.0
1753769630980,06:13:50.980,gate,ETH/USDT:USDT,3808.45,2310.0,3808.4,118.0,3808.5,4278.0,3808.55,904.0
1753769631088,06:13:51.088,gate,ETH/USDT:USDT,3808.45,2338.0,3808.4,118.0,3808.5,4278.0,3808.55,904.0
1753769631123,06:13:51.123,gate,ETH/USDT:USDT,3808.45,2388.0,3808.4,118.0,3808.5,4278.0,3808.55,904.0
1753769631244,06:13:51.244,gate,ETH/USDT:USDT,3808.45,2388.0,3808.4,118.0,3808.5,4278.0,3808.55,904.0
1753769631376,06:13:51.376,gate,ETH/USDT:USDT,3808.45,2388.0,3808.4,118.0,3808.5,4278.0,3808.55,904.0
1753769631406,06:13:51.406,gate,ETH/USDT:USDT,3808.45,2310.0,3808.4,118.0,3808.5,4278.0,3808.55,904.0
1753769631573,06:13:51.573,gate,ETH/USDT:USDT,3808.45,2310.0,3808.4,118.0,3808.5,4278.0,3808.55,904.0
1753769631658,06:13:51.658,gate,ETH/USDT:USDT,3808.45,2310.0,3808.4,118.0,3808.5,4278.0,3808.55,904.0
1753769631774,06:13:51.774,gate,ETH/USDT:USDT,3808.45,2310.0,3808.4,118.0,3808.5,4278.0,3808.55,904.0
1753769631856,06:13:51.856,gate,ETH/USDT:USDT,3808.45,2310.0,3808.4,118.0,3808.5,4278.0,3808.55,904.0
1753769631981,06:13:51.981,gate,ETH/USDT:USDT,3808.45,2310.0,3808.4,118.0,3808.5,4278.0,3808.55,904.0
1753769632010,06:13:52.010,gate,ETH/USDT:USDT,3808.45,2289.0,3808.4,118.0,3808.5,4278.0,3808.55,904.0
1753769632173,06:13:52.173,gate,ETH/USDT:USDT,3808.45,2289.0,3808.4,118.0,3808.5,4278.0,3808.55,904.0
1753769632230,06:13:52.230,gate,ETH/USDT:USDT,3808.45,2310.0,3808.4,118.0,3808.5,4278.0,3808.55,904.0
1753769632387,06:13:52.387,gate,ETH/USDT:USDT,3808.45,175.0,3808.4,118.0,3808.5,4255.0,3808.55,904.0
1753769632486,06:13:52.486,gate,ETH/USDT:USDT,3808.45,39.0,3808.4,118.0,3808.5,4506.0,3808.55,1155.0
1753769632586,06:13:52.586,gate,ETH/USDT:USDT,3808.45,39.0,3808.4,118.0,3808.5,4585.0,3808.55,1155.0
1753769632668,06:13:52.668,gate,ETH/USDT:USDT,3808.45,39.0,3808.4,118.0,3808.5,4268.0,3808.55,904.0
1753769632774,06:13:52.774,gate,ETH/USDT:USDT,3808.45,39.0,3808.4,118.0,3808.5,4268.0,3808.55,983.0
1753769632873,06:13:52.873,gate,ETH/USDT:USDT,3808.45,39.0,3808.4,118.0,3808.5,4268.0,3808.55,983.0
1753769632976,06:13:52.976,gate,ETH/USDT:USDT,3808.45,39.0,3808.4,118.0,3808.5,4519.0,3808.55,1234.0
1753769633075,06:13:53.075,gate,ETH/USDT:USDT,3808.45,39.0,3808.4,118.0,3808.5,4268.0,3808.55,983.0
1753769633175,06:13:53.175,gate,ETH/USDT:USDT,3808.45,60.0,3808.4,118.0,3808.5,4268.0,3808.55,983.0
1753769633283,06:13:53.283,gate,ETH/USDT:USDT,3808.45,60.0,3808.4,118.0,3808.5,4268.0,3808.55,983.0
1753769633377,06:13:53.377,gate,ETH/USDT:USDT,3808.45,39.0,3808.4,118.0,3808.5,4268.0,3808.55,904.0
1753769633451,06:13:53.451,gate,ETH/USDT:USDT,3808.45,39.0,3808.4,118.0,3808.5,4268.0,3808.55,904.0
1753769633585,06:13:53.585,gate,ETH/USDT:USDT,3808.45,1668.0,3808.4,118.0,3808.5,4268.0,3808.55,904.0
1753769633649,06:13:53.649,gate,ETH/USDT:USDT,3808.45,1689.0,3808.4,118.0,3808.5,4268.0,3808.55,904.0
1753769633777,06:13:53.777,gate,ETH/USDT:USDT,3808.45,1668.0,3808.4,118.0,3808.5,4268.0,3808.55,904.0
1753769633824,06:13:53.824,gate,ETH/USDT:USDT,3808.45,1668.0,3808.4,118.0,3808.5,4268.0,3808.55,1155.0
1753769633973,06:13:53.973,gate,ETH/USDT:USDT,3808.45,1668.0,3808.4,116.0,3808.5,4268.0,3808.55,1155.0
1753769634086,06:13:54.086,gate,ETH/USDT:USDT,3808.45,1668.0,3808.4,116.0,3808.5,4268.0,3808.55,1155.0
1753769634187,06:13:54.187,gate,ETH/USDT:USDT,3808.45,1668.0,3808.4,116.0,3808.5,4268.0,3808.55,904.0
1753769634225,06:13:54.225,gate,ETH/USDT:USDT,3808.45,1689.0,3808.4,116.0,3808.5,4268.0,3808.55,904.0
1753769634376,06:13:54.376,gate,ETH/USDT:USDT,3808.45,1689.0,3808.4,116.0,3808.5,4255.0,3808.55,904.0
1753769634468,06:13:54.468,gate,ETH/USDT:USDT,3808.45,1689.0,3808.4,116.0,3808.5,4255.0,3808.55,904.0
1753769634578,06:13:54.578,gate,ETH/USDT:USDT,3808.45,1689.0,3808.4,118.0,3808.5,4255.0,3808.55,904.0
1753769634623,06:13:54.623,gate,ETH/USDT:USDT,3808.45,1689.0,3808.4,118.0,3808.5,4255.0,3808.55,904.0
1753769634773,06:13:54.773,gate,ETH/USDT:USDT,3808.45,1689.0,3808.4,118.0,3808.5,4255.0,3808.55,904.0
1753769634856,06:13:54.856,gate,ETH/USDT:USDT,3808.45,2249.0,3808.4,120.0,3808.5,4255.0,3808.55,904.0
1753769634975,06:13:54.975,gate,ETH/USDT:USDT,3808.45,2701.0,3808.4,120.0,3808.5,4167.0,3808.55,904.0
1753769635081,06:13:55.081,gate,ETH/USDT:USDT,3808.45,2701.0,3808.4,120.0,3808.5,4167.0,3808.55,904.0
1753769635175,06:13:55.175,gate,ETH/USDT:USDT,3808.45,2702.0,3808.4,120.0,3808.5,4167.0,3808.55,904.0
1753769635288,06:13:55.288,gate,ETH/USDT:USDT,3808.45,5793.0,3808.4,120.0,3808.5,3888.0,3808.55,904.0
1753769635378,06:13:55.378,gate,ETH/USDT:USDT,3808.45,4696.0,3808.4,120.0,3808.5,3960.0,3808.55,904.0
1753769635486,06:13:55.486,gate,ETH/USDT:USDT,3808.45,4696.0,3808.4,120.0,3808.5,3960.0,3808.55,904.0
1753769635574,06:13:55.574,gate,ETH/USDT:USDT,3808.45,4717.0,3808.4,120.0,3808.5,3960.0,3808.55,904.0
1753769635671,06:13:55.671,gate,ETH/USDT:USDT,3808.45,4717.0,3808.4,120.0,3808.5,3960.0,3808.55,904.0
1753769635780,06:13:55.780,gate,ETH/USDT:USDT,3808.45,4717.0,3808.4,120.0,3808.5,3960.0,3808.55,904.0
1753769635849,06:13:55.849,gate,ETH/USDT:USDT,3808.45,4717.0,3808.4,120.0,3808.5,3960.0,3808.55,904.0
1753769635974,06:13:55.974,gate,ETH/USDT:USDT,3808.45,4696.0,3808.4,120.0,3808.5,4201.0,3808.55,1145.0
1753769636087,06:13:56.087,gate,ETH/USDT:USDT,3808.65,8376.0,3808.6,241.0,3808.7,1586.0,3808.8,300.0
1753769636186,06:13:56.186,gate,ETH/USDT:USDT,3808.65,7582.0,3808.6,360.0,3808.7,1586.0,3808.8,300.0
1753769636285,06:13:56.285,gate,ETH/USDT:USDT,3808.65,7685.0,3808.6,489.0,3808.7,27.0,3808.8,300.0
1753769636388,06:13:56.388,gate,ETH/USDT:USDT,3808.95,9130.0,3808.9,239.0,3809.0,3715.0,3809.15,36.0
1753769636487,06:13:56.487,gate,ETH/USDT:USDT,3808.95,10152.0,3808.9,368.0,3809.0,3715.0,3809.15,412.0
1753769636585,06:13:56.585,gate,ETH/USDT:USDT,3808.95,10152.0,3808.9,368.0,3809.0,3715.0,3809.15,412.0
1753769636682,06:13:56.682,gate,ETH/USDT:USDT,3808.95,10152.0,3808.9,368.0,3809.0,3715.0,3809.15,1316.0
1753769636780,06:13:56.780,gate,ETH/USDT:USDT,3808.95,9776.0,3808.9,239.0,3809.0,2156.0,3809.15,1316.0
1753769636870,06:13:56.870,gate,ETH/USDT:USDT,3808.95,10152.0,3808.9,239.0,3809.0,3715.0,3809.15,1316.0
1753769636977,06:13:56.977,gate,ETH/USDT:USDT,3808.95,9517.0,3808.75,1072.0,3809.0,3715.0,3809.15,1316.0
1753769637080,06:13:57.080,gate,ETH/USDT:USDT,3808.95,9752.0,3808.9,235.0,3809.0,3715.0,3809.15,1316.0
1753769637175,06:13:57.175,gate,ETH/USDT:USDT,3808.95,9019.0,3808.75,1072.0,3809.0,3715.0,3809.15,1316.0
1753769637284,06:13:57.284,gate,ETH/USDT:USDT,3808.95,9261.0,3808.85,232.0,3809.0,2156.0,3809.15,1316.0
1753769637379,06:13:57.379,gate,ETH/USDT:USDT,3808.95,9212.0,3808.85,232.0,3809.0,2156.0,3809.15,1316.0
1753769637487,06:13:57.487,gate,ETH/USDT:USDT,3808.95,9339.0,3808.85,232.0,3809.0,2156.0,3809.15,1316.0
1753769637575,06:13:57.575,gate,ETH/USDT:USDT,3808.95,9339.0,3808.85,232.0,3809.0,2156.0,3809.15,1316.0
1753769637667,06:13:57.667,gate,ETH/USDT:USDT,3808.95,9318.0,3808.85,232.0,3809.0,2156.0,3809.15,1316.0
1753769637786,06:13:57.786,gate,ETH/USDT:USDT,3808.95,8963.0,3808.75,1072.0,3809.0,2156.0,3809.15,1316.0
1753769637871,06:13:57.871,gate,ETH/USDT:USDT,3808.95,9394.0,3808.75,1301.0,3809.0,3715.0,3809.15,1316.0
1753769637984,06:13:57.984,gate,ETH/USDT:USDT,3808.95,9039.0,3808.75,1072.0,3809.0,3715.0,3809.15,1316.0
1753769638084,06:13:58.084,gate,ETH/USDT:USDT,3808.95,9018.0,3808.85,229.0,3809.0,3715.0,3809.15,1316.0
1753769638175,06:13:58.175,gate,ETH/USDT:USDT,3808.95,9039.0,3808.75,1072.0,3809.0,3715.0,3809.15,1316.0
1753769638278,06:13:58.278,gate,ETH/USDT:USDT,3808.95,9415.0,3808.9,229.0,3809.0,2156.0,3809.15,1316.0
1753769638377,06:13:58.377,gate,ETH/USDT:USDT,3808.95,9018.0,3808.75,1072.0,3809.0,2156.0,3809.15,1316.0
1753769638452,06:13:58.452,gate,ETH/USDT:USDT,3808.95,9394.0,3808.8,229.0,3809.0,3715.0,3809.15,1316.0
1753769638577,06:13:58.577,gate,ETH/USDT:USDT,3808.95,9415.0,3808.85,904.0,3809.0,3715.0,3809.15,412.0
1753769638642,06:13:58.642,gate,ETH/USDT:USDT,3808.95,9394.0,3808.85,904.0,3809.0,3715.0,3809.15,412.0
1753769638780,06:13:58.780,gate,ETH/USDT:USDT,3808.95,9039.0,3808.9,2.0,3809.0,3715.0,3809.15,412.0
1753769638885,06:13:58.885,gate,ETH/USDT:USDT,3808.95,9415.0,3808.85,904.0,3809.0,2156.0,3809.15,412.0
1753769638983,06:13:58.983,gate,ETH/USDT:USDT,3808.95,9018.0,3808.85,904.0,3809.0,3715.0,3809.15,412.0
1753769639076,06:13:59.076,gate,ETH/USDT:USDT,3808.95,9018.0,3808.85,904.0,3809.0,3715.0,3809.15,412.0
1753769639179,06:13:59.179,gate,ETH/USDT:USDT,3808.95,9039.0,3808.85,904.0,3809.0,3700.0,3809.15,412.0
1753769639267,06:13:59.267,gate,ETH/USDT:USDT,3808.95,9039.0,3808.85,904.0,3809.0,3700.0,3809.15,412.0
1753769639374,06:13:59.374,gate,ETH/USDT:USDT,3808.95,9039.0,3808.9,2.0,3809.0,3700.0,3809.15,412.0
1753769639482,06:13:59.482,gate,ETH/USDT:USDT,3808.95,9018.0,3808.9,2.0,3809.0,3700.0,3809.15,412.0
1753769639574,06:13:59.574,gate,ETH/USDT:USDT,3808.95,9039.0,3808.9,2.0,3809.0,3700.0,3809.15,412.0
1753769639686,06:13:59.686,gate,ETH/USDT:USDT,3808.95,9018.0,3808.9,2.0,3809.0,3700.0,3809.15,412.0
1753769639787,06:13:59.787,gate,ETH/USDT:USDT,3808.95,5478.0,3808.9,2.0,3809.0,4995.0,3809.15,287.0
1753769639871,06:13:59.871,gate,ETH/USDT:USDT,3808.95,5499.0,3808.9,2.0,3809.0,4995.0,3809.15,287.0
1753769639986,06:13:59.986,gate,ETH/USDT:USDT,3808.95,1136.0,3808.9,2.0,3809.0,4995.0,3809.05,372.0
1753769640078,06:14:00.078,gate,ETH/USDT:USDT,3808.95,2695.0,3808.9,2.0,3809.0,4995.0,3809.05,372.0
1753769640182,06:14:00.182,gate,ETH/USDT:USDT,3808.95,2216.0,3808.9,2.0,3809.0,4995.0,3809.05,372.0
1753769640287,06:14:00.287,gate,ETH/USDT:USDT,3808.95,2237.0,3808.9,2.0,3809.0,4995.0,3809.05,372.0
1753769640385,06:14:00.385,gate,ETH/USDT:USDT,3808.95,2216.0,3808.9,2.0,3809.0,4995.0,3809.05,372.0
