timestamp,time,exchange,symbol,bid1_price,bid1_volume,bid2_price,bid2_volume,ask1_price,ask1_volume,ask2_price,ask2_volume
1753769536000,06:12:16.000,gate,XRP/USDT:USDT,3.1397,240.0,3.1396,611.0,3.1398,403.0,3.1399,1024.0
1753769536186,06:12:16.186,gate,XRP/USDT:USDT,3.1397,258.0,3.1396,849.0,3.1398,221.0,3.1399,1024.0
1753769536273,06:12:16.273,gate,XRP/USDT:USDT,3.1397,396.0,3.1396,849.0,3.1398,6.0,3.1399,429.0
1753769536393,06:12:16.393,gate,XRP/USDT:USDT,3.1397,396.0,3.1396,879.0,3.1398,6.0,3.1399,424.0
1753769536477,06:12:16.477,gate,XRP/USDT:USDT,3.1397,396.0,3.1396,879.0,3.1398,6.0,3.1399,424.0
1753769536511,06:12:16.511,gate,XRP/USDT:USDT,3.1397,396.0,3.1396,849.0,3.1398,99.0,3.1399,424.0
1753769536645,06:12:16.645,gate,XRP/USDT:USDT,3.1397,396.0,3.1396,849.0,3.1398,221.0,3.1399,664.0
1753769536742,06:12:16.742,gate,XRP/USDT:USDT,3.1397,396.0,3.1396,849.0,3.1398,6.0,3.1399,664.0
1753769536888,06:12:16.888,gate,XRP/USDT:USDT,3.1397,396.0,3.1396,879.0,3.1398,6.0,3.14,1294.0
1753769537536,06:12:17.536,gate,XRP/USDT:USDT,3.1399,68.0,3.1398,702.0,3.14,429.0,3.1401,1598.0
1753769537688,06:12:17.688,gate,XRP/USDT:USDT,3.1402,411.0,3.1401,573.0,3.1403,73.0,3.1404,368.0
1753769537791,06:12:17.791,gate,XRP/USDT:USDT,3.1403,229.0,3.1402,836.0,3.1404,236.0,3.1406,931.0
1753769537888,06:12:17.888,gate,XRP/USDT:USDT,3.1403,220.0,3.1402,506.0,3.1404,410.0,3.1405,360.0
1753769537992,06:12:17.992,gate,XRP/USDT:USDT,3.1403,220.0,3.1402,476.0,3.1404,874.0,3.1405,899.0
1753769538091,06:12:18.091,gate,XRP/USDT:USDT,3.1403,24.0,3.1402,476.0,3.1404,874.0,3.1405,899.0
1753769538188,06:12:18.188,gate,XRP/USDT:USDT,3.1403,24.0,3.1402,476.0,3.1404,874.0,3.1405,899.0
1753769538292,06:12:18.292,gate,XRP/USDT:USDT,3.1403,24.0,3.1402,287.0,3.1404,874.0,3.1405,899.0
1753769538378,06:12:18.378,gate,XRP/USDT:USDT,3.1403,24.0,3.1402,236.0,3.1404,874.0,3.1405,899.0
1753769538482,06:12:18.482,gate,XRP/USDT:USDT,3.1403,24.0,3.1402,236.0,3.1404,874.0,3.1405,1139.0
1753769538500,06:12:18.500,gate,XRP/USDT:USDT,3.1403,24.0,3.1402,236.0,3.1404,874.0,3.1405,1139.0
1753769538777,06:12:18.777,gate,XRP/USDT:USDT,3.1401,240.0,3.14,690.0,3.1402,514.0,3.1403,360.0
1753769538893,06:12:18.893,gate,XRP/USDT:USDT,3.1398,236.0,3.1397,741.0,3.1401,591.0,3.1402,1440.0
1753769538986,06:12:18.986,gate,XRP/USDT:USDT,3.1399,51.0,3.1398,213.0,3.14,596.0,3.1401,600.0
1753769539093,06:12:19.093,gate,XRP/USDT:USDT,3.1399,263.0,3.1398,836.0,3.14,293.0,3.1401,1282.0
1753769539190,06:12:19.190,gate,XRP/USDT:USDT,3.1401,526.0,3.14,836.0,3.1402,276.0,3.1403,1519.0
1753769539293,06:12:19.293,gate,XRP/USDT:USDT,3.1403,526.0,3.1402,670.0,3.1404,660.0,3.1405,1280.0
1753769539390,06:12:19.390,gate,XRP/USDT:USDT,3.1403,526.0,3.1402,670.0,3.1404,660.0,3.1405,443.0
1753769539492,06:12:19.492,gate,XRP/USDT:USDT,3.1403,526.0,3.1402,670.0,3.1404,660.0,3.1405,443.0
1753769539539,06:12:19.539,gate,XRP/USDT:USDT,3.1403,526.0,3.1402,670.0,3.1404,660.0,3.1405,443.0
1753769539667,06:12:19.667,gate,XRP/USDT:USDT,3.1403,526.0,3.1402,670.0,3.1404,660.0,3.1405,443.0
1753769539712,06:12:19.712,gate,XRP/USDT:USDT,3.1403,526.0,3.1402,600.0,3.1404,660.0,3.1405,443.0
1753769540192,06:12:20.192,gate,XRP/USDT:USDT,3.1403,513.0,3.1402,600.0,3.1404,424.0,3.1405,443.0
1753769540268,06:12:20.268,gate,XRP/USDT:USDT,3.1403,513.0,3.1402,600.0,3.1404,424.0,3.1405,443.0
1753769540379,06:12:20.379,gate,XRP/USDT:USDT,3.1403,513.0,3.1402,600.0,3.1404,424.0,3.1405,443.0
1753769540493,06:12:20.493,gate,XRP/USDT:USDT,3.1406,510.0,3.1405,489.0,3.1407,11.0,3.1408,6.0
1753769540589,06:12:20.589,gate,XRP/USDT:USDT,3.1406,531.0,3.1405,489.0,3.1407,11.0,3.1408,6.0
1753769540747,06:12:20.747,gate,XRP/USDT:USDT,3.1406,492.0,3.1405,489.0,3.1407,435.0,3.1408,6.0
1753769540861,06:12:20.861,gate,XRP/USDT:USDT,3.1406,492.0,3.1405,489.0,3.1407,435.0,3.1408,6.0
1753769540966,06:12:20.966,gate,XRP/USDT:USDT,3.1406,492.0,3.1405,489.0,3.1407,435.0,3.1408,6.0
1753769541040,06:12:21.040,gate,XRP/USDT:USDT,3.1406,492.0,3.1405,489.0,3.1407,435.0,3.1408,6.0
1753769541189,06:12:21.189,gate,XRP/USDT:USDT,3.1406,492.0,3.1405,489.0,3.1407,435.0,3.1408,6.0
1753769541230,06:12:21.230,gate,XRP/USDT:USDT,3.1406,492.0,3.1405,489.0,3.1407,435.0,3.1408,6.0
1753769541391,06:12:21.391,gate,XRP/USDT:USDT,3.1406,492.0,3.1405,489.0,3.1407,435.0,3.1408,6.0
1753769541493,06:12:21.493,gate,XRP/USDT:USDT,3.1406,492.0,3.1405,489.0,3.1407,435.0,3.1408,6.0
1753769541577,06:12:21.577,gate,XRP/USDT:USDT,3.1406,492.0,3.1405,489.0,3.1407,435.0,3.1408,6.0
1753769541678,06:12:21.678,gate,XRP/USDT:USDT,3.1406,492.0,3.1405,489.0,3.1407,435.0,3.1408,6.0
1753769541756,06:12:21.756,gate,XRP/USDT:USDT,3.1406,492.0,3.1405,489.0,3.1407,435.0,3.1408,6.0
1753769541821,06:12:21.821,gate,XRP/USDT:USDT,3.1406,549.0,3.1405,489.0,3.1407,435.0,3.1408,6.0
1753769541931,06:12:21.931,gate,XRP/USDT:USDT,3.1406,549.0,3.1405,489.0,3.1407,435.0,3.1408,6.0
1753769542094,06:12:22.094,gate,XRP/USDT:USDT,3.1406,20.0,3.1404,451.0,3.1407,541.0,3.1408,242.0
1753769542293,06:12:22.293,gate,XRP/USDT:USDT,3.1401,664.0,3.14,555.0,3.1402,495.0,3.1403,433.0
1753769542371,06:12:22.371,gate,XRP/USDT:USDT,3.1401,664.0,3.14,555.0,3.1402,207.0,3.1403,422.0
1753769542490,06:12:22.490,gate,XRP/USDT:USDT,3.1402,62.0,3.1401,664.0,3.1403,422.0,3.1404,422.0
1753769542593,06:12:22.593,gate,XRP/USDT:USDT,3.1402,239.0,3.1401,664.0,3.1403,422.0,3.1404,422.0
1753769542688,06:12:22.688,gate,XRP/USDT:USDT,3.1402,239.0,3.1401,664.0,3.1403,422.0,3.1404,726.0
1753769542776,06:12:22.776,gate,XRP/USDT:USDT,3.1402,239.0,3.1401,664.0,3.1403,422.0,3.1404,422.0
1753769542870,06:12:22.870,gate,XRP/USDT:USDT,3.1402,239.0,3.1401,664.0,3.1403,422.0,3.1404,726.0
1753769542938,06:12:22.938,gate,XRP/USDT:USDT,3.1402,239.0,3.1401,664.0,3.1403,422.0,3.1404,422.0
1753769543081,06:12:23.081,gate,XRP/USDT:USDT,3.1402,629.0,3.1401,694.0,3.1403,215.0,3.1405,422.0
1753769543172,06:12:23.172,gate,XRP/USDT:USDT,3.1404,56.0,3.1403,310.0,3.1405,422.0,3.1406,471.0
1753769543272,06:12:23.272,gate,XRP/USDT:USDT,3.1404,56.0,3.1403,310.0,3.1405,422.0,3.1406,471.0
1753769543383,06:12:23.383,gate,XRP/USDT:USDT,3.1403,310.0,3.1402,451.0,3.1404,73.0,3.1405,422.0
1753769543690,06:12:23.690,gate,XRP/USDT:USDT,3.1403,330.0,3.1402,451.0,3.1404,285.0,3.1405,447.0
1753769543737,06:12:23.737,gate,XRP/USDT:USDT,3.1403,330.0,3.1402,451.0,3.1404,414.0,3.1405,447.0
1753769543892,06:12:23.892,gate,XRP/USDT:USDT,3.1403,330.0,3.1402,476.0,3.1404,492.0,3.1405,1018.0
1753769543993,06:12:23.993,gate,XRP/USDT:USDT,3.1403,330.0,3.1402,476.0,3.1404,492.0,3.1405,1018.0
1753769544071,06:12:24.071,gate,XRP/USDT:USDT,3.1403,330.0,3.1402,476.0,3.1404,492.0,3.1405,1018.0
1753769544236,06:12:24.236,gate,XRP/USDT:USDT,3.1403,330.0,3.1402,476.0,3.1404,492.0,3.1405,1018.0
1753769544332,06:12:24.332,gate,XRP/USDT:USDT,3.1403,330.0,3.1402,476.0,3.1404,492.0,3.1405,1018.0
1753769544453,06:12:24.453,gate,XRP/USDT:USDT,3.1403,330.0,3.1402,476.0,3.1404,492.0,3.1405,1018.0
1753769544557,06:12:24.557,gate,XRP/USDT:USDT,3.1403,330.0,3.1402,476.0,3.1404,492.0,3.1405,1018.0
1753769544746,06:12:24.746,gate,XRP/USDT:USDT,3.1403,330.0,3.1402,476.0,3.1404,492.0,3.1405,1018.0
1753769544797,06:12:24.797,gate,XRP/USDT:USDT,3.1403,330.0,3.1402,476.0,3.1404,492.0,3.1405,1018.0
1753769544894,06:12:24.894,gate,XRP/USDT:USDT,3.1403,330.0,3.1402,476.0,3.1404,492.0,3.1405,1018.0
1753769545092,06:12:25.092,gate,XRP/USDT:USDT,3.1403,330.0,3.1402,476.0,3.1404,492.0,3.1405,1018.0
1753769545193,06:12:25.193,gate,XRP/USDT:USDT,3.1403,330.0,3.1402,506.0,3.1404,492.0,3.1405,1018.0
1753769545285,06:12:25.285,gate,XRP/USDT:USDT,3.1403,330.0,3.1402,866.0,3.1404,70.0,3.1405,447.0
1753769545375,06:12:25.375,gate,XRP/USDT:USDT,3.1403,330.0,3.1402,836.0,3.1404,70.0,3.1405,447.0
1753769545450,06:12:25.450,gate,XRP/USDT:USDT,3.1403,330.0,3.1402,836.0,3.1404,286.0,3.1405,447.0
1753769545562,06:12:25.562,gate,XRP/USDT:USDT,3.1403,330.0,3.1402,836.0,3.1404,286.0,3.1405,447.0
1753769545766,06:12:25.766,gate,XRP/USDT:USDT,3.1403,330.0,3.1402,836.0,3.1404,286.0,3.1405,600.0
1753769545893,06:12:25.893,gate,XRP/USDT:USDT,3.1403,20.0,3.1402,476.0,3.1404,505.0,3.1405,1223.0
1753769546369,06:12:26.369,gate,XRP/USDT:USDT,3.1403,20.0,3.1402,291.0,3.1404,747.0,3.1405,1253.0
1753769546475,06:12:26.475,gate,XRP/USDT:USDT,3.1403,20.0,3.1402,291.0,3.1404,747.0,3.1405,1223.0
1753769546675,06:12:26.675,gate,XRP/USDT:USDT,3.1403,20.0,3.1402,291.0,3.1404,747.0,3.1405,1223.0
1753769546768,06:12:26.768,gate,XRP/USDT:USDT,3.1403,20.0,3.1402,291.0,3.1404,747.0,3.1405,1223.0
1753769546801,06:12:26.801,gate,XRP/USDT:USDT,3.1403,20.0,3.1402,291.0,3.1404,747.0,3.1405,1223.0
1753769546958,06:12:26.958,gate,XRP/USDT:USDT,3.1403,20.0,3.1402,291.0,3.1404,747.0,3.1405,1223.0
1753769547171,06:12:27.171,gate,XRP/USDT:USDT,3.1403,20.0,3.1402,291.0,3.1404,747.0,3.1405,1223.0
1753769547220,06:12:27.220,gate,XRP/USDT:USDT,3.1403,20.0,3.1402,291.0,3.1404,747.0,3.1405,1223.0
1753769547379,06:12:27.379,gate,XRP/USDT:USDT,3.1405,38.0,3.1404,236.0,3.1406,197.0,3.1407,611.0
1753769547493,06:12:27.493,gate,XRP/USDT:USDT,3.1404,236.0,3.1403,264.0,3.1405,112.0,3.1406,610.0
1753769547561,06:12:27.561,gate,XRP/USDT:USDT,3.1404,236.0,3.1403,240.0,3.1405,203.0,3.1406,519.0
1753769547677,06:12:27.677,gate,XRP/USDT:USDT,3.1404,427.0,3.1403,240.0,3.1405,135.0,3.1406,519.0
1753769547752,06:12:27.752,gate,XRP/USDT:USDT,3.1404,427.0,3.1403,240.0,3.1405,135.0,3.1406,519.0
1753769547827,06:12:27.827,gate,XRP/USDT:USDT,3.1404,427.0,3.1403,240.0,3.1405,135.0,3.1406,519.0
1753769548214,06:12:28.214,gate,XRP/USDT:USDT,3.1404,427.0,3.1403,600.0,3.1405,135.0,3.1406,519.0
1753769548382,06:12:28.382,gate,XRP/USDT:USDT,3.1404,427.0,3.1403,600.0,3.1405,226.0,3.1406,519.0
1753769548398,06:12:28.398,gate,XRP/USDT:USDT,3.1404,427.0,3.1403,600.0,3.1405,226.0,3.1406,519.0
1753769548536,06:12:28.536,gate,XRP/USDT:USDT,3.1404,427.0,3.1403,600.0,3.1405,226.0,3.1406,519.0
1753769548616,06:12:28.616,gate,XRP/USDT:USDT,3.1404,427.0,3.1403,600.0,3.1405,226.0,3.1406,519.0
1753769548764,06:12:28.764,gate,XRP/USDT:USDT,3.1404,427.0,3.1403,600.0,3.1405,226.0,3.1406,519.0
1753769548882,06:12:28.882,gate,XRP/USDT:USDT,3.1404,427.0,3.1403,600.0,3.1405,226.0,3.1406,519.0
1753769548971,06:12:28.971,gate,XRP/USDT:USDT,3.1404,256.0,3.1403,600.0,3.1405,166.0,3.1406,519.0
1753769549093,06:12:29.093,gate,XRP/USDT:USDT,3.1404,256.0,3.1403,27.0,3.1405,166.0,3.1406,519.0
1753769549177,06:12:29.177,gate,XRP/USDT:USDT,3.1404,20.0,3.1402,291.0,3.1405,373.0,3.1406,773.0
1753769549288,06:12:29.288,gate,XRP/USDT:USDT,3.1402,291.0,3.1401,637.0,3.1403,76.0,3.1404,284.0
1753769549778,06:12:29.778,gate,XRP/USDT:USDT,3.1402,291.0,3.1401,664.0,3.1403,76.0,3.1404,284.0
1753769549868,06:12:29.868,gate,XRP/USDT:USDT,3.1402,291.0,3.1401,664.0,3.1403,76.0,3.1404,284.0
1753769550091,06:12:30.091,gate,XRP/USDT:USDT,3.1402,291.0,3.1401,664.0,3.1403,76.0,3.1404,284.0
1753769550193,06:12:30.193,gate,XRP/USDT:USDT,3.1402,425.0,3.1401,724.0,3.1403,70.0,3.1405,154.0
1753769550277,06:12:30.277,gate,XRP/USDT:USDT,3.1402,425.0,3.1401,1054.0,3.1403,70.0,3.1404,168.0
1753769550357,06:12:30.357,gate,XRP/USDT:USDT,3.1402,425.0,3.1401,1024.0,3.1403,70.0,3.1404,168.0
1753769550720,06:12:30.720,gate,XRP/USDT:USDT,3.1402,425.0,3.1401,1024.0,3.1403,70.0,3.1404,168.0
1753769550890,06:12:30.890,gate,XRP/USDT:USDT,3.1404,319.0,3.1403,359.0,3.1405,108.0,3.1406,773.0
1753769550977,06:12:30.977,gate,XRP/USDT:USDT,3.1404,423.0,3.1403,387.0,3.1405,108.0,3.1406,773.0
1753769551493,06:12:31.493,gate,XRP/USDT:USDT,3.1413,254.0,3.1412,266.0,3.1414,511.0,3.1416,9.0
1753769551592,06:12:31.592,gate,XRP/USDT:USDT,3.1413,254.0,3.1412,296.0,3.1414,424.0,3.1416,9.0
1753769551679,06:12:31.679,gate,XRP/USDT:USDT,3.1413,254.0,3.1412,266.0,3.1414,424.0,3.1416,9.0
1753769551764,06:12:31.764,gate,XRP/USDT:USDT,3.1413,254.0,3.1412,266.0,3.1414,424.0,3.1416,9.0
1753769551953,06:12:31.953,gate,XRP/USDT:USDT,3.1414,413.0,3.1413,203.0,3.1415,256.0,3.1416,503.0
1753769552179,06:12:32.179,gate,XRP/USDT:USDT,3.1414,433.0,3.1413,203.0,3.1415,113.0,3.1416,79.0
1753769552276,06:12:32.276,gate,XRP/USDT:USDT,3.1415,231.0,3.1414,433.0,3.1416,9.0,3.1417,339.0
1753769552377,06:12:32.377,gate,XRP/USDT:USDT,3.1415,231.0,3.1414,433.0,3.1416,9.0,3.1417,339.0
1753769552475,06:12:32.475,gate,XRP/USDT:USDT,3.1415,231.0,3.1414,433.0,3.1416,9.0,3.1417,339.0
1753769552568,06:12:32.568,gate,XRP/USDT:USDT,3.1415,231.0,3.1414,433.0,3.1416,79.0,3.1417,339.0
1753769552693,06:12:32.693,gate,XRP/USDT:USDT,3.1415,207.0,3.1414,433.0,3.1416,79.0,3.1417,339.0
1753769552750,06:12:32.750,gate,XRP/USDT:USDT,3.1415,207.0,3.1414,433.0,3.1416,79.0,3.1417,339.0
1753769553092,06:12:33.092,gate,XRP/USDT:USDT,3.1415,207.0,3.1414,433.0,3.1416,79.0,3.1417,339.0
1753769553125,06:12:33.125,gate,XRP/USDT:USDT,3.1415,207.0,3.1414,433.0,3.1416,79.0,3.1417,339.0
1753769553488,06:12:33.488,gate,XRP/USDT:USDT,3.1415,430.0,3.1414,493.0,3.1416,9.0,3.1418,424.0
1753769553576,06:12:33.576,gate,XRP/USDT:USDT,3.1415,430.0,3.1414,493.0,3.1416,9.0,3.1418,424.0
1753769553657,06:12:33.657,gate,XRP/USDT:USDT,3.1415,451.0,3.1414,562.0,3.1416,9.0,3.1419,198.0
1753769553767,06:12:33.767,gate,XRP/USDT:USDT,3.1415,451.0,3.1414,562.0,3.1416,9.0,3.1419,198.0
1753769553886,06:12:33.886,gate,XRP/USDT:USDT,3.1415,451.0,3.1414,562.0,3.1416,9.0,3.1419,198.0
1753769553917,06:12:33.917,gate,XRP/USDT:USDT,3.1415,451.0,3.1414,562.0,3.1416,9.0,3.1419,198.0
1753769554058,06:12:34.058,gate,XRP/USDT:USDT,3.1415,451.0,3.1414,532.0,3.1416,9.0,3.1419,198.0
1753769554148,06:12:34.148,gate,XRP/USDT:USDT,3.1415,451.0,3.1414,532.0,3.1416,9.0,3.1419,198.0
1753769554290,06:12:34.290,gate,XRP/USDT:USDT,3.1415,451.0,3.1414,532.0,3.1416,9.0,3.1419,198.0
1753769554392,06:12:34.392,gate,XRP/USDT:USDT,3.1415,451.0,3.1414,532.0,3.1416,9.0,3.1419,198.0
1753769554493,06:12:34.493,gate,XRP/USDT:USDT,3.1418,359.0,3.1417,360.0,3.1419,228.0,3.142,660.0
1753769554568,06:12:34.568,gate,XRP/USDT:USDT,3.1418,359.0,3.1417,360.0,3.1419,228.0,3.142,758.0
1753769554621,06:12:34.621,gate,XRP/USDT:USDT,3.1418,242.0,3.1417,360.0,3.1419,228.0,3.142,758.0
1753769554745,06:12:34.745,gate,XRP/USDT:USDT,3.1418,242.0,3.1417,360.0,3.1419,228.0,3.142,758.0
1753769554852,06:12:34.852,gate,XRP/USDT:USDT,3.1418,242.0,3.1417,360.0,3.1419,228.0,3.142,758.0
1753769554979,06:12:34.979,gate,XRP/USDT:USDT,3.1418,562.0,3.1417,600.0,3.1419,228.0,3.142,758.0
1753769555073,06:12:35.073,gate,XRP/USDT:USDT,3.1418,619.0,3.1417,630.0,3.1419,228.0,3.142,758.0
1753769555170,06:12:35.170,gate,XRP/USDT:USDT,3.1418,619.0,3.1417,630.0,3.1419,228.0,3.142,758.0
1753769555274,06:12:35.274,gate,XRP/USDT:USDT,3.1418,619.0,3.1417,630.0,3.1419,228.0,3.142,758.0
1753769555354,06:12:35.354,gate,XRP/USDT:USDT,3.1418,619.0,3.1417,630.0,3.1419,228.0,3.142,758.0
1753769555493,06:12:35.493,gate,XRP/USDT:USDT,3.1418,562.0,3.1417,630.0,3.1419,70.0,3.142,236.0
1753769555578,06:12:35.578,gate,XRP/USDT:USDT,3.1418,262.0,3.1416,667.0,3.1419,184.0,3.142,513.0
1753769555644,06:12:35.644,gate,XRP/USDT:USDT,3.1418,242.0,3.1416,667.0,3.1419,184.0,3.142,513.0
1753769555756,06:12:35.756,gate,XRP/USDT:USDT,3.1418,242.0,3.1416,667.0,3.1419,184.0,3.142,513.0
1753769555858,06:12:35.858,gate,XRP/USDT:USDT,3.1418,242.0,3.1416,667.0,3.1419,184.0,3.142,513.0
1753769555993,06:12:35.993,gate,XRP/USDT:USDT,3.1418,242.0,3.1416,667.0,3.1419,184.0,3.142,513.0
1753769556070,06:12:36.070,gate,XRP/USDT:USDT,3.1418,242.0,3.1416,667.0,3.1419,184.0,3.142,483.0
1753769556292,06:12:36.292,gate,XRP/USDT:USDT,3.1418,242.0,3.1416,667.0,3.1419,184.0,3.142,483.0
1753769556551,06:12:36.551,gate,XRP/USDT:USDT,3.1418,262.0,3.1417,240.0,3.1419,184.0,3.142,483.0
1753769556947,06:12:36.947,gate,XRP/USDT:USDT,3.1418,262.0,3.1417,240.0,3.1419,184.0,3.142,483.0
1753769557079,06:12:37.079,gate,XRP/USDT:USDT,3.1418,262.0,3.1417,240.0,3.1419,184.0,3.142,483.0
1753769557155,06:12:37.155,gate,XRP/USDT:USDT,3.1418,262.0,3.1417,240.0,3.1419,184.0,3.142,483.0
1753769557241,06:12:37.241,gate,XRP/USDT:USDT,3.1418,262.0,3.1417,240.0,3.1419,184.0,3.142,483.0
1753769557649,06:12:37.649,gate,XRP/USDT:USDT,3.1418,262.0,3.1417,240.0,3.1419,184.0,3.142,483.0
1753769557771,06:12:37.771,gate,XRP/USDT:USDT,3.1418,262.0,3.1417,240.0,3.1419,184.0,3.142,483.0
1753769557832,06:12:37.832,gate,XRP/USDT:USDT,3.1418,262.0,3.1417,240.0,3.1419,184.0,3.142,483.0
1753769558040,06:12:38.040,gate,XRP/USDT:USDT,3.1418,262.0,3.1417,240.0,3.1419,184.0,3.142,483.0
1753769558097,06:12:38.097,gate,XRP/USDT:USDT,3.1418,262.0,3.1417,240.0,3.1419,184.0,3.142,483.0
1753769558389,06:12:38.389,gate,XRP/USDT:USDT,3.1418,262.0,3.1417,240.0,3.1419,184.0,3.142,483.0
1753769558430,06:12:38.430,gate,XRP/USDT:USDT,3.1418,262.0,3.1417,240.0,3.1419,184.0,3.142,483.0
1753769558509,06:12:38.509,gate,XRP/USDT:USDT,3.1418,262.0,3.1417,240.0,3.1419,184.0,3.142,483.0
1753769558605,06:12:38.605,gate,XRP/USDT:USDT,3.1418,262.0,3.1417,240.0,3.1419,184.0,3.142,483.0
1753769558756,06:12:38.756,gate,XRP/USDT:USDT,3.1418,262.0,3.1417,240.0,3.1419,184.0,3.142,483.0
1753769558868,06:12:38.868,gate,XRP/USDT:USDT,3.1418,262.0,3.1417,240.0,3.1419,184.0,3.142,483.0
1753769559293,06:12:39.293,gate,XRP/USDT:USDT,3.1418,256.0,3.1417,30.0,3.1419,169.0,3.142,616.0
1753769559377,06:12:39.377,gate,XRP/USDT:USDT,3.1418,20.0,3.1416,79.0,3.1419,394.0,3.142,646.0
1753769559486,06:12:39.486,gate,XRP/USDT:USDT,3.1416,315.0,3.1415,240.0,3.1417,149.0,3.1418,208.0
1753769559581,06:12:39.581,gate,XRP/USDT:USDT,3.1416,315.0,3.1415,240.0,3.1417,76.0,3.1418,208.0
1753769559693,06:12:39.693,gate,XRP/USDT:USDT,3.1416,315.0,3.1415,270.0,3.1417,76.0,3.1418,208.0
1753769559738,06:12:39.738,gate,XRP/USDT:USDT,3.1416,406.0,3.1415,270.0,3.1417,76.0,3.1418,208.0
1753769559868,06:12:39.868,gate,XRP/USDT:USDT,3.1416,406.0,3.1415,270.0,3.1417,76.0,3.1418,208.0
1753769559955,06:12:39.955,gate,XRP/USDT:USDT,3.1416,406.0,3.1415,270.0,3.1417,66.0,3.1418,208.0
1753769560086,06:12:40.086,gate,XRP/USDT:USDT,3.1416,406.0,3.1415,270.0,3.1417,66.0,3.1418,208.0
1753769560192,06:12:40.192,gate,XRP/USDT:USDT,3.1416,406.0,3.1415,630.0,3.1417,66.0,3.1418,208.0
1753769560264,06:12:40.264,gate,XRP/USDT:USDT,3.1416,406.0,3.1415,630.0,3.1417,66.0,3.1418,208.0
1753769560321,06:12:40.321,gate,XRP/USDT:USDT,3.1416,406.0,3.1415,630.0,3.1417,66.0,3.1418,155.0
1753769560436,06:12:40.436,gate,XRP/USDT:USDT,3.1416,406.0,3.1415,630.0,3.1417,66.0,3.1418,155.0
1753769560590,06:12:40.590,gate,XRP/USDT:USDT,3.1416,406.0,3.1415,630.0,3.1417,66.0,3.1418,155.0
1753769560599,06:12:40.599,gate,XRP/USDT:USDT,3.1416,406.0,3.1415,630.0,3.1417,66.0,3.1418,155.0
1753769560718,06:12:40.718,gate,XRP/USDT:USDT,3.1416,406.0,3.1415,630.0,3.1417,66.0,3.1418,155.0
1753769560817,06:12:40.817,gate,XRP/USDT:USDT,3.1416,406.0,3.1415,630.0,3.1417,66.0,3.1418,155.0
1753769560942,06:12:40.942,gate,XRP/USDT:USDT,3.1416,315.0,3.1415,630.0,3.1417,66.0,3.1418,155.0
1753769561012,06:12:41.012,gate,XRP/USDT:USDT,3.1416,315.0,3.1415,630.0,3.1417,66.0,3.1418,155.0
1753769561337,06:12:41.337,gate,XRP/USDT:USDT,3.1416,315.0,3.1415,630.0,3.1417,66.0,3.1418,155.0
1753769561492,06:12:41.492,gate,XRP/USDT:USDT,3.1416,315.0,3.1415,630.0,3.1417,66.0,3.1418,155.0
1753769561646,06:12:41.646,gate,XRP/USDT:USDT,3.1416,458.0,3.1415,630.0,3.1417,66.0,3.1418,152.0
1753769561776,06:12:41.776,gate,XRP/USDT:USDT,3.1416,458.0,3.1415,630.0,3.1417,66.0,3.1418,92.0
1753769561833,06:12:41.833,gate,XRP/USDT:USDT,3.1416,458.0,3.1415,630.0,3.1417,66.0,3.1418,92.0
1753769561947,06:12:41.947,gate,XRP/USDT:USDT,3.1417,51.0,3.1416,848.0,3.1418,43.0,3.1419,70.0
1753769562007,06:12:42.007,gate,XRP/USDT:USDT,3.1417,51.0,3.1416,848.0,3.1418,43.0,3.1419,70.0
1753769562194,06:12:42.194,gate,XRP/USDT:USDT,3.1417,283.0,3.1416,999.0,3.1418,43.0,3.1419,70.0
1753769562242,06:12:42.242,gate,XRP/USDT:USDT,3.1417,253.0,3.1416,969.0,3.1418,112.0,3.1419,70.0
1753769562296,06:12:42.296,gate,XRP/USDT:USDT,3.1417,253.0,3.1416,969.0,3.1418,112.0,3.1419,70.0
1753769562593,06:12:42.593,gate,XRP/USDT:USDT,3.1418,262.0,3.1417,253.0,3.1419,156.0,3.142,616.0
1753769562643,06:12:42.643,gate,XRP/USDT:USDT,3.1418,262.0,3.1417,253.0,3.1419,156.0,3.142,616.0
1753769562783,06:12:42.783,gate,XRP/USDT:USDT,3.1418,282.0,3.1417,253.0,3.1419,156.0,3.142,616.0
1753769562882,06:12:42.882,gate,XRP/USDT:USDT,3.1418,256.0,3.1417,253.0,3.1419,156.0,3.142,616.0
1753769562986,06:12:42.986,gate,XRP/USDT:USDT,3.1418,256.0,3.1417,253.0,3.1419,156.0,3.142,616.0
1753769563041,06:12:43.041,gate,XRP/USDT:USDT,3.1418,256.0,3.1417,253.0,3.1419,156.0,3.142,616.0
1753769563149,06:12:43.149,gate,XRP/USDT:USDT,3.1418,256.0,3.1417,253.0,3.1419,156.0,3.142,616.0
1753769563270,06:12:43.270,gate,XRP/USDT:USDT,3.1418,256.0,3.1417,253.0,3.1419,156.0,3.142,616.0
1753769563493,06:12:43.493,gate,XRP/USDT:USDT,3.1418,256.0,3.1417,253.0,3.1419,156.0,3.142,616.0
1753769563595,06:12:43.595,gate,XRP/USDT:USDT,3.1418,256.0,3.1417,253.0,3.1419,156.0,3.142,616.0
1753769563691,06:12:43.691,gate,XRP/USDT:USDT,3.1418,256.0,3.1417,253.0,3.1419,156.0,3.142,616.0
1753769563754,06:12:43.754,gate,XRP/USDT:USDT,3.1418,256.0,3.1417,253.0,3.1419,156.0,3.142,616.0
1753769563886,06:12:43.886,gate,XRP/USDT:USDT,3.1418,256.0,3.1417,253.0,3.1419,156.0,3.142,616.0
1753769563937,06:12:43.937,gate,XRP/USDT:USDT,3.1418,256.0,3.1417,253.0,3.1419,156.0,3.142,616.0
1753769564043,06:12:44.043,gate,XRP/USDT:USDT,3.1418,256.0,3.1417,253.0,3.1419,156.0,3.142,616.0
1753769564181,06:12:44.181,gate,XRP/USDT:USDT,3.1418,256.0,3.1417,253.0,3.1419,156.0,3.142,616.0
1753769564287,06:12:44.287,gate,XRP/USDT:USDT,3.1418,256.0,3.1417,253.0,3.1419,156.0,3.142,616.0
1753769564337,06:12:44.337,gate,XRP/USDT:USDT,3.1418,256.0,3.1417,253.0,3.1419,156.0,3.142,616.0
1753769564445,06:12:44.445,gate,XRP/USDT:USDT,3.1418,256.0,3.1417,253.0,3.1419,156.0,3.142,616.0
1753769564596,06:12:44.596,gate,XRP/USDT:USDT,3.1418,256.0,3.1417,253.0,3.1419,156.0,3.142,616.0
1753769564782,06:12:44.782,gate,XRP/USDT:USDT,3.1418,256.0,3.1417,253.0,3.1419,156.0,3.142,616.0
1753769564855,06:12:44.855,gate,XRP/USDT:USDT,3.1418,256.0,3.1417,253.0,3.1419,156.0,3.142,616.0
1753769564942,06:12:44.942,gate,XRP/USDT:USDT,3.1418,256.0,3.1417,253.0,3.1419,156.0,3.142,616.0
1753769565048,06:12:45.048,gate,XRP/USDT:USDT,3.1418,256.0,3.1417,253.0,3.1419,156.0,3.142,616.0
1753769565140,06:12:45.140,gate,XRP/USDT:USDT,3.1418,256.0,3.1417,253.0,3.1419,156.0,3.142,616.0
1753769565243,06:12:45.243,gate,XRP/USDT:USDT,3.1418,256.0,3.1417,253.0,3.1419,134.0,3.142,616.0
1753769565372,06:12:45.372,gate,XRP/USDT:USDT,3.1418,256.0,3.1417,253.0,3.1419,134.0,3.142,616.0
1753769565471,06:12:45.471,gate,XRP/USDT:USDT,3.1418,256.0,3.1417,253.0,3.1419,134.0,3.142,616.0
1753769565777,06:12:45.777,gate,XRP/USDT:USDT,3.1418,256.0,3.1417,291.0,3.1419,132.0,3.142,616.0
1753769565889,06:12:45.889,gate,XRP/USDT:USDT,3.1418,256.0,3.1417,291.0,3.1419,128.0,3.142,616.0
1753769565923,06:12:45.923,gate,XRP/USDT:USDT,3.1418,256.0,3.1417,291.0,3.1419,128.0,3.142,616.0
1753769566052,06:12:46.052,gate,XRP/USDT:USDT,3.1418,256.0,3.1417,291.0,3.1419,128.0,3.142,616.0
1753769566281,06:12:46.281,gate,XRP/USDT:USDT,3.1418,256.0,3.1417,291.0,3.1419,128.0,3.142,616.0
1753769566401,06:12:46.401,gate,XRP/USDT:USDT,3.1418,256.0,3.1417,291.0,3.1419,128.0,3.142,616.0
1753769566564,06:12:46.564,gate,XRP/USDT:USDT,3.1418,256.0,3.1417,291.0,3.1419,128.0,3.142,616.0
1753769566741,06:12:46.741,gate,XRP/USDT:USDT,3.1418,256.0,3.1417,291.0,3.1419,128.0,3.142,616.0
1753769566835,06:12:46.835,gate,XRP/USDT:USDT,3.1418,256.0,3.1417,291.0,3.1419,128.0,3.142,616.0
1753769566937,06:12:46.937,gate,XRP/USDT:USDT,3.1418,256.0,3.1417,291.0,3.1419,128.0,3.142,616.0
1753769567084,06:12:47.084,gate,XRP/USDT:USDT,3.1418,256.0,3.1417,291.0,3.1419,128.0,3.142,616.0
1753769567145,06:12:47.145,gate,XRP/USDT:USDT,3.1418,256.0,3.1417,291.0,3.1419,128.0,3.142,616.0
1753769567381,06:12:47.381,gate,XRP/USDT:USDT,3.1418,256.0,3.1417,291.0,3.1419,128.0,3.142,616.0
1753769567557,06:12:47.557,gate,XRP/USDT:USDT,3.1418,256.0,3.1417,291.0,3.1419,128.0,3.142,616.0
1753769567651,06:12:47.651,gate,XRP/USDT:USDT,3.1418,256.0,3.1417,600.0,3.1419,128.0,3.142,616.0
1753769567793,06:12:47.793,gate,XRP/USDT:USDT,3.1418,402.0,3.1417,600.0,3.1419,160.0,3.142,616.0
1753769567837,06:12:47.837,gate,XRP/USDT:USDT,3.1418,402.0,3.1417,600.0,3.1419,160.0,3.142,616.0
1753769567982,06:12:47.982,gate,XRP/USDT:USDT,3.1418,402.0,3.1417,600.0,3.1419,160.0,3.142,616.0
1753769568079,06:12:48.079,gate,XRP/USDT:USDT,3.1418,402.0,3.1417,600.0,3.1419,160.0,3.142,616.0
1753769568369,06:12:48.369,gate,XRP/USDT:USDT,3.1418,402.0,3.1417,600.0,3.1419,163.0,3.142,616.0
1753769568473,06:12:48.473,gate,XRP/USDT:USDT,3.1418,402.0,3.1417,600.0,3.1419,70.0,3.142,616.0
1753769568589,06:12:48.589,gate,XRP/USDT:USDT,3.1419,70.0,3.1418,402.0,3.142,73.0,3.1421,600.0
1753769568690,06:12:48.690,gate,XRP/USDT:USDT,3.1419,70.0,3.1418,496.0,3.142,73.0,3.1421,600.0
1753769568742,06:12:48.742,gate,XRP/USDT:USDT,3.1419,70.0,3.1418,476.0,3.142,73.0,3.1421,600.0
1753769568885,06:12:48.885,gate,XRP/USDT:USDT,3.1419,70.0,3.1418,476.0,3.142,73.0,3.1421,600.0
1753769568993,06:12:48.993,gate,XRP/USDT:USDT,3.1419,136.0,3.1418,476.0,3.142,114.0,3.1421,600.0
1753769569015,06:12:49.015,gate,XRP/USDT:USDT,3.1419,136.0,3.1418,476.0,3.142,114.0,3.1421,600.0
1753769569164,06:12:49.164,gate,XRP/USDT:USDT,3.1419,136.0,3.1418,476.0,3.142,114.0,3.1421,600.0
1753769569293,06:12:49.293,gate,XRP/USDT:USDT,3.1419,136.0,3.1418,476.0,3.142,114.0,3.1421,600.0
1753769569348,06:12:49.348,gate,XRP/USDT:USDT,3.1419,136.0,3.1418,476.0,3.142,114.0,3.1421,600.0
1753769569468,06:12:49.468,gate,XRP/USDT:USDT,3.1419,136.0,3.1418,476.0,3.142,114.0,3.1421,600.0
1753769569548,06:12:49.548,gate,XRP/USDT:USDT,3.1419,136.0,3.1418,476.0,3.142,114.0,3.1421,600.0
1753769569667,06:12:49.667,gate,XRP/USDT:USDT,3.1419,136.0,3.1418,476.0,3.142,73.0,3.1421,600.0
1753769569788,06:12:49.788,gate,XRP/USDT:USDT,3.142,237.0,3.1419,136.0,3.1421,600.0,3.1422,1121.0
1753769569868,06:12:49.868,gate,XRP/USDT:USDT,3.142,224.0,3.1419,66.0,3.1421,600.0,3.1422,1121.0
1753769569979,06:12:49.979,gate,XRP/USDT:USDT,3.142,224.0,3.1419,66.0,3.1421,600.0,3.1422,1121.0
1753769570071,06:12:50.071,gate,XRP/USDT:USDT,3.142,224.0,3.1419,66.0,3.1421,600.0,3.1422,1121.0
1753769570187,06:12:50.187,gate,XRP/USDT:USDT,3.142,224.0,3.1419,66.0,3.1421,600.0,3.1422,1121.0
1753769570197,06:12:50.197,gate,XRP/USDT:USDT,3.142,224.0,3.1419,66.0,3.1421,600.0,3.1422,1121.0
1753769570347,06:12:50.347,gate,XRP/USDT:USDT,3.142,224.0,3.1419,66.0,3.1421,600.0,3.1422,1121.0
1753769570475,06:12:50.475,gate,XRP/USDT:USDT,3.142,224.0,3.1419,66.0,3.1421,600.0,3.1422,1121.0
1753769570588,06:12:50.588,gate,XRP/USDT:USDT,3.142,224.0,3.1418,476.0,3.1421,600.0,3.1422,1121.0
1753769570668,06:12:50.668,gate,XRP/USDT:USDT,3.142,224.0,3.1418,476.0,3.1421,600.0,3.1422,1121.0
1753769570792,06:12:50.792,gate,XRP/USDT:USDT,3.142,224.0,3.1418,476.0,3.1421,600.0,3.1422,1121.0
1753769570831,06:12:50.831,gate,XRP/USDT:USDT,3.142,224.0,3.1418,476.0,3.1421,600.0,3.1422,1121.0
1753769571184,06:12:51.184,gate,XRP/USDT:USDT,3.142,224.0,3.1418,476.0,3.1421,630.0,3.1422,1151.0
1753769571217,06:12:51.217,gate,XRP/USDT:USDT,3.142,224.0,3.1418,476.0,3.1421,600.0,3.1422,1121.0
1753769571339,06:12:51.339,gate,XRP/USDT:USDT,3.142,224.0,3.1418,476.0,3.1421,600.0,3.1422,1121.0
1753769571487,06:12:51.487,gate,XRP/USDT:USDT,3.142,224.0,3.1418,476.0,3.1421,600.0,3.1422,1121.0
1753769571529,06:12:51.529,gate,XRP/USDT:USDT,3.142,224.0,3.1418,476.0,3.1421,600.0,3.1422,1121.0
1753769571668,06:12:51.668,gate,XRP/USDT:USDT,3.142,224.0,3.1418,476.0,3.1421,600.0,3.1422,1121.0
1753769571738,06:12:51.738,gate,XRP/USDT:USDT,3.142,224.0,3.1418,476.0,3.1421,600.0,3.1422,1121.0
1753769571887,06:12:51.887,gate,XRP/USDT:USDT,3.142,224.0,3.1418,476.0,3.1421,600.0,3.1422,1121.0
1753769572169,06:12:52.169,gate,XRP/USDT:USDT,3.142,224.0,3.1418,476.0,3.1421,600.0,3.1422,1121.0
1753769572291,06:12:52.291,gate,XRP/USDT:USDT,3.142,224.0,3.1418,476.0,3.1421,600.0,3.1422,1121.0
1753769572310,06:12:52.310,gate,XRP/USDT:USDT,3.142,224.0,3.1418,382.0,3.1421,600.0,3.1422,1121.0
1753769572493,06:12:52.493,gate,XRP/USDT:USDT,3.1421,51.0,3.142,756.0,3.1423,600.0,3.1424,291.0
1753769572593,06:12:52.593,gate,XRP/USDT:USDT,3.1422,224.0,3.1421,360.0,3.1423,240.0,3.1424,765.0
1753769572677,06:12:52.677,gate,XRP/USDT:USDT,3.1422,224.0,3.1421,19.0,3.1423,388.0,3.1424,765.0
1753769572723,06:12:52.723,gate,XRP/USDT:USDT,3.1422,224.0,3.1421,19.0,3.1423,388.0,3.1424,765.0
1753769572893,06:12:52.893,gate,XRP/USDT:USDT,3.1422,224.0,3.1421,19.0,3.1423,388.0,3.1424,765.0
1753769572949,06:12:52.949,gate,XRP/USDT:USDT,3.1422,224.0,3.1421,19.0,3.1423,388.0,3.1424,765.0
1753769573088,06:12:53.088,gate,XRP/USDT:USDT,3.1422,224.0,3.1421,19.0,3.1423,331.0,3.1424,765.0
1753769573171,06:12:53.171,gate,XRP/USDT:USDT,3.1422,224.0,3.1421,19.0,3.1423,331.0,3.1424,765.0
1753769573278,06:12:53.278,gate,XRP/USDT:USDT,3.1422,224.0,3.1421,19.0,3.1423,331.0,3.1424,765.0
1753769573311,06:12:53.311,gate,XRP/USDT:USDT,3.1422,224.0,3.1421,19.0,3.1423,331.0,3.1424,765.0
1753769573493,06:12:53.493,gate,XRP/USDT:USDT,3.1422,224.0,3.1421,19.0,3.1423,331.0,3.1424,765.0
1753769573576,06:12:53.576,gate,XRP/USDT:USDT,3.1422,224.0,3.1421,19.0,3.1423,331.0,3.1424,875.0
1753769573656,06:12:53.656,gate,XRP/USDT:USDT,3.1422,224.0,3.1421,19.0,3.1423,331.0,3.1424,875.0
1753769573763,06:12:53.763,gate,XRP/USDT:USDT,3.1422,224.0,3.1421,19.0,3.1423,331.0,3.1424,875.0
1753769573806,06:12:53.806,gate,XRP/USDT:USDT,3.1422,224.0,3.1421,19.0,3.1423,331.0,3.1424,875.0
1753769574046,06:12:54.046,gate,XRP/USDT:USDT,3.1422,224.0,3.1421,19.0,3.1423,331.0,3.1424,875.0
1753769574182,06:12:54.182,gate,XRP/USDT:USDT,3.1422,224.0,3.1421,19.0,3.1423,331.0,3.1424,875.0
1753769574242,06:12:54.242,gate,XRP/USDT:USDT,3.1422,224.0,3.1421,19.0,3.1423,331.0,3.1424,875.0
1753769574312,06:12:54.312,gate,XRP/USDT:USDT,3.1422,224.0,3.1421,19.0,3.1423,331.0,3.1424,875.0
1753769574523,06:12:54.523,gate,XRP/USDT:USDT,3.1422,224.0,3.1421,19.0,3.1423,331.0,3.1424,875.0
1753769574647,06:12:54.647,gate,XRP/USDT:USDT,3.1422,335.0,3.1421,19.0,3.1423,95.0,3.1424,875.0
1753769574727,06:12:54.727,gate,XRP/USDT:USDT,3.1422,335.0,3.1421,19.0,3.1423,95.0,3.1424,875.0
1753769574836,06:12:54.836,gate,XRP/USDT:USDT,3.1422,335.0,3.1421,19.0,3.1423,95.0,3.1424,875.0
1753769574985,06:12:54.985,gate,XRP/USDT:USDT,3.1422,335.0,3.1421,19.0,3.1423,95.0,3.1424,875.0
1753769575007,06:12:55.007,gate,XRP/USDT:USDT,3.1422,335.0,3.1421,19.0,3.1423,95.0,3.1424,875.0
1753769575111,06:12:55.111,gate,XRP/USDT:USDT,3.1422,335.0,3.1421,19.0,3.1423,95.0,3.1424,875.0
1753769575337,06:12:55.337,gate,XRP/USDT:USDT,3.1422,335.0,3.1421,19.0,3.1423,95.0,3.1424,875.0
1753769575478,06:12:55.478,gate,XRP/USDT:USDT,3.1422,335.0,3.1421,19.0,3.1423,95.0,3.1424,875.0
1753769575589,06:12:55.589,gate,XRP/USDT:USDT,3.1422,335.0,3.1421,19.0,3.1423,95.0,3.1424,875.0
1753769575665,06:12:55.665,gate,XRP/USDT:USDT,3.1422,335.0,3.1421,19.0,3.1423,95.0,3.1424,875.0
1753769575801,06:12:55.801,gate,XRP/USDT:USDT,3.1422,335.0,3.1421,19.0,3.1423,95.0,3.1424,875.0
1753769575919,06:12:55.919,gate,XRP/USDT:USDT,3.1422,335.0,3.1421,19.0,3.1423,95.0,3.1424,875.0
1753769576035,06:12:56.035,gate,XRP/USDT:USDT,3.1422,335.0,3.1421,19.0,3.1423,95.0,3.1424,875.0
1753769576100,06:12:56.100,gate,XRP/USDT:USDT,3.1422,335.0,3.1421,19.0,3.1423,95.0,3.1424,875.0
1753769576287,06:12:56.287,gate,XRP/USDT:USDT,3.1422,335.0,3.1421,19.0,3.1423,95.0,3.1424,875.0
1753769576450,06:12:56.450,gate,XRP/USDT:USDT,3.1422,335.0,3.1421,19.0,3.1423,95.0,3.1424,875.0
1753769576581,06:12:56.581,gate,XRP/USDT:USDT,3.1422,224.0,3.1421,19.0,3.1423,95.0,3.1424,875.0
1753769576603,06:12:56.603,gate,XRP/USDT:USDT,3.1422,224.0,3.1421,19.0,3.1423,95.0,3.1424,875.0
1753769576792,06:12:56.792,gate,XRP/USDT:USDT,3.1421,14.0,3.142,395.0,3.1423,210.0,3.1424,875.0
1753769576884,06:12:56.884,gate,XRP/USDT:USDT,3.142,225.0,3.1419,600.0,3.1421,76.0,3.1422,210.0
1753769576992,06:12:56.992,gate,XRP/USDT:USDT,3.142,225.0,3.1419,600.0,3.1421,76.0,3.1422,210.0
1753769577062,06:12:57.062,gate,XRP/USDT:USDT,3.142,225.0,3.1419,600.0,3.1421,76.0,3.1422,210.0
1753769577181,06:12:57.181,gate,XRP/USDT:USDT,3.142,569.0,3.1419,600.0,3.1421,6.0,3.1422,210.0
1753769577199,06:12:57.199,gate,XRP/USDT:USDT,3.142,569.0,3.1419,600.0,3.1421,6.0,3.1422,210.0
1753769577318,06:12:57.318,gate,XRP/USDT:USDT,3.142,569.0,3.1419,600.0,3.1421,6.0,3.1422,210.0
1753769577404,06:12:57.404,gate,XRP/USDT:USDT,3.142,569.0,3.1419,600.0,3.1421,6.0,3.1422,210.0
1753769577564,06:12:57.564,gate,XRP/USDT:USDT,3.142,569.0,3.1419,600.0,3.1421,6.0,3.1422,210.0
1753769577598,06:12:57.598,gate,XRP/USDT:USDT,3.142,569.0,3.1419,600.0,3.1421,6.0,3.1422,210.0
1753769577886,06:12:57.886,gate,XRP/USDT:USDT,3.1421,13.0,3.142,569.0,3.1422,140.0,3.1423,472.0
1753769577978,06:12:57.978,gate,XRP/USDT:USDT,3.1421,51.0,3.142,569.0,3.1422,208.0,3.1423,91.0
1753769578028,06:12:58.028,gate,XRP/USDT:USDT,3.1421,43.0,3.142,569.0,3.1422,159.0,3.1423,472.0
1753769578287,06:12:58.287,gate,XRP/USDT:USDT,3.1422,224.0,3.1421,295.0,3.1423,189.0,3.1424,832.0
1753769578370,06:12:58.370,gate,XRP/USDT:USDT,3.1422,224.0,3.1421,295.0,3.1423,112.0,3.1424,832.0
1753769578491,06:12:58.491,gate,XRP/USDT:USDT,3.1422,224.0,3.1421,295.0,3.1423,112.0,3.1424,832.0
1753769578589,06:12:58.589,gate,XRP/USDT:USDT,3.1422,224.0,3.1421,295.0,3.1423,112.0,3.1424,832.0
1753769578627,06:12:58.627,gate,XRP/USDT:USDT,3.1422,224.0,3.1421,295.0,3.1423,112.0,3.1424,832.0
1753769578740,06:12:58.740,gate,XRP/USDT:USDT,3.1422,224.0,3.1421,295.0,3.1423,112.0,3.1424,832.0
1753769578891,06:12:58.891,gate,XRP/USDT:USDT,3.1422,224.0,3.1421,600.0,3.1423,112.0,3.1424,832.0
1753769578897,06:12:58.897,gate,XRP/USDT:USDT,3.1422,224.0,3.1421,600.0,3.1423,112.0,3.1424,832.0
1753769579007,06:12:59.007,gate,XRP/USDT:USDT,3.1422,224.0,3.1421,600.0,3.1423,162.0,3.1424,832.0
1753769579192,06:12:59.192,gate,XRP/USDT:USDT,3.1422,224.0,3.1421,600.0,3.1423,89.0,3.1424,832.0
1753769579291,06:12:59.291,gate,XRP/USDT:USDT,3.1422,224.0,3.1421,600.0,3.1423,159.0,3.1424,832.0
1753769579389,06:12:59.389,gate,XRP/USDT:USDT,3.1422,393.0,3.1421,600.0,3.1423,6.0,3.1424,832.0
1753769579477,06:12:59.477,gate,XRP/USDT:USDT,3.1422,393.0,3.1421,600.0,3.1423,6.0,3.1424,832.0
1753769579593,06:12:59.593,gate,XRP/USDT:USDT,3.1422,393.0,3.1421,600.0,3.1423,6.0,3.1424,832.0
1753769579693,06:12:59.693,gate,XRP/USDT:USDT,3.1423,106.0,3.1422,854.0,3.1424,73.0,3.1425,568.0
1753769579786,06:12:59.786,gate,XRP/USDT:USDT,3.1423,473.0,3.1422,854.0,3.1425,263.0,3.1426,648.0
1753769579886,06:12:59.886,gate,XRP/USDT:USDT,3.1424,405.0,3.1423,630.0,3.1425,79.0,3.1426,424.0
1753769579962,06:12:59.962,gate,XRP/USDT:USDT,3.1424,405.0,3.1423,630.0,3.1425,79.0,3.1426,424.0
1753769580086,06:13:00.086,gate,XRP/USDT:USDT,3.1424,405.0,3.1423,670.0,3.1425,79.0,3.1426,424.0
1753769580187,06:13:00.187,gate,XRP/USDT:USDT,3.1424,375.0,3.1423,600.0,3.1425,79.0,3.1426,424.0
1753769580264,06:13:00.264,gate,XRP/USDT:USDT,3.1424,375.0,3.1423,600.0,3.1425,79.0,3.1426,424.0
1753769580367,06:13:00.367,gate,XRP/USDT:USDT,3.1424,375.0,3.1423,600.0,3.1425,79.0,3.1426,424.0
1753769580592,06:13:00.592,gate,XRP/USDT:USDT,3.1424,375.0,3.1423,600.0,3.1425,79.0,3.1426,424.0
1753769580600,06:13:00.600,gate,XRP/USDT:USDT,3.1424,375.0,3.1423,600.0,3.1425,79.0,3.1426,424.0
1753769580877,06:13:00.877,gate,XRP/USDT:USDT,3.1424,375.0,3.1423,600.0,3.1425,122.0,3.1426,424.0
1753769580950,06:13:00.950,gate,XRP/USDT:USDT,3.1424,375.0,3.1423,600.0,3.1425,122.0,3.1426,424.0
1753769581081,06:13:01.081,gate,XRP/USDT:USDT,3.1424,375.0,3.1423,600.0,3.1425,122.0,3.1426,163.0
1753769581180,06:13:01.180,gate,XRP/USDT:USDT,3.1424,375.0,3.1423,600.0,3.1425,79.0,3.1426,163.0
1753769581284,06:13:01.284,gate,XRP/USDT:USDT,3.1424,375.0,3.1423,600.0,3.1425,79.0,3.1426,240.0
1753769581393,06:13:01.393,gate,XRP/USDT:USDT,3.1424,224.0,3.1422,393.0,3.1425,194.0,3.1426,240.0
1753769581438,06:13:01.438,gate,XRP/USDT:USDT,3.1424,224.0,3.1422,224.0,3.1425,194.0,3.1426,240.0
1753769581562,06:13:01.562,gate,XRP/USDT:USDT,3.1424,224.0,3.1422,254.0,3.1425,103.0,3.1426,240.0
1753769581677,06:13:01.677,gate,XRP/USDT:USDT,3.1424,224.0,3.1422,254.0,3.1425,103.0,3.1426,240.0
1753769581738,06:13:01.738,gate,XRP/USDT:USDT,3.1424,224.0,3.1422,254.0,3.1425,132.0,3.1426,240.0
1753769581869,06:13:01.869,gate,XRP/USDT:USDT,3.1424,224.0,3.1422,254.0,3.1425,132.0,3.1426,240.0
1753769581993,06:13:01.993,gate,XRP/USDT:USDT,3.1424,224.0,3.1422,254.0,3.1425,132.0,3.1426,240.0
1753769582007,06:13:02.007,gate,XRP/USDT:USDT,3.1424,224.0,3.1422,254.0,3.1425,132.0,3.1426,240.0
1753769582117,06:13:02.117,gate,XRP/USDT:USDT,3.1424,224.0,3.1423,30.0,3.1425,132.0,3.1426,240.0
1753769582286,06:13:02.286,gate,XRP/USDT:USDT,3.1424,224.0,3.1423,630.0,3.1425,132.0,3.1426,240.0
1753769582384,06:13:02.384,gate,XRP/USDT:USDT,3.1424,224.0,3.1423,630.0,3.1425,132.0,3.1426,240.0
1753769582482,06:13:02.482,gate,XRP/USDT:USDT,3.1424,224.0,3.1423,30.0,3.1425,132.0,3.1426,240.0
1753769582513,06:13:02.513,gate,XRP/USDT:USDT,3.1424,224.0,3.1423,30.0,3.1425,132.0,3.1426,240.0
1753769582637,06:13:02.637,gate,XRP/USDT:USDT,3.1424,224.0,3.1423,30.0,3.1425,132.0,3.1426,240.0
1753769582745,06:13:02.745,gate,XRP/USDT:USDT,3.1424,224.0,3.1423,30.0,3.1425,132.0,3.1426,240.0
1753769582864,06:13:02.864,gate,XRP/USDT:USDT,3.1424,224.0,3.1423,30.0,3.1425,132.0,3.1426,240.0
1753769582950,06:13:02.950,gate,XRP/USDT:USDT,3.1424,224.0,3.1423,30.0,3.1425,132.0,3.1426,240.0
1753769583025,06:13:03.025,gate,XRP/USDT:USDT,3.1424,224.0,3.1423,30.0,3.1425,132.0,3.1426,240.0
1753769583174,06:13:03.174,gate,XRP/USDT:USDT,3.1424,224.0,3.1423,30.0,3.1425,149.0,3.1426,240.0
1753769583293,06:13:03.293,gate,XRP/USDT:USDT,3.1424,224.0,3.1423,30.0,3.1425,237.0,3.1426,240.0
1753769583318,06:13:03.318,gate,XRP/USDT:USDT,3.1424,224.0,3.1422,224.0,3.1425,237.0,3.1426,405.0
1753769583481,06:13:03.481,gate,XRP/USDT:USDT,3.1424,224.0,3.1422,224.0,3.1425,149.0,3.1426,405.0
1753769583498,06:13:03.498,gate,XRP/USDT:USDT,3.1424,224.0,3.1422,224.0,3.1425,149.0,3.1426,405.0
1753769583670,06:13:03.670,gate,XRP/USDT:USDT,3.1424,224.0,3.1422,224.0,3.1425,149.0,3.1426,405.0
1753769583762,06:13:03.762,gate,XRP/USDT:USDT,3.1424,224.0,3.1422,224.0,3.1425,237.0,3.1426,405.0
1753769583890,06:13:03.890,gate,XRP/USDT:USDT,3.142,303.0,3.1419,1024.0,3.1421,70.0,3.1422,94.0
1753769583979,06:13:03.979,gate,XRP/USDT:USDT,3.142,303.0,3.1419,1024.0,3.1421,70.0,3.1422,482.0
1753769584087,06:13:04.087,gate,XRP/USDT:USDT,3.142,303.0,3.1419,1024.0,3.1421,70.0,3.1422,482.0
1753769584193,06:13:04.193,gate,XRP/USDT:USDT,3.142,224.0,3.1419,600.0,3.1421,106.0,3.1422,482.0
1753769584229,06:13:04.229,gate,XRP/USDT:USDT,3.142,224.0,3.1419,600.0,3.1421,106.0,3.1422,482.0
1753769584383,06:13:04.383,gate,XRP/USDT:USDT,3.142,244.0,3.1419,600.0,3.1421,106.0,3.1422,482.0
1753769584484,06:13:04.484,gate,XRP/USDT:USDT,3.142,244.0,3.1419,600.0,3.1421,106.0,3.1422,482.0
1753769584510,06:13:04.510,gate,XRP/USDT:USDT,3.142,244.0,3.1419,600.0,3.1421,106.0,3.1422,482.0
1753769584677,06:13:04.677,gate,XRP/USDT:USDT,3.142,244.0,3.1419,360.0,3.1421,106.0,3.1422,482.0
1753769584793,06:13:04.793,gate,XRP/USDT:USDT,3.142,244.0,3.1419,360.0,3.1421,106.0,3.1422,482.0
1753769584880,06:13:04.880,gate,XRP/USDT:USDT,3.142,244.0,3.1419,360.0,3.1421,145.0,3.1422,360.0
1753769584970,06:13:04.970,gate,XRP/USDT:USDT,3.142,244.0,3.1419,360.0,3.1421,145.0,3.1422,360.0
1753769585022,06:13:05.022,gate,XRP/USDT:USDT,3.142,244.0,3.1419,360.0,3.1421,145.0,3.1422,360.0
1753769585166,06:13:05.166,gate,XRP/USDT:USDT,3.142,244.0,3.1419,360.0,3.1421,145.0,3.1422,360.0
1753769585256,06:13:05.256,gate,XRP/USDT:USDT,3.142,244.0,3.1419,360.0,3.1421,145.0,3.1422,360.0
1753769585376,06:13:05.376,gate,XRP/USDT:USDT,3.142,244.0,3.1419,360.0,3.1421,106.0,3.1422,360.0
1753769585489,06:13:05.489,gate,XRP/USDT:USDT,3.142,244.0,3.1419,360.0,3.1421,128.0,3.1422,290.0
1753769585593,06:13:05.593,gate,XRP/USDT:USDT,3.1421,73.0,3.142,418.0,3.1422,37.0,3.1423,734.0
1753769585689,06:13:05.689,gate,XRP/USDT:USDT,3.1422,531.0,3.1421,670.0,3.1423,133.0,3.1424,256.0
1753769585793,06:13:05.793,gate,XRP/USDT:USDT,3.1424,224.0,3.1423,42.0,3.1425,309.0,3.1426,1116.0
1753769585890,06:13:05.890,gate,XRP/USDT:USDT,3.1424,224.0,3.1423,12.0,3.1425,309.0,3.1426,1116.0
1753769586032,06:13:06.032,gate,XRP/USDT:USDT,3.1424,224.0,3.1423,12.0,3.1425,309.0,3.1426,1116.0
1753769586123,06:13:06.123,gate,XRP/USDT:USDT,3.1424,224.0,3.1423,12.0,3.1425,277.0,3.1426,1116.0
1753769586270,06:13:06.270,gate,XRP/USDT:USDT,3.1424,224.0,3.1423,12.0,3.1425,277.0,3.1426,1116.0
1753769586336,06:13:06.336,gate,XRP/USDT:USDT,3.1424,224.0,3.1423,12.0,3.1425,277.0,3.1426,1116.0
1753769586679,06:13:06.679,gate,XRP/USDT:USDT,3.1424,224.0,3.1423,12.0,3.1425,701.0,3.1426,899.0
1753769586717,06:13:06.717,gate,XRP/USDT:USDT,3.1424,224.0,3.1423,12.0,3.1425,701.0,3.1426,899.0
1753769586873,06:13:06.873,gate,XRP/USDT:USDT,3.1424,348.0,3.1423,12.0,3.1425,701.0,3.1426,433.0
1753769586949,06:13:06.949,gate,XRP/USDT:USDT,3.1424,227.0,3.1423,12.0,3.1425,701.0,3.1426,433.0
1753769587082,06:13:07.082,gate,XRP/USDT:USDT,3.1422,427.0,3.1421,276.0,3.1423,73.0,3.1424,232.0
1753769587193,06:13:07.193,gate,XRP/USDT:USDT,3.1422,224.0,3.1421,276.0,3.1423,70.0,3.1424,208.0
1753769587294,06:13:07.294,gate,XRP/USDT:USDT,3.1422,224.0,3.1421,36.0,3.1423,70.0,3.1424,208.0
1753769587392,06:13:07.392,gate,XRP/USDT:USDT,3.1422,224.0,3.1421,36.0,3.1423,94.0,3.1424,208.0
1753769587470,06:13:07.470,gate,XRP/USDT:USDT,3.1422,224.0,3.1421,36.0,3.1423,94.0,3.1424,208.0
1753769587563,06:13:07.563,gate,XRP/USDT:USDT,3.1422,224.0,3.1421,36.0,3.1423,94.0,3.1424,208.0
1753769587630,06:13:07.630,gate,XRP/USDT:USDT,3.1422,224.0,3.1421,36.0,3.1423,94.0,3.1424,208.0
1753769587781,06:13:07.781,gate,XRP/USDT:USDT,3.1422,224.0,3.1421,36.0,3.1423,70.0,3.1424,208.0
1753769587833,06:13:07.833,gate,XRP/USDT:USDT,3.1422,224.0,3.1421,36.0,3.1423,70.0,3.1424,208.0
1753769587911,06:13:07.911,gate,XRP/USDT:USDT,3.1422,224.0,3.1421,36.0,3.1423,70.0,3.1424,208.0
1753769588083,06:13:08.083,gate,XRP/USDT:USDT,3.1422,224.0,3.1421,36.0,3.1423,94.0,3.1424,208.0
1753769588126,06:13:08.126,gate,XRP/USDT:USDT,3.1422,224.0,3.1421,97.0,3.1423,94.0,3.1424,208.0
1753769588201,06:13:08.201,gate,XRP/USDT:USDT,3.1422,224.0,3.1421,97.0,3.1423,94.0,3.1424,208.0
1753769588521,06:13:08.521,gate,XRP/USDT:USDT,3.1422,224.0,3.1421,61.0,3.1423,94.0,3.1424,208.0
1753769588673,06:13:08.673,gate,XRP/USDT:USDT,3.1422,224.0,3.1421,61.0,3.1423,94.0,3.1424,208.0
1753769588782,06:13:08.782,gate,XRP/USDT:USDT,3.1422,224.0,3.1421,61.0,3.1423,94.0,3.1424,208.0
1753769588889,06:13:08.889,gate,XRP/USDT:USDT,3.1422,224.0,3.1421,91.0,3.1423,94.0,3.1424,208.0
1753769588949,06:13:08.949,gate,XRP/USDT:USDT,3.1422,224.0,3.1421,61.0,3.1423,94.0,3.1424,208.0
1753769589076,06:13:09.076,gate,XRP/USDT:USDT,3.1422,224.0,3.1421,61.0,3.1423,94.0,3.1424,208.0
1753769589194,06:13:09.194,gate,XRP/USDT:USDT,3.1422,224.0,3.1421,61.0,3.1423,147.0,3.1424,278.0
1753769589197,06:13:09.197,gate,XRP/USDT:USDT,3.1422,224.0,3.1421,61.0,3.1423,147.0,3.1424,278.0
1753769589355,06:13:09.355,gate,XRP/USDT:USDT,3.1422,224.0,3.1421,61.0,3.1423,147.0,3.1424,278.0
1753769589554,06:13:09.554,gate,XRP/USDT:USDT,3.1422,224.0,3.1421,61.0,3.1423,147.0,3.1424,278.0
1753769589643,06:13:09.643,gate,XRP/USDT:USDT,3.1422,224.0,3.1421,61.0,3.1423,147.0,3.1424,308.0
1753769589712,06:13:09.712,gate,XRP/USDT:USDT,3.1422,224.0,3.1421,61.0,3.1423,147.0,3.1424,308.0
1753769589833,06:13:09.833,gate,XRP/USDT:USDT,3.1422,224.0,3.1421,61.0,3.1423,147.0,3.1424,308.0
1753769590084,06:13:10.084,gate,XRP/USDT:USDT,3.1422,224.0,3.1421,61.0,3.1423,147.0,3.1424,308.0
1753769590168,06:13:10.168,gate,XRP/USDT:USDT,3.1422,224.0,3.1421,61.0,3.1423,147.0,3.1424,308.0
1753769590263,06:13:10.263,gate,XRP/USDT:USDT,3.1422,224.0,3.1421,61.0,3.1423,147.0,3.1424,308.0
1753769590392,06:13:10.392,gate,XRP/USDT:USDT,3.1422,224.0,3.1421,61.0,3.1423,147.0,3.1424,238.0
1753769590493,06:13:10.493,gate,XRP/USDT:USDT,3.1422,390.0,3.1421,301.0,3.1423,123.0,3.1424,208.0
1753769590579,06:13:10.579,gate,XRP/USDT:USDT,3.1422,390.0,3.1421,661.0,3.1423,160.0,3.1424,208.0
1753769590653,06:13:10.653,gate,XRP/USDT:USDT,3.1422,390.0,3.1421,661.0,3.1423,160.0,3.1424,208.0
1753769590766,06:13:10.766,gate,XRP/USDT:USDT,3.1422,390.0,3.1421,661.0,3.1423,160.0,3.1424,208.0
1753769590875,06:13:10.875,gate,XRP/USDT:USDT,3.1422,390.0,3.1421,661.0,3.1423,70.0,3.1424,208.0
1753769591093,06:13:11.093,gate,XRP/USDT:USDT,3.1422,224.0,3.1421,600.0,3.1423,113.0,3.1424,278.0
1753769591114,06:13:11.114,gate,XRP/USDT:USDT,3.1422,224.0,3.1421,600.0,3.1423,113.0,3.1424,278.0
1753769591293,06:13:11.293,gate,XRP/USDT:USDT,3.142,224.0,3.1418,1494.0,3.1421,73.0,3.1422,24.0
1753769591386,06:13:11.386,gate,XRP/USDT:USDT,3.142,224.0,3.1418,382.0,3.1421,143.0,3.1422,277.0
1753769591472,06:13:11.472,gate,XRP/USDT:USDT,3.142,224.0,3.1418,382.0,3.1421,158.0,3.1422,277.0
1753769591590,06:13:11.590,gate,XRP/USDT:USDT,3.142,224.0,3.1418,382.0,3.1421,158.0,3.1422,277.0
1753769591659,06:13:11.659,gate,XRP/USDT:USDT,3.142,224.0,3.1418,382.0,3.1421,158.0,3.1422,277.0
1753769591794,06:13:11.794,gate,XRP/USDT:USDT,3.142,224.0,3.1418,382.0,3.1421,158.0,3.1422,277.0
1753769591890,06:13:11.890,gate,XRP/USDT:USDT,3.142,224.0,3.1418,382.0,3.1421,158.0,3.1422,277.0
1753769591960,06:13:11.960,gate,XRP/USDT:USDT,3.142,224.0,3.1418,385.0,3.1421,158.0,3.1422,277.0
1753769592087,06:13:12.087,gate,XRP/USDT:USDT,3.142,224.0,3.1418,385.0,3.1421,158.0,3.1422,277.0
1753769592115,06:13:12.115,gate,XRP/USDT:USDT,3.142,224.0,3.1418,385.0,3.1421,158.0,3.1422,277.0
1753769592278,06:13:12.278,gate,XRP/USDT:USDT,3.142,224.0,3.1419,79.0,3.1421,70.0,3.1422,228.0
1753769592351,06:13:12.351,gate,XRP/USDT:USDT,3.142,224.0,3.1419,79.0,3.1421,111.0,3.1422,228.0
1753769592449,06:13:12.449,gate,XRP/USDT:USDT,3.142,224.0,3.1419,79.0,3.1421,111.0,3.1422,228.0
1753769593018,06:13:13.018,gate,XRP/USDT:USDT,3.142,224.0,3.1419,79.0,3.1421,111.0,3.1422,228.0
1753769593100,06:13:13.100,gate,XRP/USDT:USDT,3.142,224.0,3.1419,79.0,3.1421,111.0,3.1422,228.0
1753769593239,06:13:13.239,gate,XRP/USDT:USDT,3.142,224.0,3.1419,79.0,3.1421,202.0,3.1422,228.0
1753769593393,06:13:13.393,gate,XRP/USDT:USDT,3.1419,79.0,3.1418,239.0,3.1421,202.0,3.1422,379.0
1753769593492,06:13:13.492,gate,XRP/USDT:USDT,3.1418,3.0,3.1416,290.0,3.1419,357.0,3.142,994.0
1753769593592,06:13:13.592,gate,XRP/USDT:USDT,3.1412,236.0,3.141,236.0,3.1413,232.0,3.1414,510.0
1753769593680,06:13:13.680,gate,XRP/USDT:USDT,3.1412,384.0,3.141,236.0,3.1413,232.0,3.1414,510.0
1753769593782,06:13:13.782,gate,XRP/USDT:USDT,3.1412,236.0,3.141,236.0,3.1413,253.0,3.1414,54.0
1753769593891,06:13:13.891,gate,XRP/USDT:USDT,3.1412,236.0,3.141,236.0,3.1413,70.0,3.1414,24.0
1753769593988,06:13:13.988,gate,XRP/USDT:USDT,3.1412,236.0,3.141,236.0,3.1413,70.0,3.1414,24.0
1753769594091,06:13:14.091,gate,XRP/USDT:USDT,3.141,236.0,3.1408,292.0,3.1411,227.0,3.1412,206.0
1753769594177,06:13:14.177,gate,XRP/USDT:USDT,3.1412,213.0,3.1411,45.0,3.1413,60.0,3.1414,234.0
1753769594293,06:13:14.293,gate,XRP/USDT:USDT,3.1412,213.0,3.1411,45.0,3.1413,151.0,3.1414,234.0
1753769594385,06:13:14.385,gate,XRP/USDT:USDT,3.1412,213.0,3.1411,45.0,3.1413,95.0,3.1414,234.0
1753769594467,06:13:14.467,gate,XRP/USDT:USDT,3.1412,213.0,3.1411,45.0,3.1413,60.0,3.1414,264.0
1753769594586,06:13:14.586,gate,XRP/USDT:USDT,3.1412,213.0,3.141,530.0,3.1413,173.0,3.1414,264.0
1753769594690,06:13:14.690,gate,XRP/USDT:USDT,3.141,384.0,3.1408,292.0,3.1411,143.0,3.1412,70.0
1753769594791,06:13:14.791,gate,XRP/USDT:USDT,3.141,236.0,3.1408,292.0,3.1411,108.0,3.1412,264.0
1753769594885,06:13:14.885,gate,XRP/USDT:USDT,3.141,236.0,3.1408,292.0,3.1411,235.0,3.1412,264.0
1753769594928,06:13:14.928,gate,XRP/USDT:USDT,3.141,236.0,3.1408,292.0,3.1411,235.0,3.1412,264.0
1753769595023,06:13:15.023,gate,XRP/USDT:USDT,3.141,236.0,3.1408,292.0,3.1411,235.0,3.1412,264.0
1753769595192,06:13:15.192,gate,XRP/USDT:USDT,3.141,236.0,3.1408,292.0,3.1411,144.0,3.1412,264.0
1753769595273,06:13:15.273,gate,XRP/USDT:USDT,3.141,236.0,3.1408,292.0,3.1411,108.0,3.1412,264.0
1753769595393,06:13:15.393,gate,XRP/USDT:USDT,3.1408,56.0,3.1406,315.0,3.1409,336.0,3.141,522.0
1753769595484,06:13:15.484,gate,XRP/USDT:USDT,3.1408,56.0,3.1406,236.0,3.1409,245.0,3.141,522.0
1753769595576,06:13:15.576,gate,XRP/USDT:USDT,3.1408,1.0,3.1406,236.0,3.1409,245.0,3.141,522.0
1753769595679,06:13:15.679,gate,XRP/USDT:USDT,3.1408,1.0,3.1406,236.0,3.1409,245.0,3.141,522.0
1753769595763,06:13:15.763,gate,XRP/USDT:USDT,3.1408,1.0,3.1406,236.0,3.1409,245.0,3.141,522.0
1753769595867,06:13:15.867,gate,XRP/USDT:USDT,3.1408,1.0,3.1406,236.0,3.1409,336.0,3.141,522.0
1753769595916,06:13:15.916,gate,XRP/USDT:USDT,3.1408,1.0,3.1406,236.0,3.1409,381.0,3.141,522.0
1753769596047,06:13:16.047,gate,XRP/USDT:USDT,3.1408,1.0,3.1406,236.0,3.1409,381.0,3.141,522.0
1753769596187,06:13:16.187,gate,XRP/USDT:USDT,3.1408,1.0,3.1406,236.0,3.1409,381.0,3.141,522.0
1753769596268,06:13:16.268,gate,XRP/USDT:USDT,3.1408,1.0,3.1406,236.0,3.1409,381.0,3.141,522.0
1753769596306,06:13:16.306,gate,XRP/USDT:USDT,3.1408,1.0,3.1406,236.0,3.1409,381.0,3.141,522.0
1753769596431,06:13:16.431,gate,XRP/USDT:USDT,3.1408,1.0,3.1406,236.0,3.1409,381.0,3.141,522.0
1753769596830,06:13:16.830,gate,XRP/USDT:USDT,3.1408,1.0,3.1406,236.0,3.1409,381.0,3.141,522.0
1753769596949,06:13:16.949,gate,XRP/USDT:USDT,3.1408,1.0,3.1406,236.0,3.1409,290.0,3.141,522.0
1753769597084,06:13:17.084,gate,XRP/USDT:USDT,3.1408,1.0,3.1406,236.0,3.1409,381.0,3.141,522.0
1753769597251,06:13:17.251,gate,XRP/USDT:USDT,3.1408,1.0,3.1406,236.0,3.1409,381.0,3.141,522.0
1753769597373,06:13:17.373,gate,XRP/USDT:USDT,3.1408,1.0,3.1406,236.0,3.1409,381.0,3.141,522.0
1753769597485,06:13:17.485,gate,XRP/USDT:USDT,3.1408,1.0,3.1406,236.0,3.1409,381.0,3.141,522.0
1753769597577,06:13:17.577,gate,XRP/USDT:USDT,3.1408,1.0,3.1406,236.0,3.1409,381.0,3.141,522.0
1753769597597,06:13:17.597,gate,XRP/USDT:USDT,3.1408,1.0,3.1406,236.0,3.1409,381.0,3.141,522.0
1753769597863,06:13:17.863,gate,XRP/USDT:USDT,3.1408,1.0,3.1406,236.0,3.1409,381.0,3.141,522.0
1753769597944,06:13:17.944,gate,XRP/USDT:USDT,3.1408,1.0,3.1406,236.0,3.1409,381.0,3.141,522.0
1753769598007,06:13:18.007,gate,XRP/USDT:USDT,3.1408,1.0,3.1406,236.0,3.1409,381.0,3.141,522.0
1753769598120,06:13:18.120,gate,XRP/USDT:USDT,3.1408,1.0,3.1406,236.0,3.1409,381.0,3.141,522.0
1753769598223,06:13:18.223,gate,XRP/USDT:USDT,3.1408,1.0,3.1406,236.0,3.1409,381.0,3.141,522.0
1753769598370,06:13:18.370,gate,XRP/USDT:USDT,3.1408,1.0,3.1406,236.0,3.1409,381.0,3.141,522.0
1753769598493,06:13:18.493,gate,XRP/USDT:USDT,3.1404,236.0,3.1402,637.0,3.1405,248.0,3.1406,846.0
1753769598594,06:13:18.594,gate,XRP/USDT:USDT,3.1404,236.0,3.1402,213.0,3.1405,248.0,3.1406,876.0
1753769598693,06:13:18.693,gate,XRP/USDT:USDT,3.1402,213.0,3.14,213.0,3.1403,161.0,3.1404,469.0
1753769598786,06:13:18.786,gate,XRP/USDT:USDT,3.1402,213.0,3.14,213.0,3.1403,183.0,3.1404,561.0
1753769598884,06:13:18.884,gate,XRP/USDT:USDT,3.1402,213.0,3.14,213.0,3.1403,161.0,3.1404,561.0
1753769598950,06:13:18.950,gate,XRP/USDT:USDT,3.1402,213.0,3.14,213.0,3.1403,161.0,3.1404,985.0
1753769599052,06:13:19.052,gate,XRP/USDT:USDT,3.1402,213.0,3.14,213.0,3.1403,161.0,3.1404,985.0
1753769599183,06:13:19.183,gate,XRP/USDT:USDT,3.1402,213.0,3.14,213.0,3.1403,70.0,3.1404,985.0
1753769599290,06:13:19.290,gate,XRP/USDT:USDT,3.1402,378.0,3.14,213.0,3.1403,105.0,3.1404,961.0
1753769599387,06:13:19.387,gate,XRP/USDT:USDT,3.1402,378.0,3.14,213.0,3.1403,105.0,3.1404,961.0
1753769599485,06:13:19.485,gate,XRP/USDT:USDT,3.1402,378.0,3.14,213.0,3.1403,105.0,3.1404,869.0
1753769599577,06:13:19.577,gate,XRP/USDT:USDT,3.1402,378.0,3.14,213.0,3.1403,105.0,3.1404,869.0
1753769599690,06:13:19.690,gate,XRP/USDT:USDT,3.1402,378.0,3.14,213.0,3.1403,176.0,3.1404,869.0
1753769599789,06:13:19.789,gate,XRP/USDT:USDT,3.1402,213.0,3.14,213.0,3.1403,218.0,3.1404,869.0
1753769599851,06:13:19.851,gate,XRP/USDT:USDT,3.1402,213.0,3.14,213.0,3.1403,196.0,3.1404,869.0
1753769599980,06:13:19.980,gate,XRP/USDT:USDT,3.1402,213.0,3.14,213.0,3.1403,196.0,3.1404,869.0
1753769600037,06:13:20.037,gate,XRP/USDT:USDT,3.1402,213.0,3.14,213.0,3.1403,196.0,3.1404,869.0
1753769600159,06:13:20.159,gate,XRP/USDT:USDT,3.1402,213.0,3.14,213.0,3.1403,196.0,3.1404,869.0
1753769600196,06:13:20.196,gate,XRP/USDT:USDT,3.1402,213.0,3.14,213.0,3.1403,230.0,3.1404,869.0
1753769600512,06:13:20.512,gate,XRP/USDT:USDT,3.1402,213.0,3.14,213.0,3.1403,230.0,3.1404,869.0
1753769600692,06:13:20.692,gate,XRP/USDT:USDT,3.14,213.0,3.1398,213.0,3.1401,304.0,3.1402,324.0
1753769600793,06:13:20.793,gate,XRP/USDT:USDT,3.1411,284.0,3.141,365.0,3.1412,213.0,3.1413,167.0
1753769600892,06:13:20.892,gate,XRP/USDT:USDT,3.1408,594.0,3.1407,190.0,3.1409,100.0,3.1411,322.0
1753769600990,06:13:20.990,gate,XRP/USDT:USDT,3.1408,594.0,3.1407,190.0,3.1409,70.0,3.1411,292.0
1753769601059,06:13:21.059,gate,XRP/USDT:USDT,3.1408,594.0,3.1407,190.0,3.1409,70.0,3.141,424.0
1753769601152,06:13:21.152,gate,XRP/USDT:USDT,3.1408,616.0,3.1407,190.0,3.1409,70.0,3.141,424.0
1753769601237,06:13:21.237,gate,XRP/USDT:USDT,3.1408,616.0,3.1407,190.0,3.1409,70.0,3.141,424.0
1753769601297,06:13:21.297,gate,XRP/USDT:USDT,3.1408,616.0,3.1407,190.0,3.1409,70.0,3.141,424.0
1753769601434,06:13:21.434,gate,XRP/USDT:USDT,3.1408,616.0,3.1407,190.0,3.1409,89.0,3.141,424.0
1753769601758,06:13:21.758,gate,XRP/USDT:USDT,3.1408,616.0,3.1407,190.0,3.1409,89.0,3.141,424.0
1753769601861,06:13:21.861,gate,XRP/USDT:USDT,3.1408,616.0,3.1407,190.0,3.1409,89.0,3.141,424.0
1753769601946,06:13:21.946,gate,XRP/USDT:USDT,3.1408,616.0,3.1407,190.0,3.1409,89.0,3.141,424.0
1753769602093,06:13:22.093,gate,XRP/USDT:USDT,3.1408,256.0,3.1406,235.0,3.1409,144.0,3.141,424.0
1753769602140,06:13:22.140,gate,XRP/USDT:USDT,3.1408,256.0,3.1406,235.0,3.1409,144.0,3.141,424.0
1753769602260,06:13:22.260,gate,XRP/USDT:USDT,3.1408,256.0,3.1406,235.0,3.1409,104.0,3.141,424.0
1753769602351,06:13:22.351,gate,XRP/USDT:USDT,3.1408,234.0,3.1406,235.0,3.1409,104.0,3.141,424.0
1753769602447,06:13:22.447,gate,XRP/USDT:USDT,3.1408,234.0,3.1406,235.0,3.1409,104.0,3.141,424.0
1753769602818,06:13:22.818,gate,XRP/USDT:USDT,3.1408,234.0,3.1406,235.0,3.1409,104.0,3.141,424.0
1753769602993,06:13:22.993,gate,XRP/USDT:USDT,3.1408,323.0,3.1407,660.0,3.1409,89.0,3.141,680.0
1753769603093,06:13:23.093,gate,XRP/USDT:USDT,3.1408,345.0,3.1407,690.0,3.1409,89.0,3.141,424.0
1753769603186,06:13:23.186,gate,XRP/USDT:USDT,3.1408,375.0,3.1407,690.0,3.1409,19.0,3.141,424.0
1753769603282,06:13:23.282,gate,XRP/USDT:USDT,3.1408,375.0,3.1407,690.0,3.1409,19.0,3.141,424.0
1753769603315,06:13:23.315,gate,XRP/USDT:USDT,3.1408,375.0,3.1407,690.0,3.1409,19.0,3.141,424.0
1753769603396,06:13:23.396,gate,XRP/USDT:USDT,3.1408,375.0,3.1407,690.0,3.1409,19.0,3.141,424.0
1753769603593,06:13:23.593,gate,XRP/USDT:USDT,3.1413,143.0,3.1412,568.0,3.1414,213.0,3.1415,174.0
1753769603643,06:13:23.643,gate,XRP/USDT:USDT,3.1413,143.0,3.1412,568.0,3.1414,213.0,3.1415,158.0
1753769603784,06:13:23.784,gate,XRP/USDT:USDT,3.1411,91.0,3.141,213.0,3.1412,317.0,3.1413,702.0
1753769603877,06:13:23.877,gate,XRP/USDT:USDT,3.1411,91.0,3.141,213.0,3.1412,317.0,3.1413,702.0
1753769603968,06:13:23.968,gate,XRP/USDT:USDT,3.1411,91.0,3.141,213.0,3.1412,317.0,3.1413,702.0
1753769604017,06:13:24.017,gate,XRP/USDT:USDT,3.1411,91.0,3.141,213.0,3.1412,305.0,3.1413,678.0
1753769604161,06:13:24.161,gate,XRP/USDT:USDT,3.1411,21.0,3.141,213.0,3.1412,305.0,3.1413,678.0
1753769604284,06:13:24.284,gate,XRP/USDT:USDT,3.1411,21.0,3.141,213.0,3.1412,305.0,3.1413,678.0
1753769604363,06:13:24.363,gate,XRP/USDT:USDT,3.1411,21.0,3.141,213.0,3.1412,305.0,3.1413,678.0
1753769604456,06:13:24.456,gate,XRP/USDT:USDT,3.1411,21.0,3.141,213.0,3.1412,305.0,3.1413,678.0
1753769604532,06:13:24.532,gate,XRP/USDT:USDT,3.1411,21.0,3.141,213.0,3.1412,305.0,3.1413,678.0
1753769604689,06:13:24.689,gate,XRP/USDT:USDT,3.141,234.0,3.1409,188.0,3.1411,12.0,3.1412,213.0
1753769604783,06:13:24.783,gate,XRP/USDT:USDT,3.141,234.0,3.1409,188.0,3.1411,70.0,3.1412,213.0
1753769604882,06:13:24.882,gate,XRP/USDT:USDT,3.141,234.0,3.1409,360.0,3.1411,70.0,3.1412,213.0
1753769604896,06:13:24.896,gate,XRP/USDT:USDT,3.141,234.0,3.1409,360.0,3.1411,70.0,3.1412,213.0
1753769605058,06:13:25.058,gate,XRP/USDT:USDT,3.141,234.0,3.1409,360.0,3.1411,70.0,3.1412,213.0
1753769605285,06:13:25.285,gate,XRP/USDT:USDT,3.141,234.0,3.1409,360.0,3.1411,70.0,3.1412,213.0
1753769605393,06:13:25.393,gate,XRP/USDT:USDT,3.141,234.0,3.1409,360.0,3.1411,70.0,3.1412,213.0
1753769605488,06:13:25.488,gate,XRP/USDT:USDT,3.1413,143.0,3.1412,94.0,3.1414,682.0,3.1415,921.0
1753769605580,06:13:25.580,gate,XRP/USDT:USDT,3.1413,90.0,3.1412,94.0,3.1414,682.0,3.1415,921.0
1753769605635,06:13:25.635,gate,XRP/USDT:USDT,3.1413,90.0,3.1412,94.0,3.1414,682.0,3.1415,921.0
1753769605787,06:13:25.787,gate,XRP/USDT:USDT,3.1413,90.0,3.1412,70.0,3.1414,682.0,3.1415,921.0
1753769605868,06:13:25.868,gate,XRP/USDT:USDT,3.1413,90.0,3.1412,70.0,3.1414,682.0,3.1415,921.0
1753769605898,06:13:25.898,gate,XRP/USDT:USDT,3.1413,90.0,3.1412,70.0,3.1414,682.0,3.1415,921.0
1753769606009,06:13:26.009,gate,XRP/USDT:USDT,3.1413,90.0,3.1412,70.0,3.1414,682.0,3.1415,921.0
1753769606248,06:13:26.248,gate,XRP/USDT:USDT,3.1413,90.0,3.1412,70.0,3.1414,682.0,3.1415,921.0
1753769606326,06:13:26.326,gate,XRP/USDT:USDT,3.1413,90.0,3.1412,70.0,3.1414,637.0,3.1415,921.0
1753769606493,06:13:26.493,gate,XRP/USDT:USDT,3.1413,255.0,3.1412,340.0,3.1415,921.0,3.1416,813.0
1753769606593,06:13:26.593,gate,XRP/USDT:USDT,3.1415,94.0,3.1414,277.0,3.1416,637.0,3.1417,1051.0
1753769606692,06:13:26.692,gate,XRP/USDT:USDT,3.1414,298.0,3.1413,600.0,3.1415,35.0,3.1416,699.0
1753769606794,06:13:26.794,gate,XRP/USDT:USDT,3.1414,366.0,3.1413,600.0,3.1418,613.0,3.1419,590.0
1753769606879,06:13:26.879,gate,XRP/USDT:USDT,3.1417,256.0,3.1416,600.0,3.1418,271.0,3.1419,554.0
1753769606981,06:13:26.981,gate,XRP/USDT:USDT,3.1417,371.0,3.1416,600.0,3.1418,683.0,3.1419,314.0
1753769607091,06:13:27.091,gate,XRP/USDT:USDT,3.1417,41.0,3.1416,360.0,3.1418,648.0,3.1419,314.0
1753769607193,06:13:27.193,gate,XRP/USDT:USDT,3.1417,20.0,3.1416,360.0,3.1418,648.0,3.1419,314.0
1753769607267,06:13:27.267,gate,XRP/USDT:USDT,3.1417,20.0,3.1416,360.0,3.1418,648.0,3.1419,314.0
1753769607393,06:13:27.393,gate,XRP/USDT:USDT,3.1417,20.0,3.1416,360.0,3.1418,648.0,3.1419,314.0
1753769607468,06:13:27.468,gate,XRP/USDT:USDT,3.1417,20.0,3.1416,360.0,3.1418,648.0,3.1419,314.0
1753769607557,06:13:27.557,gate,XRP/USDT:USDT,3.1417,44.0,3.1416,360.0,3.1418,648.0,3.1419,314.0
1753769607685,06:13:27.685,gate,XRP/USDT:USDT,3.1417,20.0,3.1416,360.0,3.1418,648.0,3.1419,314.0
1753769607984,06:13:27.984,gate,XRP/USDT:USDT,3.1417,20.0,3.1416,360.0,3.1418,648.0,3.1419,314.0
1753769608009,06:13:28.009,gate,XRP/USDT:USDT,3.1417,20.0,3.1416,360.0,3.1418,648.0,3.1419,314.0
1753769608483,06:13:28.483,gate,XRP/USDT:USDT,3.1417,20.0,3.1416,360.0,3.1418,648.0,3.1419,314.0
1753769608589,06:13:28.589,gate,XRP/USDT:USDT,3.1417,20.0,3.1416,360.0,3.1418,648.0,3.1419,314.0
1753769608692,06:13:28.692,gate,XRP/USDT:USDT,3.1417,20.0,3.1416,360.0,3.1418,648.0,3.1419,314.0
1753769608777,06:13:28.777,gate,XRP/USDT:USDT,3.1417,20.0,3.1415,420.0,3.1418,648.0,3.1419,478.0
1753769608891,06:13:28.891,gate,XRP/USDT:USDT,3.1415,441.0,3.1414,646.0,3.1416,135.0,3.1417,458.0
1753769608944,06:13:28.944,gate,XRP/USDT:USDT,3.1415,441.0,3.1414,646.0,3.1416,135.0,3.1417,458.0
1753769609069,06:13:29.069,gate,XRP/USDT:USDT,3.1415,441.0,3.1414,646.0,3.1416,135.0,3.1417,458.0
1753769609139,06:13:29.139,gate,XRP/USDT:USDT,3.1415,441.0,3.1414,646.0,3.1416,135.0,3.1417,458.0
1753769609267,06:13:29.267,gate,XRP/USDT:USDT,3.1415,441.0,3.1414,646.0,3.1416,135.0,3.1417,458.0
1753769609317,06:13:29.317,gate,XRP/USDT:USDT,3.1415,441.0,3.1414,646.0,3.1416,135.0,3.1417,458.0
1753769609488,06:13:29.488,gate,XRP/USDT:USDT,3.1415,441.0,3.1414,646.0,3.1416,135.0,3.1417,458.0
1753769609669,06:13:29.669,gate,XRP/USDT:USDT,3.1415,441.0,3.1414,646.0,3.1416,135.0,3.1417,458.0
1753769609739,06:13:29.739,gate,XRP/USDT:USDT,3.1415,441.0,3.1414,646.0,3.1416,135.0,3.1417,458.0
1753769609806,06:13:29.806,gate,XRP/USDT:USDT,3.1415,441.0,3.1414,646.0,3.1416,135.0,3.1417,458.0
1753769609989,06:13:29.989,gate,XRP/USDT:USDT,3.1415,441.0,3.1414,646.0,3.1416,135.0,3.1417,458.0
1753769610069,06:13:30.069,gate,XRP/USDT:USDT,3.1415,441.0,3.1414,646.0,3.1416,135.0,3.1417,458.0
1753769610182,06:13:30.182,gate,XRP/USDT:USDT,3.1415,441.0,3.1414,646.0,3.1416,135.0,3.1417,458.0
1753769610278,06:13:30.278,gate,XRP/USDT:USDT,3.1415,441.0,3.1414,646.0,3.1416,135.0,3.1417,331.0
1753769610355,06:13:30.355,gate,XRP/USDT:USDT,3.1415,441.0,3.1414,646.0,3.1416,559.0,3.1417,331.0
1753769610593,06:13:30.593,gate,XRP/USDT:USDT,3.1415,441.0,3.1414,646.0,3.1416,553.0,3.1418,224.0
1753769610605,06:13:30.605,gate,XRP/USDT:USDT,3.1415,441.0,3.1414,813.0,3.1416,494.0,3.1418,224.0
1753769610762,06:13:30.762,gate,XRP/USDT:USDT,3.1415,471.0,3.1414,1267.0,3.1416,424.0,3.1418,224.0
1753769610876,06:13:30.876,gate,XRP/USDT:USDT,3.1415,471.0,3.1414,1237.0,3.1416,424.0,3.1418,224.0
1753769610986,06:13:30.986,gate,XRP/USDT:USDT,3.1415,471.0,3.1414,1237.0,3.1416,424.0,3.1418,224.0
1753769611058,06:13:31.058,gate,XRP/USDT:USDT,3.1415,441.0,3.1414,1237.0,3.1416,424.0,3.1418,224.0
1753769611193,06:13:31.193,gate,XRP/USDT:USDT,3.1415,441.0,3.1414,1267.0,3.1416,424.0,3.1418,224.0
1753769611268,06:13:31.268,gate,XRP/USDT:USDT,3.1415,441.0,3.1414,1267.0,3.1416,424.0,3.1418,224.0
1753769611491,06:13:31.491,gate,XRP/USDT:USDT,3.1415,441.0,3.1414,1267.0,3.1416,424.0,3.1418,224.0
1753769611577,06:13:31.577,gate,XRP/USDT:USDT,3.1415,441.0,3.1414,1267.0,3.1416,424.0,3.1418,224.0
1753769611681,06:13:31.681,gate,XRP/USDT:USDT,3.1415,471.0,3.1414,1267.0,3.1416,424.0,3.1418,224.0
1753769611697,06:13:31.697,gate,XRP/USDT:USDT,3.1415,471.0,3.1414,1267.0,3.1416,424.0,3.1418,224.0
1753769611801,06:13:31.801,gate,XRP/USDT:USDT,3.1415,471.0,3.1414,1267.0,3.1416,424.0,3.1418,224.0
1753769611993,06:13:31.993,gate,XRP/USDT:USDT,3.1417,30.0,3.1416,389.0,3.1418,648.0,3.1419,415.0
1753769612069,06:13:32.069,gate,XRP/USDT:USDT,3.1416,389.0,3.1415,660.0,3.1417,147.0,3.1418,648.0
1753769612185,06:13:32.185,gate,XRP/USDT:USDT,3.1416,389.0,3.1415,660.0,3.1417,147.0,3.1418,648.0
1753769612217,06:13:32.217,gate,XRP/USDT:USDT,3.1416,389.0,3.1415,660.0,3.1417,147.0,3.1418,648.0
1753769612322,06:13:32.322,gate,XRP/USDT:USDT,3.1416,389.0,3.1415,660.0,3.1417,147.0,3.1418,648.0
1753769612468,06:13:32.468,gate,XRP/USDT:USDT,3.1416,389.0,3.1415,660.0,3.1417,147.0,3.1418,648.0
1753769612686,06:13:32.686,gate,XRP/USDT:USDT,3.1416,234.0,3.1415,660.0,3.1417,147.0,3.1418,648.0
1753769612888,06:13:32.888,gate,XRP/USDT:USDT,3.1416,234.0,3.1415,660.0,3.1417,147.0,3.1418,648.0
1753769613005,06:13:33.005,gate,XRP/USDT:USDT,3.1416,234.0,3.1415,660.0,3.1417,147.0,3.1418,648.0
1753769613284,06:13:33.284,gate,XRP/USDT:USDT,3.1416,234.0,3.1415,660.0,3.1417,147.0,3.1418,648.0
1753769613347,06:13:33.347,gate,XRP/USDT:USDT,3.1416,234.0,3.1415,660.0,3.1417,135.0,3.1418,648.0
1753769613477,06:13:33.477,gate,XRP/USDT:USDT,3.1416,234.0,3.1415,660.0,3.1417,135.0,3.1418,648.0
1753769613577,06:13:33.577,gate,XRP/USDT:USDT,3.1416,234.0,3.1415,660.0,3.1417,135.0,3.1418,648.0
1753769613893,06:13:33.893,gate,XRP/USDT:USDT,3.1414,21.0,3.1413,244.0,3.1415,12.0,3.1416,337.0
1753769613991,06:13:33.991,gate,XRP/USDT:USDT,3.1413,100.0,3.1412,1150.0,3.1414,225.0,3.1415,159.0
1753769614094,06:13:34.094,gate,XRP/USDT:USDT,3.1413,201.0,3.1412,1150.0,3.1414,225.0,3.1415,70.0
1753769614184,06:13:34.184,gate,XRP/USDT:USDT,3.1414,327.0,3.1413,382.0,3.1415,70.0,3.1416,352.0
1753769614267,06:13:34.267,gate,XRP/USDT:USDT,3.1414,393.0,3.1413,741.0,3.1415,70.0,3.1416,775.0
1753769614391,06:13:34.391,gate,XRP/USDT:USDT,3.1414,20.0,3.141,235.0,3.1415,699.0,3.1416,1120.0
1753769614493,06:13:34.493,gate,XRP/USDT:USDT,3.141,506.0,3.1409,600.0,3.1411,129.0,3.1412,213.0
1753769614592,06:13:34.592,gate,XRP/USDT:USDT,3.141,370.0,3.1409,600.0,3.1411,129.0,3.1412,213.0
1753769614691,06:13:34.691,gate,XRP/USDT:USDT,3.141,234.0,3.1409,600.0,3.1411,129.0,3.1412,213.0
1753769614789,06:13:34.789,gate,XRP/USDT:USDT,3.141,321.0,3.1409,630.0,3.1411,129.0,3.1412,213.0
1753769614892,06:13:34.892,gate,XRP/USDT:USDT,3.1411,558.0,3.141,348.0,3.1414,633.0,3.1415,486.0
1753769614979,06:13:34.979,gate,XRP/USDT:USDT,3.1412,391.0,3.1411,370.0,3.1413,47.0,3.1414,444.0
1753769615079,06:13:35.079,gate,XRP/USDT:USDT,3.1412,391.0,3.1411,370.0,3.1413,11.0,3.1414,444.0
1753769615186,06:13:35.186,gate,XRP/USDT:USDT,3.1413,86.0,3.1412,391.0,3.1414,213.0,3.1415,1064.0
1753769615275,06:13:35.275,gate,XRP/USDT:USDT,3.1413,86.0,3.1412,391.0,3.1414,213.0,3.1415,1064.0
1753769615318,06:13:35.318,gate,XRP/USDT:USDT,3.1413,169.0,3.1412,391.0,3.1414,213.0,3.1415,1064.0
1753769615469,06:13:35.469,gate,XRP/USDT:USDT,3.1413,271.0,3.1412,391.0,3.1414,213.0,3.1415,824.0
1753769615494,06:13:35.494,gate,XRP/USDT:USDT,3.1413,271.0,3.1412,391.0,3.1414,213.0,3.1415,824.0
1753769615693,06:13:35.693,gate,XRP/USDT:USDT,3.1411,206.0,3.141,785.0,3.1412,82.0,3.1413,85.0
1753769615783,06:13:35.783,gate,XRP/USDT:USDT,3.1411,41.0,3.141,785.0,3.1412,129.0,3.1413,85.0
1753769615889,06:13:35.889,gate,XRP/USDT:USDT,3.1411,41.0,3.141,785.0,3.1412,129.0,3.1413,85.0
1753769615988,06:13:35.988,gate,XRP/USDT:USDT,3.1411,41.0,3.141,785.0,3.1412,129.0,3.1413,85.0
1753769616012,06:13:36.012,gate,XRP/USDT:USDT,3.1411,41.0,3.141,785.0,3.1412,129.0,3.1413,85.0
1753769616156,06:13:36.156,gate,XRP/USDT:USDT,3.1413,70.0,3.1412,143.0,3.1414,213.0,3.1415,799.0
1753769616272,06:13:36.272,gate,XRP/USDT:USDT,3.1413,70.0,3.1412,143.0,3.1414,213.0,3.1415,799.0
1753769616348,06:13:36.348,gate,XRP/USDT:USDT,3.1413,70.0,3.1412,143.0,3.1414,213.0,3.1415,799.0
1753769616469,06:13:36.469,gate,XRP/USDT:USDT,3.1413,70.0,3.1412,143.0,3.1414,213.0,3.1415,799.0
1753769616541,06:13:36.541,gate,XRP/USDT:USDT,3.1413,70.0,3.1412,143.0,3.1414,213.0,3.1415,799.0
1753769616678,06:13:36.678,gate,XRP/USDT:USDT,3.1413,70.0,3.1412,143.0,3.1414,213.0,3.1415,799.0
1753769616698,06:13:36.698,gate,XRP/USDT:USDT,3.1413,70.0,3.1412,205.0,3.1414,213.0,3.1415,799.0
1753769617043,06:13:37.043,gate,XRP/USDT:USDT,3.1413,70.0,3.1412,205.0,3.1414,213.0,3.1415,799.0
1753769617193,06:13:37.193,gate,XRP/USDT:USDT,3.1411,217.0,3.141,348.0,3.1412,153.0,3.1413,70.0
1753769617294,06:13:37.294,gate,XRP/USDT:USDT,3.1411,237.0,3.141,348.0,3.1412,129.0,3.1414,213.0
1753769617319,06:13:37.319,gate,XRP/USDT:USDT,3.1411,356.0,3.141,826.0,3.1412,70.0,3.1414,213.0
1753769617464,06:13:37.464,gate,XRP/USDT:USDT,3.1411,356.0,3.141,826.0,3.1412,70.0,3.1414,213.0
1753769617521,06:13:37.521,gate,XRP/USDT:USDT,3.1411,356.0,3.141,796.0,3.1412,70.0,3.1414,213.0
1753769617596,06:13:37.596,gate,XRP/USDT:USDT,3.1411,356.0,3.141,796.0,3.1412,70.0,3.1414,213.0
1753769617783,06:13:37.783,gate,XRP/USDT:USDT,3.1413,92.0,3.1412,164.0,3.1414,213.0,3.1415,816.0
1753769617883,06:13:37.883,gate,XRP/USDT:USDT,3.1413,6.0,3.1412,164.0,3.1414,213.0,3.1415,816.0
1753769617965,06:13:37.965,gate,XRP/USDT:USDT,3.1412,70.0,3.141,796.0,3.1413,159.0,3.1414,218.0
1753769618090,06:13:38.090,gate,XRP/USDT:USDT,3.141,234.0,3.1409,923.0,3.1411,85.0,3.1413,94.0
1753769618188,06:13:38.188,gate,XRP/USDT:USDT,3.141,234.0,3.1409,923.0,3.1411,85.0,3.1413,94.0
1753769618277,06:13:38.277,gate,XRP/USDT:USDT,3.141,234.0,3.1409,923.0,3.1411,85.0,3.1413,94.0
1753769618367,06:13:38.367,gate,XRP/USDT:USDT,3.141,234.0,3.1409,923.0,3.1411,59.0,3.1413,94.0
1753769618450,06:13:38.450,gate,XRP/USDT:USDT,3.141,234.0,3.1409,923.0,3.1411,59.0,3.1413,94.0
1753769618515,06:13:38.515,gate,XRP/USDT:USDT,3.141,234.0,3.1409,923.0,3.1411,59.0,3.1413,94.0
1753769618684,06:13:38.684,gate,XRP/USDT:USDT,3.1412,161.0,3.1411,245.0,3.1413,70.0,3.1414,559.0
1753769618758,06:13:38.758,gate,XRP/USDT:USDT,3.1412,161.0,3.1411,245.0,3.1413,70.0,3.1414,213.0
1753769618859,06:13:38.859,gate,XRP/USDT:USDT,3.1412,345.0,3.1411,245.0,3.1413,70.0,3.1414,213.0
1753769618986,06:13:38.986,gate,XRP/USDT:USDT,3.1413,340.0,3.1412,222.0,3.1414,213.0,3.1415,579.0
1753769619092,06:13:39.092,gate,XRP/USDT:USDT,3.1413,361.0,3.1412,222.0,3.1414,213.0,3.1415,579.0
1753769619158,06:13:39.158,gate,XRP/USDT:USDT,3.1413,361.0,3.1412,222.0,3.1414,213.0,3.1415,579.0
1753769619279,06:13:39.279,gate,XRP/USDT:USDT,3.1413,361.0,3.1412,222.0,3.1414,213.0,3.1415,579.0
1753769619301,06:13:39.301,gate,XRP/USDT:USDT,3.1413,361.0,3.1412,222.0,3.1414,213.0,3.1415,579.0
1753769619468,06:13:39.468,gate,XRP/USDT:USDT,3.1413,361.0,3.1412,222.0,3.1414,213.0,3.1415,579.0
1753769619527,06:13:39.527,gate,XRP/USDT:USDT,3.1413,361.0,3.1412,222.0,3.1414,213.0,3.1415,579.0
1753769619668,06:13:39.668,gate,XRP/USDT:USDT,3.1413,361.0,3.1412,222.0,3.1414,213.0,3.1415,579.0
1753769619781,06:13:39.781,gate,XRP/USDT:USDT,3.1413,70.0,3.1412,38.0,3.1414,213.0,3.1415,579.0
1753769619867,06:13:39.867,gate,XRP/USDT:USDT,3.1413,70.0,3.1412,20.0,3.1414,213.0,3.1415,609.0
1753769619983,06:13:39.983,gate,XRP/USDT:USDT,3.1413,70.0,3.1412,20.0,3.1414,213.0,3.1415,609.0
1753769620069,06:13:40.069,gate,XRP/USDT:USDT,3.1413,227.0,3.1412,240.0,3.1414,213.0,3.1415,609.0
1753769620160,06:13:40.160,gate,XRP/USDT:USDT,3.1413,227.0,3.1412,240.0,3.1414,213.0,3.1415,609.0
1753769620278,06:13:40.278,gate,XRP/USDT:USDT,3.1413,227.0,3.1412,240.0,3.1414,213.0,3.1415,609.0
1753769620307,06:13:40.307,gate,XRP/USDT:USDT,3.1413,227.0,3.1412,240.0,3.1414,213.0,3.1415,609.0
1753769620467,06:13:40.467,gate,XRP/USDT:USDT,3.1413,227.0,3.1412,240.0,3.1414,213.0,3.1415,609.0
1753769620556,06:13:40.556,gate,XRP/USDT:USDT,3.1413,227.0,3.1412,240.0,3.1414,213.0,3.1415,609.0
1753769620668,06:13:40.668,gate,XRP/USDT:USDT,3.1413,227.0,3.1412,240.0,3.1414,213.0,3.1415,609.0
1753769620892,06:13:40.892,gate,XRP/USDT:USDT,3.1415,488.0,3.1414,366.0,3.1416,636.0,3.1417,785.0
1753769620962,06:13:40.962,gate,XRP/USDT:USDT,3.1415,366.0,3.1414,366.0,3.1416,636.0,3.1417,785.0
1753769621076,06:13:41.076,gate,XRP/USDT:USDT,3.1415,366.0,3.1414,366.0,3.1416,636.0,3.1417,785.0
1753769621147,06:13:41.147,gate,XRP/USDT:USDT,3.1415,366.0,3.1414,366.0,3.1416,636.0,3.1417,785.0
1753769621284,06:13:41.284,gate,XRP/USDT:USDT,3.1415,366.0,3.1414,366.0,3.1416,636.0,3.1417,785.0
1753769621356,06:13:41.356,gate,XRP/USDT:USDT,3.1415,366.0,3.1414,423.0,3.1416,636.0,3.1417,785.0
1753769621478,06:13:41.478,gate,XRP/USDT:USDT,3.1415,366.0,3.1414,600.0,3.1416,636.0,3.1417,785.0
1753769621790,06:13:41.790,gate,XRP/USDT:USDT,3.1415,366.0,3.1414,600.0,3.1416,636.0,3.1417,785.0
1753769621875,06:13:41.875,gate,XRP/USDT:USDT,3.1415,366.0,3.1414,600.0,3.1416,636.0,3.1417,785.0
1753769621990,06:13:41.990,gate,XRP/USDT:USDT,3.1415,366.0,3.1414,600.0,3.1416,636.0,3.1417,785.0
1753769622047,06:13:42.047,gate,XRP/USDT:USDT,3.1415,366.0,3.1414,600.0,3.1416,636.0,3.1417,785.0
1753769622108,06:13:42.108,gate,XRP/USDT:USDT,3.1415,366.0,3.1414,600.0,3.1416,636.0,3.1417,785.0
1753769622291,06:13:42.291,gate,XRP/USDT:USDT,3.1415,366.0,3.1414,600.0,3.1416,636.0,3.1417,785.0
1753769622390,06:13:42.390,gate,XRP/USDT:USDT,3.1414,366.0,3.1413,682.0,3.1415,106.0,3.1416,636.0
1753769622488,06:13:42.488,gate,XRP/USDT:USDT,3.1413,227.0,3.1412,442.0,3.1414,225.0,3.1415,556.0
1753769622576,06:13:42.576,gate,XRP/USDT:USDT,3.1413,227.0,3.1412,442.0,3.1414,225.0,3.1415,556.0
1753769622597,06:13:42.597,gate,XRP/USDT:USDT,3.1413,227.0,3.1412,442.0,3.1414,225.0,3.1415,556.0
1753769622878,06:13:42.878,gate,XRP/USDT:USDT,3.1413,227.0,3.1412,442.0,3.1414,213.0,3.1415,556.0
1753769622991,06:13:42.991,gate,XRP/USDT:USDT,3.1414,13.0,3.1413,227.0,3.1416,636.0,3.1417,477.0
1753769623079,06:13:43.079,gate,XRP/USDT:USDT,3.1415,319.0,3.1414,624.0,3.1416,636.0,3.1417,1122.0
1753769623178,06:13:43.178,gate,XRP/USDT:USDT,3.1415,246.0,3.1414,624.0,3.1416,636.0,3.1417,1122.0
1753769623289,06:13:43.289,gate,XRP/USDT:USDT,3.1415,246.0,3.1414,624.0,3.1416,636.0,3.1417,1122.0
1753769623322,06:13:43.322,gate,XRP/USDT:USDT,3.1415,246.0,3.1414,624.0,3.1416,636.0,3.1417,1122.0
1753769623478,06:13:43.478,gate,XRP/USDT:USDT,3.1415,183.0,3.1414,424.0,3.1416,636.0,3.1417,1122.0
1753769623588,06:13:43.588,gate,XRP/USDT:USDT,3.1414,424.0,3.1413,661.0,3.1415,82.0,3.1416,974.0
1753769623678,06:13:43.678,gate,XRP/USDT:USDT,3.1414,183.0,3.1413,301.0,3.1415,82.0,3.1416,974.0
1753769623793,06:13:43.793,gate,XRP/USDT:USDT,3.1413,301.0,3.1412,442.0,3.1414,249.0,3.1415,720.0
1753769623842,06:13:43.842,gate,XRP/USDT:USDT,3.1413,240.0,3.1412,442.0,3.1414,225.0,3.1415,720.0
1753769623992,06:13:43.992,gate,XRP/USDT:USDT,3.1413,240.0,3.1412,442.0,3.1414,225.0,3.1415,720.0
1753769624054,06:13:44.054,gate,XRP/USDT:USDT,3.1413,240.0,3.1412,442.0,3.1414,225.0,3.1415,720.0
1753769624145,06:13:44.145,gate,XRP/USDT:USDT,3.1413,240.0,3.1412,442.0,3.1414,213.0,3.1415,720.0
1753769624271,06:13:44.271,gate,XRP/USDT:USDT,3.1413,367.0,3.1412,802.0,3.1414,202.0,3.1415,70.0
1753769624385,06:13:44.385,gate,XRP/USDT:USDT,3.1413,429.0,3.1412,802.0,3.1414,202.0,3.1416,636.0
1753769624480,06:13:44.480,gate,XRP/USDT:USDT,3.1413,450.0,3.1412,832.0,3.1414,202.0,3.1416,636.0
1753769624499,06:13:44.499,gate,XRP/USDT:USDT,3.1413,450.0,3.1412,832.0,3.1414,202.0,3.1416,636.0
1753769624668,06:13:44.668,gate,XRP/USDT:USDT,3.1415,73.0,3.1414,663.0,3.1416,636.0,3.1417,360.0
1753769624966,06:13:44.966,gate,XRP/USDT:USDT,3.1414,663.0,3.1413,450.0,3.1415,82.0,3.1416,919.0
1753769625084,06:13:45.084,gate,XRP/USDT:USDT,3.1414,663.0,3.1413,450.0,3.1415,70.0,3.1416,919.0
1753769625177,06:13:45.177,gate,XRP/USDT:USDT,3.1414,663.0,3.1413,683.0,3.1415,70.0,3.1416,919.0
1753769625267,06:13:45.267,gate,XRP/USDT:USDT,3.1414,663.0,3.1413,683.0,3.1415,70.0,3.1416,919.0
1753769625468,06:13:45.468,gate,XRP/USDT:USDT,3.1414,663.0,3.1413,683.0,3.1415,70.0,3.1416,919.0
1753769625561,06:13:45.561,gate,XRP/USDT:USDT,3.1414,663.0,3.1413,683.0,3.1415,70.0,3.1416,837.0
1753769625681,06:13:45.681,gate,XRP/USDT:USDT,3.1414,663.0,3.1413,683.0,3.1415,70.0,3.1416,837.0
1753769625868,06:13:45.868,gate,XRP/USDT:USDT,3.1414,663.0,3.1413,683.0,3.1415,70.0,3.1416,837.0
1753769625947,06:13:45.947,gate,XRP/USDT:USDT,3.1414,663.0,3.1413,683.0,3.1415,70.0,3.1416,837.0
1753769626069,06:13:46.069,gate,XRP/USDT:USDT,3.1414,663.0,3.1413,683.0,3.1415,70.0,3.1416,837.0
1753769626193,06:13:46.193,gate,XRP/USDT:USDT,3.1414,663.0,3.1413,683.0,3.1415,70.0,3.1416,837.0
1753769626268,06:13:46.268,gate,XRP/USDT:USDT,3.1414,663.0,3.1413,683.0,3.1415,70.0,3.1416,837.0
1753769626475,06:13:46.475,gate,XRP/USDT:USDT,3.1414,663.0,3.1413,683.0,3.1415,70.0,3.1416,837.0
1753769626587,06:13:46.587,gate,XRP/USDT:USDT,3.1414,663.0,3.1413,683.0,3.1415,70.0,3.1416,837.0
1753769626668,06:13:46.668,gate,XRP/USDT:USDT,3.1414,663.0,3.1413,683.0,3.1415,70.0,3.1416,837.0
1753769626777,06:13:46.777,gate,XRP/USDT:USDT,3.1414,684.0,3.1413,903.0,3.1415,70.0,3.1416,636.0
1753769626843,06:13:46.843,gate,XRP/USDT:USDT,3.1414,704.0,3.1413,662.0,3.1415,70.0,3.1416,636.0
1753769627069,06:13:47.069,gate,XRP/USDT:USDT,3.1414,704.0,3.1413,662.0,3.1415,70.0,3.1416,636.0
1753769627191,06:13:47.191,gate,XRP/USDT:USDT,3.1415,628.0,3.1414,976.0,3.1416,423.0,3.1418,851.0
1753769627268,06:13:47.268,gate,XRP/USDT:USDT,3.1415,628.0,3.1414,998.0,3.1416,423.0,3.1418,625.0
1753769627300,06:13:47.300,gate,XRP/USDT:USDT,3.1415,628.0,3.1414,998.0,3.1416,423.0,3.1418,625.0
1753769627436,06:13:47.436,gate,XRP/USDT:USDT,3.1415,628.0,3.1414,998.0,3.1416,423.0,3.1418,625.0
1753769627688,06:13:47.688,gate,XRP/USDT:USDT,3.1417,184.0,3.1416,607.0,3.1418,224.0,3.1419,723.0
1753769627777,06:13:47.777,gate,XRP/USDT:USDT,3.1417,366.0,3.1416,847.0,3.1418,647.0,3.1419,362.0
1753769627885,06:13:47.885,gate,XRP/USDT:USDT,3.1417,366.0,3.1416,847.0,3.1418,224.0,3.142,464.0
1753769627994,06:13:47.994,gate,XRP/USDT:USDT,3.1417,396.0,3.1416,847.0,3.1418,11.0,3.142,464.0
1753769628093,06:13:48.093,gate,XRP/USDT:USDT,3.1417,366.0,3.1416,847.0,3.1418,493.0,3.1419,304.0
1753769628159,06:13:48.159,gate,XRP/USDT:USDT,3.1417,366.0,3.1416,847.0,3.1418,493.0,3.1419,304.0
1753769628279,06:13:48.279,gate,XRP/USDT:USDT,3.1417,366.0,3.1416,847.0,3.1418,493.0,3.1419,304.0
1753769628395,06:13:48.395,gate,XRP/USDT:USDT,3.1417,366.0,3.1416,847.0,3.1418,493.0,3.1419,304.0
1753769628398,06:13:48.398,gate,XRP/USDT:USDT,3.1417,366.0,3.1416,847.0,3.1418,493.0,3.1419,304.0
1753769628588,06:13:48.588,gate,XRP/USDT:USDT,3.1417,366.0,3.1416,847.0,3.1418,493.0,3.1419,304.0
1753769628680,06:13:48.680,gate,XRP/USDT:USDT,3.1419,73.0,3.1418,317.0,3.142,224.0,3.1421,91.0
1753769628792,06:13:48.792,gate,XRP/USDT:USDT,3.1418,418.0,3.1417,600.0,3.1419,70.0,3.142,224.0
1753769628868,06:13:48.868,gate,XRP/USDT:USDT,3.1418,418.0,3.1417,600.0,3.1419,493.0,3.142,224.0
1753769629017,06:13:49.017,gate,XRP/USDT:USDT,3.1418,418.0,3.1417,600.0,3.1419,493.0,3.142,224.0
1753769629182,06:13:49.182,gate,XRP/USDT:USDT,3.1418,418.0,3.1417,600.0,3.1419,493.0,3.142,224.0
1753769629267,06:13:49.267,gate,XRP/USDT:USDT,3.1418,418.0,3.1417,600.0,3.1419,493.0,3.142,224.0
1753769629378,06:13:49.378,gate,XRP/USDT:USDT,3.1418,418.0,3.1417,600.0,3.1419,493.0,3.142,224.0
1753769629469,06:13:49.469,gate,XRP/USDT:USDT,3.1418,418.0,3.1417,600.0,3.1419,493.0,3.142,224.0
1753769629594,06:13:49.594,gate,XRP/USDT:USDT,3.1411,24.0,3.141,213.0,3.1412,11.0,3.1414,306.0
1753769629693,06:13:49.693,gate,XRP/USDT:USDT,3.1411,346.0,3.141,834.0,3.1412,202.0,3.1414,202.0
1753769629782,06:13:49.782,gate,XRP/USDT:USDT,3.1413,224.0,3.1412,368.0,3.1414,202.0,3.1415,311.0
1753769629877,06:13:49.877,gate,XRP/USDT:USDT,3.1413,224.0,3.1412,424.0,3.1414,202.0,3.1415,311.0
1753769629986,06:13:49.986,gate,XRP/USDT:USDT,3.1413,224.0,3.1412,424.0,3.1414,202.0,3.1415,1095.0
1753769630084,06:13:50.084,gate,XRP/USDT:USDT,3.1413,292.0,3.1412,600.0,3.1414,202.0,3.1416,1145.0
1753769630157,06:13:50.157,gate,XRP/USDT:USDT,3.1413,292.0,3.1412,600.0,3.1414,202.0,3.1416,1145.0
1753769630291,06:13:50.291,gate,XRP/USDT:USDT,3.1413,299.0,3.1412,600.0,3.1414,202.0,3.1416,985.0
1753769630305,06:13:50.305,gate,XRP/USDT:USDT,3.1413,299.0,3.1412,600.0,3.1414,202.0,3.1416,985.0
1753769630493,06:13:50.493,gate,XRP/USDT:USDT,3.1415,70.0,3.1414,208.0,3.1416,625.0,3.1417,1199.0
1753769630583,06:13:50.583,gate,XRP/USDT:USDT,3.1415,70.0,3.1414,208.0,3.1416,625.0,3.1417,1199.0
1753769630694,06:13:50.694,gate,XRP/USDT:USDT,3.1416,621.0,3.1415,600.0,3.1417,135.0,3.1418,289.0
1753769630793,06:13:50.793,gate,XRP/USDT:USDT,3.1416,240.0,3.1415,424.0,3.1417,135.0,3.1418,712.0
1753769630887,06:13:50.887,gate,XRP/USDT:USDT,3.1415,443.0,3.1414,1309.0,3.1416,202.0,3.1418,625.0
1753769630967,06:13:50.967,gate,XRP/USDT:USDT,3.1415,443.0,3.1414,1309.0,3.1416,202.0,3.1418,625.0
1753769631093,06:13:51.093,gate,XRP/USDT:USDT,3.1415,462.0,3.1414,1309.0,3.1416,202.0,3.1418,625.0
1753769631175,06:13:51.175,gate,XRP/USDT:USDT,3.1415,462.0,3.1414,1309.0,3.1416,202.0,3.1418,625.0
1753769631270,06:13:51.270,gate,XRP/USDT:USDT,3.1415,462.0,3.1414,1309.0,3.1416,202.0,3.1418,625.0
1753769631379,06:13:51.379,gate,XRP/USDT:USDT,3.1415,462.0,3.1414,905.0,3.1416,202.0,3.1418,625.0
1753769631430,06:13:51.430,gate,XRP/USDT:USDT,3.1415,424.0,3.1414,905.0,3.1416,202.0,3.1418,625.0
1753769631537,06:13:51.537,gate,XRP/USDT:USDT,3.1415,424.0,3.1414,905.0,3.1416,202.0,3.1418,625.0
1753769631622,06:13:51.622,gate,XRP/USDT:USDT,3.1415,424.0,3.1414,935.0,3.1416,202.0,3.1418,625.0
1753769631772,06:13:51.772,gate,XRP/USDT:USDT,3.1415,424.0,3.1414,935.0,3.1416,202.0,3.1418,625.0
1753769631821,06:13:51.821,gate,XRP/USDT:USDT,3.1415,485.0,3.1414,935.0,3.1416,202.0,3.1418,625.0
1753769631913,06:13:51.913,gate,XRP/USDT:USDT,3.1415,485.0,3.1414,935.0,3.1416,202.0,3.1418,625.0
1753769632006,06:13:52.006,gate,XRP/USDT:USDT,3.1415,485.0,3.1414,935.0,3.1416,202.0,3.1418,625.0
1753769632098,06:13:52.098,gate,XRP/USDT:USDT,3.1415,485.0,3.1414,935.0,3.1416,202.0,3.1418,625.0
1753769632292,06:13:52.292,gate,XRP/USDT:USDT,3.1415,429.0,3.1414,935.0,3.1416,202.0,3.1418,625.0
1753769632377,06:13:52.377,gate,XRP/USDT:USDT,3.1414,79.0,3.1413,315.0,3.1415,97.0,3.1416,292.0
1753769632493,06:13:52.493,gate,XRP/USDT:USDT,3.1411,68.0,3.141,1045.0,3.1412,353.0,3.1414,710.0
1753769632589,06:13:52.589,gate,XRP/USDT:USDT,3.1411,153.0,3.141,813.0,3.1412,202.0,3.1413,436.0
1753769632661,06:13:52.661,gate,XRP/USDT:USDT,3.1411,182.0,3.141,813.0,3.1412,202.0,3.1413,436.0
1753769632792,06:13:52.792,gate,XRP/USDT:USDT,3.1411,364.0,3.141,843.0,3.1414,625.0,3.1415,24.0
1753769632873,06:13:52.873,gate,XRP/USDT:USDT,3.1413,182.0,3.1412,492.0,3.1414,625.0,3.1416,954.0
1753769632958,06:13:52.958,gate,XRP/USDT:USDT,3.1413,182.0,3.1412,422.0,3.1414,625.0,3.1416,954.0
1753769633086,06:13:53.086,gate,XRP/USDT:USDT,3.1413,182.0,3.1412,422.0,3.1414,625.0,3.1416,954.0
1753769633185,06:13:53.185,gate,XRP/USDT:USDT,3.1413,182.0,3.1412,422.0,3.1414,625.0,3.1416,954.0
1753769633283,06:13:53.283,gate,XRP/USDT:USDT,3.1413,242.0,3.1412,422.0,3.1414,625.0,3.1416,954.0
1753769633379,06:13:53.379,gate,XRP/USDT:USDT,3.1413,242.0,3.1412,422.0,3.1414,625.0,3.1416,793.0
1753769633486,06:13:53.486,gate,XRP/USDT:USDT,3.1413,242.0,3.1412,422.0,3.1414,625.0,3.1415,589.0
1753769633593,06:13:53.593,gate,XRP/USDT:USDT,3.1413,27.0,3.1412,422.0,3.1414,625.0,3.1415,571.0
1753769633682,06:13:53.682,gate,XRP/USDT:USDT,3.1412,422.0,3.1411,621.0,3.1413,24.0,3.1414,625.0
1753769633782,06:13:53.782,gate,XRP/USDT:USDT,3.1412,422.0,3.1411,621.0,3.1413,24.0,3.1414,625.0
1753769633872,06:13:53.872,gate,XRP/USDT:USDT,3.1413,6.0,3.1412,442.0,3.1414,625.0,3.1415,607.0
1753769633991,06:13:53.991,gate,XRP/USDT:USDT,3.1413,6.0,3.1412,260.0,3.1414,625.0,3.1415,607.0
1753769634087,06:13:54.087,gate,XRP/USDT:USDT,3.1412,260.0,3.1411,443.0,3.1413,103.0,3.1414,625.0
1753769634191,06:13:54.191,gate,XRP/USDT:USDT,3.1412,260.0,3.1411,443.0,3.1413,6.0,3.1414,625.0
1753769634218,06:13:54.218,gate,XRP/USDT:USDT,3.1412,260.0,3.1411,443.0,3.1413,6.0,3.1414,625.0
1753769634360,06:13:54.360,gate,XRP/USDT:USDT,3.1412,260.0,3.1411,443.0,3.1413,6.0,3.1414,625.0
1753769634469,06:13:54.469,gate,XRP/USDT:USDT,3.1412,260.0,3.1411,443.0,3.1413,6.0,3.1414,625.0
1753769634594,06:13:54.594,gate,XRP/USDT:USDT,3.1412,260.0,3.1411,443.0,3.1413,76.0,3.1414,625.0
1753769634675,06:13:54.675,gate,XRP/USDT:USDT,3.1412,260.0,3.1411,443.0,3.1413,76.0,3.1414,625.0
1753769634880,06:13:54.880,gate,XRP/USDT:USDT,3.1412,260.0,3.1411,621.0,3.1413,76.0,3.1414,625.0
1753769634961,06:13:54.961,gate,XRP/USDT:USDT,3.1412,260.0,3.1411,651.0,3.1413,72.0,3.1414,625.0
1753769635057,06:13:55.057,gate,XRP/USDT:USDT,3.1412,260.0,3.1411,651.0,3.1413,72.0,3.1414,625.0
1753769635157,06:13:55.157,gate,XRP/USDT:USDT,3.1412,260.0,3.1411,621.0,3.1413,72.0,3.1414,625.0
1753769635279,06:13:55.279,gate,XRP/USDT:USDT,3.1412,362.0,3.1411,651.0,3.1413,70.0,3.1414,625.0
1753769635375,06:13:55.375,gate,XRP/USDT:USDT,3.1412,362.0,3.1411,651.0,3.1413,70.0,3.1414,625.0
1753769635469,06:13:55.469,gate,XRP/USDT:USDT,3.1412,362.0,3.1411,621.0,3.1413,70.0,3.1414,625.0
1753769635548,06:13:55.548,gate,XRP/USDT:USDT,3.1412,362.0,3.1411,621.0,3.1413,70.0,3.1414,625.0
1753769635607,06:13:55.607,gate,XRP/USDT:USDT,3.1412,362.0,3.1411,621.0,3.1413,70.0,3.1414,625.0
1753769635719,06:13:55.719,gate,XRP/USDT:USDT,3.1412,362.0,3.1411,621.0,3.1413,70.0,3.1414,625.0
1753769635883,06:13:55.883,gate,XRP/USDT:USDT,3.1412,362.0,3.1411,621.0,3.1413,70.0,3.1414,625.0
1753769636078,06:13:56.078,gate,XRP/USDT:USDT,3.1413,362.0,3.1412,1114.0,3.1414,625.0,3.1416,442.0
1753769636181,06:13:56.181,gate,XRP/USDT:USDT,3.1413,392.0,3.1412,1193.0,3.1414,423.0,3.1416,202.0
1753769636284,06:13:56.284,gate,XRP/USDT:USDT,3.1415,363.0,3.1414,977.0,3.1416,423.0,3.1418,341.0
1753769636393,06:13:56.393,gate,XRP/USDT:USDT,3.1417,558.0,3.1416,886.0,3.1418,202.0,3.142,465.0
1753769636458,06:13:56.458,gate,XRP/USDT:USDT,3.1417,484.0,3.1416,856.0,3.1418,625.0,3.142,465.0
1753769636581,06:13:56.581,gate,XRP/USDT:USDT,3.1417,454.0,3.1416,802.0,3.1418,625.0,3.142,465.0
1753769636661,06:13:56.661,gate,XRP/USDT:USDT,3.1417,454.0,3.1416,802.0,3.1418,625.0,3.142,465.0
1753769636765,06:13:56.765,gate,XRP/USDT:USDT,3.1417,454.0,3.1416,802.0,3.1418,625.0,3.142,465.0
1753769636884,06:13:56.884,gate,XRP/USDT:USDT,3.1417,454.0,3.1416,802.0,3.1418,625.0,3.142,465.0
1753769636914,06:13:56.914,gate,XRP/USDT:USDT,3.1417,454.0,3.1416,802.0,3.1418,625.0,3.142,465.0
1753769637016,06:13:57.016,gate,XRP/USDT:USDT,3.1417,454.0,3.1416,802.0,3.1418,625.0,3.142,465.0
1753769637168,06:13:57.168,gate,XRP/USDT:USDT,3.1417,454.0,3.1416,802.0,3.1418,625.0,3.142,465.0
1753769637343,06:13:57.343,gate,XRP/USDT:USDT,3.1417,454.0,3.1416,802.0,3.1418,625.0,3.142,465.0
1753769637397,06:13:57.397,gate,XRP/USDT:USDT,3.1417,454.0,3.1416,802.0,3.1418,625.0,3.142,465.0
1753769637670,06:13:57.670,gate,XRP/USDT:USDT,3.1417,454.0,3.1416,802.0,3.1418,625.0,3.142,465.0
1753769637697,06:13:57.697,gate,XRP/USDT:USDT,3.1417,454.0,3.1416,802.0,3.1418,625.0,3.142,465.0
1753769637991,06:13:57.991,gate,XRP/USDT:USDT,3.1417,454.0,3.1416,802.0,3.1418,625.0,3.142,465.0
1753769638032,06:13:58.032,gate,XRP/USDT:USDT,3.1417,475.0,3.1416,802.0,3.1418,202.0,3.142,465.0
1753769638117,06:13:58.117,gate,XRP/USDT:USDT,3.1417,454.0,3.1416,802.0,3.1418,202.0,3.1419,423.0
1753769638230,06:13:58.230,gate,XRP/USDT:USDT,3.1417,454.0,3.1416,802.0,3.1418,202.0,3.1419,423.0
1753769638358,06:13:58.358,gate,XRP/USDT:USDT,3.1417,519.0,3.1416,802.0,3.1418,202.0,3.1419,423.0
1753769638409,06:13:58.409,gate,XRP/USDT:USDT,3.1417,519.0,3.1416,802.0,3.1418,202.0,3.1419,423.0
1753769638638,06:13:58.638,gate,XRP/USDT:USDT,3.1417,549.0,3.1416,802.0,3.1418,202.0,3.1419,423.0
1753769638794,06:13:58.794,gate,XRP/USDT:USDT,3.1419,18.0,3.1418,225.0,3.142,224.0,3.1422,202.0
1753769638892,06:13:58.892,gate,XRP/USDT:USDT,3.1422,41.0,3.1421,260.0,3.1423,80.0,3.1424,727.0
1753769638992,06:13:58.992,gate,XRP/USDT:USDT,3.1421,310.0,3.142,463.0,3.1422,73.0,3.1423,80.0
1753769639043,06:13:59.043,gate,XRP/USDT:USDT,3.1421,310.0,3.142,463.0,3.1422,73.0,3.1423,80.0
1753769639130,06:13:59.130,gate,XRP/USDT:USDT,3.1421,310.0,3.142,463.0,3.1422,73.0,3.1423,80.0
1753769639249,06:13:59.249,gate,XRP/USDT:USDT,3.1421,310.0,3.142,463.0,3.1422,73.0,3.1423,80.0
1753769639325,06:13:59.325,gate,XRP/USDT:USDT,3.1421,310.0,3.142,463.0,3.1422,73.0,3.1423,80.0
1753769639478,06:13:59.478,gate,XRP/USDT:USDT,3.1422,70.0,3.1421,310.0,3.1423,34.0,3.1424,1079.0
1753769639535,06:13:59.535,gate,XRP/USDT:USDT,3.1422,70.0,3.1421,310.0,3.1423,94.0,3.1424,1079.0
1753769639669,06:13:59.669,gate,XRP/USDT:USDT,3.1422,70.0,3.1421,310.0,3.1423,94.0,3.1424,1079.0
1753769639776,06:13:59.776,gate,XRP/USDT:USDT,3.1421,70.0,3.142,408.0,3.1422,377.0,3.1423,1003.0
1753769639865,06:13:59.865,gate,XRP/USDT:USDT,3.1421,70.0,3.142,202.0,3.1422,352.0,3.1423,1003.0
1753769639978,06:13:59.978,gate,XRP/USDT:USDT,3.1421,70.0,3.142,202.0,3.1422,352.0,3.1423,1003.0
1753769640087,06:14:00.087,gate,XRP/USDT:USDT,3.1418,626.0,3.1417,744.0,3.1419,132.0,3.142,415.0
1753769640191,06:14:00.191,gate,XRP/USDT:USDT,3.1419,14.0,3.1418,640.0,3.142,202.0,3.1421,643.0
1753769640279,06:14:00.279,gate,XRP/USDT:USDT,3.1419,44.0,3.1418,640.0,3.142,202.0,3.1421,643.0
1753769640355,06:14:00.355,gate,XRP/USDT:USDT,3.1419,44.0,3.1418,640.0,3.142,214.0,3.1421,590.0
1753769640422,06:14:00.422,gate,XRP/USDT:USDT,3.1419,44.0,3.1418,640.0,3.142,214.0,3.1421,590.0
1753769640593,06:14:00.593,gate,XRP/USDT:USDT,3.1418,640.0,3.1417,744.0,3.1419,88.0,3.142,214.0
1753769640684,06:14:00.684,gate,XRP/USDT:USDT,3.1418,640.0,3.1417,744.0,3.1419,73.0,3.142,214.0
1753769640757,06:14:00.757,gate,XRP/USDT:USDT,3.1419,88.0,3.1418,640.0,3.142,214.0,3.1421,466.0
1753769640890,06:14:00.890,gate,XRP/USDT:USDT,3.1419,414.0,3.1418,822.0,3.142,12.0,3.1422,625.0
1753769640993,06:14:00.993,gate,XRP/USDT:USDT,3.1419,436.0,3.1418,1340.0,3.142,12.0,3.1422,625.0
1753769641079,06:14:01.079,gate,XRP/USDT:USDT,3.1419,436.0,3.1418,1340.0,3.142,12.0,3.1422,625.0
1753769641177,06:14:01.177,gate,XRP/USDT:USDT,3.1419,436.0,3.1418,1340.0,3.142,12.0,3.1422,625.0
1753769641216,06:14:01.216,gate,XRP/USDT:USDT,3.1419,436.0,3.1418,1340.0,3.142,12.0,3.1422,625.0
1753769641364,06:14:01.364,gate,XRP/USDT:USDT,3.1419,436.0,3.1418,1340.0,3.142,12.0,3.1422,202.0
1753769641468,06:14:01.468,gate,XRP/USDT:USDT,3.1419,436.0,3.1418,1340.0,3.142,12.0,3.1422,202.0
1753769641667,06:14:01.667,gate,XRP/USDT:USDT,3.1419,436.0,3.1418,1340.0,3.142,12.0,3.1422,202.0
1753769641747,06:14:01.747,gate,XRP/USDT:USDT,3.1419,436.0,3.1418,1340.0,3.142,12.0,3.1422,202.0
1753769641890,06:14:01.890,gate,XRP/USDT:USDT,3.1419,436.0,3.1418,1340.0,3.142,12.0,3.1422,202.0
1753769642080,06:14:02.080,gate,XRP/USDT:USDT,3.1419,253.0,3.1418,1340.0,3.142,95.0,3.1422,292.0
1753769642172,06:14:02.172,gate,XRP/USDT:USDT,3.1419,231.0,3.1418,1340.0,3.142,95.0,3.1422,292.0
1753769642270,06:14:02.270,gate,XRP/USDT:USDT,3.1419,210.0,3.1418,822.0,3.142,95.0,3.1421,437.0
1753769642388,06:14:02.388,gate,XRP/USDT:USDT,3.1419,309.0,3.1418,822.0,3.142,12.0,3.1422,552.0
1753769642479,06:14:02.479,gate,XRP/USDT:USDT,3.1419,309.0,3.1418,822.0,3.142,12.0,3.1422,552.0
1753769642496,06:14:02.496,gate,XRP/USDT:USDT,3.1419,309.0,3.1418,822.0,3.142,12.0,3.1422,552.0
1753769642676,06:14:02.676,gate,XRP/USDT:USDT,3.1419,309.0,3.1418,822.0,3.142,12.0,3.1422,552.0
1753769642776,06:14:02.776,gate,XRP/USDT:USDT,3.1419,330.0,3.1418,822.0,3.142,12.0,3.1422,416.0
1753769642880,06:14:02.880,gate,XRP/USDT:USDT,3.1419,330.0,3.1418,822.0,3.142,12.0,3.1422,516.0
1753769642921,06:14:02.921,gate,XRP/USDT:USDT,3.1419,330.0,3.1418,822.0,3.142,12.0,3.1422,516.0
1753769643069,06:14:03.069,gate,XRP/USDT:USDT,3.1419,330.0,3.1418,822.0,3.142,12.0,3.1422,516.0
1753769643175,06:14:03.175,gate,XRP/USDT:USDT,3.1419,123.0,3.1418,640.0,3.142,36.0,3.1422,606.0
1753769643268,06:14:03.268,gate,XRP/USDT:USDT,3.1419,70.0,3.1418,640.0,3.142,36.0,3.1422,606.0
1753769643380,06:14:03.380,gate,XRP/USDT:USDT,3.1419,70.0,3.1418,640.0,3.142,36.0,3.1422,606.0
1753769643486,06:14:03.486,gate,XRP/USDT:USDT,3.1419,100.0,3.1418,640.0,3.142,12.0,3.1422,606.0
1753769643589,06:14:03.589,gate,XRP/USDT:USDT,3.1419,100.0,3.1418,822.0,3.142,36.0,3.1422,516.0
1753769643691,06:14:03.691,gate,XRP/USDT:USDT,3.1419,100.0,3.1418,640.0,3.142,36.0,3.1422,516.0
1753769643840,06:14:03.840,gate,XRP/USDT:USDT,3.1419,100.0,3.1418,640.0,3.142,36.0,3.1422,516.0
1753769644156,06:14:04.156,gate,XRP/USDT:USDT,3.1419,100.0,3.1418,640.0,3.142,36.0,3.1422,516.0
1753769644206,06:14:04.206,gate,XRP/USDT:USDT,3.1419,100.0,3.1418,640.0,3.142,36.0,3.1422,516.0
1753769644388,06:14:04.388,gate,XRP/USDT:USDT,3.1419,100.0,3.1418,640.0,3.142,36.0,3.1422,516.0
1753769644467,06:14:04.467,gate,XRP/USDT:USDT,3.1419,100.0,3.1418,640.0,3.142,36.0,3.1422,516.0
1753769644508,06:14:04.508,gate,XRP/USDT:USDT,3.1419,100.0,3.1418,640.0,3.142,36.0,3.1422,516.0
1753769644635,06:14:04.635,gate,XRP/USDT:USDT,3.1419,100.0,3.1418,640.0,3.142,36.0,3.1422,516.0
1753769644716,06:14:04.716,gate,XRP/USDT:USDT,3.1419,100.0,3.1418,640.0,3.142,36.0,3.1422,516.0
1753769644868,06:14:04.868,gate,XRP/USDT:USDT,3.1419,100.0,3.1418,640.0,3.142,36.0,3.1422,516.0
1753769645079,06:14:05.079,gate,XRP/USDT:USDT,3.1419,100.0,3.1418,640.0,3.142,36.0,3.1422,516.0
1753769645276,06:14:05.276,gate,XRP/USDT:USDT,3.1419,100.0,3.1418,640.0,3.142,36.0,3.1422,516.0
1753769645392,06:14:05.392,gate,XRP/USDT:USDT,3.1419,100.0,3.1418,640.0,3.142,36.0,3.1422,516.0
1753769645421,06:14:05.421,gate,XRP/USDT:USDT,3.1419,461.0,3.1418,822.0,3.142,12.0,3.1422,516.0
1753769645503,06:14:05.503,gate,XRP/USDT:USDT,3.1419,461.0,3.1418,822.0,3.142,12.0,3.1422,516.0
1753769645733,06:14:05.733,gate,XRP/USDT:USDT,3.1419,461.0,3.1418,822.0,3.142,12.0,3.1422,516.0
1753769645804,06:14:05.804,gate,XRP/USDT:USDT,3.1419,461.0,3.1418,852.0,3.142,12.0,3.1422,516.0
1753769645985,06:14:05.985,gate,XRP/USDT:USDT,3.1419,461.0,3.1418,852.0,3.142,12.0,3.1422,516.0
1753769646081,06:14:06.081,gate,XRP/USDT:USDT,3.1419,461.0,3.1418,852.0,3.142,12.0,3.1422,516.0
1753769646177,06:14:06.177,gate,XRP/USDT:USDT,3.1419,461.0,3.1418,832.0,3.142,12.0,3.1422,516.0
1753769646269,06:14:06.269,gate,XRP/USDT:USDT,3.1419,461.0,3.1418,832.0,3.142,12.0,3.1422,516.0
1753769646297,06:14:06.297,gate,XRP/USDT:USDT,3.1419,461.0,3.1418,862.0,3.142,12.0,3.1422,516.0
1753769646418,06:14:06.418,gate,XRP/USDT:USDT,3.1419,482.0,3.1418,1314.0,3.142,12.0,3.1422,202.0
1753769646571,06:14:06.571,gate,XRP/USDT:USDT,3.1419,482.0,3.1418,1314.0,3.142,12.0,3.1422,202.0
1753769646791,06:14:06.791,gate,XRP/USDT:USDT,3.1423,249.0,3.1422,670.0,3.1424,202.0,3.1426,442.0
1753769646893,06:14:06.893,gate,XRP/USDT:USDT,3.1425,428.0,3.1424,802.0,3.1426,202.0,3.1428,269.0
1753769646989,06:14:06.989,gate,XRP/USDT:USDT,3.1425,428.0,3.1424,802.0,3.1426,202.0,3.1427,423.0
1753769647083,06:14:07.083,gate,XRP/USDT:USDT,3.1425,428.0,3.1424,802.0,3.1426,306.0,3.1427,423.0
1753769647108,06:14:07.108,gate,XRP/USDT:USDT,3.1425,428.0,3.1424,802.0,3.1426,306.0,3.1427,423.0
1753769647267,06:14:07.267,gate,XRP/USDT:USDT,3.1425,428.0,3.1424,802.0,3.1426,306.0,3.1428,471.0
1753769647379,06:14:07.379,gate,XRP/USDT:USDT,3.1425,428.0,3.1424,802.0,3.1426,306.0,3.1428,471.0
1753769647468,06:14:07.468,gate,XRP/USDT:USDT,3.1425,449.0,3.1424,802.0,3.1426,104.0,3.1428,471.0
1753769647592,06:14:07.592,gate,XRP/USDT:USDT,3.1425,449.0,3.1424,802.0,3.1426,73.0,3.1427,24.0
1753769647664,06:14:07.664,gate,XRP/USDT:USDT,3.1425,449.0,3.1424,802.0,3.1426,65.0,3.1427,24.0
1753769647787,06:14:07.787,gate,XRP/USDT:USDT,3.1425,449.0,3.1424,802.0,3.1426,59.0,3.1428,471.0
1753769647825,06:14:07.825,gate,XRP/USDT:USDT,3.1425,428.0,3.1424,802.0,3.1426,59.0,3.1427,423.0
1753769647933,06:14:07.933,gate,XRP/USDT:USDT,3.1425,428.0,3.1424,802.0,3.1426,59.0,3.1427,423.0
1753769648017,06:14:08.017,gate,XRP/USDT:USDT,3.1425,428.0,3.1424,802.0,3.1426,59.0,3.1427,423.0
1753769648159,06:14:08.159,gate,XRP/USDT:USDT,3.1425,428.0,3.1424,802.0,3.1426,59.0,3.1427,423.0
1753769648216,06:14:08.216,gate,XRP/USDT:USDT,3.1425,428.0,3.1424,802.0,3.1426,59.0,3.1427,423.0
1753769648360,06:14:08.360,gate,XRP/USDT:USDT,3.1425,428.0,3.1424,802.0,3.1426,59.0,3.1427,423.0
1753769648397,06:14:08.397,gate,XRP/USDT:USDT,3.1425,428.0,3.1424,802.0,3.1426,59.0,3.1427,423.0
1753769648685,06:14:08.685,gate,XRP/USDT:USDT,3.1425,428.0,3.1424,802.0,3.1426,59.0,3.1427,423.0
1753769648787,06:14:08.787,gate,XRP/USDT:USDT,3.1425,428.0,3.1424,802.0,3.1426,59.0,3.1427,423.0
1753769648922,06:14:08.922,gate,XRP/USDT:USDT,3.1425,428.0,3.1424,802.0,3.1426,59.0,3.1427,423.0
1753769649082,06:14:09.082,gate,XRP/USDT:USDT,3.1425,358.0,3.1424,802.0,3.1426,167.0,3.1427,836.0
1753769649158,06:14:09.158,gate,XRP/USDT:USDT,3.1425,179.0,3.1424,802.0,3.1426,96.0,3.1427,836.0
1753769649268,06:14:09.268,gate,XRP/USDT:USDT,3.1425,179.0,3.1424,802.0,3.1426,96.0,3.1427,836.0
1753769649390,06:14:09.390,gate,XRP/USDT:USDT,3.1425,179.0,3.1424,802.0,3.1426,59.0,3.1427,836.0
1753769649401,06:14:09.401,gate,XRP/USDT:USDT,3.1425,179.0,3.1424,802.0,3.1426,59.0,3.1427,836.0
1753769649575,06:14:09.575,gate,XRP/USDT:USDT,3.1425,179.0,3.1424,802.0,3.1426,132.0,3.1427,836.0
1753769649878,06:14:09.878,gate,XRP/USDT:USDT,3.1425,179.0,3.1424,802.0,3.1426,132.0,3.1427,836.0
1753769649975,06:14:09.975,gate,XRP/USDT:USDT,3.1425,179.0,3.1424,802.0,3.1426,132.0,3.1427,836.0
1753769650089,06:14:10.089,gate,XRP/USDT:USDT,3.1425,179.0,3.1424,802.0,3.1426,132.0,3.1427,836.0
1753769650285,06:14:10.285,gate,XRP/USDT:USDT,3.1425,179.0,3.1424,802.0,3.1426,132.0,3.1427,836.0
1753769650385,06:14:10.385,gate,XRP/USDT:USDT,3.1425,243.0,3.1424,802.0,3.1426,132.0,3.1427,836.0
1753769650433,06:14:10.433,gate,XRP/USDT:USDT,3.1425,243.0,3.1424,802.0,3.1426,132.0,3.1427,836.0
1753769650642,06:14:10.642,gate,XRP/USDT:USDT,3.1425,243.0,3.1424,802.0,3.1426,132.0,3.1427,836.0
1753769650775,06:14:10.775,gate,XRP/USDT:USDT,3.1425,243.0,3.1424,802.0,3.1426,59.0,3.1427,836.0
1753769650889,06:14:10.889,gate,XRP/USDT:USDT,3.1426,14.0,3.1425,539.0,3.1427,423.0,3.1428,591.0
1753769650990,06:14:10.990,gate,XRP/USDT:USDT,3.1425,539.0,3.1424,832.0,3.1426,73.0,3.1427,423.0
1753769651014,06:14:11.014,gate,XRP/USDT:USDT,3.1425,539.0,3.1424,832.0,3.1426,73.0,3.1427,423.0
1753769651151,06:14:11.151,gate,XRP/USDT:USDT,3.1425,539.0,3.1424,832.0,3.1426,73.0,3.1427,423.0
1753769651286,06:14:11.286,gate,XRP/USDT:USDT,3.1426,335.0,3.1425,600.0,3.1427,423.0,3.1428,203.0
1753769651374,06:14:11.374,gate,XRP/USDT:USDT,3.1426,335.0,3.1425,600.0,3.1427,427.0,3.1428,203.0
1753769651467,06:14:11.467,gate,XRP/USDT:USDT,3.1426,335.0,3.1425,600.0,3.1427,427.0,3.1428,203.0
1753769651685,06:14:11.685,gate,XRP/USDT:USDT,3.1426,335.0,3.1425,600.0,3.1427,4.0,3.1428,203.0
1753769651782,06:14:11.782,gate,XRP/USDT:USDT,3.1426,356.0,3.1425,600.0,3.1427,4.0,3.1428,203.0
1753769651891,06:14:11.891,gate,XRP/USDT:USDT,3.1426,356.0,3.1425,600.0,3.1427,4.0,3.1428,203.0
1753769651955,06:14:11.955,gate,XRP/USDT:USDT,3.1426,356.0,3.1425,600.0,3.1427,4.0,3.1428,203.0
1753769652069,06:14:12.069,gate,XRP/USDT:USDT,3.1426,356.0,3.1425,600.0,3.1427,4.0,3.1428,203.0
1753769652151,06:14:12.151,gate,XRP/USDT:USDT,3.1426,342.0,3.1425,600.0,3.1427,4.0,3.1428,203.0
1753769652268,06:14:12.268,gate,XRP/USDT:USDT,3.1426,342.0,3.1425,600.0,3.1427,4.0,3.1428,203.0
1753769652324,06:14:12.324,gate,XRP/USDT:USDT,3.1426,342.0,3.1425,600.0,3.1427,4.0,3.1428,203.0
1753769652468,06:14:12.468,gate,XRP/USDT:USDT,3.1426,342.0,3.1425,600.0,3.1427,4.0,3.1428,203.0
1753769652497,06:14:12.497,gate,XRP/USDT:USDT,3.1426,342.0,3.1425,600.0,3.1427,4.0,3.1428,203.0
1753769652637,06:14:12.637,gate,XRP/USDT:USDT,3.1426,342.0,3.1425,630.0,3.1427,4.0,3.1428,203.0
1753769652787,06:14:12.787,gate,XRP/USDT:USDT,3.1426,342.0,3.1425,630.0,3.1427,4.0,3.1428,203.0
1753769652893,06:14:12.893,gate,XRP/USDT:USDT,3.1426,342.0,3.1425,630.0,3.1427,4.0,3.1428,203.0
1753769652897,06:14:12.897,gate,XRP/USDT:USDT,3.1426,342.0,3.1425,630.0,3.1427,4.0,3.1428,203.0
1753769653069,06:14:13.069,gate,XRP/USDT:USDT,3.1426,342.0,3.1425,630.0,3.1427,4.0,3.1428,203.0
1753769653282,06:14:13.282,gate,XRP/USDT:USDT,3.1426,342.0,3.1425,630.0,3.1427,4.0,3.1428,203.0
1753769653467,06:14:13.467,gate,XRP/USDT:USDT,3.1426,342.0,3.1425,600.0,3.1427,4.0,3.1428,203.0
1753769653541,06:14:13.541,gate,XRP/USDT:USDT,3.1426,342.0,3.1425,600.0,3.1427,4.0,3.1428,203.0
1753769653668,06:14:13.668,gate,XRP/USDT:USDT,3.1426,342.0,3.1425,600.0,3.1427,4.0,3.1428,203.0
1753769653804,06:14:13.804,gate,XRP/USDT:USDT,3.1426,342.0,3.1425,600.0,3.1427,4.0,3.1428,203.0
1753769653917,06:14:13.917,gate,XRP/USDT:USDT,3.1426,342.0,3.1425,600.0,3.1427,4.0,3.1428,203.0
1753769654069,06:14:14.069,gate,XRP/USDT:USDT,3.1426,342.0,3.1425,600.0,3.1427,4.0,3.1428,203.0
1753769654468,06:14:14.468,gate,XRP/USDT:USDT,3.1426,342.0,3.1425,600.0,3.1427,4.0,3.1428,203.0
1753769654593,06:14:14.593,gate,XRP/USDT:USDT,3.1426,321.0,3.1425,600.0,3.1427,4.0,3.1428,203.0
1753769654670,06:14:14.670,gate,XRP/USDT:USDT,3.1426,249.0,3.1425,600.0,3.1427,28.0,3.1428,538.0
1753769654703,06:14:14.703,gate,XRP/USDT:USDT,3.1426,179.0,3.1425,600.0,3.1427,28.0,3.1428,538.0
