timestamp,time,exchange,symbol,bid1_price,bid1_volume,bid2_price,bid2_volume,ask1_price,ask1_volume,ask2_price,ask2_volume
1753769562628,06:12:42.628,xt,ETH/USDT:USDT,3807.91,4398.0,3807.9,97.0,3808.08,758.0,3808.09,143.0
1753769562388,06:12:42.388,xt,ETH/USDT:USDT,3807.91,5562.0,3807.9,30.0,3808.08,4209.0,3808.09,101.0
1753769562622,06:12:42.622,xt,ETH/USDT:USDT,3807.91,4006.0,3807.89,129.0,3808.08,2382.0,3808.09,128.0
1753769562744,06:12:42.744,xt,ETH/USDT:USDT,3807.91,4410.0,3807.89,95.0,3808.08,1778.0,3808.09,14.0
1753769562872,06:12:42.872,xt,ETH/USDT:USDT,3807.91,2484.0,3807.9,57.0,3808.08,5922.0,3808.09,6.0
1753769562984,06:12:42.984,xt,ETH/USDT:USDT,3807.91,1092.0,3807.9,6.0,3808.08,5671.0,3808.09,47.0
1753769563164,06:12:43.164,xt,ETH/USDT:USDT,3807.91,3533.0,3807.9,61.0,3808.08,2555.0,3808.1,5.0
1753769563342,06:12:43.342,xt,ETH/USDT:USDT,3807.91,6316.0,3807.89,95.0,3808.08,194.0,3808.09,115.0
1753769563464,06:12:43.464,xt,ETH/USDT:USDT,3807.91,4631.0,3807.9,25.0,3808.08,606.0,3808.09,48.0
1753769563698,06:12:43.698,xt,ETH/USDT:USDT,3807.91,3556.0,3807.89,45.0,3808.08,4747.0,3808.09,44.0
1753769563821,06:12:43.821,xt,ETH/USDT:USDT,3807.91,4874.0,3807.89,79.0,3808.08,5904.0,3808.09,61.0
1753769563944,06:12:43.944,xt,ETH/USDT:USDT,3807.91,2692.0,3807.9,85.0,3808.08,4482.0,3808.09,84.0
1753769564066,06:12:44.066,xt,ETH/USDT:USDT,3807.91,234.0,3807.9,144.0,3808.08,5917.0,3808.09,65.0
1753769564213,06:12:44.213,xt,ETH/USDT:USDT,3807.91,3043.0,3807.89,123.0,3808.08,3952.0,3808.1,60.0
1753769564301,06:12:44.301,xt,ETH/USDT:USDT,3807.91,5495.0,3807.9,58.0,3808.08,4710.0,3808.09,20.0
1753769564447,06:12:44.447,xt,ETH/USDT:USDT,3807.91,5916.0,3807.9,47.0,3808.08,3741.0,3808.09,115.0
1753769564669,06:12:44.669,xt,ETH/USDT:USDT,3807.91,2402.0,3807.9,35.0,3808.08,3884.0,3808.09,123.0
1753769564789,06:12:44.789,xt,ETH/USDT:USDT,3807.91,4887.0,3807.89,116.0,3808.08,5906.0,3808.1,22.0
1753769564899,06:12:44.899,xt,ETH/USDT:USDT,3807.91,3191.0,3807.9,90.0,3808.08,4612.0,3808.1,82.0
1753769565057,06:12:45.057,xt,ETH/USDT:USDT,3807.91,5889.0,3807.89,126.0,3808.08,1532.0,3808.1,60.0
1753769565150,06:12:45.150,xt,ETH/USDT:USDT,3807.91,1080.0,3807.9,108.0,3808.08,6551.0,3808.09,141.0
1753769565357,06:12:45.357,xt,ETH/USDT:USDT,3807.91,1593.0,3807.89,97.0,3808.08,1995.0,3808.09,78.0
1753769565477,06:12:45.477,xt,ETH/USDT:USDT,3807.91,3768.0,3807.9,98.0,3808.08,357.0,3808.09,38.0
1753769565596,06:12:45.596,xt,ETH/USDT:USDT,3807.91,2803.0,3807.89,91.0,3808.08,441.0,3808.1,36.0
1753769565708,06:12:45.708,xt,ETH/USDT:USDT,3807.91,4127.0,3807.89,62.0,3808.08,5022.0,3808.09,30.0
1753769565897,06:12:45.897,xt,ETH/USDT:USDT,3807.91,6022.0,3807.89,86.0,3808.08,2139.0,3808.09,131.0
1753769565946,06:12:45.946,xt,ETH/USDT:USDT,3808.09,3591.0,3808.08,17.0,3808.26,6023.0,3808.27,50.0
1753769566108,06:12:46.108,xt,ETH/USDT:USDT,3808.09,3378.0,3808.08,87.0,3808.26,4253.0,3808.28,83.0
1753769566200,06:12:46.200,xt,ETH/USDT:USDT,3808.09,5216.0,3808.07,67.0,3808.26,2066.0,3808.28,43.0
1753769566436,06:12:46.436,xt,ETH/USDT:USDT,3808.09,2448.0,3808.08,25.0,3808.26,3099.0,3808.27,28.0
1753769566559,06:12:46.559,xt,ETH/USDT:USDT,3808.09,661.0,3808.07,127.0,3808.26,176.0,3808.27,15.0
1753769566667,06:12:46.667,xt,ETH/USDT:USDT,3808.09,1199.0,3808.08,38.0,3808.26,5745.0,3808.27,130.0
1753769566791,06:12:46.791,xt,ETH/USDT:USDT,3808.09,6366.0,3808.08,126.0,3808.26,2475.0,3808.27,50.0
1753769566950,06:12:46.950,xt,ETH/USDT:USDT,3808.09,5280.0,3808.08,117.0,3808.26,405.0,3808.27,39.0
1753769567019,06:12:47.019,xt,ETH/USDT:USDT,3808.09,4078.0,3808.07,15.0,3808.26,390.0,3808.27,63.0
1753769567147,06:12:47.147,xt,ETH/USDT:USDT,3808.09,4959.0,3808.08,35.0,3808.26,4906.0,3808.27,87.0
1753769567361,06:12:47.361,xt,ETH/USDT:USDT,3808.09,1728.0,3808.07,134.0,3808.26,3279.0,3808.28,99.0
1753769567492,06:12:47.492,xt,ETH/USDT:USDT,3808.09,4341.0,3808.08,142.0,3808.26,885.0,3808.28,136.0
1753769567608,06:12:47.608,xt,ETH/USDT:USDT,3808.09,3313.0,3808.07,48.0,3808.26,5924.0,3808.28,132.0
1753769567771,06:12:47.771,xt,ETH/USDT:USDT,3808.09,1571.0,3808.08,11.0,3808.26,4485.0,3808.27,130.0
1753769567841,06:12:47.841,xt,ETH/USDT:USDT,3808.09,5352.0,3808.07,75.0,3808.26,5158.0,3808.27,11.0
1753769567997,06:12:47.997,xt,ETH/USDT:USDT,3808.09,411.0,3808.07,17.0,3808.26,2442.0,3808.28,6.0
1753769568190,06:12:48.190,xt,ETH/USDT:USDT,3808.09,3289.0,3808.07,113.0,3808.26,4049.0,3808.28,109.0
1753769568295,06:12:48.295,xt,ETH/USDT:USDT,3808.09,1069.0,3808.08,76.0,3808.26,4943.0,3808.28,8.0
1753769568417,06:12:48.417,xt,ETH/USDT:USDT,3808.09,4716.0,3808.07,144.0,3808.26,5864.0,3808.27,99.0
1753769568537,06:12:48.537,xt,ETH/USDT:USDT,3808.09,6276.0,3808.08,88.0,3808.26,2101.0,3808.28,142.0
1753769568656,06:12:48.656,xt,ETH/USDT:USDT,3808.09,3713.0,3808.08,75.0,3808.26,4989.0,3808.28,30.0
1753769568836,06:12:48.836,xt,ETH/USDT:USDT,3808.09,1582.0,3808.08,49.0,3808.26,4248.0,3808.28,115.0
1753769568889,06:12:48.889,xt,ETH/USDT:USDT,3808.09,5527.0,3808.07,17.0,3808.26,2794.0,3808.27,117.0
1753769569043,06:12:49.043,xt,ETH/USDT:USDT,3808.09,1790.0,3808.07,70.0,3808.26,4796.0,3808.27,49.0
1753769569250,06:12:49.250,xt,ETH/USDT:USDT,3808.11,1177.0,3808.09,81.0,3808.28,5528.0,3808.29,75.0
1753769569369,06:12:49.369,xt,ETH/USDT:USDT,3808.11,1437.0,3808.09,56.0,3808.28,6305.0,3808.29,17.0
1753769569491,06:12:49.491,xt,ETH/USDT:USDT,3808.11,3599.0,3808.09,33.0,3808.28,382.0,3808.29,14.0
1753769569671,06:12:49.671,xt,ETH/USDT:USDT,3808.11,6076.0,3808.1,69.0,3808.28,888.0,3808.3,18.0
1753769569731,06:12:49.731,xt,ETH/USDT:USDT,3808.11,1830.0,3808.1,94.0,3808.28,4167.0,3808.3,92.0
1753769569882,06:12:49.882,xt,ETH/USDT:USDT,3808.11,2538.0,3808.1,27.0,3808.28,1946.0,3808.3,43.0
1753769569979,06:12:49.979,xt,ETH/USDT:USDT,3808.11,4259.0,3808.1,13.0,3808.28,813.0,3808.29,19.0
1753769570096,06:12:50.096,xt,ETH/USDT:USDT,3808.11,989.0,3808.1,114.0,3808.28,1693.0,3808.3,133.0
1753769570328,06:12:50.328,xt,ETH/USDT:USDT,3808.11,2081.0,3808.09,29.0,3808.28,5091.0,3808.29,137.0
1753769570568,06:12:50.568,xt,ETH/USDT:USDT,3808.11,742.0,3808.09,127.0,3808.28,3977.0,3808.3,51.0
1753769570812,06:12:50.812,xt,ETH/USDT:USDT,3808.11,5853.0,3808.09,121.0,3808.28,6269.0,3808.29,130.0
1753769570931,06:12:50.931,xt,ETH/USDT:USDT,3808.11,4539.0,3808.09,22.0,3808.28,4663.0,3808.29,23.0
1753769571054,06:12:51.054,xt,ETH/USDT:USDT,3808.11,3581.0,3808.09,60.0,3808.28,2642.0,3808.29,44.0
1753769571173,06:12:51.173,xt,ETH/USDT:USDT,3808.11,3842.0,3808.09,102.0,3808.28,417.0,3808.29,99.0
1753769571290,06:12:51.290,xt,ETH/USDT:USDT,3808.25,707.0,3808.23,104.0,3808.42,2773.0,3808.43,103.0
1753769571416,06:12:51.416,xt,ETH/USDT:USDT,3808.25,3654.0,3808.24,75.0,3808.42,5559.0,3808.44,79.0
1753769571569,06:12:51.569,xt,ETH/USDT:USDT,3808.25,3812.0,3808.23,134.0,3808.42,1968.0,3808.44,79.0
1753769571649,06:12:51.649,xt,ETH/USDT:USDT,3808.25,2773.0,3808.24,28.0,3808.42,5262.0,3808.44,119.0
1753769571778,06:12:51.778,xt,ETH/USDT:USDT,3808.25,290.0,3808.24,52.0,3808.42,1795.0,3808.44,7.0
1753769571995,06:12:51.995,xt,ETH/USDT:USDT,3808.25,2696.0,3808.24,130.0,3808.42,3228.0,3808.43,27.0
1753769572138,06:12:52.138,xt,ETH/USDT:USDT,3808.25,161.0,3808.23,7.0,3808.42,4983.0,3808.44,58.0
1753769572252,06:12:52.252,xt,ETH/USDT:USDT,3808.25,3752.0,3808.23,99.0,3808.42,421.0,3808.44,137.0
1753769572405,06:12:52.405,xt,ETH/USDT:USDT,3808.25,1541.0,3808.23,32.0,3808.42,367.0,3808.43,39.0
1753769572499,06:12:52.499,xt,ETH/USDT:USDT,3808.25,1547.0,3808.24,102.0,3808.42,3163.0,3808.44,109.0
1753769572617,06:12:52.617,xt,ETH/USDT:USDT,3808.25,4774.0,3808.23,104.0,3808.42,3892.0,3808.44,81.0
1753769572727,06:12:52.727,xt,ETH/USDT:USDT,3808.25,967.0,3808.24,100.0,3808.42,2527.0,3808.44,96.0
1753769572822,06:12:52.822,xt,ETH/USDT:USDT,3808.25,988.0,3808.23,6.0,3808.42,5987.0,3808.44,60.0
1753769573065,06:12:53.065,xt,ETH/USDT:USDT,3808.25,3254.0,3808.23,118.0,3808.42,1705.0,3808.43,16.0
1753769573184,06:12:53.184,xt,ETH/USDT:USDT,3808.25,2690.0,3808.24,19.0,3808.42,1074.0,3808.44,59.0
1753769573304,06:12:53.304,xt,ETH/USDT:USDT,3808.25,5693.0,3808.23,11.0,3808.42,1192.0,3808.43,144.0
1753769573421,06:12:53.421,xt,ETH/USDT:USDT,3808.25,5624.0,3808.23,110.0,3808.42,857.0,3808.44,24.0
1753769573538,06:12:53.538,xt,ETH/USDT:USDT,3808.25,3724.0,3808.23,63.0,3808.42,1068.0,3808.44,123.0
1753769573668,06:12:53.668,xt,ETH/USDT:USDT,3808.25,5084.0,3808.24,53.0,3808.42,4342.0,3808.44,116.0
1753769573781,06:12:53.781,xt,ETH/USDT:USDT,3808.25,4225.0,3808.24,119.0,3808.42,2908.0,3808.44,126.0
1753769573888,06:12:53.888,xt,ETH/USDT:USDT,3808.25,6408.0,3808.24,106.0,3808.42,1807.0,3808.44,139.0
1753769574077,06:12:54.077,xt,ETH/USDT:USDT,3808.25,3528.0,3808.23,59.0,3808.42,3114.0,3808.43,21.0
1753769574113,06:12:54.113,xt,ETH/USDT:USDT,3808.25,4164.0,3808.23,56.0,3808.42,1666.0,3808.44,72.0
1753769574295,06:12:54.295,xt,ETH/USDT:USDT,3808.25,1396.0,3808.24,46.0,3808.42,694.0,3808.44,120.0
1753769574470,06:12:54.470,xt,ETH/USDT:USDT,3808.25,1185.0,3808.24,48.0,3808.42,6489.0,3808.43,115.0
1753769574599,06:12:54.599,xt,ETH/USDT:USDT,3808.25,2006.0,3808.24,39.0,3808.42,4456.0,3808.43,23.0
1753769574717,06:12:54.717,xt,ETH/USDT:USDT,3808.25,6459.0,3808.23,4.0,3808.42,1873.0,3808.43,94.0
1753769574833,06:12:54.833,xt,ETH/USDT:USDT,3808.25,5443.0,3808.23,5.0,3808.42,6453.0,3808.43,41.0
1753769574966,06:12:54.966,xt,ETH/USDT:USDT,3808.25,652.0,3808.23,17.0,3808.42,6534.0,3808.44,99.0
1753769575133,06:12:55.133,xt,ETH/USDT:USDT,3808.25,155.0,3808.24,61.0,3808.42,5424.0,3808.43,10.0
1753769575192,06:12:55.192,xt,ETH/USDT:USDT,3808.25,1191.0,3808.23,86.0,3808.42,4717.0,3808.44,19.0
1753769575351,06:12:55.351,xt,ETH/USDT:USDT,3808.25,3506.0,3808.24,99.0,3808.42,2511.0,3808.43,131.0
1753769575556,06:12:55.556,xt,ETH/USDT:USDT,3808.25,312.0,3808.23,75.0,3808.42,1225.0,3808.43,95.0
1753769575679,06:12:55.679,xt,ETH/USDT:USDT,3808.25,4203.0,3808.23,38.0,3808.42,254.0,3808.44,42.0
1753769575802,06:12:55.802,xt,ETH/USDT:USDT,3808.25,5770.0,3808.23,139.0,3808.42,3726.0,3808.44,55.0
1753769575909,06:12:55.909,xt,ETH/USDT:USDT,3808.25,2152.0,3808.24,84.0,3808.42,684.0,3808.43,78.0
1753769576035,06:12:56.035,xt,ETH/USDT:USDT,3808.25,377.0,3808.24,72.0,3808.42,4025.0,3808.44,51.0
1753769576186,06:12:56.186,xt,ETH/USDT:USDT,3808.25,6260.0,3808.24,46.0,3808.42,3823.0,3808.43,86.0
1753769576268,06:12:56.268,xt,ETH/USDT:USDT,3808.25,3251.0,3808.23,144.0,3808.42,639.0,3808.44,65.0
1753769576389,06:12:56.389,xt,ETH/USDT:USDT,3808.25,3478.0,3808.24,115.0,3808.42,1618.0,3808.44,126.0
1753769576600,06:12:56.600,xt,ETH/USDT:USDT,3808.25,4124.0,3808.23,24.0,3808.42,2747.0,3808.43,100.0
1753769576637,06:12:56.637,xt,ETH/USDT:USDT,3808.25,338.0,3808.23,119.0,3808.42,3463.0,3808.44,106.0
1753769576808,06:12:56.808,xt,ETH/USDT:USDT,3808.25,4095.0,3808.24,84.0,3808.42,4527.0,3808.43,15.0
1753769576879,06:12:56.879,xt,ETH/USDT:USDT,3808.25,5927.0,3808.23,35.0,3808.42,761.0,3808.43,22.0
1753769577238,06:12:57.238,xt,ETH/USDT:USDT,3808.25,4149.0,3808.24,120.0,3808.42,5114.0,3808.44,92.0
1753769577356,06:12:57.356,xt,ETH/USDT:USDT,3808.25,2924.0,3808.24,24.0,3808.42,5133.0,3808.43,133.0
1753769577473,06:12:57.473,xt,ETH/USDT:USDT,3808.25,1895.0,3808.24,108.0,3808.42,6403.0,3808.44,54.0
1753769577659,06:12:57.659,xt,ETH/USDT:USDT,3808.25,6509.0,3808.23,49.0,3808.42,2148.0,3808.43,29.0
1753769577719,06:12:57.719,xt,ETH/USDT:USDT,3808.25,3144.0,3808.24,67.0,3808.42,5007.0,3808.44,81.0
1753769577864,06:12:57.864,xt,ETH/USDT:USDT,3808.25,4020.0,3808.23,127.0,3808.42,6520.0,3808.44,79.0
1753769577949,06:12:57.949,xt,ETH/USDT:USDT,3808.25,1440.0,3808.24,69.0,3808.42,6188.0,3808.43,114.0
1753769578069,06:12:58.069,xt,ETH/USDT:USDT,3808.25,3024.0,3808.23,26.0,3808.42,4723.0,3808.43,120.0
1753769578284,06:12:58.284,xt,ETH/USDT:USDT,3808.25,1097.0,3808.24,15.0,3808.42,3372.0,3808.43,96.0
1753769578308,06:12:58.308,xt,ETH/USDT:USDT,3808.25,5445.0,3808.24,42.0,3808.42,3095.0,3808.44,135.0
1753769578543,06:12:58.543,xt,ETH/USDT:USDT,3808.25,4276.0,3808.24,21.0,3808.42,2543.0,3808.44,129.0
1753769578673,06:12:58.673,xt,ETH/USDT:USDT,3808.25,2675.0,3808.23,87.0,3808.42,3982.0,3808.43,32.0
1753769578802,06:12:58.802,xt,ETH/USDT:USDT,3808.25,1591.0,3808.23,36.0,3808.42,3052.0,3808.44,24.0
1753769578909,06:12:58.909,xt,ETH/USDT:USDT,3808.25,684.0,3808.24,142.0,3808.42,4537.0,3808.44,51.0
1753769579037,06:12:59.037,xt,ETH/USDT:USDT,3808.25,6393.0,3808.24,4.0,3808.42,3804.0,3808.43,68.0
1753769579161,06:12:59.161,xt,ETH/USDT:USDT,3808.25,3557.0,3808.24,95.0,3808.42,5595.0,3808.43,19.0
1753769579268,06:12:59.268,xt,ETH/USDT:USDT,3808.25,5560.0,3808.24,115.0,3808.42,1424.0,3808.43,111.0
1753769579394,06:12:59.394,xt,ETH/USDT:USDT,3808.25,4513.0,3808.23,45.0,3808.42,2041.0,3808.44,114.0
1753769579550,06:12:59.550,xt,ETH/USDT:USDT,3808.25,6296.0,3808.23,71.0,3808.42,3186.0,3808.43,70.0
1753769579632,06:12:59.632,xt,ETH/USDT:USDT,3808.25,2877.0,3808.23,54.0,3808.42,5592.0,3808.44,142.0
1753769579747,06:12:59.747,xt,ETH/USDT:USDT,3808.25,2727.0,3808.23,127.0,3808.42,4736.0,3808.43,115.0
1753769579989,06:12:59.989,xt,ETH/USDT:USDT,3808.25,5822.0,3808.23,49.0,3808.42,2923.0,3808.44,13.0
1753769580228,06:13:00.228,xt,ETH/USDT:USDT,3808.25,1252.0,3808.24,38.0,3808.42,2347.0,3808.43,140.0
1753769580453,06:13:00.453,xt,ETH/USDT:USDT,3808.25,5763.0,3808.23,136.0,3808.42,4466.0,3808.43,134.0
1753769580593,06:13:00.593,xt,ETH/USDT:USDT,3808.25,3219.0,3808.24,85.0,3808.42,1698.0,3808.43,20.0
1753769580718,06:13:00.718,xt,ETH/USDT:USDT,3808.25,1012.0,3808.24,13.0,3808.42,3635.0,3808.44,114.0
1753769580835,06:13:00.835,xt,ETH/USDT:USDT,3808.25,2014.0,3808.24,6.0,3808.42,2360.0,3808.44,38.0
1753769581015,06:13:01.015,xt,ETH/USDT:USDT,3808.25,2701.0,3808.23,100.0,3808.42,2493.0,3808.44,62.0
1753769581075,06:13:01.075,xt,ETH/USDT:USDT,3808.25,2398.0,3808.23,19.0,3808.42,709.0,3808.44,8.0
1753769581229,06:13:01.229,xt,ETH/USDT:USDT,3808.25,5446.0,3808.24,143.0,3808.42,5571.0,3808.44,9.0
1753769581312,06:13:01.312,xt,ETH/USDT:USDT,3808.25,5196.0,3808.23,141.0,3808.42,4862.0,3808.43,101.0
1753769581433,06:13:01.433,xt,ETH/USDT:USDT,3808.25,656.0,3808.24,11.0,3808.42,4599.0,3808.44,85.0
1753769581643,06:13:01.643,xt,ETH/USDT:USDT,3808.25,5741.0,3808.23,94.0,3808.42,966.0,3808.43,20.0
1753769581977,06:13:01.977,xt,ETH/USDT:USDT,3808.25,1867.0,3808.24,72.0,3808.42,369.0,3808.43,87.0
1753769581854,06:13:01.854,xt,ETH/USDT:USDT,3808.25,4982.0,3808.24,49.0,3808.42,3077.0,3808.43,132.0
1753769582030,06:13:02.030,xt,ETH/USDT:USDT,3808.25,3293.0,3808.24,94.0,3808.42,929.0,3808.43,118.0
1753769582148,06:13:02.148,xt,ETH/USDT:USDT,3808.25,6030.0,3808.23,62.0,3808.42,2516.0,3808.44,44.0
1753769582278,06:13:02.278,xt,ETH/USDT:USDT,3808.25,4894.0,3808.23,136.0,3808.42,2218.0,3808.44,21.0
1753769582403,06:13:02.403,xt,ETH/USDT:USDT,3808.25,5503.0,3808.23,45.0,3808.42,188.0,3808.43,84.0
1753769582514,06:13:02.514,xt,ETH/USDT:USDT,3808.25,5080.0,3808.23,84.0,3808.42,191.0,3808.44,101.0
1753769582636,06:13:02.636,xt,ETH/USDT:USDT,3808.25,2068.0,3808.23,10.0,3808.42,2636.0,3808.44,50.0
1753769582742,06:13:02.742,xt,ETH/USDT:USDT,3808.25,5403.0,3808.23,88.0,3808.42,3831.0,3808.43,29.0
1753769582936,06:13:02.936,xt,ETH/USDT:USDT,3808.25,4939.0,3808.24,117.0,3808.42,2373.0,3808.44,16.0
1753769583078,06:13:03.078,xt,ETH/USDT:USDT,3808.25,1413.0,3808.24,142.0,3808.42,4998.0,3808.44,104.0
1753769583202,06:13:03.202,xt,ETH/USDT:USDT,3808.25,2605.0,3808.23,74.0,3808.42,4982.0,3808.43,52.0
1753769583325,06:13:03.325,xt,ETH/USDT:USDT,3808.25,1729.0,3808.23,47.0,3808.42,2151.0,3808.44,104.0
1753769583440,06:13:03.440,xt,ETH/USDT:USDT,3806.1,5039.0,3806.08,68.0,3808.42,2463.0,3808.44,111.0
1753769583561,06:13:03.561,xt,ETH/USDT:USDT,3806.1,6803.0,3806.08,89.0,3808.42,5830.0,3808.44,30.0
1753769583683,06:13:03.683,xt,ETH/USDT:USDT,3806.1,8224.0,3806.08,95.0,3808.42,397.0,3808.43,89.0
1753769583809,06:13:03.809,xt,ETH/USDT:USDT,3806.1,3789.0,3806.08,119.0,3808.42,6256.0,3808.43,28.0
1753769583982,06:13:03.982,xt,ETH/USDT:USDT,3806.1,5270.0,3806.08,76.0,3808.42,1362.0,3808.43,9.0
1753769584017,06:13:04.017,xt,ETH/USDT:USDT,3806.1,6137.0,3806.08,78.0,3808.25,6451.0,3808.28,110.0
1753769584251,06:13:04.251,xt,ETH/USDT:USDT,3806.1,9187.0,3806.08,142.0,3808.25,4644.0,3808.27,99.0
1753769584494,06:13:04.494,xt,ETH/USDT:USDT,3806.1,4618.0,3806.07,119.0,3808.25,5121.0,3808.28,140.0
1753769584734,06:13:04.734,xt,ETH/USDT:USDT,3806.1,4288.0,3806.07,105.0,3808.25,495.0,3808.27,5.0
1753769584856,06:13:04.856,xt,ETH/USDT:USDT,3806.1,6335.0,3806.08,50.0,3808.25,729.0,3808.27,45.0
1753769585037,06:13:05.037,xt,ETH/USDT:USDT,3806.1,7195.0,3806.07,129.0,3808.25,6483.0,3808.27,29.0
1753769585097,06:13:05.097,xt,ETH/USDT:USDT,3806.1,8611.0,3806.07,38.0,3808.09,4409.0,3808.12,36.0
1753769585242,06:13:05.242,xt,ETH/USDT:USDT,3806.1,9117.0,3806.07,70.0,3808.09,2972.0,3808.12,53.0
1753769585332,06:13:05.332,xt,ETH/USDT:USDT,3806.1,9595.0,3806.07,36.0,3808.09,1856.0,3808.11,45.0
1753769585550,06:13:05.550,xt,ETH/USDT:USDT,3806.1,8002.0,3806.08,43.0,3808.09,2156.0,3808.12,110.0
1753769585658,06:13:05.658,xt,ETH/USDT:USDT,3806.1,7039.0,3806.07,72.0,3808.09,4983.0,3808.12,133.0
1753769585779,06:13:05.779,xt,ETH/USDT:USDT,3806.1,8517.0,3806.08,7.0,3808.09,4329.0,3808.12,37.0
1753769585879,06:13:05.879,xt,ETH/USDT:USDT,3806.1,8494.0,3806.08,134.0,3808.09,4221.0,3808.11,102.0
1753769585991,06:13:05.991,xt,ETH/USDT:USDT,3806.1,9129.0,3806.08,17.0,3808.09,4100.0,3808.12,46.0
1753769586231,06:13:06.231,xt,ETH/USDT:USDT,3806.1,5421.0,3806.07,144.0,3808.09,6290.0,3808.12,39.0
1753769586358,06:13:06.358,xt,ETH/USDT:USDT,3806.1,9392.0,3806.07,40.0,3808.09,4714.0,3808.11,66.0
1753769586469,06:13:06.469,xt,ETH/USDT:USDT,3806.1,10904.0,3806.07,9.0,3808.09,4963.0,3808.11,107.0
1753769586586,06:13:06.586,xt,ETH/USDT:USDT,3806.1,7086.0,3806.08,83.0,3808.09,5722.0,3808.12,135.0
1753769586682,06:13:06.682,xt,ETH/USDT:USDT,3806.1,8907.0,3806.07,110.0,3808.09,4238.0,3808.11,37.0
1753769586806,06:13:06.806,xt,ETH/USDT:USDT,3806.1,4672.0,3806.08,140.0,3808.09,804.0,3808.11,38.0
1753769587047,06:13:07.047,xt,ETH/USDT:USDT,3806.1,8735.0,3806.07,28.0,3808.09,5749.0,3808.12,87.0
1753769587281,06:13:07.281,xt,ETH/USDT:USDT,3806.1,9381.0,3806.08,60.0,3808.09,4175.0,3808.11,28.0
1753769587370,06:13:07.370,xt,ETH/USDT:USDT,3806.1,9381.0,3806.08,60.0,3808.09,4175.0,3808.11,28.0
1753769587519,06:13:07.519,xt,ETH/USDT:USDT,3806.1,5865.0,3806.07,134.0,3808.09,6081.0,3808.11,106.0
1753769587652,06:13:07.652,xt,ETH/USDT:USDT,3806.1,5981.0,3806.08,11.0,3808.09,4970.0,3808.12,59.0
1753769587764,06:13:07.764,xt,ETH/USDT:USDT,3806.1,5435.0,3806.08,36.0,3808.09,6421.0,3808.12,55.0
1753769587880,06:13:07.880,xt,ETH/USDT:USDT,3806.1,6714.0,3806.08,15.0,3808.09,5664.0,3808.12,98.0
1753769588003,06:13:08.003,xt,ETH/USDT:USDT,3806.1,6063.0,3806.07,118.0,3808.09,5472.0,3808.12,63.0
1753769588122,06:13:08.122,xt,ETH/USDT:USDT,3806.1,5946.0,3806.07,106.0,3808.09,1889.0,3808.12,41.0
1753769588242,06:13:08.242,xt,ETH/USDT:USDT,3806.1,9960.0,3806.07,111.0,3808.09,1305.0,3808.11,30.0
1753769588417,06:13:08.417,xt,ETH/USDT:USDT,3807.92,2468.0,3807.9,12.0,3808.09,4426.0,3808.12,140.0
1753769588487,06:13:08.487,xt,ETH/USDT:USDT,3807.92,1460.0,3807.89,140.0,3808.09,5451.0,3808.11,56.0
1753769588725,06:13:08.725,xt,ETH/USDT:USDT,3807.92,2151.0,3807.9,126.0,3808.09,666.0,3808.11,82.0
1753769588846,06:13:08.846,xt,ETH/USDT:USDT,3807.92,2765.0,3807.9,45.0,3808.09,5597.0,3808.12,12.0
1753769588959,06:13:08.959,xt,ETH/USDT:USDT,3807.92,2821.0,3807.9,118.0,3808.09,2909.0,3808.11,7.0
1753769589078,06:13:09.078,xt,ETH/USDT:USDT,3807.92,674.0,3807.9,57.0,3808.09,3901.0,3808.11,110.0
1753769589259,06:13:09.259,xt,ETH/USDT:USDT,3807.92,329.0,3807.89,68.0,3808.09,6169.0,3808.11,54.0
1753769589327,06:13:09.327,xt,ETH/USDT:USDT,3807.92,690.0,3807.9,124.0,3808.09,2143.0,3808.12,8.0
1753769589470,06:13:09.470,xt,ETH/USDT:USDT,3807.92,5408.0,3807.9,4.0,3808.09,2492.0,3808.12,130.0
1753769589565,06:13:09.565,xt,ETH/USDT:USDT,3807.92,1973.0,3807.9,133.0,3808.09,1776.0,3808.11,75.0
1753769589809,06:13:09.809,xt,ETH/USDT:USDT,3807.92,3115.0,3807.9,48.0,3808.09,356.0,3808.11,5.0
1753769589919,06:13:09.919,xt,ETH/USDT:USDT,3807.92,1230.0,3807.89,87.0,3808.09,5747.0,3808.11,72.0
1753769590052,06:13:10.052,xt,ETH/USDT:USDT,3807.92,5935.0,3807.9,76.0,3808.09,4803.0,3808.11,118.0
1753769590162,06:13:10.162,xt,ETH/USDT:USDT,3807.92,2613.0,3807.89,22.0,3808.09,3610.0,3808.11,83.0
1753769590318,06:13:10.318,xt,ETH/USDT:USDT,3807.92,1224.0,3807.9,96.0,3808.09,6490.0,3808.12,24.0
1753769590401,06:13:10.401,xt,ETH/USDT:USDT,3807.92,5070.0,3807.9,43.0,3808.09,2523.0,3808.12,71.0
1753769590520,06:13:10.520,xt,ETH/USDT:USDT,3807.9,43.0,3807.88,103.0,3808.12,71.0,3808.13,141.0
1753769590520,06:13:10.520,xt,ETH/USDT:USDT,3807.92,4620.0,3807.9,4.0,3808.09,6293.0,3808.11,23.0
1753769590733,06:13:10.733,xt,ETH/USDT:USDT,3807.92,712.0,3807.9,13.0,3808.09,3688.0,3808.12,60.0
1753769590848,06:13:10.848,xt,ETH/USDT:USDT,3807.92,6294.0,3807.89,142.0,3808.09,4953.0,3808.12,40.0
1753769590977,06:13:10.977,xt,ETH/USDT:USDT,3807.92,5485.0,3807.9,71.0,3808.09,3704.0,3808.11,93.0
1753769591208,06:13:11.208,xt,ETH/USDT:USDT,3807.92,6448.0,3807.9,26.0,3808.09,5589.0,3808.12,5.0
1753769591364,06:13:11.364,xt,ETH/USDT:USDT,3807.92,1684.0,3807.9,82.0,3808.09,6473.0,3808.11,111.0
1753769591451,06:13:11.451,xt,ETH/USDT:USDT,3807.92,5710.0,3807.89,40.0,3808.09,2805.0,3808.12,122.0
1753769591579,06:13:11.579,xt,ETH/USDT:USDT,3807.92,4915.0,3807.89,124.0,3808.09,224.0,3808.11,47.0
1753769591687,06:13:11.687,xt,ETH/USDT:USDT,3807.92,3282.0,3807.9,29.0,3808.09,5521.0,3808.12,9.0
1753769591810,06:13:11.810,xt,ETH/USDT:USDT,3807.92,690.0,3807.89,83.0,3808.09,4850.0,3808.11,104.0
1753769591990,06:13:11.990,xt,ETH/USDT:USDT,3807.92,1654.0,3807.9,110.0,3808.09,2787.0,3808.12,46.0
1753769592059,06:13:12.059,xt,ETH/USDT:USDT,3807.92,1904.0,3807.9,96.0,3808.09,4939.0,3808.12,122.0
1753769592296,06:13:12.296,xt,ETH/USDT:USDT,3807.92,2706.0,3807.9,57.0,3808.09,5930.0,3808.12,50.0
1753769592414,06:13:12.414,xt,ETH/USDT:USDT,3807.92,5768.0,3807.9,56.0,3808.09,2423.0,3808.11,82.0
1753769592535,06:13:12.535,xt,ETH/USDT:USDT,3807.92,5190.0,3807.89,135.0,3808.09,6315.0,3808.11,123.0
1753769592659,06:13:12.659,xt,ETH/USDT:USDT,3807.92,1685.0,3807.89,59.0,3808.09,1236.0,3808.12,69.0
1753769592832,06:13:12.832,xt,ETH/USDT:USDT,3807.92,5545.0,3807.89,141.0,3808.09,2018.0,3808.12,123.0
1753769592893,06:13:12.893,xt,ETH/USDT:USDT,3807.92,377.0,3807.9,101.0,3808.09,5264.0,3808.12,62.0
1753769593133,06:13:13.133,xt,ETH/USDT:USDT,3807.92,4963.0,3807.89,72.0,3808.09,3846.0,3808.12,18.0
1753769593376,06:13:13.376,xt,ETH/USDT:USDT,3807.92,5124.0,3807.9,108.0,3808.09,6451.0,3808.11,139.0
1753769593492,06:13:13.492,xt,ETH/USDT:USDT,3807.92,196.0,3807.89,44.0,3808.09,2493.0,3808.11,25.0
1753769593608,06:13:13.608,xt,ETH/USDT:USDT,3807.92,5249.0,3807.9,53.0,3808.09,5687.0,3808.11,7.0
1753769593873,06:13:13.873,xt,ETH/USDT:USDT,3807.52,5966.0,3807.49,61.0,3807.69,5004.0,3807.72,89.0
1753769593941,06:13:13.941,xt,ETH/USDT:USDT,3807.52,5355.0,3807.5,97.0,3807.69,3405.0,3807.71,23.0
1753769594098,06:13:14.098,xt,ETH/USDT:USDT,3807.52,4696.0,3807.5,118.0,3807.69,6514.0,3807.71,88.0
1753769594182,06:13:14.182,xt,ETH/USDT:USDT,3807.52,3381.0,3807.49,5.0,3807.69,6287.0,3807.72,33.0
1753769594302,06:13:14.302,xt,ETH/USDT:USDT,3807.52,2533.0,3807.5,98.0,3807.69,492.0,3807.71,6.0
1753769594544,06:13:14.544,xt,ETH/USDT:USDT,3807.52,5526.0,3807.5,118.0,3807.69,6496.0,3807.71,132.0
1753769594661,06:13:14.661,xt,ETH/USDT:USDT,3807.52,2956.0,3807.49,112.0,3807.69,2362.0,3807.71,61.0
1753769594784,06:13:14.784,xt,ETH/USDT:USDT,3807.52,329.0,3807.49,97.0,3807.69,3010.0,3807.71,96.0
1753769594901,06:13:14.901,xt,ETH/USDT:USDT,3807.52,4331.0,3807.49,128.0,3807.69,3605.0,3807.71,139.0
1753769595019,06:13:15.019,xt,ETH/USDT:USDT,3807.52,1999.0,3807.5,105.0,3807.69,976.0,3807.71,28.0
1753769595138,06:13:15.138,xt,ETH/USDT:USDT,3807.52,4881.0,3807.5,27.0,3807.69,4729.0,3807.72,54.0
1753769595268,06:13:15.268,xt,ETH/USDT:USDT,3807.52,3575.0,3807.5,51.0,3807.69,3016.0,3807.71,11.0
1753769595388,06:13:15.388,xt,ETH/USDT:USDT,3807.52,3973.0,3807.5,122.0,3807.69,1539.0,3807.72,33.0
1753769595566,06:13:15.566,xt,ETH/USDT:USDT,3807.52,3193.0,3807.5,121.0,3807.69,605.0,3807.71,98.0
1753769595627,06:13:15.627,xt,ETH/USDT:USDT,3807.52,3913.0,3807.49,51.0,3807.69,5944.0,3807.71,46.0
1753769595779,06:13:15.779,xt,ETH/USDT:USDT,3807.52,6468.0,3807.5,140.0,3807.69,1001.0,3807.72,19.0
1753769595861,06:13:15.861,xt,ETH/USDT:USDT,3807.52,2829.0,3807.49,138.0,3807.69,880.0,3807.72,99.0
1753769596104,06:13:16.104,xt,ETH/USDT:USDT,3807.52,2176.0,3807.5,48.0,3807.69,5327.0,3807.71,25.0
1753769596232,06:13:16.232,xt,ETH/USDT:USDT,3807.52,5311.0,3807.5,97.0,3807.69,2817.0,3807.71,129.0
1753769596353,06:13:16.353,xt,ETH/USDT:USDT,3807.52,4891.0,3807.49,44.0,3807.69,2743.0,3807.71,76.0
1753769596460,06:13:16.460,xt,ETH/USDT:USDT,3807.52,2518.0,3807.5,53.0,3807.69,3152.0,3807.72,56.0
1753769596614,06:13:16.614,xt,ETH/USDT:USDT,3807.52,6134.0,3807.49,38.0,3807.69,3698.0,3807.72,73.0
1753769596702,06:13:16.702,xt,ETH/USDT:USDT,3807.52,2329.0,3807.49,101.0,3807.69,4620.0,3807.72,135.0
1753769596819,06:13:16.819,xt,ETH/USDT:USDT,3807.52,2116.0,3807.49,100.0,3807.69,2897.0,3807.71,99.0
1753769596947,06:13:16.947,xt,ETH/USDT:USDT,3807.52,4777.0,3807.49,50.0,3807.69,2372.0,3807.72,22.0
1753769597065,06:13:17.065,xt,ETH/USDT:USDT,3807.52,726.0,3807.5,26.0,3807.69,136.0,3807.71,139.0
1753769597242,06:13:17.242,xt,ETH/USDT:USDT,3807.52,4477.0,3807.49,71.0,3807.69,489.0,3807.71,119.0
1753769597301,06:13:17.301,xt,ETH/USDT:USDT,3807.52,1156.0,3807.5,83.0,3807.69,487.0,3807.71,100.0
1753769597543,06:13:17.543,xt,ETH/USDT:USDT,3807.52,3304.0,3807.49,141.0,3807.69,1013.0,3807.72,40.0
1753769597660,06:13:17.660,xt,ETH/USDT:USDT,3807.52,6335.0,3807.49,74.0,3807.69,1368.0,3807.72,24.0
1753769597787,06:13:17.787,xt,ETH/USDT:USDT,3807.52,6433.0,3807.5,28.0,3807.69,2351.0,3807.72,109.0
1753769597909,06:13:17.909,xt,ETH/USDT:USDT,3807.52,4797.0,3807.5,141.0,3807.69,2652.0,3807.71,90.0
1753769598025,06:13:18.025,xt,ETH/USDT:USDT,3807.52,5223.0,3807.49,105.0,3807.69,1551.0,3807.71,58.0
1753769598143,06:13:18.143,xt,ETH/USDT:USDT,3807.52,2643.0,3807.49,42.0,3807.69,1770.0,3807.71,90.0
1753769598294,06:13:18.294,xt,ETH/USDT:USDT,3807.52,5072.0,3807.5,91.0,3807.69,1255.0,3807.72,134.0
1753769598382,06:13:18.382,xt,ETH/USDT:USDT,3807.52,4799.0,3807.49,121.0,3807.69,432.0,3807.72,60.0
1753769598621,06:13:18.621,xt,ETH/USDT:USDT,3807.52,3969.0,3807.49,141.0,3807.69,3299.0,3807.72,24.0
1753769598740,06:13:18.740,xt,ETH/USDT:USDT,3807.52,2533.0,3807.49,105.0,3807.69,4821.0,3807.72,50.0
1753769598858,06:13:18.858,xt,ETH/USDT:USDT,3807.52,4142.0,3807.5,106.0,3807.69,3860.0,3807.71,112.0
1753769599103,06:13:19.103,xt,ETH/USDT:USDT,3807.52,3281.0,3807.49,44.0,3807.69,4041.0,3807.72,48.0
1753769599225,06:13:19.225,xt,ETH/USDT:USDT,3807.52,3438.0,3807.5,92.0,3807.69,3997.0,3807.71,40.0
1753769599369,06:13:19.369,xt,ETH/USDT:USDT,3807.52,3012.0,3807.49,23.0,3807.69,6566.0,3807.72,69.0
1753769599463,06:13:19.463,xt,ETH/USDT:USDT,3807.52,404.0,3807.5,26.0,3807.69,2263.0,3807.72,129.0
1753769599583,06:13:19.583,xt,ETH/USDT:USDT,3807.52,2041.0,3807.5,57.0,3807.69,5319.0,3807.72,60.0
1753769599795,06:13:19.795,xt,ETH/USDT:USDT,3807.52,1550.0,3807.5,33.0,3807.69,1731.0,3807.72,101.0
1753769599939,06:13:19.939,xt,ETH/USDT:USDT,3807.52,2405.0,3807.5,122.0,3807.69,4237.0,3807.72,134.0
1753769600063,06:13:20.063,xt,ETH/USDT:USDT,3807.52,2534.0,3807.5,39.0,3807.69,4319.0,3807.72,50.0
1753769600209,06:13:20.209,xt,ETH/USDT:USDT,3807.52,4174.0,3807.49,127.0,3807.69,768.0,3807.72,21.0
1753769600310,06:13:20.310,xt,ETH/USDT:USDT,3807.52,1694.0,3807.49,18.0,3807.69,396.0,3807.72,12.0
1753769600431,06:13:20.431,xt,ETH/USDT:USDT,3807.52,5713.0,3807.49,28.0,3807.69,3120.0,3807.71,25.0
1753769600541,06:13:20.541,xt,ETH/USDT:USDT,3807.52,5449.0,3807.5,139.0,3807.69,1367.0,3807.72,131.0
1753769600661,06:13:20.661,xt,ETH/USDT:USDT,3807.52,410.0,3807.49,68.0,3807.69,3247.0,3807.72,131.0
1753769600836,06:13:20.836,xt,ETH/USDT:USDT,3807.52,5624.0,3807.5,52.0,3807.69,6165.0,3807.72,86.0
1753769601027,06:13:21.027,xt,ETH/USDT:USDT,3807.52,4993.0,3807.49,39.0,3807.69,2646.0,3807.72,48.0
1753769601261,06:13:21.261,xt,ETH/USDT:USDT,3807.52,5263.0,3807.5,57.0,3807.69,5505.0,3807.71,120.0
1753769601386,06:13:21.386,xt,ETH/USDT:USDT,3807.52,3323.0,3807.49,105.0,3807.69,4111.0,3807.72,5.0
1753769601507,06:13:21.507,xt,ETH/USDT:USDT,3807.52,4906.0,3807.49,75.0,3807.69,273.0,3807.72,107.0
1753769601682,06:13:21.682,xt,ETH/USDT:USDT,3807.52,6525.0,3807.5,29.0,3807.69,258.0,3807.71,11.0
1753769601742,06:13:21.742,xt,ETH/USDT:USDT,3807.52,643.0,3807.49,5.0,3807.69,170.0,3807.71,130.0
1753769601899,06:13:21.899,xt,ETH/USDT:USDT,3807.52,978.0,3807.49,41.0,3807.69,3892.0,3807.72,103.0
1753769601982,06:13:21.982,xt,ETH/USDT:USDT,3807.52,1569.0,3807.5,30.0,3807.69,4838.0,3807.72,41.0
1753769602101,06:13:22.101,xt,ETH/USDT:USDT,3807.52,3689.0,3807.5,5.0,3807.69,3525.0,3807.72,138.0
1753769602314,06:13:22.314,xt,ETH/USDT:USDT,3807.11,5150.0,3807.09,33.0,3807.28,1784.0,3807.29,12.0
1753769602463,06:13:22.463,xt,ETH/USDT:USDT,3807.11,2160.0,3807.09,27.0,3807.28,751.0,3807.29,116.0
1753769602583,06:13:22.583,xt,ETH/USDT:USDT,3807.11,443.0,3807.09,20.0,3807.28,5552.0,3807.3,121.0
1753769602740,06:13:22.740,xt,ETH/USDT:USDT,3807.11,422.0,3807.09,114.0,3807.28,4170.0,3807.29,68.0
1753769602820,06:13:22.820,xt,ETH/USDT:USDT,3807.11,3730.0,3807.1,78.0,3807.28,2849.0,3807.29,80.0
1753769602944,06:13:22.944,xt,ETH/USDT:USDT,3807.11,3036.0,3807.1,81.0,3807.28,2411.0,3807.3,78.0
1753769603063,06:13:23.063,xt,ETH/USDT:USDT,3807.11,2556.0,3807.1,13.0,3807.28,2095.0,3807.29,75.0
1753769603179,06:13:23.179,xt,ETH/USDT:USDT,3807.11,5582.0,3807.1,104.0,3807.28,5413.0,3807.3,71.0
1753769603309,06:13:23.309,xt,ETH/USDT:USDT,3807.11,3935.0,3807.09,47.0,3807.28,3158.0,3807.3,128.0
1753769603429,06:13:23.429,xt,ETH/USDT:USDT,3807.11,2029.0,3807.1,60.0,3807.28,4122.0,3807.29,120.0
1753769603572,06:13:23.572,xt,ETH/USDT:USDT,3807.11,860.0,3807.09,138.0,3807.28,3436.0,3807.3,41.0
1753769603668,06:13:23.668,xt,ETH/USDT:USDT,3807.11,4612.0,3807.1,101.0,3807.28,3690.0,3807.29,53.0
1753769603789,06:13:23.789,xt,ETH/USDT:USDT,3807.11,3020.0,3807.09,16.0,3807.28,795.0,3807.3,15.0
1753769603993,06:13:23.993,xt,ETH/USDT:USDT,3807.11,1306.0,3807.1,53.0,3807.28,5480.0,3807.29,56.0
1753769604263,06:13:24.263,xt,ETH/USDT:USDT,3807.11,2688.0,3807.09,41.0,3807.28,3877.0,3807.3,19.0
1753769604413,06:13:24.413,xt,ETH/USDT:USDT,3807.11,2996.0,3807.1,122.0,3807.28,2957.0,3807.3,9.0
1753769604506,06:13:24.506,xt,ETH/USDT:USDT,3807.11,3435.0,3807.09,20.0,3807.28,2374.0,3807.29,128.0
1753769604634,06:13:24.634,xt,ETH/USDT:USDT,3807.11,1443.0,3807.1,116.0,3807.28,436.0,3807.29,56.0
1753769604741,06:13:24.741,xt,ETH/USDT:USDT,3807.11,5503.0,3807.1,41.0,3807.28,1427.0,3807.3,139.0
1753769604862,06:13:24.862,xt,ETH/USDT:USDT,3807.11,3004.0,3807.1,124.0,3807.28,5954.0,3807.29,39.0
1753769605043,06:13:25.043,xt,ETH/USDT:USDT,3807.11,6255.0,3807.1,15.0,3807.28,894.0,3807.29,41.0
1753769605105,06:13:25.105,xt,ETH/USDT:USDT,3807.11,2785.0,3807.1,21.0,3807.28,1815.0,3807.3,76.0
1753769605260,06:13:25.260,xt,ETH/USDT:USDT,3807.11,4635.0,3807.1,107.0,3807.28,3604.0,3807.3,49.0
1753769605342,06:13:25.342,xt,ETH/USDT:USDT,3807.11,5869.0,3807.09,4.0,3807.28,3558.0,3807.3,39.0
1753769605580,06:13:25.580,xt,ETH/USDT:USDT,3807.11,345.0,3807.1,21.0,3807.28,6443.0,3807.29,66.0
1753769605697,06:13:25.697,xt,ETH/USDT:USDT,3807.11,531.0,3807.09,129.0,3807.28,2531.0,3807.29,144.0
1753769605815,06:13:25.815,xt,ETH/USDT:USDT,3807.11,1854.0,3807.09,61.0,3807.28,3322.0,3807.3,125.0
1753769606088,06:13:26.088,xt,ETH/USDT:USDT,3807.11,5715.0,3807.1,72.0,3807.28,4330.0,3807.3,24.0
1753769606164,06:13:26.164,xt,ETH/USDT:USDT,3807.11,5584.0,3807.1,47.0,3807.28,211.0,3807.3,142.0
1753769606394,06:13:26.394,xt,ETH/USDT:USDT,3807.11,2862.0,3807.09,110.0,3807.28,3106.0,3807.29,108.0
1753769606514,06:13:26.514,xt,ETH/USDT:USDT,3807.11,6299.0,3807.09,7.0,3807.28,1794.0,3807.3,76.0
1753769606619,06:13:26.619,xt,ETH/USDT:USDT,3807.11,3540.0,3807.09,65.0,3807.28,5876.0,3807.3,16.0
1753769606723,06:13:26.723,xt,ETH/USDT:USDT,3807.11,6364.0,3807.09,12.0,3807.28,6125.0,3807.3,110.0
1753769606931,06:13:26.931,xt,ETH/USDT:USDT,3807.11,1156.0,3807.09,96.0,3807.28,3732.0,3807.3,71.0
1753769606969,06:13:26.969,xt,ETH/USDT:USDT,3807.11,3571.0,3807.09,118.0,3807.28,4527.0,3807.29,135.0
1753769607207,06:13:27.207,xt,ETH/USDT:USDT,3807.11,684.0,3807.1,10.0,3807.28,6133.0,3807.3,28.0
1753769607327,06:13:27.327,xt,ETH/USDT:USDT,3807.11,1738.0,3807.09,90.0,3807.28,3652.0,3807.3,87.0
1753769607445,06:13:27.445,xt,ETH/USDT:USDT,3807.11,4268.0,3807.1,110.0,3807.28,2951.0,3807.29,25.0
1753769607563,06:13:27.563,xt,ETH/USDT:USDT,3807.11,1768.0,3807.09,15.0,3807.28,5750.0,3807.3,66.0
1753769607677,06:13:27.677,xt,ETH/USDT:USDT,3807.11,4488.0,3807.09,64.0,3807.28,5852.0,3807.3,144.0
1753769607803,06:13:27.803,xt,ETH/USDT:USDT,3807.11,6319.0,3807.1,123.0,3807.28,1837.0,3807.3,16.0
1753769607983,06:13:27.983,xt,ETH/USDT:USDT,3807.11,2938.0,3807.09,82.0,3807.28,3959.0,3807.29,56.0
1753769608043,06:13:28.043,xt,ETH/USDT:USDT,3807.11,3205.0,3807.09,18.0,3807.28,963.0,3807.29,92.0
1753769608283,06:13:28.283,xt,ETH/USDT:USDT,3807.11,995.0,3807.09,93.0,3807.28,1004.0,3807.29,20.0
1753769608405,06:13:28.405,xt,ETH/USDT:USDT,3807.11,2273.0,3807.09,113.0,3807.28,3779.0,3807.3,57.0
1753769608522,06:13:28.522,xt,ETH/USDT:USDT,3807.11,3634.0,3807.1,60.0,3807.28,2189.0,3807.3,45.0
1753769608644,06:13:28.644,xt,ETH/USDT:USDT,3807.11,3110.0,3807.1,53.0,3807.28,6083.0,3807.29,133.0
1753769608820,06:13:28.820,xt,ETH/USDT:USDT,3807.11,2941.0,3807.09,50.0,3807.28,487.0,3807.3,52.0
1753769608878,06:13:28.878,xt,ETH/USDT:USDT,3807.11,2113.0,3807.1,129.0,3807.28,418.0,3807.3,127.0
1753769609032,06:13:29.032,xt,ETH/USDT:USDT,3807.11,2093.0,3807.09,77.0,3807.28,3650.0,3807.3,22.0
1753769609126,06:13:29.126,xt,ETH/USDT:USDT,3807.11,5985.0,3807.09,5.0,3807.28,5674.0,3807.3,104.0
1753769609361,06:13:29.361,xt,ETH/USDT:USDT,3807.11,6130.0,3807.09,47.0,3807.28,1100.0,3807.29,52.0
1753769609489,06:13:29.489,xt,ETH/USDT:USDT,3807.11,1977.0,3807.09,19.0,3807.28,607.0,3807.3,105.0
1753769609599,06:13:29.599,xt,ETH/USDT:USDT,3807.11,6103.0,3807.1,126.0,3807.28,1433.0,3807.3,119.0
1753769609732,06:13:29.732,xt,ETH/USDT:USDT,3807.11,3379.0,3807.09,42.0,3807.28,244.0,3807.29,43.0
1753769609873,06:13:29.873,xt,ETH/USDT:USDT,3807.11,3942.0,3807.09,14.0,3807.28,5144.0,3807.29,58.0
1753769609967,06:13:29.967,xt,ETH/USDT:USDT,3807.11,5141.0,3807.1,80.0,3807.28,3776.0,3807.29,48.0
1753769610084,06:13:30.084,xt,ETH/USDT:USDT,3807.11,4355.0,3807.1,57.0,3807.28,222.0,3807.29,133.0
1753769610202,06:13:30.202,xt,ETH/USDT:USDT,3807.11,3358.0,3807.09,71.0,3807.28,4396.0,3807.3,52.0
1753769610307,06:13:30.307,xt,ETH/USDT:USDT,3807.11,2961.0,3807.09,88.0,3807.28,4791.0,3807.3,6.0
1753769610531,06:13:30.531,xt,ETH/USDT:USDT,3807.11,6533.0,3807.09,63.0,3807.28,3599.0,3807.29,69.0
1753769610648,06:13:30.648,xt,ETH/USDT:USDT,3807.11,4071.0,3807.1,96.0,3807.28,1481.0,3807.3,28.0
1753769610770,06:13:30.770,xt,ETH/USDT:USDT,3807.3,5955.0,3807.27,111.0,3807.47,3025.0,3807.5,120.0
1753769610917,06:13:30.917,xt,ETH/USDT:USDT,3807.82,1812.0,3807.79,136.0,3807.99,6011.0,3808.02,10.0
1753769611019,06:13:31.019,xt,ETH/USDT:USDT,3807.82,468.0,3807.8,83.0,3807.99,5619.0,3808.02,95.0
1753769611139,06:13:31.139,xt,ETH/USDT:USDT,3807.82,4887.0,3807.79,84.0,3807.99,5156.0,3808.01,32.0
1753769611345,06:13:31.345,xt,ETH/USDT:USDT,3807.82,3122.0,3807.79,19.0,3807.99,1154.0,3808.02,27.0
1753769611369,06:13:31.369,xt,ETH/USDT:USDT,3807.82,5652.0,3807.79,131.0,3807.99,2438.0,3808.02,128.0
1753769611616,06:13:31.616,xt,ETH/USDT:USDT,3807.82,557.0,3807.79,130.0,3807.99,1168.0,3808.02,66.0
1753769611871,06:13:31.871,xt,ETH/USDT:USDT,3807.19,87.0,3807.18,49.0,3807.99,1168.0,3808.02,66.0
1753769611847,06:13:31.847,xt,ETH/USDT:USDT,3807.22,6774.0,3807.2,130.0,3807.99,190.0,3808.01,130.0
1753769611968,06:13:31.968,xt,ETH/USDT:USDT,3807.22,10731.0,3807.2,4109.0,3807.99,1757.0,3808.02,116.0
1753769612091,06:13:32.091,xt,ETH/USDT:USDT,3807.22,6500.0,3807.2,97.0,3807.99,2534.0,3808.02,11.0
1753769612218,06:13:32.218,xt,ETH/USDT:USDT,3807.22,10378.0,3807.19,4677.0,3807.99,4766.0,3808.02,102.0
1753769612450,06:13:32.450,xt,ETH/USDT:USDT,3807.22,9432.0,3807.19,3828.0,3807.99,1306.0,3808.02,49.0
1753769612573,06:13:32.573,xt,ETH/USDT:USDT,3807.22,7429.0,3807.19,135.0,3807.99,6461.0,3808.02,117.0
1753769612696,06:13:32.696,xt,ETH/USDT:USDT,3807.22,5142.0,3807.19,4174.0,3807.99,4493.0,3808.01,112.0
1753769612808,06:13:32.808,xt,ETH/USDT:USDT,3807.22,9708.0,3807.19,134.0,3807.99,1528.0,3808.01,20.0
1753769612944,06:13:32.944,xt,ETH/USDT:USDT,3807.22,8196.0,3807.2,23.0,3807.99,2479.0,3808.02,84.0
1753769613234,06:13:33.234,xt,ETH/USDT:USDT,3807.22,7608.0,3807.2,4230.0,3807.99,4475.0,3808.01,22.0
1753769613294,06:13:33.294,xt,ETH/USDT:USDT,3807.22,7776.0,3807.2,4462.0,3807.99,2656.0,3808.01,101.0
1753769613447,06:13:33.447,xt,ETH/USDT:USDT,3807.22,7800.0,3807.2,4351.0,3807.99,3957.0,3808.01,144.0
1753769613534,06:13:33.534,xt,ETH/USDT:USDT,3807.22,11058.0,3807.2,112.0,3807.99,2141.0,3808.01,8.0
1753769613654,06:13:33.654,xt,ETH/USDT:USDT,3807.22,9411.0,3807.2,4620.0,3807.99,1980.0,3808.01,108.0
1753769613865,06:13:33.865,xt,ETH/USDT:USDT,3807.22,7054.0,3807.19,82.0,3807.99,760.0,3808.02,144.0
1753769614104,06:13:34.104,xt,ETH/USDT:USDT,3807.22,5108.0,3807.2,32.0,3807.99,1362.0,3808.01,23.0
1753769614216,06:13:34.216,xt,ETH/USDT:USDT,3807.22,4209.0,3807.19,4771.0,3807.99,5605.0,3808.01,58.0
1753769614309,06:13:34.309,xt,ETH/USDT:USDT,3807.22,6351.0,3807.2,4990.0,3807.99,907.0,3808.02,78.0
1753769614491,06:13:34.491,xt,ETH/USDT:USDT,3807.22,7259.0,3807.19,58.0,3807.99,3420.0,3808.02,7.0
1753769614557,06:13:34.557,xt,ETH/USDT:USDT,3807.22,5297.0,3807.19,120.0,3807.81,2859.0,3807.84,40.0
1753769614790,06:13:34.790,xt,ETH/USDT:USDT,3807.22,806.0,3807.21,4427.0,3807.69,2372.0,3807.72,31.0
1753769614911,06:13:34.911,xt,ETH/USDT:USDT,3807.22,1028.0,3807.21,4427.0,3807.69,5536.0,3807.71,38.0
1753769615031,06:13:35.031,xt,ETH/USDT:USDT,3807.22,2653.0,3807.21,4427.0,3807.69,5659.0,3807.72,37.0
1753769615150,06:13:35.150,xt,ETH/USDT:USDT,3807.22,4618.0,3807.21,4427.0,3807.69,2696.0,3807.71,121.0
1753769615346,06:13:35.346,xt,ETH/USDT:USDT,3807.22,6134.0,3807.21,4427.0,3807.69,344.0,3807.72,71.0
1753769615394,06:13:35.394,xt,ETH/USDT:USDT,3807.22,5257.0,3807.21,4427.0,3807.69,2771.0,3807.72,65.0
1753769615540,06:13:35.540,xt,ETH/USDT:USDT,3807.22,2636.0,3807.21,4427.0,3807.69,4912.0,3807.72,126.0
1753769615628,06:13:35.628,xt,ETH/USDT:USDT,3807.22,2435.0,3807.21,4427.0,3807.69,1796.0,3807.72,60.0
1753769615874,06:13:35.874,xt,ETH/USDT:USDT,3807.22,5955.0,3807.21,4427.0,3807.69,3837.0,3807.72,40.0
1753769616115,06:13:36.115,xt,ETH/USDT:USDT,3807.22,3748.0,3807.21,4427.0,3807.69,5508.0,3807.72,19.0
1753769616228,06:13:36.228,xt,ETH/USDT:USDT,3807.22,4499.0,3807.21,4427.0,3807.69,1925.0,3807.72,112.0
1753769616388,06:13:36.388,xt,ETH/USDT:USDT,3807.22,4308.0,3807.21,4427.0,3807.69,2153.0,3807.71,75.0
1753769616472,06:13:36.472,xt,ETH/USDT:USDT,3807.22,3428.0,3807.21,4427.0,3807.69,703.0,3807.71,24.0
1753769616590,06:13:36.590,xt,ETH/USDT:USDT,3807.22,3993.0,3807.21,4427.0,3807.69,5959.0,3807.71,29.0
1753769616801,06:13:36.801,xt,ETH/USDT:USDT,3807.52,3793.0,3807.5,71.0,3807.69,2947.0,3807.71,138.0
1753769616949,06:13:36.949,xt,ETH/USDT:USDT,3807.52,1508.0,3807.5,40.0,3807.69,4647.0,3807.71,70.0
1753769617068,06:13:37.068,xt,ETH/USDT:USDT,3807.52,2917.0,3807.49,32.0,3807.69,5338.0,3807.71,58.0
1753769617224,06:13:37.224,xt,ETH/USDT:USDT,3807.52,170.0,3807.5,77.0,3807.69,2725.0,3807.72,4.0
1753769617308,06:13:37.308,xt,ETH/USDT:USDT,3807.52,2360.0,3807.49,120.0,3807.69,647.0,3807.72,55.0
1753769617427,06:13:37.427,xt,ETH/USDT:USDT,3807.52,6411.0,3807.49,21.0,3807.69,638.0,3807.72,136.0
1753769617627,06:13:37.627,xt,ETH/USDT:USDT,3807.52,982.0,3807.5,132.0,3807.69,1944.0,3807.72,137.0
1753769617757,06:13:37.757,xt,ETH/USDT:USDT,3807.52,2135.0,3807.49,47.0,3807.69,3253.0,3807.72,12.0
1753769617885,06:13:37.885,xt,ETH/USDT:USDT,3807.52,3045.0,3807.49,10.0,3807.69,4507.0,3807.72,43.0
1753769618004,06:13:38.004,xt,ETH/USDT:USDT,3807.52,4957.0,3807.49,15.0,3807.69,614.0,3807.72,77.0
1753769618109,06:13:38.109,xt,ETH/USDT:USDT,3807.52,4591.0,3807.5,96.0,3807.69,2916.0,3807.71,32.0
1753769618277,06:13:38.277,xt,ETH/USDT:USDT,3807.52,925.0,3807.5,139.0,3807.69,3938.0,3807.71,59.0
1753769618450,06:13:38.450,xt,ETH/USDT:USDT,3807.52,4165.0,3807.5,94.0,3807.69,2339.0,3807.71,73.0
1753769618569,06:13:38.569,xt,ETH/USDT:USDT,3807.52,4438.0,3807.49,22.0,3807.69,6239.0,3807.71,94.0
1753769618698,06:13:38.698,xt,ETH/USDT:USDT,3807.52,5812.0,3807.5,124.0,3807.69,5709.0,3807.71,53.0
1753769618814,06:13:38.814,xt,ETH/USDT:USDT,3807.52,574.0,3807.5,72.0,3807.69,5673.0,3807.71,8.0
1753769619081,06:13:39.081,xt,ETH/USDT:USDT,3807.52,5373.0,3807.5,131.0,3807.69,5823.0,3807.71,100.0
1753769619056,06:13:39.056,xt,ETH/USDT:USDT,3807.52,3317.0,3807.5,98.0,3807.69,3644.0,3807.72,105.0
1753769619171,06:13:39.171,xt,ETH/USDT:USDT,3807.52,3041.0,3807.49,117.0,3807.69,2984.0,3807.72,42.0
1753769619311,06:13:39.311,xt,ETH/USDT:USDT,3807.52,6232.0,3807.5,41.0,3807.69,2362.0,3807.71,53.0
1753769619410,06:13:39.410,xt,ETH/USDT:USDT,3807.52,3537.0,3807.5,84.0,3807.69,1760.0,3807.72,110.0
1753769619529,06:13:39.529,xt,ETH/USDT:USDT,3807.52,1067.0,3807.5,40.0,3807.69,557.0,3807.71,130.0
1753769619743,06:13:39.743,xt,ETH/USDT:USDT,3807.52,4569.0,3807.5,60.0,3807.69,1340.0,3807.71,93.0
1753769619779,06:13:39.779,xt,ETH/USDT:USDT,3807.52,5594.0,3807.49,34.0,3807.69,3990.0,3807.72,80.0
1753769620008,06:13:40.008,xt,ETH/USDT:USDT,3807.52,6043.0,3807.5,22.0,3807.69,2531.0,3807.71,120.0
1753769620139,06:13:40.139,xt,ETH/USDT:USDT,3807.52,6337.0,3807.5,88.0,3807.69,2962.0,3807.71,36.0
1753769620255,06:13:40.255,xt,ETH/USDT:USDT,3807.52,1004.0,3807.5,90.0,3807.69,5481.0,3807.72,107.0
1753769620379,06:13:40.379,xt,ETH/USDT:USDT,3807.52,2737.0,3807.49,112.0,3807.69,5380.0,3807.71,9.0
1753769620484,06:13:40.484,xt,ETH/USDT:USDT,3807.52,3798.0,3807.49,70.0,3807.69,1124.0,3807.72,118.0
1753769620704,06:13:40.704,xt,ETH/USDT:USDT,3807.52,1458.0,3807.5,107.0,3807.69,6461.0,3807.71,8.0
1753769620788,06:13:40.788,xt,ETH/USDT:USDT,3807.52,1458.0,3807.5,107.0,3807.69,6461.0,3807.71,8.0
1753769620941,06:13:40.941,xt,ETH/USDT:USDT,3807.52,2321.0,3807.49,48.0,3807.69,5231.0,3807.71,10.0
1753769621212,06:13:41.212,xt,ETH/USDT:USDT,3807.52,4940.0,3807.49,74.0,3807.69,2670.0,3807.72,122.0
1753769621293,06:13:41.293,xt,ETH/USDT:USDT,3807.52,3678.0,3807.49,66.0,3807.69,4473.0,3807.71,93.0
1753769621436,06:13:41.436,xt,ETH/USDT:USDT,3807.52,3099.0,3807.5,6.0,3807.69,1719.0,3807.71,24.0
1753769621635,06:13:41.635,xt,ETH/USDT:USDT,3807.52,2339.0,3807.5,11.0,3807.69,1003.0,3807.71,93.0
1753769621635,06:13:41.635,xt,ETH/USDT:USDT,3807.52,2339.0,3807.5,11.0,3807.69,1003.0,3807.71,93.0
1753769621870,06:13:41.870,xt,ETH/USDT:USDT,3807.52,2019.0,3807.5,46.0,3807.69,2664.0,3807.72,66.0
1753769621999,06:13:41.999,xt,ETH/USDT:USDT,3807.52,3424.0,3807.5,41.0,3807.69,4611.0,3807.72,57.0
1753769622116,06:13:42.116,xt,ETH/USDT:USDT,3807.52,5253.0,3807.5,96.0,3807.69,2796.0,3807.71,31.0
1753769622267,06:13:42.267,xt,ETH/USDT:USDT,3807.52,1660.0,3807.5,57.0,3807.69,6281.0,3807.72,77.0
1753769622354,06:13:42.354,xt,ETH/USDT:USDT,3807.52,4632.0,3807.5,60.0,3807.69,2967.0,3807.71,27.0
1753769622472,06:13:42.472,xt,ETH/USDT:USDT,3807.52,2085.0,3807.49,45.0,3807.69,4704.0,3807.72,84.0
1753769622709,06:13:42.709,xt,ETH/USDT:USDT,3807.52,4565.0,3807.49,45.0,3807.69,5050.0,3807.72,96.0
1753769622951,06:13:42.951,xt,ETH/USDT:USDT,3807.52,484.0,3807.5,128.0,3807.69,4853.0,3807.71,133.0
1753769623106,06:13:43.106,xt,ETH/USDT:USDT,3807.52,5076.0,3807.5,80.0,3807.69,6323.0,3807.71,7.0
1753769623188,06:13:43.188,xt,ETH/USDT:USDT,3807.52,4590.0,3807.5,126.0,3807.69,2095.0,3807.72,107.0
1753769623315,06:13:43.315,xt,ETH/USDT:USDT,3807.52,4951.0,3807.49,86.0,3807.69,6068.0,3807.72,129.0
1753769623434,06:13:43.434,xt,ETH/USDT:USDT,3807.52,2107.0,3807.5,35.0,3807.69,4314.0,3807.71,83.0
1753769623553,06:13:43.553,xt,ETH/USDT:USDT,3807.52,4678.0,3807.5,106.0,3807.69,677.0,3807.71,10.0
1753769623728,06:13:43.728,xt,ETH/USDT:USDT,3807.52,5744.0,3807.5,6.0,3807.69,3566.0,3807.72,136.0
1753769623799,06:13:43.799,xt,ETH/USDT:USDT,3807.52,2945.0,3807.5,115.0,3807.69,763.0,3807.72,124.0
1753769623944,06:13:43.944,xt,ETH/USDT:USDT,3807.52,3666.0,3807.49,69.0,3807.69,5098.0,3807.72,136.0
1753769624157,06:13:44.157,xt,ETH/USDT:USDT,3807.52,4287.0,3807.49,118.0,3807.69,2009.0,3807.71,87.0
1753769624380,06:13:44.380,xt,ETH/USDT:USDT,3807.52,6492.0,3807.49,110.0,3807.69,543.0,3807.71,9.0
1753769624516,06:13:44.516,xt,ETH/USDT:USDT,3807.52,3138.0,3807.49,24.0,3807.69,4188.0,3807.72,26.0
1753769624636,06:13:44.636,xt,ETH/USDT:USDT,3807.52,3523.0,3807.5,67.0,3807.69,6343.0,3807.72,143.0
1753769624788,06:13:44.788,xt,ETH/USDT:USDT,3807.52,1770.0,3807.5,131.0,3807.69,2043.0,3807.71,120.0
1753769624872,06:13:44.872,xt,ETH/USDT:USDT,3807.52,5141.0,3807.5,23.0,3807.69,3485.0,3807.71,22.0
1753769625001,06:13:45.001,xt,ETH/USDT:USDT,3807.52,1117.0,3807.49,25.0,3807.69,3608.0,3807.72,123.0
1753769625201,06:13:45.201,xt,ETH/USDT:USDT,3807.52,892.0,3807.49,38.0,3807.69,3868.0,3807.71,132.0
1753769625244,06:13:45.244,xt,ETH/USDT:USDT,3807.52,1076.0,3807.49,47.0,3807.69,6136.0,3807.72,38.0
1753769625472,06:13:45.472,xt,ETH/USDT:USDT,3807.52,435.0,3807.5,70.0,3807.69,1197.0,3807.72,74.0
1753769625590,06:13:45.590,xt,ETH/USDT:USDT,3807.52,4106.0,3807.5,34.0,3807.69,5837.0,3807.72,65.0
1753769625729,06:13:45.729,xt,ETH/USDT:USDT,3807.52,1866.0,3807.49,94.0,3807.69,2056.0,3807.72,49.0
1753769625833,06:13:45.833,xt,ETH/USDT:USDT,3807.52,4676.0,3807.5,37.0,3807.69,3191.0,3807.71,116.0
1753769625950,06:13:45.950,xt,ETH/USDT:USDT,3807.52,6164.0,3807.5,126.0,3807.69,3351.0,3807.71,119.0
1753769626080,06:13:46.080,xt,ETH/USDT:USDT,3807.52,1340.0,3807.5,21.0,3807.69,5394.0,3807.72,18.0
1753769626280,06:13:46.280,xt,ETH/USDT:USDT,3807.52,2285.0,3807.49,122.0,3807.69,6086.0,3807.71,36.0
1753769626401,06:13:46.401,xt,ETH/USDT:USDT,3807.52,6167.0,3807.49,86.0,3807.69,2819.0,3807.71,117.0
1753769626519,06:13:46.519,xt,ETH/USDT:USDT,3807.52,2123.0,3807.5,48.0,3807.69,3233.0,3807.72,101.0
1753769626672,06:13:46.672,xt,ETH/USDT:USDT,3807.52,1141.0,3807.49,12.0,3807.69,5434.0,3807.71,71.0
1753769626772,06:13:46.772,xt,ETH/USDT:USDT,3807.52,5174.0,3807.5,23.0,3807.69,2430.0,3807.72,39.0
1753769626879,06:13:46.879,xt,ETH/USDT:USDT,3807.52,5757.0,3807.49,62.0,3807.69,4838.0,3807.72,144.0
1753769627000,06:13:47.000,xt,ETH/USDT:USDT,3807.52,654.0,3807.5,122.0,3807.69,3883.0,3807.72,42.0
1753769627120,06:13:47.120,xt,ETH/USDT:USDT,3807.52,709.0,3807.5,41.0,3807.69,5429.0,3807.72,122.0
1753769627333,06:13:47.333,xt,ETH/USDT:USDT,3807.52,5037.0,3807.49,78.0,3807.69,410.0,3807.71,115.0
1753769627452,06:13:47.452,xt,ETH/USDT:USDT,3807.52,5457.0,3807.49,30.0,3807.69,5568.0,3807.71,78.0
1753769627570,06:13:47.570,xt,ETH/USDT:USDT,3807.52,2650.0,3807.5,31.0,3807.69,5101.0,3807.71,93.0
1753769627725,06:13:47.725,xt,ETH/USDT:USDT,3807.52,927.0,3807.5,110.0,3807.69,2751.0,3807.72,42.0
1753769627811,06:13:47.811,xt,ETH/USDT:USDT,3807.52,5250.0,3807.5,56.0,3807.69,3192.0,3807.72,137.0
1753769628145,06:13:48.145,xt,ETH/USDT:USDT,3807.52,6545.0,3807.5,135.0,3807.69,5214.0,3807.71,131.0
1753769628295,06:13:48.295,xt,ETH/USDT:USDT,3807.52,1454.0,3807.49,109.0,3807.69,450.0,3807.72,72.0
1753769628411,06:13:48.411,xt,ETH/USDT:USDT,3807.52,3238.0,3807.5,30.0,3807.69,496.0,3807.72,137.0
1753769628567,06:13:48.567,xt,ETH/USDT:USDT,3807.52,2461.0,3807.49,22.0,3807.69,4543.0,3807.71,22.0
1753769628650,06:13:48.650,xt,ETH/USDT:USDT,3807.52,3500.0,3807.49,36.0,3807.69,3384.0,3807.72,122.0
1753769628769,06:13:48.769,xt,ETH/USDT:USDT,3807.52,2254.0,3807.49,31.0,3807.69,4774.0,3807.72,72.0
1753769629009,06:13:49.009,xt,ETH/USDT:USDT,3807.52,1653.0,3807.49,92.0,3807.69,5004.0,3807.71,44.0
1753769629132,06:13:49.132,xt,ETH/USDT:USDT,3807.52,3198.0,3807.5,30.0,3807.69,5447.0,3807.72,110.0
1753769629259,06:13:49.259,xt,ETH/USDT:USDT,3807.52,904.0,3807.49,66.0,3807.69,6179.0,3807.71,76.0
1753769629403,06:13:49.403,xt,ETH/USDT:USDT,3807.52,1918.0,3807.49,66.0,3807.69,149.0,3807.72,59.0
1753769629487,06:13:49.487,xt,ETH/USDT:USDT,3807.52,1001.0,3807.49,30.0,3807.69,4457.0,3807.71,33.0
1753769629616,06:13:49.616,xt,ETH/USDT:USDT,3807.52,2273.0,3807.49,122.0,3807.69,5984.0,3807.72,14.0
1753769629733,06:13:49.733,xt,ETH/USDT:USDT,3807.52,1095.0,3807.5,81.0,3807.69,1626.0,3807.71,65.0
1753769629856,06:13:49.856,xt,ETH/USDT:USDT,3807.52,3182.0,3807.5,132.0,3807.69,150.0,3807.72,142.0
1753769630088,06:13:50.088,xt,ETH/USDT:USDT,3807.52,6497.0,3807.49,134.0,3807.69,5755.0,3807.72,28.0
1753769630208,06:13:50.208,xt,ETH/USDT:USDT,3807.52,4737.0,3807.5,74.0,3807.69,4450.0,3807.72,123.0
1753769630326,06:13:50.326,xt,ETH/USDT:USDT,3807.52,5140.0,3807.49,117.0,3807.69,2692.0,3807.72,7.0
1753769630454,06:13:50.454,xt,ETH/USDT:USDT,3807.52,1775.0,3807.49,117.0,3807.69,1230.0,3807.72,51.0
1753769630539,06:13:50.539,xt,ETH/USDT:USDT,3807.52,5792.0,3807.5,71.0,3807.69,6353.0,3807.72,52.0
1753769630666,06:13:50.666,xt,ETH/USDT:USDT,3807.52,4352.0,3807.5,9.0,3807.69,341.0,3807.71,58.0
1753769630788,06:13:50.788,xt,ETH/USDT:USDT,3807.52,4948.0,3807.5,39.0,3807.69,2891.0,3807.71,82.0
1753769631022,06:13:51.022,xt,ETH/USDT:USDT,3807.52,6077.0,3807.5,50.0,3807.69,5517.0,3807.72,139.0
1753769631144,06:13:51.144,xt,ETH/USDT:USDT,3807.52,4227.0,3807.49,109.0,3807.69,3802.0,3807.71,115.0
1753769631294,06:13:51.294,xt,ETH/USDT:USDT,3807.52,5956.0,3807.5,45.0,3807.69,2345.0,3807.71,59.0
1753769631364,06:13:51.364,xt,ETH/USDT:USDT,3807.52,5570.0,3807.49,81.0,3807.69,5516.0,3807.72,67.0
1753769631508,06:13:51.508,xt,ETH/USDT:USDT,3807.52,3606.0,3807.5,125.0,3807.69,5146.0,3807.72,68.0
1753769631714,06:13:51.714,xt,ETH/USDT:USDT,3807.52,1718.0,3807.49,34.0,3807.69,2461.0,3807.72,16.0
1753769631833,06:13:51.833,xt,ETH/USDT:USDT,3807.52,5816.0,3807.5,118.0,3807.69,339.0,3807.71,78.0
1753769631939,06:13:51.939,xt,ETH/USDT:USDT,3807.52,841.0,3807.49,133.0,3807.69,3193.0,3807.72,105.0
1753769632048,06:13:52.048,xt,ETH/USDT:USDT,3807.52,4804.0,3807.5,55.0,3807.69,577.0,3807.72,106.0
1753769632167,06:13:52.167,xt,ETH/USDT:USDT,3807.52,3334.0,3807.5,12.0,3807.69,4060.0,3807.71,40.0
1753769632347,06:13:52.347,xt,ETH/USDT:USDT,3807.52,4294.0,3807.49,137.0,3807.69,4801.0,3807.71,30.0
1753769632524,06:13:52.524,xt,ETH/USDT:USDT,3807.52,6338.0,3807.49,91.0,3807.69,5368.0,3807.71,130.0
1753769632645,06:13:52.645,xt,ETH/USDT:USDT,3807.52,3463.0,3807.49,104.0,3807.69,6301.0,3807.71,106.0
1753769632766,06:13:52.766,xt,ETH/USDT:USDT,3807.52,6042.0,3807.49,51.0,3807.69,2882.0,3807.72,88.0
1753769632890,06:13:52.890,xt,ETH/USDT:USDT,3807.52,1922.0,3807.49,40.0,3807.69,316.0,3807.71,15.0
1753769632999,06:13:52.999,xt,ETH/USDT:USDT,3807.52,5576.0,3807.49,135.0,3807.69,6218.0,3807.72,11.0
1753769633189,06:13:53.189,xt,ETH/USDT:USDT,3807.52,4432.0,3807.5,87.0,3807.69,653.0,3807.72,108.0
1753769633237,06:13:53.237,xt,ETH/USDT:USDT,3807.52,3081.0,3807.49,108.0,3807.69,5447.0,3807.72,63.0
1753769633391,06:13:53.391,xt,ETH/USDT:USDT,3807.52,270.0,3807.5,54.0,3807.69,4825.0,3807.72,40.0
1753769633484,06:13:53.484,xt,ETH/USDT:USDT,3807.52,2011.0,3807.5,73.0,3807.69,4021.0,3807.71,51.0
1753769633603,06:13:53.603,xt,ETH/USDT:USDT,3807.52,5472.0,3807.49,119.0,3807.69,6442.0,3807.71,28.0
1753769633844,06:13:53.844,xt,ETH/USDT:USDT,3807.52,4302.0,3807.5,47.0,3807.69,4275.0,3807.72,56.0
1753769633961,06:13:53.961,xt,ETH/USDT:USDT,3807.52,5974.0,3807.5,21.0,3807.69,932.0,3807.72,109.0
1753769634082,06:13:54.082,xt,ETH/USDT:USDT,3807.52,4162.0,3807.49,65.0,3807.69,1282.0,3807.71,66.0
1753769634234,06:13:54.234,xt,ETH/USDT:USDT,3807.52,2147.0,3807.5,127.0,3807.69,3393.0,3807.71,4.0
1753769634328,06:13:54.328,xt,ETH/USDT:USDT,3807.52,5627.0,3807.49,91.0,3807.69,2176.0,3807.71,116.0
1753769634450,06:13:54.450,xt,ETH/USDT:USDT,3807.52,2782.0,3807.5,92.0,3807.69,4908.0,3807.72,58.0
1753769634649,06:13:54.649,xt,ETH/USDT:USDT,3807.52,3855.0,3807.5,115.0,3807.69,5374.0,3807.72,32.0
1753769634805,06:13:54.805,xt,ETH/USDT:USDT,3807.52,4825.0,3807.5,140.0,3807.69,665.0,3807.71,117.0
1753769634924,06:13:54.924,xt,ETH/USDT:USDT,3807.52,2294.0,3807.5,83.0,3807.69,1251.0,3807.71,119.0
1753769635042,06:13:55.042,xt,ETH/USDT:USDT,3807.52,4376.0,3807.5,27.0,3807.69,205.0,3807.72,4.0
1753769635165,06:13:55.165,xt,ETH/USDT:USDT,3807.52,5303.0,3807.49,57.0,3807.69,930.0,3807.72,140.0
1753769635271,06:13:55.271,xt,ETH/USDT:USDT,3807.52,1104.0,3807.49,130.0,3807.69,1714.0,3807.71,46.0
1753769635378,06:13:55.378,xt,ETH/USDT:USDT,3807.52,3497.0,3807.5,35.0,3807.69,4674.0,3807.71,5.0
1753769635496,06:13:55.496,xt,ETH/USDT:USDT,3807.52,549.0,3807.5,122.0,3807.69,6214.0,3807.72,45.0
1753769635729,06:13:55.729,xt,ETH/USDT:USDT,3807.52,1667.0,3807.5,123.0,3807.69,5900.0,3807.72,124.0
1753769635973,06:13:55.973,xt,ETH/USDT:USDT,3807.52,3648.0,3807.5,55.0,3807.69,5000.0,3807.72,114.0
1753769636119,06:13:56.119,xt,ETH/USDT:USDT,3807.52,572.0,3807.49,79.0,3807.69,1181.0,3807.72,33.0
1753769636212,06:13:56.212,xt,ETH/USDT:USDT,3807.79,1038.0,3807.77,37.0,3807.96,3291.0,3807.98,19.0
1753769636319,06:13:56.319,xt,ETH/USDT:USDT,3807.96,187.0,3807.94,91.0,3808.0,31.0,3808.13,2065.0
1753769636542,06:13:56.542,xt,ETH/USDT:USDT,3808.25,3797.0,3808.24,18.0,3808.42,1095.0,3808.43,93.0
1753769636659,06:13:56.659,xt,ETH/USDT:USDT,3808.25,2130.0,3808.23,24.0,3808.42,3060.0,3808.44,19.0
1753769636782,06:13:56.782,xt,ETH/USDT:USDT,3808.25,6254.0,3808.23,143.0,3808.42,882.0,3808.43,37.0
1753769636959,06:13:56.959,xt,ETH/USDT:USDT,3808.25,6198.0,3808.24,7.0,3808.42,5409.0,3808.44,51.0
1753769637019,06:13:57.019,xt,ETH/USDT:USDT,3808.25,2943.0,3808.24,10.0,3808.42,3125.0,3808.44,121.0
1753769637174,06:13:57.174,xt,ETH/USDT:USDT,3808.25,1084.0,3808.24,63.0,3808.42,413.0,3808.43,17.0
1753769637267,06:13:57.267,xt,ETH/USDT:USDT,3808.25,1280.0,3808.24,14.0,3808.42,2081.0,3808.43,80.0
1753769637618,06:13:57.618,xt,ETH/USDT:USDT,3808.25,751.0,3808.23,42.0,3808.42,6370.0,3808.43,105.0
1753769637747,06:13:57.747,xt,ETH/USDT:USDT,3808.25,5948.0,3808.24,111.0,3808.42,4821.0,3808.44,135.0
1753769637864,06:13:57.864,xt,ETH/USDT:USDT,3808.25,5271.0,3808.23,103.0,3808.42,6118.0,3808.44,124.0
1753769638017,06:13:58.017,xt,ETH/USDT:USDT,3808.25,4262.0,3808.24,74.0,3808.42,4437.0,3808.44,35.0
1753769638109,06:13:58.109,xt,ETH/USDT:USDT,3808.25,1196.0,3808.24,105.0,3808.42,4472.0,3808.44,134.0
1753769638223,06:13:58.223,xt,ETH/USDT:USDT,3808.25,1938.0,3808.23,4.0,3808.42,2870.0,3808.44,87.0
1753769638351,06:13:58.351,xt,ETH/USDT:USDT,3808.25,671.0,3808.23,117.0,3808.42,2727.0,3808.44,97.0
1753769638467,06:13:58.467,xt,ETH/USDT:USDT,3808.25,176.0,3808.24,92.0,3808.42,6385.0,3808.44,36.0
1753769638637,06:13:58.637,xt,ETH/USDT:USDT,3808.25,6542.0,3808.23,57.0,3808.42,2044.0,3808.44,118.0
1753769638825,06:13:58.825,xt,ETH/USDT:USDT,3808.25,5122.0,3808.23,142.0,3808.42,5531.0,3808.44,34.0
1753769638943,06:13:58.943,xt,ETH/USDT:USDT,3808.25,1977.0,3808.24,128.0,3808.42,5620.0,3808.44,144.0
1753769639058,06:13:59.058,xt,ETH/USDT:USDT,3808.25,1977.0,3808.24,67.0,3808.42,2883.0,3808.44,98.0
1753769639180,06:13:59.180,xt,ETH/USDT:USDT,3808.25,681.0,3808.24,123.0,3808.42,5306.0,3808.44,20.0
1753769639306,06:13:59.306,xt,ETH/USDT:USDT,3808.25,4028.0,3808.23,26.0,3808.42,4469.0,3808.44,33.0
1753769639422,06:13:59.422,xt,ETH/USDT:USDT,3808.25,4175.0,3808.23,26.0,3808.42,2948.0,3808.43,35.0
1753769639541,06:13:59.541,xt,ETH/USDT:USDT,3808.25,2068.0,3808.23,67.0,3808.42,5395.0,3808.43,62.0
1753769639722,06:13:59.722,xt,ETH/USDT:USDT,3808.25,3466.0,3808.23,90.0,3808.42,6453.0,3808.43,139.0
1753769639782,06:13:59.782,xt,ETH/USDT:USDT,3808.25,1640.0,3808.23,105.0,3808.42,2977.0,3808.44,66.0
1753769639935,06:13:59.935,xt,ETH/USDT:USDT,3808.25,1529.0,3808.23,80.0,3808.42,5156.0,3808.44,45.0
1753769640017,06:14:00.017,xt,ETH/USDT:USDT,3808.25,5676.0,3808.24,126.0,3808.42,245.0,3808.43,134.0
1753769640147,06:14:00.147,xt,ETH/USDT:USDT,3808.25,1290.0,3808.24,117.0,3808.42,4748.0,3808.43,30.0
1753769640349,06:14:00.349,xt,ETH/USDT:USDT,3808.25,6060.0,3808.24,16.0,3808.42,5456.0,3808.44,68.0
1753769640383,06:14:00.383,xt,ETH/USDT:USDT,3808.25,4494.0,3808.23,109.0,3808.42,148.0,3808.44,130.0
1753769640626,06:14:00.626,xt,ETH/USDT:USDT,3808.25,2567.0,3808.24,7.0,3808.42,2441.0,3808.43,91.0
1753769640775,06:14:00.775,xt,ETH/USDT:USDT,3808.25,2804.0,3808.23,95.0,3808.42,491.0,3808.44,10.0
1753769640858,06:14:00.858,xt,ETH/USDT:USDT,3808.25,3166.0,3808.23,134.0,3808.42,2911.0,3808.44,122.0
1753769640988,06:14:00.988,xt,ETH/USDT:USDT,3808.25,2775.0,3808.24,14.0,3808.42,1748.0,3808.43,6.0
1753769641107,06:14:01.107,xt,ETH/USDT:USDT,3808.25,4901.0,3808.24,101.0,3808.42,2059.0,3808.43,30.0
1753769641227,06:14:01.227,xt,ETH/USDT:USDT,3808.25,1136.0,3808.23,35.0,3808.42,4227.0,3808.43,56.0
1753769641403,06:14:01.403,xt,ETH/USDT:USDT,3808.25,3746.0,3808.23,121.0,3808.42,5288.0,3808.43,35.0
1753769641575,06:14:01.575,xt,ETH/USDT:USDT,3808.25,4669.0,3808.24,132.0,3808.42,1805.0,3808.43,71.0
1753769641675,06:14:01.675,xt,ETH/USDT:USDT,3808.34,1.0,3808.25,3653.0,3808.42,5904.0,3808.43,98.0
1753769641827,06:14:01.827,xt,ETH/USDT:USDT,3808.25,650.0,3808.23,82.0,3808.42,5932.0,3808.44,106.0
1753769641918,06:14:01.918,xt,ETH/USDT:USDT,3808.25,3452.0,3808.23,116.0,3808.42,5379.0,3808.44,113.0
1753769642029,06:14:02.029,xt,ETH/USDT:USDT,3808.25,4056.0,3808.24,104.0,3808.42,5989.0,3808.43,142.0
1753769642150,06:14:02.150,xt,ETH/USDT:USDT,3808.25,3272.0,3808.23,128.0,3808.42,4840.0,3808.44,114.0
1753769642270,06:14:02.270,xt,ETH/USDT:USDT,3808.25,1656.0,3808.23,142.0,3808.42,2987.0,3808.44,87.0
1753769642630,06:14:02.630,xt,ETH/USDT:USDT,3808.25,5040.0,3808.23,138.0,3808.42,5272.0,3808.43,32.0
1753769642750,06:14:02.750,xt,ETH/USDT:USDT,3808.25,3473.0,3808.24,43.0,3808.42,412.0,3808.44,25.0
1753769642877,06:14:02.877,xt,ETH/USDT:USDT,3808.25,3276.0,3808.23,104.0,3808.42,1186.0,3808.43,6.0
1753769642989,06:14:02.989,xt,ETH/USDT:USDT,3808.25,3531.0,3808.24,87.0,3808.42,4570.0,3808.44,8.0
1753769643110,06:14:03.110,xt,ETH/USDT:USDT,3808.25,5979.0,3808.24,67.0,3808.42,5412.0,3808.43,128.0
1753769643289,06:14:03.289,xt,ETH/USDT:USDT,3808.25,4117.0,3808.24,74.0,3808.42,3712.0,3808.43,99.0
1753769643351,06:14:03.351,xt,ETH/USDT:USDT,3808.25,2204.0,3808.23,108.0,3808.42,169.0,3808.44,104.0
1753769643498,06:14:03.498,xt,ETH/USDT:USDT,3808.25,4703.0,3808.24,46.0,3808.42,3363.0,3808.43,5.0
1753769643719,06:14:03.719,xt,ETH/USDT:USDT,3808.25,3348.0,3808.23,136.0,3808.42,2787.0,3808.43,95.0
1753769643841,06:14:03.841,xt,ETH/USDT:USDT,3808.25,6456.0,3808.23,20.0,3808.42,1997.0,3808.44,24.0
1753769643950,06:14:03.950,xt,ETH/USDT:USDT,3808.25,1511.0,3808.24,33.0,3808.42,4063.0,3808.44,35.0
1753769644197,06:14:04.197,xt,ETH/USDT:USDT,3808.25,5239.0,3808.23,100.0,3808.42,821.0,3808.43,97.0
1753769644340,06:14:04.340,xt,ETH/USDT:USDT,3808.25,6415.0,3808.23,30.0,3808.42,133.0,3808.43,82.0
1753769644434,06:14:04.434,xt,ETH/USDT:USDT,3808.25,5802.0,3808.23,133.0,3808.42,1385.0,3808.44,72.0
1753769644671,06:14:04.671,xt,ETH/USDT:USDT,3808.25,1199.0,3808.23,35.0,3808.42,4716.0,3808.43,137.0
1753769644790,06:14:04.790,xt,ETH/USDT:USDT,3808.25,2146.0,3808.23,129.0,3808.42,3417.0,3808.43,27.0
1753769644920,06:14:04.920,xt,ETH/USDT:USDT,3808.25,1338.0,3808.24,135.0,3808.42,1593.0,3808.44,92.0
1753769645030,06:14:05.030,xt,ETH/USDT:USDT,3808.25,2010.0,3808.23,67.0,3808.42,5356.0,3808.43,46.0
1753769645186,06:14:05.186,xt,ETH/USDT:USDT,3808.25,3830.0,3808.24,133.0,3808.42,4076.0,3808.43,61.0
1753769645272,06:14:05.272,xt,ETH/USDT:USDT,3808.25,4229.0,3808.24,136.0,3808.42,4346.0,3808.43,6.0
1753769645391,06:14:05.391,xt,ETH/USDT:USDT,3808.25,1580.0,3808.24,70.0,3808.42,1338.0,3808.43,107.0
1753769645516,06:14:05.516,xt,ETH/USDT:USDT,3808.25,1381.0,3808.24,32.0,3808.42,4921.0,3808.44,19.0
1753769645640,06:14:05.640,xt,ETH/USDT:USDT,3808.25,2770.0,3808.24,86.0,3808.42,1346.0,3808.44,102.0
1753769645819,06:14:05.819,xt,ETH/USDT:USDT,3808.25,1404.0,3808.23,109.0,3808.42,760.0,3808.44,23.0
1753769645995,06:14:05.995,xt,ETH/USDT:USDT,3808.25,930.0,3808.23,103.0,3808.42,1093.0,3808.43,41.0
1753769646115,06:14:06.115,xt,ETH/USDT:USDT,3808.25,5047.0,3808.23,83.0,3808.42,4818.0,3808.43,56.0
1753769646230,06:14:06.230,xt,ETH/USDT:USDT,3808.25,2301.0,3808.24,27.0,3808.42,1620.0,3808.44,125.0
1753769646350,06:14:06.350,xt,ETH/USDT:USDT,3808.25,4776.0,3808.24,90.0,3808.42,3408.0,3808.43,4.0
1753769646476,06:14:06.476,xt,ETH/USDT:USDT,3808.25,3965.0,3808.24,43.0,3808.42,2039.0,3808.44,56.0
1753769646648,06:14:06.648,xt,ETH/USDT:USDT,3808.25,3963.0,3808.24,31.0,3808.42,2385.0,3808.44,62.0
1753769646707,06:14:06.707,xt,ETH/USDT:USDT,3808.25,573.0,3808.24,141.0,3808.42,1694.0,3808.44,104.0
1753769646931,06:14:06.931,xt,ETH/USDT:USDT,3808.25,2113.0,3808.24,33.0,3808.42,1003.0,3808.44,65.0
1753769647071,06:14:07.071,xt,ETH/USDT:USDT,3808.25,282.0,3808.24,34.0,3808.42,1247.0,3808.43,7.0
1753769647168,06:14:07.168,xt,ETH/USDT:USDT,3808.25,4343.0,3808.23,117.0,3808.42,1224.0,3808.43,105.0
1753769647289,06:14:07.289,xt,ETH/USDT:USDT,3808.25,5401.0,3808.23,51.0,3808.42,4580.0,3808.43,90.0
1753769647410,06:14:07.410,xt,ETH/USDT:USDT,3808.25,319.0,3808.23,55.0,3808.42,1675.0,3808.44,124.0
1753769647525,06:14:07.525,xt,ETH/USDT:USDT,3808.25,5019.0,3808.23,29.0,3808.42,4264.0,3808.44,37.0
1753769647699,06:14:07.699,xt,ETH/USDT:USDT,3808.25,2649.0,3808.23,94.0,3808.42,1558.0,3808.44,8.0
1753769647759,06:14:07.759,xt,ETH/USDT:USDT,3808.25,3409.0,3808.24,127.0,3808.42,1762.0,3808.43,5.0
1753769648003,06:14:08.003,xt,ETH/USDT:USDT,3808.25,1314.0,3808.23,13.0,3808.42,6562.0,3808.44,82.0
1753769648131,06:14:08.131,xt,ETH/USDT:USDT,3808.25,1125.0,3808.24,67.0,3808.42,295.0,3808.44,99.0
1753769648246,06:14:08.246,xt,ETH/USDT:USDT,3808.25,5720.0,3808.23,99.0,3808.42,3880.0,3808.43,71.0
1753769648368,06:14:08.368,xt,ETH/USDT:USDT,3808.25,2361.0,3808.23,129.0,3808.42,832.0,3808.44,58.0
1753769648540,06:14:08.540,xt,ETH/USDT:USDT,3808.25,3405.0,3808.24,93.0,3808.42,5906.0,3808.43,111.0
1753769648618,06:14:08.618,xt,ETH/USDT:USDT,3808.25,3047.0,3808.23,79.0,3808.42,1584.0,3808.44,57.0
1753769648753,06:14:08.753,xt,ETH/USDT:USDT,3808.25,4181.0,3808.23,4.0,3808.42,940.0,3808.43,136.0
1753769648841,06:14:08.841,xt,ETH/USDT:USDT,3808.25,149.0,3808.24,50.0,3808.42,3297.0,3808.44,78.0
1753769649087,06:14:09.087,xt,ETH/USDT:USDT,3808.25,2226.0,3808.23,69.0,3808.42,3526.0,3808.44,52.0
1753769649207,06:14:09.207,xt,ETH/USDT:USDT,3808.25,6080.0,3808.23,41.0,3808.42,2518.0,3808.44,92.0
1753769649328,06:14:09.328,xt,ETH/USDT:USDT,3808.25,3770.0,3808.23,106.0,3808.42,5393.0,3808.44,53.0
1753769649448,06:14:09.448,xt,ETH/USDT:USDT,3808.25,2181.0,3808.24,122.0,3808.42,6188.0,3808.44,75.0
1753769649591,06:14:09.591,xt,ETH/USDT:USDT,3808.25,4608.0,3808.23,23.0,3808.42,4049.0,3808.43,12.0
1753769649690,06:14:09.690,xt,ETH/USDT:USDT,3808.25,852.0,3808.23,123.0,3808.42,5240.0,3808.44,103.0
1753769649808,06:14:09.808,xt,ETH/USDT:USDT,3808.25,1886.0,3808.24,55.0,3808.42,3112.0,3808.43,127.0
1753769649918,06:14:09.918,xt,ETH/USDT:USDT,3808.25,790.0,3808.24,114.0,3808.42,3652.0,3808.44,24.0
1753769650255,06:14:10.255,xt,ETH/USDT:USDT,3808.25,4126.0,3808.23,56.0,3808.42,4312.0,3808.44,101.0
1753769650377,06:14:10.377,xt,ETH/USDT:USDT,3808.25,3782.0,3808.23,126.0,3808.42,1169.0,3808.43,68.0
1753769650485,06:14:10.485,xt,ETH/USDT:USDT,3808.25,1461.0,3808.24,92.0,3808.42,4693.0,3808.43,12.0
1753769650640,06:14:10.640,xt,ETH/USDT:USDT,3808.25,6389.0,3808.23,48.0,3808.42,3041.0,3808.43,84.0
1753769650698,06:14:10.698,xt,ETH/USDT:USDT,3808.25,5730.0,3808.24,106.0,3808.42,475.0,3808.44,79.0
1753769650910,06:14:10.910,xt,ETH/USDT:USDT,3808.25,3545.0,3808.24,13.0,3808.42,6070.0,3808.44,39.0
1753769651040,06:14:11.040,xt,ETH/USDT:USDT,3808.25,3869.0,3808.23,71.0,3808.42,5846.0,3808.44,128.0
1753769651148,06:14:11.148,xt,ETH/USDT:USDT,3808.25,2173.0,3808.23,39.0,3808.42,344.0,3808.44,17.0
1753769651275,06:14:11.275,xt,ETH/USDT:USDT,3808.25,132.0,3808.24,67.0,3808.42,4007.0,3808.43,117.0
1753769651399,06:14:11.399,xt,ETH/USDT:USDT,3808.25,3184.0,3808.24,30.0,3808.42,2910.0,3808.43,33.0
1753769651511,06:14:11.511,xt,ETH/USDT:USDT,3808.25,3242.0,3808.23,50.0,3808.42,1235.0,3808.44,95.0
1753769651690,06:14:11.690,xt,ETH/USDT:USDT,3808.25,718.0,3808.24,16.0,3808.42,3622.0,3808.43,64.0
1753769651750,06:14:11.750,xt,ETH/USDT:USDT,3808.25,5849.0,3808.23,111.0,3808.42,887.0,3808.43,55.0
1753769651906,06:14:11.906,xt,ETH/USDT:USDT,3808.25,3241.0,3808.23,59.0,3808.42,5341.0,3808.43,69.0
1753769652092,06:14:12.092,xt,ETH/USDT:USDT,3808.25,4430.0,3808.24,60.0,3808.42,1522.0,3808.44,9.0
1753769652202,06:14:12.202,xt,ETH/USDT:USDT,3808.25,1440.0,3808.23,17.0,3808.42,597.0,3808.43,83.0
1753769652324,06:14:12.324,xt,ETH/USDT:USDT,3808.25,1198.0,3808.23,143.0,3808.42,6457.0,3808.43,51.0
1753769652442,06:14:12.442,xt,ETH/USDT:USDT,3808.25,5969.0,3808.24,40.0,3808.42,3827.0,3808.43,20.0
1753769652563,06:14:12.563,xt,ETH/USDT:USDT,3808.25,3199.0,3808.23,74.0,3808.42,2434.0,3808.43,23.0
1753769652754,06:14:12.754,xt,ETH/USDT:USDT,3808.25,1271.0,3808.23,123.0,3808.42,787.0,3808.44,49.0
1753769652800,06:14:12.800,xt,ETH/USDT:USDT,3808.25,2423.0,3808.24,11.0,3808.42,5933.0,3808.43,66.0
1753769653166,06:14:13.166,xt,ETH/USDT:USDT,3808.25,308.0,3808.23,13.0,3808.42,5227.0,3808.43,75.0
1753769653262,06:14:13.262,xt,ETH/USDT:USDT,3808.25,4136.0,3808.23,82.0,3808.42,1653.0,3808.43,121.0
1753769653372,06:14:13.372,xt,ETH/USDT:USDT,3808.25,276.0,3808.24,57.0,3808.42,1402.0,3808.43,115.0
1753769653491,06:14:13.491,xt,ETH/USDT:USDT,3808.25,3025.0,3808.24,53.0,3808.42,284.0,3808.44,33.0
1753769653608,06:14:13.608,xt,ETH/USDT:USDT,3808.25,1240.0,3808.24,143.0,3808.42,2149.0,3808.44,75.0
1753769653787,06:14:13.787,xt,ETH/USDT:USDT,3808.25,1109.0,3808.23,103.0,3808.42,2207.0,3808.44,13.0
1753769653849,06:14:13.849,xt,ETH/USDT:USDT,3808.25,2393.0,3808.24,93.0,3808.42,2192.0,3808.43,101.0
1753769654001,06:14:14.001,xt,ETH/USDT:USDT,3808.25,6565.0,3808.23,117.0,3808.42,1239.0,3808.44,27.0
1753769654209,06:14:14.209,xt,ETH/USDT:USDT,3808.25,1640.0,3808.23,91.0,3808.42,2903.0,3808.43,92.0
1753769654336,06:14:14.336,xt,ETH/USDT:USDT,3808.25,5264.0,3808.23,100.0,3808.42,6089.0,3808.43,94.0
1753769654457,06:14:14.457,xt,ETH/USDT:USDT,3808.25,3753.0,3808.24,30.0,3808.42,4473.0,3808.44,133.0
1753769654576,06:14:14.576,xt,ETH/USDT:USDT,3808.25,2054.0,3808.24,4.0,3808.42,868.0,3808.44,109.0
1753769654698,06:14:14.698,xt,ETH/USDT:USDT,3808.25,2255.0,3808.23,52.0,3808.42,1391.0,3808.44,17.0
1753769654848,06:14:14.848,xt,ETH/USDT:USDT,3808.25,2611.0,3808.23,112.0,3808.42,3226.0,3808.43,120.0
1753769654937,06:14:14.937,xt,ETH/USDT:USDT,3808.25,1184.0,3808.23,123.0,3808.42,1059.0,3808.43,118.0
1753769655069,06:14:15.069,xt,ETH/USDT:USDT,3808.25,5428.0,3808.24,46.0,3808.42,5255.0,3808.44,39.0
1753769655269,06:14:15.269,xt,ETH/USDT:USDT,3808.25,5542.0,3808.23,97.0,3808.42,5022.0,3808.43,105.0
1753769655415,06:14:15.415,xt,ETH/USDT:USDT,3808.25,2578.0,3808.23,92.0,3808.42,575.0,3808.43,143.0
1753769655667,06:14:15.667,xt,ETH/USDT:USDT,3808.25,1425.0,3808.23,125.0,3808.42,5089.0,3808.43,81.0
1753769655761,06:14:15.761,xt,ETH/USDT:USDT,3808.25,2295.0,3808.23,80.0,3808.42,4196.0,3808.44,74.0
1753769655899,06:14:15.899,xt,ETH/USDT:USDT,3808.25,133.0,3808.24,111.0,3808.42,5137.0,3808.44,52.0
1753769655987,06:14:15.987,xt,ETH/USDT:USDT,3808.25,3964.0,3808.24,65.0,3808.42,4428.0,3808.44,19.0
1753769656104,06:14:16.104,xt,ETH/USDT:USDT,3808.25,348.0,3808.24,132.0,3808.42,1886.0,3808.43,8.0
1753769656211,06:14:16.211,xt,ETH/USDT:USDT,3808.25,798.0,3808.24,80.0,3808.42,3756.0,3808.44,112.0
1753769656434,06:14:16.434,xt,ETH/USDT:USDT,3808.25,2550.0,3808.24,49.0,3808.42,3778.0,3808.43,63.0
1753769656554,06:14:16.554,xt,ETH/USDT:USDT,3808.25,5921.0,3808.24,115.0,3808.42,4731.0,3808.43,59.0
1753769656668,06:14:16.668,xt,ETH/USDT:USDT,3808.25,2488.0,3808.24,112.0,3808.42,5498.0,3808.43,45.0
