timestamp,time,exchange,symbol,bid1_price,bid1_volume,bid2_price,bid2_volume,ask1_price,ask1_volume,ask2_price,ask2_volume
1753769544960,06:12:24.960,huobi,ETH/USDT:USDT,3807.08,15054.0,3807.06,135.0,3807.09,9820.0,3807.29,578.0
1753769545233,06:12:25.233,huobi,ETH/USDT:USDT,3807.08,15054.0,3807.06,135.0,3807.09,9535.0,3807.29,578.0
1753769545288,06:12:25.288,huobi,ETH/USDT:USDT,3807.08,15054.0,3807.06,143.0,3807.09,8774.0,3807.11,7.0
1753769545301,06:12:25.301,huobi,ETH/USDT:USDT,3807.08,15054.0,3807.06,143.0,3807.09,8774.0,3807.11,7.0
1753769545324,06:12:25.324,huobi,ETH/USDT:USDT,3807.08,15054.0,3807.06,143.0,3807.09,8774.0,3807.29,578.0
1753769545358,06:12:25.358,huobi,ETH/USDT:USDT,3807.08,15254.0,3807.06,143.0,3807.09,8774.0,3807.29,578.0
1753769545385,06:12:25.385,huobi,ETH/USDT:USDT,3807.08,15254.0,3807.06,143.0,3807.09,8774.0,3807.29,578.0
1753769545467,06:12:25.467,huobi,ETH/USDT:USDT,3807.08,15261.0,3807.06,143.0,3807.09,8774.0,3807.11,7.0
1753769545633,06:12:25.633,huobi,ETH/USDT:USDT,3807.08,15261.0,3807.06,143.0,3807.09,8774.0,3807.11,7.0
1753769545675,06:12:25.675,huobi,ETH/USDT:USDT,3807.08,15261.0,3807.06,143.0,3807.09,8774.0,3807.11,7.0
1753769545731,06:12:25.731,huobi,ETH/USDT:USDT,3807.08,15261.0,3807.06,143.0,3807.09,8774.0,3807.29,578.0
1753769545760,06:12:25.760,huobi,ETH/USDT:USDT,3807.08,15261.0,3807.06,143.0,3807.09,8774.0,3807.37,1.0
1753769545775,06:12:25.775,huobi,ETH/USDT:USDT,3807.08,15261.0,3807.06,135.0,3807.09,8774.0,3807.11,7.0
1753769545854,06:12:25.854,huobi,ETH/USDT:USDT,3807.08,15261.0,3807.06,135.0,3807.09,8774.0,3807.37,1.0
1753769545901,06:12:25.901,huobi,ETH/USDT:USDT,3807.08,15061.0,3807.06,135.0,3807.09,8774.0,3807.37,1.0
1753769545944,06:12:25.944,huobi,ETH/USDT:USDT,3807.08,15061.0,3807.06,135.0,3807.09,8774.0,3807.37,1.0
1753769546463,06:12:26.463,huobi,ETH/USDT:USDT,3807.08,13051.0,3807.06,135.0,3807.09,12098.0,3807.11,7.0
1753769546720,06:12:26.720,huobi,ETH/USDT:USDT,3807.08,11692.0,3807.06,143.0,3807.09,12098.0,3807.12,200.0
1753769546740,06:12:26.740,huobi,ETH/USDT:USDT,3807.08,9788.0,3807.06,135.0,3807.09,12098.0,3807.11,7.0
1753769546766,06:12:26.766,huobi,ETH/USDT:USDT,3807.08,9788.0,3807.06,135.0,3807.09,12098.0,3807.11,7.0
1753769546794,06:12:26.794,huobi,ETH/USDT:USDT,3807.08,9788.0,3807.06,135.0,3807.09,12676.0,3807.11,7.0
1753769546827,06:12:26.827,huobi,ETH/USDT:USDT,3807.08,9788.0,3807.06,135.0,3807.09,12676.0,3807.11,7.0
1753769546894,06:12:26.894,huobi,ETH/USDT:USDT,3807.08,11141.0,3807.06,135.0,3807.09,12676.0,3807.11,7.0
1753769546953,06:12:26.953,huobi,ETH/USDT:USDT,3807.08,11141.0,3807.06,135.0,3807.09,12676.0,3807.11,7.0
1753769546987,06:12:26.987,huobi,ETH/USDT:USDT,3807.08,11141.0,3807.06,143.0,3807.09,12676.0,3807.11,7.0
1753769547160,06:12:27.160,huobi,ETH/USDT:USDT,3807.08,11141.0,3807.06,143.0,3807.09,12676.0,3807.11,7.0
1753769547281,06:12:27.281,huobi,ETH/USDT:USDT,3807.08,11141.0,3807.06,143.0,3807.09,12676.0,3807.11,7.0
1753769547325,06:12:27.325,huobi,ETH/USDT:USDT,3807.08,12434.0,3807.06,135.0,3807.09,12676.0,3807.11,7.0
1753769547336,06:12:27.336,huobi,ETH/USDT:USDT,3807.08,11141.0,3807.06,135.0,3807.09,12676.0,3807.11,7.0
1753769547414,06:12:27.414,huobi,ETH/USDT:USDT,3807.08,11141.0,3807.06,135.0,3807.09,12676.0,3807.11,7.0
1753769547477,06:12:27.477,huobi,ETH/USDT:USDT,3807.08,12434.0,3807.06,135.0,3807.09,12676.0,3807.11,7.0
1753769547557,06:12:27.557,huobi,ETH/USDT:USDT,3807.08,12433.0,3807.06,135.0,3807.09,12676.0,3807.11,7.0
1753769547601,06:12:27.601,huobi,ETH/USDT:USDT,3807.08,11140.0,3807.06,135.0,3807.09,12676.0,3807.11,7.0
1753769547611,06:12:27.611,huobi,ETH/USDT:USDT,3807.08,11140.0,3807.06,135.0,3807.09,12676.0,3807.11,7.0
1753769547660,06:12:27.660,huobi,ETH/USDT:USDT,3807.08,11140.0,3807.06,135.0,3807.09,12676.0,3807.12,200.0
1753769547669,06:12:27.669,huobi,ETH/USDT:USDT,3807.08,12433.0,3807.06,135.0,3807.09,12676.0,3807.12,200.0
1753769547712,06:12:27.712,huobi,ETH/USDT:USDT,3807.08,12433.0,3807.06,143.0,3807.09,12676.0,3807.12,200.0
1753769547772,06:12:27.772,huobi,ETH/USDT:USDT,3807.08,12433.0,3807.06,143.0,3807.09,12676.0,3807.12,200.0
1753769547807,06:12:27.807,huobi,ETH/USDT:USDT,3807.08,12433.0,3807.06,143.0,3807.09,12676.0,3807.12,200.0
1753769547964,06:12:27.964,huobi,ETH/USDT:USDT,3807.08,12433.0,3807.06,143.0,3807.09,12676.0,3807.12,200.0
1753769548340,06:12:28.340,huobi,ETH/USDT:USDT,3807.08,12434.0,3807.06,143.0,3807.09,12433.0,3807.11,7.0
1753769548391,06:12:28.391,huobi,ETH/USDT:USDT,3807.08,12434.0,3807.06,274.0,3807.09,12433.0,3807.11,7.0
1753769548427,06:12:28.427,huobi,ETH/USDT:USDT,3807.08,12434.0,3807.07,131.0,3807.09,12433.0,3807.11,7.0
1753769548467,06:12:28.467,huobi,ETH/USDT:USDT,3807.08,12565.0,3807.07,27.0,3807.09,12433.0,3807.11,7.0
1753769548875,06:12:28.875,huobi,ETH/USDT:USDT,3807.08,12434.0,3807.07,27.0,3807.09,12433.0,3807.11,7.0
1753769548908,06:12:28.908,huobi,ETH/USDT:USDT,3807.08,12434.0,3807.07,27.0,3807.09,12433.0,3807.11,7.0
1753769549102,06:12:29.102,huobi,ETH/USDT:USDT,3807.08,12384.0,3807.07,27.0,3807.09,12433.0,3807.11,7.0
1753769549133,06:12:29.133,huobi,ETH/USDT:USDT,3807.08,11091.0,3807.07,27.0,3807.09,12433.0,3807.12,200.0
1753769549134,06:12:29.134,huobi,ETH/USDT:USDT,3807.08,11091.0,3807.07,27.0,3807.09,12433.0,3807.12,200.0
1753769549204,06:12:29.204,huobi,ETH/USDT:USDT,3807.08,10577.0,3807.07,27.0,3807.09,12433.0,3807.12,200.0
1753769549644,06:12:29.644,huobi,ETH/USDT:USDT,3807.08,3953.0,3807.06,54.0,3807.09,14421.0,3807.11,7.0
1753769549898,06:12:29.898,huobi,ETH/USDT:USDT,3807.08,3953.0,3807.07,27.0,3807.09,14440.0,3807.12,200.0
1753769550003,06:12:30.003,huobi,ETH/USDT:USDT,3807.08,3953.0,3807.07,27.0,3807.09,14440.0,3807.12,200.0
1753769550213,06:12:30.213,huobi,ETH/USDT:USDT,3807.08,3953.0,3807.07,27.0,3807.09,14440.0,3807.12,200.0
1753769550249,06:12:30.249,huobi,ETH/USDT:USDT,3807.08,3953.0,3807.07,27.0,3807.09,14440.0,3807.12,200.0
1753769550284,06:12:30.284,huobi,ETH/USDT:USDT,3807.08,3953.0,3807.07,27.0,3807.09,14440.0,3807.12,200.0
1753769550350,06:12:30.350,huobi,ETH/USDT:USDT,3807.08,3980.0,3807.07,27.0,3807.09,14440.0,3807.12,200.0
1753769550350,06:12:30.350,huobi,ETH/USDT:USDT,3807.08,3953.0,3807.07,27.0,3807.09,14440.0,3807.11,7.0
1753769550373,06:12:30.373,huobi,ETH/USDT:USDT,3807.08,3953.0,3807.07,54.0,3807.09,14440.0,3807.11,7.0
1753769550845,06:12:30.845,huobi,ETH/USDT:USDT,3807.08,4504.0,3807.07,54.0,3807.09,14440.0,3807.12,200.0
1753769550961,06:12:30.961,huobi,ETH/USDT:USDT,3807.08,3980.0,3807.07,54.0,3807.09,14440.0,3807.12,200.0
1753769551571,06:12:31.571,huobi,ETH/USDT:USDT,3807.08,10170.0,3807.07,111.0,3807.09,167.0,3807.38,27.0
1753769551909,06:12:31.909,huobi,ETH/USDT:USDT,3807.08,10178.0,3807.07,111.0,3807.09,167.0,3807.38,27.0
1753769552054,06:12:32.054,huobi,ETH/USDT:USDT,3807.08,10964.0,3807.07,111.0,3807.09,167.0,3807.11,7.0
1753769552142,06:12:32.142,huobi,ETH/USDT:USDT,3807.08,11542.0,3807.07,111.0,3807.09,289.0,3807.11,7.0
1753769552278,06:12:32.278,huobi,ETH/USDT:USDT,3807.08,11542.0,3807.07,111.0,3807.09,167.0,3807.11,7.0
1753769552295,06:12:32.295,huobi,ETH/USDT:USDT,3807.08,11542.0,3807.07,111.0,3807.09,167.0,3807.38,27.0
1753769552326,06:12:32.326,huobi,ETH/USDT:USDT,3807.08,11542.0,3807.07,111.0,3807.09,289.0,3807.38,27.0
1753769552359,06:12:32.359,huobi,ETH/USDT:USDT,3807.08,11542.0,3807.07,111.0,3807.09,289.0,3807.11,7.0
1753769552471,06:12:32.471,huobi,ETH/USDT:USDT,3807.08,11542.0,3807.07,111.0,3807.09,167.0,3807.11,7.0
1753769552514,06:12:32.514,huobi,ETH/USDT:USDT,3807.08,11534.0,3807.07,111.0,3807.09,289.0,3807.38,27.0
1753769552532,06:12:32.532,huobi,ETH/USDT:USDT,3807.08,11534.0,3807.07,111.0,3807.09,289.0,3807.38,27.0
1753769552576,06:12:32.576,huobi,ETH/USDT:USDT,3807.08,11534.0,3807.07,111.0,3807.09,167.0,3807.38,27.0
1753769552593,06:12:32.593,huobi,ETH/USDT:USDT,3807.08,11534.0,3807.07,111.0,3807.09,289.0,3807.38,27.0
1753769552828,06:12:32.828,huobi,ETH/USDT:USDT,3807.08,12121.0,3807.07,111.0,3807.09,289.0,3807.11,7.0
1753769552944,06:12:32.944,huobi,ETH/USDT:USDT,3807.08,12121.0,3807.07,111.0,3807.09,289.0,3807.38,27.0
1753769553008,06:12:33.008,huobi,ETH/USDT:USDT,3807.08,12121.0,3807.07,111.0,3807.09,167.0,3807.38,27.0
1753769553183,06:12:33.183,huobi,ETH/USDT:USDT,3807.08,12121.0,3807.07,111.0,3807.09,167.0,3807.38,27.0
1753769553183,06:12:33.183,huobi,ETH/USDT:USDT,3807.08,12121.0,3807.07,111.0,3807.09,167.0,3807.38,27.0
1753769553213,06:12:33.213,huobi,ETH/USDT:USDT,3807.08,12121.0,3807.07,111.0,3807.09,167.0,3807.38,27.0
1753769553243,06:12:33.243,huobi,ETH/USDT:USDT,3807.08,12113.0,3807.07,111.0,3807.09,83.0,3807.11,7.0
1753769553486,06:12:33.486,huobi,ETH/USDT:USDT,3807.73,9182.0,3807.71,27.0,3807.74,10972.0,3807.76,6.0
1753769553517,06:12:33.517,huobi,ETH/USDT:USDT,3807.73,9182.0,3807.71,27.0,3807.74,8767.0,3807.76,6.0
1753769553558,06:12:33.558,huobi,ETH/USDT:USDT,3807.73,9182.0,3807.71,27.0,3807.74,8767.0,3807.76,6.0
1753769553725,06:12:33.725,huobi,ETH/USDT:USDT,3807.73,10541.0,3807.71,27.0,3807.74,8349.0,3807.87,1.0
1753769553776,06:12:33.776,huobi,ETH/USDT:USDT,3807.73,10541.0,3807.71,27.0,3807.74,8349.0,3807.87,1.0
1753769553794,06:12:33.794,huobi,ETH/USDT:USDT,3807.73,10541.0,3807.71,27.0,3807.74,8349.0,3807.87,1.0
1753769553875,06:12:33.875,huobi,ETH/USDT:USDT,3807.73,10541.0,3807.71,27.0,3807.74,8349.0,3807.76,6.0
1753769553878,06:12:33.878,huobi,ETH/USDT:USDT,3807.73,11321.0,3807.71,27.0,3807.74,8349.0,3807.76,6.0
1753769553894,06:12:33.894,huobi,ETH/USDT:USDT,3807.73,11321.0,3807.71,27.0,3807.74,8349.0,3807.76,6.0
1753769553929,06:12:33.929,huobi,ETH/USDT:USDT,3807.73,11321.0,3807.71,27.0,3807.74,8349.0,3807.76,6.0
1753769553956,06:12:33.956,huobi,ETH/USDT:USDT,3807.73,11321.0,3807.71,27.0,3807.74,8349.0,3807.76,6.0
1753769553970,06:12:33.970,huobi,ETH/USDT:USDT,3807.73,11321.0,3807.71,27.0,3807.74,9348.0,3807.87,1.0
1753769554026,06:12:34.026,huobi,ETH/USDT:USDT,3807.73,11321.0,3807.71,27.0,3807.74,9348.0,3807.87,1.0
1753769554075,06:12:34.075,huobi,ETH/USDT:USDT,3807.73,11321.0,3807.71,27.0,3807.74,9348.0,3807.76,6.0
1753769554084,06:12:34.084,huobi,ETH/USDT:USDT,3807.73,11321.0,3807.71,27.0,3807.74,9348.0,3807.76,6.0
1753769554192,06:12:34.192,huobi,ETH/USDT:USDT,3807.73,11321.0,3807.71,27.0,3807.74,9348.0,3807.76,6.0
1753769554226,06:12:34.226,huobi,ETH/USDT:USDT,3807.73,11321.0,3807.71,27.0,3807.74,10347.0,3807.87,1.0
1753769554245,06:12:34.245,huobi,ETH/USDT:USDT,3807.73,11321.0,3807.72,27.0,3807.74,10347.0,3807.87,1.0
1753769554272,06:12:34.272,huobi,ETH/USDT:USDT,3807.73,11321.0,3807.72,27.0,3807.74,10347.0,3807.87,1.0
1753769554341,06:12:34.341,huobi,ETH/USDT:USDT,3807.73,11321.0,3807.72,54.0,3807.74,10347.0,3807.76,6.0
1753769554357,06:12:34.357,huobi,ETH/USDT:USDT,3807.73,11301.0,3807.72,54.0,3807.74,10347.0,3807.76,6.0
1753769554428,06:12:34.428,huobi,ETH/USDT:USDT,3807.73,11301.0,3807.72,54.0,3807.74,10574.0,3807.76,6.0
1753769554444,06:12:34.444,huobi,ETH/USDT:USDT,3807.73,11301.0,3807.72,54.0,3807.74,10574.0,3807.87,1.0
1753769554526,06:12:34.526,huobi,ETH/USDT:USDT,3807.73,11301.0,3807.72,54.0,3807.74,10574.0,3807.87,1.0
1753769554536,06:12:34.536,huobi,ETH/USDT:USDT,3807.73,11301.0,3807.72,54.0,3807.74,10574.0,3807.87,1.0
1753769554607,06:12:34.607,huobi,ETH/USDT:USDT,3807.73,11301.0,3807.72,54.0,3807.74,10574.0,3807.76,6.0
1753769554629,06:12:34.629,huobi,ETH/USDT:USDT,3807.73,11301.0,3807.72,54.0,3807.74,10574.0,3807.76,6.0
1753769554773,06:12:34.773,huobi,ETH/USDT:USDT,3807.73,11301.0,3807.72,54.0,3807.74,10574.0,3807.76,6.0
1753769554850,06:12:34.850,huobi,ETH/USDT:USDT,3807.73,11301.0,3807.72,54.0,3807.74,10574.0,3807.76,6.0
1753769554865,06:12:34.865,huobi,ETH/USDT:USDT,3807.73,11301.0,3807.72,54.0,3807.74,10574.0,3807.76,6.0
1753769555061,06:12:35.061,huobi,ETH/USDT:USDT,3807.73,11301.0,3807.72,54.0,3807.74,10574.0,3807.76,6.0
1753769555201,06:12:35.201,huobi,ETH/USDT:USDT,3807.73,11301.0,3807.72,54.0,3807.74,10574.0,3807.87,1.0
1753769555439,06:12:35.439,huobi,ETH/USDT:USDT,3807.73,10301.0,3807.72,54.0,3807.74,10574.0,3807.87,1.0
1753769555504,06:12:35.504,huobi,ETH/USDT:USDT,3807.73,10302.0,3807.72,54.0,3807.74,10599.0,3807.87,1.0
1753769555527,06:12:35.527,huobi,ETH/USDT:USDT,3807.73,10308.0,3807.72,54.0,3807.74,10599.0,3807.87,1.0
1753769555570,06:12:35.570,huobi,ETH/USDT:USDT,3807.73,10308.0,3807.72,54.0,3807.74,10599.0,3807.87,1.0
1753769555589,06:12:35.589,huobi,ETH/USDT:USDT,3807.73,10308.0,3807.72,54.0,3807.74,10599.0,3807.87,1.0
1753769555624,06:12:35.624,huobi,ETH/USDT:USDT,3807.73,10308.0,3807.72,54.0,3807.74,10599.0,3807.84,200.0
1753769555763,06:12:35.763,huobi,ETH/USDT:USDT,3807.73,10308.0,3807.72,54.0,3807.74,10599.0,3807.84,200.0
1753769555826,06:12:35.826,huobi,ETH/USDT:USDT,3807.73,10308.0,3807.72,54.0,3807.74,10599.0,3807.84,200.0
1753769556025,06:12:36.025,huobi,ETH/USDT:USDT,3807.73,10308.0,3807.72,54.0,3807.74,10599.0,3807.76,6.0
1753769556034,06:12:36.034,huobi,ETH/USDT:USDT,3807.73,10308.0,3807.72,54.0,3807.74,10599.0,3807.76,6.0
1753769556071,06:12:36.071,huobi,ETH/USDT:USDT,3807.73,10308.0,3807.72,54.0,3807.74,10599.0,3807.76,6.0
1753769556130,06:12:36.130,huobi,ETH/USDT:USDT,3807.73,10308.0,3807.72,54.0,3807.74,10599.0,3807.76,6.0
1753769556165,06:12:36.165,huobi,ETH/USDT:USDT,3807.73,10308.0,3807.72,106.0,3807.74,10599.0,3807.76,6.0
1753769556210,06:12:36.210,huobi,ETH/USDT:USDT,3807.73,10308.0,3807.72,106.0,3807.74,10599.0,3807.76,6.0
1753769556640,06:12:36.640,huobi,ETH/USDT:USDT,3807.73,10291.0,3807.72,106.0,3807.74,10599.0,3807.87,1.0
1753769556817,06:12:36.817,huobi,ETH/USDT:USDT,3807.73,10291.0,3807.72,106.0,3807.74,10599.0,3807.87,1.0
1753769557106,06:12:37.106,huobi,ETH/USDT:USDT,3807.73,10291.0,3807.72,106.0,3807.74,10599.0,3807.87,1.0
1753769557189,06:12:37.189,huobi,ETH/USDT:USDT,3807.73,10291.0,3807.72,106.0,3807.74,10599.0,3807.76,6.0
1753769557211,06:12:37.211,huobi,ETH/USDT:USDT,3807.73,10291.0,3807.72,106.0,3807.74,10599.0,3807.76,6.0
1753769557597,06:12:37.597,huobi,ETH/USDT:USDT,3807.73,10291.0,3807.72,106.0,3807.74,10599.0,3807.87,1.0
1753769558148,06:12:38.148,huobi,ETH/USDT:USDT,3807.73,10291.0,3807.72,106.0,3807.74,10599.0,3807.87,1.0
1753769558169,06:12:38.169,huobi,ETH/USDT:USDT,3807.73,10291.0,3807.72,106.0,3807.74,10599.0,3807.87,1.0
1753769558253,06:12:38.253,huobi,ETH/USDT:USDT,3807.73,10291.0,3807.72,106.0,3807.74,10599.0,3807.76,6.0
1753769558278,06:12:38.278,huobi,ETH/USDT:USDT,3807.73,10291.0,3807.72,106.0,3807.74,10599.0,3807.76,6.0
1753769558392,06:12:38.392,huobi,ETH/USDT:USDT,3807.73,10291.0,3807.72,106.0,3807.74,10599.0,3807.87,1.0
1753769558510,06:12:38.510,huobi,ETH/USDT:USDT,3807.73,10291.0,3807.72,106.0,3807.74,10599.0,3807.87,1.0
1753769558750,06:12:38.750,huobi,ETH/USDT:USDT,3807.73,10291.0,3807.72,106.0,3807.74,10599.0,3807.76,6.0
1753769558915,06:12:38.915,huobi,ETH/USDT:USDT,3807.73,10291.0,3807.72,106.0,3807.74,10599.0,3807.87,1.0
1753769558997,06:12:38.997,huobi,ETH/USDT:USDT,3807.73,10291.0,3807.72,106.0,3807.74,10599.0,3807.76,6.0
1753769559016,06:12:39.016,huobi,ETH/USDT:USDT,3807.73,10291.0,3807.72,106.0,3807.74,10599.0,3807.76,6.0
1753769559210,06:12:39.210,huobi,ETH/USDT:USDT,3807.73,10291.0,3807.72,106.0,3807.74,10599.0,3807.76,6.0
1753769559228,06:12:39.228,huobi,ETH/USDT:USDT,3807.73,10291.0,3807.72,106.0,3807.74,10599.0,3807.87,1.0
1753769559294,06:12:39.294,huobi,ETH/USDT:USDT,3807.73,10291.0,3807.72,106.0,3807.74,10599.0,3807.87,1.0
1753769559303,06:12:39.303,huobi,ETH/USDT:USDT,3807.73,8760.0,3807.72,54.0,3807.74,10599.0,3807.85,778.0
1753769559339,06:12:39.339,huobi,ETH/USDT:USDT,3807.73,7329.0,3807.72,54.0,3807.74,16128.0,3807.76,6.0
1753769559364,06:12:39.364,huobi,ETH/USDT:USDT,3807.73,8622.0,3807.72,54.0,3807.74,15590.0,3807.76,6.0
1753769559401,06:12:39.401,huobi,ETH/USDT:USDT,3807.73,7329.0,3807.72,54.0,3807.74,15590.0,3807.76,6.0
1753769559426,06:12:39.426,huobi,ETH/USDT:USDT,3807.73,7407.0,3807.72,54.0,3807.74,15590.0,3807.76,6.0
1753769559459,06:12:39.459,huobi,ETH/USDT:USDT,3807.73,10059.0,3807.72,54.0,3807.74,12730.0,3807.85,778.0
1753769559484,06:12:39.484,huobi,ETH/USDT:USDT,3807.73,10240.0,3807.72,54.0,3807.74,12730.0,3807.76,6.0
1753769559527,06:12:39.527,huobi,ETH/USDT:USDT,3807.73,10240.0,3807.72,54.0,3807.74,12730.0,3807.76,6.0
1753769559552,06:12:39.552,huobi,ETH/USDT:USDT,3807.73,10240.0,3807.72,54.0,3807.74,12494.0,3807.76,6.0
1753769559683,06:12:39.683,huobi,ETH/USDT:USDT,3807.73,10240.0,3807.72,54.0,3807.74,12494.0,3807.76,6.0
1753769559699,06:12:39.699,huobi,ETH/USDT:USDT,3807.73,10240.0,3807.72,54.0,3807.74,12494.0,3807.76,6.0
1753769559728,06:12:39.728,huobi,ETH/USDT:USDT,3807.73,10240.0,3807.72,54.0,3807.74,12494.0,3807.85,778.0
1753769559761,06:12:39.761,huobi,ETH/USDT:USDT,3807.73,10240.0,3807.72,54.0,3807.74,12494.0,3807.85,778.0
1753769559806,06:12:39.806,huobi,ETH/USDT:USDT,3807.73,10240.0,3807.72,54.0,3807.74,12494.0,3807.76,6.0
1753769559883,06:12:39.883,huobi,ETH/USDT:USDT,3807.73,10240.0,3807.72,54.0,3807.74,12494.0,3807.76,6.0
1753769559948,06:12:39.948,huobi,ETH/USDT:USDT,3807.73,10240.0,3807.72,54.0,3807.74,12494.0,3807.85,778.0
1753769559967,06:12:39.967,huobi,ETH/USDT:USDT,3807.73,10264.0,3807.72,54.0,3807.74,12494.0,3807.85,778.0
1753769560203,06:12:40.203,huobi,ETH/USDT:USDT,3807.73,10264.0,3807.72,54.0,3807.74,12494.0,3807.76,6.0
1753769560474,06:12:40.474,huobi,ETH/USDT:USDT,3807.73,10264.0,3807.72,54.0,3807.74,12494.0,3807.76,6.0
1753769560507,06:12:40.507,huobi,ETH/USDT:USDT,3807.73,10264.0,3807.72,54.0,3807.74,12494.0,3807.76,6.0
1753769560576,06:12:40.576,huobi,ETH/USDT:USDT,3807.73,10264.0,3807.72,54.0,3807.74,12494.0,3807.85,778.0
1753769560727,06:12:40.727,huobi,ETH/USDT:USDT,3807.73,10264.0,3807.72,54.0,3807.74,12494.0,3807.85,778.0
1753769560747,06:12:40.747,huobi,ETH/USDT:USDT,3807.73,10264.0,3807.72,54.0,3807.74,12494.0,3807.76,6.0
1753769560882,06:12:40.882,huobi,ETH/USDT:USDT,3807.73,10264.0,3807.72,54.0,3807.74,12494.0,3807.85,778.0
1753769560913,06:12:40.913,huobi,ETH/USDT:USDT,3807.73,10264.0,3807.72,54.0,3807.74,12494.0,3807.85,778.0
1753769560952,06:12:40.952,huobi,ETH/USDT:USDT,3807.73,10264.0,3807.72,54.0,3807.74,12494.0,3807.76,6.0
1753769560966,06:12:40.966,huobi,ETH/USDT:USDT,3807.73,10264.0,3807.72,54.0,3807.74,12494.0,3807.76,6.0
1753769561250,06:12:41.250,huobi,ETH/USDT:USDT,3807.73,10264.0,3807.72,54.0,3807.74,12494.0,3807.85,778.0
1753769561509,06:12:41.509,huobi,ETH/USDT:USDT,3807.73,10264.0,3807.72,54.0,3807.74,12494.0,3807.76,6.0
1753769561614,06:12:41.614,huobi,ETH/USDT:USDT,3807.73,10264.0,3807.72,54.0,3807.74,12494.0,3807.76,6.0
1753769561662,06:12:41.662,huobi,ETH/USDT:USDT,3807.73,10264.0,3807.72,54.0,3807.74,10598.0,3807.85,578.0
1753769561676,06:12:41.676,huobi,ETH/USDT:USDT,3807.73,10264.0,3807.72,54.0,3807.74,10598.0,3807.85,578.0
1753769561732,06:12:41.732,huobi,ETH/USDT:USDT,3807.73,10264.0,3807.72,54.0,3807.74,10509.0,3807.85,578.0
1753769561758,06:12:41.758,huobi,ETH/USDT:USDT,3807.73,10264.0,3807.72,54.0,3807.74,10509.0,3807.85,578.0
1753769561765,06:12:41.765,huobi,ETH/USDT:USDT,3807.73,10264.0,3807.72,54.0,3807.74,10509.0,3807.85,578.0
1753769561799,06:12:41.799,huobi,ETH/USDT:USDT,3807.73,10264.0,3807.72,54.0,3807.74,10508.0,3807.76,6.0
1753769561828,06:12:41.828,huobi,ETH/USDT:USDT,3807.73,10264.0,3807.72,54.0,3807.74,10508.0,3807.76,6.0
1753769561869,06:12:41.869,huobi,ETH/USDT:USDT,3807.73,10264.0,3807.72,54.0,3807.74,10508.0,3807.76,6.0
1753769561995,06:12:41.995,huobi,ETH/USDT:USDT,3807.73,10264.0,3807.72,54.0,3807.74,10508.0,3807.76,6.0
1753769562013,06:12:42.013,huobi,ETH/USDT:USDT,3807.73,10264.0,3807.72,54.0,3807.74,10508.0,3807.76,6.0
1753769562116,06:12:42.116,huobi,ETH/USDT:USDT,3807.73,10264.0,3807.72,54.0,3807.74,10508.0,3807.76,6.0
1753769562162,06:12:42.162,huobi,ETH/USDT:USDT,3807.73,10264.0,3807.72,54.0,3807.74,10508.0,3807.87,1.0
1753769562276,06:12:42.276,huobi,ETH/USDT:USDT,3807.73,10264.0,3807.72,54.0,3807.74,10508.0,3807.87,1.0
1753769562308,06:12:42.308,huobi,ETH/USDT:USDT,3807.73,10264.0,3807.72,54.0,3807.74,10508.0,3807.87,1.0
1753769562450,06:12:42.450,huobi,ETH/USDT:USDT,3807.73,10264.0,3807.72,54.0,3807.74,10508.0,3807.87,1.0
1753769562488,06:12:42.488,huobi,ETH/USDT:USDT,3807.73,10264.0,3807.72,54.0,3807.74,10508.0,3807.76,6.0
1753769562517,06:12:42.517,huobi,ETH/USDT:USDT,3807.73,10264.0,3807.72,54.0,3807.74,10508.0,3807.76,6.0
1753769562822,06:12:42.822,huobi,ETH/USDT:USDT,3807.73,10264.0,3807.72,54.0,3807.74,10508.0,3807.87,1.0
1753769562851,06:12:42.851,huobi,ETH/USDT:USDT,3807.73,10272.0,3807.72,54.0,3807.74,10508.0,3807.87,1.0
1753769562873,06:12:42.873,huobi,ETH/USDT:USDT,3807.73,10272.0,3807.72,54.0,3807.74,10508.0,3807.76,6.0
1753769563018,06:12:43.018,huobi,ETH/USDT:USDT,3807.73,10272.0,3807.72,54.0,3807.74,10508.0,3807.87,1.0
1753769563320,06:12:43.320,huobi,ETH/USDT:USDT,3807.73,10272.0,3807.72,54.0,3807.74,10508.0,3807.87,1.0
1753769563320,06:12:43.320,huobi,ETH/USDT:USDT,3807.73,10272.0,3807.72,54.0,3807.74,10508.0,3807.76,6.0
1753769563323,06:12:43.323,huobi,ETH/USDT:USDT,3807.73,10272.0,3807.72,54.0,3807.74,10508.0,3807.76,6.0
1753769563428,06:12:43.428,huobi,ETH/USDT:USDT,3807.73,10272.0,3807.72,54.0,3807.74,10508.0,3807.76,6.0
1753769563454,06:12:43.454,huobi,ETH/USDT:USDT,3807.73,10272.0,3807.72,54.0,3807.74,10508.0,3807.87,1.0
1753769563687,06:12:43.687,huobi,ETH/USDT:USDT,3807.73,10272.0,3807.72,54.0,3807.74,10508.0,3807.76,6.0
1753769563833,06:12:43.833,huobi,ETH/USDT:USDT,3807.73,10272.0,3807.72,54.0,3807.74,10508.0,3807.87,1.0
1753769563875,06:12:43.875,huobi,ETH/USDT:USDT,3807.73,10272.0,3807.72,54.0,3807.74,10508.0,3807.76,6.0
1753769564083,06:12:44.083,huobi,ETH/USDT:USDT,3807.73,10242.0,3807.72,54.0,3807.74,10508.0,3807.76,6.0
1753769564164,06:12:44.164,huobi,ETH/USDT:USDT,3807.73,10242.0,3807.72,54.0,3807.74,10508.0,3807.76,6.0
1753769564185,06:12:44.185,huobi,ETH/USDT:USDT,3807.73,10242.0,3807.72,54.0,3807.74,10508.0,3807.76,6.0
1753769564199,06:12:44.199,huobi,ETH/USDT:USDT,3807.73,10242.0,3807.72,54.0,3807.74,10508.0,3807.87,1.0
1753769564412,06:12:44.412,huobi,ETH/USDT:USDT,3807.73,10242.0,3807.72,54.0,3807.74,10507.0,3807.87,1.0
1753769564454,06:12:44.454,huobi,ETH/USDT:USDT,3807.73,10233.0,3807.72,54.0,3807.74,10507.0,3807.87,1.0
1753769564504,06:12:44.504,huobi,ETH/USDT:USDT,3807.73,10233.0,3807.72,54.0,3807.74,10507.0,3807.87,1.0
1753769565145,06:12:45.145,huobi,ETH/USDT:USDT,3807.73,10233.0,3807.72,54.0,3807.74,10507.0,3807.76,6.0
1753769565176,06:12:45.176,huobi,ETH/USDT:USDT,3807.73,10233.0,3807.72,54.0,3807.74,10507.0,3807.87,1.0
1753769565391,06:12:45.391,huobi,ETH/USDT:USDT,3807.73,10233.0,3807.72,54.0,3807.74,10507.0,3807.87,1.0
1753769565399,06:12:45.399,huobi,ETH/USDT:USDT,3807.73,10233.0,3807.72,54.0,3807.74,10507.0,3807.76,6.0
1753769565460,06:12:45.460,huobi,ETH/USDT:USDT,3807.73,10233.0,3807.72,54.0,3807.74,10507.0,3807.76,6.0
1753769565502,06:12:45.502,huobi,ETH/USDT:USDT,3807.73,10233.0,3807.72,54.0,3807.74,10507.0,3807.87,1.0
1753769565779,06:12:45.779,huobi,ETH/USDT:USDT,3807.73,10233.0,3807.72,54.0,3807.74,10300.0,3807.87,1.0
1753769565792,06:12:45.792,huobi,ETH/USDT:USDT,3807.73,10233.0,3807.72,54.0,3807.74,10300.0,3807.87,1.0
1753769565814,06:12:45.814,huobi,ETH/USDT:USDT,3807.73,10433.0,3807.72,54.0,3807.74,8302.0,3807.76,6.0
1753769565852,06:12:45.852,huobi,ETH/USDT:USDT,3807.73,10233.0,3807.72,54.0,3807.74,8302.0,3807.76,6.0
1753769565875,06:12:45.875,huobi,ETH/USDT:USDT,3807.73,10234.0,3807.72,54.0,3807.74,8302.0,3807.76,6.0
1753769565942,06:12:45.942,huobi,ETH/USDT:USDT,3807.73,10820.0,3807.72,54.0,3807.74,8302.0,3807.87,1.0
1753769565998,06:12:45.998,huobi,ETH/USDT:USDT,3807.73,10820.0,3807.72,54.0,3807.74,8302.0,3807.87,1.0
1753769566043,06:12:46.043,huobi,ETH/USDT:USDT,3807.73,10820.0,3807.72,54.0,3807.74,8302.0,3807.87,1.0
1753769566127,06:12:46.127,huobi,ETH/USDT:USDT,3807.73,10820.0,3807.72,54.0,3807.74,8302.0,3807.76,6.0
1753769566149,06:12:46.149,huobi,ETH/USDT:USDT,3807.73,10819.0,3807.72,54.0,3807.74,8302.0,3807.87,1.0
1753769566172,06:12:46.172,huobi,ETH/USDT:USDT,3807.73,10819.0,3807.72,54.0,3807.74,8302.0,3807.87,1.0
1753769566318,06:12:46.318,huobi,ETH/USDT:USDT,3807.73,10819.0,3807.72,54.0,3807.74,8302.0,3807.87,1.0
1753769566338,06:12:46.338,huobi,ETH/USDT:USDT,3807.73,10819.0,3807.72,54.0,3807.74,8302.0,3807.87,1.0
1753769566365,06:12:46.365,huobi,ETH/USDT:USDT,3807.73,10819.0,3807.72,54.0,3807.74,8302.0,3807.87,1.0
1753769566473,06:12:46.473,huobi,ETH/USDT:USDT,3807.73,10819.0,3807.72,54.0,3807.74,8302.0,3807.76,6.0
1753769566525,06:12:46.525,huobi,ETH/USDT:USDT,3807.73,10819.0,3807.72,54.0,3807.74,8302.0,3807.87,1.0
1753769566534,06:12:46.534,huobi,ETH/USDT:USDT,3807.73,10819.0,3807.72,54.0,3807.74,9301.0,3807.87,1.0
1753769566842,06:12:46.842,huobi,ETH/USDT:USDT,3807.73,10820.0,3807.72,54.0,3807.74,9301.0,3807.87,1.0
1753769566950,06:12:46.950,huobi,ETH/USDT:USDT,3807.73,10820.0,3807.72,54.0,3807.74,9301.0,3807.87,1.0
1753769566957,06:12:46.957,huobi,ETH/USDT:USDT,3807.73,10820.0,3807.72,54.0,3807.74,9508.0,3807.87,1.0
1753769567074,06:12:47.074,huobi,ETH/USDT:USDT,3807.73,10820.0,3807.72,54.0,3807.74,10507.0,3807.87,1.0
1753769567085,06:12:47.085,huobi,ETH/USDT:USDT,3807.73,10820.0,3807.72,54.0,3807.74,10300.0,3807.87,1.0
1753769567143,06:12:47.143,huobi,ETH/USDT:USDT,3807.73,10820.0,3807.72,54.0,3807.74,10300.0,3807.87,1.0
1753769567456,06:12:47.456,huobi,ETH/USDT:USDT,3807.73,10820.0,3807.72,54.0,3807.74,8302.0,3807.76,6.0
1753769567675,06:12:47.675,huobi,ETH/USDT:USDT,3807.73,10820.0,3807.72,54.0,3807.74,8302.0,3807.87,1.0
1753769567787,06:12:47.787,huobi,ETH/USDT:USDT,3807.73,10820.0,3807.72,54.0,3807.74,8302.0,3807.87,1.0
1753769567801,06:12:47.801,huobi,ETH/USDT:USDT,3807.73,10820.0,3807.72,54.0,3807.74,8302.0,3807.87,1.0
1753769567842,06:12:47.842,huobi,ETH/USDT:USDT,3807.73,10812.0,3807.72,54.0,3807.74,8302.0,3807.87,1.0
1753769567913,06:12:47.913,huobi,ETH/USDT:USDT,3807.73,10812.0,3807.72,54.0,3807.74,8302.0,3807.87,1.0
1753769567965,06:12:47.965,huobi,ETH/USDT:USDT,3807.73,10812.0,3807.72,54.0,3807.74,8302.0,3807.87,1.0
1753769568016,06:12:48.016,huobi,ETH/USDT:USDT,3807.73,10812.0,3807.72,54.0,3807.74,8302.0,3807.76,6.0
1753769568304,06:12:48.304,huobi,ETH/USDT:USDT,3807.73,10812.0,3807.72,54.0,3807.74,8302.0,3807.87,1.0
1753769568323,06:12:48.323,huobi,ETH/USDT:USDT,3807.73,10812.0,3807.72,54.0,3807.74,8302.0,3807.87,1.0
1753769568403,06:12:48.403,huobi,ETH/USDT:USDT,3807.73,10812.0,3807.72,54.0,3807.74,8302.0,3807.76,6.0
1753769568428,06:12:48.428,huobi,ETH/USDT:USDT,3807.73,10812.0,3807.72,54.0,3807.74,8302.0,3807.76,6.0
1753769568535,06:12:48.535,huobi,ETH/USDT:USDT,3807.73,10812.0,3807.72,54.0,3807.74,8302.0,3807.87,1.0
1753769568547,06:12:48.547,huobi,ETH/USDT:USDT,3807.73,10812.0,3807.72,54.0,3807.74,8302.0,3807.87,1.0
1753769568592,06:12:48.592,huobi,ETH/USDT:USDT,3807.73,11012.0,3807.72,54.0,3807.74,8302.0,3807.76,6.0
1753769568673,06:12:48.673,huobi,ETH/USDT:USDT,3807.73,11012.0,3807.72,54.0,3807.74,8302.0,3807.87,1.0
1753769568708,06:12:48.708,huobi,ETH/USDT:USDT,3807.73,11020.0,3807.72,54.0,3807.74,8302.0,3807.87,1.0
1753769568747,06:12:48.747,huobi,ETH/USDT:USDT,3807.73,11020.0,3807.72,54.0,3807.74,8180.0,3807.87,1.0
1753769568766,06:12:48.766,huobi,ETH/USDT:USDT,3807.73,11020.0,3807.72,54.0,3807.74,8302.0,3807.87,1.0
1753769568834,06:12:48.834,huobi,ETH/USDT:USDT,3807.73,11020.0,3807.72,54.0,3807.74,8302.0,3807.76,6.0
1753769568845,06:12:48.845,huobi,ETH/USDT:USDT,3807.73,11020.0,3807.72,54.0,3807.74,8302.0,3807.76,6.0
1753769568953,06:12:48.953,huobi,ETH/USDT:USDT,3807.73,11020.0,3807.72,54.0,3807.74,8302.0,3807.76,6.0
1753769568968,06:12:48.968,huobi,ETH/USDT:USDT,3807.73,11020.0,3807.72,54.0,3807.74,8302.0,3807.76,6.0
1753769569009,06:12:49.009,huobi,ETH/USDT:USDT,3807.73,11020.0,3807.72,54.0,3807.74,8302.0,3807.87,1.0
1753769569030,06:12:49.030,huobi,ETH/USDT:USDT,3807.73,11020.0,3807.72,54.0,3807.74,8302.0,3807.87,1.0
1753769569067,06:12:49.067,huobi,ETH/USDT:USDT,3807.73,11020.0,3807.72,54.0,3807.74,8302.0,3807.87,1.0
1753769569084,06:12:49.084,huobi,ETH/USDT:USDT,3807.73,11020.0,3807.72,54.0,3807.74,8302.0,3807.76,6.0
1753769569127,06:12:49.127,huobi,ETH/USDT:USDT,3807.73,11019.0,3807.72,54.0,3807.74,8180.0,3807.76,6.0
1753769569156,06:12:49.156,huobi,ETH/USDT:USDT,3807.73,12923.0,3807.72,54.0,3807.74,8302.0,3807.76,6.0
1753769569208,06:12:49.208,huobi,ETH/USDT:USDT,3807.73,12924.0,3807.72,54.0,3807.74,8502.0,3807.76,6.0
1753769569247,06:12:49.247,huobi,ETH/USDT:USDT,3807.73,12974.0,3807.72,54.0,3807.74,8502.0,3807.76,6.0
1753769569316,06:12:49.316,huobi,ETH/USDT:USDT,3807.73,13602.0,3807.72,54.0,3807.74,8502.0,3807.76,6.0
1753769569349,06:12:49.349,huobi,ETH/USDT:USDT,3807.73,13652.0,3807.72,54.0,3807.74,8502.0,3807.76,6.0
1753769569372,06:12:49.372,huobi,ETH/USDT:USDT,3807.73,13652.0,3807.72,54.0,3807.74,8502.0,3807.76,6.0
1753769569393,06:12:49.393,huobi,ETH/USDT:USDT,3807.73,13652.0,3807.72,54.0,3807.74,8502.0,3807.76,6.0
1753769569418,06:12:49.418,huobi,ETH/USDT:USDT,3807.73,13652.0,3807.72,54.0,3807.74,8502.0,3807.76,6.0
1753769569560,06:12:49.560,huobi,ETH/USDT:USDT,3807.73,13652.0,3807.72,54.0,3807.74,8502.0,3807.76,6.0
1753769569567,06:12:49.567,huobi,ETH/USDT:USDT,3807.73,13652.0,3807.72,54.0,3807.74,8502.0,3807.87,1.0
1753769569705,06:12:49.705,huobi,ETH/USDT:USDT,3807.73,13652.0,3807.72,54.0,3807.74,8380.0,3807.76,6.0
1753769569730,06:12:49.730,huobi,ETH/USDT:USDT,3807.73,13652.0,3807.72,54.0,3807.74,8502.0,3807.76,6.0
1753769570127,06:12:50.127,huobi,ETH/USDT:USDT,3807.73,13652.0,3807.72,54.0,3807.74,8502.0,3807.87,1.0
1753769570639,06:12:50.639,huobi,ETH/USDT:USDT,3807.73,13652.0,3807.72,54.0,3807.74,8502.0,3807.76,6.0
1753769570792,06:12:50.792,huobi,ETH/USDT:USDT,3807.73,13652.0,3807.72,54.0,3807.74,8502.0,3807.76,6.0
1753769570806,06:12:50.806,huobi,ETH/USDT:USDT,3807.73,13702.0,3807.72,54.0,3807.74,8502.0,3807.76,6.0
1753769570838,06:12:50.838,huobi,ETH/USDT:USDT,3807.73,13802.0,3807.72,54.0,3807.74,8502.0,3807.87,1.0
1753769570900,06:12:50.900,huobi,ETH/USDT:USDT,3807.73,13802.0,3807.72,54.0,3807.74,8502.0,3807.87,1.0
1753769571192,06:12:51.192,huobi,ETH/USDT:USDT,3807.73,13802.0,3807.72,54.0,3807.74,8502.0,3807.87,1.0
1753769571205,06:12:51.205,huobi,ETH/USDT:USDT,3807.73,13802.0,3807.72,54.0,3807.74,8502.0,3807.87,1.0
1753769571219,06:12:51.219,huobi,ETH/USDT:USDT,3807.73,13801.0,3807.72,54.0,3807.74,8379.0,3807.87,1.0
1753769571250,06:12:51.250,huobi,ETH/USDT:USDT,3807.73,13897.0,3807.72,54.0,3807.74,8379.0,3807.76,6.0
1753769571277,06:12:51.277,huobi,ETH/USDT:USDT,3807.73,13898.0,3807.72,54.0,3807.74,8379.0,3807.76,6.0
1753769571731,06:12:51.731,huobi,ETH/USDT:USDT,3807.73,13898.0,3807.72,54.0,3807.74,8379.0,3807.87,1.0
1753769571791,06:12:51.791,huobi,ETH/USDT:USDT,3807.73,13748.0,3807.72,54.0,3807.74,8501.0,3807.87,1.0
1753769571944,06:12:51.944,huobi,ETH/USDT:USDT,3807.73,13748.0,3807.72,54.0,3807.74,8501.0,3807.87,1.0
1753769572029,06:12:52.029,huobi,ETH/USDT:USDT,3807.73,13898.0,3807.72,54.0,3807.74,8501.0,3807.76,6.0
1753769572076,06:12:52.076,huobi,ETH/USDT:USDT,3807.73,13898.0,3807.72,54.0,3807.74,8501.0,3807.76,6.0
1753769572085,06:12:52.085,huobi,ETH/USDT:USDT,3807.73,13898.0,3807.72,54.0,3807.74,8379.0,3807.76,6.0
1753769572183,06:12:52.183,huobi,ETH/USDT:USDT,3807.73,13848.0,3807.72,54.0,3807.74,8379.0,3807.76,6.0
1753769572252,06:12:52.252,huobi,ETH/USDT:USDT,3807.73,13848.0,3807.72,54.0,3807.74,8379.0,3807.76,6.0
1753769572287,06:12:52.287,huobi,ETH/USDT:USDT,3807.73,13898.0,3807.72,54.0,3807.74,8379.0,3807.76,6.0
1753769572322,06:12:52.322,huobi,ETH/USDT:USDT,3807.73,13848.0,3807.72,54.0,3807.74,8379.0,3807.76,6.0
1753769572352,06:12:52.352,huobi,ETH/USDT:USDT,3807.73,13848.0,3807.72,54.0,3807.74,8379.0,3807.76,6.0
1753769572384,06:12:52.384,huobi,ETH/USDT:USDT,3807.73,13898.0,3807.72,54.0,3807.74,8379.0,3807.76,6.0
1753769572428,06:12:52.428,huobi,ETH/USDT:USDT,3807.73,13848.0,3807.72,54.0,3807.74,8379.0,3807.76,6.0
1753769572448,06:12:52.448,huobi,ETH/USDT:USDT,3807.73,13848.0,3807.72,54.0,3807.74,8379.0,3807.76,6.0
1753769572490,06:12:52.490,huobi,ETH/USDT:USDT,3807.73,13898.0,3807.72,54.0,3807.74,8379.0,3807.76,6.0
1753769572589,06:12:52.589,huobi,ETH/USDT:USDT,3807.73,13898.0,3807.72,54.0,3807.74,8379.0,3807.87,1.0
1753769572607,06:12:52.607,huobi,ETH/USDT:USDT,3807.73,13898.0,3807.72,54.0,3807.74,8501.0,3807.87,1.0
1753769572692,06:12:52.692,huobi,ETH/USDT:USDT,3807.73,13898.0,3807.72,54.0,3807.74,8379.0,3807.87,1.0
1753769572725,06:12:52.725,huobi,ETH/USDT:USDT,3807.73,13898.0,3807.72,54.0,3807.74,8501.0,3807.87,1.0
1753769572943,06:12:52.943,huobi,ETH/USDT:USDT,3807.73,13898.0,3807.72,54.0,3807.74,8501.0,3807.87,1.0
1753769572943,06:12:52.943,huobi,ETH/USDT:USDT,3807.73,13898.0,3807.72,54.0,3807.74,8501.0,3807.76,6.0
1753769573015,06:12:53.015,huobi,ETH/USDT:USDT,3807.73,13898.0,3807.72,54.0,3807.74,8501.0,3807.76,6.0
1753769573129,06:12:53.129,huobi,ETH/USDT:USDT,3807.73,13898.0,3807.72,54.0,3807.74,8501.0,3807.87,1.0
1753769573425,06:12:53.425,huobi,ETH/USDT:USDT,3807.73,13898.0,3807.72,54.0,3807.74,8501.0,3807.87,1.0
1753769573523,06:12:53.523,huobi,ETH/USDT:USDT,3807.73,13898.0,3807.72,54.0,3807.74,8501.0,3807.76,6.0
1753769573886,06:12:53.886,huobi,ETH/USDT:USDT,3807.73,13898.0,3807.72,54.0,3807.74,8501.0,3807.87,1.0
1753769574015,06:12:54.015,huobi,ETH/USDT:USDT,3807.73,13898.0,3807.72,54.0,3807.74,8501.0,3807.76,6.0
1753769574034,06:12:54.034,huobi,ETH/USDT:USDT,3807.73,13898.0,3807.72,54.0,3807.74,8501.0,3807.76,6.0
1753769574131,06:12:54.131,huobi,ETH/USDT:USDT,3807.73,13898.0,3807.72,54.0,3807.74,8501.0,3807.87,1.0
1753769574246,06:12:54.246,huobi,ETH/USDT:USDT,3807.73,13848.0,3807.72,54.0,3807.74,8501.0,3807.87,1.0
1753769574418,06:12:54.418,huobi,ETH/USDT:USDT,3807.73,13748.0,3807.72,54.0,3807.74,8501.0,3807.87,1.0
1753769574548,06:12:54.548,huobi,ETH/USDT:USDT,3807.73,13748.0,3807.72,54.0,3807.74,8479.0,3807.87,1.0
1753769574576,06:12:54.576,huobi,ETH/USDT:USDT,3807.73,13644.0,3807.72,54.0,3807.74,8315.0,3807.87,1.0
1753769574653,06:12:54.653,huobi,ETH/USDT:USDT,3807.73,13644.0,3807.72,54.0,3807.74,8437.0,3807.87,1.0
1753769574729,06:12:54.729,huobi,ETH/USDT:USDT,3807.73,13644.0,3807.72,54.0,3807.74,8424.0,3807.87,1.0
1753769574786,06:12:54.786,huobi,ETH/USDT:USDT,3807.73,13644.0,3807.72,54.0,3807.74,8302.0,3807.87,1.0
1753769574795,06:12:54.795,huobi,ETH/USDT:USDT,3807.73,13644.0,3807.72,54.0,3807.74,8302.0,3807.76,6.0
1753769574886,06:12:54.886,huobi,ETH/USDT:USDT,3807.73,13644.0,3807.72,54.0,3807.74,8424.0,3807.76,6.0
1753769574907,06:12:54.907,huobi,ETH/USDT:USDT,3807.73,13644.0,3807.72,54.0,3807.74,8424.0,3807.76,6.0
1753769574974,06:12:54.974,huobi,ETH/USDT:USDT,3807.73,13694.0,3807.72,54.0,3807.74,8424.0,3807.76,6.0
1753769575091,06:12:55.091,huobi,ETH/USDT:USDT,3807.73,13794.0,3807.72,54.0,3807.74,8424.0,3807.87,1.0
1753769575128,06:12:55.128,huobi,ETH/USDT:USDT,3807.73,13794.0,3807.72,54.0,3807.74,8302.0,3807.87,1.0
1753769575683,06:12:55.683,huobi,ETH/USDT:USDT,3807.73,13794.0,3807.72,54.0,3807.74,8302.0,3807.76,6.0
1753769575724,06:12:55.724,huobi,ETH/USDT:USDT,3807.73,13794.0,3807.72,54.0,3807.74,8424.0,3807.87,1.0
1753769575839,06:12:55.839,huobi,ETH/USDT:USDT,3807.73,13794.0,3807.72,54.0,3807.74,8424.0,3807.76,6.0
1753769575906,06:12:55.906,huobi,ETH/USDT:USDT,3807.73,13794.0,3807.72,54.0,3807.74,8424.0,3807.76,6.0
1753769576208,06:12:56.208,huobi,ETH/USDT:USDT,3807.73,13794.0,3807.72,54.0,3807.74,8424.0,3807.87,1.0
1753769576510,06:12:56.510,huobi,ETH/USDT:USDT,3807.73,13794.0,3807.72,54.0,3807.74,8424.0,3807.76,6.0
1753769576640,06:12:56.640,huobi,ETH/USDT:USDT,3807.73,13794.0,3807.72,54.0,3807.74,5692.0,3807.76,6.0
1753769576785,06:12:56.785,huobi,ETH/USDT:USDT,3807.73,13794.0,3807.72,54.0,3807.74,6691.0,3807.76,6.0
1753769576804,06:12:56.804,huobi,ETH/USDT:USDT,3807.73,13794.0,3807.72,54.0,3807.74,6795.0,3807.76,6.0
1753769576824,06:12:56.824,huobi,ETH/USDT:USDT,3807.73,13694.0,3807.72,54.0,3807.74,6795.0,3807.87,1.0
1753769576864,06:12:56.864,huobi,ETH/USDT:USDT,3807.73,13644.0,3807.72,54.0,3807.74,7794.0,3807.76,6.0
1753769576896,06:12:56.896,huobi,ETH/USDT:USDT,3807.73,13644.0,3807.72,54.0,3807.74,7794.0,3807.87,1.0
1753769576921,06:12:56.921,huobi,ETH/USDT:USDT,3807.73,13644.0,3807.72,54.0,3807.74,7794.0,3807.87,1.0
1753769576943,06:12:56.943,huobi,ETH/USDT:USDT,3807.73,13644.0,3807.72,54.0,3807.74,7794.0,3807.87,1.0
1753769577057,06:12:57.057,huobi,ETH/USDT:USDT,3807.73,13444.0,3807.72,54.0,3807.74,7794.0,3807.87,1.0
1753769577143,06:12:57.143,huobi,ETH/USDT:USDT,3807.73,13444.0,3807.72,54.0,3807.74,7794.0,3807.76,6.0
1753769577167,06:12:57.167,huobi,ETH/USDT:USDT,3807.73,13444.0,3807.72,54.0,3807.74,7794.0,3807.76,6.0
1753769577271,06:12:57.271,huobi,ETH/USDT:USDT,3807.73,13444.0,3807.72,54.0,3807.74,7794.0,3807.76,6.0
1753769577276,06:12:57.276,huobi,ETH/USDT:USDT,3807.73,13444.0,3807.72,54.0,3807.74,7794.0,3807.87,1.0
1753769577338,06:12:57.338,huobi,ETH/USDT:USDT,3807.73,13444.0,3807.72,54.0,3807.74,7794.0,3807.76,6.0
1753769577464,06:12:57.464,huobi,ETH/USDT:USDT,3807.73,13444.0,3807.72,54.0,3807.74,7794.0,3807.87,1.0
1753769577495,06:12:57.495,huobi,ETH/USDT:USDT,3807.73,13444.0,3807.72,54.0,3807.74,8001.0,3807.76,6.0
1753769577515,06:12:57.515,huobi,ETH/USDT:USDT,3807.73,13444.0,3807.72,54.0,3807.74,8001.0,3807.76,6.0
1753769577597,06:12:57.597,huobi,ETH/USDT:USDT,3807.73,13444.0,3807.72,54.0,3807.74,10501.0,3807.76,6.0
1753769577723,06:12:57.723,huobi,ETH/USDT:USDT,3807.73,13444.0,3807.72,54.0,3807.74,10501.0,3807.87,1.0
1753769577848,06:12:57.848,huobi,ETH/USDT:USDT,3807.73,13444.0,3807.72,54.0,3807.74,10501.0,3807.87,1.0
1753769577947,06:12:57.947,huobi,ETH/USDT:USDT,3807.73,13444.0,3807.72,27.0,3807.74,10501.0,3807.76,6.0
1753769578149,06:12:58.149,huobi,ETH/USDT:USDT,3807.73,13444.0,3807.72,27.0,3807.74,10501.0,3807.87,1.0
1753769578267,06:12:58.267,huobi,ETH/USDT:USDT,3807.73,13444.0,3807.72,27.0,3807.74,8001.0,3807.76,6.0
1753769578422,06:12:58.422,huobi,ETH/USDT:USDT,3807.73,13444.0,3807.72,27.0,3807.74,8001.0,3807.87,1.0
1753769578770,06:12:58.770,huobi,ETH/USDT:USDT,3807.73,13444.0,3807.72,27.0,3807.74,8001.0,3807.87,1.0
1753769578781,06:12:58.781,huobi,ETH/USDT:USDT,3807.73,13444.0,3807.72,27.0,3807.74,7794.0,3807.87,1.0
1753769578819,06:12:58.819,huobi,ETH/USDT:USDT,3807.73,13444.0,3807.72,27.0,3807.74,7794.0,3807.87,1.0
1753769578902,06:12:58.902,huobi,ETH/USDT:USDT,3807.73,13444.0,3807.72,27.0,3807.74,7794.0,3807.87,1.0
1753769578964,06:12:58.964,huobi,ETH/USDT:USDT,3807.73,13444.0,3807.72,27.0,3807.74,7794.0,3807.76,6.0
1753769578984,06:12:58.984,huobi,ETH/USDT:USDT,3807.73,13444.0,3807.72,27.0,3807.74,7794.0,3807.76,6.0
1753769579170,06:12:59.170,huobi,ETH/USDT:USDT,3807.73,13444.0,3807.72,27.0,3807.74,7794.0,3807.76,6.0
1753769579301,06:12:59.301,huobi,ETH/USDT:USDT,3807.73,13444.0,3807.72,27.0,3807.74,7794.0,3807.87,1.0
1753769579386,06:12:59.386,huobi,ETH/USDT:USDT,3807.73,13444.0,3807.72,27.0,3807.74,7794.0,3807.87,1.0
1753769579529,06:12:59.529,huobi,ETH/USDT:USDT,3807.73,13444.0,3807.72,27.0,3807.74,6795.0,3807.76,6.0
1753769579815,06:12:59.815,huobi,ETH/USDT:USDT,3807.73,13444.0,3807.72,27.0,3807.74,6795.0,3807.76,6.0
1753769579923,06:12:59.923,huobi,ETH/USDT:USDT,3807.73,13392.0,3807.72,27.0,3807.74,6795.0,3807.76,6.0
1753769580025,06:13:00.025,huobi,ETH/USDT:USDT,3807.73,13392.0,3807.72,27.0,3807.74,6795.0,3807.76,6.0
1753769580040,06:13:00.040,huobi,ETH/USDT:USDT,3807.73,13592.0,3807.72,27.0,3807.74,6795.0,3807.76,6.0
1753769580074,06:13:00.074,huobi,ETH/USDT:USDT,3807.73,13592.0,3807.72,27.0,3807.74,5796.0,3807.76,6.0
1753769580109,06:13:00.109,huobi,ETH/USDT:USDT,3807.73,13600.0,3807.72,27.0,3807.74,5674.0,3807.76,6.0
1753769580173,06:13:00.173,huobi,ETH/USDT:USDT,3807.73,13600.0,3807.72,27.0,3807.74,5796.0,3807.76,6.0
1753769580284,06:13:00.284,huobi,ETH/USDT:USDT,3807.73,13600.0,3807.72,27.0,3807.74,5796.0,3807.76,6.0
1753769580316,06:13:00.316,huobi,ETH/USDT:USDT,3807.73,13600.0,3807.72,27.0,3807.74,5796.0,3807.76,6.0
1753769580364,06:13:00.364,huobi,ETH/USDT:USDT,3807.73,13600.0,3807.72,27.0,3807.74,5796.0,3807.76,6.0
1753769580522,06:13:00.522,huobi,ETH/USDT:USDT,3807.73,13750.0,3807.72,27.0,3807.74,5796.0,3807.87,1.0
1753769580619,06:13:00.619,huobi,ETH/USDT:USDT,3807.73,13750.0,3807.72,27.0,3807.74,5796.0,3807.76,6.0
1753769580651,06:13:00.651,huobi,ETH/USDT:USDT,3807.73,13750.0,3807.72,27.0,3807.74,5796.0,3807.87,1.0
1753769580675,06:13:00.675,huobi,ETH/USDT:USDT,3807.73,13750.0,3807.72,27.0,3807.74,5674.0,3807.87,1.0
1753769580746,06:13:00.746,huobi,ETH/USDT:USDT,3807.73,13750.0,3807.72,27.0,3807.74,5674.0,3807.87,1.0
1753769580780,06:13:00.780,huobi,ETH/USDT:USDT,3807.73,13750.0,3807.72,27.0,3807.74,5674.0,3807.87,1.0
1753769580805,06:13:00.805,huobi,ETH/USDT:USDT,3807.73,13750.0,3807.72,27.0,3807.74,5796.0,3807.87,1.0
1753769580834,06:13:00.834,huobi,ETH/USDT:USDT,3807.73,13750.0,3807.72,27.0,3807.74,5796.0,3807.76,6.0
1753769580863,06:13:00.863,huobi,ETH/USDT:USDT,3807.73,13750.0,3807.72,27.0,3807.74,5796.0,3807.76,6.0
1753769581114,06:13:01.114,huobi,ETH/USDT:USDT,3807.73,13750.0,3807.72,27.0,3807.74,5796.0,3807.87,1.0
1753769581288,06:13:01.288,huobi,ETH/USDT:USDT,3807.73,13750.0,3807.72,27.0,3807.74,5796.0,3807.87,1.0
1753769581369,06:13:01.369,huobi,ETH/USDT:USDT,3807.73,13700.0,3807.72,27.0,3807.74,5796.0,3807.76,6.0
1753769581435,06:13:01.435,huobi,ETH/USDT:USDT,3807.73,13599.0,3807.72,27.0,3807.74,5796.0,3807.76,6.0
1753769581444,06:13:01.444,huobi,ETH/USDT:USDT,3807.73,13599.0,3807.72,27.0,3807.74,5796.0,3807.87,1.0
1753769581479,06:13:01.479,huobi,ETH/USDT:USDT,3807.73,13695.0,3807.72,27.0,3807.74,7795.0,3807.87,1.0
1753769581609,06:13:01.609,huobi,ETH/USDT:USDT,3807.73,13496.0,3807.72,27.0,3807.74,7795.0,3807.87,1.0
1753769581730,06:13:01.730,huobi,ETH/USDT:USDT,3807.73,13496.0,3807.72,27.0,3807.74,7795.0,3807.76,6.0
1753769581752,06:13:01.752,huobi,ETH/USDT:USDT,3807.73,13496.0,3807.72,27.0,3807.74,7795.0,3807.76,6.0
1753769581803,06:13:01.803,huobi,ETH/USDT:USDT,3807.73,13688.0,3807.72,27.0,3807.74,7795.0,3807.76,6.0
1753769581822,06:13:01.822,huobi,ETH/USDT:USDT,3807.73,13688.0,3807.72,27.0,3807.74,6796.0,3807.87,1.0
1753769581951,06:13:01.951,huobi,ETH/USDT:USDT,3807.73,13688.0,3807.72,27.0,3807.74,6796.0,3807.87,1.0
1753769581981,06:13:01.981,huobi,ETH/USDT:USDT,3807.73,13688.0,3807.72,27.0,3807.74,6796.0,3807.87,1.0
1753769581985,06:13:01.985,huobi,ETH/USDT:USDT,3807.73,13738.0,3807.72,27.0,3807.74,6796.0,3807.76,6.0
1753769582022,06:13:02.022,huobi,ETH/USDT:USDT,3807.73,13738.0,3807.72,27.0,3807.74,5675.0,3807.87,1.0
1753769582056,06:13:02.056,huobi,ETH/USDT:USDT,3807.73,13738.0,3807.72,27.0,3807.74,5797.0,3807.87,1.0
1753769582186,06:13:02.186,huobi,ETH/USDT:USDT,3807.73,13838.0,3807.72,27.0,3807.74,5797.0,3807.76,6.0
1753769582213,06:13:02.213,huobi,ETH/USDT:USDT,3807.73,13838.0,3807.72,27.0,3807.74,5797.0,3807.76,6.0
1753769582258,06:13:02.258,huobi,ETH/USDT:USDT,3807.73,13846.0,3807.72,27.0,3807.74,5797.0,3807.76,6.0
1753769582344,06:13:02.344,huobi,ETH/USDT:USDT,3807.73,13846.0,3807.72,27.0,3807.74,5797.0,3807.87,1.0
1753769582439,06:13:02.439,huobi,ETH/USDT:USDT,3807.73,13746.0,3807.72,27.0,3807.74,5797.0,3807.87,1.0
1753769582536,06:13:02.536,huobi,ETH/USDT:USDT,3807.73,13696.0,3807.72,27.0,3807.74,5797.0,3807.87,1.0
1753769582555,06:13:02.555,huobi,ETH/USDT:USDT,3807.73,13696.0,3807.72,27.0,3807.74,5797.0,3807.87,1.0
1753769582606,06:13:02.606,huobi,ETH/USDT:USDT,3807.73,13496.0,3807.72,27.0,3807.74,5797.0,3807.76,6.0
1753769582637,06:13:02.637,huobi,ETH/USDT:USDT,3807.73,13496.0,3807.72,27.0,3807.74,7795.0,3807.87,1.0
1753769582718,06:13:02.718,huobi,ETH/USDT:USDT,3807.73,13446.0,3807.72,27.0,3807.74,7795.0,3807.87,1.0
1753769582754,06:13:02.754,huobi,ETH/USDT:USDT,3807.73,13546.0,3807.72,27.0,3807.74,7795.0,3807.87,1.0
1753769582771,06:13:02.771,huobi,ETH/USDT:USDT,3807.73,13596.0,3807.72,27.0,3807.74,7795.0,3807.87,1.0
1753769582797,06:13:02.797,huobi,ETH/USDT:USDT,3807.73,13688.0,3807.72,27.0,3807.74,7795.0,3807.87,1.0
1753769582875,06:13:02.875,huobi,ETH/USDT:USDT,3807.73,13688.0,3807.72,27.0,3807.74,7775.0,3807.87,1.0
1753769582913,06:13:02.913,huobi,ETH/USDT:USDT,3807.73,13688.0,3807.72,27.0,3807.74,7775.0,3807.87,1.0
1753769582987,06:13:02.987,huobi,ETH/USDT:USDT,3807.73,13688.0,3807.72,27.0,3807.74,7775.0,3807.76,6.0
1753769583009,06:13:03.009,huobi,ETH/USDT:USDT,3807.73,13888.0,3807.72,27.0,3807.74,7775.0,3807.87,1.0
1753769583214,06:13:03.214,huobi,ETH/USDT:USDT,3807.73,13888.0,3807.72,27.0,3807.74,7726.0,3807.87,1.0
1753769583227,06:13:03.227,huobi,ETH/USDT:USDT,3807.73,13888.0,3807.72,27.0,3807.74,7726.0,3807.76,6.0
1753769583264,06:13:03.264,huobi,ETH/USDT:USDT,3807.73,13688.0,3807.72,27.0,3807.74,7726.0,3807.76,6.0
1753769583303,06:13:03.303,huobi,ETH/USDT:USDT,3807.73,13688.0,3807.72,27.0,3807.74,7726.0,3807.76,6.0
1753769583341,06:13:03.341,huobi,ETH/USDT:USDT,3807.73,13688.0,3807.72,27.0,3807.74,7726.0,3807.87,1.0
1753769583414,06:13:03.414,huobi,ETH/USDT:USDT,3807.73,13696.0,3807.72,27.0,3807.74,7726.0,3807.76,6.0
1753769583417,06:13:03.417,huobi,ETH/USDT:USDT,3807.73,13696.0,3807.72,27.0,3807.74,7933.0,3807.76,6.0
1753769583441,06:13:03.441,huobi,ETH/USDT:USDT,3807.73,13696.0,3807.72,27.0,3807.74,7933.0,3807.87,1.0
1753769583489,06:13:03.489,huobi,ETH/USDT:USDT,3807.73,13696.0,3807.72,27.0,3807.74,7933.0,3807.87,1.0
1753769583523,06:13:03.523,huobi,ETH/USDT:USDT,3807.73,13696.0,3807.72,27.0,3807.74,7933.0,3807.76,6.0
1753769583546,06:13:03.546,huobi,ETH/USDT:USDT,3807.73,13696.0,3807.72,27.0,3807.74,7933.0,3807.76,6.0
1753769583678,06:13:03.678,huobi,ETH/USDT:USDT,3807.73,13696.0,3807.72,27.0,3807.74,7933.0,3807.76,6.0
1753769583773,06:13:03.773,huobi,ETH/USDT:USDT,3807.73,13696.0,3807.72,27.0,3807.74,7933.0,3807.87,1.0
1753769583784,06:13:03.784,huobi,ETH/USDT:USDT,3807.73,13688.0,3807.72,27.0,3807.74,7933.0,3807.87,1.0
1753769583837,06:13:03.837,huobi,ETH/USDT:USDT,3807.73,13688.0,3807.72,27.0,3807.74,7933.0,3807.87,1.0
1753769583847,06:13:03.847,huobi,ETH/USDT:USDT,3807.73,13688.0,3807.72,27.0,3807.74,7933.0,3807.76,6.0
1753769583875,06:13:03.875,huobi,ETH/USDT:USDT,3807.73,13537.0,3807.72,27.0,3807.74,7932.0,3807.76,6.0
1753769583951,06:13:03.951,huobi,ETH/USDT:USDT,3807.73,12958.0,3807.72,27.0,3807.74,7932.0,3807.76,6.0
1753769583970,06:13:03.970,huobi,ETH/USDT:USDT,3807.73,13008.0,3807.72,27.0,3807.74,7932.0,3807.76,6.0
1753769584018,06:13:04.018,huobi,ETH/USDT:USDT,3807.73,13009.0,3807.72,27.0,3807.74,7932.0,3807.87,1.0
1753769584069,06:13:04.069,huobi,ETH/USDT:USDT,3807.73,13009.0,3807.72,27.0,3807.74,7932.0,3807.87,1.0
1753769584222,06:13:04.222,huobi,ETH/USDT:USDT,3807.73,13009.0,3807.72,27.0,3807.74,7932.0,3807.87,1.0
1753769584427,06:13:04.427,huobi,ETH/USDT:USDT,3807.73,13009.0,3807.72,27.0,3807.74,7932.0,3807.87,1.0
1753769584791,06:13:04.791,huobi,ETH/USDT:USDT,3807.73,12658.0,3807.72,27.0,3807.74,7932.0,3807.76,6.0
1753769584817,06:13:04.817,huobi,ETH/USDT:USDT,3807.73,12659.0,3807.72,27.0,3807.74,7932.0,3807.76,6.0
1753769584847,06:13:04.847,huobi,ETH/USDT:USDT,3807.73,12709.0,3807.72,27.0,3807.74,7932.0,3807.76,6.0
1753769584979,06:13:04.979,huobi,ETH/USDT:USDT,3807.73,12809.0,3807.72,27.0,3807.74,7932.0,3807.76,6.0
1753769584983,06:13:04.983,huobi,ETH/USDT:USDT,3807.73,12759.0,3807.72,27.0,3807.74,7932.0,3807.76,6.0
1753769585045,06:13:05.045,huobi,ETH/USDT:USDT,3807.73,12708.0,3807.72,27.0,3807.74,7932.0,3807.76,6.0
1753769585074,06:13:05.074,huobi,ETH/USDT:USDT,3807.73,12808.0,3807.72,27.0,3807.74,7932.0,3807.76,6.0
1753769585197,06:13:05.197,huobi,ETH/USDT:USDT,3807.73,12808.0,3807.72,27.0,3807.74,7932.0,3807.84,200.0
1753769585544,06:13:05.544,huobi,ETH/USDT:USDT,3807.73,12808.0,3807.72,27.0,3807.74,7932.0,3807.87,1.0
1753769585615,06:13:05.615,huobi,ETH/USDT:USDT,3807.73,12808.0,3807.72,27.0,3807.74,7932.0,3807.76,6.0
1753769585683,06:13:05.683,huobi,ETH/USDT:USDT,3807.73,12808.0,3807.72,27.0,3807.74,7932.0,3807.76,6.0
1753769585733,06:13:05.733,huobi,ETH/USDT:USDT,3807.73,12808.0,3807.72,27.0,3807.74,7932.0,3807.76,6.0
1753769585850,06:13:05.850,huobi,ETH/USDT:USDT,3807.73,12808.0,3807.72,27.0,3807.74,7932.0,3807.76,6.0
1753769586125,06:13:06.125,huobi,ETH/USDT:USDT,3807.73,12808.0,3807.72,27.0,3807.74,7932.0,3807.76,6.0
1753769586136,06:13:06.136,huobi,ETH/USDT:USDT,3807.73,12808.0,3807.72,27.0,3807.74,7932.0,3807.87,1.0
1753769586287,06:13:06.287,huobi,ETH/USDT:USDT,3807.73,12808.0,3807.72,27.0,3807.74,7932.0,3807.87,1.0
1753769586287,06:13:06.287,huobi,ETH/USDT:USDT,3807.73,12808.0,3807.72,27.0,3807.74,7932.0,3807.76,6.0
1753769586288,06:13:06.288,huobi,ETH/USDT:USDT,3807.73,12808.0,3807.72,27.0,3807.74,7932.0,3807.76,6.0
1753769586392,06:13:06.392,huobi,ETH/USDT:USDT,3807.73,12808.0,3807.72,27.0,3807.74,7932.0,3807.76,6.0
1753769586589,06:13:06.589,huobi,ETH/USDT:USDT,3807.73,12808.0,3807.72,27.0,3807.74,7932.0,3807.76,6.0
1753769586649,06:13:06.649,huobi,ETH/USDT:USDT,3807.73,12808.0,3807.72,27.0,3807.74,7932.0,3807.87,1.0
1753769586675,06:13:06.675,huobi,ETH/USDT:USDT,3807.73,12808.0,3807.72,27.0,3807.74,7932.0,3807.87,1.0
1753769586699,06:13:06.699,huobi,ETH/USDT:USDT,3807.73,12758.0,3807.72,27.0,3807.74,7932.0,3807.87,1.0
1753769586729,06:13:06.729,huobi,ETH/USDT:USDT,3807.73,12759.0,3807.72,27.0,3807.74,7932.0,3807.87,1.0
1753769586874,06:13:06.874,huobi,ETH/USDT:USDT,3807.73,12769.0,3807.72,27.0,3807.74,7932.0,3807.87,1.0
1753769587056,06:13:07.056,huobi,ETH/USDT:USDT,3807.73,12769.0,3807.72,27.0,3807.74,7932.0,3807.87,1.0
1753769587117,06:13:07.117,huobi,ETH/USDT:USDT,3807.73,12769.0,3807.72,27.0,3807.74,7932.0,3807.87,1.0
1753769587291,06:13:07.291,huobi,ETH/USDT:USDT,3807.73,12769.0,3807.72,27.0,3807.74,7932.0,3807.87,1.0
1753769587296,06:13:07.296,huobi,ETH/USDT:USDT,3807.73,12769.0,3807.72,27.0,3807.74,7932.0,3807.87,1.0
1753769587363,06:13:07.363,huobi,ETH/USDT:USDT,3807.73,12769.0,3807.72,27.0,3807.74,7932.0,3807.76,6.0
1753769587544,06:13:07.544,huobi,ETH/USDT:USDT,3807.73,12769.0,3807.72,27.0,3807.74,7932.0,3807.87,1.0
1753769587668,06:13:07.668,huobi,ETH/USDT:USDT,3807.73,12769.0,3807.72,27.0,3807.74,7932.0,3807.76,6.0
1753769587692,06:13:07.692,huobi,ETH/USDT:USDT,3807.73,12769.0,3807.72,27.0,3807.74,7932.0,3807.76,6.0
1753769587794,06:13:07.794,huobi,ETH/USDT:USDT,3807.73,12769.0,3807.72,27.0,3807.74,7932.0,3807.76,6.0
1753769587830,06:13:07.830,huobi,ETH/USDT:USDT,3807.73,12769.0,3807.72,27.0,3807.74,7932.0,3807.76,6.0
1753769587890,06:13:07.890,huobi,ETH/USDT:USDT,3807.73,12769.0,3807.72,27.0,3807.74,7932.0,3807.87,1.0
1753769587953,06:13:07.953,huobi,ETH/USDT:USDT,3807.73,12769.0,3807.72,27.0,3807.74,7932.0,3807.76,6.0
1753769588095,06:13:08.095,huobi,ETH/USDT:USDT,3807.73,12769.0,3807.72,27.0,3807.74,7932.0,3807.76,6.0
1753769588139,06:13:08.139,huobi,ETH/USDT:USDT,3807.73,12769.0,3807.72,27.0,3807.74,7932.0,3807.76,6.0
1753769588523,06:13:08.523,huobi,ETH/USDT:USDT,3807.73,12769.0,3807.72,27.0,3807.74,7932.0,3807.76,6.0
1753769588671,06:13:08.671,huobi,ETH/USDT:USDT,3807.73,12769.0,3807.72,27.0,3807.74,7932.0,3807.87,1.0
1753769588949,06:13:08.949,huobi,ETH/USDT:USDT,3807.73,12769.0,3807.72,27.0,3807.74,7932.0,3807.87,1.0
1753769589114,06:13:09.114,huobi,ETH/USDT:USDT,3807.73,12769.0,3807.72,27.0,3807.74,7932.0,3807.76,6.0
1753769589144,06:13:09.144,huobi,ETH/USDT:USDT,3807.73,12769.0,3807.72,27.0,3807.74,7932.0,3807.87,1.0
1753769589198,06:13:09.198,huobi,ETH/USDT:USDT,3807.73,12769.0,3807.72,27.0,3807.74,7932.0,3807.87,1.0
1753769589356,06:13:09.356,huobi,ETH/USDT:USDT,3807.73,12769.0,3807.72,27.0,3807.74,8444.0,3807.87,1.0
1753769589495,06:13:09.495,huobi,ETH/USDT:USDT,3807.73,12769.0,3807.72,27.0,3807.74,7932.0,3807.87,1.0
1753769589762,06:13:09.762,huobi,ETH/USDT:USDT,3807.73,12769.0,3807.72,27.0,3807.74,7932.0,3807.76,6.0
1753769589852,06:13:09.852,huobi,ETH/USDT:USDT,3807.73,12769.0,3807.72,27.0,3807.74,8444.0,3807.76,6.0
1753769590018,06:13:10.018,huobi,ETH/USDT:USDT,3807.73,12769.0,3807.72,27.0,3807.74,7932.0,3807.76,6.0
1753769590399,06:13:10.399,huobi,ETH/USDT:USDT,3807.73,12769.0,3807.72,27.0,3807.74,8444.0,3807.76,6.0
1753769590436,06:13:10.436,huobi,ETH/USDT:USDT,3807.73,12769.0,3807.72,27.0,3807.74,8444.0,3807.76,6.0
1753769590454,06:13:10.454,huobi,ETH/USDT:USDT,3807.73,12769.0,3807.72,27.0,3807.74,7932.0,3807.76,6.0
1753769590508,06:13:10.508,huobi,ETH/USDT:USDT,3807.73,12769.0,3807.72,27.0,3807.74,7932.0,3807.87,1.0
1753769590581,06:13:10.581,huobi,ETH/USDT:USDT,3807.73,12769.0,3807.72,27.0,3807.74,7932.0,3807.87,1.0
1753769590600,06:13:10.600,huobi,ETH/USDT:USDT,3807.73,12769.0,3807.72,27.0,3807.74,7932.0,3807.87,1.0
1753769590669,06:13:10.669,huobi,ETH/USDT:USDT,3807.73,12769.0,3807.72,27.0,3807.74,7932.0,3807.87,1.0
1753769590691,06:13:10.691,huobi,ETH/USDT:USDT,3807.73,12769.0,3807.72,27.0,3807.74,7932.0,3807.76,6.0
1753769590757,06:13:10.757,huobi,ETH/USDT:USDT,3807.73,12769.0,3807.72,27.0,3807.74,7932.0,3807.76,6.0
1753769590906,06:13:10.906,huobi,ETH/USDT:USDT,3807.73,12769.0,3807.72,27.0,3807.74,7932.0,3807.87,1.0
1753769590982,06:13:10.982,huobi,ETH/USDT:USDT,3807.73,12769.0,3807.72,27.0,3807.74,7932.0,3807.87,1.0
1753769591093,06:13:11.093,huobi,ETH/USDT:USDT,3807.73,12769.0,3807.72,27.0,3807.74,7932.0,3807.76,6.0
1753769591103,06:13:11.103,huobi,ETH/USDT:USDT,3807.73,12769.0,3807.72,27.0,3807.74,7932.0,3807.76,6.0
1753769591343,06:13:11.343,huobi,ETH/USDT:USDT,3807.73,12769.0,3807.72,27.0,3807.74,7932.0,3807.87,1.0
1753769591344,06:13:11.344,huobi,ETH/USDT:USDT,3807.73,12769.0,3807.72,27.0,3807.74,7932.0,3807.87,1.0
1753769591457,06:13:11.457,huobi,ETH/USDT:USDT,3807.73,12769.0,3807.72,27.0,3807.74,8466.0,3807.87,1.0
1753769591471,06:13:11.471,huobi,ETH/USDT:USDT,3807.73,13347.0,3807.72,27.0,3807.74,7932.0,3807.87,1.0
1753769591495,06:13:11.495,huobi,ETH/USDT:USDT,3807.73,13347.0,3807.72,27.0,3807.74,7932.0,3807.76,6.0
1753769591537,06:13:11.537,huobi,ETH/USDT:USDT,3807.73,13347.0,3807.72,27.0,3807.74,7932.0,3807.76,6.0
1753769591667,06:13:11.667,huobi,ETH/USDT:USDT,3807.73,13347.0,3807.72,27.0,3807.74,7932.0,3807.87,1.0
1753769591711,06:13:11.711,huobi,ETH/USDT:USDT,3807.73,13347.0,3807.72,27.0,3807.74,7932.0,3807.87,1.0
1753769591764,06:13:11.764,huobi,ETH/USDT:USDT,3807.73,13347.0,3807.72,27.0,3807.74,7932.0,3807.76,6.0
1753769591769,06:13:11.769,huobi,ETH/USDT:USDT,3807.73,13347.0,3807.72,27.0,3807.74,7932.0,3807.76,6.0
1753769591866,06:13:11.866,huobi,ETH/USDT:USDT,3807.73,13347.0,3807.72,27.0,3807.74,7932.0,3807.76,6.0
1753769592003,06:13:12.003,huobi,ETH/USDT:USDT,3807.73,13347.0,3807.72,27.0,3807.74,7932.0,3807.87,1.0
1753769592131,06:13:12.131,huobi,ETH/USDT:USDT,3807.73,13347.0,3807.72,27.0,3807.74,7932.0,3807.87,1.0
1753769592207,06:13:12.207,huobi,ETH/USDT:USDT,3807.73,13347.0,3807.72,27.0,3807.74,7932.0,3807.87,1.0
1753769592213,06:13:12.213,huobi,ETH/USDT:USDT,3807.73,13347.0,3807.72,27.0,3807.74,7932.0,3807.87,1.0
1753769592294,06:13:12.294,huobi,ETH/USDT:USDT,3807.73,13347.0,3807.72,27.0,3807.74,7932.0,3807.76,6.0
1753769592329,06:13:12.329,huobi,ETH/USDT:USDT,3807.73,13347.0,3807.72,27.0,3807.74,7932.0,3807.87,1.0
1753769592342,06:13:12.342,huobi,ETH/USDT:USDT,3807.73,13347.0,3807.72,27.0,3807.74,7932.0,3807.87,1.0
1753769592387,06:13:12.387,huobi,ETH/USDT:USDT,3807.73,13347.0,3807.72,27.0,3807.74,7932.0,3807.87,1.0
1753769592396,06:13:12.396,huobi,ETH/USDT:USDT,3807.73,13347.0,3807.72,27.0,3807.74,7932.0,3807.76,6.0
1753769592553,06:13:12.553,huobi,ETH/USDT:USDT,3807.73,13347.0,3807.72,27.0,3807.74,7932.0,3807.87,1.0
1753769592609,06:13:12.609,huobi,ETH/USDT:USDT,3807.73,12769.0,3807.72,27.0,3807.74,7932.0,3807.76,6.0
1753769592657,06:13:12.657,huobi,ETH/USDT:USDT,3807.73,12769.0,3807.72,27.0,3807.74,7932.0,3807.87,1.0
1753769592702,06:13:12.702,huobi,ETH/USDT:USDT,3807.73,12769.0,3807.72,27.0,3807.74,7932.0,3807.87,1.0
1753769592742,06:13:12.742,huobi,ETH/USDT:USDT,3807.73,12769.0,3807.72,27.0,3807.74,7932.0,3807.87,1.0
1753769593036,06:13:13.036,huobi,ETH/USDT:USDT,3807.73,12769.0,3807.72,27.0,3807.74,7932.0,3807.76,6.0
1753769593121,06:13:13.121,huobi,ETH/USDT:USDT,3807.73,12769.0,3807.72,27.0,3807.74,7932.0,3807.76,6.0
1753769593232,06:13:13.232,huobi,ETH/USDT:USDT,3807.73,12769.0,3807.72,27.0,3807.74,8466.0,3807.76,6.0
1753769593283,06:13:13.283,huobi,ETH/USDT:USDT,3807.73,12769.0,3807.72,27.0,3807.74,8466.0,3807.87,1.0
1753769593298,06:13:13.298,huobi,ETH/USDT:USDT,3807.73,12091.0,3807.72,27.0,3807.74,8466.0,3807.87,1.0
1753769593341,06:13:13.341,huobi,ETH/USDT:USDT,3807.73,12091.0,3807.72,27.0,3807.74,10262.0,3807.87,1.0
1753769593447,06:13:13.447,huobi,ETH/USDT:USDT,3807.73,12041.0,3807.72,27.0,3807.74,10262.0,3807.87,1.0
1753769593504,06:13:13.504,huobi,ETH/USDT:USDT,3807.73,10748.0,3807.72,27.0,3807.74,10606.0,3807.87,1.0
1753769593509,06:13:13.509,huobi,ETH/USDT:USDT,3807.73,10748.0,3807.72,27.0,3807.74,10606.0,3807.76,6.0
1753769593534,06:13:13.534,huobi,ETH/USDT:USDT,3807.73,10032.0,3807.72,27.0,3807.74,10606.0,3807.76,584.0
1753769593573,06:13:13.573,huobi,ETH/USDT:USDT,3807.73,5299.0,3807.72,27.0,3807.74,16284.0,3807.76,578.0
1753769593656,06:13:13.656,huobi,ETH/USDT:USDT,3807.73,3498.0,3807.72,27.0,3807.74,16722.0,3807.76,578.0
1753769593688,06:13:13.688,huobi,ETH/USDT:USDT,3807.73,4855.0,3807.72,27.0,3807.74,16722.0,3807.76,578.0
1753769593878,06:13:13.878,huobi,ETH/USDT:USDT,3807.73,4855.0,3807.72,27.0,3807.74,16722.0,3807.76,578.0
1753769593928,06:13:13.928,huobi,ETH/USDT:USDT,3807.73,4855.0,3807.72,27.0,3807.74,16722.0,3807.76,584.0
1753769593962,06:13:13.962,huobi,ETH/USDT:USDT,3807.73,4855.0,3807.72,27.0,3807.74,16722.0,3807.76,584.0
1753769593989,06:13:13.989,huobi,ETH/USDT:USDT,3807.73,4855.0,3807.72,27.0,3807.74,16722.0,3807.76,584.0
1753769594015,06:13:14.015,huobi,ETH/USDT:USDT,3807.73,3498.0,3807.72,27.0,3807.74,18079.0,3807.76,584.0
1753769594042,06:13:14.042,huobi,ETH/USDT:USDT,3807.73,3498.0,3807.72,27.0,3807.74,18079.0,3807.76,584.0
1753769594144,06:13:14.144,huobi,ETH/USDT:USDT,3807.73,3498.0,3807.72,27.0,3807.74,18657.0,3807.76,584.0
1753769594221,06:13:14.221,huobi,ETH/USDT:USDT,3807.73,3498.0,3807.72,27.0,3807.74,18657.0,3807.76,6.0
1753769594521,06:13:14.521,huobi,ETH/USDT:USDT,3807.73,3498.0,3807.72,27.0,3807.74,18657.0,3807.76,6.0
1753769594583,06:13:14.583,huobi,ETH/USDT:USDT,3807.73,3498.0,3807.72,27.0,3807.74,18657.0,3807.76,6.0
1753769594855,06:13:14.855,huobi,ETH/USDT:USDT,3807.73,2964.0,3807.72,27.0,3807.74,18657.0,3807.76,6.0
1753769594959,06:13:14.959,huobi,ETH/USDT:USDT,3807.73,2964.0,3807.72,27.0,3807.74,18657.0,3807.76,6.0
1753769595118,06:13:15.118,huobi,ETH/USDT:USDT,3807.73,2964.0,3807.72,27.0,3807.74,18657.0,3807.76,6.0
1753769595130,06:13:15.130,huobi,ETH/USDT:USDT,3807.73,2964.0,3807.72,27.0,3807.74,18657.0,3807.76,6.0
1753769595193,06:13:15.193,huobi,ETH/USDT:USDT,3807.73,3498.0,3807.72,27.0,3807.74,18657.0,3807.76,6.0
1753769595269,06:13:15.269,huobi,ETH/USDT:USDT,3807.73,3498.0,3807.72,27.0,3807.74,18657.0,3807.76,6.0
1753769595334,06:13:15.334,huobi,ETH/USDT:USDT,3807.73,2964.0,3807.72,27.0,3807.74,18657.0,3807.76,6.0
1753769595445,06:13:15.445,huobi,ETH/USDT:USDT,3807.73,2964.0,3807.72,27.0,3807.74,18657.0,3807.76,6.0
1753769595518,06:13:15.518,huobi,ETH/USDT:USDT,3807.73,3498.0,3807.72,27.0,3807.74,18657.0,3807.76,6.0
1753769595643,06:13:15.643,huobi,ETH/USDT:USDT,3807.73,3498.0,3807.72,27.0,3807.74,18657.0,3807.76,6.0
1753769595933,06:13:15.933,huobi,ETH/USDT:USDT,3807.73,2964.0,3807.72,27.0,3807.74,18657.0,3807.76,6.0
1753769595955,06:13:15.955,huobi,ETH/USDT:USDT,3807.73,2964.0,3807.72,27.0,3807.74,18657.0,3807.76,6.0
1753769596218,06:13:16.218,huobi,ETH/USDT:USDT,3807.73,2964.0,3807.72,27.0,3807.74,18657.0,3807.76,6.0
1753769596266,06:13:16.266,huobi,ETH/USDT:USDT,3807.73,3498.0,3807.72,27.0,3807.74,18657.0,3807.76,6.0
1753769596373,06:13:16.373,huobi,ETH/USDT:USDT,3807.73,3498.0,3807.72,27.0,3807.74,18657.0,3807.76,6.0
1753769596579,06:13:16.579,huobi,ETH/USDT:USDT,3807.73,3498.0,3807.72,27.0,3807.74,18657.0,3807.76,6.0
1753769596612,06:13:16.612,huobi,ETH/USDT:USDT,3807.73,3498.0,3807.72,27.0,3807.74,18657.0,3807.76,6.0
1753769597041,06:13:17.041,huobi,ETH/USDT:USDT,3807.73,3498.0,3807.72,27.0,3807.74,18657.0,3807.76,6.0
1753769597105,06:13:17.105,huobi,ETH/USDT:USDT,3807.73,3498.0,3807.72,27.0,3807.74,18657.0,3807.76,6.0
1753769597107,06:13:17.107,huobi,ETH/USDT:USDT,3807.73,3498.0,3807.72,27.0,3807.74,18657.0,3807.76,6.0
1753769597252,06:13:17.252,huobi,ETH/USDT:USDT,3807.73,3498.0,3807.72,27.0,3807.74,18657.0,3807.76,6.0
1753769597374,06:13:17.374,huobi,ETH/USDT:USDT,3807.73,3498.0,3807.72,27.0,3807.74,18657.0,3807.76,6.0
1753769597495,06:13:17.495,huobi,ETH/USDT:USDT,3807.73,2964.0,3807.72,27.0,3807.74,18657.0,3807.76,6.0
1753769597615,06:13:17.615,huobi,ETH/USDT:USDT,3807.73,2964.0,3807.72,27.0,3807.74,18657.0,3807.76,6.0
1753769597667,06:13:17.667,huobi,ETH/USDT:USDT,3807.73,2964.0,3807.72,27.0,3807.74,18657.0,3807.76,6.0
1753769597753,06:13:17.753,huobi,ETH/USDT:USDT,3807.73,3498.0,3807.72,27.0,3807.74,18657.0,3807.76,6.0
1753769597994,06:13:17.994,huobi,ETH/USDT:USDT,3807.73,3498.0,3807.72,27.0,3807.74,18657.0,3807.76,6.0
1753769598012,06:13:18.012,huobi,ETH/USDT:USDT,3807.73,3498.0,3807.72,27.0,3807.74,18657.0,3807.76,6.0
1753769598108,06:13:18.108,huobi,ETH/USDT:USDT,3807.73,2964.0,3807.72,27.0,3807.74,18657.0,3807.76,6.0
1753769598164,06:13:18.164,huobi,ETH/USDT:USDT,3807.73,3498.0,3807.72,27.0,3807.74,18657.0,3807.76,6.0
1753769598307,06:13:18.307,huobi,ETH/USDT:USDT,3807.73,3461.0,3807.72,27.0,3807.74,18657.0,3807.76,6.0
1753769598365,06:13:18.365,huobi,ETH/USDT:USDT,3807.73,2927.0,3807.72,27.0,3807.74,18657.0,3807.76,6.0
1753769598675,06:13:18.675,huobi,ETH/USDT:USDT,3807.73,2927.0,3807.72,27.0,3807.74,18815.0,3807.76,6.0
1753769598710,06:13:18.710,huobi,ETH/USDT:USDT,3807.73,2927.0,3807.72,27.0,3807.74,18815.0,3807.76,6.0
1753769599023,06:13:19.023,huobi,ETH/USDT:USDT,3807.73,2927.0,3807.72,27.0,3807.74,18714.0,3807.76,6.0
1753769599037,06:13:19.037,huobi,ETH/USDT:USDT,3807.73,2927.0,3807.72,27.0,3807.74,18556.0,3807.76,6.0
1753769599123,06:13:19.123,huobi,ETH/USDT:USDT,3807.73,2927.0,3807.72,27.0,3807.74,18556.0,3807.76,6.0
1753769599207,06:13:19.207,huobi,ETH/USDT:USDT,3807.73,2927.0,3807.72,27.0,3807.74,18556.0,3807.76,6.0
1753769599267,06:13:19.267,huobi,ETH/USDT:USDT,3807.73,3461.0,3807.72,27.0,3807.74,18556.0,3807.76,6.0
1753769599429,06:13:19.429,huobi,ETH/USDT:USDT,3807.73,3461.0,3807.72,27.0,3807.74,18556.0,3807.76,6.0
1753769599510,06:13:19.510,huobi,ETH/USDT:USDT,3807.73,3461.0,3807.72,27.0,3807.74,18556.0,3807.76,6.0
1753769599590,06:13:19.590,huobi,ETH/USDT:USDT,3807.73,2927.0,3807.72,27.0,3807.74,18556.0,3807.76,6.0
1753769599881,06:13:19.881,huobi,ETH/USDT:USDT,3807.73,2927.0,3807.72,27.0,3807.74,18556.0,3807.76,6.0
1753769599974,06:13:19.974,huobi,ETH/USDT:USDT,3807.73,2927.0,3807.72,27.0,3807.74,18556.0,3807.76,6.0
1753769600010,06:13:20.010,huobi,ETH/USDT:USDT,3807.73,2927.0,3807.72,27.0,3807.74,18556.0,3807.76,6.0
1753769600021,06:13:20.021,huobi,ETH/USDT:USDT,3807.73,2927.0,3807.72,27.0,3807.74,18556.0,3807.76,6.0
1753769600127,06:13:20.127,huobi,ETH/USDT:USDT,3807.73,3461.0,3807.72,27.0,3807.74,18556.0,3807.76,6.0
1753769600164,06:13:20.164,huobi,ETH/USDT:USDT,3807.73,3461.0,3807.72,27.0,3807.74,18556.0,3807.76,6.0
1753769600200,06:13:20.200,huobi,ETH/USDT:USDT,3807.73,2375.0,3807.72,27.0,3807.74,18556.0,3807.76,6.0
1753769600224,06:13:20.224,huobi,ETH/USDT:USDT,3807.73,2375.0,3807.72,27.0,3807.74,18556.0,3807.76,6.0
1753769600282,06:13:20.282,huobi,ETH/USDT:USDT,3807.73,2375.0,3807.72,27.0,3807.74,18556.0,3807.76,6.0
1753769600288,06:13:20.288,huobi,ETH/USDT:USDT,3807.73,2375.0,3807.72,27.0,3807.74,18556.0,3807.76,6.0
1753769600680,06:13:20.680,huobi,ETH/USDT:USDT,3807.73,2375.0,3807.72,27.0,3807.74,18556.0,3807.76,6.0
1753769600709,06:13:20.709,huobi,ETH/USDT:USDT,3807.73,2375.0,3807.72,27.0,3807.74,19872.0,3807.76,6.0
1753769600768,06:13:20.768,huobi,ETH/USDT:USDT,3807.73,2909.0,3807.72,27.0,3807.74,19872.0,3807.76,6.0
1753769600825,06:13:20.825,huobi,ETH/USDT:USDT,3807.73,2909.0,3807.72,27.0,3807.74,19872.0,3807.76,6.0
1753769601116,06:13:21.116,huobi,ETH/USDT:USDT,3807.73,2375.0,3807.72,27.0,3807.74,19872.0,3807.76,6.0
1753769601184,06:13:21.184,huobi,ETH/USDT:USDT,3807.73,2896.0,3807.72,27.0,3807.74,19872.0,3807.76,6.0
1753769601258,06:13:21.258,huobi,ETH/USDT:USDT,3807.73,2375.0,3807.72,27.0,3807.74,19872.0,3807.76,6.0
1753769601282,06:13:21.282,huobi,ETH/USDT:USDT,3807.73,2375.0,3807.72,27.0,3807.74,19872.0,3807.76,6.0
1753769601586,06:13:21.586,huobi,ETH/USDT:USDT,3807.73,2291.0,3807.72,27.0,3807.74,19872.0,3807.76,6.0
1753769601768,06:13:21.768,huobi,ETH/USDT:USDT,3807.73,2291.0,3807.72,27.0,3807.74,19872.0,3807.76,6.0
1753769601858,06:13:21.858,huobi,ETH/USDT:USDT,3807.73,2291.0,3807.72,27.0,3807.74,19872.0,3807.76,6.0
1753769602004,06:13:22.004,huobi,ETH/USDT:USDT,3807.73,2291.0,3807.72,27.0,3807.74,19872.0,3807.76,6.0
1753769602059,06:13:22.059,huobi,ETH/USDT:USDT,3807.73,2291.0,3807.72,27.0,3807.74,19872.0,3807.76,6.0
1753769602099,06:13:22.099,huobi,ETH/USDT:USDT,3807.73,2264.0,3807.7,35.0,3807.74,23432.0,3807.75,52.0
1753769602116,06:13:22.116,huobi,ETH/USDT:USDT,3807.73,2264.0,3807.7,35.0,3807.74,23590.0,3807.75,52.0
1753769602146,06:13:22.146,huobi,ETH/USDT:USDT,3807.73,2264.0,3807.7,35.0,3807.74,24169.0,3807.75,52.0
1753769602176,06:13:22.176,huobi,ETH/USDT:USDT,3807.73,2264.0,3807.7,43.0,3807.74,24169.0,3807.75,52.0
1753769602205,06:13:22.205,huobi,ETH/USDT:USDT,3807.73,2264.0,3807.7,43.0,3807.74,24168.0,3807.75,52.0
1753769602252,06:13:22.252,huobi,ETH/USDT:USDT,3807.73,2264.0,3807.7,43.0,3807.74,24168.0,3807.75,52.0
1753769602264,06:13:22.264,huobi,ETH/USDT:USDT,3807.73,2264.0,3807.7,35.0,3807.74,24168.0,3807.75,52.0
1753769602315,06:13:22.315,huobi,ETH/USDT:USDT,3807.73,2240.0,3807.7,35.0,3807.74,24169.0,3807.75,52.0
1753769602390,06:13:22.390,huobi,ETH/USDT:USDT,3807.73,2240.0,3807.7,35.0,3807.74,24169.0,3807.75,52.0
1753769602504,06:13:22.504,huobi,ETH/USDT:USDT,3807.73,2240.0,3807.7,35.0,3807.74,24169.0,3807.75,52.0
1753769602571,06:13:22.571,huobi,ETH/USDT:USDT,3807.73,2240.0,3807.7,27.0,3807.74,24169.0,3807.75,52.0
1753769602629,06:13:22.629,huobi,ETH/USDT:USDT,3807.73,2195.0,3807.7,27.0,3807.74,24169.0,3807.75,52.0
1753769602658,06:13:22.658,huobi,ETH/USDT:USDT,3807.73,2195.0,3807.7,27.0,3807.74,24169.0,3807.75,52.0
1753769602691,06:13:22.691,huobi,ETH/USDT:USDT,3807.73,2195.0,3807.7,35.0,3807.74,24169.0,3807.75,52.0
1753769602768,06:13:22.768,huobi,ETH/USDT:USDT,3807.73,2195.0,3807.7,27.0,3807.74,24169.0,3807.75,52.0
1753769602825,06:13:22.825,huobi,ETH/USDT:USDT,3807.73,2753.0,3807.7,27.0,3807.74,24169.0,3807.75,52.0
1753769602866,06:13:22.866,huobi,ETH/USDT:USDT,3807.73,2753.0,3807.7,35.0,3807.74,24169.0,3807.75,52.0
1753769603014,06:13:23.014,huobi,ETH/USDT:USDT,3807.73,2753.0,3807.7,35.0,3807.74,24169.0,3807.75,52.0
1753769603161,06:13:23.161,huobi,ETH/USDT:USDT,3807.73,2753.0,3807.7,35.0,3807.74,24169.0,3807.75,52.0
1753769603241,06:13:23.241,huobi,ETH/USDT:USDT,3807.73,2780.0,3807.7,35.0,3807.74,24169.0,3807.75,52.0
1753769603277,06:13:23.277,huobi,ETH/USDT:USDT,3807.73,2780.0,3807.7,43.0,3807.74,24169.0,3807.75,52.0
1753769603318,06:13:23.318,huobi,ETH/USDT:USDT,3807.73,2780.0,3807.7,43.0,3807.74,24169.0,3807.75,52.0
1753769603417,06:13:23.417,huobi,ETH/USDT:USDT,3807.73,2780.0,3807.7,35.0,3807.74,24169.0,3807.75,52.0
1753769603474,06:13:23.474,huobi,ETH/USDT:USDT,3807.73,2780.0,3807.7,35.0,3807.74,24169.0,3807.75,52.0
1753769603527,06:13:23.527,huobi,ETH/USDT:USDT,3807.73,2780.0,3807.7,35.0,3807.74,24169.0,3807.75,52.0
1753769603580,06:13:23.580,huobi,ETH/USDT:USDT,3807.73,2780.0,3807.7,35.0,3807.74,24169.0,3807.75,52.0
1753769603609,06:13:23.609,huobi,ETH/USDT:USDT,3807.73,2780.0,3807.7,43.0,3807.74,24169.0,3807.75,52.0
1753769603633,06:13:23.633,huobi,ETH/USDT:USDT,3807.73,2780.0,3807.7,43.0,3807.74,24169.0,3807.75,52.0
1753769603657,06:13:23.657,huobi,ETH/USDT:USDT,3807.73,2780.0,3807.7,43.0,3807.74,24169.0,3807.75,52.0
1753769603788,06:13:23.788,huobi,ETH/USDT:USDT,3807.73,2780.0,3807.7,43.0,3807.74,24169.0,3807.75,52.0
1753769603853,06:13:23.853,huobi,ETH/USDT:USDT,3807.73,2780.0,3807.7,43.0,3807.74,24169.0,3807.75,52.0
1753769603877,06:13:23.877,huobi,ETH/USDT:USDT,3807.73,2780.0,3807.7,35.0,3807.74,24169.0,3807.75,52.0
1753769603893,06:13:23.893,huobi,ETH/USDT:USDT,3807.73,2780.0,3807.7,35.0,3807.74,24169.0,3807.75,52.0
1753769603997,06:13:23.997,huobi,ETH/USDT:USDT,3807.73,2780.0,3807.7,35.0,3807.74,24169.0,3807.75,52.0
1753769604105,06:13:24.105,huobi,ETH/USDT:USDT,3807.73,2780.0,3807.7,35.0,3807.74,24169.0,3807.75,52.0
1753769604160,06:13:24.160,huobi,ETH/USDT:USDT,3807.73,2780.0,3807.7,43.0,3807.74,24169.0,3807.75,52.0
1753769604551,06:13:24.551,huobi,ETH/USDT:USDT,3807.73,2780.0,3807.7,35.0,3807.74,24169.0,3807.75,52.0
1753769604612,06:13:24.612,huobi,ETH/USDT:USDT,3807.73,2780.0,3807.7,35.0,3807.74,24169.0,3807.75,52.0
1753769604644,06:13:24.644,huobi,ETH/USDT:USDT,3807.73,2780.0,3807.7,43.0,3807.74,24169.0,3807.75,52.0
1753769604683,06:13:24.683,huobi,ETH/USDT:USDT,3807.73,2780.0,3807.7,43.0,3807.74,24169.0,3807.75,52.0
1753769604695,06:13:24.695,huobi,ETH/USDT:USDT,3807.73,2780.0,3807.7,43.0,3807.74,24169.0,3807.75,52.0
1753769604949,06:13:24.949,huobi,ETH/USDT:USDT,3807.73,2780.0,3807.7,35.0,3807.74,24169.0,3807.75,52.0
1753769605233,06:13:25.233,huobi,ETH/USDT:USDT,3807.73,2780.0,3807.7,35.0,3807.74,24169.0,3807.75,52.0
1753769605280,06:13:25.280,huobi,ETH/USDT:USDT,3807.73,2780.0,3807.7,35.0,3807.74,24169.0,3807.75,52.0
1753769605298,06:13:25.298,huobi,ETH/USDT:USDT,3807.73,2780.0,3807.7,43.0,3807.74,24169.0,3807.75,52.0
1753769605449,06:13:25.449,huobi,ETH/USDT:USDT,3807.73,2780.0,3807.7,35.0,3807.74,24169.0,3807.75,52.0
1753769605764,06:13:25.764,huobi,ETH/USDT:USDT,3807.73,2780.0,3807.7,43.0,3807.74,24169.0,3807.75,52.0
1753769606333,06:13:26.333,huobi,ETH/USDT:USDT,3807.73,2780.0,3807.7,35.0,3807.74,24169.0,3807.75,52.0
1753769606346,06:13:26.346,huobi,ETH/USDT:USDT,3807.73,2780.0,3807.7,35.0,3807.74,24169.0,3807.75,52.0
1753769606393,06:13:26.393,huobi,ETH/USDT:USDT,3807.73,2780.0,3807.7,35.0,3807.74,24169.0,3807.75,52.0
1753769606412,06:13:26.412,huobi,ETH/USDT:USDT,3807.73,2780.0,3807.7,35.0,3807.74,24169.0,3807.76,6.0
1753769606442,06:13:26.442,huobi,ETH/USDT:USDT,3807.73,2780.0,3807.7,35.0,3807.74,24011.0,3807.76,6.0
1753769606522,06:13:26.522,huobi,ETH/USDT:USDT,3807.73,3301.0,3807.7,35.0,3807.74,24011.0,3807.76,6.0
1753769606568,06:13:26.568,huobi,ETH/USDT:USDT,3807.73,2780.0,3807.7,35.0,3807.74,24011.0,3807.76,6.0
1753769606607,06:13:26.607,huobi,ETH/USDT:USDT,3807.73,2780.0,3807.7,35.0,3807.74,24011.0,3807.84,51.0
1753769606649,06:13:26.649,huobi,ETH/USDT:USDT,3807.73,2780.0,3807.7,43.0,3807.74,24011.0,3807.84,51.0
1753769606940,06:13:26.940,huobi,ETH/USDT:USDT,3807.73,2780.0,3807.7,35.0,3807.74,24011.0,3807.84,51.0
1753769607023,06:13:27.023,huobi,ETH/USDT:USDT,3807.73,2780.0,3807.7,35.0,3807.74,24011.0,3807.76,6.0
1753769607050,06:13:27.050,huobi,ETH/USDT:USDT,3807.73,2780.0,3807.7,43.0,3807.74,24011.0,3807.76,6.0
1753769607121,06:13:27.121,huobi,ETH/USDT:USDT,3807.73,2780.0,3807.7,35.0,3807.74,24011.0,3807.76,6.0
1753769607529,06:13:27.529,huobi,ETH/USDT:USDT,3807.73,2780.0,3807.7,35.0,3807.74,24011.0,3807.84,51.0
1753769607547,06:13:27.547,huobi,ETH/USDT:USDT,3807.73,2780.0,3807.7,43.0,3807.74,24011.0,3807.84,51.0
1753769607734,06:13:27.734,huobi,ETH/USDT:USDT,3807.73,2780.0,3807.7,35.0,3807.74,24011.0,3807.84,51.0
1753769608021,06:13:28.021,huobi,ETH/USDT:USDT,3807.73,2780.0,3807.7,35.0,3807.74,24011.0,3807.76,6.0
1753769608043,06:13:28.043,huobi,ETH/USDT:USDT,3807.73,2780.0,3807.7,43.0,3807.74,24011.0,3807.76,6.0
1753769608291,06:13:28.291,huobi,ETH/USDT:USDT,3807.73,2780.0,3807.7,35.0,3807.74,24011.0,3807.76,6.0
1753769608561,06:13:28.561,huobi,ETH/USDT:USDT,3807.73,2780.0,3807.7,35.0,3807.74,24011.0,3807.84,51.0
1753769608594,06:13:28.594,huobi,ETH/USDT:USDT,3807.73,2780.0,3807.7,43.0,3807.74,24011.0,3807.84,51.0
1753769608684,06:13:28.684,huobi,ETH/USDT:USDT,3807.73,2780.0,3807.7,35.0,3807.74,24011.0,3807.84,51.0
1753769608730,06:13:28.730,huobi,ETH/USDT:USDT,3807.73,2780.0,3807.7,35.0,3807.74,24011.0,3807.76,6.0
1753769608757,06:13:28.757,huobi,ETH/USDT:USDT,3807.73,2780.0,3807.7,35.0,3807.74,24011.0,3807.76,6.0
1753769608848,06:13:28.848,huobi,ETH/USDT:USDT,3807.73,2780.0,3807.7,43.0,3807.74,24011.0,3807.76,6.0
1753769609086,06:13:29.086,huobi,ETH/USDT:USDT,3807.73,2780.0,3807.7,43.0,3807.74,24011.0,3807.79,52.0
1753769609237,06:13:29.237,huobi,ETH/USDT:USDT,3807.73,2780.0,3807.7,35.0,3807.74,24011.0,3807.79,52.0
1753769609320,06:13:29.320,huobi,ETH/USDT:USDT,3807.73,2780.0,3807.7,35.0,3807.74,24011.0,3807.79,52.0
1753769609393,06:13:29.393,huobi,ETH/USDT:USDT,3807.73,2780.0,3807.7,35.0,3807.74,24011.0,3807.79,52.0
1753769609408,06:13:29.408,huobi,ETH/USDT:USDT,3807.73,2780.0,3807.7,43.0,3807.74,24011.0,3807.76,6.0
1753769609465,06:13:29.465,huobi,ETH/USDT:USDT,3807.73,2780.0,3807.7,35.0,3807.74,24011.0,3807.76,6.0
1753769609709,06:13:29.709,huobi,ETH/USDT:USDT,3807.73,2780.0,3807.7,35.0,3807.74,24010.0,3807.76,6.0
1753769609881,06:13:29.881,huobi,ETH/USDT:USDT,3807.73,2222.0,3807.7,35.0,3807.74,24010.0,3807.76,6.0
1753769609902,06:13:29.902,huobi,ETH/USDT:USDT,3807.73,2222.0,3807.7,35.0,3807.74,24011.0,3807.76,6.0
1753769609914,06:13:29.914,huobi,ETH/USDT:USDT,3807.73,2222.0,3807.7,35.0,3807.74,24011.0,3807.76,6.0
1753769610170,06:13:30.170,huobi,ETH/USDT:USDT,3807.73,2222.0,3807.7,27.0,3807.74,24011.0,3807.76,6.0
1753769610221,06:13:30.221,huobi,ETH/USDT:USDT,3807.73,2222.0,3807.7,35.0,3807.74,24011.0,3807.76,6.0
1753769610584,06:13:30.584,huobi,ETH/USDT:USDT,3807.73,2222.0,3807.7,35.0,3807.74,22654.0,3807.76,6.0
1753769610607,06:13:30.607,huobi,ETH/USDT:USDT,3807.73,2743.0,3807.7,35.0,3807.74,21832.0,3807.85,200.0
1753769610636,06:13:30.636,huobi,ETH/USDT:USDT,3807.73,2743.0,3807.7,43.0,3807.74,21831.0,3807.84,51.0
1753769610683,06:13:30.683,huobi,ETH/USDT:USDT,3807.73,2743.0,3807.7,43.0,3807.74,20910.0,3807.84,51.0
1753769610720,06:13:30.720,huobi,ETH/USDT:USDT,3807.73,2743.0,3807.7,43.0,3807.74,22267.0,3807.84,51.0
1753769610731,06:13:30.731,huobi,ETH/USDT:USDT,3807.73,2743.0,3807.7,43.0,3807.74,20910.0,3807.84,51.0
1753769610788,06:13:30.788,huobi,ETH/USDT:USDT,3807.73,4711.0,3807.7,35.0,3807.74,6616.0,3807.76,6.0
1753769610815,06:13:30.815,huobi,ETH/USDT:USDT,3807.73,4842.0,3807.7,35.0,3807.74,6056.0,3807.76,6.0
1753769610851,06:13:30.851,huobi,ETH/USDT:USDT,3807.73,4842.0,3807.7,35.0,3807.74,6056.0,3807.75,1357.0
1753769610876,06:13:30.876,huobi,ETH/USDT:USDT,3807.73,3549.0,3807.7,35.0,3807.74,8556.0,3807.75,1357.0
1753769610913,06:13:30.913,huobi,ETH/USDT:USDT,3807.73,3556.0,3807.7,35.0,3807.74,8556.0,3807.75,1357.0
1753769610934,06:13:30.934,huobi,ETH/USDT:USDT,3807.73,4899.0,3807.7,35.0,3807.74,8556.0,3807.75,1357.0
1753769610987,06:13:30.987,huobi,ETH/USDT:USDT,3807.73,4899.0,3807.7,35.0,3807.74,8556.0,3807.75,1357.0
1753769611032,06:13:31.032,huobi,ETH/USDT:USDT,3807.73,4899.0,3807.7,35.0,3807.74,8556.0,3807.75,1357.0
1753769611072,06:13:31.072,huobi,ETH/USDT:USDT,3807.73,4899.0,3807.7,35.0,3807.74,8556.0,3807.75,1357.0
1753769611085,06:13:31.085,huobi,ETH/USDT:USDT,3807.73,4899.0,3807.7,35.0,3807.74,8556.0,3807.75,1357.0
1753769611151,06:13:31.151,huobi,ETH/USDT:USDT,3807.73,4899.0,3807.7,43.0,3807.74,8556.0,3807.75,1357.0
1753769611178,06:13:31.178,huobi,ETH/USDT:USDT,3807.73,4899.0,3807.7,43.0,3807.74,8556.0,3807.75,1357.0
1753769611214,06:13:31.214,huobi,ETH/USDT:USDT,3807.73,4899.0,3807.7,43.0,3807.74,8556.0,3807.75,1357.0
1753769611268,06:13:31.268,huobi,ETH/USDT:USDT,3807.73,4899.0,3807.7,316.0,3807.74,8556.0,3807.75,1357.0
1753769611303,06:13:31.303,huobi,ETH/USDT:USDT,3807.73,4949.0,3807.7,316.0,3807.74,10134.0,3807.75,1357.0
1753769611328,06:13:31.328,huobi,ETH/USDT:USDT,3807.73,4949.0,3807.7,316.0,3807.74,10134.0,3807.75,1357.0
1753769611358,06:13:31.358,huobi,ETH/USDT:USDT,3807.73,8549.0,3807.7,316.0,3807.74,8120.0,3807.76,6.0
1753769611393,06:13:31.393,huobi,ETH/USDT:USDT,3807.73,8691.0,3807.7,316.0,3807.74,7530.0,3807.76,6.0
1753769611429,06:13:31.429,huobi,ETH/USDT:USDT,3807.73,8700.0,3807.7,316.0,3807.74,8887.0,3807.76,6.0
1753769611450,06:13:31.450,huobi,ETH/USDT:USDT,3807.73,8700.0,3807.7,316.0,3807.74,8687.0,3807.76,6.0
1753769611474,06:13:31.474,huobi,ETH/USDT:USDT,3807.73,8700.0,3807.7,316.0,3807.74,8687.0,3807.76,6.0
1753769611589,06:13:31.589,huobi,ETH/USDT:USDT,3807.73,8700.0,3807.7,316.0,3807.74,9222.0,3807.76,6.0
1753769611616,06:13:31.616,huobi,ETH/USDT:USDT,3807.73,8700.0,3807.7,316.0,3807.74,8687.0,3807.76,6.0
1753769611632,06:13:31.632,huobi,ETH/USDT:USDT,3807.73,8700.0,3807.7,316.0,3807.74,6187.0,3807.76,6.0
1753769611687,06:13:31.687,huobi,ETH/USDT:USDT,3807.73,8700.0,3807.71,8.0,3807.74,6187.0,3807.76,6.0
1753769611731,06:13:31.731,huobi,ETH/USDT:USDT,3807.73,8700.0,3807.72,27.0,3807.74,6722.0,3807.76,6.0
1753769611829,06:13:31.829,huobi,ETH/USDT:USDT,3807.73,8700.0,3807.72,27.0,3807.74,6722.0,3807.83,200.0
1753769611849,06:13:31.849,huobi,ETH/USDT:USDT,3807.73,8700.0,3807.72,27.0,3807.74,6722.0,3807.83,200.0
1753769611930,06:13:31.930,huobi,ETH/USDT:USDT,3807.73,8700.0,3807.72,27.0,3807.74,6721.0,3807.83,200.0
1753769611930,06:13:31.930,huobi,ETH/USDT:USDT,3807.73,8700.0,3807.72,27.0,3807.74,6721.0,3807.83,200.0
1753769611996,06:13:31.996,huobi,ETH/USDT:USDT,3807.73,8700.0,3807.72,27.0,3807.74,6721.0,3807.76,6.0
1753769612203,06:13:32.203,huobi,ETH/USDT:USDT,3807.73,8700.0,3807.72,27.0,3807.74,6721.0,3807.76,6.0
1753769612225,06:13:32.225,huobi,ETH/USDT:USDT,3807.73,8700.0,3807.72,27.0,3807.74,6721.0,3807.83,200.0
1753769612316,06:13:32.316,huobi,ETH/USDT:USDT,3807.73,8700.0,3807.72,27.0,3807.74,6721.0,3807.83,200.0
1753769612409,06:13:32.409,huobi,ETH/USDT:USDT,3807.73,8700.0,3807.72,27.0,3807.74,6721.0,3807.83,200.0
1753769612513,06:13:32.513,huobi,ETH/USDT:USDT,3807.73,8569.0,3807.72,27.0,3807.74,6721.0,3807.83,200.0
1753769612529,06:13:32.529,huobi,ETH/USDT:USDT,3807.73,8569.0,3807.72,27.0,3807.74,6721.0,3807.76,6.0
1753769612557,06:13:32.557,huobi,ETH/USDT:USDT,3807.73,8570.0,3807.72,27.0,3807.74,6722.0,3807.76,6.0
1753769612586,06:13:32.586,huobi,ETH/USDT:USDT,3807.73,8570.0,3807.72,27.0,3807.74,6722.0,3807.83,200.0
1753769612648,06:13:32.648,huobi,ETH/USDT:USDT,3807.73,8570.0,3807.72,27.0,3807.74,6722.0,3807.83,200.0
1753769612712,06:13:32.712,huobi,ETH/USDT:USDT,3807.73,8701.0,3807.72,27.0,3807.74,6722.0,3807.83,200.0
1753769612784,06:13:32.784,huobi,ETH/USDT:USDT,3807.73,8701.0,3807.72,27.0,3807.74,6187.0,3807.83,200.0
1753769612834,06:13:32.834,huobi,ETH/USDT:USDT,3807.73,8701.0,3807.72,27.0,3807.74,6722.0,3807.83,200.0
1753769612929,06:13:32.929,huobi,ETH/USDT:USDT,3807.73,8701.0,3807.72,27.0,3807.74,6722.0,3807.83,200.0
1753769612956,06:13:32.956,huobi,ETH/USDT:USDT,3807.73,8701.0,3807.72,27.0,3807.74,6722.0,3807.83,200.0
1753769613043,06:13:33.043,huobi,ETH/USDT:USDT,3807.73,8701.0,3807.72,27.0,3807.74,5365.0,3807.83,200.0
1753769613043,06:13:33.043,huobi,ETH/USDT:USDT,3807.73,8701.0,3807.72,27.0,3807.74,4830.0,3807.83,200.0
1753769613118,06:13:33.118,huobi,ETH/USDT:USDT,3807.73,8701.0,3807.72,27.0,3807.74,5365.0,3807.83,200.0
1753769613129,06:13:33.129,huobi,ETH/USDT:USDT,3807.73,8701.0,3807.72,27.0,3807.74,5365.0,3807.75,1357.0
1753769613228,06:13:33.228,huobi,ETH/USDT:USDT,3807.73,8701.0,3807.72,27.0,3807.74,5365.0,3807.75,1357.0
1753769613289,06:13:33.289,huobi,ETH/USDT:USDT,3807.73,8701.0,3807.72,27.0,3807.74,5365.0,3807.75,1357.0
1753769613555,06:13:33.555,huobi,ETH/USDT:USDT,3807.73,8701.0,3807.72,27.0,3807.74,5365.0,3807.75,1357.0
1753769613703,06:13:33.703,huobi,ETH/USDT:USDT,3807.73,8696.0,3807.72,27.0,3807.74,5365.0,3807.75,1357.0
1753769613901,06:13:33.901,huobi,ETH/USDT:USDT,3807.73,8696.0,3807.72,27.0,3807.74,5565.0,3807.75,1357.0
1753769614021,06:13:34.021,huobi,ETH/USDT:USDT,3807.73,8695.0,3807.72,27.0,3807.74,5565.0,3807.75,1357.0
1753769614030,06:13:34.030,huobi,ETH/USDT:USDT,3807.73,8695.0,3807.72,27.0,3807.74,5564.0,3807.75,1357.0
1753769614083,06:13:34.083,huobi,ETH/USDT:USDT,3807.73,8695.0,3807.72,27.0,3807.74,8064.0,3807.75,1357.0
1753769614106,06:13:34.106,huobi,ETH/USDT:USDT,3807.73,8695.0,3807.72,27.0,3807.74,8064.0,3807.75,1357.0
1753769614127,06:13:34.127,huobi,ETH/USDT:USDT,3807.73,8695.0,3807.72,27.0,3807.74,8064.0,3807.75,1357.0
1753769614156,06:13:34.156,huobi,ETH/USDT:USDT,3807.73,7402.0,3807.72,27.0,3807.74,8064.0,3807.75,1357.0
1753769614361,06:13:34.361,huobi,ETH/USDT:USDT,3807.73,8695.0,3807.72,27.0,3807.74,8064.0,3807.75,1357.0
1753769614386,06:13:34.386,huobi,ETH/USDT:USDT,3807.73,6750.0,3807.72,27.0,3807.74,11606.0,3807.75,1357.0
1753769614445,06:13:34.445,huobi,ETH/USDT:USDT,3807.73,6511.0,3807.72,27.0,3807.74,16936.0,3807.75,1357.0
1753769614475,06:13:34.475,huobi,ETH/USDT:USDT,3807.73,6511.0,3807.72,27.0,3807.74,19440.0,3807.75,1357.0
1753769614568,06:13:34.568,huobi,ETH/USDT:USDT,3807.73,2833.0,3807.72,27.0,3807.74,19490.0,3807.75,1357.0
1753769614613,06:13:34.613,huobi,ETH/USDT:USDT,3807.73,2813.0,3807.72,27.0,3807.74,19490.0,3807.75,1357.0
1753769614746,06:13:34.746,huobi,ETH/USDT:USDT,3807.73,2813.0,3807.72,27.0,3807.74,20068.0,3807.75,1357.0
1753769614796,06:13:34.796,huobi,ETH/USDT:USDT,3807.73,2813.0,3807.72,27.0,3807.74,20068.0,3807.75,1357.0
1753769614851,06:13:34.851,huobi,ETH/USDT:USDT,3807.73,3348.0,3807.72,27.0,3807.74,20068.0,3807.75,1357.0
1753769614928,06:13:34.928,huobi,ETH/USDT:USDT,3807.73,3398.0,3807.72,27.0,3807.74,20068.0,3807.75,1357.0
1753769614960,06:13:34.960,huobi,ETH/USDT:USDT,3807.73,3512.0,3807.72,27.0,3807.74,20068.0,3807.75,1357.0
1753769615007,06:13:35.007,huobi,ETH/USDT:USDT,3807.73,3512.0,3807.72,27.0,3807.74,20068.0,3807.75,1357.0
1753769615045,06:13:35.045,huobi,ETH/USDT:USDT,3807.73,3512.0,3807.72,27.0,3807.74,20068.0,3807.75,1357.0
1753769615104,06:13:35.104,huobi,ETH/USDT:USDT,3807.73,3512.0,3807.72,27.0,3807.74,20068.0,3807.75,1357.0
1753769615144,06:13:35.144,huobi,ETH/USDT:USDT,3807.73,3512.0,3807.72,27.0,3807.74,17412.0,3807.75,1357.0
1753769615166,06:13:35.166,huobi,ETH/USDT:USDT,3807.73,3612.0,3807.72,27.0,3807.74,17412.0,3807.75,1357.0
1753769615203,06:13:35.203,huobi,ETH/USDT:USDT,3807.73,3612.0,3807.72,27.0,3807.74,14330.0,3807.75,1935.0
1753769615226,06:13:35.226,huobi,ETH/USDT:USDT,3807.73,3612.0,3807.72,27.0,3807.74,14330.0,3807.75,1935.0
1753769615258,06:13:35.258,huobi,ETH/USDT:USDT,3807.73,4905.0,3807.72,27.0,3807.74,13348.0,3807.75,1935.0
1753769615286,06:13:35.286,huobi,ETH/USDT:USDT,3807.73,4955.0,3807.72,27.0,3807.74,11552.0,3807.75,1935.0
1753769615327,06:13:35.327,huobi,ETH/USDT:USDT,3807.73,4955.0,3807.72,27.0,3807.74,11540.0,3807.75,1935.0
1753769615366,06:13:35.366,huobi,ETH/USDT:USDT,3807.73,4955.0,3807.72,27.0,3807.74,11522.0,3807.75,1935.0
1753769615387,06:13:35.387,huobi,ETH/USDT:USDT,3807.73,4955.0,3807.72,27.0,3807.74,11522.0,3807.75,1935.0
1753769615415,06:13:35.415,huobi,ETH/USDT:USDT,3807.73,4955.0,3807.72,27.0,3807.74,10987.0,3807.75,1935.0
1753769615437,06:13:35.437,huobi,ETH/USDT:USDT,3807.73,4955.0,3807.72,27.0,3807.74,5078.0,3807.75,1935.0
1753769615478,06:13:35.478,huobi,ETH/USDT:USDT,3807.73,7775.0,3807.72,27.0,3807.74,5613.0,3807.75,1935.0
1753769615500,06:13:35.500,huobi,ETH/USDT:USDT,3807.73,7906.0,3807.72,27.0,3807.74,5613.0,3807.75,1935.0
1753769615586,06:13:35.586,huobi,ETH/USDT:USDT,3807.73,7906.0,3807.72,27.0,3807.74,5613.0,3807.75,1935.0
1753769615642,06:13:35.642,huobi,ETH/USDT:USDT,3807.73,7906.0,3807.72,27.0,3807.74,5613.0,3807.75,1935.0
1753769615648,06:13:35.648,huobi,ETH/USDT:USDT,3807.73,7906.0,3807.72,27.0,3807.74,5613.0,3807.75,1935.0
1753769615675,06:13:35.675,huobi,ETH/USDT:USDT,3807.73,7775.0,3807.72,27.0,3807.74,11522.0,3807.75,1935.0
1753769615709,06:13:35.709,huobi,ETH/USDT:USDT,3807.73,6482.0,3807.72,27.0,3807.74,11550.0,3807.75,1935.0
1753769615741,06:13:35.741,huobi,ETH/USDT:USDT,3807.73,6482.0,3807.72,27.0,3807.74,15058.0,3807.75,1935.0
1753769615813,06:13:35.813,huobi,ETH/USDT:USDT,3807.73,6482.0,3807.72,27.0,3807.74,15636.0,3807.75,1935.0
1753769615959,06:13:35.959,huobi,ETH/USDT:USDT,3807.73,6432.0,3807.72,27.0,3807.74,15636.0,3807.75,1935.0
1753769616053,06:13:36.053,huobi,ETH/USDT:USDT,3807.73,6432.0,3807.72,27.0,3807.74,15636.0,3807.75,1935.0
1753769616086,06:13:36.086,huobi,ETH/USDT:USDT,3807.73,6432.0,3807.72,27.0,3807.74,15636.0,3807.75,1935.0
1753769616120,06:13:36.120,huobi,ETH/USDT:USDT,3807.73,6432.0,3807.72,27.0,3807.74,15636.0,3807.75,1935.0
1753769616123,06:13:36.123,huobi,ETH/USDT:USDT,3807.73,6432.0,3807.72,27.0,3807.74,15636.0,3807.75,1935.0
1753769616181,06:13:36.181,huobi,ETH/USDT:USDT,3807.73,6432.0,3807.72,27.0,3807.74,15636.0,3807.75,1935.0
1753769616223,06:13:36.223,huobi,ETH/USDT:USDT,3807.73,6432.0,3807.72,27.0,3807.74,15058.0,3807.75,1935.0
1753769616264,06:13:36.264,huobi,ETH/USDT:USDT,3807.73,6432.0,3807.72,27.0,3807.74,15058.0,3807.75,1935.0
1753769616306,06:13:36.306,huobi,ETH/USDT:USDT,3807.73,6432.0,3807.72,27.0,3807.74,15058.0,3807.75,1935.0
1753769616318,06:13:36.318,huobi,ETH/USDT:USDT,3807.73,6432.0,3807.72,27.0,3807.74,15058.0,3807.75,1935.0
1753769616361,06:13:36.361,huobi,ETH/USDT:USDT,3807.73,6432.0,3807.72,27.0,3807.74,15058.0,3807.75,1935.0
1753769616372,06:13:36.372,huobi,ETH/USDT:USDT,3807.73,6432.0,3807.72,27.0,3807.74,15058.0,3807.75,1935.0
1753769616407,06:13:36.407,huobi,ETH/USDT:USDT,3807.73,6432.0,3807.72,27.0,3807.74,15058.0,3807.75,1935.0
1753769616468,06:13:36.468,huobi,ETH/USDT:USDT,3807.73,6432.0,3807.72,27.0,3807.74,15058.0,3807.75,1935.0
1753769616493,06:13:36.493,huobi,ETH/USDT:USDT,3807.73,6432.0,3807.72,27.0,3807.74,15058.0,3807.75,1935.0
1753769616524,06:13:36.524,huobi,ETH/USDT:USDT,3807.73,6432.0,3807.72,27.0,3807.74,15058.0,3807.75,1935.0
1753769616547,06:13:36.547,huobi,ETH/USDT:USDT,3807.73,7726.0,3807.72,27.0,3807.74,15058.0,3807.75,1935.0
1753769616596,06:13:36.596,huobi,ETH/USDT:USDT,3807.73,6433.0,3807.72,27.0,3807.74,15058.0,3807.75,1935.0
1753769616614,06:13:36.614,huobi,ETH/USDT:USDT,3807.73,7726.0,3807.72,27.0,3807.74,15058.0,3807.75,1935.0
1753769616685,06:13:36.685,huobi,ETH/USDT:USDT,3807.73,7726.0,3807.72,27.0,3807.74,15058.0,3807.75,1935.0
1753769616770,06:13:36.770,huobi,ETH/USDT:USDT,3807.73,7726.0,3807.72,27.0,3807.74,15058.0,3807.75,1935.0
1753769616814,06:13:36.814,huobi,ETH/USDT:USDT,3807.73,7726.0,3807.72,27.0,3807.74,14076.0,3807.75,1935.0
1753769616834,06:13:36.834,huobi,ETH/USDT:USDT,3807.73,7726.0,3807.72,27.0,3807.74,14076.0,3807.75,1935.0
1753769616874,06:13:36.874,huobi,ETH/USDT:USDT,3807.73,7726.0,3807.72,27.0,3807.74,14076.0,3807.75,1935.0
1753769616970,06:13:36.970,huobi,ETH/USDT:USDT,3807.73,7726.0,3807.72,27.0,3807.74,14076.0,3807.75,578.0
1753769617000,06:13:37.000,huobi,ETH/USDT:USDT,3807.73,7726.0,3807.72,27.0,3807.74,11576.0,3807.75,578.0
1753769617039,06:13:37.039,huobi,ETH/USDT:USDT,3807.73,7857.0,3807.72,27.0,3807.74,11576.0,3807.75,578.0
1753769617070,06:13:37.070,huobi,ETH/USDT:USDT,3807.73,7857.0,3807.72,27.0,3807.74,12933.0,3807.75,578.0
1753769617194,06:13:37.194,huobi,ETH/USDT:USDT,3807.73,7857.0,3807.72,27.0,3807.74,12933.0,3807.75,578.0
1753769617209,06:13:37.209,huobi,ETH/USDT:USDT,3807.73,7857.0,3807.72,27.0,3807.74,11576.0,3807.75,578.0
1753769617246,06:13:37.246,huobi,ETH/USDT:USDT,3807.73,7857.0,3807.72,27.0,3807.74,11576.0,3807.75,578.0
1753769617284,06:13:37.284,huobi,ETH/USDT:USDT,3807.73,7857.0,3807.72,27.0,3807.74,11576.0,3807.75,578.0
1753769617296,06:13:37.296,huobi,ETH/USDT:USDT,3807.73,7857.0,3807.72,27.0,3807.74,11576.0,3807.75,578.0
1753769617325,06:13:37.325,huobi,ETH/USDT:USDT,3807.73,7907.0,3807.72,27.0,3807.74,6920.0,3807.75,578.0
1753769617364,06:13:37.364,huobi,ETH/USDT:USDT,3807.73,8046.0,3807.72,27.0,3807.74,12829.0,3807.75,578.0
1753769617566,06:13:37.566,huobi,ETH/USDT:USDT,3807.73,8046.0,3807.72,27.0,3807.74,6920.0,3807.75,578.0
1753769617679,06:13:37.679,huobi,ETH/USDT:USDT,3807.73,8054.0,3807.72,27.0,3807.74,12829.0,3807.75,578.0
1753769617683,06:13:37.683,huobi,ETH/USDT:USDT,3807.73,8054.0,3807.72,27.0,3807.74,12829.0,3807.75,578.0
1753769617839,06:13:37.839,huobi,ETH/USDT:USDT,3807.73,8044.0,3807.72,27.0,3807.74,12829.0,3807.75,578.0
1753769617985,06:13:37.985,huobi,ETH/USDT:USDT,3807.73,6751.0,3807.72,27.0,3807.74,12829.0,3807.75,578.0
1753769618032,06:13:38.032,huobi,ETH/USDT:USDT,3807.73,8545.0,3807.72,27.0,3807.74,12829.0,3807.75,578.0
1753769618051,06:13:38.051,huobi,ETH/USDT:USDT,3807.73,8545.0,3807.72,27.0,3807.74,12829.0,3807.75,578.0
1753769618075,06:13:38.075,huobi,ETH/USDT:USDT,3807.73,8414.0,3807.72,27.0,3807.74,15329.0,3807.75,578.0
1753769618110,06:13:38.110,huobi,ETH/USDT:USDT,3807.73,8414.0,3807.72,27.0,3807.74,15329.0,3807.75,578.0
1753769618150,06:13:38.150,huobi,ETH/USDT:USDT,3807.73,7879.0,3807.72,27.0,3807.74,15329.0,3807.75,578.0
1753769618170,06:13:38.170,huobi,ETH/USDT:USDT,3807.73,7879.0,3807.72,27.0,3807.74,15329.0,3807.75,578.0
1753769618206,06:13:38.206,huobi,ETH/USDT:USDT,3807.73,7879.0,3807.72,27.0,3807.74,15329.0,3807.75,578.0
1753769618297,06:13:38.297,huobi,ETH/USDT:USDT,3807.73,8414.0,3807.72,27.0,3807.74,15329.0,3807.75,578.0
1753769618344,06:13:38.344,huobi,ETH/USDT:USDT,3807.73,8414.0,3807.72,27.0,3807.74,15329.0,3807.75,578.0
1753769618373,06:13:38.373,huobi,ETH/USDT:USDT,3807.73,8414.0,3807.72,27.0,3807.74,15329.0,3807.75,578.0
1753769618549,06:13:38.549,huobi,ETH/USDT:USDT,3807.73,8414.0,3807.72,27.0,3807.74,15329.0,3807.75,578.0
1753769618557,06:13:38.557,huobi,ETH/USDT:USDT,3807.73,8414.0,3807.72,27.0,3807.74,15329.0,3807.75,578.0
1753769618921,06:13:38.921,huobi,ETH/USDT:USDT,3807.73,8414.0,3807.72,27.0,3807.74,12829.0,3807.75,578.0
1753769618958,06:13:38.958,huobi,ETH/USDT:USDT,3807.73,8414.0,3807.72,27.0,3807.74,12829.0,3807.75,578.0
1753769619001,06:13:39.001,huobi,ETH/USDT:USDT,3807.73,8545.0,3807.72,27.0,3807.74,12829.0,3807.75,578.0
1753769619011,06:13:39.011,huobi,ETH/USDT:USDT,3807.73,8545.0,3807.72,27.0,3807.74,12829.0,3807.75,578.0
1753769619038,06:13:39.038,huobi,ETH/USDT:USDT,3807.73,8545.0,3807.72,27.0,3807.74,12829.0,3807.75,578.0
1753769619087,06:13:39.087,huobi,ETH/USDT:USDT,3807.73,9838.0,3807.72,27.0,3807.74,12829.0,3807.75,578.0
1753769619101,06:13:39.101,huobi,ETH/USDT:USDT,3807.73,9838.0,3807.72,27.0,3807.74,12829.0,3807.75,578.0
1753769619166,06:13:39.166,huobi,ETH/USDT:USDT,3807.73,9838.0,3807.72,27.0,3807.74,12824.0,3807.75,578.0
1753769619230,06:13:39.230,huobi,ETH/USDT:USDT,3807.73,9838.0,3807.72,27.0,3807.74,12824.0,3807.75,578.0
1753769619247,06:13:39.247,huobi,ETH/USDT:USDT,3807.73,9838.0,3807.72,27.0,3807.74,12824.0,3807.75,578.0
1753769619307,06:13:39.307,huobi,ETH/USDT:USDT,3807.73,9838.0,3807.72,27.0,3807.74,12624.0,3807.75,578.0
1753769619979,06:13:39.979,huobi,ETH/USDT:USDT,3807.73,9838.0,3807.72,27.0,3807.74,12824.0,3807.75,578.0
1753769620363,06:13:40.363,huobi,ETH/USDT:USDT,3807.73,9838.0,3807.72,27.0,3807.74,12824.0,3807.75,578.0
1753769620467,06:13:40.467,huobi,ETH/USDT:USDT,3807.73,9838.0,3807.72,27.0,3807.74,12824.0,3807.75,578.0
1753769620764,06:13:40.764,huobi,ETH/USDT:USDT,3807.73,9838.0,3807.72,27.0,3807.74,6915.0,3807.75,578.0
1753769620833,06:13:40.833,huobi,ETH/USDT:USDT,3807.73,9838.0,3807.72,27.0,3807.74,12289.0,3807.75,578.0
1753769620913,06:13:40.913,huobi,ETH/USDT:USDT,3807.73,9838.0,3807.72,27.0,3807.74,6180.0,3807.75,578.0
1753769621021,06:13:41.021,huobi,ETH/USDT:USDT,3807.73,9838.0,3807.72,27.0,3807.74,12089.0,3807.75,578.0
1753769621056,06:13:41.056,huobi,ETH/USDT:USDT,3807.73,9838.0,3807.72,27.0,3807.74,12089.0,3807.75,578.0
1753769621253,06:13:41.253,huobi,ETH/USDT:USDT,3807.73,9838.0,3807.72,27.0,3807.74,12089.0,3807.75,578.0
1753769621256,06:13:41.256,huobi,ETH/USDT:USDT,3807.73,9838.0,3807.72,27.0,3807.74,12089.0,3807.75,578.0
1753769621500,06:13:41.500,huobi,ETH/USDT:USDT,3807.73,9838.0,3807.72,27.0,3807.74,12626.0,3807.75,578.0
1753769621582,06:13:41.582,huobi,ETH/USDT:USDT,3807.73,9838.0,3807.72,27.0,3807.74,12626.0,3807.75,578.0
1753769621587,06:13:41.587,huobi,ETH/USDT:USDT,3807.73,9838.0,3807.72,27.0,3807.74,12626.0,3807.75,578.0
1753769621706,06:13:41.706,huobi,ETH/USDT:USDT,3807.73,9838.0,3807.72,27.0,3807.74,12626.0,3807.75,578.0
1753769621771,06:13:41.771,huobi,ETH/USDT:USDT,3807.73,9838.0,3807.72,27.0,3807.74,12826.0,3807.75,578.0
1753769622027,06:13:42.027,huobi,ETH/USDT:USDT,3807.73,9838.0,3807.72,27.0,3807.74,12826.0,3807.75,578.0
1753769622055,06:13:42.055,huobi,ETH/USDT:USDT,3807.73,9838.0,3807.72,27.0,3807.74,12826.0,3807.75,578.0
1753769622351,06:13:42.351,huobi,ETH/USDT:USDT,3807.73,9829.0,3807.72,27.0,3807.74,12826.0,3807.75,578.0
1753769622434,06:13:42.434,huobi,ETH/USDT:USDT,3807.73,8525.0,3807.72,27.0,3807.74,12826.0,3807.75,578.0
1753769622468,06:13:42.468,huobi,ETH/USDT:USDT,3807.73,8525.0,3807.72,27.0,3807.74,13404.0,3807.75,578.0
1753769622486,06:13:42.486,huobi,ETH/USDT:USDT,3807.73,8376.0,3807.72,27.0,3807.74,13404.0,3807.75,578.0
1753769622515,06:13:42.515,huobi,ETH/USDT:USDT,3807.73,8376.0,3807.72,53.0,3807.74,16058.0,3807.75,578.0
1753769622576,06:13:42.576,huobi,ETH/USDT:USDT,3807.73,8368.0,3807.72,53.0,3807.74,18008.0,3807.75,578.0
1753769622911,06:13:42.911,huobi,ETH/USDT:USDT,3807.73,8368.0,3807.72,53.0,3807.74,18008.0,3807.75,578.0
1753769622950,06:13:42.950,huobi,ETH/USDT:USDT,3807.73,8368.0,3807.72,53.0,3807.74,18008.0,3807.75,578.0
1753769622968,06:13:42.968,huobi,ETH/USDT:USDT,3807.73,8368.0,3807.72,53.0,3807.74,18008.0,3807.75,578.0
1753769623055,06:13:43.055,huobi,ETH/USDT:USDT,3807.73,8368.0,3807.72,53.0,3807.74,18008.0,3807.75,578.0
1753769623113,06:13:43.113,huobi,ETH/USDT:USDT,3807.73,8368.0,3807.72,53.0,3807.74,16651.0,3807.75,578.0
1753769623148,06:13:43.148,huobi,ETH/USDT:USDT,3807.73,9852.0,3807.72,53.0,3807.74,13843.0,3807.75,578.0
1753769623191,06:13:43.191,huobi,ETH/USDT:USDT,3807.73,9852.0,3807.72,53.0,3807.74,15199.0,3807.75,578.0
1753769623546,06:13:43.546,huobi,ETH/USDT:USDT,3807.73,9852.0,3807.72,53.0,3807.74,13843.0,3807.75,578.0
1753769623574,06:13:43.574,huobi,ETH/USDT:USDT,3807.73,9852.0,3807.72,53.0,3807.74,13843.0,3807.75,578.0
1753769623671,06:13:43.671,huobi,ETH/USDT:USDT,3807.73,9852.0,3807.72,53.0,3807.74,13843.0,3807.75,578.0
1753769623801,06:13:43.801,huobi,ETH/USDT:USDT,3807.73,9852.0,3807.72,53.0,3807.74,15199.0,3807.75,578.0
1753769623817,06:13:43.817,huobi,ETH/USDT:USDT,3807.73,9852.0,3807.72,53.0,3807.74,15199.0,3807.75,578.0
1753769623876,06:13:43.876,huobi,ETH/USDT:USDT,3807.73,9852.0,3807.72,53.0,3807.74,15199.0,3807.75,578.0
1753769623941,06:13:43.941,huobi,ETH/USDT:USDT,3807.73,9852.0,3807.72,53.0,3807.74,15199.0,3807.75,578.0
1753769624050,06:13:44.050,huobi,ETH/USDT:USDT,3807.73,9852.0,3807.72,53.0,3807.74,15199.0,3807.75,578.0
1753769624091,06:13:44.091,huobi,ETH/USDT:USDT,3807.73,8428.0,3807.72,53.0,3807.74,15199.0,3807.75,578.0
1753769624122,06:13:44.122,huobi,ETH/USDT:USDT,3807.73,9852.0,3807.72,53.0,3807.74,15199.0,3807.75,578.0
1753769624139,06:13:44.139,huobi,ETH/USDT:USDT,3807.73,8559.0,3807.72,53.0,3807.74,15199.0,3807.75,578.0
1753769624194,06:13:44.194,huobi,ETH/USDT:USDT,3807.73,8428.0,3807.72,53.0,3807.74,15199.0,3807.75,578.0
1753769624299,06:13:44.299,huobi,ETH/USDT:USDT,3807.73,8428.0,3807.72,53.0,3807.74,15199.0,3807.75,578.0
1753769624415,06:13:44.415,huobi,ETH/USDT:USDT,3807.73,9721.0,3807.72,53.0,3807.74,15199.0,3807.75,578.0
1753769624437,06:13:44.437,huobi,ETH/USDT:USDT,3807.73,9721.0,3807.72,53.0,3807.74,15199.0,3807.75,578.0
1753769624471,06:13:44.471,huobi,ETH/USDT:USDT,3807.73,9852.0,3807.72,53.0,3807.74,15199.0,3807.75,578.0
1753769624619,06:13:44.619,huobi,ETH/USDT:USDT,3807.73,9852.0,3807.72,53.0,3807.74,13843.0,3807.75,578.0
1753769624650,06:13:44.650,huobi,ETH/USDT:USDT,3807.73,9857.0,3807.72,27.0,3807.74,12047.0,3807.75,578.0
1753769624693,06:13:44.693,huobi,ETH/USDT:USDT,3807.73,9897.0,3807.72,27.0,3807.74,11510.0,3807.75,578.0
1753769624722,06:13:44.722,huobi,ETH/USDT:USDT,3807.73,9923.0,3807.72,27.0,3807.74,12866.0,3807.75,578.0
1753769624851,06:13:44.851,huobi,ETH/USDT:USDT,3807.73,9923.0,3807.72,27.0,3807.74,12866.0,3807.75,578.0
1753769624873,06:13:44.873,huobi,ETH/USDT:USDT,3807.73,9923.0,3807.72,27.0,3807.74,12866.0,3807.75,578.0
1753769624931,06:13:44.931,huobi,ETH/USDT:USDT,3807.73,9923.0,3807.72,27.0,3807.74,12866.0,3807.75,578.0
1753769624951,06:13:44.951,huobi,ETH/USDT:USDT,3807.73,10481.0,3807.72,27.0,3807.74,12866.0,3807.75,578.0
1753769625187,06:13:45.187,huobi,ETH/USDT:USDT,3807.73,10481.0,3807.72,27.0,3807.74,12866.0,3807.75,578.0
1753769625667,06:13:45.667,huobi,ETH/USDT:USDT,3807.73,10481.0,3807.72,27.0,3807.74,12866.0,3807.75,578.0
1753769625769,06:13:45.769,huobi,ETH/USDT:USDT,3807.73,10481.0,3807.72,27.0,3807.74,12866.0,3807.75,578.0
1753769625800,06:13:45.800,huobi,ETH/USDT:USDT,3807.73,10481.0,3807.72,27.0,3807.74,12866.0,3807.75,578.0
1753769625819,06:13:45.819,huobi,ETH/USDT:USDT,3807.73,10481.0,3807.72,27.0,3807.74,12866.0,3807.75,578.0
1753769626065,06:13:46.065,huobi,ETH/USDT:USDT,3807.73,10481.0,3807.72,27.0,3807.74,12866.0,3807.75,578.0
1753769626258,06:13:46.258,huobi,ETH/USDT:USDT,3807.73,10489.0,3807.72,27.0,3807.74,12866.0,3807.75,578.0
1753769626305,06:13:46.305,huobi,ETH/USDT:USDT,3807.73,10489.0,3807.72,27.0,3807.74,12866.0,3807.75,578.0
1753769626379,06:13:46.379,huobi,ETH/USDT:USDT,3807.73,10489.0,3807.72,27.0,3807.74,12866.0,3807.75,578.0
1753769626384,06:13:46.384,huobi,ETH/USDT:USDT,3807.73,10489.0,3807.72,27.0,3807.74,12866.0,3807.75,578.0
1753769626554,06:13:46.554,huobi,ETH/USDT:USDT,3807.73,10489.0,3807.72,27.0,3807.74,12866.0,3807.75,578.0
1753769626575,06:13:46.575,huobi,ETH/USDT:USDT,3807.73,10489.0,3807.72,27.0,3807.74,12866.0,3807.75,578.0
1753769626729,06:13:46.729,huobi,ETH/USDT:USDT,3807.73,10489.0,3807.72,27.0,3807.74,12866.0,3807.75,578.0
1753769626807,06:13:46.807,huobi,ETH/USDT:USDT,3807.73,10481.0,3807.72,27.0,3807.74,12866.0,3807.75,578.0
1753769627125,06:13:47.125,huobi,ETH/USDT:USDT,3807.73,10481.0,3807.72,27.0,3807.74,12866.0,3807.75,578.0
1753769627142,06:13:47.142,huobi,ETH/USDT:USDT,3807.73,10481.0,3807.72,27.0,3807.74,12866.0,3807.75,578.0
1753769627537,06:13:47.537,huobi,ETH/USDT:USDT,3807.73,10481.0,3807.72,27.0,3807.74,12866.0,3807.75,578.0
1753769627607,06:13:47.607,huobi,ETH/USDT:USDT,3807.73,10481.0,3807.72,27.0,3807.74,12866.0,3807.75,578.0
1753769627625,06:13:47.625,huobi,ETH/USDT:USDT,3807.73,10481.0,3807.72,27.0,3807.74,12866.0,3807.75,578.0
1753769627771,06:13:47.771,huobi,ETH/USDT:USDT,3807.73,10481.0,3807.72,27.0,3807.74,12866.0,3807.75,578.0
1753769627969,06:13:47.969,huobi,ETH/USDT:USDT,3807.73,10481.0,3807.72,27.0,3807.74,12866.0,3807.75,578.0
1753769627984,06:13:47.984,huobi,ETH/USDT:USDT,3807.73,10481.0,3807.72,27.0,3807.74,12866.0,3807.75,578.0
1753769628013,06:13:48.013,huobi,ETH/USDT:USDT,3807.73,10481.0,3807.72,27.0,3807.74,12866.0,3807.75,578.0
1753769628091,06:13:48.091,huobi,ETH/USDT:USDT,3807.73,10481.0,3807.72,27.0,3807.74,12866.0,3807.75,578.0
1753769628121,06:13:48.121,huobi,ETH/USDT:USDT,3807.73,10481.0,3807.72,27.0,3807.74,12866.0,3807.75,578.0
1753769628165,06:13:48.165,huobi,ETH/USDT:USDT,3807.73,10481.0,3807.72,27.0,3807.74,12866.0,3807.75,578.0
