timestamp,time,exchange,symbol,bid1_price,bid1_volume,bid2_price,bid2_volume,ask1_price,ask1_volume,ask2_price,ask2_volume
1753769562619,06:12:42.619,xt,BTC/USDT:USDT,118822.6,31348.0,118822.4,3827.0,118822.9,137314.0,118823.2,1479.0
1753769562512,06:12:42.512,xt,BTC/USDT:USDT,118822.6,21783.0,118822.3,2976.0,118822.9,91521.0,118823.2,261.0
1753769562757,06:12:42.757,xt,BTC/USDT:USDT,118822.6,37777.0,118822.4,4207.0,118822.9,31789.0,118823.1,3039.0
1753769562761,06:12:42.761,xt,BTC/USDT:USDT,118822.6,133098.0,118822.4,916.0,118822.9,24472.0,118823.2,250.0
1753769563057,06:12:43.057,xt,BTC/USDT:USDT,118822.6,50972.0,118822.3,1601.0,118822.9,52949.0,118823.1,3616.0
1753769563180,06:12:43.180,xt,BTC/USDT:USDT,118822.6,93886.0,118822.3,4600.0,118822.9,74983.0,118823.2,3999.0
1753769563116,06:12:43.116,xt,BTC/USDT:USDT,118822.6,145790.0,118822.3,2681.0,118822.9,65309.0,118823.1,894.0
1753769563295,06:12:43.295,xt,BTC/USDT:USDT,118822.6,70208.0,118822.3,1274.0,118822.9,39683.0,118823.1,1712.0
1753769563475,06:12:43.475,xt,BTC/USDT:USDT,118822.6,116403.0,118822.3,2776.0,118822.9,123641.0,118823.1,2978.0
1753769563758,06:12:43.758,xt,BTC/USDT:USDT,118822.6,116403.0,118822.3,2776.0,118822.9,123641.0,118823.1,2978.0
1753769563722,06:12:43.722,xt,BTC/USDT:USDT,118822.6,37727.0,118822.4,2276.0,118822.9,54235.0,118823.1,2808.0
1753769563838,06:12:43.838,xt,BTC/USDT:USDT,118822.6,77870.0,118822.4,176.0,118822.9,43521.0,118823.2,3206.0
1753769563952,06:12:43.952,xt,BTC/USDT:USDT,118822.6,29757.0,118822.3,114.0,118822.9,35426.0,118823.2,2381.0
1753769564137,06:12:44.137,xt,BTC/USDT:USDT,118822.6,110922.0,118822.4,24.0,118822.9,22535.0,118823.1,1954.0
1753769564354,06:12:44.354,xt,BTC/USDT:USDT,118822.6,148596.0,118822.4,1928.0,118822.9,57684.0,118823.1,2824.0
1753769564352,06:12:44.352,xt,BTC/USDT:USDT,118822.6,150658.0,118822.3,2471.0,118822.9,87496.0,118823.2,1844.0
1753769564552,06:12:44.552,xt,BTC/USDT:USDT,118822.6,41084.0,118822.4,4327.0,118822.9,86219.0,118823.1,2239.0
1753769564744,06:12:44.744,xt,BTC/USDT:USDT,118822.6,34351.0,118822.3,211.0,118822.9,36479.0,118823.1,922.0
1753769564800,06:12:44.800,xt,BTC/USDT:USDT,118822.6,71337.0,118822.4,844.0,118822.9,56465.0,118823.2,1416.0
1753769564917,06:12:44.917,xt,BTC/USDT:USDT,118822.6,108189.0,118822.4,176.0,118822.9,78334.0,118823.2,1948.0
1753769565046,06:12:45.046,xt,BTC/USDT:USDT,118822.6,106836.0,118822.3,2029.0,118822.9,125368.0,118823.2,1327.0
1753769565193,06:12:45.193,xt,BTC/USDT:USDT,118822.6,62071.0,118822.4,3174.0,118822.9,155610.0,118823.1,2170.0
1753769565279,06:12:45.279,xt,BTC/USDT:USDT,118822.6,81977.0,118822.4,17.0,118822.9,94084.0,118823.1,2977.0
1753769565569,06:12:45.569,xt,BTC/USDT:USDT,118822.6,42207.0,118822.3,1488.0,118822.9,115883.0,118823.1,2076.0
1753769565686,06:12:45.686,xt,BTC/USDT:USDT,118822.6,61093.0,118822.3,3195.0,118822.9,64064.0,118823.2,4350.0
1753769565643,06:12:45.643,xt,BTC/USDT:USDT,118822.6,96022.0,118822.4,1373.0,118822.9,37928.0,118823.2,4231.0
1753769565963,06:12:45.963,xt,BTC/USDT:USDT,118822.6,79912.0,118822.3,1965.0,118822.9,152769.0,118823.1,2488.0
1753769565879,06:12:45.879,xt,BTC/USDT:USDT,118822.6,72725.0,118822.3,3191.0,118822.9,141523.0,118823.1,95.0
1753769566226,06:12:46.226,xt,BTC/USDT:USDT,118822.6,118057.0,118822.3,2986.0,118822.9,43046.0,118823.1,3218.0
1753769566465,06:12:46.465,xt,BTC/USDT:USDT,118822.6,134309.0,118822.4,3533.0,118822.9,29811.0,118823.2,444.0
1753769566452,06:12:46.452,xt,BTC/USDT:USDT,118822.6,150474.0,118822.4,230.0,118822.9,102625.0,118823.2,1380.0
1753769566575,06:12:46.575,xt,BTC/USDT:USDT,118822.6,84779.0,118822.4,619.0,118822.9,117766.0,118823.2,2878.0
1753769566866,06:12:46.866,xt,BTC/USDT:USDT,118822.6,136072.0,118822.3,2688.0,118822.9,48965.0,118823.1,186.0
1753769567057,06:12:47.057,xt,BTC/USDT:USDT,118822.6,138282.0,118822.4,1876.0,118822.9,47354.0,118823.2,4299.0
1753769567203,06:12:47.203,xt,BTC/USDT:USDT,118822.6,134287.0,118822.3,1488.0,118822.9,30484.0,118823.2,4531.0
1753769567168,06:12:47.168,xt,BTC/USDT:USDT,118822.6,155974.0,118822.3,3444.0,118822.9,37281.0,118823.2,4263.0
1753769567287,06:12:47.287,xt,BTC/USDT:USDT,118822.6,24506.0,118822.3,645.0,118822.9,67672.0,118823.1,2751.0
1753769567570,06:12:47.570,xt,BTC/USDT:USDT,118822.6,147153.0,118822.4,2514.0,118822.9,60262.0,118823.1,1033.0
1753769567526,06:12:47.526,xt,BTC/USDT:USDT,118822.6,127050.0,118822.4,3786.0,118822.9,107606.0,118823.2,4184.0
1753769567643,06:12:47.643,xt,BTC/USDT:USDT,118822.6,94996.0,118822.4,2326.0,118822.9,34463.0,118823.1,1900.0
1753769567768,06:12:47.768,xt,BTC/USDT:USDT,118822.6,108304.0,118822.3,2100.0,118822.9,33926.0,118823.2,2038.0
1753769568061,06:12:48.061,xt,BTC/USDT:USDT,118822.6,39808.0,118822.3,3238.0,118822.9,135616.0,118823.1,933.0
1753769568191,06:12:48.191,xt,BTC/USDT:USDT,118822.6,92184.0,118822.3,1833.0,118822.9,68905.0,118823.2,1114.0
1753769568127,06:12:48.127,xt,BTC/USDT:USDT,118822.6,23263.0,118822.3,3310.0,118822.9,81651.0,118823.2,3381.0
1753769568240,06:12:48.240,xt,BTC/USDT:USDT,118822.6,38428.0,118822.4,1467.0,118822.9,104447.0,118823.1,1061.0
1753769568558,06:12:48.558,xt,BTC/USDT:USDT,118822.6,53481.0,118822.3,2192.0,118822.9,30566.0,118823.1,1437.0
1753769568606,06:12:48.606,xt,BTC/USDT:USDT,118822.6,145990.0,118822.3,4633.0,118822.9,84372.0,118823.1,4256.0
1753769568843,06:12:48.843,xt,BTC/USDT:USDT,118822.6,71848.0,118822.4,2783.0,118822.9,128679.0,118823.1,378.0
1753769568956,06:12:48.956,xt,BTC/USDT:USDT,118822.6,71848.0,118822.4,2783.0,118822.9,128679.0,118823.1,378.0
1753769568969,06:12:48.969,xt,BTC/USDT:USDT,118822.6,132725.0,118822.3,4435.0,118822.9,29468.0,118823.1,816.0
1753769569295,06:12:49.295,xt,BTC/USDT:USDT,118824.8,107529.0,118824.5,2112.0,118825.1,73733.0,118825.4,1378.0
1753769569207,06:12:49.207,xt,BTC/USDT:USDT,118824.8,93438.0,118824.6,1093.0,118825.1,113223.0,118825.3,1978.0
1753769569327,06:12:49.327,xt,BTC/USDT:USDT,118822.9,29736.0,118822.8,3502.0,118825.1,72224.0,118825.4,2214.0
1753769569688,06:12:49.688,xt,BTC/USDT:USDT,118822.9,23794.0,118822.7,3451.0,118825.1,38957.0,118825.4,3850.0
1753769569758,06:12:49.758,xt,BTC/USDT:USDT,118822.9,143786.0,118822.7,1419.0,118825.1,127242.0,118825.4,333.0
1753769569852,06:12:49.852,xt,BTC/USDT:USDT,118822.9,25069.0,118822.8,2588.0,118825.1,146310.0,118825.4,1311.0
1753769569922,06:12:49.922,xt,BTC/USDT:USDT,118822.9,88767.0,118822.7,1425.0,118825.1,83087.0,118825.4,36.0
1753769570168,06:12:50.168,xt,BTC/USDT:USDT,118822.9,37873.0,118822.7,2891.0,118825.1,50150.0,118825.4,536.0
1753769570344,06:12:50.344,xt,BTC/USDT:USDT,118822.9,135754.0,118822.8,1612.0,118825.1,70746.0,118825.4,27.0
1753769570300,06:12:50.300,xt,BTC/USDT:USDT,118822.9,134140.0,118822.7,1745.0,118825.1,153099.0,118825.3,1968.0
1753769570555,06:12:50.555,xt,BTC/USDT:USDT,118822.9,147906.0,118822.8,713.0,118825.1,51188.0,118825.4,1634.0
1753769570757,06:12:50.757,xt,BTC/USDT:USDT,118822.9,26319.0,118822.7,2419.0,118825.1,155040.0,118825.3,4565.0
1753769570853,06:12:50.853,xt,BTC/USDT:USDT,118824.8,105754.0,118824.5,1242.0,118825.1,90679.0,118825.4,2991.0
1753769570942,06:12:50.942,xt,BTC/USDT:USDT,118824.8,35297.0,118824.5,2740.0,118825.1,116801.0,118825.4,1092.0
1753769571184,06:12:51.184,xt,BTC/USDT:USDT,118824.8,133195.0,118824.5,3445.0,118825.1,143331.0,118825.3,2087.0
1753769571127,06:12:51.127,xt,BTC/USDT:USDT,118824.8,58525.0,118824.6,1727.0,118825.1,124723.0,118825.4,1073.0
1753769571248,06:12:51.248,xt,BTC/USDT:USDT,118824.8,122371.0,118824.6,4109.0,118825.1,89761.0,118825.4,372.0
1753769571365,06:12:51.365,xt,BTC/USDT:USDT,118824.8,91176.0,118824.5,1745.0,118825.1,146400.0,118825.4,3275.0
1753769571482,06:12:51.482,xt,BTC/USDT:USDT,118824.8,50120.0,118824.6,1181.0,118825.1,111007.0,118825.4,1326.0
1753769571766,06:12:51.766,xt,BTC/USDT:USDT,118824.8,52512.0,118824.5,2182.0,118825.1,23031.0,118825.3,3074.0
1753769571951,06:12:51.951,xt,BTC/USDT:USDT,118824.8,46856.0,118824.6,2131.0,118825.1,124048.0,118825.3,391.0
1753769571911,06:12:51.911,xt,BTC/USDT:USDT,118824.8,26268.0,118824.5,594.0,118825.6,1065.0,118825.8,38.0
1753769572160,06:12:52.160,xt,BTC/USDT:USDT,118825.3,139265.0,118825.2,1090.0,118825.6,21928.0,118825.8,1209.0
1753769572360,06:12:52.360,xt,BTC/USDT:USDT,118825.2,32490.0,118825.0,1291.0,118825.6,80686.0,118825.7,2926.0
1753769572320,06:12:52.320,xt,BTC/USDT:USDT,118825.1,88840.0,118825.0,1847.0,118825.6,98735.0,118825.8,521.0
1753769572570,06:12:52.570,xt,BTC/USDT:USDT,118825.0,153984.0,118824.7,4501.0,118825.6,95228.0,118825.7,518.0
1753769572570,06:12:52.570,xt,BTC/USDT:USDT,118825.0,31824.0,118824.7,1105.0,118825.6,53290.0,118825.7,2399.0
1753769572685,06:12:52.685,xt,BTC/USDT:USDT,118824.9,47329.0,118824.8,3879.0,118825.6,64298.0,118825.8,3205.0
1753769572805,06:12:52.805,xt,BTC/USDT:USDT,118824.8,90246.0,118824.6,3690.0,118825.6,134687.0,118825.8,3650.0
1753769572948,06:12:52.948,xt,BTC/USDT:USDT,118824.8,114081.0,118824.5,3415.0,118825.1,55138.0,118825.3,1786.0
1753769573289,06:12:53.289,xt,BTC/USDT:USDT,118824.8,81112.0,118824.5,2130.0,118825.1,89778.0,118825.3,33.0
1753769573170,06:12:53.170,xt,BTC/USDT:USDT,118824.8,130317.0,118824.5,2052.0,118825.1,88080.0,118825.4,3634.0
1753769573374,06:12:53.374,xt,BTC/USDT:USDT,118824.8,27213.0,118824.5,2419.0,118825.1,136778.0,118825.3,4395.0
1753769573509,06:12:53.509,xt,BTC/USDT:USDT,118824.8,57671.0,118824.5,1358.0,118825.1,27798.0,118825.4,2235.0
1753769573650,06:12:53.650,xt,BTC/USDT:USDT,118824.8,54738.0,118824.5,2152.0,118825.1,152062.0,118825.3,3816.0
1753769573770,06:12:53.770,xt,BTC/USDT:USDT,118824.8,128488.0,118824.6,4075.0,118825.1,106661.0,118825.4,2347.0
1753769573887,06:12:53.887,xt,BTC/USDT:USDT,118824.8,31370.0,118824.5,1743.0,118825.1,81686.0,118825.4,1809.0
1753769574004,06:12:54.004,xt,BTC/USDT:USDT,118824.8,70157.0,118824.5,880.0,118825.1,51624.0,118825.3,4196.0
1753769574304,06:12:54.304,xt,BTC/USDT:USDT,118824.8,140840.0,118824.6,3728.0,118825.1,65825.0,118825.4,3532.0
1753769574350,06:12:54.350,xt,BTC/USDT:USDT,118824.8,134104.0,118824.6,738.0,118825.1,154448.0,118825.4,3240.0
1753769574361,06:12:54.361,xt,BTC/USDT:USDT,118824.8,97171.0,118824.6,1499.0,118825.1,54786.0,118825.3,1747.0
1753769574489,06:12:54.489,xt,BTC/USDT:USDT,118824.8,48322.0,118824.5,2704.0,118825.1,24956.0,118825.4,883.0
1753769574745,06:12:54.745,xt,BTC/USDT:USDT,118824.8,32595.0,118824.5,2482.0,118825.1,109014.0,118825.4,1563.0
1753769574850,06:12:54.850,xt,BTC/USDT:USDT,118824.8,142221.0,118824.5,1549.0,118825.1,37856.0,118825.3,354.0
1753769574853,06:12:54.853,xt,BTC/USDT:USDT,118824.8,145963.0,118824.5,3668.0,118825.1,82557.0,118825.3,1291.0
1753769574968,06:12:54.968,xt,BTC/USDT:USDT,118824.8,26781.0,118824.6,2635.0,118825.1,51409.0,118825.3,3177.0
1753769575090,06:12:55.090,xt,BTC/USDT:USDT,118824.8,81719.0,118824.6,2600.0,118825.1,83538.0,118825.4,2782.0
1753769575473,06:12:55.473,xt,BTC/USDT:USDT,118824.8,87725.0,118824.5,2902.0,118825.1,140618.0,118825.3,3761.0
1753769575444,06:12:55.444,xt,BTC/USDT:USDT,118824.8,66950.0,118824.5,4288.0,118825.1,143140.0,118825.4,1087.0
1753769575570,06:12:55.570,xt,BTC/USDT:USDT,118824.8,130430.0,118824.6,2216.0,118825.1,145597.0,118825.3,3289.0
1753769575691,06:12:55.691,xt,BTC/USDT:USDT,118824.8,107731.0,118824.6,1460.0,118825.1,67226.0,118825.4,3886.0
1753769575971,06:12:55.971,xt,BTC/USDT:USDT,118824.8,151444.0,118824.6,4102.0,118825.1,83254.0,118825.3,844.0
1753769576067,06:12:56.067,xt,BTC/USDT:USDT,118824.8,61951.0,118824.6,3830.0,118825.1,121635.0,118825.3,3963.0
1753769576050,06:12:56.050,xt,BTC/USDT:USDT,118824.8,124599.0,118824.6,3375.0,118825.1,121197.0,118825.3,1989.0
1753769576175,06:12:56.175,xt,BTC/USDT:USDT,118824.8,130038.0,118824.6,3612.0,118825.1,90732.0,118825.3,2447.0
1753769576464,06:12:56.464,xt,BTC/USDT:USDT,118824.8,27002.0,118824.6,1160.0,118825.1,44776.0,118825.3,1606.0
1753769576688,06:12:56.688,xt,BTC/USDT:USDT,118824.8,85736.0,118824.5,293.0,118825.1,109205.0,118825.3,1314.0
1753769576746,06:12:56.746,xt,BTC/USDT:USDT,118824.8,71856.0,118824.6,1501.0,118825.1,27761.0,118825.3,459.0
1753769576856,06:12:56.856,xt,BTC/USDT:USDT,118824.8,87797.0,118824.5,1971.0,118825.1,147314.0,118825.4,4555.0
1753769576766,06:12:56.766,xt,BTC/USDT:USDT,118824.8,146913.0,118824.6,3115.0,118825.1,30287.0,118825.4,2741.0
1753769577003,06:12:57.003,xt,BTC/USDT:USDT,118824.8,48276.0,118824.5,2826.0,118825.1,50345.0,118825.4,4352.0
1753769577239,06:12:57.239,xt,BTC/USDT:USDT,118824.8,45149.0,118824.5,2539.0,118825.1,100425.0,118825.3,4079.0
1753769577369,06:12:57.369,xt,BTC/USDT:USDT,118824.8,94163.0,118824.6,2770.0,118825.1,98865.0,118825.4,1952.0
1753769577481,06:12:57.481,xt,BTC/USDT:USDT,118824.8,153501.0,118824.5,3253.0,118825.1,78672.0,118825.4,2530.0
1753769577757,06:12:57.757,xt,BTC/USDT:USDT,118824.8,155036.0,118824.5,2046.0,118825.1,150027.0,118825.3,2155.0
1753769577718,06:12:57.718,xt,BTC/USDT:USDT,118824.8,130857.0,118824.6,4299.0,118825.1,101022.0,118825.3,2231.0
1753769577847,06:12:57.847,xt,BTC/USDT:USDT,118824.8,124334.0,118824.6,776.0,118825.1,62590.0,118825.3,2819.0
1753769578001,06:12:58.001,xt,BTC/USDT:USDT,118824.8,55236.0,118824.6,363.0,118825.1,89211.0,118825.4,3301.0
1753769578299,06:12:58.299,xt,BTC/USDT:USDT,118824.8,123466.0,118824.5,2075.0,118825.1,153913.0,118825.3,4260.0
1753769578460,06:12:58.460,xt,BTC/USDT:USDT,118824.8,44558.0,118824.5,447.0,118825.1,110435.0,118825.3,281.0
1753769578417,06:12:58.417,xt,BTC/USDT:USDT,118824.8,53460.0,118824.5,3653.0,118825.1,121619.0,118825.4,2077.0
1753769578559,06:12:58.559,xt,BTC/USDT:USDT,118824.8,112856.0,118824.6,1811.0,118825.1,145394.0,118825.3,3392.0
1753769578680,06:12:58.680,xt,BTC/USDT:USDT,118824.8,146699.0,118824.5,4524.0,118825.1,89048.0,118825.4,3883.0
1753769578804,06:12:58.804,xt,BTC/USDT:USDT,118824.8,128829.0,118824.6,1291.0,118825.1,117217.0,118825.3,3171.0
1753769578930,06:12:58.930,xt,BTC/USDT:USDT,118824.8,153401.0,118824.6,3872.0,118825.1,76577.0,118825.4,1324.0
1753769579181,06:12:59.181,xt,BTC/USDT:USDT,118824.8,106317.0,118824.6,3180.0,118825.1,51326.0,118825.4,3389.0
1753769579162,06:12:59.162,xt,BTC/USDT:USDT,118824.8,72149.0,118824.6,3193.0,118825.1,142446.0,118825.3,3244.0
1753769579282,06:12:59.282,xt,BTC/USDT:USDT,118824.8,39658.0,118824.6,1038.0,118825.1,98404.0,118825.3,2485.0
1753769579462,06:12:59.462,xt,BTC/USDT:USDT,118824.8,45691.0,118824.5,822.0,118825.1,110592.0,118825.4,4049.0
1753769579753,06:12:59.753,xt,BTC/USDT:USDT,118824.8,21808.0,118824.6,3334.0,118825.1,65314.0,118825.3,3637.0
1753769579672,06:12:59.672,xt,BTC/USDT:USDT,118824.8,75315.0,118824.6,1471.0,118825.1,139499.0,118825.4,3708.0
1753769579887,06:12:59.887,xt,BTC/USDT:USDT,118824.8,100962.0,118824.5,2784.0,118825.1,96697.0,118825.3,4155.0
1753769580007,06:13:00.007,xt,BTC/USDT:USDT,118824.8,59851.0,118824.6,4593.0,118825.1,80552.0,118825.4,3107.0
1753769580123,06:13:00.123,xt,BTC/USDT:USDT,118824.8,57570.0,118824.6,1895.0,118825.1,137205.0,118825.4,747.0
1753769580240,06:13:00.240,xt,BTC/USDT:USDT,118824.8,82552.0,118824.6,3482.0,118825.1,95164.0,118825.3,1319.0
1753769580370,06:13:00.370,xt,BTC/USDT:USDT,118824.8,28688.0,118824.5,2201.0,118825.1,23185.0,118825.4,2159.0
1753769580509,06:13:00.509,xt,BTC/USDT:USDT,118824.8,97556.0,118824.6,849.0,118825.1,34560.0,118825.3,4531.0
1753769580856,06:13:00.856,xt,BTC/USDT:USDT,118824.8,152508.0,118824.6,3843.0,118825.1,127318.0,118825.4,3781.0
1753769580946,06:13:00.946,xt,BTC/USDT:USDT,118824.8,102814.0,118824.6,1220.0,118825.1,85250.0,118825.4,3230.0
1753769580853,06:13:00.853,xt,BTC/USDT:USDT,118824.8,132109.0,118824.5,2922.0,118825.1,137987.0,118825.3,184.0
1753769581187,06:13:01.187,xt,BTC/USDT:USDT,118824.8,24351.0,118824.5,2900.0,118825.1,82743.0,118825.3,3680.0
1753769581192,06:13:01.192,xt,BTC/USDT:USDT,118824.8,61315.0,118824.6,21.0,118825.1,97290.0,118825.3,4123.0
1753769581294,06:13:01.294,xt,BTC/USDT:USDT,118824.8,81516.0,118824.5,3159.0,118825.1,51221.0,118825.3,1965.0
1753769581416,06:13:01.416,xt,BTC/USDT:USDT,118824.8,135254.0,118824.6,170.0,118825.1,116972.0,118825.3,316.0
1753769581695,06:13:01.695,xt,BTC/USDT:USDT,118824.8,84059.0,118824.6,1856.0,118825.1,36113.0,118825.3,1280.0
1753769581661,06:13:01.661,xt,BTC/USDT:USDT,118824.8,34519.0,118824.6,2201.0,118825.1,22265.0,118825.3,437.0
1753769581953,06:13:01.953,xt,BTC/USDT:USDT,118824.8,151646.0,118824.6,2808.0,118825.1,45060.0,118825.3,4346.0
1753769582051,06:13:02.051,xt,BTC/USDT:USDT,118824.8,138020.0,118824.6,755.0,118825.1,129235.0,118825.3,3685.0
1753769582015,06:13:02.015,xt,BTC/USDT:USDT,118824.8,101504.0,118824.5,4171.0,118825.1,33275.0,118825.3,699.0
1753769582192,06:13:02.192,xt,BTC/USDT:USDT,118824.8,24867.0,118824.5,3162.0,118825.1,85524.0,118825.3,2467.0
1753769582450,06:13:02.450,xt,BTC/USDT:USDT,118824.8,71787.0,118824.6,89.0,118825.1,31751.0,118825.4,2929.0
1753769582405,06:13:02.405,xt,BTC/USDT:USDT,118824.8,141406.0,118824.6,4594.0,118825.1,59860.0,118825.3,3427.0
1753769582612,06:13:02.612,xt,BTC/USDT:USDT,118824.8,86030.0,118824.6,3796.0,118825.1,102107.0,118825.3,2904.0
1753769582733,06:13:02.733,xt,BTC/USDT:USDT,118824.8,42305.0,118824.5,1933.0,118825.1,123818.0,118825.4,397.0
1753769582859,06:13:02.859,xt,BTC/USDT:USDT,118824.8,77959.0,118824.6,1892.0,118825.1,86622.0,118825.4,12.0
1753769582976,06:13:02.976,xt,BTC/USDT:USDT,118824.8,50442.0,118824.5,1059.0,118825.1,35546.0,118825.4,3939.0
1753769583100,06:13:03.100,xt,BTC/USDT:USDT,118824.8,115625.0,118824.5,3291.0,118825.1,120825.0,118825.3,1470.0
1753769583250,06:13:03.250,xt,BTC/USDT:USDT,118824.8,136071.0,118824.5,1994.0,118825.1,84683.0,118825.4,1067.0
1753769583346,06:13:03.346,xt,BTC/USDT:USDT,118824.8,98859.0,118824.6,4410.0,118825.1,96512.0,118825.3,849.0
1753769583456,06:13:03.456,xt,BTC/USDT:USDT,118824.8,48304.0,118824.6,2175.0,118825.1,128021.0,118825.3,4605.0
1753769583579,06:13:03.579,xt,BTC/USDT:USDT,118824.8,26764.0,118824.6,4254.0,118825.1,107732.0,118825.4,3447.0
1753769583852,06:13:03.852,xt,BTC/USDT:USDT,118824.8,141341.0,118824.5,1262.0,118825.1,145440.0,118825.3,1357.0
1753769583879,06:13:03.879,xt,BTC/USDT:USDT,118824.8,21838.0,118824.5,2336.0,118825.1,104624.0,118825.4,1848.0
1753769583942,06:13:03.942,xt,BTC/USDT:USDT,118824.8,86442.0,118824.6,3675.0,118825.1,47057.0,118825.3,1488.0
1753769584081,06:13:04.081,xt,BTC/USDT:USDT,118824.8,77764.0,118824.5,106.0,118825.1,109995.0,118825.3,3016.0
1753769584300,06:13:04.300,xt,BTC/USDT:USDT,118824.8,24381.0,118824.5,3152.0,118825.1,79003.0,118825.4,636.0
1753769584414,06:13:04.414,xt,BTC/USDT:USDT,118824.8,100794.0,118824.5,4578.0,118825.1,54028.0,118825.4,4384.0
1753769584539,06:13:04.539,xt,BTC/USDT:USDT,118824.8,51573.0,118824.6,3975.0,118825.1,128345.0,118825.3,2130.0
1753769584655,06:13:04.655,xt,BTC/USDT:USDT,118824.8,41221.0,118824.6,752.0,118825.1,83923.0,118825.4,178.0
1753769584779,06:13:04.779,xt,BTC/USDT:USDT,118824.8,95680.0,118824.6,3128.0,118825.1,35499.0,118825.3,1950.0
1753769584925,06:13:04.925,xt,BTC/USDT:USDT,118824.8,115257.0,118824.6,2929.0,118825.1,102495.0,118825.3,3858.0
1753769585164,06:13:05.164,xt,BTC/USDT:USDT,118824.8,23003.0,118824.6,47.0,118825.1,103227.0,118825.3,2745.0
1753769585140,06:13:05.140,xt,BTC/USDT:USDT,118824.8,69153.0,118824.6,3157.0,118825.1,95304.0,118825.3,2265.0
1753769585463,06:13:05.463,xt,BTC/USDT:USDT,118824.8,70023.0,118824.6,527.0,118825.1,129740.0,118825.3,3398.0
1753769585381,06:13:05.381,xt,BTC/USDT:USDT,118824.8,34209.0,118824.6,896.0,118825.1,27053.0,118825.3,2287.0
1753769585554,06:13:05.554,xt,BTC/USDT:USDT,118824.8,139714.0,118824.5,3480.0,118825.1,87034.0,118825.3,2689.0
1753769585848,06:13:05.848,xt,BTC/USDT:USDT,118824.8,102621.0,118824.6,4047.0,118825.1,91195.0,118825.4,1242.0
1753769585755,06:13:05.755,xt,BTC/USDT:USDT,118824.8,49902.0,118824.6,3268.0,118825.1,101729.0,118825.4,3692.0
1753769585974,06:13:05.974,xt,BTC/USDT:USDT,118824.8,57637.0,118824.6,4034.0,118825.1,46401.0,118825.4,288.0
1753769586098,06:13:06.098,xt,BTC/USDT:USDT,118824.8,31376.0,118824.5,1877.0,118825.1,91336.0,118825.3,4378.0
1753769586346,06:13:06.346,xt,BTC/USDT:USDT,118824.8,118765.0,118824.6,2932.0,118825.1,112987.0,118825.3,2816.0
1753769586328,06:13:06.328,xt,BTC/USDT:USDT,118824.8,40100.0,118824.5,1541.0,118825.1,34768.0,118825.4,3761.0
1753769586449,06:13:06.449,xt,BTC/USDT:USDT,118824.8,44299.0,118824.6,3056.0,118825.1,150606.0,118825.3,4059.0
1753769586613,06:13:06.613,xt,BTC/USDT:USDT,118824.8,83661.0,118824.6,4540.0,118825.1,103617.0,118825.4,4496.0
1753769586697,06:13:06.697,xt,BTC/USDT:USDT,118824.8,113623.0,118824.5,3454.0,118825.1,81838.0,118825.4,2916.0
1753769586821,06:13:06.821,xt,BTC/USDT:USDT,118824.8,24203.0,118824.6,4374.0,118825.1,139152.0,118825.3,2237.0
1753769587052,06:13:07.052,xt,BTC/USDT:USDT,118824.8,83402.0,118824.6,2512.0,118825.1,46981.0,118825.4,2425.0
1753769587182,06:13:07.182,xt,BTC/USDT:USDT,118824.8,91602.0,118824.5,3426.0,118825.1,110383.0,118825.4,3286.0
1753769587462,06:13:07.462,xt,BTC/USDT:USDT,118824.8,25258.0,118824.5,749.0,118825.1,26320.0,118825.4,2065.0
1753769587424,06:13:07.424,xt,BTC/USDT:USDT,118824.8,55420.0,118824.5,2260.0,118825.1,153114.0,118825.3,3549.0
1753769587689,06:13:07.689,xt,BTC/USDT:USDT,118824.8,43418.0,118824.6,2294.0,118825.1,94827.0,118825.3,2028.0
1753769587654,06:13:07.654,xt,BTC/USDT:USDT,118824.8,49972.0,118824.6,4508.0,118825.1,134329.0,118825.4,2511.0
1753769587953,06:13:07.953,xt,BTC/USDT:USDT,118824.8,156100.0,118824.5,1341.0,118825.1,47767.0,118825.4,3318.0
1753769587897,06:13:07.897,xt,BTC/USDT:USDT,118824.8,153045.0,118824.5,1876.0,118825.1,118262.0,118825.4,4227.0
1753769588019,06:13:08.019,xt,BTC/USDT:USDT,118824.8,120936.0,118824.6,3842.0,118825.1,26416.0,118825.3,3797.0
1753769588138,06:13:08.138,xt,BTC/USDT:USDT,118824.8,98378.0,118824.5,1241.0,118825.1,30613.0,118825.3,1966.0
1753769588316,06:13:08.316,xt,BTC/USDT:USDT,118824.8,63981.0,118824.5,161.0,118825.1,84062.0,118825.3,3053.0
1753769588683,06:13:08.683,xt,BTC/USDT:USDT,118824.8,25284.0,118824.5,4303.0,118825.1,130600.0,118825.3,4455.0
1753769588619,06:13:08.619,xt,BTC/USDT:USDT,118824.8,51729.0,118824.6,950.0,118825.1,87987.0,118825.3,96.0
1753769588738,06:13:08.738,xt,BTC/USDT:USDT,118824.8,71136.0,118824.6,4622.0,118825.1,71452.0,118825.3,4625.0
1753769588850,06:13:08.850,xt,BTC/USDT:USDT,118824.8,102676.0,118824.6,4052.0,118825.1,51750.0,118825.4,305.0
1753769589183,06:13:09.183,xt,BTC/USDT:USDT,118824.8,136360.0,118824.6,3832.0,118825.1,147176.0,118825.3,3744.0
1753769589157,06:13:09.157,xt,BTC/USDT:USDT,118824.8,102902.0,118824.6,3955.0,118825.1,63670.0,118825.3,2430.0
1753769589450,06:13:09.450,xt,BTC/USDT:USDT,118824.8,61704.0,118824.6,3868.0,118825.1,68009.0,118825.4,1630.0
1753769589358,06:13:09.358,xt,BTC/USDT:USDT,118824.8,118023.0,118824.6,2873.0,118825.1,104626.0,118825.3,240.0
1753769589701,06:13:09.701,xt,BTC/USDT:USDT,118824.8,64443.0,118824.5,3763.0,118825.1,130172.0,118825.4,3079.0
1753769589575,06:13:09.575,xt,BTC/USDT:USDT,118824.8,97690.0,118824.6,436.0,118825.1,126882.0,118825.4,400.0
1753769589813,06:13:09.813,xt,BTC/USDT:USDT,118824.8,113752.0,118824.5,4483.0,118825.1,132403.0,118825.3,3637.0
1753769589940,06:13:09.940,xt,BTC/USDT:USDT,118824.8,69153.0,118824.6,273.0,118825.1,30791.0,118825.3,2635.0
1753769590206,06:13:10.206,xt,BTC/USDT:USDT,118824.8,132232.0,118824.6,4350.0,118825.1,153416.0,118825.3,35.0
1753769590291,06:13:10.291,xt,BTC/USDT:USDT,118824.8,137881.0,118824.6,93.0,118825.1,55474.0,118825.4,4383.0
1753769590418,06:13:10.418,xt,BTC/USDT:USDT,118824.8,120328.0,118824.6,1134.0,118825.1,47772.0,118825.3,4619.0
1753769590532,06:13:10.532,xt,BTC/USDT:USDT,118824.8,99340.0,118824.5,2068.0,118825.1,97677.0,118825.4,3783.0
1753769590868,06:13:10.868,xt,BTC/USDT:USDT,118824.8,88203.0,118824.5,875.0,118825.1,122232.0,118825.4,448.0
1753769590831,06:13:10.831,xt,BTC/USDT:USDT,118824.8,23300.0,118824.5,1097.0,118825.1,146349.0,118825.3,1176.0
1753769590900,06:13:10.900,xt,BTC/USDT:USDT,118824.8,77819.0,118824.5,3066.0,118825.1,129512.0,118825.4,4143.0
1753769591139,06:13:11.139,xt,BTC/USDT:USDT,118824.8,75711.0,118824.5,2882.0,118825.1,33471.0,118825.3,3290.0
1753769591253,06:13:11.253,xt,BTC/USDT:USDT,118824.8,69127.0,118824.6,2678.0,118825.1,125167.0,118825.4,358.0
1753769591563,06:13:11.563,xt,BTC/USDT:USDT,118824.8,93420.0,118824.5,2345.0,118825.1,82469.0,118825.3,3085.0
1753769591493,06:13:11.493,xt,BTC/USDT:USDT,118824.8,40267.0,118824.6,3421.0,118825.1,144340.0,118825.3,4287.0
1753769591589,06:13:11.589,xt,BTC/USDT:USDT,118824.8,41818.0,118824.5,4216.0,118825.1,69195.0,118825.3,4295.0
1753769591962,06:13:11.962,xt,BTC/USDT:USDT,118824.8,104564.0,118824.5,3405.0,118825.1,83755.0,118825.4,639.0
1753769591889,06:13:11.889,xt,BTC/USDT:USDT,118824.8,24670.0,118824.5,1744.0,118825.1,125350.0,118825.3,3634.0
1753769592091,06:13:12.091,xt,BTC/USDT:USDT,118824.8,123550.0,118824.6,1344.0,118825.1,139187.0,118825.3,2519.0
1753769592181,06:13:12.181,xt,BTC/USDT:USDT,118824.8,29912.0,118824.6,2754.0,118825.1,136381.0,118825.4,1382.0
1753769592297,06:13:12.297,xt,BTC/USDT:USDT,118824.8,92954.0,118824.5,3651.0,118825.1,75393.0,118825.4,4389.0
1753769592554,06:13:12.554,xt,BTC/USDT:USDT,118824.8,142665.0,118824.5,2065.0,118825.1,116857.0,118825.3,3636.0
1753769592518,06:13:12.518,xt,BTC/USDT:USDT,118824.8,90054.0,118824.6,3963.0,118825.1,70794.0,118825.4,1645.0
1753769592855,06:13:12.855,xt,BTC/USDT:USDT,118824.8,127978.0,118824.6,3465.0,118825.1,101886.0,118825.3,2124.0
1753769592869,06:13:12.869,xt,BTC/USDT:USDT,118824.8,25933.0,118824.5,2144.0,118825.1,71691.0,118825.4,3165.0
1753769593000,06:13:13.000,xt,BTC/USDT:USDT,118824.8,39790.0,118824.5,2764.0,118825.1,150563.0,118825.3,381.0
1753769593141,06:13:13.141,xt,BTC/USDT:USDT,118824.8,44206.0,118824.6,3421.0,118825.1,22150.0,118825.3,769.0
1753769593241,06:13:13.241,xt,BTC/USDT:USDT,118824.8,47166.0,118824.6,2471.0,118825.1,82447.0,118825.3,4586.0
1753769593568,06:13:13.568,xt,BTC/USDT:USDT,118824.8,110399.0,118824.6,1049.0,118825.1,56356.0,118825.4,3440.0
1753769593476,06:13:13.476,xt,BTC/USDT:USDT,118824.8,101874.0,118824.6,3254.0,118825.1,125789.0,118825.3,1959.0
1753769593759,06:13:13.759,xt,BTC/USDT:USDT,118824.8,68494.0,118824.6,1539.0,118825.1,34389.0,118825.3,51.0
1753769593781,06:13:13.781,xt,BTC/USDT:USDT,118824.8,83589.0,118824.5,1225.0,118825.1,99437.0,118825.4,768.0
1753769593833,06:13:13.833,xt,BTC/USDT:USDT,118824.8,23556.0,118824.6,2044.0,118825.1,41919.0,118825.3,2037.0
1753769594048,06:13:14.048,xt,BTC/USDT:USDT,118824.8,104097.0,118824.6,1398.0,118825.1,110130.0,118825.4,3934.0
1753769594168,06:13:14.168,xt,BTC/USDT:USDT,118824.8,97641.0,118824.6,1160.0,118825.1,110756.0,118825.3,3568.0
1753769594281,06:13:14.281,xt,BTC/USDT:USDT,118824.8,46252.0,118824.6,2109.0,118825.1,102632.0,118825.4,3418.0
1753769594410,06:13:14.410,xt,BTC/USDT:USDT,118824.8,46644.0,118824.6,3256.0,118825.1,79954.0,118825.4,676.0
1753769594521,06:13:14.521,xt,BTC/USDT:USDT,118824.8,36459.0,118824.6,277.0,118825.1,98518.0,118825.3,4175.0
1753769594848,06:13:14.848,xt,BTC/USDT:USDT,118824.8,29961.0,118824.5,4151.0,118825.1,63138.0,118825.4,829.0
1753769594820,06:13:14.820,xt,BTC/USDT:USDT,118824.8,67758.0,118824.5,3591.0,118825.1,32122.0,118825.4,4156.0
1753769594856,06:13:14.856,xt,BTC/USDT:USDT,118824.8,57557.0,118824.6,3025.0,118825.1,113371.0,118825.4,3036.0
1753769595032,06:13:15.032,xt,BTC/USDT:USDT,118824.8,122959.0,118824.6,2268.0,118825.1,59553.0,118825.3,911.0
1753769595355,06:13:15.355,xt,BTC/USDT:USDT,118824.8,85048.0,118824.5,1590.0,118825.1,132551.0,118825.3,2212.0
1753769595248,06:13:15.248,xt,BTC/USDT:USDT,118824.8,145121.0,118824.6,2423.0,118825.1,115632.0,118825.3,1477.0
1753769595460,06:13:15.460,xt,BTC/USDT:USDT,118824.8,118259.0,118824.5,2095.0,118825.1,51802.0,118825.3,715.0
1753769595577,06:13:15.577,xt,BTC/USDT:USDT,118824.8,128468.0,118824.5,600.0,118825.1,125817.0,118825.4,1583.0
1753769595697,06:13:15.697,xt,BTC/USDT:USDT,118824.8,33445.0,118824.5,3837.0,118825.1,152712.0,118825.3,2173.0
1753769595874,06:13:15.874,xt,BTC/USDT:USDT,118824.8,64483.0,118824.6,2376.0,118825.1,125323.0,118825.3,3519.0
1753769595931,06:13:15.931,xt,BTC/USDT:USDT,118824.8,127654.0,118824.5,438.0,118825.1,22284.0,118825.3,3343.0
1753769596296,06:13:16.296,xt,BTC/USDT:USDT,118824.8,65802.0,118824.5,521.0,118825.1,53809.0,118825.4,3398.0
1753769596353,06:13:16.353,xt,BTC/USDT:USDT,118824.8,103134.0,118824.6,2160.0,118825.1,138882.0,118825.4,2833.0
1753769596385,06:13:16.385,xt,BTC/USDT:USDT,118824.8,44336.0,118824.5,2406.0,118825.1,22781.0,118825.3,3801.0
1753769596536,06:13:16.536,xt,BTC/USDT:USDT,118824.8,77834.0,118824.6,904.0,118825.1,25059.0,118825.4,2712.0
1753769596619,06:13:16.619,xt,BTC/USDT:USDT,118824.8,143475.0,118824.5,832.0,118825.1,57812.0,118825.3,3579.0
1753769596965,06:13:16.965,xt,BTC/USDT:USDT,118824.8,139881.0,118824.6,346.0,118825.1,62076.0,118825.4,3658.0
1753769597055,06:13:17.055,xt,BTC/USDT:USDT,118824.8,103921.0,118824.6,1954.0,118825.1,44305.0,118825.3,963.0
1753769597168,06:13:17.168,xt,BTC/USDT:USDT,118824.8,73302.0,118824.5,3407.0,118825.1,83339.0,118825.4,2003.0
1753769597168,06:13:17.168,xt,BTC/USDT:USDT,118824.8,56138.0,118824.6,781.0,118825.1,37364.0,118825.4,355.0
1753769597328,06:13:17.328,xt,BTC/USDT:USDT,118824.8,143845.0,118824.5,2746.0,118825.1,67276.0,118825.3,3507.0
1753769597465,06:13:17.465,xt,BTC/USDT:USDT,118824.8,108882.0,118824.5,3748.0,118825.1,90023.0,118825.3,2851.0
1753769597579,06:13:17.579,xt,BTC/USDT:USDT,118824.8,62663.0,118824.6,2047.0,118825.1,85372.0,118825.4,3599.0
1753769597703,06:13:17.703,xt,BTC/USDT:USDT,118824.8,30287.0,118824.6,994.0,118825.1,139501.0,118825.4,2748.0
1753769597964,06:13:17.964,xt,BTC/USDT:USDT,118824.8,25229.0,118824.5,4558.0,118825.1,75433.0,118825.4,3153.0
1753769597953,06:13:17.953,xt,BTC/USDT:USDT,118824.8,87287.0,118824.6,1032.0,118825.1,145274.0,118825.4,666.0
1753769598068,06:13:18.068,xt,BTC/USDT:USDT,118824.8,64904.0,118824.5,3602.0,118825.1,65870.0,118825.3,2101.0
1753769598365,06:13:18.365,xt,BTC/USDT:USDT,118824.8,144366.0,118824.5,1504.0,118825.1,21987.0,118825.4,4538.0
1753769598454,06:13:18.454,xt,BTC/USDT:USDT,118824.8,82551.0,118824.5,2844.0,118825.1,47364.0,118825.4,2543.0
1753769598691,06:13:18.691,xt,BTC/USDT:USDT,118824.8,57423.0,118824.5,2734.0,118825.1,39485.0,118825.4,2961.0
1753769598629,06:13:18.629,xt,BTC/USDT:USDT,118824.8,114793.0,118824.5,1517.0,118825.1,92265.0,118825.3,1284.0
1753769598750,06:13:18.750,xt,BTC/USDT:USDT,118824.8,119237.0,118824.5,1883.0,118825.1,113008.0,118825.3,2575.0
1753769599063,06:13:19.063,xt,BTC/USDT:USDT,118824.8,21660.0,118824.6,2740.0,118825.1,31872.0,118825.3,4115.0
1753769599302,06:13:19.302,xt,BTC/USDT:USDT,118824.8,41236.0,118824.6,1327.0,118825.1,37045.0,118825.3,145.0
1753769599266,06:13:19.266,xt,BTC/USDT:USDT,118824.8,24895.0,118824.5,1127.0,118825.1,46754.0,118825.4,2413.0
1753769599566,06:13:19.566,xt,BTC/USDT:USDT,118824.8,66668.0,118824.5,4606.0,118825.1,105774.0,118825.4,3387.0
1753769599696,06:13:19.696,xt,BTC/USDT:USDT,118824.8,115774.0,118824.5,2919.0,118825.1,75641.0,118825.4,1044.0
1753769599682,06:13:19.682,xt,BTC/USDT:USDT,118824.8,43136.0,118824.6,1418.0,118825.1,143658.0,118825.3,4399.0
1753769599717,06:13:19.717,xt,BTC/USDT:USDT,118824.8,40049.0,118824.5,1634.0,118825.1,40567.0,118825.3,4465.0
1753769600078,06:13:20.078,xt,BTC/USDT:USDT,118824.8,111871.0,118824.5,855.0,118825.1,51552.0,118825.4,4372.0
1753769600075,06:13:20.075,xt,BTC/USDT:USDT,118824.8,49390.0,118824.5,4188.0,118825.1,116755.0,118825.3,1756.0
1753769600198,06:13:20.198,xt,BTC/USDT:USDT,118824.8,107107.0,118824.6,2864.0,118825.1,129694.0,118825.4,3280.0
1753769600455,06:13:20.455,xt,BTC/USDT:USDT,118824.8,31814.0,118824.6,864.0,118825.1,116227.0,118825.3,631.0
1753769600564,06:13:20.564,xt,BTC/USDT:USDT,118824.8,106263.0,118824.5,2077.0,118825.1,91415.0,118825.4,209.0
1753769600547,06:13:20.547,xt,BTC/USDT:USDT,118824.8,140649.0,118824.6,4609.0,118825.1,61789.0,118825.3,2850.0
1753769600855,06:13:20.855,xt,BTC/USDT:USDT,118824.8,68677.0,118824.6,1304.0,118825.1,137866.0,118825.3,1448.0
1753769601052,06:13:21.052,xt,BTC/USDT:USDT,118824.8,75991.0,118824.6,558.0,118825.1,37614.0,118825.3,1284.0
1753769601187,06:13:21.187,xt,BTC/USDT:USDT,118824.8,29509.0,118824.5,487.0,118825.1,148803.0,118825.4,1962.0
1753769601358,06:13:21.358,xt,BTC/USDT:USDT,118824.8,93629.0,118824.5,4212.0,118825.1,141325.0,118825.3,39.0
1753769601399,06:13:21.399,xt,BTC/USDT:USDT,118824.8,130117.0,118824.5,4413.0,118825.1,118676.0,118825.3,1305.0
1753769601519,06:13:21.519,xt,BTC/USDT:USDT,118824.8,137810.0,118824.6,2492.0,118825.1,64361.0,118825.3,3729.0
1753769601751,06:13:21.751,xt,BTC/USDT:USDT,118824.8,131663.0,118824.5,1734.0,118825.1,73160.0,118825.3,2165.0
1753769601752,06:13:21.752,xt,BTC/USDT:USDT,118824.8,79460.0,118824.6,2243.0,118825.1,87614.0,118825.3,3691.0
1753769601879,06:13:21.879,xt,BTC/USDT:USDT,118824.8,143359.0,118824.5,1506.0,118825.1,45003.0,118825.3,3468.0
1753769602178,06:13:22.178,xt,BTC/USDT:USDT,118824.8,147462.0,118824.6,2603.0,118825.1,77640.0,118825.4,420.0
1753769602357,06:13:22.357,xt,BTC/USDT:USDT,118824.8,148234.0,118824.5,4090.0,118825.1,77813.0,118825.3,189.0
1753769602234,06:13:22.234,xt,BTC/USDT:USDT,118824.8,71050.0,118824.6,478.0,118825.1,40587.0,118825.3,2979.0
1753769602415,06:13:22.415,xt,BTC/USDT:USDT,118824.8,49673.0,118824.6,3148.0,118825.1,22331.0,118825.3,2172.0
1753769602714,06:13:22.714,xt,BTC/USDT:USDT,118824.8,119059.0,118824.6,3453.0,118825.1,85571.0,118825.3,4058.0
1753769602716,06:13:22.716,xt,BTC/USDT:USDT,118824.8,148218.0,118824.5,2179.0,118825.1,154261.0,118825.3,1514.0
1753769602836,06:13:22.836,xt,BTC/USDT:USDT,118824.8,84608.0,118824.6,1742.0,118825.1,26474.0,118825.3,4189.0
1753769602950,06:13:22.950,xt,BTC/USDT:USDT,118824.8,86432.0,118824.6,752.0,118825.1,153724.0,118825.4,2100.0
1753769603072,06:13:23.072,xt,BTC/USDT:USDT,118824.8,43294.0,118824.6,1728.0,118825.1,116934.0,118825.3,336.0
1753769603357,06:13:23.357,xt,BTC/USDT:USDT,118824.8,129985.0,118824.5,289.0,118825.1,78249.0,118825.4,310.0
1753769603443,06:13:23.443,xt,BTC/USDT:USDT,118824.8,114951.0,118824.6,1600.0,118825.1,120471.0,118825.3,400.0
1753769603686,06:13:23.686,xt,BTC/USDT:USDT,118824.8,72808.0,118824.6,3749.0,118825.1,75886.0,118825.3,2829.0
1753769603760,06:13:23.760,xt,BTC/USDT:USDT,118824.8,130822.0,118824.5,4230.0,118825.1,72316.0,118825.3,2950.0
1753769603752,06:13:23.752,xt,BTC/USDT:USDT,118824.8,112736.0,118824.5,4303.0,118825.1,51106.0,118825.3,3685.0
1753769603890,06:13:23.890,xt,BTC/USDT:USDT,118824.8,44280.0,118824.6,1252.0,118825.1,43686.0,118825.4,3058.0
1753769604006,06:13:24.006,xt,BTC/USDT:USDT,118824.8,84828.0,118824.5,1003.0,118825.1,31751.0,118825.4,2499.0
1753769604357,06:13:24.357,xt,BTC/USDT:USDT,118824.8,67296.0,118824.6,615.0,118825.1,89082.0,118825.4,4056.0
1753769604361,06:13:24.361,xt,BTC/USDT:USDT,118824.8,140133.0,118824.5,4529.0,118825.1,29388.0,118825.3,3449.0
1753769604529,06:13:24.529,xt,BTC/USDT:USDT,118824.8,93424.0,118824.6,4390.0,118825.1,114000.0,118825.3,3803.0
1753769604750,06:13:24.750,xt,BTC/USDT:USDT,118824.8,30797.0,118824.6,436.0,118825.1,58598.0,118825.4,1712.0
1753769604955,06:13:24.955,xt,BTC/USDT:USDT,118824.8,97315.0,118824.6,3421.0,118825.1,71268.0,118825.3,1394.0
1753769605066,06:13:25.066,xt,BTC/USDT:USDT,118824.8,73454.0,118824.6,2211.0,118825.1,104082.0,118825.4,3214.0
1753769604962,06:13:24.962,xt,BTC/USDT:USDT,118824.8,80708.0,118824.5,722.0,118825.1,31694.0,118825.3,3148.0
1753769605354,06:13:25.354,xt,BTC/USDT:USDT,118824.8,154225.0,118824.6,325.0,118825.1,80052.0,118825.4,382.0
1753769605317,06:13:25.317,xt,BTC/USDT:USDT,118824.8,154958.0,118824.5,4586.0,118825.1,120141.0,118825.4,1660.0
1753769605415,06:13:25.415,xt,BTC/USDT:USDT,118824.8,144761.0,118824.6,1012.0,118825.1,149044.0,118825.4,1411.0
1753769605564,06:13:25.564,xt,BTC/USDT:USDT,118824.8,21294.0,118824.5,3717.0,118825.1,121733.0,118825.4,2665.0
1753769605659,06:13:25.659,xt,BTC/USDT:USDT,118824.8,27832.0,118824.5,96.0,118825.1,136187.0,118825.4,3809.0
1753769605953,06:13:25.953,xt,BTC/USDT:USDT,118824.8,101142.0,118824.6,4263.0,118825.1,34409.0,118825.3,2384.0
1753769606134,06:13:26.134,xt,BTC/USDT:USDT,118824.8,146489.0,118824.6,1139.0,118825.1,106417.0,118825.3,1614.0
1753769606260,06:13:26.260,xt,BTC/USDT:USDT,118824.8,60286.0,118824.5,1908.0,118825.1,126004.0,118825.4,2807.0
1753769606405,06:13:26.405,xt,BTC/USDT:USDT,118824.8,43934.0,118824.5,4286.0,118825.1,96644.0,118825.3,4511.0
1753769606489,06:13:26.489,xt,BTC/USDT:USDT,118824.8,25295.0,118824.6,2537.0,118825.1,111745.0,118825.4,2631.0
1753769606614,06:13:26.614,xt,BTC/USDT:USDT,118824.8,23318.0,118824.6,2898.0,118825.1,44878.0,118825.4,3170.0
1753769606811,06:13:26.811,xt,BTC/USDT:USDT,118824.8,109301.0,118824.6,426.0,118825.1,55215.0,118825.4,3628.0
1753769606860,06:13:26.860,xt,BTC/USDT:USDT,118824.8,124985.0,118824.5,1506.0,118825.1,29599.0,118825.4,2210.0
1753769607184,06:13:27.184,xt,BTC/USDT:USDT,118824.8,37181.0,118824.6,3450.0,118825.1,58292.0,118825.3,3387.0
1753769607346,06:13:27.346,xt,BTC/USDT:USDT,118824.8,92876.0,118824.6,3584.0,118825.1,137157.0,118825.4,1544.0
1753769607247,06:13:27.247,xt,BTC/USDT:USDT,118824.8,114047.0,118824.5,1982.0,118825.1,24196.0,118825.3,4555.0
1753769607553,06:13:27.553,xt,BTC/USDT:USDT,118824.8,137679.0,118824.5,2574.0,118825.1,69174.0,118825.4,3817.0
1753769607573,06:13:27.573,xt,BTC/USDT:USDT,118824.8,95842.0,118824.5,67.0,118825.1,90032.0,118825.4,1144.0
1753769607675,06:13:27.675,xt,BTC/USDT:USDT,118824.8,57199.0,118824.5,844.0,118825.1,142516.0,118825.4,408.0
1753769607780,06:13:27.780,xt,BTC/USDT:USDT,118824.8,131540.0,118824.5,1360.0,118825.1,52890.0,118825.4,2950.0
1753769608054,06:13:28.054,xt,BTC/USDT:USDT,118824.8,31824.0,118824.5,2841.0,118825.1,117243.0,118825.4,826.0
1753769608081,06:13:28.081,xt,BTC/USDT:USDT,118824.8,128714.0,118824.6,3519.0,118825.1,94750.0,118825.3,4111.0
1753769608354,06:13:28.354,xt,BTC/USDT:USDT,118824.8,141158.0,118824.5,2165.0,118825.1,132341.0,118825.3,3384.0
1753769608292,06:13:28.292,xt,BTC/USDT:USDT,118824.8,153157.0,118824.6,2351.0,118825.1,78691.0,118825.3,4433.0
1753769608553,06:13:28.553,xt,BTC/USDT:USDT,118824.8,134518.0,118824.6,1963.0,118825.1,25290.0,118825.3,1937.0
1753769608757,06:13:28.757,xt,BTC/USDT:USDT,118824.8,67589.0,118824.5,3545.0,118825.1,68729.0,118825.4,4095.0
1753769608847,06:13:28.847,xt,BTC/USDT:USDT,118824.8,123805.0,118824.5,2023.0,118825.1,105703.0,118825.4,2033.0
1753769608862,06:13:28.862,xt,BTC/USDT:USDT,118824.8,26067.0,118824.6,4201.0,118825.1,29083.0,118825.4,2156.0
1753769609183,06:13:29.183,xt,BTC/USDT:USDT,118824.8,152592.0,118824.6,2797.0,118825.1,68189.0,118825.3,1235.0
1753769609298,06:13:29.298,xt,BTC/USDT:USDT,118824.8,154400.0,118824.6,3460.0,118825.1,40466.0,118825.3,4012.0
1753769609351,06:13:29.351,xt,BTC/USDT:USDT,118824.8,64795.0,118824.6,1820.0,118825.1,76972.0,118825.3,1881.0
1753769609340,06:13:29.340,xt,BTC/USDT:USDT,118824.8,68844.0,118824.5,3966.0,118825.1,139515.0,118825.4,4325.0
1753769609678,06:13:29.678,xt,BTC/USDT:USDT,118824.8,133521.0,118824.6,1996.0,118825.1,53371.0,118825.4,4069.0
1753769609749,06:13:29.749,xt,BTC/USDT:USDT,118824.8,119970.0,118824.5,3804.0,118825.1,110178.0,118825.3,3132.0
1753769609765,06:13:29.765,xt,BTC/USDT:USDT,118824.8,38273.0,118824.5,4087.0,118825.1,86262.0,118825.3,2096.0
1753769610054,06:13:30.054,xt,BTC/USDT:USDT,118824.8,86714.0,118824.5,625.0,118825.1,112843.0,118825.3,984.0
1753769610183,06:13:30.183,xt,BTC/USDT:USDT,118824.8,77376.0,118824.5,3996.0,118825.1,40860.0,118825.4,2783.0
1753769610184,06:13:30.184,xt,BTC/USDT:USDT,118824.8,44583.0,118824.5,3874.0,118825.1,107161.0,118825.4,2924.0
1753769610305,06:13:30.305,xt,BTC/USDT:USDT,118824.8,118168.0,118824.5,3110.0,118825.1,100976.0,118825.3,2368.0
1753769610443,06:13:30.443,xt,BTC/USDT:USDT,118824.8,84308.0,118824.6,2796.0,118825.1,82815.0,118825.4,1920.0
1753769610555,06:13:30.555,xt,BTC/USDT:USDT,118824.8,105715.0,118824.5,2058.0,118825.1,150155.0,118825.4,1893.0
1753769610667,06:13:30.667,xt,BTC/USDT:USDT,118824.8,26908.0,118824.6,4208.0,118825.1,90869.0,118825.3,333.0
1753769610818,06:13:30.818,xt,BTC/USDT:USDT,118824.8,153845.0,118824.5,3107.0,118825.1,147622.0,118825.3,4054.0
1753769611062,06:13:31.062,xt,BTC/USDT:USDT,118824.8,116935.0,118824.5,4450.0,118825.1,106543.0,118825.3,2566.0
1753769611289,06:13:31.289,xt,BTC/USDT:USDT,118824.8,81550.0,118824.5,898.0,118825.1,56199.0,118825.4,2409.0
1753769611340,06:13:31.340,xt,BTC/USDT:USDT,118824.8,108744.0,118824.6,1901.0,118825.1,86022.0,118825.4,2350.0
1753769611353,06:13:31.353,xt,BTC/USDT:USDT,118824.8,69129.0,118824.6,3319.0,118825.1,84326.0,118825.4,596.0
1753769611470,06:13:31.470,xt,BTC/USDT:USDT,118824.8,131132.0,118824.5,2020.0,118825.1,41696.0,118825.4,3579.0
1753769611596,06:13:31.596,xt,BTC/USDT:USDT,118824.8,46617.0,118824.6,1019.0,118825.1,100434.0,118825.4,1816.0
1753769611963,06:13:31.963,xt,BTC/USDT:USDT,118824.8,78547.0,118824.6,233.0,118825.1,75530.0,118825.4,2404.0
1753769611868,06:13:31.868,xt,BTC/USDT:USDT,118824.8,81239.0,118824.5,2200.0,118825.1,56648.0,118825.3,861.0
1753769612075,06:13:32.075,xt,BTC/USDT:USDT,118824.8,119406.0,118824.5,3611.0,118825.1,63448.0,118825.3,259.0
1753769612199,06:13:32.199,xt,BTC/USDT:USDT,118824.8,40945.0,118824.5,4440.0,118825.1,63261.0,118825.4,3904.0
1753769612472,06:13:32.472,xt,BTC/USDT:USDT,118824.8,60304.0,118824.5,3613.0,118825.1,134859.0,118825.3,1059.0
1753769612491,06:13:32.491,xt,BTC/USDT:USDT,118824.8,80544.0,118824.6,4260.0,118825.1,144476.0,118825.4,2613.0
1753769612759,06:13:32.759,xt,BTC/USDT:USDT,118824.8,105861.0,118824.6,82.0,118825.1,72084.0,118825.3,3262.0
1753769612844,06:13:32.844,xt,BTC/USDT:USDT,118824.8,111672.0,118824.5,1688.0,118825.1,44887.0,118825.3,1998.0
1753769612795,06:13:32.795,xt,BTC/USDT:USDT,118824.8,47118.0,118824.6,2465.0,118825.1,36843.0,118825.4,741.0
1753769613176,06:13:33.176,xt,BTC/USDT:USDT,118824.8,80088.0,118824.6,3728.0,118825.1,114196.0,118825.4,2973.0
1753769613159,06:13:33.159,xt,BTC/USDT:USDT,118824.8,75041.0,118824.5,3769.0,118825.1,43695.0,118825.3,1690.0
1753769613278,06:13:33.278,xt,BTC/USDT:USDT,118824.8,67398.0,118824.5,1329.0,118825.1,43916.0,118825.3,3820.0
1753769613560,06:13:33.560,xt,BTC/USDT:USDT,118824.8,62209.0,118824.5,2749.0,118825.1,108318.0,118825.4,2087.0
1753769613545,06:13:33.545,xt,BTC/USDT:USDT,118824.8,31189.0,118824.5,1181.0,118825.1,155688.0,118825.4,3647.0
1753769613764,06:13:33.764,xt,BTC/USDT:USDT,118824.8,155394.0,118824.6,2491.0,118825.1,56322.0,118825.4,1692.0
1753769613974,06:13:33.974,xt,BTC/USDT:USDT,118824.8,24813.0,118824.5,1564.0,118825.1,107615.0,118825.3,3604.0
1753769614052,06:13:34.052,xt,BTC/USDT:USDT,118824.8,110887.0,118824.5,290.0,118825.1,31524.0,118825.3,2130.0
1753769614206,06:13:34.206,xt,BTC/USDT:USDT,118824.8,75516.0,118824.6,2005.0,118825.1,73034.0,118825.3,1615.0
1753769614350,06:13:34.350,xt,BTC/USDT:USDT,118824.8,40922.0,118824.5,3796.0,118825.1,45003.0,118825.3,2829.0
1753769614365,06:13:34.365,xt,BTC/USDT:USDT,118824.8,88653.0,118824.5,2764.0,118825.1,86049.0,118825.4,745.0
1753769614481,06:13:34.481,xt,BTC/USDT:USDT,118824.8,55929.0,118824.5,1202.0,118825.1,121390.0,118825.4,1671.0
1753769614748,06:13:34.748,xt,BTC/USDT:USDT,118818.6,43687.0,118818.3,4549.0,118818.9,89442.0,118819.1,37.0
1753769614715,06:13:34.715,xt,BTC/USDT:USDT,118814.7,91054.0,118814.5,1315.0,118815.0,48661.0,118815.1,3753.0
1753769614835,06:13:34.835,xt,BTC/USDT:USDT,118814.7,30319.0,118814.6,3285.0,118815.0,129468.0,118815.1,2240.0
1753769615021,06:13:35.021,xt,BTC/USDT:USDT,118814.7,147565.0,118814.5,253.0,118815.0,152275.0,118815.1,311.0
1753769615071,06:13:35.071,xt,BTC/USDT:USDT,118814.7,117498.0,118814.5,1728.0,118815.0,49369.0,118815.2,2403.0
1753769615232,06:13:35.232,xt,BTC/USDT:USDT,118814.7,74203.0,118814.6,3593.0,118815.0,128812.0,118815.2,2229.0
1753769615430,06:13:35.430,xt,BTC/USDT:USDT,118814.7,94479.0,118814.6,910.0,118815.0,74685.0,118815.2,1252.0
1753769615554,06:13:35.554,xt,BTC/USDT:USDT,118814.7,118013.0,118814.6,3048.0,118815.0,152480.0,118815.1,1562.0
1753769615671,06:13:35.671,xt,BTC/USDT:USDT,118814.7,122960.0,118814.5,1240.0,118815.0,131333.0,118815.2,4030.0
1753769615808,06:13:35.808,xt,BTC/USDT:USDT,118814.7,55638.0,118814.5,2796.0,118815.0,96854.0,118815.1,2738.0
1753769616069,06:13:36.069,xt,BTC/USDT:USDT,118814.7,22845.0,118814.6,1739.0,118815.0,107559.0,118815.2,4456.0
1753769616067,06:13:36.067,xt,BTC/USDT:USDT,118814.7,123973.0,118814.5,1846.0,118815.0,73859.0,118815.1,4051.0
1753769616160,06:13:36.160,xt,BTC/USDT:USDT,118814.7,152418.0,118814.5,3718.0,118815.0,102100.0,118815.1,1689.0
1753769616457,06:13:36.457,xt,BTC/USDT:USDT,118814.7,105607.0,118814.5,1518.0,118815.0,39530.0,118815.1,1146.0
1753769616566,06:13:36.566,xt,BTC/USDT:USDT,118814.7,103085.0,118814.6,3717.0,118815.0,34236.0,118815.1,2927.0
1753769616509,06:13:36.509,xt,BTC/USDT:USDT,118814.7,94423.0,118814.5,2391.0,118815.0,39535.0,118815.2,289.0
1753769616693,06:13:36.693,xt,BTC/USDT:USDT,118814.7,53533.0,118814.5,2086.0,118815.0,122192.0,118815.1,2003.0
1753769616959,06:13:36.959,xt,BTC/USDT:USDT,118814.7,70803.0,118814.6,1324.0,118815.0,115071.0,118815.1,2681.0
1753769616908,06:13:36.908,xt,BTC/USDT:USDT,118814.7,23088.0,118814.6,2861.0,118815.0,133677.0,118815.1,439.0
1753769617262,06:13:37.262,xt,BTC/USDT:USDT,118814.7,92071.0,118814.6,4026.0,118815.0,124937.0,118815.1,1205.0
1753769617236,06:13:37.236,xt,BTC/USDT:USDT,118814.7,135169.0,118814.5,4336.0,118815.0,35060.0,118815.2,1337.0
1753769617353,06:13:37.353,xt,BTC/USDT:USDT,118814.7,141390.0,118814.5,1357.0,118815.0,147278.0,118815.1,3214.0
1753769617691,06:13:37.691,xt,BTC/USDT:USDT,118814.7,112728.0,118814.6,1615.0,118815.0,63263.0,118815.1,894.0
1753769617755,06:13:37.755,xt,BTC/USDT:USDT,118814.7,48282.0,118814.6,2160.0,118815.0,80291.0,118815.1,4288.0
1753769617853,06:13:37.853,xt,BTC/USDT:USDT,118814.7,105026.0,118814.5,4013.0,118815.0,124385.0,118815.1,259.0
1753769617838,06:13:37.838,xt,BTC/USDT:USDT,118814.7,110308.0,118814.6,4172.0,118815.0,123747.0,118815.1,745.0
1753769618162,06:13:38.162,xt,BTC/USDT:USDT,118814.7,95467.0,118814.6,3416.0,118815.0,56982.0,118815.2,3010.0
1753769618275,06:13:38.275,xt,BTC/USDT:USDT,118814.7,76435.0,118814.5,607.0,118815.0,155684.0,118815.2,3169.0
1753769618317,06:13:38.317,xt,BTC/USDT:USDT,118814.7,101282.0,118814.5,3959.0,118815.0,23247.0,118815.1,3982.0
1753769618436,06:13:38.436,xt,BTC/USDT:USDT,118814.7,22172.0,118814.5,2837.0,118815.0,69464.0,118815.2,648.0
1753769618564,06:13:38.564,xt,BTC/USDT:USDT,118814.7,54738.0,118814.5,1063.0,118815.0,77669.0,118815.1,1065.0
1753769618675,06:13:38.675,xt,BTC/USDT:USDT,118814.7,152389.0,118814.6,1439.0,118815.0,35874.0,118815.1,808.0
1753769618964,06:13:38.964,xt,BTC/USDT:USDT,118814.7,143599.0,118814.6,1818.0,118815.0,127897.0,118815.1,2022.0
1753769619048,06:13:39.048,xt,BTC/USDT:USDT,118814.7,146943.0,118814.6,4306.0,118815.0,71273.0,118815.1,4245.0
1753769619029,06:13:39.029,xt,BTC/USDT:USDT,118814.7,55283.0,118814.5,1101.0,118815.0,23120.0,118815.1,2880.0
1753769619147,06:13:39.147,xt,BTC/USDT:USDT,118814.7,36345.0,118814.5,1462.0,118815.0,135176.0,118815.2,1685.0
1753769619472,06:13:39.472,xt,BTC/USDT:USDT,118814.7,45624.0,118814.6,1845.0,118815.0,22024.0,118815.1,461.0
1753769619564,06:13:39.564,xt,BTC/USDT:USDT,118814.7,71986.0,118814.5,2016.0,118815.0,124619.0,118815.1,174.0
1753769619519,06:13:39.519,xt,BTC/USDT:USDT,118814.7,103460.0,118814.5,1131.0,118815.0,42706.0,118815.1,3089.0
1753769619846,06:13:39.846,xt,BTC/USDT:USDT,118814.7,86577.0,118814.5,1395.0,118815.0,113144.0,118815.2,4628.0
1753769619847,06:13:39.847,xt,BTC/USDT:USDT,118814.7,23347.0,118814.5,3075.0,118815.0,59279.0,118815.2,234.0
1753769620057,06:13:40.057,xt,BTC/USDT:USDT,118814.7,46853.0,118814.5,3728.0,118815.0,22752.0,118815.2,2266.0
1753769620116,06:13:40.116,xt,BTC/USDT:USDT,118814.7,109561.0,118814.5,4619.0,118815.0,92077.0,118815.1,401.0
1753769620258,06:13:40.258,xt,BTC/USDT:USDT,118814.7,121079.0,118814.5,2165.0,118815.0,65528.0,118815.1,2228.0
1753769620359,06:13:40.359,xt,BTC/USDT:USDT,118814.7,127786.0,118814.6,1537.0,118815.0,38529.0,118815.1,2268.0
1753769620691,06:13:40.691,xt,BTC/USDT:USDT,118814.7,78610.0,118814.5,1252.0,118815.0,84031.0,118815.2,2754.0
1753769620688,06:13:40.688,xt,BTC/USDT:USDT,118814.7,40779.0,118814.5,4499.0,118815.0,89089.0,118815.1,956.0
1753769620979,06:13:40.979,xt,BTC/USDT:USDT,118814.7,140327.0,118814.5,3390.0,118815.0,76720.0,118815.2,3990.0
1753769620955,06:13:40.955,xt,BTC/USDT:USDT,118814.7,114744.0,118814.5,1693.0,118815.0,110024.0,118815.2,2211.0
1753769621197,06:13:41.197,xt,BTC/USDT:USDT,118814.7,51266.0,118814.5,2665.0,118815.0,78798.0,118815.2,3520.0
1753769621456,06:13:41.456,xt,BTC/USDT:USDT,118814.7,92214.0,118814.6,3814.0,118815.0,125873.0,118815.2,3286.0
1753769621692,06:13:41.692,xt,BTC/USDT:USDT,118814.7,38456.0,118814.5,2515.0,118815.0,60066.0,118815.1,771.0
1753769621752,06:13:41.752,xt,BTC/USDT:USDT,118814.7,63843.0,118814.5,3754.0,118815.0,72614.0,118815.2,3800.0
1753769621792,06:13:41.792,xt,BTC/USDT:USDT,118814.7,51604.0,118814.6,3989.0,118815.0,116468.0,118815.1,67.0
1753769621915,06:13:41.915,xt,BTC/USDT:USDT,118814.7,126528.0,118814.5,1971.0,118815.0,155912.0,118815.2,4200.0
1753769622040,06:13:42.040,xt,BTC/USDT:USDT,118814.7,28527.0,118814.5,4340.0,118815.0,148389.0,118815.2,3153.0
1753769622353,06:13:42.353,xt,BTC/USDT:USDT,118814.7,115942.0,118814.6,2813.0,118815.0,37228.0,118815.1,1231.0
1753769622276,06:13:42.276,xt,BTC/USDT:USDT,118814.7,52231.0,118814.6,338.0,118815.0,67089.0,118815.1,2835.0
1753769622401,06:13:42.401,xt,BTC/USDT:USDT,118814.7,101022.0,118814.6,1035.0,118815.0,140703.0,118815.1,622.0
1753769622570,06:13:42.570,xt,BTC/USDT:USDT,118814.7,56284.0,118814.5,601.0,118815.0,98541.0,118815.1,3808.0
1753769622854,06:13:42.854,xt,BTC/USDT:USDT,118814.7,130054.0,118814.5,2060.0,118815.0,21161.0,118815.1,4375.0
1753769622786,06:13:42.786,xt,BTC/USDT:USDT,118814.7,22748.0,118814.5,1578.0,118815.0,90613.0,118815.2,1198.0
1753769622992,06:13:42.992,xt,BTC/USDT:USDT,118814.7,120743.0,118814.6,3532.0,118815.0,47014.0,118815.1,1708.0
1753769623118,06:13:43.118,xt,BTC/USDT:USDT,118814.7,23620.0,118814.6,701.0,118815.0,94824.0,118815.1,3696.0
1753769623360,06:13:43.360,xt,BTC/USDT:USDT,118814.7,144085.0,118814.5,2454.0,118815.0,58270.0,118815.2,441.0
1753769623558,06:13:43.558,xt,BTC/USDT:USDT,118814.7,123858.0,118814.6,1177.0,118815.0,35226.0,118815.2,3037.0
1753769623483,06:13:43.483,xt,BTC/USDT:USDT,118814.7,76624.0,118814.5,1495.0,118815.0,124714.0,118815.2,3352.0
1753769623633,06:13:43.633,xt,BTC/USDT:USDT,118814.7,25452.0,118814.5,4304.0,118815.0,56106.0,118815.2,404.0
1753769623854,06:13:43.854,xt,BTC/USDT:USDT,118814.7,37268.0,118814.6,1014.0,118815.0,155965.0,118815.2,309.0
1753769624046,06:13:44.046,xt,BTC/USDT:USDT,118814.7,153017.0,118814.6,2425.0,118815.0,27262.0,118815.2,3036.0
1753769623953,06:13:43.953,xt,BTC/USDT:USDT,118814.7,26304.0,118814.5,1909.0,118815.0,60048.0,118815.1,677.0
1753769624310,06:13:44.310,xt,BTC/USDT:USDT,118814.7,124386.0,118814.6,2875.0,118815.0,73092.0,118815.2,2946.0
1753769624408,06:13:44.408,xt,BTC/USDT:USDT,118814.7,63245.0,118814.6,3966.0,118815.0,58287.0,118815.2,163.0
1753769624524,06:13:44.524,xt,BTC/USDT:USDT,118814.7,125923.0,118814.5,1143.0,118815.0,62165.0,118815.2,2177.0
1753769624681,06:13:44.681,xt,BTC/USDT:USDT,118814.7,32185.0,118814.6,3927.0,118815.0,98505.0,118815.2,4071.0
1753769624768,06:13:44.768,xt,BTC/USDT:USDT,118814.7,98997.0,118814.5,559.0,118815.0,156059.0,118815.2,2853.0
1753769625056,06:13:45.056,xt,BTC/USDT:USDT,118814.7,77264.0,118814.6,3662.0,118815.0,114110.0,118815.1,273.0
1753769625090,06:13:45.090,xt,BTC/USDT:USDT,118814.7,132520.0,118814.6,3177.0,118815.0,145185.0,118815.1,4477.0
1753769625251,06:13:45.251,xt,BTC/USDT:USDT,118814.7,116213.0,118814.5,4420.0,118815.0,41794.0,118815.2,3110.0
1753769625363,06:13:45.363,xt,BTC/USDT:USDT,118814.7,132541.0,118814.6,2325.0,118815.0,106618.0,118815.1,1758.0
1753769625512,06:13:45.512,xt,BTC/USDT:USDT,118814.7,129250.0,118814.5,4056.0,118815.0,129644.0,118815.1,533.0
1753769625603,06:13:45.603,xt,BTC/USDT:USDT,118814.7,95431.0,118814.5,1698.0,118815.0,82931.0,118815.1,3162.0
1753769625960,06:13:45.960,xt,BTC/USDT:USDT,118814.7,54391.0,118814.6,3578.0,118815.0,83900.0,118815.2,779.0
1753769625852,06:13:45.852,xt,BTC/USDT:USDT,118814.7,53042.0,118814.6,909.0,118815.0,44758.0,118815.1,23.0
1753769625960,06:13:45.960,xt,BTC/USDT:USDT,118814.7,72439.0,118814.5,3029.0,118815.0,105941.0,118815.2,1687.0
1753769626151,06:13:46.151,xt,BTC/USDT:USDT,118814.7,125809.0,118814.5,2425.0,118815.0,94025.0,118815.2,4064.0
1753769626478,06:13:46.478,xt,BTC/USDT:USDT,118814.7,148305.0,118814.6,529.0,118815.0,119276.0,118815.1,1470.0
1753769626351,06:13:46.351,xt,BTC/USDT:USDT,118814.7,40772.0,118814.6,505.0,118815.0,53199.0,118815.2,1218.0
1753769626560,06:13:46.560,xt,BTC/USDT:USDT,118814.7,61912.0,118814.6,4008.0,118815.0,133680.0,118815.1,762.0
1753769626762,06:13:46.762,xt,BTC/USDT:USDT,118814.7,61912.0,118814.6,4008.0,118815.0,133680.0,118815.1,762.0
1753769626948,06:13:46.948,xt,BTC/USDT:USDT,118814.7,144033.0,118814.6,4619.0,118815.0,104048.0,118815.1,3710.0
1753769626920,06:13:46.920,xt,BTC/USDT:USDT,118814.7,140693.0,118814.6,4080.0,118815.0,79855.0,118815.1,240.0
1753769627042,06:13:47.042,xt,BTC/USDT:USDT,118814.7,57994.0,118814.5,3264.0,118815.0,69006.0,118815.2,4606.0
1753769627351,06:13:47.351,xt,BTC/USDT:USDT,118814.7,146704.0,118814.5,1879.0,118815.0,141468.0,118815.1,2693.0
1753769627287,06:13:47.287,xt,BTC/USDT:USDT,118814.7,73904.0,118814.6,3826.0,118815.0,144664.0,118815.1,3966.0
1753769627405,06:13:47.405,xt,BTC/USDT:USDT,118814.7,22244.0,118814.5,4473.0,118815.0,110483.0,118815.1,2655.0
1753769627526,06:13:47.526,xt,BTC/USDT:USDT,118814.7,29850.0,118814.6,3848.0,118815.0,106869.0,118815.1,3518.0
1753769627853,06:13:47.853,xt,BTC/USDT:USDT,118814.7,129852.0,118814.6,744.0,118815.0,69759.0,118815.2,165.0
1753769627830,06:13:47.830,xt,BTC/USDT:USDT,118814.7,147155.0,118814.5,4308.0,118815.0,143785.0,118815.2,1953.0
1753769628055,06:13:48.055,xt,BTC/USDT:USDT,118814.7,146922.0,118814.5,2288.0,118815.0,125199.0,118815.1,3723.0
1753769628293,06:13:48.293,xt,BTC/USDT:USDT,118814.7,138961.0,118814.6,1549.0,118815.0,77256.0,118815.1,3355.0
1753769628240,06:13:48.240,xt,BTC/USDT:USDT,118814.7,83354.0,118814.5,405.0,118815.0,76518.0,118815.1,2377.0
1753769628363,06:13:48.363,xt,BTC/USDT:USDT,118814.7,63878.0,118814.5,2016.0,118815.0,101950.0,118815.1,1077.0
1753769628764,06:13:48.764,xt,BTC/USDT:USDT,118814.7,84417.0,118814.5,4467.0,118815.0,81555.0,118815.1,1752.0
1753769628725,06:13:48.725,xt,BTC/USDT:USDT,118814.7,121797.0,118814.6,1137.0,118815.0,46338.0,118815.2,965.0
1753769628849,06:13:48.849,xt,BTC/USDT:USDT,118814.7,139130.0,118814.5,2412.0,118815.0,127486.0,118815.1,2355.0
1753769628967,06:13:48.967,xt,BTC/USDT:USDT,118814.7,113325.0,118814.5,3530.0,118815.0,37642.0,118815.1,2517.0
1753769629288,06:13:49.288,xt,BTC/USDT:USDT,118814.7,70718.0,118814.6,1199.0,118815.0,146822.0,118815.2,3066.0
1753769629361,06:13:49.361,xt,BTC/USDT:USDT,118814.7,61349.0,118814.5,179.0,118815.0,102859.0,118815.2,626.0
1753769629325,06:13:49.325,xt,BTC/USDT:USDT,118814.7,87999.0,118814.6,4597.0,118815.0,93572.0,118815.2,359.0
1753769629694,06:13:49.694,xt,BTC/USDT:USDT,118814.7,120585.0,118814.5,600.0,118815.0,110419.0,118815.2,3133.0
1753769629752,06:13:49.752,xt,BTC/USDT:USDT,118814.7,126706.0,118814.5,4074.0,118815.0,92459.0,118815.2,3398.0
1753769629745,06:13:49.745,xt,BTC/USDT:USDT,118814.7,94702.0,118814.5,530.0,118815.0,121710.0,118815.1,2198.0
1753769630068,06:13:50.068,xt,BTC/USDT:USDT,118814.7,110750.0,118814.5,1173.0,118815.0,127344.0,118815.1,2969.0
1753769630051,06:13:50.051,xt,BTC/USDT:USDT,118814.7,110368.0,118814.5,1859.0,118815.0,91180.0,118815.2,798.0
1753769630151,06:13:50.151,xt,BTC/USDT:USDT,118814.7,75522.0,118814.6,1014.0,118815.0,70889.0,118815.1,2680.0
1753769630475,06:13:50.475,xt,BTC/USDT:USDT,118814.7,32303.0,118814.5,373.0,118815.0,83314.0,118815.2,4148.0
1753769630372,06:13:50.372,xt,BTC/USDT:USDT,118814.7,152062.0,118814.5,2229.0,118815.0,37727.0,118815.2,1343.0
1753769630581,06:13:50.581,xt,BTC/USDT:USDT,118814.7,72069.0,118814.6,3137.0,118815.0,125753.0,118815.2,1103.0
1753769630869,06:13:50.869,xt,BTC/USDT:USDT,118814.7,36636.0,118814.5,3047.0,118815.0,21910.0,118815.2,2789.0
1753769630859,06:13:50.859,xt,BTC/USDT:USDT,118814.7,153271.0,118814.6,980.0,118815.0,33237.0,118815.1,774.0
1753769630978,06:13:50.978,xt,BTC/USDT:USDT,118814.7,70152.0,118814.5,1621.0,118815.0,22715.0,118815.1,3910.0
1753769631290,06:13:51.290,xt,BTC/USDT:USDT,118814.7,94002.0,118814.6,4462.0,118815.0,142844.0,118815.1,765.0
1753769631208,06:13:51.208,xt,BTC/USDT:USDT,118814.7,53820.0,118814.5,3715.0,118815.0,30113.0,118815.1,878.0
1753769631307,06:13:51.307,xt,BTC/USDT:USDT,118814.7,75813.0,118814.6,1156.0,118815.0,149230.0,118815.1,60.0
1753769631542,06:13:51.542,xt,BTC/USDT:USDT,118814.7,133263.0,118814.5,368.0,118815.0,59123.0,118815.2,1244.0
1753769631666,06:13:51.666,xt,BTC/USDT:USDT,118814.7,26601.0,118814.5,171.0,118815.0,57817.0,118815.2,2949.0
1753769631784,06:13:51.784,xt,BTC/USDT:USDT,118814.7,112849.0,118814.6,3002.0,118815.0,99307.0,118815.1,2175.0
1753769632051,06:13:52.051,xt,BTC/USDT:USDT,118814.7,44516.0,118814.6,4609.0,118815.0,113599.0,118815.2,3807.0
1753769632049,06:13:52.049,xt,BTC/USDT:USDT,118814.7,45209.0,118814.6,2600.0,118815.0,39311.0,118815.2,1437.0
1753769632354,06:13:52.354,xt,BTC/USDT:USDT,118814.7,130584.0,118814.6,1997.0,118815.0,97787.0,118815.2,1930.0
1753769632450,06:13:52.450,xt,BTC/USDT:USDT,118814.7,42796.0,118814.5,4364.0,118815.0,113058.0,118815.1,4067.0
1753769632691,06:13:52.691,xt,BTC/USDT:USDT,118814.7,148979.0,118814.6,699.0,118815.0,143152.0,118815.1,4508.0
1753769632634,06:13:52.634,xt,BTC/USDT:USDT,118814.7,53216.0,118814.6,3100.0,118815.0,63140.0,118815.2,1795.0
1753769632751,06:13:52.751,xt,BTC/USDT:USDT,118814.7,22289.0,118814.6,3270.0,118815.0,135146.0,118815.2,4488.0
1753769632894,06:13:52.894,xt,BTC/USDT:USDT,118814.7,126538.0,118814.5,2240.0,118815.0,58545.0,118815.2,129.0
1753769632986,06:13:52.986,xt,BTC/USDT:USDT,118814.7,42313.0,118814.5,1897.0,118815.0,60635.0,118815.2,1992.0
1753769633287,06:13:53.287,xt,BTC/USDT:USDT,118814.7,61688.0,118814.5,3238.0,118815.0,22365.0,118815.1,1868.0
1753769633225,06:13:53.225,xt,BTC/USDT:USDT,118814.7,105270.0,118814.6,43.0,118815.0,87552.0,118815.2,2466.0
1753769633344,06:13:53.344,xt,BTC/USDT:USDT,118814.7,59493.0,118814.6,3757.0,118815.0,137216.0,118815.2,1941.0
1753769633699,06:13:53.699,xt,BTC/USDT:USDT,118814.7,22179.0,118814.5,1905.0,118815.0,150757.0,118815.1,597.0
1753769633703,06:13:53.703,xt,BTC/USDT:USDT,118814.7,73217.0,118814.5,2413.0,118815.0,118803.0,118815.1,3020.0
1753769633956,06:13:53.956,xt,BTC/USDT:USDT,118814.7,76220.0,118814.5,225.0,118815.0,135823.0,118815.1,3593.0
1753769633954,06:13:53.954,xt,BTC/USDT:USDT,118814.7,84715.0,118814.5,369.0,118815.0,91605.0,118815.2,3093.0
1753769634066,06:13:54.066,xt,BTC/USDT:USDT,118814.7,40358.0,118814.5,2853.0,118815.0,152368.0,118815.1,1222.0
1753769634194,06:13:54.194,xt,BTC/USDT:USDT,118814.7,108485.0,118814.6,3439.0,118815.0,117316.0,118815.1,2245.0
1753769634306,06:13:54.306,xt,BTC/USDT:USDT,118814.7,116988.0,118814.5,2010.0,118815.0,57606.0,118815.2,1846.0
1753769634557,06:13:54.557,xt,BTC/USDT:USDT,118814.7,73170.0,118814.5,3916.0,118815.0,121792.0,118815.1,4512.0
1753769634575,06:13:54.575,xt,BTC/USDT:USDT,118814.7,78175.0,118814.5,4528.0,118815.0,69511.0,118815.2,4631.0
1753769634852,06:13:54.852,xt,BTC/USDT:USDT,118814.7,131710.0,118814.5,2172.0,118815.0,28754.0,118815.1,3114.0
1753769634951,06:13:54.951,xt,BTC/USDT:USDT,118814.7,64573.0,118814.6,4313.0,118815.0,122791.0,118815.1,755.0
1753769634909,06:13:54.909,xt,BTC/USDT:USDT,118814.7,90154.0,118814.5,3251.0,118815.0,102132.0,118815.1,165.0
1753769635023,06:13:55.023,xt,BTC/USDT:USDT,118814.7,141829.0,118814.5,3499.0,118815.0,131273.0,118815.1,2913.0
1753769635207,06:13:55.207,xt,BTC/USDT:USDT,118814.7,67482.0,118814.5,2197.0,118815.0,38034.0,118815.1,1236.0
1753769635379,06:13:55.379,xt,BTC/USDT:USDT,118814.7,55279.0,118814.5,2108.0,118815.0,104706.0,118815.2,4573.0
1753769635686,06:13:55.686,xt,BTC/USDT:USDT,118814.7,42475.0,118814.5,4454.0,118815.0,96637.0,118815.2,2497.0
1753769635746,06:13:55.746,xt,BTC/USDT:USDT,118814.7,53700.0,118814.5,3774.0,118815.0,102087.0,118815.1,957.0
1753769635857,06:13:55.857,xt,BTC/USDT:USDT,118814.7,88831.0,118814.5,87.0,118815.0,104545.0,118815.2,2277.0
1753769635862,06:13:55.862,xt,BTC/USDT:USDT,118814.7,134564.0,118814.6,767.0,118815.0,85954.0,118815.1,1545.0
1753769635987,06:13:55.987,xt,BTC/USDT:USDT,118814.7,155389.0,118814.6,4489.0,118815.0,92703.0,118815.1,2516.0
1753769636107,06:13:56.107,xt,BTC/USDT:USDT,118814.7,25542.0,118814.6,692.0,118815.0,114409.0,118815.1,1734.0
1753769636256,06:13:56.256,xt,BTC/USDT:USDT,118814.7,155966.0,118814.5,3158.0,118815.0,140376.0,118815.1,656.0
1753769636559,06:13:56.559,xt,BTC/USDT:USDT,118816.0,105101.0,118815.7,3110.0,118816.3,25336.0,118816.6,2143.0
1753769636694,06:13:56.694,xt,BTC/USDT:USDT,118821.9,57686.0,118821.8,1945.0,118822.2,64213.0,118822.3,3788.0
1753769636673,06:13:56.673,xt,BTC/USDT:USDT,118821.9,43149.0,118821.7,3542.0,118822.2,61755.0,118822.4,1553.0
1753769636821,06:13:56.821,xt,BTC/USDT:USDT,118821.9,117244.0,118821.8,374.0,118822.2,89296.0,118822.3,1109.0
1753769637055,06:13:57.055,xt,BTC/USDT:USDT,118821.9,98947.0,118821.8,654.0,118822.2,57401.0,118822.3,2840.0
1753769637068,06:13:57.068,xt,BTC/USDT:USDT,118821.9,75552.0,118821.7,2222.0,118822.2,25980.0,118822.3,3208.0
1753769637186,06:13:57.186,xt,BTC/USDT:USDT,118821.9,76932.0,118821.7,1052.0,118822.2,45722.0,118822.4,1632.0
1753769637448,06:13:57.448,xt,BTC/USDT:USDT,118821.9,132168.0,118821.8,2643.0,118822.2,112204.0,118822.4,3728.0
1753769637558,06:13:57.558,xt,BTC/USDT:USDT,118821.9,73769.0,118821.8,3766.0,118822.2,139719.0,118822.3,4600.0
1753769637750,06:13:57.750,xt,BTC/USDT:USDT,118821.9,73422.0,118821.8,762.0,118822.2,115899.0,118822.3,304.0
1753769637849,06:13:57.849,xt,BTC/USDT:USDT,118821.9,24749.0,118821.8,4213.0,118822.2,51756.0,118822.4,2930.0
1753769637943,06:13:57.943,xt,BTC/USDT:USDT,118821.9,146463.0,118821.8,1453.0,118822.2,92727.0,118822.4,2407.0
1753769637940,06:13:57.940,xt,BTC/USDT:USDT,118821.9,75606.0,118821.8,3307.0,118822.2,46766.0,118822.4,3957.0
1753769638292,06:13:58.292,xt,BTC/USDT:USDT,118821.9,52843.0,118821.8,4365.0,118822.2,74029.0,118822.4,1798.0
1753769638453,06:13:58.453,xt,BTC/USDT:USDT,118821.9,103196.0,118821.8,415.0,118822.2,77123.0,118822.3,4251.0
1753769638576,06:13:58.576,xt,BTC/USDT:USDT,118821.9,67241.0,118821.8,3890.0,118822.2,85691.0,118822.4,854.0
1753769638685,06:13:58.685,xt,BTC/USDT:USDT,118821.9,42885.0,118821.8,417.0,118822.2,129979.0,118822.3,4518.0
1753769638864,06:13:58.864,xt,BTC/USDT:USDT,118821.9,74407.0,118821.8,1300.0,118822.2,29425.0,118822.3,4247.0
1753769638772,06:13:58.772,xt,BTC/USDT:USDT,118821.9,60703.0,118821.8,1734.0,118822.2,36759.0,118822.3,1770.0
1753769638867,06:13:58.867,xt,BTC/USDT:USDT,118821.9,82132.0,118821.8,508.0,118822.2,110472.0,118822.4,2710.0
1753769639188,06:13:59.188,xt,BTC/USDT:USDT,118821.9,35373.0,118821.8,3107.0,118822.2,24069.0,118822.3,1688.0
1753769639191,06:13:59.191,xt,BTC/USDT:USDT,118821.9,57032.0,118821.7,1592.0,118822.2,109074.0,118822.3,622.0
1753769639225,06:13:59.225,xt,BTC/USDT:USDT,118821.9,40051.0,118821.7,3710.0,118822.2,97924.0,118822.3,2872.0
1753769639556,06:13:59.556,xt,BTC/USDT:USDT,118821.9,80280.0,118821.7,4061.0,118822.2,43252.0,118822.3,4116.0
1753769639695,06:13:59.695,xt,BTC/USDT:USDT,118821.9,85589.0,118821.8,3649.0,118822.2,121452.0,118822.4,1312.0
1753769639705,06:13:59.705,xt,BTC/USDT:USDT,118821.9,65699.0,118821.7,4484.0,118822.2,95996.0,118822.4,3819.0
1753769639823,06:13:59.823,xt,BTC/USDT:USDT,118821.9,32697.0,118821.7,727.0,118822.2,57619.0,118822.4,219.0
1753769640060,06:14:00.060,xt,BTC/USDT:USDT,118821.9,148557.0,118821.7,2343.0,118822.2,92483.0,118822.4,2928.0
1753769640073,06:14:00.073,xt,BTC/USDT:USDT,118821.9,31724.0,118821.8,3664.0,118822.2,46340.0,118822.3,1987.0
1753769640181,06:14:00.181,xt,BTC/USDT:USDT,118821.9,80351.0,118821.8,2052.0,118822.2,64929.0,118822.4,1164.0
1753769640450,06:14:00.450,xt,BTC/USDT:USDT,118821.9,85045.0,118821.7,4031.0,118822.2,48413.0,118822.3,58.0
1753769640457,06:14:00.457,xt,BTC/USDT:USDT,118821.9,149095.0,118821.8,383.0,118822.2,67608.0,118822.3,3531.0
1753769640746,06:14:00.746,xt,BTC/USDT:USDT,118821.9,31112.0,118821.7,2092.0,118822.2,67019.0,118822.4,1577.0
1753769640667,06:14:00.667,xt,BTC/USDT:USDT,118821.9,116586.0,118821.7,426.0,118822.2,24916.0,118822.3,2958.0
1753769640783,06:14:00.783,xt,BTC/USDT:USDT,118821.9,136161.0,118821.7,1716.0,118822.2,118883.0,118822.3,1594.0
1753769640895,06:14:00.895,xt,BTC/USDT:USDT,118821.9,29527.0,118821.8,3039.0,118822.2,34372.0,118822.3,4567.0
1753769641113,06:14:01.113,xt,BTC/USDT:USDT,118821.9,42275.0,118821.7,2448.0,118822.2,129858.0,118822.4,2167.0
1753769641239,06:14:01.239,xt,BTC/USDT:USDT,118821.9,92675.0,118821.8,949.0,118822.2,149905.0,118822.3,119.0
1753769641360,06:14:01.360,xt,BTC/USDT:USDT,118821.9,86596.0,118821.7,1556.0,118822.2,43511.0,118822.3,685.0
1753769641503,06:14:01.503,xt,BTC/USDT:USDT,118821.9,153541.0,118821.8,2121.0,118822.2,88459.0,118822.4,3046.0
1753769641752,06:14:01.752,xt,BTC/USDT:USDT,118821.9,127550.0,118821.7,1219.0,118822.2,69953.0,118822.4,3193.0
1753769641866,06:14:01.866,xt,BTC/USDT:USDT,118821.9,42243.0,118821.8,2904.0,118822.2,143881.0,118822.3,1643.0
1753769641834,06:14:01.834,xt,BTC/USDT:USDT,118821.9,51149.0,118821.8,329.0,118822.2,81020.0,118822.3,4560.0
1753769641952,06:14:01.952,xt,BTC/USDT:USDT,118821.9,84223.0,118821.7,2906.0,118822.2,70578.0,118822.4,85.0
1753769642148,06:14:02.148,xt,BTC/USDT:USDT,118821.9,42436.0,118821.7,281.0,118822.2,24030.0,118822.4,4194.0
1753769642347,06:14:02.347,xt,BTC/USDT:USDT,118821.9,129968.0,118821.8,2472.0,118822.2,66082.0,118822.4,2545.0
1753769642349,06:14:02.349,xt,BTC/USDT:USDT,118821.9,36547.0,118821.7,4293.0,118822.2,41608.0,118822.3,920.0
1753769642668,06:14:02.668,xt,BTC/USDT:USDT,118821.9,115035.0,118821.8,2195.0,118822.2,27405.0,118822.4,2175.0
1753769642793,06:14:02.793,xt,BTC/USDT:USDT,118821.9,127129.0,118821.8,4616.0,118822.2,28091.0,118822.4,3921.0
1753769643053,06:14:03.053,xt,BTC/USDT:USDT,118821.9,112574.0,118821.7,576.0,118822.2,138785.0,118822.3,962.0
1753769643168,06:14:03.168,xt,BTC/USDT:USDT,118821.9,114001.0,118821.8,3326.0,118822.2,133573.0,118822.4,678.0
1753769643184,06:14:03.184,xt,BTC/USDT:USDT,118821.9,79309.0,118821.7,2951.0,118822.2,94053.0,118822.4,354.0
1753769643270,06:14:03.270,xt,BTC/USDT:USDT,118821.9,98506.0,118821.7,739.0,118822.2,81155.0,118822.3,825.0
1753769643396,06:14:03.396,xt,BTC/USDT:USDT,118821.9,85892.0,118821.8,3055.0,118822.2,118202.0,118822.3,341.0
1753769643693,06:14:03.693,xt,BTC/USDT:USDT,118821.9,94542.0,118821.7,2287.0,118822.2,113396.0,118822.4,1233.0
1753769643855,06:14:03.855,xt,BTC/USDT:USDT,118821.9,118278.0,118821.8,751.0,118822.2,141258.0,118822.4,4194.0
1753769643815,06:14:03.815,xt,BTC/USDT:USDT,118821.9,36155.0,118821.8,1732.0,118822.2,67392.0,118822.3,3130.0
1753769643871,06:14:03.871,xt,BTC/USDT:USDT,118821.9,74858.0,118821.7,1436.0,118822.2,74138.0,118822.4,1648.0
1753769644087,06:14:04.087,xt,BTC/USDT:USDT,118821.9,37729.0,118821.7,3618.0,118822.2,62547.0,118822.4,3700.0
1753769644201,06:14:04.201,xt,BTC/USDT:USDT,118821.9,113743.0,118821.8,2283.0,118822.2,114100.0,118822.4,215.0
1753769644450,06:14:04.450,xt,BTC/USDT:USDT,118821.9,79933.0,118821.8,12.0,118822.2,82993.0,118822.4,1994.0
1753769644447,06:14:04.447,xt,BTC/USDT:USDT,118821.9,135998.0,118821.8,2649.0,118822.2,25629.0,118822.4,870.0
1753769644569,06:14:04.569,xt,BTC/USDT:USDT,118821.9,109229.0,118821.8,2492.0,118822.2,23114.0,118822.3,2186.0
1753769644858,06:14:04.858,xt,BTC/USDT:USDT,118821.9,103666.0,118821.7,892.0,118822.2,24489.0,118822.4,2843.0
1753769644964,06:14:04.964,xt,BTC/USDT:USDT,118821.9,145399.0,118821.7,2357.0,118822.2,92617.0,118822.3,4590.0
1753769645173,06:14:05.173,xt,BTC/USDT:USDT,118821.9,110160.0,118821.8,2653.0,118822.2,26435.0,118822.4,646.0
1753769645084,06:14:05.084,xt,BTC/USDT:USDT,118821.9,59842.0,118821.7,1987.0,118822.2,73748.0,118822.4,4182.0
1753769645352,06:14:05.352,xt,BTC/USDT:USDT,118821.9,98223.0,118821.8,3609.0,118822.2,137086.0,118822.3,3645.0
1753769645563,06:14:05.563,xt,BTC/USDT:USDT,118821.9,149685.0,118821.8,2436.0,118822.2,52924.0,118822.3,3253.0
1753769645523,06:14:05.523,xt,BTC/USDT:USDT,118821.9,151216.0,118821.7,2347.0,118822.2,64303.0,118822.3,3549.0
1753769645651,06:14:05.651,xt,BTC/USDT:USDT,118821.9,129499.0,118821.7,2039.0,118822.2,151223.0,118822.3,1715.0
1753769645852,06:14:05.852,xt,BTC/USDT:USDT,118821.9,116787.0,118821.7,4005.0,118822.2,151586.0,118822.4,4549.0
1753769645919,06:14:05.919,xt,BTC/USDT:USDT,118821.9,85103.0,118821.7,978.0,118822.2,84621.0,118822.4,2194.0
1753769646168,06:14:06.168,xt,BTC/USDT:USDT,118821.9,65409.0,118821.8,1948.0,118822.2,99938.0,118822.3,81.0
1753769646127,06:14:06.127,xt,BTC/USDT:USDT,118821.9,99571.0,118821.8,38.0,118822.2,105812.0,118822.4,317.0
1753769646250,06:14:06.250,xt,BTC/USDT:USDT,118821.9,42272.0,118821.7,2115.0,118822.2,70724.0,118822.3,2917.0
1753769646553,06:14:06.553,xt,BTC/USDT:USDT,118821.9,152877.0,118821.7,523.0,118822.2,134787.0,118822.3,828.0
1753769646556,06:14:06.556,xt,BTC/USDT:USDT,118821.9,70831.0,118821.7,4293.0,118822.2,142522.0,118822.3,3237.0
1753769646605,06:14:06.605,xt,BTC/USDT:USDT,118821.9,37429.0,118821.8,3738.0,118822.2,97890.0,118822.3,4211.0
1753769646958,06:14:06.958,xt,BTC/USDT:USDT,118821.9,88350.0,118821.7,3526.0,118822.2,86680.0,118822.3,4300.0
1753769647081,06:14:07.081,xt,BTC/USDT:USDT,118821.9,79672.0,118821.8,526.0,118822.2,110218.0,118822.3,3854.0
1753769647207,06:14:07.207,xt,BTC/USDT:USDT,118821.9,22490.0,118821.7,2908.0,118822.2,82728.0,118822.3,293.0
1753769647312,06:14:07.312,xt,BTC/USDT:USDT,118821.9,88251.0,118821.8,3083.0,118822.2,44860.0,118822.3,2152.0
1753769647441,06:14:07.441,xt,BTC/USDT:USDT,118821.9,135884.0,118821.7,2891.0,118822.2,86033.0,118822.3,1616.0
1753769647598,06:14:07.598,xt,BTC/USDT:USDT,118821.9,123469.0,118821.7,3506.0,118822.2,72481.0,118822.4,3284.0
1753769647684,06:14:07.684,xt,BTC/USDT:USDT,118821.9,136599.0,118821.8,4631.0,118822.2,153540.0,118822.4,2227.0
1753769647806,06:14:07.806,xt,BTC/USDT:USDT,118821.9,79897.0,118821.7,3553.0,118822.2,47215.0,118822.3,393.0
1753769648046,06:14:08.046,xt,BTC/USDT:USDT,118821.9,124469.0,118821.7,103.0,118822.2,25960.0,118822.4,336.0
1753769648301,06:14:08.301,xt,BTC/USDT:USDT,118821.9,67128.0,118821.7,2132.0,118822.2,67393.0,118822.4,4417.0
1753769648234,06:14:08.234,xt,BTC/USDT:USDT,118821.9,48278.0,118821.8,2276.0,118822.2,54643.0,118822.4,3111.0
1753769648258,06:14:08.258,xt,BTC/USDT:USDT,118821.9,136943.0,118821.8,64.0,118822.2,45263.0,118822.4,3664.0
1753769648491,06:14:08.491,xt,BTC/USDT:USDT,118821.9,93247.0,118821.7,1413.0,118822.2,124749.0,118822.3,2600.0
1753769648617,06:14:08.617,xt,BTC/USDT:USDT,118821.9,153150.0,118821.8,743.0,118822.2,154830.0,118822.3,3035.0
1753769648738,06:14:08.738,xt,BTC/USDT:USDT,118821.9,67551.0,118821.8,3362.0,118822.2,127731.0,118822.4,2238.0
1753769648850,06:14:08.850,xt,BTC/USDT:USDT,118821.9,23308.0,118821.7,3753.0,118822.2,105539.0,118822.3,3299.0
1753769648981,06:14:08.981,xt,BTC/USDT:USDT,118821.9,131664.0,118821.8,2645.0,118822.2,92336.0,118822.3,835.0
1753769649097,06:14:09.097,xt,BTC/USDT:USDT,118821.9,141498.0,118821.8,2711.0,118822.2,80707.0,118822.4,3856.0
1753769649269,06:14:09.269,xt,BTC/USDT:USDT,118821.9,98363.0,118821.8,1390.0,118822.2,142196.0,118822.3,910.0
1753769649561,06:14:09.561,xt,BTC/USDT:USDT,118821.9,116697.0,118821.8,2201.0,118822.2,34179.0,118822.3,4589.0
1753769649479,06:14:09.479,xt,BTC/USDT:USDT,118821.9,153546.0,118821.7,2722.0,118822.2,83920.0,118822.4,2756.0
1753769649696,06:14:09.696,xt,BTC/USDT:USDT,118821.9,28287.0,118821.7,1990.0,118822.2,113794.0,118822.3,1255.0
1753769649823,06:14:09.823,xt,BTC/USDT:USDT,118821.9,153837.0,118821.7,2608.0,118822.2,30518.0,118822.4,1657.0
1753769649942,06:14:09.942,xt,BTC/USDT:USDT,118821.9,62269.0,118821.8,1443.0,118822.2,112031.0,118822.3,2204.0
1753769650293,06:14:10.293,xt,BTC/USDT:USDT,118821.9,106812.0,118821.8,2911.0,118822.2,140613.0,118822.3,2637.0
1753769650179,06:14:10.179,xt,BTC/USDT:USDT,118821.9,155593.0,118821.7,770.0,118822.2,43766.0,118822.4,1291.0
1753769650452,06:14:10.452,xt,BTC/USDT:USDT,118821.9,58186.0,118821.7,1338.0,118822.2,56219.0,118822.3,310.0
1753769650414,06:14:10.414,xt,BTC/USDT:USDT,118821.9,66275.0,118821.7,2656.0,118822.2,32477.0,118822.4,3174.0
1753769650746,06:14:10.746,xt,BTC/USDT:USDT,118821.9,64131.0,118821.8,394.0,118822.2,118019.0,118822.4,1762.0
1753769650781,06:14:10.781,xt,BTC/USDT:USDT,118821.9,74103.0,118821.7,3990.0,118822.2,59306.0,118822.4,1641.0
1753769650902,06:14:10.902,xt,BTC/USDT:USDT,118821.9,146490.0,118821.7,2038.0,118822.2,54464.0,118822.4,3797.0
1753769651175,06:14:11.175,xt,BTC/USDT:USDT,118821.9,91861.0,118821.7,891.0,118822.2,98810.0,118822.3,1824.0
1753769651172,06:14:11.172,xt,BTC/USDT:USDT,118821.9,47933.0,118821.7,2463.0,118822.2,153174.0,118822.3,2968.0
1753769651256,06:14:11.256,xt,BTC/USDT:USDT,118821.9,40690.0,118821.7,3856.0,118822.2,25494.0,118822.4,3996.0
1753769651576,06:14:11.576,xt,BTC/USDT:USDT,118821.9,33550.0,118821.7,2100.0,118822.2,129208.0,118822.3,4439.0
1753769651693,06:14:11.693,xt,BTC/USDT:USDT,118821.9,71950.0,118821.7,1412.0,118822.2,121866.0,118822.4,3733.0
1753769651617,06:14:11.617,xt,BTC/USDT:USDT,118821.9,151947.0,118821.8,1173.0,118822.2,53178.0,118822.4,3036.0
1753769651957,06:14:11.957,xt,BTC/USDT:USDT,118821.9,121739.0,118821.8,1310.0,118822.2,123938.0,118822.4,2951.0
1753769652054,06:14:12.054,xt,BTC/USDT:USDT,118821.9,98266.0,118821.7,4214.0,118822.2,108673.0,118822.3,2949.0
1753769652098,06:14:12.098,xt,BTC/USDT:USDT,118821.9,102926.0,118821.8,2238.0,118822.2,148648.0,118822.4,148.0
1753769652214,06:14:12.214,xt,BTC/USDT:USDT,118821.9,149112.0,118821.7,653.0,118822.2,84300.0,118822.3,3388.0
1753769652461,06:14:12.461,xt,BTC/USDT:USDT,118821.9,142113.0,118821.8,214.0,118822.2,152564.0,118822.3,1786.0
1753769652462,06:14:12.462,xt,BTC/USDT:USDT,118824.8,130469.0,118824.6,2087.0,118825.1,113721.0,118825.4,1671.0
1753769652578,06:14:12.578,xt,BTC/USDT:USDT,118824.8,125039.0,118824.6,2163.0,118825.1,62656.0,118825.3,1801.0
1753769652853,06:14:12.853,xt,BTC/USDT:USDT,118824.8,38806.0,118824.5,2553.0,118825.1,80382.0,118825.3,182.0
1753769652849,06:14:12.849,xt,BTC/USDT:USDT,118824.8,57826.0,118824.6,740.0,118825.1,115989.0,118825.3,203.0
1753769653187,06:14:13.187,xt,BTC/USDT:USDT,118824.8,29486.0,118824.6,1401.0,118825.1,143493.0,118825.3,3451.0
1753769653306,06:14:13.306,xt,BTC/USDT:USDT,118824.8,127213.0,118824.5,3547.0,118825.1,60532.0,118825.3,2935.0
1753769653265,06:14:13.265,xt,BTC/USDT:USDT,118824.8,48096.0,118824.6,202.0,118825.1,127951.0,118825.4,2126.0
1753769653471,06:14:13.471,xt,BTC/USDT:USDT,118824.8,118726.0,118824.6,267.0,118825.1,115097.0,118825.4,828.0
1753769653483,06:14:13.483,xt,BTC/USDT:USDT,118824.8,119082.0,118824.6,4469.0,118825.1,140415.0,118825.4,3849.0
1753769653754,06:14:13.754,xt,BTC/USDT:USDT,118824.8,89908.0,118824.5,1214.0,118825.1,60810.0,118825.4,2871.0
1753769653776,06:14:13.776,xt,BTC/USDT:USDT,118824.8,115783.0,118824.5,1361.0,118825.1,148201.0,118825.4,3055.0
1753769653893,06:14:13.893,xt,BTC/USDT:USDT,118824.8,66532.0,118824.5,2226.0,118825.1,113333.0,118825.3,2556.0
1753769654173,06:14:14.173,xt,BTC/USDT:USDT,118824.8,150047.0,118824.5,260.0,118825.1,103184.0,118825.3,2796.0
1753769654141,06:14:14.141,xt,BTC/USDT:USDT,118824.8,114952.0,118824.5,238.0,118825.1,52369.0,118825.3,3863.0
1753769654463,06:14:14.463,xt,BTC/USDT:USDT,118824.8,144931.0,118824.5,2659.0,118825.1,145475.0,118825.4,3708.0
1753769654373,06:14:14.373,xt,BTC/USDT:USDT,118824.8,137854.0,118824.6,1274.0,118825.1,147734.0,118825.3,64.0
1753769654698,06:14:14.698,xt,BTC/USDT:USDT,118824.8,23190.0,118824.5,3194.0,118825.1,142307.0,118825.4,3649.0
1753769654750,06:14:14.750,xt,BTC/USDT:USDT,118824.8,81678.0,118824.6,4062.0,118825.1,59857.0,118825.4,2357.0
1753769654740,06:14:14.740,xt,BTC/USDT:USDT,118824.8,115432.0,118824.5,3455.0,118825.1,115792.0,118825.4,1095.0
1753769654945,06:14:14.945,xt,BTC/USDT:USDT,118824.8,147032.0,118824.5,1837.0,118825.1,79031.0,118825.4,4464.0
1753769655301,06:14:15.301,xt,BTC/USDT:USDT,118824.8,56309.0,118824.5,3210.0,118825.1,150435.0,118825.3,75.0
1753769655210,06:14:15.210,xt,BTC/USDT:USDT,118824.8,38941.0,118824.6,1673.0,118825.1,72135.0,118825.3,2591.0
1753769655332,06:14:15.332,xt,BTC/USDT:USDT,118824.8,34521.0,118824.6,1294.0,118825.1,26261.0,118825.3,2392.0
1753769655564,06:14:15.564,xt,BTC/USDT:USDT,118824.8,126465.0,118824.5,645.0,118825.1,94802.0,118825.3,1684.0
1753769655577,06:14:15.577,xt,BTC/USDT:USDT,118824.8,143774.0,118824.5,967.0,118825.1,133769.0,118825.4,2313.0
1753769655852,06:14:15.852,xt,BTC/USDT:USDT,118824.8,50020.0,118824.6,2482.0,118825.1,22415.0,118825.3,267.0
1753769655946,06:14:15.946,xt,BTC/USDT:USDT,118824.8,88209.0,118824.6,1900.0,118825.1,41203.0,118825.3,1292.0
1753769656046,06:14:16.046,xt,BTC/USDT:USDT,118824.8,148620.0,118824.6,3789.0,118825.1,114112.0,118825.4,559.0
1753769656118,06:14:16.118,xt,BTC/USDT:USDT,118824.8,132525.0,118824.6,1789.0,118825.1,40784.0,118825.4,463.0
1753769656229,06:14:16.229,xt,BTC/USDT:USDT,118824.8,83702.0,118824.6,1433.0,118825.1,124517.0,118825.3,1640.0
1753769656465,06:14:16.465,xt,BTC/USDT:USDT,118824.8,56778.0,118824.5,3497.0,118825.1,84593.0,118825.4,1478.0
1753769656473,06:14:16.473,xt,BTC/USDT:USDT,118824.8,96976.0,118824.5,1968.0,118825.1,84405.0,118825.4,4268.0
1753769656661,06:14:16.661,xt,BTC/USDT:USDT,118824.8,37132.0,118824.6,4445.0,118825.1,71459.0,118825.3,1467.0
