timestamp,time,exchange,symbol,bid1_price,bid1_volume,bid2_price,bid2_volume,ask1_price,ask1_volume,ask2_price,ask2_volume
1753769311474,06:08:31.474,kucoinfutures,XRP/USDT:USDT,3.14145,779.0,3.1414,8.0,3.14146,281.0,3.1415,8.0
1753769311475,06:08:31.475,kucoinfutures,XRP/USDT:USDT,3.14145,779.0,3.1414,8.0,3.14146,181.0,3.1415,8.0
1753769311481,06:08:31.481,kucoinfutures,XRP/USDT:USDT,3.14145,779.0,3.1414,8.0,3.14146,181.0,3.1415,8.0
1753769311510,06:08:31.510,kucoinfutures,XRP/USDT:USDT,3.14145,779.0,3.1414,8.0,3.14146,181.0,3.1415,8.0
1753769311523,06:08:31.523,kucoinfutures,XRP/USDT:USDT,3.14145,779.0,3.1414,8.0,3.14146,181.0,3.1415,8.0
1753769311530,06:08:31.530,kucoinfutures,XRP/USDT:USDT,3.14145,779.0,3.1414,8.0,3.14146,181.0,3.1415,8.0
1753769311600,06:08:31.600,kucoinfutures,XRP/USDT:USDT,3.14145,779.0,3.1414,8.0,3.14146,181.0,3.1415,8.0
1753769311967,06:08:31.967,kucoinfutures,XRP/USDT:USDT,3.14145,779.0,3.1414,8.0,3.14146,181.0,3.1415,8.0
1753769311969,06:08:31.969,kucoinfutures,XRP/USDT:USDT,3.14145,779.0,3.1414,8.0,3.14146,181.0,3.1415,8.0
1753769311973,06:08:31.973,kucoinfutures,XRP/USDT:USDT,3.14145,779.0,3.1414,8.0,3.14146,181.0,3.1415,8.0
1753769312041,06:08:32.041,kucoinfutures,XRP/USDT:USDT,3.14145,779.0,3.1414,8.0,3.14146,190.0,3.1415,8.0
1753769312042,06:08:32.042,kucoinfutures,XRP/USDT:USDT,3.14145,779.0,3.1414,8.0,3.14146,212.0,3.1415,8.0
1753769312070,06:08:32.070,kucoinfutures,XRP/USDT:USDT,3.14145,779.0,3.1414,8.0,3.14146,212.0,3.1415,8.0
1753769312128,06:08:32.128,kucoinfutures,XRP/USDT:USDT,3.14145,779.0,3.1414,8.0,3.14146,212.0,3.1415,8.0
1753769312278,06:08:32.278,kucoinfutures,XRP/USDT:USDT,3.14145,657.0,3.1414,8.0,3.14146,228.0,3.1415,8.0
1753769312391,06:08:32.391,kucoinfutures,XRP/USDT:USDT,3.14145,657.0,3.1414,8.0,3.14146,228.0,3.1415,8.0
1753769312440,06:08:32.440,kucoinfutures,XRP/USDT:USDT,3.14145,657.0,3.1414,8.0,3.14146,228.0,3.1415,8.0
1753769312494,06:08:32.494,kucoinfutures,XRP/USDT:USDT,3.14145,720.0,3.1414,8.0,3.14146,212.0,3.1415,8.0
1753769312600,06:08:32.600,kucoinfutures,XRP/USDT:USDT,3.14145,720.0,3.1414,8.0,3.14146,203.0,3.1415,8.0
1753769312751,06:08:32.751,kucoinfutures,XRP/USDT:USDT,3.14145,720.0,3.1414,8.0,3.14146,203.0,3.1415,8.0
1753769312751,06:08:32.751,kucoinfutures,XRP/USDT:USDT,3.14145,720.0,3.1414,8.0,3.14146,203.0,3.1415,8.0
1753769312753,06:08:32.753,kucoinfutures,XRP/USDT:USDT,3.14145,720.0,3.1414,8.0,3.14146,203.0,3.1415,8.0
1753769312757,06:08:32.757,kucoinfutures,XRP/USDT:USDT,3.14145,720.0,3.1414,8.0,3.14146,203.0,3.1415,8.0
1753769313082,06:08:33.082,kucoinfutures,XRP/USDT:USDT,3.14145,720.0,3.1414,8.0,3.14146,203.0,3.1415,8.0
1753769313175,06:08:33.175,kucoinfutures,XRP/USDT:USDT,3.14145,720.0,3.1414,8.0,3.14146,212.0,3.1415,8.0
1753769313496,06:08:33.496,kucoinfutures,XRP/USDT:USDT,3.14145,720.0,3.1414,8.0,3.14146,212.0,3.1415,8.0
1753769313500,06:08:33.500,kucoinfutures,XRP/USDT:USDT,3.14145,720.0,3.1414,8.0,3.14146,212.0,3.1415,8.0
1753769313504,06:08:33.504,kucoinfutures,XRP/USDT:USDT,3.14145,720.0,3.1414,8.0,3.14146,212.0,3.1415,8.0
1753769313508,06:08:33.508,kucoinfutures,XRP/USDT:USDT,3.14145,708.0,3.1414,8.0,3.14146,212.0,3.1415,8.0
1753769313601,06:08:33.601,kucoinfutures,XRP/USDT:USDT,3.14145,708.0,3.1414,8.0,3.14146,212.0,3.1415,8.0
1753769313670,06:08:33.670,kucoinfutures,XRP/USDT:USDT,3.14145,720.0,3.1414,8.0,3.14146,212.0,3.1415,8.0
1753769313833,06:08:33.833,kucoinfutures,XRP/USDT:USDT,3.14145,720.0,3.1414,8.0,3.14146,212.0,3.1415,8.0
1753769313911,06:08:33.911,kucoinfutures,XRP/USDT:USDT,3.14145,720.0,3.1414,8.0,3.14146,212.0,3.1415,8.0
1753769313930,06:08:33.930,kucoinfutures,XRP/USDT:USDT,3.14145,720.0,3.1414,8.0,3.14146,212.0,3.1415,8.0
1753769314098,06:08:34.098,kucoinfutures,XRP/USDT:USDT,3.14145,720.0,3.1414,8.0,3.14146,212.0,3.1415,8.0
1753769314100,06:08:34.100,kucoinfutures,XRP/USDT:USDT,3.14145,720.0,3.1414,8.0,3.14146,212.0,3.1415,8.0
1753769314101,06:08:34.101,kucoinfutures,XRP/USDT:USDT,3.14145,720.0,3.1414,8.0,3.14146,212.0,3.1415,8.0
1753769314104,06:08:34.104,kucoinfutures,XRP/USDT:USDT,3.14145,720.0,3.1414,8.0,3.14146,212.0,3.1415,8.0
1753769314110,06:08:34.110,kucoinfutures,XRP/USDT:USDT,3.14145,720.0,3.1414,8.0,3.14146,212.0,3.1415,8.0
1753769314291,06:08:34.291,kucoinfutures,XRP/USDT:USDT,3.14145,720.0,3.1414,8.0,3.14146,212.0,3.1415,8.0
1753769314296,06:08:34.296,kucoinfutures,XRP/USDT:USDT,3.14145,720.0,3.1414,8.0,3.14146,212.0,3.1415,8.0
1753769314416,06:08:34.416,kucoinfutures,XRP/USDT:USDT,3.14145,720.0,3.1414,8.0,3.14146,212.0,3.1415,8.0
1753769314520,06:08:34.520,kucoinfutures,XRP/USDT:USDT,3.14145,720.0,3.1414,8.0,3.14146,212.0,3.1415,8.0
1753769314829,06:08:34.829,kucoinfutures,XRP/USDT:USDT,3.14145,720.0,3.1414,8.0,3.14146,203.0,3.1415,8.0
1753769314880,06:08:34.880,kucoinfutures,XRP/USDT:USDT,3.14145,720.0,3.1414,8.0,3.14146,203.0,3.1415,8.0
1753769314896,06:08:34.896,kucoinfutures,XRP/USDT:USDT,3.14145,720.0,3.1414,8.0,3.14146,181.0,3.1415,8.0
1753769314997,06:08:34.997,kucoinfutures,XRP/USDT:USDT,3.14145,720.0,3.1414,8.0,3.14146,181.0,3.1415,8.0
1753769315001,06:08:35.001,kucoinfutures,XRP/USDT:USDT,3.14145,720.0,3.1414,8.0,3.14146,181.0,3.1415,8.0
1753769315003,06:08:35.003,kucoinfutures,XRP/USDT:USDT,3.14145,720.0,3.1414,8.0,3.14146,181.0,3.1415,8.0
1753769315003,06:08:35.003,kucoinfutures,XRP/USDT:USDT,3.14145,720.0,3.1414,8.0,3.14146,181.0,3.1415,8.0
1753769315006,06:08:35.006,kucoinfutures,XRP/USDT:USDT,3.14145,720.0,3.1414,8.0,3.14146,181.0,3.1415,8.0
1753769315038,06:08:35.038,kucoinfutures,XRP/USDT:USDT,3.14145,720.0,3.1414,8.0,3.14146,66.0,3.1415,8.0
1753769315051,06:08:35.051,kucoinfutures,XRP/USDT:USDT,3.14145,720.0,3.1414,8.0,3.14146,66.0,3.1415,8.0
1753769315051,06:08:35.051,kucoinfutures,XRP/USDT:USDT,3.14145,720.0,3.1414,8.0,3.14146,66.0,3.1415,8.0
1753769315054,06:08:35.054,kucoinfutures,XRP/USDT:USDT,3.14145,720.0,3.1414,8.0,3.14146,66.0,3.1415,8.0
1753769315055,06:08:35.055,kucoinfutures,XRP/USDT:USDT,3.14145,720.0,3.1414,8.0,3.14146,66.0,3.1415,8.0
1753769315085,06:08:35.085,kucoinfutures,XRP/USDT:USDT,3.14145,720.0,3.1414,8.0,3.14146,66.0,3.1415,8.0
1753769315086,06:08:35.086,kucoinfutures,XRP/USDT:USDT,3.14145,720.0,3.1414,8.0,3.14146,66.0,3.1415,8.0
1753769315105,06:08:35.105,kucoinfutures,XRP/USDT:USDT,3.14145,720.0,3.1414,8.0,3.14146,66.0,3.1415,8.0
1753769315106,06:08:35.106,kucoinfutures,XRP/USDT:USDT,3.14145,720.0,3.1414,8.0,3.14146,66.0,3.1415,8.0
1753769315111,06:08:35.111,kucoinfutures,XRP/USDT:USDT,3.14145,720.0,3.1414,8.0,3.14146,66.0,3.1415,8.0
1753769315111,06:08:35.111,kucoinfutures,XRP/USDT:USDT,3.14145,720.0,3.1414,8.0,3.14146,66.0,3.1415,8.0
1753769315115,06:08:35.115,kucoinfutures,XRP/USDT:USDT,3.14145,720.0,3.1414,8.0,3.14146,66.0,3.1415,8.0
1753769315164,06:08:35.164,kucoinfutures,XRP/USDT:USDT,3.14145,720.0,3.1414,8.0,3.14146,66.0,3.1415,8.0
1753769315253,06:08:35.253,kucoinfutures,XRP/USDT:USDT,3.14145,720.0,3.1414,8.0,3.14146,66.0,3.1415,8.0
1753769315317,06:08:35.317,kucoinfutures,XRP/USDT:USDT,3.14145,720.0,3.1414,8.0,3.14146,62.0,3.1415,8.0
1753769315318,06:08:35.318,kucoinfutures,XRP/USDT:USDT,3.14145,720.0,3.1414,8.0,3.14146,45.0,3.1415,8.0
1753769315390,06:08:35.390,kucoinfutures,XRP/USDT:USDT,3.14145,720.0,3.1414,8.0,3.14146,45.0,3.1415,8.0
1753769315445,06:08:35.445,kucoinfutures,XRP/USDT:USDT,3.14145,720.0,3.1414,8.0,3.14146,45.0,3.1415,8.0
1753769315449,06:08:35.449,kucoinfutures,XRP/USDT:USDT,3.14145,720.0,3.1414,8.0,3.14146,45.0,3.1415,8.0
1753769315451,06:08:35.451,kucoinfutures,XRP/USDT:USDT,3.14145,720.0,3.1414,8.0,3.14146,45.0,3.1415,8.0
1753769315453,06:08:35.453,kucoinfutures,XRP/USDT:USDT,3.14145,720.0,3.1414,8.0,3.14146,45.0,3.1415,8.0
1753769315514,06:08:35.514,kucoinfutures,XRP/USDT:USDT,3.14145,720.0,3.1414,8.0,3.14146,45.0,3.1415,8.0
1753769315518,06:08:35.518,kucoinfutures,XRP/USDT:USDT,3.14145,720.0,3.1414,8.0,3.14146,45.0,3.1415,8.0
1753769315520,06:08:35.520,kucoinfutures,XRP/USDT:USDT,3.14145,720.0,3.1414,8.0,3.14146,45.0,3.1415,8.0
1753769315528,06:08:35.528,kucoinfutures,XRP/USDT:USDT,3.14145,720.0,3.1414,8.0,3.14146,45.0,3.1415,8.0
1753769315531,06:08:35.531,kucoinfutures,XRP/USDT:USDT,3.14145,720.0,3.1414,8.0,3.14146,45.0,3.1415,8.0
1753769315536,06:08:35.536,kucoinfutures,XRP/USDT:USDT,3.14145,720.0,3.1414,8.0,3.14146,45.0,3.1415,8.0
1753769315538,06:08:35.538,kucoinfutures,XRP/USDT:USDT,3.14145,720.0,3.1414,8.0,3.14146,45.0,3.1415,8.0
1753769315540,06:08:35.540,kucoinfutures,XRP/USDT:USDT,3.14145,720.0,3.1414,8.0,3.14146,45.0,3.1415,8.0
1753769315540,06:08:35.540,kucoinfutures,XRP/USDT:USDT,3.14145,720.0,3.1414,8.0,3.14146,45.0,3.1415,8.0
1753769315544,06:08:35.544,kucoinfutures,XRP/USDT:USDT,3.14145,720.0,3.1414,8.0,3.14146,45.0,3.1415,8.0
1753769315558,06:08:35.558,kucoinfutures,XRP/USDT:USDT,3.14145,720.0,3.1414,8.0,3.14146,45.0,3.1415,8.0
1753769315566,06:08:35.566,kucoinfutures,XRP/USDT:USDT,3.14145,720.0,3.1414,8.0,3.14146,45.0,3.1415,8.0
1753769315566,06:08:35.566,kucoinfutures,XRP/USDT:USDT,3.14145,720.0,3.1414,8.0,3.14146,45.0,3.1415,8.0
1753769315567,06:08:35.567,kucoinfutures,XRP/USDT:USDT,3.14145,720.0,3.1414,8.0,3.14146,45.0,3.1415,8.0
1753769315568,06:08:35.568,kucoinfutures,XRP/USDT:USDT,3.14145,720.0,3.1414,8.0,3.14146,45.0,3.1415,8.0
1753769315570,06:08:35.570,kucoinfutures,XRP/USDT:USDT,3.14145,720.0,3.1414,8.0,3.14146,45.0,3.1415,8.0
1753769315572,06:08:35.572,kucoinfutures,XRP/USDT:USDT,3.14145,720.0,3.1414,8.0,3.14146,45.0,3.1415,8.0
1753769315572,06:08:35.572,kucoinfutures,XRP/USDT:USDT,3.14145,720.0,3.1414,8.0,3.14146,45.0,3.1415,8.0
1753769315575,06:08:35.575,kucoinfutures,XRP/USDT:USDT,3.14145,720.0,3.1414,8.0,3.14146,45.0,3.1415,8.0
1753769315575,06:08:35.575,kucoinfutures,XRP/USDT:USDT,3.14145,720.0,3.1414,8.0,3.14146,45.0,3.1415,8.0
1753769315587,06:08:35.587,kucoinfutures,XRP/USDT:USDT,3.14145,720.0,3.1414,8.0,3.14146,45.0,3.1415,8.0
1753769315587,06:08:35.587,kucoinfutures,XRP/USDT:USDT,3.14145,720.0,3.1414,8.0,3.14146,45.0,3.1415,8.0
1753769315596,06:08:35.596,kucoinfutures,XRP/USDT:USDT,3.14145,720.0,3.1414,8.0,3.14146,45.0,3.1415,8.0
1753769315597,06:08:35.597,kucoinfutures,XRP/USDT:USDT,3.14145,720.0,3.1414,8.0,3.14146,45.0,3.1415,8.0
1753769315600,06:08:35.600,kucoinfutures,XRP/USDT:USDT,3.14145,720.0,3.1414,8.0,3.14146,45.0,3.1415,8.0
1753769315600,06:08:35.600,kucoinfutures,XRP/USDT:USDT,3.14145,720.0,3.1414,8.0,3.14146,45.0,3.1415,8.0
1753769315603,06:08:35.603,kucoinfutures,XRP/USDT:USDT,3.14145,720.0,3.1414,8.0,3.14146,45.0,3.1415,8.0
1753769315603,06:08:35.603,kucoinfutures,XRP/USDT:USDT,3.14145,720.0,3.1414,8.0,3.14146,45.0,3.1415,8.0
1753769315604,06:08:35.604,kucoinfutures,XRP/USDT:USDT,3.14145,720.0,3.1414,8.0,3.14146,45.0,3.1415,8.0
1753769315606,06:08:35.606,kucoinfutures,XRP/USDT:USDT,3.14145,720.0,3.1414,8.0,3.14146,45.0,3.1415,8.0
1753769315609,06:08:35.609,kucoinfutures,XRP/USDT:USDT,3.14145,720.0,3.1414,8.0,3.14146,45.0,3.1415,8.0
1753769315612,06:08:35.612,kucoinfutures,XRP/USDT:USDT,3.14145,720.0,3.1414,8.0,3.14146,45.0,3.1415,8.0
1753769315613,06:08:35.613,kucoinfutures,XRP/USDT:USDT,3.14145,720.0,3.1414,8.0,3.14146,45.0,3.1415,8.0
1753769315615,06:08:35.615,kucoinfutures,XRP/USDT:USDT,3.14145,720.0,3.1414,8.0,3.14146,45.0,3.1415,8.0
1753769315615,06:08:35.615,kucoinfutures,XRP/USDT:USDT,3.14145,720.0,3.1414,8.0,3.14146,45.0,3.1415,8.0
1753769315619,06:08:35.619,kucoinfutures,XRP/USDT:USDT,3.14145,720.0,3.1414,8.0,3.14146,45.0,3.1415,8.0
1753769315630,06:08:35.630,kucoinfutures,XRP/USDT:USDT,3.14145,720.0,3.1414,8.0,3.14146,45.0,3.1415,8.0
1753769315637,06:08:35.637,kucoinfutures,XRP/USDT:USDT,3.14145,720.0,3.1414,8.0,3.14146,45.0,3.1415,8.0
1753769315637,06:08:35.637,kucoinfutures,XRP/USDT:USDT,3.14145,720.0,3.1414,8.0,3.14146,45.0,3.1415,8.0
1753769315640,06:08:35.640,kucoinfutures,XRP/USDT:USDT,3.14145,720.0,3.1414,8.0,3.14146,45.0,3.1415,8.0
1753769315643,06:08:35.643,kucoinfutures,XRP/USDT:USDT,3.14145,720.0,3.1414,8.0,3.14146,45.0,3.1415,8.0
1753769315645,06:08:35.645,kucoinfutures,XRP/USDT:USDT,3.14145,720.0,3.1414,8.0,3.14146,45.0,3.1415,8.0
1753769315652,06:08:35.652,kucoinfutures,XRP/USDT:USDT,3.14145,720.0,3.1414,8.0,3.14146,45.0,3.1415,8.0
1753769315662,06:08:35.662,kucoinfutures,XRP/USDT:USDT,3.14145,720.0,3.1414,8.0,3.14146,45.0,3.1415,8.0
1753769315676,06:08:35.676,kucoinfutures,XRP/USDT:USDT,3.14145,720.0,3.1414,8.0,3.14146,45.0,3.1415,8.0
1753769315677,06:08:35.677,kucoinfutures,XRP/USDT:USDT,3.14145,720.0,3.1414,8.0,3.14146,45.0,3.1415,8.0
1753769315680,06:08:35.680,kucoinfutures,XRP/USDT:USDT,3.14145,720.0,3.1414,8.0,3.14146,45.0,3.1415,8.0
1753769315682,06:08:35.682,kucoinfutures,XRP/USDT:USDT,3.14145,720.0,3.1414,8.0,3.14146,45.0,3.1415,8.0
1753769315702,06:08:35.702,kucoinfutures,XRP/USDT:USDT,3.14145,720.0,3.1414,8.0,3.14146,45.0,3.1415,8.0
1753769315705,06:08:35.705,kucoinfutures,XRP/USDT:USDT,3.14145,720.0,3.1414,8.0,3.14146,45.0,3.1415,8.0
1753769315709,06:08:35.709,kucoinfutures,XRP/USDT:USDT,3.14161,84.0,3.14149,259.0,3.14162,5.0,3.14163,47.0
1753769315718,06:08:35.718,kucoinfutures,XRP/USDT:USDT,3.14161,699.0,3.1416,8.0,3.14162,26.0,3.14163,47.0
1753769315720,06:08:35.720,kucoinfutures,XRP/USDT:USDT,3.14161,599.0,3.1416,8.0,3.14162,26.0,3.14163,47.0
1753769315723,06:08:35.723,kucoinfutures,XRP/USDT:USDT,3.14161,599.0,3.1416,8.0,3.14162,26.0,3.14163,47.0
1753769315723,06:08:35.723,kucoinfutures,XRP/USDT:USDT,3.14161,599.0,3.1416,8.0,3.14162,26.0,3.14163,47.0
1753769315724,06:08:35.724,kucoinfutures,XRP/USDT:USDT,3.14161,599.0,3.1416,8.0,3.14162,26.0,3.14163,47.0
1753769315735,06:08:35.735,kucoinfutures,XRP/USDT:USDT,3.14161,599.0,3.1416,8.0,3.14162,26.0,3.14163,47.0
1753769315749,06:08:35.749,kucoinfutures,XRP/USDT:USDT,3.14161,599.0,3.1416,8.0,3.14162,26.0,3.14163,47.0
1753769315751,06:08:35.751,kucoinfutures,XRP/USDT:USDT,3.14161,599.0,3.1416,8.0,3.14162,26.0,3.14163,47.0
1753769315753,06:08:35.753,kucoinfutures,XRP/USDT:USDT,3.14161,599.0,3.1416,8.0,3.14162,26.0,3.14163,47.0
1753769315755,06:08:35.755,kucoinfutures,XRP/USDT:USDT,3.14161,599.0,3.1416,8.0,3.14162,26.0,3.14173,155.0
1753769315758,06:08:35.758,kucoinfutures,XRP/USDT:USDT,3.14161,599.0,3.1416,8.0,3.14162,26.0,3.14172,47.0
1753769315794,06:08:35.794,kucoinfutures,XRP/USDT:USDT,3.14161,599.0,3.1416,8.0,3.14162,26.0,3.14172,47.0
1753769315799,06:08:35.799,kucoinfutures,XRP/USDT:USDT,3.14161,599.0,3.1416,8.0,3.14162,26.0,3.14172,47.0
1753769315803,06:08:35.803,kucoinfutures,XRP/USDT:USDT,3.14161,869.0,3.1416,8.0,3.14162,26.0,3.14172,47.0
1753769315805,06:08:35.805,kucoinfutures,XRP/USDT:USDT,3.14161,869.0,3.1416,8.0,3.14162,26.0,3.14172,47.0
1753769315805,06:08:35.805,kucoinfutures,XRP/USDT:USDT,3.14161,869.0,3.1416,8.0,3.14162,71.0,3.14172,47.0
1753769315806,06:08:35.806,kucoinfutures,XRP/USDT:USDT,3.14161,869.0,3.1416,8.0,3.14162,71.0,3.14172,47.0
1753769315809,06:08:35.809,kucoinfutures,XRP/USDT:USDT,3.14161,891.0,3.1416,8.0,3.14162,71.0,3.14172,47.0
1753769315810,06:08:35.810,kucoinfutures,XRP/USDT:USDT,3.14161,891.0,3.1416,8.0,3.14162,71.0,3.14172,47.0
1753769315810,06:08:35.810,kucoinfutures,XRP/USDT:USDT,3.14161,891.0,3.1416,8.0,3.14162,71.0,3.14172,47.0
1753769315832,06:08:35.832,kucoinfutures,XRP/USDT:USDT,3.14161,891.0,3.1416,8.0,3.14162,71.0,3.14172,47.0
1753769315850,06:08:35.850,kucoinfutures,XRP/USDT:USDT,3.14161,891.0,3.1416,8.0,3.14162,71.0,3.14172,47.0
1753769315857,06:08:35.857,kucoinfutures,XRP/USDT:USDT,3.14161,891.0,3.1416,8.0,3.14162,71.0,3.14172,47.0
1753769315861,06:08:35.861,kucoinfutures,XRP/USDT:USDT,3.14161,779.0,3.1416,8.0,3.14162,183.0,3.14172,47.0
1753769315864,06:08:35.864,kucoinfutures,XRP/USDT:USDT,3.14161,779.0,3.1416,8.0,3.14162,214.0,3.14165,75.0
1753769315873,06:08:35.873,kucoinfutures,XRP/USDT:USDT,3.14161,716.0,3.1416,8.0,3.14162,277.0,3.14165,75.0
1753769315904,06:08:35.904,kucoinfutures,XRP/USDT:USDT,3.14161,716.0,3.1416,8.0,3.14162,277.0,3.14165,75.0
1753769315905,06:08:35.905,kucoinfutures,XRP/USDT:USDT,3.14161,779.0,3.1416,8.0,3.14162,214.0,3.14165,75.0
1753769315956,06:08:35.956,kucoinfutures,XRP/USDT:USDT,3.14161,779.0,3.1416,8.0,3.14162,214.0,3.14165,75.0
1753769316000,06:08:36.000,kucoinfutures,XRP/USDT:USDT,3.14161,779.0,3.1416,8.0,3.14162,214.0,3.14165,75.0
1753769316038,06:08:36.038,kucoinfutures,XRP/USDT:USDT,3.14161,779.0,3.1416,8.0,3.14162,214.0,3.14165,75.0
1753769316050,06:08:36.050,kucoinfutures,XRP/USDT:USDT,3.14161,779.0,3.1416,8.0,3.14162,214.0,3.14165,75.0
1753769316055,06:08:36.055,kucoinfutures,XRP/USDT:USDT,3.14161,779.0,3.1416,8.0,3.14162,214.0,3.14165,75.0
1753769316075,06:08:36.075,kucoinfutures,XRP/USDT:USDT,3.14161,779.0,3.1416,8.0,3.14162,214.0,3.14165,75.0
1753769316088,06:08:36.088,kucoinfutures,XRP/USDT:USDT,3.14161,779.0,3.1416,8.0,3.14162,214.0,3.14165,75.0
1753769316092,06:08:36.092,kucoinfutures,XRP/USDT:USDT,3.14161,779.0,3.1416,8.0,3.14162,102.0,3.14165,75.0
1753769316128,06:08:36.128,kucoinfutures,XRP/USDT:USDT,3.14161,779.0,3.1416,8.0,3.14162,93.0,3.14165,75.0
1753769316129,06:08:36.129,kucoinfutures,XRP/USDT:USDT,3.14161,779.0,3.1416,8.0,3.14162,93.0,3.14165,75.0
1753769316134,06:08:36.134,kucoinfutures,XRP/USDT:USDT,3.14161,779.0,3.1416,8.0,3.14162,71.0,3.14165,75.0
1753769316139,06:08:36.139,kucoinfutures,XRP/USDT:USDT,3.14161,779.0,3.1416,8.0,3.14162,71.0,3.14165,75.0
1753769316144,06:08:36.144,kucoinfutures,XRP/USDT:USDT,3.14161,779.0,3.1416,8.0,3.14162,71.0,3.14165,75.0
1753769316186,06:08:36.186,kucoinfutures,XRP/USDT:USDT,3.14161,779.0,3.1416,8.0,3.14162,71.0,3.14165,75.0
1753769316270,06:08:36.270,kucoinfutures,XRP/USDT:USDT,3.14161,779.0,3.1416,8.0,3.14162,71.0,3.14165,75.0
1753769316311,06:08:36.311,kucoinfutures,XRP/USDT:USDT,3.14161,779.0,3.1416,8.0,3.14162,71.0,3.14165,75.0
1753769316315,06:08:36.315,kucoinfutures,XRP/USDT:USDT,3.14161,779.0,3.1416,8.0,3.14162,71.0,3.14165,75.0
1753769316316,06:08:36.316,kucoinfutures,XRP/USDT:USDT,3.14161,779.0,3.1416,8.0,3.14162,71.0,3.14165,75.0
1753769316324,06:08:36.324,kucoinfutures,XRP/USDT:USDT,3.14161,779.0,3.1416,8.0,3.14162,71.0,3.14165,75.0
1753769316330,06:08:36.330,kucoinfutures,XRP/USDT:USDT,3.14161,779.0,3.1416,8.0,3.14162,71.0,3.14165,75.0
1753769316567,06:08:36.567,kucoinfutures,XRP/USDT:USDT,3.14161,779.0,3.1416,8.0,3.14162,50.0,3.14165,75.0
1753769316604,06:08:36.604,kucoinfutures,XRP/USDT:USDT,3.14161,779.0,3.1416,8.0,3.14162,50.0,3.14165,75.0
1753769316612,06:08:36.612,kucoinfutures,XRP/USDT:USDT,3.14161,779.0,3.1416,8.0,3.14162,50.0,3.14165,75.0
1753769316711,06:08:36.711,kucoinfutures,XRP/USDT:USDT,3.14161,779.0,3.1416,8.0,3.14162,50.0,3.14165,75.0
1753769316724,06:08:36.724,kucoinfutures,XRP/USDT:USDT,3.14161,779.0,3.1416,8.0,3.14162,50.0,3.14165,75.0
1753769316872,06:08:36.872,kucoinfutures,XRP/USDT:USDT,3.14161,779.0,3.1416,8.0,3.14162,50.0,3.14165,75.0
1753769316872,06:08:36.872,kucoinfutures,XRP/USDT:USDT,3.14161,779.0,3.1416,8.0,3.14162,50.0,3.14165,75.0
1753769316874,06:08:36.874,kucoinfutures,XRP/USDT:USDT,3.14161,779.0,3.1416,8.0,3.14162,50.0,3.14172,47.0
1753769316879,06:08:36.879,kucoinfutures,XRP/USDT:USDT,3.14161,779.0,3.1416,8.0,3.14162,50.0,3.14172,47.0
1753769316881,06:08:36.881,kucoinfutures,XRP/USDT:USDT,3.14161,779.0,3.1416,8.0,3.14162,50.0,3.14172,47.0
1753769316912,06:08:36.912,kucoinfutures,XRP/USDT:USDT,3.14161,779.0,3.1416,8.0,3.14162,50.0,3.14166,75.0
1753769316919,06:08:36.919,kucoinfutures,XRP/USDT:USDT,3.14161,779.0,3.1416,8.0,3.14162,50.0,3.14166,75.0
1753769316933,06:08:36.933,kucoinfutures,XRP/USDT:USDT,3.14161,779.0,3.1416,8.0,3.14162,50.0,3.14166,75.0
1753769316976,06:08:36.976,kucoinfutures,XRP/USDT:USDT,3.14161,779.0,3.1416,8.0,3.14162,50.0,3.14166,75.0
1753769316989,06:08:36.989,kucoinfutures,XRP/USDT:USDT,3.14161,779.0,3.1416,8.0,3.14162,50.0,3.14166,75.0
1753769317139,06:08:37.139,kucoinfutures,XRP/USDT:USDT,3.14161,779.0,3.1416,8.0,3.14162,50.0,3.14166,75.0
1753769317149,06:08:37.149,kucoinfutures,XRP/USDT:USDT,3.14161,779.0,3.1416,8.0,3.14162,50.0,3.14166,75.0
1753769317153,06:08:37.153,kucoinfutures,XRP/USDT:USDT,3.14161,779.0,3.1416,8.0,3.14162,50.0,3.14166,75.0
1753769317154,06:08:37.154,kucoinfutures,XRP/USDT:USDT,3.14161,779.0,3.1416,8.0,3.14162,50.0,3.14166,75.0
1753769317229,06:08:37.229,kucoinfutures,XRP/USDT:USDT,3.14161,779.0,3.1416,8.0,3.14162,50.0,3.14172,47.0
1753769317291,06:08:37.291,kucoinfutures,XRP/USDT:USDT,3.14161,779.0,3.1416,8.0,3.14162,50.0,3.14172,47.0
1753769317470,06:08:37.470,kucoinfutures,XRP/USDT:USDT,3.14161,779.0,3.1416,8.0,3.14162,50.0,3.1417,73.0
1753769317558,06:08:37.558,kucoinfutures,XRP/USDT:USDT,3.14161,779.0,3.1416,8.0,3.14162,50.0,3.1417,73.0
1753769317561,06:08:37.561,kucoinfutures,XRP/USDT:USDT,3.14161,779.0,3.1416,8.0,3.14162,50.0,3.1417,73.0
1753769317591,06:08:37.591,kucoinfutures,XRP/USDT:USDT,3.14161,779.0,3.1416,8.0,3.14162,50.0,3.1417,73.0
1753769317698,06:08:37.698,kucoinfutures,XRP/USDT:USDT,3.14161,779.0,3.1416,8.0,3.14162,54.0,3.1417,73.0
1753769317700,06:08:37.700,kucoinfutures,XRP/USDT:USDT,3.14161,779.0,3.1416,8.0,3.14162,54.0,3.1417,73.0
1753769317795,06:08:37.795,kucoinfutures,XRP/USDT:USDT,3.14161,779.0,3.1416,8.0,3.14162,54.0,3.1417,73.0
1753769317799,06:08:37.799,kucoinfutures,XRP/USDT:USDT,3.14161,779.0,3.1416,8.0,3.14162,54.0,3.1417,73.0
1753769317840,06:08:37.840,kucoinfutures,XRP/USDT:USDT,3.14161,779.0,3.1416,8.0,3.14162,54.0,3.1417,73.0
1753769317951,06:08:37.951,kucoinfutures,XRP/USDT:USDT,3.14161,779.0,3.1416,8.0,3.14162,54.0,3.1417,73.0
1753769317969,06:08:37.969,kucoinfutures,XRP/USDT:USDT,3.14161,779.0,3.1416,8.0,3.14162,50.0,3.1417,73.0
1753769318078,06:08:38.078,kucoinfutures,XRP/USDT:USDT,3.14161,779.0,3.1416,8.0,3.14162,50.0,3.1417,73.0
1753769318207,06:08:38.207,kucoinfutures,XRP/USDT:USDT,3.14161,779.0,3.1416,8.0,3.14162,50.0,3.1417,73.0
1753769318211,06:08:38.211,kucoinfutures,XRP/USDT:USDT,3.14161,779.0,3.1416,8.0,3.14162,50.0,3.1417,73.0
1753769318212,06:08:38.212,kucoinfutures,XRP/USDT:USDT,3.14161,779.0,3.1416,8.0,3.14162,50.0,3.1417,73.0
1753769318231,06:08:38.231,kucoinfutures,XRP/USDT:USDT,3.14161,779.0,3.1416,8.0,3.14162,50.0,3.1417,73.0
1753769318231,06:08:38.231,kucoinfutures,XRP/USDT:USDT,3.14161,779.0,3.1416,8.0,3.14162,50.0,3.1417,73.0
1753769318234,06:08:38.234,kucoinfutures,XRP/USDT:USDT,3.14161,779.0,3.1416,8.0,3.14162,50.0,3.1417,73.0
1753769318260,06:08:38.260,kucoinfutures,XRP/USDT:USDT,3.14161,779.0,3.1416,8.0,3.14162,50.0,3.1417,73.0
1753769318286,06:08:38.286,kucoinfutures,XRP/USDT:USDT,3.14161,779.0,3.1416,8.0,3.14162,50.0,3.1417,73.0
1753769318313,06:08:38.313,kucoinfutures,XRP/USDT:USDT,3.14161,779.0,3.1416,8.0,3.14162,50.0,3.1417,73.0
1753769318314,06:08:38.314,kucoinfutures,XRP/USDT:USDT,3.14161,779.0,3.1416,8.0,3.14162,50.0,3.1417,73.0
1753769318315,06:08:38.315,kucoinfutures,XRP/USDT:USDT,3.14161,779.0,3.1416,8.0,3.14162,50.0,3.1417,73.0
1753769318319,06:08:38.319,kucoinfutures,XRP/USDT:USDT,3.14161,779.0,3.1416,8.0,3.14162,50.0,3.1417,73.0
1753769318340,06:08:38.340,kucoinfutures,XRP/USDT:USDT,3.14161,779.0,3.1416,8.0,3.14162,50.0,3.1417,73.0
1753769318344,06:08:38.344,kucoinfutures,XRP/USDT:USDT,3.14161,779.0,3.1416,8.0,3.14162,50.0,3.1417,73.0
1753769318371,06:08:38.371,kucoinfutures,XRP/USDT:USDT,3.14161,779.0,3.1416,8.0,3.14162,50.0,3.1417,73.0
1753769318406,06:08:38.406,kucoinfutures,XRP/USDT:USDT,3.14161,779.0,3.1416,8.0,3.14162,50.0,3.1417,73.0
1753769318409,06:08:38.409,kucoinfutures,XRP/USDT:USDT,3.14161,779.0,3.1416,8.0,3.14162,50.0,3.1417,73.0
1753769318419,06:08:38.419,kucoinfutures,XRP/USDT:USDT,3.14161,779.0,3.1416,8.0,3.14162,50.0,3.1417,73.0
1753769318419,06:08:38.419,kucoinfutures,XRP/USDT:USDT,3.14161,779.0,3.1416,8.0,3.14162,50.0,3.1417,73.0
1753769318615,06:08:38.615,kucoinfutures,XRP/USDT:USDT,3.14161,779.0,3.1416,8.0,3.14162,50.0,3.1417,73.0
1753769318688,06:08:38.688,kucoinfutures,XRP/USDT:USDT,3.14161,779.0,3.1416,8.0,3.14162,50.0,3.14172,47.0
1753769318750,06:08:38.750,kucoinfutures,XRP/USDT:USDT,3.14161,779.0,3.1416,8.0,3.14162,50.0,3.14173,155.0
1753769318823,06:08:38.823,kucoinfutures,XRP/USDT:USDT,3.14161,779.0,3.1416,8.0,3.14162,50.0,3.14173,155.0
1753769318929,06:08:38.929,kucoinfutures,XRP/USDT:USDT,3.14161,779.0,3.1416,8.0,3.14162,50.0,3.14173,155.0
1753769318932,06:08:38.932,kucoinfutures,XRP/USDT:USDT,3.14161,779.0,3.1416,8.0,3.14162,50.0,3.14173,155.0
1753769319005,06:08:39.005,kucoinfutures,XRP/USDT:USDT,3.14161,779.0,3.1416,8.0,3.14162,50.0,3.14172,76.0
1753769319005,06:08:39.005,kucoinfutures,XRP/USDT:USDT,3.14161,779.0,3.1416,8.0,3.14162,50.0,3.14172,76.0
1753769319007,06:08:39.007,kucoinfutures,XRP/USDT:USDT,3.14161,779.0,3.1416,8.0,3.14162,50.0,3.14172,76.0
1753769319009,06:08:39.009,kucoinfutures,XRP/USDT:USDT,3.14161,779.0,3.1416,8.0,3.14162,50.0,3.14172,76.0
1753769319112,06:08:39.112,kucoinfutures,XRP/USDT:USDT,3.14161,779.0,3.1416,8.0,3.14162,50.0,3.14172,76.0
1753769319264,06:08:39.264,kucoinfutures,XRP/USDT:USDT,3.14161,779.0,3.1416,8.0,3.14162,50.0,3.14172,76.0
1753769319311,06:08:39.311,kucoinfutures,XRP/USDT:USDT,3.14161,779.0,3.1416,8.0,3.14162,50.0,3.14172,76.0
1753769319443,06:08:39.443,kucoinfutures,XRP/USDT:USDT,3.14161,779.0,3.1416,8.0,3.14162,50.0,3.14172,76.0
1753769319659,06:08:39.659,kucoinfutures,XRP/USDT:USDT,3.14161,779.0,3.1416,8.0,3.14162,50.0,3.14172,76.0
1753769319671,06:08:39.671,kucoinfutures,XRP/USDT:USDT,3.14161,779.0,3.1416,8.0,3.14162,50.0,3.14172,76.0
1753769319724,06:08:39.724,kucoinfutures,XRP/USDT:USDT,3.14161,779.0,3.1416,8.0,3.14162,50.0,3.14172,76.0
1753769319869,06:08:39.869,kucoinfutures,XRP/USDT:USDT,3.14161,779.0,3.1416,8.0,3.14162,50.0,3.14172,76.0
1753769319874,06:08:39.874,kucoinfutures,XRP/USDT:USDT,3.14161,779.0,3.1416,8.0,3.14162,50.0,3.14172,76.0
1753769320006,06:08:40.006,kucoinfutures,XRP/USDT:USDT,3.14161,779.0,3.1416,8.0,3.14162,50.0,3.14172,76.0
1753769320006,06:08:40.006,kucoinfutures,XRP/USDT:USDT,3.14161,779.0,3.1416,8.0,3.14162,50.0,3.14172,76.0
1753769320022,06:08:40.022,kucoinfutures,XRP/USDT:USDT,3.14161,779.0,3.1416,8.0,3.14162,50.0,3.14172,76.0
1753769320035,06:08:40.035,kucoinfutures,XRP/USDT:USDT,3.14161,779.0,3.1416,8.0,3.14162,50.0,3.14172,76.0
1753769320035,06:08:40.035,kucoinfutures,XRP/USDT:USDT,3.14161,779.0,3.1416,8.0,3.14162,50.0,3.14172,76.0
1753769320037,06:08:40.037,kucoinfutures,XRP/USDT:USDT,3.14161,779.0,3.1416,8.0,3.14162,50.0,3.14172,76.0
1753769320037,06:08:40.037,kucoinfutures,XRP/USDT:USDT,3.14161,779.0,3.1416,8.0,3.14162,50.0,3.14172,76.0
1753769320039,06:08:40.039,kucoinfutures,XRP/USDT:USDT,3.14161,779.0,3.1416,8.0,3.14162,50.0,3.14172,76.0
1753769320041,06:08:40.041,kucoinfutures,XRP/USDT:USDT,3.14161,779.0,3.1416,8.0,3.14162,50.0,3.14172,76.0
1753769320041,06:08:40.041,kucoinfutures,XRP/USDT:USDT,3.14161,779.0,3.1416,8.0,3.14162,50.0,3.14172,76.0
1753769320047,06:08:40.047,kucoinfutures,XRP/USDT:USDT,3.14161,779.0,3.1416,8.0,3.14162,50.0,3.14172,76.0
1753769320051,06:08:40.051,kucoinfutures,XRP/USDT:USDT,3.14161,779.0,3.1416,8.0,3.14162,50.0,3.14172,76.0
1753769320053,06:08:40.053,kucoinfutures,XRP/USDT:USDT,3.14161,779.0,3.1416,8.0,3.14162,50.0,3.14172,76.0
1753769320061,06:08:40.061,kucoinfutures,XRP/USDT:USDT,3.14161,779.0,3.1416,8.0,3.14162,50.0,3.14172,76.0
1753769320065,06:08:40.065,kucoinfutures,XRP/USDT:USDT,3.14161,779.0,3.1416,8.0,3.14162,50.0,3.14172,76.0
1753769320071,06:08:40.071,kucoinfutures,XRP/USDT:USDT,3.14161,779.0,3.1416,8.0,3.14162,50.0,3.14172,76.0
1753769320075,06:08:40.075,kucoinfutures,XRP/USDT:USDT,3.14161,779.0,3.1416,8.0,3.14162,50.0,3.14172,76.0
1753769320094,06:08:40.094,kucoinfutures,XRP/USDT:USDT,3.14161,779.0,3.1416,8.0,3.14162,50.0,3.14172,76.0
1753769320105,06:08:40.105,kucoinfutures,XRP/USDT:USDT,3.14161,779.0,3.1416,8.0,3.14162,50.0,3.14176,73.0
1753769320108,06:08:40.108,kucoinfutures,XRP/USDT:USDT,3.14161,779.0,3.1416,8.0,3.14162,50.0,3.14176,73.0
1753769320110,06:08:40.110,kucoinfutures,XRP/USDT:USDT,3.14161,779.0,3.1416,8.0,3.14162,50.0,3.14176,73.0
1753769320116,06:08:40.116,kucoinfutures,XRP/USDT:USDT,3.14161,779.0,3.1416,8.0,3.14162,50.0,3.14176,73.0
1753769320119,06:08:40.119,kucoinfutures,XRP/USDT:USDT,3.14161,779.0,3.1416,8.0,3.14162,50.0,3.14176,73.0
1753769320120,06:08:40.120,kucoinfutures,XRP/USDT:USDT,3.14161,779.0,3.1416,8.0,3.14162,50.0,3.14176,73.0
1753769320124,06:08:40.124,kucoinfutures,XRP/USDT:USDT,3.14161,779.0,3.1416,8.0,3.14162,50.0,3.1418,1.0
1753769320131,06:08:40.131,kucoinfutures,XRP/USDT:USDT,3.14161,716.0,3.1416,8.0,3.14162,88.0,3.1418,74.0
1753769320146,06:08:40.146,kucoinfutures,XRP/USDT:USDT,3.14179,449.0,3.14163,122.0,3.1418,147.0,3.14187,76.0
1753769320151,06:08:40.151,kucoinfutures,XRP/USDT:USDT,3.14179,641.0,3.14178,270.0,3.1418,147.0,3.14187,76.0
1753769320187,06:08:40.187,kucoinfutures,XRP/USDT:USDT,3.14179,911.0,3.14163,122.0,3.1418,147.0,3.14187,76.0
1753769320190,06:08:40.190,kucoinfutures,XRP/USDT:USDT,3.14179,911.0,3.14163,122.0,3.1418,147.0,3.14187,76.0
1753769320194,06:08:40.194,kucoinfutures,XRP/USDT:USDT,3.14179,911.0,3.14163,122.0,3.1418,147.0,3.14187,76.0
1753769320200,06:08:40.200,kucoinfutures,XRP/USDT:USDT,3.14179,911.0,3.14163,122.0,3.1418,147.0,3.14187,76.0
1753769320205,06:08:40.205,kucoinfutures,XRP/USDT:USDT,3.14179,911.0,3.14163,122.0,3.1418,147.0,3.14187,76.0
1753769320205,06:08:40.205,kucoinfutures,XRP/USDT:USDT,3.14179,911.0,3.14163,122.0,3.1418,147.0,3.14188,76.0
1753769320211,06:08:40.211,kucoinfutures,XRP/USDT:USDT,3.14179,911.0,3.14163,122.0,3.1418,74.0,3.14188,76.0
1753769320221,06:08:40.221,kucoinfutures,XRP/USDT:USDT,3.14179,911.0,3.14163,122.0,3.1418,74.0,3.14188,76.0
1753769320229,06:08:40.229,kucoinfutures,XRP/USDT:USDT,3.14179,911.0,3.14163,122.0,3.1418,74.0,3.14188,76.0
1753769320232,06:08:40.232,kucoinfutures,XRP/USDT:USDT,3.14179,911.0,3.14163,122.0,3.1418,74.0,3.14188,76.0
1753769320236,06:08:40.236,kucoinfutures,XRP/USDT:USDT,3.14179,911.0,3.14163,122.0,3.1418,74.0,3.14188,76.0
1753769320236,06:08:40.236,kucoinfutures,XRP/USDT:USDT,3.14179,911.0,3.14163,122.0,3.1418,74.0,3.14188,76.0
1753769320240,06:08:40.240,kucoinfutures,XRP/USDT:USDT,3.14179,911.0,3.14163,122.0,3.1418,74.0,3.14188,76.0
1753769320251,06:08:40.251,kucoinfutures,XRP/USDT:USDT,3.14179,911.0,3.14163,122.0,3.1418,74.0,3.14188,76.0
1753769320279,06:08:40.279,kucoinfutures,XRP/USDT:USDT,3.14179,911.0,3.14163,122.0,3.1418,74.0,3.14188,76.0
1753769320311,06:08:40.311,kucoinfutures,XRP/USDT:USDT,3.14179,911.0,3.14163,122.0,3.1418,74.0,3.14184,75.0
1753769320317,06:08:40.317,kucoinfutures,XRP/USDT:USDT,3.14179,911.0,3.14163,122.0,3.1418,74.0,3.14184,75.0
1753769320320,06:08:40.320,kucoinfutures,XRP/USDT:USDT,3.14179,911.0,3.14163,122.0,3.1418,74.0,3.14184,75.0
1753769320320,06:08:40.320,kucoinfutures,XRP/USDT:USDT,3.14179,911.0,3.14163,122.0,3.1418,74.0,3.14184,75.0
1753769320324,06:08:40.324,kucoinfutures,XRP/USDT:USDT,3.14179,911.0,3.14163,122.0,3.1418,74.0,3.14184,75.0
1753769320324,06:08:40.324,kucoinfutures,XRP/USDT:USDT,3.14179,911.0,3.14163,122.0,3.1418,74.0,3.14184,75.0
1753769320326,06:08:40.326,kucoinfutures,XRP/USDT:USDT,3.14179,911.0,3.14163,122.0,3.1418,74.0,3.14184,75.0
1753769320327,06:08:40.327,kucoinfutures,XRP/USDT:USDT,3.14179,911.0,3.14163,122.0,3.1418,74.0,3.14188,76.0
1753769320327,06:08:40.327,kucoinfutures,XRP/USDT:USDT,3.14179,911.0,3.14163,122.0,3.1418,74.0,3.14188,76.0
1753769320329,06:08:40.329,kucoinfutures,XRP/USDT:USDT,3.14179,911.0,3.14164,80.0,3.14188,76.0,3.14189,620.0
1753769320330,06:08:40.330,kucoinfutures,XRP/USDT:USDT,3.14187,3.0,3.14179,911.0,3.14188,76.0,3.14189,620.0
1753769320332,06:08:40.332,kucoinfutures,XRP/USDT:USDT,3.14187,67.0,3.1418,100.0,3.14188,76.0,3.14189,620.0
1753769320335,06:08:40.335,kucoinfutures,XRP/USDT:USDT,3.14187,590.0,3.1418,100.0,3.14188,76.0,3.14224,5.0
1753769320346,06:08:40.346,kucoinfutures,XRP/USDT:USDT,3.14187,660.0,3.1418,81.0,3.14188,54.0,3.14224,5.0
1753769320351,06:08:40.351,kucoinfutures,XRP/USDT:USDT,3.14187,660.0,3.1418,81.0,3.14188,54.0,3.14224,5.0
1753769320353,06:08:40.353,kucoinfutures,XRP/USDT:USDT,3.14187,930.0,3.1418,81.0,3.14188,54.0,3.14224,5.0
1753769320354,06:08:40.354,kucoinfutures,XRP/USDT:USDT,3.14187,930.0,3.1418,81.0,3.14188,54.0,3.14224,5.0
1753769320354,06:08:40.354,kucoinfutures,XRP/USDT:USDT,3.14187,930.0,3.1418,81.0,3.14188,54.0,3.14224,5.0
1753769320359,06:08:40.359,kucoinfutures,XRP/USDT:USDT,3.14187,930.0,3.14172,73.0,3.14188,54.0,3.14224,5.0
1753769320362,06:08:40.362,kucoinfutures,XRP/USDT:USDT,3.14187,930.0,3.14172,73.0,3.14188,54.0,3.14224,5.0
1753769320375,06:08:40.375,kucoinfutures,XRP/USDT:USDT,3.14187,930.0,3.14172,73.0,3.14188,54.0,3.14224,5.0
1753769320381,06:08:40.381,kucoinfutures,XRP/USDT:USDT,3.14187,930.0,3.14172,73.0,3.14188,54.0,3.14224,5.0
1753769320391,06:08:40.391,kucoinfutures,XRP/USDT:USDT,3.14187,930.0,3.14172,73.0,3.14188,54.0,3.14224,5.0
1753769320393,06:08:40.393,kucoinfutures,XRP/USDT:USDT,3.14187,930.0,3.14172,73.0,3.14188,54.0,3.14224,5.0
1753769320400,06:08:40.400,kucoinfutures,XRP/USDT:USDT,3.14187,930.0,3.14172,73.0,3.14188,54.0,3.14224,5.0
1753769320401,06:08:40.401,kucoinfutures,XRP/USDT:USDT,3.14187,930.0,3.14172,73.0,3.14188,54.0,3.14224,5.0
1753769320406,06:08:40.406,kucoinfutures,XRP/USDT:USDT,3.14223,51.0,3.14187,930.0,3.14243,106.0,3.14255,103.0
1753769320408,06:08:40.408,kucoinfutures,XRP/USDT:USDT,3.14223,51.0,3.14187,930.0,3.14243,106.0,3.14255,103.0
1753769320408,06:08:40.408,kucoinfutures,XRP/USDT:USDT,3.14223,76.0,3.14187,893.0,3.14224,9.0,3.14242,9.0
1753769320409,06:08:40.409,kucoinfutures,XRP/USDT:USDT,3.14223,93.0,3.14202,112.0,3.14224,9.0,3.14242,9.0
1753769320409,06:08:40.409,kucoinfutures,XRP/USDT:USDT,3.14223,152.0,3.14203,63.0,3.14224,9.0,3.14242,9.0
1753769320409,06:08:40.409,kucoinfutures,XRP/USDT:USDT,3.14223,152.0,3.14203,63.0,3.14224,9.0,3.14242,31.0
1753769320409,06:08:40.409,kucoinfutures,XRP/USDT:USDT,3.14223,152.0,3.14203,63.0,3.14224,9.0,3.14242,31.0
1753769320411,06:08:40.411,kucoinfutures,XRP/USDT:USDT,3.14223,152.0,3.14203,63.0,3.14224,9.0,3.14242,35.0
1753769320411,06:08:40.411,kucoinfutures,XRP/USDT:USDT,3.14223,152.0,3.14203,63.0,3.14224,9.0,3.14242,147.0
1753769320411,06:08:40.411,kucoinfutures,XRP/USDT:USDT,3.14223,152.0,3.14203,63.0,3.14224,9.0,3.14242,147.0
1753769320412,06:08:40.412,kucoinfutures,XRP/USDT:USDT,3.14223,135.0,3.14203,63.0,3.14224,9.0,3.14242,147.0
1753769320413,06:08:40.413,kucoinfutures,XRP/USDT:USDT,3.14223,135.0,3.1422,10.0,3.14224,9.0,3.14242,138.0
1753769320413,06:08:40.413,kucoinfutures,XRP/USDT:USDT,3.14223,198.0,3.1422,10.0,3.14224,9.0,3.14242,138.0
1753769320414,06:08:40.414,kucoinfutures,XRP/USDT:USDT,3.14223,482.0,3.1422,10.0,3.14224,9.0,3.14242,138.0
1753769320414,06:08:40.414,kucoinfutures,XRP/USDT:USDT,3.14223,494.0,3.1422,10.0,3.14224,26.0,3.14242,138.0
1753769320415,06:08:40.415,kucoinfutures,XRP/USDT:USDT,3.14223,494.0,3.1422,10.0,3.14224,26.0,3.14242,138.0
1753769320415,06:08:40.415,kucoinfutures,XRP/USDT:USDT,3.14223,494.0,3.1422,10.0,3.14224,26.0,3.14241,91.0
1753769320416,06:08:40.416,kucoinfutures,XRP/USDT:USDT,3.14223,686.0,3.1422,10.0,3.14224,26.0,3.14241,91.0
1753769320416,06:08:40.416,kucoinfutures,XRP/USDT:USDT,3.14223,686.0,3.1422,10.0,3.14224,26.0,3.14241,91.0
1753769320423,06:08:40.423,kucoinfutures,XRP/USDT:USDT,3.14223,703.0,3.1422,10.0,3.14224,26.0,3.14241,91.0
1753769320424,06:08:40.424,kucoinfutures,XRP/USDT:USDT,3.14223,703.0,3.1422,10.0,3.14224,26.0,3.14241,91.0
1753769320424,06:08:40.424,kucoinfutures,XRP/USDT:USDT,3.14223,703.0,3.1422,10.0,3.14224,30.0,3.14241,91.0
1753769320425,06:08:40.425,kucoinfutures,XRP/USDT:USDT,3.14223,973.0,3.1422,10.0,3.14224,30.0,3.14241,91.0
1753769320429,06:08:40.429,kucoinfutures,XRP/USDT:USDT,3.14223,973.0,3.1422,10.0,3.14224,30.0,3.14241,91.0
1753769320434,06:08:40.434,kucoinfutures,XRP/USDT:USDT,3.14223,973.0,3.1422,10.0,3.14224,30.0,3.14241,91.0
1753769320437,06:08:40.437,kucoinfutures,XRP/USDT:USDT,3.14223,973.0,3.1422,10.0,3.14224,30.0,3.14241,91.0
1753769320441,06:08:40.441,kucoinfutures,XRP/USDT:USDT,3.14223,973.0,3.1422,10.0,3.14224,30.0,3.14241,91.0
1753769320446,06:08:40.446,kucoinfutures,XRP/USDT:USDT,3.14223,973.0,3.1422,10.0,3.14224,30.0,3.14241,91.0
1753769320446,06:08:40.446,kucoinfutures,XRP/USDT:USDT,3.14223,973.0,3.1422,10.0,3.14224,30.0,3.14241,91.0
1753769320451,06:08:40.451,kucoinfutures,XRP/USDT:USDT,3.14223,973.0,3.1422,10.0,3.14224,30.0,3.14241,91.0
1753769320451,06:08:40.451,kucoinfutures,XRP/USDT:USDT,3.14223,973.0,3.1422,10.0,3.14224,30.0,3.14241,91.0
1753769320456,06:08:40.456,kucoinfutures,XRP/USDT:USDT,3.14223,973.0,3.1422,10.0,3.14224,30.0,3.14241,91.0
1753769320457,06:08:40.457,kucoinfutures,XRP/USDT:USDT,3.14223,973.0,3.1422,10.0,3.14224,30.0,3.14241,91.0
1753769320458,06:08:40.458,kucoinfutures,XRP/USDT:USDT,3.14223,973.0,3.1422,10.0,3.14224,30.0,3.14241,91.0
1753769320461,06:08:40.461,kucoinfutures,XRP/USDT:USDT,3.14223,973.0,3.1422,10.0,3.14224,30.0,3.1424,100.0
1753769320466,06:08:40.466,kucoinfutures,XRP/USDT:USDT,3.14223,973.0,3.1422,10.0,3.14224,30.0,3.1424,100.0
1753769320469,06:08:40.469,kucoinfutures,XRP/USDT:USDT,3.14223,973.0,3.1422,10.0,3.14224,30.0,3.1424,100.0
1753769320476,06:08:40.476,kucoinfutures,XRP/USDT:USDT,3.14223,973.0,3.1422,10.0,3.14224,30.0,3.1424,100.0
1753769320476,06:08:40.476,kucoinfutures,XRP/USDT:USDT,3.14223,973.0,3.1422,10.0,3.14224,30.0,3.1424,100.0
1753769320477,06:08:40.477,kucoinfutures,XRP/USDT:USDT,3.14223,973.0,3.1422,10.0,3.14224,30.0,3.1424,100.0
1753769320484,06:08:40.484,kucoinfutures,XRP/USDT:USDT,3.14223,973.0,3.1422,10.0,3.14224,30.0,3.1424,100.0
1753769320484,06:08:40.484,kucoinfutures,XRP/USDT:USDT,3.14223,973.0,3.1422,10.0,3.14224,30.0,3.1424,100.0
1753769320490,06:08:40.490,kucoinfutures,XRP/USDT:USDT,3.14223,973.0,3.1422,10.0,3.14224,30.0,3.1424,100.0
1753769320494,06:08:40.494,kucoinfutures,XRP/USDT:USDT,3.14223,973.0,3.1422,10.0,3.14224,30.0,3.1424,373.0
1753769320498,06:08:40.498,kucoinfutures,XRP/USDT:USDT,3.14223,973.0,3.1422,10.0,3.14224,30.0,3.1424,373.0
1753769320505,06:08:40.505,kucoinfutures,XRP/USDT:USDT,3.14223,973.0,3.1422,10.0,3.14224,30.0,3.14239,76.0
1753769320507,06:08:40.507,kucoinfutures,XRP/USDT:USDT,3.14223,973.0,3.1422,10.0,3.14224,30.0,3.14239,76.0
1753769320508,06:08:40.508,kucoinfutures,XRP/USDT:USDT,3.14223,973.0,3.1422,10.0,3.14224,30.0,3.14239,76.0
1753769320509,06:08:40.509,kucoinfutures,XRP/USDT:USDT,3.14223,973.0,3.1422,10.0,3.14224,30.0,3.14238,53.0
1753769320513,06:08:40.513,kucoinfutures,XRP/USDT:USDT,3.14223,973.0,3.1422,10.0,3.14224,30.0,3.14238,53.0
1753769320517,06:08:40.517,kucoinfutures,XRP/USDT:USDT,3.14223,973.0,3.1422,10.0,3.14224,30.0,3.14238,53.0
1753769320518,06:08:40.518,kucoinfutures,XRP/USDT:USDT,3.14223,973.0,3.1422,10.0,3.14224,30.0,3.14238,53.0
1753769320535,06:08:40.535,kucoinfutures,XRP/USDT:USDT,3.14223,973.0,3.1422,10.0,3.14224,30.0,3.14238,53.0
1753769320536,06:08:40.536,kucoinfutures,XRP/USDT:USDT,3.14223,973.0,3.1422,10.0,3.14224,30.0,3.14238,53.0
1753769320536,06:08:40.536,kucoinfutures,XRP/USDT:USDT,3.14223,973.0,3.1422,10.0,3.14224,30.0,3.14238,53.0
1753769320540,06:08:40.540,kucoinfutures,XRP/USDT:USDT,3.14223,973.0,3.1422,10.0,3.14224,30.0,3.14238,53.0
1753769320542,06:08:40.542,kucoinfutures,XRP/USDT:USDT,3.14223,973.0,3.1422,10.0,3.14224,30.0,3.14238,53.0
1753769320546,06:08:40.546,kucoinfutures,XRP/USDT:USDT,3.14223,973.0,3.1422,10.0,3.14224,30.0,3.14239,76.0
1753769320552,06:08:40.552,kucoinfutures,XRP/USDT:USDT,3.14223,973.0,3.1422,10.0,3.14224,21.0,3.14239,76.0
1753769320552,06:08:40.552,kucoinfutures,XRP/USDT:USDT,3.14223,973.0,3.1422,10.0,3.14224,21.0,3.14239,76.0
1753769320556,06:08:40.556,kucoinfutures,XRP/USDT:USDT,3.14223,973.0,3.1422,10.0,3.14224,21.0,3.14239,76.0
1753769320558,06:08:40.558,kucoinfutures,XRP/USDT:USDT,3.14223,973.0,3.1422,10.0,3.14224,21.0,3.14239,76.0
1753769320561,06:08:40.561,kucoinfutures,XRP/USDT:USDT,3.14223,973.0,3.1422,10.0,3.14224,21.0,3.14239,76.0
1753769320562,06:08:40.562,kucoinfutures,XRP/USDT:USDT,3.14223,973.0,3.1422,10.0,3.14224,21.0,3.14239,76.0
1753769320563,06:08:40.563,kucoinfutures,XRP/USDT:USDT,3.14223,973.0,3.1422,10.0,3.14224,21.0,3.14239,76.0
1753769320590,06:08:40.590,kucoinfutures,XRP/USDT:USDT,3.14223,973.0,3.1422,10.0,3.14224,21.0,3.14239,76.0
1753769320602,06:08:40.602,kucoinfutures,XRP/USDT:USDT,3.14223,973.0,3.1422,10.0,3.14224,21.0,3.14239,76.0
1753769320604,06:08:40.604,kucoinfutures,XRP/USDT:USDT,3.14223,973.0,3.1422,10.0,3.14224,21.0,3.14239,76.0
1753769320605,06:08:40.605,kucoinfutures,XRP/USDT:USDT,3.14223,973.0,3.1422,10.0,3.14224,21.0,3.14239,76.0
1753769320606,06:08:40.606,kucoinfutures,XRP/USDT:USDT,3.14223,973.0,3.1422,10.0,3.14224,21.0,3.14239,76.0
1753769320606,06:08:40.606,kucoinfutures,XRP/USDT:USDT,3.14223,973.0,3.1422,10.0,3.14224,21.0,3.14239,76.0
1753769320608,06:08:40.608,kucoinfutures,XRP/USDT:USDT,3.14223,973.0,3.1422,10.0,3.14224,21.0,3.14239,76.0
1753769320611,06:08:40.611,kucoinfutures,XRP/USDT:USDT,3.14223,973.0,3.1422,10.0,3.14224,21.0,3.14239,76.0
1753769320611,06:08:40.611,kucoinfutures,XRP/USDT:USDT,3.14223,973.0,3.1422,10.0,3.14224,21.0,3.14239,76.0
1753769320613,06:08:40.613,kucoinfutures,XRP/USDT:USDT,3.14223,973.0,3.1422,10.0,3.14224,21.0,3.14239,76.0
1753769320613,06:08:40.613,kucoinfutures,XRP/USDT:USDT,3.14223,973.0,3.1422,10.0,3.14224,21.0,3.14239,76.0
1753769320615,06:08:40.615,kucoinfutures,XRP/USDT:USDT,3.14223,973.0,3.1422,10.0,3.14224,21.0,3.14239,76.0
1753769320618,06:08:40.618,kucoinfutures,XRP/USDT:USDT,3.14223,973.0,3.1422,10.0,3.14224,21.0,3.14239,76.0
1753769320619,06:08:40.619,kucoinfutures,XRP/USDT:USDT,3.14223,973.0,3.1422,10.0,3.14224,21.0,3.14239,76.0
1753769320621,06:08:40.621,kucoinfutures,XRP/USDT:USDT,3.14223,973.0,3.1422,10.0,3.14224,21.0,3.14239,76.0
1753769320624,06:08:40.624,kucoinfutures,XRP/USDT:USDT,3.14223,973.0,3.1422,10.0,3.14224,21.0,3.14239,76.0
1753769320625,06:08:40.625,kucoinfutures,XRP/USDT:USDT,3.14223,973.0,3.1422,10.0,3.14224,21.0,3.14239,76.0
1753769320632,06:08:40.632,kucoinfutures,XRP/USDT:USDT,3.14223,973.0,3.1422,10.0,3.14224,21.0,3.14239,76.0
1753769320651,06:08:40.651,kucoinfutures,XRP/USDT:USDT,3.14223,973.0,3.1422,10.0,3.14224,21.0,3.14239,76.0
1753769320697,06:08:40.697,kucoinfutures,XRP/USDT:USDT,3.14223,973.0,3.1422,10.0,3.14224,21.0,3.14239,76.0
1753769320719,06:08:40.719,kucoinfutures,XRP/USDT:USDT,3.14223,973.0,3.1422,10.0,3.14224,21.0,3.14238,56.0
1753769320729,06:08:40.729,kucoinfutures,XRP/USDT:USDT,3.14223,973.0,3.1422,10.0,3.14224,21.0,3.14238,56.0
1753769320733,06:08:40.733,kucoinfutures,XRP/USDT:USDT,3.14223,973.0,3.1422,10.0,3.14224,21.0,3.14238,56.0
1753769320733,06:08:40.733,kucoinfutures,XRP/USDT:USDT,3.14223,973.0,3.1422,10.0,3.14224,21.0,3.14238,56.0
1753769320805,06:08:40.805,kucoinfutures,XRP/USDT:USDT,3.14223,973.0,3.1422,10.0,3.14224,21.0,3.14238,56.0
1753769320830,06:08:40.830,kucoinfutures,XRP/USDT:USDT,3.14223,973.0,3.1422,10.0,3.14224,21.0,3.14238,56.0
1753769320855,06:08:40.855,kucoinfutures,XRP/USDT:USDT,3.14223,973.0,3.1422,10.0,3.14224,21.0,3.14238,56.0
1753769320859,06:08:40.859,kucoinfutures,XRP/USDT:USDT,3.14223,973.0,3.1422,10.0,3.14224,21.0,3.14238,56.0
1753769320863,06:08:40.863,kucoinfutures,XRP/USDT:USDT,3.14223,973.0,3.1422,10.0,3.14224,21.0,3.14238,56.0
1753769320866,06:08:40.866,kucoinfutures,XRP/USDT:USDT,3.14223,973.0,3.1422,10.0,3.14224,21.0,3.14238,56.0
1753769320868,06:08:40.868,kucoinfutures,XRP/USDT:USDT,3.14223,973.0,3.1422,10.0,3.14224,21.0,3.14238,56.0
1753769320916,06:08:40.916,kucoinfutures,XRP/USDT:USDT,3.14223,973.0,3.1422,10.0,3.14224,21.0,3.14238,56.0
1753769320931,06:08:40.931,kucoinfutures,XRP/USDT:USDT,3.14223,973.0,3.1422,10.0,3.14224,21.0,3.14238,56.0
1753769320955,06:08:40.955,kucoinfutures,XRP/USDT:USDT,3.14223,973.0,3.1422,10.0,3.14224,21.0,3.14238,56.0
1753769320960,06:08:40.960,kucoinfutures,XRP/USDT:USDT,3.14223,973.0,3.1422,10.0,3.14224,21.0,3.14238,56.0
1753769320961,06:08:40.961,kucoinfutures,XRP/USDT:USDT,3.14223,973.0,3.1422,10.0,3.14224,21.0,3.14238,56.0
1753769320963,06:08:40.963,kucoinfutures,XRP/USDT:USDT,3.14223,973.0,3.1422,10.0,3.14224,21.0,3.14238,56.0
1753769320965,06:08:40.965,kucoinfutures,XRP/USDT:USDT,3.14223,973.0,3.1422,10.0,3.14224,21.0,3.14238,56.0
1753769321010,06:08:41.010,kucoinfutures,XRP/USDT:USDT,3.14223,973.0,3.1422,10.0,3.14224,21.0,3.14238,56.0
1753769321012,06:08:41.012,kucoinfutures,XRP/USDT:USDT,3.14223,973.0,3.1422,10.0,3.14224,21.0,3.14238,56.0
1753769321015,06:08:41.015,kucoinfutures,XRP/USDT:USDT,3.14223,973.0,3.1422,10.0,3.14224,21.0,3.14238,56.0
1753769321015,06:08:41.015,kucoinfutures,XRP/USDT:USDT,3.14223,973.0,3.1422,10.0,3.14224,21.0,3.14238,56.0
1753769321021,06:08:41.021,kucoinfutures,XRP/USDT:USDT,3.14223,973.0,3.1422,10.0,3.14224,21.0,3.14238,56.0
1753769321024,06:08:41.024,kucoinfutures,XRP/USDT:USDT,3.14223,973.0,3.1422,10.0,3.14224,21.0,3.14238,56.0
1753769321025,06:08:41.025,kucoinfutures,XRP/USDT:USDT,3.14223,973.0,3.1422,10.0,3.14224,21.0,3.14238,56.0
1753769321071,06:08:41.071,kucoinfutures,XRP/USDT:USDT,3.14223,973.0,3.1422,10.0,3.14224,21.0,3.14238,56.0
1753769321075,06:08:41.075,kucoinfutures,XRP/USDT:USDT,3.14223,973.0,3.1422,10.0,3.14224,21.0,3.14238,56.0
1753769321186,06:08:41.186,kucoinfutures,XRP/USDT:USDT,3.14223,973.0,3.1422,10.0,3.14224,21.0,3.14238,56.0
1753769321254,06:08:41.254,kucoinfutures,XRP/USDT:USDT,3.14223,973.0,3.1422,10.0,3.14224,21.0,3.14238,56.0
1753769321278,06:08:41.278,kucoinfutures,XRP/USDT:USDT,3.14223,973.0,3.1422,10.0,3.14224,21.0,3.14238,56.0
1753769321282,06:08:41.282,kucoinfutures,XRP/USDT:USDT,3.14223,973.0,3.1422,10.0,3.14224,21.0,3.14238,56.0
1753769321292,06:08:41.292,kucoinfutures,XRP/USDT:USDT,3.14223,973.0,3.1422,10.0,3.14224,21.0,3.14238,56.0
1753769321293,06:08:41.293,kucoinfutures,XRP/USDT:USDT,3.14223,973.0,3.1422,10.0,3.14224,21.0,3.14238,56.0
1753769321296,06:08:41.296,kucoinfutures,XRP/USDT:USDT,3.14223,973.0,3.1422,10.0,3.14224,21.0,3.14238,56.0
1753769321300,06:08:41.300,kucoinfutures,XRP/USDT:USDT,3.14223,973.0,3.1422,10.0,3.14224,21.0,3.14238,56.0
1753769321300,06:08:41.300,kucoinfutures,XRP/USDT:USDT,3.14223,973.0,3.1422,10.0,3.14224,17.0,3.14238,56.0
1753769321301,06:08:41.301,kucoinfutures,XRP/USDT:USDT,3.14223,973.0,3.1422,10.0,3.14238,56.0,3.14239,76.0
1753769321301,06:08:41.301,kucoinfutures,XRP/USDT:USDT,3.14237,3.0,3.14223,973.0,3.14238,56.0,3.14239,76.0
1753769321301,06:08:41.301,kucoinfutures,XRP/USDT:USDT,3.14237,3.0,3.14223,973.0,3.14238,56.0,3.14239,76.0
1753769321304,06:08:41.304,kucoinfutures,XRP/USDT:USDT,3.14237,8.0,3.14223,973.0,3.14239,76.0,3.1424,273.0
1753769321305,06:08:41.305,kucoinfutures,XRP/USDT:USDT,3.14237,120.0,3.14223,973.0,3.14239,76.0,3.1424,273.0
1753769321305,06:08:41.305,kucoinfutures,XRP/USDT:USDT,3.14237,242.0,3.14223,910.0,3.14239,76.0,3.1424,273.0
1753769321307,06:08:41.307,kucoinfutures,XRP/USDT:USDT,3.14238,128.0,3.14237,468.0,3.14239,76.0,3.1424,273.0
1753769321309,06:08:41.309,kucoinfutures,XRP/USDT:USDT,3.14238,128.0,3.14237,357.0,3.14239,76.0,3.1424,273.0
1753769321313,06:08:41.313,kucoinfutures,XRP/USDT:USDT,3.14238,593.0,3.14237,8.0,3.14239,80.0,3.1424,273.0
1753769321321,06:08:41.321,kucoinfutures,XRP/USDT:USDT,3.14238,593.0,3.14223,270.0,3.14239,80.0,3.1424,273.0
1753769321325,06:08:41.325,kucoinfutures,XRP/USDT:USDT,3.14238,593.0,3.14223,270.0,3.14239,80.0,3.1424,273.0
1753769321329,06:08:41.329,kucoinfutures,XRP/USDT:USDT,3.14238,593.0,3.14223,270.0,3.14239,80.0,3.1424,273.0
1753769321330,06:08:41.330,kucoinfutures,XRP/USDT:USDT,3.14238,593.0,3.14223,270.0,3.14239,80.0,3.1424,273.0
1753769321330,06:08:41.330,kucoinfutures,XRP/USDT:USDT,3.14238,593.0,3.14223,270.0,3.14239,80.0,3.1424,273.0
1753769321332,06:08:41.332,kucoinfutures,XRP/USDT:USDT,3.14238,593.0,3.14223,270.0,3.14239,80.0,3.1424,273.0
1753769321336,06:08:41.336,kucoinfutures,XRP/USDT:USDT,3.14238,593.0,3.14223,270.0,3.14239,80.0,3.1424,273.0
1753769321339,06:08:41.339,kucoinfutures,XRP/USDT:USDT,3.14238,593.0,3.14223,270.0,3.14239,80.0,3.1424,273.0
1753769321344,06:08:41.344,kucoinfutures,XRP/USDT:USDT,3.14238,593.0,3.14223,270.0,3.14239,80.0,3.1424,273.0
1753769321358,06:08:41.358,kucoinfutures,XRP/USDT:USDT,3.14238,593.0,3.14223,270.0,3.14239,80.0,3.1424,273.0
1753769321361,06:08:41.361,kucoinfutures,XRP/USDT:USDT,3.14238,593.0,3.14223,270.0,3.14239,80.0,3.1424,273.0
1753769321366,06:08:41.366,kucoinfutures,XRP/USDT:USDT,3.14238,593.0,3.14223,270.0,3.14239,80.0,3.1424,273.0
1753769321369,06:08:41.369,kucoinfutures,XRP/USDT:USDT,3.14238,593.0,3.14223,270.0,3.14239,80.0,3.1424,273.0
1753769321373,06:08:41.373,kucoinfutures,XRP/USDT:USDT,3.14238,863.0,3.14203,16.0,3.14239,80.0,3.1424,273.0
1753769321377,06:08:41.377,kucoinfutures,XRP/USDT:USDT,3.14238,863.0,3.14203,16.0,3.14239,97.0,3.1424,273.0
1753769321381,06:08:41.381,kucoinfutures,XRP/USDT:USDT,3.14238,863.0,3.14203,16.0,3.14239,106.0,3.1424,273.0
1753769321382,06:08:41.382,kucoinfutures,XRP/USDT:USDT,3.14238,863.0,3.14203,16.0,3.14239,106.0,3.1424,273.0
1753769321386,06:08:41.386,kucoinfutures,XRP/USDT:USDT,3.14238,863.0,3.14203,16.0,3.14239,106.0,3.1424,273.0
1753769321391,06:08:41.391,kucoinfutures,XRP/USDT:USDT,3.14238,863.0,3.14203,16.0,3.14239,106.0,3.1424,273.0
1753769321399,06:08:41.399,kucoinfutures,XRP/USDT:USDT,3.14238,863.0,3.14203,16.0,3.14239,106.0,3.1424,273.0
1753769321401,06:08:41.401,kucoinfutures,XRP/USDT:USDT,3.14238,863.0,3.14203,16.0,3.14239,106.0,3.1424,273.0
1753769321405,06:08:41.405,kucoinfutures,XRP/USDT:USDT,3.14238,863.0,3.14203,16.0,3.14239,106.0,3.1424,273.0
1753769321480,06:08:41.480,kucoinfutures,XRP/USDT:USDT,3.14238,863.0,3.14203,16.0,3.14239,106.0,3.1424,273.0
1753769321480,06:08:41.480,kucoinfutures,XRP/USDT:USDT,3.14238,863.0,3.14203,16.0,3.14239,106.0,3.1424,273.0
1753769321484,06:08:41.484,kucoinfutures,XRP/USDT:USDT,3.14238,863.0,3.14203,16.0,3.14239,106.0,3.1424,273.0
1753769321545,06:08:41.545,kucoinfutures,XRP/USDT:USDT,3.14238,863.0,3.14203,16.0,3.14239,106.0,3.1424,273.0
1753769321830,06:08:41.830,kucoinfutures,XRP/USDT:USDT,3.14238,863.0,3.14203,16.0,3.14239,106.0,3.1424,273.0
1753769321835,06:08:41.835,kucoinfutures,XRP/USDT:USDT,3.14238,863.0,3.14203,16.0,3.14239,106.0,3.1424,273.0
1753769321892,06:08:41.892,kucoinfutures,XRP/USDT:USDT,3.14238,863.0,3.14203,16.0,3.14239,106.0,3.1424,273.0
1753769321905,06:08:41.905,kucoinfutures,XRP/USDT:USDT,3.14238,863.0,3.14203,16.0,3.14239,106.0,3.1424,273.0
1753769321936,06:08:41.936,kucoinfutures,XRP/USDT:USDT,3.14238,863.0,3.14203,16.0,3.14239,106.0,3.1424,273.0
1753769322011,06:08:42.011,kucoinfutures,XRP/USDT:USDT,3.14238,863.0,3.14203,16.0,3.14239,106.0,3.1424,273.0
1753769322026,06:08:42.026,kucoinfutures,XRP/USDT:USDT,3.14238,863.0,3.14203,16.0,3.14239,106.0,3.1424,273.0
1753769322036,06:08:42.036,kucoinfutures,XRP/USDT:USDT,3.14238,863.0,3.14203,16.0,3.14239,106.0,3.1424,273.0
1753769322048,06:08:42.048,kucoinfutures,XRP/USDT:USDT,3.14238,688.0,3.14203,16.0,3.14239,239.0,3.1424,273.0
1753769322051,06:08:42.051,kucoinfutures,XRP/USDT:USDT,3.14238,688.0,3.14203,16.0,3.14239,261.0,3.1424,273.0
1753769322056,06:08:42.056,kucoinfutures,XRP/USDT:USDT,3.14238,688.0,3.14203,16.0,3.14239,261.0,3.1424,273.0
1753769322057,06:08:42.057,kucoinfutures,XRP/USDT:USDT,3.14238,688.0,3.14203,16.0,3.14239,261.0,3.1424,273.0
1753769322059,06:08:42.059,kucoinfutures,XRP/USDT:USDT,3.14238,688.0,3.14222,112.0,3.14239,261.0,3.1424,273.0
1753769322062,06:08:42.062,kucoinfutures,XRP/USDT:USDT,3.14238,688.0,3.14222,112.0,3.14239,261.0,3.1424,273.0
1753769322130,06:08:42.130,kucoinfutures,XRP/USDT:USDT,3.14238,406.0,3.14203,16.0,3.14239,303.0,3.1424,273.0
1753769322132,06:08:42.132,kucoinfutures,XRP/USDT:USDT,3.14238,381.0,3.14203,16.0,3.14239,303.0,3.1424,273.0
1753769322134,06:08:42.134,kucoinfutures,XRP/USDT:USDT,3.14238,189.0,3.14209,270.0,3.14239,303.0,3.1424,273.0
1753769322170,06:08:42.170,kucoinfutures,XRP/USDT:USDT,3.14238,115.0,3.14209,270.0,3.14239,303.0,3.1424,273.0
1753769322174,06:08:42.174,kucoinfutures,XRP/USDT:USDT,3.14238,115.0,3.14209,270.0,3.14239,303.0,3.1424,273.0
1753769322174,06:08:42.174,kucoinfutures,XRP/USDT:USDT,3.14238,115.0,3.14209,270.0,3.14239,303.0,3.1424,273.0
1753769322176,06:08:42.176,kucoinfutures,XRP/USDT:USDT,3.14238,115.0,3.14209,270.0,3.14239,303.0,3.1424,273.0
1753769322180,06:08:42.180,kucoinfutures,XRP/USDT:USDT,3.14238,115.0,3.14209,270.0,3.14239,303.0,3.1424,273.0
1753769322211,06:08:42.211,kucoinfutures,XRP/USDT:USDT,3.14238,17.0,3.14209,270.0,3.14239,303.0,3.1424,273.0
1753769322214,06:08:42.214,kucoinfutures,XRP/USDT:USDT,3.14238,17.0,3.14209,270.0,3.14239,303.0,3.1424,273.0
1753769322214,06:08:42.214,kucoinfutures,XRP/USDT:USDT,3.14238,17.0,3.14209,270.0,3.14239,303.0,3.1424,273.0
1753769322332,06:08:42.332,kucoinfutures,XRP/USDT:USDT,3.14238,17.0,3.14209,270.0,3.14239,303.0,3.1424,273.0
1753769322674,06:08:42.674,kucoinfutures,XRP/USDT:USDT,3.14238,17.0,3.14209,270.0,3.14239,303.0,3.1424,273.0
1753769322710,06:08:42.710,kucoinfutures,XRP/USDT:USDT,3.14238,17.0,3.14209,270.0,3.14239,303.0,3.1424,273.0
1753769322717,06:08:42.717,kucoinfutures,XRP/USDT:USDT,3.14238,17.0,3.14209,270.0,3.14239,303.0,3.1424,273.0
1753769322725,06:08:42.725,kucoinfutures,XRP/USDT:USDT,3.14238,17.0,3.14209,270.0,3.14239,303.0,3.1424,273.0
1753769322771,06:08:42.771,kucoinfutures,XRP/USDT:USDT,3.14238,17.0,3.14209,270.0,3.14239,303.0,3.1424,273.0
1753769322772,06:08:42.772,kucoinfutures,XRP/USDT:USDT,3.14238,17.0,3.14209,270.0,3.14239,303.0,3.1424,273.0
1753769322773,06:08:42.773,kucoinfutures,XRP/USDT:USDT,3.14238,17.0,3.14209,270.0,3.14239,303.0,3.1424,273.0
1753769322879,06:08:42.879,kucoinfutures,XRP/USDT:USDT,3.14238,17.0,3.14209,270.0,3.14239,303.0,3.1424,273.0
1753769322883,06:08:42.883,kucoinfutures,XRP/USDT:USDT,3.14238,17.0,3.14209,270.0,3.14239,303.0,3.1424,273.0
1753769322909,06:08:42.909,kucoinfutures,XRP/USDT:USDT,3.14238,17.0,3.14209,270.0,3.14239,303.0,3.1424,273.0
1753769322913,06:08:42.913,kucoinfutures,XRP/USDT:USDT,3.14238,17.0,3.14209,270.0,3.14239,303.0,3.1424,273.0
1753769322932,06:08:42.932,kucoinfutures,XRP/USDT:USDT,3.14238,17.0,3.14209,270.0,3.14239,303.0,3.1424,273.0
1753769322936,06:08:42.936,kucoinfutures,XRP/USDT:USDT,3.14238,17.0,3.14209,270.0,3.14239,303.0,3.1424,273.0
1753769323058,06:08:43.058,kucoinfutures,XRP/USDT:USDT,3.14238,17.0,3.14209,270.0,3.14239,303.0,3.1424,273.0
1753769323061,06:08:43.061,kucoinfutures,XRP/USDT:USDT,3.14238,17.0,3.14209,270.0,3.14239,303.0,3.1424,273.0
1753769323115,06:08:43.115,kucoinfutures,XRP/USDT:USDT,3.14238,17.0,3.14209,270.0,3.14239,303.0,3.1424,273.0
1753769323118,06:08:43.118,kucoinfutures,XRP/USDT:USDT,3.14238,17.0,3.14209,270.0,3.14239,303.0,3.1424,273.0
1753769323245,06:08:43.245,kucoinfutures,XRP/USDT:USDT,3.14238,17.0,3.14209,270.0,3.14239,303.0,3.1424,273.0
1753769323355,06:08:43.355,kucoinfutures,XRP/USDT:USDT,3.14238,17.0,3.14209,270.0,3.14239,303.0,3.1424,273.0
1753769323360,06:08:43.360,kucoinfutures,XRP/USDT:USDT,3.14238,17.0,3.14209,270.0,3.14239,303.0,3.1424,273.0
1753769323523,06:08:43.523,kucoinfutures,XRP/USDT:USDT,3.14209,270.0,3.14202,112.0,3.1421,3.0,3.14239,502.0
1753769323524,06:08:43.524,kucoinfutures,XRP/USDT:USDT,3.14209,270.0,3.14202,112.0,3.1421,12.0,3.14239,430.0
1753769323525,06:08:43.525,kucoinfutures,XRP/USDT:USDT,3.14209,270.0,3.14202,112.0,3.1421,34.0,3.14238,45.0
1753769323526,06:08:43.526,kucoinfutures,XRP/USDT:USDT,3.14209,270.0,3.14192,32.0,3.1421,54.0,3.14223,63.0
1753769323527,06:08:43.527,kucoinfutures,XRP/USDT:USDT,3.14209,344.0,3.14192,32.0,3.1421,284.0,3.14223,63.0
1753769323528,06:08:43.528,kucoinfutures,XRP/USDT:USDT,3.14209,553.0,3.14192,32.0,3.1421,384.0,3.14223,63.0
1753769323529,06:08:43.529,kucoinfutures,XRP/USDT:USDT,3.14209,308.0,3.14193,32.0,3.1421,386.0,3.14222,53.0
1753769323531,06:08:43.531,kucoinfutures,XRP/USDT:USDT,3.14209,383.0,3.14193,32.0,3.1421,384.0,3.14222,53.0
1753769323532,06:08:43.532,kucoinfutures,XRP/USDT:USDT,3.14209,383.0,3.14193,32.0,3.1421,384.0,3.14238,107.0
1753769323532,06:08:43.532,kucoinfutures,XRP/USDT:USDT,3.14209,320.0,3.14193,32.0,3.1421,384.0,3.14238,107.0
1753769323548,06:08:43.548,kucoinfutures,XRP/USDT:USDT,3.14209,320.0,3.14193,32.0,3.1421,447.0,3.14238,107.0
1753769323575,06:08:43.575,kucoinfutures,XRP/USDT:USDT,3.14209,320.0,3.14193,32.0,3.1421,447.0,3.14238,107.0
1753769323585,06:08:43.585,kucoinfutures,XRP/USDT:USDT,3.14209,320.0,3.14193,32.0,3.1421,447.0,3.14238,107.0
1753769323590,06:08:43.590,kucoinfutures,XRP/USDT:USDT,3.14209,320.0,3.14193,32.0,3.1421,447.0,3.14238,107.0
1753769323624,06:08:43.624,kucoinfutures,XRP/USDT:USDT,3.14209,115.0,3.14194,16.0,3.1421,646.0,3.14236,94.0
1753769323625,06:08:43.625,kucoinfutures,XRP/USDT:USDT,3.14209,115.0,3.14194,16.0,3.1421,646.0,3.14236,94.0
1753769323627,06:08:43.627,kucoinfutures,XRP/USDT:USDT,3.14209,115.0,3.14194,16.0,3.1421,646.0,3.14236,94.0
1753769323646,06:08:43.646,kucoinfutures,XRP/USDT:USDT,3.14209,115.0,3.14194,16.0,3.1421,646.0,3.14236,94.0
1753769323646,06:08:43.646,kucoinfutures,XRP/USDT:USDT,3.14209,115.0,3.14194,16.0,3.1421,646.0,3.14236,141.0
1753769323662,06:08:43.662,kucoinfutures,XRP/USDT:USDT,3.14209,140.0,3.14194,16.0,3.1421,646.0,3.14236,141.0
1753769323687,06:08:43.687,kucoinfutures,XRP/USDT:USDT,3.14209,214.0,3.14194,16.0,3.1421,646.0,3.14236,141.0
1753769323689,06:08:43.689,kucoinfutures,XRP/USDT:USDT,3.14209,214.0,3.14194,16.0,3.1421,646.0,3.14236,141.0
1753769323690,06:08:43.690,kucoinfutures,XRP/USDT:USDT,3.14209,214.0,3.14194,16.0,3.1421,646.0,3.14236,141.0
1753769323691,06:08:43.691,kucoinfutures,XRP/USDT:USDT,3.14209,214.0,3.14194,16.0,3.1421,646.0,3.14236,141.0
1753769323695,06:08:43.695,kucoinfutures,XRP/USDT:USDT,3.14209,214.0,3.14194,16.0,3.1421,646.0,3.14236,141.0
1753769323707,06:08:43.707,kucoinfutures,XRP/USDT:USDT,3.14209,214.0,3.14194,16.0,3.1421,646.0,3.14235,81.0
1753769323707,06:08:43.707,kucoinfutures,XRP/USDT:USDT,3.14209,214.0,3.14194,16.0,3.1421,447.0,3.14235,81.0
1753769323710,06:08:43.710,kucoinfutures,XRP/USDT:USDT,3.14209,289.0,3.14194,16.0,3.1421,447.0,3.14235,81.0
1753769323711,06:08:43.711,kucoinfutures,XRP/USDT:USDT,3.14209,289.0,3.14194,16.0,3.1421,384.0,3.14235,81.0
1753769323715,06:08:43.715,kucoinfutures,XRP/USDT:USDT,3.14209,289.0,3.14194,16.0,3.1421,271.0,3.14235,81.0
1753769323725,06:08:43.725,kucoinfutures,XRP/USDT:USDT,3.14209,289.0,3.14194,16.0,3.1421,255.0,3.14235,81.0
1753769323731,06:08:43.731,kucoinfutures,XRP/USDT:USDT,3.14209,289.0,3.14194,16.0,3.1421,255.0,3.14235,81.0
1753769323805,06:08:43.805,kucoinfutures,XRP/USDT:USDT,3.14209,594.0,3.14194,16.0,3.1421,214.0,3.14235,81.0
1753769323810,06:08:43.810,kucoinfutures,XRP/USDT:USDT,3.14209,594.0,3.14194,193.0,3.1421,214.0,3.14235,81.0
1753769323815,06:08:43.815,kucoinfutures,XRP/USDT:USDT,3.14209,594.0,3.14194,193.0,3.1421,214.0,3.14235,81.0
1753769323816,06:08:43.816,kucoinfutures,XRP/USDT:USDT,3.14209,594.0,3.14194,193.0,3.1421,214.0,3.14235,81.0
1753769323819,06:08:43.819,kucoinfutures,XRP/USDT:USDT,3.14209,594.0,3.14194,193.0,3.1421,214.0,3.14235,81.0
1753769323889,06:08:43.889,kucoinfutures,XRP/USDT:USDT,3.14209,594.0,3.14194,193.0,3.1421,214.0,3.14235,81.0
1753769323921,06:08:43.921,kucoinfutures,XRP/USDT:USDT,3.14209,594.0,3.14194,193.0,3.1421,214.0,3.14235,81.0
1753769323935,06:08:43.935,kucoinfutures,XRP/USDT:USDT,3.14209,594.0,3.14194,193.0,3.1421,214.0,3.14235,81.0
1753769323940,06:08:43.940,kucoinfutures,XRP/USDT:USDT,3.14209,594.0,3.14194,193.0,3.1421,214.0,3.14235,81.0
1753769323990,06:08:43.990,kucoinfutures,XRP/USDT:USDT,3.14209,594.0,3.14194,193.0,3.1421,214.0,3.14235,81.0
1753769323991,06:08:43.991,kucoinfutures,XRP/USDT:USDT,3.14209,594.0,3.14194,193.0,3.1421,214.0,3.14235,81.0
1753769324035,06:08:44.035,kucoinfutures,XRP/USDT:USDT,3.14209,226.0,3.14194,193.0,3.1421,218.0,3.14235,81.0
1753769324039,06:08:44.039,kucoinfutures,XRP/USDT:USDT,3.14209,178.0,3.14194,193.0,3.1421,55.0,3.14235,81.0
1753769324046,06:08:44.046,kucoinfutures,XRP/USDT:USDT,3.14209,115.0,3.14194,193.0,3.1421,168.0,3.14226,54.0
1753769324051,06:08:44.051,kucoinfutures,XRP/USDT:USDT,3.14209,115.0,3.14194,193.0,3.1421,168.0,3.14226,54.0
1753769324055,06:08:44.055,kucoinfutures,XRP/USDT:USDT,3.14209,115.0,3.14194,193.0,3.1421,168.0,3.14226,54.0
1753769324081,06:08:44.081,kucoinfutures,XRP/USDT:USDT,3.14209,115.0,3.14194,193.0,3.1421,168.0,3.14226,54.0
1753769324083,06:08:44.083,kucoinfutures,XRP/USDT:USDT,3.14209,115.0,3.14194,193.0,3.1421,231.0,3.14226,54.0
1753769324097,06:08:44.097,kucoinfutures,XRP/USDT:USDT,3.14209,115.0,3.14194,193.0,3.1421,231.0,3.14226,54.0
1753769324106,06:08:44.106,kucoinfutures,XRP/USDT:USDT,3.14209,115.0,3.14194,193.0,3.1421,231.0,3.14225,5.0
1753769324180,06:08:44.180,kucoinfutures,XRP/USDT:USDT,3.14209,115.0,3.14194,193.0,3.1421,231.0,3.14225,5.0
1753769324194,06:08:44.194,kucoinfutures,XRP/USDT:USDT,3.14209,115.0,3.14194,193.0,3.1421,231.0,3.14225,5.0
1753769324214,06:08:44.214,kucoinfutures,XRP/USDT:USDT,3.14209,115.0,3.14194,193.0,3.1421,231.0,3.14225,5.0
1753769324231,06:08:44.231,kucoinfutures,XRP/USDT:USDT,3.14209,115.0,3.14194,193.0,3.1421,231.0,3.14225,5.0
1753769324235,06:08:44.235,kucoinfutures,XRP/USDT:USDT,3.14209,115.0,3.14194,193.0,3.1421,231.0,3.14225,5.0
1753769324325,06:08:44.325,kucoinfutures,XRP/USDT:USDT,3.14209,115.0,3.14194,193.0,3.1421,231.0,3.14225,5.0
1753769324416,06:08:44.416,kucoinfutures,XRP/USDT:USDT,3.14209,115.0,3.14194,193.0,3.1421,231.0,3.14225,5.0
1753769324506,06:08:44.506,kucoinfutures,XRP/USDT:USDT,3.14209,115.0,3.14194,193.0,3.1421,231.0,3.14225,5.0
1753769324516,06:08:44.516,kucoinfutures,XRP/USDT:USDT,3.14209,115.0,3.14194,193.0,3.1421,231.0,3.14225,5.0
1753769324521,06:08:44.521,kucoinfutures,XRP/USDT:USDT,3.14209,115.0,3.14194,193.0,3.1421,231.0,3.14225,5.0
1753769324537,06:08:44.537,kucoinfutures,XRP/USDT:USDT,3.14209,115.0,3.14194,193.0,3.1421,231.0,3.14225,5.0
1753769324594,06:08:44.594,kucoinfutures,XRP/USDT:USDT,3.14209,115.0,3.14194,193.0,3.1421,231.0,3.14225,5.0
1753769324682,06:08:44.682,kucoinfutures,XRP/USDT:USDT,3.14209,115.0,3.14194,193.0,3.1421,230.0,3.14225,5.0
1753769324687,06:08:44.687,kucoinfutures,XRP/USDT:USDT,3.14209,178.0,3.14194,193.0,3.1421,167.0,3.14225,5.0
1753769324717,06:08:44.717,kucoinfutures,XRP/USDT:USDT,3.14209,178.0,3.14194,193.0,3.1421,167.0,3.14225,5.0
1753769324799,06:08:44.799,kucoinfutures,XRP/USDT:USDT,3.14209,178.0,3.14194,193.0,3.1421,167.0,3.14225,5.0
1753769324822,06:08:44.822,kucoinfutures,XRP/USDT:USDT,3.14209,178.0,3.14194,193.0,3.1421,167.0,3.14225,5.0
1753769324900,06:08:44.900,kucoinfutures,XRP/USDT:USDT,3.14209,178.0,3.14194,193.0,3.1421,167.0,3.14225,5.0
1753769324934,06:08:44.934,kucoinfutures,XRP/USDT:USDT,3.14209,178.0,3.14194,193.0,3.1421,167.0,3.14225,5.0
1753769324971,06:08:44.971,kucoinfutures,XRP/USDT:USDT,3.14209,178.0,3.14194,193.0,3.1421,167.0,3.14225,5.0
1753769324980,06:08:44.980,kucoinfutures,XRP/USDT:USDT,3.14209,178.0,3.14194,193.0,3.1421,167.0,3.14225,5.0
1753769324999,06:08:44.999,kucoinfutures,XRP/USDT:USDT,3.14209,178.0,3.14194,193.0,3.1421,230.0,3.14225,5.0
1753769325001,06:08:45.001,kucoinfutures,XRP/USDT:USDT,3.14209,115.0,3.14194,193.0,3.1421,230.0,3.14225,5.0
1753769325005,06:08:45.005,kucoinfutures,XRP/USDT:USDT,3.14209,115.0,3.14194,193.0,3.1421,230.0,3.14225,5.0
1753769325005,06:08:45.005,kucoinfutures,XRP/USDT:USDT,3.14209,115.0,3.14194,193.0,3.1421,230.0,3.14225,5.0
1753769325007,06:08:45.007,kucoinfutures,XRP/USDT:USDT,3.14209,115.0,3.14194,193.0,3.1421,230.0,3.14225,5.0
1753769325011,06:08:45.011,kucoinfutures,XRP/USDT:USDT,3.14209,115.0,3.14194,193.0,3.1421,230.0,3.14225,5.0
1753769325030,06:08:45.030,kucoinfutures,XRP/USDT:USDT,3.14209,115.0,3.14194,193.0,3.1421,230.0,3.14225,5.0
1753769325105,06:08:45.105,kucoinfutures,XRP/USDT:USDT,3.14209,115.0,3.14194,177.0,3.1421,230.0,3.14225,5.0
1753769325204,06:08:45.204,kucoinfutures,XRP/USDT:USDT,3.14209,115.0,3.14195,16.0,3.1421,230.0,3.14225,5.0
1753769325209,06:08:45.209,kucoinfutures,XRP/USDT:USDT,3.14209,115.0,3.14194,193.0,3.1421,230.0,3.14225,5.0
1753769325233,06:08:45.233,kucoinfutures,XRP/USDT:USDT,3.14209,115.0,3.14194,193.0,3.1421,230.0,3.14225,5.0
1753769325305,06:08:45.305,kucoinfutures,XRP/USDT:USDT,3.14209,115.0,3.14194,16.0,3.1421,230.0,3.14225,5.0
1753769325305,06:08:45.305,kucoinfutures,XRP/USDT:USDT,3.14209,115.0,3.14194,16.0,3.1421,230.0,3.14225,5.0
1753769325307,06:08:45.307,kucoinfutures,XRP/USDT:USDT,3.14209,115.0,3.14189,16.0,3.1421,230.0,3.14225,5.0
1753769325311,06:08:45.311,kucoinfutures,XRP/USDT:USDT,3.14209,115.0,3.14195,16.0,3.1421,230.0,3.14225,5.0
1753769325315,06:08:45.315,kucoinfutures,XRP/USDT:USDT,3.14209,115.0,3.14195,16.0,3.1421,230.0,3.14225,5.0
1753769325406,06:08:45.406,kucoinfutures,XRP/USDT:USDT,3.14209,115.0,3.14195,16.0,3.1421,230.0,3.14225,5.0
1753769325406,06:08:45.406,kucoinfutures,XRP/USDT:USDT,3.14209,115.0,3.14194,193.0,3.1421,330.0,3.14225,105.0
1753769325410,06:08:45.410,kucoinfutures,XRP/USDT:USDT,3.14209,115.0,3.14194,193.0,3.1421,230.0,3.14225,105.0
1753769325504,06:08:45.504,kucoinfutures,XRP/USDT:USDT,3.14209,115.0,3.14194,193.0,3.1421,230.0,3.14225,105.0
1753769325504,06:08:45.504,kucoinfutures,XRP/USDT:USDT,3.14209,115.0,3.14194,193.0,3.1421,230.0,3.14225,105.0
1753769325506,06:08:45.506,kucoinfutures,XRP/USDT:USDT,3.14209,115.0,3.14189,16.0,3.1421,230.0,3.14225,105.0
1753769325510,06:08:45.510,kucoinfutures,XRP/USDT:USDT,3.14209,115.0,3.14195,16.0,3.1421,230.0,3.14225,105.0
1753769325511,06:08:45.511,kucoinfutures,XRP/USDT:USDT,3.14209,115.0,3.14195,16.0,3.1421,230.0,3.14225,105.0
1753769325513,06:08:45.513,kucoinfutures,XRP/USDT:USDT,3.14209,115.0,3.14195,16.0,3.1421,230.0,3.14225,105.0
1753769325519,06:08:45.519,kucoinfutures,XRP/USDT:USDT,3.14209,115.0,3.14195,16.0,3.1421,230.0,3.14225,105.0
1753769325605,06:08:45.605,kucoinfutures,XRP/USDT:USDT,3.14209,115.0,3.14195,16.0,3.1421,230.0,3.14225,105.0
1753769325609,06:08:45.609,kucoinfutures,XRP/USDT:USDT,3.14209,115.0,3.14194,193.0,3.1421,230.0,3.14225,105.0
1753769325614,06:08:45.614,kucoinfutures,XRP/USDT:USDT,3.14209,115.0,3.14194,193.0,3.1421,230.0,3.14225,105.0
1753769325619,06:08:45.619,kucoinfutures,XRP/USDT:USDT,3.14209,115.0,3.14194,193.0,3.1421,230.0,3.14225,105.0
1753769325719,06:08:45.719,kucoinfutures,XRP/USDT:USDT,3.14209,115.0,3.14195,16.0,3.1421,230.0,3.14225,105.0
1753769325799,06:08:45.799,kucoinfutures,XRP/USDT:USDT,3.14209,115.0,3.14195,16.0,3.1421,230.0,3.14225,105.0
1753769325805,06:08:45.805,kucoinfutures,XRP/USDT:USDT,3.14209,115.0,3.14195,16.0,3.1421,230.0,3.14225,105.0
1753769325807,06:08:45.807,kucoinfutures,XRP/USDT:USDT,3.14209,115.0,3.14194,193.0,3.1421,230.0,3.14225,105.0
1753769325831,06:08:45.831,kucoinfutures,XRP/USDT:USDT,3.14209,115.0,3.14194,193.0,3.1421,230.0,3.14225,105.0
1753769325836,06:08:45.836,kucoinfutures,XRP/USDT:USDT,3.14209,140.0,3.14194,193.0,3.1421,230.0,3.14225,105.0
1753769325845,06:08:45.845,kucoinfutures,XRP/USDT:USDT,3.14209,277.0,3.14194,193.0,3.1421,167.0,3.14225,105.0
1753769326216,06:08:46.216,kucoinfutures,XRP/USDT:USDT,3.14209,277.0,3.14194,193.0,3.1421,167.0,3.14225,105.0
1753769326232,06:08:46.232,kucoinfutures,XRP/USDT:USDT,3.14209,277.0,3.14194,193.0,3.1421,167.0,3.14225,105.0
1753769326309,06:08:46.309,kucoinfutures,XRP/USDT:USDT,3.14209,277.0,3.14194,193.0,3.1421,167.0,3.14225,105.0
1753769326394,06:08:46.394,kucoinfutures,XRP/USDT:USDT,3.14209,277.0,3.14194,193.0,3.1421,167.0,3.14225,105.0
1753769326479,06:08:46.479,kucoinfutures,XRP/USDT:USDT,3.14209,277.0,3.14194,193.0,3.1421,54.0,3.14225,105.0
1753769326481,06:08:46.481,kucoinfutures,XRP/USDT:USDT,3.14209,277.0,3.14194,193.0,3.1421,54.0,3.14225,105.0
1753769326482,06:08:46.482,kucoinfutures,XRP/USDT:USDT,3.14209,390.0,3.14194,193.0,3.1421,54.0,3.14225,105.0
1753769326483,06:08:46.483,kucoinfutures,XRP/USDT:USDT,3.14209,402.0,3.14194,193.0,3.1421,54.0,3.14225,105.0
1753769326506,06:08:46.506,kucoinfutures,XRP/USDT:USDT,3.14209,402.0,3.14194,193.0,3.1421,54.0,3.14225,105.0
1753769326559,06:08:46.559,kucoinfutures,XRP/USDT:USDT,3.14209,594.0,3.14194,193.0,3.1421,23.0,3.14225,105.0
1753769326678,06:08:46.678,kucoinfutures,XRP/USDT:USDT,3.14209,594.0,3.14194,193.0,3.1421,23.0,3.14225,105.0
1753769326790,06:08:46.790,kucoinfutures,XRP/USDT:USDT,3.14209,594.0,3.14194,193.0,3.1421,23.0,3.14225,105.0
1753769326793,06:08:46.793,kucoinfutures,XRP/USDT:USDT,3.14209,594.0,3.14194,193.0,3.1421,23.0,3.14225,105.0
1753769326854,06:08:46.854,kucoinfutures,XRP/USDT:USDT,3.14209,594.0,3.14194,193.0,3.1421,23.0,3.14225,105.0
1753769327140,06:08:47.140,kucoinfutures,XRP/USDT:USDT,3.14209,594.0,3.14194,193.0,3.1421,23.0,3.14225,105.0
1753769327141,06:08:47.141,kucoinfutures,XRP/USDT:USDT,3.14209,594.0,3.14194,193.0,3.1421,23.0,3.14225,105.0
1753769327143,06:08:47.143,kucoinfutures,XRP/USDT:USDT,3.14209,594.0,3.14194,193.0,3.1421,23.0,3.14225,105.0
1753769327157,06:08:47.157,kucoinfutures,XRP/USDT:USDT,3.14209,594.0,3.14194,193.0,3.1421,23.0,3.14225,105.0
1753769327177,06:08:47.177,kucoinfutures,XRP/USDT:USDT,3.14209,594.0,3.14194,193.0,3.1421,23.0,3.14225,105.0
1753769327270,06:08:47.270,kucoinfutures,XRP/USDT:USDT,3.14209,594.0,3.14194,193.0,3.1421,23.0,3.14225,105.0
1753769327433,06:08:47.433,kucoinfutures,XRP/USDT:USDT,3.14209,594.0,3.14194,193.0,3.1421,32.0,3.14225,105.0
1753769327433,06:08:47.433,kucoinfutures,XRP/USDT:USDT,3.14209,594.0,3.14194,193.0,3.1421,32.0,3.14225,105.0
1753769327644,06:08:47.644,kucoinfutures,XRP/USDT:USDT,3.14209,481.0,3.14194,193.0,3.1421,145.0,3.14225,105.0
1753769327647,06:08:47.647,kucoinfutures,XRP/USDT:USDT,3.14209,481.0,3.14194,193.0,3.1421,145.0,3.14225,105.0
1753769327651,06:08:47.651,kucoinfutures,XRP/USDT:USDT,3.14209,481.0,3.14194,193.0,3.1421,145.0,3.14225,105.0
1753769327651,06:08:47.651,kucoinfutures,XRP/USDT:USDT,3.14209,481.0,3.14194,193.0,3.1421,145.0,3.14225,105.0
1753769327666,06:08:47.666,kucoinfutures,XRP/USDT:USDT,3.14209,481.0,3.14194,193.0,3.1421,167.0,3.14225,105.0
1753769327711,06:08:47.711,kucoinfutures,XRP/USDT:USDT,3.14209,481.0,3.14194,193.0,3.1421,167.0,3.14224,5.0
1753769327895,06:08:47.895,kucoinfutures,XRP/USDT:USDT,3.14209,481.0,3.14194,193.0,3.1421,167.0,3.14224,5.0
1753769328262,06:08:48.262,kucoinfutures,XRP/USDT:USDT,3.14209,481.0,3.14194,193.0,3.1421,167.0,3.14224,5.0
1753769328265,06:08:48.265,kucoinfutures,XRP/USDT:USDT,3.14209,481.0,3.14194,193.0,3.1421,167.0,3.14224,5.0
1753769328267,06:08:48.267,kucoinfutures,XRP/USDT:USDT,3.14209,481.0,3.14194,193.0,3.1421,167.0,3.14224,5.0
1753769328271,06:08:48.271,kucoinfutures,XRP/USDT:USDT,3.14209,481.0,3.14194,193.0,3.1421,167.0,3.14224,5.0
1753769328307,06:08:48.307,kucoinfutures,XRP/USDT:USDT,3.14209,481.0,3.14194,193.0,3.1421,167.0,3.14226,54.0
1753769328372,06:08:48.372,kucoinfutures,XRP/USDT:USDT,3.14209,481.0,3.14194,193.0,3.1421,167.0,3.14226,54.0
1753769328407,06:08:48.407,kucoinfutures,XRP/USDT:USDT,3.14209,481.0,3.14194,193.0,3.1421,167.0,3.14225,5.0
1753769329271,06:08:49.271,kucoinfutures,XRP/USDT:USDT,3.14209,481.0,3.14194,193.0,3.1421,54.0,3.14225,5.0
1753769329276,06:08:49.276,kucoinfutures,XRP/USDT:USDT,3.14209,481.0,3.14194,193.0,3.1421,54.0,3.14225,5.0
1753769329362,06:08:49.362,kucoinfutures,XRP/USDT:USDT,3.14209,481.0,3.14194,193.0,3.1421,54.0,3.14225,105.0
1753769329594,06:08:49.594,kucoinfutures,XRP/USDT:USDT,3.14209,481.0,3.14194,193.0,3.1421,54.0,3.14225,105.0
1753769329598,06:08:49.598,kucoinfutures,XRP/USDT:USDT,3.14209,481.0,3.14194,193.0,3.1421,54.0,3.14225,105.0
1753769329603,06:08:49.603,kucoinfutures,XRP/USDT:USDT,3.14209,481.0,3.14194,193.0,3.1421,54.0,3.14225,105.0
1753769330260,06:08:50.260,kucoinfutures,XRP/USDT:USDT,3.14209,481.0,3.14194,193.0,3.1421,167.0,3.14225,105.0
1753769330703,06:08:50.703,kucoinfutures,XRP/USDT:USDT,3.14209,481.0,3.14194,193.0,3.1421,167.0,3.14225,105.0
1753769330794,06:08:50.794,kucoinfutures,XRP/USDT:USDT,3.14209,481.0,3.14194,193.0,3.1421,167.0,3.14225,105.0
1753769331184,06:08:51.184,kucoinfutures,XRP/USDT:USDT,3.14209,481.0,3.14194,193.0,3.1421,167.0,3.14225,105.0
1753769331202,06:08:51.202,kucoinfutures,XRP/USDT:USDT,3.14209,381.0,3.14194,193.0,3.1421,167.0,3.14225,105.0
1753769331205,06:08:51.205,kucoinfutures,XRP/USDT:USDT,3.14209,381.0,3.14194,193.0,3.1421,179.0,3.14225,105.0
1753769331211,06:08:51.211,kucoinfutures,XRP/USDT:USDT,3.14209,381.0,3.14195,16.0,3.1421,179.0,3.14225,105.0
1753769331222,06:08:51.222,kucoinfutures,XRP/USDT:USDT,3.14209,189.0,3.14195,16.0,3.1421,179.0,3.14225,105.0
1753769331228,06:08:51.228,kucoinfutures,XRP/USDT:USDT,3.14209,189.0,3.14195,16.0,3.1421,179.0,3.14225,105.0
1753769331229,06:08:51.229,kucoinfutures,XRP/USDT:USDT,3.14209,189.0,3.14195,16.0,3.1421,179.0,3.14225,105.0
1753769331229,06:08:51.229,kucoinfutures,XRP/USDT:USDT,3.14209,189.0,3.14195,16.0,3.1421,179.0,3.14225,105.0
1753769331245,06:08:51.245,kucoinfutures,XRP/USDT:USDT,3.14209,252.0,3.14195,16.0,3.1421,167.0,3.14225,105.0
1753769331256,06:08:51.256,kucoinfutures,XRP/USDT:USDT,3.14209,252.0,3.14195,16.0,3.1421,167.0,3.14225,105.0
1753769331260,06:08:51.260,kucoinfutures,XRP/USDT:USDT,3.14209,252.0,3.14195,16.0,3.1421,167.0,3.14225,105.0
1753769331276,06:08:51.276,kucoinfutures,XRP/USDT:USDT,3.14209,252.0,3.14195,16.0,3.1421,167.0,3.14225,105.0
1753769331276,06:08:51.276,kucoinfutures,XRP/USDT:USDT,3.14209,252.0,3.14195,16.0,3.1421,167.0,3.14225,105.0
1753769331277,06:08:51.277,kucoinfutures,XRP/USDT:USDT,3.14209,252.0,3.14195,16.0,3.1421,167.0,3.14225,105.0
1753769331279,06:08:51.279,kucoinfutures,XRP/USDT:USDT,3.14209,252.0,3.14195,16.0,3.1421,167.0,3.14225,105.0
1753769331280,06:08:51.280,kucoinfutures,XRP/USDT:USDT,3.14209,252.0,3.14195,16.0,3.1421,167.0,3.14225,105.0
1753769331281,06:08:51.281,kucoinfutures,XRP/USDT:USDT,3.14209,252.0,3.14195,16.0,3.1421,167.0,3.14225,105.0
1753769331285,06:08:51.285,kucoinfutures,XRP/USDT:USDT,3.14209,178.0,3.14195,16.0,3.1421,167.0,3.14225,105.0
1753769331287,06:08:51.287,kucoinfutures,XRP/USDT:USDT,3.14209,178.0,3.14195,16.0,3.1421,366.0,3.14225,105.0
1753769331289,06:08:51.289,kucoinfutures,XRP/USDT:USDT,3.14209,115.0,3.14195,16.0,3.1421,429.0,3.14225,105.0
1753769331290,06:08:51.290,kucoinfutures,XRP/USDT:USDT,3.14209,115.0,3.14195,16.0,3.1421,429.0,3.14225,105.0
1753769331294,06:08:51.294,kucoinfutures,XRP/USDT:USDT,3.14209,115.0,3.14195,16.0,3.1421,429.0,3.14225,105.0
1753769331297,06:08:51.297,kucoinfutures,XRP/USDT:USDT,3.14209,115.0,3.14195,16.0,3.1421,429.0,3.14225,105.0
1753769331335,06:08:51.335,kucoinfutures,XRP/USDT:USDT,3.14209,115.0,3.14189,16.0,3.1421,429.0,3.14225,105.0
1753769331363,06:08:51.363,kucoinfutures,XRP/USDT:USDT,3.14209,115.0,3.14189,16.0,3.1421,429.0,3.14225,105.0
1753769331400,06:08:51.400,kucoinfutures,XRP/USDT:USDT,3.14209,115.0,3.14189,16.0,3.1421,429.0,3.14225,105.0
1753769331403,06:08:51.403,kucoinfutures,XRP/USDT:USDT,3.14209,115.0,3.14189,16.0,3.1421,429.0,3.14225,105.0
1753769331406,06:08:51.406,kucoinfutures,XRP/USDT:USDT,3.14209,115.0,3.14189,16.0,3.1421,429.0,3.14225,105.0
1753769331410,06:08:51.410,kucoinfutures,XRP/USDT:USDT,3.14209,115.0,3.14189,16.0,3.1421,429.0,3.14225,105.0
1753769331412,06:08:51.412,kucoinfutures,XRP/USDT:USDT,3.14209,115.0,3.14189,16.0,3.1421,429.0,3.14225,105.0
1753769331416,06:08:51.416,kucoinfutures,XRP/USDT:USDT,3.14209,115.0,3.14189,16.0,3.1421,429.0,3.14225,105.0
1753769331534,06:08:51.534,kucoinfutures,XRP/USDT:USDT,3.14209,115.0,3.14189,16.0,3.1421,429.0,3.14225,105.0
1753769331537,06:08:51.537,kucoinfutures,XRP/USDT:USDT,3.14209,115.0,3.14189,16.0,3.1421,429.0,3.14225,105.0
1753769331680,06:08:51.680,kucoinfutures,XRP/USDT:USDT,3.14209,115.0,3.14189,16.0,3.1421,429.0,3.14225,105.0
1753769331684,06:08:51.684,kucoinfutures,XRP/USDT:USDT,3.14209,115.0,3.14193,122.0,3.1421,429.0,3.14225,105.0
1753769331689,06:08:51.689,kucoinfutures,XRP/USDT:USDT,3.14209,115.0,3.14189,16.0,3.1421,429.0,3.14225,105.0
1753769331693,06:08:51.693,kucoinfutures,XRP/USDT:USDT,3.14209,115.0,3.14193,122.0,3.1421,429.0,3.14225,105.0
1753769331697,06:08:51.697,kucoinfutures,XRP/USDT:USDT,3.14209,115.0,3.14189,16.0,3.1421,429.0,3.14225,105.0
1753769331702,06:08:51.702,kucoinfutures,XRP/USDT:USDT,3.14209,115.0,3.14193,122.0,3.1421,429.0,3.14225,105.0
1753769331710,06:08:51.710,kucoinfutures,XRP/USDT:USDT,3.14209,115.0,3.14193,122.0,3.1421,429.0,3.14225,105.0
1753769331714,06:08:51.714,kucoinfutures,XRP/USDT:USDT,3.14209,115.0,3.14189,16.0,3.1421,429.0,3.14225,105.0
1753769332250,06:08:52.250,kucoinfutures,XRP/USDT:USDT,3.14209,115.0,3.14189,16.0,3.1421,429.0,3.14225,105.0
1753769332256,06:08:52.256,kucoinfutures,XRP/USDT:USDT,3.14209,115.0,3.14193,122.0,3.1421,429.0,3.14225,105.0
1753769332306,06:08:52.306,kucoinfutures,XRP/USDT:USDT,3.14209,115.0,3.14194,193.0,3.1421,429.0,3.14225,105.0
1753769332306,06:08:52.306,kucoinfutures,XRP/USDT:USDT,3.14209,115.0,3.14194,193.0,3.1421,429.0,3.14225,105.0
1753769332310,06:08:52.310,kucoinfutures,XRP/USDT:USDT,3.14209,115.0,3.14194,193.0,3.1421,429.0,3.14225,105.0
1753769332404,06:08:52.404,kucoinfutures,XRP/USDT:USDT,3.14209,115.0,3.14194,16.0,3.1421,429.0,3.14225,105.0
1753769332406,06:08:52.406,kucoinfutures,XRP/USDT:USDT,3.14209,115.0,3.14189,16.0,3.1421,429.0,3.14225,105.0
1753769332411,06:08:52.411,kucoinfutures,XRP/USDT:USDT,3.14209,115.0,3.14188,270.0,3.1421,429.0,3.14225,105.0
1753769332411,06:08:52.411,kucoinfutures,XRP/USDT:USDT,3.14209,115.0,3.14195,16.0,3.1421,429.0,3.14225,105.0
1753769332414,06:08:52.414,kucoinfutures,XRP/USDT:USDT,3.14209,115.0,3.14195,16.0,3.1421,429.0,3.14225,105.0
1753769332415,06:08:52.415,kucoinfutures,XRP/USDT:USDT,3.14209,115.0,3.14195,16.0,3.1421,429.0,3.14225,105.0
1753769332417,06:08:52.417,kucoinfutures,XRP/USDT:USDT,3.14209,115.0,3.14195,16.0,3.1421,429.0,3.14225,105.0
1753769332419,06:08:52.419,kucoinfutures,XRP/USDT:USDT,3.14209,115.0,3.14195,16.0,3.1421,429.0,3.14225,105.0
1753769332420,06:08:52.420,kucoinfutures,XRP/USDT:USDT,3.14209,115.0,3.14195,16.0,3.1421,429.0,3.14225,105.0
1753769332423,06:08:52.423,kucoinfutures,XRP/USDT:USDT,3.14209,115.0,3.14195,16.0,3.1421,429.0,3.14225,105.0
1753769332505,06:08:52.505,kucoinfutures,XRP/USDT:USDT,3.14209,115.0,3.14195,16.0,3.1421,429.0,3.14225,105.0
1753769332506,06:08:52.506,kucoinfutures,XRP/USDT:USDT,3.14209,115.0,3.14189,16.0,3.1421,429.0,3.14225,105.0
1753769332509,06:08:52.509,kucoinfutures,XRP/USDT:USDT,3.14209,115.0,3.14193,122.0,3.1421,429.0,3.14225,105.0
1753769332512,06:08:52.512,kucoinfutures,XRP/USDT:USDT,3.14209,115.0,3.14193,122.0,3.1421,429.0,3.14225,105.0
1753769332515,06:08:52.515,kucoinfutures,XRP/USDT:USDT,3.14209,115.0,3.14189,16.0,3.1421,429.0,3.14225,105.0
1753769332516,06:08:52.516,kucoinfutures,XRP/USDT:USDT,3.14209,115.0,3.14189,16.0,3.1421,429.0,3.14225,105.0
1753769332520,06:08:52.520,kucoinfutures,XRP/USDT:USDT,3.14209,115.0,3.14193,122.0,3.1421,429.0,3.14225,105.0
1753769332524,06:08:52.524,kucoinfutures,XRP/USDT:USDT,3.14209,115.0,3.14189,16.0,3.1421,429.0,3.14225,105.0
1753769332535,06:08:52.535,kucoinfutures,XRP/USDT:USDT,3.14209,115.0,3.14193,122.0,3.1421,429.0,3.14225,105.0
1753769332543,06:08:52.543,kucoinfutures,XRP/USDT:USDT,3.14209,115.0,3.14193,122.0,3.1421,429.0,3.14225,105.0
1753769332549,06:08:52.549,kucoinfutures,XRP/USDT:USDT,3.14209,115.0,3.14189,16.0,3.1421,429.0,3.14225,105.0
1753769332550,06:08:52.550,kucoinfutures,XRP/USDT:USDT,3.14209,115.0,3.14193,122.0,3.1421,429.0,3.14225,105.0
1753769332554,06:08:52.554,kucoinfutures,XRP/USDT:USDT,3.14209,115.0,3.14189,16.0,3.1421,429.0,3.14225,105.0
1753769332604,06:08:52.604,kucoinfutures,XRP/USDT:USDT,3.14209,115.0,3.14189,16.0,3.1421,429.0,3.14225,105.0
1753769332609,06:08:52.609,kucoinfutures,XRP/USDT:USDT,3.14209,115.0,3.14193,122.0,3.1421,429.0,3.14225,105.0
1753769332611,06:08:52.611,kucoinfutures,XRP/USDT:USDT,3.14209,115.0,3.14193,122.0,3.1421,429.0,3.14225,105.0
1753769332615,06:08:52.615,kucoinfutures,XRP/USDT:USDT,3.14209,115.0,3.14189,16.0,3.1421,429.0,3.14225,105.0
1753769332619,06:08:52.619,kucoinfutures,XRP/USDT:USDT,3.14209,115.0,3.14193,122.0,3.1421,429.0,3.14225,105.0
1753769332623,06:08:52.623,kucoinfutures,XRP/USDT:USDT,3.14209,115.0,3.14193,122.0,3.1421,429.0,3.14225,105.0
1753769332656,06:08:52.656,kucoinfutures,XRP/USDT:USDT,3.14209,115.0,3.14193,122.0,3.1421,429.0,3.14225,105.0
1753769332660,06:08:52.660,kucoinfutures,XRP/USDT:USDT,3.14209,115.0,3.14193,122.0,3.1421,429.0,3.14225,105.0
1753769332660,06:08:52.660,kucoinfutures,XRP/USDT:USDT,3.14209,115.0,3.14193,122.0,3.1421,429.0,3.14225,105.0
1753769332661,06:08:52.661,kucoinfutures,XRP/USDT:USDT,3.14209,115.0,3.14193,122.0,3.1421,429.0,3.14225,105.0
1753769332666,06:08:52.666,kucoinfutures,XRP/USDT:USDT,3.14209,115.0,3.14193,122.0,3.1421,429.0,3.14225,105.0
1753769332667,06:08:52.667,kucoinfutures,XRP/USDT:USDT,3.14209,115.0,3.14193,122.0,3.1421,429.0,3.14225,105.0
1753769332668,06:08:52.668,kucoinfutures,XRP/USDT:USDT,3.14209,115.0,3.14193,122.0,3.1421,429.0,3.14225,105.0
1753769332670,06:08:52.670,kucoinfutures,XRP/USDT:USDT,3.14209,115.0,3.14189,16.0,3.1421,429.0,3.14225,105.0
1753769332672,06:08:52.672,kucoinfutures,XRP/USDT:USDT,3.14209,115.0,3.14189,16.0,3.1421,429.0,3.14225,105.0
1753769332674,06:08:52.674,kucoinfutures,XRP/USDT:USDT,3.14209,115.0,3.14189,16.0,3.1421,429.0,3.14225,105.0
1753769332687,06:08:52.687,kucoinfutures,XRP/USDT:USDT,3.14209,115.0,3.14189,16.0,3.1421,429.0,3.14225,105.0
1753769332690,06:08:52.690,kucoinfutures,XRP/USDT:USDT,3.14209,115.0,3.14189,16.0,3.1421,429.0,3.14225,105.0
1753769332696,06:08:52.696,kucoinfutures,XRP/USDT:USDT,3.14209,115.0,3.14189,16.0,3.1421,429.0,3.14225,105.0
1753769332696,06:08:52.696,kucoinfutures,XRP/USDT:USDT,3.14209,115.0,3.14189,16.0,3.1421,429.0,3.14225,105.0
1753769332699,06:08:52.699,kucoinfutures,XRP/USDT:USDT,3.14209,115.0,3.14189,16.0,3.1421,429.0,3.14225,105.0
1753769332706,06:08:52.706,kucoinfutures,XRP/USDT:USDT,3.14209,115.0,3.14189,16.0,3.1421,429.0,3.14225,105.0
1753769332706,06:08:52.706,kucoinfutures,XRP/USDT:USDT,3.14209,115.0,3.14179,193.0,3.1421,429.0,3.14225,105.0
1753769332706,06:08:52.706,kucoinfutures,XRP/USDT:USDT,3.14209,17.0,3.14179,193.0,3.1421,429.0,3.14225,105.0
1753769332711,06:08:52.711,kucoinfutures,XRP/USDT:USDT,3.14209,17.0,3.14179,193.0,3.1421,429.0,3.14225,105.0
1753769332715,06:08:52.715,kucoinfutures,XRP/USDT:USDT,3.14209,17.0,3.14179,193.0,3.1421,429.0,3.14225,105.0
1753769332720,06:08:52.720,kucoinfutures,XRP/USDT:USDT,3.14209,17.0,3.14179,193.0,3.1421,429.0,3.14225,105.0
1753769332721,06:08:52.721,kucoinfutures,XRP/USDT:USDT,3.14209,17.0,3.14179,193.0,3.1421,429.0,3.14225,105.0
1753769332756,06:08:52.756,kucoinfutures,XRP/USDT:USDT,3.14209,17.0,3.14179,193.0,3.1421,429.0,3.14225,105.0
1753769332759,06:08:52.759,kucoinfutures,XRP/USDT:USDT,3.14209,17.0,3.14179,193.0,3.1421,429.0,3.14225,105.0
1753769332789,06:08:52.789,kucoinfutures,XRP/USDT:USDT,3.14209,17.0,3.14179,193.0,3.1421,429.0,3.14225,105.0
1753769332791,06:08:52.791,kucoinfutures,XRP/USDT:USDT,3.14209,17.0,3.14179,193.0,3.1421,429.0,3.14225,105.0
1753769332792,06:08:52.792,kucoinfutures,XRP/USDT:USDT,3.14209,17.0,3.14193,122.0,3.1421,429.0,3.14225,105.0
1753769332800,06:08:52.800,kucoinfutures,XRP/USDT:USDT,3.14209,17.0,3.14193,122.0,3.1421,429.0,3.14225,105.0
1753769332805,06:08:52.805,kucoinfutures,XRP/USDT:USDT,3.14209,115.0,3.14193,122.0,3.1421,429.0,3.14225,105.0
1753769332807,06:08:52.807,kucoinfutures,XRP/USDT:USDT,3.14209,115.0,3.14193,122.0,3.1421,429.0,3.14225,105.0
1753769332809,06:08:52.809,kucoinfutures,XRP/USDT:USDT,3.14209,115.0,3.14176,16.0,3.1421,429.0,3.14225,105.0
1753769332811,06:08:52.811,kucoinfutures,XRP/USDT:USDT,3.14209,115.0,3.14194,16.0,3.1421,429.0,3.14225,105.0
1753769332812,06:08:52.812,kucoinfutures,XRP/USDT:USDT,3.14209,115.0,3.14194,16.0,3.1421,429.0,3.14225,105.0
1753769332813,06:08:52.813,kucoinfutures,XRP/USDT:USDT,3.14209,115.0,3.14194,16.0,3.1421,429.0,3.14225,105.0
1753769332817,06:08:52.817,kucoinfutures,XRP/USDT:USDT,3.14209,115.0,3.14194,16.0,3.1421,429.0,3.14225,105.0
1753769332823,06:08:52.823,kucoinfutures,XRP/USDT:USDT,3.14209,115.0,3.14194,16.0,3.1421,429.0,3.14225,105.0
1753769332904,06:08:52.904,kucoinfutures,XRP/USDT:USDT,3.14209,17.0,3.14194,16.0,3.1421,429.0,3.14225,105.0
1753769332907,06:08:52.907,kucoinfutures,XRP/USDT:USDT,3.14209,17.0,3.14179,16.0,3.1421,429.0,3.14225,105.0
1753769332911,06:08:52.911,kucoinfutures,XRP/USDT:USDT,3.14209,17.0,3.14179,16.0,3.1421,429.0,3.14225,105.0
1753769332914,06:08:52.914,kucoinfutures,XRP/USDT:USDT,3.14209,17.0,3.14179,16.0,3.1421,429.0,3.14225,105.0
1753769332917,06:08:52.917,kucoinfutures,XRP/USDT:USDT,3.14209,17.0,3.14179,16.0,3.1421,429.0,3.14225,105.0
1753769332921,06:08:52.921,kucoinfutures,XRP/USDT:USDT,3.14209,17.0,3.14179,16.0,3.1421,429.0,3.14225,105.0
1753769332942,06:08:52.942,kucoinfutures,XRP/USDT:USDT,3.14209,17.0,3.14179,16.0,3.1421,429.0,3.14225,105.0
1753769332991,06:08:52.991,kucoinfutures,XRP/USDT:USDT,3.14209,17.0,3.14179,16.0,3.1421,429.0,3.14225,105.0
1753769333006,06:08:53.006,kucoinfutures,XRP/USDT:USDT,3.14209,17.0,3.14178,122.0,3.1421,429.0,3.14225,105.0
1753769333007,06:08:53.007,kucoinfutures,XRP/USDT:USDT,3.14209,17.0,3.14178,122.0,3.1421,429.0,3.14225,105.0
1753769333022,06:08:53.022,kucoinfutures,XRP/USDT:USDT,3.14209,17.0,3.14178,122.0,3.1421,429.0,3.14225,105.0
1753769333046,06:08:53.046,kucoinfutures,XRP/USDT:USDT,3.14209,17.0,3.14178,122.0,3.1421,429.0,3.14225,105.0
1753769333125,06:08:53.125,kucoinfutures,XRP/USDT:USDT,3.14209,17.0,3.14178,122.0,3.1421,429.0,3.14225,105.0
1753769333129,06:08:53.129,kucoinfutures,XRP/USDT:USDT,3.14209,17.0,3.14178,122.0,3.1421,701.0,3.14225,105.0
1753769333132,06:08:53.132,kucoinfutures,XRP/USDT:USDT,3.14209,17.0,3.14178,122.0,3.1421,701.0,3.14225,105.0
1753769333135,06:08:53.135,kucoinfutures,XRP/USDT:USDT,3.14209,17.0,3.14178,122.0,3.1421,701.0,3.14224,141.0
1753769333180,06:08:53.180,kucoinfutures,XRP/USDT:USDT,3.14209,17.0,3.14178,122.0,3.1421,701.0,3.14224,141.0
1753769333180,06:08:53.180,kucoinfutures,XRP/USDT:USDT,3.14209,17.0,3.14178,122.0,3.1421,701.0,3.14224,141.0
1753769333206,06:08:53.206,kucoinfutures,XRP/USDT:USDT,3.14209,17.0,3.14178,122.0,3.1421,701.0,3.14224,141.0
1753769333206,06:08:53.206,kucoinfutures,XRP/USDT:USDT,3.14209,17.0,3.14178,122.0,3.1421,701.0,3.14224,141.0
1753769333212,06:08:53.212,kucoinfutures,XRP/USDT:USDT,3.14209,17.0,3.14178,122.0,3.1421,701.0,3.14224,141.0
1753769333289,06:08:53.289,kucoinfutures,XRP/USDT:USDT,3.14209,17.0,3.14178,122.0,3.1421,701.0,3.14224,141.0
1753769333290,06:08:53.290,kucoinfutures,XRP/USDT:USDT,3.14209,17.0,3.14178,122.0,3.1421,701.0,3.14224,141.0
1753769333330,06:08:53.330,kucoinfutures,XRP/USDT:USDT,3.14209,17.0,3.14178,122.0,3.1421,701.0,3.14224,141.0
1753769333356,06:08:53.356,kucoinfutures,XRP/USDT:USDT,3.14178,122.0,3.14175,32.0,3.14179,15.0,3.1421,701.0
1753769333361,06:08:53.361,kucoinfutures,XRP/USDT:USDT,3.14178,371.0,3.14162,125.0,3.14179,353.0,3.14195,116.0
1753769333377,06:08:53.377,kucoinfutures,XRP/USDT:USDT,3.14178,308.0,3.14162,125.0,3.14179,430.0,3.14193,35.0
1753769333389,06:08:53.389,kucoinfutures,XRP/USDT:USDT,3.14178,308.0,3.14162,125.0,3.14179,430.0,3.14193,35.0
1753769333394,06:08:53.394,kucoinfutures,XRP/USDT:USDT,3.14178,308.0,3.14162,125.0,3.14179,430.0,3.14193,35.0
1753769333395,06:08:53.395,kucoinfutures,XRP/USDT:USDT,3.14178,308.0,3.14162,125.0,3.14179,430.0,3.14193,35.0
1753769333397,06:08:53.397,kucoinfutures,XRP/USDT:USDT,3.14178,308.0,3.14162,125.0,3.14179,430.0,3.14193,35.0
1753769333398,06:08:53.398,kucoinfutures,XRP/USDT:USDT,3.14178,209.0,3.14162,125.0,3.14179,430.0,3.14193,35.0
1753769333398,06:08:53.398,kucoinfutures,XRP/USDT:USDT,3.14178,209.0,3.14162,125.0,3.14179,430.0,3.14193,35.0
1753769333399,06:08:53.399,kucoinfutures,XRP/USDT:USDT,3.14178,209.0,3.14162,125.0,3.14179,430.0,3.14193,35.0
1753769333399,06:08:53.399,kucoinfutures,XRP/USDT:USDT,3.14178,209.0,3.14162,125.0,3.14179,430.0,3.14193,35.0
1753769333400,06:08:53.400,kucoinfutures,XRP/USDT:USDT,3.14178,209.0,3.14162,125.0,3.14179,430.0,3.14193,35.0
1753769333400,06:08:53.400,kucoinfutures,XRP/USDT:USDT,3.14178,17.0,3.14162,125.0,3.14179,430.0,3.14193,35.0
1753769333402,06:08:53.402,kucoinfutures,XRP/USDT:USDT,3.14178,17.0,3.14162,125.0,3.14179,297.0,3.14193,35.0
1753769333404,06:08:53.404,kucoinfutures,XRP/USDT:USDT,3.14178,17.0,3.14162,125.0,3.14179,297.0,3.14193,35.0
1753769333404,06:08:53.404,kucoinfutures,XRP/USDT:USDT,3.14178,17.0,3.14162,125.0,3.14179,297.0,3.14193,35.0
1753769333406,06:08:53.406,kucoinfutures,XRP/USDT:USDT,3.14178,115.0,3.14163,177.0,3.14179,297.0,3.14193,35.0
1753769333409,06:08:53.409,kucoinfutures,XRP/USDT:USDT,3.14178,115.0,3.14163,193.0,3.14179,297.0,3.14193,35.0
1753769333413,06:08:53.413,kucoinfutures,XRP/USDT:USDT,3.14178,115.0,3.14163,193.0,3.14179,297.0,3.14193,35.0
1753769333416,06:08:53.416,kucoinfutures,XRP/USDT:USDT,3.14178,115.0,3.14163,193.0,3.14179,297.0,3.14193,35.0
1753769333416,06:08:53.416,kucoinfutures,XRP/USDT:USDT,3.14178,115.0,3.14163,193.0,3.14179,496.0,3.14193,35.0
1753769333419,06:08:53.419,kucoinfutures,XRP/USDT:USDT,3.14178,115.0,3.14163,193.0,3.14179,496.0,3.14193,35.0
1753769333420,06:08:53.420,kucoinfutures,XRP/USDT:USDT,3.14178,115.0,3.14163,193.0,3.14179,496.0,3.14193,35.0
1753769333420,06:08:53.420,kucoinfutures,XRP/USDT:USDT,3.14178,115.0,3.14163,193.0,3.14179,496.0,3.14193,35.0
1753769333423,06:08:53.423,kucoinfutures,XRP/USDT:USDT,3.14178,115.0,3.14163,193.0,3.14179,496.0,3.14193,35.0
1753769333428,06:08:53.428,kucoinfutures,XRP/USDT:USDT,3.14178,115.0,3.14163,193.0,3.14179,496.0,3.14193,35.0
1753769333431,06:08:53.431,kucoinfutures,XRP/USDT:USDT,3.14178,115.0,3.14163,193.0,3.14179,496.0,3.14193,35.0
1753769333437,06:08:53.437,kucoinfutures,XRP/USDT:USDT,3.14178,115.0,3.14163,193.0,3.14179,496.0,3.14193,35.0
1753769333439,06:08:53.439,kucoinfutures,XRP/USDT:USDT,3.14178,115.0,3.14163,193.0,3.14179,496.0,3.14193,35.0
1753769333442,06:08:53.442,kucoinfutures,XRP/USDT:USDT,3.14178,115.0,3.14163,193.0,3.14179,496.0,3.14193,35.0
1753769333445,06:08:53.445,kucoinfutures,XRP/USDT:USDT,3.14178,115.0,3.14163,193.0,3.14179,496.0,3.14193,35.0
1753769333451,06:08:53.451,kucoinfutures,XRP/USDT:USDT,3.14178,115.0,3.14163,193.0,3.14179,496.0,3.14193,35.0
1753769333455,06:08:53.455,kucoinfutures,XRP/USDT:USDT,3.14178,115.0,3.14163,193.0,3.14179,496.0,3.14193,35.0
1753769333470,06:08:53.470,kucoinfutures,XRP/USDT:USDT,3.14178,115.0,3.14163,193.0,3.14179,496.0,3.14193,112.0
1753769333487,06:08:53.487,kucoinfutures,XRP/USDT:USDT,3.14178,115.0,3.14163,193.0,3.14179,496.0,3.14193,112.0
1753769333511,06:08:53.511,kucoinfutures,XRP/USDT:USDT,3.14178,98.0,3.14164,16.0,3.14179,496.0,3.14193,112.0
1753769333514,06:08:53.514,kucoinfutures,XRP/USDT:USDT,3.14178,98.0,3.14164,16.0,3.14179,496.0,3.14193,112.0
1753769333516,06:08:53.516,kucoinfutures,XRP/USDT:USDT,3.14178,98.0,3.14164,16.0,3.14179,496.0,3.14193,112.0
1753769333555,06:08:53.555,kucoinfutures,XRP/USDT:USDT,3.14178,98.0,3.14164,16.0,3.14179,793.0,3.14193,77.0
1753769333621,06:08:53.621,kucoinfutures,XRP/USDT:USDT,3.14162,20.0,3.14143,3.0,3.14163,574.0,3.14164,109.0
1753769333622,06:08:53.622,kucoinfutures,XRP/USDT:USDT,3.14162,20.0,3.14143,3.0,3.14163,574.0,3.14164,109.0
1753769333623,06:08:53.623,kucoinfutures,XRP/USDT:USDT,3.14162,20.0,3.14143,3.0,3.14163,574.0,3.14164,109.0
1753769333625,06:08:53.625,kucoinfutures,XRP/USDT:USDT,3.14162,20.0,3.14143,3.0,3.14163,574.0,3.14164,103.0
1753769333625,06:08:53.625,kucoinfutures,XRP/USDT:USDT,3.14162,20.0,3.14143,3.0,3.14163,574.0,3.14164,103.0
1753769333642,06:08:53.642,kucoinfutures,XRP/USDT:USDT,3.14162,20.0,3.14143,3.0,3.14163,640.0,3.14164,103.0
1753769333648,06:08:53.648,kucoinfutures,XRP/USDT:USDT,3.14162,20.0,3.14143,3.0,3.14163,640.0,3.14164,103.0
1753769333654,06:08:53.654,kucoinfutures,XRP/USDT:USDT,3.14162,20.0,3.14143,3.0,3.14163,640.0,3.14164,103.0
1753769333674,06:08:53.674,kucoinfutures,XRP/USDT:USDT,3.14162,20.0,3.14143,3.0,3.14163,640.0,3.14164,103.0
1753769333687,06:08:53.687,kucoinfutures,XRP/USDT:USDT,3.14162,20.0,3.14143,3.0,3.14163,640.0,3.14164,103.0
1753769333691,06:08:53.691,kucoinfutures,XRP/USDT:USDT,3.14162,20.0,3.14143,3.0,3.14163,640.0,3.14164,103.0
1753769333701,06:08:53.701,kucoinfutures,XRP/USDT:USDT,3.14162,20.0,3.14143,3.0,3.14163,640.0,3.14164,103.0
1753769333705,06:08:53.705,kucoinfutures,XRP/USDT:USDT,3.14162,20.0,3.14143,3.0,3.14163,640.0,3.14164,103.0
1753769333709,06:08:53.709,kucoinfutures,XRP/USDT:USDT,3.14162,20.0,3.14143,3.0,3.14163,640.0,3.14164,103.0
1753769333715,06:08:53.715,kucoinfutures,XRP/USDT:USDT,3.14143,3.0,3.14125,103.0,3.14144,11.0,3.14163,640.0
1753769333717,06:08:53.717,kucoinfutures,XRP/USDT:USDT,3.14143,3.0,3.14125,103.0,3.14144,39.0,3.14163,618.0
1753769333718,06:08:53.718,kucoinfutures,XRP/USDT:USDT,3.14143,3.0,3.14125,103.0,3.14144,235.0,3.14147,63.0
1753769333719,06:08:53.719,kucoinfutures,XRP/USDT:USDT,3.14143,3.0,3.14125,103.0,3.14144,274.0,3.14147,63.0
1753769333720,06:08:53.720,kucoinfutures,XRP/USDT:USDT,3.14143,3.0,3.14125,103.0,3.14144,399.0,3.14147,63.0
1753769333720,06:08:53.720,kucoinfutures,XRP/USDT:USDT,3.14143,3.0,3.14125,103.0,3.14144,465.0,3.14147,63.0
1753769333720,06:08:53.720,kucoinfutures,XRP/USDT:USDT,3.14143,20.0,3.14125,103.0,3.14144,454.0,3.14147,63.0
1753769333721,06:08:53.721,kucoinfutures,XRP/USDT:USDT,3.14143,20.0,3.14125,103.0,3.14144,454.0,3.14147,63.0
1753769333725,06:08:53.725,kucoinfutures,XRP/USDT:USDT,3.14143,57.0,3.14125,103.0,3.14144,456.0,3.14147,63.0
1753769333728,06:08:53.728,kucoinfutures,XRP/USDT:USDT,3.14143,120.0,3.14125,103.0,3.14144,456.0,3.14146,35.0
1753769333734,06:08:53.734,kucoinfutures,XRP/USDT:USDT,3.14143,120.0,3.14125,103.0,3.14144,393.0,3.1416,54.0
1753769333736,06:08:53.736,kucoinfutures,XRP/USDT:USDT,3.14143,120.0,3.14125,103.0,3.14144,393.0,3.1416,54.0
1753769333738,06:08:53.738,kucoinfutures,XRP/USDT:USDT,3.14143,194.0,3.14125,103.0,3.14144,393.0,3.1416,54.0
1753769333738,06:08:53.738,kucoinfutures,XRP/USDT:USDT,3.14143,194.0,3.14125,103.0,3.14144,393.0,3.1416,54.0
1753769333748,06:08:53.748,kucoinfutures,XRP/USDT:USDT,3.14143,194.0,3.14125,103.0,3.14144,269.0,3.1416,54.0
1753769333751,06:08:53.751,kucoinfutures,XRP/USDT:USDT,3.14143,194.0,3.14125,103.0,3.14144,269.0,3.1416,54.0
1753769333751,06:08:53.751,kucoinfutures,XRP/USDT:USDT,3.14143,194.0,3.14125,103.0,3.14144,269.0,3.1416,54.0
1753769333751,06:08:53.751,kucoinfutures,XRP/USDT:USDT,3.14143,194.0,3.14125,103.0,3.14144,269.0,3.1416,54.0
1753769333752,06:08:53.752,kucoinfutures,XRP/USDT:USDT,3.14143,194.0,3.14125,103.0,3.14144,269.0,3.1416,54.0
1753769333755,06:08:53.755,kucoinfutures,XRP/USDT:USDT,3.14143,194.0,3.14125,103.0,3.14144,269.0,3.1416,54.0
1753769333775,06:08:53.775,kucoinfutures,XRP/USDT:USDT,3.14143,194.0,3.14125,103.0,3.14144,269.0,3.1416,54.0
1753769333804,06:08:53.804,kucoinfutures,XRP/USDT:USDT,3.14143,194.0,3.14125,103.0,3.14144,269.0,3.1416,54.0
1753769333806,06:08:53.806,kucoinfutures,XRP/USDT:USDT,3.14143,292.0,3.1414,10.0,3.14144,269.0,3.14159,5.0
1753769333809,06:08:53.809,kucoinfutures,XRP/USDT:USDT,3.14143,292.0,3.1414,10.0,3.14144,269.0,3.14159,5.0
1753769333810,06:08:53.810,kucoinfutures,XRP/USDT:USDT,3.14143,255.0,3.1414,10.0,3.14144,269.0,3.14159,5.0
1753769333813,06:08:53.813,kucoinfutures,XRP/USDT:USDT,3.14143,192.0,3.1414,10.0,3.14144,298.0,3.14159,5.0
1753769333819,06:08:53.819,kucoinfutures,XRP/USDT:USDT,3.14143,255.0,3.1414,10.0,3.14144,266.0,3.14159,5.0
1753769333821,06:08:53.821,kucoinfutures,XRP/USDT:USDT,3.14143,255.0,3.1414,10.0,3.14144,266.0,3.14159,5.0
1753769333823,06:08:53.823,kucoinfutures,XRP/USDT:USDT,3.14143,255.0,3.1414,10.0,3.14144,266.0,3.14159,5.0
1753769333833,06:08:53.833,kucoinfutures,XRP/USDT:USDT,3.14143,255.0,3.1414,10.0,3.14144,266.0,3.14159,5.0
1753769333851,06:08:53.851,kucoinfutures,XRP/USDT:USDT,3.14143,255.0,3.1414,10.0,3.14144,266.0,3.14159,5.0
1753769333855,06:08:53.855,kucoinfutures,XRP/USDT:USDT,3.14143,255.0,3.1414,10.0,3.14144,266.0,3.14159,5.0
1753769333860,06:08:53.860,kucoinfutures,XRP/USDT:USDT,3.14143,181.0,3.1414,10.0,3.14144,465.0,3.14159,5.0
1753769333862,06:08:53.862,kucoinfutures,XRP/USDT:USDT,3.14143,118.0,3.1414,10.0,3.14144,528.0,3.14159,5.0
1753769333865,06:08:53.865,kucoinfutures,XRP/USDT:USDT,3.14143,118.0,3.1414,10.0,3.14144,528.0,3.14159,5.0
1753769333868,06:08:53.868,kucoinfutures,XRP/USDT:USDT,3.14143,118.0,3.1414,10.0,3.14144,528.0,3.14159,5.0
1753769333940,06:08:53.940,kucoinfutures,XRP/USDT:USDT,3.14143,118.0,3.1414,10.0,3.14144,528.0,3.14159,5.0
1753769333950,06:08:53.950,kucoinfutures,XRP/USDT:USDT,3.14143,118.0,3.1414,10.0,3.14144,528.0,3.14159,5.0
1753769333950,06:08:53.950,kucoinfutures,XRP/USDT:USDT,3.14143,118.0,3.1414,10.0,3.14144,528.0,3.14159,5.0
1753769333957,06:08:53.957,kucoinfutures,XRP/USDT:USDT,3.14143,118.0,3.1414,10.0,3.14144,528.0,3.14159,5.0
1753769333970,06:08:53.970,kucoinfutures,XRP/USDT:USDT,3.14143,118.0,3.1414,10.0,3.14144,528.0,3.14159,5.0
1753769333971,06:08:53.971,kucoinfutures,XRP/USDT:USDT,3.14143,118.0,3.1414,10.0,3.14144,528.0,3.14159,5.0
1753769333972,06:08:53.972,kucoinfutures,XRP/USDT:USDT,3.14143,101.0,3.1414,10.0,3.14144,528.0,3.14159,5.0
1753769333974,06:08:53.974,kucoinfutures,XRP/USDT:USDT,3.14143,101.0,3.1414,10.0,3.14144,528.0,3.14159,5.0
1753769333974,06:08:53.974,kucoinfutures,XRP/USDT:USDT,3.14143,101.0,3.1414,10.0,3.14144,528.0,3.14159,5.0
1753769333976,06:08:53.976,kucoinfutures,XRP/USDT:USDT,3.14143,101.0,3.1414,10.0,3.14144,528.0,3.14159,5.0
1753769333978,06:08:53.978,kucoinfutures,XRP/USDT:USDT,3.14143,101.0,3.1414,10.0,3.14144,528.0,3.14159,5.0
1753769333979,06:08:53.979,kucoinfutures,XRP/USDT:USDT,3.14143,101.0,3.1414,10.0,3.14144,528.0,3.14159,5.0
1753769333982,06:08:53.982,kucoinfutures,XRP/USDT:USDT,3.14143,101.0,3.1414,10.0,3.14144,528.0,3.14159,5.0
1753769333986,06:08:53.986,kucoinfutures,XRP/USDT:USDT,3.14143,101.0,3.1414,10.0,3.14144,528.0,3.14159,5.0
1753769333988,06:08:53.988,kucoinfutures,XRP/USDT:USDT,3.14143,101.0,3.1414,10.0,3.14144,528.0,3.14159,5.0
1753769333993,06:08:53.993,kucoinfutures,XRP/USDT:USDT,3.14143,101.0,3.1414,10.0,3.14144,528.0,3.14159,5.0
1753769333994,06:08:53.994,kucoinfutures,XRP/USDT:USDT,3.14143,101.0,3.1414,10.0,3.14144,528.0,3.14159,5.0
1753769334002,06:08:54.002,kucoinfutures,XRP/USDT:USDT,3.14143,101.0,3.1414,10.0,3.14144,528.0,3.14159,5.0
1753769334006,06:08:54.006,kucoinfutures,XRP/USDT:USDT,3.14143,3.0,3.1414,10.0,3.14144,528.0,3.14159,5.0
1753769334010,06:08:54.010,kucoinfutures,XRP/USDT:USDT,3.14143,86.0,3.1414,10.0,3.14144,528.0,3.14159,5.0
1753769334013,06:08:54.013,kucoinfutures,XRP/USDT:USDT,3.14143,86.0,3.1414,10.0,3.14144,528.0,3.14159,5.0
1753769334014,06:08:54.014,kucoinfutures,XRP/USDT:USDT,3.14143,3.0,3.1414,10.0,3.14144,528.0,3.14159,5.0
1753769334016,06:08:54.016,kucoinfutures,XRP/USDT:USDT,3.1414,10.0,3.14113,16.0,3.14141,1.0,3.14144,528.0
1753769334017,06:08:54.017,kucoinfutures,XRP/USDT:USDT,3.1414,10.0,3.14113,16.0,3.14141,136.0,3.14144,465.0
1753769334019,06:08:54.019,kucoinfutures,XRP/USDT:USDT,3.1414,10.0,3.14113,16.0,3.14141,316.0,3.14143,276.0
1753769334037,06:08:54.037,kucoinfutures,XRP/USDT:USDT,3.1414,10.0,3.14113,16.0,3.14141,688.0,3.14142,36.0
1753769334047,06:08:54.047,kucoinfutures,XRP/USDT:USDT,3.1414,10.0,3.14113,16.0,3.14141,688.0,3.14142,36.0
1753769334051,06:08:54.051,kucoinfutures,XRP/USDT:USDT,3.1414,10.0,3.14113,16.0,3.14141,688.0,3.14142,36.0
