timestamp,time,exchange,symbol,bid1_price,bid1_volume,bid2_price,bid2_volume,ask1_price,ask1_volume,ask2_price,ask2_volume
1753769298906,06:08:18.906,binance,SOL/USDT:USDT,184.87,7.02,184.86,410.88,184.88,1601.47,184.89,1009.32
1753769299007,06:08:19.007,binance,SOL/USDT:USDT,184.87,2.58,184.86,399.21,184.88,1659.15,184.89,1009.36
1753769299108,06:08:19.108,binance,SOL/USDT:USDT,184.87,73.61,184.86,388.29,184.88,1659.99,184.89,1021.03
1753769299211,06:08:19.211,binance,SOL/USDT:USDT,184.87,2.33,184.86,360.66,184.88,1660.11,184.89,1048.62
1753769299435,06:08:19.435,binance,SOL/USDT:USDT,184.86,447.49,184.85,1311.31,184.87,1447.69,184.88,1074.68
1753769299536,06:08:19.536,binance,SOL/USDT:USDT,184.86,456.1,184.85,1311.31,184.87,1454.82,184.88,1071.81
1753769300159,06:08:20.159,binance,SOL/USDT:USDT,184.87,1499.37,184.86,4387.72,184.88,144.58,184.89,211.49
1753769300263,06:08:20.263,binance,SOL/USDT:USDT,184.87,1499.37,184.86,4387.72,184.88,144.55,184.89,211.49
1753769300366,06:08:20.366,binance,SOL/USDT:USDT,184.87,1503.8,184.86,4414.52,184.88,144.88,184.89,211.49
1753769300467,06:08:20.467,binance,SOL/USDT:USDT,184.87,1450.79,184.86,4422.33,184.88,261.51,184.89,211.49
1753769300569,06:08:20.569,binance,SOL/USDT:USDT,184.87,1511.87,184.86,4362.33,184.88,261.71,184.89,211.49
1753769300672,06:08:20.672,binance,SOL/USDT:USDT,184.87,1511.87,184.86,4174.08,184.88,261.71,184.89,211.49
1753769300888,06:08:20.888,binance,SOL/USDT:USDT,184.87,1565.35,184.86,4337.45,184.88,8.76,184.89,131.74
1753769301295,06:08:21.295,binance,SOL/USDT:USDT,184.88,1552.73,184.87,977.29,184.89,632.1,184.9,546.61
1753769301396,06:08:21.396,binance,SOL/USDT:USDT,184.88,1282.59,184.87,859.6,184.89,744.44,184.9,548.74
1753769301499,06:08:21.499,binance,SOL/USDT:USDT,184.88,1280.28,184.87,859.06,184.89,724.76,184.9,546.96
1753769301618,06:08:21.618,binance,SOL/USDT:USDT,184.88,1280.31,184.87,865.2,184.89,688.9,184.9,551.57
1753769301740,06:08:21.740,binance,SOL/USDT:USDT,184.88,1340.35,184.87,805.2,184.89,688.9,184.9,551.57
1753769301846,06:08:21.846,binance,SOL/USDT:USDT,184.88,1340.35,184.87,908.69,184.89,466.52,184.9,546.88
1753769302052,06:08:22.052,binance,SOL/USDT:USDT,184.88,1340.35,184.87,907.81,184.89,763.88,184.9,546.88
1753769302572,06:08:22.572,binance,SOL/USDT:USDT,184.88,1153.92,184.87,332.1,184.89,798.78,184.9,697.38
1753769302676,06:08:22.676,binance,SOL/USDT:USDT,184.88,1153.67,184.87,278.42,184.89,798.78,184.9,697.38
1753769302904,06:08:22.904,binance,SOL/USDT:USDT,184.88,1152.22,184.87,278.42,184.89,948.47,184.9,548.69
1753769303007,06:08:23.007,binance,SOL/USDT:USDT,184.88,1152.26,184.87,331.42,184.89,800.91,184.9,731.79
1753769303839,06:08:23.839,binance,SOL/USDT:USDT,184.88,1152.11,184.87,277.88,184.89,1038.06,184.9,497.35
1753769304058,06:08:24.058,binance,SOL/USDT:USDT,184.88,1152.06,184.87,174.89,184.89,1052.43,184.9,499.14
1753769304159,06:08:24.159,binance,SOL/USDT:USDT,184.88,1152.06,184.87,303.3,184.89,1044.2,184.9,499.14
1753769304261,06:08:24.261,binance,SOL/USDT:USDT,184.88,1152.06,184.87,303.3,184.89,1044.2,184.9,497.35
1753769304397,06:08:24.397,binance,SOL/USDT:USDT,184.88,1137.25,184.87,303.26,184.89,1048.2,184.9,497.35
1753769304708,06:08:24.708,binance,SOL/USDT:USDT,184.87,376.15,184.86,3674.37,184.88,916.56,184.89,564.18
1753769304809,06:08:24.809,binance,SOL/USDT:USDT,184.87,376.24,184.86,3674.37,184.88,918.28,184.89,597.45
1753769305747,06:08:25.747,binance,SOL/USDT:USDT,184.89,1978.23,184.88,3071.68,184.9,14.33,184.91,26.17
1753769305848,06:08:25.848,binance,SOL/USDT:USDT,184.89,2956.24,184.88,2473.5,184.9,14.14,184.91,10.53
1753769306152,06:08:26.152,binance,SOL/USDT:USDT,184.91,1324.84,184.9,1100.46,184.92,249.29,184.93,292.8
1753769306253,06:08:26.253,binance,SOL/USDT:USDT,184.91,1314.14,184.9,1066.04,184.92,249.86,184.93,320.68
1753769306471,06:08:26.471,binance,SOL/USDT:USDT,184.91,862.95,184.9,1287.85,184.92,320.8,184.93,320.68
1753769306574,06:08:26.574,binance,SOL/USDT:USDT,184.91,1031.89,184.9,1438.78,184.92,88.24,184.93,262.56
1753769306676,06:08:26.676,binance,SOL/USDT:USDT,184.91,1031.89,184.9,1391.93,184.92,15.65,184.93,173.32
1753769306778,06:08:26.778,binance,SOL/USDT:USDT,184.91,1020.55,184.9,1444.92,184.92,104.73,184.93,173.32
1753769306895,06:08:26.895,binance,SOL/USDT:USDT,184.91,1031.75,184.9,1341.93,184.92,10.38,184.93,173.32
1753769307101,06:08:27.101,binance,SOL/USDT:USDT,184.92,1282.31,184.91,449.96,184.93,412.98,184.94,529.41
1753769307833,06:08:27.833,binance,SOL/USDT:USDT,184.92,830.04,184.91,586.73,184.93,440.09,184.94,398.5
1753769307936,06:08:27.936,binance,SOL/USDT:USDT,184.92,830.07,184.91,586.73,184.93,440.12,184.94,398.5
1753769308039,06:08:28.039,binance,SOL/USDT:USDT,184.92,742.8,184.91,466.11,184.93,440.12,184.94,398.5
1753769308153,06:08:28.153,binance,SOL/USDT:USDT,184.92,742.8,184.91,466.11,184.93,440.23,184.94,398.5
1753769308256,06:08:28.256,binance,SOL/USDT:USDT,184.92,671.6,184.91,534.98,184.93,452.23,184.94,547.14
1753769308358,06:08:28.358,binance,SOL/USDT:USDT,184.92,660.25,184.91,455.56,184.93,493.08,184.94,398.5
1753769308465,06:08:28.465,binance,SOL/USDT:USDT,184.92,324.71,184.91,182.41,184.93,1263.93,184.94,689.69
1753769308567,06:08:28.567,binance,SOL/USDT:USDT,184.92,324.71,184.91,182.41,184.93,1420.01,184.94,601.22
1753769308670,06:08:28.670,binance,SOL/USDT:USDT,184.92,324.68,184.91,182.41,184.93,1469.33,184.94,601.22
1753769308772,06:08:28.772,binance,SOL/USDT:USDT,184.92,324.68,184.91,182.41,184.93,1469.37,184.94,532.35
1753769308881,06:08:28.881,binance,SOL/USDT:USDT,184.92,324.44,184.91,182.37,184.93,1475.51,184.94,526.21
1753769309087,06:08:29.087,binance,SOL/USDT:USDT,184.92,328.94,184.91,275.69,184.93,979.92,184.94,290.44
1753769309810,06:08:29.810,binance,SOL/USDT:USDT,184.92,673.26,184.91,455.08,184.93,382.49,184.94,424.0
1753769309913,06:08:29.913,binance,SOL/USDT:USDT,184.92,673.26,184.91,455.08,184.93,382.63,184.94,424.0
1753769310039,06:08:30.039,binance,SOL/USDT:USDT,184.92,499.37,184.91,408.95,184.93,531.43,184.94,275.35
1753769310870,06:08:30.870,binance,SOL/USDT:USDT,184.92,460.33,184.91,474.55,184.93,711.92,184.94,519.57
1753769311382,06:08:31.382,binance,SOL/USDT:USDT,184.92,469.49,184.91,556.67,184.93,652.03,184.94,471.81
1753769311485,06:08:31.485,binance,SOL/USDT:USDT,184.92,469.49,184.91,402.56,184.93,652.32,184.94,494.22
1753769311592,06:08:31.592,binance,SOL/USDT:USDT,184.92,469.49,184.91,402.56,184.93,660.6,184.94,494.22
1753769311703,06:08:31.703,binance,SOL/USDT:USDT,184.92,467.74,184.91,407.16,184.93,660.6,184.94,494.22
1753769311813,06:08:31.813,binance,SOL/USDT:USDT,184.92,494.1,184.91,408.94,184.93,660.6,184.94,302.68
1753769311915,06:08:31.915,binance,SOL/USDT:USDT,184.92,494.1,184.91,561.27,184.93,660.6,184.94,302.68
1753769312033,06:08:32.033,binance,SOL/USDT:USDT,184.92,73.25,184.91,167.42,184.93,917.39,184.94,560.02
1753769312134,06:08:32.134,binance,SOL/USDT:USDT,184.91,9.11,184.9,83.98,184.92,1626.11,184.93,719.63
1753769312236,06:08:32.236,binance,SOL/USDT:USDT,184.91,138.3,184.9,102.38,184.92,1605.11,184.93,690.43
1753769312339,06:08:32.339,binance,SOL/USDT:USDT,184.91,137.89,184.9,102.42,184.92,1588.92,184.93,685.85
1753769312442,06:08:32.442,binance,SOL/USDT:USDT,184.91,57.18,184.9,102.42,184.92,1591.61,184.93,683.16
1753769312545,06:08:32.545,binance,SOL/USDT:USDT,184.91,56.3,184.9,83.88,184.92,1631.47,184.93,570.13
1753769312650,06:08:32.650,binance,SOL/USDT:USDT,184.91,56.3,184.9,83.88,184.92,1631.47,184.93,570.13
1753769312753,06:08:32.753,binance,SOL/USDT:USDT,184.91,56.3,184.9,83.88,184.92,1631.47,184.93,570.13
1753769313178,06:08:33.178,binance,SOL/USDT:USDT,184.91,116.33,184.9,102.42,184.92,1536.55,184.93,570.14
1753769313281,06:08:33.281,binance,SOL/USDT:USDT,184.91,116.33,184.9,102.42,184.92,1536.56,184.93,570.14
1753769313398,06:08:33.398,binance,SOL/USDT:USDT,184.91,116.33,184.9,102.42,184.92,1556.77,184.93,670.78
1753769313501,06:08:33.501,binance,SOL/USDT:USDT,184.89,153.73,184.88,1026.84,184.9,1220.89,184.91,1234.52
1753769313602,06:08:33.602,binance,SOL/USDT:USDT,184.89,157.87,184.88,898.82,184.9,1080.53,184.91,1114.1
1753769313703,06:08:33.703,binance,SOL/USDT:USDT,184.89,395.59,184.88,1069.16,184.9,826.29,184.91,859.78
1753769313907,06:08:33.907,binance,SOL/USDT:USDT,184.89,741.32,184.88,1405.27,184.9,561.62,184.91,807.11
1753769314009,06:08:34.009,binance,SOL/USDT:USDT,184.89,741.19,184.88,1358.74,184.9,545.35,184.91,801.06
1753769314112,06:08:34.112,binance,SOL/USDT:USDT,184.89,741.19,184.88,1452.67,184.9,545.35,184.91,855.63
1753769314216,06:08:34.216,binance,SOL/USDT:USDT,184.89,722.68,184.88,1259.17,184.9,693.45,184.91,676.91
1753769314319,06:08:34.319,binance,SOL/USDT:USDT,184.89,741.58,184.88,1358.76,184.9,539.65,184.91,825.58
1753769314541,06:08:34.541,binance,SOL/USDT:USDT,184.89,742.46,184.88,1260.98,184.9,575.1,184.91,923.44
1753769314643,06:08:34.643,binance,SOL/USDT:USDT,184.89,723.92,184.88,1357.02,184.9,575.1,184.91,825.66
1753769314746,06:08:34.746,binance,SOL/USDT:USDT,184.89,724.17,184.88,1257.34,184.9,575.1,184.91,927.93
1753769314848,06:08:34.848,binance,SOL/USDT:USDT,184.89,724.17,184.88,1041.96,184.9,575.41,184.91,830.15
1753769314951,06:08:34.951,binance,SOL/USDT:USDT,184.89,724.17,184.88,897.25,184.9,576.58,184.91,830.15
1753769315066,06:08:35.066,binance,SOL/USDT:USDT,184.89,4431.86,184.88,931.45,184.9,509.98,184.91,529.51
1753769315168,06:08:35.168,binance,SOL/USDT:USDT,184.89,4433.07,184.88,1029.75,184.9,489.78,184.91,529.51
1753769315269,06:08:35.269,binance,SOL/USDT:USDT,184.89,4432.8,184.88,931.97,184.9,490.15,184.91,557.24
1753769315371,06:08:35.371,binance,SOL/USDT:USDT,184.89,4432.8,184.88,1029.75,184.9,490.77,184.91,552.75
1753769315472,06:08:35.472,binance,SOL/USDT:USDT,184.89,4434.96,184.88,1029.75,184.9,301.04,184.91,345.45
1753769315580,06:08:35.580,binance,SOL/USDT:USDT,184.89,4581.08,184.88,1029.75,184.9,292.79,184.91,241.11
1753769315683,06:08:35.683,binance,SOL/USDT:USDT,184.89,4630.37,184.88,1029.75,184.9,289.82,184.91,213.42
1753769315786,06:08:35.786,binance,SOL/USDT:USDT,184.89,4532.59,184.88,1029.75,184.9,431.43,184.91,213.42
1753769315889,06:08:35.889,binance,SOL/USDT:USDT,184.89,4199.63,184.88,753.1,184.9,722.05,184.91,420.66
1753769315991,06:08:35.991,binance,SOL/USDT:USDT,184.89,4298.75,184.88,1025.63,184.9,678.24,184.91,229.65
1753769316111,06:08:36.111,binance,SOL/USDT:USDT,184.89,4298.75,184.88,1025.63,184.9,585.04,184.91,229.3
1753769316215,06:08:36.215,binance,SOL/USDT:USDT,184.89,4298.75,184.88,1025.63,184.9,585.19,184.91,229.3
1753769316320,06:08:36.320,binance,SOL/USDT:USDT,184.89,4298.75,184.88,1025.54,184.9,517.03,184.91,229.3
1753769316424,06:08:36.424,binance,SOL/USDT:USDT,184.89,4299.69,184.88,1026.06,184.9,512.86,184.91,229.3
1753769316527,06:08:36.527,binance,SOL/USDT:USDT,184.89,4300.01,184.88,1026.06,184.9,584.07,184.91,229.33
1753769316630,06:08:36.630,binance,SOL/USDT:USDT,184.89,4300.01,184.88,1026.06,184.9,584.2,184.91,229.33
1753769316733,06:08:36.733,binance,SOL/USDT:USDT,184.89,4304.05,184.88,1021.57,184.9,512.94,184.91,229.3
1753769316843,06:08:36.843,binance,SOL/USDT:USDT,184.89,4308.37,184.88,1021.57,184.9,368.38,184.91,229.3
1753769316952,06:08:36.952,binance,SOL/USDT:USDT,184.89,4308.37,184.88,1021.57,184.9,369.49,184.91,229.3
1753769317054,06:08:37.054,binance,SOL/USDT:USDT,184.89,4308.37,184.88,1021.57,184.9,489.29,184.91,229.3
1753769317157,06:08:37.157,binance,SOL/USDT:USDT,184.89,4308.59,184.88,966.25,184.9,489.29,184.91,229.3
1753769317260,06:08:37.260,binance,SOL/USDT:USDT,184.89,4307.52,184.88,966.25,184.9,492.26,184.91,230.88
1753769317373,06:08:37.373,binance,SOL/USDT:USDT,184.89,4307.02,184.88,1064.03,184.9,492.25,184.91,230.88
1753769317475,06:08:37.475,binance,SOL/USDT:USDT,184.89,4307.21,184.88,1064.03,184.9,492.28,184.91,230.88
1753769317578,06:08:37.578,binance,SOL/USDT:USDT,184.89,4307.16,184.88,966.25,184.9,492.28,184.91,230.88
1753769317798,06:08:37.798,binance,SOL/USDT:USDT,184.89,4080.87,184.88,1013.93,184.9,504.39,184.91,230.88
1753769317902,06:08:37.902,binance,SOL/USDT:USDT,184.89,4080.91,184.88,1062.4,184.9,481.4,184.91,230.88
1753769318005,06:08:38.005,binance,SOL/USDT:USDT,184.89,4125.07,184.88,1078.63,184.9,356.05,184.91,214.65
1753769318108,06:08:38.108,binance,SOL/USDT:USDT,184.89,4125.07,184.88,1078.63,184.9,253.37,184.91,214.65
1753769318211,06:08:38.211,binance,SOL/USDT:USDT,184.89,4125.07,184.88,1078.63,184.9,288.81,184.91,214.65
1753769318327,06:08:38.327,binance,SOL/USDT:USDT,184.89,4129.56,184.88,1074.14,184.9,272.05,184.91,214.65
1753769318452,06:08:38.452,binance,SOL/USDT:USDT,184.89,4130.57,184.88,976.36,184.9,396.19,184.91,214.65
1753769318553,06:08:38.553,binance,SOL/USDT:USDT,184.89,4130.57,184.88,1074.14,184.9,396.22,184.91,214.65
1753769318671,06:08:38.671,binance,SOL/USDT:USDT,184.89,4130.57,184.88,1074.28,184.9,396.22,184.91,214.65
1753769318773,06:08:38.773,binance,SOL/USDT:USDT,184.89,4130.57,184.88,1074.28,184.9,318.4,184.91,214.65
1753769318879,06:08:38.879,binance,SOL/USDT:USDT,184.89,4130.57,184.88,976.5,184.9,327.0,184.91,214.65
1753769318981,06:08:38.981,binance,SOL/USDT:USDT,184.89,4130.57,184.88,1074.28,184.9,328.15,184.91,214.65
1753769319084,06:08:39.084,binance,SOL/USDT:USDT,184.89,4128.36,184.88,1074.14,184.9,328.09,184.91,214.65
1753769319187,06:08:39.187,binance,SOL/USDT:USDT,184.89,4128.36,184.88,976.36,184.9,328.14,184.91,214.65
1753769319290,06:08:39.290,binance,SOL/USDT:USDT,184.89,4128.36,184.88,976.36,184.9,399.32,184.91,214.65
1753769319393,06:08:39.393,binance,SOL/USDT:USDT,184.89,4128.33,184.88,960.13,184.9,328.8,184.91,214.65
1753769319496,06:08:39.496,binance,SOL/USDT:USDT,184.89,4027.12,184.88,960.13,184.9,400.08,184.91,230.88
1753769319609,06:08:39.609,binance,SOL/USDT:USDT,184.89,4027.12,184.88,960.13,184.9,400.35,184.91,230.88
1753769319822,06:08:39.822,binance,SOL/USDT:USDT,184.89,4037.86,184.88,1052.85,184.9,398.54,184.91,230.88
1753769320027,06:08:40.027,binance,SOL/USDT:USDT,184.89,4037.86,184.88,960.13,184.9,402.65,184.91,230.88
1753769320133,06:08:40.133,binance,SOL/USDT:USDT,184.89,4037.86,184.88,960.13,184.9,402.65,184.91,230.88
1753769320236,06:08:40.236,binance,SOL/USDT:USDT,184.89,4037.86,184.88,960.13,184.9,403.41,184.91,230.88
1753769320340,06:08:40.340,binance,SOL/USDT:USDT,184.89,4037.86,184.88,1050.97,184.9,403.3,184.91,230.88
1753769320443,06:08:40.443,binance,SOL/USDT:USDT,184.89,4037.52,184.88,960.13,184.9,347.08,184.91,230.88
1753769320547,06:08:40.547,binance,SOL/USDT:USDT,184.89,4037.52,184.88,960.13,184.9,505.69,184.91,312.36
1753769320648,06:08:40.648,binance,SOL/USDT:USDT,184.89,4037.3,184.88,1048.36,184.9,337.42,184.91,230.88
1753769320852,06:08:40.852,binance,SOL/USDT:USDT,184.89,3937.3,184.88,960.13,184.9,546.8,184.91,230.88
1753769320955,06:08:40.955,binance,SOL/USDT:USDT,184.89,3934.71,184.88,960.13,184.9,547.97,184.91,316.62
1753769321056,06:08:41.056,binance,SOL/USDT:USDT,184.89,3933.64,184.88,960.13,184.9,547.97,184.91,230.88
1753769321158,06:08:41.158,binance,SOL/USDT:USDT,184.89,3933.64,184.88,1046.01,184.9,538.87,184.91,230.88
1753769321261,06:08:41.261,binance,SOL/USDT:USDT,184.89,3887.66,184.88,960.27,184.9,499.96,184.91,230.88
1753769321364,06:08:41.364,binance,SOL/USDT:USDT,184.89,4031.62,184.88,981.27,184.9,127.74,184.91,168.97
1753769321467,06:08:41.467,binance,SOL/USDT:USDT,184.89,4031.62,184.88,981.27,184.9,127.78,184.91,168.97
1753769321595,06:08:41.595,binance,SOL/USDT:USDT,184.89,4036.36,184.88,1074.56,184.9,127.87,184.91,168.97
1753769321799,06:08:41.799,binance,SOL/USDT:USDT,184.89,4035.28,184.88,976.78,184.9,127.9,184.91,168.97
1753769321901,06:08:41.901,binance,SOL/USDT:USDT,184.89,4035.28,184.88,976.92,184.9,245.68,184.91,168.97
1753769322003,06:08:42.003,binance,SOL/USDT:USDT,184.89,3986.8,184.88,960.69,184.9,366.44,184.91,185.2
1753769322106,06:08:42.106,binance,SOL/USDT:USDT,184.89,3881.73,184.88,960.69,184.9,608.65,184.91,372.27
1753769322215,06:08:42.215,binance,SOL/USDT:USDT,184.89,3823.91,184.88,669.92,184.9,903.89,184.91,377.11
1753769322326,06:08:42.326,binance,SOL/USDT:USDT,184.89,3823.58,184.88,669.92,184.9,732.72,184.91,287.85
1753769322428,06:08:42.428,binance,SOL/USDT:USDT,184.89,3822.57,184.88,669.92,184.9,543.75,184.91,190.07
1753769322532,06:08:42.532,binance,SOL/USDT:USDT,184.89,3820.41,184.88,669.92,184.9,543.88,184.91,287.85
1753769322635,06:08:42.635,binance,SOL/USDT:USDT,184.89,3820.41,184.88,767.38,184.9,565.4,184.91,190.07
1753769322738,06:08:42.738,binance,SOL/USDT:USDT,184.89,3806.67,184.88,517.05,184.9,1105.44,184.91,443.24
1753769322845,06:08:42.845,binance,SOL/USDT:USDT,184.89,3808.63,184.88,521.54,184.9,721.39,184.91,190.07
1753769322948,06:08:42.948,binance,SOL/USDT:USDT,184.89,3812.71,184.88,610.37,184.9,722.55,184.91,190.07
1753769323052,06:08:43.052,binance,SOL/USDT:USDT,184.89,3811.64,184.88,610.37,184.9,667.01,184.91,270.76
1753769323153,06:08:43.153,binance,SOL/USDT:USDT,184.89,3811.64,184.88,521.54,184.9,674.5,184.91,357.42
1753769323254,06:08:43.254,binance,SOL/USDT:USDT,184.89,3783.95,184.88,548.77,184.9,674.72,184.91,272.24
1753769323356,06:08:43.356,binance,SOL/USDT:USDT,184.89,3784.14,184.88,548.77,184.9,678.72,184.91,185.58
1753769323462,06:08:43.462,binance,SOL/USDT:USDT,184.89,3784.1,184.88,160.6,184.9,882.76,184.91,424.39
1753769323565,06:08:43.565,binance,SOL/USDT:USDT,184.89,3783.85,184.88,160.46,184.9,969.56,184.91,424.39
1753769323668,06:08:43.668,binance,SOL/USDT:USDT,184.89,1324.56,184.88,70.55,184.9,1344.47,184.91,430.77
1753769323770,06:08:43.770,binance,SOL/USDT:USDT,184.89,1324.56,184.88,214.06,184.9,1061.93,184.91,341.56
1753769323871,06:08:43.871,binance,SOL/USDT:USDT,184.89,1324.56,184.88,70.59,184.9,1013.17,184.91,352.68
1753769323973,06:08:43.973,binance,SOL/USDT:USDT,184.89,1384.56,184.88,70.59,184.9,1034.64,184.91,523.8
1753769324086,06:08:44.086,binance,SOL/USDT:USDT,184.89,1386.67,184.88,70.59,184.9,1034.64,184.91,523.8
1753769324197,06:08:44.197,binance,SOL/USDT:USDT,184.89,1386.67,184.88,70.73,184.9,1034.6,184.91,352.68
1753769324310,06:08:44.310,binance,SOL/USDT:USDT,184.89,1386.6,184.88,75.33,184.9,1035.06,184.91,535.11
1753769324415,06:08:44.415,binance,SOL/USDT:USDT,184.89,1386.28,184.88,75.33,184.9,1068.58,184.91,535.11
1753769324518,06:08:44.518,binance,SOL/USDT:USDT,184.89,1386.28,184.88,75.33,184.9,919.87,184.91,683.8
1753769324629,06:08:44.629,binance,SOL/USDT:USDT,184.89,1386.28,184.88,75.33,184.9,885.72,184.91,683.8
1753769324730,06:08:44.730,binance,SOL/USDT:USDT,184.89,1386.28,184.88,70.59,184.9,1072.31,184.91,624.32
1753769324833,06:08:44.833,binance,SOL/USDT:USDT,184.89,1386.22,184.88,70.59,184.9,1072.83,184.91,624.32
1753769324936,06:08:44.936,binance,SOL/USDT:USDT,184.89,1386.22,184.88,70.59,184.9,1074.43,184.91,624.32
1753769325039,06:08:45.039,binance,SOL/USDT:USDT,184.89,1353.51,184.88,70.59,184.9,1122.91,184.91,624.32
1753769325140,06:08:45.140,binance,SOL/USDT:USDT,184.89,1353.51,184.88,70.59,184.9,1171.42,184.91,624.32
1753769325245,06:08:45.245,binance,SOL/USDT:USDT,184.89,1644.38,184.88,70.59,184.9,1075.11,184.91,624.32
1753769325350,06:08:45.350,binance,SOL/USDT:USDT,184.89,1644.36,184.88,70.59,184.9,1075.11,184.91,624.32
1753769325452,06:08:45.452,binance,SOL/USDT:USDT,184.89,1644.36,184.88,70.59,184.9,951.6,184.91,773.02
1753769325553,06:08:45.553,binance,SOL/USDT:USDT,184.89,1644.36,184.88,70.59,184.9,951.6,184.91,773.02
1753769325655,06:08:45.655,binance,SOL/USDT:USDT,184.89,1644.36,184.88,70.59,184.9,951.73,184.91,773.02
1753769325762,06:08:45.762,binance,SOL/USDT:USDT,184.89,1644.36,184.88,95.81,184.9,843.5,184.91,800.06
1753769325864,06:08:45.864,binance,SOL/USDT:USDT,184.89,1644.36,184.88,68.16,184.9,871.15,184.91,800.06
1753769325966,06:08:45.966,binance,SOL/USDT:USDT,184.89,1644.36,184.88,68.16,184.9,871.15,184.91,800.06
1753769326072,06:08:46.072,binance,SOL/USDT:USDT,184.89,1644.36,184.88,68.16,184.9,865.75,184.91,800.06
1753769326176,06:08:46.176,binance,SOL/USDT:USDT,184.89,1644.36,184.88,68.16,184.9,866.66,184.91,531.16
1753769326278,06:08:46.278,binance,SOL/USDT:USDT,184.89,1644.36,184.88,68.16,184.9,865.92,184.91,531.16
1753769326386,06:08:46.386,binance,SOL/USDT:USDT,184.89,1644.3,184.88,68.16,184.9,766.9,184.91,766.02
1753769326488,06:08:46.488,binance,SOL/USDT:USDT,184.89,1743.62,184.88,68.16,184.9,704.87,184.91,441.95
1753769326590,06:08:46.590,binance,SOL/USDT:USDT,184.89,1743.66,184.88,68.16,184.9,724.91,184.91,441.95
1753769326693,06:08:46.693,binance,SOL/USDT:USDT,184.89,1743.66,184.88,68.3,184.9,704.87,184.91,441.95
1753769326796,06:08:46.796,binance,SOL/USDT:USDT,184.89,1743.66,184.88,68.3,184.9,704.83,184.91,441.95
1753769327022,06:08:47.022,binance,SOL/USDT:USDT,184.89,1727.44,184.88,68.3,184.9,721.12,184.91,707.35
1753769327123,06:08:47.123,binance,SOL/USDT:USDT,184.89,1727.44,184.88,68.16,184.9,693.5,184.91,734.99
1753769327229,06:08:47.229,binance,SOL/USDT:USDT,184.89,1681.46,184.88,117.85,184.9,740.22,184.91,734.99
1753769327333,06:08:47.333,binance,SOL/USDT:USDT,184.89,1681.19,184.88,117.85,184.9,740.22,184.91,632.36
1753769327443,06:08:47.443,binance,SOL/USDT:USDT,184.89,1681.19,184.88,117.85,184.9,736.75,184.91,469.59
1753769327553,06:08:47.553,binance,SOL/USDT:USDT,184.89,1681.19,184.88,117.85,184.9,736.75,184.91,728.36
1753769327655,06:08:47.655,binance,SOL/USDT:USDT,184.89,1681.25,184.88,117.85,184.9,912.3,184.91,791.45
1753769327758,06:08:47.758,binance,SOL/USDT:USDT,184.89,1571.79,184.88,117.85,184.9,739.29,184.91,791.45
1753769327877,06:08:47.877,binance,SOL/USDT:USDT,184.89,1571.79,184.88,117.85,184.9,770.96,184.91,791.45
1753769327980,06:08:47.980,binance,SOL/USDT:USDT,184.89,1571.79,184.88,117.85,184.9,771.01,184.91,669.38
1753769328083,06:08:48.083,binance,SOL/USDT:USDT,184.89,1571.83,184.88,120.6,184.9,716.03,184.91,389.91
1753769328186,06:08:48.186,binance,SOL/USDT:USDT,184.89,1571.83,184.88,120.6,184.9,707.57,184.91,458.78
1753769328288,06:08:48.288,binance,SOL/USDT:USDT,184.89,1671.83,184.88,123.13,184.9,492.25,184.91,373.61
1753769328494,06:08:48.494,binance,SOL/USDT:USDT,184.89,1671.81,184.88,122.99,184.9,497.4,184.91,389.88
1753769328597,06:08:48.597,binance,SOL/USDT:USDT,184.89,1671.81,184.88,122.99,184.9,492.08,184.91,389.88
1753769329043,06:08:49.043,binance,SOL/USDT:USDT,184.89,1771.81,184.88,122.99,184.9,489.08,184.91,389.88
1753769329146,06:08:49.146,binance,SOL/USDT:USDT,184.89,1771.81,184.88,122.99,184.9,632.75,184.91,552.38
1753769329256,06:08:49.256,binance,SOL/USDT:USDT,184.89,1771.81,184.88,145.66,184.9,494.11,184.91,389.88
1753769329359,06:08:49.359,binance,SOL/USDT:USDT,184.89,1778.43,184.88,145.66,184.9,580.77,184.91,241.21
1753769329464,06:08:49.464,binance,SOL/USDT:USDT,184.89,1778.44,184.88,145.66,184.9,582.06,184.91,485.23
1753769329988,06:08:49.988,binance,SOL/USDT:USDT,184.89,1778.44,184.88,145.66,184.9,583.32,184.91,631.47
1753769330091,06:08:50.091,binance,SOL/USDT:USDT,184.89,1778.44,184.88,145.66,184.9,583.32,184.91,373.65
1753769330194,06:08:50.194,binance,SOL/USDT:USDT,184.89,1778.38,184.88,145.66,184.9,583.26,184.91,373.65
1753769330295,06:08:50.295,binance,SOL/USDT:USDT,184.89,1778.38,184.88,145.66,184.9,583.52,184.91,373.65
1753769330399,06:08:50.399,binance,SOL/USDT:USDT,184.89,1778.49,184.88,145.66,184.9,586.08,184.91,391.63
1753769330511,06:08:50.511,binance,SOL/USDT:USDT,184.89,1773.07,184.88,145.66,184.9,591.23,184.91,543.76
1753769330613,06:08:50.613,binance,SOL/USDT:USDT,184.89,1773.07,184.88,145.66,184.9,591.23,184.91,373.65
1753769330719,06:08:50.719,binance,SOL/USDT:USDT,184.89,1773.01,184.88,145.75,184.9,581.72,184.91,373.65
1753769330820,06:08:50.820,binance,SOL/USDT:USDT,184.89,1773.01,184.88,145.75,184.9,592.79,184.91,471.43
1753769330924,06:08:50.924,binance,SOL/USDT:USDT,184.89,1716.08,184.88,143.36,184.9,593.91,184.91,594.65
1753769331026,06:08:51.026,binance,SOL/USDT:USDT,184.89,1715.87,184.88,143.36,184.9,593.91,184.91,540.3
1753769331128,06:08:51.128,binance,SOL/USDT:USDT,184.89,1715.92,184.88,143.36,184.9,647.28,184.91,540.3
1753769331231,06:08:51.231,binance,SOL/USDT:USDT,184.89,1515.92,184.88,143.36,184.9,1002.92,184.91,684.85
1753769331334,06:08:51.334,binance,SOL/USDT:USDT,184.89,1515.92,184.88,120.69,184.9,1004.08,184.91,684.85
1753769331438,06:08:51.438,binance,SOL/USDT:USDT,184.89,1516.48,184.88,120.69,184.9,776.69,184.91,610.97
1753769331539,06:08:51.539,binance,SOL/USDT:USDT,184.89,1515.84,184.88,120.69,184.9,775.29,184.91,755.52
1753769331651,06:08:51.651,binance,SOL/USDT:USDT,184.89,1515.84,184.88,120.83,184.9,790.67,184.91,755.52
1753769331754,06:08:51.754,binance,SOL/USDT:USDT,184.89,1515.84,184.88,120.83,184.9,941.47,184.91,755.52
1753769331858,06:08:51.858,binance,SOL/USDT:USDT,184.89,1515.84,184.88,120.83,184.9,941.98,184.91,755.52
1753769331959,06:08:51.959,binance,SOL/USDT:USDT,184.89,1515.48,184.88,120.83,184.9,1041.12,184.91,755.52
1753769332062,06:08:52.062,binance,SOL/USDT:USDT,184.89,1515.48,184.88,120.83,184.9,943.34,184.91,755.52
1753769332165,06:08:52.165,binance,SOL/USDT:USDT,184.89,1515.48,184.88,120.69,184.9,804.68,184.91,684.85
1753769332266,06:08:52.266,binance,SOL/USDT:USDT,184.89,1515.51,184.88,120.69,184.9,789.18,184.91,657.74
1753769332677,06:08:52.677,binance,SOL/USDT:USDT,184.89,1511.99,184.88,120.65,184.9,859.9,184.91,755.54
1753769332783,06:08:52.783,binance,SOL/USDT:USDT,184.89,1511.99,184.88,120.65,184.9,869.14,184.91,755.54
1753769332888,06:08:52.888,binance,SOL/USDT:USDT,184.89,1511.99,184.88,120.65,184.9,869.14,184.91,755.54
1753769332989,06:08:52.989,binance,SOL/USDT:USDT,184.89,1507.76,184.88,120.65,184.9,1014.02,184.91,755.54
1753769333093,06:08:53.093,binance,SOL/USDT:USDT,184.89,1507.76,184.88,120.65,184.9,983.09,184.91,606.85
1753769333196,06:08:53.196,binance,SOL/USDT:USDT,184.89,1507.76,184.88,120.65,184.9,983.12,184.91,606.85
1753769333320,06:08:53.320,binance,SOL/USDT:USDT,184.89,1507.76,184.88,120.69,184.9,990.47,184.91,602.0
1753769333423,06:08:53.423,binance,SOL/USDT:USDT,184.89,1507.77,184.88,117.94,184.9,1308.34,184.91,602.0
1753769333525,06:08:53.525,binance,SOL/USDT:USDT,184.88,117.44,184.87,514.93,184.89,2236.39,184.9,1185.91
1753769333626,06:08:53.626,binance,SOL/USDT:USDT,184.87,589.79,184.86,97.1,184.88,1756.82,184.89,1150.09
1753769333730,06:08:53.730,binance,SOL/USDT:USDT,184.87,591.79,184.86,97.1,184.88,1753.03,184.89,1149.39
1753769333832,06:08:53.832,binance,SOL/USDT:USDT,184.87,619.44,184.86,97.1,184.88,1820.87,184.89,960.98
1753769333935,06:08:53.935,binance,SOL/USDT:USDT,184.87,651.83,184.86,124.71,184.88,1840.14,184.89,1128.51
1753769334038,06:08:54.038,binance,SOL/USDT:USDT,184.87,573.16,184.86,124.84,184.88,2189.41,184.89,1128.55
1753769334139,06:08:54.139,binance,SOL/USDT:USDT,184.87,561.82,184.86,124.75,184.88,2244.32,184.89,1122.12
1753769334242,06:08:54.242,binance,SOL/USDT:USDT,184.87,561.67,184.86,46.8,184.88,2067.03,184.89,1122.12
1753769334345,06:08:54.345,binance,SOL/USDT:USDT,184.87,563.58,184.86,46.8,184.88,2064.61,184.89,1122.12
1753769334446,06:08:54.446,binance,SOL/USDT:USDT,184.87,563.58,184.86,46.8,184.88,2064.9,184.89,1122.12
1753769334547,06:08:54.547,binance,SOL/USDT:USDT,184.87,563.58,184.86,46.8,184.88,2130.69,184.89,1122.12
1753769334648,06:08:54.648,binance,SOL/USDT:USDT,184.87,563.58,184.86,19.19,184.88,1933.58,184.89,1121.9
1753769334749,06:08:54.749,binance,SOL/USDT:USDT,184.87,563.58,184.86,19.19,184.88,1936.31,184.89,1121.9
1753769334882,06:08:54.882,binance,SOL/USDT:USDT,184.87,563.58,184.86,19.19,184.88,1936.31,184.89,1121.9
1753769335190,06:08:55.190,binance,SOL/USDT:USDT,184.87,562.02,184.86,19.15,184.88,1985.94,184.89,1107.76
1753769335293,06:08:55.293,binance,SOL/USDT:USDT,184.87,562.02,184.86,19.19,184.88,1937.61,184.89,1107.76
1753769335396,06:08:55.396,binance,SOL/USDT:USDT,184.87,561.99,184.86,19.19,184.88,1994.51,184.89,1107.76
1753769335502,06:08:55.502,binance,SOL/USDT:USDT,184.87,561.99,184.86,19.19,184.88,1940.19,184.89,1109.84
1753769335605,06:08:55.605,binance,SOL/USDT:USDT,184.87,561.95,184.86,19.33,184.88,1941.77,184.89,1109.84
1753769335708,06:08:55.708,binance,SOL/USDT:USDT,184.87,561.95,184.86,19.33,184.88,1936.3,184.89,956.49
1753769335811,06:08:55.811,binance,SOL/USDT:USDT,184.87,561.95,184.86,19.33,184.88,1952.86,184.89,1093.72
1753769335921,06:08:55.921,binance,SOL/USDT:USDT,184.87,561.95,184.86,19.33,184.88,1952.86,184.89,1093.72
1753769336028,06:08:56.028,binance,SOL/USDT:USDT,184.87,561.95,184.86,13.79,184.88,1955.7,184.89,1093.72
1753769336131,06:08:56.131,binance,SOL/USDT:USDT,184.87,561.95,184.86,13.65,184.88,1955.7,184.89,1093.72
1753769336233,06:08:56.233,binance,SOL/USDT:USDT,184.87,545.57,184.86,13.65,184.88,2006.05,184.89,1093.72
1753769336337,06:08:56.337,binance,SOL/USDT:USDT,184.87,545.57,184.86,13.65,184.88,1953.58,184.89,1088.28
1753769336440,06:08:56.440,binance,SOL/USDT:USDT,184.87,545.57,184.86,13.65,184.88,1953.77,184.89,1088.28
1753769336543,06:08:56.543,binance,SOL/USDT:USDT,184.87,545.57,184.86,13.65,184.88,2008.4,184.89,1088.28
1753769336651,06:08:56.651,binance,SOL/USDT:USDT,184.86,57.99,184.85,24.14,184.87,2419.96,184.88,1941.8
1753769337161,06:08:57.161,binance,SOL/USDT:USDT,184.84,25.81,184.83,124.68,184.85,2245.24,184.86,1853.36
1753769337365,06:08:57.365,binance,SOL/USDT:USDT,184.83,339.43,184.82,241.46,184.84,2279.27,184.85,1146.94
1753769337466,06:08:57.466,binance,SOL/USDT:USDT,184.83,266.39,184.82,241.46,184.84,2277.28,184.85,1194.93
1753769337569,06:08:57.569,binance,SOL/USDT:USDT,184.83,264.5,184.82,241.46,184.84,2312.23,184.85,1159.63
1753769337671,06:08:57.671,binance,SOL/USDT:USDT,184.83,112.56,184.82,213.98,184.84,2412.23,184.85,1159.66
1753769337775,06:08:57.775,binance,SOL/USDT:USDT,184.83,112.56,184.82,133.27,184.84,2552.84,184.85,1159.66
1753769337879,06:08:57.879,binance,SOL/USDT:USDT,184.83,112.56,184.82,133.27,184.84,2504.36,184.85,1159.71
1753769337982,06:08:57.982,binance,SOL/USDT:USDT,184.83,96.31,184.82,133.3,184.84,2487.38,184.85,1159.71
1753769338085,06:08:58.085,binance,SOL/USDT:USDT,184.83,96.31,184.82,133.3,184.84,2487.38,184.85,1159.71
1753769338187,06:08:58.187,binance,SOL/USDT:USDT,184.83,96.31,184.82,133.3,184.84,2491.38,184.85,1159.71
1753769338293,06:08:58.293,binance,SOL/USDT:USDT,184.83,96.31,184.82,133.3,184.84,2403.48,184.85,1072.96
1753769338395,06:08:58.395,binance,SOL/USDT:USDT,184.83,96.31,184.82,133.3,184.84,2549.65,184.85,1074.96
1753769338511,06:08:58.511,binance,SOL/USDT:USDT,184.83,96.38,184.82,133.3,184.84,2499.03,184.85,977.15
1753769338613,06:08:58.613,binance,SOL/USDT:USDT,184.83,346.8,184.82,311.82,184.84,2167.45,184.85,963.7
1753769338715,06:08:58.715,binance,SOL/USDT:USDT,184.83,271.87,184.82,311.82,184.84,2168.47,184.85,918.61
1753769338929,06:08:58.929,binance,SOL/USDT:USDT,184.83,579.18,184.82,214.01,184.84,2108.21,184.85,545.62
1753769339032,06:08:59.032,binance,SOL/USDT:USDT,184.83,543.81,184.82,214.01,184.84,2108.25,184.85,545.62
1753769339135,06:08:59.135,binance,SOL/USDT:USDT,184.83,543.81,184.82,214.01,184.84,2108.28,184.85,545.62
1753769339239,06:08:59.239,binance,SOL/USDT:USDT,184.83,543.81,184.82,214.01,184.84,2108.37,184.85,545.62
1753769339341,06:08:59.341,binance,SOL/USDT:USDT,184.83,345.8,184.82,214.01,184.84,2099.66,184.85,545.62
1753769339447,06:08:59.447,binance,SOL/USDT:USDT,184.83,836.89,184.82,312.59,184.84,2021.25,184.85,157.46
1753769339552,06:08:59.552,binance,SOL/USDT:USDT,184.83,836.89,184.82,312.59,184.84,2021.2,184.85,157.46
1753769339781,06:08:59.781,binance,SOL/USDT:USDT,184.83,1035.54,184.82,462.29,184.84,1697.94,184.85,141.11
1753769339883,06:08:59.883,binance,SOL/USDT:USDT,184.83,837.12,184.82,441.85,184.84,1490.84,184.85,244.59
1753769339984,06:08:59.984,binance,SOL/USDT:USDT,184.83,836.98,184.82,344.04,184.84,1490.84,184.85,257.41
1753769340087,06:09:00.087,binance,SOL/USDT:USDT,184.83,414.88,184.82,214.01,184.84,1739.57,184.85,127.66
1753769340190,06:09:00.190,binance,SOL/USDT:USDT,184.83,312.61,184.82,214.01,184.84,1708.19,184.85,225.47
1753769340291,06:09:00.291,binance,SOL/USDT:USDT,184.83,312.61,184.82,212.64,184.84,1641.59,184.85,151.65
1753769340392,06:09:00.392,binance,SOL/USDT:USDT,184.83,312.61,184.82,212.64,184.84,1735.88,184.85,151.65
1753769340499,06:09:00.499,binance,SOL/USDT:USDT,184.83,312.61,184.82,212.2,184.84,1738.82,184.85,151.65
1753769340601,06:09:00.601,binance,SOL/USDT:USDT,184.83,74.53,184.82,212.07,184.84,1868.04,184.85,337.19
1753769340702,06:09:00.702,binance,SOL/USDT:USDT,184.83,74.62,184.82,211.84,184.84,1868.04,184.85,349.38
1753769340803,06:09:00.803,binance,SOL/USDT:USDT,184.83,73.58,184.82,211.5,184.84,1988.04,184.85,455.97
1753769340906,06:09:00.906,binance,SOL/USDT:USDT,184.83,73.58,184.82,130.79,184.84,1989.27,184.85,455.97
1753769341010,06:09:01.010,binance,SOL/USDT:USDT,184.83,72.46,184.82,130.31,184.84,2078.45,184.85,457.85
1753769341112,06:09:01.112,binance,SOL/USDT:USDT,184.83,74.46,184.82,130.45,184.84,1990.72,184.85,358.9
1753769341213,06:09:01.213,binance,SOL/USDT:USDT,184.83,74.46,184.82,211.0,184.84,1989.47,184.85,237.1
1753769341316,06:09:01.316,binance,SOL/USDT:USDT,184.83,74.59,184.82,130.29,184.84,1990.41,184.85,459.22
1753769341418,06:09:01.418,binance,SOL/USDT:USDT,184.83,69.0,184.82,130.26,184.84,1991.47,184.85,515.76
1753769341519,06:09:01.519,binance,SOL/USDT:USDT,184.83,68.55,184.82,130.21,184.84,1992.81,184.85,323.66
1753769341621,06:09:01.621,binance,SOL/USDT:USDT,184.83,521.29,184.82,212.99,184.84,1944.67,184.85,205.38
1753769341722,06:09:01.722,binance,SOL/USDT:USDT,184.83,988.69,184.82,403.28,184.84,1615.19,184.85,335.09
1753769341823,06:09:01.823,binance,SOL/USDT:USDT,184.83,624.5,184.82,213.02,184.84,1715.57,184.85,201.3
1753769341925,06:09:01.925,binance,SOL/USDT:USDT,184.83,624.5,184.82,209.94,184.84,1715.57,184.85,209.23
1753769342031,06:09:02.031,binance,SOL/USDT:USDT,184.83,624.5,184.82,261.5,184.84,1716.38,184.85,209.23
1753769342135,06:09:02.135,binance,SOL/USDT:USDT,184.83,624.53,184.82,261.5,184.84,1716.38,184.85,209.23
1753769342555,06:09:02.555,binance,SOL/USDT:USDT,184.83,59.93,184.82,89.76,184.84,2103.2,184.85,417.84
1753769342662,06:09:02.662,binance,SOL/USDT:USDT,184.83,60.02,184.82,89.76,184.84,1918.46,184.85,417.84
1753769342873,06:09:02.873,binance,SOL/USDT:USDT,184.82,388.61,184.81,85.32,184.83,1834.02,184.84,1738.86
1753769343076,06:09:03.076,binance,SOL/USDT:USDT,184.8,68.93,184.79,85.7,184.81,1916.82,184.82,1634.61
1753769343177,06:09:03.177,binance,SOL/USDT:USDT,184.78,283.88,184.77,87.9,184.79,1604.39,184.8,1470.09
1753769343278,06:09:03.278,binance,SOL/USDT:USDT,184.78,323.9,184.77,87.81,184.79,1680.35,184.8,1392.75
1753769343379,06:09:03.379,binance,SOL/USDT:USDT,184.78,176.21,184.77,7.23,184.79,1984.92,184.8,1392.88
1753769343481,06:09:03.481,binance,SOL/USDT:USDT,184.78,176.69,184.77,87.94,184.79,2036.38,184.8,1392.88
1753769343582,06:09:03.582,binance,SOL/USDT:USDT,184.78,176.65,184.77,7.1,184.79,2232.9,184.8,1392.88
1753769343683,06:09:03.683,binance,SOL/USDT:USDT,184.78,176.76,184.77,7.25,184.79,2203.88,184.8,1298.71
1753769343784,06:09:03.784,binance,SOL/USDT:USDT,184.78,176.76,184.77,88.1,184.79,2123.43,184.8,1132.03
1753769343887,06:09:03.887,binance,SOL/USDT:USDT,184.78,176.8,184.77,88.1,184.79,2107.43,184.8,1132.03
1753769343989,06:09:03.989,binance,SOL/USDT:USDT,184.78,236.8,184.77,88.1,184.79,2188.37,184.8,1132.03
1753769344091,06:09:04.091,binance,SOL/USDT:USDT,184.78,236.8,184.77,88.06,184.79,2156.12,184.8,1197.85
1753769344194,06:09:04.194,binance,SOL/USDT:USDT,184.78,933.08,184.77,90.62,184.79,1558.76,184.8,539.79
1753769344295,06:09:04.295,binance,SOL/USDT:USDT,184.78,701.28,184.77,90.62,184.79,1574.64,184.8,583.17
1753769344397,06:09:04.397,binance,SOL/USDT:USDT,184.78,636.65,184.77,88.06,184.79,1574.66,184.8,583.17
1753769344499,06:09:04.499,binance,SOL/USDT:USDT,184.78,596.19,184.77,88.06,184.79,1552.27,184.8,583.17
1753769344604,06:09:04.604,binance,SOL/USDT:USDT,184.78,388.91,184.77,88.06,184.79,1613.07,184.8,716.03
1753769344710,06:09:04.710,binance,SOL/USDT:USDT,184.78,388.91,184.77,88.06,184.79,1613.34,184.8,716.03
1753769344818,06:09:04.818,binance,SOL/USDT:USDT,184.78,388.99,184.77,87.92,184.79,1613.3,184.8,716.03
1753769344921,06:09:04.921,binance,SOL/USDT:USDT,184.78,464.01,184.77,87.92,184.79,1613.3,184.8,716.03
1753769345024,06:09:05.024,binance,SOL/USDT:USDT,184.78,567.64,184.77,90.64,184.79,1613.3,184.8,583.17
1753769345126,06:09:05.126,binance,SOL/USDT:USDT,184.78,567.64,184.77,90.64,184.79,1612.3,184.8,583.17
1753769345232,06:09:05.232,binance,SOL/USDT:USDT,184.78,567.64,184.77,87.95,184.79,1628.07,184.8,583.17
1753769345333,06:09:05.333,binance,SOL/USDT:USDT,184.78,567.64,184.77,87.95,184.79,1599.34,184.8,583.17
1753769345436,06:09:05.436,binance,SOL/USDT:USDT,184.78,567.54,184.77,87.95,184.79,1607.31,184.8,583.17
1753769345538,06:09:05.538,binance,SOL/USDT:USDT,184.78,567.51,184.77,87.95,184.79,1625.38,184.8,583.17
1753769345641,06:09:05.641,binance,SOL/USDT:USDT,184.78,567.51,184.77,88.09,184.79,1505.41,184.8,656.53
1753769345742,06:09:05.742,binance,SOL/USDT:USDT,184.78,567.51,184.77,88.09,184.79,1605.41,184.8,656.53
1753769345844,06:09:05.844,binance,SOL/USDT:USDT,184.78,494.79,184.77,88.06,184.79,1599.4,184.8,785.5
1753769345948,06:09:05.948,binance,SOL/USDT:USDT,184.78,494.79,184.77,88.06,184.79,1597.25,184.8,725.4
1753769346051,06:09:06.051,binance,SOL/USDT:USDT,184.78,494.74,184.77,88.06,184.79,1597.25,184.8,656.53
1753769346154,06:09:06.154,binance,SOL/USDT:USDT,184.78,494.74,184.77,87.92,184.79,1598.02,184.8,656.53
1753769346259,06:09:06.259,binance,SOL/USDT:USDT,184.78,454.99,184.77,87.92,184.79,1599.64,184.8,782.65
1753769346361,06:09:06.361,binance,SOL/USDT:USDT,184.78,227.95,184.77,87.92,184.79,1777.68,184.8,837.5
1753769346463,06:09:06.463,binance,SOL/USDT:USDT,184.78,208.79,184.77,87.92,184.79,1658.44,184.8,837.53
1753769346566,06:09:06.566,binance,SOL/USDT:USDT,184.78,208.7,184.77,87.92,184.79,1607.82,184.8,824.39
1753769346669,06:09:06.669,binance,SOL/USDT:USDT,184.78,388.02,184.77,87.92,184.79,1600.82,184.8,583.2
1753769346771,06:09:06.771,binance,SOL/USDT:USDT,184.78,388.02,184.77,87.92,184.79,1606.97,184.8,583.2
1753769346876,06:09:06.876,binance,SOL/USDT:USDT,184.78,766.37,184.77,143.36,184.79,1533.03,184.8,365.81
1753769346979,06:09:06.979,binance,SOL/USDT:USDT,184.78,766.37,184.77,90.49,184.79,1594.59,184.8,365.81
1753769347080,06:09:07.080,binance,SOL/USDT:USDT,184.78,431.36,184.77,87.92,184.79,1597.58,184.8,367.66
1753769347181,06:09:07.181,binance,SOL/USDT:USDT,184.78,431.36,184.77,87.92,184.79,1597.57,184.8,367.66
1753769347283,06:09:07.283,binance,SOL/USDT:USDT,184.78,397.08,184.77,87.92,184.79,1597.62,184.8,367.66
1753769347386,06:09:07.386,binance,SOL/USDT:USDT,184.78,394.7,184.77,87.92,184.79,1609.9,184.8,481.17
1753769347494,06:09:07.494,binance,SOL/USDT:USDT,184.78,361.84,184.77,87.92,184.79,1631.95,184.8,428.3
1753769347597,06:09:07.597,binance,SOL/USDT:USDT,184.78,296.37,184.77,88.02,184.79,1781.77,184.8,548.7
1753769347699,06:09:07.699,binance,SOL/USDT:USDT,184.78,69.36,184.77,7.28,184.79,1799.01,184.8,686.11
1753769347800,06:09:07.800,binance,SOL/USDT:USDT,184.78,69.27,184.77,7.28,184.79,1799.01,184.8,686.11
1753769347905,06:09:07.905,binance,SOL/USDT:USDT,184.78,215.57,184.77,88.03,184.79,1639.91,184.8,691.52
1753769348008,06:09:08.008,binance,SOL/USDT:USDT,184.78,64.37,184.77,88.06,184.79,1694.5,184.8,691.52
1753769348111,06:09:08.111,binance,SOL/USDT:USDT,184.78,64.37,184.77,87.92,184.79,1694.5,184.8,699.16
1753769348214,06:09:08.214,binance,SOL/USDT:USDT,184.78,135.56,184.77,87.92,184.79,1642.23,184.8,712.99
1753769348317,06:09:08.317,binance,SOL/USDT:USDT,184.78,314.92,184.77,90.51,184.79,1642.23,184.8,534.65
1753769348421,06:09:08.421,binance,SOL/USDT:USDT,184.78,314.92,184.77,87.92,184.79,1613.5,184.8,528.95
1753769348522,06:09:08.522,binance,SOL/USDT:USDT,184.78,314.92,184.77,87.92,184.79,1638.88,184.8,583.77
1753769348829,06:09:08.829,binance,SOL/USDT:USDT,184.78,66.03,184.77,87.92,184.79,1643.51,184.8,700.68
1753769348932,06:09:08.932,binance,SOL/USDT:USDT,184.78,212.27,184.77,87.92,184.79,1646.88,184.8,643.31
1753769349033,06:09:09.033,binance,SOL/USDT:USDT,184.78,212.27,184.77,87.92,184.79,1646.93,184.8,545.97
1753769349135,06:09:09.135,binance,SOL/USDT:USDT,184.78,212.27,184.77,87.92,184.79,1646.93,184.8,598.26
1753769349238,06:09:09.238,binance,SOL/USDT:USDT,184.78,295.76,184.77,87.92,184.79,1651.83,184.8,545.97
1753769349340,06:09:09.340,binance,SOL/USDT:USDT,184.78,886.65,184.77,90.57,184.79,1545.23,184.8,413.93
1753769349443,06:09:09.443,binance,SOL/USDT:USDT,184.78,886.59,184.77,90.57,184.79,1548.88,184.8,398.54
1753769349645,06:09:09.645,binance,SOL/USDT:USDT,184.78,883.81,184.77,90.57,184.79,1598.52,184.8,572.44
1753769349857,06:09:09.857,binance,SOL/USDT:USDT,184.78,799.11,184.77,88.04,184.79,1716.42,184.8,590.53
1753769349960,06:09:09.960,binance,SOL/USDT:USDT,184.78,645.63,184.77,88.04,184.79,1469.14,184.8,694.58
1753769350069,06:09:10.069,binance,SOL/USDT:USDT,184.78,645.63,184.77,88.04,184.79,1606.9,184.8,545.82
1753769350172,06:09:10.172,binance,SOL/USDT:USDT,184.78,645.63,184.77,88.04,184.79,1607.44,184.8,413.93
1753769350275,06:09:10.275,binance,SOL/USDT:USDT,184.78,645.63,184.77,88.04,184.79,1608.27,184.8,413.93
1753769350376,06:09:10.376,binance,SOL/USDT:USDT,184.78,644.02,184.77,88.04,184.79,1607.07,184.8,531.94
1753769350479,06:09:10.479,binance,SOL/USDT:USDT,184.78,641.94,184.77,88.04,184.79,1603.01,184.8,496.32
1753769350589,06:09:10.589,binance,SOL/USDT:USDT,184.78,641.94,184.77,88.04,184.79,1640.0,184.8,634.13
1753769350692,06:09:10.692,binance,SOL/USDT:USDT,184.78,656.99,184.77,88.04,184.79,1638.64,184.8,634.13
1753769350795,06:09:10.795,binance,SOL/USDT:USDT,184.78,656.99,184.77,88.04,184.79,1638.64,184.8,634.13
1753769350897,06:09:10.897,binance,SOL/USDT:USDT,184.78,656.99,184.77,88.04,184.79,1585.43,184.8,634.13
1753769351000,06:09:11.000,binance,SOL/USDT:USDT,184.78,656.99,184.77,88.04,184.79,1588.52,184.8,634.13
1753769351103,06:09:11.103,binance,SOL/USDT:USDT,184.78,756.99,184.77,88.18,184.79,1593.21,184.8,409.65
1753769351205,06:09:11.205,binance,SOL/USDT:USDT,184.78,872.4,184.77,90.79,184.79,1077.3,184.8,527.34
1753769351308,06:09:11.308,binance,SOL/USDT:USDT,184.78,872.27,184.77,90.79,184.79,1081.98,184.8,522.21
1753769351411,06:09:11.411,binance,SOL/USDT:USDT,184.78,872.37,184.77,90.79,184.79,1077.12,184.8,522.21
1753769351523,06:09:11.523,binance,SOL/USDT:USDT,184.78,873.01,184.77,90.79,184.79,1071.82,184.8,522.21
1753769351627,06:09:11.627,binance,SOL/USDT:USDT,184.78,872.95,184.77,90.79,184.79,1071.8,184.8,554.17
1753769351770,06:09:11.770,binance,SOL/USDT:USDT,184.78,872.95,184.77,88.04,184.79,1218.64,184.8,405.41
1753769351873,06:09:11.873,binance,SOL/USDT:USDT,184.78,838.25,184.77,88.04,184.79,1215.66,184.8,466.08
1753769351975,06:09:11.975,binance,SOL/USDT:USDT,184.78,838.25,184.77,88.04,184.79,992.7,184.8,466.08
1753769352076,06:09:12.076,binance,SOL/USDT:USDT,184.78,838.25,184.77,88.04,184.79,787.14,184.8,522.21
1753769352177,06:09:12.177,binance,SOL/USDT:USDT,184.78,837.32,184.77,88.04,184.79,839.54,184.8,678.27
1753769352278,06:09:12.278,binance,SOL/USDT:USDT,184.78,795.72,184.77,88.04,184.79,833.71,184.8,694.51
1753769352380,06:09:12.380,binance,SOL/USDT:USDT,184.78,795.19,184.77,88.04,184.79,982.71,184.8,545.75
1753769352489,06:09:12.489,binance,SOL/USDT:USDT,184.78,1051.28,184.77,153.94,184.79,788.62,184.8,382.04
1753769352590,06:09:12.590,binance,SOL/USDT:USDT,184.78,1004.01,184.77,172.26,184.79,768.93,184.8,295.72
1753769352699,06:09:12.699,binance,SOL/USDT:USDT,184.78,955.53,184.77,172.26,184.79,775.08,184.8,155.6
1753769352802,06:09:12.802,binance,SOL/USDT:USDT,184.78,955.53,184.77,172.26,184.79,768.93,184.8,155.6
1753769352905,06:09:12.905,binance,SOL/USDT:USDT,184.78,955.56,184.77,172.26,184.79,775.11,184.8,186.67
1753769353006,06:09:13.006,binance,SOL/USDT:USDT,184.78,955.53,184.77,172.26,184.79,772.23,184.8,186.67
1753769353108,06:09:13.108,binance,SOL/USDT:USDT,184.78,955.53,184.77,172.26,184.79,758.14,184.8,186.67
1753769353211,06:09:13.211,binance,SOL/USDT:USDT,184.78,955.53,184.77,172.26,184.79,721.9,184.8,186.67
1753769353314,06:09:13.314,binance,SOL/USDT:USDT,184.78,715.61,184.77,90.86,184.79,759.41,184.8,348.51
1753769353415,06:09:13.415,binance,SOL/USDT:USDT,184.78,697.53,184.77,88.18,184.79,854.14,184.8,348.51
1753769353516,06:09:13.516,binance,SOL/USDT:USDT,184.78,697.63,184.77,88.09,184.79,1061.74,184.8,364.74
1753769353617,06:09:13.617,binance,SOL/USDT:USDT,184.78,621.85,184.77,90.94,184.79,954.11,184.8,364.74
1753769353719,06:09:13.719,binance,SOL/USDT:USDT,184.78,615.44,184.77,90.8,184.79,1073.21,184.8,364.74
1753769353820,06:09:13.820,binance,SOL/USDT:USDT,184.78,615.44,184.77,90.8,184.79,1041.81,184.8,364.74
1753769353924,06:09:13.924,binance,SOL/USDT:USDT,184.78,615.44,184.77,90.8,184.79,1076.59,184.8,364.74
1753769354027,06:09:14.027,binance,SOL/USDT:USDT,184.78,615.44,184.77,90.8,184.79,968.29,184.8,373.95
1753769354130,06:09:14.130,binance,SOL/USDT:USDT,184.78,615.73,184.77,90.8,184.79,968.95,184.8,373.95
1753769354241,06:09:14.241,binance,SOL/USDT:USDT,184.78,569.73,184.77,90.8,184.79,1081.56,184.8,444.72
1753769354344,06:09:14.344,binance,SOL/USDT:USDT,184.78,569.73,184.77,90.8,184.79,1080.18,184.8,393.16
1753769354445,06:09:14.445,binance,SOL/USDT:USDT,184.78,569.73,184.77,90.8,184.79,955.12,184.8,377.85
1753769354546,06:09:14.546,binance,SOL/USDT:USDT,184.78,570.93,184.77,90.8,184.79,939.36,184.8,376.32
1753769354648,06:09:14.648,binance,SOL/USDT:USDT,184.78,768.29,184.77,90.8,184.79,932.26,184.8,308.98
1753769354750,06:09:14.750,binance,SOL/USDT:USDT,184.78,828.18,184.77,93.11,184.79,763.02,184.8,404.66
1753769354954,06:09:14.954,binance,SOL/USDT:USDT,184.78,828.18,184.77,93.11,184.79,759.43,184.8,239.67
1753769355057,06:09:15.057,binance,SOL/USDT:USDT,184.78,901.08,184.77,141.25,184.79,606.99,184.8,186.63
1753769355160,06:09:15.160,binance,SOL/USDT:USDT,184.78,949.56,184.77,158.11,184.79,625.2,184.8,179.3
1753769355263,06:09:15.263,binance,SOL/USDT:USDT,184.78,949.56,184.77,95.37,184.79,617.39,184.8,179.3
1753769355367,06:09:15.367,binance,SOL/USDT:USDT,184.78,852.6,184.77,97.92,184.79,657.81,184.8,179.34
1753769355474,06:09:15.474,binance,SOL/USDT:USDT,184.78,853.54,184.77,97.92,184.79,666.03,184.8,179.34
1753769355579,06:09:15.579,binance,SOL/USDT:USDT,184.78,852.36,184.77,100.39,184.79,660.68,184.8,288.73
1753769355682,06:09:15.682,binance,SOL/USDT:USDT,184.78,852.25,184.77,95.37,184.79,664.86,184.8,288.73
1753769355791,06:09:15.791,binance,SOL/USDT:USDT,184.78,852.4,184.77,95.37,184.79,661.09,184.8,179.34
1753769355894,06:09:15.894,binance,SOL/USDT:USDT,184.78,852.4,184.77,95.37,184.79,660.68,184.8,179.34
1753769356000,06:09:16.000,binance,SOL/USDT:USDT,184.78,852.4,184.77,95.37,184.79,644.45,184.8,328.09
1753769356107,06:09:16.107,binance,SOL/USDT:USDT,184.78,852.47,184.77,95.37,184.79,611.14,184.8,328.09
1753769356208,06:09:16.208,binance,SOL/USDT:USDT,184.78,852.47,184.77,95.37,184.79,627.37,184.8,328.09
1753769356309,06:09:16.309,binance,SOL/USDT:USDT,184.78,852.47,184.77,95.37,184.79,612.61,184.8,435.69
1753769356410,06:09:16.410,binance,SOL/USDT:USDT,184.78,772.71,184.77,90.8,184.79,691.83,184.8,374.65
1753769356513,06:09:16.513,binance,SOL/USDT:USDT,184.78,725.85,184.77,90.8,184.79,619.15,184.8,435.69
1753769356616,06:09:16.616,binance,SOL/USDT:USDT,184.78,725.85,184.77,90.8,184.79,712.35,184.8,328.09
1753769356719,06:09:16.719,binance,SOL/USDT:USDT,184.78,725.85,184.77,90.8,184.79,711.36,184.8,328.09
1753769356821,06:09:16.821,binance,SOL/USDT:USDT,184.78,742.13,184.77,90.8,184.79,618.16,184.8,328.09
1753769356923,06:09:16.923,binance,SOL/USDT:USDT,184.78,742.13,184.77,90.8,184.79,621.54,184.8,328.09
1753769357026,06:09:17.026,binance,SOL/USDT:USDT,184.78,742.13,184.77,90.8,184.79,621.09,184.8,328.09
1753769357128,06:09:17.128,binance,SOL/USDT:USDT,184.78,805.53,184.77,93.48,184.79,593.56,184.8,355.66
1753769357231,06:09:17.231,binance,SOL/USDT:USDT,184.78,845.26,184.77,154.52,184.79,593.53,184.8,355.66
1753769357543,06:09:17.543,binance,SOL/USDT:USDT,184.78,841.02,184.77,96.02,184.79,614.64,184.8,355.66
1753769357645,06:09:17.645,binance,SOL/USDT:USDT,184.78,841.3,184.77,96.02,184.79,615.43,184.8,355.66
1753769357746,06:09:17.746,binance,SOL/USDT:USDT,184.78,841.34,184.77,159.21,184.79,615.43,184.8,355.66
1753769357964,06:09:17.964,binance,SOL/USDT:USDT,184.78,838.92,184.77,96.02,184.79,618.04,184.8,355.66
1753769358075,06:09:18.075,binance,SOL/USDT:USDT,184.78,842.92,184.77,96.02,184.79,618.04,184.8,355.66
1753769358181,06:09:18.181,binance,SOL/USDT:USDT,184.78,842.36,184.77,90.8,184.79,617.93,184.8,355.66
1753769358285,06:09:18.285,binance,SOL/USDT:USDT,184.78,842.36,184.77,90.8,184.79,616.94,184.8,414.97
1753769358388,06:09:18.388,binance,SOL/USDT:USDT,184.78,842.36,184.77,90.8,184.79,617.28,184.8,355.66
1753769358490,06:09:18.490,binance,SOL/USDT:USDT,184.78,842.36,184.77,90.8,184.79,617.28,184.8,355.66
1753769358698,06:09:18.698,binance,SOL/USDT:USDT,184.78,842.01,184.77,90.69,184.79,567.6,184.8,403.35
1753769358800,06:09:18.800,binance,SOL/USDT:USDT,184.78,842.01,184.77,90.69,184.79,568.59,184.8,464.5
1753769359003,06:09:19.003,binance,SOL/USDT:USDT,184.78,844.22,184.77,90.69,184.79,568.87,184.8,356.42
1753769359105,06:09:19.105,binance,SOL/USDT:USDT,184.78,841.34,184.77,90.69,184.79,568.84,184.8,417.57
1753769359229,06:09:19.229,binance,SOL/USDT:USDT,184.78,822.17,184.77,90.69,184.79,781.87,184.8,464.5
1753769359330,06:09:19.330,binance,SOL/USDT:USDT,184.78,794.7,184.77,90.69,184.79,737.43,184.8,480.74
1753769359739,06:09:19.739,binance,SOL/USDT:USDT,184.78,999.69,184.77,206.64,184.79,306.81,184.8,238.35
1753769359842,06:09:19.842,binance,SOL/USDT:USDT,184.78,1295.78,184.77,364.56,184.79,290.53,184.8,127.64
1753769360249,06:09:20.249,binance,SOL/USDT:USDT,184.8,2754.42,184.79,2045.06,184.81,125.8,184.82,614.76
1753769360368,06:09:20.368,binance,SOL/USDT:USDT,184.8,2757.01,184.79,2045.6,184.81,126.31,184.82,68.33
1753769360470,06:09:20.470,binance,SOL/USDT:USDT,184.8,2758.09,184.79,2128.52,184.81,126.69,184.82,39.58
1753769360572,06:09:20.572,binance,SOL/USDT:USDT,184.8,2854.46,184.79,2128.93,184.81,126.84,184.82,39.58
1753769360673,06:09:20.673,binance,SOL/USDT:USDT,184.82,1974.95,184.81,1781.89,184.83,103.32,184.84,198.18
1753769360774,06:09:20.774,binance,SOL/USDT:USDT,184.83,1884.93,184.82,1322.69,184.84,204.45,184.85,292.42
1753769360875,06:09:20.875,binance,SOL/USDT:USDT,184.83,2087.42,184.82,1242.16,184.84,207.87,184.85,292.55
1753769361180,06:09:21.180,binance,SOL/USDT:USDT,184.83,2296.44,184.82,1474.15,184.84,96.55,184.85,138.89
1753769361283,06:09:21.283,binance,SOL/USDT:USDT,184.86,809.8,184.85,1054.75,184.87,454.3,184.88,326.01
1753769361384,06:09:21.384,binance,SOL/USDT:USDT,184.86,794.97,184.85,870.16,184.87,633.02,184.88,160.88
1753769361486,06:09:21.486,binance,SOL/USDT:USDT,184.86,819.61,184.85,950.04,184.87,594.74,184.88,161.48
1753769361588,06:09:21.588,binance,SOL/USDT:USDT,184.86,821.26,184.85,870.2,184.87,602.78,184.88,161.48
1753769361698,06:09:21.698,binance,SOL/USDT:USDT,184.86,822.76,184.85,870.33,184.87,602.78,184.88,178.1
1753769361800,06:09:21.800,binance,SOL/USDT:USDT,184.86,670.27,184.85,695.97,184.87,855.81,184.88,194.33
1753769361904,06:09:21.904,binance,SOL/USDT:USDT,184.86,324.24,184.85,369.98,184.87,1004.29,184.88,320.72
1753769362007,06:09:22.007,binance,SOL/USDT:USDT,184.86,265.17,184.85,215.87,184.87,971.92,184.88,320.72
1753769362110,06:09:22.110,binance,SOL/USDT:USDT,184.86,342.47,184.85,215.92,184.87,971.92,184.88,227.57
1753769362212,06:09:22.212,binance,SOL/USDT:USDT,184.86,342.41,184.85,260.28,184.87,971.92,184.88,218.96
1753769362315,06:09:22.315,binance,SOL/USDT:USDT,184.86,269.03,184.85,215.92,184.87,971.92,184.88,218.96
1753769362416,06:09:22.416,binance,SOL/USDT:USDT,184.86,269.03,184.85,215.92,184.87,976.83,184.88,314.59
1753769362522,06:09:22.522,binance,SOL/USDT:USDT,184.86,273.31,184.85,215.92,184.87,982.98,184.88,222.1
1753769362624,06:09:22.624,binance,SOL/USDT:USDT,184.86,271.66,184.85,215.92,184.87,1016.27,184.88,222.1
1753769362727,06:09:22.727,binance,SOL/USDT:USDT,184.86,271.69,184.85,215.92,184.87,1055.07,184.88,222.1
1753769362833,06:09:22.833,binance,SOL/USDT:USDT,184.86,271.69,184.85,215.92,184.87,1055.07,184.88,222.1
1753769362936,06:09:22.936,binance,SOL/USDT:USDT,184.86,268.93,184.85,260.28,184.87,1041.85,184.88,222.1
1753769363039,06:09:23.039,binance,SOL/USDT:USDT,184.86,343.95,184.85,260.28,184.87,1041.85,184.88,222.64
1753769363141,06:09:23.141,binance,SOL/USDT:USDT,184.86,343.66,184.85,260.28,184.87,1041.92,184.88,222.64
1753769363249,06:09:23.249,binance,SOL/USDT:USDT,184.86,268.6,184.85,260.24,184.87,1094.44,184.88,222.64
1753769363350,06:09:23.350,binance,SOL/USDT:USDT,184.86,342.45,184.85,326.0,184.87,945.57,184.88,222.64
1753769363452,06:09:23.452,binance,SOL/USDT:USDT,184.86,339.01,184.85,260.28,184.87,945.57,184.88,222.64
1753769363556,06:09:23.556,binance,SOL/USDT:USDT,184.86,338.31,184.85,311.79,184.87,945.56,184.88,222.64
1753769363658,06:09:23.658,binance,SOL/USDT:USDT,184.86,338.31,184.85,357.37,184.87,843.31,184.88,222.64
1753769363759,06:09:23.759,binance,SOL/USDT:USDT,184.86,263.29,184.85,338.83,184.87,1054.17,184.88,441.4
1753769363872,06:09:23.872,binance,SOL/USDT:USDT,184.86,263.29,184.85,311.79,184.87,992.24,184.88,441.4
1753769363977,06:09:23.977,binance,SOL/USDT:USDT,184.86,263.29,184.85,311.82,184.87,943.79,184.88,367.52
1753769364085,06:09:24.085,binance,SOL/USDT:USDT,184.86,337.32,184.85,311.82,184.87,943.79,184.88,305.24
1753769364215,06:09:24.215,binance,SOL/USDT:USDT,184.86,262.27,184.85,311.82,184.87,944.46,184.88,305.24
1753769364317,06:09:24.317,binance,SOL/USDT:USDT,184.86,336.79,184.85,311.82,184.87,944.46,184.88,305.24
1753769364424,06:09:24.424,binance,SOL/USDT:USDT,184.86,336.79,184.85,311.82,184.87,945.46,184.88,304.7
1753769364527,06:09:24.527,binance,SOL/USDT:USDT,184.86,336.79,184.85,311.82,184.87,948.22,184.88,304.7
1753769364630,06:09:24.630,binance,SOL/USDT:USDT,184.86,261.73,184.85,117.9,184.87,977.34,184.88,439.77
1753769364733,06:09:24.733,binance,SOL/USDT:USDT,184.86,260.74,184.85,117.94,184.87,990.78,184.88,439.77
1753769364834,06:09:24.834,binance,SOL/USDT:USDT,184.86,260.89,184.85,117.94,184.87,921.23,184.88,304.7
1753769364937,06:09:24.937,binance,SOL/USDT:USDT,184.86,260.89,184.85,117.94,184.87,924.23,184.88,359.28
1753769365048,06:09:25.048,binance,SOL/USDT:USDT,184.86,260.74,184.85,117.94,184.87,930.41,184.88,353.13
1753769365149,06:09:25.149,binance,SOL/USDT:USDT,184.86,335.47,184.85,117.94,184.87,930.41,184.88,352.6
1753769365471,06:09:25.471,binance,SOL/USDT:USDT,184.86,335.59,184.85,194.82,184.87,924.38,184.88,304.7
1753769365677,06:09:25.677,binance,SOL/USDT:USDT,184.86,259.65,184.85,117.9,184.87,1091.71,184.88,436.88
1753769365780,06:09:25.780,binance,SOL/USDT:USDT,184.86,258.66,184.85,117.94,184.87,1091.71,184.88,372.79
1753769365885,06:09:25.885,binance,SOL/USDT:USDT,184.86,258.66,184.85,117.94,184.87,993.15,184.88,318.74
1753769365988,06:09:25.988,binance,SOL/USDT:USDT,184.86,332.73,184.85,162.3,184.87,920.8,184.88,318.74
1753769366091,06:09:26.091,binance,SOL/USDT:USDT,184.86,252.28,184.85,162.3,184.87,920.8,184.88,222.17
1753769366192,06:09:26.192,binance,SOL/USDT:USDT,184.86,169.26,184.85,81.1,184.87,1018.97,184.88,403.01
1753769366394,06:09:26.394,binance,SOL/USDT:USDT,184.82,201.36,184.81,411.51,184.83,1584.18,184.84,1261.59
1753769366698,06:09:26.698,binance,SOL/USDT:USDT,184.81,664.31,184.8,893.49,184.82,525.69,184.83,560.53
1753769366801,06:09:26.801,binance,SOL/USDT:USDT,184.81,902.42,184.8,1053.49,184.82,228.64,184.83,422.14
1753769366903,06:09:26.903,binance,SOL/USDT:USDT,184.81,903.23,184.8,1210.78,184.82,46.57,184.83,236.37
1753769367006,06:09:27.006,binance,SOL/USDT:USDT,184.81,884.5,184.8,1106.72,184.82,50.15,184.83,220.99
1753769367108,06:09:27.108,binance,SOL/USDT:USDT,184.81,886.43,184.8,1045.89,184.82,65.94,184.83,220.15
1753769367211,06:09:27.211,binance,SOL/USDT:USDT,184.81,886.43,184.8,1045.92,184.82,68.07,184.83,243.53
1753769367414,06:09:27.414,binance,SOL/USDT:USDT,184.81,943.87,184.8,1074.2,184.82,155.5,184.83,332.3
1753769367517,06:09:27.517,binance,SOL/USDT:USDT,184.81,943.87,184.8,1047.15,184.82,155.5,184.83,332.3
1753769367620,06:09:27.620,binance,SOL/USDT:USDT,184.81,951.45,184.8,1158.96,184.82,74.82,184.83,245.2
1753769367825,06:09:27.825,binance,SOL/USDT:USDT,184.81,902.97,184.8,1047.15,184.82,218.65,184.83,332.3
1753769368030,06:09:28.030,binance,SOL/USDT:USDT,184.81,343.81,184.8,860.23,184.82,1079.97,184.83,414.8
1753769368132,06:09:28.132,binance,SOL/USDT:USDT,184.81,349.43,184.8,852.32,184.82,1116.2,184.83,365.66
1753769368243,06:09:28.243,binance,SOL/USDT:USDT,184.81,349.18,184.8,853.5,184.82,1034.98,184.83,371.84
1753769368348,06:09:28.348,binance,SOL/USDT:USDT,184.79,35.67,184.78,118.91,184.8,1938.26,184.81,1622.95
1753769368449,06:09:28.449,binance,SOL/USDT:USDT,184.79,84.62,184.78,101.06,184.8,2089.98,184.81,1387.3
1753769368754,06:09:28.754,binance,SOL/USDT:USDT,184.79,85.14,184.78,178.51,184.8,2143.31,184.81,1305.59
1753769368855,06:09:28.855,binance,SOL/USDT:USDT,184.79,85.14,184.78,178.64,184.8,2151.53,184.81,1305.5
1753769368958,06:09:28.958,binance,SOL/USDT:USDT,184.79,85.14,184.78,178.78,184.8,2154.7,184.81,1363.59
1753769369061,06:09:29.061,binance,SOL/USDT:USDT,184.79,88.4,184.78,178.38,184.8,2253.72,184.81,1305.5
1753769369163,06:09:29.163,binance,SOL/USDT:USDT,184.79,317.46,184.78,178.47,184.8,1852.79,184.81,1245.25
1753769369265,06:09:29.265,binance,SOL/USDT:USDT,184.79,417.46,184.78,178.47,184.8,1658.72,184.81,1143.15
1753769369469,06:09:29.469,binance,SOL/USDT:USDT,184.79,417.46,184.78,178.33,184.8,1236.27,184.81,1034.69
1753769369571,06:09:29.571,binance,SOL/USDT:USDT,184.79,317.46,184.78,178.33,184.8,1236.4,184.81,1119.73
1753769369780,06:09:29.780,binance,SOL/USDT:USDT,184.79,317.49,184.78,178.33,184.8,1223.43,184.81,1119.73
1753769369882,06:09:29.882,binance,SOL/USDT:USDT,184.79,317.49,184.78,178.33,184.8,1225.13,184.81,1119.73
1753769369985,06:09:29.985,binance,SOL/USDT:USDT,184.79,317.49,184.78,178.33,184.8,1224.98,184.81,1050.93
1753769370089,06:09:30.089,binance,SOL/USDT:USDT,184.79,317.49,184.78,178.33,184.8,1225.97,184.81,1116.64
1753769370192,06:09:30.192,binance,SOL/USDT:USDT,184.79,317.49,184.78,178.33,184.8,1226.95,184.81,1116.64
1753769370295,06:09:30.295,binance,SOL/USDT:USDT,184.79,317.49,184.78,178.33,184.8,1226.96,184.81,1116.64
1753769370521,06:09:30.521,binance,SOL/USDT:USDT,184.79,417.25,184.78,181.06,184.8,1225.39,184.81,1037.02
1753769370642,06:09:30.642,binance,SOL/USDT:USDT,184.79,417.25,184.78,181.06,184.8,1225.12,184.81,1037.02
1753769370743,06:09:30.743,binance,SOL/USDT:USDT,184.79,417.25,184.78,181.06,184.8,1225.12,184.81,1100.83
1753769370846,06:09:30.846,binance,SOL/USDT:USDT,184.79,46.7,184.78,94.87,184.8,1396.61,184.81,1168.7
1753769370948,06:09:30.948,binance,SOL/USDT:USDT,184.78,165.73,184.77,257.93,184.79,2052.5,184.8,729.64
1753769371049,06:09:31.049,binance,SOL/USDT:USDT,184.78,545.96,184.77,232.87,184.79,434.64,184.8,711.24
1753769371153,06:09:31.153,binance,SOL/USDT:USDT,184.78,488.83,184.77,232.87,184.79,614.81,184.8,707.3
1753769371256,06:09:31.256,binance,SOL/USDT:USDT,184.78,533.43,184.77,277.5,184.79,172.17,184.8,800.29
1753769371370,06:09:31.370,binance,SOL/USDT:USDT,184.78,543.59,184.77,348.9,184.79,188.8,184.8,731.64
1753769371473,06:09:31.473,binance,SOL/USDT:USDT,184.78,476.21,184.77,347.37,184.79,252.51,184.8,731.64
1753769371582,06:09:31.582,binance,SOL/USDT:USDT,184.78,476.51,184.77,304.52,184.79,591.22,184.8,589.07
1753769371685,06:09:31.685,binance,SOL/USDT:USDT,184.78,157.7,184.77,230.65,184.79,841.06,184.8,752.93
1753769371786,06:09:31.786,binance,SOL/USDT:USDT,184.78,146.87,184.77,230.65,184.79,931.8,184.8,878.96
1753769371890,06:09:31.890,binance,SOL/USDT:USDT,184.78,146.96,184.77,230.65,184.79,933.48,184.8,878.96
1753769371992,06:09:31.992,binance,SOL/USDT:USDT,184.78,193.54,184.77,230.65,184.79,985.0,184.8,878.96
1753769372198,06:09:32.198,binance,SOL/USDT:USDT,184.78,193.5,184.77,152.29,184.79,1142.59,184.8,880.57
1753769372501,06:09:32.501,binance,SOL/USDT:USDT,184.77,50.6,184.76,226.86,184.78,2211.47,184.79,727.28
1753769372602,06:09:32.602,binance,SOL/USDT:USDT,184.77,50.6,184.76,113.0,184.78,2162.71,184.79,687.27
1753769372705,06:09:32.705,binance,SOL/USDT:USDT,184.77,50.6,184.76,113.0,184.78,2196.92,184.79,716.62
1753769372809,06:09:32.809,binance,SOL/USDT:USDT,184.77,50.6,184.76,113.0,184.78,2197.78,184.79,715.76
1753769372923,06:09:32.923,binance,SOL/USDT:USDT,184.77,110.63,184.76,113.0,184.78,2200.7,184.79,680.08
1753769373045,06:09:33.045,binance,SOL/USDT:USDT,184.77,78.07,184.76,113.0,184.78,2158.88,184.79,602.17
1753769373148,06:09:33.148,binance,SOL/USDT:USDT,184.77,305.02,184.76,113.0,184.78,1653.59,184.79,630.5
1753769373252,06:09:33.252,binance,SOL/USDT:USDT,184.77,230.09,184.76,113.0,184.78,1747.04,184.79,705.39
1753769373357,06:09:33.357,binance,SOL/USDT:USDT,184.77,224.41,184.76,113.0,184.78,1747.04,184.79,705.39
1753769373462,06:09:33.462,binance,SOL/USDT:USDT,184.77,149.39,184.76,113.0,184.78,1745.79,184.79,671.04
1753769373670,06:09:33.670,binance,SOL/USDT:USDT,184.77,224.47,184.76,113.06,184.78,1744.24,184.79,712.25
1753769373798,06:09:33.798,binance,SOL/USDT:USDT,184.77,224.47,184.76,113.06,184.78,1746.31,184.79,712.25
1753769373904,06:09:33.904,binance,SOL/USDT:USDT,184.77,224.47,184.76,113.06,184.78,1746.31,184.79,712.25
1753769374008,06:09:34.008,binance,SOL/USDT:USDT,184.77,78.17,184.76,113.06,184.78,1794.91,184.79,747.14
1753769374111,06:09:34.111,binance,SOL/USDT:USDT,184.77,73.46,184.76,113.06,184.78,1787.9,184.79,753.29
1753769374727,06:09:34.727,binance,SOL/USDT:USDT,184.75,421.8,184.74,104.1,184.76,819.98,184.77,866.53
1753769374829,06:09:34.829,binance,SOL/USDT:USDT,184.75,421.83,184.74,104.1,184.76,822.44,184.77,905.74
1753769374931,06:09:34.931,binance,SOL/USDT:USDT,184.75,421.83,184.74,158.23,184.76,825.33,184.77,905.74
1753769375034,06:09:35.034,binance,SOL/USDT:USDT,184.75,421.62,184.74,158.23,184.76,825.33,184.77,908.53
1753769375135,06:09:35.135,binance,SOL/USDT:USDT,184.75,481.62,184.74,197.83,184.76,655.55,184.77,822.85
1753769375238,06:09:35.238,binance,SOL/USDT:USDT,184.75,638.36,184.74,197.83,184.76,690.23,184.77,694.94
1753769375341,06:09:35.341,binance,SOL/USDT:USDT,184.75,638.29,184.74,197.86,184.76,706.56,184.77,694.97
1753769375444,06:09:35.444,binance,SOL/USDT:USDT,184.75,638.29,184.74,197.86,184.76,705.22,184.77,694.97
1753769375553,06:09:35.553,binance,SOL/USDT:USDT,184.75,638.29,184.74,197.86,184.76,651.71,184.77,666.53
1753769375655,06:09:35.655,binance,SOL/USDT:USDT,184.75,638.29,184.74,197.86,184.76,651.71,184.77,602.57
1753769375758,06:09:35.758,binance,SOL/USDT:USDT,184.75,638.32,184.74,197.86,184.76,651.71,184.77,602.57
1753769375879,06:09:35.879,binance,SOL/USDT:USDT,184.75,279.73,184.74,96.56,184.76,884.38,184.77,657.41
1753769375981,06:09:35.981,binance,SOL/USDT:USDT,184.75,226.65,184.74,88.43,184.76,884.38,184.77,657.41
1753769376082,06:09:36.082,binance,SOL/USDT:USDT,184.75,250.15,184.74,91.13,184.76,850.48,184.77,723.14
1753769376186,06:09:36.186,binance,SOL/USDT:USDT,184.75,330.86,184.74,93.63,184.76,844.95,184.77,654.27
1753769376287,06:09:36.287,binance,SOL/USDT:USDT,184.75,330.86,184.74,184.71,184.76,888.72,184.77,654.27
1753769376388,06:09:36.388,binance,SOL/USDT:USDT,184.75,330.86,184.74,179.49,184.76,890.01,184.77,590.31
1753769376490,06:09:36.490,binance,SOL/USDT:USDT,184.75,330.86,184.74,142.89,184.76,894.92,184.77,659.18
1753769376602,06:09:36.602,binance,SOL/USDT:USDT,184.75,330.86,184.74,142.64,184.76,894.92,184.77,665.33
1753769376704,06:09:36.704,binance,SOL/USDT:USDT,184.75,330.86,184.74,142.64,184.76,894.92,184.77,665.33
1753769376810,06:09:36.810,binance,SOL/USDT:USDT,184.75,330.86,184.74,142.64,184.76,894.92,184.77,665.33
1753769376921,06:09:36.921,binance,SOL/USDT:USDT,184.75,330.86,184.74,142.64,184.76,897.83,184.77,665.33
1753769377025,06:09:37.025,binance,SOL/USDT:USDT,184.75,331.27,184.74,142.64,184.76,897.24,184.77,665.33
1753769377133,06:09:37.133,binance,SOL/USDT:USDT,184.75,331.27,184.74,142.64,184.76,897.24,184.77,665.33
1753769377239,06:09:37.239,binance,SOL/USDT:USDT,184.75,331.2,184.74,91.13,184.76,897.27,184.77,705.96
1753769377341,06:09:37.341,binance,SOL/USDT:USDT,184.75,151.47,184.74,91.09,184.76,945.72,184.77,832.38
1753769377443,06:09:37.443,binance,SOL/USDT:USDT,184.75,226.37,184.74,88.14,184.76,898.04,184.77,744.39
1753769377545,06:09:37.545,binance,SOL/USDT:USDT,184.75,314.38,184.74,90.65,184.76,898.04,184.77,665.01
1753769377653,06:09:37.653,binance,SOL/USDT:USDT,184.75,314.38,184.74,90.69,184.76,770.51,184.77,596.14
1753769377773,06:09:37.773,binance,SOL/USDT:USDT,184.75,314.67,184.74,90.69,184.76,770.37,184.77,596.14
1753769377876,06:09:37.876,binance,SOL/USDT:USDT,184.75,314.67,184.74,90.69,184.76,770.37,184.77,596.14
1753769377979,06:09:37.979,binance,SOL/USDT:USDT,184.75,314.67,184.74,90.69,184.76,770.37,184.77,596.14
1753769378081,06:09:38.081,binance,SOL/USDT:USDT,184.75,320.84,184.74,90.69,184.76,770.37,184.77,596.14
1753769378184,06:09:38.184,binance,SOL/USDT:USDT,184.75,420.84,184.74,90.69,184.76,556.9,184.77,594.37
1753769378295,06:09:38.295,binance,SOL/USDT:USDT,184.75,422.03,184.74,90.69,184.76,618.74,184.77,594.37
1753769378409,06:09:38.409,binance,SOL/USDT:USDT,184.75,422.72,184.74,90.69,184.76,715.56,184.77,594.37
1753769378510,06:09:38.510,binance,SOL/USDT:USDT,184.75,422.72,184.74,88.18,184.76,715.79,184.77,594.37
1753769378612,06:09:38.612,binance,SOL/USDT:USDT,184.75,322.7,184.74,88.18,184.76,736.52,184.77,663.24
1753769378714,06:09:38.714,binance,SOL/USDT:USDT,184.75,322.7,184.74,88.18,184.76,736.52,184.77,663.24
1753769378817,06:09:38.817,binance,SOL/USDT:USDT,184.75,70.43,184.74,88.18,184.76,885.09,184.77,787.87
1753769378920,06:09:38.920,binance,SOL/USDT:USDT,184.75,74.45,184.74,7.4,184.76,972.66,184.77,824.76
1753769379021,06:09:39.021,binance,SOL/USDT:USDT,184.75,74.44,184.74,88.11,184.76,885.23,184.77,822.55
1753769379122,06:09:39.122,binance,SOL/USDT:USDT,184.75,70.95,184.74,88.18,184.76,912.42,184.77,783.51
1753769379223,06:09:39.223,binance,SOL/USDT:USDT,184.75,70.75,184.74,7.35,184.76,999.1,184.77,820.79
1753769379324,06:09:39.324,binance,SOL/USDT:USDT,184.75,70.81,184.74,7.35,184.76,960.91,184.77,828.4
1753769379427,06:09:39.427,binance,SOL/USDT:USDT,184.75,70.81,184.74,7.35,184.76,923.17,184.77,828.94
1753769379529,06:09:39.529,binance,SOL/USDT:USDT,184.73,18.08,184.72,142.63,184.74,2003.48,184.75,1137.89
1753769379630,06:09:39.630,binance,SOL/USDT:USDT,184.73,233.81,184.72,104.2,184.74,1794.42,184.75,1082.61
1753769379733,06:09:39.733,binance,SOL/USDT:USDT,184.73,84.77,184.72,104.2,184.74,1840.59,184.75,1262.9
1753769379834,06:09:39.834,binance,SOL/USDT:USDT,184.73,84.77,184.72,104.2,184.74,1870.15,184.75,1262.94
1753769379949,06:09:39.949,binance,SOL/USDT:USDT,184.73,84.81,184.72,104.33,184.74,1866.98,184.75,1115.1
1753769380052,06:09:40.052,binance,SOL/USDT:USDT,184.73,240.14,184.72,104.33,184.74,1817.51,184.75,1115.15
1753769380163,06:09:40.163,binance,SOL/USDT:USDT,184.73,240.14,184.72,104.33,184.74,1806.74,184.75,1156.22
1753769380264,06:09:40.264,binance,SOL/USDT:USDT,184.73,234.98,184.72,104.33,184.74,1807.73,184.75,1095.24
1753769380573,06:09:40.573,binance,SOL/USDT:USDT,184.73,235.96,184.72,100.55,184.74,1809.8,184.75,1129.39
1753769380677,06:09:40.677,binance,SOL/USDT:USDT,184.73,306.98,184.72,100.55,184.74,1714.82,184.75,1060.32
1753769380984,06:09:40.984,binance,SOL/USDT:USDT,184.73,1173.29,184.72,343.54,184.74,339.6,184.75,388.77
1753769381192,06:09:41.192,binance,SOL/USDT:USDT,184.73,1137.16,184.72,343.54,184.74,413.27,184.75,388.77
1753769381294,06:09:41.294,binance,SOL/USDT:USDT,184.73,1139.93,184.72,343.54,184.74,414.26,184.75,388.77
1753769381395,06:09:41.395,binance,SOL/USDT:USDT,184.73,1039.9,184.72,343.57,184.74,353.86,184.75,536.49
1753769381499,06:09:41.499,binance,SOL/USDT:USDT,184.73,1039.75,184.72,343.57,184.74,417.04,184.75,503.5
1753769381706,06:09:41.706,binance,SOL/USDT:USDT,184.73,1039.75,184.72,344.38,184.74,385.33,184.75,612.88
1753769381809,06:09:41.809,binance,SOL/USDT:USDT,184.73,1139.75,184.72,344.38,184.74,463.27,184.75,612.88
1753769382013,06:09:42.013,binance,SOL/USDT:USDT,184.73,329.19,184.72,101.57,184.74,803.72,184.75,592.04
1753769382622,06:09:42.622,binance,SOL/USDT:USDT,184.71,732.55,184.7,858.99,184.72,465.57,184.73,845.08
1753769382727,06:09:42.727,binance,SOL/USDT:USDT,184.71,732.55,184.7,858.99,184.72,465.57,184.73,747.2
1753769382831,06:09:42.831,binance,SOL/USDT:USDT,184.71,732.55,184.7,858.99,184.72,467.58,184.73,747.2
1753769382932,06:09:42.932,binance,SOL/USDT:USDT,184.71,792.55,184.7,858.99,184.72,470.63,184.73,881.19
1753769383040,06:09:43.040,binance,SOL/USDT:USDT,184.71,795.8,184.7,858.99,184.72,570.67,184.73,881.19
1753769383142,06:09:43.142,binance,SOL/USDT:USDT,184.71,793.8,184.7,857.8,184.72,512.52,184.73,881.19
1753769383243,06:09:43.243,binance,SOL/USDT:USDT,184.71,791.71,184.7,857.8,184.72,511.54,184.73,881.19
1753769383348,06:09:43.348,binance,SOL/USDT:USDT,184.71,791.74,184.7,851.65,184.72,571.16,184.73,887.34
1753769383449,06:09:43.449,binance,SOL/USDT:USDT,184.71,791.74,184.7,851.65,184.72,559.9,184.73,797.04
1753769383556,06:09:43.556,binance,SOL/USDT:USDT,184.71,888.14,184.7,920.52,184.72,400.06,184.73,617.89
1753769383658,06:09:43.658,binance,SOL/USDT:USDT,184.71,888.14,184.7,851.65,184.72,401.08,184.73,581.78
1753769383759,06:09:43.759,binance,SOL/USDT:USDT,184.71,888.14,184.7,922.3,184.72,329.8,184.73,483.94
1753769383873,06:09:43.873,binance,SOL/USDT:USDT,184.71,888.14,184.7,922.3,184.72,328.91,184.73,420.86
1753769383974,06:09:43.974,binance,SOL/USDT:USDT,184.71,888.14,184.7,922.3,184.72,310.61,184.73,420.86
1753769384075,06:09:44.075,binance,SOL/USDT:USDT,184.71,1063.11,184.7,1189.35,184.72,309.62,184.73,208.68
1753769384181,06:09:44.181,binance,SOL/USDT:USDT,184.71,989.42,184.7,1189.89,184.72,260.08,184.73,102.0
1753769384295,06:09:44.295,binance,SOL/USDT:USDT,184.71,1039.19,184.7,1282.9,184.72,262.43,184.73,154.01
1753769384396,06:09:44.396,binance,SOL/USDT:USDT,184.71,900.7,184.7,1183.24,184.72,256.83,184.73,154.05
1753769384497,06:09:44.497,binance,SOL/USDT:USDT,184.71,901.46,184.7,1183.24,184.72,265.3,184.73,154.05
1753769384606,06:09:44.606,binance,SOL/USDT:USDT,184.71,901.46,184.7,1281.12,184.72,265.39,184.73,154.05
1753769384709,06:09:44.709,binance,SOL/USDT:USDT,184.71,901.46,184.7,1281.17,184.72,261.09,184.73,154.05
1753769384810,06:09:44.810,binance,SOL/USDT:USDT,184.71,885.55,184.7,1183.24,184.72,262.17,184.73,154.05
1753769384918,06:09:44.918,binance,SOL/USDT:USDT,184.71,874.75,184.7,1183.24,184.72,260.05,184.73,154.05
1753769385021,06:09:45.021,binance,SOL/USDT:USDT,184.71,1010.39,184.7,1183.24,184.72,260.08,184.73,166.16
1753769385122,06:09:45.122,binance,SOL/USDT:USDT,184.71,885.68,184.7,1183.27,184.72,253.56,184.73,166.16
1753769385253,06:09:45.253,binance,SOL/USDT:USDT,184.71,885.68,184.7,1183.32,184.72,267.89,184.73,217.63
1753769385355,06:09:45.355,binance,SOL/USDT:USDT,184.71,885.64,184.7,1183.32,184.72,267.15,184.73,136.92
1753769385458,06:09:45.458,binance,SOL/USDT:USDT,184.71,886.92,184.7,1281.2,184.72,269.67,184.73,136.92
1753769385559,06:09:45.559,binance,SOL/USDT:USDT,184.71,886.92,184.7,1183.32,184.72,270.0,184.73,136.92
1753769385662,06:09:45.662,binance,SOL/USDT:USDT,184.71,935.4,184.7,1419.49,184.72,256.76,184.73,136.92
1753769385765,06:09:45.765,binance,SOL/USDT:USDT,184.71,886.92,184.7,1183.32,184.72,376.76,184.73,136.92
1753769385879,06:09:45.879,binance,SOL/USDT:USDT,184.71,935.4,184.7,1183.32,184.72,378.16,184.73,154.44
1753769385987,06:09:45.987,binance,SOL/USDT:USDT,184.71,886.92,184.7,1183.32,184.72,378.71,184.73,154.44
1753769386312,06:09:46.312,binance,SOL/USDT:USDT,184.71,882.68,184.7,1115.41,184.72,379.83,184.73,444.6
1753769386515,06:09:46.515,binance,SOL/USDT:USDT,184.71,527.05,184.7,1092.41,184.72,465.78,184.73,595.21
1753769386632,06:09:46.632,binance,SOL/USDT:USDT,184.71,694.84,184.7,1092.41,184.72,465.81,184.73,208.43
1753769386737,06:09:46.737,binance,SOL/USDT:USDT,184.71,694.84,184.7,1092.41,184.72,466.5,184.73,208.43
1753769386956,06:09:46.956,binance,SOL/USDT:USDT,184.71,702.65,184.7,1092.41,184.72,470.15,184.73,208.43
1753769387065,06:09:47.065,binance,SOL/USDT:USDT,184.71,784.98,184.7,1092.41,184.72,389.5,184.73,208.43
1753769387168,06:09:47.168,binance,SOL/USDT:USDT,184.71,727.82,184.7,1142.1,184.72,389.46,184.73,306.31
1753769387270,06:09:47.270,binance,SOL/USDT:USDT,184.71,684.16,184.7,1142.1,184.72,389.6,184.73,306.31
1753769387374,06:09:47.374,binance,SOL/USDT:USDT,184.71,683.62,184.7,1142.1,184.72,386.99,184.73,306.31
1753769387480,06:09:47.480,binance,SOL/USDT:USDT,184.71,610.45,184.7,1135.95,184.72,563.13,184.73,429.23
1753769387581,06:09:47.581,binance,SOL/USDT:USDT,184.71,533.39,184.7,1134.45,184.72,471.29,184.73,461.27
1753769387684,06:09:47.684,binance,SOL/USDT:USDT,184.71,692.73,184.7,1134.45,184.72,471.29,184.73,363.39
1753769387787,06:09:47.787,binance,SOL/USDT:USDT,184.71,691.16,184.7,1350.99,184.72,471.29,184.73,214.58
1753769387889,06:09:47.889,binance,SOL/USDT:USDT,184.71,895.8,184.7,1350.99,184.72,390.54,184.73,208.43
1753769387994,06:09:47.994,binance,SOL/USDT:USDT,184.71,698.66,184.7,1140.85,184.72,390.63,184.73,186.27
1753769388200,06:09:48.200,binance,SOL/USDT:USDT,184.71,1160.39,184.7,1440.24,184.72,391.32,184.73,84.15
1753769388302,06:09:48.302,binance,SOL/USDT:USDT,184.71,945.87,184.7,1273.49,184.72,392.27,184.73,84.15
1753769388406,06:09:48.406,binance,SOL/USDT:USDT,184.71,945.87,184.7,1156.85,184.72,396.98,184.73,101.84
1753769388520,06:09:48.520,binance,SOL/USDT:USDT,184.71,917.12,184.7,1157.1,184.72,396.8,184.73,101.84
1753769388622,06:09:48.622,binance,SOL/USDT:USDT,184.71,815.18,184.7,1157.1,184.72,396.8,184.73,101.84
1753769388725,06:09:48.725,binance,SOL/USDT:USDT,184.71,815.18,184.7,1157.16,184.72,396.8,184.73,101.84
1753769388828,06:09:48.828,binance,SOL/USDT:USDT,184.71,815.18,184.7,1157.16,184.72,396.8,184.73,101.84
1753769388960,06:09:48.960,binance,SOL/USDT:USDT,184.71,815.18,184.7,1157.16,184.72,399.88,184.73,101.84
1753769389063,06:09:49.063,binance,SOL/USDT:USDT,184.71,788.7,184.7,1157.16,184.72,399.91,184.73,196.59
1753769389165,06:09:49.165,binance,SOL/USDT:USDT,184.71,788.7,184.7,1157.16,184.72,399.83,184.73,120.87
1753769389268,06:09:49.268,binance,SOL/USDT:USDT,184.71,788.7,184.7,1157.16,184.72,400.18,184.73,120.87
1753769389371,06:09:49.371,binance,SOL/USDT:USDT,184.71,788.67,184.7,1156.91,184.72,402.07,184.73,120.87
1753769389480,06:09:49.480,binance,SOL/USDT:USDT,184.71,789.22,184.7,1254.79,184.72,402.33,184.73,120.83
1753769389583,06:09:49.583,binance,SOL/USDT:USDT,184.71,795.01,184.7,1254.79,184.72,402.46,184.73,120.83
1753769389688,06:09:49.688,binance,SOL/USDT:USDT,184.71,915.31,184.7,1371.43,184.72,406.37,184.73,98.67
1753769389806,06:09:49.806,binance,SOL/USDT:USDT,184.73,2333.75,184.72,1438.51,184.74,21.81,184.75,174.47
1753769389907,06:09:49.907,binance,SOL/USDT:USDT,184.74,2334.22,184.73,1794.1,184.75,143.2,184.76,118.78
1753769390010,06:09:50.010,binance,SOL/USDT:USDT,184.74,2252.35,184.73,1519.51,184.75,60.06,184.76,72.66
1753769390111,06:09:50.111,binance,SOL/USDT:USDT,184.74,2104.07,184.73,1426.53,184.75,200.36,184.76,153.41
1753769390213,06:09:50.213,binance,SOL/USDT:USDT,184.74,1498.01,184.73,1404.34,184.75,281.41,184.76,283.02
1753769390314,06:09:50.314,binance,SOL/USDT:USDT,184.74,1164.41,184.73,1219.7,184.75,444.82,184.76,455.62
1753769390415,06:09:50.415,binance,SOL/USDT:USDT,184.74,1158.18,184.73,1225.85,184.75,378.16,184.76,288.89
1753769390518,06:09:50.518,binance,SOL/USDT:USDT,184.74,1210.32,184.73,1225.9,184.75,196.87,184.76,288.89
1753769390630,06:09:50.630,binance,SOL/USDT:USDT,184.74,1261.11,184.73,1225.93,184.75,53.15,184.76,272.65
1753769390734,06:09:50.734,binance,SOL/USDT:USDT,184.74,1317.33,184.73,1323.79,184.75,53.11,184.76,272.61
1753769390837,06:09:50.837,binance,SOL/USDT:USDT,184.74,1317.33,184.73,1323.79,184.75,53.11,184.76,272.61
1753769390942,06:09:50.942,binance,SOL/USDT:USDT,184.74,1317.33,184.73,1323.79,184.75,56.15,184.76,272.61
1753769391063,06:09:51.063,binance,SOL/USDT:USDT,184.74,1317.06,184.73,1225.93,184.75,56.18,184.76,272.61
1753769391165,06:09:51.165,binance,SOL/USDT:USDT,184.74,1268.58,184.73,1225.93,184.75,138.42,184.76,272.65
1753769391272,06:09:51.272,binance,SOL/USDT:USDT,184.74,1288.88,184.73,1323.79,184.75,127.6,184.76,272.65
1753769391376,06:09:51.376,binance,SOL/USDT:USDT,184.74,683.51,184.73,1219.78,184.75,467.08,184.76,492.03
1753769391477,06:09:51.477,binance,SOL/USDT:USDT,184.74,664.01,184.73,1225.93,184.75,468.52,184.76,492.03
1753769391581,06:09:51.581,binance,SOL/USDT:USDT,184.74,664.01,184.73,1283.38,184.75,568.85,184.76,492.06
1753769391684,06:09:51.684,binance,SOL/USDT:USDT,184.74,663.01,184.73,1220.3,184.75,568.88,184.76,394.2
1753769391786,06:09:51.786,binance,SOL/USDT:USDT,184.74,663.01,184.73,1220.3,184.75,568.88,184.76,492.06
1753769391912,06:09:51.912,binance,SOL/USDT:USDT,184.74,333.59,184.73,1135.57,184.75,884.1,184.76,492.06
1753769392017,06:09:52.017,binance,SOL/USDT:USDT,184.74,262.27,184.73,953.61,184.75,826.24,184.76,492.06
1753769392118,06:09:52.118,binance,SOL/USDT:USDT,184.74,262.0,184.73,756.3,184.75,874.72,184.76,620.51
1753769392323,06:09:52.323,binance,SOL/USDT:USDT,184.72,380.82,184.71,644.2,184.73,1159.0,184.74,1635.76
1753769392424,06:09:52.424,binance,SOL/USDT:USDT,184.72,385.19,184.71,555.55,184.73,1386.7,184.74,1420.21
1753769392526,06:09:52.526,binance,SOL/USDT:USDT,184.72,385.63,184.71,551.55,184.73,1386.7,184.74,1420.25
1753769392629,06:09:52.629,binance,SOL/USDT:USDT,184.72,357.11,184.71,579.07,184.73,1388.62,184.74,1420.33
1753769392737,06:09:52.737,binance,SOL/USDT:USDT,184.72,357.11,184.71,441.42,184.73,1390.14,184.74,1420.33
1753769392840,06:09:52.840,binance,SOL/USDT:USDT,184.72,79.84,184.71,387.57,184.73,1656.98,184.74,1496.58
1753769392942,06:09:52.942,binance,SOL/USDT:USDT,184.71,175.96,184.7,299.85,184.72,2138.4,184.73,657.33
1753769393043,06:09:53.043,binance,SOL/USDT:USDT,184.7,223.67,184.69,284.43,184.71,1453.43,184.72,1928.82
1753769393145,06:09:53.145,binance,SOL/USDT:USDT,184.7,81.39,184.69,97.39,184.71,1651.15,184.72,2021.43
1753769393246,06:09:53.246,binance,SOL/USDT:USDT,184.69,94.38,184.68,84.8,184.7,1857.71,184.71,1028.31
1753769393347,06:09:53.347,binance,SOL/USDT:USDT,184.69,98.47,184.68,84.8,184.7,2120.09,184.71,1323.13
1753769393450,06:09:53.450,binance,SOL/USDT:USDT,184.67,168.51,184.66,336.8,184.68,1732.11,184.69,1993.22
1753769393551,06:09:53.551,binance,SOL/USDT:USDT,184.67,172.32,184.66,303.08,184.68,1331.76,184.69,1847.72
1753769393654,06:09:53.654,binance,SOL/USDT:USDT,184.67,251.03,184.66,303.08,184.68,1370.93,184.69,1759.9
1753769393759,06:09:53.759,binance,SOL/USDT:USDT,184.67,170.32,184.66,303.08,184.68,1351.13,184.69,1907.88
1753769393861,06:09:53.861,binance,SOL/USDT:USDT,184.67,187.93,184.66,301.07,184.68,1416.77,184.69,1822.94
1753769393962,06:09:53.962,binance,SOL/USDT:USDT,184.66,319.18,184.65,309.8,184.67,1397.0,184.68,1240.77
1753769394063,06:09:54.063,binance,SOL/USDT:USDT,184.66,797.1,184.65,253.25,184.67,998.9,184.68,883.63
1753769394165,06:09:54.165,binance,SOL/USDT:USDT,184.66,789.6,184.65,253.25,184.67,999.92,184.68,889.52
1753769394268,06:09:54.268,binance,SOL/USDT:USDT,184.66,777.91,184.65,304.56,184.67,1159.01,184.68,950.82
1753769394373,06:09:54.373,binance,SOL/USDT:USDT,184.66,777.91,184.65,304.56,184.67,1131.91,184.68,889.01
1753769394486,06:09:54.486,binance,SOL/USDT:USDT,184.66,778.71,184.65,402.59,184.67,848.51,184.68,966.39
1753769394590,06:09:54.590,binance,SOL/USDT:USDT,184.68,2069.43,184.67,1727.77,184.69,86.68,184.7,217.96
1753769394691,06:09:54.691,binance,SOL/USDT:USDT,184.69,1645.26,184.68,1584.06,184.7,422.71,184.71,317.02
1753769394795,06:09:54.795,binance,SOL/USDT:USDT,184.69,1647.35,184.68,1580.09,184.7,395.0,184.71,317.02
1753769394898,06:09:54.898,binance,SOL/USDT:USDT,184.69,1649.35,184.68,1580.09,184.7,339.29,184.71,344.54
1753769395105,06:09:55.105,binance,SOL/USDT:USDT,184.69,1754.57,184.68,1471.52,184.7,122.07,184.71,237.55
1753769395207,06:09:55.207,binance,SOL/USDT:USDT,184.69,1787.76,184.68,1753.83,184.7,121.08,184.71,210.0
1753769395310,06:09:55.310,binance,SOL/USDT:USDT,184.69,1831.53,184.68,1753.83,184.7,134.11,184.71,210.0
1753769395617,06:09:55.617,binance,SOL/USDT:USDT,184.7,1017.51,184.69,887.57,184.71,468.03,184.72,639.1
1753769395718,06:09:55.718,binance,SOL/USDT:USDT,184.7,316.66,184.69,439.14,184.71,843.83,184.72,771.89
1753769395820,06:09:55.820,binance,SOL/USDT:USDT,184.7,314.48,184.69,482.79,184.71,963.95,184.72,840.13
1753769395925,06:09:55.925,binance,SOL/USDT:USDT,184.7,314.48,184.69,481.19,184.71,963.95,184.72,987.58
1753769396028,06:09:56.028,binance,SOL/USDT:USDT,184.7,314.48,184.69,476.39,184.71,963.92,184.72,840.13
1753769396238,06:09:56.238,binance,SOL/USDT:USDT,184.7,314.48,184.69,473.81,184.71,964.88,184.72,666.83
