timestamp,time,exchange,symbol,bid1_price,bid1_volume,bid2_price,bid2_volume,ask1_price,ask1_volume,ask2_price,ask2_volume
1753769524333,06:12:04.333,blofin,LTC/USDT:USDT,109.68,2.0,109.67,56.0,109.69,109.0,109.71,4.0
1753769526340,06:12:06.340,blofin,LTC/USDT:USDT,109.64,276.0,109.63,1536.0,109.68,115.0,109.69,1687.0
1753769527002,06:12:07.002,blofin,LTC/USDT:USDT,109.64,259.0,109.6,1473.0,109.67,100.0,109.68,4.0
1753769528341,06:12:08.341,blofin,LTC/USDT:USDT,109.64,234.0,109.63,63.0,109.67,103.0,109.68,627.0
1753769529004,06:12:09.004,blofin,LTC/USDT:USDT,109.64,234.0,109.62,209.0,109.66,113.0,109.67,5.0
1753769530345,06:12:10.345,blofin,LTC/USDT:USDT,109.64,234.0,109.63,887.0,109.66,125.0,109.68,833.0
1753769531006,06:12:11.006,blofin,LTC/USDT:USDT,109.64,235.0,109.63,887.0,109.66,123.0,109.67,121.0
1753769531847,06:12:11.847,blofin,LTC/USDT:USDT,109.64,214.0,109.63,105.0,109.66,52.0,109.7,1146.0
1753769533350,06:12:13.350,blofin,LTC/USDT:USDT,109.64,210.0,109.63,15.0,109.66,4.0,109.67,102.0
1753769534008,06:12:14.008,blofin,LTC/USDT:USDT,109.64,210.0,109.63,117.0,109.66,59.0,109.67,5.0
1753769534350,06:12:14.350,blofin,LTC/USDT:USDT,109.64,210.0,109.63,117.0,109.66,59.0,109.67,5.0
1753769535352,06:12:15.352,blofin,LTC/USDT:USDT,109.64,210.0,109.63,143.0,109.66,55.0,109.67,5.0
1753769536010,06:12:16.010,blofin,LTC/USDT:USDT,109.64,210.0,109.63,142.0,109.66,57.0,109.68,747.0
1753769536354,06:12:16.354,blofin,LTC/USDT:USDT,109.64,210.0,109.63,143.0,109.66,47.0,109.69,557.0
1753769536855,06:12:16.855,blofin,LTC/USDT:USDT,109.64,210.0,109.63,147.0,109.66,47.0,109.69,557.0
1753769538009,06:12:18.009,blofin,LTC/USDT:USDT,109.66,140.0,109.65,1173.0,109.69,56.0,109.7,1531.0
1753769539012,06:12:19.012,blofin,LTC/USDT:USDT,109.66,4.0,109.65,1947.0,109.69,112.0,109.7,1595.0
1753769539358,06:12:19.358,blofin,LTC/USDT:USDT,109.66,4.0,109.65,1947.0,109.69,112.0,109.7,1595.0
1753769540012,06:12:20.012,blofin,LTC/USDT:USDT,109.66,3.0,109.65,132.0,109.68,33.0,109.69,1.0
1753769541361,06:12:21.361,blofin,LTC/USDT:USDT,109.66,170.0,109.65,834.0,109.69,11.0,109.7,2.0
1753769542014,06:12:22.014,blofin,LTC/USDT:USDT,109.68,121.0,109.67,356.0,109.71,31.0,109.74,901.0
1753769542867,06:12:22.867,blofin,LTC/USDT:USDT,109.68,126.0,109.67,356.0,109.71,31.0,109.74,901.0
1753769543363,06:12:23.363,blofin,LTC/USDT:USDT,109.68,5.0,109.67,29.0,109.7,74.0,109.71,1.0
1753769544019,06:12:24.019,blofin,LTC/USDT:USDT,109.68,99.0,109.67,275.0,109.7,1.0,109.71,79.0
1753769544868,06:12:24.868,blofin,LTC/USDT:USDT,109.68,99.0,109.67,275.0,109.7,1.0,109.71,79.0
1753769545365,06:12:25.365,blofin,LTC/USDT:USDT,109.67,42.0,109.65,1831.0,109.7,1.0,109.71,72.0
1753769546868,06:12:26.868,blofin,LTC/USDT:USDT,109.67,76.0,109.66,302.0,109.71,49.0,109.73,220.0
1753769548369,06:12:28.369,blofin,LTC/USDT:USDT,109.67,32.0,109.65,112.0,109.7,87.0,109.71,1.0
1753769552376,06:12:32.376,blofin,LTC/USDT:USDT,109.67,246.0,109.66,1631.0,109.68,2.0,109.69,3.0
1753769554216,06:12:34.216,blofin,LTC/USDT:USDT,109.69,254.0,109.67,1691.0,109.71,9.0,109.72,1297.0
1753769554878,06:12:34.878,blofin,LTC/USDT:USDT,109.69,254.0,109.67,1691.0,109.71,8.0,109.72,1297.0
1753769555379,06:12:35.379,blofin,LTC/USDT:USDT,109.69,318.0,109.68,776.0,109.71,4.0,109.72,12.0
1753769557381,06:12:37.381,blofin,LTC/USDT:USDT,109.69,137.0,109.68,1515.0,109.72,36.0,109.74,15.0
1753769558028,06:12:38.028,blofin,LTC/USDT:USDT,109.69,2.0,109.68,149.0,109.71,11.0,109.72,1.0
1753769558385,06:12:38.385,blofin,LTC/USDT:USDT,109.68,154.0,109.66,4.0,109.71,11.0,109.72,1.0
1753769559029,06:12:39.029,blofin,LTC/USDT:USDT,109.69,137.0,109.68,1951.0,109.71,4.0,109.72,26.0
1753769560030,06:12:40.030,blofin,LTC/USDT:USDT,109.69,46.0,109.68,5.0,109.71,37.0,109.72,4.0
1753769560386,06:12:40.386,blofin,LTC/USDT:USDT,109.69,46.0,109.68,5.0,109.71,42.0,109.74,15.0
1753769561389,06:12:41.389,blofin,LTC/USDT:USDT,109.68,31.0,109.66,4.0,109.71,3.0,109.72,37.0
1753769562034,06:12:42.034,blofin,LTC/USDT:USDT,109.69,45.0,109.68,1900.0,109.72,39.0,109.74,15.0
1753769562890,06:12:42.890,blofin,LTC/USDT:USDT,109.69,45.0,109.68,1900.0,109.72,40.0,109.74,15.0
1753769563893,06:12:43.893,blofin,LTC/USDT:USDT,109.68,106.0,109.67,1815.0,109.72,15.0,109.74,15.0
1753769564395,06:12:44.395,blofin,LTC/USDT:USDT,109.69,102.0,109.68,2013.0,109.72,15.0,109.74,15.0
1753769565396,06:12:45.396,blofin,LTC/USDT:USDT,109.69,92.0,109.67,48.0,109.71,11.0,109.72,645.0
1753769566036,06:12:46.036,blofin,LTC/USDT:USDT,109.69,89.0,109.66,4.0,109.71,11.0,109.72,1.0
1753769566398,06:12:46.398,blofin,LTC/USDT:USDT,109.7,57.0,109.69,4.0,109.72,46.0,109.74,921.0
1753769567401,06:12:47.401,blofin,LTC/USDT:USDT,109.69,64.0,109.66,62.0,109.72,54.0,109.73,1084.0
1753769568036,06:12:48.036,blofin,LTC/USDT:USDT,109.7,46.0,109.69,2023.0,109.72,4.0,109.73,53.0
1753769569037,06:12:49.037,blofin,LTC/USDT:USDT,109.7,51.0,109.69,746.0,109.73,43.0,109.74,15.0
1753769569402,06:12:49.402,blofin,LTC/USDT:USDT,109.7,51.0,109.69,746.0,109.73,43.0,109.74,15.0
1753769570402,06:12:50.402,blofin,LTC/USDT:USDT,109.7,79.0,109.69,672.0,109.73,55.0,109.74,15.0
1753769571041,06:12:51.041,blofin,LTC/USDT:USDT,109.7,79.0,109.69,672.0,109.73,54.0,109.74,15.0
1753769571905,06:12:51.905,blofin,LTC/USDT:USDT,109.7,35.0,109.68,267.0,109.72,57.0,109.74,15.0
1753769572412,06:12:52.412,blofin,LTC/USDT:USDT,109.7,1.0,109.69,60.0,109.72,50.0,109.74,1031.0
1753769573405,06:12:53.405,blofin,LTC/USDT:USDT,109.69,63.0,109.68,757.0,109.73,53.0,109.74,15.0
1753769574043,06:12:54.043,blofin,LTC/USDT:USDT,109.7,60.0,109.69,1815.0,109.73,58.0,109.74,15.0
1753769574907,06:12:54.907,blofin,LTC/USDT:USDT,109.7,60.0,109.69,1815.0,109.73,55.0,109.74,15.0
1753769575407,06:12:55.407,blofin,LTC/USDT:USDT,109.7,60.0,109.69,1921.0,109.73,117.0,109.74,15.0
1753769576409,06:12:56.409,blofin,LTC/USDT:USDT,109.7,133.0,109.69,2440.0,109.73,48.0,109.74,15.0
1753769577046,06:12:57.046,blofin,LTC/USDT:USDT,109.7,116.0,109.66,270.0,109.72,47.0,109.73,5.0
1753769578412,06:12:58.412,blofin,LTC/USDT:USDT,109.69,99.0,109.66,4.0,109.72,50.0,109.73,5.0
1753769579047,06:12:59.047,blofin,LTC/USDT:USDT,109.7,127.0,109.69,1686.0,109.73,55.0,109.74,1273.0
1753769580047,06:13:00.047,blofin,LTC/USDT:USDT,109.7,98.0,109.67,513.0,109.72,50.0,109.73,5.0
1753769580416,06:13:00.416,blofin,LTC/USDT:USDT,109.7,98.0,109.67,513.0,109.72,52.0,109.74,15.0
1753769581415,06:13:01.415,blofin,LTC/USDT:USDT,109.7,115.0,109.67,366.0,109.72,57.0,109.76,263.0
1753769582050,06:13:02.050,blofin,LTC/USDT:USDT,109.7,6.0,109.69,130.0,109.72,57.0,109.76,263.0
1753769583050,06:13:03.050,blofin,LTC/USDT:USDT,109.7,102.0,109.69,1870.0,109.72,6.0,109.73,50.0
1753769583420,06:13:03.420,blofin,LTC/USDT:USDT,109.7,107.0,109.69,1868.0,109.72,6.0,109.73,50.0
1753769585060,06:13:05.060,blofin,LTC/USDT:USDT,109.7,8.0,109.69,469.0,109.72,4.0,109.73,140.0
1753769586052,06:13:06.052,blofin,LTC/USDT:USDT,109.7,9.0,109.69,469.0,109.72,2.0,109.73,143.0
1753769586423,06:13:06.423,blofin,LTC/USDT:USDT,109.7,124.0,109.69,179.0,109.72,2.0,109.73,78.0
1753769587423,06:13:07.423,blofin,LTC/USDT:USDT,109.71,13.0,109.7,144.0,109.72,2.0,109.74,78.0
1753769588051,06:13:08.051,blofin,LTC/USDT:USDT,109.7,31.0,109.69,4.0,109.72,107.0,109.74,1.0
1753769588927,06:13:08.927,blofin,LTC/USDT:USDT,109.7,31.0,109.69,4.0,109.72,108.0,109.76,263.0
1753769589428,06:13:09.428,blofin,LTC/USDT:USDT,109.7,17.0,109.69,4.0,109.72,146.0,109.76,263.0
1753769590430,06:13:10.430,blofin,LTC/USDT:USDT,109.7,10.0,109.69,1225.0,109.72,5.0,109.73,180.0
1753769591054,06:13:11.054,blofin,LTC/USDT:USDT,109.7,10.0,109.69,1225.0,109.72,2.0,109.73,184.0
1753769591431,06:13:11.431,blofin,LTC/USDT:USDT,109.7,8.0,109.69,38.0,109.72,92.0,109.73,4.0
1753769592432,06:13:12.432,blofin,LTC/USDT:USDT,109.7,4.0,109.69,16.0,109.72,95.0,109.76,263.0
1753769593055,06:13:13.055,blofin,LTC/USDT:USDT,109.7,4.0,109.69,15.0,109.72,5.0,109.73,116.0
1753769593935,06:13:13.935,blofin,LTC/USDT:USDT,109.7,4.0,109.69,3.0,109.71,303.0,109.72,2.0
1753769594437,06:13:14.437,blofin,LTC/USDT:USDT,109.67,122.0,109.64,2094.0,109.7,226.0,109.72,2.0
1753769595438,06:13:15.438,blofin,LTC/USDT:USDT,109.68,100.0,109.67,1425.0,109.7,291.0,109.72,2.0
1753769596443,06:13:16.443,blofin,LTC/USDT:USDT,109.67,105.0,109.65,794.0,109.69,350.0,109.72,2.0
1753769597060,06:13:17.060,blofin,LTC/USDT:USDT,109.67,105.0,109.64,1144.0,109.69,2.0,109.7,321.0
1753769597942,06:13:17.942,blofin,LTC/USDT:USDT,109.67,100.0,109.66,3.0,109.7,325.0,109.72,2.0
1753769598444,06:13:18.444,blofin,LTC/USDT:USDT,109.67,100.0,109.66,3.0,109.69,345.0,109.7,4.0
1753769599060,06:13:19.060,blofin,LTC/USDT:USDT,109.66,3.0,109.65,65.0,109.67,241.0,109.7,4.0
1753769599949,06:13:19.949,blofin,LTC/USDT:USDT,109.66,3.0,109.65,65.0,109.67,245.0,109.72,2633.0
1753769600445,06:13:20.445,blofin,LTC/USDT:USDT,109.65,68.0,109.64,118.0,109.67,280.0,109.72,1835.0
1753769601063,06:13:21.063,blofin,LTC/USDT:USDT,109.65,68.0,109.64,118.0,109.67,278.0,109.7,24.0
1753769602061,06:13:22.061,blofin,LTC/USDT:USDT,109.65,83.0,109.64,1574.0,109.67,2.0,109.68,73.0
1753769602950,06:13:22.950,blofin,LTC/USDT:USDT,109.65,82.0,109.64,1574.0,109.68,76.0,109.7,188.0
1753769603448,06:13:23.448,blofin,LTC/USDT:USDT,109.65,57.0,109.64,1597.0,109.68,107.0,109.69,1222.0
1753769604449,06:13:24.449,blofin,LTC/USDT:USDT,109.65,3.0,109.64,221.0,109.68,79.0,109.69,1617.0
1753769605064,06:13:25.064,blofin,LTC/USDT:USDT,109.65,138.0,109.64,118.0,109.67,75.0,109.68,5.0
1753769605450,06:13:25.450,blofin,LTC/USDT:USDT,109.65,138.0,109.64,118.0,109.67,75.0,109.68,5.0
1753769606451,06:13:26.451,blofin,LTC/USDT:USDT,109.65,185.0,109.64,118.0,109.67,37.0,109.69,1728.0
1753769607065,06:13:27.065,blofin,LTC/USDT:USDT,109.65,2.0,109.64,301.0,109.67,1.0,109.68,34.0
1753769607953,06:13:27.953,blofin,LTC/USDT:USDT,109.64,306.0,109.63,263.0,109.68,35.0,109.7,1556.0
1753769608453,06:13:28.453,blofin,LTC/USDT:USDT,109.64,306.0,109.63,263.0,109.68,38.0,109.69,634.0
1753769609073,06:13:29.073,blofin,LTC/USDT:USDT,109.64,213.0,109.63,263.0,109.67,55.0,109.68,4.0
1753769609955,06:13:29.955,blofin,LTC/USDT:USDT,109.64,211.0,109.63,263.0,109.67,60.0,109.71,300.0
1753769610456,06:13:30.456,blofin,LTC/USDT:USDT,109.65,182.0,109.64,572.0,109.68,79.0,109.7,587.0
1753769611081,06:13:31.081,blofin,LTC/USDT:USDT,109.65,187.0,109.64,454.0,109.68,83.0,109.7,587.0
1753769611962,06:13:31.962,blofin,LTC/USDT:USDT,109.65,181.0,109.62,214.0,109.67,52.0,109.68,9.0
1753769612460,06:13:32.460,blofin,LTC/USDT:USDT,109.68,249.0,109.67,675.0,109.71,11.0,109.72,1682.0
1753769613461,06:13:33.461,blofin,LTC/USDT:USDT,109.68,5.0,109.67,245.0,109.7,17.0,109.73,77.0
1753769614069,06:13:34.069,blofin,LTC/USDT:USDT,109.68,23.0,109.67,2182.0,109.7,5.0,109.71,68.0
1753769615462,06:13:35.462,blofin,LTC/USDT:USDT,109.67,1.0,109.65,61.0,109.68,226.0,109.69,998.0
1753769616071,06:13:36.071,blofin,LTC/USDT:USDT,109.65,66.0,109.62,1580.0,109.68,230.0,109.69,998.0
1753769616965,06:13:36.965,blofin,LTC/USDT:USDT,109.65,19.0,109.64,1954.0,109.68,70.0,109.71,2039.0
1753769617466,06:13:37.466,blofin,LTC/USDT:USDT,109.65,51.0,109.64,1125.0,109.68,5.0,109.69,50.0
1753769618073,06:13:38.073,blofin,LTC/USDT:USDT,109.66,16.0,109.65,10.0,109.68,103.0,109.71,788.0
1753769618467,06:13:38.467,blofin,LTC/USDT:USDT,109.66,18.0,109.65,5.0,109.68,103.0,109.71,788.0
1753769619468,06:13:39.468,blofin,LTC/USDT:USDT,109.66,5.0,109.65,47.0,109.68,70.0,109.72,1401.0
1753769620073,06:13:40.073,blofin,LTC/USDT:USDT,109.66,57.0,109.65,72.0,109.68,2.0,109.69,65.0
1753769620480,06:13:40.480,blofin,LTC/USDT:USDT,109.66,57.0,109.65,72.0,109.69,70.0,109.71,903.0
1753769622075,06:13:42.075,blofin,LTC/USDT:USDT,109.66,2.0,109.65,128.0,109.68,2.0,109.69,689.0
1753769622977,06:13:42.977,blofin,LTC/USDT:USDT,109.65,132.0,109.62,214.0,109.68,5.0,109.69,688.0
1753769623475,06:13:43.475,blofin,LTC/USDT:USDT,109.65,130.0,109.62,214.0,109.68,6.0,109.69,544.0
1753769624077,06:13:44.077,blofin,LTC/USDT:USDT,109.66,110.0,109.65,931.0,109.68,1.0,109.69,6.0
1753769624975,06:13:44.975,blofin,LTC/USDT:USDT,109.66,112.0,109.65,927.0,109.69,8.0,109.73,88.0
1753769625476,06:13:45.476,blofin,LTC/USDT:USDT,109.66,2.0,109.65,130.0,109.68,6.0,109.71,1470.0
1753769626080,06:13:46.080,blofin,LTC/USDT:USDT,109.65,133.0,109.62,214.0,109.68,6.0,109.71,1470.0
1753769626991,06:13:46.991,blofin,LTC/USDT:USDT,109.65,135.0,109.64,1232.0,109.69,5.0,109.7,975.0
1753769627478,06:13:47.478,blofin,LTC/USDT:USDT,109.65,137.0,109.64,1363.0,109.69,5.0,109.74,1708.0
1753769628080,06:13:48.080,blofin,LTC/USDT:USDT,109.65,121.0,109.62,214.0,109.68,5.0,109.69,2.0
1753769628980,06:13:48.980,blofin,LTC/USDT:USDT,109.65,121.0,109.62,214.0,109.68,5.0,109.69,2.0
1753769629480,06:13:49.480,blofin,LTC/USDT:USDT,109.65,99.0,109.62,214.0,109.68,7.0,109.69,2.0
1753769630083,06:13:50.083,blofin,LTC/USDT:USDT,109.65,52.0,109.62,1500.0,109.68,36.0,109.69,1517.0
1753769630983,06:13:50.983,blofin,LTC/USDT:USDT,109.65,52.0,109.62,1500.0,109.68,39.0,109.69,1517.0
1753769631486,06:13:51.486,blofin,LTC/USDT:USDT,109.65,150.0,109.62,214.0,109.68,3.0,109.69,9.0
1753769632084,06:13:52.084,blofin,LTC/USDT:USDT,109.66,141.0,109.65,9.0,109.68,10.0,109.69,4.0
1753769633100,06:13:53.100,blofin,LTC/USDT:USDT,109.65,39.0,109.62,214.0,109.68,107.0,109.71,1575.0
1753769633488,06:13:53.488,blofin,LTC/USDT:USDT,109.65,39.0,109.62,214.0,109.68,108.0,109.71,1575.0
1753769634491,06:13:54.491,blofin,LTC/USDT:USDT,109.66,36.0,109.65,5.0,109.68,104.0,109.69,578.0
1753769635091,06:13:55.091,blofin,LTC/USDT:USDT,109.66,126.0,109.65,2273.0,109.68,53.0,109.72,33.0
1753769635489,06:13:55.489,blofin,LTC/USDT:USDT,109.66,126.0,109.65,2273.0,109.68,55.0,109.72,33.0
1753769636087,06:13:56.087,blofin,LTC/USDT:USDT,109.66,123.0,109.65,2273.0,109.68,51.0,109.73,876.0
1753769637092,06:13:57.092,blofin,LTC/USDT:USDT,109.66,1.0,109.65,136.0,109.68,14.0,109.73,1558.0
1753769637491,06:13:57.491,blofin,LTC/USDT:USDT,109.66,1.0,109.65,136.0,109.68,14.0,109.73,1558.0
1753769638087,06:13:58.087,blofin,LTC/USDT:USDT,109.65,112.0,109.63,76.0,109.68,14.0,109.72,1138.0
1753769638492,06:13:58.492,blofin,LTC/USDT:USDT,109.65,112.0,109.63,76.0,109.68,17.0,109.72,1138.0
1753769639494,06:13:59.494,blofin,LTC/USDT:USDT,109.66,136.0,109.65,305.0,109.68,15.0,109.71,1803.0
1753769640091,06:14:00.091,blofin,LTC/USDT:USDT,109.66,2.0,109.65,141.0,109.68,16.0,109.72,830.0
1753769640995,06:14:00.995,blofin,LTC/USDT:USDT,109.65,145.0,109.63,1356.0,109.68,15.0,109.72,830.0
1753769641495,06:14:01.495,blofin,LTC/USDT:USDT,109.65,135.0,109.63,1259.0,109.68,17.0,109.7,1035.0
1753769642496,06:14:02.496,blofin,LTC/USDT:USDT,109.65,147.0,109.62,451.0,109.68,1.0,109.69,19.0
1753769643190,06:14:03.190,blofin,LTC/USDT:USDT,109.66,139.0,109.65,5.0,109.68,1.0,109.69,19.0
1753769644093,06:14:04.093,blofin,LTC/USDT:USDT,109.67,420.0,109.66,1402.0,109.68,1.0,109.69,5.0
1753769644499,06:14:04.499,blofin,LTC/USDT:USDT,109.68,455.0,109.65,187.0,109.69,5.0,109.7,1.0
1753769645500,06:14:05.500,blofin,LTC/USDT:USDT,109.68,2.0,109.67,275.0,109.71,129.0,109.74,528.0
1753769646097,06:14:06.097,blofin,LTC/USDT:USDT,109.67,277.0,109.65,4.0,109.71,18.0,109.74,528.0
1753769647004,06:14:07.004,blofin,LTC/USDT:USDT,109.69,279.0,109.68,2406.0,109.7,2.0,109.72,6.0
1753769647505,06:14:07.505,blofin,LTC/USDT:USDT,109.69,352.0,109.68,1572.0,109.72,3.0,109.73,469.0
1753769648507,06:14:08.507,blofin,LTC/USDT:USDT,109.69,352.0,109.68,1647.0,109.72,6.0,109.73,994.0
1753769649098,06:14:09.098,blofin,LTC/USDT:USDT,109.69,340.0,109.68,561.0,109.72,6.0,109.77,217.0
1753769649508,06:14:09.508,blofin,LTC/USDT:USDT,109.69,343.0,109.68,561.0,109.72,6.0,109.77,217.0
1753769650010,06:14:10.010,blofin,LTC/USDT:USDT,109.69,343.0,109.68,561.0,109.72,5.0,109.77,217.0
1753769650510,06:14:10.510,blofin,LTC/USDT:USDT,109.68,352.0,109.65,4.0,109.71,12.0,109.72,4.0
1753769651099,06:14:11.099,blofin,LTC/USDT:USDT,109.68,352.0,109.65,4.0,109.71,16.0,109.74,1667.0
1753769652098,06:14:12.098,blofin,LTC/USDT:USDT,109.68,353.0,109.65,2171.0,109.71,7.0,109.73,443.0
1753769652513,06:14:12.513,blofin,LTC/USDT:USDT,109.68,353.0,109.65,2171.0,109.71,8.0,109.73,443.0
1753769653099,06:14:13.099,blofin,LTC/USDT:USDT,109.68,340.0,109.67,1726.0,109.71,7.0,109.74,1016.0
1753769654100,06:14:14.100,blofin,LTC/USDT:USDT,109.69,320.0,109.68,1385.0,109.71,5.0,109.72,4.0
1753769654514,06:14:14.514,blofin,LTC/USDT:USDT,109.69,320.0,109.68,1385.0,109.72,8.0,109.74,920.0
1753769655515,06:14:15.515,blofin,LTC/USDT:USDT,109.69,320.0,109.68,928.0,109.72,18.0,109.73,1609.0
1753769656102,06:14:16.102,blofin,LTC/USDT:USDT,109.69,321.0,109.68,927.0,109.72,17.0,109.73,1609.0
