timestamp,time,exchange,symbol,bid1_price,bid1_volume,bid2_price,bid2_volume,ask1_price,ask1_volume,ask2_price,ask2_volume
1753769527595,06:12:07.595,coincatch,ETH/USDT:USDT,3806.12,115.47,3806.11,45.97,3806.37,4.6,3806.39,1.16
1753769527739,06:12:07.739,coincatch,ETH/USDT:USDT,3806.12,115.47,3806.11,45.97,3806.37,4.6,3806.39,1.47
1753769527846,06:12:07.846,coincatch,ETH/USDT:USDT,3806.12,114.45,3806.11,45.97,3806.37,4.96,3806.39,1.18
1753769528245,06:12:08.245,coincatch,ETH/USDT:USDT,3806.12,131.57,3806.11,45.97,3806.37,4.96,3806.39,1.48
1753769528345,06:12:08.345,coincatch,ETH/USDT:USDT,3806.12,133.05,3806.11,30.65,3806.37,4.96,3806.38,1.38
1753769528490,06:12:08.490,coincatch,ETH/USDT:USDT,3806.12,133.05,3806.11,30.65,3806.37,4.96,3806.38,1.41
1753769528593,06:12:08.593,coincatch,ETH/USDT:USDT,3806.12,133.43,3806.11,30.65,3806.37,4.96,3806.38,1.06
1753769528697,06:12:08.697,coincatch,ETH/USDT:USDT,3806.12,130.2,3806.11,30.65,3806.37,4.96,3806.38,1.47
1753769528844,06:12:08.844,coincatch,ETH/USDT:USDT,3806.12,130.2,3806.11,30.65,3806.37,4.96,3806.38,1.29
1753769528945,06:12:08.945,coincatch,ETH/USDT:USDT,3806.12,128.29,3806.11,30.65,3806.37,6.29,3806.38,1.29
1753769529046,06:12:09.046,coincatch,ETH/USDT:USDT,3806.12,128.29,3806.11,30.65,3806.37,6.29,3806.38,1.3
1753769529146,06:12:09.146,coincatch,ETH/USDT:USDT,3806.12,128.29,3806.11,30.65,3806.37,6.29,3806.38,1.14
1753769529247,06:12:09.247,coincatch,ETH/USDT:USDT,3806.12,99.26,3806.11,30.65,3806.37,6.54,3806.38,1.38
1753769530094,06:12:10.094,coincatch,ETH/USDT:USDT,3806.12,101.13,3806.11,30.65,3806.37,8.74,3806.38,1.31
1753769530198,06:12:10.198,coincatch,ETH/USDT:USDT,3806.12,101.13,3806.11,30.65,3806.37,8.74,3806.38,1.05
1753769530298,06:12:10.298,coincatch,ETH/USDT:USDT,3806.12,91.23,3806.11,30.65,3806.37,8.74,3806.38,1.28
1753769530441,06:12:10.441,coincatch,ETH/USDT:USDT,3806.12,91.23,3806.11,30.65,3806.37,8.74,3806.38,1.28
1753769530550,06:12:10.550,coincatch,ETH/USDT:USDT,3806.12,91.23,3806.11,30.65,3806.37,8.74,3806.38,1.09
1753769531102,06:12:11.102,coincatch,ETH/USDT:USDT,3806.25,212.16,3806.24,20.69,3806.61,1.44,3806.62,1.28
1753769531657,06:12:11.657,coincatch,ETH/USDT:USDT,3806.48,144.42,3806.47,5.95,3806.73,3.67,3806.74,1.06
1753769531757,06:12:11.757,coincatch,ETH/USDT:USDT,3806.48,145.07,3806.47,5.95,3806.73,3.67,3806.74,1.18
1753769532004,06:12:12.004,coincatch,ETH/USDT:USDT,3806.48,145.07,3806.47,5.41,3806.73,3.19,3806.74,1.07
1753769532106,06:12:12.106,coincatch,ETH/USDT:USDT,3806.48,145.07,3806.47,5.41,3806.73,3.19,3806.74,1.44
1753769532242,06:12:12.242,coincatch,ETH/USDT:USDT,3806.48,145.07,3806.47,5.41,3806.73,3.19,3806.74,1.22
1753769532355,06:12:12.355,coincatch,ETH/USDT:USDT,3806.48,144.52,3806.47,5.41,3806.73,3.78,3806.74,1.07
1753769532455,06:12:12.455,coincatch,ETH/USDT:USDT,3806.48,144.52,3806.47,5.41,3806.73,3.78,3806.74,1.49
1753769532707,06:12:12.707,coincatch,ETH/USDT:USDT,3806.48,7.7,3806.47,15.35,3806.73,16.5,3806.74,1.23
1753769533682,06:12:13.682,coincatch,ETH/USDT:USDT,3806.48,10.01,3806.47,15.18,3806.73,10.71,3806.74,1.49
1753769534043,06:12:14.043,coincatch,ETH/USDT:USDT,3806.48,18.42,3806.47,15.18,3806.73,6.0,3806.74,1.0
1753769534157,06:12:14.157,coincatch,ETH/USDT:USDT,3806.48,18.42,3806.47,15.18,3806.73,6.0,3806.74,1.12
1753769534260,06:12:14.260,coincatch,ETH/USDT:USDT,3806.48,41.69,3806.47,4.74,3806.73,3.4,3806.74,1.03
1753769534408,06:12:14.408,coincatch,ETH/USDT:USDT,3806.48,41.69,3806.47,4.74,3806.73,3.4,3806.74,1.08
1753769534511,06:12:14.511,coincatch,ETH/USDT:USDT,3806.48,51.13,3806.47,4.74,3806.73,1.07,3806.74,1.26
1753769535315,06:12:15.315,coincatch,ETH/USDT:USDT,3806.48,41.26,3806.47,4.74,3806.73,2.89,3806.74,1.4
1753769535415,06:12:15.415,coincatch,ETH/USDT:USDT,3806.48,41.26,3806.47,4.74,3806.73,2.89,3806.74,1.39
1753769535544,06:12:15.544,coincatch,ETH/USDT:USDT,3806.48,41.26,3806.47,4.74,3806.73,2.89,3806.74,1.33
1753769535813,06:12:15.813,coincatch,ETH/USDT:USDT,3806.48,41.07,3806.47,4.74,3806.73,1.18,3806.74,1.28
1753769535962,06:12:15.962,coincatch,ETH/USDT:USDT,3806.48,34.29,3806.47,21.77,3806.73,1.92,3806.74,1.14
1753769536112,06:12:16.112,coincatch,ETH/USDT:USDT,3806.48,34.29,3806.47,21.77,3806.73,1.92,3806.74,1.01
1753769536213,06:12:16.213,coincatch,ETH/USDT:USDT,3806.48,36.8,3806.47,21.77,3806.73,1.8,3806.74,2.42
1753769536314,06:12:16.314,coincatch,ETH/USDT:USDT,3806.48,36.8,3806.47,10.43,3806.73,1.8,3806.74,2.42
1753769536414,06:12:16.414,coincatch,ETH/USDT:USDT,3806.48,36.91,3806.47,10.43,3806.73,1.26,3806.74,2.42
1753769536564,06:12:16.564,coincatch,ETH/USDT:USDT,3806.48,36.91,3806.47,4.77,3806.73,1.26,3806.74,2.42
1753769536821,06:12:16.821,coincatch,ETH/USDT:USDT,3806.48,36.73,3806.47,4.77,3806.73,1.44,3806.74,2.42
1753769537818,06:12:17.818,coincatch,ETH/USDT:USDT,3806.93,49.0,3806.92,90.28,3807.18,1.19,3807.19,1.19
1753769537918,06:12:17.918,coincatch,ETH/USDT:USDT,3806.93,49.0,3806.92,90.28,3807.18,1.19,3807.19,1.19
1753769538065,06:12:18.065,coincatch,ETH/USDT:USDT,3807.03,120.31,3807.02,9.14,3807.28,1.17,3807.3,1.23
1753769538268,06:12:18.268,coincatch,ETH/USDT:USDT,3807.03,120.31,3807.02,14.35,3807.28,1.17,3807.3,1.03
1753769538396,06:12:18.396,coincatch,ETH/USDT:USDT,3807.03,100.6,3807.02,8.94,3807.28,3.48,3807.29,1.47
1753769538519,06:12:18.519,coincatch,ETH/USDT:USDT,3807.03,100.6,3807.02,8.94,3807.28,3.48,3807.29,1.2
1753769538781,06:12:18.781,coincatch,ETH/USDT:USDT,3807.03,96.17,3807.02,8.94,3807.28,3.48,3807.29,1.11
1753769538996,06:12:18.996,coincatch,ETH/USDT:USDT,3807.03,96.17,3807.02,8.94,3807.28,3.48,3807.29,1.24
1753769539114,06:12:19.114,coincatch,ETH/USDT:USDT,3807.03,50.06,3807.02,9.44,3807.28,9.11,3807.29,1.46
1753769539318,06:12:19.318,coincatch,ETH/USDT:USDT,3807.03,18.48,3807.02,9.44,3807.28,5.43,3807.29,1.35
1753769539446,06:12:19.446,coincatch,ETH/USDT:USDT,3807.03,18.48,3807.02,9.44,3807.28,5.43,3807.29,1.35
1753769539568,06:12:19.568,coincatch,ETH/USDT:USDT,3807.03,55.15,3807.02,9.03,3807.28,1.13,3807.29,1.37
1753769539772,06:12:19.772,coincatch,ETH/USDT:USDT,3807.03,55.4,3807.02,13.54,3807.28,1.1,3807.29,1.32
1753769540469,06:12:20.469,coincatch,ETH/USDT:USDT,3807.14,236.56,3807.13,19.2,3807.39,1.18,3807.4,1.39
1753769540647,06:12:20.647,coincatch,ETH/USDT:USDT,3807.14,236.56,3807.13,19.2,3807.39,1.3,3807.4,1.47
1753769542667,06:12:22.667,coincatch,ETH/USDT:USDT,3807.13,41.63,3807.12,4.45,3807.38,15.63,3807.4,1.22
1753769542768,06:12:22.768,coincatch,ETH/USDT:USDT,3807.13,41.63,3807.12,2.45,3807.38,15.63,3807.4,1.4
1753769542899,06:12:22.899,coincatch,ETH/USDT:USDT,3807.13,50.1,3807.12,2.45,3807.38,8.94,3807.4,1.05
1753769543017,06:12:23.017,coincatch,ETH/USDT:USDT,3807.13,50.1,3807.12,4.4,3807.38,8.94,3807.4,1.33
1753769545240,06:12:25.240,coincatch,ETH/USDT:USDT,3807.13,62.87,3807.12,4.4,3807.49,2.82,3807.5,1.36
1753769545342,06:12:25.342,coincatch,ETH/USDT:USDT,3807.36,161.91,3807.35,1.11,3807.61,5.63,3807.64,1.38
1753769545450,06:12:25.450,coincatch,ETH/USDT:USDT,3807.36,161.91,3807.35,1.11,3807.61,5.63,3807.64,1.39
1753769545591,06:12:25.591,coincatch,ETH/USDT:USDT,3807.36,158.66,3807.35,3.32,3807.61,6.94,3807.62,1.33
1753769545692,06:12:25.692,coincatch,ETH/USDT:USDT,3807.36,158.66,3807.35,3.32,3807.61,6.94,3807.62,1.32
1753769545842,06:12:25.842,coincatch,ETH/USDT:USDT,3807.36,174.38,3807.35,3.32,3807.61,6.94,3807.62,1.35
1753769545944,06:12:25.944,coincatch,ETH/USDT:USDT,3807.36,174.08,3807.35,3.32,3807.61,7.25,3807.62,1.35
1753769546801,06:12:26.801,coincatch,ETH/USDT:USDT,3807.03,10.12,3807.02,21.34,3807.28,23.34,3807.29,32.39
1753769546941,06:12:26.941,coincatch,ETH/USDT:USDT,3807.03,10.61,3807.02,21.34,3807.28,23.34,3807.29,32.39
1753769549819,06:12:29.819,coincatch,ETH/USDT:USDT,3806.67,11.39,3806.66,13.83,3806.92,31.35,3806.93,2.23
1753769550216,06:12:30.216,coincatch,ETH/USDT:USDT,3806.67,10.65,3806.66,3.82,3806.92,31.66,3806.93,2.23
1753769551873,06:12:31.873,coincatch,ETH/USDT:USDT,3807.36,525.44,3807.35,11.45,3807.61,2.19,3807.62,1.1
1753769552120,06:12:32.120,coincatch,ETH/USDT:USDT,3807.36,248.09,3807.35,11.45,3807.61,2.77,3807.62,1.38
1753769552227,06:12:32.227,coincatch,ETH/USDT:USDT,3807.36,248.09,3807.35,11.45,3807.61,2.77,3807.62,1.26
1753769552338,06:12:32.338,coincatch,ETH/USDT:USDT,3807.36,248.09,3807.35,11.45,3807.61,2.08,3807.62,1.04
1753769552473,06:12:32.473,coincatch,ETH/USDT:USDT,3807.36,248.09,3807.35,19.27,3807.61,2.08,3807.62,1.49
1753769552573,06:12:32.573,coincatch,ETH/USDT:USDT,3807.36,276.69,3807.35,19.27,3807.61,3.52,3807.62,1.05
1753769553071,06:12:33.071,coincatch,ETH/USDT:USDT,3807.36,149.51,3807.35,8.02,3807.61,4.23,3807.62,1.26
1753769553826,06:12:33.826,coincatch,ETH/USDT:USDT,3807.71,108.02,3807.7,16.2,3808.0,1.13,3808.01,1.84
1753769554226,06:12:34.226,coincatch,ETH/USDT:USDT,3807.87,147.98,3807.86,42.5,3808.12,6.9,3808.13,1.11
1753769554575,06:12:34.575,coincatch,ETH/USDT:USDT,3807.87,136.66,3807.86,48.17,3808.12,9.88,3808.13,1.11
1753769554829,06:12:34.829,coincatch,ETH/USDT:USDT,3807.87,132.59,3807.86,42.5,3808.12,9.88,3808.13,1.04
1753769554978,06:12:34.978,coincatch,ETH/USDT:USDT,3807.87,132.59,3807.86,64.5,3808.12,9.88,3808.13,1.29
1753769555125,06:12:35.125,coincatch,ETH/USDT:USDT,3807.87,141.51,3807.86,57.91,3808.12,10.09,3808.13,1.28
1753769555226,06:12:35.226,coincatch,ETH/USDT:USDT,3807.87,141.51,3807.86,57.91,3808.12,10.09,3808.13,1.28
1753769555356,06:12:35.356,coincatch,ETH/USDT:USDT,3807.87,140.78,3807.86,57.91,3808.12,10.09,3808.13,1.28
1753769555475,06:12:35.475,coincatch,ETH/USDT:USDT,3807.87,140.78,3807.86,57.91,3808.12,10.09,3808.13,1.24
1753769555579,06:12:35.579,coincatch,ETH/USDT:USDT,3807.87,140.78,3807.86,57.91,3808.12,10.09,3808.13,1.49
1753769555828,06:12:35.828,coincatch,ETH/USDT:USDT,3807.87,56.34,3807.86,41.89,3808.12,11.35,3808.13,2.44
1753769555957,06:12:35.957,coincatch,ETH/USDT:USDT,3807.87,49.43,3807.86,41.89,3808.12,11.12,3808.13,2.44
1753769556075,06:12:36.075,coincatch,ETH/USDT:USDT,3807.87,49.43,3807.86,56.33,3808.12,11.12,3808.13,2.44
1753769556175,06:12:36.175,coincatch,ETH/USDT:USDT,3807.87,51.21,3807.86,56.33,3808.12,9.38,3808.13,1.07
1753769556278,06:12:36.278,coincatch,ETH/USDT:USDT,3807.87,53.42,3807.86,56.33,3808.12,9.38,3808.13,1.28
1753769557230,06:12:37.230,coincatch,ETH/USDT:USDT,3807.87,53.42,3807.86,56.45,3808.12,9.69,3808.13,1.09
1753769557679,06:12:37.679,coincatch,ETH/USDT:USDT,3807.87,53.28,3807.86,56.45,3808.12,9.72,3808.13,1.03
1753769557779,06:12:37.779,coincatch,ETH/USDT:USDT,3807.87,53.28,3807.86,56.45,3808.12,9.72,3808.13,1.49
1753769558129,06:12:38.129,coincatch,ETH/USDT:USDT,3807.87,53.77,3807.86,56.45,3808.12,9.88,3808.13,1.38
1753769558230,06:12:38.230,coincatch,ETH/USDT:USDT,3807.87,53.77,3807.86,56.45,3808.12,9.88,3808.13,1.09
1753769558358,06:12:38.358,coincatch,ETH/USDT:USDT,3807.87,53.77,3807.86,56.45,3808.12,9.88,3808.13,1.48
1753769558478,06:12:38.478,coincatch,ETH/USDT:USDT,3807.87,53.98,3807.86,56.45,3808.12,9.88,3808.13,1.28
1753769558580,06:12:38.580,coincatch,ETH/USDT:USDT,3807.87,53.98,3807.86,56.45,3808.12,9.88,3808.13,1.06
1753769558731,06:12:38.731,coincatch,ETH/USDT:USDT,3807.87,54.13,3807.86,56.45,3808.12,9.88,3808.13,1.38
1753769558831,06:12:38.831,coincatch,ETH/USDT:USDT,3807.87,54.13,3807.86,56.45,3808.12,9.88,3808.13,1.21
1753769558931,06:12:38.931,coincatch,ETH/USDT:USDT,3807.87,54.13,3807.86,56.45,3808.12,9.88,3808.13,1.21
1753769559032,06:12:39.032,coincatch,ETH/USDT:USDT,3807.87,54.13,3807.86,56.45,3808.12,9.88,3808.13,1.21
1753769559282,06:12:39.282,coincatch,ETH/USDT:USDT,3807.87,53.79,3807.86,56.45,3808.12,9.88,3808.13,1.44
1753769559409,06:12:39.409,coincatch,ETH/USDT:USDT,3807.7,53.79,3807.69,56.44,3808.12,9.88,3808.13,1.43
1753769559532,06:12:39.532,coincatch,ETH/USDT:USDT,3807.58,44.33,3807.57,1.09,3807.83,2.37,3807.85,1.1
1753769559680,06:12:39.680,coincatch,ETH/USDT:USDT,3807.58,44.33,3807.57,2.62,3807.83,2.37,3807.85,1.47
1753769559894,06:12:39.894,coincatch,ETH/USDT:USDT,3807.58,49.99,3807.57,13.16,3807.83,3.24,3807.85,1.41
1753769560009,06:12:40.009,coincatch,ETH/USDT:USDT,3807.58,55.96,3807.57,13.16,3807.83,3.24,3807.85,1.2
1753769560129,06:12:40.129,coincatch,ETH/USDT:USDT,3807.58,67.47,3807.57,1.82,3807.83,3.24,3807.84,1.47
1753769560229,06:12:40.229,coincatch,ETH/USDT:USDT,3807.58,67.47,3807.57,1.82,3807.83,3.24,3807.84,1.29
1753769560329,06:12:40.329,coincatch,ETH/USDT:USDT,3807.58,61.37,3807.57,2.73,3807.83,3.35,3807.84,1.47
1753769560433,06:12:40.433,coincatch,ETH/USDT:USDT,3807.58,61.37,3807.57,2.73,3807.83,3.35,3807.84,1.45
1753769560533,06:12:40.533,coincatch,ETH/USDT:USDT,3807.58,61.37,3807.57,1.95,3807.83,3.35,3807.84,1.15
1753769560833,06:12:40.833,coincatch,ETH/USDT:USDT,3807.58,61.53,3807.57,1.95,3807.83,3.35,3807.84,1.22
1753769560933,06:12:40.933,coincatch,ETH/USDT:USDT,3807.58,61.89,3807.57,1.95,3807.83,3.35,3807.84,1.1
1753769561038,06:12:41.038,coincatch,ETH/USDT:USDT,3807.58,61.89,3807.57,1.95,3807.83,3.35,3807.84,1.01
1753769561185,06:12:41.185,coincatch,ETH/USDT:USDT,3807.58,61.89,3807.57,1.95,3807.83,3.35,3807.84,1.48
1753769561285,06:12:41.285,coincatch,ETH/USDT:USDT,3807.58,61.89,3807.57,1.95,3807.83,3.35,3807.84,1.24
1753769561433,06:12:41.433,coincatch,ETH/USDT:USDT,3807.58,61.89,3807.57,1.95,3807.83,3.35,3807.84,1.47
1753769561533,06:12:41.533,coincatch,ETH/USDT:USDT,3807.58,62.44,3807.57,1.95,3807.83,3.13,3807.84,1.01
1753769561660,06:12:41.660,coincatch,ETH/USDT:USDT,3807.58,62.44,3807.57,1.95,3807.89,3.13,3807.9,1.48
1753769561784,06:12:41.784,coincatch,ETH/USDT:USDT,3807.76,110.12,3807.75,5.69,3808.01,2.28,3808.02,1.21
1753769561929,06:12:41.929,coincatch,ETH/USDT:USDT,3807.76,110.12,3807.75,5.69,3808.01,2.28,3808.02,1.01
1753769562085,06:12:42.085,coincatch,ETH/USDT:USDT,3807.87,129.17,3807.86,57.17,3808.12,4.18,3808.13,1.29
1753769562232,06:12:42.232,coincatch,ETH/USDT:USDT,3807.87,129.17,3807.86,56.24,3808.12,4.18,3808.13,1.05
1753769562335,06:12:42.335,coincatch,ETH/USDT:USDT,3807.87,129.32,3807.86,56.24,3808.12,5.0,3808.13,1.25
1753769562584,06:12:42.584,coincatch,ETH/USDT:USDT,3807.87,129.78,3807.86,55.83,3808.12,5.0,3808.13,1.07
1753769562684,06:12:42.684,coincatch,ETH/USDT:USDT,3807.87,129.78,3807.86,55.83,3808.12,5.0,3808.13,1.43
1753769562833,06:12:42.833,coincatch,ETH/USDT:USDT,3807.87,121.23,3807.86,55.83,3808.12,5.0,3808.13,1.19
1753769562933,06:12:42.933,coincatch,ETH/USDT:USDT,3807.87,121.23,3807.86,55.83,3808.12,5.0,3808.13,1.19
1753769563034,06:12:43.034,coincatch,ETH/USDT:USDT,3807.87,121.23,3807.86,55.83,3808.12,5.0,3808.13,1.23
1753769563135,06:12:43.135,coincatch,ETH/USDT:USDT,3807.87,125.75,3807.86,56.86,3808.12,4.18,3808.13,1.23
1753769564641,06:12:44.641,coincatch,ETH/USDT:USDT,3807.87,120.39,3807.86,52.24,3808.12,2.47,3808.13,1.18
1753769564742,06:12:44.742,coincatch,ETH/USDT:USDT,3807.87,120.39,3807.86,52.24,3808.12,2.47,3808.13,1.5
1753769564842,06:12:44.842,coincatch,ETH/USDT:USDT,3807.87,120.39,3807.86,52.24,3808.12,2.47,3808.13,1.46
1753769564943,06:12:44.943,coincatch,ETH/USDT:USDT,3807.87,120.39,3807.86,52.24,3808.12,2.47,3808.13,1.18
1753769565050,06:12:45.050,coincatch,ETH/USDT:USDT,3807.87,120.39,3807.86,52.24,3808.12,2.47,3808.13,1.11
1753769565262,06:12:45.262,coincatch,ETH/USDT:USDT,3807.87,120.39,3807.86,52.24,3808.12,2.47,3808.13,1.3
1753769565392,06:12:45.392,coincatch,ETH/USDT:USDT,3807.87,111.26,3807.86,49.84,3808.12,2.58,3808.13,1.04
1753769565645,06:12:45.645,coincatch,ETH/USDT:USDT,3807.87,119.17,3807.86,50.98,3808.12,2.16,3808.13,1.2
1753769565894,06:12:45.894,coincatch,ETH/USDT:USDT,3808.05,103.68,3808.04,1.08,3808.3,3.12,3808.31,1.28
1753769566013,06:12:46.013,coincatch,ETH/USDT:USDT,3808.05,103.68,3808.04,1.08,3808.3,3.12,3808.31,1.28
1753769566146,06:12:46.146,coincatch,ETH/USDT:USDT,3808.05,93.7,3808.04,6.04,3808.3,3.12,3808.31,1.28
1753769566297,06:12:46.297,coincatch,ETH/USDT:USDT,3808.05,103.42,3808.04,10.85,3808.3,2.99,3808.31,1.45
1753769566445,06:12:46.445,coincatch,ETH/USDT:USDT,3808.05,103.71,3808.04,10.85,3808.3,2.99,3808.31,1.14
1753769566594,06:12:46.594,coincatch,ETH/USDT:USDT,3808.05,103.77,3808.04,10.85,3808.3,3.11,3808.31,1.48
1753769566747,06:12:46.747,coincatch,ETH/USDT:USDT,3808.05,103.64,3808.04,12.69,3808.3,4.26,3808.31,1.06
1753769566847,06:12:46.847,coincatch,ETH/USDT:USDT,3808.05,103.64,3808.04,12.69,3808.3,4.26,3808.31,1.23
1753769566955,06:12:46.955,coincatch,ETH/USDT:USDT,3808.05,103.64,3808.04,12.69,3808.3,4.26,3808.31,1.05
1753769567063,06:12:47.063,coincatch,ETH/USDT:USDT,3808.05,102.76,3808.04,10.86,3808.3,5.44,3808.31,1.25
1753769567184,06:12:47.184,coincatch,ETH/USDT:USDT,3808.05,102.76,3808.04,10.86,3808.3,5.44,3808.31,1.03
1753769567297,06:12:47.297,coincatch,ETH/USDT:USDT,3808.05,102.76,3808.04,10.86,3808.3,3.17,3808.31,1.33
1753769567398,06:12:47.398,coincatch,ETH/USDT:USDT,3808.05,103.06,3808.04,10.86,3808.3,3.17,3808.31,1.19
1753769567513,06:12:47.513,coincatch,ETH/USDT:USDT,3808.05,103.06,3808.04,10.86,3808.3,3.17,3808.31,1.19
1753769567648,06:12:47.648,coincatch,ETH/USDT:USDT,3808.05,102.7,3808.04,10.86,3808.3,3.17,3808.31,1.14
1753769567795,06:12:47.795,coincatch,ETH/USDT:USDT,3808.05,102.7,3808.04,10.86,3808.3,3.17,3808.31,1.04
1753769567900,06:12:47.900,coincatch,ETH/USDT:USDT,3808.05,102.7,3808.04,10.86,3808.3,3.17,3808.31,1.14
1753769568048,06:12:48.048,coincatch,ETH/USDT:USDT,3808.05,102.7,3808.04,10.86,3808.3,3.17,3808.31,1.39
1753769568197,06:12:48.197,coincatch,ETH/USDT:USDT,3808.05,102.7,3808.04,10.86,3808.3,3.17,3808.31,1.1
1753769568297,06:12:48.297,coincatch,ETH/USDT:USDT,3808.05,102.7,3808.04,10.86,3808.3,3.17,3808.31,1.04
1753769568414,06:12:48.414,coincatch,ETH/USDT:USDT,3808.05,103.98,3808.04,10.86,3808.3,3.17,3808.31,1.39
1753769568548,06:12:48.548,coincatch,ETH/USDT:USDT,3808.05,103.98,3808.04,10.86,3808.3,3.17,3808.31,1.41
1753769568649,06:12:48.649,coincatch,ETH/USDT:USDT,3808.05,103.98,3808.04,10.86,3808.3,3.17,3808.31,1.1
1753769568799,06:12:48.799,coincatch,ETH/USDT:USDT,3808.05,103.98,3808.04,10.86,3808.3,2.95,3808.31,1.23
1753769569050,06:12:49.050,coincatch,ETH/USDT:USDT,3808.05,104.61,3808.04,10.86,3808.3,1.69,3808.31,1.07
1753769569164,06:12:49.164,coincatch,ETH/USDT:USDT,3808.05,104.61,3808.04,4.86,3808.3,1.69,3808.31,1.07
1753769569296,06:12:49.296,coincatch,ETH/USDT:USDT,3808.07,124.35,3808.06,17.0,3808.32,1.32,3808.33,1.32
1753769569550,06:12:49.550,coincatch,ETH/USDT:USDT,3808.07,127.44,3808.06,17.0,3808.32,1.45,3808.33,1.44
1753769569650,06:12:49.650,coincatch,ETH/USDT:USDT,3808.07,148.54,3808.06,17.0,3808.32,1.09,3808.33,1.09
1753769569765,06:12:49.765,coincatch,ETH/USDT:USDT,3808.07,148.54,3808.06,17.0,3808.32,1.39,3808.33,1.09
1753769569898,06:12:49.898,coincatch,ETH/USDT:USDT,3808.07,157.49,3808.06,17.0,3808.32,1.39,3808.33,1.33
1753769570008,06:12:50.008,coincatch,ETH/USDT:USDT,3808.07,157.49,3808.06,17.0,3808.32,1.47,3808.33,1.12
1753769570116,06:12:50.116,coincatch,ETH/USDT:USDT,3808.07,150.57,3808.06,17.0,3808.32,1.32,3808.33,1.41
1753769570247,06:12:50.247,coincatch,ETH/USDT:USDT,3808.07,150.57,3808.06,17.0,3808.32,1.38,3808.33,1.3
1753769570349,06:12:50.349,coincatch,ETH/USDT:USDT,3808.07,149.54,3808.06,17.0,3808.32,1.94,3808.33,1.25
1753769570501,06:12:50.501,coincatch,ETH/USDT:USDT,3808.07,149.54,3808.06,17.0,3808.32,1.94,3808.33,1.48
1753769570650,06:12:50.650,coincatch,ETH/USDT:USDT,3808.07,150.11,3808.06,17.0,3808.32,1.27,3808.33,1.24
1753769570798,06:12:50.798,coincatch,ETH/USDT:USDT,3808.07,150.11,3808.06,17.0,3808.32,1.34,3808.33,1.08
1753769570901,06:12:50.901,coincatch,ETH/USDT:USDT,3808.07,150.11,3808.06,17.0,3808.32,1.82,3808.33,1.07
1753769571048,06:12:51.048,coincatch,ETH/USDT:USDT,3808.07,150.11,3808.06,17.0,3808.32,1.82,3808.33,1.4
1753769571148,06:12:51.148,coincatch,ETH/USDT:USDT,3808.07,150.11,3808.06,17.0,3808.32,1.82,3808.33,1.21
1753769571248,06:12:51.248,coincatch,ETH/USDT:USDT,3808.07,150.11,3808.06,17.0,3808.34,1.5,3808.35,1.48
1753769571349,06:12:51.349,coincatch,ETH/USDT:USDT,3808.07,150.11,3808.06,17.0,3808.34,1.5,3808.35,1.11
1753769571450,06:12:51.450,coincatch,ETH/USDT:USDT,3808.21,162.13,3808.2,9.07,3808.46,4.45,3808.47,7.35
1753769571566,06:12:51.566,coincatch,ETH/USDT:USDT,3808.21,162.13,3808.2,9.07,3808.46,4.45,3808.47,7.35
1753769571702,06:12:51.702,coincatch,ETH/USDT:USDT,3808.21,162.13,3808.2,9.07,3808.46,4.45,3808.47,7.35
1753769571850,06:12:51.850,coincatch,ETH/USDT:USDT,3808.21,162.33,3808.2,12.39,3808.46,5.31,3808.47,7.35
1753769571984,06:12:51.984,coincatch,ETH/USDT:USDT,3808.21,162.33,3808.2,12.39,3808.46,5.31,3808.47,7.35
1753769572102,06:12:52.102,coincatch,ETH/USDT:USDT,3808.21,166.96,3808.2,10.56,3808.46,5.31,3808.47,1.86
1753769572249,06:12:52.249,coincatch,ETH/USDT:USDT,3808.21,166.96,3808.2,10.56,3808.46,5.31,3808.47,1.86
1753769572350,06:12:52.350,coincatch,ETH/USDT:USDT,3808.21,155.06,3808.2,11.24,3808.46,5.75,3808.47,1.86
1753769572452,06:12:52.452,coincatch,ETH/USDT:USDT,3808.21,155.06,3808.2,11.24,3808.46,5.75,3808.47,1.86
1753769572600,06:12:52.600,coincatch,ETH/USDT:USDT,3808.21,155.06,3808.2,9.41,3808.46,6.62,3808.47,1.86
1753769572751,06:12:52.751,coincatch,ETH/USDT:USDT,3808.21,155.06,3808.2,9.41,3808.46,6.62,3808.47,1.86
1753769572852,06:12:52.852,coincatch,ETH/USDT:USDT,3808.21,155.06,3808.2,9.41,3808.46,6.62,3808.47,1.86
1753769573101,06:12:53.101,coincatch,ETH/USDT:USDT,3808.21,155.06,3808.2,9.41,3808.46,6.62,3808.47,1.86
1753769573217,06:12:53.217,coincatch,ETH/USDT:USDT,3808.21,154.27,3808.2,9.41,3808.46,6.62,3808.47,1.86
1753769573350,06:12:53.350,coincatch,ETH/USDT:USDT,3808.21,154.27,3808.2,9.41,3808.46,6.62,3808.47,1.86
1753769573450,06:12:53.450,coincatch,ETH/USDT:USDT,3808.21,154.27,3808.2,11.24,3808.46,5.74,3808.47,1.86
1753769573552,06:12:53.552,coincatch,ETH/USDT:USDT,3808.21,154.27,3808.2,11.24,3808.46,5.74,3808.47,1.86
1753769573667,06:12:53.667,coincatch,ETH/USDT:USDT,3808.21,154.27,3808.2,11.24,3808.46,5.74,3808.47,1.86
1753769573771,06:12:53.771,coincatch,ETH/USDT:USDT,3808.21,154.27,3808.2,11.24,3808.46,5.74,3808.47,1.86
1753769573901,06:12:53.901,coincatch,ETH/USDT:USDT,3808.21,154.27,3808.2,11.24,3808.46,5.74,3808.47,1.86
1753769574007,06:12:54.007,coincatch,ETH/USDT:USDT,3808.21,154.02,3808.2,11.24,3808.46,5.74,3808.47,1.86
1753769574118,06:12:54.118,coincatch,ETH/USDT:USDT,3808.21,154.02,3808.2,11.24,3808.46,5.74,3808.47,1.86
1753769574249,06:12:54.249,coincatch,ETH/USDT:USDT,3808.21,154.02,3808.2,9.41,3808.46,5.87,3808.47,1.86
1753769574352,06:12:54.352,coincatch,ETH/USDT:USDT,3808.21,154.02,3808.2,9.41,3808.46,5.87,3808.47,1.86
1753769574498,06:12:54.498,coincatch,ETH/USDT:USDT,3808.21,154.02,3808.2,9.41,3808.46,5.87,3808.47,1.86
1753769574604,06:12:54.604,coincatch,ETH/USDT:USDT,3808.21,154.02,3808.2,9.41,3808.46,4.65,3808.47,1.86
1753769574718,06:12:54.718,coincatch,ETH/USDT:USDT,3808.21,154.02,3808.2,9.41,3808.46,4.65,3808.47,1.86
1753769574852,06:12:54.852,coincatch,ETH/USDT:USDT,3808.21,154.02,3808.2,9.41,3808.46,3.26,3808.47,1.86
1753769574952,06:12:54.952,coincatch,ETH/USDT:USDT,3808.21,154.02,3808.2,9.41,3808.46,3.26,3808.47,1.86
1753769575052,06:12:55.052,coincatch,ETH/USDT:USDT,3808.21,154.02,3808.2,9.41,3808.46,3.26,3808.47,1.86
1753769575168,06:12:55.168,coincatch,ETH/USDT:USDT,3808.21,154.02,3808.2,11.24,3808.46,5.83,3808.47,1.86
1753769575305,06:12:55.305,coincatch,ETH/USDT:USDT,3808.21,154.02,3808.2,11.24,3808.46,5.83,3808.47,1.86
1753769575405,06:12:55.405,coincatch,ETH/USDT:USDT,3808.21,153.88,3808.2,9.41,3808.46,5.06,3808.47,1.86
1753769575556,06:12:55.556,coincatch,ETH/USDT:USDT,3808.21,153.88,3808.2,9.41,3808.46,5.06,3808.47,1.86
1753769575702,06:12:55.702,coincatch,ETH/USDT:USDT,3808.21,153.88,3808.2,11.24,3808.46,5.9,3808.47,1.86
1753769575810,06:12:55.810,coincatch,ETH/USDT:USDT,3808.21,153.88,3808.2,11.24,3808.46,5.9,3808.47,1.86
1753769575919,06:12:55.919,coincatch,ETH/USDT:USDT,3808.21,149.59,3808.2,9.41,3808.46,5.9,3808.47,1.86
1753769576056,06:12:56.056,coincatch,ETH/USDT:USDT,3808.21,149.59,3808.2,9.41,3808.46,5.9,3808.47,1.86
1753769576204,06:12:56.204,coincatch,ETH/USDT:USDT,3808.21,149.59,3808.2,10.56,3808.46,5.9,3808.47,1.86
1753769576305,06:12:56.305,coincatch,ETH/USDT:USDT,3808.21,149.59,3808.2,10.56,3808.46,5.9,3808.47,1.86
1753769576407,06:12:56.407,coincatch,ETH/USDT:USDT,3808.21,149.59,3808.2,10.56,3808.46,5.9,3808.47,1.86
1753769576508,06:12:56.508,coincatch,ETH/USDT:USDT,3808.21,149.59,3808.2,10.56,3808.46,7.45,3808.47,1.86
1753769576657,06:12:56.657,coincatch,ETH/USDT:USDT,3808.21,149.59,3808.2,10.56,3808.46,7.45,3808.47,1.86
1753769576805,06:12:56.805,coincatch,ETH/USDT:USDT,3808.21,111.81,3808.2,8.73,3808.46,8.84,3808.47,1.86
1753769576906,06:12:56.906,coincatch,ETH/USDT:USDT,3808.21,111.81,3808.2,8.73,3808.46,8.84,3808.47,1.86
1753769577006,06:12:57.006,coincatch,ETH/USDT:USDT,3808.21,111.81,3808.2,8.73,3808.46,8.84,3808.47,1.86
1753769577119,06:12:57.119,coincatch,ETH/USDT:USDT,3808.21,45.28,3808.2,1.85,3808.46,15.0,3808.47,4.11
1753769577257,06:12:57.257,coincatch,ETH/USDT:USDT,3808.21,50.7,3808.2,2.25,3808.46,15.0,3808.47,4.11
1753769577404,06:12:57.404,coincatch,ETH/USDT:USDT,3808.21,23.27,3808.2,2.25,3808.46,15.0,3808.47,4.11
1753769577505,06:12:57.505,coincatch,ETH/USDT:USDT,3808.21,23.27,3808.2,2.25,3808.46,15.0,3808.47,4.11
1753769577605,06:12:57.605,coincatch,ETH/USDT:USDT,3808.21,23.12,3808.2,2.25,3808.46,15.0,3808.47,89.23
1753769577705,06:12:57.705,coincatch,ETH/USDT:USDT,3808.21,23.12,3808.2,1.47,3808.46,15.0,3808.47,89.23
1753769577809,06:12:57.809,coincatch,ETH/USDT:USDT,3808.21,23.12,3808.2,1.47,3808.46,15.0,3808.47,89.23
1753769577957,06:12:57.957,coincatch,ETH/USDT:USDT,3808.21,23.12,3808.2,1.47,3808.46,15.16,3808.47,89.23
1753769578062,06:12:58.062,coincatch,ETH/USDT:USDT,3808.21,23.12,3808.2,1.47,3808.46,15.16,3808.47,89.23
1753769578170,06:12:58.170,coincatch,ETH/USDT:USDT,3808.21,23.12,3808.2,1.47,3808.46,15.16,3808.47,89.23
1753769578307,06:12:58.307,coincatch,ETH/USDT:USDT,3808.21,23.12,3808.2,1.47,3808.46,15.16,3808.47,89.23
1753769578408,06:12:58.408,coincatch,ETH/USDT:USDT,3808.21,24.34,3808.2,1.47,3808.46,15.3,3808.47,89.23
1753769578555,06:12:58.555,coincatch,ETH/USDT:USDT,3808.21,24.34,3808.2,1.47,3808.46,15.3,3808.47,89.23
1753769578656,06:12:58.656,coincatch,ETH/USDT:USDT,3808.21,24.34,3808.2,1.47,3808.46,15.3,3808.47,89.23
1753769578761,06:12:58.761,coincatch,ETH/USDT:USDT,3808.21,20.29,3808.2,1.47,3808.46,15.3,3808.47,89.23
1753769578903,06:12:58.903,coincatch,ETH/USDT:USDT,3808.21,20.29,3808.2,1.47,3808.46,15.3,3808.47,89.23
1753769579104,06:12:59.104,coincatch,ETH/USDT:USDT,3808.21,22.78,3808.2,1.47,3808.46,14.07,3808.47,89.23
1753769579208,06:12:59.208,coincatch,ETH/USDT:USDT,3808.21,22.78,3808.2,1.47,3808.46,14.07,3808.47,89.23
1753769579359,06:12:59.359,coincatch,ETH/USDT:USDT,3808.21,22.78,3808.2,1.47,3808.46,14.07,3808.47,89.23
1753769579505,06:12:59.505,coincatch,ETH/USDT:USDT,3808.21,22.78,3808.2,1.47,3808.46,14.07,3808.47,89.23
1753769579606,06:12:59.606,coincatch,ETH/USDT:USDT,3808.21,22.78,3808.2,1.47,3808.46,9.1,3808.47,15.3
1753769579709,06:12:59.709,coincatch,ETH/USDT:USDT,3808.21,22.78,3808.2,1.47,3808.46,9.1,3808.47,15.3
1753769579821,06:12:59.821,coincatch,ETH/USDT:USDT,3808.21,22.61,3808.2,1.47,3808.46,9.1,3808.47,15.3
1753769579958,06:12:59.958,coincatch,ETH/USDT:USDT,3808.21,22.61,3808.2,1.47,3808.46,9.1,3808.47,15.3
1753769580059,06:13:00.059,coincatch,ETH/USDT:USDT,3808.21,22.61,3808.2,1.47,3808.46,9.1,3808.47,15.3
1753769580206,06:13:00.206,coincatch,ETH/USDT:USDT,3808.21,34.31,3808.2,1.47,3808.46,5.56,3808.47,4.13
1753769580309,06:13:00.309,coincatch,ETH/USDT:USDT,3808.21,34.31,3808.2,1.47,3808.46,5.56,3808.47,4.13
1753769580421,06:13:00.421,coincatch,ETH/USDT:USDT,3808.21,41.65,3808.2,1.47,3808.46,5.56,3808.47,4.13
1753769580560,06:13:00.560,coincatch,ETH/USDT:USDT,3808.21,41.65,3808.2,1.47,3808.46,5.56,3808.47,4.13
1753769580710,06:13:00.710,coincatch,ETH/USDT:USDT,3808.21,48.77,3808.2,1.47,3808.46,5.56,3808.47,4.13
1753769580860,06:13:00.860,coincatch,ETH/USDT:USDT,3808.21,48.77,3808.2,1.47,3808.46,5.56,3808.47,4.13
1753769581013,06:13:01.013,coincatch,ETH/USDT:USDT,3808.21,48.77,3808.2,1.47,3808.46,5.56,3808.47,4.13
1753769581160,06:13:01.160,coincatch,ETH/USDT:USDT,3808.21,48.77,3808.2,1.47,3808.46,5.56,3808.47,4.13
1753769581260,06:13:01.260,coincatch,ETH/USDT:USDT,3808.21,48.77,3808.2,1.47,3808.46,5.39,3808.47,4.13
1753769581367,06:13:01.367,coincatch,ETH/USDT:USDT,3808.21,48.77,3808.2,1.47,3808.46,5.39,3808.47,4.13
1753769581472,06:13:01.472,coincatch,ETH/USDT:USDT,3808.21,48.77,3808.2,1.47,3808.46,5.39,3808.47,4.13
1753769581575,06:13:01.575,coincatch,ETH/USDT:USDT,3808.21,26.42,3808.2,1.47,3808.46,14.92,3808.47,4.13
1753769581726,06:13:01.726,coincatch,ETH/USDT:USDT,3808.21,26.42,3808.2,1.47,3808.46,14.92,3808.47,4.13
1753769581873,06:13:01.873,coincatch,ETH/USDT:USDT,3808.21,24.58,3808.2,1.47,3808.46,9.05,3808.47,4.13
1753769581974,06:13:01.974,coincatch,ETH/USDT:USDT,3808.21,24.58,3808.2,1.47,3808.46,9.05,3808.47,4.13
1753769582075,06:13:02.075,coincatch,ETH/USDT:USDT,3808.21,35.19,3808.2,1.47,3808.46,5.51,3808.47,4.13
1753769582175,06:13:02.175,coincatch,ETH/USDT:USDT,3808.21,35.19,3808.2,1.47,3808.46,5.51,3808.47,4.13
1753769582276,06:13:02.276,coincatch,ETH/USDT:USDT,3808.21,35.19,3808.2,1.47,3808.46,5.51,3808.47,4.13
1753769582429,06:13:02.429,coincatch,ETH/USDT:USDT,3808.21,34.57,3808.2,1.73,3808.46,5.1,3808.47,4.13
1753769582573,06:13:02.573,coincatch,ETH/USDT:USDT,3808.21,34.57,3808.2,1.73,3808.46,5.1,3808.47,4.13
1753769582673,06:13:02.673,coincatch,ETH/USDT:USDT,3808.21,32.88,3808.2,1.73,3808.46,9.0,3808.47,4.13
1753769582782,06:13:02.782,coincatch,ETH/USDT:USDT,3808.21,32.88,3808.2,1.5,3808.46,9.0,3808.47,4.13
1753769582882,06:13:02.882,coincatch,ETH/USDT:USDT,3808.21,32.99,3808.2,1.5,3808.46,7.66,3808.47,4.13
1753769582985,06:13:02.985,coincatch,ETH/USDT:USDT,3808.21,32.99,3808.2,1.5,3808.46,7.66,3808.47,4.13
1753769583123,06:13:03.123,coincatch,ETH/USDT:USDT,3808.21,32.99,3808.2,1.5,3808.46,7.66,3808.47,4.13
1753769583234,06:13:03.234,coincatch,ETH/USDT:USDT,3808.21,30.68,3808.2,1.5,3808.46,8.44,3808.47,4.13
1753769583336,06:13:03.336,coincatch,ETH/USDT:USDT,3808.21,30.68,3808.2,1.5,3808.46,8.44,3808.47,4.13
1753769583635,06:13:03.635,coincatch,ETH/USDT:USDT,3808.21,4.93,3808.2,1.47,3808.46,11.52,3808.47,4.25
1753769583781,06:13:03.781,coincatch,ETH/USDT:USDT,3808.21,3.86,3808.2,1.47,3808.46,18.6,3808.47,4.25
1753769583883,06:13:03.883,coincatch,ETH/USDT:USDT,3808.16,3.84,3808.15,1.47,3808.46,18.6,3808.47,4.25
1753769583984,06:13:03.984,coincatch,ETH/USDT:USDT,3808.04,17.0,3808.03,9.78,3808.29,36.47,3808.3,75.5
1753769584086,06:13:04.086,coincatch,ETH/USDT:USDT,3808.04,17.0,3808.03,9.78,3808.29,36.47,3808.3,75.5
1753769584231,06:13:04.231,coincatch,ETH/USDT:USDT,3808.04,6.05,3808.03,6.2,3808.29,36.47,3808.3,75.5
1753769584335,06:13:04.335,coincatch,ETH/USDT:USDT,3808.04,6.05,3808.03,6.2,3808.29,38.1,3808.3,58.5
1753769584474,06:13:04.474,coincatch,ETH/USDT:USDT,3808.04,5.72,3808.03,6.64,3808.29,38.1,3808.3,58.5
1753769585089,06:13:05.089,coincatch,ETH/USDT:USDT,3808.0,6.47,3807.99,6.2,3808.29,34.78,3808.3,59.41
1753769585224,06:13:05.224,coincatch,ETH/USDT:USDT,3807.88,28.74,3807.87,59.36,3808.13,22.03,3808.14,12.76
1753769585336,06:13:05.336,coincatch,ETH/USDT:USDT,3807.88,28.74,3807.87,59.36,3808.13,22.03,3808.14,12.76
1753769585488,06:13:05.488,coincatch,ETH/USDT:USDT,3807.88,31.7,3807.87,59.36,3808.13,25.15,3808.14,8.52
1753769585637,06:13:05.637,coincatch,ETH/USDT:USDT,3807.88,31.7,3807.87,59.36,3808.13,25.15,3808.14,8.52
1753769585787,06:13:05.787,coincatch,ETH/USDT:USDT,3807.88,31.7,3807.87,59.36,3808.13,24.56,3808.14,2.26
1753769585887,06:13:05.887,coincatch,ETH/USDT:USDT,3807.88,33.7,3807.87,59.36,3808.13,24.56,3808.14,2.26
1753769586099,06:13:06.099,coincatch,ETH/USDT:USDT,3807.88,47.59,3807.87,59.36,3808.13,12.47,3808.14,1.0
1753769586236,06:13:06.236,coincatch,ETH/USDT:USDT,3807.88,51.98,3807.87,59.36,3808.13,12.47,3808.14,1.25
1753769586340,06:13:06.340,coincatch,ETH/USDT:USDT,3807.88,51.98,3807.87,59.36,3808.13,12.47,3808.14,1.25
1753769586488,06:13:06.488,coincatch,ETH/USDT:USDT,3807.88,50.75,3807.87,59.36,3808.13,12.47,3808.14,1.33
1753769586639,06:13:06.639,coincatch,ETH/USDT:USDT,3807.88,50.75,3807.87,59.36,3808.13,12.47,3808.14,1.33
1753769586787,06:13:06.787,coincatch,ETH/USDT:USDT,3807.88,50.75,3807.87,59.36,3808.13,11.2,3808.14,1.19
1753769586887,06:13:06.887,coincatch,ETH/USDT:USDT,3807.88,50.64,3807.87,59.36,3808.13,11.2,3808.14,1.13
1753769587030,06:13:07.030,coincatch,ETH/USDT:USDT,3807.88,50.64,3807.87,59.36,3808.13,11.2,3808.14,1.14
1753769587136,06:13:07.136,coincatch,ETH/USDT:USDT,3807.88,50.64,3807.87,59.36,3808.13,11.2,3808.14,1.43
1753769587239,06:13:07.239,coincatch,ETH/USDT:USDT,3807.88,50.64,3807.87,59.36,3808.13,11.2,3808.14,1.0
1753769587339,06:13:07.339,coincatch,ETH/USDT:USDT,3807.88,45.68,3807.87,59.36,3808.13,12.41,3808.14,1.29
1753769587465,06:13:07.465,coincatch,ETH/USDT:USDT,3807.88,45.68,3807.87,59.36,3808.13,12.41,3808.14,1.29
1753769587686,06:13:07.686,coincatch,ETH/USDT:USDT,3807.88,29.18,3807.87,59.36,3808.13,12.65,3808.14,1.38
1753769587788,06:13:07.788,coincatch,ETH/USDT:USDT,3807.88,29.18,3807.87,59.36,3808.13,12.65,3808.14,1.17
1753769587888,06:13:07.888,coincatch,ETH/USDT:USDT,3807.88,31.79,3807.87,59.36,3808.13,12.65,3808.14,1.17
1753769587988,06:13:07.988,coincatch,ETH/USDT:USDT,3807.88,31.79,3807.87,59.36,3808.13,12.65,3808.14,1.23
1753769588124,06:13:08.124,coincatch,ETH/USDT:USDT,3807.88,31.79,3807.87,59.36,3808.13,12.65,3808.14,1.36
1753769588231,06:13:08.231,coincatch,ETH/USDT:USDT,3807.88,23.59,3807.87,59.36,3808.13,13.21,3808.14,1.15
1753769588340,06:13:08.340,coincatch,ETH/USDT:USDT,3807.88,23.59,3807.87,59.36,3808.13,13.21,3808.14,1.18
1753769588441,06:13:08.441,coincatch,ETH/USDT:USDT,3807.88,34.26,3807.87,59.36,3808.13,13.21,3808.14,1.18
1753769588591,06:13:08.591,coincatch,ETH/USDT:USDT,3807.88,34.26,3807.87,59.36,3808.13,13.21,3808.14,1.34
1753769588692,06:13:08.692,coincatch,ETH/USDT:USDT,3807.88,23.69,3807.87,38.34,3808.13,13.21,3808.14,1.34
1753769588831,06:13:08.831,coincatch,ETH/USDT:USDT,3807.88,30.81,3807.87,38.34,3808.13,13.21,3808.14,1.12
1753769588940,06:13:08.940,coincatch,ETH/USDT:USDT,3807.88,30.81,3807.87,38.34,3808.13,13.21,3808.14,1.48
1753769589041,06:13:09.041,coincatch,ETH/USDT:USDT,3807.88,25.82,3807.87,38.34,3808.13,13.21,3808.14,1.21
1753769589145,06:13:09.145,coincatch,ETH/USDT:USDT,3807.88,25.82,3807.87,38.34,3808.13,13.21,3808.14,1.44
1753769589283,06:13:09.283,coincatch,ETH/USDT:USDT,3807.88,25.82,3807.87,38.34,3808.13,13.21,3808.14,1.03
1753769589392,06:13:09.392,coincatch,ETH/USDT:USDT,3807.88,25.82,3807.87,38.34,3808.13,11.92,3808.14,1.01
1753769589492,06:13:09.492,coincatch,ETH/USDT:USDT,3807.88,25.82,3807.87,38.34,3808.13,11.92,3808.14,1.16
1753769589631,06:13:09.631,coincatch,ETH/USDT:USDT,3807.88,25.82,3807.87,39.08,3808.13,11.69,3808.14,1.03
1753769589732,06:13:09.732,coincatch,ETH/USDT:USDT,3807.88,25.82,3807.87,39.08,3808.13,11.69,3808.14,1.38
1753769589843,06:13:09.843,coincatch,ETH/USDT:USDT,3807.88,25.82,3807.87,38.34,3808.13,11.98,3808.14,1.5
1753769589944,06:13:09.944,coincatch,ETH/USDT:USDT,3807.88,25.82,3807.87,38.34,3808.13,11.98,3808.14,1.25
1753769590092,06:13:10.092,coincatch,ETH/USDT:USDT,3807.88,25.82,3807.87,38.34,3808.13,11.98,3808.14,1.1
1753769590194,06:13:10.194,coincatch,ETH/USDT:USDT,3807.88,25.82,3807.87,38.34,3808.13,11.98,3808.14,1.07
1753769590294,06:13:10.294,coincatch,ETH/USDT:USDT,3807.88,25.82,3807.87,38.34,3808.13,11.98,3808.14,1.04
1753769590441,06:13:10.441,coincatch,ETH/USDT:USDT,3807.88,25.82,3807.87,38.34,3808.13,11.66,3808.14,1.33
1753769590642,06:13:10.642,coincatch,ETH/USDT:USDT,3807.88,24.7,3807.87,38.34,3808.13,11.66,3808.14,1.02
1753769590745,06:13:10.745,coincatch,ETH/USDT:USDT,3807.88,28.13,3807.87,38.34,3808.13,11.66,3808.14,1.3
1753769590846,06:13:10.846,coincatch,ETH/USDT:USDT,3807.88,28.13,3807.87,38.34,3808.13,11.66,3808.14,1.47
1753769590993,06:13:10.993,coincatch,ETH/USDT:USDT,3807.88,40.1,3807.87,38.34,3808.13,10.21,3808.14,1.27
1753769591094,06:13:11.094,coincatch,ETH/USDT:USDT,3807.88,40.1,3807.87,38.34,3808.13,10.21,3808.14,1.27
1753769591200,06:13:11.200,coincatch,ETH/USDT:USDT,3807.88,39.65,3807.87,38.34,3808.13,10.21,3808.14,1.4
1753769591345,06:13:11.345,coincatch,ETH/USDT:USDT,3807.88,25.93,3807.87,38.34,3808.13,11.47,3808.14,1.21
1753769591445,06:13:11.445,coincatch,ETH/USDT:USDT,3807.88,25.93,3807.87,38.34,3808.13,11.47,3808.14,1.43
1753769591546,06:13:11.546,coincatch,ETH/USDT:USDT,3807.88,16.16,3807.87,38.34,3808.13,4.81,3808.14,1.01
1753769591684,06:13:11.684,coincatch,ETH/USDT:USDT,3807.88,16.16,3807.87,38.34,3808.13,4.81,3808.14,1.48
1753769591794,06:13:11.794,coincatch,ETH/USDT:USDT,3807.88,35.68,3807.87,38.34,3808.13,8.5,3808.14,1.27
1753769591898,06:13:11.898,coincatch,ETH/USDT:USDT,3807.88,35.68,3807.87,38.34,3808.13,8.5,3808.14,1.11
1753769592144,06:13:12.144,coincatch,ETH/USDT:USDT,3807.88,35.68,3807.87,38.97,3808.13,5.83,3808.14,1.28
1753769592245,06:13:12.245,coincatch,ETH/USDT:USDT,3807.88,35.68,3807.87,38.29,3808.13,5.83,3808.14,1.11
1753769592347,06:13:12.347,coincatch,ETH/USDT:USDT,3807.88,41.06,3807.87,38.29,3808.13,4.96,3808.14,1.16
1753769592458,06:13:12.458,coincatch,ETH/USDT:USDT,3807.88,41.06,3807.87,43.95,3808.13,4.96,3808.14,1.28
1753769592584,06:13:12.584,coincatch,ETH/USDT:USDT,3807.88,41.06,3807.87,55.29,3808.13,4.96,3808.14,1.05
1753769592696,06:13:12.696,coincatch,ETH/USDT:USDT,3807.88,28.46,3807.87,38.29,3808.13,6.44,3808.14,1.25
1753769592994,06:13:12.994,coincatch,ETH/USDT:USDT,3807.88,27.56,3807.87,38.29,3808.13,6.44,3808.14,1.37
1753769593098,06:13:13.098,coincatch,ETH/USDT:USDT,3807.88,27.56,3807.87,38.29,3808.13,6.44,3808.14,1.37
1753769593198,06:13:13.198,coincatch,ETH/USDT:USDT,3807.88,40.5,3807.87,38.29,3808.13,4.99,3808.14,1.04
1753769593335,06:13:13.335,coincatch,ETH/USDT:USDT,3807.88,40.5,3807.87,38.29,3808.13,4.99,3808.14,1.41
1753769593696,06:13:13.696,coincatch,ETH/USDT:USDT,3807.6,28.5,3807.59,35.89,3808.13,9.75,3808.14,1.33
1753769593899,06:13:13.899,coincatch,ETH/USDT:USDT,3807.48,108.51,3807.47,49.68,3807.73,11.32,3807.74,4.93
1753769593999,06:13:13.999,coincatch,ETH/USDT:USDT,3807.48,106.69,3807.47,3.66,3807.73,6.79,3807.74,4.93
1753769594099,06:13:14.099,coincatch,ETH/USDT:USDT,3807.48,106.69,3807.47,41.81,3807.73,6.79,3807.74,4.93
1753769594235,06:13:14.235,coincatch,ETH/USDT:USDT,3807.48,106.23,3807.47,41.81,3807.73,6.79,3807.74,4.93
1753769594349,06:13:14.349,coincatch,ETH/USDT:USDT,3807.48,106.23,3807.47,27.88,3807.73,6.99,3807.74,1.11
1753769594497,06:13:14.497,coincatch,ETH/USDT:USDT,3807.48,106.23,3807.47,27.88,3807.73,6.99,3807.74,1.13
1753769594598,06:13:14.598,coincatch,ETH/USDT:USDT,3807.48,106.23,3807.47,27.88,3807.73,6.99,3807.74,1.5
1753769594747,06:13:14.747,coincatch,ETH/USDT:USDT,3807.48,106.23,3807.47,27.88,3807.73,6.99,3807.74,1.44
1753769594848,06:13:14.848,coincatch,ETH/USDT:USDT,3807.48,105.23,3807.47,27.88,3807.73,8.76,3807.74,1.16
1753769594949,06:13:14.949,coincatch,ETH/USDT:USDT,3807.48,106.98,3807.47,27.88,3807.73,8.76,3807.74,1.36
1753769595099,06:13:15.099,coincatch,ETH/USDT:USDT,3807.48,89.53,3807.47,27.88,3807.73,9.12,3807.74,1.01
1753769595245,06:13:15.245,coincatch,ETH/USDT:USDT,3807.48,89.53,3807.47,18.32,3807.73,9.12,3807.74,1.44
1753769595498,06:13:15.498,coincatch,ETH/USDT:USDT,3807.48,88.73,3807.47,18.32,3807.73,9.68,3807.74,1.3
1753769595652,06:13:15.652,coincatch,ETH/USDT:USDT,3807.48,88.73,3807.47,18.32,3807.73,9.68,3807.74,1.07
1753769596036,06:13:16.036,coincatch,ETH/USDT:USDT,3807.48,94.96,3807.47,18.32,3807.73,10.52,3807.74,1.12
1753769596146,06:13:16.146,coincatch,ETH/USDT:USDT,3807.48,94.96,3807.47,13.86,3807.73,10.52,3807.74,1.12
1753769596249,06:13:16.249,coincatch,ETH/USDT:USDT,3807.48,96.58,3807.47,13.86,3807.73,10.52,3807.74,2.23
1753769596398,06:13:16.398,coincatch,ETH/USDT:USDT,3807.48,96.58,3807.47,13.86,3807.73,10.52,3807.74,2.23
1753769596499,06:13:16.499,coincatch,ETH/USDT:USDT,3807.48,97.94,3807.47,13.86,3807.73,9.93,3807.74,2.23
1753769596601,06:13:16.601,coincatch,ETH/USDT:USDT,3807.48,97.94,3807.47,13.86,3807.73,9.93,3807.74,2.23
1753769596749,06:13:16.749,coincatch,ETH/USDT:USDT,3807.48,97.94,3807.47,18.83,3807.73,9.93,3807.74,2.23
1753769596850,06:13:16.850,coincatch,ETH/USDT:USDT,3807.48,96.95,3807.47,18.83,3807.73,9.93,3807.74,2.23
1753769597001,06:13:17.001,coincatch,ETH/USDT:USDT,3807.48,96.95,3807.47,18.83,3807.73,9.93,3807.74,2.23
1753769597146,06:13:17.146,coincatch,ETH/USDT:USDT,3807.48,101.79,3807.47,18.83,3807.73,9.93,3807.74,2.23
1753769597247,06:13:17.247,coincatch,ETH/USDT:USDT,3807.48,101.79,3807.47,18.83,3807.73,9.93,3807.74,2.23
1753769597387,06:13:17.387,coincatch,ETH/USDT:USDT,3807.48,102.49,3807.47,18.83,3807.73,9.65,3807.74,2.23
1753769597502,06:13:17.502,coincatch,ETH/USDT:USDT,3807.48,102.49,3807.47,18.83,3807.73,9.65,3807.74,2.23
1753769597650,06:13:17.650,coincatch,ETH/USDT:USDT,3807.48,93.84,3807.47,19.16,3807.73,9.65,3807.74,2.23
1753769597753,06:13:17.753,coincatch,ETH/USDT:USDT,3807.48,93.84,3807.47,19.16,3807.73,9.65,3807.74,2.23
1753769597853,06:13:17.853,coincatch,ETH/USDT:USDT,3807.48,93.84,3807.47,14.19,3807.73,9.65,3807.74,2.23
1753769597988,06:13:17.988,coincatch,ETH/USDT:USDT,3807.48,92.62,3807.47,14.19,3807.73,9.65,3807.74,2.23
1753769598102,06:13:18.102,coincatch,ETH/USDT:USDT,3807.48,92.62,3807.47,14.19,3807.73,9.65,3807.74,2.23
1753769598352,06:13:18.352,coincatch,ETH/USDT:USDT,3807.48,98.17,3807.47,14.19,3807.73,9.12,3807.74,2.23
1753769598456,06:13:18.456,coincatch,ETH/USDT:USDT,3807.48,92.63,3807.47,14.19,3807.73,9.96,3807.74,2.23
1753769598588,06:13:18.588,coincatch,ETH/USDT:USDT,3807.48,92.63,3807.47,13.85,3807.73,9.96,3807.74,2.23
1753769598701,06:13:18.701,coincatch,ETH/USDT:USDT,3807.48,92.63,3807.47,13.85,3807.73,9.96,3807.74,2.23
1753769598850,06:13:18.850,coincatch,ETH/USDT:USDT,3807.48,88.41,3807.47,13.85,3807.73,12.75,3807.74,2.23
1753769598951,06:13:18.951,coincatch,ETH/USDT:USDT,3807.48,88.41,3807.47,13.85,3807.73,12.75,3807.74,2.23
1753769599152,06:13:19.152,coincatch,ETH/USDT:USDT,3807.48,88.41,3807.47,13.85,3807.73,12.75,3807.74,2.23
1753769599303,06:13:19.303,coincatch,ETH/USDT:USDT,3807.48,88.41,3807.47,13.85,3807.73,12.47,3807.74,2.23
1753769599451,06:13:19.451,coincatch,ETH/USDT:USDT,3807.48,88.41,3807.47,13.85,3807.73,12.47,3807.74,2.23
1753769599551,06:13:19.551,coincatch,ETH/USDT:USDT,3807.48,88.41,3807.47,13.85,3807.73,12.47,3807.74,2.23
1753769599651,06:13:19.651,coincatch,ETH/USDT:USDT,3807.48,88.41,3807.47,13.85,3807.73,12.47,3807.74,2.23
1753769599901,06:13:19.901,coincatch,ETH/USDT:USDT,3807.48,88.41,3807.47,14.19,3807.73,12.47,3807.74,2.23
1753769600001,06:13:20.001,coincatch,ETH/USDT:USDT,3807.48,88.41,3807.47,14.19,3807.73,12.47,3807.74,2.23
1753769600103,06:13:20.103,coincatch,ETH/USDT:USDT,3807.48,88.41,3807.47,14.19,3807.73,12.47,3807.74,2.23
1753769600205,06:13:20.205,coincatch,ETH/USDT:USDT,3807.48,89.03,3807.47,14.19,3807.73,10.38,3807.74,2.23
1753769600411,06:13:20.411,coincatch,ETH/USDT:USDT,3807.48,98.89,3807.47,11.91,3807.73,12.89,3807.74,2.23
1753769600659,06:13:20.659,coincatch,ETH/USDT:USDT,3807.48,99.63,3807.47,11.57,3807.73,12.89,3807.74,2.23
1753769600760,06:13:20.760,coincatch,ETH/USDT:USDT,3807.48,100.43,3807.47,11.57,3807.73,12.89,3807.74,2.23
1753769601001,06:13:21.001,coincatch,ETH/USDT:USDT,3807.48,82.4,3807.47,11.57,3807.73,17.52,3807.74,2.23
1753769601110,06:13:21.110,coincatch,ETH/USDT:USDT,3807.48,82.4,3807.47,11.57,3807.73,17.52,3807.74,2.23
1753769601364,06:13:21.364,coincatch,ETH/USDT:USDT,3807.48,82.4,3807.47,11.57,3807.73,17.52,3807.74,2.23
1753769601910,06:13:21.910,coincatch,ETH/USDT:USDT,3807.48,71.74,3807.47,11.57,3807.73,19.56,3807.74,2.23
1753769602012,06:13:22.012,coincatch,ETH/USDT:USDT,3807.48,71.74,3807.47,11.57,3807.73,19.56,3807.74,2.23
1753769602263,06:13:22.263,coincatch,ETH/USDT:USDT,3807.19,14.14,3807.18,11.57,3807.73,19.44,3807.74,2.23
1753769602561,06:13:22.561,coincatch,ETH/USDT:USDT,3807.07,34.41,3807.06,1.77,3807.32,19.19,3807.33,1.38
1753769602711,06:13:22.711,coincatch,ETH/USDT:USDT,3807.07,34.26,3807.06,1.04,3807.32,21.47,3807.33,2.24
1753769602813,06:13:22.813,coincatch,ETH/USDT:USDT,3807.07,34.26,3807.06,1.2,3807.32,21.47,3807.33,2.24
1753769602953,06:13:22.953,coincatch,ETH/USDT:USDT,3807.07,31.03,3807.06,1.37,3807.32,22.26,3807.33,2.24
1753769603231,06:13:23.231,coincatch,ETH/USDT:USDT,3807.07,31.03,3807.06,1.39,3807.32,22.26,3807.33,2.24
1753769603403,06:13:23.403,coincatch,ETH/USDT:USDT,3807.07,31.89,3807.06,1.26,3807.32,22.26,3807.33,2.24
1753769603517,06:13:23.517,coincatch,ETH/USDT:USDT,3807.07,49.08,3807.06,1.34,3807.32,15.43,3807.33,1.2
1753769603704,06:13:23.704,coincatch,ETH/USDT:USDT,3807.07,49.08,3807.06,1.34,3807.32,15.43,3807.33,1.02
1753769603854,06:13:23.854,coincatch,ETH/USDT:USDT,3807.07,49.08,3807.06,1.34,3807.32,15.43,3807.33,1.22
1753769603968,06:13:23.968,coincatch,ETH/USDT:USDT,3807.07,48.67,3807.06,1.22,3807.32,14.2,3807.33,1.17
1753769604114,06:13:24.114,coincatch,ETH/USDT:USDT,3807.07,49.35,3807.06,1.3,3807.32,14.2,3807.33,1.29
1753769604315,06:13:24.315,coincatch,ETH/USDT:USDT,3807.07,48.65,3807.06,1.01,3807.32,14.2,3807.33,1.14
1753769604416,06:13:24.416,coincatch,ETH/USDT:USDT,3807.07,48.65,3807.06,1.03,3807.32,14.2,3807.33,1.36
1753769604668,06:13:24.668,coincatch,ETH/USDT:USDT,3807.07,48.65,3807.06,1.36,3807.32,14.2,3807.33,1.25
1753769604768,06:13:24.768,coincatch,ETH/USDT:USDT,3807.07,48.65,3807.06,1.21,3807.32,14.2,3807.33,1.25
1753769604870,06:13:24.870,coincatch,ETH/USDT:USDT,3807.07,44.13,3807.06,1.44,3807.32,14.2,3807.33,1.01
1753769604970,06:13:24.970,coincatch,ETH/USDT:USDT,3807.07,44.13,3807.06,1.03,3807.32,14.2,3807.33,1.33
1753769605119,06:13:25.119,coincatch,ETH/USDT:USDT,3807.07,44.13,3807.06,1.46,3807.32,14.2,3807.33,1.35
1753769605236,06:13:25.236,coincatch,ETH/USDT:USDT,3807.07,40.49,3807.06,1.17,3807.32,14.2,3807.33,1.05
1753769605355,06:13:25.355,coincatch,ETH/USDT:USDT,3807.07,40.49,3807.06,1.17,3807.32,14.2,3807.33,1.06
1753769605468,06:13:25.468,coincatch,ETH/USDT:USDT,3807.07,44.58,3807.06,1.18,3807.32,14.2,3807.33,1.13
1753769605617,06:13:25.617,coincatch,ETH/USDT:USDT,3807.07,44.58,3807.06,1.15,3807.32,14.2,3807.33,1.05
1753769605767,06:13:25.767,coincatch,ETH/USDT:USDT,3807.07,48.0,3807.06,1.37,3807.32,14.2,3807.33,1.43
1753769605870,06:13:25.870,coincatch,ETH/USDT:USDT,3807.07,48.0,3807.06,1.1,3807.32,14.2,3807.33,1.05
1753769605971,06:13:25.971,coincatch,ETH/USDT:USDT,3807.07,48.49,3807.06,1.41,3807.32,13.55,3807.33,1.05
1753769606106,06:13:26.106,coincatch,ETH/USDT:USDT,3807.07,48.49,3807.06,1.16,3807.32,13.55,3807.33,1.23
1753769606219,06:13:26.219,coincatch,ETH/USDT:USDT,3807.07,48.49,3807.06,1.15,3807.32,13.55,3807.33,1.39
1753769606323,06:13:26.323,coincatch,ETH/USDT:USDT,3807.07,48.49,3807.06,1.47,3807.32,11.71,3807.33,1.06
1753769606475,06:13:26.475,coincatch,ETH/USDT:USDT,3807.07,48.49,3807.06,1.03,3807.32,11.71,3807.33,1.07
1753769606723,06:13:26.723,coincatch,ETH/USDT:USDT,3807.07,69.43,3807.06,32.29,3807.32,10.72,3807.33,1.1
1753769606823,06:13:26.823,coincatch,ETH/USDT:USDT,3807.07,71.12,3807.06,32.29,3807.32,9.84,3807.33,1.42
1753769606923,06:13:26.923,coincatch,ETH/USDT:USDT,3807.07,71.12,3807.06,32.29,3807.32,9.84,3807.33,1.18
1753769607070,06:13:27.070,coincatch,ETH/USDT:USDT,3807.07,79.67,3807.06,32.29,3807.32,10.26,3807.33,1.19
1753769607172,06:13:27.172,coincatch,ETH/USDT:USDT,3807.07,79.67,3807.06,32.29,3807.32,10.26,3807.33,1.19
1753769607423,06:13:27.423,coincatch,ETH/USDT:USDT,3807.07,79.27,3807.06,32.29,3807.32,10.26,3807.33,1.07
1753769607556,06:13:27.556,coincatch,ETH/USDT:USDT,3807.07,79.27,3807.06,32.29,3807.32,10.26,3807.33,1.44
1753769607671,06:13:27.671,coincatch,ETH/USDT:USDT,3807.07,79.27,3807.06,32.46,3807.32,7.91,3807.33,1.33
1753769607823,06:13:27.823,coincatch,ETH/USDT:USDT,3807.07,79.27,3807.06,32.46,3807.32,7.91,3807.33,1.46
1753769607971,06:13:27.971,coincatch,ETH/USDT:USDT,3807.07,79.27,3807.06,32.46,3807.32,7.91,3807.33,1.35
1753769608073,06:13:28.073,coincatch,ETH/USDT:USDT,3807.07,79.27,3807.06,32.46,3807.32,7.91,3807.33,1.07
1753769608321,06:13:28.321,coincatch,ETH/USDT:USDT,3807.07,79.27,3807.06,32.46,3807.32,7.91,3807.33,1.32
1753769608422,06:13:28.422,coincatch,ETH/USDT:USDT,3807.07,79.27,3807.06,32.46,3807.32,7.91,3807.33,1.28
1753769608522,06:13:28.522,coincatch,ETH/USDT:USDT,3807.07,78.14,3807.06,32.46,3807.32,8.23,3807.33,1.28
1753769608622,06:13:28.622,coincatch,ETH/USDT:USDT,3807.07,78.14,3807.06,32.46,3807.32,8.23,3807.33,1.46
1753769608724,06:13:28.724,coincatch,ETH/USDT:USDT,3807.07,78.14,3807.06,32.46,3807.32,8.23,3807.33,1.15
1753769608873,06:13:28.873,coincatch,ETH/USDT:USDT,3807.07,59.69,3807.06,6.31,3807.32,8.02,3807.33,1.43
1753769608975,06:13:28.975,coincatch,ETH/USDT:USDT,3807.07,59.69,3807.06,6.31,3807.32,8.02,3807.33,1.01
1753769609076,06:13:29.076,coincatch,ETH/USDT:USDT,3807.07,55.23,3807.06,1.38,3807.32,8.51,3807.33,1.39
1753769609227,06:13:29.227,coincatch,ETH/USDT:USDT,3807.07,55.23,3807.06,1.44,3807.32,8.51,3807.33,1.23
1753769609376,06:13:29.376,coincatch,ETH/USDT:USDT,3807.07,55.43,3807.06,1.09,3807.32,8.15,3807.33,1.04
1753769609476,06:13:29.476,coincatch,ETH/USDT:USDT,3807.07,55.43,3807.06,1.17,3807.32,8.15,3807.33,1.25
1753769609826,06:13:29.826,coincatch,ETH/USDT:USDT,3807.07,53.46,3807.06,1.03,3807.32,7.85,3807.33,1.27
1753769609927,06:13:29.927,coincatch,ETH/USDT:USDT,3807.07,53.62,3807.06,1.31,3807.32,7.98,3807.33,1.27
1753769610077,06:13:30.077,coincatch,ETH/USDT:USDT,3807.07,53.62,3807.06,1.01,3807.32,7.98,3807.33,1.01
1753769610227,06:13:30.227,coincatch,ETH/USDT:USDT,3807.07,53.62,3807.06,1.32,3807.32,7.98,3807.33,1.02
1753769610327,06:13:30.327,coincatch,ETH/USDT:USDT,3807.07,53.62,3807.06,1.35,3807.32,7.98,3807.33,1.26
1753769610459,06:13:30.459,coincatch,ETH/USDT:USDT,3807.07,54.33,3807.06,1.3,3807.32,7.98,3807.33,1.38
1753769610576,06:13:30.576,coincatch,ETH/USDT:USDT,3807.07,54.33,3807.06,1.26,3807.32,7.98,3807.33,1.41
1753769610676,06:13:30.676,coincatch,ETH/USDT:USDT,3807.07,54.33,3807.06,1.26,3807.39,7.99,3807.4,1.22
1753769611028,06:13:31.028,coincatch,ETH/USDT:USDT,3807.78,14.04,3807.77,22.43,3808.03,11.11,3808.05,1.49
1753769611176,06:13:31.176,coincatch,ETH/USDT:USDT,3807.78,13.03,3807.77,29.44,3808.03,11.11,3808.05,1.03
1753769611278,06:13:31.278,coincatch,ETH/USDT:USDT,3807.78,10.4,3807.77,29.44,3808.03,11.63,3808.05,1.12
1753769611379,06:13:31.379,coincatch,ETH/USDT:USDT,3807.78,10.4,3807.77,16.56,3808.03,11.63,3808.05,1.48
1753769611629,06:13:31.629,coincatch,ETH/USDT:USDT,3807.78,18.15,3807.77,15.79,3808.03,8.39,3808.05,1.22
1753769611731,06:13:31.731,coincatch,ETH/USDT:USDT,3807.78,18.15,3807.77,15.79,3808.03,8.39,3808.05,1.47
1753769611880,06:13:31.880,coincatch,ETH/USDT:USDT,3807.78,27.59,3807.77,15.79,3808.03,9.61,3808.04,1.09
1753769611981,06:13:31.981,coincatch,ETH/USDT:USDT,3807.78,27.59,3807.77,15.79,3808.03,9.61,3808.04,1.09
1753769612227,06:13:32.227,coincatch,ETH/USDT:USDT,3807.78,26.93,3807.77,17.79,3808.03,9.61,3808.04,1.27
1753769612379,06:13:32.379,coincatch,ETH/USDT:USDT,3807.78,26.93,3807.77,15.79,3808.03,9.61,3808.04,1.46
1753769612528,06:13:32.528,coincatch,ETH/USDT:USDT,3807.78,26.93,3807.77,15.79,3808.03,9.61,3808.04,1.46
1753769612628,06:13:32.628,coincatch,ETH/USDT:USDT,3807.78,27.91,3807.77,16.47,3808.03,9.61,3808.04,1.07
1753769612830,06:13:32.830,coincatch,ETH/USDT:USDT,3807.78,13.59,3807.77,16.47,3808.03,9.88,3808.04,1.3
1753769612931,06:13:32.931,coincatch,ETH/USDT:USDT,3807.78,23.23,3807.77,15.79,3808.03,9.88,3808.04,1.23
1753769613031,06:13:33.031,coincatch,ETH/USDT:USDT,3807.78,23.23,3807.77,15.79,3808.03,9.88,3808.04,1.18
1753769613131,06:13:33.131,coincatch,ETH/USDT:USDT,3807.78,23.23,3807.77,15.79,3808.03,9.88,3808.04,1.18
1753769613279,06:13:33.279,coincatch,ETH/USDT:USDT,3807.78,28.36,3807.77,15.79,3808.03,8.94,3808.04,1.11
1753769613382,06:13:33.382,coincatch,ETH/USDT:USDT,3807.78,28.36,3807.77,15.79,3808.03,8.94,3808.04,1.11
1753769613530,06:13:33.530,coincatch,ETH/USDT:USDT,3807.78,27.86,3807.77,15.79,3808.03,10.16,3808.04,1.29
1753769613631,06:13:33.631,coincatch,ETH/USDT:USDT,3807.78,26.88,3807.77,15.79,3808.03,10.16,3808.04,1.43
1753769613732,06:13:33.732,coincatch,ETH/USDT:USDT,3807.78,26.88,3807.77,15.79,3808.03,10.16,3808.04,1.17
1753769613833,06:13:33.833,coincatch,ETH/USDT:USDT,3807.78,27.58,3807.77,15.79,3808.03,10.16,3808.04,1.02
1753769613982,06:13:33.982,coincatch,ETH/USDT:USDT,3807.78,28.42,3807.77,15.79,3808.03,10.16,3808.04,1.15
1753769614082,06:13:34.082,coincatch,ETH/USDT:USDT,3807.78,19.86,3807.77,15.79,3808.03,10.59,3808.04,1.16
1753769614183,06:13:34.183,coincatch,ETH/USDT:USDT,3807.78,18.86,3807.77,15.79,3808.03,10.59,3808.04,1.33
1753769614283,06:13:34.283,coincatch,ETH/USDT:USDT,3807.78,18.86,3807.77,15.79,3808.03,10.59,3808.04,1.33
1753769614513,06:13:34.513,coincatch,ETH/USDT:USDT,3807.72,19.17,3807.71,15.78,3808.03,10.75,3808.04,1.16
1753769615035,06:13:35.035,coincatch,ETH/USDT:USDT,3807.48,19.41,3807.47,27.04,3807.73,13.05,3807.75,1.17
1753769615184,06:13:35.184,coincatch,ETH/USDT:USDT,3807.48,35.34,3807.47,27.04,3807.73,2.39,3807.75,1.13
1753769615293,06:13:35.293,coincatch,ETH/USDT:USDT,3807.48,35.34,3807.47,27.04,3807.73,2.39,3807.75,1.45
1753769615413,06:13:35.413,coincatch,ETH/USDT:USDT,3807.48,36.6,3807.47,16.6,3807.73,2.39,3807.75,1.45
1753769615534,06:13:35.534,coincatch,ETH/USDT:USDT,3807.48,38.98,3807.47,27.93,3807.73,2.53,3807.75,1.15
1753769615683,06:13:35.683,coincatch,ETH/USDT:USDT,3807.48,38.98,3807.47,27.93,3807.73,2.53,3807.75,1.15
1753769615836,06:13:35.836,coincatch,ETH/USDT:USDT,3807.48,24.3,3807.47,27.93,3807.73,3.52,3807.75,1.43
1753769615936,06:13:35.936,coincatch,ETH/USDT:USDT,3807.48,24.3,3807.47,27.93,3807.73,3.52,3807.75,1.22
1753769616039,06:13:36.039,coincatch,ETH/USDT:USDT,3807.48,12.12,3807.47,16.6,3807.73,7.92,3807.75,1.28
1753769616164,06:13:36.164,coincatch,ETH/USDT:USDT,3807.48,12.12,3807.47,16.15,3807.73,7.92,3807.75,1.28
1753769616287,06:13:36.287,coincatch,ETH/USDT:USDT,3807.48,21.74,3807.47,16.15,3807.73,3.16,3807.75,1.28
1753769616436,06:13:36.436,coincatch,ETH/USDT:USDT,3807.48,21.74,3807.47,16.15,3807.73,3.16,3807.75,1.29
1753769616586,06:13:36.586,coincatch,ETH/USDT:USDT,3807.48,30.66,3807.47,37.26,3807.73,1.59,3807.75,1.1
1753769616687,06:13:36.687,coincatch,ETH/USDT:USDT,3807.48,30.66,3807.47,37.26,3807.73,1.59,3807.75,1.37
1753769616936,06:13:36.936,coincatch,ETH/USDT:USDT,3807.48,38.16,3807.47,37.26,3807.73,1.16,3807.75,1.22
1753769617037,06:13:37.037,coincatch,ETH/USDT:USDT,3807.48,38.16,3807.47,37.26,3807.73,1.16,3807.75,1.44
1753769617189,06:13:37.189,coincatch,ETH/USDT:USDT,3807.48,37.59,3807.47,39.47,3807.73,1.16,3807.75,1.1
1753769617319,06:13:37.319,coincatch,ETH/USDT:USDT,3807.48,37.59,3807.47,18.36,3807.73,1.16,3807.75,1.43
1753769617585,06:13:37.585,coincatch,ETH/USDT:USDT,3807.48,41.72,3807.47,31.46,3807.73,1.28,3807.75,1.01
1753769617686,06:13:37.686,coincatch,ETH/USDT:USDT,3807.48,41.6,3807.47,27.04,3807.73,1.28,3807.75,1.27
1753769617789,06:13:37.789,coincatch,ETH/USDT:USDT,3807.48,52.28,3807.47,27.04,3807.73,1.28,3807.75,1.09
1753769617889,06:13:37.889,coincatch,ETH/USDT:USDT,3807.48,52.28,3807.47,27.04,3807.73,1.28,3807.75,1.28
1753769618136,06:13:38.136,coincatch,ETH/USDT:USDT,3807.48,36.38,3807.47,27.04,3807.73,1.28,3807.75,1.27
1753769618265,06:13:38.265,coincatch,ETH/USDT:USDT,3807.48,13.17,3807.47,27.04,3807.73,6.5,3807.75,1.0
1753769618388,06:13:38.388,coincatch,ETH/USDT:USDT,3807.48,13.17,3807.47,27.04,3807.73,6.5,3807.75,1.19
1753769618499,06:13:38.499,coincatch,ETH/USDT:USDT,3807.48,10.79,3807.47,27.04,3807.73,6.5,3807.75,1.39
1753769618638,06:13:38.638,coincatch,ETH/USDT:USDT,3807.48,10.79,3807.47,27.04,3807.73,6.5,3807.75,1.38
1753769618738,06:13:38.738,coincatch,ETH/USDT:USDT,3807.48,10.79,3807.47,27.04,3807.73,6.5,3807.75,1.24
1753769618838,06:13:38.838,coincatch,ETH/USDT:USDT,3807.48,17.17,3807.47,27.04,3807.73,4.44,3807.75,1.3
1753769618939,06:13:38.939,coincatch,ETH/USDT:USDT,3807.48,17.17,3807.47,27.04,3807.73,4.44,3807.75,1.01
1753769619086,06:13:39.086,coincatch,ETH/USDT:USDT,3807.48,21.93,3807.47,27.04,3807.73,1.96,3807.75,1.06
1753769619186,06:13:39.186,coincatch,ETH/USDT:USDT,3807.48,21.93,3807.47,27.04,3807.73,1.96,3807.75,1.36
1753769619286,06:13:39.286,coincatch,ETH/USDT:USDT,3807.48,21.93,3807.47,27.04,3807.73,1.96,3807.75,1.31
1753769619388,06:13:39.388,coincatch,ETH/USDT:USDT,3807.48,36.12,3807.47,27.04,3807.73,1.49,3807.75,1.15
1753769619489,06:13:39.489,coincatch,ETH/USDT:USDT,3807.48,36.12,3807.47,27.04,3807.73,1.49,3807.75,1.04
1753769619592,06:13:39.592,coincatch,ETH/USDT:USDT,3807.48,33.88,3807.47,27.04,3807.73,6.06,3807.75,1.16
1753769619840,06:13:39.840,coincatch,ETH/USDT:USDT,3807.48,33.88,3807.47,27.04,3807.73,6.06,3807.75,1.18
1753769619988,06:13:39.988,coincatch,ETH/USDT:USDT,3807.48,33.88,3807.47,27.04,3807.73,6.19,3807.75,1.37
1753769620088,06:13:40.088,coincatch,ETH/USDT:USDT,3807.48,33.88,3807.47,27.04,3807.73,6.19,3807.75,1.43
1753769620216,06:13:40.216,coincatch,ETH/USDT:USDT,3807.48,34.0,3807.47,27.04,3807.73,6.19,3807.75,1.43
1753769620337,06:13:40.337,coincatch,ETH/USDT:USDT,3807.48,34.0,3807.47,27.04,3807.73,6.19,3807.75,1.32
1753769620442,06:13:40.442,coincatch,ETH/USDT:USDT,3807.48,34.0,3807.47,27.04,3807.73,6.4,3807.75,1.39
1753769620589,06:13:40.589,coincatch,ETH/USDT:USDT,3807.48,34.0,3807.47,27.04,3807.73,6.4,3807.75,1.17
1753769620690,06:13:40.690,coincatch,ETH/USDT:USDT,3807.48,34.0,3807.47,27.04,3807.73,6.4,3807.75,1.17
1753769620942,06:13:40.942,coincatch,ETH/USDT:USDT,3807.48,34.37,3807.47,13.78,3807.73,6.4,3807.75,1.06
1753769621091,06:13:41.091,coincatch,ETH/USDT:USDT,3807.48,53.49,3807.47,13.78,3807.73,6.4,3807.75,1.49
1753769621243,06:13:41.243,coincatch,ETH/USDT:USDT,3807.48,57.01,3807.47,13.78,3807.73,6.4,3807.75,1.28
1753769621352,06:13:41.352,coincatch,ETH/USDT:USDT,3807.48,57.01,3807.47,13.78,3807.73,6.4,3807.75,1.41
1753769621494,06:13:41.494,coincatch,ETH/USDT:USDT,3807.48,48.28,3807.47,13.78,3807.73,6.4,3807.75,1.39
1753769621640,06:13:41.640,coincatch,ETH/USDT:USDT,3807.48,28.45,3807.47,9.19,3807.73,6.4,3807.75,1.05
1753769621740,06:13:41.740,coincatch,ETH/USDT:USDT,3807.48,28.45,3807.47,9.19,3807.73,6.4,3807.75,1.41
1753769621843,06:13:41.843,coincatch,ETH/USDT:USDT,3807.48,31.22,3807.47,9.19,3807.73,6.4,3807.74,1.08
1753769621943,06:13:41.943,coincatch,ETH/USDT:USDT,3807.48,31.22,3807.47,9.19,3807.73,6.4,3807.74,1.17
1753769622091,06:13:42.091,coincatch,ETH/USDT:USDT,3807.48,30.42,3807.47,9.19,3807.73,6.92,3807.74,1.33
1753769622191,06:13:42.191,coincatch,ETH/USDT:USDT,3807.48,30.42,3807.47,9.19,3807.73,6.92,3807.74,1.38
1753769622291,06:13:42.291,coincatch,ETH/USDT:USDT,3807.48,30.42,3807.47,9.19,3807.73,6.92,3807.74,1.02
1753769622393,06:13:42.393,coincatch,ETH/USDT:USDT,3807.48,30.42,3807.47,13.78,3807.73,7.15,3807.74,1.31
1753769622497,06:13:42.497,coincatch,ETH/USDT:USDT,3807.48,30.42,3807.47,13.78,3807.73,7.15,3807.74,1.48
1753769622843,06:13:42.843,coincatch,ETH/USDT:USDT,3807.48,14.11,3807.47,13.78,3807.73,11.0,3807.74,1.13
1753769622994,06:13:42.994,coincatch,ETH/USDT:USDT,3807.48,14.3,3807.47,13.78,3807.73,11.0,3807.74,1.07
1753769623141,06:13:43.141,coincatch,ETH/USDT:USDT,3807.48,14.3,3807.47,27.08,3807.73,11.0,3807.74,1.27
1753769623246,06:13:43.246,coincatch,ETH/USDT:USDT,3807.48,40.67,3807.47,13.59,3807.73,6.79,3807.74,1.4
1753769623364,06:13:43.364,coincatch,ETH/USDT:USDT,3807.48,40.67,3807.47,13.59,3807.73,6.79,3807.74,1.26
1753769623493,06:13:43.493,coincatch,ETH/USDT:USDT,3807.48,40.5,3807.47,13.59,3807.73,6.79,3807.74,1.47
1753769623643,06:13:43.643,coincatch,ETH/USDT:USDT,3807.48,40.5,3807.47,13.59,3807.73,6.79,3807.74,1.05
1753769623743,06:13:43.743,coincatch,ETH/USDT:USDT,3807.48,40.5,3807.47,13.59,3807.73,6.79,3807.74,1.05
1753769623892,06:13:43.892,coincatch,ETH/USDT:USDT,3807.48,39.03,3807.47,20.4,3807.73,6.79,3807.74,1.38
1753769624041,06:13:44.041,coincatch,ETH/USDT:USDT,3807.48,30.11,3807.47,26.06,3807.73,6.79,3807.74,1.1
1753769624142,06:13:44.142,coincatch,ETH/USDT:USDT,3807.48,30.11,3807.47,26.06,3807.73,6.79,3807.74,1.45
1753769624269,06:13:44.269,coincatch,ETH/USDT:USDT,3807.48,30.11,3807.47,13.59,3807.73,6.79,3807.74,1.45
1753769624392,06:13:44.392,coincatch,ETH/USDT:USDT,3807.48,32.31,3807.47,13.59,3807.73,6.79,3807.74,1.27
1753769624492,06:13:44.492,coincatch,ETH/USDT:USDT,3807.48,32.31,3807.47,13.59,3807.73,6.79,3807.74,1.17
1753769624594,06:13:44.594,coincatch,ETH/USDT:USDT,3807.48,32.31,3807.47,13.59,3807.73,6.95,3807.74,1.49
1753769624695,06:13:44.695,coincatch,ETH/USDT:USDT,3807.48,32.31,3807.47,13.59,3807.73,6.95,3807.74,1.21
1753769624843,06:13:44.843,coincatch,ETH/USDT:USDT,3807.48,35.78,3807.47,13.59,3807.73,6.95,3807.74,1.34
1753769624946,06:13:44.946,coincatch,ETH/USDT:USDT,3807.48,36.86,3807.47,13.59,3807.73,6.53,3807.74,1.15
1753769625095,06:13:45.095,coincatch,ETH/USDT:USDT,3807.48,42.81,3807.47,13.59,3807.73,6.53,3807.74,1.29
1753769625196,06:13:45.196,coincatch,ETH/USDT:USDT,3807.48,43.35,3807.47,13.59,3807.73,6.53,3807.74,1.42
1753769625320,06:13:45.320,coincatch,ETH/USDT:USDT,3807.48,43.35,3807.47,13.59,3807.73,6.53,3807.74,1.31
1753769625444,06:13:45.444,coincatch,ETH/USDT:USDT,3807.48,43.35,3807.47,13.59,3807.73,6.73,3807.74,1.11
1753769625544,06:13:45.544,coincatch,ETH/USDT:USDT,3807.48,43.35,3807.47,13.59,3807.73,6.73,3807.74,1.49
1753769625646,06:13:45.646,coincatch,ETH/USDT:USDT,3807.48,43.35,3807.47,13.59,3807.73,6.73,3807.74,1.17
1753769625770,06:13:45.770,coincatch,ETH/USDT:USDT,3807.48,63.46,3807.47,13.59,3807.73,6.73,3807.74,1.13
1753769625893,06:13:45.893,coincatch,ETH/USDT:USDT,3807.48,63.46,3807.47,13.59,3807.73,6.73,3807.74,1.33
1753769626044,06:13:46.044,coincatch,ETH/USDT:USDT,3807.48,69.07,3807.47,13.59,3807.73,6.73,3807.74,1.61
1753769626145,06:13:46.145,coincatch,ETH/USDT:USDT,3807.48,69.07,3807.47,13.59,3807.73,6.73,3807.74,1.61
1753769626245,06:13:46.245,coincatch,ETH/USDT:USDT,3807.48,69.07,3807.47,13.59,3807.73,6.73,3807.74,1.61
1753769626371,06:13:46.371,coincatch,ETH/USDT:USDT,3807.48,69.26,3807.47,13.59,3807.73,12.67,3807.74,1.61
1753769626493,06:13:46.493,coincatch,ETH/USDT:USDT,3807.48,69.26,3807.47,13.59,3807.73,12.67,3807.74,1.61
1753769626596,06:13:46.596,coincatch,ETH/USDT:USDT,3807.48,69.05,3807.47,13.59,3807.73,13.36,3807.74,1.61
1753769626744,06:13:46.744,coincatch,ETH/USDT:USDT,3807.48,69.05,3807.47,13.59,3807.73,13.36,3807.74,1.61
1753769626845,06:13:46.845,coincatch,ETH/USDT:USDT,3807.48,49.74,3807.47,13.59,3807.73,13.36,3807.74,1.61
1753769626955,06:13:46.955,coincatch,ETH/USDT:USDT,3807.48,49.74,3807.47,13.59,3807.73,13.36,3807.74,1.61
1753769627092,06:13:47.092,coincatch,ETH/USDT:USDT,3807.48,49.74,3807.47,13.59,3807.73,13.36,3807.74,1.61
1753769627193,06:13:47.193,coincatch,ETH/USDT:USDT,3807.48,49.74,3807.47,13.59,3807.73,13.36,3807.74,1.61
1753769627344,06:13:47.344,coincatch,ETH/USDT:USDT,3807.48,49.74,3807.47,13.59,3807.73,13.36,3807.74,1.61
1753769627493,06:13:47.493,coincatch,ETH/USDT:USDT,3807.48,49.74,3807.47,13.59,3807.73,13.36,3807.74,1.61
1753769627604,06:13:47.604,coincatch,ETH/USDT:USDT,3807.48,49.74,3807.47,13.59,3807.73,13.36,3807.74,1.61
1753769627722,06:13:47.722,coincatch,ETH/USDT:USDT,3807.48,49.74,3807.47,13.59,3807.73,13.18,3807.74,1.61
1753769627845,06:13:47.845,coincatch,ETH/USDT:USDT,3807.48,49.74,3807.47,13.59,3807.73,13.18,3807.74,1.61
1753769627945,06:13:47.945,coincatch,ETH/USDT:USDT,3807.48,48.31,3807.47,13.59,3807.73,13.18,3807.74,1.61
1753769628092,06:13:48.092,coincatch,ETH/USDT:USDT,3807.48,48.31,3807.47,13.59,3807.73,13.18,3807.74,1.61
1753769628198,06:13:48.198,coincatch,ETH/USDT:USDT,3807.48,48.31,3807.47,13.59,3807.73,13.18,3807.74,1.61
1753769628322,06:13:48.322,coincatch,ETH/USDT:USDT,3807.48,47.92,3807.47,13.59,3807.73,13.18,3807.74,1.61
1753769628444,06:13:48.444,coincatch,ETH/USDT:USDT,3807.48,47.92,3807.47,13.59,3807.73,13.18,3807.74,1.61
1753769628544,06:13:48.544,coincatch,ETH/USDT:USDT,3807.48,47.92,3807.47,13.59,3807.73,13.18,3807.74,1.61
1753769628644,06:13:48.644,coincatch,ETH/USDT:USDT,3807.48,47.92,3807.47,13.59,3807.73,13.18,3807.74,1.61
1753769628746,06:13:48.746,coincatch,ETH/USDT:USDT,3807.48,47.92,3807.47,13.59,3807.73,13.18,3807.74,1.61
1753769628846,06:13:48.846,coincatch,ETH/USDT:USDT,3807.48,47.92,3807.47,13.59,3807.73,13.18,3807.74,1.61
1753769628946,06:13:48.946,coincatch,ETH/USDT:USDT,3807.48,47.92,3807.47,13.59,3807.73,13.18,3807.74,1.61
1753769629049,06:13:49.049,coincatch,ETH/USDT:USDT,3807.48,47.92,3807.47,13.59,3807.73,13.18,3807.74,1.61
1753769629196,06:13:49.196,coincatch,ETH/USDT:USDT,3807.48,47.92,3807.47,13.59,3807.73,13.18,3807.74,1.61
1753769629296,06:13:49.296,coincatch,ETH/USDT:USDT,3807.48,47.92,3807.47,13.59,3807.73,13.18,3807.74,1.61
1753769629397,06:13:49.397,coincatch,ETH/USDT:USDT,3807.48,47.92,3807.47,13.59,3807.73,12.96,3807.74,1.61
1753769629522,06:13:49.522,coincatch,ETH/USDT:USDT,3807.48,47.92,3807.47,13.59,3807.73,12.96,3807.74,1.61
1753769629673,06:13:49.673,coincatch,ETH/USDT:USDT,3807.48,40.2,3807.47,13.59,3807.73,14.82,3807.74,1.61
1753769629823,06:13:49.823,coincatch,ETH/USDT:USDT,3807.48,40.2,3807.47,13.59,3807.73,14.82,3807.74,1.61
1753769629950,06:13:49.950,coincatch,ETH/USDT:USDT,3807.48,30.12,3807.47,13.59,3807.73,14.82,3807.74,1.61
1753769630102,06:13:50.102,coincatch,ETH/USDT:USDT,3807.48,30.12,3807.47,13.59,3807.73,14.82,3807.74,1.61
1753769630251,06:13:50.251,coincatch,ETH/USDT:USDT,3807.48,32.49,3807.47,13.59,3807.73,14.82,3807.74,1.61
1753769630423,06:13:50.423,coincatch,ETH/USDT:USDT,3807.48,32.49,3807.47,13.59,3807.73,14.82,3807.74,1.61
1753769630573,06:13:50.573,coincatch,ETH/USDT:USDT,3807.48,57.31,3807.47,13.59,3807.73,13.73,3807.74,1.61
1753769630723,06:13:50.723,coincatch,ETH/USDT:USDT,3807.48,51.65,3807.47,13.59,3807.73,13.73,3807.74,1.61
1753769630873,06:13:50.873,coincatch,ETH/USDT:USDT,3807.48,39.96,3807.47,13.59,3807.73,15.0,3807.74,1.61
1753769630995,06:13:50.995,coincatch,ETH/USDT:USDT,3807.48,39.96,3807.47,13.59,3807.73,15.0,3807.74,1.61
1753769631152,06:13:51.152,coincatch,ETH/USDT:USDT,3807.48,37.63,3807.47,13.59,3807.73,15.0,3807.74,1.61
1753769631302,06:13:51.302,coincatch,ETH/USDT:USDT,3807.48,38.26,3807.47,13.59,3807.73,13.94,3807.74,1.61
1753769631403,06:13:51.403,coincatch,ETH/USDT:USDT,3807.48,38.26,3807.47,13.59,3807.73,13.94,3807.74,1.61
1753769631502,06:13:51.502,coincatch,ETH/USDT:USDT,3807.48,38.26,3807.47,13.59,3807.73,13.94,3807.74,1.61
1753769631602,06:13:51.602,coincatch,ETH/USDT:USDT,3807.48,40.48,3807.47,13.59,3807.73,13.66,3807.74,1.61
1753769631703,06:13:51.703,coincatch,ETH/USDT:USDT,3807.48,40.48,3807.47,13.59,3807.73,13.66,3807.74,1.61
1753769631853,06:13:51.853,coincatch,ETH/USDT:USDT,3807.48,41.18,3807.47,13.59,3807.73,13.66,3807.74,1.61
1753769631956,06:13:51.956,coincatch,ETH/USDT:USDT,3807.48,41.18,3807.47,13.59,3807.73,13.66,3807.74,1.61
1753769632074,06:13:52.074,coincatch,ETH/USDT:USDT,3807.48,41.18,3807.47,13.59,3807.73,13.66,3807.74,1.61
1753769632175,06:13:52.175,coincatch,ETH/USDT:USDT,3807.48,41.03,3807.47,13.59,3807.73,13.81,3807.74,1.61
1753769632304,06:13:52.304,coincatch,ETH/USDT:USDT,3807.48,41.03,3807.47,13.59,3807.73,13.81,3807.74,1.61
1753769632403,06:13:52.403,coincatch,ETH/USDT:USDT,3807.48,37.04,3807.47,13.59,3807.73,14.98,3807.74,1.61
1753769632503,06:13:52.503,coincatch,ETH/USDT:USDT,3807.48,37.04,3807.47,13.59,3807.73,14.98,3807.74,1.61
1753769632604,06:13:52.604,coincatch,ETH/USDT:USDT,3807.48,33.53,3807.47,13.59,3807.73,14.98,3807.74,1.61
1753769632705,06:13:52.705,coincatch,ETH/USDT:USDT,3807.48,13.84,3807.47,13.59,3807.73,14.98,3807.74,1.61
1753769632805,06:13:52.805,coincatch,ETH/USDT:USDT,3807.48,13.84,3807.47,13.59,3807.73,14.98,3807.74,1.61
1753769632957,06:13:52.957,coincatch,ETH/USDT:USDT,3807.48,14.77,3807.47,13.59,3807.73,14.82,3807.74,1.61
1753769633105,06:13:53.105,coincatch,ETH/USDT:USDT,3807.48,14.77,3807.47,13.59,3807.73,14.82,3807.74,1.61
1753769633258,06:13:53.258,coincatch,ETH/USDT:USDT,3807.48,21.62,3807.47,13.59,3807.73,14.82,3807.74,1.61
1753769633406,06:13:53.406,coincatch,ETH/USDT:USDT,3807.48,21.62,3807.47,13.59,3807.73,14.82,3807.74,1.61
1753769633507,06:13:53.507,coincatch,ETH/USDT:USDT,3807.48,20.65,3807.47,27.04,3807.73,14.31,3807.74,1.61
1753769633753,06:13:53.753,coincatch,ETH/USDT:USDT,3807.48,20.65,3807.47,27.04,3807.73,14.31,3807.74,1.61
1753769633867,06:13:53.867,coincatch,ETH/USDT:USDT,3807.48,20.65,3807.47,27.04,3807.73,14.31,3807.74,1.61
1753769634005,06:13:54.005,coincatch,ETH/USDT:USDT,3807.48,20.65,3807.47,27.04,3807.73,14.31,3807.74,1.61
1753769634159,06:13:54.159,coincatch,ETH/USDT:USDT,3807.48,20.65,3807.47,27.04,3807.73,14.31,3807.74,1.61
1753769634303,06:13:54.303,coincatch,ETH/USDT:USDT,3807.48,20.65,3807.47,27.04,3807.73,14.31,3807.74,1.61
1753769634404,06:13:54.404,coincatch,ETH/USDT:USDT,3807.48,31.36,3807.47,27.04,3807.73,13.57,3807.74,1.79
1753769634504,06:13:54.504,coincatch,ETH/USDT:USDT,3807.48,34.88,3807.47,27.04,3807.73,13.57,3807.74,1.79
1753769634606,06:13:54.606,coincatch,ETH/USDT:USDT,3807.48,47.36,3807.47,27.04,3807.73,13.27,3807.74,1.79
1753769634756,06:13:54.756,coincatch,ETH/USDT:USDT,3807.48,47.36,3807.47,27.04,3807.73,13.27,3807.74,1.79
1753769634904,06:13:54.904,coincatch,ETH/USDT:USDT,3807.48,49.46,3807.47,27.04,3807.73,13.27,3807.74,1.79
1753769635006,06:13:55.006,coincatch,ETH/USDT:USDT,3807.48,49.46,3807.47,27.04,3807.73,13.27,3807.74,1.79
1753769635153,06:13:55.153,coincatch,ETH/USDT:USDT,3807.48,49.46,3807.47,27.04,3807.73,13.27,3807.74,1.79
1753769635255,06:13:55.255,coincatch,ETH/USDT:USDT,3807.48,48.35,3807.47,42.68,3807.73,12.93,3807.74,1.79
1753769635376,06:13:55.376,coincatch,ETH/USDT:USDT,3807.48,48.35,3807.47,42.68,3807.73,12.93,3807.74,1.79
1753769635506,06:13:55.506,coincatch,ETH/USDT:USDT,3807.48,54.92,3807.47,27.04,3807.73,13.24,3807.74,1.79
1753769635656,06:13:55.656,coincatch,ETH/USDT:USDT,3807.48,43.58,3807.47,27.04,3807.73,13.24,3807.74,1.79
1753769635756,06:13:55.756,coincatch,ETH/USDT:USDT,3807.48,50.69,3807.47,27.04,3807.73,13.24,3807.74,1.79
1753769635857,06:13:55.857,coincatch,ETH/USDT:USDT,3807.48,50.69,3807.47,27.04,3807.73,13.24,3807.74,1.79
1753769635977,06:13:55.977,coincatch,ETH/USDT:USDT,3807.48,50.69,3807.47,27.04,3807.73,13.24,3807.74,1.79
1753769636106,06:13:56.106,coincatch,ETH/USDT:USDT,3807.48,50.69,3807.47,27.04,3807.88,13.26,3807.89,1.9
1753769636209,06:13:56.209,coincatch,ETH/USDT:USDT,3807.48,50.69,3807.47,27.04,3807.88,13.26,3807.89,1.9
1753769636309,06:13:56.309,coincatch,ETH/USDT:USDT,3807.87,154.97,3807.86,17.84,3808.13,1.35,3808.14,2.26
1753769636557,06:13:56.557,coincatch,ETH/USDT:USDT,3808.21,137.31,3808.2,2.77,3808.46,4.89,3808.47,1.84
1753769636658,06:13:56.658,coincatch,ETH/USDT:USDT,3808.21,148.48,3808.2,2.77,3808.46,4.89,3808.47,1.84
1753769636759,06:13:56.759,coincatch,ETH/USDT:USDT,3808.21,148.48,3808.2,2.77,3808.46,4.89,3808.47,1.84
1753769636859,06:13:56.859,coincatch,ETH/USDT:USDT,3808.21,127.47,3808.2,1.44,3808.46,5.44,3808.47,1.84
1753769636960,06:13:56.960,coincatch,ETH/USDT:USDT,3808.21,116.13,3808.2,1.28,3808.46,5.44,3808.47,1.84
1753769637062,06:13:57.062,coincatch,ETH/USDT:USDT,3808.21,116.13,3808.2,1.03,3808.46,5.44,3808.47,1.84
1753769637162,06:13:57.162,coincatch,ETH/USDT:USDT,3808.21,116.13,3808.2,1.33,3808.46,5.22,3808.47,1.84
1753769637310,06:13:57.310,coincatch,ETH/USDT:USDT,3808.21,116.13,3808.2,1.3,3808.46,5.22,3808.47,1.84
1753769637410,06:13:57.410,coincatch,ETH/USDT:USDT,3808.21,116.71,3808.2,1.22,3808.46,3.39,3808.47,1.84
1753769637510,06:13:57.510,coincatch,ETH/USDT:USDT,3808.21,116.71,3808.2,1.07,3808.46,3.39,3808.47,1.84
1753769637611,06:13:57.611,coincatch,ETH/USDT:USDT,3808.21,116.71,3808.2,1.01,3808.46,3.39,3808.47,1.84
1753769637762,06:13:57.762,coincatch,ETH/USDT:USDT,3808.21,116.84,3808.2,1.46,3808.46,3.39,3808.47,1.84
1753769637913,06:13:57.913,coincatch,ETH/USDT:USDT,3808.21,116.84,3808.2,1.05,3808.46,3.39,3808.47,1.84
1753769638064,06:13:58.064,coincatch,ETH/USDT:USDT,3808.21,115.87,3808.2,15.84,3808.46,4.81,3808.47,1.84
1753769638212,06:13:58.212,coincatch,ETH/USDT:USDT,3808.21,115.87,3808.2,15.84,3808.46,4.81,3808.47,1.84
1753769638312,06:13:58.312,coincatch,ETH/USDT:USDT,3808.21,115.32,3808.2,15.84,3808.46,4.7,3808.47,1.84
1753769638423,06:13:58.423,coincatch,ETH/USDT:USDT,3808.21,115.32,3808.2,15.84,3808.46,4.7,3808.47,1.84
1753769638528,06:13:58.528,coincatch,ETH/USDT:USDT,3808.21,115.79,3808.2,15.84,3808.46,4.87,3808.47,1.84
1753769638664,06:13:58.664,coincatch,ETH/USDT:USDT,3808.21,115.79,3808.2,15.84,3808.46,4.87,3808.47,1.84
1753769638764,06:13:58.764,coincatch,ETH/USDT:USDT,3808.21,115.79,3808.2,15.84,3808.46,4.87,3808.47,1.84
1753769638866,06:13:58.866,coincatch,ETH/USDT:USDT,3808.21,115.79,3808.2,15.84,3808.46,4.87,3808.47,1.84
1753769638979,06:13:58.979,coincatch,ETH/USDT:USDT,3808.21,115.79,3808.2,15.84,3808.46,4.87,3808.47,1.84
1753769639115,06:13:59.115,coincatch,ETH/USDT:USDT,3808.21,121.16,3808.2,15.84,3808.46,4.87,3808.47,1.84
1753769639262,06:13:59.262,coincatch,ETH/USDT:USDT,3808.21,121.16,3808.2,15.84,3808.46,4.87,3808.47,1.84
1753769639364,06:13:59.364,coincatch,ETH/USDT:USDT,3808.21,121.04,3808.2,15.84,3808.46,4.87,3808.47,1.84
1753769639466,06:13:59.466,coincatch,ETH/USDT:USDT,3808.21,121.04,3808.2,15.84,3808.46,4.87,3808.47,1.84
1753769639579,06:13:59.579,coincatch,ETH/USDT:USDT,3808.21,121.04,3808.2,15.84,3808.46,4.87,3808.47,1.84
1753769639712,06:13:59.712,coincatch,ETH/USDT:USDT,3808.21,121.04,3808.2,15.84,3808.46,4.87,3808.47,1.84
1753769639814,06:13:59.814,coincatch,ETH/USDT:USDT,3808.21,126.64,3808.2,15.84,3808.46,4.87,3808.47,1.84
1753769639914,06:13:59.914,coincatch,ETH/USDT:USDT,3808.21,47.29,3808.2,15.84,3808.46,10.0,3808.47,1.84
1753769640029,06:14:00.029,coincatch,ETH/USDT:USDT,3808.21,47.29,3808.2,15.84,3808.46,10.0,3808.47,1.84
1753769640163,06:14:00.163,coincatch,ETH/USDT:USDT,3808.21,52.96,3808.2,15.84,3808.46,10.0,3808.47,1.84
1753769640315,06:14:00.315,coincatch,ETH/USDT:USDT,3808.21,15.91,3808.2,15.84,3808.46,10.0,3808.47,1.84
1753769640464,06:14:00.464,coincatch,ETH/USDT:USDT,3808.21,15.91,3808.2,11.91,3808.46,10.0,3808.47,1.84
1753769640567,06:14:00.567,coincatch,ETH/USDT:USDT,3808.21,13.7,3808.2,11.91,3808.46,11.1,3808.47,1.84
1753769640667,06:14:00.667,coincatch,ETH/USDT:USDT,3808.21,13.7,3808.2,11.91,3808.46,11.1,3808.47,1.84
1753769640780,06:14:00.780,coincatch,ETH/USDT:USDT,3808.21,13.7,3808.2,11.91,3808.46,11.1,3808.47,1.84
1753769640915,06:14:00.915,coincatch,ETH/USDT:USDT,3808.21,13.87,3808.2,15.86,3808.46,9.95,3808.47,1.84
1753769641018,06:14:01.018,coincatch,ETH/USDT:USDT,3808.21,13.87,3808.2,15.86,3808.46,9.95,3808.47,1.84
1753769641315,06:14:01.315,coincatch,ETH/USDT:USDT,3808.21,36.22,3808.2,15.86,3808.46,4.64,3808.47,1.84
1753769641467,06:14:01.467,coincatch,ETH/USDT:USDT,3808.21,39.27,3808.2,15.86,3808.46,4.64,3808.47,1.84
1753769641615,06:14:01.615,coincatch,ETH/USDT:USDT,3808.21,39.27,3808.2,15.86,3808.46,4.64,3808.47,1.84
1753769641816,06:14:01.816,coincatch,ETH/USDT:USDT,3808.21,39.49,3808.2,15.86,3808.46,4.64,3808.47,1.84
1753769641917,06:14:01.917,coincatch,ETH/USDT:USDT,3808.21,36.13,3808.2,15.86,3808.46,4.64,3808.47,1.84
1753769642019,06:14:02.019,coincatch,ETH/USDT:USDT,3808.21,36.13,3808.2,15.86,3808.46,4.64,3808.47,1.84
1753769642119,06:14:02.119,coincatch,ETH/USDT:USDT,3808.21,36.13,3808.2,15.86,3808.46,4.64,3808.47,1.84
1753769642269,06:14:02.269,coincatch,ETH/USDT:USDT,3808.21,13.51,3808.2,15.86,3808.46,8.62,3808.47,1.84
1753769642416,06:14:02.416,coincatch,ETH/USDT:USDT,3808.21,13.51,3808.2,15.86,3808.46,8.62,3808.47,1.84
1753769642516,06:14:02.516,coincatch,ETH/USDT:USDT,3808.21,15.94,3808.2,15.86,3808.46,7.53,3808.47,1.84
1753769642666,06:14:02.666,coincatch,ETH/USDT:USDT,3808.21,15.94,3808.2,15.86,3808.46,7.53,3808.47,1.84
1753769642767,06:14:02.767,coincatch,ETH/USDT:USDT,3808.21,13.56,3808.2,15.86,3808.46,9.42,3808.47,1.84
1753769642872,06:14:02.872,coincatch,ETH/USDT:USDT,3808.21,13.56,3808.2,15.86,3808.46,9.42,3808.47,1.84
1753769643020,06:14:03.020,coincatch,ETH/USDT:USDT,3808.21,14.05,3808.2,15.86,3808.46,9.42,3808.47,1.84
1753769643269,06:14:03.269,coincatch,ETH/USDT:USDT,3808.21,14.05,3808.2,15.86,3808.46,9.42,3808.47,1.84
1753769643421,06:14:03.421,coincatch,ETH/USDT:USDT,3808.21,13.87,3808.2,15.86,3808.46,9.69,3808.47,1.84
1753769643521,06:14:03.521,coincatch,ETH/USDT:USDT,3808.21,13.87,3808.2,15.86,3808.46,9.69,3808.47,1.84
1753769643621,06:14:03.621,coincatch,ETH/USDT:USDT,3808.21,13.87,3808.2,15.86,3808.46,9.58,3808.47,1.84
1753769643769,06:14:03.769,coincatch,ETH/USDT:USDT,3808.21,13.87,3808.2,15.86,3808.46,9.58,3808.47,1.84
1753769643872,06:14:03.872,coincatch,ETH/USDT:USDT,3808.21,13.65,3808.2,15.86,3808.46,9.58,3808.47,1.84
1753769643973,06:14:03.973,coincatch,ETH/USDT:USDT,3808.21,13.65,3808.2,15.86,3808.46,9.58,3808.47,1.84
1753769644083,06:14:04.083,coincatch,ETH/USDT:USDT,3808.21,13.65,3808.2,15.86,3808.46,9.58,3808.47,1.84
1753769644224,06:14:04.224,coincatch,ETH/USDT:USDT,3808.21,13.65,3808.2,15.86,3808.46,9.2,3808.47,1.84
1753769644378,06:14:04.378,coincatch,ETH/USDT:USDT,3808.21,13.65,3808.2,24.24,3808.46,9.2,3808.47,1.84
1753769644524,06:14:04.524,coincatch,ETH/USDT:USDT,3808.21,14.81,3808.2,24.24,3808.46,8.25,3808.47,1.84
1753769644624,06:14:04.624,coincatch,ETH/USDT:USDT,3808.21,14.81,3808.2,24.24,3808.46,8.25,3808.47,1.84
1753769644725,06:14:04.725,coincatch,ETH/USDT:USDT,3808.21,14.81,3808.2,24.24,3808.46,9.15,3808.47,1.84
1753769644834,06:14:04.834,coincatch,ETH/USDT:USDT,3808.21,14.81,3808.2,24.24,3808.46,9.15,3808.47,1.84
1753769644971,06:14:04.971,coincatch,ETH/USDT:USDT,3808.21,11.01,3808.2,24.24,3808.46,9.15,3808.47,1.84
1753769645072,06:14:05.072,coincatch,ETH/USDT:USDT,3808.21,11.01,3808.2,24.24,3808.46,9.15,3808.47,1.84
1753769645176,06:14:05.176,coincatch,ETH/USDT:USDT,3808.21,11.01,3808.2,24.24,3808.46,9.15,3808.47,1.84
1753769645284,06:14:05.284,coincatch,ETH/USDT:USDT,3808.21,8.69,3808.2,24.24,3808.46,8.39,3808.47,1.84
1753769645425,06:14:05.425,coincatch,ETH/USDT:USDT,3808.21,8.69,3808.2,15.86,3808.46,8.39,3808.47,1.84
1753769645550,06:14:05.550,coincatch,ETH/USDT:USDT,3808.21,31.33,3808.2,15.86,3808.46,6.64,3808.47,1.84
1753769645673,06:14:05.673,coincatch,ETH/USDT:USDT,3808.21,31.33,3808.2,1.44,3808.46,6.64,3808.47,1.84
1753769645782,06:14:05.782,coincatch,ETH/USDT:USDT,3808.21,42.61,3808.2,1.29,3808.46,6.64,3808.47,1.84
1753769645885,06:14:05.885,coincatch,ETH/USDT:USDT,3808.21,48.81,3808.2,1.46,3808.46,6.64,3808.47,1.84
1753769646024,06:14:06.024,coincatch,ETH/USDT:USDT,3808.21,48.81,3808.2,1.23,3808.46,6.64,3808.47,1.84
1753769646172,06:14:06.172,coincatch,ETH/USDT:USDT,3808.21,48.05,3808.2,1.38,3808.46,6.5,3808.47,1.84
1753769646275,06:14:06.275,coincatch,ETH/USDT:USDT,3808.21,48.05,3808.2,1.09,3808.46,6.5,3808.47,1.84
1753769646426,06:14:06.426,coincatch,ETH/USDT:USDT,3808.21,48.05,3808.2,1.44,3808.46,4.22,3808.47,1.84
1753769646526,06:14:06.526,coincatch,ETH/USDT:USDT,3808.21,48.05,3808.2,1.41,3808.46,4.22,3808.47,1.84
1753769646773,06:14:06.773,coincatch,ETH/USDT:USDT,3808.21,45.71,3808.2,1.18,3808.46,4.46,3808.47,2.14
1753769646876,06:14:06.876,coincatch,ETH/USDT:USDT,3808.21,45.71,3808.2,16.06,3808.46,4.46,3808.47,2.14
1753769647024,06:14:07.024,coincatch,ETH/USDT:USDT,3808.21,45.42,3808.2,16.06,3808.46,4.06,3808.47,2.14
1753769647127,06:14:07.127,coincatch,ETH/USDT:USDT,3808.21,45.42,3808.2,1.5,3808.46,4.06,3808.47,2.14
1753769647235,06:14:07.235,coincatch,ETH/USDT:USDT,3808.21,45.98,3808.2,1.38,3808.46,3.93,3808.47,2.14
1753769647376,06:14:07.376,coincatch,ETH/USDT:USDT,3808.21,45.98,3808.2,1.2,3808.46,3.93,3808.47,2.14
1753769647526,06:14:07.526,coincatch,ETH/USDT:USDT,3808.21,45.98,3808.2,1.35,3808.46,3.93,3808.47,2.14
1753769647626,06:14:07.626,coincatch,ETH/USDT:USDT,3808.21,45.98,3808.2,1.5,3808.46,3.93,3808.47,2.14
1753769647773,06:14:07.773,coincatch,ETH/USDT:USDT,3808.21,45.98,3808.2,1.23,3808.46,4.92,3808.47,2.14
1753769647875,06:14:07.875,coincatch,ETH/USDT:USDT,3808.21,45.98,3808.2,1.23,3808.46,4.92,3808.47,2.14
1753769647976,06:14:07.976,coincatch,ETH/USDT:USDT,3808.21,45.98,3808.2,1.23,3808.46,4.92,3808.47,2.14
1753769648124,06:14:08.124,coincatch,ETH/USDT:USDT,3808.21,46.19,3808.2,1.0,3808.46,4.72,3808.47,2.14
1753769648225,06:14:08.225,coincatch,ETH/USDT:USDT,3808.21,46.19,3808.2,1.44,3808.46,4.72,3808.47,2.14
1753769648325,06:14:08.325,coincatch,ETH/USDT:USDT,3808.21,42.49,3808.2,1.12,3808.46,5.79,3808.47,2.14
1753769648436,06:14:08.436,coincatch,ETH/USDT:USDT,3808.21,53.05,3808.2,1.27,3808.46,5.79,3808.47,2.14
1753769648568,06:14:08.568,coincatch,ETH/USDT:USDT,3808.21,53.05,3808.2,1.32,3808.46,5.79,3808.47,2.14
1753769648676,06:14:08.676,coincatch,ETH/USDT:USDT,3808.21,52.3,3808.2,1.16,3808.46,5.79,3808.47,2.14
1753769648825,06:14:08.825,coincatch,ETH/USDT:USDT,3808.21,52.3,3808.2,1.14,3808.46,5.79,3808.47,2.14
1753769648925,06:14:08.925,coincatch,ETH/USDT:USDT,3808.21,48.57,3808.2,1.11,3808.46,6.38,3808.47,2.14
1753769649026,06:14:09.026,coincatch,ETH/USDT:USDT,3808.21,48.57,3808.2,1.1,3808.46,6.38,3808.47,2.14
1753769649127,06:14:09.127,coincatch,ETH/USDT:USDT,3808.21,42.62,3808.2,1.42,3808.46,6.38,3808.47,2.14
1753769649280,06:14:09.280,coincatch,ETH/USDT:USDT,3808.21,25.9,3808.2,1.45,3808.46,9.77,3808.47,2.14
1753769649428,06:14:09.428,coincatch,ETH/USDT:USDT,3808.21,22.52,3808.2,1.02,3808.46,9.54,3808.47,2.14
1753769649577,06:14:09.577,coincatch,ETH/USDT:USDT,3808.21,22.52,3808.2,1.13,3808.46,9.54,3808.47,2.14
1753769649728,06:14:09.728,coincatch,ETH/USDT:USDT,3808.21,26.87,3808.2,1.17,3808.46,9.9,3808.47,2.14
1753769649828,06:14:09.828,coincatch,ETH/USDT:USDT,3808.21,26.87,3808.2,1.17,3808.46,9.9,3808.47,2.14
1753769649937,06:14:09.937,coincatch,ETH/USDT:USDT,3808.21,26.87,3808.2,1.28,3808.46,9.9,3808.47,2.14
1753769650076,06:14:10.076,coincatch,ETH/USDT:USDT,3808.21,26.87,3808.2,1.07,3808.46,9.9,3808.47,2.14
1753769650179,06:14:10.179,coincatch,ETH/USDT:USDT,3808.21,26.87,3808.2,1.37,3808.46,9.9,3808.47,2.14
1753769650281,06:14:10.281,coincatch,ETH/USDT:USDT,3808.21,20.66,3808.2,1.19,3808.46,10.13,3808.47,2.14
1753769650388,06:14:10.388,coincatch,ETH/USDT:USDT,3808.21,20.66,3808.2,1.4,3808.46,10.13,3808.47,2.14
1753769650531,06:14:10.531,coincatch,ETH/USDT:USDT,3808.21,20.49,3808.2,1.43,3808.46,9.95,3808.47,2.14
1753769650679,06:14:10.679,coincatch,ETH/USDT:USDT,3808.21,20.49,3808.2,1.24,3808.46,9.95,3808.47,2.14
1753769650780,06:14:10.780,coincatch,ETH/USDT:USDT,3808.21,20.49,3808.2,1.24,3808.46,9.95,3808.47,2.14
1753769650927,06:14:10.927,coincatch,ETH/USDT:USDT,3808.21,29.43,3808.2,1.24,3808.46,9.7,3808.47,2.14
1753769651031,06:14:11.031,coincatch,ETH/USDT:USDT,3808.21,29.43,3808.2,1.24,3808.46,9.7,3808.47,2.14
1753769651138,06:14:11.138,coincatch,ETH/USDT:USDT,3808.21,29.43,3808.2,1.24,3808.46,9.7,3808.47,2.14
1753769651278,06:14:11.278,coincatch,ETH/USDT:USDT,3808.21,29.43,3808.2,15.85,3808.46,9.7,3808.47,2.14
1753769651380,06:14:11.380,coincatch,ETH/USDT:USDT,3808.21,38.02,3808.2,15.85,3808.46,8.94,3808.47,2.14
1753769651529,06:14:11.529,coincatch,ETH/USDT:USDT,3808.21,38.02,3808.2,15.85,3808.46,8.94,3808.47,2.14
1753769651631,06:14:11.631,coincatch,ETH/USDT:USDT,3808.21,38.02,3808.2,15.85,3808.46,8.94,3808.47,2.14
1753769651880,06:14:11.880,coincatch,ETH/USDT:USDT,3808.21,42.69,3808.2,21.9,3808.46,8.4,3808.47,2.14
1753769652029,06:14:12.029,coincatch,ETH/USDT:USDT,3808.21,42.45,3808.2,21.9,3808.46,7.34,3808.47,2.14
1753769652189,06:14:12.189,coincatch,ETH/USDT:USDT,3808.21,42.45,3808.2,21.9,3808.46,7.34,3808.47,2.14
1753769652339,06:14:12.339,coincatch,ETH/USDT:USDT,3808.21,42.45,3808.2,21.9,3808.46,7.34,3808.47,2.14
1753769652482,06:14:12.482,coincatch,ETH/USDT:USDT,3808.21,42.45,3808.2,21.9,3808.46,7.34,3808.47,2.14
1753769652582,06:14:12.582,coincatch,ETH/USDT:USDT,3808.21,42.45,3808.2,21.9,3808.46,7.34,3808.47,2.14
1753769652732,06:14:12.732,coincatch,ETH/USDT:USDT,3808.21,42.45,3808.2,21.9,3808.46,7.34,3808.47,2.14
1753769652832,06:14:12.832,coincatch,ETH/USDT:USDT,3808.21,42.61,3808.2,21.9,3808.46,7.34,3808.47,2.14
1753769652933,06:14:12.933,coincatch,ETH/USDT:USDT,3808.21,42.61,3808.2,21.9,3808.46,7.34,3808.47,2.14
1753769653081,06:14:13.081,coincatch,ETH/USDT:USDT,3808.21,42.61,3808.2,21.9,3808.46,7.34,3808.47,2.14
1753769653232,06:14:13.232,coincatch,ETH/USDT:USDT,3808.21,42.61,3808.2,21.9,3808.46,7.34,3808.47,2.14
1753769653381,06:14:13.381,coincatch,ETH/USDT:USDT,3808.21,42.61,3808.2,21.9,3808.46,7.34,3808.47,3.4
1753769653532,06:14:13.532,coincatch,ETH/USDT:USDT,3808.21,42.61,3808.2,21.9,3808.46,7.34,3808.47,3.4
1753769653682,06:14:13.682,coincatch,ETH/USDT:USDT,3808.21,42.61,3808.2,15.85,3808.46,6.49,3808.47,3.4
1753769653783,06:14:13.783,coincatch,ETH/USDT:USDT,3808.21,42.61,3808.2,15.85,3808.46,6.49,3808.47,3.4
1753769653930,06:14:13.930,coincatch,ETH/USDT:USDT,3808.21,42.99,3808.2,15.85,3808.46,5.59,3808.47,3.4
1753769654140,06:14:14.140,coincatch,ETH/USDT:USDT,3808.21,56.47,3808.2,15.85,3808.46,5.59,3808.47,3.4
1753769654280,06:14:14.280,coincatch,ETH/USDT:USDT,3808.21,56.47,3808.2,15.85,3808.46,5.59,3808.47,3.4
1753769654382,06:14:14.382,coincatch,ETH/USDT:USDT,3808.21,56.47,3808.2,15.85,3808.46,5.59,3808.47,3.4
1753769654484,06:14:14.484,coincatch,ETH/USDT:USDT,3808.21,56.47,3808.2,15.85,3808.46,5.59,3808.47,3.4
1753769654591,06:14:14.591,coincatch,ETH/USDT:USDT,3808.21,56.47,3808.2,15.85,3808.46,5.59,3808.47,3.4
1753769654733,06:14:14.733,coincatch,ETH/USDT:USDT,3808.21,52.07,3808.2,15.85,3808.46,9.36,3808.47,3.4
1753769654836,06:14:14.836,coincatch,ETH/USDT:USDT,3808.21,52.07,3808.2,15.85,3808.46,9.36,3808.47,3.4
1753769654981,06:14:14.981,coincatch,ETH/USDT:USDT,3808.21,44.26,3808.2,15.85,3808.46,9.36,3808.47,5.63
1753769655082,06:14:15.082,coincatch,ETH/USDT:USDT,3808.21,44.26,3808.2,15.85,3808.46,9.36,3808.47,5.63
1753769655183,06:14:15.183,coincatch,ETH/USDT:USDT,3808.21,44.26,3808.2,15.85,3808.46,9.36,3808.47,5.63
1753769655285,06:14:15.285,coincatch,ETH/USDT:USDT,3808.21,48.73,3808.2,15.85,3808.46,8.9,3808.47,3.4
1753769655432,06:14:15.432,coincatch,ETH/USDT:USDT,3808.21,35.24,3808.2,15.85,3808.46,8.9,3808.47,3.4
1753769655535,06:14:15.535,coincatch,ETH/USDT:USDT,3808.21,42.02,3808.2,15.85,3808.46,10.12,3808.47,3.4
1753769655641,06:14:15.641,coincatch,ETH/USDT:USDT,3808.21,42.02,3808.2,15.85,3808.46,10.12,3808.47,3.4
1753769655782,06:14:15.782,coincatch,ETH/USDT:USDT,3808.21,42.02,3808.2,15.85,3808.46,10.12,3808.47,3.4
1753769655883,06:14:15.883,coincatch,ETH/USDT:USDT,3808.21,42.69,3808.2,16.96,3808.46,8.15,3808.47,3.4
1753769656035,06:14:16.035,coincatch,ETH/USDT:USDT,3808.21,42.69,3808.2,16.96,3808.46,8.15,3808.47,3.4
1753769656183,06:14:16.183,coincatch,ETH/USDT:USDT,3808.21,38.27,3808.2,15.85,3808.46,9.15,3808.47,3.52
1753769656286,06:14:16.286,coincatch,ETH/USDT:USDT,3808.21,38.27,3808.2,15.85,3808.46,9.15,3808.47,3.52
1753769656392,06:14:16.392,coincatch,ETH/USDT:USDT,3808.21,36.79,3808.2,18.26,3808.46,9.4,3808.47,3.52
1753769656535,06:14:16.535,coincatch,ETH/USDT:USDT,3808.21,36.79,3808.2,18.26,3808.46,9.4,3808.47,3.52
1753769656636,06:14:16.636,coincatch,ETH/USDT:USDT,3808.21,36.79,3808.2,18.26,3808.46,9.4,3808.47,3.52
1753769656932,06:14:16.932,coincatch,ETH/USDT:USDT,3808.21,42.47,3808.2,18.26,3808.46,8.44,3808.47,3.52
