timestamp,time,exchange,symbol,bid1_price,bid1_volume,bid2_price,bid2_volume,ask1_price,ask1_volume,ask2_price,ask2_volume
1753769524519,06:12:04.519,bitmart,BTC/USDT:USDT,118788.9,14015.0,118788.8,653.0,118789.0,16145.0,118789.1,652.0
1753769524916,06:12:04.916,bitmart,BTC/USDT:USDT,118788.9,7026.0,118788.8,653.0,118789.0,16145.0,118789.1,652.0
1753769525316,06:12:05.316,bitmart,BTC/USDT:USDT,118788.9,13621.0,118788.8,653.0,118789.0,15565.0,118789.1,652.0
1753769525519,06:12:05.519,bitmart,BTC/USDT:USDT,118788.9,13950.0,118788.8,653.0,118789.0,15176.0,118789.1,652.0
1753769526733,06:12:06.733,bitmart,BTC/USDT:USDT,118788.9,9469.0,118788.8,653.0,118789.0,9415.0,118789.1,652.0
1753769527916,06:12:07.916,bitmart,BTC/USDT:USDT,118788.9,5636.0,118788.8,653.0,118789.0,5853.0,118789.1,652.0
1753769530316,06:12:10.316,bitmart,BTC/USDT:USDT,118788.9,15021.0,118788.8,653.0,118789.0,13823.0,118789.1,652.0
1753769530520,06:12:10.520,bitmart,BTC/USDT:USDT,118788.9,15021.0,118788.8,653.0,118789.0,13823.0,118789.1,652.0
1753769531316,06:12:11.316,bitmart,BTC/USDT:USDT,118806.0,13928.0,118805.9,561.0,118806.1,8735.0,118806.2,629.0
1753769531521,06:12:11.521,bitmart,BTC/USDT:USDT,118806.0,13198.0,118805.9,561.0,118806.1,9220.0,118806.2,629.0
1753769531921,06:12:11.921,bitmart,BTC/USDT:USDT,118806.0,8808.0,118805.9,561.0,118806.1,5321.0,118806.2,629.0
1753769532718,06:12:12.718,bitmart,BTC/USDT:USDT,118806.0,13338.0,118805.9,561.0,118806.1,14945.0,118806.2,629.0
1753769533717,06:12:13.717,bitmart,BTC/USDT:USDT,118806.0,13513.0,118805.9,561.0,118806.1,14478.0,118806.2,629.0
1753769534128,06:12:14.128,bitmart,BTC/USDT:USDT,118806.0,8808.0,118805.9,561.0,118806.1,10225.0,118806.2,629.0
1753769534326,06:12:14.326,bitmart,BTC/USDT:USDT,118806.0,1348.0,118805.9,561.0,118806.1,2509.0,118806.2,629.0
1753769534522,06:12:14.522,bitmart,BTC/USDT:USDT,118806.0,13151.0,118805.9,561.0,118806.1,13617.0,118806.2,629.0
1753769535317,06:12:15.317,bitmart,BTC/USDT:USDT,118806.0,8695.0,118805.9,561.0,118806.1,9046.0,118806.2,629.0
1753769535519,06:12:15.519,bitmart,BTC/USDT:USDT,118806.0,8695.0,118805.9,561.0,118806.1,9046.0,118806.2,629.0
1753769535927,06:12:15.927,bitmart,BTC/USDT:USDT,118806.0,16770.0,118805.9,671.0,118806.1,15048.0,118806.2,629.0
1753769537516,06:12:17.516,bitmart,BTC/USDT:USDT,118806.0,16165.0,118805.9,671.0,118806.1,14830.0,118806.2,629.0
1753769538120,06:12:18.120,bitmart,BTC/USDT:USDT,118824.5,4444.0,118824.4,207.0,118825.0,6751.0,118825.1,693.0
1753769538516,06:12:18.516,bitmart,BTC/USDT:USDT,118824.9,16579.0,118824.8,578.0,118825.0,12701.0,118825.1,693.0
1753769538719,06:12:18.719,bitmart,BTC/USDT:USDT,118824.9,15812.0,118824.8,578.0,118825.0,12883.0,118825.1,693.0
1753769540519,06:12:20.519,bitmart,BTC/USDT:USDT,118824.9,13415.0,118824.8,578.0,118825.0,13936.0,118825.1,693.0
1753769541116,06:12:21.116,bitmart,BTC/USDT:USDT,118824.9,6603.0,118824.8,578.0,118825.0,6144.0,118825.1,693.0
1753769541320,06:12:21.320,bitmart,BTC/USDT:USDT,118824.9,14530.0,118824.8,578.0,118825.0,10538.0,118825.1,693.0
1753769541517,06:12:21.517,bitmart,BTC/USDT:USDT,118824.9,14534.0,118824.8,578.0,118825.0,10856.0,118825.1,693.0
1753769542721,06:12:22.721,bitmart,BTC/USDT:USDT,118824.0,274.0,118823.9,651.0,118824.8,11682.0,118824.9,397.0
1753769542927,06:12:22.927,bitmart,BTC/USDT:USDT,118824.0,863.0,118823.9,651.0,118824.1,15640.0,118824.2,601.0
1753769544524,06:12:24.524,bitmart,BTC/USDT:USDT,118824.0,13008.0,118823.9,651.0,118824.1,15981.0,118824.2,601.0
1753769544717,06:12:24.717,bitmart,BTC/USDT:USDT,118824.0,14241.0,118823.9,651.0,118824.1,15921.0,118824.2,601.0
1753769545120,06:12:25.120,bitmart,BTC/USDT:USDT,118824.0,13430.0,118823.9,651.0,118824.1,16409.0,118824.2,601.0
1753769545317,06:12:25.317,bitmart,BTC/USDT:USDT,118824.0,13664.0,118823.9,651.0,118824.1,16193.0,118824.2,601.0
1753769545525,06:12:25.525,bitmart,BTC/USDT:USDT,118824.0,14166.0,118823.9,651.0,118824.1,15885.0,118824.2,601.0
1753769545728,06:12:25.728,bitmart,BTC/USDT:USDT,118824.0,14120.0,118823.9,651.0,118824.1,15697.0,118824.2,601.0
1753769546720,06:12:26.720,bitmart,BTC/USDT:USDT,118824.0,4121.0,118823.9,651.0,118824.1,16062.0,118824.2,601.0
1753769548918,06:12:28.918,bitmart,BTC/USDT:USDT,118824.0,549.0,118823.9,651.0,118824.1,15728.0,118824.2,601.0
1753769549126,06:12:29.126,bitmart,BTC/USDT:USDT,118824.0,565.0,118823.9,651.0,118824.1,15568.0,118824.2,601.0
1753769549946,06:12:29.946,bitmart,BTC/USDT:USDT,118812.3,235.0,118812.2,319.0,118814.5,297.0,118815.2,9486.0
1753769552119,06:12:32.119,bitmart,BTC/USDT:USDT,118822.7,11383.0,118822.6,497.0,118822.8,2911.0,118822.9,515.0
1753769552320,06:12:32.320,bitmart,BTC/USDT:USDT,118822.7,12541.0,118822.6,497.0,118822.8,444.0,118822.9,515.0
1753769553122,06:12:33.122,bitmart,BTC/USDT:USDT,118822.7,12674.0,118822.6,497.0,118822.8,1447.0,118822.9,515.0
1753769553920,06:12:33.920,bitmart,BTC/USDT:USDT,118822.7,11383.0,118822.6,497.0,118822.8,1168.0,118822.9,515.0
1753769554316,06:12:34.316,bitmart,BTC/USDT:USDT,118822.7,12475.0,118822.6,497.0,118822.8,4443.0,118822.9,515.0
1753769554521,06:12:34.521,bitmart,BTC/USDT:USDT,118822.7,12654.0,118822.6,497.0,118822.8,4395.0,118822.9,515.0
1753769557119,06:12:37.119,bitmart,BTC/USDT:USDT,118822.7,3407.0,118822.6,497.0,118822.8,4232.0,118822.9,515.0
1753769557917,06:12:37.917,bitmart,BTC/USDT:USDT,118822.7,10433.0,118822.6,497.0,118822.8,10898.0,118822.9,515.0
1753769558116,06:12:38.116,bitmart,BTC/USDT:USDT,118822.7,10420.0,118822.6,497.0,118822.8,10952.0,118822.9,515.0
1753769558520,06:12:38.520,bitmart,BTC/USDT:USDT,118822.7,10213.0,118822.6,497.0,118822.8,10859.0,118822.9,515.0
1753769558716,06:12:38.716,bitmart,BTC/USDT:USDT,118822.7,9142.0,118822.6,497.0,118822.8,9727.0,118822.9,515.0
1753769558919,06:12:38.919,bitmart,BTC/USDT:USDT,118822.7,1582.0,118822.6,497.0,118822.8,2950.0,118822.9,515.0
1753769559120,06:12:39.120,bitmart,BTC/USDT:USDT,118822.7,11963.0,118822.6,497.0,118822.8,11745.0,118822.9,515.0
1753769559519,06:12:39.519,bitmart,BTC/USDT:USDT,118822.7,10804.0,118822.6,497.0,118822.8,10595.0,118822.9,515.0
1753769560116,06:12:40.116,bitmart,BTC/USDT:USDT,118822.7,12053.0,118822.6,497.0,118822.8,11668.0,118822.9,515.0
1753769560717,06:12:40.717,bitmart,BTC/USDT:USDT,118822.7,12175.0,118822.6,497.0,118822.8,11149.0,118822.9,515.0
1753769561116,06:12:41.116,bitmart,BTC/USDT:USDT,118822.7,12150.0,118822.6,497.0,118822.8,11004.0,118822.9,515.0
1753769561920,06:12:41.920,bitmart,BTC/USDT:USDT,118822.7,12205.0,118822.6,497.0,118822.8,11035.0,118822.9,515.0
1753769562323,06:12:42.323,bitmart,BTC/USDT:USDT,118822.7,9934.0,118822.6,497.0,118822.8,3408.0,118822.9,515.0
1753769562718,06:12:42.718,bitmart,BTC/USDT:USDT,118822.7,10120.0,118822.6,497.0,118822.8,3138.0,118822.9,515.0
1753769563717,06:12:43.717,bitmart,BTC/USDT:USDT,118822.7,11073.0,118822.6,497.0,118822.8,2470.0,118822.9,515.0
1753769564722,06:12:44.722,bitmart,BTC/USDT:USDT,118822.7,15058.0,118822.6,633.0,118822.8,6524.0,118822.9,675.0
1753769564918,06:12:44.918,bitmart,BTC/USDT:USDT,118822.7,14438.0,118822.6,633.0,118822.8,7191.0,118822.9,675.0
1753769565118,06:12:45.118,bitmart,BTC/USDT:USDT,118822.7,10088.0,118822.6,633.0,118822.8,3252.0,118822.9,675.0
1753769565320,06:12:45.320,bitmart,BTC/USDT:USDT,118822.7,14313.0,118822.6,633.0,118822.8,6145.0,118822.9,675.0
1753769566921,06:12:46.921,bitmart,BTC/USDT:USDT,118822.7,13717.0,118822.6,633.0,118822.8,5666.0,118822.9,675.0
1753769567120,06:12:47.120,bitmart,BTC/USDT:USDT,118822.7,9259.0,118822.6,633.0,118822.8,2777.0,118822.9,675.0
1753769567320,06:12:47.320,bitmart,BTC/USDT:USDT,118822.7,14386.0,118822.6,633.0,118822.8,5527.0,118822.9,675.0
1753769567518,06:12:47.518,bitmart,BTC/USDT:USDT,118822.7,9259.0,118822.6,633.0,118822.8,2777.0,118822.9,675.0
1753769567716,06:12:47.716,bitmart,BTC/USDT:USDT,118822.7,9259.0,118822.6,633.0,118822.8,2777.0,118822.9,675.0
1753769567916,06:12:47.916,bitmart,BTC/USDT:USDT,118822.7,9259.0,118822.6,633.0,118822.8,2777.0,118822.9,675.0
1753769568317,06:12:48.317,bitmart,BTC/USDT:USDT,118822.7,9535.0,118822.6,633.0,118822.8,3023.0,118822.9,675.0
1753769568725,06:12:48.725,bitmart,BTC/USDT:USDT,118822.7,9535.0,118822.6,633.0,118822.8,3023.0,118822.9,675.0
1753769568918,06:12:48.918,bitmart,BTC/USDT:USDT,118822.7,9535.0,118822.6,633.0,118822.8,3023.0,118822.9,675.0
1753769569123,06:12:49.123,bitmart,BTC/USDT:USDT,118822.7,14722.0,118822.6,633.0,118825.0,9044.0,118825.1,628.0
1753769569320,06:12:49.320,bitmart,BTC/USDT:USDT,118822.7,15126.0,118822.6,633.0,118825.0,9847.0,118825.1,628.0
1753769569516,06:12:49.516,bitmart,BTC/USDT:USDT,118824.9,16149.0,118824.8,621.0,118825.0,10007.0,118825.1,628.0
1753769569723,06:12:49.723,bitmart,BTC/USDT:USDT,118824.9,16544.0,118824.8,621.0,118825.0,9142.0,118825.1,628.0
1753769569919,06:12:49.919,bitmart,BTC/USDT:USDT,118824.9,16293.0,118824.8,621.0,118825.0,9279.0,118825.1,628.0
1753769570118,06:12:50.118,bitmart,BTC/USDT:USDT,118824.9,16488.0,118824.8,621.0,118825.0,9772.0,118825.1,628.0
1753769570316,06:12:50.316,bitmart,BTC/USDT:USDT,118824.9,16141.0,118824.8,621.0,118825.0,10023.0,118825.1,628.0
1753769571524,06:12:51.524,bitmart,BTC/USDT:USDT,118824.9,10183.0,118824.8,621.0,118825.0,7231.0,118825.1,628.0
1753769571718,06:12:51.718,bitmart,BTC/USDT:USDT,118824.9,10183.0,118824.8,621.0,118825.0,7231.0,118825.1,628.0
1753769571923,06:12:51.923,bitmart,BTC/USDT:USDT,118824.9,14576.0,118824.8,621.0,118825.0,12361.0,118825.1,628.0
1753769572722,06:12:52.722,bitmart,BTC/USDT:USDT,118824.9,15056.0,118824.8,621.0,118825.0,10136.0,118825.1,628.0
1753769572916,06:12:52.916,bitmart,BTC/USDT:USDT,118824.9,10183.0,118824.8,621.0,118825.0,5892.0,118825.1,628.0
1753769573122,06:12:53.122,bitmart,BTC/USDT:USDT,118824.9,15046.0,118824.8,621.0,118825.0,10907.0,118825.1,628.0
1753769573318,06:12:53.318,bitmart,BTC/USDT:USDT,118824.9,10183.0,118824.8,621.0,118825.0,5892.0,118825.1,628.0
1753769573716,06:12:53.716,bitmart,BTC/USDT:USDT,118824.9,16201.0,118824.8,621.0,118825.0,11037.0,118825.1,628.0
1753769573920,06:12:53.920,bitmart,BTC/USDT:USDT,118824.9,6257.0,118824.8,621.0,118825.0,6344.0,118825.1,628.0
1753769574118,06:12:54.118,bitmart,BTC/USDT:USDT,118824.9,14951.0,118824.8,621.0,118825.0,11165.0,118825.1,628.0
1753769574522,06:12:54.522,bitmart,BTC/USDT:USDT,118824.9,14538.0,118824.8,621.0,118825.0,11079.0,118825.1,628.0
1753769575119,06:12:55.119,bitmart,BTC/USDT:USDT,118824.9,16429.0,118824.8,621.0,118825.0,12095.0,118825.1,628.0
1753769575517,06:12:55.517,bitmart,BTC/USDT:USDT,118824.9,9849.0,118824.8,621.0,118825.0,6430.0,118825.1,628.0
1753769575719,06:12:55.719,bitmart,BTC/USDT:USDT,118824.9,14404.0,118824.8,621.0,118825.0,10902.0,118825.1,628.0
1753769576116,06:12:56.116,bitmart,BTC/USDT:USDT,118824.9,14231.0,118824.8,621.0,118825.0,11462.0,118825.1,628.0
1753769576322,06:12:56.322,bitmart,BTC/USDT:USDT,118824.9,14414.0,118824.8,621.0,118825.0,10969.0,118825.1,628.0
1753769577323,06:12:57.323,bitmart,BTC/USDT:USDT,118824.9,14655.0,118824.8,621.0,118825.0,2983.0,118825.1,628.0
1753769577722,06:12:57.722,bitmart,BTC/USDT:USDT,118824.9,14074.0,118824.8,621.0,118825.0,10174.0,118825.1,628.0
1753769578321,06:12:58.321,bitmart,BTC/USDT:USDT,118824.9,9849.0,118824.8,621.0,118825.0,665.0,118825.1,628.0
1753769578522,06:12:58.522,bitmart,BTC/USDT:USDT,118824.9,14253.0,118824.8,621.0,118825.0,4360.0,118825.1,628.0
1753769579317,06:12:59.317,bitmart,BTC/USDT:USDT,118824.9,9849.0,118824.8,621.0,118825.0,2036.0,118825.1,628.0
1753769579719,06:12:59.719,bitmart,BTC/USDT:USDT,118824.9,15050.0,118824.8,621.0,118825.0,3059.0,118825.1,628.0
1753769580319,06:13:00.319,bitmart,BTC/USDT:USDT,118824.9,14608.0,118824.8,621.0,118825.0,2074.0,118825.1,494.0
1753769581720,06:13:01.720,bitmart,BTC/USDT:USDT,118824.9,9849.0,118824.8,621.0,118825.0,6368.0,118825.1,494.0
1753769581916,06:13:01.916,bitmart,BTC/USDT:USDT,118824.9,9849.0,118824.8,621.0,118825.0,6368.0,118825.1,494.0
1753769582122,06:13:02.122,bitmart,BTC/USDT:USDT,118824.9,14602.0,118824.8,621.0,118825.0,14851.0,118825.1,494.0
1753769582518,06:13:02.518,bitmart,BTC/USDT:USDT,118824.9,14156.0,118824.8,621.0,118825.0,14910.0,118825.1,494.0
1753769582916,06:13:02.916,bitmart,BTC/USDT:USDT,118824.9,14323.0,118824.8,621.0,118825.0,15547.0,118825.1,494.0
1753769583516,06:13:03.516,bitmart,BTC/USDT:USDT,118824.9,14574.0,118824.8,621.0,118825.0,14980.0,118825.1,494.0
1753769584121,06:13:04.121,bitmart,BTC/USDT:USDT,118824.9,10301.0,118824.8,621.0,118825.0,15755.0,118825.1,494.0
1753769584519,06:13:04.519,bitmart,BTC/USDT:USDT,118824.9,14547.0,118824.8,621.0,118825.0,15922.0,118825.1,494.0
1753769584916,06:13:04.916,bitmart,BTC/USDT:USDT,118824.9,15382.0,118824.8,621.0,118825.0,15674.0,118825.1,494.0
1753769585716,06:13:05.716,bitmart,BTC/USDT:USDT,118824.9,14891.0,118824.8,621.0,118825.0,16053.0,118825.1,494.0
1753769585917,06:13:05.917,bitmart,BTC/USDT:USDT,118824.9,15005.0,118824.8,621.0,118825.0,16453.0,118825.1,494.0
1753769586119,06:13:06.119,bitmart,BTC/USDT:USDT,118824.9,10663.0,118824.8,621.0,118825.0,16453.0,118825.1,494.0
1753769586317,06:13:06.317,bitmart,BTC/USDT:USDT,118824.9,15454.0,118824.8,621.0,118825.0,16410.0,118825.1,494.0
1753769586718,06:13:06.718,bitmart,BTC/USDT:USDT,118824.9,14967.0,118824.8,621.0,118825.0,15950.0,118825.1,494.0
1753769587518,06:13:07.518,bitmart,BTC/USDT:USDT,118824.9,13406.0,118824.8,621.0,118825.0,16962.0,118825.1,494.0
1753769587921,06:13:07.921,bitmart,BTC/USDT:USDT,118824.9,12986.0,118824.8,621.0,118825.0,16870.0,118825.1,494.0
1753769588317,06:13:08.317,bitmart,BTC/USDT:USDT,118824.9,13232.0,118824.8,621.0,118825.0,17540.0,118825.1,494.0
1753769589122,06:13:09.122,bitmart,BTC/USDT:USDT,118824.9,16702.0,118824.8,621.0,118825.0,13629.0,118825.1,494.0
1753769589319,06:13:09.319,bitmart,BTC/USDT:USDT,118824.9,15808.0,118824.8,621.0,118825.0,14342.0,118825.1,494.0
1753769589516,06:13:09.516,bitmart,BTC/USDT:USDT,118824.9,16696.0,118824.8,621.0,118825.0,13705.0,118825.1,494.0
1753769590518,06:13:10.518,bitmart,BTC/USDT:USDT,118824.9,15863.0,118824.8,621.0,118825.0,14428.0,118825.1,494.0
1753769590730,06:13:10.730,bitmart,BTC/USDT:USDT,118824.9,16346.0,118824.8,621.0,118825.0,13762.0,118825.1,494.0
1753769590919,06:13:10.919,bitmart,BTC/USDT:USDT,118824.9,11497.0,118824.8,621.0,118825.0,9539.0,118825.1,494.0
1753769591116,06:13:11.116,bitmart,BTC/USDT:USDT,118824.9,16629.0,118824.8,621.0,118825.0,14639.0,118825.1,494.0
1753769591328,06:13:11.328,bitmart,BTC/USDT:USDT,118824.9,16428.0,118824.8,621.0,118825.0,14347.0,118825.1,494.0
1753769591718,06:13:11.718,bitmart,BTC/USDT:USDT,118824.9,16532.0,118824.8,621.0,118825.0,13845.0,118825.1,494.0
1753769592118,06:13:12.118,bitmart,BTC/USDT:USDT,118824.9,15876.0,118824.8,621.0,118825.0,14302.0,118825.1,494.0
1753769592730,06:13:12.730,bitmart,BTC/USDT:USDT,118824.9,16157.0,118824.8,621.0,118825.0,14276.0,118825.1,494.0
1753769593322,06:13:13.322,bitmart,BTC/USDT:USDT,118824.9,15812.0,118824.8,621.0,118825.0,14679.0,118825.1,494.0
1753769593517,06:13:13.517,bitmart,BTC/USDT:USDT,118824.9,18063.0,118824.8,621.0,118825.0,16264.0,118825.1,494.0
1753769594116,06:13:14.116,bitmart,BTC/USDT:USDT,118824.9,14366.0,118824.8,621.0,118825.0,15170.0,118825.1,494.0
1753769594319,06:13:14.319,bitmart,BTC/USDT:USDT,118824.9,14931.0,118824.8,621.0,118825.0,15385.0,118825.1,494.0
1753769594730,06:13:14.730,bitmart,BTC/USDT:USDT,118824.9,14781.0,118824.8,621.0,118825.0,15729.0,118825.1,494.0
1753769596919,06:13:16.919,bitmart,BTC/USDT:USDT,118824.9,15966.0,118824.8,621.0,118825.0,16428.0,118825.1,494.0
1753769597721,06:13:17.721,bitmart,BTC/USDT:USDT,118824.9,16030.0,118824.8,621.0,118825.0,15468.0,118825.1,494.0
1753769597927,06:13:17.927,bitmart,BTC/USDT:USDT,118824.9,16186.0,118824.8,621.0,118825.0,16136.0,118825.1,494.0
1753769598119,06:13:18.119,bitmart,BTC/USDT:USDT,118824.9,16186.0,118824.8,621.0,118825.0,16169.0,118825.1,494.0
1753769598917,06:13:18.917,bitmart,BTC/USDT:USDT,118824.9,13803.0,118824.8,621.0,118825.0,14400.0,118825.1,494.0
1753769600722,06:13:20.722,bitmart,BTC/USDT:USDT,118824.9,15293.0,118824.8,621.0,118825.0,16632.0,118825.1,494.0
1753769601329,06:13:21.329,bitmart,BTC/USDT:USDT,118824.9,15313.0,118824.8,621.0,118825.0,16898.0,118825.1,494.0
1753769601717,06:13:21.717,bitmart,BTC/USDT:USDT,118824.9,1993.0,118824.8,621.0,118825.0,2102.0,118825.1,494.0
1753769602116,06:13:22.116,bitmart,BTC/USDT:USDT,118824.9,13072.0,118824.8,621.0,118825.0,15729.0,118825.1,494.0
1753769602723,06:13:22.723,bitmart,BTC/USDT:USDT,118824.9,13409.0,118824.8,621.0,118825.0,15437.0,118825.1,494.0
1753769602916,06:13:22.916,bitmart,BTC/USDT:USDT,118824.9,12904.0,118824.8,621.0,118825.0,15090.0,118825.1,494.0
1753769603116,06:13:23.116,bitmart,BTC/USDT:USDT,118824.9,13033.0,118824.8,621.0,118825.0,15840.0,118825.1,494.0
1753769603326,06:13:23.326,bitmart,BTC/USDT:USDT,118824.9,1434.0,118824.8,621.0,118825.0,2548.0,118825.1,494.0
1753769603718,06:13:23.718,bitmart,BTC/USDT:USDT,118824.9,14328.0,118824.8,621.0,118825.0,15332.0,118825.1,494.0
1753769604120,06:13:24.120,bitmart,BTC/USDT:USDT,118824.9,14371.0,118824.8,621.0,118825.0,14975.0,118825.1,494.0
1753769604523,06:13:24.523,bitmart,BTC/USDT:USDT,118824.9,9891.0,118824.8,621.0,118825.0,10026.0,118825.1,494.0
1753769604716,06:13:24.716,bitmart,BTC/USDT:USDT,118824.9,14275.0,118824.8,621.0,118825.0,14470.0,118825.1,494.0
1753769605716,06:13:25.716,bitmart,BTC/USDT:USDT,118824.9,11036.0,118824.8,621.0,118825.0,10699.0,118825.1,494.0
1753769605916,06:13:25.916,bitmart,BTC/USDT:USDT,118824.9,16067.0,118824.8,621.0,118825.0,15178.0,118825.1,494.0
1753769607119,06:13:27.119,bitmart,BTC/USDT:USDT,118824.9,13336.0,118824.8,610.0,118825.0,16257.0,118825.1,494.0
1753769607518,06:13:27.518,bitmart,BTC/USDT:USDT,118824.9,13122.0,118824.8,610.0,118825.0,17090.0,118825.1,494.0
1753769607722,06:13:27.722,bitmart,BTC/USDT:USDT,118824.9,13266.0,118824.8,610.0,118825.0,16230.0,118825.1,494.0
1753769608123,06:13:28.123,bitmart,BTC/USDT:USDT,118824.9,13726.0,118824.8,610.0,118825.0,16683.0,118825.1,494.0
1753769608316,06:13:28.316,bitmart,BTC/USDT:USDT,118824.9,7021.0,118824.8,610.0,118825.0,7117.0,118825.1,494.0
1753769608518,06:13:28.518,bitmart,BTC/USDT:USDT,118824.9,15651.0,118824.8,610.0,118825.0,14619.0,118825.1,494.0
1753769608917,06:13:28.917,bitmart,BTC/USDT:USDT,118824.9,11037.0,118824.8,610.0,118825.0,9765.0,118825.1,494.0
1753769609118,06:13:29.118,bitmart,BTC/USDT:USDT,118824.9,11037.0,118824.8,610.0,118825.0,9832.0,118825.1,494.0
1753769609916,06:13:29.916,bitmart,BTC/USDT:USDT,118824.9,12490.0,118824.8,610.0,118825.0,11995.0,118825.1,494.0
1753769610726,06:13:30.726,bitmart,BTC/USDT:USDT,118824.9,15102.0,118824.8,610.0,118825.0,16690.0,118825.1,494.0
1753769611720,06:13:31.720,bitmart,BTC/USDT:USDT,118824.9,17143.0,118824.8,610.0,118825.0,18079.0,118825.1,494.0
1753769612116,06:13:32.116,bitmart,BTC/USDT:USDT,118824.9,10125.0,118824.8,610.0,118825.0,9942.0,118825.1,494.0
1753769612519,06:13:32.519,bitmart,BTC/USDT:USDT,118824.9,14356.0,118824.8,610.0,118825.0,14726.0,118825.1,494.0
1753769613319,06:13:33.319,bitmart,BTC/USDT:USDT,118824.9,5797.0,118824.8,1560.0,118825.0,7259.0,118825.1,494.0
1753769614517,06:13:34.517,bitmart,BTC/USDT:USDT,118824.8,181.0,118824.7,211.0,118825.0,11527.0,118825.1,494.0
1753769614918,06:13:34.918,bitmart,BTC/USDT:USDT,118814.8,4138.0,118814.7,616.0,118824.9,14758.0,118825.0,587.0
1753769615118,06:13:35.118,bitmart,BTC/USDT:USDT,118814.8,9061.0,118814.7,616.0,118814.9,4897.0,118815.0,193.0
1753769617716,06:13:37.716,bitmart,BTC/USDT:USDT,118814.8,10775.0,118814.7,616.0,118814.9,17049.0,118815.0,650.0
1753769617917,06:13:37.917,bitmart,BTC/USDT:USDT,118814.8,10206.0,118814.7,616.0,118814.9,16831.0,118815.0,650.0
1753769618118,06:13:38.118,bitmart,BTC/USDT:USDT,118814.8,928.0,118814.7,616.0,118814.9,11855.0,118815.0,650.0
1753769618323,06:13:38.323,bitmart,BTC/USDT:USDT,118814.8,2183.0,118814.7,616.0,118814.9,11855.0,118815.0,650.0
1753769618520,06:13:38.520,bitmart,BTC/USDT:USDT,118814.8,1975.0,118814.7,616.0,118814.9,16235.0,118815.0,650.0
1753769618918,06:13:38.918,bitmart,BTC/USDT:USDT,118814.8,928.0,118814.7,616.0,118814.9,11855.0,118815.0,650.0
1753769619119,06:13:39.119,bitmart,BTC/USDT:USDT,118814.8,2076.0,118814.7,616.0,118814.9,16806.0,118815.0,650.0
1753769619933,06:13:39.933,bitmart,BTC/USDT:USDT,118814.8,10753.0,118814.7,616.0,118814.9,16763.0,118815.0,650.0
1753769620319,06:13:40.319,bitmart,BTC/USDT:USDT,118814.8,10902.0,118814.7,616.0,118814.9,16932.0,118815.0,650.0
1753769620518,06:13:40.518,bitmart,BTC/USDT:USDT,118814.8,14939.0,118814.7,616.0,118814.9,16516.0,118815.0,650.0
1753769621119,06:13:41.119,bitmart,BTC/USDT:USDT,118814.8,14310.0,118814.7,616.0,118814.9,16432.0,118815.0,650.0
1753769621320,06:13:41.320,bitmart,BTC/USDT:USDT,118814.8,15274.0,118814.7,616.0,118814.9,16273.0,118815.0,650.0
1753769621520,06:13:41.520,bitmart,BTC/USDT:USDT,118814.8,14400.0,118814.7,616.0,118814.9,17136.0,118815.0,650.0
1753769622515,06:13:42.515,bitmart,BTC/USDT:USDT,118814.8,14806.0,118814.7,616.0,118814.9,14698.0,118815.0,561.0
1753769623316,06:13:43.316,bitmart,BTC/USDT:USDT,118814.8,14501.0,118814.7,616.0,118814.9,14642.0,118815.0,561.0
1753769623521,06:13:43.521,bitmart,BTC/USDT:USDT,118814.8,14501.0,118814.7,616.0,118814.9,14642.0,118815.0,561.0
1753769623923,06:13:43.923,bitmart,BTC/USDT:USDT,118814.8,13444.0,118814.7,616.0,118814.9,14144.0,118815.0,561.0
1753769624519,06:13:44.519,bitmart,BTC/USDT:USDT,118814.8,13447.0,118814.7,616.0,118814.9,14659.0,118815.0,561.0
1753769625716,06:13:45.716,bitmart,BTC/USDT:USDT,118814.8,15694.0,118814.7,616.0,118814.9,14134.0,118815.0,561.0
1753769625920,06:13:45.920,bitmart,BTC/USDT:USDT,118814.8,16012.0,118814.7,616.0,118814.9,13881.0,118815.0,561.0
1753769626119,06:13:46.119,bitmart,BTC/USDT:USDT,118814.8,15730.0,118814.7,616.0,118814.9,14126.0,118815.0,561.0
1753769626718,06:13:46.718,bitmart,BTC/USDT:USDT,118814.8,11195.0,118814.7,616.0,118814.9,9664.0,118815.0,561.0
1753769627918,06:13:47.918,bitmart,BTC/USDT:USDT,118814.8,10920.0,118814.7,652.0,118814.9,10022.0,118815.0,553.0
1753769628122,06:13:48.122,bitmart,BTC/USDT:USDT,118814.8,15978.0,118814.7,652.0,118814.9,14651.0,118815.0,553.0
1753769628717,06:13:48.717,bitmart,BTC/USDT:USDT,118814.8,15761.0,118814.7,652.0,118814.9,14636.0,118815.0,553.0
1753769629335,06:13:49.335,bitmart,BTC/USDT:USDT,118814.8,15344.0,118814.7,652.0,118814.9,16268.0,118815.0,553.0
1753769629524,06:13:49.524,bitmart,BTC/USDT:USDT,118814.8,15657.0,118814.7,652.0,118814.9,16573.0,118815.0,553.0
1753769630125,06:13:50.125,bitmart,BTC/USDT:USDT,118814.8,15553.0,118814.7,652.0,118814.9,15844.0,118815.0,553.0
1753769630916,06:13:50.916,bitmart,BTC/USDT:USDT,118814.8,10740.0,118814.7,652.0,118814.9,9931.0,118815.0,553.0
1753769631320,06:13:51.320,bitmart,BTC/USDT:USDT,118814.8,15684.0,118814.7,652.0,118814.9,14251.0,118815.0,553.0
1753769631920,06:13:51.920,bitmart,BTC/USDT:USDT,118814.8,9861.0,118814.7,652.0,118814.9,11065.0,118815.0,553.0
1753769633724,06:13:53.724,bitmart,BTC/USDT:USDT,118814.8,15118.0,118814.7,652.0,118814.9,16732.0,118815.0,553.0
1753769633920,06:13:53.920,bitmart,BTC/USDT:USDT,118814.8,15496.0,118814.7,652.0,118814.9,16486.0,118815.0,553.0
1753769634116,06:13:54.116,bitmart,BTC/USDT:USDT,118814.8,15605.0,118814.7,652.0,118814.9,16478.0,118815.0,553.0
1753769634520,06:13:54.520,bitmart,BTC/USDT:USDT,118814.8,10474.0,118814.7,652.0,118814.9,11926.0,118815.0,553.0
1753769634920,06:13:54.920,bitmart,BTC/USDT:USDT,118814.8,17462.0,118814.7,652.0,118814.9,19244.0,118815.0,553.0
1753769635120,06:13:55.120,bitmart,BTC/USDT:USDT,118814.8,2386.0,118814.7,652.0,118814.9,3051.0,118815.0,553.0
1753769636950,06:13:56.950,bitmart,BTC/USDT:USDT,118814.8,14487.0,118814.7,652.0,118822.1,7538.0,118822.2,556.0
1753769637116,06:13:57.116,bitmart,BTC/USDT:USDT,118822.0,16079.0,118821.9,613.0,118822.1,7245.0,118822.2,556.0
1753769637722,06:13:57.722,bitmart,BTC/USDT:USDT,118822.0,15834.0,118821.9,613.0,118822.1,7921.0,118822.2,556.0
1753769637919,06:13:57.919,bitmart,BTC/USDT:USDT,118822.0,11578.0,118821.9,613.0,118822.1,3377.0,118822.2,556.0
1753769638720,06:13:58.720,bitmart,BTC/USDT:USDT,118822.0,14594.0,118821.9,613.0,118822.1,8042.0,118822.2,556.0
1753769638917,06:13:58.917,bitmart,BTC/USDT:USDT,118822.0,15032.0,118821.9,613.0,118822.1,8982.0,118822.2,556.0
1753769640561,06:14:00.561,bitmart,BTC/USDT:USDT,118822.0,4227.0,118821.9,613.0,118822.1,5474.0,118822.2,556.0
1753769640916,06:14:00.916,bitmart,BTC/USDT:USDT,118822.0,11034.0,118821.9,613.0,118822.1,367.0,118822.2,556.0
1753769641122,06:14:01.122,bitmart,BTC/USDT:USDT,118822.0,15920.0,118821.9,613.0,118822.1,946.0,118822.2,556.0
1753769641318,06:14:01.318,bitmart,BTC/USDT:USDT,118822.0,15437.0,118821.9,613.0,118822.1,262.0,118822.2,556.0
1753769641916,06:14:01.916,bitmart,BTC/USDT:USDT,118822.0,15938.0,118821.9,613.0,118822.1,1033.0,118822.2,556.0
1753769642921,06:14:02.921,bitmart,BTC/USDT:USDT,118822.0,10875.0,118821.9,613.0,118822.1,3339.0,118822.2,556.0
1753769643117,06:14:03.117,bitmart,BTC/USDT:USDT,118822.0,15570.0,118821.9,613.0,118822.1,6145.0,118822.2,556.0
1753769643720,06:14:03.720,bitmart,BTC/USDT:USDT,118822.0,10875.0,118821.9,613.0,118822.1,3373.0,118822.2,556.0
1753769643932,06:14:03.932,bitmart,BTC/USDT:USDT,118822.0,10875.0,118821.9,613.0,118822.1,3405.0,118822.2,556.0
1753769645120,06:14:05.120,bitmart,BTC/USDT:USDT,118822.0,13328.0,118821.9,613.0,118822.1,8241.0,118822.2,556.0
1753769645321,06:14:05.321,bitmart,BTC/USDT:USDT,118822.0,13589.0,118821.9,613.0,118822.1,7847.0,118822.2,556.0
1753769646116,06:14:06.116,bitmart,BTC/USDT:USDT,118822.0,13819.0,118821.9,613.0,118822.1,761.0,118822.2,556.0
1753769646322,06:14:06.322,bitmart,BTC/USDT:USDT,118822.0,8821.0,118821.9,613.0,118822.1,354.0,118822.2,556.0
1753769646522,06:14:06.522,bitmart,BTC/USDT:USDT,118822.0,15917.0,118821.9,625.0,118822.1,826.0,118822.2,476.0
1753769646717,06:14:06.717,bitmart,BTC/USDT:USDT,118822.0,11156.0,118821.9,625.0,118822.1,499.0,118822.2,476.0
1753769646934,06:14:06.934,bitmart,BTC/USDT:USDT,118822.0,16221.0,118821.9,625.0,118822.1,958.0,118822.2,476.0
1753769647324,06:14:07.324,bitmart,BTC/USDT:USDT,118822.0,15641.0,118821.9,625.0,118822.1,951.0,118822.2,476.0
1753769647924,06:14:07.924,bitmart,BTC/USDT:USDT,118822.0,15604.0,118821.9,625.0,118822.1,998.0,118822.2,476.0
1753769648726,06:14:08.726,bitmart,BTC/USDT:USDT,118822.0,15332.0,118821.9,625.0,118822.1,928.0,118822.2,476.0
1753769648918,06:14:08.918,bitmart,BTC/USDT:USDT,118822.0,15317.0,118821.9,625.0,118822.1,1022.0,118822.2,476.0
1753769650117,06:14:10.117,bitmart,BTC/USDT:USDT,118822.0,16222.0,118821.9,625.0,118822.1,7398.0,118822.2,476.0
1753769650318,06:14:10.318,bitmart,BTC/USDT:USDT,118822.0,15502.0,118821.9,625.0,118822.1,5922.0,118822.2,476.0
1753769650516,06:14:10.516,bitmart,BTC/USDT:USDT,118822.0,16118.0,118821.9,625.0,118822.1,6683.0,118822.2,476.0
1753769650922,06:14:10.922,bitmart,BTC/USDT:USDT,118822.0,15969.0,118821.9,625.0,118822.1,7694.0,118822.2,476.0
1753769651119,06:14:11.119,bitmart,BTC/USDT:USDT,118822.0,15542.0,118821.9,625.0,118822.1,7427.0,118822.2,476.0
1753769651529,06:14:11.529,bitmart,BTC/USDT:USDT,118822.0,16003.0,118821.9,625.0,118822.1,962.0,118822.2,476.0
1753769652119,06:14:12.119,bitmart,BTC/USDT:USDT,118822.0,11079.0,118821.9,625.0,118822.1,483.0,118822.2,476.0
1753769652522,06:14:12.522,bitmart,BTC/USDT:USDT,118822.0,12400.0,118821.9,625.0,118825.0,8640.0,118825.1,559.0
1753769652722,06:14:12.722,bitmart,BTC/USDT:USDT,118824.9,4367.0,118824.8,193.0,118825.0,8884.0,118825.1,559.0
1753769653517,06:14:13.517,bitmart,BTC/USDT:USDT,118824.9,15206.0,118824.8,560.0,118825.0,4217.0,118825.1,559.0
1753769653720,06:14:13.720,bitmart,BTC/USDT:USDT,118824.9,10192.0,118824.8,560.0,118825.0,5663.0,118825.1,559.0
1753769654116,06:14:14.116,bitmart,BTC/USDT:USDT,118824.9,15104.0,118824.8,560.0,118825.0,10195.0,118825.1,559.0
1753769654316,06:14:14.316,bitmart,BTC/USDT:USDT,118824.9,14556.0,118824.8,560.0,118825.0,10294.0,118825.1,559.0
1753769654718,06:14:14.718,bitmart,BTC/USDT:USDT,118824.9,14733.0,118824.8,560.0,118825.0,10154.0,118825.1,559.0
1753769654916,06:14:14.916,bitmart,BTC/USDT:USDT,118824.9,15185.0,118824.8,560.0,118825.0,10580.0,118825.1,559.0
1753769655717,06:14:15.717,bitmart,BTC/USDT:USDT,118824.9,11281.0,118824.8,560.0,118825.0,5614.0,118825.1,559.0
1753769655921,06:14:15.921,bitmart,BTC/USDT:USDT,118824.9,16116.0,118824.8,560.0,118825.0,9951.0,118825.1,559.0
1753769656119,06:14:16.119,bitmart,BTC/USDT:USDT,118824.9,15736.0,118824.8,560.0,118825.0,10560.0,118825.1,559.0
