timestamp,time,exchange,symbol,bid1_price,bid1_volume,bid2_price,bid2_volume,ask1_price,ask1_volume,ask2_price,ask2_volume
1753769545341,06:12:25.341,kucoinfutures,ETH/USDT:USDT,3809.11,1034.0,3808.93,10.0,3809.12,1041.0,3809.28,31.0
1753769545358,06:12:25.358,kucoinfutures,ETH/USDT:USDT,3809.11,1034.0,3808.93,10.0,3809.12,1041.0,3809.28,31.0
1753769545362,06:12:25.362,kucoinfutures,ETH/USDT:USDT,3809.11,1034.0,3808.93,10.0,3809.12,1041.0,3809.28,31.0
1753769545371,06:12:25.371,kucoinfutures,ETH/USDT:USDT,3809.11,1034.0,3808.93,10.0,3809.12,1041.0,3809.28,31.0
1753769545391,06:12:25.391,kucoinfutures,ETH/USDT:USDT,3809.11,1034.0,3808.93,10.0,3809.12,1041.0,3809.28,31.0
1753769545404,06:12:25.404,kucoinfutures,ETH/USDT:USDT,3809.11,1034.0,3808.93,10.0,3809.12,1041.0,3809.28,31.0
1753769545444,06:12:25.444,kucoinfutures,ETH/USDT:USDT,3809.11,1034.0,3808.93,10.0,3809.12,1041.0,3809.27,55.0
1753769545445,06:12:25.445,kucoinfutures,ETH/USDT:USDT,3809.11,1034.0,3808.93,10.0,3809.12,1041.0,3809.27,159.0
1753769545448,06:12:25.448,kucoinfutures,ETH/USDT:USDT,3809.11,1034.0,3808.93,10.0,3809.12,1041.0,3809.26,48.0
1753769545448,06:12:25.448,kucoinfutures,ETH/USDT:USDT,3809.11,1034.0,3808.93,10.0,3809.12,1041.0,3809.27,159.0
1753769545450,06:12:25.450,kucoinfutures,ETH/USDT:USDT,3809.11,1034.0,3808.93,10.0,3809.12,1041.0,3809.26,48.0
1753769545456,06:12:25.456,kucoinfutures,ETH/USDT:USDT,3809.11,1034.0,3808.93,10.0,3809.12,1041.0,3809.26,48.0
1753769545461,06:12:25.461,kucoinfutures,ETH/USDT:USDT,3809.11,1034.0,3808.93,10.0,3809.12,1041.0,3809.26,48.0
1753769545463,06:12:25.463,kucoinfutures,ETH/USDT:USDT,3809.11,1034.0,3808.93,10.0,3809.12,1041.0,3809.26,48.0
1753769545477,06:12:25.477,kucoinfutures,ETH/USDT:USDT,3809.11,1034.0,3808.93,10.0,3809.12,1041.0,3809.26,48.0
1753769545480,06:12:25.480,kucoinfutures,ETH/USDT:USDT,3809.11,1034.0,3808.93,10.0,3809.12,1041.0,3809.26,48.0
1753769545484,06:12:25.484,kucoinfutures,ETH/USDT:USDT,3809.11,1034.0,3808.93,10.0,3809.12,1041.0,3809.26,48.0
1753769545544,06:12:25.544,kucoinfutures,ETH/USDT:USDT,3809.11,1034.0,3808.93,10.0,3809.12,1041.0,3809.26,48.0
1753769545556,06:12:25.556,kucoinfutures,ETH/USDT:USDT,3809.11,1034.0,3808.93,10.0,3809.12,1041.0,3809.26,48.0
1753769545559,06:12:25.559,kucoinfutures,ETH/USDT:USDT,3809.11,1034.0,3808.93,10.0,3809.12,1041.0,3809.26,48.0
1753769545560,06:12:25.560,kucoinfutures,ETH/USDT:USDT,3809.11,1034.0,3808.93,10.0,3809.12,1041.0,3809.26,207.0
1753769545561,06:12:25.561,kucoinfutures,ETH/USDT:USDT,3809.11,1034.0,3808.93,10.0,3809.12,1041.0,3809.26,207.0
1753769545563,06:12:25.563,kucoinfutures,ETH/USDT:USDT,3809.11,1034.0,3808.93,10.0,3809.12,1041.0,3809.25,48.0
1753769545568,06:12:25.568,kucoinfutures,ETH/USDT:USDT,3809.11,1034.0,3808.93,10.0,3809.12,1041.0,3809.25,48.0
1753769545605,06:12:25.605,kucoinfutures,ETH/USDT:USDT,3809.11,1034.0,3808.93,10.0,3809.12,1041.0,3809.25,48.0
1753769545622,06:12:25.622,kucoinfutures,ETH/USDT:USDT,3809.11,1034.0,3808.93,10.0,3809.12,1041.0,3809.25,48.0
1753769545624,06:12:25.624,kucoinfutures,ETH/USDT:USDT,3809.11,1034.0,3808.93,10.0,3809.12,1041.0,3809.25,48.0
1753769545628,06:12:25.628,kucoinfutures,ETH/USDT:USDT,3809.11,1034.0,3808.93,10.0,3809.12,1041.0,3809.25,48.0
1753769545634,06:12:25.634,kucoinfutures,ETH/USDT:USDT,3809.11,1034.0,3808.93,10.0,3809.12,1041.0,3809.25,48.0
1753769545655,06:12:25.655,kucoinfutures,ETH/USDT:USDT,3809.11,1034.0,3808.93,10.0,3809.12,1041.0,3809.25,48.0
1753769545655,06:12:25.655,kucoinfutures,ETH/USDT:USDT,3809.11,1034.0,3808.93,10.0,3809.12,1041.0,3809.25,48.0
1753769545659,06:12:25.659,kucoinfutures,ETH/USDT:USDT,3809.11,1034.0,3808.93,10.0,3809.12,1041.0,3809.25,48.0
1753769545668,06:12:25.668,kucoinfutures,ETH/USDT:USDT,3809.11,1034.0,3808.93,10.0,3809.12,1041.0,3809.25,48.0
1753769545669,06:12:25.669,kucoinfutures,ETH/USDT:USDT,3809.11,1034.0,3808.93,10.0,3809.12,1041.0,3809.25,48.0
1753769545688,06:12:25.688,kucoinfutures,ETH/USDT:USDT,3809.11,1034.0,3808.93,10.0,3809.12,1041.0,3809.25,48.0
1753769545689,06:12:25.689,kucoinfutures,ETH/USDT:USDT,3809.11,1034.0,3808.93,10.0,3809.12,1041.0,3809.25,48.0
1753769545693,06:12:25.693,kucoinfutures,ETH/USDT:USDT,3809.11,1034.0,3808.93,10.0,3809.12,1041.0,3809.25,48.0
1753769545694,06:12:25.694,kucoinfutures,ETH/USDT:USDT,3809.11,1034.0,3808.93,10.0,3809.12,1041.0,3809.25,48.0
1753769545696,06:12:25.696,kucoinfutures,ETH/USDT:USDT,3809.11,1034.0,3808.93,10.0,3809.12,1041.0,3809.25,48.0
1753769545697,06:12:25.697,kucoinfutures,ETH/USDT:USDT,3809.11,1034.0,3808.93,10.0,3809.12,1041.0,3809.25,48.0
1753769545705,06:12:25.705,kucoinfutures,ETH/USDT:USDT,3809.11,1034.0,3808.93,10.0,3809.12,1342.0,3809.25,48.0
1753769545707,06:12:25.707,kucoinfutures,ETH/USDT:USDT,3809.11,1034.0,3808.93,10.0,3809.12,1342.0,3809.24,55.0
1753769545707,06:12:25.707,kucoinfutures,ETH/USDT:USDT,3809.11,1034.0,3808.93,10.0,3809.12,1342.0,3809.24,159.0
1753769545708,06:12:25.708,kucoinfutures,ETH/USDT:USDT,3809.11,1034.0,3808.93,10.0,3809.12,1342.0,3809.24,159.0
1753769545710,06:12:25.710,kucoinfutures,ETH/USDT:USDT,3809.11,1034.0,3808.93,10.0,3809.12,1342.0,3809.24,159.0
1753769545711,06:12:25.711,kucoinfutures,ETH/USDT:USDT,3809.11,1034.0,3808.93,10.0,3809.12,1342.0,3809.23,48.0
1753769545715,06:12:25.715,kucoinfutures,ETH/USDT:USDT,3809.11,1034.0,3808.93,10.0,3809.12,1342.0,3809.23,48.0
1753769545732,06:12:25.732,kucoinfutures,ETH/USDT:USDT,3809.11,1034.0,3808.93,10.0,3809.12,1342.0,3809.23,48.0
1753769545735,06:12:25.735,kucoinfutures,ETH/USDT:USDT,3809.11,1034.0,3808.93,10.0,3809.12,1342.0,3809.23,48.0
1753769545740,06:12:25.740,kucoinfutures,ETH/USDT:USDT,3809.11,1034.0,3808.93,10.0,3809.12,1342.0,3809.23,48.0
1753769545827,06:12:25.827,kucoinfutures,ETH/USDT:USDT,3809.11,1034.0,3808.93,10.0,3809.12,1342.0,3809.23,48.0
1753769545831,06:12:25.831,kucoinfutures,ETH/USDT:USDT,3809.11,1034.0,3808.93,10.0,3809.12,1342.0,3809.22,104.0
1753769545831,06:12:25.831,kucoinfutures,ETH/USDT:USDT,3809.11,1034.0,3808.93,10.0,3809.12,1342.0,3809.22,159.0
1753769545837,06:12:25.837,kucoinfutures,ETH/USDT:USDT,3809.11,1034.0,3808.93,10.0,3809.12,1342.0,3809.22,159.0
1753769545848,06:12:25.848,kucoinfutures,ETH/USDT:USDT,3809.11,1034.0,3808.93,10.0,3809.12,1342.0,3809.22,159.0
1753769545856,06:12:25.856,kucoinfutures,ETH/USDT:USDT,3809.11,1034.0,3808.93,10.0,3809.12,1342.0,3809.22,159.0
1753769545859,06:12:25.859,kucoinfutures,ETH/USDT:USDT,3809.11,1034.0,3808.93,10.0,3809.12,1342.0,3809.22,159.0
1753769545888,06:12:25.888,kucoinfutures,ETH/USDT:USDT,3809.11,861.0,3808.93,10.0,3809.12,1342.0,3809.22,159.0
1753769545960,06:12:25.960,kucoinfutures,ETH/USDT:USDT,3809.11,861.0,3808.93,10.0,3809.12,1547.0,3809.32,173.0
1753769546857,06:12:26.857,kucoinfutures,ETH/USDT:USDT,3808.79,57.0,3808.59,28.0,3808.8,2142.0,3808.91,52.0
1753769546860,06:12:26.860,kucoinfutures,ETH/USDT:USDT,3808.79,1.0,3808.59,28.0,3808.8,2142.0,3808.91,52.0
1753769546864,06:12:26.864,kucoinfutures,ETH/USDT:USDT,3808.79,1.0,3808.69,1.0,3808.8,2142.0,3808.91,52.0
1753769546865,06:12:26.865,kucoinfutures,ETH/USDT:USDT,3808.69,1.0,3808.59,28.0,3808.8,2142.0,3808.91,52.0
1753769546867,06:12:26.867,kucoinfutures,ETH/USDT:USDT,3808.69,1.0,3808.59,28.0,3808.7,405.0,3808.8,2142.0
1753769546868,06:12:26.868,kucoinfutures,ETH/USDT:USDT,3808.69,1.0,3808.59,28.0,3808.7,517.0,3808.8,2038.0
1753769546868,06:12:26.868,kucoinfutures,ETH/USDT:USDT,3808.69,1.0,3808.59,28.0,3808.7,563.0,3808.8,1992.0
1753769546868,06:12:26.868,kucoinfutures,ETH/USDT:USDT,3808.69,1.0,3808.59,28.0,3808.7,618.0,3808.8,1992.0
1753769546869,06:12:26.869,kucoinfutures,ETH/USDT:USDT,3808.69,70.0,3808.59,28.0,3808.7,1282.0,3808.71,35.0
1753769546873,06:12:26.873,kucoinfutures,ETH/USDT:USDT,3808.69,72.0,3808.59,28.0,3808.7,1986.0,3808.71,37.0
1753769546879,06:12:26.879,kucoinfutures,ETH/USDT:USDT,3808.69,72.0,3808.59,28.0,3808.7,2574.0,3808.71,35.0
1753769546881,06:12:26.881,kucoinfutures,ETH/USDT:USDT,3808.69,72.0,3808.59,28.0,3808.7,2574.0,3808.71,35.0
1753769546884,06:12:26.884,kucoinfutures,ETH/USDT:USDT,3808.69,72.0,3808.59,28.0,3808.7,2574.0,3808.71,35.0
1753769546888,06:12:26.888,kucoinfutures,ETH/USDT:USDT,3808.69,72.0,3808.59,28.0,3808.7,2574.0,3808.71,35.0
1753769546888,06:12:26.888,kucoinfutures,ETH/USDT:USDT,3808.69,72.0,3808.59,28.0,3808.7,2574.0,3808.71,35.0
1753769546900,06:12:26.900,kucoinfutures,ETH/USDT:USDT,3808.69,72.0,3808.59,28.0,3808.7,2169.0,3808.71,35.0
1753769546918,06:12:26.918,kucoinfutures,ETH/USDT:USDT,3808.69,72.0,3808.59,28.0,3808.7,2195.0,3808.71,35.0
1753769546919,06:12:26.919,kucoinfutures,ETH/USDT:USDT,3808.69,72.0,3808.59,28.0,3808.7,2195.0,3808.71,35.0
1753769546955,06:12:26.955,kucoinfutures,ETH/USDT:USDT,3808.69,72.0,3808.59,28.0,3808.7,2195.0,3808.71,35.0
1753769546957,06:12:26.957,kucoinfutures,ETH/USDT:USDT,3808.69,130.0,3808.59,28.0,3808.7,2195.0,3808.71,35.0
1753769546959,06:12:26.959,kucoinfutures,ETH/USDT:USDT,3808.69,130.0,3808.59,28.0,3808.7,2480.0,3808.71,35.0
1753769546962,06:12:26.962,kucoinfutures,ETH/USDT:USDT,3808.69,130.0,3808.59,28.0,3808.7,2480.0,3808.71,35.0
1753769546982,06:12:26.982,kucoinfutures,ETH/USDT:USDT,3808.69,130.0,3808.59,28.0,3808.7,2480.0,3808.71,35.0
1753769547214,06:12:27.214,kucoinfutures,ETH/USDT:USDT,3808.69,303.0,3808.6,96.0,3808.7,2408.0,3808.79,26.0
1753769547498,06:12:27.498,kucoinfutures,ETH/USDT:USDT,3808.69,130.0,3808.6,96.0,3808.7,2409.0,3808.79,26.0
1753769547512,06:12:27.512,kucoinfutures,ETH/USDT:USDT,3808.69,130.0,3808.6,96.0,3808.7,2455.0,3808.79,26.0
1753769547514,06:12:27.514,kucoinfutures,ETH/USDT:USDT,3808.69,130.0,3808.6,96.0,3808.7,2455.0,3808.92,26.0
1753769547556,06:12:27.556,kucoinfutures,ETH/USDT:USDT,3808.69,130.0,3808.6,96.0,3808.7,2455.0,3808.92,30.0
1753769547655,06:12:27.655,kucoinfutures,ETH/USDT:USDT,3808.69,303.0,3808.6,96.0,3808.7,2455.0,3808.92,30.0
1753769548312,06:12:28.312,kucoinfutures,ETH/USDT:USDT,3808.69,303.0,3808.6,96.0,3808.7,2455.0,3808.92,30.0
1753769548505,06:12:28.505,kucoinfutures,ETH/USDT:USDT,3808.69,303.0,3808.62,96.0,3808.7,2004.0,3808.92,30.0
1753769548944,06:12:28.944,kucoinfutures,ETH/USDT:USDT,3808.69,130.0,3808.62,96.0,3808.7,2050.0,3808.92,30.0
1753769549092,06:12:29.092,kucoinfutures,ETH/USDT:USDT,3808.69,130.0,3808.62,96.0,3808.7,2050.0,3808.92,30.0
1753769549093,06:12:29.093,kucoinfutures,ETH/USDT:USDT,3808.69,130.0,3808.62,96.0,3808.7,2050.0,3808.92,30.0
1753769549095,06:12:29.095,kucoinfutures,ETH/USDT:USDT,3808.69,130.0,3808.62,96.0,3808.7,2050.0,3808.92,30.0
1753769549096,06:12:29.096,kucoinfutures,ETH/USDT:USDT,3808.69,130.0,3808.62,96.0,3808.7,2050.0,3808.92,30.0
1753769549103,06:12:29.103,kucoinfutures,ETH/USDT:USDT,3808.69,130.0,3808.62,96.0,3808.7,2050.0,3808.92,30.0
1753769549107,06:12:29.107,kucoinfutures,ETH/USDT:USDT,3808.69,130.0,3808.59,28.0,3808.7,2050.0,3808.92,30.0
1753769549117,06:12:29.117,kucoinfutures,ETH/USDT:USDT,3808.69,130.0,3808.59,28.0,3808.7,2050.0,3808.92,30.0
1753769549122,06:12:29.122,kucoinfutures,ETH/USDT:USDT,3808.69,130.0,3808.59,28.0,3808.7,2050.0,3808.92,30.0
1753769550057,06:12:30.057,kucoinfutures,ETH/USDT:USDT,3808.3,70.0,3808.1,173.0,3808.31,2256.0,3808.32,35.0
1753769550261,06:12:30.261,kucoinfutures,ETH/USDT:USDT,3808.3,301.0,3808.14,10.0,3808.31,2459.0,3808.6,30.0
1753769550368,06:12:30.368,kucoinfutures,ETH/USDT:USDT,3808.3,70.0,3808.1,173.0,3808.31,2459.0,3808.49,4.0
1753769552109,06:12:32.109,kucoinfutures,ETH/USDT:USDT,3809.02,1794.0,3808.9,177.0,3809.03,452.0,3809.21,104.0
1753769552330,06:12:32.330,kucoinfutures,ETH/USDT:USDT,3809.02,1794.0,3808.9,177.0,3809.03,59.0,3809.26,297.0
1753769552359,06:12:32.359,kucoinfutures,ETH/USDT:USDT,3809.02,1794.0,3808.9,177.0,3809.03,3.0,3809.26,297.0
1753769552455,06:12:32.455,kucoinfutures,ETH/USDT:USDT,3809.02,1794.0,3808.9,177.0,3809.03,3.0,3809.26,297.0
1753769552457,06:12:32.457,kucoinfutures,ETH/USDT:USDT,3809.02,1794.0,3808.9,177.0,3809.03,3.0,3809.26,297.0
1753769552458,06:12:32.458,kucoinfutures,ETH/USDT:USDT,3809.02,1794.0,3808.9,177.0,3809.03,1.0,3809.26,297.0
1753769552460,06:12:32.460,kucoinfutures,ETH/USDT:USDT,3809.02,1794.0,3808.9,177.0,3809.03,1.0,3809.26,297.0
1753769552461,06:12:32.461,kucoinfutures,ETH/USDT:USDT,3809.02,1794.0,3808.9,177.0,3809.03,1.0,3809.26,297.0
1753769552462,06:12:32.462,kucoinfutures,ETH/USDT:USDT,3809.02,2450.0,3808.9,177.0,3809.03,1.0,3809.13,1.0
1753769552465,06:12:32.465,kucoinfutures,ETH/USDT:USDT,3809.12,4.0,3809.02,2450.0,3809.13,1.0,3809.26,297.0
1753769552467,06:12:32.467,kucoinfutures,ETH/USDT:USDT,3809.12,363.0,3809.02,2450.0,3809.13,1.0,3809.26,297.0
1753769552467,06:12:32.467,kucoinfutures,ETH/USDT:USDT,3809.12,811.0,3809.03,735.0,3809.13,1.0,3809.26,297.0
1753769552468,06:12:32.468,kucoinfutures,ETH/USDT:USDT,3809.12,1389.0,3809.11,2.0,3809.13,1.0,3809.26,297.0
1753769552468,06:12:32.468,kucoinfutures,ETH/USDT:USDT,3809.12,1599.0,3809.11,2.0,3809.13,1.0,3809.26,297.0
1753769552473,06:12:32.473,kucoinfutures,ETH/USDT:USDT,3809.12,1700.0,3809.11,103.0,3809.13,3.0,3809.26,297.0
1753769552475,06:12:32.475,kucoinfutures,ETH/USDT:USDT,3809.12,1700.0,3809.11,101.0,3809.13,3.0,3809.26,297.0
1753769552475,06:12:32.475,kucoinfutures,ETH/USDT:USDT,3809.12,1700.0,3809.11,101.0,3809.13,3.0,3809.26,297.0
1753769552477,06:12:32.477,kucoinfutures,ETH/USDT:USDT,3809.12,1700.0,3809.11,101.0,3809.13,3.0,3809.26,297.0
1753769552478,06:12:32.478,kucoinfutures,ETH/USDT:USDT,3809.12,2273.0,3809.11,101.0,3809.13,3.0,3809.26,297.0
1753769552480,06:12:32.480,kucoinfutures,ETH/USDT:USDT,3809.12,2273.0,3809.11,101.0,3809.13,3.0,3809.26,297.0
1753769552557,06:12:32.557,kucoinfutures,ETH/USDT:USDT,3809.12,1854.0,3809.11,101.0,3809.13,3.0,3809.26,297.0
1753769553005,06:12:33.005,kucoinfutures,ETH/USDT:USDT,3809.12,1854.0,3809.11,96.0,3809.13,168.0,3809.26,297.0
1753769553796,06:12:33.796,kucoinfutures,ETH/USDT:USDT,3809.32,2635.0,3809.31,99.0,3809.33,3.0,3809.62,4.0
1753769553818,06:12:33.818,kucoinfutures,ETH/USDT:USDT,3809.32,2635.0,3809.31,99.0,3809.33,3.0,3809.62,4.0
1753769553857,06:12:33.857,kucoinfutures,ETH/USDT:USDT,3809.32,2635.0,3809.25,96.0,3809.33,1.0,3809.62,4.0
1753769553881,06:12:33.881,kucoinfutures,ETH/USDT:USDT,3809.42,2465.0,3809.41,101.0,3809.43,3.0,3809.62,4.0
1753769553884,06:12:33.884,kucoinfutures,ETH/USDT:USDT,3809.42,2465.0,3809.41,101.0,3809.43,3.0,3809.62,4.0
1753769553907,06:12:33.907,kucoinfutures,ETH/USDT:USDT,3809.42,2047.0,3809.41,101.0,3809.43,3.0,3809.62,4.0
1753769553943,06:12:33.943,kucoinfutures,ETH/USDT:USDT,3809.42,2047.0,3809.41,101.0,3809.43,3.0,3809.62,4.0
1753769553955,06:12:33.955,kucoinfutures,ETH/USDT:USDT,3809.42,2047.0,3809.41,101.0,3809.43,3.0,3809.62,4.0
1753769553957,06:12:33.957,kucoinfutures,ETH/USDT:USDT,3809.42,2047.0,3809.41,101.0,3809.43,3.0,3809.62,4.0
1753769554010,06:12:34.010,kucoinfutures,ETH/USDT:USDT,3809.42,2703.0,3809.41,197.0,3809.43,3.0,3809.62,4.0
1753769554036,06:12:34.036,kucoinfutures,ETH/USDT:USDT,3809.42,2703.0,3809.41,197.0,3809.43,3.0,3809.62,4.0
1753769554039,06:12:34.039,kucoinfutures,ETH/USDT:USDT,3809.42,2703.0,3809.41,197.0,3809.43,3.0,3809.62,4.0
1753769554041,06:12:34.041,kucoinfutures,ETH/USDT:USDT,3809.42,2703.0,3809.41,197.0,3809.43,3.0,3809.62,4.0
1753769554045,06:12:34.045,kucoinfutures,ETH/USDT:USDT,3809.42,2703.0,3809.41,197.0,3809.43,3.0,3809.62,4.0
1753769554046,06:12:34.046,kucoinfutures,ETH/USDT:USDT,3809.42,2703.0,3809.41,197.0,3809.43,3.0,3809.62,4.0
1753769554049,06:12:34.049,kucoinfutures,ETH/USDT:USDT,3809.42,2703.0,3809.41,197.0,3809.43,3.0,3809.62,4.0
1753769554050,06:12:34.050,kucoinfutures,ETH/USDT:USDT,3809.42,2703.0,3809.41,197.0,3809.43,3.0,3809.62,4.0
1753769554066,06:12:34.066,kucoinfutures,ETH/USDT:USDT,3809.42,2703.0,3809.41,195.0,3809.43,3.0,3809.62,4.0
1753769554102,06:12:34.102,kucoinfutures,ETH/USDT:USDT,3809.42,2703.0,3809.41,195.0,3809.43,3.0,3809.62,4.0
1753769554111,06:12:34.111,kucoinfutures,ETH/USDT:USDT,3809.42,2703.0,3809.41,195.0,3809.43,3.0,3809.62,4.0
1753769554112,06:12:34.112,kucoinfutures,ETH/USDT:USDT,3809.42,2703.0,3809.41,195.0,3809.43,3.0,3809.62,4.0
1753769554114,06:12:34.114,kucoinfutures,ETH/USDT:USDT,3809.42,2703.0,3809.41,195.0,3809.43,3.0,3809.62,4.0
1753769554118,06:12:34.118,kucoinfutures,ETH/USDT:USDT,3809.42,2703.0,3809.41,195.0,3809.43,3.0,3809.62,4.0
1753769554146,06:12:34.146,kucoinfutures,ETH/USDT:USDT,3809.42,2703.0,3809.41,195.0,3809.43,3.0,3809.62,4.0
1753769554149,06:12:34.149,kucoinfutures,ETH/USDT:USDT,3809.42,2703.0,3809.41,195.0,3809.43,3.0,3809.62,4.0
1753769554177,06:12:34.177,kucoinfutures,ETH/USDT:USDT,3809.52,1876.0,3809.51,101.0,3809.53,97.0,3809.62,4.0
1753769554177,06:12:34.177,kucoinfutures,ETH/USDT:USDT,3809.52,1876.0,3809.51,101.0,3809.53,97.0,3809.62,4.0
1753769554220,06:12:34.220,kucoinfutures,ETH/USDT:USDT,3809.52,1876.0,3809.51,101.0,3809.53,97.0,3809.62,4.0
1753769554224,06:12:34.224,kucoinfutures,ETH/USDT:USDT,3809.52,1876.0,3809.51,101.0,3809.53,97.0,3809.62,4.0
1753769554228,06:12:34.228,kucoinfutures,ETH/USDT:USDT,3809.52,1876.0,3809.51,101.0,3809.53,97.0,3809.62,4.0
1753769554232,06:12:34.232,kucoinfutures,ETH/USDT:USDT,3809.52,1876.0,3809.51,101.0,3809.53,97.0,3809.62,4.0
1753769554247,06:12:34.247,kucoinfutures,ETH/USDT:USDT,3809.52,1876.0,3809.51,101.0,3809.53,97.0,3809.62,4.0
1753769554249,06:12:34.249,kucoinfutures,ETH/USDT:USDT,3809.52,1876.0,3809.51,101.0,3809.53,97.0,3809.62,4.0
1753769554251,06:12:34.251,kucoinfutures,ETH/USDT:USDT,3809.52,1876.0,3809.51,101.0,3809.53,97.0,3809.62,4.0
1753769554255,06:12:34.255,kucoinfutures,ETH/USDT:USDT,3809.52,1876.0,3809.51,101.0,3809.53,97.0,3809.62,4.0
1753769554257,06:12:34.257,kucoinfutures,ETH/USDT:USDT,3809.52,1876.0,3809.51,101.0,3809.53,97.0,3809.62,4.0
1753769554260,06:12:34.260,kucoinfutures,ETH/USDT:USDT,3809.52,1876.0,3809.51,101.0,3809.53,97.0,3809.62,4.0
1753769554320,06:12:34.320,kucoinfutures,ETH/USDT:USDT,3809.52,1876.0,3809.51,101.0,3809.53,98.0,3809.62,4.0
1753769554324,06:12:34.324,kucoinfutures,ETH/USDT:USDT,3809.52,1877.0,3809.51,197.0,3809.53,98.0,3809.62,4.0
1753769554327,06:12:34.327,kucoinfutures,ETH/USDT:USDT,3809.52,1877.0,3809.51,197.0,3809.53,98.0,3809.62,4.0
1753769554331,06:12:34.331,kucoinfutures,ETH/USDT:USDT,3809.52,1877.0,3809.51,197.0,3809.53,98.0,3809.62,4.0
1753769554331,06:12:34.331,kucoinfutures,ETH/USDT:USDT,3809.52,1877.0,3809.51,197.0,3809.53,98.0,3809.62,4.0
1753769554334,06:12:34.334,kucoinfutures,ETH/USDT:USDT,3809.52,1877.0,3809.51,197.0,3809.53,98.0,3809.62,4.0
1753769554338,06:12:34.338,kucoinfutures,ETH/USDT:USDT,3809.52,1877.0,3809.51,197.0,3809.53,98.0,3809.62,4.0
1753769554341,06:12:34.341,kucoinfutures,ETH/USDT:USDT,3809.52,1877.0,3809.51,197.0,3809.53,98.0,3809.62,4.0
1753769554446,06:12:34.446,kucoinfutures,ETH/USDT:USDT,3809.52,1877.0,3809.51,195.0,3809.53,98.0,3809.62,4.0
1753769554460,06:12:34.460,kucoinfutures,ETH/USDT:USDT,3809.52,1877.0,3809.51,96.0,3809.53,98.0,3809.62,4.0
1753769554505,06:12:34.505,kucoinfutures,ETH/USDT:USDT,3809.52,1877.0,3809.51,96.0,3809.53,98.0,3809.62,4.0
1753769554515,06:12:34.515,kucoinfutures,ETH/USDT:USDT,3809.52,1877.0,3809.51,96.0,3809.53,98.0,3809.62,4.0
1753769554516,06:12:34.516,kucoinfutures,ETH/USDT:USDT,3809.52,1877.0,3809.51,96.0,3809.53,98.0,3809.62,4.0
1753769554522,06:12:34.522,kucoinfutures,ETH/USDT:USDT,3809.52,1877.0,3809.51,96.0,3809.53,98.0,3809.62,4.0
1753769554523,06:12:34.523,kucoinfutures,ETH/USDT:USDT,3809.52,1877.0,3809.51,96.0,3809.53,98.0,3809.62,4.0
1753769554526,06:12:34.526,kucoinfutures,ETH/USDT:USDT,3809.52,1973.0,3809.43,197.0,3809.53,98.0,3809.62,4.0
1753769554528,06:12:34.528,kucoinfutures,ETH/USDT:USDT,3809.52,1973.0,3809.43,197.0,3809.53,98.0,3809.62,4.0
1753769554532,06:12:34.532,kucoinfutures,ETH/USDT:USDT,3809.52,1973.0,3809.43,197.0,3809.53,98.0,3809.62,4.0
1753769554536,06:12:34.536,kucoinfutures,ETH/USDT:USDT,3809.52,1973.0,3809.43,197.0,3809.53,98.0,3809.62,4.0
1753769554541,06:12:34.541,kucoinfutures,ETH/USDT:USDT,3809.52,1973.0,3809.43,197.0,3809.53,98.0,3809.62,4.0
1753769554556,06:12:34.556,kucoinfutures,ETH/USDT:USDT,3809.52,1973.0,3809.43,197.0,3809.53,98.0,3809.62,4.0
1753769554824,06:12:34.824,kucoinfutures,ETH/USDT:USDT,3809.52,1973.0,3809.43,197.0,3809.53,98.0,3809.62,4.0
1753769555097,06:12:35.097,kucoinfutures,ETH/USDT:USDT,3809.52,1973.0,3809.43,197.0,3809.53,98.0,3809.62,4.0
1753769555182,06:12:35.182,kucoinfutures,ETH/USDT:USDT,3809.52,1973.0,3809.43,197.0,3809.53,98.0,3809.62,4.0
1753769555184,06:12:35.184,kucoinfutures,ETH/USDT:USDT,3809.52,1973.0,3809.43,197.0,3809.53,98.0,3809.62,4.0
1753769555186,06:12:35.186,kucoinfutures,ETH/USDT:USDT,3809.52,1973.0,3809.43,197.0,3809.53,98.0,3809.62,4.0
1753769555191,06:12:35.191,kucoinfutures,ETH/USDT:USDT,3809.52,1973.0,3809.43,197.0,3809.53,98.0,3809.62,4.0
1753769555256,06:12:35.256,kucoinfutures,ETH/USDT:USDT,3809.52,1973.0,3809.43,197.0,3809.53,98.0,3809.62,4.0
1753769555257,06:12:35.257,kucoinfutures,ETH/USDT:USDT,3809.52,1973.0,3809.43,197.0,3809.53,98.0,3809.62,4.0
1753769555322,06:12:35.322,kucoinfutures,ETH/USDT:USDT,3809.52,1973.0,3809.43,197.0,3809.53,98.0,3809.62,4.0
1753769555323,06:12:35.323,kucoinfutures,ETH/USDT:USDT,3809.52,1973.0,3809.43,197.0,3809.53,98.0,3809.62,4.0
1753769555368,06:12:35.368,kucoinfutures,ETH/USDT:USDT,3809.52,1973.0,3809.43,197.0,3809.53,98.0,3809.62,4.0
1753769555372,06:12:35.372,kucoinfutures,ETH/USDT:USDT,3809.52,1973.0,3809.43,197.0,3809.53,98.0,3809.62,4.0
1753769555375,06:12:35.375,kucoinfutures,ETH/USDT:USDT,3809.52,1973.0,3809.43,197.0,3809.53,98.0,3809.62,4.0
1753769555439,06:12:35.439,kucoinfutures,ETH/USDT:USDT,3809.52,1973.0,3809.43,197.0,3809.53,108.0,3809.62,4.0
1753769555440,06:12:35.440,kucoinfutures,ETH/USDT:USDT,3809.52,1973.0,3809.43,197.0,3809.53,204.0,3809.62,4.0
1753769555449,06:12:35.449,kucoinfutures,ETH/USDT:USDT,3809.52,1973.0,3809.43,197.0,3809.53,204.0,3809.62,4.0
1753769555462,06:12:35.462,kucoinfutures,ETH/USDT:USDT,3809.52,1973.0,3809.43,197.0,3809.53,262.0,3809.62,4.0
1753769555463,06:12:35.463,kucoinfutures,ETH/USDT:USDT,3809.52,1973.0,3809.43,197.0,3809.53,262.0,3809.62,4.0
1753769555465,06:12:35.465,kucoinfutures,ETH/USDT:USDT,3809.52,1973.0,3809.43,197.0,3809.53,262.0,3809.62,4.0
1753769555482,06:12:35.482,kucoinfutures,ETH/USDT:USDT,3809.52,1973.0,3809.43,197.0,3809.53,262.0,3809.62,4.0
1753769555486,06:12:35.486,kucoinfutures,ETH/USDT:USDT,3809.52,1973.0,3809.43,197.0,3809.53,262.0,3809.62,4.0
1753769555504,06:12:35.504,kucoinfutures,ETH/USDT:USDT,3809.52,1973.0,3809.24,10.0,3809.53,406.0,3809.61,159.0
1753769555504,06:12:35.504,kucoinfutures,ETH/USDT:USDT,3809.52,1800.0,3809.24,10.0,3809.53,406.0,3809.61,159.0
1753769555518,06:12:35.518,kucoinfutures,ETH/USDT:USDT,3809.52,1800.0,3809.24,10.0,3809.53,1123.0,3809.6,53.0
1753769555520,06:12:35.520,kucoinfutures,ETH/USDT:USDT,3809.52,1800.0,3809.24,10.0,3809.53,1077.0,3809.6,53.0
1753769555521,06:12:35.521,kucoinfutures,ETH/USDT:USDT,3809.52,1382.0,3809.24,10.0,3809.53,1077.0,3809.6,53.0
1753769555524,06:12:35.524,kucoinfutures,ETH/USDT:USDT,3809.52,1382.0,3809.24,10.0,3809.53,1123.0,3809.6,53.0
1753769555528,06:12:35.528,kucoinfutures,ETH/USDT:USDT,3809.52,1382.0,3809.24,10.0,3809.53,1123.0,3809.6,53.0
1753769555533,06:12:35.533,kucoinfutures,ETH/USDT:USDT,3809.52,809.0,3809.24,10.0,3809.53,1077.0,3809.6,53.0
1753769555536,06:12:35.536,kucoinfutures,ETH/USDT:USDT,3809.52,809.0,3809.24,10.0,3809.53,1123.0,3809.6,53.0
1753769555538,06:12:35.538,kucoinfutures,ETH/USDT:USDT,3809.52,809.0,3809.24,10.0,3809.53,1077.0,3809.6,53.0
1753769555543,06:12:35.543,kucoinfutures,ETH/USDT:USDT,3809.52,809.0,3809.24,10.0,3809.53,1123.0,3809.6,53.0
1753769555546,06:12:35.546,kucoinfutures,ETH/USDT:USDT,3809.52,809.0,3809.24,10.0,3809.53,1123.0,3809.6,53.0
1753769555550,06:12:35.550,kucoinfutures,ETH/USDT:USDT,3809.52,809.0,3809.24,10.0,3809.53,1123.0,3809.6,53.0
1753769555554,06:12:35.554,kucoinfutures,ETH/USDT:USDT,3809.52,809.0,3809.24,10.0,3809.53,1282.0,3809.6,53.0
1753769555555,06:12:35.555,kucoinfutures,ETH/USDT:USDT,3809.52,809.0,3809.24,10.0,3809.53,1282.0,3809.6,53.0
1753769555557,06:12:35.557,kucoinfutures,ETH/USDT:USDT,3809.52,809.0,3809.24,10.0,3809.53,1282.0,3809.62,4.0
1753769555562,06:12:35.562,kucoinfutures,ETH/USDT:USDT,3809.52,809.0,3809.24,10.0,3809.53,1236.0,3809.62,4.0
1753769555567,06:12:35.567,kucoinfutures,ETH/USDT:USDT,3809.52,809.0,3809.24,10.0,3809.53,1236.0,3809.62,4.0
1753769555569,06:12:35.569,kucoinfutures,ETH/USDT:USDT,3809.52,809.0,3809.24,10.0,3809.53,1236.0,3809.62,4.0
1753769555571,06:12:35.571,kucoinfutures,ETH/USDT:USDT,3809.52,809.0,3809.24,10.0,3809.53,1236.0,3809.62,4.0
1753769555576,06:12:35.576,kucoinfutures,ETH/USDT:USDT,3809.52,809.0,3809.24,10.0,3809.53,1236.0,3809.62,4.0
1753769555592,06:12:35.592,kucoinfutures,ETH/USDT:USDT,3809.52,809.0,3809.24,10.0,3809.53,1521.0,3809.62,4.0
1753769555597,06:12:35.597,kucoinfutures,ETH/USDT:USDT,3809.52,809.0,3809.24,10.0,3809.53,1567.0,3809.62,4.0
1753769555917,06:12:35.917,kucoinfutures,ETH/USDT:USDT,3809.52,809.0,3809.24,10.0,3809.53,1567.0,3809.62,4.0
1753769555923,06:12:35.923,kucoinfutures,ETH/USDT:USDT,3809.52,809.0,3809.24,10.0,3809.53,1567.0,3809.62,4.0
1753769555955,06:12:35.955,kucoinfutures,ETH/USDT:USDT,3809.52,809.0,3809.24,10.0,3809.53,1567.0,3809.62,4.0
1753769555958,06:12:35.958,kucoinfutures,ETH/USDT:USDT,3809.52,809.0,3809.24,10.0,3809.53,1567.0,3809.62,4.0
1753769555960,06:12:35.960,kucoinfutures,ETH/USDT:USDT,3809.52,809.0,3809.24,10.0,3809.53,1567.0,3809.62,4.0
1753769556027,06:12:36.027,kucoinfutures,ETH/USDT:USDT,3809.52,809.0,3809.24,10.0,3809.53,1521.0,3809.62,4.0
1753769556031,06:12:36.031,kucoinfutures,ETH/USDT:USDT,3809.52,982.0,3809.24,10.0,3809.53,1521.0,3809.62,4.0
1753769556033,06:12:36.033,kucoinfutures,ETH/USDT:USDT,3809.52,982.0,3809.24,10.0,3809.53,1521.0,3809.62,4.0
1753769556034,06:12:36.034,kucoinfutures,ETH/USDT:USDT,3809.52,982.0,3809.24,10.0,3809.53,1521.0,3809.62,4.0
1753769556041,06:12:36.041,kucoinfutures,ETH/USDT:USDT,3809.52,982.0,3809.24,10.0,3809.53,1521.0,3809.62,4.0
1753769556044,06:12:36.044,kucoinfutures,ETH/USDT:USDT,3809.52,982.0,3809.24,10.0,3809.53,1521.0,3809.62,4.0
1753769556160,06:12:36.160,kucoinfutures,ETH/USDT:USDT,3809.52,1555.0,3809.24,10.0,3809.53,1236.0,3809.62,4.0
1753769556167,06:12:36.167,kucoinfutures,ETH/USDT:USDT,3809.52,1555.0,3809.24,10.0,3809.53,1236.0,3809.62,4.0
1753769556174,06:12:36.174,kucoinfutures,ETH/USDT:USDT,3809.52,1555.0,3809.24,10.0,3809.53,1236.0,3809.62,4.0
1753769556181,06:12:36.181,kucoinfutures,ETH/USDT:USDT,3809.52,1555.0,3809.24,10.0,3809.53,1236.0,3809.62,4.0
1753769556200,06:12:36.200,kucoinfutures,ETH/USDT:USDT,3809.52,1555.0,3809.24,10.0,3809.53,1236.0,3809.62,4.0
1753769556207,06:12:36.207,kucoinfutures,ETH/USDT:USDT,3809.52,1555.0,3809.24,10.0,3809.53,1236.0,3809.62,4.0
1753769556211,06:12:36.211,kucoinfutures,ETH/USDT:USDT,3809.52,1555.0,3809.24,10.0,3809.53,1236.0,3809.62,4.0
1753769556239,06:12:36.239,kucoinfutures,ETH/USDT:USDT,3809.52,1555.0,3809.24,10.0,3809.53,1236.0,3809.62,4.0
1753769556241,06:12:36.241,kucoinfutures,ETH/USDT:USDT,3809.52,1555.0,3809.24,10.0,3809.53,1236.0,3809.62,4.0
1753769556243,06:12:36.243,kucoinfutures,ETH/USDT:USDT,3809.52,1555.0,3809.24,10.0,3809.53,1236.0,3809.62,4.0
1753769556245,06:12:36.245,kucoinfutures,ETH/USDT:USDT,3809.52,1555.0,3809.24,10.0,3809.53,1236.0,3809.62,4.0
1753769556251,06:12:36.251,kucoinfutures,ETH/USDT:USDT,3809.52,1555.0,3809.24,10.0,3809.53,1236.0,3809.62,4.0
1753769556281,06:12:36.281,kucoinfutures,ETH/USDT:USDT,3809.52,1555.0,3809.24,10.0,3809.53,1236.0,3809.62,4.0
1753769557098,06:12:37.098,kucoinfutures,ETH/USDT:USDT,3809.52,1555.0,3809.24,10.0,3809.53,1236.0,3809.62,4.0
1753769557237,06:12:37.237,kucoinfutures,ETH/USDT:USDT,3809.52,1555.0,3809.24,10.0,3809.53,1236.0,3809.62,4.0
1753769557262,06:12:37.262,kucoinfutures,ETH/USDT:USDT,3809.52,1555.0,3809.24,10.0,3809.53,1236.0,3809.62,4.0
1753769557265,06:12:37.265,kucoinfutures,ETH/USDT:USDT,3809.52,1555.0,3809.24,10.0,3809.53,1236.0,3809.62,4.0
1753769558246,06:12:38.246,kucoinfutures,ETH/USDT:USDT,3809.52,1555.0,3809.24,10.0,3809.53,1249.0,3809.62,4.0
1753769558247,06:12:38.247,kucoinfutures,ETH/USDT:USDT,3809.52,1555.0,3809.24,10.0,3809.53,1249.0,3809.62,4.0
1753769558257,06:12:38.257,kucoinfutures,ETH/USDT:USDT,3809.52,1555.0,3809.24,10.0,3809.53,1249.0,3809.62,4.0
1753769558443,06:12:38.443,kucoinfutures,ETH/USDT:USDT,3809.52,1555.0,3809.24,10.0,3809.53,1249.0,3809.62,4.0
1753769558444,06:12:38.444,kucoinfutures,ETH/USDT:USDT,3809.52,1555.0,3809.24,10.0,3809.53,1249.0,3809.62,4.0
1753769558448,06:12:38.448,kucoinfutures,ETH/USDT:USDT,3809.52,1555.0,3809.24,10.0,3809.53,1249.0,3809.62,4.0
1753769558457,06:12:38.457,kucoinfutures,ETH/USDT:USDT,3809.52,1555.0,3809.24,10.0,3809.53,1306.0,3809.62,4.0
1753769558564,06:12:38.564,kucoinfutures,ETH/USDT:USDT,3809.52,1555.0,3809.24,10.0,3809.53,1306.0,3809.62,4.0
1753769558567,06:12:38.567,kucoinfutures,ETH/USDT:USDT,3809.52,1555.0,3809.24,10.0,3809.53,1306.0,3809.62,4.0
1753769558567,06:12:38.567,kucoinfutures,ETH/USDT:USDT,3809.52,1555.0,3809.24,10.0,3809.53,1306.0,3809.62,4.0
1753769558568,06:12:38.568,kucoinfutures,ETH/USDT:USDT,3809.52,1555.0,3809.24,10.0,3809.53,1306.0,3809.62,4.0
1753769558682,06:12:38.682,kucoinfutures,ETH/USDT:USDT,3809.52,1555.0,3809.24,10.0,3809.53,1306.0,3809.62,4.0
1753769558685,06:12:38.685,kucoinfutures,ETH/USDT:USDT,3809.52,1555.0,3809.24,10.0,3809.53,1306.0,3809.62,4.0
1753769558691,06:12:38.691,kucoinfutures,ETH/USDT:USDT,3809.52,1555.0,3809.24,10.0,3809.53,1306.0,3809.62,4.0
1753769558787,06:12:38.787,kucoinfutures,ETH/USDT:USDT,3809.52,1555.0,3809.24,10.0,3809.53,1306.0,3809.62,4.0
1753769558789,06:12:38.789,kucoinfutures,ETH/USDT:USDT,3809.52,1555.0,3809.24,10.0,3809.53,1306.0,3809.62,4.0
1753769558789,06:12:38.789,kucoinfutures,ETH/USDT:USDT,3809.52,1555.0,3809.24,10.0,3809.53,1306.0,3809.62,4.0
1753769558792,06:12:38.792,kucoinfutures,ETH/USDT:USDT,3809.52,1555.0,3809.24,10.0,3809.53,1306.0,3809.62,4.0
1753769558816,06:12:38.816,kucoinfutures,ETH/USDT:USDT,3809.52,1555.0,3809.24,10.0,3809.53,1306.0,3809.62,4.0
1753769558816,06:12:38.816,kucoinfutures,ETH/USDT:USDT,3809.52,1555.0,3809.24,10.0,3809.53,1306.0,3809.62,4.0
1753769558818,06:12:38.818,kucoinfutures,ETH/USDT:USDT,3809.52,1555.0,3809.24,10.0,3809.53,1306.0,3809.62,4.0
1753769559024,06:12:39.024,kucoinfutures,ETH/USDT:USDT,3809.52,1555.0,3809.24,10.0,3809.53,1267.0,3809.62,4.0
1753769559033,06:12:39.033,kucoinfutures,ETH/USDT:USDT,3809.52,1651.0,3809.24,10.0,3809.53,1268.0,3809.62,4.0
1753769559039,06:12:39.039,kucoinfutures,ETH/USDT:USDT,3809.52,1651.0,3809.24,10.0,3809.53,1268.0,3809.62,4.0
1753769559195,06:12:39.195,kucoinfutures,ETH/USDT:USDT,3809.52,1651.0,3809.24,10.0,3809.53,1268.0,3809.62,4.0
1753769559195,06:12:39.195,kucoinfutures,ETH/USDT:USDT,3809.52,1651.0,3809.24,10.0,3809.53,1268.0,3809.62,4.0
1753769559301,06:12:39.301,kucoinfutures,ETH/USDT:USDT,3809.52,160.0,3809.32,173.0,3809.53,1625.0,3809.62,4.0
1753769559363,06:12:39.363,kucoinfutures,ETH/USDT:USDT,3809.52,160.0,3809.32,173.0,3809.53,1599.0,3809.62,4.0
1753769559374,06:12:39.374,kucoinfutures,ETH/USDT:USDT,3809.52,160.0,3809.32,173.0,3809.53,1599.0,3809.62,4.0
1753769559376,06:12:39.376,kucoinfutures,ETH/USDT:USDT,3809.52,160.0,3809.32,173.0,3809.53,1599.0,3809.62,4.0
1753769559377,06:12:39.377,kucoinfutures,ETH/USDT:USDT,3809.52,160.0,3809.32,173.0,3809.53,1599.0,3809.62,4.0
1753769559384,06:12:39.384,kucoinfutures,ETH/USDT:USDT,3809.52,160.0,3809.32,173.0,3809.53,1599.0,3809.62,4.0
1753769559387,06:12:39.387,kucoinfutures,ETH/USDT:USDT,3809.52,160.0,3809.32,173.0,3809.53,1599.0,3809.62,4.0
1753769559394,06:12:39.394,kucoinfutures,ETH/USDT:USDT,3809.52,160.0,3809.32,173.0,3809.53,1599.0,3809.62,4.0
1753769559397,06:12:39.397,kucoinfutures,ETH/USDT:USDT,3809.52,160.0,3809.32,173.0,3809.53,1625.0,3809.62,4.0
1753769559403,06:12:39.403,kucoinfutures,ETH/USDT:USDT,3809.52,160.0,3809.32,173.0,3809.53,1625.0,3809.62,4.0
1753769559405,06:12:39.405,kucoinfutures,ETH/USDT:USDT,3809.52,160.0,3809.32,173.0,3809.53,1599.0,3809.62,4.0
1753769559424,06:12:39.424,kucoinfutures,ETH/USDT:USDT,3809.52,160.0,3809.32,173.0,3809.53,1599.0,3809.62,4.0
1753769559434,06:12:39.434,kucoinfutures,ETH/USDT:USDT,3809.52,160.0,3809.32,173.0,3809.53,1599.0,3809.62,4.0
1753769559457,06:12:39.457,kucoinfutures,ETH/USDT:USDT,3809.52,160.0,3809.32,173.0,3809.53,1599.0,3809.62,4.0
1753769559460,06:12:39.460,kucoinfutures,ETH/USDT:USDT,3809.52,160.0,3809.33,52.0,3809.53,1599.0,3809.62,4.0
1753769559461,06:12:39.461,kucoinfutures,ETH/USDT:USDT,3809.52,160.0,3809.33,52.0,3809.53,1553.0,3809.62,4.0
1753769559472,06:12:39.472,kucoinfutures,ETH/USDT:USDT,3809.52,256.0,3809.33,52.0,3809.53,1553.0,3809.62,4.0
1753769559472,06:12:39.472,kucoinfutures,ETH/USDT:USDT,3809.52,256.0,3809.34,96.0,3809.53,1553.0,3809.62,4.0
1753769559487,06:12:39.487,kucoinfutures,ETH/USDT:USDT,3809.52,256.0,3809.35,81.0,3809.53,1553.0,3809.62,4.0
1753769559513,06:12:39.513,kucoinfutures,ETH/USDT:USDT,3809.52,256.0,3809.35,81.0,3809.53,1553.0,3809.62,4.0
1753769559514,06:12:39.514,kucoinfutures,ETH/USDT:USDT,3809.52,256.0,3809.35,81.0,3809.53,1553.0,3809.62,4.0
1753769559557,06:12:39.557,kucoinfutures,ETH/USDT:USDT,3809.52,256.0,3809.35,81.0,3809.53,1553.0,3809.62,4.0
1753769559561,06:12:39.561,kucoinfutures,ETH/USDT:USDT,3809.52,256.0,3809.35,81.0,3809.53,1553.0,3809.62,4.0
1753769559567,06:12:39.567,kucoinfutures,ETH/USDT:USDT,3809.52,256.0,3809.35,81.0,3809.53,1553.0,3809.62,4.0
1753769559571,06:12:39.571,kucoinfutures,ETH/USDT:USDT,3809.52,256.0,3809.35,81.0,3809.53,1553.0,3809.62,4.0
1753769559572,06:12:39.572,kucoinfutures,ETH/USDT:USDT,3809.52,256.0,3809.35,81.0,3809.53,1553.0,3809.62,4.0
1753769559577,06:12:39.577,kucoinfutures,ETH/USDT:USDT,3809.52,429.0,3809.35,81.0,3809.53,1553.0,3809.62,4.0
1753769559581,06:12:39.581,kucoinfutures,ETH/USDT:USDT,3809.52,429.0,3809.36,96.0,3809.53,1553.0,3809.62,4.0
1753769559585,06:12:39.585,kucoinfutures,ETH/USDT:USDT,3809.52,429.0,3809.37,81.0,3809.53,1553.0,3809.62,4.0
1753769559590,06:12:39.590,kucoinfutures,ETH/USDT:USDT,3809.52,429.0,3809.37,81.0,3809.53,1553.0,3809.62,4.0
1753769559609,06:12:39.609,kucoinfutures,ETH/USDT:USDT,3809.52,429.0,3809.37,81.0,3809.53,1553.0,3809.62,4.0
1753769559613,06:12:39.613,kucoinfutures,ETH/USDT:USDT,3809.52,429.0,3809.37,81.0,3809.53,1553.0,3809.62,4.0
1753769559615,06:12:39.615,kucoinfutures,ETH/USDT:USDT,3809.52,429.0,3809.37,81.0,3809.53,1553.0,3809.62,4.0
1753769559631,06:12:39.631,kucoinfutures,ETH/USDT:USDT,3809.52,429.0,3809.37,81.0,3809.53,1553.0,3809.62,4.0
1753769559632,06:12:39.632,kucoinfutures,ETH/USDT:USDT,3809.52,429.0,3809.37,81.0,3809.53,1553.0,3809.62,4.0
1753769559633,06:12:39.633,kucoinfutures,ETH/USDT:USDT,3809.52,429.0,3809.37,81.0,3809.53,1553.0,3809.62,4.0
1753769559635,06:12:39.635,kucoinfutures,ETH/USDT:USDT,3809.52,429.0,3809.37,81.0,3809.53,1553.0,3809.62,4.0
1753769559635,06:12:39.635,kucoinfutures,ETH/USDT:USDT,3809.52,429.0,3809.37,81.0,3809.53,1553.0,3809.62,4.0
1753769559655,06:12:39.655,kucoinfutures,ETH/USDT:USDT,3809.52,429.0,3809.37,81.0,3809.53,1553.0,3809.62,4.0
1753769559655,06:12:39.655,kucoinfutures,ETH/USDT:USDT,3809.52,429.0,3809.37,81.0,3809.53,1553.0,3809.62,4.0
1753769559657,06:12:39.657,kucoinfutures,ETH/USDT:USDT,3809.52,429.0,3809.37,81.0,3809.53,1553.0,3809.62,4.0
1753769559659,06:12:39.659,kucoinfutures,ETH/USDT:USDT,3809.52,429.0,3809.37,81.0,3809.53,1553.0,3809.62,4.0
1753769559663,06:12:39.663,kucoinfutures,ETH/USDT:USDT,3809.52,429.0,3809.37,81.0,3809.53,1553.0,3809.62,4.0
1753769559669,06:12:39.669,kucoinfutures,ETH/USDT:USDT,3809.52,429.0,3809.37,81.0,3809.53,1553.0,3809.62,4.0
1753769559672,06:12:39.672,kucoinfutures,ETH/USDT:USDT,3809.52,429.0,3809.37,81.0,3809.53,1553.0,3809.62,4.0
1753769559679,06:12:39.679,kucoinfutures,ETH/USDT:USDT,3809.52,429.0,3809.37,81.0,3809.53,1553.0,3809.62,4.0
1753769559683,06:12:39.683,kucoinfutures,ETH/USDT:USDT,3809.52,429.0,3809.37,81.0,3809.53,1553.0,3809.62,4.0
1753769559698,06:12:39.698,kucoinfutures,ETH/USDT:USDT,3809.52,429.0,3809.36,96.0,3809.53,1553.0,3809.62,4.0
1753769559702,06:12:39.702,kucoinfutures,ETH/USDT:USDT,3809.52,429.0,3809.36,96.0,3809.53,1599.0,3809.62,4.0
1753769559706,06:12:39.706,kucoinfutures,ETH/USDT:USDT,3809.52,429.0,3809.36,96.0,3809.53,1553.0,3809.62,4.0
1753769559757,06:12:39.757,kucoinfutures,ETH/USDT:USDT,3809.52,429.0,3809.37,81.0,3809.53,1599.0,3809.62,4.0
1753769559761,06:12:39.761,kucoinfutures,ETH/USDT:USDT,3809.52,429.0,3809.37,81.0,3809.53,1599.0,3809.62,4.0
1753769559855,06:12:39.855,kucoinfutures,ETH/USDT:USDT,3809.52,429.0,3809.37,81.0,3809.53,1599.0,3809.62,4.0
1753769559857,06:12:39.857,kucoinfutures,ETH/USDT:USDT,3809.52,429.0,3809.37,81.0,3809.53,1599.0,3809.62,4.0
1753769559862,06:12:39.862,kucoinfutures,ETH/USDT:USDT,3809.52,429.0,3809.37,81.0,3809.53,1599.0,3809.62,4.0
1753769559882,06:12:39.882,kucoinfutures,ETH/USDT:USDT,3809.52,429.0,3809.38,96.0,3809.53,1599.0,3809.62,4.0
1753769559885,06:12:39.885,kucoinfutures,ETH/USDT:USDT,3809.52,429.0,3809.39,81.0,3809.53,1599.0,3809.62,4.0
1753769559890,06:12:39.890,kucoinfutures,ETH/USDT:USDT,3809.52,429.0,3809.39,81.0,3809.53,1553.0,3809.62,4.0
1753769559961,06:12:39.961,kucoinfutures,ETH/USDT:USDT,3809.52,429.0,3809.39,81.0,3809.53,1553.0,3809.62,4.0
1753769559976,06:12:39.976,kucoinfutures,ETH/USDT:USDT,3809.52,429.0,3809.39,81.0,3809.53,1553.0,3809.62,4.0
1753769560003,06:12:40.003,kucoinfutures,ETH/USDT:USDT,3809.52,429.0,3809.39,81.0,3809.53,1553.0,3809.62,4.0
1753769560056,06:12:40.056,kucoinfutures,ETH/USDT:USDT,3809.52,429.0,3809.39,81.0,3809.53,1553.0,3809.62,4.0
1753769560140,06:12:40.140,kucoinfutures,ETH/USDT:USDT,3809.52,429.0,3809.39,81.0,3809.53,1553.0,3809.62,4.0
1753769560141,06:12:40.141,kucoinfutures,ETH/USDT:USDT,3809.52,429.0,3809.39,81.0,3809.53,1553.0,3809.62,4.0
1753769560156,06:12:40.156,kucoinfutures,ETH/USDT:USDT,3809.52,429.0,3809.39,81.0,3809.53,1553.0,3809.62,4.0
1753769560159,06:12:40.159,kucoinfutures,ETH/USDT:USDT,3809.52,429.0,3809.39,81.0,3809.53,1553.0,3809.62,4.0
1753769560256,06:12:40.256,kucoinfutures,ETH/USDT:USDT,3809.52,429.0,3809.39,81.0,3809.53,1599.0,3809.62,4.0
1753769560321,06:12:40.321,kucoinfutures,ETH/USDT:USDT,3809.52,429.0,3809.39,81.0,3809.53,1599.0,3809.62,4.0
1753769560360,06:12:40.360,kucoinfutures,ETH/USDT:USDT,3809.52,429.0,3809.39,81.0,3809.53,1599.0,3809.62,4.0
1753769560456,06:12:40.456,kucoinfutures,ETH/USDT:USDT,3809.52,429.0,3809.39,81.0,3809.53,1599.0,3809.62,4.0
1753769560461,06:12:40.461,kucoinfutures,ETH/USDT:USDT,3809.52,429.0,3809.39,81.0,3809.53,1599.0,3809.62,4.0
1753769560555,06:12:40.555,kucoinfutures,ETH/USDT:USDT,3809.52,429.0,3809.39,81.0,3809.53,1599.0,3809.62,4.0
1753769560556,06:12:40.556,kucoinfutures,ETH/USDT:USDT,3809.52,429.0,3809.39,81.0,3809.53,1599.0,3809.62,4.0
1753769560560,06:12:40.560,kucoinfutures,ETH/USDT:USDT,3809.52,429.0,3809.39,81.0,3809.53,1599.0,3809.62,4.0
1753769560643,06:12:40.643,kucoinfutures,ETH/USDT:USDT,3809.52,429.0,3809.39,81.0,3809.53,1599.0,3809.62,4.0
1753769560646,06:12:40.646,kucoinfutures,ETH/USDT:USDT,3809.52,429.0,3809.39,81.0,3809.53,1599.0,3809.62,4.0
1753769560646,06:12:40.646,kucoinfutures,ETH/USDT:USDT,3809.52,429.0,3809.39,81.0,3809.53,1599.0,3809.62,4.0
1753769560654,06:12:40.654,kucoinfutures,ETH/USDT:USDT,3809.52,429.0,3809.39,81.0,3809.53,1599.0,3809.62,4.0
1753769560655,06:12:40.655,kucoinfutures,ETH/USDT:USDT,3809.52,429.0,3809.39,81.0,3809.53,1599.0,3809.62,4.0
1753769560659,06:12:40.659,kucoinfutures,ETH/USDT:USDT,3809.52,429.0,3809.39,81.0,3809.53,1599.0,3809.62,4.0
1753769560659,06:12:40.659,kucoinfutures,ETH/USDT:USDT,3809.52,429.0,3809.39,81.0,3809.53,1599.0,3809.62,4.0
1753769560739,06:12:40.739,kucoinfutures,ETH/USDT:USDT,3809.52,429.0,3809.39,81.0,3809.53,1599.0,3809.62,4.0
1753769560757,06:12:40.757,kucoinfutures,ETH/USDT:USDT,3809.52,429.0,3809.39,81.0,3809.53,1599.0,3809.62,4.0
1753769560787,06:12:40.787,kucoinfutures,ETH/USDT:USDT,3809.52,429.0,3809.39,81.0,3809.53,1599.0,3809.62,4.0
1753769560838,06:12:40.838,kucoinfutures,ETH/USDT:USDT,3809.52,429.0,3809.39,81.0,3809.53,1599.0,3809.62,4.0
1753769560838,06:12:40.838,kucoinfutures,ETH/USDT:USDT,3809.52,429.0,3809.39,81.0,3809.53,1599.0,3809.62,4.0
1753769560839,06:12:40.839,kucoinfutures,ETH/USDT:USDT,3809.52,429.0,3809.39,81.0,3809.53,1599.0,3809.62,4.0
1753769560855,06:12:40.855,kucoinfutures,ETH/USDT:USDT,3809.52,429.0,3809.39,81.0,3809.53,1599.0,3809.62,4.0
1753769560856,06:12:40.856,kucoinfutures,ETH/USDT:USDT,3809.52,429.0,3809.39,81.0,3809.53,1599.0,3809.62,4.0
1753769560856,06:12:40.856,kucoinfutures,ETH/USDT:USDT,3809.52,429.0,3809.39,81.0,3809.53,1599.0,3809.62,4.0
1753769560895,06:12:40.895,kucoinfutures,ETH/USDT:USDT,3809.52,429.0,3809.39,81.0,3809.53,1599.0,3809.62,4.0
1753769560902,06:12:40.902,kucoinfutures,ETH/USDT:USDT,3809.52,429.0,3809.39,81.0,3809.53,1599.0,3809.62,4.0
1753769560907,06:12:40.907,kucoinfutures,ETH/USDT:USDT,3809.52,429.0,3809.39,81.0,3809.53,1599.0,3809.62,4.0
1753769560956,06:12:40.956,kucoinfutures,ETH/USDT:USDT,3809.52,429.0,3809.39,81.0,3809.53,1599.0,3809.62,4.0
1753769561002,06:12:41.002,kucoinfutures,ETH/USDT:USDT,3809.52,429.0,3809.39,81.0,3809.53,1599.0,3809.62,4.0
1753769561056,06:12:41.056,kucoinfutures,ETH/USDT:USDT,3809.52,429.0,3809.39,81.0,3809.53,1599.0,3809.62,4.0
1753769561057,06:12:41.057,kucoinfutures,ETH/USDT:USDT,3809.52,429.0,3809.39,81.0,3809.53,1599.0,3809.62,4.0
1753769561156,06:12:41.156,kucoinfutures,ETH/USDT:USDT,3809.52,429.0,3809.39,81.0,3809.53,1599.0,3809.62,4.0
1753769561163,06:12:41.163,kucoinfutures,ETH/USDT:USDT,3809.52,429.0,3809.39,81.0,3809.53,1599.0,3809.62,4.0
1753769561168,06:12:41.168,kucoinfutures,ETH/USDT:USDT,3809.52,429.0,3809.39,81.0,3809.53,1599.0,3809.62,4.0
1753769561256,06:12:41.256,kucoinfutures,ETH/USDT:USDT,3809.52,429.0,3809.39,81.0,3809.53,1599.0,3809.62,4.0
1753769561256,06:12:41.256,kucoinfutures,ETH/USDT:USDT,3809.52,429.0,3809.39,81.0,3809.53,1599.0,3809.62,4.0
1753769561344,06:12:41.344,kucoinfutures,ETH/USDT:USDT,3809.52,429.0,3809.39,81.0,3809.53,1599.0,3809.62,4.0
1753769561347,06:12:41.347,kucoinfutures,ETH/USDT:USDT,3809.52,429.0,3809.39,81.0,3809.53,1599.0,3809.62,4.0
1753769561351,06:12:41.351,kucoinfutures,ETH/USDT:USDT,3809.52,429.0,3809.39,81.0,3809.53,1599.0,3809.62,4.0
1753769561358,06:12:41.358,kucoinfutures,ETH/USDT:USDT,3809.52,429.0,3809.39,81.0,3809.53,1599.0,3809.62,4.0
1753769561456,06:12:41.456,kucoinfutures,ETH/USDT:USDT,3809.52,429.0,3809.39,81.0,3809.53,1599.0,3809.62,4.0
1753769561456,06:12:41.456,kucoinfutures,ETH/USDT:USDT,3809.52,429.0,3809.39,81.0,3809.53,1599.0,3809.62,4.0
1753769561556,06:12:41.556,kucoinfutures,ETH/USDT:USDT,3809.52,429.0,3809.39,81.0,3809.53,1599.0,3809.62,4.0
1753769561558,06:12:41.558,kucoinfutures,ETH/USDT:USDT,3809.52,429.0,3809.39,81.0,3809.53,1599.0,3809.62,4.0
1753769561562,06:12:41.562,kucoinfutures,ETH/USDT:USDT,3809.52,429.0,3809.39,81.0,3809.53,1599.0,3809.62,4.0
1753769561576,06:12:41.576,kucoinfutures,ETH/USDT:USDT,3809.52,429.0,3809.39,81.0,3809.53,1599.0,3809.62,4.0
1753769561576,06:12:41.576,kucoinfutures,ETH/USDT:USDT,3809.52,429.0,3809.39,81.0,3809.53,1599.0,3809.62,4.0
1753769561577,06:12:41.577,kucoinfutures,ETH/USDT:USDT,3809.52,429.0,3809.39,81.0,3809.53,1599.0,3809.62,4.0
1753769561581,06:12:41.581,kucoinfutures,ETH/USDT:USDT,3809.52,429.0,3809.39,81.0,3809.53,1599.0,3809.62,4.0
1753769561589,06:12:41.589,kucoinfutures,ETH/USDT:USDT,3809.52,429.0,3809.39,81.0,3809.53,1599.0,3809.62,4.0
1753769561609,06:12:41.609,kucoinfutures,ETH/USDT:USDT,3809.52,429.0,3809.39,81.0,3809.53,1498.0,3809.62,4.0
1753769561610,06:12:41.610,kucoinfutures,ETH/USDT:USDT,3809.52,457.0,3809.39,81.0,3809.53,1213.0,3809.62,4.0
1753769561610,06:12:41.610,kucoinfutures,ETH/USDT:USDT,3809.52,726.0,3809.39,81.0,3809.53,1068.0,3809.62,4.0
1753769561611,06:12:41.611,kucoinfutures,ETH/USDT:USDT,3809.52,726.0,3809.39,81.0,3809.53,1068.0,3809.62,4.0
1753769561616,06:12:41.616,kucoinfutures,ETH/USDT:USDT,3809.52,726.0,3809.39,52.0,3809.53,1068.0,3809.62,4.0
1753769561617,06:12:41.617,kucoinfutures,ETH/USDT:USDT,3809.52,726.0,3809.39,52.0,3809.53,1068.0,3809.62,4.0
1753769561620,06:12:41.620,kucoinfutures,ETH/USDT:USDT,3809.52,726.0,3809.39,52.0,3809.53,1068.0,3809.62,4.0
1753769561623,06:12:41.623,kucoinfutures,ETH/USDT:USDT,3809.52,1009.0,3809.39,52.0,3809.53,1068.0,3809.62,4.0
1753769561625,06:12:41.625,kucoinfutures,ETH/USDT:USDT,3809.52,1299.0,3809.39,52.0,3809.53,1068.0,3809.62,4.0
1753769561627,06:12:41.627,kucoinfutures,ETH/USDT:USDT,3809.52,1299.0,3809.39,52.0,3809.53,1068.0,3809.62,4.0
1753769561631,06:12:41.631,kucoinfutures,ETH/USDT:USDT,3809.52,1299.0,3809.39,52.0,3809.53,1068.0,3809.62,4.0
1753769561642,06:12:41.642,kucoinfutures,ETH/USDT:USDT,3809.52,1299.0,3809.39,52.0,3809.53,1068.0,3809.62,4.0
1753769561663,06:12:41.663,kucoinfutures,ETH/USDT:USDT,3809.52,1299.0,3809.39,52.0,3809.53,1068.0,3809.62,4.0
1753769561672,06:12:41.672,kucoinfutures,ETH/USDT:USDT,3809.52,1299.0,3809.39,52.0,3809.53,1068.0,3809.62,4.0
1753769561682,06:12:41.682,kucoinfutures,ETH/USDT:USDT,3809.52,1299.0,3809.39,52.0,3809.53,1068.0,3809.62,4.0
1753769561703,06:12:41.703,kucoinfutures,ETH/USDT:USDT,3809.52,1299.0,3809.39,52.0,3809.53,1068.0,3809.62,4.0
1753769561705,06:12:41.705,kucoinfutures,ETH/USDT:USDT,3809.52,1299.0,3809.39,52.0,3809.53,1068.0,3809.62,4.0
1753769561707,06:12:41.707,kucoinfutures,ETH/USDT:USDT,3809.52,1299.0,3809.39,52.0,3809.53,1068.0,3809.62,4.0
1753769561723,06:12:41.723,kucoinfutures,ETH/USDT:USDT,3809.52,1299.0,3809.39,52.0,3809.53,1068.0,3809.62,4.0
1753769561725,06:12:41.725,kucoinfutures,ETH/USDT:USDT,3809.52,1299.0,3809.39,52.0,3809.53,1068.0,3809.62,4.0
1753769561727,06:12:41.727,kucoinfutures,ETH/USDT:USDT,3809.52,1299.0,3809.39,52.0,3809.53,1068.0,3809.62,4.0
1753769561728,06:12:41.728,kucoinfutures,ETH/USDT:USDT,3809.52,1299.0,3809.39,52.0,3809.53,972.0,3809.62,4.0
1753769561766,06:12:41.766,kucoinfutures,ETH/USDT:USDT,3809.52,1299.0,3809.39,52.0,3809.53,868.0,3809.62,4.0
1753769561769,06:12:41.769,kucoinfutures,ETH/USDT:USDT,3809.52,1299.0,3809.39,52.0,3809.53,868.0,3809.62,4.0
1753769561769,06:12:41.769,kucoinfutures,ETH/USDT:USDT,3809.52,1299.0,3809.39,52.0,3809.53,868.0,3809.62,4.0
1753769561771,06:12:41.771,kucoinfutures,ETH/USDT:USDT,3809.52,1299.0,3809.39,52.0,3809.53,868.0,3809.62,4.0
1753769561789,06:12:41.789,kucoinfutures,ETH/USDT:USDT,3809.52,1299.0,3809.39,52.0,3809.53,580.0,3809.62,4.0
1753769561819,06:12:41.819,kucoinfutures,ETH/USDT:USDT,3809.52,1299.0,3809.39,131.0,3809.53,570.0,3809.62,4.0
1753769561843,06:12:41.843,kucoinfutures,ETH/USDT:USDT,3809.52,1299.0,3809.39,131.0,3809.53,570.0,3809.62,4.0
1753769561856,06:12:41.856,kucoinfutures,ETH/USDT:USDT,3809.52,1299.0,3809.39,131.0,3809.53,570.0,3809.62,4.0
1753769561955,06:12:41.955,kucoinfutures,ETH/USDT:USDT,3809.52,1299.0,3809.39,131.0,3809.53,570.0,3809.62,4.0
1753769561973,06:12:41.973,kucoinfutures,ETH/USDT:USDT,3809.52,1299.0,3809.39,131.0,3809.53,570.0,3809.62,4.0
1753769561975,06:12:41.975,kucoinfutures,ETH/USDT:USDT,3809.52,1299.0,3809.39,131.0,3809.53,570.0,3809.62,4.0
1753769561998,06:12:41.998,kucoinfutures,ETH/USDT:USDT,3809.52,1299.0,3809.39,131.0,3809.53,570.0,3809.62,4.0
1753769562000,06:12:42.000,kucoinfutures,ETH/USDT:USDT,3809.52,1299.0,3809.39,131.0,3809.53,570.0,3809.62,4.0
1753769562006,06:12:42.006,kucoinfutures,ETH/USDT:USDT,3809.52,1299.0,3809.39,131.0,3809.53,570.0,3809.62,4.0
1753769562010,06:12:42.010,kucoinfutures,ETH/USDT:USDT,3809.52,1299.0,3809.39,131.0,3809.53,570.0,3809.62,4.0
1753769562107,06:12:42.107,kucoinfutures,ETH/USDT:USDT,3809.52,1299.0,3809.39,131.0,3809.53,570.0,3809.62,4.0
1753769562120,06:12:42.120,kucoinfutures,ETH/USDT:USDT,3809.52,1299.0,3809.39,131.0,3809.53,570.0,3809.62,4.0
1753769562126,06:12:42.126,kucoinfutures,ETH/USDT:USDT,3809.52,1299.0,3809.39,131.0,3809.53,570.0,3809.62,4.0
1753769562131,06:12:42.131,kucoinfutures,ETH/USDT:USDT,3809.52,1299.0,3809.39,131.0,3809.53,570.0,3809.62,4.0
1753769562157,06:12:42.157,kucoinfutures,ETH/USDT:USDT,3809.52,1299.0,3809.39,131.0,3809.53,570.0,3809.62,4.0
1753769562256,06:12:42.256,kucoinfutures,ETH/USDT:USDT,3809.52,1299.0,3809.39,131.0,3809.53,570.0,3809.62,4.0
1753769562356,06:12:42.356,kucoinfutures,ETH/USDT:USDT,3809.52,1299.0,3809.39,131.0,3809.53,570.0,3809.62,4.0
1753769562361,06:12:42.361,kucoinfutures,ETH/USDT:USDT,3809.52,1299.0,3809.39,131.0,3809.53,570.0,3809.62,4.0
1753769562366,06:12:42.366,kucoinfutures,ETH/USDT:USDT,3809.52,1299.0,3809.39,131.0,3809.53,570.0,3809.62,4.0
1753769562410,06:12:42.410,kucoinfutures,ETH/USDT:USDT,3809.52,1299.0,3809.39,131.0,3809.53,570.0,3809.62,4.0
1753769562455,06:12:42.455,kucoinfutures,ETH/USDT:USDT,3809.52,1299.0,3809.39,131.0,3809.53,570.0,3809.62,4.0
1753769562456,06:12:42.456,kucoinfutures,ETH/USDT:USDT,3809.52,1299.0,3809.39,131.0,3809.53,570.0,3809.62,4.0
1753769562485,06:12:42.485,kucoinfutures,ETH/USDT:USDT,3809.52,1299.0,3809.39,131.0,3809.53,570.0,3809.62,4.0
1753769562520,06:12:42.520,kucoinfutures,ETH/USDT:USDT,3809.52,1299.0,3809.39,131.0,3809.53,570.0,3809.62,4.0
1753769562523,06:12:42.523,kucoinfutures,ETH/USDT:USDT,3809.52,1299.0,3809.39,131.0,3809.53,570.0,3809.62,4.0
1753769562770,06:12:42.770,kucoinfutures,ETH/USDT:USDT,3809.52,1299.0,3809.39,131.0,3809.53,570.0,3809.62,4.0
1753769562771,06:12:42.771,kucoinfutures,ETH/USDT:USDT,3809.52,1299.0,3809.39,131.0,3809.53,570.0,3809.62,4.0
1753769562772,06:12:42.772,kucoinfutures,ETH/USDT:USDT,3809.52,1299.0,3809.39,131.0,3809.53,570.0,3809.62,4.0
1753769562777,06:12:42.777,kucoinfutures,ETH/USDT:USDT,3809.52,1299.0,3809.39,131.0,3809.53,570.0,3809.62,4.0
1753769562781,06:12:42.781,kucoinfutures,ETH/USDT:USDT,3809.52,1299.0,3809.39,131.0,3809.53,570.0,3809.62,4.0
1753769562785,06:12:42.785,kucoinfutures,ETH/USDT:USDT,3809.52,1299.0,3809.39,131.0,3809.53,570.0,3809.62,4.0
1753769562801,06:12:42.801,kucoinfutures,ETH/USDT:USDT,3809.52,1299.0,3809.39,131.0,3809.53,570.0,3809.62,4.0
1753769562804,06:12:42.804,kucoinfutures,ETH/USDT:USDT,3809.52,1299.0,3809.39,131.0,3809.53,570.0,3809.62,4.0
1753769562809,06:12:42.809,kucoinfutures,ETH/USDT:USDT,3809.52,1299.0,3809.39,131.0,3809.53,570.0,3809.62,4.0
1753769562839,06:12:42.839,kucoinfutures,ETH/USDT:USDT,3809.52,1299.0,3809.39,131.0,3809.53,570.0,3809.62,4.0
1753769562841,06:12:42.841,kucoinfutures,ETH/USDT:USDT,3809.52,1299.0,3809.39,131.0,3809.53,570.0,3809.62,4.0
1753769562842,06:12:42.842,kucoinfutures,ETH/USDT:USDT,3809.52,1299.0,3809.39,131.0,3809.53,570.0,3809.62,4.0
1753769562842,06:12:42.842,kucoinfutures,ETH/USDT:USDT,3809.52,1299.0,3809.39,131.0,3809.53,570.0,3809.62,4.0
1753769562856,06:12:42.856,kucoinfutures,ETH/USDT:USDT,3809.52,1299.0,3809.39,131.0,3809.53,570.0,3809.62,4.0
1753769562883,06:12:42.883,kucoinfutures,ETH/USDT:USDT,3809.52,1299.0,3809.39,131.0,3809.53,570.0,3809.62,4.0
1753769562982,06:12:42.982,kucoinfutures,ETH/USDT:USDT,3809.52,1299.0,3809.39,131.0,3809.53,570.0,3809.62,4.0
1753769563055,06:12:43.055,kucoinfutures,ETH/USDT:USDT,3809.52,1299.0,3809.39,131.0,3809.53,570.0,3809.62,4.0
1753769563061,06:12:43.061,kucoinfutures,ETH/USDT:USDT,3809.52,1299.0,3809.39,131.0,3809.53,570.0,3809.62,4.0
1753769563068,06:12:43.068,kucoinfutures,ETH/USDT:USDT,3809.52,1299.0,3809.39,131.0,3809.53,570.0,3809.62,4.0
1753769563080,06:12:43.080,kucoinfutures,ETH/USDT:USDT,3809.52,1299.0,3809.39,131.0,3809.53,570.0,3809.62,4.0
1753769563146,06:12:43.146,kucoinfutures,ETH/USDT:USDT,3809.52,1299.0,3809.39,131.0,3809.53,570.0,3809.62,4.0
1753769563150,06:12:43.150,kucoinfutures,ETH/USDT:USDT,3809.52,1299.0,3809.39,131.0,3809.53,570.0,3809.62,4.0
1753769563278,06:12:43.278,kucoinfutures,ETH/USDT:USDT,3809.52,1299.0,3809.39,131.0,3809.53,570.0,3809.62,4.0
1753769563278,06:12:43.278,kucoinfutures,ETH/USDT:USDT,3809.52,1299.0,3809.39,131.0,3809.53,570.0,3809.62,4.0
1753769563281,06:12:43.281,kucoinfutures,ETH/USDT:USDT,3809.52,1299.0,3809.39,131.0,3809.53,570.0,3809.62,4.0
1753769563284,06:12:43.284,kucoinfutures,ETH/USDT:USDT,3809.52,1299.0,3809.39,131.0,3809.53,570.0,3809.62,4.0
1753769563288,06:12:43.288,kucoinfutures,ETH/USDT:USDT,3809.52,1126.0,3809.39,131.0,3809.53,734.0,3809.62,4.0
1753769563292,06:12:43.292,kucoinfutures,ETH/USDT:USDT,3809.52,1126.0,3809.39,131.0,3809.53,734.0,3809.62,4.0
1753769563294,06:12:43.294,kucoinfutures,ETH/USDT:USDT,3809.52,1126.0,3809.39,131.0,3809.53,734.0,3809.61,159.0
1753769563303,06:12:43.303,kucoinfutures,ETH/USDT:USDT,3809.52,1126.0,3809.39,131.0,3809.53,734.0,3809.61,159.0
1753769563304,06:12:43.304,kucoinfutures,ETH/USDT:USDT,3809.52,1126.0,3809.39,131.0,3809.53,734.0,3809.61,159.0
1753769563353,06:12:43.353,kucoinfutures,ETH/USDT:USDT,3809.52,1126.0,3809.39,131.0,3809.53,734.0,3809.61,159.0
1753769563356,06:12:43.356,kucoinfutures,ETH/USDT:USDT,3809.52,1126.0,3809.39,131.0,3809.53,734.0,3809.61,159.0
1753769563419,06:12:43.419,kucoinfutures,ETH/USDT:USDT,3809.52,1126.0,3809.39,131.0,3809.53,734.0,3809.61,159.0
1753769563419,06:12:43.419,kucoinfutures,ETH/USDT:USDT,3809.52,1299.0,3809.39,131.0,3809.53,666.0,3809.61,159.0
1753769563421,06:12:43.421,kucoinfutures,ETH/USDT:USDT,3809.52,1299.0,3809.39,131.0,3809.53,666.0,3809.61,159.0
1753769563423,06:12:43.423,kucoinfutures,ETH/USDT:USDT,3809.52,1299.0,3809.39,131.0,3809.53,666.0,3809.61,159.0
1753769563455,06:12:43.455,kucoinfutures,ETH/USDT:USDT,3809.52,1299.0,3809.39,131.0,3809.53,570.0,3809.61,159.0
1753769563546,06:12:43.546,kucoinfutures,ETH/USDT:USDT,3809.52,1299.0,3809.39,131.0,3809.53,570.0,3809.61,159.0
1753769563552,06:12:43.552,kucoinfutures,ETH/USDT:USDT,3809.52,1299.0,3809.39,131.0,3809.53,570.0,3809.61,159.0
1753769563555,06:12:43.555,kucoinfutures,ETH/USDT:USDT,3809.52,1299.0,3809.39,131.0,3809.53,570.0,3809.61,159.0
1753769563560,06:12:43.560,kucoinfutures,ETH/USDT:USDT,3809.52,1299.0,3809.39,131.0,3809.53,570.0,3809.61,159.0
1753769563578,06:12:43.578,kucoinfutures,ETH/USDT:USDT,3809.52,1299.0,3809.39,131.0,3809.53,570.0,3809.61,159.0
1753769563579,06:12:43.579,kucoinfutures,ETH/USDT:USDT,3809.52,1299.0,3809.39,131.0,3809.53,570.0,3809.61,159.0
1753769563627,06:12:43.627,kucoinfutures,ETH/USDT:USDT,3809.52,1299.0,3809.39,131.0,3809.53,570.0,3809.61,159.0
1753769563656,06:12:43.656,kucoinfutures,ETH/USDT:USDT,3809.52,1299.0,3809.39,131.0,3809.53,570.0,3809.61,159.0
1753769563745,06:12:43.745,kucoinfutures,ETH/USDT:USDT,3809.52,1299.0,3809.39,131.0,3809.53,570.0,3809.61,159.0
1753769563749,06:12:43.749,kucoinfutures,ETH/USDT:USDT,3809.52,1299.0,3809.39,131.0,3809.53,570.0,3809.61,159.0
1753769563751,06:12:43.751,kucoinfutures,ETH/USDT:USDT,3809.52,1299.0,3809.39,131.0,3809.53,570.0,3809.61,159.0
1753769563755,06:12:43.755,kucoinfutures,ETH/USDT:USDT,3809.52,1299.0,3809.39,131.0,3809.53,570.0,3809.61,159.0
1753769563757,06:12:43.757,kucoinfutures,ETH/USDT:USDT,3809.52,1299.0,3809.39,131.0,3809.53,570.0,3809.61,159.0
1753769563855,06:12:43.855,kucoinfutures,ETH/USDT:USDT,3809.52,1299.0,3809.39,131.0,3809.53,570.0,3809.61,159.0
1753769563858,06:12:43.858,kucoinfutures,ETH/USDT:USDT,3809.52,1299.0,3809.39,131.0,3809.53,570.0,3809.61,159.0
1753769563859,06:12:43.859,kucoinfutures,ETH/USDT:USDT,3809.52,1299.0,3809.39,131.0,3809.53,570.0,3809.61,159.0
1753769564001,06:12:44.001,kucoinfutures,ETH/USDT:USDT,3809.52,1299.0,3809.39,131.0,3809.53,570.0,3809.61,159.0
1753769564006,06:12:44.006,kucoinfutures,ETH/USDT:USDT,3809.52,1299.0,3809.39,131.0,3809.53,570.0,3809.61,159.0
1753769564008,06:12:44.008,kucoinfutures,ETH/USDT:USDT,3809.52,1299.0,3809.39,131.0,3809.53,570.0,3809.61,159.0
1753769564012,06:12:44.012,kucoinfutures,ETH/USDT:USDT,3809.52,1299.0,3809.39,131.0,3809.53,570.0,3809.61,159.0
1753769564055,06:12:44.055,kucoinfutures,ETH/USDT:USDT,3809.52,1299.0,3809.39,131.0,3809.53,570.0,3809.61,159.0
1753769564076,06:12:44.076,kucoinfutures,ETH/USDT:USDT,3809.52,1299.0,3809.39,131.0,3809.53,570.0,3809.61,159.0
1753769564079,06:12:44.079,kucoinfutures,ETH/USDT:USDT,3809.52,1299.0,3809.39,131.0,3809.53,570.0,3809.61,159.0
1753769564155,06:12:44.155,kucoinfutures,ETH/USDT:USDT,3809.52,1299.0,3809.39,131.0,3809.53,570.0,3809.61,159.0
1753769564256,06:12:44.256,kucoinfutures,ETH/USDT:USDT,3809.52,1299.0,3809.39,131.0,3809.53,570.0,3809.61,159.0
1753769564261,06:12:44.261,kucoinfutures,ETH/USDT:USDT,3809.52,1299.0,3809.39,131.0,3809.53,570.0,3809.61,159.0
1753769564356,06:12:44.356,kucoinfutures,ETH/USDT:USDT,3809.52,1299.0,3809.39,131.0,3809.53,570.0,3809.61,159.0
1753769564395,06:12:44.395,kucoinfutures,ETH/USDT:USDT,3809.52,1299.0,3809.39,131.0,3809.53,570.0,3809.61,159.0
1753769564556,06:12:44.556,kucoinfutures,ETH/USDT:USDT,3809.52,1299.0,3809.39,131.0,3809.53,570.0,3809.61,159.0
1753769564615,06:12:44.615,kucoinfutures,ETH/USDT:USDT,3809.52,1299.0,3809.39,131.0,3809.53,570.0,3809.61,159.0
1753769564619,06:12:44.619,kucoinfutures,ETH/USDT:USDT,3809.52,1299.0,3809.39,131.0,3809.53,570.0,3809.61,159.0
1753769564656,06:12:44.656,kucoinfutures,ETH/USDT:USDT,3809.52,1299.0,3809.39,131.0,3809.53,570.0,3809.61,159.0
1753769564755,06:12:44.755,kucoinfutures,ETH/USDT:USDT,3809.52,1299.0,3809.39,131.0,3809.53,570.0,3809.61,159.0
1753769564774,06:12:44.774,kucoinfutures,ETH/USDT:USDT,3809.52,1299.0,3809.39,131.0,3809.53,570.0,3809.61,159.0
1753769564776,06:12:44.776,kucoinfutures,ETH/USDT:USDT,3809.52,1299.0,3809.39,131.0,3809.53,570.0,3809.61,159.0
1753769564780,06:12:44.780,kucoinfutures,ETH/USDT:USDT,3809.52,1299.0,3809.39,131.0,3809.53,570.0,3809.61,159.0
1753769564801,06:12:44.801,kucoinfutures,ETH/USDT:USDT,3809.52,1299.0,3809.39,131.0,3809.53,570.0,3809.61,159.0
1753769564804,06:12:44.804,kucoinfutures,ETH/USDT:USDT,3809.52,1299.0,3809.39,131.0,3809.53,570.0,3809.61,159.0
1753769564856,06:12:44.856,kucoinfutures,ETH/USDT:USDT,3809.52,1299.0,3809.39,131.0,3809.53,570.0,3809.61,159.0
1753769564860,06:12:44.860,kucoinfutures,ETH/USDT:USDT,3809.52,1299.0,3809.39,131.0,3809.53,570.0,3809.61,159.0
1753769564868,06:12:44.868,kucoinfutures,ETH/USDT:USDT,3809.52,1299.0,3809.39,131.0,3809.53,570.0,3809.61,159.0
1753769564876,06:12:44.876,kucoinfutures,ETH/USDT:USDT,3809.52,1299.0,3809.39,131.0,3809.53,570.0,3809.61,159.0
1753769564876,06:12:44.876,kucoinfutures,ETH/USDT:USDT,3809.52,1299.0,3809.39,131.0,3809.53,570.0,3809.61,159.0
1753769564878,06:12:44.878,kucoinfutures,ETH/USDT:USDT,3809.52,1299.0,3809.39,131.0,3809.53,570.0,3809.61,159.0
1753769564878,06:12:44.878,kucoinfutures,ETH/USDT:USDT,3809.52,1299.0,3809.39,131.0,3809.53,570.0,3809.61,159.0
1753769564894,06:12:44.894,kucoinfutures,ETH/USDT:USDT,3809.52,1299.0,3809.39,131.0,3809.53,570.0,3809.61,159.0
1753769564924,06:12:44.924,kucoinfutures,ETH/USDT:USDT,3809.52,1299.0,3809.39,131.0,3809.53,570.0,3809.61,159.0
1753769564937,06:12:44.937,kucoinfutures,ETH/USDT:USDT,3809.52,1299.0,3809.39,131.0,3809.53,273.0,3809.61,159.0
1753769564943,06:12:44.943,kucoinfutures,ETH/USDT:USDT,3809.52,1299.0,3809.39,131.0,3809.53,273.0,3809.61,159.0
1753769564956,06:12:44.956,kucoinfutures,ETH/USDT:USDT,3809.52,1299.0,3809.39,131.0,3809.53,273.0,3809.61,159.0
1753769564980,06:12:44.980,kucoinfutures,ETH/USDT:USDT,3809.52,1299.0,3809.39,131.0,3809.53,273.0,3809.61,159.0
1753769564981,06:12:44.981,kucoinfutures,ETH/USDT:USDT,3809.52,1299.0,3809.39,131.0,3809.53,273.0,3809.61,159.0
1753769565082,06:12:45.082,kucoinfutures,ETH/USDT:USDT,3809.52,1299.0,3809.39,131.0,3809.53,273.0,3809.61,159.0
1753769565082,06:12:45.082,kucoinfutures,ETH/USDT:USDT,3809.52,1299.0,3809.39,131.0,3809.53,273.0,3809.61,159.0
1753769565085,06:12:45.085,kucoinfutures,ETH/USDT:USDT,3809.52,1299.0,3809.39,131.0,3809.53,273.0,3809.61,159.0
1753769565255,06:12:45.255,kucoinfutures,ETH/USDT:USDT,3809.52,1299.0,3809.39,131.0,3809.53,273.0,3809.61,159.0
1753769565355,06:12:45.355,kucoinfutures,ETH/USDT:USDT,3809.52,1299.0,3809.39,131.0,3809.53,273.0,3809.61,159.0
1753769565556,06:12:45.556,kucoinfutures,ETH/USDT:USDT,3809.52,1299.0,3809.39,131.0,3809.53,273.0,3809.61,159.0
1753769565595,06:12:45.595,kucoinfutures,ETH/USDT:USDT,3809.52,1299.0,3809.39,131.0,3809.53,273.0,3809.61,159.0
1753769565652,06:12:45.652,kucoinfutures,ETH/USDT:USDT,3809.52,1299.0,3809.39,131.0,3809.53,273.0,3809.61,159.0
1753769565653,06:12:45.653,kucoinfutures,ETH/USDT:USDT,3809.52,1299.0,3809.39,131.0,3809.53,273.0,3809.61,159.0
1753769565655,06:12:45.655,kucoinfutures,ETH/USDT:USDT,3809.52,1299.0,3809.39,131.0,3809.53,273.0,3809.61,159.0
1753769565757,06:12:45.757,kucoinfutures,ETH/USDT:USDT,3809.52,1299.0,3809.39,131.0,3809.53,273.0,3809.61,159.0
1753769565770,06:12:45.770,kucoinfutures,ETH/USDT:USDT,3809.52,1299.0,3809.39,131.0,3809.53,273.0,3809.61,159.0
1753769565771,06:12:45.771,kucoinfutures,ETH/USDT:USDT,3809.52,1299.0,3809.39,131.0,3809.53,273.0,3809.61,159.0
1753769565781,06:12:45.781,kucoinfutures,ETH/USDT:USDT,3809.52,1299.0,3809.39,131.0,3809.53,129.0,3809.62,4.0
1753769565783,06:12:45.783,kucoinfutures,ETH/USDT:USDT,3809.52,1299.0,3809.39,131.0,3809.53,129.0,3809.62,4.0
1753769565784,06:12:45.784,kucoinfutures,ETH/USDT:USDT,3809.52,1299.0,3809.39,131.0,3809.53,129.0,3809.62,4.0
1753769565801,06:12:45.801,kucoinfutures,ETH/USDT:USDT,3809.52,1299.0,3809.39,131.0,3809.53,129.0,3809.62,4.0
1753769565817,06:12:45.817,kucoinfutures,ETH/USDT:USDT,3809.52,1299.0,3809.39,131.0,3809.53,129.0,3809.62,4.0
1753769565818,06:12:45.818,kucoinfutures,ETH/USDT:USDT,3809.52,1299.0,3809.39,131.0,3809.53,129.0,3809.62,4.0
1753769565819,06:12:45.819,kucoinfutures,ETH/USDT:USDT,3809.52,1299.0,3809.39,131.0,3809.53,129.0,3809.62,4.0
1753769565819,06:12:45.819,kucoinfutures,ETH/USDT:USDT,3809.52,1299.0,3809.39,131.0,3809.53,129.0,3809.62,4.0
1753769565823,06:12:45.823,kucoinfutures,ETH/USDT:USDT,3809.52,1299.0,3809.39,131.0,3809.53,129.0,3809.62,4.0
1753769565826,06:12:45.826,kucoinfutures,ETH/USDT:USDT,3809.52,1299.0,3809.39,131.0,3809.53,129.0,3809.62,4.0
1753769565826,06:12:45.826,kucoinfutures,ETH/USDT:USDT,3809.52,1299.0,3809.39,131.0,3809.53,129.0,3809.62,4.0
1753769565833,06:12:45.833,kucoinfutures,ETH/USDT:USDT,3809.52,1299.0,3809.39,131.0,3809.53,129.0,3809.62,4.0
1753769565833,06:12:45.833,kucoinfutures,ETH/USDT:USDT,3809.52,1299.0,3809.39,131.0,3809.53,129.0,3809.62,4.0
1753769565834,06:12:45.834,kucoinfutures,ETH/USDT:USDT,3809.52,1299.0,3809.39,131.0,3809.53,129.0,3809.62,4.0
1753769565835,06:12:45.835,kucoinfutures,ETH/USDT:USDT,3809.52,1299.0,3809.39,131.0,3809.53,129.0,3809.62,4.0
1753769565836,06:12:45.836,kucoinfutures,ETH/USDT:USDT,3809.52,1299.0,3809.39,131.0,3809.53,129.0,3809.62,4.0
1753769565841,06:12:45.841,kucoinfutures,ETH/USDT:USDT,3809.52,1299.0,3809.39,131.0,3809.53,129.0,3809.62,4.0
1753769565842,06:12:45.842,kucoinfutures,ETH/USDT:USDT,3809.52,1299.0,3809.39,131.0,3809.53,129.0,3809.62,4.0
1753769565848,06:12:45.848,kucoinfutures,ETH/USDT:USDT,3809.52,1299.0,3809.39,131.0,3809.53,129.0,3809.62,4.0
1753769565852,06:12:45.852,kucoinfutures,ETH/USDT:USDT,3809.52,1299.0,3809.39,131.0,3809.53,129.0,3809.62,4.0
1753769565856,06:12:45.856,kucoinfutures,ETH/USDT:USDT,3809.52,1299.0,3809.39,131.0,3809.53,129.0,3809.62,4.0
1753769565859,06:12:45.859,kucoinfutures,ETH/USDT:USDT,3809.52,1299.0,3809.39,131.0,3809.53,129.0,3809.62,4.0
1753769565864,06:12:45.864,kucoinfutures,ETH/USDT:USDT,3809.52,1299.0,3809.39,131.0,3809.53,129.0,3809.62,4.0
1753769565869,06:12:45.869,kucoinfutures,ETH/USDT:USDT,3809.52,1299.0,3809.39,131.0,3809.53,129.0,3809.62,4.0
1753769565872,06:12:45.872,kucoinfutures,ETH/USDT:USDT,3809.52,1299.0,3809.39,131.0,3809.53,129.0,3809.62,4.0
1753769565875,06:12:45.875,kucoinfutures,ETH/USDT:USDT,3809.52,1299.0,3809.39,131.0,3809.53,129.0,3809.62,4.0
1753769565877,06:12:45.877,kucoinfutures,ETH/USDT:USDT,3809.52,1299.0,3809.39,131.0,3809.53,129.0,3809.62,4.0
1753769565879,06:12:45.879,kucoinfutures,ETH/USDT:USDT,3809.52,1299.0,3809.39,131.0,3809.53,129.0,3809.62,4.0
1753769565881,06:12:45.881,kucoinfutures,ETH/USDT:USDT,3809.52,1299.0,3809.39,131.0,3809.53,129.0,3809.62,4.0
1753769565882,06:12:45.882,kucoinfutures,ETH/USDT:USDT,3809.52,1299.0,3809.39,131.0,3809.53,129.0,3809.62,4.0
1753769565883,06:12:45.883,kucoinfutures,ETH/USDT:USDT,3809.52,1299.0,3809.39,131.0,3809.53,129.0,3809.62,4.0
1753769565884,06:12:45.884,kucoinfutures,ETH/USDT:USDT,3809.52,1299.0,3809.39,131.0,3809.53,129.0,3809.62,4.0
1753769565893,06:12:45.893,kucoinfutures,ETH/USDT:USDT,3809.52,1299.0,3809.39,131.0,3809.53,129.0,3809.62,4.0
1753769565908,06:12:45.908,kucoinfutures,ETH/USDT:USDT,3809.52,1299.0,3809.39,131.0,3809.53,129.0,3809.62,4.0
1753769565916,06:12:45.916,kucoinfutures,ETH/USDT:USDT,3809.52,1299.0,3809.39,131.0,3809.53,129.0,3809.62,4.0
1753769565920,06:12:45.920,kucoinfutures,ETH/USDT:USDT,3809.52,1299.0,3809.39,131.0,3809.53,129.0,3809.62,4.0
1753769565924,06:12:45.924,kucoinfutures,ETH/USDT:USDT,3809.52,1299.0,3809.39,423.0,3809.53,129.0,3809.62,4.0
1753769565956,06:12:45.956,kucoinfutures,ETH/USDT:USDT,3809.52,1299.0,3809.4,225.0,3809.53,129.0,3809.62,4.0
1753769565956,06:12:45.956,kucoinfutures,ETH/USDT:USDT,3809.52,1299.0,3809.4,225.0,3809.53,71.0,3809.62,4.0
1753769565988,06:12:45.988,kucoinfutures,ETH/USDT:USDT,3809.52,1299.0,3809.4,225.0,3809.53,71.0,3809.62,4.0
1753769565995,06:12:45.995,kucoinfutures,ETH/USDT:USDT,3809.52,1299.0,3809.4,225.0,3809.53,71.0,3809.62,4.0
1753769566056,06:12:46.056,kucoinfutures,ETH/USDT:USDT,3809.52,1299.0,3809.4,225.0,3809.53,129.0,3809.62,4.0
1753769566058,06:12:46.058,kucoinfutures,ETH/USDT:USDT,3809.52,1299.0,3809.4,225.0,3809.53,129.0,3809.62,4.0
1753769566058,06:12:46.058,kucoinfutures,ETH/USDT:USDT,3809.52,1299.0,3809.4,225.0,3809.53,129.0,3809.62,4.0
1753769566061,06:12:46.061,kucoinfutures,ETH/USDT:USDT,3809.52,1299.0,3809.4,225.0,3809.53,129.0,3809.62,4.0
1753769566080,06:12:46.080,kucoinfutures,ETH/USDT:USDT,3809.52,1299.0,3809.4,225.0,3809.53,129.0,3809.62,4.0
1753769566105,06:12:46.105,kucoinfutures,ETH/USDT:USDT,3809.52,1299.0,3809.4,225.0,3809.53,129.0,3809.62,4.0
1753769566110,06:12:46.110,kucoinfutures,ETH/USDT:USDT,3809.52,1299.0,3809.4,225.0,3809.53,129.0,3809.62,4.0
1753769566157,06:12:46.157,kucoinfutures,ETH/USDT:USDT,3809.52,1299.0,3809.4,225.0,3809.53,71.0,3809.62,4.0
1753769566160,06:12:46.160,kucoinfutures,ETH/USDT:USDT,3809.52,1299.0,3809.4,225.0,3809.53,71.0,3809.62,4.0
1753769566166,06:12:46.166,kucoinfutures,ETH/USDT:USDT,3809.52,1299.0,3809.4,225.0,3809.53,71.0,3809.62,4.0
1753769566174,06:12:46.174,kucoinfutures,ETH/USDT:USDT,3809.52,1299.0,3809.4,225.0,3809.53,71.0,3809.62,4.0
1753769566175,06:12:46.175,kucoinfutures,ETH/USDT:USDT,3809.52,1299.0,3809.4,225.0,3809.53,71.0,3809.62,4.0
1753769566226,06:12:46.226,kucoinfutures,ETH/USDT:USDT,3809.52,1299.0,3809.4,225.0,3809.53,71.0,3809.62,4.0
1753769566256,06:12:46.256,kucoinfutures,ETH/USDT:USDT,3809.52,1299.0,3809.4,225.0,3809.53,113.0,3809.62,4.0
1753769566303,06:12:46.303,kucoinfutures,ETH/USDT:USDT,3809.52,1299.0,3809.4,225.0,3809.53,113.0,3809.62,4.0
1753769566322,06:12:46.322,kucoinfutures,ETH/USDT:USDT,3809.52,1299.0,3809.4,225.0,3809.53,113.0,3809.62,4.0
1753769566329,06:12:46.329,kucoinfutures,ETH/USDT:USDT,3809.52,1299.0,3809.4,225.0,3809.53,113.0,3809.62,4.0
1753769566356,06:12:46.356,kucoinfutures,ETH/USDT:USDT,3809.52,1299.0,3809.4,225.0,3809.53,71.0,3809.62,4.0
1753769566405,06:12:46.405,kucoinfutures,ETH/USDT:USDT,3809.52,1299.0,3809.4,225.0,3809.53,71.0,3809.62,4.0
1753769566406,06:12:46.406,kucoinfutures,ETH/USDT:USDT,3809.52,1299.0,3809.4,225.0,3809.53,71.0,3809.62,4.0
1753769566416,06:12:46.416,kucoinfutures,ETH/USDT:USDT,3809.52,1299.0,3809.4,225.0,3809.53,71.0,3809.62,4.0
1753769566420,06:12:46.420,kucoinfutures,ETH/USDT:USDT,3809.52,1299.0,3809.4,225.0,3809.53,71.0,3809.62,4.0
1753769566422,06:12:46.422,kucoinfutures,ETH/USDT:USDT,3809.52,1299.0,3809.4,225.0,3809.53,71.0,3809.62,4.0
1753769566433,06:12:46.433,kucoinfutures,ETH/USDT:USDT,3809.52,1299.0,3809.4,225.0,3809.53,71.0,3809.62,4.0
1753769566437,06:12:46.437,kucoinfutures,ETH/USDT:USDT,3809.52,1299.0,3809.4,225.0,3809.53,71.0,3809.62,4.0
1753769566456,06:12:46.456,kucoinfutures,ETH/USDT:USDT,3809.52,1299.0,3809.4,225.0,3809.53,113.0,3809.62,4.0
1753769566464,06:12:46.464,kucoinfutures,ETH/USDT:USDT,3809.52,1299.0,3809.4,225.0,3809.53,113.0,3809.62,4.0
1753769566513,06:12:46.513,kucoinfutures,ETH/USDT:USDT,3809.52,1299.0,3809.4,225.0,3809.53,113.0,3809.62,4.0
1753769566515,06:12:46.515,kucoinfutures,ETH/USDT:USDT,3809.52,1299.0,3809.4,225.0,3809.53,113.0,3809.62,4.0
1753769566519,06:12:46.519,kucoinfutures,ETH/USDT:USDT,3809.52,1299.0,3809.4,225.0,3809.53,113.0,3809.62,4.0
1753769566525,06:12:46.525,kucoinfutures,ETH/USDT:USDT,3809.52,1299.0,3809.4,225.0,3809.53,113.0,3809.62,4.0
1753769566560,06:12:46.560,kucoinfutures,ETH/USDT:USDT,3809.52,1299.0,3809.4,225.0,3809.53,71.0,3809.62,4.0
1753769566564,06:12:46.564,kucoinfutures,ETH/USDT:USDT,3809.52,1299.0,3809.4,225.0,3809.53,71.0,3809.62,4.0
1753769566574,06:12:46.574,kucoinfutures,ETH/USDT:USDT,3809.52,1299.0,3809.4,225.0,3809.53,71.0,3809.62,4.0
1753769566609,06:12:46.609,kucoinfutures,ETH/USDT:USDT,3809.52,1299.0,3809.4,225.0,3809.53,71.0,3809.62,4.0
1753769566655,06:12:46.655,kucoinfutures,ETH/USDT:USDT,3809.52,1299.0,3809.4,225.0,3809.53,127.0,3809.62,4.0
1753769566657,06:12:46.657,kucoinfutures,ETH/USDT:USDT,3809.52,1299.0,3809.4,225.0,3809.53,129.0,3809.62,4.0
1753769566668,06:12:46.668,kucoinfutures,ETH/USDT:USDT,3809.52,1299.0,3809.4,225.0,3809.53,225.0,3809.62,4.0
1753769566727,06:12:46.727,kucoinfutures,ETH/USDT:USDT,3809.52,1299.0,3809.4,225.0,3809.53,225.0,3809.62,4.0
1753769566727,06:12:46.727,kucoinfutures,ETH/USDT:USDT,3809.52,1299.0,3809.4,225.0,3809.53,225.0,3809.62,4.0
1753769566727,06:12:46.727,kucoinfutures,ETH/USDT:USDT,3809.52,1299.0,3809.4,225.0,3809.53,225.0,3809.62,4.0
1753769566731,06:12:46.731,kucoinfutures,ETH/USDT:USDT,3809.52,1299.0,3809.4,225.0,3809.53,225.0,3809.62,4.0
1753769566756,06:12:46.756,kucoinfutures,ETH/USDT:USDT,3809.52,1299.0,3809.4,225.0,3809.53,225.0,3809.62,4.0
1753769566761,06:12:46.761,kucoinfutures,ETH/USDT:USDT,3809.52,1299.0,3809.4,225.0,3809.53,225.0,3809.62,4.0
1753769566766,06:12:46.766,kucoinfutures,ETH/USDT:USDT,3809.52,1299.0,3809.4,225.0,3809.53,225.0,3809.62,4.0
1753769566812,06:12:46.812,kucoinfutures,ETH/USDT:USDT,3809.52,1299.0,3809.4,225.0,3809.53,225.0,3809.62,4.0
1753769566818,06:12:46.818,kucoinfutures,ETH/USDT:USDT,3809.52,1299.0,3809.4,225.0,3809.53,225.0,3809.62,4.0
1753769566829,06:12:46.829,kucoinfutures,ETH/USDT:USDT,3809.52,1299.0,3809.4,225.0,3809.53,225.0,3809.62,4.0
1753769566906,06:12:46.906,kucoinfutures,ETH/USDT:USDT,3809.52,1299.0,3809.4,225.0,3809.53,225.0,3809.62,4.0
1753769566909,06:12:46.909,kucoinfutures,ETH/USDT:USDT,3809.52,1299.0,3809.4,225.0,3809.53,225.0,3809.62,4.0
1753769566915,06:12:46.915,kucoinfutures,ETH/USDT:USDT,3809.52,1299.0,3809.4,225.0,3809.53,225.0,3809.62,4.0
1753769566919,06:12:46.919,kucoinfutures,ETH/USDT:USDT,3809.52,1299.0,3809.4,225.0,3809.53,225.0,3809.62,4.0
1753769566920,06:12:46.920,kucoinfutures,ETH/USDT:USDT,3809.52,1299.0,3809.4,225.0,3809.53,225.0,3809.62,4.0
1753769566935,06:12:46.935,kucoinfutures,ETH/USDT:USDT,3809.52,1299.0,3809.4,225.0,3809.53,225.0,3809.62,4.0
1753769566939,06:12:46.939,kucoinfutures,ETH/USDT:USDT,3809.52,1299.0,3809.4,225.0,3809.53,225.0,3809.62,4.0
1753769566956,06:12:46.956,kucoinfutures,ETH/USDT:USDT,3809.52,1299.0,3809.4,225.0,3809.53,225.0,3809.62,4.0
1753769566960,06:12:46.960,kucoinfutures,ETH/USDT:USDT,3809.52,1299.0,3809.4,225.0,3809.53,225.0,3809.62,4.0
1753769566967,06:12:46.967,kucoinfutures,ETH/USDT:USDT,3809.52,1299.0,3809.4,225.0,3809.53,225.0,3809.62,4.0
1753769566983,06:12:46.983,kucoinfutures,ETH/USDT:USDT,3809.52,1299.0,3809.4,225.0,3809.53,225.0,3809.62,4.0
1753769566992,06:12:46.992,kucoinfutures,ETH/USDT:USDT,3809.52,1299.0,3809.4,225.0,3809.53,225.0,3809.62,4.0
1753769566997,06:12:46.997,kucoinfutures,ETH/USDT:USDT,3809.52,1299.0,3809.4,225.0,3809.53,225.0,3809.62,4.0
1753769567026,06:12:47.026,kucoinfutures,ETH/USDT:USDT,3809.52,1299.0,3809.4,225.0,3809.53,225.0,3809.62,4.0
1753769567029,06:12:47.029,kucoinfutures,ETH/USDT:USDT,3809.52,1299.0,3809.4,225.0,3809.53,225.0,3809.62,4.0
1753769567030,06:12:47.030,kucoinfutures,ETH/USDT:USDT,3809.52,1299.0,3809.4,225.0,3809.53,225.0,3809.62,4.0
1753769567033,06:12:47.033,kucoinfutures,ETH/USDT:USDT,3809.52,1299.0,3809.4,225.0,3809.53,225.0,3809.62,4.0
1753769567049,06:12:47.049,kucoinfutures,ETH/USDT:USDT,3809.52,1299.0,3809.4,225.0,3809.53,225.0,3809.62,4.0
1753769567061,06:12:47.061,kucoinfutures,ETH/USDT:USDT,3809.52,1299.0,3809.4,225.0,3809.53,225.0,3809.62,4.0
1753769567062,06:12:47.062,kucoinfutures,ETH/USDT:USDT,3809.52,1299.0,3809.4,225.0,3809.53,225.0,3809.62,4.0
1753769567063,06:12:47.063,kucoinfutures,ETH/USDT:USDT,3809.52,1299.0,3809.4,225.0,3809.53,225.0,3809.62,4.0
1753769567068,06:12:47.068,kucoinfutures,ETH/USDT:USDT,3809.52,1299.0,3809.4,225.0,3809.53,225.0,3809.62,4.0
1753769567242,06:12:47.242,kucoinfutures,ETH/USDT:USDT,3809.52,1299.0,3809.4,225.0,3809.53,225.0,3809.62,4.0
1753769567282,06:12:47.282,kucoinfutures,ETH/USDT:USDT,3809.52,1299.0,3809.4,225.0,3809.53,225.0,3809.62,4.0
1753769567307,06:12:47.307,kucoinfutures,ETH/USDT:USDT,3809.52,1299.0,3809.4,225.0,3809.53,225.0,3809.62,4.0
1753769567309,06:12:47.309,kucoinfutures,ETH/USDT:USDT,3809.52,1299.0,3809.4,225.0,3809.53,225.0,3809.62,4.0
1753769567312,06:12:47.312,kucoinfutures,ETH/USDT:USDT,3809.52,1299.0,3809.4,225.0,3809.53,225.0,3809.62,4.0
1753769567313,06:12:47.313,kucoinfutures,ETH/USDT:USDT,3809.52,1299.0,3809.4,225.0,3809.53,225.0,3809.62,4.0
1753769567314,06:12:47.314,kucoinfutures,ETH/USDT:USDT,3809.52,1299.0,3809.4,225.0,3809.53,225.0,3809.62,4.0
1753769567315,06:12:47.315,kucoinfutures,ETH/USDT:USDT,3809.52,1299.0,3809.4,225.0,3809.53,225.0,3809.62,4.0
1753769567317,06:12:47.317,kucoinfutures,ETH/USDT:USDT,3809.52,1299.0,3809.4,225.0,3809.53,225.0,3809.62,4.0
1753769567320,06:12:47.320,kucoinfutures,ETH/USDT:USDT,3809.52,1299.0,3809.4,225.0,3809.53,225.0,3809.62,4.0
1753769567320,06:12:47.320,kucoinfutures,ETH/USDT:USDT,3809.52,1299.0,3809.4,225.0,3809.53,225.0,3809.62,4.0
1753769567320,06:12:47.320,kucoinfutures,ETH/USDT:USDT,3809.52,1299.0,3809.4,225.0,3809.53,225.0,3809.62,4.0
1753769567355,06:12:47.355,kucoinfutures,ETH/USDT:USDT,3809.52,1299.0,3809.4,225.0,3809.53,225.0,3809.62,4.0
1753769567355,06:12:47.355,kucoinfutures,ETH/USDT:USDT,3809.52,1299.0,3809.4,225.0,3809.53,225.0,3809.62,4.0
1753769567357,06:12:47.357,kucoinfutures,ETH/USDT:USDT,3809.52,1299.0,3809.4,225.0,3809.53,225.0,3809.62,4.0
1753769567417,06:12:47.417,kucoinfutures,ETH/USDT:USDT,3809.52,1299.0,3809.4,225.0,3809.53,225.0,3809.62,4.0
1753769567448,06:12:47.448,kucoinfutures,ETH/USDT:USDT,3809.52,1299.0,3809.4,225.0,3809.53,225.0,3809.62,4.0
1753769567499,06:12:47.499,kucoinfutures,ETH/USDT:USDT,3809.52,1299.0,3809.4,225.0,3809.53,225.0,3809.62,4.0
1753769567584,06:12:47.584,kucoinfutures,ETH/USDT:USDT,3809.52,1299.0,3809.4,225.0,3809.53,225.0,3809.62,4.0
1753769567626,06:12:47.626,kucoinfutures,ETH/USDT:USDT,3809.52,1299.0,3809.4,225.0,3809.53,225.0,3809.62,4.0
1753769567745,06:12:47.745,kucoinfutures,ETH/USDT:USDT,3809.52,1299.0,3809.4,225.0,3809.53,225.0,3809.62,4.0
1753769567746,06:12:47.746,kucoinfutures,ETH/USDT:USDT,3809.52,1299.0,3809.4,225.0,3809.53,225.0,3809.62,4.0
1753769567748,06:12:47.748,kucoinfutures,ETH/USDT:USDT,3809.52,1299.0,3809.4,225.0,3809.53,225.0,3809.62,4.0
1753769567750,06:12:47.750,kucoinfutures,ETH/USDT:USDT,3809.52,1299.0,3809.4,225.0,3809.53,225.0,3809.62,4.0
1753769567767,06:12:47.767,kucoinfutures,ETH/USDT:USDT,3809.52,1299.0,3809.4,225.0,3809.53,225.0,3809.62,4.0
1753769567802,06:12:47.802,kucoinfutures,ETH/USDT:USDT,3809.52,1299.0,3809.4,225.0,3809.53,225.0,3809.62,4.0
1753769567803,06:12:47.803,kucoinfutures,ETH/USDT:USDT,3809.52,1299.0,3809.4,225.0,3809.53,225.0,3809.62,4.0
1753769567869,06:12:47.869,kucoinfutures,ETH/USDT:USDT,3809.52,1299.0,3809.4,225.0,3809.53,225.0,3809.62,4.0
1753769567916,06:12:47.916,kucoinfutures,ETH/USDT:USDT,3809.52,1299.0,3809.4,225.0,3809.53,225.0,3809.62,4.0
1753769567920,06:12:47.920,kucoinfutures,ETH/USDT:USDT,3809.52,1299.0,3809.4,225.0,3809.53,225.0,3809.62,4.0
1753769567921,06:12:47.921,kucoinfutures,ETH/USDT:USDT,3809.52,1299.0,3809.4,225.0,3809.53,225.0,3809.62,4.0
1753769567933,06:12:47.933,kucoinfutures,ETH/USDT:USDT,3809.52,1299.0,3809.4,225.0,3809.53,225.0,3809.62,4.0
1753769567949,06:12:47.949,kucoinfutures,ETH/USDT:USDT,3809.52,1299.0,3809.4,225.0,3809.53,225.0,3809.62,4.0
1753769568020,06:12:48.020,kucoinfutures,ETH/USDT:USDT,3809.52,1299.0,3809.4,225.0,3809.53,225.0,3809.62,4.0
1753769568020,06:12:48.020,kucoinfutures,ETH/USDT:USDT,3809.52,1299.0,3809.4,225.0,3809.53,225.0,3809.62,4.0
1753769568031,06:12:48.031,kucoinfutures,ETH/USDT:USDT,3809.63,103.0,3809.62,102.0,3809.64,14.0,3809.69,255.0
1753769568038,06:12:48.038,kucoinfutures,ETH/USDT:USDT,3809.63,1194.0,3809.62,176.0,3809.64,95.0,3809.69,96.0
1753769568046,06:12:48.046,kucoinfutures,ETH/USDT:USDT,3809.63,1709.0,3809.62,101.0,3809.64,93.0,3809.69,96.0
1753769568050,06:12:48.050,kucoinfutures,ETH/USDT:USDT,3809.63,1709.0,3809.62,101.0,3809.64,93.0,3809.69,96.0
1753769568055,06:12:48.055,kucoinfutures,ETH/USDT:USDT,3809.63,1709.0,3809.62,101.0,3809.64,93.0,3809.69,96.0
1753769568055,06:12:48.055,kucoinfutures,ETH/USDT:USDT,3809.63,1709.0,3809.62,101.0,3809.64,93.0,3809.69,96.0
1753769568057,06:12:48.057,kucoinfutures,ETH/USDT:USDT,3809.63,1709.0,3809.62,101.0,3809.64,93.0,3809.69,96.0
1753769568065,06:12:48.065,kucoinfutures,ETH/USDT:USDT,3809.63,1709.0,3809.62,101.0,3809.64,93.0,3809.69,96.0
1753769568074,06:12:48.074,kucoinfutures,ETH/USDT:USDT,3809.63,1708.0,3809.62,101.0,3809.64,93.0,3809.69,96.0
1753769568089,06:12:48.089,kucoinfutures,ETH/USDT:USDT,3809.63,1708.0,3809.62,101.0,3809.64,93.0,3809.69,96.0
1753769568125,06:12:48.125,kucoinfutures,ETH/USDT:USDT,3809.63,1708.0,3809.62,101.0,3809.64,93.0,3809.69,96.0
1753769568140,06:12:48.140,kucoinfutures,ETH/USDT:USDT,3809.63,1708.0,3809.62,101.0,3809.64,93.0,3809.69,96.0
1753769568178,06:12:48.178,kucoinfutures,ETH/USDT:USDT,3809.63,1708.0,3809.62,101.0,3809.64,93.0,3809.69,96.0
1753769568190,06:12:48.190,kucoinfutures,ETH/USDT:USDT,3809.63,1708.0,3809.62,101.0,3809.64,93.0,3809.69,96.0
1753769568201,06:12:48.201,kucoinfutures,ETH/USDT:USDT,3809.63,1708.0,3809.62,101.0,3809.64,93.0,3809.69,96.0
1753769568222,06:12:48.222,kucoinfutures,ETH/USDT:USDT,3809.63,1708.0,3809.62,101.0,3809.64,93.0,3809.69,96.0
1753769568223,06:12:48.223,kucoinfutures,ETH/USDT:USDT,3809.63,1804.0,3809.62,101.0,3809.64,93.0,3809.69,96.0
1753769568223,06:12:48.223,kucoinfutures,ETH/USDT:USDT,3809.63,1804.0,3809.62,101.0,3809.64,93.0,3809.69,96.0
1753769568227,06:12:48.227,kucoinfutures,ETH/USDT:USDT,3809.63,1804.0,3809.62,101.0,3809.64,93.0,3809.71,14.0
1753769568231,06:12:48.231,kucoinfutures,ETH/USDT:USDT,3809.63,1804.0,3809.62,101.0,3809.64,93.0,3809.71,14.0
1753769568233,06:12:48.233,kucoinfutures,ETH/USDT:USDT,3809.63,1804.0,3809.62,101.0,3809.64,93.0,3809.71,14.0
1753769568235,06:12:48.235,kucoinfutures,ETH/USDT:USDT,3809.63,1804.0,3809.62,99.0,3809.64,93.0,3809.71,14.0
1753769568239,06:12:48.239,kucoinfutures,ETH/USDT:USDT,3809.63,1804.0,3809.62,99.0,3809.64,93.0,3809.71,14.0
1753769568256,06:12:48.256,kucoinfutures,ETH/USDT:USDT,3809.63,1804.0,3809.62,99.0,3809.64,93.0,3809.71,14.0
1753769568256,06:12:48.256,kucoinfutures,ETH/USDT:USDT,3809.63,1804.0,3809.4,225.0,3809.64,93.0,3809.71,14.0
1753769568269,06:12:48.269,kucoinfutures,ETH/USDT:USDT,3809.63,1804.0,3809.4,225.0,3809.64,93.0,3809.71,14.0
1753769568278,06:12:48.278,kucoinfutures,ETH/USDT:USDT,3809.63,1804.0,3809.4,225.0,3809.64,93.0,3809.71,14.0
1753769568317,06:12:48.317,kucoinfutures,ETH/USDT:USDT,3809.63,1804.0,3809.4,225.0,3809.64,190.0,3809.71,14.0
1753769568319,06:12:48.319,kucoinfutures,ETH/USDT:USDT,3809.63,1804.0,3809.4,225.0,3809.64,190.0,3809.71,14.0
1753769568352,06:12:48.352,kucoinfutures,ETH/USDT:USDT,3809.63,1804.0,3809.4,225.0,3809.64,190.0,3809.71,14.0
1753769568354,06:12:48.354,kucoinfutures,ETH/USDT:USDT,3809.63,1804.0,3809.4,225.0,3809.64,190.0,3809.71,14.0
1753769568356,06:12:48.356,kucoinfutures,ETH/USDT:USDT,3809.63,1804.0,3809.4,225.0,3809.64,190.0,3809.71,14.0
1753769568364,06:12:48.364,kucoinfutures,ETH/USDT:USDT,3809.63,1804.0,3809.4,225.0,3809.64,190.0,3809.71,14.0
1753769568395,06:12:48.395,kucoinfutures,ETH/USDT:USDT,3809.63,1804.0,3809.4,225.0,3809.64,190.0,3809.71,14.0
1753769568399,06:12:48.399,kucoinfutures,ETH/USDT:USDT,3809.63,1804.0,3809.4,225.0,3809.64,190.0,3809.71,14.0
1753769568406,06:12:48.406,kucoinfutures,ETH/USDT:USDT,3809.63,1804.0,3809.4,225.0,3809.64,190.0,3809.71,14.0
1753769568456,06:12:48.456,kucoinfutures,ETH/USDT:USDT,3809.63,1804.0,3809.4,225.0,3809.64,190.0,3809.71,14.0
1753769568468,06:12:48.468,kucoinfutures,ETH/USDT:USDT,3809.63,1804.0,3809.4,225.0,3809.64,190.0,3809.71,14.0
1753769568475,06:12:48.475,kucoinfutures,ETH/USDT:USDT,3809.63,1804.0,3809.4,225.0,3809.64,190.0,3809.71,14.0
1753769568480,06:12:48.480,kucoinfutures,ETH/USDT:USDT,3809.63,1804.0,3809.4,225.0,3809.64,190.0,3809.71,14.0
1753769568483,06:12:48.483,kucoinfutures,ETH/USDT:USDT,3809.63,1804.0,3809.4,225.0,3809.64,190.0,3809.71,14.0
1753769568489,06:12:48.489,kucoinfutures,ETH/USDT:USDT,3809.63,1804.0,3809.4,225.0,3809.64,190.0,3809.71,14.0
1753769568549,06:12:48.549,kucoinfutures,ETH/USDT:USDT,3809.63,1805.0,3809.4,137.0,3809.64,189.0,3809.71,14.0
1753769568550,06:12:48.550,kucoinfutures,ETH/USDT:USDT,3809.63,1805.0,3809.4,137.0,3809.64,189.0,3809.71,14.0
1753769568556,06:12:48.556,kucoinfutures,ETH/USDT:USDT,3809.63,1805.0,3809.4,137.0,3809.64,189.0,3809.71,14.0
1753769568557,06:12:48.557,kucoinfutures,ETH/USDT:USDT,3809.63,1805.0,3809.4,137.0,3809.64,189.0,3809.71,14.0
1753769568598,06:12:48.598,kucoinfutures,ETH/USDT:USDT,3809.63,1805.0,3809.4,137.0,3809.64,189.0,3809.71,14.0
1753769568629,06:12:48.629,kucoinfutures,ETH/USDT:USDT,3809.63,1805.0,3809.4,137.0,3809.64,189.0,3809.71,14.0
1753769568645,06:12:48.645,kucoinfutures,ETH/USDT:USDT,3809.63,1805.0,3809.4,137.0,3809.64,189.0,3809.71,14.0
1753769568648,06:12:48.648,kucoinfutures,ETH/USDT:USDT,3809.63,1805.0,3809.4,137.0,3809.64,189.0,3809.71,14.0
1753769568653,06:12:48.653,kucoinfutures,ETH/USDT:USDT,3809.63,1805.0,3809.4,137.0,3809.64,189.0,3809.71,14.0
1753769568656,06:12:48.656,kucoinfutures,ETH/USDT:USDT,3809.63,1805.0,3809.4,137.0,3809.64,189.0,3809.71,14.0
1753769568687,06:12:48.687,kucoinfutures,ETH/USDT:USDT,3809.63,1805.0,3809.4,137.0,3809.64,189.0,3809.71,14.0
1753769568694,06:12:48.694,kucoinfutures,ETH/USDT:USDT,3809.63,1805.0,3809.4,137.0,3809.64,189.0,3809.71,14.0
1753769568697,06:12:48.697,kucoinfutures,ETH/USDT:USDT,3809.63,1805.0,3809.4,137.0,3809.64,189.0,3809.71,14.0
1753769568746,06:12:48.746,kucoinfutures,ETH/USDT:USDT,3809.63,1805.0,3809.4,137.0,3809.64,189.0,3809.71,14.0
1753769568748,06:12:48.748,kucoinfutures,ETH/USDT:USDT,3809.63,1805.0,3809.4,137.0,3809.64,189.0,3809.71,14.0
1753769568785,06:12:48.785,kucoinfutures,ETH/USDT:USDT,3809.63,1805.0,3809.4,137.0,3809.64,189.0,3809.71,14.0
1753769568788,06:12:48.788,kucoinfutures,ETH/USDT:USDT,3809.63,1805.0,3809.4,137.0,3809.64,189.0,3809.71,14.0
1753769568794,06:12:48.794,kucoinfutures,ETH/USDT:USDT,3809.63,1805.0,3809.4,137.0,3809.64,189.0,3809.71,14.0
1753769568800,06:12:48.800,kucoinfutures,ETH/USDT:USDT,3809.63,1805.0,3809.4,137.0,3809.64,189.0,3809.71,14.0
1753769568857,06:12:48.857,kucoinfutures,ETH/USDT:USDT,3809.63,1805.0,3809.4,137.0,3809.64,189.0,3809.71,14.0
1753769568866,06:12:48.866,kucoinfutures,ETH/USDT:USDT,3809.63,1805.0,3809.4,137.0,3809.64,189.0,3809.71,14.0
1753769568910,06:12:48.910,kucoinfutures,ETH/USDT:USDT,3809.63,1805.0,3809.4,137.0,3809.64,189.0,3809.71,14.0
1753769568914,06:12:48.914,kucoinfutures,ETH/USDT:USDT,3809.63,1805.0,3809.4,137.0,3809.64,189.0,3809.71,14.0
1753769568945,06:12:48.945,kucoinfutures,ETH/USDT:USDT,3809.63,1805.0,3809.4,137.0,3809.64,189.0,3809.71,14.0
1753769568954,06:12:48.954,kucoinfutures,ETH/USDT:USDT,3809.63,1805.0,3809.4,137.0,3809.64,189.0,3809.71,14.0
1753769568962,06:12:48.962,kucoinfutures,ETH/USDT:USDT,3809.63,1805.0,3809.4,137.0,3809.64,189.0,3809.71,14.0
1753769569006,06:12:49.006,kucoinfutures,ETH/USDT:USDT,3809.63,1805.0,3809.4,137.0,3809.64,189.0,3809.71,14.0
1753769569007,06:12:49.007,kucoinfutures,ETH/USDT:USDT,3809.63,1805.0,3809.4,137.0,3809.64,189.0,3809.71,14.0
1753769569020,06:12:49.020,kucoinfutures,ETH/USDT:USDT,3809.63,1805.0,3809.4,137.0,3809.64,189.0,3809.71,14.0
1753769569021,06:12:49.021,kucoinfutures,ETH/USDT:USDT,3809.63,2184.0,3809.4,137.0,3809.64,189.0,3809.71,14.0
1753769569022,06:12:49.022,kucoinfutures,ETH/USDT:USDT,3809.63,2184.0,3809.4,137.0,3809.64,189.0,3809.71,14.0
1753769569023,06:12:49.023,kucoinfutures,ETH/USDT:USDT,3809.63,2184.0,3809.4,137.0,3809.64,189.0,3809.71,14.0
1753769569026,06:12:49.026,kucoinfutures,ETH/USDT:USDT,3809.63,2184.0,3809.4,137.0,3809.64,189.0,3809.71,14.0
1753769569028,06:12:49.028,kucoinfutures,ETH/USDT:USDT,3809.63,2184.0,3809.4,137.0,3809.64,189.0,3809.71,14.0
1753769569029,06:12:49.029,kucoinfutures,ETH/USDT:USDT,3809.63,2184.0,3809.4,137.0,3809.64,189.0,3809.71,14.0
1753769569053,06:12:49.053,kucoinfutures,ETH/USDT:USDT,3809.63,2184.0,3809.4,137.0,3809.64,189.0,3809.71,14.0
1753769569057,06:12:49.057,kucoinfutures,ETH/USDT:USDT,3809.63,2184.0,3809.4,137.0,3809.64,189.0,3809.71,14.0
1753769569061,06:12:49.061,kucoinfutures,ETH/USDT:USDT,3809.63,2184.0,3809.4,137.0,3809.64,189.0,3809.71,14.0
1753769569102,06:12:49.102,kucoinfutures,ETH/USDT:USDT,3809.63,2184.0,3809.4,137.0,3809.64,93.0,3809.71,14.0
1753769569118,06:12:49.118,kucoinfutures,ETH/USDT:USDT,3809.63,2184.0,3809.4,137.0,3809.64,93.0,3809.71,14.0
1753769569122,06:12:49.122,kucoinfutures,ETH/USDT:USDT,3809.63,2184.0,3809.4,137.0,3809.64,93.0,3809.71,14.0
1753769569124,06:12:49.124,kucoinfutures,ETH/USDT:USDT,3809.63,2184.0,3809.4,137.0,3809.64,93.0,3809.71,14.0
1753769569150,06:12:49.150,kucoinfutures,ETH/USDT:USDT,3809.63,2184.0,3809.4,137.0,3809.64,93.0,3809.71,14.0
1753769569157,06:12:49.157,kucoinfutures,ETH/USDT:USDT,3809.63,2184.0,3809.4,137.0,3809.64,93.0,3809.71,14.0
1753769569166,06:12:49.166,kucoinfutures,ETH/USDT:USDT,3809.63,2184.0,3809.4,137.0,3809.64,93.0,3809.71,14.0
1753769569186,06:12:49.186,kucoinfutures,ETH/USDT:USDT,3809.63,2184.0,3809.4,137.0,3809.64,93.0,3809.71,14.0
1753769569186,06:12:49.186,kucoinfutures,ETH/USDT:USDT,3809.63,2184.0,3809.4,137.0,3809.64,93.0,3809.71,14.0
1753769569248,06:12:49.248,kucoinfutures,ETH/USDT:USDT,3809.63,2184.0,3809.4,137.0,3809.64,93.0,3809.71,14.0
1753769569257,06:12:49.257,kucoinfutures,ETH/USDT:USDT,3809.63,2184.0,3809.4,137.0,3809.64,93.0,3809.71,14.0
1753769569312,06:12:49.312,kucoinfutures,ETH/USDT:USDT,3809.63,2184.0,3809.4,137.0,3809.64,93.0,3809.71,14.0
1753769569323,06:12:49.323,kucoinfutures,ETH/USDT:USDT,3809.63,2184.0,3809.4,137.0,3809.64,93.0,3809.71,14.0
1753769569331,06:12:49.331,kucoinfutures,ETH/USDT:USDT,3809.63,2184.0,3809.4,137.0,3809.64,93.0,3809.71,14.0
1753769569337,06:12:49.337,kucoinfutures,ETH/USDT:USDT,3809.63,2840.0,3809.4,137.0,3809.64,93.0,3809.71,14.0
1753769569342,06:12:49.342,kucoinfutures,ETH/USDT:USDT,3809.63,2840.0,3809.4,137.0,3809.64,93.0,3809.71,14.0
1753769569349,06:12:49.349,kucoinfutures,ETH/USDT:USDT,3809.63,2840.0,3809.4,137.0,3809.64,93.0,3809.71,14.0
1753769569351,06:12:49.351,kucoinfutures,ETH/USDT:USDT,3809.63,2840.0,3809.4,137.0,3809.64,93.0,3809.71,14.0
1753769569353,06:12:49.353,kucoinfutures,ETH/USDT:USDT,3809.63,2840.0,3809.4,137.0,3809.64,93.0,3809.71,14.0
1753769569357,06:12:49.357,kucoinfutures,ETH/USDT:USDT,3809.63,2840.0,3809.4,137.0,3809.64,93.0,3809.71,14.0
1753769569365,06:12:49.365,kucoinfutures,ETH/USDT:USDT,3809.63,2840.0,3809.4,137.0,3809.64,93.0,3809.71,14.0
1753769569383,06:12:49.383,kucoinfutures,ETH/USDT:USDT,3809.63,2840.0,3809.4,137.0,3809.64,93.0,3809.71,14.0
1753769569386,06:12:49.386,kucoinfutures,ETH/USDT:USDT,3809.63,2840.0,3809.4,137.0,3809.64,93.0,3809.71,14.0
1753769569389,06:12:49.389,kucoinfutures,ETH/USDT:USDT,3809.63,2840.0,3809.4,137.0,3809.64,93.0,3809.71,14.0
1753769569452,06:12:49.452,kucoinfutures,ETH/USDT:USDT,3809.63,2840.0,3809.4,137.0,3809.64,93.0,3809.71,14.0
1753769569506,06:12:49.506,kucoinfutures,ETH/USDT:USDT,3809.63,2840.0,3809.59,38.0,3809.64,93.0,3809.71,14.0
1753769569553,06:12:49.553,kucoinfutures,ETH/USDT:USDT,3809.63,2840.0,3809.59,38.0,3809.64,93.0,3809.71,14.0
1753769569708,06:12:49.708,kucoinfutures,ETH/USDT:USDT,3809.63,2840.0,3809.59,38.0,3809.64,93.0,3809.71,14.0
1753769569708,06:12:49.708,kucoinfutures,ETH/USDT:USDT,3809.63,2840.0,3809.59,38.0,3809.64,93.0,3809.71,14.0
1753769569767,06:12:49.767,kucoinfutures,ETH/USDT:USDT,3809.63,2840.0,3809.59,38.0,3809.64,93.0,3809.71,14.0
1753769569794,06:12:49.794,kucoinfutures,ETH/USDT:USDT,3809.63,2840.0,3809.59,38.0,3809.64,93.0,3809.71,14.0
1753769569800,06:12:49.800,kucoinfutures,ETH/USDT:USDT,3809.63,2840.0,3809.59,38.0,3809.64,93.0,3809.71,14.0
1753769569922,06:12:49.922,kucoinfutures,ETH/USDT:USDT,3809.63,2840.0,3809.59,38.0,3809.64,93.0,3809.71,14.0
1753769570014,06:12:50.014,kucoinfutures,ETH/USDT:USDT,3809.63,2840.0,3809.59,38.0,3809.64,93.0,3809.71,14.0
1753769570047,06:12:50.047,kucoinfutures,ETH/USDT:USDT,3809.63,2840.0,3809.59,38.0,3809.64,93.0,3809.71,14.0
1753769570051,06:12:50.051,kucoinfutures,ETH/USDT:USDT,3809.63,2840.0,3809.59,38.0,3809.64,93.0,3809.71,14.0
1753769570057,06:12:50.057,kucoinfutures,ETH/USDT:USDT,3809.63,2840.0,3809.59,38.0,3809.64,93.0,3809.71,14.0
1753769570059,06:12:50.059,kucoinfutures,ETH/USDT:USDT,3809.63,2840.0,3809.59,38.0,3809.64,93.0,3809.71,14.0
1753769570065,06:12:50.065,kucoinfutures,ETH/USDT:USDT,3809.63,2840.0,3809.59,38.0,3809.64,93.0,3809.71,14.0
1753769570069,06:12:50.069,kucoinfutures,ETH/USDT:USDT,3809.63,2840.0,3809.59,38.0,3809.64,93.0,3809.71,14.0
1753769570112,06:12:50.112,kucoinfutures,ETH/USDT:USDT,3809.63,2840.0,3809.59,38.0,3809.64,93.0,3809.71,14.0
1753769570115,06:12:50.115,kucoinfutures,ETH/USDT:USDT,3809.63,2840.0,3809.59,38.0,3809.64,93.0,3809.71,14.0
1753769570131,06:12:50.131,kucoinfutures,ETH/USDT:USDT,3809.63,2840.0,3809.59,38.0,3809.64,93.0,3809.71,14.0
1753769570260,06:12:50.260,kucoinfutures,ETH/USDT:USDT,3809.63,2840.0,3809.59,38.0,3809.64,93.0,3809.71,14.0
1753769570263,06:12:50.263,kucoinfutures,ETH/USDT:USDT,3809.63,2840.0,3809.59,38.0,3809.64,93.0,3809.71,14.0
1753769570268,06:12:50.268,kucoinfutures,ETH/USDT:USDT,3809.63,2840.0,3809.59,38.0,3809.64,93.0,3809.71,14.0
1753769570310,06:12:50.310,kucoinfutures,ETH/USDT:USDT,3809.63,2840.0,3809.59,38.0,3809.64,93.0,3809.71,14.0
1753769570314,06:12:50.314,kucoinfutures,ETH/USDT:USDT,3809.63,2840.0,3809.59,38.0,3809.64,93.0,3809.71,14.0
1753769570320,06:12:50.320,kucoinfutures,ETH/USDT:USDT,3809.63,2840.0,3809.59,38.0,3809.64,93.0,3809.71,14.0
1753769570328,06:12:50.328,kucoinfutures,ETH/USDT:USDT,3809.63,2840.0,3809.59,38.0,3809.64,93.0,3809.71,14.0
1753769570340,06:12:50.340,kucoinfutures,ETH/USDT:USDT,3809.63,2840.0,3809.59,38.0,3809.64,93.0,3809.71,14.0
1753769570351,06:12:50.351,kucoinfutures,ETH/USDT:USDT,3809.63,2840.0,3809.59,38.0,3809.64,93.0,3809.71,14.0
1753769570412,06:12:50.412,kucoinfutures,ETH/USDT:USDT,3809.63,2840.0,3809.59,38.0,3809.64,93.0,3809.71,14.0
1753769570412,06:12:50.412,kucoinfutures,ETH/USDT:USDT,3809.63,2840.0,3809.59,38.0,3809.64,93.0,3809.71,14.0
1753769570431,06:12:50.431,kucoinfutures,ETH/USDT:USDT,3809.63,2840.0,3809.59,38.0,3809.64,93.0,3809.71,14.0
1753769570509,06:12:50.509,kucoinfutures,ETH/USDT:USDT,3809.63,2840.0,3809.59,38.0,3809.64,93.0,3809.71,14.0
1753769570511,06:12:50.511,kucoinfutures,ETH/USDT:USDT,3809.63,2840.0,3809.59,38.0,3809.64,93.0,3809.71,14.0
1753769570515,06:12:50.515,kucoinfutures,ETH/USDT:USDT,3809.63,2840.0,3809.59,38.0,3809.64,93.0,3809.71,14.0
1753769570519,06:12:50.519,kucoinfutures,ETH/USDT:USDT,3809.63,2840.0,3809.59,38.0,3809.64,93.0,3809.71,14.0
1753769570687,06:12:50.687,kucoinfutures,ETH/USDT:USDT,3809.63,2840.0,3809.59,38.0,3809.64,93.0,3809.71,14.0
1753769570731,06:12:50.731,kucoinfutures,ETH/USDT:USDT,3809.63,2840.0,3809.59,38.0,3809.64,93.0,3809.71,14.0
1753769570786,06:12:50.786,kucoinfutures,ETH/USDT:USDT,3809.63,2840.0,3809.59,38.0,3809.64,93.0,3809.71,14.0
1753769570802,06:12:50.802,kucoinfutures,ETH/USDT:USDT,3809.63,2840.0,3809.59,38.0,3809.64,93.0,3809.71,14.0
1753769570803,06:12:50.803,kucoinfutures,ETH/USDT:USDT,3809.63,2840.0,3809.59,38.0,3809.64,93.0,3809.71,14.0
1753769570808,06:12:50.808,kucoinfutures,ETH/USDT:USDT,3809.63,2840.0,3809.59,38.0,3809.64,93.0,3809.71,14.0
1753769570815,06:12:50.815,kucoinfutures,ETH/USDT:USDT,3809.63,2840.0,3809.59,38.0,3809.64,93.0,3809.71,14.0
1753769570821,06:12:50.821,kucoinfutures,ETH/USDT:USDT,3809.63,2840.0,3809.59,38.0,3809.64,93.0,3809.71,14.0
1753769570823,06:12:50.823,kucoinfutures,ETH/USDT:USDT,3809.63,2840.0,3809.59,38.0,3809.64,93.0,3809.71,14.0
1753769570824,06:12:50.824,kucoinfutures,ETH/USDT:USDT,3809.63,2840.0,3809.59,38.0,3809.64,93.0,3809.71,14.0
1753769570826,06:12:50.826,kucoinfutures,ETH/USDT:USDT,3809.63,2840.0,3809.59,38.0,3809.64,93.0,3809.71,14.0
1753769570828,06:12:50.828,kucoinfutures,ETH/USDT:USDT,3809.63,2840.0,3809.59,38.0,3809.64,93.0,3809.71,14.0
1753769570828,06:12:50.828,kucoinfutures,ETH/USDT:USDT,3809.63,2840.0,3809.59,38.0,3809.64,93.0,3809.71,14.0
1753769570829,06:12:50.829,kucoinfutures,ETH/USDT:USDT,3809.63,2840.0,3809.59,38.0,3809.64,93.0,3809.71,14.0
1753769570833,06:12:50.833,kucoinfutures,ETH/USDT:USDT,3809.63,2840.0,3809.59,38.0,3809.64,93.0,3809.71,14.0
1753769570888,06:12:50.888,kucoinfutures,ETH/USDT:USDT,3809.63,2840.0,3809.59,38.0,3809.64,93.0,3809.71,14.0
1753769570896,06:12:50.896,kucoinfutures,ETH/USDT:USDT,3809.63,2840.0,3809.59,38.0,3809.64,93.0,3809.71,14.0
1753769571005,06:12:51.005,kucoinfutures,ETH/USDT:USDT,3809.63,2840.0,3809.59,38.0,3809.64,93.0,3809.71,14.0
1753769571026,06:12:51.026,kucoinfutures,ETH/USDT:USDT,3809.63,2840.0,3809.59,38.0,3809.64,93.0,3809.71,14.0
1753769571030,06:12:51.030,kucoinfutures,ETH/USDT:USDT,3809.63,2840.0,3809.59,38.0,3809.64,93.0,3809.71,14.0
1753769571034,06:12:51.034,kucoinfutures,ETH/USDT:USDT,3809.63,2840.0,3809.59,38.0,3809.64,93.0,3809.71,14.0
1753769571040,06:12:51.040,kucoinfutures,ETH/USDT:USDT,3809.63,2840.0,3809.59,38.0,3809.64,93.0,3809.71,14.0
1753769571047,06:12:51.047,kucoinfutures,ETH/USDT:USDT,3809.63,2840.0,3809.59,38.0,3809.64,93.0,3809.71,14.0
1753769571052,06:12:51.052,kucoinfutures,ETH/USDT:USDT,3809.63,2840.0,3809.59,38.0,3809.64,93.0,3809.71,14.0
1753769571054,06:12:51.054,kucoinfutures,ETH/USDT:USDT,3809.63,2840.0,3809.59,38.0,3809.64,93.0,3809.71,14.0
1753769571058,06:12:51.058,kucoinfutures,ETH/USDT:USDT,3809.63,2840.0,3809.59,38.0,3809.64,93.0,3809.71,14.0
1753769571059,06:12:51.059,kucoinfutures,ETH/USDT:USDT,3809.63,2840.0,3809.59,38.0,3809.64,93.0,3809.71,14.0
1753769571062,06:12:51.062,kucoinfutures,ETH/USDT:USDT,3809.63,2840.0,3809.59,38.0,3809.64,93.0,3809.71,14.0
1753769571064,06:12:51.064,kucoinfutures,ETH/USDT:USDT,3809.63,2840.0,3809.59,38.0,3809.64,93.0,3809.71,14.0
1753769571066,06:12:51.066,kucoinfutures,ETH/USDT:USDT,3809.63,2840.0,3809.59,38.0,3809.64,93.0,3809.71,14.0
1753769571068,06:12:51.068,kucoinfutures,ETH/USDT:USDT,3809.63,2840.0,3809.59,38.0,3809.64,93.0,3809.71,14.0
1753769571068,06:12:51.068,kucoinfutures,ETH/USDT:USDT,3809.63,2840.0,3809.59,38.0,3809.64,93.0,3809.71,14.0
1753769571070,06:12:51.070,kucoinfutures,ETH/USDT:USDT,3809.63,2840.0,3809.59,38.0,3809.64,93.0,3809.71,14.0
1753769571070,06:12:51.070,kucoinfutures,ETH/USDT:USDT,3809.63,2840.0,3809.59,38.0,3809.64,93.0,3809.71,14.0
1753769571071,06:12:51.071,kucoinfutures,ETH/USDT:USDT,3809.63,2840.0,3809.59,38.0,3809.64,93.0,3809.71,14.0
1753769571072,06:12:51.072,kucoinfutures,ETH/USDT:USDT,3809.63,2840.0,3809.59,38.0,3809.64,93.0,3809.71,14.0
1753769571156,06:12:51.156,kucoinfutures,ETH/USDT:USDT,3809.63,2840.0,3809.59,38.0,3809.64,93.0,3809.71,14.0
1753769571187,06:12:51.187,kucoinfutures,ETH/USDT:USDT,3809.63,2840.0,3809.59,38.0,3809.64,93.0,3809.71,14.0
1753769571204,06:12:51.204,kucoinfutures,ETH/USDT:USDT,3809.63,2840.0,3809.59,38.0,3809.64,93.0,3809.71,14.0
1753769571216,06:12:51.216,kucoinfutures,ETH/USDT:USDT,3809.63,2840.0,3809.59,38.0,3809.64,93.0,3809.71,14.0
1753769571222,06:12:51.222,kucoinfutures,ETH/USDT:USDT,3809.63,2840.0,3809.59,38.0,3809.64,93.0,3809.71,14.0
1753769571226,06:12:51.226,kucoinfutures,ETH/USDT:USDT,3809.63,2840.0,3809.59,38.0,3809.64,93.0,3809.71,14.0
1753769571251,06:12:51.251,kucoinfutures,ETH/USDT:USDT,3809.63,2840.0,3809.59,38.0,3809.64,93.0,3809.71,14.0
1753769571257,06:12:51.257,kucoinfutures,ETH/USDT:USDT,3809.63,2840.0,3809.59,38.0,3809.64,15.0,3809.71,14.0
1753769571257,06:12:51.257,kucoinfutures,ETH/USDT:USDT,3809.63,2840.0,3809.59,38.0,3809.64,15.0,3809.71,14.0
1753769571261,06:12:51.261,kucoinfutures,ETH/USDT:USDT,3809.63,2840.0,3809.59,38.0,3809.64,245.0,3809.71,14.0
1753769571264,06:12:51.264,kucoinfutures,ETH/USDT:USDT,3809.63,2840.0,3809.59,38.0,3809.64,245.0,3809.71,14.0
1753769571265,06:12:51.265,kucoinfutures,ETH/USDT:USDT,3809.63,2840.0,3809.59,38.0,3809.64,15.0,3809.71,14.0
1753769571269,06:12:51.269,kucoinfutures,ETH/USDT:USDT,3809.63,2667.0,3809.59,38.0,3809.64,15.0,3809.71,14.0
1753769571269,06:12:51.269,kucoinfutures,ETH/USDT:USDT,3809.63,2667.0,3809.59,38.0,3809.71,14.0,3809.89,14.0
1753769571270,06:12:51.270,kucoinfutures,ETH/USDT:USDT,3809.63,2667.0,3809.59,38.0,3809.71,14.0,3809.89,14.0
1753769571270,06:12:51.270,kucoinfutures,ETH/USDT:USDT,3809.7,99.0,3809.63,2667.0,3809.71,14.0,3809.89,14.0
1753769571272,06:12:51.272,kucoinfutures,ETH/USDT:USDT,3809.7,99.0,3809.63,2667.0,3809.71,14.0,3809.89,14.0
1753769571273,06:12:51.273,kucoinfutures,ETH/USDT:USDT,3809.7,1187.0,3809.64,821.0,3809.71,14.0,3809.89,14.0
1753769571274,06:12:51.274,kucoinfutures,ETH/USDT:USDT,3809.7,1597.0,3809.64,821.0,3809.71,14.0,3809.89,14.0
1753769571276,06:12:51.276,kucoinfutures,ETH/USDT:USDT,3809.7,1899.0,3809.64,821.0,3809.71,16.0,3809.89,14.0
1753769571279,06:12:51.279,kucoinfutures,ETH/USDT:USDT,3809.7,1899.0,3809.64,583.0,3809.71,16.0,3809.89,14.0
1753769571279,06:12:51.279,kucoinfutures,ETH/USDT:USDT,3809.7,2182.0,3809.64,583.0,3809.71,16.0,3809.89,14.0
1753769571283,06:12:51.283,kucoinfutures,ETH/USDT:USDT,3809.7,2182.0,3809.64,583.0,3809.71,16.0,3809.89,14.0
1753769571290,06:12:51.290,kucoinfutures,ETH/USDT:USDT,3809.7,2182.0,3809.64,583.0,3809.71,16.0,3809.89,14.0
1753769571373,06:12:51.373,kucoinfutures,ETH/USDT:USDT,3809.7,2182.0,3809.65,3.0,3809.71,16.0,3809.89,14.0
1753769571381,06:12:51.381,kucoinfutures,ETH/USDT:USDT,3809.7,2182.0,3809.65,3.0,3809.71,16.0,3809.89,14.0
1753769571386,06:12:51.386,kucoinfutures,ETH/USDT:USDT,3809.7,2182.0,3809.65,3.0,3809.71,16.0,3809.89,14.0
1753769571416,06:12:51.416,kucoinfutures,ETH/USDT:USDT,3809.7,2182.0,3809.65,3.0,3809.71,16.0,3809.89,14.0
1753769571475,06:12:51.475,kucoinfutures,ETH/USDT:USDT,3809.7,2180.0,3809.65,3.0,3809.71,16.0,3809.89,14.0
1753769571480,06:12:51.480,kucoinfutures,ETH/USDT:USDT,3809.7,2180.0,3809.65,3.0,3809.71,16.0,3809.89,14.0
1753769571482,06:12:51.482,kucoinfutures,ETH/USDT:USDT,3809.7,2180.0,3809.65,3.0,3809.71,16.0,3809.89,14.0
