timestamp,time,exchange,symbol,bid1_price,bid1_volume,bid2_price,bid2_volume,ask1_price,ask1_volume,ask2_price,ask2_volume
1753769299076,06:08:19.076,binance,LTC/USDT:USDT,109.69,51.197,109.68,88.248,109.7,145.839,109.71,300.973
1753769299187,06:08:19.187,binance,LTC/USDT:USDT,109.69,51.197,109.68,111.024,109.7,146.151,109.71,300.661
1753769299315,06:08:19.315,binance,LTC/USDT:USDT,109.69,51.676,109.68,133.8,109.7,146.151,109.71,300.661
1753769299420,06:08:19.420,binance,LTC/USDT:USDT,109.69,51.676,109.68,124.581,109.7,146.151,109.71,300.661
1753769299544,06:08:19.544,binance,LTC/USDT:USDT,109.69,53.961,109.68,124.581,109.7,183.213,109.71,300.661
1753769300102,06:08:20.102,binance,LTC/USDT:USDT,109.69,56.036,109.68,101.805,109.7,183.86,109.71,306.68
1753769300203,06:08:20.203,binance,LTC/USDT:USDT,109.69,149.11,109.68,96.783,109.7,109.863,109.71,239.657
1753769300310,06:08:20.310,binance,LTC/USDT:USDT,109.69,149.589,109.68,74.007,109.7,109.863,109.71,198.408
1753769300435,06:08:20.435,binance,LTC/USDT:USDT,109.69,57.336,109.68,106.206,109.7,109.864,109.71,214.485
1753769300536,06:08:20.536,binance,LTC/USDT:USDT,109.69,40.591,109.68,138.099,109.7,109.864,109.71,241.336
1753769300646,06:08:20.646,binance,LTC/USDT:USDT,109.69,40.591,109.68,138.099,109.7,109.864,109.71,241.336
1753769300751,06:08:20.751,binance,LTC/USDT:USDT,109.69,40.591,109.68,138.099,109.7,109.864,109.71,267.874
1753769300857,06:08:20.857,binance,LTC/USDT:USDT,109.69,40.591,109.68,138.099,109.7,109.864,109.71,267.874
1753769300988,06:08:20.988,binance,LTC/USDT:USDT,109.69,141.878,109.68,137.152,109.7,38.57,109.71,198.134
1753769301310,06:08:21.310,binance,LTC/USDT:USDT,109.7,71.615,109.69,49.707,109.71,197.769,109.72,214.824
1753769301411,06:08:21.411,binance,LTC/USDT:USDT,109.7,8.6,109.69,156.83,109.71,171.384,109.72,173.523
1753769301512,06:08:21.512,binance,LTC/USDT:USDT,109.7,8.066,109.69,95.064,109.71,206.658,109.72,200.374
1753769301626,06:08:21.626,binance,LTC/USDT:USDT,109.69,40.399,109.68,121.206,109.7,99.471,109.71,254.869
1753769301736,06:08:21.736,binance,LTC/USDT:USDT,109.7,17.486,109.69,160.247,109.71,190.307,109.72,232.929
1753769301842,06:08:21.842,binance,LTC/USDT:USDT,109.7,17.76,109.69,152.448,109.71,190.581,109.72,184.961
1753769301944,06:08:21.944,binance,LTC/USDT:USDT,109.7,5.377,109.69,152.448,109.71,190.581,109.72,184.961
1753769302047,06:08:22.047,binance,LTC/USDT:USDT,109.7,0.466,109.69,152.256,109.71,190.581,109.72,184.961
1753769302558,06:08:22.558,binance,LTC/USDT:USDT,109.7,97.198,109.69,146.276,109.71,190.581,109.72,173.874
1753769302660,06:08:22.660,binance,LTC/USDT:USDT,109.7,97.198,109.69,146.55,109.71,190.581,109.72,174.148
1753769302770,06:08:22.770,binance,LTC/USDT:USDT,109.7,97.198,109.69,146.55,109.71,190.581,109.72,188.046
1753769302873,06:08:22.873,binance,LTC/USDT:USDT,109.7,53.539,109.69,146.55,109.71,175.904,109.72,151.993
1753769302977,06:08:22.977,binance,LTC/USDT:USDT,109.7,53.539,109.69,146.55,109.71,175.904,109.72,173.827
1753769303812,06:08:23.812,binance,LTC/USDT:USDT,109.71,216.644,109.7,161.076,109.72,103.671,109.73,179.108
1753769303913,06:08:23.913,binance,LTC/USDT:USDT,109.71,2.177,109.7,161.076,109.72,103.671,109.73,195.459
1753769304024,06:08:24.024,binance,LTC/USDT:USDT,109.71,24.858,109.7,156.519,109.72,103.671,109.73,195.185
1753769304126,06:08:24.126,binance,LTC/USDT:USDT,109.71,66.967,109.7,156.519,109.72,103.671,109.73,195.185
1753769304241,06:08:24.241,binance,LTC/USDT:USDT,109.71,67.241,109.7,156.519,109.72,103.862,109.73,195.185
1753769304366,06:08:24.366,binance,LTC/USDT:USDT,109.71,67.241,109.7,165.634,109.72,103.862,109.73,179.108
1753769304727,06:08:24.727,binance,LTC/USDT:USDT,109.71,67.241,109.7,165.634,109.72,103.862,109.73,195.185
1753769305528,06:08:25.528,binance,LTC/USDT:USDT,109.72,9.188,109.71,134.244,109.73,120.884,109.74,191.616
1753769305731,06:08:25.731,binance,LTC/USDT:USDT,109.73,440.712,109.72,264.064,109.74,2.195,109.75,34.338
1753769305935,06:08:25.935,binance,LTC/USDT:USDT,109.75,8.406,109.74,496.158,109.76,11.828,109.77,60.284
1753769306039,06:08:26.039,binance,LTC/USDT:USDT,109.75,240.278,109.74,350.936,109.76,60.581,109.77,63.515
1753769306142,06:08:26.142,binance,LTC/USDT:USDT,109.75,280.626,109.74,291.475,109.76,55.308,109.77,63.515
1753769306244,06:08:26.244,binance,LTC/USDT:USDT,109.75,290.282,109.74,291.475,109.76,55.5,109.77,63.515
1753769306492,06:08:26.492,binance,LTC/USDT:USDT,109.75,290.973,109.74,275.398,109.76,71.732,109.77,98.515
1753769306602,06:08:26.602,binance,LTC/USDT:USDT,109.75,292.487,109.74,291.475,109.76,20.232,109.77,98.515
1753769306820,06:08:26.820,binance,LTC/USDT:USDT,109.75,292.836,109.74,293.418,109.76,20.232,109.77,97.604
1753769307151,06:08:27.151,binance,LTC/USDT:USDT,109.75,302.291,109.74,289.796,109.76,18.721,109.77,46.728
1753769307829,06:08:27.829,binance,LTC/USDT:USDT,109.75,303.369,109.74,289.98,109.76,18.721,109.77,46.728
1753769307938,06:08:27.938,binance,LTC/USDT:USDT,109.75,303.369,109.74,251.341,109.76,70.219,109.77,46.728
1753769308077,06:08:28.077,binance,LTC/USDT:USDT,109.75,303.369,109.74,251.341,109.76,70.219,109.77,46.728
1753769308181,06:08:28.181,binance,LTC/USDT:USDT,109.75,303.369,109.74,251.341,109.76,70.219,109.77,46.728
1753769308294,06:08:28.294,binance,LTC/USDT:USDT,109.75,303.369,109.74,251.341,109.76,72.625,109.77,46.728
1753769308400,06:08:28.400,binance,LTC/USDT:USDT,109.75,305.011,109.74,251.341,109.76,100.347,109.77,83.022
1753769308518,06:08:28.518,binance,LTC/USDT:USDT,109.75,305.638,109.74,247.798,109.76,72.754,109.77,83.022
1753769308624,06:08:28.624,binance,LTC/USDT:USDT,109.75,304.727,109.74,247.798,109.76,72.754,109.77,83.022
1753769308730,06:08:28.730,binance,LTC/USDT:USDT,109.75,288.984,109.74,274.649,109.76,111.556,109.77,83.022
1753769308857,06:08:28.857,binance,LTC/USDT:USDT,109.75,288.984,109.74,298.015,109.76,72.754,109.77,83.022
1753769309069,06:08:29.069,binance,LTC/USDT:USDT,109.75,288.984,109.74,298.015,109.76,72.754,109.77,83.022
1753769309830,06:08:29.830,binance,LTC/USDT:USDT,109.75,300.615,109.74,290.954,109.76,43.577,109.77,46.728
1753769309939,06:08:29.939,binance,LTC/USDT:USDT,109.75,299.715,109.74,290.954,109.76,42.677,109.77,46.728
1753769310040,06:08:30.040,binance,LTC/USDT:USDT,109.75,298.752,109.74,290.954,109.76,41.714,109.77,46.728
1753769310827,06:08:30.827,binance,LTC/USDT:USDT,109.75,306.641,109.74,291.864,109.76,41.897,109.77,46.728
1753769311512,06:08:31.512,binance,LTC/USDT:USDT,109.75,306.641,109.74,249.847,109.76,43.931,109.77,46.454
1753769311623,06:08:31.623,binance,LTC/USDT:USDT,109.75,306.641,109.74,292.775,109.76,44.226,109.77,46.454
1753769311740,06:08:31.740,binance,LTC/USDT:USDT,109.75,347.3,109.74,292.775,109.76,44.226,109.77,46.454
1753769311842,06:08:31.842,binance,LTC/USDT:USDT,109.75,353.985,109.74,292.775,109.76,44.226,109.77,46.454
1753769311950,06:08:31.950,binance,LTC/USDT:USDT,109.75,308.461,109.74,292.775,109.76,44.226,109.77,46.454
1753769312064,06:08:32.064,binance,LTC/USDT:USDT,109.75,376.747,109.74,292.775,109.76,44.226,109.77,46.454
1753769312170,06:08:32.170,binance,LTC/USDT:USDT,109.75,399.509,109.74,249.847,109.76,44.226,109.77,82.748
1753769312271,06:08:32.271,binance,LTC/USDT:USDT,109.75,377.097,109.74,292.775,109.76,44.226,109.77,82.748
1753769312502,06:08:32.502,binance,LTC/USDT:USDT,109.75,310.005,109.74,276.698,109.76,44.25,109.77,82.748
1753769312603,06:08:32.603,binance,LTC/USDT:USDT,109.75,310.005,109.74,292.775,109.76,44.25,109.77,82.748
1753769312731,06:08:32.731,binance,LTC/USDT:USDT,109.75,310.005,109.74,276.698,109.76,44.25,109.77,82.748
1753769313279,06:08:33.279,binance,LTC/USDT:USDT,109.75,44.896,109.74,321.13,109.76,173.248,109.77,125.95
1753769313382,06:08:33.382,binance,LTC/USDT:USDT,109.75,44.896,109.74,324.985,109.76,173.248,109.77,125.95
1753769313484,06:08:33.484,binance,LTC/USDT:USDT,109.75,39.074,109.74,195.809,109.76,173.264,109.77,99.099
1753769313593,06:08:33.593,binance,LTC/USDT:USDT,109.75,39.074,109.74,195.809,109.76,173.264,109.77,149.123
1753769313699,06:08:33.699,binance,LTC/USDT:USDT,109.75,35.087,109.74,160.231,109.76,173.264,109.77,122.272
1753769314003,06:08:34.003,binance,LTC/USDT:USDT,109.75,30.673,109.74,160.231,109.76,173.264,109.77,149.123
1753769314105,06:08:34.105,binance,LTC/USDT:USDT,109.75,30.673,109.74,160.231,109.76,173.264,109.77,149.123
1753769314282,06:08:34.282,binance,LTC/USDT:USDT,109.75,30.673,109.74,160.231,109.76,189.341,109.77,149.123
1753769314395,06:08:34.395,binance,LTC/USDT:USDT,109.75,30.681,109.74,199.102,109.76,173.263,109.77,149.523
1753769314502,06:08:34.502,binance,LTC/USDT:USDT,109.75,30.681,109.74,195.231,109.76,188.704,109.77,149.523
1753769314608,06:08:34.608,binance,LTC/USDT:USDT,109.75,31.456,109.74,199.102,109.76,172.627,109.77,149.523
1753769314729,06:08:34.729,binance,LTC/USDT:USDT,109.75,30.977,109.74,199.102,109.76,172.148,109.77,133.446
1753769314844,06:08:34.844,binance,LTC/USDT:USDT,109.75,31.58,109.74,199.102,109.76,172.148,109.77,106.595
1753769315069,06:08:35.069,binance,LTC/USDT:USDT,109.75,30.178,109.74,195.231,109.76,170.746,109.77,106.595
1753769315191,06:08:35.191,binance,LTC/USDT:USDT,109.75,30.678,109.74,215.195,109.76,169.928,109.77,106.595
1753769315300,06:08:35.300,binance,LTC/USDT:USDT,109.75,25.081,109.74,202.52,109.76,169.928,109.77,106.595
1753769315639,06:08:35.639,binance,LTC/USDT:USDT,109.75,25.06,109.74,195.231,109.76,166.687,109.77,122.672
1753769315751,06:08:35.751,binance,LTC/USDT:USDT,109.75,25.06,109.74,195.231,109.76,166.687,109.77,122.672
1753769315873,06:08:35.873,binance,LTC/USDT:USDT,109.75,17.019,109.74,202.52,109.76,182.764,109.77,122.672
1753769315976,06:08:35.976,binance,LTC/USDT:USDT,109.75,24.504,109.74,202.52,109.76,166.687,109.77,122.672
1753769316093,06:08:36.093,binance,LTC/USDT:USDT,109.75,24.504,109.74,206.407,109.76,151.92,109.77,122.672
1753769316230,06:08:36.230,binance,LTC/USDT:USDT,109.74,171.868,109.73,210.34,109.75,59.499,109.76,167.845
1753769316333,06:08:36.333,binance,LTC/USDT:USDT,109.74,172.142,109.73,226.417,109.75,65.507,109.76,200.273
1753769316436,06:08:36.436,binance,LTC/USDT:USDT,109.74,172.142,109.73,210.34,109.75,66.09,109.76,199.964
1753769316549,06:08:36.549,binance,LTC/USDT:USDT,109.74,172.142,109.73,210.34,109.75,66.09,109.76,199.964
1753769316858,06:08:36.858,binance,LTC/USDT:USDT,109.74,172.506,109.73,226.417,109.75,109.216,109.76,148.442
1753769317276,06:08:37.276,binance,LTC/USDT:USDT,109.74,227.963,109.73,276.471,109.75,54.294,109.76,130.979
1753769317386,06:08:37.386,binance,LTC/USDT:USDT,109.74,252.549,109.73,276.471,109.75,54.891,109.76,130.979
1753769317502,06:08:37.502,binance,LTC/USDT:USDT,109.74,184.257,109.73,253.707,109.75,55.639,109.76,130.979
1753769317608,06:08:37.608,binance,LTC/USDT:USDT,109.74,168.927,109.73,254.618,109.75,53.816,109.76,130.979
1753769317739,06:08:37.739,binance,LTC/USDT:USDT,109.74,195.951,109.73,254.618,109.75,50.172,109.76,130.979
1753769317852,06:08:37.852,binance,LTC/USDT:USDT,109.74,203.24,109.73,247.328,109.75,50.172,109.76,130.979
1753769317969,06:08:37.969,binance,LTC/USDT:USDT,109.74,231.354,109.73,250.642,109.75,49.985,109.76,115.208
1753769318082,06:08:38.082,binance,LTC/USDT:USDT,109.74,237.732,109.73,250.642,109.75,56.019,109.76,22.763
1753769318201,06:08:38.201,binance,LTC/USDT:USDT,109.74,195.361,109.73,250.642,109.75,54.47,109.76,22.763
1753769318319,06:08:38.319,binance,LTC/USDT:USDT,109.74,195.361,109.73,250.642,109.75,54.47,109.76,22.763
1753769318428,06:08:38.428,binance,LTC/USDT:USDT,109.74,242.712,109.73,236.386,109.75,54.07,109.76,22.763
1753769318545,06:08:38.545,binance,LTC/USDT:USDT,109.74,260.609,109.73,236.386,109.75,54.07,109.76,22.763
1753769318646,06:08:38.646,binance,LTC/USDT:USDT,109.74,215.079,109.73,236.386,109.75,54.07,109.76,22.763
1753769318753,06:08:38.753,binance,LTC/USDT:USDT,109.74,215.99,109.73,237.297,109.75,54.07,109.76,22.763
1753769318856,06:08:38.856,binance,LTC/USDT:USDT,109.74,199.913,109.73,253.374,109.75,54.414,109.76,22.763
1753769318980,06:08:38.980,binance,LTC/USDT:USDT,109.74,238.755,109.73,253.374,109.75,54.414,109.76,22.763
1753769319126,06:08:39.126,binance,LTC/USDT:USDT,109.74,222.678,109.73,253.374,109.75,54.414,109.76,22.763
1753769319228,06:08:39.228,binance,LTC/USDT:USDT,109.74,222.678,109.73,253.374,109.75,54.414,109.76,22.763
1753769319336,06:08:39.336,binance,LTC/USDT:USDT,109.74,199.913,109.73,253.374,109.75,46.603,109.76,22.763
1753769319606,06:08:39.606,binance,LTC/USDT:USDT,109.74,225.105,109.73,253.374,109.75,54.372,109.76,22.763
1753769319746,06:08:39.746,binance,LTC/USDT:USDT,109.74,225.105,109.73,255.694,109.75,9.135,109.76,22.763
1753769319955,06:08:39.955,binance,LTC/USDT:USDT,109.74,226.5,109.73,262.382,109.75,66.25,109.76,22.763
1753769320072,06:08:40.072,binance,LTC/USDT:USDT,109.74,204.232,109.73,239.617,109.75,66.25,109.76,22.763
1753769320185,06:08:40.185,binance,LTC/USDT:USDT,109.74,266.601,109.73,239.617,109.75,66.25,109.76,22.763
1753769320385,06:08:40.385,binance,LTC/USDT:USDT,109.74,248.703,109.73,254.783,109.75,66.251,109.76,2.76
1753769320500,06:08:40.500,binance,LTC/USDT:USDT,109.74,291.26,109.73,254.783,109.75,66.251,109.76,2.76
1753769320601,06:08:40.601,binance,LTC/USDT:USDT,109.74,203.359,109.73,238.706,109.75,66.251,109.76,2.76
1753769320725,06:08:40.725,binance,LTC/USDT:USDT,109.74,202.995,109.73,238.706,109.75,66.251,109.76,2.76
1753769320826,06:08:40.826,binance,LTC/USDT:USDT,109.74,248.525,109.73,238.706,109.75,66.251,109.76,2.76
1753769320928,06:08:40.928,binance,LTC/USDT:USDT,109.74,271.29,109.73,261.471,109.75,66.251,109.76,2.76
1753769321031,06:08:41.031,binance,LTC/USDT:USDT,109.74,226.033,109.73,261.471,109.75,66.251,109.76,2.76
1753769321142,06:08:41.142,binance,LTC/USDT:USDT,109.74,248.798,109.73,281.634,109.75,66.251,109.76,2.76
1753769321302,06:08:41.302,binance,LTC/USDT:USDT,109.74,203.007,109.73,281.634,109.75,66.716,109.76,2.76
1753769321425,06:08:41.425,binance,LTC/USDT:USDT,109.74,203.007,109.73,281.634,109.75,66.716,109.76,2.76
1753769321526,06:08:41.526,binance,LTC/USDT:USDT,109.74,203.199,109.73,281.634,109.75,66.716,109.76,2.76
1753769321671,06:08:41.671,binance,LTC/USDT:USDT,109.74,271.221,109.73,304.399,109.75,66.716,109.76,2.76
1753769321772,06:08:41.772,binance,LTC/USDT:USDT,109.74,225.691,109.73,304.399,109.75,66.716,109.76,2.76
1753769322019,06:08:42.019,binance,LTC/USDT:USDT,109.74,248.729,109.73,281.634,109.75,66.716,109.76,2.76
1753769322124,06:08:42.124,binance,LTC/USDT:USDT,109.74,204.563,109.73,281.634,109.75,66.716,109.76,39.054
1753769322226,06:08:42.226,binance,LTC/USDT:USDT,109.74,204.563,109.73,238.706,109.75,66.989,109.76,55.131
1753769322332,06:08:42.332,binance,LTC/USDT:USDT,109.74,202.468,109.73,238.706,109.75,66.99,109.76,55.131
1753769322549,06:08:42.549,binance,LTC/USDT:USDT,109.74,265.569,109.73,261.471,109.75,66.988,109.76,39.054
1753769322675,06:08:42.675,binance,LTC/USDT:USDT,109.74,195.452,109.73,238.706,109.75,66.988,109.76,55.131
1753769322782,06:08:42.782,binance,LTC/USDT:USDT,109.74,208.715,109.73,238.706,109.75,66.988,109.76,55.131
1753769322897,06:08:42.897,binance,LTC/USDT:USDT,109.74,185.95,109.73,238.706,109.75,66.988,109.76,55.131
1753769322999,06:08:42.999,binance,LTC/USDT:USDT,109.74,163.185,109.73,238.706,109.75,66.988,109.76,55.131
1753769323169,06:08:43.169,binance,LTC/USDT:USDT,109.74,163.185,109.73,265.557,109.75,66.988,109.76,55.131
1753769323276,06:08:43.276,binance,LTC/USDT:USDT,109.74,185.95,109.73,262.243,109.75,70.292,109.76,39.054
1753769323420,06:08:43.420,binance,LTC/USDT:USDT,109.74,163.185,109.73,262.243,109.75,76.401,109.76,39.054
1753769323535,06:08:43.535,binance,LTC/USDT:USDT,109.74,142.522,109.73,219.392,109.75,107.142,109.76,39.054
1753769323643,06:08:43.643,binance,LTC/USDT:USDT,109.74,39.125,109.73,130.346,109.75,241.767,109.76,136.982
1753769323747,06:08:43.747,binance,LTC/USDT:USDT,109.74,32.146,109.73,119.689,109.75,268.618,109.76,150.753
1753769323848,06:08:43.848,binance,LTC/USDT:USDT,109.74,22.486,109.73,100.051,109.75,225.69,109.76,150.753
1753769323951,06:08:43.951,binance,LTC/USDT:USDT,109.74,23.879,109.73,100.051,109.75,225.69,109.76,150.753
1753769324082,06:08:44.082,binance,LTC/USDT:USDT,109.74,34.465,109.73,104.062,109.75,225.69,109.76,107.825
1753769324186,06:08:44.186,binance,LTC/USDT:USDT,109.74,34.465,109.73,104.062,109.75,225.69,109.76,150.753
1753769324289,06:08:44.289,binance,LTC/USDT:USDT,109.74,34.465,109.73,104.062,109.75,260.69,109.76,150.753
1753769324444,06:08:44.444,binance,LTC/USDT:USDT,109.74,34.465,109.73,100.051,109.75,260.708,109.76,150.753
1753769324582,06:08:44.582,binance,LTC/USDT:USDT,109.74,35.469,109.73,104.062,109.75,260.708,109.76,150.753
1753769324720,06:08:44.720,binance,LTC/USDT:USDT,109.74,35.469,109.73,104.062,109.75,269.765,109.76,150.753
1753769324822,06:08:44.822,binance,LTC/USDT:USDT,109.74,35.469,109.73,104.062,109.75,269.765,109.76,170.058
1753769325056,06:08:45.056,binance,LTC/USDT:USDT,109.74,35.469,109.73,100.051,109.75,269.765,109.76,160.947
1753769325173,06:08:45.173,binance,LTC/USDT:USDT,109.74,35.469,109.73,100.051,109.75,269.957,109.76,160.947
1753769325379,06:08:45.379,binance,LTC/USDT:USDT,109.74,28.18,109.73,57.934,109.75,276.77,109.76,160.947
1753769325583,06:08:45.583,binance,LTC/USDT:USDT,109.74,28.18,109.73,57.934,109.75,276.798,109.76,118.019
1753769325694,06:08:45.694,binance,LTC/USDT:USDT,109.74,28.18,109.73,57.934,109.75,276.798,109.76,160.947
1753769326078,06:08:46.078,binance,LTC/USDT:USDT,109.74,37.292,109.73,74.011,109.75,276.798,109.76,118.019
1753769326259,06:08:46.259,binance,LTC/USDT:USDT,109.74,37.292,109.73,92.934,109.75,276.798,109.76,160.947
1753769326362,06:08:46.362,binance,LTC/USDT:USDT,109.74,37.292,109.73,109.011,109.75,276.795,109.76,144.87
1753769326464,06:08:46.464,binance,LTC/USDT:USDT,109.74,37.292,109.73,92.934,109.75,276.795,109.76,160.947
1753769326601,06:08:46.601,binance,LTC/USDT:USDT,109.74,37.292,109.73,92.934,109.75,278.618,109.76,160.947
1753769326726,06:08:46.726,binance,LTC/USDT:USDT,109.74,37.292,109.73,92.934,109.75,278.618,109.76,160.947
1753769326829,06:08:46.829,binance,LTC/USDT:USDT,109.74,37.292,109.73,92.934,109.75,278.618,109.76,160.947
1753769326930,06:08:46.930,binance,LTC/USDT:USDT,109.74,37.292,109.73,135.862,109.75,278.618,109.76,160.947
1753769327225,06:08:47.225,binance,LTC/USDT:USDT,109.74,37.292,109.73,92.934,109.75,280.442,109.76,160.947
1753769327626,06:08:47.626,binance,LTC/USDT:USDT,109.74,37.362,109.73,92.934,109.75,278.801,109.76,160.947
1753769327850,06:08:47.850,binance,LTC/USDT:USDT,109.74,44.651,109.73,132.633,109.75,278.801,109.76,118.019
1753769327953,06:08:47.953,binance,LTC/USDT:USDT,109.74,44.651,109.73,132.633,109.75,278.801,109.76,118.019
1753769328063,06:08:48.063,binance,LTC/USDT:USDT,109.74,44.651,109.73,132.633,109.75,278.801,109.76,118.019
1753769328203,06:08:48.203,binance,LTC/USDT:USDT,109.74,44.651,109.73,132.633,109.75,278.801,109.76,118.019
1753769328325,06:08:48.325,binance,LTC/USDT:USDT,109.74,44.674,109.73,128.572,109.75,276.981,109.76,118.019
1753769328427,06:08:48.427,binance,LTC/USDT:USDT,109.74,44.674,109.73,112.495,109.75,276.981,109.76,134.096
1753769328531,06:08:48.531,binance,LTC/USDT:USDT,109.74,44.674,109.73,132.65,109.75,276.982,109.76,118.019
1753769328952,06:08:48.952,binance,LTC/USDT:USDT,109.74,153.196,109.73,134.97,109.75,85.859,109.76,98.019
1753769329102,06:08:49.102,binance,LTC/USDT:USDT,109.74,153.196,109.73,134.97,109.75,85.859,109.76,98.019
1753769329345,06:08:49.345,binance,LTC/USDT:USDT,109.74,234.175,109.73,108.119,109.75,88.478,109.76,74.556
1753769329448,06:08:49.448,binance,LTC/USDT:USDT,109.74,207.881,109.73,108.119,109.75,88.495,109.76,74.556
1753769329550,06:08:49.550,binance,LTC/USDT:USDT,109.74,142.057,109.73,108.119,109.75,88.221,109.76,74.556
1753769329675,06:08:49.675,binance,LTC/USDT:USDT,109.74,158.134,109.73,108.119,109.75,88.495,109.76,74.556
1753769330019,06:08:50.019,binance,LTC/USDT:USDT,109.74,157.808,109.73,108.119,109.75,85.841,109.76,74.556
1753769330126,06:08:50.126,binance,LTC/USDT:USDT,109.74,148.895,109.73,108.119,109.75,85.841,109.76,74.556
1753769330279,06:08:50.279,binance,LTC/USDT:USDT,109.74,164.972,109.73,108.119,109.75,85.841,109.76,74.556
1753769330515,06:08:50.515,binance,LTC/USDT:USDT,109.74,148.57,109.73,153.647,109.75,144.291,109.76,74.556
1753769330619,06:08:50.619,binance,LTC/USDT:USDT,109.74,165.21,109.73,206.466,109.75,144.565,109.76,74.556
1753769330753,06:08:50.753,binance,LTC/USDT:USDT,109.74,143.213,109.73,122.097,109.75,144.565,109.76,74.556
1753769330862,06:08:50.862,binance,LTC/USDT:USDT,109.74,164.647,109.73,137.572,109.75,144.565,109.76,74.556
1753769331008,06:08:51.008,binance,LTC/USDT:USDT,109.74,164.647,109.73,114.807,109.75,144.565,109.76,74.556
1753769331110,06:08:51.110,binance,LTC/USDT:USDT,109.74,148.57,109.73,114.807,109.75,144.565,109.76,74.556
1753769331213,06:08:51.213,binance,LTC/USDT:USDT,109.74,151.059,109.73,92.042,109.75,144.565,109.76,74.556
1753769331325,06:08:51.325,binance,LTC/USDT:USDT,109.74,159.847,109.73,144.862,109.75,144.565,109.76,74.556
1753769331434,06:08:51.434,binance,LTC/USDT:USDT,109.74,160.396,109.73,144.862,109.75,144.565,109.76,74.556
1753769331669,06:08:51.669,binance,LTC/USDT:USDT,109.74,164.595,109.73,122.097,109.75,145.104,109.76,74.556
1753769331785,06:08:51.785,binance,LTC/USDT:USDT,109.74,165.196,109.73,92.094,109.75,145.104,109.76,74.556
1753769331901,06:08:51.901,binance,LTC/USDT:USDT,109.74,149.119,109.73,92.094,109.75,150.539,109.76,74.556
1753769332012,06:08:52.012,binance,LTC/USDT:USDT,109.74,166.191,109.73,92.094,109.75,150.539,109.76,74.556
1753769332121,06:08:52.121,binance,LTC/USDT:USDT,109.74,165.196,109.73,114.859,109.75,150.539,109.76,74.556
1753769332242,06:08:52.242,binance,LTC/USDT:USDT,109.74,165.196,109.73,114.859,109.75,150.539,109.76,74.556
1753769332367,06:08:52.367,binance,LTC/USDT:USDT,109.74,157.907,109.73,122.149,109.75,150.54,109.76,74.556
1753769332474,06:08:52.474,binance,LTC/USDT:USDT,109.74,157.907,109.73,122.149,109.75,150.591,109.76,74.556
1753769332600,06:08:52.600,binance,LTC/USDT:USDT,109.74,181.504,109.73,122.149,109.75,150.591,109.76,74.556
1753769332701,06:08:52.701,binance,LTC/USDT:USDT,109.74,181.504,109.73,122.149,109.75,150.591,109.76,74.556
1753769332832,06:08:52.832,binance,LTC/USDT:USDT,109.74,166.028,109.73,92.094,109.75,150.591,109.76,74.556
1753769333107,06:08:53.107,binance,LTC/USDT:USDT,109.74,166.028,109.73,137.624,109.75,150.591,109.76,74.556
1753769333254,06:08:53.254,binance,LTC/USDT:USDT,109.74,166.028,109.73,92.094,109.75,150.591,109.76,74.556
1753769333369,06:08:53.369,binance,LTC/USDT:USDT,109.74,113.657,109.73,85.644,109.75,222.993,109.76,74.556
1753769333478,06:08:53.478,binance,LTC/USDT:USDT,109.74,44.605,109.73,54.644,109.75,235.365,109.76,96.372
1753769333682,06:08:53.682,binance,LTC/USDT:USDT,109.74,28.204,109.73,112.579,109.75,269.56,109.76,96.372
1753769333799,06:08:53.799,binance,LTC/USDT:USDT,109.74,35.493,109.73,59.757,109.75,269.56,109.76,96.372
1753769333925,06:08:53.925,binance,LTC/USDT:USDT,109.74,35.967,109.73,59.757,109.75,242.709,109.76,96.372
1753769334104,06:08:54.104,binance,LTC/USDT:USDT,109.74,35.967,109.73,59.757,109.75,277.709,109.76,96.372
1753769334207,06:08:54.207,binance,LTC/USDT:USDT,109.74,35.967,109.73,59.533,109.75,277.704,109.76,100.554
1753769334326,06:08:54.326,binance,LTC/USDT:USDT,109.74,28.678,109.73,66.823,109.75,277.704,109.76,100.554
1753769334449,06:08:54.449,binance,LTC/USDT:USDT,109.74,34.175,109.73,66.823,109.75,304.363,109.76,147.405
1753769334619,06:08:54.619,binance,LTC/USDT:USDT,109.73,42.447,109.72,176.719,109.74,174.482,109.75,326.958
1753769334831,06:08:54.831,binance,LTC/USDT:USDT,109.73,33.358,109.72,176.847,109.74,294.911,109.75,266.269
1753769334937,06:08:54.937,binance,LTC/USDT:USDT,109.73,33.358,109.72,176.393,109.74,316.775,109.75,244.405
1753769335054,06:08:55.054,binance,LTC/USDT:USDT,109.73,33.358,109.72,176.393,109.74,273.847,109.75,260.482
1753769335343,06:08:55.343,binance,LTC/USDT:USDT,109.73,34.389,109.72,176.393,109.74,274.088,109.75,260.482
1753769335445,06:08:55.445,binance,LTC/USDT:USDT,109.73,34.389,109.72,176.393,109.74,274.008,109.75,260.482
1753769335856,06:08:55.856,binance,LTC/USDT:USDT,109.73,26.639,109.72,176.393,109.74,247.186,109.75,260.482
1753769335975,06:08:55.975,binance,LTC/USDT:USDT,109.73,26.639,109.72,176.393,109.74,247.186,109.75,259.215
1753769336158,06:08:56.158,binance,LTC/USDT:USDT,109.73,26.639,109.72,227.47,109.74,244.9,109.75,212.119
1753769336266,06:08:56.266,binance,LTC/USDT:USDT,109.73,26.415,109.72,211.393,109.74,244.9,109.75,255.047
1753769336384,06:08:56.384,binance,LTC/USDT:USDT,109.73,26.415,109.72,211.393,109.74,244.907,109.75,255.047
1753769336494,06:08:56.494,binance,LTC/USDT:USDT,109.73,26.415,109.72,227.47,109.74,244.907,109.75,255.047
1753769336601,06:08:56.601,binance,LTC/USDT:USDT,109.73,26.415,109.72,96.211,109.74,244.907,109.75,257.053
1753769336702,06:08:56.702,binance,LTC/USDT:USDT,109.72,13.729,109.71,205.209,109.73,172.692,109.74,341.896
1753769336803,06:08:56.803,binance,LTC/USDT:USDT,109.72,14.003,109.71,110.186,109.73,174.346,109.74,339.605
1753769336905,06:08:56.905,binance,LTC/USDT:USDT,109.71,38.278,109.7,242.27,109.72,207.625,109.73,276.152
1753769337109,06:08:57.109,binance,LTC/USDT:USDT,109.71,20.601,109.7,206.32,109.72,171.202,109.73,308.168
1753769337211,06:08:57.211,binance,LTC/USDT:USDT,109.71,20.145,109.7,120.438,109.72,219.752,109.73,307.165
1753769337326,06:08:57.326,binance,LTC/USDT:USDT,109.71,20.145,109.7,120.438,109.72,281.267,109.73,242.244
1753769337461,06:08:57.461,binance,LTC/USDT:USDT,109.71,20.145,109.7,120.438,109.72,304.413,109.73,220.46
1753769337718,06:08:57.718,binance,LTC/USDT:USDT,109.71,20.145,109.7,118.615,109.72,305.367,109.73,220.644
1753769337846,06:08:57.846,binance,LTC/USDT:USDT,109.71,35.338,109.7,84.627,109.72,305.367,109.73,220.644
1753769337963,06:08:57.963,binance,LTC/USDT:USDT,109.71,35.338,109.7,84.627,109.72,305.367,109.73,220.644
1753769338089,06:08:58.089,binance,LTC/USDT:USDT,109.71,35.562,109.7,93.743,109.72,262.439,109.73,218.361
1753769338194,06:08:58.194,binance,LTC/USDT:USDT,109.71,35.338,109.7,93.743,109.72,262.439,109.73,218.361
1753769338297,06:08:58.297,binance,LTC/USDT:USDT,109.71,28.047,109.7,93.743,109.72,260.602,109.73,220.644
1753769338406,06:08:58.406,binance,LTC/USDT:USDT,109.71,28.047,109.7,101.035,109.72,260.602,109.73,220.644
1753769338513,06:08:58.513,binance,LTC/USDT:USDT,109.71,28.436,109.7,101.035,109.72,260.602,109.73,220.644
1753769338623,06:08:58.623,binance,LTC/USDT:USDT,109.71,64.73,109.7,101.035,109.72,260.602,109.73,218.361
1753769338724,06:08:58.724,binance,LTC/USDT:USDT,109.71,88.5,109.7,101.035,109.72,260.602,109.73,216.621
1753769338825,06:08:58.825,binance,LTC/USDT:USDT,109.71,95.791,109.7,93.743,109.72,260.602,109.73,216.621
1753769338955,06:08:58.955,binance,LTC/USDT:USDT,109.71,95.791,109.7,93.743,109.72,260.602,109.73,216.621
1753769339124,06:08:59.124,binance,LTC/USDT:USDT,109.71,95.791,109.7,132.861,109.72,260.602,109.73,216.621
1753769339226,06:08:59.226,binance,LTC/USDT:USDT,109.71,95.791,109.7,132.861,109.72,260.602,109.73,216.621
1753769339368,06:08:59.368,binance,LTC/USDT:USDT,109.71,88.5,109.7,136.035,109.72,245.706,109.73,216.621
1753769339471,06:08:59.471,binance,LTC/USDT:USDT,109.71,88.5,109.7,136.035,109.72,260.535,109.73,216.621
1753769339625,06:08:59.625,binance,LTC/USDT:USDT,109.71,88.299,109.7,136.035,109.72,260.535,109.73,214.796
1753769339742,06:08:59.742,binance,LTC/USDT:USDT,109.71,88.523,109.7,136.035,109.72,260.535,109.73,216.621
1753769339851,06:08:59.851,binance,LTC/USDT:USDT,109.71,243.562,109.7,168.087,109.72,96.522,109.73,121.599
1753769339954,06:08:59.954,binance,LTC/USDT:USDT,109.71,130.751,109.7,123.337,109.72,120.269,109.73,164.527
1753769340063,06:09:00.063,binance,LTC/USDT:USDT,109.71,25.191,109.7,117.571,109.72,150.332,109.73,195.457
1753769340275,06:09:00.275,binance,LTC/USDT:USDT,109.71,17.676,109.7,126.686,109.72,150.332,109.73,193.657
1753769340387,06:09:00.387,binance,LTC/USDT:USDT,109.71,17.676,109.7,133.978,109.72,150.341,109.73,193.657
1753769340502,06:09:00.502,binance,LTC/USDT:USDT,109.71,18.814,109.7,134.267,109.72,161.612,109.73,193.657
1753769340723,06:09:00.723,binance,LTC/USDT:USDT,109.71,18.814,109.7,134.267,109.72,161.612,109.73,193.657
1753769340869,06:09:00.869,binance,LTC/USDT:USDT,109.71,26.105,109.7,126.975,109.72,161.612,109.73,191.339
1753769341074,06:09:01.074,binance,LTC/USDT:USDT,109.71,26.105,109.7,90.681,109.72,239.54,109.73,193.657
1753769341177,06:09:01.177,binance,LTC/USDT:USDT,109.71,26.105,109.7,90.681,109.72,196.612,109.73,193.84
1753769341279,06:09:01.279,binance,LTC/USDT:USDT,109.71,35.36,109.7,93.973,109.72,196.379,109.73,211.522
1753769341380,06:09:01.380,binance,LTC/USDT:USDT,109.69,73.834,109.68,140.212,109.7,125.938,109.71,371.287
1753769341484,06:09:01.484,binance,LTC/USDT:USDT,109.69,22.336,109.68,129.182,109.7,268.166,109.71,294.83
1753769341592,06:09:01.592,binance,LTC/USDT:USDT,109.69,78.851,109.68,139.505,109.7,241.315,109.71,278.753
1753769341697,06:09:01.697,binance,LTC/USDT:USDT,109.69,80.437,109.68,155.582,109.7,186.167,109.71,235.711
1753769341800,06:09:01.800,binance,LTC/USDT:USDT,109.69,121.631,109.68,182.433,109.7,89.349,109.71,163.306
1753769341901,06:09:01.901,binance,LTC/USDT:USDT,109.69,145.001,109.68,182.433,109.7,89.349,109.71,163.306
1753769342216,06:09:02.216,binance,LTC/USDT:USDT,109.69,180.001,109.68,193.848,109.7,89.349,109.71,124.421
1753769342319,06:09:02.319,binance,LTC/USDT:USDT,109.69,163.924,109.68,194.032,109.7,89.4,109.71,124.421
1753769342420,06:09:02.420,binance,LTC/USDT:USDT,109.69,128.924,109.68,167.181,109.7,89.098,109.71,124.421
1753769342524,06:09:02.524,binance,LTC/USDT:USDT,109.69,128.924,109.68,145.226,109.7,140.536,109.71,167.349
1753769342626,06:09:02.626,binance,LTC/USDT:USDT,109.69,124.024,109.68,145.226,109.7,196.687,109.71,167.349
1753769342728,06:09:02.728,binance,LTC/USDT:USDT,109.69,49.501,109.68,145.226,109.7,242.087,109.71,181.738
1753769342836,06:09:02.836,binance,LTC/USDT:USDT,109.69,49.501,109.68,145.226,109.7,242.087,109.71,181.738
1753769342943,06:09:02.943,binance,LTC/USDT:USDT,109.69,49.501,109.68,145.226,109.7,242.087,109.71,181.738
1753769343049,06:09:03.049,binance,LTC/USDT:USDT,109.69,45.743,109.68,145.226,109.7,277.087,109.71,181.738
1753769343151,06:09:03.151,binance,LTC/USDT:USDT,109.69,45.743,109.68,46.461,109.7,330.389,109.71,181.738
1753769343255,06:09:03.255,binance,LTC/USDT:USDT,109.69,36.232,109.68,46.461,109.7,330.389,109.71,181.921
1753769343361,06:09:03.361,binance,LTC/USDT:USDT,109.68,33.641,109.67,50.187,109.69,197.561,109.7,366.506
1753769343463,06:09:03.463,binance,LTC/USDT:USDT,109.68,26.318,109.67,39.826,109.69,225.972,109.7,344.619
1753769343666,06:09:03.666,binance,LTC/USDT:USDT,109.68,23.049,109.67,23.759,109.69,252.344,109.7,280.012
1753769343798,06:09:03.798,binance,LTC/USDT:USDT,109.68,22.866,109.67,44.974,109.69,252.344,109.7,280.012
1753769343902,06:09:03.902,binance,LTC/USDT:USDT,109.68,41.089,109.67,44.974,109.69,250.168,109.7,278.708
1753769344057,06:09:04.057,binance,LTC/USDT:USDT,109.68,32.489,109.67,44.974,109.69,285.168,109.7,278.708
1753769344160,06:09:04.160,binance,LTC/USDT:USDT,109.68,97.191,109.67,101.641,109.69,199.971,109.7,200.78
1753769344261,06:09:04.261,binance,LTC/USDT:USDT,109.68,97.191,109.67,101.578,109.69,151.024,109.7,178.552
1753769344398,06:09:04.398,binance,LTC/USDT:USDT,109.68,97.191,109.67,101.578,109.69,151.027,109.7,178.552
1753769344501,06:09:04.501,binance,LTC/USDT:USDT,109.68,97.191,109.67,101.578,109.69,151.01,109.7,205.536
1753769344721,06:09:04.721,binance,LTC/USDT:USDT,109.68,98.38,109.67,85.501,109.69,150.65,109.7,205.536
1753769344843,06:09:04.843,binance,LTC/USDT:USDT,109.68,98.38,109.67,101.578,109.69,150.65,109.7,205.536
1753769344961,06:09:04.961,binance,LTC/USDT:USDT,109.68,266.763,109.67,182.415,109.69,89.547,109.7,52.321
1753769345065,06:09:05.065,binance,LTC/USDT:USDT,109.68,289.814,109.67,199.095,109.69,89.547,109.7,52.504
1753769345168,06:09:05.168,binance,LTC/USDT:USDT,109.68,312.951,109.67,176.318,109.69,89.547,109.7,52.504
1753769345280,06:09:05.280,binance,LTC/USDT:USDT,109.68,314.481,109.67,176.318,109.69,89.548,109.7,52.504
1753769345394,06:09:05.394,binance,LTC/USDT:USDT,109.68,298.404,109.67,176.318,109.69,88.637,109.7,52.504
1753769345495,06:09:05.495,binance,LTC/USDT:USDT,109.68,294.344,109.67,176.318,109.69,88.635,109.7,52.504
1753769345625,06:09:05.625,binance,LTC/USDT:USDT,109.68,294.344,109.67,176.318,109.69,88.635,109.7,52.504
1753769345732,06:09:05.732,binance,LTC/USDT:USDT,109.68,294.344,109.67,176.318,109.69,88.635,109.7,52.504
1753769345874,06:09:05.874,binance,LTC/USDT:USDT,109.68,295.255,109.67,176.318,109.69,88.635,109.7,52.504
1753769345986,06:09:05.986,binance,LTC/USDT:USDT,109.68,313.154,109.67,197.229,109.69,88.635,109.7,52.504
1753769346100,06:09:06.100,binance,LTC/USDT:USDT,109.68,313.154,109.67,197.229,109.69,88.635,109.7,52.504
1753769346363,06:09:06.363,binance,LTC/USDT:USDT,109.68,277.322,109.67,170.378,109.69,88.635,109.7,88.798
1753769346469,06:09:06.469,binance,LTC/USDT:USDT,109.68,219.545,109.67,154.301,109.69,89.544,109.7,88.798
1753769346571,06:09:06.571,binance,LTC/USDT:USDT,109.68,196.768,109.67,127.444,109.69,89.735,109.7,88.798
1753769346680,06:09:06.680,binance,LTC/USDT:USDT,109.68,219.545,109.67,131.541,109.69,89.735,109.7,90.622
1753769346782,06:09:06.782,binance,LTC/USDT:USDT,109.68,219.545,109.67,174.469,109.69,89.735,109.7,90.622
1753769346888,06:09:06.888,binance,LTC/USDT:USDT,109.68,216.905,109.67,174.469,109.69,98.453,109.7,90.622
1753769347035,06:09:07.035,binance,LTC/USDT:USDT,109.68,247.845,109.67,174.469,109.69,98.727,109.7,90.622
1753769347147,06:09:07.147,binance,LTC/USDT:USDT,109.68,247.845,109.67,174.469,109.69,98.68,109.7,90.622
1753769347279,06:09:07.279,binance,LTC/USDT:USDT,109.68,196.768,109.67,147.618,109.69,98.68,109.7,92.446
1753769347395,06:09:07.395,binance,LTC/USDT:USDT,109.68,196.768,109.67,174.469,109.69,98.68,109.7,92.446
1753769347499,06:09:07.499,binance,LTC/USDT:USDT,109.68,196.11,109.67,173.558,109.69,99.544,109.7,108.523
1753769347712,06:09:07.712,binance,LTC/USDT:USDT,109.68,197.32,109.67,153.407,109.69,99.478,109.7,106.699
1753769347835,06:09:07.835,binance,LTC/USDT:USDT,109.68,197.32,109.67,150.11,109.69,99.478,109.7,106.699
1753769347955,06:09:07.955,binance,LTC/USDT:USDT,109.68,197.32,109.67,150.11,109.69,99.478,109.7,141.699
1753769348062,06:09:08.062,binance,LTC/USDT:USDT,109.68,220.097,109.67,123.41,109.69,99.478,109.7,125.622
1753769348166,06:09:08.166,binance,LTC/USDT:USDT,109.68,220.097,109.67,123.41,109.69,99.478,109.7,125.622
1753769348279,06:09:08.279,binance,LTC/USDT:USDT,109.68,197.32,109.67,150.261,109.69,99.478,109.7,123.798
1753769348392,06:09:08.392,binance,LTC/USDT:USDT,109.68,197.32,109.67,123.41,109.69,99.478,109.7,123.798
1753769348500,06:09:08.500,binance,LTC/USDT:USDT,109.68,201.96,109.67,107.333,109.69,103.623,109.7,139.875
1753769348633,06:09:08.633,binance,LTC/USDT:USDT,109.68,197.32,109.67,107.333,109.69,103.623,109.7,139.875
1753769348736,06:09:08.736,binance,LTC/USDT:USDT,109.68,197.597,109.67,107.333,109.69,103.623,109.7,139.875
1753769348838,06:09:08.838,binance,LTC/USDT:USDT,109.68,197.597,109.67,119.296,109.69,103.623,109.7,139.875
1753769349003,06:09:09.003,binance,LTC/USDT:USDT,109.68,213.674,109.67,173.055,109.69,103.623,109.7,123.798
1753769349251,06:09:09.251,binance,LTC/USDT:USDT,109.68,217.734,109.67,173.055,109.69,103.62,109.7,123.798
1753769349369,06:09:09.369,binance,LTC/USDT:USDT,109.68,217.734,109.67,123.427,109.69,103.656,109.7,123.798
1753769349472,06:09:09.472,binance,LTC/USDT:USDT,109.68,240.511,109.67,150.278,109.69,103.656,109.7,123.798
1753769349696,06:09:09.696,binance,LTC/USDT:USDT,109.68,197.597,109.67,103.219,109.69,103.656,109.7,139.875
1753769349826,06:09:09.826,binance,LTC/USDT:USDT,109.68,197.597,109.67,107.367,109.69,103.656,109.7,139.875
1753769349931,06:09:09.931,binance,LTC/USDT:USDT,109.68,192.283,109.67,103.219,109.69,138.656,109.7,139.875
1753769350159,06:09:10.159,binance,LTC/USDT:USDT,109.68,192.998,109.67,123.462,109.69,138.901,109.7,123.798
1753769350337,06:09:10.337,binance,LTC/USDT:USDT,109.68,192.998,109.67,123.462,109.69,138.901,109.7,123.798
1753769350439,06:09:10.439,binance,LTC/USDT:USDT,109.68,191.176,109.67,103.219,109.69,138.901,109.7,166.726
1753769350548,06:09:10.548,binance,LTC/USDT:USDT,109.68,191.176,109.67,119.296,109.69,138.634,109.7,123.798
1753769350650,06:09:10.650,binance,LTC/USDT:USDT,109.68,191.176,109.67,146.239,109.69,138.908,109.7,123.798
1753769350823,06:09:10.823,binance,LTC/USDT:USDT,109.68,191.176,109.67,146.239,109.69,138.908,109.7,139.875
1753769350928,06:09:10.928,binance,LTC/USDT:USDT,109.68,191.176,109.67,125.996,109.69,138.908,109.7,139.875
1753769351034,06:09:11.034,binance,LTC/USDT:USDT,109.68,207.253,109.67,173.107,109.69,103.908,109.7,123.798
1753769351146,06:09:11.146,binance,LTC/USDT:USDT,109.68,211.313,109.67,173.107,109.69,103.908,109.7,123.798
1753769351279,06:09:11.279,binance,LTC/USDT:USDT,109.68,212.928,109.67,150.33,109.69,103.908,109.7,123.798
1753769351470,06:09:11.470,binance,LTC/USDT:USDT,109.68,212.928,109.67,150.33,109.69,103.935,109.7,124.718
1753769351647,06:09:11.647,binance,LTC/USDT:USDT,109.68,196.851,109.67,150.33,109.69,103.935,109.7,124.718
1753769351908,06:09:11.908,binance,LTC/USDT:USDT,109.68,196.851,109.67,150.33,109.69,103.935,109.7,124.718
1753769352020,06:09:12.020,binance,LTC/USDT:USDT,109.68,196.851,109.67,173.107,109.69,103.935,109.7,124.718
1753769352260,06:09:12.260,binance,LTC/USDT:USDT,109.68,212.928,109.67,173.107,109.69,103.935,109.7,124.718
1753769352473,06:09:12.473,binance,LTC/USDT:USDT,109.68,260.776,109.67,173.644,109.69,103.944,109.7,1.652
1753769352575,06:09:12.575,binance,LTC/USDT:USDT,109.68,274.284,109.67,169.108,109.69,104.315,109.7,1.652
1753769352686,06:09:12.686,binance,LTC/USDT:USDT,109.68,242.39,109.67,169.108,109.69,104.315,109.7,1.652
1753769352791,06:09:12.791,binance,LTC/USDT:USDT,109.68,242.39,109.67,191.885,109.69,104.315,109.7,1.652
1753769352899,06:09:12.899,binance,LTC/USDT:USDT,109.68,288.41,109.67,201.002,109.69,104.315,109.7,1.652
1753769353060,06:09:13.060,binance,LTC/USDT:USDT,109.68,333.509,109.67,192.634,109.69,104.315,109.7,1.652
1753769353161,06:09:13.161,binance,LTC/USDT:USDT,109.68,307.921,109.67,192.634,109.69,104.315,109.7,1.652
1753769353266,06:09:13.266,binance,LTC/USDT:USDT,109.68,307.921,109.67,215.606,109.69,104.315,109.7,1.652
1753769353372,06:09:13.372,binance,LTC/USDT:USDT,109.68,322.968,109.67,216.516,109.69,104.315,109.7,1.652
1753769353478,06:09:13.478,binance,LTC/USDT:USDT,109.68,324.79,109.67,225.633,109.69,104.33,109.7,1.652
1753769353585,06:09:13.585,binance,LTC/USDT:USDT,109.68,370.533,109.67,225.633,109.69,104.33,109.7,1.652
1753769353697,06:09:13.697,binance,LTC/USDT:USDT,109.68,346.369,109.67,225.633,109.69,104.33,109.7,1.652
1753769353801,06:09:13.801,binance,LTC/USDT:USDT,109.68,370.533,109.67,225.633,109.69,104.33,109.7,1.652
1753769354012,06:09:14.012,binance,LTC/USDT:USDT,109.69,366.934,109.68,357.136,109.7,76.901,109.71,127.347
1753769354113,06:09:14.113,binance,LTC/USDT:USDT,109.69,358.15,109.68,351.326,109.7,76.901,109.71,127.347
1753769354279,06:09:14.279,binance,LTC/USDT:USDT,109.69,358.15,109.68,351.326,109.7,76.901,109.71,126.924
1753769354543,06:09:14.543,binance,LTC/USDT:USDT,109.69,360.48,109.68,351.326,109.7,76.901,109.71,126.924
1753769354662,06:09:14.662,binance,LTC/USDT:USDT,109.69,359.526,109.68,351.326,109.7,76.889,109.71,126.924
1753769354833,06:09:14.833,binance,LTC/USDT:USDT,109.69,375.603,109.68,349.708,109.7,75.271,109.71,87.125
1753769354934,06:09:14.934,binance,LTC/USDT:USDT,109.69,401.219,109.68,348.66,109.7,74.195,109.71,87.125
1753769355038,06:09:15.038,binance,LTC/USDT:USDT,109.69,432.099,109.68,344.66,109.7,74.618,109.71,52.125
1753769355151,06:09:15.151,binance,LTC/USDT:USDT,109.71,332.303,109.7,270.027,109.72,16.607,109.73,154.85
1753769355253,06:09:15.253,binance,LTC/USDT:USDT,109.71,332.764,109.7,269.945,109.72,16.607,109.73,154.85
1753769355354,06:09:15.354,binance,LTC/USDT:USDT,109.71,366.479,109.7,269.945,109.72,16.424,109.73,128.312
1753769355465,06:09:15.465,binance,LTC/USDT:USDT,109.71,366.479,109.7,279.06,109.72,16.883,109.73,163.312
1753769355570,06:09:15.570,binance,LTC/USDT:USDT,109.71,366.479,109.7,279.06,109.72,16.883,109.73,167.885
1753769355673,06:09:15.673,binance,LTC/USDT:USDT,109.71,326.238,109.7,279.06,109.72,70.452,109.73,167.885
1753769355777,06:09:15.777,binance,LTC/USDT:USDT,109.71,326.238,109.7,279.06,109.72,70.452,109.73,167.885
1753769355929,06:09:15.929,binance,LTC/USDT:USDT,109.71,326.238,109.7,279.06,109.72,70.452,109.73,167.885
1753769356055,06:09:16.055,binance,LTC/USDT:USDT,109.71,366.479,109.7,279.06,109.72,70.452,109.73,167.885
1753769356163,06:09:16.163,binance,LTC/USDT:USDT,109.71,376.1,109.7,271.952,109.72,70.452,109.73,167.885
1753769356268,06:09:16.268,binance,LTC/USDT:USDT,109.71,335.859,109.7,271.952,109.72,70.452,109.73,167.885
1753769356370,06:09:16.370,binance,LTC/USDT:USDT,109.72,286.057,109.71,302.262,109.73,197.631,109.74,208.25
1753769356472,06:09:16.472,binance,LTC/USDT:USDT,109.72,267.402,109.71,302.536,109.73,197.905,109.74,194.48
1753769356579,06:09:16.579,binance,LTC/USDT:USDT,109.72,286.609,109.71,302.536,109.73,197.905,109.74,194.48
1753769356680,06:09:16.680,binance,LTC/USDT:USDT,109.72,270.904,109.71,300.206,109.73,197.905,109.74,194.48
1753769356825,06:09:16.825,binance,LTC/USDT:USDT,109.72,270.904,109.71,300.206,109.73,197.905,109.74,194.48
1753769356970,06:09:16.970,binance,LTC/USDT:USDT,109.72,210.298,109.71,265.339,109.73,197.905,109.74,237.408
1753769357076,06:09:17.076,binance,LTC/USDT:USDT,109.72,210.298,109.71,281.416,109.73,197.905,109.74,194.48
1753769357179,06:09:17.179,binance,LTC/USDT:USDT,109.72,212.628,109.71,285.517,109.73,197.905,109.74,194.48
1753769357282,06:09:17.282,binance,LTC/USDT:USDT,109.72,212.628,109.71,285.517,109.73,197.905,109.74,194.48
1753769357461,06:09:17.461,binance,LTC/USDT:USDT,109.72,212.628,109.71,285.517,109.73,162.905,109.74,194.48
1753769357578,06:09:17.578,binance,LTC/USDT:USDT,109.72,212.96,109.71,285.517,109.73,163.097,109.74,194.48
1753769357747,06:09:17.747,binance,LTC/USDT:USDT,109.72,212.96,109.71,285.517,109.73,163.097,109.74,194.48
1753769357874,06:09:17.874,binance,LTC/USDT:USDT,109.72,47.015,109.71,212.06,109.73,163.097,109.74,214.658
1753769357978,06:09:17.978,binance,LTC/USDT:USDT,109.72,47.015,109.71,212.06,109.73,163.097,109.74,214.658
1753769358081,06:09:18.081,binance,LTC/USDT:USDT,109.72,47.016,109.71,228.137,109.73,163.097,109.74,210.557
1753769358185,06:09:18.185,binance,LTC/USDT:USDT,109.72,48.036,109.71,227.801,109.73,163.097,109.74,194.48
1753769358300,06:09:18.300,binance,LTC/USDT:USDT,109.72,64.305,109.71,236.916,109.73,163.097,109.74,194.48
1753769358594,06:09:18.594,binance,LTC/USDT:USDT,109.72,13.386,109.71,236.916,109.73,163.097,109.74,194.88
1753769358695,06:09:18.695,binance,LTC/USDT:USDT,109.72,73.87,109.71,236.916,109.73,163.097,109.74,194.88
1753769358804,06:09:18.804,binance,LTC/USDT:USDT,109.72,81.438,109.71,229.625,109.73,163.097,109.74,194.88
1753769358907,06:09:18.907,binance,LTC/USDT:USDT,109.72,81.438,109.71,229.625,109.73,163.097,109.74,194.88
1753769359039,06:09:19.039,binance,LTC/USDT:USDT,109.72,81.438,109.71,233.743,109.73,163.097,109.74,194.88
1753769359156,06:09:19.156,binance,LTC/USDT:USDT,109.72,81.438,109.71,233.743,109.73,163.097,109.74,210.957
1753769359259,06:09:19.259,binance,LTC/USDT:USDT,109.72,81.438,109.71,229.625,109.73,163.097,109.74,210.957
1753769359369,06:09:19.369,binance,LTC/USDT:USDT,109.72,74.147,109.71,220.839,109.73,163.922,109.74,210.957
1753769359730,06:09:19.730,binance,LTC/USDT:USDT,109.72,158.037,109.71,280.611,109.73,6.875,109.74,158.586
1753769359836,06:09:19.836,binance,LTC/USDT:USDT,109.72,205.357,109.71,276.122,109.73,2.078,109.74,16.638
1753769360147,06:09:20.147,binance,LTC/USDT:USDT,109.74,413.902,109.73,329.475,109.75,1.27,109.76,70.767
1753769360354,06:09:20.354,binance,LTC/USDT:USDT,109.75,134.304,109.74,245.076,109.76,61.2,109.77,129.061
1753769360461,06:09:20.461,binance,LTC/USDT:USDT,109.75,150.655,109.74,245.076,109.76,61.2,109.77,109.24
1753769360565,06:09:20.565,binance,LTC/USDT:USDT,109.75,153.177,109.74,245.076,109.76,60.926,109.77,109.24
1753769360880,06:09:20.880,binance,LTC/USDT:USDT,109.75,189.471,109.74,252.365,109.76,2.705,109.77,144.24
1753769360995,06:09:20.995,binance,LTC/USDT:USDT,109.75,189.471,109.74,252.365,109.76,2.705,109.77,144.24
1753769361322,06:09:21.322,binance,LTC/USDT:USDT,109.76,296.272,109.75,185.758,109.77,6.851,109.78,144.943
1753769361426,06:09:21.426,binance,LTC/USDT:USDT,109.76,296.801,109.75,185.758,109.77,6.851,109.78,121.202
1753769361531,06:09:21.531,binance,LTC/USDT:USDT,109.76,297.646,109.75,185.758,109.77,12.438,109.78,121.202
1753769361646,06:09:21.646,binance,LTC/USDT:USDT,109.76,297.838,109.75,183.236,109.77,12.438,109.78,121.202
1753769361754,06:09:21.754,binance,LTC/USDT:USDT,109.76,306.069,109.75,183.236,109.77,12.438,109.78,121.202
1753769361867,06:09:21.867,binance,LTC/USDT:USDT,109.76,266.512,109.75,179.923,109.77,74.114,109.78,156.202
1753769361976,06:09:21.976,binance,LTC/USDT:USDT,109.76,185.786,109.75,142.947,109.77,166.559,109.78,212.399
1753769362077,06:09:22.077,binance,LTC/USDT:USDT,109.76,68.206,109.75,159.208,109.77,166.559,109.78,196.322
1753769362189,06:09:22.189,binance,LTC/USDT:USDT,109.76,21.65,109.75,142.808,109.77,166.559,109.78,216.814
1753769362301,06:09:22.301,binance,LTC/USDT:USDT,109.76,21.65,109.75,142.808,109.77,170.623,109.78,225.923
1753769362405,06:09:22.405,binance,LTC/USDT:USDT,109.76,21.65,109.75,169.659,109.77,170.623,109.78,225.923
1753769362509,06:09:22.509,binance,LTC/USDT:USDT,109.76,21.982,109.75,169.659,109.77,170.623,109.78,178.981
1753769362612,06:09:22.612,binance,LTC/USDT:USDT,109.76,21.982,109.75,176.948,109.77,170.623,109.78,178.981
1753769362725,06:09:22.725,binance,LTC/USDT:USDT,109.76,21.982,109.75,176.948,109.77,170.623,109.78,178.981
1753769362826,06:09:22.826,binance,LTC/USDT:USDT,109.76,21.982,109.75,176.948,109.77,205.623,109.78,178.981
1753769363009,06:09:23.009,binance,LTC/USDT:USDT,109.76,21.982,109.75,134.02,109.77,206.533,109.78,195.961
1753769363112,06:09:23.112,binance,LTC/USDT:USDT,109.76,22.783,109.75,134.02,109.77,206.533,109.78,226.843
1753769363277,06:09:23.277,binance,LTC/USDT:USDT,109.76,23.126,109.75,134.02,109.77,207.443,109.78,226.843
1753769363410,06:09:23.410,binance,LTC/USDT:USDT,109.76,23.167,109.75,150.097,109.77,207.443,109.78,226.843
1753769363525,06:09:23.525,binance,LTC/USDT:USDT,109.76,24.356,109.75,176.948,109.77,208.354,109.78,195.961
1753769363626,06:09:23.626,binance,LTC/USDT:USDT,109.76,24.835,109.75,176.948,109.77,208.354,109.78,165.065
1753769363735,06:09:23.735,binance,LTC/USDT:USDT,109.76,24.835,109.75,176.948,109.77,208.354,109.78,207.993
1753769363856,06:09:23.856,binance,LTC/USDT:USDT,109.76,13.048,109.75,93.726,109.77,209.265,109.78,245.689
1753769363967,06:09:23.967,binance,LTC/USDT:USDT,109.76,13.048,109.75,93.726,109.77,209.265,109.78,266.382
1753769364095,06:09:24.095,binance,LTC/USDT:USDT,109.76,13.048,109.75,94.109,109.77,209.265,109.78,266.382
1753769364252,06:09:24.252,binance,LTC/USDT:USDT,109.76,13.048,109.75,94.109,109.77,209.265,109.78,266.382
1753769364362,06:09:24.362,binance,LTC/USDT:USDT,109.76,13.024,109.75,94.109,109.77,209.265,109.78,266.382
1753769364476,06:09:24.476,binance,LTC/USDT:USDT,109.76,13.024,109.75,94.109,109.77,209.265,109.78,267.289
1753769364595,06:09:24.595,binance,LTC/USDT:USDT,109.75,10.251,109.74,150.174,109.76,152.158,109.77,337.927
1753769364697,06:09:24.697,binance,LTC/USDT:USDT,109.75,10.525,109.74,150.174,109.76,163.768,109.77,325.827
1753769365003,06:09:25.003,binance,LTC/USDT:USDT,109.75,140.663,109.74,237.262,109.76,57.716,109.77,223.236
1753769365104,06:09:25.104,binance,LTC/USDT:USDT,109.75,157.014,109.74,237.262,109.76,62.393,109.77,222.326
1753769365208,06:09:25.208,binance,LTC/USDT:USDT,109.75,142.402,109.74,237.262,109.76,69.48,109.77,251.587
1753769365310,06:09:25.310,binance,LTC/USDT:USDT,109.75,135.113,109.74,244.551,109.76,69.48,109.77,251.587
1753769365453,06:09:25.453,binance,LTC/USDT:USDT,109.75,135.113,109.74,244.551,109.76,69.48,109.77,251.587
1753769365619,06:09:25.619,binance,LTC/USDT:USDT,109.75,52.154,109.74,206.363,109.76,122.824,109.77,294.515
1753769365729,06:09:25.729,binance,LTC/USDT:USDT,109.75,24.693,109.74,197.251,109.76,193.731,109.77,298.552
1753769365831,06:09:25.831,binance,LTC/USDT:USDT,109.75,24.693,109.74,197.251,109.76,193.731,109.77,298.552
1753769365948,06:09:25.948,binance,LTC/USDT:USDT,109.75,24.693,109.74,197.251,109.76,193.731,109.77,278.438
1753769366052,06:09:26.052,binance,LTC/USDT:USDT,109.75,24.693,109.74,224.102,109.76,193.731,109.77,278.438
1753769366154,06:09:26.154,binance,LTC/USDT:USDT,109.75,24.693,109.74,181.174,109.76,193.731,109.77,303.625
1753769366617,06:09:26.617,binance,LTC/USDT:USDT,109.74,1.739,109.73,110.981,109.75,157.787,109.76,304.376
1753769366724,06:09:26.724,binance,LTC/USDT:USDT,109.74,13.786,109.73,110.981,109.75,156.946,109.76,297.289
1753769366832,06:09:26.832,binance,LTC/USDT:USDT,109.74,14.06,109.73,118.271,109.75,156.946,109.76,297.289
1753769367091,06:09:27.091,binance,LTC/USDT:USDT,109.73,91.848,109.72,251.647,109.74,81.221,109.75,234.981
1753769367196,06:09:27.196,binance,LTC/USDT:USDT,109.73,91.848,109.72,206.766,109.74,67.952,109.75,230.935
1753769367300,06:09:27.300,binance,LTC/USDT:USDT,109.73,91.848,109.72,205.026,109.74,80.356,109.75,225.546
1753769367403,06:09:27.403,binance,LTC/USDT:USDT,109.73,91.848,109.72,205.026,109.74,80.547,109.75,221.5
1753769367559,06:09:27.559,binance,LTC/USDT:USDT,109.73,91.848,109.72,205.026,109.74,86.133,109.75,215.914
1753769367662,06:09:27.662,binance,LTC/USDT:USDT,109.73,91.848,109.72,205.25,109.74,86.133,109.75,218.137
1753769367992,06:09:27.992,binance,LTC/USDT:USDT,109.73,91.848,109.72,205.25,109.74,86.11,109.75,218.137
1753769368139,06:09:28.139,binance,LTC/USDT:USDT,109.73,15.746,109.72,196.137,109.74,115.945,109.75,218.126
1753769368245,06:09:28.245,binance,LTC/USDT:USDT,109.73,15.746,109.72,195.913,109.74,115.945,109.75,218.309
1753769368462,06:09:28.462,binance,LTC/USDT:USDT,109.73,15.746,109.72,65.443,109.74,158.821,109.75,245.598
1753769368689,06:09:28.689,binance,LTC/USDT:USDT,109.73,5.646,109.72,43.149,109.74,115.872,109.75,245.598
1753769368790,06:09:28.790,binance,LTC/USDT:USDT,109.73,0.464,109.72,43.149,109.74,150.872,109.75,245.598
1753769368895,06:09:28.895,binance,LTC/USDT:USDT,109.73,8.028,109.72,43.149,109.74,150.872,109.75,245.598
1753769369014,06:09:29.014,binance,LTC/USDT:USDT,109.73,8.028,109.72,43.149,109.74,150.872,109.75,245.598
1753769369126,06:09:29.126,binance,LTC/USDT:USDT,109.73,8.028,109.72,43.149,109.74,150.872,109.75,229.521
1753769369254,06:09:29.254,binance,LTC/USDT:USDT,109.73,8.028,109.72,79.443,109.74,150.872,109.75,229.521
1753769369357,06:09:29.357,binance,LTC/USDT:USDT,109.73,0.464,109.72,102.811,109.74,150.872,109.75,202.67
1753769369465,06:09:29.465,binance,LTC/USDT:USDT,109.73,5.646,109.72,102.811,109.74,150.488,109.75,202.67
1753769369568,06:09:29.568,binance,LTC/USDT:USDT,109.73,0.464,109.72,86.734,109.74,150.777,109.75,245.598
1753769369682,06:09:29.682,binance,LTC/USDT:USDT,109.73,8.845,109.72,86.734,109.74,150.777,109.75,229.521
1753769369803,06:09:29.803,binance,LTC/USDT:USDT,109.73,0.464,109.72,86.551,109.74,150.777,109.75,245.598
1753769369906,06:09:29.906,binance,LTC/USDT:USDT,109.73,2.746,109.72,102.628,109.74,150.777,109.75,202.67
1753769370025,06:09:30.025,binance,LTC/USDT:USDT,109.73,3.02,109.72,102.628,109.74,150.777,109.75,202.67
1753769370133,06:09:30.133,binance,LTC/USDT:USDT,109.73,3.02,109.72,102.628,109.74,151.07,109.75,202.67
1753769370251,06:09:30.251,binance,LTC/USDT:USDT,109.73,3.406,109.72,102.628,109.74,151.522,109.75,202.67
1753769370363,06:09:30.363,binance,LTC/USDT:USDT,109.73,3.406,109.72,86.551,109.74,151.522,109.75,229.521
1753769370497,06:09:30.497,binance,LTC/USDT:USDT,109.73,3.406,109.72,86.551,109.74,151.522,109.75,229.521
1753769370621,06:09:30.621,binance,LTC/USDT:USDT,109.73,3.406,109.72,86.551,109.74,152.047,109.75,245.998
1753769370727,06:09:30.727,binance,LTC/USDT:USDT,109.73,3.406,109.72,86.551,109.74,152.047,109.75,245.998
1753769370868,06:09:30.868,binance,LTC/USDT:USDT,109.72,9.04,109.71,210.556,109.73,154.79,109.74,283.421
1753769370969,06:09:30.969,binance,LTC/USDT:USDT,109.71,10.095,109.7,232.851,109.72,138.654,109.73,233.39
1753769371071,06:09:31.071,binance,LTC/USDT:USDT,109.71,95.096,109.7,264.533,109.72,62.791,109.73,209.321
1753769371179,06:09:31.179,binance,LTC/USDT:USDT,109.71,94.564,109.7,264.533,109.72,60.165,109.73,195.859
1753769371285,06:09:31.285,binance,LTC/USDT:USDT,109.71,94.564,109.7,289.725,109.72,60.651,109.73,152.931
1753769371387,06:09:31.387,binance,LTC/USDT:USDT,109.71,94.564,109.7,264.533,109.72,61.805,109.73,194.897
1753769371495,06:09:31.495,binance,LTC/USDT:USDT,109.71,94.564,109.7,271.825,109.72,72.897,109.73,157.219
1753769371601,06:09:31.601,binance,LTC/USDT:USDT,109.71,94.564,109.7,267.846,109.72,72.706,109.73,193.184
1753769371702,06:09:31.702,binance,LTC/USDT:USDT,109.71,1.006,109.7,267.846,109.72,180.126,109.73,193.184
1753769371803,06:09:31.803,binance,LTC/USDT:USDT,109.71,26.748,109.7,260.554,109.72,180.126,109.73,193.184
1753769371905,06:09:31.905,binance,LTC/USDT:USDT,109.71,26.948,109.7,260.738,109.72,180.126,109.73,193.368
1753769372023,06:09:32.023,binance,LTC/USDT:USDT,109.71,21.707,109.7,230.144,109.72,162.734,109.73,193.368
1753769372127,06:09:32.127,binance,LTC/USDT:USDT,109.71,8.497,109.7,50.282,109.72,179.048,109.73,188.25
1753769372228,06:09:32.228,binance,LTC/USDT:USDT,109.71,8.497,109.7,40.352,109.72,215.013,109.73,188.25
1753769372333,06:09:32.333,binance,LTC/USDT:USDT,109.7,0.384,109.69,156.545,109.71,209.902,109.72,253.436
1753769372539,06:09:32.539,binance,LTC/USDT:USDT,109.69,107.205,109.68,137.431,109.7,129.247,109.71,228.027
1753769372766,06:09:32.766,binance,LTC/USDT:USDT,109.69,113.934,109.68,137.431,109.7,135.566,109.71,241.946
1753769372875,06:09:32.875,binance,LTC/USDT:USDT,109.69,113.934,109.68,137.431,109.7,135.566,109.71,241.946
1753769372978,06:09:32.978,binance,LTC/USDT:USDT,109.69,113.934,109.68,137.431,109.7,135.52,109.71,225.869
1753769373080,06:09:33.080,binance,LTC/USDT:USDT,109.69,170.416,109.68,157.423,109.7,55.079,109.71,199.018
1753769373190,06:09:33.190,binance,LTC/USDT:USDT,109.69,206.71,109.68,193.391,109.7,18.785,109.71,199.018
1753769373299,06:09:33.299,binance,LTC/USDT:USDT,109.69,207.621,109.68,186.54,109.7,18.785,109.71,199.018
1753769373438,06:09:33.438,binance,LTC/USDT:USDT,109.69,207.621,109.68,213.391,109.7,21.434,109.71,199.018
1753769373573,06:09:33.573,binance,LTC/USDT:USDT,109.69,207.621,109.68,186.54,109.7,21.434,109.71,199.018
1753769373679,06:09:33.679,binance,LTC/USDT:USDT,109.69,207.621,109.68,213.391,109.7,21.434,109.71,234.018
1753769373787,06:09:33.787,binance,LTC/USDT:USDT,109.69,207.621,109.68,170.463,109.7,21.434,109.71,234.018
1753769373892,06:09:33.892,binance,LTC/USDT:USDT,109.69,207.621,109.68,170.463,109.7,21.434,109.71,234.202
1753769373998,06:09:33.998,binance,LTC/USDT:USDT,109.69,171.327,109.68,169.862,109.7,69.959,109.71,277.13
1753769374103,06:09:34.103,binance,LTC/USDT:USDT,109.69,171.327,109.68,169.862,109.7,64.372,109.71,277.13
1753769374205,06:09:34.205,binance,LTC/USDT:USDT,109.69,51.771,109.68,142.425,109.7,107.116,109.71,271.946
1753769374911,06:09:34.911,binance,LTC/USDT:USDT,109.69,51.405,109.68,139.111,109.7,143.361,109.71,277.13
1753769375063,06:09:35.063,binance,LTC/USDT:USDT,109.69,52.203,109.68,138.87,109.7,143.361,109.71,281.077
1753769375396,06:09:35.396,binance,LTC/USDT:USDT,109.69,75.737,109.68,154.947,109.7,95.375,109.71,234.202
1753769375732,06:09:35.732,binance,LTC/USDT:USDT,109.69,135.197,109.68,154.947,109.7,98.97,109.71,234.202
1753769375834,06:09:35.834,binance,LTC/USDT:USDT,109.69,135.197,109.68,154.947,109.7,98.97,109.71,250.279
1753769375958,06:09:35.958,binance,LTC/USDT:USDT,109.69,126.423,109.68,137.048,109.7,98.97,109.71,277.13
1753769376157,06:09:36.157,binance,LTC/USDT:USDT,109.69,126.423,109.68,141.012,109.7,98.98,109.71,277.13
1753769376285,06:09:36.285,binance,LTC/USDT:USDT,109.69,126.423,109.68,141.012,109.7,98.98,109.71,277.13
1753769376387,06:09:36.387,binance,LTC/USDT:USDT,109.69,126.423,109.68,141.012,109.7,99.235,109.71,277.13
1753769376680,06:09:36.680,binance,LTC/USDT:USDT,109.69,126.423,109.68,141.012,109.7,101.059,109.71,277.13
1753769376791,06:09:36.791,binance,LTC/USDT:USDT,109.69,126.423,109.68,141.012,109.7,101.059,109.71,277.13
1753769376900,06:09:36.900,binance,LTC/USDT:USDT,109.69,126.423,109.68,141.012,109.7,101.059,109.71,277.13
1753769377003,06:09:37.003,binance,LTC/USDT:USDT,109.69,126.423,109.68,137.048,109.7,100.994,109.71,277.13
1753769377125,06:09:37.125,binance,LTC/USDT:USDT,109.69,126.423,109.68,137.048,109.7,100.994,109.71,277.13
1753769377244,06:09:37.244,binance,LTC/USDT:USDT,109.69,126.423,109.68,137.048,109.7,102.819,109.71,277.13
1753769377353,06:09:37.353,binance,LTC/USDT:USDT,109.69,48.839,109.68,137.048,109.7,162.688,109.71,281.11
1753769377461,06:09:37.461,binance,LTC/USDT:USDT,109.69,48.839,109.68,137.048,109.7,162.685,109.71,281.11
1753769377574,06:09:37.574,binance,LTC/USDT:USDT,109.69,51.842,109.68,137.048,109.7,119.757,109.71,277.13
1753769377734,06:09:37.734,binance,LTC/USDT:USDT,109.69,51.842,109.68,137.048,109.7,117.933,109.71,277.13
1753769377844,06:09:37.844,binance,LTC/USDT:USDT,109.69,51.842,109.68,137.048,109.7,117.933,109.71,277.13
1753769377995,06:09:37.995,binance,LTC/USDT:USDT,109.69,51.842,109.68,137.048,109.7,117.933,109.71,277.13
1753769378103,06:09:38.103,binance,LTC/USDT:USDT,109.69,51.842,109.68,137.048,109.7,117.933,109.71,281.126
1753769378206,06:09:38.206,binance,LTC/USDT:USDT,109.69,51.842,109.68,137.048,109.7,117.933,109.71,281.126
1753769378330,06:09:38.330,binance,LTC/USDT:USDT,109.69,51.842,109.68,137.048,109.7,116.112,109.71,277.13
1753769378440,06:09:38.440,binance,LTC/USDT:USDT,109.69,51.842,109.68,106.464,109.7,117.15,109.71,277.13
1753769378569,06:09:38.569,binance,LTC/USDT:USDT,109.69,51.842,109.68,106.464,109.7,117.169,109.71,277.13
1753769378698,06:09:38.698,binance,LTC/USDT:USDT,109.69,51.842,109.68,83.664,109.7,117.136,109.71,278.04
1753769378800,06:09:38.800,binance,LTC/USDT:USDT,109.69,51.842,109.68,83.664,109.7,117.136,109.71,278.04
1753769378925,06:09:38.925,binance,LTC/USDT:USDT,109.68,39.5,109.67,104.485,109.69,254.517,109.7,217.774
1753769379026,06:09:39.026,binance,LTC/USDT:USDT,109.68,36.624,109.67,104.485,109.69,210.909,109.7,217.774
1753769379138,06:09:39.138,binance,LTC/USDT:USDT,109.68,36.624,109.67,104.485,109.69,211.812,109.7,212.546
1753769379241,06:09:39.241,binance,LTC/USDT:USDT,109.68,36.624,109.67,104.485,109.69,225.264,109.7,203.162
1753769379352,06:09:39.352,binance,LTC/USDT:USDT,109.68,43.917,109.67,104.485,109.69,226.06,109.7,202.623
1753769379499,06:09:39.499,binance,LTC/USDT:USDT,109.68,37.894,109.67,38.571,109.69,252.911,109.7,193.507
1753769379601,06:09:39.601,binance,LTC/USDT:USDT,109.67,122.039,109.66,122.69,109.68,69.712,109.69,254.145
1753769379704,06:09:39.704,binance,LTC/USDT:USDT,109.67,122.313,109.66,151.236,109.68,88.032,109.69,240.693
1753769379813,06:09:39.813,binance,LTC/USDT:USDT,109.67,122.313,109.66,135.159,109.68,113.442,109.69,240.154
1753769379917,06:09:39.917,binance,LTC/USDT:USDT,109.67,123.183,109.66,160.355,109.68,120.578,109.69,233.202
1753769380023,06:09:40.023,binance,LTC/USDT:USDT,109.67,123.996,109.66,160.355,109.68,124.501,109.69,229.279
1753769380126,06:09:40.126,binance,LTC/USDT:USDT,109.67,131.29,109.66,160.355,109.68,124.501,109.69,186.351
1753769380375,06:09:40.375,binance,LTC/USDT:USDT,109.67,132.297,109.66,160.355,109.68,124.92,109.69,229.279
1753769380478,06:09:40.478,binance,LTC/USDT:USDT,109.67,133.564,109.66,160.355,109.68,124.922,109.69,186.351
1753769380588,06:09:40.588,binance,LTC/USDT:USDT,109.67,135.047,109.66,160.355,109.68,124.397,109.69,186.351
1753769380699,06:09:40.699,binance,LTC/USDT:USDT,109.67,135.047,109.66,160.583,109.68,121.771,109.69,186.351
1753769380931,06:09:40.931,binance,LTC/USDT:USDT,109.67,175.341,109.66,192.038,109.68,34.907,109.69,186.351
1753769381206,06:09:41.206,binance,LTC/USDT:USDT,109.67,175.341,109.66,169.182,109.68,35.641,109.69,186.351
1753769381312,06:09:41.312,binance,LTC/USDT:USDT,109.67,175.341,109.66,169.182,109.68,35.641,109.69,186.351
1753769381423,06:09:41.423,binance,LTC/USDT:USDT,109.67,175.341,109.66,169.182,109.68,35.641,109.69,186.351
1753769381526,06:09:41.526,binance,LTC/USDT:USDT,109.67,175.533,109.66,171.502,109.68,35.641,109.69,186.351
1753769381645,06:09:41.645,binance,LTC/USDT:USDT,109.67,211.444,109.66,191.502,109.68,35.641,109.69,186.351
1753769381748,06:09:41.748,binance,LTC/USDT:USDT,109.67,211.672,109.66,191.502,109.68,37.173,109.69,186.351
1753769381850,06:09:41.850,binance,LTC/USDT:USDT,109.67,211.672,109.66,191.502,109.68,37.173,109.69,186.351
1753769381956,06:09:41.956,binance,LTC/USDT:USDT,109.67,211.672,109.66,175.425,109.68,38.984,109.69,186.351
1753769382070,06:09:42.070,binance,LTC/USDT:USDT,109.67,84.88,109.66,155.43,109.68,87.373,109.69,233.29
1753769382474,06:09:42.474,binance,LTC/USDT:USDT,109.67,121.625,109.66,216.839,109.68,38.984,109.69,186.351
1753769382634,06:09:42.634,binance,LTC/USDT:USDT,109.67,121.625,109.66,200.762,109.68,38.984,109.69,264.279
1753769382756,06:09:42.756,binance,LTC/USDT:USDT,109.67,121.625,109.66,216.839,109.68,38.984,109.69,264.279
1753769382901,06:09:42.901,binance,LTC/USDT:USDT,109.67,121.625,109.66,200.762,109.68,38.984,109.69,264.279
1753769383008,06:09:43.008,binance,LTC/USDT:USDT,109.67,121.625,109.66,200.762,109.68,38.984,109.69,264.279
1753769383253,06:09:43.253,binance,LTC/USDT:USDT,109.67,121.625,109.66,216.839,109.68,41.249,109.69,221.351
1753769383360,06:09:43.360,binance,LTC/USDT:USDT,109.67,121.625,109.66,200.762,109.68,41.249,109.69,264.279
1753769383478,06:09:43.478,binance,LTC/USDT:USDT,109.67,121.887,109.66,200.762,109.68,41.249,109.69,264.279
1753769383587,06:09:43.587,binance,LTC/USDT:USDT,109.67,121.887,109.66,216.839,109.68,41.238,109.69,264.279
1753769383700,06:09:43.700,binance,LTC/USDT:USDT,109.67,121.887,109.66,216.839,109.68,41.238,109.69,248.202
1753769383806,06:09:43.806,binance,LTC/USDT:USDT,109.67,121.887,109.66,200.762,109.68,41.238,109.69,264.279
1753769383972,06:09:43.972,binance,LTC/USDT:USDT,109.67,141.964,109.66,239.69,109.68,41.238,109.69,221.351
1753769384073,06:09:44.073,binance,LTC/USDT:USDT,109.67,141.964,109.66,239.69,109.68,41.238,109.69,221.351
1753769384228,06:09:44.228,binance,LTC/USDT:USDT,109.67,141.964,109.66,243.735,109.68,41.238,109.69,221.351
1753769384342,06:09:44.342,binance,LTC/USDT:USDT,109.67,141.964,109.66,263.735,109.68,41.318,109.69,134.853
1753769384456,06:09:44.456,binance,LTC/USDT:USDT,109.67,141.964,109.66,264.999,109.68,41.26,109.69,134.853
1753769384591,06:09:44.591,binance,LTC/USDT:USDT,109.69,235.455,109.68,231.161,109.7,35.457,109.71,266.887
1753769384693,06:09:44.693,binance,LTC/USDT:USDT,109.69,235.729,109.68,258.377,109.7,35.457,109.71,120.741
1753769384800,06:09:44.800,binance,LTC/USDT:USDT,109.7,282.499,109.69,241.258,109.71,43.385,109.72,180.79
1753769384901,06:09:44.901,binance,LTC/USDT:USDT,109.7,282.499,109.69,247.446,109.71,73.214,109.72,180.79
1753769385002,06:09:45.002,binance,LTC/USDT:USDT,109.7,321.112,109.69,247.72,109.71,73.488,109.72,163.847
1753769385219,06:09:45.219,binance,LTC/USDT:USDT,109.7,290.519,109.69,251.559,109.71,73.68,109.72,163.847
1753769385321,06:09:45.321,binance,LTC/USDT:USDT,109.7,287.393,109.69,257.262,109.71,73.68,109.72,163.847
1753769385423,06:09:45.423,binance,LTC/USDT:USDT,109.7,299.41,109.69,254.006,109.71,73.68,109.72,163.847
1753769385554,06:09:45.554,binance,LTC/USDT:USDT,109.7,299.41,109.69,254.006,109.71,74.07,109.72,163.847
1753769385674,06:09:45.674,binance,LTC/USDT:USDT,109.7,299.41,109.69,254.006,109.71,74.07,109.72,163.847
1753769385812,06:09:45.812,binance,LTC/USDT:USDT,109.7,283.333,109.69,246.713,109.71,74.07,109.72,163.847
1753769385914,06:09:45.914,binance,LTC/USDT:USDT,109.7,134.47,109.69,215.799,109.71,88.869,109.72,206.775
1753769386235,06:09:46.235,binance,LTC/USDT:USDT,109.7,25.65,109.69,190.606,109.71,125.163,109.72,215.889
1753769386339,06:09:46.339,binance,LTC/USDT:USDT,109.7,10.498,109.69,101.869,109.71,125.904,109.72,215.889
1753769386440,06:09:46.440,binance,LTC/USDT:USDT,109.7,10.852,109.69,42.333,109.71,147.439,109.72,220.653
1753769386542,06:09:46.542,binance,LTC/USDT:USDT,109.7,11.991,109.69,37.151,109.71,175.477,109.72,211.539
1753769386644,06:09:46.644,binance,LTC/USDT:USDT,109.7,12.507,109.69,37.559,109.71,175.204,109.72,211.539
1753769386762,06:09:46.762,binance,LTC/USDT:USDT,109.7,14.327,109.69,37.559,109.71,175.204,109.72,185.089
1753769386867,06:09:46.867,binance,LTC/USDT:USDT,109.7,13.327,109.69,37.559,109.71,182.041,109.72,211.94
1753769386969,06:09:46.969,binance,LTC/USDT:USDT,109.7,13.327,109.69,37.559,109.71,182.041,109.72,211.94
1753769387106,06:09:47.106,binance,LTC/USDT:USDT,109.7,13.327,109.69,41.429,109.71,181.814,109.72,192.009
1753769387348,06:09:47.348,binance,LTC/USDT:USDT,109.7,13.327,109.69,37.335,109.71,190.166,109.72,231.956
1753769387450,06:09:47.450,binance,LTC/USDT:USDT,109.7,9.51,109.69,15.433,109.71,243.644,109.72,253.841
1753769387551,06:09:47.551,binance,LTC/USDT:USDT,109.69,7.293,109.68,187.715,109.7,256.64,109.71,305.731
1753769387770,06:09:47.770,binance,LTC/USDT:USDT,109.69,12.729,109.68,164.939,109.7,221.382,109.71,297.381
1753769387875,06:09:47.875,binance,LTC/USDT:USDT,109.69,49.023,109.68,207.867,109.7,185.716,109.71,254.453
1753769387982,06:09:47.982,binance,LTC/USDT:USDT,109.69,105.665,109.68,215.882,109.7,101.467,109.71,218.501
1753769388095,06:09:48.095,binance,LTC/USDT:USDT,109.69,127.473,109.68,219.971,109.7,10.369,109.71,106.285
1753769388305,06:09:48.305,binance,LTC/USDT:USDT,109.7,284.371,109.69,168.15,109.71,55.143,109.72,172.732
1753769388409,06:09:48.409,binance,LTC/USDT:USDT,109.7,284.645,109.69,168.15,109.71,55.143,109.72,172.732
1753769388522,06:09:48.522,binance,LTC/USDT:USDT,109.7,268.568,109.69,168.15,109.71,55.143,109.72,207.732
1753769388654,06:09:48.654,binance,LTC/USDT:USDT,109.7,268.568,109.69,168.15,109.71,55.143,109.72,207.732
1753769388760,06:09:48.760,binance,LTC/USDT:USDT,109.7,284.645,109.69,168.15,109.71,55.143,109.72,207.732
1753769388866,06:09:48.866,binance,LTC/USDT:USDT,109.7,284.645,109.69,168.15,109.71,55.143,109.72,207.732
1753769389272,06:09:49.272,binance,LTC/USDT:USDT,109.7,268.568,109.69,168.15,109.71,46.219,109.72,206.822
1753769389378,06:09:49.378,binance,LTC/USDT:USDT,109.7,284.645,109.69,168.15,109.71,46.219,109.72,206.822
1753769389608,06:09:49.608,binance,LTC/USDT:USDT,109.7,292.714,109.69,160.857,109.71,46.976,109.72,206.822
1753769389749,06:09:49.749,binance,LTC/USDT:USDT,109.7,285.422,109.69,168.15,109.71,46.976,109.72,171.822
1753769390069,06:09:50.069,binance,LTC/USDT:USDT,109.71,219.696,109.7,187.669,109.72,0.916,109.73,146.266
1753769390172,06:09:50.172,binance,LTC/USDT:USDT,109.71,194.443,109.7,133.498,109.72,143.805,109.73,162.343
1753769390273,06:09:50.273,binance,LTC/USDT:USDT,109.71,194.443,109.7,133.498,109.72,141.7,109.73,149.198
1753769390390,06:09:50.390,binance,LTC/USDT:USDT,109.71,194.443,109.7,133.498,109.72,141.7,109.73,158.311
1753769390492,06:09:50.492,binance,LTC/USDT:USDT,109.71,194.959,109.7,149.575,109.72,105.406,109.73,142.234
1753769390619,06:09:50.619,binance,LTC/USDT:USDT,109.71,194.959,109.7,156.867,109.72,105.406,109.73,142.234
1753769390789,06:09:50.789,binance,LTC/USDT:USDT,109.71,195.151,109.7,149.575,109.72,105.406,109.73,142.234
1753769390893,06:09:50.893,binance,LTC/USDT:USDT,109.71,195.151,109.7,149.575,109.72,105.406,109.73,133.121
1753769391002,06:09:51.002,binance,LTC/USDT:USDT,109.71,195.151,109.7,149.575,109.72,105.406,109.73,133.121
1753769391106,06:09:51.106,binance,LTC/USDT:USDT,109.71,195.151,109.7,180.707,109.72,105.406,109.73,133.121
1753769391216,06:09:51.216,binance,LTC/USDT:USDT,109.71,195.151,109.7,161.148,109.72,105.406,109.73,133.121
1753769391369,06:09:51.369,binance,LTC/USDT:USDT,109.71,195.151,109.7,153.856,109.72,105.406,109.73,133.121
1753769391476,06:09:51.476,binance,LTC/USDT:USDT,109.71,49.105,109.7,133.914,109.72,140.406,109.73,169.085
1753769391578,06:09:51.578,binance,LTC/USDT:USDT,109.71,12.811,109.7,133.914,109.72,176.7,109.73,186.472
1753769391690,06:09:51.690,binance,LTC/USDT:USDT,109.71,12.811,109.7,133.914,109.72,176.7,109.73,194.71
1753769391800,06:09:51.800,binance,LTC/USDT:USDT,109.71,12.811,109.7,107.747,109.72,176.7,109.73,194.71
1753769391902,06:09:51.902,binance,LTC/USDT:USDT,109.71,12.811,109.7,107.747,109.72,176.7,109.73,194.71
1753769392072,06:09:52.072,binance,LTC/USDT:USDT,109.71,12.811,109.7,107.747,109.72,176.7,109.73,194.71
1753769392175,06:09:52.175,binance,LTC/USDT:USDT,109.71,12.811,109.7,107.747,109.72,176.7,109.73,198.591
1753769392284,06:09:52.284,binance,LTC/USDT:USDT,109.71,0.99,109.7,107.747,109.72,193.688,109.73,198.591
1753769392502,06:09:52.502,binance,LTC/USDT:USDT,109.7,106.924,109.69,161.51,109.71,90.969,109.72,286.579
1753769392608,06:09:52.608,binance,LTC/USDT:USDT,109.7,107.198,109.69,161.51,109.71,77.064,109.72,263.08
1753769392720,06:09:52.720,binance,LTC/USDT:USDT,109.7,107.385,109.69,161.51,109.71,77.064,109.72,263.08
1753769392834,06:09:52.834,binance,LTC/USDT:USDT,109.7,107.385,109.69,161.51,109.71,77.474,109.72,262.67
1753769392961,06:09:52.961,binance,LTC/USDT:USDT,109.7,16.51,109.69,93.482,109.71,185.895,109.72,264.99
1753769393069,06:09:53.069,binance,LTC/USDT:USDT,109.7,3.764,109.69,40.838,109.71,195.01,109.72,275.09
1753769393198,06:09:53.198,binance,LTC/USDT:USDT,109.69,21.591,109.68,187.387,109.7,223.559,109.71,268.751
1753769393301,06:09:53.301,binance,LTC/USDT:USDT,109.69,21.591,109.68,136.946,109.7,223.833,109.71,268.751
1753769393415,06:09:53.415,binance,LTC/USDT:USDT,109.69,21.591,109.68,136.946,109.7,258.833,109.71,268.751
1753769393525,06:09:53.525,binance,LTC/USDT:USDT,109.68,58.348,109.67,145.959,109.69,200.042,109.7,304.727
1753769393731,06:09:53.731,binance,LTC/USDT:USDT,109.68,52.817,109.67,105.325,109.69,156.844,109.7,304.591
1753769393837,06:09:53.837,binance,LTC/USDT:USDT,109.68,52.817,109.67,105.325,109.69,156.844,109.7,304.591
1753769394062,06:09:54.062,binance,LTC/USDT:USDT,109.68,59.927,109.67,105.325,109.69,156.844,109.7,302.586
1753769394203,06:09:54.203,binance,LTC/USDT:USDT,109.68,58.239,109.67,105.325,109.69,156.844,109.7,302.586
1753769394325,06:09:54.325,binance,LTC/USDT:USDT,109.68,58.239,109.67,105.325,109.69,158.343,109.7,302.586
1753769394459,06:09:54.459,binance,LTC/USDT:USDT,109.68,58.239,109.67,105.325,109.69,158.798,109.7,302.586
1753769394574,06:09:54.574,binance,LTC/USDT:USDT,109.68,99.479,109.67,148.253,109.69,114.763,109.7,235.854
1753769394676,06:09:54.676,binance,LTC/USDT:USDT,109.68,95.903,109.67,148.253,109.69,97.336,109.7,235.854
1753769394808,06:09:54.808,binance,LTC/USDT:USDT,109.68,95.903,109.67,148.253,109.69,97.336,109.7,236.037
1753769394913,06:09:54.913,binance,LTC/USDT:USDT,109.68,95.903,109.67,148.253,109.69,97.336,109.7,236.037
1753769395026,06:09:55.026,binance,LTC/USDT:USDT,109.68,95.903,109.67,148.253,109.69,97.336,109.7,236.037
1753769395132,06:09:55.132,binance,LTC/USDT:USDT,109.68,95.903,109.67,105.325,109.69,97.336,109.7,252.114
1753769395240,06:09:55.240,binance,LTC/USDT:USDT,109.68,95.903,109.67,121.402,109.69,97.336,109.7,236.037
1753769395361,06:09:55.361,binance,LTC/USDT:USDT,109.68,99.963,109.67,105.325,109.69,97.336,109.7,252.114
1753769395463,06:09:55.463,binance,LTC/USDT:USDT,109.68,99.963,109.67,144.145,109.69,98.607,109.7,242.997
1753769395565,06:09:55.565,binance,LTC/USDT:USDT,109.68,101.35,109.67,160.222,109.69,98.197,109.7,226.92
1753769395666,06:09:55.666,binance,LTC/USDT:USDT,109.68,97.29,109.67,176.402,109.69,98.731,109.7,226.92
1753769395858,06:09:55.858,binance,LTC/USDT:USDT,109.68,97.29,109.67,160.325,109.69,98.731,109.7,242.997
1753769395960,06:09:55.960,binance,LTC/USDT:USDT,109.68,97.29,109.67,160.325,109.69,98.731,109.7,273.668
1753769396063,06:09:56.063,binance,LTC/USDT:USDT,109.68,97.29,109.67,160.325,109.69,98.731,109.7,269.848
1753769396203,06:09:56.203,binance,LTC/USDT:USDT,109.68,97.29,109.67,160.549,109.69,98.731,109.7,269.848
