timestamp,time,exchange,symbol,bid1_price,bid1_volume,bid2_price,bid2_volume,ask1_price,ask1_volume,ask2_price,ask2_volume
1753769314205,06:08:34.205,okxus,ETH/USDT:USDT,3810.27,1095.87,3810.24,0.01,3810.28,876.08,3810.3,3.22
1753769314305,06:08:34.305,okxus,ETH/USDT:USDT,3810.27,1093.44,3810.24,0.01,3810.28,876.19,3810.3,3.22
1753769314905,06:08:34.905,okxus,ETH/USDT:USDT,3810.27,1074.65,3810.24,0.01,3810.28,903.77,3810.3,3.22
1753769315105,06:08:35.105,okxus,ETH/USDT:USDT,3810.27,1070.38,3810.24,0.01,3810.28,903.77,3810.3,3.22
1753769315205,06:08:35.205,okxus,ETH/USDT:USDT,3810.27,1070.38,3810.24,0.01,3810.28,903.77,3810.3,3.22
1753769315305,06:08:35.305,okxus,ETH/USDT:USDT,3810.27,1070.38,3810.24,0.01,3810.28,903.77,3810.3,3.22
1753769315405,06:08:35.405,okxus,ETH/USDT:USDT,3810.27,1070.38,3810.24,0.01,3810.28,913.0,3810.3,3.22
1753769315605,06:08:35.605,okxus,ETH/USDT:USDT,3810.27,1256.61,3810.24,0.01,3810.28,913.01,3810.3,3.22
1753769315905,06:08:35.905,okxus,ETH/USDT:USDT,3810.27,166.59,3810.24,0.01,3810.28,1015.32,3810.3,3.22
1753769316305,06:08:36.305,okxus,ETH/USDT:USDT,3810.27,749.49,3810.24,0.01,3810.28,896.92,3810.3,3.22
1753769316405,06:08:36.405,okxus,ETH/USDT:USDT,3810.27,781.66,3810.26,100.0,3810.28,896.84,3810.3,3.22
1753769316605,06:08:36.605,okxus,ETH/USDT:USDT,3810.27,776.66,3810.26,100.0,3810.28,918.28,3810.3,3.22
1753769317005,06:08:37.005,okxus,ETH/USDT:USDT,3810.27,929.34,3810.24,0.01,3810.28,741.94,3810.3,3.22
1753769317205,06:08:37.205,okxus,ETH/USDT:USDT,3810.27,915.36,3810.24,0.01,3810.28,784.94,3810.3,3.22
1753769317405,06:08:37.405,okxus,ETH/USDT:USDT,3810.27,931.25,3810.24,0.01,3810.28,788.43,3810.3,3.22
1753769317505,06:08:37.505,okxus,ETH/USDT:USDT,3810.27,931.25,3810.24,0.01,3810.28,791.08,3810.3,3.22
1753769317705,06:08:37.705,okxus,ETH/USDT:USDT,3810.27,917.31,3810.24,0.01,3810.28,832.89,3810.3,3.22
1753769317905,06:08:37.905,okxus,ETH/USDT:USDT,3810.27,626.81,3810.24,0.01,3810.28,832.89,3810.3,3.22
1753769318605,06:08:38.605,okxus,ETH/USDT:USDT,3810.27,1009.06,3810.24,0.01,3810.28,865.7,3810.3,3.22
1753769318705,06:08:38.705,okxus,ETH/USDT:USDT,3810.27,1010.25,3810.24,0.01,3810.28,865.7,3810.3,3.22
1753769318905,06:08:38.905,okxus,ETH/USDT:USDT,3810.27,985.25,3810.24,0.01,3810.28,701.58,3810.3,3.22
1753769319005,06:08:39.005,okxus,ETH/USDT:USDT,3810.27,1050.91,3810.24,0.01,3810.28,701.58,3810.3,3.22
1753769319105,06:08:39.105,okxus,ETH/USDT:USDT,3810.27,985.25,3810.24,0.01,3810.28,701.58,3810.3,3.22
1753769319305,06:08:39.305,okxus,ETH/USDT:USDT,3810.27,885.25,3810.25,100.0,3810.28,616.36,3810.3,3.22
1753769319605,06:08:39.605,okxus,ETH/USDT:USDT,3810.27,878.43,3810.25,100.0,3810.28,782.32,3810.3,3.22
1753769319905,06:08:39.905,okxus,ETH/USDT:USDT,3810.27,876.52,3810.25,100.0,3810.28,804.79,3810.3,3.22
1753769320305,06:08:40.305,okxus,ETH/USDT:USDT,3810.27,866.44,3810.25,100.0,3810.28,790.39,3810.3,3.22
1753769320405,06:08:40.405,okxus,ETH/USDT:USDT,3810.27,854.95,3810.25,100.0,3810.28,753.32,3810.3,3.22
1753769320505,06:08:40.505,okxus,ETH/USDT:USDT,3810.27,855.18,3810.25,100.0,3810.28,838.81,3810.3,3.22
1753769320805,06:08:40.805,okxus,ETH/USDT:USDT,3810.27,272.59,3810.24,0.01,3810.28,873.29,3810.3,3.22
1753769320905,06:08:40.905,okxus,ETH/USDT:USDT,3810.27,287.58,3810.24,0.01,3810.28,872.29,3810.3,3.22
1753769321005,06:08:41.005,okxus,ETH/USDT:USDT,3810.27,287.58,3810.24,0.01,3810.28,872.29,3810.3,3.22
1753769321305,06:08:41.305,okxus,ETH/USDT:USDT,3810.27,968.36,3810.26,100.0,3810.28,654.62,3810.3,3.22
1753769321505,06:08:41.505,okxus,ETH/USDT:USDT,3810.27,982.19,3810.24,100.01,3810.28,657.13,3810.3,3.22
1753769321705,06:08:41.705,okxus,ETH/USDT:USDT,3810.27,967.2,3810.24,100.01,3810.28,769.59,3810.3,3.22
1753769321905,06:08:41.905,okxus,ETH/USDT:USDT,3810.27,967.21,3810.24,100.01,3810.28,770.64,3810.3,3.22
1753769322005,06:08:42.005,okxus,ETH/USDT:USDT,3810.27,732.46,3810.24,100.01,3810.28,844.27,3810.3,3.22
1753769322105,06:08:42.105,okxus,ETH/USDT:USDT,3810.27,32.92,3810.24,0.01,3810.28,916.4,3810.3,3.22
1753769322205,06:08:42.205,okxus,ETH/USDT:USDT,3810.0,0.11,3809.99,0.02,3810.01,842.6,3810.03,152.28
1753769322405,06:08:42.405,okxus,ETH/USDT:USDT,3809.94,522.57,3809.92,5.73,3809.95,1112.57,3810.0,3.23
1753769322505,06:08:42.505,okxus,ETH/USDT:USDT,3809.94,522.98,3809.92,5.73,3809.95,1184.33,3810.0,3.23
1753769322605,06:08:42.605,okxus,ETH/USDT:USDT,3809.94,394.88,3809.92,5.73,3809.95,1278.16,3810.0,3.23
1753769322805,06:08:42.805,okxus,ETH/USDT:USDT,3809.94,58.96,3809.92,5.73,3809.95,1340.42,3810.0,94.43
1753769323005,06:08:43.005,okxus,ETH/USDT:USDT,3809.94,507.91,3809.92,5.73,3809.95,1304.68,3810.0,94.43
1753769323305,06:08:43.305,okxus,ETH/USDT:USDT,3809.94,866.83,3809.92,5.73,3809.95,1052.82,3810.0,94.43
1753769323405,06:08:43.405,okxus,ETH/USDT:USDT,3809.94,445.03,3809.92,5.73,3809.95,1052.82,3810.0,94.43
1753769323505,06:08:43.505,okxus,ETH/USDT:USDT,3809.94,6.2,3809.92,5.73,3809.95,1098.48,3810.0,94.43
1753769323905,06:08:43.905,okxus,ETH/USDT:USDT,3809.75,2582.68,3809.74,5.72,3809.76,498.03,3809.82,0.01
1753769324005,06:08:44.005,okxus,ETH/USDT:USDT,3809.75,2457.51,3809.74,5.72,3809.76,695.95,3809.82,0.01
1753769324105,06:08:44.105,okxus,ETH/USDT:USDT,3809.75,2427.53,3809.74,5.72,3809.76,779.04,3809.82,0.01
1753769324305,06:08:44.305,okxus,ETH/USDT:USDT,3809.75,1952.95,3809.74,5.72,3809.76,826.52,3809.82,0.01
1753769324405,06:08:44.405,okxus,ETH/USDT:USDT,3809.75,1905.96,3809.74,5.72,3809.76,852.25,3809.82,0.01
1753769324605,06:08:44.605,okxus,ETH/USDT:USDT,3809.75,1575.17,3809.74,5.72,3809.76,852.26,3809.82,0.01
1753769324705,06:08:44.705,okxus,ETH/USDT:USDT,3809.75,1129.21,3809.74,5.72,3809.76,946.66,3809.82,0.01
1753769324905,06:08:44.905,okxus,ETH/USDT:USDT,3809.75,322.66,3809.74,5.72,3809.76,1000.64,3809.82,0.01
1753769325005,06:08:45.005,okxus,ETH/USDT:USDT,3809.75,270.98,3809.74,5.72,3809.76,978.23,3809.82,0.01
1753769325205,06:08:45.205,okxus,ETH/USDT:USDT,3809.75,0.09,3809.73,0.01,3809.76,971.3,3809.82,0.01
1753769325305,06:08:45.305,okxus,ETH/USDT:USDT,3809.6,852.55,3809.59,0.01,3809.61,894.89,3809.7,0.01
1753769325405,06:08:45.405,okxus,ETH/USDT:USDT,3809.6,863.28,3809.59,0.01,3809.61,887.77,3809.7,0.01
1753769325505,06:08:45.505,okxus,ETH/USDT:USDT,3809.6,891.34,3809.59,0.01,3809.61,1074.45,3809.7,0.01
1753769325605,06:08:45.605,okxus,ETH/USDT:USDT,3809.6,891.34,3809.59,0.01,3809.61,1180.75,3809.7,0.01
1753769325705,06:08:45.705,okxus,ETH/USDT:USDT,3809.6,1087.43,3809.59,0.01,3809.61,1180.75,3809.7,0.01
1753769326105,06:08:46.105,okxus,ETH/USDT:USDT,3809.6,1087.65,3809.59,0.01,3809.61,1180.28,3809.7,0.01
1753769326205,06:08:46.205,okxus,ETH/USDT:USDT,3809.6,1099.4,3809.59,0.01,3809.61,1180.11,3809.7,0.01
1753769326305,06:08:46.305,okxus,ETH/USDT:USDT,3809.6,1097.52,3809.59,0.01,3809.61,1180.06,3809.7,0.01
1753769326605,06:08:46.605,okxus,ETH/USDT:USDT,3809.6,1594.53,3809.59,0.01,3809.61,279.44,3809.7,0.01
1753769326705,06:08:46.705,okxus,ETH/USDT:USDT,3809.6,1587.63,3809.59,0.01,3809.61,278.54,3809.7,0.01
1753769326805,06:08:46.805,okxus,ETH/USDT:USDT,3809.6,1596.14,3809.59,0.01,3809.61,278.54,3809.7,0.01
1753769326905,06:08:46.905,okxus,ETH/USDT:USDT,3809.6,1596.14,3809.59,0.01,3809.61,278.54,3809.7,0.01
1753769327005,06:08:47.005,okxus,ETH/USDT:USDT,3809.6,1543.65,3809.59,0.01,3809.61,278.54,3809.7,0.01
1753769327405,06:08:47.405,okxus,ETH/USDT:USDT,3809.6,1490.57,3809.59,0.01,3809.61,362.75,3809.7,0.01
1753769327505,06:08:47.505,okxus,ETH/USDT:USDT,3809.6,1490.57,3809.59,0.01,3809.61,362.75,3809.7,0.01
1753769327605,06:08:47.605,okxus,ETH/USDT:USDT,3809.6,1218.27,3809.59,0.01,3809.61,772.6,3809.7,0.01
1753769327705,06:08:47.705,okxus,ETH/USDT:USDT,3809.6,1030.27,3809.59,0.01,3809.61,813.49,3809.7,0.01
1753769327905,06:08:47.905,okxus,ETH/USDT:USDT,3809.6,1024.18,3809.59,0.01,3809.61,901.38,3809.7,0.01
1753769328105,06:08:48.105,okxus,ETH/USDT:USDT,3809.6,1049.91,3809.59,0.01,3809.61,759.27,3809.7,0.01
1753769329305,06:08:49.305,okxus,ETH/USDT:USDT,3809.6,1738.41,3809.59,0.01,3809.61,279.52,3809.7,0.01
1753769329605,06:08:49.605,okxus,ETH/USDT:USDT,3809.6,1730.5,3809.59,0.01,3809.61,284.03,3809.7,0.01
1753769330105,06:08:50.105,okxus,ETH/USDT:USDT,3809.6,1694.16,3809.59,0.01,3809.61,222.8,3809.7,0.01
1753769330205,06:08:50.205,okxus,ETH/USDT:USDT,3809.6,1684.91,3809.59,0.01,3809.61,223.51,3809.7,0.01
1753769330305,06:08:50.305,okxus,ETH/USDT:USDT,3809.6,1685.1,3809.59,0.01,3809.61,217.51,3809.7,0.01
1753769330605,06:08:50.605,okxus,ETH/USDT:USDT,3809.6,1683.06,3809.59,0.01,3809.61,218.19,3809.7,0.01
1753769330705,06:08:50.705,okxus,ETH/USDT:USDT,3809.6,1684.97,3809.59,0.01,3809.61,217.82,3809.7,0.01
1753769331205,06:08:51.205,okxus,ETH/USDT:USDT,3809.6,1629.98,3809.59,0.01,3809.61,453.21,3809.7,0.01
1753769331405,06:08:51.405,okxus,ETH/USDT:USDT,3809.6,1598.46,3809.59,0.01,3809.61,452.78,3809.7,0.01
1753769331505,06:08:51.505,okxus,ETH/USDT:USDT,3809.6,1559.71,3809.59,0.01,3809.61,604.51,3809.7,0.01
1753769331605,06:08:51.605,okxus,ETH/USDT:USDT,3809.6,1559.71,3809.59,0.01,3809.61,604.51,3809.7,0.01
1753769331705,06:08:51.705,okxus,ETH/USDT:USDT,3809.6,1559.71,3809.59,0.01,3809.61,706.81,3809.7,0.01
1753769331805,06:08:51.805,okxus,ETH/USDT:USDT,3809.6,1559.71,3809.59,0.01,3809.61,706.82,3809.7,0.01
1753769331905,06:08:51.905,okxus,ETH/USDT:USDT,3809.6,1133.71,3809.59,0.01,3809.61,726.65,3809.7,0.01
1753769332105,06:08:52.105,okxus,ETH/USDT:USDT,3809.6,1133.71,3809.59,0.01,3809.61,637.06,3809.7,0.01
1753769332305,06:08:52.305,okxus,ETH/USDT:USDT,3809.6,1131.42,3809.59,0.01,3809.61,845.01,3809.7,0.01
1753769332405,06:08:52.405,okxus,ETH/USDT:USDT,3809.6,1131.66,3809.59,0.01,3809.61,808.0,3809.7,0.01
1753769332505,06:08:52.505,okxus,ETH/USDT:USDT,3809.6,1124.99,3809.59,0.01,3809.61,808.17,3809.7,0.01
1753769332605,06:08:52.605,okxus,ETH/USDT:USDT,3809.6,1126.9,3809.59,0.01,3809.61,808.17,3809.7,0.01
1753769332705,06:08:52.705,okxus,ETH/USDT:USDT,3809.6,1126.9,3809.59,0.01,3809.61,808.17,3809.7,0.01
1753769332905,06:08:52.905,okxus,ETH/USDT:USDT,3809.6,1125.63,3809.59,0.01,3809.61,806.86,3809.7,0.01
1753769333005,06:08:53.005,okxus,ETH/USDT:USDT,3809.6,967.62,3809.59,0.01,3809.61,897.34,3809.7,0.01
1753769333105,06:08:53.105,okxus,ETH/USDT:USDT,3809.6,791.23,3809.59,0.01,3809.61,909.52,3809.7,0.01
1753769333205,06:08:53.205,okxus,ETH/USDT:USDT,3809.6,886.12,3809.59,0.01,3809.61,926.1,3809.7,0.01
1753769333505,06:08:53.505,okxus,ETH/USDT:USDT,3809.23,1.03,3809.22,0.03,3809.24,16.47,3809.25,36.64
1753769333605,06:08:53.605,okxus,ETH/USDT:USDT,3809.03,1224.15,3809.02,236.24,3809.04,272.96,3809.1,0.01
1753769333705,06:08:53.705,okxus,ETH/USDT:USDT,3809.29,1319.4,3809.26,11.29,3809.3,841.97,3809.4,3.24
1753769333805,06:08:53.805,okxus,ETH/USDT:USDT,3809.29,795.98,3809.24,6.6,3809.3,1024.19,3809.4,3.24
1753769334005,06:08:54.005,okxus,ETH/USDT:USDT,3809.29,777.82,3809.24,6.6,3809.3,1032.5,3809.4,3.24
1753769334305,06:08:54.305,okxus,ETH/USDT:USDT,3809.24,6.62,3809.13,5.72,3809.25,2570.0,3809.26,0.01
1753769334505,06:08:54.505,okxus,ETH/USDT:USDT,3809.24,13.12,3809.22,5.43,3809.25,2665.6,3809.26,0.01
1753769334905,06:08:54.905,okxus,ETH/USDT:USDT,3809.03,461.11,3809.02,5.43,3809.04,1184.01,3809.1,0.01
1753769335105,06:08:55.105,okxus,ETH/USDT:USDT,3809.03,573.12,3809.02,5.43,3809.04,1266.45,3809.1,0.01
1753769335305,06:08:55.305,okxus,ETH/USDT:USDT,3809.03,164.62,3809.02,5.43,3809.04,1418.43,3809.1,0.01
1753769335505,06:08:55.505,okxus,ETH/USDT:USDT,3809.03,5.95,3809.02,5.43,3809.04,1417.09,3809.1,0.01
1753769335605,06:08:55.605,okxus,ETH/USDT:USDT,3809.03,5.95,3809.02,5.43,3809.04,1423.2,3809.1,0.01
1753769335705,06:08:55.705,okxus,ETH/USDT:USDT,3809.03,5.95,3809.02,5.43,3809.04,1330.42,3809.1,0.01
1753769335805,06:08:55.805,okxus,ETH/USDT:USDT,3809.03,5.95,3809.02,5.43,3809.04,1411.13,3809.1,0.01
1753769336105,06:08:56.105,okxus,ETH/USDT:USDT,3809.03,78.78,3809.01,2.2,3809.04,1407.98,3809.1,0.01
1753769336205,06:08:56.205,okxus,ETH/USDT:USDT,3809.03,78.88,3809.01,2.2,3809.04,1407.98,3809.1,0.01
1753769336405,06:08:56.405,okxus,ETH/USDT:USDT,3809.03,85.19,3809.01,2.2,3809.04,1405.63,3809.1,0.01
1753769337105,06:08:57.105,okxus,ETH/USDT:USDT,3808.58,386.78,3808.57,0.01,3808.59,3028.6,3808.6,3.22
1753769337205,06:08:57.205,okxus,ETH/USDT:USDT,3808.58,386.78,3808.57,0.01,3808.59,3061.45,3808.6,3.22
1753769337305,06:08:57.305,okxus,ETH/USDT:USDT,3808.58,386.78,3808.57,0.01,3808.59,3118.4,3808.6,3.22
1753769337505,06:08:57.505,okxus,ETH/USDT:USDT,3808.52,5.44,3808.5,0.01,3808.53,2866.43,3808.54,32.89
1753769337605,06:08:57.605,okxus,ETH/USDT:USDT,3808.52,5.46,3808.5,0.01,3808.53,2863.02,3808.54,7.9
1753769337905,06:08:57.905,okxus,ETH/USDT:USDT,3808.47,6.99,3808.46,0.03,3808.48,1925.32,3808.49,182.22
1753769338105,06:08:58.105,okxus,ETH/USDT:USDT,3808.47,5.94,3808.43,5.45,3808.48,1927.37,3808.49,182.22
1753769338305,06:08:58.305,okxus,ETH/USDT:USDT,3808.47,6.16,3808.43,5.45,3808.48,1863.86,3808.49,182.22
1753769338405,06:08:58.405,okxus,ETH/USDT:USDT,3808.47,361.87,3808.43,5.45,3808.48,1864.85,3808.49,182.22
1753769338505,06:08:58.505,okxus,ETH/USDT:USDT,3808.47,434.68,3808.43,5.45,3808.48,1867.49,3808.49,182.22
1753769338605,06:08:58.605,okxus,ETH/USDT:USDT,3808.47,429.47,3808.43,5.45,3808.48,1792.08,3808.49,182.22
1753769338705,06:08:58.705,okxus,ETH/USDT:USDT,3808.47,886.74,3808.43,5.45,3808.48,1213.84,3808.5,3.22
1753769338805,06:08:58.805,okxus,ETH/USDT:USDT,3808.47,881.95,3808.43,5.45,3808.48,1163.09,3808.5,3.22
1753769338905,06:08:58.905,okxus,ETH/USDT:USDT,3808.47,882.01,3808.43,5.45,3808.48,1163.09,3808.5,3.22
1753769339005,06:08:59.005,okxus,ETH/USDT:USDT,3808.47,882.01,3808.43,5.45,3808.48,1146.55,3808.5,3.22
1753769339105,06:08:59.105,okxus,ETH/USDT:USDT,3808.47,882.06,3808.43,5.45,3808.48,1146.55,3808.5,3.22
1753769339205,06:08:59.205,okxus,ETH/USDT:USDT,3808.47,882.06,3808.43,5.45,3808.48,1203.08,3808.5,3.22
1753769339405,06:08:59.405,okxus,ETH/USDT:USDT,3808.47,946.81,3808.43,5.45,3808.48,982.46,3808.5,3.22
1753769339605,06:08:59.605,okxus,ETH/USDT:USDT,3808.47,960.94,3808.43,5.45,3808.48,852.38,3808.5,3.22
1753769339805,06:08:59.805,okxus,ETH/USDT:USDT,3808.57,3248.37,3808.56,203.51,3808.58,98.7,3808.74,1.0
1753769339905,06:08:59.905,okxus,ETH/USDT:USDT,3808.57,2696.04,3808.56,0.02,3808.58,494.06,3808.74,1.0
1753769340005,06:09:00.005,okxus,ETH/USDT:USDT,3808.57,2531.67,3808.5,3.22,3808.58,309.44,3808.74,1.0
1753769340105,06:09:00.105,okxus,ETH/USDT:USDT,3808.76,2426.75,3808.75,0.02,3808.77,781.91,3808.8,3.24
1753769340205,06:09:00.205,okxus,ETH/USDT:USDT,3808.76,807.42,3808.74,5.61,3808.77,950.97,3808.8,3.24
1753769340305,06:09:00.305,okxus,ETH/USDT:USDT,3808.76,808.6,3808.74,5.61,3808.77,950.97,3808.79,3.57
1753769340505,06:09:00.505,okxus,ETH/USDT:USDT,3808.76,797.07,3808.74,5.61,3808.77,1005.11,3808.79,3.57
1753769340605,06:09:00.605,okxus,ETH/USDT:USDT,3808.76,717.16,3808.74,5.61,3808.77,1005.13,3808.79,3.57
1753769340705,06:09:00.705,okxus,ETH/USDT:USDT,3808.76,688.5,3808.74,5.61,3808.77,1063.81,3808.79,3.57
1753769340805,06:09:00.805,okxus,ETH/USDT:USDT,3808.76,645.51,3808.74,5.61,3808.77,1058.46,3808.79,3.57
1753769341005,06:09:01.005,okxus,ETH/USDT:USDT,3808.76,558.95,3808.74,5.61,3808.77,1052.7,3808.79,3.57
1753769341105,06:09:01.105,okxus,ETH/USDT:USDT,3808.76,599.59,3808.74,5.61,3808.77,685.76,3808.79,3.57
1753769341205,06:09:01.205,okxus,ETH/USDT:USDT,3808.76,804.65,3808.74,5.61,3808.77,525.62,3808.8,3.24
1753769341305,06:09:01.305,okxus,ETH/USDT:USDT,3808.54,1622.95,3808.53,53.0,3808.55,3.27,3808.6,3.21
1753769341505,06:09:01.505,okxus,ETH/USDT:USDT,3808.69,1466.86,3808.6,3.22,3808.7,566.99,3808.73,5.43
1753769341705,06:09:01.705,okxus,ETH/USDT:USDT,3808.76,2832.03,3808.74,5.62,3808.77,109.95,3808.79,55.37
1753769341905,06:09:01.905,okxus,ETH/USDT:USDT,3808.76,3038.65,3808.75,0.02,3808.77,490.01,3808.79,55.37
1753769342105,06:09:02.105,okxus,ETH/USDT:USDT,3808.76,2461.44,3808.75,0.02,3808.77,490.0,3808.79,55.37
1753769342305,06:09:02.305,okxus,ETH/USDT:USDT,3808.76,0.33,3808.74,5.62,3808.77,914.37,3808.79,55.37
1753769342405,06:09:02.405,okxus,ETH/USDT:USDT,3808.74,4.97,3808.71,1.0,3808.75,2180.21,3808.76,214.22
1753769342605,06:09:02.605,okxus,ETH/USDT:USDT,3808.69,6.55,3808.6,0.01,3808.7,3106.59,3808.71,297.4
1753769342805,06:09:02.805,okxus,ETH/USDT:USDT,3808.43,394.97,3808.37,0.03,3808.44,1073.0,3808.49,0.01
1753769342905,06:09:02.905,okxus,ETH/USDT:USDT,3808.43,354.71,3808.42,5.43,3808.44,1149.69,3808.5,3.22
1753769343105,06:09:03.105,okxus,ETH/USDT:USDT,3808.43,6.18,3808.37,5.43,3808.44,1202.69,3808.48,4.9
1753769343305,06:09:03.305,okxus,ETH/USDT:USDT,3808.12,704.22,3808.11,105.01,3808.13,848.24,3808.2,0.02
1753769343405,06:09:03.405,okxus,ETH/USDT:USDT,3808.12,454.58,3808.11,52.5,3808.13,875.17,3808.2,0.02
1753769343505,06:09:03.505,okxus,ETH/USDT:USDT,3808.12,64.58,3808.11,52.5,3808.13,920.15,3808.2,3.24
1753769343605,06:09:03.605,okxus,ETH/USDT:USDT,3808.12,6.47,3808.1,0.05,3808.13,973.15,3808.2,11.99
1753769343905,06:09:03.905,okxus,ETH/USDT:USDT,3808.06,15.73,3808.05,1.9,3808.07,1603.47,3808.09,283.77
1753769344105,06:09:04.105,okxus,ETH/USDT:USDT,3808.0,668.81,3807.99,0.02,3808.01,772.62,3808.03,253.8
1753769344305,06:09:04.305,okxus,ETH/USDT:USDT,3808.0,1010.87,3807.99,0.02,3808.01,1049.32,3808.06,222.15
1753769344605,06:09:04.605,okxus,ETH/USDT:USDT,3808.0,904.45,3807.99,0.02,3808.01,1109.53,3808.04,5.43
1753769344705,06:09:04.705,okxus,ETH/USDT:USDT,3808.0,858.76,3807.99,0.02,3808.01,1109.53,3808.04,5.43
1753769345005,06:09:05.005,okxus,ETH/USDT:USDT,3808.0,872.77,3807.99,0.02,3808.01,931.62,3808.04,5.43
1753769345105,06:09:05.105,okxus,ETH/USDT:USDT,3808.0,938.57,3807.99,0.02,3808.01,931.62,3808.04,5.43
1753769345205,06:09:05.205,okxus,ETH/USDT:USDT,3808.0,1011.93,3807.99,0.02,3808.01,606.99,3808.04,5.43
1753769345305,06:09:05.305,okxus,ETH/USDT:USDT,3808.0,1013.53,3807.99,0.02,3808.01,606.58,3808.04,5.43
1753769345405,06:09:05.405,okxus,ETH/USDT:USDT,3808.0,1015.44,3807.99,0.02,3808.01,611.15,3808.04,5.43
1753769345505,06:09:05.505,okxus,ETH/USDT:USDT,3808.0,1015.44,3807.99,0.02,3808.01,619.75,3808.04,5.43
1753769345905,06:09:05.905,okxus,ETH/USDT:USDT,3808.0,937.52,3807.99,0.02,3808.01,665.07,3808.04,5.43
1753769346305,06:09:06.305,okxus,ETH/USDT:USDT,3808.0,669.77,3807.99,0.02,3808.01,1153.31,3808.04,5.43
1753769346505,06:09:06.505,okxus,ETH/USDT:USDT,3808.0,372.87,3807.99,0.02,3808.01,1107.06,3808.04,5.43
1753769346605,06:09:06.605,okxus,ETH/USDT:USDT,3808.0,284.04,3807.99,0.02,3808.01,1107.06,3808.04,5.43
1753769347005,06:09:07.005,okxus,ETH/USDT:USDT,3808.0,906.16,3807.99,0.02,3808.01,771.32,3808.04,5.43
1753769347205,06:09:07.205,okxus,ETH/USDT:USDT,3808.0,906.16,3807.99,0.02,3808.01,820.37,3808.04,5.43
1753769347305,06:09:07.305,okxus,ETH/USDT:USDT,3808.0,906.16,3807.99,0.02,3808.01,819.89,3808.04,5.43
1753769347405,06:09:07.405,okxus,ETH/USDT:USDT,3808.0,906.16,3807.99,0.02,3808.01,819.89,3808.04,5.43
1753769347605,06:09:07.605,okxus,ETH/USDT:USDT,3808.0,847.29,3807.99,0.02,3808.01,843.57,3808.04,5.43
1753769347705,06:09:07.705,okxus,ETH/USDT:USDT,3808.0,342.6,3807.99,0.02,3808.01,864.43,3808.04,5.43
1753769347805,06:09:07.805,okxus,ETH/USDT:USDT,3808.0,342.6,3807.99,0.02,3808.01,864.43,3808.04,5.43
1753769347905,06:09:07.905,okxus,ETH/USDT:USDT,3808.0,342.64,3807.99,0.02,3808.01,864.43,3808.04,5.43
1753769348005,06:09:08.005,okxus,ETH/USDT:USDT,3808.0,487.36,3807.99,0.02,3808.01,865.02,3808.04,5.43
1753769348605,06:09:08.605,okxus,ETH/USDT:USDT,3808.0,822.67,3807.99,0.02,3808.01,825.51,3808.04,5.43
1753769348805,06:09:08.805,okxus,ETH/USDT:USDT,3808.0,795.92,3807.99,0.02,3808.01,825.51,3808.04,5.43
1753769348905,06:09:08.905,okxus,ETH/USDT:USDT,3808.0,783.82,3807.99,0.02,3808.01,825.51,3808.04,5.43
1753769349305,06:09:09.305,okxus,ETH/USDT:USDT,3808.0,910.38,3807.99,0.02,3808.01,826.96,3808.04,5.43
1753769349405,06:09:09.405,okxus,ETH/USDT:USDT,3808.0,845.72,3807.99,0.02,3808.01,831.68,3808.04,5.43
1753769349605,06:09:09.605,okxus,ETH/USDT:USDT,3808.0,862.68,3807.99,0.02,3808.01,849.46,3808.04,5.43
1753769349805,06:09:09.805,okxus,ETH/USDT:USDT,3808.0,199.62,3807.99,0.02,3808.01,1051.46,3808.03,176.92
1753769350205,06:09:10.205,okxus,ETH/USDT:USDT,3807.75,395.27,3807.73,2.26,3807.76,889.29,3807.79,43.7
1753769350605,06:09:10.605,okxus,ETH/USDT:USDT,3807.75,655.8,3807.73,2.26,3807.76,1161.16,3807.79,43.7
1753769351105,06:09:11.105,okxus,ETH/USDT:USDT,3807.75,1762.49,3807.73,2.26,3807.76,416.85,3807.8,3.22
1753769351205,06:09:11.205,okxus,ETH/USDT:USDT,3807.75,1789.11,3807.73,2.26,3807.76,416.85,3807.8,3.22
1753769351305,06:09:11.305,okxus,ETH/USDT:USDT,3807.75,1789.11,3807.73,2.26,3807.76,416.85,3807.8,3.22
1753769351405,06:09:11.405,okxus,ETH/USDT:USDT,3807.75,1789.11,3807.73,2.26,3807.76,401.93,3807.8,0.01
1753769351505,06:09:11.505,okxus,ETH/USDT:USDT,3807.75,2041.54,3807.73,2.26,3807.76,401.96,3807.8,0.01
1753769351605,06:09:11.605,okxus,ETH/USDT:USDT,3807.75,2043.45,3807.73,2.26,3807.76,401.96,3807.78,0.13
1753769351705,06:09:11.705,okxus,ETH/USDT:USDT,3807.75,2043.45,3807.73,2.26,3807.76,391.67,3807.78,0.13
1753769351805,06:09:11.805,okxus,ETH/USDT:USDT,3807.75,1788.06,3807.73,2.26,3807.76,536.33,3807.78,0.13
1753769351905,06:09:11.905,okxus,ETH/USDT:USDT,3807.75,1788.06,3807.73,2.26,3807.76,536.75,3807.78,0.13
1753769352005,06:09:12.005,okxus,ETH/USDT:USDT,3807.75,1791.02,3807.73,2.26,3807.76,536.75,3807.78,0.13
1753769352105,06:09:12.105,okxus,ETH/USDT:USDT,3807.75,1856.69,3807.73,2.26,3807.76,392.09,3807.78,0.13
1753769352305,06:09:12.305,okxus,ETH/USDT:USDT,3807.75,1854.14,3807.73,2.26,3807.76,613.37,3807.78,0.13
1753769352805,06:09:12.805,okxus,ETH/USDT:USDT,3808.0,3824.88,3807.99,327.54,3808.01,297.87,3808.06,1.0
1753769353105,06:09:13.105,okxus,ETH/USDT:USDT,3808.0,3772.14,3807.99,327.54,3808.01,297.86,3808.06,1.0
1753769353205,06:09:13.205,okxus,ETH/USDT:USDT,3808.0,3692.37,3807.99,327.54,3808.01,297.86,3808.06,1.0
1753769353405,06:09:13.405,okxus,ETH/USDT:USDT,3808.0,3475.5,3807.99,327.54,3808.01,358.86,3808.06,1.0
1753769353605,06:09:13.605,okxus,ETH/USDT:USDT,3808.0,3543.69,3807.99,327.54,3808.01,393.7,3808.06,1.0
1753769353705,06:09:13.705,okxus,ETH/USDT:USDT,3808.0,3532.78,3807.99,327.54,3808.01,469.31,3808.06,1.0
1753769353805,06:09:13.805,okxus,ETH/USDT:USDT,3808.0,3534.57,3807.99,327.54,3808.01,393.7,3808.06,1.0
1753769353905,06:09:13.905,okxus,ETH/USDT:USDT,3808.0,3534.57,3807.99,327.54,3808.01,393.78,3808.06,1.0
1753769354205,06:09:14.205,okxus,ETH/USDT:USDT,3808.0,3622.2,3807.99,327.54,3808.01,393.78,3808.06,1.0
1753769354305,06:09:14.305,okxus,ETH/USDT:USDT,3808.0,3622.2,3807.99,327.54,3808.01,375.74,3808.06,1.0
1753769354405,06:09:14.405,okxus,ETH/USDT:USDT,3808.0,3622.2,3807.99,327.54,3808.01,375.93,3808.06,1.0
1753769354505,06:09:14.505,okxus,ETH/USDT:USDT,3808.0,3620.29,3807.99,327.54,3808.01,375.93,3808.06,1.0
1753769354605,06:09:14.605,okxus,ETH/USDT:USDT,3808.0,3627.46,3807.99,327.54,3808.01,375.93,3808.06,1.0
1753769354705,06:09:14.705,okxus,ETH/USDT:USDT,3808.0,3626.5,3807.99,327.54,3808.01,376.18,3808.06,1.0
1753769354805,06:09:14.805,okxus,ETH/USDT:USDT,3808.0,3616.5,3807.99,327.54,3808.01,376.18,3808.06,1.0
1753769355105,06:09:15.105,okxus,ETH/USDT:USDT,3808.0,3729.72,3807.99,327.54,3808.01,376.34,3808.06,1.0
1753769355305,06:09:15.305,okxus,ETH/USDT:USDT,3808.0,3731.94,3807.99,327.54,3808.01,377.84,3808.06,1.0
1753769355505,06:09:15.505,okxus,ETH/USDT:USDT,3808.0,3728.66,3807.99,327.54,3808.01,358.22,3808.06,1.0
1753769355605,06:09:15.605,okxus,ETH/USDT:USDT,3808.0,3718.94,3807.99,327.54,3808.01,358.39,3808.06,1.0
1753769355805,06:09:15.805,okxus,ETH/USDT:USDT,3808.0,3720.85,3807.99,327.54,3808.01,358.39,3808.06,1.0
1753769355905,06:09:15.905,okxus,ETH/USDT:USDT,3808.0,3720.85,3807.99,327.54,3808.01,358.48,3808.06,1.0
1753769356005,06:09:16.005,okxus,ETH/USDT:USDT,3808.0,3720.85,3807.99,327.54,3808.01,358.48,3808.06,1.0
1753769356105,06:09:16.105,okxus,ETH/USDT:USDT,3808.0,3720.85,3807.99,327.54,3808.01,358.48,3808.06,1.0
1753769356205,06:09:16.205,okxus,ETH/USDT:USDT,3808.0,3706.36,3807.99,327.54,3808.01,358.63,3808.06,1.0
1753769356305,06:09:16.305,okxus,ETH/USDT:USDT,3808.0,3708.27,3807.99,327.54,3808.01,358.63,3808.06,1.0
1753769356405,06:09:16.405,okxus,ETH/USDT:USDT,3808.11,2726.01,3808.1,3.21,3808.12,141.87,3808.2,0.18
1753769356605,06:09:16.605,okxus,ETH/USDT:USDT,3808.11,2774.69,3808.1,3.23,3808.12,401.04,3808.2,0.18
1753769356705,06:09:16.705,okxus,ETH/USDT:USDT,3808.11,2773.83,3808.1,3.23,3808.12,401.03,3808.2,0.18
1753769357205,06:09:17.205,okxus,ETH/USDT:USDT,3808.11,2773.28,3808.1,3.23,3808.12,245.96,3808.18,0.12
1753769357405,06:09:17.405,okxus,ETH/USDT:USDT,3808.11,2817.61,3808.1,3.23,3808.12,245.99,3808.18,0.12
1753769357505,06:09:17.505,okxus,ETH/USDT:USDT,3808.11,2817.61,3808.1,3.23,3808.12,246.25,3808.18,0.12
1753769357605,06:09:17.605,okxus,ETH/USDT:USDT,3808.11,2819.52,3808.1,3.23,3808.12,246.42,3808.18,0.12
1753769357705,06:09:17.705,okxus,ETH/USDT:USDT,3808.11,2819.52,3808.1,3.23,3808.12,246.42,3808.18,0.12
1753769357805,06:09:17.805,okxus,ETH/USDT:USDT,3808.11,2810.83,3808.1,3.23,3808.12,245.58,3808.18,0.12
1753769357905,06:09:17.905,okxus,ETH/USDT:USDT,3808.11,2810.83,3808.1,3.23,3808.12,245.67,3808.18,0.12
1753769358005,06:09:18.005,okxus,ETH/USDT:USDT,3808.11,2812.71,3808.1,3.23,3808.12,245.7,3808.18,0.12
1753769358105,06:09:18.105,okxus,ETH/USDT:USDT,3808.11,2812.71,3808.1,3.23,3808.12,245.7,3808.18,0.12
1753769358205,06:09:18.205,okxus,ETH/USDT:USDT,3808.11,2812.71,3808.1,3.23,3808.12,205.13,3808.18,0.12
1753769358305,06:09:18.305,okxus,ETH/USDT:USDT,3808.11,2455.16,3808.1,3.21,3808.12,281.2,3808.18,0.12
1753769358405,06:09:18.405,okxus,ETH/USDT:USDT,3808.11,2454.92,3808.1,3.21,3808.12,211.28,3808.18,0.12
1753769358605,06:09:18.605,okxus,ETH/USDT:USDT,3808.11,2062.3,3808.1,3.21,3808.12,253.42,3808.18,0.12
1753769358705,06:09:18.705,okxus,ETH/USDT:USDT,3808.11,2062.3,3808.1,3.21,3808.12,408.43,3808.18,0.12
1753769359105,06:09:19.105,okxus,ETH/USDT:USDT,3808.11,2150.01,3808.1,3.21,3808.12,253.12,3808.18,0.12
1753769360205,06:09:20.205,okxus,ETH/USDT:USDT,3808.34,2894.75,3808.33,0.02,3808.35,17.33,3808.39,0.03
1753769360305,06:09:20.305,okxus,ETH/USDT:USDT,3808.34,2890.81,3808.33,0.02,3808.35,17.97,3808.39,0.03
1753769360505,06:09:20.505,okxus,ETH/USDT:USDT,3808.34,2902.07,3808.33,0.02,3808.35,18.24,3808.39,0.03
1753769360705,06:09:20.705,okxus,ETH/USDT:USDT,3808.34,2902.07,3808.33,0.02,3808.35,18.24,3808.39,0.03
1753769360805,06:09:20.805,okxus,ETH/USDT:USDT,3808.34,2902.07,3808.33,0.02,3808.35,18.24,3808.39,0.03
1753769361105,06:09:21.105,okxus,ETH/USDT:USDT,3808.34,2904.73,3808.33,0.02,3808.35,18.39,3808.39,0.03
1753769361305,06:09:21.305,okxus,ETH/USDT:USDT,3808.63,2237.88,3808.62,852.59,3808.64,21.26,3808.77,8.35
1753769361405,06:09:21.405,okxus,ETH/USDT:USDT,3808.63,2267.05,3808.62,852.59,3808.64,21.26,3808.74,5.41
1753769361505,06:09:21.505,okxus,ETH/USDT:USDT,3808.63,2094.91,3808.62,752.59,3808.64,21.67,3808.77,8.35
1753769361705,06:09:21.705,okxus,ETH/USDT:USDT,3808.63,2233.15,3808.62,621.97,3808.64,21.87,3808.77,8.35
1753769361905,06:09:21.905,okxus,ETH/USDT:USDT,3808.63,1920.97,3808.62,621.97,3808.64,177.41,3808.77,8.35
1753769362005,06:09:22.005,okxus,ETH/USDT:USDT,3808.63,1628.81,3808.62,621.97,3808.64,409.86,3808.77,8.35
1753769362205,06:09:22.205,okxus,ETH/USDT:USDT,3808.63,1728.81,3808.62,621.97,3808.64,22.22,3808.77,8.35
1753769362305,06:09:22.305,okxus,ETH/USDT:USDT,3808.63,1626.9,3808.62,621.97,3808.64,22.22,3808.77,8.35
1753769362605,06:09:22.605,okxus,ETH/USDT:USDT,3808.63,1675.05,3808.62,621.97,3808.64,79.68,3808.65,0.09
1753769362705,06:09:22.705,okxus,ETH/USDT:USDT,3808.63,1673.14,3808.62,621.97,3808.64,155.29,3808.65,0.09
1753769362805,06:09:22.805,okxus,ETH/USDT:USDT,3808.63,1673.14,3808.62,621.97,3808.64,315.22,3808.65,0.09
1753769362905,06:09:22.905,okxus,ETH/USDT:USDT,3808.63,1675.05,3808.62,621.97,3808.64,79.84,3808.65,0.09
1753769363105,06:09:23.105,okxus,ETH/USDT:USDT,3808.63,1403.97,3808.62,346.97,3808.64,79.82,3808.65,0.09
1753769363205,06:09:23.205,okxus,ETH/USDT:USDT,3808.63,1279.81,3808.6,55.73,3808.64,467.48,3808.65,0.09
1753769363505,06:09:23.505,okxus,ETH/USDT:USDT,3808.63,1666.25,3808.6,55.73,3808.64,131.99,3808.65,0.09
1753769363605,06:09:23.605,okxus,ETH/USDT:USDT,3808.63,1664.56,3808.6,55.73,3808.64,334.96,3808.65,0.09
1753769363705,06:09:23.705,okxus,ETH/USDT:USDT,3808.63,1179.09,3808.6,55.73,3808.64,486.61,3808.65,0.09
1753769363805,06:09:23.805,okxus,ETH/USDT:USDT,3808.63,578.22,3808.6,55.73,3808.64,829.08,3808.65,0.09
1753769363905,06:09:23.905,okxus,ETH/USDT:USDT,3808.63,568.81,3808.6,3.22,3808.64,843.14,3808.65,0.09
1753769364005,06:09:24.005,okxus,ETH/USDT:USDT,3808.63,613.92,3808.6,3.22,3808.64,842.5,3808.65,0.09
1753769364305,06:09:24.305,okxus,ETH/USDT:USDT,3808.63,595.99,3808.6,3.22,3808.64,828.1,3808.65,0.09
1753769364405,06:09:24.405,okxus,ETH/USDT:USDT,3808.63,597.04,3808.6,3.22,3808.64,828.21,3808.65,0.09
1753769364505,06:09:24.505,okxus,ETH/USDT:USDT,3808.63,597.04,3808.6,3.22,3808.64,821.11,3808.65,0.09
1753769364605,06:09:24.605,okxus,ETH/USDT:USDT,3808.63,197.33,3808.6,0.01,3808.64,857.87,3808.65,0.09
1753769364705,06:09:24.705,okxus,ETH/USDT:USDT,3808.63,198.41,3808.6,0.01,3808.64,857.87,3808.65,0.09
1753769365005,06:09:25.005,okxus,ETH/USDT:USDT,3808.63,189.8,3808.6,0.01,3808.64,873.92,3808.65,0.09
1753769365205,06:09:25.205,okxus,ETH/USDT:USDT,3808.63,487.93,3808.62,3.73,3808.64,857.81,3808.65,0.09
1753769365505,06:09:25.505,okxus,ETH/USDT:USDT,3808.63,219.4,3808.62,3.73,3808.64,862.41,3808.65,0.09
1753769365605,06:09:25.605,okxus,ETH/USDT:USDT,3808.63,59.5,3808.62,3.73,3808.64,958.64,3808.65,0.09
1753769365905,06:09:25.905,okxus,ETH/USDT:USDT,3808.34,329.08,3808.29,0.01,3808.35,1866.02,3808.4,3.22
1753769366005,06:09:26.005,okxus,ETH/USDT:USDT,3808.34,397.56,3808.29,0.01,3808.35,1878.8,3808.4,3.22
1753769366105,06:09:26.105,okxus,ETH/USDT:USDT,3808.34,452.4,3808.29,0.01,3808.35,1831.76,3808.4,3.22
1753769366205,06:09:26.205,okxus,ETH/USDT:USDT,3808.34,353.33,3808.29,0.01,3808.35,1831.78,3808.4,3.22
1753769366305,06:09:26.305,okxus,ETH/USDT:USDT,3808.17,5.4,3808.12,0.51,3808.18,1023.38,3808.21,202.1
1753769366405,06:09:26.405,okxus,ETH/USDT:USDT,3808.17,313.17,3808.12,0.51,3808.18,1039.45,3808.2,3.24
1753769366505,06:09:26.505,okxus,ETH/USDT:USDT,3808.17,5.14,3808.12,0.51,3808.18,1232.99,3808.2,3.24
1753769366705,06:09:26.705,okxus,ETH/USDT:USDT,3808.06,448.19,3808.01,7.28,3808.07,1901.47,3808.1,3.21
1753769366805,06:09:26.805,okxus,ETH/USDT:USDT,3808.06,775.53,3808.01,7.28,3808.07,1636.66,3808.1,3.21
1753769367105,06:09:27.105,okxus,ETH/USDT:USDT,3808.06,1123.98,3808.01,7.28,3808.07,1697.18,3808.1,3.21
1753769367305,06:09:27.305,okxus,ETH/USDT:USDT,3808.06,1135.73,3808.01,7.28,3808.07,1697.18,3808.1,3.21
1753769367405,06:09:27.405,okxus,ETH/USDT:USDT,3808.06,432.8,3808.01,7.28,3808.07,1716.44,3808.1,3.21
1753769367505,06:09:27.505,okxus,ETH/USDT:USDT,3808.06,432.8,3808.01,7.28,3808.07,1720.43,3808.1,3.21
1753769367605,06:09:27.605,okxus,ETH/USDT:USDT,3808.06,639.21,3808.01,7.28,3808.07,1620.74,3808.1,3.21
1753769367805,06:09:27.805,okxus,ETH/USDT:USDT,3808.06,736.11,3808.01,7.28,3808.07,1569.2,3808.1,3.21
1753769367905,06:09:27.905,okxus,ETH/USDT:USDT,3808.06,667.58,3808.01,7.28,3808.07,1569.29,3808.1,3.21
1753769368005,06:09:28.005,okxus,ETH/USDT:USDT,3808.06,665.7,3808.01,7.28,3808.07,1588.91,3808.1,3.21
1753769368805,06:09:28.805,okxus,ETH/USDT:USDT,3807.99,317.56,3807.98,0.03,3808.0,2336.29,3808.05,31.25
1753769368905,06:09:28.905,okxus,ETH/USDT:USDT,3807.99,85.39,3807.98,0.03,3808.0,2336.31,3808.05,31.25
1753769369105,06:09:29.105,okxus,ETH/USDT:USDT,3807.99,520.39,3807.98,0.03,3808.0,2321.09,3808.05,31.25
1753769369205,06:09:29.205,okxus,ETH/USDT:USDT,3807.99,520.39,3807.98,0.03,3808.0,2295.67,3808.05,31.25
1753769369405,06:09:29.405,okxus,ETH/USDT:USDT,3807.99,695.52,3807.98,0.03,3808.0,2295.87,3808.06,92.77
1753769369605,06:09:29.605,okxus,ETH/USDT:USDT,3807.99,239.04,3807.98,0.03,3808.0,2294.5,3808.05,31.25
1753769369905,06:09:29.905,okxus,ETH/USDT:USDT,3807.99,315.7,3807.98,0.03,3808.0,2294.85,3808.05,31.25
1753769370005,06:09:30.005,okxus,ETH/USDT:USDT,3807.99,81.91,3807.98,0.03,3808.0,2294.85,3808.05,31.25
1753769370105,06:09:30.105,okxus,ETH/USDT:USDT,3807.99,81.91,3807.98,0.03,3808.0,2294.85,3808.05,31.25
1753769370205,06:09:30.205,okxus,ETH/USDT:USDT,3807.99,81.91,3807.98,0.03,3808.0,2294.86,3808.05,31.25
1753769370305,06:09:30.305,okxus,ETH/USDT:USDT,3807.99,438.32,3807.98,0.03,3808.0,2294.82,3808.06,92.77
1753769370405,06:09:30.405,okxus,ETH/USDT:USDT,3807.99,452.35,3807.98,0.03,3808.0,1935.99,3808.06,92.77
1753769371105,06:09:31.105,okxus,ETH/USDT:USDT,3807.72,579.54,3807.7,0.01,3807.73,3010.96,3807.74,0.01
1753769371205,06:09:31.205,okxus,ETH/USDT:USDT,3807.72,579.54,3807.7,0.01,3807.73,3013.25,3807.74,0.01
1753769371505,06:09:31.505,okxus,ETH/USDT:USDT,3807.72,579.5,3807.7,0.01,3807.73,3004.63,3807.74,0.01
1753769371705,06:09:31.705,okxus,ETH/USDT:USDT,3807.72,550.14,3807.7,0.01,3807.73,3013.37,3807.74,0.01
1753769371805,06:09:31.805,okxus,ETH/USDT:USDT,3807.72,550.14,3807.7,0.01,3807.73,3013.37,3807.74,0.01
1753769372105,06:09:32.105,okxus,ETH/USDT:USDT,3807.72,550.12,3807.7,0.01,3807.73,3012.66,3807.74,0.01
1753769372405,06:09:32.405,okxus,ETH/USDT:USDT,3807.4,84.4,3807.39,3.59,3807.41,2814.01,3807.42,271.81
1753769372505,06:09:32.505,okxus,ETH/USDT:USDT,3807.4,84.55,3807.39,14.13,3807.41,2311.85,3807.42,39.37
1753769372705,06:09:32.705,okxus,ETH/USDT:USDT,3807.4,84.41,3807.39,8.73,3807.41,2388.38,3807.42,39.36
1753769372805,06:09:32.805,okxus,ETH/USDT:USDT,3807.39,8.73,3807.36,3.23,3807.4,3340.66,3807.41,2137.08
1753769373105,06:09:33.105,okxus,ETH/USDT:USDT,3807.31,36.04,3807.3,5.98,3807.32,1102.34,3807.4,35.87
1753769373405,06:09:33.405,okxus,ETH/USDT:USDT,3807.31,196.48,3807.3,5.98,3807.32,1177.22,3807.39,0.08
1753769373605,06:09:33.605,okxus,ETH/USDT:USDT,3807.31,443.44,3807.3,5.98,3807.32,1177.57,3807.39,0.08
1753769373705,06:09:33.705,okxus,ETH/USDT:USDT,3807.31,439.03,3807.3,5.98,3807.32,1177.57,3807.39,0.08
1753769373805,06:09:33.805,okxus,ETH/USDT:USDT,3807.31,85.02,3807.3,5.98,3807.32,1177.57,3807.39,0.08
1753769373905,06:09:33.905,okxus,ETH/USDT:USDT,3807.31,7.19,3807.3,5.98,3807.32,1177.66,3807.39,0.08
1753769374005,06:09:34.005,okxus,ETH/USDT:USDT,3807.31,8.94,3807.3,5.98,3807.32,1177.66,3807.39,0.08
1753769374705,06:09:34.705,okxus,ETH/USDT:USDT,3807.0,84.36,3806.98,0.01,3807.01,3642.46,3807.02,0.01
1753769374805,06:09:34.805,okxus,ETH/USDT:USDT,3807.0,85.07,3806.98,0.01,3807.01,3642.61,3807.02,0.01
1753769374905,06:09:34.905,okxus,ETH/USDT:USDT,3807.0,84.36,3806.98,0.01,3807.01,3642.61,3807.02,0.01
1753769375105,06:09:35.105,okxus,ETH/USDT:USDT,3807.0,84.51,3806.98,0.01,3807.01,3589.23,3807.02,0.01
1753769375405,06:09:35.405,okxus,ETH/USDT:USDT,3807.0,84.88,3806.98,0.01,3807.01,3561.23,3807.02,0.01
1753769375805,06:09:35.805,okxus,ETH/USDT:USDT,3807.0,84.25,3806.98,0.01,3807.01,3378.6,3807.02,0.01
1753769376005,06:09:36.005,okxus,ETH/USDT:USDT,3807.0,83.9,3806.98,0.01,3807.01,3376.73,3807.02,0.01
1753769376105,06:09:36.105,okxus,ETH/USDT:USDT,3807.0,83.9,3806.98,0.01,3807.01,3381.78,3807.02,0.01
1753769376205,06:09:36.205,okxus,ETH/USDT:USDT,3807.0,84.16,3806.98,0.01,3807.01,3377.91,3807.02,0.01
1753769376705,06:09:36.705,okxus,ETH/USDT:USDT,3807.0,83.14,3806.98,0.01,3807.01,3307.74,3807.02,0.01
1753769376905,06:09:36.905,okxus,ETH/USDT:USDT,3806.95,384.93,3806.91,0.1,3806.96,1431.99,3806.97,247.58
1753769377005,06:09:37.005,okxus,ETH/USDT:USDT,3806.95,384.93,3806.91,0.1,3806.96,1437.44,3806.97,247.58
1753769377105,06:09:37.105,okxus,ETH/USDT:USDT,3806.72,725.3,3806.71,1.81,3806.73,1541.25,3806.74,18.0
1753769377205,06:09:37.205,okxus,ETH/USDT:USDT,3806.72,722.7,3806.71,1.81,3806.73,1539.66,3806.79,5.4
1753769377505,06:09:37.505,okxus,ETH/USDT:USDT,3806.49,777.49,3806.48,0.75,3806.5,835.83,3806.6,3.21
1753769377605,06:09:37.605,okxus,ETH/USDT:USDT,3806.49,1098.8,3806.48,0.75,3806.5,789.26,3806.6,3.21
1753769377805,06:09:37.805,okxus,ETH/USDT:USDT,3806.49,1351.66,3806.48,0.75,3806.5,869.08,3806.59,5.4
1753769377905,06:09:37.905,okxus,ETH/USDT:USDT,3806.49,1351.69,3806.48,0.75,3806.5,869.19,3806.59,5.4
1753769378105,06:09:38.105,okxus,ETH/USDT:USDT,3806.49,1259.35,3806.48,0.75,3806.5,869.19,3806.59,5.4
1753769378205,06:09:38.205,okxus,ETH/USDT:USDT,3806.49,1161.72,3806.48,0.75,3806.5,870.17,3806.59,5.4
1753769378605,06:09:38.605,okxus,ETH/USDT:USDT,3806.49,522.2,3806.48,0.75,3806.5,866.53,3806.59,5.4
1753769379005,06:09:39.005,okxus,ETH/USDT:USDT,3806.49,11.47,3806.48,0.75,3806.5,1018.27,3806.56,8.98
1753769379205,06:09:39.205,okxus,ETH/USDT:USDT,3806.49,9.05,3806.48,0.75,3806.5,967.22,3806.58,42.59
1753769379305,06:09:39.305,okxus,ETH/USDT:USDT,3806.21,514.93,3806.2,42.15,3806.22,1299.29,3806.27,74.76
1753769379405,06:09:39.405,okxus,ETH/USDT:USDT,3806.21,542.46,3806.2,0.03,3806.22,1319.71,3806.29,5.4
1753769379605,06:09:39.605,okxus,ETH/USDT:USDT,3806.1,601.97,3806.09,0.13,3806.11,739.92,3806.14,83.39
1753769379705,06:09:39.705,okxus,ETH/USDT:USDT,3806.1,601.55,3806.09,0.13,3806.11,753.86,3806.13,2.69
1753769379805,06:09:39.805,okxus,ETH/USDT:USDT,3806.1,449.27,3806.09,0.13,3806.11,831.99,3806.13,2.69
1753769379905,06:09:39.905,okxus,ETH/USDT:USDT,3806.1,449.17,3806.09,0.13,3806.11,838.29,3806.13,2.69
1753769380005,06:09:40.005,okxus,ETH/USDT:USDT,3806.1,449.0,3806.09,0.13,3806.11,920.72,3806.13,2.69
1753769380105,06:09:40.105,okxus,ETH/USDT:USDT,3806.1,584.74,3806.09,0.13,3806.11,892.31,3806.2,3.22
1753769380205,06:09:40.205,okxus,ETH/USDT:USDT,3806.1,593.84,3806.09,0.13,3806.11,892.31,3806.2,3.22
1753769380405,06:09:40.405,okxus,ETH/USDT:USDT,3806.1,591.37,3806.09,0.13,3806.11,868.9,3806.2,3.22
1753769380605,06:09:40.605,okxus,ETH/USDT:USDT,3806.1,354.32,3806.09,0.13,3806.11,877.74,3806.2,3.22
1753769380905,06:09:40.905,okxus,ETH/USDT:USDT,3806.1,1443.76,3806.09,0.13,3806.11,655.55,3806.2,3.22
1753769381005,06:09:41.005,okxus,ETH/USDT:USDT,3806.1,1447.0,3806.09,0.13,3806.11,673.82,3806.2,3.22
1753769381105,06:09:41.105,okxus,ETH/USDT:USDT,3806.1,1446.89,3806.09,0.13,3806.11,637.59,3806.2,3.22
1753769381205,06:09:41.205,okxus,ETH/USDT:USDT,3806.1,1457.02,3806.09,0.13,3806.11,637.59,3806.15,3.87
1753769381305,06:09:41.305,okxus,ETH/USDT:USDT,3806.1,1456.6,3806.09,0.13,3806.11,728.45,3806.15,3.87
1753769381405,06:09:41.405,okxus,ETH/USDT:USDT,3806.1,1495.28,3806.09,0.13,3806.11,658.58,3806.2,3.22
1753769381505,06:09:41.505,okxus,ETH/USDT:USDT,3806.1,1454.25,3806.09,0.13,3806.11,658.75,3806.2,3.22
1753769381605,06:09:41.605,okxus,ETH/USDT:USDT,3806.1,1363.09,3806.09,0.13,3806.11,713.06,3806.2,3.22
1753769381705,06:09:41.705,okxus,ETH/USDT:USDT,3806.1,1383.11,3806.09,0.13,3806.11,713.06,3806.2,3.22
1753769382005,06:09:42.005,okxus,ETH/USDT:USDT,3806.1,1207.3,3806.09,0.13,3806.11,765.79,3806.2,3.22
1753769382305,06:09:42.305,okxus,ETH/USDT:USDT,3806.01,231.19,3806.0,85.19,3806.02,1606.71,3806.03,130.85
1753769382405,06:09:42.405,okxus,ETH/USDT:USDT,3806.01,542.35,3806.0,85.19,3806.02,1748.75,3806.03,5.4
1753769382505,06:09:42.505,okxus,ETH/USDT:USDT,3806.01,266.1,3806.0,85.19,3806.02,1748.75,3806.03,5.4
1753769382805,06:09:42.805,okxus,ETH/USDT:USDT,3806.01,129.32,3806.0,85.2,3806.02,1711.77,3806.03,5.4
1753769382905,06:09:42.905,okxus,ETH/USDT:USDT,3806.0,85.21,3805.98,2.19,3806.01,3825.4,3806.02,118.1
1753769383005,06:09:43.005,okxus,ETH/USDT:USDT,3806.0,85.21,3805.98,2.19,3806.01,3849.13,3806.02,118.1
1753769383205,06:09:43.205,okxus,ETH/USDT:USDT,3806.0,41.58,3805.98,2.19,3806.01,3868.67,3806.02,112.7
1753769383405,06:09:43.405,okxus,ETH/USDT:USDT,3806.0,41.45,3805.98,2.19,3806.01,3949.55,3806.02,32.68
1753769383505,06:09:43.505,okxus,ETH/USDT:USDT,3806.0,41.45,3805.98,2.19,3806.01,3949.76,3806.02,32.68
1753769383605,06:09:43.605,okxus,ETH/USDT:USDT,3806.0,41.45,3805.98,2.19,3806.01,3949.93,3806.02,32.68
1753769383705,06:09:43.705,okxus,ETH/USDT:USDT,3806.0,41.45,3805.98,2.19,3806.01,3950.6,3806.02,32.68
1753769383805,06:09:43.805,okxus,ETH/USDT:USDT,3806.0,262.52,3805.98,2.19,3806.01,3692.74,3806.02,32.68
1753769383905,06:09:43.905,okxus,ETH/USDT:USDT,3806.0,645.28,3805.98,2.19,3806.01,2465.03,3806.02,32.67
1753769384005,06:09:44.005,okxus,ETH/USDT:USDT,3806.0,731.44,3805.98,2.19,3806.01,2348.75,3806.02,0.67
1753769384105,06:09:44.105,okxus,ETH/USDT:USDT,3806.0,747.19,3805.98,2.19,3806.01,2085.26,3806.02,0.67
1753769384205,06:09:44.205,okxus,ETH/USDT:USDT,3806.0,837.57,3805.98,2.19,3806.01,1384.23,3806.02,0.67
1753769384505,06:09:44.505,okxus,ETH/USDT:USDT,3806.0,848.24,3805.98,2.19,3806.01,951.49,3806.02,0.67
1753769384605,06:09:44.605,okxus,ETH/USDT:USDT,3806.0,1156.29,3805.98,2.19,3806.01,348.07,3806.02,0.67
1753769384705,06:09:44.705,okxus,ETH/USDT:USDT,3806.0,1397.92,3805.98,2.19,3806.01,560.2,3806.02,0.67
1753769384805,06:09:44.805,okxus,ETH/USDT:USDT,3806.0,1174.91,3805.98,2.19,3806.01,560.38,3806.02,0.67
1753769385005,06:09:45.005,okxus,ETH/USDT:USDT,3806.0,1174.91,3805.98,2.19,3806.01,560.38,3806.02,0.67
1753769385105,06:09:45.105,okxus,ETH/USDT:USDT,3806.0,1165.47,3805.98,2.19,3806.01,560.39,3806.02,0.67
1753769385205,06:09:45.205,okxus,ETH/USDT:USDT,3806.0,1161.63,3805.98,2.19,3806.01,560.36,3806.02,0.67
1753769385305,06:09:45.305,okxus,ETH/USDT:USDT,3806.0,1161.47,3805.98,2.19,3806.01,560.36,3806.02,0.67
1753769385405,06:09:45.405,okxus,ETH/USDT:USDT,3806.0,1136.75,3805.98,2.19,3806.01,560.7,3806.02,0.67
1753769385505,06:09:45.505,okxus,ETH/USDT:USDT,3806.0,1136.75,3805.98,2.19,3806.01,558.87,3806.02,0.67
1753769385905,06:09:45.905,okxus,ETH/USDT:USDT,3806.0,1155.9,3805.98,0.59,3806.01,555.46,3806.02,0.67
1753769386105,06:09:46.105,okxus,ETH/USDT:USDT,3806.0,668.86,3805.98,0.59,3806.01,739.76,3806.02,0.67
1753769386205,06:09:46.205,okxus,ETH/USDT:USDT,3806.0,73.33,3805.98,0.59,3806.01,927.83,3806.02,0.67
1753769386705,06:09:46.705,okxus,ETH/USDT:USDT,3805.64,1527.3,3805.63,26.27,3805.65,735.06,3805.7,3.21
1753769386805,06:09:46.805,okxus,ETH/USDT:USDT,3805.64,1530.3,3805.63,26.27,3805.65,690.47,3805.7,3.21
1753769386905,06:09:46.905,okxus,ETH/USDT:USDT,3805.64,1625.97,3805.63,26.27,3805.65,314.71,3805.7,3.21
1753769387005,06:09:47.005,okxus,ETH/USDT:USDT,3805.64,2416.76,3805.63,26.27,3805.65,162.55,3805.73,5.39
1753769387105,06:09:47.105,okxus,ETH/USDT:USDT,3805.64,2414.81,3805.63,26.27,3805.65,162.53,3805.73,5.39
1753769387205,06:09:47.205,okxus,ETH/USDT:USDT,3805.64,1763.36,3805.6,0.26,3805.65,318.05,3805.73,5.39
1753769387305,06:09:47.305,okxus,ETH/USDT:USDT,3805.64,1842.19,3805.6,0.26,3805.65,249.8,3805.73,5.39
1753769387505,06:09:47.505,okxus,ETH/USDT:USDT,3805.64,1155.24,3805.6,4.76,3805.65,750.66,3805.7,3.21
1753769387705,06:09:47.705,okxus,ETH/USDT:USDT,3805.64,1332.0,3805.63,5.87,3805.65,548.38,3805.7,3.21
1753769387905,06:09:47.905,okxus,ETH/USDT:USDT,3805.99,1914.51,3805.98,25.0,3806.0,327.87,3806.01,1.92
1753769388005,06:09:48.005,okxus,ETH/USDT:USDT,3805.99,1977.45,3805.93,0.03,3806.0,639.59,3806.01,1.92
1753769388105,06:09:48.105,okxus,ETH/USDT:USDT,3805.99,2603.0,3805.93,0.03,3806.0,119.32,3806.01,1.92
1753769388205,06:09:48.205,okxus,ETH/USDT:USDT,3806.1,3674.71,3806.09,353.83,3806.11,22.93,3806.19,0.03
1753769388505,06:09:48.505,okxus,ETH/USDT:USDT,3806.41,4131.84,3806.4,278.25,3806.42,209.96,3806.44,157.67
1753769388605,06:09:48.605,okxus,ETH/USDT:USDT,3806.41,4131.84,3806.4,278.25,3806.42,209.96,3806.44,157.67
1753769388705,06:09:48.705,okxus,ETH/USDT:USDT,3806.41,3353.04,3806.4,3.25,3806.42,665.39,3806.44,157.67
1753769388805,06:09:48.805,okxus,ETH/USDT:USDT,3806.41,3347.79,3806.4,3.25,3806.42,665.53,3806.44,157.67
1753769388905,06:09:48.905,okxus,ETH/USDT:USDT,3806.41,3347.79,3806.4,3.25,3806.42,665.53,3806.44,157.67
1753769389005,06:09:49.005,okxus,ETH/USDT:USDT,3806.41,854.24,3806.4,3.23,3806.42,858.68,3806.44,5.39
1753769389305,06:09:49.305,okxus,ETH/USDT:USDT,3806.41,470.73,3806.4,0.02,3806.42,865.92,3806.44,5.39
1753769389405,06:09:49.405,okxus,ETH/USDT:USDT,3806.41,579.84,3806.4,0.02,3806.42,805.52,3806.44,5.39
1753769389505,06:09:49.505,okxus,ETH/USDT:USDT,3806.41,809.24,3806.4,0.02,3806.42,546.81,3806.44,5.39
1753769389605,06:09:49.605,okxus,ETH/USDT:USDT,3806.41,809.24,3806.4,0.02,3806.42,540.96,3806.44,5.39
1753769390005,06:09:50.005,okxus,ETH/USDT:USDT,3806.41,1738.04,3806.4,278.23,3806.42,25.42,3806.46,0.01
1753769390105,06:09:50.105,okxus,ETH/USDT:USDT,3806.48,4066.98,3806.47,275.02,3806.49,301.27,3806.5,0.17
1753769390205,06:09:50.205,okxus,ETH/USDT:USDT,3806.48,3518.85,3806.47,275.02,3806.49,533.19,3806.5,0.17
1753769390305,06:09:50.305,okxus,ETH/USDT:USDT,3806.48,3490.36,3806.47,275.02,3806.49,381.62,3806.5,0.17
1753769390405,06:09:50.405,okxus,ETH/USDT:USDT,3806.48,3488.45,3806.47,275.02,3806.49,381.62,3806.5,0.17
1753769390505,06:09:50.505,okxus,ETH/USDT:USDT,3806.48,3473.67,3806.47,275.02,3806.49,301.71,3806.5,0.17
1753769390705,06:09:50.705,okxus,ETH/USDT:USDT,3806.48,3469.75,3806.47,275.02,3806.49,461.48,3806.5,0.17
1753769390805,06:09:50.805,okxus,ETH/USDT:USDT,3806.48,3471.66,3806.47,275.02,3806.49,381.63,3806.5,0.17
1753769390905,06:09:50.905,okxus,ETH/USDT:USDT,3806.48,3471.66,3806.47,275.02,3806.49,461.64,3806.5,0.17
1753769391005,06:09:51.005,okxus,ETH/USDT:USDT,3806.48,3462.91,3806.47,275.02,3806.49,461.65,3806.5,0.17
1753769391105,06:09:51.105,okxus,ETH/USDT:USDT,3806.48,3441.0,3806.47,275.02,3806.49,461.65,3806.5,0.17
1753769391205,06:09:51.205,okxus,ETH/USDT:USDT,3806.48,3122.3,3806.47,275.02,3806.49,461.65,3806.5,0.17
1753769391305,06:09:51.305,okxus,ETH/USDT:USDT,3806.48,3127.62,3806.47,0.02,3806.49,382.33,3806.5,0.17
1753769391605,06:09:51.605,okxus,ETH/USDT:USDT,3806.48,1392.43,3806.46,0.01,3806.49,802.51,3806.5,0.17
1753769392005,06:09:52.005,okxus,ETH/USDT:USDT,3806.48,1049.13,3806.46,0.01,3806.49,797.73,3806.5,0.17
1753769392105,06:09:52.105,okxus,ETH/USDT:USDT,3806.48,896.85,3806.46,0.01,3806.49,797.81,3806.5,0.17
1753769392405,06:09:52.405,okxus,ETH/USDT:USDT,3806.2,1651.1,3806.19,5.39,3806.21,1044.87,3806.25,0.01
1753769392605,06:09:52.605,okxus,ETH/USDT:USDT,3806.2,1649.47,3806.1,189.45,3806.21,547.12,3806.25,0.01
1753769392705,06:09:52.705,okxus,ETH/USDT:USDT,3806.2,1835.7,3806.1,189.45,3806.21,753.53,3806.25,0.01
1753769392805,06:09:52.805,okxus,ETH/USDT:USDT,3806.2,1588.76,3806.1,189.45,3806.21,780.11,3806.25,0.01
1753769392905,06:09:52.905,okxus,ETH/USDT:USDT,3806.2,1289.75,3806.1,189.45,3806.21,780.11,3806.25,0.01
1753769393005,06:09:53.005,okxus,ETH/USDT:USDT,3805.9,441.65,3805.89,0.01,3805.91,2270.38,3806.0,3.21
1753769393205,06:09:53.205,okxus,ETH/USDT:USDT,3805.9,117.27,3805.89,0.01,3805.91,2375.26,3806.0,3.21
1753769393505,06:09:53.505,okxus,ETH/USDT:USDT,3805.9,177.81,3805.86,5.39,3805.91,2176.93,3806.0,3.21
1753769393705,06:09:53.705,okxus,ETH/USDT:USDT,3805.9,478.76,3805.85,0.01,3805.91,2174.65,3806.0,14.43
1753769393905,06:09:53.905,okxus,ETH/USDT:USDT,3805.9,546.01,3805.85,0.01,3805.91,2174.75,3806.0,14.43
1753769394105,06:09:54.105,okxus,ETH/USDT:USDT,3805.9,729.82,3805.85,0.01,3805.91,916.13,3806.0,14.43
1753769394205,06:09:54.205,okxus,ETH/USDT:USDT,3805.9,808.65,3805.85,0.01,3805.91,916.13,3806.0,14.43
1753769394305,06:09:54.305,okxus,ETH/USDT:USDT,3805.9,872.42,3805.85,0.01,3805.91,916.03,3806.0,14.43
1753769394505,06:09:54.505,okxus,ETH/USDT:USDT,3805.9,1356.48,3805.85,0.01,3805.91,85.06,3806.0,3.21
1753769394605,06:09:54.605,okxus,ETH/USDT:USDT,3806.44,2947.97,3806.4,275.02,3806.45,780.31,3806.46,0.01
1753769394705,06:09:54.705,okxus,ETH/USDT:USDT,3806.44,2913.28,3806.43,0.02,3806.45,423.42,3806.46,0.01
1753769394805,06:09:54.805,okxus,ETH/USDT:USDT,3806.44,2913.4,3806.43,0.02,3806.45,423.62,3806.46,0.01
1753769395005,06:09:55.005,okxus,ETH/USDT:USDT,3806.44,2992.09,3806.43,0.02,3806.45,393.63,3806.46,0.1
1753769395205,06:09:55.205,okxus,ETH/USDT:USDT,3806.44,2977.76,3806.43,0.02,3806.45,393.85,3806.46,0.1
1753769395305,06:09:55.305,okxus,ETH/USDT:USDT,3806.44,2977.76,3806.43,0.02,3806.45,393.86,3806.46,0.1
1753769395605,06:09:55.605,okxus,ETH/USDT:USDT,3806.44,2031.72,3806.4,275.04,3806.45,699.64,3806.46,0.1
1753769395705,06:09:55.705,okxus,ETH/USDT:USDT,3806.44,1680.46,3806.4,0.04,3806.45,760.9,3806.46,0.1
1753769395805,06:09:55.805,okxus,ETH/USDT:USDT,3806.44,1680.52,3806.4,0.04,3806.45,760.9,3806.46,0.1
1753769396005,06:09:56.005,okxus,ETH/USDT:USDT,3806.44,1678.55,3806.4,0.04,3806.45,759.98,3806.46,0.1
1753769396105,06:09:56.105,okxus,ETH/USDT:USDT,3806.44,1678.55,3806.4,0.04,3806.45,772.25,3806.46,0.1
