timestamp,time,exchange,symbol,bid1_price,bid1_volume,bid2_price,bid2_volume,ask1_price,ask1_volume,ask2_price,ask2_volume
1753769311806,06:08:31.806,okx,LTC/USDT:USDT,109.77,91.7,109.76,132.0,109.78,28.0,109.79,52.9
1753769312006,06:08:32.006,okx,LTC/USDT:USDT,109.77,91.7,109.76,132.0,109.78,28.0,109.79,93.1
1753769312306,06:08:32.306,okx,LTC/USDT:USDT,109.77,91.7,109.76,132.0,109.78,37.0,109.79,50.2
1753769312406,06:08:32.406,okx,LTC/USDT:USDT,109.77,91.7,109.76,132.0,109.78,37.0,109.79,90.4
1753769312806,06:08:32.806,okx,LTC/USDT:USDT,109.77,52.7,109.76,132.0,109.78,37.7,109.79,90.4
1753769313606,06:08:33.606,okx,LTC/USDT:USDT,109.77,27.0,109.76,83.3,109.78,110.6,109.79,90.4
1753769313706,06:08:33.706,okx,LTC/USDT:USDT,109.77,27.0,109.76,83.3,109.78,110.6,109.79,90.4
1753769314006,06:08:34.006,okx,LTC/USDT:USDT,109.77,11.2,109.76,83.3,109.78,99.6,109.79,104.4
1753769314106,06:08:34.106,okx,LTC/USDT:USDT,109.77,11.2,109.76,83.3,109.78,139.8,109.79,129.4
1753769314206,06:08:34.206,okx,LTC/USDT:USDT,109.77,11.2,109.76,83.3,109.78,139.8,109.79,129.4
1753769314406,06:08:34.406,okx,LTC/USDT:USDT,109.77,2.2,109.76,83.3,109.78,139.8,109.79,129.4
1753769314606,06:08:34.606,okx,LTC/USDT:USDT,109.77,10.6,109.76,83.3,109.78,99.6,109.79,150.9
1753769315906,06:08:35.906,okx,LTC/USDT:USDT,109.77,1.9,109.76,81.1,109.78,150.8,109.79,151.5
1753769316406,06:08:36.406,okx,LTC/USDT:USDT,109.77,2.6,109.76,79.1,109.78,110.8,109.79,156.1
1753769316606,06:08:36.606,okx,LTC/USDT:USDT,109.77,2.7,109.76,79.1,109.78,140.0,109.79,131.1
1753769316706,06:08:36.706,okx,LTC/USDT:USDT,109.77,2.7,109.76,79.1,109.78,140.0,109.79,131.1
1753769316906,06:08:36.906,okx,LTC/USDT:USDT,109.77,2.7,109.76,79.1,109.78,140.0,109.79,131.1
1753769317206,06:08:37.206,okx,LTC/USDT:USDT,109.77,37.2,109.76,79.3,109.78,62.4,109.79,126.5
1753769317506,06:08:37.506,okx,LTC/USDT:USDT,109.77,37.2,109.76,79.3,109.78,92.3,109.79,104.4
1753769317906,06:08:37.906,okx,LTC/USDT:USDT,109.77,37.2,109.76,79.3,109.78,63.7,109.79,64.2
1753769318006,06:08:38.006,okx,LTC/USDT:USDT,109.77,52.6,109.76,87.1,109.78,63.7,109.79,64.2
1753769318206,06:08:38.206,okx,LTC/USDT:USDT,109.77,52.6,109.76,87.1,109.78,63.0,109.79,50.2
1753769318606,06:08:38.606,okx,LTC/USDT:USDT,109.77,52.6,109.76,87.1,109.78,63.7,109.79,90.4
1753769318806,06:08:38.806,okx,LTC/USDT:USDT,109.77,52.6,109.76,87.1,109.78,63.7,109.79,90.4
1753769319006,06:08:39.006,okx,LTC/USDT:USDT,109.77,52.6,109.76,87.1,109.78,63.7,109.79,90.4
1753769319106,06:08:39.106,okx,LTC/USDT:USDT,109.77,52.6,109.76,87.1,109.78,63.7,109.79,90.4
1753769319306,06:08:39.306,okx,LTC/USDT:USDT,109.77,52.6,109.76,87.1,109.78,63.7,109.79,50.2
1753769319406,06:08:39.406,okx,LTC/USDT:USDT,109.77,52.6,109.76,87.1,109.78,77.0,109.79,50.2
1753769319906,06:08:39.906,okx,LTC/USDT:USDT,109.77,53.0,109.76,79.3,109.78,76.9,109.79,61.2
1753769320106,06:08:40.106,okx,LTC/USDT:USDT,109.77,52.7,109.76,87.1,109.78,76.6,109.79,61.2
1753769320206,06:08:40.206,okx,LTC/USDT:USDT,109.77,52.7,109.76,87.1,109.78,76.6,109.79,50.2
1753769320306,06:08:40.306,okx,LTC/USDT:USDT,109.77,52.7,109.76,87.1,109.78,76.6,109.79,50.2
1753769320606,06:08:40.606,okx,LTC/USDT:USDT,109.77,53.4,109.76,87.1,109.78,76.6,109.79,90.4
1753769321006,06:08:41.006,okx,LTC/USDT:USDT,109.77,52.7,109.76,87.1,109.78,76.6,109.79,61.2
1753769321106,06:08:41.106,okx,LTC/USDT:USDT,109.77,52.7,109.76,87.1,109.78,76.6,109.79,61.2
1753769321306,06:08:41.306,okx,LTC/USDT:USDT,109.77,53.4,109.76,87.1,109.78,76.6,109.79,61.2
1753769321406,06:08:41.406,okx,LTC/USDT:USDT,109.77,53.4,109.76,91.6,109.78,76.6,109.79,61.2
1753769321606,06:08:41.606,okx,LTC/USDT:USDT,109.77,53.4,109.76,79.3,109.78,76.6,109.79,90.4
1753769321806,06:08:41.806,okx,LTC/USDT:USDT,109.77,52.7,109.76,83.8,109.78,76.6,109.79,61.2
1753769321906,06:08:41.906,okx,LTC/USDT:USDT,109.77,52.7,109.76,83.8,109.78,76.6,109.79,90.4
1753769322706,06:08:42.706,okx,LTC/USDT:USDT,109.77,16.7,109.76,87.1,109.78,151.9,109.79,90.4
1753769322906,06:08:42.906,okx,LTC/USDT:USDT,109.77,11.7,109.76,87.1,109.78,111.7,109.79,61.2
1753769323006,06:08:43.006,okx,LTC/USDT:USDT,109.77,11.7,109.76,87.1,109.78,122.7,109.79,90.4
1753769323106,06:08:43.106,okx,LTC/USDT:USDT,109.77,2.7,109.76,87.1,109.78,140.9,109.79,90.4
1753769323506,06:08:43.506,okx,LTC/USDT:USDT,109.77,2.0,109.76,87.1,109.78,153.0,109.79,104.4
1753769323706,06:08:43.706,okx,LTC/USDT:USDT,109.76,1.2,109.75,96.2,109.77,240.9,109.78,201.2
1753769323906,06:08:43.906,okx,LTC/USDT:USDT,109.76,10.3,109.75,96.2,109.77,231.7,109.78,199.4
1753769324106,06:08:44.106,okx,LTC/USDT:USDT,109.76,10.3,109.75,96.2,109.77,231.7,109.78,199.4
1753769324306,06:08:44.306,okx,LTC/USDT:USDT,109.76,1.3,109.75,96.2,109.77,271.9,109.78,199.4
1753769324406,06:08:44.406,okx,LTC/USDT:USDT,109.76,0.4,109.75,96.2,109.77,271.9,109.78,199.4
1753769324506,06:08:44.506,okx,LTC/USDT:USDT,109.76,0.4,109.75,96.2,109.77,271.9,109.78,199.4
1753769324806,06:08:44.806,okx,LTC/USDT:USDT,109.76,1.3,109.75,96.2,109.77,231.7,109.78,199.4
1753769325106,06:08:45.106,okx,LTC/USDT:USDT,109.76,0.4,109.75,96.2,109.77,271.9,109.78,203.9
1753769325806,06:08:45.806,okx,LTC/USDT:USDT,109.76,1.3,109.75,96.2,109.77,231.7,109.78,199.4
1753769325906,06:08:45.906,okx,LTC/USDT:USDT,109.76,1.3,109.75,83.0,109.77,231.7,109.78,251.6
1753769326306,06:08:46.306,okx,LTC/USDT:USDT,109.76,1.3,109.75,83.0,109.77,264.3,109.78,189.3
1753769326506,06:08:46.506,okx,LTC/USDT:USDT,109.76,1.3,109.75,83.0,109.77,264.3,109.78,169.3
1753769327006,06:08:47.006,okx,LTC/USDT:USDT,109.76,35.3,109.75,107.3,109.77,287.8,109.78,117.1
1753769327106,06:08:47.106,okx,LTC/USDT:USDT,109.76,35.3,109.75,107.3,109.77,287.8,109.78,117.1
1753769327206,06:08:47.206,okx,LTC/USDT:USDT,109.76,35.3,109.75,107.3,109.77,287.8,109.78,117.1
1753769327406,06:08:47.406,okx,LTC/USDT:USDT,109.76,35.3,109.75,96.3,109.77,291.3,109.78,209.5
1753769328106,06:08:48.106,okx,LTC/USDT:USDT,109.76,10.3,109.75,107.3,109.77,291.4,109.78,117.1
1753769328206,06:08:48.206,okx,LTC/USDT:USDT,109.76,10.3,109.75,107.3,109.77,295.4,109.78,117.1
1753769328406,06:08:48.406,okx,LTC/USDT:USDT,109.76,10.3,109.75,107.3,109.77,295.4,109.78,117.1
1753769329306,06:08:49.306,okx,LTC/USDT:USDT,109.76,144.0,109.75,136.5,109.77,79.8,109.78,103.1
1753769329506,06:08:49.506,okx,LTC/USDT:USDT,109.76,109.6,109.75,136.5,109.77,89.3,109.78,98.6
1753769330506,06:08:50.506,okx,LTC/USDT:USDT,109.76,78.1,109.75,107.7,109.77,81.6,109.78,98.6
1753769330906,06:08:50.906,okx,LTC/USDT:USDT,109.76,144.0,109.75,136.9,109.77,88.2,109.78,98.6
1753769331106,06:08:51.106,okx,LTC/USDT:USDT,109.76,78.1,109.75,107.7,109.77,88.6,109.78,109.6
1753769331206,06:08:51.206,okx,LTC/USDT:USDT,109.76,78.1,109.75,107.7,109.77,88.6,109.78,109.6
1753769331706,06:08:51.706,okx,LTC/USDT:USDT,109.76,52.2,109.75,107.3,109.77,88.6,109.78,109.6
1753769331806,06:08:51.806,okx,LTC/USDT:USDT,109.76,52.2,109.75,136.5,109.77,88.6,109.78,98.6
1753769332206,06:08:52.206,okx,LTC/USDT:USDT,109.76,77.2,109.75,136.7,109.77,88.6,109.78,98.6
1753769332406,06:08:52.406,okx,LTC/USDT:USDT,109.76,97.7,109.75,136.7,109.77,91.5,109.78,98.6
1753769332506,06:08:52.506,okx,LTC/USDT:USDT,109.76,77.2,109.75,107.5,109.77,91.5,109.78,98.6
1753769332606,06:08:52.606,okx,LTC/USDT:USDT,109.76,77.2,109.75,136.7,109.77,91.5,109.78,98.6
1753769332806,06:08:52.806,okx,LTC/USDT:USDT,109.76,77.2,109.75,136.7,109.77,91.5,109.78,98.6
1753769332906,06:08:52.906,okx,LTC/USDT:USDT,109.76,77.2,109.75,136.7,109.77,91.5,109.78,98.6
1753769333506,06:08:53.506,okx,LTC/USDT:USDT,109.76,0.4,109.75,49.2,109.77,185.2,109.78,119.9
1753769333806,06:08:53.806,okx,LTC/USDT:USDT,109.75,64.7,109.74,107.5,109.76,179.3,109.77,166.2
1753769334006,06:08:54.006,okx,LTC/USDT:USDT,109.75,47.5,109.74,118.5,109.76,179.3,109.77,166.2
1753769334206,06:08:54.206,okx,LTC/USDT:USDT,109.75,40.0,109.74,118.5,109.76,196.1,109.77,166.2
1753769334306,06:08:54.306,okx,LTC/USDT:USDT,109.75,39.3,109.74,107.5,109.76,214.3,109.77,166.2
1753769334406,06:08:54.406,okx,LTC/USDT:USDT,109.75,39.3,109.74,107.5,109.76,214.3,109.77,177.2
1753769334906,06:08:54.906,okx,LTC/USDT:USDT,109.75,9.6,109.74,86.2,109.76,216.1,109.77,164.4
1753769335106,06:08:55.106,okx,LTC/USDT:USDT,109.75,9.8,109.74,86.3,109.76,216.1,109.77,164.4
1753769335506,06:08:55.506,okx,LTC/USDT:USDT,109.75,0.7,109.74,86.3,109.76,227.2,109.77,279.8
1753769335606,06:08:55.606,okx,LTC/USDT:USDT,109.75,0.5,109.74,86.3,109.76,253.7,109.77,247.5
1753769335706,06:08:55.706,okx,LTC/USDT:USDT,109.75,0.5,109.74,86.3,109.76,264.7,109.77,247.5
1753769335806,06:08:55.806,okx,LTC/USDT:USDT,109.75,0.5,109.74,86.3,109.76,253.7,109.77,247.5
1753769335906,06:08:55.906,okx,LTC/USDT:USDT,109.75,0.5,109.74,86.3,109.76,253.7,109.77,247.5
1753769336006,06:08:56.006,okx,LTC/USDT:USDT,109.75,0.5,109.74,86.3,109.76,253.7,109.77,247.5
1753769336106,06:08:56.106,okx,LTC/USDT:USDT,109.75,1.2,109.74,86.3,109.76,253.7,109.77,247.5
1753769336306,06:08:56.306,okx,LTC/USDT:USDT,109.75,0.7,109.74,86.3,109.76,253.7,109.77,247.5
1753769336406,06:08:56.406,okx,LTC/USDT:USDT,109.75,0.7,109.74,86.3,109.76,253.7,109.77,247.5
1753769336706,06:08:56.706,okx,LTC/USDT:USDT,109.74,0.4,109.73,74.3,109.75,285.8,109.76,189.0
1753769337406,06:08:57.406,okx,LTC/USDT:USDT,109.72,47.8,109.71,65.1,109.73,128.0,109.74,152.6
1753769337506,06:08:57.506,okx,LTC/USDT:USDT,109.72,47.8,109.71,65.1,109.73,157.2,109.74,152.6
1753769337606,06:08:57.606,okx,LTC/USDT:USDT,109.72,47.8,109.71,65.1,109.73,128.0,109.74,152.6
1753769337806,06:08:57.806,okx,LTC/USDT:USDT,109.72,47.8,109.71,90.1,109.73,149.2,109.74,152.6
1753769337906,06:08:57.906,okx,LTC/USDT:USDT,109.72,47.8,109.71,90.1,109.73,149.2,109.74,152.6
1753769338306,06:08:58.306,okx,LTC/USDT:USDT,109.72,47.8,109.71,107.5,109.73,149.2,109.74,112.4
1753769338406,06:08:58.406,okx,LTC/USDT:USDT,109.72,47.8,109.71,118.5,109.73,187.4,109.74,112.4
1753769338506,06:08:58.506,okx,LTC/USDT:USDT,109.72,47.8,109.71,118.5,109.73,187.4,109.74,112.4
1753769338706,06:08:58.706,okx,LTC/USDT:USDT,109.72,75.9,109.71,147.7,109.73,186.7,109.74,98.5
1753769339206,06:08:59.206,okx,LTC/USDT:USDT,109.72,80.3,109.71,147.7,109.73,186.7,109.74,96.7
1753769339506,06:08:59.506,okx,LTC/USDT:USDT,109.72,80.3,109.71,147.7,109.73,159.1,109.74,79.1
1753769339906,06:08:59.906,okx,LTC/USDT:USDT,109.72,148.7,109.71,160.7,109.73,44.3,109.74,22.2
1753769340306,06:09:00.306,okx,LTC/USDT:USDT,109.72,97.0,109.71,107.6,109.73,101.9,109.74,33.4
1753769340706,06:09:00.706,okx,LTC/USDT:USDT,109.72,64.4,109.71,107.6,109.73,103.2,109.74,33.4
1753769340806,06:09:00.806,okx,LTC/USDT:USDT,109.72,64.7,109.71,107.9,109.73,103.2,109.74,58.4
1753769340906,06:09:00.906,okx,LTC/USDT:USDT,109.72,64.7,109.71,118.9,109.73,103.2,109.74,55.5
1753769341006,06:09:01.006,okx,LTC/USDT:USDT,109.72,52.3,109.71,107.9,109.73,118.4,109.74,66.5
1753769341206,06:09:01.206,okx,LTC/USDT:USDT,109.72,53.3,109.71,107.9,109.73,118.4,109.74,72.0
1753769342006,06:09:02.006,okx,LTC/USDT:USDT,109.71,315.2,109.7,196.1,109.72,10.2,109.73,120.5
1753769342906,06:09:02.906,okx,LTC/USDT:USDT,109.71,1.0,109.7,121.8,109.72,87.6,109.73,149.1
1753769343406,06:09:03.406,okx,LTC/USDT:USDT,109.7,88.5,109.69,40.5,109.71,236.9,109.72,149.6
1753769343606,06:09:03.606,okx,LTC/USDT:USDT,109.7,88.5,109.69,17.3,109.71,236.9,109.72,149.7
1753769344106,06:09:04.106,okx,LTC/USDT:USDT,109.7,88.4,109.69,28.2,109.71,231.4,109.72,149.7
1753769344206,06:09:04.206,okx,LTC/USDT:USDT,109.7,128.7,109.69,57.4,109.71,74.2,109.72,110.5
1753769344506,06:09:04.506,okx,LTC/USDT:USDT,109.7,128.7,109.69,28.2,109.71,74.2,109.72,148.9
1753769344806,06:09:04.806,okx,LTC/USDT:USDT,109.7,128.7,109.69,53.2,109.71,74.2,109.72,148.9
1753769345206,06:09:05.206,okx,LTC/USDT:USDT,109.7,196.8,109.69,93.4,109.71,10.0,109.72,64.9
1753769345506,06:09:05.506,okx,LTC/USDT:USDT,109.7,174.0,109.69,64.2,109.71,50.2,109.72,64.9
1753769345606,06:09:05.606,okx,LTC/USDT:USDT,109.7,174.0,109.69,64.2,109.71,50.2,109.72,64.9
1753769345706,06:09:05.706,okx,LTC/USDT:USDT,109.7,199.0,109.69,93.9,109.71,50.2,109.72,64.9
1753769346006,06:09:06.006,okx,LTC/USDT:USDT,109.7,199.0,109.69,82.9,109.71,50.2,109.72,64.9
1753769346106,06:09:06.106,okx,LTC/USDT:USDT,109.7,221.8,109.69,93.9,109.71,50.2,109.72,52.6
1753769346306,06:09:06.306,okx,LTC/USDT:USDT,109.7,174.0,109.69,84.8,109.71,50.2,109.72,52.6
1753769346406,06:09:06.406,okx,LTC/USDT:USDT,109.7,139.6,109.69,53.8,109.71,65.5,109.72,91.5
1753769347006,06:09:07.006,okx,LTC/USDT:USDT,109.7,139.6,109.69,83.0,109.71,50.2,109.72,59.7
1753769347106,06:09:07.106,okx,LTC/USDT:USDT,109.7,139.7,109.69,53.8,109.71,50.9,109.72,59.7
1753769347206,06:09:07.206,okx,LTC/USDT:USDT,109.7,139.7,109.69,94.2,109.71,50.9,109.72,59.7
1753769347306,06:09:07.306,okx,LTC/USDT:USDT,109.7,139.7,109.69,94.2,109.71,54.0,109.72,59.7
1753769347506,06:09:07.506,okx,LTC/USDT:USDT,109.7,139.7,109.69,54.0,109.71,54.0,109.72,88.9
1753769347806,06:09:07.806,okx,LTC/USDT:USDT,109.7,123.1,109.69,68.0,109.71,95.4,109.72,113.9
1753769348106,06:09:08.106,okx,LTC/USDT:USDT,109.7,124.0,109.69,97.0,109.71,84.4,109.72,84.7
1753769348306,06:09:08.306,okx,LTC/USDT:USDT,109.7,124.1,109.69,97.0,109.71,84.4,109.72,59.7
1753769348506,06:09:08.506,okx,LTC/USDT:USDT,109.7,124.1,109.69,67.8,109.71,70.4,109.72,59.7
1753769348606,06:09:08.606,okx,LTC/USDT:USDT,109.7,124.1,109.69,68.0,109.71,81.4,109.72,88.9
1753769348906,06:09:08.906,okx,LTC/USDT:USDT,109.7,124.1,109.69,68.0,109.71,81.4,109.72,113.9
1753769349006,06:09:09.006,okx,LTC/USDT:USDT,109.7,124.1,109.69,68.0,109.71,70.4,109.72,59.7
1753769349106,06:09:09.106,okx,LTC/USDT:USDT,109.7,124.1,109.69,97.2,109.71,70.4,109.72,59.7
1753769349306,06:09:09.306,okx,LTC/USDT:USDT,109.7,158.5,109.69,68.0,109.71,53.6,109.72,61.5
1753769349506,06:09:09.506,okx,LTC/USDT:USDT,109.7,124.1,109.69,108.2,109.71,53.6,109.72,50.5
1753769349606,06:09:09.606,okx,LTC/USDT:USDT,109.7,181.3,109.69,108.0,109.71,53.6,109.72,50.5
1753769349806,06:09:09.806,okx,LTC/USDT:USDT,109.7,124.1,109.69,67.8,109.71,86.7,109.72,90.7
1753769350006,06:09:10.006,okx,LTC/USDT:USDT,109.7,124.1,109.69,67.8,109.71,86.8,109.72,95.2
1753769350306,06:09:10.306,okx,LTC/USDT:USDT,109.7,124.1,109.69,68.0,109.71,103.8,109.72,88.9
1753769350606,06:09:10.606,okx,LTC/USDT:USDT,109.7,124.1,109.69,68.0,109.71,107.4,109.72,93.4
1753769350706,06:09:10.706,okx,LTC/USDT:USDT,109.7,124.1,109.69,68.0,109.71,107.4,109.72,118.4
1753769350906,06:09:10.906,okx,LTC/USDT:USDT,109.7,124.1,109.69,68.0,109.71,107.4,109.72,118.4
1753769351106,06:09:11.106,okx,LTC/USDT:USDT,109.7,124.1,109.69,97.0,109.71,82.4,109.72,64.2
1753769351506,06:09:11.506,okx,LTC/USDT:USDT,109.7,158.5,109.69,67.8,109.71,58.9,109.72,66.0
1753769351606,06:09:11.606,okx,LTC/USDT:USDT,109.7,183.5,109.69,108.2,109.71,58.9,109.72,55.0
1753769351906,06:09:11.906,okx,LTC/USDT:USDT,109.7,124.1,109.69,68.0,109.71,58.9,109.72,66.0
1753769352106,06:09:12.106,okx,LTC/USDT:USDT,109.7,124.1,109.69,108.2,109.71,58.9,109.72,66.0
1753769352206,06:09:12.206,okx,LTC/USDT:USDT,109.7,158.5,109.69,108.2,109.71,58.9,109.72,55.0
1753769352806,06:09:12.806,okx,LTC/USDT:USDT,109.7,183.5,109.69,109.8,109.71,49.9,109.72,42.1
1753769353206,06:09:13.206,okx,LTC/USDT:USDT,109.7,183.5,109.69,110.0,109.71,88.9,109.72,29.3
1753769353506,06:09:13.506,okx,LTC/USDT:USDT,109.7,219.6,109.69,108.2,109.71,89.8,109.72,29.3
1753769353706,06:09:13.706,okx,LTC/USDT:USDT,109.7,219.6,109.69,108.2,109.71,89.8,109.72,29.3
1753769353906,06:09:13.906,okx,LTC/USDT:USDT,109.7,219.6,109.69,116.7,109.71,88.9,109.72,1.0
1753769354006,06:09:14.006,okx,LTC/USDT:USDT,109.7,219.6,109.69,112.5,109.71,88.9,109.72,1.0
1753769354106,06:09:14.106,okx,LTC/USDT:USDT,109.7,219.6,109.69,115.2,109.71,88.9,109.72,1.0
1753769354306,06:09:14.306,okx,LTC/USDT:USDT,109.7,219.6,109.69,115.2,109.71,88.9,109.72,1.0
1753769354406,06:09:14.406,okx,LTC/USDT:USDT,109.7,219.6,109.69,115.2,109.71,88.9,109.72,1.0
1753769354606,06:09:14.606,okx,LTC/USDT:USDT,109.7,208.6,109.69,115.6,109.71,88.9,109.72,1.0
1753769354706,06:09:14.706,okx,LTC/USDT:USDT,109.7,219.6,109.69,115.6,109.71,88.9,109.72,1.0
1753769354806,06:09:14.806,okx,LTC/USDT:USDT,109.7,219.6,109.69,115.6,109.71,88.9,109.72,1.0
1753769354906,06:09:14.906,okx,LTC/USDT:USDT,109.7,219.6,109.69,115.6,109.71,88.9,109.72,1.0
1753769355006,06:09:15.006,okx,LTC/USDT:USDT,109.7,219.6,109.69,119.6,109.71,88.9,109.72,1.0
1753769355106,06:09:15.106,okx,LTC/USDT:USDT,109.73,298.7,109.72,325.2,109.74,19.9,109.75,158.0
1753769355206,06:09:15.206,okx,LTC/USDT:USDT,109.73,276.2,109.72,205.9,109.74,88.3,109.75,89.0
1753769355306,06:09:15.306,okx,LTC/USDT:USDT,109.73,333.4,109.72,205.9,109.74,25.9,109.75,89.0
1753769355406,06:09:15.406,okx,LTC/USDT:USDT,109.73,350.8,109.72,205.9,109.74,10.3,109.75,86.0
1753769355506,06:09:15.506,okx,LTC/USDT:USDT,109.73,350.8,109.72,205.9,109.74,10.3,109.75,86.0
1753769355606,06:09:15.606,okx,LTC/USDT:USDT,109.73,350.8,109.72,205.9,109.74,11.0,109.75,86.0
1753769355806,06:09:15.806,okx,LTC/USDT:USDT,109.73,350.8,109.72,205.9,109.74,10.9,109.75,86.0
1753769355906,06:09:15.906,okx,LTC/USDT:USDT,109.73,350.8,109.72,205.9,109.74,10.9,109.75,86.0
1753769356006,06:09:16.006,okx,LTC/USDT:USDT,109.73,350.8,109.72,206.9,109.74,10.9,109.75,86.0
1753769356306,06:09:16.306,okx,LTC/USDT:USDT,109.73,287.5,109.72,206.9,109.74,36.9,109.75,86.0
1753769356406,06:09:16.406,okx,LTC/USDT:USDT,109.73,321.3,109.72,186.4,109.74,11.1,109.75,21.3
1753769356606,06:09:16.606,okx,LTC/USDT:USDT,109.73,321.3,109.72,186.4,109.74,11.1,109.75,75.4
1753769356806,06:09:16.806,okx,LTC/USDT:USDT,109.73,321.3,109.72,186.4,109.74,26.0,109.75,75.4
1753769357006,06:09:17.006,okx,LTC/USDT:USDT,109.73,310.3,109.72,186.4,109.74,26.0,109.75,75.4
1753769357106,06:09:17.106,okx,LTC/USDT:USDT,109.73,310.3,109.72,186.5,109.74,11.1,109.75,75.4
1753769357206,06:09:17.206,okx,LTC/USDT:USDT,109.73,321.3,109.72,182.0,109.74,11.1,109.75,75.4
1753769357306,06:09:17.306,okx,LTC/USDT:USDT,109.73,321.3,109.72,182.0,109.74,11.1,109.75,75.4
1753769357406,06:09:17.406,okx,LTC/USDT:USDT,109.73,323.1,109.72,182.0,109.74,11.1,109.75,50.4
1753769357506,06:09:17.506,okx,LTC/USDT:USDT,109.73,323.1,109.72,182.0,109.74,10.4,109.75,50.4
1753769357706,06:09:17.706,okx,LTC/USDT:USDT,109.73,312.1,109.72,182.0,109.74,11.1,109.75,75.4
1753769357906,06:09:17.906,okx,LTC/USDT:USDT,109.73,259.6,109.72,171.0,109.74,26.0,109.75,86.4
1753769358106,06:09:18.106,okx,LTC/USDT:USDT,109.73,259.6,109.72,182.0,109.74,26.0,109.75,50.4
1753769358206,06:09:18.206,okx,LTC/USDT:USDT,109.73,282.4,109.72,182.0,109.74,26.0,109.75,50.4
1753769358306,06:09:18.306,okx,LTC/USDT:USDT,109.73,293.4,109.72,182.0,109.74,10.4,109.75,50.4
1753769358706,06:09:18.706,okx,LTC/USDT:USDT,109.73,259.6,109.72,171.0,109.74,28.3,109.75,50.4
1753769359206,06:09:19.206,okx,LTC/USDT:USDT,109.73,282.4,109.72,171.0,109.74,28.6,109.75,50.4
1753769359306,06:09:19.306,okx,LTC/USDT:USDT,109.73,282.4,109.72,182.0,109.74,28.6,109.75,50.4
1753769359406,06:09:19.406,okx,LTC/USDT:USDT,109.73,282.4,109.72,182.0,109.74,12.1,109.75,50.4
1753769359606,06:09:19.606,okx,LTC/USDT:USDT,109.73,282.4,109.72,182.0,109.74,3.1,109.75,50.4
1753769360006,06:09:20.006,okx,LTC/USDT:USDT,109.75,396.0,109.74,167.2,109.76,33.7,109.77,17.5
1753769360106,06:09:20.106,okx,LTC/USDT:USDT,109.75,396.0,109.74,171.7,109.76,33.7,109.77,17.5
1753769360206,06:09:20.206,okx,LTC/USDT:USDT,109.75,396.0,109.74,171.7,109.76,33.7,109.77,17.3
1753769360306,06:09:20.306,okx,LTC/USDT:USDT,109.77,217.4,109.76,143.9,109.78,90.7,109.79,35.7
1753769360606,06:09:20.606,okx,LTC/USDT:USDT,109.77,207.9,109.76,144.2,109.78,64.9,109.79,60.5
1753769361206,06:09:21.206,okx,LTC/USDT:USDT,109.77,249.7,109.76,147.0,109.78,21.6,109.79,35.5
1753769361806,06:09:21.806,okx,LTC/USDT:USDT,109.77,251.7,109.76,152.4,109.78,13.7,109.79,0.9
1753769361906,06:09:21.906,okx,LTC/USDT:USDT,109.77,240.7,109.76,152.4,109.78,24.3,109.79,11.8
1753769362006,06:09:22.006,okx,LTC/USDT:USDT,109.77,182.6,109.76,111.5,109.78,35.2,109.79,34.7
1753769362106,06:09:22.106,okx,LTC/USDT:USDT,109.77,183.5,109.76,111.5,109.78,35.2,109.79,45.7
1753769362906,06:09:22.906,okx,LTC/USDT:USDT,109.77,151.8,109.76,151.7,109.78,50.6,109.79,48.4
1753769363606,06:09:23.606,okx,LTC/USDT:USDT,109.77,117.4,109.76,151.7,109.78,50.6,109.79,58.4
1753769363806,06:09:23.806,okx,LTC/USDT:USDT,109.77,94.6,109.76,140.7,109.78,75.5,109.79,69.4
1753769364006,06:09:24.006,okx,LTC/USDT:USDT,109.77,94.6,109.76,140.7,109.78,71.0,109.79,74.1
1753769364106,06:09:24.106,okx,LTC/USDT:USDT,109.77,80.6,109.76,140.7,109.78,71.4,109.79,74.1
1753769364206,06:09:24.206,okx,LTC/USDT:USDT,109.77,80.6,109.76,140.7,109.78,71.4,109.79,74.1
1753769364406,06:09:24.406,okx,LTC/USDT:USDT,109.77,103.5,109.76,151.7,109.78,77.8,109.79,74.1
1753769364706,06:09:24.706,okx,LTC/USDT:USDT,109.77,1.0,109.76,86.5,109.78,121.1,109.79,107.9
1753769364806,06:09:24.806,okx,LTC/USDT:USDT,109.77,10.0,109.76,86.5,109.78,113.7,109.79,80.5
1753769364906,06:09:24.906,okx,LTC/USDT:USDT,109.77,26.4,109.76,115.7,109.78,71.4,109.79,81.7
1753769365206,06:09:25.206,okx,LTC/USDT:USDT,109.77,89.6,109.76,126.4,109.78,50.2,109.79,70.7
1753769365306,06:09:25.306,okx,LTC/USDT:USDT,109.77,89.6,109.76,126.4,109.78,42.4,109.79,70.7
1753769365606,06:09:25.606,okx,LTC/USDT:USDT,109.77,41.0,109.76,86.2,109.78,74.1,109.79,110.9
1753769365806,06:09:25.806,okx,LTC/USDT:USDT,109.77,0.9,109.76,86.2,109.78,77.8,109.79,119.4
1753769366906,06:09:26.906,okx,LTC/USDT:USDT,109.76,10.8,109.75,72.5,109.77,215.3,109.78,159.2
1753769367406,06:09:27.406,okx,LTC/USDT:USDT,109.75,24.0,109.74,109.5,109.76,210.5,109.77,112.3
1753769367506,06:09:27.506,okx,LTC/USDT:USDT,109.75,24.0,109.74,134.5,109.76,181.3,109.77,112.3
1753769367606,06:09:27.606,okx,LTC/USDT:USDT,109.75,24.9,109.74,134.5,109.76,146.9,109.77,83.1
1753769367706,06:09:27.706,okx,LTC/USDT:USDT,109.75,32.4,109.74,134.5,109.76,135.9,109.77,107.9
1753769368006,06:09:28.006,okx,LTC/USDT:USDT,109.75,24.4,109.74,109.5,109.76,176.1,109.77,107.9
1753769368506,06:09:28.506,okx,LTC/USDT:USDT,109.75,0.2,109.74,38.1,109.76,211.0,109.77,167.7
1753769369306,06:09:29.306,okx,LTC/USDT:USDT,109.74,49.2,109.73,186.6,109.75,88.6,109.76,82.7
1753769369406,06:09:29.406,okx,LTC/USDT:USDT,109.74,72.0,109.73,197.6,109.75,88.6,109.76,74.6
1753769369606,06:09:29.606,okx,LTC/USDT:USDT,109.74,49.2,109.73,157.4,109.75,89.3,109.76,107.1
1753769369706,06:09:29.706,okx,LTC/USDT:USDT,109.74,49.2,109.73,157.4,109.75,89.3,109.76,107.1
1753769369906,06:09:29.906,okx,LTC/USDT:USDT,109.74,49.2,109.73,197.6,109.75,89.3,109.76,107.1
1753769370306,06:09:30.306,okx,LTC/USDT:USDT,109.74,49.2,109.73,197.6,109.75,89.9,109.76,74.6
1753769370406,06:09:30.406,okx,LTC/USDT:USDT,109.74,49.2,109.73,197.6,109.75,89.9,109.76,74.6
1753769370606,06:09:30.606,okx,LTC/USDT:USDT,109.74,49.2,109.73,157.4,109.75,91.4,109.76,107.1
1753769371006,06:09:31.006,okx,LTC/USDT:USDT,109.74,1.5,109.73,0.6,109.75,202.5,109.76,307.3
1753769371306,06:09:31.306,okx,LTC/USDT:USDT,109.73,43.7,109.72,99.0,109.74,180.5,109.75,140.9
1753769371506,06:09:31.506,okx,LTC/USDT:USDT,109.73,40.4,109.72,124.0,109.74,176.2,109.75,170.2
1753769371606,06:09:31.606,okx,LTC/USDT:USDT,109.73,40.4,109.72,124.0,109.74,176.2,109.75,170.2
1753769372106,06:09:32.106,okx,LTC/USDT:USDT,109.72,50.6,109.71,175.3,109.73,233.9,109.74,197.4
1753769372606,06:09:32.606,okx,LTC/USDT:USDT,109.72,0.7,109.71,31.7,109.73,300.0,109.74,128.3
1753769372706,06:09:32.706,okx,LTC/USDT:USDT,109.71,30.7,109.7,155.1,109.72,144.5,109.73,159.6
1753769372906,06:09:32.906,okx,LTC/USDT:USDT,109.71,30.9,109.7,155.1,109.72,198.6,109.73,156.9
1753769373106,06:09:33.106,okx,LTC/USDT:USDT,109.71,37.0,109.7,140.4,109.72,52.0,109.73,131.9
1753769373306,06:09:33.306,okx,LTC/USDT:USDT,109.71,51.0,109.7,180.6,109.72,29.4,109.73,77.8
1753769373906,06:09:33.906,okx,LTC/USDT:USDT,109.71,51.0,109.7,165.5,109.72,30.3,109.73,105.7
1753769374006,06:09:34.006,okx,LTC/USDT:USDT,109.71,34.9,109.7,165.5,109.72,81.4,109.73,105.7
1753769375106,06:09:35.106,okx,LTC/USDT:USDT,109.71,16.2,109.7,140.3,109.72,77.5,109.73,114.7
1753769375306,06:09:35.306,okx,LTC/USDT:USDT,109.71,37.1,109.7,153.0,109.72,56.7,109.73,74.5
1753769375506,06:09:35.506,okx,LTC/USDT:USDT,109.71,51.1,109.7,189.0,109.72,55.9,109.73,99.5
1753769375906,06:09:35.906,okx,LTC/USDT:USDT,109.71,24.1,109.7,165.3,109.72,55.9,109.73,140.2
1753769376006,06:09:36.006,okx,LTC/USDT:USDT,109.71,24.1,109.7,165.3,109.72,57.7,109.73,140.2
1753769376106,06:09:36.106,okx,LTC/USDT:USDT,109.71,24.1,109.7,165.3,109.72,57.7,109.73,140.2
1753769376306,06:09:36.306,okx,LTC/USDT:USDT,109.71,24.1,109.7,178.0,109.72,55.9,109.73,111.0
1753769376806,06:09:36.806,okx,LTC/USDT:USDT,109.71,40.2,109.7,178.0,109.72,55.9,109.73,115.2
1753769377006,06:09:37.006,okx,LTC/USDT:USDT,109.71,39.3,109.7,189.0,109.72,55.9,109.73,115.2
1753769377206,06:09:37.206,okx,LTC/USDT:USDT,109.71,24.1,109.7,165.3,109.72,59.4,109.73,115.2
1753769377306,06:09:37.306,okx,LTC/USDT:USDT,109.71,9.4,109.7,165.3,109.72,108.9,109.73,115.2
1753769377606,06:09:37.606,okx,LTC/USDT:USDT,109.71,0.9,109.7,167.2,109.72,61.7,109.73,115.2
1753769378206,06:09:38.206,okx,LTC/USDT:USDT,109.71,1.1,109.7,167.2,109.72,81.1,109.73,115.2
1753769378406,06:09:38.406,okx,LTC/USDT:USDT,109.71,1.1,109.7,167.2,109.72,81.2,109.73,115.2
1753769378506,06:09:38.506,okx,LTC/USDT:USDT,109.71,1.1,109.7,167.2,109.72,80.8,109.73,115.2
1753769378806,06:09:38.806,okx,LTC/USDT:USDT,109.71,0.2,109.7,156.3,109.72,142.6,109.73,128.9
1753769378906,06:09:38.906,okx,LTC/USDT:USDT,109.7,88.1,109.69,58.5,109.71,325.3,109.72,252.4
1753769379306,06:09:39.306,okx,LTC/USDT:USDT,109.7,86.4,109.69,58.5,109.71,311.7,109.72,177.2
1753769380006,06:09:40.006,okx,LTC/USDT:USDT,109.69,27.9,109.68,54.2,109.7,172.2,109.71,199.3
1753769380306,06:09:40.306,okx,LTC/USDT:USDT,109.69,37.0,109.68,79.2,109.7,125.6,109.71,199.3
1753769380506,06:09:40.506,okx,LTC/USDT:USDT,109.69,37.0,109.68,80.3,109.7,119.5,109.71,199.3
1753769380706,06:09:40.706,okx,LTC/USDT:USDT,109.69,37.0,109.68,80.3,109.7,119.5,109.71,195.1
1753769381006,06:09:41.006,okx,LTC/USDT:USDT,109.69,85.1,109.68,127.9,109.7,100.7,109.71,136.4
1753769381106,06:09:41.106,okx,LTC/USDT:USDT,109.69,63.1,109.68,127.9,109.7,100.7,109.71,136.4
1753769381706,06:09:41.706,okx,LTC/USDT:USDT,109.69,110.1,109.68,127.9,109.7,89.9,109.71,136.4
1753769381806,06:09:41.806,okx,LTC/USDT:USDT,109.69,88.1,109.68,127.9,109.7,89.9,109.71,136.4
1753769383006,06:09:43.006,okx,LTC/USDT:USDT,109.69,52.2,109.68,93.9,109.7,98.3,109.71,169.7
1753769383206,06:09:43.206,okx,LTC/USDT:USDT,109.69,23.0,109.68,123.1,109.7,98.3,109.71,165.2
1753769383306,06:09:43.306,okx,LTC/USDT:USDT,109.69,23.0,109.68,93.9,109.7,98.3,109.71,194.4
1753769385006,06:09:45.006,okx,LTC/USDT:USDT,109.72,203.2,109.71,143.3,109.73,25.1,109.74,237.8
1753769385206,06:09:45.206,okx,LTC/USDT:USDT,109.72,203.3,109.71,141.5,109.73,25.4,109.74,203.1
1753769385306,06:09:45.306,okx,LTC/USDT:USDT,109.72,203.6,109.71,141.5,109.73,25.4,109.74,203.1
1753769385406,06:09:45.406,okx,LTC/USDT:USDT,109.72,238.0,109.71,144.1,109.73,25.4,109.74,203.1
1753769385506,06:09:45.506,okx,LTC/USDT:USDT,109.72,238.0,109.71,144.1,109.73,10.1,109.74,203.1
1753769385606,06:09:45.606,okx,LTC/USDT:USDT,109.72,227.0,109.71,144.1,109.73,10.1,109.74,203.1
1753769385806,06:09:45.806,okx,LTC/USDT:USDT,109.72,227.0,109.71,144.1,109.73,10.2,109.74,203.1
1753769386206,06:09:46.206,okx,LTC/USDT:USDT,109.72,0.4,109.71,64.1,109.73,109.9,109.74,249.6
1753769387306,06:09:47.306,okx,LTC/USDT:USDT,109.71,22.9,109.7,124.8,109.72,207.8,109.73,156.2
1753769387606,06:09:47.606,okx,LTC/USDT:USDT,109.71,3.6,109.7,53.4,109.72,227.8,109.73,196.4
1753769387806,06:09:47.806,okx,LTC/USDT:USDT,109.71,1.7,109.7,50.3,109.72,215.8,109.73,196.4
1753769388206,06:09:48.206,okx,LTC/USDT:USDT,109.71,145.0,109.7,119.7,109.72,26.5,109.73,78.0
1753769388806,06:09:48.806,okx,LTC/USDT:USDT,109.72,197.4,109.71,113.1,109.73,11.5,109.74,207.6
1753769388906,06:09:48.906,okx,LTC/USDT:USDT,109.72,197.4,109.71,113.1,109.73,11.5,109.74,207.6
1753769389106,06:09:49.106,okx,LTC/USDT:USDT,109.72,141.0,109.71,120.3,109.73,43.5,109.74,207.6
1753769389206,06:09:49.206,okx,LTC/USDT:USDT,109.72,163.0,109.71,120.3,109.73,43.5,109.74,209.4
1753769389306,06:09:49.306,okx,LTC/USDT:USDT,109.72,163.0,109.71,120.3,109.73,43.5,109.74,209.4
1753769389406,06:09:49.406,okx,LTC/USDT:USDT,109.72,197.4,109.71,120.3,109.73,28.4,109.74,209.4
1753769389506,06:09:49.506,okx,LTC/USDT:USDT,109.72,186.4,109.71,120.3,109.73,28.4,109.74,207.6
1753769389906,06:09:49.906,okx,LTC/USDT:USDT,109.72,213.9,109.71,120.3,109.73,27.7,109.74,35.5
1753769390406,06:09:50.406,okx,LTC/USDT:USDT,109.72,215.7,109.71,131.4,109.73,11.7,109.74,31.7
1753769391006,06:09:51.006,okx,LTC/USDT:USDT,109.72,215.7,109.71,131.4,109.73,11.0,109.74,31.7
1753769391206,06:09:51.206,okx,LTC/USDT:USDT,109.72,204.8,109.71,131.3,109.73,11.5,109.74,56.7
1753769391306,06:09:51.306,okx,LTC/USDT:USDT,109.72,214.0,109.71,133.1,109.73,12.2,109.74,56.7
1753769391806,06:09:51.806,okx,LTC/USDT:USDT,109.72,126.8,109.71,91.1,109.73,38.4,109.74,110.3
1753769391906,06:09:51.906,okx,LTC/USDT:USDT,109.72,126.8,109.71,91.1,109.73,38.4,109.74,110.3
1753769392206,06:09:52.206,okx,LTC/USDT:USDT,109.72,126.8,109.71,66.1,109.73,38.4,109.74,110.3
1753769392806,06:09:52.806,okx,LTC/USDT:USDT,109.72,29.1,109.71,66.1,109.73,113.2,109.74,114.9
1753769393606,06:09:53.606,okx,LTC/USDT:USDT,109.7,2.1,109.69,46.6,109.71,237.3,109.72,155.3
1753769393706,06:09:53.706,okx,LTC/USDT:USDT,109.7,1.9,109.69,48.2,109.71,225.4,109.72,140.5
1753769393806,06:09:53.806,okx,LTC/USDT:USDT,109.7,2.0,109.69,48.2,109.71,225.4,109.72,140.5
1753769393906,06:09:53.906,okx,LTC/USDT:USDT,109.7,2.0,109.69,48.2,109.71,225.4,109.72,140.5
1753769394106,06:09:54.106,okx,LTC/USDT:USDT,109.7,2.0,109.69,48.2,109.71,225.4,109.72,155.0
1753769394706,06:09:54.706,okx,LTC/USDT:USDT,109.7,44.9,109.69,100.4,109.71,71.9,109.72,75.5
1753769394906,06:09:54.906,okx,LTC/USDT:USDT,109.7,44.9,109.69,71.2,109.71,99.6,109.72,75.5
1753769395006,06:09:55.006,okx,LTC/USDT:USDT,109.7,35.9,109.69,60.2,109.71,99.6,109.72,115.7
1753769395106,06:09:55.106,okx,LTC/USDT:USDT,109.7,35.9,109.69,60.2,109.71,99.6,109.72,75.5
1753769395206,06:09:55.206,okx,LTC/USDT:USDT,109.7,60.9,109.69,85.2,109.71,101.6,109.72,75.5
1753769395306,06:09:55.306,okx,LTC/USDT:USDT,109.7,35.9,109.69,125.4,109.71,101.6,109.72,75.5
1753769395506,06:09:55.506,okx,LTC/USDT:USDT,109.7,35.9,109.69,96.2,109.71,85.3,109.72,75.5
1753769395606,06:09:55.606,okx,LTC/USDT:USDT,109.7,35.9,109.69,96.2,109.71,85.3,109.72,75.5
1753769395906,06:09:55.906,okx,LTC/USDT:USDT,109.7,35.9,109.69,85.2,109.71,66.3,109.72,115.7
1753769396806,06:09:56.806,okx,LTC/USDT:USDT,109.7,35.9,109.69,96.2,109.71,65.5,109.72,90.5
