timestamp,time,exchange,symbol,bid1_price,bid1_volume,bid2_price,bid2_volume,ask1_price,ask1_volume,ask2_price,ask2_volume
1753769527653,06:12:07.653,coincatch,LTC/USDT:USDT,109.71,199.9,109.7,321.5,109.72,42.7,109.73,112.2
1753769527953,06:12:07.953,coincatch,LTC/USDT:USDT,109.71,209.9,109.7,328.2,109.72,42.7,109.73,90.1
1753769528554,06:12:08.554,coincatch,LTC/USDT:USDT,109.71,183.7,109.7,258.4,109.72,54.6,109.73,98.4
1753769528854,06:12:08.854,coincatch,LTC/USDT:USDT,109.71,179.9,109.7,244.7,109.72,54.6,109.73,133.2
1753769529154,06:12:09.154,coincatch,LTC/USDT:USDT,109.7,170.0,109.69,337.0,109.71,236.5,109.72,229.7
1753769530054,06:12:10.054,coincatch,LTC/USDT:USDT,109.7,170.0,109.69,330.6,109.71,221.1,109.72,146.7
1753769530355,06:12:10.355,coincatch,LTC/USDT:USDT,109.7,170.0,109.69,344.6,109.71,221.1,109.72,146.7
1753769530655,06:12:10.655,coincatch,LTC/USDT:USDT,109.7,170.0,109.69,347.1,109.71,217.6,109.72,149.8
1753769531255,06:12:11.255,coincatch,LTC/USDT:USDT,109.7,253.7,109.69,389.7,109.71,12.2,109.72,52.3
1753769531555,06:12:11.555,coincatch,LTC/USDT:USDT,109.71,219.2,109.7,273.2,109.72,51.6,109.73,118.1
1753769532756,06:12:12.756,coincatch,LTC/USDT:USDT,109.71,113.4,109.7,232.7,109.72,169.3,109.73,176.1
1753769533357,06:12:13.357,coincatch,LTC/USDT:USDT,109.71,130.2,109.7,262.3,109.72,171.2,109.73,140.0
1753769533657,06:12:13.657,coincatch,LTC/USDT:USDT,109.71,128.3,109.7,264.3,109.72,171.2,109.73,140.0
1753769533957,06:12:13.957,coincatch,LTC/USDT:USDT,109.71,159.8,109.7,262.9,109.72,171.2,109.73,132.2
1753769534257,06:12:14.257,coincatch,LTC/USDT:USDT,109.71,167.6,109.7,262.9,109.72,125.5,109.73,125.0
1753769534557,06:12:14.557,coincatch,LTC/USDT:USDT,109.71,165.2,109.7,265.5,109.72,126.6,109.73,126.6
1753769535458,06:12:15.458,coincatch,LTC/USDT:USDT,109.71,171.7,109.7,265.7,109.72,126.6,109.73,124.2
1753769536361,06:12:16.361,coincatch,LTC/USDT:USDT,109.71,184.6,109.7,276.2,109.72,60.5,109.73,96.8
1753769536661,06:12:16.661,coincatch,LTC/USDT:USDT,109.71,181.7,109.7,279.1,109.72,60.5,109.73,96.8
1753769537562,06:12:17.562,coincatch,LTC/USDT:USDT,109.71,168.4,109.7,268.0,109.72,60.5,109.73,127.0
1753769538162,06:12:18.162,coincatch,LTC/USDT:USDT,109.72,289.2,109.71,364.2,109.73,2.6,109.74,56.3
1753769538763,06:12:18.763,coincatch,LTC/USDT:USDT,109.72,270.8,109.71,357.7,109.73,4.4,109.74,82.3
1753769540565,06:12:20.565,coincatch,LTC/USDT:USDT,109.72,327.3,109.71,366.3,109.73,23.3,109.74,10.9
1753769540865,06:12:20.865,coincatch,LTC/USDT:USDT,109.72,327.3,109.71,370.6,109.75,24.4,109.76,10.9
1753769541166,06:12:21.166,coincatch,LTC/USDT:USDT,109.74,205.6,109.73,244.7,109.75,144.4,109.76,77.0
1753769541466,06:12:21.466,coincatch,LTC/USDT:USDT,109.74,202.8,109.73,244.7,109.75,144.4,109.76,90.4
1753769541766,06:12:21.766,coincatch,LTC/USDT:USDT,109.74,210.6,109.73,244.7,109.75,37.3,109.76,85.4
1753769542067,06:12:22.067,coincatch,LTC/USDT:USDT,109.74,253.2,109.73,344.1,109.75,34.2,109.76,140.8
1753769542967,06:12:22.967,coincatch,LTC/USDT:USDT,109.74,209.4,109.73,312.4,109.75,237.6,109.76,140.3
1753769543267,06:12:23.267,coincatch,LTC/USDT:USDT,109.74,216.1,109.73,313.8,109.75,127.0,109.76,140.3
1753769544168,06:12:24.168,coincatch,LTC/USDT:USDT,109.74,210.6,109.73,313.8,109.75,151.4,109.76,140.3
1753769544468,06:12:24.468,coincatch,LTC/USDT:USDT,109.74,213.9,109.73,326.6,109.75,151.4,109.76,140.3
1753769544768,06:12:24.768,coincatch,LTC/USDT:USDT,109.74,207.3,109.73,326.6,109.75,153.6,109.76,140.3
1753769545068,06:12:25.068,coincatch,LTC/USDT:USDT,109.74,207.3,109.73,322.2,109.75,154.4,109.76,140.3
1753769545369,06:12:25.369,coincatch,LTC/USDT:USDT,109.74,214.1,109.73,326.6,109.75,92.1,109.76,140.3
1753769545669,06:12:25.669,coincatch,LTC/USDT:USDT,109.74,208.5,109.73,315.2,109.75,95.3,109.76,140.3
1753769546569,06:12:26.569,coincatch,LTC/USDT:USDT,109.74,191.5,109.73,296.0,109.75,256.5,109.76,240.1
1753769546870,06:12:26.870,coincatch,LTC/USDT:USDT,109.74,162.3,109.73,294.5,109.75,258.6,109.76,240.1
1753769547470,06:12:27.470,coincatch,LTC/USDT:USDT,109.74,162.3,109.73,310.9,109.75,258.6,109.76,206.7
1753769547770,06:12:27.770,coincatch,LTC/USDT:USDT,109.74,163.7,109.73,294.6,109.75,277.4,109.76,240.1
1753769548671,06:12:28.671,coincatch,LTC/USDT:USDT,109.74,163.9,109.73,289.9,109.75,323.8,109.76,206.7
1753769548971,06:12:28.971,coincatch,LTC/USDT:USDT,109.74,163.9,109.73,289.9,109.75,323.8,109.76,240.6
1753769554374,06:12:34.374,coincatch,LTC/USDT:USDT,109.75,320.7,109.74,361.3,109.76,93.3,109.77,85.1
1753769554975,06:12:34.975,coincatch,LTC/USDT:USDT,109.75,281.9,109.74,356.8,109.76,93.3,109.77,69.1
1753769555274,06:12:35.274,coincatch,LTC/USDT:USDT,109.75,246.1,109.74,390.7,109.76,93.3,109.77,85.1
1753769555575,06:12:35.575,coincatch,LTC/USDT:USDT,109.75,239.0,109.74,373.9,109.76,93.3,109.77,85.1
1753769556776,06:12:36.776,coincatch,LTC/USDT:USDT,109.75,235.4,109.74,371.5,109.76,144.7,109.77,105.0
1753769558277,06:12:38.277,coincatch,LTC/USDT:USDT,109.75,251.8,109.74,369.3,109.76,172.6,109.77,85.1
1753769558577,06:12:38.577,coincatch,LTC/USDT:USDT,109.75,241.9,109.74,388.3,109.76,172.6,109.77,85.1
1753769559177,06:12:39.177,coincatch,LTC/USDT:USDT,109.75,244.4,109.74,388.7,109.76,178.1,109.77,85.1
1753769559778,06:12:39.778,coincatch,LTC/USDT:USDT,109.75,168.9,109.74,387.3,109.76,254.4,109.77,85.1
1753769560078,06:12:40.078,coincatch,LTC/USDT:USDT,109.75,188.3,109.74,370.6,109.76,254.6,109.77,85.1
1753769560678,06:12:40.678,coincatch,LTC/USDT:USDT,109.75,172.7,109.74,394.9,109.76,254.6,109.77,85.1
1753769560978,06:12:40.978,coincatch,LTC/USDT:USDT,109.75,186.9,109.74,387.3,109.76,187.2,109.77,85.1
1753769561579,06:12:41.579,coincatch,LTC/USDT:USDT,109.75,178.8,109.74,394.9,109.76,194.9,109.77,85.1
1753769562779,06:12:42.779,coincatch,LTC/USDT:USDT,109.75,201.3,109.74,367.6,109.76,205.1,109.77,85.1
1753769563080,06:12:43.080,coincatch,LTC/USDT:USDT,109.75,204.7,109.74,399.9,109.76,207.6,109.77,85.1
1753769563380,06:12:43.380,coincatch,LTC/USDT:USDT,109.75,204.7,109.74,390.4,109.76,207.6,109.77,85.1
1753769563680,06:12:43.680,coincatch,LTC/USDT:USDT,109.75,203.6,109.74,390.8,109.76,207.6,109.77,85.1
1753769563980,06:12:43.980,coincatch,LTC/USDT:USDT,109.75,203.9,109.74,382.4,109.76,207.6,109.77,85.1
1753769564280,06:12:44.280,coincatch,LTC/USDT:USDT,109.75,203.9,109.74,382.4,109.76,207.6,109.77,85.1
1753769564581,06:12:44.581,coincatch,LTC/USDT:USDT,109.75,190.1,109.74,378.1,109.76,207.6,109.77,85.1
1753769564881,06:12:44.881,coincatch,LTC/USDT:USDT,109.75,204.0,109.74,361.4,109.76,183.8,109.77,85.1
1753769565181,06:12:45.181,coincatch,LTC/USDT:USDT,109.75,203.0,109.74,352.3,109.76,156.5,109.77,85.1
1753769565481,06:12:45.481,coincatch,LTC/USDT:USDT,109.75,203.0,109.74,370.5,109.76,158.7,109.77,85.1
1753769565781,06:12:45.781,coincatch,LTC/USDT:USDT,109.75,205.7,109.74,370.6,109.76,150.9,109.77,85.1
1753769566082,06:12:46.082,coincatch,LTC/USDT:USDT,109.75,223.1,109.74,361.5,109.76,150.9,109.77,69.1
1753769566382,06:12:46.382,coincatch,LTC/USDT:USDT,109.75,293.6,109.74,340.6,109.76,173.9,109.77,69.1
1753769566682,06:12:46.682,coincatch,LTC/USDT:USDT,109.75,293.6,109.74,330.4,109.76,169.5,109.77,66.0
1753769566982,06:12:46.982,coincatch,LTC/USDT:USDT,109.75,285.6,109.74,348.6,109.76,220.6,109.77,66.0
1753769567282,06:12:47.282,coincatch,LTC/USDT:USDT,109.75,285.6,109.74,348.6,109.76,220.6,109.77,66.0
1753769567583,06:12:47.583,coincatch,LTC/USDT:USDT,109.75,264.3,109.74,348.6,109.76,244.0,109.77,69.0
1753769567883,06:12:47.883,coincatch,LTC/USDT:USDT,109.75,271.0,109.74,339.5,109.76,242.3,109.77,85.0
1753769568183,06:12:48.183,coincatch,LTC/USDT:USDT,109.75,272.4,109.74,348.6,109.76,242.3,109.77,85.0
1753769568483,06:12:48.483,coincatch,LTC/USDT:USDT,109.75,262.5,109.74,356.2,109.76,242.3,109.77,85.0
1753769568783,06:12:48.783,coincatch,LTC/USDT:USDT,109.75,278.5,109.74,348.6,109.76,242.3,109.77,85.0
1753769569083,06:12:49.083,coincatch,LTC/USDT:USDT,109.75,277.4,109.74,339.5,109.76,242.3,109.77,85.0
1753769569384,06:12:49.384,coincatch,LTC/USDT:USDT,109.75,275.1,109.74,338.0,109.76,245.3,109.77,69.0
1753769569684,06:12:49.684,coincatch,LTC/USDT:USDT,109.75,264.0,109.74,347.1,109.76,247.0,109.77,85.0
1753769569984,06:12:49.984,coincatch,LTC/USDT:USDT,109.75,278.2,109.74,339.5,109.76,248.2,109.77,85.0
1753769570284,06:12:50.284,coincatch,LTC/USDT:USDT,109.75,276.2,109.74,339.5,109.76,238.4,109.77,68.7
1753769570584,06:12:50.584,coincatch,LTC/USDT:USDT,109.75,263.0,109.74,337.9,109.76,239.7,109.77,84.6
1753769570885,06:12:50.885,coincatch,LTC/USDT:USDT,109.75,261.6,109.74,366.5,109.76,239.7,109.77,84.6
1753769571185,06:12:51.185,coincatch,LTC/USDT:USDT,109.73,270.5,109.72,348.3,109.78,239.7,109.79,84.6
1753769571485,06:12:51.485,coincatch,LTC/USDT:USDT,109.73,283.2,109.72,330.1,109.78,239.7,109.79,84.6
1753769571785,06:12:51.785,coincatch,LTC/USDT:USDT,109.73,283.2,109.72,330.1,109.78,239.7,109.79,84.6
1753769572085,06:12:52.085,coincatch,LTC/USDT:USDT,109.73,274.4,109.72,348.3,109.78,239.7,109.79,84.6
1753769572385,06:12:52.385,coincatch,LTC/USDT:USDT,109.73,275.7,109.72,349.8,109.78,239.7,109.79,84.6
1753769572686,06:12:52.686,coincatch,LTC/USDT:USDT,109.73,279.4,109.72,339.2,109.78,239.7,109.79,84.6
1753769572986,06:12:52.986,coincatch,LTC/USDT:USDT,109.73,272.7,109.72,339.2,109.78,239.7,109.79,84.6
1753769573286,06:12:53.286,coincatch,LTC/USDT:USDT,109.73,279.0,109.72,331.6,109.78,239.7,109.79,84.6
1753769573586,06:12:53.586,coincatch,LTC/USDT:USDT,109.73,272.4,109.72,349.9,109.78,239.7,109.79,84.6
1753769573886,06:12:53.886,coincatch,LTC/USDT:USDT,109.73,272.4,109.72,349.9,109.78,241.6,109.79,84.6
1753769574187,06:12:54.187,coincatch,LTC/USDT:USDT,109.73,270.2,109.72,351.7,109.78,241.6,109.79,84.6
1753769574487,06:12:54.487,coincatch,LTC/USDT:USDT,109.73,268.9,109.72,342.6,109.78,241.6,109.79,84.6
1753769574787,06:12:54.787,coincatch,LTC/USDT:USDT,109.73,278.3,109.72,358.7,109.78,218.2,109.79,84.6
1753769575087,06:12:55.087,coincatch,LTC/USDT:USDT,109.73,278.3,109.72,349.6,109.78,194.0,109.79,84.6
1753769575387,06:12:55.387,coincatch,LTC/USDT:USDT,109.73,278.3,109.72,367.8,109.78,194.0,109.79,84.6
1753769575688,06:12:55.688,coincatch,LTC/USDT:USDT,109.73,279.7,109.72,340.5,109.78,172.7,109.79,84.6
1753769575988,06:12:55.988,coincatch,LTC/USDT:USDT,109.75,195.7,109.74,263.5,109.8,148.2,109.81,64.2
1753769576288,06:12:56.288,coincatch,LTC/USDT:USDT,109.75,208.2,109.74,259.0,109.8,182.0,109.81,79.2
1753769576588,06:12:56.588,coincatch,LTC/USDT:USDT,109.75,197.8,109.74,259.0,109.8,184.8,109.81,81.1
1753769576888,06:12:56.888,coincatch,LTC/USDT:USDT,109.75,201.6,109.74,249.2,109.8,238.3,109.81,81.1
1753769577189,06:12:57.189,coincatch,LTC/USDT:USDT,109.75,198.2,109.74,224.1,109.8,242.0,109.81,92.7
1753769577489,06:12:57.489,coincatch,LTC/USDT:USDT,109.75,197.0,109.74,224.1,109.8,274.6,109.81,94.5
1753769577789,06:12:57.789,coincatch,LTC/USDT:USDT,109.75,195.9,109.74,228.5,109.8,278.3,109.81,94.5
1753769578089,06:12:58.089,coincatch,LTC/USDT:USDT,109.75,180.2,109.74,221.2,109.8,278.7,109.81,96.5
1753769578389,06:12:58.389,coincatch,LTC/USDT:USDT,109.75,180.2,109.74,221.2,109.8,278.7,109.81,96.5
1753769578689,06:12:58.689,coincatch,LTC/USDT:USDT,109.75,192.3,109.74,236.6,109.8,258.7,109.81,95.3
1753769578990,06:12:58.990,coincatch,LTC/USDT:USDT,109.75,195.2,109.74,233.7,109.8,258.7,109.81,95.3
1753769579290,06:12:59.290,coincatch,LTC/USDT:USDT,109.75,196.5,109.74,233.7,109.8,258.7,109.81,95.3
1753769579590,06:12:59.590,coincatch,LTC/USDT:USDT,109.75,195.0,109.74,246.7,109.8,261.9,109.81,95.3
1753769579890,06:12:59.890,coincatch,LTC/USDT:USDT,109.75,196.4,109.74,247.9,109.8,283.5,109.81,97.0
1753769580190,06:13:00.190,coincatch,LTC/USDT:USDT,109.75,196.4,109.74,247.9,109.8,285.3,109.81,97.0
1753769580491,06:13:00.491,coincatch,LTC/USDT:USDT,109.75,185.8,109.74,244.5,109.8,290.5,109.81,95.1
1753769580791,06:13:00.791,coincatch,LTC/USDT:USDT,109.75,172.4,109.74,227.0,109.8,310.2,109.81,95.1
1753769581091,06:13:01.091,coincatch,LTC/USDT:USDT,109.75,172.0,109.74,230.1,109.8,314.3,109.81,96.4
1753769581391,06:13:01.391,coincatch,LTC/USDT:USDT,109.75,182.6,109.74,231.3,109.8,338.4,109.81,95.1
1753769581692,06:13:01.692,coincatch,LTC/USDT:USDT,109.75,165.2,109.74,233.6,109.8,379.1,109.81,96.2
1753769581994,06:13:01.994,coincatch,LTC/USDT:USDT,109.75,184.7,109.74,235.7,109.8,359.1,109.81,96.2
1753769582294,06:13:02.294,coincatch,LTC/USDT:USDT,109.75,184.7,109.74,235.7,109.8,359.1,109.81,96.2
1753769582594,06:13:02.594,coincatch,LTC/USDT:USDT,109.75,184.7,109.74,253.8,109.8,348.2,109.81,82.6
1753769582894,06:13:02.894,coincatch,LTC/USDT:USDT,109.75,184.7,109.74,255.1,109.8,371.2,109.81,83.8
1753769583194,06:13:03.194,coincatch,LTC/USDT:USDT,109.75,184.7,109.74,255.1,109.8,353.5,109.81,83.8
1753769583495,06:13:03.495,coincatch,LTC/USDT:USDT,109.75,174.4,109.74,239.8,109.8,378.6,109.81,83.8
1753769583795,06:13:03.795,coincatch,LTC/USDT:USDT,109.75,169.3,109.74,220.6,109.8,378.6,109.81,83.8
1753769584095,06:13:04.095,coincatch,LTC/USDT:USDT,109.74,153.3,109.73,262.9,109.79,183.3,109.8,441.7
1753769584395,06:13:04.395,coincatch,LTC/USDT:USDT,109.74,153.3,109.73,257.6,109.79,185.3,109.8,435.3
1753769584996,06:13:04.996,coincatch,LTC/USDT:USDT,109.74,160.2,109.73,252.9,109.79,186.4,109.8,385.2
1753769585296,06:13:05.296,coincatch,LTC/USDT:USDT,109.74,171.0,109.73,252.9,109.79,186.4,109.8,345.0
1753769585596,06:13:05.596,coincatch,LTC/USDT:USDT,109.74,171.0,109.73,254.3,109.79,186.4,109.8,343.4
1753769585896,06:13:05.896,coincatch,LTC/USDT:USDT,109.74,186.6,109.73,256.6,109.79,152.4,109.8,286.0
1753769586196,06:13:06.196,coincatch,LTC/USDT:USDT,109.74,189.1,109.73,254.1,109.79,152.4,109.8,286.0
1753769586497,06:13:06.497,coincatch,LTC/USDT:USDT,109.74,178.6,109.73,260.4,109.79,180.6,109.8,284.5
1753769586797,06:13:06.797,coincatch,LTC/USDT:USDT,109.74,178.6,109.73,260.4,109.79,180.6,109.8,284.5
1753769587097,06:13:07.097,coincatch,LTC/USDT:USDT,109.74,178.6,109.73,240.0,109.79,208.9,109.8,314.8
1753769587397,06:13:07.397,coincatch,LTC/USDT:USDT,109.74,178.6,109.73,240.0,109.79,208.9,109.8,314.8
1753769587697,06:13:07.697,coincatch,LTC/USDT:USDT,109.74,278.5,109.73,248.1,109.79,234.9,109.8,303.1
1753769587998,06:13:07.998,coincatch,LTC/USDT:USDT,109.74,191.9,109.73,264.2,109.79,237.1,109.8,300.9
1753769588298,06:13:08.298,coincatch,LTC/USDT:USDT,109.74,191.9,109.73,264.2,109.79,260.3,109.8,309.3
1753769588598,06:13:08.598,coincatch,LTC/USDT:USDT,109.74,188.1,109.73,238.7,109.79,242.8,109.8,309.3
1753769588898,06:13:08.898,coincatch,LTC/USDT:USDT,109.74,188.1,109.73,238.7,109.79,244.3,109.8,282.9
1753769589198,06:13:09.198,coincatch,LTC/USDT:USDT,109.74,188.1,109.73,238.7,109.79,244.3,109.8,258.8
1753769590399,06:13:10.399,coincatch,LTC/USDT:USDT,109.74,189.2,109.73,238.7,109.79,250.9,109.8,234.7
1753769590699,06:13:10.699,coincatch,LTC/USDT:USDT,109.74,189.2,109.73,238.7,109.79,247.6,109.8,234.7
1753769590999,06:13:10.999,coincatch,LTC/USDT:USDT,109.74,189.2,109.73,240.0,109.79,247.6,109.8,234.7
1753769591300,06:13:11.300,coincatch,LTC/USDT:USDT,109.74,189.2,109.73,240.0,109.79,250.0,109.8,234.7
1753769591600,06:13:11.600,coincatch,LTC/USDT:USDT,109.74,189.2,109.73,240.0,109.79,250.0,109.8,234.7
1753769591900,06:13:11.900,coincatch,LTC/USDT:USDT,109.74,189.2,109.73,240.0,109.79,250.0,109.8,234.7
1753769592200,06:13:12.200,coincatch,LTC/USDT:USDT,109.74,189.2,109.73,238.7,109.79,250.0,109.8,210.4
1753769592500,06:13:12.500,coincatch,LTC/USDT:USDT,109.74,200.2,109.73,238.7,109.79,250.0,109.8,210.4
1753769592801,06:13:12.801,coincatch,LTC/USDT:USDT,109.74,189.5,109.73,238.7,109.79,250.0,109.8,210.4
1753769593101,06:13:13.101,coincatch,LTC/USDT:USDT,109.74,189.5,109.73,238.7,109.79,250.0,109.8,180.4
1753769593401,06:13:13.401,coincatch,LTC/USDT:USDT,109.74,200.2,109.73,238.7,109.79,250.0,109.8,180.4
1753769594302,06:13:14.302,coincatch,LTC/USDT:USDT,109.72,163.5,109.71,346.8,109.77,113.2,109.78,207.8
1753769595202,06:13:15.202,coincatch,LTC/USDT:USDT,109.72,152.8,109.71,329.0,109.77,153.4,109.78,252.1
1753769595803,06:13:15.803,coincatch,LTC/USDT:USDT,109.71,162.2,109.7,332.7,109.76,153.2,109.77,211.8
1753769596103,06:13:16.103,coincatch,LTC/USDT:USDT,109.71,143.3,109.7,309.0,109.76,173.2,109.77,211.8
1753769596403,06:13:16.403,coincatch,LTC/USDT:USDT,109.71,133.0,109.7,335.9,109.76,186.7,109.77,231.9
1753769596703,06:13:16.703,coincatch,LTC/USDT:USDT,109.71,131.8,109.7,319.4,109.76,153.2,109.77,231.9
1753769597304,06:13:17.304,coincatch,LTC/USDT:USDT,109.71,158.9,109.7,337.2,109.76,157.3,109.77,200.7
1753769597904,06:13:17.904,coincatch,LTC/USDT:USDT,109.71,156.8,109.7,294.1,109.76,166.6,109.77,223.1
1753769598204,06:13:18.204,coincatch,LTC/USDT:USDT,109.71,136.5,109.7,300.7,109.76,166.6,109.77,234.1
1753769598504,06:13:18.504,coincatch,LTC/USDT:USDT,109.71,139.1,109.7,300.7,109.76,208.6,109.77,223.1
1753769598805,06:13:18.805,coincatch,LTC/USDT:USDT,109.71,139.1,109.7,300.7,109.76,274.0,109.77,221.6
1753769599105,06:13:19.105,coincatch,LTC/USDT:USDT,109.7,186.8,109.69,412.1,109.75,251.5,109.76,289.7
1753769599405,06:13:19.405,coincatch,LTC/USDT:USDT,109.7,153.4,109.69,280.5,109.75,307.0,109.76,302.9
1753769599705,06:13:19.705,coincatch,LTC/USDT:USDT,109.7,139.7,109.69,280.5,109.75,254.8,109.76,304.0
1753769600005,06:13:20.005,coincatch,LTC/USDT:USDT,109.7,139.7,109.69,278.5,109.75,288.1,109.76,304.0
1753769600306,06:13:20.306,coincatch,LTC/USDT:USDT,109.7,152.2,109.69,271.9,109.75,254.7,109.76,301.3
1753769600606,06:13:20.606,coincatch,LTC/USDT:USDT,109.7,150.7,109.69,274.8,109.75,254.7,109.76,287.3
1753769600906,06:13:20.906,coincatch,LTC/USDT:USDT,109.7,150.7,109.69,273.7,109.75,258.9,109.76,304.0
1753769601206,06:13:21.206,coincatch,LTC/USDT:USDT,109.7,189.2,109.69,292.3,109.75,252.6,109.76,195.9
1753769602107,06:13:22.107,coincatch,LTC/USDT:USDT,109.7,172.0,109.69,294.3,109.75,245.0,109.76,171.3
1753769602407,06:13:22.407,coincatch,LTC/USDT:USDT,109.7,154.2,109.69,274.0,109.75,289.4,109.76,212.9
1753769602707,06:13:22.707,coincatch,LTC/USDT:USDT,109.7,168.6,109.69,274.0,109.75,255.9,109.76,228.2
1753769603007,06:13:23.007,coincatch,LTC/USDT:USDT,109.7,168.6,109.69,274.0,109.75,255.9,109.76,211.4
1753769603308,06:13:23.308,coincatch,LTC/USDT:USDT,109.7,191.0,109.69,305.4,109.75,202.3,109.76,206.9
1753769603608,06:13:23.608,coincatch,LTC/USDT:USDT,109.7,193.0,109.69,308.5,109.75,202.3,109.76,177.9
1753769603908,06:13:23.908,coincatch,LTC/USDT:USDT,109.7,193.0,109.69,290.7,109.75,213.7,109.76,194.6
1753769604208,06:13:24.208,coincatch,LTC/USDT:USDT,109.7,191.4,109.69,296.5,109.75,213.7,109.76,194.6
1753769604508,06:13:24.508,coincatch,LTC/USDT:USDT,109.7,191.4,109.69,307.6,109.75,213.7,109.76,151.6
1753769605109,06:13:25.109,coincatch,LTC/USDT:USDT,109.7,192.7,109.69,307.6,109.75,216.0,109.76,161.6
1753769605409,06:13:25.409,coincatch,LTC/USDT:USDT,109.7,193.8,109.69,309.2,109.75,216.0,109.76,151.6
1753769605709,06:13:25.709,coincatch,LTC/USDT:USDT,109.7,193.8,109.69,298.7,109.75,216.0,109.76,135.5
1753769606009,06:13:26.009,coincatch,LTC/USDT:USDT,109.7,226.0,109.69,313.8,109.75,87.3,109.76,105.8
1753769606310,06:13:26.310,coincatch,LTC/USDT:USDT,109.7,226.0,109.69,325.2,109.75,87.3,109.76,105.8
1753769606910,06:13:26.910,coincatch,LTC/USDT:USDT,109.7,240.0,109.69,315.8,109.75,41.7,109.76,91.7
1753769607510,06:13:27.510,coincatch,LTC/USDT:USDT,109.7,233.1,109.69,315.8,109.75,41.7,109.76,91.7
1753769607811,06:13:27.811,coincatch,LTC/USDT:USDT,109.7,233.1,109.69,315.8,109.75,41.7,109.76,97.1
1753769608111,06:13:28.111,coincatch,LTC/USDT:USDT,109.7,233.1,109.69,317.5,109.75,41.7,109.76,97.1
1753769608411,06:13:28.411,coincatch,LTC/USDT:USDT,109.7,236.8,109.69,316.4,109.75,41.7,109.76,97.1
1753769608711,06:13:28.711,coincatch,LTC/USDT:USDT,109.7,229.7,109.69,321.9,109.75,49.0,109.76,103.7
1753769609011,06:13:29.011,coincatch,LTC/USDT:USDT,109.7,193.9,109.69,312.7,109.75,49.0,109.76,110.0
1753769609312,06:13:29.312,coincatch,LTC/USDT:USDT,109.7,162.1,109.69,283.7,109.75,245.9,109.76,114.6
1753769609612,06:13:29.612,coincatch,LTC/USDT:USDT,109.7,173.2,109.69,297.3,109.75,208.6,109.76,128.1
1753769609912,06:13:29.912,coincatch,LTC/USDT:USDT,109.7,173.2,109.69,291.9,109.75,211.7,109.76,128.1
1753769610212,06:13:30.212,coincatch,LTC/USDT:USDT,109.7,178.4,109.69,291.9,109.75,211.7,109.76,128.1
1753769610512,06:13:30.512,coincatch,LTC/USDT:USDT,109.7,173.4,109.69,298.5,109.75,209.4,109.76,121.1
1753769611113,06:13:31.113,coincatch,LTC/USDT:USDT,109.7,240.0,109.69,332.5,109.75,45.4,109.76,101.0
1753769611413,06:13:31.413,coincatch,LTC/USDT:USDT,109.7,237.3,109.69,347.3,109.75,47.0,109.76,121.4
1753769611713,06:13:31.713,coincatch,LTC/USDT:USDT,109.7,236.5,109.69,347.5,109.75,69.4,109.76,121.4
1753769612013,06:13:32.013,coincatch,LTC/USDT:USDT,109.7,236.2,109.69,364.8,109.75,69.4,109.76,121.4
1753769612914,06:13:32.914,coincatch,LTC/USDT:USDT,109.72,276.7,109.71,369.3,109.77,4.5,109.78,105.2
1753769613214,06:13:33.214,coincatch,LTC/USDT:USDT,109.72,279.6,109.71,380.3,109.77,4.5,109.78,147.2
1753769613514,06:13:33.514,coincatch,LTC/USDT:USDT,109.72,260.3,109.71,380.3,109.77,4.5,109.78,147.2
1753769613815,06:13:33.815,coincatch,LTC/USDT:USDT,109.72,277.1,109.71,380.3,109.77,4.5,109.78,105.2
1753769614415,06:13:34.415,coincatch,LTC/USDT:USDT,109.72,187.0,109.71,359.6,109.77,165.6,109.78,274.1
1753769615015,06:13:35.015,coincatch,LTC/USDT:USDT,109.71,95.7,109.7,200.5,109.76,375.1,109.77,304.8
1753769615316,06:13:35.316,coincatch,LTC/USDT:USDT,109.71,103.0,109.7,203.3,109.76,366.5,109.77,305.9
1753769615616,06:13:35.616,coincatch,LTC/USDT:USDT,109.71,101.5,109.7,217.2,109.76,260.6,109.77,293.9
1753769615916,06:13:35.916,coincatch,LTC/USDT:USDT,109.71,167.0,109.7,190.5,109.76,260.6,109.77,181.8
1753769616216,06:13:36.216,coincatch,LTC/USDT:USDT,109.71,132.1,109.7,207.4,109.76,308.6,109.77,207.5
1753769616516,06:13:36.516,coincatch,LTC/USDT:USDT,109.71,167.7,109.7,206.1,109.76,266.6,109.77,172.4
1753769616817,06:13:36.817,coincatch,LTC/USDT:USDT,109.71,167.7,109.7,200.1,109.76,264.0,109.77,172.4
1753769617717,06:13:37.717,coincatch,LTC/USDT:USDT,109.71,167.5,109.7,193.4,109.76,254.9,109.77,172.8
1753769618017,06:13:38.017,coincatch,LTC/USDT:USDT,109.71,149.9,109.7,192.2,109.76,257.1,109.77,172.8
1753769618318,06:13:38.318,coincatch,LTC/USDT:USDT,109.71,131.7,109.7,195.8,109.76,257.1,109.77,200.5
1753769618618,06:13:38.618,coincatch,LTC/USDT:USDT,109.71,131.8,109.7,195.8,109.76,265.3,109.77,200.5
1753769618918,06:13:38.918,coincatch,LTC/USDT:USDT,109.71,145.9,109.7,192.9,109.76,266.3,109.77,183.8
1753769619218,06:13:39.218,coincatch,LTC/USDT:USDT,109.71,145.9,109.7,195.1,109.76,271.7,109.77,182.4
1753769619519,06:13:39.519,coincatch,LTC/USDT:USDT,109.71,145.9,109.7,195.1,109.76,283.8,109.77,165.7
1753769619819,06:13:39.819,coincatch,LTC/USDT:USDT,109.71,145.9,109.7,177.0,109.76,283.8,109.77,179.7
1753769620419,06:13:40.419,coincatch,LTC/USDT:USDT,109.71,170.4,109.7,211.8,109.76,281.1,109.77,141.4
1753769620719,06:13:40.719,coincatch,LTC/USDT:USDT,109.71,170.4,109.7,211.8,109.76,281.1,109.77,141.4
1753769621320,06:13:41.320,coincatch,LTC/USDT:USDT,109.71,207.6,109.7,254.2,109.76,35.7,109.77,123.6
1753769621620,06:13:41.620,coincatch,LTC/USDT:USDT,109.71,198.2,109.7,257.1,109.76,38.5,109.77,123.6
1753769621920,06:13:41.920,coincatch,LTC/USDT:USDT,109.71,183.2,109.7,257.8,109.76,38.5,109.77,123.6
1753769622220,06:13:42.220,coincatch,LTC/USDT:USDT,109.71,169.1,109.7,256.1,109.76,40.3,109.77,122.9
1753769623121,06:13:43.121,coincatch,LTC/USDT:USDT,109.71,183.3,109.7,232.1,109.76,101.6,109.77,124.6
1753769623421,06:13:43.421,coincatch,LTC/USDT:USDT,109.71,203.6,109.7,242.1,109.76,39.8,109.77,123.3
1753769624022,06:13:44.022,coincatch,LTC/USDT:USDT,109.71,186.8,109.7,247.7,109.76,41.2,109.77,133.6
1753769624622,06:13:44.622,coincatch,LTC/USDT:USDT,109.71,181.1,109.7,253.5,109.76,48.4,109.77,123.7
1753769624922,06:13:44.922,coincatch,LTC/USDT:USDT,109.71,195.1,109.7,247.2,109.76,52.5,109.77,123.7
1753769625223,06:13:45.223,coincatch,LTC/USDT:USDT,109.71,207.0,109.7,255.6,109.76,49.2,109.77,123.7
1753769625523,06:13:45.523,coincatch,LTC/USDT:USDT,109.71,207.0,109.7,255.6,109.76,49.2,109.77,123.7
1753769625823,06:13:45.823,coincatch,LTC/USDT:USDT,109.71,202.2,109.7,247.2,109.76,49.2,109.77,123.7
1753769626123,06:13:46.123,coincatch,LTC/USDT:USDT,109.71,208.8,109.7,248.9,109.76,49.2,109.77,123.7
1753769626423,06:13:46.423,coincatch,LTC/USDT:USDT,109.71,208.8,109.7,255.6,109.76,49.2,109.77,123.7
1753769627024,06:13:47.024,coincatch,LTC/USDT:USDT,109.71,195.4,109.7,253.9,109.76,44.9,109.77,123.7
1753769627324,06:13:47.324,coincatch,LTC/USDT:USDT,109.71,202.0,109.7,253.9,109.76,47.6,109.77,123.7
1753769627624,06:13:47.624,coincatch,LTC/USDT:USDT,109.71,202.0,109.7,256.6,109.76,47.6,109.77,125.7
1753769627924,06:13:47.924,coincatch,LTC/USDT:USDT,109.71,195.4,109.7,253.6,109.76,50.2,109.77,125.7
1753769628225,06:13:48.225,coincatch,LTC/USDT:USDT,109.71,179.8,109.7,246.9,109.76,71.2,109.77,125.7
1753769628525,06:13:48.525,coincatch,LTC/USDT:USDT,109.71,176.4,109.7,249.5,109.76,51.3,109.77,137.0
1753769628825,06:13:48.825,coincatch,LTC/USDT:USDT,109.71,179.3,109.7,246.5,109.76,51.3,109.77,135.9
1753769629125,06:13:49.125,coincatch,LTC/USDT:USDT,109.71,184.5,109.7,246.5,109.76,51.3,109.77,135.9
1753769629425,06:13:49.425,coincatch,LTC/USDT:USDT,109.71,167.6,109.7,246.5,109.76,51.3,109.77,139.5
1753769630026,06:13:50.026,coincatch,LTC/USDT:USDT,109.71,133.2,109.7,213.2,109.76,139.8,109.77,148.8
1753769630326,06:13:50.326,coincatch,LTC/USDT:USDT,109.71,133.5,109.7,221.9,109.76,119.8,109.77,148.8
1753769630626,06:13:50.626,coincatch,LTC/USDT:USDT,109.71,147.0,109.7,230.4,109.76,119.7,109.77,128.6
1753769630926,06:13:50.926,coincatch,LTC/USDT:USDT,109.71,149.2,109.7,227.4,109.76,117.1,109.77,128.6
1753769631226,06:13:51.226,coincatch,LTC/USDT:USDT,109.71,149.2,109.7,227.4,109.76,117.1,109.77,128.6
1753769631527,06:13:51.527,coincatch,LTC/USDT:USDT,109.71,147.6,109.7,242.0,109.76,109.4,109.77,125.5
1753769631827,06:13:51.827,coincatch,LTC/USDT:USDT,109.71,171.5,109.7,232.4,109.76,113.5,109.77,127.9
1753769632127,06:13:52.127,coincatch,LTC/USDT:USDT,109.71,174.4,109.7,232.4,109.76,112.4,109.77,127.9
1753769632427,06:13:52.427,coincatch,LTC/USDT:USDT,109.71,171.6,109.7,229.0,109.76,114.9,109.77,127.9
1753769632727,06:13:52.727,coincatch,LTC/USDT:USDT,109.71,140.9,109.7,226.4,109.76,146.3,109.77,137.4
1753769633028,06:13:53.028,coincatch,LTC/USDT:USDT,109.71,138.0,109.7,190.3,109.76,167.2,109.77,201.4
1753769633328,06:13:53.328,coincatch,LTC/USDT:USDT,109.71,146.7,109.7,199.0,109.76,167.2,109.77,201.4
1753769633628,06:13:53.628,coincatch,LTC/USDT:USDT,109.71,138.4,109.7,190.3,109.76,187.8,109.77,198.8
1753769633928,06:13:53.928,coincatch,LTC/USDT:USDT,109.71,146.4,109.7,190.3,109.76,187.8,109.77,198.8
1753769634228,06:13:54.228,coincatch,LTC/USDT:USDT,109.71,152.8,109.7,179.8,109.76,175.2,109.77,198.8
1753769634529,06:13:54.529,coincatch,LTC/USDT:USDT,109.71,152.8,109.7,187.1,109.76,175.2,109.77,178.8
1753769634829,06:13:54.829,coincatch,LTC/USDT:USDT,109.71,152.8,109.7,181.7,109.76,175.2,109.77,178.8
1753769635129,06:13:55.129,coincatch,LTC/USDT:USDT,109.71,171.0,109.7,201.3,109.76,165.2,109.77,161.8
1753769635429,06:13:55.429,coincatch,LTC/USDT:USDT,109.71,171.0,109.7,216.8,109.76,165.2,109.77,149.8
1753769636029,06:13:56.029,coincatch,LTC/USDT:USDT,109.71,164.7,109.7,228.2,109.76,127.4,109.77,137.7
1753769636930,06:13:56.930,coincatch,LTC/USDT:USDT,109.71,212.6,109.7,240.2,109.76,66.1,109.77,47.0
1753769637230,06:13:57.230,coincatch,LTC/USDT:USDT,109.71,212.6,109.7,240.2,109.76,66.1,109.77,47.0
1753769637530,06:13:57.530,coincatch,LTC/USDT:USDT,109.71,200.1,109.7,242.7,109.76,68.6,109.77,48.1
1753769637831,06:13:57.831,coincatch,LTC/USDT:USDT,109.71,200.1,109.7,243.1,109.76,68.6,109.77,48.1
1753769638131,06:13:58.131,coincatch,LTC/USDT:USDT,109.71,200.1,109.7,251.5,109.76,68.6,109.77,47.0
1753769638431,06:13:58.431,coincatch,LTC/USDT:USDT,109.71,200.1,109.7,251.5,109.76,68.6,109.77,57.0
1753769638731,06:13:58.731,coincatch,LTC/USDT:USDT,109.71,200.1,109.7,253.1,109.76,70.5,109.77,46.3
1753769639031,06:13:59.031,coincatch,LTC/USDT:USDT,109.71,200.1,109.7,253.1,109.76,70.5,109.77,67.3
1753769639332,06:13:59.332,coincatch,LTC/USDT:USDT,109.71,207.4,109.7,253.1,109.76,70.5,109.77,67.3
1753769639632,06:13:59.632,coincatch,LTC/USDT:USDT,109.71,207.4,109.7,253.1,109.76,70.5,109.77,67.3
1753769639932,06:13:59.932,coincatch,LTC/USDT:USDT,109.71,207.4,109.7,253.1,109.76,70.5,109.77,67.3
1753769640232,06:14:00.232,coincatch,LTC/USDT:USDT,109.71,181.5,109.7,214.5,109.76,114.0,109.77,71.3
1753769640532,06:14:00.532,coincatch,LTC/USDT:USDT,109.71,186.5,109.7,214.5,109.76,114.0,109.77,71.3
1753769640833,06:14:00.833,coincatch,LTC/USDT:USDT,109.71,194.5,109.7,228.7,109.76,70.8,109.77,68.5
1753769641433,06:14:01.433,coincatch,LTC/USDT:USDT,109.71,201.4,109.7,234.3,109.76,70.8,109.77,67.1
1753769641733,06:14:01.733,coincatch,LTC/USDT:USDT,109.71,205.7,109.7,234.3,109.76,40.9,109.77,67.1
1753769642033,06:14:02.033,coincatch,LTC/USDT:USDT,109.71,221.2,109.7,235.6,109.76,39.0,109.77,67.1
1753769642334,06:14:02.334,coincatch,LTC/USDT:USDT,109.71,208.2,109.7,235.6,109.76,39.0,109.77,77.0
1753769642934,06:14:02.934,coincatch,LTC/USDT:USDT,109.71,214.7,109.7,234.4,109.76,40.5,109.77,77.1
1753769643534,06:14:03.534,coincatch,LTC/USDT:USDT,109.71,231.1,109.7,332.4,109.76,40.5,109.77,117.9
1753769643835,06:14:03.835,coincatch,LTC/USDT:USDT,109.71,232.2,109.7,333.8,109.76,40.5,109.77,117.9
1753769644135,06:14:04.135,coincatch,LTC/USDT:USDT,109.71,252.0,109.7,329.5,109.76,50.3,109.77,117.9
1753769644435,06:14:04.435,coincatch,LTC/USDT:USDT,109.72,249.2,109.71,241.3,109.77,2.0,109.78,128.8
1753769644735,06:14:04.735,coincatch,LTC/USDT:USDT,109.73,206.4,109.72,220.8,109.78,300.5,109.79,100.9
1753769645035,06:14:05.035,coincatch,LTC/USDT:USDT,109.73,268.3,109.72,209.7,109.78,263.3,109.79,85.1
1753769645335,06:14:05.335,coincatch,LTC/USDT:USDT,109.73,270.0,109.72,192.9,109.78,263.3,109.79,85.1
1753769645636,06:14:05.636,coincatch,LTC/USDT:USDT,109.73,279.9,109.72,189.8,109.78,9.1,109.79,73.5
1753769645936,06:14:05.936,coincatch,LTC/USDT:USDT,109.73,282.8,109.72,189.8,109.78,9.1,109.79,96.0
1753769646236,06:14:06.236,coincatch,LTC/USDT:USDT,109.73,275.4,109.72,182.7,109.78,9.1,109.79,96.0
1753769646536,06:14:06.536,coincatch,LTC/USDT:USDT,109.73,282.1,109.72,182.7,109.78,33.5,109.79,96.0
1753769646836,06:14:06.836,coincatch,LTC/USDT:USDT,109.73,289.2,109.72,182.7,109.78,33.5,109.79,96.0
1753769647137,06:14:07.137,coincatch,LTC/USDT:USDT,109.74,188.5,109.73,279.7,109.79,8.5,109.8,83.4
1753769647437,06:14:07.437,coincatch,LTC/USDT:USDT,109.74,244.4,109.73,268.3,109.79,99.4,109.8,69.3
1753769647737,06:14:07.737,coincatch,LTC/USDT:USDT,109.74,242.5,109.73,272.2,109.79,37.6,109.8,91.6
1753769648037,06:14:08.037,coincatch,LTC/USDT:USDT,109.74,246.7,109.73,265.8,109.79,37.6,109.8,91.6
1753769648337,06:14:08.337,coincatch,LTC/USDT:USDT,109.74,230.6,109.73,207.3,109.79,37.6,109.8,91.6
1753769648638,06:14:08.638,coincatch,LTC/USDT:USDT,109.74,230.6,109.73,207.3,109.79,39.2,109.8,91.6
1753769648938,06:14:08.938,coincatch,LTC/USDT:USDT,109.74,223.9,109.73,207.3,109.79,39.2,109.8,91.6
1753769649238,06:14:09.238,coincatch,LTC/USDT:USDT,109.74,188.6,109.73,207.3,109.79,100.4,109.8,94.4
1753769649538,06:14:09.538,coincatch,LTC/USDT:USDT,109.74,183.3,109.73,211.1,109.79,79.4,109.8,108.0
1753769649838,06:14:09.838,coincatch,LTC/USDT:USDT,109.74,186.0,109.73,224.6,109.79,39.1,109.8,108.0
1753769650139,06:14:10.139,coincatch,LTC/USDT:USDT,109.74,192.1,109.73,231.3,109.79,35.8,109.8,98.0
1753769650439,06:14:10.439,coincatch,LTC/USDT:USDT,109.74,192.1,109.73,231.3,109.79,35.8,109.8,98.0
1753769650739,06:14:10.739,coincatch,LTC/USDT:USDT,109.74,193.3,109.73,231.3,109.79,35.8,109.8,98.0
1753769651039,06:14:11.039,coincatch,LTC/USDT:USDT,109.74,193.3,109.73,231.3,109.79,35.8,109.8,98.0
1753769651339,06:14:11.339,coincatch,LTC/USDT:USDT,109.74,187.2,109.73,231.3,109.79,35.8,109.8,98.0
1753769651940,06:14:11.940,coincatch,LTC/USDT:USDT,109.74,206.4,109.73,228.7,109.79,35.8,109.8,91.5
1753769652240,06:14:12.240,coincatch,LTC/USDT:USDT,109.74,206.4,109.73,238.2,109.79,35.8,109.8,91.5
1753769652540,06:14:12.540,coincatch,LTC/USDT:USDT,109.74,206.4,109.73,230.3,109.79,35.8,109.8,92.9
1753769652840,06:14:12.840,coincatch,LTC/USDT:USDT,109.74,206.4,109.73,233.6,109.79,35.8,109.8,92.9
1753769653140,06:14:13.140,coincatch,LTC/USDT:USDT,109.74,206.4,109.73,233.6,109.79,35.8,109.8,92.9
1753769653441,06:14:13.441,coincatch,LTC/USDT:USDT,109.74,206.4,109.73,241.7,109.79,39.9,109.8,92.9
1753769653741,06:14:13.741,coincatch,LTC/USDT:USDT,109.74,193.7,109.73,241.0,109.79,39.9,109.8,92.9
1753769654041,06:14:14.041,coincatch,LTC/USDT:USDT,109.74,206.1,109.73,241.0,109.79,39.9,109.8,92.9
1753769654341,06:14:14.341,coincatch,LTC/USDT:USDT,109.74,206.1,109.73,241.0,109.79,39.9,109.8,94.5
1753769654641,06:14:14.641,coincatch,LTC/USDT:USDT,109.74,198.4,109.73,241.0,109.79,39.9,109.8,93.4
1753769654941,06:14:14.941,coincatch,LTC/USDT:USDT,109.74,182.4,109.73,239.1,109.79,39.9,109.8,96.3
1753769655242,06:14:15.242,coincatch,LTC/USDT:USDT,109.74,177.7,109.73,233.3,109.79,38.4,109.8,99.3
1753769655542,06:14:15.542,coincatch,LTC/USDT:USDT,109.74,179.0,109.73,235.1,109.79,54.8,109.8,99.3
1753769655842,06:14:15.842,coincatch,LTC/USDT:USDT,109.74,179.0,109.73,235.1,109.79,89.1,109.8,99.3
1753769656142,06:14:16.142,coincatch,LTC/USDT:USDT,109.74,177.2,109.73,235.1,109.79,113.5,109.8,99.3
1753769656443,06:14:16.443,coincatch,LTC/USDT:USDT,109.74,171.2,109.73,235.1,109.79,133.5,109.8,111.3
1753769656743,06:14:16.743,coincatch,LTC/USDT:USDT,109.74,160.2,109.73,229.6,109.79,116.6,109.8,114.6
