timestamp,time,exchange,symbol,bid1_price,bid1_volume,bid2_price,bid2_volume,ask1_price,ask1_volume,ask2_price,ask2_volume
1753769302064,06:08:22.064,bitget,ETH/USDT:USDT,3808.49,0.08,3808.38,17.57,3808.5,82.7,3808.51,6.79
1753769302567,06:08:22.567,bitget,ETH/USDT:USDT,3807.77,127.06,3807.76,41.12,3807.78,131.47,3807.81,21.02
1753769302668,06:08:22.668,bitget,ETH/USDT:USDT,3807.77,127.06,3807.76,41.12,3807.78,126.36,3807.82,0.01
1753769302767,06:08:22.767,bitget,ETH/USDT:USDT,3807.77,127.06,3807.76,41.12,3807.78,128.55,3807.82,0.01
1753769302868,06:08:22.868,bitget,ETH/USDT:USDT,3807.77,127.06,3807.76,41.12,3807.78,128.55,3807.82,0.01
1753769302970,06:08:22.970,bitget,ETH/USDT:USDT,3807.77,127.06,3807.76,41.12,3807.78,128.55,3807.82,0.01
1753769303071,06:08:23.071,bitget,ETH/USDT:USDT,3807.77,127.06,3807.76,41.12,3807.78,128.55,3807.82,0.01
1753769303775,06:08:23.775,bitget,ETH/USDT:USDT,3807.77,71.37,3807.76,41.12,3807.78,128.87,3807.82,0.01
1753769303876,06:08:23.876,bitget,ETH/USDT:USDT,3807.77,118.34,3807.76,41.12,3807.78,91.42,3807.82,0.01
1753769303976,06:08:23.976,bitget,ETH/USDT:USDT,3807.77,118.34,3807.76,41.12,3807.78,91.42,3807.82,0.01
1753769304077,06:08:24.077,bitget,ETH/USDT:USDT,3807.77,118.34,3807.76,41.12,3807.78,91.42,3807.82,0.01
1753769304177,06:08:24.177,bitget,ETH/USDT:USDT,3807.77,118.34,3807.76,41.12,3807.78,91.42,3807.82,0.01
1753769304278,06:08:24.278,bitget,ETH/USDT:USDT,3807.77,118.34,3807.76,41.12,3807.78,91.42,3807.82,0.01
1753769304379,06:08:24.379,bitget,ETH/USDT:USDT,3807.77,118.34,3807.76,41.12,3807.78,91.42,3807.82,0.01
1753769304682,06:08:24.682,bitget,ETH/USDT:USDT,3807.77,118.34,3807.76,41.12,3807.78,90.85,3807.82,0.01
1753769305085,06:08:25.085,bitget,ETH/USDT:USDT,3807.77,131.24,3807.76,41.12,3807.78,90.85,3807.82,0.01
1753769305588,06:08:25.588,bitget,ETH/USDT:USDT,3809.3,13.16,3809.27,1.05,3809.33,1.26,3809.5,16.29
1753769305788,06:08:25.788,bitget,ETH/USDT:USDT,3810.06,50.58,3810.05,2.57,3810.07,52.09,3810.22,2.47
1753769305888,06:08:25.888,bitget,ETH/USDT:USDT,3810.06,19.96,3810.03,3.2,3810.07,91.68,3810.12,0.05
1753769305989,06:08:25.989,bitget,ETH/USDT:USDT,3809.7,5.29,3809.69,0.35,3810.04,7.62,3810.06,32.52
1753769306089,06:08:26.089,bitget,ETH/USDT:USDT,3809.88,3.85,3809.85,2.56,3809.89,1.28,3809.9,2.62
1753769306191,06:08:26.191,bitget,ETH/USDT:USDT,3809.88,68.25,3809.71,37.42,3809.89,153.06,3809.9,2.62
1753769306296,06:08:26.296,bitget,ETH/USDT:USDT,3809.88,71.06,3809.72,30.6,3809.89,147.94,3809.95,18.0
1753769306498,06:08:26.498,bitget,ETH/USDT:USDT,3809.88,2.92,3809.72,1.98,3809.89,154.88,3809.95,18.0
1753769306599,06:08:26.599,bitget,ETH/USDT:USDT,3809.88,2.92,3809.72,1.98,3809.89,147.94,3809.95,18.0
1753769306699,06:08:26.699,bitget,ETH/USDT:USDT,3809.88,3.27,3809.72,1.98,3809.89,148.29,3809.95,18.0
1753769306799,06:08:26.799,bitget,ETH/USDT:USDT,3809.88,31.8,3809.72,1.98,3809.89,141.99,3809.95,18.0
1753769306900,06:08:26.900,bitget,ETH/USDT:USDT,3809.88,75.99,3809.76,43.88,3809.89,73.54,3809.95,18.0
1753769307101,06:08:27.101,bitget,ETH/USDT:USDT,3809.88,50.01,3809.77,37.82,3809.89,49.44,3809.95,18.0
1753769307704,06:08:27.704,bitget,ETH/USDT:USDT,3809.88,72.78,3809.78,32.37,3809.89,47.73,3809.95,18.0
1753769307804,06:08:27.804,bitget,ETH/USDT:USDT,3809.88,69.5,3809.78,32.37,3809.89,49.32,3809.95,18.0
1753769307904,06:08:27.904,bitget,ETH/USDT:USDT,3809.88,63.3,3809.78,32.37,3809.89,49.32,3809.95,18.0
1753769308006,06:08:28.006,bitget,ETH/USDT:USDT,3809.88,63.26,3809.78,32.37,3809.89,49.32,3809.94,12.9
1753769308209,06:08:28.209,bitget,ETH/USDT:USDT,3809.88,63.28,3809.78,32.37,3809.89,49.32,3809.94,12.9
1753769308309,06:08:28.309,bitget,ETH/USDT:USDT,3809.88,15.57,3809.78,32.37,3809.89,51.04,3809.94,12.9
1753769308414,06:08:28.414,bitget,ETH/USDT:USDT,3809.88,0.1,3809.78,32.37,3809.89,79.84,3809.93,30.4
1753769308514,06:08:28.514,bitget,ETH/USDT:USDT,3809.88,0.1,3809.78,16.75,3809.89,89.94,3809.92,20.02
1753769308614,06:08:28.614,bitget,ETH/USDT:USDT,3809.88,0.1,3809.78,16.75,3809.89,95.5,3809.92,20.02
1753769308815,06:08:28.815,bitget,ETH/USDT:USDT,3809.88,0.1,3809.78,16.75,3809.89,116.74,3809.92,20.02
1753769308915,06:08:28.915,bitget,ETH/USDT:USDT,3809.76,43.88,3809.71,1.06,3809.79,26.79,3809.84,2.56
1753769309016,06:08:29.016,bitget,ETH/USDT:USDT,3809.76,45.23,3809.71,1.06,3809.77,207.24,3809.78,19.45
1753769309824,06:08:29.824,bitget,ETH/USDT:USDT,3809.71,94.17,3809.66,8.97,3809.72,20.66,3809.75,8.46
1753769309923,06:08:29.923,bitget,ETH/USDT:USDT,3809.71,94.17,3809.66,8.97,3809.72,20.66,3809.75,8.46
1753769310024,06:08:30.024,bitget,ETH/USDT:USDT,3809.71,94.17,3809.66,8.97,3809.72,31.07,3809.75,0.59
1753769310725,06:08:30.725,bitget,ETH/USDT:USDT,3809.71,90.24,3809.66,8.97,3809.72,67.27,3809.76,12.03
1753769310825,06:08:30.825,bitget,ETH/USDT:USDT,3809.71,90.24,3809.66,8.97,3809.72,67.15,3809.76,12.03
1753769310926,06:08:30.926,bitget,ETH/USDT:USDT,3809.71,90.24,3809.66,8.97,3809.72,68.89,3809.76,12.03
1753769311530,06:08:31.530,bitget,ETH/USDT:USDT,3809.71,90.24,3809.66,8.97,3809.72,30.98,3809.76,3.32
1753769311632,06:08:31.632,bitget,ETH/USDT:USDT,3809.71,90.24,3809.66,8.97,3809.72,32.58,3809.76,3.32
1753769311732,06:08:31.732,bitget,ETH/USDT:USDT,3809.71,90.24,3809.66,8.97,3809.72,32.58,3809.76,14.0
1753769311834,06:08:31.834,bitget,ETH/USDT:USDT,3809.71,90.24,3809.66,8.97,3809.72,30.98,3809.76,14.0
1753769311934,06:08:31.934,bitget,ETH/USDT:USDT,3809.71,90.24,3809.66,8.97,3809.72,32.48,3809.76,14.0
1753769312036,06:08:32.036,bitget,ETH/USDT:USDT,3809.71,90.24,3809.66,8.97,3809.72,32.09,3809.76,14.0
1753769312236,06:08:32.236,bitget,ETH/USDT:USDT,3809.71,1.06,3809.66,5.82,3809.72,35.76,3809.75,15.42
1753769312336,06:08:32.336,bitget,ETH/USDT:USDT,3809.71,44.85,3809.67,6.2,3809.72,85.84,3809.74,30.4
1753769312438,06:08:32.438,bitget,ETH/USDT:USDT,3809.71,44.85,3809.66,5.82,3809.72,87.72,3809.73,26.75
1753769312541,06:08:32.541,bitget,ETH/USDT:USDT,3809.71,44.73,3809.66,5.82,3809.72,87.42,3809.73,13.66
1753769312642,06:08:32.642,bitget,ETH/USDT:USDT,3809.71,44.73,3809.66,5.82,3809.72,87.42,3809.73,4.54
1753769312742,06:08:32.742,bitget,ETH/USDT:USDT,3809.71,44.73,3809.66,5.82,3809.72,87.42,3809.73,3.32
1753769312842,06:08:32.842,bitget,ETH/USDT:USDT,3809.71,44.73,3809.66,5.82,3809.72,87.42,3809.73,3.32
1753769313242,06:08:33.242,bitget,ETH/USDT:USDT,3809.71,44.73,3809.66,5.82,3809.72,86.67,3809.73,3.32
1753769313345,06:08:33.345,bitget,ETH/USDT:USDT,3809.71,44.73,3809.66,5.82,3809.72,86.67,3809.73,3.32
1753769313444,06:08:33.444,bitget,ETH/USDT:USDT,3809.71,44.73,3809.66,5.82,3809.72,81.38,3809.73,3.32
1753769313544,06:08:33.544,bitget,ETH/USDT:USDT,3809.71,44.73,3809.66,5.82,3809.72,81.38,3809.73,3.32
1753769313645,06:08:33.645,bitget,ETH/USDT:USDT,3809.71,44.73,3809.66,5.82,3809.72,81.38,3809.73,3.32
1753769313745,06:08:33.745,bitget,ETH/USDT:USDT,3809.71,46.5,3809.66,5.82,3809.72,81.38,3809.73,3.32
1753769313845,06:08:33.845,bitget,ETH/USDT:USDT,3809.71,46.5,3809.66,5.82,3809.72,81.38,3809.73,3.32
1753769313946,06:08:33.946,bitget,ETH/USDT:USDT,3809.71,46.5,3809.66,5.82,3809.72,81.38,3809.73,3.32
1753769314046,06:08:34.046,bitget,ETH/USDT:USDT,3809.71,46.5,3809.66,5.82,3809.72,81.38,3809.73,3.32
1753769314146,06:08:34.146,bitget,ETH/USDT:USDT,3809.71,46.5,3809.66,5.82,3809.72,79.5,3809.73,3.32
1753769314247,06:08:34.247,bitget,ETH/USDT:USDT,3809.71,46.5,3809.66,5.82,3809.72,81.06,3809.73,3.32
1753769314449,06:08:34.449,bitget,ETH/USDT:USDT,3809.71,46.5,3809.66,5.82,3809.72,81.06,3809.73,9.76
1753769314550,06:08:34.550,bitget,ETH/USDT:USDT,3809.71,46.5,3809.66,5.82,3809.72,81.06,3809.73,9.76
1753769314749,06:08:34.749,bitget,ETH/USDT:USDT,3809.71,46.5,3809.66,5.82,3809.72,81.06,3809.73,9.76
1753769314850,06:08:34.850,bitget,ETH/USDT:USDT,3809.71,46.5,3809.66,5.82,3809.72,81.06,3809.73,9.76
1753769315050,06:08:35.050,bitget,ETH/USDT:USDT,3809.71,45.84,3809.66,5.82,3809.72,81.06,3809.73,9.76
1753769315350,06:08:35.350,bitget,ETH/USDT:USDT,3809.71,52.04,3809.66,5.82,3809.72,81.06,3809.73,5.32
1753769315550,06:08:35.550,bitget,ETH/USDT:USDT,3809.71,45.84,3809.66,5.82,3809.72,49.1,3809.73,5.32
1753769315750,06:08:35.750,bitget,ETH/USDT:USDT,3809.71,52.04,3809.66,5.82,3809.72,48.91,3809.73,3.32
1753769315850,06:08:35.850,bitget,ETH/USDT:USDT,3809.71,45.84,3809.66,5.82,3809.72,48.91,3809.73,3.32
1753769316252,06:08:36.252,bitget,ETH/USDT:USDT,3809.71,8.25,3809.67,15.91,3809.72,58.91,3809.73,3.32
1753769316452,06:08:36.452,bitget,ETH/USDT:USDT,3809.71,8.25,3809.67,49.02,3809.72,59.02,3809.73,12.1
1753769316854,06:08:36.854,bitget,ETH/USDT:USDT,3809.71,8.25,3809.68,15.23,3809.72,48.9,3809.73,12.1
1753769316954,06:08:36.954,bitget,ETH/USDT:USDT,3809.71,8.25,3809.68,15.23,3809.72,49.02,3809.73,3.32
1753769317254,06:08:37.254,bitget,ETH/USDT:USDT,3809.71,8.36,3809.68,15.23,3809.72,60.16,3809.73,3.32
1753769317354,06:08:37.354,bitget,ETH/USDT:USDT,3809.71,8.36,3809.68,15.23,3809.72,51.25,3809.73,12.1
1753769317556,06:08:37.556,bitget,ETH/USDT:USDT,3809.71,8.36,3809.68,15.23,3809.72,51.25,3809.73,12.1
1753769317658,06:08:37.658,bitget,ETH/USDT:USDT,3809.71,8.36,3809.68,15.23,3809.72,51.25,3809.73,12.1
1753769317757,06:08:37.757,bitget,ETH/USDT:USDT,3809.71,8.36,3809.68,15.23,3809.72,51.25,3809.73,12.1
1753769317857,06:08:37.857,bitget,ETH/USDT:USDT,3809.71,2.16,3809.68,15.23,3809.72,51.25,3809.73,12.1
1753769317957,06:08:37.957,bitget,ETH/USDT:USDT,3809.71,6.76,3809.68,15.23,3809.72,51.13,3809.73,12.1
1753769318057,06:08:38.057,bitget,ETH/USDT:USDT,3809.71,9.58,3809.69,15.42,3809.72,51.13,3809.73,12.1
1753769318159,06:08:38.159,bitget,ETH/USDT:USDT,3809.71,6.76,3809.7,23.04,3809.72,51.13,3809.73,12.1
1753769318462,06:08:38.462,bitget,ETH/USDT:USDT,3809.71,16.54,3809.7,23.04,3809.72,50.78,3809.73,12.1
1753769318561,06:08:38.561,bitget,ETH/USDT:USDT,3809.71,16.54,3809.7,23.04,3809.72,52.4,3809.73,12.1
1753769318661,06:08:38.661,bitget,ETH/USDT:USDT,3809.71,12.96,3809.7,23.04,3809.72,52.4,3809.73,12.1
1753769318761,06:08:38.761,bitget,ETH/USDT:USDT,3809.71,12.96,3809.7,23.04,3809.72,50.66,3809.73,12.1
1753769318861,06:08:38.861,bitget,ETH/USDT:USDT,3809.71,12.96,3809.7,23.04,3809.72,50.78,3809.73,12.1
1753769318961,06:08:38.961,bitget,ETH/USDT:USDT,3809.71,12.96,3809.7,23.04,3809.72,50.66,3809.73,12.1
1753769319161,06:08:39.161,bitget,ETH/USDT:USDT,3809.71,12.96,3809.7,23.04,3809.72,50.78,3809.73,12.1
1753769319261,06:08:39.261,bitget,ETH/USDT:USDT,3809.71,12.96,3809.7,23.04,3809.72,75.78,3809.73,12.1
1753769319362,06:08:39.362,bitget,ETH/USDT:USDT,3809.71,12.96,3809.7,23.04,3809.72,75.78,3809.73,12.1
1753769319462,06:08:39.462,bitget,ETH/USDT:USDT,3809.71,12.96,3809.7,23.04,3809.72,75.78,3809.73,12.1
1753769319564,06:08:39.564,bitget,ETH/USDT:USDT,3809.71,12.96,3809.7,23.04,3809.72,75.78,3809.73,12.1
1753769319664,06:08:39.664,bitget,ETH/USDT:USDT,3809.71,12.96,3809.7,23.04,3809.72,75.78,3809.73,12.1
1753769319765,06:08:39.765,bitget,ETH/USDT:USDT,3809.71,12.96,3809.7,23.04,3809.72,75.78,3809.73,12.1
1753769319865,06:08:39.865,bitget,ETH/USDT:USDT,3809.71,8.36,3809.7,23.04,3809.72,75.78,3809.73,12.1
1753769320065,06:08:40.065,bitget,ETH/USDT:USDT,3809.71,8.36,3809.7,23.04,3809.72,75.78,3809.73,12.1
1753769320267,06:08:40.267,bitget,ETH/USDT:USDT,3809.71,8.36,3809.7,23.04,3809.72,75.78,3809.73,12.1
1753769320367,06:08:40.367,bitget,ETH/USDT:USDT,3809.71,8.36,3809.7,23.04,3809.72,50.78,3809.73,12.1
1753769320467,06:08:40.467,bitget,ETH/USDT:USDT,3809.71,8.36,3809.7,23.04,3809.72,50.78,3809.73,3.32
1753769320567,06:08:40.567,bitget,ETH/USDT:USDT,3809.71,8.38,3809.7,23.04,3809.72,50.06,3809.73,3.32
1753769320769,06:08:40.769,bitget,ETH/USDT:USDT,3809.71,2.18,3809.67,43.72,3809.72,49.68,3809.73,3.32
1753769320869,06:08:40.869,bitget,ETH/USDT:USDT,3809.71,2.18,3809.68,14.54,3809.72,49.68,3809.73,3.32
1753769320969,06:08:40.969,bitget,ETH/USDT:USDT,3809.71,2.18,3809.68,14.54,3809.72,49.68,3809.73,3.32
1753769321069,06:08:41.069,bitget,ETH/USDT:USDT,3809.71,2.18,3809.68,14.54,3809.72,49.68,3809.73,3.32
1753769321170,06:08:41.170,bitget,ETH/USDT:USDT,3809.71,2.18,3809.68,14.54,3809.72,49.68,3809.73,3.32
1753769321270,06:08:41.270,bitget,ETH/USDT:USDT,3809.71,17.88,3809.68,14.54,3809.72,49.68,3809.73,3.32
1753769321371,06:08:41.371,bitget,ETH/USDT:USDT,3809.71,17.88,3809.68,14.54,3809.72,49.56,3809.73,12.1
1753769321471,06:08:41.471,bitget,ETH/USDT:USDT,3809.71,8.73,3809.69,15.42,3809.72,49.56,3809.73,12.1
1753769321571,06:08:41.571,bitget,ETH/USDT:USDT,3809.71,8.73,3809.7,23.04,3809.72,49.56,3809.73,3.32
1753769321773,06:08:41.773,bitget,ETH/USDT:USDT,3809.71,8.73,3809.7,23.04,3809.72,49.56,3809.73,3.32
1753769321873,06:08:41.873,bitget,ETH/USDT:USDT,3809.71,8.73,3809.7,23.04,3809.72,49.56,3809.73,3.32
1753769321974,06:08:41.974,bitget,ETH/USDT:USDT,3809.71,8.73,3809.7,23.04,3809.72,49.56,3809.73,3.32
1753769322073,06:08:42.073,bitget,ETH/USDT:USDT,3809.71,2.18,3809.67,43.72,3809.72,49.56,3809.73,3.32
1753769322173,06:08:42.173,bitget,ETH/USDT:USDT,3809.71,0.13,3809.65,17.57,3809.72,89.72,3809.73,3.32
1753769322273,06:08:42.273,bitget,ETH/USDT:USDT,3809.65,17.57,3809.3,20.07,3809.66,243.26,3809.71,53.65
1753769322475,06:08:42.475,bitget,ETH/USDT:USDT,3809.65,17.58,3809.51,43.63,3809.66,358.13,3809.7,16.92
1753769322577,06:08:42.577,bitget,ETH/USDT:USDT,3809.65,17.58,3809.51,43.63,3809.66,358.13,3809.7,16.92
1753769322676,06:08:42.676,bitget,ETH/USDT:USDT,3809.65,17.57,3809.51,43.63,3809.66,364.12,3809.7,16.92
1753769322777,06:08:42.777,bitget,ETH/USDT:USDT,3809.28,17.56,3809.23,43.64,3809.52,138.99,3809.65,12.74
1753769322877,06:08:42.877,bitget,ETH/USDT:USDT,3809.28,27.36,3809.23,43.64,3809.29,161.77,3809.3,1.68
1753769322977,06:08:42.977,bitget,ETH/USDT:USDT,3809.28,27.43,3809.24,15.42,3809.29,188.72,3809.41,10.03
1753769323077,06:08:43.077,bitget,ETH/USDT:USDT,3809.28,27.37,3809.24,15.42,3809.29,188.72,3809.41,10.03
1753769323177,06:08:43.177,bitget,ETH/USDT:USDT,3809.28,31.97,3809.24,15.42,3809.29,162.5,3809.41,5.4
1753769323278,06:08:43.278,bitget,ETH/USDT:USDT,3809.28,32.01,3809.24,15.42,3809.29,162.5,3809.41,5.4
1753769323377,06:08:43.377,bitget,ETH/USDT:USDT,3809.28,31.97,3809.24,15.42,3809.29,164.18,3809.41,5.4
1753769323477,06:08:43.477,bitget,ETH/USDT:USDT,3809.28,21.17,3809.23,43.64,3809.29,186.42,3809.41,5.4
1753769323577,06:08:43.577,bitget,ETH/USDT:USDT,3809.28,17.56,3809.23,43.64,3809.29,210.47,3809.41,5.4
1753769323680,06:08:43.680,bitget,ETH/USDT:USDT,3809.28,17.56,3809.23,43.64,3809.29,198.87,3809.41,5.4
1753769323780,06:08:43.780,bitget,ETH/USDT:USDT,3809.28,25.77,3809.23,43.64,3809.29,116.2,3809.41,5.4
1753769323880,06:08:43.880,bitget,ETH/USDT:USDT,3809.28,21.17,3809.24,13.09,3809.29,135.88,3809.41,5.4
1753769323980,06:08:43.980,bitget,ETH/USDT:USDT,3809.28,21.17,3809.15,43.63,3809.29,143.44,3809.41,5.4
1753769324081,06:08:44.081,bitget,ETH/USDT:USDT,3809.28,21.17,3809.16,28.51,3809.29,135.88,3809.41,5.4
1753769324182,06:08:44.182,bitget,ETH/USDT:USDT,3809.28,21.17,3809.17,26.28,3809.29,143.46,3809.41,7.76
1753769324282,06:08:44.282,bitget,ETH/USDT:USDT,3809.28,21.17,3809.17,26.28,3809.29,135.9,3809.41,7.76
1753769324684,06:08:44.684,bitget,ETH/USDT:USDT,3809.28,21.16,3809.17,6.2,3809.29,143.45,3809.41,9.35
1753769324785,06:08:44.785,bitget,ETH/USDT:USDT,3809.28,17.57,3809.16,15.42,3809.29,149.0,3809.41,9.35
1753769324885,06:08:44.885,bitget,ETH/USDT:USDT,3809.28,17.57,3809.16,15.42,3809.29,169.78,3809.41,9.35
1753769324985,06:08:44.985,bitget,ETH/USDT:USDT,3809.28,17.57,3809.16,15.42,3809.29,180.14,3809.41,9.35
1753769325085,06:08:45.085,bitget,ETH/USDT:USDT,3809.28,16.57,3809.16,15.42,3809.29,148.93,3809.41,9.35
1753769325186,06:08:45.186,bitget,ETH/USDT:USDT,3808.98,4.63,3808.97,15.42,3809.17,17.21,3809.28,2.56
1753769325286,06:08:45.286,bitget,ETH/USDT:USDT,3808.98,48.84,3808.93,54.18,3808.99,156.99,3809.01,1.68
1753769325386,06:08:45.386,bitget,ETH/USDT:USDT,3808.98,117.89,3808.94,9.25,3808.99,183.3,3809.0,2.21
1753769325486,06:08:45.486,bitget,ETH/USDT:USDT,3808.98,117.89,3808.94,5.15,3808.99,163.66,3809.15,3.51
1753769325587,06:08:45.587,bitget,ETH/USDT:USDT,3808.98,117.89,3808.94,5.15,3808.99,163.66,3809.15,3.51
1753769325687,06:08:45.687,bitget,ETH/USDT:USDT,3808.98,117.89,3808.94,5.15,3808.99,163.66,3809.15,3.51
1753769325787,06:08:45.787,bitget,ETH/USDT:USDT,3808.98,117.89,3808.94,5.15,3808.99,163.66,3809.15,3.51
1753769325889,06:08:45.889,bitget,ETH/USDT:USDT,3808.98,117.89,3808.94,5.15,3808.99,163.66,3809.15,3.51
1753769325991,06:08:45.991,bitget,ETH/USDT:USDT,3808.98,117.89,3808.94,5.15,3808.99,163.66,3809.15,3.51
1753769326092,06:08:46.092,bitget,ETH/USDT:USDT,3808.98,117.89,3808.94,5.15,3808.99,163.66,3809.15,3.51
1753769326194,06:08:46.194,bitget,ETH/USDT:USDT,3808.98,117.89,3808.94,5.15,3808.99,163.66,3809.15,3.51
1753769326296,06:08:46.296,bitget,ETH/USDT:USDT,3808.98,117.89,3808.94,5.15,3808.99,125.18,3809.15,3.51
1753769326397,06:08:46.397,bitget,ETH/USDT:USDT,3808.98,118.24,3808.94,26.95,3808.99,120.99,3809.15,3.51
1753769326499,06:08:46.499,bitget,ETH/USDT:USDT,3808.98,125.81,3808.94,26.95,3808.99,73.84,3809.15,3.51
1753769326601,06:08:46.601,bitget,ETH/USDT:USDT,3808.98,125.81,3808.94,26.95,3808.99,37.15,3809.15,3.51
1753769326700,06:08:46.700,bitget,ETH/USDT:USDT,3808.98,125.81,3808.94,26.95,3808.99,16.99,3809.15,3.51
1753769326800,06:08:46.800,bitget,ETH/USDT:USDT,3808.98,125.81,3808.94,26.95,3808.99,16.99,3809.15,8.18
1753769326900,06:08:46.900,bitget,ETH/USDT:USDT,3808.98,125.81,3808.94,26.95,3808.99,16.99,3809.15,8.18
1753769327000,06:08:47.000,bitget,ETH/USDT:USDT,3808.98,125.81,3808.94,13.86,3808.99,16.99,3809.15,8.18
1753769327100,06:08:47.100,bitget,ETH/USDT:USDT,3808.98,125.81,3808.94,13.86,3808.99,16.99,3809.15,8.18
1753769327201,06:08:47.201,bitget,ETH/USDT:USDT,3808.98,125.81,3808.94,9.78,3808.99,16.99,3809.14,25.8
1753769327301,06:08:47.301,bitget,ETH/USDT:USDT,3808.98,125.81,3808.94,9.78,3808.99,16.99,3809.13,16.36
1753769327401,06:08:47.401,bitget,ETH/USDT:USDT,3808.98,125.81,3808.94,9.78,3808.99,22.97,3809.13,16.36
1753769327501,06:08:47.501,bitget,ETH/USDT:USDT,3808.98,125.81,3808.94,9.78,3808.99,22.97,3809.13,16.36
1753769327601,06:08:47.601,bitget,ETH/USDT:USDT,3808.98,125.81,3808.94,9.78,3808.99,22.97,3809.13,16.36
1753769327702,06:08:47.702,bitget,ETH/USDT:USDT,3808.98,82.2,3808.94,9.78,3808.99,27.57,3809.13,16.36
1753769327803,06:08:47.803,bitget,ETH/USDT:USDT,3808.98,118.22,3808.94,5.15,3808.99,29.8,3809.11,19.69
1753769327903,06:08:47.903,bitget,ETH/USDT:USDT,3808.98,118.22,3808.94,5.15,3808.99,23.44,3809.1,5.91
1753769328003,06:08:48.003,bitget,ETH/USDT:USDT,3808.98,125.79,3808.94,5.15,3808.99,25.18,3809.13,15.05
1753769328105,06:08:48.105,bitget,ETH/USDT:USDT,3808.98,125.79,3808.94,26.95,3808.99,23.44,3809.12,30.4
1753769328205,06:08:48.205,bitget,ETH/USDT:USDT,3808.98,125.79,3808.94,9.24,3808.99,22.97,3809.11,9.12
1753769328406,06:08:48.406,bitget,ETH/USDT:USDT,3808.98,125.79,3808.94,9.24,3808.99,22.97,3809.11,9.12
1753769328506,06:08:48.506,bitget,ETH/USDT:USDT,3808.98,125.79,3808.94,9.24,3808.99,22.97,3809.11,9.12
1753769328606,06:08:48.606,bitget,ETH/USDT:USDT,3808.98,126.02,3808.94,9.24,3808.99,22.97,3809.11,9.12
1753769329106,06:08:49.106,bitget,ETH/USDT:USDT,3808.98,137.98,3808.96,55.92,3808.99,15.81,3809.13,16.43
1753769329206,06:08:49.206,bitget,ETH/USDT:USDT,3808.98,137.98,3808.97,44.37,3808.99,15.81,3809.13,16.43
1753769329307,06:08:49.307,bitget,ETH/USDT:USDT,3808.98,153.73,3808.97,44.37,3808.99,15.81,3809.13,16.43
1753769329406,06:08:49.406,bitget,ETH/USDT:USDT,3808.98,153.96,3808.97,31.37,3808.99,15.81,3809.13,16.43
1753769329506,06:08:49.506,bitget,ETH/USDT:USDT,3808.98,138.21,3808.97,31.37,3808.99,15.81,3809.13,16.43
1753769329606,06:08:49.606,bitget,ETH/USDT:USDT,3808.98,137.98,3808.97,31.37,3808.99,15.81,3809.13,16.43
1753769329706,06:08:49.706,bitget,ETH/USDT:USDT,3808.98,137.98,3808.97,31.37,3808.99,15.81,3809.13,16.43
1753769329808,06:08:49.808,bitget,ETH/USDT:USDT,3808.98,137.98,3808.97,31.37,3808.99,14.06,3809.13,16.43
1753769329908,06:08:49.908,bitget,ETH/USDT:USDT,3808.98,137.98,3808.97,31.37,3808.99,7.27,3809.13,16.43
1753769330008,06:08:50.008,bitget,ETH/USDT:USDT,3808.98,137.98,3808.97,31.37,3808.99,7.27,3809.13,16.43
1753769330208,06:08:50.208,bitget,ETH/USDT:USDT,3808.98,137.98,3808.97,31.37,3808.99,7.27,3809.13,10.46
1753769330309,06:08:50.309,bitget,ETH/USDT:USDT,3808.98,137.98,3808.97,31.37,3808.99,7.27,3809.13,10.46
1753769330408,06:08:50.408,bitget,ETH/USDT:USDT,3808.98,139.39,3808.97,31.37,3808.99,6.09,3809.13,10.46
1753769330510,06:08:50.510,bitget,ETH/USDT:USDT,3808.98,139.39,3808.97,31.37,3808.99,6.09,3809.13,10.46
1753769330610,06:08:50.610,bitget,ETH/USDT:USDT,3808.98,139.16,3808.97,31.37,3808.99,6.09,3809.13,10.46
1753769330811,06:08:50.811,bitget,ETH/USDT:USDT,3808.98,139.16,3808.97,31.37,3808.99,6.09,3809.13,10.46
1753769330911,06:08:50.911,bitget,ETH/USDT:USDT,3808.98,139.39,3808.97,31.37,3808.99,6.09,3809.13,10.46
1753769331012,06:08:51.012,bitget,ETH/USDT:USDT,3808.98,139.16,3808.97,31.37,3808.99,6.09,3809.13,10.46
1753769331112,06:08:51.112,bitget,ETH/USDT:USDT,3808.98,139.16,3808.97,31.37,3808.99,6.09,3809.13,10.46
1753769331212,06:08:51.212,bitget,ETH/USDT:USDT,3808.98,139.16,3808.97,31.37,3808.99,6.09,3809.13,10.46
1753769331412,06:08:51.412,bitget,ETH/USDT:USDT,3808.98,139.16,3808.97,31.37,3808.99,6.44,3809.13,10.46
1753769331615,06:08:51.615,bitget,ETH/USDT:USDT,3808.98,139.16,3808.97,31.37,3808.99,6.44,3809.13,14.67
1753769331715,06:08:51.715,bitget,ETH/USDT:USDT,3808.98,139.16,3808.97,31.37,3808.99,6.44,3809.12,29.8
1753769331815,06:08:51.815,bitget,ETH/USDT:USDT,3808.98,139.16,3808.97,31.37,3808.99,6.44,3809.11,8.94
1753769331917,06:08:51.917,bitget,ETH/USDT:USDT,3808.98,113.51,3808.97,31.37,3808.99,29.02,3809.11,8.94
1753769332016,06:08:52.016,bitget,ETH/USDT:USDT,3808.98,113.51,3808.97,9.35,3808.99,30.9,3809.11,8.94
1753769332116,06:08:52.116,bitget,ETH/USDT:USDT,3808.98,113.51,3808.97,9.35,3808.99,30.9,3809.11,8.94
1753769332217,06:08:52.217,bitget,ETH/USDT:USDT,3808.98,113.51,3808.97,9.35,3808.99,26.3,3809.11,8.94
1753769332316,06:08:52.316,bitget,ETH/USDT:USDT,3808.98,113.51,3808.97,4.63,3808.99,26.25,3809.11,8.94
1753769332416,06:08:52.416,bitget,ETH/USDT:USDT,3808.98,113.51,3808.97,4.63,3808.99,26.25,3809.11,8.94
1753769332516,06:08:52.516,bitget,ETH/USDT:USDT,3808.98,113.51,3808.97,4.63,3808.99,26.2,3809.11,8.94
1753769332616,06:08:52.616,bitget,ETH/USDT:USDT,3808.98,113.51,3808.97,4.63,3808.99,26.2,3809.11,8.94
1753769332716,06:08:52.716,bitget,ETH/USDT:USDT,3808.98,112.78,3808.97,4.63,3808.99,26.2,3809.11,8.94
1753769332816,06:08:52.816,bitget,ETH/USDT:USDT,3808.98,112.78,3808.97,4.63,3808.99,26.2,3809.11,8.94
1753769332917,06:08:52.917,bitget,ETH/USDT:USDT,3808.98,112.78,3808.97,4.63,3808.99,24.32,3809.11,8.94
1753769333018,06:08:53.018,bitget,ETH/USDT:USDT,3808.98,112.78,3808.97,4.63,3808.99,26.2,3809.11,8.94
1753769333118,06:08:53.118,bitget,ETH/USDT:USDT,3808.98,112.78,3808.97,4.63,3808.99,26.2,3809.11,8.94
1753769333220,06:08:53.220,bitget,ETH/USDT:USDT,3808.98,109.2,3808.97,4.63,3808.99,24.32,3809.11,8.94
1753769333320,06:08:53.320,bitget,ETH/USDT:USDT,3808.98,109.2,3808.97,4.63,3808.99,26.15,3809.11,8.94
1753769333421,06:08:53.421,bitget,ETH/USDT:USDT,3808.98,17.56,3808.74,34.76,3808.99,120.83,3809.1,33.42
1753769333621,06:08:53.621,bitget,ETH/USDT:USDT,3808.34,102.8,3808.33,0.08,3808.52,1.31,3808.54,26.79
1753769333722,06:08:53.722,bitget,ETH/USDT:USDT,3808.34,73.31,3808.33,15.5,3808.35,86.8,3808.41,1.28
1753769333822,06:08:53.822,bitget,ETH/USDT:USDT,3808.34,222.49,3808.33,15.5,3808.35,96.63,3808.51,37.33
1753769333922,06:08:53.922,bitget,ETH/USDT:USDT,3808.34,222.42,3808.33,15.5,3808.35,73.1,3808.46,19.69
1753769334224,06:08:54.224,bitget,ETH/USDT:USDT,3808.34,147.67,3808.33,15.5,3808.35,100.49,3808.45,11.41
1753769334327,06:08:54.327,bitget,ETH/USDT:USDT,3808.34,96.58,3808.33,15.5,3808.35,100.63,3808.45,5.5
1753769334427,06:08:54.427,bitget,ETH/USDT:USDT,3808.34,129.95,3808.33,15.5,3808.35,100.63,3808.45,5.5
1753769334527,06:08:54.527,bitget,ETH/USDT:USDT,3808.34,107.64,3808.33,0.08,3808.35,100.48,3808.45,5.5
1753769334629,06:08:54.629,bitget,ETH/USDT:USDT,3808.34,107.55,3808.2,36.34,3808.35,100.62,3808.45,3.12
1753769334729,06:08:54.729,bitget,ETH/USDT:USDT,3808.34,107.55,3808.2,36.34,3808.35,102.38,3808.45,3.12
1753769334829,06:08:54.829,bitget,ETH/USDT:USDT,3808.34,64.04,3808.2,36.34,3808.35,100.61,3808.45,5.11
1753769334930,06:08:54.930,bitget,ETH/USDT:USDT,3808.34,107.57,3808.2,36.34,3808.35,100.61,3808.45,5.11
1753769335030,06:08:55.030,bitget,ETH/USDT:USDT,3808.34,111.56,3808.2,36.34,3808.35,102.25,3808.45,5.11
1753769335133,06:08:55.133,bitget,ETH/USDT:USDT,3808.34,111.56,3808.2,36.34,3808.35,102.25,3808.45,5.11
1753769335233,06:08:55.233,bitget,ETH/USDT:USDT,3808.34,111.21,3808.2,36.34,3808.35,113.41,3808.45,5.11
1753769335334,06:08:55.334,bitget,ETH/USDT:USDT,3808.34,111.21,3808.18,18.0,3808.35,102.27,3808.45,5.11
1753769335535,06:08:55.535,bitget,ETH/USDT:USDT,3808.34,107.22,3808.19,13.9,3808.35,137.27,3808.45,5.11
1753769335638,06:08:55.638,bitget,ETH/USDT:USDT,3808.34,107.22,3808.19,13.9,3808.35,110.01,3808.45,5.11
1753769335738,06:08:55.738,bitget,ETH/USDT:USDT,3808.34,107.22,3808.19,13.9,3808.35,102.25,3808.45,5.11
1753769335838,06:08:55.838,bitget,ETH/USDT:USDT,3808.34,107.22,3808.19,13.9,3808.35,102.25,3808.45,5.11
1753769335939,06:08:55.939,bitget,ETH/USDT:USDT,3808.34,107.22,3808.19,13.9,3808.35,102.63,3808.45,5.11
1753769336039,06:08:56.039,bitget,ETH/USDT:USDT,3808.34,107.22,3808.19,13.9,3808.35,102.63,3808.45,5.11
1753769336142,06:08:56.142,bitget,ETH/USDT:USDT,3808.34,107.22,3808.19,13.9,3808.35,104.22,3808.45,5.11
1753769336242,06:08:56.242,bitget,ETH/USDT:USDT,3808.34,107.22,3808.19,13.9,3808.35,104.86,3808.45,5.11
1753769336342,06:08:56.342,bitget,ETH/USDT:USDT,3808.34,107.22,3808.19,13.9,3808.35,104.88,3808.45,5.11
1753769336442,06:08:56.442,bitget,ETH/USDT:USDT,3808.34,111.21,3808.19,13.9,3808.35,102.22,3808.45,5.11
1753769336746,06:08:56.746,bitget,ETH/USDT:USDT,3808.0,1.29,3807.83,26.32,3808.01,142.01,3808.02,3.84
1753769336846,06:08:56.846,bitget,ETH/USDT:USDT,3808.0,18.85,3807.61,18.0,3808.01,203.36,3808.04,1.73
1753769336946,06:08:56.946,bitget,ETH/USDT:USDT,3808.0,62.37,3807.62,10.03,3808.01,203.36,3808.18,41.27
1753769337046,06:08:57.046,bitget,ETH/USDT:USDT,3808.0,62.37,3807.63,12.9,3808.01,203.36,3808.17,15.42
1753769337146,06:08:57.146,bitget,ETH/USDT:USDT,3808.0,62.37,3807.63,12.9,3808.01,203.36,3808.16,4.63
1753769337246,06:08:57.246,bitget,ETH/USDT:USDT,3808.0,62.38,3807.63,12.9,3808.01,203.35,3808.16,4.63
1753769337346,06:08:57.346,bitget,ETH/USDT:USDT,3808.0,62.38,3807.63,12.9,3808.01,203.35,3808.16,4.63
1753769337448,06:08:57.448,bitget,ETH/USDT:USDT,3808.0,62.38,3807.64,13.9,3808.01,203.35,3808.16,4.63
1753769337548,06:08:57.548,bitget,ETH/USDT:USDT,3808.0,0.06,3807.89,17.56,3808.01,203.35,3808.16,4.63
1753769337648,06:08:57.648,bitget,ETH/USDT:USDT,3808.0,0.06,3807.9,43.51,3808.01,203.35,3808.16,4.63
1753769337749,06:08:57.749,bitget,ETH/USDT:USDT,3808.0,0.06,3807.9,43.51,3808.01,203.35,3808.16,4.63
1753769337849,06:08:57.849,bitget,ETH/USDT:USDT,3808.0,0.05,3807.89,17.56,3808.01,203.44,3808.16,4.63
1753769337949,06:08:57.949,bitget,ETH/USDT:USDT,3808.0,0.05,3807.89,17.56,3808.01,203.44,3808.16,4.63
1753769338049,06:08:58.049,bitget,ETH/USDT:USDT,3808.0,0.05,3807.89,17.56,3808.01,203.42,3808.16,4.63
1753769338150,06:08:58.150,bitget,ETH/USDT:USDT,3808.0,0.06,3807.89,17.56,3808.01,203.43,3808.16,4.63
1753769338250,06:08:58.250,bitget,ETH/USDT:USDT,3808.0,0.06,3807.89,17.56,3808.01,203.43,3808.16,4.63
1753769338350,06:08:58.350,bitget,ETH/USDT:USDT,3808.0,0.06,3807.89,17.56,3808.01,203.43,3808.16,4.63
1753769338450,06:08:58.450,bitget,ETH/USDT:USDT,3808.0,0.06,3807.89,17.56,3808.01,203.43,3808.16,4.63
1753769338552,06:08:58.552,bitget,ETH/USDT:USDT,3808.0,0.06,3807.89,17.56,3808.01,203.43,3808.16,4.63
1753769338653,06:08:58.653,bitget,ETH/USDT:USDT,3808.0,0.06,3807.89,17.56,3808.01,191.35,3808.16,4.63
1753769338753,06:08:58.753,bitget,ETH/USDT:USDT,3808.0,1.3,3807.89,17.56,3808.01,191.35,3808.16,4.63
1753769338853,06:08:58.853,bitget,ETH/USDT:USDT,3808.0,1.3,3807.89,17.56,3808.01,191.35,3808.16,4.63
1753769338954,06:08:58.954,bitget,ETH/USDT:USDT,3808.0,1.3,3807.89,17.56,3808.01,191.35,3808.16,4.63
1753769339054,06:08:59.054,bitget,ETH/USDT:USDT,3808.0,7.5,3807.89,17.56,3808.01,191.35,3808.16,4.63
1753769339158,06:08:59.158,bitget,ETH/USDT:USDT,3808.0,7.5,3807.89,17.56,3808.01,191.35,3808.16,4.63
1753769339258,06:08:59.258,bitget,ETH/USDT:USDT,3808.0,7.5,3807.89,17.56,3808.01,191.35,3808.16,4.63
1753769339361,06:08:59.361,bitget,ETH/USDT:USDT,3808.0,7.5,3807.89,17.56,3808.01,191.35,3808.16,4.63
1753769339462,06:08:59.462,bitget,ETH/USDT:USDT,3808.0,7.5,3807.89,17.56,3808.01,185.87,3808.16,4.63
1753769339563,06:08:59.563,bitget,ETH/USDT:USDT,3808.0,7.5,3807.89,17.56,3808.01,185.75,3808.16,4.63
1753769339663,06:08:59.663,bitget,ETH/USDT:USDT,3808.0,7.5,3807.89,17.56,3808.01,185.75,3808.16,4.63
1753769339763,06:08:59.763,bitget,ETH/USDT:USDT,3808.0,58.98,3807.9,28.32,3808.01,42.43,3808.16,4.63
1753769339863,06:08:59.863,bitget,ETH/USDT:USDT,3808.16,2.63,3808.15,35.0,3808.18,1.3,3808.35,61.41
1753769339964,06:08:59.964,bitget,ETH/USDT:USDT,3808.17,93.11,3808.16,7.44,3808.18,75.25,3808.34,35.11
1753769340063,06:09:00.063,bitget,ETH/USDT:USDT,3808.17,73.71,3808.02,46.54,3808.18,118.67,3808.33,28.96
1753769340163,06:09:00.163,bitget,ETH/USDT:USDT,3808.17,33.85,3808.03,16.25,3808.18,119.02,3808.33,18.42
1753769340263,06:09:00.263,bitget,ETH/USDT:USDT,3808.17,17.29,3808.03,6.16,3808.18,158.48,3808.33,18.42
1753769340363,06:09:00.363,bitget,ETH/USDT:USDT,3808.17,14.72,3808.03,2.29,3808.18,149.97,3808.33,5.37
1753769340463,06:09:00.463,bitget,ETH/USDT:USDT,3808.17,14.72,3808.03,2.29,3808.18,142.33,3808.33,5.37
1753769340565,06:09:00.565,bitget,ETH/USDT:USDT,3808.17,14.72,3808.03,2.29,3808.18,149.15,3808.33,5.37
1753769340665,06:09:00.665,bitget,ETH/USDT:USDT,3808.17,14.72,3808.03,2.29,3808.18,147.07,3808.33,5.37
1753769340765,06:09:00.765,bitget,ETH/USDT:USDT,3808.17,14.72,3808.03,2.29,3808.18,147.07,3808.33,5.37
1753769340865,06:09:00.865,bitget,ETH/USDT:USDT,3808.17,14.72,3808.03,2.29,3808.18,147.07,3808.33,5.37
1753769340966,06:09:00.966,bitget,ETH/USDT:USDT,3808.17,14.72,3808.04,6.2,3808.18,153.65,3808.33,5.37
1753769341067,06:09:01.067,bitget,ETH/USDT:USDT,3808.17,14.72,3808.04,6.2,3808.18,157.03,3808.33,5.37
1753769341167,06:09:01.167,bitget,ETH/USDT:USDT,3808.17,23.31,3808.04,6.2,3808.18,71.62,3808.33,5.37
1753769341268,06:09:01.268,bitget,ETH/USDT:USDT,3808.17,10.56,3808.0,4.04,3808.18,102.71,3808.33,5.37
1753769341368,06:09:01.368,bitget,ETH/USDT:USDT,3808.17,10.56,3808.0,4.04,3808.18,102.71,3808.33,5.37
1753769341468,06:09:01.468,bitget,ETH/USDT:USDT,3808.17,10.56,3808.01,1.21,3808.18,100.83,3808.33,5.37
1753769341568,06:09:01.568,bitget,ETH/USDT:USDT,3808.17,10.56,3808.01,1.21,3808.18,100.95,3808.33,5.37
1753769341670,06:09:01.670,bitget,ETH/USDT:USDT,3808.17,10.56,3808.01,1.21,3808.18,100.83,3808.33,5.37
1753769341872,06:09:01.872,bitget,ETH/USDT:USDT,3808.17,19.23,3808.02,59.07,3808.18,61.68,3808.33,5.37
1753769341972,06:09:01.972,bitget,ETH/USDT:USDT,3808.17,25.43,3808.03,30.16,3808.18,61.68,3808.33,5.37
1753769342073,06:09:02.073,bitget,ETH/USDT:USDT,3808.17,25.43,3808.03,30.16,3808.18,61.68,3808.33,5.37
1753769342173,06:09:02.173,bitget,ETH/USDT:USDT,3808.17,20.69,3808.03,30.16,3808.18,61.68,3808.33,5.37
1753769342273,06:09:02.273,bitget,ETH/USDT:USDT,3808.17,16.76,3808.03,30.16,3808.18,69.25,3808.33,5.37
1753769342373,06:09:02.373,bitget,ETH/USDT:USDT,3808.17,5.33,3808.0,4.04,3808.18,83.63,3808.33,5.37
1753769342473,06:09:02.473,bitget,ETH/USDT:USDT,3807.93,43.39,3807.89,17.56,3807.94,76.35,3807.96,1.84
1753769342573,06:09:02.573,bitget,ETH/USDT:USDT,3807.93,1.24,3807.89,17.56,3807.94,229.26,3808.03,23.7
1753769342673,06:09:02.673,bitget,ETH/USDT:USDT,3807.93,0.75,3807.89,17.56,3807.94,252.26,3808.03,33.35
1753769342873,06:09:02.873,bitget,ETH/USDT:USDT,3807.93,0.76,3807.89,17.56,3807.94,243.53,3808.03,23.7
1753769343075,06:09:03.075,bitget,ETH/USDT:USDT,3807.89,17.3,3807.75,43.48,3807.9,332.0,3807.93,40.41
1753769343176,06:09:03.176,bitget,ETH/USDT:USDT,3807.61,18.0,3807.52,0.08,3807.63,0.96,3807.64,5.24
1753769343277,06:09:03.277,bitget,ETH/USDT:USDT,3807.61,44.89,3807.52,0.08,3807.62,156.64,3807.63,73.24
1753769343376,06:09:03.376,bitget,ETH/USDT:USDT,3807.61,17.57,3807.52,0.08,3807.62,196.42,3807.8,0.08
1753769343477,06:09:03.477,bitget,ETH/USDT:USDT,3807.61,17.57,3807.5,12.9,3807.62,203.53,3807.8,0.08
1753769343576,06:09:03.576,bitget,ETH/USDT:USDT,3807.36,1.76,3807.33,18.0,3807.45,1.44,3807.5,20.0
1753769343676,06:09:03.676,bitget,ETH/USDT:USDT,3807.22,0.01,3807.21,35.6,3807.25,1.44,3807.31,13.93
1753769343878,06:09:03.878,bitget,ETH/USDT:USDT,3807.22,120.82,3807.21,35.6,3807.23,160.14,3807.24,31.05
1753769343978,06:09:03.978,bitget,ETH/USDT:USDT,3807.22,109.94,3807.19,12.9,3807.23,161.58,3807.24,11.34
1753769344078,06:09:04.078,bitget,ETH/USDT:USDT,3807.22,65.05,3807.19,12.9,3807.23,166.36,3807.24,11.34
1753769344179,06:09:04.179,bitget,ETH/USDT:USDT,3807.22,68.99,3807.14,84.95,3807.23,106.93,3807.24,9.35
1753769344280,06:09:04.280,bitget,ETH/USDT:USDT,3807.22,149.88,3807.15,45.4,3807.23,87.46,3807.24,0.48
1753769344381,06:09:04.381,bitget,ETH/USDT:USDT,3807.22,149.65,3807.16,23.65,3807.23,80.11,3807.24,0.48
1753769344481,06:09:04.481,bitget,ETH/USDT:USDT,3807.22,149.88,3807.16,13.9,3807.23,75.64,3807.24,0.48
1753769344581,06:09:04.581,bitget,ETH/USDT:USDT,3807.22,149.65,3807.16,13.9,3807.23,55.95,3807.24,0.48
1753769344683,06:09:04.683,bitget,ETH/USDT:USDT,3807.22,149.65,3807.16,13.9,3807.23,55.95,3807.29,5.91
1753769344785,06:09:04.785,bitget,ETH/USDT:USDT,3807.22,149.88,3807.16,13.9,3807.23,55.95,3807.29,5.91
1753769344890,06:09:04.890,bitget,ETH/USDT:USDT,3807.22,149.65,3807.16,13.9,3807.23,55.95,3807.29,5.91
1753769344990,06:09:04.990,bitget,ETH/USDT:USDT,3807.22,149.88,3807.16,13.9,3807.23,55.95,3807.29,5.91
1753769345090,06:09:05.090,bitget,ETH/USDT:USDT,3807.22,149.86,3807.16,13.9,3807.23,55.95,3807.29,5.91
1753769345190,06:09:05.190,bitget,ETH/USDT:USDT,3807.22,149.86,3807.16,13.9,3807.23,38.63,3807.29,5.91
1753769345292,06:09:05.292,bitget,ETH/USDT:USDT,3807.22,149.63,3807.16,10.05,3807.23,38.55,3807.29,5.91
1753769345392,06:09:05.392,bitget,ETH/USDT:USDT,3807.22,149.86,3807.16,10.05,3807.23,38.55,3807.29,5.91
1753769345492,06:09:05.492,bitget,ETH/USDT:USDT,3807.22,149.86,3807.16,10.05,3807.23,8.04,3807.29,5.91
1753769345592,06:09:05.592,bitget,ETH/USDT:USDT,3807.22,149.97,3807.16,10.05,3807.23,8.04,3807.29,5.91
1753769345693,06:09:05.693,bitget,ETH/USDT:USDT,3807.22,149.74,3807.16,10.05,3807.23,8.04,3807.29,0.48
1753769345795,06:09:05.795,bitget,ETH/USDT:USDT,3807.22,149.97,3807.16,10.05,3807.23,8.04,3807.29,0.48
1753769345895,06:09:05.895,bitget,ETH/USDT:USDT,3807.22,149.74,3807.16,10.05,3807.23,8.04,3807.29,0.48
1753769345996,06:09:05.996,bitget,ETH/USDT:USDT,3807.22,149.97,3807.16,10.05,3807.23,8.04,3807.29,0.48
1753769346095,06:09:06.095,bitget,ETH/USDT:USDT,3807.22,149.97,3807.16,10.05,3807.23,8.04,3807.29,9.54
1753769346196,06:09:06.196,bitget,ETH/USDT:USDT,3807.22,139.51,3807.16,10.05,3807.23,8.04,3807.29,9.54
1753769346296,06:09:06.296,bitget,ETH/USDT:USDT,3807.22,68.43,3807.17,74.84,3807.23,12.64,3807.29,9.54
1753769346396,06:09:06.396,bitget,ETH/USDT:USDT,3807.22,68.43,3807.18,36.37,3807.23,18.03,3807.29,9.54
1753769346496,06:09:06.496,bitget,ETH/USDT:USDT,3807.22,68.43,3807.18,36.37,3807.23,18.03,3807.29,9.54
1753769346596,06:09:06.596,bitget,ETH/USDT:USDT,3807.22,68.43,3807.18,36.37,3807.23,18.03,3807.29,9.54
1753769346697,06:09:06.697,bitget,ETH/USDT:USDT,3807.22,68.43,3807.19,59.09,3807.23,16.57,3807.29,9.54
1753769346797,06:09:06.797,bitget,ETH/USDT:USDT,3807.22,143.27,3807.2,36.37,3807.23,16.57,3807.29,9.54
1753769346900,06:09:06.900,bitget,ETH/USDT:USDT,3807.22,143.27,3807.2,13.92,3807.23,12.64,3807.29,5.04
1753769346999,06:09:06.999,bitget,ETH/USDT:USDT,3807.22,143.27,3807.2,13.92,3807.23,12.64,3807.29,0.48
1753769347100,06:09:07.100,bitget,ETH/USDT:USDT,3807.22,143.5,3807.2,13.92,3807.23,12.64,3807.29,0.48
1753769347200,06:09:07.200,bitget,ETH/USDT:USDT,3807.22,143.27,3807.2,13.92,3807.23,12.99,3807.29,0.48
1753769347300,06:09:07.300,bitget,ETH/USDT:USDT,3807.22,143.27,3807.2,13.92,3807.23,12.99,3807.29,0.48
1753769347500,06:09:07.500,bitget,ETH/USDT:USDT,3807.22,143.27,3807.2,13.92,3807.23,12.99,3807.29,0.48
1753769347602,06:09:07.602,bitget,ETH/USDT:USDT,3807.22,143.27,3807.2,13.92,3807.23,12.99,3807.29,0.48
1753769347702,06:09:07.702,bitget,ETH/USDT:USDT,3807.22,84.18,3807.2,13.92,3807.23,12.99,3807.29,0.48
1753769347802,06:09:07.802,bitget,ETH/USDT:USDT,3807.22,62.23,3807.2,29.91,3807.23,36.94,3807.29,0.48
1753769347902,06:09:07.902,bitget,ETH/USDT:USDT,3807.22,25.61,3807.21,6.2,3807.23,60.92,3807.29,0.48
1753769348004,06:09:08.004,bitget,ETH/USDT:USDT,3807.22,25.61,3807.21,6.2,3807.23,56.49,3807.29,15.44
1753769348706,06:09:08.706,bitget,ETH/USDT:USDT,3807.22,99.67,3807.21,6.2,3807.23,30.57,3807.29,0.48
1753769348807,06:09:08.807,bitget,ETH/USDT:USDT,3807.22,99.67,3807.21,6.2,3807.23,30.45,3807.29,0.48
1753769348908,06:09:08.908,bitget,ETH/USDT:USDT,3807.22,99.67,3807.21,6.2,3807.23,30.45,3807.29,0.48
1753769349007,06:09:09.007,bitget,ETH/USDT:USDT,3807.22,99.67,3807.21,6.2,3807.23,28.69,3807.29,11.48
1753769349107,06:09:09.107,bitget,ETH/USDT:USDT,3807.22,99.67,3807.21,6.2,3807.23,28.69,3807.29,11.48
1753769349309,06:09:09.309,bitget,ETH/USDT:USDT,3807.22,99.67,3807.21,6.2,3807.23,28.69,3807.29,6.32
1753769349411,06:09:09.411,bitget,ETH/USDT:USDT,3807.22,99.67,3807.21,6.2,3807.23,28.69,3807.29,6.32
1753769349510,06:09:09.510,bitget,ETH/USDT:USDT,3807.22,99.67,3807.21,6.2,3807.23,28.69,3807.29,6.32
1753769349613,06:09:09.613,bitget,ETH/USDT:USDT,3807.22,99.67,3807.21,6.2,3807.23,28.69,3807.29,6.32
1753769349712,06:09:09.712,bitget,ETH/USDT:USDT,3807.14,43.44,3807.13,17.57,3807.22,14.47,3807.23,97.89
1753769349812,06:09:09.812,bitget,ETH/USDT:USDT,3807.14,88.34,3807.13,17.57,3807.15,156.23,3807.17,2.56
1753769349913,06:09:09.913,bitget,ETH/USDT:USDT,3807.14,88.35,3807.13,17.57,3807.15,197.88,3807.19,15.42
1753769350012,06:09:10.012,bitget,ETH/USDT:USDT,3807.14,43.44,3807.13,17.57,3807.15,191.07,3807.19,15.42
1753769350112,06:09:10.112,bitget,ETH/USDT:USDT,3807.14,43.45,3807.13,17.57,3807.15,183.5,3807.19,15.42
1753769350213,06:09:10.213,bitget,ETH/USDT:USDT,3807.13,17.57,3807.0,0.01,3807.14,58.8,3807.15,183.51
1753769350313,06:09:10.313,bitget,ETH/USDT:USDT,3807.13,62.47,3807.06,43.42,3807.14,142.07,3807.15,63.19
1753769350414,06:09:10.414,bitget,ETH/USDT:USDT,3807.13,62.48,3807.06,43.42,3807.14,144.74,3807.15,63.17
1753769350516,06:09:10.516,bitget,ETH/USDT:USDT,3807.13,17.57,3807.06,43.42,3807.14,134.65,3807.15,63.17
1753769350618,06:09:10.618,bitget,ETH/USDT:USDT,3807.13,17.58,3807.06,43.42,3807.14,142.24,3807.15,63.17
1753769350719,06:09:10.719,bitget,ETH/USDT:USDT,3807.13,17.58,3807.06,43.42,3807.14,132.97,3807.15,63.17
1753769350820,06:09:10.820,bitget,ETH/USDT:USDT,3807.13,17.58,3807.06,43.42,3807.14,158.81,3807.15,49.38
1753769350921,06:09:10.921,bitget,ETH/USDT:USDT,3807.13,17.58,3807.07,6.2,3807.14,141.89,3807.15,49.38
1753769351022,06:09:11.022,bitget,ETH/USDT:USDT,3807.13,17.58,3807.07,6.2,3807.14,99.51,3807.15,49.38
1753769351123,06:09:11.123,bitget,ETH/USDT:USDT,3807.13,27.49,3807.07,6.2,3807.14,80.88,3807.15,46.6
1753769351326,06:09:11.326,bitget,ETH/USDT:USDT,3807.13,29.48,3807.09,42.01,3807.14,76.93,3807.15,38.05
1753769351427,06:09:11.427,bitget,ETH/USDT:USDT,3807.13,29.48,3807.09,42.01,3807.14,76.93,3807.15,38.05
1753769351530,06:09:11.530,bitget,ETH/USDT:USDT,3807.13,41.5,3807.09,42.01,3807.14,74.37,3807.15,38.05
1753769351632,06:09:11.632,bitget,ETH/USDT:USDT,3807.13,60.1,3807.09,42.01,3807.14,74.37,3807.15,38.05
1753769351732,06:09:11.732,bitget,ETH/USDT:USDT,3807.13,59.4,3807.09,42.01,3807.14,70.91,3807.15,38.05
1753769351832,06:09:11.832,bitget,ETH/USDT:USDT,3807.13,26.68,3807.09,42.01,3807.14,70.91,3807.15,34.06
1753769351934,06:09:11.934,bitget,ETH/USDT:USDT,3807.13,31.7,3807.09,42.01,3807.14,70.91,3807.15,34.06
1753769352037,06:09:12.037,bitget,ETH/USDT:USDT,3807.13,31.7,3807.09,42.01,3807.14,70.38,3807.15,34.06
1753769352138,06:09:12.138,bitget,ETH/USDT:USDT,3807.13,38.48,3807.09,57.76,3807.14,70.38,3807.15,34.06
1753769352239,06:09:12.239,bitget,ETH/USDT:USDT,3807.13,33.21,3807.09,57.76,3807.14,63.59,3807.15,34.06
1753769352339,06:09:12.339,bitget,ETH/USDT:USDT,3807.13,23.53,3807.09,57.76,3807.14,63.59,3807.15,34.06
1753769352439,06:09:12.439,bitget,ETH/USDT:USDT,3807.13,70.16,3807.1,18.0,3807.14,5.0,3807.23,0.55
1753769352539,06:09:12.539,bitget,ETH/USDT:USDT,3807.13,208.97,3807.1,18.0,3807.14,5.0,3807.23,0.55
1753769352639,06:09:12.639,bitget,ETH/USDT:USDT,3807.22,85.0,3807.2,15.0,3807.23,0.55,3807.59,19.69
1753769352739,06:09:12.739,bitget,ETH/USDT:USDT,3807.22,344.8,3807.14,89.61,3807.23,0.55,3807.6,17.62
1753769352839,06:09:12.839,bitget,ETH/USDT:USDT,3807.22,329.8,3807.15,59.63,3807.23,0.55,3807.64,11.18
1753769352939,06:09:12.939,bitget,ETH/USDT:USDT,3807.22,329.56,3807.15,32.74,3807.23,0.58,3807.64,11.18
1753769353039,06:09:13.039,bitget,ETH/USDT:USDT,3807.22,279.56,3807.15,32.74,3807.23,0.58,3807.64,11.18
1753769353139,06:09:13.139,bitget,ETH/USDT:USDT,3807.22,279.79,3807.15,32.74,3807.23,0.58,3807.64,11.18
1753769353239,06:09:13.239,bitget,ETH/USDT:USDT,3807.22,279.56,3807.15,32.74,3807.23,0.58,3807.64,11.18
1753769353339,06:09:13.339,bitget,ETH/USDT:USDT,3807.22,279.79,3807.15,32.74,3807.23,0.58,3807.64,11.18
1753769353439,06:09:13.439,bitget,ETH/USDT:USDT,3807.22,279.56,3807.15,32.74,3807.23,0.58,3807.64,11.18
1753769353540,06:09:13.540,bitget,ETH/USDT:USDT,3807.22,279.79,3807.15,32.74,3807.23,0.58,3807.64,11.18
1753769353641,06:09:13.641,bitget,ETH/USDT:USDT,3807.22,279.79,3807.15,32.74,3807.23,0.58,3807.64,11.18
1753769353742,06:09:13.742,bitget,ETH/USDT:USDT,3807.22,279.56,3807.15,32.74,3807.23,0.58,3807.64,11.18
1753769353842,06:09:13.842,bitget,ETH/USDT:USDT,3807.22,279.79,3807.15,32.74,3807.23,0.58,3807.64,11.18
1753769353942,06:09:13.942,bitget,ETH/USDT:USDT,3807.22,279.79,3807.15,32.74,3807.23,0.58,3807.63,30.4
1753769354042,06:09:14.042,bitget,ETH/USDT:USDT,3807.22,279.79,3807.15,32.74,3807.23,0.58,3807.62,20.3
1753769354142,06:09:14.142,bitget,ETH/USDT:USDT,3807.22,279.79,3807.15,32.74,3807.23,0.58,3807.62,20.3
1753769354243,06:09:14.243,bitget,ETH/USDT:USDT,3807.22,279.79,3807.15,32.74,3807.23,0.58,3807.62,20.3
1753769354343,06:09:14.343,bitget,ETH/USDT:USDT,3807.22,279.79,3807.15,32.74,3807.23,0.58,3807.62,20.3
1753769354444,06:09:14.444,bitget,ETH/USDT:USDT,3807.22,279.56,3807.15,32.74,3807.23,0.58,3807.62,20.3
1753769354546,06:09:14.546,bitget,ETH/USDT:USDT,3807.22,279.79,3807.15,32.74,3807.23,0.58,3807.62,20.3
1753769354646,06:09:14.646,bitget,ETH/USDT:USDT,3807.22,279.56,3807.15,32.74,3807.23,0.58,3807.62,20.3
1753769354747,06:09:14.747,bitget,ETH/USDT:USDT,3807.22,279.79,3807.15,32.74,3807.23,0.58,3807.62,20.3
1753769354948,06:09:14.948,bitget,ETH/USDT:USDT,3807.22,279.57,3807.15,32.74,3807.23,0.55,3807.6,17.66
1753769355049,06:09:15.049,bitget,ETH/USDT:USDT,3807.22,279.56,3807.15,32.74,3807.23,0.58,3807.6,17.66
1753769355150,06:09:15.150,bitget,ETH/USDT:USDT,3807.22,279.56,3807.15,32.74,3807.23,0.58,3807.6,11.18
1753769355251,06:09:15.251,bitget,ETH/USDT:USDT,3807.22,279.79,3807.15,32.74,3807.23,0.57,3807.6,11.18
1753769355351,06:09:15.351,bitget,ETH/USDT:USDT,3807.22,279.56,3807.15,32.74,3807.23,0.57,3807.6,11.18
1753769355451,06:09:15.451,bitget,ETH/USDT:USDT,3807.51,2.57,3807.49,15.42,3807.6,1.84,3807.65,2.63
1753769355552,06:09:15.552,bitget,ETH/USDT:USDT,3807.59,144.71,3807.53,1.84,3807.6,79.35,3807.72,17.57
1753769355652,06:09:15.652,bitget,ETH/USDT:USDT,3807.59,91.07,3807.52,57.31,3807.6,79.36,3807.7,12.98
1753769355753,06:09:15.753,bitget,ETH/USDT:USDT,3807.59,86.05,3807.52,41.98,3807.6,79.36,3807.7,5.27
1753769355852,06:09:15.852,bitget,ETH/USDT:USDT,3807.59,83.48,3807.53,6.2,3807.6,79.36,3807.7,5.27
1753769355953,06:09:15.953,bitget,ETH/USDT:USDT,3807.59,82.66,3807.53,6.2,3807.6,79.36,3807.7,5.27
1753769356053,06:09:16.053,bitget,ETH/USDT:USDT,3807.59,82.66,3807.53,6.2,3807.6,79.36,3807.7,5.27
1753769356155,06:09:16.155,bitget,ETH/USDT:USDT,3807.59,82.66,3807.53,6.2,3807.6,79.36,3807.7,5.27
1753769356254,06:09:16.254,bitget,ETH/USDT:USDT,3807.59,82.66,3807.53,6.2,3807.6,79.36,3807.7,5.27
1753769356355,06:09:16.355,bitget,ETH/USDT:USDT,3807.59,82.66,3807.53,6.2,3807.6,79.36,3807.7,5.27
1753769356456,06:09:16.456,bitget,ETH/USDT:USDT,3807.59,80.1,3807.54,15.75,3807.6,79.36,3807.7,5.27
1753769356656,06:09:16.656,bitget,ETH/USDT:USDT,3807.59,85.34,3807.53,59.08,3807.6,79.36,3807.7,5.27
1753769356756,06:09:16.756,bitget,ETH/USDT:USDT,3807.59,85.34,3807.54,30.95,3807.6,79.36,3807.7,5.27
1753769356857,06:09:16.857,bitget,ETH/USDT:USDT,3807.59,80.1,3807.54,30.95,3807.6,48.96,3807.7,5.27
1753769356958,06:09:16.958,bitget,ETH/USDT:USDT,3807.59,92.69,3807.54,30.95,3807.6,48.96,3807.7,5.27
1753769357059,06:09:17.059,bitget,ETH/USDT:USDT,3807.59,92.75,3807.54,30.95,3807.6,46.4,3807.7,5.27
1753769357159,06:09:17.159,bitget,ETH/USDT:USDT,3807.59,93.68,3807.54,30.95,3807.6,46.4,3807.7,5.27
1753769357259,06:09:17.259,bitget,ETH/USDT:USDT,3807.59,93.68,3807.54,30.95,3807.6,46.4,3807.7,5.27
1753769357360,06:09:17.360,bitget,ETH/USDT:USDT,3807.59,93.68,3807.54,30.95,3807.6,44.56,3807.7,5.27
1753769357561,06:09:17.561,bitget,ETH/USDT:USDT,3807.59,99.04,3807.55,15.75,3807.6,44.56,3807.7,5.27
1753769357661,06:09:17.661,bitget,ETH/USDT:USDT,3807.59,99.04,3807.55,15.75,3807.6,44.0,3807.7,5.27
1753769357761,06:09:17.761,bitget,ETH/USDT:USDT,3807.59,105.07,3807.55,15.75,3807.6,44.0,3807.7,5.27
1753769357861,06:09:17.861,bitget,ETH/USDT:USDT,3807.59,99.6,3807.55,15.75,3807.6,44.0,3807.69,19.0
1753769357962,06:09:17.962,bitget,ETH/USDT:USDT,3807.59,87.6,3807.55,15.75,3807.6,44.0,3807.69,19.0
1753769358062,06:09:18.062,bitget,ETH/USDT:USDT,3807.59,99.6,3807.55,15.75,3807.6,44.0,3807.69,19.0
1753769358163,06:09:18.163,bitget,ETH/USDT:USDT,3807.59,99.83,3807.55,15.75,3807.6,44.0,3807.69,19.0
1753769358262,06:09:18.262,bitget,ETH/USDT:USDT,3807.59,74.96,3807.54,30.95,3807.6,44.0,3807.69,19.0
1753769358362,06:09:18.362,bitget,ETH/USDT:USDT,3807.59,76.06,3807.54,30.95,3807.6,44.0,3807.69,19.0
1753769358462,06:09:18.462,bitget,ETH/USDT:USDT,3807.59,74.84,3807.54,30.95,3807.6,44.35,3807.69,19.0
1753769358562,06:09:18.562,bitget,ETH/USDT:USDT,3807.59,62.39,3807.54,30.95,3807.6,44.35,3807.69,19.0
1753769358663,06:09:18.663,bitget,ETH/USDT:USDT,3807.59,65.18,3807.54,13.22,3807.6,44.35,3807.68,10.97
1753769358864,06:09:18.864,bitget,ETH/USDT:USDT,3807.59,87.49,3807.55,59.08,3807.6,44.35,3807.68,5.27
1753769358963,06:09:18.963,bitget,ETH/USDT:USDT,3807.59,87.49,3807.56,26.22,3807.6,44.35,3807.68,5.27
1753769359063,06:09:19.063,bitget,ETH/USDT:USDT,3807.59,71.74,3807.56,26.22,3807.6,44.35,3807.68,5.27
1753769359163,06:09:19.163,bitget,ETH/USDT:USDT,3807.59,58.6,3807.56,26.22,3807.6,44.35,3807.68,5.27
1753769359263,06:09:19.263,bitget,ETH/USDT:USDT,3807.59,58.6,3807.56,13.22,3807.6,44.35,3807.68,5.27
1753769359364,06:09:19.364,bitget,ETH/USDT:USDT,3807.59,58.6,3807.56,13.22,3807.6,44.35,3807.68,5.27
1753769359663,06:09:19.663,bitget,ETH/USDT:USDT,3807.59,78.26,3807.56,24.57,3807.6,44.18,3807.68,5.27
1753769359763,06:09:19.763,bitget,ETH/USDT:USDT,3807.59,83.8,3807.56,24.57,3807.6,44.18,3807.68,5.27
1753769359863,06:09:19.863,bitget,ETH/USDT:USDT,3807.59,93.84,3807.56,24.57,3807.6,43.83,3807.68,5.27
1753769359965,06:09:19.965,bitget,ETH/USDT:USDT,3807.78,30.0,3807.71,25.0,3808.02,25.34,3808.16,18.0
1753769360064,06:09:20.064,bitget,ETH/USDT:USDT,3808.01,120.01,3807.9,1.16,3808.02,56.59,3808.16,18.0
1753769360164,06:09:20.164,bitget,ETH/USDT:USDT,3808.01,118.59,3807.9,1.16,3808.02,88.23,3808.07,43.32
1753769360264,06:09:20.264,bitget,ETH/USDT:USDT,3808.01,124.73,3807.9,1.16,3808.02,88.56,3808.06,13.0
1753769360365,06:09:20.365,bitget,ETH/USDT:USDT,3808.01,119.77,3807.81,7.42,3808.02,92.13,3808.06,13.0
1753769360465,06:09:20.465,bitget,ETH/USDT:USDT,3808.01,134.52,3807.91,59.08,3808.02,94.63,3808.06,13.0
1753769360565,06:09:20.565,bitget,ETH/USDT:USDT,3808.01,115.54,3807.92,40.89,3808.02,94.63,3808.06,13.0
1753769360665,06:09:20.665,bitget,ETH/USDT:USDT,3808.01,115.54,3807.92,25.14,3808.02,94.63,3808.06,13.0
1753769360765,06:09:20.765,bitget,ETH/USDT:USDT,3808.01,131.29,3807.92,25.14,3808.02,90.72,3808.06,13.0
1753769360866,06:09:20.866,bitget,ETH/USDT:USDT,3808.01,135.74,3807.93,15.75,3808.02,93.64,3808.06,13.0
1753769360967,06:09:20.967,bitget,ETH/USDT:USDT,3808.01,135.74,3807.93,15.75,3808.02,93.64,3808.06,13.0
1753769361072,06:09:21.072,bitget,ETH/USDT:USDT,3808.01,135.97,3807.94,59.08,3808.02,93.64,3808.06,13.0
1753769361174,06:09:21.174,bitget,ETH/USDT:USDT,3808.01,135.97,3807.95,37.4,3808.02,90.06,3808.06,13.0
1753769361275,06:09:21.275,bitget,ETH/USDT:USDT,3808.05,4.0,3808.02,14.12,3808.12,17.57,3808.38,34.85
1753769361376,06:09:21.376,bitget,ETH/USDT:USDT,3808.11,135.96,3808.06,0.23,3808.12,51.41,3808.25,43.31
1753769361477,06:09:21.477,bitget,ETH/USDT:USDT,3808.11,152.49,3808.06,0.23,3808.12,59.56,3808.21,19.69
1753769361577,06:09:21.577,bitget,ETH/USDT:USDT,3808.11,153.69,3808.03,29.13,3808.12,59.56,3808.21,19.69
1753769361677,06:09:21.677,bitget,ETH/USDT:USDT,3808.11,153.69,3808.03,29.13,3808.12,59.56,3808.21,19.69
1753769361777,06:09:21.777,bitget,ETH/USDT:USDT,3808.11,153.69,3808.03,29.13,3808.12,59.56,3808.21,19.69
1753769361877,06:09:21.877,bitget,ETH/USDT:USDT,3808.11,130.84,3808.04,15.75,3808.12,61.3,3808.21,19.69
1753769361978,06:09:21.978,bitget,ETH/USDT:USDT,3808.11,130.84,3808.05,13.79,3808.12,59.56,3808.21,19.69
1753769362077,06:09:22.077,bitget,ETH/USDT:USDT,3808.11,140.59,3808.05,26.04,3808.12,59.56,3808.2,17.45
1753769362177,06:09:22.177,bitget,ETH/USDT:USDT,3808.11,154.5,3808.05,26.04,3808.12,59.56,3808.2,17.45
1753769362278,06:09:22.278,bitget,ETH/USDT:USDT,3808.11,156.42,3808.06,59.07,3808.12,61.55,3808.2,17.45
1753769362377,06:09:22.377,bitget,ETH/USDT:USDT,3808.11,152.07,3808.07,23.04,3808.12,67.13,3808.2,17.45
1753769362477,06:09:22.477,bitget,ETH/USDT:USDT,3808.11,152.07,3808.07,23.04,3808.12,67.13,3808.2,17.45
1753769362577,06:09:22.577,bitget,ETH/USDT:USDT,3808.11,136.32,3808.08,15.75,3808.12,59.56,3808.2,17.45
1753769362678,06:09:22.678,bitget,ETH/USDT:USDT,3808.11,153.93,3808.07,23.04,3808.12,59.56,3808.2,17.45
1753769362781,06:09:22.781,bitget,ETH/USDT:USDT,3808.11,152.07,3808.07,23.04,3808.12,59.56,3808.19,8.6
1753769362881,06:09:22.881,bitget,ETH/USDT:USDT,3808.11,152.05,3808.08,59.07,3808.12,59.56,3808.19,8.6
1753769362981,06:09:22.981,bitget,ETH/USDT:USDT,3808.11,152.05,3808.09,28.67,3808.12,59.56,3808.2,17.45
1753769363182,06:09:23.182,bitget,ETH/USDT:USDT,3808.11,123.74,3808.09,28.67,3808.12,41.99,3808.2,17.45
1753769363283,06:09:23.283,bitget,ETH/USDT:USDT,3808.11,126.6,3808.09,28.67,3808.12,45.92,3808.2,17.45
1753769363382,06:09:23.382,bitget,ETH/USDT:USDT,3808.11,126.6,3808.09,28.67,3808.12,42.34,3808.2,17.45
1753769363483,06:09:23.483,bitget,ETH/USDT:USDT,3808.11,153.35,3808.09,28.67,3808.12,42.34,3808.2,11.18
1753769363583,06:09:23.583,bitget,ETH/USDT:USDT,3808.11,171.89,3808.09,20.13,3808.12,42.34,3808.2,22.77
1753769363684,06:09:23.684,bitget,ETH/USDT:USDT,3808.11,129.4,3808.09,20.13,3808.12,47.46,3808.2,22.77
1753769363785,06:09:23.785,bitget,ETH/USDT:USDT,3808.11,90.08,3808.09,20.13,3808.12,80.31,3808.19,30.4
1753769363886,06:09:23.886,bitget,ETH/USDT:USDT,3808.11,28.49,3808.09,7.13,3808.12,101.88,3808.19,30.4
1753769363986,06:09:23.986,bitget,ETH/USDT:USDT,3808.11,28.49,3808.02,2.41,3808.12,101.9,3808.18,25.71
1753769364087,06:09:24.087,bitget,ETH/USDT:USDT,3808.11,14.25,3808.02,2.41,3808.12,101.9,3808.18,25.71
1753769364187,06:09:24.187,bitget,ETH/USDT:USDT,3808.11,14.25,3808.02,2.41,3808.12,116.28,3808.19,30.4
1753769364287,06:09:24.287,bitget,ETH/USDT:USDT,3808.11,14.25,3808.02,2.41,3808.12,116.28,3808.19,30.4
1753769364387,06:09:24.387,bitget,ETH/USDT:USDT,3808.11,14.25,3808.02,2.41,3808.12,122.86,3808.19,30.4
1753769364688,06:09:24.688,bitget,ETH/USDT:USDT,3808.02,0.01,3807.79,8.97,3808.03,111.23,3808.11,35.26
1753769364789,06:09:24.789,bitget,ETH/USDT:USDT,3808.02,44.91,3807.85,43.29,3808.03,135.84,3808.11,60.91
1753769364891,06:09:24.891,bitget,ETH/USDT:USDT,3808.02,44.91,3807.86,16.21,3808.03,139.83,3808.1,23.19
1753769364993,06:09:24.993,bitget,ETH/USDT:USDT,3808.02,45.68,3807.86,16.21,3808.03,93.01,3808.1,9.69
1753769365096,06:09:25.096,bitget,ETH/USDT:USDT,3808.02,45.68,3807.86,16.21,3808.03,89.06,3808.1,9.69
1753769365198,06:09:25.198,bitget,ETH/USDT:USDT,3808.02,45.68,3807.86,16.21,3808.03,89.06,3808.1,9.69
1753769365299,06:09:25.299,bitget,ETH/USDT:USDT,3808.02,45.68,3807.86,16.21,3808.03,89.06,3808.1,9.69
1753769365400,06:09:25.400,bitget,ETH/USDT:USDT,3808.02,45.68,3807.86,16.21,3808.03,86.6,3808.09,30.4
1753769365500,06:09:25.500,bitget,ETH/USDT:USDT,3808.02,45.68,3807.86,16.21,3808.03,87.95,3808.08,16.13
1753769365601,06:09:25.601,bitget,ETH/USDT:USDT,3808.02,0.01,3807.85,43.29,3808.03,87.97,3808.08,16.13
1753769365702,06:09:25.702,bitget,ETH/USDT:USDT,3808.02,0.01,3807.79,1.05,3808.03,130.23,3808.07,30.4
1753769365803,06:09:25.803,bitget,ETH/USDT:USDT,3808.02,0.02,3807.65,17.57,3808.03,130.22,3808.06,16.9
1753769365903,06:09:25.903,bitget,ETH/USDT:USDT,3808.02,0.01,3807.69,43.28,3808.03,130.23,3808.06,16.9
1753769366003,06:09:26.003,bitget,ETH/USDT:USDT,3808.02,0.01,3807.59,43.28,3808.03,130.23,3808.06,16.9
1753769366103,06:09:26.103,bitget,ETH/USDT:USDT,3808.02,0.02,3807.6,61.61,3808.03,112.09,3808.06,24.68
1753769366203,06:09:26.203,bitget,ETH/USDT:USDT,3808.02,0.02,3807.64,1.76,3808.03,112.09,3808.06,24.68
1753769366304,06:09:26.304,bitget,ETH/USDT:USDT,3808.02,0.01,3807.64,1.76,3808.03,112.47,3808.06,24.68
1753769366404,06:09:26.404,bitget,ETH/USDT:USDT,3808.02,0.02,3807.59,43.28,3808.03,120.57,3808.06,24.68
1753769366504,06:09:26.504,bitget,ETH/USDT:USDT,3807.42,17.57,3807.41,32.73,3807.55,0.96,3807.6,149.81
1753769366604,06:09:26.604,bitget,ETH/USDT:USDT,3807.42,63.23,3807.31,15.42,3807.43,292.96,3807.45,2.53
1753769366704,06:09:26.704,bitget,ETH/USDT:USDT,3807.42,106.51,3807.31,15.42,3807.43,189.21,3807.45,2.53
1753769366804,06:09:26.804,bitget,ETH/USDT:USDT,3807.42,112.44,3807.32,5.74,3807.43,189.21,3807.45,2.53
1753769366907,06:09:26.907,bitget,ETH/USDT:USDT,3807.42,51.59,3807.33,43.28,3807.43,190.89,3807.45,2.53
1753769367007,06:09:27.007,bitget,ETH/USDT:USDT,3807.42,51.6,3807.34,28.72,3807.43,190.79,3807.45,2.53
1753769367107,06:09:27.107,bitget,ETH/USDT:USDT,3807.42,51.6,3807.34,28.72,3807.43,190.91,3807.45,2.53
1753769367207,06:09:27.207,bitget,ETH/USDT:USDT,3807.42,51.6,3807.34,28.72,3807.43,190.79,3807.45,2.53
1753769367308,06:09:27.308,bitget,ETH/USDT:USDT,3807.42,51.6,3807.34,28.72,3807.43,190.91,3807.45,2.53
1753769367408,06:09:27.408,bitget,ETH/USDT:USDT,3807.42,50.01,3807.34,28.72,3807.43,190.79,3807.45,2.53
1753769367510,06:09:27.510,bitget,ETH/USDT:USDT,3807.42,50.01,3807.34,28.72,3807.43,190.79,3807.45,2.53
1753769367609,06:09:27.609,bitget,ETH/USDT:USDT,3807.42,50.01,3807.34,8.52,3807.43,169.47,3807.45,2.53
1753769367709,06:09:27.709,bitget,ETH/USDT:USDT,3807.42,73.93,3807.34,22.95,3807.43,168.19,3807.45,2.53
1753769367809,06:09:27.809,bitget,ETH/USDT:USDT,3807.42,56.21,3807.34,22.95,3807.43,165.63,3807.45,2.53
1753769367911,06:09:27.911,bitget,ETH/USDT:USDT,3807.42,50.24,3807.35,12.9,3807.43,157.76,3807.45,2.53
1753769368011,06:09:28.011,bitget,ETH/USDT:USDT,3807.42,50.01,3807.35,12.9,3807.43,157.76,3807.45,2.53
1753769368111,06:09:28.111,bitget,ETH/USDT:USDT,3807.42,49.66,3807.35,12.9,3807.43,157.76,3807.45,2.53
1753769368311,06:09:28.311,bitget,ETH/USDT:USDT,3807.42,4.77,3807.35,12.9,3807.43,164.34,3807.45,2.53
1753769368411,06:09:28.411,bitget,ETH/USDT:USDT,3807.3,17.57,3807.23,3.7,3807.32,0.48,3807.34,7.27
1753769368511,06:09:28.511,bitget,ETH/USDT:USDT,3807.3,63.23,3807.23,3.62,3807.31,176.79,3807.32,57.13
1753769368912,06:09:28.912,bitget,ETH/USDT:USDT,3807.3,114.08,3807.23,3.62,3807.31,189.33,3807.32,13.99
1753769369013,06:09:29.013,bitget,ETH/USDT:USDT,3807.3,114.08,3807.23,3.62,3807.31,189.33,3807.32,13.99
1753769369114,06:09:29.114,bitget,ETH/USDT:USDT,3807.3,114.08,3807.23,3.62,3807.31,189.33,3807.32,13.99
1753769369215,06:09:29.215,bitget,ETH/USDT:USDT,3807.3,114.08,3807.23,3.62,3807.31,182.61,3807.32,3.58
1753769369315,06:09:29.315,bitget,ETH/USDT:USDT,3807.3,134.87,3807.24,15.75,3807.31,162.47,3807.32,3.58
1753769369416,06:09:29.416,bitget,ETH/USDT:USDT,3807.3,74.03,3807.23,3.62,3807.31,156.06,3807.32,3.58
1753769369517,06:09:29.517,bitget,ETH/USDT:USDT,3807.3,56.11,3807.23,3.62,3807.31,156.06,3807.32,3.58
1753769369617,06:09:29.617,bitget,ETH/USDT:USDT,3807.3,56.09,3807.23,3.62,3807.31,156.06,3807.32,3.58
1753769369718,06:09:29.718,bitget,ETH/USDT:USDT,3807.3,53.59,3807.24,6.2,3807.31,156.06,3807.32,3.58
1753769369819,06:09:29.819,bitget,ETH/USDT:USDT,3807.3,53.59,3807.24,6.2,3807.31,156.06,3807.32,3.58
1753769369920,06:09:29.920,bitget,ETH/USDT:USDT,3807.3,53.24,3807.23,37.59,3807.31,160.05,3807.32,3.58
1753769370020,06:09:30.020,bitget,ETH/USDT:USDT,3807.3,50.06,3807.23,37.59,3807.31,160.05,3807.32,3.58
1753769370120,06:09:30.120,bitget,ETH/USDT:USDT,3807.3,50.06,3807.23,37.59,3807.31,160.05,3807.32,3.58
1753769370220,06:09:30.220,bitget,ETH/USDT:USDT,3807.3,50.06,3807.23,37.59,3807.31,160.05,3807.32,3.58
1753769370321,06:09:30.321,bitget,ETH/USDT:USDT,3807.3,50.06,3807.23,37.59,3807.31,160.05,3807.32,3.58
1753769370422,06:09:30.422,bitget,ETH/USDT:USDT,3807.3,50.06,3807.23,37.59,3807.31,160.05,3807.32,3.58
1753769370523,06:09:30.523,bitget,ETH/USDT:USDT,3807.3,46.52,3807.23,37.59,3807.31,160.05,3807.32,3.58
1753769370624,06:09:30.624,bitget,ETH/USDT:USDT,3807.3,58.52,3807.23,37.59,3807.31,160.05,3807.32,3.58
1753769370726,06:09:30.726,bitget,ETH/USDT:USDT,3807.3,67.58,3807.23,37.59,3807.31,160.05,3807.32,3.58
1753769370825,06:09:30.825,bitget,ETH/USDT:USDT,3807.3,4.03,3807.23,3.62,3807.31,165.6,3807.32,3.58
1753769370925,06:09:30.925,bitget,ETH/USDT:USDT,3807.3,0.04,3807.23,3.62,3807.31,224.28,3807.32,3.58
1753769371025,06:09:31.025,bitget,ETH/USDT:USDT,3807.3,0.04,3807.23,3.62,3807.31,180.02,3807.32,3.58
1753769371125,06:09:31.125,bitget,ETH/USDT:USDT,3807.3,0.04,3807.23,3.62,3807.31,209.29,3807.32,3.58
1753769371225,06:09:31.225,bitget,ETH/USDT:USDT,3807.3,0.04,3807.23,3.62,3807.31,209.3,3807.32,3.58
1753769371326,06:09:31.326,bitget,ETH/USDT:USDT,3807.3,0.04,3807.23,3.62,3807.31,209.3,3807.32,3.58
1753769371427,06:09:31.427,bitget,ETH/USDT:USDT,3807.3,0.05,3807.23,3.62,3807.31,209.29,3807.32,3.58
1753769371528,06:09:31.528,bitget,ETH/USDT:USDT,3807.3,0.05,3807.23,3.62,3807.31,209.41,3807.32,3.58
1753769371628,06:09:31.628,bitget,ETH/USDT:USDT,3807.3,0.05,3807.23,3.62,3807.31,209.41,3807.32,3.58
1753769371728,06:09:31.728,bitget,ETH/USDT:USDT,3807.3,0.04,3807.23,3.62,3807.31,209.42,3807.32,3.58
1753769371829,06:09:31.829,bitget,ETH/USDT:USDT,3807.3,0.04,3807.23,3.62,3807.31,235.9,3807.32,3.58
1753769371929,06:09:31.929,bitget,ETH/USDT:USDT,3807.3,0.05,3807.23,3.62,3807.31,246.87,3807.32,29.29
1753769372029,06:09:32.029,bitget,ETH/USDT:USDT,3807.3,0.05,3807.23,3.62,3807.31,246.87,3807.32,29.29
1753769372130,06:09:32.130,bitget,ETH/USDT:USDT,3807.23,3.62,3807.12,0.12,3807.24,265.58,3807.3,12.57
1753769372231,06:09:32.231,bitget,ETH/USDT:USDT,3807.23,3.62,3807.12,0.12,3807.24,284.48,3807.3,97.15
1753769372330,06:09:32.330,bitget,ETH/USDT:USDT,3807.0,0.01,3806.77,0.01,3807.01,196.69,3807.03,26.06
1753769372431,06:09:32.431,bitget,ETH/USDT:USDT,3807.0,0.01,3806.77,0.01,3807.01,275.49,3807.12,85.23
1753769372531,06:09:32.531,bitget,ETH/USDT:USDT,3807.0,0.02,3806.77,0.01,3807.01,273.69,3807.11,43.28
1753769372632,06:09:32.632,bitget,ETH/USDT:USDT,3807.0,0.02,3806.77,0.01,3807.01,273.69,3807.11,21.28
1753769372731,06:09:32.731,bitget,ETH/USDT:USDT,3807.0,0.02,3806.77,0.01,3807.01,273.69,3807.04,43.24
1753769372832,06:09:32.832,bitget,ETH/USDT:USDT,3807.0,0.02,3806.77,0.01,3807.01,273.69,3807.04,43.24
1753769372932,06:09:32.932,bitget,ETH/USDT:USDT,3807.0,0.02,3806.77,0.01,3807.01,273.69,3807.04,43.24
1753769373032,06:09:33.032,bitget,ETH/USDT:USDT,3807.0,0.02,3806.77,0.01,3807.01,273.69,3807.04,43.24
1753769373133,06:09:33.133,bitget,ETH/USDT:USDT,3807.0,0.01,3806.77,0.01,3807.01,273.68,3807.04,43.24
1753769373233,06:09:33.233,bitget,ETH/USDT:USDT,3807.0,0.02,3806.77,0.01,3807.01,273.68,3807.04,43.24
1753769373334,06:09:33.334,bitget,ETH/USDT:USDT,3807.0,0.01,3806.77,0.01,3807.01,273.68,3807.04,43.24
1753769373434,06:09:33.434,bitget,ETH/USDT:USDT,3807.0,0.02,3806.77,0.01,3807.01,273.69,3807.03,21.8
1753769373534,06:09:33.534,bitget,ETH/USDT:USDT,3807.0,0.02,3806.77,0.01,3807.01,273.69,3807.03,21.8
1753769373634,06:09:33.634,bitget,ETH/USDT:USDT,3807.0,0.02,3806.77,0.01,3807.01,273.69,3807.03,21.8
1753769373734,06:09:33.734,bitget,ETH/USDT:USDT,3807.0,0.02,3806.77,0.01,3807.01,273.69,3807.03,21.8
1753769373834,06:09:33.834,bitget,ETH/USDT:USDT,3806.65,41.07,3806.64,43.24,3806.66,2.62,3806.67,23.58
1753769373934,06:09:33.934,bitget,ETH/USDT:USDT,3806.64,75.08,3806.63,17.57,3806.65,192.96,3806.66,233.33
1753769374036,06:09:34.036,bitget,ETH/USDT:USDT,3806.64,59.51,3806.63,17.57,3806.65,192.5,3806.66,14.65
1753769374135,06:09:34.135,bitget,ETH/USDT:USDT,3806.64,13.27,3806.63,17.57,3806.65,196.51,3806.66,14.64
1753769374235,06:09:34.235,bitget,ETH/USDT:USDT,3806.28,15.76,3806.27,1.76,3806.47,26.7,3806.48,144.54
1753769374736,06:09:34.736,bitget,ETH/USDT:USDT,3805.97,107.64,3805.96,17.57,3805.98,110.7,3806.26,73.22
1753769374937,06:09:34.937,bitget,ETH/USDT:USDT,3805.97,110.35,3805.96,17.57,3805.98,114.62,3806.26,46.25
1753769375038,06:09:35.038,bitget,ETH/USDT:USDT,3805.97,108.35,3805.96,17.57,3805.98,114.62,3806.26,46.25
1753769375242,06:09:35.242,bitget,ETH/USDT:USDT,3805.97,108.35,3805.96,17.57,3805.98,136.24,3806.26,31.45
1753769375343,06:09:35.343,bitget,ETH/USDT:USDT,3805.97,108.35,3805.96,17.57,3805.98,136.24,3806.26,31.45
1753769375444,06:09:35.444,bitget,ETH/USDT:USDT,3805.97,108.35,3805.96,17.57,3805.98,136.24,3806.26,20.43
1753769375544,06:09:35.544,bitget,ETH/USDT:USDT,3805.97,108.35,3805.96,17.57,3805.98,53.62,3806.26,20.43
1753769375645,06:09:35.645,bitget,ETH/USDT:USDT,3805.97,108.35,3805.96,17.57,3805.98,31.35,3806.0,19.7
1753769375748,06:09:35.748,bitget,ETH/USDT:USDT,3805.97,108.35,3805.96,17.57,3805.98,12.1,3806.13,19.7
1753769375849,06:09:35.849,bitget,ETH/USDT:USDT,3805.97,108.35,3805.96,17.57,3805.98,11.75,3806.25,20.0
1753769375950,06:09:35.950,bitget,ETH/USDT:USDT,3805.97,92.59,3805.96,17.57,3805.98,11.75,3806.25,20.0
1753769376050,06:09:36.050,bitget,ETH/USDT:USDT,3805.97,92.59,3805.96,17.57,3805.98,11.75,3806.17,1.54
1753769376152,06:09:36.152,bitget,ETH/USDT:USDT,3805.97,108.35,3805.96,17.57,3805.98,11.75,3806.17,1.54
1753769376253,06:09:36.253,bitget,ETH/USDT:USDT,3805.97,108.35,3805.96,17.57,3805.98,11.75,3806.17,1.54
1753769376353,06:09:36.353,bitget,ETH/USDT:USDT,3805.97,108.6,3805.96,17.57,3805.98,16.1,3806.17,1.54
1753769376453,06:09:36.453,bitget,ETH/USDT:USDT,3805.97,108.6,3805.96,17.57,3805.98,16.1,3806.24,29.1
1753769376554,06:09:36.554,bitget,ETH/USDT:USDT,3805.97,108.6,3805.96,17.57,3805.98,16.1,3806.17,1.54
1753769376656,06:09:36.656,bitget,ETH/USDT:USDT,3805.97,108.6,3805.96,17.57,3805.98,36.29,3806.17,1.54
1753769376758,06:09:36.758,bitget,ETH/USDT:USDT,3805.97,108.6,3805.96,17.57,3805.98,36.29,3806.1,19.7
1753769376858,06:09:36.858,bitget,ETH/USDT:USDT,3805.97,108.6,3805.96,17.57,3805.98,36.29,3806.1,19.7
1753769377057,06:09:37.057,bitget,ETH/USDT:USDT,3805.97,108.6,3805.96,17.57,3805.98,20.09,3806.21,19.7
1753769377157,06:09:37.157,bitget,ETH/USDT:USDT,3805.97,89.26,3805.96,33.33,3805.98,30.85,3806.17,1.54
1753769377257,06:09:37.257,bitget,ETH/USDT:USDT,3805.97,104.68,3805.96,17.57,3805.98,30.85,3806.09,19.7
1753769377357,06:09:37.357,bitget,ETH/USDT:USDT,3805.97,49.42,3805.91,0.08,3805.98,30.86,3806.09,19.7
1753769377458,06:09:37.458,bitget,ETH/USDT:USDT,3805.97,0.25,3805.86,17.57,3805.98,57.14,3806.17,1.54
1753769377557,06:09:37.557,bitget,ETH/USDT:USDT,3805.97,4.24,3805.86,17.57,3805.98,57.52,3806.17,1.54
1753769377659,06:09:37.659,bitget,ETH/USDT:USDT,3805.97,4.25,3805.87,6.4,3805.98,87.91,3806.17,1.54
1753769377859,06:09:37.859,bitget,ETH/USDT:USDT,3805.97,4.25,3805.87,6.4,3805.98,98.13,3806.17,1.54
1753769378060,06:09:38.060,bitget,ETH/USDT:USDT,3805.97,4.25,3805.87,6.4,3805.98,106.56,3806.17,1.54
1753769378159,06:09:38.159,bitget,ETH/USDT:USDT,3805.97,4.25,3805.87,6.4,3805.98,98.62,3806.17,1.54
1753769378359,06:09:38.359,bitget,ETH/USDT:USDT,3805.97,4.25,3805.87,6.4,3805.98,98.62,3806.17,1.54
1753769378462,06:09:38.462,bitget,ETH/USDT:USDT,3805.97,4.25,3805.87,6.4,3805.98,98.62,3806.17,1.54
1753769378562,06:09:38.562,bitget,ETH/USDT:USDT,3806.16,5.0,3805.98,23.8,3806.21,10.24,3806.22,64.35
1753769378662,06:09:38.662,bitget,ETH/USDT:USDT,3806.16,10.0,3805.99,11.12,3806.17,225.74,3806.2,72.1
1753769378764,06:09:38.764,bitget,ETH/USDT:USDT,3806.16,5.0,3805.97,4.0,3806.17,218.18,3806.19,74.85
1753769378864,06:09:38.864,bitget,ETH/USDT:USDT,3806.16,5.0,3805.97,0.01,3806.17,218.18,3806.19,40.78
1753769378965,06:09:38.965,bitget,ETH/USDT:USDT,3806.16,5.0,3805.97,0.01,3806.17,218.26,3806.19,40.78
1753769379065,06:09:39.065,bitget,ETH/USDT:USDT,3806.16,5.03,3805.97,0.01,3806.17,218.27,3806.19,40.78
1753769379165,06:09:39.165,bitget,ETH/USDT:USDT,3806.16,0.03,3805.97,0.01,3806.17,234.67,3806.19,40.78
1753769379266,06:09:39.266,bitget,ETH/USDT:USDT,3806.16,0.03,3805.97,0.01,3806.17,233.41,3806.19,40.78
1753769379366,06:09:39.366,bitget,ETH/USDT:USDT,3806.16,0.03,3805.97,0.01,3806.17,233.41,3806.19,40.78
1753769379466,06:09:39.466,bitget,ETH/USDT:USDT,3805.44,15.76,3805.35,59.12,3805.7,148.28,3805.71,13.16
1753769379566,06:09:39.566,bitget,ETH/USDT:USDT,3805.36,30.4,3805.29,0.03,3805.43,1.31,3805.45,163.38
1753769379666,06:09:39.666,bitget,ETH/USDT:USDT,3805.36,47.82,3805.29,0.03,3805.37,148.3,3805.42,10.26
1753769379766,06:09:39.766,bitget,ETH/USDT:USDT,3805.36,96.65,3805.29,0.03,3805.37,151.89,3805.41,14.57
1753769379866,06:09:39.866,bitget,ETH/USDT:USDT,3805.36,91.41,3805.29,0.03,3805.37,151.8,3805.41,2.38
1753769379968,06:09:39.968,bitget,ETH/USDT:USDT,3805.36,91.41,3805.29,0.03,3805.37,151.8,3805.41,2.38
1753769380068,06:09:40.068,bitget,ETH/USDT:USDT,3805.36,91.41,3805.29,0.03,3805.37,151.8,3805.41,15.04
1753769380170,06:09:40.170,bitget,ETH/USDT:USDT,3805.36,93.86,3805.29,0.03,3805.37,151.8,3805.41,15.04
1753769380272,06:09:40.272,bitget,ETH/USDT:USDT,3805.36,91.76,3805.29,0.03,3805.37,151.8,3805.41,15.04
1753769380374,06:09:40.374,bitget,ETH/USDT:USDT,3805.36,91.76,3805.29,0.03,3805.37,151.8,3805.41,15.04
1753769380575,06:09:40.575,bitget,ETH/USDT:USDT,3805.36,93.82,3805.29,0.03,3805.37,151.8,3805.41,15.04
1753769380675,06:09:40.675,bitget,ETH/USDT:USDT,3805.36,93.82,3805.29,0.03,3805.37,136.15,3805.41,15.04
1753769381175,06:09:41.175,bitget,ETH/USDT:USDT,3805.36,143.15,3805.29,54.15,3805.37,31.11,3805.45,7.57
1753769381275,06:09:41.275,bitget,ETH/USDT:USDT,3805.36,141.51,3805.29,54.15,3805.37,29.33,3805.45,7.57
1753769381575,06:09:41.575,bitget,ETH/USDT:USDT,3805.36,127.59,3805.29,54.15,3805.37,29.33,3805.44,14.95
1753769381778,06:09:41.778,bitget,ETH/USDT:USDT,3805.36,119.25,3805.29,54.15,3805.37,29.33,3805.44,14.95
1753769381878,06:09:41.878,bitget,ETH/USDT:USDT,3805.36,125.89,3805.29,54.15,3805.37,29.33,3805.44,14.95
1753769381978,06:09:41.978,bitget,ETH/USDT:USDT,3805.36,114.9,3805.29,54.15,3805.37,27.72,3805.44,14.95
1753769382380,06:09:42.380,bitget,ETH/USDT:USDT,3805.36,77.15,3805.29,15.45,3805.37,32.06,3805.44,14.95
1753769382481,06:09:42.481,bitget,ETH/USDT:USDT,3805.36,77.15,3805.29,15.45,3805.37,32.06,3805.44,14.95
1753769382681,06:09:42.681,bitget,ETH/USDT:USDT,3805.36,56.97,3805.29,0.03,3805.37,62.46,3805.44,14.95
1753769382881,06:09:42.881,bitget,ETH/USDT:USDT,3805.36,44.84,3805.29,0.03,3805.37,65.8,3805.44,14.95
1753769382981,06:09:42.981,bitget,ETH/USDT:USDT,3805.36,44.84,3805.29,0.03,3805.37,68.66,3805.44,14.95
1753769383083,06:09:43.083,bitget,ETH/USDT:USDT,3805.36,44.84,3805.29,0.03,3805.37,68.66,3805.44,14.95
1753769383182,06:09:43.182,bitget,ETH/USDT:USDT,3805.36,44.84,3805.29,0.03,3805.37,68.66,3805.44,14.95
1753769383283,06:09:43.283,bitget,ETH/USDT:USDT,3805.36,44.84,3805.29,0.03,3805.37,87.37,3805.44,14.95
1753769383382,06:09:43.382,bitget,ETH/USDT:USDT,3805.36,0.01,3805.29,0.03,3805.37,93.49,3805.44,14.95
1753769383482,06:09:43.482,bitget,ETH/USDT:USDT,3805.36,0.01,3805.29,0.03,3805.37,103.19,3805.43,30.4
1753769383683,06:09:43.683,bitget,ETH/USDT:USDT,3805.36,0.01,3805.29,0.03,3805.37,103.21,3805.42,28.98
1753769383783,06:09:43.783,bitget,ETH/USDT:USDT,3805.36,0.01,3805.29,0.03,3805.37,102.82,3805.42,28.98
1753769383883,06:09:43.883,bitget,ETH/USDT:USDT,3805.36,0.01,3805.29,0.03,3805.37,102.8,3805.42,19.86
1753769383984,06:09:43.984,bitget,ETH/USDT:USDT,3805.36,2.87,3805.29,0.03,3805.37,102.8,3805.42,19.86
1753769384083,06:09:44.083,bitget,ETH/USDT:USDT,3805.36,16.4,3805.29,0.03,3805.37,51.25,3805.42,19.86
1753769384183,06:09:44.183,bitget,ETH/USDT:USDT,3805.36,23.36,3805.29,0.03,3805.37,51.25,3805.42,19.86
1753769384284,06:09:44.284,bitget,ETH/USDT:USDT,3805.36,27.35,3805.29,0.03,3805.37,51.25,3805.42,19.86
1753769384484,06:09:44.484,bitget,ETH/USDT:USDT,3805.36,57.74,3805.29,0.03,3805.37,51.9,3805.42,19.86
1753769384584,06:09:44.584,bitget,ETH/USDT:USDT,3805.36,79.34,3805.29,0.03,3805.37,51.9,3805.42,19.86
1753769384686,06:09:44.686,bitget,ETH/USDT:USDT,3805.36,85.9,3805.29,0.03,3805.37,47.56,3805.42,19.86
1753769384788,06:09:44.788,bitget,ETH/USDT:USDT,3805.36,79.32,3805.29,0.03,3805.37,27.86,3805.42,19.86
1753769384888,06:09:44.888,bitget,ETH/USDT:USDT,3805.36,79.34,3805.29,0.03,3805.37,27.86,3805.42,19.86
1753769384988,06:09:44.988,bitget,ETH/USDT:USDT,3805.36,69.84,3805.29,0.03,3805.37,28.86,3805.42,19.86
1753769385088,06:09:45.088,bitget,ETH/USDT:USDT,3805.36,69.84,3805.29,0.03,3805.37,28.86,3805.42,19.86
1753769385191,06:09:45.191,bitget,ETH/USDT:USDT,3805.36,69.84,3805.29,0.03,3805.37,28.86,3805.42,19.86
1753769385290,06:09:45.290,bitget,ETH/USDT:USDT,3805.36,69.84,3805.29,0.03,3805.37,28.86,3805.42,19.86
1753769385391,06:09:45.391,bitget,ETH/USDT:USDT,3805.36,69.84,3805.29,0.03,3805.37,28.86,3805.42,19.86
1753769385491,06:09:45.491,bitget,ETH/USDT:USDT,3805.36,69.84,3805.29,0.03,3805.37,28.86,3805.42,19.86
1753769385592,06:09:45.592,bitget,ETH/USDT:USDT,3805.36,64.46,3805.29,0.03,3805.37,28.86,3805.42,19.86
1753769385692,06:09:45.692,bitget,ETH/USDT:USDT,3805.36,61.62,3805.29,0.03,3805.37,28.86,3805.42,19.86
1753769385993,06:09:45.993,bitget,ETH/USDT:USDT,3805.36,57.84,3805.29,0.03,3805.37,33.2,3805.42,19.86
1753769386295,06:09:46.295,bitget,ETH/USDT:USDT,3805.36,11.99,3805.29,0.03,3805.37,89.66,3805.38,30.4
1753769386497,06:09:46.497,bitget,ETH/USDT:USDT,3805.29,0.03,3805.02,30.4,3805.3,125.09,3805.34,43.17
1753769386598,06:09:46.598,bitget,ETH/USDT:USDT,3805.29,0.03,3805.03,16.98,3805.3,129.08,3805.34,43.17
1753769386698,06:09:46.698,bitget,ETH/USDT:USDT,3805.29,0.04,3805.04,15.42,3805.3,129.07,3805.34,43.17
1753769386798,06:09:46.798,bitget,ETH/USDT:USDT,3805.29,0.04,3805.04,15.42,3805.3,129.07,3805.34,43.17
1753769386898,06:09:46.898,bitget,ETH/USDT:USDT,3805.29,0.04,3805.04,15.42,3805.3,126.51,3805.34,43.17
1753769386998,06:09:46.998,bitget,ETH/USDT:USDT,3805.29,2.84,3805.04,15.42,3805.3,123.95,3805.34,43.17
1753769387200,06:09:47.200,bitget,ETH/USDT:USDT,3805.29,0.03,3805.05,15.42,3805.3,124.31,3805.34,43.17
1753769387301,06:09:47.301,bitget,ETH/USDT:USDT,3805.29,0.03,3805.06,20.21,3805.3,124.31,3805.33,32.72
1753769387400,06:09:47.400,bitget,ETH/USDT:USDT,3805.06,28.35,3805.05,15.42,3805.07,99.74,3805.08,0.11
1753769387500,06:09:47.500,bitget,ETH/USDT:USDT,3805.06,8.14,3805.0,6.87,3805.07,193.69,3805.19,43.16
1753769387701,06:09:47.701,bitget,ETH/USDT:USDT,3805.06,11.31,3805.01,2.06,3805.07,193.68,3805.15,17.58
1753769387800,06:09:47.800,bitget,ETH/USDT:USDT,3805.06,11.31,3805.01,2.06,3805.07,172.67,3805.15,17.58
1753769387900,06:09:47.900,bitget,ETH/USDT:USDT,3805.06,50.55,3805.01,2.06,3805.07,110.35,3805.15,17.58
1753769388000,06:09:48.000,bitget,ETH/USDT:USDT,3805.06,50.55,3805.02,74.88,3805.07,4.64,3805.09,43.17
1753769388100,06:09:48.100,bitget,ETH/USDT:USDT,3805.14,55.0,3805.09,39.4,3805.2,0.36,3805.37,1.63
1753769388201,06:09:48.201,bitget,ETH/USDT:USDT,3805.19,374.2,3805.15,96.82,3805.2,6.67,3805.37,1.63
1753769388300,06:09:48.300,bitget,ETH/USDT:USDT,3805.19,444.26,3805.16,0.6,3805.2,6.67,3805.37,1.63
1753769388400,06:09:48.400,bitget,ETH/USDT:USDT,3805.19,437.81,3805.16,0.6,3805.2,6.71,3805.37,1.63
1753769388501,06:09:48.501,bitget,ETH/USDT:USDT,3805.19,434.01,3805.16,0.6,3805.2,6.71,3805.37,1.63
1753769388600,06:09:48.600,bitget,ETH/USDT:USDT,3805.19,416.63,3805.15,69.71,3805.2,6.71,3805.37,0.63
1753769388701,06:09:48.701,bitget,ETH/USDT:USDT,3805.19,415.45,3805.15,69.71,3805.2,6.71,3805.37,0.63
1753769388801,06:09:48.801,bitget,ETH/USDT:USDT,3805.19,415.68,3805.15,69.71,3805.2,6.71,3805.37,0.63
1753769388901,06:09:48.901,bitget,ETH/USDT:USDT,3805.19,415.68,3805.15,69.71,3805.2,5.33,3805.37,0.63
1753769389003,06:09:49.003,bitget,ETH/USDT:USDT,3805.19,407.47,3805.15,69.71,3805.2,5.33,3805.37,0.63
1753769389103,06:09:49.103,bitget,ETH/USDT:USDT,3805.19,388.24,3805.15,69.71,3805.2,5.33,3805.37,0.63
1753769389203,06:09:49.203,bitget,ETH/USDT:USDT,3805.19,388.24,3805.15,69.71,3805.2,5.33,3805.37,0.63
1753769389404,06:09:49.404,bitget,ETH/USDT:USDT,3805.19,388.24,3805.15,69.71,3805.2,5.33,3805.37,0.63
1753769389505,06:09:49.505,bitget,ETH/USDT:USDT,3805.19,388.24,3805.15,69.71,3805.2,5.33,3805.37,0.63
1753769389605,06:09:49.605,bitget,ETH/USDT:USDT,3805.19,388.24,3805.15,69.71,3805.2,5.33,3805.37,0.63
1753769389705,06:09:49.705,bitget,ETH/USDT:USDT,3805.19,387.6,3805.15,69.71,3805.2,5.33,3805.37,0.63
1753769389805,06:09:49.805,bitget,ETH/USDT:USDT,3805.19,387.37,3805.15,69.71,3805.2,5.33,3805.37,0.63
1753769389907,06:09:49.907,bitget,ETH/USDT:USDT,3805.36,3.0,3805.2,2.61,3805.37,0.63,3805.77,19.7
1753769390107,06:09:50.107,bitget,ETH/USDT:USDT,3805.85,160.63,3805.81,4.47,3805.86,62.86,3805.87,17.58
1753769390208,06:09:50.208,bitget,ETH/USDT:USDT,3805.85,214.21,3805.82,1.34,3805.86,49.09,3805.87,17.58
1753769390309,06:09:50.309,bitget,ETH/USDT:USDT,3805.85,214.21,3805.82,24.28,3805.86,49.44,3805.87,17.58
1753769390409,06:09:50.409,bitget,ETH/USDT:USDT,3805.85,214.21,3805.82,6.55,3805.86,57.24,3805.87,17.58
1753769390509,06:09:50.509,bitget,ETH/USDT:USDT,3805.85,212.37,3805.82,23.63,3805.86,57.24,3805.87,17.58
1753769390609,06:09:50.609,bitget,ETH/USDT:USDT,3805.85,271.48,3805.82,23.63,3805.86,49.44,3805.87,17.58
1753769390709,06:09:50.709,bitget,ETH/USDT:USDT,3805.85,271.48,3805.82,6.55,3805.86,49.44,3805.87,17.58
1753769390810,06:09:50.810,bitget,ETH/USDT:USDT,3805.85,268.91,3805.82,6.55,3805.86,49.44,3805.87,17.58
1753769390911,06:09:50.911,bitget,ETH/USDT:USDT,3805.85,209.8,3805.82,6.55,3805.86,49.44,3805.87,17.58
1753769391012,06:09:51.012,bitget,ETH/USDT:USDT,3805.85,209.8,3805.82,23.63,3805.86,49.44,3805.87,17.58
1753769391114,06:09:51.114,bitget,ETH/USDT:USDT,3805.85,209.8,3805.82,23.63,3805.86,49.44,3805.87,17.58
1753769391214,06:09:51.214,bitget,ETH/USDT:USDT,3805.85,209.8,3805.82,23.63,3805.86,49.44,3805.87,17.58
1753769391314,06:09:51.314,bitget,ETH/USDT:USDT,3805.85,209.8,3805.82,23.63,3805.86,49.44,3805.87,17.58
1753769391415,06:09:51.415,bitget,ETH/USDT:USDT,3805.85,151.47,3805.82,23.63,3805.86,79.84,3805.87,17.58
1753769391515,06:09:51.515,bitget,ETH/USDT:USDT,3805.85,107.34,3805.82,23.63,3805.86,89.43,3805.87,17.58
1753769391615,06:09:51.615,bitget,ETH/USDT:USDT,3805.85,48.65,3805.82,23.63,3805.86,109.13,3805.87,17.58
1753769391715,06:09:51.715,bitget,ETH/USDT:USDT,3805.85,43.65,3805.75,22.46,3805.86,109.11,3805.87,17.58
1753769391816,06:09:51.816,bitget,ETH/USDT:USDT,3805.85,43.65,3805.75,22.46,3805.86,99.52,3805.87,17.58
1753769391916,06:09:51.916,bitget,ETH/USDT:USDT,3805.85,43.65,3805.75,22.46,3805.86,99.52,3805.87,17.58
1753769392017,06:09:52.017,bitget,ETH/USDT:USDT,3805.85,43.65,3805.75,22.46,3805.86,98.5,3805.87,17.58
1753769392117,06:09:52.117,bitget,ETH/USDT:USDT,3805.85,28.26,3805.74,15.76,3805.86,98.51,3805.87,17.58
1753769392318,06:09:52.318,bitget,ETH/USDT:USDT,3805.85,2.01,3805.47,42.68,3805.86,105.14,3805.87,17.58
1753769392417,06:09:52.417,bitget,ETH/USDT:USDT,3805.85,2.01,3805.47,42.68,3805.86,105.15,3805.87,17.58
1753769392518,06:09:52.518,bitget,ETH/USDT:USDT,3805.85,2.01,3805.47,42.68,3805.86,105.15,3805.87,17.58
1753769392618,06:09:52.618,bitget,ETH/USDT:USDT,3805.85,2.01,3805.47,42.68,3805.86,105.15,3805.87,17.58
1753769392818,06:09:52.818,bitget,ETH/USDT:USDT,3805.85,2.01,3805.47,42.68,3805.86,105.15,3805.87,17.58
1753769392918,06:09:52.918,bitget,ETH/USDT:USDT,3805.85,2.0,3805.47,42.68,3805.86,105.14,3805.87,17.58
1753769393019,06:09:53.019,bitget,ETH/USDT:USDT,3805.37,1.05,3805.19,23.34,3805.48,40.4,3805.5,2.56
1753769393120,06:09:53.120,bitget,ETH/USDT:USDT,3805.37,4.38,3805.23,1.76,3805.38,155.03,3805.47,69.36
1753769393222,06:09:53.222,bitget,ETH/USDT:USDT,3805.19,3.99,3805.15,3.99,3805.2,5.0,3805.23,4.47
1753769393321,06:09:53.321,bitget,ETH/USDT:USDT,3805.19,61.47,3805.15,3.99,3805.2,286.19,3805.22,4.52
1753769393421,06:09:53.421,bitget,ETH/USDT:USDT,3805.19,65.06,3805.15,3.99,3805.2,282.83,3805.22,1.89
1753769393721,06:09:53.721,bitget,ETH/USDT:USDT,3805.19,55.78,3805.15,3.99,3805.2,201.08,3805.36,17.18
1753769393821,06:09:53.821,bitget,ETH/USDT:USDT,3805.19,54.12,3805.15,3.99,3805.2,201.08,3805.36,26.63
1753769393921,06:09:53.921,bitget,ETH/USDT:USDT,3805.19,54.12,3805.15,3.99,3805.2,201.08,3805.36,26.63
1753769394022,06:09:54.022,bitget,ETH/USDT:USDT,3805.19,54.12,3805.15,3.99,3805.2,195.33,3805.36,26.63
1753769394125,06:09:54.125,bitget,ETH/USDT:USDT,3805.19,54.12,3805.15,3.99,3805.2,196.88,3805.36,26.63
1753769394225,06:09:54.225,bitget,ETH/USDT:USDT,3805.19,54.12,3805.15,3.99,3805.2,177.9,3805.36,26.63
1753769394327,06:09:54.327,bitget,ETH/USDT:USDT,3805.19,54.12,3805.15,3.99,3805.2,177.9,3805.36,26.63
1753769394429,06:09:54.429,bitget,ETH/USDT:USDT,3805.19,54.12,3805.15,3.99,3805.2,47.95,3805.35,19.7
1753769394628,06:09:54.628,bitget,ETH/USDT:USDT,3805.42,343.36,3805.36,99.15,3805.43,17.58,3805.51,43.16
1753769394728,06:09:54.728,bitget,ETH/USDT:USDT,3805.42,399.99,3805.37,93.73,3805.43,17.58,3805.51,43.16
1753769394828,06:09:54.828,bitget,ETH/USDT:USDT,3805.42,399.98,3805.37,19.23,3805.43,17.59,3805.51,43.16
1753769394930,06:09:54.930,bitget,ETH/USDT:USDT,3805.42,398.2,3805.37,19.23,3805.43,0.01,3805.59,17.58
1753769395030,06:09:55.030,bitget,ETH/USDT:USDT,3805.42,398.43,3805.37,19.23,3805.43,0.01,3805.59,17.58
1753769395130,06:09:55.130,bitget,ETH/USDT:USDT,3805.42,398.43,3805.37,19.23,3805.43,0.01,3805.59,17.58
1753769395230,06:09:55.230,bitget,ETH/USDT:USDT,3805.42,398.2,3805.37,19.23,3805.43,0.01,3805.59,17.58
1753769395331,06:09:55.331,bitget,ETH/USDT:USDT,3805.42,398.2,3805.37,19.23,3805.43,0.01,3805.59,17.58
1753769395432,06:09:55.432,bitget,ETH/USDT:USDT,3805.42,398.2,3805.37,29.77,3805.43,0.01,3805.58,13.0
1753769395535,06:09:55.535,bitget,ETH/USDT:USDT,3805.42,398.43,3805.37,29.77,3805.43,0.01,3805.58,13.0
1753769395636,06:09:55.636,bitget,ETH/USDT:USDT,3805.42,398.26,3805.37,29.77,3805.43,0.01,3805.58,13.0
1753769395736,06:09:55.736,bitget,ETH/USDT:USDT,3805.42,396.84,3805.37,29.77,3805.43,0.01,3805.59,17.58
1753769395836,06:09:55.836,bitget,ETH/USDT:USDT,3805.42,396.61,3805.37,29.77,3805.43,0.01,3805.59,17.58
1753769395937,06:09:55.937,bitget,ETH/USDT:USDT,3805.42,392.01,3805.37,29.77,3805.43,0.01,3805.59,17.58
1753769396037,06:09:56.037,bitget,ETH/USDT:USDT,3805.42,391.78,3805.37,29.77,3805.43,0.01,3805.86,0.08
1753769396138,06:09:56.138,bitget,ETH/USDT:USDT,3805.42,392.01,3805.37,19.31,3805.43,0.01,3805.63,43.16
1753769396237,06:09:56.237,bitget,ETH/USDT:USDT,3805.42,392.01,3805.37,29.86,3805.43,0.01,3805.59,17.58
