timestamp,time,exchange,symbol,bid1_price,bid1_volume,bid2_price,bid2_volume,ask1_price,ask1_volume,ask2_price,ask2_volume
1753769553101,06:12:33.101,okx,XRP/USDT:USDT,3.1413,205.18,3.1412,175.59,3.1414,16.93,3.1415,0.15
1753769553201,06:12:33.201,okx,XRP/USDT:USDT,3.1413,203.89,3.1412,174.31,3.1414,16.93,3.1415,0.15
1753769554001,06:12:34.001,okx,XRP/USDT:USDT,3.1417,216.6,3.1416,65.44,3.1418,4.33,3.1419,0.87
1753769554101,06:12:34.101,okx,XRP/USDT:USDT,3.1417,203.14,3.1416,63.19,3.1418,4.57,3.1419,0.87
1753769554201,06:12:34.201,okx,XRP/USDT:USDT,3.1417,245.01,3.1416,58.42,3.1418,4.57,3.1419,0.82
1753769554301,06:12:34.301,okx,XRP/USDT:USDT,3.1417,245.01,3.1416,58.42,3.1418,4.57,3.1419,0.82
1753769554401,06:12:34.401,okx,XRP/USDT:USDT,3.1417,246.91,3.1416,60.32,3.1418,4.57,3.1419,0.82
1753769554501,06:12:34.501,okx,XRP/USDT:USDT,3.1417,288.78,3.1416,68.23,3.1418,3.1,3.1419,0.82
1753769554601,06:12:34.601,okx,XRP/USDT:USDT,3.1417,288.78,3.1416,68.23,3.1418,3.2,3.1419,0.79
1753769554901,06:12:34.901,okx,XRP/USDT:USDT,3.1417,288.78,3.1416,77.77,3.1418,2.97,3.1419,0.79
1753769555001,06:12:35.001,okx,XRP/USDT:USDT,3.1417,288.8,3.1416,77.77,3.1418,0.44,3.1419,0.79
1753769555101,06:12:35.101,okx,XRP/USDT:USDT,3.1417,286.9,3.1416,75.87,3.1418,0.45,3.1419,0.79
1753769555201,06:12:35.201,okx,XRP/USDT:USDT,3.1417,287.11,3.1416,75.87,3.1418,3.45,3.1419,0.79
1753769555301,06:12:35.301,okx,XRP/USDT:USDT,3.1417,309.85,3.1416,56.31,3.1418,3.46,3.1419,0.79
1753769555401,06:12:35.401,okx,XRP/USDT:USDT,3.1417,313.7,3.1416,56.31,3.1418,3.46,3.1419,0.79
1753769555501,06:12:35.501,okx,XRP/USDT:USDT,3.1421,14.58,3.142,9.45,3.1422,86.58,3.1423,30.86
1753769555601,06:12:35.601,okx,XRP/USDT:USDT,3.1421,2.78,3.142,1.65,3.1422,111.52,3.1423,30.86
1753769555901,06:12:35.901,okx,XRP/USDT:USDT,3.1421,8.44,3.142,9.45,3.1422,114.46,3.1423,39.27
1753769556001,06:12:36.001,okx,XRP/USDT:USDT,3.1421,30.44,3.142,9.45,3.1422,114.51,3.1423,39.27
1753769556101,06:12:36.101,okx,XRP/USDT:USDT,3.1421,30.71,3.142,8.29,3.1422,114.52,3.1423,39.27
1753769556201,06:12:36.201,okx,XRP/USDT:USDT,3.1421,30.95,3.142,8.29,3.1422,114.52,3.1423,39.27
1753769556301,06:12:36.301,okx,XRP/USDT:USDT,3.1421,31.73,3.142,8.29,3.1422,114.52,3.1423,41.37
1753769557801,06:12:37.801,okx,XRP/USDT:USDT,3.1421,112.82,3.142,10.13,3.1422,101.78,3.1423,39.27
1753769558101,06:12:38.101,okx,XRP/USDT:USDT,3.1421,111.36,3.142,10.13,3.1422,101.78,3.1423,39.27
1753769558201,06:12:38.201,okx,XRP/USDT:USDT,3.1421,109.1,3.142,10.13,3.1422,101.78,3.1423,39.27
1753769558301,06:12:38.301,okx,XRP/USDT:USDT,3.1421,106.11,3.142,8.26,3.1422,114.65,3.1423,56.26
1753769558401,06:12:38.401,okx,XRP/USDT:USDT,3.1421,106.32,3.142,8.26,3.1422,130.44,3.1423,56.26
1753769558501,06:12:38.501,okx,XRP/USDT:USDT,3.1421,106.43,3.142,9.94,3.1422,130.41,3.1423,56.26
1753769558601,06:12:38.601,okx,XRP/USDT:USDT,3.1421,108.11,3.142,9.94,3.1422,129.92,3.1423,56.26
1753769558701,06:12:38.701,okx,XRP/USDT:USDT,3.1421,108.11,3.142,9.94,3.1422,129.92,3.1423,56.26
1753769558801,06:12:38.801,okx,XRP/USDT:USDT,3.1421,106.43,3.142,8.26,3.1422,129.92,3.1423,56.26
1753769558901,06:12:38.901,okx,XRP/USDT:USDT,3.1421,106.43,3.142,8.26,3.1422,129.92,3.1423,56.26
1753769559101,06:12:39.101,okx,XRP/USDT:USDT,3.1421,106.43,3.142,9.84,3.1422,129.92,3.1423,56.26
1753769559201,06:12:39.201,okx,XRP/USDT:USDT,3.1421,106.43,3.142,9.84,3.1422,129.92,3.1423,56.26
1753769559301,06:12:39.301,okx,XRP/USDT:USDT,3.1421,104.36,3.142,9.84,3.1422,114.01,3.1423,56.26
1753769559401,06:12:39.401,okx,XRP/USDT:USDT,3.1421,132.16,3.142,0.01,3.1422,168.61,3.1423,79.57
1753769559501,06:12:39.501,okx,XRP/USDT:USDT,3.1421,132.16,3.142,0.01,3.1422,150.4,3.1423,77.99
1753769559601,06:12:39.601,okx,XRP/USDT:USDT,3.1421,132.17,3.142,1.59,3.1422,150.41,3.1423,77.04
1753769559701,06:12:39.701,okx,XRP/USDT:USDT,3.1421,132.17,3.142,1.59,3.1422,158.69,3.1423,77.04
1753769559801,06:12:39.801,okx,XRP/USDT:USDT,3.1421,133.75,3.142,1.59,3.1422,158.44,3.1423,77.04
1753769559901,06:12:39.901,okx,XRP/USDT:USDT,3.1421,132.17,3.142,1.59,3.1422,158.44,3.1423,77.04
1753769560001,06:12:40.001,okx,XRP/USDT:USDT,3.1421,136.11,3.142,1.59,3.1422,158.44,3.1423,77.04
1753769560101,06:12:40.101,okx,XRP/USDT:USDT,3.1421,136.57,3.142,1.59,3.1422,158.45,3.1423,77.04
1753769560201,06:12:40.201,okx,XRP/USDT:USDT,3.1421,136.8,3.142,1.59,3.1422,158.45,3.1423,77.04
1753769560401,06:12:40.401,okx,XRP/USDT:USDT,3.1421,134.53,3.142,1.49,3.1422,155.85,3.1423,77.04
1753769560501,06:12:40.501,okx,XRP/USDT:USDT,3.1421,133.06,3.142,0.01,3.1422,155.59,3.1423,77.04
1753769560601,06:12:40.601,okx,XRP/USDT:USDT,3.1421,133.06,3.142,0.01,3.1422,155.66,3.1423,77.04
1753769560701,06:12:40.701,okx,XRP/USDT:USDT,3.1421,133.06,3.142,0.01,3.1422,155.66,3.1423,77.04
1753769560801,06:12:40.801,okx,XRP/USDT:USDT,3.1421,133.06,3.142,0.01,3.1422,155.66,3.1423,77.04
1753769560901,06:12:40.901,okx,XRP/USDT:USDT,3.1421,133.06,3.142,0.01,3.1422,155.66,3.1423,77.04
1753769561101,06:12:41.101,okx,XRP/USDT:USDT,3.1421,133.06,3.142,0.01,3.1422,155.66,3.1423,77.04
1753769561201,06:12:41.201,okx,XRP/USDT:USDT,3.1421,133.06,3.142,0.01,3.1422,156.98,3.1423,78.36
1753769561301,06:12:41.301,okx,XRP/USDT:USDT,3.1421,133.06,3.142,0.01,3.1422,156.99,3.1423,79.19
1753769561401,06:12:41.401,okx,XRP/USDT:USDT,3.1421,136.5,3.142,0.01,3.1422,113.94,3.1423,77.04
1753769561501,06:12:41.501,okx,XRP/USDT:USDT,3.1421,136.5,3.142,0.01,3.1422,115.8,3.1423,77.04
1753769561801,06:12:41.801,okx,XRP/USDT:USDT,3.1421,136.5,3.142,1.44,3.1422,105.93,3.1423,77.04
1753769561901,06:12:41.901,okx,XRP/USDT:USDT,3.1421,136.5,3.142,1.44,3.1422,103.63,3.1423,77.04
1753769562001,06:12:42.001,okx,XRP/USDT:USDT,3.1421,138.06,3.142,2.3,3.1422,103.63,3.1423,77.04
1753769562101,06:12:42.101,okx,XRP/USDT:USDT,3.1421,138.24,3.142,1.44,3.1422,103.64,3.1423,77.04
1753769562201,06:12:42.201,okx,XRP/USDT:USDT,3.1421,137.02,3.142,2.3,3.1422,103.64,3.1423,77.04
1753769562301,06:12:42.301,okx,XRP/USDT:USDT,3.1421,137.02,3.142,0.01,3.1422,103.64,3.1423,77.04
1753769563408,06:12:43.408,okx,XRP/USDT:USDT,3.1421,138.34,3.142,1.36,3.1422,68.89,3.1423,77.04
1753769563702,06:12:43.702,okx,XRP/USDT:USDT,3.1421,137.26,3.142,0.01,3.1422,99.31,3.1423,77.04
1753769563902,06:12:43.902,okx,XRP/USDT:USDT,3.1421,138.5,3.142,1.28,3.1422,99.04,3.1423,77.04
1753769564302,06:12:44.302,okx,XRP/USDT:USDT,3.1421,137.87,3.142,0.01,3.1422,99.03,3.1423,77.04
1753769564602,06:12:44.602,okx,XRP/USDT:USDT,3.1421,137.87,3.142,0.01,3.1422,98.41,3.1423,77.04
1753769565002,06:12:45.002,okx,XRP/USDT:USDT,3.1421,139.28,3.142,0.01,3.1422,97.71,3.1423,77.04
1753769565102,06:12:45.102,okx,XRP/USDT:USDT,3.1421,137.06,3.142,0.01,3.1422,95.49,3.1423,77.04
1753769565202,06:12:45.202,okx,XRP/USDT:USDT,3.1421,137.06,3.142,0.01,3.1422,95.49,3.1423,77.04
1753769565502,06:12:45.502,okx,XRP/USDT:USDT,3.1421,142.36,3.142,0.01,3.1422,95.45,3.1423,77.04
1753769565902,06:12:45.902,okx,XRP/USDT:USDT,3.1421,142.48,3.142,0.01,3.1422,93.43,3.1423,77.04
1753769566302,06:12:46.302,okx,XRP/USDT:USDT,3.1421,142.76,3.142,0.01,3.1422,94.59,3.1423,77.04
1753769566402,06:12:46.402,okx,XRP/USDT:USDT,3.1421,142.52,3.142,0.01,3.1422,94.46,3.1423,77.04
1753769566502,06:12:46.502,okx,XRP/USDT:USDT,3.1421,142.52,3.142,0.01,3.1422,94.16,3.1423,77.04
1753769566702,06:12:46.702,okx,XRP/USDT:USDT,3.1421,137.49,3.142,0.01,3.1422,95.24,3.1423,77.04
1753769566802,06:12:46.802,okx,XRP/USDT:USDT,3.1421,137.49,3.142,0.01,3.1422,95.24,3.1423,77.04
1753769566902,06:12:46.902,okx,XRP/USDT:USDT,3.1421,137.49,3.142,0.01,3.1422,95.24,3.1423,77.04
1753769567102,06:12:47.102,okx,XRP/USDT:USDT,3.1421,137.49,3.142,0.01,3.1422,95.24,3.1423,77.04
1753769567302,06:12:47.302,okx,XRP/USDT:USDT,3.1421,142.47,3.142,0.01,3.1422,95.24,3.1423,77.04
1753769567502,06:12:47.502,okx,XRP/USDT:USDT,3.1421,143.41,3.142,0.01,3.1422,95.23,3.1423,77.04
1753769567802,06:12:47.802,okx,XRP/USDT:USDT,3.1421,143.13,3.142,0.01,3.1422,93.79,3.1423,77.04
1753769567902,06:12:47.902,okx,XRP/USDT:USDT,3.1421,143.13,3.142,0.01,3.1422,94.95,3.1423,77.04
1753769568002,06:12:48.002,okx,XRP/USDT:USDT,3.1421,143.26,3.142,0.01,3.1422,94.95,3.1423,77.04
1753769568102,06:12:48.102,okx,XRP/USDT:USDT,3.1421,143.54,3.142,0.01,3.1422,94.95,3.1423,77.04
1753769568202,06:12:48.202,okx,XRP/USDT:USDT,3.1421,143.35,3.142,0.01,3.1422,94.95,3.1423,77.04
1753769568302,06:12:48.302,okx,XRP/USDT:USDT,3.1421,142.84,3.142,0.01,3.1422,94.95,3.1423,77.04
1753769568702,06:12:48.702,okx,XRP/USDT:USDT,3.1421,142.61,3.142,0.01,3.1422,94.65,3.1423,77.04
1753769569202,06:12:49.202,okx,XRP/USDT:USDT,3.1421,142.61,3.142,0.46,3.1422,86.01,3.1423,77.04
1753769569402,06:12:49.402,okx,XRP/USDT:USDT,3.1421,142.59,3.142,0.46,3.1422,86.01,3.1423,77.04
1753769569602,06:12:49.602,okx,XRP/USDT:USDT,3.1421,142.6,3.142,0.46,3.1422,87.37,3.1423,77.04
1753769569702,06:12:49.702,okx,XRP/USDT:USDT,3.1421,144.4,3.142,0.46,3.1422,87.37,3.1423,77.04
1753769569802,06:12:49.802,okx,XRP/USDT:USDT,3.1421,144.39,3.142,0.46,3.1422,87.35,3.1423,77.04
1753769569902,06:12:49.902,okx,XRP/USDT:USDT,3.1421,144.52,3.142,0.46,3.1422,86.87,3.1423,77.04
1753769570002,06:12:50.002,okx,XRP/USDT:USDT,3.1421,142.45,3.142,0.46,3.1422,84.55,3.1423,77.04
1753769570102,06:12:50.102,okx,XRP/USDT:USDT,3.1421,142.26,3.142,0.46,3.1422,84.35,3.1423,77.04
1753769570702,06:12:50.702,okx,XRP/USDT:USDT,3.1421,142.21,3.142,0.46,3.1422,75.07,3.1423,77.04
1753769570902,06:12:50.902,okx,XRP/USDT:USDT,3.1421,142.21,3.142,0.46,3.1422,75.07,3.1423,77.04
1753769571202,06:12:51.202,okx,XRP/USDT:USDT,3.1421,142.21,3.142,1.25,3.1422,73.21,3.1423,77.8
1753769571402,06:12:51.402,okx,XRP/USDT:USDT,3.1421,141.86,3.142,1.25,3.1422,73.21,3.1423,77.8
1753769571502,06:12:51.502,okx,XRP/USDT:USDT,3.1421,141.86,3.142,1.25,3.1422,73.21,3.1423,77.8
1753769571602,06:12:51.602,okx,XRP/USDT:USDT,3.1421,141.6,3.142,1.25,3.1422,72.73,3.1423,77.8
1753769571802,06:12:51.802,okx,XRP/USDT:USDT,3.1421,141.6,3.142,1.25,3.1422,72.45,3.1423,73.47
1753769572002,06:12:52.002,okx,XRP/USDT:USDT,3.1421,141.99,3.142,1.25,3.1422,72.45,3.1423,73.47
1753769572102,06:12:52.102,okx,XRP/USDT:USDT,3.1421,141.99,3.142,1.25,3.1422,72.45,3.1423,73.47
1753769572702,06:12:52.702,okx,XRP/USDT:USDT,3.1424,41.99,3.1423,12.98,3.1425,253.38,3.1426,60.31
1753769573302,06:12:53.302,okx,XRP/USDT:USDT,3.1424,77.15,3.1423,12.98,3.1425,215.9,3.1426,60.31
1753769573802,06:12:53.802,okx,XRP/USDT:USDT,3.1424,194.88,3.1423,37.55,3.1425,115.69,3.1426,60.31
1753769573902,06:12:53.902,okx,XRP/USDT:USDT,3.1424,194.88,3.1423,22.19,3.1425,115.69,3.1426,60.31
1753769574002,06:12:54.002,okx,XRP/USDT:USDT,3.1424,167.97,3.1423,35.31,3.1425,107.64,3.1426,60.31
1753769574102,06:12:54.102,okx,XRP/USDT:USDT,3.1424,167.97,3.1423,21.35,3.1425,107.63,3.1426,60.31
1753769574402,06:12:54.402,okx,XRP/USDT:USDT,3.1424,152.61,3.1423,13.01,3.1425,119.89,3.1426,60.31
1753769574502,06:12:54.502,okx,XRP/USDT:USDT,3.1424,165.92,3.1423,34.95,3.1425,107.59,3.1426,60.31
1753769574802,06:12:54.802,okx,XRP/USDT:USDT,3.1424,152.61,3.1423,25.88,3.1425,78.15,3.1426,60.31
1753769575102,06:12:55.102,okx,XRP/USDT:USDT,3.1424,168.54,3.1423,33.15,3.1425,78.15,3.1426,60.31
1753769575302,06:12:55.302,okx,XRP/USDT:USDT,3.1424,167.38,3.1423,13.77,3.1425,78.15,3.1426,60.31
1753769575402,06:12:55.402,okx,XRP/USDT:USDT,3.1424,180.91,3.1423,33.15,3.1425,77.9,3.1426,60.31
1753769575602,06:12:55.602,okx,XRP/USDT:USDT,3.1424,168.81,3.1423,13.77,3.1425,47.68,3.1426,60.31
1753769575702,06:12:55.702,okx,XRP/USDT:USDT,3.1424,168.81,3.1423,13.77,3.1425,47.68,3.1426,60.31
1753769575802,06:12:55.802,okx,XRP/USDT:USDT,3.1424,169.42,3.1423,13.77,3.1425,47.68,3.1426,59.55
1753769575902,06:12:55.902,okx,XRP/USDT:USDT,3.1424,170.61,3.1423,31.42,3.1425,47.41,3.1426,59.55
1753769576002,06:12:56.002,okx,XRP/USDT:USDT,3.1424,170.85,3.1423,13.77,3.1425,47.41,3.1426,59.55
1753769576102,06:12:56.102,okx,XRP/USDT:USDT,3.1424,170.85,3.1423,13.77,3.1425,47.41,3.1426,59.55
1753769576202,06:12:56.202,okx,XRP/USDT:USDT,3.1424,170.19,3.1423,19.53,3.1425,47.41,3.1426,59.55
1753769576302,06:12:56.302,okx,XRP/USDT:USDT,3.1424,170.19,3.1423,13.77,3.1425,47.41,3.1426,59.55
1753769576402,06:12:56.402,okx,XRP/USDT:USDT,3.1424,169.01,3.1423,13.77,3.1425,47.28,3.1426,59.55
1753769576502,06:12:56.502,okx,XRP/USDT:USDT,3.1424,170.21,3.1423,13.77,3.1425,51.62,3.1426,59.55
1753769576602,06:12:56.602,okx,XRP/USDT:USDT,3.1424,170.21,3.1423,13.77,3.1425,75.48,3.1426,68.31
1753769576702,06:12:56.702,okx,XRP/USDT:USDT,3.1424,170.21,3.1423,13.77,3.1425,83.63,3.1426,72.96
1753769576802,06:12:56.802,okx,XRP/USDT:USDT,3.1424,145.12,3.1423,13.77,3.1425,88.66,3.1426,117.9
1753769577002,06:12:57.002,okx,XRP/USDT:USDT,3.1424,130.79,3.1423,12.98,3.1425,136.37,3.1426,99.02
1753769577102,06:12:57.102,okx,XRP/USDT:USDT,3.1424,130.79,3.1423,12.98,3.1425,136.37,3.1426,99.02
1753769577302,06:12:57.302,okx,XRP/USDT:USDT,3.1424,158.25,3.1423,12.98,3.1425,110.02,3.1426,93.48
1753769577402,06:12:57.402,okx,XRP/USDT:USDT,3.1424,168.22,3.1423,12.98,3.1425,96.61,3.1426,85.1
1753769577502,06:12:57.502,okx,XRP/USDT:USDT,3.1424,168.22,3.1423,12.98,3.1425,96.61,3.1426,85.1
1753769577602,06:12:57.602,okx,XRP/USDT:USDT,3.1424,168.22,3.1423,12.98,3.1425,108.54,3.1426,85.1
1753769577702,06:12:57.702,okx,XRP/USDT:USDT,3.1424,168.22,3.1423,12.98,3.1425,108.54,3.1426,80.07
1753769577802,06:12:57.802,okx,XRP/USDT:USDT,3.1424,168.22,3.1423,21.36,3.1425,108.28,3.1426,80.07
1753769578002,06:12:58.002,okx,XRP/USDT:USDT,3.1424,168.63,3.1423,17.57,3.1425,108.28,3.1426,80.07
1753769578102,06:12:58.102,okx,XRP/USDT:USDT,3.1424,168.62,3.1423,17.57,3.1425,108.28,3.1426,80.07
1753769578202,06:12:58.202,okx,XRP/USDT:USDT,3.1424,168.84,3.1423,25.23,3.1425,108.28,3.1426,80.07
1753769578302,06:12:58.302,okx,XRP/USDT:USDT,3.1424,176.5,3.1423,25.23,3.1425,101.11,3.1426,80.07
1753769578402,06:12:58.402,okx,XRP/USDT:USDT,3.1424,197.05,3.1423,25.23,3.1425,94.93,3.1426,80.07
1753769578502,06:12:58.502,okx,XRP/USDT:USDT,3.1424,192.46,3.1423,25.23,3.1425,94.68,3.1426,80.07
1753769578602,06:12:58.602,okx,XRP/USDT:USDT,3.1424,191.81,3.1423,24.2,3.1425,94.9,3.1426,80.07
1753769578702,06:12:58.702,okx,XRP/USDT:USDT,3.1424,191.81,3.1423,24.2,3.1425,94.9,3.1426,80.07
1753769578802,06:12:58.802,okx,XRP/USDT:USDT,3.1424,175.6,3.1423,23.9,3.1425,79.04,3.1426,79.31
1753769578902,06:12:58.902,okx,XRP/USDT:USDT,3.1424,191.51,3.1423,23.9,3.1425,66.38,3.1426,80.07
1753769579002,06:12:59.002,okx,XRP/USDT:USDT,3.1424,191.51,3.1423,23.9,3.1425,66.38,3.1426,80.07
1753769579102,06:12:59.102,okx,XRP/USDT:USDT,3.1424,184.8,3.1423,17.19,3.1425,66.41,3.1426,80.07
1753769579202,06:12:59.202,okx,XRP/USDT:USDT,3.1424,195.54,3.1423,23.72,3.1425,66.41,3.1426,80.07
1753769579302,06:12:59.302,okx,XRP/USDT:USDT,3.1424,195.54,3.1423,23.72,3.1425,66.41,3.1426,80.07
1753769579402,06:12:59.402,okx,XRP/USDT:USDT,3.1424,195.65,3.1423,24.51,3.1425,62.26,3.1426,79.31
1753769579502,06:12:59.502,okx,XRP/USDT:USDT,3.1424,196.24,3.1423,24.51,3.1425,42.39,3.1426,59.67
1753769579602,06:12:59.602,okx,XRP/USDT:USDT,3.1424,196.2,3.1423,24.51,3.1425,42.39,3.1426,59.67
1753769579802,06:12:59.802,okx,XRP/USDT:USDT,3.1424,217.33,3.1423,44.92,3.1425,2.71,3.1426,10.61
1753769579902,06:12:59.902,okx,XRP/USDT:USDT,3.1424,217.33,3.1423,45.87,3.1425,2.38,3.1426,1.15
1753769580002,06:13:00.002,okx,XRP/USDT:USDT,3.1424,217.46,3.1423,45.87,3.1425,2.36,3.1426,1.15
1753769580102,06:13:00.102,okx,XRP/USDT:USDT,3.1424,217.46,3.1423,45.87,3.1425,2.36,3.1426,1.15
1753769580202,06:13:00.202,okx,XRP/USDT:USDT,3.1424,217.21,3.1423,45.87,3.1425,2.36,3.1426,1.15
1753769580302,06:13:00.302,okx,XRP/USDT:USDT,3.1424,217.27,3.1423,45.9,3.1425,2.23,3.1426,1.15
1753769580402,06:13:00.402,okx,XRP/USDT:USDT,3.1424,217.27,3.1423,45.9,3.1425,2.23,3.1426,1.15
1753769580602,06:13:00.602,okx,XRP/USDT:USDT,3.1425,152.31,3.1424,214.45,3.1426,1.37,3.1427,34.58
1753769580702,06:13:00.702,okx,XRP/USDT:USDT,3.1425,152.2,3.1424,199.89,3.1426,1.37,3.1427,34.58
1753769580802,06:13:00.802,okx,XRP/USDT:USDT,3.1425,148.25,3.1424,195.94,3.1426,1.37,3.1427,34.58
1753769581002,06:13:01.002,okx,XRP/USDT:USDT,3.1425,152.03,3.1424,199.92,3.1426,1.38,3.1427,34.58
1753769581102,06:13:01.102,okx,XRP/USDT:USDT,3.1425,151.3,3.1424,199.92,3.1426,1.64,3.1427,34.58
1753769581202,06:13:01.202,okx,XRP/USDT:USDT,3.1425,163.07,3.1424,199.92,3.1426,1.37,3.1427,34.58
1753769581302,06:13:01.302,okx,XRP/USDT:USDT,3.1425,167.03,3.1424,181.77,3.1426,1.37,3.1427,34.58
1753769581402,06:13:01.402,okx,XRP/USDT:USDT,3.1425,118.71,3.1424,121.53,3.1426,69.82,3.1427,46.3
1753769581502,06:13:01.502,okx,XRP/USDT:USDT,3.1425,164.26,3.1424,70.89,3.1426,64.34,3.1427,46.26
1753769581602,06:13:01.602,okx,XRP/USDT:USDT,3.1425,173.41,3.1424,70.89,3.1426,61.18,3.1427,42.58
1753769581702,06:13:01.702,okx,XRP/USDT:USDT,3.1425,196.41,3.1424,49.97,3.1426,52.98,3.1427,42.58
1753769581802,06:13:01.802,okx,XRP/USDT:USDT,3.1425,217.86,3.1424,53.43,3.1426,45.81,3.1427,38.58
1753769581902,06:13:01.902,okx,XRP/USDT:USDT,3.1425,217.94,3.1424,53.43,3.1426,45.58,3.1427,38.58
1753769582102,06:13:02.102,okx,XRP/USDT:USDT,3.1425,217.75,3.1424,50.25,3.1426,38.88,3.1427,38.58
1753769582202,06:13:02.202,okx,XRP/USDT:USDT,3.1425,217.98,3.1424,50.25,3.1426,38.88,3.1427,38.58
1753769582302,06:13:02.302,okx,XRP/USDT:USDT,3.1425,217.66,3.1424,50.25,3.1426,48.07,3.1427,38.58
1753769582402,06:13:02.402,okx,XRP/USDT:USDT,3.1425,217.65,3.1424,50.25,3.1426,4.12,3.1427,31.41
1753769582502,06:13:02.502,okx,XRP/USDT:USDT,3.1425,195.56,3.1424,43.14,3.1426,91.79,3.1427,38.58
1753769582602,06:13:02.602,okx,XRP/USDT:USDT,3.1425,196.32,3.1424,43.14,3.1426,92.04,3.1427,38.58
1753769582702,06:13:02.702,okx,XRP/USDT:USDT,3.1425,196.32,3.1424,43.14,3.1426,92.09,3.1427,38.58
1753769582802,06:13:02.802,okx,XRP/USDT:USDT,3.1425,195.69,3.1424,43.14,3.1426,91.85,3.1427,38.58
1753769582902,06:13:02.902,okx,XRP/USDT:USDT,3.1425,200.39,3.1424,47.84,3.1426,61.85,3.1427,38.58
1753769583102,06:13:03.102,okx,XRP/USDT:USDT,3.1425,186.25,3.1424,43.14,3.1426,69.02,3.1427,41.52
1753769583368,06:13:03.368,okx,XRP/USDT:USDT,3.1425,180.82,3.1424,33.14,3.1426,72.03,3.1427,66.65
1753769585008,06:13:05.008,okx,XRP/USDT:USDT,3.1425,134.29,3.1424,23.88,3.1426,191.56,3.1427,91.39
1753769585708,06:13:05.708,okx,XRP/USDT:USDT,3.1425,162.59,3.1424,26.94,3.1426,41.69,3.1427,63.38
1753769585808,06:13:05.808,okx,XRP/USDT:USDT,3.1425,162.59,3.1424,26.94,3.1426,41.36,3.1427,63.38
1753769586208,06:13:06.208,okx,XRP/USDT:USDT,3.1425,165.57,3.1424,26.76,3.1426,45.31,3.1427,63.38
1753769586708,06:13:06.708,okx,XRP/USDT:USDT,3.1425,167.87,3.1424,26.53,3.1426,75.08,3.1427,63.38
1753769586908,06:13:06.908,okx,XRP/USDT:USDT,3.1426,82.17,3.1425,173.6,3.1427,58.05,3.1428,72.53
1753769588208,06:13:08.208,okx,XRP/USDT:USDT,3.1425,98.71,3.1424,22.9,3.1426,140.71,3.1427,208.62
1753769588308,06:13:08.308,okx,XRP/USDT:USDT,3.1425,146.38,3.1424,22.68,3.1426,139.89,3.1427,208.62
1753769588408,06:13:08.408,okx,XRP/USDT:USDT,3.1425,145.97,3.1424,22.68,3.1426,149.91,3.1427,209.38
1753769589008,06:13:09.008,okx,XRP/USDT:USDT,3.1425,147.29,3.1424,22.45,3.1426,159.52,3.1427,206.8
1753769589308,06:13:09.308,okx,XRP/USDT:USDT,3.1425,147.29,3.1424,22.45,3.1426,144.25,3.1427,207.56
1753769589408,06:13:09.408,okx,XRP/USDT:USDT,3.1425,146.56,3.1424,22.45,3.1426,144.25,3.1427,207.56
1753769589708,06:13:09.708,okx,XRP/USDT:USDT,3.1425,146.6,3.1424,22.45,3.1426,144.26,3.1427,207.56
1753769590108,06:13:10.108,okx,XRP/USDT:USDT,3.1425,146.6,3.1424,22.45,3.1426,147.28,3.1427,207.56
1753769590208,06:13:10.208,okx,XRP/USDT:USDT,3.1425,146.6,3.1424,22.45,3.1426,147.28,3.1427,207.56
1753769592308,06:13:12.308,okx,XRP/USDT:USDT,3.1425,122.55,3.1424,22.06,3.1426,226.48,3.1427,143.45
1753769593008,06:13:13.008,okx,XRP/USDT:USDT,3.1425,122.55,3.1424,22.06,3.1426,227.11,3.1427,141.31
1753769593808,06:13:13.808,okx,XRP/USDT:USDT,3.1416,1.66,3.1415,0.13,3.1417,346.79,3.1418,192.35
1753769594108,06:13:14.108,okx,XRP/USDT:USDT,3.1412,74.0,3.1411,1.25,3.1413,157.88,3.1414,156.98
1753769594208,06:13:14.208,okx,XRP/USDT:USDT,3.1412,151.57,3.1411,4.58,3.1413,10.02,3.1414,90.65
1753769595008,06:13:15.008,okx,XRP/USDT:USDT,3.1412,53.09,3.1411,1.25,3.1413,107.61,3.1414,100.43
1753769595208,06:13:15.208,okx,XRP/USDT:USDT,3.1412,55.09,3.1411,1.2,3.1413,93.25,3.1414,96.97
1753769595308,06:13:15.308,okx,XRP/USDT:USDT,3.1411,1.11,3.141,33.98,3.1412,351.03,3.1413,116.19
1753769596008,06:13:16.008,okx,XRP/USDT:USDT,3.1411,1.13,3.141,0.08,3.1412,383.2,3.1413,122.38
1753769596908,06:13:16.908,okx,XRP/USDT:USDT,3.1411,1.12,3.141,0.08,3.1412,363.22,3.1413,122.38
1753769597508,06:13:17.508,okx,XRP/USDT:USDT,3.1411,3.52,3.141,0.08,3.1412,361.75,3.1413,118.5
1753769597808,06:13:17.808,okx,XRP/USDT:USDT,3.1411,3.52,3.141,0.08,3.1412,362.38,3.1413,118.8
1753769598208,06:13:18.208,okx,XRP/USDT:USDT,3.1411,3.52,3.141,0.08,3.1412,360.58,3.1413,119.29
1753769598508,06:13:18.508,okx,XRP/USDT:USDT,3.1409,0.33,3.1408,0.57,3.141,478.49,3.1411,386.41
1753769598608,06:13:18.608,okx,XRP/USDT:USDT,3.1409,0.35,3.1408,0.57,3.141,478.45,3.1411,386.41
1753769598708,06:13:18.708,okx,XRP/USDT:USDT,3.1402,18.38,3.1401,31.88,3.1403,18.6,3.1404,299.39
1753769598908,06:13:18.908,okx,XRP/USDT:USDT,3.1402,73.03,3.1401,23.94,3.1403,30.4,3.1404,53.14
1753769599108,06:13:19.108,okx,XRP/USDT:USDT,3.1402,73.22,3.1401,27.13,3.1403,37.15,3.1404,44.45
1753769599408,06:13:19.408,okx,XRP/USDT:USDT,3.1402,84.99,3.1401,27.04,3.1403,17.74,3.1404,44.45
1753769599508,06:13:19.508,okx,XRP/USDT:USDT,3.1402,83.99,3.1401,23.94,3.1403,22.78,3.1404,54.04
1753769599808,06:13:19.808,okx,XRP/USDT:USDT,3.1402,83.97,3.1401,23.94,3.1403,33.09,3.1404,54.04
1753769600008,06:13:20.008,okx,XRP/USDT:USDT,3.1402,65.29,3.1401,23.94,3.1403,46.0,3.1404,54.04
1753769600308,06:13:20.308,okx,XRP/USDT:USDT,3.1402,80.95,3.1401,23.94,3.1403,43.34,3.1404,54.04
1753769600608,06:13:20.608,okx,XRP/USDT:USDT,3.1402,65.03,3.1401,23.94,3.1403,47.7,3.1404,54.04
1753769600708,06:13:20.708,okx,XRP/USDT:USDT,3.1402,65.03,3.1401,23.94,3.1403,67.0,3.1404,56.75
1753769602108,06:13:22.108,okx,XRP/USDT:USDT,3.141,62.39,3.1409,34.63,3.1411,94.99,3.1412,143.81
1753769602208,06:13:22.208,okx,XRP/USDT:USDT,3.141,62.39,3.1409,33.67,3.1411,79.07,3.1412,145.45
1753769602408,06:13:22.408,okx,XRP/USDT:USDT,3.141,62.41,3.1409,34.83,3.1411,43.04,3.1412,145.45
1753769602508,06:13:22.508,okx,XRP/USDT:USDT,3.141,62.41,3.1409,34.83,3.1411,43.04,3.1412,145.45
1753769602808,06:13:22.808,okx,XRP/USDT:USDT,3.141,62.41,3.1409,34.83,3.1411,43.24,3.1412,145.45
1753769602908,06:13:22.908,okx,XRP/USDT:USDT,3.141,63.6,3.1409,33.64,3.1411,43.25,3.1412,145.45
1753769604008,06:13:24.008,okx,XRP/USDT:USDT,3.1413,42.89,3.1412,83.65,3.1414,58.68,3.1415,79.37
1753769604308,06:13:24.308,okx,XRP/USDT:USDT,3.1413,47.16,3.1412,80.75,3.1414,48.37,3.1415,70.5
1753769604908,06:13:24.908,okx,XRP/USDT:USDT,3.1413,42.88,3.1412,76.41,3.1414,48.39,3.1415,81.66
1753769605408,06:13:25.408,okx,XRP/USDT:USDT,3.1413,54.17,3.1412,76.41,3.1414,51.81,3.1415,81.66
1753769605508,06:13:25.508,okx,XRP/USDT:USDT,3.1413,109.95,3.1412,87.67,3.1414,7.04,3.1415,45.39
1753769605708,06:13:25.708,okx,XRP/USDT:USDT,3.1413,110.25,3.1412,87.67,3.1414,7.41,3.1415,45.39
1753769606708,06:13:26.708,okx,XRP/USDT:USDT,3.1413,153.06,3.1412,146.06,3.1414,7.49,3.1416,0.07
1753769607808,06:13:27.808,okx,XRP/USDT:USDT,3.1418,92.67,3.1417,67.38,3.1419,17.78,3.142,34.96
1753769608308,06:13:28.308,okx,XRP/USDT:USDT,3.1418,112.57,3.1417,70.91,3.1419,9.31,3.142,29.0
1753769608508,06:13:28.508,okx,XRP/USDT:USDT,3.1418,110.17,3.1417,70.91,3.1419,12.87,3.142,29.0
1753769608808,06:13:28.808,okx,XRP/USDT:USDT,3.1418,58.78,3.1417,67.38,3.1419,71.89,3.142,51.28
1753769609008,06:13:29.008,okx,XRP/USDT:USDT,3.1418,46.12,3.1417,67.38,3.1419,75.42,3.142,51.72
1753769609508,06:13:29.508,okx,XRP/USDT:USDT,3.1418,58.27,3.1417,67.38,3.1419,72.14,3.142,64.38
1753769609908,06:13:29.908,okx,XRP/USDT:USDT,3.1418,58.27,3.1417,67.38,3.1419,70.42,3.142,63.84
1753769610308,06:13:30.308,okx,XRP/USDT:USDT,3.1418,40.6,3.1417,67.38,3.1419,92.11,3.142,79.39
1753769610608,06:13:30.608,okx,XRP/USDT:USDT,3.1418,66.32,3.1417,67.38,3.1419,46.47,3.142,76.42
1753769611308,06:13:31.308,okx,XRP/USDT:USDT,3.1418,93.72,3.1417,80.75,3.1419,8.19,3.142,39.25
1753769611908,06:13:31.908,okx,XRP/USDT:USDT,3.1418,88.71,3.1417,74.28,3.1419,8.72,3.142,39.25
1753769613008,06:13:33.008,okx,XRP/USDT:USDT,3.1418,71.19,3.1417,67.38,3.1419,23.36,3.142,55.94
1753769613408,06:13:33.408,okx,XRP/USDT:USDT,3.1418,76.24,3.1417,69.81,3.1419,19.23,3.142,43.18
1753769613908,06:13:33.908,okx,XRP/USDT:USDT,3.1418,39.82,3.1417,29.83,3.1419,97.17,3.142,95.33
1753769614008,06:13:34.008,okx,XRP/USDT:USDT,3.1418,36.09,3.1416,27.83,3.1419,97.17,3.142,111.6
1753769616408,06:13:36.408,okx,XRP/USDT:USDT,3.1415,84.6,3.1414,56.15,3.1416,13.49,3.1417,114.28
1753769619108,06:13:39.108,okx,XRP/USDT:USDT,3.1415,86.14,3.1414,56.11,3.1416,10.04,3.1417,48.21
1753769619308,06:13:39.308,okx,XRP/USDT:USDT,3.1415,92.64,3.1414,63.64,3.1416,10.05,3.1417,48.21
1753769619808,06:13:39.808,okx,XRP/USDT:USDT,3.1415,84.33,3.1414,57.88,3.1416,21.62,3.1417,69.62
1753769620408,06:13:40.408,okx,XRP/USDT:USDT,3.1415,84.25,3.1414,57.88,3.1416,10.3,3.1417,50.28
1753769620808,06:13:40.808,okx,XRP/USDT:USDT,3.1415,87.43,3.1414,57.88,3.1416,10.93,3.1417,48.21
1753769620908,06:13:40.908,okx,XRP/USDT:USDT,3.1415,116.6,3.1414,71.36,3.1416,10.93,3.1418,0.06
1753769621208,06:13:41.208,okx,XRP/USDT:USDT,3.1415,102.85,3.1414,71.36,3.1416,11.12,3.1418,7.65
1753769622108,06:13:42.108,okx,XRP/USDT:USDT,3.1415,103.48,3.1414,71.36,3.1416,11.12,3.1418,36.85
1753769622908,06:13:42.908,okx,XRP/USDT:USDT,3.1415,75.15,3.1414,67.43,3.1416,47.52,3.1417,44.23
1753769623208,06:13:43.208,okx,XRP/USDT:USDT,3.1415,103.9,3.1414,67.43,3.1416,11.7,3.1418,27.17
1753769623508,06:13:43.508,okx,XRP/USDT:USDT,3.1415,103.9,3.1414,67.43,3.1416,11.7,3.1418,27.17
1753769623608,06:13:43.608,okx,XRP/USDT:USDT,3.1415,98.37,3.1414,63.97,3.1416,12.61,3.1418,34.34
1753769624208,06:13:44.208,okx,XRP/USDT:USDT,3.1415,70.12,3.1414,61.9,3.1416,48.78,3.1417,60.1
1753769625108,06:13:45.108,okx,XRP/USDT:USDT,3.1415,106.0,3.1414,71.36,3.1416,9.55,3.1418,36.42
1753769626108,06:13:46.108,okx,XRP/USDT:USDT,3.1415,94.75,3.1414,71.36,3.1416,12.01,3.1418,40.78
1753769627008,06:13:47.008,okx,XRP/USDT:USDT,3.1415,101.04,3.1414,128.36,3.1416,12.72,3.1418,20.94
1753769627308,06:13:47.308,okx,XRP/USDT:USDT,3.1418,120.02,3.1417,127.11,3.1419,1.94,3.142,23.96
1753769627708,06:13:47.708,okx,XRP/USDT:USDT,3.1418,134.96,3.1417,130.36,3.1419,1.18,3.142,0.5
1753769627908,06:13:47.908,okx,XRP/USDT:USDT,3.1418,134.38,3.1417,180.54,3.1419,1.25,3.142,0.47
1753769628408,06:13:48.408,okx,XRP/USDT:USDT,3.1419,177.1,3.1418,70.53,3.142,20.36,3.1421,0.14
1753769629408,06:13:49.408,okx,XRP/USDT:USDT,3.1419,187.54,3.1418,133.93,3.142,0.63,3.1421,0.12
1753769630008,06:13:50.008,okx,XRP/USDT:USDT,3.1417,35.02,3.1416,7.83,3.1418,249.19,3.1419,138.15
1753769630508,06:13:50.508,okx,XRP/USDT:USDT,3.1417,81.96,3.1416,11.38,3.1418,42.53,3.1419,83.08
1753769630708,06:13:50.708,okx,XRP/USDT:USDT,3.1419,77.56,3.1418,129.82,3.142,46.93,3.1421,3.79
1753769630808,06:13:50.808,okx,XRP/USDT:USDT,3.1419,63.77,3.1418,129.82,3.142,53.06,3.1421,3.79
1753769631308,06:13:51.308,okx,XRP/USDT:USDT,3.1419,25.86,3.1418,70.67,3.142,82.39,3.1421,50.84
1753769631608,06:13:51.608,okx,XRP/USDT:USDT,3.1419,25.88,3.1418,70.06,3.142,70.07,3.1421,47.44
1753769631708,06:13:51.708,okx,XRP/USDT:USDT,3.1419,43.5,3.1418,71.92,3.142,53.97,3.1421,47.44
1753769632508,06:13:52.508,okx,XRP/USDT:USDT,3.1415,2.29,3.1414,0.56,3.1416,250.96,3.1417,143.11
1753769632808,06:13:52.808,okx,XRP/USDT:USDT,3.1415,24.41,3.1414,10.68,3.1416,133.83,3.1417,199.49
1753769633308,06:13:53.308,okx,XRP/USDT:USDT,3.1415,89.37,3.1414,12.39,3.1416,6.56,3.1417,89.62
1753769633408,06:13:53.408,okx,XRP/USDT:USDT,3.1415,84.26,3.1414,8.22,3.1416,23.88,3.1417,92.48
1753769633708,06:13:53.708,okx,XRP/USDT:USDT,3.1415,88.51,3.1414,12.57,3.1416,25.17,3.1417,89.62
1753769634208,06:13:54.208,okx,XRP/USDT:USDT,3.1415,38.49,3.1414,8.22,3.1416,99.1,3.1417,93.7
1753769635008,06:13:55.008,okx,XRP/USDT:USDT,3.1415,46.08,3.1414,9.41,3.1416,39.73,3.1417,92.06
1753769635108,06:13:55.108,okx,XRP/USDT:USDT,3.1415,46.38,3.1414,13.31,3.1416,39.74,3.1417,89.62
1753769636608,06:13:56.608,okx,XRP/USDT:USDT,3.1419,138.94,3.1418,51.11,3.142,19.02,3.1421,0.12
1753769637008,06:13:57.008,okx,XRP/USDT:USDT,3.1419,154.2,3.1418,55.0,3.142,0.53,3.1421,30.12
1753769637208,06:13:57.208,okx,XRP/USDT:USDT,3.1419,156.1,3.1418,53.87,3.142,0.57,3.1421,30.12
1753769637808,06:13:57.808,okx,XRP/USDT:USDT,3.1421,32.03,3.142,109.87,3.1422,61.7,3.1423,49.46
1753769638008,06:13:58.008,okx,XRP/USDT:USDT,3.1421,32.03,3.142,109.87,3.1422,61.7,3.1423,51.52
1753769638308,06:13:58.308,okx,XRP/USDT:USDT,3.1421,61.41,3.142,127.33,3.1422,41.29,3.1423,4.11
1753769638808,06:13:58.808,okx,XRP/USDT:USDT,3.1421,36.08,3.142,143.73,3.1422,52.24,3.1423,32.48
1753769639008,06:13:59.008,okx,XRP/USDT:USDT,3.1421,137.91,3.142,159.52,3.1422,1.42,3.1423,0.08
1753769639108,06:13:59.108,okx,XRP/USDT:USDT,3.1421,138.53,3.142,164.29,3.1422,1.42,3.1423,0.08
1753769639608,06:13:59.608,okx,XRP/USDT:USDT,3.1421,132.26,3.142,164.29,3.1422,1.9,3.1423,0.08
1753769639708,06:13:59.708,okx,XRP/USDT:USDT,3.1421,132.26,3.142,164.69,3.1422,1.46,3.1423,0.08
1753769642208,06:14:02.208,okx,XRP/USDT:USDT,3.1421,58.73,3.142,128.62,3.1422,24.14,3.1423,28.22
1753769642308,06:14:02.308,okx,XRP/USDT:USDT,3.1421,58.73,3.142,128.62,3.1422,24.14,3.1423,30.05
1753769642908,06:14:02.908,okx,XRP/USDT:USDT,3.1421,86.42,3.142,128.62,3.1422,4.53,3.1423,0.1
1753769643008,06:14:03.008,okx,XRP/USDT:USDT,3.1421,86.42,3.142,128.62,3.1422,4.53,3.1423,0.1
1753769643308,06:14:03.308,okx,XRP/USDT:USDT,3.1421,58.53,3.142,128.72,3.1422,31.76,3.1423,28.57
1753769644008,06:14:04.008,okx,XRP/USDT:USDT,3.1422,96.58,3.1421,63.56,3.1423,51.57,3.1424,38.78
1753769644308,06:14:04.308,okx,XRP/USDT:USDT,3.1422,96.39,3.1421,66.45,3.1423,38.74,3.1424,36.89
1753769644508,06:14:04.508,okx,XRP/USDT:USDT,3.1422,102.24,3.1421,64.76,3.1423,38.74,3.1424,36.89
1753769645908,06:14:05.908,okx,XRP/USDT:USDT,3.1422,101.24,3.1421,60.31,3.1423,20.91,3.1424,41.04
1753769647008,06:14:07.008,okx,XRP/USDT:USDT,3.1424,214.27,3.1423,134.96,3.1425,2.62,3.1426,1.65
1753769648808,06:14:08.808,okx,XRP/USDT:USDT,3.1425,263.64,3.1424,166.83,3.1426,1.97,3.1427,0.05
1753769649108,06:14:09.108,okx,XRP/USDT:USDT,3.1425,244.09,3.1424,161.18,3.1426,3.61,3.1427,1.69
1753769649708,06:14:09.708,okx,XRP/USDT:USDT,3.1425,225.61,3.1424,163.8,3.1426,2.06,3.1427,0.05
1753769650508,06:14:10.508,okx,XRP/USDT:USDT,3.1425,217.96,3.1424,162.25,3.1426,3.57,3.1427,0.05
1753769651808,06:14:11.808,okx,XRP/USDT:USDT,3.1425,241.5,3.1424,177.11,3.1426,3.47,3.1427,0.05
1753769652608,06:14:12.608,okx,XRP/USDT:USDT,3.1425,241.22,3.1424,167.57,3.1426,3.47,3.1427,0.05
1753769652708,06:14:12.708,okx,XRP/USDT:USDT,3.1425,252.21,3.1424,167.57,3.1426,3.47,3.1427,0.05
1753769653108,06:14:13.108,okx,XRP/USDT:USDT,3.1425,252.24,3.1424,167.57,3.1426,3.47,3.1427,0.05
1753769653408,06:14:13.408,okx,XRP/USDT:USDT,3.1425,252.11,3.1424,167.57,3.1426,3.47,3.1427,0.05
1753769654808,06:14:14.808,okx,XRP/USDT:USDT,3.1427,58.75,3.1426,175.72,3.1428,45.29,3.1429,32.75
1753769655308,06:14:15.308,okx,XRP/USDT:USDT,3.1427,60.75,3.1426,175.82,3.1428,36.31,3.1429,43.67
1753769655908,06:14:15.908,okx,XRP/USDT:USDT,3.1427,91.8,3.1426,176.72,3.1428,5.97,3.1429,0.35
1753769656208,06:14:16.208,okx,XRP/USDT:USDT,3.1427,64.27,3.1426,175.82,3.1428,44.1,3.1429,34.65
1753769656308,06:14:16.308,okx,XRP/USDT:USDT,3.1427,64.23,3.1426,169.77,3.1428,44.1,3.1429,34.65
1753769656608,06:14:16.608,okx,XRP/USDT:USDT,3.1427,62.67,3.1426,169.77,3.1428,36.91,3.1429,32.27
