timestamp,time,exchange,symbol,bid1_price,bid1_volume,bid2_price,bid2_volume,ask1_price,ask1_volume,ask2_price,ask2_volume
1753769526519,06:12:06.519,bybit,ETH/USDT:USDT,3807.0,107.38,3806.99,0.01,3807.01,5.1,3807.08,0.02
1753769526619,06:12:06.619,bybit,ETH/USDT:USDT,3807.0,107.38,3806.99,0.01,3807.01,5.1,3807.08,0.02
1753769526718,06:12:06.718,bybit,ETH/USDT:USDT,3807.0,107.38,3806.99,0.01,3807.01,5.1,3807.08,0.02
1753769526819,06:12:06.819,bybit,ETH/USDT:USDT,3807.0,107.38,3806.99,0.01,3807.01,5.1,3807.05,0.02
1753769526918,06:12:06.918,bybit,ETH/USDT:USDT,3807.0,107.38,3806.99,0.01,3807.01,5.1,3807.05,0.02
1753769527118,06:12:07.118,bybit,ETH/USDT:USDT,3807.0,107.38,3806.99,0.01,3807.01,5.1,3807.05,0.02
1753769527218,06:12:07.218,bybit,ETH/USDT:USDT,3807.0,107.38,3806.99,0.01,3807.01,5.1,3807.05,0.02
1753769527319,06:12:07.319,bybit,ETH/USDT:USDT,3807.0,96.07,3806.99,0.01,3807.01,5.11,3807.05,0.02
1753769527418,06:12:07.418,bybit,ETH/USDT:USDT,3807.0,96.07,3806.99,0.01,3807.01,5.11,3807.05,0.02
1753769527519,06:12:07.519,bybit,ETH/USDT:USDT,3807.0,83.43,3806.99,0.01,3807.01,5.11,3807.05,0.02
1753769527619,06:12:07.619,bybit,ETH/USDT:USDT,3807.0,83.43,3806.99,0.01,3807.01,5.11,3807.05,0.02
1753769527718,06:12:07.718,bybit,ETH/USDT:USDT,3807.0,94.74,3806.99,0.01,3807.01,5.11,3807.05,0.02
1753769527819,06:12:07.819,bybit,ETH/USDT:USDT,3807.0,94.74,3806.99,0.01,3807.01,5.11,3807.05,0.02
1753769528219,06:12:08.219,bybit,ETH/USDT:USDT,3807.0,84.03,3806.99,0.01,3807.01,3.8,3807.05,0.02
1753769528318,06:12:08.318,bybit,ETH/USDT:USDT,3807.0,84.03,3806.99,0.01,3807.01,3.78,3807.05,0.02
1753769528418,06:12:08.418,bybit,ETH/USDT:USDT,3807.0,84.03,3806.99,0.01,3807.01,3.78,3807.05,0.02
1753769528519,06:12:08.519,bybit,ETH/USDT:USDT,3807.0,84.03,3806.99,0.01,3807.01,3.79,3807.05,0.02
1753769528618,06:12:08.618,bybit,ETH/USDT:USDT,3807.0,84.03,3806.99,0.01,3807.01,3.79,3807.05,0.02
1753769528718,06:12:08.718,bybit,ETH/USDT:USDT,3807.0,84.03,3806.99,0.01,3807.01,3.79,3807.05,0.02
1753769528818,06:12:08.818,bybit,ETH/USDT:USDT,3807.0,84.03,3806.99,0.01,3807.01,3.79,3807.05,0.02
1753769528918,06:12:08.918,bybit,ETH/USDT:USDT,3807.0,81.31,3806.99,0.01,3807.01,5.69,3807.05,0.02
1753769529018,06:12:09.018,bybit,ETH/USDT:USDT,3807.0,83.93,3806.99,0.01,3807.01,3.79,3807.05,0.02
1753769529119,06:12:09.119,bybit,ETH/USDT:USDT,3807.0,66.13,3806.99,0.01,3807.01,28.96,3807.05,0.02
1753769529218,06:12:09.218,bybit,ETH/USDT:USDT,3807.0,67.88,3806.99,0.01,3807.01,30.8,3807.05,0.02
1753769529319,06:12:09.319,bybit,ETH/USDT:USDT,3807.0,67.88,3806.99,0.01,3807.01,30.8,3807.05,0.02
1753769530020,06:12:10.020,bybit,ETH/USDT:USDT,3807.0,69.23,3806.99,0.01,3807.01,42.59,3807.05,0.02
1753769530119,06:12:10.119,bybit,ETH/USDT:USDT,3807.0,63.08,3806.99,0.01,3807.01,44.66,3807.05,0.02
1753769530219,06:12:10.219,bybit,ETH/USDT:USDT,3807.0,63.08,3806.99,0.01,3807.01,44.67,3807.05,0.02
1753769530319,06:12:10.319,bybit,ETH/USDT:USDT,3807.0,60.38,3806.99,0.01,3807.01,44.67,3807.05,0.02
1753769530419,06:12:10.419,bybit,ETH/USDT:USDT,3807.0,63.26,3806.99,0.01,3807.01,44.67,3807.05,0.02
1753769530518,06:12:10.518,bybit,ETH/USDT:USDT,3807.0,66.28,3806.99,0.01,3807.01,38.04,3807.05,0.02
1753769530619,06:12:10.619,bybit,ETH/USDT:USDT,3807.0,60.33,3806.99,0.01,3807.01,38.05,3807.05,0.02
1753769530722,06:12:10.722,bybit,ETH/USDT:USDT,3807.68,117.72,3807.67,0.01,3807.69,58.87,3807.7,0.34
1753769531419,06:12:11.419,bybit,ETH/USDT:USDT,3807.68,66.89,3807.67,0.01,3807.69,60.05,3807.7,0.34
1753769531519,06:12:11.519,bybit,ETH/USDT:USDT,3807.68,66.99,3807.67,0.01,3807.69,60.05,3807.7,0.34
1753769531619,06:12:11.619,bybit,ETH/USDT:USDT,3807.68,49.08,3807.67,0.01,3807.69,57.92,3807.7,0.34
1753769531719,06:12:11.719,bybit,ETH/USDT:USDT,3807.68,50.83,3807.67,0.01,3807.69,57.92,3807.7,0.34
1753769532020,06:12:12.020,bybit,ETH/USDT:USDT,3807.68,46.33,3807.67,0.01,3807.69,57.95,3807.7,0.34
1753769532119,06:12:12.119,bybit,ETH/USDT:USDT,3807.68,48.1,3807.67,0.01,3807.69,57.95,3807.7,0.34
1753769532218,06:12:12.218,bybit,ETH/USDT:USDT,3807.68,48.1,3807.67,0.01,3807.69,57.95,3807.7,0.34
1753769532420,06:12:12.420,bybit,ETH/USDT:USDT,3807.34,0.01,3807.32,0.02,3807.35,2.4,3807.36,39.84
1753769532520,06:12:12.520,bybit,ETH/USDT:USDT,3807.34,21.82,3807.32,0.02,3807.35,174.32,3807.36,27.65
1753769532618,06:12:12.618,bybit,ETH/USDT:USDT,3807.34,8.41,3807.32,0.02,3807.35,174.32,3807.36,4.53
1753769532719,06:12:12.719,bybit,ETH/USDT:USDT,3807.34,29.82,3807.32,0.02,3807.35,174.3,3807.36,4.53
1753769533619,06:12:13.619,bybit,ETH/USDT:USDT,3807.34,42.25,3807.32,0.02,3807.35,100.0,3807.36,2.57
1753769533718,06:12:13.718,bybit,ETH/USDT:USDT,3807.34,67.83,3807.32,0.02,3807.35,67.54,3807.36,2.57
1753769533819,06:12:13.819,bybit,ETH/USDT:USDT,3807.34,77.43,3807.32,0.02,3807.35,65.78,3807.36,1.56
1753769534020,06:12:14.020,bybit,ETH/USDT:USDT,3807.34,89.72,3807.32,0.02,3807.35,15.17,3807.43,0.02
1753769534118,06:12:14.118,bybit,ETH/USDT:USDT,3807.34,89.82,3807.32,0.02,3807.35,3.29,3807.43,0.02
1753769534220,06:12:14.220,bybit,ETH/USDT:USDT,3807.54,96.52,3807.53,10.76,3807.55,31.88,3807.58,0.02
1753769534319,06:12:14.319,bybit,ETH/USDT:USDT,3807.59,110.52,3807.58,93.05,3807.6,10.97,3807.62,0.02
1753769534419,06:12:14.419,bybit,ETH/USDT:USDT,3807.59,109.76,3807.58,10.13,3807.6,1.12,3807.62,0.02
1753769534519,06:12:14.519,bybit,ETH/USDT:USDT,3807.59,110.74,3807.58,10.13,3807.6,10.79,3807.62,0.02
1753769534619,06:12:14.619,bybit,ETH/USDT:USDT,3807.59,106.95,3807.58,7.91,3807.6,28.91,3807.62,0.02
1753769535318,06:12:15.318,bybit,ETH/USDT:USDT,3807.59,105.87,3807.58,3.88,3807.6,46.09,3807.62,0.02
1753769535419,06:12:15.419,bybit,ETH/USDT:USDT,3807.59,109.6,3807.58,3.88,3807.6,18.69,3807.62,0.02
1753769535519,06:12:15.519,bybit,ETH/USDT:USDT,3807.59,109.72,3807.58,3.88,3807.6,5.22,3807.62,0.02
1753769535618,06:12:15.618,bybit,ETH/USDT:USDT,3807.59,109.72,3807.58,3.88,3807.6,5.22,3807.62,0.02
1753769535919,06:12:15.919,bybit,ETH/USDT:USDT,3807.59,97.41,3807.58,2.44,3807.6,35.06,3807.62,0.02
1753769536020,06:12:16.020,bybit,ETH/USDT:USDT,3807.59,97.41,3807.58,2.44,3807.6,35.06,3807.62,0.02
1753769536119,06:12:16.119,bybit,ETH/USDT:USDT,3807.59,108.72,3807.58,2.44,3807.6,26.91,3807.62,0.02
1753769536218,06:12:16.218,bybit,ETH/USDT:USDT,3807.59,124.82,3807.58,2.44,3807.6,25.01,3807.62,0.02
1753769536319,06:12:16.319,bybit,ETH/USDT:USDT,3807.59,124.82,3807.58,2.44,3807.6,21.21,3807.62,0.02
1753769536418,06:12:16.418,bybit,ETH/USDT:USDT,3807.59,124.82,3807.58,2.44,3807.6,21.21,3807.62,0.02
1753769536518,06:12:16.518,bybit,ETH/USDT:USDT,3807.59,124.82,3807.58,2.44,3807.6,21.21,3807.62,0.02
1753769536618,06:12:16.618,bybit,ETH/USDT:USDT,3807.59,123.74,3807.58,2.44,3807.6,21.21,3807.62,0.02
1753769536718,06:12:16.718,bybit,ETH/USDT:USDT,3807.59,123.74,3807.58,2.44,3807.6,21.21,3807.62,0.02
1753769536818,06:12:16.818,bybit,ETH/USDT:USDT,3807.59,124.72,3807.58,2.44,3807.6,21.21,3807.62,0.02
1753769536919,06:12:16.919,bybit,ETH/USDT:USDT,3807.59,124.82,3807.58,2.44,3807.6,9.47,3807.62,0.02
1753769538218,06:12:18.218,bybit,ETH/USDT:USDT,3808.07,133.89,3808.01,2.38,3808.08,42.15,3808.09,0.16
1753769538318,06:12:18.318,bybit,ETH/USDT:USDT,3808.07,133.89,3808.01,2.38,3808.08,42.25,3808.09,0.16
1753769538418,06:12:18.418,bybit,ETH/USDT:USDT,3808.07,133.89,3808.01,2.38,3808.08,42.25,3808.09,0.16
1753769538519,06:12:18.519,bybit,ETH/USDT:USDT,3808.07,132.81,3808.01,2.38,3808.08,43.87,3808.09,0.16
1753769538619,06:12:18.619,bybit,ETH/USDT:USDT,3808.07,130.45,3808.01,0.02,3808.08,43.87,3808.09,0.16
1753769538718,06:12:18.718,bybit,ETH/USDT:USDT,3808.07,131.68,3808.01,0.02,3808.08,45.02,3808.09,0.16
1753769538819,06:12:18.819,bybit,ETH/USDT:USDT,3808.07,128.95,3808.01,0.02,3808.08,46.62,3808.09,0.16
1753769538919,06:12:18.919,bybit,ETH/USDT:USDT,3808.07,12.82,3808.01,0.02,3808.08,49.51,3808.09,0.16
1753769539219,06:12:19.219,bybit,ETH/USDT:USDT,3808.07,42.3,3808.01,0.02,3808.08,46.62,3808.1,0.33
1753769539319,06:12:19.319,bybit,ETH/USDT:USDT,3808.07,84.69,3808.01,0.02,3808.08,6.2,3808.11,0.02
1753769539419,06:12:19.419,bybit,ETH/USDT:USDT,3808.07,84.74,3808.01,0.02,3808.08,3.05,3808.11,0.02
1753769539519,06:12:19.519,bybit,ETH/USDT:USDT,3808.07,86.21,3808.01,0.02,3808.08,3.05,3808.11,0.02
1753769539619,06:12:19.619,bybit,ETH/USDT:USDT,3808.07,88.94,3808.01,0.02,3808.08,3.05,3808.11,0.02
1753769539718,06:12:19.718,bybit,ETH/USDT:USDT,3808.07,88.94,3808.01,0.02,3808.08,3.05,3808.11,0.02
1753769539819,06:12:19.819,bybit,ETH/USDT:USDT,3808.07,88.94,3808.01,0.02,3808.08,3.05,3808.11,0.02
1753769540319,06:12:20.319,bybit,ETH/USDT:USDT,3808.07,114.5,3808.01,0.02,3808.08,3.05,3808.11,0.02
1753769540619,06:12:20.619,bybit,ETH/USDT:USDT,3808.07,114.93,3808.02,0.1,3808.08,3.05,3808.11,0.02
1753769540821,06:12:20.821,bybit,ETH/USDT:USDT,3808.51,169.35,3808.5,0.34,3808.52,0.14,3808.57,0.01
1753769541119,06:12:21.119,bybit,ETH/USDT:USDT,3808.51,167.16,3808.5,0.34,3808.52,19.86,3808.57,0.02
1753769541219,06:12:21.219,bybit,ETH/USDT:USDT,3808.51,164.45,3808.5,0.34,3808.52,19.24,3808.57,0.02
1753769541319,06:12:21.319,bybit,ETH/USDT:USDT,3808.51,167.12,3808.5,0.34,3808.52,18.16,3808.57,0.02
1753769541418,06:12:21.418,bybit,ETH/USDT:USDT,3808.51,167.12,3808.5,0.34,3808.52,18.16,3808.57,0.02
1753769541519,06:12:21.519,bybit,ETH/USDT:USDT,3808.51,167.12,3808.5,0.34,3808.52,18.16,3808.57,0.02
1753769541618,06:12:21.618,bybit,ETH/USDT:USDT,3808.51,158.46,3808.5,0.34,3808.52,18.16,3808.57,0.02
1753769541718,06:12:21.718,bybit,ETH/USDT:USDT,3808.51,161.65,3808.5,0.34,3808.52,8.15,3808.57,0.01
1753769541819,06:12:21.819,bybit,ETH/USDT:USDT,3808.65,202.82,3808.61,0.02,3808.66,23.52,3808.68,0.01
1753769541918,06:12:21.918,bybit,ETH/USDT:USDT,3808.65,192.45,3808.61,0.02,3808.66,23.52,3808.68,0.01
1753769542021,06:12:22.021,bybit,ETH/USDT:USDT,3808.65,192.45,3808.61,0.02,3808.66,23.52,3808.68,0.01
1753769542118,06:12:22.118,bybit,ETH/USDT:USDT,3808.65,123.16,3808.61,0.02,3808.66,41.88,3808.68,0.01
1753769542421,06:12:22.421,bybit,ETH/USDT:USDT,3808.04,104.16,3808.01,0.02,3808.05,149.8,3808.07,0.02
1753769542520,06:12:22.520,bybit,ETH/USDT:USDT,3808.04,112.03,3808.01,0.02,3808.05,149.8,3808.07,0.02
1753769542718,06:12:22.718,bybit,ETH/USDT:USDT,3808.04,77.47,3808.01,0.02,3808.05,47.07,3808.07,0.02
1753769542819,06:12:22.819,bybit,ETH/USDT:USDT,3808.04,88.78,3808.01,0.02,3808.05,26.22,3808.07,0.02
1753769542919,06:12:22.919,bybit,ETH/USDT:USDT,3808.04,88.88,3808.01,0.02,3808.05,20.73,3808.07,0.02
1753769543019,06:12:23.019,bybit,ETH/USDT:USDT,3808.14,81.25,3808.09,195.88,3808.15,0.02,3808.19,0.36
1753769543119,06:12:23.119,bybit,ETH/USDT:USDT,3808.21,80.66,3808.2,8.56,3808.22,13.38,3808.26,0.02
1753769543219,06:12:23.219,bybit,ETH/USDT:USDT,3808.21,80.66,3808.2,7.88,3808.22,23.05,3808.26,0.02
1753769543318,06:12:23.318,bybit,ETH/USDT:USDT,3808.21,77.91,3808.2,4.19,3808.22,41.97,3808.26,0.02
1753769543419,06:12:23.419,bybit,ETH/USDT:USDT,3808.21,76.16,3808.2,4.19,3808.22,41.96,3808.26,0.02
1753769544019,06:12:24.019,bybit,ETH/USDT:USDT,3808.21,78.68,3808.2,4.19,3808.22,39.2,3808.26,0.02
1753769544118,06:12:24.118,bybit,ETH/USDT:USDT,3808.21,81.41,3808.2,4.19,3808.22,39.2,3808.26,0.02
1753769544218,06:12:24.218,bybit,ETH/USDT:USDT,3808.21,81.41,3808.2,4.19,3808.22,39.23,3808.26,0.02
1753769544318,06:12:24.318,bybit,ETH/USDT:USDT,3808.21,81.36,3808.2,4.19,3808.22,39.23,3808.26,0.02
1753769544518,06:12:24.518,bybit,ETH/USDT:USDT,3808.21,79.61,3808.2,4.19,3808.22,39.23,3808.26,0.02
1753769544619,06:12:24.619,bybit,ETH/USDT:USDT,3808.21,79.61,3808.2,4.19,3808.22,39.23,3808.26,0.02
1753769544719,06:12:24.719,bybit,ETH/USDT:USDT,3808.21,79.61,3808.2,4.19,3808.22,39.23,3808.26,0.02
1753769544818,06:12:24.818,bybit,ETH/USDT:USDT,3808.21,79.61,3808.2,4.19,3808.22,39.23,3808.26,0.02
1753769544918,06:12:24.918,bybit,ETH/USDT:USDT,3808.21,79.61,3808.2,4.19,3808.22,39.23,3808.26,0.02
1753769545018,06:12:25.018,bybit,ETH/USDT:USDT,3808.21,79.61,3808.2,4.19,3808.22,38.81,3808.26,0.02
1753769545118,06:12:25.118,bybit,ETH/USDT:USDT,3808.21,79.61,3808.2,4.19,3808.22,38.81,3808.26,0.02
1753769545218,06:12:25.218,bybit,ETH/USDT:USDT,3808.21,79.61,3808.2,4.19,3808.22,38.81,3808.26,0.02
1753769545319,06:12:25.319,bybit,ETH/USDT:USDT,3808.21,109.28,3808.2,10.5,3808.22,8.18,3808.26,0.02
1753769545419,06:12:25.419,bybit,ETH/USDT:USDT,3808.39,171.69,3808.38,0.02,3808.4,43.3,3808.41,0.02
1753769545518,06:12:25.518,bybit,ETH/USDT:USDT,3808.39,171.69,3808.38,0.02,3808.4,38.94,3808.41,0.02
1753769545618,06:12:25.618,bybit,ETH/USDT:USDT,3808.39,169.94,3808.38,0.02,3808.4,41.81,3808.41,0.02
1753769545719,06:12:25.719,bybit,ETH/USDT:USDT,3808.39,167.31,3808.38,0.02,3808.4,46.59,3808.41,0.02
1753769545819,06:12:25.819,bybit,ETH/USDT:USDT,3808.39,167.29,3808.38,0.02,3808.4,46.59,3808.41,0.02
1753769545918,06:12:25.918,bybit,ETH/USDT:USDT,3808.39,156.96,3808.38,0.02,3808.4,47.59,3808.41,0.02
1753769546919,06:12:26.919,bybit,ETH/USDT:USDT,3807.92,46.21,3807.9,0.01,3807.93,103.45,3807.99,6.46
1753769547018,06:12:27.018,bybit,ETH/USDT:USDT,3807.92,46.21,3807.9,0.01,3807.93,103.09,3807.98,0.71
1753769547319,06:12:27.319,bybit,ETH/USDT:USDT,3807.92,54.04,3807.9,0.01,3807.93,78.25,3807.98,0.71
1753769547518,06:12:27.518,bybit,ETH/USDT:USDT,3807.92,53.99,3807.9,0.01,3807.93,78.12,3807.98,0.67
1753769547618,06:12:27.618,bybit,ETH/USDT:USDT,3807.92,53.99,3807.9,0.01,3807.93,78.12,3807.98,0.67
1753769547718,06:12:27.718,bybit,ETH/USDT:USDT,3807.92,53.99,3807.9,0.01,3807.93,78.12,3807.98,0.67
1753769547819,06:12:27.819,bybit,ETH/USDT:USDT,3807.92,53.99,3807.9,0.01,3807.93,78.12,3807.98,0.67
1753769548418,06:12:28.418,bybit,ETH/USDT:USDT,3807.92,54.97,3807.9,0.01,3807.93,53.26,3808.0,0.35
1753769548619,06:12:28.619,bybit,ETH/USDT:USDT,3807.92,54.97,3807.9,0.34,3807.93,51.93,3808.0,0.35
1753769548918,06:12:28.918,bybit,ETH/USDT:USDT,3807.92,52.31,3807.9,0.34,3807.93,51.65,3807.99,0.7
1753769549019,06:12:29.019,bybit,ETH/USDT:USDT,3807.92,52.33,3807.9,0.34,3807.93,51.65,3808.0,0.35
1753769549118,06:12:29.118,bybit,ETH/USDT:USDT,3807.92,52.33,3807.9,0.34,3807.93,51.65,3808.0,0.35
1753769549220,06:12:29.220,bybit,ETH/USDT:USDT,3807.92,0.79,3807.9,0.01,3807.93,56.45,3808.0,1.93
1753769550118,06:12:30.118,bybit,ETH/USDT:USDT,3807.41,27.84,3807.4,0.02,3807.42,68.75,3807.43,0.02
1753769550318,06:12:30.318,bybit,ETH/USDT:USDT,3807.41,60.09,3807.4,0.35,3807.42,38.53,3807.43,0.02
1753769552021,06:12:32.021,bybit,ETH/USDT:USDT,3808.45,112.1,3808.41,0.01,3808.46,39.27,3808.49,0.02
1753769552419,06:12:32.419,bybit,ETH/USDT:USDT,3808.45,113.08,3808.4,0.33,3808.46,0.11,3808.49,0.02
1753769552519,06:12:32.519,bybit,ETH/USDT:USDT,3808.45,113.08,3808.41,15.79,3808.46,0.11,3808.49,0.02
1753769553018,06:12:33.018,bybit,ETH/USDT:USDT,3808.45,113.18,3808.41,7.29,3808.46,23.19,3808.49,0.03
1753769553118,06:12:33.118,bybit,ETH/USDT:USDT,3808.45,113.18,3808.41,7.29,3808.46,9.78,3808.49,0.03
1753769553820,06:12:33.820,bybit,ETH/USDT:USDT,3808.91,177.51,3808.9,14.82,3808.92,0.72,3808.94,0.02
1753769553919,06:12:33.919,bybit,ETH/USDT:USDT,3808.91,168.13,3808.9,11.32,3808.92,23.74,3808.94,0.02
1753769554118,06:12:34.118,bybit,ETH/USDT:USDT,3808.91,168.23,3808.9,11.32,3808.92,2.76,3808.94,0.02
1753769554218,06:12:34.218,bybit,ETH/USDT:USDT,3808.91,167.15,3808.9,11.32,3808.92,25.78,3808.94,0.02
1753769554319,06:12:34.319,bybit,ETH/USDT:USDT,3808.91,167.15,3808.9,11.32,3808.92,48.08,3808.94,0.02
1753769554519,06:12:34.519,bybit,ETH/USDT:USDT,3808.91,164.52,3808.9,2.05,3808.92,48.1,3808.94,0.02
1753769554619,06:12:34.619,bybit,ETH/USDT:USDT,3808.91,166.27,3808.9,2.05,3808.92,48.33,3808.94,0.02
1753769554918,06:12:34.918,bybit,ETH/USDT:USDT,3808.91,154.68,3808.9,2.05,3808.92,58.95,3808.94,0.02
1753769555018,06:12:35.018,bybit,ETH/USDT:USDT,3808.91,154.68,3808.9,2.05,3808.92,58.95,3808.94,0.02
1753769555118,06:12:35.118,bybit,ETH/USDT:USDT,3808.91,154.68,3808.9,2.05,3808.92,58.95,3808.94,0.02
1753769555218,06:12:35.218,bybit,ETH/USDT:USDT,3808.91,154.68,3808.9,2.05,3808.92,58.95,3808.94,0.02
1753769555319,06:12:35.319,bybit,ETH/USDT:USDT,3808.91,141.62,3808.9,2.05,3808.92,58.85,3808.94,0.02
1753769555418,06:12:35.418,bybit,ETH/USDT:USDT,3808.91,141.62,3808.9,2.05,3808.92,58.85,3808.94,0.02
1753769555519,06:12:35.519,bybit,ETH/USDT:USDT,3808.91,0.54,3808.84,0.02,3808.92,90.7,3808.94,0.02
1753769555620,06:12:35.620,bybit,ETH/USDT:USDT,3808.75,30.85,3808.73,0.02,3808.76,133.25,3808.77,5.79
1753769555819,06:12:35.819,bybit,ETH/USDT:USDT,3808.75,30.85,3808.73,0.02,3808.76,133.25,3808.77,5.79
1753769555918,06:12:35.918,bybit,ETH/USDT:USDT,3808.75,48.2,3808.73,0.02,3808.76,133.25,3808.77,5.79
1753769556018,06:12:36.018,bybit,ETH/USDT:USDT,3808.75,56.07,3808.73,0.02,3808.76,121.07,3808.77,5.79
1753769556120,06:12:36.120,bybit,ETH/USDT:USDT,3808.75,72.29,3808.73,0.02,3808.76,26.73,3808.8,0.02
1753769556219,06:12:36.219,bybit,ETH/USDT:USDT,3808.75,72.29,3808.73,0.02,3808.76,22.94,3808.8,0.02
1753769556319,06:12:36.319,bybit,ETH/USDT:USDT,3808.75,71.49,3808.73,0.02,3808.76,22.94,3808.8,0.02
1753769556818,06:12:36.818,bybit,ETH/USDT:USDT,3808.75,58.43,3808.73,0.02,3808.76,49.24,3808.8,0.02
1753769557318,06:12:37.318,bybit,ETH/USDT:USDT,3808.75,57.76,3808.73,0.02,3808.76,46.43,3808.8,0.35
1753769557818,06:12:37.818,bybit,ETH/USDT:USDT,3808.75,57.55,3808.73,0.02,3808.76,38.38,3808.8,0.35
1753769558021,06:12:38.021,bybit,ETH/USDT:USDT,3808.75,57.55,3808.73,0.02,3808.76,36.31,3808.8,0.35
1753769558118,06:12:38.118,bybit,ETH/USDT:USDT,3808.75,57.55,3808.73,0.02,3808.76,36.31,3808.8,0.35
1753769558219,06:12:38.219,bybit,ETH/USDT:USDT,3808.75,57.55,3808.73,0.02,3808.76,36.31,3808.8,0.35
1753769558318,06:12:38.318,bybit,ETH/USDT:USDT,3808.75,57.55,3808.73,0.02,3808.76,36.31,3808.8,0.35
1753769558418,06:12:38.418,bybit,ETH/USDT:USDT,3808.75,57.55,3808.73,0.02,3808.76,41.6,3808.8,0.35
1753769558518,06:12:38.518,bybit,ETH/USDT:USDT,3808.75,57.55,3808.73,0.02,3808.76,41.68,3808.8,0.35
1753769558618,06:12:38.618,bybit,ETH/USDT:USDT,3808.75,57.55,3808.73,0.02,3808.76,41.68,3808.8,0.35
1753769558718,06:12:38.718,bybit,ETH/USDT:USDT,3808.75,57.55,3808.73,0.02,3808.76,41.68,3808.8,0.35
1753769558818,06:12:38.818,bybit,ETH/USDT:USDT,3808.75,57.55,3808.73,0.02,3808.76,41.68,3808.8,0.35
1753769558918,06:12:38.918,bybit,ETH/USDT:USDT,3808.75,57.55,3808.73,0.02,3808.76,41.16,3808.8,0.35
1753769559019,06:12:39.019,bybit,ETH/USDT:USDT,3808.75,57.55,3808.73,0.02,3808.76,41.16,3808.8,0.35
1753769559119,06:12:39.119,bybit,ETH/USDT:USDT,3808.75,57.55,3808.73,0.02,3808.76,41.16,3808.8,0.35
1753769559218,06:12:39.218,bybit,ETH/USDT:USDT,3808.75,57.55,3808.73,0.02,3808.76,41.0,3808.8,0.35
1753769559318,06:12:39.318,bybit,ETH/USDT:USDT,3808.75,57.55,3808.73,0.02,3808.76,41.0,3808.8,0.35
1753769559421,06:12:39.421,bybit,ETH/USDT:USDT,3808.65,66.24,3808.57,0.02,3808.66,65.85,3808.68,8.08
1753769559519,06:12:39.519,bybit,ETH/USDT:USDT,3808.65,70.89,3808.59,2.36,3808.66,43.0,3808.68,11.32
1753769559618,06:12:39.618,bybit,ETH/USDT:USDT,3808.65,78.76,3808.59,2.36,3808.66,43.0,3808.68,11.32
1753769559719,06:12:39.719,bybit,ETH/USDT:USDT,3808.65,78.76,3808.59,2.36,3808.66,43.0,3808.68,8.08
1753769559818,06:12:39.818,bybit,ETH/USDT:USDT,3808.65,77.01,3808.59,2.36,3808.66,43.1,3808.68,8.08
1753769559919,06:12:39.919,bybit,ETH/USDT:USDT,3808.65,77.01,3808.59,2.36,3808.66,43.1,3808.69,1.58
1753769560020,06:12:40.020,bybit,ETH/USDT:USDT,3808.65,77.01,3808.59,2.36,3808.66,49.05,3808.69,1.58
1753769560118,06:12:40.118,bybit,ETH/USDT:USDT,3808.65,77.01,3808.59,2.36,3808.66,49.05,3808.69,1.58
1753769560218,06:12:40.218,bybit,ETH/USDT:USDT,3808.65,77.01,3808.59,2.36,3808.66,49.05,3808.69,1.58
1753769560319,06:12:40.319,bybit,ETH/USDT:USDT,3808.65,77.01,3808.59,2.36,3808.66,49.05,3808.69,1.58
1753769560419,06:12:40.419,bybit,ETH/USDT:USDT,3808.65,77.01,3808.59,2.36,3808.66,49.05,3808.69,1.58
1753769560519,06:12:40.519,bybit,ETH/USDT:USDT,3808.65,77.01,3808.59,2.36,3808.66,49.05,3808.69,1.58
1753769560619,06:12:40.619,bybit,ETH/USDT:USDT,3808.65,77.01,3808.59,2.36,3808.66,49.05,3808.69,1.58
1753769560718,06:12:40.718,bybit,ETH/USDT:USDT,3808.65,77.01,3808.59,2.36,3808.66,49.05,3808.69,1.58
1753769560818,06:12:40.818,bybit,ETH/USDT:USDT,3808.65,77.01,3808.59,2.36,3808.66,49.05,3808.69,1.58
1753769560919,06:12:40.919,bybit,ETH/USDT:USDT,3808.65,77.01,3808.59,2.36,3808.66,49.05,3808.69,1.58
1753769561018,06:12:41.018,bybit,ETH/USDT:USDT,3808.65,88.41,3808.59,2.36,3808.66,48.82,3808.69,1.58
1753769561119,06:12:41.119,bybit,ETH/USDT:USDT,3808.65,89.39,3808.59,2.47,3808.66,48.82,3808.69,1.58
1753769561218,06:12:41.218,bybit,ETH/USDT:USDT,3808.65,89.39,3808.59,2.47,3808.66,48.82,3808.69,1.58
1753769561318,06:12:41.318,bybit,ETH/USDT:USDT,3808.65,89.64,3808.59,2.47,3808.66,48.72,3808.69,1.58
1753769561418,06:12:41.418,bybit,ETH/USDT:USDT,3808.65,89.64,3808.59,2.47,3808.66,48.72,3808.69,1.58
1753769561519,06:12:41.519,bybit,ETH/USDT:USDT,3808.65,89.64,3808.59,2.47,3808.66,48.72,3808.69,1.58
1753769561618,06:12:41.618,bybit,ETH/USDT:USDT,3808.65,89.64,3808.59,2.47,3808.66,48.72,3808.69,1.58
1753769561719,06:12:41.719,bybit,ETH/USDT:USDT,3808.65,116.52,3808.6,0.33,3808.66,9.8,3808.72,0.14
1753769561819,06:12:41.819,bybit,ETH/USDT:USDT,3808.65,124.37,3808.6,0.33,3808.66,22.07,3808.72,0.14
1753769561918,06:12:41.918,bybit,ETH/USDT:USDT,3808.65,99.35,3808.6,0.33,3808.66,22.07,3808.72,0.14
1753769562018,06:12:42.018,bybit,ETH/USDT:USDT,3808.65,99.35,3808.6,0.33,3808.66,22.07,3808.72,0.14
1753769562119,06:12:42.119,bybit,ETH/USDT:USDT,3808.65,99.35,3808.6,0.33,3808.66,22.07,3808.72,0.14
1753769562218,06:12:42.218,bybit,ETH/USDT:USDT,3808.65,99.4,3808.6,0.33,3808.66,21.92,3808.72,0.14
1753769562319,06:12:42.319,bybit,ETH/USDT:USDT,3808.65,99.4,3808.6,0.33,3808.66,21.92,3808.72,0.14
1753769562418,06:12:42.418,bybit,ETH/USDT:USDT,3808.65,99.4,3808.6,0.33,3808.66,21.92,3808.72,0.14
1753769562518,06:12:42.518,bybit,ETH/USDT:USDT,3808.65,99.4,3808.6,0.33,3808.66,21.92,3808.72,0.14
1753769562618,06:12:42.618,bybit,ETH/USDT:USDT,3808.65,99.4,3808.6,0.33,3808.66,21.92,3808.72,0.14
1753769562719,06:12:42.719,bybit,ETH/USDT:USDT,3808.65,99.4,3808.6,0.33,3808.66,19.64,3808.72,0.14
1753769562818,06:12:42.818,bybit,ETH/USDT:USDT,3808.65,102.22,3808.6,0.33,3808.66,19.64,3808.72,0.14
1753769562919,06:12:42.919,bybit,ETH/USDT:USDT,3808.65,102.22,3808.6,0.33,3808.66,19.65,3808.72,0.14
1753769563019,06:12:43.019,bybit,ETH/USDT:USDT,3808.65,102.22,3808.6,0.33,3808.66,19.62,3808.72,0.14
1753769563118,06:12:43.118,bybit,ETH/USDT:USDT,3808.65,102.22,3808.6,0.33,3808.66,19.62,3808.72,0.14
1753769563218,06:12:43.218,bybit,ETH/USDT:USDT,3808.65,102.22,3808.6,0.33,3808.66,19.62,3808.72,0.14
1753769563319,06:12:43.319,bybit,ETH/USDT:USDT,3808.65,110.06,3808.6,0.33,3808.66,19.62,3808.72,0.14
1753769563419,06:12:43.419,bybit,ETH/USDT:USDT,3808.65,110.01,3808.6,0.33,3808.66,19.62,3808.72,0.14
1753769563519,06:12:43.519,bybit,ETH/USDT:USDT,3808.65,110.01,3808.6,0.33,3808.66,19.62,3808.72,0.14
1753769563618,06:12:43.618,bybit,ETH/USDT:USDT,3808.65,110.01,3808.6,0.33,3808.66,9.96,3808.72,0.12
1753769563719,06:12:43.719,bybit,ETH/USDT:USDT,3808.65,110.01,3808.6,0.33,3808.66,19.75,3808.72,0.12
1753769563818,06:12:43.818,bybit,ETH/USDT:USDT,3808.65,110.01,3808.6,0.33,3808.66,19.75,3808.72,0.12
1753769563918,06:12:43.918,bybit,ETH/USDT:USDT,3808.65,110.01,3808.6,0.33,3808.66,19.75,3808.72,0.12
1753769564020,06:12:44.020,bybit,ETH/USDT:USDT,3808.65,110.01,3808.6,0.33,3808.66,19.65,3808.72,0.12
1753769564118,06:12:44.118,bybit,ETH/USDT:USDT,3808.65,110.0,3808.63,0.01,3808.66,19.65,3808.72,0.12
1753769564218,06:12:44.218,bybit,ETH/USDT:USDT,3808.65,110.0,3808.63,0.01,3808.66,9.79,3808.72,0.12
1753769564318,06:12:44.318,bybit,ETH/USDT:USDT,3808.65,110.0,3808.63,0.01,3808.66,9.79,3808.72,0.12
1753769564418,06:12:44.418,bybit,ETH/USDT:USDT,3808.65,110.0,3808.63,0.01,3808.66,9.48,3808.72,0.12
1753769564518,06:12:44.518,bybit,ETH/USDT:USDT,3808.65,110.0,3808.63,0.01,3808.66,9.48,3808.72,0.12
1753769564618,06:12:44.618,bybit,ETH/USDT:USDT,3808.65,110.0,3808.63,0.01,3808.66,9.48,3808.72,0.07
1753769564718,06:12:44.718,bybit,ETH/USDT:USDT,3808.65,110.0,3808.63,0.01,3808.66,9.48,3808.72,0.07
1753769564818,06:12:44.818,bybit,ETH/USDT:USDT,3808.65,110.05,3808.63,0.01,3808.66,9.48,3808.72,0.07
1753769564918,06:12:44.918,bybit,ETH/USDT:USDT,3808.65,110.05,3808.63,0.01,3808.66,9.48,3808.72,0.07
1753769565018,06:12:45.018,bybit,ETH/USDT:USDT,3808.65,110.0,3808.63,0.01,3808.66,9.48,3808.72,0.07
1753769565118,06:12:45.118,bybit,ETH/USDT:USDT,3808.65,110.0,3808.63,0.01,3808.66,9.48,3808.72,0.07
1753769565218,06:12:45.218,bybit,ETH/USDT:USDT,3808.65,110.0,3808.63,0.01,3808.66,9.48,3808.72,0.07
1753769565318,06:12:45.318,bybit,ETH/USDT:USDT,3808.65,110.0,3808.63,0.01,3808.66,9.48,3808.72,0.07
1753769565418,06:12:45.418,bybit,ETH/USDT:USDT,3808.65,110.0,3808.63,0.01,3808.66,9.48,3808.72,0.07
1753769565518,06:12:45.518,bybit,ETH/USDT:USDT,3808.65,110.0,3808.63,0.01,3808.66,9.48,3808.72,0.07
1753769565618,06:12:45.618,bybit,ETH/USDT:USDT,3808.65,110.0,3808.63,0.01,3808.66,9.48,3808.72,0.07
1753769565718,06:12:45.718,bybit,ETH/USDT:USDT,3808.65,110.0,3808.63,0.01,3808.66,9.48,3808.72,0.07
1753769565819,06:12:45.819,bybit,ETH/USDT:USDT,3808.91,166.98,3808.9,225.05,3808.92,1.71,3808.94,0.02
1753769565919,06:12:45.919,bybit,ETH/USDT:USDT,3808.91,119.35,3808.9,11.72,3808.92,11.38,3808.94,0.02
1753769566019,06:12:46.019,bybit,ETH/USDT:USDT,3808.91,119.45,3808.9,7.67,3808.92,1.71,3808.94,0.02
1753769566119,06:12:46.119,bybit,ETH/USDT:USDT,3808.91,119.45,3808.9,7.67,3808.92,1.71,3808.94,0.02
1753769566219,06:12:46.219,bybit,ETH/USDT:USDT,3808.91,119.45,3808.9,7.48,3808.92,1.71,3808.94,0.02
1753769566318,06:12:46.318,bybit,ETH/USDT:USDT,3808.91,119.45,3808.9,7.48,3808.92,1.71,3808.94,0.02
1753769566418,06:12:46.418,bybit,ETH/USDT:USDT,3808.91,119.66,3808.9,7.48,3808.92,1.71,3808.94,0.02
1753769566518,06:12:46.518,bybit,ETH/USDT:USDT,3808.91,117.01,3808.9,7.48,3808.92,1.71,3808.94,0.02
1753769566618,06:12:46.618,bybit,ETH/USDT:USDT,3808.91,117.01,3808.9,7.48,3808.92,1.71,3808.94,0.02
1753769566718,06:12:46.718,bybit,ETH/USDT:USDT,3808.91,117.01,3808.9,7.48,3808.92,1.71,3808.94,0.02
1753769566818,06:12:46.818,bybit,ETH/USDT:USDT,3808.91,117.01,3808.9,7.48,3808.92,15.18,3808.94,0.02
1753769566918,06:12:46.918,bybit,ETH/USDT:USDT,3808.91,117.01,3808.9,7.48,3808.92,15.19,3808.94,0.02
1753769567019,06:12:47.019,bybit,ETH/USDT:USDT,3808.91,113.59,3808.9,7.48,3808.92,16.43,3808.94,0.02
1753769567118,06:12:47.118,bybit,ETH/USDT:USDT,3808.91,116.33,3808.9,7.48,3808.92,5.52,3808.94,0.02
1753769567218,06:12:47.218,bybit,ETH/USDT:USDT,3808.91,116.33,3808.9,7.48,3808.92,1.72,3808.94,0.02
1753769567318,06:12:47.318,bybit,ETH/USDT:USDT,3808.91,116.33,3808.9,7.48,3808.92,1.72,3808.94,0.02
1753769567418,06:12:47.418,bybit,ETH/USDT:USDT,3808.91,116.33,3808.9,7.48,3808.92,1.72,3808.94,0.02
1753769567518,06:12:47.518,bybit,ETH/USDT:USDT,3808.91,116.33,3808.9,7.48,3808.92,2.98,3808.94,0.02
1753769567618,06:12:47.618,bybit,ETH/USDT:USDT,3808.91,116.33,3808.9,7.48,3808.92,2.98,3808.94,0.02
1753769567718,06:12:47.718,bybit,ETH/USDT:USDT,3808.91,116.33,3808.9,7.48,3808.92,2.98,3808.94,0.02
1753769567818,06:12:47.818,bybit,ETH/USDT:USDT,3808.91,116.33,3808.9,7.48,3808.92,2.98,3808.94,0.02
1753769567918,06:12:47.918,bybit,ETH/USDT:USDT,3808.91,116.33,3808.9,7.48,3808.92,2.98,3808.94,0.02
1753769568020,06:12:48.020,bybit,ETH/USDT:USDT,3808.91,116.33,3808.9,7.48,3808.92,2.96,3808.94,0.02
1753769568118,06:12:48.118,bybit,ETH/USDT:USDT,3808.91,116.33,3808.9,7.48,3808.92,2.96,3808.94,0.02
1753769568218,06:12:48.218,bybit,ETH/USDT:USDT,3808.91,116.33,3808.9,7.48,3808.92,3.37,3808.94,0.02
1753769568318,06:12:48.318,bybit,ETH/USDT:USDT,3808.91,116.2,3808.9,7.48,3808.92,2.09,3808.94,0.02
1753769568418,06:12:48.418,bybit,ETH/USDT:USDT,3808.91,113.32,3808.9,7.48,3808.92,2.09,3808.94,0.02
1753769568520,06:12:48.520,bybit,ETH/USDT:USDT,3809.07,113.59,3809.06,19.15,3809.08,21.63,3809.09,10.36
1753769568619,06:12:48.619,bybit,ETH/USDT:USDT,3809.07,113.49,3809.06,4.71,3809.08,14.72,3809.1,10.01
1753769568720,06:12:48.720,bybit,ETH/USDT:USDT,3809.11,166.32,3809.1,10.1,3809.12,3.34,3809.13,0.02
1753769568818,06:12:48.818,bybit,ETH/USDT:USDT,3809.11,166.32,3809.1,10.1,3809.12,13.02,3809.13,0.02
1753769568918,06:12:48.918,bybit,ETH/USDT:USDT,3809.11,166.32,3809.1,10.1,3809.12,13.02,3809.13,0.02
1753769569019,06:12:49.019,bybit,ETH/USDT:USDT,3809.11,166.32,3809.1,3.84,3809.12,1.44,3809.13,0.02
1753769569119,06:12:49.119,bybit,ETH/USDT:USDT,3809.11,166.32,3809.1,0.34,3809.12,1.45,3809.13,0.02
1753769569219,06:12:49.219,bybit,ETH/USDT:USDT,3809.11,166.32,3809.1,0.34,3809.12,1.45,3809.13,0.02
1753769569319,06:12:49.319,bybit,ETH/USDT:USDT,3809.11,167.3,3809.1,0.34,3809.12,1.28,3809.13,0.02
1753769569418,06:12:49.418,bybit,ETH/USDT:USDT,3809.11,167.51,3809.1,2.17,3809.12,1.28,3809.13,0.02
1753769569518,06:12:49.518,bybit,ETH/USDT:USDT,3809.11,167.51,3809.1,2.17,3809.12,2.59,3809.13,0.02
1753769569618,06:12:49.618,bybit,ETH/USDT:USDT,3809.11,167.51,3809.1,2.17,3809.12,2.85,3809.13,0.02
1753769569718,06:12:49.718,bybit,ETH/USDT:USDT,3809.11,167.51,3809.1,2.17,3809.12,2.85,3809.13,0.02
1753769569819,06:12:49.819,bybit,ETH/USDT:USDT,3809.11,167.51,3809.1,3.37,3809.12,2.85,3809.13,0.02
1753769569918,06:12:49.918,bybit,ETH/USDT:USDT,3809.11,167.51,3809.1,3.37,3809.12,2.85,3809.13,0.02
1753769570020,06:12:50.020,bybit,ETH/USDT:USDT,3809.11,166.23,3809.1,3.37,3809.12,2.85,3809.13,0.02
1753769570118,06:12:50.118,bybit,ETH/USDT:USDT,3809.11,166.33,3809.1,3.37,3809.12,2.85,3809.13,0.02
1753769570218,06:12:50.218,bybit,ETH/USDT:USDT,3809.11,166.33,3809.1,3.37,3809.12,12.52,3809.13,0.02
1753769570318,06:12:50.318,bybit,ETH/USDT:USDT,3809.11,165.25,3809.1,3.37,3809.12,12.52,3809.13,0.02
1753769570419,06:12:50.419,bybit,ETH/USDT:USDT,3809.11,165.25,3809.1,3.37,3809.12,27.25,3809.13,0.02
1753769570518,06:12:50.518,bybit,ETH/USDT:USDT,3809.11,166.23,3809.1,3.37,3809.12,28.05,3809.13,0.02
1753769570618,06:12:50.618,bybit,ETH/USDT:USDT,3809.11,166.23,3809.1,3.37,3809.12,19.14,3809.13,0.02
1753769570719,06:12:50.719,bybit,ETH/USDT:USDT,3809.11,166.33,3809.1,3.37,3809.12,6.84,3809.13,0.02
1753769570818,06:12:50.818,bybit,ETH/USDT:USDT,3809.11,166.35,3809.1,3.37,3809.12,6.84,3809.13,0.02
1753769570919,06:12:50.919,bybit,ETH/USDT:USDT,3809.11,166.36,3809.1,3.37,3809.12,18.41,3809.13,0.02
1753769571018,06:12:51.018,bybit,ETH/USDT:USDT,3809.11,166.36,3809.1,3.37,3809.12,18.41,3809.13,0.02
1753769571118,06:12:51.118,bybit,ETH/USDT:USDT,3809.11,166.45,3809.1,3.37,3809.12,8.74,3809.13,0.02
1753769571218,06:12:51.218,bybit,ETH/USDT:USDT,3809.11,166.32,3809.1,3.37,3809.12,7.16,3809.13,0.02
1753769571319,06:12:51.319,bybit,ETH/USDT:USDT,3809.11,166.3,3809.1,3.37,3809.12,7.16,3809.13,0.02
1753769571418,06:12:51.418,bybit,ETH/USDT:USDT,3809.11,166.3,3809.1,3.37,3809.12,7.16,3809.13,0.02
1753769571518,06:12:51.518,bybit,ETH/USDT:USDT,3809.11,166.3,3809.1,3.37,3809.12,7.16,3809.13,0.02
1753769571618,06:12:51.618,bybit,ETH/USDT:USDT,3809.11,166.08,3809.1,3.37,3809.12,7.32,3809.13,0.02
1753769571719,06:12:51.719,bybit,ETH/USDT:USDT,3809.11,166.29,3809.1,3.37,3809.12,7.32,3809.13,0.02
1753769571818,06:12:51.818,bybit,ETH/USDT:USDT,3809.11,166.29,3809.1,3.37,3809.12,7.32,3809.13,0.02
1753769571918,06:12:51.918,bybit,ETH/USDT:USDT,3809.11,166.29,3809.1,3.37,3809.12,7.32,3809.13,0.02
1753769572021,06:12:52.021,bybit,ETH/USDT:USDT,3809.11,166.29,3809.1,3.37,3809.12,7.32,3809.13,0.02
1753769572118,06:12:52.118,bybit,ETH/USDT:USDT,3809.11,166.21,3809.1,3.37,3809.12,7.32,3809.13,0.02
1753769572218,06:12:52.218,bybit,ETH/USDT:USDT,3809.11,166.11,3809.1,3.37,3809.12,18.88,3809.13,0.02
1753769572318,06:12:52.318,bybit,ETH/USDT:USDT,3809.11,166.11,3809.1,3.37,3809.12,26.86,3809.13,0.02
1753769572418,06:12:52.418,bybit,ETH/USDT:USDT,3809.11,165.12,3809.1,3.37,3809.12,24.96,3809.13,0.02
1753769572519,06:12:52.519,bybit,ETH/USDT:USDT,3809.11,165.12,3809.1,3.37,3809.12,24.96,3809.13,0.02
1753769572618,06:12:52.618,bybit,ETH/USDT:USDT,3809.11,166.1,3809.1,3.37,3809.12,15.75,3809.13,0.02
1753769572718,06:12:52.718,bybit,ETH/USDT:USDT,3809.11,166.1,3809.1,3.37,3809.12,15.75,3809.13,0.02
1753769572818,06:12:52.818,bybit,ETH/USDT:USDT,3809.11,166.2,3809.1,3.37,3809.12,15.7,3809.13,0.02
1753769572918,06:12:52.918,bybit,ETH/USDT:USDT,3809.11,166.2,3809.1,3.37,3809.12,7.55,3809.13,0.02
1753769573018,06:12:53.018,bybit,ETH/USDT:USDT,3809.11,166.2,3809.1,3.37,3809.12,7.55,3809.13,0.02
1753769573118,06:12:53.118,bybit,ETH/USDT:USDT,3809.11,166.2,3809.1,3.37,3809.12,7.55,3809.13,0.02
1753769573218,06:12:53.218,bybit,ETH/USDT:USDT,3809.11,166.2,3809.1,3.37,3809.12,7.55,3809.13,0.02
1753769573318,06:12:53.318,bybit,ETH/USDT:USDT,3809.11,166.2,3809.1,3.37,3809.12,7.55,3809.13,0.02
1753769573418,06:12:53.418,bybit,ETH/USDT:USDT,3809.11,166.2,3809.1,3.37,3809.12,7.55,3809.13,0.02
1753769573518,06:12:53.518,bybit,ETH/USDT:USDT,3809.11,166.2,3809.1,3.37,3809.12,7.55,3809.13,0.02
1753769573618,06:12:53.618,bybit,ETH/USDT:USDT,3809.11,166.2,3809.1,3.37,3809.12,1.47,3809.13,0.02
1753769573718,06:12:53.718,bybit,ETH/USDT:USDT,3809.11,166.22,3809.1,3.37,3809.12,1.2,3809.13,0.02
1753769573818,06:12:53.818,bybit,ETH/USDT:USDT,3809.11,166.22,3809.1,3.37,3809.12,1.2,3809.13,0.02
1753769573918,06:12:53.918,bybit,ETH/USDT:USDT,3809.11,166.22,3809.1,3.37,3809.12,1.2,3809.13,0.02
1753769574018,06:12:54.018,bybit,ETH/USDT:USDT,3809.11,166.22,3809.1,3.37,3809.12,3.97,3809.13,0.02
1753769574118,06:12:54.118,bybit,ETH/USDT:USDT,3809.11,165.99,3809.1,3.37,3809.12,1.2,3809.13,0.02
1753769574218,06:12:54.218,bybit,ETH/USDT:USDT,3809.11,165.97,3809.1,3.37,3809.12,1.2,3809.13,0.02
1753769574318,06:12:54.318,bybit,ETH/USDT:USDT,3809.11,165.87,3809.1,3.37,3809.12,1.2,3809.13,0.02
1753769574520,06:12:54.520,bybit,ETH/USDT:USDT,3809.27,125.97,3809.26,0.02,3809.28,0.18,3809.3,1.47
1753769574619,06:12:54.619,bybit,ETH/USDT:USDT,3809.27,126.13,3809.26,0.02,3809.28,5.4,3809.3,1.14
1753769574719,06:12:54.719,bybit,ETH/USDT:USDT,3809.27,137.44,3809.26,0.02,3809.28,5.3,3809.3,1.14
1753769574818,06:12:54.818,bybit,ETH/USDT:USDT,3809.27,137.44,3809.26,0.02,3809.28,14.97,3809.3,1.14
1753769574919,06:12:54.919,bybit,ETH/USDT:USDT,3809.27,137.42,3809.26,0.02,3809.28,30.43,3809.3,1.14
1753769575018,06:12:55.018,bybit,ETH/USDT:USDT,3809.27,137.42,3809.26,0.02,3809.28,30.43,3809.3,1.14
1753769575118,06:12:55.118,bybit,ETH/USDT:USDT,3809.27,137.42,3809.26,0.02,3809.28,29.67,3809.3,1.14
1753769575218,06:12:55.218,bybit,ETH/USDT:USDT,3809.27,137.42,3809.26,0.02,3809.28,27.87,3809.3,1.14
1753769575318,06:12:55.318,bybit,ETH/USDT:USDT,3809.27,137.42,3809.26,0.02,3809.28,27.45,3809.3,1.14
1753769575418,06:12:55.418,bybit,ETH/USDT:USDT,3809.27,137.51,3809.26,0.02,3809.28,24.73,3809.3,1.14
1753769575518,06:12:55.518,bybit,ETH/USDT:USDT,3809.27,137.51,3809.26,0.02,3809.28,22.21,3809.3,1.14
1753769575618,06:12:55.618,bybit,ETH/USDT:USDT,3809.27,137.51,3809.26,0.02,3809.28,22.21,3809.3,1.14
1753769575718,06:12:55.718,bybit,ETH/USDT:USDT,3809.27,137.51,3809.26,0.02,3809.28,25.1,3809.3,1.14
1753769575818,06:12:55.818,bybit,ETH/USDT:USDT,3809.27,123.84,3809.26,0.02,3809.28,41.79,3809.3,1.14
1753769575919,06:12:55.919,bybit,ETH/USDT:USDT,3809.27,123.84,3809.26,0.02,3809.28,41.79,3809.3,1.14
1753769576020,06:12:56.020,bybit,ETH/USDT:USDT,3809.27,123.84,3809.26,0.02,3809.28,41.79,3809.3,1.14
1753769576118,06:12:56.118,bybit,ETH/USDT:USDT,3809.27,123.87,3809.26,0.02,3809.28,47.98,3809.3,1.14
1753769576219,06:12:56.219,bybit,ETH/USDT:USDT,3809.27,126.23,3809.26,0.02,3809.28,47.98,3809.3,1.14
1753769576319,06:12:56.319,bybit,ETH/USDT:USDT,3809.27,126.23,3809.26,0.02,3809.28,47.98,3809.3,1.14
1753769576419,06:12:56.419,bybit,ETH/USDT:USDT,3809.27,101.93,3809.26,0.02,3809.28,47.98,3809.3,1.14
1753769576518,06:12:56.518,bybit,ETH/USDT:USDT,3809.27,99.16,3809.26,0.02,3809.28,49.59,3809.3,1.14
1753769576619,06:12:56.619,bybit,ETH/USDT:USDT,3809.27,99.16,3809.26,0.02,3809.28,51.17,3809.3,1.14
1753769576719,06:12:56.719,bybit,ETH/USDT:USDT,3809.27,99.16,3809.26,0.02,3809.28,51.17,3809.3,1.14
1753769576818,06:12:56.818,bybit,ETH/USDT:USDT,3809.27,99.16,3809.26,0.02,3809.28,51.17,3809.3,1.14
1753769576919,06:12:56.919,bybit,ETH/USDT:USDT,3809.27,11.49,3809.26,0.02,3809.28,52.77,3809.3,1.47
1753769577019,06:12:57.019,bybit,ETH/USDT:USDT,3809.27,3.62,3809.26,0.02,3809.28,65.61,3809.3,1.47
1753769577118,06:12:57.118,bybit,ETH/USDT:USDT,3809.27,4.29,3809.26,0.02,3809.28,65.61,3809.3,1.47
1753769577219,06:12:57.219,bybit,ETH/USDT:USDT,3809.27,17.64,3809.26,0.02,3809.28,54.3,3809.3,1.47
1753769577319,06:12:57.319,bybit,ETH/USDT:USDT,3809.27,3.19,3809.26,0.02,3809.28,54.3,3809.3,1.47
1753769577420,06:12:57.420,bybit,ETH/USDT:USDT,3809.27,3.19,3809.26,0.02,3809.28,54.3,3809.3,1.47
1753769577519,06:12:57.519,bybit,ETH/USDT:USDT,3809.27,3.19,3809.26,0.02,3809.28,54.3,3809.3,1.47
1753769577618,06:12:57.618,bybit,ETH/USDT:USDT,3809.27,3.19,3809.26,0.02,3809.28,72.97,3809.3,1.47
1753769577718,06:12:57.718,bybit,ETH/USDT:USDT,3809.27,3.19,3809.26,0.02,3809.28,72.95,3809.3,1.47
1753769577818,06:12:57.818,bybit,ETH/USDT:USDT,3809.27,3.19,3809.26,0.02,3809.28,72.97,3809.3,1.47
1753769577918,06:12:57.918,bybit,ETH/USDT:USDT,3809.27,3.19,3809.26,0.02,3809.28,72.97,3809.3,1.47
1753769578018,06:12:58.018,bybit,ETH/USDT:USDT,3809.27,3.19,3809.26,0.02,3809.28,72.97,3809.3,1.47
1753769578118,06:12:58.118,bybit,ETH/USDT:USDT,3809.27,3.19,3809.26,0.02,3809.28,72.97,3809.3,1.47
1753769578219,06:12:58.219,bybit,ETH/USDT:USDT,3809.27,3.19,3809.26,0.02,3809.28,66.82,3809.3,1.47
1753769578319,06:12:58.319,bybit,ETH/USDT:USDT,3809.27,3.19,3809.26,0.02,3809.28,66.82,3809.3,1.47
1753769578418,06:12:58.418,bybit,ETH/USDT:USDT,3809.27,3.19,3809.26,0.02,3809.28,66.82,3809.3,1.47
1753769578518,06:12:58.518,bybit,ETH/USDT:USDT,3809.27,3.19,3809.26,0.02,3809.28,66.82,3809.3,1.47
1753769578618,06:12:58.618,bybit,ETH/USDT:USDT,3809.27,3.19,3809.26,0.02,3809.28,66.82,3809.3,1.47
1753769578718,06:12:58.718,bybit,ETH/USDT:USDT,3809.27,3.19,3809.26,0.02,3809.28,66.82,3809.3,1.47
1753769578819,06:12:58.819,bybit,ETH/USDT:USDT,3809.27,28.11,3809.26,0.02,3809.28,61.54,3809.3,1.47
1753769578919,06:12:58.919,bybit,ETH/USDT:USDT,3809.27,28.11,3809.26,0.02,3809.28,61.54,3809.3,1.47
1753769579018,06:12:59.018,bybit,ETH/USDT:USDT,3809.27,26.21,3809.26,0.02,3809.28,61.54,3809.3,1.47
1753769579118,06:12:59.118,bybit,ETH/USDT:USDT,3809.27,16.54,3809.26,0.02,3809.28,61.54,3809.3,1.47
1753769579218,06:12:59.218,bybit,ETH/USDT:USDT,3809.27,3.19,3809.26,0.02,3809.28,61.54,3809.3,1.47
1753769579318,06:12:59.318,bybit,ETH/USDT:USDT,3809.27,3.14,3809.26,0.02,3809.28,61.54,3809.3,1.47
1753769579418,06:12:59.418,bybit,ETH/USDT:USDT,3809.27,25.77,3809.26,0.02,3809.28,50.23,3809.3,1.47
1753769579519,06:12:59.519,bybit,ETH/USDT:USDT,3809.27,25.77,3809.26,0.02,3809.28,50.37,3809.3,1.47
1753769579718,06:12:59.718,bybit,ETH/USDT:USDT,3809.27,25.77,3809.26,0.02,3809.28,50.4,3809.3,1.47
1753769579819,06:12:59.819,bybit,ETH/USDT:USDT,3809.27,25.77,3809.26,0.02,3809.28,50.14,3809.3,1.47
1753769579919,06:12:59.919,bybit,ETH/USDT:USDT,3809.27,33.64,3809.26,0.02,3809.28,50.14,3809.3,1.47
1753769580018,06:13:00.018,bybit,ETH/USDT:USDT,3809.27,35.5,3809.26,0.02,3809.28,48.61,3809.3,1.47
1753769580119,06:13:00.119,bybit,ETH/USDT:USDT,3809.27,75.1,3809.26,0.02,3809.28,43.44,3809.3,1.47
1753769580219,06:13:00.219,bybit,ETH/USDT:USDT,3809.27,75.1,3809.26,0.02,3809.28,43.44,3809.3,1.47
1753769580318,06:13:00.318,bybit,ETH/USDT:USDT,3809.27,75.1,3809.26,0.02,3809.28,43.44,3809.3,1.47
1753769580419,06:13:00.419,bybit,ETH/USDT:USDT,3809.27,75.18,3809.26,0.02,3809.28,36.65,3809.3,1.47
1753769580518,06:13:00.518,bybit,ETH/USDT:USDT,3809.27,75.18,3809.26,0.02,3809.28,36.65,3809.3,1.47
1753769580619,06:13:00.619,bybit,ETH/USDT:USDT,3809.27,76.47,3809.26,0.02,3809.28,36.65,3809.3,1.47
1753769580718,06:13:00.718,bybit,ETH/USDT:USDT,3809.27,76.47,3809.26,0.02,3809.28,46.89,3809.3,1.47
1753769580818,06:13:00.818,bybit,ETH/USDT:USDT,3809.27,76.47,3809.26,0.02,3809.28,46.82,3809.3,1.47
1753769580919,06:13:00.919,bybit,ETH/USDT:USDT,3809.27,76.47,3809.26,0.02,3809.28,46.82,3809.3,1.47
1753769581019,06:13:01.019,bybit,ETH/USDT:USDT,3809.27,76.47,3809.26,0.02,3809.28,46.82,3809.3,1.47
1753769581118,06:13:01.118,bybit,ETH/USDT:USDT,3809.27,76.47,3809.26,0.02,3809.28,46.82,3809.3,1.47
1753769581219,06:13:01.219,bybit,ETH/USDT:USDT,3809.27,76.47,3809.26,0.02,3809.28,46.82,3809.3,1.47
1753769581319,06:13:01.319,bybit,ETH/USDT:USDT,3809.27,76.47,3809.26,0.02,3809.28,46.82,3809.3,1.47
1753769581418,06:13:01.418,bybit,ETH/USDT:USDT,3809.27,24.65,3809.26,0.02,3809.28,49.18,3809.3,1.47
1753769581519,06:13:01.519,bybit,ETH/USDT:USDT,3809.27,12.91,3809.26,0.02,3809.28,49.18,3809.3,1.47
1753769581619,06:13:01.619,bybit,ETH/USDT:USDT,3809.27,12.91,3809.26,0.02,3809.28,49.18,3809.3,1.47
1753769581718,06:13:01.718,bybit,ETH/USDT:USDT,3809.27,36.6,3809.26,0.02,3809.28,50.44,3809.3,1.47
1753769581818,06:13:01.818,bybit,ETH/USDT:USDT,3809.27,20.67,3809.26,0.02,3809.28,44.94,3809.3,1.47
1753769581918,06:13:01.918,bybit,ETH/USDT:USDT,3809.27,30.34,3809.26,0.02,3809.28,44.94,3809.3,1.47
1753769582021,06:13:02.021,bybit,ETH/USDT:USDT,3809.27,45.46,3809.26,0.02,3809.28,36.99,3809.3,1.47
1753769582119,06:13:02.119,bybit,ETH/USDT:USDT,3809.27,58.52,3809.26,0.02,3809.28,38.98,3809.3,1.47
1753769582219,06:13:02.219,bybit,ETH/USDT:USDT,3809.27,64.64,3809.26,0.02,3809.28,44.06,3809.3,1.47
1753769582319,06:13:02.319,bybit,ETH/USDT:USDT,3809.27,64.64,3809.26,0.02,3809.28,45.65,3809.3,1.47
1753769582419,06:13:02.419,bybit,ETH/USDT:USDT,3809.27,66.39,3809.26,0.02,3809.28,45.65,3809.3,1.47
1753769582519,06:13:02.519,bybit,ETH/USDT:USDT,3809.27,38.21,3809.26,0.02,3809.28,49.08,3809.3,1.47
1753769582618,06:13:02.618,bybit,ETH/USDT:USDT,3809.27,14.52,3809.26,0.02,3809.28,49.08,3809.3,1.47
1753769582719,06:13:02.719,bybit,ETH/USDT:USDT,3809.27,17.38,3809.26,0.02,3809.28,48.96,3809.3,1.47
1753769582819,06:13:02.819,bybit,ETH/USDT:USDT,3809.27,17.38,3809.26,0.02,3809.28,48.96,3809.3,1.47
1753769582919,06:13:02.919,bybit,ETH/USDT:USDT,3809.27,40.4,3809.26,0.02,3809.28,48.96,3809.3,1.47
1753769583018,06:13:03.018,bybit,ETH/USDT:USDT,3809.27,40.4,3809.26,0.02,3809.28,48.96,3809.3,1.47
1753769583119,06:13:03.119,bybit,ETH/USDT:USDT,3809.27,40.4,3809.26,0.02,3809.28,48.96,3809.3,1.47
1753769583218,06:13:03.218,bybit,ETH/USDT:USDT,3809.27,17.32,3809.26,0.02,3809.28,48.96,3809.3,1.47
1753769583318,06:13:03.318,bybit,ETH/USDT:USDT,3809.27,3.97,3809.26,0.02,3809.28,48.96,3809.3,1.47
1753769583419,06:13:03.419,bybit,ETH/USDT:USDT,3809.27,3.97,3809.26,0.02,3809.28,48.96,3809.3,1.47
1753769583518,06:13:03.518,bybit,ETH/USDT:USDT,3809.27,3.97,3809.26,0.02,3809.28,48.96,3809.3,1.47
1753769583618,06:13:03.618,bybit,ETH/USDT:USDT,3809.27,2.01,3809.26,0.02,3809.28,49.02,3809.3,1.47
1753769583718,06:13:03.718,bybit,ETH/USDT:USDT,3809.27,2.01,3809.26,0.02,3809.28,49.02,3809.3,1.47
1753769583820,06:13:03.820,bybit,ETH/USDT:USDT,3809.13,0.67,3809.11,0.02,3809.14,163.76,3809.15,41.92
1753769583920,06:13:03.920,bybit,ETH/USDT:USDT,3809.1,0.55,3809.07,0.02,3809.11,233.77,3809.12,27.06
1753769584023,06:13:04.023,bybit,ETH/USDT:USDT,3808.82,40.06,3808.8,0.04,3808.83,110.57,3808.85,2.59
1753769584119,06:13:04.119,bybit,ETH/USDT:USDT,3808.82,40.06,3808.8,0.04,3808.83,110.56,3808.85,2.59
1753769584218,06:13:04.218,bybit,ETH/USDT:USDT,3808.82,40.06,3808.8,0.04,3808.83,108.79,3808.85,2.59
1753769584318,06:13:04.318,bybit,ETH/USDT:USDT,3808.82,45.16,3808.8,0.04,3808.83,118.6,3808.85,2.59
1753769584418,06:13:04.418,bybit,ETH/USDT:USDT,3808.82,54.83,3808.8,0.04,3808.83,118.6,3808.85,2.59
1753769584519,06:13:04.519,bybit,ETH/USDT:USDT,3808.82,54.83,3808.8,0.04,3808.83,118.6,3808.85,2.59
1753769584719,06:13:04.719,bybit,ETH/USDT:USDT,3808.82,33.6,3808.8,0.04,3808.83,120.08,3808.85,2.59
1753769585019,06:13:05.019,bybit,ETH/USDT:USDT,3808.82,28.98,3808.8,0.04,3808.83,120.08,3808.85,2.59
1753769585119,06:13:05.119,bybit,ETH/USDT:USDT,3808.82,39.71,3808.8,0.04,3808.83,120.08,3808.85,2.59
1753769585218,06:13:05.218,bybit,ETH/USDT:USDT,3808.82,39.72,3808.8,0.04,3808.83,120.08,3808.85,2.59
1753769585320,06:13:05.320,bybit,ETH/USDT:USDT,3808.82,39.72,3808.8,0.04,3808.83,120.08,3808.85,2.59
1753769585418,06:13:05.418,bybit,ETH/USDT:USDT,3808.82,39.72,3808.8,0.04,3808.83,120.08,3808.85,2.59
1753769585519,06:13:05.519,bybit,ETH/USDT:USDT,3808.82,49.95,3808.8,0.04,3808.83,101.2,3808.85,2.59
1753769585618,06:13:05.618,bybit,ETH/USDT:USDT,3808.82,49.95,3808.8,0.04,3808.83,100.2,3808.85,2.59
1753769585719,06:13:05.719,bybit,ETH/USDT:USDT,3808.82,57.27,3808.8,0.37,3808.83,42.93,3808.85,2.59
1753769585819,06:13:05.819,bybit,ETH/USDT:USDT,3808.82,68.58,3808.8,0.37,3808.83,41.48,3808.85,2.59
1753769585918,06:13:05.918,bybit,ETH/USDT:USDT,3808.82,68.58,3808.8,0.37,3808.83,30.36,3808.88,6.19
1753769586019,06:13:06.019,bybit,ETH/USDT:USDT,3808.82,68.58,3808.8,0.37,3808.83,30.36,3808.88,6.19
1753769586118,06:13:06.118,bybit,ETH/USDT:USDT,3808.82,67.29,3808.8,0.37,3808.83,30.37,3808.88,6.19
1753769586218,06:13:06.218,bybit,ETH/USDT:USDT,3808.82,68.01,3808.8,0.37,3808.83,40.04,3808.88,6.19
1753769586319,06:13:06.319,bybit,ETH/USDT:USDT,3808.82,68.01,3808.8,0.37,3808.83,40.04,3808.88,6.19
1753769586419,06:13:06.419,bybit,ETH/USDT:USDT,3808.82,66.26,3808.8,0.37,3808.83,49.07,3808.88,6.19
1753769586518,06:13:06.518,bybit,ETH/USDT:USDT,3808.82,64.26,3808.8,0.37,3808.83,49.07,3808.88,6.19
1753769586618,06:13:06.618,bybit,ETH/USDT:USDT,3808.82,64.26,3808.8,0.37,3808.83,49.06,3808.88,6.19
1753769586718,06:13:06.718,bybit,ETH/USDT:USDT,3808.82,64.36,3808.8,0.37,3808.83,49.16,3808.88,6.19
1753769586819,06:13:06.819,bybit,ETH/USDT:USDT,3808.82,64.36,3808.8,0.37,3808.83,49.16,3808.88,6.19
1753769586918,06:13:06.918,bybit,ETH/USDT:USDT,3808.82,64.36,3808.8,0.37,3808.83,49.16,3808.88,6.19
1753769587019,06:13:07.019,bybit,ETH/USDT:USDT,3808.82,53.04,3808.8,0.37,3808.83,47.08,3808.88,6.19
1753769587119,06:13:07.119,bybit,ETH/USDT:USDT,3808.82,53.04,3808.8,0.37,3808.83,47.08,3808.88,6.19
1753769587218,06:13:07.218,bybit,ETH/USDT:USDT,3808.82,53.04,3808.8,0.37,3808.83,47.08,3808.88,6.19
1753769587319,06:13:07.319,bybit,ETH/USDT:USDT,3808.82,54.25,3808.8,0.37,3808.83,47.08,3808.88,6.19
1753769587419,06:13:07.419,bybit,ETH/USDT:USDT,3808.82,38.13,3808.8,0.37,3808.83,49.85,3808.88,10.04
1753769587519,06:13:07.519,bybit,ETH/USDT:USDT,3808.82,33.03,3808.8,0.37,3808.83,49.85,3808.88,10.04
1753769587618,06:13:07.618,bybit,ETH/USDT:USDT,3808.82,38.13,3808.8,0.37,3808.83,47.85,3808.88,10.04
1753769587719,06:13:07.719,bybit,ETH/USDT:USDT,3808.82,38.13,3808.8,0.37,3808.83,47.64,3808.88,10.04
1753769587819,06:13:07.819,bybit,ETH/USDT:USDT,3808.82,38.13,3808.8,0.37,3808.83,47.64,3808.88,10.04
1753769587918,06:13:07.918,bybit,ETH/USDT:USDT,3808.82,41.14,3808.8,0.37,3808.83,47.64,3808.88,10.04
1753769588020,06:13:08.020,bybit,ETH/USDT:USDT,3808.82,41.08,3808.8,0.37,3808.83,47.64,3808.88,10.04
1753769588119,06:13:08.119,bybit,ETH/USDT:USDT,3808.82,41.07,3808.8,0.37,3808.83,47.64,3808.88,10.04
1753769588218,06:13:08.218,bybit,ETH/USDT:USDT,3808.82,41.07,3808.8,0.37,3808.83,47.64,3808.88,6.19
1753769588319,06:13:08.319,bybit,ETH/USDT:USDT,3808.82,41.07,3808.8,0.37,3808.83,47.64,3808.88,6.19
1753769588418,06:13:08.418,bybit,ETH/USDT:USDT,3808.82,41.07,3808.8,0.37,3808.83,47.64,3808.88,6.19
1753769588518,06:13:08.518,bybit,ETH/USDT:USDT,3808.82,37.57,3808.8,0.37,3808.83,47.64,3808.88,9.13
1753769588619,06:13:08.619,bybit,ETH/USDT:USDT,3808.82,37.57,3808.8,0.37,3808.83,47.62,3808.88,9.13
1753769588718,06:13:08.718,bybit,ETH/USDT:USDT,3808.82,37.58,3808.8,0.37,3808.83,47.56,3808.88,9.13
1753769588818,06:13:08.818,bybit,ETH/USDT:USDT,3808.82,37.57,3808.8,0.37,3808.83,47.64,3808.88,9.13
1753769588918,06:13:08.918,bybit,ETH/USDT:USDT,3808.82,37.57,3808.8,0.37,3808.83,47.69,3808.84,0.07
1753769589019,06:13:09.019,bybit,ETH/USDT:USDT,3808.82,25.63,3808.8,0.37,3808.83,47.69,3808.84,0.07
1753769589119,06:13:09.119,bybit,ETH/USDT:USDT,3808.82,17.63,3808.8,0.04,3808.83,47.69,3808.84,0.07
1753769589219,06:13:09.219,bybit,ETH/USDT:USDT,3808.82,17.76,3808.8,0.04,3808.83,47.69,3808.84,0.07
1753769589318,06:13:09.318,bybit,ETH/USDT:USDT,3808.82,17.76,3808.8,0.04,3808.83,47.69,3808.84,0.07
1753769589419,06:13:09.419,bybit,ETH/USDT:USDT,3808.82,17.76,3808.8,0.04,3808.83,47.69,3808.84,0.07
1753769589519,06:13:09.519,bybit,ETH/USDT:USDT,3808.82,17.75,3808.8,0.04,3808.83,47.69,3808.84,0.07
1753769589619,06:13:09.619,bybit,ETH/USDT:USDT,3808.82,17.75,3808.8,0.04,3808.83,47.69,3808.84,0.07
1753769589719,06:13:09.719,bybit,ETH/USDT:USDT,3808.82,25.62,3808.8,0.04,3808.83,47.69,3808.84,0.07
1753769589819,06:13:09.819,bybit,ETH/USDT:USDT,3808.82,25.62,3808.8,0.04,3808.83,47.68,3808.84,0.07
1753769589918,06:13:09.918,bybit,ETH/USDT:USDT,3808.82,17.74,3808.8,0.04,3808.83,47.68,3808.84,0.07
1753769590018,06:13:10.018,bybit,ETH/USDT:USDT,3808.82,17.74,3808.8,0.04,3808.83,47.68,3808.84,0.07
1753769590118,06:13:10.118,bybit,ETH/USDT:USDT,3808.82,17.66,3808.8,0.04,3808.83,47.68,3808.84,0.07
1753769590219,06:13:10.219,bybit,ETH/USDT:USDT,3808.82,17.66,3808.8,0.04,3808.83,47.68,3808.84,0.07
1753769590319,06:13:10.319,bybit,ETH/USDT:USDT,3808.82,17.66,3808.8,0.04,3808.83,47.68,3808.84,0.07
1753769590418,06:13:10.418,bybit,ETH/USDT:USDT,3808.82,25.53,3808.8,0.04,3808.83,47.68,3808.84,0.07
1753769590518,06:13:10.518,bybit,ETH/USDT:USDT,3808.82,17.66,3808.8,0.04,3808.83,47.68,3808.84,0.07
1753769590619,06:13:10.619,bybit,ETH/USDT:USDT,3808.82,51.14,3808.8,0.04,3808.83,50.19,3808.84,0.07
1753769590719,06:13:10.719,bybit,ETH/USDT:USDT,3808.82,51.14,3808.8,0.37,3808.83,50.2,3808.84,0.07
1753769590819,06:13:10.819,bybit,ETH/USDT:USDT,3808.82,51.14,3808.8,0.37,3808.83,46.93,3808.84,0.07
1753769590918,06:13:10.918,bybit,ETH/USDT:USDT,3808.82,51.14,3808.8,0.37,3808.83,46.93,3808.84,0.07
1753769591019,06:13:11.019,bybit,ETH/USDT:USDT,3808.82,51.14,3808.8,0.37,3808.83,46.95,3808.84,0.07
1753769591118,06:13:11.118,bybit,ETH/USDT:USDT,3808.82,48.37,3808.8,0.37,3808.83,50.42,3808.84,0.07
1753769591319,06:13:11.319,bybit,ETH/USDT:USDT,3808.82,48.37,3808.8,0.37,3808.83,50.39,3808.84,0.07
1753769591419,06:13:11.419,bybit,ETH/USDT:USDT,3808.82,48.37,3808.8,0.37,3808.83,50.39,3808.84,0.07
1753769591519,06:13:11.519,bybit,ETH/USDT:USDT,3808.82,56.07,3808.8,0.37,3808.83,41.59,3808.84,0.07
1753769591618,06:13:11.618,bybit,ETH/USDT:USDT,3808.82,56.07,3808.8,0.37,3808.83,39.67,3808.84,0.07
1753769591718,06:13:11.718,bybit,ETH/USDT:USDT,3808.82,54.06,3808.8,0.37,3808.83,47.24,3808.84,0.07
1753769591819,06:13:11.819,bybit,ETH/USDT:USDT,3808.82,56.83,3808.8,0.37,3808.83,43.98,3808.84,0.07
1753769591918,06:13:11.918,bybit,ETH/USDT:USDT,3808.82,60.67,3808.8,0.37,3808.83,46.84,3808.84,0.07
1753769592020,06:13:12.020,bybit,ETH/USDT:USDT,3808.82,60.67,3808.8,0.37,3808.83,46.84,3808.84,0.07
1753769592119,06:13:12.119,bybit,ETH/USDT:USDT,3808.82,57.9,3808.8,0.37,3808.83,39.05,3808.84,0.07
1753769592218,06:13:12.218,bybit,ETH/USDT:USDT,3808.82,57.9,3808.8,0.37,3808.83,41.61,3808.84,0.07
1753769592319,06:13:12.319,bybit,ETH/USDT:USDT,3808.82,60.67,3808.8,0.37,3808.83,41.61,3808.84,0.07
1753769592418,06:13:12.418,bybit,ETH/USDT:USDT,3808.82,46.56,3808.8,0.37,3808.83,46.93,3808.84,0.07
1753769592519,06:13:12.519,bybit,ETH/USDT:USDT,3808.82,46.56,3808.8,0.37,3808.83,46.93,3808.84,0.07
1753769592619,06:13:12.619,bybit,ETH/USDT:USDT,3808.82,43.47,3808.8,0.37,3808.83,47.58,3808.84,0.07
1753769592719,06:13:12.719,bybit,ETH/USDT:USDT,3808.82,43.47,3808.8,0.37,3808.83,47.46,3808.84,0.07
1753769592819,06:13:12.819,bybit,ETH/USDT:USDT,3808.82,43.47,3808.8,0.37,3808.83,52.32,3808.84,0.07
1753769592919,06:13:12.919,bybit,ETH/USDT:USDT,3808.82,43.47,3808.8,0.37,3808.83,52.32,3808.84,0.07
1753769593019,06:13:13.019,bybit,ETH/USDT:USDT,3808.82,46.24,3808.8,0.37,3808.83,51.56,3808.84,0.07
1753769593119,06:13:13.119,bybit,ETH/USDT:USDT,3808.82,49.52,3808.8,0.37,3808.83,45.59,3808.84,0.07
1753769593218,06:13:13.218,bybit,ETH/USDT:USDT,3808.82,49.4,3808.8,0.37,3808.83,45.58,3808.84,0.07
1753769593319,06:13:13.319,bybit,ETH/USDT:USDT,3808.82,5.81,3808.8,0.04,3808.83,57.42,3808.84,0.07
1753769593419,06:13:13.419,bybit,ETH/USDT:USDT,3808.82,5.81,3808.8,0.04,3808.83,57.42,3808.84,0.07
1753769593720,06:13:13.720,bybit,ETH/USDT:USDT,3808.3,76.1,3808.29,3.13,3808.31,41.79,3808.34,0.01
1753769593919,06:13:13.919,bybit,ETH/USDT:USDT,3808.3,84.31,3808.29,3.13,3808.31,32.77,3808.36,1.58
1753769594021,06:13:14.021,bybit,ETH/USDT:USDT,3808.3,86.06,3808.29,3.13,3808.31,11.23,3808.36,1.58
1753769594118,06:13:14.118,bybit,ETH/USDT:USDT,3808.3,97.37,3808.29,3.13,3808.31,11.23,3808.36,1.58
1753769594219,06:13:14.219,bybit,ETH/USDT:USDT,3808.3,97.37,3808.29,8.08,3808.31,1.56,3808.36,1.58
1753769594318,06:13:14.318,bybit,ETH/USDT:USDT,3808.3,98.35,3808.29,8.08,3808.31,16.09,3808.36,1.58
1753769594419,06:13:14.419,bybit,ETH/USDT:USDT,3808.3,98.45,3808.29,4.35,3808.31,16.19,3808.36,1.58
1753769594519,06:13:14.519,bybit,ETH/USDT:USDT,3808.3,98.45,3808.29,4.35,3808.31,16.19,3808.36,1.58
1753769594618,06:13:14.618,bybit,ETH/USDT:USDT,3808.3,98.45,3808.29,4.35,3808.31,6.52,3808.36,1.58
1753769594718,06:13:14.718,bybit,ETH/USDT:USDT,3808.3,93.0,3808.29,4.35,3808.31,29.76,3808.36,1.58
1753769594819,06:13:14.819,bybit,ETH/USDT:USDT,3808.3,93.98,3808.29,1.79,3808.31,29.82,3808.36,1.58
1753769594919,06:13:14.919,bybit,ETH/USDT:USDT,3808.3,89.85,3808.29,1.79,3808.31,47.93,3808.35,4.6
1753769595019,06:13:15.019,bybit,ETH/USDT:USDT,3808.3,89.85,3808.29,1.79,3808.31,45.16,3808.35,4.6
1753769595118,06:13:15.118,bybit,ETH/USDT:USDT,3808.3,89.85,3808.29,1.79,3808.31,45.16,3808.35,4.6
1753769595219,06:13:15.219,bybit,ETH/USDT:USDT,3808.3,90.83,3808.29,1.79,3808.31,37.01,3808.35,4.6
1753769595318,06:13:15.318,bybit,ETH/USDT:USDT,3808.3,90.82,3808.29,1.79,3808.31,38.34,3808.35,4.6
1753769595419,06:13:15.419,bybit,ETH/USDT:USDT,3808.3,89.84,3808.29,1.79,3808.31,38.34,3808.35,4.6
1753769595518,06:13:15.518,bybit,ETH/USDT:USDT,3808.3,89.84,3808.29,1.79,3808.31,38.34,3808.35,4.6
1753769595619,06:13:15.619,bybit,ETH/USDT:USDT,3808.3,89.84,3808.29,1.79,3808.31,38.34,3808.35,4.6
1753769595718,06:13:15.718,bybit,ETH/USDT:USDT,3808.3,89.84,3808.29,1.79,3808.31,40.5,3808.35,4.6
1753769595819,06:13:15.819,bybit,ETH/USDT:USDT,3808.3,81.97,3808.29,1.79,3808.31,40.56,3808.35,4.6
1753769595919,06:13:15.919,bybit,ETH/USDT:USDT,3808.3,89.84,3808.29,1.79,3808.31,40.56,3808.35,4.6
1753769596018,06:13:16.018,bybit,ETH/USDT:USDT,3808.3,89.84,3808.29,1.79,3808.31,40.56,3808.35,4.6
1753769596119,06:13:16.119,bybit,ETH/USDT:USDT,3808.3,89.84,3808.29,1.79,3808.31,47.25,3808.35,4.6
1753769596219,06:13:16.219,bybit,ETH/USDT:USDT,3808.3,89.84,3808.29,1.79,3808.31,40.83,3808.35,4.6
1753769596319,06:13:16.319,bybit,ETH/USDT:USDT,3808.3,89.84,3808.29,1.79,3808.31,40.83,3808.35,4.6
1753769596419,06:13:16.419,bybit,ETH/USDT:USDT,3808.3,89.84,3808.29,1.79,3808.31,40.83,3808.35,4.6
1753769596519,06:13:16.519,bybit,ETH/USDT:USDT,3808.3,89.78,3808.29,1.79,3808.31,40.84,3808.35,4.6
1753769596618,06:13:16.618,bybit,ETH/USDT:USDT,3808.3,90.76,3808.29,1.79,3808.31,39.53,3808.35,4.6
1753769596719,06:13:16.719,bybit,ETH/USDT:USDT,3808.3,92.77,3808.29,1.79,3808.31,39.56,3808.35,4.6
1753769596818,06:13:16.818,bybit,ETH/USDT:USDT,3808.3,92.77,3808.29,1.79,3808.31,37.88,3808.35,4.6
1753769596919,06:13:16.919,bybit,ETH/USDT:USDT,3808.3,91.6,3808.29,1.79,3808.31,39.63,3808.35,4.6
1753769597018,06:13:17.018,bybit,ETH/USDT:USDT,3808.3,91.7,3808.29,1.79,3808.31,39.63,3808.35,4.6
1753769597118,06:13:17.118,bybit,ETH/USDT:USDT,3808.3,91.7,3808.29,1.79,3808.31,39.63,3808.35,4.6
1753769597219,06:13:17.219,bybit,ETH/USDT:USDT,3808.3,91.7,3808.29,1.79,3808.31,39.63,3808.35,4.6
1753769597319,06:13:17.319,bybit,ETH/USDT:USDT,3808.3,91.7,3808.29,1.79,3808.31,39.63,3808.35,4.6
1753769597418,06:13:17.418,bybit,ETH/USDT:USDT,3808.3,91.7,3808.29,1.79,3808.31,39.63,3808.35,4.6
1753769597519,06:13:17.519,bybit,ETH/USDT:USDT,3808.3,91.7,3808.29,1.79,3808.31,47.27,3808.35,4.6
1753769597718,06:13:17.718,bybit,ETH/USDT:USDT,3808.3,77.55,3808.29,1.79,3808.31,51.96,3808.35,4.6
1753769597819,06:13:17.819,bybit,ETH/USDT:USDT,3808.3,85.42,3808.29,1.79,3808.31,49.19,3808.35,4.6
1753769597918,06:13:17.918,bybit,ETH/USDT:USDT,3808.3,85.42,3808.29,1.79,3808.31,49.19,3808.35,4.6
1753769598020,06:13:18.020,bybit,ETH/USDT:USDT,3808.3,87.43,3808.29,1.79,3808.31,49.19,3808.35,4.6
1753769598118,06:13:18.118,bybit,ETH/USDT:USDT,3808.3,87.43,3808.29,1.79,3808.31,41.55,3808.35,4.6
1753769598219,06:13:18.219,bybit,ETH/USDT:USDT,3808.3,88.41,3808.29,1.79,3808.31,48.67,3808.35,4.6
1753769598318,06:13:18.318,bybit,ETH/USDT:USDT,3808.3,88.41,3808.29,1.79,3808.31,48.67,3808.35,4.6
1753769598419,06:13:18.419,bybit,ETH/USDT:USDT,3808.3,37.88,3808.29,1.79,3808.31,49.43,3808.35,4.6
1753769598519,06:13:18.519,bybit,ETH/USDT:USDT,3808.3,37.88,3808.29,1.79,3808.31,49.23,3808.35,4.6
1753769598619,06:13:18.619,bybit,ETH/USDT:USDT,3808.3,37.89,3808.29,1.79,3808.31,49.24,3808.35,4.6
1753769598719,06:13:18.719,bybit,ETH/USDT:USDT,3808.3,37.89,3808.29,1.79,3808.31,49.33,3808.35,4.6
1753769598819,06:13:18.819,bybit,ETH/USDT:USDT,3808.3,37.89,3808.29,1.79,3808.31,49.33,3808.35,4.6
1753769598918,06:13:18.918,bybit,ETH/USDT:USDT,3808.3,37.44,3808.29,1.79,3808.31,49.33,3808.35,4.6
1753769599019,06:13:19.019,bybit,ETH/USDT:USDT,3808.3,37.45,3808.29,1.79,3808.31,49.33,3808.35,4.6
1753769599118,06:13:19.118,bybit,ETH/USDT:USDT,3808.3,37.45,3808.29,1.79,3808.31,49.33,3808.35,4.6
1753769599218,06:13:19.218,bybit,ETH/USDT:USDT,3808.3,37.45,3808.29,1.79,3808.31,49.33,3808.35,4.6
1753769599318,06:13:19.318,bybit,ETH/USDT:USDT,3808.3,37.45,3808.29,1.79,3808.31,49.33,3808.35,4.6
1753769599419,06:13:19.419,bybit,ETH/USDT:USDT,3808.3,37.45,3808.29,1.79,3808.31,49.33,3808.35,4.6
1753769599518,06:13:19.518,bybit,ETH/USDT:USDT,3808.3,37.45,3808.29,1.79,3808.31,49.33,3808.35,4.6
1753769599618,06:13:19.618,bybit,ETH/USDT:USDT,3808.3,37.45,3808.29,1.79,3808.31,49.33,3808.35,4.6
1753769599719,06:13:19.719,bybit,ETH/USDT:USDT,3808.3,37.45,3808.29,1.79,3808.31,49.38,3808.35,4.6
1753769599818,06:13:19.818,bybit,ETH/USDT:USDT,3808.3,38.3,3808.29,1.79,3808.31,49.38,3808.35,4.6
1753769599918,06:13:19.918,bybit,ETH/USDT:USDT,3808.3,38.3,3808.29,1.79,3808.31,49.38,3808.35,4.6
1753769600018,06:13:20.018,bybit,ETH/USDT:USDT,3808.3,38.3,3808.29,1.79,3808.31,49.38,3808.35,4.6
1753769600119,06:13:20.119,bybit,ETH/USDT:USDT,3808.3,56.62,3808.29,5.31,3808.31,39.1,3808.35,4.6
1753769600219,06:13:20.219,bybit,ETH/USDT:USDT,3808.3,30.45,3808.28,0.01,3808.31,57.37,3808.35,4.6
1753769600319,06:13:20.319,bybit,ETH/USDT:USDT,3808.3,30.45,3808.28,0.01,3808.31,57.37,3808.35,4.6
1753769600419,06:13:20.419,bybit,ETH/USDT:USDT,3808.3,30.12,3808.28,0.01,3808.31,57.37,3808.35,4.6
1753769600518,06:13:20.518,bybit,ETH/USDT:USDT,3808.3,30.03,3808.28,0.01,3808.31,57.37,3808.35,4.6
1753769600618,06:13:20.618,bybit,ETH/USDT:USDT,3808.3,37.9,3808.28,0.01,3808.31,57.47,3808.35,4.6
1753769600719,06:13:20.719,bybit,ETH/USDT:USDT,3808.3,18.29,3808.28,0.01,3808.31,57.44,3808.35,4.6
1753769600818,06:13:20.818,bybit,ETH/USDT:USDT,3808.3,30.73,3808.28,0.01,3808.31,65.16,3808.35,4.6
1753769600918,06:13:20.918,bybit,ETH/USDT:USDT,3808.3,27.96,3808.28,0.01,3808.31,66.04,3808.35,4.6
1753769601019,06:13:21.019,bybit,ETH/USDT:USDT,3808.3,27.96,3808.28,0.01,3808.31,66.04,3808.35,4.6
1753769601118,06:13:21.118,bybit,ETH/USDT:USDT,3808.3,35.82,3808.28,0.01,3808.31,66.04,3808.35,4.6
1753769601218,06:13:21.218,bybit,ETH/USDT:USDT,3808.3,35.82,3808.28,0.01,3808.31,66.04,3808.35,4.6
1753769601319,06:13:21.319,bybit,ETH/USDT:USDT,3808.3,35.8,3808.28,0.01,3808.31,58.83,3808.35,4.6
1753769601419,06:13:21.419,bybit,ETH/USDT:USDT,3808.3,35.8,3808.28,0.01,3808.31,58.83,3808.35,4.6
1753769601919,06:13:21.919,bybit,ETH/USDT:USDT,3808.3,24.09,3808.28,0.01,3808.31,58.89,3808.35,4.6
1753769602018,06:13:22.018,bybit,ETH/USDT:USDT,3808.3,24.09,3808.28,0.01,3808.31,58.89,3808.35,4.6
1753769602120,06:13:22.120,bybit,ETH/USDT:USDT,3808.3,6.0,3808.28,0.01,3808.31,94.59,3808.34,5.5
1753769602220,06:13:22.220,bybit,ETH/USDT:USDT,3808.3,3.38,3808.28,0.01,3808.31,100.57,3808.34,5.5
1753769602322,06:13:22.322,bybit,ETH/USDT:USDT,3808.0,29.37,3807.99,0.01,3808.01,112.17,3808.03,0.02
1753769602419,06:13:22.419,bybit,ETH/USDT:USDT,3808.0,37.25,3807.99,0.01,3808.01,112.17,3808.03,0.02
1753769602519,06:13:22.519,bybit,ETH/USDT:USDT,3808.0,37.29,3807.99,0.01,3808.01,112.06,3808.03,0.02
1753769602618,06:13:22.618,bybit,ETH/USDT:USDT,3808.0,37.3,3807.99,0.01,3808.01,91.49,3808.03,0.02
1753769602719,06:13:22.719,bybit,ETH/USDT:USDT,3808.0,27.61,3807.99,0.01,3808.01,91.49,3808.03,0.04
1753769602818,06:13:22.818,bybit,ETH/USDT:USDT,3808.0,37.28,3807.99,0.01,3808.01,91.71,3808.03,0.04
1753769602918,06:13:22.918,bybit,ETH/USDT:USDT,3808.0,50.41,3807.99,0.01,3808.01,93.62,3808.03,0.04
1753769603019,06:13:23.019,bybit,ETH/USDT:USDT,3808.0,50.41,3807.99,0.01,3808.01,100.81,3808.03,0.04
1753769603118,06:13:23.118,bybit,ETH/USDT:USDT,3808.0,50.42,3807.99,0.01,3808.01,100.81,3808.03,0.04
1753769603219,06:13:23.219,bybit,ETH/USDT:USDT,3808.0,55.55,3807.99,0.01,3808.01,47.43,3808.03,0.04
1753769603319,06:13:23.319,bybit,ETH/USDT:USDT,3808.0,55.54,3807.99,0.01,3808.01,47.43,3808.03,0.04
1753769603418,06:13:23.418,bybit,ETH/USDT:USDT,3808.0,55.54,3807.99,0.01,3808.01,47.43,3808.03,0.04
1753769603518,06:13:23.518,bybit,ETH/USDT:USDT,3808.0,56.52,3807.99,0.01,3808.01,47.43,3808.03,0.04
1753769603618,06:13:23.618,bybit,ETH/USDT:USDT,3808.0,56.52,3807.99,0.01,3808.01,47.43,3808.03,0.04
1753769603719,06:13:23.719,bybit,ETH/USDT:USDT,3808.0,51.04,3807.99,0.01,3808.01,47.43,3808.03,0.04
1753769603819,06:13:23.819,bybit,ETH/USDT:USDT,3808.0,48.28,3807.99,0.01,3808.01,47.72,3808.03,0.04
1753769603919,06:13:23.919,bybit,ETH/USDT:USDT,3808.0,52.14,3807.99,0.01,3808.01,52.36,3808.03,0.04
1753769604020,06:13:24.020,bybit,ETH/USDT:USDT,3808.0,52.14,3807.99,0.01,3808.01,52.36,3808.03,0.04
1753769604118,06:13:24.118,bybit,ETH/USDT:USDT,3808.0,52.14,3807.99,0.01,3808.01,52.48,3808.03,0.04
1753769604219,06:13:24.219,bybit,ETH/USDT:USDT,3808.0,49.27,3807.99,0.01,3808.01,52.48,3808.03,0.04
1753769604319,06:13:24.319,bybit,ETH/USDT:USDT,3808.0,50.77,3807.99,0.01,3808.01,52.25,3808.03,0.04
1753769604418,06:13:24.418,bybit,ETH/USDT:USDT,3808.0,50.78,3807.99,0.01,3808.01,52.25,3808.03,0.04
1753769604518,06:13:24.518,bybit,ETH/USDT:USDT,3808.0,50.78,3807.99,0.01,3808.01,58.84,3808.03,0.04
1753769604618,06:13:24.618,bybit,ETH/USDT:USDT,3808.0,48.0,3807.99,0.01,3808.01,58.84,3808.03,0.04
1753769604719,06:13:24.719,bybit,ETH/USDT:USDT,3808.0,47.02,3807.99,0.01,3808.01,59.6,3808.03,0.04
1753769604818,06:13:24.818,bybit,ETH/USDT:USDT,3808.0,46.52,3807.99,0.01,3808.01,59.65,3808.03,0.04
1753769604918,06:13:24.918,bybit,ETH/USDT:USDT,3808.0,46.52,3807.99,0.01,3808.01,57.76,3808.03,0.04
1753769605018,06:13:25.018,bybit,ETH/USDT:USDT,3808.0,45.37,3807.99,0.01,3808.01,59.61,3808.03,0.04
1753769605119,06:13:25.119,bybit,ETH/USDT:USDT,3808.0,45.37,3807.99,0.01,3808.01,59.61,3808.03,0.04
1753769605218,06:13:25.218,bybit,ETH/USDT:USDT,3808.0,45.37,3807.99,0.01,3808.01,60.5,3808.03,0.04
1753769605319,06:13:25.319,bybit,ETH/USDT:USDT,3808.0,52.11,3807.99,0.01,3808.01,59.74,3808.03,0.04
1753769605419,06:13:25.419,bybit,ETH/USDT:USDT,3808.0,52.11,3807.99,0.01,3808.01,59.75,3808.03,0.04
1753769605519,06:13:25.519,bybit,ETH/USDT:USDT,3808.0,56.85,3807.99,0.01,3808.01,59.33,3808.03,0.04
1753769605618,06:13:25.618,bybit,ETH/USDT:USDT,3808.0,56.85,3807.99,0.01,3808.01,59.33,3808.03,0.04
1753769605718,06:13:25.718,bybit,ETH/USDT:USDT,3808.0,56.84,3807.99,0.01,3808.01,59.33,3808.03,0.04
1753769605819,06:13:25.819,bybit,ETH/USDT:USDT,3808.0,57.82,3807.99,0.01,3808.01,59.41,3808.03,0.04
1753769605919,06:13:25.919,bybit,ETH/USDT:USDT,3808.0,57.83,3807.99,0.01,3808.01,59.46,3808.03,0.04
1753769606020,06:13:26.020,bybit,ETH/USDT:USDT,3808.0,57.83,3807.99,0.01,3808.01,59.41,3808.03,0.04
1753769606119,06:13:26.119,bybit,ETH/USDT:USDT,3808.0,57.82,3807.99,0.01,3808.01,59.41,3808.03,0.04
1753769606218,06:13:26.218,bybit,ETH/USDT:USDT,3808.0,57.82,3807.99,0.01,3808.01,59.41,3808.03,0.04
1753769606320,06:13:26.320,bybit,ETH/USDT:USDT,3808.0,57.82,3807.99,0.01,3808.01,59.41,3808.03,0.04
1753769606419,06:13:26.419,bybit,ETH/USDT:USDT,3808.0,61.64,3807.99,0.01,3808.01,21.7,3808.03,0.04
1753769606519,06:13:26.519,bybit,ETH/USDT:USDT,3808.0,72.95,3807.99,0.01,3808.01,21.7,3808.03,0.04
1753769606619,06:13:26.619,bybit,ETH/USDT:USDT,3808.0,72.93,3807.99,0.01,3808.01,19.12,3808.03,0.04
1753769606718,06:13:26.718,bybit,ETH/USDT:USDT,3808.0,90.42,3807.99,0.01,3808.01,19.29,3808.03,0.04
1753769606818,06:13:26.818,bybit,ETH/USDT:USDT,3808.0,90.42,3807.99,0.01,3808.01,19.37,3808.03,0.04
1753769606918,06:13:26.918,bybit,ETH/USDT:USDT,3808.0,90.42,3807.99,0.01,3808.01,19.37,3808.03,0.04
1753769607019,06:13:27.019,bybit,ETH/USDT:USDT,3808.0,90.42,3807.99,0.01,3808.01,19.37,3808.03,0.04
1753769607118,06:13:27.118,bybit,ETH/USDT:USDT,3808.0,90.42,3807.99,0.01,3808.01,19.37,3808.03,0.04
1753769607218,06:13:27.218,bybit,ETH/USDT:USDT,3808.0,90.47,3807.99,0.01,3808.01,19.8,3808.03,0.04
1753769607318,06:13:27.318,bybit,ETH/USDT:USDT,3808.0,90.45,3807.99,0.01,3808.01,19.8,3808.03,0.04
1753769607419,06:13:27.419,bybit,ETH/USDT:USDT,3808.0,90.46,3807.99,0.01,3808.01,19.8,3808.03,0.04
1753769607518,06:13:27.518,bybit,ETH/USDT:USDT,3808.0,90.46,3807.99,0.01,3808.01,19.79,3808.03,0.04
1753769607618,06:13:27.618,bybit,ETH/USDT:USDT,3808.0,90.46,3807.99,0.01,3808.01,19.79,3808.03,0.04
1753769607718,06:13:27.718,bybit,ETH/USDT:USDT,3808.0,90.43,3807.99,0.01,3808.01,19.81,3808.03,0.04
1753769607819,06:13:27.819,bybit,ETH/USDT:USDT,3808.0,90.43,3807.99,0.01,3808.01,19.82,3808.03,0.04
1753769607919,06:13:27.919,bybit,ETH/USDT:USDT,3808.0,90.43,3807.99,0.01,3808.01,19.82,3808.03,0.04
1753769608018,06:13:28.018,bybit,ETH/USDT:USDT,3808.0,90.43,3807.99,0.01,3808.01,19.87,3808.03,0.04
1753769608119,06:13:28.119,bybit,ETH/USDT:USDT,3808.0,90.45,3807.99,0.01,3808.01,19.24,3808.03,0.04
1753769608218,06:13:28.218,bybit,ETH/USDT:USDT,3808.0,90.31,3807.99,0.01,3808.01,19.24,3808.03,0.04
1753769608319,06:13:28.319,bybit,ETH/USDT:USDT,3808.0,90.31,3807.99,0.01,3808.01,19.24,3808.03,0.04
1753769608418,06:13:28.418,bybit,ETH/USDT:USDT,3808.0,90.31,3807.99,0.01,3808.01,19.24,3808.03,0.04
1753769608518,06:13:28.518,bybit,ETH/USDT:USDT,3808.0,90.31,3807.99,0.01,3808.01,19.24,3808.03,0.04
1753769608618,06:13:28.618,bybit,ETH/USDT:USDT,3808.0,90.29,3807.99,0.01,3808.01,19.24,3808.03,0.04
1753769608718,06:13:28.718,bybit,ETH/USDT:USDT,3808.0,83.95,3807.99,0.01,3808.01,47.44,3808.03,0.04
1753769608819,06:13:28.819,bybit,ETH/USDT:USDT,3808.0,82.15,3807.99,0.01,3808.01,50.48,3808.03,0.04
1753769608919,06:13:28.919,bybit,ETH/USDT:USDT,3808.0,69.45,3807.99,0.01,3808.01,51.09,3808.03,0.04
1753769609019,06:13:29.019,bybit,ETH/USDT:USDT,3808.0,72.08,3807.99,0.01,3808.01,50.33,3808.03,0.04
1753769609119,06:13:29.119,bybit,ETH/USDT:USDT,3808.0,72.74,3807.99,0.01,3808.01,50.33,3808.03,0.04
1753769609219,06:13:29.219,bybit,ETH/USDT:USDT,3808.0,74.49,3807.99,0.01,3808.01,50.33,3808.03,0.04
1753769609318,06:13:29.318,bybit,ETH/USDT:USDT,3808.0,72.74,3807.99,0.01,3808.01,50.33,3808.03,0.04
1753769609419,06:13:29.419,bybit,ETH/USDT:USDT,3808.0,72.74,3807.99,0.01,3808.01,50.33,3808.03,0.04
1753769609519,06:13:29.519,bybit,ETH/USDT:USDT,3808.0,70.11,3807.99,0.01,3808.01,50.33,3808.02,0.04
1753769609719,06:13:29.719,bybit,ETH/USDT:USDT,3808.0,68.1,3807.99,0.01,3808.01,50.12,3808.02,0.04
1753769609819,06:13:29.819,bybit,ETH/USDT:USDT,3808.0,69.74,3807.99,0.01,3808.01,50.12,3808.02,0.04
1753769609918,06:13:29.918,bybit,ETH/USDT:USDT,3808.0,69.74,3807.99,0.01,3808.01,50.1,3808.02,0.04
1753769610018,06:13:30.018,bybit,ETH/USDT:USDT,3808.0,70.89,3807.99,0.01,3808.01,50.12,3808.02,0.04
1753769610119,06:13:30.119,bybit,ETH/USDT:USDT,3808.0,70.89,3807.99,0.01,3808.01,50.12,3808.02,0.04
1753769610318,06:13:30.318,bybit,ETH/USDT:USDT,3808.0,70.89,3807.99,0.01,3808.01,49.69,3808.02,0.04
1753769610418,06:13:30.418,bybit,ETH/USDT:USDT,3808.0,70.89,3807.99,0.01,3808.01,49.69,3808.02,0.04
1753769610518,06:13:30.518,bybit,ETH/USDT:USDT,3808.0,121.66,3807.99,0.01,3808.01,49.69,3808.02,0.04
1753769610618,06:13:30.618,bybit,ETH/USDT:USDT,3808.0,134.78,3807.99,0.01,3808.01,19.52,3808.02,0.04
1753769610719,06:13:30.719,bybit,ETH/USDT:USDT,3808.0,135.01,3807.99,0.01,3808.01,12.14,3808.02,0.04
1753769610919,06:13:30.919,bybit,ETH/USDT:USDT,3808.52,127.38,3808.51,1.64,3808.53,55.54,3808.6,0.35
1753769611019,06:13:31.019,bybit,ETH/USDT:USDT,3808.52,129.95,3808.51,1.64,3808.53,55.54,3808.6,0.35
1753769611119,06:13:31.119,bybit,ETH/USDT:USDT,3808.52,127.59,3808.51,0.3,3808.53,55.54,3808.6,0.35
1753769611218,06:13:31.218,bybit,ETH/USDT:USDT,3808.52,124.8,3808.51,0.3,3808.53,55.54,3808.56,0.02
1753769611319,06:13:31.319,bybit,ETH/USDT:USDT,3808.52,129.41,3808.51,0.3,3808.53,38.19,3808.56,0.02
1753769611419,06:13:31.419,bybit,ETH/USDT:USDT,3808.52,130.6,3808.51,4.45,3808.53,2.74,3808.56,0.02
1753769611520,06:13:31.520,bybit,ETH/USDT:USDT,3808.67,164.82,3808.62,0.02,3808.68,17.82,3808.72,0.02
1753769611719,06:13:31.719,bybit,ETH/USDT:USDT,3808.67,130.14,3808.61,0.02,3808.68,44.96,3808.72,0.02
1753769611819,06:13:31.819,bybit,ETH/USDT:USDT,3808.67,127.66,3808.61,0.02,3808.68,49.24,3808.72,0.02
1753769611918,06:13:31.918,bybit,ETH/USDT:USDT,3808.67,122.26,3808.61,0.02,3808.68,49.24,3808.72,0.02
1753769612020,06:13:32.020,bybit,ETH/USDT:USDT,3808.67,122.26,3808.61,0.02,3808.68,50.0,3808.72,0.02
1753769612119,06:13:32.119,bybit,ETH/USDT:USDT,3808.67,122.26,3808.61,0.02,3808.68,50.0,3808.72,0.02
1753769612419,06:13:32.419,bybit,ETH/USDT:USDT,3808.67,118.05,3808.61,0.02,3808.68,52.09,3808.72,0.02
1753769612519,06:13:32.519,bybit,ETH/USDT:USDT,3808.67,117.15,3808.61,0.02,3808.68,52.02,3808.72,0.02
1753769612618,06:13:32.618,bybit,ETH/USDT:USDT,3808.67,88.19,3808.61,0.02,3808.68,52.02,3808.72,0.02
1753769612718,06:13:32.718,bybit,ETH/USDT:USDT,3808.67,88.19,3808.61,0.02,3808.68,52.02,3808.72,0.02
1753769612818,06:13:32.818,bybit,ETH/USDT:USDT,3808.67,90.98,3808.61,0.02,3808.68,49.25,3808.72,0.02
1753769612918,06:13:32.918,bybit,ETH/USDT:USDT,3808.67,92.99,3808.61,0.02,3808.68,36.66,3808.72,0.02
1753769613019,06:13:33.019,bybit,ETH/USDT:USDT,3808.67,92.99,3808.61,0.02,3808.68,36.73,3808.72,0.02
1753769613119,06:13:33.119,bybit,ETH/USDT:USDT,3808.67,93.97,3808.61,0.02,3808.68,45.23,3808.72,0.02
1753769613218,06:13:33.218,bybit,ETH/USDT:USDT,3808.67,89.27,3808.61,0.02,3808.68,45.23,3808.72,0.02
1753769613319,06:13:33.319,bybit,ETH/USDT:USDT,3808.67,89.27,3808.61,0.02,3808.68,49.2,3808.72,0.02
1753769613419,06:13:33.419,bybit,ETH/USDT:USDT,3808.67,92.05,3808.61,0.02,3808.68,49.2,3808.72,0.02
1753769613519,06:13:33.519,bybit,ETH/USDT:USDT,3808.67,91.07,3808.61,0.02,3808.68,49.35,3808.72,0.02
1753769613619,06:13:33.619,bybit,ETH/USDT:USDT,3808.67,91.07,3808.61,0.02,3808.68,49.35,3808.72,0.02
1753769613719,06:13:33.719,bybit,ETH/USDT:USDT,3808.67,92.05,3808.61,0.02,3808.68,47.2,3808.72,0.02
1753769613819,06:13:33.819,bybit,ETH/USDT:USDT,3808.67,90.15,3808.61,0.02,3808.68,48.01,3808.72,0.02
1753769613919,06:13:33.919,bybit,ETH/USDT:USDT,3808.67,44.25,3808.61,0.02,3808.68,54.4,3808.7,0.33
1753769614019,06:13:34.019,bybit,ETH/USDT:USDT,3808.67,44.25,3808.61,0.02,3808.68,54.4,3808.7,0.33
1753769614118,06:13:34.118,bybit,ETH/USDT:USDT,3808.67,44.25,3808.61,0.02,3808.68,55.98,3808.7,0.33
1753769614218,06:13:34.218,bybit,ETH/USDT:USDT,3808.67,53.92,3808.61,0.02,3808.68,55.98,3808.7,0.33
1753769614318,06:13:34.318,bybit,ETH/USDT:USDT,3808.67,53.92,3808.61,0.02,3808.68,55.93,3808.7,0.33
1753769614619,06:13:34.619,bybit,ETH/USDT:USDT,3808.57,34.48,3808.54,0.02,3808.58,129.1,3808.6,0.33
1753769614820,06:13:34.820,bybit,ETH/USDT:USDT,3808.57,34.48,3808.54,0.02,3808.58,111.38,3808.6,0.33
1753769615319,06:13:35.319,bybit,ETH/USDT:USDT,3808.57,63.84,3808.54,0.02,3808.58,47.4,3808.6,0.33
1753769615419,06:13:35.419,bybit,ETH/USDT:USDT,3808.57,64.82,3808.54,0.02,3808.58,48.51,3808.6,0.33
1753769615518,06:13:35.518,bybit,ETH/USDT:USDT,3808.57,64.81,3808.54,0.02,3808.58,54.56,3808.6,0.33
1753769615719,06:13:35.719,bybit,ETH/USDT:USDT,3808.57,52.05,3808.54,0.02,3808.58,62.26,3808.6,0.33
1753769615819,06:13:35.819,bybit,ETH/USDT:USDT,3808.57,52.02,3808.54,0.02,3808.58,61.97,3808.6,0.33
1753769615919,06:13:35.919,bybit,ETH/USDT:USDT,3808.57,42.35,3808.54,0.02,3808.58,73.28,3808.6,0.33
1753769616018,06:13:36.018,bybit,ETH/USDT:USDT,3808.57,42.35,3808.54,0.02,3808.58,73.28,3808.6,0.33
1753769616119,06:13:36.119,bybit,ETH/USDT:USDT,3808.57,52.02,3808.54,0.02,3808.58,61.97,3808.6,0.33
1753769616218,06:13:36.218,bybit,ETH/USDT:USDT,3808.57,54.03,3808.54,0.02,3808.58,57.35,3808.6,0.33
1753769616318,06:13:36.318,bybit,ETH/USDT:USDT,3808.57,54.03,3808.54,0.02,3808.58,57.35,3808.6,0.33
1753769616418,06:13:36.418,bybit,ETH/USDT:USDT,3808.57,54.03,3808.54,0.02,3808.58,57.35,3808.6,0.33
1753769616519,06:13:36.519,bybit,ETH/USDT:USDT,3808.57,56.76,3808.54,0.02,3808.58,55.73,3808.6,0.33
1753769616619,06:13:36.619,bybit,ETH/USDT:USDT,3808.57,56.76,3808.54,0.02,3808.58,55.73,3808.6,0.33
1753769616718,06:13:36.718,bybit,ETH/USDT:USDT,3808.57,56.76,3808.54,0.02,3808.58,55.73,3808.6,0.33
1753769616819,06:13:36.819,bybit,ETH/USDT:USDT,3808.57,56.86,3808.54,0.02,3808.58,55.73,3808.6,0.33
1753769616918,06:13:36.918,bybit,ETH/USDT:USDT,3808.57,55.78,3808.54,0.02,3808.58,55.73,3808.6,0.33
1753769617018,06:13:37.018,bybit,ETH/USDT:USDT,3808.57,55.78,3808.54,0.02,3808.58,55.73,3808.6,0.33
1753769617118,06:13:37.118,bybit,ETH/USDT:USDT,3808.57,55.78,3808.54,0.02,3808.58,55.73,3808.6,0.33
1753769617218,06:13:37.218,bybit,ETH/USDT:USDT,3808.57,56.76,3808.54,0.02,3808.58,53.72,3808.6,0.33
1753769617318,06:13:37.318,bybit,ETH/USDT:USDT,3808.57,56.86,3808.54,0.02,3808.58,53.72,3808.6,0.33
1753769617719,06:13:37.719,bybit,ETH/USDT:USDT,3808.57,56.86,3808.54,0.02,3808.58,14.61,3808.6,0.02
1753769617818,06:13:37.818,bybit,ETH/USDT:USDT,3808.57,56.86,3808.54,0.02,3808.58,32.43,3808.6,0.02
1753769617918,06:13:37.918,bybit,ETH/USDT:USDT,3808.57,56.86,3808.54,0.02,3808.58,32.43,3808.6,0.02
1753769618019,06:13:38.019,bybit,ETH/USDT:USDT,3808.57,52.02,3808.54,0.02,3808.58,54.7,3808.6,0.35
1753769618118,06:13:38.118,bybit,ETH/USDT:USDT,3808.57,42.35,3808.54,0.02,3808.58,54.7,3808.6,0.35
1753769618319,06:13:38.319,bybit,ETH/USDT:USDT,3808.57,34.48,3808.54,0.02,3808.58,64.39,3808.6,0.35
1753769618418,06:13:38.418,bybit,ETH/USDT:USDT,3808.57,34.48,3808.54,0.02,3808.58,64.47,3808.6,0.35
1753769618519,06:13:38.519,bybit,ETH/USDT:USDT,3808.57,34.48,3808.54,0.02,3808.58,64.47,3808.6,0.35
1753769618618,06:13:38.618,bybit,ETH/USDT:USDT,3808.57,52.02,3808.54,0.02,3808.58,64.47,3808.6,0.35
1753769618818,06:13:38.818,bybit,ETH/USDT:USDT,3808.57,52.02,3808.54,0.02,3808.58,64.47,3808.6,0.35
1753769618919,06:13:38.919,bybit,ETH/USDT:USDT,3808.57,55.51,3808.54,0.02,3808.58,52.01,3808.6,0.35
1753769619019,06:13:39.019,bybit,ETH/USDT:USDT,3808.57,55.51,3808.54,0.02,3808.58,52.01,3808.6,0.35
1753769619119,06:13:39.119,bybit,ETH/USDT:USDT,3808.57,58.24,3808.54,0.02,3808.58,50.53,3808.6,0.35
1753769619219,06:13:39.219,bybit,ETH/USDT:USDT,3808.57,58.24,3808.54,0.02,3808.58,50.53,3808.6,0.35
1753769619318,06:13:39.318,bybit,ETH/USDT:USDT,3808.57,58.24,3808.54,0.02,3808.58,50.53,3808.6,0.35
1753769619419,06:13:39.419,bybit,ETH/USDT:USDT,3808.57,58.34,3808.54,0.02,3808.58,50.53,3808.6,0.35
1753769619518,06:13:39.518,bybit,ETH/USDT:USDT,3808.57,58.34,3808.54,0.02,3808.58,50.53,3808.6,0.35
1753769619619,06:13:39.619,bybit,ETH/USDT:USDT,3808.57,56.59,3808.54,0.03,3808.58,50.53,3808.6,0.35
1753769619719,06:13:39.719,bybit,ETH/USDT:USDT,3808.57,56.59,3808.54,0.03,3808.58,50.53,3808.6,0.35
1753769619818,06:13:39.818,bybit,ETH/USDT:USDT,3808.57,56.59,3808.54,0.03,3808.58,50.53,3808.6,0.35
1753769619918,06:13:39.918,bybit,ETH/USDT:USDT,3808.57,56.59,3808.54,0.03,3808.58,50.54,3808.6,0.35
1753769620020,06:13:40.020,bybit,ETH/USDT:USDT,3808.57,56.59,3808.54,0.03,3808.58,50.54,3808.6,0.35
1753769620119,06:13:40.119,bybit,ETH/USDT:USDT,3808.57,58.36,3808.54,0.03,3808.58,10.43,3808.6,0.02
1753769620218,06:13:40.218,bybit,ETH/USDT:USDT,3808.57,58.36,3808.54,0.03,3808.58,10.43,3808.6,0.02
1753769620319,06:13:40.319,bybit,ETH/USDT:USDT,3808.57,58.36,3808.54,0.03,3808.58,10.51,3808.6,0.02
1753769620419,06:13:40.419,bybit,ETH/USDT:USDT,3808.57,58.36,3808.54,0.03,3808.58,12.04,3808.6,0.02
1753769620519,06:13:40.519,bybit,ETH/USDT:USDT,3808.57,58.36,3808.54,0.03,3808.58,12.04,3808.6,0.02
1753769620618,06:13:40.618,bybit,ETH/USDT:USDT,3808.57,58.36,3808.54,0.03,3808.58,12.17,3808.6,0.02
1753769620718,06:13:40.718,bybit,ETH/USDT:USDT,3808.57,58.34,3808.54,0.03,3808.58,12.17,3808.6,0.02
1753769620818,06:13:40.818,bybit,ETH/USDT:USDT,3808.57,58.34,3808.54,0.03,3808.58,12.17,3808.6,0.02
1753769620918,06:13:40.918,bybit,ETH/USDT:USDT,3808.57,58.34,3808.54,0.03,3808.58,11.9,3808.6,0.02
1753769621019,06:13:41.019,bybit,ETH/USDT:USDT,3808.57,58.34,3808.54,0.03,3808.58,11.9,3808.6,0.02
1753769621118,06:13:41.118,bybit,ETH/USDT:USDT,3808.57,58.34,3808.54,0.03,3808.58,11.9,3808.6,0.02
1753769621218,06:13:41.218,bybit,ETH/USDT:USDT,3808.57,58.39,3808.54,0.03,3808.58,11.9,3808.6,0.02
1753769621318,06:13:41.318,bybit,ETH/USDT:USDT,3808.57,58.39,3808.54,0.03,3808.58,18.5,3808.6,0.02
1753769621419,06:13:41.419,bybit,ETH/USDT:USDT,3808.57,58.39,3808.54,0.03,3808.58,18.5,3808.6,0.02
1753769621519,06:13:41.519,bybit,ETH/USDT:USDT,3808.57,58.39,3808.54,0.03,3808.58,18.5,3808.6,0.02
1753769621618,06:13:41.618,bybit,ETH/USDT:USDT,3808.57,58.34,3808.54,0.03,3808.58,18.5,3808.6,0.02
1753769621719,06:13:41.719,bybit,ETH/USDT:USDT,3808.57,58.24,3808.54,0.03,3808.58,18.5,3808.6,0.02
1753769621819,06:13:41.819,bybit,ETH/USDT:USDT,3808.57,58.34,3808.54,0.03,3808.58,28.17,3808.6,0.02
1753769621919,06:13:41.919,bybit,ETH/USDT:USDT,3808.57,58.34,3808.54,0.03,3808.58,36.37,3808.6,0.02
1753769622019,06:13:42.019,bybit,ETH/USDT:USDT,3808.57,58.34,3808.54,0.03,3808.58,42.08,3808.6,0.02
1753769622118,06:13:42.118,bybit,ETH/USDT:USDT,3808.57,58.34,3808.54,0.03,3808.58,42.09,3808.6,0.02
1753769622219,06:13:42.219,bybit,ETH/USDT:USDT,3808.57,58.24,3808.54,0.03,3808.58,42.09,3808.6,0.02
1753769622319,06:13:42.319,bybit,ETH/USDT:USDT,3808.57,58.24,3808.54,0.03,3808.58,42.09,3808.6,0.02
1753769622419,06:13:42.419,bybit,ETH/USDT:USDT,3808.57,53.72,3808.54,0.02,3808.58,60.58,3808.6,0.02
1753769622519,06:13:42.519,bybit,ETH/USDT:USDT,3808.57,34.33,3808.54,0.02,3808.58,74.69,3808.6,0.35
1753769622818,06:13:42.818,bybit,ETH/USDT:USDT,3808.57,42.2,3808.54,0.02,3808.58,74.74,3808.6,0.35
1753769622918,06:13:42.918,bybit,ETH/USDT:USDT,3808.57,53.15,3808.54,0.02,3808.58,68.71,3808.6,0.35
1753769623019,06:13:43.019,bybit,ETH/USDT:USDT,3808.57,55.92,3808.54,0.02,3808.58,55.42,3808.6,0.35
1753769623118,06:13:43.118,bybit,ETH/USDT:USDT,3808.57,55.92,3808.54,0.02,3808.58,49.5,3808.6,0.35
1753769623219,06:13:43.219,bybit,ETH/USDT:USDT,3808.57,57.67,3808.54,0.02,3808.58,49.5,3808.6,0.35
1753769623318,06:13:43.318,bybit,ETH/USDT:USDT,3808.57,58.65,3808.54,0.02,3808.58,49.5,3808.6,0.35
1753769623419,06:13:43.419,bybit,ETH/USDT:USDT,3808.57,58.65,3808.54,0.02,3808.58,49.5,3808.6,0.35
1753769623519,06:13:43.519,bybit,ETH/USDT:USDT,3808.57,56.9,3808.54,0.02,3808.58,54.3,3808.6,0.35
1753769623618,06:13:43.618,bybit,ETH/USDT:USDT,3808.57,57.0,3808.54,0.02,3808.58,93.03,3808.6,0.35
1753769623718,06:13:43.718,bybit,ETH/USDT:USDT,3808.57,57.0,3808.54,0.02,3808.58,93.03,3808.6,0.35
1753769623818,06:13:43.818,bybit,ETH/USDT:USDT,3808.57,57.0,3808.54,0.02,3808.58,93.03,3808.6,0.35
1753769623919,06:13:43.919,bybit,ETH/USDT:USDT,3808.57,57.0,3808.54,0.02,3808.58,93.01,3808.6,0.35
1753769624019,06:13:44.019,bybit,ETH/USDT:USDT,3808.57,57.0,3808.54,0.02,3808.58,93.01,3808.6,0.35
1753769624118,06:13:44.118,bybit,ETH/USDT:USDT,3808.57,57.0,3808.54,0.02,3808.58,93.01,3808.6,0.35
1753769624219,06:13:44.219,bybit,ETH/USDT:USDT,3808.57,56.14,3808.54,0.02,3808.58,93.02,3808.6,0.35
1753769624319,06:13:44.319,bybit,ETH/USDT:USDT,3808.57,56.14,3808.54,0.02,3808.58,52.82,3808.6,0.35
1753769624419,06:13:44.419,bybit,ETH/USDT:USDT,3808.57,56.14,3808.54,0.02,3808.58,92.95,3808.6,0.35
1753769624518,06:13:44.518,bybit,ETH/USDT:USDT,3808.57,56.14,3808.54,0.02,3808.58,93.11,3808.6,0.35
1753769624619,06:13:44.619,bybit,ETH/USDT:USDT,3808.57,56.14,3808.54,0.02,3808.58,93.11,3808.6,0.35
1753769624718,06:13:44.718,bybit,ETH/USDT:USDT,3808.57,58.24,3808.54,0.03,3808.58,67.44,3808.6,0.02
1753769624819,06:13:44.819,bybit,ETH/USDT:USDT,3808.57,58.23,3808.54,0.03,3808.58,67.44,3808.6,0.02
1753769624918,06:13:44.918,bybit,ETH/USDT:USDT,3808.57,58.23,3808.54,0.03,3808.58,67.43,3808.6,0.02
1753769625019,06:13:45.019,bybit,ETH/USDT:USDT,3808.57,60.86,3808.54,0.03,3808.58,67.43,3808.6,0.02
1753769625118,06:13:45.118,bybit,ETH/USDT:USDT,3808.57,62.61,3808.54,0.03,3808.58,67.47,3808.6,0.02
1753769625218,06:13:45.218,bybit,ETH/USDT:USDT,3808.57,62.61,3808.54,0.03,3808.58,67.47,3808.6,0.02
1753769625323,06:13:45.323,bybit,ETH/USDT:USDT,3808.57,62.54,3808.54,0.03,3808.58,67.47,3808.6,0.02
1753769625418,06:13:45.418,bybit,ETH/USDT:USDT,3808.57,62.54,3808.54,0.03,3808.58,67.47,3808.6,0.02
1753769625519,06:13:45.519,bybit,ETH/USDT:USDT,3808.57,61.91,3808.54,0.03,3808.58,67.47,3808.6,0.02
1753769625718,06:13:45.718,bybit,ETH/USDT:USDT,3808.57,61.96,3808.54,0.03,3808.58,67.73,3808.6,0.02
1753769625818,06:13:45.818,bybit,ETH/USDT:USDT,3808.57,61.96,3808.54,0.03,3808.58,67.73,3808.6,0.02
1753769625919,06:13:45.919,bybit,ETH/USDT:USDT,3808.57,61.96,3808.54,0.03,3808.58,67.73,3808.6,0.02
1753769626020,06:13:46.020,bybit,ETH/USDT:USDT,3808.57,61.96,3808.54,0.03,3808.58,68.33,3808.6,0.02
1753769626119,06:13:46.119,bybit,ETH/USDT:USDT,3808.57,61.96,3808.54,0.03,3808.58,68.18,3808.6,0.02
1753769626219,06:13:46.219,bybit,ETH/USDT:USDT,3808.57,61.96,3808.54,0.03,3808.58,68.18,3808.6,0.02
1753769626319,06:13:46.319,bybit,ETH/USDT:USDT,3808.57,61.96,3808.54,0.03,3808.58,68.18,3808.6,0.02
1753769626418,06:13:46.418,bybit,ETH/USDT:USDT,3808.57,62.03,3808.54,0.03,3808.58,68.34,3808.6,0.02
1753769626519,06:13:46.519,bybit,ETH/USDT:USDT,3808.57,60.28,3808.54,0.03,3808.58,68.34,3808.6,0.02
1753769626619,06:13:46.619,bybit,ETH/USDT:USDT,3808.57,62.03,3808.54,0.03,3808.58,68.34,3808.6,0.02
1753769626719,06:13:46.719,bybit,ETH/USDT:USDT,3808.57,62.03,3808.54,0.03,3808.58,68.34,3808.6,0.02
1753769626818,06:13:46.818,bybit,ETH/USDT:USDT,3808.57,62.03,3808.54,0.03,3808.58,68.34,3808.6,0.02
1753769626919,06:13:46.919,bybit,ETH/USDT:USDT,3808.57,62.03,3808.54,0.03,3808.58,68.34,3808.6,0.02
1753769627019,06:13:47.019,bybit,ETH/USDT:USDT,3808.57,62.03,3808.54,0.02,3808.58,68.47,3808.6,0.02
1753769627118,06:13:47.118,bybit,ETH/USDT:USDT,3808.57,62.03,3808.54,0.02,3808.58,68.47,3808.6,0.02
1753769627218,06:13:47.218,bybit,ETH/USDT:USDT,3808.57,62.03,3808.54,0.02,3808.58,68.47,3808.6,0.02
1753769627319,06:13:47.319,bybit,ETH/USDT:USDT,3808.57,62.03,3808.54,0.02,3808.58,68.47,3808.6,0.02
1753769627418,06:13:47.418,bybit,ETH/USDT:USDT,3808.57,62.03,3808.54,0.02,3808.58,68.47,3808.6,0.02
1753769627518,06:13:47.518,bybit,ETH/USDT:USDT,3808.57,62.03,3808.54,0.02,3808.58,68.47,3808.6,0.02
1753769627618,06:13:47.618,bybit,ETH/USDT:USDT,3808.57,62.03,3808.54,0.02,3808.58,68.47,3808.6,0.02
1753769627718,06:13:47.718,bybit,ETH/USDT:USDT,3808.57,62.03,3808.54,0.02,3808.58,68.47,3808.6,0.02
1753769627818,06:13:47.818,bybit,ETH/USDT:USDT,3808.57,62.03,3808.54,0.02,3808.58,68.47,3808.6,0.02
1753769627918,06:13:47.918,bybit,ETH/USDT:USDT,3808.57,62.03,3808.54,0.02,3808.58,68.47,3808.6,0.02
1753769628021,06:13:48.021,bybit,ETH/USDT:USDT,3808.57,62.03,3808.54,0.02,3808.58,68.85,3808.6,0.02
1753769628118,06:13:48.118,bybit,ETH/USDT:USDT,3808.57,59.98,3808.54,0.02,3808.58,68.85,3808.6,0.02
1753769628218,06:13:48.218,bybit,ETH/USDT:USDT,3808.57,59.98,3808.54,0.02,3808.58,68.83,3808.6,0.02
1753769628319,06:13:48.319,bybit,ETH/USDT:USDT,3808.57,59.98,3808.54,0.02,3808.58,68.83,3808.6,0.02
1753769628418,06:13:48.418,bybit,ETH/USDT:USDT,3808.57,59.98,3808.54,0.02,3808.58,68.83,3808.6,0.02
1753769628519,06:13:48.519,bybit,ETH/USDT:USDT,3808.57,59.98,3808.54,0.02,3808.58,68.83,3808.6,0.02
1753769628618,06:13:48.618,bybit,ETH/USDT:USDT,3808.57,58.23,3808.54,0.02,3808.58,68.83,3808.6,0.02
1753769628719,06:13:48.719,bybit,ETH/USDT:USDT,3808.57,58.28,3808.54,0.02,3808.58,68.83,3808.6,0.02
1753769628818,06:13:48.818,bybit,ETH/USDT:USDT,3808.57,58.28,3808.54,0.02,3808.58,68.82,3808.6,0.02
1753769628918,06:13:48.918,bybit,ETH/USDT:USDT,3808.57,58.28,3808.54,0.02,3808.58,68.82,3808.6,0.02
1753769629019,06:13:49.019,bybit,ETH/USDT:USDT,3808.57,58.28,3808.54,0.02,3808.58,68.82,3808.6,0.02
1753769629118,06:13:49.118,bybit,ETH/USDT:USDT,3808.57,58.28,3808.54,0.02,3808.58,68.82,3808.6,0.02
1753769629218,06:13:49.218,bybit,ETH/USDT:USDT,3808.57,58.28,3808.54,0.02,3808.58,68.82,3808.6,0.02
1753769629319,06:13:49.319,bybit,ETH/USDT:USDT,3808.57,58.28,3808.54,0.02,3808.58,68.82,3808.6,0.02
1753769629418,06:13:49.418,bybit,ETH/USDT:USDT,3808.57,58.28,3808.54,0.02,3808.58,68.82,3808.6,0.02
1753769629518,06:13:49.518,bybit,ETH/USDT:USDT,3808.57,58.23,3808.54,0.02,3808.58,68.93,3808.6,0.02
1753769629619,06:13:49.619,bybit,ETH/USDT:USDT,3808.57,52.31,3808.54,0.02,3808.58,74.75,3808.6,0.02
1753769629718,06:13:49.718,bybit,ETH/USDT:USDT,3808.57,51.23,3808.54,0.02,3808.58,74.75,3808.6,0.35
1753769629819,06:13:49.819,bybit,ETH/USDT:USDT,3808.57,51.23,3808.54,0.02,3808.58,74.75,3808.6,0.35
1753769629918,06:13:49.918,bybit,ETH/USDT:USDT,3808.57,51.23,3808.54,0.02,3808.58,74.75,3808.6,0.35
1753769630018,06:13:50.018,bybit,ETH/USDT:USDT,3808.57,51.23,3808.54,0.02,3808.58,74.84,3808.6,0.35
1753769630118,06:13:50.118,bybit,ETH/USDT:USDT,3808.57,51.23,3808.54,0.02,3808.58,74.84,3808.6,0.35
1753769630219,06:13:50.219,bybit,ETH/USDT:USDT,3808.57,51.23,3808.54,0.02,3808.58,74.84,3808.6,0.35
1753769630318,06:13:50.318,bybit,ETH/USDT:USDT,3808.57,54.06,3808.54,0.02,3808.58,74.84,3808.6,0.35
1753769630418,06:13:50.418,bybit,ETH/USDT:USDT,3808.57,57.05,3808.54,0.02,3808.58,72.07,3808.6,0.35
1753769630519,06:13:50.519,bybit,ETH/USDT:USDT,3808.57,57.15,3808.54,0.02,3808.58,72.12,3808.6,0.35
1753769630619,06:13:50.619,bybit,ETH/USDT:USDT,3808.57,55.14,3808.54,0.02,3808.58,72.12,3808.6,0.35
1753769630719,06:13:50.719,bybit,ETH/USDT:USDT,3808.57,52.21,3808.54,0.02,3808.58,72.88,3808.6,0.35
1753769630818,06:13:50.818,bybit,ETH/USDT:USDT,3808.57,52.21,3808.54,0.02,3808.58,72.88,3808.6,0.35
1753769630919,06:13:50.919,bybit,ETH/USDT:USDT,3808.57,52.21,3808.54,0.02,3808.58,72.69,3808.6,0.35
1753769631018,06:13:51.018,bybit,ETH/USDT:USDT,3808.57,56.96,3808.54,0.02,3808.58,71.93,3808.6,0.35
1753769631119,06:13:51.119,bybit,ETH/USDT:USDT,3808.57,56.96,3808.54,0.02,3808.58,71.93,3808.6,0.35
1753769631218,06:13:51.218,bybit,ETH/USDT:USDT,3808.57,56.96,3808.54,0.02,3808.58,71.93,3808.6,0.35
1753769631318,06:13:51.318,bybit,ETH/USDT:USDT,3808.57,57.06,3808.54,0.02,3808.58,71.93,3808.6,0.35
1753769631418,06:13:51.418,bybit,ETH/USDT:USDT,3808.57,57.06,3808.54,0.02,3808.58,71.93,3808.6,0.35
1753769631518,06:13:51.518,bybit,ETH/USDT:USDT,3808.57,57.06,3808.54,0.02,3808.58,71.94,3808.6,0.35
1753769631619,06:13:51.619,bybit,ETH/USDT:USDT,3808.57,57.04,3808.54,0.02,3808.58,71.96,3808.6,0.35
1753769631718,06:13:51.718,bybit,ETH/USDT:USDT,3808.57,55.03,3808.54,0.02,3808.58,71.96,3808.6,0.35
1753769631818,06:13:51.818,bybit,ETH/USDT:USDT,3808.57,55.03,3808.54,0.02,3808.58,71.96,3808.6,0.35
1753769631918,06:13:51.918,bybit,ETH/USDT:USDT,3808.57,55.03,3808.54,0.02,3808.58,71.96,3808.6,0.35
1753769632020,06:13:52.020,bybit,ETH/USDT:USDT,3808.57,55.03,3808.54,0.02,3808.58,71.94,3808.6,0.35
1753769632119,06:13:52.119,bybit,ETH/USDT:USDT,3808.57,52.29,3808.54,0.02,3808.58,71.94,3808.6,0.35
1753769632220,06:13:52.220,bybit,ETH/USDT:USDT,3808.57,52.19,3808.54,0.02,3808.58,72.7,3808.6,0.35
1753769632318,06:13:52.318,bybit,ETH/USDT:USDT,3808.57,52.19,3808.54,0.02,3808.58,72.7,3808.6,0.35
1753769632419,06:13:52.419,bybit,ETH/USDT:USDT,3808.57,41.54,3808.54,0.02,3808.58,72.7,3808.6,0.35
1753769632519,06:13:52.519,bybit,ETH/USDT:USDT,3808.57,41.54,3808.54,0.02,3808.58,73.97,3808.6,0.35
1753769632619,06:13:52.619,bybit,ETH/USDT:USDT,3808.57,41.54,3808.54,0.02,3808.58,75.5,3808.6,0.35
1753769632719,06:13:52.719,bybit,ETH/USDT:USDT,3808.57,33.67,3808.54,0.02,3808.58,75.39,3808.6,0.35
1753769633019,06:13:53.019,bybit,ETH/USDT:USDT,3808.57,41.54,3808.54,0.02,3808.58,73.92,3808.6,0.35
1753769633119,06:13:53.119,bybit,ETH/USDT:USDT,3808.57,41.54,3808.54,0.02,3808.58,73.92,3808.6,0.35
1753769633219,06:13:53.219,bybit,ETH/USDT:USDT,3808.57,41.54,3808.54,0.02,3808.58,123.92,3808.6,0.35
1753769633318,06:13:53.318,bybit,ETH/USDT:USDT,3808.57,41.0,3808.54,0.02,3808.58,123.92,3808.6,0.35
1753769633419,06:13:53.419,bybit,ETH/USDT:USDT,3808.57,51.21,3808.54,0.02,3808.58,123.92,3808.6,0.35
1753769633519,06:13:53.519,bybit,ETH/USDT:USDT,3808.57,51.21,3808.54,0.02,3808.58,123.92,3808.6,0.35
1753769633619,06:13:53.619,bybit,ETH/USDT:USDT,3808.57,53.88,3808.54,0.02,3808.58,123.92,3808.6,0.35
1753769633718,06:13:53.718,bybit,ETH/USDT:USDT,3808.57,53.89,3808.54,0.02,3808.58,123.92,3808.6,0.35
1753769633819,06:13:53.819,bybit,ETH/USDT:USDT,3808.57,51.22,3808.54,0.02,3808.58,123.92,3808.6,0.35
1753769633918,06:13:53.918,bybit,ETH/USDT:USDT,3808.57,51.22,3808.54,0.02,3808.58,123.92,3808.6,0.35
1753769634020,06:13:54.020,bybit,ETH/USDT:USDT,3808.57,51.22,3808.54,0.02,3808.58,123.93,3808.6,0.35
1753769634118,06:13:54.118,bybit,ETH/USDT:USDT,3808.57,51.22,3808.54,0.02,3808.58,123.93,3808.6,0.35
1753769634218,06:13:54.218,bybit,ETH/USDT:USDT,3808.57,51.22,3808.54,0.02,3808.58,123.96,3808.6,0.35
1753769634318,06:13:54.318,bybit,ETH/USDT:USDT,3808.57,53.85,3808.54,0.02,3808.58,123.96,3808.6,0.35
1753769634419,06:13:54.419,bybit,ETH/USDT:USDT,3808.57,55.86,3808.54,0.02,3808.58,123.97,3808.6,0.35
1753769634519,06:13:54.519,bybit,ETH/USDT:USDT,3808.57,55.63,3808.54,0.02,3808.58,123.97,3808.6,0.35
1753769634619,06:13:54.619,bybit,ETH/USDT:USDT,3808.57,56.71,3808.54,0.02,3808.58,123.97,3808.6,0.35
1753769634718,06:13:54.718,bybit,ETH/USDT:USDT,3808.57,56.71,3808.54,0.02,3808.58,121.31,3808.6,0.35
1753769634818,06:13:54.818,bybit,ETH/USDT:USDT,3808.57,56.71,3808.54,0.02,3808.58,118.26,3808.6,0.35
1753769634919,06:13:54.919,bybit,ETH/USDT:USDT,3808.57,56.71,3808.54,0.02,3808.58,117.5,3808.6,0.35
1753769635019,06:13:55.019,bybit,ETH/USDT:USDT,3808.57,56.61,3808.54,0.02,3808.58,117.5,3808.6,0.35
1753769635118,06:13:55.118,bybit,ETH/USDT:USDT,3808.57,56.56,3808.54,0.02,3808.58,105.81,3808.6,0.35
1753769635218,06:13:55.218,bybit,ETH/USDT:USDT,3808.57,56.67,3808.54,0.02,3808.58,117.5,3808.6,0.35
1753769635319,06:13:55.319,bybit,ETH/USDT:USDT,3808.57,69.0,3808.56,0.01,3808.58,117.49,3808.6,0.35
1753769635419,06:13:55.419,bybit,ETH/USDT:USDT,3808.57,69.0,3808.54,0.02,3808.58,117.49,3808.6,0.35
1753769635518,06:13:55.518,bybit,ETH/USDT:USDT,3808.57,68.9,3808.54,0.02,3808.58,117.49,3808.6,0.35
1753769635618,06:13:55.618,bybit,ETH/USDT:USDT,3808.57,68.9,3808.54,0.02,3808.58,117.49,3808.6,0.35
1753769635718,06:13:55.718,bybit,ETH/USDT:USDT,3808.57,68.9,3808.54,0.02,3808.58,117.07,3808.6,0.35
1753769635819,06:13:55.819,bybit,ETH/USDT:USDT,3808.57,69.0,3808.54,0.02,3808.58,117.07,3808.6,0.35
1753769635918,06:13:55.918,bybit,ETH/USDT:USDT,3808.57,69.0,3808.54,0.02,3808.58,117.07,3808.6,0.35
1753769636021,06:13:56.021,bybit,ETH/USDT:USDT,3808.57,69.0,3808.54,0.02,3808.58,117.07,3808.6,0.35
1753769636120,06:13:56.120,bybit,ETH/USDT:USDT,3808.57,139.43,3808.54,0.02,3808.58,103.49,3808.6,0.02
1753769636219,06:13:56.219,bybit,ETH/USDT:USDT,3808.57,126.36,3808.54,0.02,3808.58,103.91,3808.6,0.02
1753769636321,06:13:56.321,bybit,ETH/USDT:USDT,3808.99,139.89,3808.98,99.58,3809.0,1.01,3809.02,0.02
1753769636718,06:13:56.718,bybit,ETH/USDT:USDT,3809.29,26.5,3809.22,1.87,3809.3,66.57,3809.31,0.03
1753769636919,06:13:56.919,bybit,ETH/USDT:USDT,3809.29,38.96,3809.22,5.41,3809.3,76.81,3809.31,0.03
1753769637019,06:13:57.019,bybit,ETH/USDT:USDT,3809.29,38.96,3809.22,5.41,3809.3,76.81,3809.31,0.03
1753769637118,06:13:57.118,bybit,ETH/USDT:USDT,3809.29,38.96,3809.22,5.41,3809.3,76.81,3809.31,0.03
1753769637219,06:13:57.219,bybit,ETH/USDT:USDT,3809.29,39.94,3809.22,5.41,3809.3,76.81,3809.31,0.03
1753769637318,06:13:57.318,bybit,ETH/USDT:USDT,3809.29,41.95,3809.22,5.41,3809.3,76.05,3809.31,0.03
1753769637419,06:13:57.419,bybit,ETH/USDT:USDT,3809.29,58.8,3809.22,5.41,3809.3,73.98,3809.31,0.03
1753769637519,06:13:57.519,bybit,ETH/USDT:USDT,3809.29,58.9,3809.22,5.41,3809.3,73.98,3809.31,0.03
1753769637619,06:13:57.619,bybit,ETH/USDT:USDT,3809.29,58.9,3809.22,5.41,3809.3,73.98,3809.31,0.03
1753769637718,06:13:57.718,bybit,ETH/USDT:USDT,3809.29,58.9,3809.22,5.41,3809.3,74.11,3809.31,0.03
1753769637818,06:13:57.818,bybit,ETH/USDT:USDT,3809.29,56.89,3809.22,5.41,3809.3,74.11,3809.31,0.03
1753769637919,06:13:57.919,bybit,ETH/USDT:USDT,3809.29,51.47,3809.22,5.41,3809.3,74.11,3809.31,0.03
1753769638020,06:13:58.020,bybit,ETH/USDT:USDT,3809.29,51.47,3809.22,5.41,3809.3,75.49,3809.31,0.03
1753769638119,06:13:58.119,bybit,ETH/USDT:USDT,3809.29,53.16,3809.22,5.41,3809.3,65.49,3809.31,0.03
1753769638218,06:13:58.218,bybit,ETH/USDT:USDT,3809.29,53.04,3809.22,5.41,3809.3,65.49,3809.31,0.03
1753769638318,06:13:58.318,bybit,ETH/USDT:USDT,3809.29,56.79,3809.22,5.41,3809.3,65.49,3809.31,0.03
1753769638419,06:13:58.419,bybit,ETH/USDT:USDT,3809.29,60.63,3809.22,5.41,3809.3,65.67,3809.31,0.03
1753769638518,06:13:58.518,bybit,ETH/USDT:USDT,3809.29,60.73,3809.22,5.41,3809.3,65.67,3809.31,0.03
1753769638618,06:13:58.618,bybit,ETH/USDT:USDT,3809.29,60.73,3809.22,5.41,3809.3,65.67,3809.31,0.03
1753769638719,06:13:58.719,bybit,ETH/USDT:USDT,3809.29,60.73,3809.22,5.41,3809.3,65.67,3809.31,0.03
1753769638818,06:13:58.818,bybit,ETH/USDT:USDT,3809.29,60.73,3809.22,5.41,3809.3,65.77,3809.31,0.03
1753769638919,06:13:58.919,bybit,ETH/USDT:USDT,3809.29,60.73,3809.22,5.41,3809.3,65.77,3809.31,0.03
1753769639018,06:13:59.018,bybit,ETH/USDT:USDT,3809.29,60.73,3809.22,5.41,3809.3,65.77,3809.31,0.03
1753769639118,06:13:59.118,bybit,ETH/USDT:USDT,3809.29,60.73,3809.22,5.41,3809.3,65.77,3809.31,0.03
1753769639219,06:13:59.219,bybit,ETH/USDT:USDT,3809.29,60.63,3809.22,5.41,3809.3,65.77,3809.31,0.03
1753769639318,06:13:59.318,bybit,ETH/USDT:USDT,3809.29,60.63,3809.22,5.41,3809.3,65.77,3809.31,0.03
1753769639419,06:13:59.419,bybit,ETH/USDT:USDT,3809.29,60.73,3809.22,5.41,3809.3,65.77,3809.31,0.03
1753769639519,06:13:59.519,bybit,ETH/USDT:USDT,3809.29,60.73,3809.22,5.41,3809.3,65.77,3809.31,0.03
1753769639619,06:13:59.619,bybit,ETH/USDT:USDT,3809.29,60.73,3809.22,5.41,3809.3,65.77,3809.31,0.03
1753769639719,06:13:59.719,bybit,ETH/USDT:USDT,3809.29,50.04,3809.22,5.41,3809.3,66.55,3809.31,0.03
1753769639819,06:13:59.819,bybit,ETH/USDT:USDT,3809.29,8.41,3809.22,0.02,3809.3,68.42,3809.31,0.03
1753769639918,06:13:59.918,bybit,ETH/USDT:USDT,3809.29,8.41,3809.22,0.02,3809.3,68.42,3809.31,0.03
1753769640018,06:14:00.018,bybit,ETH/USDT:USDT,3809.29,0.54,3809.22,0.02,3809.3,79.73,3809.31,0.59
1753769640118,06:14:00.118,bybit,ETH/USDT:USDT,3809.0,63.98,3808.99,0.02,3809.01,151.21,3809.06,0.02
1753769640219,06:14:00.219,bybit,ETH/USDT:USDT,3809.0,63.98,3808.99,0.02,3809.01,151.93,3809.06,0.02
1753769640318,06:14:00.318,bybit,ETH/USDT:USDT,3809.0,64.13,3808.99,0.02,3809.01,148.98,3809.06,0.02
1753769640418,06:14:00.418,bybit,ETH/USDT:USDT,3809.0,62.38,3808.99,0.02,3809.01,148.98,3809.06,0.02
1753769640519,06:14:00.519,bybit,ETH/USDT:USDT,3809.0,62.38,3808.99,0.02,3809.01,114.25,3809.06,0.02
1753769640618,06:14:00.618,bybit,ETH/USDT:USDT,3809.0,56.06,3808.99,0.02,3809.01,44.76,3809.06,0.02
1753769640719,06:14:00.719,bybit,ETH/USDT:USDT,3809.0,59.55,3808.99,0.02,3809.01,23.08,3809.06,0.02
1753769640819,06:14:00.819,bybit,ETH/USDT:USDT,3809.0,62.24,3808.99,0.02,3809.01,16.68,3809.06,0.02
1753769640919,06:14:00.919,bybit,ETH/USDT:USDT,3809.0,82.25,3808.99,0.02,3809.01,2.52,3809.06,0.02
1753769641218,06:14:01.218,bybit,ETH/USDT:USDT,3809.0,84.92,3808.99,0.02,3809.01,2.54,3809.06,0.02
1753769641318,06:14:01.318,bybit,ETH/USDT:USDT,3809.0,84.91,3808.99,0.02,3809.01,4.07,3809.06,0.02
1753769641418,06:14:01.418,bybit,ETH/USDT:USDT,3809.0,84.91,3808.99,0.02,3809.01,4.27,3809.06,0.02
1753769641518,06:14:01.518,bybit,ETH/USDT:USDT,3809.0,84.91,3808.99,0.02,3809.01,2.74,3809.06,0.02
1753769641619,06:14:01.619,bybit,ETH/USDT:USDT,3809.0,84.91,3808.99,0.02,3809.01,2.74,3809.06,0.02
1753769641719,06:14:01.719,bybit,ETH/USDT:USDT,3809.0,78.83,3808.99,0.02,3809.01,4.29,3809.06,0.02
1753769641818,06:14:01.818,bybit,ETH/USDT:USDT,3809.0,78.78,3808.99,0.02,3809.01,4.29,3809.06,0.02
1753769641918,06:14:01.918,bybit,ETH/USDT:USDT,3809.0,78.78,3808.99,0.02,3809.01,13.96,3809.06,0.02
1753769642018,06:14:02.018,bybit,ETH/USDT:USDT,3809.0,64.42,3808.99,0.02,3809.01,25.26,3809.06,0.02
1753769642119,06:14:02.119,bybit,ETH/USDT:USDT,3809.0,66.0,3808.99,0.02,3809.01,49.29,3809.06,0.02
1753769642219,06:14:02.219,bybit,ETH/USDT:USDT,3809.0,69.67,3808.99,0.02,3809.01,49.33,3809.06,0.02
1753769642318,06:14:02.318,bybit,ETH/USDT:USDT,3809.0,71.68,3808.99,0.02,3809.01,49.29,3809.06,0.02
1753769642419,06:14:02.419,bybit,ETH/USDT:USDT,3809.0,71.38,3808.99,0.02,3809.01,35.63,3809.06,0.02
1753769642518,06:14:02.518,bybit,ETH/USDT:USDT,3809.0,66.63,3808.99,0.02,3809.01,39.52,3809.06,0.02
1753769642618,06:14:02.618,bybit,ETH/USDT:USDT,3809.0,69.45,3808.99,0.02,3809.01,39.52,3809.06,0.02
1753769642718,06:14:02.718,bybit,ETH/USDT:USDT,3809.0,71.9,3808.99,0.02,3809.01,40.71,3809.06,0.02
1753769642818,06:14:02.818,bybit,ETH/USDT:USDT,3809.0,71.9,3808.99,0.02,3809.01,40.71,3809.06,0.02
1753769642918,06:14:02.918,bybit,ETH/USDT:USDT,3809.0,71.9,3808.99,0.02,3809.01,37.1,3809.06,0.02
1753769643018,06:14:03.018,bybit,ETH/USDT:USDT,3809.0,71.9,3808.99,0.02,3809.01,36.34,3809.06,0.02
1753769643118,06:14:03.118,bybit,ETH/USDT:USDT,3809.0,71.99,3808.99,0.02,3809.01,34.27,3809.06,0.02
1753769643419,06:14:03.419,bybit,ETH/USDT:USDT,3809.0,71.35,3808.99,0.02,3809.01,50.92,3809.06,0.02
1753769643519,06:14:03.519,bybit,ETH/USDT:USDT,3809.0,71.35,3808.99,0.02,3809.01,48.85,3809.06,0.02
1753769643618,06:14:03.618,bybit,ETH/USDT:USDT,3809.0,73.36,3808.99,0.02,3809.01,48.85,3809.06,0.02
1753769643718,06:14:03.718,bybit,ETH/USDT:USDT,3809.0,67.64,3808.99,0.02,3809.01,50.65,3809.06,0.02
1753769643818,06:14:03.818,bybit,ETH/USDT:USDT,3809.0,68.62,3808.99,0.02,3809.01,49.89,3809.06,0.02
1753769643918,06:14:03.918,bybit,ETH/USDT:USDT,3809.0,68.72,3808.99,0.02,3809.01,49.89,3809.06,0.02
1753769644021,06:14:04.021,bybit,ETH/USDT:USDT,3809.0,68.72,3808.99,0.02,3809.01,49.89,3809.06,0.02
1753769644118,06:14:04.118,bybit,ETH/USDT:USDT,3809.0,69.5,3808.99,0.02,3809.01,41.74,3809.06,0.02
1753769644218,06:14:04.218,bybit,ETH/USDT:USDT,3809.0,80.76,3808.99,0.02,3809.01,40.78,3809.06,0.02
