timestamp,time,exchange,symbol,bid1_price,bid1_volume,bid2_price,bid2_volume,ask1_price,ask1_volume,ask2_price,ask2_volume
1753769305892,06:08:25.892,bybit,XRP/USDT:USDT,3.1384,49675.0,3.1383,30408.0,3.1385,7575.0,3.1386,4.0
1753769305991,06:08:25.991,bybit,XRP/USDT:USDT,3.1384,46553.0,3.1383,29699.0,3.1385,7575.0,3.1386,4.0
1753769306091,06:08:26.091,bybit,XRP/USDT:USDT,3.1384,45206.0,3.1383,25153.0,3.1385,7575.0,3.1386,4.0
1753769306191,06:08:26.191,bybit,XRP/USDT:USDT,3.1384,44341.0,3.1383,23778.0,3.1385,7575.0,3.1386,4.0
1753769306292,06:08:26.292,bybit,XRP/USDT:USDT,3.1384,47505.0,3.1383,24962.0,3.1385,7608.0,3.1386,4.0
1753769306391,06:08:26.391,bybit,XRP/USDT:USDT,3.1384,45683.0,3.1383,27193.0,3.1385,7608.0,3.1386,4.0
1753769306491,06:08:26.491,bybit,XRP/USDT:USDT,3.1384,43188.0,3.1383,22349.0,3.1385,7608.0,3.1386,1564.0
1753769306591,06:08:26.591,bybit,XRP/USDT:USDT,3.1384,43188.0,3.1383,22349.0,3.1385,7608.0,3.1386,4.0
1753769306691,06:08:26.691,bybit,XRP/USDT:USDT,3.1384,44548.0,3.1383,28272.0,3.1385,7608.0,3.1386,4.0
1753769306791,06:08:26.791,bybit,XRP/USDT:USDT,3.1384,42959.0,3.1383,29119.0,3.1385,7608.0,3.1386,4.0
1753769306891,06:08:26.891,bybit,XRP/USDT:USDT,3.1384,43188.0,3.1383,29119.0,3.1385,7608.0,3.1386,4.0
1753769306991,06:08:26.991,bybit,XRP/USDT:USDT,3.1384,43188.0,3.1383,29119.0,3.1385,7608.0,3.1386,4.0
1753769307191,06:08:27.191,bybit,XRP/USDT:USDT,3.1384,38108.0,3.1383,27392.0,3.1385,7608.0,3.1386,4.0
1753769307391,06:08:27.391,bybit,XRP/USDT:USDT,3.1384,38499.0,3.1383,27392.0,3.1385,7608.0,3.1386,4.0
1753769307691,06:08:27.691,bybit,XRP/USDT:USDT,3.1384,45287.0,3.1383,30120.0,3.1385,7696.0,3.1386,4.0
1753769307791,06:08:27.791,bybit,XRP/USDT:USDT,3.1387,30626.0,3.1386,6406.0,3.1388,6.0,3.1389,12.0
1753769307891,06:08:27.891,bybit,XRP/USDT:USDT,3.1387,30659.0,3.1386,6412.0,3.1388,6.0,3.1389,12.0
1753769307991,06:08:27.991,bybit,XRP/USDT:USDT,3.1387,30659.0,3.1386,6412.0,3.1388,6.0,3.1389,12.0
1753769308091,06:08:28.091,bybit,XRP/USDT:USDT,3.1387,30430.0,3.1386,5033.0,3.1388,6.0,3.1389,12.0
1753769308191,06:08:28.191,bybit,XRP/USDT:USDT,3.1387,30430.0,3.1386,5033.0,3.1388,6.0,3.1389,12.0
1753769308291,06:08:28.291,bybit,XRP/USDT:USDT,3.1387,30659.0,3.1386,8608.0,3.1388,6.0,3.1389,12.0
1753769308391,06:08:28.391,bybit,XRP/USDT:USDT,3.1387,30717.0,3.1386,8608.0,3.1388,6.0,3.1389,12.0
1753769308491,06:08:28.491,bybit,XRP/USDT:USDT,3.1387,7605.0,3.1386,5009.0,3.1388,16083.0,3.1389,24.0
1753769308591,06:08:28.591,bybit,XRP/USDT:USDT,3.1387,7393.0,3.1386,5009.0,3.1388,15875.0,3.1389,1342.0
1753769308691,06:08:28.691,bybit,XRP/USDT:USDT,3.1387,8170.0,3.1386,5025.0,3.1388,15840.0,3.1389,1342.0
1753769308792,06:08:28.792,bybit,XRP/USDT:USDT,3.1387,7716.0,3.1386,7255.0,3.1388,8394.0,3.1389,8.0
1753769308891,06:08:28.891,bybit,XRP/USDT:USDT,3.1387,8656.0,3.1386,7255.0,3.1388,8125.0,3.1389,8.0
1753769309091,06:08:29.091,bybit,XRP/USDT:USDT,3.1387,8643.0,3.1386,7255.0,3.1388,5105.0,3.1389,8.0
1753769309691,06:08:29.691,bybit,XRP/USDT:USDT,3.1392,1571.0,3.1391,1388.0,3.1393,11477.0,3.1394,7445.0
1753769309891,06:08:29.891,bybit,XRP/USDT:USDT,3.1392,2350.0,3.1391,1388.0,3.1393,11477.0,3.1394,7445.0
1753769309991,06:08:29.991,bybit,XRP/USDT:USDT,3.1392,2350.0,3.1391,1388.0,3.1393,11477.0,3.1394,7445.0
1753769310091,06:08:30.091,bybit,XRP/USDT:USDT,3.1392,2350.0,3.1391,1388.0,3.1393,11477.0,3.1394,7445.0
1753769310191,06:08:30.191,bybit,XRP/USDT:USDT,3.1392,2097.0,3.1391,1005.0,3.1393,11477.0,3.1394,7445.0
1753769310890,06:08:30.890,bybit,XRP/USDT:USDT,3.1392,1589.0,3.1391,1005.0,3.1393,10552.0,3.1394,7445.0
1753769311491,06:08:31.491,bybit,XRP/USDT:USDT,3.1392,2344.0,3.1391,1005.0,3.1393,10651.0,3.1394,7445.0
1753769311591,06:08:31.591,bybit,XRP/USDT:USDT,3.1392,1615.0,3.1391,1005.0,3.1393,10651.0,3.1394,7445.0
1753769311691,06:08:31.691,bybit,XRP/USDT:USDT,3.1392,1616.0,3.1391,1005.0,3.1393,10651.0,3.1394,7445.0
1753769311791,06:08:31.791,bybit,XRP/USDT:USDT,3.1392,1616.0,3.1391,1005.0,3.1393,10651.0,3.1394,7445.0
1753769311891,06:08:31.891,bybit,XRP/USDT:USDT,3.1392,2136.0,3.1391,1005.0,3.1393,10651.0,3.1394,7445.0
1753769311991,06:08:31.991,bybit,XRP/USDT:USDT,3.1392,2136.0,3.1391,1005.0,3.1393,10651.0,3.1394,7445.0
1753769312091,06:08:32.091,bybit,XRP/USDT:USDT,3.1392,1592.0,3.1391,1005.0,3.1393,11807.0,3.1394,8677.0
1753769312191,06:08:32.191,bybit,XRP/USDT:USDT,3.1392,1592.0,3.1391,1005.0,3.1393,14739.0,3.1394,12915.0
1753769312291,06:08:32.291,bybit,XRP/USDT:USDT,3.1392,1592.0,3.1391,1005.0,3.1393,14739.0,3.1394,12915.0
1753769312391,06:08:32.391,bybit,XRP/USDT:USDT,3.1392,1589.0,3.1391,1005.0,3.1393,14739.0,3.1394,11677.0
1753769312491,06:08:32.491,bybit,XRP/USDT:USDT,3.1392,1592.0,3.1391,1005.0,3.1393,14739.0,3.1394,11677.0
1753769312591,06:08:32.591,bybit,XRP/USDT:USDT,3.1392,1535.0,3.1391,1005.0,3.1393,14739.0,3.1394,11677.0
1753769312691,06:08:32.691,bybit,XRP/USDT:USDT,3.1392,1540.0,3.1391,1005.0,3.1393,14739.0,3.1394,11677.0
1753769312791,06:08:32.791,bybit,XRP/USDT:USDT,3.1392,1540.0,3.1391,1005.0,3.1393,28097.0,3.1394,10445.0
1753769313291,06:08:33.291,bybit,XRP/USDT:USDT,3.1392,1529.0,3.1391,1005.0,3.1393,32187.0,3.1394,11589.0
1753769313391,06:08:33.391,bybit,XRP/USDT:USDT,3.1392,1529.0,3.1391,1005.0,3.1393,32187.0,3.1394,11589.0
1753769313491,06:08:33.491,bybit,XRP/USDT:USDT,3.1392,1722.0,3.1391,1005.0,3.1393,32156.0,3.1394,11589.0
1753769313591,06:08:33.591,bybit,XRP/USDT:USDT,3.1392,1722.0,3.1391,1005.0,3.1393,32186.0,3.1394,11619.0
1753769313691,06:08:33.691,bybit,XRP/USDT:USDT,3.1392,1720.0,3.1391,1005.0,3.1393,32186.0,3.1394,11619.0
1753769313794,06:08:33.794,bybit,XRP/USDT:USDT,3.1392,1720.0,3.1391,1005.0,3.1393,31042.0,3.1394,10475.0
1753769313891,06:08:33.891,bybit,XRP/USDT:USDT,3.1392,4205.0,3.1391,1005.0,3.1393,30922.0,3.1394,10475.0
1753769313991,06:08:33.991,bybit,XRP/USDT:USDT,3.1392,1720.0,3.1391,1005.0,3.1393,30922.0,3.1394,10475.0
1753769314091,06:08:34.091,bybit,XRP/USDT:USDT,3.1392,1720.0,3.1391,1005.0,3.1393,31806.0,3.1394,10475.0
1753769314191,06:08:34.191,bybit,XRP/USDT:USDT,3.1392,1726.0,3.1391,2405.0,3.1393,31806.0,3.1394,10475.0
1753769314291,06:08:34.291,bybit,XRP/USDT:USDT,3.1392,1726.0,3.1391,2405.0,3.1393,31806.0,3.1394,10475.0
1753769314391,06:08:34.391,bybit,XRP/USDT:USDT,3.1392,1710.0,3.1391,1005.0,3.1393,28806.0,3.1394,10475.0
1753769314491,06:08:34.491,bybit,XRP/USDT:USDT,3.1392,1710.0,3.1391,1005.0,3.1393,28823.0,3.1394,11590.0
1753769314591,06:08:34.591,bybit,XRP/USDT:USDT,3.1392,1710.0,3.1391,1005.0,3.1393,28823.0,3.1394,11590.0
1753769314691,06:08:34.691,bybit,XRP/USDT:USDT,3.1392,1757.0,3.1391,1005.0,3.1393,28823.0,3.1394,11590.0
1753769314790,06:08:34.790,bybit,XRP/USDT:USDT,3.1392,1757.0,3.1391,1005.0,3.1393,31798.0,3.1394,11590.0
1753769314891,06:08:34.891,bybit,XRP/USDT:USDT,3.1392,1757.0,3.1391,1005.0,3.1393,28798.0,3.1394,10475.0
1753769314991,06:08:34.991,bybit,XRP/USDT:USDT,3.1392,1880.0,3.1391,1005.0,3.1393,28798.0,3.1394,10475.0
1753769315091,06:08:35.091,bybit,XRP/USDT:USDT,3.1392,6297.0,3.1391,1005.0,3.1393,24843.0,3.1394,7475.0
1753769315191,06:08:35.191,bybit,XRP/USDT:USDT,3.1392,6297.0,3.1391,1005.0,3.1393,24814.0,3.1394,5559.0
1753769315291,06:08:35.291,bybit,XRP/USDT:USDT,3.1392,6297.0,3.1391,1005.0,3.1393,24814.0,3.1394,5559.0
1753769315391,06:08:35.391,bybit,XRP/USDT:USDT,3.1392,9579.0,3.1391,1005.0,3.1393,24492.0,3.1394,4443.0
1753769315491,06:08:35.491,bybit,XRP/USDT:USDT,3.1392,9579.0,3.1391,1005.0,3.1393,24492.0,3.1394,1594.0
1753769315591,06:08:35.591,bybit,XRP/USDT:USDT,3.1392,12480.0,3.1391,3123.0,3.1393,18479.0,3.1394,34.0
1753769315691,06:08:35.691,bybit,XRP/USDT:USDT,3.1392,12483.0,3.1391,3487.0,3.1393,8985.0,3.1394,4.0
1753769315792,06:08:35.792,bybit,XRP/USDT:USDT,3.1392,12488.0,3.1391,3487.0,3.1393,8230.0,3.1394,4.0
1753769315891,06:08:35.891,bybit,XRP/USDT:USDT,3.1392,9611.0,3.1391,3487.0,3.1393,8985.0,3.1394,4.0
1753769315991,06:08:35.991,bybit,XRP/USDT:USDT,3.1392,6180.0,3.1391,2397.0,3.1393,8985.0,3.1394,1564.0
1753769316091,06:08:36.091,bybit,XRP/USDT:USDT,3.1392,10939.0,3.1391,3487.0,3.1393,8985.0,3.1394,1564.0
1753769316191,06:08:36.191,bybit,XRP/USDT:USDT,3.1392,10939.0,3.1391,4572.0,3.1393,8985.0,3.1394,4.0
1753769316291,06:08:36.291,bybit,XRP/USDT:USDT,3.1392,11432.0,3.1391,4572.0,3.1393,8223.0,3.1394,4.0
1753769316391,06:08:36.391,bybit,XRP/USDT:USDT,3.1392,11432.0,3.1391,3487.0,3.1393,8223.0,3.1394,4.0
1753769316491,06:08:36.491,bybit,XRP/USDT:USDT,3.1392,11432.0,3.1391,3487.0,3.1393,8223.0,3.1394,4.0
1753769316591,06:08:36.591,bybit,XRP/USDT:USDT,3.1392,11432.0,3.1391,3487.0,3.1393,8919.0,3.1394,4.0
1753769316691,06:08:36.691,bybit,XRP/USDT:USDT,3.1392,11431.0,3.1391,3487.0,3.1393,8395.0,3.1394,4.0
1753769316791,06:08:36.791,bybit,XRP/USDT:USDT,3.1392,11429.0,3.1391,3487.0,3.1393,8160.0,3.1394,4.0
1753769316891,06:08:36.891,bybit,XRP/USDT:USDT,3.1392,13908.0,3.1391,4545.0,3.1393,8160.0,3.1394,4.0
1753769316991,06:08:36.991,bybit,XRP/USDT:USDT,3.1392,13924.0,3.1391,3487.0,3.1393,7763.0,3.1394,4.0
1753769317091,06:08:37.091,bybit,XRP/USDT:USDT,3.1392,13924.0,3.1391,3487.0,3.1393,7763.0,3.1394,4.0
1753769317192,06:08:37.192,bybit,XRP/USDT:USDT,3.1392,13908.0,3.1391,3487.0,3.1393,7763.0,3.1394,4.0
1753769317292,06:08:37.292,bybit,XRP/USDT:USDT,3.1392,13929.0,3.1391,3487.0,3.1393,7650.0,3.1394,4.0
1753769317392,06:08:37.392,bybit,XRP/USDT:USDT,3.1392,14032.0,3.1391,3487.0,3.1393,7636.0,3.1394,4.0
1753769317492,06:08:37.492,bybit,XRP/USDT:USDT,3.1392,14032.0,3.1391,3487.0,3.1393,7636.0,3.1394,4.0
1753769317591,06:08:37.591,bybit,XRP/USDT:USDT,3.1392,14032.0,3.1391,3487.0,3.1393,7636.0,3.1394,4.0
1753769317691,06:08:37.691,bybit,XRP/USDT:USDT,3.1392,14036.0,3.1391,3487.0,3.1393,7636.0,3.1394,4.0
1753769317792,06:08:37.792,bybit,XRP/USDT:USDT,3.1392,14037.0,3.1391,3487.0,3.1393,8390.0,3.1394,4.0
1753769317891,06:08:37.891,bybit,XRP/USDT:USDT,3.1392,14037.0,3.1391,3487.0,3.1393,8390.0,3.1394,4.0
1753769317991,06:08:37.991,bybit,XRP/USDT:USDT,3.1392,14037.0,3.1391,3487.0,3.1393,7635.0,3.1394,4.0
1753769318091,06:08:38.091,bybit,XRP/USDT:USDT,3.1392,14037.0,3.1391,3487.0,3.1393,7310.0,3.1394,4.0
1753769318191,06:08:38.191,bybit,XRP/USDT:USDT,3.1392,14037.0,3.1391,3487.0,3.1393,7310.0,3.1394,4.0
1753769318291,06:08:38.291,bybit,XRP/USDT:USDT,3.1392,14040.0,3.1391,3487.0,3.1393,7310.0,3.1394,4.0
1753769318391,06:08:38.391,bybit,XRP/USDT:USDT,3.1392,14040.0,3.1391,8176.0,3.1393,7310.0,3.1394,4.0
1753769318490,06:08:38.490,bybit,XRP/USDT:USDT,3.1392,14040.0,3.1391,8176.0,3.1393,7253.0,3.1394,4.0
1753769318591,06:08:38.591,bybit,XRP/USDT:USDT,3.1392,14040.0,3.1391,8176.0,3.1393,7253.0,3.1394,4.0
1753769318691,06:08:38.691,bybit,XRP/USDT:USDT,3.1392,14040.0,3.1391,8176.0,3.1393,7253.0,3.1394,4.0
1753769318792,06:08:38.792,bybit,XRP/USDT:USDT,3.1392,14040.0,3.1391,8176.0,3.1393,7253.0,3.1394,4.0
1753769318890,06:08:38.890,bybit,XRP/USDT:USDT,3.1392,14040.0,3.1391,8176.0,3.1393,7253.0,3.1394,4.0
1753769318991,06:08:38.991,bybit,XRP/USDT:USDT,3.1392,14040.0,3.1391,8176.0,3.1393,7253.0,3.1394,4.0
1753769319090,06:08:39.090,bybit,XRP/USDT:USDT,3.1392,14040.0,3.1391,8176.0,3.1393,7082.0,3.1394,4.0
1753769319192,06:08:39.192,bybit,XRP/USDT:USDT,3.1392,14040.0,3.1391,8176.0,3.1393,7082.0,3.1394,4.0
1753769319291,06:08:39.291,bybit,XRP/USDT:USDT,3.1392,14040.0,3.1391,8176.0,3.1393,7253.0,3.1394,4.0
1753769319392,06:08:39.392,bybit,XRP/USDT:USDT,3.1392,14040.0,3.1391,8176.0,3.1393,7253.0,3.1394,4.0
1753769319491,06:08:39.491,bybit,XRP/USDT:USDT,3.1392,14040.0,3.1391,8176.0,3.1393,7253.0,3.1394,4.0
1753769319591,06:08:39.591,bybit,XRP/USDT:USDT,3.1392,14269.0,3.1391,8176.0,3.1393,7253.0,3.1394,4.0
1753769319691,06:08:39.691,bybit,XRP/USDT:USDT,3.1392,14258.0,3.1391,8176.0,3.1393,7253.0,3.1394,4.0
1753769319791,06:08:39.791,bybit,XRP/USDT:USDT,3.1392,14261.0,3.1391,8176.0,3.1393,7253.0,3.1394,4.0
1753769319891,06:08:39.891,bybit,XRP/USDT:USDT,3.1392,14261.0,3.1391,8176.0,3.1393,7253.0,3.1394,4.0
1753769319991,06:08:39.991,bybit,XRP/USDT:USDT,3.1392,14261.0,3.1391,8176.0,3.1393,7253.0,3.1394,4.0
1753769320091,06:08:40.091,bybit,XRP/USDT:USDT,3.1393,42617.0,3.1392,30182.0,3.1394,2.0,3.1395,15.0
1753769320193,06:08:40.193,bybit,XRP/USDT:USDT,3.1394,41904.0,3.1393,40688.0,3.1395,11.0,3.1396,10216.0
1753769320291,06:08:40.291,bybit,XRP/USDT:USDT,3.1394,42882.0,3.1393,40688.0,3.1395,11.0,3.1396,10216.0
1753769320492,06:08:40.492,bybit,XRP/USDT:USDT,3.1397,19936.0,3.1396,40530.0,3.1398,2.0,3.1399,24.0
1753769320592,06:08:40.592,bybit,XRP/USDT:USDT,3.14,10853.0,3.1399,10790.0,3.1401,7688.0,3.1402,8350.0
1753769320692,06:08:40.692,bybit,XRP/USDT:USDT,3.14,11101.0,3.1399,10790.0,3.1401,4488.0,3.1402,8350.0
1753769320791,06:08:40.791,bybit,XRP/USDT:USDT,3.14,8727.0,3.1399,9878.0,3.1401,6826.0,3.1402,9765.0
1753769320891,06:08:40.891,bybit,XRP/USDT:USDT,3.14,9482.0,3.1399,9878.0,3.1401,6782.0,3.1402,9765.0
1753769320992,06:08:40.992,bybit,XRP/USDT:USDT,3.14,8727.0,3.1399,9878.0,3.1401,6584.0,3.1402,9765.0
1753769321090,06:08:41.090,bybit,XRP/USDT:USDT,3.14,9247.0,3.1399,9878.0,3.1401,5106.0,3.1402,9765.0
1753769321191,06:08:41.191,bybit,XRP/USDT:USDT,3.14,9247.0,3.1399,9878.0,3.1401,5106.0,3.1402,8352.0
1753769321291,06:08:41.291,bybit,XRP/USDT:USDT,3.14,10823.0,3.1399,9878.0,3.1401,2855.0,3.1402,7764.0
1753769321391,06:08:41.391,bybit,XRP/USDT:USDT,3.14,11308.0,3.1399,9878.0,3.1401,12337.0,3.1402,2105.0
1753769321491,06:08:41.491,bybit,XRP/USDT:USDT,3.14,11308.0,3.1399,9878.0,3.1401,12337.0,3.1402,2105.0
1753769321591,06:08:41.591,bybit,XRP/USDT:USDT,3.14,11308.0,3.1399,9878.0,3.1401,12163.0,3.1402,2105.0
1753769321691,06:08:41.691,bybit,XRP/USDT:USDT,3.14,10831.0,3.1399,9878.0,3.1401,12165.0,3.1402,2105.0
1753769321791,06:08:41.791,bybit,XRP/USDT:USDT,3.14,10832.0,3.1399,9878.0,3.1401,12163.0,3.1402,2105.0
1753769321891,06:08:41.891,bybit,XRP/USDT:USDT,3.14,10404.0,3.1399,9878.0,3.1401,12163.0,3.1402,3665.0
1753769321991,06:08:41.991,bybit,XRP/USDT:USDT,3.14,11159.0,3.1399,9878.0,3.1401,12163.0,3.1402,3665.0
1753769322091,06:08:42.091,bybit,XRP/USDT:USDT,3.14,1333.0,3.1399,9123.0,3.1401,12163.0,3.1402,3665.0
1753769322191,06:08:42.191,bybit,XRP/USDT:USDT,3.14,330.0,3.1399,2.0,3.1401,12484.0,3.1402,6671.0
1753769322291,06:08:42.291,bybit,XRP/USDT:USDT,3.14,1343.0,3.1399,2.0,3.1401,12484.0,3.1402,6671.0
1753769322391,06:08:42.391,bybit,XRP/USDT:USDT,3.14,1863.0,3.1399,2.0,3.1401,12484.0,3.1402,6671.0
1753769322591,06:08:42.591,bybit,XRP/USDT:USDT,3.14,1573.0,3.1399,2.0,3.1401,12484.0,3.1402,5717.0
1753769322692,06:08:42.692,bybit,XRP/USDT:USDT,3.14,677.0,3.1399,2.0,3.1401,12484.0,3.1402,6645.0
1753769322791,06:08:42.791,bybit,XRP/USDT:USDT,3.14,2024.0,3.1399,2.0,3.1401,11622.0,3.1402,5717.0
1753769322891,06:08:42.891,bybit,XRP/USDT:USDT,3.14,2568.0,3.1399,2.0,3.1401,11622.0,3.1402,5717.0
1753769322991,06:08:42.991,bybit,XRP/USDT:USDT,3.14,2030.0,3.1399,2.0,3.1401,11622.0,3.1402,5717.0
1753769323092,06:08:43.092,bybit,XRP/USDT:USDT,3.14,2024.0,3.1399,2.0,3.1401,11588.0,3.1402,5717.0
1753769323191,06:08:43.191,bybit,XRP/USDT:USDT,3.14,2024.0,3.1399,2.0,3.1401,11588.0,3.1402,5717.0
1753769323291,06:08:43.291,bybit,XRP/USDT:USDT,3.14,2048.0,3.1399,2.0,3.1401,11588.0,3.1402,5717.0
1753769323391,06:08:43.391,bybit,XRP/USDT:USDT,3.14,2048.0,3.1399,2.0,3.1401,11588.0,3.1402,5717.0
1753769323492,06:08:43.492,bybit,XRP/USDT:USDT,3.1399,1003.0,3.1398,1054.0,3.14,27831.0,3.1401,13883.0
1753769323591,06:08:43.591,bybit,XRP/USDT:USDT,3.1399,1003.0,3.1398,1054.0,3.14,25831.0,3.1401,18179.0
1753769323692,06:08:43.692,bybit,XRP/USDT:USDT,3.1398,52.0,3.1397,9.0,3.1399,11441.0,3.14,34106.0
1753769323791,06:08:43.791,bybit,XRP/USDT:USDT,3.1398,1055.0,3.1397,5.0,3.1399,9198.0,3.14,24844.0
1753769323891,06:08:43.891,bybit,XRP/USDT:USDT,3.1398,1055.0,3.1397,5.0,3.1399,7025.0,3.14,21022.0
1753769323991,06:08:43.991,bybit,XRP/USDT:USDT,3.1398,1055.0,3.1397,5.0,3.1399,8647.0,3.14,25568.0
1753769324091,06:08:44.091,bybit,XRP/USDT:USDT,3.1398,1055.0,3.1397,5.0,3.1399,11997.0,3.14,26479.0
1753769324191,06:08:44.191,bybit,XRP/USDT:USDT,3.1398,52.0,3.1397,5.0,3.1399,11997.0,3.14,26479.0
1753769324292,06:08:44.292,bybit,XRP/USDT:USDT,3.1398,52.0,3.1397,5.0,3.1399,14981.0,3.14,29479.0
1753769324391,06:08:44.391,bybit,XRP/USDT:USDT,3.1398,52.0,3.1397,5.0,3.1399,14981.0,3.14,29479.0
1753769324491,06:08:44.491,bybit,XRP/USDT:USDT,3.1398,52.0,3.1397,5.0,3.1399,11781.0,3.14,29479.0
1753769324594,06:08:44.594,bybit,XRP/USDT:USDT,3.1398,52.0,3.1397,5.0,3.1399,11781.0,3.14,29479.0
1753769324691,06:08:44.691,bybit,XRP/USDT:USDT,3.1398,52.0,3.1397,5.0,3.1399,11781.0,3.14,29479.0
1753769324791,06:08:44.791,bybit,XRP/USDT:USDT,3.1398,52.0,3.1397,5.0,3.1399,11781.0,3.14,29479.0
1753769324891,06:08:44.891,bybit,XRP/USDT:USDT,3.1398,52.0,3.1397,5.0,3.1399,11811.0,3.14,29479.0
1753769324991,06:08:44.991,bybit,XRP/USDT:USDT,3.1398,52.0,3.1397,5.0,3.1399,11811.0,3.14,28568.0
1753769325091,06:08:45.091,bybit,XRP/USDT:USDT,3.1398,52.0,3.1397,2.0,3.1399,11794.0,3.14,28568.0
1753769325191,06:08:45.191,bybit,XRP/USDT:USDT,3.1398,52.0,3.1397,2.0,3.1399,11794.0,3.14,28568.0
1753769325291,06:08:45.291,bybit,XRP/USDT:USDT,3.1398,52.0,3.1397,2.0,3.1399,11818.0,3.14,28568.0
1753769325392,06:08:45.392,bybit,XRP/USDT:USDT,3.1398,52.0,3.1397,2.0,3.1399,11807.0,3.14,29440.0
1753769325491,06:08:45.491,bybit,XRP/USDT:USDT,3.1398,52.0,3.1397,2.0,3.1399,11837.0,3.14,28598.0
1753769325591,06:08:45.591,bybit,XRP/USDT:USDT,3.1398,52.0,3.1397,2.0,3.1399,11977.0,3.14,28598.0
1753769325691,06:08:45.691,bybit,XRP/USDT:USDT,3.1398,52.0,3.1397,2.0,3.1399,11977.0,3.14,28598.0
1753769325793,06:08:45.793,bybit,XRP/USDT:USDT,3.1398,52.0,3.1397,2.0,3.1399,11977.0,3.14,28598.0
1753769325891,06:08:45.891,bybit,XRP/USDT:USDT,3.1398,52.0,3.1397,2.0,3.1399,11977.0,3.14,27692.0
1753769325991,06:08:45.991,bybit,XRP/USDT:USDT,3.1398,52.0,3.1397,2.0,3.1399,11977.0,3.14,28541.0
1753769326091,06:08:46.091,bybit,XRP/USDT:USDT,3.1398,52.0,3.1397,2.0,3.1399,11977.0,3.14,28541.0
1753769326191,06:08:46.191,bybit,XRP/USDT:USDT,3.1398,52.0,3.1397,2.0,3.1399,11960.0,3.14,27692.0
1753769326291,06:08:46.291,bybit,XRP/USDT:USDT,3.1398,52.0,3.1397,2.0,3.1399,11960.0,3.14,27692.0
1753769326391,06:08:46.391,bybit,XRP/USDT:USDT,3.1398,84.0,3.1397,2.0,3.1399,11976.0,3.14,27692.0
1753769326492,06:08:46.492,bybit,XRP/USDT:USDT,3.1398,108.0,3.1397,2.0,3.1399,8922.0,3.14,27692.0
1753769326591,06:08:46.591,bybit,XRP/USDT:USDT,3.1398,1111.0,3.1397,2.0,3.1399,8021.0,3.14,27692.0
1753769326691,06:08:46.691,bybit,XRP/USDT:USDT,3.1398,1111.0,3.1397,2.0,3.1399,8021.0,3.14,27692.0
1753769326791,06:08:46.791,bybit,XRP/USDT:USDT,3.1398,1111.0,3.1397,2.0,3.1399,8021.0,3.14,27692.0
1753769326891,06:08:46.891,bybit,XRP/USDT:USDT,3.1398,1111.0,3.1397,2.0,3.1399,8021.0,3.14,27692.0
1753769326991,06:08:46.991,bybit,XRP/USDT:USDT,3.1398,1111.0,3.1397,2.0,3.1399,7894.0,3.14,27692.0
1753769327091,06:08:47.091,bybit,XRP/USDT:USDT,3.1398,1631.0,3.1397,2.0,3.1399,7911.0,3.14,27692.0
1753769327191,06:08:47.191,bybit,XRP/USDT:USDT,3.1398,1111.0,3.1397,2.0,3.1399,7911.0,3.14,27692.0
1753769327291,06:08:47.291,bybit,XRP/USDT:USDT,3.1398,1111.0,3.1397,2.0,3.1399,7911.0,3.14,27692.0
1753769327391,06:08:47.391,bybit,XRP/USDT:USDT,3.1398,1111.0,3.1397,2.0,3.1399,7911.0,3.14,27692.0
1753769327491,06:08:47.491,bybit,XRP/USDT:USDT,3.1398,1912.0,3.1397,2.0,3.1399,7993.0,3.14,27692.0
1753769327591,06:08:47.591,bybit,XRP/USDT:USDT,3.1398,1435.0,3.1397,2.0,3.1399,7993.0,3.14,27692.0
1753769327692,06:08:47.692,bybit,XRP/USDT:USDT,3.1398,1411.0,3.1397,2.0,3.1399,10878.0,3.14,27692.0
1753769327791,06:08:47.791,bybit,XRP/USDT:USDT,3.1398,1411.0,3.1397,2.0,3.1399,10878.0,3.14,28492.0
1753769327890,06:08:47.890,bybit,XRP/USDT:USDT,3.1398,1411.0,3.1397,2.0,3.1399,10878.0,3.14,27692.0
1753769327991,06:08:47.991,bybit,XRP/USDT:USDT,3.1398,1411.0,3.1397,2.0,3.1399,10878.0,3.14,27692.0
1753769328092,06:08:48.092,bybit,XRP/USDT:USDT,3.1398,1435.0,3.1397,2.0,3.1399,10878.0,3.14,27692.0
1753769328191,06:08:48.191,bybit,XRP/USDT:USDT,3.1398,1411.0,3.1397,2.0,3.1399,7878.0,3.14,27692.0
1753769328291,06:08:48.291,bybit,XRP/USDT:USDT,3.1398,1411.0,3.1397,2.0,3.1399,7878.0,3.14,27692.0
1753769328491,06:08:48.491,bybit,XRP/USDT:USDT,3.1398,1435.0,3.1397,2.0,3.1399,7878.0,3.14,27692.0
1753769328791,06:08:48.791,bybit,XRP/USDT:USDT,3.1398,1888.0,3.1397,2.0,3.1399,7820.0,3.14,27692.0
1753769329292,06:08:49.292,bybit,XRP/USDT:USDT,3.1398,1411.0,3.1397,2.0,3.1399,18997.0,3.14,28477.0
1753769329391,06:08:49.391,bybit,XRP/USDT:USDT,3.1398,1411.0,3.1397,2.0,3.1399,18940.0,3.14,27692.0
1753769329491,06:08:49.491,bybit,XRP/USDT:USDT,3.1398,1411.0,3.1397,2.0,3.1399,18940.0,3.14,27692.0
1753769329591,06:08:49.591,bybit,XRP/USDT:USDT,3.1398,1888.0,3.1397,2.0,3.1399,18940.0,3.14,27692.0
1753769329691,06:08:49.691,bybit,XRP/USDT:USDT,3.1398,1888.0,3.1397,2.0,3.1399,18940.0,3.14,27692.0
1753769329794,06:08:49.794,bybit,XRP/USDT:USDT,3.1398,1411.0,3.1397,2.0,3.1399,18940.0,3.14,27692.0
1753769329891,06:08:49.891,bybit,XRP/USDT:USDT,3.1398,1411.0,3.1397,2.0,3.1399,18940.0,3.14,27692.0
1753769329991,06:08:49.991,bybit,XRP/USDT:USDT,3.1398,408.0,3.1397,2.0,3.1399,18940.0,3.14,27692.0
1753769330091,06:08:50.091,bybit,XRP/USDT:USDT,3.1398,408.0,3.1397,2.0,3.1399,18940.0,3.14,27692.0
1753769330191,06:08:50.191,bybit,XRP/USDT:USDT,3.1398,377.0,3.1397,2.0,3.1399,21940.0,3.14,27692.0
1753769330291,06:08:50.291,bybit,XRP/USDT:USDT,3.1398,1380.0,3.1397,2.0,3.1399,21940.0,3.14,27692.0
1753769330391,06:08:50.391,bybit,XRP/USDT:USDT,3.1398,377.0,3.1397,2.0,3.1399,21940.0,3.14,27692.0
1753769330491,06:08:50.491,bybit,XRP/USDT:USDT,3.1398,377.0,3.1397,2.0,3.1399,21970.0,3.14,27692.0
1753769330592,06:08:50.592,bybit,XRP/USDT:USDT,3.1398,377.0,3.1397,2.0,3.1399,21970.0,3.14,27692.0
1753769330791,06:08:50.791,bybit,XRP/USDT:USDT,3.1398,380.0,3.1397,2.0,3.1399,18970.0,3.14,27692.0
1753769330891,06:08:50.891,bybit,XRP/USDT:USDT,3.1398,380.0,3.1397,2.0,3.1399,18970.0,3.14,27692.0
1753769330991,06:08:50.991,bybit,XRP/USDT:USDT,3.1398,1383.0,3.1397,2.0,3.1399,19338.0,3.14,27692.0
1753769331092,06:08:51.092,bybit,XRP/USDT:USDT,3.1398,1383.0,3.1397,2.0,3.1399,19338.0,3.14,27692.0
1753769331191,06:08:51.191,bybit,XRP/USDT:USDT,3.1398,1383.0,3.1397,2.0,3.1399,22230.0,3.14,27692.0
1753769331293,06:08:51.293,bybit,XRP/USDT:USDT,3.1396,2.0,3.1395,2663.0,3.1397,29286.0,3.1398,48859.0
1753769331391,06:08:51.391,bybit,XRP/USDT:USDT,3.1396,8.0,3.1395,2663.0,3.1397,29286.0,3.1398,48859.0
1753769331491,06:08:51.491,bybit,XRP/USDT:USDT,3.1396,8.0,3.1395,2663.0,3.1397,28290.0,3.1398,48859.0
1753769331591,06:08:51.591,bybit,XRP/USDT:USDT,3.1396,482.0,3.1395,2663.0,3.1397,28290.0,3.1398,48859.0
1753769331691,06:08:51.691,bybit,XRP/USDT:USDT,3.1396,482.0,3.1395,2663.0,3.1397,28626.0,3.1398,48859.0
1753769331792,06:08:51.792,bybit,XRP/USDT:USDT,3.1396,482.0,3.1395,2663.0,3.1397,28290.0,3.1398,48859.0
1753769331891,06:08:51.891,bybit,XRP/USDT:USDT,3.1396,482.0,3.1395,2663.0,3.1397,28290.0,3.1398,48859.0
1753769331991,06:08:51.991,bybit,XRP/USDT:USDT,3.1396,5.0,3.1395,2663.0,3.1397,28421.0,3.1398,46902.0
1753769332091,06:08:52.091,bybit,XRP/USDT:USDT,3.1396,482.0,3.1395,2663.0,3.1397,28421.0,3.1398,46902.0
1753769332191,06:08:52.191,bybit,XRP/USDT:USDT,3.1396,482.0,3.1395,2663.0,3.1397,28529.0,3.1398,46902.0
1753769332291,06:08:52.291,bybit,XRP/USDT:USDT,3.1396,482.0,3.1395,2663.0,3.1397,29284.0,3.1398,46902.0
1753769332391,06:08:52.391,bybit,XRP/USDT:USDT,3.1396,482.0,3.1395,2663.0,3.1397,29284.0,3.1398,46902.0
1753769332491,06:08:52.491,bybit,XRP/USDT:USDT,3.1396,482.0,3.1395,2663.0,3.1397,29284.0,3.1398,46902.0
1753769332592,06:08:52.592,bybit,XRP/USDT:USDT,3.1396,482.0,3.1395,2663.0,3.1397,29284.0,3.1398,46902.0
1753769332691,06:08:52.691,bybit,XRP/USDT:USDT,3.1394,41.0,3.1393,19650.0,3.1395,10636.0,3.1396,19484.0
1753769332791,06:08:52.791,bybit,XRP/USDT:USDT,3.1394,6308.0,3.1393,19646.0,3.1395,9293.0,3.1396,18141.0
1753769332891,06:08:52.891,bybit,XRP/USDT:USDT,3.1394,9282.0,3.1393,20370.0,3.1395,4625.0,3.1396,14907.0
1753769332991,06:08:52.991,bybit,XRP/USDT:USDT,3.1394,8558.0,3.1393,19646.0,3.1395,4833.0,3.1396,14907.0
1753769333091,06:08:53.091,bybit,XRP/USDT:USDT,3.1394,3776.0,3.1393,19646.0,3.1395,10351.0,3.1396,14907.0
1753769333191,06:08:53.191,bybit,XRP/USDT:USDT,3.1394,3776.0,3.1393,19646.0,3.1395,8317.0,3.1396,14907.0
1753769333291,06:08:53.291,bybit,XRP/USDT:USDT,3.1394,3776.0,3.1393,19646.0,3.1395,8317.0,3.1396,14907.0
1753769333391,06:08:53.391,bybit,XRP/USDT:USDT,3.1394,143.0,3.1393,6747.0,3.1395,13814.0,3.1396,14907.0
1753769333492,06:08:53.492,bybit,XRP/USDT:USDT,3.1394,38.0,3.1393,3304.0,3.1395,14580.0,3.1396,45771.0
1753769333593,06:08:53.593,bybit,XRP/USDT:USDT,3.1392,19.0,3.1391,11.0,3.1393,23754.0,3.1394,62148.0
1753769333692,06:08:53.692,bybit,XRP/USDT:USDT,3.139,2291.0,3.1389,4350.0,3.1391,22883.0,3.1392,27660.0
1753769333792,06:08:53.792,bybit,XRP/USDT:USDT,3.139,557.0,3.1389,4326.0,3.1391,24145.0,3.1392,50299.0
1753769333891,06:08:53.891,bybit,XRP/USDT:USDT,3.139,557.0,3.1389,3349.0,3.1391,24145.0,3.1392,43528.0
1753769333991,06:08:53.991,bybit,XRP/USDT:USDT,3.139,557.0,3.1389,57.0,3.1391,24145.0,3.1392,43528.0
1753769334092,06:08:54.092,bybit,XRP/USDT:USDT,3.1389,55.0,3.1388,211.0,3.139,53160.0,3.1391,35867.0
1753769334191,06:08:54.191,bybit,XRP/USDT:USDT,3.1388,204.0,3.1387,6.0,3.1389,36550.0,3.139,61951.0
1753769334292,06:08:54.292,bybit,XRP/USDT:USDT,3.1388,198.0,3.1387,6.0,3.1389,39550.0,3.139,49964.0
1753769334392,06:08:54.392,bybit,XRP/USDT:USDT,3.1388,201.0,3.1387,6.0,3.1389,39550.0,3.139,49964.0
1753769334492,06:08:54.492,bybit,XRP/USDT:USDT,3.1388,198.0,3.1387,9.0,3.1389,39550.0,3.139,49964.0
1753769334593,06:08:54.593,bybit,XRP/USDT:USDT,3.1386,2.0,3.1385,168.0,3.1387,37659.0,3.1388,54779.0
1753769334691,06:08:54.691,bybit,XRP/USDT:USDT,3.1385,168.0,3.1384,989.0,3.1386,16.0,3.1387,37708.0
1753769334792,06:08:54.792,bybit,XRP/USDT:USDT,3.1385,926.0,3.1384,989.0,3.1386,24349.0,3.1387,69638.0
1753769334890,06:08:54.890,bybit,XRP/USDT:USDT,3.1385,917.0,3.1384,989.0,3.1386,20969.0,3.1387,54055.0
1753769334991,06:08:54.991,bybit,XRP/USDT:USDT,3.1385,917.0,3.1384,989.0,3.1386,21305.0,3.1387,54055.0
1753769335091,06:08:55.091,bybit,XRP/USDT:USDT,3.1385,917.0,3.1384,989.0,3.1386,21305.0,3.1387,54055.0
1753769335191,06:08:55.191,bybit,XRP/USDT:USDT,3.1385,639.0,3.1384,985.0,3.1386,20866.0,3.1387,54055.0
1753769335292,06:08:55.292,bybit,XRP/USDT:USDT,3.1385,146.0,3.1384,12.0,3.1386,23830.0,3.1387,54055.0
1753769335391,06:08:55.391,bybit,XRP/USDT:USDT,3.1385,146.0,3.1384,12.0,3.1386,23830.0,3.1387,54055.0
1753769335491,06:08:55.491,bybit,XRP/USDT:USDT,3.1385,146.0,3.1384,12.0,3.1386,20830.0,3.1387,54055.0
1753769335591,06:08:55.591,bybit,XRP/USDT:USDT,3.1385,146.0,3.1384,12.0,3.1386,20830.0,3.1387,54055.0
1753769335691,06:08:55.691,bybit,XRP/USDT:USDT,3.1385,901.0,3.1384,12.0,3.1386,19704.0,3.1387,54055.0
1753769335793,06:08:55.793,bybit,XRP/USDT:USDT,3.1385,901.0,3.1384,12.0,3.1386,19704.0,3.1387,51055.0
1753769335891,06:08:55.891,bybit,XRP/USDT:USDT,3.1385,623.0,3.1384,12.0,3.1386,19803.0,3.1387,51055.0
1753769335991,06:08:55.991,bybit,XRP/USDT:USDT,3.1385,1378.0,3.1384,12.0,3.1386,20203.0,3.1387,51055.0
1753769336091,06:08:56.091,bybit,XRP/USDT:USDT,3.1385,1378.0,3.1384,12.0,3.1386,20203.0,3.1387,51055.0
1753769336191,06:08:56.191,bybit,XRP/USDT:USDT,3.1385,1378.0,3.1384,12.0,3.1386,20203.0,3.1387,51055.0
1753769336291,06:08:56.291,bybit,XRP/USDT:USDT,3.1385,1378.0,3.1384,12.0,3.1386,20203.0,3.1387,51055.0
1753769336391,06:08:56.391,bybit,XRP/USDT:USDT,3.1385,623.0,3.1384,12.0,3.1386,20203.0,3.1387,51055.0
1753769336491,06:08:56.491,bybit,XRP/USDT:USDT,3.1385,1155.0,3.1384,12.0,3.1386,20203.0,3.1387,51055.0
1753769336591,06:08:56.591,bybit,XRP/USDT:USDT,3.1385,635.0,3.1384,12.0,3.1386,20203.0,3.1387,51055.0
1753769336692,06:08:56.692,bybit,XRP/USDT:USDT,3.1384,8.0,3.1383,6.0,3.1385,22506.0,3.1386,33355.0
1753769336792,06:08:56.792,bybit,XRP/USDT:USDT,3.1381,681.0,3.138,37.0,3.1382,13334.0,3.1383,22470.0
1753769336892,06:08:56.892,bybit,XRP/USDT:USDT,3.1381,173.0,3.138,34.0,3.1382,15694.0,3.1383,66025.0
1753769336991,06:08:56.991,bybit,XRP/USDT:USDT,3.1381,161.0,3.138,37.0,3.1382,15694.0,3.1383,52023.0
1753769337091,06:08:57.091,bybit,XRP/USDT:USDT,3.1381,161.0,3.138,37.0,3.1382,15694.0,3.1383,52023.0
1753769337191,06:08:57.191,bybit,XRP/USDT:USDT,3.1381,681.0,3.138,1207.0,3.1382,13030.0,3.1383,41198.0
1753769337291,06:08:57.291,bybit,XRP/USDT:USDT,3.1381,681.0,3.138,34.0,3.1382,9972.0,3.1383,41182.0
1753769337391,06:08:57.391,bybit,XRP/USDT:USDT,3.1381,681.0,3.138,1204.0,3.1382,9972.0,3.1383,41182.0
1753769337490,06:08:57.490,bybit,XRP/USDT:USDT,3.1381,681.0,3.138,31.0,3.1382,9972.0,3.1383,47392.0
1753769337591,06:08:57.591,bybit,XRP/USDT:USDT,3.1381,161.0,3.138,31.0,3.1382,26152.0,3.1383,48561.0
1753769337691,06:08:57.691,bybit,XRP/USDT:USDT,3.1381,161.0,3.138,31.0,3.1382,26262.0,3.1383,48561.0
1753769337794,06:08:57.794,bybit,XRP/USDT:USDT,3.138,25.0,3.1379,9.0,3.1381,55928.0,3.1382,39566.0
1753769337891,06:08:57.891,bybit,XRP/USDT:USDT,3.138,23.0,3.1379,6.0,3.1381,55928.0,3.1382,31229.0
1753769337991,06:08:57.991,bybit,XRP/USDT:USDT,3.138,23.0,3.1379,6.0,3.1381,53928.0,3.1382,35928.0
1753769338093,06:08:58.093,bybit,XRP/USDT:USDT,3.138,23.0,3.1379,6.0,3.1381,54022.0,3.1382,35350.0
1753769338191,06:08:58.191,bybit,XRP/USDT:USDT,3.138,23.0,3.1379,6.0,3.1381,54022.0,3.1382,35366.0
1753769338291,06:08:58.291,bybit,XRP/USDT:USDT,3.138,500.0,3.1379,6.0,3.1381,54022.0,3.1382,35366.0
1753769338390,06:08:58.390,bybit,XRP/USDT:USDT,3.138,500.0,3.1379,6.0,3.1381,54022.0,3.1382,35366.0
1753769338492,06:08:58.492,bybit,XRP/USDT:USDT,3.138,3526.0,3.1379,6.0,3.1381,54022.0,3.1382,35366.0
1753769338591,06:08:58.591,bybit,XRP/USDT:USDT,3.138,4922.0,3.1379,2.0,3.1381,29567.0,3.1382,32350.0
1753769338692,06:08:58.692,bybit,XRP/USDT:USDT,3.1381,30047.0,3.138,27290.0,3.1382,13169.0,3.1383,2.0
1753769338792,06:08:58.792,bybit,XRP/USDT:USDT,3.1385,6612.0,3.1384,24146.0,3.1386,6104.0,3.1387,9791.0
1753769338891,06:08:58.891,bybit,XRP/USDT:USDT,3.1385,3.0,3.1384,5768.0,3.1386,10451.0,3.1387,9791.0
1753769338992,06:08:58.992,bybit,XRP/USDT:USDT,3.1385,3.0,3.1384,4598.0,3.1386,13651.0,3.1387,9791.0
1753769339091,06:08:59.091,bybit,XRP/USDT:USDT,3.1385,758.0,3.1384,5768.0,3.1386,9707.0,3.1387,9791.0
1753769339191,06:08:59.191,bybit,XRP/USDT:USDT,3.1385,758.0,3.1384,5768.0,3.1386,9707.0,3.1387,33076.0
1753769339291,06:08:59.291,bybit,XRP/USDT:USDT,3.1385,6992.0,3.1384,6319.0,3.1386,21977.0,3.1387,9791.0
1753769339391,06:08:59.391,bybit,XRP/USDT:USDT,3.1385,7469.0,3.1384,6319.0,3.1386,20118.0,3.1387,9791.0
1753769339491,06:08:59.491,bybit,XRP/USDT:USDT,3.1385,14126.0,3.1384,7933.0,3.1386,142.0,3.1387,180.0
1753769339591,06:08:59.591,bybit,XRP/USDT:USDT,3.1385,14129.0,3.1384,8724.0,3.1386,401.0,3.1387,180.0
1753769339691,06:08:59.691,bybit,XRP/USDT:USDT,3.1385,14129.0,3.1384,27814.0,3.1386,145.0,3.1387,180.0
1753769339794,06:08:59.794,bybit,XRP/USDT:USDT,3.1385,14129.0,3.1384,27814.0,3.1386,145.0,3.1387,180.0
1753769339891,06:08:59.891,bybit,XRP/USDT:USDT,3.1385,19792.0,3.1384,28913.0,3.1386,145.0,3.1387,180.0
1753769339992,06:08:59.992,bybit,XRP/USDT:USDT,3.1385,14683.0,3.1384,27814.0,3.1386,924.0,3.1387,180.0
1753769340091,06:09:00.091,bybit,XRP/USDT:USDT,3.1385,14683.0,3.1384,27814.0,3.1386,163.0,3.1387,180.0
1753769340191,06:09:00.191,bybit,XRP/USDT:USDT,3.1385,14683.0,3.1384,27814.0,3.1386,163.0,3.1387,180.0
1753769340291,06:09:00.291,bybit,XRP/USDT:USDT,3.1385,480.0,3.1384,4318.0,3.1386,17883.0,3.1387,180.0
1753769340391,06:09:00.391,bybit,XRP/USDT:USDT,3.1385,1287.0,3.1384,2512.0,3.1386,17272.0,3.1387,8135.0
1753769340491,06:09:00.491,bybit,XRP/USDT:USDT,3.1385,3790.0,3.1384,3682.0,3.1386,16561.0,3.1387,8135.0
1753769340592,06:09:00.592,bybit,XRP/USDT:USDT,3.1385,3766.0,3.1384,3682.0,3.1386,15558.0,3.1387,5205.0
1753769340691,06:09:00.691,bybit,XRP/USDT:USDT,3.1385,1311.0,3.1384,3682.0,3.1386,15558.0,3.1387,5205.0
1753769340795,06:09:00.795,bybit,XRP/USDT:USDT,3.1385,1311.0,3.1384,2512.0,3.1386,15558.0,3.1387,5205.0
1753769340891,06:09:00.891,bybit,XRP/USDT:USDT,3.1385,1311.0,3.1384,2512.0,3.1386,15558.0,3.1387,5205.0
1753769340991,06:09:00.991,bybit,XRP/USDT:USDT,3.1385,1311.0,3.1384,2512.0,3.1386,15568.0,3.1387,5205.0
1753769341091,06:09:01.091,bybit,XRP/USDT:USDT,3.1385,532.0,3.1384,2512.0,3.1386,15568.0,3.1387,5205.0
1753769341192,06:09:01.192,bybit,XRP/USDT:USDT,3.1385,55.0,3.1384,2512.0,3.1386,15568.0,3.1387,5205.0
1753769341292,06:09:01.292,bybit,XRP/USDT:USDT,3.1385,52.0,3.1384,1757.0,3.1386,15568.0,3.1387,5205.0
1753769341391,06:09:01.391,bybit,XRP/USDT:USDT,3.1385,55.0,3.1384,1757.0,3.1386,15568.0,3.1387,5205.0
1753769341491,06:09:01.491,bybit,XRP/USDT:USDT,3.1385,55.0,3.1384,1757.0,3.1386,15568.0,3.1387,5205.0
1753769341592,06:09:01.592,bybit,XRP/USDT:USDT,3.1385,3289.0,3.1384,1757.0,3.1386,15808.0,3.1387,5205.0
1753769341691,06:09:01.691,bybit,XRP/USDT:USDT,3.1385,7667.0,3.1384,6119.0,3.1386,1180.0,3.1387,180.0
1753769341791,06:09:01.791,bybit,XRP/USDT:USDT,3.1385,7762.0,3.1384,6119.0,3.1386,10.0,3.1387,180.0
1753769341891,06:09:01.891,bybit,XRP/USDT:USDT,3.1385,10932.0,3.1384,6248.0,3.1386,10.0,3.1387,180.0
1753769341992,06:09:01.992,bybit,XRP/USDT:USDT,3.1385,10932.0,3.1384,6566.0,3.1386,10.0,3.1387,180.0
1753769342091,06:09:02.091,bybit,XRP/USDT:USDT,3.1385,10932.0,3.1384,5930.0,3.1386,10.0,3.1387,180.0
1753769342191,06:09:02.191,bybit,XRP/USDT:USDT,3.1385,10932.0,3.1384,5612.0,3.1386,10.0,3.1387,162.0
1753769342292,06:09:02.292,bybit,XRP/USDT:USDT,3.1385,10942.0,3.1384,5612.0,3.1386,10.0,3.1387,162.0
1753769342391,06:09:02.391,bybit,XRP/USDT:USDT,3.1385,6776.0,3.1384,5426.0,3.1386,1768.0,3.1387,162.0
1753769342491,06:09:02.491,bybit,XRP/USDT:USDT,3.1385,567.0,3.1384,3245.0,3.1386,10666.0,3.1387,162.0
1753769342591,06:09:02.591,bybit,XRP/USDT:USDT,3.1385,65.0,3.1384,1757.0,3.1386,13808.0,3.1387,12138.0
1753769342691,06:09:02.691,bybit,XRP/USDT:USDT,3.1385,65.0,3.1384,1757.0,3.1386,13808.0,3.1387,12138.0
1753769342791,06:09:02.791,bybit,XRP/USDT:USDT,3.1385,65.0,3.1384,4.0,3.1386,29228.0,3.1387,13604.0
1753769342891,06:09:02.891,bybit,XRP/USDT:USDT,3.1385,62.0,3.1384,7.0,3.1386,29244.0,3.1387,12642.0
1753769342993,06:09:02.993,bybit,XRP/USDT:USDT,3.1383,886.0,3.1382,6851.0,3.1384,16633.0,3.1385,28820.0
1753769343092,06:09:03.092,bybit,XRP/USDT:USDT,3.1383,13.0,3.1382,11.0,3.1384,18884.0,3.1385,45863.0
1753769343192,06:09:03.192,bybit,XRP/USDT:USDT,3.1381,2.0,3.138,48.0,3.1382,41156.0,3.1383,60093.0
1753769343292,06:09:03.292,bybit,XRP/USDT:USDT,3.1381,2.0,3.138,48.0,3.1382,59323.0,3.1383,51687.0
1753769343391,06:09:03.391,bybit,XRP/USDT:USDT,3.1381,2.0,3.138,48.0,3.1382,59323.0,3.1383,51702.0
1753769343491,06:09:03.491,bybit,XRP/USDT:USDT,3.1381,2.0,3.138,48.0,3.1382,59503.0,3.1383,51702.0
1753769343592,06:09:03.592,bybit,XRP/USDT:USDT,3.138,40.0,3.1379,6.0,3.1381,55533.0,3.1382,72609.0
1753769343691,06:09:03.691,bybit,XRP/USDT:USDT,3.138,38.0,3.1379,6.0,3.1381,55533.0,3.1382,72609.0
1753769343793,06:09:03.793,bybit,XRP/USDT:USDT,3.138,38.0,3.1379,6.0,3.1381,53563.0,3.1382,72129.0
1753769343891,06:09:03.891,bybit,XRP/USDT:USDT,3.138,38.0,3.1379,6.0,3.1381,48675.0,3.1382,71634.0
1753769343991,06:09:03.991,bybit,XRP/USDT:USDT,3.138,38.0,3.1379,2.0,3.1381,38280.0,3.1382,66554.0
1753769344091,06:09:04.091,bybit,XRP/USDT:USDT,3.138,38.0,3.1379,2.0,3.1381,38280.0,3.1382,66554.0
1753769344191,06:09:04.191,bybit,XRP/USDT:USDT,3.138,5348.0,3.1379,2.0,3.1381,22060.0,3.1382,63826.0
1753769344292,06:09:04.292,bybit,XRP/USDT:USDT,3.138,3296.0,3.1379,2.0,3.1381,14431.0,3.1382,61947.0
1753769344391,06:09:04.391,bybit,XRP/USDT:USDT,3.138,3296.0,3.1379,2.0,3.1381,14431.0,3.1382,61947.0
1753769344491,06:09:04.491,bybit,XRP/USDT:USDT,3.138,817.0,3.1379,2.0,3.1381,14431.0,3.1382,61947.0
1753769344591,06:09:04.591,bybit,XRP/USDT:USDT,3.138,62.0,3.1379,2.0,3.1381,14431.0,3.1382,61947.0
1753769344691,06:09:04.691,bybit,XRP/USDT:USDT,3.138,62.0,3.1379,2.0,3.1381,14431.0,3.1382,62451.0
1753769344791,06:09:04.791,bybit,XRP/USDT:USDT,3.138,62.0,3.1379,2.0,3.1381,14431.0,3.1382,62451.0
1753769344891,06:09:04.891,bybit,XRP/USDT:USDT,3.138,38.0,3.1379,2.0,3.1381,17431.0,3.1382,62451.0
1753769344992,06:09:04.992,bybit,XRP/USDT:USDT,3.138,4977.0,3.1379,2.0,3.1381,14657.0,3.1382,61947.0
1753769345091,06:09:05.091,bybit,XRP/USDT:USDT,3.138,8318.0,3.1379,2.0,3.1381,226.0,3.1382,21572.0
1753769345191,06:09:05.191,bybit,XRP/USDT:USDT,3.138,8318.0,3.1379,5.0,3.1381,226.0,3.1382,18170.0
1753769345291,06:09:05.291,bybit,XRP/USDT:USDT,3.138,8795.0,3.1379,5.0,3.1381,2600.0,3.1382,16157.0
1753769345392,06:09:05.392,bybit,XRP/USDT:USDT,3.138,8795.0,3.1379,5.0,3.1381,2372.0,3.1382,16157.0
1753769345491,06:09:05.491,bybit,XRP/USDT:USDT,3.138,8795.0,3.1379,5.0,3.1381,2372.0,3.1382,16157.0
1753769345591,06:09:05.591,bybit,XRP/USDT:USDT,3.138,8795.0,3.1379,5.0,3.1381,2372.0,3.1382,16157.0
1753769345691,06:09:05.691,bybit,XRP/USDT:USDT,3.1381,12955.0,3.138,8322.0,3.1382,12564.0,3.1383,16371.0
1753769345793,06:09:05.793,bybit,XRP/USDT:USDT,3.1381,12955.0,3.138,8322.0,3.1382,12564.0,3.1383,16371.0
1753769345891,06:09:05.891,bybit,XRP/USDT:USDT,3.1381,9975.0,3.138,8322.0,3.1382,12414.0,3.1383,12808.0
1753769345991,06:09:05.991,bybit,XRP/USDT:USDT,3.1381,9237.0,3.138,8322.0,3.1382,13169.0,3.1383,12808.0
1753769346091,06:09:06.091,bybit,XRP/USDT:USDT,3.1381,9237.0,3.138,8322.0,3.1382,12414.0,3.1383,12808.0
1753769346191,06:09:06.191,bybit,XRP/USDT:USDT,3.1381,9237.0,3.138,8322.0,3.1382,12414.0,3.1383,12808.0
1753769346291,06:09:06.291,bybit,XRP/USDT:USDT,3.1381,9714.0,3.138,8322.0,3.1382,12414.0,3.1383,12808.0
1753769346392,06:09:06.392,bybit,XRP/USDT:USDT,3.138,3449.0,3.1379,5.0,3.1381,10266.0,3.1382,13123.0
1753769346492,06:09:06.492,bybit,XRP/USDT:USDT,3.138,3449.0,3.1379,5.0,3.1381,10266.0,3.1382,13123.0
1753769346592,06:09:06.592,bybit,XRP/USDT:USDT,3.138,926.0,3.1379,5.0,3.1381,10266.0,3.1382,13123.0
1753769346692,06:09:06.692,bybit,XRP/USDT:USDT,3.138,793.0,3.1379,5.0,3.1381,10266.0,3.1382,21053.0
1753769346791,06:09:06.791,bybit,XRP/USDT:USDT,3.138,10068.0,3.1379,5.0,3.1381,787.0,3.1382,12368.0
1753769346891,06:09:06.891,bybit,XRP/USDT:USDT,3.138,8759.0,3.1379,5.0,3.1381,4294.0,3.1382,12368.0
1753769346991,06:09:06.991,bybit,XRP/USDT:USDT,3.138,11238.0,3.1379,5.0,3.1381,3905.0,3.1382,12368.0
1753769347091,06:09:07.091,bybit,XRP/USDT:USDT,3.138,11715.0,3.1379,5.0,3.1381,3150.0,3.1382,12368.0
1753769347191,06:09:07.191,bybit,XRP/USDT:USDT,3.138,8066.0,3.1379,5.0,3.1381,3905.0,3.1382,12368.0
1753769347291,06:09:07.291,bybit,XRP/USDT:USDT,3.138,8066.0,3.1379,5.0,3.1381,3905.0,3.1382,12368.0
1753769347391,06:09:07.391,bybit,XRP/USDT:USDT,3.138,8066.0,3.1379,5.0,3.1381,3905.0,3.1382,12368.0
1753769347491,06:09:07.491,bybit,XRP/USDT:USDT,3.138,8566.0,3.1379,5.0,3.1381,3905.0,3.1382,12368.0
1753769347591,06:09:07.591,bybit,XRP/USDT:USDT,3.138,8566.0,3.1379,5.0,3.1381,778.0,3.1382,12368.0
1753769347691,06:09:07.691,bybit,XRP/USDT:USDT,3.138,8566.0,3.1379,2.0,3.1381,4012.0,3.1382,12368.0
1753769347793,06:09:07.793,bybit,XRP/USDT:USDT,3.138,6052.0,3.1379,2.0,3.1381,6311.0,3.1382,12368.0
1753769347891,06:09:07.891,bybit,XRP/USDT:USDT,3.138,1317.0,3.1379,2.0,3.1381,8156.0,3.1382,13354.0
1753769347992,06:09:07.992,bybit,XRP/USDT:USDT,3.138,5100.0,3.1379,2.0,3.1381,6311.0,3.1382,12368.0
1753769348091,06:09:08.091,bybit,XRP/USDT:USDT,3.138,4735.0,3.1379,2.0,3.1381,6079.0,3.1382,12368.0
1753769348191,06:09:08.191,bybit,XRP/USDT:USDT,3.138,2652.0,3.1379,2.0,3.1381,6079.0,3.1382,12368.0
1753769348291,06:09:08.291,bybit,XRP/USDT:USDT,3.138,1574.0,3.1379,2.0,3.1381,6079.0,3.1382,13293.0
1753769348391,06:09:08.391,bybit,XRP/USDT:USDT,3.138,5427.0,3.1379,2.0,3.1381,6079.0,3.1382,12368.0
1753769348491,06:09:08.491,bybit,XRP/USDT:USDT,3.138,5932.0,3.1379,2.0,3.1381,5330.0,3.1382,12368.0
1753769348591,06:09:08.591,bybit,XRP/USDT:USDT,3.138,5352.0,3.1379,2.0,3.1381,6085.0,3.1382,12368.0
1753769348691,06:09:08.691,bybit,XRP/USDT:USDT,3.138,1584.0,3.1379,2.0,3.1381,6085.0,3.1382,12368.0
1753769348792,06:09:08.792,bybit,XRP/USDT:USDT,3.138,1584.0,3.1379,2.0,3.1381,6085.0,3.1382,20962.0
1753769348891,06:09:08.891,bybit,XRP/USDT:USDT,3.138,2385.0,3.1379,2.0,3.1381,7662.0,3.1382,12368.0
1753769348991,06:09:08.991,bybit,XRP/USDT:USDT,3.138,2401.0,3.1379,2.0,3.1381,5907.0,3.1382,12368.0
1753769349091,06:09:09.091,bybit,XRP/USDT:USDT,3.138,2401.0,3.1379,2.0,3.1381,5907.0,3.1382,12368.0
1753769349191,06:09:09.191,bybit,XRP/USDT:USDT,3.138,7571.0,3.1379,2.0,3.1381,5630.0,3.1382,12368.0
1753769349291,06:09:09.291,bybit,XRP/USDT:USDT,3.138,7571.0,3.1379,2.0,3.1381,4875.0,3.1382,12368.0
1753769349391,06:09:09.391,bybit,XRP/USDT:USDT,3.138,7571.0,3.1379,2.0,3.1381,5630.0,3.1382,12368.0
1753769349491,06:09:09.491,bybit,XRP/USDT:USDT,3.138,7571.0,3.1379,2.0,3.1381,5630.0,3.1382,12368.0
1753769349591,06:09:09.591,bybit,XRP/USDT:USDT,3.138,7571.0,3.1379,2.0,3.1381,2396.0,3.1382,12368.0
1753769349691,06:09:09.691,bybit,XRP/USDT:USDT,3.138,4620.0,3.1379,2.0,3.1381,6696.0,3.1382,12824.0
1753769349793,06:09:09.793,bybit,XRP/USDT:USDT,3.138,5375.0,3.1379,2.0,3.1381,6869.0,3.1382,12368.0
1753769349891,06:09:09.891,bybit,XRP/USDT:USDT,3.138,5330.0,3.1379,2.0,3.1381,8839.0,3.1382,12812.0
1753769349991,06:09:09.991,bybit,XRP/USDT:USDT,3.138,1107.0,3.1379,2.0,3.1381,6839.0,3.1382,12368.0
1753769350091,06:09:10.091,bybit,XRP/USDT:USDT,3.138,6235.0,3.1379,2.0,3.1381,3240.0,3.1382,12368.0
1753769350191,06:09:10.191,bybit,XRP/USDT:USDT,3.138,7405.0,3.1379,2.0,3.1381,2378.0,3.1382,12368.0
1753769350291,06:09:10.291,bybit,XRP/USDT:USDT,3.138,6712.0,3.1379,2.0,3.1381,5674.0,3.1382,12368.0
1753769350391,06:09:10.391,bybit,XRP/USDT:USDT,3.138,6689.0,3.1379,2.0,3.1381,7274.0,3.1382,12368.0
1753769350491,06:09:10.491,bybit,XRP/USDT:USDT,3.138,6689.0,3.1379,2.0,3.1381,7274.0,3.1382,12368.0
1753769350590,06:09:10.590,bybit,XRP/USDT:USDT,3.138,6689.0,3.1379,2.0,3.1381,7274.0,3.1382,12368.0
1753769350691,06:09:10.691,bybit,XRP/USDT:USDT,3.138,6689.0,3.1379,2.0,3.1381,1606.0,3.1382,12368.0
1753769350792,06:09:10.792,bybit,XRP/USDT:USDT,3.138,4210.0,3.1379,2.0,3.1381,10434.0,3.1382,12812.0
1753769350891,06:09:10.891,bybit,XRP/USDT:USDT,3.138,4210.0,3.1379,2.0,3.1381,10439.0,3.1382,12812.0
1753769350991,06:09:10.991,bybit,XRP/USDT:USDT,3.138,5484.0,3.1379,2.0,3.1381,4839.0,3.1382,12368.0
1753769351092,06:09:11.092,bybit,XRP/USDT:USDT,3.1381,32844.0,3.138,9345.0,3.1382,663.0,3.1383,2.0
1753769351192,06:09:11.192,bybit,XRP/USDT:USDT,3.1385,1061.0,3.1384,44278.0,3.1386,20.0,3.1387,227.0
1753769351293,06:09:11.293,bybit,XRP/USDT:USDT,3.1385,33670.0,3.1384,37796.0,3.1386,12.0,3.1387,166.0
1753769351391,06:09:11.391,bybit,XRP/USDT:USDT,3.1385,33670.0,3.1384,34503.0,3.1386,12.0,3.1387,10362.0
1753769351492,06:09:11.492,bybit,XRP/USDT:USDT,3.1385,40605.0,3.1384,62490.0,3.1386,12.0,3.1387,166.0
1753769351591,06:09:11.591,bybit,XRP/USDT:USDT,3.1385,40605.0,3.1384,62508.0,3.1386,12.0,3.1387,166.0
1753769351692,06:09:11.692,bybit,XRP/USDT:USDT,3.1386,42163.0,3.1385,40202.0,3.1387,160.0,3.1388,10.0
1753769351793,06:09:11.793,bybit,XRP/USDT:USDT,3.1386,41284.0,3.1385,40213.0,3.1387,160.0,3.1388,10.0
1753769351891,06:09:11.891,bybit,XRP/USDT:USDT,3.1386,41284.0,3.1385,37013.0,3.1387,160.0,3.1388,10.0
1753769351991,06:09:11.991,bybit,XRP/USDT:USDT,3.1386,41284.0,3.1385,46384.0,3.1387,160.0,3.1388,10.0
1753769352091,06:09:12.091,bybit,XRP/USDT:USDT,3.1386,41284.0,3.1385,46384.0,3.1387,133.0,3.1388,10.0
1753769352191,06:09:12.191,bybit,XRP/USDT:USDT,3.1386,41284.0,3.1385,45831.0,3.1387,133.0,3.1388,10.0
1753769352291,06:09:12.291,bybit,XRP/USDT:USDT,3.1386,41284.0,3.1385,45831.0,3.1387,133.0,3.1388,10.0
1753769352391,06:09:12.391,bybit,XRP/USDT:USDT,3.1386,41284.0,3.1385,45831.0,3.1387,133.0,3.1388,10.0
1753769352492,06:09:12.492,bybit,XRP/USDT:USDT,3.1387,33551.0,3.1386,36070.0,3.1388,6.0,3.1389,16.0
1753769352593,06:09:12.593,bybit,XRP/USDT:USDT,3.1388,54761.0,3.1387,43977.0,3.1389,10.0,3.139,14.0
1753769352691,06:09:12.691,bybit,XRP/USDT:USDT,3.1389,14.0,3.1388,54791.0,3.139,14.0,3.1391,6.0
1753769352793,06:09:12.793,bybit,XRP/USDT:USDT,3.1393,17455.0,3.1392,4542.0,3.1394,10325.0,3.1395,12.0
1753769352891,06:09:12.891,bybit,XRP/USDT:USDT,3.1393,14979.0,3.1392,4846.0,3.1394,10325.0,3.1395,12.0
1753769352991,06:09:12.991,bybit,XRP/USDT:USDT,3.1393,14979.0,3.1392,4846.0,3.1394,11080.0,3.1395,12.0
1753769353091,06:09:13.091,bybit,XRP/USDT:USDT,3.1393,14979.0,3.1392,4846.0,3.1394,10325.0,3.1395,12.0
1753769353191,06:09:13.191,bybit,XRP/USDT:USDT,3.1393,11825.0,3.1392,4830.0,3.1394,12250.0,3.1395,12.0
1753769353291,06:09:13.291,bybit,XRP/USDT:USDT,3.1393,11825.0,3.1392,4512.0,3.1394,12250.0,3.1395,12.0
1753769353391,06:09:13.391,bybit,XRP/USDT:USDT,3.1393,13227.0,3.1392,4830.0,3.1394,12250.0,3.1395,12.0
1753769353491,06:09:13.491,bybit,XRP/USDT:USDT,3.1393,12649.0,3.1392,23.0,3.1394,16317.0,3.1395,492.0
1753769353591,06:09:13.591,bybit,XRP/USDT:USDT,3.1393,12649.0,3.1392,23.0,3.1394,16317.0,3.1395,492.0
1753769353691,06:09:13.691,bybit,XRP/USDT:USDT,3.1393,12649.0,3.1392,23.0,3.1394,16317.0,3.1395,492.0
1753769353791,06:09:13.791,bybit,XRP/USDT:USDT,3.1393,12649.0,3.1392,23.0,3.1394,16317.0,3.1395,492.0
1753769353892,06:09:13.892,bybit,XRP/USDT:USDT,3.1393,12652.0,3.1392,20.0,3.1394,16269.0,3.1395,480.0
1753769353991,06:09:13.991,bybit,XRP/USDT:USDT,3.1393,12652.0,3.1392,20.0,3.1394,16269.0,3.1395,480.0
1753769354091,06:09:14.091,bybit,XRP/USDT:USDT,3.1393,12652.0,3.1392,20.0,3.1394,16269.0,3.1395,480.0
1753769354191,06:09:14.191,bybit,XRP/USDT:USDT,3.1393,12175.0,3.1392,20.0,3.1394,16269.0,3.1395,480.0
1753769354291,06:09:14.291,bybit,XRP/USDT:USDT,3.1393,12175.0,3.1392,20.0,3.1394,16269.0,3.1395,12.0
1753769354391,06:09:14.391,bybit,XRP/USDT:USDT,3.1393,12175.0,3.1392,20.0,3.1394,16269.0,3.1395,12.0
1753769354492,06:09:14.492,bybit,XRP/USDT:USDT,3.1393,12175.0,3.1392,20.0,3.1394,16269.0,3.1395,12.0
1753769354591,06:09:14.591,bybit,XRP/USDT:USDT,3.1393,12175.0,3.1392,20.0,3.1394,16269.0,3.1395,12.0
1753769354691,06:09:14.691,bybit,XRP/USDT:USDT,3.1393,12175.0,3.1392,20.0,3.1394,16269.0,3.1395,12.0
1753769354791,06:09:14.791,bybit,XRP/USDT:USDT,3.1393,13398.0,3.1392,1658.0,3.1394,10381.0,3.1395,12.0
1753769354891,06:09:14.891,bybit,XRP/USDT:USDT,3.1393,8867.0,3.1392,1508.0,3.1394,11136.0,3.1395,12.0
1753769354990,06:09:14.990,bybit,XRP/USDT:USDT,3.1393,8867.0,3.1392,1508.0,3.1394,11136.0,3.1395,12.0
1753769355091,06:09:15.091,bybit,XRP/USDT:USDT,3.1393,11370.0,3.1392,1190.0,3.1394,10381.0,3.1395,12.0
1753769355191,06:09:15.191,bybit,XRP/USDT:USDT,3.1393,12315.0,3.1392,1976.0,3.1394,10381.0,3.1395,12.0
1753769355291,06:09:15.291,bybit,XRP/USDT:USDT,3.1393,11847.0,3.1392,1976.0,3.1394,10383.0,3.1395,12.0
1753769355391,06:09:15.391,bybit,XRP/USDT:USDT,3.1393,9368.0,3.1392,1508.0,3.1394,10514.0,3.1395,12.0
1753769355490,06:09:15.490,bybit,XRP/USDT:USDT,3.1393,9368.0,3.1392,1190.0,3.1394,10514.0,3.1395,12.0
1753769355591,06:09:15.591,bybit,XRP/USDT:USDT,3.1393,9385.0,3.1392,1190.0,3.1394,10514.0,3.1395,12.0
1753769355691,06:09:15.691,bybit,XRP/USDT:USDT,3.1393,9385.0,3.1392,1206.0,3.1394,11101.0,3.1395,12.0
1753769355794,06:09:15.794,bybit,XRP/USDT:USDT,3.1393,9361.0,3.1392,1190.0,3.1394,12271.0,3.1395,12.0
1753769355892,06:09:15.892,bybit,XRP/USDT:USDT,3.1393,8884.0,3.1392,1190.0,3.1394,12271.0,3.1395,469.0
1753769356091,06:09:16.091,bybit,XRP/USDT:USDT,3.1393,8126.0,3.1392,23.0,3.1394,12728.0,3.1395,469.0
1753769356191,06:09:16.191,bybit,XRP/USDT:USDT,3.1393,8129.0,3.1392,23.0,3.1394,12728.0,3.1395,469.0
1753769356291,06:09:16.291,bybit,XRP/USDT:USDT,3.1393,8132.0,3.1392,23.0,3.1394,12728.0,3.1395,469.0
1753769356391,06:09:16.391,bybit,XRP/USDT:USDT,3.1393,8132.0,3.1392,23.0,3.1394,12655.0,3.1395,469.0
1753769356491,06:09:16.491,bybit,XRP/USDT:USDT,3.1393,8132.0,3.1392,23.0,3.1394,12198.0,3.1395,469.0
1753769356591,06:09:16.591,bybit,XRP/USDT:USDT,3.1393,8129.0,3.1392,23.0,3.1394,12198.0,3.1395,469.0
1753769356690,06:09:16.690,bybit,XRP/USDT:USDT,3.1393,8129.0,3.1392,23.0,3.1394,12759.0,3.1395,469.0
1753769356791,06:09:16.791,bybit,XRP/USDT:USDT,3.1393,8129.0,3.1392,23.0,3.1394,12302.0,3.1395,12.0
1753769356891,06:09:16.891,bybit,XRP/USDT:USDT,3.1393,8129.0,3.1392,23.0,3.1394,12302.0,3.1395,12.0
1753769356991,06:09:16.991,bybit,XRP/USDT:USDT,3.1393,8129.0,3.1392,23.0,3.1394,12302.0,3.1395,469.0
1753769357091,06:09:17.091,bybit,XRP/USDT:USDT,3.1393,8129.0,3.1392,23.0,3.1394,12302.0,3.1395,12.0
1753769357191,06:09:17.191,bybit,XRP/USDT:USDT,3.1393,8129.0,3.1392,23.0,3.1394,12302.0,3.1395,12.0
1753769357291,06:09:17.291,bybit,XRP/USDT:USDT,3.1393,8129.0,3.1392,23.0,3.1394,12302.0,3.1395,12.0
1753769357391,06:09:17.391,bybit,XRP/USDT:USDT,3.1393,8129.0,3.1392,23.0,3.1394,12302.0,3.1395,12.0
1753769357491,06:09:17.491,bybit,XRP/USDT:USDT,3.1393,8129.0,3.1392,23.0,3.1394,12302.0,3.1395,12.0
1753769357590,06:09:17.590,bybit,XRP/USDT:USDT,3.1393,8129.0,3.1392,23.0,3.1394,12287.0,3.1395,12.0
1753769357691,06:09:17.691,bybit,XRP/USDT:USDT,3.1393,8129.0,3.1392,23.0,3.1394,12287.0,3.1395,12.0
1753769357794,06:09:17.794,bybit,XRP/USDT:USDT,3.1393,8129.0,3.1392,23.0,3.1394,12152.0,3.1395,12.0
1753769357891,06:09:17.891,bybit,XRP/USDT:USDT,3.1393,7347.0,3.1392,23.0,3.1394,12057.0,3.1395,12.0
1753769357991,06:09:17.991,bybit,XRP/USDT:USDT,3.1393,8111.0,3.1392,23.0,3.1394,12057.0,3.1395,12.0
1753769358091,06:09:18.091,bybit,XRP/USDT:USDT,3.1393,8111.0,3.1392,23.0,3.1394,12057.0,3.1395,12.0
1753769358191,06:09:18.191,bybit,XRP/USDT:USDT,3.1393,8111.0,3.1392,23.0,3.1394,12057.0,3.1395,12.0
1753769358291,06:09:18.291,bybit,XRP/USDT:USDT,3.1393,8111.0,3.1392,23.0,3.1394,12057.0,3.1395,12.0
1753769358391,06:09:18.391,bybit,XRP/USDT:USDT,3.1393,18111.0,3.1392,23.0,3.1394,12057.0,3.1395,12.0
1753769358491,06:09:18.491,bybit,XRP/USDT:USDT,3.139,3136.0,3.1389,10964.0,3.1391,18197.0,3.1392,22659.0
1753769358601,06:09:18.601,bybit,XRP/USDT:USDT,3.139,2942.0,3.1389,2554.0,3.1391,17788.0,3.1392,19437.0
1753769358691,06:09:18.691,bybit,XRP/USDT:USDT,3.139,2519.0,3.1389,774.0,3.1391,17788.0,3.1392,19437.0
1753769358792,06:09:18.792,bybit,XRP/USDT:USDT,3.139,2619.0,3.1389,774.0,3.1391,17788.0,3.1392,19437.0
1753769358891,06:09:18.891,bybit,XRP/USDT:USDT,3.139,2619.0,3.1389,774.0,3.1391,17788.0,3.1392,19437.0
1753769358991,06:09:18.991,bybit,XRP/USDT:USDT,3.139,2595.0,3.1389,774.0,3.1391,17788.0,3.1392,19437.0
1753769359091,06:09:19.091,bybit,XRP/USDT:USDT,3.139,2609.0,3.1389,774.0,3.1391,17788.0,3.1392,19437.0
1753769359191,06:09:19.191,bybit,XRP/USDT:USDT,3.139,256.0,3.1389,774.0,3.1391,17788.0,3.1392,19437.0
1753769359291,06:09:19.291,bybit,XRP/USDT:USDT,3.139,117.0,3.1389,19.0,3.1391,17788.0,3.1392,19437.0
1753769359391,06:09:19.391,bybit,XRP/USDT:USDT,3.139,4023.0,3.1389,2826.0,3.1391,13713.0,3.1392,33080.0
1753769359691,06:09:19.691,bybit,XRP/USDT:USDT,3.1391,6239.0,3.139,5789.0,3.1392,11150.0,3.1393,32042.0
1753769359794,06:09:19.794,bybit,XRP/USDT:USDT,3.1392,12897.0,3.1391,8990.0,3.1393,3747.0,3.1394,14748.0
1753769359891,06:09:19.891,bybit,XRP/USDT:USDT,3.1392,13751.0,3.1391,11021.0,3.1393,3747.0,3.1394,10136.0
1753769359992,06:09:19.992,bybit,XRP/USDT:USDT,3.1393,43285.0,3.1392,13218.0,3.1394,10132.0,3.1395,12.0
1753769360091,06:09:20.091,bybit,XRP/USDT:USDT,3.1394,38610.0,3.1393,42158.0,3.1395,8.0,3.1396,10.0
1753769360191,06:09:20.191,bybit,XRP/USDT:USDT,3.1394,38613.0,3.1393,42155.0,3.1395,8.0,3.1396,10.0
1753769360291,06:09:20.291,bybit,XRP/USDT:USDT,3.1394,38613.0,3.1393,38190.0,3.1395,18.0,3.1396,10.0
1753769360391,06:09:20.391,bybit,XRP/USDT:USDT,3.1394,38613.0,3.1393,38190.0,3.1395,18.0,3.1396,10.0
1753769360492,06:09:20.492,bybit,XRP/USDT:USDT,3.1396,8139.0,3.1395,23708.0,3.1397,3958.0,3.1398,1180.0
1753769360591,06:09:20.591,bybit,XRP/USDT:USDT,3.1396,8654.0,3.1395,23705.0,3.1397,3336.0,3.1398,10.0
1753769360691,06:09:20.691,bybit,XRP/USDT:USDT,3.1396,12654.0,3.1395,24775.0,3.1397,13175.0,3.1398,10.0
1753769360792,06:09:20.792,bybit,XRP/USDT:USDT,3.1396,20028.0,3.1395,37736.0,3.1397,3.0,3.1398,10.0
1753769360891,06:09:20.891,bybit,XRP/USDT:USDT,3.1396,23192.0,3.1395,38091.0,3.1397,3.0,3.1398,10.0
1753769360991,06:09:20.991,bybit,XRP/USDT:USDT,3.1396,23338.0,3.1395,38091.0,3.1397,3.0,3.1398,10.0
1753769361091,06:09:21.091,bybit,XRP/USDT:USDT,3.1396,23338.0,3.1395,38091.0,3.1397,3.0,3.1398,10.0
1753769361191,06:09:21.191,bybit,XRP/USDT:USDT,3.1396,23338.0,3.1395,38091.0,3.1397,3.0,3.1398,10.0
1753769361291,06:09:21.291,bybit,XRP/USDT:USDT,3.1396,23338.0,3.1395,38091.0,3.1397,3.0,3.1398,10.0
1753769361391,06:09:21.391,bybit,XRP/USDT:USDT,3.1396,23338.0,3.1395,38091.0,3.1397,3.0,3.1398,10.0
1753769361491,06:09:21.491,bybit,XRP/USDT:USDT,3.1396,23338.0,3.1395,38091.0,3.1397,3.0,3.1398,10.0
1753769361591,06:09:21.591,bybit,XRP/USDT:USDT,3.1396,23338.0,3.1395,38091.0,3.1397,3.0,3.1398,10.0
1753769361691,06:09:21.691,bybit,XRP/USDT:USDT,3.1396,22240.0,3.1395,37255.0,3.1397,3.0,3.1398,10.0
1753769361793,06:09:21.793,bybit,XRP/USDT:USDT,3.1396,22469.0,3.1395,37235.0,3.1397,3.0,3.1398,10.0
1753769361891,06:09:21.891,bybit,XRP/USDT:USDT,3.1396,22469.0,3.1395,36417.0,3.1397,3.0,3.1398,10.0
1753769361991,06:09:21.991,bybit,XRP/USDT:USDT,3.1396,15789.0,3.1395,36417.0,3.1397,3237.0,3.1398,10.0
1753769362091,06:09:22.091,bybit,XRP/USDT:USDT,3.1396,13160.0,3.1395,36401.0,3.1397,3237.0,3.1398,1180.0
1753769362191,06:09:22.191,bybit,XRP/USDT:USDT,3.1396,13158.0,3.1395,36401.0,3.1397,3237.0,3.1398,1180.0
1753769362292,06:09:22.292,bybit,XRP/USDT:USDT,3.1396,13158.0,3.1395,36401.0,3.1397,3237.0,3.1398,10.0
1753769362391,06:09:22.391,bybit,XRP/USDT:USDT,3.1396,13408.0,3.1395,36401.0,3.1397,3.0,3.1398,10.0
1753769362491,06:09:22.491,bybit,XRP/USDT:USDT,3.1396,13408.0,3.1395,36401.0,3.1397,3.0,3.1398,10.0
1753769362591,06:09:22.591,bybit,XRP/USDT:USDT,3.1396,14198.0,3.1395,37191.0,3.1397,3.0,3.1398,10.0
1753769362691,06:09:22.691,bybit,XRP/USDT:USDT,3.1396,13411.0,3.1395,36401.0,3.1397,3.0,3.1398,10.0
1753769362791,06:09:22.791,bybit,XRP/USDT:USDT,3.1396,13411.0,3.1395,36401.0,3.1397,758.0,3.1398,10.0
1753769362891,06:09:22.891,bybit,XRP/USDT:USDT,3.1396,13411.0,3.1395,37191.0,3.1397,758.0,3.1398,10.0
1753769362992,06:09:22.992,bybit,XRP/USDT:USDT,3.1398,9716.0,3.1397,24163.0,3.1399,3988.0,3.14,4372.0
1753769363091,06:09:23.091,bybit,XRP/USDT:USDT,3.1398,9716.0,3.1397,24163.0,3.1399,4158.0,3.14,4374.0
1753769363191,06:09:23.191,bybit,XRP/USDT:USDT,3.1398,9751.0,3.1397,24163.0,3.1399,4158.0,3.14,4374.0
1753769363291,06:09:23.291,bybit,XRP/USDT:USDT,3.1398,8996.0,3.1397,20963.0,3.1399,4158.0,3.14,4374.0
1753769363391,06:09:23.391,bybit,XRP/USDT:USDT,3.1398,9767.0,3.1397,21741.0,3.1399,203.0,3.14,4.0
1753769363491,06:09:23.491,bybit,XRP/USDT:USDT,3.1398,9767.0,3.1397,21741.0,3.1399,203.0,3.14,4.0
1753769363591,06:09:23.591,bybit,XRP/USDT:USDT,3.1398,9767.0,3.1397,21741.0,3.1399,203.0,3.14,4.0
1753769363691,06:09:23.691,bybit,XRP/USDT:USDT,3.1398,9767.0,3.1397,20963.0,3.1399,203.0,3.14,3204.0
1753769363791,06:09:23.791,bybit,XRP/USDT:USDT,3.1398,9279.0,3.1397,20963.0,3.1399,6964.0,3.14,4374.0
1753769363891,06:09:23.891,bybit,XRP/USDT:USDT,3.1398,1884.0,3.1397,15679.0,3.1399,8445.0,3.14,4374.0
1753769363991,06:09:23.991,bybit,XRP/USDT:USDT,3.1398,1884.0,3.1397,15679.0,3.1399,8445.0,3.14,4374.0
1753769364091,06:09:24.091,bybit,XRP/USDT:USDT,3.1398,4985.0,3.1397,15679.0,3.1399,8445.0,3.14,4374.0
1753769364191,06:09:24.191,bybit,XRP/USDT:USDT,3.1398,4985.0,3.1397,16459.0,3.1399,8445.0,3.14,4374.0
1753769364291,06:09:24.291,bybit,XRP/USDT:USDT,3.1398,7007.0,3.1397,17225.0,3.1399,751.0,3.14,4374.0
1753769364391,06:09:24.391,bybit,XRP/USDT:USDT,3.1398,7023.0,3.1397,17225.0,3.1399,751.0,3.14,4374.0
1753769364491,06:09:24.491,bybit,XRP/USDT:USDT,3.1398,7023.0,3.1397,16459.0,3.1399,751.0,3.14,4374.0
1753769364591,06:09:24.591,bybit,XRP/USDT:USDT,3.1398,6136.0,3.1397,9380.0,3.1399,10385.0,3.14,4374.0
1753769364691,06:09:24.691,bybit,XRP/USDT:USDT,3.1398,49.0,3.1397,2.0,3.1399,12243.0,3.14,9508.0
1753769364792,06:09:24.792,bybit,XRP/USDT:USDT,3.1398,46.0,3.1397,2.0,3.1399,13009.0,3.14,10274.0
1753769364891,06:09:24.891,bybit,XRP/USDT:USDT,3.1398,46.0,3.1397,2.0,3.1399,12993.0,3.14,10290.0
1753769364991,06:09:24.991,bybit,XRP/USDT:USDT,3.1398,1794.0,3.1397,2.0,3.1399,10455.0,3.14,9508.0
1753769365090,06:09:25.090,bybit,XRP/USDT:USDT,3.1398,46.0,3.1397,2.0,3.1399,10647.0,3.14,9508.0
1753769365191,06:09:25.191,bybit,XRP/USDT:USDT,3.1398,46.0,3.1397,2.0,3.1399,11413.0,3.14,8635.0
1753769365291,06:09:25.291,bybit,XRP/USDT:USDT,3.1398,46.0,3.1397,2.0,3.1399,10647.0,3.14,8814.0
1753769365391,06:09:25.391,bybit,XRP/USDT:USDT,3.1398,46.0,3.1397,2.0,3.1399,10647.0,3.14,8046.0
1753769365491,06:09:25.491,bybit,XRP/USDT:USDT,3.1398,50.0,3.1397,2.0,3.1399,10647.0,3.14,8046.0
1753769365591,06:09:25.591,bybit,XRP/USDT:USDT,3.1396,3294.0,3.1395,11.0,3.1397,2722.0,3.1398,37358.0
1753769365692,06:09:25.692,bybit,XRP/USDT:USDT,3.1396,11.0,3.1395,4.0,3.1397,39285.0,3.1398,48479.0
1753769365793,06:09:25.793,bybit,XRP/USDT:USDT,3.1396,6.0,3.1395,4.0,3.1397,42285.0,3.1398,48463.0
1753769365892,06:09:25.892,bybit,XRP/USDT:USDT,3.1396,6.0,3.1395,7.0,3.1397,39285.0,3.1398,48463.0
1753769365991,06:09:25.991,bybit,XRP/USDT:USDT,3.1396,6.0,3.1395,7.0,3.1397,39285.0,3.1398,48463.0
1753769366091,06:09:26.091,bybit,XRP/USDT:USDT,3.1396,6.0,3.1395,7.0,3.1397,39285.0,3.1398,48479.0
1753769366192,06:09:26.192,bybit,XRP/USDT:USDT,3.1395,2.0,3.1394,3292.0,3.1396,49683.0,3.1397,58418.0
1753769366292,06:09:26.292,bybit,XRP/USDT:USDT,3.1392,2.0,3.1391,8.0,3.1393,33466.0,3.1394,62634.0
1753769366392,06:09:26.392,bybit,XRP/USDT:USDT,3.1392,5.0,3.1391,8.0,3.1393,32841.0,3.1394,61980.0
1753769366491,06:09:26.491,bybit,XRP/USDT:USDT,3.1392,5.0,3.1391,8.0,3.1393,35977.0,3.1394,65026.0
1753769366592,06:09:26.592,bybit,XRP/USDT:USDT,3.1392,15.0,3.1391,8.0,3.1393,35977.0,3.1394,62533.0
1753769366691,06:09:26.691,bybit,XRP/USDT:USDT,3.1392,15.0,3.1391,8.0,3.1393,35977.0,3.1394,62548.0
1753769366791,06:09:26.791,bybit,XRP/USDT:USDT,3.1392,15.0,3.1391,8.0,3.1393,35977.0,3.1394,62548.0
1753769366892,06:09:26.892,bybit,XRP/USDT:USDT,3.1392,904.0,3.1391,8.0,3.1393,31974.0,3.1394,61851.0
1753769366991,06:09:26.991,bybit,XRP/USDT:USDT,3.1392,749.0,3.1391,8.0,3.1393,32020.0,3.1394,61851.0
1753769367091,06:09:27.091,bybit,XRP/USDT:USDT,3.1392,749.0,3.1391,8.0,3.1393,32020.0,3.1394,56771.0
1753769367192,06:09:27.192,bybit,XRP/USDT:USDT,3.1392,749.0,3.1391,8.0,3.1393,32020.0,3.1394,57429.0
1753769367291,06:09:27.291,bybit,XRP/USDT:USDT,3.1392,749.0,3.1391,8.0,3.1393,32004.0,3.1394,57443.0
1753769367391,06:09:27.391,bybit,XRP/USDT:USDT,3.1392,272.0,3.1391,8.0,3.1393,32004.0,3.1394,58085.0
1753769367490,06:09:27.490,bybit,XRP/USDT:USDT,3.1392,272.0,3.1391,8.0,3.1393,32004.0,3.1394,57427.0
1753769367591,06:09:27.591,bybit,XRP/USDT:USDT,3.1392,272.0,3.1391,8.0,3.1393,32004.0,3.1394,57427.0
1753769367691,06:09:27.691,bybit,XRP/USDT:USDT,3.1392,272.0,3.1391,8.0,3.1393,32004.0,3.1394,56771.0
1753769367991,06:09:27.991,bybit,XRP/USDT:USDT,3.1392,282.0,3.1391,8.0,3.1393,35004.0,3.1394,57427.0
1753769368091,06:09:28.091,bybit,XRP/USDT:USDT,3.1392,282.0,3.1391,8.0,3.1393,35004.0,3.1394,57427.0
1753769368193,06:09:28.193,bybit,XRP/USDT:USDT,3.139,2.0,3.1389,6.0,3.1391,64266.0,3.1392,41865.0
1753769368291,06:09:28.291,bybit,XRP/USDT:USDT,3.139,2.0,3.1389,6.0,3.1391,71821.0,3.1392,43934.0
1753769368391,06:09:28.391,bybit,XRP/USDT:USDT,3.1387,111.0,3.1386,12.0,3.1388,28072.0,3.1389,53332.0
1753769368491,06:09:28.491,bybit,XRP/USDT:USDT,3.1387,111.0,3.1386,12.0,3.1388,28072.0,3.1389,53334.0
1753769368691,06:09:28.691,bybit,XRP/USDT:USDT,3.1387,14837.0,3.1386,2143.0,3.1388,2632.0,3.1389,2511.0
1753769368792,06:09:28.792,bybit,XRP/USDT:USDT,3.1387,3840.0,3.1386,2143.0,3.1388,7103.0,3.1389,2511.0
1753769368891,06:09:28.891,bybit,XRP/USDT:USDT,3.1387,4579.0,3.1386,2143.0,3.1388,7103.0,3.1389,2511.0
1753769368991,06:09:28.991,bybit,XRP/USDT:USDT,3.1387,4579.0,3.1386,2143.0,3.1388,7103.0,3.1389,2511.0
1753769369091,06:09:29.091,bybit,XRP/USDT:USDT,3.1387,4579.0,3.1386,2143.0,3.1388,7103.0,3.1389,2511.0
1753769369191,06:09:29.191,bybit,XRP/USDT:USDT,3.1387,4579.0,3.1386,2143.0,3.1388,7281.0,3.1389,2511.0
1753769369291,06:09:29.291,bybit,XRP/USDT:USDT,3.1387,6685.0,3.1386,2159.0,3.1388,6497.0,3.1389,2511.0
1753769369391,06:09:29.391,bybit,XRP/USDT:USDT,3.1387,9641.0,3.1386,2159.0,3.1388,2661.0,3.1389,2511.0
1753769369491,06:09:29.491,bybit,XRP/USDT:USDT,3.1387,6685.0,3.1386,2156.0,3.1388,4586.0,3.1389,2481.0
1753769369591,06:09:29.591,bybit,XRP/USDT:USDT,3.1387,6685.0,3.1386,2159.0,3.1388,7786.0,3.1389,2481.0
1753769369691,06:09:29.691,bybit,XRP/USDT:USDT,3.1387,7162.0,3.1386,2159.0,3.1388,7786.0,3.1389,2481.0
1753769369791,06:09:29.791,bybit,XRP/USDT:USDT,3.1387,7162.0,3.1386,2159.0,3.1388,7786.0,3.1389,2481.0
1753769369891,06:09:29.891,bybit,XRP/USDT:USDT,3.1387,3502.0,3.1386,2143.0,3.1388,7786.0,3.1389,5697.0
1753769369991,06:09:29.991,bybit,XRP/USDT:USDT,3.1387,3502.0,3.1386,2143.0,3.1388,7786.0,3.1389,5697.0
1753769370091,06:09:30.091,bybit,XRP/USDT:USDT,3.1387,3502.0,3.1386,2143.0,3.1388,7786.0,3.1389,5697.0
1753769370191,06:09:30.191,bybit,XRP/USDT:USDT,3.1387,546.0,3.1386,2143.0,3.1388,7786.0,3.1389,5697.0
1753769370291,06:09:30.291,bybit,XRP/USDT:USDT,3.1387,546.0,3.1386,2143.0,3.1388,7786.0,3.1389,5697.0
1753769370391,06:09:30.391,bybit,XRP/USDT:USDT,3.1387,5125.0,3.1386,2159.0,3.1388,6818.0,3.1389,5681.0
1753769370491,06:09:30.491,bybit,XRP/USDT:USDT,3.1387,5887.0,3.1386,2159.0,3.1388,6800.0,3.1389,5681.0
1753769370691,06:09:30.691,bybit,XRP/USDT:USDT,3.1387,6155.0,3.1386,2159.0,3.1388,6800.0,3.1389,5681.0
1753769370791,06:09:30.791,bybit,XRP/USDT:USDT,3.1387,5678.0,3.1386,2159.0,3.1388,6800.0,3.1389,2481.0
1753769370892,06:09:30.892,bybit,XRP/USDT:USDT,3.1386,2.0,3.1385,4249.0,3.1387,16335.0,3.1388,11358.0
1753769370991,06:09:30.991,bybit,XRP/USDT:USDT,3.1386,2.0,3.1385,6.0,3.1387,20685.0,3.1388,16578.0
1753769371092,06:09:31.092,bybit,XRP/USDT:USDT,3.1386,2.0,3.1385,6.0,3.1387,29962.0,3.1388,18323.0
1753769371191,06:09:31.191,bybit,XRP/USDT:USDT,3.1386,2.0,3.1385,6.0,3.1387,33139.0,3.1388,18323.0
1753769371292,06:09:31.292,bybit,XRP/USDT:USDT,3.1386,2.0,3.1385,6.0,3.1387,30139.0,3.1388,18307.0
1753769371390,06:09:31.390,bybit,XRP/USDT:USDT,3.1386,2.0,3.1385,6.0,3.1387,30139.0,3.1388,18323.0
1753769371492,06:09:31.492,bybit,XRP/USDT:USDT,3.1386,2.0,3.1385,6.0,3.1387,30117.0,3.1388,18307.0
1753769371590,06:09:31.590,bybit,XRP/USDT:USDT,3.1386,2.0,3.1385,6.0,3.1387,33117.0,3.1388,18323.0
1753769371691,06:09:31.691,bybit,XRP/USDT:USDT,3.1386,2.0,3.1385,6.0,3.1387,33040.0,3.1388,18307.0
1753769371791,06:09:31.791,bybit,XRP/USDT:USDT,3.1386,2.0,3.1385,6.0,3.1387,33593.0,3.1388,18948.0
1753769371891,06:09:31.891,bybit,XRP/USDT:USDT,3.1386,2.0,3.1385,6.0,3.1387,33623.0,3.1388,18948.0
1753769371992,06:09:31.992,bybit,XRP/USDT:USDT,3.1383,451.0,3.1382,4384.0,3.1384,20886.0,3.1385,15137.0
1753769372093,06:09:32.093,bybit,XRP/USDT:USDT,3.1382,106.0,3.1381,359.0,3.1383,23144.0,3.1384,21035.0
1753769372191,06:09:32.191,bybit,XRP/USDT:USDT,3.1382,106.0,3.1381,356.0,3.1383,26732.0,3.1384,24623.0
1753769372291,06:09:32.291,bybit,XRP/USDT:USDT,3.1382,106.0,3.1381,356.0,3.1383,26708.0,3.1384,35410.0
1753769372392,06:09:32.392,bybit,XRP/USDT:USDT,3.1381,196.0,3.138,298.0,3.1382,61965.0,3.1383,40227.0
1753769372591,06:09:32.591,bybit,XRP/USDT:USDT,3.1381,196.0,3.138,298.0,3.1382,55087.0,3.1383,33055.0
1753769372691,06:09:32.691,bybit,XRP/USDT:USDT,3.1381,196.0,3.138,298.0,3.1382,52087.0,3.1383,40812.0
1753769372792,06:09:32.792,bybit,XRP/USDT:USDT,3.1381,196.0,3.138,298.0,3.1382,52087.0,3.1383,40777.0
1753769372891,06:09:32.891,bybit,XRP/USDT:USDT,3.1381,196.0,3.138,298.0,3.1382,52127.0,3.1383,40777.0
1753769372991,06:09:32.991,bybit,XRP/USDT:USDT,3.1381,196.0,3.138,298.0,3.1382,52127.0,3.1383,40777.0
1753769373091,06:09:33.091,bybit,XRP/USDT:USDT,3.1381,196.0,3.138,298.0,3.1382,52127.0,3.1383,36676.0
1753769373191,06:09:33.191,bybit,XRP/USDT:USDT,3.1381,196.0,3.138,298.0,3.1382,52127.0,3.1383,36692.0
1753769373292,06:09:33.292,bybit,XRP/USDT:USDT,3.1381,196.0,3.138,298.0,3.1382,52117.0,3.1383,36676.0
1753769373391,06:09:33.391,bybit,XRP/USDT:USDT,3.1381,196.0,3.138,298.0,3.1382,52117.0,3.1383,36676.0
1753769373491,06:09:33.491,bybit,XRP/USDT:USDT,3.1381,196.0,3.138,298.0,3.1382,52117.0,3.1383,36676.0
1753769373591,06:09:33.591,bybit,XRP/USDT:USDT,3.1381,196.0,3.138,298.0,3.1382,52131.0,3.1383,36676.0
1753769373691,06:09:33.691,bybit,XRP/USDT:USDT,3.1381,196.0,3.138,298.0,3.1382,52115.0,3.1383,36676.0
1753769373791,06:09:33.791,bybit,XRP/USDT:USDT,3.1381,196.0,3.138,298.0,3.1382,52115.0,3.1383,36676.0
1753769373891,06:09:33.891,bybit,XRP/USDT:USDT,3.1381,196.0,3.138,298.0,3.1382,52607.0,3.1383,37203.0
1753769373991,06:09:33.991,bybit,XRP/USDT:USDT,3.1381,196.0,3.138,298.0,3.1382,52607.0,3.1383,37203.0
1753769374091,06:09:34.091,bybit,XRP/USDT:USDT,3.1381,196.0,3.138,298.0,3.1382,53302.0,3.1383,37747.0
1753769374190,06:09:34.190,bybit,XRP/USDT:USDT,3.1381,196.0,3.138,298.0,3.1382,53302.0,3.1383,37747.0
1753769374791,06:09:34.791,bybit,XRP/USDT:USDT,3.1378,1560.0,3.1377,21.0,3.1379,24006.0,3.138,46435.0
1753769374891,06:09:34.891,bybit,XRP/USDT:USDT,3.1378,1560.0,3.1377,21.0,3.1379,24006.0,3.138,45809.0
1753769374992,06:09:34.992,bybit,XRP/USDT:USDT,3.1378,1587.0,3.1377,21.0,3.1379,24006.0,3.138,45825.0
1753769375091,06:09:35.091,bybit,XRP/USDT:USDT,3.1378,1587.0,3.1377,21.0,3.1379,24006.0,3.138,45825.0
1753769375191,06:09:35.191,bybit,XRP/USDT:USDT,3.1378,2552.0,3.1377,21.0,3.1379,20666.0,3.138,41359.0
1753769375291,06:09:35.291,bybit,XRP/USDT:USDT,3.1378,2552.0,3.1377,21.0,3.1379,20666.0,3.138,41359.0
1753769375391,06:09:35.391,bybit,XRP/USDT:USDT,3.1378,4898.0,3.1377,21.0,3.1379,17105.0,3.138,37709.0
1753769375491,06:09:35.491,bybit,XRP/USDT:USDT,3.1378,5375.0,3.1377,21.0,3.1379,14705.0,3.138,37679.0
1753769375591,06:09:35.591,bybit,XRP/USDT:USDT,3.1378,9024.0,3.1377,21.0,3.1379,8956.0,3.138,20090.0
1753769375691,06:09:35.691,bybit,XRP/USDT:USDT,3.1378,9027.0,3.1377,37.0,3.1379,3719.0,3.138,12016.0
1753769375793,06:09:35.793,bybit,XRP/USDT:USDT,3.1378,9027.0,3.1377,662.0,3.1379,3719.0,3.138,6884.0
1753769375891,06:09:35.891,bybit,XRP/USDT:USDT,3.1378,9027.0,3.1377,37.0,3.1379,3719.0,3.138,6884.0
1753769375991,06:09:35.991,bybit,XRP/USDT:USDT,3.1378,6548.0,3.1377,37.0,3.1379,6487.0,3.138,7510.0
1753769376091,06:09:36.091,bybit,XRP/USDT:USDT,3.1378,7312.0,3.1377,21.0,3.1379,6487.0,3.138,7510.0
1753769376191,06:09:36.191,bybit,XRP/USDT:USDT,3.1378,7312.0,3.1377,21.0,3.1379,6487.0,3.138,7510.0
1753769376291,06:09:36.291,bybit,XRP/USDT:USDT,3.1378,7312.0,3.1377,21.0,3.1379,6487.0,3.138,7510.0
1753769376391,06:09:36.391,bybit,XRP/USDT:USDT,3.1378,7312.0,3.1377,21.0,3.1379,6487.0,3.138,6884.0
1753769376491,06:09:36.491,bybit,XRP/USDT:USDT,3.1378,7312.0,3.1377,21.0,3.1379,6487.0,3.138,6884.0
1753769376591,06:09:36.591,bybit,XRP/USDT:USDT,3.1378,7312.0,3.1377,21.0,3.1379,6487.0,3.138,6884.0
1753769376691,06:09:36.691,bybit,XRP/USDT:USDT,3.1378,7272.0,3.1377,21.0,3.1379,4474.0,3.138,6884.0
1753769376791,06:09:36.791,bybit,XRP/USDT:USDT,3.1378,7272.0,3.1377,21.0,3.1379,4474.0,3.138,7494.0
1753769376891,06:09:36.891,bybit,XRP/USDT:USDT,3.1378,7272.0,3.1377,21.0,3.1379,4474.0,3.138,7494.0
1753769376991,06:09:36.991,bybit,XRP/USDT:USDT,3.1378,7272.0,3.1377,21.0,3.1379,4474.0,3.138,7494.0
1753769377091,06:09:37.091,bybit,XRP/USDT:USDT,3.1378,7272.0,3.1377,21.0,3.1379,4474.0,3.138,7494.0
1753769377191,06:09:37.191,bybit,XRP/USDT:USDT,3.1378,6718.0,3.1377,21.0,3.1379,6136.0,3.138,7494.0
1753769377291,06:09:37.291,bybit,XRP/USDT:USDT,3.1378,6552.0,3.1377,21.0,3.1379,8378.0,3.138,7494.0
1753769377390,06:09:37.390,bybit,XRP/USDT:USDT,3.1378,6549.0,3.1377,37.0,3.1379,8099.0,3.138,20454.0
1753769377491,06:09:37.491,bybit,XRP/USDT:USDT,3.1378,6072.0,3.1377,37.0,3.1379,8099.0,3.138,20454.0
1753769377591,06:09:37.591,bybit,XRP/USDT:USDT,3.1378,6075.0,3.1377,37.0,3.1379,8099.0,3.138,20454.0
1753769377691,06:09:37.691,bybit,XRP/USDT:USDT,3.1378,8129.0,3.1377,37.0,3.1379,3234.0,3.138,6884.0
1753769377791,06:09:37.791,bybit,XRP/USDT:USDT,3.1378,8129.0,3.1377,37.0,3.1379,3234.0,3.138,6884.0
1753769377890,06:09:37.890,bybit,XRP/USDT:USDT,3.1378,8129.0,3.1377,634.0,3.1379,3234.0,3.138,6884.0
1753769377991,06:09:37.991,bybit,XRP/USDT:USDT,3.1378,8129.0,3.1377,37.0,3.1379,3234.0,3.138,7482.0
1753769378091,06:09:38.091,bybit,XRP/USDT:USDT,3.1378,8129.0,3.1377,37.0,3.1379,3234.0,3.138,6884.0
1753769378191,06:09:38.191,bybit,XRP/USDT:USDT,3.1378,8129.0,3.1377,37.0,3.1379,3234.0,3.138,6884.0
1753769378292,06:09:38.292,bybit,XRP/USDT:USDT,3.1378,8129.0,3.1377,634.0,3.1379,3234.0,3.138,3653.0
1753769378391,06:09:38.391,bybit,XRP/USDT:USDT,3.1378,8129.0,3.1377,634.0,3.1379,3177.0,3.138,3653.0
1753769378490,06:09:38.490,bybit,XRP/USDT:USDT,3.1378,8129.0,3.1377,37.0,3.1379,6434.0,3.138,3653.0
1753769378591,06:09:38.591,bybit,XRP/USDT:USDT,3.1378,5347.0,3.1377,37.0,3.1379,6434.0,3.138,3653.0
1753769378691,06:09:38.691,bybit,XRP/USDT:USDT,3.1378,5184.0,3.1377,21.0,3.1379,6590.0,3.138,16422.0
1753769378791,06:09:38.791,bybit,XRP/USDT:USDT,3.1378,228.0,3.1377,21.0,3.1379,7774.0,3.138,17606.0
1753769378891,06:09:38.891,bybit,XRP/USDT:USDT,3.1378,225.0,3.1377,2.0,3.1379,7459.0,3.138,17590.0
1753769378990,06:09:38.990,bybit,XRP/USDT:USDT,3.1378,225.0,3.1377,2.0,3.1379,7459.0,3.138,17590.0
1753769379091,06:09:39.091,bybit,XRP/USDT:USDT,3.1378,225.0,3.1377,5.0,3.1379,7459.0,3.138,17606.0
1753769379191,06:09:39.191,bybit,XRP/USDT:USDT,3.1378,225.0,3.1377,5.0,3.1379,7459.0,3.138,17606.0
1753769379292,06:09:39.292,bybit,XRP/USDT:USDT,3.1378,225.0,3.1377,5.0,3.1379,7459.0,3.138,17606.0
1753769379391,06:09:39.391,bybit,XRP/USDT:USDT,3.1378,225.0,3.1377,5.0,3.1379,20705.0,3.138,17606.0
1753769379493,06:09:39.493,bybit,XRP/USDT:USDT,3.1376,4.0,3.1375,8.0,3.1377,37822.0,3.1378,45279.0
1753769379592,06:09:39.592,bybit,XRP/USDT:USDT,3.1376,2.0,3.1375,8.0,3.1377,34931.0,3.1378,43309.0
1753769379691,06:09:39.691,bybit,XRP/USDT:USDT,3.1376,2.0,3.1375,8.0,3.1377,34040.0,3.1378,43296.0
1753769379793,06:09:39.793,bybit,XRP/USDT:USDT,3.1376,2.0,3.1375,8.0,3.1377,34040.0,3.1378,42712.0
1753769379891,06:09:39.891,bybit,XRP/USDT:USDT,3.1376,56.0,3.1375,8.0,3.1377,34190.0,3.1378,47289.0
1753769379991,06:09:39.991,bybit,XRP/USDT:USDT,3.1376,56.0,3.1375,8.0,3.1377,34190.0,3.1378,46718.0
1753769380091,06:09:40.091,bybit,XRP/USDT:USDT,3.1376,56.0,3.1375,8.0,3.1377,34190.0,3.1378,46718.0
1753769380191,06:09:40.191,bybit,XRP/USDT:USDT,3.1376,56.0,3.1375,8.0,3.1377,34190.0,3.1378,46718.0
1753769380291,06:09:40.291,bybit,XRP/USDT:USDT,3.1376,56.0,3.1375,8.0,3.1377,34138.0,3.1378,44289.0
1753769380391,06:09:40.391,bybit,XRP/USDT:USDT,3.1376,56.0,3.1375,8.0,3.1377,32779.0,3.1378,43718.0
1753769380492,06:09:40.492,bybit,XRP/USDT:USDT,3.1374,3237.0,3.1373,1764.0,3.1375,12180.0,3.1376,20334.0
1753769380591,06:09:40.591,bybit,XRP/USDT:USDT,3.1374,3237.0,3.1373,1764.0,3.1375,12180.0,3.1376,20334.0
1753769380691,06:09:40.691,bybit,XRP/USDT:USDT,3.1374,3300.0,3.1373,1764.0,3.1375,12190.0,3.1376,20334.0
1753769380791,06:09:40.791,bybit,XRP/USDT:USDT,3.1374,7694.0,3.1373,1764.0,3.1375,10.0,3.1376,1202.0
1753769380991,06:09:40.991,bybit,XRP/USDT:USDT,3.1374,7697.0,3.1373,2853.0,3.1375,10.0,3.1376,2.0
1753769381091,06:09:41.091,bybit,XRP/USDT:USDT,3.1374,7697.0,3.1373,2853.0,3.1375,10.0,3.1376,2.0
1753769381191,06:09:41.191,bybit,XRP/USDT:USDT,3.1374,7697.0,3.1373,2853.0,3.1375,10.0,3.1376,2.0
1753769381291,06:09:41.291,bybit,XRP/USDT:USDT,3.1374,7697.0,3.1373,2853.0,3.1375,10.0,3.1376,2.0
1753769381393,06:09:41.393,bybit,XRP/USDT:USDT,3.1379,12803.0,3.1378,21042.0,3.138,4998.0,3.1381,3975.0
1753769381492,06:09:41.492,bybit,XRP/USDT:USDT,3.1379,891.0,3.1378,16762.0,3.138,7356.0,3.1381,3975.0
1753769381591,06:09:41.591,bybit,XRP/USDT:USDT,3.1379,867.0,3.1378,16762.0,3.138,7559.0,3.1381,3975.0
1753769381691,06:09:41.691,bybit,XRP/USDT:USDT,3.1379,3370.0,3.1378,9732.0,3.138,7543.0,3.1381,3975.0
1753769381791,06:09:41.791,bybit,XRP/USDT:USDT,3.1379,3370.0,3.1378,9732.0,3.138,7545.0,3.1381,3975.0
1753769381891,06:09:41.891,bybit,XRP/USDT:USDT,3.1379,891.0,3.1378,9732.0,3.138,7543.0,3.1381,3975.0
1753769381991,06:09:41.991,bybit,XRP/USDT:USDT,3.1379,80.0,3.1378,6588.0,3.138,7484.0,3.1381,3975.0
1753769382091,06:09:42.091,bybit,XRP/USDT:USDT,3.1379,80.0,3.1378,3628.0,3.138,10523.0,3.1381,20765.0
1753769382391,06:09:42.391,bybit,XRP/USDT:USDT,3.1379,1396.0,3.1378,5.0,3.138,7619.0,3.1381,20692.0
1753769382492,06:09:42.492,bybit,XRP/USDT:USDT,3.1379,77.0,3.1378,5.0,3.138,7619.0,3.1381,20692.0
1753769382691,06:09:42.691,bybit,XRP/USDT:USDT,3.1379,87.0,3.1378,5.0,3.138,7632.0,3.1381,20692.0
1753769382791,06:09:42.791,bybit,XRP/USDT:USDT,3.1379,87.0,3.1378,5.0,3.138,7619.0,3.1381,20692.0
1753769382891,06:09:42.891,bybit,XRP/USDT:USDT,3.1379,87.0,3.1378,5.0,3.138,7619.0,3.1381,20692.0
1753769382991,06:09:42.991,bybit,XRP/USDT:USDT,3.1379,87.0,3.1378,5.0,3.138,7619.0,3.1381,20692.0
1753769383091,06:09:43.091,bybit,XRP/USDT:USDT,3.1379,87.0,3.1378,5.0,3.138,7619.0,3.1381,20692.0
1753769383191,06:09:43.191,bybit,XRP/USDT:USDT,3.1379,87.0,3.1378,5.0,3.138,7319.0,3.1381,20692.0
1753769383291,06:09:43.291,bybit,XRP/USDT:USDT,3.1379,87.0,3.1378,5.0,3.138,7319.0,3.1381,20692.0
1753769383391,06:09:43.391,bybit,XRP/USDT:USDT,3.1379,87.0,3.1378,5.0,3.138,7319.0,3.1381,20692.0
1753769383493,06:09:43.493,bybit,XRP/USDT:USDT,3.1377,1256.0,3.1376,1420.0,3.1378,5557.0,3.1379,15329.0
1753769383591,06:09:43.591,bybit,XRP/USDT:USDT,3.1377,1995.0,3.1376,1422.0,3.1378,5533.0,3.1379,15345.0
1753769383691,06:09:43.691,bybit,XRP/USDT:USDT,3.1377,1608.0,3.1376,1422.0,3.1378,6493.0,3.1379,15329.0
1753769383792,06:09:43.792,bybit,XRP/USDT:USDT,3.1377,4712.0,3.1376,1981.0,3.1378,5125.0,3.1379,13523.0
1753769383891,06:09:43.891,bybit,XRP/USDT:USDT,3.1377,7369.0,3.1376,1981.0,3.1378,3200.0,3.1379,13523.0
1753769383992,06:09:43.992,bybit,XRP/USDT:USDT,3.1378,7057.0,3.1377,7368.0,3.1379,9101.0,3.138,8844.0
1753769384091,06:09:44.091,bybit,XRP/USDT:USDT,3.1378,7621.0,3.1377,7916.0,3.1379,3200.0,3.138,4820.0
1753769384192,06:09:44.192,bybit,XRP/USDT:USDT,3.1379,12368.0,3.1378,7620.0,3.138,2.0,3.1381,3220.0
1753769384291,06:09:44.291,bybit,XRP/USDT:USDT,3.1379,12845.0,3.1378,9141.0,3.138,2.0,3.1381,4.0
1753769384391,06:09:44.391,bybit,XRP/USDT:USDT,3.1379,12845.0,3.1378,8593.0,3.138,2.0,3.1381,4.0
1753769384491,06:09:44.491,bybit,XRP/USDT:USDT,3.1379,12845.0,3.1378,8045.0,3.138,2.0,3.1381,4.0
1753769384591,06:09:44.591,bybit,XRP/USDT:USDT,3.1379,13393.0,3.1378,8593.0,3.138,2.0,3.1381,4.0
1753769384692,06:09:44.692,bybit,XRP/USDT:USDT,3.138,15784.0,3.1379,12592.0,3.1381,2.0,3.1382,11866.0
1753769384791,06:09:44.791,bybit,XRP/USDT:USDT,3.138,15784.0,3.1379,12592.0,3.1381,2.0,3.1382,11866.0
1753769384892,06:09:44.892,bybit,XRP/USDT:USDT,3.1381,13529.0,3.138,12534.0,3.1382,11862.0,3.1383,2010.0
1753769384991,06:09:44.991,bybit,XRP/USDT:USDT,3.1381,13529.0,3.138,12534.0,3.1382,11860.0,3.1383,2010.0
1753769385091,06:09:45.091,bybit,XRP/USDT:USDT,3.1381,13529.0,3.138,12534.0,3.1382,11860.0,3.1383,2010.0
1753769385191,06:09:45.191,bybit,XRP/USDT:USDT,3.1381,13529.0,3.138,12534.0,3.1382,11860.0,3.1383,2010.0
1753769385291,06:09:45.291,bybit,XRP/USDT:USDT,3.1381,13529.0,3.138,12534.0,3.1382,11860.0,3.1383,2010.0
1753769385391,06:09:45.391,bybit,XRP/USDT:USDT,3.1381,13529.0,3.138,12534.0,3.1382,11860.0,3.1383,2010.0
1753769385491,06:09:45.491,bybit,XRP/USDT:USDT,3.1381,13021.0,3.138,12534.0,3.1382,11860.0,3.1383,2010.0
1753769385590,06:09:45.590,bybit,XRP/USDT:USDT,3.1381,13021.0,3.138,12534.0,3.1382,11860.0,3.1383,2010.0
1753769385692,06:09:45.692,bybit,XRP/USDT:USDT,3.1381,13021.0,3.138,12534.0,3.1382,11813.0,3.1383,2010.0
1753769385792,06:09:45.792,bybit,XRP/USDT:USDT,3.1381,13021.0,3.138,12534.0,3.1382,11813.0,3.1383,2010.0
1753769385891,06:09:45.891,bybit,XRP/USDT:USDT,3.1381,9770.0,3.138,12534.0,3.1382,11813.0,3.1383,2010.0
1753769385991,06:09:45.991,bybit,XRP/USDT:USDT,3.1381,8644.0,3.138,12534.0,3.1382,11813.0,3.1383,2010.0
1753769386191,06:09:46.191,bybit,XRP/USDT:USDT,3.1381,3.0,3.138,775.0,3.1382,14403.0,3.1383,9629.0
1753769386291,06:09:46.291,bybit,XRP/USDT:USDT,3.1381,3.0,3.138,20.0,3.1382,14415.0,3.1383,9629.0
1753769386392,06:09:46.392,bybit,XRP/USDT:USDT,3.138,2.0,3.1379,896.0,3.1381,16503.0,3.1382,22414.0
1753769386491,06:09:46.491,bybit,XRP/USDT:USDT,3.138,2.0,3.1379,2.0,3.1381,16503.0,3.1382,25739.0
1753769386591,06:09:46.591,bybit,XRP/USDT:USDT,3.138,2.0,3.1379,5.0,3.1381,16503.0,3.1382,23387.0
1753769386691,06:09:46.691,bybit,XRP/USDT:USDT,3.1379,3.0,3.1378,27.0,3.138,18518.0,3.1381,28292.0
1753769386791,06:09:46.791,bybit,XRP/USDT:USDT,3.1379,3.0,3.1378,27.0,3.138,18518.0,3.1381,28292.0
1753769386891,06:09:46.891,bybit,XRP/USDT:USDT,3.1379,3.0,3.1378,27.0,3.138,18518.0,3.1381,28292.0
1753769386991,06:09:46.991,bybit,XRP/USDT:USDT,3.1379,3.0,3.1378,127.0,3.138,18539.0,3.1381,28292.0
1753769387091,06:09:47.091,bybit,XRP/USDT:USDT,3.1379,3.0,3.1378,127.0,3.138,18539.0,3.1381,28292.0
1753769387191,06:09:47.191,bybit,XRP/USDT:USDT,3.1379,3.0,3.1378,127.0,3.138,18539.0,3.1381,28292.0
1753769387291,06:09:47.291,bybit,XRP/USDT:USDT,3.1379,3.0,3.1378,127.0,3.138,18539.0,3.1381,28292.0
1753769387391,06:09:47.391,bybit,XRP/USDT:USDT,3.1379,3.0,3.1378,127.0,3.138,18539.0,3.1381,28292.0
1753769387492,06:09:47.492,bybit,XRP/USDT:USDT,3.1378,63.0,3.1377,2088.0,3.1379,8864.0,3.138,13391.0
1753769387591,06:09:47.591,bybit,XRP/USDT:USDT,3.1378,3324.0,3.1377,1766.0,3.1379,1907.0,3.138,9569.0
1753769387691,06:09:47.691,bybit,XRP/USDT:USDT,3.1379,894.0,3.1378,11177.0,3.138,5081.0,3.1381,20360.0
1753769387793,06:09:47.793,bybit,XRP/USDT:USDT,3.1379,17738.0,3.1378,11130.0,3.138,1948.0,3.1381,12046.0
1753769387891,06:09:47.891,bybit,XRP/USDT:USDT,3.1379,18215.0,3.1378,13164.0,3.138,23.0,3.1381,4.0
1753769387992,06:09:47.992,bybit,XRP/USDT:USDT,3.1379,18215.0,3.1378,13164.0,3.138,23.0,3.1381,4.0
1753769388092,06:09:48.092,bybit,XRP/USDT:USDT,3.138,36525.0,3.1379,23559.0,3.1381,2.0,3.1382,11988.0
1753769388191,06:09:48.191,bybit,XRP/USDT:USDT,3.138,36531.0,3.1379,23874.0,3.1381,2.0,3.1382,11988.0
1753769388291,06:09:48.291,bybit,XRP/USDT:USDT,3.138,36531.0,3.1379,24192.0,3.1381,2.0,3.1382,11988.0
1753769388391,06:09:48.391,bybit,XRP/USDT:USDT,3.138,36521.0,3.1379,24182.0,3.1381,2.0,3.1382,11988.0
1753769388491,06:09:48.491,bybit,XRP/USDT:USDT,3.138,35222.0,3.1379,23670.0,3.1381,10.0,3.1382,11718.0
1753769388591,06:09:48.591,bybit,XRP/USDT:USDT,3.138,35222.0,3.1379,23670.0,3.1381,10.0,3.1382,11720.0
1753769388691,06:09:48.691,bybit,XRP/USDT:USDT,3.138,35728.0,3.1379,24174.0,3.1381,10.0,3.1382,173.0
1753769388791,06:09:48.791,bybit,XRP/USDT:USDT,3.138,35728.0,3.1379,24174.0,3.1381,10.0,3.1382,173.0
1753769388891,06:09:48.891,bybit,XRP/USDT:USDT,3.138,35205.0,3.1379,23651.0,3.1381,10.0,3.1382,173.0
1753769388991,06:09:48.991,bybit,XRP/USDT:USDT,3.138,35205.0,3.1379,23651.0,3.1381,10.0,3.1382,173.0
1753769389091,06:09:49.091,bybit,XRP/USDT:USDT,3.138,34701.0,3.1379,23147.0,3.1381,10.0,3.1382,173.0
1753769389190,06:09:49.190,bybit,XRP/USDT:USDT,3.138,34701.0,3.1379,23147.0,3.1381,10.0,3.1382,1343.0
1753769389291,06:09:49.291,bybit,XRP/USDT:USDT,3.138,34701.0,3.1379,23147.0,3.1381,10.0,3.1382,1343.0
1753769389392,06:09:49.392,bybit,XRP/USDT:USDT,3.1381,14902.0,3.138,29544.0,3.1382,161.0,3.1383,3240.0
1753769389491,06:09:49.491,bybit,XRP/USDT:USDT,3.1381,14902.0,3.138,29544.0,3.1382,161.0,3.1383,3240.0
1753769389591,06:09:49.591,bybit,XRP/USDT:USDT,3.1381,14902.0,3.138,29544.0,3.1382,161.0,3.1383,3240.0
1753769389691,06:09:49.691,bybit,XRP/USDT:USDT,3.1381,15796.0,3.138,31807.0,3.1382,161.0,3.1383,40.0
1753769389792,06:09:49.792,bybit,XRP/USDT:USDT,3.1383,14625.0,3.1382,35816.0,3.1384,2.0,3.1385,13929.0
1753769389891,06:09:49.891,bybit,XRP/USDT:USDT,3.1383,23918.0,3.1382,54754.0,3.1384,2.0,3.1385,8.0
1753769389992,06:09:49.992,bybit,XRP/USDT:USDT,3.1385,40621.0,3.1384,26451.0,3.1386,2.0,3.1387,8.0
1753769390091,06:09:50.091,bybit,XRP/USDT:USDT,3.1385,40144.0,3.1384,39680.0,3.1386,2.0,3.1387,8.0
1753769390191,06:09:50.191,bybit,XRP/USDT:USDT,3.1385,17846.0,3.1384,35248.0,3.1386,4406.0,3.1387,4.0
1753769390291,06:09:50.291,bybit,XRP/USDT:USDT,3.1385,6825.0,3.1384,21542.0,3.1386,4803.0,3.1387,4.0
1753769390390,06:09:50.390,bybit,XRP/USDT:USDT,3.1385,7230.0,3.1384,21860.0,3.1386,4406.0,3.1387,4.0
1753769390491,06:09:50.491,bybit,XRP/USDT:USDT,3.1385,7083.0,3.1384,21860.0,3.1386,3236.0,3.1387,4.0
1753769390591,06:09:50.591,bybit,XRP/USDT:USDT,3.1385,7083.0,3.1384,22496.0,3.1386,3236.0,3.1387,4.0
1753769390691,06:09:50.691,bybit,XRP/USDT:USDT,3.1385,7083.0,3.1384,22814.0,3.1386,3236.0,3.1387,4.0
1753769390791,06:09:50.791,bybit,XRP/USDT:USDT,3.1385,7083.0,3.1384,22337.0,3.1386,3236.0,3.1387,4.0
1753769390891,06:09:50.891,bybit,XRP/USDT:USDT,3.1385,7083.0,3.1384,22337.0,3.1386,3236.0,3.1387,12.0
1753769390991,06:09:50.991,bybit,XRP/USDT:USDT,3.1385,2970.0,3.1384,18786.0,3.1386,6108.0,3.1387,12.0
1753769391091,06:09:51.091,bybit,XRP/USDT:USDT,3.1385,3322.0,3.1384,18468.0,3.1386,6108.0,3.1387,12.0
1753769391191,06:09:51.191,bybit,XRP/USDT:USDT,3.1385,2946.0,3.1384,14777.0,3.1386,6068.0,3.1387,12.0
1753769391291,06:09:51.291,bybit,XRP/USDT:USDT,3.1385,3542.0,3.1384,8758.0,3.1386,6068.0,3.1387,12.0
1753769391391,06:09:51.391,bybit,XRP/USDT:USDT,3.1385,2861.0,3.1384,9227.0,3.1386,6068.0,3.1387,12.0
1753769391490,06:09:51.490,bybit,XRP/USDT:USDT,3.1385,53.0,3.1384,26.0,3.1386,8349.0,3.1387,481.0
1753769391591,06:09:51.591,bybit,XRP/USDT:USDT,3.1385,49.0,3.1384,4.0,3.1386,11349.0,3.1387,4470.0
1753769391691,06:09:51.691,bybit,XRP/USDT:USDT,3.1385,49.0,3.1384,4.0,3.1386,11481.0,3.1387,10995.0
1753769391793,06:09:51.793,bybit,XRP/USDT:USDT,3.1385,49.0,3.1384,4.0,3.1386,11416.0,3.1387,10995.0
1753769391891,06:09:51.891,bybit,XRP/USDT:USDT,3.1385,49.0,3.1384,4.0,3.1386,11517.0,3.1387,10995.0
1753769391991,06:09:51.991,bybit,XRP/USDT:USDT,3.1385,49.0,3.1384,4.0,3.1386,8517.0,3.1387,10995.0
1753769392091,06:09:52.091,bybit,XRP/USDT:USDT,3.1385,49.0,3.1384,4.0,3.1386,8518.0,3.1387,10995.0
1753769392191,06:09:52.191,bybit,XRP/USDT:USDT,3.1385,190.0,3.1384,4.0,3.1386,8517.0,3.1387,10995.0
1753769392291,06:09:52.291,bybit,XRP/USDT:USDT,3.1385,193.0,3.1384,4.0,3.1386,8517.0,3.1387,10995.0
1753769392391,06:09:52.391,bybit,XRP/USDT:USDT,3.1385,193.0,3.1384,4.0,3.1386,11217.0,3.1387,10979.0
1753769392492,06:09:52.492,bybit,XRP/USDT:USDT,3.1385,193.0,3.1384,4.0,3.1386,8517.0,3.1387,11009.0
1753769392591,06:09:52.591,bybit,XRP/USDT:USDT,3.1385,193.0,3.1384,4.0,3.1386,8518.0,3.1387,11009.0
1753769392691,06:09:52.691,bybit,XRP/USDT:USDT,3.1385,193.0,3.1384,4.0,3.1386,8518.0,3.1387,8025.0
1753769392891,06:09:52.891,bybit,XRP/USDT:USDT,3.1385,193.0,3.1384,4.0,3.1386,8517.0,3.1387,8009.0
1753769392992,06:09:52.992,bybit,XRP/USDT:USDT,3.1382,5.0,3.1381,43.0,3.1383,31594.0,3.1384,25336.0
1753769393092,06:09:53.092,bybit,XRP/USDT:USDT,3.1381,42.0,3.138,2496.0,3.1382,25545.0,3.1383,59896.0
1753769393191,06:09:53.191,bybit,XRP/USDT:USDT,3.1381,56.0,3.138,2493.0,3.1382,28491.0,3.1383,63330.0
1753769393291,06:09:53.291,bybit,XRP/USDT:USDT,3.1378,755.0,3.1377,645.0,3.1379,22125.0,3.138,58159.0
1753769393391,06:09:53.391,bybit,XRP/USDT:USDT,3.1378,135.0,3.1377,9.0,3.1379,22125.0,3.138,58575.0
1753769393492,06:09:53.492,bybit,XRP/USDT:USDT,3.1378,19.0,3.1377,6.0,3.1379,27325.0,3.138,56658.0
1753769393591,06:09:53.591,bybit,XRP/USDT:USDT,3.1378,19.0,3.1377,6.0,3.1379,39779.0,3.138,44160.0
1753769393691,06:09:53.691,bybit,XRP/USDT:USDT,3.1378,19.0,3.1377,6.0,3.1379,39779.0,3.138,44160.0
1753769393791,06:09:53.791,bybit,XRP/USDT:USDT,3.1378,19.0,3.1377,6.0,3.1379,39779.0,3.138,44160.0
1753769393892,06:09:53.892,bybit,XRP/USDT:USDT,3.1378,19.0,3.1377,6.0,3.1379,39365.0,3.138,43746.0
1753769393991,06:09:53.991,bybit,XRP/USDT:USDT,3.1378,19.0,3.1377,2.0,3.1379,36365.0,3.138,43317.0
1753769394091,06:09:54.091,bybit,XRP/USDT:USDT,3.1378,19.0,3.1377,2.0,3.1379,39365.0,3.138,43333.0
1753769394191,06:09:54.191,bybit,XRP/USDT:USDT,3.1378,19.0,3.1377,2.0,3.1379,39778.0,3.138,43746.0
1753769394291,06:09:54.291,bybit,XRP/USDT:USDT,3.1378,19.0,3.1377,2.0,3.1379,39778.0,3.138,43746.0
1753769394391,06:09:54.391,bybit,XRP/USDT:USDT,3.1375,2305.0,3.1374,3439.0,3.1379,39809.0,3.138,43746.0
1753769394491,06:09:54.491,bybit,XRP/USDT:USDT,3.1375,4738.0,3.1374,2462.0,3.1376,7303.0,3.1377,2.0
1753769394593,06:09:54.593,bybit,XRP/USDT:USDT,3.1377,11745.0,3.1376,30794.0,3.1378,2.0,3.1379,14261.0
1753769394692,06:09:54.692,bybit,XRP/USDT:USDT,3.1378,15704.0,3.1377,1653.0,3.1379,14414.0,3.138,26432.0
1753769394791,06:09:54.791,bybit,XRP/USDT:USDT,3.1378,13985.0,3.1377,1653.0,3.1379,14255.0,3.138,10019.0
1753769394891,06:09:54.891,bybit,XRP/USDT:USDT,3.1378,13985.0,3.1377,1653.0,3.1379,14255.0,3.138,10019.0
1753769394991,06:09:54.991,bybit,XRP/USDT:USDT,3.1378,13985.0,3.1377,1653.0,3.1379,14255.0,3.138,10019.0
1753769395091,06:09:55.091,bybit,XRP/USDT:USDT,3.1378,13985.0,3.1377,1653.0,3.1379,14255.0,3.138,10019.0
1753769395191,06:09:55.191,bybit,XRP/USDT:USDT,3.1378,14462.0,3.1377,1653.0,3.1379,14255.0,3.138,10019.0
1753769395291,06:09:55.291,bybit,XRP/USDT:USDT,3.1378,14462.0,3.1377,1653.0,3.1379,14255.0,3.138,7189.0
1753769395391,06:09:55.391,bybit,XRP/USDT:USDT,3.1378,14462.0,3.1377,1653.0,3.1379,14255.0,3.138,7189.0
1753769395492,06:09:55.492,bybit,XRP/USDT:USDT,3.1378,14462.0,3.1377,1653.0,3.1379,14255.0,3.138,7189.0
1753769395591,06:09:55.591,bybit,XRP/USDT:USDT,3.1378,14462.0,3.1377,1653.0,3.1379,14255.0,3.138,7189.0
1753769395692,06:09:55.692,bybit,XRP/USDT:USDT,3.1378,13985.0,3.1377,1653.0,3.1379,14255.0,3.138,7189.0
1753769395791,06:09:55.791,bybit,XRP/USDT:USDT,3.1378,13985.0,3.1377,1653.0,3.1379,14312.0,3.138,7189.0
1753769395892,06:09:55.892,bybit,XRP/USDT:USDT,3.1378,14462.0,3.1377,1653.0,3.1379,14312.0,3.138,7189.0
1753769395991,06:09:55.991,bybit,XRP/USDT:USDT,3.1378,14462.0,3.1377,1653.0,3.1379,14312.0,3.138,7189.0
1753769396091,06:09:56.091,bybit,XRP/USDT:USDT,3.1378,14462.0,3.1377,1653.0,3.1379,14312.0,3.138,7607.0
1753769396191,06:09:56.191,bybit,XRP/USDT:USDT,3.1378,11983.0,3.1377,1653.0,3.1379,15067.0,3.138,7607.0
1753769396292,06:09:56.292,bybit,XRP/USDT:USDT,3.1378,11983.0,3.1377,1653.0,3.1379,15067.0,3.138,7607.0
