timestamp,time,exchange,symbol,bid1_price,bid1_volume,bid2_price,bid2_volume,ask1_price,ask1_volume,ask2_price,ask2_volume
1753769301880,06:08:21.880,bitget,XRP/USDT:USDT,3.1389,390.0,3.1388,6733.0,3.139,26411.0,3.1391,65546.0
1753769302031,06:08:22.031,bitget,XRP/USDT:USDT,3.1389,390.0,3.1388,6733.0,3.139,26411.0,3.1391,65546.0
1753769302482,06:08:22.482,bitget,XRP/USDT:USDT,3.1386,1015.0,3.1385,910.0,3.1387,89759.0,3.1388,13877.0
1753769302637,06:08:22.637,bitget,XRP/USDT:USDT,3.1386,310.0,3.1385,910.0,3.1387,90949.0,3.1388,13577.0
1753769302790,06:08:22.790,bitget,XRP/USDT:USDT,3.1386,1033.0,3.1385,910.0,3.1387,90926.0,3.1388,13577.0
1753769303552,06:08:23.552,bitget,XRP/USDT:USDT,3.1386,292.0,3.1385,110.0,3.1387,98959.0,3.1388,53776.0
1753769303853,06:08:23.853,bitget,XRP/USDT:USDT,3.1386,3072.0,3.1385,110.0,3.1387,39157.0,3.1388,41424.0
1753769304006,06:08:24.006,bitget,XRP/USDT:USDT,3.1386,3078.0,3.1385,110.0,3.1387,39665.0,3.1388,41424.0
1753769304158,06:08:24.158,bitget,XRP/USDT:USDT,3.1386,3078.0,3.1385,110.0,3.1387,39665.0,3.1388,41424.0
1753769304312,06:08:24.312,bitget,XRP/USDT:USDT,3.1386,3078.0,3.1385,110.0,3.1387,39665.0,3.1388,41424.0
1753769304620,06:08:24.620,bitget,XRP/USDT:USDT,3.1386,2227.0,3.1385,110.0,3.1387,66197.0,3.1388,41424.0
1753769304771,06:08:24.771,bitget,XRP/USDT:USDT,3.1386,2227.0,3.1385,110.0,3.1387,49338.0,3.1388,37676.0
1753769305527,06:08:25.527,bitget,XRP/USDT:USDT,3.1386,1767.0,3.1385,110.0,3.1387,69946.0,3.1388,37676.0
1753769305677,06:08:25.677,bitget,XRP/USDT:USDT,3.1387,67966.0,3.1386,101082.0,3.139,152.0,3.1391,12110.0
1753769305829,06:08:25.829,bitget,XRP/USDT:USDT,3.1393,79774.0,3.1392,6700.0,3.1394,8276.0,3.1395,8305.0
1753769306132,06:08:26.132,bitget,XRP/USDT:USDT,3.1394,80391.0,3.1393,64664.0,3.1395,890.0,3.1396,1541.0
1753769306283,06:08:26.283,bitget,XRP/USDT:USDT,3.1394,49311.0,3.1393,64664.0,3.1395,890.0,3.1398,20602.0
1753769306437,06:08:26.437,bitget,XRP/USDT:USDT,3.1394,49305.0,3.1393,69570.0,3.1395,896.0,3.1397,5424.0
1753769306590,06:08:26.590,bitget,XRP/USDT:USDT,3.1394,49305.0,3.1393,69570.0,3.1395,206.0,3.1397,5424.0
1753769306741,06:08:26.741,bitget,XRP/USDT:USDT,3.1394,58859.0,3.1393,69570.0,3.1395,206.0,3.1396,3473.0
1753769306890,06:08:26.890,bitget,XRP/USDT:USDT,3.1394,58859.0,3.1393,69570.0,3.1395,206.0,3.1396,2206.0
1753769307040,06:08:27.040,bitget,XRP/USDT:USDT,3.1394,58859.0,3.1393,69570.0,3.1395,206.0,3.1396,4281.0
1753769307801,06:08:27.801,bitget,XRP/USDT:USDT,3.1394,59627.0,3.1393,61027.0,3.1395,200.0,3.1397,1199.0
1753769308105,06:08:28.105,bitget,XRP/USDT:USDT,3.1398,11082.0,3.1397,3822.0,3.1399,11562.0,3.14,31148.0
1753769308258,06:08:28.258,bitget,XRP/USDT:USDT,3.1398,4465.0,3.1397,5573.0,3.1399,13138.0,3.14,39630.0
1753769308412,06:08:28.412,bitget,XRP/USDT:USDT,3.1398,4292.0,3.1397,13184.0,3.1399,13138.0,3.14,39630.0
1753769308562,06:08:28.562,bitget,XRP/USDT:USDT,3.1398,1826.0,3.1397,2548.0,3.1399,24203.0,3.14,39630.0
1753769309020,06:08:29.020,bitget,XRP/USDT:USDT,3.1398,1475.0,3.1395,5859.0,3.1399,76144.0,3.14,39947.0
1753769309626,06:08:29.626,bitget,XRP/USDT:USDT,3.1398,16420.0,3.1396,7800.0,3.1399,6491.0,3.14,39630.0
1753769309780,06:08:29.780,bitget,XRP/USDT:USDT,3.1398,10080.0,3.1397,2340.0,3.1399,4983.0,3.14,39630.0
1753769309933,06:08:29.933,bitget,XRP/USDT:USDT,3.1398,10080.0,3.1397,2340.0,3.1399,9891.0,3.14,39630.0
1753769310088,06:08:30.088,bitget,XRP/USDT:USDT,3.1398,4310.0,3.1397,2340.0,3.1399,9174.0,3.14,39630.0
1753769310851,06:08:30.851,bitget,XRP/USDT:USDT,3.1398,44238.0,3.1397,4914.0,3.1399,14108.0,3.14,39630.0
1753769311451,06:08:31.451,bitget,XRP/USDT:USDT,3.1398,44238.0,3.1397,1280.0,3.1399,11720.0,3.14,42018.0
1753769311602,06:08:31.602,bitget,XRP/USDT:USDT,3.1398,44238.0,3.1397,1280.0,3.1399,11720.0,3.14,33536.0
1753769311752,06:08:31.752,bitget,XRP/USDT:USDT,3.1398,44238.0,3.1397,1280.0,3.1399,11720.0,3.14,33536.0
1753769311902,06:08:31.902,bitget,XRP/USDT:USDT,3.1398,44238.0,3.1397,2707.0,3.1399,11720.0,3.14,32099.0
1753769312202,06:08:32.202,bitget,XRP/USDT:USDT,3.1398,43441.0,3.1397,2707.0,3.1399,15433.0,3.14,33491.0
1753769312351,06:08:32.351,bitget,XRP/USDT:USDT,3.1398,42586.0,3.1397,2707.0,3.1399,15249.0,3.14,33675.0
1753769312502,06:08:32.502,bitget,XRP/USDT:USDT,3.1398,42586.0,3.1397,2707.0,3.1399,15249.0,3.14,33675.0
1753769312652,06:08:32.652,bitget,XRP/USDT:USDT,3.1398,42586.0,3.1397,2707.0,3.1399,14359.0,3.14,33446.0
1753769313252,06:08:33.252,bitget,XRP/USDT:USDT,3.1398,42586.0,3.1397,2707.0,3.1399,14359.0,3.14,33446.0
1753769313403,06:08:33.403,bitget,XRP/USDT:USDT,3.1398,42586.0,3.1397,2707.0,3.1399,14359.0,3.14,33446.0
1753769313553,06:08:33.553,bitget,XRP/USDT:USDT,3.1398,42586.0,3.1397,2707.0,3.1399,16104.0,3.14,33446.0
1753769313703,06:08:33.703,bitget,XRP/USDT:USDT,3.1398,42586.0,3.1397,2707.0,3.1399,15249.0,3.14,33446.0
1753769314003,06:08:34.003,bitget,XRP/USDT:USDT,3.1398,42838.0,3.1397,2959.0,3.1399,15249.0,3.14,33021.0
1753769314153,06:08:34.153,bitget,XRP/USDT:USDT,3.1398,42838.0,3.1397,2959.0,3.1399,13974.0,3.14,31629.0
1753769314303,06:08:34.303,bitget,XRP/USDT:USDT,3.1398,42838.0,3.1397,2959.0,3.1399,13974.0,3.14,31629.0
1753769314603,06:08:34.603,bitget,XRP/USDT:USDT,3.1398,42838.0,3.1397,2959.0,3.1399,13974.0,3.14,31629.0
1753769314904,06:08:34.904,bitget,XRP/USDT:USDT,3.1398,42838.0,3.1397,2959.0,3.1399,13636.0,3.14,31629.0
1753769315054,06:08:35.054,bitget,XRP/USDT:USDT,3.1398,42838.0,3.1397,2959.0,3.1399,13636.0,3.14,31629.0
1753769315203,06:08:35.203,bitget,XRP/USDT:USDT,3.1398,42844.0,3.1397,2959.0,3.1399,9412.0,3.14,31604.0
1753769315354,06:08:35.354,bitget,XRP/USDT:USDT,3.1398,42838.0,3.1397,2959.0,3.1399,9418.0,3.14,31604.0
1753769315504,06:08:35.504,bitget,XRP/USDT:USDT,3.1398,42838.0,3.1397,2959.0,3.1399,2921.0,3.14,31604.0
1753769315654,06:08:35.654,bitget,XRP/USDT:USDT,3.1399,23667.0,3.1398,52397.0,3.1401,229.0,3.1402,11293.0
1753769315804,06:08:35.804,bitget,XRP/USDT:USDT,3.14,75389.0,3.1399,28547.0,3.1401,4585.0,3.1402,11293.0
1753769315954,06:08:35.954,bitget,XRP/USDT:USDT,3.14,53345.0,3.1399,33478.0,3.1401,6631.0,3.1402,11293.0
1753769316104,06:08:36.104,bitget,XRP/USDT:USDT,3.14,45545.0,3.1399,27921.0,3.1401,8856.0,3.1402,11293.0
1753769316404,06:08:36.404,bitget,XRP/USDT:USDT,3.14,45551.0,3.1399,28014.0,3.1401,8621.0,3.1402,11293.0
1753769316554,06:08:36.554,bitget,XRP/USDT:USDT,3.14,45545.0,3.1399,26074.0,3.1401,2827.0,3.1404,15939.0
1753769316704,06:08:36.704,bitget,XRP/USDT:USDT,3.14,55098.0,3.1399,15551.0,3.1401,2921.0,3.1403,1342.0
1753769317004,06:08:37.004,bitget,XRP/USDT:USDT,3.14,55098.0,3.1399,14581.0,3.1401,2231.0,3.1403,1872.0
1753769317154,06:08:37.154,bitget,XRP/USDT:USDT,3.14,55098.0,3.1399,12548.0,3.1401,2231.0,3.1403,1872.0
1753769317305,06:08:37.305,bitget,XRP/USDT:USDT,3.14,55098.0,3.1399,11578.0,3.1401,2231.0,3.1403,1872.0
1753769317454,06:08:37.454,bitget,XRP/USDT:USDT,3.14,55098.0,3.1399,11578.0,3.1401,2231.0,3.1403,1872.0
1753769317605,06:08:37.605,bitget,XRP/USDT:USDT,3.14,55098.0,3.1399,11578.0,3.1401,2231.0,3.1403,360.0
1753769317755,06:08:37.755,bitget,XRP/USDT:USDT,3.14,55098.0,3.1399,12378.0,3.1401,2921.0,3.1403,1559.0
1753769317905,06:08:37.905,bitget,XRP/USDT:USDT,3.14,55098.0,3.1399,12378.0,3.1401,2921.0,3.1403,1559.0
1753769318055,06:08:38.055,bitget,XRP/USDT:USDT,3.14,55098.0,3.1399,12378.0,3.1401,2921.0,3.1403,1559.0
1753769318205,06:08:38.205,bitget,XRP/USDT:USDT,3.14,55098.0,3.1399,20797.0,3.1401,6.0,3.1403,360.0
1753769318355,06:08:38.355,bitget,XRP/USDT:USDT,3.14,55098.0,3.1399,20797.0,3.1401,6.0,3.1403,360.0
1753769318506,06:08:38.506,bitget,XRP/USDT:USDT,3.14,55098.0,3.1399,20797.0,3.1401,6.0,3.1403,360.0
1753769318656,06:08:38.656,bitget,XRP/USDT:USDT,3.14,55098.0,3.1399,20797.0,3.1401,6.0,3.1404,11465.0
1753769318805,06:08:38.805,bitget,XRP/USDT:USDT,3.1403,8099.0,3.1402,4850.0,3.1404,11465.0,3.1405,36873.0
1753769318956,06:08:38.956,bitget,XRP/USDT:USDT,3.1403,14525.0,3.1401,24842.0,3.1404,17147.0,3.1405,37061.0
1753769319106,06:08:39.106,bitget,XRP/USDT:USDT,3.1403,14525.0,3.1402,15502.0,3.1404,17147.0,3.1405,37061.0
1753769319256,06:08:39.256,bitget,XRP/USDT:USDT,3.1403,8737.0,3.1402,6900.0,3.1404,12110.0,3.1405,37061.0
1753769319406,06:08:39.406,bitget,XRP/USDT:USDT,3.1403,8737.0,3.1402,6900.0,3.1404,12110.0,3.1405,37061.0
1753769319706,06:08:39.706,bitget,XRP/USDT:USDT,3.1403,8737.0,3.1402,6900.0,3.1404,11878.0,3.1405,37061.0
1753769320006,06:08:40.006,bitget,XRP/USDT:USDT,3.1403,8743.0,3.1402,4901.0,3.1404,12062.0,3.1405,37061.0
1753769320307,06:08:40.307,bitget,XRP/USDT:USDT,3.1403,8743.0,3.1402,6814.0,3.1404,6377.0,3.1405,417.0
1753769320606,06:08:40.606,bitget,XRP/USDT:USDT,3.1404,62737.0,3.1403,23240.0,3.1405,174.0,3.1406,200.0
1753769320907,06:08:40.907,bitget,XRP/USDT:USDT,3.1404,53043.0,3.1403,28322.0,3.1405,174.0,3.1406,200.0
1753769321207,06:08:41.207,bitget,XRP/USDT:USDT,3.1404,58289.0,3.1403,28322.0,3.1405,174.0,3.1406,200.0
1753769321357,06:08:41.357,bitget,XRP/USDT:USDT,3.1404,56349.0,3.1403,28322.0,3.1405,174.0,3.1406,200.0
1753769321507,06:08:41.507,bitget,XRP/USDT:USDT,3.1404,52463.0,3.1403,56182.0,3.1405,174.0,3.1406,200.0
1753769321657,06:08:41.657,bitget,XRP/USDT:USDT,3.1404,52496.0,3.1403,56182.0,3.1405,174.0,3.1406,200.0
1753769321807,06:08:41.807,bitget,XRP/USDT:USDT,3.1404,51526.0,3.1403,44782.0,3.1405,174.0,3.1406,200.0
1753769322108,06:08:42.108,bitget,XRP/USDT:USDT,3.1404,43726.0,3.1403,9122.0,3.1405,3089.0,3.1406,200.0
1753769322258,06:08:42.258,bitget,XRP/USDT:USDT,3.1404,43726.0,3.1403,11265.0,3.1405,3089.0,3.1406,200.0
1753769322708,06:08:42.708,bitget,XRP/USDT:USDT,3.1404,42246.0,3.1403,17962.0,3.1405,3089.0,3.1406,200.0
1753769323008,06:08:43.008,bitget,XRP/USDT:USDT,3.1404,42246.0,3.1403,17962.0,3.1405,2399.0,3.1406,200.0
1753769323158,06:08:43.158,bitget,XRP/USDT:USDT,3.1404,42246.0,3.1403,17962.0,3.1405,2399.0,3.1406,200.0
1753769323308,06:08:43.308,bitget,XRP/USDT:USDT,3.1404,42246.0,3.1403,17962.0,3.1405,2399.0,3.1406,200.0
1753769323458,06:08:43.458,bitget,XRP/USDT:USDT,3.1404,42246.0,3.1403,17962.0,3.1405,2399.0,3.1406,200.0
1753769323609,06:08:43.609,bitget,XRP/USDT:USDT,3.1407,8818.0,3.1406,4542.0,3.1408,8479.0,3.1409,30541.0
1753769323909,06:08:43.909,bitget,XRP/USDT:USDT,3.1405,33983.0,3.1404,5290.0,3.1406,22165.0,3.1407,22161.0
1753769324058,06:08:44.058,bitget,XRP/USDT:USDT,3.1405,5413.0,3.1404,1838.0,3.1406,22159.0,3.1407,22161.0
1753769324209,06:08:44.209,bitget,XRP/USDT:USDT,3.1405,2330.0,3.1404,9333.0,3.1406,40119.0,3.1407,13195.0
1753769324359,06:08:44.359,bitget,XRP/USDT:USDT,3.1405,2330.0,3.1404,9333.0,3.1406,52861.0,3.1407,13195.0
1753769324509,06:08:44.509,bitget,XRP/USDT:USDT,3.1405,2330.0,3.1404,27.0,3.1406,52861.0,3.1407,13195.0
1753769324659,06:08:44.659,bitget,XRP/USDT:USDT,3.1405,2330.0,3.1404,27.0,3.1406,52861.0,3.1407,13195.0
1753769324809,06:08:44.809,bitget,XRP/USDT:USDT,3.1405,2330.0,3.1404,27.0,3.1406,52861.0,3.1407,13195.0
1753769324959,06:08:44.959,bitget,XRP/USDT:USDT,3.1405,2330.0,3.1404,27.0,3.1406,52861.0,3.1407,13195.0
1753769325109,06:08:45.109,bitget,XRP/USDT:USDT,3.1405,2330.0,3.1404,27.0,3.1406,52424.0,3.1407,13195.0
1753769325259,06:08:45.259,bitget,XRP/USDT:USDT,3.1405,2330.0,3.1404,27.0,3.1406,74205.0,3.1407,13195.0
1753769325410,06:08:45.410,bitget,XRP/USDT:USDT,3.1405,2330.0,3.1404,27.0,3.1406,81082.0,3.1407,13195.0
1753769325559,06:08:45.559,bitget,XRP/USDT:USDT,3.1405,1607.0,3.1404,27.0,3.1406,81082.0,3.1407,13195.0
1753769325710,06:08:45.710,bitget,XRP/USDT:USDT,3.1405,1132.0,3.1404,27.0,3.1406,81082.0,3.1407,12878.0
1753769325860,06:08:45.860,bitget,XRP/USDT:USDT,3.1405,3357.0,3.1404,4927.0,3.1406,79482.0,3.1407,12878.0
1753769326160,06:08:46.160,bitget,XRP/USDT:USDT,3.1405,4080.0,3.1404,4927.0,3.1406,79249.0,3.1407,12878.0
1753769326310,06:08:46.310,bitget,XRP/USDT:USDT,3.1405,4080.0,3.1404,4927.0,3.1406,79249.0,3.1407,12878.0
1753769326610,06:08:46.610,bitget,XRP/USDT:USDT,3.1405,5392.0,3.1404,17031.0,3.1406,40092.0,3.1407,12878.0
1753769326760,06:08:46.760,bitget,XRP/USDT:USDT,3.1405,5392.0,3.1404,17031.0,3.1406,59964.0,3.1407,12878.0
1753769326910,06:08:46.910,bitget,XRP/USDT:USDT,3.1405,5687.0,3.1404,17031.0,3.1406,59964.0,3.1407,12878.0
1753769327061,06:08:47.061,bitget,XRP/USDT:USDT,3.1405,5687.0,3.1404,17031.0,3.1406,59964.0,3.1407,12878.0
1753769327211,06:08:47.211,bitget,XRP/USDT:USDT,3.1405,5687.0,3.1404,17031.0,3.1406,59964.0,3.1407,12878.0
1753769327361,06:08:47.361,bitget,XRP/USDT:USDT,3.1405,5687.0,3.1404,17031.0,3.1406,59964.0,3.1407,12878.0
1753769327511,06:08:47.511,bitget,XRP/USDT:USDT,3.1405,5687.0,3.1404,17031.0,3.1406,59964.0,3.1407,12878.0
1753769327661,06:08:47.661,bitget,XRP/USDT:USDT,3.1405,5687.0,3.1404,17031.0,3.1406,59964.0,3.1407,12878.0
1753769327811,06:08:47.811,bitget,XRP/USDT:USDT,3.1405,4835.0,3.1404,14131.0,3.1406,78341.0,3.1407,12878.0
1753769327961,06:08:47.961,bitget,XRP/USDT:USDT,3.1405,4835.0,3.1404,14131.0,3.1406,77950.0,3.1407,12878.0
1753769328111,06:08:48.111,bitget,XRP/USDT:USDT,3.1405,5687.0,3.1404,14131.0,3.1406,77950.0,3.1407,12878.0
1753769328261,06:08:48.261,bitget,XRP/USDT:USDT,3.1405,5687.0,3.1404,14131.0,3.1406,74500.0,3.1407,12878.0
1753769328561,06:08:48.561,bitget,XRP/USDT:USDT,3.1405,5687.0,3.1404,14131.0,3.1406,59964.0,3.1407,12878.0
1753769329011,06:08:49.011,bitget,XRP/USDT:USDT,3.1405,6484.0,3.1404,14131.0,3.1406,59964.0,3.1407,12878.0
1753769329162,06:08:49.162,bitget,XRP/USDT:USDT,3.1405,5687.0,3.1404,14131.0,3.1406,59964.0,3.1407,12878.0
1753769329312,06:08:49.312,bitget,XRP/USDT:USDT,3.1405,5687.0,3.1404,14131.0,3.1406,59964.0,3.1407,12878.0
1753769329461,06:08:49.461,bitget,XRP/USDT:USDT,3.1405,13487.0,3.1404,14131.0,3.1406,74730.0,3.1407,12878.0
1753769329762,06:08:49.762,bitget,XRP/USDT:USDT,3.1405,5687.0,3.1404,9231.0,3.1406,74730.0,3.1407,12878.0
1753769330062,06:08:50.062,bitget,XRP/USDT:USDT,3.1405,4835.0,3.1404,9231.0,3.1406,69095.0,3.1407,12878.0
1753769330362,06:08:50.362,bitget,XRP/USDT:USDT,3.1405,4835.0,3.1404,4134.0,3.1406,78180.0,3.1407,12878.0
1753769330513,06:08:50.513,bitget,XRP/USDT:USDT,3.1405,4835.0,3.1404,10899.0,3.1406,78180.0,3.1407,12878.0
1753769330663,06:08:50.663,bitget,XRP/USDT:USDT,3.1405,4835.0,3.1404,10899.0,3.1406,78180.0,3.1407,12878.0
1753769330963,06:08:50.963,bitget,XRP/USDT:USDT,3.1405,4835.0,3.1404,10899.0,3.1406,78180.0,3.1407,12878.0
1753769331413,06:08:51.413,bitget,XRP/USDT:USDT,3.1405,2150.0,3.1404,27.0,3.1406,79147.0,3.1407,12878.0
1753769331563,06:08:51.563,bitget,XRP/USDT:USDT,3.1405,2150.0,3.1404,27.0,3.1406,79870.0,3.1407,12878.0
1753769331713,06:08:51.713,bitget,XRP/USDT:USDT,3.1405,2150.0,3.1404,27.0,3.1406,79858.0,3.1407,12878.0
1753769331864,06:08:51.864,bitget,XRP/USDT:USDT,3.1405,2150.0,3.1404,27.0,3.1406,79858.0,3.1407,12878.0
1753769332013,06:08:52.013,bitget,XRP/USDT:USDT,3.1405,2150.0,3.1404,27.0,3.1406,79858.0,3.1407,12878.0
1753769332164,06:08:52.164,bitget,XRP/USDT:USDT,3.1405,2150.0,3.1404,27.0,3.1406,79858.0,3.1407,12878.0
1753769332314,06:08:52.314,bitget,XRP/USDT:USDT,3.1405,4375.0,3.1404,4727.0,3.1406,79858.0,3.1407,12878.0
1753769332464,06:08:52.464,bitget,XRP/USDT:USDT,3.1405,4375.0,3.1404,4727.0,3.1406,79858.0,3.1407,12878.0
1753769332614,06:08:52.614,bitget,XRP/USDT:USDT,3.1405,4375.0,3.1404,27.0,3.1406,79858.0,3.1407,12878.0
1753769332763,06:08:52.763,bitget,XRP/USDT:USDT,3.1405,2150.0,3.1404,27.0,3.1406,79604.0,3.1407,12878.0
1753769332914,06:08:52.914,bitget,XRP/USDT:USDT,3.1405,2150.0,3.1404,27.0,3.1406,79604.0,3.1407,12878.0
1753769333064,06:08:53.064,bitget,XRP/USDT:USDT,3.1405,1346.0,3.1404,27.0,3.1406,80181.0,3.1407,13195.0
1753769333214,06:08:53.214,bitget,XRP/USDT:USDT,3.1405,623.0,3.1404,27.0,3.1406,80181.0,3.1407,13195.0
1753769333364,06:08:53.364,bitget,XRP/USDT:USDT,3.1405,2878.0,3.1404,27.0,3.1406,80175.0,3.1407,19890.0
1753769333514,06:08:53.514,bitget,XRP/USDT:USDT,3.1405,295.0,3.1404,27.0,3.1406,81773.0,3.1407,26131.0
1753769333664,06:08:53.664,bitget,XRP/USDT:USDT,3.1405,295.0,3.1404,27.0,3.1406,84315.0,3.1407,57171.0
1753769333814,06:08:53.814,bitget,XRP/USDT:USDT,3.1405,295.0,3.1404,27.0,3.1406,91040.0,3.1407,69398.0
1753769333965,06:08:53.965,bitget,XRP/USDT:USDT,3.1404,27.0,3.1399,31.0,3.1405,31471.0,3.1406,113378.0
1753769334115,06:08:54.115,bitget,XRP/USDT:USDT,3.1399,2257.0,3.1396,16658.0,3.14,23790.0,3.1401,6958.0
1753769334264,06:08:54.264,bitget,XRP/USDT:USDT,3.1395,1127.0,3.1394,12863.0,3.1396,12117.0,3.1397,23449.0
1753769334415,06:08:54.415,bitget,XRP/USDT:USDT,3.1395,7957.0,3.1394,949.0,3.1396,27890.0,3.1397,24875.0
1753769334564,06:08:54.564,bitget,XRP/USDT:USDT,3.1395,1472.0,3.1394,8.0,3.1396,28673.0,3.1397,15897.0
1753769334715,06:08:54.715,bitget,XRP/USDT:USDT,3.1395,1472.0,3.1394,8.0,3.1396,18238.0,3.1397,25722.0
1753769334864,06:08:54.864,bitget,XRP/USDT:USDT,3.1393,3731.0,3.1392,16248.0,3.1394,17500.0,3.1395,15198.0
1753769335015,06:08:55.015,bitget,XRP/USDT:USDT,3.1393,3731.0,3.1392,16248.0,3.1394,20261.0,3.1395,10023.0
1753769335165,06:08:55.165,bitget,XRP/USDT:USDT,3.1393,4454.0,3.1392,16248.0,3.1394,7098.0,3.1395,10023.0
1753769335315,06:08:55.315,bitget,XRP/USDT:USDT,3.1393,3618.0,3.1392,19157.0,3.1394,7934.0,3.1395,10023.0
1753769335465,06:08:55.465,bitget,XRP/USDT:USDT,3.1393,3618.0,3.1392,19157.0,3.1394,7934.0,3.1395,10023.0
1753769335616,06:08:55.616,bitget,XRP/USDT:USDT,3.1393,4454.0,3.1392,18845.0,3.1394,7934.0,3.1395,6992.0
1753769335766,06:08:55.766,bitget,XRP/USDT:USDT,3.1393,5251.0,3.1392,18845.0,3.1394,7098.0,3.1395,6992.0
1753769335915,06:08:55.915,bitget,XRP/USDT:USDT,3.1393,4454.0,3.1392,22653.0,3.1394,7501.0,3.1395,2998.0
1753769336066,06:08:56.066,bitget,XRP/USDT:USDT,3.1393,4454.0,3.1392,22653.0,3.1394,7236.0,3.1395,2998.0
1753769336216,06:08:56.216,bitget,XRP/USDT:USDT,3.1393,4454.0,3.1392,22653.0,3.1394,7236.0,3.1395,2998.0
1753769336366,06:08:56.366,bitget,XRP/USDT:USDT,3.1393,12254.0,3.1392,22653.0,3.1394,7236.0,3.1395,2998.0
1753769336516,06:08:56.516,bitget,XRP/USDT:USDT,3.1393,12254.0,3.1392,22653.0,3.1394,7236.0,3.1395,6143.0
1753769336666,06:08:56.666,bitget,XRP/USDT:USDT,3.1393,12254.0,3.1392,22653.0,3.1394,6982.0,3.1395,6143.0
1753769336816,06:08:56.816,bitget,XRP/USDT:USDT,3.139,248.0,3.1389,800.0,3.1392,220.0,3.1393,14082.0
1753769337116,06:08:57.116,bitget,XRP/USDT:USDT,3.1388,2398.0,3.1387,1048.0,3.1389,29353.0,3.139,28215.0
1753769337266,06:08:57.266,bitget,XRP/USDT:USDT,3.1388,3731.0,3.1387,1048.0,3.1389,28246.0,3.139,27737.0
1753769337417,06:08:57.417,bitget,XRP/USDT:USDT,3.1388,5251.0,3.1387,14004.0,3.1389,18828.0,3.139,27737.0
1753769337567,06:08:57.567,bitget,XRP/USDT:USDT,3.1388,5251.0,3.1387,14004.0,3.1389,18828.0,3.139,27737.0
1753769337717,06:08:57.717,bitget,XRP/USDT:USDT,3.1388,1914.0,3.1387,8848.0,3.1389,29284.0,3.139,26863.0
1753769337867,06:08:57.867,bitget,XRP/USDT:USDT,3.1388,755.0,3.1387,248.0,3.1389,31824.0,3.139,26863.0
1753769338017,06:08:58.017,bitget,XRP/USDT:USDT,3.1388,761.0,3.1387,248.0,3.1389,31818.0,3.139,26863.0
1753769338167,06:08:58.167,bitget,XRP/USDT:USDT,3.1388,761.0,3.1387,248.0,3.1389,31776.0,3.139,26863.0
1753769338317,06:08:58.317,bitget,XRP/USDT:USDT,3.1388,1597.0,3.1387,248.0,3.1389,31053.0,3.139,26863.0
1753769338467,06:08:58.467,bitget,XRP/USDT:USDT,3.1388,1969.0,3.1387,248.0,3.1389,31053.0,3.139,26863.0
1753769338617,06:08:58.617,bitget,XRP/USDT:USDT,3.1388,15013.0,3.1387,503.0,3.1389,1219.0,3.139,26711.0
1753769338767,06:08:58.767,bitget,XRP/USDT:USDT,3.139,6247.0,3.1389,30993.0,3.1391,195.0,3.1392,5210.0
1753769338918,06:08:58.918,bitget,XRP/USDT:USDT,3.1392,64801.0,3.1391,8790.0,3.1393,29673.0,3.1394,13902.0
1753769339068,06:08:59.068,bitget,XRP/USDT:USDT,3.1392,50361.0,3.1391,12103.0,3.1393,29679.0,3.1394,7872.0
1753769339217,06:08:59.217,bitget,XRP/USDT:USDT,3.1392,46583.0,3.1391,5695.0,3.1393,22715.0,3.1394,7872.0
1753769339367,06:08:59.367,bitget,XRP/USDT:USDT,3.1392,57282.0,3.1391,5695.0,3.1393,22697.0,3.1394,7872.0
1753769339518,06:08:59.518,bitget,XRP/USDT:USDT,3.1393,31907.0,3.1392,75414.0,3.1394,690.0,3.1396,40572.0
1753769339668,06:08:59.668,bitget,XRP/USDT:USDT,3.1393,42686.0,3.1392,74691.0,3.1394,690.0,3.1396,40572.0
1753769339818,06:08:59.818,bitget,XRP/USDT:USDT,3.1393,42692.0,3.1392,74679.0,3.1394,4914.0,3.1395,6193.0
1753769339968,06:08:59.968,bitget,XRP/USDT:USDT,3.1393,53623.0,3.1392,74679.0,3.1394,6.0,3.1396,29658.0
1753769340118,06:09:00.118,bitget,XRP/USDT:USDT,3.1393,53623.0,3.1392,74679.0,3.1394,6.0,3.1395,1405.0
1753769340268,06:09:00.268,bitget,XRP/USDT:USDT,3.1393,53251.0,3.1392,66604.0,3.1394,5942.0,3.1395,5189.0
1753769340418,06:09:00.418,bitget,XRP/USDT:USDT,3.1393,29614.0,3.1392,7379.0,3.1394,8313.0,3.1395,5189.0
1753769340568,06:09:00.568,bitget,XRP/USDT:USDT,3.1393,20895.0,3.1392,1735.0,3.1394,7477.0,3.1395,5189.0
1753769340718,06:09:00.718,bitget,XRP/USDT:USDT,3.1393,21355.0,3.1392,4435.0,3.1394,7212.0,3.1395,5189.0
1753769340868,06:09:00.868,bitget,XRP/USDT:USDT,3.1393,21323.0,3.1392,4435.0,3.1394,7212.0,3.1395,10057.0
1753769341019,06:09:01.019,bitget,XRP/USDT:USDT,3.1393,20863.0,3.1392,8126.0,3.1394,9018.0,3.1395,10057.0
1753769341169,06:09:01.169,bitget,XRP/USDT:USDT,3.1393,20059.0,3.1392,8126.0,3.1394,9589.0,3.1395,10057.0
1753769341319,06:09:01.319,bitget,XRP/USDT:USDT,3.1393,20895.0,3.1392,1260.0,3.1394,7735.0,3.1395,10057.0
1753769341469,06:09:01.469,bitget,XRP/USDT:USDT,3.1393,11008.0,3.1392,1260.0,3.1394,10783.0,3.1395,10057.0
1753769341619,06:09:01.619,bitget,XRP/USDT:USDT,3.1393,11008.0,3.1392,1260.0,3.1394,10783.0,3.1395,10057.0
1753769341769,06:09:01.769,bitget,XRP/USDT:USDT,3.1393,11720.0,3.1392,1512.0,3.1394,7802.0,3.1395,10057.0
1753769341919,06:09:01.919,bitget,XRP/USDT:USDT,3.1393,11720.0,3.1392,1512.0,3.1394,3059.0,3.1395,10057.0
1753769342219,06:09:02.219,bitget,XRP/USDT:USDT,3.1393,19520.0,3.1392,1512.0,3.1394,144.0,3.1395,10057.0
1753769342369,06:09:02.369,bitget,XRP/USDT:USDT,3.1393,29075.0,3.1392,1512.0,3.1394,3059.0,3.1395,10057.0
1753769342519,06:09:02.519,bitget,XRP/USDT:USDT,3.1393,20191.0,3.1392,4634.0,3.1394,7212.0,3.1395,10057.0
1753769342669,06:09:02.669,bitget,XRP/USDT:USDT,3.1393,9800.0,3.1392,1608.0,3.1394,16629.0,3.1395,10057.0
1753769342820,06:09:02.820,bitget,XRP/USDT:USDT,3.1393,3251.0,3.1391,248.0,3.1394,16760.0,3.1395,10377.0
1753769342970,06:09:02.970,bitget,XRP/USDT:USDT,3.1393,3219.0,3.1391,596.0,3.1394,17430.0,3.1395,10377.0
1753769343120,06:09:03.120,bitget,XRP/USDT:USDT,3.1393,400.0,3.1391,248.0,3.1394,17430.0,3.1395,10377.0
1753769343270,06:09:03.270,bitget,XRP/USDT:USDT,3.1393,400.0,3.1388,460.0,3.1394,17430.0,3.1395,25359.0
1753769343420,06:09:03.420,bitget,XRP/USDT:USDT,3.1387,29263.0,3.1386,800.0,3.1388,13607.0,3.1389,55767.0
1753769343570,06:09:03.570,bitget,XRP/USDT:USDT,3.1386,800.0,3.1385,52481.0,3.1387,4139.0,3.1388,36600.0
1753769343720,06:09:03.720,bitget,XRP/USDT:USDT,3.1385,54322.0,3.1384,44592.0,3.1386,24903.0,3.1387,37430.0
1753769343870,06:09:03.870,bitget,XRP/USDT:USDT,3.1385,54322.0,3.1384,9939.0,3.1386,24751.0,3.1387,15110.0
1753769344020,06:09:04.020,bitget,XRP/USDT:USDT,3.1385,55057.0,3.1384,9939.0,3.1386,2039.0,3.1387,13946.0
1753769344170,06:09:04.170,bitget,XRP/USDT:USDT,3.1385,55057.0,3.1384,12560.0,3.1386,6336.0,3.1387,13946.0
1753769344321,06:09:04.321,bitget,XRP/USDT:USDT,3.1385,55051.0,3.1384,9139.0,3.1386,4211.0,3.1388,152.0
1753769344471,06:09:04.471,bitget,XRP/USDT:USDT,3.1385,55051.0,3.1384,9139.0,3.1386,4211.0,3.1388,152.0
1753769344620,06:09:04.620,bitget,XRP/USDT:USDT,3.1385,38671.0,3.1384,9139.0,3.1386,4211.0,3.1388,152.0
1753769344771,06:09:04.771,bitget,XRP/USDT:USDT,3.1385,38671.0,3.1384,9139.0,3.1386,4211.0,3.1388,152.0
1753769344921,06:09:04.921,bitget,XRP/USDT:USDT,3.1385,38671.0,3.1384,20485.0,3.1386,6204.0,3.1388,152.0
1753769345071,06:09:05.071,bitget,XRP/USDT:USDT,3.1385,38671.0,3.1384,17810.0,3.1386,544.0,3.1388,152.0
1753769345221,06:09:05.221,bitget,XRP/USDT:USDT,3.1385,38671.0,3.1384,18610.0,3.1386,1096.0,3.1389,8591.0
1753769345371,06:09:05.371,bitget,XRP/USDT:USDT,3.1385,48228.0,3.1384,17326.0,3.1386,406.0,3.1389,7392.0
1753769345521,06:09:05.521,bitget,XRP/USDT:USDT,3.1385,48228.0,3.1384,17326.0,3.1386,406.0,3.1389,7392.0
1753769345671,06:09:05.671,bitget,XRP/USDT:USDT,3.1385,46008.0,3.1384,17326.0,3.1386,1096.0,3.1389,8591.0
1753769345822,06:09:05.822,bitget,XRP/USDT:USDT,3.1385,46008.0,3.1384,17326.0,3.1386,1096.0,3.1389,8591.0
1753769345972,06:09:05.972,bitget,XRP/USDT:USDT,3.1385,46008.0,3.1384,17326.0,3.1386,1096.0,3.1389,8591.0
1753769346122,06:09:06.122,bitget,XRP/USDT:USDT,3.1385,46008.0,3.1384,17326.0,3.1386,1096.0,3.1389,8591.0
1753769346272,06:09:06.272,bitget,XRP/USDT:USDT,3.1385,46008.0,3.1384,17326.0,3.1386,1096.0,3.1389,8591.0
1753769346422,06:09:06.422,bitget,XRP/USDT:USDT,3.1388,43245.0,3.1387,152.0,3.1389,12013.0,3.139,35286.0
1753769346572,06:09:06.572,bitget,XRP/USDT:USDT,3.1388,43724.0,3.1387,2635.0,3.1389,14466.0,3.139,29866.0
1753769346722,06:09:06.722,bitget,XRP/USDT:USDT,3.1388,28212.0,3.1387,4637.0,3.1389,17638.0,3.139,29027.0
1753769346872,06:09:06.872,bitget,XRP/USDT:USDT,3.1388,24651.0,3.1387,4637.0,3.1389,17309.0,3.139,29027.0
1753769347022,06:09:07.022,bitget,XRP/USDT:USDT,3.1388,24651.0,3.1387,4637.0,3.1389,13997.0,3.139,29027.0
1753769347172,06:09:07.172,bitget,XRP/USDT:USDT,3.1388,24651.0,3.1387,4637.0,3.1389,10203.0,3.139,29027.0
1753769347322,06:09:07.322,bitget,XRP/USDT:USDT,3.1388,24651.0,3.1387,4637.0,3.1389,11484.0,3.139,29027.0
1753769347472,06:09:07.472,bitget,XRP/USDT:USDT,3.1388,24651.0,3.1387,4637.0,3.1389,11484.0,3.139,29027.0
1753769347623,06:09:07.623,bitget,XRP/USDT:USDT,3.1388,24651.0,3.1387,500.0,3.1389,11230.0,3.139,29027.0
1753769347773,06:09:07.773,bitget,XRP/USDT:USDT,3.1388,24651.0,3.1387,500.0,3.1389,11213.0,3.139,29027.0
1753769347923,06:09:07.923,bitget,XRP/USDT:USDT,3.1388,22680.0,3.1387,500.0,3.1389,13115.0,3.139,29027.0
1753769348673,06:09:08.673,bitget,XRP/USDT:USDT,3.1388,22680.0,3.1387,392.0,3.1389,13115.0,3.139,37270.0
1753769348823,06:09:08.823,bitget,XRP/USDT:USDT,3.1388,22680.0,3.1387,392.0,3.1389,13115.0,3.139,37270.0
1753769348973,06:09:08.973,bitget,XRP/USDT:USDT,3.1388,22680.0,3.1387,500.0,3.1389,13115.0,3.139,37270.0
1753769349123,06:09:09.123,bitget,XRP/USDT:USDT,3.1388,22680.0,3.1387,500.0,3.1389,12861.0,3.139,37270.0
1753769349273,06:09:09.273,bitget,XRP/USDT:USDT,3.1388,22680.0,3.1387,500.0,3.1389,12861.0,3.139,37270.0
1753769349424,06:09:09.424,bitget,XRP/USDT:USDT,3.1388,22680.0,3.1387,500.0,3.1389,12861.0,3.139,37270.0
1753769349574,06:09:09.574,bitget,XRP/USDT:USDT,3.1388,22680.0,3.1387,500.0,3.1389,12861.0,3.139,37270.0
1753769349724,06:09:09.724,bitget,XRP/USDT:USDT,3.1388,22680.0,3.1387,500.0,3.1389,13584.0,3.139,37270.0
1753769349874,06:09:09.874,bitget,XRP/USDT:USDT,3.1388,22680.0,3.1387,500.0,3.1389,13838.0,3.139,37270.0
1753769350023,06:09:10.023,bitget,XRP/USDT:USDT,3.1388,21841.0,3.1387,500.0,3.1389,14677.0,3.139,37270.0
1753769350173,06:09:10.173,bitget,XRP/USDT:USDT,3.1388,22680.0,3.1387,500.0,3.1389,13584.0,3.139,37270.0
1753769350324,06:09:10.324,bitget,XRP/USDT:USDT,3.1388,22680.0,3.1387,500.0,3.1389,13115.0,3.139,37270.0
1753769350474,06:09:10.474,bitget,XRP/USDT:USDT,3.1388,22680.0,3.1387,500.0,3.1389,13115.0,3.139,37270.0
1753769350624,06:09:10.624,bitget,XRP/USDT:USDT,3.1388,22680.0,3.1387,500.0,3.1389,13115.0,3.139,37270.0
1753769350924,06:09:10.924,bitget,XRP/USDT:USDT,3.1388,22680.0,3.1387,500.0,3.1389,12861.0,3.139,37270.0
1753769351074,06:09:11.074,bitget,XRP/USDT:USDT,3.1388,22680.0,3.1387,500.0,3.1389,11175.0,3.139,37270.0
1753769351225,06:09:11.225,bitget,XRP/USDT:USDT,3.1389,16365.0,3.1388,22938.0,3.1393,1199.0,3.1394,34022.0
1753769351374,06:09:11.374,bitget,XRP/USDT:USDT,3.1393,8874.0,3.1392,89595.0,3.1394,29389.0,3.1395,465.0
1753769351524,06:09:11.524,bitget,XRP/USDT:USDT,3.1393,50861.0,3.1392,91616.0,3.1394,626.0,3.1395,26418.0
1753769351675,06:09:11.675,bitget,XRP/USDT:USDT,3.1395,4880.0,3.1394,22583.0,3.1396,3493.0,3.1397,26278.0
1753769351825,06:09:11.825,bitget,XRP/USDT:USDT,3.1395,41330.0,3.1394,61273.0,3.1396,7612.0,3.1397,26375.0
1753769351975,06:09:11.975,bitget,XRP/USDT:USDT,3.1395,41324.0,3.1394,38048.0,3.1396,7618.0,3.1397,26375.0
1753769352125,06:09:12.125,bitget,XRP/USDT:USDT,3.1395,30624.0,3.1394,38048.0,3.1396,7618.0,3.1397,26375.0
1753769352275,06:09:12.275,bitget,XRP/USDT:USDT,3.1395,30624.0,3.1394,46662.0,3.1396,7618.0,3.1397,27977.0
1753769352425,06:09:12.425,bitget,XRP/USDT:USDT,3.1395,30624.0,3.1394,46632.0,3.1396,9611.0,3.1397,27977.0
1753769352575,06:09:12.575,bitget,XRP/USDT:USDT,3.1395,30618.0,3.1394,47432.0,3.1396,626.0,3.1397,24735.0
1753769352725,06:09:12.725,bitget,XRP/USDT:USDT,3.1397,76584.0,3.1396,55394.0,3.1398,626.0,3.14,18777.0
1753769352875,06:09:12.875,bitget,XRP/USDT:USDT,3.14,1940.0,3.1399,14630.0,3.1402,20129.0,3.1403,8050.0
1753769353026,06:09:13.026,bitget,XRP/USDT:USDT,3.1401,95531.0,3.14,10167.0,3.1402,24671.0,3.1403,12566.0
1753769353176,06:09:13.176,bitget,XRP/USDT:USDT,3.1401,95537.0,3.14,23247.0,3.1402,25297.0,3.1403,20956.0
1753769353326,06:09:13.326,bitget,XRP/USDT:USDT,3.1401,94740.0,3.14,23247.0,3.1402,27917.0,3.1403,16593.0
1753769353476,06:09:13.476,bitget,XRP/USDT:USDT,3.1401,72177.0,3.14,23247.0,3.1402,27917.0,3.1403,16593.0
1753769353626,06:09:13.626,bitget,XRP/USDT:USDT,3.1401,13630.0,3.14,22992.0,3.1402,30775.0,3.1403,16593.0
1753769353776,06:09:13.776,bitget,XRP/USDT:USDT,3.1401,13170.0,3.14,22992.0,3.1402,43476.0,3.1403,18483.0
1753769353926,06:09:13.926,bitget,XRP/USDT:USDT,3.1401,10416.0,3.14,9447.0,3.1402,58485.0,3.1403,16593.0
1753769354226,06:09:14.226,bitget,XRP/USDT:USDT,3.1401,9577.0,3.14,9447.0,3.1402,58485.0,3.1403,16593.0
1753769354376,06:09:14.376,bitget,XRP/USDT:USDT,3.1401,9577.0,3.14,9447.0,3.1402,58485.0,3.1403,16593.0
1753769354526,06:09:14.526,bitget,XRP/USDT:USDT,3.1401,9577.0,3.14,9447.0,3.1402,58485.0,3.1403,16593.0
1753769354676,06:09:14.676,bitget,XRP/USDT:USDT,3.1401,10437.0,3.14,9447.0,3.1402,44731.0,3.1403,16593.0
1753769354827,06:09:14.827,bitget,XRP/USDT:USDT,3.1401,10897.0,3.14,9447.0,3.1402,26273.0,3.1403,16593.0
1753769354976,06:09:14.976,bitget,XRP/USDT:USDT,3.1401,30332.0,3.14,9447.0,3.1402,26273.0,3.1403,16593.0
1753769355277,06:09:15.277,bitget,XRP/USDT:USDT,3.1401,30332.0,3.14,9447.0,3.1402,23362.0,3.1403,16819.0
1753769355427,06:09:15.427,bitget,XRP/USDT:USDT,3.1401,30332.0,3.14,15056.0,3.1402,25587.0,3.1403,16819.0
1753769355577,06:09:15.577,bitget,XRP/USDT:USDT,3.1401,30332.0,3.14,15056.0,3.1402,25587.0,3.1403,16819.0
1753769355727,06:09:15.727,bitget,XRP/USDT:USDT,3.1401,30332.0,3.14,15056.0,3.1402,26047.0,3.1403,16819.0
1753769356178,06:09:16.178,bitget,XRP/USDT:USDT,3.1401,14669.0,3.14,15056.0,3.1402,26209.0,3.1403,16819.0
1753769356327,06:09:16.327,bitget,XRP/USDT:USDT,3.1401,14669.0,3.14,15056.0,3.1402,26209.0,3.1403,16819.0
1753769356478,06:09:16.478,bitget,XRP/USDT:USDT,3.1401,9205.0,3.14,460.0,3.1402,38362.0,3.1403,16819.0
1753769356628,06:09:16.628,bitget,XRP/USDT:USDT,3.1401,8304.0,3.14,460.0,3.1402,38362.0,3.1403,16819.0
1753769356927,06:09:16.927,bitget,XRP/USDT:USDT,3.1401,7932.0,3.14,460.0,3.1402,51863.0,3.1403,16819.0
1753769357078,06:09:17.078,bitget,XRP/USDT:USDT,3.1401,7932.0,3.14,460.0,3.1402,58740.0,3.1403,16819.0
1753769357228,06:09:17.228,bitget,XRP/USDT:USDT,3.1401,7932.0,3.14,460.0,3.1402,58740.0,3.1403,16819.0
1753769357378,06:09:17.378,bitget,XRP/USDT:USDT,3.1401,8304.0,3.14,460.0,3.1402,58740.0,3.1403,16819.0
1753769357528,06:09:17.528,bitget,XRP/USDT:USDT,3.1401,8304.0,3.14,460.0,3.1402,58740.0,3.1403,16819.0
1753769357679,06:09:17.679,bitget,XRP/USDT:USDT,3.1401,8304.0,3.14,460.0,3.1402,58740.0,3.1403,16819.0
1753769357828,06:09:17.828,bitget,XRP/USDT:USDT,3.1401,8304.0,3.14,460.0,3.1402,58740.0,3.1403,16819.0
1753769357978,06:09:17.978,bitget,XRP/USDT:USDT,3.1401,8304.0,3.14,460.0,3.1402,43159.0,3.1403,32128.0
1753769358129,06:09:18.129,bitget,XRP/USDT:USDT,3.1401,8304.0,3.14,460.0,3.1402,42997.0,3.1403,32400.0
1753769358279,06:09:18.279,bitget,XRP/USDT:USDT,3.1401,8304.0,3.14,460.0,3.1402,42997.0,3.1403,32400.0
1753769358429,06:09:18.429,bitget,XRP/USDT:USDT,3.1401,8304.0,3.14,460.0,3.1402,43720.0,3.1403,32400.0
1753769358579,06:09:18.579,bitget,XRP/USDT:USDT,3.1401,3893.0,3.1399,29956.0,3.1402,43974.0,3.1403,32317.0
1753769358728,06:09:18.728,bitget,XRP/USDT:USDT,3.1401,1415.0,3.1399,723.0,3.1402,70011.0,3.1403,34055.0
1753769359029,06:09:19.029,bitget,XRP/USDT:USDT,3.1401,698.0,3.1399,2900.0,3.1402,70005.0,3.1403,34055.0
1753769359179,06:09:19.179,bitget,XRP/USDT:USDT,3.1401,698.0,3.1399,2900.0,3.1402,70304.0,3.1403,34055.0
1753769359329,06:09:19.329,bitget,XRP/USDT:USDT,3.1401,698.0,3.1398,7264.0,3.1402,71246.0,3.1403,34055.0
1753769359479,06:09:19.479,bitget,XRP/USDT:USDT,3.1401,781.0,3.1398,7264.0,3.1402,70929.0,3.1403,32146.0
1753769359629,06:09:19.629,bitget,XRP/USDT:USDT,3.1401,781.0,3.1398,7625.0,3.1402,70538.0,3.1403,32146.0
1753769359779,06:09:19.779,bitget,XRP/USDT:USDT,3.1401,2013.0,3.1398,7625.0,3.1402,50160.0,3.1403,32146.0
1753769359929,06:09:19.929,bitget,XRP/USDT:USDT,3.1401,30717.0,3.14,252.0,3.1402,2858.0,3.1403,41228.0
1753769360230,06:09:20.230,bitget,XRP/USDT:USDT,3.1403,8307.0,3.1402,55130.0,3.1404,8760.0,3.1405,29059.0
1753769360379,06:09:20.379,bitget,XRP/USDT:USDT,3.1403,25997.0,3.1402,10091.0,3.1404,6442.0,3.1405,29059.0
1753769360530,06:09:20.530,bitget,XRP/USDT:USDT,3.1403,25997.0,3.1402,24070.0,3.1404,6442.0,3.1405,29059.0
1753769360680,06:09:20.680,bitget,XRP/USDT:USDT,3.1404,31924.0,3.1403,23543.0,3.1406,307.0,3.1407,29907.0
1753769360830,06:09:20.830,bitget,XRP/USDT:USDT,3.1406,578.0,3.1405,97778.0,3.1407,29882.0,3.1408,18210.0
1753769360980,06:09:20.980,bitget,XRP/USDT:USDT,3.1406,31990.0,3.1405,83094.0,3.1407,53.0,3.1408,5699.0
1753769361130,06:09:21.130,bitget,XRP/USDT:USDT,3.1406,31996.0,3.1405,92633.0,3.1407,2910.0,3.1408,11789.0
1753769361281,06:09:21.281,bitget,XRP/USDT:USDT,3.1406,27146.0,3.1405,92633.0,3.1407,2284.0,3.1408,11789.0
1753769361430,06:09:21.430,bitget,XRP/USDT:USDT,3.1406,27146.0,3.1405,92633.0,3.1407,2284.0,3.1408,11789.0
1753769361581,06:09:21.581,bitget,XRP/USDT:USDT,3.1406,27146.0,3.1405,92630.0,3.1407,2284.0,3.1408,11789.0
1753769361731,06:09:21.731,bitget,XRP/USDT:USDT,3.1406,27146.0,3.1405,92630.0,3.1407,2284.0,3.1408,11789.0
1753769362030,06:09:22.030,bitget,XRP/USDT:USDT,3.1406,19346.0,3.1405,84830.0,3.1407,8635.0,3.1408,11789.0
1753769362181,06:09:22.181,bitget,XRP/USDT:USDT,3.1406,6970.0,3.1405,75256.0,3.1407,9721.0,3.1408,11789.0
1753769362331,06:09:22.331,bitget,XRP/USDT:USDT,3.1406,6970.0,3.1405,62583.0,3.1407,8261.0,3.1408,11789.0
1753769362481,06:09:22.481,bitget,XRP/USDT:USDT,3.1406,7767.0,3.1405,62583.0,3.1407,7538.0,3.1408,11789.0
1753769362631,06:09:22.631,bitget,XRP/USDT:USDT,3.1406,7767.0,3.1405,62583.0,3.1407,7538.0,3.1408,11789.0
1753769362781,06:09:22.781,bitget,XRP/USDT:USDT,3.1406,7767.0,3.1405,62583.0,3.1407,7538.0,3.1408,11789.0
1753769362931,06:09:22.931,bitget,XRP/USDT:USDT,3.1406,7767.0,3.1405,62583.0,3.1407,7538.0,3.1408,11789.0
1753769363081,06:09:23.081,bitget,XRP/USDT:USDT,3.1406,7767.0,3.1405,62583.0,3.1407,7538.0,3.1408,11789.0
1753769363231,06:09:23.231,bitget,XRP/USDT:USDT,3.1406,8253.0,3.1405,62583.0,3.1407,7538.0,3.1408,11789.0
1753769363381,06:09:23.381,bitget,XRP/USDT:USDT,3.1406,8810.0,3.1405,62583.0,3.1407,7538.0,3.1408,11789.0
1753769363532,06:09:23.532,bitget,XRP/USDT:USDT,3.1406,9055.0,3.1405,62583.0,3.1407,7538.0,3.1408,11789.0
1753769363681,06:09:23.681,bitget,XRP/USDT:USDT,3.1406,9055.0,3.1405,62583.0,3.1407,7538.0,3.1408,11789.0
1753769363832,06:09:23.832,bitget,XRP/USDT:USDT,3.1406,9055.0,3.1405,50738.0,3.1407,7538.0,3.1408,11789.0
1753769363982,06:09:23.982,bitget,XRP/USDT:USDT,3.1406,8013.0,3.1405,41161.0,3.1407,7538.0,3.1408,11789.0
1753769364132,06:09:24.132,bitget,XRP/USDT:USDT,3.1406,8013.0,3.1405,41161.0,3.1407,7538.0,3.1408,11789.0
1753769364282,06:09:24.282,bitget,XRP/USDT:USDT,3.1406,8013.0,3.1405,41161.0,3.1407,7538.0,3.1408,11789.0
1753769364432,06:09:24.432,bitget,XRP/USDT:USDT,3.1406,8013.0,3.1405,41161.0,3.1407,7538.0,3.1408,11789.0
1753769364582,06:09:24.582,bitget,XRP/USDT:USDT,3.1406,8013.0,3.1405,41270.0,3.1407,7538.0,3.1408,11789.0
1753769364732,06:09:24.732,bitget,XRP/USDT:USDT,3.1406,6138.0,3.1405,13699.0,3.1407,23937.0,3.1408,11789.0
1753769364883,06:09:24.883,bitget,XRP/USDT:USDT,3.1406,4570.0,3.1405,12655.0,3.1407,35017.0,3.1408,11789.0
1753769365033,06:09:25.033,bitget,XRP/USDT:USDT,3.1406,4198.0,3.1405,12655.0,3.1407,31797.0,3.1408,11789.0
1753769365182,06:09:25.182,bitget,XRP/USDT:USDT,3.1406,3764.0,3.1405,12655.0,3.1407,32188.0,3.1408,11789.0
1753769365333,06:09:25.333,bitget,XRP/USDT:USDT,3.1406,1117.0,3.1405,6676.0,3.1407,36215.0,3.1408,12134.0
1753769365483,06:09:25.483,bitget,XRP/USDT:USDT,3.1406,1123.0,3.1405,6676.0,3.1407,36209.0,3.1408,12134.0
1753769365633,06:09:25.633,bitget,XRP/USDT:USDT,3.1406,1123.0,3.1405,6676.0,3.1407,36209.0,3.1408,12134.0
1753769365783,06:09:25.783,bitget,XRP/USDT:USDT,3.1406,394.0,3.1403,29654.0,3.1407,71244.0,3.1408,17819.0
1753769365933,06:09:25.933,bitget,XRP/USDT:USDT,3.1406,394.0,3.1403,29654.0,3.1407,71244.0,3.1408,20211.0
1753769366083,06:09:26.083,bitget,XRP/USDT:USDT,3.1406,400.0,3.1403,29654.0,3.1407,71238.0,3.1408,52224.0
1753769366233,06:09:26.233,bitget,XRP/USDT:USDT,3.1406,400.0,3.1403,29654.0,3.1407,71238.0,3.1408,43420.0
1753769366383,06:09:26.383,bitget,XRP/USDT:USDT,3.14,3263.0,3.1399,800.0,3.1401,52223.0,3.1402,865.0
1753769366533,06:09:26.533,bitget,XRP/USDT:USDT,3.14,2891.0,3.1399,29975.0,3.1401,62841.0,3.1402,6788.0
1753769366834,06:09:26.834,bitget,XRP/USDT:USDT,3.14,820.0,3.1399,800.0,3.1401,83492.0,3.1402,10583.0
1753769366983,06:09:26.983,bitget,XRP/USDT:USDT,3.14,2140.0,3.1399,8600.0,3.1401,83098.0,3.1402,10580.0
1753769367134,06:09:27.134,bitget,XRP/USDT:USDT,3.14,1998.0,3.1399,8600.0,3.1401,83098.0,3.1402,10580.0
1753769367284,06:09:27.284,bitget,XRP/USDT:USDT,3.14,1626.0,3.1399,800.0,3.1401,83489.0,3.1402,10580.0
1753769367434,06:09:27.434,bitget,XRP/USDT:USDT,3.14,682.0,3.1399,800.0,3.1401,83489.0,3.1402,10580.0
1753769367584,06:09:27.584,bitget,XRP/USDT:USDT,3.14,682.0,3.1399,800.0,3.1401,83489.0,3.1402,10580.0
1753769367884,06:09:27.884,bitget,XRP/USDT:USDT,3.14,1405.0,3.1399,800.0,3.1401,83489.0,3.1402,10580.0
1753769368034,06:09:28.034,bitget,XRP/USDT:USDT,3.14,1405.0,3.1399,800.0,3.1401,83489.0,3.1402,10580.0
1753769368184,06:09:28.184,bitget,XRP/USDT:USDT,3.1396,409.0,3.1394,11202.0,3.1399,7314.0,3.14,5068.0
1753769368335,06:09:28.335,bitget,XRP/USDT:USDT,3.1396,3917.0,3.1394,18857.0,3.1397,63579.0,3.1398,3337.0
1753769368484,06:09:28.484,bitget,XRP/USDT:USDT,3.1396,409.0,3.1394,29415.0,3.1397,86552.0,3.1398,41991.0
1753769368784,06:09:28.784,bitget,XRP/USDT:USDT,3.1396,5478.0,3.1394,29655.0,3.1397,69784.0,3.1398,41987.0
1753769368934,06:09:28.934,bitget,XRP/USDT:USDT,3.1396,5478.0,3.1394,29655.0,3.1397,75375.0,3.1398,41987.0
1753769369085,06:09:29.085,bitget,XRP/USDT:USDT,3.1396,5478.0,3.1394,29655.0,3.1397,75375.0,3.1398,41987.0
1753769369235,06:09:29.235,bitget,XRP/USDT:USDT,3.1396,5478.0,3.1394,29655.0,3.1397,78825.0,3.1398,41987.0
1753769369385,06:09:29.385,bitget,XRP/USDT:USDT,3.1396,6275.0,3.1394,29655.0,3.1397,60839.0,3.1398,33342.0
1753769369535,06:09:29.535,bitget,XRP/USDT:USDT,3.1396,5478.0,3.1394,33970.0,3.1397,75375.0,3.1398,38368.0
1753769369685,06:09:29.685,bitget,XRP/USDT:USDT,3.1396,5478.0,3.1394,33970.0,3.1397,75682.0,3.1398,33342.0
1753769369835,06:09:29.835,bitget,XRP/USDT:USDT,3.1396,5478.0,3.1394,31490.0,3.1397,75682.0,3.1398,33342.0
1753769369985,06:09:29.985,bitget,XRP/USDT:USDT,3.1396,5478.0,3.1394,31490.0,3.1397,75682.0,3.1398,33342.0
1753769370136,06:09:30.136,bitget,XRP/USDT:USDT,3.1396,5478.0,3.1394,2323.0,3.1397,75682.0,3.1398,33342.0
1753769370286,06:09:30.286,bitget,XRP/USDT:USDT,3.1396,5478.0,3.1394,10843.0,3.1397,75682.0,3.1398,33342.0
1753769370436,06:09:30.436,bitget,XRP/USDT:USDT,3.1396,5478.0,3.1394,10843.0,3.1397,78878.0,3.1398,33342.0
1753769370586,06:09:30.586,bitget,XRP/USDT:USDT,3.1396,5478.0,3.1394,10843.0,3.1397,79132.0,3.1398,33342.0
1753769370736,06:09:30.736,bitget,XRP/USDT:USDT,3.1396,5478.0,3.1394,10843.0,3.1397,79132.0,3.1398,33342.0
1753769370886,06:09:30.886,bitget,XRP/USDT:USDT,3.1396,2630.0,3.1394,248.0,3.1397,78878.0,3.1398,33342.0
1753769371036,06:09:31.036,bitget,XRP/USDT:USDT,3.1396,409.0,3.1392,29412.0,3.1397,88906.0,3.1398,34145.0
1753769371186,06:09:31.186,bitget,XRP/USDT:USDT,3.1396,409.0,3.1392,29412.0,3.1397,90495.0,3.1398,37629.0
1753769371336,06:09:31.336,bitget,XRP/USDT:USDT,3.1396,434.0,3.1393,361.0,3.1397,90489.0,3.1398,66788.0
1753769371486,06:09:31.486,bitget,XRP/USDT:USDT,3.1396,6.0,3.1392,248.0,3.1397,90489.0,3.1398,66788.0
1753769371636,06:09:31.636,bitget,XRP/USDT:USDT,3.1396,6.0,3.1392,248.0,3.1397,90489.0,3.1398,66788.0
1753769371787,06:09:31.787,bitget,XRP/USDT:USDT,3.1396,6.0,3.1392,248.0,3.1397,90492.0,3.1398,66791.0
1753769371937,06:09:31.937,bitget,XRP/USDT:USDT,3.1396,6.0,3.1392,7848.0,3.1397,90492.0,3.1398,66791.0
1753769372087,06:09:32.087,bitget,XRP/USDT:USDT,3.1391,1818.0,3.139,1069.0,3.1393,1674.0,3.1396,611.0
1753769372237,06:09:32.237,bitget,XRP/USDT:USDT,3.1391,409.0,3.139,248.0,3.1392,70988.0,3.1393,3985.0
1753769372387,06:09:32.387,bitget,XRP/USDT:USDT,3.1391,409.0,3.1387,30053.0,3.1392,73776.0,3.1393,18311.0
1753769372537,06:09:32.537,bitget,XRP/USDT:USDT,3.1391,409.0,3.1386,831.0,3.1392,73776.0,3.1393,64167.0
1753769372687,06:09:32.687,bitget,XRP/USDT:USDT,3.1391,415.0,3.1386,831.0,3.1392,73770.0,3.1393,66131.0
1753769372837,06:09:32.837,bitget,XRP/USDT:USDT,3.1391,6.0,3.1387,248.0,3.1392,73770.0,3.1393,68291.0
1753769372987,06:09:32.987,bitget,XRP/USDT:USDT,3.1391,6.0,3.1387,248.0,3.1392,104522.0,3.1393,68291.0
1753769373137,06:09:33.137,bitget,XRP/USDT:USDT,3.1391,6.0,3.1387,248.0,3.1392,104522.0,3.1393,68291.0
1753769373287,06:09:33.287,bitget,XRP/USDT:USDT,3.1391,6.0,3.1387,248.0,3.1392,104205.0,3.1393,45718.0
1753769373588,06:09:33.588,bitget,XRP/USDT:USDT,3.1391,6.0,3.1387,248.0,3.1392,104522.0,3.1393,45388.0
1753769373738,06:09:33.738,bitget,XRP/USDT:USDT,3.1391,6.0,3.1387,248.0,3.1392,104522.0,3.1393,45388.0
1753769373887,06:09:33.887,bitget,XRP/USDT:USDT,3.1391,6.0,3.1387,248.0,3.1392,104522.0,3.1393,45471.0
1753769374037,06:09:34.037,bitget,XRP/USDT:USDT,3.1391,6.0,3.1387,248.0,3.1392,104522.0,3.1393,45471.0
1753769374188,06:09:34.188,bitget,XRP/USDT:USDT,3.1391,6.0,3.1387,248.0,3.1392,104522.0,3.1393,45471.0
1753769374788,06:09:34.788,bitget,XRP/USDT:USDT,3.1387,1096.0,3.1385,657.0,3.1388,77599.0,3.1389,57612.0
1753769375089,06:09:35.089,bitget,XRP/USDT:USDT,3.1387,2191.0,3.1385,657.0,3.1388,76350.0,3.1389,57295.0
1753769375239,06:09:35.239,bitget,XRP/USDT:USDT,3.1387,2651.0,3.1385,657.0,3.1388,48520.0,3.1389,55703.0
1753769375389,06:09:35.389,bitget,XRP/USDT:USDT,3.1387,4645.0,3.1385,657.0,3.1388,48520.0,3.1389,55703.0
1753769375689,06:09:35.689,bitget,XRP/USDT:USDT,3.1387,4645.0,3.1385,3386.0,3.1388,32271.0,3.1389,44855.0
1753769375839,06:09:35.839,bitget,XRP/USDT:USDT,3.1387,12445.0,3.1385,3386.0,3.1388,14435.0,3.1389,44855.0
1753769375988,06:09:35.988,bitget,XRP/USDT:USDT,3.1387,4645.0,3.1385,3386.0,3.1388,17034.0,3.1389,15701.0
1753769376139,06:09:36.139,bitget,XRP/USDT:USDT,3.1387,4645.0,3.1385,3386.0,3.1388,14892.0,3.1389,22727.0
1753769376289,06:09:36.289,bitget,XRP/USDT:USDT,3.1387,4645.0,3.1385,3386.0,3.1388,14926.0,3.1389,22727.0
1753769376439,06:09:36.439,bitget,XRP/USDT:USDT,3.1387,4645.0,3.1385,3386.0,3.1388,14926.0,3.1389,22727.0
1753769376589,06:09:36.589,bitget,XRP/USDT:USDT,3.1387,4645.0,3.1385,3386.0,3.1388,14926.0,3.1389,22727.0
1753769376739,06:09:36.739,bitget,XRP/USDT:USDT,3.1387,4645.0,3.1385,3386.0,3.1388,14926.0,3.1389,22727.0
1753769376889,06:09:36.889,bitget,XRP/USDT:USDT,3.1387,4645.0,3.1385,3386.0,3.1388,14926.0,3.1389,22727.0
1753769377040,06:09:37.040,bitget,XRP/USDT:USDT,3.1387,4645.0,3.1385,3386.0,3.1388,14926.0,3.1389,22727.0
1753769377190,06:09:37.190,bitget,XRP/USDT:USDT,3.1387,4645.0,3.1385,3386.0,3.1388,14926.0,3.1389,22727.0
1753769377340,06:09:37.340,bitget,XRP/USDT:USDT,3.1387,4645.0,3.1385,3386.0,3.1388,14672.0,3.1389,22727.0
1753769377490,06:09:37.490,bitget,XRP/USDT:USDT,3.1387,3922.0,3.1385,657.0,3.1388,44204.0,3.1389,22727.0
1753769377640,06:09:37.640,bitget,XRP/USDT:USDT,3.1387,3922.0,3.1385,3386.0,3.1388,44204.0,3.1389,22727.0
1753769377790,06:09:37.790,bitget,XRP/USDT:USDT,3.1387,3922.0,3.1385,3386.0,3.1388,29668.0,3.1389,22727.0
1753769377940,06:09:37.940,bitget,XRP/USDT:USDT,3.1387,4645.0,3.1385,3386.0,3.1388,29922.0,3.1389,22727.0
1753769378090,06:09:38.090,bitget,XRP/USDT:USDT,3.1387,4645.0,3.1385,3386.0,3.1388,29922.0,3.1389,22727.0
1753769378240,06:09:38.240,bitget,XRP/USDT:USDT,3.1387,4645.0,3.1385,3386.0,3.1388,29922.0,3.1389,22727.0
1753769378390,06:09:38.390,bitget,XRP/USDT:USDT,3.1387,4645.0,3.1385,3386.0,3.1388,14949.0,3.1389,22727.0
1753769378540,06:09:38.540,bitget,XRP/USDT:USDT,3.1387,5442.0,3.1385,3386.0,3.1388,12470.0,3.1389,22727.0
1753769378690,06:09:38.690,bitget,XRP/USDT:USDT,3.1387,3316.0,3.1385,657.0,3.1388,44867.0,3.1389,22727.0
1753769378840,06:09:38.840,bitget,XRP/USDT:USDT,3.1387,2593.0,3.1385,657.0,3.1388,48317.0,3.1389,22727.0
1753769378991,06:09:38.991,bitget,XRP/USDT:USDT,3.1387,6.0,3.1385,657.0,3.1388,49329.0,3.1389,22727.0
1753769379140,06:09:39.140,bitget,XRP/USDT:USDT,3.1387,6.0,3.1385,657.0,3.1388,49329.0,3.1389,22727.0
1753769379291,06:09:39.291,bitget,XRP/USDT:USDT,3.1387,6.0,3.1385,657.0,3.1388,49329.0,3.1389,22727.0
1753769379440,06:09:39.440,bitget,XRP/USDT:USDT,3.1387,6.0,3.1385,657.0,3.1388,49329.0,3.1389,22727.0
1753769379591,06:09:39.591,bitget,XRP/USDT:USDT,3.1385,657.0,3.1383,800.0,3.1386,33395.0,3.1387,35265.0
1753769379741,06:09:39.741,bitget,XRP/USDT:USDT,3.1385,657.0,3.1383,800.0,3.1386,34850.0,3.1387,34787.0
1753769379891,06:09:39.891,bitget,XRP/USDT:USDT,3.1385,663.0,3.1383,8961.0,3.1386,34844.0,3.1387,34787.0
1753769380041,06:09:40.041,bitget,XRP/USDT:USDT,3.1385,2255.0,3.1383,8600.0,3.1386,34844.0,3.1387,34787.0
1753769380191,06:09:40.191,bitget,XRP/USDT:USDT,3.1385,2255.0,3.1383,8600.0,3.1386,33975.0,3.1387,34787.0
1753769380342,06:09:40.342,bitget,XRP/USDT:USDT,3.1385,1386.0,3.1383,8600.0,3.1386,39660.0,3.1387,34787.0
1753769380492,06:09:40.492,bitget,XRP/USDT:USDT,3.1385,1758.0,3.1383,8600.0,3.1386,39660.0,3.1387,34787.0
1753769380642,06:09:40.642,bitget,XRP/USDT:USDT,3.1385,1386.0,3.1383,8600.0,3.1386,39660.0,3.1387,34787.0
1753769380791,06:09:40.791,bitget,XRP/USDT:USDT,3.1385,1386.0,3.1383,8600.0,3.1386,39660.0,3.1387,34787.0
1753769380942,06:09:40.942,bitget,XRP/USDT:USDT,3.1385,5292.0,3.1383,8600.0,3.1386,35990.0,3.1387,34787.0
1753769381091,06:09:41.091,bitget,XRP/USDT:USDT,3.1385,6089.0,3.1383,8600.0,3.1386,36244.0,3.1387,63939.0
1753769381241,06:09:41.241,bitget,XRP/USDT:USDT,3.1385,6089.0,3.1383,8600.0,3.1386,36244.0,3.1387,51724.0
1753769381392,06:09:41.392,bitget,XRP/USDT:USDT,3.1385,6089.0,3.1383,8600.0,3.1386,36244.0,3.1387,22572.0
1753769381542,06:09:41.542,bitget,XRP/USDT:USDT,3.1385,16152.0,3.1384,10518.0,3.1386,1413.0,3.1389,1199.0
1753769381692,06:09:41.692,bitget,XRP/USDT:USDT,3.1385,31388.0,3.1384,10518.0,3.1386,696.0,3.1388,719.0
1753769381842,06:09:41.842,bitget,XRP/USDT:USDT,3.1385,34942.0,3.1384,10518.0,3.1386,6.0,3.1388,4321.0
1753769381993,06:09:41.993,bitget,XRP/USDT:USDT,3.1385,31339.0,3.1384,10515.0,3.1386,5494.0,3.1388,4321.0
1753769382443,06:09:42.443,bitget,XRP/USDT:USDT,3.1385,14963.0,3.1384,7841.0,3.1386,7089.0,3.1388,4321.0
1753769382593,06:09:42.593,bitget,XRP/USDT:USDT,3.1385,14963.0,3.1384,10890.0,3.1386,7549.0,3.1388,4321.0
1753769382743,06:09:42.743,bitget,XRP/USDT:USDT,3.1385,14963.0,3.1384,10890.0,3.1386,7770.0,3.1388,2641.0
1753769382893,06:09:42.893,bitget,XRP/USDT:USDT,3.1385,14963.0,3.1384,10890.0,3.1386,7549.0,3.1388,2641.0
1753769383043,06:09:43.043,bitget,XRP/USDT:USDT,3.1385,14963.0,3.1384,10890.0,3.1386,7549.0,3.1388,2641.0
1753769383193,06:09:43.193,bitget,XRP/USDT:USDT,3.1385,14963.0,3.1384,10890.0,3.1386,7549.0,3.1388,2641.0
1753769383343,06:09:43.343,bitget,XRP/USDT:USDT,3.1385,14963.0,3.1384,10890.0,3.1386,7549.0,3.1388,2641.0
1753769383493,06:09:43.493,bitget,XRP/USDT:USDT,3.1384,1449.0,3.1382,16818.0,3.1385,19665.0,3.1386,1356.0
1753769383643,06:09:43.643,bitget,XRP/USDT:USDT,3.1384,2246.0,3.1383,146.0,3.1385,31216.0,3.1386,466.0
1753769383793,06:09:43.793,bitget,XRP/USDT:USDT,3.1384,7769.0,3.1383,146.0,3.1385,28720.0,3.1386,466.0
1753769383944,06:09:43.944,bitget,XRP/USDT:USDT,3.1384,7769.0,3.1383,146.0,3.1385,16177.0,3.1386,466.0
1753769384094,06:09:44.094,bitget,XRP/USDT:USDT,3.1384,7769.0,3.1383,146.0,3.1385,4683.0,3.1386,466.0
1753769384244,06:09:44.244,bitget,XRP/USDT:USDT,3.1384,10425.0,3.1383,146.0,3.1385,1568.0,3.1386,6.0
1753769384393,06:09:44.393,bitget,XRP/USDT:USDT,3.1384,10870.0,3.1383,146.0,3.1385,1090.0,3.1388,2686.0
1753769384544,06:09:44.544,bitget,XRP/USDT:USDT,3.1384,20421.0,3.1383,41062.0,3.1385,406.0,3.1388,2686.0
1753769384694,06:09:44.694,bitget,XRP/USDT:USDT,3.1384,26637.0,3.1383,33222.0,3.1385,406.0,3.1388,2686.0
1753769384844,06:09:44.844,bitget,XRP/USDT:USDT,3.1384,53857.0,3.1383,28024.0,3.1385,6.0,3.1389,3264.0
1753769384994,06:09:44.994,bitget,XRP/USDT:USDT,3.1384,53857.0,3.1383,28024.0,3.1385,6.0,3.1389,2065.0
1753769385144,06:09:45.144,bitget,XRP/USDT:USDT,3.1384,53857.0,3.1383,28024.0,3.1385,6.0,3.139,30115.0
1753769385294,06:09:45.294,bitget,XRP/USDT:USDT,3.1384,53857.0,3.1383,57179.0,3.1385,6.0,3.139,28916.0
1753769385444,06:09:45.444,bitget,XRP/USDT:USDT,3.1384,53857.0,3.1383,57179.0,3.1385,6.0,3.139,30115.0
1753769385745,06:09:45.745,bitget,XRP/USDT:USDT,3.1384,53857.0,3.1383,57179.0,3.1385,6.0,3.139,30115.0
1753769385894,06:09:45.894,bitget,XRP/USDT:USDT,3.1384,53857.0,3.1383,57179.0,3.1385,6.0,3.139,5685.0
1753769386044,06:09:46.044,bitget,XRP/USDT:USDT,3.1384,53857.0,3.1383,57179.0,3.1385,6.0,3.139,6884.0
1753769386194,06:09:46.194,bitget,XRP/USDT:USDT,3.1384,50857.0,3.1383,57179.0,3.1385,6.0,3.139,12282.0
1753769386344,06:09:46.344,bitget,XRP/USDT:USDT,3.1384,26637.0,3.1383,40919.0,3.1385,696.0,3.139,37175.0
1753769386495,06:09:46.495,bitget,XRP/USDT:USDT,3.1384,21837.0,3.1383,40919.0,3.1385,4914.0,3.1388,1199.0
1753769386645,06:09:46.645,bitget,XRP/USDT:USDT,3.1384,21040.0,3.1383,40919.0,3.1385,8627.0,3.1387,360.0
1753769386795,06:09:46.795,bitget,XRP/USDT:USDT,3.1384,11483.0,3.1383,40919.0,3.1385,8167.0,3.1387,360.0
1753769386945,06:09:46.945,bitget,XRP/USDT:USDT,3.1384,12693.0,3.1383,41171.0,3.1385,8167.0,3.1387,360.0
1753769387095,06:09:47.095,bitget,XRP/USDT:USDT,3.1384,12693.0,3.1383,41171.0,3.1385,8167.0,3.1387,360.0
1753769387246,06:09:47.246,bitget,XRP/USDT:USDT,3.1384,12378.0,3.1383,41171.0,3.1385,8167.0,3.1387,1559.0
1753769387396,06:09:47.396,bitget,XRP/USDT:USDT,3.1384,12378.0,3.1383,41171.0,3.1385,8167.0,3.1386,719.0
1753769387545,06:09:47.545,bitget,XRP/USDT:USDT,3.1384,11257.0,3.1383,40919.0,3.1385,41586.0,3.1386,719.0
1753769387696,06:09:47.696,bitget,XRP/USDT:USDT,3.1384,20948.0,3.1383,40919.0,3.1385,53084.0,3.1386,719.0
1753769387845,06:09:47.845,bitget,XRP/USDT:USDT,3.1384,20979.0,3.1383,40919.0,3.1385,29691.0,3.1386,360.0
1753769387995,06:09:47.995,bitget,XRP/USDT:USDT,3.1384,12228.0,3.1383,41171.0,3.1385,6.0,3.139,39838.0
1753769388146,06:09:48.146,bitget,XRP/USDT:USDT,3.1384,20827.0,3.1383,69049.0,3.1385,6.0,3.139,37073.0
1753769388296,06:09:48.296,bitget,XRP/USDT:USDT,3.1389,21503.0,3.1388,1144.0,3.139,12330.0,3.1391,29937.0
1753769388446,06:09:48.446,bitget,XRP/USDT:USDT,3.1389,15973.0,3.1388,2275.0,3.139,15552.0,3.1391,29937.0
1753769388596,06:09:48.596,bitget,XRP/USDT:USDT,3.1389,13063.0,3.1388,3880.0,3.139,14054.0,3.1391,29937.0
1753769388746,06:09:48.746,bitget,XRP/USDT:USDT,3.1389,14048.0,3.1388,2900.0,3.139,4171.0,3.1391,29937.0
1753769388896,06:09:48.896,bitget,XRP/USDT:USDT,3.1389,14760.0,3.1388,2900.0,3.139,11166.0,3.1391,29937.0
1753769389047,06:09:49.047,bitget,XRP/USDT:USDT,3.1389,14760.0,3.1388,2900.0,3.139,11166.0,3.1391,29937.0
1753769389196,06:09:49.196,bitget,XRP/USDT:USDT,3.1389,14042.0,3.1388,2900.0,3.139,9944.0,3.1391,29937.0
1753769389347,06:09:49.347,bitget,XRP/USDT:USDT,3.1389,14042.0,3.1388,1691.0,3.139,9944.0,3.1391,29937.0
1753769389647,06:09:49.647,bitget,XRP/USDT:USDT,3.1389,14042.0,3.1388,1691.0,3.139,10198.0,3.1391,29937.0
1753769389797,06:09:49.797,bitget,XRP/USDT:USDT,3.139,21599.0,3.1389,14048.0,3.1392,3790.0,3.1393,30882.0
1753769389947,06:09:49.947,bitget,XRP/USDT:USDT,3.1393,1940.0,3.1392,13905.0,3.1394,5685.0,3.1395,28296.0
1753769390097,06:09:50.097,bitget,XRP/USDT:USDT,3.1393,40158.0,3.1392,42923.0,3.1394,8167.0,3.1395,28880.0
1753769390247,06:09:50.247,bitget,XRP/USDT:USDT,3.1393,31538.0,3.1392,30140.0,3.1394,8627.0,3.1395,38929.0
1753769390397,06:09:50.397,bitget,XRP/USDT:USDT,3.1393,23990.0,3.1392,29888.0,3.1394,13937.0,3.1395,38929.0
1753769390547,06:09:50.547,bitget,XRP/USDT:USDT,3.1393,23990.0,3.1392,29888.0,3.1394,13937.0,3.1395,38929.0
1753769390697,06:09:50.697,bitget,XRP/USDT:USDT,3.1393,24450.0,3.1392,29888.0,3.1394,12223.0,3.1395,38929.0
1753769390847,06:09:50.847,bitget,XRP/USDT:USDT,3.1393,24450.0,3.1392,28918.0,3.1394,12223.0,3.1395,38929.0
1753769390997,06:09:50.997,bitget,XRP/USDT:USDT,3.1393,24450.0,3.1392,18804.0,3.1394,12223.0,3.1395,38929.0
1753769391148,06:09:51.148,bitget,XRP/USDT:USDT,3.1393,18680.0,3.1392,18804.0,3.1394,12223.0,3.1395,38929.0
1753769391298,06:09:51.298,bitget,XRP/USDT:USDT,3.1393,18680.0,3.1392,18804.0,3.1394,12223.0,3.1395,38929.0
1753769391448,06:09:51.448,bitget,XRP/USDT:USDT,3.1393,18680.0,3.1392,18804.0,3.1394,12223.0,3.1395,38929.0
1753769391599,06:09:51.599,bitget,XRP/USDT:USDT,3.1393,3140.0,3.1392,12610.0,3.1394,13813.0,3.1395,38929.0
1753769391753,06:09:51.753,bitget,XRP/USDT:USDT,3.1393,1710.0,3.1392,723.0,3.1394,11925.0,3.1395,38929.0
1753769391905,06:09:51.905,bitget,XRP/USDT:USDT,3.1393,987.0,3.1391,10665.0,3.1394,11925.0,3.1395,38929.0
1753769392059,06:09:52.059,bitget,XRP/USDT:USDT,3.1393,987.0,3.1391,10665.0,3.1394,11925.0,3.1395,38929.0
1753769392213,06:09:52.213,bitget,XRP/USDT:USDT,3.1393,987.0,3.1391,10665.0,3.1394,11671.0,3.1395,38929.0
1753769392365,06:09:52.365,bitget,XRP/USDT:USDT,3.1393,987.0,3.1391,10665.0,3.1394,11925.0,3.1395,38929.0
1753769392518,06:09:52.518,bitget,XRP/USDT:USDT,3.1393,987.0,3.1391,10665.0,3.1394,11925.0,3.1395,38929.0
1753769392672,06:09:52.672,bitget,XRP/USDT:USDT,3.1393,987.0,3.1391,10665.0,3.1394,11671.0,3.1395,38929.0
1753769392980,06:09:52.980,bitget,XRP/USDT:USDT,3.1391,361.0,3.139,13377.0,3.1393,3376.0,3.1394,17604.0
1753769393132,06:09:53.132,bitget,XRP/USDT:USDT,3.1387,1782.0,3.1386,20523.0,3.1389,100.0,3.139,29967.0
1753769393283,06:09:53.283,bitget,XRP/USDT:USDT,3.1387,982.0,3.1386,212.0,3.1388,67854.0,3.1389,24968.0
1753769393434,06:09:53.434,bitget,XRP/USDT:USDT,3.1384,1160.0,3.1383,12795.0,3.1386,7169.0,3.1387,5206.0
1753769393585,06:09:53.585,bitget,XRP/USDT:USDT,3.1383,146.0,3.1382,7407.0,3.1384,8047.0,3.1385,34440.0
1753769393736,06:09:53.736,bitget,XRP/USDT:USDT,3.1382,11287.0,3.1381,37241.0,3.1383,24497.0,3.1384,29109.0
1753769393889,06:09:53.889,bitget,XRP/USDT:USDT,3.1382,12730.0,3.1381,40918.0,3.1383,24497.0,3.1384,12737.0
1753769394043,06:09:54.043,bitget,XRP/USDT:USDT,3.1382,13453.0,3.1381,41718.0,3.1383,6741.0,3.1384,5700.0
1753769394198,06:09:54.198,bitget,XRP/USDT:USDT,3.1382,13453.0,3.1381,41718.0,3.1383,8966.0,3.1384,5700.0
1753769394352,06:09:54.352,bitget,XRP/USDT:USDT,3.1382,13453.0,3.1381,41718.0,3.1383,6741.0,3.1384,5700.0
1753769394506,06:09:54.506,bitget,XRP/USDT:USDT,3.1382,13453.0,3.1381,41718.0,3.1383,8966.0,3.1384,5700.0
1753769394659,06:09:54.659,bitget,XRP/USDT:USDT,3.1382,16610.0,3.1381,44045.0,3.1383,1495.0,3.1385,152.0
1753769394809,06:09:54.809,bitget,XRP/USDT:USDT,3.1382,26420.0,3.1381,40821.0,3.1383,6.0,3.1385,3418.0
1753769394961,06:09:54.961,bitget,XRP/USDT:USDT,3.1382,26420.0,3.1381,40821.0,3.1383,6.0,3.1386,7990.0
1753769395114,06:09:55.114,bitget,XRP/USDT:USDT,3.1382,26420.0,3.1381,40821.0,3.1383,696.0,3.1386,7990.0
1753769395266,06:09:55.266,bitget,XRP/USDT:USDT,3.1382,26420.0,3.1381,40821.0,3.1383,696.0,3.1386,7990.0
1753769395415,06:09:55.415,bitget,XRP/USDT:USDT,3.1382,26420.0,3.1381,38428.0,3.1383,696.0,3.1386,7990.0
1753769395567,06:09:55.567,bitget,XRP/USDT:USDT,3.1382,26420.0,3.1381,38428.0,3.1383,696.0,3.1386,7990.0
1753769395719,06:09:55.719,bitget,XRP/USDT:USDT,3.1382,26420.0,3.1381,38428.0,3.1383,696.0,3.1386,7990.0
1753769395870,06:09:55.870,bitget,XRP/USDT:USDT,3.1382,26420.0,3.1381,38428.0,3.1383,696.0,3.1386,7990.0
1753769396022,06:09:56.022,bitget,XRP/USDT:USDT,3.1382,26420.0,3.1381,38428.0,3.1383,696.0,3.1386,7990.0
1753769396177,06:09:56.177,bitget,XRP/USDT:USDT,3.1385,25022.0,3.1383,8400.0,3.1386,7644.0,3.1387,29871.0
