timestamp,time,exchange,symbol,bid1_price,bid1_volume,bid2_price,bid2_volume,ask1_price,ask1_volume,ask2_price,ask2_volume
1753769524649,06:12:04.649,bitmex,SOL/USDT:USDT,184.83,35000.0,184.81,112000.0,184.84,14000.0,184.85,578000.0
1753769524698,06:12:04.698,bitmex,SOL/USDT:USDT,184.83,35000.0,184.81,112000.0,184.85,578000.0,184.87,24000.0
1753769524747,06:12:04.747,bitmex,SOL/USDT:USDT,184.82,16000.0,184.79,53000.0,184.84,14000.0,184.85,578000.0
1753769524796,06:12:04.796,bitmex,SOL/USDT:USDT,184.83,16000.0,184.8,112000.0,184.84,14000.0,184.85,578000.0
1753769524845,06:12:04.845,bitmex,SOL/USDT:USDT,184.83,16000.0,184.81,141000.0,184.84,14000.0,184.85,578000.0
1753769524894,06:12:04.894,bitmex,SOL/USDT:USDT,184.82,16000.0,184.79,24000.0,184.84,14000.0,184.85,578000.0
1753769524943,06:12:04.943,bitmex,SOL/USDT:USDT,184.82,16000.0,184.81,29000.0,184.84,14000.0,184.85,578000.0
1753769525029,06:12:05.029,bitmex,SOL/USDT:USDT,184.83,16000.0,184.82,16000.0,184.84,14000.0,184.85,578000.0
1753769525079,06:12:05.079,bitmex,SOL/USDT:USDT,184.83,16000.0,184.81,141000.0,184.84,14000.0,184.85,578000.0
1753769525128,06:12:05.128,bitmex,SOL/USDT:USDT,184.83,16000.0,184.81,112000.0,184.84,14000.0,184.85,578000.0
1753769525211,06:12:05.211,bitmex,SOL/USDT:USDT,184.81,112000.0,184.79,24000.0,184.84,14000.0,184.85,578000.0
1753769525359,06:12:05.359,bitmex,SOL/USDT:USDT,184.82,16000.0,184.81,29000.0,184.83,14000.0,184.85,578000.0
1753769525408,06:12:05.408,bitmex,SOL/USDT:USDT,184.83,35000.0,184.8,112000.0,184.84,187000.0,184.85,578000.0
1753769525457,06:12:05.457,bitmex,SOL/USDT:USDT,184.83,35000.0,184.81,112000.0,184.84,14000.0,184.85,578000.0
1753769525506,06:12:05.506,bitmex,SOL/USDT:USDT,184.83,35000.0,184.81,112000.0,184.84,14000.0,184.85,578000.0
1753769525665,06:12:05.665,bitmex,SOL/USDT:USDT,184.83,35000.0,184.81,112000.0,184.85,578000.0,184.87,27000.0
1753769526050,06:12:06.050,bitmex,SOL/USDT:USDT,184.83,35000.0,184.81,112000.0,184.85,592000.0,184.87,27000.0
1753769526351,06:12:06.351,bitmex,SOL/USDT:USDT,184.83,35000.0,184.81,112000.0,184.85,592000.0,184.87,27000.0
1753769526400,06:12:06.400,bitmex,SOL/USDT:USDT,184.83,35000.0,184.81,112000.0,184.85,592000.0,184.87,27000.0
1753769526498,06:12:06.498,bitmex,SOL/USDT:USDT,184.84,35000.0,184.82,52000.0,184.85,578000.0,184.87,27000.0
1753769526547,06:12:06.547,bitmex,SOL/USDT:USDT,184.84,35000.0,184.82,52000.0,184.85,578000.0,184.87,27000.0
1753769526600,06:12:06.600,bitmex,SOL/USDT:USDT,184.84,35000.0,184.82,52000.0,184.85,578000.0,184.88,1786000.0
1753769526742,06:12:06.742,bitmex,SOL/USDT:USDT,184.84,35000.0,184.82,29000.0,184.85,578000.0,184.88,1786000.0
1753769526792,06:12:06.792,bitmex,SOL/USDT:USDT,184.84,35000.0,184.82,29000.0,184.85,578000.0,184.88,1786000.0
1753769527005,06:12:07.005,bitmex,SOL/USDT:USDT,184.84,35000.0,184.82,29000.0,184.87,14000.0,184.89,1724000.0
1753769527054,06:12:07.054,bitmex,SOL/USDT:USDT,184.84,35000.0,184.82,29000.0,184.87,14000.0,184.89,1724000.0
1753769527103,06:12:07.103,bitmex,SOL/USDT:USDT,184.84,35000.0,184.82,29000.0,184.87,591000.0,184.89,1724000.0
1753769527239,06:12:07.239,bitmex,SOL/USDT:USDT,184.84,35000.0,184.82,29000.0,184.87,591000.0,184.89,1724000.0
1753769527289,06:12:07.289,bitmex,SOL/USDT:USDT,184.84,35000.0,184.82,29000.0,184.87,591000.0,184.89,1724000.0
1753769527493,06:12:07.493,bitmex,SOL/USDT:USDT,184.84,35000.0,184.82,29000.0,184.87,591000.0,184.89,1724000.0
1753769527543,06:12:07.543,bitmex,SOL/USDT:USDT,184.84,16000.0,184.82,29000.0,184.87,591000.0,184.89,1724000.0
1753769527689,06:12:07.689,bitmex,SOL/USDT:USDT,184.84,16000.0,184.82,29000.0,184.87,14000.0,184.89,1724000.0
1753769527738,06:12:07.738,bitmex,SOL/USDT:USDT,184.84,16000.0,184.79,1809000.0,184.89,1724000.0,184.9,6116000.0
1753769527738,06:12:07.738,bitmex,SOL/USDT:USDT,184.87,19000.0,184.84,112000.0,184.88,14000.0,184.89,29000.0
1753769527787,06:12:07.787,bitmex,SOL/USDT:USDT,184.87,19000.0,184.84,112000.0,184.88,41000.0,184.89,29000.0
1753769528081,06:12:08.081,bitmex,SOL/USDT:USDT,184.86,19000.0,184.85,16000.0,184.87,14000.0,184.88,173000.0
1753769528130,06:12:08.130,bitmex,SOL/USDT:USDT,184.86,19000.0,184.85,16000.0,184.87,14000.0,184.88,173000.0
1753769528179,06:12:08.179,bitmex,SOL/USDT:USDT,184.86,35000.0,184.84,112000.0,184.87,14000.0,184.88,173000.0
1753769528277,06:12:08.277,bitmex,SOL/USDT:USDT,184.86,19000.0,184.84,112000.0,184.87,14000.0,184.88,173000.0
1753769528326,06:12:08.326,bitmex,SOL/USDT:USDT,184.85,16000.0,184.84,39000.0,184.87,14000.0,184.88,173000.0
1753769528424,06:12:08.424,bitmex,SOL/USDT:USDT,184.85,16000.0,184.83,112000.0,184.87,14000.0,184.88,173000.0
1753769528473,06:12:08.473,bitmex,SOL/USDT:USDT,184.85,16000.0,184.83,112000.0,184.87,14000.0,184.88,173000.0
1753769528522,06:12:08.522,bitmex,SOL/USDT:USDT,184.85,35000.0,184.83,112000.0,184.88,173000.0,184.89,606000.0
1753769528571,06:12:08.571,bitmex,SOL/USDT:USDT,184.85,19000.0,184.83,112000.0,184.86,14000.0,184.87,14000.0
1753769528620,06:12:08.620,bitmex,SOL/USDT:USDT,184.85,19000.0,184.83,112000.0,184.86,14000.0,184.88,173000.0
1753769528751,06:12:08.751,bitmex,SOL/USDT:USDT,184.85,19000.0,184.83,112000.0,184.86,14000.0,184.88,173000.0
1753769528874,06:12:08.874,bitmex,SOL/USDT:USDT,184.83,112000.0,184.81,1786000.0,184.86,14000.0,184.88,173000.0
1753769528924,06:12:08.924,bitmex,SOL/USDT:USDT,184.83,16000.0,184.82,29000.0,184.86,14000.0,184.88,196000.0
1753769528973,06:12:08.973,bitmex,SOL/USDT:USDT,184.83,16000.0,184.82,29000.0,184.86,14000.0,184.88,196000.0
1753769529025,06:12:09.025,bitmex,SOL/USDT:USDT,184.83,16000.0,184.82,29000.0,184.86,14000.0,184.88,196000.0
1753769529075,06:12:09.075,bitmex,SOL/USDT:USDT,184.83,16000.0,184.82,29000.0,184.86,14000.0,184.88,196000.0
1753769529124,06:12:09.124,bitmex,SOL/USDT:USDT,184.83,16000.0,184.82,29000.0,184.86,14000.0,184.88,196000.0
1753769529173,06:12:09.173,bitmex,SOL/USDT:USDT,184.83,16000.0,184.82,29000.0,184.86,14000.0,184.88,196000.0
1753769529223,06:12:09.223,bitmex,SOL/USDT:USDT,184.83,16000.0,184.82,29000.0,184.86,14000.0,184.88,196000.0
1753769529272,06:12:09.272,bitmex,SOL/USDT:USDT,184.83,16000.0,184.82,29000.0,184.86,14000.0,184.88,196000.0
1753769530010,06:12:10.010,bitmex,SOL/USDT:USDT,184.83,16000.0,184.82,29000.0,184.86,14000.0,184.88,196000.0
1753769530060,06:12:10.060,bitmex,SOL/USDT:USDT,184.83,16000.0,184.82,29000.0,184.86,14000.0,184.88,196000.0
1753769530109,06:12:10.109,bitmex,SOL/USDT:USDT,184.83,16000.0,184.82,29000.0,184.86,14000.0,184.88,196000.0
1753769530158,06:12:10.158,bitmex,SOL/USDT:USDT,184.83,16000.0,184.82,29000.0,184.86,14000.0,184.88,196000.0
1753769530207,06:12:10.207,bitmex,SOL/USDT:USDT,184.83,16000.0,184.82,29000.0,184.86,14000.0,184.88,196000.0
1753769530256,06:12:10.256,bitmex,SOL/USDT:USDT,184.83,16000.0,184.82,29000.0,184.86,14000.0,184.88,196000.0
1753769530305,06:12:10.305,bitmex,SOL/USDT:USDT,184.83,16000.0,184.81,112000.0,184.86,14000.0,184.88,196000.0
1753769530354,06:12:10.354,bitmex,SOL/USDT:USDT,184.83,16000.0,184.81,112000.0,184.86,14000.0,184.88,196000.0
1753769530403,06:12:10.403,bitmex,SOL/USDT:USDT,184.83,16000.0,184.81,112000.0,184.86,14000.0,184.88,196000.0
1753769530466,06:12:10.466,bitmex,SOL/USDT:USDT,184.83,16000.0,184.81,112000.0,184.86,14000.0,184.88,196000.0
1753769530515,06:12:10.515,bitmex,SOL/USDT:USDT,184.83,16000.0,184.82,29000.0,184.86,14000.0,184.88,196000.0
1753769530564,06:12:10.564,bitmex,SOL/USDT:USDT,184.83,16000.0,184.82,29000.0,184.86,14000.0,184.88,196000.0
1753769531113,06:12:11.113,bitmex,SOL/USDT:USDT,184.86,16000.0,184.84,112000.0,184.88,14000.0,184.89,577000.0
1753769531546,06:12:11.546,bitmex,SOL/USDT:USDT,184.87,35000.0,184.84,112000.0,184.89,591000.0,184.9,27000.0
1753769531596,06:12:11.596,bitmex,SOL/USDT:USDT,184.87,35000.0,184.85,29000.0,184.89,591000.0,184.92,1901000.0
1753769531645,06:12:11.645,bitmex,SOL/USDT:USDT,184.87,35000.0,184.85,29000.0,184.89,591000.0,184.92,1901000.0
1753769531841,06:12:11.841,bitmex,SOL/USDT:USDT,184.88,16000.0,184.86,112000.0,184.89,577000.0,184.92,1901000.0
1753769531890,06:12:11.890,bitmex,SOL/USDT:USDT,184.86,112000.0,184.83,23000.0,184.89,591000.0,184.92,1901000.0
1753769531988,06:12:11.988,bitmex,SOL/USDT:USDT,184.88,19000.0,184.87,16000.0,184.89,591000.0,184.92,1901000.0
1753769532037,06:12:12.037,bitmex,SOL/USDT:USDT,184.88,19000.0,184.87,16000.0,184.89,591000.0,184.92,1901000.0
1753769532086,06:12:12.086,bitmex,SOL/USDT:USDT,184.88,19000.0,184.87,16000.0,184.89,591000.0,184.92,1901000.0
1753769532135,06:12:12.135,bitmex,SOL/USDT:USDT,184.87,16000.0,184.85,29000.0,184.89,591000.0,184.92,1901000.0
1753769532297,06:12:12.297,bitmex,SOL/USDT:USDT,184.87,16000.0,184.85,29000.0,184.89,577000.0,184.92,1901000.0
1753769532347,06:12:12.347,bitmex,SOL/USDT:USDT,184.86,19000.0,184.82,1789000.0,184.87,14000.0,184.88,173000.0
1753769532396,06:12:12.396,bitmex,SOL/USDT:USDT,184.86,35000.0,184.84,112000.0,184.88,187000.0,184.89,577000.0
1753769532445,06:12:12.445,bitmex,SOL/USDT:USDT,184.86,35000.0,184.84,112000.0,184.88,187000.0,184.89,577000.0
1753769532494,06:12:12.494,bitmex,SOL/USDT:USDT,184.86,35000.0,184.84,112000.0,184.88,187000.0,184.89,577000.0
1753769532543,06:12:12.543,bitmex,SOL/USDT:USDT,184.86,19000.0,184.84,112000.0,184.87,14000.0,184.88,173000.0
1753769532593,06:12:12.593,bitmex,SOL/USDT:USDT,184.84,112000.0,184.81,1849000.0,184.87,14000.0,184.88,173000.0
1753769532643,06:12:12.643,bitmex,SOL/USDT:USDT,184.86,19000.0,184.85,16000.0,184.87,14000.0,184.88,173000.0
1753769532692,06:12:12.692,bitmex,SOL/USDT:USDT,184.86,19000.0,184.85,16000.0,184.87,14000.0,184.88,173000.0
1753769533559,06:12:13.559,bitmex,SOL/USDT:USDT,184.86,19000.0,184.84,73000.0,184.87,14000.0,184.88,173000.0
1753769533608,06:12:13.608,bitmex,SOL/USDT:USDT,184.86,19000.0,184.84,73000.0,184.87,14000.0,184.88,173000.0
1753769533657,06:12:13.657,bitmex,SOL/USDT:USDT,184.86,19000.0,184.84,73000.0,184.87,14000.0,184.88,173000.0
1753769533706,06:12:13.706,bitmex,SOL/USDT:USDT,184.86,19000.0,184.84,73000.0,184.87,14000.0,184.88,173000.0
1753769534070,06:12:14.070,bitmex,SOL/USDT:USDT,184.86,35000.0,184.84,73000.0,184.88,187000.0,184.89,577000.0
1753769534120,06:12:14.120,bitmex,SOL/USDT:USDT,184.86,35000.0,184.84,73000.0,184.88,187000.0,184.89,577000.0
1753769534169,06:12:14.169,bitmex,SOL/USDT:USDT,184.86,35000.0,184.84,73000.0,184.88,187000.0,184.89,577000.0
1753769534218,06:12:14.218,bitmex,SOL/USDT:USDT,184.86,35000.0,184.84,73000.0,184.88,187000.0,184.89,577000.0
1753769535064,06:12:15.064,bitmex,SOL/USDT:USDT,184.86,19000.0,184.84,73000.0,184.87,14000.0,184.88,173000.0
1753769535162,06:12:15.162,bitmex,SOL/USDT:USDT,184.86,35000.0,184.84,112000.0,184.88,187000.0,184.89,577000.0
1753769535390,06:12:15.390,bitmex,SOL/USDT:USDT,184.86,35000.0,184.84,112000.0,184.88,14000.0,184.89,577000.0
1753769535440,06:12:15.440,bitmex,SOL/USDT:USDT,184.88,16000.0,184.83,24000.0,184.89,14000.0,184.91,1749000.0
1753769535489,06:12:15.489,bitmex,SOL/USDT:USDT,184.88,35000.0,184.86,112000.0,184.9,14000.0,184.91,27000.0
1753769535538,06:12:15.538,bitmex,SOL/USDT:USDT,184.88,35000.0,184.86,112000.0,184.9,591000.0,184.91,27000.0
1753769536103,06:12:16.103,bitmex,SOL/USDT:USDT,184.88,35000.0,184.86,112000.0,184.9,591000.0,184.91,27000.0
1753769536153,06:12:16.153,bitmex,SOL/USDT:USDT,184.88,35000.0,184.86,112000.0,184.9,591000.0,184.91,27000.0
1753769536202,06:12:16.202,bitmex,SOL/USDT:USDT,184.88,35000.0,184.86,112000.0,184.9,591000.0,184.91,27000.0
1753769536251,06:12:16.251,bitmex,SOL/USDT:USDT,184.88,35000.0,184.86,112000.0,184.9,591000.0,184.91,27000.0
1753769536300,06:12:16.300,bitmex,SOL/USDT:USDT,184.88,19000.0,184.86,112000.0,184.89,14000.0,184.9,577000.0
1753769536409,06:12:16.409,bitmex,SOL/USDT:USDT,184.86,112000.0,184.83,1810000.0,184.89,14000.0,184.9,577000.0
1753769536665,06:12:16.665,bitmex,SOL/USDT:USDT,184.88,16000.0,184.86,112000.0,184.9,591000.0,184.91,27000.0
1753769536715,06:12:16.715,bitmex,SOL/USDT:USDT,184.88,16000.0,184.86,112000.0,184.9,591000.0,184.91,27000.0
1753769536785,06:12:16.785,bitmex,SOL/USDT:USDT,184.88,16000.0,184.86,112000.0,184.9,591000.0,184.91,27000.0
1753769536834,06:12:16.834,bitmex,SOL/USDT:USDT,184.88,16000.0,184.86,112000.0,184.9,591000.0,184.91,27000.0
1753769537945,06:12:17.945,bitmex,SOL/USDT:USDT,184.9,19000.0,184.87,112000.0,184.91,14000.0,184.92,24000.0
1753769537995,06:12:17.995,bitmex,SOL/USDT:USDT,184.87,39000.0,184.85,24000.0,184.91,14000.0,184.94,577000.0
1753769538192,06:12:18.192,bitmex,SOL/USDT:USDT,184.85,24000.0,184.83,6194000.0,184.92,27000.0,184.93,24000.0
1753769538241,06:12:18.241,bitmex,SOL/USDT:USDT,184.85,24000.0,184.83,6087000.0,184.92,27000.0,184.93,24000.0
1753769538290,06:12:18.290,bitmex,SOL/USDT:USDT,184.85,24000.0,184.83,6087000.0,184.92,27000.0,184.93,24000.0
1753769538339,06:12:18.339,bitmex,SOL/USDT:USDT,184.85,24000.0,184.83,6087000.0,184.92,27000.0,184.93,24000.0
1753769538388,06:12:18.388,bitmex,SOL/USDT:USDT,184.85,24000.0,184.83,6087000.0,184.91,14000.0,184.92,27000.0
1753769538438,06:12:18.438,bitmex,SOL/USDT:USDT,184.89,35000.0,184.87,112000.0,184.91,14000.0,184.92,27000.0
1753769538487,06:12:18.487,bitmex,SOL/USDT:USDT,184.89,35000.0,184.87,112000.0,184.91,14000.0,184.92,27000.0
1753769538677,06:12:18.677,bitmex,SOL/USDT:USDT,184.89,35000.0,184.87,112000.0,184.91,14000.0,184.92,27000.0
1753769538727,06:12:18.727,bitmex,SOL/USDT:USDT,184.89,35000.0,184.87,112000.0,184.91,14000.0,184.92,27000.0
1753769538776,06:12:18.776,bitmex,SOL/USDT:USDT,184.89,35000.0,184.87,112000.0,184.9,14000.0,184.92,51000.0
1753769539201,06:12:19.201,bitmex,SOL/USDT:USDT,184.87,35000.0,184.85,24000.0,184.9,14000.0,184.91,577000.0
1753769539250,06:12:19.250,bitmex,SOL/USDT:USDT,184.87,35000.0,184.85,24000.0,184.9,14000.0,184.91,577000.0
1753769539348,06:12:19.348,bitmex,SOL/USDT:USDT,184.87,35000.0,184.85,24000.0,184.91,577000.0,184.92,27000.0
1753769539397,06:12:19.397,bitmex,SOL/USDT:USDT,184.9,16000.0,184.89,16000.0,184.91,591000.0,184.92,27000.0
1753769539446,06:12:19.446,bitmex,SOL/USDT:USDT,184.9,16000.0,184.87,112000.0,184.91,591000.0,184.92,27000.0
1753769539495,06:12:19.495,bitmex,SOL/USDT:USDT,184.9,19000.0,184.88,16000.0,184.91,591000.0,184.92,27000.0
1753769539544,06:12:19.544,bitmex,SOL/USDT:USDT,184.9,19000.0,184.87,112000.0,184.91,591000.0,184.92,27000.0
1753769539719,06:12:19.719,bitmex,SOL/USDT:USDT,184.9,19000.0,184.87,112000.0,184.91,591000.0,184.92,27000.0
1753769539769,06:12:19.769,bitmex,SOL/USDT:USDT,184.9,35000.0,184.88,29000.0,184.91,591000.0,184.92,27000.0
1753769540417,06:12:20.417,bitmex,SOL/USDT:USDT,184.9,19000.0,184.89,16000.0,184.91,591000.0,184.92,27000.0
1753769540466,06:12:20.466,bitmex,SOL/USDT:USDT,184.9,19000.0,184.89,16000.0,184.91,591000.0,184.92,27000.0
1753769540516,06:12:20.516,bitmex,SOL/USDT:USDT,184.9,35000.0,184.87,112000.0,184.91,591000.0,184.92,27000.0
1753769540565,06:12:20.565,bitmex,SOL/USDT:USDT,184.9,35000.0,184.87,112000.0,184.91,577000.0,184.92,27000.0
1753769540761,06:12:20.761,bitmex,SOL/USDT:USDT,184.9,35000.0,184.88,29000.0,184.91,591000.0,184.93,24000.0
1753769541008,06:12:21.008,bitmex,SOL/USDT:USDT,184.9,35000.0,184.88,29000.0,184.91,577000.0,184.94,1595000.0
1753769541058,06:12:21.058,bitmex,SOL/USDT:USDT,184.9,35000.0,184.88,29000.0,184.91,577000.0,184.93,27000.0
1753769541203,06:12:21.203,bitmex,SOL/USDT:USDT,184.9,16000.0,184.88,29000.0,184.91,577000.0,184.93,27000.0
1753769541252,06:12:21.252,bitmex,SOL/USDT:USDT,184.9,16000.0,184.88,29000.0,184.91,577000.0,184.93,27000.0
1753769541301,06:12:21.301,bitmex,SOL/USDT:USDT,184.9,16000.0,184.88,29000.0,184.91,577000.0,184.93,27000.0
1753769541350,06:12:21.350,bitmex,SOL/USDT:USDT,184.9,16000.0,184.88,29000.0,184.91,577000.0,184.93,27000.0
1753769541399,06:12:21.399,bitmex,SOL/USDT:USDT,184.9,16000.0,184.88,29000.0,184.91,577000.0,184.93,27000.0
1753769541683,06:12:21.683,bitmex,SOL/USDT:USDT,184.9,16000.0,184.88,29000.0,184.91,577000.0,184.94,1595000.0
1753769541864,06:12:21.864,bitmex,SOL/USDT:USDT,184.9,16000.0,184.88,29000.0,184.91,577000.0,184.94,1595000.0
1753769541914,06:12:21.914,bitmex,SOL/USDT:USDT,184.9,16000.0,184.88,29000.0,184.91,577000.0,184.94,1595000.0
1753769542616,06:12:22.616,bitmex,SOL/USDT:USDT,184.87,16000.0,184.85,29000.0,184.89,14000.0,184.91,197000.0
1753769542665,06:12:22.665,bitmex,SOL/USDT:USDT,184.87,16000.0,184.85,29000.0,184.89,14000.0,184.91,197000.0
1753769542714,06:12:22.714,bitmex,SOL/USDT:USDT,184.87,16000.0,184.85,29000.0,184.88,14000.0,184.91,197000.0
1753769542812,06:12:22.812,bitmex,SOL/USDT:USDT,184.87,16000.0,184.85,29000.0,184.9,14000.0,184.91,197000.0
1753769542874,06:12:22.874,bitmex,SOL/USDT:USDT,184.87,16000.0,184.85,29000.0,184.9,14000.0,184.91,197000.0
1753769542923,06:12:22.923,bitmex,SOL/USDT:USDT,184.87,16000.0,184.85,29000.0,184.9,14000.0,184.91,197000.0
1753769543103,06:12:23.103,bitmex,SOL/USDT:USDT,184.87,16000.0,184.85,29000.0,184.9,14000.0,184.91,197000.0
1753769543302,06:12:23.302,bitmex,SOL/USDT:USDT,184.87,16000.0,184.85,53000.0,184.9,14000.0,184.91,173000.0
1753769543362,06:12:23.362,bitmex,SOL/USDT:USDT,184.87,16000.0,184.85,53000.0,184.9,14000.0,184.91,173000.0
1753769543791,06:12:23.791,bitmex,SOL/USDT:USDT,184.87,16000.0,184.85,53000.0,184.9,14000.0,184.91,173000.0
1753769544160,06:12:24.160,bitmex,SOL/USDT:USDT,184.88,19000.0,184.87,16000.0,184.9,14000.0,184.91,173000.0
1753769544210,06:12:24.210,bitmex,SOL/USDT:USDT,184.88,35000.0,184.86,112000.0,184.9,14000.0,184.91,173000.0
1753769544670,06:12:24.670,bitmex,SOL/USDT:USDT,184.88,35000.0,184.86,112000.0,184.9,14000.0,184.91,173000.0
1753769544720,06:12:24.720,bitmex,SOL/USDT:USDT,184.88,35000.0,184.86,112000.0,184.9,14000.0,184.91,173000.0
1753769544769,06:12:24.769,bitmex,SOL/USDT:USDT,184.88,35000.0,184.86,112000.0,184.9,14000.0,184.91,173000.0
1753769545025,06:12:25.025,bitmex,SOL/USDT:USDT,184.89,19000.0,184.88,35000.0,184.9,14000.0,184.91,173000.0
1753769545153,06:12:25.153,bitmex,SOL/USDT:USDT,184.89,19000.0,184.87,112000.0,184.9,14000.0,184.91,173000.0
1753769545314,06:12:25.314,bitmex,SOL/USDT:USDT,184.89,19000.0,184.87,112000.0,184.91,173000.0,184.92,577000.0
1753769545364,06:12:25.364,bitmex,SOL/USDT:USDT,184.89,35000.0,184.87,112000.0,184.91,187000.0,184.92,577000.0
1753769545413,06:12:25.413,bitmex,SOL/USDT:USDT,184.89,19000.0,184.87,112000.0,184.9,14000.0,184.91,173000.0
1753769545462,06:12:25.462,bitmex,SOL/USDT:USDT,184.89,19000.0,184.87,112000.0,184.9,14000.0,184.91,173000.0
1753769545528,06:12:25.528,bitmex,SOL/USDT:USDT,184.89,35000.0,184.87,112000.0,184.9,14000.0,184.91,173000.0
1753769545578,06:12:25.578,bitmex,SOL/USDT:USDT,184.89,35000.0,184.87,112000.0,184.91,187000.0,184.92,577000.0
1753769546702,06:12:26.702,bitmex,SOL/USDT:USDT,184.86,16000.0,184.85,29000.0,184.89,14000.0,184.91,1891000.0
1753769546916,06:12:26.916,bitmex,SOL/USDT:USDT,184.86,16000.0,184.85,29000.0,184.89,14000.0,184.91,1891000.0
1753769547405,06:12:27.405,bitmex,SOL/USDT:USDT,184.86,16000.0,184.85,29000.0,184.89,14000.0,184.91,1891000.0
1753769547716,06:12:27.716,bitmex,SOL/USDT:USDT,184.86,16000.0,184.85,29000.0,184.89,14000.0,184.91,1891000.0
1753769548929,06:12:28.929,bitmex,SOL/USDT:USDT,184.86,16000.0,184.85,29000.0,184.89,14000.0,184.91,1918000.0
1753769548979,06:12:28.979,bitmex,SOL/USDT:USDT,184.86,16000.0,184.85,29000.0,184.89,14000.0,184.91,1891000.0
1753769551999,06:12:31.999,bitmex,SOL/USDT:USDT,184.92,19000.0,184.9,141000.0,184.93,618000.0,184.94,900000.0
1753769552381,06:12:32.381,bitmex,SOL/USDT:USDT,184.91,16000.0,184.9,29000.0,184.93,618000.0,184.96,1619000.0
1753769552430,06:12:32.430,bitmex,SOL/USDT:USDT,184.91,16000.0,184.9,29000.0,184.93,591000.0,184.96,1619000.0
1753769553815,06:12:33.815,bitmex,SOL/USDT:USDT,184.93,35000.0,184.9,112000.0,184.94,577000.0,184.97,152000.0
1753769553977,06:12:33.977,bitmex,SOL/USDT:USDT,184.93,35000.0,184.9,112000.0,184.94,577000.0,184.97,152000.0
1753769554027,06:12:34.027,bitmex,SOL/USDT:USDT,184.93,35000.0,184.91,29000.0,184.94,577000.0,184.97,152000.0
1753769554076,06:12:34.076,bitmex,SOL/USDT:USDT,184.93,35000.0,184.91,29000.0,184.94,577000.0,184.97,152000.0
1753769554125,06:12:34.125,bitmex,SOL/USDT:USDT,184.93,35000.0,184.91,29000.0,184.94,577000.0,184.96,29000.0
1753769554209,06:12:34.209,bitmex,SOL/USDT:USDT,184.93,35000.0,184.91,29000.0,184.94,577000.0,184.96,29000.0
1753769554258,06:12:34.258,bitmex,SOL/USDT:USDT,184.93,35000.0,184.91,29000.0,184.94,577000.0,184.96,29000.0
1753769554389,06:12:34.389,bitmex,SOL/USDT:USDT,184.93,35000.0,184.91,29000.0,184.94,577000.0,184.96,29000.0
1753769554439,06:12:34.439,bitmex,SOL/USDT:USDT,184.93,35000.0,184.91,29000.0,184.94,577000.0,184.96,29000.0
1753769554488,06:12:34.488,bitmex,SOL/USDT:USDT,184.93,35000.0,184.91,29000.0,184.94,577000.0,184.96,29000.0
1753769554537,06:12:34.537,bitmex,SOL/USDT:USDT,184.93,35000.0,184.91,29000.0,184.94,577000.0,184.96,29000.0
1753769554782,06:12:34.782,bitmex,SOL/USDT:USDT,184.93,16000.0,184.91,29000.0,184.94,577000.0,184.96,29000.0
1753769554895,06:12:34.895,bitmex,SOL/USDT:USDT,184.93,16000.0,184.91,29000.0,184.96,29000.0,184.97,152000.0
1753769554944,06:12:34.944,bitmex,SOL/USDT:USDT,184.93,16000.0,184.91,29000.0,184.95,14000.0,184.96,29000.0
1753769554993,06:12:34.993,bitmex,SOL/USDT:USDT,184.93,16000.0,184.91,29000.0,184.95,14000.0,184.96,29000.0
1753769555042,06:12:35.042,bitmex,SOL/USDT:USDT,184.93,16000.0,184.91,29000.0,184.95,14000.0,184.96,606000.0
1753769555151,06:12:35.151,bitmex,SOL/USDT:USDT,184.93,16000.0,184.91,29000.0,184.94,14000.0,184.95,14000.0
1753769555201,06:12:35.201,bitmex,SOL/USDT:USDT,184.92,35000.0,184.9,29000.0,184.94,14000.0,184.95,173000.0
1753769555250,06:12:35.250,bitmex,SOL/USDT:USDT,184.92,35000.0,184.91,29000.0,184.94,14000.0,184.95,173000.0
1753769555299,06:12:35.299,bitmex,SOL/USDT:USDT,184.92,35000.0,184.91,29000.0,184.94,14000.0,184.95,173000.0
1753769555348,06:12:35.348,bitmex,SOL/USDT:USDT,184.92,35000.0,184.91,29000.0,184.94,14000.0,184.95,173000.0
1753769555397,06:12:35.397,bitmex,SOL/USDT:USDT,184.92,35000.0,184.91,29000.0,184.94,14000.0,184.95,173000.0
1753769555494,06:12:35.494,bitmex,SOL/USDT:USDT,184.92,35000.0,184.91,29000.0,184.94,14000.0,184.95,173000.0
1753769555543,06:12:35.543,bitmex,SOL/USDT:USDT,184.92,19000.0,184.91,16000.0,184.93,14000.0,184.95,173000.0
1753769555730,06:12:35.730,bitmex,SOL/USDT:USDT,184.92,16000.0,184.9,112000.0,184.93,14000.0,184.95,173000.0
1753769555884,06:12:35.884,bitmex,SOL/USDT:USDT,184.92,35000.0,184.9,112000.0,184.94,14000.0,184.95,173000.0
1753769556075,06:12:36.075,bitmex,SOL/USDT:USDT,184.92,35000.0,184.9,112000.0,184.94,14000.0,184.95,173000.0
1753769556124,06:12:36.124,bitmex,SOL/USDT:USDT,184.92,35000.0,184.9,112000.0,184.94,14000.0,184.95,173000.0
1753769556209,06:12:36.209,bitmex,SOL/USDT:USDT,184.92,35000.0,184.9,112000.0,184.94,14000.0,184.95,173000.0
1753769556969,06:12:36.969,bitmex,SOL/USDT:USDT,184.92,35000.0,184.9,141000.0,184.95,173000.0,184.96,606000.0
1753769557181,06:12:37.181,bitmex,SOL/USDT:USDT,184.92,35000.0,184.9,112000.0,184.95,173000.0,184.96,606000.0
1753769557231,06:12:37.231,bitmex,SOL/USDT:USDT,184.92,35000.0,184.9,112000.0,184.95,173000.0,184.96,606000.0
1753769558065,06:12:38.065,bitmex,SOL/USDT:USDT,184.92,35000.0,184.9,112000.0,184.94,14000.0,184.95,173000.0
1753769558115,06:12:38.115,bitmex,SOL/USDT:USDT,184.92,35000.0,184.9,112000.0,184.94,14000.0,184.95,173000.0
1753769558164,06:12:38.164,bitmex,SOL/USDT:USDT,184.92,35000.0,184.9,112000.0,184.94,14000.0,184.95,173000.0
1753769558480,06:12:38.480,bitmex,SOL/USDT:USDT,184.92,35000.0,184.9,112000.0,184.94,14000.0,184.95,173000.0
1753769558530,06:12:38.530,bitmex,SOL/USDT:USDT,184.92,16000.0,184.9,112000.0,184.94,14000.0,184.95,173000.0
1753769558640,06:12:38.640,bitmex,SOL/USDT:USDT,184.92,16000.0,184.9,112000.0,184.94,14000.0,184.95,173000.0
1753769558689,06:12:38.689,bitmex,SOL/USDT:USDT,184.92,16000.0,184.9,112000.0,184.94,14000.0,184.95,173000.0
1753769558828,06:12:38.828,bitmex,SOL/USDT:USDT,184.92,16000.0,184.9,112000.0,184.93,14000.0,184.94,14000.0
1753769558877,06:12:38.877,bitmex,SOL/USDT:USDT,184.92,35000.0,184.9,112000.0,184.94,14000.0,184.95,173000.0
1753769558926,06:12:38.926,bitmex,SOL/USDT:USDT,184.92,35000.0,184.9,112000.0,184.94,14000.0,184.95,173000.0
1753769559063,06:12:39.063,bitmex,SOL/USDT:USDT,184.92,35000.0,184.9,112000.0,184.94,14000.0,184.95,173000.0
1753769559180,06:12:39.180,bitmex,SOL/USDT:USDT,184.92,35000.0,184.9,112000.0,184.94,14000.0,184.95,173000.0
1753769559230,06:12:39.230,bitmex,SOL/USDT:USDT,184.92,35000.0,184.9,112000.0,184.94,14000.0,184.95,173000.0
1753769559279,06:12:39.279,bitmex,SOL/USDT:USDT,184.92,35000.0,184.9,112000.0,184.94,14000.0,184.95,173000.0
1753769559328,06:12:39.328,bitmex,SOL/USDT:USDT,184.92,35000.0,184.9,112000.0,184.94,14000.0,184.95,173000.0
1753769559380,06:12:39.380,bitmex,SOL/USDT:USDT,184.92,16000.0,184.9,112000.0,184.94,14000.0,184.95,173000.0
1753769559429,06:12:39.429,bitmex,SOL/USDT:USDT,184.92,16000.0,184.9,112000.0,184.93,14000.0,184.95,173000.0
1753769559610,06:12:39.610,bitmex,SOL/USDT:USDT,184.92,16000.0,184.9,112000.0,184.93,14000.0,184.95,173000.0
1753769559659,06:12:39.659,bitmex,SOL/USDT:USDT,184.92,16000.0,184.9,112000.0,184.93,14000.0,184.95,173000.0
1753769559963,06:12:39.963,bitmex,SOL/USDT:USDT,184.92,16000.0,184.9,112000.0,184.93,14000.0,184.95,173000.0
1753769560071,06:12:40.071,bitmex,SOL/USDT:USDT,184.92,16000.0,184.9,112000.0,184.95,173000.0,184.96,606000.0
1753769560120,06:12:40.120,bitmex,SOL/USDT:USDT,184.92,16000.0,184.9,112000.0,184.95,173000.0,184.96,606000.0
1753769560288,06:12:40.288,bitmex,SOL/USDT:USDT,184.92,16000.0,184.9,112000.0,184.95,173000.0,184.96,606000.0
1753769560337,06:12:40.337,bitmex,SOL/USDT:USDT,184.92,16000.0,184.9,112000.0,184.94,14000.0,184.95,173000.0
1753769560413,06:12:40.413,bitmex,SOL/USDT:USDT,184.92,16000.0,184.9,112000.0,184.93,14000.0,184.94,14000.0
1753769560463,06:12:40.463,bitmex,SOL/USDT:USDT,184.92,16000.0,184.9,112000.0,184.93,14000.0,184.95,173000.0
1753769560512,06:12:40.512,bitmex,SOL/USDT:USDT,184.92,16000.0,184.9,112000.0,184.95,173000.0,184.96,606000.0
1753769560561,06:12:40.561,bitmex,SOL/USDT:USDT,184.92,16000.0,184.9,112000.0,184.94,14000.0,184.95,173000.0
1753769560610,06:12:40.610,bitmex,SOL/USDT:USDT,184.92,16000.0,184.9,112000.0,184.94,14000.0,184.95,173000.0
1753769560970,06:12:40.970,bitmex,SOL/USDT:USDT,184.93,35000.0,184.91,29000.0,184.95,187000.0,184.96,606000.0
1753769561117,06:12:41.117,bitmex,SOL/USDT:USDT,184.93,35000.0,184.91,29000.0,184.95,187000.0,184.96,606000.0
1753769561166,06:12:41.166,bitmex,SOL/USDT:USDT,184.93,35000.0,184.91,29000.0,184.94,14000.0,184.95,173000.0
1753769561215,06:12:41.215,bitmex,SOL/USDT:USDT,184.93,35000.0,184.91,29000.0,184.94,14000.0,184.95,173000.0
1753769561264,06:12:41.264,bitmex,SOL/USDT:USDT,184.93,16000.0,184.91,29000.0,184.94,14000.0,184.95,173000.0
1753769561313,06:12:41.313,bitmex,SOL/USDT:USDT,184.92,16000.0,184.9,19000.0,184.94,14000.0,184.95,173000.0
1753769561362,06:12:41.362,bitmex,SOL/USDT:USDT,184.92,16000.0,184.91,29000.0,184.94,14000.0,184.95,173000.0
1753769561411,06:12:41.411,bitmex,SOL/USDT:USDT,184.92,16000.0,184.91,29000.0,184.94,14000.0,184.95,173000.0
1753769561460,06:12:41.460,bitmex,SOL/USDT:USDT,184.92,16000.0,184.91,29000.0,184.94,14000.0,184.95,173000.0
1753769561698,06:12:41.698,bitmex,SOL/USDT:USDT,184.92,16000.0,184.91,29000.0,184.94,14000.0,184.95,173000.0
1753769562017,06:12:42.017,bitmex,SOL/USDT:USDT,184.92,16000.0,184.91,29000.0,184.95,173000.0,184.96,606000.0
1753769562067,06:12:42.067,bitmex,SOL/USDT:USDT,184.93,35000.0,184.91,29000.0,184.95,187000.0,184.96,606000.0
1753769562185,06:12:42.185,bitmex,SOL/USDT:USDT,184.93,35000.0,184.91,29000.0,184.95,187000.0,184.96,606000.0
1753769562235,06:12:42.235,bitmex,SOL/USDT:USDT,184.93,35000.0,184.91,29000.0,184.95,187000.0,184.96,606000.0
1753769562353,06:12:42.353,bitmex,SOL/USDT:USDT,184.93,35000.0,184.91,29000.0,184.95,187000.0,184.96,606000.0
1753769562472,06:12:42.472,bitmex,SOL/USDT:USDT,184.93,35000.0,184.91,29000.0,184.95,187000.0,184.96,606000.0
1753769562698,06:12:42.698,bitmex,SOL/USDT:USDT,184.93,35000.0,184.91,29000.0,184.95,187000.0,184.96,606000.0
1753769562748,06:12:42.748,bitmex,SOL/USDT:USDT,184.93,35000.0,184.91,29000.0,184.95,187000.0,184.96,606000.0
1753769562972,06:12:42.972,bitmex,SOL/USDT:USDT,184.93,35000.0,184.91,29000.0,184.95,187000.0,184.96,606000.0
1753769563102,06:12:43.102,bitmex,SOL/USDT:USDT,184.93,16000.0,184.91,29000.0,184.95,187000.0,184.96,606000.0
1753769563152,06:12:43.152,bitmex,SOL/USDT:USDT,184.93,16000.0,184.91,29000.0,184.95,187000.0,184.96,606000.0
1753769563271,06:12:43.271,bitmex,SOL/USDT:USDT,184.93,16000.0,184.91,29000.0,184.95,187000.0,184.96,606000.0
1753769563320,06:12:43.320,bitmex,SOL/USDT:USDT,184.93,16000.0,184.91,29000.0,184.95,187000.0,184.96,606000.0
1753769563439,06:12:43.439,bitmex,SOL/USDT:USDT,184.93,16000.0,184.91,29000.0,184.95,187000.0,184.96,606000.0
1753769563489,06:12:43.489,bitmex,SOL/USDT:USDT,184.93,16000.0,184.91,29000.0,184.95,187000.0,184.96,606000.0
1753769563600,06:12:43.600,bitmex,SOL/USDT:USDT,184.93,16000.0,184.91,29000.0,184.95,187000.0,184.96,606000.0
1753769563650,06:12:43.650,bitmex,SOL/USDT:USDT,184.93,16000.0,184.91,29000.0,184.95,187000.0,184.96,606000.0
1753769563959,06:12:43.959,bitmex,SOL/USDT:USDT,184.93,16000.0,184.91,29000.0,184.95,187000.0,184.96,606000.0
1753769564019,06:12:44.019,bitmex,SOL/USDT:USDT,184.93,16000.0,184.91,29000.0,184.95,187000.0,184.96,606000.0
1753769564383,06:12:44.383,bitmex,SOL/USDT:USDT,184.93,16000.0,184.91,29000.0,184.95,187000.0,184.96,606000.0
1753769564555,06:12:44.555,bitmex,SOL/USDT:USDT,184.93,16000.0,184.91,29000.0,184.95,187000.0,184.96,606000.0
1753769564604,06:12:44.604,bitmex,SOL/USDT:USDT,184.93,16000.0,184.91,29000.0,184.95,187000.0,184.96,606000.0
1753769564726,06:12:44.726,bitmex,SOL/USDT:USDT,184.93,16000.0,184.91,29000.0,184.95,187000.0,184.96,606000.0
1753769565040,06:12:45.040,bitmex,SOL/USDT:USDT,184.93,16000.0,184.91,29000.0,184.95,173000.0,184.96,606000.0
1753769565089,06:12:45.089,bitmex,SOL/USDT:USDT,184.94,16000.0,184.92,112000.0,184.96,620000.0,184.97,179000.0
1753769565138,06:12:45.138,bitmex,SOL/USDT:USDT,184.93,35000.0,184.91,24000.0,184.95,14000.0,184.96,606000.0
1753769565187,06:12:45.187,bitmex,SOL/USDT:USDT,184.93,35000.0,184.91,53000.0,184.95,14000.0,184.96,606000.0
1753769565236,06:12:45.236,bitmex,SOL/USDT:USDT,184.95,28000.0,184.94,16000.0,184.97,179000.0,184.98,89000.0
1753769565285,06:12:45.285,bitmex,SOL/USDT:USDT,184.96,19000.0,184.93,112000.0,184.97,193000.0,184.98,89000.0
1753769565334,06:12:45.334,bitmex,SOL/USDT:USDT,184.93,55000.0,184.91,24000.0,184.97,166000.0,184.98,662000.0
1753769565383,06:12:45.383,bitmex,SOL/USDT:USDT,184.93,55000.0,184.91,53000.0,184.97,166000.0,184.98,1196000.0
1753769565432,06:12:45.432,bitmex,SOL/USDT:USDT,184.93,55000.0,184.91,53000.0,184.97,743000.0,184.98,1196000.0
1753769565481,06:12:45.481,bitmex,SOL/USDT:USDT,184.93,55000.0,184.91,53000.0,184.97,743000.0,184.98,1196000.0
1753769565587,06:12:45.587,bitmex,SOL/USDT:USDT,184.93,55000.0,184.91,53000.0,184.97,743000.0,184.98,1196000.0
1753769565636,06:12:45.636,bitmex,SOL/USDT:USDT,184.93,16000.0,184.91,29000.0,184.95,14000.0,184.96,243000.0
1753769565685,06:12:45.685,bitmex,SOL/USDT:USDT,184.93,16000.0,184.91,29000.0,184.95,14000.0,184.96,243000.0
1753769565743,06:12:45.743,bitmex,SOL/USDT:USDT,184.93,16000.0,184.91,29000.0,184.95,14000.0,184.96,243000.0
1753769565793,06:12:45.793,bitmex,SOL/USDT:USDT,184.93,16000.0,184.91,29000.0,184.95,14000.0,184.96,243000.0
1753769565856,06:12:45.856,bitmex,SOL/USDT:USDT,184.91,29000.0,184.9,112000.0,184.95,14000.0,184.96,243000.0
1753769565906,06:12:45.906,bitmex,SOL/USDT:USDT,184.94,16000.0,184.93,39000.0,184.96,34000.0,184.97,729000.0
1753769566004,06:12:46.004,bitmex,SOL/USDT:USDT,184.95,19000.0,184.89,23000.0,184.96,34000.0,184.97,729000.0
1753769566053,06:12:46.053,bitmex,SOL/USDT:USDT,184.95,19000.0,184.93,111000.0,184.96,34000.0,184.97,729000.0
1753769566132,06:12:46.132,bitmex,SOL/USDT:USDT,184.95,19000.0,184.93,111000.0,184.96,34000.0,184.97,729000.0
1753769566181,06:12:46.181,bitmex,SOL/USDT:USDT,184.95,19000.0,184.93,111000.0,184.96,34000.0,184.97,729000.0
1753769566230,06:12:46.230,bitmex,SOL/USDT:USDT,184.95,19000.0,184.93,111000.0,184.96,34000.0,184.97,729000.0
1753769566348,06:12:46.348,bitmex,SOL/USDT:USDT,184.95,19000.0,184.93,111000.0,184.96,34000.0,184.97,729000.0
1753769566398,06:12:46.398,bitmex,SOL/USDT:USDT,184.95,19000.0,184.93,111000.0,184.96,34000.0,184.97,729000.0
1753769566447,06:12:46.447,bitmex,SOL/USDT:USDT,184.95,19000.0,184.93,111000.0,184.96,34000.0,184.97,729000.0
1753769566518,06:12:46.518,bitmex,SOL/USDT:USDT,184.95,19000.0,184.93,111000.0,184.96,34000.0,184.97,729000.0
1753769566568,06:12:46.568,bitmex,SOL/USDT:USDT,184.95,19000.0,184.93,111000.0,184.96,34000.0,184.97,729000.0
1753769566690,06:12:46.690,bitmex,SOL/USDT:USDT,184.95,19000.0,184.93,111000.0,184.96,34000.0,184.97,729000.0
1753769566739,06:12:46.739,bitmex,SOL/USDT:USDT,184.95,19000.0,184.93,111000.0,184.96,34000.0,184.97,729000.0
1753769566788,06:12:46.788,bitmex,SOL/USDT:USDT,184.93,39000.0,184.91,29000.0,184.96,34000.0,184.97,729000.0
1753769566886,06:12:46.886,bitmex,SOL/USDT:USDT,184.93,55000.0,184.91,29000.0,184.96,34000.0,184.97,729000.0
1753769567031,06:12:47.031,bitmex,SOL/USDT:USDT,184.93,55000.0,184.91,29000.0,184.96,34000.0,184.97,729000.0
1753769567081,06:12:47.081,bitmex,SOL/USDT:USDT,184.93,55000.0,184.91,29000.0,184.96,34000.0,184.97,729000.0
1753769567202,06:12:47.202,bitmex,SOL/USDT:USDT,184.93,55000.0,184.91,29000.0,184.96,34000.0,184.97,729000.0
1753769567252,06:12:47.252,bitmex,SOL/USDT:USDT,184.93,55000.0,184.91,29000.0,184.96,34000.0,184.97,729000.0
1753769567316,06:12:47.316,bitmex,SOL/USDT:USDT,184.93,55000.0,184.91,29000.0,184.96,34000.0,184.97,729000.0
1753769567365,06:12:47.365,bitmex,SOL/USDT:USDT,184.93,55000.0,184.91,29000.0,184.96,34000.0,184.97,729000.0
1753769567414,06:12:47.414,bitmex,SOL/USDT:USDT,184.93,55000.0,184.91,29000.0,184.96,34000.0,184.97,729000.0
1753769567463,06:12:47.463,bitmex,SOL/USDT:USDT,184.93,55000.0,184.91,53000.0,184.96,20000.0,184.97,729000.0
1753769567512,06:12:47.512,bitmex,SOL/USDT:USDT,184.95,35000.0,184.93,111000.0,184.96,20000.0,184.97,729000.0
1753769567561,06:12:47.561,bitmex,SOL/USDT:USDT,184.95,35000.0,184.93,111000.0,184.96,20000.0,184.97,729000.0
1753769567610,06:12:47.610,bitmex,SOL/USDT:USDT,184.95,35000.0,184.93,111000.0,184.96,20000.0,184.97,729000.0
1753769567674,06:12:47.674,bitmex,SOL/USDT:USDT,184.95,35000.0,184.93,111000.0,184.96,20000.0,184.97,729000.0
1753769567724,06:12:47.724,bitmex,SOL/USDT:USDT,184.95,35000.0,184.93,111000.0,184.96,20000.0,184.97,729000.0
1753769567773,06:12:47.773,bitmex,SOL/USDT:USDT,184.95,35000.0,184.93,111000.0,184.96,20000.0,184.97,729000.0
1753769568007,06:12:48.007,bitmex,SOL/USDT:USDT,184.95,35000.0,184.93,111000.0,184.96,20000.0,184.97,729000.0
1753769568057,06:12:48.057,bitmex,SOL/USDT:USDT,184.95,35000.0,184.93,111000.0,184.96,20000.0,184.97,729000.0
1753769568175,06:12:48.175,bitmex,SOL/USDT:USDT,184.95,35000.0,184.93,111000.0,184.96,20000.0,184.97,729000.0
1753769568224,06:12:48.224,bitmex,SOL/USDT:USDT,184.95,35000.0,184.93,111000.0,184.96,20000.0,184.97,729000.0
1753769568344,06:12:48.344,bitmex,SOL/USDT:USDT,184.95,35000.0,184.93,111000.0,184.96,20000.0,184.97,729000.0
1753769568393,06:12:48.393,bitmex,SOL/USDT:USDT,184.95,35000.0,184.93,111000.0,184.96,20000.0,184.97,729000.0
1753769568442,06:12:48.442,bitmex,SOL/USDT:USDT,184.95,16000.0,184.93,111000.0,184.96,20000.0,184.97,729000.0
1753769568491,06:12:48.491,bitmex,SOL/USDT:USDT,184.95,16000.0,184.93,111000.0,184.96,20000.0,184.97,729000.0
1753769568540,06:12:48.540,bitmex,SOL/USDT:USDT,184.95,16000.0,184.93,111000.0,184.96,20000.0,184.97,729000.0
1753769568597,06:12:48.597,bitmex,SOL/USDT:USDT,184.95,16000.0,184.93,111000.0,184.96,34000.0,184.97,729000.0
1753769568646,06:12:48.646,bitmex,SOL/USDT:USDT,184.94,16000.0,184.91,53000.0,184.96,34000.0,184.97,729000.0
1753769568695,06:12:48.695,bitmex,SOL/USDT:USDT,184.91,24000.0,184.89,1808000.0,184.96,34000.0,184.97,729000.0
1753769568744,06:12:48.744,bitmex,SOL/USDT:USDT,184.95,19000.0,184.93,111000.0,184.96,34000.0,184.97,729000.0
1753769568857,06:12:48.857,bitmex,SOL/USDT:USDT,184.95,19000.0,184.93,111000.0,184.96,34000.0,184.97,729000.0
1753769568906,06:12:48.906,bitmex,SOL/USDT:USDT,184.95,19000.0,184.93,111000.0,184.96,34000.0,184.97,729000.0
1753769568955,06:12:48.955,bitmex,SOL/USDT:USDT,184.95,35000.0,184.93,111000.0,184.96,20000.0,184.97,729000.0
1753769569004,06:12:49.004,bitmex,SOL/USDT:USDT,184.95,35000.0,184.93,111000.0,184.96,20000.0,184.97,729000.0
1753769569053,06:12:49.053,bitmex,SOL/USDT:USDT,184.95,35000.0,184.93,111000.0,184.96,20000.0,184.97,577000.0
1753769569102,06:12:49.102,bitmex,SOL/USDT:USDT,184.95,35000.0,184.93,111000.0,184.96,20000.0,184.97,577000.0
1753769569151,06:12:49.151,bitmex,SOL/USDT:USDT,184.95,35000.0,184.93,111000.0,184.96,20000.0,184.97,577000.0
1753769569200,06:12:49.200,bitmex,SOL/USDT:USDT,184.95,35000.0,184.94,29000.0,184.96,20000.0,184.97,577000.0
1753769569249,06:12:49.249,bitmex,SOL/USDT:USDT,184.95,35000.0,184.94,29000.0,184.96,20000.0,184.97,577000.0
1753769569347,06:12:49.347,bitmex,SOL/USDT:USDT,184.95,35000.0,184.94,29000.0,184.96,20000.0,184.97,577000.0
1753769569396,06:12:49.396,bitmex,SOL/USDT:USDT,184.95,35000.0,184.94,29000.0,184.96,20000.0,184.97,577000.0
1753769569445,06:12:49.445,bitmex,SOL/USDT:USDT,184.95,35000.0,184.94,29000.0,184.96,20000.0,184.97,577000.0
1753769569584,06:12:49.584,bitmex,SOL/USDT:USDT,184.95,35000.0,184.94,29000.0,184.96,20000.0,184.97,577000.0
1753769569633,06:12:49.633,bitmex,SOL/USDT:USDT,184.95,35000.0,184.94,29000.0,184.96,20000.0,184.97,577000.0
1753769569765,06:12:49.765,bitmex,SOL/USDT:USDT,184.95,35000.0,184.94,29000.0,184.96,20000.0,184.97,577000.0
1753769569978,06:12:49.978,bitmex,SOL/USDT:USDT,184.95,35000.0,184.94,29000.0,184.96,20000.0,184.97,577000.0
1753769570028,06:12:50.028,bitmex,SOL/USDT:USDT,184.95,16000.0,184.94,29000.0,184.96,20000.0,184.97,577000.0
1753769570077,06:12:50.077,bitmex,SOL/USDT:USDT,184.95,16000.0,184.94,29000.0,184.96,20000.0,184.97,577000.0
1753769570126,06:12:50.126,bitmex,SOL/USDT:USDT,184.95,16000.0,184.94,29000.0,184.96,20000.0,184.97,577000.0
1753769570318,06:12:50.318,bitmex,SOL/USDT:USDT,184.95,16000.0,184.94,29000.0,184.96,20000.0,184.97,577000.0
1753769570514,06:12:50.514,bitmex,SOL/USDT:USDT,184.95,16000.0,184.93,111000.0,184.96,20000.0,184.97,577000.0
1753769570767,06:12:50.767,bitmex,SOL/USDT:USDT,184.95,19000.0,184.94,16000.0,184.96,34000.0,184.97,577000.0
1753769570816,06:12:50.816,bitmex,SOL/USDT:USDT,184.95,35000.0,184.93,111000.0,184.96,20000.0,184.97,577000.0
1753769570881,06:12:50.881,bitmex,SOL/USDT:USDT,184.95,35000.0,184.93,111000.0,184.96,20000.0,184.97,577000.0
1753769570930,06:12:50.930,bitmex,SOL/USDT:USDT,184.95,35000.0,184.93,111000.0,184.96,20000.0,184.97,577000.0
1753769570979,06:12:50.979,bitmex,SOL/USDT:USDT,184.95,35000.0,184.93,111000.0,184.96,20000.0,184.97,577000.0
1753769571028,06:12:51.028,bitmex,SOL/USDT:USDT,184.95,35000.0,184.93,111000.0,184.96,20000.0,184.97,577000.0
1753769571152,06:12:51.152,bitmex,SOL/USDT:USDT,184.95,35000.0,184.93,111000.0,184.96,20000.0,184.97,577000.0
1753769571201,06:12:51.201,bitmex,SOL/USDT:USDT,184.95,35000.0,184.93,111000.0,184.96,20000.0,184.97,577000.0
1753769571250,06:12:51.250,bitmex,SOL/USDT:USDT,184.95,35000.0,184.93,111000.0,184.96,20000.0,184.97,577000.0
1753769571423,06:12:51.423,bitmex,SOL/USDT:USDT,184.95,35000.0,184.93,111000.0,184.96,20000.0,184.97,577000.0
1753769571473,06:12:51.473,bitmex,SOL/USDT:USDT,184.95,35000.0,184.94,29000.0,184.96,20000.0,184.97,577000.0
1753769571871,06:12:51.871,bitmex,SOL/USDT:USDT,184.95,35000.0,184.94,29000.0,184.96,20000.0,184.97,577000.0
1753769571921,06:12:51.921,bitmex,SOL/USDT:USDT,184.95,35000.0,184.94,29000.0,184.96,20000.0,184.97,577000.0
1753769571971,06:12:51.971,bitmex,SOL/USDT:USDT,184.95,35000.0,184.94,29000.0,184.96,20000.0,184.97,577000.0
1753769572021,06:12:52.021,bitmex,SOL/USDT:USDT,184.95,35000.0,184.94,29000.0,184.96,20000.0,184.97,577000.0
1753769572204,06:12:52.204,bitmex,SOL/USDT:USDT,184.95,35000.0,184.94,29000.0,184.96,20000.0,184.97,577000.0
1753769572253,06:12:52.253,bitmex,SOL/USDT:USDT,184.95,35000.0,184.94,29000.0,184.96,20000.0,184.97,577000.0
1753769572302,06:12:52.302,bitmex,SOL/USDT:USDT,184.95,35000.0,184.94,29000.0,184.96,20000.0,184.97,577000.0
1753769572351,06:12:52.351,bitmex,SOL/USDT:USDT,184.95,35000.0,184.94,29000.0,184.96,20000.0,184.97,577000.0
1753769572400,06:12:52.400,bitmex,SOL/USDT:USDT,184.95,35000.0,184.94,29000.0,184.96,20000.0,184.97,577000.0
1753769572897,06:12:52.897,bitmex,SOL/USDT:USDT,184.95,35000.0,184.94,29000.0,184.96,20000.0,184.97,577000.0
1753769572946,06:12:52.946,bitmex,SOL/USDT:USDT,184.95,35000.0,184.94,29000.0,184.96,20000.0,184.97,577000.0
1753769573099,06:12:53.099,bitmex,SOL/USDT:USDT,184.95,35000.0,184.94,29000.0,184.96,20000.0,184.97,577000.0
1753769573278,06:12:53.278,bitmex,SOL/USDT:USDT,184.95,16000.0,184.94,29000.0,184.96,20000.0,184.97,577000.0
1753769573328,06:12:53.328,bitmex,SOL/USDT:USDT,184.95,16000.0,184.94,29000.0,184.96,20000.0,184.97,577000.0
1753769573377,06:12:53.377,bitmex,SOL/USDT:USDT,184.95,16000.0,184.94,29000.0,184.96,20000.0,184.97,577000.0
1753769573426,06:12:53.426,bitmex,SOL/USDT:USDT,184.95,16000.0,184.94,29000.0,184.96,20000.0,184.97,577000.0
1753769573475,06:12:53.475,bitmex,SOL/USDT:USDT,184.95,16000.0,184.94,29000.0,184.96,20000.0,184.97,577000.0
1753769573524,06:12:53.524,bitmex,SOL/USDT:USDT,184.95,16000.0,184.94,29000.0,184.96,20000.0,184.97,577000.0
1753769574041,06:12:54.041,bitmex,SOL/USDT:USDT,184.95,16000.0,184.94,29000.0,184.96,20000.0,184.97,577000.0
1753769574091,06:12:54.091,bitmex,SOL/USDT:USDT,184.95,16000.0,184.94,29000.0,184.96,20000.0,184.97,577000.0
1753769574238,06:12:54.238,bitmex,SOL/USDT:USDT,184.95,16000.0,184.93,134000.0,184.96,20000.0,184.97,577000.0
1753769574379,06:12:54.379,bitmex,SOL/USDT:USDT,184.95,16000.0,184.93,134000.0,184.96,34000.0,184.97,577000.0
1753769574429,06:12:54.429,bitmex,SOL/USDT:USDT,184.95,35000.0,184.93,111000.0,184.96,34000.0,184.97,577000.0
1753769574478,06:12:54.478,bitmex,SOL/USDT:USDT,184.95,35000.0,184.93,111000.0,184.96,34000.0,184.97,577000.0
1753769574527,06:12:54.527,bitmex,SOL/USDT:USDT,184.95,35000.0,184.94,29000.0,184.96,20000.0,184.97,577000.0
1753769574576,06:12:54.576,bitmex,SOL/USDT:USDT,184.95,35000.0,184.94,29000.0,184.96,20000.0,184.97,577000.0
1753769574625,06:12:54.625,bitmex,SOL/USDT:USDT,184.95,16000.0,184.94,29000.0,184.96,20000.0,184.97,577000.0
1753769574674,06:12:54.674,bitmex,SOL/USDT:USDT,184.95,19000.0,184.94,16000.0,184.96,34000.0,184.97,577000.0
1753769574723,06:12:54.723,bitmex,SOL/USDT:USDT,184.95,35000.0,184.93,111000.0,184.96,20000.0,184.97,577000.0
1753769574794,06:12:54.794,bitmex,SOL/USDT:USDT,184.95,35000.0,184.93,111000.0,184.96,20000.0,184.97,577000.0
1753769574855,06:12:54.855,bitmex,SOL/USDT:USDT,184.95,35000.0,184.93,111000.0,184.96,20000.0,184.97,577000.0
1753769574905,06:12:54.905,bitmex,SOL/USDT:USDT,184.95,35000.0,184.93,111000.0,184.96,20000.0,184.97,577000.0
1753769574954,06:12:54.954,bitmex,SOL/USDT:USDT,184.95,35000.0,184.93,111000.0,184.96,20000.0,184.97,577000.0
1753769575003,06:12:55.003,bitmex,SOL/USDT:USDT,184.95,35000.0,184.93,111000.0,184.96,20000.0,184.97,577000.0
1753769575052,06:12:55.052,bitmex,SOL/USDT:USDT,184.95,35000.0,184.93,111000.0,184.96,20000.0,184.97,577000.0
1753769575101,06:12:55.101,bitmex,SOL/USDT:USDT,184.95,35000.0,184.93,111000.0,184.96,20000.0,184.97,577000.0
1753769575150,06:12:55.150,bitmex,SOL/USDT:USDT,184.95,35000.0,184.93,111000.0,184.96,20000.0,184.97,577000.0
1753769575214,06:12:55.214,bitmex,SOL/USDT:USDT,184.95,35000.0,184.93,111000.0,184.96,20000.0,184.97,577000.0
1753769575264,06:12:55.264,bitmex,SOL/USDT:USDT,184.95,35000.0,184.93,111000.0,184.96,20000.0,184.97,577000.0
1753769575313,06:12:55.313,bitmex,SOL/USDT:USDT,184.95,35000.0,184.93,111000.0,184.96,20000.0,184.97,577000.0
1753769575389,06:12:55.389,bitmex,SOL/USDT:USDT,184.95,35000.0,184.93,111000.0,184.96,20000.0,184.97,577000.0
1753769575798,06:12:55.798,bitmex,SOL/USDT:USDT,184.95,16000.0,184.93,111000.0,184.96,20000.0,184.97,577000.0
1753769575968,06:12:55.968,bitmex,SOL/USDT:USDT,184.95,16000.0,184.93,111000.0,184.96,20000.0,184.97,577000.0
1753769576123,06:12:56.123,bitmex,SOL/USDT:USDT,184.95,16000.0,184.93,111000.0,184.96,20000.0,184.97,577000.0
1753769576173,06:12:56.173,bitmex,SOL/USDT:USDT,184.95,16000.0,184.94,29000.0,184.96,20000.0,184.97,577000.0
1753769576233,06:12:56.233,bitmex,SOL/USDT:USDT,184.95,16000.0,184.93,111000.0,184.96,20000.0,184.97,577000.0
1753769576295,06:12:56.295,bitmex,SOL/USDT:USDT,184.95,16000.0,184.93,111000.0,184.96,20000.0,184.97,577000.0
1753769576345,06:12:56.345,bitmex,SOL/USDT:USDT,184.95,16000.0,184.93,111000.0,184.96,20000.0,184.97,577000.0
1753769576466,06:12:56.466,bitmex,SOL/USDT:USDT,184.95,16000.0,184.93,111000.0,184.96,20000.0,184.97,577000.0
1753769576515,06:12:56.515,bitmex,SOL/USDT:USDT,184.95,16000.0,184.93,111000.0,184.96,20000.0,184.97,577000.0
1753769576574,06:12:56.574,bitmex,SOL/USDT:USDT,184.95,16000.0,184.93,111000.0,184.96,20000.0,184.97,577000.0
1753769576624,06:12:56.624,bitmex,SOL/USDT:USDT,184.95,16000.0,184.93,111000.0,184.96,20000.0,184.97,577000.0
1753769576673,06:12:56.673,bitmex,SOL/USDT:USDT,184.95,16000.0,184.93,111000.0,184.96,20000.0,184.97,577000.0
1753769576743,06:12:56.743,bitmex,SOL/USDT:USDT,184.95,16000.0,184.93,111000.0,184.96,34000.0,184.97,577000.0
1753769576792,06:12:56.792,bitmex,SOL/USDT:USDT,184.95,35000.0,184.93,72000.0,184.96,20000.0,184.97,577000.0
1753769576841,06:12:56.841,bitmex,SOL/USDT:USDT,184.95,35000.0,184.93,72000.0,184.96,20000.0,184.97,577000.0
1753769576890,06:12:56.890,bitmex,SOL/USDT:USDT,184.94,16000.0,184.93,29000.0,184.96,34000.0,184.97,577000.0
1753769576939,06:12:56.939,bitmex,SOL/USDT:USDT,184.94,16000.0,184.92,111000.0,184.96,34000.0,184.97,577000.0
1753769576988,06:12:56.988,bitmex,SOL/USDT:USDT,184.94,16000.0,184.92,111000.0,184.96,34000.0,184.97,577000.0
1753769577037,06:12:57.037,bitmex,SOL/USDT:USDT,184.94,16000.0,184.93,29000.0,184.96,34000.0,184.97,577000.0
1753769577086,06:12:57.086,bitmex,SOL/USDT:USDT,184.94,16000.0,184.92,111000.0,184.96,34000.0,184.97,577000.0
1753769577152,06:12:57.152,bitmex,SOL/USDT:USDT,184.94,16000.0,184.92,111000.0,184.96,34000.0,184.97,577000.0
1753769577201,06:12:57.201,bitmex,SOL/USDT:USDT,184.94,16000.0,184.92,111000.0,184.96,34000.0,184.97,577000.0
1753769577250,06:12:57.250,bitmex,SOL/USDT:USDT,184.94,16000.0,184.93,29000.0,184.96,34000.0,184.97,577000.0
1753769577299,06:12:57.299,bitmex,SOL/USDT:USDT,184.94,16000.0,184.93,29000.0,184.96,34000.0,184.97,577000.0
1753769577348,06:12:57.348,bitmex,SOL/USDT:USDT,184.94,16000.0,184.93,29000.0,184.96,34000.0,184.97,577000.0
1753769577473,06:12:57.473,bitmex,SOL/USDT:USDT,184.94,16000.0,184.93,29000.0,184.96,34000.0,184.97,577000.0
1753769577522,06:12:57.522,bitmex,SOL/USDT:USDT,184.94,16000.0,184.93,29000.0,184.96,34000.0,184.97,577000.0
1753769577571,06:12:57.571,bitmex,SOL/USDT:USDT,184.94,16000.0,184.92,111000.0,184.96,34000.0,184.97,577000.0
1753769577620,06:12:57.620,bitmex,SOL/USDT:USDT,184.94,16000.0,184.92,111000.0,184.96,34000.0,184.97,577000.0
1753769577669,06:12:57.669,bitmex,SOL/USDT:USDT,184.94,16000.0,184.92,111000.0,184.96,34000.0,184.97,577000.0
1753769577765,06:12:57.765,bitmex,SOL/USDT:USDT,184.94,16000.0,184.92,111000.0,184.96,34000.0,184.97,577000.0
1753769577815,06:12:57.815,bitmex,SOL/USDT:USDT,184.94,16000.0,184.92,111000.0,184.96,34000.0,184.97,577000.0
1753769577864,06:12:57.864,bitmex,SOL/USDT:USDT,184.94,16000.0,184.92,111000.0,184.96,34000.0,184.97,577000.0
1753769577913,06:12:57.913,bitmex,SOL/USDT:USDT,184.94,16000.0,184.92,111000.0,184.96,34000.0,184.97,577000.0
1753769577962,06:12:57.962,bitmex,SOL/USDT:USDT,184.94,16000.0,184.92,111000.0,184.96,34000.0,184.97,577000.0
1753769578077,06:12:58.077,bitmex,SOL/USDT:USDT,184.94,16000.0,184.92,111000.0,184.96,34000.0,184.97,577000.0
1753769578196,06:12:58.196,bitmex,SOL/USDT:USDT,184.94,16000.0,184.92,111000.0,184.96,34000.0,184.97,577000.0
1753769578246,06:12:58.246,bitmex,SOL/USDT:USDT,184.95,16000.0,184.92,39000.0,184.96,34000.0,184.97,577000.0
1753769578295,06:12:58.295,bitmex,SOL/USDT:USDT,184.95,19000.0,184.93,111000.0,184.96,34000.0,184.97,577000.0
1753769578344,06:12:58.344,bitmex,SOL/USDT:USDT,184.95,35000.0,184.93,111000.0,184.96,20000.0,184.97,577000.0
1753769578393,06:12:58.393,bitmex,SOL/USDT:USDT,184.95,35000.0,184.93,111000.0,184.96,20000.0,184.97,577000.0
1753769578480,06:12:58.480,bitmex,SOL/USDT:USDT,184.95,35000.0,184.93,111000.0,184.96,20000.0,184.97,577000.0
1753769578529,06:12:58.529,bitmex,SOL/USDT:USDT,184.95,35000.0,184.93,111000.0,184.96,20000.0,184.97,577000.0
1753769578578,06:12:58.578,bitmex,SOL/USDT:USDT,184.95,35000.0,184.93,111000.0,184.96,20000.0,184.97,577000.0
1753769578710,06:12:58.710,bitmex,SOL/USDT:USDT,184.95,35000.0,184.93,111000.0,184.96,20000.0,184.97,577000.0
1753769578841,06:12:58.841,bitmex,SOL/USDT:USDT,184.95,35000.0,184.93,111000.0,184.96,20000.0,184.97,577000.0
1753769578890,06:12:58.890,bitmex,SOL/USDT:USDT,184.95,35000.0,184.93,111000.0,184.96,20000.0,184.97,577000.0
1753769578939,06:12:58.939,bitmex,SOL/USDT:USDT,184.95,35000.0,184.93,111000.0,184.96,20000.0,184.97,577000.0
1753769579271,06:12:59.271,bitmex,SOL/USDT:USDT,184.95,16000.0,184.93,111000.0,184.96,20000.0,184.97,577000.0
1753769579320,06:12:59.320,bitmex,SOL/USDT:USDT,184.95,16000.0,184.93,111000.0,184.96,20000.0,184.97,577000.0
1753769579526,06:12:59.526,bitmex,SOL/USDT:USDT,184.95,35000.0,184.94,29000.0,184.96,20000.0,185.0,1611000.0
1753769579575,06:12:59.575,bitmex,SOL/USDT:USDT,184.95,35000.0,184.94,29000.0,184.96,20000.0,184.98,577000.0
1753769579681,06:12:59.681,bitmex,SOL/USDT:USDT,184.95,35000.0,184.94,29000.0,184.96,20000.0,184.98,577000.0
1753769579921,06:12:59.921,bitmex,SOL/USDT:USDT,184.95,35000.0,184.94,29000.0,184.96,20000.0,184.98,577000.0
1753769579971,06:12:59.971,bitmex,SOL/USDT:USDT,184.95,35000.0,184.94,29000.0,184.96,20000.0,184.98,577000.0
1753769580020,06:13:00.020,bitmex,SOL/USDT:USDT,184.95,35000.0,184.94,29000.0,184.96,20000.0,184.98,577000.0
1753769580069,06:13:00.069,bitmex,SOL/USDT:USDT,184.95,35000.0,184.94,29000.0,184.96,20000.0,185.0,1611000.0
1753769580118,06:13:00.118,bitmex,SOL/USDT:USDT,184.97,19000.0,184.96,16000.0,184.98,14000.0,185.0,1611000.0
1753769580167,06:13:00.167,bitmex,SOL/USDT:USDT,184.97,19000.0,184.96,16000.0,184.98,591000.0,185.0,1611000.0
1753769580216,06:13:00.216,bitmex,SOL/USDT:USDT,184.96,19000.0,184.95,35000.0,184.98,591000.0,185.0,1611000.0
1753769580265,06:13:00.265,bitmex,SOL/USDT:USDT,184.96,35000.0,184.94,29000.0,184.98,591000.0,185.0,1611000.0
1753769580314,06:13:00.314,bitmex,SOL/USDT:USDT,184.96,16000.0,184.94,29000.0,184.98,591000.0,185.0,1611000.0
1753769580363,06:13:00.363,bitmex,SOL/USDT:USDT,184.95,16000.0,184.93,23000.0,184.97,14000.0,184.98,577000.0
1753769580412,06:13:00.412,bitmex,SOL/USDT:USDT,184.95,16000.0,184.94,29000.0,184.97,14000.0,184.98,577000.0
1753769580461,06:13:00.461,bitmex,SOL/USDT:USDT,184.96,16000.0,184.93,23000.0,184.98,577000.0,185.0,1611000.0
1753769580510,06:13:00.510,bitmex,SOL/USDT:USDT,184.96,16000.0,184.94,29000.0,184.98,591000.0,185.0,1611000.0
1753769580666,06:13:00.666,bitmex,SOL/USDT:USDT,184.96,16000.0,184.94,29000.0,184.98,591000.0,185.0,1611000.0
1753769580715,06:13:00.715,bitmex,SOL/USDT:USDT,184.96,16000.0,184.94,29000.0,184.98,591000.0,185.0,1611000.0
1753769580764,06:13:00.764,bitmex,SOL/USDT:USDT,184.96,16000.0,184.94,29000.0,184.98,591000.0,185.0,1611000.0
1753769580813,06:13:00.813,bitmex,SOL/USDT:USDT,184.96,16000.0,184.94,29000.0,184.98,591000.0,185.0,1611000.0
1753769580862,06:13:00.862,bitmex,SOL/USDT:USDT,184.96,16000.0,184.94,29000.0,184.98,591000.0,185.0,1611000.0
1753769581011,06:13:01.011,bitmex,SOL/USDT:USDT,184.96,16000.0,184.94,29000.0,184.98,591000.0,185.0,1611000.0
1753769581061,06:13:01.061,bitmex,SOL/USDT:USDT,184.96,16000.0,184.94,29000.0,184.98,591000.0,185.0,1611000.0
1753769581110,06:13:01.110,bitmex,SOL/USDT:USDT,184.96,16000.0,184.94,29000.0,184.98,591000.0,185.0,1611000.0
1753769581202,06:13:01.202,bitmex,SOL/USDT:USDT,184.96,16000.0,184.94,29000.0,184.98,577000.0,185.0,1611000.0
1753769581300,06:13:01.300,bitmex,SOL/USDT:USDT,184.96,16000.0,184.94,29000.0,184.97,14000.0,184.98,577000.0
1753769581355,06:13:01.355,bitmex,SOL/USDT:USDT,184.96,16000.0,184.94,29000.0,184.97,14000.0,184.98,577000.0
1753769581453,06:13:01.453,bitmex,SOL/USDT:USDT,184.94,29000.0,184.91,196000.0,184.97,14000.0,184.98,577000.0
1753769581502,06:13:01.502,bitmex,SOL/USDT:USDT,184.95,16000.0,184.93,111000.0,184.96,14000.0,184.98,577000.0
1753769581551,06:13:01.551,bitmex,SOL/USDT:USDT,184.95,16000.0,184.93,111000.0,184.97,14000.0,184.98,577000.0
1753769581620,06:13:01.620,bitmex,SOL/USDT:USDT,184.95,16000.0,184.93,111000.0,184.97,14000.0,184.98,577000.0
1753769581767,06:13:01.767,bitmex,SOL/USDT:USDT,184.95,16000.0,184.93,111000.0,184.97,14000.0,184.98,577000.0
1753769581837,06:13:01.837,bitmex,SOL/USDT:USDT,184.95,16000.0,184.93,111000.0,184.97,14000.0,184.98,577000.0
1753769581886,06:13:01.886,bitmex,SOL/USDT:USDT,184.95,16000.0,184.93,111000.0,184.97,14000.0,184.98,577000.0
1753769582006,06:13:02.006,bitmex,SOL/USDT:USDT,184.95,16000.0,184.93,111000.0,184.97,14000.0,184.98,577000.0
1753769582056,06:13:02.056,bitmex,SOL/USDT:USDT,184.95,16000.0,184.93,111000.0,184.97,14000.0,184.98,577000.0
1753769582105,06:13:02.105,bitmex,SOL/USDT:USDT,184.95,16000.0,184.94,29000.0,184.97,14000.0,184.98,577000.0
1753769582154,06:13:02.154,bitmex,SOL/USDT:USDT,184.95,16000.0,184.94,29000.0,184.97,14000.0,184.98,577000.0
1753769582203,06:13:02.203,bitmex,SOL/USDT:USDT,184.96,35000.0,184.94,29000.0,184.98,591000.0,185.0,1611000.0
1753769582252,06:13:02.252,bitmex,SOL/USDT:USDT,184.96,35000.0,184.94,29000.0,184.98,591000.0,185.0,1611000.0
1753769582301,06:13:02.301,bitmex,SOL/USDT:USDT,184.91,223000.0,184.9,2369000.0,184.97,14000.0,184.98,577000.0
1753769582350,06:13:02.350,bitmex,SOL/USDT:USDT,184.95,16000.0,184.93,111000.0,184.97,14000.0,184.98,577000.0
1753769582399,06:13:02.399,bitmex,SOL/USDT:USDT,184.95,16000.0,184.93,111000.0,184.97,14000.0,184.98,577000.0
1753769582498,06:13:02.498,bitmex,SOL/USDT:USDT,184.95,16000.0,184.93,111000.0,184.97,14000.0,184.98,577000.0
1753769582596,06:13:02.596,bitmex,SOL/USDT:USDT,184.95,16000.0,184.93,111000.0,184.97,14000.0,184.98,577000.0
1753769582697,06:13:02.697,bitmex,SOL/USDT:USDT,184.95,16000.0,184.93,111000.0,184.97,14000.0,184.98,577000.0
1753769582746,06:13:02.746,bitmex,SOL/USDT:USDT,184.95,16000.0,184.93,111000.0,184.97,14000.0,184.98,577000.0
1753769582795,06:13:02.795,bitmex,SOL/USDT:USDT,184.95,16000.0,184.93,111000.0,184.97,14000.0,184.98,577000.0
1753769582844,06:13:02.844,bitmex,SOL/USDT:USDT,184.95,16000.0,184.93,111000.0,184.97,14000.0,184.98,577000.0
1753769582893,06:13:02.893,bitmex,SOL/USDT:USDT,184.95,16000.0,184.93,111000.0,184.97,14000.0,184.98,577000.0
1753769582966,06:13:02.966,bitmex,SOL/USDT:USDT,184.95,16000.0,184.93,111000.0,184.97,14000.0,184.98,577000.0
1753769583016,06:13:03.016,bitmex,SOL/USDT:USDT,184.95,16000.0,184.93,111000.0,184.97,14000.0,184.98,577000.0
1753769583065,06:13:03.065,bitmex,SOL/USDT:USDT,184.95,16000.0,184.93,111000.0,184.97,14000.0,184.98,577000.0
1753769583179,06:13:03.179,bitmex,SOL/USDT:USDT,184.95,16000.0,184.93,111000.0,184.97,14000.0,184.98,577000.0
1753769583229,06:13:03.229,bitmex,SOL/USDT:USDT,184.95,16000.0,184.93,111000.0,184.97,14000.0,184.98,577000.0
1753769583278,06:13:03.278,bitmex,SOL/USDT:USDT,184.95,16000.0,184.93,111000.0,184.97,14000.0,184.98,577000.0
1753769583327,06:13:03.327,bitmex,SOL/USDT:USDT,184.94,19000.0,184.93,39000.0,184.96,14000.0,184.98,577000.0
1753769583376,06:13:03.376,bitmex,SOL/USDT:USDT,184.94,35000.0,184.93,29000.0,184.96,14000.0,184.97,173000.0
1753769583425,06:13:03.425,bitmex,SOL/USDT:USDT,184.94,35000.0,184.92,111000.0,184.96,14000.0,184.97,173000.0
1753769583474,06:13:03.474,bitmex,SOL/USDT:USDT,184.94,35000.0,184.93,29000.0,184.96,14000.0,184.97,173000.0
1753769583523,06:13:03.523,bitmex,SOL/USDT:USDT,184.94,35000.0,184.92,111000.0,184.96,14000.0,184.97,173000.0
1753769583578,06:13:03.578,bitmex,SOL/USDT:USDT,184.94,35000.0,184.92,111000.0,184.96,14000.0,184.97,173000.0
1753769583628,06:13:03.628,bitmex,SOL/USDT:USDT,184.94,35000.0,184.93,29000.0,184.96,14000.0,184.97,173000.0
1753769583677,06:13:03.677,bitmex,SOL/USDT:USDT,184.94,35000.0,184.92,111000.0,184.96,14000.0,184.97,173000.0
1753769583834,06:13:03.834,bitmex,SOL/USDT:USDT,184.94,35000.0,184.92,111000.0,184.96,14000.0,184.97,173000.0
1753769583884,06:13:03.884,bitmex,SOL/USDT:USDT,184.94,35000.0,184.92,111000.0,184.96,14000.0,184.97,173000.0
1753769584016,06:13:04.016,bitmex,SOL/USDT:USDT,184.94,35000.0,184.92,111000.0,184.96,14000.0,184.97,173000.0
1753769584066,06:13:04.066,bitmex,SOL/USDT:USDT,184.96,19000.0,184.95,35000.0,184.99,24000.0,185.0,1611000.0
1753769584115,06:13:04.115,bitmex,SOL/USDT:USDT,184.96,19000.0,184.95,16000.0,184.97,14000.0,185.0,1611000.0
1753769584164,06:13:04.164,bitmex,SOL/USDT:USDT,184.94,19000.0,184.91,227000.0,184.96,14000.0,184.98,577000.0
1753769584213,06:13:04.213,bitmex,SOL/USDT:USDT,184.95,35000.0,184.93,111000.0,184.96,14000.0,184.98,577000.0
1753769584262,06:13:04.262,bitmex,SOL/USDT:USDT,184.95,35000.0,184.93,111000.0,184.98,577000.0,185.0,1611000.0
1753769584956,06:13:04.956,bitmex,SOL/USDT:USDT,184.93,55000.0,184.91,227000.0,184.96,14000.0,184.97,173000.0
1753769585054,06:13:05.054,bitmex,SOL/USDT:USDT,184.95,19000.0,184.94,16000.0,184.96,14000.0,184.97,173000.0
1753769585155,06:13:05.155,bitmex,SOL/USDT:USDT,184.95,19000.0,184.94,16000.0,184.96,14000.0,184.97,173000.0
1753769585204,06:13:05.204,bitmex,SOL/USDT:USDT,184.95,35000.0,184.94,29000.0,184.98,577000.0,184.99,24000.0
1753769585277,06:13:05.277,bitmex,SOL/USDT:USDT,184.95,35000.0,184.94,29000.0,184.98,577000.0,184.99,24000.0
1753769585326,06:13:05.326,bitmex,SOL/USDT:USDT,184.95,35000.0,184.93,111000.0,184.96,14000.0,184.98,577000.0
1753769585375,06:13:05.375,bitmex,SOL/USDT:USDT,184.95,35000.0,184.93,111000.0,184.98,577000.0,184.99,24000.0
1753769585424,06:13:05.424,bitmex,SOL/USDT:USDT,184.95,35000.0,184.93,111000.0,184.98,577000.0,184.99,24000.0
1753769585525,06:13:05.525,bitmex,SOL/USDT:USDT,184.95,35000.0,184.93,111000.0,184.97,14000.0,184.98,577000.0
1753769585575,06:13:05.575,bitmex,SOL/USDT:USDT,184.95,35000.0,184.94,29000.0,184.97,14000.0,184.98,577000.0
1753769585628,06:13:05.628,bitmex,SOL/USDT:USDT,184.95,35000.0,184.94,29000.0,184.97,14000.0,184.98,577000.0
1753769585677,06:13:05.677,bitmex,SOL/USDT:USDT,184.95,35000.0,184.94,29000.0,184.97,14000.0,184.98,577000.0
1753769585726,06:13:05.726,bitmex,SOL/USDT:USDT,184.95,35000.0,184.94,29000.0,184.97,14000.0,184.98,577000.0
1753769585775,06:13:05.775,bitmex,SOL/USDT:USDT,184.96,35000.0,184.94,53000.0,184.97,14000.0,184.98,577000.0
1753769586066,06:13:06.066,bitmex,SOL/USDT:USDT,184.96,35000.0,184.94,53000.0,184.97,14000.0,184.98,577000.0
1753769586442,06:13:06.442,bitmex,SOL/USDT:USDT,184.96,35000.0,184.94,29000.0,184.97,14000.0,184.98,577000.0
1753769586491,06:13:06.491,bitmex,SOL/USDT:USDT,184.95,16000.0,184.92,19000.0,184.97,14000.0,184.98,577000.0
1753769586540,06:13:06.540,bitmex,SOL/USDT:USDT,184.96,35000.0,184.94,29000.0,184.98,577000.0,185.0,1611000.0
1753769586589,06:13:06.589,bitmex,SOL/USDT:USDT,184.96,19000.0,184.94,29000.0,184.97,14000.0,184.98,577000.0
1753769586645,06:13:06.645,bitmex,SOL/USDT:USDT,184.96,19000.0,184.94,29000.0,184.97,14000.0,184.98,577000.0
1753769586694,06:13:06.694,bitmex,SOL/USDT:USDT,184.96,19000.0,184.94,29000.0,184.97,14000.0,184.98,577000.0
1753769586743,06:13:06.743,bitmex,SOL/USDT:USDT,184.96,19000.0,184.94,29000.0,184.97,14000.0,184.98,577000.0
1753769586897,06:13:06.897,bitmex,SOL/USDT:USDT,184.96,35000.0,184.94,29000.0,184.97,14000.0,184.98,577000.0
1753769586946,06:13:06.946,bitmex,SOL/USDT:USDT,184.96,35000.0,184.94,29000.0,184.98,577000.0,185.0,1611000.0
1753769586995,06:13:06.995,bitmex,SOL/USDT:USDT,184.96,35000.0,184.94,29000.0,184.98,577000.0,185.0,1611000.0
1753769587044,06:13:07.044,bitmex,SOL/USDT:USDT,184.96,19000.0,184.94,29000.0,184.97,14000.0,184.98,577000.0
1753769587093,06:13:07.093,bitmex,SOL/USDT:USDT,184.96,19000.0,184.94,29000.0,184.97,14000.0,184.98,577000.0
1753769587142,06:13:07.142,bitmex,SOL/USDT:USDT,184.96,19000.0,184.94,29000.0,184.97,14000.0,184.98,577000.0
1753769587191,06:13:07.191,bitmex,SOL/USDT:USDT,184.96,19000.0,184.94,29000.0,184.97,14000.0,184.98,577000.0
1753769587370,06:13:07.370,bitmex,SOL/USDT:USDT,184.94,29000.0,184.93,111000.0,184.97,14000.0,184.98,577000.0
1753769587419,06:13:07.419,bitmex,SOL/USDT:USDT,184.94,16000.0,184.93,29000.0,184.97,14000.0,184.98,577000.0
1753769587468,06:13:07.468,bitmex,SOL/USDT:USDT,184.94,16000.0,184.93,29000.0,184.97,14000.0,184.98,577000.0
1753769587517,06:13:07.517,bitmex,SOL/USDT:USDT,184.94,16000.0,184.93,29000.0,184.97,14000.0,184.98,577000.0
1753769587575,06:13:07.575,bitmex,SOL/USDT:USDT,184.94,16000.0,184.93,29000.0,184.97,14000.0,184.98,577000.0
1753769587625,06:13:07.625,bitmex,SOL/USDT:USDT,184.94,16000.0,184.93,29000.0,184.97,14000.0,184.98,577000.0
1753769587723,06:13:07.723,bitmex,SOL/USDT:USDT,184.94,16000.0,184.93,29000.0,184.97,14000.0,184.98,577000.0
1753769587772,06:13:07.772,bitmex,SOL/USDT:USDT,184.94,16000.0,184.93,29000.0,184.97,14000.0,184.98,577000.0
1753769587839,06:13:07.839,bitmex,SOL/USDT:USDT,184.94,16000.0,184.93,29000.0,184.97,14000.0,184.98,577000.0
1753769587888,06:13:07.888,bitmex,SOL/USDT:USDT,184.94,16000.0,184.93,29000.0,184.97,14000.0,184.98,577000.0
1753769587968,06:13:07.968,bitmex,SOL/USDT:USDT,184.94,16000.0,184.93,29000.0,184.97,14000.0,184.98,577000.0
1753769588017,06:13:08.017,bitmex,SOL/USDT:USDT,184.94,16000.0,184.93,29000.0,184.97,14000.0,184.98,577000.0
1753769588071,06:13:08.071,bitmex,SOL/USDT:USDT,184.94,16000.0,184.93,29000.0,184.97,14000.0,184.98,577000.0
1753769588169,06:13:08.169,bitmex,SOL/USDT:USDT,184.94,16000.0,184.93,29000.0,184.97,187000.0,184.98,577000.0
1753769588218,06:13:08.218,bitmex,SOL/USDT:USDT,184.94,16000.0,184.93,29000.0,184.97,187000.0,184.98,577000.0
1753769588441,06:13:08.441,bitmex,SOL/USDT:USDT,184.94,16000.0,184.93,29000.0,184.97,187000.0,184.98,577000.0
1753769588490,06:13:08.490,bitmex,SOL/USDT:USDT,184.94,16000.0,184.93,29000.0,184.97,187000.0,184.98,577000.0
1753769588680,06:13:08.680,bitmex,SOL/USDT:USDT,184.94,16000.0,184.93,29000.0,184.97,187000.0,184.98,577000.0
1753769588730,06:13:08.730,bitmex,SOL/USDT:USDT,184.94,16000.0,184.93,29000.0,184.97,187000.0,184.98,577000.0
1753769588779,06:13:08.779,bitmex,SOL/USDT:USDT,184.94,16000.0,184.93,29000.0,184.97,187000.0,184.98,577000.0
1753769588852,06:13:08.852,bitmex,SOL/USDT:USDT,184.94,16000.0,184.93,29000.0,184.97,187000.0,184.98,577000.0
1753769588902,06:13:08.902,bitmex,SOL/USDT:USDT,184.94,16000.0,184.93,29000.0,184.97,187000.0,184.98,577000.0
1753769588951,06:13:08.951,bitmex,SOL/USDT:USDT,184.94,16000.0,184.93,29000.0,184.97,187000.0,184.98,577000.0
1753769589000,06:13:09.000,bitmex,SOL/USDT:USDT,184.94,16000.0,184.93,29000.0,184.97,187000.0,184.98,577000.0
1753769589049,06:13:09.049,bitmex,SOL/USDT:USDT,184.94,16000.0,184.93,29000.0,184.97,187000.0,184.98,577000.0
1753769589098,06:13:09.098,bitmex,SOL/USDT:USDT,184.94,16000.0,184.93,29000.0,184.97,187000.0,184.98,577000.0
1753769589147,06:13:09.147,bitmex,SOL/USDT:USDT,184.94,16000.0,184.93,29000.0,184.97,187000.0,184.98,577000.0
1753769589355,06:13:09.355,bitmex,SOL/USDT:USDT,184.95,19000.0,184.94,16000.0,184.97,187000.0,184.98,577000.0
1753769589405,06:13:09.405,bitmex,SOL/USDT:USDT,184.95,19000.0,184.94,16000.0,184.96,14000.0,184.97,173000.0
1753769589465,06:13:09.465,bitmex,SOL/USDT:USDT,184.95,19000.0,184.94,16000.0,184.96,14000.0,184.97,173000.0
1753769589514,06:13:09.514,bitmex,SOL/USDT:USDT,184.95,19000.0,184.94,16000.0,184.96,14000.0,184.97,173000.0
1753769589563,06:13:09.563,bitmex,SOL/USDT:USDT,184.95,19000.0,184.94,16000.0,184.96,14000.0,184.97,173000.0
1753769589902,06:13:09.902,bitmex,SOL/USDT:USDT,184.95,19000.0,184.94,16000.0,184.96,14000.0,184.97,173000.0
1753769589951,06:13:09.951,bitmex,SOL/USDT:USDT,184.95,19000.0,184.94,16000.0,184.96,14000.0,184.97,173000.0
1753769590022,06:13:10.022,bitmex,SOL/USDT:USDT,184.95,19000.0,184.93,111000.0,184.96,14000.0,184.97,173000.0
1753769590071,06:13:10.071,bitmex,SOL/USDT:USDT,184.95,35000.0,184.93,111000.0,184.96,14000.0,184.97,173000.0
1753769590120,06:13:10.120,bitmex,SOL/USDT:USDT,184.95,35000.0,184.93,111000.0,184.96,14000.0,184.97,173000.0
1753769590198,06:13:10.198,bitmex,SOL/USDT:USDT,184.95,35000.0,184.93,111000.0,184.96,14000.0,184.97,173000.0
1753769590247,06:13:10.247,bitmex,SOL/USDT:USDT,184.95,35000.0,184.93,111000.0,184.96,14000.0,184.97,173000.0
1753769590296,06:13:10.296,bitmex,SOL/USDT:USDT,184.95,35000.0,184.93,111000.0,184.96,14000.0,184.97,173000.0
1753769590345,06:13:10.345,bitmex,SOL/USDT:USDT,184.95,35000.0,184.93,111000.0,184.96,14000.0,184.97,173000.0
1753769590394,06:13:10.394,bitmex,SOL/USDT:USDT,184.95,35000.0,184.93,111000.0,184.96,14000.0,184.97,173000.0
1753769590504,06:13:10.504,bitmex,SOL/USDT:USDT,184.95,35000.0,184.93,111000.0,184.97,173000.0,184.98,577000.0
1753769590553,06:13:10.553,bitmex,SOL/USDT:USDT,184.95,35000.0,184.93,111000.0,184.96,14000.0,184.97,173000.0
1753769590602,06:13:10.602,bitmex,SOL/USDT:USDT,184.95,35000.0,184.94,29000.0,184.98,577000.0,185.0,1621000.0
1753769590651,06:13:10.651,bitmex,SOL/USDT:USDT,184.96,19000.0,184.95,16000.0,184.97,14000.0,184.98,577000.0
1753769590762,06:13:10.762,bitmex,SOL/USDT:USDT,184.96,19000.0,184.95,16000.0,184.97,14000.0,184.98,577000.0
1753769590865,06:13:10.865,bitmex,SOL/USDT:USDT,184.96,19000.0,184.94,29000.0,184.97,14000.0,184.98,577000.0
1753769590914,06:13:10.914,bitmex,SOL/USDT:USDT,184.96,35000.0,184.94,29000.0,184.98,591000.0,185.0,1621000.0
1753769591015,06:13:11.015,bitmex,SOL/USDT:USDT,184.96,35000.0,184.94,29000.0,184.98,577000.0,185.0,1621000.0
1753769591065,06:13:11.065,bitmex,SOL/USDT:USDT,184.96,35000.0,184.94,29000.0,184.97,14000.0,184.98,577000.0
1753769591404,06:13:11.404,bitmex,SOL/USDT:USDT,184.92,67000.0,184.91,183000.0,184.97,14000.0,184.98,577000.0
1753769591513,06:13:11.513,bitmex,SOL/USDT:USDT,184.92,67000.0,184.91,183000.0,184.97,14000.0,184.98,577000.0
1753769591562,06:13:11.562,bitmex,SOL/USDT:USDT,184.92,43000.0,184.91,183000.0,184.97,187000.0,184.98,577000.0
1753769591611,06:13:11.611,bitmex,SOL/USDT:USDT,184.92,16000.0,184.91,183000.0,184.97,187000.0,184.98,577000.0
1753769591660,06:13:11.660,bitmex,SOL/USDT:USDT,184.92,16000.0,184.91,183000.0,184.97,187000.0,184.98,577000.0
1753769591727,06:13:11.727,bitmex,SOL/USDT:USDT,184.92,16000.0,184.91,183000.0,184.97,187000.0,184.98,577000.0
1753769591776,06:13:11.776,bitmex,SOL/USDT:USDT,184.92,16000.0,184.91,183000.0,184.97,207000.0,184.98,577000.0
1753769591825,06:13:11.825,bitmex,SOL/USDT:USDT,184.92,16000.0,184.91,183000.0,184.97,207000.0,184.98,577000.0
1753769592046,06:13:12.046,bitmex,SOL/USDT:USDT,184.92,16000.0,184.91,183000.0,184.97,207000.0,184.98,577000.0
1753769592095,06:13:12.095,bitmex,SOL/USDT:USDT,184.92,16000.0,184.91,183000.0,184.97,207000.0,184.98,577000.0
1753769592144,06:13:12.144,bitmex,SOL/USDT:USDT,184.92,16000.0,184.91,183000.0,184.97,207000.0,184.98,577000.0
1753769592193,06:13:12.193,bitmex,SOL/USDT:USDT,184.92,16000.0,184.91,183000.0,184.97,207000.0,184.98,577000.0
1753769592242,06:13:12.242,bitmex,SOL/USDT:USDT,184.94,35000.0,184.91,183000.0,184.97,207000.0,184.98,577000.0
1753769592291,06:13:12.291,bitmex,SOL/USDT:USDT,184.94,35000.0,184.92,111000.0,184.97,207000.0,184.98,577000.0
1753769592536,06:13:12.536,bitmex,SOL/USDT:USDT,184.94,35000.0,184.92,111000.0,184.97,207000.0,184.98,577000.0
1753769592594,06:13:12.594,bitmex,SOL/USDT:USDT,184.94,35000.0,184.92,111000.0,184.97,207000.0,184.98,577000.0
1753769592643,06:13:12.643,bitmex,SOL/USDT:USDT,184.94,19000.0,184.92,111000.0,184.97,207000.0,184.98,577000.0
1753769592692,06:13:12.692,bitmex,SOL/USDT:USDT,184.94,19000.0,184.92,111000.0,184.97,207000.0,184.98,577000.0
1753769592741,06:13:12.741,bitmex,SOL/USDT:USDT,184.94,19000.0,184.92,111000.0,184.97,207000.0,184.98,577000.0
1753769592790,06:13:12.790,bitmex,SOL/USDT:USDT,184.94,19000.0,184.92,111000.0,184.97,207000.0,184.98,577000.0
1753769592839,06:13:12.839,bitmex,SOL/USDT:USDT,184.94,19000.0,184.92,111000.0,184.97,207000.0,184.98,577000.0
1753769592888,06:13:12.888,bitmex,SOL/USDT:USDT,184.94,19000.0,184.92,111000.0,184.97,207000.0,184.98,577000.0
1753769592937,06:13:12.937,bitmex,SOL/USDT:USDT,184.94,19000.0,184.92,111000.0,184.97,207000.0,184.98,577000.0
1753769592986,06:13:12.986,bitmex,SOL/USDT:USDT,184.94,19000.0,184.92,111000.0,184.97,207000.0,184.98,577000.0
1753769593035,06:13:13.035,bitmex,SOL/USDT:USDT,184.94,19000.0,184.92,111000.0,184.97,207000.0,184.98,577000.0
1753769593185,06:13:13.185,bitmex,SOL/USDT:USDT,184.94,19000.0,184.92,111000.0,184.97,207000.0,184.98,577000.0
1753769593234,06:13:13.234,bitmex,SOL/USDT:USDT,184.94,19000.0,184.92,111000.0,184.97,207000.0,184.98,577000.0
1753769593283,06:13:13.283,bitmex,SOL/USDT:USDT,184.96,19000.0,184.95,16000.0,184.97,34000.0,184.99,24000.0
1753769593332,06:13:13.332,bitmex,SOL/USDT:USDT,184.93,140000.0,184.92,111000.0,184.96,14000.0,184.97,20000.0
1753769593430,06:13:13.430,bitmex,SOL/USDT:USDT,184.94,16000.0,184.92,111000.0,184.96,14000.0,184.97,597000.0
1753769593626,06:13:13.626,bitmex,SOL/USDT:USDT,184.92,16000.0,184.91,10000.0,184.95,14000.0,184.96,179000.0
1753769593724,06:13:13.724,bitmex,SOL/USDT:USDT,184.92,16000.0,184.91,27000.0,184.95,14000.0,184.96,179000.0
1753769593871,06:13:13.871,bitmex,SOL/USDT:USDT,184.92,16000.0,184.91,56000.0,184.95,14000.0,184.96,179000.0
1753769593920,06:13:13.920,bitmex,SOL/USDT:USDT,184.92,16000.0,184.91,56000.0,184.95,14000.0,184.96,179000.0
1753769593969,06:13:13.969,bitmex,SOL/USDT:USDT,184.92,16000.0,184.91,56000.0,184.95,14000.0,184.96,179000.0
1753769594018,06:13:14.018,bitmex,SOL/USDT:USDT,184.92,16000.0,184.91,56000.0,184.95,14000.0,184.96,179000.0
1753769594175,06:13:14.175,bitmex,SOL/USDT:USDT,184.92,16000.0,184.91,56000.0,184.95,14000.0,184.96,179000.0
1753769594278,06:13:14.278,bitmex,SOL/USDT:USDT,184.92,16000.0,184.91,56000.0,184.95,14000.0,184.96,179000.0
1753769594617,06:13:14.617,bitmex,SOL/USDT:USDT,184.93,19000.0,184.91,56000.0,184.94,14000.0,184.96,179000.0
1753769594666,06:13:14.666,bitmex,SOL/USDT:USDT,184.93,19000.0,184.91,56000.0,184.94,14000.0,184.96,179000.0
1753769594715,06:13:14.715,bitmex,SOL/USDT:USDT,184.93,19000.0,184.91,56000.0,184.94,14000.0,184.96,179000.0
1753769594764,06:13:14.764,bitmex,SOL/USDT:USDT,184.93,19000.0,184.91,56000.0,184.94,14000.0,184.96,179000.0
1753769595095,06:13:15.095,bitmex,SOL/USDT:USDT,184.92,16000.0,184.9,290000.0,184.95,14000.0,184.96,203000.0
1753769595144,06:13:15.144,bitmex,SOL/USDT:USDT,184.92,16000.0,184.9,290000.0,184.95,14000.0,184.96,203000.0
1753769595193,06:13:15.193,bitmex,SOL/USDT:USDT,184.92,16000.0,184.9,111000.0,184.95,14000.0,184.96,203000.0
1753769595242,06:13:15.242,bitmex,SOL/USDT:USDT,184.92,16000.0,184.9,111000.0,184.95,14000.0,184.96,203000.0
1753769595291,06:13:15.291,bitmex,SOL/USDT:USDT,184.92,16000.0,184.9,111000.0,184.95,14000.0,184.96,203000.0
1753769595340,06:13:15.340,bitmex,SOL/USDT:USDT,184.92,16000.0,184.9,111000.0,184.95,14000.0,184.96,203000.0
1753769595402,06:13:15.402,bitmex,SOL/USDT:USDT,184.92,16000.0,184.9,111000.0,184.95,38000.0,184.96,203000.0
1753769595451,06:13:15.451,bitmex,SOL/USDT:USDT,184.92,19000.0,184.91,16000.0,184.95,38000.0,184.96,179000.0
1753769595500,06:13:15.500,bitmex,SOL/USDT:USDT,184.92,19000.0,184.91,16000.0,184.95,38000.0,184.96,179000.0
1753769595827,06:13:15.827,bitmex,SOL/USDT:USDT,184.92,19000.0,184.91,16000.0,184.95,38000.0,184.96,179000.0
1753769595877,06:13:15.877,bitmex,SOL/USDT:USDT,184.92,19000.0,184.91,16000.0,184.95,38000.0,184.96,179000.0
1753769596238,06:13:16.238,bitmex,SOL/USDT:USDT,184.92,19000.0,184.91,16000.0,184.95,38000.0,184.96,179000.0
1753769596287,06:13:16.287,bitmex,SOL/USDT:USDT,184.92,35000.0,184.9,111000.0,184.95,38000.0,184.96,179000.0
1753769596336,06:13:16.336,bitmex,SOL/USDT:USDT,184.92,35000.0,184.9,111000.0,184.95,38000.0,184.96,179000.0
1753769596385,06:13:16.385,bitmex,SOL/USDT:USDT,184.92,35000.0,184.9,111000.0,184.95,38000.0,184.96,179000.0
1753769596434,06:13:16.434,bitmex,SOL/USDT:USDT,184.92,35000.0,184.9,111000.0,184.95,14000.0,184.96,179000.0
1753769596495,06:13:16.495,bitmex,SOL/USDT:USDT,184.92,16000.0,184.9,111000.0,184.95,14000.0,184.96,179000.0
1753769596545,06:13:16.545,bitmex,SOL/USDT:USDT,184.92,16000.0,184.9,111000.0,184.95,14000.0,184.96,179000.0
1753769596594,06:13:16.594,bitmex,SOL/USDT:USDT,184.92,16000.0,184.9,111000.0,184.95,14000.0,184.96,179000.0
1753769596643,06:13:16.643,bitmex,SOL/USDT:USDT,184.92,16000.0,184.9,111000.0,184.95,14000.0,184.96,179000.0
1753769596821,06:13:16.821,bitmex,SOL/USDT:USDT,184.92,16000.0,184.9,111000.0,184.95,14000.0,184.96,179000.0
1753769596871,06:13:16.871,bitmex,SOL/USDT:USDT,184.92,16000.0,184.9,111000.0,184.95,14000.0,184.96,179000.0
1753769596920,06:13:16.920,bitmex,SOL/USDT:USDT,184.91,16000.0,184.9,39000.0,184.95,14000.0,184.96,179000.0
1753769596969,06:13:16.969,bitmex,SOL/USDT:USDT,184.92,19000.0,184.91,16000.0,184.95,14000.0,184.96,179000.0
1753769597018,06:13:17.018,bitmex,SOL/USDT:USDT,184.92,35000.0,184.9,72000.0,184.95,14000.0,184.96,179000.0
1753769597190,06:13:17.190,bitmex,SOL/USDT:USDT,184.92,35000.0,184.9,72000.0,184.95,14000.0,184.96,179000.0
1753769597239,06:13:17.239,bitmex,SOL/USDT:USDT,184.92,35000.0,184.9,99000.0,184.95,14000.0,184.96,179000.0
1753769597288,06:13:17.288,bitmex,SOL/USDT:USDT,184.92,35000.0,184.9,99000.0,184.95,14000.0,184.96,179000.0
1753769597465,06:13:17.465,bitmex,SOL/USDT:USDT,184.92,35000.0,184.9,99000.0,184.95,14000.0,184.96,179000.0
1753769597514,06:13:17.514,bitmex,SOL/USDT:USDT,184.92,35000.0,184.9,99000.0,184.95,14000.0,184.96,179000.0
1753769597632,06:13:17.632,bitmex,SOL/USDT:USDT,184.93,19000.0,184.92,35000.0,184.95,38000.0,184.96,179000.0
1753769597681,06:13:17.681,bitmex,SOL/USDT:USDT,184.9,66000.0,184.89,39000.0,184.93,14000.0,184.96,179000.0
1753769597730,06:13:17.730,bitmex,SOL/USDT:USDT,184.92,19000.0,184.91,16000.0,184.93,14000.0,184.96,179000.0
1753769597864,06:13:17.864,bitmex,SOL/USDT:USDT,184.92,19000.0,184.91,16000.0,184.93,14000.0,184.96,179000.0
1753769597914,06:13:17.914,bitmex,SOL/USDT:USDT,184.92,19000.0,184.91,16000.0,184.93,14000.0,184.96,179000.0
1753769597963,06:13:17.963,bitmex,SOL/USDT:USDT,184.93,19000.0,184.92,16000.0,184.95,14000.0,184.96,179000.0
1753769598148,06:13:18.148,bitmex,SOL/USDT:USDT,184.93,19000.0,184.92,16000.0,184.94,14000.0,184.96,179000.0
1753769598197,06:13:18.197,bitmex,SOL/USDT:USDT,184.91,16000.0,184.9,27000.0,184.93,14000.0,184.96,179000.0
1753769598246,06:13:18.246,bitmex,SOL/USDT:USDT,184.92,35000.0,184.9,111000.0,184.95,14000.0,184.96,179000.0
1753769598295,06:13:18.295,bitmex,SOL/USDT:USDT,184.92,35000.0,184.9,111000.0,184.95,14000.0,184.96,179000.0
1753769598490,06:13:18.490,bitmex,SOL/USDT:USDT,184.92,19000.0,184.9,111000.0,184.95,14000.0,184.96,179000.0
1753769598539,06:13:18.539,bitmex,SOL/USDT:USDT,184.92,19000.0,184.9,111000.0,184.95,14000.0,184.96,179000.0
1753769598709,06:13:18.709,bitmex,SOL/USDT:USDT,184.92,19000.0,184.9,111000.0,184.95,14000.0,184.96,179000.0
1753769598759,06:13:18.759,bitmex,SOL/USDT:USDT,184.9,111000.0,184.89,10000.0,184.95,38000.0,184.96,179000.0
1753769598809,06:13:18.809,bitmex,SOL/USDT:USDT,184.92,19000.0,184.91,16000.0,184.95,38000.0,184.96,179000.0
1753769598858,06:13:18.858,bitmex,SOL/USDT:USDT,184.92,19000.0,184.91,16000.0,184.95,38000.0,184.96,179000.0
1753769598907,06:13:18.907,bitmex,SOL/USDT:USDT,184.92,19000.0,184.91,16000.0,184.95,38000.0,184.96,179000.0
1753769598956,06:13:18.956,bitmex,SOL/USDT:USDT,184.92,19000.0,184.91,16000.0,184.95,38000.0,184.96,179000.0
1753769599029,06:13:19.029,bitmex,SOL/USDT:USDT,184.92,19000.0,184.91,16000.0,184.95,38000.0,184.96,179000.0
1753769599285,06:13:19.285,bitmex,SOL/USDT:USDT,184.92,19000.0,184.9,111000.0,184.95,38000.0,184.96,179000.0
1753769599723,06:13:19.723,bitmex,SOL/USDT:USDT,184.92,35000.0,184.9,111000.0,184.95,14000.0,184.96,179000.0
1753769599772,06:13:19.772,bitmex,SOL/USDT:USDT,184.92,35000.0,184.9,111000.0,184.95,14000.0,184.96,179000.0
1753769599821,06:13:19.821,bitmex,SOL/USDT:USDT,184.92,35000.0,184.9,111000.0,184.95,14000.0,184.96,179000.0
1753769599870,06:13:19.870,bitmex,SOL/USDT:USDT,184.92,35000.0,184.9,111000.0,184.95,14000.0,184.96,179000.0
1753769599919,06:13:19.919,bitmex,SOL/USDT:USDT,184.92,35000.0,184.9,111000.0,184.95,14000.0,184.96,179000.0
1753769600452,06:13:20.452,bitmex,SOL/USDT:USDT,184.92,16000.0,184.9,111000.0,184.95,14000.0,184.96,179000.0
1753769600501,06:13:20.501,bitmex,SOL/USDT:USDT,184.92,16000.0,184.9,111000.0,184.95,14000.0,184.96,179000.0
1753769600550,06:13:20.550,bitmex,SOL/USDT:USDT,184.92,19000.0,184.91,16000.0,184.95,14000.0,184.96,179000.0
1753769600599,06:13:20.599,bitmex,SOL/USDT:USDT,184.92,19000.0,184.91,16000.0,184.95,14000.0,184.96,179000.0
1753769600745,06:13:20.745,bitmex,SOL/USDT:USDT,184.92,19000.0,184.91,16000.0,184.95,38000.0,184.96,179000.0
1753769600862,06:13:20.862,bitmex,SOL/USDT:USDT,184.92,35000.0,184.9,72000.0,184.95,38000.0,184.96,179000.0
1753769601034,06:13:21.034,bitmex,SOL/USDT:USDT,184.92,35000.0,184.9,72000.0,184.95,38000.0,184.96,179000.0
1753769601084,06:13:21.084,bitmex,SOL/USDT:USDT,184.92,35000.0,184.9,72000.0,184.95,38000.0,184.96,179000.0
1753769601133,06:13:21.133,bitmex,SOL/USDT:USDT,184.92,35000.0,184.9,72000.0,184.95,38000.0,184.96,179000.0
1753769601309,06:13:21.309,bitmex,SOL/USDT:USDT,184.92,35000.0,184.9,72000.0,184.95,38000.0,184.96,179000.0
1753769601358,06:13:21.358,bitmex,SOL/USDT:USDT,184.92,35000.0,184.9,72000.0,184.95,14000.0,184.96,179000.0
1753769601439,06:13:21.439,bitmex,SOL/USDT:USDT,184.92,35000.0,184.9,72000.0,184.95,14000.0,184.96,179000.0
1753769601488,06:13:21.488,bitmex,SOL/USDT:USDT,184.92,35000.0,184.9,72000.0,184.95,14000.0,184.96,179000.0
1753769601851,06:13:21.851,bitmex,SOL/USDT:USDT,184.92,16000.0,184.9,72000.0,184.95,14000.0,184.96,179000.0
1753769601949,06:13:21.949,bitmex,SOL/USDT:USDT,184.92,16000.0,184.9,72000.0,184.95,14000.0,184.96,179000.0
1753769602015,06:13:22.015,bitmex,SOL/USDT:USDT,184.92,16000.0,184.9,72000.0,184.95,14000.0,184.96,179000.0
1753769602129,06:13:22.129,bitmex,SOL/USDT:USDT,184.92,16000.0,184.9,72000.0,184.95,38000.0,184.96,179000.0
1753769602178,06:13:22.178,bitmex,SOL/USDT:USDT,184.92,19000.0,184.9,72000.0,184.95,38000.0,184.96,179000.0
1753769602227,06:13:22.227,bitmex,SOL/USDT:USDT,184.92,35000.0,184.9,72000.0,184.95,38000.0,184.96,1959000.0
1753769602436,06:13:22.436,bitmex,SOL/USDT:USDT,184.92,35000.0,184.9,72000.0,184.95,38000.0,184.96,1959000.0
1753769602534,06:13:22.534,bitmex,SOL/USDT:USDT,184.92,35000.0,184.9,72000.0,184.95,38000.0,184.96,1959000.0
1753769602632,06:13:22.632,bitmex,SOL/USDT:USDT,184.92,35000.0,184.9,72000.0,184.95,38000.0,184.96,1959000.0
1753769602842,06:13:22.842,bitmex,SOL/USDT:USDT,184.92,35000.0,184.9,72000.0,184.95,38000.0,184.96,1959000.0
1753769602891,06:13:22.891,bitmex,SOL/USDT:USDT,184.92,35000.0,184.9,72000.0,184.95,38000.0,184.96,1959000.0
1753769603276,06:13:23.276,bitmex,SOL/USDT:USDT,184.92,35000.0,184.9,72000.0,184.95,14000.0,184.96,189000.0
1753769603325,06:13:23.325,bitmex,SOL/USDT:USDT,184.92,35000.0,184.9,72000.0,184.95,14000.0,184.96,189000.0
1753769603667,06:13:23.667,bitmex,SOL/USDT:USDT,184.92,35000.0,184.9,72000.0,184.95,14000.0,184.96,189000.0
1753769603716,06:13:23.716,bitmex,SOL/USDT:USDT,184.92,35000.0,184.9,72000.0,184.95,14000.0,184.96,189000.0
1753769603887,06:13:23.887,bitmex,SOL/USDT:USDT,184.92,35000.0,184.9,72000.0,184.95,14000.0,184.96,189000.0
1753769604097,06:13:24.097,bitmex,SOL/USDT:USDT,184.93,19000.0,184.92,35000.0,184.95,14000.0,184.96,189000.0
1753769604146,06:13:24.146,bitmex,SOL/USDT:USDT,184.94,35000.0,184.89,24000.0,184.96,203000.0,184.97,2063000.0
1753769604195,06:13:24.195,bitmex,SOL/USDT:USDT,184.94,35000.0,184.92,111000.0,184.96,203000.0,184.97,2063000.0
1753769604244,06:13:24.244,bitmex,SOL/USDT:USDT,184.94,35000.0,184.92,111000.0,184.96,203000.0,184.97,2063000.0
1753769604477,06:13:24.477,bitmex,SOL/USDT:USDT,184.94,35000.0,184.92,111000.0,184.96,203000.0,184.97,2063000.0
1753769604527,06:13:24.527,bitmex,SOL/USDT:USDT,184.94,35000.0,184.92,111000.0,184.95,14000.0,184.96,189000.0
1753769604799,06:13:24.799,bitmex,SOL/USDT:USDT,184.94,19000.0,184.92,111000.0,184.95,14000.0,184.96,189000.0
1753769604848,06:13:24.848,bitmex,SOL/USDT:USDT,184.93,16000.0,184.89,24000.0,184.95,14000.0,184.96,189000.0
1753769604897,06:13:24.897,bitmex,SOL/USDT:USDT,184.93,16000.0,184.91,29000.0,184.95,14000.0,184.96,189000.0
1753769604946,06:13:24.946,bitmex,SOL/USDT:USDT,184.93,16000.0,184.91,29000.0,184.95,14000.0,184.96,189000.0
1753769604995,06:13:24.995,bitmex,SOL/USDT:USDT,184.93,16000.0,184.91,29000.0,184.95,14000.0,184.96,189000.0
1753769605108,06:13:25.108,bitmex,SOL/USDT:USDT,184.93,16000.0,184.91,53000.0,184.95,14000.0,184.96,189000.0
1753769605158,06:13:25.158,bitmex,SOL/USDT:USDT,184.94,16000.0,184.91,24000.0,184.95,14000.0,184.96,189000.0
1753769605207,06:13:25.207,bitmex,SOL/USDT:USDT,184.94,16000.0,184.92,111000.0,184.95,14000.0,184.96,189000.0
1753769605300,06:13:25.300,bitmex,SOL/USDT:USDT,184.94,16000.0,184.92,111000.0,184.95,14000.0,184.96,189000.0
1753769605350,06:13:25.350,bitmex,SOL/USDT:USDT,184.94,16000.0,184.92,111000.0,184.95,14000.0,184.96,189000.0
1753769605488,06:13:25.488,bitmex,SOL/USDT:USDT,184.94,16000.0,184.92,111000.0,184.95,14000.0,184.96,189000.0
1753769605538,06:13:25.538,bitmex,SOL/USDT:USDT,184.94,16000.0,184.92,111000.0,184.95,14000.0,184.96,189000.0
1753769605647,06:13:25.647,bitmex,SOL/USDT:USDT,184.96,35000.0,184.93,111000.0,184.97,20000.0,184.98,256000.0
1753769605696,06:13:25.696,bitmex,SOL/USDT:USDT,184.96,19000.0,184.93,111000.0,184.97,611000.0,184.98,256000.0
1753769605923,06:13:25.923,bitmex,SOL/USDT:USDT,184.96,19000.0,184.93,111000.0,184.97,611000.0,184.98,256000.0
1753769605973,06:13:25.973,bitmex,SOL/USDT:USDT,184.96,19000.0,184.93,111000.0,184.97,611000.0,184.98,256000.0
1753769606022,06:13:26.022,bitmex,SOL/USDT:USDT,184.96,19000.0,184.93,111000.0,184.97,611000.0,184.98,187000.0
1753769606071,06:13:26.071,bitmex,SOL/USDT:USDT,184.95,35000.0,184.93,111000.0,184.97,611000.0,184.98,187000.0
1753769606120,06:13:26.120,bitmex,SOL/USDT:USDT,184.95,35000.0,184.93,111000.0,184.97,611000.0,184.98,187000.0
1753769606184,06:13:26.184,bitmex,SOL/USDT:USDT,184.95,35000.0,184.93,111000.0,184.97,611000.0,184.98,187000.0
1753769606233,06:13:26.233,bitmex,SOL/USDT:USDT,184.95,35000.0,184.93,111000.0,184.97,611000.0,184.98,187000.0
1753769606282,06:13:26.282,bitmex,SOL/USDT:USDT,184.95,35000.0,184.93,111000.0,184.97,611000.0,184.98,187000.0
1753769606428,06:13:26.428,bitmex,SOL/USDT:USDT,184.95,35000.0,184.93,111000.0,184.97,611000.0,184.98,187000.0
1753769606720,06:13:26.720,bitmex,SOL/USDT:USDT,184.95,19000.0,184.93,111000.0,184.97,611000.0,184.98,187000.0
1753769606770,06:13:26.770,bitmex,SOL/USDT:USDT,184.96,16000.0,184.93,111000.0,184.97,597000.0,184.98,187000.0
1753769606838,06:13:26.838,bitmex,SOL/USDT:USDT,184.96,16000.0,184.93,111000.0,184.97,597000.0,184.98,187000.0
1753769606888,06:13:26.888,bitmex,SOL/USDT:USDT,184.96,16000.0,184.93,111000.0,184.97,597000.0,184.98,187000.0
1753769606937,06:13:26.937,bitmex,SOL/USDT:USDT,184.93,39000.0,184.91,53000.0,184.97,611000.0,184.98,187000.0
1753769606986,06:13:26.986,bitmex,SOL/USDT:USDT,184.96,16000.0,184.93,111000.0,184.97,611000.0,184.98,187000.0
1753769607035,06:13:27.035,bitmex,SOL/USDT:USDT,184.96,16000.0,184.93,111000.0,184.97,611000.0,184.98,187000.0
1753769607084,06:13:27.084,bitmex,SOL/USDT:USDT,184.96,16000.0,184.93,111000.0,184.97,611000.0,184.98,187000.0
1753769607438,06:13:27.438,bitmex,SOL/USDT:USDT,184.96,16000.0,184.93,111000.0,184.97,611000.0,184.98,187000.0
1753769607487,06:13:27.487,bitmex,SOL/USDT:USDT,184.96,16000.0,184.93,111000.0,184.97,611000.0,184.98,187000.0
1753769607691,06:13:27.691,bitmex,SOL/USDT:USDT,184.96,16000.0,184.93,111000.0,184.97,611000.0,184.98,187000.0
1753769607769,06:13:27.769,bitmex,SOL/USDT:USDT,184.96,16000.0,184.93,111000.0,184.97,611000.0,184.98,187000.0
1753769607819,06:13:27.819,bitmex,SOL/USDT:USDT,184.96,16000.0,184.93,111000.0,184.97,611000.0,184.98,187000.0
1753769607868,06:13:27.868,bitmex,SOL/USDT:USDT,184.95,19000.0,184.94,16000.0,184.97,611000.0,184.98,187000.0
1753769607917,06:13:27.917,bitmex,SOL/USDT:USDT,184.95,35000.0,184.93,111000.0,184.97,611000.0,184.98,187000.0
1753769607966,06:13:27.966,bitmex,SOL/USDT:USDT,184.95,35000.0,184.93,111000.0,184.97,611000.0,184.98,187000.0
1753769608015,06:13:28.015,bitmex,SOL/USDT:USDT,184.95,35000.0,184.93,111000.0,184.97,611000.0,184.98,187000.0
1753769608325,06:13:28.325,bitmex,SOL/USDT:USDT,184.95,35000.0,184.93,111000.0,184.97,611000.0,184.98,187000.0
1753769608447,06:13:28.447,bitmex,SOL/USDT:USDT,184.95,35000.0,184.93,111000.0,184.97,611000.0,184.98,187000.0
1753769608496,06:13:28.496,bitmex,SOL/USDT:USDT,184.95,35000.0,184.93,111000.0,184.97,611000.0,184.98,187000.0
1753769608545,06:13:28.545,bitmex,SOL/USDT:USDT,184.95,35000.0,184.93,111000.0,184.96,14000.0,184.97,597000.0
1753769608651,06:13:28.651,bitmex,SOL/USDT:USDT,184.95,16000.0,184.93,111000.0,184.96,14000.0,184.97,597000.0
1753769608700,06:13:28.700,bitmex,SOL/USDT:USDT,184.91,16000.0,184.9,27000.0,184.96,14000.0,184.97,626000.0
1753769608749,06:13:28.749,bitmex,SOL/USDT:USDT,184.95,19000.0,184.93,111000.0,184.96,14000.0,184.97,626000.0
1753769608798,06:13:28.798,bitmex,SOL/USDT:USDT,184.93,39000.0,184.9,167000.0,184.96,38000.0,184.97,626000.0
1753769608847,06:13:28.847,bitmex,SOL/USDT:USDT,184.93,55000.0,184.91,29000.0,184.96,217000.0,184.97,626000.0
1753769608897,06:13:28.897,bitmex,SOL/USDT:USDT,184.91,29000.0,184.9,27000.0,184.96,217000.0,184.97,626000.0
1753769608946,06:13:28.946,bitmex,SOL/USDT:USDT,184.93,19000.0,184.92,16000.0,184.96,217000.0,184.97,626000.0
1753769609004,06:13:29.004,bitmex,SOL/USDT:USDT,184.93,19000.0,184.92,16000.0,184.96,217000.0,184.97,626000.0
1753769609054,06:13:29.054,bitmex,SOL/USDT:USDT,184.93,19000.0,184.92,16000.0,184.96,217000.0,184.97,626000.0
1753769609103,06:13:29.103,bitmex,SOL/USDT:USDT,184.93,19000.0,184.92,16000.0,184.96,217000.0,184.97,626000.0
1753769609152,06:13:29.152,bitmex,SOL/USDT:USDT,184.93,35000.0,184.91,29000.0,184.96,217000.0,184.97,626000.0
1753769609201,06:13:29.201,bitmex,SOL/USDT:USDT,184.93,35000.0,184.91,29000.0,184.96,217000.0,184.97,626000.0
1753769609279,06:13:29.279,bitmex,SOL/USDT:USDT,184.93,19000.0,184.91,29000.0,184.96,217000.0,184.97,626000.0
1753769609329,06:13:29.329,bitmex,SOL/USDT:USDT,184.93,35000.0,184.91,29000.0,184.96,217000.0,184.97,626000.0
1753769609383,06:13:29.383,bitmex,SOL/USDT:USDT,184.93,35000.0,184.91,29000.0,184.96,217000.0,184.97,626000.0
1753769609432,06:13:29.432,bitmex,SOL/USDT:USDT,184.93,35000.0,184.91,29000.0,184.96,217000.0,184.97,626000.0
1753769609481,06:13:29.481,bitmex,SOL/USDT:USDT,184.93,35000.0,184.91,29000.0,184.96,217000.0,184.97,626000.0
1753769609530,06:13:29.530,bitmex,SOL/USDT:USDT,184.93,35000.0,184.91,29000.0,184.96,217000.0,184.97,626000.0
1753769609579,06:13:29.579,bitmex,SOL/USDT:USDT,184.93,35000.0,184.91,29000.0,184.96,217000.0,184.97,626000.0
1753769609628,06:13:29.628,bitmex,SOL/USDT:USDT,184.93,35000.0,184.91,29000.0,184.96,217000.0,184.97,626000.0
1753769609677,06:13:29.677,bitmex,SOL/USDT:USDT,184.93,35000.0,184.91,29000.0,184.96,193000.0,184.97,626000.0
1753769609811,06:13:29.811,bitmex,SOL/USDT:USDT,184.93,35000.0,184.91,29000.0,184.96,193000.0,184.97,626000.0
1753769609920,06:13:29.920,bitmex,SOL/USDT:USDT,184.93,35000.0,184.91,29000.0,184.96,193000.0,184.97,626000.0
1753769609969,06:13:29.969,bitmex,SOL/USDT:USDT,184.93,35000.0,184.91,29000.0,184.96,193000.0,184.97,626000.0
1753769610018,06:13:30.018,bitmex,SOL/USDT:USDT,184.93,35000.0,184.91,29000.0,184.96,193000.0,184.97,626000.0
1753769610132,06:13:30.132,bitmex,SOL/USDT:USDT,184.93,35000.0,184.91,29000.0,184.96,193000.0,184.97,626000.0
1753769610374,06:13:30.374,bitmex,SOL/USDT:USDT,184.93,35000.0,184.91,29000.0,184.96,193000.0,184.97,626000.0
1753769610423,06:13:30.423,bitmex,SOL/USDT:USDT,184.93,35000.0,184.91,29000.0,184.96,193000.0,184.97,626000.0
1753769610472,06:13:30.472,bitmex,SOL/USDT:USDT,184.93,35000.0,184.91,29000.0,184.96,193000.0,184.97,626000.0
1753769610521,06:13:30.521,bitmex,SOL/USDT:USDT,184.93,35000.0,184.91,29000.0,184.96,193000.0,184.97,626000.0
1753769610619,06:13:30.619,bitmex,SOL/USDT:USDT,184.93,35000.0,184.91,56000.0,184.96,193000.0,184.97,626000.0
1753769610672,06:13:30.672,bitmex,SOL/USDT:USDT,184.93,35000.0,184.91,56000.0,184.96,193000.0,184.97,626000.0
1753769610820,06:13:30.820,bitmex,SOL/USDT:USDT,184.93,35000.0,184.91,80000.0,184.97,626000.0,184.98,148000.0
1753769610869,06:13:30.869,bitmex,SOL/USDT:USDT,184.96,35000.0,184.94,19000.0,184.97,597000.0,184.98,148000.0
1753769610918,06:13:30.918,bitmex,SOL/USDT:USDT,184.96,19000.0,184.94,19000.0,184.97,611000.0,184.98,148000.0
1753769610967,06:13:30.967,bitmex,SOL/USDT:USDT,184.96,19000.0,184.94,19000.0,184.97,611000.0,184.98,148000.0
1753769611016,06:13:31.016,bitmex,SOL/USDT:USDT,184.96,19000.0,184.94,19000.0,184.97,611000.0,184.98,148000.0
1753769611118,06:13:31.118,bitmex,SOL/USDT:USDT,184.96,35000.0,184.94,19000.0,184.97,611000.0,184.98,148000.0
1753769611255,06:13:31.255,bitmex,SOL/USDT:USDT,184.96,35000.0,184.94,19000.0,184.97,611000.0,184.98,148000.0
1753769611305,06:13:31.305,bitmex,SOL/USDT:USDT,184.96,35000.0,184.94,19000.0,184.97,611000.0,184.98,148000.0
1753769611354,06:13:31.354,bitmex,SOL/USDT:USDT,184.96,35000.0,184.94,19000.0,184.97,597000.0,184.98,148000.0
1753769611425,06:13:31.425,bitmex,SOL/USDT:USDT,184.96,35000.0,184.94,19000.0,184.97,597000.0,184.98,148000.0
1753769611524,06:13:31.524,bitmex,SOL/USDT:USDT,184.96,35000.0,184.94,19000.0,184.97,597000.0,184.98,148000.0
1753769611634,06:13:31.634,bitmex,SOL/USDT:USDT,184.96,35000.0,184.94,19000.0,184.97,597000.0,184.98,148000.0
1753769611690,06:13:31.690,bitmex,SOL/USDT:USDT,184.96,35000.0,184.94,19000.0,184.97,597000.0,184.98,148000.0
1753769611969,06:13:31.969,bitmex,SOL/USDT:USDT,184.96,16000.0,184.94,19000.0,184.97,597000.0,184.98,148000.0
1753769612322,06:13:32.322,bitmex,SOL/USDT:USDT,184.95,16000.0,184.93,140000.0,184.97,611000.0,184.98,148000.0
1753769612371,06:13:32.371,bitmex,SOL/USDT:USDT,184.95,16000.0,184.93,111000.0,184.97,611000.0,184.98,148000.0
1753769612441,06:13:32.441,bitmex,SOL/USDT:USDT,184.95,16000.0,184.93,111000.0,184.97,611000.0,184.98,148000.0
1753769612491,06:13:32.491,bitmex,SOL/USDT:USDT,184.95,16000.0,184.93,111000.0,184.97,611000.0,184.98,148000.0
1753769613735,06:13:33.735,bitmex,SOL/USDT:USDT,184.95,16000.0,184.93,111000.0,184.97,611000.0,184.98,148000.0
1753769613913,06:13:33.913,bitmex,SOL/USDT:USDT,184.95,16000.0,184.93,111000.0,184.97,611000.0,184.98,148000.0
1753769614158,06:13:34.158,bitmex,SOL/USDT:USDT,184.93,35000.0,184.91,29000.0,184.95,14000.0,184.96,179000.0
1753769614207,06:13:34.207,bitmex,SOL/USDT:USDT,184.93,35000.0,184.91,29000.0,184.94,14000.0,184.96,179000.0
1753769614256,06:13:34.256,bitmex,SOL/USDT:USDT,184.93,35000.0,184.91,29000.0,184.94,14000.0,184.96,179000.0
1753769614305,06:13:34.305,bitmex,SOL/USDT:USDT,184.94,19000.0,184.93,16000.0,184.95,14000.0,184.96,179000.0
1753769614946,06:13:34.946,bitmex,SOL/USDT:USDT,184.9,16000.0,184.88,29000.0,184.94,591000.0,184.95,10000.0
1753769614995,06:13:34.995,bitmex,SOL/USDT:USDT,184.9,16000.0,184.88,29000.0,184.94,591000.0,184.95,10000.0
1753769615093,06:13:35.093,bitmex,SOL/USDT:USDT,184.9,16000.0,184.88,29000.0,184.94,591000.0,184.95,503000.0
1753769615240,06:13:35.240,bitmex,SOL/USDT:USDT,184.93,35000.0,184.91,29000.0,184.94,577000.0,184.97,355000.0
1753769615289,06:13:35.289,bitmex,SOL/USDT:USDT,184.93,35000.0,184.91,29000.0,184.94,577000.0,184.97,842000.0
1753769615338,06:13:35.338,bitmex,SOL/USDT:USDT,184.93,35000.0,184.91,29000.0,184.94,577000.0,184.97,842000.0
1753769615387,06:13:35.387,bitmex,SOL/USDT:USDT,184.93,35000.0,184.91,53000.0,184.94,577000.0,184.97,818000.0
1753769615436,06:13:35.436,bitmex,SOL/USDT:USDT,184.96,19000.0,184.93,35000.0,184.97,34000.0,184.98,1772000.0
1753769615485,06:13:35.485,bitmex,SOL/USDT:USDT,184.95,35000.0,184.93,92000.0,184.97,345000.0,184.98,1772000.0
1753769615583,06:13:35.583,bitmex,SOL/USDT:USDT,184.95,35000.0,184.93,92000.0,184.96,577000.0,184.97,345000.0
1753769615632,06:13:35.632,bitmex,SOL/USDT:USDT,184.95,35000.0,184.93,92000.0,184.96,577000.0,184.97,345000.0
1753769615681,06:13:35.681,bitmex,SOL/USDT:USDT,184.95,35000.0,184.93,92000.0,184.96,577000.0,184.97,63000.0
1753769615730,06:13:35.730,bitmex,SOL/USDT:USDT,184.93,39000.0,184.9,121000.0,184.96,591000.0,184.97,49000.0
1753769615779,06:13:35.779,bitmex,SOL/USDT:USDT,184.94,16000.0,184.91,29000.0,184.96,591000.0,184.97,49000.0
1753769615828,06:13:35.828,bitmex,SOL/USDT:USDT,184.94,16000.0,184.92,111000.0,184.96,591000.0,184.97,49000.0
1753769615877,06:13:35.877,bitmex,SOL/USDT:USDT,184.94,35000.0,184.93,16000.0,184.95,14000.0,184.96,577000.0
1753769615926,06:13:35.926,bitmex,SOL/USDT:USDT,184.94,35000.0,184.92,111000.0,184.96,591000.0,184.97,73000.0
1753769615975,06:13:35.975,bitmex,SOL/USDT:USDT,184.94,35000.0,184.92,111000.0,184.95,14000.0,184.96,577000.0
1753769616073,06:13:36.073,bitmex,SOL/USDT:USDT,184.94,35000.0,184.92,111000.0,184.96,591000.0,184.97,73000.0
1753769616171,06:13:36.171,bitmex,SOL/USDT:USDT,184.94,35000.0,184.92,111000.0,184.96,591000.0,184.97,49000.0
1753769616220,06:13:36.220,bitmex,SOL/USDT:USDT,184.95,16000.0,184.92,111000.0,184.96,577000.0,184.97,49000.0
1753769616269,06:13:36.269,bitmex,SOL/USDT:USDT,184.95,16000.0,184.93,111000.0,184.96,577000.0,184.97,49000.0
1753769616318,06:13:36.318,bitmex,SOL/USDT:USDT,184.95,16000.0,184.93,111000.0,184.96,577000.0,184.97,49000.0
1753769616485,06:13:36.485,bitmex,SOL/USDT:USDT,184.93,111000.0,184.91,24000.0,184.96,577000.0,184.97,49000.0
1753769616534,06:13:36.534,bitmex,SOL/USDT:USDT,184.95,19000.0,184.94,16000.0,184.96,591000.0,184.97,49000.0
1753769616583,06:13:36.583,bitmex,SOL/USDT:USDT,184.95,35000.0,184.93,111000.0,184.96,591000.0,184.97,49000.0
1753769616689,06:13:36.689,bitmex,SOL/USDT:USDT,184.95,35000.0,184.93,111000.0,184.96,591000.0,184.97,49000.0
1753769616738,06:13:36.738,bitmex,SOL/USDT:USDT,184.95,35000.0,184.93,111000.0,184.96,577000.0,184.97,49000.0
1753769616836,06:13:36.836,bitmex,SOL/USDT:USDT,184.95,35000.0,184.93,111000.0,184.96,577000.0,184.97,49000.0
1753769616885,06:13:36.885,bitmex,SOL/USDT:USDT,184.95,35000.0,184.93,111000.0,184.96,577000.0,184.97,49000.0
1753769616947,06:13:36.947,bitmex,SOL/USDT:USDT,184.95,35000.0,184.93,111000.0,184.96,577000.0,184.97,49000.0
1753769616996,06:13:36.996,bitmex,SOL/USDT:USDT,184.95,35000.0,184.93,111000.0,184.96,577000.0,184.97,49000.0
1753769617117,06:13:37.117,bitmex,SOL/USDT:USDT,184.95,35000.0,184.93,111000.0,184.96,577000.0,184.97,49000.0
1753769617166,06:13:37.166,bitmex,SOL/USDT:USDT,184.95,35000.0,184.93,111000.0,184.96,577000.0,184.97,49000.0
1753769617215,06:13:37.215,bitmex,SOL/USDT:USDT,184.95,35000.0,184.93,111000.0,184.96,577000.0,184.97,49000.0
1753769617264,06:13:37.264,bitmex,SOL/USDT:USDT,184.95,35000.0,184.93,111000.0,184.96,577000.0,184.97,49000.0
1753769617313,06:13:37.313,bitmex,SOL/USDT:USDT,184.95,35000.0,184.93,111000.0,184.96,577000.0,184.97,49000.0
1753769617628,06:13:37.628,bitmex,SOL/USDT:USDT,184.95,16000.0,184.93,111000.0,184.96,577000.0,184.97,49000.0
1753769617678,06:13:37.678,bitmex,SOL/USDT:USDT,184.95,16000.0,184.93,111000.0,184.96,577000.0,184.97,49000.0
1753769617727,06:13:37.727,bitmex,SOL/USDT:USDT,184.95,16000.0,184.93,111000.0,184.96,577000.0,184.97,49000.0
1753769617825,06:13:37.825,bitmex,SOL/USDT:USDT,184.94,16000.0,184.9,27000.0,184.96,591000.0,184.97,49000.0
1753769617923,06:13:37.923,bitmex,SOL/USDT:USDT,184.94,16000.0,184.93,29000.0,184.96,591000.0,184.97,49000.0
1753769617972,06:13:37.972,bitmex,SOL/USDT:USDT,184.94,16000.0,184.93,29000.0,184.96,591000.0,184.97,49000.0
1753769618021,06:13:38.021,bitmex,SOL/USDT:USDT,184.94,35000.0,184.92,111000.0,184.95,14000.0,184.96,577000.0
1753769618170,06:13:38.170,bitmex,SOL/USDT:USDT,184.93,35000.0,184.9,27000.0,184.95,14000.0,184.96,577000.0
1753769618219,06:13:38.219,bitmex,SOL/USDT:USDT,184.94,16000.0,184.91,29000.0,184.95,14000.0,184.96,577000.0
1753769618268,06:13:38.268,bitmex,SOL/USDT:USDT,184.94,16000.0,184.92,111000.0,184.95,14000.0,184.96,577000.0
1753769618326,06:13:38.326,bitmex,SOL/USDT:USDT,184.92,111000.0,184.91,29000.0,184.95,14000.0,184.96,577000.0
1753769618376,06:13:38.376,bitmex,SOL/USDT:USDT,184.94,19000.0,184.93,16000.0,184.95,14000.0,184.96,577000.0
1753769618425,06:13:38.425,bitmex,SOL/USDT:USDT,184.94,35000.0,184.92,111000.0,184.96,577000.0,184.97,49000.0
1753769618474,06:13:38.474,bitmex,SOL/USDT:USDT,184.94,35000.0,184.92,111000.0,184.96,591000.0,184.97,49000.0
1753769618663,06:13:38.663,bitmex,SOL/USDT:USDT,184.94,35000.0,184.92,111000.0,184.96,591000.0,184.97,49000.0
1753769618713,06:13:38.713,bitmex,SOL/USDT:USDT,184.94,35000.0,184.92,111000.0,184.96,591000.0,184.97,49000.0
1753769618762,06:13:38.762,bitmex,SOL/USDT:USDT,184.94,35000.0,184.92,111000.0,184.96,591000.0,184.97,49000.0
1753769619193,06:13:39.193,bitmex,SOL/USDT:USDT,184.94,35000.0,184.92,111000.0,184.96,591000.0,184.97,49000.0
1753769619243,06:13:39.243,bitmex,SOL/USDT:USDT,184.94,35000.0,184.92,111000.0,184.96,591000.0,184.97,49000.0
1753769619333,06:13:39.333,bitmex,SOL/USDT:USDT,184.94,35000.0,184.92,111000.0,184.96,591000.0,184.97,49000.0
1753769619382,06:13:39.382,bitmex,SOL/USDT:USDT,184.94,35000.0,184.92,111000.0,184.96,591000.0,184.97,49000.0
1753769619553,06:13:39.553,bitmex,SOL/USDT:USDT,184.94,35000.0,184.92,111000.0,184.96,591000.0,184.97,49000.0
1753769619602,06:13:39.602,bitmex,SOL/USDT:USDT,184.95,16000.0,184.93,111000.0,184.96,577000.0,184.97,49000.0
1753769619651,06:13:39.651,bitmex,SOL/USDT:USDT,184.95,16000.0,184.93,111000.0,184.96,591000.0,184.97,49000.0
1753769619810,06:13:39.810,bitmex,SOL/USDT:USDT,184.95,16000.0,184.93,111000.0,184.96,591000.0,184.97,49000.0
1753769619859,06:13:39.859,bitmex,SOL/USDT:USDT,184.95,16000.0,184.93,111000.0,184.96,591000.0,184.97,49000.0
1753769619912,06:13:39.912,bitmex,SOL/USDT:USDT,184.95,16000.0,184.93,111000.0,184.96,591000.0,184.97,49000.0
1753769619962,06:13:39.962,bitmex,SOL/USDT:USDT,184.95,19000.0,184.94,16000.0,184.96,591000.0,184.97,49000.0
1753769620011,06:13:40.011,bitmex,SOL/USDT:USDT,184.95,19000.0,184.94,16000.0,184.96,591000.0,184.97,49000.0
