timestamp,time,exchange,symbol,bid1_price,bid1_volume,bid2_price,bid2_volume,ask1_price,ask1_volume,ask2_price,ask2_volume
1753769302541,06:08:22.541,bitget,LTC/USDT:USDT,109.77,61.8,109.76,249.7,109.78,3.4,109.79,74.8
1753769302642,06:08:22.642,bitget,LTC/USDT:USDT,109.77,72.3,109.76,230.6,109.78,16.3,109.79,74.8
1753769302756,06:08:22.756,bitget,LTC/USDT:USDT,109.77,72.3,109.76,230.6,109.78,16.3,109.79,142.9
1753769302856,06:08:22.856,bitget,LTC/USDT:USDT,109.77,72.3,109.76,230.6,109.78,3.4,109.79,15.0
1753769302957,06:08:22.957,bitget,LTC/USDT:USDT,109.77,72.3,109.76,244.9,109.78,3.4,109.79,142.9
1753769303066,06:08:23.066,bitget,LTC/USDT:USDT,109.77,72.3,109.76,244.9,109.78,25.9,109.79,97.3
1753769303760,06:08:23.760,bitget,LTC/USDT:USDT,109.78,53.9,109.77,189.0,109.79,15.0,109.8,248.0
1753769303865,06:08:23.865,bitget,LTC/USDT:USDT,109.78,53.9,109.77,152.6,109.79,30.8,109.8,25.0
1753769303967,06:08:23.967,bitget,LTC/USDT:USDT,109.78,53.3,109.77,149.2,109.81,328.5,109.82,312.7
1753769304088,06:08:24.088,bitget,LTC/USDT:USDT,109.78,39.1,109.77,149.2,109.8,13.0,109.81,165.9
1753769304202,06:08:24.202,bitget,LTC/USDT:USDT,109.78,39.1,109.77,208.2,109.79,16.3,109.8,40.0
1753769304303,06:08:24.303,bitget,LTC/USDT:USDT,109.78,49.6,109.77,208.2,109.79,18.4,109.8,121.4
1753769304407,06:08:24.407,bitget,LTC/USDT:USDT,109.78,39.1,109.77,208.2,109.79,25.3,109.8,121.4
1753769304743,06:08:24.743,bitget,LTC/USDT:USDT,109.78,49.6,109.77,208.2,109.79,19.8,109.8,124.3
1753769305761,06:08:25.761,bitget,LTC/USDT:USDT,109.82,34.6,109.81,23.5,109.83,29.7,109.84,323.1
1753769305874,06:08:25.874,bitget,LTC/USDT:USDT,109.82,42.5,109.81,184.8,109.83,10.1,109.84,49.1
1753769305976,06:08:25.976,bitget,LTC/USDT:USDT,109.82,53.0,109.81,170.1,109.84,34.8,109.85,36.6
1753769306081,06:08:26.081,bitget,LTC/USDT:USDT,109.83,32.1,109.82,91.3,109.84,16.1,109.85,81.4
1753769306294,06:08:26.294,bitget,LTC/USDT:USDT,109.83,36.6,109.82,155.3,109.84,40.5,109.85,365.6
1753769306394,06:08:26.394,bitget,LTC/USDT:USDT,109.83,36.6,109.82,155.3,109.84,40.5,109.85,141.2
1753769306606,06:08:26.606,bitget,LTC/USDT:USDT,109.83,36.6,109.82,155.3,109.84,36.9,109.85,200.1
1753769306909,06:08:26.909,bitget,LTC/USDT:USDT,109.83,47.1,109.82,140.5,109.84,22.0,109.85,199.8
1753769307122,06:08:27.122,bitget,LTC/USDT:USDT,109.83,47.1,109.82,145.7,109.84,21.9,109.85,127.2
1753769307814,06:08:27.814,bitget,LTC/USDT:USDT,109.83,47.1,109.82,145.7,109.84,8.3,109.85,159.4
1753769307915,06:08:27.915,bitget,LTC/USDT:USDT,109.83,47.1,109.82,145.7,109.84,8.3,109.85,159.4
1753769308046,06:08:28.046,bitget,LTC/USDT:USDT,109.83,47.1,109.82,145.7,109.84,8.3,109.85,159.4
1753769308155,06:08:28.155,bitget,LTC/USDT:USDT,109.83,36.6,109.82,145.7,109.84,18.0,109.85,159.4
1753769308263,06:08:28.263,bitget,LTC/USDT:USDT,109.83,36.6,109.82,145.7,109.84,28.5,109.85,163.9
1753769308363,06:08:28.363,bitget,LTC/USDT:USDT,109.83,36.6,109.82,145.7,109.84,18.8,109.85,163.9
1753769308610,06:08:28.610,bitget,LTC/USDT:USDT,109.83,47.1,109.82,145.7,109.84,13.2,109.85,163.9
1753769308711,06:08:28.711,bitget,LTC/USDT:USDT,109.83,36.6,109.82,142.3,109.84,38.7,109.85,178.9
1753769308863,06:08:28.863,bitget,LTC/USDT:USDT,109.83,36.6,109.82,142.3,109.84,38.7,109.85,178.9
1753769309009,06:08:29.009,bitget,LTC/USDT:USDT,109.83,36.6,109.82,137.1,109.84,23.7,109.85,178.9
1753769309763,06:08:29.763,bitget,LTC/USDT:USDT,109.83,36.6,109.82,145.0,109.84,20.1,109.85,159.4
1753769309863,06:08:29.863,bitget,LTC/USDT:USDT,109.83,36.6,109.82,145.0,109.84,26.3,109.85,127.2
1753769309996,06:08:29.996,bitget,LTC/USDT:USDT,109.83,36.6,109.82,145.0,109.84,26.3,109.85,127.2
1753769310101,06:08:30.101,bitget,LTC/USDT:USDT,109.83,36.6,109.82,145.0,109.84,16.3,109.85,127.2
1753769310664,06:08:30.664,bitget,LTC/USDT:USDT,109.83,47.1,109.82,145.0,109.84,16.9,109.85,127.2
1753769310913,06:08:30.913,bitget,LTC/USDT:USDT,109.83,47.1,109.82,142.5,109.85,127.2,109.86,575.7
1753769311467,06:08:31.467,bitget,LTC/USDT:USDT,109.85,3.1,109.84,59.8,109.86,361.8,109.87,998.9
1753769311599,06:08:31.599,bitget,LTC/USDT:USDT,109.85,3.1,109.84,59.8,109.86,361.8,109.87,998.9
1753769311705,06:08:31.705,bitget,LTC/USDT:USDT,109.85,3.1,109.84,59.8,109.86,361.8,109.87,998.9
1753769311813,06:08:31.813,bitget,LTC/USDT:USDT,109.85,3.1,109.84,59.8,109.86,361.8,109.87,998.9
1753769312162,06:08:32.162,bitget,LTC/USDT:USDT,109.85,3.1,109.84,59.8,109.86,361.8,109.87,998.6
1753769312263,06:08:32.263,bitget,LTC/USDT:USDT,109.84,59.8,109.83,77.2,109.85,70.8,109.86,361.8
1753769312379,06:08:32.379,bitget,LTC/USDT:USDT,109.84,5.7,109.83,137.0,109.85,70.8,109.86,689.3
1753769312514,06:08:32.514,bitget,LTC/USDT:USDT,109.84,5.7,109.83,77.2,109.85,70.8,109.86,689.3
1753769312663,06:08:32.663,bitget,LTC/USDT:USDT,109.84,5.7,109.83,77.2,109.85,70.8,109.86,689.3
1753769313166,06:08:33.166,bitget,LTC/USDT:USDT,109.83,15.0,109.82,81.7,109.84,47.5,109.85,226.4
1753769313285,06:08:33.285,bitget,LTC/USDT:USDT,109.83,15.0,109.82,77.2,109.84,62.5,109.85,286.2
1753769313414,06:08:33.414,bitget,LTC/USDT:USDT,109.83,15.0,109.82,77.2,109.84,59.6,109.85,277.2
1753769313515,06:08:33.515,bitget,LTC/USDT:USDT,109.83,15.0,109.82,74.8,109.84,59.6,109.85,277.2
1753769313615,06:08:33.615,bitget,LTC/USDT:USDT,109.83,15.0,109.82,74.8,109.84,59.6,109.85,277.2
1753769313716,06:08:33.716,bitget,LTC/USDT:USDT,109.83,15.0,109.82,134.6,109.84,59.6,109.85,277.2
1753769313864,06:08:33.864,bitget,LTC/USDT:USDT,109.83,15.0,109.82,134.6,109.84,59.6,109.85,277.2
1753769313971,06:08:33.971,bitget,LTC/USDT:USDT,109.83,15.0,109.82,74.8,109.84,59.6,109.85,277.2
1753769314116,06:08:34.116,bitget,LTC/USDT:USDT,109.83,15.0,109.82,74.8,109.84,59.6,109.85,277.2
1753769314218,06:08:34.218,bitget,LTC/USDT:USDT,109.83,15.0,109.82,74.8,109.84,37.1,109.85,277.2
1753769314350,06:08:34.350,bitget,LTC/USDT:USDT,109.83,15.0,109.82,74.8,109.84,37.1,109.85,302.9
1753769314464,06:08:34.464,bitget,LTC/USDT:USDT,109.83,15.0,109.82,74.8,109.84,37.1,109.85,302.9
1753769314566,06:08:34.566,bitget,LTC/USDT:USDT,109.83,15.0,109.82,74.8,109.84,37.1,109.85,302.9
1753769314666,06:08:34.666,bitget,LTC/USDT:USDT,109.83,15.0,109.82,74.8,109.84,37.1,109.85,276.2
1753769314799,06:08:34.799,bitget,LTC/USDT:USDT,109.83,15.0,109.82,74.8,109.84,37.1,109.85,276.2
1753769314917,06:08:34.917,bitget,LTC/USDT:USDT,109.83,15.0,109.82,74.8,109.84,37.1,109.85,221.6
1753769315066,06:08:35.066,bitget,LTC/USDT:USDT,109.83,15.0,109.82,74.8,109.84,37.1,109.85,273.7
1753769315167,06:08:35.167,bitget,LTC/USDT:USDT,109.83,15.0,109.82,74.8,109.84,37.1,109.85,271.9
1753769315317,06:08:35.317,bitget,LTC/USDT:USDT,109.83,15.0,109.82,74.8,109.84,37.1,109.85,271.9
1753769315416,06:08:35.416,bitget,LTC/USDT:USDT,109.83,15.0,109.82,74.8,109.84,37.1,109.85,218.6
1753769315550,06:08:35.550,bitget,LTC/USDT:USDT,109.83,15.0,109.82,74.8,109.84,37.1,109.85,266.7
1753769315666,06:08:35.666,bitget,LTC/USDT:USDT,109.83,15.0,109.82,74.8,109.84,37.1,109.85,266.7
1753769315767,06:08:35.767,bitget,LTC/USDT:USDT,109.83,15.0,109.82,74.8,109.84,37.1,109.85,266.7
1753769315872,06:08:35.872,bitget,LTC/USDT:USDT,109.82,74.8,109.81,77.3,109.84,37.1,109.85,271.2
1753769315999,06:08:35.999,bitget,LTC/USDT:USDT,109.82,15.0,109.81,140.5,109.83,16.0,109.84,132.5
1753769316119,06:08:36.119,bitget,LTC/USDT:USDT,109.82,15.0,109.81,162.5,109.83,16.0,109.84,183.1
1753769316219,06:08:36.219,bitget,LTC/USDT:USDT,109.82,15.0,109.81,137.1,109.83,6.9,109.84,127.8
1753769316329,06:08:36.329,bitget,LTC/USDT:USDT,109.82,25.5,109.81,137.1,109.83,2.4,109.84,127.8
1753769316451,06:08:36.451,bitget,LTC/USDT:USDT,109.82,25.5,109.81,156.8,109.83,2.4,109.84,133.0
1753769316583,06:08:36.583,bitget,LTC/USDT:USDT,109.82,25.5,109.81,156.8,109.83,2.4,109.84,133.0
1753769316718,06:08:36.718,bitget,LTC/USDT:USDT,109.82,25.5,109.81,156.8,109.83,17.4,109.84,133.0
1753769316818,06:08:36.818,bitget,LTC/USDT:USDT,109.82,25.5,109.81,156.8,109.83,17.4,109.84,174.7
1753769316921,06:08:36.921,bitget,LTC/USDT:USDT,109.82,25.5,109.81,156.8,109.83,17.4,109.84,174.7
1753769317050,06:08:37.050,bitget,LTC/USDT:USDT,109.82,34.6,109.81,154.4,109.83,2.5,109.84,127.8
1753769317169,06:08:37.169,bitget,LTC/USDT:USDT,109.82,34.6,109.81,154.4,109.83,2.5,109.84,83.5
1753769317272,06:08:37.272,bitget,LTC/USDT:USDT,109.82,34.6,109.81,154.4,109.83,12.7,109.84,113.1
1753769317400,06:08:37.400,bitget,LTC/USDT:USDT,109.82,34.6,109.81,157.8,109.83,9.5,109.84,113.1
1753769317620,06:08:37.620,bitget,LTC/USDT:USDT,109.82,34.6,109.81,157.8,109.83,9.5,109.84,113.1
1753769317723,06:08:37.723,bitget,LTC/USDT:USDT,109.82,34.6,109.81,157.8,109.83,12.0,109.84,108.6
1753769317824,06:08:37.824,bitget,LTC/USDT:USDT,109.82,34.6,109.81,157.8,109.83,12.0,109.84,108.6
1753769317923,06:08:37.923,bitget,LTC/USDT:USDT,109.82,34.6,109.81,157.8,109.83,12.0,109.84,80.0
1753769318024,06:08:38.024,bitget,LTC/USDT:USDT,109.82,34.6,109.81,157.8,109.84,80.0,109.85,184.3
1753769318168,06:08:38.168,bitget,LTC/USDT:USDT,109.83,16.2,109.82,24.1,109.84,89.6,109.85,167.0
1753769318269,06:08:38.269,bitget,LTC/USDT:USDT,109.83,5.7,109.82,140.4,109.84,90.1,109.85,167.0
1753769318373,06:08:38.373,bitget,LTC/USDT:USDT,109.83,5.7,109.82,140.4,109.84,87.2,109.85,167.0
1753769318473,06:08:38.473,bitget,LTC/USDT:USDT,109.83,16.2,109.82,140.4,109.84,86.5,109.85,167.0
1753769318576,06:08:38.576,bitget,LTC/USDT:USDT,109.83,5.7,109.82,140.4,109.84,86.5,109.85,162.5
1753769318676,06:08:38.676,bitget,LTC/USDT:USDT,109.83,5.7,109.82,140.4,109.84,86.5,109.85,162.5
1753769318777,06:08:38.777,bitget,LTC/USDT:USDT,109.83,16.2,109.82,140.4,109.84,86.5,109.85,162.5
1753769318928,06:08:38.928,bitget,LTC/USDT:USDT,109.83,16.2,109.82,140.4,109.84,86.5,109.85,167.0
1753769319073,06:08:39.073,bitget,LTC/USDT:USDT,109.83,16.2,109.82,140.4,109.84,86.5,109.85,167.0
1753769319176,06:08:39.176,bitget,LTC/USDT:USDT,109.83,5.7,109.82,80.5,109.84,87.1,109.85,167.0
1753769319279,06:08:39.279,bitget,LTC/USDT:USDT,109.83,5.7,109.82,140.4,109.84,87.1,109.85,167.0
1753769319528,06:08:39.528,bitget,LTC/USDT:USDT,109.83,5.7,109.82,140.4,109.84,87.1,109.85,167.0
1753769319677,06:08:39.677,bitget,LTC/USDT:USDT,109.83,5.7,109.82,140.4,109.84,87.1,109.85,167.0
1753769319778,06:08:39.778,bitget,LTC/USDT:USDT,109.83,5.7,109.82,140.4,109.84,87.1,109.85,167.0
1753769319879,06:08:39.879,bitget,LTC/USDT:USDT,109.83,5.7,109.82,140.4,109.84,106.1,109.85,167.0
1753769319982,06:08:39.982,bitget,LTC/USDT:USDT,109.83,5.7,109.82,140.4,109.84,106.1,109.85,167.0
1753769320126,06:08:40.126,bitget,LTC/USDT:USDT,109.83,5.7,109.82,140.4,109.84,106.1,109.85,167.0
1753769320228,06:08:40.228,bitget,LTC/USDT:USDT,109.83,5.7,109.82,140.4,109.84,106.1,109.85,167.0
1753769320328,06:08:40.328,bitget,LTC/USDT:USDT,109.83,5.7,109.82,140.4,109.84,106.1,109.85,167.0
1753769320481,06:08:40.481,bitget,LTC/USDT:USDT,109.83,5.7,109.82,140.4,109.84,106.0,109.85,167.0
1753769320583,06:08:40.583,bitget,LTC/USDT:USDT,109.83,15.0,109.82,80.5,109.84,106.0,109.85,167.0
1753769320696,06:08:40.696,bitget,LTC/USDT:USDT,109.83,15.0,109.82,140.4,109.84,106.0,109.85,167.0
1753769320803,06:08:40.803,bitget,LTC/USDT:USDT,109.83,15.0,109.82,140.4,109.84,106.0,109.85,167.0
1753769320928,06:08:40.928,bitget,LTC/USDT:USDT,109.83,15.0,109.82,140.4,109.84,106.0,109.85,229.3
1753769321029,06:08:41.029,bitget,LTC/USDT:USDT,109.83,15.0,109.82,140.4,109.84,106.0,109.85,229.3
1753769321132,06:08:41.132,bitget,LTC/USDT:USDT,109.83,15.0,109.82,140.4,109.84,106.0,109.85,229.3
1753769321254,06:08:41.254,bitget,LTC/USDT:USDT,109.83,15.0,109.82,140.4,109.84,106.0,109.85,229.3
1753769321354,06:08:41.354,bitget,LTC/USDT:USDT,109.83,15.0,109.82,80.5,109.84,106.0,109.85,174.7
1753769321480,06:08:41.480,bitget,LTC/USDT:USDT,109.83,15.0,109.82,80.5,109.84,106.0,109.85,174.7
1753769321703,06:08:41.703,bitget,LTC/USDT:USDT,109.83,15.0,109.82,140.4,109.84,106.0,109.85,174.7
1753769321830,06:08:41.830,bitget,LTC/USDT:USDT,109.83,15.0,109.82,140.4,109.84,106.0,109.85,174.7
1753769321930,06:08:41.930,bitget,LTC/USDT:USDT,109.83,15.0,109.82,140.4,109.84,106.0,109.85,174.7
1753769322032,06:08:42.032,bitget,LTC/USDT:USDT,109.83,15.0,109.82,140.4,109.84,106.0,109.85,174.7
1753769322155,06:08:42.155,bitget,LTC/USDT:USDT,109.82,140.4,109.81,48.2,109.84,106.0,109.85,174.7
1753769322376,06:08:42.376,bitget,LTC/USDT:USDT,109.82,20.7,109.81,97.3,109.83,21.2,109.84,51.6
1753769322482,06:08:42.482,bitget,LTC/USDT:USDT,109.82,31.2,109.81,100.7,109.84,107.2,109.85,174.7
1753769322591,06:08:42.591,bitget,LTC/USDT:USDT,109.82,20.7,109.81,100.7,109.84,107.2,109.85,174.7
1753769322718,06:08:42.718,bitget,LTC/USDT:USDT,109.82,18.2,109.81,160.6,109.83,10.5,109.84,107.2
1753769322830,06:08:42.830,bitget,LTC/USDT:USDT,109.82,18.2,109.81,160.6,109.83,33.8,109.84,107.2
1753769322931,06:08:42.931,bitget,LTC/USDT:USDT,109.82,28.7,109.81,160.6,109.83,23.3,109.84,107.2
1753769323032,06:08:43.032,bitget,LTC/USDT:USDT,109.82,28.7,109.81,160.6,109.83,23.3,109.84,107.2
1753769323133,06:08:43.133,bitget,LTC/USDT:USDT,109.82,18.2,109.81,172.1,109.83,24.4,109.84,107.2
1753769323236,06:08:43.236,bitget,LTC/USDT:USDT,109.82,18.2,109.81,160.6,109.83,18.6,109.84,107.2
1753769323456,06:08:43.456,bitget,LTC/USDT:USDT,109.82,3.2,109.81,172.1,109.83,20.8,109.84,82.5
1753769323555,06:08:43.555,bitget,LTC/USDT:USDT,109.82,3.2,109.81,157.2,109.83,20.8,109.84,122.2
1753769324031,06:08:44.031,bitget,LTC/USDT:USDT,109.81,15.0,109.8,202.3,109.82,22.2,109.83,190.5
1753769324132,06:08:44.132,bitget,LTC/USDT:USDT,109.81,15.0,109.8,202.3,109.82,22.2,109.83,190.5
1753769324257,06:08:44.257,bitget,LTC/USDT:USDT,109.81,15.0,109.8,202.3,109.82,22.2,109.83,190.5
1753769324382,06:08:44.382,bitget,LTC/USDT:USDT,109.81,15.0,109.8,202.3,109.82,22.2,109.83,190.5
1753769324484,06:08:44.484,bitget,LTC/USDT:USDT,109.81,15.0,109.8,202.3,109.82,22.2,109.83,190.5
1753769324584,06:08:44.584,bitget,LTC/USDT:USDT,109.81,15.0,109.8,202.3,109.82,37.2,109.83,190.5
1753769324834,06:08:44.834,bitget,LTC/USDT:USDT,109.81,15.0,109.8,202.3,109.82,37.2,109.83,190.5
1753769324984,06:08:44.984,bitget,LTC/USDT:USDT,109.81,15.0,109.8,202.3,109.82,37.2,109.83,190.5
1753769325093,06:08:45.093,bitget,LTC/USDT:USDT,109.81,15.0,109.8,202.3,109.82,26.7,109.83,190.5
1753769325233,06:08:45.233,bitget,LTC/USDT:USDT,109.81,15.0,109.8,202.3,109.82,37.2,109.83,190.5
1753769325333,06:08:45.333,bitget,LTC/USDT:USDT,109.81,15.0,109.8,202.3,109.82,37.2,109.83,190.5
1753769325434,06:08:45.434,bitget,LTC/USDT:USDT,109.81,15.0,109.8,262.2,109.82,37.2,109.83,190.5
1753769325581,06:08:45.581,bitget,LTC/USDT:USDT,109.81,15.0,109.8,262.2,109.82,37.2,109.83,190.5
1753769325682,06:08:45.682,bitget,LTC/USDT:USDT,109.81,25.5,109.8,262.2,109.82,26.7,109.83,190.5
1753769325799,06:08:45.799,bitget,LTC/USDT:USDT,109.81,15.0,109.8,262.2,109.82,37.2,109.83,190.5
1753769325906,06:08:45.906,bitget,LTC/USDT:USDT,109.81,15.0,109.8,195.6,109.82,37.2,109.83,190.5
1753769326023,06:08:46.023,bitget,LTC/USDT:USDT,109.81,15.0,109.8,195.6,109.82,26.7,109.83,190.5
1753769326132,06:08:46.132,bitget,LTC/USDT:USDT,109.81,25.5,109.8,195.6,109.82,26.7,109.83,190.5
1753769326233,06:08:46.233,bitget,LTC/USDT:USDT,109.81,25.5,109.8,195.6,109.82,26.7,109.83,190.5
1753769326335,06:08:46.335,bitget,LTC/USDT:USDT,109.81,25.5,109.8,199.0,109.82,26.7,109.83,190.5
1753769326582,06:08:46.582,bitget,LTC/USDT:USDT,109.81,25.5,109.8,199.0,109.82,13.7,109.83,190.5
1753769326683,06:08:46.683,bitget,LTC/USDT:USDT,109.81,15.0,109.8,199.0,109.82,24.2,109.83,190.5
1753769326785,06:08:46.785,bitget,LTC/USDT:USDT,109.81,15.0,109.8,199.0,109.82,24.2,109.83,190.5
1753769326886,06:08:46.886,bitget,LTC/USDT:USDT,109.81,15.0,109.8,199.0,109.82,24.2,109.83,190.5
1753769326986,06:08:46.986,bitget,LTC/USDT:USDT,109.81,15.0,109.8,199.0,109.82,13.7,109.83,190.5
1753769327107,06:08:47.107,bitget,LTC/USDT:USDT,109.81,25.5,109.8,265.0,109.82,11.7,109.83,256.5
1753769327238,06:08:47.238,bitget,LTC/USDT:USDT,109.81,25.5,109.8,282.5,109.82,13.4,109.83,256.5
1753769327557,06:08:47.557,bitget,LTC/USDT:USDT,109.81,15.0,109.8,282.5,109.82,23.9,109.83,256.5
1753769327857,06:08:47.857,bitget,LTC/USDT:USDT,109.81,15.0,109.8,282.5,109.82,23.9,109.83,256.5
1753769327973,06:08:47.973,bitget,LTC/USDT:USDT,109.81,15.0,109.8,282.5,109.82,13.4,109.83,256.5
1753769328084,06:08:48.084,bitget,LTC/USDT:USDT,109.81,25.5,109.8,282.5,109.82,11.7,109.83,256.5
1753769328184,06:08:48.184,bitget,LTC/USDT:USDT,109.81,25.5,109.8,282.5,109.82,13.7,109.83,256.5
1753769328287,06:08:48.287,bitget,LTC/USDT:USDT,109.81,15.0,109.8,282.5,109.82,24.2,109.83,256.5
1753769328421,06:08:48.421,bitget,LTC/USDT:USDT,109.81,15.0,109.8,282.5,109.82,24.2,109.83,256.5
1753769328535,06:08:48.535,bitget,LTC/USDT:USDT,109.81,15.0,109.8,282.5,109.82,24.2,109.83,256.5
1753769329180,06:08:49.180,bitget,LTC/USDT:USDT,109.82,20.7,109.81,216.8,109.83,20.1,109.84,137.4
1753769329287,06:08:49.287,bitget,LTC/USDT:USDT,109.82,31.2,109.81,214.4,109.83,32.9,109.84,139.0
1753769329387,06:08:49.387,bitget,LTC/USDT:USDT,109.82,40.2,109.81,175.8,109.83,17.9,109.84,141.6
1753769329490,06:08:49.490,bitget,LTC/USDT:USDT,109.82,40.2,109.81,175.8,109.83,17.9,109.84,141.6
1753769329591,06:08:49.591,bitget,LTC/USDT:USDT,109.82,40.2,109.81,175.8,109.83,17.9,109.84,141.6
1753769329738,06:08:49.738,bitget,LTC/USDT:USDT,109.82,40.2,109.81,175.8,109.83,17.9,109.84,141.6
1753769329842,06:08:49.842,bitget,LTC/USDT:USDT,109.82,40.2,109.81,175.8,109.83,20.3,109.84,141.6
1753769330088,06:08:50.088,bitget,LTC/USDT:USDT,109.82,27.3,109.81,175.8,109.83,28.9,109.84,137.3
1753769330191,06:08:50.191,bitget,LTC/USDT:USDT,109.82,27.3,109.81,175.8,109.83,16.1,109.84,137.3
1753769330341,06:08:50.341,bitget,LTC/USDT:USDT,109.82,27.3,109.81,175.8,109.83,7.5,109.84,137.3
1753769330461,06:08:50.461,bitget,LTC/USDT:USDT,109.82,37.8,109.81,175.8,109.83,5.1,109.84,138.5
1753769330589,06:08:50.589,bitget,LTC/USDT:USDT,109.82,40.2,109.81,175.8,109.83,15.7,109.84,230.9
1753769330709,06:08:50.709,bitget,LTC/USDT:USDT,109.82,29.7,109.81,175.8,109.83,18.1,109.84,230.9
1753769330839,06:08:50.839,bitget,LTC/USDT:USDT,109.82,40.2,109.81,175.8,109.83,7.5,109.84,230.9
1753769330941,06:08:50.941,bitget,LTC/USDT:USDT,109.82,40.2,109.81,175.8,109.83,11.1,109.84,230.9
1753769331041,06:08:51.041,bitget,LTC/USDT:USDT,109.82,29.7,109.81,175.8,109.83,21.6,109.84,230.9
1753769331154,06:08:51.154,bitget,LTC/USDT:USDT,109.82,27.3,109.81,175.8,109.83,11.1,109.84,230.9
1753769331256,06:08:51.256,bitget,LTC/USDT:USDT,109.82,37.8,109.81,175.8,109.83,11.1,109.84,230.9
1753769331393,06:08:51.393,bitget,LTC/USDT:USDT,109.82,37.8,109.81,175.8,109.83,11.1,109.84,230.9
1753769331610,06:08:51.610,bitget,LTC/USDT:USDT,109.82,27.3,109.81,175.8,109.83,34.9,109.84,232.2
1753769331739,06:08:51.739,bitget,LTC/USDT:USDT,109.82,27.3,109.81,175.8,109.83,34.9,109.84,232.2
1753769331840,06:08:51.840,bitget,LTC/USDT:USDT,109.82,27.3,109.81,175.8,109.83,34.9,109.84,232.2
1753769331941,06:08:51.941,bitget,LTC/USDT:USDT,109.82,27.3,109.81,175.8,109.83,34.9,109.84,240.9
1753769332041,06:08:52.041,bitget,LTC/USDT:USDT,109.82,27.3,109.81,175.8,109.83,34.9,109.84,240.9
1753769332142,06:08:52.142,bitget,LTC/USDT:USDT,109.82,27.3,109.81,175.8,109.83,34.9,109.84,240.9
1753769332290,06:08:52.290,bitget,LTC/USDT:USDT,109.82,27.3,109.81,175.8,109.83,31.6,109.84,240.9
1753769332391,06:08:52.391,bitget,LTC/USDT:USDT,109.82,37.8,109.81,175.9,109.83,26.1,109.84,240.9
1753769332492,06:08:52.492,bitget,LTC/USDT:USDT,109.82,37.8,109.81,175.9,109.83,26.1,109.84,240.9
1753769332593,06:08:52.593,bitget,LTC/USDT:USDT,109.82,37.8,109.81,175.9,109.83,26.1,109.84,240.9
1753769332741,06:08:52.741,bitget,LTC/USDT:USDT,109.82,37.8,109.81,175.9,109.83,26.1,109.84,240.9
1753769332941,06:08:52.941,bitget,LTC/USDT:USDT,109.82,37.8,109.81,175.9,109.83,26.1,109.84,240.9
1753769333046,06:08:53.046,bitget,LTC/USDT:USDT,109.82,27.3,109.81,175.9,109.83,26.1,109.84,240.9
1753769333191,06:08:53.191,bitget,LTC/USDT:USDT,109.82,27.3,109.81,175.9,109.83,33.0,109.84,240.9
1753769333294,06:08:53.294,bitget,LTC/USDT:USDT,109.82,27.3,109.81,175.9,109.83,33.0,109.84,240.9
1753769333400,06:08:53.400,bitget,LTC/USDT:USDT,109.82,3.4,109.81,75.0,109.83,33.0,109.84,356.5
1753769333520,06:08:53.520,bitget,LTC/USDT:USDT,109.81,60.0,109.8,116.5,109.83,36.4,109.84,356.8
1753769333641,06:08:53.641,bitget,LTC/USDT:USDT,109.81,0.1,109.8,141.9,109.82,25.2,109.83,117.0
1753769333741,06:08:53.741,bitget,LTC/USDT:USDT,109.81,0.1,109.8,141.9,109.82,42.6,109.83,174.5
1753769333842,06:08:53.842,bitget,LTC/USDT:USDT,109.81,0.1,109.8,141.9,109.82,42.6,109.83,174.5
1753769333993,06:08:53.993,bitget,LTC/USDT:USDT,109.81,0.1,109.8,141.9,109.82,42.6,109.83,174.5
1753769334093,06:08:54.093,bitget,LTC/USDT:USDT,109.81,0.1,109.8,141.9,109.82,42.6,109.83,174.5
1753769334194,06:08:54.194,bitget,LTC/USDT:USDT,109.81,0.1,109.8,110.4,109.82,42.6,109.83,174.5
1753769334294,06:08:54.294,bitget,LTC/USDT:USDT,109.81,0.1,109.8,170.4,109.82,42.6,109.83,174.5
1753769334439,06:08:54.439,bitget,LTC/USDT:USDT,109.81,0.1,109.8,170.4,109.82,42.6,109.83,174.5
1753769334542,06:08:54.542,bitget,LTC/USDT:USDT,109.81,0.1,109.8,50.5,109.82,47.1,109.83,179.0
1753769334642,06:08:54.642,bitget,LTC/USDT:USDT,109.81,0.1,109.8,110.4,109.82,47.1,109.83,279.2
1753769334743,06:08:54.743,bitget,LTC/USDT:USDT,109.81,0.1,109.8,110.4,109.82,47.1,109.83,440.2
1753769334845,06:08:54.845,bitget,LTC/USDT:USDT,109.81,0.1,109.8,50.5,109.82,47.1,109.83,471.9
1753769334945,06:08:54.945,bitget,LTC/USDT:USDT,109.81,0.1,109.8,50.5,109.82,47.1,109.83,506.8
1753769335063,06:08:55.063,bitget,LTC/USDT:USDT,109.81,0.1,109.8,50.5,109.82,47.1,109.83,506.8
1753769335194,06:08:55.194,bitget,LTC/USDT:USDT,109.81,0.1,109.8,50.5,109.82,47.1,109.83,438.2
1753769335294,06:08:55.294,bitget,LTC/USDT:USDT,109.81,0.1,109.8,50.5,109.82,47.1,109.83,438.2
1753769335436,06:08:55.436,bitget,LTC/USDT:USDT,109.81,0.1,109.8,110.4,109.82,47.1,109.83,438.2
1753769335542,06:08:55.542,bitget,LTC/USDT:USDT,109.81,0.1,109.8,110.4,109.82,47.1,109.83,438.2
1753769335774,06:08:55.774,bitget,LTC/USDT:USDT,109.81,0.1,109.8,110.4,109.82,47.1,109.83,438.2
1753769335892,06:08:55.892,bitget,LTC/USDT:USDT,109.81,0.1,109.8,110.4,109.82,47.1,109.83,409.9
1753769335994,06:08:55.994,bitget,LTC/USDT:USDT,109.81,0.1,109.8,110.4,109.82,47.1,109.83,409.9
1753769336112,06:08:56.112,bitget,LTC/USDT:USDT,109.81,0.1,109.8,110.4,109.82,47.1,109.83,409.9
1753769336252,06:08:56.252,bitget,LTC/USDT:USDT,109.81,0.1,109.8,110.4,109.82,47.1,109.83,409.9
1753769336413,06:08:56.413,bitget,LTC/USDT:USDT,109.81,0.1,109.8,110.4,109.82,47.1,109.83,409.9
1753769336545,06:08:56.545,bitget,LTC/USDT:USDT,109.81,0.1,109.8,110.4,109.82,47.1,109.83,464.5
1753769336646,06:08:56.646,bitget,LTC/USDT:USDT,109.81,0.1,109.79,15.0,109.82,47.1,109.83,464.5
1753769336962,06:08:56.962,bitget,LTC/USDT:USDT,109.77,160.8,109.76,403.7,109.79,18.2,109.8,33.8
1753769337077,06:08:57.077,bitget,LTC/USDT:USDT,109.77,104.3,109.76,409.0,109.78,5.8,109.79,44.2
1753769337196,06:08:57.196,bitget,LTC/USDT:USDT,109.77,56.4,109.76,409.0,109.78,5.8,109.79,105.4
1753769337299,06:08:57.299,bitget,LTC/USDT:USDT,109.77,66.9,109.76,323.8,109.78,5.8,109.79,171.4
1753769337399,06:08:57.399,bitget,LTC/USDT:USDT,109.77,81.9,109.76,323.8,109.78,5.8,109.79,171.4
1753769337499,06:08:57.499,bitget,LTC/USDT:USDT,109.77,81.9,109.76,323.8,109.78,5.8,109.79,171.4
1753769337613,06:08:57.613,bitget,LTC/USDT:USDT,109.77,81.9,109.76,323.8,109.78,5.8,109.79,171.4
1753769337747,06:08:57.747,bitget,LTC/USDT:USDT,109.77,81.9,109.76,323.8,109.78,5.8,109.79,171.4
1753769337847,06:08:57.847,bitget,LTC/USDT:USDT,109.77,71.4,109.76,323.8,109.78,5.8,109.79,171.4
1753769337997,06:08:57.997,bitget,LTC/USDT:USDT,109.77,71.4,109.76,323.8,109.78,5.8,109.79,189.0
1753769338099,06:08:58.099,bitget,LTC/USDT:USDT,109.77,81.9,109.76,323.8,109.78,5.8,109.79,189.0
1753769338214,06:08:58.214,bitget,LTC/USDT:USDT,109.77,81.9,109.76,323.8,109.78,5.8,109.79,189.0
1753769338444,06:08:58.444,bitget,LTC/USDT:USDT,109.77,81.9,109.76,387.1,109.79,171.4,109.8,180.8
1753769338551,06:08:58.551,bitget,LTC/USDT:USDT,109.78,10.5,109.77,108.0,109.79,51.3,109.8,240.7
1753769338656,06:08:58.656,bitget,LTC/USDT:USDT,109.78,27.9,109.77,226.7,109.79,20.8,109.8,240.7
1753769338800,06:08:58.800,bitget,LTC/USDT:USDT,109.78,27.9,109.77,270.5,109.79,36.7,109.8,240.7
1753769338900,06:08:58.900,bitget,LTC/USDT:USDT,109.78,25.5,109.77,226.7,109.79,36.7,109.8,240.7
1753769339000,06:08:59.000,bitget,LTC/USDT:USDT,109.78,25.5,109.77,226.7,109.79,36.7,109.8,240.7
1753769339100,06:08:59.100,bitget,LTC/USDT:USDT,109.78,25.5,109.77,226.7,109.79,36.7,109.8,240.7
1753769339249,06:08:59.249,bitget,LTC/USDT:USDT,109.78,25.5,109.77,226.7,109.79,36.7,109.8,240.7
1753769339352,06:08:59.352,bitget,LTC/USDT:USDT,109.78,25.5,109.77,226.7,109.79,36.7,109.8,240.7
1753769339501,06:08:59.501,bitget,LTC/USDT:USDT,109.78,27.9,109.77,226.7,109.79,21.7,109.8,240.7
1753769339604,06:08:59.604,bitget,LTC/USDT:USDT,109.78,27.9,109.77,226.7,109.79,18.2,109.8,240.7
1753769339715,06:08:59.715,bitget,LTC/USDT:USDT,109.78,27.9,109.77,226.7,109.79,8.1,109.8,240.7
1753769339824,06:08:59.824,bitget,LTC/USDT:USDT,109.78,37.8,109.77,226.7,109.81,416.9,109.82,418.4
1753769339932,06:08:59.932,bitget,LTC/USDT:USDT,109.78,44.1,109.77,226.7,109.8,16.3,109.81,154.4
1753769340050,06:09:00.050,bitget,LTC/USDT:USDT,109.78,24.0,109.77,189.9,109.79,19.7,109.8,57.3
1753769340297,06:09:00.297,bitget,LTC/USDT:USDT,109.78,21.6,109.77,189.9,109.79,22.1,109.8,141.1
1753769340402,06:09:00.402,bitget,LTC/USDT:USDT,109.78,21.6,109.77,189.9,109.79,37.1,109.8,141.1
1753769340550,06:09:00.550,bitget,LTC/USDT:USDT,109.78,21.6,109.77,189.9,109.79,37.1,109.8,141.1
1753769340682,06:09:00.682,bitget,LTC/USDT:USDT,109.78,21.6,109.77,255.9,109.79,26.6,109.8,207.1
1753769340799,06:09:00.799,bitget,LTC/USDT:USDT,109.78,21.6,109.77,255.9,109.79,26.6,109.8,207.1
1753769340899,06:09:00.899,bitget,LTC/USDT:USDT,109.78,21.6,109.77,255.9,109.79,37.1,109.8,207.1
1753769341001,06:09:01.001,bitget,LTC/USDT:USDT,109.78,6.6,109.77,255.9,109.79,37.1,109.8,207.1
1753769341102,06:09:01.102,bitget,LTC/USDT:USDT,109.78,6.6,109.77,189.9,109.79,37.1,109.8,207.1
1753769341204,06:09:01.204,bitget,LTC/USDT:USDT,109.78,6.6,109.77,189.9,109.79,37.1,109.8,241.8
1753769341304,06:09:01.304,bitget,LTC/USDT:USDT,109.76,152.5,109.75,2.4,109.77,824.7,109.78,72.3
1753769341407,06:09:01.407,bitget,LTC/USDT:USDT,109.76,112.9,109.75,77.3,109.77,10.5,109.78,131.1
1753769341626,06:09:01.626,bitget,LTC/USDT:USDT,109.76,123.4,109.75,89.9,109.78,200.4,109.79,386.1
1753769341741,06:09:01.741,bitget,LTC/USDT:USDT,109.77,17.3,109.76,112.9,109.78,79.5,109.79,333.1
1753769341851,06:09:01.851,bitget,LTC/USDT:USDT,109.77,32.3,109.76,172.8,109.78,10.2,109.79,182.3
1753769341952,06:09:01.952,bitget,LTC/USDT:USDT,109.77,32.3,109.76,172.8,109.78,0.7,109.79,182.3
1753769342099,06:09:02.099,bitget,LTC/USDT:USDT,109.77,32.3,109.76,172.8,109.78,0.7,109.79,182.3
1753769342202,06:09:02.202,bitget,LTC/USDT:USDT,109.77,32.3,109.76,172.8,109.79,182.3,109.8,373.5
1753769342334,06:09:02.334,bitget,LTC/USDT:USDT,109.78,10.5,109.77,21.8,109.79,158.0,109.8,433.4
1753769342448,06:09:02.448,bitget,LTC/USDT:USDT,109.77,78.3,109.76,179.0,109.79,142.6,109.8,425.7
1753769342555,06:09:02.555,bitget,LTC/USDT:USDT,109.77,16.0,109.76,172.8,109.78,42.2,109.79,142.5
1753769342655,06:09:02.655,bitget,LTC/USDT:USDT,109.77,15.0,109.76,172.8,109.78,64.1,109.79,314.3
1753769342756,06:09:02.756,bitget,LTC/USDT:USDT,109.76,97.9,109.75,97.0,109.78,44.8,109.79,329.3
1753769342868,06:09:02.868,bitget,LTC/USDT:USDT,109.76,97.9,109.75,83.7,109.77,42.4,109.78,89.7
1753769342980,06:09:02.980,bitget,LTC/USDT:USDT,109.76,97.9,109.75,83.7,109.77,42.4,109.78,143.8
1753769343089,06:09:03.089,bitget,LTC/USDT:USDT,109.76,97.9,109.75,83.7,109.77,25.8,109.78,141.4
1753769343192,06:09:03.192,bitget,LTC/USDT:USDT,109.76,97.9,109.75,77.3,109.77,25.8,109.78,174.6
1753769343295,06:09:03.295,bitget,LTC/USDT:USDT,109.76,97.9,109.75,77.3,109.77,27.8,109.78,240.6
1753769343399,06:09:03.399,bitget,LTC/USDT:USDT,109.74,100.8,109.73,358.6,109.76,60.9,109.77,84.8
1753769343499,06:09:03.499,bitget,LTC/USDT:USDT,109.74,13.7,109.73,358.6,109.75,19.5,109.76,51.0
1753769343605,06:09:03.605,bitget,LTC/USDT:USDT,109.74,13.7,109.73,369.3,109.75,16.3,109.76,113.0
1753769343706,06:09:03.706,bitget,LTC/USDT:USDT,109.74,16.1,109.73,206.2,109.75,5.8,109.76,98.8
1753769343832,06:09:03.832,bitget,LTC/USDT:USDT,109.74,26.6,109.73,206.2,109.75,5.8,109.76,98.8
1753769343953,06:09:03.953,bitget,LTC/USDT:USDT,109.74,16.1,109.73,259.0,109.75,5.8,109.76,175.0
1753769344055,06:09:04.055,bitget,LTC/USDT:USDT,109.74,26.6,109.73,274.0,109.75,5.8,109.76,175.0
1753769344155,06:09:04.155,bitget,LTC/USDT:USDT,109.74,17.1,109.73,274.0,109.75,13.4,109.76,175.0
1753769344257,06:09:04.257,bitget,LTC/USDT:USDT,109.74,51.2,109.73,264.5,109.76,34.1,109.77,102.9
1753769344369,06:09:04.369,bitget,LTC/USDT:USDT,109.75,47.3,109.74,81.7,109.77,131.6,109.78,241.6
1753769344490,06:09:04.490,bitget,LTC/USDT:USDT,109.76,5.7,109.75,47.3,109.77,24.9,109.78,241.6
1753769344596,06:09:04.596,bitget,LTC/USDT:USDT,109.76,20.7,109.75,88.9,109.77,24.9,109.78,241.6
1753769344697,06:09:04.697,bitget,LTC/USDT:USDT,109.76,20.7,109.75,86.5,109.77,22.5,109.78,241.6
1753769344803,06:09:04.803,bitget,LTC/USDT:USDT,109.76,23.1,109.75,100.9,109.77,22.5,109.78,241.6
1753769345054,06:09:05.054,bitget,LTC/USDT:USDT,109.76,38.0,109.75,153.6,109.77,14.7,109.78,195.6
1753769345156,06:09:05.156,bitget,LTC/USDT:USDT,109.76,38.0,109.75,168.5,109.77,14.7,109.78,156.1
1753769345269,06:09:05.269,bitget,LTC/USDT:USDT,109.76,27.5,109.75,168.5,109.77,6.1,109.78,156.1
1753769345406,06:09:05.406,bitget,LTC/USDT:USDT,109.76,38.0,109.75,153.6,109.77,16.2,109.78,156.1
1753769345553,06:09:05.553,bitget,LTC/USDT:USDT,109.76,27.5,109.75,153.6,109.77,26.7,109.78,156.1
1753769345653,06:09:05.653,bitget,LTC/USDT:USDT,109.76,27.5,109.75,153.6,109.77,14.6,109.78,156.1
1753769345760,06:09:05.760,bitget,LTC/USDT:USDT,109.76,27.5,109.75,153.6,109.77,10.9,109.78,156.1
1753769345870,06:09:05.870,bitget,LTC/USDT:USDT,109.76,27.5,109.75,153.6,109.77,21.4,109.78,156.1
1753769345983,06:09:05.983,bitget,LTC/USDT:USDT,109.76,27.5,109.75,153.6,109.77,21.4,109.78,156.1
1753769346106,06:09:06.106,bitget,LTC/USDT:USDT,109.76,27.5,109.75,153.6,109.77,14.6,109.78,156.1
1753769346207,06:09:06.207,bitget,LTC/USDT:USDT,109.76,27.5,109.75,153.6,109.77,21.5,109.78,156.1
1753769346307,06:09:06.307,bitget,LTC/USDT:USDT,109.76,27.5,109.75,153.6,109.77,21.5,109.78,156.1
1753769346415,06:09:06.415,bitget,LTC/USDT:USDT,109.76,26.5,109.75,93.6,109.77,23.9,109.78,160.6
1753769346556,06:09:06.556,bitget,LTC/USDT:USDT,109.76,24.1,109.75,79.3,109.77,17.0,109.78,160.6
1753769346682,06:09:06.682,bitget,LTC/USDT:USDT,109.76,34.6,109.75,97.5,109.77,4.1,109.78,160.6
1753769346807,06:09:06.807,bitget,LTC/USDT:USDT,109.76,37.0,109.75,97.5,109.77,22.5,109.78,160.6
1753769346910,06:09:06.910,bitget,LTC/USDT:USDT,109.76,27.5,109.75,157.5,109.77,33.0,109.78,160.6
1753769347013,06:09:07.013,bitget,LTC/USDT:USDT,109.76,27.5,109.75,157.5,109.77,5.8,109.78,160.6
1753769347118,06:09:07.118,bitget,LTC/USDT:USDT,109.76,27.5,109.75,139.3,109.77,30.2,109.78,160.6
1753769347220,06:09:07.220,bitget,LTC/USDT:USDT,109.76,27.5,109.75,139.3,109.77,30.2,109.78,160.6
1753769347447,06:09:07.447,bitget,LTC/USDT:USDT,109.76,38.0,109.75,139.3,109.77,8.5,109.78,160.6
1753769347561,06:09:07.561,bitget,LTC/USDT:USDT,109.76,38.0,109.75,139.3,109.77,18.6,109.78,160.6
1753769347671,06:09:07.671,bitget,LTC/USDT:USDT,109.76,38.0,109.75,79.3,109.77,18.6,109.78,160.6
1753769347775,06:09:07.775,bitget,LTC/USDT:USDT,109.76,10.1,109.75,79.3,109.77,29.1,109.78,160.6
1753769347893,06:09:07.893,bitget,LTC/USDT:USDT,109.76,10.1,109.75,157.5,109.77,18.7,109.78,177.9
1753769348613,06:09:08.613,bitget,LTC/USDT:USDT,109.76,27.5,109.75,139.3,109.77,18.4,109.78,177.9
1753769348720,06:09:08.720,bitget,LTC/USDT:USDT,109.76,27.5,109.75,139.3,109.77,23.4,109.78,177.9
1753769348865,06:09:08.865,bitget,LTC/USDT:USDT,109.76,27.5,109.75,139.3,109.77,23.4,109.78,177.9
1753769349015,06:09:09.015,bitget,LTC/USDT:USDT,109.76,27.5,109.75,139.3,109.77,15.3,109.78,177.9
1753769349114,06:09:09.114,bitget,LTC/USDT:USDT,109.76,38.0,109.75,139.3,109.77,6.3,109.78,177.9
1753769349238,06:09:09.238,bitget,LTC/USDT:USDT,109.76,38.0,109.75,139.3,109.77,23.4,109.78,177.9
1753769349458,06:09:09.458,bitget,LTC/USDT:USDT,109.76,27.5,109.75,139.3,109.77,17.7,109.78,213.4
1753769349562,06:09:09.562,bitget,LTC/USDT:USDT,109.76,27.5,109.75,139.3,109.77,7.2,109.78,213.4
1753769349665,06:09:09.665,bitget,LTC/USDT:USDT,109.76,27.5,109.75,139.3,109.77,30.0,109.78,213.4
1753769349772,06:09:09.772,bitget,LTC/USDT:USDT,109.76,27.5,109.75,139.3,109.77,31.5,109.78,213.4
1753769349893,06:09:09.893,bitget,LTC/USDT:USDT,109.76,12.5,109.75,139.3,109.77,19.2,109.78,213.4
1753769350016,06:09:10.016,bitget,LTC/USDT:USDT,109.76,3.4,109.75,79.3,109.77,13.5,109.78,221.8
1753769350613,06:09:10.613,bitget,LTC/USDT:USDT,109.76,20.8,109.75,139.3,109.77,33.8,109.78,221.8
1753769350715,06:09:10.715,bitget,LTC/USDT:USDT,109.76,20.8,109.75,139.3,109.77,33.8,109.78,221.8
1753769350816,06:09:10.816,bitget,LTC/USDT:USDT,109.76,18.4,109.75,135.0,109.77,33.8,109.78,221.8
1753769350967,06:09:10.967,bitget,LTC/USDT:USDT,109.76,18.4,109.75,140.2,109.77,33.8,109.78,221.8
1753769351087,06:09:11.087,bitget,LTC/USDT:USDT,109.76,18.4,109.75,140.2,109.77,31.4,109.78,221.8
1753769351217,06:09:11.217,bitget,LTC/USDT:USDT,109.76,20.8,109.75,140.2,109.77,16.4,109.78,213.4
1753769351368,06:09:11.368,bitget,LTC/USDT:USDT,109.76,20.8,109.75,140.2,109.77,16.4,109.78,213.4
1753769351468,06:09:11.468,bitget,LTC/USDT:USDT,109.76,31.3,109.75,140.2,109.77,5.9,109.78,213.4
1753769351568,06:09:11.568,bitget,LTC/USDT:USDT,109.76,20.8,109.75,140.2,109.77,30.9,109.78,213.4
1753769351668,06:09:11.668,bitget,LTC/USDT:USDT,109.76,20.8,109.75,140.2,109.77,30.9,109.78,213.4
1753769351768,06:09:11.768,bitget,LTC/USDT:USDT,109.76,20.8,109.75,140.2,109.77,30.9,109.78,213.4
1753769351873,06:09:11.873,bitget,LTC/USDT:USDT,109.76,20.8,109.75,140.2,109.77,16.4,109.78,213.4
1753769352018,06:09:12.018,bitget,LTC/USDT:USDT,109.76,20.8,109.75,140.2,109.77,16.4,109.78,213.4
1753769352173,06:09:12.173,bitget,LTC/USDT:USDT,109.76,20.8,109.75,140.2,109.77,16.4,109.78,213.4
1753769352289,06:09:12.289,bitget,LTC/USDT:USDT,109.76,20.8,109.75,140.2,109.77,16.4,109.78,213.4
1753769352603,06:09:12.603,bitget,LTC/USDT:USDT,109.77,35.1,109.76,51.8,109.78,149.0,109.79,191.1
1753769352713,06:09:12.713,bitget,LTC/USDT:USDT,109.77,27.7,109.76,111.7,109.78,166.9,109.79,251.0
1753769352881,06:09:12.881,bitget,LTC/USDT:USDT,109.77,30.1,109.76,111.7,109.78,166.9,109.79,251.0
1753769352988,06:09:12.988,bitget,LTC/USDT:USDT,109.77,30.1,109.76,111.7,109.78,156.4,109.79,251.0
1753769353115,06:09:13.115,bitget,LTC/USDT:USDT,109.77,30.1,109.76,111.7,109.78,166.9,109.79,251.0
1753769353222,06:09:13.222,bitget,LTC/USDT:USDT,109.77,30.1,109.76,111.7,109.78,166.9,109.79,251.0
1753769353323,06:09:13.323,bitget,LTC/USDT:USDT,109.77,30.1,109.76,111.7,109.78,166.9,109.79,251.0
1753769353424,06:09:13.424,bitget,LTC/USDT:USDT,109.77,12.7,109.76,111.7,109.78,166.9,109.79,251.0
1753769353524,06:09:13.524,bitget,LTC/USDT:USDT,109.77,3.4,109.76,111.7,109.78,166.9,109.79,251.0
1753769353625,06:09:13.625,bitget,LTC/USDT:USDT,109.77,3.4,109.76,111.7,109.78,166.9,109.79,251.0
1753769353755,06:09:13.755,bitget,LTC/USDT:USDT,109.77,5.8,109.76,111.7,109.78,166.9,109.79,251.0
1753769353861,06:09:13.861,bitget,LTC/USDT:USDT,109.77,23.0,109.76,175.9,109.78,166.9,109.79,112.9
1753769353973,06:09:13.973,bitget,LTC/USDT:USDT,109.77,23.0,109.76,198.4,109.78,58.0,109.79,172.8
1753769354188,06:09:14.188,bitget,LTC/USDT:USDT,109.77,38.0,109.76,182.7,109.78,35.5,109.79,172.8
1753769354322,06:09:14.322,bitget,LTC/USDT:USDT,109.77,38.0,109.76,182.7,109.78,35.5,109.79,172.8
1753769354424,06:09:14.424,bitget,LTC/USDT:USDT,109.77,27.5,109.76,182.7,109.78,42.4,109.79,172.8
1753769354777,06:09:14.777,bitget,LTC/USDT:USDT,109.77,26.2,109.76,180.4,109.78,43.2,109.79,172.8
1753769354877,06:09:14.877,bitget,LTC/USDT:USDT,109.77,26.2,109.76,180.4,109.78,43.2,109.79,172.8
1753769355078,06:09:15.078,bitget,LTC/USDT:USDT,109.77,36.7,109.76,180.4,109.79,119.4,109.8,112.8
1753769355180,06:09:15.180,bitget,LTC/USDT:USDT,109.78,47.3,109.77,72.8,109.8,34.1,109.81,31.4
1753769355297,06:09:15.297,bitget,LTC/USDT:USDT,109.79,32.3,109.78,54.5,109.81,270.6,109.82,536.6
1753769355406,06:09:15.406,bitget,LTC/USDT:USDT,109.8,28.9,109.79,32.4,109.81,270.6,109.82,536.6
1753769355528,06:09:15.528,bitget,LTC/USDT:USDT,109.8,28.9,109.79,137.3,109.81,274.0,109.82,536.6
1753769355628,06:09:15.628,bitget,LTC/USDT:USDT,109.8,18.4,109.79,137.3,109.81,284.5,109.82,536.6
1753769355732,06:09:15.732,bitget,LTC/USDT:USDT,109.8,15.0,109.79,77.3,109.81,112.7,109.82,759.5
1753769355878,06:09:15.878,bitget,LTC/USDT:USDT,109.8,5.7,109.79,77.3,109.81,112.7,109.82,759.5
1753769356028,06:09:16.028,bitget,LTC/USDT:USDT,109.8,5.7,109.79,77.3,109.81,112.7,109.82,759.5
1753769356171,06:09:16.171,bitget,LTC/USDT:USDT,109.8,5.7,109.79,77.3,109.81,112.7,109.82,759.5
1753769356326,06:09:16.326,bitget,LTC/USDT:USDT,109.8,5.7,109.79,77.3,109.81,112.7,109.82,759.5
1753769356426,06:09:16.426,bitget,LTC/USDT:USDT,109.8,5.7,109.79,74.9,109.81,103.8,109.82,759.5
1753769356541,06:09:16.541,bitget,LTC/USDT:USDT,109.8,15.0,109.79,78.9,109.81,51.4,109.82,759.5
1753769356675,06:09:16.675,bitget,LTC/USDT:USDT,109.8,15.0,109.79,78.9,109.81,31.3,109.82,757.1
1753769356777,06:09:16.777,bitget,LTC/USDT:USDT,109.8,15.0,109.79,78.9,109.81,48.2,109.82,757.1
1753769356878,06:09:16.878,bitget,LTC/USDT:USDT,109.8,15.0,109.79,78.9,109.81,36.2,109.82,761.6
1753769356979,06:09:16.979,bitget,LTC/USDT:USDT,109.8,15.0,109.79,78.9,109.81,37.2,109.82,761.6
1753769357081,06:09:17.081,bitget,LTC/USDT:USDT,109.8,15.0,109.79,78.9,109.81,37.2,109.82,761.6
1753769357182,06:09:17.182,bitget,LTC/USDT:USDT,109.8,30.0,109.79,78.9,109.81,37.2,109.82,761.6
1753769357329,06:09:17.329,bitget,LTC/USDT:USDT,109.8,30.0,109.79,78.9,109.81,41.7,109.82,761.6
1753769357479,06:09:17.479,bitget,LTC/USDT:USDT,109.8,30.0,109.79,78.9,109.81,41.7,109.82,761.6
1753769357581,06:09:17.581,bitget,LTC/USDT:USDT,109.8,30.0,109.79,78.9,109.81,41.7,109.82,761.6
1753769357783,06:09:17.783,bitget,LTC/USDT:USDT,109.8,15.0,109.79,74.9,109.81,41.7,109.82,761.6
1753769357926,06:09:17.926,bitget,LTC/USDT:USDT,109.8,15.0,109.79,74.9,109.81,37.2,109.82,761.6
1753769358026,06:09:18.026,bitget,LTC/USDT:USDT,109.8,15.0,109.79,74.9,109.81,37.2,109.82,761.6
1753769358133,06:09:18.133,bitget,LTC/USDT:USDT,109.8,15.0,109.79,74.9,109.81,37.2,109.82,761.6
1753769358281,06:09:18.281,bitget,LTC/USDT:USDT,109.8,15.0,109.79,74.9,109.81,37.2,109.82,761.6
1753769358383,06:09:18.383,bitget,LTC/USDT:USDT,109.8,15.0,109.79,74.9,109.81,37.2,109.82,761.6
1753769358529,06:09:18.529,bitget,LTC/USDT:USDT,109.8,15.0,109.79,74.9,109.81,37.2,109.82,761.6
1753769358732,06:09:18.732,bitget,LTC/USDT:USDT,109.79,20.7,109.78,151.4,109.8,19.6,109.81,160.8
1753769358833,06:09:18.833,bitget,LTC/USDT:USDT,109.79,23.1,109.78,149.0,109.8,19.6,109.81,217.3
1753769358933,06:09:18.933,bitget,LTC/USDT:USDT,109.79,33.6,109.78,149.0,109.8,12.7,109.81,217.3
1753769359033,06:09:19.033,bitget,LTC/USDT:USDT,109.79,33.6,109.78,149.0,109.8,5.8,109.81,217.3
1753769359133,06:09:19.133,bitget,LTC/USDT:USDT,109.79,23.1,109.78,149.0,109.8,9.1,109.81,217.3
1753769359276,06:09:19.276,bitget,LTC/USDT:USDT,109.79,23.1,109.78,149.0,109.8,9.1,109.81,214.9
1753769359585,06:09:19.585,bitget,LTC/USDT:USDT,109.79,33.6,109.78,149.0,109.81,269.5,109.82,650.4
1753769359714,06:09:19.714,bitget,LTC/USDT:USDT,109.8,5.7,109.79,38.0,109.81,209.6,109.82,702.5
1753769359824,06:09:19.824,bitget,LTC/USDT:USDT,109.8,47.3,109.79,171.7,109.81,2.7,109.82,576.6
1753769360045,06:09:20.045,bitget,LTC/USDT:USDT,109.81,32.3,109.8,85.5,109.83,22.5,109.84,255.3
1753769360149,06:09:20.149,bitget,LTC/USDT:USDT,109.82,47.3,109.81,53.7,109.83,58.4,109.84,255.3
1753769360251,06:09:20.251,bitget,LTC/USDT:USDT,109.82,51.3,109.81,193.1,109.83,11.0,109.84,255.3
1753769360482,06:09:20.482,bitget,LTC/USDT:USDT,109.83,5.7,109.82,88.1,109.84,255.3,109.85,216.7
1753769360592,06:09:20.592,bitget,LTC/USDT:USDT,109.83,20.7,109.82,179.1,109.84,24.9,109.85,431.9
1753769360714,06:09:20.714,bitget,LTC/USDT:USDT,109.83,23.1,109.82,216.7,109.84,33.0,109.85,479.2
1753769360834,06:09:20.834,bitget,LTC/USDT:USDT,109.83,23.1,109.82,199.2,109.84,33.0,109.85,424.6
1753769360934,06:09:20.934,bitget,LTC/USDT:USDT,109.83,23.1,109.82,199.2,109.84,33.0,109.85,424.6
1753769361034,06:09:21.034,bitget,LTC/USDT:USDT,109.83,23.1,109.82,199.2,109.84,18.2,109.85,424.6
1753769361167,06:09:21.167,bitget,LTC/USDT:USDT,109.83,38.0,109.82,198.2,109.84,40.0,109.85,298.7
1753769361279,06:09:21.279,bitget,LTC/USDT:USDT,109.83,38.0,109.82,175.7,109.85,358.0,109.86,319.7
1753769361384,06:09:21.384,bitget,LTC/USDT:USDT,109.84,29.9,109.83,53.0,109.85,75.9,109.86,265.1
1753769361487,06:09:21.487,bitget,LTC/USDT:USDT,109.84,44.9,109.83,186.3,109.85,21.3,109.86,487.8
1753769361629,06:09:21.629,bitget,LTC/USDT:USDT,109.84,44.9,109.83,167.2,109.85,36.2,109.86,547.7
1753769361732,06:09:21.732,bitget,LTC/USDT:USDT,109.84,34.4,109.83,144.7,109.85,36.2,109.86,547.7
1753769361837,06:09:21.837,bitget,LTC/USDT:USDT,109.84,34.4,109.83,151.0,109.85,38.6,109.86,545.2
1753769361952,06:09:21.952,bitget,LTC/USDT:USDT,109.84,18.4,109.83,151.0,109.85,41.8,109.86,545.2
1753769362080,06:09:22.080,bitget,LTC/USDT:USDT,109.84,18.4,109.83,77.3,109.85,55.7,109.86,549.7
1753769362182,06:09:22.182,bitget,LTC/USDT:USDT,109.83,74.9,109.82,65.2,109.85,70.7,109.86,549.7
1753769362283,06:09:22.283,bitget,LTC/USDT:USDT,109.83,15.0,109.82,201.7,109.84,33.6,109.85,125.2
1753769362394,06:09:22.394,bitget,LTC/USDT:USDT,109.83,15.0,109.82,185.1,109.84,33.6,109.85,181.7
1753769362529,06:09:22.529,bitget,LTC/USDT:USDT,109.83,15.0,109.82,185.1,109.84,19.5,109.85,181.7
1753769362637,06:09:22.637,bitget,LTC/USDT:USDT,109.83,25.5,109.82,185.1,109.84,9.0,109.85,181.7
1753769362737,06:09:22.737,bitget,LTC/USDT:USDT,109.83,25.5,109.82,185.1,109.84,9.0,109.85,181.7
1753769362885,06:09:22.885,bitget,LTC/USDT:USDT,109.83,25.5,109.82,185.1,109.84,26.4,109.85,179.3
1753769362985,06:09:22.985,bitget,LTC/USDT:USDT,109.83,25.5,109.82,185.1,109.84,26.4,109.85,179.3
1753769363090,06:09:23.090,bitget,LTC/USDT:USDT,109.83,25.5,109.82,185.1,109.84,26.4,109.85,179.3
1753769363239,06:09:23.239,bitget,LTC/USDT:USDT,109.83,25.5,109.82,185.1,109.84,26.4,109.85,179.3
1753769363371,06:09:23.371,bitget,LTC/USDT:USDT,109.83,15.0,109.82,185.1,109.84,26.4,109.85,179.3
1753769363596,06:09:23.596,bitget,LTC/USDT:USDT,109.83,25.5,109.82,189.1,109.84,29.0,109.85,179.3
1753769363730,06:09:23.730,bitget,LTC/USDT:USDT,109.83,25.5,109.82,189.1,109.84,29.0,109.85,179.3
1753769363830,06:09:23.830,bitget,LTC/USDT:USDT,109.83,25.5,109.82,178.1,109.84,29.0,109.85,179.3
1753769363936,06:09:23.936,bitget,LTC/USDT:USDT,109.83,15.0,109.82,178.1,109.84,39.5,109.85,179.3
1753769364036,06:09:24.036,bitget,LTC/USDT:USDT,109.83,15.0,109.82,178.1,109.84,39.5,109.85,179.3
1753769364137,06:09:24.137,bitget,LTC/USDT:USDT,109.83,15.0,109.82,178.1,109.84,39.5,109.85,179.3
1753769364238,06:09:24.238,bitget,LTC/USDT:USDT,109.83,15.0,109.82,178.1,109.84,39.5,109.85,179.3
1753769364387,06:09:24.387,bitget,LTC/USDT:USDT,109.83,15.0,109.82,178.1,109.84,39.5,109.85,179.3
1753769364489,06:09:24.489,bitget,LTC/USDT:USDT,109.83,15.0,109.82,178.1,109.84,39.5,109.85,179.3
1753769364596,06:09:24.596,bitget,LTC/USDT:USDT,109.82,111.7,109.81,72.9,109.84,47.4,109.85,183.8
1753769364704,06:09:24.704,bitget,LTC/USDT:USDT,109.82,51.8,109.81,114.7,109.83,29.5,109.84,54.0
1753769364807,06:09:24.807,bitget,LTC/USDT:USDT,109.82,62.3,109.81,159.3,109.83,25.7,109.84,129.8
1753769364931,06:09:24.931,bitget,LTC/USDT:USDT,109.82,68.1,109.81,195.0,109.83,22.5,109.84,129.8
1753769365038,06:09:25.038,bitget,LTC/USDT:USDT,109.82,68.1,109.81,175.1,109.84,63.0,109.85,230.4
1753769365139,06:09:25.139,bitget,LTC/USDT:USDT,109.83,23.0,109.82,80.1,109.84,63.0,109.85,187.1
1753769365489,06:09:25.489,bitget,LTC/USDT:USDT,109.83,27.5,109.82,175.0,109.84,21.4,109.85,179.3
1753769365590,06:09:25.590,bitget,LTC/USDT:USDT,109.83,9.1,109.82,111.7,109.84,37.5,109.85,183.8
1753769365690,06:09:25.690,bitget,LTC/USDT:USDT,109.83,9.1,109.82,111.7,109.84,37.5,109.85,196.5
1753769365794,06:09:25.794,bitget,LTC/USDT:USDT,109.83,9.1,109.82,111.7,109.84,33.7,109.85,310.0
1753769365901,06:09:25.901,bitget,LTC/USDT:USDT,109.83,9.1,109.82,111.7,109.84,66.2,109.85,310.0
1753769366039,06:09:26.039,bitget,LTC/USDT:USDT,109.83,9.1,109.82,111.7,109.84,120.8,109.85,310.0
1753769366144,06:09:26.144,bitget,LTC/USDT:USDT,109.83,9.1,109.82,171.7,109.84,111.6,109.85,310.0
1753769366244,06:09:26.244,bitget,LTC/USDT:USDT,109.82,74.9,109.81,28.7,109.84,111.6,109.85,310.0
1753769366346,06:09:26.346,bitget,LTC/USDT:USDT,109.81,13.7,109.8,126.5,109.83,44.7,109.84,157.9
1753769366478,06:09:26.478,bitget,LTC/USDT:USDT,109.81,16.1,109.8,124.1,109.82,59.7,109.83,71.6
1753769366583,06:09:26.583,bitget,LTC/USDT:USDT,109.81,16.1,109.8,88.6,109.82,49.2,109.83,147.7
1753769366685,06:09:26.685,bitget,LTC/USDT:USDT,109.81,24.2,109.8,144.9,109.82,27.4,109.83,147.7
1753769366790,06:09:26.790,bitget,LTC/USDT:USDT,109.81,16.2,109.8,88.6,109.82,37.9,109.83,147.7
1753769366938,06:09:26.938,bitget,LTC/USDT:USDT,109.81,16.2,109.8,88.6,109.82,37.9,109.83,147.7
1753769367144,06:09:27.144,bitget,LTC/USDT:USDT,109.8,74.9,109.79,201.5,109.82,37.9,109.83,147.7
1753769367393,06:09:27.393,bitget,LTC/USDT:USDT,109.8,17.5,109.79,258.9,109.81,31.4,109.82,122.4
1753769367503,06:09:27.503,bitget,LTC/USDT:USDT,109.8,17.5,109.79,183.4,109.81,8.7,109.82,158.0
1753769367991,06:09:27.991,bitget,LTC/USDT:USDT,109.8,29.0,109.79,187.8,109.81,7.2,109.82,158.0
1753769368109,06:09:28.109,bitget,LTC/USDT:USDT,109.8,29.0,109.79,187.8,109.81,22.2,109.82,158.0
1753769368233,06:09:28.233,bitget,LTC/USDT:USDT,109.8,17.5,109.79,121.8,109.81,32.7,109.82,158.0
1753769368339,06:09:28.339,bitget,LTC/USDT:USDT,109.79,121.8,109.78,49.9,109.81,32.7,109.82,158.0
1753769368439,06:09:28.439,bitget,LTC/USDT:USDT,109.79,65.3,109.78,112.4,109.8,10.5,109.81,57.2
1753769368739,06:09:28.739,bitget,LTC/USDT:USDT,109.8,2.5,109.79,65.7,109.81,30.8,109.82,154.9
1753769368855,06:09:28.855,bitget,LTC/USDT:USDT,109.8,17.5,109.79,111.8,109.81,38.4,109.82,154.9
1753769369089,06:09:29.089,bitget,LTC/USDT:USDT,109.8,28.0,109.79,111.8,109.81,27.9,109.82,154.9
1753769369242,06:09:29.242,bitget,LTC/USDT:USDT,109.8,28.0,109.79,111.8,109.81,29.0,109.82,154.9
1753769369378,06:09:29.378,bitget,LTC/USDT:USDT,109.8,28.0,109.79,143.8,109.81,29.0,109.82,154.9
1753769369491,06:09:29.491,bitget,LTC/USDT:USDT,109.8,28.0,109.79,115.8,109.81,45.0,109.82,154.9
1753769369593,06:09:29.593,bitget,LTC/USDT:USDT,109.8,17.5,109.79,115.8,109.81,54.1,109.82,154.9
1753769369842,06:09:29.842,bitget,LTC/USDT:USDT,109.8,15.0,109.79,175.8,109.81,38.8,109.82,154.9
1753769369942,06:09:29.942,bitget,LTC/USDT:USDT,109.8,15.0,109.79,175.8,109.81,38.8,109.82,154.9
1753769370083,06:09:30.083,bitget,LTC/USDT:USDT,109.8,15.0,109.79,175.8,109.81,38.8,109.82,154.9
1753769370185,06:09:30.185,bitget,LTC/USDT:USDT,109.8,15.0,109.79,175.8,109.81,38.8,109.82,154.9
1753769370295,06:09:30.295,bitget,LTC/USDT:USDT,109.8,15.0,109.79,175.8,109.81,38.1,109.82,154.9
1753769370445,06:09:30.445,bitget,LTC/USDT:USDT,109.8,15.0,109.79,175.8,109.81,38.1,109.82,154.9
1753769370545,06:09:30.545,bitget,LTC/USDT:USDT,109.8,15.0,109.79,175.8,109.81,38.1,109.82,154.9
1753769370693,06:09:30.693,bitget,LTC/USDT:USDT,109.8,15.0,109.79,175.8,109.81,38.1,109.82,154.9
1753769370793,06:09:30.793,bitget,LTC/USDT:USDT,109.8,15.0,109.79,175.8,109.81,38.1,109.82,154.9
1753769370894,06:09:30.894,bitget,LTC/USDT:USDT,109.79,36.8,109.78,12.4,109.8,6.9,109.81,110.9
1753769370995,06:09:30.995,bitget,LTC/USDT:USDT,109.78,69.9,109.77,72.4,109.8,67.4,109.81,221.8
1753769371096,06:09:31.096,bitget,LTC/USDT:USDT,109.78,9.9,109.77,229.3,109.79,21.5,109.8,92.0
1753769371204,06:09:31.204,bitget,LTC/USDT:USDT,109.78,43.2,109.77,226.8,109.79,21.5,109.8,142.7
1753769371565,06:09:31.565,bitget,LTC/USDT:USDT,109.79,20.6,109.78,88.3,109.8,33.4,109.81,133.4
1753769371665,06:09:31.665,bitget,LTC/USDT:USDT,109.79,20.6,109.78,87.4,109.8,33.4,109.81,178.3
1753769371773,06:09:31.773,bitget,LTC/USDT:USDT,109.79,3.4,109.78,12.4,109.8,47.3,109.81,288.2
1753769371913,06:09:31.913,bitget,LTC/USDT:USDT,109.79,3.4,109.78,12.4,109.8,47.3,109.81,331.2
1753769372048,06:09:32.048,bitget,LTC/USDT:USDT,109.79,3.4,109.78,72.4,109.8,47.3,109.81,260.4
1753769372152,06:09:32.152,bitget,LTC/USDT:USDT,109.78,9.9,109.77,72.4,109.8,63.4,109.81,286.5
1753769372254,06:09:32.254,bitget,LTC/USDT:USDT,109.77,62.5,109.76,60.5,109.79,22.9,109.8,114.2
1753769372354,06:09:32.354,bitget,LTC/USDT:USDT,109.76,36.8,109.75,174.7,109.78,35.8,109.79,54.0
1753769372488,06:09:32.488,bitget,LTC/USDT:USDT,109.76,42.7,109.75,234.7,109.77,5.8,109.78,45.2
1753769372596,06:09:32.596,bitget,LTC/USDT:USDT,109.76,54.2,109.75,234.7,109.77,5.8,109.78,150.7
1753769372698,06:09:32.698,bitget,LTC/USDT:USDT,109.76,54.2,109.75,234.7,109.77,5.8,109.78,150.7
1753769372800,06:09:32.800,bitget,LTC/USDT:USDT,109.76,54.2,109.75,234.7,109.77,5.8,109.78,150.7
1753769372939,06:09:32.939,bitget,LTC/USDT:USDT,109.76,54.2,109.75,294.8,109.77,5.8,109.78,150.7
1753769373051,06:09:33.051,bitget,LTC/USDT:USDT,109.76,69.2,109.75,298.8,109.78,148.2,109.79,135.3
1753769373151,06:09:33.151,bitget,LTC/USDT:USDT,109.77,23.1,109.76,79.4,109.78,41.0,109.79,187.5
1753769373273,06:09:33.273,bitget,LTC/USDT:USDT,109.77,27.6,109.76,171.9,109.78,10.0,109.79,187.5
1753769373379,06:09:33.379,bitget,LTC/USDT:USDT,109.77,38.1,109.76,171.9,109.78,12.8,109.79,187.5
1753769373487,06:09:33.487,bitget,LTC/USDT:USDT,109.77,38.1,109.76,171.9,109.78,23.7,109.79,187.5
1753769373600,06:09:33.600,bitget,LTC/USDT:USDT,109.77,38.1,109.76,171.9,109.78,23.7,109.79,187.5
1753769373749,06:09:33.749,bitget,LTC/USDT:USDT,109.77,27.6,109.76,171.9,109.78,23.7,109.79,187.5
1753769373901,06:09:33.901,bitget,LTC/USDT:USDT,109.77,38.1,109.76,171.9,109.78,23.7,109.79,187.5
1753769374051,06:09:34.051,bitget,LTC/USDT:USDT,109.77,27.6,109.76,111.8,109.78,44.0,109.79,192.0
1753769374164,06:09:34.164,bitget,LTC/USDT:USDT,109.77,25.1,109.76,111.8,109.78,51.7,109.79,192.0
1753769374750,06:09:34.750,bitget,LTC/USDT:USDT,109.76,49.8,109.75,156.3,109.77,20.8,109.78,103.2
1753769374900,06:09:34.900,bitget,LTC/USDT:USDT,109.76,49.8,109.75,156.3,109.77,21.6,109.78,112.9
1753769375002,06:09:35.002,bitget,LTC/USDT:USDT,109.76,58.7,109.75,171.3,109.77,24.3,109.78,112.9
1753769375102,06:09:35.102,bitget,LTC/USDT:USDT,109.76,69.2,109.75,171.3,109.77,8.9,109.78,110.4
1753769375252,06:09:35.252,bitget,LTC/USDT:USDT,109.76,69.2,109.75,175.3,109.77,6.1,109.78,110.4
1753769375353,06:09:35.353,bitget,LTC/USDT:USDT,109.76,69.2,109.75,175.3,109.77,6.1,109.78,87.8
1753769375470,06:09:35.470,bitget,LTC/USDT:USDT,109.76,69.2,109.75,189.1,109.77,3.1,109.78,87.8
1753769375588,06:09:35.588,bitget,LTC/USDT:USDT,109.76,69.2,109.75,255.2,109.78,87.8,109.79,201.4
1753769375855,06:09:35.855,bitget,LTC/USDT:USDT,109.77,23.2,109.76,112.8,109.78,31.7,109.79,253.6
1753769375954,06:09:35.954,bitget,LTC/USDT:USDT,109.77,8.2,109.76,112.8,109.78,48.6,109.79,265.9
1753769376102,06:09:36.102,bitget,LTC/USDT:USDT,109.77,8.2,109.76,112.8,109.78,48.6,109.79,265.9
1753769376202,06:09:36.202,bitget,LTC/USDT:USDT,109.77,8.2,109.76,112.8,109.78,48.6,109.79,265.9
1753769376303,06:09:36.303,bitget,LTC/USDT:USDT,109.77,8.2,109.76,112.8,109.78,48.6,109.79,265.9
1753769376404,06:09:36.404,bitget,LTC/USDT:USDT,109.77,8.2,109.76,112.8,109.78,32.3,109.79,265.9
1753769376503,06:09:36.503,bitget,LTC/USDT:USDT,109.77,8.2,109.76,112.8,109.78,30.9,109.79,265.9
1753769376605,06:09:36.605,bitget,LTC/USDT:USDT,109.77,8.2,109.76,112.8,109.78,30.9,109.79,265.9
1753769376754,06:09:36.754,bitget,LTC/USDT:USDT,109.77,8.2,109.76,112.8,109.78,49.8,109.79,265.9
1753769376855,06:09:36.855,bitget,LTC/USDT:USDT,109.77,8.2,109.76,112.8,109.78,49.8,109.79,265.9
1753769376956,06:09:36.956,bitget,LTC/USDT:USDT,109.77,23.2,109.76,112.8,109.78,30.9,109.79,265.9
1753769377200,06:09:37.200,bitget,LTC/USDT:USDT,109.77,5.7,109.76,112.8,109.78,30.0,109.79,265.9
1753769377301,06:09:37.301,bitget,LTC/USDT:USDT,109.76,112.8,109.75,65.0,109.78,40.3,109.79,265.9
1753769377406,06:09:37.406,bitget,LTC/USDT:USDT,109.76,52.8,109.75,125.0,109.77,23.6,109.78,66.1
1753769377518,06:09:37.518,bitget,LTC/USDT:USDT,109.76,52.8,109.75,185.1,109.77,44.6,109.78,122.7
1753769377620,06:09:37.620,bitget,LTC/USDT:USDT,109.76,55.2,109.75,171.3,109.77,34.1,109.78,122.7
1753769377755,06:09:37.755,bitget,LTC/USDT:USDT,109.76,65.7,109.75,189.3,109.77,24.9,109.78,99.9
1753769377856,06:09:37.856,bitget,LTC/USDT:USDT,109.76,65.7,109.75,193.3,109.77,26.5,109.78,99.9
1753769377955,06:09:37.955,bitget,LTC/USDT:USDT,109.76,55.2,109.75,193.3,109.77,35.4,109.78,99.9
1753769378055,06:09:38.055,bitget,LTC/USDT:USDT,109.76,55.2,109.75,193.3,109.77,35.4,109.78,99.9
1753769378156,06:09:38.156,bitget,LTC/USDT:USDT,109.76,65.7,109.75,193.3,109.77,26.5,109.78,99.9
1753769378256,06:09:38.256,bitget,LTC/USDT:USDT,109.76,65.7,109.75,193.3,109.77,11.5,109.78,99.9
1753769378358,06:09:38.358,bitget,LTC/USDT:USDT,109.76,65.7,109.75,193.3,109.77,11.5,109.78,99.9
1753769378508,06:09:38.508,bitget,LTC/USDT:USDT,109.76,55.2,109.75,193.3,109.77,16.3,109.78,99.9
1753769378609,06:09:38.609,bitget,LTC/USDT:USDT,109.76,55.2,109.75,193.3,109.77,16.3,109.78,99.9
1753769378731,06:09:38.731,bitget,LTC/USDT:USDT,109.76,55.2,109.75,193.3,109.77,32.2,109.78,99.9
1753769378832,06:09:38.832,bitget,LTC/USDT:USDT,109.76,40.2,109.75,160.3,109.77,21.7,109.78,99.9
1753769378942,06:09:38.942,bitget,LTC/USDT:USDT,109.75,73.7,109.74,57.8,109.77,60.7,109.78,128.9
1753769379046,06:09:39.046,bitget,LTC/USDT:USDT,109.75,13.7,109.74,177.9,109.76,19.0,109.77,71.5
1753769379157,06:09:39.157,bitget,LTC/USDT:USDT,109.75,16.1,109.74,161.4,109.76,21.9,109.77,201.5
1753769379260,06:09:39.260,bitget,LTC/USDT:USDT,109.75,26.6,109.74,161.4,109.76,5.8,109.77,201.5
1753769379360,06:09:39.360,bitget,LTC/USDT:USDT,109.75,26.6,109.74,161.4,109.76,5.8,109.77,201.5
1753769379485,06:09:39.485,bitget,LTC/USDT:USDT,109.75,13.7,109.74,67.4,109.76,19.5,109.77,199.1
1753769379708,06:09:39.708,bitget,LTC/USDT:USDT,109.75,2.4,109.73,131.4,109.76,79.5,109.77,199.1
1753769379814,06:09:39.814,bitget,LTC/USDT:USDT,109.75,8.1,109.74,75.0,109.76,22.9,109.77,421.5
1753769379939,06:09:39.939,bitget,LTC/USDT:USDT,109.75,8.1,109.74,75.0,109.76,37.9,109.77,421.5
1753769380060,06:09:40.060,bitget,LTC/USDT:USDT,109.75,8.1,109.74,75.0,109.76,37.9,109.77,421.5
1753769380161,06:09:40.161,bitget,LTC/USDT:USDT,109.75,8.1,109.74,75.0,109.76,37.9,109.77,421.5
1753769380311,06:09:40.311,bitget,LTC/USDT:USDT,109.75,8.1,109.74,75.0,109.76,37.9,109.77,375.9
1753769380459,06:09:40.459,bitget,LTC/USDT:USDT,109.75,8.1,109.74,75.0,109.76,37.9,109.77,375.9
1753769380559,06:09:40.559,bitget,LTC/USDT:USDT,109.75,8.1,109.74,75.0,109.76,37.9,109.77,375.9
1753769380660,06:09:40.660,bitget,LTC/USDT:USDT,109.75,8.1,109.74,75.0,109.76,37.9,109.77,375.9
1753769380992,06:09:40.992,bitget,LTC/USDT:USDT,109.75,34.6,109.74,110.6,109.76,9.2,109.77,371.4
1753769381101,06:09:41.101,bitget,LTC/USDT:USDT,109.75,27.5,109.74,110.6,109.76,14.3,109.77,371.4
1753769381211,06:09:41.211,bitget,LTC/USDT:USDT,109.75,27.5,109.74,110.6,109.76,14.3,109.77,375.9
1753769381323,06:09:41.323,bitget,LTC/USDT:USDT,109.75,38.0,109.74,110.6,109.76,12.6,109.77,375.9
1753769381441,06:09:41.441,bitget,LTC/USDT:USDT,109.75,38.0,109.74,170.7,109.76,14.7,109.77,375.9
1753769381547,06:09:41.547,bitget,LTC/USDT:USDT,109.75,38.0,109.74,170.7,109.76,14.7,109.77,375.9
1753769381661,06:09:41.661,bitget,LTC/USDT:USDT,109.75,38.0,109.74,170.7,109.76,14.7,109.77,375.9
1753769381761,06:09:41.761,bitget,LTC/USDT:USDT,109.75,38.0,109.74,170.7,109.76,14.7,109.77,375.9
1753769381892,06:09:41.892,bitget,LTC/USDT:USDT,109.75,38.0,109.74,170.7,109.76,22.3,109.77,153.5
1753769382012,06:09:42.012,bitget,LTC/USDT:USDT,109.75,38.0,109.74,170.7,109.76,22.3,109.77,211.7
1753769382462,06:09:42.462,bitget,LTC/USDT:USDT,109.75,6.8,109.74,157.6,109.76,23.1,109.77,211.7
1753769382865,06:09:42.865,bitget,LTC/USDT:USDT,109.75,6.8,109.74,157.6,109.76,38.1,109.77,251.6
1753769383010,06:09:43.010,bitget,LTC/USDT:USDT,109.75,6.8,109.74,157.6,109.76,38.1,109.77,251.6
1753769383111,06:09:43.111,bitget,LTC/USDT:USDT,109.75,6.8,109.74,157.6,109.76,38.1,109.77,251.6
1753769383361,06:09:43.361,bitget,LTC/USDT:USDT,109.75,6.8,109.74,157.6,109.76,38.1,109.77,251.6
1753769383461,06:09:43.461,bitget,LTC/USDT:USDT,109.75,6.8,109.74,157.6,109.76,38.1,109.77,251.6
1753769383562,06:09:43.562,bitget,LTC/USDT:USDT,109.75,6.8,109.74,157.6,109.76,38.1,109.77,259.4
1753769383693,06:09:43.693,bitget,LTC/USDT:USDT,109.75,6.8,109.74,157.6,109.76,38.1,109.77,259.4
1753769383813,06:09:43.813,bitget,LTC/USDT:USDT,109.75,6.8,109.74,157.6,109.76,38.1,109.77,251.6
1753769383933,06:09:43.933,bitget,LTC/USDT:USDT,109.75,21.8,109.74,157.6,109.76,23.1,109.77,251.6
1753769384059,06:09:44.059,bitget,LTC/USDT:USDT,109.75,32.3,109.74,157.6,109.76,12.6,109.77,251.6
1753769384160,06:09:44.160,bitget,LTC/USDT:USDT,109.75,32.3,109.74,157.6,109.76,16.5,109.77,251.6
1753769384264,06:09:44.264,bitget,LTC/USDT:USDT,109.75,32.3,109.74,157.6,109.76,16.5,109.77,251.6
1753769384412,06:09:44.412,bitget,LTC/USDT:USDT,109.75,32.3,109.74,157.6,109.76,16.5,109.77,251.6
1753769384518,06:09:44.518,bitget,LTC/USDT:USDT,109.75,32.3,109.74,161.6,109.76,16.5,109.77,251.6
1753769384620,06:09:44.620,bitget,LTC/USDT:USDT,109.75,32.3,109.74,161.6,109.77,106.1,109.78,62.0
1753769384730,06:09:44.730,bitget,LTC/USDT:USDT,109.76,69.1,109.75,56.7,109.78,41.6,109.79,386.4
1753769384830,06:09:44.830,bitget,LTC/USDT:USDT,109.77,47.3,109.76,86.6,109.79,262.2,109.8,174.3
1753769384935,06:09:44.935,bitget,LTC/USDT:USDT,109.78,27.9,109.77,55.1,109.79,39.9,109.8,117.1
1753769385039,06:09:45.039,bitget,LTC/USDT:USDT,109.78,15.6,109.77,119.6,109.79,33.5,109.8,329.4
1753769385160,06:09:45.160,bitget,LTC/USDT:USDT,109.78,15.6,109.77,119.6,109.79,51.1,109.8,360.6
1753769385262,06:09:45.262,bitget,LTC/USDT:USDT,109.78,15.6,109.77,98.5,109.79,51.1,109.8,360.6
1753769385410,06:09:45.410,bitget,LTC/USDT:USDT,109.78,15.6,109.77,98.5,109.79,51.1,109.8,360.6
1753769385513,06:09:45.513,bitget,LTC/USDT:USDT,109.78,13.8,109.77,98.5,109.79,47.2,109.8,360.6
1753769385644,06:09:45.644,bitget,LTC/USDT:USDT,109.78,13.8,109.77,98.5,109.79,47.2,109.8,360.6
1753769385763,06:09:45.763,bitget,LTC/USDT:USDT,109.78,13.8,109.77,98.5,109.79,47.2,109.8,360.6
1753769385905,06:09:45.905,bitget,LTC/USDT:USDT,109.78,17.1,109.77,98.5,109.79,50.4,109.8,365.1
1753769386111,06:09:46.111,bitget,LTC/USDT:USDT,109.78,2.1,109.77,76.0,109.79,50.4,109.8,365.1
1753769386213,06:09:46.213,bitget,LTC/USDT:USDT,109.77,16.0,109.76,86.8,109.79,56.2,109.8,419.7
1753769386315,06:09:46.315,bitget,LTC/USDT:USDT,109.77,16.0,109.76,123.9,109.78,49.2,109.79,117.9
1753769386422,06:09:46.422,bitget,LTC/USDT:USDT,109.76,114.2,109.75,51.2,109.78,49.2,109.79,177.9
1753769386544,06:09:46.544,bitget,LTC/USDT:USDT,109.76,51.8,109.75,159.8,109.77,37.7,109.78,73.4
1753769386663,06:09:46.663,bitget,LTC/USDT:USDT,109.76,51.8,109.75,163.7,109.77,52.7,109.78,124.2
1753769386764,06:09:46.764,bitget,LTC/USDT:USDT,109.76,64.8,109.75,163.7,109.77,24.8,109.78,108.9
1753769386879,06:09:46.879,bitget,LTC/USDT:USDT,109.76,54.3,109.75,163.7,109.77,6.5,109.78,108.9
1753769387112,06:09:47.112,bitget,LTC/USDT:USDT,109.76,54.3,109.75,163.7,109.77,18.2,109.78,108.9
1753769387212,06:09:47.212,bitget,LTC/USDT:USDT,109.76,54.3,109.75,163.7,109.77,18.2,109.78,108.9
1753769387315,06:09:47.315,bitget,LTC/USDT:USDT,109.76,54.3,109.75,163.7,109.77,18.2,109.78,108.9
1753769387416,06:09:47.416,bitget,LTC/USDT:USDT,109.76,54.3,109.75,159.8,109.77,18.2,109.78,87.1
1753769387630,06:09:47.630,bitget,LTC/USDT:USDT,109.75,12.5,109.74,198.8,109.76,16.3,109.77,26.9
1753769387852,06:09:47.852,bitget,LTC/USDT:USDT,109.75,44.9,109.74,198.8,109.77,19.9,109.78,115.8
1753769387962,06:09:47.962,bitget,LTC/USDT:USDT,109.76,32.4,109.75,62.5,109.77,23.4,109.78,127.0
1753769388062,06:09:48.062,bitget,LTC/USDT:USDT,109.76,47.4,109.75,182.6,109.78,70.2,109.79,162.3
1753769388166,06:09:48.166,bitget,LTC/USDT:USDT,109.77,32.4,109.76,122.4,109.79,16.6,109.8,423.0
1753769388269,06:09:48.269,bitget,LTC/USDT:USDT,109.78,17.5,109.77,49.0,109.79,107.8,109.8,355.2
1753769388417,06:09:48.417,bitget,LTC/USDT:USDT,109.78,28.0,109.77,143.8,109.79,18.5,109.8,329.4
1753769388567,06:09:48.567,bitget,LTC/USDT:USDT,109.78,15.0,109.77,116.8,109.79,43.2,109.8,369.6
1753769388668,06:09:48.668,bitget,LTC/USDT:USDT,109.78,15.0,109.77,116.8,109.79,43.2,109.8,369.6
1753769388796,06:09:48.796,bitget,LTC/USDT:USDT,109.78,15.0,109.77,116.8,109.79,37.2,109.8,369.6
1753769388916,06:09:48.916,bitget,LTC/USDT:USDT,109.78,30.0,109.77,116.8,109.79,52.2,109.8,369.6
1753769389032,06:09:49.032,bitget,LTC/USDT:USDT,109.78,30.0,109.77,138.7,109.79,52.2,109.8,369.6
1753769389132,06:09:49.132,bitget,LTC/USDT:USDT,109.78,15.0,109.77,138.7,109.79,52.2,109.8,369.6
1753769389246,06:09:49.246,bitget,LTC/USDT:USDT,109.78,15.0,109.77,116.8,109.79,52.2,109.8,369.6
1753769389396,06:09:49.396,bitget,LTC/USDT:USDT,109.78,15.0,109.77,116.8,109.79,52.2,109.8,369.6
1753769389517,06:09:49.517,bitget,LTC/USDT:USDT,109.78,15.0,109.77,134.2,109.79,52.2,109.8,369.6
1753769389618,06:09:49.618,bitget,LTC/USDT:USDT,109.78,15.0,109.77,134.2,109.79,52.2,109.8,369.6
1753769389726,06:09:49.726,bitget,LTC/USDT:USDT,109.78,15.0,109.77,134.2,109.79,24.2,109.8,369.6
1753769389966,06:09:49.966,bitget,LTC/USDT:USDT,109.78,44.0,109.77,193.3,109.79,19.8,109.8,369.6
1753769390067,06:09:50.067,bitget,LTC/USDT:USDT,109.78,47.4,109.77,175.9,109.8,36.2,109.81,93.5
1753769390174,06:09:50.174,bitget,LTC/USDT:USDT,109.79,5.7,109.78,68.9,109.8,38.7,109.81,323.8
1753769390297,06:09:50.297,bitget,LTC/USDT:USDT,109.79,5.7,109.78,148.1,109.8,37.3,109.81,323.8
1753769390418,06:09:50.418,bitget,LTC/USDT:USDT,109.79,5.7,109.78,143.3,109.8,47.8,109.81,323.8
1753769390540,06:09:50.540,bitget,LTC/USDT:USDT,109.79,5.7,109.78,137.6,109.8,47.8,109.81,323.8
1753769390670,06:09:50.670,bitget,LTC/USDT:USDT,109.79,5.7,109.78,137.6,109.8,47.8,109.81,323.8
1753769390770,06:09:50.770,bitget,LTC/USDT:USDT,109.79,5.7,109.78,137.6,109.8,47.8,109.81,323.8
1753769390871,06:09:50.871,bitget,LTC/USDT:USDT,109.79,20.7,109.78,137.6,109.8,68.3,109.81,323.8
1753769391018,06:09:51.018,bitget,LTC/USDT:USDT,109.79,20.7,109.78,137.6,109.8,68.3,109.81,323.8
1753769391119,06:09:51.119,bitget,LTC/USDT:USDT,109.79,20.7,109.78,137.6,109.8,51.8,109.81,323.8
1753769391219,06:09:51.219,bitget,LTC/USDT:USDT,109.79,31.2,109.78,137.6,109.8,46.5,109.81,323.8
1753769391319,06:09:51.319,bitget,LTC/USDT:USDT,109.79,16.2,109.78,137.6,109.8,46.5,109.81,323.8
1753769391419,06:09:51.419,bitget,LTC/USDT:USDT,109.79,5.7,109.78,137.6,109.8,57.0,109.81,323.8
1753769391569,06:09:51.569,bitget,LTC/USDT:USDT,109.78,75.0,109.77,192.7,109.8,57.0,109.81,328.3
1753769391669,06:09:51.669,bitget,LTC/USDT:USDT,109.78,20.7,109.77,237.9,109.79,33.9,109.8,116.4
1753769391771,06:09:51.771,bitget,LTC/USDT:USDT,109.78,20.7,109.77,237.9,109.79,48.9,109.8,176.4
1753769391920,06:09:51.920,bitget,LTC/USDT:USDT,109.78,20.7,109.77,237.9,109.79,48.9,109.8,176.4
1753769392088,06:09:52.088,bitget,LTC/USDT:USDT,109.78,5.7,109.77,237.9,109.79,48.9,109.8,176.4
1753769392191,06:09:52.191,bitget,LTC/USDT:USDT,109.78,5.7,109.77,201.2,109.79,48.9,109.8,176.4
1753769392299,06:09:52.299,bitget,LTC/USDT:USDT,109.78,5.7,109.77,201.2,109.79,48.9,109.8,176.4
1753769392406,06:09:52.406,bitget,LTC/USDT:USDT,109.78,5.7,109.77,201.2,109.79,48.9,109.8,176.4
1753769392511,06:09:52.511,bitget,LTC/USDT:USDT,109.78,5.7,109.77,75.0,109.79,53.4,109.8,180.9
1753769392617,06:09:52.617,bitget,LTC/USDT:USDT,109.78,5.7,109.77,75.0,109.79,53.4,109.8,180.9
1753769392720,06:09:52.720,bitget,LTC/USDT:USDT,109.78,5.7,109.77,75.0,109.79,53.4,109.8,180.9
1753769392822,06:09:52.822,bitget,LTC/USDT:USDT,109.78,5.7,109.77,75.0,109.79,53.4,109.8,180.9
1753769392922,06:09:52.922,bitget,LTC/USDT:USDT,109.76,47.6,109.75,52.5,109.79,53.4,109.8,235.5
1753769393069,06:09:53.069,bitget,LTC/USDT:USDT,109.76,36.8,109.75,164.8,109.77,12.4,109.78,4.7
1753769393173,06:09:53.173,bitget,LTC/USDT:USDT,109.76,36.8,109.75,87.5,109.77,40.0,109.78,115.6
1753769393280,06:09:53.280,bitget,LTC/USDT:USDT,109.76,36.8,109.75,87.5,109.77,40.0,109.78,115.6
1753769393417,06:09:53.417,bitget,LTC/USDT:USDT,109.76,36.8,109.75,104.5,109.77,40.0,109.78,402.0
1753769393521,06:09:53.521,bitget,LTC/USDT:USDT,109.75,78.9,109.74,78.7,109.77,40.0,109.78,402.0
1753769393744,06:09:53.744,bitget,LTC/USDT:USDT,109.75,18.9,109.74,101.4,109.76,51.5,109.77,209.0
1753769393870,06:09:53.870,bitget,LTC/USDT:USDT,109.75,29.4,109.74,88.7,109.76,29.9,109.77,209.0
1753769393972,06:09:53.972,bitget,LTC/USDT:USDT,109.75,14.4,109.74,104.6,109.76,29.9,109.77,209.0
1753769394118,06:09:54.118,bitget,LTC/USDT:USDT,109.75,3.9,109.74,88.7,109.76,40.4,109.77,209.0
1753769394219,06:09:54.219,bitget,LTC/USDT:USDT,109.75,3.9,109.74,148.8,109.76,40.4,109.77,209.0
1753769394322,06:09:54.322,bitget,LTC/USDT:USDT,109.75,3.9,109.74,148.8,109.76,29.9,109.77,209.0
1753769394475,06:09:54.475,bitget,LTC/USDT:USDT,109.75,3.9,109.74,148.8,109.76,40.4,109.77,160.5
1753769394576,06:09:54.576,bitget,LTC/USDT:USDT,109.75,28.1,109.74,163.7,109.77,160.5,109.78,349.8
1753769394720,06:09:54.720,bitget,LTC/USDT:USDT,109.76,32.4,109.75,13.2,109.77,106.3,109.78,423.5
1753769394823,06:09:54.823,bitget,LTC/USDT:USDT,109.76,32.4,109.75,124.0,109.77,41.1,109.78,423.5
1753769394934,06:09:54.934,bitget,LTC/USDT:USDT,109.76,19.4,109.75,124.0,109.77,63.6,109.78,423.5
1753769395069,06:09:55.069,bitget,LTC/USDT:USDT,109.76,19.4,109.75,124.0,109.77,63.6,109.78,423.5
1753769395171,06:09:55.171,bitget,LTC/USDT:USDT,109.76,19.4,109.75,124.0,109.77,63.6,109.78,423.5
1753769395271,06:09:55.271,bitget,LTC/USDT:USDT,109.76,19.4,109.75,124.0,109.77,63.6,109.78,423.5
1753769395376,06:09:55.376,bitget,LTC/USDT:USDT,109.76,19.4,109.75,124.0,109.77,63.6,109.78,423.5
1753769395523,06:09:55.523,bitget,LTC/USDT:USDT,109.76,32.4,109.75,124.0,109.77,56.8,109.78,423.5
1753769395623,06:09:55.623,bitget,LTC/USDT:USDT,109.76,32.4,109.75,124.0,109.77,56.8,109.78,478.1
1753769395776,06:09:55.776,bitget,LTC/USDT:USDT,109.76,29.9,109.75,150.6,109.77,56.8,109.78,478.1
1753769395923,06:09:55.923,bitget,LTC/USDT:USDT,109.76,29.9,109.75,124.0,109.77,43.6,109.78,478.1
1753769396027,06:09:56.027,bitget,LTC/USDT:USDT,109.76,19.4,109.75,124.0,109.77,43.6,109.78,478.1
1753769396150,06:09:56.150,bitget,LTC/USDT:USDT,109.76,29.9,109.75,124.0,109.77,43.6,109.78,478.1
1753769396278,06:09:56.278,bitget,LTC/USDT:USDT,109.76,29.9,109.75,124.0,109.77,43.6,109.78,478.1
