timestamp,time,exchange,symbol,bid1_price,bid1_volume,bid2_price,bid2_volume,ask1_price,ask1_volume,ask2_price,ask2_volume
1753769555205,06:12:35.205,okxus,ETH/USDT:USDT,3808.71,1214.08,3808.7,3.21,3808.72,700.9,3808.73,0.38
1753769555305,06:12:35.305,okxus,ETH/USDT:USDT,3808.71,1214.7,3808.7,3.21,3808.72,700.99,3808.73,0.38
1753769555405,06:12:35.405,okxus,ETH/USDT:USDT,3808.71,1184.61,3808.7,3.21,3808.72,707.47,3808.73,0.38
1753769555805,06:12:35.805,okxus,ETH/USDT:USDT,3808.5,586.62,3808.49,0.02,3808.51,1641.55,3808.53,0.03
1753769556105,06:12:36.105,okxus,ETH/USDT:USDT,3808.5,896.13,3808.49,0.02,3808.51,258.4,3808.52,3.11
1753769557705,06:12:37.705,okxus,ETH/USDT:USDT,3808.5,600.76,3808.49,0.75,3808.51,636.34,3808.52,6.47
1753769557905,06:12:37.905,okxus,ETH/USDT:USDT,3808.5,601.48,3808.49,0.75,3808.51,637.02,3808.52,6.47
1753769558205,06:12:38.205,okxus,ETH/USDT:USDT,3808.5,601.48,3808.49,0.75,3808.51,649.45,3808.52,6.47
1753769558305,06:12:38.305,okxus,ETH/USDT:USDT,3808.5,601.48,3808.49,0.75,3808.51,649.45,3808.52,6.47
1753769558405,06:12:38.405,okxus,ETH/USDT:USDT,3808.5,601.32,3808.49,0.75,3808.51,649.41,3808.52,6.47
1753769558505,06:12:38.505,okxus,ETH/USDT:USDT,3808.5,601.32,3808.49,0.75,3808.51,645.37,3808.52,6.47
1753769559648,06:12:39.648,okxus,ETH/USDT:USDT,3808.5,672.71,3808.49,0.75,3808.51,288.65,3808.52,6.47
1753769559708,06:12:39.708,okxus,ETH/USDT:USDT,3808.5,611.52,3808.49,0.75,3808.51,635.97,3808.52,6.47
1753769559802,06:12:39.802,okxus,ETH/USDT:USDT,3808.5,597.55,3808.49,0.75,3808.51,594.73,3808.52,6.47
1753769559913,06:12:39.913,okxus,ETH/USDT:USDT,3808.5,599.7,3808.49,0.75,3808.51,594.73,3808.52,6.47
1753769560403,06:12:40.403,okxus,ETH/USDT:USDT,3808.5,708.75,3808.49,0.75,3808.51,640.33,3808.52,6.47
1753769560503,06:12:40.503,okxus,ETH/USDT:USDT,3808.5,708.9,3808.49,0.75,3808.51,624.33,3808.52,6.47
1753769560603,06:12:40.603,okxus,ETH/USDT:USDT,3808.5,710.25,3808.49,0.75,3808.51,665.42,3808.52,6.47
1753769560903,06:12:40.903,okxus,ETH/USDT:USDT,3808.5,709.39,3808.49,0.75,3808.51,665.42,3808.52,6.47
1753769561206,06:12:41.206,okxus,ETH/USDT:USDT,3808.5,709.61,3808.49,0.87,3808.51,577.81,3808.52,6.47
1753769561406,06:12:41.406,okxus,ETH/USDT:USDT,3808.5,709.61,3808.49,0.87,3808.51,647.44,3808.52,6.47
1753769561606,06:12:41.606,okxus,ETH/USDT:USDT,3808.5,710.11,3808.49,0.87,3808.51,635.96,3808.52,6.47
1753769562006,06:12:42.006,okxus,ETH/USDT:USDT,3808.5,1588.14,3808.49,0.87,3808.51,46.3,3808.52,6.47
1753769562106,06:12:42.106,okxus,ETH/USDT:USDT,3808.5,1588.15,3808.49,0.87,3808.51,46.3,3808.52,6.47
1753769562206,06:12:42.206,okxus,ETH/USDT:USDT,3808.5,1587.29,3808.49,0.87,3808.51,6.44,3808.52,6.47
1753769562306,06:12:42.306,okxus,ETH/USDT:USDT,3808.51,4872.87,3808.5,595.52,3808.52,15.72,3808.53,7.3
1753769562506,06:12:42.506,okxus,ETH/USDT:USDT,3808.51,4879.45,3808.5,595.12,3808.52,15.76,3808.53,7.3
1753769562806,06:12:42.806,okxus,ETH/USDT:USDT,3808.51,4771.36,3808.5,408.91,3808.52,19.24,3808.53,7.35
1753769562906,06:12:42.906,okxus,ETH/USDT:USDT,3808.51,4769.45,3808.5,408.91,3808.52,19.24,3808.53,7.35
1753769563006,06:12:43.006,okxus,ETH/USDT:USDT,3808.51,4769.45,3808.5,408.91,3808.52,19.24,3808.53,7.35
1753769563106,06:12:43.106,okxus,ETH/USDT:USDT,3808.51,4771.36,3808.5,408.91,3808.52,19.24,3808.53,7.35
1753769563206,06:12:43.206,okxus,ETH/USDT:USDT,3808.51,4770.82,3808.5,408.91,3808.52,19.29,3808.53,7.35
1753769563306,06:12:43.306,okxus,ETH/USDT:USDT,3808.51,4744.42,3808.5,408.91,3808.52,25.53,3808.53,7.35
1753769563706,06:12:43.706,okxus,ETH/USDT:USDT,3808.51,4347.81,3808.5,54.19,3808.52,12.35,3808.53,7.35
1753769563806,06:12:43.806,okxus,ETH/USDT:USDT,3808.51,4347.81,3808.5,54.19,3808.52,12.01,3808.53,7.35
1753769564006,06:12:44.006,okxus,ETH/USDT:USDT,3808.51,4348.81,3808.5,54.19,3808.52,11.61,3808.53,7.35
1753769564106,06:12:44.106,okxus,ETH/USDT:USDT,3808.51,4348.81,3808.5,54.19,3808.52,11.61,3808.53,7.35
1753769564306,06:12:44.306,okxus,ETH/USDT:USDT,3808.53,3199.79,3808.52,377.31,3808.54,47.25,3808.55,8.4
1753769564506,06:12:44.506,okxus,ETH/USDT:USDT,3808.53,3078.65,3808.52,0.31,3808.54,48.1,3808.55,9.56
1753769564606,06:12:44.606,okxus,ETH/USDT:USDT,3808.53,3080.56,3808.52,0.31,3808.54,48.1,3808.55,9.56
1753769564706,06:12:44.706,okxus,ETH/USDT:USDT,3808.53,3080.59,3808.52,0.28,3808.54,48.1,3808.55,9.56
1753769565106,06:12:45.106,okxus,ETH/USDT:USDT,3808.53,3080.59,3808.52,0.28,3808.54,48.1,3808.55,9.56
1753769565406,06:12:45.406,okxus,ETH/USDT:USDT,3808.53,3071.84,3808.52,0.28,3808.54,48.13,3808.55,9.56
1753769565706,06:12:45.706,okxus,ETH/USDT:USDT,3808.53,3071.57,3808.52,0.28,3808.54,49.1,3808.55,9.56
1753769565806,06:12:45.806,okxus,ETH/USDT:USDT,3808.53,3463.98,3808.52,58.17,3808.54,49.1,3808.55,9.56
1753769566006,06:12:46.006,okxus,ETH/USDT:USDT,3808.55,3099.36,3808.54,57.75,3808.56,161.58,3808.57,5.72
1753769566406,06:12:46.406,okxus,ETH/USDT:USDT,3808.55,3064.96,3808.54,57.98,3808.56,105.2,3808.57,5.72
1753769566706,06:12:46.706,okxus,ETH/USDT:USDT,3808.55,2965.67,3808.54,57.98,3808.56,105.22,3808.57,5.72
1753769566806,06:12:46.806,okxus,ETH/USDT:USDT,3808.55,2965.72,3808.54,57.98,3808.56,105.22,3808.57,5.72
1753769567006,06:12:47.006,okxus,ETH/USDT:USDT,3808.55,2626.09,3808.54,57.98,3808.56,105.22,3808.57,5.72
1753769567506,06:12:47.506,okxus,ETH/USDT:USDT,3808.55,2923.76,3808.54,57.98,3808.56,38.31,3808.57,5.72
1753769567706,06:12:47.706,okxus,ETH/USDT:USDT,3808.55,2925.69,3808.54,57.98,3808.56,38.31,3808.57,5.72
1753769567806,06:12:47.806,okxus,ETH/USDT:USDT,3808.55,2925.69,3808.54,57.98,3808.56,38.31,3808.57,5.72
1753769567906,06:12:47.906,okxus,ETH/USDT:USDT,3808.55,2920.13,3808.54,57.98,3808.56,29.79,3808.57,5.72
1753769568006,06:12:48.006,okxus,ETH/USDT:USDT,3808.55,2926.11,3808.54,57.98,3808.56,29.79,3808.57,5.72
1753769568106,06:12:48.106,okxus,ETH/USDT:USDT,3808.55,2653.03,3808.54,57.98,3808.56,29.79,3808.57,5.72
1753769568206,06:12:48.206,okxus,ETH/USDT:USDT,3808.55,2634.16,3808.54,57.98,3808.56,29.79,3808.57,5.72
1753769568606,06:12:48.606,okxus,ETH/USDT:USDT,3808.55,3097.59,3808.54,57.98,3808.56,30.37,3808.57,5.72
1753769568706,06:12:48.706,okxus,ETH/USDT:USDT,3808.55,3097.59,3808.54,57.98,3808.56,30.37,3808.57,5.72
1753769569006,06:12:49.006,okxus,ETH/USDT:USDT,3808.55,2948.12,3808.54,57.98,3808.56,30.37,3808.57,5.72
1753769569206,06:12:49.206,okxus,ETH/USDT:USDT,3808.59,4036.97,3808.58,776.86,3808.6,4.96,3808.7,0.01
1753769569306,06:12:49.306,okxus,ETH/USDT:USDT,3808.71,2687.67,3808.7,11.63,3808.72,83.61,3808.73,0.38
1753769569406,06:12:49.406,okxus,ETH/USDT:USDT,3808.71,2950.48,3808.7,3.76,3808.72,90.32,3808.73,0.38
1753769569706,06:12:49.706,okxus,ETH/USDT:USDT,3808.71,2980.11,3808.7,3.76,3808.72,97.25,3808.73,0.38
1753769570706,06:12:50.706,okxus,ETH/USDT:USDT,3808.71,2365.7,3808.7,3.74,3808.72,57.87,3808.73,0.38
1753769571105,06:12:51.105,okxus,ETH/USDT:USDT,3808.71,2166.33,3808.7,3.74,3808.72,57.87,3808.73,0.38
1753769571205,06:12:51.205,okxus,ETH/USDT:USDT,3808.71,2168.23,3808.7,3.74,3808.72,58.3,3808.73,0.38
1753769571405,06:12:51.405,okxus,ETH/USDT:USDT,3808.71,2616.32,3808.7,278.76,3808.72,70.42,3808.73,0.38
1753769571505,06:12:51.505,okxus,ETH/USDT:USDT,3808.71,2614.32,3808.7,278.76,3808.72,70.42,3808.73,0.38
1753769571705,06:12:51.705,okxus,ETH/USDT:USDT,3808.71,2615.79,3808.7,278.76,3808.72,70.42,3808.73,0.38
1753769572005,06:12:52.005,okxus,ETH/USDT:USDT,3808.71,2613.79,3808.7,278.76,3808.72,70.42,3808.73,0.38
1753769572105,06:12:52.105,okxus,ETH/USDT:USDT,3808.71,2611.88,3808.7,278.74,3808.72,70.42,3808.73,0.38
1753769572205,06:12:52.205,okxus,ETH/USDT:USDT,3808.71,2601.61,3808.7,278.74,3808.72,71.03,3808.73,0.38
1753769572905,06:12:52.905,okxus,ETH/USDT:USDT,3808.71,2571.41,3808.7,278.74,3808.72,74.61,3808.73,0.38
1753769573105,06:12:53.105,okxus,ETH/USDT:USDT,3808.71,2571.48,3808.7,278.74,3808.72,44.64,3808.73,0.38
1753769573405,06:12:53.405,okxus,ETH/USDT:USDT,3808.71,2571.48,3808.7,278.74,3808.72,46.35,3808.73,0.38
1753769574105,06:12:54.105,okxus,ETH/USDT:USDT,3808.71,2583.09,3808.7,278.74,3808.72,46.35,3808.73,0.38
1753769574805,06:12:54.805,okxus,ETH/USDT:USDT,3808.71,2769.32,3808.7,278.76,3808.72,45.87,3808.73,0.38
1753769575105,06:12:55.105,okxus,ETH/USDT:USDT,3808.71,2766.32,3808.7,278.74,3808.72,49.43,3808.73,4.46
1753769575205,06:12:55.205,okxus,ETH/USDT:USDT,3808.71,2393.9,3808.7,278.74,3808.72,49.43,3808.73,4.46
1753769575305,06:12:55.305,okxus,ETH/USDT:USDT,3808.71,2764.32,3808.7,278.74,3808.72,49.43,3808.73,4.46
1753769575405,06:12:55.405,okxus,ETH/USDT:USDT,3808.71,2764.32,3808.7,278.74,3808.72,42.73,3808.73,4.46
1753769575605,06:12:55.605,okxus,ETH/USDT:USDT,3808.71,2764.32,3808.7,278.74,3808.72,49.43,3808.73,4.46
1753769576105,06:12:56.105,okxus,ETH/USDT:USDT,3808.71,2759.16,3808.7,278.76,3808.72,49.46,3808.73,4.46
1753769576405,06:12:56.405,okxus,ETH/USDT:USDT,3808.71,2767.34,3808.7,278.76,3808.72,48.31,3808.73,4.46
1753769576505,06:12:56.505,okxus,ETH/USDT:USDT,3808.71,2665.54,3808.7,278.76,3808.72,130.1,3808.73,4.46
1753769576605,06:12:56.605,okxus,ETH/USDT:USDT,3808.71,2667.45,3808.7,278.76,3808.72,50.26,3808.73,4.46
1753769576705,06:12:56.705,okxus,ETH/USDT:USDT,3808.71,2663.45,3808.7,278.76,3808.72,50.26,3808.73,4.46
1753769577205,06:12:57.205,okxus,ETH/USDT:USDT,3808.71,957.19,3808.7,3.48,3808.72,327.55,3808.73,4.46
1753769577605,06:12:57.605,okxus,ETH/USDT:USDT,3808.71,659.67,3808.7,3.58,3808.72,996.29,3808.73,5.57
1753769577805,06:12:57.805,okxus,ETH/USDT:USDT,3808.71,650.58,3808.7,3.58,3808.72,996.29,3808.73,5.57
1753769578005,06:12:58.005,okxus,ETH/USDT:USDT,3808.71,650.63,3808.7,3.58,3808.72,996.29,3808.73,5.57
1753769578105,06:12:58.105,okxus,ETH/USDT:USDT,3808.71,654.16,3808.7,8.1,3808.72,996.34,3808.73,5.57
1753769578405,06:12:58.405,okxus,ETH/USDT:USDT,3808.71,654.11,3808.7,8.1,3808.72,604.53,3808.73,5.57
1753769578705,06:12:58.705,okxus,ETH/USDT:USDT,3808.71,732.88,3808.7,8.1,3808.72,646.39,3808.73,9.64
1753769578805,06:12:58.805,okxus,ETH/USDT:USDT,3808.71,986.15,3808.7,8.1,3808.72,389.43,3808.73,9.64
1753769579105,06:12:59.105,okxus,ETH/USDT:USDT,3808.71,1008.93,3808.7,8.1,3808.72,389.43,3808.73,9.64
1753769579305,06:12:59.305,okxus,ETH/USDT:USDT,3808.71,972.9,3808.7,8.81,3808.72,389.42,3808.73,9.64
1753769579505,06:12:59.505,okxus,ETH/USDT:USDT,3808.71,1195.87,3808.7,8.81,3808.72,318.78,3808.73,10.46
1753769579905,06:12:59.905,okxus,ETH/USDT:USDT,3808.71,1263.05,3808.7,8.81,3808.72,26.55,3808.73,10.46
1753769580305,06:13:00.305,okxus,ETH/USDT:USDT,3808.72,5102.33,3808.71,617.84,3808.73,10.48,3808.74,9.38
1753769580405,06:13:00.405,okxus,ETH/USDT:USDT,3808.72,5119.33,3808.71,617.84,3808.73,10.51,3808.74,9.38
1753769580705,06:13:00.705,okxus,ETH/USDT:USDT,3808.72,5112.32,3808.71,617.84,3808.73,11.26,3808.74,9.38
1753769581105,06:13:01.105,okxus,ETH/USDT:USDT,3808.72,4970.14,3808.71,617.84,3808.73,10.56,3808.74,9.36
1753769581205,06:13:01.205,okxus,ETH/USDT:USDT,3808.72,4970.2,3808.71,617.84,3808.73,10.75,3808.74,9.47
1753769581305,06:13:01.305,okxus,ETH/USDT:USDT,3808.72,4966.38,3808.71,618.1,3808.73,10.68,3808.74,9.47
1753769581405,06:13:01.405,okxus,ETH/USDT:USDT,3808.72,4201.86,3808.71,523.88,3808.73,49.92,3808.74,10.31
1753769582005,06:13:02.005,okxus,ETH/USDT:USDT,3808.75,4452.2,3808.74,590.14,3808.76,8.01,3808.77,17.77
1753769582105,06:13:02.105,okxus,ETH/USDT:USDT,3808.75,5113.62,3808.74,590.42,3808.76,8.03,3808.77,17.77
1753769582605,06:13:02.605,okxus,ETH/USDT:USDT,3808.75,2986.86,3808.74,215.42,3808.76,622.72,3808.77,17.77
1753769582805,06:13:02.805,okxus,ETH/USDT:USDT,3808.75,2985.83,3808.74,215.42,3808.76,622.72,3808.77,17.77
1753769582905,06:13:02.905,okxus,ETH/USDT:USDT,3808.75,2985.83,3808.74,215.42,3808.76,533.13,3808.77,17.77
1753769583005,06:13:03.005,okxus,ETH/USDT:USDT,3808.75,3208.57,3808.74,35.28,3808.76,298.56,3808.77,17.77
1753769583305,06:13:03.305,okxus,ETH/USDT:USDT,3808.75,2502.22,3808.74,3.28,3808.76,881.95,3808.77,17.77
1753769583405,06:13:03.405,okxus,ETH/USDT:USDT,3808.75,2132.75,3808.74,3.0,3808.76,882.3,3808.77,17.77
1753769583605,06:13:03.605,okxus,ETH/USDT:USDT,3808.75,1840.63,3808.74,3.0,3808.76,877.49,3808.77,17.77
1753769583705,06:13:03.705,okxus,ETH/USDT:USDT,3808.75,1099.8,3808.74,3.0,3808.76,877.55,3808.77,17.77
1753769583805,06:13:03.805,okxus,ETH/USDT:USDT,3808.72,59.52,3808.71,52.86,3808.73,3859.16,3808.74,161.9
1753769583905,06:13:03.905,okxus,ETH/USDT:USDT,3808.72,59.54,3808.71,52.86,3808.73,3854.08,3808.74,109.84
1753769584005,06:13:04.005,okxus,ETH/USDT:USDT,3808.72,60.08,3808.71,52.86,3808.73,3901.78,3808.74,109.84
1753769584205,06:13:04.205,okxus,ETH/USDT:USDT,3808.72,60.08,3808.71,52.86,3808.73,3897.19,3808.74,187.69
1753769584305,06:13:04.305,okxus,ETH/USDT:USDT,3808.72,60.08,3808.71,52.86,3808.73,3897.21,3808.74,187.69
1753769585105,06:13:05.105,okxus,ETH/USDT:USDT,3808.71,17.81,3808.7,7.97,3808.72,4696.11,3808.73,343.23
1753769585205,06:13:05.205,okxus,ETH/USDT:USDT,3808.71,17.81,3808.7,7.97,3808.72,4696.63,3808.73,342.79
1753769585305,06:13:05.305,okxus,ETH/USDT:USDT,3808.71,17.81,3808.7,7.97,3808.72,4696.63,3808.73,342.79
1753769585405,06:13:05.405,okxus,ETH/USDT:USDT,3808.71,17.81,3808.7,7.97,3808.72,4696.63,3808.73,342.79
1753769585605,06:13:05.605,okxus,ETH/USDT:USDT,3808.71,17.81,3808.7,7.97,3808.72,4703.46,3808.73,342.79
1753769585905,06:13:05.905,okxus,ETH/USDT:USDT,3808.71,675.18,3808.7,7.96,3808.72,3487.89,3808.73,192.99
1753769586105,06:13:06.105,okxus,ETH/USDT:USDT,3808.71,658.52,3808.7,7.96,3808.72,3488.03,3808.73,192.99
1753769586205,06:13:06.205,okxus,ETH/USDT:USDT,3808.71,568.51,3808.7,7.96,3808.72,3487.99,3808.73,192.99
1753769586405,06:13:06.405,okxus,ETH/USDT:USDT,3808.71,568.51,3808.7,7.96,3808.72,3488.2,3808.73,192.99
1753769586605,06:13:06.605,okxus,ETH/USDT:USDT,3808.71,568.51,3808.7,234.97,3808.72,3488.69,3808.73,192.99
1753769586705,06:13:06.705,okxus,ETH/USDT:USDT,3808.71,644.12,3808.7,234.97,3808.72,3488.69,3808.73,192.99
1753769586805,06:13:06.805,okxus,ETH/USDT:USDT,3808.71,644.12,3808.7,234.97,3808.72,3488.69,3808.73,192.99
1753769586905,06:13:06.905,okxus,ETH/USDT:USDT,3808.71,644.12,3808.7,234.97,3808.72,3554.47,3808.73,192.99
1753769587105,06:13:07.105,okxus,ETH/USDT:USDT,3808.71,363.05,3808.7,234.97,3808.72,3545.16,3808.73,192.99
1753769587205,06:13:07.205,okxus,ETH/USDT:USDT,3808.71,490.25,3808.7,234.97,3808.72,3545.62,3808.73,192.99
1753769587305,06:13:07.305,okxus,ETH/USDT:USDT,3808.71,363.05,3808.7,234.97,3808.72,3545.62,3808.73,192.99
1753769587405,06:13:07.405,okxus,ETH/USDT:USDT,3808.7,235.27,3808.69,9.69,3808.71,4856.46,3808.72,368.29
1753769587705,06:13:07.705,okxus,ETH/USDT:USDT,3808.7,236.29,3808.69,9.69,3808.71,4847.27,3808.72,342.98
1753769587805,06:13:07.805,okxus,ETH/USDT:USDT,3808.7,316.15,3808.69,9.69,3808.71,4847.27,3808.72,342.98
1753769587905,06:13:07.905,okxus,ETH/USDT:USDT,3808.7,316.15,3808.69,9.69,3808.71,4779.27,3808.72,342.98
1753769588105,06:13:08.105,okxus,ETH/USDT:USDT,3808.7,186.32,3808.69,9.69,3808.71,4767.87,3808.72,343.62
1753769588205,06:13:08.205,okxus,ETH/USDT:USDT,3808.7,184.16,3808.69,9.69,3808.71,4762.21,3808.72,343.62
1753769588305,06:13:08.305,okxus,ETH/USDT:USDT,3808.7,101.86,3808.69,9.69,3808.71,4819.84,3808.72,292.23
1753769588405,06:13:08.405,okxus,ETH/USDT:USDT,3808.7,101.86,3808.69,9.69,3808.71,4814.68,3808.72,292.23
1753769588505,06:13:08.505,okxus,ETH/USDT:USDT,3808.7,31.86,3808.69,9.69,3808.71,4815.92,3808.72,292.23
1753769588605,06:13:08.605,okxus,ETH/USDT:USDT,3808.7,32.01,3808.69,9.69,3808.71,4820.59,3808.72,292.23
1753769588805,06:13:08.805,okxus,ETH/USDT:USDT,3808.7,111.87,3808.69,9.69,3808.71,4874.32,3808.72,292.23
1753769588905,06:13:08.905,okxus,ETH/USDT:USDT,3808.7,31.99,3808.69,9.69,3808.71,4874.32,3808.72,292.23
1753769589005,06:13:09.005,okxus,ETH/USDT:USDT,3808.7,32.01,3808.69,9.69,3808.71,4888.68,3808.72,292.23
1753769589105,06:13:09.105,okxus,ETH/USDT:USDT,3808.7,32.01,3808.69,9.69,3808.71,4888.7,3808.72,292.23
1753769589205,06:13:09.205,okxus,ETH/USDT:USDT,3808.7,32.01,3808.69,9.69,3808.71,4874.36,3808.72,292.23
1753769589505,06:13:09.505,okxus,ETH/USDT:USDT,3808.7,22.18,3808.69,9.69,3808.71,4863.23,3808.72,292.23
1753769589705,06:13:09.705,okxus,ETH/USDT:USDT,3808.7,14.31,3808.69,9.69,3808.71,4863.21,3808.72,292.23
1753769589805,06:13:09.805,okxus,ETH/USDT:USDT,3808.7,10.24,3808.69,9.69,3808.71,4863.21,3808.72,292.23
1753769589905,06:13:09.905,okxus,ETH/USDT:USDT,3808.7,10.24,3808.69,19.69,3808.71,4863.21,3808.72,292.23
1753769590005,06:13:10.005,okxus,ETH/USDT:USDT,3808.7,10.24,3808.69,19.69,3808.71,4863.21,3808.72,292.23
1753769590105,06:13:10.105,okxus,ETH/USDT:USDT,3808.7,10.24,3808.69,19.69,3808.71,4863.34,3808.72,292.23
1753769590205,06:13:10.205,okxus,ETH/USDT:USDT,3808.7,1.55,3808.69,19.69,3808.71,4863.34,3808.72,292.23
1753769590305,06:13:10.305,okxus,ETH/USDT:USDT,3808.69,19.71,3808.68,10.15,3808.7,4117.31,3808.71,480.84
1753769590805,06:13:10.805,okxus,ETH/USDT:USDT,3808.69,573.18,3808.68,10.15,3808.7,3924.73,3808.71,245.33
1753769590905,06:13:10.905,okxus,ETH/USDT:USDT,3808.69,573.18,3808.68,10.15,3808.7,3924.73,3808.71,245.33
1753769591205,06:13:11.205,okxus,ETH/USDT:USDT,3808.68,85.95,3808.67,10.84,3808.69,1894.74,3808.7,240.31
1753769591405,06:13:11.405,okxus,ETH/USDT:USDT,3808.68,86.21,3808.67,10.84,3808.69,1905.84,3808.7,233.24
1753769591505,06:13:11.505,okxus,ETH/USDT:USDT,3808.68,478.39,3808.67,10.84,3808.69,1917.06,3808.7,3.61
1753769591605,06:13:11.605,okxus,ETH/USDT:USDT,3808.68,426.84,3808.67,10.84,3808.69,1917.06,3808.7,3.61
1753769591705,06:13:11.705,okxus,ETH/USDT:USDT,3808.68,86.25,3808.67,10.84,3808.69,1917.06,3808.7,3.61
1753769591805,06:13:11.805,okxus,ETH/USDT:USDT,3808.68,371.49,3808.67,10.84,3808.69,1917.06,3808.7,3.61
1753769591905,06:13:11.905,okxus,ETH/USDT:USDT,3808.68,332.7,3808.67,10.84,3808.69,1916.97,3808.7,3.61
1753769592005,06:13:12.005,okxus,ETH/USDT:USDT,3808.68,408.31,3808.67,10.84,3808.69,1849.46,3808.7,3.61
1753769592105,06:13:12.105,okxus,ETH/USDT:USDT,3808.68,116.56,3808.67,10.84,3808.69,1915.92,3808.7,3.61
1753769592305,06:13:12.305,okxus,ETH/USDT:USDT,3808.68,485.84,3808.67,10.84,3808.69,1834.26,3808.7,3.61
1753769592405,06:13:12.405,okxus,ETH/USDT:USDT,3808.68,6.38,3808.67,10.84,3808.69,1905.69,3808.7,7.32
1753769592505,06:13:12.505,okxus,ETH/USDT:USDT,3808.68,86.24,3808.67,10.84,3808.69,1908.77,3808.7,7.32
1753769592605,06:13:12.605,okxus,ETH/USDT:USDT,3808.68,6.38,3808.67,10.84,3808.69,1908.77,3808.7,7.32
1753769592705,06:13:12.705,okxus,ETH/USDT:USDT,3808.68,86.26,3808.67,10.84,3808.69,1934.03,3808.7,7.32
1753769592805,06:13:12.805,okxus,ETH/USDT:USDT,3808.68,86.26,3808.67,10.84,3808.69,1934.03,3808.7,7.32
1753769593005,06:13:13.005,okxus,ETH/USDT:USDT,3808.68,535.49,3808.67,10.84,3808.69,1912.7,3808.7,12.59
1753769593205,06:13:13.205,okxus,ETH/USDT:USDT,3808.68,569.82,3808.67,10.84,3808.69,1847.23,3808.7,12.59
1753769593805,06:13:13.805,okxus,ETH/USDT:USDT,3808.51,174.33,3808.5,2.64,3808.52,3215.68,3808.53,497.61
1753769594105,06:13:14.105,okxus,ETH/USDT:USDT,3808.51,80.49,3808.5,2.64,3808.52,3530.91,3808.53,388.62
1753769594205,06:13:14.205,okxus,ETH/USDT:USDT,3808.51,80.58,3808.5,2.64,3808.52,3595.53,3808.53,388.62
1753769594405,06:13:14.405,okxus,ETH/USDT:USDT,3808.51,80.58,3808.5,2.64,3808.52,3595.53,3808.53,388.62
1753769594605,06:13:14.605,okxus,ETH/USDT:USDT,3808.51,80.58,3808.5,2.64,3808.52,3443.97,3808.53,388.62
1753769594705,06:13:14.705,okxus,ETH/USDT:USDT,3808.51,80.58,3808.5,2.64,3808.52,3443.97,3808.53,388.62
1753769594805,06:13:14.805,okxus,ETH/USDT:USDT,3808.51,82.15,3808.5,5.51,3808.52,3448.81,3808.53,388.62
1753769595005,06:13:15.005,okxus,ETH/USDT:USDT,3808.51,82.15,3808.5,5.77,3808.52,3448.81,3808.53,388.62
1753769595105,06:13:15.105,okxus,ETH/USDT:USDT,3808.51,80.3,3808.5,5.77,3808.52,3448.81,3808.53,388.62
1753769595305,06:13:15.305,okxus,ETH/USDT:USDT,3808.51,75.59,3808.5,5.77,3808.52,3451.83,3808.53,388.62
1753769595805,06:13:15.805,okxus,ETH/USDT:USDT,3808.51,73.8,3808.5,5.77,3808.52,3439.55,3808.53,388.62
1753769595905,06:13:15.905,okxus,ETH/USDT:USDT,3808.51,73.64,3808.5,5.77,3808.52,3436.91,3808.53,388.62
1753769596005,06:13:16.005,okxus,ETH/USDT:USDT,3808.51,70.12,3808.5,5.77,3808.52,3436.93,3808.53,388.62
1753769596105,06:13:16.105,okxus,ETH/USDT:USDT,3808.51,70.12,3808.5,5.77,3808.52,3437.07,3808.53,388.62
1753769596405,06:13:16.405,okxus,ETH/USDT:USDT,3808.51,70.12,3808.5,5.77,3808.52,3438.42,3808.53,388.62
1753769596605,06:13:16.605,okxus,ETH/USDT:USDT,3808.51,70.12,3808.5,5.77,3808.52,3438.16,3808.53,388.62
1753769596705,06:13:16.705,okxus,ETH/USDT:USDT,3808.51,70.12,3808.5,5.77,3808.52,3438.16,3808.53,388.62
1753769596805,06:13:16.805,okxus,ETH/USDT:USDT,3808.51,70.12,3808.5,5.77,3808.52,3438.16,3808.53,388.62
1753769596905,06:13:16.905,okxus,ETH/USDT:USDT,3808.51,70.12,3808.5,5.77,3808.52,3438.16,3808.53,388.62
1753769597005,06:13:17.005,okxus,ETH/USDT:USDT,3808.51,149.98,3808.5,5.77,3808.52,3438.16,3808.53,388.62
1753769597205,06:13:17.205,okxus,ETH/USDT:USDT,3808.51,70.12,3808.5,5.77,3808.52,3456.92,3808.53,388.62
1753769597605,06:13:17.605,okxus,ETH/USDT:USDT,3808.51,70.12,3808.5,5.77,3808.52,3466.63,3808.53,388.62
1753769597705,06:13:17.705,okxus,ETH/USDT:USDT,3808.51,70.12,3808.5,5.77,3808.52,3465.23,3808.53,388.62
1753769597805,06:13:17.805,okxus,ETH/USDT:USDT,3808.51,70.12,3808.5,5.77,3808.52,3463.44,3808.53,388.62
1753769597905,06:13:17.905,okxus,ETH/USDT:USDT,3808.51,70.12,3808.5,5.77,3808.52,3457.81,3808.53,388.62
1753769598005,06:13:18.005,okxus,ETH/USDT:USDT,3808.51,149.98,3808.5,5.77,3808.52,3457.81,3808.53,388.62
1753769598105,06:13:18.105,okxus,ETH/USDT:USDT,3808.51,70.12,3808.5,5.77,3808.52,3276.76,3808.53,388.62
1753769598205,06:13:18.205,okxus,ETH/USDT:USDT,3808.51,149.98,3808.5,5.77,3808.52,3234.48,3808.53,388.62
1753769598305,06:13:18.305,okxus,ETH/USDT:USDT,3808.51,149.98,3808.5,5.77,3808.52,3276.72,3808.53,388.62
1753769598505,06:13:18.505,okxus,ETH/USDT:USDT,3808.51,70.12,3808.5,5.77,3808.52,3277.41,3808.53,388.62
1753769598705,06:13:18.705,okxus,ETH/USDT:USDT,3808.51,70.12,3808.5,5.77,3808.52,3277.4,3808.53,388.62
1753769598805,06:13:18.805,okxus,ETH/USDT:USDT,3808.51,70.12,3808.5,5.77,3808.52,3474.14,3808.53,388.62
1753769599005,06:13:19.005,okxus,ETH/USDT:USDT,3808.51,70.12,3808.5,5.77,3808.52,3456.97,3808.53,388.62
1753769599105,06:13:19.105,okxus,ETH/USDT:USDT,3808.51,70.12,3808.5,5.77,3808.52,3455.65,3808.53,388.62
1753769599205,06:13:19.205,okxus,ETH/USDT:USDT,3808.51,70.12,3808.5,5.77,3808.52,3453.35,3808.53,388.62
1753769599405,06:13:19.405,okxus,ETH/USDT:USDT,3808.51,70.12,3808.5,5.77,3808.52,3453.7,3808.53,388.62
1753769599705,06:13:19.705,okxus,ETH/USDT:USDT,3808.51,60.12,3808.5,5.77,3808.52,3469.72,3808.53,390.54
1753769599805,06:13:19.805,okxus,ETH/USDT:USDT,3808.51,60.12,3808.5,5.77,3808.52,3474.88,3808.53,390.54
1753769600105,06:13:20.105,okxus,ETH/USDT:USDT,3808.51,55.5,3808.5,5.77,3808.52,3477.39,3808.53,391.16
1753769600205,06:13:20.205,okxus,ETH/USDT:USDT,3808.1,548.21,3808.06,0.01,3808.11,1437.14,3808.17,5.36
1753769600405,06:13:20.405,okxus,ETH/USDT:USDT,3808.1,345.4,3808.06,0.01,3808.11,1608.83,3808.17,5.36
1753769600505,06:13:20.505,okxus,ETH/USDT:USDT,3808.1,548.21,3808.06,0.01,3808.11,1523.72,3808.12,1.37
1753769600905,06:13:20.905,okxus,ETH/USDT:USDT,3808.1,472.59,3808.06,0.01,3808.11,1588.49,3808.12,2.2
1753769601005,06:13:21.005,okxus,ETH/USDT:USDT,3808.1,345.39,3808.06,0.01,3808.11,1588.96,3808.12,2.2
1753769601105,06:13:21.105,okxus,ETH/USDT:USDT,3808.1,545.2,3808.06,0.01,3808.11,1569.31,3808.12,2.2
1753769601405,06:13:21.405,okxus,ETH/USDT:USDT,3808.1,525.2,3808.06,0.01,3808.11,1568.78,3808.12,2.2
1753769601705,06:13:21.705,okxus,ETH/USDT:USDT,3808.1,412.65,3808.06,0.01,3808.11,1589.9,3808.12,3.38
1753769601905,06:13:21.905,okxus,ETH/USDT:USDT,3808.1,412.67,3808.06,0.01,3808.11,1596.05,3808.12,4.2
1753769602005,06:13:22.005,okxus,ETH/USDT:USDT,3808.1,412.69,3808.06,0.01,3808.11,1596.05,3808.12,4.2
1753769602105,06:13:22.105,okxus,ETH/USDT:USDT,3807.91,332.43,3807.9,3.24,3807.92,1909.06,3808.0,3.22
1753769602305,06:13:22.305,okxus,ETH/USDT:USDT,3807.79,357.31,3807.75,2.2,3807.8,2709.12,3807.89,59.12
1753769602405,06:13:22.405,okxus,ETH/USDT:USDT,3807.79,454.06,3807.75,2.2,3807.8,2709.12,3807.89,33.12
1753769602605,06:13:22.605,okxus,ETH/USDT:USDT,3807.79,251.25,3807.75,2.2,3807.8,2764.99,3807.89,55.03
1753769602705,06:13:22.705,okxus,ETH/USDT:USDT,3807.79,533.41,3807.75,2.2,3807.8,2765.03,3807.81,0.01
1753769602805,06:13:22.805,okxus,ETH/USDT:USDT,3807.79,304.03,3807.75,2.2,3807.8,2802.61,3807.81,0.01
1753769602905,06:13:22.905,okxus,ETH/USDT:USDT,3807.79,563.74,3807.75,2.2,3807.8,2790.35,3807.81,0.01
1753769603005,06:13:23.005,okxus,ETH/USDT:USDT,3807.79,565.69,3807.75,2.2,3807.8,2714.79,3807.81,0.01
1753769603205,06:13:23.205,okxus,ETH/USDT:USDT,3807.79,794.86,3807.75,2.2,3807.8,2262.14,3807.81,0.01
1753769603305,06:13:23.305,okxus,ETH/USDT:USDT,3807.79,749.04,3807.75,2.2,3807.8,2192.78,3807.89,8.3
1753769603505,06:13:23.505,okxus,ETH/USDT:USDT,3807.79,763.38,3807.75,2.2,3807.8,2192.93,3807.88,4.46
1753769603605,06:13:23.605,okxus,ETH/USDT:USDT,3807.79,1117.16,3807.75,2.2,3807.8,2192.93,3807.88,4.46
1753769604005,06:13:24.005,okxus,ETH/USDT:USDT,3807.79,862.79,3807.75,2.2,3807.8,2121.75,3807.81,5.36
1753769604105,06:13:24.105,okxus,ETH/USDT:USDT,3807.79,877.19,3807.75,2.2,3807.8,2092.01,3807.81,5.36
1753769604205,06:13:24.205,okxus,ETH/USDT:USDT,3807.79,596.13,3807.75,2.2,3807.8,2092.01,3807.81,5.36
1753769604405,06:13:24.405,okxus,ETH/USDT:USDT,3807.79,674.92,3807.75,2.46,3807.8,2081.65,3807.81,5.36
1753769604605,06:13:24.605,okxus,ETH/USDT:USDT,3807.79,658.0,3807.75,2.46,3807.8,2081.74,3807.81,5.36
1753769604705,06:13:24.705,okxus,ETH/USDT:USDT,3807.79,572.92,3807.75,2.46,3807.8,2081.74,3807.81,5.36
1753769604805,06:13:24.805,okxus,ETH/USDT:USDT,3807.79,499.88,3807.75,2.46,3807.8,2101.53,3807.81,5.36
1753769604905,06:13:24.905,okxus,ETH/USDT:USDT,3807.79,469.57,3807.75,2.46,3807.8,2101.53,3807.81,5.36
1753769605105,06:13:25.105,okxus,ETH/USDT:USDT,3807.79,499.26,3807.75,2.46,3807.8,2101.53,3807.81,5.36
1753769605205,06:13:25.205,okxus,ETH/USDT:USDT,3807.79,499.26,3807.75,2.46,3807.8,2101.53,3807.81,5.36
1753769605305,06:13:25.305,okxus,ETH/USDT:USDT,3807.79,568.59,3807.75,2.46,3807.8,2081.87,3807.81,5.36
1753769605405,06:13:25.405,okxus,ETH/USDT:USDT,3807.79,547.7,3807.75,2.46,3807.8,2082.12,3807.81,5.36
1753769605505,06:13:25.505,okxus,ETH/USDT:USDT,3807.79,625.48,3807.75,2.46,3807.8,2082.93,3807.81,5.36
1753769605605,06:13:25.605,okxus,ETH/USDT:USDT,3807.79,627.37,3807.75,2.46,3807.8,2082.93,3807.81,5.36
1753769605705,06:13:25.705,okxus,ETH/USDT:USDT,3807.79,637.63,3807.75,2.46,3807.8,2082.93,3807.81,5.36
1753769605805,06:13:25.805,okxus,ETH/USDT:USDT,3807.79,716.42,3807.75,2.46,3807.8,1997.53,3807.81,5.36
1753769606005,06:13:26.005,okxus,ETH/USDT:USDT,3807.79,716.42,3807.75,2.46,3807.8,2084.07,3807.81,5.36
1753769606105,06:13:26.105,okxus,ETH/USDT:USDT,3807.79,716.42,3807.75,2.46,3807.8,2084.21,3807.81,5.36
1753769606205,06:13:26.205,okxus,ETH/USDT:USDT,3807.79,716.42,3807.75,2.46,3807.8,1700.52,3807.81,5.36
1753769606305,06:13:26.305,okxus,ETH/USDT:USDT,3807.79,716.42,3807.75,2.46,3807.8,1700.81,3807.81,5.68
1753769606705,06:13:26.705,okxus,ETH/USDT:USDT,3807.79,1371.5,3807.75,2.46,3807.8,208.49,3807.81,6.78
1753769606805,06:13:26.805,okxus,ETH/USDT:USDT,3807.79,1376.32,3807.75,2.46,3807.8,208.69,3807.81,7.03
1753769606905,06:13:26.905,okxus,ETH/USDT:USDT,3807.79,1376.23,3807.75,277.46,3807.8,167.73,3807.81,7.03
1753769607105,06:13:27.105,okxus,ETH/USDT:USDT,3807.79,1374.32,3807.75,277.46,3807.8,208.14,3807.81,7.03
1753769607205,06:13:27.205,okxus,ETH/USDT:USDT,3807.79,1374.32,3807.75,277.46,3807.8,208.14,3807.81,7.03
1753769607305,06:13:27.305,okxus,ETH/USDT:USDT,3807.79,1376.23,3807.75,277.46,3807.8,208.18,3807.81,1.67
1753769607605,06:13:27.605,okxus,ETH/USDT:USDT,3807.79,1375.87,3807.75,277.46,3807.8,183.8,3807.81,1.67
1753769607705,06:13:27.705,okxus,ETH/USDT:USDT,3807.79,1373.87,3807.75,277.46,3807.8,183.8,3807.81,1.67
1753769608305,06:13:28.305,okxus,ETH/USDT:USDT,3807.79,1362.91,3807.75,277.46,3807.8,145.23,3807.81,1.74
1753769608405,06:13:28.405,okxus,ETH/USDT:USDT,3807.79,1362.91,3807.75,277.46,3807.8,186.53,3807.81,1.74
1753769608505,06:13:28.505,okxus,ETH/USDT:USDT,3807.79,1365.08,3807.75,277.46,3807.8,189.19,3807.81,1.74
1753769608705,06:13:28.705,okxus,ETH/USDT:USDT,3807.79,1006.49,3807.75,277.46,3807.8,640.55,3807.81,1.74
1753769608805,06:13:28.805,okxus,ETH/USDT:USDT,3807.79,896.87,3807.75,277.46,3807.8,641.06,3807.81,1.74
1753769609005,06:13:29.005,okxus,ETH/USDT:USDT,3807.79,896.87,3807.75,277.46,3807.8,642.26,3807.81,1.74
1753769609105,06:13:29.105,okxus,ETH/USDT:USDT,3807.79,899.43,3807.75,277.46,3807.8,642.86,3807.81,1.74
1753769609205,06:13:29.205,okxus,ETH/USDT:USDT,3807.79,900.73,3807.75,277.46,3807.8,643.47,3807.81,1.74
1753769609405,06:13:29.405,okxus,ETH/USDT:USDT,3807.79,657.74,3807.75,2.46,3807.8,661.73,3807.81,1.74
1753769609505,06:13:29.505,okxus,ETH/USDT:USDT,3807.79,657.72,3807.75,2.46,3807.8,609.43,3807.81,1.74
1753769609605,06:13:29.605,okxus,ETH/USDT:USDT,3807.79,655.81,3807.75,2.46,3807.8,663.24,3807.81,3.16
1753769609705,06:13:29.705,okxus,ETH/USDT:USDT,3807.79,653.81,3807.75,2.46,3807.8,657.88,3807.81,3.16
1753769609805,06:13:29.805,okxus,ETH/USDT:USDT,3807.79,656.49,3807.75,2.46,3807.8,657.88,3807.81,3.16
1753769609905,06:13:29.905,okxus,ETH/USDT:USDT,3807.79,656.49,3807.75,2.46,3807.8,657.88,3807.81,3.16
1753769610005,06:13:30.005,okxus,ETH/USDT:USDT,3807.79,931.9,3807.75,2.46,3807.8,657.88,3807.81,3.16
1753769610105,06:13:30.105,okxus,ETH/USDT:USDT,3807.79,931.9,3807.75,2.46,3807.8,657.88,3807.81,3.16
1753769610205,06:13:30.205,okxus,ETH/USDT:USDT,3807.79,932.58,3807.75,2.46,3807.8,657.88,3807.81,3.16
1753769610305,06:13:30.305,okxus,ETH/USDT:USDT,3807.79,931.37,3807.75,2.46,3807.8,657.88,3807.81,3.16
1753769610505,06:13:30.505,okxus,ETH/USDT:USDT,3807.79,931.87,3807.75,2.46,3807.8,659.54,3807.81,3.16
1753769610805,06:13:30.805,okxus,ETH/USDT:USDT,3808.09,3799.79,3808.08,301.68,3808.1,86.74,3808.11,5.06
1753769611005,06:13:31.005,okxus,ETH/USDT:USDT,3808.11,5408.17,3808.1,384.12,3808.12,4.24,3808.13,3.72
1753769611305,06:13:31.305,okxus,ETH/USDT:USDT,3808.11,5395.82,3808.1,384.12,3808.12,4.27,3808.13,3.72
1753769611605,06:13:31.605,okxus,ETH/USDT:USDT,3808.13,5118.94,3808.12,1020.94,3808.14,9.19,3808.15,3.86
1753769611805,06:13:31.805,okxus,ETH/USDT:USDT,3808.13,5130.31,3808.12,998.44,3808.14,9.22,3808.15,3.86
1753769612205,06:13:32.205,okxus,ETH/USDT:USDT,3808.13,5125.15,3808.12,998.44,3808.14,11.05,3808.15,7.23
1753769612405,06:13:32.405,okxus,ETH/USDT:USDT,3808.13,4977.13,3808.12,898.44,3808.14,11.05,3808.15,12.06
1753769612705,06:13:32.705,okxus,ETH/USDT:USDT,3808.13,4972.39,3808.12,896.44,3808.14,11.58,3808.15,12.06
1753769612805,06:13:32.805,okxus,ETH/USDT:USDT,3808.13,4969.81,3808.12,896.44,3808.14,11.58,3808.15,12.06
1753769612905,06:13:32.905,okxus,ETH/USDT:USDT,3808.13,4967.81,3808.12,896.44,3808.14,11.58,3808.15,12.06
1753769613005,06:13:33.005,okxus,ETH/USDT:USDT,3808.13,4967.81,3808.12,896.44,3808.14,11.55,3808.15,12.06
1753769613105,06:13:33.105,okxus,ETH/USDT:USDT,3808.13,4966.89,3808.12,896.44,3808.14,11.55,3808.15,12.06
1753769613205,06:13:33.205,okxus,ETH/USDT:USDT,3808.13,4964.89,3808.12,896.44,3808.14,11.68,3808.15,12.06
1753769613305,06:13:33.305,okxus,ETH/USDT:USDT,3808.13,4963.89,3808.12,896.44,3808.14,11.68,3808.15,12.06
1753769613505,06:13:33.505,okxus,ETH/USDT:USDT,3808.13,4955.01,3808.12,896.44,3808.14,11.85,3808.15,12.06
1753769613605,06:13:33.605,okxus,ETH/USDT:USDT,3808.13,4405.84,3808.12,896.44,3808.14,11.34,3808.15,12.06
1753769613705,06:13:33.705,okxus,ETH/USDT:USDT,3808.13,4867.44,3808.12,896.44,3808.14,6.21,3808.15,12.06
1753769613805,06:13:33.805,okxus,ETH/USDT:USDT,3808.13,4865.96,3808.12,896.44,3808.14,7.62,3808.15,12.06
1753769613905,06:13:33.905,okxus,ETH/USDT:USDT,3808.13,4337.08,3808.12,456.82,3808.14,1006.51,3808.15,12.06
1753769614005,06:13:34.005,okxus,ETH/USDT:USDT,3808.13,4039.71,3808.12,32.02,3808.14,1006.53,3808.15,12.06
1753769614105,06:13:34.105,okxus,ETH/USDT:USDT,3808.13,4038.79,3808.12,32.02,3808.14,1006.55,3808.15,12.06
1753769614605,06:13:34.605,okxus,ETH/USDT:USDT,3808.07,135.57,3808.06,1.52,3808.08,2951.09,3808.1,1725.88
1753769614805,06:13:34.805,okxus,ETH/USDT:USDT,3808.07,388.59,3808.06,1.52,3808.08,2948.13,3808.09,62.73
1753769615005,06:13:35.005,okxus,ETH/USDT:USDT,3808.07,1560.0,3808.06,1.52,3808.08,1052.34,3808.1,3.21
1753769615205,06:13:35.205,okxus,ETH/USDT:USDT,3808.07,1769.92,3808.06,1.52,3808.08,179.56,3808.14,42.52
1753769615305,06:13:35.305,okxus,ETH/USDT:USDT,3808.13,3522.11,3808.12,0.02,3808.14,5.73,3808.15,12.06
1753769615805,06:13:35.805,okxus,ETH/USDT:USDT,3808.13,1262.63,3808.09,144.98,3808.14,632.17,3808.15,12.06
1753769615905,06:13:35.905,okxus,ETH/USDT:USDT,3808.13,1224.95,3808.08,100.0,3808.14,646.15,3808.15,12.06
1753769616105,06:13:36.105,okxus,ETH/USDT:USDT,3808.13,1226.96,3808.08,100.0,3808.14,646.15,3808.15,12.06
1753769616205,06:13:36.205,okxus,ETH/USDT:USDT,3808.13,1463.93,3808.08,100.0,3808.14,329.53,3808.15,13.22
1753769616305,06:13:36.305,okxus,ETH/USDT:USDT,3808.13,1464.98,3808.08,100.0,3808.14,249.67,3808.15,13.22
1753769616405,06:13:36.405,okxus,ETH/USDT:USDT,3808.13,1464.98,3808.08,100.0,3808.14,329.53,3808.15,13.22
1753769616505,06:13:36.505,okxus,ETH/USDT:USDT,3808.13,1649.88,3808.1,3.21,3808.14,9.11,3808.15,13.22
1753769616805,06:13:36.805,okxus,ETH/USDT:USDT,3808.13,1654.43,3808.11,1.74,3808.14,9.11,3808.15,13.22
1753769617005,06:13:37.005,okxus,ETH/USDT:USDT,3808.13,1526.44,3808.11,1.74,3808.14,9.58,3808.15,13.22
1753769617605,06:13:37.605,okxus,ETH/USDT:USDT,3808.13,2095.44,3808.12,2.45,3808.14,13.74,3808.15,13.22
1753769617905,06:13:37.905,okxus,ETH/USDT:USDT,3808.13,1708.19,3808.12,2.45,3808.14,13.79,3808.15,14.2
1753769618005,06:13:38.005,okxus,ETH/USDT:USDT,3808.13,1515.82,3808.12,2.45,3808.14,883.23,3808.15,14.2
1753769618105,06:13:38.105,okxus,ETH/USDT:USDT,3808.13,1023.99,3808.12,2.46,3808.14,741.05,3808.15,18.73
1753769618205,06:13:38.205,okxus,ETH/USDT:USDT,3808.13,1025.45,3808.12,2.46,3808.14,741.19,3808.15,18.73
1753769618405,06:13:38.405,okxus,ETH/USDT:USDT,3808.13,946.72,3808.12,2.46,3808.14,741.33,3808.15,18.73
1753769618605,06:13:38.605,okxus,ETH/USDT:USDT,3808.13,1039.48,3808.12,2.46,3808.14,741.33,3808.15,18.73
1753769618705,06:13:38.705,okxus,ETH/USDT:USDT,3808.13,1053.34,3808.12,2.46,3808.14,741.89,3808.15,18.73
1753769618905,06:13:38.905,okxus,ETH/USDT:USDT,3808.13,1368.06,3808.12,2.46,3808.14,211.19,3808.15,18.73
1753769619005,06:13:39.005,okxus,ETH/USDT:USDT,3808.13,1368.1,3808.12,2.46,3808.14,47.45,3808.15,18.73
1753769619205,06:13:39.205,okxus,ETH/USDT:USDT,3808.13,1554.05,3808.12,2.46,3808.14,1.86,3808.15,21.7
1753769619305,06:13:39.305,okxus,ETH/USDT:USDT,3808.14,4590.7,3808.13,467.62,3808.15,21.8,3808.16,7.62
1753769619405,06:13:39.405,okxus,ETH/USDT:USDT,3808.14,4588.79,3808.13,467.62,3808.15,21.8,3808.16,7.62
1753769619505,06:13:39.505,okxus,ETH/USDT:USDT,3808.14,4885.24,3808.13,467.62,3808.15,21.81,3808.16,7.62
1753769619605,06:13:39.605,okxus,ETH/USDT:USDT,3808.14,4896.09,3808.13,454.77,3808.15,21.86,3808.16,7.62
1753769619705,06:13:39.705,okxus,ETH/USDT:USDT,3808.14,4892.86,3808.13,454.77,3808.15,21.86,3808.16,7.62
1753769619905,06:13:39.905,okxus,ETH/USDT:USDT,3808.14,4705.17,3808.13,444.77,3808.15,29.32,3808.16,7.62
1753769620105,06:13:40.105,okxus,ETH/USDT:USDT,3808.14,5102.03,3808.13,444.77,3808.15,19.25,3808.16,7.62
1753769620205,06:13:40.205,okxus,ETH/USDT:USDT,3808.14,5099.94,3808.13,444.77,3808.15,19.25,3808.16,7.62
1753769620305,06:13:40.305,okxus,ETH/USDT:USDT,3808.14,4981.67,3808.13,444.77,3808.15,19.57,3808.16,7.62
1753769620505,06:13:40.505,okxus,ETH/USDT:USDT,3808.14,4975.3,3808.13,444.77,3808.15,19.57,3808.16,7.62
1753769620605,06:13:40.605,okxus,ETH/USDT:USDT,3808.14,4970.05,3808.13,444.77,3808.15,19.57,3808.16,7.62
1753769620705,06:13:40.705,okxus,ETH/USDT:USDT,3808.14,4975.21,3808.13,444.77,3808.15,19.57,3808.16,7.62
1753769620905,06:13:40.905,okxus,ETH/USDT:USDT,3808.14,4975.24,3808.13,444.74,3808.15,18.18,3808.16,7.62
1753769621105,06:13:41.105,okxus,ETH/USDT:USDT,3808.14,4976.68,3808.13,444.74,3808.15,19.45,3808.16,10.54
1753769621205,06:13:41.205,okxus,ETH/USDT:USDT,3808.14,4974.68,3808.13,444.74,3808.15,19.45,3808.16,10.54
1753769621405,06:13:41.405,okxus,ETH/USDT:USDT,3808.14,4954.3,3808.13,444.72,3808.15,43.23,3808.16,10.54
1753769621605,06:13:41.605,okxus,ETH/USDT:USDT,3808.14,4984.3,3808.13,444.72,3808.15,43.23,3808.16,10.54
1753769621705,06:13:41.705,okxus,ETH/USDT:USDT,3808.14,4973.57,3808.13,444.67,3808.15,43.23,3808.16,10.54
1753769621805,06:13:41.805,okxus,ETH/USDT:USDT,3808.14,4767.05,3808.13,444.67,3808.15,123.07,3808.16,10.54
1753769622105,06:13:42.105,okxus,ETH/USDT:USDT,3808.14,4768.96,3808.13,444.67,3808.15,123.09,3808.16,10.54
1753769622705,06:13:42.705,okxus,ETH/USDT:USDT,3808.14,2210.01,3808.13,35.42,3808.15,1194.72,3808.16,10.54
1753769623205,06:13:43.205,okxus,ETH/USDT:USDT,3808.14,2917.98,3808.13,35.44,3808.15,48.03,3808.16,10.54
1753769623305,06:13:43.305,okxus,ETH/USDT:USDT,3808.15,3195.37,3808.14,318.68,3808.16,11.26,3808.17,20.6
1753769623405,06:13:43.405,okxus,ETH/USDT:USDT,3808.15,3195.37,3808.14,318.68,3808.16,10.56,3808.17,20.6
1753769623505,06:13:43.505,okxus,ETH/USDT:USDT,3808.15,3207.21,3808.14,318.61,3808.16,10.56,3808.17,20.6
1753769623705,06:13:43.705,okxus,ETH/USDT:USDT,3808.15,3132.63,3808.14,305.72,3808.16,302.65,3808.17,20.6
1753769623805,06:13:43.805,okxus,ETH/USDT:USDT,3808.15,3064.95,3808.14,305.43,3808.16,349.19,3808.17,20.6
1753769623905,06:13:43.905,okxus,ETH/USDT:USDT,3808.15,3056.2,3808.14,305.43,3808.16,349.19,3808.17,20.6
1753769624005,06:13:44.005,okxus,ETH/USDT:USDT,3808.15,2174.29,3808.14,305.43,3808.16,423.95,3808.17,20.6
1753769624105,06:13:44.105,okxus,ETH/USDT:USDT,3808.15,2137.57,3808.14,305.43,3808.16,423.95,3808.17,20.6
1753769624405,06:13:44.405,okxus,ETH/USDT:USDT,3808.15,2169.67,3808.14,305.43,3808.16,209.17,3808.17,21.14
1753769624505,06:13:44.505,okxus,ETH/USDT:USDT,3808.15,2169.67,3808.14,305.43,3808.16,56.89,3808.17,21.14
1753769624605,06:13:44.605,okxus,ETH/USDT:USDT,3808.15,2169.67,3808.14,305.43,3808.16,136.75,3808.17,21.14
1753769624705,06:13:44.705,okxus,ETH/USDT:USDT,3808.15,2210.14,3808.14,305.43,3808.16,56.87,3808.17,21.14
1753769625005,06:13:45.005,okxus,ETH/USDT:USDT,3808.15,2208.37,3808.14,305.38,3808.16,56.82,3808.17,21.14
1753769625105,06:13:45.105,okxus,ETH/USDT:USDT,3808.15,2355.71,3808.14,305.31,3808.16,56.83,3808.17,21.14
1753769625305,06:13:45.305,okxus,ETH/USDT:USDT,3808.15,2355.67,3808.14,305.31,3808.16,37.82,3808.17,21.14
1753769625405,06:13:45.405,okxus,ETH/USDT:USDT,3808.15,2353.67,3808.14,305.31,3808.16,165.05,3808.17,21.14
1753769625605,06:13:45.605,okxus,ETH/USDT:USDT,3808.15,2359.08,3808.14,305.31,3808.16,85.19,3808.17,21.14
1753769625705,06:13:45.705,okxus,ETH/USDT:USDT,3808.15,2361.38,3808.14,305.31,3808.16,85.19,3808.17,21.14
1753769625905,06:13:45.905,okxus,ETH/USDT:USDT,3808.15,2335.69,3808.14,305.28,3808.16,85.19,3808.17,21.14
1753769626005,06:13:46.005,okxus,ETH/USDT:USDT,3808.15,2335.69,3808.14,305.28,3808.16,85.19,3808.17,21.14
1753769626205,06:13:46.205,okxus,ETH/USDT:USDT,3808.15,2337.6,3808.14,305.28,3808.16,85.21,3808.17,21.14
1753769626405,06:13:46.405,okxus,ETH/USDT:USDT,3808.15,2357.11,3808.14,305.26,3808.16,169.79,3808.17,21.46
1753769626505,06:13:46.505,okxus,ETH/USDT:USDT,3808.15,2339.83,3808.14,305.26,3808.16,382.0,3808.17,21.46
1753769626605,06:13:46.605,okxus,ETH/USDT:USDT,3808.15,2339.63,3808.14,305.26,3808.16,169.83,3808.17,21.46
1753769626905,06:13:46.905,okxus,ETH/USDT:USDT,3808.15,2336.37,3808.14,305.26,3808.16,87.08,3808.17,21.46
1753769627105,06:13:47.105,okxus,ETH/USDT:USDT,3808.15,2339.93,3808.14,309.48,3808.16,166.96,3808.17,23.19
1753769627205,06:13:47.205,okxus,ETH/USDT:USDT,3808.15,2339.93,3808.14,309.48,3808.16,169.84,3808.17,23.19
1753769627305,06:13:47.305,okxus,ETH/USDT:USDT,3808.15,2339.93,3808.14,309.48,3808.16,169.84,3808.17,23.19
1753769627605,06:13:47.605,okxus,ETH/USDT:USDT,3808.15,2339.79,3808.14,309.48,3808.16,170.64,3808.17,23.19
1753769627705,06:13:47.705,okxus,ETH/USDT:USDT,3808.15,2339.79,3808.14,309.48,3808.16,170.8,3808.17,23.24
1753769627805,06:13:47.805,okxus,ETH/USDT:USDT,3808.15,2337.88,3808.14,314.58,3808.16,170.8,3808.17,23.24
1753769627905,06:13:47.905,okxus,ETH/USDT:USDT,3808.15,2337.88,3808.14,314.58,3808.16,170.8,3808.17,23.24
1753769628005,06:13:48.005,okxus,ETH/USDT:USDT,3808.15,2337.91,3808.14,314.58,3808.16,90.91,3808.17,23.24
1753769628105,06:13:48.105,okxus,ETH/USDT:USDT,3808.15,2355.19,3808.14,314.58,3808.16,220.7,3808.17,23.24
1753769628205,06:13:48.205,okxus,ETH/USDT:USDT,3808.15,2357.1,3808.14,314.58,3808.16,80.91,3808.17,24.46
1753769628305,06:13:48.305,okxus,ETH/USDT:USDT,3808.15,2357.1,3808.14,314.58,3808.16,78.53,3808.17,24.46
1753769628405,06:13:48.405,okxus,ETH/USDT:USDT,3808.15,2357.11,3808.14,314.58,3808.16,157.55,3808.17,24.46
1753769628605,06:13:48.605,okxus,ETH/USDT:USDT,3808.15,2357.11,3808.14,314.58,3808.16,77.94,3808.17,24.46
1753769628705,06:13:48.705,okxus,ETH/USDT:USDT,3808.15,2357.11,3808.14,314.58,3808.16,157.78,3808.17,24.46
1753769628905,06:13:48.905,okxus,ETH/USDT:USDT,3808.15,2430.4,3808.14,314.58,3808.16,77.94,3808.17,24.46
1753769629005,06:13:49.005,okxus,ETH/USDT:USDT,3808.15,2430.4,3808.14,314.58,3808.16,77.94,3808.17,24.46
1753769629105,06:13:49.105,okxus,ETH/USDT:USDT,3808.15,2430.4,3808.14,314.58,3808.16,73.01,3808.17,24.46
1753769629305,06:13:49.305,okxus,ETH/USDT:USDT,3808.15,2430.38,3808.14,314.58,3808.16,76.72,3808.17,28.75
1753769629405,06:13:49.405,okxus,ETH/USDT:USDT,3808.15,2430.38,3808.14,314.58,3808.16,76.72,3808.17,28.75
1753769629805,06:13:49.805,okxus,ETH/USDT:USDT,3808.15,1362.72,3808.14,39.58,3808.16,478.16,3808.17,28.75
1753769630005,06:13:50.005,okxus,ETH/USDT:USDT,3808.15,1363.77,3808.14,39.58,3808.16,464.18,3808.17,28.75
1753769630105,06:13:50.105,okxus,ETH/USDT:USDT,3808.15,1363.77,3808.14,39.58,3808.16,468.62,3808.17,30.45
1753769630305,06:13:50.305,okxus,ETH/USDT:USDT,3808.15,1360.77,3808.14,39.58,3808.16,468.62,3808.17,30.45
1753769630505,06:13:50.505,okxus,ETH/USDT:USDT,3808.15,1686.62,3808.14,39.65,3808.16,78.78,3808.17,30.45
1753769630805,06:13:50.805,okxus,ETH/USDT:USDT,3808.15,1636.95,3808.14,39.71,3808.16,574.37,3808.17,30.45
1753769630905,06:13:50.905,okxus,ETH/USDT:USDT,3808.15,1636.95,3808.14,39.71,3808.16,561.56,3808.17,30.45
1753769631005,06:13:51.005,okxus,ETH/USDT:USDT,3808.15,1637.21,3808.14,39.71,3808.16,561.56,3808.17,30.45
1753769631305,06:13:51.305,okxus,ETH/USDT:USDT,3808.15,1650.1,3808.14,39.71,3808.16,428.11,3808.17,31.92
1753769631505,06:13:51.505,okxus,ETH/USDT:USDT,3808.15,1648.04,3808.14,39.71,3808.16,428.27,3808.17,31.92
1753769631605,06:13:51.605,okxus,ETH/USDT:USDT,3808.15,1649.35,3808.14,39.71,3808.16,428.27,3808.17,31.92
1753769631705,06:13:51.705,okxus,ETH/USDT:USDT,3808.15,1649.35,3808.14,39.71,3808.16,429.37,3808.17,31.92
1753769631905,06:13:51.905,okxus,ETH/USDT:USDT,3808.15,1649.35,3808.14,39.71,3808.16,429.37,3808.17,31.92
1753769632005,06:13:52.005,okxus,ETH/USDT:USDT,3808.15,1649.35,3808.14,39.71,3808.16,429.37,3808.17,31.92
1753769632205,06:13:52.205,okxus,ETH/USDT:USDT,3808.15,1646.39,3808.14,39.71,3808.16,413.22,3808.17,31.92
1753769632305,06:13:52.305,okxus,ETH/USDT:USDT,3808.15,1648.02,3808.14,39.71,3808.16,503.88,3808.17,31.92
1753769632505,06:13:52.505,okxus,ETH/USDT:USDT,3808.15,1290.97,3808.14,39.71,3808.16,636.04,3808.17,31.92
1753769632605,06:13:52.605,okxus,ETH/USDT:USDT,3808.15,950.73,3808.14,39.71,3808.16,666.41,3808.17,31.92
1753769632705,06:13:52.705,okxus,ETH/USDT:USDT,3808.15,872.82,3808.14,41.92,3808.16,666.41,3808.17,31.92
1753769632805,06:13:52.805,okxus,ETH/USDT:USDT,3808.15,872.82,3808.14,41.92,3808.16,666.41,3808.17,31.92
1753769633005,06:13:53.005,okxus,ETH/USDT:USDT,3808.15,1003.57,3808.14,41.92,3808.16,636.1,3808.17,31.92
1753769633105,06:13:53.105,okxus,ETH/USDT:USDT,3808.15,1002.95,3808.14,41.92,3808.16,636.1,3808.17,31.92
1753769633205,06:13:53.205,okxus,ETH/USDT:USDT,3808.15,1002.95,3808.14,41.92,3808.16,636.03,3808.17,31.92
1753769633305,06:13:53.305,okxus,ETH/USDT:USDT,3808.15,844.07,3808.14,41.92,3808.16,635.93,3808.17,31.92
1753769633505,06:13:53.505,okxus,ETH/USDT:USDT,3808.15,842.21,3808.14,41.92,3808.16,631.6,3808.17,31.92
1753769633605,06:13:53.605,okxus,ETH/USDT:USDT,3808.15,842.21,3808.14,41.92,3808.16,634.69,3808.17,31.92
1753769633705,06:13:53.705,okxus,ETH/USDT:USDT,3808.15,909.0,3808.14,41.99,3808.16,617.96,3808.17,31.92
1753769634305,06:13:54.305,okxus,ETH/USDT:USDT,3808.15,964.69,3808.14,41.99,3808.16,443.51,3808.17,31.92
1753769634505,06:13:54.505,okxus,ETH/USDT:USDT,3808.15,1069.09,3808.14,41.99,3808.16,336.85,3808.17,31.92
1753769634605,06:13:54.605,okxus,ETH/USDT:USDT,3808.15,1069.09,3808.14,41.99,3808.16,337.03,3808.17,32.14
1753769634705,06:13:54.705,okxus,ETH/USDT:USDT,3808.15,1069.09,3808.14,41.99,3808.16,337.29,3808.17,32.35
1753769634805,06:13:54.805,okxus,ETH/USDT:USDT,3808.15,1255.3,3808.14,41.99,3808.16,336.39,3808.17,32.35
1753769634905,06:13:54.905,okxus,ETH/USDT:USDT,3808.15,1229.14,3808.14,41.99,3808.16,292.14,3808.17,32.35
1753769635105,06:13:55.105,okxus,ETH/USDT:USDT,3808.15,1236.15,3808.14,41.99,3808.16,292.14,3808.17,32.35
1753769635505,06:13:55.505,okxus,ETH/USDT:USDT,3808.21,1945.12,3808.2,60.89,3808.22,305.97,3808.23,16.72
1753769635605,06:13:55.605,okxus,ETH/USDT:USDT,3808.21,1950.6,3808.2,60.89,3808.22,305.97,3808.23,16.72
1753769635705,06:13:55.705,okxus,ETH/USDT:USDT,3808.21,1952.53,3808.2,60.89,3808.22,93.76,3808.23,16.72
1753769636205,06:13:56.205,okxus,ETH/USDT:USDT,3808.23,4638.44,3808.22,4306.09,3808.24,6.12,3808.25,10.13
1753769636605,06:13:56.605,okxus,ETH/USDT:USDT,3808.7,4112.6,3808.69,795.8,3808.71,182.62,3808.72,4.98
1753769636705,06:13:56.705,okxus,ETH/USDT:USDT,3808.7,4114.38,3808.69,795.8,3808.71,32.52,3808.72,5.37
1753769637005,06:13:57.005,okxus,ETH/USDT:USDT,3808.72,5765.57,3808.71,924.41,3808.73,19.64,3808.74,28.62
1753769637105,06:13:57.105,okxus,ETH/USDT:USDT,3808.72,5765.59,3808.71,849.67,3808.73,19.66,3808.74,28.62
1753769637205,06:13:57.205,okxus,ETH/USDT:USDT,3808.72,5778.21,3808.71,794.77,3808.73,19.75,3808.74,26.39
1753769637305,06:13:57.305,okxus,ETH/USDT:USDT,3808.72,5803.22,3808.71,784.77,3808.73,19.75,3808.74,26.39
1753769637705,06:13:57.705,okxus,ETH/USDT:USDT,3808.72,6025.43,3808.71,784.77,3808.73,103.81,3808.74,26.39
1753769637805,06:13:57.805,okxus,ETH/USDT:USDT,3808.72,6027.34,3808.71,784.77,3808.73,103.81,3808.74,26.39
1753769638005,06:13:58.005,okxus,ETH/USDT:USDT,3808.72,5767.45,3808.71,784.77,3808.73,103.81,3808.74,26.39
1753769638105,06:13:58.105,okxus,ETH/USDT:USDT,3808.72,5744.37,3808.71,778.57,3808.73,101.81,3808.74,26.39
1753769638305,06:13:58.305,okxus,ETH/USDT:USDT,3808.72,5805.61,3808.71,778.57,3808.73,101.81,3808.74,26.39
1753769638405,06:13:58.405,okxus,ETH/USDT:USDT,3808.72,5803.6,3808.71,778.57,3808.73,91.49,3808.74,26.39
1753769638505,06:13:58.505,okxus,ETH/USDT:USDT,3808.72,5769.96,3808.71,778.71,3808.73,91.46,3808.74,26.39
1753769638605,06:13:58.605,okxus,ETH/USDT:USDT,3808.72,5769.96,3808.71,778.71,3808.73,94.57,3808.74,26.39
1753769638705,06:13:58.705,okxus,ETH/USDT:USDT,3808.72,5820.0,3808.71,778.71,3808.73,94.57,3808.74,26.39
1753769638805,06:13:58.805,okxus,ETH/USDT:USDT,3808.72,5754.16,3808.71,778.71,3808.73,94.57,3808.74,26.39
1753769638905,06:13:58.905,okxus,ETH/USDT:USDT,3808.72,5820.07,3808.71,778.71,3808.73,94.57,3808.74,26.39
1753769639005,06:13:59.005,okxus,ETH/USDT:USDT,3808.72,5815.54,3808.71,778.71,3808.73,94.57,3808.74,26.39
1753769639105,06:13:59.105,okxus,ETH/USDT:USDT,3808.72,5815.54,3808.71,784.85,3808.73,94.57,3808.74,26.39
1753769639205,06:13:59.205,okxus,ETH/USDT:USDT,3808.72,5817.51,3808.71,784.93,3808.73,94.57,3808.74,26.39
1753769639505,06:13:59.505,okxus,ETH/USDT:USDT,3808.72,5811.97,3808.71,784.99,3808.73,94.56,3808.74,26.39
1753769639705,06:13:59.705,okxus,ETH/USDT:USDT,3808.72,5248.68,3808.71,784.99,3808.73,142.27,3808.74,26.39
1753769639805,06:13:59.805,okxus,ETH/USDT:USDT,3808.72,4474.41,3808.71,769.01,3808.73,664.91,3808.74,26.39
1753769640005,06:14:00.005,okxus,ETH/USDT:USDT,3808.72,4313.77,3808.71,589.18,3808.73,733.12,3808.74,26.39
1753769640305,06:14:00.305,okxus,ETH/USDT:USDT,3808.72,2838.58,3808.71,314.18,3808.73,647.77,3808.74,26.41
1753769640405,06:14:00.405,okxus,ETH/USDT:USDT,3808.72,2838.6,3808.71,314.2,3808.73,655.81,3808.74,26.41
1753769640705,06:14:00.705,okxus,ETH/USDT:USDT,3808.72,2838.37,3808.71,314.2,3808.73,444.98,3808.74,26.41
1753769640805,06:14:00.805,okxus,ETH/USDT:USDT,3808.72,2840.63,3808.71,315.07,3808.73,431.3,3808.74,26.41
1753769641205,06:14:01.205,okxus,ETH/USDT:USDT,3808.72,2934.44,3808.71,894.03,3808.73,73.45,3808.74,26.39
1753769641305,06:14:01.305,okxus,ETH/USDT:USDT,3808.72,2934.44,3808.71,894.03,3808.73,73.45,3808.74,26.39
1753769641505,06:14:01.505,okxus,ETH/USDT:USDT,3808.72,2934.63,3808.71,894.03,3808.73,73.45,3808.74,26.39
1753769641605,06:14:01.605,okxus,ETH/USDT:USDT,3808.72,2934.13,3808.71,894.03,3808.73,73.45,3808.74,26.39
1753769641705,06:14:01.705,okxus,ETH/USDT:USDT,3808.72,2934.13,3808.71,894.03,3808.73,73.45,3808.74,26.39
1753769641805,06:14:01.805,okxus,ETH/USDT:USDT,3808.72,2934.13,3808.71,894.03,3808.73,73.45,3808.74,26.39
1753769642005,06:14:02.005,okxus,ETH/USDT:USDT,3808.72,2891.39,3808.71,894.03,3808.73,496.28,3808.74,26.39
1753769642105,06:14:02.105,okxus,ETH/USDT:USDT,3808.72,2846.54,3808.71,894.03,3808.73,652.29,3808.74,26.39
1753769642305,06:14:02.305,okxus,ETH/USDT:USDT,3808.72,2845.19,3808.71,894.03,3808.73,576.7,3808.74,26.39
1753769642405,06:14:02.405,okxus,ETH/USDT:USDT,3808.72,2862.54,3808.71,894.03,3808.73,300.52,3808.74,26.39
1753769642505,06:14:02.505,okxus,ETH/USDT:USDT,3808.72,2863.59,3808.71,894.03,3808.73,564.8,3808.74,26.39
1753769642605,06:14:02.605,okxus,ETH/USDT:USDT,3808.72,2821.67,3808.71,894.03,3808.73,534.49,3808.74,26.39
1753769642905,06:14:02.905,okxus,ETH/USDT:USDT,3808.72,2824.36,3808.71,894.09,3808.73,534.14,3808.74,26.39
1753769643005,06:14:03.005,okxus,ETH/USDT:USDT,3808.72,2862.17,3808.71,894.09,3808.73,534.14,3808.74,26.39
1753769643105,06:14:03.105,okxus,ETH/USDT:USDT,3808.72,2860.26,3808.71,894.09,3808.73,597.36,3808.74,26.39
1753769643305,06:14:03.305,okxus,ETH/USDT:USDT,3808.72,2755.59,3808.71,894.13,3808.73,705.62,3808.74,26.39
1753769643405,06:14:03.405,okxus,ETH/USDT:USDT,3808.72,2754.79,3808.71,894.13,3808.73,705.62,3808.74,26.39
1753769643805,06:14:03.805,okxus,ETH/USDT:USDT,3808.72,2814.85,3808.71,894.13,3808.73,578.5,3808.74,26.41
1753769643905,06:14:03.905,okxus,ETH/USDT:USDT,3808.72,2814.86,3808.71,894.15,3808.73,578.75,3808.74,26.41
1753769644105,06:14:04.105,okxus,ETH/USDT:USDT,3808.72,2794.86,3808.71,894.15,3808.73,578.75,3808.74,26.39
1753769644205,06:14:04.205,okxus,ETH/USDT:USDT,3808.72,2831.62,3808.71,894.15,3808.73,389.8,3808.74,26.39
1753769644305,06:14:04.305,okxus,ETH/USDT:USDT,3808.72,2831.62,3808.71,894.15,3808.73,383.44,3808.74,26.39
1753769644405,06:14:04.405,okxus,ETH/USDT:USDT,3808.72,2692.16,3808.71,894.15,3808.73,585.8,3808.74,26.39
1753769644505,06:14:04.505,okxus,ETH/USDT:USDT,3808.72,2729.96,3808.71,894.15,3808.73,497.61,3808.74,26.39
1753769644605,06:14:04.605,okxus,ETH/USDT:USDT,3808.72,2730.86,3808.71,894.18,3808.73,401.5,3808.74,26.39
1753769644805,06:14:04.805,okxus,ETH/USDT:USDT,3808.72,2730.86,3808.71,894.18,3808.73,401.5,3808.74,26.39
1753769645005,06:14:05.005,okxus,ETH/USDT:USDT,3808.72,2732.03,3808.71,894.27,3808.73,63.8,3808.74,26.39
1753769645105,06:14:05.105,okxus,ETH/USDT:USDT,3808.72,2730.12,3808.71,894.27,3808.73,295.92,3808.74,26.39
1753769645205,06:14:05.205,okxus,ETH/USDT:USDT,3808.72,2730.76,3808.71,894.27,3808.73,233.36,3808.74,26.39
1753769645405,06:14:05.405,okxus,ETH/USDT:USDT,3808.72,2922.24,3808.71,894.27,3808.73,299.22,3808.74,26.39
1753769645505,06:14:05.505,okxus,ETH/USDT:USDT,3808.72,3361.49,3808.71,894.27,3808.73,67.98,3808.74,26.39
1753769645905,06:14:05.905,okxus,ETH/USDT:USDT,3808.72,3371.85,3808.71,894.27,3808.73,68.07,3808.74,26.39
1753769646005,06:14:06.005,okxus,ETH/USDT:USDT,3808.72,3371.85,3808.71,894.27,3808.73,68.07,3808.74,26.39
1753769646105,06:14:06.105,okxus,ETH/USDT:USDT,3808.72,3371.85,3808.71,894.27,3808.73,68.07,3808.74,26.39
1753769646305,06:14:06.305,okxus,ETH/USDT:USDT,3808.72,3372.11,3808.71,894.27,3808.73,68.04,3808.74,26.39
1753769646505,06:14:06.505,okxus,ETH/USDT:USDT,3808.72,3377.54,3808.71,894.27,3808.73,68.1,3808.74,26.39
1753769646605,06:14:06.605,okxus,ETH/USDT:USDT,3808.72,3189.42,3808.71,894.27,3808.73,68.1,3808.74,26.39
1753769647005,06:14:07.005,okxus,ETH/USDT:USDT,3808.73,4685.93,3808.72,1234.23,3808.74,26.41,3808.75,24.87
1753769647205,06:14:07.205,okxus,ETH/USDT:USDT,3808.73,4729.02,3808.72,1186.87,3808.74,26.41,3808.75,24.87
1753769647305,06:14:07.305,okxus,ETH/USDT:USDT,3808.73,4729.02,3808.72,1186.87,3808.74,26.41,3808.75,24.87
1753769647405,06:14:07.405,okxus,ETH/USDT:USDT,3808.73,4729.02,3808.72,1186.87,3808.74,26.41,3808.75,24.87
1753769647605,06:14:07.605,okxus,ETH/USDT:USDT,3808.73,4732.25,3808.72,1187.24,3808.74,26.71,3808.75,24.87
1753769647705,06:14:07.705,okxus,ETH/USDT:USDT,3808.73,4732.25,3808.72,1187.24,3808.74,26.71,3808.75,24.87
1753769647805,06:14:07.805,okxus,ETH/USDT:USDT,3808.73,4732.68,3808.72,1187.24,3808.74,26.71,3808.75,24.87
1753769648405,06:14:08.405,okxus,ETH/USDT:USDT,3808.73,4366.6,3808.72,1187.31,3808.74,26.15,3808.75,24.87
1753769648505,06:14:08.505,okxus,ETH/USDT:USDT,3808.73,4368.51,3808.72,1187.31,3808.74,26.17,3808.75,24.87
1753769648605,06:14:08.605,okxus,ETH/USDT:USDT,3808.73,4368.77,3808.72,1187.31,3808.74,99.23,3808.75,24.87
1753769648805,06:14:08.805,okxus,ETH/USDT:USDT,3808.73,3942.12,3808.72,1187.2,3808.74,387.31,3808.75,24.87
1753769649005,06:14:09.005,okxus,ETH/USDT:USDT,3808.73,3557.02,3808.72,1099.2,3808.74,514.53,3808.75,24.87
1753769649305,06:14:09.305,okxus,ETH/USDT:USDT,3808.73,2317.12,3808.72,341.21,3808.74,657.36,3808.75,24.87
1753769649605,06:14:09.605,okxus,ETH/USDT:USDT,3808.73,2318.17,3808.72,341.21,3808.74,657.34,3808.75,24.87
1753769649705,06:14:09.705,okxus,ETH/USDT:USDT,3808.73,2317.12,3808.72,344.85,3808.74,657.36,3808.75,24.87
1753769650005,06:14:10.005,okxus,ETH/USDT:USDT,3808.73,2318.06,3808.72,344.74,3808.74,626.83,3808.75,24.87
1753769650205,06:14:10.205,okxus,ETH/USDT:USDT,3808.73,2311.38,3808.72,344.69,3808.74,765.61,3808.75,24.87
1753769650505,06:14:10.505,okxus,ETH/USDT:USDT,3808.73,2315.7,3808.72,443.69,3808.74,681.73,3808.75,24.87
1753769650605,06:14:10.605,okxus,ETH/USDT:USDT,3808.73,2300.7,3808.72,443.69,3808.74,681.73,3808.75,24.87
1753769650705,06:14:10.705,okxus,ETH/USDT:USDT,3808.73,2300.7,3808.72,443.69,3808.74,681.73,3808.75,24.87
1753769650905,06:14:10.905,okxus,ETH/USDT:USDT,3808.73,2301.8,3808.72,443.64,3808.74,651.42,3808.75,24.87
1753769651505,06:14:11.505,okxus,ETH/USDT:USDT,3808.73,2820.71,3808.72,443.64,3808.74,85.22,3808.75,24.87
1753769651605,06:14:11.605,okxus,ETH/USDT:USDT,3808.74,4799.49,3808.73,443.6,3808.75,25.69,3808.76,28.75
1753769651805,06:14:11.805,okxus,ETH/USDT:USDT,3808.74,4826.37,3808.73,441.3,3808.75,24.89,3808.76,28.75
1753769652105,06:14:12.105,okxus,ETH/USDT:USDT,3808.74,4826.92,3808.73,441.18,3808.75,22.42,3808.76,28.75
1753769652205,06:14:12.205,okxus,ETH/USDT:USDT,3808.76,1903.43,3808.75,186.58,3808.77,8.58,3808.78,31.96
1753769652505,06:14:12.505,okxus,ETH/USDT:USDT,3808.76,1950.05,3808.75,432.58,3808.77,8.58,3808.78,31.96
1753769652605,06:14:12.605,okxus,ETH/USDT:USDT,3808.77,4269.72,3808.76,593.23,3808.78,31.98,3808.79,15.5
1753769652705,06:14:12.705,okxus,ETH/USDT:USDT,3808.77,4296.71,3808.76,567.25,3808.78,31.98,3808.79,15.5
1753769652805,06:14:12.805,okxus,ETH/USDT:USDT,3808.77,4311.54,3808.76,559.96,3808.78,32.06,3808.79,15.5
1753769652905,06:14:12.905,okxus,ETH/USDT:USDT,3808.77,4328.45,3808.76,545.35,3808.78,32.06,3808.79,15.5
1753769653105,06:14:13.105,okxus,ETH/USDT:USDT,3808.77,4350.87,3808.76,545.35,3808.78,32.13,3808.79,15.5
1753769653205,06:14:13.205,okxus,ETH/USDT:USDT,3808.77,4356.43,3808.76,545.35,3808.78,32.39,3808.79,15.5
1753769653305,06:14:13.305,okxus,ETH/USDT:USDT,3808.77,4356.43,3808.76,545.35,3808.78,33.85,3808.79,15.5
1753769653705,06:14:13.705,okxus,ETH/USDT:USDT,3808.77,4543.12,3808.76,359.14,3808.78,24.32,3808.79,15.5
1753769653805,06:14:13.805,okxus,ETH/USDT:USDT,3808.77,4543.12,3808.76,359.14,3808.78,24.3,3808.79,15.5
1753769653905,06:14:13.905,okxus,ETH/USDT:USDT,3808.77,4538.63,3808.76,359.14,3808.78,24.3,3808.79,15.5
1753769654005,06:14:14.005,okxus,ETH/USDT:USDT,3808.77,4538.63,3808.76,359.14,3808.78,24.36,3808.79,15.5
1753769654305,06:14:14.305,okxus,ETH/USDT:USDT,3808.77,4540.58,3808.76,359.14,3808.78,24.56,3808.79,15.5
1753769654405,06:14:14.405,okxus,ETH/USDT:USDT,3808.77,4540.62,3808.76,359.14,3808.78,24.56,3808.79,15.5
1753769654505,06:14:14.505,okxus,ETH/USDT:USDT,3808.77,4443.31,3808.76,359.14,3808.78,300.99,3808.79,15.5
1753769654705,06:14:14.705,okxus,ETH/USDT:USDT,3808.77,3853.88,3808.76,355.09,3808.78,638.49,3808.79,15.5
1753769654905,06:14:14.905,okxus,ETH/USDT:USDT,3808.77,3659.85,3808.76,354.04,3808.78,644.46,3808.79,15.5
1753769655005,06:14:15.005,okxus,ETH/USDT:USDT,3808.77,3659.95,3808.76,354.04,3808.78,644.46,3808.79,15.5
1753769655205,06:14:15.205,okxus,ETH/USDT:USDT,3808.77,3697.4,3808.76,354.04,3808.78,638.4,3808.79,15.5
1753769655305,06:14:15.305,okxus,ETH/USDT:USDT,3808.77,3656.88,3808.76,354.04,3808.78,669.42,3808.79,15.5
1753769655405,06:14:15.405,okxus,ETH/USDT:USDT,3808.77,3656.62,3808.76,354.04,3808.78,639.11,3808.79,15.5
1753769655505,06:14:15.505,okxus,ETH/USDT:USDT,3808.77,3656.62,3808.76,354.04,3808.78,563.5,3808.79,15.5
1753769655805,06:14:15.805,okxus,ETH/USDT:USDT,3808.77,3701.78,3808.76,354.04,3808.78,185.36,3808.79,15.5
1753769655905,06:14:15.905,okxus,ETH/USDT:USDT,3808.77,3701.81,3808.76,354.04,3808.78,171.38,3808.79,15.5
1753769656605,06:14:16.605,okxus,ETH/USDT:USDT,3808.77,3168.58,3808.76,79.04,3808.78,754.95,3808.79,15.5
1753769656705,06:14:16.705,okxus,ETH/USDT:USDT,3808.77,3219.82,3808.76,79.04,3808.78,548.24,3808.79,15.5
