timestamp,time,exchange,symbol,bid1_price,bid1_volume,bid2_price,bid2_volume,ask1_price,ask1_volume,ask2_price,ask2_volume
1753769545787,06:12:25.787,kucoinfutures,BTC/USDT:USDT,118848.9,2805.0,118848.8,63.0,118849.0,472.0,118849.9,173.0
1753769545807,06:12:25.807,kucoinfutures,BTC/USDT:USDT,118848.9,2805.0,118848.8,63.0,118849.0,472.0,118849.9,173.0
1753769545807,06:12:25.807,kucoinfutures,BTC/USDT:USDT,118848.9,2805.0,118848.8,63.0,118849.0,472.0,118849.9,173.0
1753769545821,06:12:25.821,kucoinfutures,BTC/USDT:USDT,118848.9,2805.0,118848.8,63.0,118849.0,472.0,118849.9,173.0
1753769545835,06:12:25.835,kucoinfutures,BTC/USDT:USDT,118848.9,2805.0,118848.8,63.0,118849.0,472.0,118849.9,173.0
1753769545855,06:12:25.855,kucoinfutures,BTC/USDT:USDT,118848.9,2805.0,118848.8,63.0,118849.0,472.0,118849.9,173.0
1753769545918,06:12:25.918,kucoinfutures,BTC/USDT:USDT,118848.9,2805.0,118848.8,63.0,118849.0,472.0,118849.9,173.0
1753769545959,06:12:25.959,kucoinfutures,BTC/USDT:USDT,118848.9,2805.0,118848.8,63.0,118849.0,472.0,118849.9,173.0
1753769546452,06:12:26.452,kucoinfutures,BTC/USDT:USDT,118848.9,1787.0,118848.0,515.0,118849.0,541.0,118849.9,739.0
1753769546894,06:12:26.894,kucoinfutures,BTC/USDT:USDT,118848.9,1787.0,118848.0,515.0,118849.0,541.0,118849.9,739.0
1753769546899,06:12:26.899,kucoinfutures,BTC/USDT:USDT,118848.9,1787.0,118848.0,515.0,118849.0,541.0,118849.9,739.0
1753769546905,06:12:26.905,kucoinfutures,BTC/USDT:USDT,118848.9,1787.0,118848.0,515.0,118849.0,541.0,118849.9,739.0
1753769546907,06:12:26.907,kucoinfutures,BTC/USDT:USDT,118848.9,1787.0,118848.0,515.0,118849.0,541.0,118849.9,739.0
1753769546909,06:12:26.909,kucoinfutures,BTC/USDT:USDT,118848.9,1787.0,118848.0,515.0,118849.0,541.0,118849.9,739.0
1753769546912,06:12:26.912,kucoinfutures,BTC/USDT:USDT,118848.9,1787.0,118848.0,515.0,118849.0,541.0,118849.9,739.0
1753769546915,06:12:26.915,kucoinfutures,BTC/USDT:USDT,118848.9,1787.0,118848.0,515.0,118849.0,541.0,118849.9,739.0
1753769546916,06:12:26.916,kucoinfutures,BTC/USDT:USDT,118848.9,1787.0,118848.0,515.0,118849.0,541.0,118849.9,739.0
1753769546980,06:12:26.980,kucoinfutures,BTC/USDT:USDT,118848.9,1787.0,118848.0,515.0,118849.0,541.0,118849.9,739.0
1753769547411,06:12:27.411,kucoinfutures,BTC/USDT:USDT,118848.9,1787.0,118848.0,515.0,118849.0,541.0,118849.9,739.0
1753769547499,06:12:27.499,kucoinfutures,BTC/USDT:USDT,118848.9,1787.0,118848.0,515.0,118849.0,541.0,118849.9,739.0
1753769547504,06:12:27.504,kucoinfutures,BTC/USDT:USDT,118848.9,1787.0,118848.0,515.0,118849.0,541.0,118849.9,739.0
1753769547508,06:12:27.508,kucoinfutures,BTC/USDT:USDT,118848.9,1787.0,118848.0,515.0,118849.0,541.0,118849.9,739.0
1753769547514,06:12:27.514,kucoinfutures,BTC/USDT:USDT,118848.9,1787.0,118848.0,515.0,118849.0,541.0,118849.9,739.0
1753769547526,06:12:27.526,kucoinfutures,BTC/USDT:USDT,118848.9,1787.0,118848.0,515.0,118849.0,541.0,118849.9,739.0
1753769547614,06:12:27.614,kucoinfutures,BTC/USDT:USDT,118848.9,1787.0,118848.0,515.0,118849.0,541.0,118849.9,739.0
1753769547631,06:12:27.631,kucoinfutures,BTC/USDT:USDT,118848.9,1787.0,118848.0,515.0,118849.0,541.0,118849.9,739.0
1753769547706,06:12:27.706,kucoinfutures,BTC/USDT:USDT,118848.9,1787.0,118848.0,515.0,118849.0,541.0,118849.9,739.0
1753769547708,06:12:27.708,kucoinfutures,BTC/USDT:USDT,118848.9,1787.0,118848.0,515.0,118849.0,541.0,118849.9,739.0
1753769547756,06:12:27.756,kucoinfutures,BTC/USDT:USDT,118848.9,1787.0,118848.0,515.0,118849.0,541.0,118849.9,739.0
1753769547758,06:12:27.758,kucoinfutures,BTC/USDT:USDT,118848.9,1787.0,118848.0,515.0,118849.0,541.0,118849.9,739.0
1753769547762,06:12:27.762,kucoinfutures,BTC/USDT:USDT,118848.9,1787.0,118848.0,515.0,118849.0,541.0,118849.9,739.0
1753769547762,06:12:27.762,kucoinfutures,BTC/USDT:USDT,118848.9,1787.0,118848.0,515.0,118849.0,541.0,118849.9,739.0
1753769547907,06:12:27.907,kucoinfutures,BTC/USDT:USDT,118848.9,1787.0,118848.0,515.0,118849.0,541.0,118849.9,739.0
1753769547911,06:12:27.911,kucoinfutures,BTC/USDT:USDT,118848.9,1787.0,118848.0,515.0,118849.0,541.0,118849.9,739.0
1753769548507,06:12:28.507,kucoinfutures,BTC/USDT:USDT,118848.9,1787.0,118848.8,63.0,118849.0,541.0,118849.9,739.0
1753769548514,06:12:28.514,kucoinfutures,BTC/USDT:USDT,118848.9,1787.0,118848.8,63.0,118849.0,541.0,118849.9,739.0
1753769548520,06:12:28.520,kucoinfutures,BTC/USDT:USDT,118848.9,1787.0,118848.8,63.0,118849.0,541.0,118849.9,739.0
1753769548830,06:12:28.830,kucoinfutures,BTC/USDT:USDT,118848.9,1787.0,118848.8,63.0,118849.0,541.0,118849.9,739.0
1753769549006,06:12:29.006,kucoinfutures,BTC/USDT:USDT,118848.9,1787.0,118848.8,63.0,118849.0,541.0,118849.9,739.0
1753769549007,06:12:29.007,kucoinfutures,BTC/USDT:USDT,118848.9,1787.0,118848.8,63.0,118849.0,541.0,118849.9,739.0
1753769549012,06:12:29.012,kucoinfutures,BTC/USDT:USDT,118848.9,1787.0,118848.8,63.0,118849.0,541.0,118849.9,739.0
1753769549070,06:12:29.070,kucoinfutures,BTC/USDT:USDT,118848.9,1787.0,118848.8,63.0,118849.0,541.0,118849.9,739.0
1753769549090,06:12:29.090,kucoinfutures,BTC/USDT:USDT,118848.9,1787.0,118848.8,63.0,118849.0,541.0,118849.9,739.0
1753769549090,06:12:29.090,kucoinfutures,BTC/USDT:USDT,118848.9,1787.0,118848.8,63.0,118849.0,541.0,118849.9,739.0
1753769549107,06:12:29.107,kucoinfutures,BTC/USDT:USDT,118848.9,1787.0,118848.8,63.0,118849.0,541.0,118849.9,739.0
1753769549188,06:12:29.188,kucoinfutures,BTC/USDT:USDT,118848.9,1394.0,118848.0,515.0,118849.0,472.0,118849.9,739.0
1753769549652,06:12:29.652,kucoinfutures,BTC/USDT:USDT,118848.9,229.0,118848.0,2.0,118849.0,2327.0,118849.7,1124.0
1753769550231,06:12:30.231,kucoinfutures,BTC/USDT:USDT,118848.9,93.0,118848.0,2.0,118849.0,2252.0,118849.7,1124.0
1753769550354,06:12:30.354,kucoinfutures,BTC/USDT:USDT,118848.9,83.0,118848.0,2.0,118849.0,2274.0,118849.7,1124.0
1753769550864,06:12:30.864,kucoinfutures,BTC/USDT:USDT,118848.9,93.0,118848.0,2.0,118849.0,2274.0,118849.7,1124.0
1753769551011,06:12:31.011,kucoinfutures,BTC/USDT:USDT,118848.9,93.0,118848.0,2.0,118849.0,2274.0,118849.7,1124.0
1753769551595,06:12:31.595,kucoinfutures,BTC/USDT:USDT,118848.9,4068.0,118848.8,208.0,118849.0,202.0,118849.7,173.0
1753769552445,06:12:32.445,kucoinfutures,BTC/USDT:USDT,118849.6,7933.0,118849.1,140.0,118849.7,28.0,118849.9,173.0
1753769552488,06:12:32.488,kucoinfutures,BTC/USDT:USDT,118849.6,7933.0,118849.1,140.0,118849.7,28.0,118849.9,173.0
1753769552670,06:12:32.670,kucoinfutures,BTC/USDT:USDT,118849.6,7932.0,118849.1,140.0,118849.7,71.0,118849.9,173.0
1753769553093,06:12:33.093,kucoinfutures,BTC/USDT:USDT,118849.8,7120.0,118849.7,1141.0,118849.9,160.0,118850.0,866.0
1753769553250,06:12:33.250,kucoinfutures,BTC/USDT:USDT,118849.8,7721.0,118849.7,1118.0,118849.9,57.0,118850.0,866.0
1753769553913,06:12:33.913,kucoinfutures,BTC/USDT:USDT,118849.8,8547.0,118849.7,141.0,118849.9,57.0,118850.0,866.0
1753769553962,06:12:33.962,kucoinfutures,BTC/USDT:USDT,118849.8,8547.0,118849.7,141.0,118849.9,57.0,118850.0,866.0
1753769554000,06:12:34.000,kucoinfutures,BTC/USDT:USDT,118849.8,8547.0,118849.7,858.0,118849.9,57.0,118850.0,866.0
1753769554147,06:12:34.147,kucoinfutures,BTC/USDT:USDT,118849.8,8547.0,118849.7,858.0,118849.9,57.0,118850.0,866.0
1753769554147,06:12:34.147,kucoinfutures,BTC/USDT:USDT,118849.8,8547.0,118849.7,858.0,118849.9,57.0,118850.0,866.0
1753769554151,06:12:34.151,kucoinfutures,BTC/USDT:USDT,118849.8,8547.0,118849.7,858.0,118849.9,57.0,118850.0,866.0
1753769554219,06:12:34.219,kucoinfutures,BTC/USDT:USDT,118849.8,8547.0,118849.7,858.0,118849.9,57.0,118850.0,866.0
1753769554223,06:12:34.223,kucoinfutures,BTC/USDT:USDT,118849.8,8547.0,118849.7,858.0,118849.9,57.0,118850.0,866.0
1753769554526,06:12:34.526,kucoinfutures,BTC/USDT:USDT,118849.8,8547.0,118849.7,858.0,118849.9,57.0,118850.0,866.0
1753769554529,06:12:34.529,kucoinfutures,BTC/USDT:USDT,118849.8,8547.0,118849.7,858.0,118849.9,57.0,118850.0,866.0
1753769554530,06:12:34.530,kucoinfutures,BTC/USDT:USDT,118849.8,8547.0,118849.7,858.0,118849.9,57.0,118850.0,866.0
1753769554534,06:12:34.534,kucoinfutures,BTC/USDT:USDT,118849.8,8547.0,118849.7,858.0,118849.9,57.0,118850.0,866.0
1753769554558,06:12:34.558,kucoinfutures,BTC/USDT:USDT,118849.8,8527.0,118849.7,858.0,118849.9,57.0,118850.0,866.0
1753769554564,06:12:34.564,kucoinfutures,BTC/USDT:USDT,118849.8,8527.0,118849.7,858.0,118849.9,57.0,118850.0,866.0
1753769554899,06:12:34.899,kucoinfutures,BTC/USDT:USDT,118849.8,8547.0,118849.7,858.0,118849.9,57.0,118850.0,866.0
1753769554908,06:12:34.908,kucoinfutures,BTC/USDT:USDT,118849.8,8547.0,118849.7,858.0,118849.9,57.0,118850.0,866.0
1753769554914,06:12:34.914,kucoinfutures,BTC/USDT:USDT,118849.8,8543.0,118849.7,858.0,118849.9,57.0,118850.0,866.0
1753769554917,06:12:34.917,kucoinfutures,BTC/USDT:USDT,118849.8,8543.0,118849.7,858.0,118849.9,57.0,118850.0,866.0
1753769554926,06:12:34.926,kucoinfutures,BTC/USDT:USDT,118849.8,8543.0,118849.7,858.0,118849.9,57.0,118850.0,866.0
1753769554942,06:12:34.942,kucoinfutures,BTC/USDT:USDT,118849.8,8543.0,118849.7,858.0,118849.9,57.0,118850.0,866.0
1753769555017,06:12:35.017,kucoinfutures,BTC/USDT:USDT,118849.8,8543.0,118849.7,858.0,118849.9,57.0,118850.0,866.0
1753769555026,06:12:35.026,kucoinfutures,BTC/USDT:USDT,118849.8,8543.0,118849.7,858.0,118849.9,57.0,118850.0,866.0
1753769555031,06:12:35.031,kucoinfutures,BTC/USDT:USDT,118849.8,8542.0,118849.7,858.0,118849.9,57.0,118850.0,866.0
1753769555034,06:12:35.034,kucoinfutures,BTC/USDT:USDT,118849.8,8542.0,118849.7,858.0,118849.9,57.0,118850.0,866.0
1753769555048,06:12:35.048,kucoinfutures,BTC/USDT:USDT,118849.8,8543.0,118849.7,858.0,118849.9,57.0,118850.0,866.0
1753769555052,06:12:35.052,kucoinfutures,BTC/USDT:USDT,118849.8,8543.0,118849.7,858.0,118849.9,57.0,118850.0,866.0
1753769555053,06:12:35.053,kucoinfutures,BTC/USDT:USDT,118849.8,8543.0,118849.7,858.0,118849.9,57.0,118850.0,866.0
1753769555061,06:12:35.061,kucoinfutures,BTC/USDT:USDT,118849.8,8543.0,118849.7,858.0,118849.9,57.0,118850.0,866.0
1753769555065,06:12:35.065,kucoinfutures,BTC/USDT:USDT,118849.8,8543.0,118849.7,858.0,118849.9,57.0,118850.0,866.0
1753769555070,06:12:35.070,kucoinfutures,BTC/USDT:USDT,118849.8,8543.0,118849.7,858.0,118849.9,57.0,118850.0,866.0
1753769555252,06:12:35.252,kucoinfutures,BTC/USDT:USDT,118849.8,8559.0,118849.7,858.0,118849.9,57.0,118850.0,866.0
1753769555275,06:12:35.275,kucoinfutures,BTC/USDT:USDT,118849.8,8559.0,118849.7,858.0,118849.9,57.0,118850.0,866.0
1753769555279,06:12:35.279,kucoinfutures,BTC/USDT:USDT,118849.8,8559.0,118849.7,858.0,118849.9,57.0,118850.0,866.0
1753769555301,06:12:35.301,kucoinfutures,BTC/USDT:USDT,118849.8,8559.0,118849.7,858.0,118849.9,57.0,118850.0,866.0
1753769555318,06:12:35.318,kucoinfutures,BTC/USDT:USDT,118849.8,8559.0,118849.7,858.0,118849.9,57.0,118850.0,866.0
1753769555347,06:12:35.347,kucoinfutures,BTC/USDT:USDT,118849.8,8504.0,118849.7,858.0,118849.9,57.0,118850.0,866.0
1753769555354,06:12:35.354,kucoinfutures,BTC/USDT:USDT,118849.8,8126.0,118849.7,858.0,118849.9,57.0,118850.0,866.0
1753769555356,06:12:35.356,kucoinfutures,BTC/USDT:USDT,118849.8,8126.0,118849.7,858.0,118849.9,57.0,118850.0,866.0
1753769555357,06:12:35.357,kucoinfutures,BTC/USDT:USDT,118849.8,8126.0,118849.7,858.0,118849.9,57.0,118850.0,866.0
1753769555358,06:12:35.358,kucoinfutures,BTC/USDT:USDT,118849.8,8126.0,118849.7,858.0,118849.9,57.0,118850.0,866.0
1753769555359,06:12:35.359,kucoinfutures,BTC/USDT:USDT,118849.8,8126.0,118849.7,858.0,118849.9,57.0,118850.0,866.0
1753769555363,06:12:35.363,kucoinfutures,BTC/USDT:USDT,118849.8,8126.0,118849.7,858.0,118849.9,57.0,118850.0,866.0
1753769555381,06:12:35.381,kucoinfutures,BTC/USDT:USDT,118849.8,8126.0,118849.7,858.0,118849.9,57.0,118850.0,866.0
1753769555381,06:12:35.381,kucoinfutures,BTC/USDT:USDT,118849.8,8126.0,118849.7,858.0,118849.9,57.0,118850.0,866.0
1753769555384,06:12:35.384,kucoinfutures,BTC/USDT:USDT,118849.8,8126.0,118849.7,858.0,118849.9,57.0,118850.0,866.0
1753769555386,06:12:35.386,kucoinfutures,BTC/USDT:USDT,118849.8,8126.0,118849.7,858.0,118849.9,57.0,118850.0,866.0
1753769555404,06:12:35.404,kucoinfutures,BTC/USDT:USDT,118849.8,7558.0,118849.7,858.0,118849.9,57.0,118850.0,866.0
1753769555432,06:12:35.432,kucoinfutures,BTC/USDT:USDT,118849.8,7558.0,118849.7,858.0,118849.9,57.0,118850.0,866.0
1753769555460,06:12:35.460,kucoinfutures,BTC/USDT:USDT,118849.8,7558.0,118849.7,592.0,118849.9,132.0,118850.0,866.0
1753769555477,06:12:35.477,kucoinfutures,BTC/USDT:USDT,118849.8,7558.0,118849.7,592.0,118849.9,132.0,118850.0,866.0
1753769555477,06:12:35.477,kucoinfutures,BTC/USDT:USDT,118849.8,7558.0,118849.7,592.0,118849.9,132.0,118850.0,866.0
1753769555482,06:12:35.482,kucoinfutures,BTC/USDT:USDT,118849.8,7558.0,118849.7,592.0,118849.9,102.0,118850.0,866.0
1753769555539,06:12:35.539,kucoinfutures,BTC/USDT:USDT,118849.8,7558.0,118849.7,451.0,118849.9,102.0,118850.0,866.0
1753769555573,06:12:35.573,kucoinfutures,BTC/USDT:USDT,118849.8,7558.0,118849.7,451.0,118849.9,102.0,118850.0,866.0
1753769555578,06:12:35.578,kucoinfutures,BTC/USDT:USDT,118849.8,7558.0,118849.7,746.0,118849.9,102.0,118850.0,866.0
1753769555905,06:12:35.905,kucoinfutures,BTC/USDT:USDT,118849.8,7558.0,118849.7,295.0,118849.9,102.0,118850.0,866.0
1753769555955,06:12:35.955,kucoinfutures,BTC/USDT:USDT,118849.8,7558.0,118849.7,295.0,118849.9,102.0,118850.0,866.0
1753769555976,06:12:35.976,kucoinfutures,BTC/USDT:USDT,118849.8,7558.0,118849.7,295.0,118849.9,102.0,118850.0,866.0
1753769555977,06:12:35.977,kucoinfutures,BTC/USDT:USDT,118849.8,7558.0,118849.7,295.0,118849.9,102.0,118850.0,866.0
1753769555981,06:12:35.981,kucoinfutures,BTC/USDT:USDT,118849.8,7558.0,118849.7,295.0,118849.9,102.0,118850.0,866.0
1753769556008,06:12:36.008,kucoinfutures,BTC/USDT:USDT,118849.8,7558.0,118849.7,295.0,118849.9,102.0,118850.0,866.0
1753769556025,06:12:36.025,kucoinfutures,BTC/USDT:USDT,118849.8,7558.0,118849.7,295.0,118849.9,102.0,118850.0,866.0
1753769556029,06:12:36.029,kucoinfutures,BTC/USDT:USDT,118849.8,7558.0,118849.7,295.0,118849.9,102.0,118850.0,866.0
1753769556045,06:12:36.045,kucoinfutures,BTC/USDT:USDT,118849.8,7558.0,118849.7,295.0,118849.9,102.0,118850.0,866.0
1753769556067,06:12:36.067,kucoinfutures,BTC/USDT:USDT,118849.8,7558.0,118849.7,295.0,118849.9,102.0,118850.0,866.0
1753769556068,06:12:36.068,kucoinfutures,BTC/USDT:USDT,118849.8,7558.0,118849.7,295.0,118849.9,102.0,118850.0,866.0
1753769556203,06:12:36.203,kucoinfutures,BTC/USDT:USDT,118849.8,7558.0,118849.7,295.0,118849.9,102.0,118850.0,866.0
1753769556204,06:12:36.204,kucoinfutures,BTC/USDT:USDT,118849.8,7558.0,118849.7,295.0,118849.9,102.0,118850.0,866.0
1753769556204,06:12:36.204,kucoinfutures,BTC/USDT:USDT,118849.8,7558.0,118849.7,295.0,118849.9,102.0,118850.0,866.0
1753769556206,06:12:36.206,kucoinfutures,BTC/USDT:USDT,118849.8,7558.0,118849.7,295.0,118849.9,102.0,118850.0,866.0
1753769556209,06:12:36.209,kucoinfutures,BTC/USDT:USDT,118849.8,7573.0,118849.7,295.0,118849.9,102.0,118850.0,866.0
1753769556213,06:12:36.213,kucoinfutures,BTC/USDT:USDT,118849.8,7553.0,118849.7,295.0,118849.9,102.0,118850.0,866.0
1753769556230,06:12:36.230,kucoinfutures,BTC/USDT:USDT,118849.8,7553.0,118849.7,295.0,118849.9,102.0,118850.0,866.0
1753769556237,06:12:36.237,kucoinfutures,BTC/USDT:USDT,118849.8,7553.0,118849.7,295.0,118849.9,102.0,118850.0,866.0
1753769556237,06:12:36.237,kucoinfutures,BTC/USDT:USDT,118849.8,7553.0,118849.7,295.0,118849.9,102.0,118850.0,866.0
1753769556273,06:12:36.273,kucoinfutures,BTC/USDT:USDT,118849.8,7553.0,118849.7,295.0,118849.9,102.0,118850.0,866.0
1753769557899,06:12:37.899,kucoinfutures,BTC/USDT:USDT,118849.8,6634.0,118849.7,295.0,118849.9,102.0,118850.0,866.0
1753769557904,06:12:37.904,kucoinfutures,BTC/USDT:USDT,118849.8,6634.0,118849.7,295.0,118849.9,102.0,118850.0,866.0
1753769557909,06:12:37.909,kucoinfutures,BTC/USDT:USDT,118849.8,6634.0,118849.7,295.0,118849.9,102.0,118850.0,866.0
1753769557912,06:12:37.912,kucoinfutures,BTC/USDT:USDT,118849.8,6634.0,118849.7,295.0,118849.9,102.0,118850.0,866.0
1753769557913,06:12:37.913,kucoinfutures,BTC/USDT:USDT,118849.8,6634.0,118849.7,295.0,118849.9,57.0,118850.0,866.0
1753769557918,06:12:37.918,kucoinfutures,BTC/USDT:USDT,118849.8,6635.0,118849.7,295.0,118849.9,57.0,118850.0,866.0
1753769557919,06:12:37.919,kucoinfutures,BTC/USDT:USDT,118849.8,6635.0,118849.7,295.0,118849.9,57.0,118850.0,866.0
1753769557929,06:12:37.929,kucoinfutures,BTC/USDT:USDT,118849.8,6635.0,118849.7,295.0,118849.9,57.0,118850.0,866.0
1753769557929,06:12:37.929,kucoinfutures,BTC/USDT:USDT,118849.8,6635.0,118849.7,295.0,118849.9,57.0,118850.0,866.0
1753769557940,06:12:37.940,kucoinfutures,BTC/USDT:USDT,118849.8,6635.0,118849.7,295.0,118849.9,57.0,118850.0,866.0
1753769558006,06:12:38.006,kucoinfutures,BTC/USDT:USDT,118849.8,6635.0,118849.7,295.0,118849.9,57.0,118850.0,866.0
1753769558009,06:12:38.009,kucoinfutures,BTC/USDT:USDT,118849.8,6635.0,118849.7,295.0,118849.9,57.0,118850.0,866.0
1753769558016,06:12:38.016,kucoinfutures,BTC/USDT:USDT,118849.8,6635.0,118849.7,295.0,118849.9,57.0,118850.0,866.0
1753769558032,06:12:38.032,kucoinfutures,BTC/USDT:USDT,118849.8,6635.0,118849.7,295.0,118849.9,57.0,118850.0,866.0
1753769558048,06:12:38.048,kucoinfutures,BTC/USDT:USDT,118849.8,6635.0,118849.7,295.0,118849.9,57.0,118850.0,866.0
1753769558051,06:12:38.051,kucoinfutures,BTC/USDT:USDT,118849.8,6635.0,118849.7,295.0,118849.9,57.0,118850.0,866.0
1753769558104,06:12:38.104,kucoinfutures,BTC/USDT:USDT,118849.8,6635.0,118849.7,295.0,118849.9,57.0,118850.0,866.0
1753769558105,06:12:38.105,kucoinfutures,BTC/USDT:USDT,118849.8,7203.0,118849.7,295.0,118849.9,57.0,118850.0,866.0
1753769558106,06:12:38.106,kucoinfutures,BTC/USDT:USDT,118849.8,7203.0,118849.7,295.0,118849.9,57.0,118850.0,866.0
1753769558131,06:12:38.131,kucoinfutures,BTC/USDT:USDT,118849.8,7203.0,118849.7,295.0,118849.9,57.0,118850.0,866.0
1753769558135,06:12:38.135,kucoinfutures,BTC/USDT:USDT,118849.8,7203.0,118849.7,295.0,118849.9,57.0,118850.0,866.0
1753769558135,06:12:38.135,kucoinfutures,BTC/USDT:USDT,118849.8,7203.0,118849.7,295.0,118849.9,57.0,118850.0,866.0
1753769558208,06:12:38.208,kucoinfutures,BTC/USDT:USDT,118849.8,7215.0,118849.7,295.0,118849.9,57.0,118850.0,866.0
1753769558212,06:12:38.212,kucoinfutures,BTC/USDT:USDT,118849.8,7215.0,118849.7,295.0,118849.9,57.0,118850.0,866.0
1753769558214,06:12:38.214,kucoinfutures,BTC/USDT:USDT,118849.8,7215.0,118849.7,295.0,118849.9,57.0,118850.0,866.0
1753769558307,06:12:38.307,kucoinfutures,BTC/USDT:USDT,118849.8,7215.0,118849.7,295.0,118849.9,57.0,118850.0,866.0
1753769558312,06:12:38.312,kucoinfutures,BTC/USDT:USDT,118849.8,7215.0,118849.7,295.0,118849.9,57.0,118850.0,866.0
1753769558359,06:12:38.359,kucoinfutures,BTC/USDT:USDT,118849.8,7215.0,118849.7,295.0,118849.9,57.0,118850.0,866.0
1753769558456,06:12:38.456,kucoinfutures,BTC/USDT:USDT,118849.8,7215.0,118849.7,295.0,118849.9,57.0,118850.0,866.0
1753769558602,06:12:38.602,kucoinfutures,BTC/USDT:USDT,118849.8,7215.0,118849.7,295.0,118849.9,57.0,118850.0,866.0
1753769558602,06:12:38.602,kucoinfutures,BTC/USDT:USDT,118849.8,7215.0,118849.7,295.0,118849.9,57.0,118850.0,866.0
1753769558608,06:12:38.608,kucoinfutures,BTC/USDT:USDT,118849.8,7215.0,118849.7,295.0,118849.9,57.0,118850.0,866.0
1753769558637,06:12:38.637,kucoinfutures,BTC/USDT:USDT,118849.8,7215.0,118849.7,295.0,118849.9,57.0,118850.0,866.0
1753769558712,06:12:38.712,kucoinfutures,BTC/USDT:USDT,118849.8,7215.0,118849.7,295.0,118849.9,57.0,118850.0,866.0
1753769558717,06:12:38.717,kucoinfutures,BTC/USDT:USDT,118849.8,7215.0,118849.7,295.0,118849.9,57.0,118850.0,866.0
1753769558807,06:12:38.807,kucoinfutures,BTC/USDT:USDT,118849.8,7215.0,118849.7,295.0,118849.9,57.0,118850.0,866.0
1753769558809,06:12:38.809,kucoinfutures,BTC/USDT:USDT,118849.8,7215.0,118849.7,295.0,118849.9,57.0,118850.0,866.0
1753769558812,06:12:38.812,kucoinfutures,BTC/USDT:USDT,118849.8,7215.0,118849.7,295.0,118849.9,57.0,118850.0,866.0
1753769558813,06:12:38.813,kucoinfutures,BTC/USDT:USDT,118849.8,7215.0,118849.7,295.0,118849.9,57.0,118850.0,866.0
1753769558892,06:12:38.892,kucoinfutures,BTC/USDT:USDT,118849.8,7215.0,118849.7,295.0,118849.9,57.0,118850.0,866.0
1753769558900,06:12:38.900,kucoinfutures,BTC/USDT:USDT,118849.8,7215.0,118849.7,295.0,118849.9,57.0,118850.0,866.0
1753769558901,06:12:38.901,kucoinfutures,BTC/USDT:USDT,118849.8,7215.0,118849.7,295.0,118849.9,57.0,118850.0,866.0
1753769558909,06:12:38.909,kucoinfutures,BTC/USDT:USDT,118849.8,7215.0,118849.7,295.0,118849.9,57.0,118850.0,866.0
1753769558916,06:12:38.916,kucoinfutures,BTC/USDT:USDT,118849.8,7215.0,118849.7,295.0,118849.9,57.0,118850.0,866.0
1753769558919,06:12:38.919,kucoinfutures,BTC/USDT:USDT,118849.8,7215.0,118849.7,295.0,118849.9,57.0,118850.0,866.0
1753769558922,06:12:38.922,kucoinfutures,BTC/USDT:USDT,118849.8,7215.0,118849.7,295.0,118849.9,57.0,118850.0,866.0
1753769558988,06:12:38.988,kucoinfutures,BTC/USDT:USDT,118849.8,7215.0,118849.7,295.0,118849.9,57.0,118850.0,866.0
1753769559011,06:12:39.011,kucoinfutures,BTC/USDT:USDT,118849.8,7215.0,118849.7,295.0,118849.9,57.0,118850.0,866.0
1753769559038,06:12:39.038,kucoinfutures,BTC/USDT:USDT,118849.8,7593.0,118849.7,295.0,118849.9,57.0,118850.0,866.0
1753769559066,06:12:39.066,kucoinfutures,BTC/USDT:USDT,118849.8,7593.0,118849.7,295.0,118849.9,57.0,118850.0,866.0
1753769559095,06:12:39.095,kucoinfutures,BTC/USDT:USDT,118849.8,7593.0,118849.7,295.0,118849.9,57.0,118850.0,866.0
1753769559104,06:12:39.104,kucoinfutures,BTC/USDT:USDT,118849.8,7593.0,118849.7,295.0,118849.9,57.0,118850.0,866.0
1753769559106,06:12:39.106,kucoinfutures,BTC/USDT:USDT,118849.8,7593.0,118849.7,295.0,118849.9,57.0,118850.0,866.0
1753769559116,06:12:39.116,kucoinfutures,BTC/USDT:USDT,118849.8,7593.0,118849.7,295.0,118849.9,57.0,118850.0,866.0
1753769559118,06:12:39.118,kucoinfutures,BTC/USDT:USDT,118849.8,7593.0,118849.7,295.0,118849.9,57.0,118850.0,866.0
1753769559121,06:12:39.121,kucoinfutures,BTC/USDT:USDT,118849.8,7593.0,118849.7,295.0,118849.9,57.0,118850.0,866.0
1753769559124,06:12:39.124,kucoinfutures,BTC/USDT:USDT,118849.8,7593.0,118849.7,295.0,118849.9,57.0,118850.0,866.0
1753769559135,06:12:39.135,kucoinfutures,BTC/USDT:USDT,118849.8,7593.0,118849.7,295.0,118849.9,57.0,118850.0,866.0
1753769559148,06:12:39.148,kucoinfutures,BTC/USDT:USDT,118849.8,7593.0,118849.7,295.0,118849.9,57.0,118850.0,866.0
1753769559176,06:12:39.176,kucoinfutures,BTC/USDT:USDT,118849.8,7593.0,118849.7,295.0,118849.9,57.0,118850.0,866.0
1753769559185,06:12:39.185,kucoinfutures,BTC/USDT:USDT,118849.8,7593.0,118849.7,295.0,118849.9,57.0,118850.0,866.0
1753769559191,06:12:39.191,kucoinfutures,BTC/USDT:USDT,118849.8,7593.0,118849.7,295.0,118849.9,57.0,118850.0,866.0
1753769559195,06:12:39.195,kucoinfutures,BTC/USDT:USDT,118849.8,7593.0,118849.7,295.0,118849.9,57.0,118850.0,866.0
1753769559198,06:12:39.198,kucoinfutures,BTC/USDT:USDT,118849.8,7593.0,118849.7,295.0,118849.9,57.0,118850.0,866.0
1753769559204,06:12:39.204,kucoinfutures,BTC/USDT:USDT,118849.8,7593.0,118849.7,295.0,118849.9,57.0,118850.0,866.0
1753769559210,06:12:39.210,kucoinfutures,BTC/USDT:USDT,118849.8,7604.0,118849.7,295.0,118849.9,57.0,118850.0,866.0
1753769559235,06:12:39.235,kucoinfutures,BTC/USDT:USDT,118849.8,7604.0,118849.7,295.0,118849.9,57.0,118850.0,866.0
1753769559245,06:12:39.245,kucoinfutures,BTC/USDT:USDT,118849.8,7604.0,118849.7,295.0,118849.9,57.0,118850.0,866.0
1753769559271,06:12:39.271,kucoinfutures,BTC/USDT:USDT,118849.8,7604.0,118849.7,295.0,118849.9,57.0,118850.0,866.0
1753769559282,06:12:39.282,kucoinfutures,BTC/USDT:USDT,118849.8,7604.0,118849.7,295.0,118849.9,57.0,118850.0,866.0
1753769559286,06:12:39.286,kucoinfutures,BTC/USDT:USDT,118849.8,7604.0,118849.7,295.0,118849.9,57.0,118850.0,866.0
1753769559304,06:12:39.304,kucoinfutures,BTC/USDT:USDT,118849.8,7604.0,118849.7,295.0,118849.9,296.0,118850.0,866.0
1753769559367,06:12:39.367,kucoinfutures,BTC/USDT:USDT,118849.8,7604.0,118849.7,295.0,118849.9,326.0,118850.0,866.0
1753769559380,06:12:39.380,kucoinfutures,BTC/USDT:USDT,118849.8,7604.0,118849.7,295.0,118849.9,326.0,118850.0,866.0
1753769559410,06:12:39.410,kucoinfutures,BTC/USDT:USDT,118849.8,7604.0,118849.7,295.0,118849.9,326.0,118850.0,866.0
1753769559414,06:12:39.414,kucoinfutures,BTC/USDT:USDT,118849.8,7604.0,118849.7,295.0,118849.9,326.0,118850.0,866.0
1753769559418,06:12:39.418,kucoinfutures,BTC/USDT:USDT,118849.8,7604.0,118849.7,295.0,118849.9,296.0,118850.0,866.0
1753769559419,06:12:39.419,kucoinfutures,BTC/USDT:USDT,118849.8,7604.0,118849.7,295.0,118849.9,296.0,118850.0,866.0
1753769559441,06:12:39.441,kucoinfutures,BTC/USDT:USDT,118849.8,7604.0,118849.7,295.0,118849.9,296.0,118850.0,866.0
1753769559444,06:12:39.444,kucoinfutures,BTC/USDT:USDT,118849.8,7604.0,118849.7,295.0,118849.9,296.0,118850.0,866.0
1753769559496,06:12:39.496,kucoinfutures,BTC/USDT:USDT,118849.8,7604.0,118849.7,295.0,118849.9,57.0,118850.0,866.0
1753769559509,06:12:39.509,kucoinfutures,BTC/USDT:USDT,118849.8,7604.0,118849.7,295.0,118849.9,57.0,118850.0,866.0
1753769559512,06:12:39.512,kucoinfutures,BTC/USDT:USDT,118849.8,7604.0,118849.7,295.0,118849.9,57.0,118850.0,866.0
1753769559537,06:12:39.537,kucoinfutures,BTC/USDT:USDT,118849.8,7604.0,118849.7,295.0,118849.9,57.0,118850.0,866.0
1753769559686,06:12:39.686,kucoinfutures,BTC/USDT:USDT,118849.8,7604.0,118849.7,295.0,118849.9,57.0,118850.0,866.0
1753769559686,06:12:39.686,kucoinfutures,BTC/USDT:USDT,118849.8,7604.0,118849.7,295.0,118849.9,57.0,118850.0,866.0
1753769559688,06:12:39.688,kucoinfutures,BTC/USDT:USDT,118849.8,7604.0,118849.7,295.0,118849.9,57.0,118850.0,866.0
1753769559692,06:12:39.692,kucoinfutures,BTC/USDT:USDT,118849.8,7604.0,118849.7,295.0,118849.9,57.0,118850.0,866.0
1753769559696,06:12:39.696,kucoinfutures,BTC/USDT:USDT,118849.8,7604.0,118849.7,295.0,118849.9,57.0,118850.0,866.0
1753769559868,06:12:39.868,kucoinfutures,BTC/USDT:USDT,118849.8,7604.0,118849.7,295.0,118849.9,57.0,118850.0,866.0
1753769559905,06:12:39.905,kucoinfutures,BTC/USDT:USDT,118849.8,7604.0,118849.7,295.0,118849.9,57.0,118850.0,866.0
1753769559910,06:12:39.910,kucoinfutures,BTC/USDT:USDT,118849.8,7604.0,118849.7,295.0,118849.9,57.0,118850.0,866.0
1753769559913,06:12:39.913,kucoinfutures,BTC/USDT:USDT,118849.8,7596.0,118849.7,295.0,118849.9,57.0,118850.0,866.0
1753769559915,06:12:39.915,kucoinfutures,BTC/USDT:USDT,118849.8,7596.0,118849.7,295.0,118849.9,57.0,118850.0,866.0
1753769559921,06:12:39.921,kucoinfutures,BTC/USDT:USDT,118849.8,7596.0,118849.7,295.0,118849.9,57.0,118850.0,866.0
1753769559964,06:12:39.964,kucoinfutures,BTC/USDT:USDT,118849.8,7596.0,118849.7,295.0,118849.9,57.0,118850.0,866.0
1753769559967,06:12:39.967,kucoinfutures,BTC/USDT:USDT,118849.8,7596.0,118849.7,295.0,118849.9,57.0,118850.0,866.0
1753769559979,06:12:39.979,kucoinfutures,BTC/USDT:USDT,118849.8,7597.0,118849.7,295.0,118849.9,57.0,118850.0,866.0
1753769559997,06:12:39.997,kucoinfutures,BTC/USDT:USDT,118849.8,7597.0,118849.7,295.0,118849.9,57.0,118850.0,866.0
1753769559997,06:12:39.997,kucoinfutures,BTC/USDT:USDT,118849.8,7597.0,118849.7,295.0,118849.9,57.0,118850.0,866.0
1753769560009,06:12:40.009,kucoinfutures,BTC/USDT:USDT,118849.8,7597.0,118849.7,295.0,118849.9,57.0,118850.0,866.0
1753769560010,06:12:40.010,kucoinfutures,BTC/USDT:USDT,118849.8,7597.0,118849.7,295.0,118849.9,57.0,118850.0,866.0
1753769560013,06:12:40.013,kucoinfutures,BTC/USDT:USDT,118849.8,7597.0,118849.7,295.0,118849.9,57.0,118850.0,866.0
1753769560014,06:12:40.014,kucoinfutures,BTC/USDT:USDT,118849.8,7597.0,118849.7,295.0,118849.9,57.0,118850.0,866.0
1753769560015,06:12:40.015,kucoinfutures,BTC/USDT:USDT,118849.8,7597.0,118849.7,295.0,118849.9,57.0,118850.0,866.0
1753769560018,06:12:40.018,kucoinfutures,BTC/USDT:USDT,118849.8,7597.0,118849.7,295.0,118849.9,57.0,118850.0,866.0
1753769560019,06:12:40.019,kucoinfutures,BTC/USDT:USDT,118849.8,7597.0,118849.7,295.0,118849.9,57.0,118850.0,866.0
1753769560021,06:12:40.021,kucoinfutures,BTC/USDT:USDT,118849.8,7597.0,118849.7,295.0,118849.9,57.0,118850.0,866.0
1753769560025,06:12:40.025,kucoinfutures,BTC/USDT:USDT,118849.8,7597.0,118849.7,295.0,118849.9,57.0,118850.0,866.0
1753769560026,06:12:40.026,kucoinfutures,BTC/USDT:USDT,118849.8,7597.0,118849.7,295.0,118849.9,57.0,118850.0,866.0
1753769560042,06:12:40.042,kucoinfutures,BTC/USDT:USDT,118849.8,7597.0,118849.7,295.0,118849.9,57.0,118850.0,866.0
1753769560061,06:12:40.061,kucoinfutures,BTC/USDT:USDT,118849.8,7597.0,118849.7,295.0,118849.9,57.0,118850.0,866.0
1753769560064,06:12:40.064,kucoinfutures,BTC/USDT:USDT,118849.8,7597.0,118849.7,295.0,118849.9,57.0,118850.0,866.0
1753769560103,06:12:40.103,kucoinfutures,BTC/USDT:USDT,118849.8,7597.0,118849.7,295.0,118849.9,57.0,118850.0,866.0
1753769560106,06:12:40.106,kucoinfutures,BTC/USDT:USDT,118849.8,7597.0,118849.7,295.0,118849.9,57.0,118850.0,866.0
1753769560165,06:12:40.165,kucoinfutures,BTC/USDT:USDT,118849.8,7597.0,118849.7,295.0,118849.9,57.0,118850.0,866.0
1753769560167,06:12:40.167,kucoinfutures,BTC/USDT:USDT,118849.8,7597.0,118849.7,295.0,118849.9,57.0,118850.0,866.0
1753769560167,06:12:40.167,kucoinfutures,BTC/USDT:USDT,118849.8,7597.0,118849.7,295.0,118849.9,57.0,118850.0,866.0
1753769560169,06:12:40.169,kucoinfutures,BTC/USDT:USDT,118849.8,7597.0,118849.7,295.0,118849.9,57.0,118850.0,866.0
1753769560172,06:12:40.172,kucoinfutures,BTC/USDT:USDT,118849.8,7597.0,118849.7,295.0,118849.9,57.0,118850.0,866.0
1753769560199,06:12:40.199,kucoinfutures,BTC/USDT:USDT,118849.8,7597.0,118849.7,295.0,118849.9,57.0,118850.0,866.0
1753769560240,06:12:40.240,kucoinfutures,BTC/USDT:USDT,118849.8,7577.0,118849.7,295.0,118849.9,57.0,118850.0,866.0
1753769560255,06:12:40.255,kucoinfutures,BTC/USDT:USDT,118849.8,7577.0,118849.7,295.0,118849.9,57.0,118850.0,866.0
1753769560314,06:12:40.314,kucoinfutures,BTC/USDT:USDT,118849.8,7577.0,118849.7,295.0,118849.9,57.0,118850.0,866.0
1753769560506,06:12:40.506,kucoinfutures,BTC/USDT:USDT,118849.8,7577.0,118849.7,295.0,118849.9,57.0,118850.0,866.0
1753769560523,06:12:40.523,kucoinfutures,BTC/USDT:USDT,118849.8,7577.0,118849.7,295.0,118849.9,57.0,118850.0,866.0
1753769560527,06:12:40.527,kucoinfutures,BTC/USDT:USDT,118849.8,7577.0,118849.7,295.0,118849.9,57.0,118850.0,866.0
1753769560528,06:12:40.528,kucoinfutures,BTC/USDT:USDT,118849.8,7577.0,118849.7,295.0,118849.9,57.0,118850.0,866.0
1753769560537,06:12:40.537,kucoinfutures,BTC/USDT:USDT,118849.8,7577.0,118849.7,295.0,118849.9,57.0,118850.0,866.0
1753769560537,06:12:40.537,kucoinfutures,BTC/USDT:USDT,118849.8,7577.0,118849.7,295.0,118849.9,57.0,118850.0,866.0
1753769560540,06:12:40.540,kucoinfutures,BTC/USDT:USDT,118849.8,7577.0,118849.7,295.0,118849.9,57.0,118850.0,866.0
1753769560540,06:12:40.540,kucoinfutures,BTC/USDT:USDT,118849.8,7577.0,118849.7,295.0,118849.9,57.0,118850.0,866.0
1753769560544,06:12:40.544,kucoinfutures,BTC/USDT:USDT,118849.8,7577.0,118849.7,295.0,118849.9,57.0,118850.0,866.0
1753769560547,06:12:40.547,kucoinfutures,BTC/USDT:USDT,118849.8,7577.0,118849.7,295.0,118849.9,57.0,118850.0,866.0
1753769560548,06:12:40.548,kucoinfutures,BTC/USDT:USDT,118849.8,7577.0,118849.7,295.0,118849.9,57.0,118850.0,866.0
1753769560549,06:12:40.549,kucoinfutures,BTC/USDT:USDT,118849.8,7577.0,118849.7,295.0,118849.9,57.0,118850.0,866.0
1753769560550,06:12:40.550,kucoinfutures,BTC/USDT:USDT,118849.8,7577.0,118849.7,295.0,118849.9,57.0,118850.0,866.0
1753769560552,06:12:40.552,kucoinfutures,BTC/USDT:USDT,118849.8,7577.0,118849.7,295.0,118849.9,57.0,118850.0,866.0
1753769560557,06:12:40.557,kucoinfutures,BTC/USDT:USDT,118849.8,7577.0,118849.7,295.0,118849.9,57.0,118850.0,866.0
1753769560561,06:12:40.561,kucoinfutures,BTC/USDT:USDT,118849.8,7577.0,118849.7,295.0,118849.9,57.0,118850.0,866.0
1753769560562,06:12:40.562,kucoinfutures,BTC/USDT:USDT,118849.8,7577.0,118849.7,295.0,118849.9,57.0,118850.0,866.0
1753769560564,06:12:40.564,kucoinfutures,BTC/USDT:USDT,118849.8,7577.0,118849.7,295.0,118849.9,57.0,118850.0,866.0
1753769560588,06:12:40.588,kucoinfutures,BTC/USDT:USDT,118849.8,7577.0,118849.7,295.0,118849.9,57.0,118850.0,866.0
1753769560606,06:12:40.606,kucoinfutures,BTC/USDT:USDT,118849.8,7577.0,118849.7,295.0,118849.9,57.0,118850.0,866.0
1753769560606,06:12:40.606,kucoinfutures,BTC/USDT:USDT,118849.8,7577.0,118849.7,295.0,118849.9,57.0,118850.0,866.0
1753769560608,06:12:40.608,kucoinfutures,BTC/USDT:USDT,118849.8,7577.0,118849.7,295.0,118849.9,57.0,118850.0,866.0
1753769560611,06:12:40.611,kucoinfutures,BTC/USDT:USDT,118849.8,7577.0,118849.7,295.0,118849.9,57.0,118850.0,866.0
1753769560611,06:12:40.611,kucoinfutures,BTC/USDT:USDT,118849.8,7577.0,118849.7,295.0,118849.9,57.0,118850.0,866.0
1753769560657,06:12:40.657,kucoinfutures,BTC/USDT:USDT,118849.8,7577.0,118849.7,295.0,118849.9,57.0,118850.0,866.0
1753769560661,06:12:40.661,kucoinfutures,BTC/USDT:USDT,118849.8,7577.0,118849.7,295.0,118849.9,57.0,118850.0,866.0
1753769560664,06:12:40.664,kucoinfutures,BTC/USDT:USDT,118849.8,7577.0,118849.7,295.0,118849.9,57.0,118850.0,866.0
1753769560719,06:12:40.719,kucoinfutures,BTC/USDT:USDT,118849.8,7577.0,118849.7,295.0,118849.9,57.0,118850.0,866.0
1753769560759,06:12:40.759,kucoinfutures,BTC/USDT:USDT,118849.8,7577.0,118849.7,295.0,118849.9,57.0,118850.0,866.0
1753769560759,06:12:40.759,kucoinfutures,BTC/USDT:USDT,118849.8,7577.0,118849.7,295.0,118849.9,57.0,118850.0,866.0
1753769560759,06:12:40.759,kucoinfutures,BTC/USDT:USDT,118849.8,7577.0,118849.7,295.0,118849.9,57.0,118850.0,866.0
1753769560788,06:12:40.788,kucoinfutures,BTC/USDT:USDT,118849.8,7577.0,118849.7,295.0,118849.9,57.0,118850.0,866.0
1753769560825,06:12:40.825,kucoinfutures,BTC/USDT:USDT,118849.8,7577.0,118849.7,295.0,118849.9,57.0,118850.0,866.0
1753769560880,06:12:40.880,kucoinfutures,BTC/USDT:USDT,118849.8,7577.0,118849.7,295.0,118849.9,57.0,118850.0,866.0
1753769560885,06:12:40.885,kucoinfutures,BTC/USDT:USDT,118849.8,7577.0,118849.7,295.0,118849.9,57.0,118850.0,866.0
1753769560903,06:12:40.903,kucoinfutures,BTC/USDT:USDT,118849.8,7577.0,118849.7,295.0,118849.9,57.0,118850.0,866.0
1753769560909,06:12:40.909,kucoinfutures,BTC/USDT:USDT,118849.8,7577.0,118849.7,295.0,118849.9,57.0,118850.0,866.0
1753769560919,06:12:40.919,kucoinfutures,BTC/USDT:USDT,118849.8,7577.0,118849.7,295.0,118849.9,57.0,118850.0,866.0
1753769560924,06:12:40.924,kucoinfutures,BTC/USDT:USDT,118849.8,7577.0,118849.7,295.0,118849.9,57.0,118850.0,866.0
1753769561006,06:12:41.006,kucoinfutures,BTC/USDT:USDT,118849.8,7577.0,118849.7,295.0,118849.9,57.0,118850.0,866.0
1753769561010,06:12:41.010,kucoinfutures,BTC/USDT:USDT,118849.8,7577.0,118849.7,295.0,118849.9,57.0,118850.0,866.0
1753769561011,06:12:41.011,kucoinfutures,BTC/USDT:USDT,118849.8,7577.0,118849.7,295.0,118849.9,57.0,118850.0,866.0
1753769561014,06:12:41.014,kucoinfutures,BTC/USDT:USDT,118849.8,7577.0,118849.7,295.0,118849.9,57.0,118850.0,866.0
1753769561015,06:12:41.015,kucoinfutures,BTC/USDT:USDT,118849.8,7577.0,118849.7,295.0,118849.9,57.0,118850.0,866.0
1753769561015,06:12:41.015,kucoinfutures,BTC/USDT:USDT,118849.8,7577.0,118849.7,295.0,118849.9,57.0,118850.0,866.0
1753769561021,06:12:41.021,kucoinfutures,BTC/USDT:USDT,118849.8,7577.0,118849.7,295.0,118849.9,57.0,118850.0,866.0
1753769561028,06:12:41.028,kucoinfutures,BTC/USDT:USDT,118849.8,7577.0,118849.7,295.0,118849.9,57.0,118850.0,866.0
1753769561046,06:12:41.046,kucoinfutures,BTC/USDT:USDT,118849.8,7577.0,118849.7,295.0,118849.9,57.0,118850.0,866.0
1753769561049,06:12:41.049,kucoinfutures,BTC/USDT:USDT,118849.8,7577.0,118849.7,295.0,118849.9,57.0,118850.0,866.0
1753769561052,06:12:41.052,kucoinfutures,BTC/USDT:USDT,118849.8,7577.0,118849.7,295.0,118849.9,57.0,118850.0,866.0
1753769561078,06:12:41.078,kucoinfutures,BTC/USDT:USDT,118849.8,7577.0,118849.7,295.0,118849.9,57.0,118850.0,866.0
1753769561095,06:12:41.095,kucoinfutures,BTC/USDT:USDT,118849.8,7577.0,118849.7,295.0,118849.9,57.0,118850.0,866.0
1753769561095,06:12:41.095,kucoinfutures,BTC/USDT:USDT,118849.8,7577.0,118849.7,295.0,118849.9,57.0,118850.0,866.0
1753769561098,06:12:41.098,kucoinfutures,BTC/USDT:USDT,118849.8,7577.0,118849.7,295.0,118849.9,57.0,118850.0,866.0
1753769561099,06:12:41.099,kucoinfutures,BTC/USDT:USDT,118849.8,7577.0,118849.7,295.0,118849.9,57.0,118850.0,866.0
1753769561102,06:12:41.102,kucoinfutures,BTC/USDT:USDT,118849.8,7577.0,118849.7,295.0,118849.9,57.0,118850.0,866.0
1753769561144,06:12:41.144,kucoinfutures,BTC/USDT:USDT,118849.8,7577.0,118849.7,295.0,118849.9,57.0,118850.0,866.0
1753769561225,06:12:41.225,kucoinfutures,BTC/USDT:USDT,118849.8,7577.0,118849.7,295.0,118849.9,57.0,118850.0,866.0
1753769561228,06:12:41.228,kucoinfutures,BTC/USDT:USDT,118849.8,7577.0,118849.7,295.0,118849.9,57.0,118850.0,866.0
1753769561319,06:12:41.319,kucoinfutures,BTC/USDT:USDT,118849.8,7577.0,118849.7,295.0,118849.9,57.0,118850.0,866.0
1753769561406,06:12:41.406,kucoinfutures,BTC/USDT:USDT,118849.8,7577.0,118849.7,295.0,118849.9,57.0,118850.0,866.0
1753769561406,06:12:41.406,kucoinfutures,BTC/USDT:USDT,118849.8,7577.0,118849.7,295.0,118849.9,57.0,118850.0,866.0
1753769561406,06:12:41.406,kucoinfutures,BTC/USDT:USDT,118849.8,7577.0,118849.7,295.0,118849.9,57.0,118850.0,866.0
1753769561407,06:12:41.407,kucoinfutures,BTC/USDT:USDT,118849.8,7577.0,118849.7,295.0,118849.9,57.0,118850.0,866.0
1753769561409,06:12:41.409,kucoinfutures,BTC/USDT:USDT,118849.8,7577.0,118849.7,295.0,118849.9,57.0,118850.0,866.0
1753769561412,06:12:41.412,kucoinfutures,BTC/USDT:USDT,118849.8,7577.0,118849.7,295.0,118849.9,57.0,118850.0,866.0
1753769561416,06:12:41.416,kucoinfutures,BTC/USDT:USDT,118849.8,7577.0,118849.7,295.0,118849.9,57.0,118850.0,866.0
1753769561418,06:12:41.418,kucoinfutures,BTC/USDT:USDT,118849.8,7577.0,118849.7,295.0,118849.9,57.0,118850.0,866.0
1753769561418,06:12:41.418,kucoinfutures,BTC/USDT:USDT,118849.8,7577.0,118849.7,295.0,118849.9,57.0,118850.0,866.0
1753769561419,06:12:41.419,kucoinfutures,BTC/USDT:USDT,118849.8,7577.0,118849.7,295.0,118849.9,57.0,118850.0,866.0
1753769561467,06:12:41.467,kucoinfutures,BTC/USDT:USDT,118849.8,7577.0,118849.7,295.0,118849.9,57.0,118850.0,866.0
1753769561471,06:12:41.471,kucoinfutures,BTC/USDT:USDT,118849.8,7577.0,118849.7,295.0,118849.9,57.0,118850.0,866.0
1753769561471,06:12:41.471,kucoinfutures,BTC/USDT:USDT,118849.8,7577.0,118849.7,295.0,118849.9,57.0,118850.0,866.0
1753769561472,06:12:41.472,kucoinfutures,BTC/USDT:USDT,118849.8,7577.0,118849.7,295.0,118849.9,57.0,118850.0,866.0
1753769561475,06:12:41.475,kucoinfutures,BTC/USDT:USDT,118849.8,7577.0,118849.7,295.0,118849.9,57.0,118850.0,866.0
1753769561476,06:12:41.476,kucoinfutures,BTC/USDT:USDT,118849.8,7577.0,118849.7,295.0,118849.9,57.0,118850.0,866.0
1753769561477,06:12:41.477,kucoinfutures,BTC/USDT:USDT,118849.8,7577.0,118849.7,295.0,118849.9,57.0,118850.0,866.0
1753769561479,06:12:41.479,kucoinfutures,BTC/USDT:USDT,118849.8,7577.0,118849.7,295.0,118849.9,57.0,118850.0,866.0
1753769561482,06:12:41.482,kucoinfutures,BTC/USDT:USDT,118849.8,7577.0,118849.7,295.0,118849.9,57.0,118850.0,866.0
1753769561484,06:12:41.484,kucoinfutures,BTC/USDT:USDT,118849.8,7577.0,118849.7,295.0,118849.9,57.0,118850.0,866.0
1753769561487,06:12:41.487,kucoinfutures,BTC/USDT:USDT,118849.8,7577.0,118849.7,295.0,118849.9,57.0,118850.0,866.0
1753769561489,06:12:41.489,kucoinfutures,BTC/USDT:USDT,118849.8,7577.0,118849.7,295.0,118849.9,57.0,118850.0,866.0
1753769561492,06:12:41.492,kucoinfutures,BTC/USDT:USDT,118849.8,7577.0,118849.7,295.0,118849.9,57.0,118850.0,866.0
1753769561494,06:12:41.494,kucoinfutures,BTC/USDT:USDT,118849.8,7577.0,118849.7,295.0,118849.9,57.0,118850.0,866.0
1753769561497,06:12:41.497,kucoinfutures,BTC/USDT:USDT,118849.8,7577.0,118849.7,295.0,118849.9,57.0,118850.0,866.0
1753769561498,06:12:41.498,kucoinfutures,BTC/USDT:USDT,118849.8,7577.0,118849.7,295.0,118849.9,57.0,118850.0,866.0
1753769561501,06:12:41.501,kucoinfutures,BTC/USDT:USDT,118849.8,7577.0,118849.7,295.0,118849.9,57.0,118850.0,866.0
1753769561502,06:12:41.502,kucoinfutures,BTC/USDT:USDT,118849.8,7577.0,118849.7,295.0,118849.9,57.0,118850.0,866.0
1753769561504,06:12:41.504,kucoinfutures,BTC/USDT:USDT,118849.8,7577.0,118849.7,295.0,118849.9,57.0,118850.0,866.0
1753769561507,06:12:41.507,kucoinfutures,BTC/USDT:USDT,118849.8,7577.0,118849.7,295.0,118849.9,57.0,118850.0,866.0
1753769561615,06:12:41.615,kucoinfutures,BTC/USDT:USDT,118849.8,7577.0,118849.7,295.0,118849.9,57.0,118850.0,866.0
1753769561619,06:12:41.619,kucoinfutures,BTC/USDT:USDT,118849.8,7577.0,118849.7,295.0,118849.9,57.0,118850.0,866.0
1753769561627,06:12:41.627,kucoinfutures,BTC/USDT:USDT,118849.8,7577.0,118849.7,295.0,118849.9,57.0,118850.0,866.0
1753769561770,06:12:41.770,kucoinfutures,BTC/USDT:USDT,118849.8,7577.0,118849.7,295.0,118849.9,57.0,118850.0,866.0
1753769561832,06:12:41.832,kucoinfutures,BTC/USDT:USDT,118849.8,7581.0,118849.7,295.0,118849.9,57.0,118850.0,866.0
1753769561835,06:12:41.835,kucoinfutures,BTC/USDT:USDT,118849.8,7581.0,118849.7,295.0,118849.9,57.0,118850.0,866.0
1753769561841,06:12:41.841,kucoinfutures,BTC/USDT:USDT,118849.8,7581.0,118849.7,295.0,118849.9,57.0,118850.0,866.0
1753769561909,06:12:41.909,kucoinfutures,BTC/USDT:USDT,118849.8,7601.0,118849.7,295.0,118849.9,57.0,118850.0,866.0
1753769561913,06:12:41.913,kucoinfutures,BTC/USDT:USDT,118849.8,7601.0,118849.7,295.0,118849.9,57.0,118850.0,866.0
1753769561917,06:12:41.917,kucoinfutures,BTC/USDT:USDT,118849.8,7601.0,118849.7,295.0,118849.9,57.0,118850.0,866.0
1753769561928,06:12:41.928,kucoinfutures,BTC/USDT:USDT,118849.8,7601.0,118849.7,295.0,118849.9,57.0,118850.0,866.0
1753769561964,06:12:41.964,kucoinfutures,BTC/USDT:USDT,118849.8,7601.0,118849.7,295.0,118849.9,57.0,118850.0,866.0
1753769561971,06:12:41.971,kucoinfutures,BTC/USDT:USDT,118849.8,7601.0,118849.7,295.0,118849.9,57.0,118850.0,866.0
1753769561983,06:12:41.983,kucoinfutures,BTC/USDT:USDT,118849.8,7601.0,118849.7,295.0,118849.9,57.0,118850.0,866.0
1753769561985,06:12:41.985,kucoinfutures,BTC/USDT:USDT,118849.8,7601.0,118849.7,295.0,118849.9,57.0,118850.0,866.0
1753769562004,06:12:42.004,kucoinfutures,BTC/USDT:USDT,118849.8,7601.0,118849.7,295.0,118849.9,57.0,118850.0,866.0
1753769562008,06:12:42.008,kucoinfutures,BTC/USDT:USDT,118849.8,7601.0,118849.7,295.0,118849.9,57.0,118850.0,866.0
1753769562014,06:12:42.014,kucoinfutures,BTC/USDT:USDT,118849.8,7601.0,118849.7,295.0,118849.9,57.0,118850.0,866.0
1753769562016,06:12:42.016,kucoinfutures,BTC/USDT:USDT,118849.8,7601.0,118849.7,295.0,118849.9,57.0,118850.0,866.0
1753769562016,06:12:42.016,kucoinfutures,BTC/USDT:USDT,118849.8,7601.0,118849.7,295.0,118849.9,57.0,118850.0,866.0
1753769562050,06:12:42.050,kucoinfutures,BTC/USDT:USDT,118849.8,7601.0,118849.7,295.0,118849.9,57.0,118850.0,866.0
1753769562066,06:12:42.066,kucoinfutures,BTC/USDT:USDT,118849.8,7601.0,118849.7,295.0,118849.9,57.0,118850.0,866.0
1753769562086,06:12:42.086,kucoinfutures,BTC/USDT:USDT,118849.8,7601.0,118849.7,295.0,118849.9,57.0,118850.0,866.0
1753769562108,06:12:42.108,kucoinfutures,BTC/USDT:USDT,118849.8,7601.0,118849.7,295.0,118849.9,57.0,118850.0,866.0
1753769562121,06:12:42.121,kucoinfutures,BTC/USDT:USDT,118849.8,7601.0,118849.7,295.0,118849.9,57.0,118850.0,866.0
1753769562180,06:12:42.180,kucoinfutures,BTC/USDT:USDT,118849.8,7601.0,118849.7,295.0,118849.9,57.0,118850.0,866.0
1753769562204,06:12:42.204,kucoinfutures,BTC/USDT:USDT,118849.8,7601.0,118849.7,295.0,118849.9,57.0,118850.0,866.0
1753769562227,06:12:42.227,kucoinfutures,BTC/USDT:USDT,118849.8,7601.0,118849.7,295.0,118849.9,57.0,118850.0,866.0
1753769562227,06:12:42.227,kucoinfutures,BTC/USDT:USDT,118849.8,7601.0,118849.7,295.0,118849.9,57.0,118850.0,866.0
1753769562229,06:12:42.229,kucoinfutures,BTC/USDT:USDT,118849.8,7601.0,118849.7,295.0,118849.9,57.0,118850.0,866.0
1753769562258,06:12:42.258,kucoinfutures,BTC/USDT:USDT,118849.8,7601.0,118849.7,295.0,118849.9,57.0,118850.0,866.0
1753769562265,06:12:42.265,kucoinfutures,BTC/USDT:USDT,118849.8,7601.0,118849.7,295.0,118849.9,57.0,118850.0,866.0
1753769562279,06:12:42.279,kucoinfutures,BTC/USDT:USDT,118849.8,7601.0,118849.7,295.0,118849.9,57.0,118850.0,866.0
1753769562282,06:12:42.282,kucoinfutures,BTC/USDT:USDT,118849.8,7601.0,118849.7,295.0,118849.9,57.0,118850.0,866.0
1753769562283,06:12:42.283,kucoinfutures,BTC/USDT:USDT,118849.8,7601.0,118849.7,295.0,118849.9,57.0,118850.0,866.0
1753769562287,06:12:42.287,kucoinfutures,BTC/USDT:USDT,118849.8,7601.0,118849.7,295.0,118849.9,57.0,118850.0,866.0
1753769562296,06:12:42.296,kucoinfutures,BTC/USDT:USDT,118849.8,7601.0,118849.7,295.0,118849.9,57.0,118850.0,866.0
1753769562296,06:12:42.296,kucoinfutures,BTC/USDT:USDT,118849.8,7597.0,118849.7,295.0,118849.9,57.0,118850.0,866.0
1753769562306,06:12:42.306,kucoinfutures,BTC/USDT:USDT,118849.8,7597.0,118849.7,295.0,118849.9,57.0,118850.0,866.0
1753769562306,06:12:42.306,kucoinfutures,BTC/USDT:USDT,118849.8,7597.0,118849.7,295.0,118849.9,57.0,118850.0,866.0
1753769562308,06:12:42.308,kucoinfutures,BTC/USDT:USDT,118849.8,7597.0,118849.7,295.0,118849.9,57.0,118850.0,866.0
1753769562308,06:12:42.308,kucoinfutures,BTC/USDT:USDT,118849.8,7597.0,118849.7,295.0,118849.9,57.0,118850.0,866.0
1753769562417,06:12:42.417,kucoinfutures,BTC/USDT:USDT,118849.8,7597.0,118849.7,295.0,118849.9,57.0,118850.0,866.0
1753769562417,06:12:42.417,kucoinfutures,BTC/USDT:USDT,118849.8,7601.0,118849.7,295.0,118849.9,57.0,118850.0,866.0
1753769562541,06:12:42.541,kucoinfutures,BTC/USDT:USDT,118849.8,7601.0,118849.7,295.0,118849.9,57.0,118850.0,866.0
1753769562557,06:12:42.557,kucoinfutures,BTC/USDT:USDT,118849.8,7601.0,118849.7,295.0,118849.9,57.0,118850.0,866.0
1753769562650,06:12:42.650,kucoinfutures,BTC/USDT:USDT,118849.8,7601.0,118849.7,295.0,118849.9,57.0,118850.0,866.0
1753769562650,06:12:42.650,kucoinfutures,BTC/USDT:USDT,118849.8,7601.0,118849.7,295.0,118849.9,57.0,118850.0,866.0
1753769562787,06:12:42.787,kucoinfutures,BTC/USDT:USDT,118849.8,7601.0,118849.7,295.0,118849.9,57.0,118850.0,866.0
1753769562794,06:12:42.794,kucoinfutures,BTC/USDT:USDT,118849.8,7601.0,118849.7,295.0,118849.9,57.0,118850.0,866.0
1753769562799,06:12:42.799,kucoinfutures,BTC/USDT:USDT,118849.8,7601.0,118849.7,295.0,118849.9,57.0,118850.0,866.0
1753769562799,06:12:42.799,kucoinfutures,BTC/USDT:USDT,118849.8,7601.0,118849.7,295.0,118849.9,57.0,118850.0,866.0
1753769562807,06:12:42.807,kucoinfutures,BTC/USDT:USDT,118849.8,7601.0,118849.7,295.0,118849.9,57.0,118850.0,866.0
1753769562812,06:12:42.812,kucoinfutures,BTC/USDT:USDT,118849.8,7601.0,118849.7,295.0,118849.9,57.0,118850.0,866.0
1753769562823,06:12:42.823,kucoinfutures,BTC/USDT:USDT,118849.8,7601.0,118849.7,295.0,118849.9,57.0,118850.0,866.0
1753769562828,06:12:42.828,kucoinfutures,BTC/USDT:USDT,118849.8,7601.0,118849.7,295.0,118849.9,57.0,118850.0,866.0
1753769562831,06:12:42.831,kucoinfutures,BTC/USDT:USDT,118849.8,7601.0,118849.7,295.0,118849.9,57.0,118850.0,866.0
1753769562871,06:12:42.871,kucoinfutures,BTC/USDT:USDT,118849.8,7601.0,118849.7,295.0,118849.9,57.0,118850.0,866.0
1753769562900,06:12:42.900,kucoinfutures,BTC/USDT:USDT,118849.8,7601.0,118849.7,295.0,118849.9,57.0,118850.0,866.0
1753769562902,06:12:42.902,kucoinfutures,BTC/USDT:USDT,118849.8,7601.0,118849.7,295.0,118849.9,57.0,118850.0,866.0
1753769562905,06:12:42.905,kucoinfutures,BTC/USDT:USDT,118849.8,7601.0,118849.7,295.0,118849.9,57.0,118850.0,866.0
1753769562910,06:12:42.910,kucoinfutures,BTC/USDT:USDT,118849.8,7601.0,118849.7,295.0,118849.9,57.0,118850.0,866.0
1753769562916,06:12:42.916,kucoinfutures,BTC/USDT:USDT,118849.8,7601.0,118849.7,295.0,118849.9,57.0,118850.0,866.0
1753769562980,06:12:42.980,kucoinfutures,BTC/USDT:USDT,118849.8,7601.0,118849.7,295.0,118849.9,57.0,118850.0,866.0
1753769563014,06:12:43.014,kucoinfutures,BTC/USDT:USDT,118849.8,7601.0,118849.7,295.0,118849.9,57.0,118850.0,866.0
1753769563018,06:12:43.018,kucoinfutures,BTC/USDT:USDT,118849.8,7601.0,118849.7,295.0,118849.9,57.0,118850.0,866.0
1753769563018,06:12:43.018,kucoinfutures,BTC/USDT:USDT,118849.8,7601.0,118849.7,295.0,118849.9,57.0,118850.0,866.0
1753769563018,06:12:43.018,kucoinfutures,BTC/USDT:USDT,118849.8,7601.0,118849.7,295.0,118849.9,57.0,118850.0,866.0
1753769563018,06:12:43.018,kucoinfutures,BTC/USDT:USDT,118849.8,7601.0,118849.7,295.0,118849.9,57.0,118850.0,866.0
1753769563039,06:12:43.039,kucoinfutures,BTC/USDT:USDT,118849.8,7601.0,118849.7,295.0,118849.9,57.0,118850.0,866.0
1753769563040,06:12:43.040,kucoinfutures,BTC/USDT:USDT,118849.8,7601.0,118849.7,295.0,118849.9,57.0,118850.0,866.0
1753769563048,06:12:43.048,kucoinfutures,BTC/USDT:USDT,118849.8,7601.0,118849.7,295.0,118849.9,57.0,118850.0,866.0
1753769563050,06:12:43.050,kucoinfutures,BTC/USDT:USDT,118849.8,7601.0,118849.7,295.0,118849.9,57.0,118850.0,866.0
1753769563088,06:12:43.088,kucoinfutures,BTC/USDT:USDT,118849.8,7601.0,118849.7,295.0,118849.9,57.0,118850.0,866.0
1753769563090,06:12:43.090,kucoinfutures,BTC/USDT:USDT,118849.8,7601.0,118849.7,295.0,118849.9,57.0,118850.0,866.0
1753769563106,06:12:43.106,kucoinfutures,BTC/USDT:USDT,118849.8,7601.0,118849.7,295.0,118849.9,57.0,118850.0,866.0
1753769563107,06:12:43.107,kucoinfutures,BTC/USDT:USDT,118849.8,7601.0,118849.7,295.0,118849.9,57.0,118850.0,866.0
1753769563125,06:12:43.125,kucoinfutures,BTC/USDT:USDT,118849.8,7601.0,118849.7,295.0,118849.9,57.0,118850.0,866.0
1753769563139,06:12:43.139,kucoinfutures,BTC/USDT:USDT,118849.8,7601.0,118849.7,295.0,118849.9,57.0,118850.0,866.0
1753769563153,06:12:43.153,kucoinfutures,BTC/USDT:USDT,118849.8,7601.0,118849.7,295.0,118849.9,57.0,118850.0,866.0
1753769563166,06:12:43.166,kucoinfutures,BTC/USDT:USDT,118849.8,7601.0,118849.7,295.0,118849.9,57.0,118850.0,866.0
1753769563167,06:12:43.167,kucoinfutures,BTC/USDT:USDT,118849.8,7601.0,118849.7,295.0,118849.9,57.0,118850.0,866.0
1753769563177,06:12:43.177,kucoinfutures,BTC/USDT:USDT,118849.8,7601.0,118849.7,295.0,118849.9,57.0,118850.0,866.0
1753769563231,06:12:43.231,kucoinfutures,BTC/USDT:USDT,118849.8,7601.0,118849.7,295.0,118849.9,50.0,118850.0,866.0
1753769563231,06:12:43.231,kucoinfutures,BTC/USDT:USDT,118849.8,7601.0,118849.7,295.0,118849.9,50.0,118850.0,866.0
1753769563259,06:12:43.259,kucoinfutures,BTC/USDT:USDT,118849.8,7601.0,118849.7,295.0,118849.9,50.0,118850.0,866.0
1753769563261,06:12:43.261,kucoinfutures,BTC/USDT:USDT,118849.8,7601.0,118849.7,295.0,118849.9,50.0,118850.0,866.0
1753769563262,06:12:43.262,kucoinfutures,BTC/USDT:USDT,118849.8,7601.0,118849.7,295.0,118849.9,50.0,118850.0,866.0
1753769563265,06:12:43.265,kucoinfutures,BTC/USDT:USDT,118849.8,7601.0,118849.7,295.0,118849.9,50.0,118850.0,866.0
1753769563309,06:12:43.309,kucoinfutures,BTC/USDT:USDT,118849.8,7601.0,118849.7,295.0,118849.9,50.0,118850.0,866.0
1753769563364,06:12:43.364,kucoinfutures,BTC/USDT:USDT,118849.8,7601.0,118849.7,295.0,118849.9,50.0,118850.0,866.0
1753769563369,06:12:43.369,kucoinfutures,BTC/USDT:USDT,118849.8,7601.0,118849.7,295.0,118849.9,50.0,118850.0,866.0
1753769563369,06:12:43.369,kucoinfutures,BTC/USDT:USDT,118849.8,7601.0,118849.7,295.0,118849.9,50.0,118850.0,866.0
1753769563371,06:12:43.371,kucoinfutures,BTC/USDT:USDT,118849.8,7601.0,118849.7,295.0,118849.9,50.0,118850.0,866.0
1753769563407,06:12:43.407,kucoinfutures,BTC/USDT:USDT,118849.8,7601.0,118849.7,295.0,118849.9,50.0,118850.0,866.0
1753769563407,06:12:43.407,kucoinfutures,BTC/USDT:USDT,118849.8,7601.0,118849.7,295.0,118849.9,50.0,118850.0,866.0
1753769563407,06:12:43.407,kucoinfutures,BTC/USDT:USDT,118849.8,7601.0,118849.7,295.0,118849.9,50.0,118850.0,866.0
1753769563411,06:12:43.411,kucoinfutures,BTC/USDT:USDT,118849.8,7601.0,118849.7,295.0,118849.9,50.0,118850.0,866.0
1753769563415,06:12:43.415,kucoinfutures,BTC/USDT:USDT,118849.8,7601.0,118849.7,295.0,118849.9,50.0,118850.0,866.0
1753769563472,06:12:43.472,kucoinfutures,BTC/USDT:USDT,118849.8,7601.0,118849.7,295.0,118849.9,50.0,118850.0,866.0
1753769563511,06:12:43.511,kucoinfutures,BTC/USDT:USDT,118849.8,7601.0,118849.7,295.0,118849.9,50.0,118850.0,866.0
1753769563516,06:12:43.516,kucoinfutures,BTC/USDT:USDT,118849.8,7601.0,118849.7,295.0,118849.9,50.0,118850.0,866.0
1753769563519,06:12:43.519,kucoinfutures,BTC/USDT:USDT,118849.8,7601.0,118849.7,295.0,118849.9,50.0,118850.0,866.0
1753769563650,06:12:43.650,kucoinfutures,BTC/USDT:USDT,118849.8,7601.0,118849.7,295.0,118849.9,50.0,118850.0,866.0
1753769563706,06:12:43.706,kucoinfutures,BTC/USDT:USDT,118849.8,7601.0,118849.7,295.0,118849.9,50.0,118850.0,866.0
1753769563707,06:12:43.707,kucoinfutures,BTC/USDT:USDT,118849.8,7601.0,118849.7,295.0,118849.9,50.0,118850.0,866.0
1753769563711,06:12:43.711,kucoinfutures,BTC/USDT:USDT,118849.8,7601.0,118849.7,295.0,118849.9,50.0,118850.0,866.0
1753769563733,06:12:43.733,kucoinfutures,BTC/USDT:USDT,118849.8,7601.0,118849.7,295.0,118849.9,50.0,118850.0,866.0
1753769563782,06:12:43.782,kucoinfutures,BTC/USDT:USDT,118849.8,7601.0,118849.7,295.0,118849.9,50.0,118850.0,866.0
1753769563901,06:12:43.901,kucoinfutures,BTC/USDT:USDT,118849.8,7601.0,118849.7,295.0,118849.9,50.0,118850.0,866.0
1753769563905,06:12:43.905,kucoinfutures,BTC/USDT:USDT,118849.8,7601.0,118849.7,295.0,118849.9,50.0,118850.0,866.0
1753769563912,06:12:43.912,kucoinfutures,BTC/USDT:USDT,118849.8,7601.0,118849.7,295.0,118849.9,50.0,118850.0,866.0
1753769563917,06:12:43.917,kucoinfutures,BTC/USDT:USDT,118849.8,7601.0,118849.7,295.0,118849.9,50.0,118850.0,866.0
1753769564009,06:12:44.009,kucoinfutures,BTC/USDT:USDT,118849.8,7223.0,118849.7,295.0,118849.9,50.0,118850.0,866.0
1753769564010,06:12:44.010,kucoinfutures,BTC/USDT:USDT,118849.8,7223.0,118849.7,295.0,118849.9,50.0,118850.0,866.0
1753769564013,06:12:44.013,kucoinfutures,BTC/USDT:USDT,118849.8,7223.0,118849.7,295.0,118849.9,50.0,118850.0,866.0
1753769564014,06:12:44.014,kucoinfutures,BTC/USDT:USDT,118849.8,7223.0,118849.7,295.0,118849.9,50.0,118850.0,866.0
1753769564017,06:12:44.017,kucoinfutures,BTC/USDT:USDT,118849.8,7223.0,118849.7,295.0,118849.9,50.0,118850.0,866.0
1753769564020,06:12:44.020,kucoinfutures,BTC/USDT:USDT,118849.8,7223.0,118849.7,295.0,118849.9,50.0,118850.0,866.0
1753769564021,06:12:44.021,kucoinfutures,BTC/USDT:USDT,118849.8,7223.0,118849.7,295.0,118849.9,50.0,118850.0,866.0
1753769564021,06:12:44.021,kucoinfutures,BTC/USDT:USDT,118849.8,7223.0,118849.7,295.0,118849.9,50.0,118850.0,866.0
1753769564024,06:12:44.024,kucoinfutures,BTC/USDT:USDT,118849.8,7223.0,118849.7,295.0,118849.9,50.0,118850.0,866.0
1753769564025,06:12:44.025,kucoinfutures,BTC/USDT:USDT,118849.8,7223.0,118849.7,295.0,118849.9,50.0,118850.0,866.0
1753769564035,06:12:44.035,kucoinfutures,BTC/USDT:USDT,118849.8,7223.0,118849.7,295.0,118849.9,50.0,118850.0,866.0
1753769564106,06:12:44.106,kucoinfutures,BTC/USDT:USDT,118849.8,7223.0,118849.7,295.0,118849.9,50.0,118850.0,866.0
1753769564110,06:12:44.110,kucoinfutures,BTC/USDT:USDT,118849.8,7223.0,118849.7,295.0,118849.9,50.0,118850.0,866.0
1753769564248,06:12:44.248,kucoinfutures,BTC/USDT:USDT,118849.8,7223.0,118849.7,295.0,118849.9,44.0,118850.0,866.0
1753769564272,06:12:44.272,kucoinfutures,BTC/USDT:USDT,118849.8,7223.0,118849.7,295.0,118849.9,44.0,118850.0,866.0
1753769564406,06:12:44.406,kucoinfutures,BTC/USDT:USDT,118849.8,7223.0,118849.7,295.0,118849.9,44.0,118850.0,866.0
1753769564407,06:12:44.407,kucoinfutures,BTC/USDT:USDT,118849.8,7223.0,118849.7,295.0,118849.9,44.0,118850.0,866.0
1753769564407,06:12:44.407,kucoinfutures,BTC/USDT:USDT,118849.8,7223.0,118849.7,295.0,118849.9,44.0,118850.0,866.0
1753769564411,06:12:44.411,kucoinfutures,BTC/USDT:USDT,118849.8,7223.0,118849.7,295.0,118849.9,44.0,118850.0,866.0
1753769564417,06:12:44.417,kucoinfutures,BTC/USDT:USDT,118849.8,7223.0,118849.7,295.0,118849.9,44.0,118850.0,866.0
1753769564431,06:12:44.431,kucoinfutures,BTC/USDT:USDT,118849.8,7223.0,118849.7,295.0,118849.9,44.0,118850.0,866.0
1753769564431,06:12:44.431,kucoinfutures,BTC/USDT:USDT,118849.8,7223.0,118849.7,295.0,118849.9,44.0,118850.0,866.0
1753769564458,06:12:44.458,kucoinfutures,BTC/USDT:USDT,118849.8,7223.0,118849.7,295.0,118849.9,44.0,118850.0,866.0
1753769564464,06:12:44.464,kucoinfutures,BTC/USDT:USDT,118849.8,7203.0,118849.7,295.0,118849.9,44.0,118850.0,866.0
1753769564512,06:12:44.512,kucoinfutures,BTC/USDT:USDT,118849.8,7203.0,118849.7,295.0,118849.9,44.0,118850.0,866.0
1753769564606,06:12:44.606,kucoinfutures,BTC/USDT:USDT,118849.8,7203.0,118849.7,295.0,118849.9,44.0,118850.0,866.0
1753769564610,06:12:44.610,kucoinfutures,BTC/USDT:USDT,118849.8,7203.0,118849.7,295.0,118849.9,44.0,118850.0,866.0
1753769564610,06:12:44.610,kucoinfutures,BTC/USDT:USDT,118849.8,7203.0,118849.7,295.0,118849.9,44.0,118850.0,866.0
1753769564624,06:12:44.624,kucoinfutures,BTC/USDT:USDT,118849.8,7203.0,118849.7,295.0,118849.9,44.0,118850.0,866.0
1753769564625,06:12:44.625,kucoinfutures,BTC/USDT:USDT,118849.8,7203.0,118849.7,295.0,118849.9,44.0,118850.0,866.0
1753769564629,06:12:44.629,kucoinfutures,BTC/USDT:USDT,118849.8,7203.0,118849.7,295.0,118849.9,44.0,118850.0,866.0
1753769564736,06:12:44.736,kucoinfutures,BTC/USDT:USDT,118849.8,7203.0,118849.7,295.0,118849.9,44.0,118850.0,866.0
1753769564736,06:12:44.736,kucoinfutures,BTC/USDT:USDT,118849.8,7203.0,118849.7,295.0,118849.9,44.0,118850.0,866.0
1753769564738,06:12:44.738,kucoinfutures,BTC/USDT:USDT,118849.8,7203.0,118849.7,295.0,118849.9,44.0,118850.0,866.0
1753769564738,06:12:44.738,kucoinfutures,BTC/USDT:USDT,118849.8,7203.0,118849.7,295.0,118849.9,44.0,118850.0,866.0
1753769564738,06:12:44.738,kucoinfutures,BTC/USDT:USDT,118849.8,7203.0,118849.7,295.0,118849.9,44.0,118850.0,866.0
1753769564738,06:12:44.738,kucoinfutures,BTC/USDT:USDT,118849.8,7203.0,118849.7,295.0,118849.9,44.0,118850.0,866.0
1753769564757,06:12:44.757,kucoinfutures,BTC/USDT:USDT,118849.8,7203.0,118849.7,295.0,118849.9,44.0,118850.0,866.0
1753769564761,06:12:44.761,kucoinfutures,BTC/USDT:USDT,118849.8,7203.0,118849.7,295.0,118849.9,44.0,118850.0,866.0
1753769564846,06:12:44.846,kucoinfutures,BTC/USDT:USDT,118849.8,7203.0,118849.7,295.0,118849.9,44.0,118850.0,866.0
1753769564851,06:12:44.851,kucoinfutures,BTC/USDT:USDT,118849.8,7203.0,118849.7,295.0,118849.9,44.0,118850.0,866.0
1753769564883,06:12:44.883,kucoinfutures,BTC/USDT:USDT,118849.8,7203.0,118849.7,295.0,118849.9,44.0,118850.0,866.0
1753769564909,06:12:44.909,kucoinfutures,BTC/USDT:USDT,118849.8,7203.0,118849.7,295.0,118849.9,44.0,118850.0,866.0
1753769564915,06:12:44.915,kucoinfutures,BTC/USDT:USDT,118849.8,7203.0,118849.7,295.0,118849.9,44.0,118850.0,866.0
1753769564915,06:12:44.915,kucoinfutures,BTC/USDT:USDT,118849.8,7203.0,118849.7,295.0,118849.9,44.0,118850.0,866.0
1753769564923,06:12:44.923,kucoinfutures,BTC/USDT:USDT,118849.8,7203.0,118849.7,295.0,118849.9,44.0,118850.0,866.0
1753769564923,06:12:44.923,kucoinfutures,BTC/USDT:USDT,118849.8,7203.0,118849.7,295.0,118849.9,44.0,118850.0,866.0
1753769564928,06:12:44.928,kucoinfutures,BTC/USDT:USDT,118849.8,7203.0,118849.7,295.0,118849.9,44.0,118850.0,866.0
1753769565000,06:12:45.000,kucoinfutures,BTC/USDT:USDT,118849.8,7203.0,118849.7,295.0,118849.9,44.0,118850.0,866.0
1753769565002,06:12:45.002,kucoinfutures,BTC/USDT:USDT,118849.8,7203.0,118849.7,295.0,118849.9,44.0,118850.0,866.0
1753769565005,06:12:45.005,kucoinfutures,BTC/USDT:USDT,118849.8,7203.0,118849.7,295.0,118849.9,44.0,118850.0,866.0
1753769565010,06:12:45.010,kucoinfutures,BTC/USDT:USDT,118849.8,7715.0,118849.7,130.0,118849.9,44.0,118850.0,866.0
1753769565013,06:12:45.013,kucoinfutures,BTC/USDT:USDT,118849.8,7715.0,118849.7,130.0,118849.9,44.0,118850.0,866.0
1753769565033,06:12:45.033,kucoinfutures,BTC/USDT:USDT,118849.8,7735.0,118849.7,130.0,118849.9,44.0,118850.0,866.0
1753769565037,06:12:45.037,kucoinfutures,BTC/USDT:USDT,118849.8,7735.0,118849.7,130.0,118849.9,44.0,118850.0,866.0
1753769565049,06:12:45.049,kucoinfutures,BTC/USDT:USDT,118849.8,7735.0,118849.7,130.0,118849.9,44.0,118850.0,866.0
1753769565051,06:12:45.051,kucoinfutures,BTC/USDT:USDT,118849.8,7735.0,118849.7,130.0,118849.9,44.0,118850.0,866.0
1753769565054,06:12:45.054,kucoinfutures,BTC/USDT:USDT,118849.8,7735.0,118849.7,130.0,118849.9,44.0,118850.0,866.0
1753769565056,06:12:45.056,kucoinfutures,BTC/USDT:USDT,118849.8,7735.0,118849.7,130.0,118849.9,44.0,118850.0,866.0
1753769565060,06:12:45.060,kucoinfutures,BTC/USDT:USDT,118849.8,7735.0,118849.7,130.0,118849.9,44.0,118850.0,866.0
1753769565063,06:12:45.063,kucoinfutures,BTC/USDT:USDT,118849.8,7735.0,118849.7,130.0,118849.9,44.0,118850.0,866.0
1753769565066,06:12:45.066,kucoinfutures,BTC/USDT:USDT,118849.8,7735.0,118849.7,130.0,118849.9,44.0,118850.0,866.0
1753769565099,06:12:45.099,kucoinfutures,BTC/USDT:USDT,118849.8,7735.0,118849.7,130.0,118849.9,44.0,118850.0,866.0
1753769565103,06:12:45.103,kucoinfutures,BTC/USDT:USDT,118849.8,7735.0,118849.7,130.0,118849.9,44.0,118850.0,866.0
1753769565104,06:12:45.104,kucoinfutures,BTC/USDT:USDT,118849.8,7735.0,118849.7,130.0,118849.9,44.0,118850.0,866.0
1753769565108,06:12:45.108,kucoinfutures,BTC/USDT:USDT,118849.8,7735.0,118849.7,130.0,118849.9,44.0,118850.0,866.0
1753769565110,06:12:45.110,kucoinfutures,BTC/USDT:USDT,118849.8,7735.0,118849.7,130.0,118849.9,44.0,118850.0,866.0
1753769565112,06:12:45.112,kucoinfutures,BTC/USDT:USDT,118849.8,7735.0,118849.7,130.0,118849.9,44.0,118850.0,866.0
1753769565121,06:12:45.121,kucoinfutures,BTC/USDT:USDT,118849.8,7735.0,118849.7,130.0,118849.9,44.0,118850.0,866.0
1753769565125,06:12:45.125,kucoinfutures,BTC/USDT:USDT,118849.8,7735.0,118849.7,130.0,118849.9,44.0,118850.0,866.0
1753769565192,06:12:45.192,kucoinfutures,BTC/USDT:USDT,118849.8,7735.0,118849.7,130.0,118849.9,44.0,118850.0,866.0
1753769565198,06:12:45.198,kucoinfutures,BTC/USDT:USDT,118849.8,7735.0,118849.7,130.0,118849.9,44.0,118850.0,866.0
1753769565218,06:12:45.218,kucoinfutures,BTC/USDT:USDT,118849.8,7735.0,118849.7,130.0,118849.9,38.0,118850.0,866.0
1753769565225,06:12:45.225,kucoinfutures,BTC/USDT:USDT,118849.8,7735.0,118849.7,130.0,118849.9,38.0,118850.0,866.0
1753769565371,06:12:45.371,kucoinfutures,BTC/USDT:USDT,118849.8,7735.0,118849.7,130.0,118849.9,38.0,118850.0,866.0
1753769565373,06:12:45.373,kucoinfutures,BTC/USDT:USDT,118849.8,7735.0,118849.7,130.0,118849.9,38.0,118850.0,866.0
1753769565373,06:12:45.373,kucoinfutures,BTC/USDT:USDT,118849.8,7735.0,118849.7,130.0,118849.9,38.0,118850.0,866.0
1753769565376,06:12:45.376,kucoinfutures,BTC/USDT:USDT,118849.8,7735.0,118849.7,130.0,118849.9,38.0,118850.0,866.0
1753769565378,06:12:45.378,kucoinfutures,BTC/USDT:USDT,118849.8,7735.0,118849.7,130.0,118849.9,38.0,118850.0,866.0
1753769565403,06:12:45.403,kucoinfutures,BTC/USDT:USDT,118849.8,7735.0,118849.7,130.0,118849.9,38.0,118850.0,866.0
1753769565409,06:12:45.409,kucoinfutures,BTC/USDT:USDT,118849.8,7735.0,118849.7,130.0,118849.9,38.0,118850.0,866.0
1753769565497,06:12:45.497,kucoinfutures,BTC/USDT:USDT,118849.8,7735.0,118849.7,130.0,118849.9,38.0,118850.0,866.0
1753769565598,06:12:45.598,kucoinfutures,BTC/USDT:USDT,118849.8,7735.0,118849.7,130.0,118849.9,38.0,118850.0,866.0
1753769565604,06:12:45.604,kucoinfutures,BTC/USDT:USDT,118849.8,7735.0,118849.7,130.0,118849.9,38.0,118850.0,866.0
1753769565667,06:12:45.667,kucoinfutures,BTC/USDT:USDT,118849.8,7735.0,118849.7,130.0,118849.9,38.0,118850.0,866.0
1753769565680,06:12:45.680,kucoinfutures,BTC/USDT:USDT,118849.8,7735.0,118849.7,130.0,118849.9,38.0,118850.0,866.0
1753769565682,06:12:45.682,kucoinfutures,BTC/USDT:USDT,118849.8,7735.0,118849.7,130.0,118849.9,38.0,118850.0,866.0
1753769565749,06:12:45.749,kucoinfutures,BTC/USDT:USDT,118849.8,7735.0,118849.7,130.0,118849.9,38.0,118850.0,866.0
1753769565772,06:12:45.772,kucoinfutures,BTC/USDT:USDT,118849.8,7735.0,118849.7,130.0,118849.9,38.0,118850.0,866.0
1753769565777,06:12:45.777,kucoinfutures,BTC/USDT:USDT,118849.8,7735.0,118849.7,130.0,118849.9,38.0,118850.0,866.0
1753769565789,06:12:45.789,kucoinfutures,BTC/USDT:USDT,118849.8,7735.0,118849.7,130.0,118849.9,38.0,118850.0,866.0
1753769565817,06:12:45.817,kucoinfutures,BTC/USDT:USDT,118849.8,7735.0,118849.7,130.0,118849.9,38.0,118850.0,866.0
1753769565887,06:12:45.887,kucoinfutures,BTC/USDT:USDT,118849.8,7735.0,118849.7,130.0,118849.9,38.0,118850.0,866.0
1753769565912,06:12:45.912,kucoinfutures,BTC/USDT:USDT,118849.8,7735.0,118849.7,130.0,118849.9,38.0,118850.0,866.0
1753769565916,06:12:45.916,kucoinfutures,BTC/USDT:USDT,118849.8,7735.0,118849.7,130.0,118849.9,38.0,118850.0,866.0
1753769565922,06:12:45.922,kucoinfutures,BTC/USDT:USDT,118849.8,7735.0,118849.7,130.0,118849.9,38.0,118850.0,866.0
1753769565932,06:12:45.932,kucoinfutures,BTC/USDT:USDT,118849.8,7735.0,118849.7,130.0,118849.9,38.0,118850.0,866.0
1753769565978,06:12:45.978,kucoinfutures,BTC/USDT:USDT,118849.8,7735.0,118849.7,130.0,118849.9,38.0,118850.0,866.0
1753769565983,06:12:45.983,kucoinfutures,BTC/USDT:USDT,118849.8,7735.0,118849.7,130.0,118849.9,38.0,118850.0,866.0
1753769566039,06:12:46.039,kucoinfutures,BTC/USDT:USDT,118849.8,7735.0,118849.7,130.0,118849.9,38.0,118850.0,866.0
1753769566042,06:12:46.042,kucoinfutures,BTC/USDT:USDT,118849.8,7735.0,118849.7,130.0,118849.9,38.0,118850.0,866.0
1753769566042,06:12:46.042,kucoinfutures,BTC/USDT:USDT,118849.8,7735.0,118849.7,130.0,118849.9,38.0,118850.0,866.0
1753769566043,06:12:46.043,kucoinfutures,BTC/USDT:USDT,118849.8,7735.0,118849.7,130.0,118849.9,38.0,118850.0,866.0
1753769566043,06:12:46.043,kucoinfutures,BTC/USDT:USDT,118849.8,7735.0,118849.7,130.0,118849.9,38.0,118850.0,866.0
1753769566044,06:12:46.044,kucoinfutures,BTC/USDT:USDT,118849.8,7735.0,118849.7,130.0,118849.9,38.0,118850.0,866.0
1753769566046,06:12:46.046,kucoinfutures,BTC/USDT:USDT,118849.8,7735.0,118849.7,130.0,118849.9,38.0,118850.0,866.0
1753769566125,06:12:46.125,kucoinfutures,BTC/USDT:USDT,118849.8,7735.0,118849.7,130.0,118849.9,38.0,118850.0,866.0
1753769566133,06:12:46.133,kucoinfutures,BTC/USDT:USDT,118849.8,7735.0,118849.7,130.0,118849.9,38.0,118850.0,866.0
1753769566136,06:12:46.136,kucoinfutures,BTC/USDT:USDT,118849.8,7735.0,118849.7,130.0,118849.9,38.0,118850.0,866.0
1753769566137,06:12:46.137,kucoinfutures,BTC/USDT:USDT,118849.8,7735.0,118849.7,130.0,118849.9,38.0,118850.0,866.0
1753769566139,06:12:46.139,kucoinfutures,BTC/USDT:USDT,118849.8,7735.0,118849.7,130.0,118849.9,38.0,118850.0,866.0
1753769566142,06:12:46.142,kucoinfutures,BTC/USDT:USDT,118849.8,7735.0,118849.7,130.0,118849.9,38.0,118850.0,866.0
1753769566146,06:12:46.146,kucoinfutures,BTC/USDT:USDT,118849.8,7735.0,118849.7,130.0,118849.9,38.0,118850.0,866.0
1753769566148,06:12:46.148,kucoinfutures,BTC/USDT:USDT,118849.8,7735.0,118849.7,130.0,118849.9,38.0,118850.0,866.0
1753769566150,06:12:46.150,kucoinfutures,BTC/USDT:USDT,118849.8,7735.0,118849.7,130.0,118849.9,38.0,118850.0,866.0
1753769566153,06:12:46.153,kucoinfutures,BTC/USDT:USDT,118849.8,7735.0,118849.7,130.0,118849.9,38.0,118850.0,866.0
1753769566154,06:12:46.154,kucoinfutures,BTC/USDT:USDT,118849.8,7735.0,118849.7,130.0,118849.9,38.0,118850.0,866.0
1753769566158,06:12:46.158,kucoinfutures,BTC/USDT:USDT,118849.8,7735.0,118849.7,130.0,118849.9,38.0,118850.0,866.0
1753769566208,06:12:46.208,kucoinfutures,BTC/USDT:USDT,118849.8,7735.0,118849.7,130.0,118849.9,28.0,118850.0,866.0
1753769566212,06:12:46.212,kucoinfutures,BTC/USDT:USDT,118849.8,7735.0,118849.7,130.0,118849.9,224.0,118850.0,866.0
1753769566217,06:12:46.217,kucoinfutures,BTC/USDT:USDT,118849.8,7735.0,118849.7,130.0,118849.9,224.0,118850.0,866.0
1753769566217,06:12:46.217,kucoinfutures,BTC/USDT:USDT,118849.8,7735.0,118849.7,130.0,118849.9,224.0,118850.0,866.0
1753769566218,06:12:46.218,kucoinfutures,BTC/USDT:USDT,118849.8,7735.0,118849.7,130.0,118849.9,224.0,118850.0,866.0
1753769566221,06:12:46.221,kucoinfutures,BTC/USDT:USDT,118849.8,7735.0,118849.7,130.0,118849.9,224.0,118850.0,866.0
1753769566278,06:12:46.278,kucoinfutures,BTC/USDT:USDT,118849.8,7735.0,118849.7,130.0,118849.9,224.0,118850.0,866.0
1753769566282,06:12:46.282,kucoinfutures,BTC/USDT:USDT,118849.8,7735.0,118849.7,130.0,118849.9,224.0,118850.0,866.0
1753769566384,06:12:46.384,kucoinfutures,BTC/USDT:USDT,118849.8,7734.0,118849.7,130.0,118849.9,224.0,118850.0,866.0
1753769566395,06:12:46.395,kucoinfutures,BTC/USDT:USDT,118849.8,7735.0,118849.7,130.0,118849.9,224.0,118850.0,866.0
1753769566400,06:12:46.400,kucoinfutures,BTC/USDT:USDT,118849.8,7735.0,118849.7,130.0,118849.9,224.0,118850.0,866.0
1753769566410,06:12:46.410,kucoinfutures,BTC/USDT:USDT,118849.8,7735.0,118849.7,130.0,118849.9,224.0,118850.0,866.0
1753769566411,06:12:46.411,kucoinfutures,BTC/USDT:USDT,118849.8,7735.0,118849.7,130.0,118849.9,224.0,118850.0,866.0
1753769566413,06:12:46.413,kucoinfutures,BTC/USDT:USDT,118849.8,7735.0,118849.7,130.0,118849.9,224.0,118850.0,866.0
1753769566414,06:12:46.414,kucoinfutures,BTC/USDT:USDT,118849.8,7735.0,118849.7,130.0,118849.9,224.0,118850.0,866.0
1753769566414,06:12:46.414,kucoinfutures,BTC/USDT:USDT,118849.8,7735.0,118849.7,130.0,118849.9,224.0,118850.0,866.0
1753769566419,06:12:46.419,kucoinfutures,BTC/USDT:USDT,118849.8,7735.0,118849.7,130.0,118849.9,224.0,118850.0,866.0
1753769566552,06:12:46.552,kucoinfutures,BTC/USDT:USDT,118849.8,7735.0,118849.7,130.0,118849.9,224.0,118850.0,866.0
1753769566556,06:12:46.556,kucoinfutures,BTC/USDT:USDT,118849.8,7735.0,118849.7,130.0,118849.9,224.0,118850.0,866.0
1753769566557,06:12:46.557,kucoinfutures,BTC/USDT:USDT,118849.8,7735.0,118849.7,130.0,118849.9,224.0,118850.0,866.0
1753769566565,06:12:46.565,kucoinfutures,BTC/USDT:USDT,118849.8,7735.0,118849.7,130.0,118849.9,224.0,118850.0,866.0
1753769566577,06:12:46.577,kucoinfutures,BTC/USDT:USDT,118849.8,7735.0,118849.7,130.0,118849.9,224.0,118850.0,866.0
1753769566582,06:12:46.582,kucoinfutures,BTC/USDT:USDT,118849.8,7735.0,118849.7,130.0,118849.9,224.0,118850.0,866.0
1753769566582,06:12:46.582,kucoinfutures,BTC/USDT:USDT,118849.8,7735.0,118849.7,130.0,118849.9,224.0,118850.0,866.0
1753769566589,06:12:46.589,kucoinfutures,BTC/USDT:USDT,118849.8,7735.0,118849.7,130.0,118849.9,224.0,118850.0,866.0
1753769566607,06:12:46.607,kucoinfutures,BTC/USDT:USDT,118849.8,7735.0,118849.7,130.0,118849.9,224.0,118850.0,866.0
1753769566607,06:12:46.607,kucoinfutures,BTC/USDT:USDT,118849.8,7735.0,118849.7,130.0,118849.9,224.0,118850.0,866.0
1753769566611,06:12:46.611,kucoinfutures,BTC/USDT:USDT,118849.8,7735.0,118849.7,130.0,118849.9,224.0,118850.0,866.0
1753769566613,06:12:46.613,kucoinfutures,BTC/USDT:USDT,118849.8,7735.0,118849.7,130.0,118849.9,224.0,118850.0,866.0
1753769566615,06:12:46.615,kucoinfutures,BTC/USDT:USDT,118849.8,7735.0,118849.7,130.0,118849.9,224.0,118850.0,866.0
1753769566618,06:12:46.618,kucoinfutures,BTC/USDT:USDT,118849.8,7735.0,118849.7,130.0,118849.9,224.0,118850.0,866.0
1753769566622,06:12:46.622,kucoinfutures,BTC/USDT:USDT,118849.8,7735.0,118849.7,130.0,118849.9,224.0,118850.0,866.0
1753769566631,06:12:46.631,kucoinfutures,BTC/USDT:USDT,118849.8,7735.0,118849.7,130.0,118849.9,224.0,118850.0,866.0
1753769566643,06:12:46.643,kucoinfutures,BTC/USDT:USDT,118849.8,7735.0,118849.7,130.0,118849.9,224.0,118850.0,866.0
1753769566645,06:12:46.645,kucoinfutures,BTC/USDT:USDT,118849.8,7735.0,118849.7,130.0,118849.9,224.0,118850.0,866.0
1753769566672,06:12:46.672,kucoinfutures,BTC/USDT:USDT,118849.8,7735.0,118849.7,130.0,118849.9,224.0,118850.0,866.0
1753769566778,06:12:46.778,kucoinfutures,BTC/USDT:USDT,118849.8,7735.0,118849.7,130.0,118849.9,224.0,118850.0,866.0
1753769566856,06:12:46.856,kucoinfutures,BTC/USDT:USDT,118849.8,7735.0,118849.7,130.0,118849.9,224.0,118850.0,866.0
1753769566882,06:12:46.882,kucoinfutures,BTC/USDT:USDT,118849.8,7735.0,118849.7,130.0,118849.9,224.0,118850.0,866.0
1753769566886,06:12:46.886,kucoinfutures,BTC/USDT:USDT,118849.8,7735.0,118849.7,130.0,118849.9,224.0,118850.0,866.0
1753769566900,06:12:46.900,kucoinfutures,BTC/USDT:USDT,118849.8,7735.0,118849.7,130.0,118849.9,224.0,118850.0,866.0
1753769566902,06:12:46.902,kucoinfutures,BTC/USDT:USDT,118849.8,7735.0,118849.7,130.0,118849.9,224.0,118850.0,866.0
1753769566911,06:12:46.911,kucoinfutures,BTC/USDT:USDT,118849.8,7735.0,118849.7,130.0,118849.9,224.0,118850.0,866.0
1753769566920,06:12:46.920,kucoinfutures,BTC/USDT:USDT,118849.8,7735.0,118849.7,130.0,118849.9,224.0,118850.0,866.0
1753769566984,06:12:46.984,kucoinfutures,BTC/USDT:USDT,118849.8,7735.0,118849.7,130.0,118849.9,224.0,118850.0,866.0
1753769566989,06:12:46.989,kucoinfutures,BTC/USDT:USDT,118849.8,7735.0,118849.7,130.0,118849.9,224.0,118850.0,866.0
1753769567040,06:12:47.040,kucoinfutures,BTC/USDT:USDT,118849.8,7735.0,118849.7,130.0,118849.9,254.0,118850.0,866.0
1753769567043,06:12:47.043,kucoinfutures,BTC/USDT:USDT,118849.8,7735.0,118849.7,130.0,118849.9,254.0,118850.0,866.0
1753769567052,06:12:47.052,kucoinfutures,BTC/USDT:USDT,118849.8,7735.0,118849.7,130.0,118849.9,254.0,118850.0,866.0
1753769567055,06:12:47.055,kucoinfutures,BTC/USDT:USDT,118849.8,7735.0,118849.7,130.0,118849.9,254.0,118850.0,866.0
1753769567058,06:12:47.058,kucoinfutures,BTC/USDT:USDT,118849.8,7735.0,118849.7,130.0,118849.9,254.0,118850.0,866.0
1753769567060,06:12:47.060,kucoinfutures,BTC/USDT:USDT,118849.8,7735.0,118849.7,130.0,118849.9,254.0,118850.0,866.0
1753769567060,06:12:47.060,kucoinfutures,BTC/USDT:USDT,118849.8,7735.0,118849.7,130.0,118849.9,254.0,118850.0,866.0
1753769567061,06:12:47.061,kucoinfutures,BTC/USDT:USDT,118849.8,7735.0,118849.7,130.0,118849.9,224.0,118850.0,866.0
1753769567066,06:12:47.066,kucoinfutures,BTC/USDT:USDT,118849.8,7735.0,118849.7,130.0,118849.9,224.0,118850.0,866.0
1753769567070,06:12:47.070,kucoinfutures,BTC/USDT:USDT,118849.8,7735.0,118849.7,130.0,118849.9,224.0,118850.0,866.0
1753769567074,06:12:47.074,kucoinfutures,BTC/USDT:USDT,118849.8,7735.0,118849.7,130.0,118849.9,224.0,118850.0,866.0
1753769567083,06:12:47.083,kucoinfutures,BTC/USDT:USDT,118849.8,7735.0,118849.7,130.0,118849.9,224.0,118850.0,866.0
1753769567087,06:12:47.087,kucoinfutures,BTC/USDT:USDT,118849.8,7735.0,118849.7,130.0,118849.9,224.0,118850.0,866.0
1753769567090,06:12:47.090,kucoinfutures,BTC/USDT:USDT,118849.8,7735.0,118849.7,130.0,118849.9,224.0,118850.0,866.0
1753769567093,06:12:47.093,kucoinfutures,BTC/USDT:USDT,118849.8,7735.0,118849.7,130.0,118849.9,224.0,118850.0,866.0
1753769567095,06:12:47.095,kucoinfutures,BTC/USDT:USDT,118849.8,7735.0,118849.7,130.0,118849.9,224.0,118850.0,866.0
1753769567100,06:12:47.100,kucoinfutures,BTC/USDT:USDT,118849.8,7735.0,118849.7,130.0,118849.9,224.0,118850.0,866.0
1753769567103,06:12:47.103,kucoinfutures,BTC/USDT:USDT,118849.8,7735.0,118849.7,130.0,118849.9,224.0,118850.0,866.0
1753769567138,06:12:47.138,kucoinfutures,BTC/USDT:USDT,118849.8,7734.0,118849.7,130.0,118849.9,224.0,118850.0,866.0
1753769567190,06:12:47.190,kucoinfutures,BTC/USDT:USDT,118849.8,7734.0,118849.7,130.0,118849.9,224.0,118850.0,866.0
1753769567210,06:12:47.210,kucoinfutures,BTC/USDT:USDT,118849.8,7734.0,118849.7,130.0,118849.9,215.0,118850.0,866.0
1753769567287,06:12:47.287,kucoinfutures,BTC/USDT:USDT,118849.8,7734.0,118849.7,130.0,118849.9,215.0,118850.0,866.0
1753769567292,06:12:47.292,kucoinfutures,BTC/USDT:USDT,118849.8,7734.0,118849.7,130.0,118849.9,215.0,118850.0,866.0
1753769567293,06:12:47.293,kucoinfutures,BTC/USDT:USDT,118849.8,7734.0,118849.7,130.0,118849.9,215.0,118850.0,866.0
1753769567297,06:12:47.297,kucoinfutures,BTC/USDT:USDT,118849.8,7734.0,118849.7,130.0,118849.9,216.0,118850.0,866.0
1753769567312,06:12:47.312,kucoinfutures,BTC/USDT:USDT,118849.8,7734.0,118849.7,130.0,118849.9,216.0,118850.0,866.0
1753769567318,06:12:47.318,kucoinfutures,BTC/USDT:USDT,118849.8,7734.0,118849.7,130.0,118849.9,216.0,118850.0,866.0
1753769567318,06:12:47.318,kucoinfutures,BTC/USDT:USDT,118849.8,7734.0,118849.7,130.0,118849.9,216.0,118850.0,866.0
1753769567322,06:12:47.322,kucoinfutures,BTC/USDT:USDT,118849.8,7734.0,118849.7,130.0,118849.9,216.0,118850.0,866.0
1753769567391,06:12:47.391,kucoinfutures,BTC/USDT:USDT,118849.8,7734.0,118849.7,130.0,118849.9,216.0,118850.0,866.0
1753769567428,06:12:47.428,kucoinfutures,BTC/USDT:USDT,118849.8,7734.0,118849.7,130.0,118849.9,216.0,118850.0,866.0
1753769567494,06:12:47.494,kucoinfutures,BTC/USDT:USDT,118849.8,7734.0,118849.7,130.0,118849.9,216.0,118850.0,866.0
1753769567573,06:12:47.573,kucoinfutures,BTC/USDT:USDT,118849.8,7734.0,118849.7,130.0,118849.9,216.0,118850.0,866.0
1753769567648,06:12:47.648,kucoinfutures,BTC/USDT:USDT,118849.8,7734.0,118849.7,130.0,118849.9,216.0,118850.0,866.0
1753769567651,06:12:47.651,kucoinfutures,BTC/USDT:USDT,118849.8,7734.0,118849.7,130.0,118849.9,216.0,118850.0,866.0
1753769567655,06:12:47.655,kucoinfutures,BTC/USDT:USDT,118849.8,7734.0,118849.7,130.0,118849.9,216.0,118850.0,866.0
1753769567662,06:12:47.662,kucoinfutures,BTC/USDT:USDT,118849.8,7734.0,118849.7,130.0,118849.9,216.0,118850.0,866.0
1753769567667,06:12:47.667,kucoinfutures,BTC/USDT:USDT,118849.8,7734.0,118849.7,130.0,118849.9,216.0,118850.0,866.0
1753769567743,06:12:47.743,kucoinfutures,BTC/USDT:USDT,118849.8,7734.0,118849.7,130.0,118849.9,216.0,118850.0,866.0
1753769567763,06:12:47.763,kucoinfutures,BTC/USDT:USDT,118849.8,7734.0,118849.7,130.0,118849.9,216.0,118850.0,866.0
1753769567768,06:12:47.768,kucoinfutures,BTC/USDT:USDT,118849.8,7734.0,118849.7,130.0,118849.9,216.0,118850.0,866.0
1753769567774,06:12:47.774,kucoinfutures,BTC/USDT:USDT,118849.8,7734.0,118849.7,130.0,118849.9,216.0,118850.0,866.0
1753769567909,06:12:47.909,kucoinfutures,BTC/USDT:USDT,118849.8,7734.0,118849.7,130.0,118849.9,216.0,118850.0,866.0
1753769567915,06:12:47.915,kucoinfutures,BTC/USDT:USDT,118849.8,7734.0,118849.7,130.0,118849.9,216.0,118850.0,866.0
1753769567927,06:12:47.927,kucoinfutures,BTC/USDT:USDT,118849.8,7734.0,118849.7,130.0,118849.9,216.0,118850.0,866.0
1753769567931,06:12:47.931,kucoinfutures,BTC/USDT:USDT,118849.8,7734.0,118849.7,130.0,118849.9,216.0,118850.0,866.0
1753769568005,06:12:48.005,kucoinfutures,BTC/USDT:USDT,118849.8,7734.0,118849.7,130.0,118849.9,216.0,118850.0,866.0
1753769568008,06:12:48.008,kucoinfutures,BTC/USDT:USDT,118849.8,7734.0,118849.7,130.0,118849.9,216.0,118850.0,866.0
1753769568010,06:12:48.010,kucoinfutures,BTC/USDT:USDT,118849.8,7734.0,118849.7,130.0,118849.9,216.0,118850.0,866.0
1753769568011,06:12:48.011,kucoinfutures,BTC/USDT:USDT,118849.8,7734.0,118849.7,130.0,118849.9,216.0,118850.0,866.0
1753769568014,06:12:48.014,kucoinfutures,BTC/USDT:USDT,118849.8,7734.0,118849.7,130.0,118849.9,216.0,118850.0,866.0
1753769568018,06:12:48.018,kucoinfutures,BTC/USDT:USDT,118849.8,7734.0,118849.7,130.0,118849.9,216.0,118850.0,866.0
1753769568021,06:12:48.021,kucoinfutures,BTC/USDT:USDT,118849.8,7734.0,118849.7,130.0,118849.9,216.0,118850.0,866.0
1753769568107,06:12:48.107,kucoinfutures,BTC/USDT:USDT,118849.8,7734.0,118849.7,130.0,118849.9,216.0,118850.0,866.0
1753769568108,06:12:48.108,kucoinfutures,BTC/USDT:USDT,118849.8,7734.0,118849.7,130.0,118849.9,216.0,118850.0,866.0
1753769568111,06:12:48.111,kucoinfutures,BTC/USDT:USDT,118849.8,7734.0,118849.7,130.0,118849.9,216.0,118850.0,866.0
1753769568154,06:12:48.154,kucoinfutures,BTC/USDT:USDT,118849.8,7734.0,118849.7,130.0,118849.9,216.0,118850.0,866.0
1753769568155,06:12:48.155,kucoinfutures,BTC/USDT:USDT,118849.8,7734.0,118849.7,130.0,118849.9,216.0,118850.0,866.0
1753769568174,06:12:48.174,kucoinfutures,BTC/USDT:USDT,118849.8,7734.0,118849.7,130.0,118849.9,216.0,118850.0,866.0
1753769568176,06:12:48.176,kucoinfutures,BTC/USDT:USDT,118849.8,7734.0,118849.7,130.0,118849.9,216.0,118850.0,866.0
1753769568180,06:12:48.180,kucoinfutures,BTC/USDT:USDT,118849.8,7734.0,118849.7,130.0,118849.9,216.0,118850.0,866.0
1753769568181,06:12:48.181,kucoinfutures,BTC/USDT:USDT,118849.8,7734.0,118849.7,130.0,118849.9,216.0,118850.0,866.0
1753769568184,06:12:48.184,kucoinfutures,BTC/USDT:USDT,118849.8,7734.0,118849.7,130.0,118849.9,216.0,118850.0,866.0
1753769568205,06:12:48.205,kucoinfutures,BTC/USDT:USDT,118849.8,7734.0,118849.7,130.0,118849.9,216.0,118850.0,866.0
1753769568205,06:12:48.205,kucoinfutures,BTC/USDT:USDT,118849.8,7734.0,118849.7,130.0,118849.9,216.0,118850.0,866.0
1753769568208,06:12:48.208,kucoinfutures,BTC/USDT:USDT,118849.8,7734.0,118849.7,130.0,118849.9,207.0,118850.0,866.0
1753769568212,06:12:48.212,kucoinfutures,BTC/USDT:USDT,118849.8,7734.0,118849.7,130.0,118849.9,207.0,118850.0,866.0
1753769568214,06:12:48.214,kucoinfutures,BTC/USDT:USDT,118849.8,7734.0,118849.7,130.0,118849.9,207.0,118850.0,866.0
1753769568216,06:12:48.216,kucoinfutures,BTC/USDT:USDT,118849.8,7734.0,118849.7,130.0,118849.9,207.0,118850.0,866.0
1753769568221,06:12:48.221,kucoinfutures,BTC/USDT:USDT,118849.8,7734.0,118849.7,130.0,118849.9,207.0,118850.0,866.0
1753769568225,06:12:48.225,kucoinfutures,BTC/USDT:USDT,118849.8,7734.0,118849.7,130.0,118849.9,207.0,118850.0,866.0
1753769568226,06:12:48.226,kucoinfutures,BTC/USDT:USDT,118849.8,7734.0,118849.7,130.0,118849.9,207.0,118850.0,866.0
1753769568332,06:12:48.332,kucoinfutures,BTC/USDT:USDT,118849.8,7734.0,118849.7,130.0,118849.9,207.0,118850.0,866.0
1753769568347,06:12:48.347,kucoinfutures,BTC/USDT:USDT,118849.8,7734.0,118849.7,130.0,118849.9,207.0,118850.0,866.0
1753769568347,06:12:48.347,kucoinfutures,BTC/USDT:USDT,118849.8,7734.0,118849.7,130.0,118849.9,207.0,118850.0,866.0
1753769568372,06:12:48.372,kucoinfutures,BTC/USDT:USDT,118849.8,7734.0,118849.7,130.0,118849.9,207.0,118850.0,866.0
1753769568400,06:12:48.400,kucoinfutures,BTC/USDT:USDT,118849.8,7734.0,118849.7,130.0,118849.9,207.0,118850.0,866.0
1753769568404,06:12:48.404,kucoinfutures,BTC/USDT:USDT,118849.8,7734.0,118849.7,130.0,118849.9,207.0,118850.0,866.0
1753769568413,06:12:48.413,kucoinfutures,BTC/USDT:USDT,118849.8,7734.0,118849.7,130.0,118849.9,207.0,118850.0,866.0
1753769568577,06:12:48.577,kucoinfutures,BTC/USDT:USDT,118849.8,7734.0,118849.7,130.0,118849.9,207.0,118850.0,866.0
1753769568610,06:12:48.610,kucoinfutures,BTC/USDT:USDT,118849.8,7734.0,118849.7,130.0,118849.9,207.0,118850.0,866.0
1753769568706,06:12:48.706,kucoinfutures,BTC/USDT:USDT,118849.8,7734.0,118849.7,130.0,118849.9,207.0,118850.0,866.0
1753769568711,06:12:48.711,kucoinfutures,BTC/USDT:USDT,118849.8,7734.0,118849.7,130.0,118849.9,207.0,118850.0,866.0
1753769568711,06:12:48.711,kucoinfutures,BTC/USDT:USDT,118849.8,7734.0,118849.7,130.0,118849.9,207.0,118850.0,866.0
1753769568717,06:12:48.717,kucoinfutures,BTC/USDT:USDT,118849.8,7734.0,118849.7,130.0,118849.9,207.0,118850.0,866.0
1753769568725,06:12:48.725,kucoinfutures,BTC/USDT:USDT,118849.8,7734.0,118849.7,130.0,118849.9,207.0,118850.0,866.0
1753769568727,06:12:48.727,kucoinfutures,BTC/USDT:USDT,118849.8,7734.0,118849.7,130.0,118849.9,207.0,118850.0,866.0
1753769568732,06:12:48.732,kucoinfutures,BTC/USDT:USDT,118849.8,7734.0,118849.7,130.0,118849.9,207.0,118850.0,866.0
1753769568734,06:12:48.734,kucoinfutures,BTC/USDT:USDT,118849.8,7734.0,118849.7,130.0,118849.9,207.0,118850.0,866.0
1753769568738,06:12:48.738,kucoinfutures,BTC/USDT:USDT,118849.8,7734.0,118849.7,130.0,118849.9,207.0,118850.0,866.0
1753769568742,06:12:48.742,kucoinfutures,BTC/USDT:USDT,118849.8,7734.0,118849.7,130.0,118849.9,207.0,118850.0,866.0
1753769568779,06:12:48.779,kucoinfutures,BTC/USDT:USDT,118849.8,7734.0,118849.7,130.0,118849.9,207.0,118850.0,866.0
1753769568781,06:12:48.781,kucoinfutures,BTC/USDT:USDT,118849.8,7734.0,118849.7,130.0,118849.9,207.0,118850.0,866.0
1753769568783,06:12:48.783,kucoinfutures,BTC/USDT:USDT,118849.8,7734.0,118849.7,130.0,118849.9,207.0,118850.0,866.0
1753769568787,06:12:48.787,kucoinfutures,BTC/USDT:USDT,118849.8,7734.0,118849.7,130.0,118849.9,207.0,118850.0,866.0
1753769568793,06:12:48.793,kucoinfutures,BTC/USDT:USDT,118849.8,7734.0,118849.7,130.0,118849.9,207.0,118850.0,866.0
1753769568800,06:12:48.800,kucoinfutures,BTC/USDT:USDT,118849.8,7734.0,118849.7,130.0,118849.9,207.0,118850.0,866.0
1753769568802,06:12:48.802,kucoinfutures,BTC/USDT:USDT,118849.8,7734.0,118849.7,130.0,118849.9,207.0,118850.0,866.0
1753769568805,06:12:48.805,kucoinfutures,BTC/USDT:USDT,118849.8,7734.0,118849.7,130.0,118849.9,207.0,118850.0,866.0
1753769568818,06:12:48.818,kucoinfutures,BTC/USDT:USDT,118849.8,7734.0,118849.7,130.0,118849.9,207.0,118850.0,866.0
1753769568818,06:12:48.818,kucoinfutures,BTC/USDT:USDT,118849.8,7734.0,118849.7,130.0,118849.9,207.0,118850.0,866.0
1753769568912,06:12:48.912,kucoinfutures,BTC/USDT:USDT,118849.8,7734.0,118849.7,130.0,118849.9,207.0,118850.0,866.0
1753769568924,06:12:48.924,kucoinfutures,BTC/USDT:USDT,118849.8,7734.0,118849.7,130.0,118849.9,207.0,118850.0,866.0
1753769568930,06:12:48.930,kucoinfutures,BTC/USDT:USDT,118849.8,7734.0,118849.7,130.0,118849.9,207.0,118850.0,866.0
1753769568982,06:12:48.982,kucoinfutures,BTC/USDT:USDT,118849.8,8128.0,118849.7,130.0,118849.9,207.0,118850.0,866.0
1753769568987,06:12:48.987,kucoinfutures,BTC/USDT:USDT,118849.8,8128.0,118849.7,130.0,118849.9,207.0,118850.0,866.0
1753769569001,06:12:49.001,kucoinfutures,BTC/USDT:USDT,118849.8,8116.0,118849.7,130.0,118849.9,207.0,118850.0,866.0
1753769569024,06:12:49.024,kucoinfutures,BTC/USDT:USDT,118849.8,8116.0,118849.7,130.0,118849.9,207.0,118850.0,866.0
1753769569032,06:12:49.032,kucoinfutures,BTC/USDT:USDT,118849.8,8117.0,118849.7,130.0,118849.9,207.0,118850.0,866.0
1753769569032,06:12:49.032,kucoinfutures,BTC/USDT:USDT,118849.8,8117.0,118849.7,130.0,118849.9,207.0,118850.0,866.0
1753769569042,06:12:49.042,kucoinfutures,BTC/USDT:USDT,118849.8,8117.0,118849.7,130.0,118849.9,207.0,118850.0,866.0
1753769569057,06:12:49.057,kucoinfutures,BTC/USDT:USDT,118849.8,8116.0,118849.7,130.0,118849.9,207.0,118850.0,866.0
1753769569058,06:12:49.058,kucoinfutures,BTC/USDT:USDT,118849.8,8116.0,118849.7,130.0,118849.9,207.0,118850.0,866.0
1753769569073,06:12:49.073,kucoinfutures,BTC/USDT:USDT,118849.8,8116.0,118849.7,130.0,118849.9,207.0,118850.0,866.0
1753769569077,06:12:49.077,kucoinfutures,BTC/USDT:USDT,118849.8,8116.0,118849.7,130.0,118849.9,207.0,118850.0,866.0
1753769569080,06:12:49.080,kucoinfutures,BTC/USDT:USDT,118849.8,8116.0,118849.7,130.0,118849.9,207.0,118850.0,866.0
1753769569131,06:12:49.131,kucoinfutures,BTC/USDT:USDT,118849.8,8116.0,118849.7,130.0,118849.9,207.0,118850.0,866.0
1753769569140,06:12:49.140,kucoinfutures,BTC/USDT:USDT,118849.8,8116.0,118849.7,130.0,118849.9,207.0,118850.0,866.0
1753769569170,06:12:49.170,kucoinfutures,BTC/USDT:USDT,118849.8,8116.0,118849.7,130.0,118849.9,207.0,118850.0,866.0
1753769569314,06:12:49.314,kucoinfutures,BTC/USDT:USDT,118849.8,8116.0,118849.7,130.0,118849.9,199.0,118850.0,866.0
1753769569410,06:12:49.410,kucoinfutures,BTC/USDT:USDT,118849.8,8116.0,118849.7,130.0,118849.9,199.0,118850.0,866.0
1753769569434,06:12:49.434,kucoinfutures,BTC/USDT:USDT,118849.8,8116.0,118849.7,130.0,118849.9,199.0,118850.0,866.0
1753769569447,06:12:49.447,kucoinfutures,BTC/USDT:USDT,118849.8,8116.0,118849.7,130.0,118849.9,199.0,118850.0,866.0
1753769569508,06:12:49.508,kucoinfutures,BTC/USDT:USDT,118849.8,8116.0,118849.7,130.0,118849.9,199.0,118850.0,866.0
1753769569525,06:12:49.525,kucoinfutures,BTC/USDT:USDT,118849.8,8112.0,118849.7,130.0,118849.9,199.0,118850.0,866.0
1753769569569,06:12:49.569,kucoinfutures,BTC/USDT:USDT,118849.8,8112.0,118849.7,130.0,118849.9,199.0,118850.0,866.0
1753769569601,06:12:49.601,kucoinfutures,BTC/USDT:USDT,118849.8,8113.0,118849.7,130.0,118849.9,199.0,118850.0,866.0
1753769569626,06:12:49.626,kucoinfutures,BTC/USDT:USDT,118849.8,8112.0,118849.7,130.0,118849.9,199.0,118850.0,866.0
1753769569670,06:12:49.670,kucoinfutures,BTC/USDT:USDT,118849.8,8112.0,118849.7,130.0,118849.9,199.0,118850.0,866.0
1753769569851,06:12:49.851,kucoinfutures,BTC/USDT:USDT,118849.8,8112.0,118849.7,130.0,118849.9,199.0,118850.0,866.0
1753769569855,06:12:49.855,kucoinfutures,BTC/USDT:USDT,118849.8,8112.0,118849.7,130.0,118849.9,199.0,118850.0,866.0
1753769569856,06:12:49.856,kucoinfutures,BTC/USDT:USDT,118849.8,8112.0,118849.7,130.0,118849.9,199.0,118850.0,866.0
1753769569859,06:12:49.859,kucoinfutures,BTC/USDT:USDT,118849.8,8112.0,118849.7,130.0,118849.9,199.0,118850.0,866.0
1753769569908,06:12:49.908,kucoinfutures,BTC/USDT:USDT,118849.8,8112.0,118849.7,130.0,118849.9,199.0,118850.0,866.0
1753769569912,06:12:49.912,kucoinfutures,BTC/USDT:USDT,118849.8,8112.0,118849.7,130.0,118849.9,199.0,118850.0,866.0
1753769569928,06:12:49.928,kucoinfutures,BTC/USDT:USDT,118849.8,8112.0,118849.7,130.0,118849.9,199.0,118850.0,866.0
1753769569929,06:12:49.929,kucoinfutures,BTC/USDT:USDT,118849.8,8112.0,118849.7,130.0,118849.9,199.0,118850.0,866.0
1753769569978,06:12:49.978,kucoinfutures,BTC/USDT:USDT,118849.8,8112.0,118849.7,130.0,118849.9,199.0,118850.0,866.0
1753769569997,06:12:49.997,kucoinfutures,BTC/USDT:USDT,118849.8,8112.0,118849.7,130.0,118849.9,199.0,118850.0,866.0
1753769570030,06:12:50.030,kucoinfutures,BTC/USDT:USDT,118849.8,8112.0,118849.7,130.0,118849.9,199.0,118850.0,866.0
1753769570034,06:12:50.034,kucoinfutures,BTC/USDT:USDT,118849.8,8112.0,118849.7,130.0,118849.9,199.0,118850.0,866.0
1753769570039,06:12:50.039,kucoinfutures,BTC/USDT:USDT,118849.8,8112.0,118849.7,130.0,118849.9,199.0,118850.0,866.0
1753769570195,06:12:50.195,kucoinfutures,BTC/USDT:USDT,118849.8,8112.0,118849.7,130.0,118849.9,199.0,118850.0,866.0
1753769570210,06:12:50.210,kucoinfutures,BTC/USDT:USDT,118849.8,8092.0,118849.7,130.0,118849.9,222.0,118850.0,866.0
1753769570223,06:12:50.223,kucoinfutures,BTC/USDT:USDT,118849.8,8092.0,118849.7,130.0,118849.9,192.0,118850.0,866.0
1753769570228,06:12:50.228,kucoinfutures,BTC/USDT:USDT,118849.8,8092.0,118849.7,130.0,118849.9,192.0,118850.0,866.0
1753769570234,06:12:50.234,kucoinfutures,BTC/USDT:USDT,118849.8,8092.0,118849.7,130.0,118849.9,192.0,118850.0,866.0
1753769570237,06:12:50.237,kucoinfutures,BTC/USDT:USDT,118849.8,8092.0,118849.7,130.0,118849.9,192.0,118850.0,866.0
1753769570238,06:12:50.238,kucoinfutures,BTC/USDT:USDT,118849.8,8092.0,118849.7,130.0,118849.9,222.0,118850.0,866.0
1753769570241,06:12:50.241,kucoinfutures,BTC/USDT:USDT,118849.8,8092.0,118849.7,130.0,118849.9,222.0,118850.0,866.0
1753769570245,06:12:50.245,kucoinfutures,BTC/USDT:USDT,118849.8,8092.0,118849.7,130.0,118849.9,222.0,118850.0,866.0
1753769570253,06:12:50.253,kucoinfutures,BTC/USDT:USDT,118849.8,8092.0,118849.7,130.0,118849.9,222.0,118850.0,866.0
1753769570257,06:12:50.257,kucoinfutures,BTC/USDT:USDT,118849.8,8092.0,118849.7,130.0,118849.9,222.0,118850.0,866.0
1753769570259,06:12:50.259,kucoinfutures,BTC/USDT:USDT,118849.8,8092.0,118849.7,130.0,118849.9,222.0,118850.0,866.0
1753769570263,06:12:50.263,kucoinfutures,BTC/USDT:USDT,118849.8,8092.0,118849.7,130.0,118849.9,222.0,118850.0,866.0
1753769570266,06:12:50.266,kucoinfutures,BTC/USDT:USDT,118849.8,8092.0,118849.7,130.0,118849.9,222.0,118850.0,866.0
1753769570266,06:12:50.266,kucoinfutures,BTC/USDT:USDT,118849.8,8092.0,118849.7,130.0,118849.9,222.0,118850.0,866.0
1753769570266,06:12:50.266,kucoinfutures,BTC/USDT:USDT,118849.8,8092.0,118849.7,130.0,118849.9,222.0,118850.0,866.0
1753769570340,06:12:50.340,kucoinfutures,BTC/USDT:USDT,118849.8,8092.0,118849.7,130.0,118849.9,222.0,118850.0,866.0
1753769570343,06:12:50.343,kucoinfutures,BTC/USDT:USDT,118849.8,8092.0,118849.7,130.0,118849.9,222.0,118850.0,866.0
1753769570345,06:12:50.345,kucoinfutures,BTC/USDT:USDT,118849.8,8092.0,118849.7,130.0,118849.9,192.0,118850.0,866.0
1753769570349,06:12:50.349,kucoinfutures,BTC/USDT:USDT,118849.8,8092.0,118849.7,130.0,118849.9,192.0,118850.0,866.0
1753769570377,06:12:50.377,kucoinfutures,BTC/USDT:USDT,118849.8,8092.0,118849.7,130.0,118849.9,192.0,118850.0,866.0
1753769570476,06:12:50.476,kucoinfutures,BTC/USDT:USDT,118849.8,8092.0,118849.7,130.0,118849.9,192.0,118850.0,866.0
1753769570480,06:12:50.480,kucoinfutures,BTC/USDT:USDT,118849.8,8092.0,118849.7,130.0,118849.9,192.0,118850.0,866.0
1753769570559,06:12:50.559,kucoinfutures,BTC/USDT:USDT,118849.8,8092.0,118849.7,130.0,118849.9,192.0,118850.0,866.0
1753769570658,06:12:50.658,kucoinfutures,BTC/USDT:USDT,118849.8,8092.0,118849.7,130.0,118849.9,192.0,118850.0,866.0
1753769570662,06:12:50.662,kucoinfutures,BTC/USDT:USDT,118849.8,8092.0,118849.7,130.0,118849.9,192.0,118850.0,866.0
1753769570747,06:12:50.747,kucoinfutures,BTC/USDT:USDT,118849.8,8092.0,118849.7,130.0,118849.9,192.0,118850.0,866.0
1753769570748,06:12:50.748,kucoinfutures,BTC/USDT:USDT,118849.8,8092.0,118849.7,130.0,118849.9,192.0,118850.0,866.0
1753769570767,06:12:50.767,kucoinfutures,BTC/USDT:USDT,118849.8,8092.0,118849.7,130.0,118849.9,192.0,118850.0,866.0
1753769570792,06:12:50.792,kucoinfutures,BTC/USDT:USDT,118849.8,8092.0,118849.7,130.0,118849.9,192.0,118850.0,866.0
1753769570823,06:12:50.823,kucoinfutures,BTC/USDT:USDT,118849.8,8092.0,118849.7,130.0,118849.9,192.0,118850.0,866.0
1753769570849,06:12:50.849,kucoinfutures,BTC/USDT:USDT,118849.8,8092.0,118849.7,130.0,118849.9,192.0,118850.0,866.0
1753769570916,06:12:50.916,kucoinfutures,BTC/USDT:USDT,118849.8,8092.0,118849.7,130.0,118849.9,192.0,118850.0,866.0
1753769570924,06:12:50.924,kucoinfutures,BTC/USDT:USDT,118849.8,8092.0,118849.7,130.0,118849.9,192.0,118850.0,866.0
1753769570927,06:12:50.927,kucoinfutures,BTC/USDT:USDT,118849.8,8092.0,118849.7,130.0,118849.9,192.0,118850.0,866.0
1753769570931,06:12:50.931,kucoinfutures,BTC/USDT:USDT,118849.8,8092.0,118849.7,130.0,118849.9,192.0,118850.0,866.0
1753769570934,06:12:50.934,kucoinfutures,BTC/USDT:USDT,118849.8,8092.0,118849.7,130.0,118849.9,192.0,118850.0,866.0
1753769570936,06:12:50.936,kucoinfutures,BTC/USDT:USDT,118849.8,8092.0,118849.7,130.0,118849.9,192.0,118850.0,866.0
1753769571003,06:12:51.003,kucoinfutures,BTC/USDT:USDT,118849.8,8092.0,118849.7,130.0,118849.9,192.0,118850.0,866.0
1753769571007,06:12:51.007,kucoinfutures,BTC/USDT:USDT,118849.8,8092.0,118849.7,130.0,118849.9,192.0,118850.0,866.0
1753769571011,06:12:51.011,kucoinfutures,BTC/USDT:USDT,118849.8,8092.0,118849.7,130.0,118849.9,192.0,118850.0,866.0
1753769571013,06:12:51.013,kucoinfutures,BTC/USDT:USDT,118849.8,8092.0,118849.7,130.0,118849.9,192.0,118850.0,866.0
1753769571013,06:12:51.013,kucoinfutures,BTC/USDT:USDT,118849.8,8092.0,118849.7,130.0,118849.9,192.0,118850.0,866.0
1753769571018,06:12:51.018,kucoinfutures,BTC/USDT:USDT,118849.8,8092.0,118849.7,130.0,118849.9,192.0,118850.0,866.0
1753769571019,06:12:51.019,kucoinfutures,BTC/USDT:USDT,118849.8,8092.0,118849.7,130.0,118849.9,192.0,118850.0,866.0
1753769571027,06:12:51.027,kucoinfutures,BTC/USDT:USDT,118849.8,8092.0,118849.7,130.0,118849.9,192.0,118850.0,866.0
1753769571029,06:12:51.029,kucoinfutures,BTC/USDT:USDT,118849.8,8092.0,118849.7,130.0,118849.9,192.0,118850.0,866.0
1753769571036,06:12:51.036,kucoinfutures,BTC/USDT:USDT,118849.8,8092.0,118849.7,130.0,118849.9,192.0,118850.0,866.0
1753769571046,06:12:51.046,kucoinfutures,BTC/USDT:USDT,118849.8,8092.0,118849.7,130.0,118849.9,192.0,118850.0,866.0
1753769571054,06:12:51.054,kucoinfutures,BTC/USDT:USDT,118849.8,8092.0,118849.7,130.0,118849.9,192.0,118850.0,866.0
1753769571055,06:12:51.055,kucoinfutures,BTC/USDT:USDT,118849.8,8092.0,118849.7,130.0,118849.9,192.0,118850.0,866.0
1753769571087,06:12:51.087,kucoinfutures,BTC/USDT:USDT,118849.8,8092.0,118849.7,130.0,118849.9,192.0,118850.0,866.0
1753769571117,06:12:51.117,kucoinfutures,BTC/USDT:USDT,118849.8,8092.0,118849.7,130.0,118849.9,192.0,118850.0,866.0
1753769571125,06:12:51.125,kucoinfutures,BTC/USDT:USDT,118849.8,8092.0,118849.7,130.0,118849.9,192.0,118850.0,866.0
1753769571128,06:12:51.128,kucoinfutures,BTC/USDT:USDT,118849.8,8092.0,118849.7,130.0,118849.9,192.0,118850.0,866.0
1753769571130,06:12:51.130,kucoinfutures,BTC/USDT:USDT,118849.8,8092.0,118849.7,130.0,118849.9,192.0,118850.0,866.0
1753769571136,06:12:51.136,kucoinfutures,BTC/USDT:USDT,118849.8,8092.0,118849.7,130.0,118849.9,192.0,118850.0,866.0
1753769571136,06:12:51.136,kucoinfutures,BTC/USDT:USDT,118849.8,8092.0,118849.7,130.0,118849.9,192.0,118850.0,866.0
1753769571152,06:12:51.152,kucoinfutures,BTC/USDT:USDT,118849.8,8092.0,118849.7,130.0,118849.9,192.0,118850.0,866.0
1753769571155,06:12:51.155,kucoinfutures,BTC/USDT:USDT,118849.8,8092.0,118849.7,130.0,118849.9,192.0,118850.0,866.0
1753769571159,06:12:51.159,kucoinfutures,BTC/USDT:USDT,118849.8,8092.0,118849.7,130.0,118849.9,192.0,118850.0,866.0
1753769571162,06:12:51.162,kucoinfutures,BTC/USDT:USDT,118849.8,8092.0,118849.7,130.0,118849.9,192.0,118850.0,866.0
1753769571168,06:12:51.168,kucoinfutures,BTC/USDT:USDT,118849.8,8092.0,118849.7,130.0,118849.9,192.0,118850.0,866.0
1753769571173,06:12:51.173,kucoinfutures,BTC/USDT:USDT,118849.8,8092.0,118849.7,130.0,118849.9,192.0,118850.0,866.0
1753769571179,06:12:51.179,kucoinfutures,BTC/USDT:USDT,118849.8,8092.0,118849.7,130.0,118849.9,192.0,118850.0,866.0
1753769571204,06:12:51.204,kucoinfutures,BTC/USDT:USDT,118849.8,8092.0,118849.7,130.0,118849.9,192.0,118850.0,866.0
1753769571208,06:12:51.208,kucoinfutures,BTC/USDT:USDT,118849.8,8092.0,118849.7,130.0,118849.9,186.0,118850.0,866.0
1753769571214,06:12:51.214,kucoinfutures,BTC/USDT:USDT,118849.8,8092.0,118849.7,130.0,118849.9,186.0,118850.0,866.0
1753769571243,06:12:51.243,kucoinfutures,BTC/USDT:USDT,118849.8,8092.0,118849.7,130.0,118849.9,186.0,118850.0,866.0
1753769571244,06:12:51.244,kucoinfutures,BTC/USDT:USDT,118849.8,8092.0,118849.7,130.0,118849.9,186.0,118850.0,866.0
1753769571248,06:12:51.248,kucoinfutures,BTC/USDT:USDT,118849.8,8092.0,118849.7,130.0,118849.9,186.0,118850.0,866.0
1753769571299,06:12:51.299,kucoinfutures,BTC/USDT:USDT,118849.8,8092.0,118849.7,130.0,118849.9,186.0,118850.0,866.0
1753769571307,06:12:51.307,kucoinfutures,BTC/USDT:USDT,118849.8,8092.0,118849.7,130.0,118849.9,186.0,118850.0,866.0
1753769571327,06:12:51.327,kucoinfutures,BTC/USDT:USDT,118849.8,8092.0,118849.7,130.0,118849.9,186.0,118850.0,866.0
1753769571333,06:12:51.333,kucoinfutures,BTC/USDT:USDT,118849.8,8092.0,118849.7,130.0,118849.9,186.0,118850.0,866.0
1753769571335,06:12:51.335,kucoinfutures,BTC/USDT:USDT,118849.8,8092.0,118849.7,130.0,118849.9,186.0,118850.0,866.0
1753769571337,06:12:51.337,kucoinfutures,BTC/USDT:USDT,118849.8,8092.0,118849.7,130.0,118849.9,186.0,118850.0,866.0
1753769571341,06:12:51.341,kucoinfutures,BTC/USDT:USDT,118849.8,8092.0,118849.7,130.0,118849.9,186.0,118850.0,866.0
1753769571347,06:12:51.347,kucoinfutures,BTC/USDT:USDT,118849.8,8092.0,118849.7,130.0,118849.9,186.0,118850.0,866.0
1753769571361,06:12:51.361,kucoinfutures,BTC/USDT:USDT,118849.8,8092.0,118849.7,130.0,118849.9,186.0,118850.0,866.0
1753769571362,06:12:51.362,kucoinfutures,BTC/USDT:USDT,118849.8,8092.0,118849.7,130.0,118849.9,186.0,118850.0,866.0
1753769571418,06:12:51.418,kucoinfutures,BTC/USDT:USDT,118849.8,8092.0,118849.7,130.0,118849.9,186.0,118850.0,866.0
1753769571421,06:12:51.421,kucoinfutures,BTC/USDT:USDT,118849.8,8092.0,118849.7,130.0,118849.9,186.0,118850.0,866.0
1753769571510,06:12:51.510,kucoinfutures,BTC/USDT:USDT,118849.8,8093.0,118849.7,130.0,118849.9,186.0,118850.0,866.0
1753769571510,06:12:51.510,kucoinfutures,BTC/USDT:USDT,118849.8,8093.0,118849.7,130.0,118849.9,186.0,118850.0,866.0
1753769571531,06:12:51.531,kucoinfutures,BTC/USDT:USDT,118849.8,8092.0,118849.7,130.0,118849.9,186.0,118850.0,866.0
1753769571557,06:12:51.557,kucoinfutures,BTC/USDT:USDT,118849.8,8092.0,118849.7,130.0,118849.9,186.0,118850.0,866.0
1753769571558,06:12:51.558,kucoinfutures,BTC/USDT:USDT,118849.8,8092.0,118849.7,130.0,118849.9,186.0,118850.0,866.0
1753769571592,06:12:51.592,kucoinfutures,BTC/USDT:USDT,118849.8,8093.0,118849.7,130.0,118849.9,186.0,118850.0,866.0
1753769571592,06:12:51.592,kucoinfutures,BTC/USDT:USDT,118849.8,8093.0,118849.7,130.0,118849.9,186.0,118850.0,866.0
1753769571596,06:12:51.596,kucoinfutures,BTC/USDT:USDT,118849.8,8092.0,118849.7,130.0,118849.9,186.0,118850.0,866.0
1753769571598,06:12:51.598,kucoinfutures,BTC/USDT:USDT,118849.8,8092.0,118849.7,130.0,118849.9,186.0,118850.0,866.0
