timestamp,time,exchange,symbol,bid1_price,bid1_volume,bid2_price,bid2_volume,ask1_price,ask1_volume,ask2_price,ask2_volume
1753769313525,06:08:33.525,kucoinfutures,LTC/USDT:USDT,109.8,69.0,109.79,169.0,109.81,54.0,109.82,50.0
1753769313650,06:08:33.650,kucoinfutures,LTC/USDT:USDT,109.8,69.0,109.79,169.0,109.81,54.0,109.82,50.0
1753769313653,06:08:33.653,kucoinfutures,LTC/USDT:USDT,109.8,69.0,109.79,169.0,109.81,54.0,109.82,50.0
1753769313655,06:08:33.655,kucoinfutures,LTC/USDT:USDT,109.8,69.0,109.79,169.0,109.81,54.0,109.82,50.0
1753769313659,06:08:33.659,kucoinfutures,LTC/USDT:USDT,109.8,69.0,109.79,169.0,109.81,54.0,109.82,50.0
1753769313776,06:08:33.776,kucoinfutures,LTC/USDT:USDT,109.8,69.0,109.79,169.0,109.81,54.0,109.82,50.0
1753769313779,06:08:33.779,kucoinfutures,LTC/USDT:USDT,109.8,69.0,109.79,169.0,109.81,54.0,109.82,50.0
1753769314015,06:08:34.015,kucoinfutures,LTC/USDT:USDT,109.8,69.0,109.79,169.0,109.81,54.0,109.82,50.0
1753769314245,06:08:34.245,kucoinfutures,LTC/USDT:USDT,109.8,69.0,109.79,169.0,109.81,54.0,109.82,50.0
1753769314351,06:08:34.351,kucoinfutures,LTC/USDT:USDT,109.8,69.0,109.79,169.0,109.81,54.0,109.82,50.0
1753769314353,06:08:34.353,kucoinfutures,LTC/USDT:USDT,109.8,69.0,109.79,169.0,109.81,54.0,109.82,50.0
1753769315248,06:08:35.248,kucoinfutures,LTC/USDT:USDT,109.8,69.0,109.79,169.0,109.81,104.0,109.82,50.0
1753769315258,06:08:35.258,kucoinfutures,LTC/USDT:USDT,109.8,69.0,109.79,169.0,109.81,104.0,109.82,50.0
1753769315262,06:08:35.262,kucoinfutures,LTC/USDT:USDT,109.8,69.0,109.79,169.0,109.81,104.0,109.82,50.0
1753769315272,06:08:35.272,kucoinfutures,LTC/USDT:USDT,109.8,69.0,109.79,169.0,109.81,104.0,109.82,50.0
1753769315380,06:08:35.380,kucoinfutures,LTC/USDT:USDT,109.8,69.0,109.79,169.0,109.81,104.0,109.82,50.0
1753769315856,06:08:35.856,kucoinfutures,LTC/USDT:USDT,109.8,50.0,109.79,169.0,109.81,104.0,109.82,50.0
1753769316189,06:08:36.189,kucoinfutures,LTC/USDT:USDT,109.8,50.0,109.79,169.0,109.81,104.0,109.82,50.0
1753769316189,06:08:36.189,kucoinfutures,LTC/USDT:USDT,109.8,50.0,109.79,169.0,109.81,104.0,109.82,50.0
1753769316193,06:08:36.193,kucoinfutures,LTC/USDT:USDT,109.8,50.0,109.79,169.0,109.81,104.0,109.82,138.0
1753769316194,06:08:36.194,kucoinfutures,LTC/USDT:USDT,109.8,50.0,109.79,169.0,109.81,104.0,109.82,138.0
1753769316576,06:08:36.576,kucoinfutures,LTC/USDT:USDT,109.8,50.0,109.79,169.0,109.81,104.0,109.82,138.0
1753769316578,06:08:36.578,kucoinfutures,LTC/USDT:USDT,109.8,50.0,109.79,169.0,109.81,104.0,109.82,138.0
1753769316578,06:08:36.578,kucoinfutures,LTC/USDT:USDT,109.8,50.0,109.79,169.0,109.81,104.0,109.82,138.0
1753769316580,06:08:36.580,kucoinfutures,LTC/USDT:USDT,109.8,50.0,109.79,169.0,109.81,104.0,109.82,138.0
1753769316963,06:08:36.963,kucoinfutures,LTC/USDT:USDT,109.8,50.0,109.79,169.0,109.81,104.0,109.82,138.0
1753769316965,06:08:36.965,kucoinfutures,LTC/USDT:USDT,109.8,50.0,109.79,169.0,109.81,104.0,109.82,50.0
1753769316973,06:08:36.973,kucoinfutures,LTC/USDT:USDT,109.8,50.0,109.79,169.0,109.81,104.0,109.82,50.0
1753769317294,06:08:37.294,kucoinfutures,LTC/USDT:USDT,109.8,50.0,109.79,169.0,109.81,54.0,109.82,50.0
1753769317374,06:08:37.374,kucoinfutures,LTC/USDT:USDT,109.8,50.0,109.79,169.0,109.81,104.0,109.82,50.0
1753769317652,06:08:37.652,kucoinfutures,LTC/USDT:USDT,109.8,50.0,109.79,169.0,109.81,104.0,109.82,50.0
1753769317656,06:08:37.656,kucoinfutures,LTC/USDT:USDT,109.8,50.0,109.79,169.0,109.81,104.0,109.82,50.0
1753769317658,06:08:37.658,kucoinfutures,LTC/USDT:USDT,109.8,50.0,109.79,169.0,109.81,104.0,109.82,50.0
1753769317704,06:08:37.704,kucoinfutures,LTC/USDT:USDT,109.8,50.0,109.79,169.0,109.81,104.0,109.82,50.0
1753769317709,06:08:37.709,kucoinfutures,LTC/USDT:USDT,109.8,50.0,109.79,169.0,109.81,104.0,109.82,50.0
1753769317926,06:08:37.926,kucoinfutures,LTC/USDT:USDT,109.8,50.0,109.79,169.0,109.81,104.0,109.82,50.0
1753769317935,06:08:37.935,kucoinfutures,LTC/USDT:USDT,109.8,50.0,109.79,169.0,109.81,104.0,109.82,50.0
1753769317944,06:08:37.944,kucoinfutures,LTC/USDT:USDT,109.8,50.0,109.79,169.0,109.81,104.0,109.82,50.0
1753769319276,06:08:39.276,kucoinfutures,LTC/USDT:USDT,109.8,50.0,109.79,169.0,109.81,54.0,109.82,50.0
1753769319352,06:08:39.352,kucoinfutures,LTC/USDT:USDT,109.8,50.0,109.79,169.0,109.81,104.0,109.82,50.0
1753769319529,06:08:39.529,kucoinfutures,LTC/USDT:USDT,109.8,50.0,109.79,169.0,109.81,104.0,109.82,50.0
1753769319531,06:08:39.531,kucoinfutures,LTC/USDT:USDT,109.8,50.0,109.79,169.0,109.81,104.0,109.82,50.0
1753769320048,06:08:40.048,kucoinfutures,LTC/USDT:USDT,109.8,50.0,109.79,169.0,109.81,104.0,109.82,50.0
1753769321248,06:08:41.248,kucoinfutures,LTC/USDT:USDT,109.8,50.0,109.79,169.0,109.81,54.0,109.82,50.0
1753769322317,06:08:42.317,kucoinfutures,LTC/USDT:USDT,109.8,50.0,109.79,169.0,109.81,104.0,109.82,50.0
1753769322644,06:08:42.644,kucoinfutures,LTC/USDT:USDT,109.8,50.0,109.79,169.0,109.81,104.0,109.82,50.0
1753769322651,06:08:42.651,kucoinfutures,LTC/USDT:USDT,109.8,50.0,109.79,169.0,109.81,104.0,109.82,50.0
1753769322675,06:08:42.675,kucoinfutures,LTC/USDT:USDT,109.8,50.0,109.79,169.0,109.81,104.0,109.82,50.0
1753769322865,06:08:42.865,kucoinfutures,LTC/USDT:USDT,109.8,50.0,109.79,169.0,109.81,104.0,109.82,50.0
1753769323446,06:08:43.446,kucoinfutures,LTC/USDT:USDT,109.79,169.0,109.78,617.0,109.8,106.0,109.81,50.0
1753769323446,06:08:43.446,kucoinfutures,LTC/USDT:USDT,109.79,169.0,109.78,617.0,109.8,106.0,109.81,50.0
1753769323448,06:08:43.448,kucoinfutures,LTC/USDT:USDT,109.79,142.0,109.78,617.0,109.8,106.0,109.81,50.0
1753769323450,06:08:43.450,kucoinfutures,LTC/USDT:USDT,109.79,19.0,109.78,617.0,109.8,106.0,109.81,50.0
1753769323457,06:08:43.457,kucoinfutures,LTC/USDT:USDT,109.79,47.0,109.78,617.0,109.8,106.0,109.81,50.0
1753769323471,06:08:43.471,kucoinfutures,LTC/USDT:USDT,109.79,47.0,109.78,617.0,109.8,106.0,109.81,50.0
1753769323513,06:08:43.513,kucoinfutures,LTC/USDT:USDT,109.79,47.0,109.78,617.0,109.8,106.0,109.81,50.0
1753769323613,06:08:43.613,kucoinfutures,LTC/USDT:USDT,109.79,19.0,109.78,617.0,109.8,106.0,109.81,50.0
1753769323621,06:08:43.621,kucoinfutures,LTC/USDT:USDT,109.79,38.0,109.78,617.0,109.8,106.0,109.81,50.0
1753769323663,06:08:43.663,kucoinfutures,LTC/USDT:USDT,109.79,38.0,109.78,617.0,109.8,106.0,109.81,50.0
1753769323672,06:08:43.672,kucoinfutures,LTC/USDT:USDT,109.79,38.0,109.78,617.0,109.8,106.0,109.81,50.0
1753769323909,06:08:43.909,kucoinfutures,LTC/USDT:USDT,109.78,617.0,109.77,225.0,109.8,106.0,109.81,50.0
1753769323938,06:08:43.938,kucoinfutures,LTC/USDT:USDT,109.78,617.0,109.77,100.0,109.79,56.0,109.8,50.0
1753769323957,06:08:43.957,kucoinfutures,LTC/USDT:USDT,109.78,617.0,109.77,100.0,109.79,56.0,109.8,50.0
1753769324011,06:08:44.011,kucoinfutures,LTC/USDT:USDT,109.78,622.0,109.77,100.0,109.79,56.0,109.8,50.0
1753769324041,06:08:44.041,kucoinfutures,LTC/USDT:USDT,109.78,622.0,109.77,100.0,109.79,56.0,109.8,50.0
1753769324295,06:08:44.295,kucoinfutures,LTC/USDT:USDT,109.78,622.0,109.77,100.0,109.79,56.0,109.8,50.0
1753769324845,06:08:44.845,kucoinfutures,LTC/USDT:USDT,109.78,622.0,109.77,100.0,109.79,56.0,109.8,50.0
1753769324849,06:08:44.849,kucoinfutures,LTC/USDT:USDT,109.78,622.0,109.77,100.0,109.79,56.0,109.8,50.0
1753769324964,06:08:44.964,kucoinfutures,LTC/USDT:USDT,109.78,622.0,109.77,100.0,109.79,56.0,109.8,50.0
1753769324968,06:08:44.968,kucoinfutures,LTC/USDT:USDT,109.78,622.0,109.77,100.0,109.79,56.0,109.8,50.0
1753769325008,06:08:45.008,kucoinfutures,LTC/USDT:USDT,109.78,622.0,109.77,100.0,109.79,56.0,109.8,50.0
1753769325132,06:08:45.132,kucoinfutures,LTC/USDT:USDT,109.78,622.0,109.77,100.0,109.79,56.0,109.8,50.0
1753769325284,06:08:45.284,kucoinfutures,LTC/USDT:USDT,109.78,622.0,109.77,100.0,109.79,56.0,109.8,50.0
1753769325285,06:08:45.285,kucoinfutures,LTC/USDT:USDT,109.78,622.0,109.77,100.0,109.79,106.0,109.8,50.0
1753769326295,06:08:46.295,kucoinfutures,LTC/USDT:USDT,109.78,622.0,109.77,100.0,109.79,106.0,109.8,50.0
1753769326299,06:08:46.299,kucoinfutures,LTC/USDT:USDT,109.78,622.0,109.77,100.0,109.79,106.0,109.8,50.0
1753769327182,06:08:47.182,kucoinfutures,LTC/USDT:USDT,109.78,622.0,109.77,100.0,109.79,56.0,109.8,50.0
1753769327185,06:08:47.185,kucoinfutures,LTC/USDT:USDT,109.78,622.0,109.77,100.0,109.79,56.0,109.8,50.0
1753769328969,06:08:48.969,kucoinfutures,LTC/USDT:USDT,109.79,56.0,109.78,613.0,109.8,106.0,109.81,50.0
1753769329252,06:08:49.252,kucoinfutures,LTC/USDT:USDT,109.8,117.0,109.79,219.0,109.81,50.0,109.82,103.0
1753769329282,06:08:49.282,kucoinfutures,LTC/USDT:USDT,109.8,56.0,109.79,219.0,109.81,50.0,109.82,103.0
1753769329285,06:08:49.285,kucoinfutures,LTC/USDT:USDT,109.8,56.0,109.79,219.0,109.81,106.0,109.82,103.0
1753769329308,06:08:49.308,kucoinfutures,LTC/USDT:USDT,109.8,56.0,109.79,219.0,109.81,106.0,109.82,103.0
1753769329445,06:08:49.445,kucoinfutures,LTC/USDT:USDT,109.8,56.0,109.79,219.0,109.81,106.0,109.82,50.0
1753769329450,06:08:49.450,kucoinfutures,LTC/USDT:USDT,109.8,56.0,109.79,219.0,109.81,106.0,109.82,50.0
1753769329644,06:08:49.644,kucoinfutures,LTC/USDT:USDT,109.8,56.0,109.79,219.0,109.81,106.0,109.82,50.0
1753769329648,06:08:49.648,kucoinfutures,LTC/USDT:USDT,109.8,56.0,109.79,219.0,109.81,106.0,109.82,50.0
1753769330148,06:08:50.148,kucoinfutures,LTC/USDT:USDT,109.8,56.0,109.79,219.0,109.81,56.0,109.82,50.0
1753769330151,06:08:50.151,kucoinfutures,LTC/USDT:USDT,109.8,56.0,109.79,219.0,109.81,56.0,109.82,50.0
1753769330169,06:08:50.169,kucoinfutures,LTC/USDT:USDT,109.8,56.0,109.79,219.0,109.81,56.0,109.82,50.0
1753769330204,06:08:50.204,kucoinfutures,LTC/USDT:USDT,109.8,56.0,109.79,219.0,109.81,56.0,109.82,50.0
1753769330212,06:08:50.212,kucoinfutures,LTC/USDT:USDT,109.8,56.0,109.79,219.0,109.81,56.0,109.82,50.0
1753769330215,06:08:50.215,kucoinfutures,LTC/USDT:USDT,109.8,56.0,109.79,219.0,109.81,56.0,109.82,50.0
1753769330230,06:08:50.230,kucoinfutures,LTC/USDT:USDT,109.8,56.0,109.79,219.0,109.81,106.0,109.82,50.0
1753769330251,06:08:50.251,kucoinfutures,LTC/USDT:USDT,109.8,56.0,109.79,219.0,109.81,106.0,109.82,50.0
1753769330604,06:08:50.604,kucoinfutures,LTC/USDT:USDT,109.79,219.0,109.78,739.0,109.81,106.0,109.82,50.0
1753769330609,06:08:50.609,kucoinfutures,LTC/USDT:USDT,109.79,219.0,109.78,613.0,109.8,56.0,109.81,106.0
1753769330609,06:08:50.609,kucoinfutures,LTC/USDT:USDT,109.79,219.0,109.78,613.0,109.8,56.0,109.81,50.0
1753769330612,06:08:50.612,kucoinfutures,LTC/USDT:USDT,109.79,50.0,109.78,613.0,109.8,56.0,109.81,50.0
1753769330614,06:08:50.614,kucoinfutures,LTC/USDT:USDT,109.79,50.0,109.78,613.0,109.8,56.0,109.81,50.0
1753769330615,06:08:50.615,kucoinfutures,LTC/USDT:USDT,109.79,50.0,109.78,613.0,109.8,56.0,109.81,50.0
1753769330655,06:08:50.655,kucoinfutures,LTC/USDT:USDT,109.79,50.0,109.78,613.0,109.8,56.0,109.81,50.0
1753769330663,06:08:50.663,kucoinfutures,LTC/USDT:USDT,109.79,50.0,109.78,613.0,109.8,56.0,109.81,50.0
1753769330705,06:08:50.705,kucoinfutures,LTC/USDT:USDT,109.79,50.0,109.78,613.0,109.8,56.0,109.81,50.0
1753769330720,06:08:50.720,kucoinfutures,LTC/USDT:USDT,109.79,50.0,109.78,613.0,109.8,56.0,109.81,50.0
1753769331217,06:08:51.217,kucoinfutures,LTC/USDT:USDT,109.79,50.0,109.78,613.0,109.8,106.0,109.81,50.0
1753769331221,06:08:51.221,kucoinfutures,LTC/USDT:USDT,109.79,70.0,109.78,613.0,109.8,106.0,109.81,50.0
1753769331251,06:08:51.251,kucoinfutures,LTC/USDT:USDT,109.79,70.0,109.78,613.0,109.8,106.0,109.81,50.0
1753769331476,06:08:51.476,kucoinfutures,LTC/USDT:USDT,109.79,70.0,109.78,613.0,109.8,106.0,109.81,50.0
1753769332386,06:08:52.386,kucoinfutures,LTC/USDT:USDT,109.79,70.0,109.78,613.0,109.8,106.0,109.81,50.0
1753769333116,06:08:53.116,kucoinfutures,LTC/USDT:USDT,109.79,70.0,109.78,613.0,109.8,56.0,109.81,50.0
1753769333157,06:08:53.157,kucoinfutures,LTC/USDT:USDT,109.79,50.0,109.78,613.0,109.8,56.0,109.81,50.0
1753769333194,06:08:53.194,kucoinfutures,LTC/USDT:USDT,109.79,50.0,109.78,613.0,109.8,106.0,109.81,50.0
1753769333198,06:08:53.198,kucoinfutures,LTC/USDT:USDT,109.79,72.0,109.78,613.0,109.8,106.0,109.81,50.0
1753769333360,06:08:53.360,kucoinfutures,LTC/USDT:USDT,109.79,61.0,109.78,613.0,109.8,106.0,109.81,50.0
1753769333390,06:08:53.390,kucoinfutures,LTC/USDT:USDT,109.79,61.0,109.78,613.0,109.8,106.0,109.81,50.0
1753769333524,06:08:53.524,kucoinfutures,LTC/USDT:USDT,109.78,596.0,109.77,100.0,109.79,105.0,109.8,50.0
1753769333594,06:08:53.594,kucoinfutures,LTC/USDT:USDT,109.78,596.0,109.77,100.0,109.79,105.0,109.8,50.0
1753769333639,06:08:53.639,kucoinfutures,LTC/USDT:USDT,109.78,596.0,109.77,100.0,109.79,105.0,109.8,50.0
1753769333981,06:08:53.981,kucoinfutures,LTC/USDT:USDT,109.78,596.0,109.77,100.0,109.79,105.0,109.8,50.0
1753769334450,06:08:54.450,kucoinfutures,LTC/USDT:USDT,109.78,596.0,109.77,100.0,109.79,105.0,109.8,50.0
1753769334521,06:08:54.521,kucoinfutures,LTC/USDT:USDT,109.78,546.0,109.77,100.0,109.79,105.0,109.8,50.0
1753769334527,06:08:54.527,kucoinfutures,LTC/USDT:USDT,109.78,546.0,109.77,50.0,109.79,105.0,109.8,50.0
1753769334531,06:08:54.531,kucoinfutures,LTC/USDT:USDT,109.78,546.0,109.77,50.0,109.79,105.0,109.8,50.0
1753769334534,06:08:54.534,kucoinfutures,LTC/USDT:USDT,109.78,546.0,109.77,50.0,109.79,105.0,109.8,50.0
1753769334536,06:08:54.536,kucoinfutures,LTC/USDT:USDT,109.78,546.0,109.77,27.0,109.79,105.0,109.8,50.0
1753769334577,06:08:54.577,kucoinfutures,LTC/USDT:USDT,109.78,546.0,109.77,66.0,109.79,105.0,109.8,50.0
1753769334644,06:08:54.644,kucoinfutures,LTC/USDT:USDT,109.78,32.0,109.77,66.0,109.79,105.0,109.8,50.0
1753769334657,06:08:54.657,kucoinfutures,LTC/USDT:USDT,109.78,32.0,109.77,214.0,109.79,105.0,109.8,50.0
1753769334708,06:08:54.708,kucoinfutures,LTC/USDT:USDT,109.78,52.0,109.77,214.0,109.79,105.0,109.8,50.0
1753769334945,06:08:54.945,kucoinfutures,LTC/USDT:USDT,109.78,52.0,109.77,214.0,109.79,105.0,109.8,50.0
1753769335093,06:08:55.093,kucoinfutures,LTC/USDT:USDT,109.78,52.0,109.77,214.0,109.79,55.0,109.8,50.0
1753769335096,06:08:55.096,kucoinfutures,LTC/USDT:USDT,109.78,27.0,109.77,214.0,109.79,55.0,109.8,50.0
1753769335177,06:08:55.177,kucoinfutures,LTC/USDT:USDT,109.78,51.0,109.77,214.0,109.79,105.0,109.8,50.0
1753769336603,06:08:56.603,kucoinfutures,LTC/USDT:USDT,109.77,214.0,109.76,828.0,109.79,105.0,109.8,50.0
1753769336615,06:08:56.615,kucoinfutures,LTC/USDT:USDT,109.77,214.0,109.76,702.0,109.78,105.0,109.79,50.0
1753769336618,06:08:56.618,kucoinfutures,LTC/USDT:USDT,109.77,169.0,109.76,702.0,109.78,105.0,109.79,50.0
1753769336622,06:08:56.622,kucoinfutures,LTC/USDT:USDT,109.77,21.0,109.76,702.0,109.78,105.0,109.79,50.0
1753769336654,06:08:56.654,kucoinfutures,LTC/USDT:USDT,109.77,77.0,109.76,702.0,109.78,105.0,109.79,50.0
1753769336658,06:08:56.658,kucoinfutures,LTC/USDT:USDT,109.77,42.0,109.76,702.0,109.78,105.0,109.79,50.0
1753769336684,06:08:56.684,kucoinfutures,LTC/USDT:USDT,109.77,42.0,109.76,702.0,109.78,105.0,109.79,50.0
1753769336686,06:08:56.686,kucoinfutures,LTC/USDT:USDT,109.77,42.0,109.76,702.0,109.78,105.0,109.79,50.0
1753769336706,06:08:56.706,kucoinfutures,LTC/USDT:USDT,109.77,42.0,109.76,702.0,109.78,105.0,109.79,50.0
1753769336737,06:08:56.737,kucoinfutures,LTC/USDT:USDT,109.77,42.0,109.76,702.0,109.78,105.0,109.79,50.0
1753769336744,06:08:56.744,kucoinfutures,LTC/USDT:USDT,109.77,42.0,109.76,702.0,109.78,105.0,109.79,50.0
1753769336907,06:08:56.907,kucoinfutures,LTC/USDT:USDT,109.76,653.0,109.75,146.0,109.77,105.0,109.78,50.0
1753769336917,06:08:56.917,kucoinfutures,LTC/USDT:USDT,109.76,603.0,109.75,146.0,109.77,105.0,109.78,50.0
1753769336939,06:08:56.939,kucoinfutures,LTC/USDT:USDT,109.76,603.0,109.75,146.0,109.77,105.0,109.78,50.0
1753769337095,06:08:57.095,kucoinfutures,LTC/USDT:USDT,109.76,32.0,109.75,146.0,109.77,105.0,109.78,50.0
1753769337104,06:08:57.104,kucoinfutures,LTC/USDT:USDT,109.76,27.0,109.75,146.0,109.77,105.0,109.78,50.0
1753769337107,06:08:57.107,kucoinfutures,LTC/USDT:USDT,109.76,27.0,109.75,146.0,109.77,105.0,109.78,50.0
1753769337197,06:08:57.197,kucoinfutures,LTC/USDT:USDT,109.75,93.0,109.74,104.0,109.77,50.0,109.78,50.0
1753769337199,06:08:57.199,kucoinfutures,LTC/USDT:USDT,109.75,93.0,109.74,104.0,109.77,50.0,109.78,137.0
1753769337203,06:08:57.203,kucoinfutures,LTC/USDT:USDT,109.75,93.0,109.74,616.0,109.77,50.0,109.78,137.0
1753769337313,06:08:57.313,kucoinfutures,LTC/USDT:USDT,109.76,5.0,109.75,262.0,109.77,50.0,109.78,137.0
1753769337409,06:08:57.409,kucoinfutures,LTC/USDT:USDT,109.75,262.0,109.74,742.0,109.76,55.0,109.77,105.0
1753769337410,06:08:57.410,kucoinfutures,LTC/USDT:USDT,109.75,262.0,109.74,616.0,109.76,55.0,109.77,105.0
1753769337410,06:08:57.410,kucoinfutures,LTC/USDT:USDT,109.75,262.0,109.74,616.0,109.76,55.0,109.77,50.0
1753769337413,06:08:57.413,kucoinfutures,LTC/USDT:USDT,109.75,120.0,109.74,616.0,109.76,105.0,109.77,50.0
1753769337413,06:08:57.413,kucoinfutures,LTC/USDT:USDT,109.75,93.0,109.74,616.0,109.76,105.0,109.77,50.0
1753769337414,06:08:57.414,kucoinfutures,LTC/USDT:USDT,109.75,93.0,109.74,616.0,109.76,105.0,109.77,50.0
1753769337421,06:08:57.421,kucoinfutures,LTC/USDT:USDT,109.75,93.0,109.74,616.0,109.76,105.0,109.77,50.0
1753769337453,06:08:57.453,kucoinfutures,LTC/USDT:USDT,109.75,93.0,109.74,616.0,109.76,105.0,109.77,50.0
1753769337509,06:08:57.509,kucoinfutures,LTC/USDT:USDT,109.75,93.0,109.74,616.0,109.76,105.0,109.77,50.0
1753769337510,06:08:57.510,kucoinfutures,LTC/USDT:USDT,109.75,93.0,109.74,616.0,109.76,105.0,109.77,50.0
1753769337843,06:08:57.843,kucoinfutures,LTC/USDT:USDT,109.75,93.0,109.74,616.0,109.76,105.0,109.77,50.0
1753769338060,06:08:58.060,kucoinfutures,LTC/USDT:USDT,109.75,93.0,109.74,616.0,109.76,105.0,109.77,50.0
1753769339049,06:08:59.049,kucoinfutures,LTC/USDT:USDT,109.75,148.0,109.74,616.0,109.77,50.0,109.78,339.0
1753769339052,06:08:59.052,kucoinfutures,LTC/USDT:USDT,109.75,148.0,109.74,616.0,109.77,105.0,109.78,339.0
1753769339052,06:08:59.052,kucoinfutures,LTC/USDT:USDT,109.75,148.0,109.74,616.0,109.77,105.0,109.78,213.0
1753769339053,06:08:59.053,kucoinfutures,LTC/USDT:USDT,109.76,27.0,109.75,317.0,109.77,105.0,109.78,99.0
1753769339054,06:08:59.054,kucoinfutures,LTC/USDT:USDT,109.76,27.0,109.75,317.0,109.77,105.0,109.78,99.0
1753769339055,06:08:59.055,kucoinfutures,LTC/USDT:USDT,109.76,82.0,109.75,317.0,109.77,105.0,109.78,99.0
1753769339057,06:08:59.057,kucoinfutures,LTC/USDT:USDT,109.76,82.0,109.75,262.0,109.77,105.0,109.78,99.0
1753769339109,06:08:59.109,kucoinfutures,LTC/USDT:USDT,109.76,82.0,109.75,262.0,109.77,105.0,109.78,99.0
1753769339244,06:08:59.244,kucoinfutures,LTC/USDT:USDT,109.76,82.0,109.75,262.0,109.77,105.0,109.78,99.0
1753769339555,06:08:59.555,kucoinfutures,LTC/USDT:USDT,109.76,82.0,109.75,262.0,109.77,105.0,109.78,99.0
1753769339558,06:08:59.558,kucoinfutures,LTC/USDT:USDT,109.76,82.0,109.75,262.0,109.77,105.0,109.78,99.0
1753769339606,06:08:59.606,kucoinfutures,LTC/USDT:USDT,109.76,82.0,109.75,262.0,109.77,105.0,109.78,99.0
1753769339716,06:08:59.716,kucoinfutures,LTC/USDT:USDT,109.76,82.0,109.75,262.0,109.77,105.0,109.78,99.0
1753769339720,06:08:59.720,kucoinfutures,LTC/USDT:USDT,109.76,82.0,109.75,262.0,109.77,105.0,109.78,99.0
1753769339727,06:08:59.727,kucoinfutures,LTC/USDT:USDT,109.76,82.0,109.75,262.0,109.77,105.0,109.78,99.0
1753769339732,06:08:59.732,kucoinfutures,LTC/USDT:USDT,109.76,82.0,109.75,262.0,109.77,105.0,109.78,99.0
1753769339765,06:08:59.765,kucoinfutures,LTC/USDT:USDT,109.76,55.0,109.75,262.0,109.77,50.0,109.78,50.0
1753769339855,06:08:59.855,kucoinfutures,LTC/USDT:USDT,109.76,55.0,109.75,262.0,109.77,50.0,109.78,50.0
1753769339994,06:08:59.994,kucoinfutures,LTC/USDT:USDT,109.76,55.0,109.75,262.0,109.77,105.0,109.78,50.0
1753769340037,06:09:00.037,kucoinfutures,LTC/USDT:USDT,109.76,55.0,109.75,262.0,109.77,55.0,109.78,50.0
1753769340118,06:09:00.118,kucoinfutures,LTC/USDT:USDT,109.76,55.0,109.75,262.0,109.77,105.0,109.78,50.0
1753769340122,06:09:00.122,kucoinfutures,LTC/USDT:USDT,109.76,55.0,109.75,262.0,109.77,105.0,109.78,50.0
1753769340204,06:09:00.204,kucoinfutures,LTC/USDT:USDT,109.75,262.0,109.74,742.0,109.77,105.0,109.78,50.0
1753769340209,06:09:00.209,kucoinfutures,LTC/USDT:USDT,109.75,262.0,109.74,616.0,109.77,50.0,109.78,50.0
1753769340212,06:09:00.212,kucoinfutures,LTC/USDT:USDT,109.75,262.0,109.74,616.0,109.77,50.0,109.78,50.0
1753769340217,06:09:00.217,kucoinfutures,LTC/USDT:USDT,109.75,262.0,109.74,616.0,109.76,55.0,109.77,50.0
1753769340217,06:09:00.217,kucoinfutures,LTC/USDT:USDT,109.75,93.0,109.74,616.0,109.76,55.0,109.77,50.0
1753769340229,06:09:00.229,kucoinfutures,LTC/USDT:USDT,109.75,93.0,109.74,616.0,109.76,55.0,109.77,50.0
1753769340303,06:09:00.303,kucoinfutures,LTC/USDT:USDT,109.75,93.0,109.74,616.0,109.76,55.0,109.77,50.0
1753769340304,06:09:00.304,kucoinfutures,LTC/USDT:USDT,109.75,93.0,109.74,616.0,109.76,55.0,109.77,50.0
1753769341107,06:09:01.107,kucoinfutures,LTC/USDT:USDT,109.75,93.0,109.74,616.0,109.76,105.0,109.77,50.0
1753769341295,06:09:01.295,kucoinfutures,LTC/USDT:USDT,109.75,93.0,109.74,51.0,109.76,105.0,109.77,50.0
1753769341298,06:09:01.298,kucoinfutures,LTC/USDT:USDT,109.75,43.0,109.74,51.0,109.76,105.0,109.77,50.0
1753769341298,06:09:01.298,kucoinfutures,LTC/USDT:USDT,109.75,43.0,109.74,51.0,109.76,105.0,109.77,50.0
1753769341301,06:09:01.301,kucoinfutures,LTC/USDT:USDT,109.75,43.0,109.74,51.0,109.76,105.0,109.77,50.0
1753769341302,06:09:01.302,kucoinfutures,LTC/USDT:USDT,109.75,43.0,109.74,51.0,109.76,105.0,109.77,50.0
1753769341306,06:09:01.306,kucoinfutures,LTC/USDT:USDT,109.74,51.0,109.73,121.0,109.75,55.0,109.76,105.0
1753769341311,06:09:01.311,kucoinfutures,LTC/USDT:USDT,109.74,51.0,109.73,77.0,109.75,105.0,109.76,105.0
1753769341312,06:09:01.312,kucoinfutures,LTC/USDT:USDT,109.74,51.0,109.73,77.0,109.75,105.0,109.76,105.0
1753769341316,06:09:01.316,kucoinfutures,LTC/USDT:USDT,109.74,51.0,109.73,77.0,109.75,105.0,109.76,105.0
1753769341318,06:09:01.318,kucoinfutures,LTC/USDT:USDT,109.74,51.0,109.73,77.0,109.75,105.0,109.76,105.0
1753769341332,06:09:01.332,kucoinfutures,LTC/USDT:USDT,109.74,51.0,109.73,77.0,109.75,105.0,109.76,105.0
1753769341335,06:09:01.335,kucoinfutures,LTC/USDT:USDT,109.74,51.0,109.73,77.0,109.75,105.0,109.76,105.0
1753769341336,06:09:01.336,kucoinfutures,LTC/USDT:USDT,109.74,51.0,109.73,77.0,109.75,105.0,109.76,105.0
1753769341339,06:09:01.339,kucoinfutures,LTC/USDT:USDT,109.74,51.0,109.73,116.0,109.75,105.0,109.76,105.0
1753769341351,06:09:01.351,kucoinfutures,LTC/USDT:USDT,109.74,106.0,109.73,116.0,109.75,105.0,109.76,105.0
1753769341358,06:09:01.358,kucoinfutures,LTC/USDT:USDT,109.74,106.0,109.73,116.0,109.75,105.0,109.76,105.0
1753769341360,06:09:01.360,kucoinfutures,LTC/USDT:USDT,109.74,106.0,109.73,116.0,109.75,105.0,109.76,105.0
1753769341363,06:09:01.363,kucoinfutures,LTC/USDT:USDT,109.74,106.0,109.73,116.0,109.75,105.0,109.76,105.0
1753769341370,06:09:01.370,kucoinfutures,LTC/USDT:USDT,109.74,106.0,109.73,116.0,109.75,105.0,109.76,105.0
1753769341370,06:09:01.370,kucoinfutures,LTC/USDT:USDT,109.74,106.0,109.73,116.0,109.75,105.0,109.76,105.0
1753769341372,06:09:01.372,kucoinfutures,LTC/USDT:USDT,109.74,106.0,109.73,116.0,109.75,105.0,109.76,105.0
1753769341383,06:09:01.383,kucoinfutures,LTC/USDT:USDT,109.74,106.0,109.73,116.0,109.75,105.0,109.76,105.0
1753769341397,06:09:01.397,kucoinfutures,LTC/USDT:USDT,109.74,106.0,109.73,116.0,109.75,105.0,109.76,105.0
1753769341405,06:09:01.405,kucoinfutures,LTC/USDT:USDT,109.74,106.0,109.73,116.0,109.75,105.0,109.76,105.0
1753769341408,06:09:01.408,kucoinfutures,LTC/USDT:USDT,109.74,106.0,109.73,116.0,109.75,105.0,109.76,105.0
1753769341412,06:09:01.412,kucoinfutures,LTC/USDT:USDT,109.74,106.0,109.73,116.0,109.75,105.0,109.76,105.0
1753769341415,06:09:01.415,kucoinfutures,LTC/USDT:USDT,109.74,106.0,109.73,116.0,109.75,105.0,109.76,105.0
1753769341417,06:09:01.417,kucoinfutures,LTC/USDT:USDT,109.74,106.0,109.73,116.0,109.75,105.0,109.76,105.0
1753769341459,06:09:01.459,kucoinfutures,LTC/USDT:USDT,109.74,106.0,109.73,116.0,109.75,105.0,109.76,50.0
1753769341464,06:09:01.464,kucoinfutures,LTC/USDT:USDT,109.74,106.0,109.73,116.0,109.75,105.0,109.76,137.0
1753769341468,06:09:01.468,kucoinfutures,LTC/USDT:USDT,109.74,106.0,109.73,116.0,109.75,105.0,109.76,137.0
1753769341468,06:09:01.468,kucoinfutures,LTC/USDT:USDT,109.74,106.0,109.73,116.0,109.75,105.0,109.76,137.0
1753769341485,06:09:01.485,kucoinfutures,LTC/USDT:USDT,109.74,106.0,109.73,116.0,109.75,105.0,109.76,137.0
1753769341488,06:09:01.488,kucoinfutures,LTC/USDT:USDT,109.74,106.0,109.73,116.0,109.75,105.0,109.76,137.0
1753769341490,06:09:01.490,kucoinfutures,LTC/USDT:USDT,109.74,106.0,109.73,116.0,109.75,105.0,109.76,137.0
1753769341492,06:09:01.492,kucoinfutures,LTC/USDT:USDT,109.74,106.0,109.73,116.0,109.75,105.0,109.76,137.0
1753769341492,06:09:01.492,kucoinfutures,LTC/USDT:USDT,109.74,106.0,109.73,116.0,109.75,105.0,109.76,137.0
1753769341493,06:09:01.493,kucoinfutures,LTC/USDT:USDT,109.74,106.0,109.73,116.0,109.75,105.0,109.76,137.0
1753769341495,06:09:01.495,kucoinfutures,LTC/USDT:USDT,109.74,106.0,109.73,116.0,109.75,105.0,109.76,137.0
1753769341496,06:09:01.496,kucoinfutures,LTC/USDT:USDT,109.74,106.0,109.73,116.0,109.75,105.0,109.76,137.0
1753769341498,06:09:01.498,kucoinfutures,LTC/USDT:USDT,109.74,106.0,109.73,116.0,109.75,105.0,109.76,137.0
1753769341500,06:09:01.500,kucoinfutures,LTC/USDT:USDT,109.74,106.0,109.73,116.0,109.75,105.0,109.76,137.0
1753769341500,06:09:01.500,kucoinfutures,LTC/USDT:USDT,109.74,106.0,109.73,116.0,109.75,105.0,109.76,137.0
1753769341503,06:09:01.503,kucoinfutures,LTC/USDT:USDT,109.74,106.0,109.73,116.0,109.75,105.0,109.76,137.0
1753769341509,06:09:01.509,kucoinfutures,LTC/USDT:USDT,109.74,106.0,109.73,116.0,109.75,105.0,109.76,137.0
1753769341516,06:09:01.516,kucoinfutures,LTC/USDT:USDT,109.74,106.0,109.73,116.0,109.75,105.0,109.76,137.0
1753769341516,06:09:01.516,kucoinfutures,LTC/USDT:USDT,109.74,106.0,109.73,116.0,109.75,105.0,109.76,137.0
1753769341517,06:09:01.517,kucoinfutures,LTC/USDT:USDT,109.74,106.0,109.73,116.0,109.75,105.0,109.76,137.0
1753769341529,06:09:01.529,kucoinfutures,LTC/USDT:USDT,109.74,106.0,109.73,116.0,109.75,105.0,109.76,137.0
1753769341531,06:09:01.531,kucoinfutures,LTC/USDT:USDT,109.74,106.0,109.73,116.0,109.75,105.0,109.76,137.0
1753769341535,06:09:01.535,kucoinfutures,LTC/USDT:USDT,109.74,106.0,109.73,116.0,109.75,105.0,109.76,137.0
1753769341541,06:09:01.541,kucoinfutures,LTC/USDT:USDT,109.74,106.0,109.73,116.0,109.75,105.0,109.76,137.0
1753769341545,06:09:01.545,kucoinfutures,LTC/USDT:USDT,109.74,106.0,109.73,116.0,109.75,105.0,109.76,137.0
1753769341552,06:09:01.552,kucoinfutures,LTC/USDT:USDT,109.74,106.0,109.73,116.0,109.75,105.0,109.76,137.0
1753769341563,06:09:01.563,kucoinfutures,LTC/USDT:USDT,109.74,106.0,109.73,116.0,109.75,105.0,109.76,137.0
1753769341573,06:09:01.573,kucoinfutures,LTC/USDT:USDT,109.74,106.0,109.73,116.0,109.75,105.0,109.76,137.0
1753769341598,06:09:01.598,kucoinfutures,LTC/USDT:USDT,109.74,106.0,109.73,116.0,109.75,105.0,109.76,137.0
1753769341641,06:09:01.641,kucoinfutures,LTC/USDT:USDT,109.74,106.0,109.73,116.0,109.75,105.0,109.76,137.0
1753769341654,06:09:01.654,kucoinfutures,LTC/USDT:USDT,109.74,106.0,109.73,116.0,109.75,105.0,109.76,137.0
1753769341654,06:09:01.654,kucoinfutures,LTC/USDT:USDT,109.74,106.0,109.73,116.0,109.75,105.0,109.76,137.0
1753769341655,06:09:01.655,kucoinfutures,LTC/USDT:USDT,109.74,106.0,109.73,116.0,109.75,105.0,109.76,137.0
1753769341660,06:09:01.660,kucoinfutures,LTC/USDT:USDT,109.74,106.0,109.73,116.0,109.75,105.0,109.76,137.0
1753769341669,06:09:01.669,kucoinfutures,LTC/USDT:USDT,109.74,106.0,109.73,116.0,109.75,105.0,109.76,137.0
1753769341685,06:09:01.685,kucoinfutures,LTC/USDT:USDT,109.74,106.0,109.73,116.0,109.75,50.0,109.76,137.0
1753769341704,06:09:01.704,kucoinfutures,LTC/USDT:USDT,109.74,106.0,109.73,116.0,109.75,50.0,109.76,50.0
1753769341727,06:09:01.727,kucoinfutures,LTC/USDT:USDT,109.74,106.0,109.73,116.0,109.75,50.0,109.76,50.0
1753769341730,06:09:01.730,kucoinfutures,LTC/USDT:USDT,109.74,106.0,109.73,116.0,109.75,50.0,109.76,50.0
1753769341768,06:09:01.768,kucoinfutures,LTC/USDT:USDT,109.74,106.0,109.73,116.0,109.75,50.0,109.76,50.0
1753769341875,06:09:01.875,kucoinfutures,LTC/USDT:USDT,109.74,106.0,109.73,116.0,109.75,50.0,109.76,50.0
1753769341954,06:09:01.954,kucoinfutures,LTC/USDT:USDT,109.74,106.0,109.73,116.0,109.75,50.0,109.76,50.0
1753769341955,06:09:01.955,kucoinfutures,LTC/USDT:USDT,109.74,106.0,109.73,116.0,109.75,50.0,109.76,50.0
1753769341960,06:09:01.960,kucoinfutures,LTC/USDT:USDT,109.74,106.0,109.73,116.0,109.75,50.0,109.76,50.0
1753769342015,06:09:02.015,kucoinfutures,LTC/USDT:USDT,109.74,106.0,109.73,116.0,109.75,50.0,109.76,50.0
1753769342077,06:09:02.077,kucoinfutures,LTC/USDT:USDT,109.74,106.0,109.73,116.0,109.75,50.0,109.76,50.0
1753769342382,06:09:02.382,kucoinfutures,LTC/USDT:USDT,109.74,106.0,109.73,116.0,109.75,50.0,109.76,50.0
1753769342554,06:09:02.554,kucoinfutures,LTC/USDT:USDT,109.74,106.0,109.73,116.0,109.75,105.0,109.76,50.0
1753769342618,06:09:02.618,kucoinfutures,LTC/USDT:USDT,109.74,106.0,109.73,264.0,109.75,105.0,109.76,50.0
1753769342700,06:09:02.700,kucoinfutures,LTC/USDT:USDT,109.74,51.0,109.73,264.0,109.75,105.0,109.76,50.0
1753769343003,06:09:03.003,kucoinfutures,LTC/USDT:USDT,109.74,51.0,109.73,264.0,109.75,55.0,109.76,50.0
1753769343152,06:09:03.152,kucoinfutures,LTC/USDT:USDT,109.74,1.0,109.73,264.0,109.75,105.0,109.76,50.0
1753769343158,06:09:03.158,kucoinfutures,LTC/USDT:USDT,109.74,175.0,109.73,264.0,109.75,105.0,109.76,137.0
1753769343162,06:09:03.162,kucoinfutures,LTC/USDT:USDT,109.73,264.0,109.72,838.0,109.75,105.0,109.76,137.0
1753769343171,06:09:03.171,kucoinfutures,LTC/USDT:USDT,109.73,89.0,109.72,838.0,109.74,105.0,109.75,50.0
1753769343175,06:09:03.175,kucoinfutures,LTC/USDT:USDT,109.73,50.0,109.72,838.0,109.74,105.0,109.75,50.0
1753769343195,06:09:03.195,kucoinfutures,LTC/USDT:USDT,109.73,50.0,109.72,712.0,109.74,105.0,109.75,50.0
1753769343219,06:09:03.219,kucoinfutures,LTC/USDT:USDT,109.73,50.0,109.72,712.0,109.74,105.0,109.75,50.0
1753769343224,06:09:03.224,kucoinfutures,LTC/USDT:USDT,109.73,50.0,109.72,712.0,109.74,105.0,109.75,50.0
1753769343353,06:09:03.353,kucoinfutures,LTC/USDT:USDT,109.73,50.0,109.72,712.0,109.74,105.0,109.75,50.0
1753769343357,06:09:03.357,kucoinfutures,LTC/USDT:USDT,109.73,50.0,109.72,712.0,109.74,105.0,109.75,50.0
1753769343358,06:09:03.358,kucoinfutures,LTC/USDT:USDT,109.72,712.0,109.71,374.0,109.74,105.0,109.75,50.0
1753769343409,06:09:03.409,kucoinfutures,LTC/USDT:USDT,109.72,717.0,109.71,205.0,109.73,105.0,109.74,105.0
1753769343421,06:09:03.421,kucoinfutures,LTC/USDT:USDT,109.72,717.0,109.71,205.0,109.73,105.0,109.74,105.0
1753769343422,06:09:03.422,kucoinfutures,LTC/USDT:USDT,109.72,717.0,109.71,205.0,109.73,105.0,109.74,105.0
1753769343457,06:09:03.457,kucoinfutures,LTC/USDT:USDT,109.72,717.0,109.71,205.0,109.73,105.0,109.74,105.0
1753769343461,06:09:03.461,kucoinfutures,LTC/USDT:USDT,109.72,717.0,109.71,205.0,109.73,105.0,109.74,105.0
1753769343465,06:09:03.465,kucoinfutures,LTC/USDT:USDT,109.72,717.0,109.71,205.0,109.73,105.0,109.74,105.0
1753769343515,06:09:03.515,kucoinfutures,LTC/USDT:USDT,109.72,717.0,109.71,205.0,109.73,105.0,109.74,50.0
1753769343518,06:09:03.518,kucoinfutures,LTC/USDT:USDT,109.72,717.0,109.71,205.0,109.73,105.0,109.74,50.0
1753769343522,06:09:03.522,kucoinfutures,LTC/USDT:USDT,109.72,717.0,109.71,205.0,109.73,105.0,109.74,50.0
1753769343678,06:09:03.678,kucoinfutures,LTC/USDT:USDT,109.72,717.0,109.71,205.0,109.73,105.0,109.74,50.0
1753769343678,06:09:03.678,kucoinfutures,LTC/USDT:USDT,109.72,717.0,109.71,205.0,109.73,105.0,109.74,50.0
1753769343732,06:09:03.732,kucoinfutures,LTC/USDT:USDT,109.72,717.0,109.71,205.0,109.73,105.0,109.74,50.0
1753769344002,06:09:04.002,kucoinfutures,LTC/USDT:USDT,109.72,717.0,109.71,205.0,109.73,105.0,109.74,50.0
1753769344006,06:09:04.006,kucoinfutures,LTC/USDT:USDT,109.72,717.0,109.71,205.0,109.73,105.0,109.74,50.0
1753769344148,06:09:04.148,kucoinfutures,LTC/USDT:USDT,109.72,717.0,109.71,205.0,109.73,105.0,109.74,50.0
1753769344154,06:09:04.154,kucoinfutures,LTC/USDT:USDT,109.72,717.0,109.71,205.0,109.73,50.0,109.74,50.0
1753769344157,06:09:04.157,kucoinfutures,LTC/USDT:USDT,109.72,717.0,109.71,205.0,109.73,50.0,109.74,50.0
1753769344162,06:09:04.162,kucoinfutures,LTC/USDT:USDT,109.72,717.0,109.71,205.0,109.74,50.0,109.75,103.0
1753769344163,06:09:04.163,kucoinfutures,LTC/USDT:USDT,109.73,82.0,109.72,619.0,109.74,50.0,109.75,103.0
1753769344172,06:09:04.172,kucoinfutures,LTC/USDT:USDT,109.73,175.0,109.72,614.0,109.74,50.0,109.75,103.0
1753769344192,06:09:04.192,kucoinfutures,LTC/USDT:USDT,109.73,175.0,109.72,634.0,109.74,50.0,109.75,103.0
1753769344195,06:09:04.195,kucoinfutures,LTC/USDT:USDT,109.73,137.0,109.72,634.0,109.74,50.0,109.75,103.0
1753769344203,06:09:04.203,kucoinfutures,LTC/USDT:USDT,109.73,137.0,109.72,634.0,109.74,50.0,109.75,103.0
1753769344278,06:09:04.278,kucoinfutures,LTC/USDT:USDT,109.73,132.0,109.72,634.0,109.74,50.0,109.75,50.0
1753769344432,06:09:04.432,kucoinfutures,LTC/USDT:USDT,109.73,132.0,109.72,634.0,109.74,50.0,109.75,50.0
1753769344436,06:09:04.436,kucoinfutures,LTC/USDT:USDT,109.73,132.0,109.72,634.0,109.74,50.0,109.75,50.0
1753769344437,06:09:04.437,kucoinfutures,LTC/USDT:USDT,109.73,132.0,109.72,634.0,109.74,50.0,109.75,50.0
1753769344445,06:09:04.445,kucoinfutures,LTC/USDT:USDT,109.73,132.0,109.72,634.0,109.74,50.0,109.75,50.0
1753769344662,06:09:04.662,kucoinfutures,LTC/USDT:USDT,109.73,132.0,109.72,634.0,109.74,50.0,109.75,50.0
1753769344695,06:09:04.695,kucoinfutures,LTC/USDT:USDT,109.73,132.0,109.72,634.0,109.74,50.0,109.75,50.0
1753769344866,06:09:04.866,kucoinfutures,LTC/USDT:USDT,109.73,132.0,109.72,634.0,109.75,50.0,109.76,213.0
1753769344869,06:09:04.869,kucoinfutures,LTC/USDT:USDT,109.73,132.0,109.72,634.0,109.75,50.0,109.76,99.0
1753769344871,06:09:04.871,kucoinfutures,LTC/USDT:USDT,109.74,92.0,109.73,77.0,109.75,50.0,109.76,99.0
1753769344871,06:09:04.871,kucoinfutures,LTC/USDT:USDT,109.74,119.0,109.73,215.0,109.75,50.0,109.76,50.0
1753769344873,06:09:04.873,kucoinfutures,LTC/USDT:USDT,109.74,119.0,109.73,215.0,109.75,50.0,109.76,50.0
1753769344874,06:09:04.874,kucoinfutures,LTC/USDT:USDT,109.74,119.0,109.73,215.0,109.75,50.0,109.76,50.0
1753769344879,06:09:04.879,kucoinfutures,LTC/USDT:USDT,109.74,119.0,109.73,215.0,109.75,50.0,109.76,50.0
1753769344900,06:09:04.900,kucoinfutures,LTC/USDT:USDT,109.74,55.0,109.73,215.0,109.75,50.0,109.76,50.0
1753769344980,06:09:04.980,kucoinfutures,LTC/USDT:USDT,109.74,55.0,109.73,215.0,109.76,50.0,109.77,362.0
1753769344984,06:09:04.984,kucoinfutures,LTC/USDT:USDT,109.74,55.0,109.73,215.0,109.75,55.0,109.76,50.0
1753769344986,06:09:04.986,kucoinfutures,LTC/USDT:USDT,109.74,55.0,109.73,215.0,109.75,55.0,109.76,50.0
1753769345001,06:09:05.001,kucoinfutures,LTC/USDT:USDT,109.74,55.0,109.73,215.0,109.75,55.0,109.76,50.0
1753769345236,06:09:05.236,kucoinfutures,LTC/USDT:USDT,109.74,55.0,109.73,215.0,109.75,55.0,109.76,50.0
1753769345396,06:09:05.396,kucoinfutures,LTC/USDT:USDT,109.74,55.0,109.73,215.0,109.75,55.0,109.76,50.0
1753769345399,06:09:05.399,kucoinfutures,LTC/USDT:USDT,109.74,55.0,109.73,215.0,109.75,55.0,109.76,50.0
1753769345418,06:09:05.418,kucoinfutures,LTC/USDT:USDT,109.74,55.0,109.73,215.0,109.75,55.0,109.76,50.0
1753769345421,06:09:05.421,kucoinfutures,LTC/USDT:USDT,109.74,55.0,109.73,215.0,109.75,55.0,109.76,50.0
1753769345590,06:09:05.590,kucoinfutures,LTC/USDT:USDT,109.74,55.0,109.73,215.0,109.75,55.0,109.76,50.0
1753769345590,06:09:05.590,kucoinfutures,LTC/USDT:USDT,109.74,55.0,109.73,215.0,109.75,55.0,109.76,50.0
1753769345903,06:09:05.903,kucoinfutures,LTC/USDT:USDT,109.74,55.0,109.73,215.0,109.75,55.0,109.76,50.0
1753769345994,06:09:05.994,kucoinfutures,LTC/USDT:USDT,109.74,55.0,109.73,215.0,109.75,55.0,109.76,50.0
1753769346050,06:09:06.050,kucoinfutures,LTC/USDT:USDT,109.74,55.0,109.73,215.0,109.75,105.0,109.76,50.0
1753769346368,06:09:06.368,kucoinfutures,LTC/USDT:USDT,109.73,215.0,109.72,634.0,109.74,55.0,109.75,50.0
1753769346371,06:09:06.371,kucoinfutures,LTC/USDT:USDT,109.73,215.0,109.72,634.0,109.74,55.0,109.75,50.0
1753769346373,06:09:06.373,kucoinfutures,LTC/USDT:USDT,109.73,77.0,109.72,634.0,109.74,105.0,109.75,50.0
1753769346375,06:09:06.375,kucoinfutures,LTC/USDT:USDT,109.73,77.0,109.72,634.0,109.74,105.0,109.75,50.0
1753769346415,06:09:06.415,kucoinfutures,LTC/USDT:USDT,109.73,77.0,109.72,634.0,109.74,105.0,109.75,50.0
1753769346419,06:09:06.419,kucoinfutures,LTC/USDT:USDT,109.73,77.0,109.72,634.0,109.74,105.0,109.75,50.0
1753769346682,06:09:06.682,kucoinfutures,LTC/USDT:USDT,109.73,132.0,109.72,634.0,109.74,50.0,109.75,50.0
1753769346684,06:09:06.684,kucoinfutures,LTC/USDT:USDT,109.73,132.0,109.72,634.0,109.74,50.0,109.75,50.0
1753769346689,06:09:06.689,kucoinfutures,LTC/USDT:USDT,109.73,132.0,109.72,634.0,109.74,50.0,109.75,50.0
1753769346692,06:09:06.692,kucoinfutures,LTC/USDT:USDT,109.73,132.0,109.72,634.0,109.74,50.0,109.75,50.0
1753769346731,06:09:06.731,kucoinfutures,LTC/USDT:USDT,109.73,132.0,109.72,634.0,109.74,50.0,109.75,50.0
1753769346804,06:09:06.804,kucoinfutures,LTC/USDT:USDT,109.73,132.0,109.72,634.0,109.74,50.0,109.75,50.0
1753769346881,06:09:06.881,kucoinfutures,LTC/USDT:USDT,109.73,132.0,109.72,634.0,109.74,50.0,109.75,50.0
1753769346941,06:09:06.941,kucoinfutures,LTC/USDT:USDT,109.73,132.0,109.72,634.0,109.74,50.0,109.75,50.0
1753769346942,06:09:06.942,kucoinfutures,LTC/USDT:USDT,109.73,132.0,109.72,634.0,109.74,50.0,109.75,50.0
1753769346944,06:09:06.944,kucoinfutures,LTC/USDT:USDT,109.73,132.0,109.72,634.0,109.74,50.0,109.75,50.0
1753769347304,06:09:07.304,kucoinfutures,LTC/USDT:USDT,109.73,132.0,109.72,634.0,109.74,50.0,109.75,50.0
1753769347947,06:09:07.947,kucoinfutures,LTC/USDT:USDT,109.73,132.0,109.72,634.0,109.75,50.0,109.76,291.0
1753769347951,06:09:07.951,kucoinfutures,LTC/USDT:USDT,109.73,270.0,109.72,634.0,109.75,50.0,109.76,176.0
1753769347951,06:09:07.951,kucoinfutures,LTC/USDT:USDT,109.74,76.0,109.73,215.0,109.75,50.0,109.76,50.0
1753769347952,06:09:07.952,kucoinfutures,LTC/USDT:USDT,109.74,76.0,109.73,215.0,109.75,105.0,109.76,50.0
1753769347955,06:09:07.955,kucoinfutures,LTC/USDT:USDT,109.74,76.0,109.73,215.0,109.75,105.0,109.76,50.0
1753769347958,06:09:07.958,kucoinfutures,LTC/USDT:USDT,109.74,76.0,109.73,215.0,109.75,105.0,109.76,50.0
1753769347959,06:09:07.959,kucoinfutures,LTC/USDT:USDT,109.74,76.0,109.73,215.0,109.75,105.0,109.76,50.0
1753769347962,06:09:07.962,kucoinfutures,LTC/USDT:USDT,109.74,76.0,109.73,215.0,109.75,105.0,109.76,50.0
1753769347994,06:09:07.994,kucoinfutures,LTC/USDT:USDT,109.74,76.0,109.73,215.0,109.75,105.0,109.76,50.0
1753769347997,06:09:07.997,kucoinfutures,LTC/USDT:USDT,109.74,76.0,109.73,215.0,109.75,105.0,109.76,50.0
1753769347998,06:09:07.998,kucoinfutures,LTC/USDT:USDT,109.74,76.0,109.73,215.0,109.75,105.0,109.76,50.0
1753769348002,06:09:08.002,kucoinfutures,LTC/USDT:USDT,109.74,76.0,109.73,215.0,109.75,105.0,109.76,50.0
1753769348005,06:09:08.005,kucoinfutures,LTC/USDT:USDT,109.74,76.0,109.73,215.0,109.75,105.0,109.76,50.0
1753769348176,06:09:08.176,kucoinfutures,LTC/USDT:USDT,109.74,76.0,109.73,215.0,109.75,105.0,109.76,50.0
1753769348199,06:09:08.199,kucoinfutures,LTC/USDT:USDT,109.74,76.0,109.73,215.0,109.75,105.0,109.76,50.0
1753769348624,06:09:08.624,kucoinfutures,LTC/USDT:USDT,109.74,76.0,109.73,215.0,109.75,105.0,109.76,50.0
1753769348626,06:09:08.626,kucoinfutures,LTC/USDT:USDT,109.74,76.0,109.73,215.0,109.75,105.0,109.76,50.0
1753769348764,06:09:08.764,kucoinfutures,LTC/USDT:USDT,109.74,76.0,109.73,215.0,109.75,105.0,109.76,50.0
1753769348936,06:09:08.936,kucoinfutures,LTC/USDT:USDT,109.74,76.0,109.73,215.0,109.75,55.0,109.76,50.0
1753769349017,06:09:09.017,kucoinfutures,LTC/USDT:USDT,109.74,76.0,109.73,215.0,109.75,105.0,109.76,50.0
1753769349021,06:09:09.021,kucoinfutures,LTC/USDT:USDT,109.74,76.0,109.73,215.0,109.75,105.0,109.76,50.0
1753769349021,06:09:09.021,kucoinfutures,LTC/USDT:USDT,109.74,76.0,109.73,215.0,109.75,105.0,109.76,50.0
1753769349023,06:09:09.023,kucoinfutures,LTC/USDT:USDT,109.74,76.0,109.73,215.0,109.75,105.0,109.76,50.0
1753769349027,06:09:09.027,kucoinfutures,LTC/USDT:USDT,109.74,76.0,109.73,215.0,109.75,105.0,109.76,50.0
1753769349439,06:09:09.439,kucoinfutures,LTC/USDT:USDT,109.74,76.0,109.73,215.0,109.75,105.0,109.76,50.0
1753769350442,06:09:10.442,kucoinfutures,LTC/USDT:USDT,109.73,215.0,109.72,634.0,109.75,105.0,109.76,137.0
1753769350504,06:09:10.504,kucoinfutures,LTC/USDT:USDT,109.73,215.0,109.72,634.0,109.75,105.0,109.76,137.0
1753769350524,06:09:10.524,kucoinfutures,LTC/USDT:USDT,109.74,55.0,109.73,215.0,109.75,105.0,109.76,137.0
1753769350528,06:09:10.528,kucoinfutures,LTC/USDT:USDT,109.74,55.0,109.73,215.0,109.75,105.0,109.76,137.0
1753769350604,06:09:10.604,kucoinfutures,LTC/USDT:USDT,109.74,55.0,109.73,215.0,109.75,105.0,109.76,137.0
1753769350750,06:09:10.750,kucoinfutures,LTC/USDT:USDT,109.73,215.0,109.72,634.0,109.74,55.0,109.75,50.0
1753769350753,06:09:10.753,kucoinfutures,LTC/USDT:USDT,109.73,188.0,109.72,634.0,109.74,55.0,109.75,50.0
1753769350755,06:09:10.755,kucoinfutures,LTC/USDT:USDT,109.73,50.0,109.72,634.0,109.74,105.0,109.75,50.0
1753769350758,06:09:10.758,kucoinfutures,LTC/USDT:USDT,109.73,50.0,109.72,634.0,109.74,105.0,109.75,50.0
1753769350790,06:09:10.790,kucoinfutures,LTC/USDT:USDT,109.73,50.0,109.72,634.0,109.74,105.0,109.75,50.0
1753769350799,06:09:10.799,kucoinfutures,LTC/USDT:USDT,109.73,50.0,109.72,634.0,109.74,105.0,109.75,50.0
1753769350799,06:09:10.799,kucoinfutures,LTC/USDT:USDT,109.73,50.0,109.72,634.0,109.74,105.0,109.75,50.0
1753769350804,06:09:10.804,kucoinfutures,LTC/USDT:USDT,109.73,50.0,109.72,634.0,109.74,105.0,109.75,50.0
1753769350887,06:09:10.887,kucoinfutures,LTC/USDT:USDT,109.73,105.0,109.72,634.0,109.74,105.0,109.75,50.0
1753769350894,06:09:10.894,kucoinfutures,LTC/USDT:USDT,109.73,105.0,109.72,634.0,109.74,105.0,109.75,50.0
1753769350897,06:09:10.897,kucoinfutures,LTC/USDT:USDT,109.73,105.0,109.72,634.0,109.74,105.0,109.75,50.0
1753769351030,06:09:11.030,kucoinfutures,LTC/USDT:USDT,109.73,105.0,109.72,634.0,109.74,50.0,109.75,50.0
1753769351104,06:09:11.104,kucoinfutures,LTC/USDT:USDT,109.73,105.0,109.72,634.0,109.74,50.0,109.75,50.0
1753769351106,06:09:11.106,kucoinfutures,LTC/USDT:USDT,109.73,105.0,109.72,634.0,109.74,50.0,109.75,50.0
1753769351114,06:09:11.114,kucoinfutures,LTC/USDT:USDT,109.73,105.0,109.72,634.0,109.74,50.0,109.75,50.0
1753769351221,06:09:11.221,kucoinfutures,LTC/USDT:USDT,109.73,105.0,109.72,634.0,109.74,50.0,109.75,50.0
1753769351453,06:09:11.453,kucoinfutures,LTC/USDT:USDT,109.73,105.0,109.72,634.0,109.74,50.0,109.75,50.0
1753769351457,06:09:11.457,kucoinfutures,LTC/USDT:USDT,109.73,105.0,109.72,634.0,109.74,50.0,109.75,50.0
1753769351457,06:09:11.457,kucoinfutures,LTC/USDT:USDT,109.73,105.0,109.72,634.0,109.74,50.0,109.75,50.0
1753769351495,06:09:11.495,kucoinfutures,LTC/USDT:USDT,109.73,105.0,109.72,634.0,109.74,50.0,109.75,50.0
1753769351502,06:09:11.502,kucoinfutures,LTC/USDT:USDT,109.73,105.0,109.72,634.0,109.74,50.0,109.75,50.0
1753769351518,06:09:11.518,kucoinfutures,LTC/USDT:USDT,109.73,105.0,109.72,634.0,109.74,50.0,109.75,50.0
1753769351583,06:09:11.583,kucoinfutures,LTC/USDT:USDT,109.73,105.0,109.72,634.0,109.74,50.0,109.75,50.0
1753769351605,06:09:11.605,kucoinfutures,LTC/USDT:USDT,109.73,105.0,109.72,634.0,109.74,50.0,109.75,50.0
1753769351816,06:09:11.816,kucoinfutures,LTC/USDT:USDT,109.73,105.0,109.72,634.0,109.74,50.0,109.75,50.0
1753769351825,06:09:11.825,kucoinfutures,LTC/USDT:USDT,109.73,105.0,109.72,634.0,109.74,50.0,109.75,50.0
1753769351825,06:09:11.825,kucoinfutures,LTC/USDT:USDT,109.73,105.0,109.72,634.0,109.74,50.0,109.75,50.0
1753769351829,06:09:11.829,kucoinfutures,LTC/USDT:USDT,109.73,105.0,109.72,634.0,109.74,50.0,109.75,50.0
1753769351903,06:09:11.903,kucoinfutures,LTC/USDT:USDT,109.73,105.0,109.72,634.0,109.75,50.0,109.76,318.0
1753769351906,06:09:11.906,kucoinfutures,LTC/USDT:USDT,109.74,76.0,109.73,273.0,109.75,50.0,109.76,203.0
1753769351908,06:09:11.908,kucoinfutures,LTC/USDT:USDT,109.74,76.0,109.73,218.0,109.75,50.0,109.76,77.0
1753769351910,06:09:11.910,kucoinfutures,LTC/USDT:USDT,109.74,76.0,109.73,218.0,109.75,50.0,109.76,77.0
1753769351913,06:09:11.913,kucoinfutures,LTC/USDT:USDT,109.74,76.0,109.73,218.0,109.75,50.0,109.76,77.0
1753769351918,06:09:11.918,kucoinfutures,LTC/USDT:USDT,109.74,76.0,109.73,218.0,109.75,50.0,109.76,77.0
1753769351921,06:09:11.921,kucoinfutures,LTC/USDT:USDT,109.74,76.0,109.73,218.0,109.75,50.0,109.76,77.0
1753769351924,06:09:11.924,kucoinfutures,LTC/USDT:USDT,109.74,76.0,109.73,218.0,109.75,50.0,109.76,77.0
1753769352004,06:09:12.004,kucoinfutures,LTC/USDT:USDT,109.74,76.0,109.73,218.0,109.75,50.0,109.76,77.0
1753769352107,06:09:12.107,kucoinfutures,LTC/USDT:USDT,109.74,76.0,109.73,218.0,109.75,50.0,109.76,77.0
1753769352399,06:09:12.399,kucoinfutures,LTC/USDT:USDT,109.74,76.0,109.73,218.0,109.76,50.0,109.77,363.0
1753769352405,06:09:12.405,kucoinfutures,LTC/USDT:USDT,109.75,55.0,109.74,76.0,109.76,50.0,109.77,122.0
1753769352425,06:09:12.425,kucoinfutures,LTC/USDT:USDT,109.75,55.0,109.73,218.0,109.76,50.0,109.77,122.0
1753769352425,06:09:12.425,kucoinfutures,LTC/USDT:USDT,109.75,55.0,109.73,344.0,109.76,50.0,109.77,122.0
1753769352430,06:09:12.430,kucoinfutures,LTC/USDT:USDT,109.75,55.0,109.74,53.0,109.76,50.0,109.77,122.0
1753769352440,06:09:12.440,kucoinfutures,LTC/USDT:USDT,109.75,55.0,109.74,53.0,109.76,50.0,109.77,170.0
1753769352605,06:09:12.605,kucoinfutures,LTC/USDT:USDT,109.74,53.0,109.73,218.0,109.75,56.0,109.76,50.0
1753769352613,06:09:12.613,kucoinfutures,LTC/USDT:USDT,109.74,79.0,109.73,218.0,109.75,56.0,109.76,50.0
1753769352614,06:09:12.614,kucoinfutures,LTC/USDT:USDT,109.74,129.0,109.73,218.0,109.75,56.0,109.76,50.0
1753769352643,06:09:12.643,kucoinfutures,LTC/USDT:USDT,109.74,129.0,109.73,218.0,109.75,56.0,109.76,50.0
1753769352786,06:09:12.786,kucoinfutures,LTC/USDT:USDT,109.75,56.0,109.74,159.0,109.76,106.0,109.77,170.0
1753769352833,06:09:12.833,kucoinfutures,LTC/USDT:USDT,109.75,56.0,109.74,159.0,109.76,106.0,109.77,170.0
1753769352833,06:09:12.833,kucoinfutures,LTC/USDT:USDT,109.75,56.0,109.74,159.0,109.76,106.0,109.77,170.0
1753769352897,06:09:12.897,kucoinfutures,LTC/USDT:USDT,109.75,56.0,109.74,103.0,109.76,106.0,109.77,170.0
1753769353020,06:09:13.020,kucoinfutures,LTC/USDT:USDT,109.74,103.0,109.73,344.0,109.76,106.0,109.77,170.0
1753769353023,06:09:13.023,kucoinfutures,LTC/USDT:USDT,109.74,103.0,109.73,218.0,109.76,106.0,109.77,170.0
1753769353027,06:09:13.027,kucoinfutures,LTC/USDT:USDT,109.74,50.0,109.73,218.0,109.76,106.0,109.77,170.0
1753769353030,06:09:13.030,kucoinfutures,LTC/USDT:USDT,109.74,50.0,109.73,218.0,109.75,56.0,109.76,50.0
1753769353034,06:09:13.034,kucoinfutures,LTC/USDT:USDT,109.74,50.0,109.73,218.0,109.75,56.0,109.76,50.0
1753769353037,06:09:13.037,kucoinfutures,LTC/USDT:USDT,109.74,50.0,109.73,218.0,109.75,56.0,109.76,50.0
1753769353038,06:09:13.038,kucoinfutures,LTC/USDT:USDT,109.74,50.0,109.73,218.0,109.75,56.0,109.76,50.0
1753769353050,06:09:13.050,kucoinfutures,LTC/USDT:USDT,109.74,106.0,109.73,218.0,109.75,56.0,109.76,50.0
1753769353813,06:09:13.813,kucoinfutures,LTC/USDT:USDT,109.74,106.0,109.73,218.0,109.75,56.0,109.76,50.0
1753769353815,06:09:13.815,kucoinfutures,LTC/USDT:USDT,109.74,106.0,109.73,218.0,109.76,50.0,109.77,170.0
1753769353815,06:09:13.815,kucoinfutures,LTC/USDT:USDT,109.74,106.0,109.73,218.0,109.76,50.0,109.77,170.0
1753769353817,06:09:13.817,kucoinfutures,LTC/USDT:USDT,109.75,21.0,109.74,106.0,109.76,50.0,109.77,170.0
1753769353818,06:09:13.818,kucoinfutures,LTC/USDT:USDT,109.75,77.0,109.74,50.0,109.76,50.0,109.77,170.0
1753769353819,06:09:13.819,kucoinfutures,LTC/USDT:USDT,109.75,77.0,109.74,50.0,109.76,50.0,109.77,170.0
1753769353819,06:09:13.819,kucoinfutures,LTC/USDT:USDT,109.75,77.0,109.74,50.0,109.76,50.0,109.77,170.0
1753769353822,06:09:13.822,kucoinfutures,LTC/USDT:USDT,109.75,77.0,109.74,50.0,109.76,50.0,109.77,170.0
1753769353825,06:09:13.825,kucoinfutures,LTC/USDT:USDT,109.75,77.0,109.74,50.0,109.76,50.0,109.77,170.0
1753769353825,06:09:13.825,kucoinfutures,LTC/USDT:USDT,109.75,77.0,109.74,50.0,109.76,50.0,109.77,170.0
1753769353830,06:09:13.830,kucoinfutures,LTC/USDT:USDT,109.75,77.0,109.74,50.0,109.76,50.0,109.77,122.0
1753769353832,06:09:13.832,kucoinfutures,LTC/USDT:USDT,109.75,77.0,109.74,50.0,109.76,50.0,109.77,122.0
1753769353851,06:09:13.851,kucoinfutures,LTC/USDT:USDT,109.75,77.0,109.74,50.0,109.76,50.0,109.77,122.0
1753769353855,06:09:13.855,kucoinfutures,LTC/USDT:USDT,109.75,77.0,109.74,103.0,109.76,50.0,109.77,122.0
1753769353870,06:09:13.870,kucoinfutures,LTC/USDT:USDT,109.75,77.0,109.74,103.0,109.76,50.0,109.77,122.0
1753769353905,06:09:13.905,kucoinfutures,LTC/USDT:USDT,109.75,77.0,109.74,103.0,109.76,50.0,109.77,122.0
1753769354203,06:09:14.203,kucoinfutures,LTC/USDT:USDT,109.75,77.0,109.74,103.0,109.76,50.0,109.77,122.0
1753769354205,06:09:14.205,kucoinfutures,LTC/USDT:USDT,109.75,77.0,109.74,103.0,109.76,50.0,109.77,122.0
1753769354209,06:09:14.209,kucoinfutures,LTC/USDT:USDT,109.75,77.0,109.74,103.0,109.76,50.0,109.77,122.0
1753769354814,06:09:14.814,kucoinfutures,LTC/USDT:USDT,109.75,77.0,109.74,103.0,109.76,50.0,109.77,122.0
1753769354990,06:09:14.990,kucoinfutures,LTC/USDT:USDT,109.75,77.0,109.74,103.0,109.76,50.0,109.77,122.0
1753769355081,06:09:15.081,kucoinfutures,LTC/USDT:USDT,109.76,106.0,109.75,53.0,109.77,50.0,109.78,105.0
1753769355105,06:09:15.105,kucoinfutures,LTC/USDT:USDT,109.76,106.0,109.75,53.0,109.77,50.0,109.78,105.0
1753769355110,06:09:15.110,kucoinfutures,LTC/USDT:USDT,109.76,106.0,109.75,53.0,109.77,50.0,109.78,105.0
1753769355111,06:09:15.111,kucoinfutures,LTC/USDT:USDT,109.76,106.0,109.75,53.0,109.77,50.0,109.78,105.0
1753769355112,06:09:15.112,kucoinfutures,LTC/USDT:USDT,109.76,106.0,109.75,53.0,109.77,50.0,109.78,105.0
1753769355119,06:09:15.119,kucoinfutures,LTC/USDT:USDT,109.76,106.0,109.75,53.0,109.77,50.0,109.78,105.0
1753769355131,06:09:15.131,kucoinfutures,LTC/USDT:USDT,109.76,106.0,109.75,53.0,109.77,50.0,109.78,105.0
1753769355217,06:09:15.217,kucoinfutures,LTC/USDT:USDT,109.76,106.0,109.75,53.0,109.77,50.0,109.78,105.0
1753769355252,06:09:15.252,kucoinfutures,LTC/USDT:USDT,109.76,106.0,109.75,53.0,109.77,50.0,109.78,105.0
1753769355270,06:09:15.270,kucoinfutures,LTC/USDT:USDT,109.76,106.0,109.75,53.0,109.77,50.0,109.78,105.0
1753769355274,06:09:15.274,kucoinfutures,LTC/USDT:USDT,109.76,106.0,109.75,53.0,109.77,50.0,109.78,105.0
1753769355275,06:09:15.275,kucoinfutures,LTC/USDT:USDT,109.76,106.0,109.75,53.0,109.77,50.0,109.78,105.0
1753769355275,06:09:15.275,kucoinfutures,LTC/USDT:USDT,109.76,106.0,109.75,53.0,109.77,50.0,109.78,105.0
1753769355304,06:09:15.304,kucoinfutures,LTC/USDT:USDT,109.76,106.0,109.75,53.0,109.77,50.0,109.78,105.0
1753769355306,06:09:15.306,kucoinfutures,LTC/USDT:USDT,109.76,106.0,109.75,53.0,109.77,50.0,109.78,105.0
1753769355357,06:09:15.357,kucoinfutures,LTC/USDT:USDT,109.76,106.0,109.75,53.0,109.77,50.0,109.78,105.0
1753769355445,06:09:15.445,kucoinfutures,LTC/USDT:USDT,109.76,106.0,109.75,53.0,109.77,50.0,109.78,105.0
1753769355450,06:09:15.450,kucoinfutures,LTC/USDT:USDT,109.76,106.0,109.75,53.0,109.77,50.0,109.78,105.0
1753769355454,06:09:15.454,kucoinfutures,LTC/USDT:USDT,109.76,106.0,109.75,53.0,109.77,50.0,109.78,105.0
1753769355465,06:09:15.465,kucoinfutures,LTC/USDT:USDT,109.76,106.0,109.75,53.0,109.77,50.0,109.78,105.0
1753769355465,06:09:15.465,kucoinfutures,LTC/USDT:USDT,109.76,106.0,109.75,53.0,109.77,50.0,109.78,105.0
1753769355479,06:09:15.479,kucoinfutures,LTC/USDT:USDT,109.76,106.0,109.75,53.0,109.77,50.0,109.78,105.0
1753769355493,06:09:15.493,kucoinfutures,LTC/USDT:USDT,109.76,106.0,109.75,564.0,109.77,50.0,109.78,105.0
1753769355605,06:09:15.605,kucoinfutures,LTC/USDT:USDT,109.76,106.0,109.75,564.0,109.77,50.0,109.78,105.0
1753769355668,06:09:15.668,kucoinfutures,LTC/USDT:USDT,109.76,106.0,109.75,564.0,109.77,50.0,109.78,105.0
1753769355674,06:09:15.674,kucoinfutures,LTC/USDT:USDT,109.76,106.0,109.75,564.0,109.77,50.0,109.78,105.0
1753769355735,06:09:15.735,kucoinfutures,LTC/USDT:USDT,109.76,106.0,109.75,564.0,109.77,50.0,109.78,105.0
1753769355883,06:09:15.883,kucoinfutures,LTC/USDT:USDT,109.76,106.0,109.75,564.0,109.77,50.0,109.78,105.0
1753769356098,06:09:16.098,kucoinfutures,LTC/USDT:USDT,109.76,106.0,109.75,564.0,109.77,50.0,109.78,105.0
1753769356101,06:09:16.101,kucoinfutures,LTC/USDT:USDT,109.76,106.0,109.75,564.0,109.77,50.0,109.78,105.0
1753769356351,06:09:16.351,kucoinfutures,LTC/USDT:USDT,109.76,106.0,109.75,564.0,109.78,105.0,109.79,291.0
1753769356351,06:09:16.351,kucoinfutures,LTC/USDT:USDT,109.76,106.0,109.75,564.0,109.78,105.0,109.79,165.0
1753769356351,06:09:16.351,kucoinfutures,LTC/USDT:USDT,109.76,106.0,109.75,564.0,109.78,105.0,109.79,50.0
1753769356353,06:09:16.353,kucoinfutures,LTC/USDT:USDT,109.76,106.0,109.75,564.0,109.78,105.0,109.79,50.0
1753769356353,06:09:16.353,kucoinfutures,LTC/USDT:USDT,109.76,106.0,109.75,564.0,109.78,105.0,109.79,50.0
1753769356354,06:09:16.354,kucoinfutures,LTC/USDT:USDT,109.77,21.0,109.76,232.0,109.78,105.0,109.79,50.0
1753769356354,06:09:16.354,kucoinfutures,LTC/USDT:USDT,109.77,77.0,109.76,232.0,109.78,105.0,109.79,50.0
1753769356355,06:09:16.355,kucoinfutures,LTC/USDT:USDT,109.77,77.0,109.76,259.0,109.78,105.0,109.79,50.0
1753769356357,06:09:16.357,kucoinfutures,LTC/USDT:USDT,109.77,77.0,109.76,203.0,109.78,105.0,109.79,50.0
1753769356358,06:09:16.358,kucoinfutures,LTC/USDT:USDT,109.77,101.0,109.76,203.0,109.78,105.0,109.79,50.0
1753769356359,06:09:16.359,kucoinfutures,LTC/USDT:USDT,109.77,101.0,109.76,203.0,109.78,105.0,109.79,50.0
1753769356385,06:09:16.385,kucoinfutures,LTC/USDT:USDT,109.77,101.0,109.76,203.0,109.78,105.0,109.79,50.0
1753769356397,06:09:16.397,kucoinfutures,LTC/USDT:USDT,109.77,101.0,109.76,203.0,109.78,105.0,109.79,50.0
1753769356399,06:09:16.399,kucoinfutures,LTC/USDT:USDT,109.77,101.0,109.76,203.0,109.78,105.0,109.79,50.0
1753769356405,06:09:16.405,kucoinfutures,LTC/USDT:USDT,109.77,101.0,109.76,203.0,109.78,105.0,109.79,50.0
1753769356409,06:09:16.409,kucoinfutures,LTC/USDT:USDT,109.77,101.0,109.76,203.0,109.78,105.0,109.79,50.0
1753769356409,06:09:16.409,kucoinfutures,LTC/USDT:USDT,109.77,77.0,109.76,203.0,109.78,105.0,109.79,50.0
1753769356425,06:09:16.425,kucoinfutures,LTC/USDT:USDT,109.77,77.0,109.76,203.0,109.78,105.0,109.79,50.0
1753769356699,06:09:16.699,kucoinfutures,LTC/USDT:USDT,109.77,77.0,109.76,203.0,109.78,105.0,109.79,50.0
1753769356703,06:09:16.703,kucoinfutures,LTC/USDT:USDT,109.77,77.0,109.76,203.0,109.78,105.0,109.79,50.0
1753769356848,06:09:16.848,kucoinfutures,LTC/USDT:USDT,109.77,77.0,109.76,203.0,109.78,55.0,109.79,50.0
1753769356901,06:09:16.901,kucoinfutures,LTC/USDT:USDT,109.77,77.0,109.76,203.0,109.78,55.0,109.79,50.0
1753769356927,06:09:16.927,kucoinfutures,LTC/USDT:USDT,109.77,77.0,109.76,203.0,109.78,105.0,109.79,50.0
1753769357676,06:09:17.676,kucoinfutures,LTC/USDT:USDT,109.77,77.0,109.76,203.0,109.78,105.0,109.79,50.0
1753769357709,06:09:17.709,kucoinfutures,LTC/USDT:USDT,109.77,77.0,109.76,203.0,109.78,105.0,109.79,50.0
1753769357713,06:09:17.713,kucoinfutures,LTC/USDT:USDT,109.77,77.0,109.76,203.0,109.78,105.0,109.79,50.0
1753769357714,06:09:17.714,kucoinfutures,LTC/USDT:USDT,109.77,77.0,109.76,203.0,109.78,105.0,109.79,50.0
1753769357717,06:09:17.717,kucoinfutures,LTC/USDT:USDT,109.77,77.0,109.76,203.0,109.78,105.0,109.79,50.0
1753769358600,06:09:18.600,kucoinfutures,LTC/USDT:USDT,109.77,77.0,109.76,203.0,109.78,105.0,109.79,50.0
1753769358775,06:09:18.775,kucoinfutures,LTC/USDT:USDT,109.77,77.0,109.76,203.0,109.78,105.0,109.79,50.0
1753769358825,06:09:18.825,kucoinfutures,LTC/USDT:USDT,109.77,77.0,109.76,203.0,109.78,55.0,109.79,50.0
1753769358906,06:09:18.906,kucoinfutures,LTC/USDT:USDT,109.77,77.0,109.76,203.0,109.78,105.0,109.79,50.0
1753769359726,06:09:19.726,kucoinfutures,LTC/USDT:USDT,109.77,77.0,109.76,203.0,109.78,50.0,109.79,50.0
1753769359751,06:09:19.751,kucoinfutures,LTC/USDT:USDT,109.77,77.0,109.76,203.0,109.78,50.0,109.79,50.0
1753769359756,06:09:19.756,kucoinfutures,LTC/USDT:USDT,109.77,77.0,109.76,203.0,109.78,50.0,109.79,50.0
1753769359757,06:09:19.757,kucoinfutures,LTC/USDT:USDT,109.77,77.0,109.76,203.0,109.78,50.0,109.79,50.0
1753769359778,06:09:19.778,kucoinfutures,LTC/USDT:USDT,109.78,56.0,109.76,203.0,109.79,50.0,109.8,154.0
1753769359778,06:09:19.778,kucoinfutures,LTC/USDT:USDT,109.78,56.0,109.76,203.0,109.79,50.0,109.8,154.0
1753769359784,06:09:19.784,kucoinfutures,LTC/USDT:USDT,109.78,56.0,109.76,203.0,109.79,50.0,109.8,154.0
1753769359787,06:09:19.787,kucoinfutures,LTC/USDT:USDT,109.78,56.0,109.76,203.0,109.79,50.0,109.8,154.0
1753769359789,06:09:19.789,kucoinfutures,LTC/USDT:USDT,109.78,56.0,109.76,203.0,109.79,50.0,109.8,154.0
1753769359800,06:09:19.800,kucoinfutures,LTC/USDT:USDT,109.78,56.0,109.77,53.0,109.79,50.0,109.8,154.0
1753769359805,06:09:19.805,kucoinfutures,LTC/USDT:USDT,109.78,56.0,109.77,53.0,109.79,50.0,109.8,154.0
1753769359869,06:09:19.869,kucoinfutures,LTC/USDT:USDT,109.78,56.0,109.77,53.0,109.79,50.0,109.8,105.0
1753769359870,06:09:19.870,kucoinfutures,LTC/USDT:USDT,109.78,56.0,109.77,53.0,109.79,50.0,109.8,105.0
1753769359870,06:09:19.870,kucoinfutures,LTC/USDT:USDT,109.78,56.0,109.77,53.0,109.79,50.0,109.8,105.0
1753769359873,06:09:19.873,kucoinfutures,LTC/USDT:USDT,109.78,56.0,109.77,53.0,109.79,50.0,109.8,105.0
1753769359887,06:09:19.887,kucoinfutures,LTC/USDT:USDT,109.78,56.0,109.77,53.0,109.8,105.0,109.81,344.0
1753769359966,06:09:19.966,kucoinfutures,LTC/USDT:USDT,109.79,56.0,109.78,103.0,109.8,105.0,109.81,50.0
1753769359985,06:09:19.985,kucoinfutures,LTC/USDT:USDT,109.79,56.0,109.78,103.0,109.8,105.0,109.81,50.0
1753769359987,06:09:19.987,kucoinfutures,LTC/USDT:USDT,109.79,56.0,109.78,103.0,109.8,105.0,109.81,50.0
1753769359987,06:09:19.987,kucoinfutures,LTC/USDT:USDT,109.79,56.0,109.78,103.0,109.8,105.0,109.81,50.0
1753769359989,06:09:19.989,kucoinfutures,LTC/USDT:USDT,109.79,56.0,109.78,103.0,109.8,105.0,109.81,50.0
1753769360022,06:09:20.022,kucoinfutures,LTC/USDT:USDT,109.79,56.0,109.78,103.0,109.8,50.0,109.81,50.0
1753769360174,06:09:20.174,kucoinfutures,LTC/USDT:USDT,109.79,56.0,109.78,103.0,109.8,50.0,109.81,50.0
1753769360180,06:09:20.180,kucoinfutures,LTC/USDT:USDT,109.79,56.0,109.78,103.0,109.8,50.0,109.81,50.0
1753769360198,06:09:20.198,kucoinfutures,LTC/USDT:USDT,109.79,56.0,109.78,103.0,109.8,50.0,109.81,50.0
1753769360202,06:09:20.202,kucoinfutures,LTC/USDT:USDT,109.79,56.0,109.78,103.0,109.8,50.0,109.81,50.0
1753769360291,06:09:20.291,kucoinfutures,LTC/USDT:USDT,109.79,56.0,109.78,103.0,109.8,50.0,109.81,50.0
1753769360295,06:09:20.295,kucoinfutures,LTC/USDT:USDT,109.79,56.0,109.78,103.0,109.8,50.0,109.81,50.0
1753769360298,06:09:20.298,kucoinfutures,LTC/USDT:USDT,109.79,56.0,109.78,103.0,109.8,50.0,109.81,50.0
1753769360301,06:09:20.301,kucoinfutures,LTC/USDT:USDT,109.79,56.0,109.78,103.0,109.8,50.0,109.81,50.0
1753769360303,06:09:20.303,kucoinfutures,LTC/USDT:USDT,109.79,56.0,109.78,103.0,109.8,50.0,109.81,50.0
1753769360352,06:09:20.352,kucoinfutures,LTC/USDT:USDT,109.79,56.0,109.78,103.0,109.8,50.0,109.81,50.0
1753769360353,06:09:20.353,kucoinfutures,LTC/USDT:USDT,109.79,56.0,109.78,103.0,109.8,50.0,109.81,50.0
1753769360359,06:09:20.359,kucoinfutures,LTC/USDT:USDT,109.79,56.0,109.78,103.0,109.8,50.0,109.81,50.0
1753769360390,06:09:20.390,kucoinfutures,LTC/USDT:USDT,109.79,56.0,109.78,613.0,109.8,50.0,109.81,50.0
1753769360395,06:09:20.395,kucoinfutures,LTC/USDT:USDT,109.79,56.0,109.78,613.0,109.8,50.0,109.81,50.0
1753769360396,06:09:20.396,kucoinfutures,LTC/USDT:USDT,109.79,56.0,109.78,613.0,109.8,50.0,109.81,50.0
1753769360399,06:09:20.399,kucoinfutures,LTC/USDT:USDT,109.79,56.0,109.78,613.0,109.8,50.0,109.81,50.0
1753769360408,06:09:20.408,kucoinfutures,LTC/USDT:USDT,109.79,56.0,109.78,613.0,109.8,50.0,109.81,50.0
1753769360489,06:09:20.489,kucoinfutures,LTC/USDT:USDT,109.79,56.0,109.78,613.0,109.8,50.0,109.81,50.0
1753769360493,06:09:20.493,kucoinfutures,LTC/USDT:USDT,109.79,56.0,109.78,613.0,109.8,50.0,109.81,50.0
1753769360561,06:09:20.561,kucoinfutures,LTC/USDT:USDT,109.79,56.0,109.78,613.0,109.81,50.0,109.82,106.0
1753769360565,06:09:20.565,kucoinfutures,LTC/USDT:USDT,109.79,56.0,109.78,613.0,109.81,50.0,109.82,106.0
1753769360570,06:09:20.570,kucoinfutures,LTC/USDT:USDT,109.8,133.0,109.79,168.0,109.81,50.0,109.82,106.0
1753769360592,06:09:20.592,kucoinfutures,LTC/USDT:USDT,109.8,133.0,109.79,168.0,109.81,50.0,109.82,106.0
1753769360605,06:09:20.605,kucoinfutures,LTC/USDT:USDT,109.8,133.0,109.79,168.0,109.81,50.0,109.82,106.0
1753769360610,06:09:20.610,kucoinfutures,LTC/USDT:USDT,109.8,133.0,109.79,168.0,109.81,50.0,109.82,106.0
1753769360612,06:09:20.612,kucoinfutures,LTC/USDT:USDT,109.8,133.0,109.79,168.0,109.81,50.0,109.82,106.0
1753769360679,06:09:20.679,kucoinfutures,LTC/USDT:USDT,109.8,133.0,109.79,168.0,109.81,50.0,109.82,106.0
1753769360792,06:09:20.792,kucoinfutures,LTC/USDT:USDT,109.8,133.0,109.79,168.0,109.81,50.0,109.82,106.0
1753769360803,06:09:20.803,kucoinfutures,LTC/USDT:USDT,109.8,133.0,109.79,168.0,109.81,50.0,109.82,106.0
1753769360835,06:09:20.835,kucoinfutures,LTC/USDT:USDT,109.8,133.0,109.79,168.0,109.81,50.0,109.82,106.0
1753769360839,06:09:20.839,kucoinfutures,LTC/USDT:USDT,109.8,133.0,109.79,168.0,109.81,50.0,109.82,106.0
1753769361048,06:09:21.048,kucoinfutures,LTC/USDT:USDT,109.8,133.0,109.79,168.0,109.81,50.0,109.82,106.0
1753769361110,06:09:21.110,kucoinfutures,LTC/USDT:USDT,109.8,133.0,109.79,168.0,109.81,50.0,109.82,106.0
1753769361131,06:09:21.131,kucoinfutures,LTC/USDT:USDT,109.8,133.0,109.79,168.0,109.81,50.0,109.82,106.0
1753769361210,06:09:21.210,kucoinfutures,LTC/USDT:USDT,109.81,56.0,109.8,50.0,109.82,50.0,109.83,53.0
1753769361212,06:09:21.212,kucoinfutures,LTC/USDT:USDT,109.81,77.0,109.8,50.0,109.82,50.0,109.83,53.0
1753769361220,06:09:21.220,kucoinfutures,LTC/USDT:USDT,109.81,77.0,109.8,50.0,109.82,50.0,109.83,53.0
1753769361239,06:09:21.239,kucoinfutures,LTC/USDT:USDT,109.81,77.0,109.8,50.0,109.82,50.0,109.83,53.0
1753769361307,06:09:21.307,kucoinfutures,LTC/USDT:USDT,109.81,77.0,109.8,77.0,109.82,50.0,109.83,53.0
1753769361309,06:09:21.309,kucoinfutures,LTC/USDT:USDT,109.81,77.0,109.8,77.0,109.82,50.0,109.83,53.0
1753769361335,06:09:21.335,kucoinfutures,LTC/USDT:USDT,109.81,77.0,109.8,77.0,109.82,50.0,109.83,53.0
1753769361347,06:09:21.347,kucoinfutures,LTC/USDT:USDT,109.81,77.0,109.8,77.0,109.82,50.0,109.83,53.0
1753769361367,06:09:21.367,kucoinfutures,LTC/USDT:USDT,109.81,77.0,109.8,77.0,109.82,50.0,109.83,53.0
1753769361375,06:09:21.375,kucoinfutures,LTC/USDT:USDT,109.81,77.0,109.8,77.0,109.82,50.0,109.83,53.0
1753769361389,06:09:21.389,kucoinfutures,LTC/USDT:USDT,109.81,77.0,109.8,77.0,109.82,50.0,109.83,53.0
1753769361394,06:09:21.394,kucoinfutures,LTC/USDT:USDT,109.81,77.0,109.8,77.0,109.82,50.0,109.83,53.0
1753769361432,06:09:21.432,kucoinfutures,LTC/USDT:USDT,109.81,77.0,109.8,77.0,109.82,50.0,109.83,53.0
1753769361432,06:09:21.432,kucoinfutures,LTC/USDT:USDT,109.81,77.0,109.8,77.0,109.82,50.0,109.83,53.0
1753769361435,06:09:21.435,kucoinfutures,LTC/USDT:USDT,109.81,77.0,109.8,77.0,109.82,50.0,109.83,53.0
1753769361492,06:09:21.492,kucoinfutures,LTC/USDT:USDT,109.81,77.0,109.8,77.0,109.82,50.0,109.83,53.0
1753769361501,06:09:21.501,kucoinfutures,LTC/USDT:USDT,109.81,77.0,109.8,77.0,109.82,50.0,109.83,53.0
1753769361548,06:09:21.548,kucoinfutures,LTC/USDT:USDT,109.81,77.0,109.8,77.0,109.82,50.0,109.83,53.0
1753769361695,06:09:21.695,kucoinfutures,LTC/USDT:USDT,109.81,77.0,109.8,77.0,109.82,50.0,109.83,53.0
1753769361698,06:09:21.698,kucoinfutures,LTC/USDT:USDT,109.81,77.0,109.8,77.0,109.82,50.0,109.83,53.0
1753769361702,06:09:21.702,kucoinfutures,LTC/USDT:USDT,109.81,77.0,109.8,77.0,109.82,50.0,109.83,53.0
1753769361812,06:09:21.812,kucoinfutures,LTC/USDT:USDT,109.81,77.0,109.8,77.0,109.82,50.0,109.83,53.0
1753769361846,06:09:21.846,kucoinfutures,LTC/USDT:USDT,109.81,77.0,109.8,77.0,109.82,50.0,109.83,53.0
1753769361848,06:09:21.848,kucoinfutures,LTC/USDT:USDT,109.81,77.0,109.8,77.0,109.82,50.0,109.83,53.0
1753769361850,06:09:21.850,kucoinfutures,LTC/USDT:USDT,109.81,77.0,109.8,77.0,109.82,50.0,109.83,53.0
1753769361852,06:09:21.852,kucoinfutures,LTC/USDT:USDT,109.81,77.0,109.8,77.0,109.82,50.0,109.83,53.0
1753769361887,06:09:21.887,kucoinfutures,LTC/USDT:USDT,109.81,77.0,109.8,77.0,109.82,50.0,109.83,53.0
1753769361958,06:09:21.958,kucoinfutures,LTC/USDT:USDT,109.81,77.0,109.8,77.0,109.82,50.0,109.83,53.0
1753769361959,06:09:21.959,kucoinfutures,LTC/USDT:USDT,109.81,77.0,109.8,77.0,109.82,50.0,109.83,53.0
1753769361965,06:09:21.965,kucoinfutures,LTC/USDT:USDT,109.81,77.0,109.8,77.0,109.82,106.0,109.83,53.0
1753769361987,06:09:21.987,kucoinfutures,LTC/USDT:USDT,109.81,77.0,109.8,77.0,109.82,106.0,109.83,53.0
1753769362025,06:09:22.025,kucoinfutures,LTC/USDT:USDT,109.81,77.0,109.8,77.0,109.82,106.0,109.83,53.0
1753769362028,06:09:22.028,kucoinfutures,LTC/USDT:USDT,109.81,77.0,109.8,77.0,109.82,106.0,109.83,53.0
1753769362029,06:09:22.029,kucoinfutures,LTC/USDT:USDT,109.81,77.0,109.8,77.0,109.82,106.0,109.83,53.0
1753769362031,06:09:22.031,kucoinfutures,LTC/USDT:USDT,109.81,77.0,109.8,77.0,109.82,106.0,109.83,53.0
1753769362194,06:09:22.194,kucoinfutures,LTC/USDT:USDT,109.81,77.0,109.8,77.0,109.82,106.0,109.83,53.0
1753769362198,06:09:22.198,kucoinfutures,LTC/USDT:USDT,109.81,77.0,109.8,77.0,109.82,106.0,109.83,53.0
1753769362367,06:09:22.367,kucoinfutures,LTC/USDT:USDT,109.81,77.0,109.8,77.0,109.82,106.0,109.83,53.0
1753769362369,06:09:22.369,kucoinfutures,LTC/USDT:USDT,109.81,77.0,109.8,77.0,109.82,106.0,109.83,53.0
1753769363195,06:09:23.195,kucoinfutures,LTC/USDT:USDT,109.81,77.0,109.8,77.0,109.82,106.0,109.83,53.0
1753769363198,06:09:23.198,kucoinfutures,LTC/USDT:USDT,109.81,77.0,109.8,77.0,109.82,106.0,109.83,53.0
1753769363199,06:09:23.199,kucoinfutures,LTC/USDT:USDT,109.81,77.0,109.8,77.0,109.82,106.0,109.83,53.0
1753769363315,06:09:23.315,kucoinfutures,LTC/USDT:USDT,109.81,77.0,109.8,77.0,109.82,106.0,109.83,53.0
1753769363316,06:09:23.316,kucoinfutures,LTC/USDT:USDT,109.81,77.0,109.8,77.0,109.82,106.0,109.83,53.0
1753769363318,06:09:23.318,kucoinfutures,LTC/USDT:USDT,109.81,77.0,109.8,77.0,109.82,106.0,109.83,53.0
1753769363513,06:09:23.513,kucoinfutures,LTC/USDT:USDT,109.81,77.0,109.8,77.0,109.82,106.0,109.83,53.0
1753769363516,06:09:23.516,kucoinfutures,LTC/USDT:USDT,109.81,77.0,109.8,77.0,109.82,106.0,109.83,53.0
1753769363518,06:09:23.518,kucoinfutures,LTC/USDT:USDT,109.81,77.0,109.8,77.0,109.82,106.0,109.83,53.0
1753769363779,06:09:23.779,kucoinfutures,LTC/USDT:USDT,109.8,77.0,109.79,294.0,109.82,106.0,109.83,53.0
1753769363780,06:09:23.780,kucoinfutures,LTC/USDT:USDT,109.8,77.0,109.79,294.0,109.82,106.0,109.83,157.0
1753769363783,06:09:23.783,kucoinfutures,LTC/USDT:USDT,109.8,77.0,109.79,168.0,109.81,54.0,109.82,106.0
1753769363784,06:09:23.784,kucoinfutures,LTC/USDT:USDT,109.8,77.0,109.79,168.0,109.81,54.0,109.82,50.0
1753769363786,06:09:23.786,kucoinfutures,LTC/USDT:USDT,109.8,50.0,109.79,168.0,109.81,104.0,109.82,50.0
1753769363788,06:09:23.788,kucoinfutures,LTC/USDT:USDT,109.8,50.0,109.79,168.0,109.81,104.0,109.82,50.0
1753769363802,06:09:23.802,kucoinfutures,LTC/USDT:USDT,109.8,50.0,109.79,168.0,109.81,104.0,109.82,50.0
1753769363806,06:09:23.806,kucoinfutures,LTC/USDT:USDT,109.8,50.0,109.79,168.0,109.81,104.0,109.82,50.0
1753769363814,06:09:23.814,kucoinfutures,LTC/USDT:USDT,109.8,50.0,109.79,168.0,109.81,104.0,109.82,50.0
1753769363854,06:09:23.854,kucoinfutures,LTC/USDT:USDT,109.8,50.0,109.79,168.0,109.81,104.0,109.82,50.0
1753769363856,06:09:23.856,kucoinfutures,LTC/USDT:USDT,109.8,50.0,109.79,168.0,109.81,104.0,109.82,50.0
1753769363858,06:09:23.858,kucoinfutures,LTC/USDT:USDT,109.8,50.0,109.79,168.0,109.81,104.0,109.82,50.0
1753769363883,06:09:23.883,kucoinfutures,LTC/USDT:USDT,109.8,50.0,109.79,168.0,109.81,104.0,109.82,50.0
1753769363885,06:09:23.885,kucoinfutures,LTC/USDT:USDT,109.8,50.0,109.79,168.0,109.81,104.0,109.82,50.0
1753769364018,06:09:24.018,kucoinfutures,LTC/USDT:USDT,109.8,50.0,109.79,168.0,109.81,104.0,109.82,50.0
1753769364056,06:09:24.056,kucoinfutures,LTC/USDT:USDT,109.8,104.0,109.79,168.0,109.81,104.0,109.82,50.0
1753769364574,06:09:24.574,kucoinfutures,LTC/USDT:USDT,109.8,50.0,109.79,168.0,109.81,104.0,109.82,50.0
1753769364654,06:09:24.654,kucoinfutures,LTC/USDT:USDT,109.8,50.0,109.79,168.0,109.81,104.0,109.82,50.0
1753769364658,06:09:24.658,kucoinfutures,LTC/USDT:USDT,109.8,50.0,109.79,168.0,109.81,104.0,109.82,50.0
1753769364661,06:09:24.661,kucoinfutures,LTC/USDT:USDT,109.8,50.0,109.79,168.0,109.81,104.0,109.82,50.0
1753769364769,06:09:24.769,kucoinfutures,LTC/USDT:USDT,109.8,50.0,109.79,168.0,109.81,104.0,109.82,50.0
1753769364773,06:09:24.773,kucoinfutures,LTC/USDT:USDT,109.8,50.0,109.79,168.0,109.81,104.0,109.82,77.0
1753769364773,06:09:24.773,kucoinfutures,LTC/USDT:USDT,109.8,50.0,109.79,168.0,109.81,104.0,109.82,138.0
1753769364793,06:09:24.793,kucoinfutures,LTC/USDT:USDT,109.8,50.0,109.79,168.0,109.81,104.0,109.82,138.0
1753769364817,06:09:24.817,kucoinfutures,LTC/USDT:USDT,109.8,50.0,109.79,168.0,109.81,104.0,109.82,138.0
1753769364817,06:09:24.817,kucoinfutures,LTC/USDT:USDT,109.8,50.0,109.79,168.0,109.81,104.0,109.82,138.0
1753769364845,06:09:24.845,kucoinfutures,LTC/USDT:USDT,109.8,50.0,109.79,168.0,109.81,104.0,109.82,138.0
1753769364846,06:09:24.846,kucoinfutures,LTC/USDT:USDT,109.8,50.0,109.79,168.0,109.81,104.0,109.82,138.0
1753769364854,06:09:24.854,kucoinfutures,LTC/USDT:USDT,109.8,50.0,109.79,168.0,109.81,104.0,109.82,138.0
1753769364862,06:09:24.862,kucoinfutures,LTC/USDT:USDT,109.8,104.0,109.79,168.0,109.81,50.0,109.82,138.0
1753769364992,06:09:24.992,kucoinfutures,LTC/USDT:USDT,109.8,104.0,109.79,168.0,109.81,50.0,109.82,50.0
1753769365045,06:09:25.045,kucoinfutures,LTC/USDT:USDT,109.8,104.0,109.79,168.0,109.81,50.0,109.82,50.0
1753769365048,06:09:25.048,kucoinfutures,LTC/USDT:USDT,109.8,104.0,109.79,168.0,109.81,50.0,109.82,50.0
1753769365561,06:09:25.561,kucoinfutures,LTC/USDT:USDT,109.8,104.0,109.79,168.0,109.81,50.0,109.82,50.0
1753769365616,06:09:25.616,kucoinfutures,LTC/USDT:USDT,109.8,104.0,109.79,168.0,109.81,50.0,109.82,50.0
1753769365616,06:09:25.616,kucoinfutures,LTC/USDT:USDT,109.8,104.0,109.79,168.0,109.81,50.0,109.82,50.0
1753769365766,06:09:25.766,kucoinfutures,LTC/USDT:USDT,109.8,104.0,109.79,168.0,109.82,50.0,109.83,119.0
1753769365776,06:09:25.776,kucoinfutures,LTC/USDT:USDT,109.81,54.0,109.8,50.0,109.82,104.0,109.83,119.0
1753769365796,06:09:25.796,kucoinfutures,LTC/USDT:USDT,109.81,54.0,109.8,50.0,109.82,104.0,109.83,119.0
1753769365799,06:09:25.799,kucoinfutures,LTC/USDT:USDT,109.81,54.0,109.8,77.0,109.82,104.0,109.83,119.0
1753769365829,06:09:25.829,kucoinfutures,LTC/USDT:USDT,109.8,77.0,109.79,168.0,109.81,54.0,109.82,104.0
1753769365914,06:09:25.914,kucoinfutures,LTC/USDT:USDT,109.8,50.0,109.79,168.0,109.81,104.0,109.82,50.0
1753769365920,06:09:25.920,kucoinfutures,LTC/USDT:USDT,109.8,104.0,109.79,168.0,109.81,104.0,109.82,50.0
1753769365992,06:09:25.992,kucoinfutures,LTC/USDT:USDT,109.8,104.0,109.79,168.0,109.81,50.0,109.82,50.0
1753769366051,06:09:26.051,kucoinfutures,LTC/USDT:USDT,109.8,104.0,109.79,168.0,109.81,50.0,109.82,50.0
1753769366212,06:09:26.212,kucoinfutures,LTC/USDT:USDT,109.8,54.0,109.79,168.0,109.81,104.0,109.82,50.0
1753769366225,06:09:26.225,kucoinfutures,LTC/USDT:USDT,109.79,168.0,109.78,739.0,109.8,54.0,109.81,50.0
1753769366254,06:09:26.254,kucoinfutures,LTC/USDT:USDT,109.78,613.0,109.77,229.0,109.8,104.0,109.81,50.0
1753769366261,06:09:26.261,kucoinfutures,LTC/USDT:USDT,109.79,81.0,109.78,613.0,109.8,104.0,109.81,50.0
1753769366327,06:09:26.327,kucoinfutures,LTC/USDT:USDT,109.79,54.0,109.78,609.0,109.8,104.0,109.81,50.0
1753769367032,06:09:27.032,kucoinfutures,LTC/USDT:USDT,109.79,54.0,109.78,609.0,109.8,104.0,109.81,50.0
1753769367032,06:09:27.032,kucoinfutures,LTC/USDT:USDT,109.79,54.0,109.78,609.0,109.8,104.0,109.81,50.0
1753769367036,06:09:27.036,kucoinfutures,LTC/USDT:USDT,109.79,54.0,109.78,609.0,109.8,104.0,109.81,137.0
1753769367071,06:09:27.071,kucoinfutures,LTC/USDT:USDT,109.79,54.0,109.78,609.0,109.8,104.0,109.81,137.0
1753769367073,06:09:27.073,kucoinfutures,LTC/USDT:USDT,109.79,54.0,109.78,609.0,109.8,104.0,109.81,137.0
1753769367142,06:09:27.142,kucoinfutures,LTC/USDT:USDT,109.79,54.0,109.78,609.0,109.8,104.0,109.81,137.0
1753769367142,06:09:27.142,kucoinfutures,LTC/USDT:USDT,109.79,54.0,109.78,609.0,109.8,104.0,109.81,137.0
1753769367152,06:09:27.152,kucoinfutures,LTC/USDT:USDT,109.79,54.0,109.78,609.0,109.8,104.0,109.81,137.0
1753769367154,06:09:27.154,kucoinfutures,LTC/USDT:USDT,109.79,54.0,109.78,609.0,109.8,104.0,109.81,137.0
1753769367177,06:09:27.177,kucoinfutures,LTC/USDT:USDT,109.79,54.0,109.78,609.0,109.8,104.0,109.81,137.0
1753769367397,06:09:27.397,kucoinfutures,LTC/USDT:USDT,109.79,54.0,109.78,99.0,109.8,104.0,109.81,137.0
1753769367402,06:09:27.402,kucoinfutures,LTC/USDT:USDT,109.79,54.0,109.78,99.0,109.8,104.0,109.81,137.0
1753769367464,06:09:27.464,kucoinfutures,LTC/USDT:USDT,109.79,54.0,109.78,99.0,109.8,104.0,109.81,137.0
1753769367465,06:09:27.465,kucoinfutures,LTC/USDT:USDT,109.79,54.0,109.78,99.0,109.8,104.0,109.81,137.0
1753769368204,06:09:28.204,kucoinfutures,LTC/USDT:USDT,109.78,104.0,109.77,265.0,109.79,104.0,109.8,50.0
1753769368204,06:09:28.204,kucoinfutures,LTC/USDT:USDT,109.78,104.0,109.77,265.0,109.79,104.0,109.8,50.0
1753769368277,06:09:28.277,kucoinfutures,LTC/USDT:USDT,109.78,104.0,109.77,265.0,109.79,104.0,109.8,50.0
1753769368288,06:09:28.288,kucoinfutures,LTC/USDT:USDT,109.78,54.0,109.77,265.0,109.79,104.0,109.8,50.0
1753769368399,06:09:28.399,kucoinfutures,LTC/USDT:USDT,109.78,54.0,109.77,265.0,109.79,104.0,109.8,50.0
1753769369377,06:09:29.377,kucoinfutures,LTC/USDT:USDT,109.78,54.0,109.77,265.0,109.79,104.0,109.8,137.0
1753769369426,06:09:29.426,kucoinfutures,LTC/USDT:USDT,109.78,54.0,109.77,265.0,109.79,104.0,109.8,137.0
1753769369432,06:09:29.432,kucoinfutures,LTC/USDT:USDT,109.78,54.0,109.77,265.0,109.79,104.0,109.8,137.0
1753769369435,06:09:29.435,kucoinfutures,LTC/USDT:USDT,109.78,54.0,109.77,265.0,109.79,104.0,109.8,137.0
1753769369575,06:09:29.575,kucoinfutures,LTC/USDT:USDT,109.78,54.0,109.77,265.0,109.79,104.0,109.8,137.0
1753769369849,06:09:29.849,kucoinfutures,LTC/USDT:USDT,109.78,54.0,109.77,265.0,109.79,104.0,109.8,137.0
1753769369866,06:09:29.866,kucoinfutures,LTC/USDT:USDT,109.78,54.0,109.77,265.0,109.79,104.0,109.8,137.0
1753769369869,06:09:29.869,kucoinfutures,LTC/USDT:USDT,109.78,54.0,109.77,265.0,109.79,104.0,109.8,137.0
1753769369871,06:09:29.871,kucoinfutures,LTC/USDT:USDT,109.78,54.0,109.77,265.0,109.79,104.0,109.8,137.0
1753769369871,06:09:29.871,kucoinfutures,LTC/USDT:USDT,109.78,54.0,109.77,265.0,109.79,104.0,109.8,137.0
1753769369995,06:09:29.995,kucoinfutures,LTC/USDT:USDT,109.78,54.0,109.77,265.0,109.79,104.0,109.8,137.0
1753769370098,06:09:30.098,kucoinfutures,LTC/USDT:USDT,109.78,54.0,109.77,265.0,109.79,104.0,109.8,137.0
1753769370105,06:09:30.105,kucoinfutures,LTC/USDT:USDT,109.78,54.0,109.77,265.0,109.79,104.0,109.8,137.0
1753769370499,06:09:30.499,kucoinfutures,LTC/USDT:USDT,109.78,54.0,109.77,265.0,109.79,104.0,109.8,137.0
1753769370503,06:09:30.503,kucoinfutures,LTC/USDT:USDT,109.78,54.0,109.77,265.0,109.79,104.0,109.8,137.0
1753769370853,06:09:30.853,kucoinfutures,LTC/USDT:USDT,109.76,641.0,109.75,103.0,109.77,104.0,109.78,50.0
1753769370858,06:09:30.858,kucoinfutures,LTC/USDT:USDT,109.76,641.0,109.75,103.0,109.77,50.0,109.78,50.0
1753769370879,06:09:30.879,kucoinfutures,LTC/USDT:USDT,109.76,641.0,109.75,103.0,109.77,50.0,109.78,50.0
1753769371121,06:09:31.121,kucoinfutures,LTC/USDT:USDT,109.76,5.0,109.75,66.0,109.77,50.0,109.78,50.0
1753769371132,06:09:31.132,kucoinfutures,LTC/USDT:USDT,109.76,59.0,109.75,66.0,109.77,50.0,109.78,50.0
1753769371146,06:09:31.146,kucoinfutures,LTC/USDT:USDT,109.76,59.0,109.75,214.0,109.77,50.0,109.78,50.0
1753769371306,06:09:31.306,kucoinfutures,LTC/USDT:USDT,109.76,54.0,109.75,214.0,109.77,50.0,109.78,50.0
1753769371310,06:09:31.310,kucoinfutures,LTC/USDT:USDT,109.76,54.0,109.75,214.0,109.77,50.0,109.78,50.0
1753769371637,06:09:31.637,kucoinfutures,LTC/USDT:USDT,109.76,54.0,109.75,214.0,109.77,50.0,109.78,50.0
1753769371640,06:09:31.640,kucoinfutures,LTC/USDT:USDT,109.76,54.0,109.75,214.0,109.77,50.0,109.78,50.0
1753769371662,06:09:31.662,kucoinfutures,LTC/USDT:USDT,109.76,54.0,109.75,214.0,109.77,50.0,109.78,50.0
1753769371666,06:09:31.666,kucoinfutures,LTC/USDT:USDT,109.76,54.0,109.75,214.0,109.77,50.0,109.78,50.0
1753769371669,06:09:31.669,kucoinfutures,LTC/USDT:USDT,109.76,54.0,109.75,214.0,109.77,50.0,109.78,50.0
1753769372091,06:09:32.091,kucoinfutures,LTC/USDT:USDT,109.75,214.0,109.74,793.0,109.76,54.0,109.77,104.0
1753769372104,06:09:32.104,kucoinfutures,LTC/USDT:USDT,109.75,148.0,109.74,667.0,109.76,104.0,109.77,50.0
1753769372104,06:09:32.104,kucoinfutures,LTC/USDT:USDT,109.74,667.0,109.73,294.0,109.76,104.0,109.77,50.0
1753769372108,06:09:32.108,kucoinfutures,LTC/USDT:USDT,109.75,54.0,109.74,667.0,109.76,104.0,109.77,50.0
1753769372112,06:09:32.112,kucoinfutures,LTC/USDT:USDT,109.75,75.0,109.74,613.0,109.76,104.0,109.77,50.0
1753769372137,06:09:32.137,kucoinfutures,LTC/USDT:USDT,109.75,75.0,109.74,587.0,109.76,104.0,109.77,50.0
1753769372260,06:09:32.260,kucoinfutures,LTC/USDT:USDT,109.75,75.0,109.74,622.0,109.76,104.0,109.77,50.0
1753769372271,06:09:32.271,kucoinfutures,LTC/USDT:USDT,109.75,21.0,109.74,622.0,109.76,104.0,109.77,50.0
1753769372289,06:09:32.289,kucoinfutures,LTC/USDT:USDT,109.74,622.0,109.73,251.0,109.75,104.0,109.76,50.0
1753769372639,06:09:32.639,kucoinfutures,LTC/USDT:USDT,109.74,592.0,109.73,125.0,109.75,50.0,109.76,50.0
1753769372642,06:09:32.642,kucoinfutures,LTC/USDT:USDT,109.74,592.0,109.73,125.0,109.75,50.0,109.76,50.0
1753769372666,06:09:32.666,kucoinfutures,LTC/USDT:USDT,109.74,592.0,109.73,125.0,109.75,50.0,109.76,50.0
1753769372669,06:09:32.669,kucoinfutures,LTC/USDT:USDT,109.74,592.0,109.73,125.0,109.75,50.0,109.76,50.0
1753769372685,06:09:32.685,kucoinfutures,LTC/USDT:USDT,109.74,592.0,109.73,125.0,109.75,50.0,109.76,50.0
1753769372765,06:09:32.765,kucoinfutures,LTC/USDT:USDT,109.74,592.0,109.73,125.0,109.75,50.0,109.76,50.0
1753769372944,06:09:32.944,kucoinfutures,LTC/USDT:USDT,109.74,55.0,109.73,125.0,109.75,50.0,109.76,50.0
1753769372949,06:09:32.949,kucoinfutures,LTC/USDT:USDT,109.74,109.0,109.73,274.0,109.75,50.0,109.76,50.0
1753769373008,06:09:33.008,kucoinfutures,LTC/USDT:USDT,109.74,104.0,109.73,274.0,109.75,50.0,109.76,50.0
1753769373040,06:09:33.040,kucoinfutures,LTC/USDT:USDT,109.74,104.0,109.73,274.0,109.75,50.0,109.76,50.0
1753769373104,06:09:33.104,kucoinfutures,LTC/USDT:USDT,109.74,104.0,109.73,274.0,109.75,50.0,109.76,50.0
1753769373107,06:09:33.107,kucoinfutures,LTC/USDT:USDT,109.74,104.0,109.73,274.0,109.75,50.0,109.76,50.0
1753769373113,06:09:33.113,kucoinfutures,LTC/USDT:USDT,109.74,104.0,109.73,274.0,109.75,50.0,109.76,50.0
1753769373116,06:09:33.116,kucoinfutures,LTC/USDT:USDT,109.74,104.0,109.73,274.0,109.75,50.0,109.76,50.0
1753769373121,06:09:33.121,kucoinfutures,LTC/USDT:USDT,109.74,104.0,109.73,274.0,109.75,50.0,109.76,50.0
1753769373675,06:09:33.675,kucoinfutures,LTC/USDT:USDT,109.74,104.0,109.73,274.0,109.76,50.0,109.77,350.0
1753769373679,06:09:33.679,kucoinfutures,LTC/USDT:USDT,109.75,75.0,109.74,104.0,109.76,50.0,109.77,109.0
1753769373681,06:09:33.681,kucoinfutures,LTC/USDT:USDT,109.75,75.0,109.74,50.0,109.76,50.0,109.77,109.0
1753769373683,06:09:33.683,kucoinfutures,LTC/USDT:USDT,109.75,75.0,109.74,50.0,109.76,50.0,109.77,109.0
1753769373705,06:09:33.705,kucoinfutures,LTC/USDT:USDT,109.75,75.0,109.74,50.0,109.76,50.0,109.77,109.0
1753769373709,06:09:33.709,kucoinfutures,LTC/USDT:USDT,109.75,75.0,109.74,50.0,109.76,50.0,109.77,109.0
1753769373730,06:09:33.730,kucoinfutures,LTC/USDT:USDT,109.75,75.0,109.74,50.0,109.76,50.0,109.77,109.0
1753769373732,06:09:33.732,kucoinfutures,LTC/USDT:USDT,109.75,75.0,109.74,50.0,109.76,50.0,109.77,109.0
1753769373733,06:09:33.733,kucoinfutures,LTC/USDT:USDT,109.75,75.0,109.74,103.0,109.76,50.0,109.77,109.0
1753769374017,06:09:34.017,kucoinfutures,LTC/USDT:USDT,109.75,75.0,109.74,103.0,109.76,104.0,109.77,109.0
1753769374017,06:09:34.017,kucoinfutures,LTC/USDT:USDT,109.75,75.0,109.74,103.0,109.76,104.0,109.77,109.0
1753769374021,06:09:34.021,kucoinfutures,LTC/USDT:USDT,109.75,75.0,109.74,103.0,109.76,104.0,109.77,109.0
1753769374101,06:09:34.101,kucoinfutures,LTC/USDT:USDT,109.74,103.0,109.73,401.0,109.76,104.0,109.77,140.0
1753769374107,06:09:34.107,kucoinfutures,LTC/USDT:USDT,109.74,50.0,109.73,274.0,109.75,104.0,109.76,50.0
1753769374111,06:09:34.111,kucoinfutures,LTC/USDT:USDT,109.74,104.0,109.73,274.0,109.75,104.0,109.76,50.0
1753769374135,06:09:34.135,kucoinfutures,LTC/USDT:USDT,109.74,104.0,109.73,274.0,109.75,104.0,109.76,50.0
1753769374136,06:09:34.136,kucoinfutures,LTC/USDT:USDT,109.74,104.0,109.73,274.0,109.75,104.0,109.76,50.0
1753769374144,06:09:34.144,kucoinfutures,LTC/USDT:USDT,109.74,104.0,109.73,274.0,109.75,104.0,109.76,50.0
1753769375183,06:09:35.183,kucoinfutures,LTC/USDT:USDT,109.74,54.0,109.73,274.0,109.75,50.0,109.76,50.0
1753769375431,06:09:35.431,kucoinfutures,LTC/USDT:USDT,109.74,54.0,109.73,274.0,109.75,50.0,109.76,50.0
1753769375740,06:09:35.740,kucoinfutures,LTC/USDT:USDT,109.75,54.0,109.74,50.0,109.76,50.0,109.77,109.0
1753769375865,06:09:35.865,kucoinfutures,LTC/USDT:USDT,109.75,54.0,109.74,103.0,109.76,104.0,109.77,109.0
1753769375913,06:09:35.913,kucoinfutures,LTC/USDT:USDT,109.75,54.0,109.74,103.0,109.76,104.0,109.77,109.0
1753769375915,06:09:35.915,kucoinfutures,LTC/USDT:USDT,109.75,54.0,109.74,103.0,109.76,104.0,109.77,109.0
1753769375917,06:09:35.917,kucoinfutures,LTC/USDT:USDT,109.75,54.0,109.74,103.0,109.76,104.0,109.77,140.0
1753769376220,06:09:36.220,kucoinfutures,LTC/USDT:USDT,109.75,54.0,109.74,103.0,109.76,104.0,109.77,140.0
1753769376354,06:09:36.354,kucoinfutures,LTC/USDT:USDT,109.75,54.0,109.74,103.0,109.76,104.0,109.77,140.0
1753769376354,06:09:36.354,kucoinfutures,LTC/USDT:USDT,109.75,54.0,109.74,103.0,109.76,104.0,109.77,140.0
1753769376411,06:09:36.411,kucoinfutures,LTC/USDT:USDT,109.75,54.0,109.74,103.0,109.76,104.0,109.77,140.0
1753769376895,06:09:36.895,kucoinfutures,LTC/USDT:USDT,109.75,54.0,109.74,103.0,109.76,104.0,109.77,140.0
1753769376956,06:09:36.956,kucoinfutures,LTC/USDT:USDT,109.75,54.0,109.74,103.0,109.76,104.0,109.77,140.0
1753769376962,06:09:36.962,kucoinfutures,LTC/USDT:USDT,109.75,54.0,109.74,103.0,109.76,104.0,109.77,140.0
1753769377124,06:09:37.124,kucoinfutures,LTC/USDT:USDT,109.74,50.0,109.73,274.0,109.75,104.0,109.76,50.0
1753769377133,06:09:37.133,kucoinfutures,LTC/USDT:USDT,109.74,50.0,109.73,274.0,109.75,104.0,109.76,50.0
1753769377134,06:09:37.134,kucoinfutures,LTC/USDT:USDT,109.74,50.0,109.73,274.0,109.75,104.0,109.76,50.0
1753769377135,06:09:37.135,kucoinfutures,LTC/USDT:USDT,109.74,104.0,109.73,274.0,109.75,104.0,109.76,50.0
1753769377207,06:09:37.207,kucoinfutures,LTC/USDT:USDT,109.74,104.0,109.73,274.0,109.75,50.0,109.76,50.0
1753769377232,06:09:37.232,kucoinfutures,LTC/USDT:USDT,109.74,104.0,109.73,274.0,109.75,50.0,109.76,50.0
1753769377237,06:09:37.237,kucoinfutures,LTC/USDT:USDT,109.74,104.0,109.73,274.0,109.75,50.0,109.76,50.0
1753769377299,06:09:37.299,kucoinfutures,LTC/USDT:USDT,109.74,104.0,109.73,274.0,109.75,50.0,109.76,50.0
1753769378573,06:09:38.573,kucoinfutures,LTC/USDT:USDT,109.74,104.0,109.73,274.0,109.75,104.0,109.76,50.0
1753769378577,06:09:38.577,kucoinfutures,LTC/USDT:USDT,109.74,104.0,109.73,274.0,109.75,104.0,109.76,50.0
1753769378619,06:09:38.619,kucoinfutures,LTC/USDT:USDT,109.74,104.0,109.73,274.0,109.75,54.0,109.76,50.0
1753769378698,06:09:38.698,kucoinfutures,LTC/USDT:USDT,109.74,104.0,109.73,274.0,109.75,104.0,109.76,50.0
1753769378806,06:09:38.806,kucoinfutures,LTC/USDT:USDT,109.74,54.0,109.73,274.0,109.75,104.0,109.76,50.0
1753769378831,06:09:38.831,kucoinfutures,LTC/USDT:USDT,109.73,274.0,109.72,839.0,109.75,104.0,109.76,50.0
1753769378855,06:09:38.855,kucoinfutures,LTC/USDT:USDT,109.73,50.0,109.72,674.0,109.74,104.0,109.75,50.0
1753769378874,06:09:38.874,kucoinfutures,LTC/USDT:USDT,109.73,50.0,109.72,674.0,109.74,104.0,109.75,50.0
1753769378891,06:09:38.891,kucoinfutures,LTC/USDT:USDT,109.73,50.0,109.72,674.0,109.74,104.0,109.75,50.0
1753769378926,06:09:38.926,kucoinfutures,LTC/USDT:USDT,109.73,104.0,109.72,620.0,109.74,104.0,109.75,50.0
1753769379238,06:09:39.238,kucoinfutures,LTC/USDT:USDT,109.73,104.0,109.72,620.0,109.74,50.0,109.75,50.0
1753769379238,06:09:39.238,kucoinfutures,LTC/USDT:USDT,109.73,104.0,109.72,620.0,109.74,50.0,109.75,50.0
1753769379264,06:09:39.264,kucoinfutures,LTC/USDT:USDT,109.73,104.0,109.72,620.0,109.74,50.0,109.75,50.0
1753769379267,06:09:39.267,kucoinfutures,LTC/USDT:USDT,109.73,104.0,109.72,620.0,109.74,50.0,109.75,50.0
1753769379268,06:09:39.268,kucoinfutures,LTC/USDT:USDT,109.73,104.0,109.72,620.0,109.74,50.0,109.75,50.0
1753769379439,06:09:39.439,kucoinfutures,LTC/USDT:USDT,109.73,54.0,109.72,620.0,109.74,104.0,109.75,50.0
1753769379689,06:09:39.689,kucoinfutures,LTC/USDT:USDT,109.72,592.0,109.71,115.0,109.73,50.0,109.74,50.0
1753769379898,06:09:39.898,kucoinfutures,LTC/USDT:USDT,109.72,592.0,109.71,115.0,109.73,50.0,109.74,50.0
1753769379907,06:09:39.907,kucoinfutures,LTC/USDT:USDT,109.72,592.0,109.71,115.0,109.73,50.0,109.74,50.0
1753769380596,06:09:40.596,kucoinfutures,LTC/USDT:USDT,109.72,610.0,109.71,115.0,109.74,50.0,109.75,373.0
1753769380598,06:09:40.598,kucoinfutures,LTC/USDT:USDT,109.72,610.0,109.71,115.0,109.74,50.0,109.75,373.0
1753769380600,06:09:40.600,kucoinfutures,LTC/USDT:USDT,109.73,54.0,109.72,610.0,109.74,50.0,109.75,246.0
1753769380600,06:09:40.600,kucoinfutures,LTC/USDT:USDT,109.73,54.0,109.72,610.0,109.74,50.0,109.75,246.0
1753769380601,06:09:40.601,kucoinfutures,LTC/USDT:USDT,109.73,54.0,109.72,610.0,109.74,50.0,109.75,131.0
1753769380603,06:09:40.603,kucoinfutures,LTC/USDT:USDT,109.73,54.0,109.72,605.0,109.74,50.0,109.75,131.0
1753769380610,06:09:40.610,kucoinfutures,LTC/USDT:USDT,109.73,54.0,109.72,605.0,109.74,50.0,109.75,131.0
1753769380625,06:09:40.625,kucoinfutures,LTC/USDT:USDT,109.73,54.0,109.72,605.0,109.74,50.0,109.75,162.0
1753769380642,06:09:40.642,kucoinfutures,LTC/USDT:USDT,109.73,54.0,109.72,605.0,109.74,50.0,109.75,162.0
1753769380645,06:09:40.645,kucoinfutures,LTC/USDT:USDT,109.73,54.0,109.72,628.0,109.74,50.0,109.75,162.0
1753769381302,06:09:41.302,kucoinfutures,LTC/USDT:USDT,109.73,54.0,109.72,118.0,109.74,50.0,109.75,162.0
1753769381376,06:09:41.376,kucoinfutures,LTC/USDT:USDT,109.73,54.0,109.72,118.0,109.74,50.0,109.75,162.0
1753769382062,06:09:42.062,kucoinfutures,LTC/USDT:USDT,109.72,122.0,109.71,273.0,109.73,50.0,109.74,50.0
1753769382654,06:09:42.654,kucoinfutures,LTC/USDT:USDT,109.72,122.0,109.71,273.0,109.73,50.0,109.74,50.0
1753769383464,06:09:43.464,kucoinfutures,LTC/USDT:USDT,109.72,122.0,109.71,273.0,109.73,50.0,109.74,50.0
1753769383468,06:09:43.468,kucoinfutures,LTC/USDT:USDT,109.72,122.0,109.71,273.0,109.73,50.0,109.74,50.0
1753769383567,06:09:43.567,kucoinfutures,LTC/USDT:USDT,109.73,80.0,109.72,122.0,109.74,50.0,109.75,131.0
1753769383567,06:09:43.567,kucoinfutures,LTC/USDT:USDT,109.73,80.0,109.72,68.0,109.74,50.0,109.75,131.0
1753769383591,06:09:43.591,kucoinfutures,LTC/USDT:USDT,109.73,80.0,109.72,121.0,109.74,50.0,109.75,131.0
1753769383606,06:09:43.606,kucoinfutures,LTC/USDT:USDT,109.73,56.0,109.72,121.0,109.74,50.0,109.75,131.0
1753769383875,06:09:43.875,kucoinfutures,LTC/USDT:USDT,109.73,56.0,109.72,121.0,109.74,50.0,109.75,131.0
1753769384351,06:09:44.351,kucoinfutures,LTC/USDT:USDT,109.73,56.0,109.72,121.0,109.74,50.0,109.75,131.0
1753769384564,06:09:44.564,kucoinfutures,LTC/USDT:USDT,109.73,56.0,109.72,121.0,109.74,50.0,109.75,81.0
1753769384568,06:09:44.568,kucoinfutures,LTC/USDT:USDT,109.73,56.0,109.72,121.0,109.74,50.0,109.75,81.0
1753769384571,06:09:44.571,kucoinfutures,LTC/USDT:USDT,109.73,56.0,109.72,121.0,109.74,50.0,109.75,81.0
1753769384572,06:09:44.572,kucoinfutures,LTC/USDT:USDT,109.73,56.0,109.72,121.0,109.74,50.0,109.75,81.0
1753769384575,06:09:44.575,kucoinfutures,LTC/USDT:USDT,109.73,56.0,109.72,121.0,109.74,50.0,109.75,81.0
1753769384576,06:09:44.576,kucoinfutures,LTC/USDT:USDT,109.73,56.0,109.72,121.0,109.74,50.0,109.75,81.0
1753769384582,06:09:44.582,kucoinfutures,LTC/USDT:USDT,109.73,56.0,109.72,121.0,109.74,50.0,109.75,81.0
1753769384584,06:09:44.584,kucoinfutures,LTC/USDT:USDT,109.73,56.0,109.72,121.0,109.74,50.0,109.75,81.0
1753769384585,06:09:44.585,kucoinfutures,LTC/USDT:USDT,109.73,56.0,109.72,121.0,109.75,81.0,109.76,50.0
1753769384591,06:09:44.591,kucoinfutures,LTC/USDT:USDT,109.73,76.0,109.72,121.0,109.75,81.0,109.76,50.0
1753769384597,06:09:44.597,kucoinfutures,LTC/USDT:USDT,109.74,106.0,109.73,20.0,109.75,81.0,109.76,50.0
1753769384604,06:09:44.604,kucoinfutures,LTC/USDT:USDT,109.74,106.0,109.73,20.0,109.75,81.0,109.76,50.0
1753769384605,06:09:44.605,kucoinfutures,LTC/USDT:USDT,109.74,106.0,109.73,20.0,109.75,81.0,109.76,50.0
1753769384610,06:09:44.610,kucoinfutures,LTC/USDT:USDT,109.74,106.0,109.73,56.0,109.75,81.0,109.76,50.0
1753769384643,06:09:44.643,kucoinfutures,LTC/USDT:USDT,109.74,106.0,109.73,56.0,109.75,31.0,109.76,50.0
1753769384643,06:09:44.643,kucoinfutures,LTC/USDT:USDT,109.74,106.0,109.73,56.0,109.75,31.0,109.76,50.0
1753769384645,06:09:44.645,kucoinfutures,LTC/USDT:USDT,109.74,106.0,109.73,56.0,109.75,31.0,109.76,50.0
1753769384647,06:09:44.647,kucoinfutures,LTC/USDT:USDT,109.74,106.0,109.73,56.0,109.75,31.0,109.76,50.0
1753769384650,06:09:44.650,kucoinfutures,LTC/USDT:USDT,109.74,106.0,109.73,56.0,109.75,31.0,109.76,50.0
1753769384652,06:09:44.652,kucoinfutures,LTC/USDT:USDT,109.74,106.0,109.73,56.0,109.75,31.0,109.76,50.0
1753769384672,06:09:44.672,kucoinfutures,LTC/USDT:USDT,109.74,106.0,109.73,56.0,109.75,31.0,109.76,50.0
1753769384765,06:09:44.765,kucoinfutures,LTC/USDT:USDT,109.74,106.0,109.73,56.0,109.75,31.0,109.76,50.0
1753769384782,06:09:44.782,kucoinfutures,LTC/USDT:USDT,109.74,106.0,109.73,56.0,109.75,31.0,109.76,50.0
1753769384782,06:09:44.782,kucoinfutures,LTC/USDT:USDT,109.74,106.0,109.73,56.0,109.75,31.0,109.76,50.0
1753769384786,06:09:44.786,kucoinfutures,LTC/USDT:USDT,109.74,106.0,109.73,565.0,109.75,31.0,109.76,50.0
1753769384789,06:09:44.789,kucoinfutures,LTC/USDT:USDT,109.74,106.0,109.73,565.0,109.75,31.0,109.76,50.0
1753769384791,06:09:44.791,kucoinfutures,LTC/USDT:USDT,109.74,106.0,109.73,565.0,109.75,31.0,109.76,50.0
1753769384794,06:09:44.794,kucoinfutures,LTC/USDT:USDT,109.74,106.0,109.73,565.0,109.75,31.0,109.76,50.0
1753769384795,06:09:44.795,kucoinfutures,LTC/USDT:USDT,109.74,106.0,109.73,565.0,109.75,31.0,109.76,50.0
1753769384817,06:09:44.817,kucoinfutures,LTC/USDT:USDT,109.74,106.0,109.73,565.0,109.75,31.0,109.76,50.0
1753769384823,06:09:44.823,kucoinfutures,LTC/USDT:USDT,109.74,106.0,109.73,565.0,109.75,31.0,109.76,50.0
1753769384827,06:09:44.827,kucoinfutures,LTC/USDT:USDT,109.74,106.0,109.73,565.0,109.75,31.0,109.76,50.0
1753769384839,06:09:44.839,kucoinfutures,LTC/USDT:USDT,109.74,106.0,109.73,565.0,109.75,31.0,109.76,50.0
1753769384935,06:09:44.935,kucoinfutures,LTC/USDT:USDT,109.74,106.0,109.73,565.0,109.75,31.0,109.76,50.0
1753769385046,06:09:45.046,kucoinfutures,LTC/USDT:USDT,109.74,106.0,109.73,565.0,109.75,31.0,109.76,50.0
1753769385064,06:09:45.064,kucoinfutures,LTC/USDT:USDT,109.74,106.0,109.73,565.0,109.75,31.0,109.76,50.0
1753769385094,06:09:45.094,kucoinfutures,LTC/USDT:USDT,109.74,106.0,109.73,565.0,109.75,31.0,109.76,50.0
1753769385149,06:09:45.149,kucoinfutures,LTC/USDT:USDT,109.74,106.0,109.73,565.0,109.75,31.0,109.76,50.0
1753769385370,06:09:45.370,kucoinfutures,LTC/USDT:USDT,109.74,106.0,109.73,565.0,109.75,31.0,109.76,50.0
1753769385427,06:09:45.427,kucoinfutures,LTC/USDT:USDT,109.74,106.0,109.73,565.0,109.76,50.0,109.77,346.0
1753769385430,06:09:45.430,kucoinfutures,LTC/USDT:USDT,109.75,27.0,109.74,106.0,109.76,50.0,109.77,219.0
1753769385430,06:09:45.430,kucoinfutures,LTC/USDT:USDT,109.75,27.0,109.74,259.0,109.76,50.0,109.77,104.0
1753769385431,06:09:45.431,kucoinfutures,LTC/USDT:USDT,109.75,83.0,109.74,203.0,109.76,50.0,109.77,104.0
1753769385431,06:09:45.431,kucoinfutures,LTC/USDT:USDT,109.75,83.0,109.74,203.0,109.76,50.0,109.77,104.0
1753769385434,06:09:45.434,kucoinfutures,LTC/USDT:USDT,109.75,133.0,109.74,203.0,109.76,50.0,109.77,104.0
1753769385435,06:09:45.435,kucoinfutures,LTC/USDT:USDT,109.75,133.0,109.74,203.0,109.76,50.0,109.77,104.0
1753769385437,06:09:45.437,kucoinfutures,LTC/USDT:USDT,109.75,133.0,109.74,203.0,109.76,50.0,109.77,104.0
1753769385440,06:09:45.440,kucoinfutures,LTC/USDT:USDT,109.75,133.0,109.74,203.0,109.76,50.0,109.77,104.0
1753769385458,06:09:45.458,kucoinfutures,LTC/USDT:USDT,109.75,133.0,109.74,203.0,109.76,50.0,109.77,104.0
1753769385471,06:09:45.471,kucoinfutures,LTC/USDT:USDT,109.75,133.0,109.74,203.0,109.76,50.0,109.77,104.0
1753769385506,06:09:45.506,kucoinfutures,LTC/USDT:USDT,109.75,133.0,109.74,203.0,109.76,50.0,109.77,104.0
1753769385508,06:09:45.508,kucoinfutures,LTC/USDT:USDT,109.75,133.0,109.74,203.0,109.76,50.0,109.77,104.0
1753769385625,06:09:45.625,kucoinfutures,LTC/USDT:USDT,109.75,133.0,109.74,203.0,109.76,50.0,109.77,104.0
1753769385895,06:09:45.895,kucoinfutures,LTC/USDT:USDT,109.75,133.0,109.74,203.0,109.76,50.0,109.77,104.0
1753769385897,06:09:45.897,kucoinfutures,LTC/USDT:USDT,109.75,133.0,109.74,203.0,109.76,50.0,109.77,104.0
1753769386006,06:09:46.006,kucoinfutures,LTC/USDT:USDT,109.75,133.0,109.74,203.0,109.76,50.0,109.77,104.0
1753769386114,06:09:46.114,kucoinfutures,LTC/USDT:USDT,109.75,133.0,109.74,203.0,109.76,50.0,109.77,104.0
1753769386133,06:09:46.133,kucoinfutures,LTC/USDT:USDT,109.75,77.0,109.74,203.0,109.76,106.0,109.77,50.0
1753769386245,06:09:46.245,kucoinfutures,LTC/USDT:USDT,109.75,77.0,109.74,203.0,109.76,106.0,109.77,50.0
1753769386310,06:09:46.310,kucoinfutures,LTC/USDT:USDT,109.75,27.0,109.74,203.0,109.76,106.0,109.77,50.0
1753769386353,06:09:46.353,kucoinfutures,LTC/USDT:USDT,109.74,203.0,109.73,742.0,109.76,106.0,109.77,50.0
1753769386364,06:09:46.364,kucoinfutures,LTC/USDT:USDT,109.74,50.0,109.73,615.0,109.75,106.0,109.76,50.0
1753769386382,06:09:46.382,kucoinfutures,LTC/USDT:USDT,109.74,50.0,109.73,615.0,109.75,106.0,109.76,50.0
1753769386387,06:09:46.387,kucoinfutures,LTC/USDT:USDT,109.74,50.0,109.73,615.0,109.75,106.0,109.76,50.0
1753769386405,06:09:46.405,kucoinfutures,LTC/USDT:USDT,109.74,50.0,109.73,615.0,109.75,106.0,109.76,50.0
1753769386485,06:09:46.485,kucoinfutures,LTC/USDT:USDT,109.74,50.0,109.73,615.0,109.75,106.0,109.76,50.0
1753769386487,06:09:46.487,kucoinfutures,LTC/USDT:USDT,109.74,50.0,109.73,615.0,109.75,106.0,109.76,50.0
1753769386490,06:09:46.490,kucoinfutures,LTC/USDT:USDT,109.74,50.0,109.73,615.0,109.75,106.0,109.76,50.0
1753769386609,06:09:46.609,kucoinfutures,LTC/USDT:USDT,109.74,50.0,109.73,615.0,109.75,106.0,109.76,50.0
1753769386694,06:09:46.694,kucoinfutures,LTC/USDT:USDT,109.74,106.0,109.73,615.0,109.75,106.0,109.76,50.0
1753769386698,06:09:46.698,kucoinfutures,LTC/USDT:USDT,109.74,106.0,109.73,615.0,109.75,106.0,109.76,50.0
1753769386795,06:09:46.795,kucoinfutures,LTC/USDT:USDT,109.74,106.0,109.73,615.0,109.75,106.0,109.76,50.0
1753769386798,06:09:46.798,kucoinfutures,LTC/USDT:USDT,109.74,106.0,109.73,615.0,109.75,106.0,109.76,50.0
1753769386924,06:09:46.924,kucoinfutures,LTC/USDT:USDT,109.74,106.0,109.73,615.0,109.75,106.0,109.76,50.0
1753769387474,06:09:47.474,kucoinfutures,LTC/USDT:USDT,109.73,509.0,109.72,121.0,109.74,106.0,109.75,50.0
1753769387519,06:09:47.519,kucoinfutures,LTC/USDT:USDT,109.73,514.0,109.72,121.0,109.74,50.0,109.75,50.0
1753769387852,06:09:47.852,kucoinfutures,LTC/USDT:USDT,109.74,56.0,109.73,514.0,109.75,50.0,109.76,342.0
1753769387860,06:09:47.860,kucoinfutures,LTC/USDT:USDT,109.74,138.0,109.73,529.0,109.75,50.0,109.76,100.0
1753769387863,06:09:47.863,kucoinfutures,LTC/USDT:USDT,109.74,138.0,109.73,565.0,109.75,50.0,109.76,100.0
1753769387876,06:09:47.876,kucoinfutures,LTC/USDT:USDT,109.74,138.0,109.73,565.0,109.75,50.0,109.76,100.0
1753769387904,06:09:47.904,kucoinfutures,LTC/USDT:USDT,109.74,133.0,109.73,565.0,109.75,50.0,109.76,100.0
1753769387919,06:09:47.919,kucoinfutures,LTC/USDT:USDT,109.74,133.0,109.73,565.0,109.75,50.0,109.76,73.0
1753769387921,06:09:47.921,kucoinfutures,LTC/USDT:USDT,109.74,133.0,109.73,565.0,109.75,50.0,109.76,50.0
1753769388024,06:09:48.024,kucoinfutures,LTC/USDT:USDT,109.74,133.0,109.73,565.0,109.75,50.0,109.76,50.0
1753769388025,06:09:48.025,kucoinfutures,LTC/USDT:USDT,109.74,133.0,109.73,565.0,109.75,50.0,109.76,50.0
1753769388054,06:09:48.054,kucoinfutures,LTC/USDT:USDT,109.75,133.0,109.74,199.0,109.76,50.0,109.77,50.0
1753769388069,06:09:48.069,kucoinfutures,LTC/USDT:USDT,109.75,133.0,109.74,199.0,109.76,50.0,109.77,50.0
1753769388082,06:09:48.082,kucoinfutures,LTC/USDT:USDT,109.75,133.0,109.74,199.0,109.76,50.0,109.77,50.0
1753769388106,06:09:48.106,kucoinfutures,LTC/USDT:USDT,109.75,133.0,109.74,199.0,109.76,50.0,109.77,50.0
1753769388110,06:09:48.110,kucoinfutures,LTC/USDT:USDT,109.75,133.0,109.74,199.0,109.76,50.0,109.77,50.0
1753769388284,06:09:48.284,kucoinfutures,LTC/USDT:USDT,109.75,133.0,109.74,199.0,109.76,50.0,109.77,50.0
1753769388420,06:09:48.420,kucoinfutures,LTC/USDT:USDT,109.75,133.0,109.74,199.0,109.76,50.0,109.77,50.0
1753769388507,06:09:48.507,kucoinfutures,LTC/USDT:USDT,109.75,133.0,109.74,199.0,109.77,50.0,109.78,323.0
1753769388520,06:09:48.520,kucoinfutures,LTC/USDT:USDT,109.76,83.0,109.75,50.0,109.77,50.0,109.78,82.0
1753769388525,06:09:48.525,kucoinfutures,LTC/USDT:USDT,109.76,83.0,109.75,50.0,109.77,50.0,109.78,82.0
1753769388532,06:09:48.532,kucoinfutures,LTC/USDT:USDT,109.76,83.0,109.75,50.0,109.77,50.0,109.78,82.0
1753769388542,06:09:48.542,kucoinfutures,LTC/USDT:USDT,109.76,56.0,109.75,50.0,109.77,50.0,109.78,82.0
1753769388545,06:09:48.545,kucoinfutures,LTC/USDT:USDT,109.76,56.0,109.75,50.0,109.77,50.0,109.78,82.0
1753769388547,06:09:48.547,kucoinfutures,LTC/USDT:USDT,109.76,56.0,109.75,50.0,109.77,50.0,109.78,82.0
1753769388549,06:09:48.549,kucoinfutures,LTC/USDT:USDT,109.76,56.0,109.75,50.0,109.77,106.0,109.78,82.0
1753769388551,06:09:48.551,kucoinfutures,LTC/USDT:USDT,109.76,56.0,109.75,50.0,109.77,106.0,109.78,82.0
1753769388551,06:09:48.551,kucoinfutures,LTC/USDT:USDT,109.76,56.0,109.75,50.0,109.77,106.0,109.78,82.0
1753769388554,06:09:48.554,kucoinfutures,LTC/USDT:USDT,109.76,56.0,109.75,50.0,109.77,106.0,109.78,82.0
1753769388555,06:09:48.555,kucoinfutures,LTC/USDT:USDT,109.76,56.0,109.75,50.0,109.77,106.0,109.78,82.0
1753769388562,06:09:48.562,kucoinfutures,LTC/USDT:USDT,109.76,56.0,109.75,50.0,109.77,106.0,109.78,82.0
1753769388572,06:09:48.572,kucoinfutures,LTC/USDT:USDT,109.76,56.0,109.75,50.0,109.77,106.0,109.78,82.0
1753769388575,06:09:48.575,kucoinfutures,LTC/USDT:USDT,109.76,56.0,109.75,50.0,109.77,106.0,109.78,82.0
1753769388576,06:09:48.576,kucoinfutures,LTC/USDT:USDT,109.76,56.0,109.75,103.0,109.77,106.0,109.78,82.0
