timestamp,time,exchange,symbol,bid1_price,bid1_volume,bid2_price,bid2_volume,ask1_price,ask1_volume,ask2_price,ask2_volume
1753769315106,06:08:35.106,okxus,LTC/USDT:USDT,109.77,10.7,109.76,83.3,109.78,71.0,109.79,89.2
1753769315306,06:08:35.306,okxus,LTC/USDT:USDT,109.77,10.7,109.76,83.3,109.78,71.0,109.79,129.4
1753769315606,06:08:35.606,okxus,LTC/USDT:USDT,109.77,11.0,109.76,81.1,109.78,110.8,109.79,122.3
1753769316006,06:08:36.006,okxus,LTC/USDT:USDT,109.77,2.6,109.76,81.1,109.78,110.8,109.79,151.5
1753769316306,06:08:36.306,okxus,LTC/USDT:USDT,109.77,2.6,109.76,79.1,109.78,110.8,109.79,156.1
1753769316506,06:08:36.506,okxus,LTC/USDT:USDT,109.77,2.7,109.76,79.1,109.78,140.0,109.79,156.1
1753769316606,06:08:36.606,okxus,LTC/USDT:USDT,109.77,2.7,109.76,79.1,109.78,140.0,109.79,131.1
1753769316806,06:08:36.806,okxus,LTC/USDT:USDT,109.77,2.7,109.76,79.1,109.78,110.8,109.79,131.1
1753769316906,06:08:36.906,okxus,LTC/USDT:USDT,109.77,2.7,109.76,79.1,109.78,140.0,109.79,131.1
1753769317306,06:08:37.306,okxus,LTC/USDT:USDT,109.77,37.2,109.76,79.3,109.78,62.4,109.79,97.3
1753769317406,06:08:37.406,okxus,LTC/USDT:USDT,109.77,37.2,109.76,79.3,109.78,63.6,109.79,75.2
1753769317506,06:08:37.506,okxus,LTC/USDT:USDT,109.77,37.2,109.76,79.3,109.78,92.3,109.79,104.4
1753769317706,06:08:37.706,okxus,LTC/USDT:USDT,109.77,37.2,109.76,79.3,109.78,92.3,109.79,104.4
1753769317906,06:08:37.906,okxus,LTC/USDT:USDT,109.77,37.2,109.76,79.3,109.78,63.7,109.79,64.2
1753769318406,06:08:38.406,okxus,LTC/USDT:USDT,109.77,52.6,109.76,87.1,109.78,63.7,109.79,79.4
1753769318606,06:08:38.606,okxus,LTC/USDT:USDT,109.77,52.6,109.76,87.1,109.78,63.7,109.79,90.4
1753769318806,06:08:38.806,okxus,LTC/USDT:USDT,109.77,52.6,109.76,87.1,109.78,63.7,109.79,90.4
1753769319006,06:08:39.006,okxus,LTC/USDT:USDT,109.77,52.6,109.76,87.1,109.78,63.7,109.79,90.4
1753769319106,06:08:39.106,okxus,LTC/USDT:USDT,109.77,52.6,109.76,87.1,109.78,63.7,109.79,90.4
1753769319206,06:08:39.206,okxus,LTC/USDT:USDT,109.77,52.6,109.76,87.1,109.78,63.7,109.79,50.2
1753769319306,06:08:39.306,okxus,LTC/USDT:USDT,109.77,52.6,109.76,87.1,109.78,63.7,109.79,50.2
1753769319806,06:08:39.806,okxus,LTC/USDT:USDT,109.77,52.6,109.76,87.1,109.78,77.6,109.79,61.2
1753769320006,06:08:40.006,okxus,LTC/USDT:USDT,109.77,52.7,109.76,79.3,109.78,76.6,109.79,50.2
1753769320206,06:08:40.206,okxus,LTC/USDT:USDT,109.77,52.7,109.76,87.1,109.78,76.6,109.79,50.2
1753769320306,06:08:40.306,okxus,LTC/USDT:USDT,109.77,52.7,109.76,87.1,109.78,76.6,109.79,50.2
1753769320706,06:08:40.706,okxus,LTC/USDT:USDT,109.77,52.7,109.76,87.1,109.78,76.6,109.79,61.2
1753769320806,06:08:40.806,okxus,LTC/USDT:USDT,109.77,52.7,109.76,87.1,109.78,76.6,109.79,61.2
1753769320906,06:08:40.906,okxus,LTC/USDT:USDT,109.77,52.7,109.76,87.1,109.78,76.6,109.79,50.2
1753769321006,06:08:41.006,okxus,LTC/USDT:USDT,109.77,52.7,109.76,87.1,109.78,76.6,109.79,61.2
1753769321306,06:08:41.306,okxus,LTC/USDT:USDT,109.77,53.4,109.76,87.1,109.78,76.6,109.79,61.2
1753769321406,06:08:41.406,okxus,LTC/USDT:USDT,109.77,53.4,109.76,91.6,109.78,76.6,109.79,61.2
1753769321706,06:08:41.706,okxus,LTC/USDT:USDT,109.77,53.4,109.76,83.8,109.78,76.6,109.79,61.2
1753769322106,06:08:42.106,okxus,LTC/USDT:USDT,109.77,52.7,109.76,79.3,109.78,76.6,109.79,90.4
1753769322606,06:08:42.606,okxus,LTC/USDT:USDT,109.77,43.6,109.76,87.1,109.78,140.7,109.79,90.4
1753769322706,06:08:42.706,okxus,LTC/USDT:USDT,109.77,16.7,109.76,87.1,109.78,151.9,109.79,90.4
1753769322806,06:08:42.806,okxus,LTC/USDT:USDT,109.77,2.7,109.76,87.1,109.78,151.9,109.79,90.4
1753769322906,06:08:42.906,okxus,LTC/USDT:USDT,109.77,11.7,109.76,87.1,109.78,111.7,109.79,61.2
1753769323006,06:08:43.006,okxus,LTC/USDT:USDT,109.77,11.7,109.76,87.1,109.78,122.7,109.79,90.4
1753769323206,06:08:43.206,okxus,LTC/USDT:USDT,109.77,2.7,109.76,87.1,109.78,111.7,109.79,90.4
1753769323406,06:08:43.406,okxus,LTC/USDT:USDT,109.77,2.7,109.76,87.1,109.78,112.8,109.79,90.4
1753769323606,06:08:43.606,okxus,LTC/USDT:USDT,109.77,2.0,109.76,87.1,109.78,105.0,109.79,109.0
1753769323706,06:08:43.706,okxus,LTC/USDT:USDT,109.76,1.2,109.75,96.2,109.77,240.9,109.78,201.2
1753769323906,06:08:43.906,okxus,LTC/USDT:USDT,109.76,10.3,109.75,96.2,109.77,231.7,109.78,199.4
1753769324006,06:08:44.006,okxus,LTC/USDT:USDT,109.76,10.3,109.75,96.2,109.77,231.7,109.78,199.4
1753769324106,06:08:44.106,okxus,LTC/USDT:USDT,109.76,10.3,109.75,96.2,109.77,231.7,109.78,199.4
1753769324406,06:08:44.406,okxus,LTC/USDT:USDT,109.76,0.4,109.75,96.2,109.77,271.9,109.78,199.4
1753769324706,06:08:44.706,okxus,LTC/USDT:USDT,109.76,1.3,109.75,96.2,109.77,231.7,109.78,199.4
1753769324906,06:08:44.906,okxus,LTC/USDT:USDT,109.76,1.3,109.75,96.2,109.77,231.7,109.78,203.9
1753769325006,06:08:45.006,okxus,LTC/USDT:USDT,109.76,0.4,109.75,96.2,109.77,271.9,109.78,203.9
1753769325206,06:08:45.206,okxus,LTC/USDT:USDT,109.76,0.4,109.75,96.2,109.77,271.9,109.78,203.9
1753769325606,06:08:45.606,okxus,LTC/USDT:USDT,109.76,1.3,109.75,96.2,109.77,231.7,109.78,199.4
1753769325806,06:08:45.806,okxus,LTC/USDT:USDT,109.76,1.3,109.75,96.2,109.77,231.7,109.78,199.4
1753769325906,06:08:45.906,okxus,LTC/USDT:USDT,109.76,1.3,109.75,83.0,109.77,231.7,109.78,251.6
1753769326006,06:08:46.006,okxus,LTC/USDT:USDT,109.76,1.3,109.75,83.0,109.77,231.7,109.78,251.6
1753769326306,06:08:46.306,okxus,LTC/USDT:USDT,109.76,1.3,109.75,83.0,109.77,264.3,109.78,189.3
1753769326406,06:08:46.406,okxus,LTC/USDT:USDT,109.76,1.3,109.75,83.0,109.77,264.3,109.78,189.3
1753769326606,06:08:46.606,okxus,LTC/USDT:USDT,109.76,9.7,109.75,102.8,109.77,287.8,109.78,169.3
1753769326706,06:08:46.706,okxus,LTC/USDT:USDT,109.76,1.3,109.75,102.8,109.77,287.8,109.78,169.3
1753769326806,06:08:46.806,okxus,LTC/USDT:USDT,109.76,1.3,109.75,102.8,109.77,287.8,109.78,169.3
1753769326906,06:08:46.906,okxus,LTC/USDT:USDT,109.76,35.3,109.75,102.8,109.77,287.8,109.78,169.3
1753769327006,06:08:47.006,okxus,LTC/USDT:USDT,109.76,35.3,109.75,107.3,109.77,287.8,109.78,117.1
1753769327106,06:08:47.106,okxus,LTC/USDT:USDT,109.76,35.3,109.75,107.3,109.77,287.8,109.78,117.1
1753769327406,06:08:47.406,okxus,LTC/USDT:USDT,109.76,35.3,109.75,96.3,109.77,291.3,109.78,209.5
1753769327506,06:08:47.506,okxus,LTC/USDT:USDT,109.76,35.3,109.75,96.3,109.77,291.4,109.78,209.5
1753769327606,06:08:47.606,okxus,LTC/USDT:USDT,109.76,0.6,109.75,96.3,109.77,291.4,109.78,209.5
1753769327706,06:08:47.706,okxus,LTC/USDT:USDT,109.76,0.4,109.75,91.8,109.77,291.4,109.78,209.5
1753769328106,06:08:48.106,okxus,LTC/USDT:USDT,109.76,10.3,109.75,107.3,109.77,291.4,109.78,117.1
1753769328206,06:08:48.206,okxus,LTC/USDT:USDT,109.76,10.3,109.75,107.3,109.77,295.4,109.78,117.1
1753769328306,06:08:48.306,okxus,LTC/USDT:USDT,109.76,10.3,109.75,136.5,109.77,295.4,109.78,117.1
1753769328906,06:08:48.906,okxus,LTC/USDT:USDT,109.76,92.6,109.75,136.5,109.77,154.9,109.78,104.9
1753769329206,06:08:49.206,okxus,LTC/USDT:USDT,109.76,72.1,109.75,136.5,109.77,116.5,109.78,103.1
1753769329506,06:08:49.506,okxus,LTC/USDT:USDT,109.76,109.6,109.75,136.5,109.77,89.3,109.78,98.6
1753769329706,06:08:49.706,okxus,LTC/USDT:USDT,109.76,89.1,109.75,136.5,109.77,89.3,109.78,98.6
1753769330106,06:08:50.106,okxus,LTC/USDT:USDT,109.76,89.1,109.75,107.7,109.77,81.6,109.78,98.6
1753769330206,06:08:50.206,okxus,LTC/USDT:USDT,109.76,78.1,109.75,107.7,109.77,81.6,109.78,98.6
1753769330506,06:08:50.506,okxus,LTC/USDT:USDT,109.76,78.1,109.75,107.7,109.77,81.6,109.78,98.6
1753769331006,06:08:51.006,okxus,LTC/USDT:USDT,109.76,144.0,109.75,136.9,109.77,88.3,109.78,98.6
1753769331106,06:08:51.106,okxus,LTC/USDT:USDT,109.76,78.1,109.75,107.7,109.77,88.6,109.78,109.6
1753769331306,06:08:51.306,okxus,LTC/USDT:USDT,109.76,52.2,109.75,107.7,109.77,88.6,109.78,109.6
1753769331506,06:08:51.506,okxus,LTC/USDT:USDT,109.76,52.2,109.75,107.3,109.77,88.6,109.78,98.6
1753769331706,06:08:51.706,okxus,LTC/USDT:USDT,109.76,52.2,109.75,107.3,109.77,88.6,109.78,109.6
1753769331806,06:08:51.806,okxus,LTC/USDT:USDT,109.76,52.2,109.75,136.5,109.77,88.6,109.78,98.6
1753769332406,06:08:52.406,okxus,LTC/USDT:USDT,109.76,97.7,109.75,136.7,109.77,91.5,109.78,98.6
1753769332506,06:08:52.506,okxus,LTC/USDT:USDT,109.76,77.2,109.75,107.5,109.77,91.5,109.78,98.6
1753769332606,06:08:52.606,okxus,LTC/USDT:USDT,109.76,77.2,109.75,136.7,109.77,91.5,109.78,98.6
1753769332906,06:08:52.906,okxus,LTC/USDT:USDT,109.76,77.2,109.75,136.7,109.77,91.5,109.78,98.6
1753769333006,06:08:53.006,okxus,LTC/USDT:USDT,109.76,97.7,109.75,136.7,109.77,91.5,109.78,98.6
1753769333306,06:08:53.306,okxus,LTC/USDT:USDT,109.76,78.1,109.75,107.5,109.77,95.7,109.78,94.5
1753769333606,06:08:53.606,okxus,LTC/USDT:USDT,109.75,49.8,109.74,107.5,109.76,194.0,109.77,166.2
1753769333706,06:08:53.706,okxus,LTC/USDT:USDT,109.75,64.7,109.74,107.5,109.76,179.3,109.77,166.2
1753769333806,06:08:53.806,okxus,LTC/USDT:USDT,109.75,64.7,109.74,107.5,109.76,179.3,109.77,166.2
1753769333906,06:08:53.906,okxus,LTC/USDT:USDT,109.75,47.5,109.74,107.5,109.76,179.3,109.77,166.2
1753769334106,06:08:54.106,okxus,LTC/USDT:USDT,109.75,54.0,109.74,107.5,109.76,196.1,109.77,166.2
1753769334306,06:08:54.306,okxus,LTC/USDT:USDT,109.75,39.3,109.74,107.5,109.76,214.3,109.77,166.2
1753769334406,06:08:54.406,okxus,LTC/USDT:USDT,109.75,39.3,109.74,107.5,109.76,214.3,109.77,177.2
1753769334706,06:08:54.706,okxus,LTC/USDT:USDT,109.75,1.4,109.74,63.2,109.76,227.1,109.77,204.6
1753769334806,06:08:54.806,okxus,LTC/USDT:USDT,109.75,8.9,109.74,88.2,109.76,216.1,109.77,175.4
1753769334906,06:08:54.906,okxus,LTC/USDT:USDT,109.75,9.6,109.74,86.2,109.76,216.1,109.77,164.4
1753769335006,06:08:55.006,okxus,LTC/USDT:USDT,109.75,1.4,109.74,86.2,109.76,216.1,109.77,164.4
1753769335106,06:08:55.106,okxus,LTC/USDT:USDT,109.75,9.8,109.74,86.3,109.76,216.1,109.77,164.4
1753769335206,06:08:55.206,okxus,LTC/USDT:USDT,109.75,9.8,109.74,86.3,109.76,216.1,109.77,204.6
1753769335306,06:08:55.306,okxus,LTC/USDT:USDT,109.75,0.7,109.74,86.3,109.76,216.1,109.77,204.6
1753769335506,06:08:55.506,okxus,LTC/USDT:USDT,109.75,0.7,109.74,86.3,109.76,227.2,109.77,279.8
1753769335906,06:08:55.906,okxus,LTC/USDT:USDT,109.75,0.5,109.74,86.3,109.76,253.7,109.77,247.5
1753769336106,06:08:56.106,okxus,LTC/USDT:USDT,109.75,1.2,109.74,86.3,109.76,253.7,109.77,247.5
1753769336306,06:08:56.306,okxus,LTC/USDT:USDT,109.75,0.7,109.74,86.3,109.76,253.7,109.77,247.5
1753769336906,06:08:56.906,okxus,LTC/USDT:USDT,109.73,42.7,109.72,140.3,109.74,222.4,109.75,185.3
1753769337106,06:08:57.106,okxus,LTC/USDT:USDT,109.72,57.1,109.71,56.3,109.73,162.4,109.74,147.7
1753769337206,06:08:57.206,okxus,LTC/USDT:USDT,109.72,47.8,109.71,65.1,109.73,127.3,109.74,105.8
1753769337406,06:08:57.406,okxus,LTC/USDT:USDT,109.72,47.8,109.71,65.1,109.73,128.0,109.74,152.6
1753769337606,06:08:57.606,okxus,LTC/USDT:USDT,109.72,47.8,109.71,65.1,109.73,128.0,109.74,152.6
1753769337906,06:08:57.906,okxus,LTC/USDT:USDT,109.72,47.8,109.71,90.1,109.73,149.2,109.74,152.6
1753769338006,06:08:58.006,okxus,LTC/USDT:USDT,109.72,47.8,109.71,136.7,109.73,149.2,109.74,112.4
1753769338106,06:08:58.106,okxus,LTC/USDT:USDT,109.72,47.8,109.71,107.5,109.73,149.2,109.74,112.4
1753769338206,06:08:58.206,okxus,LTC/USDT:USDT,109.72,47.8,109.71,107.5,109.73,149.2,109.74,112.4
1753769338406,06:08:58.406,okxus,LTC/USDT:USDT,109.72,47.8,109.71,118.5,109.73,187.4,109.74,112.4
1753769338506,06:08:58.506,okxus,LTC/USDT:USDT,109.72,47.8,109.71,118.5,109.73,187.4,109.74,112.4
1753769338606,06:08:58.606,okxus,LTC/USDT:USDT,109.72,47.8,109.71,118.5,109.73,187.4,109.74,112.4
1753769338806,06:08:58.806,okxus,LTC/USDT:USDT,109.72,80.3,109.71,147.7,109.73,186.7,109.74,96.7
1753769339206,06:08:59.206,okxus,LTC/USDT:USDT,109.72,80.3,109.71,147.7,109.73,186.7,109.74,96.7
1753769339306,06:08:59.306,okxus,LTC/USDT:USDT,109.72,80.3,109.71,147.7,109.73,186.7,109.74,96.7
1753769339406,06:08:59.406,okxus,LTC/USDT:USDT,109.72,80.3,109.71,147.7,109.73,159.1,109.74,79.1
1753769339506,06:08:59.506,okxus,LTC/USDT:USDT,109.72,80.3,109.71,147.7,109.73,159.1,109.74,79.1
1753769339706,06:08:59.706,okxus,LTC/USDT:USDT,109.72,80.3,109.71,147.7,109.73,159.1,109.74,79.1
1753769339906,06:08:59.906,okxus,LTC/USDT:USDT,109.72,148.7,109.71,160.7,109.73,44.3,109.74,22.2
1753769340006,06:09:00.006,okxus,LTC/USDT:USDT,109.72,146.9,109.71,127.0,109.73,52.3,109.74,22.2
1753769340206,06:09:00.206,okxus,LTC/USDT:USDT,109.72,95.1,109.71,118.6,109.73,87.9,109.74,22.4
1753769340306,06:09:00.306,okxus,LTC/USDT:USDT,109.72,97.0,109.71,107.6,109.73,101.9,109.74,33.4
1753769340506,06:09:00.506,okxus,LTC/USDT:USDT,109.72,97.0,109.71,107.6,109.73,103.2,109.74,33.4
1753769340806,06:09:00.806,okxus,LTC/USDT:USDT,109.72,64.7,109.71,107.9,109.73,103.2,109.74,58.4
1753769340906,06:09:00.906,okxus,LTC/USDT:USDT,109.72,64.7,109.71,118.9,109.73,103.2,109.74,55.5
1753769341006,06:09:01.006,okxus,LTC/USDT:USDT,109.72,52.3,109.71,107.9,109.73,118.4,109.74,66.5
1753769341206,06:09:01.206,okxus,LTC/USDT:USDT,109.72,53.3,109.71,107.9,109.73,118.4,109.74,72.0
1753769341306,06:09:01.306,okxus,LTC/USDT:USDT,109.72,53.3,109.71,107.9,109.73,118.4,109.74,72.0
1753769341506,06:09:01.506,okxus,LTC/USDT:USDT,109.7,99.2,109.69,23.6,109.71,159.1,109.72,101.6
1753769341606,06:09:01.606,okxus,LTC/USDT:USDT,109.7,162.1,109.69,81.0,109.71,99.8,109.72,76.6
1753769342106,06:09:02.106,okxus,LTC/USDT:USDT,109.71,292.4,109.7,196.1,109.72,10.2,109.73,120.5
1753769342206,06:09:02.206,okxus,LTC/USDT:USDT,109.71,315.3,109.7,196.1,109.72,10.2,109.73,120.5
1753769342306,06:09:02.306,okxus,LTC/USDT:USDT,109.71,292.5,109.7,196.1,109.72,10.2,109.73,120.5
1753769342706,06:09:02.706,okxus,LTC/USDT:USDT,109.71,37.4,109.7,122.3,109.72,73.6,109.73,153.6
1753769342806,06:09:02.806,okxus,LTC/USDT:USDT,109.71,0.8,109.7,121.8,109.72,76.6,109.73,149.1
1753769343106,06:09:03.106,okxus,LTC/USDT:USDT,109.71,0.1,109.7,107.1,109.72,116.8,109.73,149.1
1753769343206,06:09:03.206,okxus,LTC/USDT:USDT,109.7,106.5,109.69,78.7,109.71,195.0,109.72,131.1
1753769343306,06:09:03.306,okxus,LTC/USDT:USDT,109.7,106.7,109.69,40.8,109.71,228.2,109.72,129.3
1753769343406,06:09:03.406,okxus,LTC/USDT:USDT,109.7,88.5,109.69,40.5,109.71,236.9,109.72,149.6
1753769343606,06:09:03.606,okxus,LTC/USDT:USDT,109.7,88.5,109.69,17.3,109.71,236.9,109.72,149.7
1753769343806,06:09:03.806,okxus,LTC/USDT:USDT,109.7,88.4,109.69,17.3,109.71,261.9,109.72,149.7
1753769343906,06:09:03.906,okxus,LTC/USDT:USDT,109.7,88.4,109.69,28.2,109.71,231.8,109.72,149.7
1753769344306,06:09:04.306,okxus,LTC/USDT:USDT,109.7,128.7,109.69,28.2,109.71,74.2,109.72,119.7
1753769344806,06:09:04.806,okxus,LTC/USDT:USDT,109.7,128.7,109.69,53.2,109.71,74.2,109.72,148.9
1753769345006,06:09:05.006,okxus,LTC/USDT:USDT,109.7,196.6,109.69,93.4,109.71,1.2,109.72,64.9
1753769345106,06:09:05.106,okxus,LTC/USDT:USDT,109.7,207.8,109.69,93.4,109.71,1.2,109.72,64.9
1753769345206,06:09:05.206,okxus,LTC/USDT:USDT,109.7,196.8,109.69,93.4,109.71,10.0,109.72,64.9
1753769345306,06:09:05.306,okxus,LTC/USDT:USDT,109.7,196.8,109.69,93.4,109.71,50.2,109.72,64.9
1753769345506,06:09:05.506,okxus,LTC/USDT:USDT,109.7,174.0,109.69,64.2,109.71,50.2,109.72,64.9
1753769345706,06:09:05.706,okxus,LTC/USDT:USDT,109.7,199.0,109.69,93.9,109.71,50.2,109.72,64.9
1753769345806,06:09:05.806,okxus,LTC/USDT:USDT,109.7,199.0,109.69,93.9,109.71,50.2,109.72,64.9
1753769345906,06:09:05.906,okxus,LTC/USDT:USDT,109.7,199.0,109.69,93.9,109.71,50.2,109.72,64.9
1753769346006,06:09:06.006,okxus,LTC/USDT:USDT,109.7,199.0,109.69,82.9,109.71,50.2,109.72,64.9
1753769346106,06:09:06.106,okxus,LTC/USDT:USDT,109.7,221.8,109.69,93.9,109.71,50.2,109.72,52.6
1753769346306,06:09:06.306,okxus,LTC/USDT:USDT,109.7,174.0,109.69,84.8,109.71,50.2,109.72,52.6
1753769346406,06:09:06.406,okxus,LTC/USDT:USDT,109.7,139.6,109.69,53.8,109.71,65.5,109.72,91.5
1753769346506,06:09:06.506,okxus,LTC/USDT:USDT,109.7,139.6,109.69,53.8,109.71,79.3,109.72,91.5
1753769346606,06:09:06.606,okxus,LTC/USDT:USDT,109.7,139.6,109.69,53.8,109.71,76.5,109.72,91.5
1753769347206,06:09:07.206,okxus,LTC/USDT:USDT,109.7,139.7,109.69,94.2,109.71,50.9,109.72,59.7
1753769347306,06:09:07.306,okxus,LTC/USDT:USDT,109.7,139.7,109.69,94.2,109.71,54.0,109.72,59.7
1753769347406,06:09:07.406,okxus,LTC/USDT:USDT,109.7,139.7,109.69,94.2,109.71,53.8,109.72,59.7
1753769347606,06:09:07.606,okxus,LTC/USDT:USDT,109.7,134.9,109.69,68.0,109.71,55.8,109.72,88.9
1753769347806,06:09:07.806,okxus,LTC/USDT:USDT,109.7,123.1,109.69,68.0,109.71,95.4,109.72,113.9
1753769347906,06:09:07.906,okxus,LTC/USDT:USDT,109.7,123.1,109.69,68.0,109.71,95.4,109.72,113.9
1753769348106,06:09:08.106,okxus,LTC/USDT:USDT,109.7,124.0,109.69,97.0,109.71,84.4,109.72,84.7
1753769348306,06:09:08.306,okxus,LTC/USDT:USDT,109.7,124.1,109.69,97.0,109.71,84.4,109.72,59.7
1753769348406,06:09:08.406,okxus,LTC/USDT:USDT,109.7,124.1,109.69,67.8,109.71,84.4,109.72,88.9
1753769348506,06:09:08.506,okxus,LTC/USDT:USDT,109.7,124.1,109.69,67.8,109.71,70.4,109.72,59.7
1753769348606,06:09:08.606,okxus,LTC/USDT:USDT,109.7,124.1,109.69,68.0,109.71,81.4,109.72,88.9
1753769348706,06:09:08.706,okxus,LTC/USDT:USDT,109.7,124.1,109.69,68.0,109.71,81.4,109.72,113.9
1753769348806,06:09:08.806,okxus,LTC/USDT:USDT,109.7,124.1,109.69,68.0,109.71,81.4,109.72,113.9
1753769348906,06:09:08.906,okxus,LTC/USDT:USDT,109.7,124.1,109.69,68.0,109.71,81.4,109.72,113.9
1753769349106,06:09:09.106,okxus,LTC/USDT:USDT,109.7,124.1,109.69,97.2,109.71,70.4,109.72,59.7
1753769349206,06:09:09.206,okxus,LTC/USDT:USDT,109.7,158.5,109.69,108.2,109.71,55.1,109.72,59.7
1753769349706,06:09:09.706,okxus,LTC/USDT:USDT,109.7,124.1,109.69,67.8,109.71,79.3,109.72,90.7
1753769349806,06:09:09.806,okxus,LTC/USDT:USDT,109.7,124.1,109.69,67.8,109.71,86.7,109.72,90.7
1753769349906,06:09:09.906,okxus,LTC/USDT:USDT,109.7,124.1,109.69,67.8,109.71,86.7,109.72,90.7
1753769350306,06:09:10.306,okxus,LTC/USDT:USDT,109.7,124.1,109.69,68.0,109.71,103.8,109.72,88.9
1753769350406,06:09:10.406,okxus,LTC/USDT:USDT,109.7,124.1,109.69,68.0,109.71,103.8,109.72,88.9
1753769350706,06:09:10.706,okxus,LTC/USDT:USDT,109.7,124.1,109.69,68.0,109.71,107.4,109.72,118.4
1753769350906,06:09:10.906,okxus,LTC/USDT:USDT,109.7,124.1,109.69,68.0,109.71,107.4,109.72,118.4
1753769351006,06:09:11.006,okxus,LTC/USDT:USDT,109.7,124.1,109.69,68.0,109.71,107.4,109.72,118.4
1753769351306,06:09:11.306,okxus,LTC/USDT:USDT,109.7,124.1,109.69,97.0,109.71,81.7,109.72,64.2
1753769351506,06:09:11.506,okxus,LTC/USDT:USDT,109.7,158.5,109.69,67.8,109.71,58.9,109.72,66.0
1753769351606,06:09:11.606,okxus,LTC/USDT:USDT,109.7,183.5,109.69,108.2,109.71,58.9,109.72,55.0
1753769351706,06:09:11.706,okxus,LTC/USDT:USDT,109.7,183.5,109.69,108.2,109.71,58.9,109.72,66.0
1753769351806,06:09:11.806,okxus,LTC/USDT:USDT,109.7,124.1,109.69,79.0,109.71,58.9,109.72,66.0
1753769351906,06:09:11.906,okxus,LTC/USDT:USDT,109.7,124.1,109.69,68.0,109.71,58.9,109.72,66.0
1753769352206,06:09:12.206,okxus,LTC/USDT:USDT,109.7,158.5,109.69,108.2,109.71,58.9,109.72,55.0
1753769352306,06:09:12.306,okxus,LTC/USDT:USDT,109.7,158.5,109.69,97.2,109.71,58.9,109.72,66.0
1753769352406,06:09:12.406,okxus,LTC/USDT:USDT,109.7,158.5,109.69,108.2,109.71,58.9,109.72,55.0
1753769352606,06:09:12.606,okxus,LTC/USDT:USDT,109.7,206.3,109.69,108.0,109.71,49.9,109.72,42.1
1753769352806,06:09:12.806,okxus,LTC/USDT:USDT,109.7,183.5,109.69,109.8,109.71,49.9,109.72,42.1
1753769353106,06:09:13.106,okxus,LTC/USDT:USDT,109.7,217.3,109.69,110.0,109.71,49.0,109.72,42.1
1753769353206,06:09:13.206,okxus,LTC/USDT:USDT,109.7,183.5,109.69,110.0,109.71,88.9,109.72,29.3
1753769353306,06:09:13.306,okxus,LTC/USDT:USDT,109.7,206.3,109.69,110.0,109.71,88.9,109.72,29.3
1753769353406,06:09:13.406,okxus,LTC/USDT:USDT,109.7,217.3,109.69,110.0,109.71,88.9,109.72,29.3
1753769353506,06:09:13.506,okxus,LTC/USDT:USDT,109.7,219.6,109.69,108.2,109.71,89.8,109.72,29.3
1753769353606,06:09:13.606,okxus,LTC/USDT:USDT,109.7,219.6,109.69,108.2,109.71,89.8,109.72,29.3
1753769353706,06:09:13.706,okxus,LTC/USDT:USDT,109.7,219.6,109.69,108.2,109.71,89.8,109.72,29.3
1753769354206,06:09:14.206,okxus,LTC/USDT:USDT,109.7,219.6,109.69,115.2,109.71,88.9,109.72,1.0
1753769354606,06:09:14.606,okxus,LTC/USDT:USDT,109.7,208.6,109.69,115.6,109.71,88.9,109.72,1.0
1753769354906,06:09:14.906,okxus,LTC/USDT:USDT,109.7,219.6,109.69,115.6,109.71,88.9,109.72,1.0
1753769355006,06:09:15.006,okxus,LTC/USDT:USDT,109.7,219.6,109.69,119.6,109.71,88.9,109.72,1.0
1753769355106,06:09:15.106,okxus,LTC/USDT:USDT,109.73,298.7,109.72,325.2,109.74,19.9,109.75,158.0
1753769355506,06:09:15.506,okxus,LTC/USDT:USDT,109.73,350.8,109.72,205.9,109.74,10.3,109.75,86.0
1753769355606,06:09:15.606,okxus,LTC/USDT:USDT,109.73,350.8,109.72,205.9,109.74,11.0,109.75,86.0
1753769355806,06:09:15.806,okxus,LTC/USDT:USDT,109.73,350.8,109.72,205.9,109.74,10.9,109.75,86.0
1753769356306,06:09:16.306,okxus,LTC/USDT:USDT,109.73,287.5,109.72,206.9,109.74,36.9,109.75,86.0
1753769356406,06:09:16.406,okxus,LTC/USDT:USDT,109.73,321.3,109.72,186.4,109.74,11.1,109.75,21.3
1753769356506,06:09:16.506,okxus,LTC/USDT:USDT,109.73,321.3,109.72,186.4,109.74,11.1,109.75,41.2
1753769356606,06:09:16.606,okxus,LTC/USDT:USDT,109.73,321.3,109.72,186.4,109.74,11.1,109.75,75.4
1753769356906,06:09:16.906,okxus,LTC/USDT:USDT,109.73,310.3,109.72,186.4,109.74,26.0,109.75,75.4
1753769357106,06:09:17.106,okxus,LTC/USDT:USDT,109.73,310.3,109.72,186.5,109.74,11.1,109.75,75.4
1753769357306,06:09:17.306,okxus,LTC/USDT:USDT,109.73,321.3,109.72,182.0,109.74,11.1,109.75,75.4
1753769357406,06:09:17.406,okxus,LTC/USDT:USDT,109.73,323.1,109.72,182.0,109.74,11.1,109.75,50.4
1753769357506,06:09:17.506,okxus,LTC/USDT:USDT,109.73,323.1,109.72,182.0,109.74,10.4,109.75,50.4
1753769357606,06:09:17.606,okxus,LTC/USDT:USDT,109.73,323.1,109.72,182.0,109.74,10.4,109.75,75.4
1753769357706,06:09:17.706,okxus,LTC/USDT:USDT,109.73,312.1,109.72,182.0,109.74,11.1,109.75,75.4
1753769357906,06:09:17.906,okxus,LTC/USDT:USDT,109.73,259.6,109.72,171.0,109.74,26.0,109.75,86.4
1753769358106,06:09:18.106,okxus,LTC/USDT:USDT,109.73,259.6,109.72,182.0,109.74,26.0,109.75,50.4
1753769358206,06:09:18.206,okxus,LTC/USDT:USDT,109.73,282.4,109.72,182.0,109.74,26.0,109.75,50.4
1753769358306,06:09:18.306,okxus,LTC/USDT:USDT,109.73,293.4,109.72,182.0,109.74,10.4,109.75,50.4
1753769358406,06:09:18.406,okxus,LTC/USDT:USDT,109.73,293.4,109.72,182.0,109.74,10.4,109.75,50.4
1753769358706,06:09:18.706,okxus,LTC/USDT:USDT,109.73,259.6,109.72,171.0,109.74,28.3,109.75,50.4
1753769358906,06:09:18.906,okxus,LTC/USDT:USDT,109.73,282.4,109.72,182.0,109.74,28.3,109.75,50.4
1753769359406,06:09:19.406,okxus,LTC/USDT:USDT,109.73,282.4,109.72,182.0,109.74,12.1,109.75,50.4
1753769359606,06:09:19.606,okxus,LTC/USDT:USDT,109.73,282.4,109.72,182.0,109.74,3.1,109.75,50.4
1753769359706,06:09:19.706,okxus,LTC/USDT:USDT,109.73,282.4,109.72,182.0,109.74,3.1,109.75,50.4
1753769360106,06:09:20.106,okxus,LTC/USDT:USDT,109.75,396.0,109.74,171.7,109.76,33.7,109.77,17.5
1753769360306,06:09:20.306,okxus,LTC/USDT:USDT,109.77,217.4,109.76,143.9,109.78,90.7,109.79,35.7
1753769360406,06:09:20.406,okxus,LTC/USDT:USDT,109.77,207.9,109.76,144.2,109.78,64.9,109.79,35.5
1753769360506,06:09:20.506,okxus,LTC/USDT:USDT,109.77,207.9,109.76,144.2,109.78,64.9,109.79,60.5
1753769360706,06:09:20.706,okxus,LTC/USDT:USDT,109.77,196.3,109.76,144.2,109.78,64.9,109.79,60.5
1753769360806,06:09:20.806,okxus,LTC/USDT:USDT,109.77,197.2,109.76,144.2,109.78,20.6,109.79,35.5
1753769360906,06:09:20.906,okxus,LTC/USDT:USDT,109.77,197.2,109.76,145.2,109.78,20.6,109.79,35.5
1753769361006,06:09:21.006,okxus,LTC/USDT:USDT,109.77,197.2,109.76,147.0,109.78,20.6,109.79,35.5
1753769361306,06:09:21.306,okxus,LTC/USDT:USDT,109.77,251.5,109.76,149.7,109.78,21.6,109.79,32.5
1753769361406,06:09:21.406,okxus,LTC/USDT:USDT,109.77,251.5,109.76,153.7,109.78,12.7,109.79,0.9
1753769361706,06:09:21.706,okxus,LTC/USDT:USDT,109.77,276.7,109.76,156.4,109.78,13.7,109.79,0.9
1753769361806,06:09:21.806,okxus,LTC/USDT:USDT,109.77,251.7,109.76,152.4,109.78,13.7,109.79,0.9
1753769361906,06:09:21.906,okxus,LTC/USDT:USDT,109.77,240.7,109.76,152.4,109.78,24.3,109.79,11.8
1753769362006,06:09:22.006,okxus,LTC/USDT:USDT,109.77,182.6,109.76,111.5,109.78,35.2,109.79,34.7
1753769362106,06:09:22.106,okxus,LTC/USDT:USDT,109.77,183.5,109.76,111.5,109.78,35.2,109.79,45.7
1753769362406,06:09:22.406,okxus,LTC/USDT:USDT,109.77,151.8,109.76,151.7,109.78,50.7,109.79,23.4
1753769362506,06:09:22.506,okxus,LTC/USDT:USDT,109.77,151.8,109.76,151.7,109.78,50.7,109.79,48.4
1753769362806,06:09:22.806,okxus,LTC/USDT:USDT,109.77,151.8,109.76,140.7,109.78,50.6,109.79,59.4
1753769363006,06:09:23.006,okxus,LTC/USDT:USDT,109.77,151.8,109.76,151.7,109.78,50.6,109.79,48.4
1753769363206,06:09:23.206,okxus,LTC/USDT:USDT,109.77,94.6,109.76,151.7,109.78,50.6,109.79,48.4
1753769363306,06:09:23.306,okxus,LTC/USDT:USDT,109.77,117.4,109.76,151.7,109.78,50.6,109.79,48.4
1753769363606,06:09:23.606,okxus,LTC/USDT:USDT,109.77,117.4,109.76,151.7,109.78,50.6,109.79,58.4
1753769363806,06:09:23.806,okxus,LTC/USDT:USDT,109.77,94.6,109.76,140.7,109.78,75.5,109.79,69.4
1753769364006,06:09:24.006,okxus,LTC/USDT:USDT,109.77,94.6,109.76,140.7,109.78,71.0,109.79,74.1
1753769364206,06:09:24.206,okxus,LTC/USDT:USDT,109.77,80.6,109.76,140.7,109.78,71.4,109.79,74.1
1753769364406,06:09:24.406,okxus,LTC/USDT:USDT,109.77,103.5,109.76,151.7,109.78,77.8,109.79,74.1
1753769364606,06:09:24.606,okxus,LTC/USDT:USDT,109.77,0.3,109.76,86.5,109.78,132.1,109.79,107.9
1753769364706,06:09:24.706,okxus,LTC/USDT:USDT,109.77,1.0,109.76,86.5,109.78,121.1,109.79,107.9
1753769364806,06:09:24.806,okxus,LTC/USDT:USDT,109.77,10.0,109.76,86.5,109.78,113.7,109.79,80.5
1753769364906,06:09:24.906,okxus,LTC/USDT:USDT,109.77,26.4,109.76,115.7,109.78,71.4,109.79,81.7
1753769365606,06:09:25.606,okxus,LTC/USDT:USDT,109.77,41.0,109.76,86.2,109.78,74.1,109.79,110.9
1753769365706,06:09:25.706,okxus,LTC/USDT:USDT,109.77,32.0,109.76,86.2,109.78,77.8,109.79,119.4
1753769366006,06:09:26.006,okxus,LTC/USDT:USDT,109.77,2.6,109.76,86.2,109.78,63.1,109.79,92.0
1753769366206,06:09:26.206,okxus,LTC/USDT:USDT,109.77,0.9,109.76,86.2,109.78,94.9,109.79,119.4
1753769366306,06:09:26.306,okxus,LTC/USDT:USDT,109.76,1.3,109.75,112.4,109.77,235.6,109.78,159.2
1753769366506,06:09:26.506,okxus,LTC/USDT:USDT,109.76,1.1,109.75,112.4,109.77,215.3,109.78,170.7
1753769366706,06:09:26.706,okxus,LTC/USDT:USDT,109.76,1.3,109.75,72.5,109.77,215.3,109.78,170.7
1753769366806,06:09:26.806,okxus,LTC/USDT:USDT,109.76,9.9,109.75,72.5,109.77,215.3,109.78,159.2
1753769367506,06:09:27.506,okxus,LTC/USDT:USDT,109.75,24.0,109.74,134.5,109.76,181.3,109.77,112.3
1753769367806,06:09:27.806,okxus,LTC/USDT:USDT,109.75,32.4,109.74,134.5,109.76,146.9,109.77,107.9
1753769367906,06:09:27.906,okxus,LTC/USDT:USDT,109.75,24.4,109.74,109.5,109.76,176.1,109.77,107.9
1753769368106,06:09:28.106,okxus,LTC/USDT:USDT,109.75,16.2,109.74,109.5,109.76,156.8,109.77,107.9
1753769368206,06:09:28.206,okxus,LTC/USDT:USDT,109.75,0.2,109.74,109.5,109.76,186.0,109.77,112.5
1753769368306,06:09:28.306,okxus,LTC/USDT:USDT,109.75,0.2,109.74,109.5,109.76,186.0,109.77,112.5
1753769368506,06:09:28.506,okxus,LTC/USDT:USDT,109.75,0.2,109.74,38.1,109.76,211.0,109.77,167.7
1753769368706,06:09:28.706,okxus,LTC/USDT:USDT,109.74,37.4,109.73,197.6,109.75,89.3,109.76,82.7
1753769368806,06:09:28.806,okxus,LTC/USDT:USDT,109.74,37.3,109.73,157.4,109.75,89.3,109.76,122.9
1753769368906,06:09:28.906,okxus,LTC/USDT:USDT,109.74,25.7,109.73,157.4,109.75,89.3,109.76,122.9
1753769369006,06:09:29.006,okxus,LTC/USDT:USDT,109.74,33.3,109.73,157.4,109.75,89.3,109.76,93.7
1753769369206,06:09:29.206,okxus,LTC/USDT:USDT,109.74,48.7,109.73,197.6,109.75,89.3,109.76,74.6
1753769369306,06:09:29.306,okxus,LTC/USDT:USDT,109.74,49.2,109.73,186.6,109.75,88.6,109.76,82.7
1753769369506,06:09:29.506,okxus,LTC/USDT:USDT,109.74,49.2,109.73,157.4,109.75,89.3,109.76,136.3
1753769369606,06:09:29.606,okxus,LTC/USDT:USDT,109.74,49.2,109.73,157.4,109.75,89.3,109.76,107.1
1753769369706,06:09:29.706,okxus,LTC/USDT:USDT,109.74,49.2,109.73,157.4,109.75,89.3,109.76,107.1
1753769369906,06:09:29.906,okxus,LTC/USDT:USDT,109.74,49.2,109.73,197.6,109.75,89.3,109.76,107.1
1753769370406,06:09:30.406,okxus,LTC/USDT:USDT,109.74,49.2,109.73,197.6,109.75,89.9,109.76,74.6
1753769370506,06:09:30.506,okxus,LTC/USDT:USDT,109.74,49.2,109.73,197.6,109.75,91.4,109.76,81.3
1753769370606,06:09:30.606,okxus,LTC/USDT:USDT,109.74,49.2,109.73,157.4,109.75,91.4,109.76,107.1
1753769370806,06:09:30.806,okxus,LTC/USDT:USDT,109.74,33.0,109.73,157.4,109.75,128.6,109.76,136.3
1753769370906,06:09:30.906,okxus,LTC/USDT:USDT,109.74,1.5,109.73,0.3,109.75,176.5,109.76,308.5
1753769371306,06:09:31.306,okxus,LTC/USDT:USDT,109.73,43.7,109.72,99.0,109.74,180.5,109.75,140.9
1753769371406,06:09:31.406,okxus,LTC/USDT:USDT,109.73,33.4,109.72,124.0,109.74,176.2,109.75,165.7
1753769371506,06:09:31.506,okxus,LTC/USDT:USDT,109.73,40.4,109.72,124.0,109.74,176.2,109.75,170.2
1753769371706,06:09:31.706,okxus,LTC/USDT:USDT,109.73,28.6,109.72,99.5,109.74,247.4,109.75,170.2
1753769371806,06:09:31.806,okxus,LTC/USDT:USDT,109.73,0.1,109.72,84.6,109.74,251.9,109.75,165.7
1753769371906,06:09:31.906,okxus,LTC/USDT:USDT,109.73,0.1,109.72,70.6,109.74,251.9,109.75,165.7
1753769372006,06:09:32.006,okxus,LTC/USDT:USDT,109.73,0.1,109.72,70.6,109.74,222.7,109.75,165.7
1753769372406,06:09:32.406,okxus,LTC/USDT:USDT,109.72,1.2,109.71,63.4,109.73,314.0,109.74,128.3
1753769372606,06:09:32.606,okxus,LTC/USDT:USDT,109.72,0.7,109.71,31.7,109.73,300.0,109.74,128.3
1753769372706,06:09:32.706,okxus,LTC/USDT:USDT,109.71,30.7,109.7,155.1,109.72,144.5,109.73,159.6
1753769372806,06:09:32.806,okxus,LTC/USDT:USDT,109.71,30.9,109.7,155.1,109.72,227.8,109.73,156.9
1753769372906,06:09:32.906,okxus,LTC/USDT:USDT,109.71,30.9,109.7,155.1,109.72,198.6,109.73,156.9
1753769373006,06:09:33.006,okxus,LTC/USDT:USDT,109.71,31.8,109.7,155.1,109.72,164.2,109.73,131.9
1753769373206,06:09:33.206,okxus,LTC/USDT:USDT,109.71,51.0,109.7,180.6,109.72,30.3,109.73,77.8
1753769373306,06:09:33.306,okxus,LTC/USDT:USDT,109.71,51.0,109.7,180.6,109.72,29.4,109.73,77.8
1753769373606,06:09:33.606,okxus,LTC/USDT:USDT,109.71,51.0,109.7,165.5,109.72,30.3,109.73,105.7
1753769373906,06:09:33.906,okxus,LTC/USDT:USDT,109.71,51.0,109.7,165.5,109.72,30.3,109.73,105.7
1753769374006,06:09:34.006,okxus,LTC/USDT:USDT,109.71,34.9,109.7,165.5,109.72,81.4,109.73,105.7
1753769374506,06:09:34.506,okxus,LTC/USDT:USDT,109.71,1.0,109.7,140.5,109.72,114.1,109.73,102.9
1753769374906,06:09:34.906,okxus,LTC/USDT:USDT,109.71,1.0,109.7,140.2,109.72,75.2,109.73,114.7
1753769375306,06:09:35.306,okxus,LTC/USDT:USDT,109.71,37.1,109.7,153.0,109.72,56.7,109.73,74.5
1753769375406,06:09:35.406,okxus,LTC/USDT:USDT,109.71,37.1,109.7,178.0,109.72,56.7,109.73,110.5
1753769375506,06:09:35.506,okxus,LTC/USDT:USDT,109.71,51.1,109.7,189.0,109.72,55.9,109.73,99.5
1753769375706,06:09:35.706,okxus,LTC/USDT:USDT,109.71,51.1,109.7,189.0,109.72,55.9,109.73,92.2
1753769376006,06:09:36.006,okxus,LTC/USDT:USDT,109.71,24.1,109.7,165.3,109.72,57.7,109.73,140.2
1753769376106,06:09:36.106,okxus,LTC/USDT:USDT,109.71,24.1,109.7,165.3,109.72,57.7,109.73,140.2
1753769376306,06:09:36.306,okxus,LTC/USDT:USDT,109.71,24.1,109.7,178.0,109.72,55.9,109.73,111.0
1753769376406,06:09:36.406,okxus,LTC/USDT:USDT,109.71,25.0,109.7,189.0,109.72,55.9,109.73,111.0
1753769376706,06:09:36.706,okxus,LTC/USDT:USDT,109.71,40.2,109.7,178.0,109.72,55.9,109.73,75.0
1753769376806,06:09:36.806,okxus,LTC/USDT:USDT,109.71,40.2,109.7,178.0,109.72,55.9,109.73,115.2
1753769377206,06:09:37.206,okxus,LTC/USDT:USDT,109.71,24.1,109.7,165.3,109.72,59.4,109.73,115.2
1753769377606,06:09:37.606,okxus,LTC/USDT:USDT,109.71,0.9,109.7,167.2,109.72,61.7,109.73,115.2
1753769378006,06:09:38.006,okxus,LTC/USDT:USDT,109.71,1.1,109.7,167.2,109.72,63.5,109.73,115.2
1753769378106,06:09:38.106,okxus,LTC/USDT:USDT,109.71,1.1,109.7,167.2,109.72,63.5,109.73,115.2
1753769378206,06:09:38.206,okxus,LTC/USDT:USDT,109.71,1.1,109.7,167.2,109.72,81.1,109.73,115.2
1753769378706,06:09:38.706,okxus,LTC/USDT:USDT,109.71,0.2,109.7,167.2,109.72,142.6,109.73,128.9
1753769378806,06:09:38.806,okxus,LTC/USDT:USDT,109.71,0.2,109.7,156.3,109.72,142.6,109.73,128.9
1753769378906,06:09:38.906,okxus,LTC/USDT:USDT,109.7,88.1,109.69,58.5,109.71,325.3,109.72,252.4
1753769379106,06:09:39.106,okxus,LTC/USDT:USDT,109.7,86.4,109.69,58.5,109.71,304.5,109.72,180.8
1753769379406,06:09:39.406,okxus,LTC/USDT:USDT,109.7,86.4,109.69,58.5,109.71,309.9,109.72,177.2
1753769379506,06:09:39.506,okxus,LTC/USDT:USDT,109.69,8.3,109.68,57.9,109.7,250.9,109.71,201.6
1753769379606,06:09:39.606,okxus,LTC/USDT:USDT,109.69,44.5,109.68,43.3,109.7,131.9,109.71,165.5
1753769379706,06:09:39.706,okxus,LTC/USDT:USDT,109.69,49.3,109.68,54.2,109.7,117.9,109.71,165.5
1753769379806,06:09:39.806,okxus,LTC/USDT:USDT,109.69,34.1,109.68,54.2,109.7,158.8,109.71,199.2
1753769380006,06:09:40.006,okxus,LTC/USDT:USDT,109.69,27.9,109.68,54.2,109.7,172.2,109.71,199.3
1753769380206,06:09:40.206,okxus,LTC/USDT:USDT,109.69,37.0,109.68,54.2,109.7,119.2,109.71,199.3
1753769380306,06:09:40.306,okxus,LTC/USDT:USDT,109.69,37.0,109.68,79.2,109.7,125.6,109.71,199.3
1753769380506,06:09:40.506,okxus,LTC/USDT:USDT,109.69,37.0,109.68,80.3,109.7,119.5,109.71,199.3
1753769380606,06:09:40.606,okxus,LTC/USDT:USDT,109.69,37.0,109.68,80.3,109.7,119.5,109.71,199.3
1753769380706,06:09:40.706,okxus,LTC/USDT:USDT,109.69,37.0,109.68,80.3,109.7,119.5,109.71,195.1
1753769380906,06:09:40.906,okxus,LTC/USDT:USDT,109.69,85.1,109.68,127.8,109.7,100.7,109.71,136.4
1753769381106,06:09:41.106,okxus,LTC/USDT:USDT,109.69,63.1,109.68,127.9,109.7,100.7,109.71,136.4
1753769381306,06:09:41.306,okxus,LTC/USDT:USDT,109.69,88.1,109.68,127.9,109.7,100.8,109.71,136.4
1753769381406,06:09:41.406,okxus,LTC/USDT:USDT,109.69,88.1,109.68,127.9,109.7,89.9,109.71,136.4
1753769381506,06:09:41.506,okxus,LTC/USDT:USDT,109.69,88.1,109.68,127.9,109.7,89.9,109.71,136.4
1753769381906,06:09:41.906,okxus,LTC/USDT:USDT,109.69,88.1,109.68,127.9,109.7,89.9,109.71,136.4
1753769383106,06:09:43.106,okxus,LTC/USDT:USDT,109.69,23.0,109.68,93.9,109.7,98.3,109.71,198.9
1753769383506,06:09:43.506,okxus,LTC/USDT:USDT,109.69,30.4,109.68,123.1,109.7,138.4,109.71,131.7
1753769383606,06:09:43.606,okxus,LTC/USDT:USDT,109.69,30.4,109.68,123.1,109.7,138.4,109.71,131.7
1753769383906,06:09:43.906,okxus,LTC/USDT:USDT,109.69,66.2,109.68,134.1,109.7,138.4,109.71,91.5
1753769384006,06:09:44.006,okxus,LTC/USDT:USDT,109.69,66.4,109.68,134.1,109.7,138.4,109.71,91.5
1753769384306,06:09:44.306,okxus,LTC/USDT:USDT,109.69,102.4,109.68,134.1,109.7,137.7,109.71,91.5
1753769384406,06:09:44.406,okxus,LTC/USDT:USDT,109.69,102.4,109.68,134.1,109.7,137.7,109.71,91.5
1753769384506,06:09:44.506,okxus,LTC/USDT:USDT,109.69,91.4,109.68,134.1,109.7,137.7,109.71,91.5
1753769384606,06:09:44.606,okxus,LTC/USDT:USDT,109.69,162.7,109.68,299.1,109.7,49.5,109.71,0.5
1753769384706,06:09:44.706,okxus,LTC/USDT:USDT,109.71,195.9,109.7,169.9,109.72,60.3,109.73,68.8
1753769384806,06:09:44.806,okxus,LTC/USDT:USDT,109.71,246.6,109.7,171.7,109.72,10.0,109.73,89.4
1753769384906,06:09:44.906,okxus,LTC/USDT:USDT,109.72,203.2,109.71,143.0,109.73,10.0,109.74,253.0
1753769385006,06:09:45.006,okxus,LTC/USDT:USDT,109.72,203.2,109.71,143.3,109.73,25.1,109.74,237.8
1753769385106,06:09:45.106,okxus,LTC/USDT:USDT,109.72,181.3,109.71,143.3,109.73,25.3,109.74,237.8
1753769385206,06:09:45.206,okxus,LTC/USDT:USDT,109.72,203.3,109.71,141.5,109.73,25.4,109.74,203.1
1753769385506,06:09:45.506,okxus,LTC/USDT:USDT,109.72,238.0,109.71,144.1,109.73,10.1,109.74,203.1
1753769385606,06:09:45.606,okxus,LTC/USDT:USDT,109.72,227.0,109.71,144.1,109.73,10.1,109.74,203.1
1753769385706,06:09:45.706,okxus,LTC/USDT:USDT,109.72,227.0,109.71,144.1,109.73,10.1,109.74,203.1
1753769385806,06:09:45.806,okxus,LTC/USDT:USDT,109.72,227.0,109.71,144.1,109.73,10.2,109.74,203.1
1753769386006,06:09:46.006,okxus,LTC/USDT:USDT,109.72,41.1,109.71,111.1,109.73,54.4,109.74,214.1
1753769386106,06:09:46.106,okxus,LTC/USDT:USDT,109.72,41.1,109.71,151.3,109.73,54.4,109.74,215.9
1753769386306,06:09:46.306,okxus,LTC/USDT:USDT,109.72,0.4,109.71,64.1,109.73,145.9,109.74,247.8
1753769386406,06:09:46.406,okxus,LTC/USDT:USDT,109.71,22.7,109.7,112.2,109.72,226.0,109.73,193.6
1753769386606,06:09:46.606,okxus,LTC/USDT:USDT,109.71,16.1,109.7,59.6,109.72,208.5,109.73,167.1
1753769386706,06:09:46.706,okxus,LTC/USDT:USDT,109.71,16.1,109.7,99.8,109.72,208.5,109.73,156.2
1753769386806,06:09:46.806,okxus,LTC/USDT:USDT,109.71,16.1,109.7,99.8,109.72,208.1,109.73,156.2
1753769386906,06:09:46.906,okxus,LTC/USDT:USDT,109.71,22.9,109.7,99.8,109.72,206.3,109.73,156.2
1753769387206,06:09:47.206,okxus,LTC/USDT:USDT,109.71,22.9,109.7,124.8,109.72,206.3,109.73,156.2
1753769387306,06:09:47.306,okxus,LTC/USDT:USDT,109.71,22.9,109.7,124.8,109.72,207.8,109.73,156.2
1753769387406,06:09:47.406,okxus,LTC/USDT:USDT,109.71,22.9,109.7,95.6,109.72,207.8,109.73,156.2
1753769388206,06:09:48.206,okxus,LTC/USDT:USDT,109.71,145.0,109.7,119.7,109.72,26.5,109.73,78.0
1753769388306,06:09:48.306,okxus,LTC/USDT:USDT,109.72,197.2,109.71,113.1,109.73,10.2,109.74,203.1
1753769388406,06:09:48.406,okxus,LTC/USDT:USDT,109.72,197.4,109.71,113.1,109.73,11.5,109.74,203.1
1753769388506,06:09:48.506,okxus,LTC/USDT:USDT,109.72,197.4,109.71,113.1,109.73,11.5,109.74,203.1
1753769388606,06:09:48.606,okxus,LTC/USDT:USDT,109.72,197.4,109.71,113.1,109.73,11.5,109.74,203.1
1753769388706,06:09:48.706,okxus,LTC/USDT:USDT,109.72,152.0,109.71,113.1,109.73,11.5,109.74,207.6
1753769388806,06:09:48.806,okxus,LTC/USDT:USDT,109.72,197.4,109.71,113.1,109.73,11.5,109.74,207.6
1753769389306,06:09:49.306,okxus,LTC/USDT:USDT,109.72,163.0,109.71,120.3,109.73,43.5,109.74,209.4
1753769389606,06:09:49.606,okxus,LTC/USDT:USDT,109.72,186.4,109.71,120.3,109.73,28.4,109.74,207.6
1753769389706,06:09:49.706,okxus,LTC/USDT:USDT,109.72,186.4,109.71,120.3,109.73,28.4,109.74,207.6
1753769389806,06:09:49.806,okxus,LTC/USDT:USDT,109.72,197.4,109.71,120.3,109.73,28.4,109.74,207.6
1753769389906,06:09:49.906,okxus,LTC/USDT:USDT,109.72,213.9,109.71,120.3,109.73,27.7,109.74,35.5
1753769390206,06:09:50.206,okxus,LTC/USDT:USDT,109.72,182.5,109.71,120.3,109.73,11.7,109.74,31.7
1753769390306,06:09:50.306,okxus,LTC/USDT:USDT,109.72,215.7,109.71,131.4,109.73,11.7,109.74,31.7
1753769390506,06:09:50.506,okxus,LTC/USDT:USDT,109.72,215.7,109.71,131.4,109.73,11.0,109.74,31.7
1753769390606,06:09:50.606,okxus,LTC/USDT:USDT,109.72,215.7,109.71,131.4,109.73,11.0,109.74,31.7
1753769390806,06:09:50.806,okxus,LTC/USDT:USDT,109.72,215.7,109.71,131.4,109.73,11.0,109.74,31.7
1753769391106,06:09:51.106,okxus,LTC/USDT:USDT,109.72,215.7,109.71,131.3,109.73,2.0,109.74,31.7
1753769391306,06:09:51.306,okxus,LTC/USDT:USDT,109.72,214.0,109.71,133.1,109.73,12.2,109.74,56.7
1753769391406,06:09:51.406,okxus,LTC/USDT:USDT,109.72,214.0,109.71,133.1,109.73,12.2,109.74,56.7
1753769391706,06:09:51.706,okxus,LTC/USDT:USDT,109.72,126.8,109.71,91.1,109.73,38.4,109.74,110.3
1753769391806,06:09:51.806,okxus,LTC/USDT:USDT,109.72,126.8,109.71,91.1,109.73,38.4,109.74,110.3
1753769391906,06:09:51.906,okxus,LTC/USDT:USDT,109.72,126.8,109.71,91.1,109.73,38.4,109.74,110.3
1753769392206,06:09:52.206,okxus,LTC/USDT:USDT,109.72,126.8,109.71,66.1,109.73,38.4,109.74,110.3
1753769392406,06:09:52.406,okxus,LTC/USDT:USDT,109.72,49.0,109.71,66.1,109.73,68.5,109.74,110.3
1753769392506,06:09:52.506,okxus,LTC/USDT:USDT,109.72,40.0,109.71,66.1,109.73,110.5,109.74,114.9
1753769392606,06:09:52.606,okxus,LTC/USDT:USDT,109.72,40.0,109.71,66.1,109.73,81.3,109.74,114.9
1753769392706,06:09:52.706,okxus,LTC/USDT:USDT,109.72,40.0,109.71,66.1,109.73,83.1,109.74,114.9
1753769393006,06:09:53.006,okxus,LTC/USDT:USDT,109.71,28.8,109.7,87.4,109.72,180.1,109.73,132.3
1753769393306,06:09:53.306,okxus,LTC/USDT:USDT,109.71,0.1,109.7,25.1,109.72,278.7,109.73,108.8
1753769393406,06:09:53.406,okxus,LTC/USDT:USDT,109.71,0.1,109.7,25.1,109.72,278.7,109.73,108.8
1753769393606,06:09:53.606,okxus,LTC/USDT:USDT,109.7,2.1,109.69,46.6,109.71,237.3,109.72,155.3
1753769393706,06:09:53.706,okxus,LTC/USDT:USDT,109.7,1.9,109.69,48.2,109.71,225.4,109.72,140.5
1753769393806,06:09:53.806,okxus,LTC/USDT:USDT,109.7,2.0,109.69,48.2,109.71,225.4,109.72,140.5
1753769394206,06:09:54.206,okxus,LTC/USDT:USDT,109.7,2.0,109.69,46.6,109.71,250.4,109.72,155.0
1753769394306,06:09:54.306,okxus,LTC/USDT:USDT,109.7,1.1,109.69,46.6,109.71,252.2,109.72,155.0
1753769394506,06:09:54.506,okxus,LTC/USDT:USDT,109.7,1.1,109.69,46.6,109.71,227.2,109.72,155.0
1753769394706,06:09:54.706,okxus,LTC/USDT:USDT,109.7,44.9,109.69,100.4,109.71,71.9,109.72,75.5
1753769394806,06:09:54.806,okxus,LTC/USDT:USDT,109.7,44.9,109.69,71.2,109.71,99.6,109.72,75.5
1753769394906,06:09:54.906,okxus,LTC/USDT:USDT,109.7,44.9,109.69,71.2,109.71,99.6,109.72,75.5
1753769395006,06:09:55.006,okxus,LTC/USDT:USDT,109.7,35.9,109.69,60.2,109.71,99.6,109.72,115.7
1753769395106,06:09:55.106,okxus,LTC/USDT:USDT,109.7,35.9,109.69,60.2,109.71,99.6,109.72,75.5
1753769395206,06:09:55.206,okxus,LTC/USDT:USDT,109.7,60.9,109.69,85.2,109.71,101.6,109.72,75.5
1753769395406,06:09:55.406,okxus,LTC/USDT:USDT,109.7,35.9,109.69,96.2,109.71,86.8,109.72,75.5
1753769395506,06:09:55.506,okxus,LTC/USDT:USDT,109.7,35.9,109.69,96.2,109.71,85.3,109.72,75.5
1753769395606,06:09:55.606,okxus,LTC/USDT:USDT,109.7,35.9,109.69,96.2,109.71,85.3,109.72,75.5
1753769395806,06:09:55.806,okxus,LTC/USDT:USDT,109.7,35.9,109.69,85.2,109.71,66.3,109.72,115.7
