timestamp,time,exchange,symbol,bid1_price,bid1_volume,bid2_price,bid2_volume,ask1_price,ask1_volume,ask2_price,ask2_volume
1753769305558,06:08:25.558,bitmart,LTC/USDT:USDT,109.71,79465.0,109.7,265588.0,109.72,93742.0,109.73,255509.0
1753769305959,06:08:25.959,bitmart,LTC/USDT:USDT,109.71,149497.0,109.7,265588.0,109.74,1082.0,109.75,185904.0
1753769306156,06:08:26.156,bitmart,LTC/USDT:USDT,109.71,101370.0,109.7,265588.0,109.76,323497.0,109.77,246834.0
1753769306555,06:08:26.555,bitmart,LTC/USDT:USDT,109.74,110432.0,109.73,150889.0,109.76,24699.0,109.77,246834.0
1753769306953,06:08:26.953,bitmart,LTC/USDT:USDT,109.75,162116.0,109.74,240140.0,109.76,12061.0,109.77,246834.0
1753769308355,06:08:28.355,bitmart,LTC/USDT:USDT,109.75,162116.0,109.74,240140.0,109.76,40503.0,109.77,246834.0
1753769308751,06:08:28.751,bitmart,LTC/USDT:USDT,109.75,162116.0,109.74,240140.0,109.76,40503.0,109.77,246834.0
1753769310154,06:08:30.154,bitmart,LTC/USDT:USDT,109.75,126866.0,109.74,240140.0,109.76,12949.0,109.77,246834.0
1753769311552,06:08:31.552,bitmart,LTC/USDT:USDT,109.75,141618.0,109.74,240140.0,109.76,18427.0,109.77,246834.0
1753769311752,06:08:31.752,bitmart,LTC/USDT:USDT,109.75,141618.0,109.74,240140.0,109.76,18427.0,109.77,246834.0
1753769311752,06:08:31.752,bitmart,LTC/USDT:USDT,109.75,141618.0,109.74,240140.0,109.76,18427.0,109.77,246834.0
1753769311958,06:08:31.958,bitmart,LTC/USDT:USDT,109.75,141618.0,109.74,240140.0,109.76,18427.0,109.77,246834.0
1753769312157,06:08:32.157,bitmart,LTC/USDT:USDT,109.75,141618.0,109.74,240140.0,109.76,18427.0,109.77,246834.0
1753769312751,06:08:32.751,bitmart,LTC/USDT:USDT,109.75,182087.0,109.74,240140.0,109.76,23893.0,109.77,246834.0
1753769313155,06:08:33.155,bitmart,LTC/USDT:USDT,109.75,182087.0,109.74,240140.0,109.76,23893.0,109.77,246834.0
1753769313752,06:08:33.752,bitmart,LTC/USDT:USDT,109.75,21845.0,109.74,240140.0,109.76,72638.0,109.77,246834.0
1753769313959,06:08:33.959,bitmart,LTC/USDT:USDT,109.75,21845.0,109.74,240140.0,109.76,72638.0,109.77,246834.0
1753769314152,06:08:34.152,bitmart,LTC/USDT:USDT,109.75,21845.0,109.74,240140.0,109.76,72638.0,109.77,246834.0
1753769315157,06:08:35.157,bitmart,LTC/USDT:USDT,109.75,19085.0,109.74,283588.0,109.76,106847.0,109.77,246834.0
1753769315354,06:08:35.354,bitmart,LTC/USDT:USDT,109.75,19085.0,109.74,283588.0,109.76,106847.0,109.77,246834.0
1753769315556,06:08:35.556,bitmart,LTC/USDT:USDT,109.75,10349.0,109.74,283588.0,109.76,106847.0,109.77,246834.0
1753769315953,06:08:35.953,bitmart,LTC/USDT:USDT,109.75,10349.0,109.74,283588.0,109.76,106847.0,109.77,246834.0
1753769316551,06:08:36.551,bitmart,LTC/USDT:USDT,109.74,80810.0,109.73,397513.0,109.76,7222.0,109.77,246834.0
1753769317959,06:08:37.959,bitmart,LTC/USDT:USDT,109.74,80810.0,109.73,397513.0,109.75,27453.0,109.76,290224.0
1753769318359,06:08:38.359,bitmart,LTC/USDT:USDT,109.74,182337.0,109.73,397513.0,109.75,58505.0,109.76,290224.0
1753769318558,06:08:38.558,bitmart,LTC/USDT:USDT,109.74,101527.0,109.73,397513.0,109.75,31052.0,109.76,290224.0
1753769319752,06:08:39.752,bitmart,LTC/USDT:USDT,109.74,239194.0,109.73,397513.0,109.75,55535.0,109.76,779690.0
1753769321756,06:08:41.756,bitmart,LTC/USDT:USDT,109.74,225533.0,109.73,397513.0,109.75,56776.0,109.76,304892.0
1753769322551,06:08:42.551,bitmart,LTC/USDT:USDT,109.74,87866.0,109.73,397513.0,109.75,30476.0,109.76,304892.0
1753769323957,06:08:43.957,bitmart,LTC/USDT:USDT,109.74,16806.0,109.73,397513.0,109.75,115508.0,109.76,304892.0
1753769324151,06:08:44.151,bitmart,LTC/USDT:USDT,109.74,7000.0,109.73,397513.0,109.75,115508.0,109.76,304892.0
1753769325358,06:08:45.358,bitmart,LTC/USDT:USDT,109.74,15717.0,109.73,397513.0,109.75,115508.0,109.76,304892.0
1753769325555,06:08:45.555,bitmart,LTC/USDT:USDT,109.74,15717.0,109.73,397513.0,109.75,115508.0,109.76,304892.0
1753769325956,06:08:45.956,bitmart,LTC/USDT:USDT,109.74,27776.0,109.73,397513.0,109.75,274388.0,109.76,304892.0
1753769326152,06:08:46.152,bitmart,LTC/USDT:USDT,109.74,12059.0,109.73,397513.0,109.75,274388.0,109.76,304892.0
1753769327952,06:08:47.952,bitmart,LTC/USDT:USDT,109.74,30840.0,109.73,397513.0,109.75,331533.0,109.76,304892.0
1753769328758,06:08:48.758,bitmart,LTC/USDT:USDT,109.74,18781.0,109.73,397513.0,109.75,172653.0,109.76,304892.0
1753769330753,06:08:50.753,bitmart,LTC/USDT:USDT,109.74,104921.0,109.73,397513.0,109.75,41055.0,109.76,304892.0
1753769331952,06:08:51.952,bitmart,LTC/USDT:USDT,109.74,104921.0,109.73,397513.0,109.75,41055.0,109.76,304892.0
1753769333958,06:08:53.958,bitmart,LTC/USDT:USDT,109.74,14905.0,109.73,397513.0,109.75,83997.0,109.76,304892.0
1753769335352,06:08:55.352,bitmart,LTC/USDT:USDT,109.73,14811.0,109.72,323790.0,109.74,171762.0,109.75,228720.0
1753769335552,06:08:55.552,bitmart,LTC/USDT:USDT,109.73,14811.0,109.72,323790.0,109.74,171762.0,109.75,228720.0
1753769335757,06:08:55.757,bitmart,LTC/USDT:USDT,109.73,14811.0,109.72,323790.0,109.74,171762.0,109.75,228720.0
1753769335952,06:08:55.952,bitmart,LTC/USDT:USDT,109.73,14811.0,109.72,323790.0,109.74,171762.0,109.75,228720.0
1753769336751,06:08:56.751,bitmart,LTC/USDT:USDT,109.73,14728.0,109.72,323790.0,109.74,107835.0,109.75,228720.0
1753769336956,06:08:56.956,bitmart,LTC/USDT:USDT,109.72,5216.0,109.71,244734.0,109.74,107835.0,109.75,228720.0
1753769337152,06:08:57.152,bitmart,LTC/USDT:USDT,109.71,23277.0,109.7,361796.0,109.73,89789.0,109.74,326180.0
1753769338558,06:08:58.558,bitmart,LTC/USDT:USDT,109.71,11522.0,109.7,361796.0,109.72,153705.0,109.73,256457.0
1753769338758,06:08:58.758,bitmart,LTC/USDT:USDT,109.71,24221.0,109.7,361796.0,109.72,267455.0,109.73,627699.0
1753769338953,06:08:58.953,bitmart,LTC/USDT:USDT,109.71,47149.0,109.7,361796.0,109.72,113750.0,109.73,371242.0
1753769339152,06:08:59.152,bitmart,LTC/USDT:USDT,109.71,47149.0,109.7,361796.0,109.72,113750.0,109.73,371242.0
1753769339753,06:08:59.753,bitmart,LTC/USDT:USDT,109.71,47149.0,109.7,361796.0,109.72,113750.0,109.73,371242.0
1753769339951,06:08:59.951,bitmart,LTC/USDT:USDT,109.71,47149.0,109.7,361796.0,109.72,113750.0,109.73,371242.0
1753769340154,06:09:00.154,bitmart,LTC/USDT:USDT,109.71,70308.0,109.7,361796.0,109.72,47924.0,109.73,371242.0
1753769340358,06:09:00.358,bitmart,LTC/USDT:USDT,109.71,11142.0,109.7,361796.0,109.72,47924.0,109.73,371242.0
1753769340558,06:09:00.558,bitmart,LTC/USDT:USDT,109.71,11142.0,109.7,361796.0,109.72,47924.0,109.73,371242.0
1753769340752,06:09:00.752,bitmart,LTC/USDT:USDT,109.71,11142.0,109.7,361796.0,109.72,47924.0,109.73,371242.0
1753769340952,06:09:00.952,bitmart,LTC/USDT:USDT,109.71,11142.0,109.7,361796.0,109.72,47924.0,109.73,264294.0
1753769341157,06:09:01.157,bitmart,LTC/USDT:USDT,109.71,11142.0,109.7,361796.0,109.72,99510.0,109.73,264294.0
1753769341751,06:09:01.751,bitmart,LTC/USDT:USDT,109.69,43904.0,109.68,377027.0,109.7,116022.0,109.71,231702.0
1753769343551,06:09:03.551,bitmart,LTC/USDT:USDT,109.68,15397.0,109.67,372290.0,109.7,106115.0,109.71,231702.0
1753769343958,06:09:03.958,bitmart,LTC/USDT:USDT,109.68,15397.0,109.67,372290.0,109.69,146552.0,109.7,238304.0
1753769344587,06:09:04.587,bitmart,LTC/USDT:USDT,109.68,41230.0,109.67,372290.0,109.69,86877.0,109.7,238304.0
1753769345153,06:09:05.153,bitmart,LTC/USDT:USDT,109.68,99250.0,109.67,372290.0,109.69,53444.0,109.7,238304.0
1753769345358,06:09:05.358,bitmart,LTC/USDT:USDT,109.68,99250.0,109.67,372290.0,109.69,16530.0,109.7,238304.0
1753769345551,06:09:05.551,bitmart,LTC/USDT:USDT,109.68,99250.0,109.67,372290.0,109.69,48321.0,109.7,238304.0
1753769346553,06:09:06.553,bitmart,LTC/USDT:USDT,109.68,99250.0,109.67,372290.0,109.69,48321.0,109.7,238304.0
1753769346956,06:09:06.956,bitmart,LTC/USDT:USDT,109.68,97506.0,109.66,236792.0,109.69,45849.0,109.7,238304.0
1753769348155,06:09:08.155,bitmart,LTC/USDT:USDT,109.68,119264.0,109.66,497410.0,109.69,49411.0,109.7,238304.0
1753769348356,06:09:08.356,bitmart,LTC/USDT:USDT,109.68,119264.0,109.66,259174.0,109.69,49411.0,109.7,238304.0
1753769349752,06:09:09.752,bitmart,LTC/USDT:USDT,109.68,239961.0,109.66,259174.0,109.69,97870.0,109.7,238304.0
1753769350953,06:09:10.953,bitmart,LTC/USDT:USDT,109.68,205970.0,109.66,259174.0,109.69,107300.0,109.7,238304.0
1753769351157,06:09:11.157,bitmart,LTC/USDT:USDT,109.68,85273.0,109.66,259174.0,109.69,58841.0,109.7,238304.0
1753769352351,06:09:12.351,bitmart,LTC/USDT:USDT,109.68,98949.0,109.66,259174.0,109.69,46488.0,109.7,215216.0
1753769354555,06:09:14.555,bitmart,LTC/USDT:USDT,109.69,199286.0,109.68,211762.0,109.7,37164.0,109.71,281039.0
1753769354759,06:09:14.759,bitmart,LTC/USDT:USDT,109.69,199286.0,109.68,211762.0,109.7,37164.0,109.71,281039.0
1753769354955,06:09:14.955,bitmart,LTC/USDT:USDT,109.69,199286.0,109.68,211762.0,109.7,37164.0,109.71,281039.0
1753769355155,06:09:15.155,bitmart,LTC/USDT:USDT,109.69,199286.0,109.68,211762.0,109.7,37164.0,109.71,281039.0
1753769355354,06:09:15.354,bitmart,LTC/USDT:USDT,109.69,199286.0,109.68,211762.0,109.72,9971.0,109.73,264294.0
1753769355752,06:09:15.752,bitmart,LTC/USDT:USDT,109.71,207512.0,109.7,329535.0,109.72,35123.0,109.73,264294.0
1753769356157,06:09:16.157,bitmart,LTC/USDT:USDT,109.71,207512.0,109.7,329535.0,109.72,35123.0,109.73,264294.0
1753769356957,06:09:16.957,bitmart,LTC/USDT:USDT,109.71,134655.0,109.7,329535.0,109.73,93331.0,109.74,203399.0
1753769357155,06:09:17.155,bitmart,LTC/USDT:USDT,109.72,138310.0,109.71,366813.0,109.73,93331.0,109.74,203399.0
1753769357359,06:09:17.359,bitmart,LTC/USDT:USDT,109.72,138310.0,109.71,366813.0,109.73,93331.0,109.74,203399.0
1753769357954,06:09:17.954,bitmart,LTC/USDT:USDT,109.72,19296.0,109.71,366813.0,109.73,93331.0,109.74,203399.0
1753769358552,06:09:18.552,bitmart,LTC/USDT:USDT,109.72,19296.0,109.71,366813.0,109.73,93331.0,109.74,203399.0
1753769358960,06:09:18.960,bitmart,LTC/USDT:USDT,109.72,19296.0,109.71,366813.0,109.73,93331.0,109.74,203399.0
1753769359756,06:09:19.756,bitmart,LTC/USDT:USDT,109.72,44071.0,109.71,366813.0,109.73,93331.0,109.74,203399.0
1753769360152,06:09:20.152,bitmart,LTC/USDT:USDT,109.72,116812.0,109.71,366813.0,109.75,256200.0,109.76,190361.0
1753769360356,06:09:20.356,bitmart,LTC/USDT:USDT,109.72,116812.0,109.71,366813.0,109.75,758.0,109.76,190361.0
1753769360552,06:09:20.552,bitmart,LTC/USDT:USDT,109.74,66335.0,109.73,209778.0,109.76,34598.0,109.77,233752.0
1753769360752,06:09:20.752,bitmart,LTC/USDT:USDT,109.75,70301.0,109.74,331857.0,109.76,34598.0,109.77,233752.0
1753769361158,06:09:21.158,bitmart,LTC/USDT:USDT,109.75,70301.0,109.74,331857.0,109.76,1056.0,109.77,233752.0
1753769361353,06:09:21.353,bitmart,LTC/USDT:USDT,109.75,70301.0,109.74,331857.0,109.77,233752.0,109.78,216610.0
1753769362156,06:09:22.156,bitmart,LTC/USDT:USDT,109.76,93361.0,109.75,345576.0,109.77,58287.0,109.78,216610.0
1753769363953,06:09:23.953,bitmart,LTC/USDT:USDT,109.76,6899.0,109.75,345576.0,109.77,143842.0,109.78,216610.0
1753769365758,06:09:25.758,bitmart,LTC/USDT:USDT,109.75,26029.0,109.74,331857.0,109.76,49060.0,109.77,309046.0
1753769367352,06:09:27.352,bitmart,LTC/USDT:USDT,109.73,51286.0,109.72,257674.0,109.75,31482.0,109.76,241245.0
1753769368755,06:09:28.755,bitmart,LTC/USDT:USDT,109.73,435.0,109.72,257674.0,109.74,40152.0,109.75,257075.0
1753769369555,06:09:29.555,bitmart,LTC/USDT:USDT,109.72,257674.0,109.71,366813.0,109.74,40152.0,109.75,257075.0
1753769369754,06:09:29.754,bitmart,LTC/USDT:USDT,109.73,2767.0,109.72,257674.0,109.74,40152.0,109.75,257075.0
1753769369956,06:09:29.956,bitmart,LTC/USDT:USDT,109.73,376.0,109.72,257674.0,109.74,40152.0,109.75,257075.0
1753769371155,06:09:31.155,bitmart,LTC/USDT:USDT,109.71,707.0,109.7,329535.0,109.74,40152.0,109.75,257075.0
1753769371951,06:09:31.951,bitmart,LTC/USDT:USDT,109.71,10411.0,109.7,329535.0,109.72,116515.0,109.73,248218.0
1753769372352,06:09:32.352,bitmart,LTC/USDT:USDT,109.7,329535.0,109.69,222162.0,109.72,116515.0,109.73,248218.0
1753769372552,06:09:32.552,bitmart,LTC/USDT:USDT,109.69,56338.0,109.68,228838.0,109.72,68510.0,109.73,248218.0
1753769372957,06:09:32.957,bitmart,LTC/USDT:USDT,109.69,56338.0,109.68,228838.0,109.72,312760.0,109.73,248218.0
1753769373352,06:09:33.352,bitmart,LTC/USDT:USDT,109.69,56338.0,109.68,228838.0,109.7,7551.0,109.71,236706.0
1753769373553,06:09:33.553,bitmart,LTC/USDT:USDT,109.69,56338.0,109.68,228838.0,109.7,7551.0,109.71,236706.0
1753769373951,06:09:33.951,bitmart,LTC/USDT:USDT,109.69,56338.0,109.68,228838.0,109.7,7551.0,109.71,236706.0
1753769374157,06:09:34.157,bitmart,LTC/USDT:USDT,109.69,56338.0,109.68,228838.0,109.7,7551.0,109.71,236706.0
1753769374157,06:09:34.157,bitmart,LTC/USDT:USDT,109.69,56338.0,109.68,228838.0,109.7,7551.0,109.71,236706.0
1753769374954,06:09:34.954,bitmart,LTC/USDT:USDT,109.69,25214.0,109.68,228838.0,109.7,63249.0,109.71,236706.0
1753769375550,06:09:35.550,bitmart,LTC/USDT:USDT,109.69,25214.0,109.68,228838.0,109.7,63249.0,109.71,236706.0
1753769375759,06:09:35.759,bitmart,LTC/USDT:USDT,109.69,59704.0,109.68,228838.0,109.7,63249.0,109.71,236706.0
1753769375952,06:09:35.952,bitmart,LTC/USDT:USDT,109.69,59704.0,109.68,228838.0,109.7,63249.0,109.71,236706.0
1753769376152,06:09:36.152,bitmart,LTC/USDT:USDT,109.69,59704.0,109.68,228838.0,109.7,63249.0,109.71,236706.0
1753769376356,06:09:36.356,bitmart,LTC/USDT:USDT,109.69,59704.0,109.68,228838.0,109.7,63249.0,109.71,236706.0
1753769376556,06:09:36.556,bitmart,LTC/USDT:USDT,109.69,59704.0,109.68,228838.0,109.7,63249.0,109.71,236706.0
1753769376954,06:09:36.954,bitmart,LTC/USDT:USDT,109.69,118505.0,109.68,228838.0,109.7,110845.0,109.71,236706.0
1753769377155,06:09:37.155,bitmart,LTC/USDT:USDT,109.69,58801.0,109.68,228838.0,109.7,47596.0,109.71,236706.0
1753769377358,06:09:37.358,bitmart,LTC/USDT:USDT,109.69,58801.0,109.68,228838.0,109.7,47596.0,109.71,236706.0
1753769377752,06:09:37.752,bitmart,LTC/USDT:USDT,109.69,30029.0,109.68,228838.0,109.7,47596.0,109.71,236706.0
1753769377955,06:09:37.955,bitmart,LTC/USDT:USDT,109.69,30029.0,109.68,228838.0,109.7,47596.0,109.71,236706.0
1753769378153,06:09:38.153,bitmart,LTC/USDT:USDT,109.69,30029.0,109.68,228838.0,109.7,47596.0,109.71,236706.0
1753769378353,06:09:38.353,bitmart,LTC/USDT:USDT,109.69,30029.0,109.68,228838.0,109.7,47596.0,109.71,236706.0
1753769378552,06:09:38.552,bitmart,LTC/USDT:USDT,109.69,30029.0,109.68,228838.0,109.7,47596.0,109.71,236706.0
1753769378951,06:09:38.951,bitmart,LTC/USDT:USDT,109.69,30605.0,109.68,228838.0,109.7,53660.0,109.71,236706.0
1753769379953,06:09:39.953,bitmart,LTC/USDT:USDT,109.67,59990.0,109.66,312210.0,109.68,42904.0,109.69,220284.0
1753769380755,06:09:40.755,bitmart,LTC/USDT:USDT,109.67,59990.0,109.66,312210.0,109.68,42904.0,109.69,220284.0
1753769380954,06:09:40.954,bitmart,LTC/USDT:USDT,109.67,59990.0,109.66,312210.0,109.68,42904.0,109.69,220284.0
1753769381154,06:09:41.154,bitmart,LTC/USDT:USDT,109.67,59990.0,109.66,312210.0,109.68,12937.0,109.69,220284.0
1753769381752,06:09:41.752,bitmart,LTC/USDT:USDT,109.67,59990.0,109.66,312210.0,109.68,12937.0,109.69,220284.0
1753769382953,06:09:42.953,bitmart,LTC/USDT:USDT,109.67,59990.0,109.66,312210.0,109.68,17996.0,109.69,220284.0
1753769383157,06:09:43.157,bitmart,LTC/USDT:USDT,109.67,59990.0,109.66,312210.0,109.68,17996.0,109.69,220284.0
1753769383351,06:09:43.351,bitmart,LTC/USDT:USDT,109.67,59990.0,109.66,312210.0,109.68,17996.0,109.69,220284.0
1753769383555,06:09:43.555,bitmart,LTC/USDT:USDT,109.67,59990.0,109.66,312210.0,109.68,17996.0,109.69,220284.0
1753769383755,06:09:43.755,bitmart,LTC/USDT:USDT,109.67,59990.0,109.66,312210.0,109.68,17996.0,109.69,220284.0
1753769384152,06:09:44.152,bitmart,LTC/USDT:USDT,109.67,53077.0,109.66,312210.0,109.68,18161.0,109.69,220284.0
1753769384357,06:09:44.357,bitmart,LTC/USDT:USDT,109.67,53077.0,109.66,312210.0,109.68,18161.0,109.69,220284.0
1753769384552,06:09:44.552,bitmart,LTC/USDT:USDT,109.67,53077.0,109.66,312210.0,109.68,18161.0,109.69,220284.0
1753769384751,06:09:44.751,bitmart,LTC/USDT:USDT,109.67,53077.0,109.66,312210.0,109.7,129672.0,109.71,236706.0
1753769384955,06:09:44.955,bitmart,LTC/USDT:USDT,109.67,111326.0,109.66,312210.0,109.71,236706.0,109.72,312760.0
1753769385152,06:09:45.152,bitmart,LTC/USDT:USDT,109.7,167181.0,109.69,298851.0,109.71,34988.0,109.72,312760.0
1753769386151,06:09:46.151,bitmart,LTC/USDT:USDT,109.7,63094.0,109.69,298851.0,109.71,34988.0,109.72,312760.0
1753769387755,06:09:47.755,bitmart,LTC/USDT:USDT,109.69,8672.0,109.68,350492.0,109.71,94191.0,109.72,312760.0
1753769388155,06:09:48.155,bitmart,LTC/USDT:USDT,109.69,8672.0,109.68,350492.0,109.71,94191.0,109.72,312760.0
1753769388359,06:09:48.359,bitmart,LTC/USDT:USDT,109.7,154472.0,109.69,262750.0,109.71,27759.0,109.72,312760.0
1753769388556,06:09:48.556,bitmart,LTC/USDT:USDT,109.69,162014.0,109.68,350492.0,109.71,27759.0,109.72,312760.0
1753769388952,06:09:48.952,bitmart,LTC/USDT:USDT,109.7,151133.0,109.69,162014.0,109.71,27759.0,109.72,312760.0
1753769390357,06:09:50.357,bitmart,LTC/USDT:USDT,109.7,138992.0,109.69,183021.0,109.72,53476.0,109.73,248218.0
1753769390556,06:09:50.556,bitmart,LTC/USDT:USDT,109.71,83967.0,109.7,218222.0,109.72,53476.0,109.73,248218.0
1753769391752,06:09:51.752,bitmart,LTC/USDT:USDT,109.71,4991.0,109.7,218222.0,109.72,53476.0,109.73,248218.0
1753769392555,06:09:52.555,bitmart,LTC/USDT:USDT,109.7,218222.0,109.69,183021.0,109.72,53476.0,109.73,248218.0
1753769393151,06:09:53.151,bitmart,LTC/USDT:USDT,109.7,2065.0,109.69,183021.0,109.71,46874.0,109.72,234807.0
1753769393552,06:09:53.552,bitmart,LTC/USDT:USDT,109.69,9217.0,109.68,202356.0,109.71,91953.0,109.72,234807.0
1753769393754,06:09:53.754,bitmart,LTC/USDT:USDT,109.68,202356.0,109.67,268971.0,109.71,91953.0,109.72,234807.0
1753769393955,06:09:53.955,bitmart,LTC/USDT:USDT,109.68,32954.0,109.67,268971.0,109.7,105573.0,109.71,255847.0
1753769394156,06:09:54.156,bitmart,LTC/USDT:USDT,109.68,32954.0,109.67,268971.0,109.7,105573.0,109.71,255847.0
1753769394358,06:09:54.358,bitmart,LTC/USDT:USDT,109.68,32954.0,109.67,268971.0,109.69,76137.0,109.7,287803.0
1753769394551,06:09:54.551,bitmart,LTC/USDT:USDT,109.68,32954.0,109.67,268971.0,109.69,76137.0,109.7,287803.0
1753769394763,06:09:54.763,bitmart,LTC/USDT:USDT,109.68,32954.0,109.67,268971.0,109.69,76137.0,109.7,287803.0
1753769394953,06:09:54.953,bitmart,LTC/USDT:USDT,109.68,32954.0,109.67,268971.0,109.69,53736.0,109.7,287803.0
1753769395556,06:09:55.556,bitmart,LTC/USDT:USDT,109.68,32954.0,109.67,268971.0,109.69,53736.0,109.7,287803.0
1753769395757,06:09:55.757,bitmart,LTC/USDT:USDT,109.68,32954.0,109.67,268971.0,109.69,53736.0,109.7,287803.0
1753769395956,06:09:55.956,bitmart,LTC/USDT:USDT,109.68,32954.0,109.67,268971.0,109.69,53736.0,109.7,287803.0
