timestamp,time,exchange,symbol,bid1_price,bid1_volume,bid2_price,bid2_volume,ask1_price,ask1_volume,ask2_price,ask2_volume
1753769521160,06:12:01.160,bitget,LTC/USDT:USDT,109.81,15.0,109.8,141.5,109.82,7.0,109.83,109.9
1753769521397,06:12:01.397,bitget,LTC/USDT:USDT,109.81,15.0,109.8,88.7,109.82,35.0,109.83,155.8
1753769521850,06:12:01.850,bitget,LTC/USDT:USDT,109.81,34.6,109.8,140.2,109.82,15.0,109.83,151.1
1753769521951,06:12:01.951,bitget,LTC/USDT:USDT,109.81,34.6,109.8,140.2,109.83,151.1,109.84,277.3
1753769522052,06:12:02.052,bitget,LTC/USDT:USDT,109.81,18.4,109.8,93.4,109.82,20.5,109.83,91.0
1753769522153,06:12:02.153,bitget,LTC/USDT:USDT,109.81,18.4,109.8,93.4,109.82,23.0,109.83,151.1
1753769522701,06:12:02.701,bitget,LTC/USDT:USDT,109.81,18.4,109.8,148.9,109.82,35.3,109.83,151.1
1753769522802,06:12:02.802,bitget,LTC/USDT:USDT,109.81,18.4,109.8,148.9,109.82,35.3,109.83,151.1
1753769522948,06:12:02.948,bitget,LTC/USDT:USDT,109.81,18.4,109.8,148.9,109.82,35.3,109.83,151.1
1753769523050,06:12:03.050,bitget,LTC/USDT:USDT,109.81,18.4,109.8,148.9,109.82,35.3,109.83,151.1
1753769523150,06:12:03.150,bitget,LTC/USDT:USDT,109.81,18.4,109.8,148.9,109.82,35.3,109.83,151.1
1753769523250,06:12:03.250,bitget,LTC/USDT:USDT,109.81,18.4,109.8,148.9,109.82,35.3,109.83,151.1
1753769523604,06:12:03.604,bitget,LTC/USDT:USDT,109.81,18.4,109.8,148.9,109.82,35.3,109.83,151.1
1753769524155,06:12:04.155,bitget,LTC/USDT:USDT,109.81,28.9,109.8,148.9,109.82,28.4,109.83,151.1
1753769524319,06:12:04.319,bitget,LTC/USDT:USDT,109.81,18.4,109.8,148.9,109.82,28.4,109.83,151.1
1753769524754,06:12:04.754,bitget,LTC/USDT:USDT,109.81,21.6,109.8,153.6,109.82,24.3,109.83,151.1
1753769524856,06:12:04.856,bitget,LTC/USDT:USDT,109.81,21.6,109.8,153.6,109.82,21.7,109.83,151.1
1753769525002,06:12:05.002,bitget,LTC/USDT:USDT,109.81,21.6,109.8,153.6,109.82,20.5,109.83,151.1
1753769525103,06:12:05.103,bitget,LTC/USDT:USDT,109.81,21.6,109.8,153.6,109.82,20.5,109.83,151.1
1753769525204,06:12:05.204,bitget,LTC/USDT:USDT,109.81,21.6,109.8,153.6,109.82,20.5,109.83,151.1
1753769525306,06:12:05.306,bitget,LTC/USDT:USDT,109.81,6.6,109.8,153.6,109.82,32.4,109.83,151.1
1753769525521,06:12:05.521,bitget,LTC/USDT:USDT,109.81,17.1,109.8,148.9,109.82,20.5,109.83,151.1
1753769526121,06:12:06.121,bitget,LTC/USDT:USDT,109.79,9.5,109.78,60.0,109.8,33.9,109.81,366.4
1753769526431,06:12:06.431,bitget,LTC/USDT:USDT,109.79,32.5,109.78,60.0,109.8,11.1,109.81,366.9
1753769526554,06:12:06.554,bitget,LTC/USDT:USDT,109.79,35.0,109.78,60.0,109.8,8.7,109.81,341.4
1753769526654,06:12:06.654,bitget,LTC/USDT:USDT,109.79,35.0,109.78,60.0,109.8,8.7,109.81,341.4
1753769526754,06:12:06.754,bitget,LTC/USDT:USDT,109.79,35.0,109.78,60.0,109.8,8.7,109.81,341.4
1753769526884,06:12:06.884,bitget,LTC/USDT:USDT,109.79,35.0,109.78,60.0,109.8,8.7,109.81,341.4
1753769527154,06:12:07.154,bitget,LTC/USDT:USDT,109.79,35.0,109.78,130.1,109.8,17.6,109.81,341.4
1753769527256,06:12:07.256,bitget,LTC/USDT:USDT,109.79,35.0,109.78,145.1,109.8,17.6,109.81,341.4
1753769527356,06:12:07.356,bitget,LTC/USDT:USDT,109.79,24.5,109.78,145.1,109.8,17.6,109.81,341.4
1753769527458,06:12:07.458,bitget,LTC/USDT:USDT,109.79,22.0,109.78,145.1,109.8,15.1,109.81,341.4
1753769527558,06:12:07.558,bitget,LTC/USDT:USDT,109.79,32.5,109.78,140.5,109.8,15.1,109.81,341.4
1753769527807,06:12:07.807,bitget,LTC/USDT:USDT,109.79,35.0,109.78,140.5,109.8,14.6,109.81,341.4
1753769528160,06:12:08.160,bitget,LTC/USDT:USDT,109.79,22.0,109.78,135.2,109.8,18.1,109.81,353.0
1753769528310,06:12:08.310,bitget,LTC/USDT:USDT,109.79,32.5,109.78,140.5,109.8,30.1,109.81,353.0
1753769528541,06:12:08.541,bitget,LTC/USDT:USDT,109.79,22.0,109.78,135.2,109.8,41.8,109.81,353.0
1753769528660,06:12:08.660,bitget,LTC/USDT:USDT,109.79,3.8,109.78,75.0,109.8,48.3,109.81,357.1
1753769528789,06:12:08.789,bitget,LTC/USDT:USDT,109.79,3.8,109.78,75.0,109.8,51.7,109.81,411.7
1753769528897,06:12:08.897,bitget,LTC/USDT:USDT,109.79,0.4,109.77,15.0,109.8,59.6,109.81,394.3
1753769529010,06:12:09.010,bitget,LTC/USDT:USDT,109.79,0.4,109.77,15.3,109.8,221.3,109.81,400.2
1753769529111,06:12:09.111,bitget,LTC/USDT:USDT,109.79,0.4,109.77,77.9,109.8,284.9,109.81,413.1
1753769529212,06:12:09.212,bitget,LTC/USDT:USDT,109.79,0.4,109.77,77.9,109.8,284.9,109.81,413.1
1753769530110,06:12:10.110,bitget,LTC/USDT:USDT,109.79,0.4,109.77,75.1,109.8,294.8,109.81,413.1
1753769530211,06:12:10.211,bitget,LTC/USDT:USDT,109.79,0.4,109.77,75.1,109.8,294.8,109.81,413.1
1753769530334,06:12:10.334,bitget,LTC/USDT:USDT,109.79,0.4,109.77,75.1,109.8,283.2,109.81,413.1
1753769530561,06:12:10.561,bitget,LTC/USDT:USDT,109.79,0.4,109.77,75.1,109.8,290.2,109.81,413.1
1753769530661,06:12:10.661,bitget,LTC/USDT:USDT,109.79,10.9,109.78,60.2,109.8,290.2,109.81,307.1
1753769531109,06:12:11.109,bitget,LTC/USDT:USDT,109.79,14.1,109.78,120.3,109.8,20.5,109.81,325.6
1753769531359,06:12:11.359,bitget,LTC/USDT:USDT,109.79,32.5,109.78,125.3,109.8,18.0,109.81,325.6
1753769531461,06:12:11.461,bitget,LTC/USDT:USDT,109.79,32.5,109.78,125.3,109.8,18.0,109.81,325.6
1753769531564,06:12:11.564,bitget,LTC/USDT:USDT,109.79,32.5,109.78,125.3,109.8,18.0,109.81,325.6
1753769531686,06:12:11.686,bitget,LTC/USDT:USDT,109.79,32.5,109.78,125.3,109.8,15.5,109.81,325.6
1753769532114,06:12:12.114,bitget,LTC/USDT:USDT,109.79,32.5,109.78,130.5,109.8,16.2,109.81,325.6
1753769532214,06:12:12.214,bitget,LTC/USDT:USDT,109.79,32.5,109.78,130.5,109.8,31.2,109.81,325.6
1753769532323,06:12:12.323,bitget,LTC/USDT:USDT,109.79,32.5,109.78,130.5,109.8,31.2,109.81,330.9
1753769532428,06:12:12.428,bitget,LTC/USDT:USDT,109.79,3.8,109.78,60.1,109.8,42.9,109.81,366.4
1753769532554,06:12:12.554,bitget,LTC/USDT:USDT,109.79,3.8,109.78,60.1,109.8,42.9,109.81,366.4
1753769533561,06:12:13.561,bitget,LTC/USDT:USDT,109.79,3.8,109.78,60.1,109.8,42.9,109.81,421.0
1753769533662,06:12:13.662,bitget,LTC/USDT:USDT,109.79,3.8,109.78,60.1,109.8,42.9,109.81,421.0
1753769533770,06:12:13.770,bitget,LTC/USDT:USDT,109.79,3.8,109.78,60.1,109.8,32.4,109.81,421.0
1753769533913,06:12:13.913,bitget,LTC/USDT:USDT,109.79,3.8,109.78,60.1,109.8,17.4,109.81,421.0
1753769534014,06:12:14.014,bitget,LTC/USDT:USDT,109.79,14.3,109.78,60.1,109.8,13.0,109.81,361.1
1753769534160,06:12:14.160,bitget,LTC/USDT:USDT,109.79,18.8,109.78,60.1,109.8,15.5,109.81,361.1
1753769534264,06:12:14.264,bitget,LTC/USDT:USDT,109.79,29.3,109.78,75.1,109.8,16.6,109.81,361.1
1753769534367,06:12:14.367,bitget,LTC/USDT:USDT,109.79,29.3,109.78,75.1,109.8,19.4,109.81,361.1
1753769534512,06:12:14.512,bitget,LTC/USDT:USDT,109.79,29.3,109.78,75.1,109.8,19.4,109.81,366.4
1753769535137,06:12:15.137,bitget,LTC/USDT:USDT,109.79,29.3,109.78,135.3,109.8,19.4,109.81,366.4
1753769535515,06:12:15.515,bitget,LTC/USDT:USDT,109.79,29.3,109.78,135.3,109.8,16.6,109.81,366.4
1753769535617,06:12:15.617,bitget,LTC/USDT:USDT,109.79,29.3,109.78,140.3,109.8,17.7,109.81,366.4
1753769535737,06:12:15.737,bitget,LTC/USDT:USDT,109.79,29.3,109.78,140.3,109.8,17.7,109.81,366.4
1753769535862,06:12:15.862,bitget,LTC/USDT:USDT,109.79,29.3,109.78,140.3,109.8,17.7,109.81,366.4
1753769535964,06:12:15.964,bitget,LTC/USDT:USDT,109.79,29.3,109.78,140.3,109.8,17.7,109.81,366.4
1753769536066,06:12:16.066,bitget,LTC/USDT:USDT,109.79,29.3,109.78,140.3,109.8,17.7,109.81,366.4
1753769536189,06:12:16.189,bitget,LTC/USDT:USDT,109.79,29.3,109.78,140.3,109.8,17.7,109.81,366.4
1753769536316,06:12:16.316,bitget,LTC/USDT:USDT,109.79,29.3,109.78,140.3,109.8,17.7,109.81,366.4
1753769536416,06:12:16.416,bitget,LTC/USDT:USDT,109.79,29.3,109.78,140.3,109.8,17.7,109.81,366.4
1753769536567,06:12:16.567,bitget,LTC/USDT:USDT,109.79,29.3,109.78,140.3,109.8,17.7,109.81,366.4
1753769536667,06:12:16.667,bitget,LTC/USDT:USDT,109.79,18.8,109.78,140.3,109.8,17.7,109.81,366.4
1753769536769,06:12:16.769,bitget,LTC/USDT:USDT,109.79,18.8,109.78,140.3,109.8,25.9,109.81,366.4
1753769536917,06:12:16.917,bitget,LTC/USDT:USDT,109.79,29.3,109.78,140.3,109.8,15.4,109.81,366.4
1753769538290,06:12:18.290,bitget,LTC/USDT:USDT,109.8,47.1,109.79,238.7,109.81,54.1,109.82,323.6
1753769538420,06:12:18.420,bitget,LTC/USDT:USDT,109.8,47.1,109.79,238.7,109.81,18.6,109.82,359.1
1753769538531,06:12:18.531,bitget,LTC/USDT:USDT,109.8,47.1,109.79,257.8,109.81,31.4,109.82,353.8
1753769538667,06:12:18.667,bitget,LTC/USDT:USDT,109.8,47.1,109.79,257.8,109.81,31.4,109.82,293.7
1753769538768,06:12:18.768,bitget,LTC/USDT:USDT,109.8,47.1,109.79,238.7,109.81,31.4,109.82,359.1
1753769538868,06:12:18.868,bitget,LTC/USDT:USDT,109.8,36.6,109.79,238.7,109.81,38.0,109.82,359.1
1753769539078,06:12:19.078,bitget,LTC/USDT:USDT,109.8,28.9,109.79,238.7,109.81,11.6,109.82,376.9
1753769539521,06:12:19.521,bitget,LTC/USDT:USDT,109.8,49.5,109.79,246.8,109.81,19.9,109.82,302.5
1753769539621,06:12:19.621,bitget,LTC/USDT:USDT,109.8,49.5,109.79,246.8,109.81,19.9,109.82,302.5
1753769539770,06:12:19.770,bitget,LTC/USDT:USDT,109.8,49.5,109.79,246.8,109.81,14.0,109.82,302.5
1753769540522,06:12:20.522,bitget,LTC/USDT:USDT,109.81,34.6,109.8,146.9,109.82,293.7,109.83,198.7
1753769540922,06:12:20.922,bitget,LTC/USDT:USDT,109.81,40.2,109.8,213.6,109.82,22.5,109.83,72.9
1753769541030,06:12:21.030,bitget,LTC/USDT:USDT,109.82,3.4,109.81,100.9,109.83,295.4,109.84,316.2
1753769541141,06:12:21.141,bitget,LTC/USDT:USDT,109.82,43.9,109.81,80.7,109.83,259.9,109.84,351.7
1753769541274,06:12:21.274,bitget,LTC/USDT:USDT,109.82,43.4,109.81,80.7,109.83,37.4,109.84,573.7
1753769541412,06:12:21.412,bitget,LTC/USDT:USDT,109.82,32.9,109.81,80.7,109.83,19.0,109.84,573.7
1753769541523,06:12:21.523,bitget,LTC/USDT:USDT,109.82,32.9,109.81,126.8,109.83,21.4,109.84,571.2
1753769541836,06:12:21.836,bitget,LTC/USDT:USDT,109.82,45.8,109.81,121.2,109.83,35.5,109.84,511.1
1753769541971,06:12:21.971,bitget,LTC/USDT:USDT,109.82,49.0,109.81,97.6,109.83,24.2,109.84,511.1
1753769542642,06:12:22.642,bitget,LTC/USDT:USDT,109.82,8.6,109.81,75.1,109.83,96.9,109.84,576.5
1753769542774,06:12:22.774,bitget,LTC/USDT:USDT,109.82,8.6,109.81,75.1,109.83,86.4,109.84,576.5
1753769543025,06:12:23.025,bitget,LTC/USDT:USDT,109.82,19.1,109.81,75.1,109.83,86.4,109.84,576.5
1753769543242,06:12:23.242,bitget,LTC/USDT:USDT,109.82,19.1,109.81,135.3,109.83,25.1,109.84,576.5
1753769543343,06:12:23.343,bitget,LTC/USDT:USDT,109.82,19.1,109.81,135.3,109.83,21.4,109.84,349.6
1753769543929,06:12:23.929,bitget,LTC/USDT:USDT,109.82,19.1,109.81,135.3,109.83,21.4,109.84,364.2
1753769544045,06:12:24.045,bitget,LTC/USDT:USDT,109.82,19.1,109.81,135.3,109.83,21.4,109.84,364.2
1753769544181,06:12:24.181,bitget,LTC/USDT:USDT,109.82,34.1,109.81,135.3,109.83,21.4,109.84,364.2
1753769544285,06:12:24.285,bitget,LTC/USDT:USDT,109.82,34.1,109.81,135.3,109.83,25.6,109.84,358.9
1753769544529,06:12:24.529,bitget,LTC/USDT:USDT,109.82,34.1,109.81,135.3,109.83,25.6,109.84,358.9
1753769544629,06:12:24.629,bitget,LTC/USDT:USDT,109.82,34.1,109.81,135.3,109.83,25.6,109.84,358.9
1753769544729,06:12:24.729,bitget,LTC/USDT:USDT,109.82,34.1,109.81,135.3,109.83,25.6,109.84,364.2
1753769545031,06:12:25.031,bitget,LTC/USDT:USDT,109.82,34.1,109.81,135.3,109.83,25.6,109.84,358.9
1753769545380,06:12:25.380,bitget,LTC/USDT:USDT,109.82,36.5,109.81,165.3,109.83,23.2,109.84,358.9
1753769545482,06:12:25.482,bitget,LTC/USDT:USDT,109.82,36.5,109.81,165.3,109.83,23.2,109.84,358.9
1753769545584,06:12:25.584,bitget,LTC/USDT:USDT,109.82,36.5,109.81,165.3,109.83,23.2,109.84,358.9
1753769545732,06:12:25.732,bitget,LTC/USDT:USDT,109.82,34.1,109.81,165.3,109.83,25.6,109.84,358.9
1753769545834,06:12:25.834,bitget,LTC/USDT:USDT,109.82,34.1,109.81,165.3,109.83,25.6,109.84,358.9
1753769545944,06:12:25.944,bitget,LTC/USDT:USDT,109.82,34.1,109.81,165.3,109.83,25.6,109.84,358.9
1753769546936,06:12:26.936,bitget,LTC/USDT:USDT,109.82,2.9,109.81,75.1,109.83,36.1,109.84,406.9
1753769547686,06:12:27.686,bitget,LTC/USDT:USDT,109.82,2.9,109.81,135.3,109.83,51.1,109.84,461.5
1753769548889,06:12:28.889,bitget,LTC/USDT:USDT,109.82,2.8,109.81,135.3,109.83,51.1,109.84,461.5
1753769549278,06:12:29.278,bitget,LTC/USDT:USDT,109.79,52.2,109.78,35.9,109.8,8.7,109.83,153.4
1753769550390,06:12:30.390,bitget,LTC/USDT:USDT,109.81,8.5,109.8,85.6,109.82,136.5,109.83,300.5
1753769552324,06:12:32.324,bitget,LTC/USDT:USDT,109.83,40.3,109.82,75.1,109.84,298.8,109.85,165.4
1753769552439,06:12:32.439,bitget,LTC/USDT:USDT,109.83,40.3,109.82,75.1,109.84,298.8,109.85,165.4
1753769553148,06:12:33.148,bitget,LTC/USDT:USDT,109.83,40.3,109.82,75.1,109.84,298.8,109.85,165.4
1753769553943,06:12:33.943,bitget,LTC/USDT:USDT,109.83,45.1,109.82,160.3,109.84,17.6,109.85,294.1
1753769554043,06:12:34.043,bitget,LTC/USDT:USDT,109.83,45.1,109.82,160.3,109.84,17.6,109.85,294.1
1753769554156,06:12:34.156,bitget,LTC/USDT:USDT,109.83,45.1,109.82,160.3,109.84,17.6,109.85,294.1
1753769554511,06:12:34.511,bitget,LTC/USDT:USDT,109.83,40.3,109.82,160.3,109.84,8.3,109.85,354.1
1753769554995,06:12:34.995,bitget,LTC/USDT:USDT,109.83,40.3,109.82,155.5,109.84,6.2,109.85,294.1
1753769555244,06:12:35.244,bitget,LTC/USDT:USDT,109.83,40.3,109.82,155.5,109.84,14.6,109.85,362.0
1753769555365,06:12:35.365,bitget,LTC/USDT:USDT,109.83,40.3,109.82,155.5,109.84,14.6,109.85,353.0
1753769555737,06:12:35.737,bitget,LTC/USDT:USDT,109.83,40.3,109.82,139.7,109.84,25.6,109.85,353.0
1753769555844,06:12:35.844,bitget,LTC/USDT:USDT,109.83,29.8,109.82,143.5,109.84,25.6,109.85,353.0
1753769555992,06:12:35.992,bitget,LTC/USDT:USDT,109.83,40.3,109.82,143.5,109.84,11.8,109.85,353.0
1753769556092,06:12:36.092,bitget,LTC/USDT:USDT,109.83,40.3,109.82,143.5,109.84,8.8,109.85,353.0
1753769556192,06:12:36.192,bitget,LTC/USDT:USDT,109.83,40.3,109.82,143.5,109.84,20.6,109.85,293.0
1753769557951,06:12:37.951,bitget,LTC/USDT:USDT,109.83,40.3,109.82,139.7,109.84,8.8,109.85,287.8
1753769558093,06:12:38.093,bitget,LTC/USDT:USDT,109.83,40.3,109.82,139.7,109.84,8.8,109.85,347.8
1753769558295,06:12:38.295,bitget,LTC/USDT:USDT,109.83,40.3,109.82,139.7,109.84,8.8,109.85,344.6
1753769558395,06:12:38.395,bitget,LTC/USDT:USDT,109.83,40.3,109.82,139.7,109.84,8.8,109.85,344.6
1753769558548,06:12:38.548,bitget,LTC/USDT:USDT,109.83,40.3,109.82,139.7,109.84,11.3,109.85,284.6
1753769558649,06:12:38.649,bitget,LTC/USDT:USDT,109.83,40.3,109.82,139.7,109.84,11.3,109.85,353.2
1753769558793,06:12:38.793,bitget,LTC/USDT:USDT,109.83,40.3,109.82,139.7,109.84,11.3,109.85,353.2
1753769558893,06:12:38.893,bitget,LTC/USDT:USDT,109.83,40.3,109.82,139.7,109.84,11.3,109.85,284.6
1753769558998,06:12:38.998,bitget,LTC/USDT:USDT,109.83,40.3,109.82,157.0,109.84,11.3,109.85,284.6
1753769559129,06:12:39.129,bitget,LTC/USDT:USDT,109.83,40.3,109.82,138.2,109.84,11.3,109.85,353.2
1753769559246,06:12:39.246,bitget,LTC/USDT:USDT,109.83,40.3,109.82,138.2,109.84,11.3,109.85,344.7
1753769559346,06:12:39.346,bitget,LTC/USDT:USDT,109.83,24.1,109.82,135.2,109.84,12.5,109.85,344.7
1753769559446,06:12:39.446,bitget,LTC/USDT:USDT,109.83,24.1,109.82,135.2,109.84,12.5,109.85,344.7
1753769559647,06:12:39.647,bitget,LTC/USDT:USDT,109.83,24.1,109.82,135.2,109.84,23.0,109.85,344.7
1753769559750,06:12:39.750,bitget,LTC/USDT:USDT,109.83,24.1,109.82,135.2,109.84,12.5,109.85,339.2
1753769559896,06:12:39.896,bitget,LTC/USDT:USDT,109.83,34.6,109.82,135.2,109.84,12.5,109.85,340.8
1753769560051,06:12:40.051,bitget,LTC/USDT:USDT,109.83,34.6,109.82,135.2,109.84,12.5,109.85,339.0
1753769560199,06:12:40.199,bitget,LTC/USDT:USDT,109.83,34.6,109.82,143.2,109.84,12.5,109.85,339.0
1753769560351,06:12:40.351,bitget,LTC/USDT:USDT,109.83,34.6,109.82,135.2,109.84,12.5,109.85,339.0
1753769560501,06:12:40.501,bitget,LTC/USDT:USDT,109.83,34.6,109.82,135.2,109.84,12.5,109.85,340.3
1753769560636,06:12:40.636,bitget,LTC/USDT:USDT,109.83,34.6,109.82,135.2,109.84,12.5,109.85,338.5
1753769560753,06:12:40.753,bitget,LTC/USDT:USDT,109.83,34.6,109.82,135.2,109.84,12.5,109.85,338.5
1753769560891,06:12:40.891,bitget,LTC/USDT:USDT,109.83,34.6,109.82,140.0,109.84,12.5,109.85,338.5
1753769561000,06:12:41.000,bitget,LTC/USDT:USDT,109.83,34.6,109.82,140.0,109.84,12.5,109.85,338.5
1753769561099,06:12:41.099,bitget,LTC/USDT:USDT,109.83,34.6,109.82,140.0,109.84,12.5,109.85,338.5
1753769561304,06:12:41.304,bitget,LTC/USDT:USDT,109.83,34.6,109.82,140.0,109.84,12.5,109.85,343.8
1753769561451,06:12:41.451,bitget,LTC/USDT:USDT,109.83,34.6,109.82,140.0,109.84,12.5,109.85,343.8
1753769561553,06:12:41.553,bitget,LTC/USDT:USDT,109.83,34.8,109.82,140.0,109.84,12.5,109.85,343.8
1753769561678,06:12:41.678,bitget,LTC/USDT:USDT,109.83,34.8,109.82,140.0,109.84,12.5,109.85,343.8
1753769561801,06:12:41.801,bitget,LTC/USDT:USDT,109.83,34.8,109.82,144.5,109.84,10.0,109.85,343.8
1753769561901,06:12:41.901,bitget,LTC/USDT:USDT,109.83,37.3,109.82,144.5,109.84,10.0,109.85,343.8
1753769562001,06:12:42.001,bitget,LTC/USDT:USDT,109.83,37.3,109.82,144.5,109.84,10.0,109.85,343.8
1753769562103,06:12:42.103,bitget,LTC/USDT:USDT,109.83,37.3,109.82,144.5,109.84,10.0,109.85,343.8
1753769562253,06:12:42.253,bitget,LTC/USDT:USDT,109.83,37.3,109.82,144.5,109.84,10.0,109.85,343.8
1753769562368,06:12:42.368,bitget,LTC/USDT:USDT,109.83,37.3,109.82,144.5,109.84,10.0,109.85,283.7
1753769562486,06:12:42.486,bitget,LTC/USDT:USDT,109.83,26.8,109.82,144.5,109.84,10.0,109.85,343.8
1753769562605,06:12:42.605,bitget,LTC/USDT:USDT,109.83,26.8,109.82,144.5,109.84,12.9,109.85,283.7
1753769562754,06:12:42.754,bitget,LTC/USDT:USDT,109.83,26.8,109.82,144.5,109.84,12.9,109.85,343.8
1753769562901,06:12:42.901,bitget,LTC/USDT:USDT,109.83,37.3,109.82,144.5,109.84,10.0,109.85,343.8
1753769563002,06:12:43.002,bitget,LTC/USDT:USDT,109.83,37.3,109.82,144.5,109.84,10.0,109.85,343.8
1753769563106,06:12:43.106,bitget,LTC/USDT:USDT,109.83,37.3,109.82,144.5,109.84,10.0,109.85,343.8
1753769563214,06:12:43.214,bitget,LTC/USDT:USDT,109.83,37.3,109.82,160.3,109.84,10.0,109.85,336.8
1753769563315,06:12:43.315,bitget,LTC/USDT:USDT,109.83,37.3,109.82,140.0,109.84,10.0,109.85,276.7
1753769563420,06:12:43.420,bitget,LTC/USDT:USDT,109.83,37.3,109.82,140.0,109.84,10.0,109.85,343.8
1753769563658,06:12:43.658,bitget,LTC/USDT:USDT,109.83,37.3,109.82,140.0,109.84,7.3,109.85,345.3
1753769563805,06:12:43.805,bitget,LTC/USDT:USDT,109.83,37.3,109.82,142.2,109.84,21.9,109.85,345.3
1753769563906,06:12:43.906,bitget,LTC/USDT:USDT,109.83,26.8,109.82,142.2,109.84,21.9,109.85,345.3
1753769564007,06:12:44.007,bitget,LTC/USDT:USDT,109.83,26.8,109.82,142.2,109.84,13.1,109.85,345.3
1753769564111,06:12:44.111,bitget,LTC/USDT:USDT,109.83,37.3,109.82,142.2,109.84,13.1,109.85,345.3
1753769564255,06:12:44.255,bitget,LTC/USDT:USDT,109.83,26.8,109.82,142.2,109.84,25.1,109.85,345.3
1753769564357,06:12:44.357,bitget,LTC/USDT:USDT,109.83,37.3,109.82,148.7,109.84,12.7,109.85,345.3
1753769564460,06:12:44.460,bitget,LTC/USDT:USDT,109.83,26.8,109.82,144.1,109.84,28.6,109.85,345.3
1753769564560,06:12:44.560,bitget,LTC/USDT:USDT,109.83,26.8,109.82,163.6,109.84,22.0,109.85,276.7
1753769564660,06:12:44.660,bitget,LTC/USDT:USDT,109.83,37.3,109.82,162.5,109.84,11.5,109.85,345.3
1753769564765,06:12:44.765,bitget,LTC/USDT:USDT,109.83,37.3,109.82,162.5,109.84,19.6,109.85,279.9
1753769564873,06:12:44.873,bitget,LTC/USDT:USDT,109.83,37.3,109.82,162.5,109.84,19.6,109.85,340.0
1753769565112,06:12:45.112,bitget,LTC/USDT:USDT,109.83,37.3,109.82,141.2,109.84,19.6,109.85,271.4
1753769565212,06:12:45.212,bitget,LTC/USDT:USDT,109.83,26.8,109.82,159.8,109.84,19.6,109.85,337.8
1753769565312,06:12:45.312,bitget,LTC/USDT:USDT,109.83,30.0,109.82,159.8,109.84,11.5,109.85,337.8
1753769565446,06:12:45.446,bitget,LTC/USDT:USDT,109.83,40.5,109.82,159.8,109.84,17.1,109.85,271.4
1753769565559,06:12:45.559,bitget,LTC/USDT:USDT,109.83,40.5,109.82,159.8,109.84,17.1,109.85,271.4
1753769565662,06:12:45.662,bitget,LTC/USDT:USDT,109.83,40.5,109.82,159.8,109.84,6.1,109.85,337.8
1753769565810,06:12:45.810,bitget,LTC/USDT:USDT,109.83,40.5,109.82,159.8,109.84,21.2,109.85,337.8
1753769566056,06:12:46.056,bitget,LTC/USDT:USDT,109.83,40.5,109.82,159.8,109.84,26.2,109.85,331.5
1753769566164,06:12:46.164,bitget,LTC/USDT:USDT,109.83,40.5,109.82,159.8,109.84,26.2,109.85,331.5
1753769566312,06:12:46.312,bitget,LTC/USDT:USDT,109.83,40.5,109.82,159.8,109.84,10.8,109.85,331.5
1753769566413,06:12:46.413,bitget,LTC/USDT:USDT,109.83,40.5,109.82,159.8,109.84,19.3,109.85,290.4
1753769566537,06:12:46.537,bitget,LTC/USDT:USDT,109.83,40.5,109.82,159.8,109.84,15.7,109.85,300.8
1753769566656,06:12:46.656,bitget,LTC/USDT:USDT,109.83,40.5,109.82,159.8,109.84,15.7,109.85,300.8
1753769566806,06:12:46.806,bitget,LTC/USDT:USDT,109.83,40.5,109.82,146.7,109.84,15.7,109.85,360.9
1753769566913,06:12:46.913,bitget,LTC/USDT:USDT,109.83,40.5,109.82,146.7,109.84,15.7,109.85,360.9
1753769567062,06:12:47.062,bitget,LTC/USDT:USDT,109.83,40.5,109.82,149.4,109.84,7.2,109.85,350.5
1753769567164,06:12:47.164,bitget,LTC/USDT:USDT,109.83,30.0,109.82,149.4,109.84,22.6,109.85,350.5
1753769567265,06:12:47.265,bitget,LTC/USDT:USDT,109.83,40.5,109.82,149.4,109.84,22.6,109.85,350.5
1753769567365,06:12:47.365,bitget,LTC/USDT:USDT,109.83,30.0,109.82,149.4,109.84,29.8,109.85,350.5
1753769567614,06:12:47.614,bitget,LTC/USDT:USDT,109.83,40.5,109.82,149.4,109.84,14.2,109.85,350.5
1753769567758,06:12:47.758,bitget,LTC/USDT:USDT,109.83,40.5,109.82,149.4,109.84,14.2,109.85,345.2
1753769567866,06:12:47.866,bitget,LTC/USDT:USDT,109.83,40.5,109.82,149.4,109.84,20.7,109.85,345.2
1753769568008,06:12:48.008,bitget,LTC/USDT:USDT,109.83,40.5,109.82,146.7,109.84,20.7,109.85,345.2
1753769568116,06:12:48.116,bitget,LTC/USDT:USDT,109.83,40.5,109.82,146.7,109.84,20.7,109.85,345.2
1753769568265,06:12:48.265,bitget,LTC/USDT:USDT,109.83,40.5,109.82,146.7,109.84,20.7,109.85,345.2
1753769568413,06:12:48.413,bitget,LTC/USDT:USDT,109.83,40.5,109.82,146.7,109.84,20.7,109.85,345.2
1753769568517,06:12:48.517,bitget,LTC/USDT:USDT,109.83,30.0,109.82,146.7,109.84,8.9,109.85,345.2
1753769568627,06:12:48.627,bitget,LTC/USDT:USDT,109.83,40.5,109.82,146.7,109.84,21.9,109.85,345.2
1753769568729,06:12:48.729,bitget,LTC/USDT:USDT,109.83,40.5,109.82,146.7,109.84,21.9,109.85,345.2
1753769568864,06:12:48.864,bitget,LTC/USDT:USDT,109.83,30.0,109.82,146.7,109.84,10.2,109.85,345.2
1753769568967,06:12:48.967,bitget,LTC/USDT:USDT,109.83,40.5,109.82,146.7,109.84,21.7,109.85,350.5
1753769569083,06:12:49.083,bitget,LTC/USDT:USDT,109.83,40.5,109.82,146.7,109.84,0.1,109.85,350.5
1753769569209,06:12:49.209,bitget,LTC/USDT:USDT,109.83,40.5,109.82,146.7,109.84,31.8,109.85,325.1
1753769569316,06:12:49.316,bitget,LTC/USDT:USDT,109.83,30.0,109.82,146.7,109.84,31.8,109.85,360.9
1753769569466,06:12:49.466,bitget,LTC/USDT:USDT,109.83,30.0,109.82,141.9,109.84,1.7,109.85,350.5
1753769569718,06:12:49.718,bitget,LTC/USDT:USDT,109.83,30.0,109.82,141.9,109.84,33.7,109.85,330.9
1753769569855,06:12:49.855,bitget,LTC/USDT:USDT,109.83,30.0,109.82,141.9,109.84,5.3,109.85,330.9
1753769569958,06:12:49.958,bitget,LTC/USDT:USDT,109.83,40.5,109.82,141.9,109.84,26.4,109.85,325.6
1753769570066,06:12:50.066,bitget,LTC/USDT:USDT,109.83,40.5,109.82,159.1,109.84,0.1,109.85,319.6
1753769570188,06:12:50.188,bitget,LTC/USDT:USDT,109.83,40.5,109.82,159.1,109.84,7.7,109.85,317.8
1753769570288,06:12:50.288,bitget,LTC/USDT:USDT,109.83,40.5,109.82,159.1,109.84,22.6,109.85,317.8
1753769570409,06:12:50.409,bitget,LTC/USDT:USDT,109.83,30.0,109.82,159.1,109.84,22.6,109.85,317.8
1753769570559,06:12:50.559,bitget,LTC/USDT:USDT,109.83,30.0,109.82,143.4,109.84,18.1,109.85,317.8
1753769570709,06:12:50.709,bitget,LTC/USDT:USDT,109.83,30.0,109.82,143.4,109.84,14.6,109.85,319.6
1753769570859,06:12:50.859,bitget,LTC/USDT:USDT,109.83,40.5,109.82,146.4,109.84,20.1,109.85,319.6
1753769570968,06:12:50.968,bitget,LTC/USDT:USDT,109.83,40.5,109.82,146.4,109.84,20.1,109.85,319.6
1753769571116,06:12:51.116,bitget,LTC/USDT:USDT,109.83,40.5,109.82,149.4,109.84,20.1,109.85,319.6
1753769571219,06:12:51.219,bitget,LTC/USDT:USDT,109.83,40.5,109.82,149.4,109.84,20.1,109.85,319.6
1753769571335,06:12:51.335,bitget,LTC/USDT:USDT,109.83,40.5,109.82,149.4,109.84,20.1,109.85,319.6
1753769571459,06:12:51.459,bitget,LTC/USDT:USDT,109.83,40.5,109.82,149.4,109.84,20.1,109.85,319.6
1753769571668,06:12:51.668,bitget,LTC/USDT:USDT,109.83,40.5,109.82,162.5,109.84,7.7,109.85,319.6
1753769571769,06:12:51.769,bitget,LTC/USDT:USDT,109.83,40.5,109.82,162.5,109.84,26.4,109.85,319.6
1753769571911,06:12:51.911,bitget,LTC/USDT:USDT,109.83,40.5,109.82,162.5,109.84,26.4,109.85,319.6
1753769572019,06:12:52.019,bitget,LTC/USDT:USDT,109.83,40.5,109.82,162.5,109.84,7.7,109.85,319.6
1753769572122,06:12:52.122,bitget,LTC/USDT:USDT,109.83,40.5,109.82,162.5,109.84,26.2,109.85,319.6
1753769572269,06:12:52.269,bitget,LTC/USDT:USDT,109.83,30.0,109.82,162.5,109.84,26.2,109.85,319.6
1753769572371,06:12:52.371,bitget,LTC/USDT:USDT,109.83,30.0,109.82,162.5,109.84,5.3,109.85,319.6
1753769572511,06:12:52.511,bitget,LTC/USDT:USDT,109.83,40.5,109.82,162.5,109.84,26.2,109.85,319.6
1753769572622,06:12:52.622,bitget,LTC/USDT:USDT,109.83,40.5,109.82,143.4,109.84,22.6,109.85,320.7
1753769572771,06:12:52.771,bitget,LTC/USDT:USDT,109.83,40.5,109.82,165.8,109.84,5.3,109.85,320.7
1753769572899,06:12:52.899,bitget,LTC/USDT:USDT,109.83,30.0,109.82,165.8,109.84,28.8,109.85,320.7
1753769573020,06:12:53.020,bitget,LTC/USDT:USDT,109.83,30.0,109.82,165.8,109.84,35.7,109.85,320.7
1753769573121,06:12:53.121,bitget,LTC/USDT:USDT,109.83,30.0,109.82,165.8,109.84,18.4,109.85,320.7
1753769573249,06:12:53.249,bitget,LTC/USDT:USDT,109.83,40.5,109.82,165.8,109.84,16.1,109.85,320.7
1753769573410,06:12:53.410,bitget,LTC/USDT:USDT,109.83,40.5,109.82,165.8,109.84,16.1,109.85,320.7
1753769573535,06:12:53.535,bitget,LTC/USDT:USDT,109.83,40.5,109.82,165.8,109.84,16.1,109.85,320.7
1753769573658,06:12:53.658,bitget,LTC/USDT:USDT,109.83,40.5,109.82,165.8,109.84,16.1,109.85,322.2
1753769573792,06:12:53.792,bitget,LTC/USDT:USDT,109.83,40.5,109.82,146.4,109.84,16.1,109.85,322.2
1753769573902,06:12:53.902,bitget,LTC/USDT:USDT,109.83,40.5,109.82,149.4,109.84,16.1,109.85,322.2
1753769574012,06:12:54.012,bitget,LTC/USDT:USDT,109.83,30.0,109.82,146.4,109.84,21.2,109.85,322.2
1753769574125,06:12:54.125,bitget,LTC/USDT:USDT,109.83,30.0,109.82,160.1,109.84,21.2,109.85,322.2
1753769574239,06:12:54.239,bitget,LTC/USDT:USDT,109.83,30.0,109.82,160.1,109.84,3.1,109.85,322.2
1753769574348,06:12:54.348,bitget,LTC/USDT:USDT,109.83,40.5,109.82,160.1,109.84,32.9,109.85,322.2
1753769574461,06:12:54.461,bitget,LTC/USDT:USDT,109.83,30.0,109.82,143.4,109.84,43.4,109.85,322.2
1753769574573,06:12:54.573,bitget,LTC/USDT:USDT,109.83,30.0,109.82,147.4,109.84,13.6,109.85,290.9
1753769574674,06:12:54.674,bitget,LTC/USDT:USDT,109.83,40.5,109.82,147.4,109.84,23.2,109.85,290.9
1753769574789,06:12:54.789,bitget,LTC/USDT:USDT,109.83,30.0,109.82,143.4,109.84,23.2,109.85,290.9
1753769574912,06:12:54.912,bitget,LTC/USDT:USDT,109.83,30.0,109.82,143.4,109.84,6.5,109.85,290.9
1753769575024,06:12:55.024,bitget,LTC/USDT:USDT,109.83,40.5,109.82,147.4,109.84,29.2,109.85,258.7
1753769575175,06:12:55.175,bitget,LTC/USDT:USDT,109.83,30.0,109.82,163.3,109.84,39.1,109.85,258.7
1753769575325,06:12:55.325,bitget,LTC/USDT:USDT,109.83,30.0,109.82,163.3,109.84,22.4,109.85,258.7
1753769575476,06:12:55.476,bitget,LTC/USDT:USDT,109.83,40.5,109.82,163.3,109.84,11.9,109.85,258.7
1753769575576,06:12:55.576,bitget,LTC/USDT:USDT,109.83,40.5,109.82,163.3,109.84,25.4,109.85,230.3
1753769575677,06:12:55.677,bitget,LTC/USDT:USDT,109.83,30.0,109.82,163.3,109.84,29.3,109.85,230.3
1753769575782,06:12:55.782,bitget,LTC/USDT:USDT,109.83,77.3,109.82,163.3,109.84,0.1,109.85,58.0
1753769575889,06:12:55.889,bitget,LTC/USDT:USDT,109.83,77.3,109.82,225.8,109.84,0.1,109.85,35.5
1753769575996,06:12:55.996,bitget,LTC/USDT:USDT,109.83,77.3,109.82,210.7,109.84,0.1,109.85,35.5
1753769576113,06:12:56.113,bitget,LTC/USDT:USDT,109.83,77.3,109.82,210.7,109.84,0.1,109.85,35.5
1753769576226,06:12:56.226,bitget,LTC/USDT:USDT,109.83,77.3,109.82,210.7,109.84,0.1,109.85,35.5
1753769576327,06:12:56.327,bitget,LTC/USDT:USDT,109.83,77.3,109.82,210.7,109.84,0.1,109.85,35.5
1753769576579,06:12:56.579,bitget,LTC/USDT:USDT,109.83,77.3,109.82,210.7,109.84,0.1,109.85,35.5
1753769576682,06:12:56.682,bitget,LTC/USDT:USDT,109.83,77.3,109.82,210.7,109.84,0.1,109.85,35.5
1753769576804,06:12:56.804,bitget,LTC/USDT:USDT,109.83,77.3,109.82,210.7,109.84,0.1,109.85,35.5
1753769576925,06:12:56.925,bitget,LTC/USDT:USDT,109.83,77.3,109.82,156.1,109.84,0.1,109.85,96.9
1753769577027,06:12:57.027,bitget,LTC/USDT:USDT,109.83,77.3,109.82,174.2,109.84,0.1,109.85,124.2
1753769577163,06:12:57.163,bitget,LTC/USDT:USDT,109.83,77.3,109.82,174.2,109.84,0.1,109.85,124.2
1753769577426,06:12:57.426,bitget,LTC/USDT:USDT,109.83,77.3,109.82,174.2,109.84,0.1,109.85,88.7
1753769577526,06:12:57.526,bitget,LTC/USDT:USDT,109.83,77.3,109.82,166.3,109.84,0.1,109.85,88.7
1753769577678,06:12:57.678,bitget,LTC/USDT:USDT,109.83,77.3,109.82,166.3,109.84,0.1,109.85,88.7
1753769577826,06:12:57.826,bitget,LTC/USDT:USDT,109.83,77.3,109.82,166.3,109.84,0.1,109.85,88.7
1753769577926,06:12:57.926,bitget,LTC/USDT:USDT,109.83,77.3,109.82,166.3,109.84,0.1,109.85,88.7
1753769578026,06:12:58.026,bitget,LTC/USDT:USDT,109.83,77.3,109.82,166.3,109.84,0.1,109.85,88.7
1753769578127,06:12:58.127,bitget,LTC/USDT:USDT,109.83,77.3,109.82,166.3,109.84,0.1,109.85,88.7
1753769578228,06:12:58.228,bitget,LTC/USDT:USDT,109.83,77.3,109.82,166.3,109.84,0.1,109.85,88.7
1753769578364,06:12:58.364,bitget,LTC/USDT:USDT,109.83,77.3,109.82,166.3,109.84,0.1,109.85,88.7
1753769578664,06:12:58.664,bitget,LTC/USDT:USDT,109.83,77.3,109.82,166.3,109.84,0.1,109.85,88.7
1753769578814,06:12:58.814,bitget,LTC/USDT:USDT,109.83,77.3,109.82,166.3,109.84,0.1,109.85,88.7
1753769578929,06:12:58.929,bitget,LTC/USDT:USDT,109.83,77.3,109.82,166.3,109.84,0.1,109.85,88.7
1753769579032,06:12:59.032,bitget,LTC/USDT:USDT,109.83,77.3,109.82,166.3,109.84,0.1,109.85,88.7
1753769579179,06:12:59.179,bitget,LTC/USDT:USDT,109.83,77.3,109.82,166.3,109.84,0.1,109.85,88.7
1753769579415,06:12:59.415,bitget,LTC/USDT:USDT,109.83,77.3,109.82,166.3,109.84,0.1,109.85,88.7
1753769579678,06:12:59.678,bitget,LTC/USDT:USDT,109.83,77.3,109.82,166.3,109.84,0.1,109.85,88.7
1753769579928,06:12:59.928,bitget,LTC/USDT:USDT,109.83,77.3,109.82,166.3,109.84,0.1,109.85,88.7
1753769580031,06:13:00.031,bitget,LTC/USDT:USDT,109.83,77.3,109.82,166.3,109.84,0.1,109.85,88.7
1753769580165,06:13:00.165,bitget,LTC/USDT:USDT,109.83,77.3,109.82,184.0,109.84,0.1,109.85,88.7
1753769580277,06:13:00.277,bitget,LTC/USDT:USDT,109.83,77.3,109.82,184.0,109.84,0.1,109.85,88.7
1753769580379,06:13:00.379,bitget,LTC/USDT:USDT,109.83,77.3,109.82,184.0,109.84,0.1,109.85,88.7
1753769580494,06:13:00.494,bitget,LTC/USDT:USDT,109.83,77.3,109.82,184.0,109.84,0.1,109.85,148.8
1753769580615,06:13:00.615,bitget,LTC/USDT:USDT,109.83,77.3,109.82,184.0,109.84,0.1,109.85,82.6
1753769580880,06:13:00.880,bitget,LTC/USDT:USDT,109.83,77.3,109.82,184.0,109.84,0.1,109.85,8.1
1753769581030,06:13:01.030,bitget,LTC/USDT:USDT,109.83,77.3,109.82,184.0,109.84,0.1,109.85,8.1
1753769581132,06:13:01.132,bitget,LTC/USDT:USDT,109.83,77.3,109.82,184.0,109.84,0.1,109.85,25.1
1753769581278,06:13:01.278,bitget,LTC/USDT:USDT,109.83,77.3,109.82,179.2,109.84,0.1,109.85,25.1
1753769581379,06:13:01.379,bitget,LTC/USDT:USDT,109.83,77.3,109.82,179.2,109.84,0.1,109.85,25.1
1753769581491,06:13:01.491,bitget,LTC/USDT:USDT,109.83,77.3,109.82,179.2,109.84,0.1,109.85,25.1
1753769581624,06:13:01.624,bitget,LTC/USDT:USDT,109.83,77.3,109.82,161.5,109.84,0.1,109.85,25.1
1753769581728,06:13:01.728,bitget,LTC/USDT:USDT,109.83,77.3,109.82,166.3,109.84,0.1,109.85,25.1
1753769581831,06:13:01.831,bitget,LTC/USDT:USDT,109.83,77.3,109.82,166.3,109.84,0.1,109.85,25.1
1753769582081,06:13:02.081,bitget,LTC/USDT:USDT,109.83,77.3,109.82,166.3,109.84,0.1,109.85,25.1
1753769582234,06:13:02.234,bitget,LTC/USDT:USDT,109.83,77.3,109.82,166.3,109.84,0.1,109.85,25.1
1753769582380,06:13:02.380,bitget,LTC/USDT:USDT,109.83,77.3,109.82,166.3,109.84,0.1,109.85,25.1
1753769582530,06:13:02.530,bitget,LTC/USDT:USDT,109.83,77.3,109.82,166.3,109.84,0.1,109.85,25.1
1753769582679,06:13:02.679,bitget,LTC/USDT:USDT,109.83,77.3,109.82,166.3,109.84,0.1,109.85,25.1
1753769582780,06:13:02.780,bitget,LTC/USDT:USDT,109.83,77.3,109.82,166.3,109.84,0.1,109.85,25.1
1753769582880,06:13:02.880,bitget,LTC/USDT:USDT,109.83,77.3,109.82,166.3,109.84,0.1,109.85,25.1
1753769582980,06:13:02.980,bitget,LTC/USDT:USDT,109.83,77.3,109.82,166.3,109.84,0.1,109.85,25.1
1753769583082,06:13:03.082,bitget,LTC/USDT:USDT,109.83,77.3,109.82,166.3,109.84,0.1,109.85,25.1
1753769583231,06:13:03.231,bitget,LTC/USDT:USDT,109.83,77.3,109.82,166.3,109.84,0.1,109.85,25.1
1753769583332,06:13:03.332,bitget,LTC/USDT:USDT,109.83,77.3,109.82,166.3,109.84,0.1,109.85,25.1
1753769583432,06:13:03.432,bitget,LTC/USDT:USDT,109.83,77.3,109.82,166.3,109.84,0.1,109.85,85.2
1753769583532,06:13:03.532,bitget,LTC/USDT:USDT,109.83,77.3,109.82,166.3,109.84,0.1,109.85,70.8
1753769583681,06:13:03.681,bitget,LTC/USDT:USDT,109.83,77.3,109.82,166.3,109.84,0.1,109.85,70.8
1753769583784,06:13:03.784,bitget,LTC/USDT:USDT,109.83,77.3,109.82,166.3,109.84,0.1,109.85,70.8
1753769583900,06:13:03.900,bitget,LTC/USDT:USDT,109.83,61.1,109.82,101.4,109.84,20.3,109.85,89.8
1753769584033,06:13:04.033,bitget,LTC/USDT:USDT,109.83,61.1,109.82,178.6,109.84,28.1,109.85,108.7
1753769584133,06:13:04.133,bitget,LTC/USDT:USDT,109.83,61.1,109.82,178.6,109.84,28.1,109.85,108.7
1753769584236,06:13:04.236,bitget,LTC/USDT:USDT,109.83,61.1,109.82,161.6,109.84,28.1,109.85,108.7
1753769584343,06:13:04.343,bitget,LTC/USDT:USDT,109.83,61.1,109.82,161.6,109.84,28.1,109.85,108.7
1753769584459,06:13:04.459,bitget,LTC/USDT:USDT,109.83,61.1,109.82,161.6,109.84,28.1,109.85,126.8
1753769584885,06:13:04.885,bitget,LTC/USDT:USDT,109.83,61.1,109.82,161.6,109.84,22.6,109.85,108.7
1753769585119,06:13:05.119,bitget,LTC/USDT:USDT,109.83,71.6,109.82,161.6,109.84,14.9,109.85,103.4
1753769585236,06:13:05.236,bitget,LTC/USDT:USDT,109.83,71.6,109.82,161.6,109.84,20.9,109.85,103.4
1753769585383,06:13:05.383,bitget,LTC/USDT:USDT,109.83,71.6,109.82,243.2,109.84,20.9,109.85,103.4
1753769585685,06:13:05.685,bitget,LTC/USDT:USDT,109.83,71.6,109.82,248.0,109.84,20.9,109.85,96.3
1753769585836,06:13:05.836,bitget,LTC/USDT:USDT,109.83,71.6,109.82,248.0,109.84,15.1,109.85,96.3
1753769585937,06:13:05.937,bitget,LTC/USDT:USDT,109.83,71.6,109.82,248.0,109.84,13.9,109.85,96.3
1753769586038,06:13:06.038,bitget,LTC/USDT:USDT,109.83,71.6,109.82,248.0,109.84,0.1,109.85,96.3
1753769586169,06:13:06.169,bitget,LTC/USDT:USDT,109.83,71.6,109.82,248.0,109.84,0.1,109.85,96.3
1753769586285,06:13:06.285,bitget,LTC/USDT:USDT,109.83,71.6,109.82,248.0,109.84,0.1,109.85,96.3
1753769586391,06:13:06.391,bitget,LTC/USDT:USDT,109.83,71.6,109.82,248.0,109.84,19.6,109.85,96.3
1753769586619,06:13:06.619,bitget,LTC/USDT:USDT,109.83,71.6,109.82,248.0,109.84,19.6,109.85,96.3
1753769586736,06:13:06.736,bitget,LTC/USDT:USDT,109.83,71.6,109.82,248.0,109.84,19.6,109.85,96.3
1753769586836,06:13:06.836,bitget,LTC/USDT:USDT,109.83,71.6,109.82,243.2,109.84,19.6,109.85,114.8
1753769586938,06:13:06.938,bitget,LTC/USDT:USDT,109.83,71.6,109.82,243.2,109.84,19.6,109.85,114.8
1753769587039,06:13:07.039,bitget,LTC/USDT:USDT,109.83,71.6,109.82,243.2,109.84,19.6,109.85,114.8
1753769587147,06:13:07.147,bitget,LTC/USDT:USDT,109.83,71.6,109.82,243.2,109.84,19.6,109.85,114.8
1753769587273,06:13:07.273,bitget,LTC/USDT:USDT,109.83,71.6,109.82,243.2,109.84,0.1,109.85,114.8
1753769587487,06:13:07.487,bitget,LTC/USDT:USDT,109.83,71.6,109.82,248.0,109.84,0.1,109.85,181.1
1753769587588,06:13:07.588,bitget,LTC/USDT:USDT,109.83,71.6,109.82,248.0,109.84,0.1,109.85,181.1
1753769587689,06:13:07.689,bitget,LTC/USDT:USDT,109.83,71.6,109.82,248.0,109.84,0.1,109.85,181.1
1753769587821,06:13:07.821,bitget,LTC/USDT:USDT,109.83,71.6,109.82,248.0,109.84,15.4,109.85,181.1
1753769587929,06:13:07.929,bitget,LTC/USDT:USDT,109.83,61.1,109.82,248.0,109.84,15.4,109.85,181.1
1753769588037,06:13:08.037,bitget,LTC/USDT:USDT,109.83,71.6,109.82,248.0,109.84,15.4,109.85,181.1
1753769588140,06:13:08.140,bitget,LTC/USDT:USDT,109.83,71.6,109.82,248.0,109.84,17.9,109.85,181.1
1753769588240,06:13:08.240,bitget,LTC/USDT:USDT,109.83,71.6,109.82,243.2,109.84,17.9,109.85,181.1
1753769588642,06:13:08.642,bitget,LTC/USDT:USDT,109.83,71.6,109.82,227.9,109.84,17.9,109.85,204.2
1753769588747,06:13:08.747,bitget,LTC/USDT:USDT,109.83,61.1,109.82,227.9,109.84,17.9,109.85,204.2
1753769588870,06:13:08.870,bitget,LTC/USDT:USDT,109.83,71.6,109.82,227.9,109.84,17.9,109.85,204.2
1753769589197,06:13:09.197,bitget,LTC/USDT:USDT,109.83,61.1,109.82,241.2,109.84,17.9,109.85,204.2
1753769589322,06:13:09.322,bitget,LTC/USDT:USDT,109.83,71.6,109.82,241.2,109.84,17.9,109.85,204.2
1753769589439,06:13:09.439,bitget,LTC/USDT:USDT,109.83,71.6,109.82,241.2,109.84,17.8,109.85,204.2
1753769589555,06:13:09.555,bitget,LTC/USDT:USDT,109.83,61.1,109.82,241.2,109.84,19.1,109.85,204.2
1753769589658,06:13:09.658,bitget,LTC/USDT:USDT,109.83,71.6,109.82,241.2,109.84,17.8,109.85,204.2
1753769589771,06:13:09.771,bitget,LTC/USDT:USDT,109.83,71.6,109.82,227.9,109.84,17.8,109.85,204.2
1753769589890,06:13:09.890,bitget,LTC/USDT:USDT,109.83,71.6,109.82,227.9,109.84,17.8,109.85,204.2
1753769590041,06:13:10.041,bitget,LTC/USDT:USDT,109.83,61.1,109.82,227.9,109.84,28.3,109.85,204.2
1753769590192,06:13:10.192,bitget,LTC/USDT:USDT,109.83,71.6,109.82,245.6,109.84,17.8,109.85,204.2
1753769590340,06:13:10.340,bitget,LTC/USDT:USDT,109.83,71.6,109.82,250.4,109.84,17.8,109.85,204.2
1753769590442,06:13:10.442,bitget,LTC/USDT:USDT,109.83,71.6,109.82,250.4,109.84,17.8,109.85,204.2
1753769590542,06:13:10.542,bitget,LTC/USDT:USDT,109.83,71.6,109.82,250.4,109.84,15.3,109.85,204.2
1753769590671,06:13:10.671,bitget,LTC/USDT:USDT,109.83,71.6,109.82,250.4,109.84,15.3,109.85,204.2
1753769590791,06:13:10.791,bitget,LTC/USDT:USDT,109.83,71.6,109.82,250.4,109.84,15.3,109.85,204.2
1753769590891,06:13:10.891,bitget,LTC/USDT:USDT,109.83,71.6,109.82,250.4,109.84,15.3,109.85,204.2
1753769590992,06:13:10.992,bitget,LTC/USDT:USDT,109.83,71.6,109.82,250.4,109.84,15.3,109.85,204.2
1753769591239,06:13:11.239,bitget,LTC/USDT:USDT,109.83,71.6,109.82,250.4,109.84,17.8,109.85,204.2
1753769591343,06:13:11.343,bitget,LTC/USDT:USDT,109.83,71.6,109.82,250.4,109.84,17.8,109.85,204.2
1753769591494,06:13:11.494,bitget,LTC/USDT:USDT,109.83,71.6,109.82,250.4,109.84,17.8,109.85,204.2
1753769591593,06:13:11.593,bitget,LTC/USDT:USDT,109.83,61.1,109.82,250.4,109.84,18.5,109.85,204.2
1753769591723,06:13:11.723,bitget,LTC/USDT:USDT,109.83,61.1,109.82,250.4,109.84,18.5,109.85,204.2
1753769591843,06:13:11.843,bitget,LTC/USDT:USDT,109.83,71.6,109.82,250.4,109.84,17.8,109.85,204.2
1753769591945,06:13:11.945,bitget,LTC/USDT:USDT,109.83,71.6,109.82,250.4,109.84,17.8,109.85,204.2
1753769592092,06:13:12.092,bitget,LTC/USDT:USDT,109.83,71.6,109.82,250.4,109.84,17.8,109.85,204.2
1753769592197,06:13:12.197,bitget,LTC/USDT:USDT,109.83,71.6,109.82,250.4,109.84,17.8,109.85,204.2
1753769592445,06:13:12.445,bitget,LTC/USDT:USDT,109.83,71.6,109.82,250.4,109.84,17.8,109.85,204.2
1753769592546,06:13:12.546,bitget,LTC/USDT:USDT,109.83,71.6,109.82,250.4,109.84,17.8,109.85,204.2
1753769592658,06:13:12.658,bitget,LTC/USDT:USDT,109.83,71.6,109.82,232.7,109.84,17.8,109.85,204.2
1753769592896,06:13:12.896,bitget,LTC/USDT:USDT,109.83,61.1,109.82,232.7,109.84,20.7,109.85,204.2
1753769592996,06:13:12.996,bitget,LTC/USDT:USDT,109.83,61.1,109.82,232.7,109.84,20.7,109.85,204.2
1753769593097,06:13:13.097,bitget,LTC/USDT:USDT,109.83,61.1,109.82,232.7,109.84,20.7,109.85,204.2
1753769593224,06:13:13.224,bitget,LTC/USDT:USDT,109.83,61.1,109.82,250.4,109.84,20.7,109.85,204.2
1753769593324,06:13:13.324,bitget,LTC/USDT:USDT,109.83,61.1,109.82,250.4,109.84,20.7,109.85,204.2
1753769593651,06:13:13.651,bitget,LTC/USDT:USDT,109.83,0.2,109.81,73.9,109.84,140.4,109.85,311.9
1753769593929,06:13:13.929,bitget,LTC/USDT:USDT,109.83,0.2,109.81,73.9,109.84,133.5,109.85,279.9
1753769594049,06:13:14.049,bitget,LTC/USDT:USDT,109.83,0.2,109.81,73.9,109.84,147.6,109.85,279.9
1753769594198,06:13:14.198,bitget,LTC/USDT:USDT,109.83,0.2,109.81,73.9,109.84,150.9,109.85,277.0
1753769594299,06:13:14.299,bitget,LTC/USDT:USDT,109.83,0.2,109.81,73.9,109.84,150.9,109.85,291.6
1753769594399,06:13:14.399,bitget,LTC/USDT:USDT,109.83,0.2,109.81,73.9,109.84,150.9,109.85,336.2
1753769594548,06:13:14.548,bitget,LTC/USDT:USDT,109.83,0.2,109.81,73.9,109.84,178.1,109.85,336.2
1753769594697,06:13:14.697,bitget,LTC/USDT:USDT,109.83,0.2,109.81,73.9,109.84,178.1,109.85,336.2
1753769594846,06:13:14.846,bitget,LTC/USDT:USDT,109.83,0.2,109.81,73.9,109.84,151.5,109.85,336.2
1753769594997,06:13:14.997,bitget,LTC/USDT:USDT,109.83,0.2,109.81,73.9,109.84,204.6,109.85,336.2
1753769595148,06:13:15.148,bitget,LTC/USDT:USDT,109.83,0.2,109.81,73.9,109.84,207.5,109.85,362.8
1753769595258,06:13:15.258,bitget,LTC/USDT:USDT,109.83,0.2,109.81,73.9,109.84,207.5,109.85,362.8
1753769595359,06:13:15.359,bitget,LTC/USDT:USDT,109.83,0.2,109.8,117.0,109.84,221.2,109.85,362.8
1753769595475,06:13:15.475,bitget,LTC/USDT:USDT,109.8,177.2,109.79,313.8,109.81,9.9,109.83,206.4
1753769595597,06:13:15.597,bitget,LTC/USDT:USDT,109.8,28.0,109.79,374.0,109.81,9.9,109.82,122.1
1753769595723,06:13:15.723,bitget,LTC/USDT:USDT,109.8,15.0,109.79,152.3,109.81,12.4,109.82,127.4
1753769595849,06:13:15.849,bitget,LTC/USDT:USDT,109.8,15.0,109.79,152.3,109.81,13.2,109.82,127.4
1753769596013,06:13:16.013,bitget,LTC/USDT:USDT,109.8,15.0,109.79,169.2,109.81,16.6,109.82,127.4
1753769596151,06:13:16.151,bitget,LTC/USDT:USDT,109.8,15.0,109.79,169.2,109.81,16.6,109.82,127.4
1753769596262,06:13:16.262,bitget,LTC/USDT:USDT,109.8,15.0,109.79,112.4,109.81,26.3,109.82,127.4
1753769596500,06:13:16.500,bitget,LTC/USDT:USDT,109.8,15.0,109.79,172.7,109.81,26.3,109.82,127.4
1753769596652,06:13:16.652,bitget,LTC/USDT:USDT,109.8,15.0,109.79,218.1,109.81,26.3,109.82,127.4
1753769596768,06:13:16.768,bitget,LTC/USDT:USDT,109.8,15.0,109.79,218.1,109.81,22.4,109.82,97.1
1753769596903,06:13:16.903,bitget,LTC/USDT:USDT,109.8,25.5,109.79,195.2,109.81,15.8,109.82,97.1
1753769597077,06:13:17.077,bitget,LTC/USDT:USDT,109.8,25.5,109.79,195.2,109.81,17.7,109.82,97.1
1753769597249,06:13:17.249,bitget,LTC/USDT:USDT,109.8,28.0,109.79,195.2,109.81,6.5,109.82,97.1
1753769597351,06:13:17.351,bitget,LTC/USDT:USDT,109.8,28.0,109.79,210.3,109.81,9.6,109.82,88.0
1753769597451,06:13:17.451,bitget,LTC/USDT:USDT,109.8,28.0,109.79,210.3,109.81,9.6,109.82,88.0
1753769597551,06:13:17.551,bitget,LTC/USDT:USDT,109.8,15.0,109.79,150.0,109.81,22.6,109.82,101.7
1753769598005,06:13:18.005,bitget,LTC/USDT:USDT,109.8,25.5,109.79,210.3,109.81,12.1,109.82,110.4
1753769598108,06:13:18.108,bitget,LTC/USDT:USDT,109.8,25.5,109.79,195.2,109.81,12.1,109.82,110.4
1753769598253,06:13:18.253,bitget,LTC/USDT:USDT,109.8,15.0,109.79,195.2,109.81,22.0,109.82,110.4
1753769598353,06:13:18.353,bitget,LTC/USDT:USDT,109.8,15.0,109.79,195.2,109.81,22.0,109.82,129.8
1753769598454,06:13:18.454,bitget,LTC/USDT:USDT,109.8,15.0,109.79,195.2,109.81,37.0,109.82,144.8
1753769598605,06:13:18.605,bitget,LTC/USDT:USDT,109.8,15.0,109.79,195.2,109.81,37.0,109.82,168.1
1753769598713,06:13:18.713,bitget,LTC/USDT:USDT,109.79,52.2,109.78,89.9,109.81,37.0,109.82,176.0
1753769598853,06:13:18.853,bitget,LTC/USDT:USDT,109.79,52.2,109.78,73.9,109.8,23.4,109.81,42.6
1753769598957,06:13:18.957,bitget,LTC/USDT:USDT,109.79,52.2,109.78,73.9,109.8,23.4,109.81,163.8
1753769599207,06:13:19.207,bitget,LTC/USDT:USDT,109.79,15.4,109.78,13.7,109.8,28.7,109.81,177.0
1753769599306,06:13:19.306,bitget,LTC/USDT:USDT,109.79,15.4,109.78,73.9,109.8,28.7,109.81,398.7
1753769599677,06:13:19.677,bitget,LTC/USDT:USDT,109.79,15.4,109.78,88.9,109.8,43.7,109.81,398.7
1753769599807,06:13:19.807,bitget,LTC/USDT:USDT,109.79,15.4,109.78,88.9,109.8,43.7,109.81,398.7
1753769599907,06:13:19.907,bitget,LTC/USDT:USDT,109.79,15.4,109.78,88.9,109.8,43.7,109.81,398.7
1753769600010,06:13:20.010,bitget,LTC/USDT:USDT,109.79,15.4,109.78,88.9,109.8,39.6,109.81,398.7
1753769600110,06:13:20.110,bitget,LTC/USDT:USDT,109.79,15.4,109.78,88.9,109.8,34.3,109.81,393.4
1753769600231,06:13:20.231,bitget,LTC/USDT:USDT,109.79,15.4,109.78,88.9,109.8,34.3,109.81,393.4
1753769600345,06:13:20.345,bitget,LTC/USDT:USDT,109.79,15.4,109.78,88.9,109.8,34.3,109.81,393.4
1753769600459,06:13:20.459,bitget,LTC/USDT:USDT,109.79,15.4,109.78,88.9,109.8,34.3,109.81,393.4
1753769600560,06:13:20.560,bitget,LTC/USDT:USDT,109.79,15.4,109.78,88.9,109.8,34.3,109.81,393.4
1753769600660,06:13:20.660,bitget,LTC/USDT:USDT,109.79,15.4,109.78,88.9,109.8,44.8,109.81,393.4
1753769600783,06:13:20.783,bitget,LTC/USDT:USDT,109.79,0.4,109.78,88.9,109.8,44.8,109.81,393.4
1753769600908,06:13:20.908,bitget,LTC/USDT:USDT,109.79,0.4,109.78,88.9,109.8,29.8,109.81,393.4
1753769601155,06:13:21.155,bitget,LTC/USDT:USDT,109.79,10.9,109.78,93.6,109.8,12.9,109.81,385.5
1753769601258,06:13:21.258,bitget,LTC/USDT:USDT,109.79,13.4,109.78,102.4,109.8,12.9,109.81,385.5
1753769601360,06:13:21.360,bitget,LTC/USDT:USDT,109.79,2.9,109.78,102.4,109.8,12.9,109.81,385.5
1753769601712,06:13:21.712,bitget,LTC/USDT:USDT,109.79,25.9,109.78,127.8,109.8,15.5,109.81,385.5
1753769602058,06:13:22.058,bitget,LTC/USDT:USDT,109.79,0.4,109.78,93.6,109.8,23.4,109.81,385.5
1753769602278,06:13:22.278,bitget,LTC/USDT:USDT,109.79,0.4,109.78,88.9,109.8,23.4,109.81,415.6
1753769602379,06:13:22.379,bitget,LTC/USDT:USDT,109.79,0.4,109.78,88.9,109.8,23.4,109.81,415.6
1753769602512,06:13:22.512,bitget,LTC/USDT:USDT,109.79,15.4,109.78,88.9,109.8,38.4,109.81,415.6
1753769602758,06:13:22.758,bitget,LTC/USDT:USDT,109.79,15.4,109.78,88.9,109.8,31.6,109.81,415.6
1753769602861,06:13:22.861,bitget,LTC/USDT:USDT,109.79,15.4,109.78,88.9,109.8,31.6,109.81,415.6
1753769602962,06:13:22.962,bitget,LTC/USDT:USDT,109.79,15.4,109.78,149.2,109.8,31.6,109.81,415.6
1753769603200,06:13:23.200,bitget,LTC/USDT:USDT,109.79,17.9,109.78,198.8,109.8,8.3,109.81,415.6
1753769603312,06:13:23.312,bitget,LTC/USDT:USDT,109.79,28.4,109.78,198.8,109.8,6.5,109.81,415.6
1753769603562,06:13:23.562,bitget,LTC/USDT:USDT,109.79,17.9,109.78,198.8,109.8,9.1,109.81,451.8
1753769603663,06:13:23.663,bitget,LTC/USDT:USDT,109.79,17.9,109.78,198.8,109.8,6.5,109.81,451.8
1753769603763,06:13:23.763,bitget,LTC/USDT:USDT,109.79,28.4,109.78,198.8,109.8,9.0,109.81,451.8
1753769603880,06:13:23.880,bitget,LTC/USDT:USDT,109.79,28.4,109.78,198.8,109.8,11.4,109.81,451.8
1753769604012,06:13:24.012,bitget,LTC/USDT:USDT,109.79,28.4,109.78,194.1,109.8,11.4,109.81,451.8
1753769604112,06:13:24.112,bitget,LTC/USDT:USDT,109.79,28.4,109.78,194.1,109.8,11.4,109.81,451.8
1753769604214,06:13:24.214,bitget,LTC/USDT:USDT,109.79,28.4,109.78,194.1,109.8,11.4,109.81,451.8
1753769604315,06:13:24.315,bitget,LTC/USDT:USDT,109.79,28.4,109.78,194.1,109.8,11.4,109.81,451.8
1753769604415,06:13:24.415,bitget,LTC/USDT:USDT,109.79,28.4,109.78,194.1,109.8,11.4,109.81,451.8
1753769604564,06:13:24.564,bitget,LTC/USDT:USDT,109.79,28.4,109.78,194.1,109.8,11.4,109.81,451.8
1753769604666,06:13:24.666,bitget,LTC/USDT:USDT,109.79,28.4,109.78,194.1,109.8,11.4,109.81,451.8
1753769604766,06:13:24.766,bitget,LTC/USDT:USDT,109.79,17.9,109.78,194.1,109.8,11.4,109.81,230.1
1753769604867,06:13:24.867,bitget,LTC/USDT:USDT,109.79,15.4,109.78,194.1,109.8,9.0,109.81,230.1
1753769604980,06:13:24.980,bitget,LTC/USDT:USDT,109.79,25.9,109.78,194.1,109.8,9.0,109.81,230.1
1753769605216,06:13:25.216,bitget,LTC/USDT:USDT,109.79,17.9,109.78,194.1,109.8,8.5,109.81,230.1
1753769605364,06:13:25.364,bitget,LTC/USDT:USDT,109.79,17.9,109.78,194.1,109.8,6.5,109.81,230.1
1753769605465,06:13:25.465,bitget,LTC/USDT:USDT,109.79,17.9,109.78,194.1,109.8,6.5,109.81,230.1
1753769605567,06:13:25.567,bitget,LTC/USDT:USDT,109.79,35.0,109.78,198.8,109.8,1.9,109.81,88.6
1753769605816,06:13:25.816,bitget,LTC/USDT:USDT,109.8,22.8,109.79,17.9,109.81,88.6,109.82,403.5
1753769605917,06:13:25.917,bitget,LTC/USDT:USDT,109.8,37.8,109.79,118.7,109.81,18.7,109.82,403.5
1753769606066,06:13:26.066,bitget,LTC/USDT:USDT,109.8,37.8,109.79,118.7,109.81,30.6,109.82,401.0
1753769606166,06:13:26.166,bitget,LTC/USDT:USDT,109.8,37.8,109.79,100.6,109.81,30.6,109.82,401.0
1753769606267,06:13:26.267,bitget,LTC/USDT:USDT,109.8,37.8,109.79,100.6,109.81,30.6,109.82,401.0
1753769606367,06:13:26.367,bitget,LTC/USDT:USDT,109.8,37.8,109.79,100.6,109.81,30.6,109.82,401.0
1753769606470,06:13:26.470,bitget,LTC/USDT:USDT,109.8,37.8,109.79,98.1,109.81,28.1,109.82,401.0
1753769606720,06:13:26.720,bitget,LTC/USDT:USDT,109.8,40.3,109.79,98.1,109.81,28.1,109.82,401.0
1753769606871,06:13:26.871,bitget,LTC/USDT:USDT,109.8,40.3,109.79,98.1,109.81,28.1,109.82,401.0
1753769606971,06:13:26.971,bitget,LTC/USDT:USDT,109.8,40.3,109.79,158.4,109.81,20.8,109.82,401.0
1753769607073,06:13:27.073,bitget,LTC/USDT:USDT,109.8,29.8,109.79,145.9,109.81,20.8,109.82,401.0
1753769607182,06:13:27.182,bitget,LTC/USDT:USDT,109.8,29.8,109.79,145.9,109.81,20.8,109.82,401.0
1753769607282,06:13:27.282,bitget,LTC/USDT:USDT,109.8,40.3,109.79,145.9,109.81,20.8,109.82,401.0
1753769607421,06:13:27.421,bitget,LTC/USDT:USDT,109.8,40.3,109.79,164.6,109.81,20.8,109.82,406.3
1753769607521,06:13:27.521,bitget,LTC/USDT:USDT,109.8,40.3,109.79,164.6,109.81,20.8,109.82,406.3
1753769607633,06:13:27.633,bitget,LTC/USDT:USDT,109.8,40.3,109.79,164.6,109.81,20.8,109.82,406.3
1753769607770,06:13:27.770,bitget,LTC/USDT:USDT,109.8,37.8,109.79,164.6,109.81,23.3,109.82,406.3
1753769607884,06:13:27.884,bitget,LTC/USDT:USDT,109.8,37.8,109.79,164.6,109.81,23.3,109.82,406.3
1753769608018,06:13:28.018,bitget,LTC/USDT:USDT,109.8,37.8,109.79,164.6,109.81,23.3,109.82,406.3
1753769608272,06:13:28.272,bitget,LTC/USDT:USDT,109.8,37.8,109.79,164.6,109.81,23.3,109.82,406.3
1753769608382,06:13:28.382,bitget,LTC/USDT:USDT,109.8,27.3,109.79,164.6,109.81,23.3,109.82,406.3
1753769608532,06:13:28.532,bitget,LTC/USDT:USDT,109.8,27.3,109.79,164.6,109.81,33.8,109.82,406.3
1753769608682,06:13:28.682,bitget,LTC/USDT:USDT,109.8,37.8,109.79,104.3,109.81,23.3,109.82,406.3
1753769608919,06:13:28.919,bitget,LTC/USDT:USDT,109.79,15.4,109.78,131.8,109.8,29.7,109.81,125.3
1753769609044,06:13:29.044,bitget,LTC/USDT:USDT,109.79,15.4,109.78,131.8,109.8,44.7,109.81,200.5
1753769609151,06:13:29.151,bitget,LTC/USDT:USDT,109.79,15.4,109.78,131.8,109.8,44.7,109.81,200.5
1753769609272,06:13:29.272,bitget,LTC/USDT:USDT,109.79,15.4,109.78,131.8,109.8,44.7,109.81,200.5
1753769609377,06:13:29.377,bitget,LTC/USDT:USDT,109.79,15.4,109.78,149.7,109.8,34.2,109.81,200.5
1753769609478,06:13:29.478,bitget,LTC/USDT:USDT,109.79,15.4,109.78,154.4,109.8,34.2,109.81,200.5
1753769609583,06:13:29.583,bitget,LTC/USDT:USDT,109.79,15.4,109.78,154.4,109.8,44.7,109.81,200.5
1753769609835,06:13:29.835,bitget,LTC/USDT:USDT,109.79,15.4,109.78,154.4,109.8,44.7,109.81,200.5
1753769609972,06:13:29.972,bitget,LTC/USDT:USDT,109.79,25.9,109.78,154.4,109.8,34.2,109.81,200.5
1753769610077,06:13:30.077,bitget,LTC/USDT:USDT,109.79,25.9,109.78,154.4,109.8,34.2,109.81,200.5
1753769610184,06:13:30.184,bitget,LTC/USDT:USDT,109.79,25.9,109.78,154.4,109.8,34.2,109.81,200.5
1753769610311,06:13:30.311,bitget,LTC/USDT:USDT,109.79,25.9,109.78,154.4,109.8,19.2,109.81,200.5
1753769610413,06:13:30.413,bitget,LTC/USDT:USDT,109.79,15.4,109.78,89.0,109.8,19.2,109.81,205.8
1753769610722,06:13:30.722,bitget,LTC/USDT:USDT,109.79,31.6,109.78,109.6,109.8,23.3,109.81,198.7
1753769610822,06:13:30.822,bitget,LTC/USDT:USDT,109.8,8.5,109.79,71.8,109.81,125.3,109.82,364.8
1753769611173,06:13:31.173,bitget,LTC/USDT:USDT,109.8,34.0,109.79,118.2,109.81,32.0,109.82,362.3
1753769611385,06:13:31.385,bitget,LTC/USDT:USDT,109.8,34.0,109.79,118.2,109.81,32.0,109.82,367.6
1753769611522,06:13:31.522,bitget,LTC/USDT:USDT,109.8,34.0,109.79,188.5,109.81,32.0,109.82,367.6
1753769611625,06:13:31.625,bitget,LTC/USDT:USDT,109.8,34.0,109.79,188.5,109.81,32.0,109.82,367.6
1753769611772,06:13:31.772,bitget,LTC/USDT:USDT,109.8,34.0,109.79,188.5,109.81,32.0,109.82,367.6
1753769611875,06:13:31.875,bitget,LTC/USDT:USDT,109.8,34.0,109.79,188.5,109.81,32.0,109.82,367.6
1753769611976,06:13:31.976,bitget,LTC/USDT:USDT,109.8,34.0,109.79,188.5,109.81,21.2,109.82,367.6
1753769612301,06:13:32.301,bitget,LTC/USDT:USDT,109.81,34.6,109.8,104.3,109.82,44.9,109.83,529.4
1753769612403,06:13:32.403,bitget,LTC/USDT:USDT,109.81,49.6,109.8,156.1,109.83,36.2,109.84,103.1
1753769612507,06:13:32.507,bitget,LTC/USDT:USDT,109.82,34.6,109.81,76.8,109.83,15.5,109.84,289.3
1753769612624,06:13:32.624,bitget,LTC/USDT:USDT,109.82,49.6,109.81,122.1,109.83,15.5,109.84,289.3
1753769612724,06:13:32.724,bitget,LTC/USDT:USDT,109.82,49.6,109.81,97.8,109.83,15.5,109.84,289.3
1753769612825,06:13:32.825,bitget,LTC/USDT:USDT,109.82,49.6,109.81,97.8,109.83,15.5,109.84,289.3
1753769612926,06:13:32.926,bitget,LTC/USDT:USDT,109.82,49.6,109.81,177.9,109.83,15.5,109.84,289.3
1753769613036,06:13:33.036,bitget,LTC/USDT:USDT,109.82,49.6,109.81,158.1,109.83,15.5,109.84,289.3
1753769613140,06:13:33.140,bitget,LTC/USDT:USDT,109.82,49.6,109.81,158.1,109.83,15.5,109.84,349.5
1753769613276,06:13:33.276,bitget,LTC/USDT:USDT,109.82,49.6,109.81,158.1,109.83,15.5,109.84,349.5
1753769613376,06:13:33.376,bitget,LTC/USDT:USDT,109.82,49.6,109.81,141.5,109.83,15.5,109.84,349.5
1753769613486,06:13:33.486,bitget,LTC/USDT:USDT,109.82,49.6,109.81,141.5,109.83,15.5,109.84,320.6
1753769613627,06:13:33.627,bitget,LTC/USDT:USDT,109.82,49.6,109.81,141.5,109.83,15.5,109.84,320.6
1753769613727,06:13:33.727,bitget,LTC/USDT:USDT,109.82,49.6,109.81,141.5,109.83,15.5,109.84,320.6
1753769613827,06:13:33.827,bitget,LTC/USDT:USDT,109.82,49.6,109.81,141.5,109.83,15.5,109.84,320.6
1753769613928,06:13:33.928,bitget,LTC/USDT:USDT,109.82,32.1,109.81,141.5,109.83,15.5,109.84,323.4
1753769614289,06:13:34.289,bitget,LTC/USDT:USDT,109.81,75.3,109.8,117.0,109.83,17.6,109.84,337.1
1753769614390,06:13:34.390,bitget,LTC/USDT:USDT,109.8,60.3,109.79,139.5,109.82,24.0,109.83,159.9
1753769614982,06:13:34.982,bitget,LTC/USDT:USDT,109.79,76.4,109.78,151.9,109.8,5.8,109.81,124.3
1753769615126,06:13:35.126,bitget,LTC/USDT:USDT,109.79,76.4,109.78,156.6,109.8,5.8,109.81,124.3
1753769615361,06:13:35.361,bitget,LTC/USDT:USDT,109.79,65.9,109.78,175.9,109.8,5.8,109.81,109.3
1753769615469,06:13:35.469,bitget,LTC/USDT:USDT,109.79,79.8,109.78,175.9,109.81,109.3,109.82,177.3
1753769615587,06:13:35.587,bitget,LTC/USDT:USDT,109.8,6.6,109.79,76.4,109.81,49.0,109.82,229.7
1753769615690,06:13:35.690,bitget,LTC/USDT:USDT,109.8,21.6,109.79,117.4,109.81,6.0,109.82,184.5
1753769615928,06:13:35.928,bitget,LTC/USDT:USDT,109.8,18.4,109.79,126.2,109.81,23.8,109.82,187.3
1753769616031,06:13:36.031,bitget,LTC/USDT:USDT,109.8,18.4,109.79,126.2,109.81,29.1,109.82,187.3
1753769616236,06:13:36.236,bitget,LTC/USDT:USDT,109.8,18.4,109.79,148.7,109.81,29.1,109.82,187.3
1753769616337,06:13:36.337,bitget,LTC/USDT:USDT,109.8,20.9,109.79,149.8,109.81,29.1,109.82,187.3
1753769616483,06:13:36.483,bitget,LTC/USDT:USDT,109.8,31.4,109.79,149.8,109.81,18.6,109.82,187.3
1753769616584,06:13:36.584,bitget,LTC/USDT:USDT,109.8,31.4,109.79,149.8,109.81,18.6,109.82,182.0
1753769616934,06:13:36.934,bitget,LTC/USDT:USDT,109.8,20.9,109.79,149.8,109.81,29.6,109.82,182.0
1753769617034,06:13:37.034,bitget,LTC/USDT:USDT,109.8,28.9,109.79,149.8,109.81,17.0,109.82,182.0
1753769617134,06:13:37.134,bitget,LTC/USDT:USDT,109.8,28.9,109.79,149.8,109.81,18.9,109.82,182.0
1753769617239,06:13:37.239,bitget,LTC/USDT:USDT,109.8,18.4,109.79,149.8,109.81,29.4,109.82,187.3
1753769617633,06:13:37.633,bitget,LTC/USDT:USDT,109.8,18.4,109.79,171.3,109.81,15.0,109.82,182.0
1753769617735,06:13:37.735,bitget,LTC/USDT:USDT,109.8,18.4,109.79,171.3,109.81,20.2,109.82,187.3
1753769617840,06:13:37.840,bitget,LTC/USDT:USDT,109.8,18.4,109.79,171.3,109.81,13.7,109.82,187.3
1753769617982,06:13:37.982,bitget,LTC/USDT:USDT,109.8,18.4,109.79,126.2,109.81,25.6,109.82,187.3
1753769618343,06:13:38.343,bitget,LTC/USDT:USDT,109.8,18.4,109.79,126.2,109.81,32.1,109.82,187.3
1753769618484,06:13:38.484,bitget,LTC/USDT:USDT,109.8,18.4,109.79,126.2,109.81,32.1,109.82,187.3
1753769618583,06:13:38.583,bitget,LTC/USDT:USDT,109.8,18.4,109.79,126.2,109.81,32.1,109.82,187.3
1753769618683,06:13:38.683,bitget,LTC/USDT:USDT,109.8,18.4,109.79,126.2,109.81,32.1,109.82,187.3
1753769618784,06:13:38.784,bitget,LTC/USDT:USDT,109.8,18.4,109.79,126.2,109.81,32.1,109.82,187.3
1753769618885,06:13:38.885,bitget,LTC/USDT:USDT,109.8,18.4,109.79,126.2,109.81,26.9,109.82,187.3
1753769618999,06:13:38.999,bitget,LTC/USDT:USDT,109.8,28.9,109.79,126.2,109.81,26.9,109.82,187.3
1753769619285,06:13:39.285,bitget,LTC/USDT:USDT,109.8,18.4,109.79,126.2,109.81,25.2,109.82,187.3
1753769619386,06:13:39.386,bitget,LTC/USDT:USDT,109.8,28.9,109.79,126.2,109.81,11.9,109.82,187.3
1753769619487,06:13:39.487,bitget,LTC/USDT:USDT,109.8,28.9,109.79,126.2,109.81,14.7,109.82,187.3
1753769619588,06:13:39.588,bitget,LTC/USDT:USDT,109.8,18.4,109.79,126.2,109.81,25.2,109.82,187.3
1753769619692,06:13:39.692,bitget,LTC/USDT:USDT,109.8,18.4,109.79,126.2,109.81,22.4,109.82,187.3
1753769619838,06:13:39.838,bitget,LTC/USDT:USDT,109.8,28.9,109.79,126.2,109.81,11.9,109.82,187.3
1753769619941,06:13:39.941,bitget,LTC/USDT:USDT,109.8,28.9,109.79,126.2,109.81,14.9,109.82,187.3
1753769620083,06:13:40.083,bitget,LTC/USDT:USDT,109.8,28.9,109.79,126.2,109.81,14.9,109.82,187.3
1753769620188,06:13:40.188,bitget,LTC/USDT:USDT,109.8,28.9,109.79,165.2,109.81,14.9,109.82,182.0
1753769620289,06:13:40.289,bitget,LTC/USDT:USDT,109.8,28.9,109.79,165.2,109.81,14.9,109.82,182.0
1753769620390,06:13:40.390,bitget,LTC/USDT:USDT,109.8,28.9,109.79,165.2,109.81,14.9,109.82,182.0
1753769620637,06:13:40.637,bitget,LTC/USDT:USDT,109.8,18.4,109.79,225.5,109.81,11.9,109.82,182.0
1753769620737,06:13:40.737,bitget,LTC/USDT:USDT,109.8,28.9,109.79,225.5,109.81,11.9,109.82,182.0
1753769620841,06:13:40.841,bitget,LTC/USDT:USDT,109.8,32.1,109.79,225.5,109.81,10.7,109.82,182.0
1753769620973,06:13:40.973,bitget,LTC/USDT:USDT,109.8,39.3,109.79,230.2,109.82,106.7,109.83,222.7
1753769621078,06:13:41.078,bitget,LTC/USDT:USDT,109.81,22.8,109.8,91.3,109.82,61.1,109.83,222.7
1753769621181,06:13:41.181,bitget,LTC/USDT:USDT,109.81,27.3,109.8,151.6,109.82,18.5,109.83,214.8
1753769621283,06:13:41.283,bitget,LTC/USDT:USDT,109.81,27.3,109.8,114.0,109.82,42.1,109.83,214.8
1753769621488,06:13:41.488,bitget,LTC/USDT:USDT,109.81,37.8,109.8,114.0,109.82,31.6,109.83,214.8
1753769621591,06:13:41.591,bitget,LTC/USDT:USDT,109.81,37.8,109.8,114.0,109.82,31.6,109.83,214.8
1753769621842,06:13:41.842,bitget,LTC/USDT:USDT,109.81,37.8,109.8,114.0,109.82,31.6,109.83,220.1
1753769621942,06:13:41.942,bitget,LTC/USDT:USDT,109.81,37.8,109.8,114.0,109.82,31.6,109.83,220.1
1753769622093,06:13:42.093,bitget,LTC/USDT:USDT,109.81,27.3,109.8,114.0,109.82,42.1,109.83,220.1
1753769622244,06:13:42.244,bitget,LTC/USDT:USDT,109.81,27.3,109.8,114.0,109.82,31.5,109.83,220.1
1753769622691,06:13:42.691,bitget,LTC/USDT:USDT,109.81,3.4,109.8,77.8,109.82,36.1,109.83,220.1
1753769622791,06:13:42.791,bitget,LTC/USDT:USDT,109.81,3.4,109.8,77.8,109.82,36.1,109.83,220.1
1753769622892,06:13:42.892,bitget,LTC/USDT:USDT,109.81,3.4,109.8,77.8,109.82,36.1,109.83,220.1
1753769623041,06:13:43.041,bitget,LTC/USDT:USDT,109.81,3.4,109.8,77.8,109.82,36.1,109.83,220.1
1753769623142,06:13:43.142,bitget,LTC/USDT:USDT,109.81,13.9,109.8,102.3,109.82,25.6,109.83,154.5
1753769623344,06:13:43.344,bitget,LTC/USDT:USDT,109.81,28.9,109.8,102.3,109.82,25.6,109.83,214.8
1753769623445,06:13:43.445,bitget,LTC/USDT:USDT,109.81,28.9,109.8,102.3,109.82,25.6,109.83,214.8
1753769623544,06:13:43.544,bitget,LTC/USDT:USDT,109.81,28.9,109.8,102.3,109.82,25.6,109.83,220.1
1753769623688,06:13:43.688,bitget,LTC/USDT:USDT,109.81,28.9,109.8,102.3,109.82,25.6,109.83,220.1
1753769623895,06:13:43.895,bitget,LTC/USDT:USDT,109.81,18.4,109.8,102.3,109.82,25.6,109.83,220.1
1753769624096,06:13:44.096,bitget,LTC/USDT:USDT,109.81,18.4,109.8,102.3,109.82,27.3,109.83,220.1
1753769624196,06:13:44.196,bitget,LTC/USDT:USDT,109.81,18.4,109.8,102.3,109.82,27.3,109.83,220.1
1753769624345,06:13:44.345,bitget,LTC/USDT:USDT,109.81,31.4,109.8,166.2,109.82,23.1,109.83,220.1
1753769624548,06:13:44.548,bitget,LTC/USDT:USDT,109.81,31.4,109.8,166.2,109.82,23.1,109.83,220.1
1753769624696,06:13:44.696,bitget,LTC/USDT:USDT,109.81,31.4,109.8,166.2,109.82,23.1,109.83,220.1
1753769624797,06:13:44.797,bitget,LTC/USDT:USDT,109.81,31.4,109.8,166.2,109.82,23.1,109.83,220.1
1753769624916,06:13:44.916,bitget,LTC/USDT:USDT,109.81,31.4,109.8,166.2,109.82,23.1,109.83,220.1
1753769625033,06:13:45.033,bitget,LTC/USDT:USDT,109.81,34.6,109.8,166.2,109.82,21.9,109.83,214.8
1753769625248,06:13:45.248,bitget,LTC/USDT:USDT,109.81,34.6,109.8,226.5,109.82,21.9,109.83,214.8
1753769625599,06:13:45.599,bitget,LTC/USDT:USDT,109.81,34.6,109.8,226.5,109.82,21.9,109.83,214.8
1753769625700,06:13:45.700,bitget,LTC/USDT:USDT,109.81,34.6,109.8,226.5,109.82,21.9,109.83,214.8
1753769625800,06:13:45.800,bitget,LTC/USDT:USDT,109.81,34.6,109.8,226.5,109.82,21.9,109.83,214.8
1753769625944,06:13:45.944,bitget,LTC/USDT:USDT,109.81,34.6,109.8,226.5,109.82,21.9,109.83,214.8
1753769626047,06:13:46.047,bitget,LTC/USDT:USDT,109.81,34.6,109.8,226.5,109.82,21.9,109.83,214.8
1753769626150,06:13:46.150,bitget,LTC/USDT:USDT,109.81,34.6,109.8,226.5,109.82,21.9,109.83,214.8
1753769626250,06:13:46.250,bitget,LTC/USDT:USDT,109.81,34.6,109.8,226.5,109.82,21.9,109.83,214.8
1753769626350,06:13:46.350,bitget,LTC/USDT:USDT,109.81,34.6,109.8,226.5,109.82,21.9,109.83,214.8
1753769626501,06:13:46.501,bitget,LTC/USDT:USDT,109.81,34.6,109.8,226.5,109.82,21.9,109.83,214.8
1753769626649,06:13:46.649,bitget,LTC/USDT:USDT,109.81,34.6,109.8,226.5,109.82,21.9,109.83,214.8
1753769626749,06:13:46.749,bitget,LTC/USDT:USDT,109.81,34.6,109.8,226.5,109.82,21.9,109.83,214.8
1753769626851,06:13:46.851,bitget,LTC/USDT:USDT,109.81,34.6,109.8,226.5,109.82,21.9,109.83,281.2
1753769626994,06:13:46.994,bitget,LTC/USDT:USDT,109.81,34.6,109.8,226.5,109.82,21.9,109.83,286.5
1753769627249,06:13:47.249,bitget,LTC/USDT:USDT,109.81,34.6,109.8,226.5,109.82,21.9,109.83,286.5
1753769627351,06:13:47.351,bitget,LTC/USDT:USDT,109.81,34.6,109.8,226.5,109.82,21.9,109.83,286.5
1753769627452,06:13:47.452,bitget,LTC/USDT:USDT,109.81,34.6,109.8,226.5,109.82,21.9,109.83,286.5
1753769627552,06:13:47.552,bitget,LTC/USDT:USDT,109.81,34.6,109.8,226.5,109.82,21.9,109.83,286.5
1753769627654,06:13:47.654,bitget,LTC/USDT:USDT,109.81,34.6,109.8,226.5,109.82,21.9,109.83,286.5
1753769627760,06:13:47.760,bitget,LTC/USDT:USDT,109.81,24.1,109.8,226.5,109.82,21.9,109.83,286.5
1753769627999,06:13:47.999,bitget,LTC/USDT:USDT,109.81,34.6,109.8,226.5,109.82,21.9,109.83,286.5
1753769628104,06:13:48.104,bitget,LTC/USDT:USDT,109.81,21.6,109.8,155.4,109.82,22.5,109.83,280.7
1753769628254,06:13:48.254,bitget,LTC/USDT:USDT,109.81,21.6,109.8,155.4,109.82,22.5,109.83,280.7
1753769628355,06:13:48.355,bitget,LTC/USDT:USDT,109.81,32.1,109.8,155.4,109.82,10.7,109.83,280.7
1753769628495,06:13:48.495,bitget,LTC/USDT:USDT,109.81,32.1,109.8,155.4,109.82,12.6,109.83,280.7
1753769628605,06:13:48.605,bitget,LTC/USDT:USDT,109.81,21.6,109.8,155.4,109.82,23.1,109.83,280.7
1753769628720,06:13:48.720,bitget,LTC/USDT:USDT,109.81,21.6,109.8,155.4,109.82,10.7,109.83,280.7
1753769628855,06:13:48.855,bitget,LTC/USDT:USDT,109.81,32.1,109.8,155.4,109.82,10.7,109.83,280.7
1753769628981,06:13:48.981,bitget,LTC/USDT:USDT,109.81,32.1,109.8,155.4,109.83,269.4,109.84,355.5
1753769629205,06:13:49.205,bitget,LTC/USDT:USDT,109.81,21.6,109.8,155.4,109.82,9.1,109.83,203.0
1753769629306,06:13:49.306,bitget,LTC/USDT:USDT,109.81,21.6,109.8,155.4,109.82,9.1,109.83,203.0
1753769629456,06:13:49.456,bitget,LTC/USDT:USDT,109.81,32.1,109.8,155.4,109.82,8.3,109.83,203.0
1753769629556,06:13:49.556,bitget,LTC/USDT:USDT,109.81,13.9,109.8,15.0,109.82,8.3,109.83,203.0
1753769629908,06:13:49.908,bitget,LTC/USDT:USDT,109.81,3.4,109.8,75.3,109.82,23.4,109.83,210.9
1753769630058,06:13:50.058,bitget,LTC/USDT:USDT,109.81,3.4,109.8,75.3,109.82,23.4,109.83,210.9
1753769630168,06:13:50.168,bitget,LTC/USDT:USDT,109.81,3.4,109.8,135.6,109.82,38.4,109.83,210.9
1753769630509,06:13:50.509,bitget,LTC/USDT:USDT,109.81,3.4,109.8,135.6,109.82,38.4,109.83,210.9
1753769630610,06:13:50.610,bitget,LTC/USDT:USDT,109.81,3.4,109.8,135.6,109.82,38.4,109.83,210.9
1753769630710,06:13:50.710,bitget,LTC/USDT:USDT,109.81,3.4,109.8,135.6,109.82,38.4,109.83,210.9
1753769630811,06:13:50.811,bitget,LTC/USDT:USDT,109.81,3.4,109.8,135.6,109.82,38.4,109.83,210.9
1753769630962,06:13:50.962,bitget,LTC/USDT:USDT,109.81,3.4,109.8,135.6,109.82,38.4,109.83,210.9
1753769631062,06:13:51.062,bitget,LTC/USDT:USDT,109.81,3.4,109.8,135.6,109.82,27.9,109.83,277.3
1753769631162,06:13:51.162,bitget,LTC/USDT:USDT,109.81,3.4,109.8,135.6,109.82,27.9,109.83,277.3
1753769631271,06:13:51.271,bitget,LTC/USDT:USDT,109.81,19.6,109.8,135.6,109.82,27.9,109.83,269.4
1753769631378,06:13:51.378,bitget,LTC/USDT:USDT,109.81,9.1,109.8,135.6,109.82,38.4,109.83,269.4
1753769631497,06:13:51.497,bitget,LTC/USDT:USDT,109.81,9.1,109.8,135.6,109.82,38.4,109.83,269.4
1753769631712,06:13:51.712,bitget,LTC/USDT:USDT,109.81,9.1,109.8,135.6,109.82,38.4,109.83,269.4
1753769631812,06:13:51.812,bitget,LTC/USDT:USDT,109.81,9.1,109.8,135.6,109.82,38.4,109.83,269.4
1753769631930,06:13:51.930,bitget,LTC/USDT:USDT,109.81,9.1,109.8,135.6,109.82,38.4,109.83,269.4
1753769632035,06:13:52.035,bitget,LTC/USDT:USDT,109.81,9.1,109.8,135.6,109.82,27.9,109.83,269.4
1753769632165,06:13:52.165,bitget,LTC/USDT:USDT,109.81,9.1,109.8,135.6,109.82,27.9,109.83,269.4
1753769632291,06:13:52.291,bitget,LTC/USDT:USDT,109.81,9.1,109.8,135.6,109.82,38.4,109.83,269.4
1753769632391,06:13:52.391,bitget,LTC/USDT:USDT,109.81,3.4,109.8,75.3,109.82,38.4,109.83,269.4
1753769632814,06:13:52.814,bitget,LTC/USDT:USDT,109.8,15.0,109.79,255.4,109.81,25.2,109.82,100.6
1753769633063,06:13:53.063,bitget,LTC/USDT:USDT,109.8,15.0,109.79,255.4,109.81,27.7,109.82,149.2
1753769633163,06:13:53.163,bitget,LTC/USDT:USDT,109.8,15.0,109.79,255.4,109.81,17.2,109.82,149.2
1753769633263,06:13:53.263,bitget,LTC/USDT:USDT,109.8,25.5,109.79,255.4,109.81,9.5,109.82,149.2
1753769633364,06:13:53.364,bitget,LTC/USDT:USDT,109.8,15.0,109.79,255.4,109.81,9.5,109.82,149.2
1753769633614,06:13:53.614,bitget,LTC/USDT:USDT,109.8,15.0,109.79,255.4,109.81,20.0,109.82,149.2
1753769633715,06:13:53.715,bitget,LTC/USDT:USDT,109.8,25.5,109.79,255.4,109.81,9.5,109.82,149.2
1753769633822,06:13:53.822,bitget,LTC/USDT:USDT,109.8,25.5,109.79,255.4,109.81,11.4,109.82,149.2
1753769633964,06:13:53.964,bitget,LTC/USDT:USDT,109.8,15.0,109.79,255.4,109.81,26.5,109.82,149.2
1753769634064,06:13:54.064,bitget,LTC/USDT:USDT,109.8,15.0,109.79,255.4,109.81,41.5,109.82,149.2
1753769634164,06:13:54.164,bitget,LTC/USDT:USDT,109.8,15.0,109.79,255.4,109.81,41.5,109.82,149.2
1753769634265,06:13:54.265,bitget,LTC/USDT:USDT,109.8,25.5,109.79,255.4,109.81,31.0,109.82,149.2
1753769634367,06:13:54.367,bitget,LTC/USDT:USDT,109.8,25.5,109.79,255.4,109.81,31.0,109.82,149.2
1753769634499,06:13:54.499,bitget,LTC/USDT:USDT,109.8,25.5,109.79,255.4,109.81,31.0,109.82,149.2
1753769634615,06:13:54.615,bitget,LTC/USDT:USDT,109.8,25.5,109.79,255.4,109.81,31.0,109.82,149.2
1753769634749,06:13:54.749,bitget,LTC/USDT:USDT,109.8,25.5,109.79,288.6,109.81,25.2,109.82,143.4
1753769634863,06:13:54.863,bitget,LTC/USDT:USDT,109.8,28.7,109.79,286.1,109.81,6.5,109.82,149.2
1753769634966,06:13:54.966,bitget,LTC/USDT:USDT,109.8,31.2,109.79,286.1,109.81,12.4,109.82,149.2
1753769635079,06:13:55.079,bitget,LTC/USDT:USDT,109.8,31.2,109.79,286.1,109.81,12.4,109.82,88.9
1753769635184,06:13:55.184,bitget,LTC/USDT:USDT,109.8,34.6,109.79,286.1,109.81,6.5,109.82,215.6
1753769635300,06:13:55.300,bitget,LTC/USDT:USDT,109.8,34.6,109.79,286.1,109.81,11.1,109.82,88.9
1753769635415,06:13:55.415,bitget,LTC/USDT:USDT,109.8,34.6,109.79,286.1,109.81,11.1,109.82,56.3
1753769635667,06:13:55.667,bitget,LTC/USDT:USDT,109.8,34.6,109.79,286.1,109.81,9.2,109.82,132.8
1753769636017,06:13:56.017,bitget,LTC/USDT:USDT,109.8,34.6,109.79,286.1,109.81,9.2,109.82,132.8
1753769636117,06:13:56.117,bitget,LTC/USDT:USDT,109.8,34.6,109.79,286.1,109.82,3.8,109.83,285.0
1753769636243,06:13:56.243,bitget,LTC/USDT:USDT,109.81,34.6,109.8,92.3,109.82,44.1,109.83,277.1
1753769636717,06:13:56.717,bitget,LTC/USDT:USDT,109.81,49.6,109.8,173.9,109.82,17.9,109.83,277.1
1753769636966,06:13:56.966,bitget,LTC/USDT:USDT,109.81,49.6,109.8,173.9,109.82,17.9,109.83,277.1
1753769637169,06:13:57.169,bitget,LTC/USDT:USDT,109.81,49.6,109.8,173.9,109.82,17.9,109.83,277.1
1753769637270,06:13:57.270,bitget,LTC/USDT:USDT,109.81,49.6,109.8,173.9,109.82,17.9,109.83,277.1
1753769637402,06:13:57.402,bitget,LTC/USDT:USDT,109.81,49.6,109.8,173.9,109.82,17.9,109.83,277.1
1753769637760,06:13:57.760,bitget,LTC/USDT:USDT,109.81,49.6,109.8,173.9,109.82,11.2,109.83,277.1
1753769637869,06:13:57.869,bitget,LTC/USDT:USDT,109.81,49.6,109.8,173.9,109.82,18.4,109.83,277.1
1753769638019,06:13:58.019,bitget,LTC/USDT:USDT,109.81,49.6,109.8,173.9,109.82,18.4,109.83,282.4
1753769638221,06:13:58.221,bitget,LTC/USDT:USDT,109.81,39.1,109.8,173.9,109.82,18.4,109.83,282.4
1753769638369,06:13:58.369,bitget,LTC/USDT:USDT,109.81,39.1,109.8,173.9,109.82,18.4,109.83,282.4
1753769638469,06:13:58.469,bitget,LTC/USDT:USDT,109.81,39.1,109.8,173.9,109.82,18.4,109.83,282.4
1753769638570,06:13:58.570,bitget,LTC/USDT:USDT,109.81,39.1,109.8,173.9,109.82,18.4,109.83,282.4
1753769638671,06:13:58.671,bitget,LTC/USDT:USDT,109.81,39.1,109.8,173.9,109.82,18.4,109.83,282.4
1753769638771,06:13:58.771,bitget,LTC/USDT:USDT,109.81,39.1,109.8,173.9,109.82,11.2,109.83,282.4
1753769638871,06:13:58.871,bitget,LTC/USDT:USDT,109.81,49.6,109.8,173.9,109.82,11.2,109.83,282.4
1753769639119,06:13:59.119,bitget,LTC/USDT:USDT,109.81,49.6,109.8,173.9,109.82,14.5,109.83,282.4
1753769639219,06:13:59.219,bitget,LTC/USDT:USDT,109.81,49.6,109.8,173.9,109.82,14.5,109.83,282.4
1753769639671,06:13:59.671,bitget,LTC/USDT:USDT,109.81,49.6,109.8,173.9,109.82,14.5,109.83,282.4
1753769639771,06:13:59.771,bitget,LTC/USDT:USDT,109.81,49.6,109.8,173.9,109.82,14.5,109.83,282.4
1753769639873,06:13:59.873,bitget,LTC/USDT:USDT,109.81,49.6,109.8,173.9,109.82,14.5,109.83,282.4
1753769640109,06:14:00.109,bitget,LTC/USDT:USDT,109.81,32.1,109.8,173.9,109.82,29.5,109.83,282.4
1753769640324,06:14:00.324,bitget,LTC/USDT:USDT,109.81,21.6,109.8,135.6,109.82,42.5,109.83,282.4
1753769640472,06:14:00.472,bitget,LTC/USDT:USDT,109.81,21.6,109.8,176.0,109.82,42.5,109.83,282.4
1753769640597,06:14:00.597,bitget,LTC/USDT:USDT,109.81,21.6,109.8,176.0,109.82,42.5,109.83,282.4
1753769640772,06:14:00.772,bitget,LTC/USDT:USDT,109.81,24.1,109.8,176.0,109.82,40.0,109.83,282.4
1753769640878,06:14:00.878,bitget,LTC/USDT:USDT,109.81,34.6,109.8,176.0,109.82,14.5,109.83,282.4
1753769641128,06:14:01.128,bitget,LTC/USDT:USDT,109.81,49.6,109.8,176.0,109.82,14.2,109.83,282.4
1753769641374,06:14:01.374,bitget,LTC/USDT:USDT,109.81,49.6,109.8,176.0,109.82,14.2,109.83,282.4
1753769641479,06:14:01.479,bitget,LTC/USDT:USDT,109.81,49.6,109.8,176.0,109.82,14.2,109.83,282.4
1753769641609,06:14:01.609,bitget,LTC/USDT:USDT,109.81,49.6,109.8,180.7,109.82,14.2,109.83,282.4
1753769641725,06:14:01.725,bitget,LTC/USDT:USDT,109.81,49.6,109.8,180.7,109.82,14.2,109.83,282.4
1753769641940,06:14:01.940,bitget,LTC/USDT:USDT,109.81,49.6,109.8,180.7,109.82,14.2,109.83,277.1
1753769642178,06:14:02.178,bitget,LTC/USDT:USDT,109.81,49.6,109.8,247.1,109.82,14.2,109.83,277.1
1753769642420,06:14:02.420,bitget,LTC/USDT:USDT,109.81,49.6,109.8,247.1,109.82,14.2,109.83,277.1
1753769642628,06:14:02.628,bitget,LTC/USDT:USDT,109.81,49.6,109.8,247.1,109.82,14.2,109.83,277.1
1753769642878,06:14:02.878,bitget,LTC/USDT:USDT,109.81,49.6,109.8,247.1,109.82,14.2,109.83,277.1
1753769643027,06:14:03.027,bitget,LTC/USDT:USDT,109.81,49.6,109.8,247.1,109.82,14.2,109.83,277.1
1753769643277,06:14:03.277,bitget,LTC/USDT:USDT,109.81,49.6,109.8,247.1,109.82,14.2,109.83,282.4
1753769643379,06:14:03.379,bitget,LTC/USDT:USDT,109.81,49.6,109.8,247.1,109.82,10.4,109.83,269.4
1753769643481,06:14:03.481,bitget,LTC/USDT:USDT,109.81,49.6,109.8,247.1,109.82,10.4,109.83,269.4
1753769643697,06:14:03.697,bitget,LTC/USDT:USDT,109.81,49.6,109.8,247.1,109.82,10.4,109.83,264.1
1753769643804,06:14:03.804,bitget,LTC/USDT:USDT,109.81,49.6,109.8,247.1,109.82,10.4,109.83,264.1
1753769643929,06:14:03.929,bitget,LTC/USDT:USDT,109.81,49.6,109.8,247.1,109.82,10.4,109.83,264.1
1753769644029,06:14:04.029,bitget,LTC/USDT:USDT,109.81,49.6,109.8,247.1,109.82,10.4,109.83,264.1
1753769644137,06:14:04.137,bitget,LTC/USDT:USDT,109.81,49.6,109.8,247.1,109.82,3.0,109.83,137.4
1753769644256,06:14:04.256,bitget,LTC/USDT:USDT,109.81,49.6,109.8,247.1,109.83,137.4,109.84,260.1
1753769644358,06:14:04.358,bitget,LTC/USDT:USDT,109.82,34.6,109.81,92.0,109.83,137.4,109.84,276.5
1753769644463,06:14:04.463,bitget,LTC/USDT:USDT,109.82,54.3,109.81,142.0,109.83,11.6,109.84,276.5
1753769644579,06:14:04.579,bitget,LTC/USDT:USDT,109.82,54.3,109.81,122.1,109.83,29.4,109.84,276.5
1753769644683,06:14:04.683,bitget,LTC/USDT:USDT,109.82,54.3,109.81,122.1,109.83,29.4,109.84,54.8
1753769644783,06:14:04.783,bitget,LTC/USDT:USDT,109.82,54.3,109.81,122.1,109.83,7.6,109.84,107.5
1753769644884,06:14:04.884,bitget,LTC/USDT:USDT,109.82,54.3,109.81,182.5,109.83,10.7,109.84,107.5
1753769645005,06:14:05.005,bitget,LTC/USDT:USDT,109.82,54.3,109.81,182.5,109.83,10.7,109.84,107.5
1753769645233,06:14:05.233,bitget,LTC/USDT:USDT,109.82,54.3,109.81,182.5,109.83,10.7,109.84,107.5
1753769645333,06:14:05.333,bitget,LTC/USDT:USDT,109.82,91.1,109.81,182.5,109.84,54.8,109.85,480.5
1753769645448,06:14:05.448,bitget,LTC/USDT:USDT,109.83,34.6,109.82,71.5,109.84,52.3,109.85,480.5
1753769645554,06:14:05.554,bitget,LTC/USDT:USDT,109.83,49.6,109.82,213.4,109.84,4.4,109.85,480.5
1753769645681,06:14:05.681,bitget,LTC/USDT:USDT,109.83,49.6,109.82,183.1,109.84,21.5,109.85,298.0
1753769645824,06:14:05.824,bitget,LTC/USDT:USDT,109.83,49.6,109.82,183.1,109.84,21.5,109.85,358.3
1753769645931,06:14:05.931,bitget,LTC/USDT:USDT,109.83,49.6,109.82,249.5,109.84,21.5,109.85,406.2
1753769646033,06:14:06.033,bitget,LTC/USDT:USDT,109.83,49.6,109.82,249.5,109.84,21.5,109.85,423.6
1753769646183,06:14:06.183,bitget,LTC/USDT:USDT,109.83,49.6,109.82,249.5,109.84,21.5,109.85,423.6
1753769646482,06:14:06.482,bitget,LTC/USDT:USDT,109.83,49.6,109.82,249.5,109.84,21.5,109.85,423.6
1753769646585,06:14:06.585,bitget,LTC/USDT:USDT,109.83,49.6,109.82,249.5,109.84,12.9,109.85,423.6
1753769646730,06:14:06.730,bitget,LTC/USDT:USDT,109.83,49.6,109.82,249.5,109.84,12.9,109.85,428.9
1753769647134,06:14:07.134,bitget,LTC/USDT:USDT,109.84,37.8,109.83,214.4,109.85,244.0,109.86,153.5
1753769647384,06:14:07.384,bitget,LTC/USDT:USDT,109.84,37.8,109.83,176.1,109.85,22.5,109.86,375.0
1753769647483,06:14:07.483,bitget,LTC/USDT:USDT,109.84,40.2,109.83,176.1,109.85,22.5,109.86,372.6
1753769647636,06:14:07.636,bitget,LTC/USDT:USDT,109.84,40.2,109.83,176.1,109.85,24.9,109.86,372.6
1753769647770,06:14:07.770,bitget,LTC/USDT:USDT,109.84,37.8,109.83,176.1,109.85,13.1,109.86,372.6
1753769647885,06:14:07.885,bitget,LTC/USDT:USDT,109.84,37.8,109.83,176.1,109.85,13.1,109.86,372.6
1753769647985,06:14:07.985,bitget,LTC/USDT:USDT,109.84,37.8,109.83,176.1,109.85,13.1,109.86,372.6
1753769648085,06:14:08.085,bitget,LTC/USDT:USDT,109.84,37.8,109.83,176.1,109.85,13.1,109.86,372.6
1753769648442,06:14:08.442,bitget,LTC/USDT:USDT,109.84,37.8,109.83,176.1,109.85,13.1,109.86,372.6
1753769648585,06:14:08.585,bitget,LTC/USDT:USDT,109.84,37.8,109.83,176.1,109.85,13.1,109.86,372.6
1753769648685,06:14:08.685,bitget,LTC/USDT:USDT,109.84,37.8,109.83,176.1,109.85,13.1,109.86,372.6
1753769648786,06:14:08.786,bitget,LTC/USDT:USDT,109.84,37.8,109.83,176.1,109.85,13.1,109.86,372.6
1753769648890,06:14:08.890,bitget,LTC/USDT:USDT,109.84,37.8,109.83,176.1,109.85,13.1,109.86,372.6
1753769649207,06:14:09.207,bitget,LTC/USDT:USDT,109.84,37.8,109.83,176.1,109.85,13.1,109.86,372.6
1753769649437,06:14:09.437,bitget,LTC/USDT:USDT,109.84,27.3,109.83,176.1,109.85,21.0,109.86,377.9
1753769649538,06:14:09.538,bitget,LTC/USDT:USDT,109.84,27.3,109.83,176.1,109.85,21.0,109.86,372.6
1753769649638,06:14:09.638,bitget,LTC/USDT:USDT,109.84,27.3,109.83,176.1,109.85,15.0,109.86,372.6
1753769649738,06:14:09.738,bitget,LTC/USDT:USDT,109.84,37.8,109.83,176.1,109.85,6.4,109.86,372.6
1753769649887,06:14:09.887,bitget,LTC/USDT:USDT,109.84,37.8,109.83,176.1,109.85,24.2,109.86,372.6
1753769649987,06:14:09.987,bitget,LTC/USDT:USDT,109.84,37.8,109.83,176.1,109.85,24.2,109.86,372.6
1753769650090,06:14:10.090,bitget,LTC/USDT:USDT,109.84,37.8,109.83,176.1,109.85,15.7,109.86,372.6
1753769650238,06:14:10.238,bitget,LTC/USDT:USDT,109.84,37.8,109.83,176.1,109.85,15.7,109.86,372.6
1753769650340,06:14:10.340,bitget,LTC/USDT:USDT,109.84,37.8,109.83,176.1,109.85,15.7,109.86,372.6
1753769650447,06:14:10.447,bitget,LTC/USDT:USDT,109.84,37.8,109.83,176.1,109.85,15.7,109.86,372.6
1753769650691,06:14:10.691,bitget,LTC/USDT:USDT,109.84,37.8,109.83,176.1,109.85,15.7,109.86,372.6
1753769650939,06:14:10.939,bitget,LTC/USDT:USDT,109.84,37.8,109.83,176.1,109.85,15.7,109.86,372.6
1753769651039,06:14:11.039,bitget,LTC/USDT:USDT,109.84,37.8,109.83,176.1,109.85,15.7,109.86,372.6
1753769651154,06:14:11.154,bitget,LTC/USDT:USDT,109.84,37.8,109.83,176.1,109.85,15.7,109.86,372.6
1753769651288,06:14:11.288,bitget,LTC/USDT:USDT,109.84,37.8,109.83,176.1,109.85,8.0,109.86,372.6
1753769651459,06:14:11.459,bitget,LTC/USDT:USDT,109.84,40.2,109.83,176.1,109.85,22.5,109.86,372.6
1753769651590,06:14:11.590,bitget,LTC/USDT:USDT,109.84,40.2,109.83,176.1,109.85,22.5,109.86,372.6
1753769651691,06:14:11.691,bitget,LTC/USDT:USDT,109.84,40.2,109.83,176.1,109.85,13.9,109.86,372.6
1753769651841,06:14:11.841,bitget,LTC/USDT:USDT,109.84,40.2,109.83,176.1,109.85,13.9,109.86,372.6
1753769651993,06:14:11.993,bitget,LTC/USDT:USDT,109.84,40.2,109.83,176.1,109.85,19.2,109.86,372.6
1753769652142,06:14:12.142,bitget,LTC/USDT:USDT,109.84,40.2,109.83,176.1,109.85,19.2,109.86,372.6
1753769652291,06:14:12.291,bitget,LTC/USDT:USDT,109.84,40.2,109.83,176.1,109.85,19.2,109.86,372.6
1753769652391,06:14:12.391,bitget,LTC/USDT:USDT,109.84,40.2,109.83,176.1,109.85,19.2,109.86,372.6
1753769652492,06:14:12.492,bitget,LTC/USDT:USDT,109.84,40.2,109.83,176.1,109.85,19.2,109.86,372.6
1753769652592,06:14:12.592,bitget,LTC/USDT:USDT,109.84,40.2,109.83,176.1,109.85,19.2,109.86,372.6
1753769653092,06:14:13.092,bitget,LTC/USDT:USDT,109.84,40.2,109.83,176.1,109.85,19.2,109.86,372.6
1753769653195,06:14:13.195,bitget,LTC/USDT:USDT,109.84,40.2,109.83,176.1,109.85,19.2,109.86,372.6
1753769653295,06:14:13.295,bitget,LTC/USDT:USDT,109.84,40.2,109.83,176.1,109.85,19.2,109.86,372.6
1753769653510,06:14:13.510,bitget,LTC/USDT:USDT,109.84,40.2,109.83,176.1,109.85,19.2,109.86,372.6
1753769653773,06:14:13.773,bitget,LTC/USDT:USDT,109.84,40.2,109.83,176.1,109.85,10.4,109.86,372.6
1753769653893,06:14:13.893,bitget,LTC/USDT:USDT,109.84,40.2,109.83,176.1,109.85,27.4,109.86,372.6
1753769653994,06:14:13.994,bitget,LTC/USDT:USDT,109.84,37.8,109.83,176.1,109.85,27.4,109.86,372.6
1753769654098,06:14:14.098,bitget,LTC/USDT:USDT,109.84,37.8,109.83,176.1,109.85,10.4,109.86,372.6
1753769654249,06:14:14.249,bitget,LTC/USDT:USDT,109.84,37.8,109.83,176.1,109.85,26.8,109.86,372.6
1753769654358,06:14:14.358,bitget,LTC/USDT:USDT,109.84,37.8,109.83,176.1,109.85,26.8,109.86,372.6
1753769654461,06:14:14.461,bitget,LTC/USDT:USDT,109.84,37.8,109.83,176.1,109.85,12.3,109.86,372.6
1753769654565,06:14:14.565,bitget,LTC/USDT:USDT,109.84,37.8,109.83,176.1,109.85,24.9,109.86,372.6
1753769654695,06:14:14.695,bitget,LTC/USDT:USDT,109.84,37.8,109.83,176.1,109.85,23.0,109.86,372.6
1753769654796,06:14:14.796,bitget,LTC/USDT:USDT,109.84,37.8,109.83,176.1,109.85,10.4,109.86,372.6
1753769655146,06:14:15.146,bitget,LTC/USDT:USDT,109.84,37.8,109.83,176.1,109.85,27.7,109.86,372.6
1753769655295,06:14:15.295,bitget,LTC/USDT:USDT,109.84,37.8,109.83,176.1,109.85,27.7,109.86,372.6
1753769655397,06:14:15.397,bitget,LTC/USDT:USDT,109.84,37.8,109.83,176.1,109.85,27.7,109.86,372.6
1753769655644,06:14:15.644,bitget,LTC/USDT:USDT,109.84,37.8,109.83,176.1,109.85,27.7,109.86,372.6
1753769655748,06:14:15.748,bitget,LTC/USDT:USDT,109.84,37.8,109.83,176.1,109.85,27.7,109.86,377.9
1753769655895,06:14:15.895,bitget,LTC/USDT:USDT,109.84,37.8,109.83,176.1,109.85,27.7,109.86,377.9
1753769656031,06:14:16.031,bitget,LTC/USDT:USDT,109.84,37.8,109.83,242.5,109.85,27.7,109.86,377.9
1753769656144,06:14:16.144,bitget,LTC/USDT:USDT,109.84,37.8,109.83,202.0,109.85,27.7,109.86,377.9
1753769656245,06:14:16.245,bitget,LTC/USDT:USDT,109.84,27.3,109.83,202.0,109.85,38.2,109.86,377.9
1753769656446,06:14:16.446,bitget,LTC/USDT:USDT,109.84,27.3,109.83,202.0,109.85,38.2,109.86,377.9
1753769656649,06:14:16.649,bitget,LTC/USDT:USDT,109.84,27.3,109.83,202.0,109.85,38.2,109.86,377.9
1753769656750,06:14:16.750,bitget,LTC/USDT:USDT,109.84,37.8,109.83,202.0,109.85,27.7,109.86,377.9
1753769656850,06:14:16.850,bitget,LTC/USDT:USDT,109.84,37.8,109.83,202.0,109.85,27.7,109.86,377.9
