timestamp,time,exchange,symbol,bid1_price,bid1_volume,bid2_price,bid2_volume,ask1_price,ask1_volume,ask2_price,ask2_volume
1753769311909,06:08:31.909,okx,SOL/USDT:USDT,184.9,731.1,184.89,286.22,184.91,523.71,184.92,252.59
1753769312009,06:08:32.009,okx,SOL/USDT:USDT,184.9,731.1,184.89,286.22,184.91,523.71,184.92,252.59
1753769312109,06:08:32.109,okx,SOL/USDT:USDT,184.88,327.51,184.87,607.53,184.89,621.99,184.9,672.95
1753769312209,06:08:32.209,okx,SOL/USDT:USDT,184.88,275.52,184.87,607.51,184.89,455.54,184.9,644.77
1753769312309,06:08:32.309,okx,SOL/USDT:USDT,184.88,311.17,184.87,607.51,184.89,400.1,184.9,659.96
1753769312409,06:08:32.409,okx,SOL/USDT:USDT,184.88,308.42,184.87,607.51,184.89,400.1,184.9,659.96
1753769312509,06:08:32.509,okx,SOL/USDT:USDT,184.88,315.49,184.87,607.51,184.89,400.1,184.9,682.75
1753769312609,06:08:32.609,okx,SOL/USDT:USDT,184.88,315.49,184.87,607.51,184.89,400.64,184.9,644.77
1753769312709,06:08:32.709,okx,SOL/USDT:USDT,184.88,315.49,184.87,607.51,184.89,438.62,184.9,682.75
1753769312809,06:08:32.809,okx,SOL/USDT:USDT,184.88,315.49,184.87,607.51,184.89,438.62,184.9,682.75
1753769313109,06:08:33.109,okx,SOL/USDT:USDT,184.88,315.47,184.87,607.51,184.89,400.36,184.9,659.96
1753769313209,06:08:33.209,okx,SOL/USDT:USDT,184.88,456.37,184.87,630.3,184.89,398.36,184.9,621.98
1753769313509,06:08:33.509,okx,SOL/USDT:USDT,184.88,2.68,184.87,425.82,184.89,485.66,184.9,684.53
1753769313609,06:08:33.609,okx,SOL/USDT:USDT,184.88,2.68,184.87,425.82,184.89,522.82,184.9,865.75
1753769313709,06:08:33.709,okx,SOL/USDT:USDT,184.88,107.02,184.87,425.82,184.89,443.39,184.9,806.56
1753769313809,06:08:33.809,okx,SOL/USDT:USDT,184.88,173.28,184.87,425.82,184.89,415.85,184.9,806.56
1753769313909,06:08:33.909,okx,SOL/USDT:USDT,184.88,372.95,184.87,425.92,184.89,415.85,184.9,641.46
1753769314009,06:08:34.009,okx,SOL/USDT:USDT,184.88,209.32,184.87,425.92,184.89,415.85,184.9,641.46
1753769314209,06:08:34.209,okx,SOL/USDT:USDT,184.88,195.86,184.87,425.92,184.89,466.39,184.9,644.3
1753769314309,06:08:34.309,okx,SOL/USDT:USDT,184.88,196.33,184.87,425.92,184.89,466.39,184.9,644.3
1753769314609,06:08:34.609,okx,SOL/USDT:USDT,184.88,195.72,184.87,425.92,184.89,466.7,184.9,671.36
1753769314809,06:08:34.809,okx,SOL/USDT:USDT,184.88,199.21,184.87,420.46,184.89,430.7,184.9,647.79
1753769314909,06:08:34.909,okx,SOL/USDT:USDT,184.88,199.21,184.87,420.46,184.89,473.91,184.9,669.39
1753769315009,06:08:35.009,okx,SOL/USDT:USDT,184.88,199.21,184.87,420.46,184.89,473.91,184.9,669.39
1753769315109,06:08:35.109,okx,SOL/USDT:USDT,184.88,212.22,184.87,442.06,184.89,426.1,184.9,611.79
1753769315209,06:08:35.209,okx,SOL/USDT:USDT,184.88,211.66,184.87,420.46,184.89,426.16,184.9,647.79
1753769315409,06:08:35.409,okx,SOL/USDT:USDT,184.88,524.65,184.87,441.5,184.89,401.0,184.9,611.79
1753769315509,06:08:35.509,okx,SOL/USDT:USDT,184.88,524.69,184.87,441.5,184.89,393.58,184.9,646.9
1753769315609,06:08:35.609,okx,SOL/USDT:USDT,184.88,520.73,184.87,430.99,184.89,449.02,184.9,632.82
1753769315709,06:08:35.709,okx,SOL/USDT:USDT,184.88,499.09,184.87,430.99,184.89,449.02,184.9,632.82
1753769315809,06:08:35.809,okx,SOL/USDT:USDT,184.88,332.42,184.87,430.99,184.89,449.02,184.9,632.82
1753769315909,06:08:35.909,okx,SOL/USDT:USDT,184.88,156.95,184.87,420.46,184.89,486.21,184.9,653.89
1753769316009,06:08:36.009,okx,SOL/USDT:USDT,184.88,226.55,184.87,420.46,184.89,430.03,184.9,657.48
1753769316109,06:08:36.109,okx,SOL/USDT:USDT,184.88,242.67,184.87,420.46,184.89,430.13,184.9,601.3
1753769316209,06:08:36.209,okx,SOL/USDT:USDT,184.88,424.67,184.87,429.57,184.89,400.73,184.9,601.3
1753769316309,06:08:36.309,okx,SOL/USDT:USDT,184.88,269.36,184.87,429.57,184.89,485.56,184.9,657.23
1753769316409,06:08:36.409,okx,SOL/USDT:USDT,184.88,269.36,184.87,429.57,184.89,450.6,184.9,601.3
1753769316509,06:08:36.509,okx,SOL/USDT:USDT,184.88,272.1,184.87,429.57,184.89,485.97,184.9,657.23
1753769316609,06:08:36.609,okx,SOL/USDT:USDT,184.88,272.1,184.87,429.57,184.89,485.97,184.9,657.23
1753769316909,06:08:36.909,okx,SOL/USDT:USDT,184.88,451.39,184.87,450.54,184.89,419.54,184.9,636.26
1753769317009,06:08:37.009,okx,SOL/USDT:USDT,184.88,451.39,184.87,429.57,184.89,447.6,184.9,657.23
1753769317109,06:08:37.109,okx,SOL/USDT:USDT,184.88,269.39,184.87,429.57,184.89,454.69,184.9,657.23
1753769317209,06:08:37.209,okx,SOL/USDT:USDT,184.88,253.21,184.87,420.46,184.89,476.08,184.9,657.23
1753769317309,06:08:37.309,okx,SOL/USDT:USDT,184.88,253.21,184.87,420.46,184.89,454.63,184.9,657.23
1753769317409,06:08:37.409,okx,SOL/USDT:USDT,184.88,253.21,184.87,420.46,184.89,454.63,184.9,657.23
1753769317509,06:08:37.509,okx,SOL/USDT:USDT,184.88,253.21,184.87,420.46,184.89,454.63,184.9,657.23
1753769317609,06:08:37.609,okx,SOL/USDT:USDT,184.88,255.92,184.87,420.46,184.89,475.6,184.9,657.23
1753769317709,06:08:37.709,okx,SOL/USDT:USDT,184.88,241.26,184.87,420.46,184.89,475.35,184.9,657.23
1753769317809,06:08:37.809,okx,SOL/USDT:USDT,184.88,211.86,184.87,441.43,184.89,419.42,184.9,636.26
1753769317909,06:08:37.909,okx,SOL/USDT:USDT,184.88,214.57,184.87,441.43,184.89,433.64,184.9,597.81
1753769318009,06:08:38.009,okx,SOL/USDT:USDT,184.88,343.03,184.87,450.67,184.89,347.79,184.9,597.81
1753769318109,06:08:38.109,okx,SOL/USDT:USDT,184.88,343.05,184.87,450.67,184.89,347.79,184.9,601.3
1753769318209,06:08:38.209,okx,SOL/USDT:USDT,184.88,343.05,184.87,429.7,184.89,347.79,184.9,622.27
1753769318309,06:08:38.309,okx,SOL/USDT:USDT,184.88,342.76,184.87,429.7,184.89,347.78,184.9,636.26
1753769318409,06:08:38.409,okx,SOL/USDT:USDT,184.88,342.76,184.87,429.7,184.89,424.53,184.9,657.23
1753769318709,06:08:38.709,okx,SOL/USDT:USDT,184.88,341.94,184.87,429.7,184.89,445.5,184.9,657.23
1753769318909,06:08:38.909,okx,SOL/USDT:USDT,184.88,522.04,184.87,429.7,184.89,423.74,184.9,656.72
1753769319009,06:08:39.009,okx,SOL/USDT:USDT,184.88,522.05,184.87,429.7,184.89,389.63,184.9,656.72
1753769319109,06:08:39.109,okx,SOL/USDT:USDT,184.88,522.05,184.87,429.7,184.89,444.38,184.9,656.72
1753769319209,06:08:39.209,okx,SOL/USDT:USDT,184.88,355.93,184.87,429.7,184.89,391.87,184.9,656.72
1753769319309,06:08:39.309,okx,SOL/USDT:USDT,184.88,358.64,184.87,429.7,184.89,385.16,184.9,621.76
1753769319509,06:08:39.509,okx,SOL/USDT:USDT,184.88,338.51,184.87,420.46,184.89,462.58,184.9,655.87
1753769319609,06:08:39.609,okx,SOL/USDT:USDT,184.88,338.51,184.87,420.46,184.89,462.58,184.9,655.87
1753769319709,06:08:39.709,okx,SOL/USDT:USDT,184.88,342.0,184.87,420.46,184.89,461.34,184.9,655.87
1753769319809,06:08:39.809,okx,SOL/USDT:USDT,184.88,436.0,184.87,440.41,184.89,436.31,184.9,655.36
1753769319909,06:08:39.909,okx,SOL/USDT:USDT,184.88,342.0,184.87,420.46,184.89,469.56,184.9,654.5
1753769320109,06:08:40.109,okx,SOL/USDT:USDT,184.88,342.0,184.87,420.46,184.89,489.51,184.9,654.5
1753769320209,06:08:40.209,okx,SOL/USDT:USDT,184.88,341.97,184.87,420.46,184.89,489.51,184.9,654.5
1753769320309,06:08:40.309,okx,SOL/USDT:USDT,184.88,341.97,184.87,420.46,184.89,469.56,184.9,654.5
1753769320409,06:08:40.409,okx,SOL/USDT:USDT,184.88,341.97,184.87,420.46,184.89,469.95,184.9,634.55
1753769320509,06:08:40.509,okx,SOL/USDT:USDT,184.88,341.97,184.87,420.46,184.89,471.23,184.9,654.5
1753769320709,06:08:40.709,okx,SOL/USDT:USDT,184.88,341.97,184.87,420.46,184.89,472.95,184.9,634.55
1753769320809,06:08:40.809,okx,SOL/USDT:USDT,184.88,243.69,184.87,420.46,184.89,492.9,184.9,654.5
1753769320909,06:08:40.909,okx,SOL/USDT:USDT,184.88,259.81,184.87,420.46,184.89,472.99,184.9,654.5
1753769321009,06:08:41.009,okx,SOL/USDT:USDT,184.88,259.81,184.87,420.46,184.89,493.14,184.9,654.5
1753769321109,06:08:41.109,okx,SOL/USDT:USDT,184.88,259.81,184.87,420.46,184.89,493.21,184.9,654.5
1753769321209,06:08:41.209,okx,SOL/USDT:USDT,184.88,259.81,184.87,420.46,184.89,493.97,184.9,654.5
1753769321309,06:08:41.309,okx,SOL/USDT:USDT,184.88,493.96,184.87,462.99,184.89,331.16,184.9,597.81
1753769321409,06:08:41.409,okx,SOL/USDT:USDT,184.88,694.9,184.87,434.18,184.89,400.1,184.9,649.86
1753769321509,06:08:41.509,okx,SOL/USDT:USDT,184.88,694.9,184.87,434.18,184.89,444.01,184.9,649.86
1753769321809,06:08:41.809,okx,SOL/USDT:USDT,184.88,597.13,184.87,429.76,184.89,492.59,184.9,649.86
1753769321909,06:08:41.909,okx,SOL/USDT:USDT,184.88,597.13,184.87,429.76,184.89,492.59,184.9,649.86
1753769322009,06:08:42.009,okx,SOL/USDT:USDT,184.88,447.5,184.87,429.76,184.89,492.6,184.9,649.86
1753769322109,06:08:42.109,okx,SOL/USDT:USDT,184.88,99.57,184.87,420.46,184.89,508.72,184.9,649.86
1753769322209,06:08:42.209,okx,SOL/USDT:USDT,184.88,8.26,184.87,409.64,184.89,586.87,184.9,653.35
1753769322309,06:08:42.309,okx,SOL/USDT:USDT,184.88,93.83,184.87,317.44,184.89,534.53,184.9,653.36
1753769322609,06:08:42.609,okx,SOL/USDT:USDT,184.88,117.61,184.87,317.44,184.89,564.96,184.9,651.94
1753769322809,06:08:42.809,okx,SOL/USDT:USDT,184.88,11.65,184.87,163.66,184.89,566.53,184.9,651.95
1753769322909,06:08:42.909,okx,SOL/USDT:USDT,184.88,99.51,184.87,182.33,184.89,515.17,184.9,601.3
1753769323009,06:08:43.009,okx,SOL/USDT:USDT,184.88,99.51,184.87,163.66,184.89,546.47,184.9,632.43
1753769323109,06:08:43.109,okx,SOL/USDT:USDT,184.88,11.65,184.87,163.66,184.89,566.78,184.9,651.1
1753769323309,06:08:43.309,okx,SOL/USDT:USDT,184.88,96.97,184.87,163.66,184.89,585.49,184.9,647.6
1753769323409,06:08:43.409,okx,SOL/USDT:USDT,184.88,11.46,184.87,163.66,184.89,587.95,184.9,651.1
1753769323909,06:08:43.909,okx,SOL/USDT:USDT,184.86,408.03,184.85,407.89,184.87,681.01,184.88,598.94
1753769324009,06:08:44.009,okx,SOL/USDT:USDT,184.86,313.79,184.85,408.09,184.87,684.25,184.88,597.51
1753769324409,06:08:44.409,okx,SOL/USDT:USDT,184.86,313.78,184.85,458.09,184.87,731.83,184.88,627.39
1753769324509,06:08:44.509,okx,SOL/USDT:USDT,184.86,313.46,184.85,458.09,184.87,731.83,184.88,627.39
1753769324609,06:08:44.609,okx,SOL/USDT:USDT,184.86,313.46,184.85,458.09,184.87,731.83,184.88,627.39
1753769324709,06:08:44.709,okx,SOL/USDT:USDT,184.86,313.45,184.85,458.09,184.87,731.83,184.88,627.39
1753769325009,06:08:45.009,okx,SOL/USDT:USDT,184.86,296.59,184.85,458.09,184.87,730.89,184.88,627.39
1753769325109,06:08:45.109,okx,SOL/USDT:USDT,184.86,312.71,184.85,458.09,184.87,730.95,184.88,627.39
1753769325209,06:08:45.209,okx,SOL/USDT:USDT,184.86,261.04,184.85,402.65,184.87,751.19,184.88,627.39
1753769325309,06:08:45.309,okx,SOL/USDT:USDT,184.86,346.91,184.85,402.65,184.87,702.59,184.88,625.88
1753769325409,06:08:45.409,okx,SOL/USDT:USDT,184.86,346.91,184.85,402.65,184.87,734.88,184.88,625.88
1753769325509,06:08:45.509,okx,SOL/USDT:USDT,184.86,346.59,184.85,402.65,184.87,734.92,184.88,625.88
1753769325609,06:08:45.609,okx,SOL/USDT:USDT,184.86,346.34,184.85,402.65,184.87,734.92,184.88,625.88
1753769325709,06:08:45.709,okx,SOL/USDT:USDT,184.86,346.34,184.85,402.65,184.87,734.92,184.88,625.88
1753769325809,06:08:45.809,okx,SOL/USDT:USDT,184.86,346.34,184.85,402.65,184.87,734.92,184.88,625.88
1753769326409,06:08:46.409,okx,SOL/USDT:USDT,184.86,362.45,184.85,418.12,184.87,689.58,184.88,594.02
1753769326609,06:08:46.609,okx,SOL/USDT:USDT,184.86,508.7,184.85,426.8,184.87,551.54,184.88,586.98
1753769326709,06:08:46.709,okx,SOL/USDT:USDT,184.86,669.06,184.85,426.8,184.87,544.48,184.88,586.98
1753769326809,06:08:46.809,okx,SOL/USDT:USDT,184.86,687.69,184.85,426.72,184.87,544.48,184.88,583.39
1753769326909,06:08:46.909,okx,SOL/USDT:USDT,184.86,672.56,184.85,411.25,184.87,535.81,184.88,608.7
1753769327109,06:08:47.109,okx,SOL/USDT:USDT,184.86,672.08,184.85,411.25,184.87,536.06,184.88,608.7
1753769327209,06:08:47.209,okx,SOL/USDT:USDT,184.86,632.24,184.85,411.25,184.87,512.11,184.88,608.7
1753769327509,06:08:47.509,okx,SOL/USDT:USDT,184.86,653.3,184.85,411.25,184.87,512.19,184.88,608.7
1753769327609,06:08:47.609,okx,SOL/USDT:USDT,184.86,632.96,184.85,411.25,184.87,536.88,184.88,608.7
1753769327709,06:08:47.709,okx,SOL/USDT:USDT,184.86,379.77,184.85,402.57,184.87,569.0,184.88,623.2
1753769327809,06:08:47.809,okx,SOL/USDT:USDT,184.86,379.77,184.85,402.55,184.87,569.0,184.88,608.71
1753769327909,06:08:47.909,okx,SOL/USDT:USDT,184.86,363.77,184.85,402.55,184.87,544.3,184.88,608.71
1753769328109,06:08:48.109,okx,SOL/USDT:USDT,184.86,586.66,184.85,448.79,184.87,507.39,184.88,583.49
1753769328309,06:08:48.309,okx,SOL/USDT:USDT,184.86,737.25,184.85,489.67,184.87,294.84,184.88,583.48
1753769328509,06:08:48.509,okx,SOL/USDT:USDT,184.86,783.88,184.85,464.39,184.87,293.92,184.88,586.97
1753769329009,06:08:49.009,okx,SOL/USDT:USDT,184.86,811.22,184.85,464.39,184.87,197.03,184.88,489.93
1753769329409,06:08:49.409,okx,SOL/USDT:USDT,184.86,828.34,184.85,455.66,184.87,133.37,184.88,413.41
1753769329609,06:08:49.609,okx,SOL/USDT:USDT,184.86,828.16,184.85,441.59,184.87,136.33,184.88,432.3
1753769329709,06:08:49.709,okx,SOL/USDT:USDT,184.86,828.1,184.85,454.78,184.87,136.33,184.88,432.3
1753769330109,06:08:50.109,okx,SOL/USDT:USDT,184.86,841.01,184.85,454.78,184.87,136.31,184.88,409.82
1753769330209,06:08:50.209,okx,SOL/USDT:USDT,184.86,828.1,184.85,454.5,184.87,136.31,184.88,409.82
1753769330309,06:08:50.309,okx,SOL/USDT:USDT,184.86,828.1,184.85,454.5,184.87,136.31,184.88,409.82
1753769330509,06:08:50.509,okx,SOL/USDT:USDT,184.86,828.1,184.85,454.5,184.87,137.69,184.88,409.82
1753769330609,06:08:50.609,okx,SOL/USDT:USDT,184.86,828.1,184.85,454.5,184.87,137.69,184.88,409.82
1753769330709,06:08:50.709,okx,SOL/USDT:USDT,184.86,841.01,184.85,476.02,184.87,137.69,184.88,409.82
1753769330809,06:08:50.809,okx,SOL/USDT:USDT,184.86,841.01,184.85,476.02,184.87,137.69,184.88,409.82
1753769330909,06:08:50.909,okx,SOL/USDT:USDT,184.86,841.01,184.85,454.5,184.87,137.69,184.88,409.82
1753769331009,06:08:51.009,okx,SOL/USDT:USDT,184.86,828.1,184.85,441.59,184.87,137.69,184.88,431.34
1753769331109,06:08:51.109,okx,SOL/USDT:USDT,184.86,828.1,184.85,454.5,184.87,137.95,184.88,431.34
1753769331209,06:08:51.209,okx,SOL/USDT:USDT,184.86,828.1,184.85,454.5,184.87,217.04,184.88,409.82
1753769331309,06:08:51.309,okx,SOL/USDT:USDT,184.86,469.18,184.85,402.54,184.87,364.95,184.88,430.81
1753769331409,06:08:51.409,okx,SOL/USDT:USDT,184.86,651.41,184.85,425.27,184.87,405.47,184.88,399.44
1753769331509,06:08:51.509,okx,SOL/USDT:USDT,184.86,651.21,184.85,425.29,184.87,389.35,184.88,420.07
1753769331609,06:08:51.609,okx,SOL/USDT:USDT,184.86,651.15,184.85,412.91,184.87,409.55,184.88,420.07
1753769331809,06:08:51.809,okx,SOL/USDT:USDT,184.86,469.15,184.85,412.89,184.87,389.4,184.88,420.07
1753769331909,06:08:51.909,okx,SOL/USDT:USDT,184.86,465.66,184.85,412.89,184.87,409.18,184.88,431.94
1753769332009,06:08:52.009,okx,SOL/USDT:USDT,184.86,469.15,184.85,412.89,184.87,389.4,184.88,420.17
1753769332309,06:08:52.309,okx,SOL/USDT:USDT,184.86,469.39,184.85,424.76,184.87,389.4,184.88,420.17
1753769332409,06:08:52.409,okx,SOL/USDT:USDT,184.86,473.4,184.85,424.76,184.87,389.4,184.88,403.03
1753769332509,06:08:52.509,okx,SOL/USDT:USDT,184.86,361.07,184.85,402.54,184.87,405.48,184.88,422.81
1753769332609,06:08:52.609,okx,SOL/USDT:USDT,184.86,194.0,184.85,384.94,184.87,517.63,184.88,434.78
1753769332709,06:08:52.709,okx,SOL/USDT:USDT,184.86,276.79,184.85,396.81,184.87,497.85,184.88,422.91
1753769332809,06:08:52.809,okx,SOL/USDT:USDT,184.86,279.5,184.85,396.81,184.87,497.85,184.88,422.91
1753769332909,06:08:52.909,okx,SOL/USDT:USDT,184.86,279.5,184.85,384.94,184.87,517.63,184.88,422.91
1753769333009,06:08:53.009,okx,SOL/USDT:USDT,184.86,193.99,184.85,384.94,184.87,517.83,184.88,434.78
1753769333109,06:08:53.109,okx,SOL/USDT:USDT,184.86,297.97,184.85,396.81,184.87,498.11,184.88,422.91
1753769333209,06:08:53.209,okx,SOL/USDT:USDT,184.86,297.97,184.85,396.81,184.87,498.11,184.88,422.91
1753769333309,06:08:53.309,okx,SOL/USDT:USDT,184.86,297.97,184.85,396.81,184.87,517.89,184.88,422.91
1753769333409,06:08:53.409,okx,SOL/USDT:USDT,184.86,193.71,184.85,372.94,184.87,517.89,184.88,434.78
1753769333709,06:08:53.709,okx,SOL/USDT:USDT,184.85,258.48,184.84,274.05,184.86,898.06,184.87,465.6
1753769334009,06:08:54.009,okx,SOL/USDT:USDT,184.84,368.69,184.83,454.41,184.85,852.06,184.86,659.56
1753769334109,06:08:54.109,okx,SOL/USDT:USDT,184.84,376.79,184.83,408.19,184.85,909.99,184.86,646.27
1753769334209,06:08:54.209,okx,SOL/USDT:USDT,184.84,360.67,184.83,421.69,184.85,915.69,184.86,636.0
1753769334309,06:08:54.309,okx,SOL/USDT:USDT,184.84,360.67,184.83,421.69,184.85,905.94,184.86,636.0
1753769334409,06:08:54.409,okx,SOL/USDT:USDT,184.84,360.67,184.83,421.69,184.85,886.57,184.86,635.05
1753769334509,06:08:54.509,okx,SOL/USDT:USDT,184.84,360.67,184.83,421.69,184.85,887.07,184.86,635.05
1753769334609,06:08:54.609,okx,SOL/USDT:USDT,184.84,376.79,184.83,437.07,184.85,887.11,184.86,622.56
1753769334709,06:08:54.709,okx,SOL/USDT:USDT,184.84,376.79,184.83,421.69,184.85,912.85,184.86,637.94
1753769334809,06:08:54.809,okx,SOL/USDT:USDT,184.84,376.79,184.83,421.69,184.85,912.85,184.86,637.94
1753769334909,06:08:54.909,okx,SOL/USDT:USDT,184.84,376.79,184.83,421.69,184.85,913.12,184.86,637.94
1753769335009,06:08:55.009,okx,SOL/USDT:USDT,184.84,376.79,184.83,421.29,184.85,913.12,184.86,622.56
1753769335109,06:08:55.109,okx,SOL/USDT:USDT,184.84,376.87,184.83,436.67,184.85,887.58,184.86,627.35
1753769335209,06:08:55.209,okx,SOL/USDT:USDT,184.84,251.97,184.83,421.29,184.85,913.48,184.86,642.73
1753769335309,06:08:55.309,okx,SOL/USDT:USDT,184.84,251.97,184.83,421.29,184.85,913.48,184.86,642.73
1753769335409,06:08:55.409,okx,SOL/USDT:USDT,184.84,223.92,184.83,448.9,184.85,913.48,184.86,642.73
1753769335609,06:08:55.609,okx,SOL/USDT:USDT,184.84,308.59,184.83,452.39,184.85,918.36,184.86,642.73
1753769335709,06:08:55.709,okx,SOL/USDT:USDT,184.84,324.71,184.83,452.39,184.85,881.79,184.86,642.73
1753769335809,06:08:55.809,okx,SOL/USDT:USDT,184.84,424.06,184.83,452.39,184.85,892.13,184.86,639.58
1753769335909,06:08:55.909,okx,SOL/USDT:USDT,184.84,310.8,184.83,452.39,184.85,892.13,184.86,601.71
1753769336009,06:08:56.009,okx,SOL/USDT:USDT,184.84,310.8,184.83,452.39,184.85,915.8,184.86,639.58
1753769336109,06:08:56.109,okx,SOL/USDT:USDT,184.84,310.8,184.83,408.19,184.85,915.8,184.86,639.58
1753769336209,06:08:56.209,okx,SOL/USDT:USDT,184.84,310.8,184.83,408.19,184.85,915.84,184.86,639.58
1753769336309,06:08:56.309,okx,SOL/USDT:USDT,184.84,310.8,184.83,408.19,184.85,913.33,184.86,625.38
1753769336409,06:08:56.409,okx,SOL/USDT:USDT,184.84,310.81,184.83,422.07,184.85,890.2,184.86,601.71
1753769336509,06:08:56.509,okx,SOL/USDT:USDT,184.84,310.81,184.83,408.19,184.85,888.46,184.86,635.23
1753769336609,06:08:56.609,okx,SOL/USDT:USDT,184.84,206.47,184.83,408.19,184.85,911.59,184.86,635.23
1753769336909,06:08:56.909,okx,SOL/USDT:USDT,184.82,257.34,184.81,4.35,184.83,919.75,184.84,670.14
1753769337109,06:08:57.109,okx,SOL/USDT:USDT,184.82,56.24,184.81,4.25,184.83,954.31,184.84,964.13
1753769337209,06:08:57.209,okx,SOL/USDT:USDT,184.82,56.24,184.81,4.25,184.83,993.25,184.84,993.79
1753769337509,06:08:57.509,okx,SOL/USDT:USDT,184.82,55.73,184.81,4.25,184.83,1013.44,184.84,984.73
1753769337709,06:08:57.709,okx,SOL/USDT:USDT,184.81,4.13,184.8,65.67,184.82,813.26,184.83,794.69
1753769337809,06:08:57.809,okx,SOL/USDT:USDT,184.81,4.13,184.8,65.67,184.82,813.52,184.83,969.53
1753769337909,06:08:57.909,okx,SOL/USDT:USDT,184.81,4.13,184.8,58.66,184.82,813.6,184.83,969.53
1753769338009,06:08:58.009,okx,SOL/USDT:USDT,184.81,4.13,184.8,58.66,184.82,832.15,184.83,950.98
1753769338109,06:08:58.109,okx,SOL/USDT:USDT,184.81,4.13,184.8,25.05,184.82,832.15,184.83,950.98
1753769338209,06:08:58.209,okx,SOL/USDT:USDT,184.81,91.99,184.8,25.05,184.82,808.53,184.83,923.9
1753769338409,06:08:58.409,okx,SOL/USDT:USDT,184.81,4.14,184.8,25.05,184.82,782.99,184.83,922.71
1753769338509,06:08:58.509,okx,SOL/USDT:USDT,184.81,4.14,184.8,25.05,184.82,820.9,184.83,922.71
1753769338609,06:08:58.609,okx,SOL/USDT:USDT,184.81,92.36,184.8,117.25,184.82,808.41,184.83,909.51
1753769338709,06:08:58.709,okx,SOL/USDT:USDT,184.81,111.19,184.8,158.06,184.82,759.38,184.83,888.7
1753769338809,06:08:58.809,okx,SOL/USDT:USDT,184.81,293.19,184.8,170.55,184.82,660.69,184.83,888.7
1753769338909,06:08:58.909,okx,SOL/USDT:USDT,184.81,203.58,184.8,170.55,184.82,660.69,184.83,888.7
1753769339009,06:08:59.009,okx,SOL/USDT:USDT,184.81,203.58,184.8,170.55,184.82,660.69,184.83,888.7
1753769339109,06:08:59.109,okx,SOL/USDT:USDT,184.81,203.67,184.8,158.06,184.82,689.03,184.83,922.75
1753769339209,06:08:59.209,okx,SOL/USDT:USDT,184.81,203.67,184.8,158.06,184.82,667.6,184.83,922.75
1753769339409,06:08:59.409,okx,SOL/USDT:USDT,184.81,347.5,184.8,171.18,184.82,622.36,184.83,713.62
1753769339509,06:08:59.509,okx,SOL/USDT:USDT,184.81,288.18,184.8,181.65,184.82,540.72,184.83,713.07
1753769339609,06:08:59.609,okx,SOL/USDT:USDT,184.81,304.12,184.8,168.53,184.82,540.72,184.83,734.41
1753769339709,06:08:59.709,okx,SOL/USDT:USDT,184.81,303.93,184.8,168.53,184.82,540.79,184.83,733.87
1753769339809,06:08:59.809,okx,SOL/USDT:USDT,184.81,544.61,184.8,309.69,184.82,52.78,184.83,374.94
1753769340009,06:09:00.009,okx,SOL/USDT:USDT,184.81,541.9,184.8,293.81,184.82,222.59,184.83,410.34
1753769340109,06:09:00.109,okx,SOL/USDT:USDT,184.81,363.87,184.8,239.04,184.82,598.45,184.83,410.35
1753769340209,06:09:00.209,okx,SOL/USDT:USDT,184.81,322.91,184.8,239.04,184.82,601.95,184.83,406.96
1753769340309,06:09:00.309,okx,SOL/USDT:USDT,184.81,323.47,184.8,239.04,184.82,590.07,184.83,407.41
1753769340409,06:09:00.409,okx,SOL/USDT:USDT,184.81,323.47,184.8,239.04,184.82,590.07,184.83,407.41
1753769340509,06:09:00.509,okx,SOL/USDT:USDT,184.81,323.15,184.8,239.04,184.82,589.35,184.83,407.41
1753769340609,06:09:00.609,okx,SOL/USDT:USDT,184.8,367.65,184.79,281.29,184.81,760.29,184.82,573.61
1753769340709,06:09:00.709,okx,SOL/USDT:USDT,184.8,402.56,184.79,236.32,184.81,758.73,184.82,555.68
1753769340809,06:09:00.809,okx,SOL/USDT:USDT,184.8,402.71,184.79,236.47,184.81,773.99,184.82,538.77
1753769340909,06:09:00.909,okx,SOL/USDT:USDT,184.8,292.74,184.79,236.47,184.81,777.55,184.82,535.45
1753769341009,06:09:01.009,okx,SOL/USDT:USDT,184.8,155.27,184.79,253.23,184.81,663.54,184.82,532.28
1753769341109,06:09:01.109,okx,SOL/USDT:USDT,184.8,201.77,184.79,249.74,184.81,635.64,184.82,521.11
1753769341209,06:09:01.209,okx,SOL/USDT:USDT,184.8,320.91,184.79,320.13,184.81,632.63,184.82,492.94
1753769341309,06:09:01.309,okx,SOL/USDT:USDT,184.8,286.11,184.79,249.74,184.81,647.07,184.82,522.73
1753769341509,06:09:01.509,okx,SOL/USDT:USDT,184.8,285.61,184.79,249.74,184.81,654.87,184.82,522.62
1753769341609,06:09:01.609,okx,SOL/USDT:USDT,184.8,485.35,184.79,372.12,184.81,394.86,184.82,492.83
1753769341709,06:09:01.709,okx,SOL/USDT:USDT,184.8,509.62,184.79,514.88,184.81,143.94,184.82,347.78
1753769341809,06:09:01.809,okx,SOL/USDT:USDT,184.8,573.53,184.79,493.37,184.81,97.98,184.82,101.1
1753769341909,06:09:01.909,okx,SOL/USDT:USDT,184.8,593.82,184.79,359.17,184.81,55.03,184.82,111.54
1753769342009,06:09:02.009,okx,SOL/USDT:USDT,184.8,775.83,184.79,384.48,184.81,38.9,184.82,111.54
1753769342109,06:09:02.109,okx,SOL/USDT:USDT,184.8,775.83,184.79,466.86,184.81,38.9,184.82,111.54
1753769342209,06:09:02.209,okx,SOL/USDT:USDT,184.8,775.83,184.79,457.37,184.81,35.41,184.82,115.03
1753769342309,06:09:02.309,okx,SOL/USDT:USDT,184.8,547.54,184.79,457.37,184.81,134.09,184.82,139.7
1753769342409,06:09:02.409,okx,SOL/USDT:USDT,184.8,365.6,184.79,330.39,184.81,474.53,184.82,195.14
1753769342509,06:09:02.509,okx,SOL/USDT:USDT,184.8,341.6,184.79,338.39,184.81,475.87,184.82,184.7
1753769342709,06:09:02.709,okx,SOL/USDT:USDT,184.8,319.58,184.79,348.34,184.81,473.31,184.82,184.7
1753769342809,06:09:02.809,okx,SOL/USDT:USDT,184.8,184.15,184.79,330.39,184.81,563.28,184.82,165.9
1753769343009,06:09:03.009,okx,SOL/USDT:USDT,184.8,1.52,184.79,82.09,184.81,588.1,184.82,183.94
1753769343109,06:09:03.109,okx,SOL/USDT:USDT,184.77,212.36,184.76,52.72,184.78,776.56,184.79,661.76
1753769343209,06:09:03.209,okx,SOL/USDT:USDT,184.76,132.18,184.75,132.03,184.77,729.83,184.78,634.38
1753769343309,06:09:03.309,okx,SOL/USDT:USDT,184.76,1.65,184.75,121.15,184.77,796.45,184.78,642.88
1753769343709,06:09:03.709,okx,SOL/USDT:USDT,184.75,40.41,184.74,340.13,184.76,612.84,184.77,699.27
1753769343809,06:09:03.809,okx,SOL/USDT:USDT,184.75,272.27,184.74,312.53,184.76,558.5,184.77,656.44
1753769343909,06:09:03.909,okx,SOL/USDT:USDT,184.75,272.26,184.74,312.53,184.76,565.76,184.77,656.44
1753769344109,06:09:04.109,okx,SOL/USDT:USDT,184.75,273.02,184.74,310.61,184.76,578.56,184.77,656.44
1753769344309,06:09:04.309,okx,SOL/USDT:USDT,184.75,478.22,184.74,378.19,184.76,262.63,184.77,359.76
1753769344409,06:09:04.409,okx,SOL/USDT:USDT,184.75,478.22,184.74,378.19,184.76,262.7,184.77,359.66
1753769344609,06:09:04.609,okx,SOL/USDT:USDT,184.75,354.51,184.74,320.48,184.76,332.19,184.77,339.83
1753769344709,06:09:04.709,okx,SOL/USDT:USDT,184.75,354.51,184.74,320.48,184.76,407.03,184.77,339.83
1753769344809,06:09:04.809,okx,SOL/USDT:USDT,184.75,354.51,184.74,320.48,184.76,407.04,184.77,339.83
1753769344909,06:09:04.909,okx,SOL/USDT:USDT,184.75,316.24,184.74,320.48,184.76,407.07,184.77,332.06
1753769345009,06:09:05.009,okx,SOL/USDT:USDT,184.75,368.15,184.74,436.89,184.76,355.53,184.77,332.06
1753769345109,06:09:05.109,okx,SOL/USDT:USDT,184.75,452.74,184.74,436.89,184.76,198.07,184.77,312.06
1753769345209,06:09:05.209,okx,SOL/USDT:USDT,184.75,455.18,184.74,427.02,184.76,248.16,184.77,312.06
1753769345309,06:09:05.309,okx,SOL/USDT:USDT,184.75,455.18,184.74,427.02,184.76,254.17,184.77,321.19
1753769345509,06:09:05.509,okx,SOL/USDT:USDT,184.75,657.56,184.74,419.36,184.76,254.71,184.77,321.19
1753769345609,06:09:05.609,okx,SOL/USDT:USDT,184.75,657.56,184.74,426.94,184.76,254.71,184.77,321.19
1753769345709,06:09:05.709,okx,SOL/USDT:USDT,184.75,657.56,184.74,426.94,184.76,254.92,184.77,321.19
1753769345909,06:09:05.909,okx,SOL/USDT:USDT,184.75,657.56,184.74,419.38,184.76,254.92,184.77,321.19
1753769346009,06:09:06.009,okx,SOL/USDT:USDT,184.75,657.56,184.74,426.94,184.76,254.92,184.77,321.19
1753769346109,06:09:06.109,okx,SOL/USDT:USDT,184.75,647.46,184.74,419.38,184.76,310.36,184.77,328.75
1753769346209,06:09:06.209,okx,SOL/USDT:USDT,184.75,443.81,184.74,419.36,184.76,334.72,184.77,328.75
1753769346509,06:09:06.509,okx,SOL/USDT:USDT,184.75,506.14,184.74,366.05,184.76,576.44,184.77,360.58
1753769346609,06:09:06.609,okx,SOL/USDT:USDT,184.75,540.98,184.74,431.12,184.76,489.52,184.77,308.58
1753769346709,06:09:06.709,okx,SOL/USDT:USDT,184.75,580.57,184.74,429.74,184.76,362.4,184.77,308.57
1753769346809,06:09:06.809,okx,SOL/USDT:USDT,184.75,624.59,184.74,452.17,184.76,203.1,184.77,322.85
1753769346909,06:09:06.909,okx,SOL/USDT:USDT,184.75,681.46,184.74,549.43,184.76,213.23,184.77,314.04
1753769347009,06:09:07.009,okx,SOL/USDT:USDT,184.75,674.34,184.74,435.09,184.76,213.23,184.77,314.04
1753769347109,06:09:07.109,okx,SOL/USDT:USDT,184.75,476.02,184.74,427.95,184.76,273.23,184.77,314.04
1753769347209,06:09:07.209,okx,SOL/USDT:USDT,184.75,476.02,184.74,209.73,184.76,273.23,184.77,314.04
1753769347309,06:09:07.309,okx,SOL/USDT:USDT,184.75,476.02,184.74,216.85,184.76,259.18,184.77,314.04
1753769347509,06:09:07.509,okx,SOL/USDT:USDT,184.75,642.94,184.74,209.73,184.76,302.15,184.77,314.04
1753769347609,06:09:07.609,okx,SOL/USDT:USDT,184.75,193.61,184.74,237.29,184.76,358.32,184.77,340.05
1753769347709,06:09:07.709,okx,SOL/USDT:USDT,184.74,232.91,184.73,275.5,184.75,577.08,184.76,636.75
1753769347809,06:09:07.809,okx,SOL/USDT:USDT,184.74,216.49,184.73,275.5,184.75,564.06,184.76,610.82
1753769347909,06:09:07.909,okx,SOL/USDT:USDT,184.74,244.98,184.73,290.81,184.75,576.91,184.76,595.6
1753769348009,06:09:08.009,okx,SOL/USDT:USDT,184.74,247.67,184.73,355.77,184.75,507.58,184.76,595.6
1753769348209,06:09:08.209,okx,SOL/USDT:USDT,184.74,267.96,184.73,355.77,184.75,508.4,184.76,583.65
1753769348309,06:09:08.309,okx,SOL/USDT:USDT,184.74,440.93,184.73,493.77,184.75,292.98,184.76,555.65
1753769348409,06:09:08.409,okx,SOL/USDT:USDT,184.74,447.63,184.73,469.1,184.75,374.4,184.76,509.23
1753769348509,06:09:08.509,okx,SOL/USDT:USDT,184.74,629.31,184.73,469.12,184.75,374.04,184.76,509.23
1753769348609,06:09:08.609,okx,SOL/USDT:USDT,184.74,345.36,184.73,319.59,184.75,397.23,184.76,509.23
1753769348709,06:09:08.709,okx,SOL/USDT:USDT,184.74,345.36,184.73,361.5,184.75,397.23,184.76,509.23
1753769348809,06:09:08.809,okx,SOL/USDT:USDT,184.74,356.18,184.73,361.5,184.75,390.96,184.76,509.23
1753769348909,06:09:08.909,okx,SOL/USDT:USDT,184.74,397.85,184.73,347.18,184.75,391.38,184.76,533.1
1753769349009,06:09:09.009,okx,SOL/USDT:USDT,184.74,418.14,184.73,385.37,184.75,375.38,184.76,509.23
1753769349209,06:09:09.209,okx,SOL/USDT:USDT,184.74,464.8,184.73,492.43,184.75,375.08,184.76,461.69
1753769349309,06:09:09.309,okx,SOL/USDT:USDT,184.74,470.27,184.73,486.96,184.75,371.98,184.76,461.69
1753769349409,06:09:09.409,okx,SOL/USDT:USDT,184.74,583.84,184.73,479.1,184.75,194.33,184.76,394.85
1753769349509,06:09:09.509,okx,SOL/USDT:USDT,184.74,795.45,184.73,479.1,184.75,194.65,184.76,394.85
1753769349609,06:09:09.609,okx,SOL/USDT:USDT,184.74,789.97,184.73,479.1,184.75,194.65,184.76,394.85
1753769349809,06:09:09.809,okx,SOL/USDT:USDT,184.74,502.83,184.73,382.3,184.75,282.32,184.76,394.85
1753769349909,06:09:09.909,okx,SOL/USDT:USDT,184.74,478.71,184.73,343.71,184.75,282.68,184.76,394.85
1753769350009,06:09:10.009,okx,SOL/USDT:USDT,184.74,529.93,184.73,382.3,184.75,337.76,184.76,394.85
1753769350109,06:09:10.109,okx,SOL/USDT:USDT,184.74,515.91,184.73,367.83,184.75,249.94,184.76,394.85
1753769350209,06:09:10.209,okx,SOL/USDT:USDT,184.74,524.48,184.73,488.55,184.75,226.01,184.76,394.85
1753769350509,06:09:10.509,okx,SOL/USDT:USDT,184.74,710.11,184.73,447.28,184.75,219.76,184.76,394.85
1753769350609,06:09:10.609,okx,SOL/USDT:USDT,184.74,703.05,184.73,341.03,184.75,219.76,184.76,394.85
1753769350809,06:09:10.809,okx,SOL/USDT:USDT,184.74,517.75,184.73,341.01,184.75,220.29,184.76,404.31
1753769350909,06:09:10.909,okx,SOL/USDT:USDT,184.74,523.22,184.73,378.37,184.75,219.93,184.76,404.31
1753769351009,06:09:11.009,okx,SOL/USDT:USDT,184.74,546.57,184.73,378.39,184.75,219.93,184.76,404.31
1753769351209,06:09:11.209,okx,SOL/USDT:USDT,184.74,598.37,184.73,486.27,184.75,57.64,184.76,265.96
1753769351309,06:09:11.309,okx,SOL/USDT:USDT,184.74,780.37,184.73,486.27,184.75,52.75,184.76,265.96
1753769351509,06:09:11.509,okx,SOL/USDT:USDT,184.74,781.18,184.73,486.27,184.75,52.8,184.76,178.1
1753769351609,06:09:11.609,okx,SOL/USDT:USDT,184.74,781.18,184.73,486.27,184.75,52.85,184.76,178.1
1753769351709,06:09:11.709,okx,SOL/USDT:USDT,184.74,781.18,184.73,486.27,184.75,52.85,184.76,178.1
1753769351809,06:09:11.809,okx,SOL/USDT:USDT,184.74,743.82,184.73,486.27,184.75,52.85,184.76,178.1
1753769351909,06:09:11.909,okx,SOL/USDT:USDT,184.74,757.65,184.73,486.27,184.75,52.85,184.76,178.1
1753769352009,06:09:12.009,okx,SOL/USDT:USDT,184.74,781.78,184.73,486.27,184.75,53.42,184.76,113.2
1753769352209,06:09:12.209,okx,SOL/USDT:USDT,184.74,744.9,184.73,488.55,184.75,13.5,184.76,13.2
1753769352309,06:09:12.309,okx,SOL/USDT:USDT,184.74,744.9,184.73,487.5,184.75,13.52,184.76,13.2
1753769352409,06:09:12.409,okx,SOL/USDT:USDT,184.74,744.9,184.73,449.85,184.75,23.52,184.76,22.16
1753769352609,06:09:12.609,okx,SOL/USDT:USDT,184.74,816.98,184.73,489.23,184.75,24.16,184.76,2.28
1753769352709,06:09:12.709,okx,SOL/USDT:USDT,184.74,815.9,184.73,489.23,184.75,24.16,184.76,2.28
1753769352809,06:09:12.809,okx,SOL/USDT:USDT,184.74,832.55,184.73,489.23,184.75,24.32,184.76,2.28
1753769352909,06:09:12.909,okx,SOL/USDT:USDT,184.74,832.55,184.73,489.23,184.75,24.32,184.76,2.28
1753769353009,06:09:13.009,okx,SOL/USDT:USDT,184.74,832.55,184.73,489.23,184.75,24.32,184.76,2.28
1753769353109,06:09:13.109,okx,SOL/USDT:USDT,184.74,832.55,184.73,489.23,184.75,24.32,184.76,2.28
1753769353209,06:09:13.209,okx,SOL/USDT:USDT,184.74,832.55,184.73,489.23,184.75,24.32,184.76,2.28
1753769353309,06:09:13.309,okx,SOL/USDT:USDT,184.74,836.33,184.73,493.55,184.75,24.52,184.76,2.28
1753769353509,06:09:13.509,okx,SOL/USDT:USDT,184.74,828.24,184.73,469.91,184.75,12.2,184.76,103.08
1753769353609,06:09:13.609,okx,SOL/USDT:USDT,184.74,845.97,184.73,370.45,184.75,113.75,184.76,103.08
1753769353709,06:09:13.709,okx,SOL/USDT:USDT,184.74,845.97,184.73,453.57,184.75,25.91,184.76,103.08
1753769353809,06:09:13.809,okx,SOL/USDT:USDT,184.74,845.97,184.73,490.21,184.75,25.91,184.76,103.08
1753769353909,06:09:13.909,okx,SOL/USDT:USDT,184.74,845.97,184.73,490.21,184.75,25.91,184.76,103.08
1753769354009,06:09:14.009,okx,SOL/USDT:USDT,184.74,859.71,184.73,490.21,184.75,25.91,184.76,103.08
1753769354109,06:09:14.109,okx,SOL/USDT:USDT,184.74,882.61,184.73,490.21,184.75,25.91,184.76,103.08
1753769354209,06:09:14.209,okx,SOL/USDT:USDT,184.74,845.97,184.73,490.21,184.75,25.91,184.76,103.08
1753769354409,06:09:14.409,okx,SOL/USDT:USDT,184.74,845.97,184.73,490.21,184.75,26.06,184.76,103.08
1753769354609,06:09:14.609,okx,SOL/USDT:USDT,184.74,894.12,184.73,490.21,184.75,12.47,184.76,2.28
1753769354709,06:09:14.709,okx,SOL/USDT:USDT,184.74,895.2,184.73,490.21,184.75,26.12,184.76,2.28
1753769354909,06:09:14.909,okx,SOL/USDT:USDT,184.74,866.65,184.73,490.21,184.75,26.29,184.76,2.28
1753769355109,06:09:15.109,okx,SOL/USDT:USDT,184.75,1499.89,184.74,734.91,184.76,2.24,184.77,10.08
1753769355309,06:09:15.309,okx,SOL/USDT:USDT,184.75,1503.91,184.74,733.96,184.76,2.27,184.77,10.08
1753769355409,06:09:15.409,okx,SOL/USDT:USDT,184.75,1534.74,184.74,551.96,184.76,12.27,184.77,0.08
1753769355509,06:09:15.509,okx,SOL/USDT:USDT,184.75,1493.08,184.74,529.75,184.76,12.52,184.77,0.08
1753769355609,06:09:15.609,okx,SOL/USDT:USDT,184.75,1500.14,184.74,548.64,184.76,47.65,184.77,0.03
1753769355709,06:09:15.709,okx,SOL/USDT:USDT,184.75,1501.22,184.74,547.56,184.76,47.65,184.77,0.03
1753769355809,06:09:15.809,okx,SOL/USDT:USDT,184.75,1501.22,184.74,547.56,184.76,47.65,184.77,0.03
1753769356009,06:09:16.009,okx,SOL/USDT:USDT,184.75,1559.33,184.74,525.1,184.76,44.42,184.77,0.03
1753769356109,06:09:16.109,okx,SOL/USDT:USDT,184.75,1532.56,184.74,524.51,184.76,44.42,184.77,92.23
1753769356209,06:09:16.209,okx,SOL/USDT:USDT,184.75,1523.68,184.74,524.51,184.76,44.42,184.77,92.23
1753769356409,06:09:16.409,okx,SOL/USDT:USDT,184.75,1557.36,184.74,523.97,184.76,55.46,184.77,92.23
1753769356509,06:09:16.509,okx,SOL/USDT:USDT,184.75,1515.02,184.74,501.92,184.76,55.86,184.77,114.28
1753769356609,06:09:16.609,okx,SOL/USDT:USDT,184.75,1522.08,184.74,488.69,184.76,55.5,184.77,92.23
1753769356709,06:09:16.709,okx,SOL/USDT:USDT,184.75,1522.08,184.74,501.92,184.76,55.5,184.77,92.33
1753769356809,06:09:16.809,okx,SOL/USDT:USDT,184.75,1535.31,184.74,523.97,184.76,55.5,184.77,92.33
1753769356909,06:09:16.909,okx,SOL/USDT:USDT,184.75,1557.36,184.74,523.97,184.76,55.66,184.77,92.33
1753769357009,06:09:17.009,okx,SOL/USDT:USDT,184.75,1557.36,184.74,523.97,184.76,55.66,184.77,92.33
1753769357109,06:09:17.109,okx,SOL/USDT:USDT,184.75,1557.36,184.74,523.97,184.76,55.66,184.77,92.33
1753769357209,06:09:17.209,okx,SOL/USDT:USDT,184.75,1560.07,184.74,524.51,184.76,9.71,184.77,92.33
1753769357309,06:09:17.309,okx,SOL/USDT:USDT,184.75,1502.59,184.74,502.46,184.76,9.76,184.77,92.33
1753769357509,06:09:17.509,okx,SOL/USDT:USDT,184.75,1509.53,184.74,523.45,184.76,9.82,184.77,92.33
1753769357609,06:09:17.609,okx,SOL/USDT:USDT,184.75,1509.53,184.74,489.23,184.76,9.88,184.77,92.33
1753769357709,06:09:17.709,okx,SOL/USDT:USDT,184.75,1506.82,184.74,523.45,184.76,9.88,184.77,92.33
1753769357809,06:09:17.809,okx,SOL/USDT:USDT,184.75,1507.12,184.74,510.32,184.76,9.88,184.77,92.33
1753769357909,06:09:17.909,okx,SOL/USDT:USDT,184.75,1507.12,184.74,510.32,184.76,6.84,184.77,92.33
1753769358009,06:09:18.009,okx,SOL/USDT:USDT,184.75,1502.77,184.74,510.32,184.76,6.84,184.77,92.33
1753769358109,06:09:18.109,okx,SOL/USDT:USDT,184.75,1502.77,184.74,510.32,184.76,6.84,184.77,92.33
1753769358209,06:09:18.209,okx,SOL/USDT:USDT,184.75,1502.77,184.74,510.32,184.76,6.84,184.77,92.33
1753769358309,06:09:18.309,okx,SOL/USDT:USDT,184.75,1502.77,184.74,488.93,184.76,6.84,184.77,92.33
1753769358409,06:09:18.409,okx,SOL/USDT:USDT,184.75,1503.98,184.74,501.55,184.76,6.84,184.77,92.33
1753769358509,06:09:18.509,okx,SOL/USDT:USDT,184.75,1503.98,184.74,501.55,184.76,6.84,184.77,92.33
1753769358609,06:09:18.609,okx,SOL/USDT:USDT,184.75,1501.27,184.74,485.06,184.76,42.02,184.77,113.36
1753769358709,06:09:18.709,okx,SOL/USDT:USDT,184.75,1513.89,184.74,518.71,184.76,42.02,184.77,92.33
1753769358809,06:09:18.809,okx,SOL/USDT:USDT,184.75,1534.92,184.74,518.71,184.76,6.89,184.77,92.33
1753769358909,06:09:18.909,okx,SOL/USDT:USDT,184.75,1550.76,184.74,518.71,184.76,7.04,184.77,92.33
1753769359009,06:09:19.009,okx,SOL/USDT:USDT,184.75,1543.7,184.74,518.71,184.76,7.04,184.77,92.33
1753769359109,06:09:19.109,okx,SOL/USDT:USDT,184.75,1510.05,184.74,518.71,184.76,7.04,184.77,92.33
1753769359209,06:09:19.209,okx,SOL/USDT:USDT,184.75,1507.34,184.74,485.06,184.76,54.39,184.77,113.36
1753769359309,06:09:19.309,okx,SOL/USDT:USDT,184.75,1401.9,184.74,484.52,184.76,130.86,184.77,135.4
1753769359409,06:09:19.409,okx,SOL/USDT:USDT,184.75,1392.89,184.74,448.31,184.76,11.09,184.77,0.13
1753769359709,06:09:19.709,okx,SOL/USDT:USDT,184.76,1273.54,184.75,788.91,184.77,286.41,184.78,383.42
1753769359809,06:09:19.809,okx,SOL/USDT:USDT,184.76,1280.6,184.75,786.83,184.77,172.49,184.78,361.62
1753769359909,06:09:19.909,okx,SOL/USDT:USDT,184.78,1394.37,184.77,1032.83,184.79,11.07,184.8,86.8
1753769360209,06:09:20.209,okx,SOL/USDT:USDT,184.78,1406.09,184.77,912.56,184.79,11.4,184.8,85.87
1753769360409,06:09:20.409,okx,SOL/USDT:USDT,184.78,1243.06,184.77,893.5,184.79,11.4,184.8,85.87
1753769360709,06:09:20.709,okx,SOL/USDT:USDT,184.79,1520.79,184.78,727.46,184.8,30.34,184.81,0.64
1753769360809,06:09:20.809,okx,SOL/USDT:USDT,184.79,1566.97,184.78,747.88,184.8,30.34,184.81,0.64
1753769360909,06:09:20.909,okx,SOL/USDT:USDT,184.79,1540.64,184.78,745.91,184.8,30.34,184.81,0.64
1753769361009,06:09:21.009,okx,SOL/USDT:USDT,184.81,1124.05,184.8,1107.52,184.82,10.13,184.83,55.96
1753769361109,06:09:21.109,okx,SOL/USDT:USDT,184.81,1134.7,184.8,1121.04,184.82,10.13,184.83,55.96
1753769361309,06:09:21.309,okx,SOL/USDT:USDT,184.83,1044.75,184.82,508.65,184.84,291.36,184.85,424.76
1753769361509,06:09:21.509,okx,SOL/USDT:USDT,184.83,1071.11,184.82,409.09,184.84,291.36,184.85,424.76
1753769361609,06:09:21.609,okx,SOL/USDT:USDT,184.83,1073.7,184.82,406.5,184.84,291.59,184.85,424.76
1753769361709,06:09:21.709,okx,SOL/USDT:USDT,184.83,1073.7,184.82,406.5,184.84,291.59,184.85,424.76
1753769361909,06:09:21.909,okx,SOL/USDT:USDT,184.83,647.7,184.82,349.13,184.84,452.99,184.85,456.43
1753769362009,06:09:22.009,okx,SOL/USDT:USDT,184.83,637.47,184.82,349.13,184.84,441.11,184.85,456.43
1753769362109,06:09:22.109,okx,SOL/USDT:USDT,184.83,657.27,184.82,368.92,184.84,432.88,184.85,424.36
1753769362209,06:09:22.209,okx,SOL/USDT:USDT,184.83,657.27,184.82,368.92,184.84,432.88,184.85,424.36
1753769362309,06:09:22.309,okx,SOL/USDT:USDT,184.83,648.09,184.82,368.92,184.84,436.84,184.85,436.42
1753769362409,06:09:22.409,okx,SOL/USDT:USDT,184.83,648.09,184.82,368.92,184.84,436.84,184.85,436.42
1753769362509,06:09:22.509,okx,SOL/USDT:USDT,184.83,648.09,184.82,368.92,184.84,437.16,184.85,436.42
1753769362609,06:09:22.609,okx,SOL/USDT:USDT,184.83,657.55,184.82,368.92,184.84,433.2,184.85,436.42
1753769362709,06:09:22.709,okx,SOL/USDT:USDT,184.83,657.55,184.82,349.13,184.84,445.26,184.85,456.52
1753769362809,06:09:22.809,okx,SOL/USDT:USDT,184.83,652.08,184.82,349.13,184.84,452.48,184.85,456.52
1753769362909,06:09:22.909,okx,SOL/USDT:USDT,184.83,637.27,184.82,369.23,184.84,433.36,184.85,436.42
1753769363009,06:09:23.009,okx,SOL/USDT:USDT,184.83,839.37,184.82,381.29,184.84,431.99,184.85,424.36
1753769363109,06:09:23.109,okx,SOL/USDT:USDT,184.83,839.37,184.82,381.29,184.84,431.99,184.85,424.36
1753769363209,06:09:23.209,okx,SOL/USDT:USDT,184.83,639.62,184.82,369.23,184.84,431.99,184.85,436.22
1753769363309,06:09:23.309,okx,SOL/USDT:USDT,184.83,659.75,184.82,369.23,184.84,431.99,184.85,424.36
1753769363409,06:09:23.409,okx,SOL/USDT:USDT,184.83,693.75,184.82,381.09,184.84,406.62,184.85,424.46
1753769363509,06:09:23.509,okx,SOL/USDT:USDT,184.83,693.75,184.82,381.09,184.84,406.67,184.85,424.46
1753769363609,06:09:23.609,okx,SOL/USDT:USDT,184.83,643.33,184.82,349.14,184.84,406.67,184.85,456.09
1753769363709,06:09:23.709,okx,SOL/USDT:USDT,184.83,643.33,184.82,380.69,184.84,406.67,184.85,424.46
1753769363809,06:09:23.809,okx,SOL/USDT:USDT,184.83,616.03,184.82,349.14,184.84,477.71,184.85,455.91
1753769363909,06:09:23.909,okx,SOL/USDT:USDT,184.83,616.03,184.82,349.14,184.84,463.72,184.85,455.91
1753769364009,06:09:24.009,okx,SOL/USDT:USDT,184.83,616.39,184.82,380.69,184.84,431.54,184.85,424.36
1753769364109,06:09:24.109,okx,SOL/USDT:USDT,184.83,659.29,184.82,380.69,184.84,431.55,184.85,424.36
1753769364209,06:09:24.209,okx,SOL/USDT:USDT,184.83,632.71,184.82,368.96,184.84,431.63,184.85,424.36
1753769364309,06:09:24.309,okx,SOL/USDT:USDT,184.83,632.71,184.82,368.96,184.84,431.63,184.85,436.19
1753769364409,06:09:24.409,okx,SOL/USDT:USDT,184.83,632.71,184.82,368.96,184.84,428.75,184.85,436.19
1753769364509,06:09:24.509,okx,SOL/USDT:USDT,184.83,632.71,184.82,368.96,184.84,429.15,184.85,455.91
1753769364609,06:09:24.609,okx,SOL/USDT:USDT,184.83,493.82,184.82,329.53,184.84,452.37,184.85,455.91
1753769364909,06:09:24.909,okx,SOL/USDT:USDT,184.83,353.61,184.82,361.06,184.84,436.38,184.85,424.36
1753769365009,06:09:25.009,okx,SOL/USDT:USDT,184.83,353.61,184.82,361.06,184.84,414.44,184.85,444.08
1753769365309,06:09:25.309,okx,SOL/USDT:USDT,184.83,556.64,184.82,361.06,184.84,409.03,184.85,424.36
1753769365509,06:09:25.509,okx,SOL/USDT:USDT,184.83,573.99,184.82,361.08,184.84,409.41,184.85,424.36
1753769365709,06:09:25.709,okx,SOL/USDT:USDT,184.83,163.83,184.82,329.51,184.84,492.71,184.85,455.91
1753769365809,06:09:25.809,okx,SOL/USDT:USDT,184.83,251.69,184.82,329.51,184.84,469.39,184.85,455.91
1753769365909,06:09:25.909,okx,SOL/USDT:USDT,184.83,251.69,184.82,341.34,184.84,444.9,184.85,455.91
1753769366109,06:09:26.109,okx,SOL/USDT:USDT,184.83,251.69,184.82,329.51,184.84,464.03,184.85,455.91
1753769366209,06:09:26.209,okx,SOL/USDT:USDT,184.83,163.83,184.82,329.51,184.84,483.23,184.85,455.9
1753769366309,06:09:26.309,okx,SOL/USDT:USDT,184.8,167.0,184.79,357.5,184.81,915.18,184.82,641.29
1753769366409,06:09:26.409,okx,SOL/USDT:USDT,184.79,364.15,184.78,412.18,184.8,696.36,184.81,669.75
1753769366709,06:09:26.709,okx,SOL/USDT:USDT,184.79,394.5,184.78,414.31,184.8,662.77,184.81,628.26
1753769367009,06:09:27.009,okx,SOL/USDT:USDT,184.79,727.19,184.78,598.95,184.8,32.53,184.81,403.75
1753769367109,06:09:27.109,okx,SOL/USDT:USDT,184.79,727.28,184.78,599.98,184.8,52.73,184.81,434.27
1753769367209,06:09:27.209,okx,SOL/USDT:USDT,184.79,727.28,184.78,599.98,184.8,52.73,184.81,434.27
1753769367309,06:09:27.309,okx,SOL/USDT:USDT,184.79,538.22,184.78,541.19,184.8,311.0,184.81,436.07
1753769367409,06:09:27.409,okx,SOL/USDT:USDT,184.79,501.45,184.78,541.19,184.8,339.0,184.81,436.07
1753769367509,06:09:27.509,okx,SOL/USDT:USDT,184.79,501.45,184.78,541.19,184.8,339.37,184.81,436.07
1753769367609,06:09:27.609,okx,SOL/USDT:USDT,184.79,501.45,184.78,541.19,184.8,339.37,184.81,436.07
1753769368109,06:09:28.109,okx,SOL/USDT:USDT,184.79,234.23,184.78,441.61,184.8,488.01,184.81,476.68
1753769368209,06:09:28.209,okx,SOL/USDT:USDT,184.79,239.69,184.78,441.61,184.8,480.99,184.81,476.68
1753769368309,06:09:28.309,okx,SOL/USDT:USDT,184.77,49.87,184.76,269.42,184.78,836.22,184.79,877.69
1753769368409,06:09:28.409,okx,SOL/USDT:USDT,184.76,184.08,184.75,304.34,184.77,914.02,184.78,795.28
1753769368909,06:09:28.909,okx,SOL/USDT:USDT,184.76,273.3,184.75,311.53,184.77,880.96,184.78,670.0
1753769369009,06:09:29.009,okx,SOL/USDT:USDT,184.76,257.18,184.75,311.53,184.77,880.96,184.78,670.0
1753769369109,06:09:29.109,okx,SOL/USDT:USDT,184.76,305.52,184.75,357.25,184.77,571.28,184.78,656.81
1753769369209,06:09:29.209,okx,SOL/USDT:USDT,184.76,650.49,184.75,370.44,184.77,560.75,184.78,634.83
1753769369309,06:09:29.309,okx,SOL/USDT:USDT,184.76,650.5,184.75,370.46,184.77,520.06,184.78,549.33
1753769369509,06:09:29.509,okx,SOL/USDT:USDT,184.76,391.42,184.75,351.8,184.77,503.66,184.78,574.84
1753769369609,06:09:29.609,okx,SOL/USDT:USDT,184.76,396.89,184.75,364.97,184.77,481.68,184.78,574.84
1753769369809,06:09:29.809,okx,SOL/USDT:USDT,184.76,437.43,184.75,364.97,184.77,481.68,184.78,574.84
1753769369909,06:09:29.909,okx,SOL/USDT:USDT,184.76,417.18,184.75,364.97,184.77,481.68,184.78,574.84
1753769370009,06:09:30.009,okx,SOL/USDT:USDT,184.76,428.0,184.75,364.97,184.77,481.68,184.78,574.84
1753769370209,06:09:30.209,okx,SOL/USDT:USDT,184.76,630.25,184.75,364.97,184.77,481.68,184.78,552.86
1753769370309,06:09:30.309,okx,SOL/USDT:USDT,184.76,630.25,184.75,364.99,184.77,481.68,184.78,552.86
1753769370409,06:09:30.409,okx,SOL/USDT:USDT,184.76,630.25,184.75,431.84,184.77,466.28,184.78,552.86
1753769370509,06:09:30.509,okx,SOL/USDT:USDT,184.76,630.25,184.75,409.86,184.77,466.6,184.78,552.86
1753769370709,06:09:30.709,okx,SOL/USDT:USDT,184.76,630.25,184.75,409.86,184.77,466.6,184.78,574.84
1753769370809,06:09:30.809,okx,SOL/USDT:USDT,184.76,428.0,184.75,351.8,184.77,488.58,184.78,574.84
1753769371109,06:09:31.109,okx,SOL/USDT:USDT,184.76,203.34,184.75,241.25,184.77,519.41,184.78,583.95
1753769371209,06:09:31.209,okx,SOL/USDT:USDT,184.76,187.22,184.75,241.25,184.77,561.3,184.78,583.96
1753769371309,06:09:31.309,okx,SOL/USDT:USDT,184.76,304.7,184.75,315.45,184.77,462.08,184.78,543.31
1753769371409,06:09:31.409,okx,SOL/USDT:USDT,184.76,293.88,184.75,241.25,184.77,488.25,184.78,578.48
1753769371609,06:09:31.609,okx,SOL/USDT:USDT,184.76,293.88,184.75,241.25,184.77,555.29,184.78,578.49
1753769371709,06:09:31.709,okx,SOL/USDT:USDT,184.76,30.71,184.75,241.25,184.77,555.29,184.78,578.49
1753769371809,06:09:31.809,okx,SOL/USDT:USDT,184.76,2.82,184.75,134.02,184.77,555.29,184.78,579.03
1753769371909,06:09:31.909,okx,SOL/USDT:USDT,184.76,2.82,184.75,134.02,184.77,555.29,184.78,579.03
1753769372009,06:09:32.009,okx,SOL/USDT:USDT,184.76,2.67,184.75,134.02,184.77,555.29,184.78,579.03
1753769372309,06:09:32.309,okx,SOL/USDT:USDT,184.74,10.38,184.73,554.94,184.75,775.61,184.76,694.46
1753769372609,06:09:32.609,okx,SOL/USDT:USDT,184.74,240.11,184.73,153.45,184.75,921.48,184.76,678.34
1753769372809,06:09:32.809,okx,SOL/USDT:USDT,184.74,255.62,184.73,201.95,184.75,924.26,184.76,670.25
1753769372909,06:09:32.909,okx,SOL/USDT:USDT,184.74,147.25,184.73,229.47,184.75,909.94,184.76,670.25
1753769373009,06:09:33.009,okx,SOL/USDT:USDT,184.74,194.36,184.73,229.47,184.75,771.84,184.76,650.64
1753769373109,06:09:33.109,okx,SOL/USDT:USDT,184.74,191.73,184.73,278.0,184.75,787.97,184.76,669.6
1753769373209,06:09:33.209,okx,SOL/USDT:USDT,184.74,210.56,184.73,313.83,184.75,761.35,184.76,638.12
1753769373309,06:09:33.309,okx,SOL/USDT:USDT,184.74,207.69,184.73,238.23,184.75,766.52,184.76,669.5
1753769373409,06:09:33.409,okx,SOL/USDT:USDT,184.74,207.69,184.73,238.23,184.75,788.2,184.76,669.5
1753769373509,06:09:33.509,okx,SOL/USDT:USDT,184.74,191.25,184.73,229.47,184.75,774.42,184.76,669.5
1753769373609,06:09:33.609,okx,SOL/USDT:USDT,184.74,191.25,184.73,229.47,184.75,755.42,184.76,669.5
1753769373709,06:09:33.709,okx,SOL/USDT:USDT,184.74,191.25,184.73,229.47,184.75,755.42,184.76,669.5
1753769373809,06:09:33.809,okx,SOL/USDT:USDT,184.74,193.96,184.73,305.35,184.75,755.42,184.76,656.25
1753769373909,06:09:33.909,okx,SOL/USDT:USDT,184.74,191.25,184.73,305.35,184.75,755.42,184.76,667.13
1753769374009,06:09:34.009,okx,SOL/USDT:USDT,184.74,191.2,184.73,229.47,184.75,755.42,184.76,667.13
1753769374109,06:09:34.109,okx,SOL/USDT:USDT,184.74,191.2,184.73,229.47,184.75,784.43,184.76,667.13
1753769374909,06:09:34.909,okx,SOL/USDT:USDT,184.74,9.3,184.73,75.18,184.75,813.5,184.76,852.76
1753769375009,06:09:35.009,okx,SOL/USDT:USDT,184.74,9.3,184.73,75.18,184.75,813.5,184.76,852.76
1753769375209,06:09:35.209,okx,SOL/USDT:USDT,184.74,9.3,184.73,75.18,184.75,813.65,184.76,852.76
1753769375309,06:09:35.309,okx,SOL/USDT:USDT,184.74,9.14,184.73,75.18,184.75,843.3,184.76,858.42
1753769375409,06:09:35.409,okx,SOL/USDT:USDT,184.74,9.14,184.73,75.18,184.75,843.84,184.76,859.5
1753769375509,06:09:35.509,okx,SOL/USDT:USDT,184.74,8.82,184.73,75.18,184.75,843.84,184.76,859.5
1753769375909,06:09:35.909,okx,SOL/USDT:USDT,184.74,7.16,184.73,32.96,184.75,845.66,184.76,858.49
1753769376009,06:09:36.009,okx,SOL/USDT:USDT,184.73,5.91,184.72,116.3,184.74,1065.54,184.75,580.52
1753769376109,06:09:36.109,okx,SOL/USDT:USDT,184.73,57.34,184.72,147.21,184.74,1060.42,184.75,563.23
1753769376309,06:09:36.309,okx,SOL/USDT:USDT,184.73,213.15,184.72,402.08,184.74,1063.99,184.75,601.02
1753769376409,06:09:36.409,okx,SOL/USDT:USDT,184.73,213.15,184.72,402.08,184.74,1074.64,184.75,599.46
1753769376509,06:09:36.509,okx,SOL/USDT:USDT,184.73,168.43,184.72,402.08,184.74,1089.73,184.75,599.46
1753769376609,06:09:36.609,okx,SOL/USDT:USDT,184.73,168.43,184.72,220.08,184.74,1074.31,184.75,599.46
1753769376709,06:09:36.709,okx,SOL/USDT:USDT,184.73,212.02,184.72,220.08,184.74,1074.92,184.75,596.32
1753769376909,06:09:36.909,okx,SOL/USDT:USDT,184.73,163.2,184.72,220.08,184.74,1074.89,184.75,596.32
1753769377009,06:09:37.009,okx,SOL/USDT:USDT,184.73,207.6,184.72,220.08,184.74,1062.13,184.75,596.32
1753769377109,06:09:37.109,okx,SOL/USDT:USDT,184.73,163.28,184.72,220.08,184.74,1070.84,184.75,596.32
1753769377409,06:09:37.409,okx,SOL/USDT:USDT,184.72,406.47,184.71,222.54,184.73,722.06,184.74,678.55
1753769377509,06:09:37.509,okx,SOL/USDT:USDT,184.72,406.47,184.71,219.13,184.73,682.69,184.74,638.48
1753769377609,06:09:37.609,okx,SOL/USDT:USDT,184.72,368.48,184.71,403.82,184.73,630.11,184.74,636.99
1753769377709,06:09:37.709,okx,SOL/USDT:USDT,184.72,368.48,184.71,403.82,184.73,560.61,184.74,624.18
1753769378009,06:09:38.009,okx,SOL/USDT:USDT,184.72,388.73,184.71,381.54,184.73,509.84,184.74,618.87
1753769378109,06:09:38.109,okx,SOL/USDT:USDT,184.72,413.04,184.71,403.38,184.73,509.03,184.74,618.87
1753769378209,06:09:38.209,okx,SOL/USDT:USDT,184.72,471.05,184.71,379.22,184.73,416.11,184.74,503.42
1753769378309,06:09:38.309,okx,SOL/USDT:USDT,184.72,467.75,184.71,379.22,184.73,432.59,184.74,503.42
1753769378509,06:09:38.509,okx,SOL/USDT:USDT,184.72,460.7,184.71,379.22,184.73,434.13,184.74,503.42
1753769379409,06:09:39.409,okx,SOL/USDT:USDT,184.72,108.55,184.71,206.29,184.73,536.86,184.74,528.99
1753769379709,06:09:39.709,okx,SOL/USDT:USDT,184.7,306.41,184.69,149.91,184.71,816.17,184.72,657.15
1753769380009,06:09:40.009,okx,SOL/USDT:USDT,184.7,263.43,184.69,201.45,184.71,801.02,184.72,641.48
1753769380309,06:09:40.309,okx,SOL/USDT:USDT,184.7,263.43,184.69,201.05,184.71,777.56,184.72,640.59
1753769380409,06:09:40.409,okx,SOL/USDT:USDT,184.7,263.43,184.69,201.05,184.71,777.56,184.72,649.61
1753769380509,06:09:40.509,okx,SOL/USDT:USDT,184.7,263.04,184.69,201.05,184.71,792.15,184.72,640.59
1753769380609,06:09:40.609,okx,SOL/USDT:USDT,184.7,324.34,184.69,209.68,184.71,776.31,184.72,625.56
1753769380709,06:09:40.709,okx,SOL/USDT:USDT,184.7,246.98,184.69,201.05,184.71,727.38,184.72,649.9
1753769381409,06:09:41.409,okx,SOL/USDT:USDT,184.7,612.59,184.69,586.91,184.71,375.92,184.72,464.17
1753769381509,06:09:41.509,okx,SOL/USDT:USDT,184.7,579.26,184.69,465.94,184.71,321.02,184.72,463.79
1753769381709,06:09:41.709,okx,SOL/USDT:USDT,184.7,579.26,184.69,465.94,184.71,332.27,184.72,438.07
1753769381909,06:09:41.909,okx,SOL/USDT:USDT,184.7,564.66,184.69,465.94,184.71,327.26,184.72,438.07
1753769382009,06:09:42.009,okx,SOL/USDT:USDT,184.7,494.52,184.69,465.92,184.71,385.03,184.72,462.64
1753769382509,06:09:42.509,okx,SOL/USDT:USDT,184.69,364.3,184.68,223.68,184.7,623.38,184.71,534.31
1753769382709,06:09:42.709,okx,SOL/USDT:USDT,184.69,364.3,184.68,223.68,184.7,643.18,184.71,533.94
1753769382909,06:09:42.909,okx,SOL/USDT:USDT,184.69,364.3,184.68,223.68,184.7,655.94,184.71,533.86
1753769383009,06:09:43.009,okx,SOL/USDT:USDT,184.69,311.58,184.68,170.21,184.7,636.24,184.71,561.38
1753769383209,06:09:43.209,okx,SOL/USDT:USDT,184.69,311.5,184.68,170.21,184.7,616.73,184.71,561.38
1753769383709,06:09:43.709,okx,SOL/USDT:USDT,184.69,450.7,184.68,205.8,184.7,591.92,184.71,540.58
1753769383909,06:09:43.909,okx,SOL/USDT:USDT,184.69,489.79,184.68,233.69,184.7,534.13,184.71,434.79
1753769384009,06:09:44.009,okx,SOL/USDT:USDT,184.69,439.26,184.68,216.26,184.7,354.07,184.71,434.69
1753769384109,06:09:44.109,okx,SOL/USDT:USDT,184.69,648.38,184.68,360.08,184.7,242.57,184.71,357.99
1753769384209,06:09:44.209,okx,SOL/USDT:USDT,184.69,684.43,184.68,350.83,184.7,192.94,184.71,265.79
1753769384309,06:09:44.309,okx,SOL/USDT:USDT,184.69,755.95,184.68,350.83,184.7,236.83,184.71,273.89
1753769384709,06:09:44.709,okx,SOL/USDT:USDT,184.69,745.97,184.68,350.07,184.7,92.22,184.71,273.89
1753769384809,06:09:44.809,okx,SOL/USDT:USDT,184.69,731.4,184.68,349.61,184.7,92.39,184.71,273.89
1753769385009,06:09:45.009,okx,SOL/USDT:USDT,184.69,744.89,184.68,349.34,184.7,92.39,184.71,273.89
1753769385109,06:09:45.109,okx,SOL/USDT:USDT,184.69,744.89,184.68,349.12,184.7,92.14,184.71,273.89
1753769385309,06:09:45.309,okx,SOL/USDT:USDT,184.69,744.65,184.68,348.65,184.7,92.14,184.71,273.89
1753769385409,06:09:45.409,okx,SOL/USDT:USDT,184.69,744.65,184.68,348.65,184.7,92.13,184.71,273.89
1753769385509,06:09:45.509,okx,SOL/USDT:USDT,184.69,729.6,184.68,348.65,184.7,92.19,184.71,282.92
1753769385709,06:09:45.709,okx,SOL/USDT:USDT,184.69,744.65,184.68,347.5,184.7,92.18,184.71,273.89
1753769385809,06:09:45.809,okx,SOL/USDT:USDT,184.69,729.6,184.68,323.42,184.7,92.38,184.71,282.92
1753769385909,06:09:45.909,okx,SOL/USDT:USDT,184.69,729.6,184.68,323.42,184.7,90.51,184.71,282.92
1753769386109,06:09:46.109,okx,SOL/USDT:USDT,184.69,713.77,184.68,323.42,184.7,134.0,184.71,282.64
1753769386709,06:09:46.709,okx,SOL/USDT:USDT,184.69,426.28,184.68,222.4,184.7,289.65,184.71,273.94
1753769386809,06:09:46.809,okx,SOL/USDT:USDT,184.69,419.22,184.68,222.4,184.7,314.27,184.71,288.58
1753769387009,06:09:47.009,okx,SOL/USDT:USDT,184.69,621.52,184.68,222.4,184.7,291.13,184.71,298.4
1753769387109,06:09:47.109,okx,SOL/USDT:USDT,184.69,417.86,184.68,222.42,184.7,301.14,184.71,298.4
1753769387309,06:09:47.309,okx,SOL/USDT:USDT,184.69,426.22,184.68,222.4,184.7,326.92,184.71,273.66
1753769387509,06:09:47.509,okx,SOL/USDT:USDT,184.69,242.34,184.68,216.4,184.7,470.9,184.71,287.91
1753769387809,06:09:47.809,okx,SOL/USDT:USDT,184.69,428.47,184.68,312.49,184.7,290.03,184.71,264.88
1753769388009,06:09:48.009,okx,SOL/USDT:USDT,184.69,448.79,184.68,298.24,184.7,269.02,184.71,274.31
1753769388209,06:09:48.209,okx,SOL/USDT:USDT,184.69,493.76,184.68,498.72,184.7,78.93,184.71,263.49
1753769388409,06:09:48.409,okx,SOL/USDT:USDT,184.69,480.96,184.68,315.65,184.7,79.18,184.71,208.05
1753769388509,06:09:48.509,okx,SOL/USDT:USDT,184.69,492.45,184.68,329.53,184.7,79.18,184.71,208.05
1753769388709,06:09:48.709,okx,SOL/USDT:USDT,184.69,472.95,184.68,320.98,184.7,79.3,184.71,208.05
1753769389009,06:09:49.009,okx,SOL/USDT:USDT,184.69,471.87,184.68,307.1,184.7,167.33,184.71,216.38
1753769389109,06:09:49.109,okx,SOL/USDT:USDT,184.69,471.87,184.68,307.1,184.7,167.32,184.71,216.38
1753769389209,06:09:49.209,okx,SOL/USDT:USDT,184.69,471.7,184.68,307.1,184.7,167.95,184.71,216.38
1753769389309,06:09:49.309,okx,SOL/USDT:USDT,184.69,471.7,184.68,307.1,184.7,168.05,184.71,216.17
1753769389409,06:09:49.409,okx,SOL/USDT:USDT,184.69,471.7,184.68,320.63,184.7,148.02,184.71,208.05
1753769389509,06:09:49.509,okx,SOL/USDT:USDT,184.69,485.23,184.68,321.44,184.7,80.22,184.71,208.05
1753769389609,06:09:49.609,okx,SOL/USDT:USDT,184.69,487.16,184.68,329.56,184.7,80.22,184.71,180.53
1753769389709,06:09:49.709,okx,SOL/USDT:USDT,184.69,496.36,184.68,329.56,184.7,80.22,184.71,84.76
1753769390109,06:09:50.109,okx,SOL/USDT:USDT,184.71,1689.44,184.7,677.48,184.72,10.03,184.73,0.73
1753769390209,06:09:50.209,okx,SOL/USDT:USDT,184.71,1395.32,184.7,911.72,184.72,98.48,184.73,10.81
1753769390409,06:09:50.409,okx,SOL/USDT:USDT,184.71,1421.81,184.7,868.44,184.72,100.19,184.73,103.01
1753769390509,06:09:50.509,okx,SOL/USDT:USDT,184.71,1449.43,184.7,890.44,184.72,99.6,184.73,103.01
1753769390609,06:09:50.609,okx,SOL/USDT:USDT,184.71,1555.11,184.7,793.82,184.72,11.74,184.73,10.81
1753769391009,06:09:51.009,okx,SOL/USDT:USDT,184.71,1572.08,184.7,794.36,184.72,11.9,184.73,0.73
1753769391209,06:09:51.209,okx,SOL/USDT:USDT,184.71,1572.1,184.7,794.36,184.72,11.9,184.73,0.73
1753769391309,06:09:51.309,okx,SOL/USDT:USDT,184.71,1474.65,184.7,891.8,184.72,12.32,184.73,0.73
1753769391509,06:09:51.509,okx,SOL/USDT:USDT,184.71,1294.62,184.7,771.82,184.72,56.2,184.73,102.21
1753769391609,06:09:51.609,okx,SOL/USDT:USDT,184.71,1294.62,184.7,771.82,184.72,66.43,184.73,102.21
1753769391809,06:09:51.809,okx,SOL/USDT:USDT,184.71,1278.73,184.7,768.15,184.72,221.87,184.73,202.21
1753769391909,06:09:51.909,okx,SOL/USDT:USDT,184.71,1282.17,184.7,768.15,184.72,221.87,184.73,202.21
1753769392009,06:09:52.009,okx,SOL/USDT:USDT,184.71,1239.15,184.7,605.73,184.72,260.11,184.73,192.93
1753769392109,06:09:52.109,okx,SOL/USDT:USDT,184.71,1217.72,184.7,605.73,184.72,379.85,184.73,192.93
1753769392509,06:09:52.509,okx,SOL/USDT:USDT,184.71,25.36,184.7,281.3,184.72,533.44,184.73,344.5
1753769392609,06:09:52.609,okx,SOL/USDT:USDT,184.71,25.53,184.7,334.99,184.72,534.25,184.73,289.09
1753769392709,06:09:52.709,okx,SOL/USDT:USDT,184.71,25.53,184.7,334.99,184.72,534.25,184.73,289.09
1753769392809,06:09:52.809,okx,SOL/USDT:USDT,184.7,81.21,184.69,287.23,184.71,936.03,184.72,455.21
1753769392909,06:09:52.909,okx,SOL/USDT:USDT,184.69,187.49,184.68,262.34,184.7,1011.6,184.71,621.18
1753769393109,06:09:53.109,okx,SOL/USDT:USDT,184.68,5.33,184.67,107.31,184.69,763.43,184.7,645.64
1753769393209,06:09:53.209,okx,SOL/USDT:USDT,184.67,88.8,184.66,16.35,184.68,822.69,184.69,586.85
1753769393309,06:09:53.309,okx,SOL/USDT:USDT,184.66,193.51,184.65,176.68,184.67,941.8,184.68,695.2
1753769393609,06:09:53.609,okx,SOL/USDT:USDT,184.65,69.86,184.64,325.0,184.66,723.48,184.67,557.3
1753769393709,06:09:53.709,okx,SOL/USDT:USDT,184.65,58.68,184.64,344.52,184.66,775.86,184.67,557.3
1753769393809,06:09:53.809,okx,SOL/USDT:USDT,184.65,69.86,184.64,412.78,184.66,749.06,184.67,556.5
1753769393909,06:09:53.909,okx,SOL/USDT:USDT,184.65,69.86,184.64,412.78,184.66,778.7,184.67,555.27
1753769394009,06:09:54.009,okx,SOL/USDT:USDT,184.65,110.59,184.64,345.33,184.66,751.1,184.67,749.7
1753769394109,06:09:54.109,okx,SOL/USDT:USDT,184.65,102.18,184.64,350.8,184.66,751.1,184.67,749.7
1753769394309,06:09:54.309,okx,SOL/USDT:USDT,184.65,101.82,184.64,345.11,184.66,751.73,184.67,756.96
1753769394909,06:09:54.909,okx,SOL/USDT:USDT,184.67,1550.12,184.66,522.11,184.68,226.53,184.69,356.42
1753769395009,06:09:55.009,okx,SOL/USDT:USDT,184.67,1550.12,184.66,518.44,184.68,226.53,184.69,356.42
1753769395109,06:09:55.109,okx,SOL/USDT:USDT,184.67,1617.66,184.66,680.89,184.68,155.76,184.69,345.92
1753769395309,06:09:55.309,okx,SOL/USDT:USDT,184.67,1628.09,184.66,688.89,184.68,100.45,184.69,345.92
1753769395609,06:09:55.609,okx,SOL/USDT:USDT,184.67,1665.92,184.66,746.5,184.68,165.15,184.69,243.72
1753769395709,06:09:55.709,okx,SOL/USDT:USDT,184.67,1498.57,184.66,537.37,184.68,271.11,184.69,254.06
1753769395809,06:09:55.809,okx,SOL/USDT:USDT,184.67,1499.65,184.66,537.37,184.68,271.11,184.69,254.06
1753769395909,06:09:55.909,okx,SOL/USDT:USDT,184.67,1458.66,184.66,537.38,184.68,271.11,184.69,254.06
1753769396109,06:09:56.109,okx,SOL/USDT:USDT,184.67,1477.87,184.66,558.95,184.68,264.25,184.69,254.06
1753769396209,06:09:56.209,okx,SOL/USDT:USDT,184.67,1477.87,184.66,558.95,184.68,264.25,184.69,254.06
1753769396609,06:09:56.609,okx,SOL/USDT:USDT,184.67,1507.02,184.66,558.95,184.68,239.49,184.69,254.06
