timestamp,time,exchange,symbol,bid1_price,bid1_volume,bid2_price,bid2_volume,ask1_price,ask1_volume,ask2_price,ask2_volume
1753769306969,06:08:26.969,coincatch,SOL/USDT:USDT,184.862,2716.4,184.852,2413.6,184.928,1.7,184.938,3.0
1753769307869,06:08:27.869,coincatch,SOL/USDT:USDT,184.862,2669.3,184.852,2334.7,184.93,44.5,184.94,82.5
1753769308169,06:08:28.169,coincatch,SOL/USDT:USDT,184.862,2666.6,184.852,2338.6,184.93,49.1,184.94,41.9
1753769308470,06:08:28.470,coincatch,SOL/USDT:USDT,184.862,2647.2,184.852,2338.7,184.93,49.1,184.94,41.9
1753769308770,06:08:28.770,coincatch,SOL/USDT:USDT,184.862,1963.3,184.852,2160.0,184.93,328.9,184.94,120.3
1753769309670,06:08:29.670,coincatch,SOL/USDT:USDT,184.862,2027.7,184.852,2186.1,184.93,26.9,184.94,173.7
1753769309970,06:08:29.970,coincatch,SOL/USDT:USDT,184.862,1979.6,184.852,2213.2,184.93,26.9,184.94,212.7
1753769310871,06:08:30.871,coincatch,SOL/USDT:USDT,184.862,1946.4,184.852,2109.1,184.93,32.5,184.94,205.3
1753769311772,06:08:31.772,coincatch,SOL/USDT:USDT,184.872,1718.2,184.862,1478.3,184.938,477.2,184.948,299.7
1753769312072,06:08:32.072,coincatch,SOL/USDT:USDT,184.872,1659.7,184.862,1478.3,184.938,527.8,184.948,316.4
1753769312372,06:08:32.372,coincatch,SOL/USDT:USDT,184.862,598.9,184.852,1677.6,184.928,968.2,184.938,644.5
1753769312672,06:08:32.672,coincatch,SOL/USDT:USDT,184.852,1313.9,184.842,1822.6,184.92,541.0,184.93,936.9
1753769313272,06:08:33.272,coincatch,SOL/USDT:USDT,184.852,1280.1,184.842,1882.2,184.92,570.7,184.93,894.1
1753769313573,06:08:33.573,coincatch,SOL/USDT:USDT,184.852,1295.7,184.842,1917.4,184.918,654.4,184.928,893.1
1753769313873,06:08:33.873,coincatch,SOL/USDT:USDT,184.852,832.0,184.842,1445.4,184.918,853.3,184.928,1450.6
1753769314173,06:08:34.173,coincatch,SOL/USDT:USDT,184.852,1047.2,184.842,1631.1,184.918,556.2,184.928,955.0
1753769314473,06:08:34.473,coincatch,SOL/USDT:USDT,184.852,940.5,184.842,1535.2,184.918,648.1,184.928,1023.5
1753769314773,06:08:34.773,coincatch,SOL/USDT:USDT,184.852,902.4,184.842,1536.5,184.918,692.3,184.928,1040.4
1753769315074,06:08:35.074,coincatch,SOL/USDT:USDT,184.852,633.9,184.842,1145.5,184.918,698.5,184.928,1060.3
1753769315374,06:08:35.374,coincatch,SOL/USDT:USDT,184.852,698.9,184.842,1160.3,184.918,596.7,184.928,915.0
1753769315674,06:08:35.674,coincatch,SOL/USDT:USDT,184.852,937.3,184.842,1208.5,184.918,483.9,184.928,812.2
1753769315974,06:08:35.974,coincatch,SOL/USDT:USDT,184.852,922.8,184.842,1198.1,184.918,531.4,184.928,878.1
1753769316274,06:08:36.274,coincatch,SOL/USDT:USDT,184.852,721.8,184.842,1036.8,184.918,602.0,184.928,984.0
1753769316575,06:08:36.575,coincatch,SOL/USDT:USDT,184.852,781.6,184.842,1124.1,184.918,528.2,184.928,1022.0
1753769316875,06:08:36.875,coincatch,SOL/USDT:USDT,184.852,783.1,184.842,1083.1,184.918,532.6,184.928,1030.3
1753769317175,06:08:37.175,coincatch,SOL/USDT:USDT,184.852,822.1,184.842,1087.6,184.918,535.6,184.928,956.4
1753769317475,06:08:37.475,coincatch,SOL/USDT:USDT,184.852,742.9,184.842,1082.1,184.918,552.4,184.928,984.9
1753769317775,06:08:37.775,coincatch,SOL/USDT:USDT,184.852,790.1,184.842,1114.6,184.918,533.3,184.928,970.0
1753769318082,06:08:38.082,coincatch,SOL/USDT:USDT,184.852,752.6,184.842,953.7,184.918,606.8,184.928,930.4
1753769318382,06:08:38.382,coincatch,SOL/USDT:USDT,184.852,876.7,184.842,1100.0,184.918,444.2,184.928,822.8
1753769318682,06:08:38.682,coincatch,SOL/USDT:USDT,184.852,858.2,184.842,1053.4,184.918,529.3,184.928,924.0
1753769318982,06:08:38.982,coincatch,SOL/USDT:USDT,184.852,848.6,184.842,1012.6,184.918,505.8,184.928,893.1
1753769319283,06:08:39.283,coincatch,SOL/USDT:USDT,184.852,895.2,184.842,1067.1,184.918,481.7,184.928,884.7
1753769319583,06:08:39.583,coincatch,SOL/USDT:USDT,184.852,793.9,184.842,1050.9,184.918,530.0,184.928,884.2
1753769319883,06:08:39.883,coincatch,SOL/USDT:USDT,184.852,835.0,184.842,990.3,184.918,543.8,184.928,933.0
1753769320183,06:08:40.183,coincatch,SOL/USDT:USDT,184.852,778.4,184.842,1008.3,184.918,532.8,184.928,925.8
1753769320483,06:08:40.483,coincatch,SOL/USDT:USDT,184.852,779.0,184.842,993.8,184.918,707.4,184.928,915.0
1753769320784,06:08:40.784,coincatch,SOL/USDT:USDT,184.852,837.7,184.842,1035.6,184.918,579.7,184.928,922.9
1753769321084,06:08:41.084,coincatch,SOL/USDT:USDT,184.852,708.9,184.842,990.4,184.918,665.2,184.928,1016.7
1753769321384,06:08:41.384,coincatch,SOL/USDT:USDT,184.852,823.9,184.842,993.9,184.918,677.8,184.928,735.3
1753769321984,06:08:41.984,coincatch,SOL/USDT:USDT,184.852,996.3,184.842,1205.4,184.918,543.7,184.928,718.6
1753769322285,06:08:42.285,coincatch,SOL/USDT:USDT,184.852,814.8,184.842,1094.2,184.918,717.7,184.928,868.3
1753769322585,06:08:42.585,coincatch,SOL/USDT:USDT,184.852,499.3,184.842,886.8,184.918,816.5,184.928,1032.3
1753769322885,06:08:42.885,coincatch,SOL/USDT:USDT,184.852,366.6,184.842,737.7,184.918,830.1,184.928,1213.3
1753769323185,06:08:43.185,coincatch,SOL/USDT:USDT,184.852,603.4,184.842,703.8,184.918,865.2,184.928,1150.7
1753769323485,06:08:43.485,coincatch,SOL/USDT:USDT,184.852,548.9,184.842,689.6,184.918,869.1,184.928,1136.4
1753769323786,06:08:43.786,coincatch,SOL/USDT:USDT,184.842,19.9,184.832,575.2,184.908,1031.6,184.918,691.5
1753769324086,06:08:44.086,coincatch,SOL/USDT:USDT,184.832,398.4,184.822,583.2,184.9,1147.3,184.91,1178.3
1753769324386,06:08:44.386,coincatch,SOL/USDT:USDT,184.832,344.4,184.822,613.9,184.9,919.4,184.91,1032.4
1753769324686,06:08:44.686,coincatch,SOL/USDT:USDT,184.832,334.1,184.822,651.9,184.9,1023.3,184.91,1031.7
1753769324986,06:08:44.986,coincatch,SOL/USDT:USDT,184.832,332.4,184.822,651.9,184.9,998.0,184.91,1031.7
1753769325287,06:08:45.287,coincatch,SOL/USDT:USDT,184.832,324.4,184.822,657.0,184.9,1084.3,184.91,1031.7
1753769325587,06:08:45.587,coincatch,SOL/USDT:USDT,184.832,384.5,184.822,599.4,184.9,1095.5,184.91,1030.5
1753769325887,06:08:45.887,coincatch,SOL/USDT:USDT,184.832,384.1,184.822,599.4,184.9,1097.1,184.91,1030.5
1753769326187,06:08:46.187,coincatch,SOL/USDT:USDT,184.832,369.8,184.822,615.5,184.9,1097.1,184.91,1030.5
1753769326487,06:08:46.487,coincatch,SOL/USDT:USDT,184.832,389.2,184.822,639.2,184.9,1012.6,184.91,1028.8
1753769327088,06:08:47.088,coincatch,SOL/USDT:USDT,184.832,701.7,184.822,1139.3,184.9,582.7,184.91,949.2
1753769327388,06:08:47.388,coincatch,SOL/USDT:USDT,184.832,665.7,184.822,1118.5,184.9,555.1,184.91,970.7
1753769327988,06:08:47.988,coincatch,SOL/USDT:USDT,184.832,382.5,184.822,959.7,184.9,673.6,184.91,1000.6
1753769328289,06:08:48.289,coincatch,SOL/USDT:USDT,184.832,432.7,184.822,1045.3,184.9,667.0,184.91,978.9
1753769329189,06:08:49.189,coincatch,SOL/USDT:USDT,184.832,1009.0,184.822,1525.6,184.9,234.9,184.91,550.8
1753769329489,06:08:49.489,coincatch,SOL/USDT:USDT,184.832,997.7,184.822,1568.0,184.9,261.8,184.91,457.9
1753769329790,06:08:49.790,coincatch,SOL/USDT:USDT,184.832,1024.7,184.822,1528.9,184.9,183.5,184.91,442.2
1753769330090,06:08:50.090,coincatch,SOL/USDT:USDT,184.832,1011.7,184.822,1528.4,184.9,183.5,184.91,438.4
1753769330390,06:08:50.390,coincatch,SOL/USDT:USDT,184.832,1026.8,184.822,1522.0,184.9,183.5,184.91,420.1
1753769330690,06:08:50.690,coincatch,SOL/USDT:USDT,184.832,1030.4,184.822,1534.1,184.9,184.7,184.91,420.1
1753769330990,06:08:50.990,coincatch,SOL/USDT:USDT,184.832,1023.1,184.822,1558.3,184.9,184.7,184.91,420.1
1753769331291,06:08:51.291,coincatch,SOL/USDT:USDT,184.832,1011.2,184.822,1544.6,184.9,184.9,184.91,477.6
1753769331591,06:08:51.591,coincatch,SOL/USDT:USDT,184.832,523.7,184.822,1510.4,184.9,491.0,184.91,647.1
1753769331891,06:08:51.891,coincatch,SOL/USDT:USDT,184.832,633.2,184.822,1488.8,184.9,496.2,184.91,637.7
1753769332191,06:08:52.191,coincatch,SOL/USDT:USDT,184.832,498.4,184.822,1407.1,184.9,582.3,184.91,763.2
1753769332491,06:08:52.491,coincatch,SOL/USDT:USDT,184.832,500.9,184.822,1457.4,184.9,580.0,184.91,763.0
1753769332792,06:08:52.792,coincatch,SOL/USDT:USDT,184.832,694.2,184.822,776.6,184.9,3053.9,184.91,704.5
1753769333092,06:08:53.092,coincatch,SOL/USDT:USDT,184.832,531.4,184.822,690.9,184.9,3201.7,184.91,704.5
1753769333392,06:08:53.392,coincatch,SOL/USDT:USDT,184.832,543.4,184.822,690.9,184.9,3218.8,184.91,704.7
1753769333692,06:08:53.692,coincatch,SOL/USDT:USDT,184.832,447.0,184.822,629.5,184.898,3219.0,184.908,820.8
1753769333992,06:08:53.992,coincatch,SOL/USDT:USDT,184.822,494.5,184.812,3027.8,184.888,1188.4,184.898,3201.2
1753769334292,06:08:54.292,coincatch,SOL/USDT:USDT,184.812,2750.6,184.802,1067.6,184.88,959.2,184.89,971.6
1753769334593,06:08:54.593,coincatch,SOL/USDT:USDT,184.812,2805.5,184.802,1125.4,184.88,1023.8,184.89,982.2
1753769334893,06:08:54.893,coincatch,SOL/USDT:USDT,184.812,2900.0,184.802,1094.5,184.88,1064.5,184.89,967.9
1753769335193,06:08:55.193,coincatch,SOL/USDT:USDT,184.812,2923.3,184.802,1103.0,184.88,1043.0,184.89,959.3
1753769335493,06:08:55.493,coincatch,SOL/USDT:USDT,184.812,2719.1,184.802,1021.7,184.88,1045.6,184.89,972.3
1753769335793,06:08:55.793,coincatch,SOL/USDT:USDT,184.812,2776.3,184.802,1040.9,184.88,1085.8,184.89,982.4
1753769336094,06:08:56.094,coincatch,SOL/USDT:USDT,184.812,2780.0,184.802,1037.3,184.88,1000.7,184.89,948.2
1753769336394,06:08:56.394,coincatch,SOL/USDT:USDT,184.812,2743.1,184.802,1012.3,184.88,983.7,184.89,989.6
1753769336694,06:08:56.694,coincatch,SOL/USDT:USDT,184.812,2801.4,184.802,1015.4,184.878,960.6,184.888,965.2
1753769337294,06:08:57.294,coincatch,SOL/USDT:USDT,184.792,161.5,184.782,160.8,184.858,1255.9,184.868,1603.0
1753769337594,06:08:57.594,coincatch,SOL/USDT:USDT,184.792,252.6,184.782,190.8,184.858,1277.9,184.868,2328.1
1753769337895,06:08:57.895,coincatch,SOL/USDT:USDT,184.782,119.9,184.772,523.0,184.848,1356.7,184.858,1181.8
1753769338195,06:08:58.195,coincatch,SOL/USDT:USDT,184.782,119.9,184.772,422.7,184.848,1377.7,184.858,1330.4
1753769338495,06:08:58.495,coincatch,SOL/USDT:USDT,184.782,119.9,184.772,442.9,184.848,1412.5,184.858,1292.0
1753769338795,06:08:58.795,coincatch,SOL/USDT:USDT,184.782,297.6,184.772,550.5,184.848,1460.2,184.858,1270.2
1753769339095,06:08:59.095,coincatch,SOL/USDT:USDT,184.782,458.5,184.772,670.0,184.848,1260.3,184.858,1220.9
1753769339396,06:08:59.396,coincatch,SOL/USDT:USDT,184.782,286.5,184.772,648.9,184.848,1481.2,184.858,1225.7
1753769339696,06:08:59.696,coincatch,SOL/USDT:USDT,184.782,429.4,184.772,733.5,184.848,1217.2,184.858,904.6
1753769339996,06:08:59.996,coincatch,SOL/USDT:USDT,184.782,827.8,184.772,766.5,184.848,853.5,184.858,673.7
1753769340296,06:09:00.296,coincatch,SOL/USDT:USDT,184.782,733.6,184.772,906.9,184.848,961.2,184.858,477.4
1753769340596,06:09:00.596,coincatch,SOL/USDT:USDT,184.782,549.7,184.772,872.0,184.848,1124.0,184.858,640.7
1753769340896,06:09:00.896,coincatch,SOL/USDT:USDT,184.782,153.3,184.772,612.3,184.848,1180.5,184.858,694.9
1753769341197,06:09:01.197,coincatch,SOL/USDT:USDT,184.782,153.3,184.772,509.7,184.848,1293.3,184.858,694.9
1753769341497,06:09:01.497,coincatch,SOL/USDT:USDT,184.782,250.5,184.772,526.1,184.848,1262.4,184.858,774.7
1753769341797,06:09:01.797,coincatch,SOL/USDT:USDT,184.782,254.0,184.772,537.3,184.848,1127.4,184.858,813.6
1753769342097,06:09:02.097,coincatch,SOL/USDT:USDT,184.782,460.1,184.772,924.8,184.848,738.0,184.858,417.1
1753769342397,06:09:02.397,coincatch,SOL/USDT:USDT,184.782,551.0,184.772,961.9,184.848,684.8,184.858,424.6
1753769342698,06:09:02.698,coincatch,SOL/USDT:USDT,184.782,224.4,184.772,606.9,184.848,1061.6,184.858,773.2
1753769342998,06:09:02.998,coincatch,SOL/USDT:USDT,184.782,222.4,184.772,361.2,184.848,1204.7,184.858,805.0
1753769343298,06:09:03.298,coincatch,SOL/USDT:USDT,184.752,209.4,184.742,392.5,184.818,990.2,184.828,1594.4
1753769343598,06:09:03.598,coincatch,SOL/USDT:USDT,184.722,423.0,184.712,735.2,184.79,1340.9,184.8,1627.2
1753769343898,06:09:03.898,coincatch,SOL/USDT:USDT,184.722,342.4,184.712,740.6,184.79,1393.5,184.8,1616.7
1753769344199,06:09:04.199,coincatch,SOL/USDT:USDT,184.722,490.7,184.712,752.7,184.79,1322.1,184.8,1466.2
1753769344499,06:09:04.499,coincatch,SOL/USDT:USDT,184.722,745.9,184.712,862.1,184.79,474.5,184.8,730.1
1753769344799,06:09:04.799,coincatch,SOL/USDT:USDT,184.722,736.8,184.712,859.7,184.79,454.5,184.8,714.8
1753769345099,06:09:05.099,coincatch,SOL/USDT:USDT,184.722,558.7,184.712,790.0,184.79,684.8,184.8,745.8
1753769345399,06:09:05.399,coincatch,SOL/USDT:USDT,184.722,721.6,184.712,972.5,184.79,411.3,184.8,697.3
1753769345700,06:09:05.700,coincatch,SOL/USDT:USDT,184.722,832.3,184.712,969.5,184.79,411.8,184.8,639.2
1753769346000,06:09:06.000,coincatch,SOL/USDT:USDT,184.722,865.8,184.712,1043.1,184.79,415.8,184.8,890.9
1753769346300,06:09:06.300,coincatch,SOL/USDT:USDT,184.722,747.9,184.712,1019.3,184.79,527.1,184.8,897.3
1753769346600,06:09:06.600,coincatch,SOL/USDT:USDT,184.722,407.1,184.712,891.2,184.79,614.1,184.8,1020.4
1753769346900,06:09:06.900,coincatch,SOL/USDT:USDT,184.722,773.5,184.712,951.9,184.79,656.5,184.8,984.4
1753769347201,06:09:07.201,coincatch,SOL/USDT:USDT,184.722,839.4,184.712,1133.7,184.79,432.0,184.8,704.8
1753769347501,06:09:07.501,coincatch,SOL/USDT:USDT,184.722,788.1,184.712,979.5,184.79,420.1,184.8,681.3
1753769347801,06:09:07.801,coincatch,SOL/USDT:USDT,184.722,781.6,184.712,1016.0,184.79,456.4,184.8,681.5
1753769348701,06:09:08.701,coincatch,SOL/USDT:USDT,184.712,922.1,184.702,1362.9,184.79,464.1,184.8,803.9
1753769349002,06:09:09.002,coincatch,SOL/USDT:USDT,184.712,792.6,184.702,1158.3,184.79,499.1,184.8,840.6
1753769349302,06:09:09.302,coincatch,SOL/USDT:USDT,184.712,870.4,184.702,1291.8,184.79,463.3,184.8,741.0
1753769349602,06:09:09.602,coincatch,SOL/USDT:USDT,184.712,1002.4,184.702,1375.3,184.79,361.5,184.8,603.0
1753769349902,06:09:09.902,coincatch,SOL/USDT:USDT,184.712,1027.6,184.702,1348.6,184.79,327.9,184.8,464.5
1753769350202,06:09:10.202,coincatch,SOL/USDT:USDT,184.712,913.5,184.702,1290.8,184.79,374.4,184.8,607.7
1753769350503,06:09:10.503,coincatch,SOL/USDT:USDT,184.712,979.6,184.702,1403.2,184.79,282.3,184.8,503.5
1753769350803,06:09:10.803,coincatch,SOL/USDT:USDT,184.712,1058.7,184.702,1350.4,184.79,288.4,184.8,503.7
1753769351103,06:09:11.103,coincatch,SOL/USDT:USDT,184.712,948.3,184.702,1345.5,184.79,288.5,184.8,615.7
1753769351403,06:09:11.403,coincatch,SOL/USDT:USDT,184.712,1082.8,184.702,1447.1,184.79,141.7,184.8,354.9
1753769351703,06:09:11.703,coincatch,SOL/USDT:USDT,184.712,1131.3,184.702,1444.9,184.79,137.6,184.8,354.9
1753769352004,06:09:12.004,coincatch,SOL/USDT:USDT,184.712,1068.0,184.702,1438.1,184.79,138.1,184.8,280.1
1753769352304,06:09:12.304,coincatch,SOL/USDT:USDT,184.712,1149.5,184.702,1433.4,184.79,138.0,184.8,224.9
1753769352617,06:09:12.617,coincatch,SOL/USDT:USDT,184.712,1153.5,184.702,1395.5,184.79,112.6,184.8,147.5
1753769352917,06:09:12.917,coincatch,SOL/USDT:USDT,184.722,1738.9,184.712,1236.4,184.79,130.3,184.8,779.5
1753769353217,06:09:13.217,coincatch,SOL/USDT:USDT,184.722,1756.2,184.712,1267.6,184.79,130.3,184.8,694.7
1753769353518,06:09:13.518,coincatch,SOL/USDT:USDT,184.722,578.0,184.712,1203.8,184.79,208.6,184.8,772.9
1753769353818,06:09:13.818,coincatch,SOL/USDT:USDT,184.722,375.9,184.712,1159.4,184.79,460.7,184.8,926.7
1753769354118,06:09:14.118,coincatch,SOL/USDT:USDT,184.722,390.0,184.712,1159.4,184.79,319.2,184.8,877.1
1753769354418,06:09:14.418,coincatch,SOL/USDT:USDT,184.722,458.8,184.712,1188.7,184.79,377.5,184.8,881.7
1753769354718,06:09:14.718,coincatch,SOL/USDT:USDT,184.722,493.8,184.712,1262.2,184.79,429.8,184.8,920.1
1753769355018,06:09:15.018,coincatch,SOL/USDT:USDT,184.722,719.1,184.712,1347.3,184.79,99.3,184.8,816.0
1753769355319,06:09:15.319,coincatch,SOL/USDT:USDT,184.722,877.6,184.712,1366.7,184.79,99.3,184.8,816.0
1753769355619,06:09:15.619,coincatch,SOL/USDT:USDT,184.722,1370.8,184.712,1169.8,184.79,107.9,184.8,724.4
1753769355919,06:09:15.919,coincatch,SOL/USDT:USDT,184.722,1413.7,184.712,1205.4,184.79,138.3,184.8,724.4
1753769356219,06:09:16.219,coincatch,SOL/USDT:USDT,184.722,1446.7,184.712,1201.9,184.79,135.6,184.8,724.4
1753769356519,06:09:16.519,coincatch,SOL/USDT:USDT,184.722,1426.1,184.712,1129.9,184.79,135.6,184.8,802.8
1753769356820,06:09:16.820,coincatch,SOL/USDT:USDT,184.722,1424.2,184.712,1071.4,184.79,144.5,184.8,802.8
1753769357120,06:09:17.120,coincatch,SOL/USDT:USDT,184.722,1444.2,184.712,1139.3,184.79,144.5,184.8,802.8
1753769357420,06:09:17.420,coincatch,SOL/USDT:USDT,184.722,1461.7,184.712,1145.0,184.79,105.6,184.8,802.8
1753769358020,06:09:18.020,coincatch,SOL/USDT:USDT,184.722,1431.1,184.712,1119.3,184.79,106.2,184.8,802.9
1753769358320,06:09:18.320,coincatch,SOL/USDT:USDT,184.722,1467.7,184.712,1119.3,184.79,103.6,184.8,802.9
1753769358621,06:09:18.621,coincatch,SOL/USDT:USDT,184.722,1468.4,184.712,1114.3,184.79,103.6,184.8,802.9
1753769358921,06:09:18.921,coincatch,SOL/USDT:USDT,184.722,1484.9,184.712,1085.1,184.79,100.6,184.8,802.9
1753769359221,06:09:19.221,coincatch,SOL/USDT:USDT,184.722,1498.6,184.712,1124.4,184.79,100.8,184.8,802.9
1753769359821,06:09:19.821,coincatch,SOL/USDT:USDT,184.732,1432.7,184.722,1085.5,184.798,968.2,184.808,870.4
1753769360122,06:09:20.122,coincatch,SOL/USDT:USDT,184.732,1762.5,184.722,1259.0,184.81,846.8,184.82,607.9
1753769360422,06:09:20.422,coincatch,SOL/USDT:USDT,184.752,2168.1,184.742,1558.3,184.818,16.1,184.828,73.9
1753769360722,06:09:20.722,coincatch,SOL/USDT:USDT,184.752,2116.3,184.742,1426.9,184.83,17.0,184.84,73.9
1753769361022,06:09:21.022,coincatch,SOL/USDT:USDT,184.762,3267.6,184.752,2010.5,184.84,26.9,184.85,1.7
1753769361323,06:09:21.323,coincatch,SOL/USDT:USDT,184.802,1936.6,184.792,1429.5,184.87,348.3,184.88,393.6
1753769361623,06:09:21.623,coincatch,SOL/USDT:USDT,184.802,1622.1,184.792,1466.8,184.87,255.4,184.88,385.8
1753769361923,06:09:21.923,coincatch,SOL/USDT:USDT,184.802,1635.5,184.792,1451.6,184.87,275.6,184.88,456.8
1753769362223,06:09:22.223,coincatch,SOL/USDT:USDT,184.802,1172.3,184.792,1300.5,184.87,887.9,184.88,481.7
1753769362523,06:09:22.523,coincatch,SOL/USDT:USDT,184.802,1177.3,184.792,1325.7,184.87,887.4,184.88,456.4
1753769362823,06:09:22.823,coincatch,SOL/USDT:USDT,184.802,1165.9,184.792,1325.7,184.87,890.7,184.88,467.1
1753769363124,06:09:23.124,coincatch,SOL/USDT:USDT,184.802,1169.2,184.792,1302.3,184.87,896.0,184.88,484.4
1753769363424,06:09:23.424,coincatch,SOL/USDT:USDT,184.802,1278.5,184.792,1309.5,184.87,894.8,184.88,456.8
1753769363724,06:09:23.724,coincatch,SOL/USDT:USDT,184.802,1228.7,184.792,1357.5,184.87,552.1,184.88,456.8
1753769364024,06:09:24.024,coincatch,SOL/USDT:USDT,184.802,1147.1,184.792,1260.1,184.87,604.2,184.88,633.3
1753769364324,06:09:24.324,coincatch,SOL/USDT:USDT,184.802,1166.0,184.792,1311.2,184.87,575.1,184.88,561.1
1753769364925,06:09:24.925,coincatch,SOL/USDT:USDT,184.802,920.8,184.792,1159.6,184.87,705.4,184.88,677.8
1753769365225,06:09:25.225,coincatch,SOL/USDT:USDT,184.802,1034.9,184.792,1244.2,184.87,557.0,184.88,653.5
1753769365525,06:09:25.525,coincatch,SOL/USDT:USDT,184.802,1162.6,184.792,1258.1,184.87,551.6,184.88,626.7
1753769365825,06:09:25.825,coincatch,SOL/USDT:USDT,184.802,876.6,184.792,1203.8,184.87,626.1,184.88,653.5
1753769366126,06:09:26.126,coincatch,SOL/USDT:USDT,184.802,896.2,184.792,1181.4,184.87,707.6,184.88,735.0
1753769366426,06:09:26.426,coincatch,SOL/USDT:USDT,184.802,1193.3,184.792,1492.1,184.868,590.1,184.878,838.1
1753769366726,06:09:26.726,coincatch,SOL/USDT:USDT,184.772,943.7,184.762,1510.5,184.838,1152.3,184.848,1505.2
1753769367026,06:09:27.026,coincatch,SOL/USDT:USDT,184.772,1057.9,184.762,1532.8,184.838,985.1,184.848,893.5
1753769367326,06:09:27.326,coincatch,SOL/USDT:USDT,184.772,959.4,184.762,1679.5,184.838,490.5,184.848,756.3
1753769367626,06:09:27.626,coincatch,SOL/USDT:USDT,184.772,905.0,184.762,1411.3,184.838,780.4,184.848,836.2
1753769367927,06:09:27.927,coincatch,SOL/USDT:USDT,184.772,944.4,184.762,1423.6,184.838,750.3,184.848,846.6
1753769368227,06:09:28.227,coincatch,SOL/USDT:USDT,184.772,724.6,184.762,1112.4,184.838,843.4,184.848,1498.5
1753769368827,06:09:28.827,coincatch,SOL/USDT:USDT,184.742,265.9,184.732,498.8,184.808,1594.4,184.818,1469.1
1753769369127,06:09:29.127,coincatch,SOL/USDT:USDT,184.742,265.5,184.732,462.5,184.808,1631.1,184.818,1440.1
1753769369428,06:09:29.428,coincatch,SOL/USDT:USDT,184.742,323.1,184.732,738.9,184.808,1017.7,184.818,1405.7
1753769369728,06:09:29.728,coincatch,SOL/USDT:USDT,184.742,322.9,184.732,639.8,184.808,891.9,184.818,1410.0
1753769370028,06:09:30.028,coincatch,SOL/USDT:USDT,184.742,293.4,184.732,643.7,184.808,891.1,184.818,1410.2
1753769370328,06:09:30.328,coincatch,SOL/USDT:USDT,184.742,279.7,184.732,635.2,184.808,943.6,184.818,1410.2
1753769370628,06:09:30.628,coincatch,SOL/USDT:USDT,184.742,318.9,184.732,786.4,184.808,863.7,184.818,1410.2
1753769370929,06:09:30.929,coincatch,SOL/USDT:USDT,184.742,356.6,184.732,797.0,184.808,882.4,184.818,1410.2
1753769371229,06:09:31.229,coincatch,SOL/USDT:USDT,184.732,387.8,184.722,399.3,184.798,1329.9,184.808,1078.5
1753769371529,06:09:31.529,coincatch,SOL/USDT:USDT,184.732,578.2,184.722,635.0,184.798,849.1,184.808,795.3
1753769371829,06:09:31.829,coincatch,SOL/USDT:USDT,184.732,501.4,184.722,557.1,184.798,947.4,184.808,832.7
1753769372129,06:09:32.129,coincatch,SOL/USDT:USDT,184.732,228.4,184.722,354.8,184.798,993.2,184.808,1019.9
1753769372730,06:09:32.730,coincatch,SOL/USDT:USDT,184.712,355.2,184.702,833.5,184.78,1436.0,184.79,1467.3
1753769373030,06:09:33.030,coincatch,SOL/USDT:USDT,184.712,379.3,184.702,769.1,184.78,1523.3,184.79,1400.2
1753769373330,06:09:33.330,coincatch,SOL/USDT:USDT,184.712,390.6,184.702,791.6,184.78,1410.1,184.79,1387.2
1753769373630,06:09:33.630,coincatch,SOL/USDT:USDT,184.712,388.9,184.702,732.3,184.78,1366.7,184.79,1261.7
1753769373930,06:09:33.930,coincatch,SOL/USDT:USDT,184.712,389.1,184.702,732.3,184.78,1347.3,184.79,1390.8
1753769374231,06:09:34.231,coincatch,SOL/USDT:USDT,184.712,385.3,184.702,732.2,184.778,1367.0,184.788,1403.0
1753769374831,06:09:34.831,coincatch,SOL/USDT:USDT,184.712,96.4,184.702,377.2,184.778,1505.9,184.788,1503.2
1753769375431,06:09:35.431,coincatch,SOL/USDT:USDT,184.712,175.9,184.702,433.0,184.778,1194.5,184.788,1434.9
1753769376032,06:09:36.032,coincatch,SOL/USDT:USDT,184.712,174.3,184.702,463.3,184.778,1188.8,184.788,1398.8
1753769376332,06:09:36.332,coincatch,SOL/USDT:USDT,184.702,474.7,184.692,666.2,184.768,1614.9,184.778,1159.2
1753769376632,06:09:36.632,coincatch,SOL/USDT:USDT,184.702,445.1,184.692,671.5,184.768,1658.6,184.778,1206.2
1753769376932,06:09:36.932,coincatch,SOL/USDT:USDT,184.702,416.8,184.692,504.0,184.768,1685.4,184.778,1203.5
1753769377232,06:09:37.232,coincatch,SOL/USDT:USDT,184.702,441.9,184.692,480.9,184.768,1675.3,184.778,1203.7
1753769377533,06:09:37.533,coincatch,SOL/USDT:USDT,184.702,367.6,184.692,488.4,184.768,1692.1,184.778,1203.7
1753769377833,06:09:37.833,coincatch,SOL/USDT:USDT,184.702,478.5,184.692,580.5,184.768,1303.7,184.778,1176.6
1753769378133,06:09:38.133,coincatch,SOL/USDT:USDT,184.702,447.2,184.692,656.7,184.768,1219.5,184.778,1162.4
1753769378433,06:09:38.433,coincatch,SOL/USDT:USDT,184.702,512.4,184.692,698.7,184.768,1121.3,184.778,948.9
1753769378733,06:09:38.733,coincatch,SOL/USDT:USDT,184.702,442.6,184.692,646.4,184.768,1121.3,184.778,948.9
1753769379034,06:09:39.034,coincatch,SOL/USDT:USDT,184.702,213.6,184.692,406.6,184.768,1142.1,184.778,1203.4
1753769379334,06:09:39.334,coincatch,SOL/USDT:USDT,184.692,326.1,184.682,558.3,184.76,1364.9,184.77,957.7
1753769379634,06:09:39.634,coincatch,SOL/USDT:USDT,184.692,224.3,184.682,462.2,184.758,1404.9,184.768,1143.6
1753769379934,06:09:39.934,coincatch,SOL/USDT:USDT,184.672,586.5,184.662,725.0,184.74,1509.4,184.75,1195.3
1753769380234,06:09:40.234,coincatch,SOL/USDT:USDT,184.672,560.5,184.662,774.7,184.74,1578.3,184.75,1161.1
1753769380535,06:09:40.535,coincatch,SOL/USDT:USDT,184.672,568.0,184.662,779.8,184.74,1578.9,184.75,1181.1
1753769381135,06:09:41.135,coincatch,SOL/USDT:USDT,184.672,940.4,184.662,1296.6,184.74,378.9,184.75,755.4
1753769381435,06:09:41.435,coincatch,SOL/USDT:USDT,184.672,895.6,184.662,1326.8,184.74,427.6,184.75,755.4
1753769381735,06:09:41.735,coincatch,SOL/USDT:USDT,184.672,838.5,184.662,1209.7,184.74,391.5,184.75,822.3
1753769382035,06:09:42.035,coincatch,SOL/USDT:USDT,184.672,730.9,184.662,1150.2,184.74,402.9,184.75,808.5
1753769382336,06:09:42.336,coincatch,SOL/USDT:USDT,184.662,1093.7,184.652,782.6,184.728,1028.1,184.738,1177.1
1753769382636,06:09:42.636,coincatch,SOL/USDT:USDT,184.662,961.3,184.652,956.7,184.728,867.7,184.738,786.9
1753769382936,06:09:42.936,coincatch,SOL/USDT:USDT,184.662,987.6,184.652,1001.2,184.728,800.3,184.738,783.8
1753769383236,06:09:43.236,coincatch,SOL/USDT:USDT,184.662,931.4,184.652,930.1,184.728,948.0,184.738,805.3
1753769383537,06:09:43.537,coincatch,SOL/USDT:USDT,184.662,933.4,184.652,930.3,184.728,949.4,184.738,804.0
1753769383837,06:09:43.837,coincatch,SOL/USDT:USDT,184.662,1074.9,184.652,978.0,184.728,717.7,184.738,763.0
1753769384137,06:09:44.137,coincatch,SOL/USDT:USDT,184.662,1389.7,184.652,1250.6,184.728,277.8,184.738,585.3
1753769384437,06:09:44.437,coincatch,SOL/USDT:USDT,184.662,1455.6,184.652,1384.9,184.728,235.5,184.738,274.7
1753769385077,06:09:45.077,coincatch,SOL/USDT:USDT,184.662,1460.9,184.652,1392.1,184.728,149.9,184.738,281.9
1753769385477,06:09:45.477,coincatch,SOL/USDT:USDT,184.662,1461.4,184.652,1377.6,184.728,165.7,184.738,265.1
1753769385788,06:09:45.788,coincatch,SOL/USDT:USDT,184.662,1540.4,184.652,1389.3,184.728,165.7,184.738,265.1
1753769386388,06:09:46.388,coincatch,SOL/USDT:USDT,184.662,1263.7,184.652,1303.3,184.728,316.0,184.738,300.7
1753769386688,06:09:46.688,coincatch,SOL/USDT:USDT,184.662,1120.3,184.652,1265.1,184.728,395.4,184.738,367.1
1753769387289,06:09:47.289,coincatch,SOL/USDT:USDT,184.662,1252.7,184.652,1286.0,184.728,357.9,184.738,301.8
1753769387589,06:09:47.589,coincatch,SOL/USDT:USDT,184.662,1510.1,184.652,1191.9,184.728,565.4,184.738,469.9
1753769387889,06:09:47.889,coincatch,SOL/USDT:USDT,184.662,1517.1,184.652,1264.5,184.728,486.7,184.738,334.5
1753769388490,06:09:48.490,coincatch,SOL/USDT:USDT,184.662,1969.5,184.652,1431.8,184.728,137.5,184.738,181.9
1753769388790,06:09:48.790,coincatch,SOL/USDT:USDT,184.662,1815.2,184.652,1334.6,184.728,139.7,184.738,180.0
1753769389090,06:09:49.090,coincatch,SOL/USDT:USDT,184.662,1831.5,184.652,1338.9,184.728,142.3,184.738,230.1
1753769389390,06:09:49.390,coincatch,SOL/USDT:USDT,184.662,1664.5,184.652,1336.6,184.728,230.5,184.738,250.4
1753769389690,06:09:49.690,coincatch,SOL/USDT:USDT,184.662,1668.6,184.652,1350.4,184.728,226.9,184.738,284.7
1753769389991,06:09:49.991,coincatch,SOL/USDT:USDT,184.682,2248.4,184.672,2123.6,184.75,212.4,184.76,662.8
1753769390291,06:09:50.291,coincatch,SOL/USDT:USDT,184.692,1736.8,184.682,2100.0,184.758,2.1,184.768,198.1
1753769390591,06:09:50.591,coincatch,SOL/USDT:USDT,184.692,1204.9,184.682,1776.4,184.758,202.6,184.768,405.1
1753769390891,06:09:50.891,coincatch,SOL/USDT:USDT,184.692,1526.1,184.682,1935.7,184.758,26.5,184.768,279.1
1753769391191,06:09:51.191,coincatch,SOL/USDT:USDT,184.692,1530.1,184.682,1901.8,184.758,3.1,184.768,252.4
1753769391492,06:09:51.492,coincatch,SOL/USDT:USDT,184.692,1429.0,184.682,1771.1,184.758,12.4,184.768,352.8
1753769391792,06:09:51.792,coincatch,SOL/USDT:USDT,184.692,1408.0,184.682,1627.0,184.758,164.7,184.768,398.8
1753769392092,06:09:52.092,coincatch,SOL/USDT:USDT,184.692,1189.0,184.682,1582.9,184.758,419.1,184.768,442.5
1753769392392,06:09:52.392,coincatch,SOL/USDT:USDT,184.692,266.3,184.682,1093.5,184.758,486.7,184.768,1651.4
1753769392692,06:09:52.692,coincatch,SOL/USDT:USDT,184.682,490.4,184.672,795.7,184.748,1038.4,184.758,1285.2
1753769392993,06:09:52.993,coincatch,SOL/USDT:USDT,184.682,351.1,184.672,731.4,184.748,921.5,184.758,1406.7
1753769393293,06:09:53.293,coincatch,SOL/USDT:USDT,184.652,51.8,184.642,348.4,184.718,1056.3,184.728,1915.1
1753769393893,06:09:53.893,coincatch,SOL/USDT:USDT,184.632,287.5,184.622,370.8,184.698,1457.7,184.708,1737.6
1753769394193,06:09:54.193,coincatch,SOL/USDT:USDT,184.632,285.8,184.622,375.6,184.698,1553.8,184.708,1747.5
1753769394493,06:09:54.493,coincatch,SOL/USDT:USDT,184.622,276.0,184.612,486.5,184.688,1307.5,184.698,1598.6
1753769394794,06:09:54.794,coincatch,SOL/USDT:USDT,184.632,1124.6,184.622,754.7,184.7,702.9,184.71,844.8
1753769395094,06:09:55.094,coincatch,SOL/USDT:USDT,184.642,2997.5,184.632,1640.7,184.708,193.9,184.718,414.6
1753769395694,06:09:55.694,coincatch,SOL/USDT:USDT,184.662,894.2,184.652,1735.7,184.728,550.6,184.738,569.7
1753769395994,06:09:55.994,coincatch,SOL/USDT:USDT,184.652,1327.4,184.642,2275.3,184.718,694.2,184.728,722.9
1753769396295,06:09:56.295,coincatch,SOL/USDT:USDT,184.652,1364.6,184.642,2245.7,184.718,671.6,184.728,859.2
