timestamp,time,exchange,symbol,bid1_price,bid1_volume,bid2_price,bid2_volume,ask1_price,ask1_volume,ask2_price,ask2_volume
1753769521044,06:12:01.044,bitget,XRP/USDT:USDT,3.1399,15389.0,3.1398,13268.0,3.14,7010.0,3.1401,8114.0
1753769521346,06:12:01.346,bitget,XRP/USDT:USDT,3.1399,13846.0,3.1398,13268.0,3.14,4949.0,3.1401,8114.0
1753769521804,06:12:01.804,bitget,XRP/USDT:USDT,3.1399,23399.0,3.1398,13268.0,3.14,2436.0,3.1401,8114.0
1753769521953,06:12:01.953,bitget,XRP/USDT:USDT,3.1399,23399.0,3.1398,13268.0,3.14,2478.0,3.1401,8114.0
1753769522105,06:12:02.105,bitget,XRP/USDT:USDT,3.1399,23399.0,3.1398,13268.0,3.14,2478.0,3.1402,25447.0
1753769522258,06:12:02.258,bitget,XRP/USDT:USDT,3.1399,23399.0,3.1398,20989.0,3.14,2436.0,3.1402,25447.0
1753769522559,06:12:02.559,bitget,XRP/USDT:USDT,3.1399,23399.0,3.1398,24176.0,3.14,3984.0,3.1402,29219.0
1753769522711,06:12:02.711,bitget,XRP/USDT:USDT,3.1399,13846.0,3.1398,24176.0,3.14,3984.0,3.1401,3266.0
1753769522864,06:12:02.864,bitget,XRP/USDT:USDT,3.1399,13846.0,3.1398,24176.0,3.14,4726.0,3.1401,3266.0
1753769523020,06:12:03.020,bitget,XRP/USDT:USDT,3.1399,13846.0,3.1398,24176.0,3.14,4726.0,3.1401,3266.0
1753769523172,06:12:03.172,bitget,XRP/USDT:USDT,3.1399,13846.0,3.1398,24176.0,3.14,4726.0,3.1401,3266.0
1753769523480,06:12:03.480,bitget,XRP/USDT:USDT,3.1399,13846.0,3.1398,24176.0,3.14,4726.0,3.1402,26127.0
1753769523634,06:12:03.634,bitget,XRP/USDT:USDT,3.1399,13846.0,3.1398,24176.0,3.14,4726.0,3.1402,29491.0
1753769524244,06:12:04.244,bitget,XRP/USDT:USDT,3.1399,13846.0,3.1398,24176.0,3.14,4726.0,3.1401,6328.0
1753769524700,06:12:04.700,bitget,XRP/USDT:USDT,3.1399,7057.0,3.1398,24176.0,3.14,8290.0,3.1401,11775.0
1753769524853,06:12:04.853,bitget,XRP/USDT:USDT,3.1399,7057.0,3.1398,13268.0,3.14,21193.0,3.1401,11775.0
1753769525005,06:12:05.005,bitget,XRP/USDT:USDT,3.1399,11742.0,3.1398,13268.0,3.14,30667.0,3.1401,11382.0
1753769525158,06:12:05.158,bitget,XRP/USDT:USDT,3.1399,11742.0,3.1398,13268.0,3.14,30667.0,3.1401,11382.0
1753769525465,06:12:05.465,bitget,XRP/USDT:USDT,3.1399,15687.0,3.1398,13268.0,3.14,37590.0,3.1401,11382.0
1753769526076,06:12:06.076,bitget,XRP/USDT:USDT,3.1399,7968.0,3.1398,13268.0,3.14,7437.0,3.1401,11382.0
1753769526527,06:12:06.527,bitget,XRP/USDT:USDT,3.1399,7171.0,3.1398,13271.0,3.14,6747.0,3.1401,11382.0
1753769526677,06:12:06.677,bitget,XRP/USDT:USDT,3.1399,46033.0,3.1398,13271.0,3.14,58.0,3.1402,29491.0
1753769526827,06:12:06.827,bitget,XRP/USDT:USDT,3.1399,55585.0,3.1398,13271.0,3.14,4674.0,3.1402,29491.0
1753769527127,06:12:07.127,bitget,XRP/USDT:USDT,3.1399,55585.0,3.1398,21705.0,3.14,4674.0,3.1402,29491.0
1753769527277,06:12:07.277,bitget,XRP/USDT:USDT,3.1399,54788.0,3.1398,21705.0,3.14,4674.0,3.1401,4909.0
1753769527427,06:12:07.427,bitget,XRP/USDT:USDT,3.1399,54788.0,3.1398,21705.0,3.14,5397.0,3.1401,4909.0
1753769527577,06:12:07.577,bitget,XRP/USDT:USDT,3.1399,54788.0,3.1398,21705.0,3.14,5397.0,3.1401,4909.0
1753769527727,06:12:07.727,bitget,XRP/USDT:USDT,3.1399,54788.0,3.1398,21702.0,3.14,4707.0,3.1401,4909.0
1753769528178,06:12:08.178,bitget,XRP/USDT:USDT,3.1399,54788.0,3.1398,21702.0,3.14,5397.0,3.1401,4909.0
1753769528328,06:12:08.328,bitget,XRP/USDT:USDT,3.1399,54788.0,3.1398,21702.0,3.14,5397.0,3.1401,4909.0
1753769528478,06:12:08.478,bitget,XRP/USDT:USDT,3.1399,54788.0,3.1398,21702.0,3.14,5397.0,3.1401,10597.0
1753769528628,06:12:08.628,bitget,XRP/USDT:USDT,3.1399,54788.0,3.1398,21702.0,3.14,8108.0,3.1401,10597.0
1753769528778,06:12:08.778,bitget,XRP/USDT:USDT,3.1399,34870.0,3.1398,21702.0,3.14,8568.0,3.1401,10597.0
1753769528928,06:12:08.928,bitget,XRP/USDT:USDT,3.1399,7171.0,3.1398,21702.0,3.14,8961.0,3.1401,10990.0
1753769529078,06:12:09.078,bitget,XRP/USDT:USDT,3.1399,5002.0,3.1398,21702.0,3.14,63970.0,3.1401,10990.0
1753769529228,06:12:09.228,bitget,XRP/USDT:USDT,3.1399,10289.0,3.1398,35272.0,3.14,63264.0,3.1401,10990.0
1753769530129,06:12:10.129,bitget,XRP/USDT:USDT,3.1399,10289.0,3.1398,35272.0,3.14,62894.0,3.1401,10597.0
1753769530279,06:12:10.279,bitget,XRP/USDT:USDT,3.1399,22278.0,3.1398,35272.0,3.14,17607.0,3.1402,29491.0
1753769530429,06:12:10.429,bitget,XRP/USDT:USDT,3.1399,22278.0,3.1398,35272.0,3.14,17607.0,3.1401,12173.0
1753769530579,06:12:10.579,bitget,XRP/USDT:USDT,3.1399,14036.0,3.1398,35272.0,3.14,17607.0,3.1401,12173.0
1753769531330,06:12:11.330,bitget,XRP/USDT:USDT,3.1404,19254.0,3.1403,6844.0,3.1405,11329.0,3.1406,47420.0
1753769531480,06:12:11.480,bitget,XRP/USDT:USDT,3.1404,19254.0,3.1403,4504.0,3.1405,9225.0,3.1406,38566.0
1753769531630,06:12:11.630,bitget,XRP/USDT:USDT,3.1404,19254.0,3.1403,4504.0,3.1405,9946.0,3.1406,38566.0
1753769531930,06:12:11.930,bitget,XRP/USDT:USDT,3.1404,19254.0,3.1403,4504.0,3.1405,9782.0,3.1406,30469.0
1753769532080,06:12:12.080,bitget,XRP/USDT:USDT,3.1404,19254.0,3.1403,1002.0,3.1405,9782.0,3.1406,29491.0
1753769532530,06:12:12.530,bitget,XRP/USDT:USDT,3.1404,1129.0,3.1403,1002.0,3.1405,68410.0,3.1406,29884.0
1753769532680,06:12:12.680,bitget,XRP/USDT:USDT,3.1404,406.0,3.1403,1002.0,3.1405,75287.0,3.1406,29884.0
1753769533731,06:12:13.731,bitget,XRP/USDT:USDT,3.1404,2841.0,3.1403,8602.0,3.1405,69221.0,3.1406,29491.0
1753769534031,06:12:14.031,bitget,XRP/USDT:USDT,3.1404,11991.0,3.1403,8602.0,3.1405,19870.0,3.1406,29491.0
1753769534181,06:12:14.181,bitget,XRP/USDT:USDT,3.1404,11991.0,3.1403,8602.0,3.1405,10463.0,3.1406,29491.0
1753769534332,06:12:14.332,bitget,XRP/USDT:USDT,3.1404,11991.0,3.1403,8602.0,3.1405,8793.0,3.1406,29491.0
1753769534481,06:12:14.481,bitget,XRP/USDT:USDT,3.1404,11991.0,3.1403,8602.0,3.1405,8793.0,3.1406,29491.0
1753769535232,06:12:15.232,bitget,XRP/USDT:USDT,3.1404,7349.0,3.1403,8802.0,3.1405,9164.0,3.1406,29491.0
1753769535382,06:12:15.382,bitget,XRP/USDT:USDT,3.1404,6248.0,3.1403,8802.0,3.1405,9418.0,3.1406,29491.0
1753769535532,06:12:15.532,bitget,XRP/USDT:USDT,3.1404,8211.0,3.1403,8802.0,3.1405,8556.0,3.1406,29491.0
1753769535982,06:12:15.982,bitget,XRP/USDT:USDT,3.1404,25576.0,3.1403,11668.0,3.1405,13140.0,3.1406,28214.0
1753769536132,06:12:16.132,bitget,XRP/USDT:USDT,3.1404,25576.0,3.1403,11668.0,3.1405,13140.0,3.1406,28214.0
1753769536282,06:12:16.282,bitget,XRP/USDT:USDT,3.1404,25576.0,3.1403,9439.0,3.1405,13140.0,3.1406,28214.0
1753769536432,06:12:16.432,bitget,XRP/USDT:USDT,3.1404,25576.0,3.1403,9439.0,3.1405,13140.0,3.1406,30978.0
1753769536583,06:12:16.583,bitget,XRP/USDT:USDT,3.1404,25576.0,3.1403,9439.0,3.1405,11587.0,3.1406,30043.0
1753769536733,06:12:16.733,bitget,XRP/USDT:USDT,3.1404,25576.0,3.1403,9439.0,3.1405,11587.0,3.1406,31312.0
1753769536882,06:12:16.882,bitget,XRP/USDT:USDT,3.1404,25576.0,3.1403,9439.0,3.1405,11587.0,3.1406,31312.0
1753769537933,06:12:17.933,bitget,XRP/USDT:USDT,3.1406,91366.0,3.1405,33411.0,3.1407,743.0,3.1409,1282.0
1753769538084,06:12:18.084,bitget,XRP/USDT:USDT,3.1406,100916.0,3.1405,50602.0,3.1407,743.0,3.1409,4620.0
1753769538233,06:12:18.233,bitget,XRP/USDT:USDT,3.1406,100910.0,3.1405,20134.0,3.1407,2616.0,3.1409,4620.0
1753769538384,06:12:18.384,bitget,XRP/USDT:USDT,3.1406,100910.0,3.1405,25742.0,3.1407,2616.0,3.1409,4620.0
1753769538684,06:12:18.684,bitget,XRP/USDT:USDT,3.1406,130010.0,3.1405,25742.0,3.1407,59.0,3.1409,4620.0
1753769538834,06:12:18.834,bitget,XRP/USDT:USDT,3.1406,130010.0,3.1405,24002.0,3.1407,1926.0,3.1409,8931.0
1753769538984,06:12:18.984,bitget,XRP/USDT:USDT,3.1406,18082.0,3.1405,4280.0,3.1407,5221.0,3.1408,393.0
1753769539134,06:12:19.134,bitget,XRP/USDT:USDT,3.1406,38196.0,3.1404,22534.0,3.1407,6977.0,3.1408,226.0
1753769539284,06:12:19.284,bitget,XRP/USDT:USDT,3.1406,37411.0,3.1405,2669.0,3.1407,11871.0,3.1408,12862.0
1753769539434,06:12:19.434,bitget,XRP/USDT:USDT,3.1406,38412.0,3.1405,13171.0,3.1407,53.0,3.1409,1282.0
1753769539584,06:12:19.584,bitget,XRP/USDT:USDT,3.1406,47950.0,3.1405,41351.0,3.1407,59.0,3.1409,1282.0
1753769539735,06:12:19.735,bitget,XRP/USDT:USDT,3.1406,47956.0,3.1405,43299.0,3.1407,59.0,3.1409,1282.0
1753769540485,06:12:20.485,bitget,XRP/USDT:USDT,3.1406,75808.0,3.1405,21492.0,3.1407,53.0,3.1411,21264.0
1753769541085,06:12:21.085,bitget,XRP/USDT:USDT,3.141,44565.0,3.1409,53211.0,3.1411,696.0,3.1413,28276.0
1753769541385,06:12:21.385,bitget,XRP/USDT:USDT,3.141,43695.0,3.1409,53211.0,3.1411,696.0,3.1413,28276.0
1753769541535,06:12:21.535,bitget,XRP/USDT:USDT,3.141,43695.0,3.1409,53211.0,3.1411,696.0,3.1413,28276.0
1753769541686,06:12:21.686,bitget,XRP/USDT:USDT,3.141,41085.0,3.1409,53211.0,3.1411,6.0,3.1413,28276.0
1753769541986,06:12:21.986,bitget,XRP/USDT:USDT,3.1412,38414.0,3.1411,10882.0,3.1413,30839.0,3.1414,6900.0
1753769542736,06:12:22.736,bitget,XRP/USDT:USDT,3.1412,2922.0,3.1409,37705.0,3.1413,33684.0,3.1414,6900.0
1753769543186,06:12:23.186,bitget,XRP/USDT:USDT,3.1412,7184.0,3.141,361.0,3.1413,33684.0,3.1414,6900.0
1753769543337,06:12:23.337,bitget,XRP/USDT:USDT,3.1412,7184.0,3.141,9314.0,3.1413,33684.0,3.1414,6900.0
1753769543937,06:12:23.937,bitget,XRP/USDT:USDT,3.1412,7184.0,3.141,361.0,3.1413,33355.0,3.1414,6966.0
1753769544087,06:12:24.087,bitget,XRP/USDT:USDT,3.1412,7184.0,3.141,7271.0,3.1413,33609.0,3.1414,6966.0
1753769544537,06:12:24.537,bitget,XRP/USDT:USDT,3.1412,6083.0,3.141,361.0,3.1413,33609.0,3.1414,6966.0
1753769544687,06:12:24.687,bitget,XRP/USDT:USDT,3.1412,6083.0,3.141,361.0,3.1413,33609.0,3.1414,6966.0
1753769544837,06:12:24.837,bitget,XRP/USDT:USDT,3.1412,6083.0,3.141,361.0,3.1413,33609.0,3.1414,6966.0
1753769544987,06:12:24.987,bitget,XRP/USDT:USDT,3.1412,7184.0,3.141,3861.0,3.1413,33355.0,3.1414,6966.0
1753769545588,06:12:25.588,bitget,XRP/USDT:USDT,3.1412,7184.0,3.141,17299.0,3.1413,32886.0,3.1414,6966.0
1753769545738,06:12:25.738,bitget,XRP/USDT:USDT,3.1412,7184.0,3.141,17299.0,3.1413,4968.0,3.1414,34630.0
1753769545888,06:12:25.888,bitget,XRP/USDT:USDT,3.1412,7184.0,3.141,17299.0,3.1413,8185.0,3.1414,34941.0
1753769546638,06:12:26.638,bitget,XRP/USDT:USDT,3.1412,3300.0,3.141,1350.0,3.1413,6595.0,3.1414,35167.0
1753769546939,06:12:26.939,bitget,XRP/USDT:USDT,3.1412,3300.0,3.141,1350.0,3.1413,7388.0,3.1414,35167.0
1753769547389,06:12:27.389,bitget,XRP/USDT:USDT,3.1412,2199.0,3.141,1350.0,3.1413,6981.0,3.1414,35167.0
1753769547539,06:12:27.539,bitget,XRP/USDT:USDT,3.1412,2199.0,3.141,1350.0,3.1413,6981.0,3.1414,35167.0
1753769547839,06:12:27.839,bitget,XRP/USDT:USDT,3.1412,4959.0,3.141,1350.0,3.1413,7704.0,3.1414,35167.0
1753769548439,06:12:28.439,bitget,XRP/USDT:USDT,3.1412,7184.0,3.141,9150.0,3.1413,8695.0,3.1414,35167.0
1753769548590,06:12:28.590,bitget,XRP/USDT:USDT,3.1412,7184.0,3.141,9150.0,3.1413,8695.0,3.1414,35167.0
1753769548739,06:12:28.739,bitget,XRP/USDT:USDT,3.1412,7184.0,3.141,9150.0,3.1413,8695.0,3.1414,35167.0
1753769549940,06:12:29.940,bitget,XRP/USDT:USDT,3.1412,6461.0,3.141,6650.0,3.1413,8541.0,3.1414,35167.0
1753769552041,06:12:32.041,bitget,XRP/USDT:USDT,3.1418,34687.0,3.1417,55603.0,3.1419,738.0,3.142,5391.0
1753769552192,06:12:32.192,bitget,XRP/USDT:USDT,3.1418,33829.0,3.1417,56403.0,3.1419,42.0,3.1422,28468.0
1753769552491,06:12:32.491,bitget,XRP/USDT:USDT,3.1418,33823.0,3.1417,64747.0,3.1419,48.0,3.1422,28468.0
1753769553542,06:12:33.542,bitget,XRP/USDT:USDT,3.1421,6120.0,3.142,19475.0,3.1422,3211.0,3.1423,5685.0
1753769553692,06:12:33.692,bitget,XRP/USDT:USDT,3.1422,89514.0,3.1421,17251.0,3.1423,6271.0,3.1424,26136.0
1753769553993,06:12:33.993,bitget,XRP/USDT:USDT,3.1422,86359.0,3.1421,10270.0,3.1423,2563.0,3.1424,25244.0
1753769554143,06:12:34.143,bitget,XRP/USDT:USDT,3.1422,86359.0,3.1421,7246.0,3.1423,3286.0,3.1424,25244.0
1753769554293,06:12:34.293,bitget,XRP/USDT:USDT,3.1422,85489.0,3.1421,15359.0,3.1423,729.0,3.1424,25244.0
1753769554443,06:12:34.443,bitget,XRP/USDT:USDT,3.1422,85489.0,3.1421,15359.0,3.1423,729.0,3.1424,25244.0
1753769554593,06:12:34.593,bitget,XRP/USDT:USDT,3.1422,82471.0,3.1421,15359.0,3.1423,1413.0,3.1424,1507.0
1753769554893,06:12:34.893,bitget,XRP/USDT:USDT,3.1422,82465.0,3.1421,5197.0,3.1423,696.0,3.1424,6491.0
1753769555043,06:12:35.043,bitget,XRP/USDT:USDT,3.1422,82465.0,3.1421,8894.0,3.1423,6.0,3.1424,6491.0
1753769555193,06:12:35.193,bitget,XRP/USDT:USDT,3.1423,13188.0,3.1422,86278.0,3.1424,6491.0,3.1425,42.0
1753769555344,06:12:35.344,bitget,XRP/USDT:USDT,3.1423,39237.0,3.1422,60542.0,3.1424,10465.0,3.1425,7877.0
1753769555493,06:12:35.493,bitget,XRP/USDT:USDT,3.1423,39237.0,3.1422,55002.0,3.1424,9775.0,3.1425,7877.0
1753769556244,06:12:36.244,bitget,XRP/USDT:USDT,3.1424,22245.0,3.1423,13944.0,3.1425,11860.0,3.1426,31453.0
1753769556694,06:12:36.694,bitget,XRP/USDT:USDT,3.1424,13724.0,3.1423,7946.0,3.1425,10653.0,3.1426,31453.0
1753769557145,06:12:37.145,bitget,XRP/USDT:USDT,3.1424,13910.0,3.1423,7946.0,3.1425,11430.0,3.1426,22773.0
1753769557295,06:12:37.295,bitget,XRP/USDT:USDT,3.1424,13910.0,3.1423,7946.0,3.1425,9797.0,3.1426,25766.0
1753769557895,06:12:37.895,bitget,XRP/USDT:USDT,3.1424,13910.0,3.1423,7946.0,3.1425,9543.0,3.1426,6328.0
1753769558045,06:12:38.045,bitget,XRP/USDT:USDT,3.1424,13910.0,3.1423,7946.0,3.1425,9543.0,3.1426,10504.0
1753769558195,06:12:38.195,bitget,XRP/USDT:USDT,3.1424,13910.0,3.1423,7946.0,3.1425,9543.0,3.1426,10504.0
1753769558346,06:12:38.346,bitget,XRP/USDT:USDT,3.1424,13910.0,3.1423,7946.0,3.1425,9543.0,3.1426,10504.0
1753769558495,06:12:38.495,bitget,XRP/USDT:USDT,3.1424,13910.0,3.1423,7946.0,3.1425,10399.0,3.1426,10504.0
1753769558646,06:12:38.646,bitget,XRP/USDT:USDT,3.1424,13910.0,3.1423,7946.0,3.1425,10399.0,3.1426,10504.0
1753769558946,06:12:38.946,bitget,XRP/USDT:USDT,3.1424,13910.0,3.1423,7946.0,3.1425,10399.0,3.1426,10504.0
1753769559095,06:12:39.095,bitget,XRP/USDT:USDT,3.1424,13910.0,3.1423,7054.0,3.1425,10399.0,3.1426,10504.0
1753769559396,06:12:39.396,bitget,XRP/USDT:USDT,3.1424,10371.0,3.1423,6216.0,3.1425,38782.0,3.1426,10504.0
1753769559546,06:12:39.546,bitget,XRP/USDT:USDT,3.1424,6870.0,3.1423,6216.0,3.1425,58585.0,3.1426,9909.0
1753769559696,06:12:39.696,bitget,XRP/USDT:USDT,3.1424,7971.0,3.1423,6216.0,3.1425,52950.0,3.1426,9909.0
1753769559846,06:12:39.846,bitget,XRP/USDT:USDT,3.1424,7971.0,3.1423,6216.0,3.1425,52950.0,3.1426,9909.0
1753769559996,06:12:39.996,bitget,XRP/USDT:USDT,3.1424,8431.0,3.1423,6216.0,3.1425,52696.0,3.1426,9909.0
1753769560146,06:12:40.146,bitget,XRP/USDT:USDT,3.1424,8431.0,3.1423,6216.0,3.1425,52696.0,3.1426,9909.0
1753769560296,06:12:40.296,bitget,XRP/USDT:USDT,3.1424,8431.0,3.1423,6216.0,3.1425,52696.0,3.1426,9909.0
1753769560597,06:12:40.597,bitget,XRP/USDT:USDT,3.1424,8431.0,3.1423,6216.0,3.1425,52950.0,3.1426,9911.0
1753769560747,06:12:40.747,bitget,XRP/USDT:USDT,3.1424,8431.0,3.1423,6216.0,3.1425,52696.0,3.1426,9911.0
1753769560898,06:12:40.898,bitget,XRP/USDT:USDT,3.1424,8431.0,3.1423,6216.0,3.1425,52696.0,3.1426,9911.0
1753769561049,06:12:41.049,bitget,XRP/USDT:USDT,3.1424,8431.0,3.1423,6216.0,3.1425,52950.0,3.1426,9911.0
1753769561200,06:12:41.200,bitget,XRP/USDT:USDT,3.1424,8431.0,3.1423,6216.0,3.1425,52950.0,3.1426,9911.0
1753769561353,06:12:41.353,bitget,XRP/USDT:USDT,3.1424,8431.0,3.1423,6216.0,3.1425,52950.0,3.1426,9911.0
1753769561505,06:12:41.505,bitget,XRP/USDT:USDT,3.1424,8431.0,3.1423,6216.0,3.1425,43588.0,3.1426,9911.0
1753769561655,06:12:41.655,bitget,XRP/USDT:USDT,3.1424,8431.0,3.1423,6216.0,3.1425,19554.0,3.1426,9911.0
1753769562110,06:12:42.110,bitget,XRP/USDT:USDT,3.1424,17087.0,3.1423,7054.0,3.1425,9797.0,3.1426,9911.0
1753769562262,06:12:42.262,bitget,XRP/USDT:USDT,3.1424,17087.0,3.1423,7054.0,3.1425,9797.0,3.1426,9911.0
1753769562416,06:12:42.416,bitget,XRP/USDT:USDT,3.1424,17087.0,3.1423,7054.0,3.1425,9797.0,3.1426,9911.0
1753769562568,06:12:42.568,bitget,XRP/USDT:USDT,3.1424,17087.0,3.1423,7054.0,3.1425,9797.0,3.1426,9911.0
1753769562721,06:12:42.721,bitget,XRP/USDT:USDT,3.1424,17087.0,3.1423,7054.0,3.1425,9797.0,3.1426,9911.0
1753769562873,06:12:42.873,bitget,XRP/USDT:USDT,3.1424,17087.0,3.1423,7054.0,3.1425,9797.0,3.1426,9911.0
1753769563029,06:12:43.029,bitget,XRP/USDT:USDT,3.1424,9287.0,3.1423,7054.0,3.1425,9797.0,3.1426,9911.0
1753769563181,06:12:43.181,bitget,XRP/USDT:USDT,3.1424,9287.0,3.1423,7054.0,3.1425,7289.0,3.1426,9911.0
1753769563330,06:12:43.330,bitget,XRP/USDT:USDT,3.1424,9287.0,3.1423,7054.0,3.1425,7543.0,3.1426,9911.0
1753769563483,06:12:43.483,bitget,XRP/USDT:USDT,3.1424,9287.0,3.1423,7054.0,3.1425,8399.0,3.1426,9911.0
1753769563632,06:12:43.632,bitget,XRP/USDT:USDT,3.1424,9287.0,3.1423,7054.0,3.1425,8399.0,3.1426,9911.0
1753769563783,06:12:43.783,bitget,XRP/USDT:USDT,3.1424,9287.0,3.1423,7054.0,3.1425,8145.0,3.1426,9911.0
1753769564087,06:12:44.087,bitget,XRP/USDT:USDT,3.1424,8431.0,3.1423,7054.0,3.1425,8399.0,3.1426,9911.0
1753769564238,06:12:44.238,bitget,XRP/USDT:USDT,3.1424,8431.0,3.1423,7054.0,3.1425,8399.0,3.1426,9911.0
1753769564391,06:12:44.391,bitget,XRP/USDT:USDT,3.1424,9271.0,3.1423,7054.0,3.1425,8145.0,3.1426,9911.0
1753769564541,06:12:44.541,bitget,XRP/USDT:USDT,3.1424,9271.0,3.1423,7054.0,3.1425,8399.0,3.1426,9911.0
1753769564694,06:12:44.694,bitget,XRP/USDT:USDT,3.1424,17071.0,3.1423,7054.0,3.1425,8399.0,3.1426,9911.0
1753769564847,06:12:44.847,bitget,XRP/USDT:USDT,3.1424,17071.0,3.1423,7054.0,3.1425,10399.0,3.1426,9911.0
1753769565000,06:12:45.000,bitget,XRP/USDT:USDT,3.1424,17071.0,3.1423,7054.0,3.1425,9543.0,3.1426,9911.0
1753769565154,06:12:45.154,bitget,XRP/USDT:USDT,3.1424,17071.0,3.1423,7054.0,3.1425,9543.0,3.1426,9911.0
1753769565306,06:12:45.306,bitget,XRP/USDT:USDT,3.1424,9271.0,3.1423,7054.0,3.1425,6829.0,3.1426,9911.0
1753769565455,06:12:45.455,bitget,XRP/USDT:USDT,3.1424,9271.0,3.1423,7054.0,3.1425,7289.0,3.1426,9911.0
1753769565608,06:12:45.608,bitget,XRP/USDT:USDT,3.1424,9271.0,3.1423,7054.0,3.1425,7289.0,3.1426,9911.0
1753769565761,06:12:45.761,bitget,XRP/USDT:USDT,3.1424,9271.0,3.1423,7054.0,3.1425,7289.0,3.1426,9911.0
1753769565915,06:12:45.915,bitget,XRP/USDT:USDT,3.1424,9271.0,3.1423,7054.0,3.1425,6566.0,3.1426,9911.0
1753769566065,06:12:46.065,bitget,XRP/USDT:USDT,3.1424,9271.0,3.1423,7054.0,3.1425,6566.0,3.1426,9911.0
1753769566372,06:12:46.372,bitget,XRP/USDT:USDT,3.1424,9271.0,3.1423,7054.0,3.1425,7137.0,3.1426,9911.0
1753769566523,06:12:46.523,bitget,XRP/USDT:USDT,3.1424,9271.0,3.1423,7054.0,3.1425,7137.0,3.1426,9911.0
1753769566677,06:12:46.677,bitget,XRP/USDT:USDT,3.1424,9271.0,3.1423,7054.0,3.1425,7137.0,3.1426,9911.0
1753769566831,06:12:46.831,bitget,XRP/USDT:USDT,3.1424,9271.0,3.1423,7054.0,3.1425,7137.0,3.1426,9911.0
1753769566982,06:12:46.982,bitget,XRP/USDT:USDT,3.1424,9271.0,3.1423,7054.0,3.1425,7137.0,3.1426,9911.0
1753769567137,06:12:47.137,bitget,XRP/USDT:USDT,3.1424,9271.0,3.1423,7054.0,3.1425,7137.0,3.1426,9911.0
1753769567289,06:12:47.289,bitget,XRP/USDT:USDT,3.1424,9271.0,3.1423,7054.0,3.1425,7137.0,3.1426,9911.0
1753769567444,06:12:47.444,bitget,XRP/USDT:USDT,3.1424,9271.0,3.1423,7054.0,3.1425,7137.0,3.1426,9911.0
1753769567599,06:12:47.599,bitget,XRP/USDT:USDT,3.1424,9271.0,3.1423,7054.0,3.1425,7137.0,3.1426,9911.0
1753769567750,06:12:47.750,bitget,XRP/USDT:USDT,3.1424,17071.0,3.1423,7054.0,3.1425,7137.0,3.1426,9911.0
1753769567900,06:12:47.900,bitget,XRP/USDT:USDT,3.1424,17071.0,3.1423,7054.0,3.1425,7813.0,3.1426,9911.0
1753769568053,06:12:48.053,bitget,XRP/USDT:USDT,3.1424,17071.0,3.1423,7054.0,3.1425,7813.0,3.1426,9911.0
1753769568205,06:12:48.205,bitget,XRP/USDT:USDT,3.1424,17071.0,3.1423,7054.0,3.1425,7813.0,3.1426,9911.0
1753769568358,06:12:48.358,bitget,XRP/USDT:USDT,3.1424,17071.0,3.1423,7054.0,3.1425,7813.0,3.1426,9911.0
1753769568508,06:12:48.508,bitget,XRP/USDT:USDT,3.1424,17071.0,3.1423,7054.0,3.1425,8536.0,3.1426,9911.0
1753769568660,06:12:48.660,bitget,XRP/USDT:USDT,3.1424,17071.0,3.1423,7054.0,3.1425,8536.0,3.1426,9911.0
1753769568810,06:12:48.810,bitget,XRP/USDT:USDT,3.1424,17071.0,3.1423,14854.0,3.1425,8076.0,3.1426,9911.0
1753769568963,06:12:48.963,bitget,XRP/USDT:USDT,3.1424,17071.0,3.1423,14854.0,3.1425,8076.0,3.1426,9911.0
1753769569118,06:12:49.118,bitget,XRP/USDT:USDT,3.1424,17071.0,3.1423,14854.0,3.1425,7353.0,3.1426,9911.0
1753769569271,06:12:49.271,bitget,XRP/USDT:USDT,3.1424,17071.0,3.1423,14854.0,3.1425,7353.0,3.1426,9911.0
1753769569424,06:12:49.424,bitget,XRP/USDT:USDT,3.1424,17071.0,3.1423,14854.0,3.1425,7839.0,3.1426,9911.0
1753769569576,06:12:49.576,bitget,XRP/USDT:USDT,3.1424,17071.0,3.1423,14854.0,3.1425,7839.0,3.1426,9911.0
1753769569731,06:12:49.731,bitget,XRP/USDT:USDT,3.1424,17071.0,3.1423,17133.0,3.1425,7839.0,3.1426,9911.0
1753769569886,06:12:49.886,bitget,XRP/USDT:USDT,3.1424,17071.0,3.1423,14639.0,3.1425,7839.0,3.1426,9911.0
1753769570039,06:12:50.039,bitget,XRP/USDT:USDT,3.1424,17071.0,3.1423,14639.0,3.1425,7839.0,3.1426,9911.0
1753769570346,06:12:50.346,bitget,XRP/USDT:USDT,3.1424,17071.0,3.1423,23281.0,3.1425,7839.0,3.1426,9911.0
1753769570499,06:12:50.499,bitget,XRP/USDT:USDT,3.1424,17071.0,3.1423,23281.0,3.1425,7839.0,3.1426,9911.0
1753769570652,06:12:50.652,bitget,XRP/USDT:USDT,3.1424,17071.0,3.1423,23281.0,3.1425,7839.0,3.1426,9911.0
1753769570803,06:12:50.803,bitget,XRP/USDT:USDT,3.1424,17071.0,3.1423,23281.0,3.1425,7839.0,3.1426,9911.0
1753769570953,06:12:50.953,bitget,XRP/USDT:USDT,3.1424,17071.0,3.1423,23281.0,3.1425,7839.0,3.1426,9911.0
1753769571103,06:12:51.103,bitget,XRP/USDT:USDT,3.1424,17071.0,3.1423,23281.0,3.1425,7839.0,3.1426,9911.0
1753769571253,06:12:51.253,bitget,XRP/USDT:USDT,3.1424,17071.0,3.1423,23281.0,3.1425,7353.0,3.1426,9911.0
1753769571403,06:12:51.403,bitget,XRP/USDT:USDT,3.1424,17071.0,3.1423,23281.0,3.1425,7353.0,3.1426,9911.0
1753769571553,06:12:51.553,bitget,XRP/USDT:USDT,3.1424,17071.0,3.1423,23281.0,3.1425,7353.0,3.1426,9911.0
1753769571703,06:12:51.703,bitget,XRP/USDT:USDT,3.1424,17071.0,3.1423,23281.0,3.1425,7353.0,3.1426,9911.0
1753769571853,06:12:51.853,bitget,XRP/USDT:USDT,3.1424,17074.0,3.1423,23284.0,3.1425,6314.0,3.1426,9911.0
1753769572003,06:12:52.003,bitget,XRP/USDT:USDT,3.1424,17074.0,3.1423,23284.0,3.1425,6314.0,3.1426,9911.0
1753769572153,06:12:52.153,bitget,XRP/USDT:USDT,3.1424,17074.0,3.1423,27642.0,3.1425,6314.0,3.1426,9911.0
1753769572303,06:12:52.303,bitget,XRP/USDT:USDT,3.1424,17074.0,3.1423,27642.0,3.1425,6314.0,3.1426,9911.0
1753769572453,06:12:52.453,bitget,XRP/USDT:USDT,3.1424,17071.0,3.1423,27639.0,3.1425,6314.0,3.1426,9911.0
1753769572603,06:12:52.603,bitget,XRP/USDT:USDT,3.1424,17080.0,3.1423,33327.0,3.1425,42.0,3.1426,2.0
1753769572754,06:12:52.754,bitget,XRP/USDT:USDT,3.1424,26618.0,3.1423,34173.0,3.1425,48.0,3.1426,2.0
1753769572904,06:12:52.904,bitget,XRP/USDT:USDT,3.1424,26618.0,3.1423,29954.0,3.1425,48.0,3.1426,2.0
1753769573054,06:12:53.054,bitget,XRP/USDT:USDT,3.1424,26618.0,3.1423,37131.0,3.1425,48.0,3.1426,2.0
1753769573204,06:12:53.204,bitget,XRP/USDT:USDT,3.1424,26618.0,3.1423,37131.0,3.1425,48.0,3.1426,2.0
1753769573354,06:12:53.354,bitget,XRP/USDT:USDT,3.1424,26618.0,3.1423,37131.0,3.1425,48.0,3.1426,2.0
1753769573504,06:12:53.504,bitget,XRP/USDT:USDT,3.1424,26618.0,3.1423,37131.0,3.1425,48.0,3.1426,2.0
1753769573654,06:12:53.654,bitget,XRP/USDT:USDT,3.1424,26618.0,3.1423,37131.0,3.1425,48.0,3.1426,2.0
1753769573804,06:12:53.804,bitget,XRP/USDT:USDT,3.1424,26618.0,3.1423,64973.0,3.1425,48.0,3.1426,2.0
1753769573954,06:12:53.954,bitget,XRP/USDT:USDT,3.1424,26618.0,3.1423,57796.0,3.1425,48.0,3.1426,2.0
1753769574104,06:12:54.104,bitget,XRP/USDT:USDT,3.1424,26618.0,3.1423,57796.0,3.1425,48.0,3.1426,2.0
1753769574254,06:12:54.254,bitget,XRP/USDT:USDT,3.1424,26618.0,3.1423,29954.0,3.1425,48.0,3.1426,2.0
1753769574555,06:12:54.555,bitget,XRP/USDT:USDT,3.1424,26618.0,3.1423,37371.0,3.1425,48.0,3.1426,2.0
1753769574705,06:12:54.705,bitget,XRP/USDT:USDT,3.1424,26618.0,3.1423,57796.0,3.1425,48.0,3.1426,2.0
1753769574855,06:12:54.855,bitget,XRP/USDT:USDT,3.1424,26618.0,3.1423,57796.0,3.1425,48.0,3.1426,2.0
1753769575005,06:12:55.005,bitget,XRP/USDT:USDT,3.1424,26618.0,3.1423,57796.0,3.1425,48.0,3.1426,2.0
1753769575155,06:12:55.155,bitget,XRP/USDT:USDT,3.1424,26618.0,3.1423,57796.0,3.1425,48.0,3.1426,2.0
1753769575305,06:12:55.305,bitget,XRP/USDT:USDT,3.1424,26618.0,3.1423,57796.0,3.1425,48.0,3.1426,2.0
1753769575455,06:12:55.455,bitget,XRP/USDT:USDT,3.1424,26618.0,3.1423,57796.0,3.1425,48.0,3.1426,2.0
1753769575605,06:12:55.605,bitget,XRP/USDT:USDT,3.1427,17440.0,3.1426,4111.0,3.1428,11228.0,3.1429,28277.0
1753769575755,06:12:55.755,bitget,XRP/USDT:USDT,3.1427,52664.0,3.1426,20147.0,3.1428,6169.0,3.1429,28277.0
1753769575906,06:12:55.906,bitget,XRP/USDT:USDT,3.1427,52664.0,3.1426,29691.0,3.1428,6169.0,3.1429,28277.0
1753769576056,06:12:56.056,bitget,XRP/USDT:USDT,3.1427,60468.0,3.1426,14258.0,3.1428,6169.0,3.1429,28277.0
1753769576206,06:12:56.206,bitget,XRP/USDT:USDT,3.1427,60468.0,3.1426,14258.0,3.1428,5446.0,3.1429,28277.0
1753769576356,06:12:56.356,bitget,XRP/USDT:USDT,3.1427,60468.0,3.1426,14258.0,3.1428,5446.0,3.1429,28277.0
1753769576506,06:12:56.506,bitget,XRP/USDT:USDT,3.1427,60468.0,3.1426,14258.0,3.1428,5446.0,3.1429,28277.0
1753769576656,06:12:56.656,bitget,XRP/USDT:USDT,3.1427,60468.0,3.1426,7155.0,3.1428,5584.0,3.1429,28277.0
1753769576806,06:12:56.806,bitget,XRP/USDT:USDT,3.1427,60468.0,3.1426,4554.0,3.1428,9868.0,3.1429,28277.0
1753769576956,06:12:56.956,bitget,XRP/USDT:USDT,3.1427,48629.0,3.1426,4554.0,3.1428,10697.0,3.1429,28277.0
1753769577256,06:12:57.256,bitget,XRP/USDT:USDT,3.1427,36915.0,3.1426,3715.0,3.1428,9868.0,3.1429,28277.0
1753769577406,06:12:57.406,bitget,XRP/USDT:USDT,3.1427,36915.0,3.1426,3715.0,3.1428,9868.0,3.1429,28277.0
1753769577557,06:12:57.557,bitget,XRP/USDT:USDT,3.1427,36915.0,3.1426,3715.0,3.1428,10697.0,3.1429,27414.0
1753769577707,06:12:57.707,bitget,XRP/USDT:USDT,3.1427,36915.0,3.1426,6253.0,3.1428,10697.0,3.1429,28277.0
1753769577857,06:12:57.857,bitget,XRP/USDT:USDT,3.1427,36915.0,3.1426,6253.0,3.1428,9868.0,3.1429,28277.0
1753769578006,06:12:58.006,bitget,XRP/USDT:USDT,3.1427,36915.0,3.1426,6253.0,3.1428,11969.0,3.1429,28277.0
1753769578307,06:12:58.307,bitget,XRP/USDT:USDT,3.1427,36915.0,3.1426,6253.0,3.1428,11969.0,3.1429,28277.0
1753769578457,06:12:58.457,bitget,XRP/USDT:USDT,3.1427,36915.0,3.1426,6253.0,3.1428,11969.0,3.1429,28277.0
1753769578607,06:12:58.607,bitget,XRP/USDT:USDT,3.1427,36915.0,3.1426,6253.0,3.1428,11969.0,3.1429,28277.0
1753769578757,06:12:58.757,bitget,XRP/USDT:USDT,3.1427,36915.0,3.1426,6253.0,3.1428,11969.0,3.1429,28277.0
1753769578907,06:12:58.907,bitget,XRP/USDT:USDT,3.1427,36915.0,3.1426,6253.0,3.1428,11969.0,3.1429,28277.0
1753769579057,06:12:59.057,bitget,XRP/USDT:USDT,3.1427,36915.0,3.1426,6253.0,3.1428,11969.0,3.1429,28277.0
1753769579207,06:12:59.207,bitget,XRP/USDT:USDT,3.1427,36915.0,3.1426,6253.0,3.1428,11969.0,3.1429,28277.0
1753769579358,06:12:59.358,bitget,XRP/USDT:USDT,3.1427,36921.0,3.1426,7246.0,3.1428,4635.0,3.1429,28277.0
1753769579508,06:12:59.508,bitget,XRP/USDT:USDT,3.1427,36915.0,3.1426,7246.0,3.1428,3971.0,3.1429,28277.0
1753769579657,06:12:59.657,bitget,XRP/USDT:USDT,3.1427,46459.0,3.1426,3706.0,3.1428,3971.0,3.1429,28277.0
1753769579808,06:12:59.808,bitget,XRP/USDT:USDT,3.1429,870.0,3.1428,20357.0,3.143,2983.0,3.1431,28277.0
1753769579958,06:12:59.958,bitget,XRP/USDT:USDT,3.1429,67882.0,3.1428,31997.0,3.143,2926.0,3.1431,28277.0
1753769580108,06:13:00.108,bitget,XRP/USDT:USDT,3.1429,77420.0,3.1428,31127.0,3.143,9494.0,3.1431,28277.0
1753769580258,06:13:00.258,bitget,XRP/USDT:USDT,3.1429,72170.0,3.1428,24542.0,3.143,10184.0,3.1431,28277.0
1753769580408,06:13:00.408,bitget,XRP/USDT:USDT,3.1429,72170.0,3.1428,23672.0,3.143,10184.0,3.1431,28277.0
1753769580558,06:13:00.558,bitget,XRP/USDT:USDT,3.1429,72170.0,3.1428,22802.0,3.143,10184.0,3.1431,28277.0
1753769580708,06:13:00.708,bitget,XRP/USDT:USDT,3.1429,72170.0,3.1428,22802.0,3.143,10184.0,3.1431,28277.0
1753769580859,06:13:00.859,bitget,XRP/USDT:USDT,3.1429,72170.0,3.1428,22802.0,3.143,10184.0,3.1431,28277.0
1753769581159,06:13:01.159,bitget,XRP/USDT:USDT,3.1429,73154.0,3.1428,11402.0,3.143,2932.0,3.1431,28252.0
1753769581309,06:13:01.309,bitget,XRP/USDT:USDT,3.1429,73160.0,3.1428,9662.0,3.143,3148.0,3.1431,28252.0
1753769581459,06:13:01.459,bitget,XRP/USDT:USDT,3.1429,22072.0,3.1428,9245.0,3.143,7435.0,3.1431,1511.0
1753769581609,06:13:01.609,bitget,XRP/USDT:USDT,3.1429,9627.0,3.1428,9093.0,3.143,12503.0,3.1431,11571.0
1753769581909,06:13:01.909,bitget,XRP/USDT:USDT,3.1429,9627.0,3.1428,12904.0,3.143,6688.0,3.1431,11571.0
1753769582059,06:13:02.059,bitget,XRP/USDT:USDT,3.1429,9627.0,3.1428,12904.0,3.143,6688.0,3.1431,11571.0
1753769582209,06:13:02.209,bitget,XRP/USDT:USDT,3.1429,9627.0,3.1428,12904.0,3.143,5965.0,3.1431,11571.0
1753769582509,06:13:02.509,bitget,XRP/USDT:USDT,3.1429,9627.0,3.1428,12904.0,3.143,6688.0,3.1431,11571.0
1753769582660,06:13:02.660,bitget,XRP/USDT:USDT,3.1429,9627.0,3.1428,12904.0,3.143,7517.0,3.1431,11571.0
1753769582809,06:13:02.809,bitget,XRP/USDT:USDT,3.1429,9627.0,3.1428,12904.0,3.143,7517.0,3.1431,11571.0
1753769582960,06:13:02.960,bitget,XRP/USDT:USDT,3.1429,9627.0,3.1428,12904.0,3.143,6688.0,3.1431,11571.0
1753769583109,06:13:03.109,bitget,XRP/USDT:USDT,3.1429,9627.0,3.1428,12904.0,3.143,6688.0,3.1431,11571.0
1753769583260,06:13:03.260,bitget,XRP/USDT:USDT,3.1429,9627.0,3.1428,12904.0,3.143,6688.0,3.1431,11571.0
1753769583410,06:13:03.410,bitget,XRP/USDT:USDT,3.1429,9627.0,3.1428,12904.0,3.143,6688.0,3.1431,11571.0
1753769583560,06:13:03.560,bitget,XRP/USDT:USDT,3.1429,9627.0,3.1428,12904.0,3.143,7517.0,3.1431,11571.0
1753769583710,06:13:03.710,bitget,XRP/USDT:USDT,3.1429,9627.0,3.1428,12904.0,3.143,6688.0,3.1431,11571.0
1753769583860,06:13:03.860,bitget,XRP/USDT:USDT,3.1429,8798.0,3.1428,12904.0,3.143,7517.0,3.1431,11571.0
1753769584160,06:13:04.160,bitget,XRP/USDT:USDT,3.1427,34175.0,3.1426,5876.0,3.1428,43047.0,3.1429,31526.0
1753769584310,06:13:04.310,bitget,XRP/USDT:USDT,3.1427,29061.0,3.1425,9090.0,3.1428,69966.0,3.1429,15436.0
1753769584460,06:13:04.460,bitget,XRP/USDT:USDT,3.1427,31783.0,3.1425,5547.0,3.1428,79068.0,3.1429,15436.0
1753769584911,06:13:04.911,bitget,XRP/USDT:USDT,3.1427,31060.0,3.1425,2684.0,3.1428,79322.0,3.1429,15436.0
1753769585061,06:13:05.061,bitget,XRP/USDT:USDT,3.1427,31060.0,3.1425,2684.0,3.1428,79322.0,3.1429,15436.0
1753769585211,06:13:05.211,bitget,XRP/USDT:USDT,3.1427,31060.0,3.1425,2684.0,3.1428,78954.0,3.1429,15436.0
1753769585361,06:13:05.361,bitget,XRP/USDT:USDT,3.1427,32161.0,3.1425,2684.0,3.1428,78700.0,3.1429,15436.0
1753769585661,06:13:05.661,bitget,XRP/USDT:USDT,3.1427,35999.0,3.1425,4187.0,3.1428,11878.0,3.1429,14888.0
1753769585811,06:13:05.811,bitget,XRP/USDT:USDT,3.1427,35999.0,3.1425,14093.0,3.1428,2672.0,3.143,13244.0
1753769585961,06:13:05.961,bitget,XRP/USDT:USDT,3.1427,45543.0,3.1426,6016.0,3.1428,4791.0,3.1429,11046.0
1753769586111,06:13:06.111,bitget,XRP/USDT:USDT,3.1427,45543.0,3.1426,2507.0,3.1428,4791.0,3.1429,11046.0
1753769586261,06:13:06.261,bitget,XRP/USDT:USDT,3.1427,45543.0,3.1426,2507.0,3.1428,4791.0,3.1429,11046.0
1753769586412,06:13:06.412,bitget,XRP/USDT:USDT,3.1427,45543.0,3.1426,2507.0,3.1428,1260.0,3.1429,11046.0
1753769586562,06:13:06.562,bitget,XRP/USDT:USDT,3.1427,45543.0,3.1426,2507.0,3.1428,3127.0,3.1429,11046.0
1753769586862,06:13:06.862,bitget,XRP/USDT:USDT,3.1427,45543.0,3.1426,2507.0,3.1428,4048.0,3.1429,11046.0
1753769587162,06:13:07.162,bitget,XRP/USDT:USDT,3.1427,46532.0,3.1426,10823.0,3.1428,3684.0,3.143,13244.0
1753769587462,06:13:07.462,bitget,XRP/USDT:USDT,3.1427,46532.0,3.1426,3307.0,3.1428,6418.0,3.1429,10569.0
1753769587612,06:13:07.612,bitget,XRP/USDT:USDT,3.1427,46532.0,3.1426,3307.0,3.1428,6683.0,3.1429,10569.0
1753769587762,06:13:07.762,bitget,XRP/USDT:USDT,3.1427,46532.0,3.1426,3307.0,3.1428,6683.0,3.1429,10569.0
1753769587912,06:13:07.912,bitget,XRP/USDT:USDT,3.1427,46532.0,3.1426,3307.0,3.1428,5958.0,3.1429,10569.0
1753769588063,06:13:08.063,bitget,XRP/USDT:USDT,3.1427,46532.0,3.1426,3307.0,3.1428,5958.0,3.1429,10569.0
1753769588213,06:13:08.213,bitget,XRP/USDT:USDT,3.1427,46532.0,3.1426,3307.0,3.1428,42967.0,3.1429,10962.0
1753769588363,06:13:08.363,bitget,XRP/USDT:USDT,3.1427,36988.0,3.1426,3307.0,3.1428,42967.0,3.1429,10962.0
1753769588513,06:13:08.513,bitget,XRP/USDT:USDT,3.1427,35887.0,3.1426,3307.0,3.1428,58308.0,3.1429,10962.0
1753769588663,06:13:08.663,bitget,XRP/USDT:USDT,3.1427,36988.0,3.1426,3307.0,3.1428,58354.0,3.1429,10962.0
1753769588813,06:13:08.813,bitget,XRP/USDT:USDT,3.1427,36988.0,3.1426,3307.0,3.1428,57961.0,3.1429,10569.0
1753769588963,06:13:08.963,bitget,XRP/USDT:USDT,3.1427,36988.0,3.1426,3307.0,3.1428,57961.0,3.1429,10569.0
1753769589113,06:13:09.113,bitget,XRP/USDT:USDT,3.1427,36977.0,3.1426,3307.0,3.1428,57961.0,3.1429,10569.0
1753769589263,06:13:09.263,bitget,XRP/USDT:USDT,3.1427,36254.0,3.1426,3307.0,3.1428,57961.0,3.1429,10569.0
1753769589413,06:13:09.413,bitget,XRP/USDT:USDT,3.1427,36977.0,3.1426,3307.0,3.1428,57955.0,3.1429,10569.0
1753769589563,06:13:09.563,bitget,XRP/USDT:USDT,3.1427,36977.0,3.1426,3307.0,3.1428,57955.0,3.1429,10569.0
1753769589714,06:13:09.714,bitget,XRP/USDT:USDT,3.1427,36977.0,3.1426,3307.0,3.1428,57955.0,3.1429,10569.0
1753769589864,06:13:09.864,bitget,XRP/USDT:USDT,3.1427,36977.0,3.1426,3307.0,3.1428,57955.0,3.1429,10569.0
1753769590014,06:13:10.014,bitget,XRP/USDT:USDT,3.1427,36977.0,3.1426,3307.0,3.1428,57955.0,3.1429,10569.0
1753769590164,06:13:10.164,bitget,XRP/USDT:USDT,3.1427,36977.0,3.1426,3307.0,3.1428,57955.0,3.1429,10962.0
1753769590314,06:13:10.314,bitget,XRP/USDT:USDT,3.1427,36977.0,3.1426,3307.0,3.1428,57955.0,3.1429,10962.0
1753769590464,06:13:10.464,bitget,XRP/USDT:USDT,3.1427,36977.0,3.1426,3307.0,3.1428,57955.0,3.1429,10962.0
1753769590614,06:13:10.614,bitget,XRP/USDT:USDT,3.1427,36977.0,3.1426,3307.0,3.1428,5546.0,3.1429,10569.0
1753769590764,06:13:10.764,bitget,XRP/USDT:USDT,3.1427,36293.0,3.1426,12851.0,3.1428,11656.0,3.1429,10569.0
1753769590914,06:13:10.914,bitget,XRP/USDT:USDT,3.1427,36293.0,3.1426,12851.0,3.1428,5086.0,3.1429,10569.0
1753769591064,06:13:11.064,bitget,XRP/USDT:USDT,3.1427,36293.0,3.1426,12851.0,3.1428,4396.0,3.1429,10569.0
1753769591515,06:13:11.515,bitget,XRP/USDT:USDT,3.1427,35184.0,3.1426,800.0,3.1428,81121.0,3.1429,10962.0
1753769591665,06:13:11.665,bitget,XRP/USDT:USDT,3.1427,35184.0,3.1426,800.0,3.1428,80856.0,3.1429,10962.0
1753769591815,06:13:11.815,bitget,XRP/USDT:USDT,3.1427,35184.0,3.1426,800.0,3.1428,80856.0,3.1429,10962.0
1753769591964,06:13:11.964,bitget,XRP/USDT:USDT,3.1427,35184.0,3.1426,800.0,3.1428,80856.0,3.1429,10962.0
1753769592115,06:13:12.115,bitget,XRP/USDT:USDT,3.1427,35184.0,3.1426,800.0,3.1428,80396.0,3.1429,10962.0
1753769592265,06:13:12.265,bitget,XRP/USDT:USDT,3.1427,35181.0,3.1426,800.0,3.1428,80396.0,3.1429,10962.0
1753769592415,06:13:12.415,bitget,XRP/USDT:USDT,3.1427,35181.0,3.1426,800.0,3.1428,80003.0,3.1429,10569.0
1753769592565,06:13:12.565,bitget,XRP/USDT:USDT,3.1427,35181.0,3.1426,800.0,3.1428,80003.0,3.1429,10569.0
1753769592715,06:13:12.715,bitget,XRP/USDT:USDT,3.1427,35181.0,3.1426,800.0,3.1428,80003.0,3.1429,10569.0
1753769592865,06:13:12.865,bitget,XRP/USDT:USDT,3.1427,35181.0,3.1426,800.0,3.1428,80003.0,3.1429,10569.0
1753769593015,06:13:13.015,bitget,XRP/USDT:USDT,3.1427,35181.0,3.1426,800.0,3.1428,80003.0,3.1429,10569.0
1753769593166,06:13:13.166,bitget,XRP/USDT:USDT,3.1427,35181.0,3.1426,800.0,3.1428,80003.0,3.1429,10569.0
1753769593315,06:13:13.315,bitget,XRP/USDT:USDT,3.1427,35181.0,3.1426,800.0,3.1428,80003.0,3.1429,10569.0
1753769593766,06:13:13.766,bitget,XRP/USDT:USDT,3.1418,1789.0,3.1417,9548.0,3.1419,798.0,3.142,6163.0
1753769593916,06:13:13.916,bitget,XRP/USDT:USDT,3.1418,4692.0,3.1417,38595.0,3.1419,65084.0,3.142,980.0
1753769594216,06:13:14.216,bitget,XRP/USDT:USDT,3.1416,2596.0,3.1415,9653.0,3.1417,19198.0,3.1418,39780.0
1753769594366,06:13:14.366,bitget,XRP/USDT:USDT,3.1416,15601.0,3.1415,10043.0,3.1417,23893.0,3.1418,33305.0
1753769594666,06:13:14.666,bitget,XRP/USDT:USDT,3.1416,13023.0,3.1415,22409.0,3.1417,23825.0,3.1418,32455.0
1753769594816,06:13:14.816,bitget,XRP/USDT:USDT,3.1416,7541.0,3.1415,22409.0,3.1417,23825.0,3.1418,31775.0
1753769594967,06:13:14.967,bitget,XRP/USDT:USDT,3.1416,1595.0,3.1415,8853.0,3.1417,24472.0,3.1418,22556.0
1753769595267,06:13:15.267,bitget,XRP/USDT:USDT,3.1416,4593.0,3.1415,8853.0,3.1417,24472.0,3.1418,22556.0
1753769595567,06:13:15.567,bitget,XRP/USDT:USDT,3.1412,18744.0,3.1411,800.0,3.1413,67208.0,3.1414,9629.0
1753769595717,06:13:15.717,bitget,XRP/USDT:USDT,3.1412,38378.0,3.1411,8994.0,3.1413,51584.0,3.1414,12152.0
1753769595867,06:13:15.867,bitget,XRP/USDT:USDT,3.1412,39479.0,3.1411,8994.0,3.1413,51590.0,3.1414,12152.0
1753769596017,06:13:16.017,bitget,XRP/USDT:USDT,3.1412,34614.0,3.1411,9181.0,3.1413,51989.0,3.1414,12548.0
1753769596167,06:13:16.167,bitget,XRP/USDT:USDT,3.1412,35721.0,3.1411,9181.0,3.1413,51092.0,3.1414,12152.0
1753769596467,06:13:16.467,bitget,XRP/USDT:USDT,3.1412,35721.0,3.1411,9181.0,3.1413,40586.0,3.1414,12152.0
1753769596618,06:13:16.618,bitget,XRP/USDT:USDT,3.1412,35721.0,3.1411,9181.0,3.1413,39863.0,3.1414,12152.0
1753769596767,06:13:16.767,bitget,XRP/USDT:USDT,3.1412,35721.0,3.1411,9181.0,3.1413,39863.0,3.1414,12152.0
1753769596918,06:13:16.918,bitget,XRP/USDT:USDT,3.1412,35721.0,3.1411,9181.0,3.1413,39863.0,3.1414,12152.0
1753769597068,06:13:17.068,bitget,XRP/USDT:USDT,3.1412,35721.0,3.1411,9181.0,3.1413,39863.0,3.1414,12152.0
1753769597218,06:13:17.218,bitget,XRP/USDT:USDT,3.1412,35721.0,3.1411,9181.0,3.1413,40586.0,3.1414,12152.0
1753769597368,06:13:17.368,bitget,XRP/USDT:USDT,3.1412,35721.0,3.1411,9181.0,3.1413,40586.0,3.1414,12152.0
1753769597518,06:13:17.518,bitget,XRP/USDT:USDT,3.1412,35721.0,3.1411,9181.0,3.1413,40586.0,3.1414,12152.0
1753769597668,06:13:17.668,bitget,XRP/USDT:USDT,3.1412,34620.0,3.1411,9181.0,3.1413,40586.0,3.1414,12152.0
1753769597818,06:13:17.818,bitget,XRP/USDT:USDT,3.1412,34620.0,3.1411,9181.0,3.1413,40586.0,3.1414,12152.0
1753769597969,06:13:17.969,bitget,XRP/USDT:USDT,3.1412,35721.0,3.1411,9181.0,3.1413,40586.0,3.1414,12152.0
1753769598118,06:13:18.118,bitget,XRP/USDT:USDT,3.1412,35721.0,3.1411,9181.0,3.1413,40586.0,3.1414,12152.0
1753769598269,06:13:18.269,bitget,XRP/USDT:USDT,3.1412,34620.0,3.1411,9181.0,3.1413,39847.0,3.1414,12152.0
1753769598569,06:13:18.569,bitget,XRP/USDT:USDT,3.1412,723.0,3.141,985.0,3.1413,40533.0,3.1414,40822.0
1753769598719,06:13:18.719,bitget,XRP/USDT:USDT,3.1409,1305.0,3.1407,283.0,3.141,59915.0,3.1411,9228.0
1753769598868,06:13:18.868,bitget,XRP/USDT:USDT,3.1405,38029.0,3.1404,22443.0,3.1407,6365.0,3.1408,8436.0
1753769599019,06:13:19.019,bitget,XRP/USDT:USDT,3.1405,44425.0,3.1404,11311.0,3.1406,25988.0,3.1407,2575.0
1753769599170,06:13:19.170,bitget,XRP/USDT:USDT,3.1405,44419.0,3.1404,11311.0,3.1406,7291.0,3.1407,1733.0
1753769599319,06:13:19.319,bitget,XRP/USDT:USDT,3.1405,45142.0,3.1404,20862.0,3.1406,6087.0,3.1407,460.0
1753769599469,06:13:19.469,bitget,XRP/USDT:USDT,3.1405,54693.0,3.1404,11311.0,3.1406,6087.0,3.1407,460.0
1753769599619,06:13:19.619,bitget,XRP/USDT:USDT,3.1405,54693.0,3.1404,11311.0,3.1406,5649.0,3.1407,460.0
1753769599770,06:13:19.770,bitget,XRP/USDT:USDT,3.1405,54693.0,3.1404,11311.0,3.1406,5649.0,3.1407,460.0
1753769599920,06:13:19.920,bitget,XRP/USDT:USDT,3.1405,54693.0,3.1404,11311.0,3.1406,5649.0,3.1407,460.0
1753769600070,06:13:20.070,bitget,XRP/USDT:USDT,3.1405,54693.0,3.1404,11311.0,3.1406,5787.0,3.1407,460.0
1753769600220,06:13:20.220,bitget,XRP/USDT:USDT,3.1405,54693.0,3.1404,11311.0,3.1406,5787.0,3.1407,460.0
1753769600370,06:13:20.370,bitget,XRP/USDT:USDT,3.1405,54693.0,3.1404,11311.0,3.1406,5524.0,3.1407,460.0
1753769600519,06:13:20.519,bitget,XRP/USDT:USDT,3.1405,54693.0,3.1404,11311.0,3.1406,5524.0,3.1407,460.0
1753769600820,06:13:20.820,bitget,XRP/USDT:USDT,3.141,28606.0,3.1409,7116.0,3.1413,14644.0,3.1414,13155.0
1753769600970,06:13:20.970,bitget,XRP/USDT:USDT,3.1412,55677.0,3.1411,10106.0,3.1413,281.0,3.1417,1463.0
1753769601120,06:13:21.120,bitget,XRP/USDT:USDT,3.1412,52598.0,3.1411,33653.0,3.1413,281.0,3.1416,3536.0
1753769601270,06:13:21.270,bitget,XRP/USDT:USDT,3.1412,52604.0,3.1411,33641.0,3.1413,241.0,3.1416,711.0
1753769601420,06:13:21.420,bitget,XRP/USDT:USDT,3.1412,52604.0,3.1411,33641.0,3.1413,241.0,3.1416,11432.0
1753769601571,06:13:21.571,bitget,XRP/USDT:USDT,3.1412,52604.0,3.1411,33641.0,3.1413,241.0,3.1416,11432.0
1753769601721,06:13:21.721,bitget,XRP/USDT:USDT,3.1412,52604.0,3.1411,33641.0,3.1413,241.0,3.1416,11432.0
1753769601871,06:13:21.871,bitget,XRP/USDT:USDT,3.1412,52604.0,3.1411,33641.0,3.1413,241.0,3.1416,11432.0
1753769602020,06:13:22.020,bitget,XRP/USDT:USDT,3.1412,52604.0,3.1411,30960.0,3.1413,241.0,3.1416,11432.0
1753769602171,06:13:22.171,bitget,XRP/USDT:USDT,3.1412,41726.0,3.1411,1512.0,3.1413,964.0,3.1416,17002.0
1753769602321,06:13:22.321,bitget,XRP/USDT:USDT,3.1412,41726.0,3.1411,3107.0,3.1413,964.0,3.1415,2870.0
1753769602471,06:13:22.471,bitget,XRP/USDT:USDT,3.1412,41726.0,3.1411,2855.0,3.1413,964.0,3.1415,2870.0
1753769602621,06:13:22.621,bitget,XRP/USDT:USDT,3.1412,41726.0,3.1411,3107.0,3.1413,959.0,3.1415,4272.0
1753769602771,06:13:22.771,bitget,XRP/USDT:USDT,3.1412,41726.0,3.1411,3107.0,3.1413,959.0,3.1415,4272.0
1753769602921,06:13:22.921,bitget,XRP/USDT:USDT,3.1412,41726.0,3.1411,3107.0,3.1413,959.0,3.1415,4272.0
1753769603221,06:13:23.221,bitget,XRP/USDT:USDT,3.1412,41726.0,3.1411,30960.0,3.1413,959.0,3.1416,17002.0
1753769603372,06:13:23.372,bitget,XRP/USDT:USDT,3.1412,41726.0,3.1411,30960.0,3.1413,729.0,3.1416,15803.0
1753769603522,06:13:23.522,bitget,XRP/USDT:USDT,3.1412,41726.0,3.1411,30960.0,3.1413,6.0,3.1416,15803.0
1753769603672,06:13:23.672,bitget,XRP/USDT:USDT,3.1416,16503.0,3.1415,14685.0,3.1419,55581.0,3.142,15961.0
1753769603821,06:13:23.821,bitget,XRP/USDT:USDT,3.1418,21238.0,3.1417,6405.0,3.1419,126528.0,3.142,12917.0
1753769603972,06:13:23.972,bitget,XRP/USDT:USDT,3.1418,9114.0,3.1417,1454.0,3.1419,145260.0,3.142,12752.0
1753769604122,06:13:24.122,bitget,XRP/USDT:USDT,3.1418,17617.0,3.1417,1454.0,3.1419,111087.0,3.142,12306.0
1753769604272,06:13:24.272,bitget,XRP/USDT:USDT,3.1418,17617.0,3.1417,1977.0,3.1419,111087.0,3.142,12306.0
1753769604422,06:13:24.422,bitget,XRP/USDT:USDT,3.1418,18077.0,3.1417,1454.0,3.1419,111087.0,3.142,12306.0
1753769604722,06:13:24.722,bitget,XRP/USDT:USDT,3.1418,18077.0,3.1417,1454.0,3.1419,111087.0,3.142,12306.0
1753769604872,06:13:24.872,bitget,XRP/USDT:USDT,3.1418,14564.0,3.1417,1454.0,3.1419,111087.0,3.142,12306.0
1753769605023,06:13:25.023,bitget,XRP/USDT:USDT,3.1418,14564.0,3.1417,1454.0,3.1419,111087.0,3.142,12306.0
1753769605173,06:13:25.173,bitget,XRP/USDT:USDT,3.1418,15392.0,3.1417,1454.0,3.1419,111087.0,3.142,12306.0
1753769605323,06:13:25.323,bitget,XRP/USDT:USDT,3.1418,15392.0,3.1417,1454.0,3.1419,111087.0,3.142,12306.0
1753769605472,06:13:25.472,bitget,XRP/USDT:USDT,3.1418,15392.0,3.1417,1454.0,3.1419,111087.0,3.142,12306.0
1753769605623,06:13:25.623,bitget,XRP/USDT:USDT,3.1418,28676.0,3.1417,1454.0,3.1419,54323.0,3.142,12306.0
1753769605773,06:13:25.773,bitget,XRP/USDT:USDT,3.1418,28676.0,3.1417,1454.0,3.1419,44962.0,3.142,12306.0
1753769606223,06:13:26.223,bitget,XRP/USDT:USDT,3.1418,28261.0,3.1417,2032.0,3.1419,15912.0,3.142,22692.0
1753769606373,06:13:26.373,bitget,XRP/USDT:USDT,3.1418,28261.0,3.1417,4350.0,3.1419,15912.0,3.142,22692.0
1753769606523,06:13:26.523,bitget,XRP/USDT:USDT,3.1418,28261.0,3.1417,4350.0,3.1419,15912.0,3.142,22692.0
1753769606674,06:13:26.674,bitget,XRP/USDT:USDT,3.1418,28261.0,3.1417,1454.0,3.1419,15616.0,3.142,22692.0
1753769606824,06:13:26.824,bitget,XRP/USDT:USDT,3.1418,28261.0,3.1417,1454.0,3.1419,15616.0,3.142,22692.0
1753769606974,06:13:26.974,bitget,XRP/USDT:USDT,3.1421,62161.0,3.142,7824.0,3.1422,16302.0,3.1423,10845.0
1753769607273,06:13:27.273,bitget,XRP/USDT:USDT,3.1421,63638.0,3.142,24892.0,3.1422,17397.0,3.1423,10845.0
1753769607423,06:13:27.423,bitget,XRP/USDT:USDT,3.1421,63638.0,3.142,19249.0,3.1422,16814.0,3.1423,10845.0
1753769607573,06:13:27.573,bitget,XRP/USDT:USDT,3.1421,63638.0,3.142,19249.0,3.1422,16814.0,3.1423,10845.0
1753769607724,06:13:27.724,bitget,XRP/USDT:USDT,3.1421,63638.0,3.142,27443.0,3.1422,16814.0,3.1423,10845.0
1753769607874,06:13:27.874,bitget,XRP/USDT:USDT,3.1421,63638.0,3.142,27443.0,3.1422,16814.0,3.1423,10845.0
1753769608174,06:13:28.174,bitget,XRP/USDT:USDT,3.1421,63638.0,3.142,19249.0,3.1422,16814.0,3.1423,10845.0
1753769608325,06:13:28.325,bitget,XRP/USDT:USDT,3.1421,63638.0,3.142,19249.0,3.1422,16814.0,3.1423,10845.0
1753769608475,06:13:28.475,bitget,XRP/USDT:USDT,3.1421,63638.0,3.142,16086.0,3.1422,16814.0,3.1423,10845.0
1753769608775,06:13:28.775,bitget,XRP/USDT:USDT,3.1421,54783.0,3.142,16086.0,3.1422,15572.0,3.1423,10845.0
1753769608925,06:13:28.925,bitget,XRP/USDT:USDT,3.1421,28023.0,3.142,16086.0,3.1422,53411.0,3.1423,34817.0
1753769609075,06:13:29.075,bitget,XRP/USDT:USDT,3.1421,32427.0,3.142,6540.0,3.1422,67579.0,3.1423,34817.0
1753769609225,06:13:29.225,bitget,XRP/USDT:USDT,3.1421,31505.0,3.142,6540.0,3.1422,62220.0,3.1423,34792.0
1753769609375,06:13:29.375,bitget,XRP/USDT:USDT,3.1421,30677.0,3.142,4313.0,3.1422,62220.0,3.1423,34792.0
1753769609525,06:13:29.525,bitget,XRP/USDT:USDT,3.1421,30677.0,3.142,4313.0,3.1422,62220.0,3.1423,34792.0
1753769609675,06:13:29.675,bitget,XRP/USDT:USDT,3.1421,30677.0,3.142,4313.0,3.1422,62220.0,3.1423,34792.0
1753769609825,06:13:29.825,bitget,XRP/USDT:USDT,3.1421,30677.0,3.142,4313.0,3.1422,62220.0,3.1423,34792.0
1753769609976,06:13:29.976,bitget,XRP/USDT:USDT,3.1421,30677.0,3.142,4313.0,3.1422,62220.0,3.1423,34792.0
1753769610276,06:13:30.276,bitget,XRP/USDT:USDT,3.1421,30677.0,3.142,5965.0,3.1422,60958.0,3.1423,35990.0
1753769610425,06:13:30.425,bitget,XRP/USDT:USDT,3.1421,28452.0,3.142,5965.0,3.1422,60958.0,3.1423,35990.0
1753769610576,06:13:30.576,bitget,XRP/USDT:USDT,3.1421,31505.0,3.142,5965.0,3.1422,60958.0,3.1423,35990.0
1753769610726,06:13:30.726,bitget,XRP/USDT:USDT,3.1421,27101.0,3.142,5965.0,3.1422,8951.0,3.1423,13257.0
1753769611476,06:13:31.476,bitget,XRP/USDT:USDT,3.1421,25508.0,3.142,5965.0,3.1422,9214.0,3.1423,13257.0
1753769611776,06:13:31.776,bitget,XRP/USDT:USDT,3.1421,25508.0,3.142,5965.0,3.1422,9214.0,3.1423,13257.0
1753769611926,06:13:31.926,bitget,XRP/USDT:USDT,3.1421,25508.0,3.142,5965.0,3.1422,9214.0,3.1423,20176.0
1753769612077,06:13:32.077,bitget,XRP/USDT:USDT,3.1421,25508.0,3.142,5965.0,3.1422,1005.0,3.1423,24939.0
1753769612226,06:13:32.226,bitget,XRP/USDT:USDT,3.1421,35054.0,3.142,8982.0,3.1422,1005.0,3.1423,24939.0
1753769612377,06:13:32.377,bitget,XRP/USDT:USDT,3.1421,35054.0,3.142,6649.0,3.1422,1005.0,3.1423,32312.0
1753769612527,06:13:32.527,bitget,XRP/USDT:USDT,3.1421,35054.0,3.142,6649.0,3.1422,1005.0,3.1423,32312.0
1753769612677,06:13:32.677,bitget,XRP/USDT:USDT,3.1421,35054.0,3.142,6649.0,3.1422,1005.0,3.1423,32312.0
1753769612977,06:13:32.977,bitget,XRP/USDT:USDT,3.1421,35054.0,3.142,6649.0,3.1422,1005.0,3.1423,32312.0
1753769613127,06:13:33.127,bitget,XRP/USDT:USDT,3.1421,35054.0,3.142,6649.0,3.1422,1005.0,3.1423,32312.0
1753769613427,06:13:33.427,bitget,XRP/USDT:USDT,3.1421,35054.0,3.142,6649.0,3.1422,1465.0,3.1423,32312.0
1753769613578,06:13:33.578,bitget,XRP/USDT:USDT,3.1421,35054.0,3.142,6649.0,3.1422,1465.0,3.1423,32312.0
1753769613878,06:13:33.878,bitget,XRP/USDT:USDT,3.1421,31679.0,3.142,6649.0,3.1422,1465.0,3.1423,32312.0
1753769614028,06:13:34.028,bitget,XRP/USDT:USDT,3.1421,14165.0,3.142,5656.0,3.1422,32885.0,3.1423,32646.0
1753769614178,06:13:34.178,bitget,XRP/USDT:USDT,3.1421,3084.0,3.142,5656.0,3.1422,76562.0,3.1423,32646.0
1753769615079,06:13:35.079,bitget,XRP/USDT:USDT,3.1418,28014.0,3.1417,2074.0,3.1419,35633.0,3.142,29049.0
1753769615228,06:13:35.228,bitget,XRP/USDT:USDT,3.1418,28014.0,3.1417,2074.0,3.1419,14281.0,3.142,29049.0
1753769615379,06:13:35.379,bitget,XRP/USDT:USDT,3.1418,17131.0,3.1417,2074.0,3.1419,7539.0,3.142,19990.0
1753769615529,06:13:35.529,bitget,XRP/USDT:USDT,3.1418,19943.0,3.1417,5054.0,3.1419,4771.0,3.142,9500.0
1753769615679,06:13:35.679,bitget,XRP/USDT:USDT,3.1418,19943.0,3.1417,5054.0,3.1419,4771.0,3.142,9500.0
1753769615829,06:13:35.829,bitget,XRP/USDT:USDT,3.1418,18449.0,3.1417,2074.0,3.1419,10613.0,3.142,9500.0
1753769615979,06:13:35.979,bitget,XRP/USDT:USDT,3.1418,20049.0,3.1417,8344.0,3.1419,10348.0,3.142,19681.0
1753769616129,06:13:36.129,bitget,XRP/USDT:USDT,3.1418,22736.0,3.1417,8344.0,3.1419,8826.0,3.142,19681.0
1753769616279,06:13:36.279,bitget,XRP/USDT:USDT,3.1418,22736.0,3.1417,2074.0,3.1419,6319.0,3.142,19681.0
1753769616429,06:13:36.429,bitget,XRP/USDT:USDT,3.1418,20049.0,3.1417,2074.0,3.1419,3958.0,3.142,19681.0
1753769616579,06:13:36.579,bitget,XRP/USDT:USDT,3.1418,20049.0,3.1417,11621.0,3.1419,3958.0,3.142,19681.0
1753769616729,06:13:36.729,bitget,XRP/USDT:USDT,3.1418,20049.0,3.1417,11621.0,3.1419,3958.0,3.142,19681.0
1753769616879,06:13:36.879,bitget,XRP/USDT:USDT,3.1418,20049.0,3.1417,11621.0,3.1419,3958.0,3.142,19681.0
1753769617029,06:13:37.029,bitget,XRP/USDT:USDT,3.1418,20049.0,3.1417,11621.0,3.1419,3958.0,3.142,19681.0
1753769617180,06:13:37.180,bitget,XRP/USDT:USDT,3.1418,20049.0,3.1417,11890.0,3.1419,3958.0,3.142,19681.0
1753769617780,06:13:37.780,bitget,XRP/USDT:USDT,3.1418,17131.0,3.1417,2343.0,3.1419,3958.0,3.142,19681.0
1753769617930,06:13:37.930,bitget,XRP/USDT:USDT,3.1418,17131.0,3.1417,2343.0,3.1419,3958.0,3.142,19681.0
1753769618080,06:13:38.080,bitget,XRP/USDT:USDT,3.1418,17131.0,3.1417,2343.0,3.1419,22482.0,3.142,19681.0
1753769618230,06:13:38.230,bitget,XRP/USDT:USDT,3.1418,18413.0,3.1417,2343.0,3.1419,23083.0,3.142,20015.0
1753769618380,06:13:38.380,bitget,XRP/USDT:USDT,3.1418,15805.0,3.1417,5534.0,3.1419,13975.0,3.142,20015.0
1753769618530,06:13:38.530,bitget,XRP/USDT:USDT,3.1418,15805.0,3.1417,2074.0,3.1419,13975.0,3.142,20015.0
1753769618830,06:13:38.830,bitget,XRP/USDT:USDT,3.1418,17131.0,3.1417,2074.0,3.1419,3485.0,3.142,19681.0
1753769618980,06:13:38.980,bitget,XRP/USDT:USDT,3.1418,17131.0,3.1417,2074.0,3.1419,1735.0,3.142,19681.0
1753769619281,06:13:39.281,bitget,XRP/USDT:USDT,3.1418,33302.0,3.1417,2074.0,3.1419,1275.0,3.142,19221.0
1753769619431,06:13:39.431,bitget,XRP/USDT:USDT,3.1418,31378.0,3.1417,2315.0,3.1419,1275.0,3.142,19221.0
1753769619581,06:13:39.581,bitget,XRP/USDT:USDT,3.1418,31378.0,3.1417,2315.0,3.1419,1275.0,3.142,19221.0
1753769619731,06:13:39.731,bitget,XRP/USDT:USDT,3.1418,31378.0,3.1417,2315.0,3.1419,1275.0,3.142,19221.0
1753769619881,06:13:39.881,bitget,XRP/USDT:USDT,3.1418,26678.0,3.1417,2315.0,3.1419,6995.0,3.142,19221.0
1753769620031,06:13:40.031,bitget,XRP/USDT:USDT,3.1418,17131.0,3.1417,2315.0,3.1419,6995.0,3.142,19221.0
1753769620331,06:13:40.331,bitget,XRP/USDT:USDT,3.1418,26678.0,3.1417,5256.0,3.1419,1275.0,3.142,19221.0
1753769620482,06:13:40.482,bitget,XRP/USDT:USDT,3.1418,26678.0,3.1417,2315.0,3.1419,1275.0,3.142,19221.0
1753769620782,06:13:40.782,bitget,XRP/USDT:USDT,3.1418,26672.0,3.1417,2315.0,3.1419,1275.0,3.142,19221.0
1753769621082,06:13:41.082,bitget,XRP/USDT:USDT,3.1418,27921.0,3.1417,3435.0,3.1419,96.0,3.1421,22843.0
1753769621532,06:13:41.532,bitget,XRP/USDT:USDT,3.1418,27915.0,3.1417,11571.0,3.1419,102.0,3.1421,22843.0
1753769621682,06:13:41.682,bitget,XRP/USDT:USDT,3.1418,27915.0,3.1417,11571.0,3.1419,102.0,3.1421,22843.0
1753769621832,06:13:41.832,bitget,XRP/USDT:USDT,3.1418,27915.0,3.1417,11571.0,3.1419,102.0,3.1421,22843.0
1753769621982,06:13:41.982,bitget,XRP/USDT:USDT,3.1418,27915.0,3.1417,11571.0,3.1419,102.0,3.1421,22843.0
1753769622132,06:13:42.132,bitget,XRP/USDT:USDT,3.1418,27915.0,3.1417,11571.0,3.1419,141.0,3.1421,22843.0
1753769622283,06:13:42.283,bitget,XRP/USDT:USDT,3.1418,27915.0,3.1417,11571.0,3.1419,141.0,3.1421,22843.0
1753769622432,06:13:42.432,bitget,XRP/USDT:USDT,3.1418,27915.0,3.1417,11571.0,3.1419,141.0,3.1421,22843.0
1753769622882,06:13:42.882,bitget,XRP/USDT:USDT,3.1418,27669.0,3.1417,3151.0,3.1419,1217.0,3.1421,24042.0
1753769623033,06:13:43.033,bitget,XRP/USDT:USDT,3.1418,27669.0,3.1417,3151.0,3.1419,1217.0,3.1421,24042.0
1753769623183,06:13:43.183,bitget,XRP/USDT:USDT,3.1418,27669.0,3.1417,3151.0,3.1419,729.0,3.1421,22843.0
1753769623333,06:13:43.333,bitget,XRP/USDT:USDT,3.1418,27669.0,3.1417,11247.0,3.1419,729.0,3.1421,22843.0
1753769623483,06:13:43.483,bitget,XRP/USDT:USDT,3.1418,27669.0,3.1417,11247.0,3.1419,729.0,3.1421,22843.0
1753769623634,06:13:43.634,bitget,XRP/USDT:USDT,3.1418,27669.0,3.1417,11247.0,3.1419,729.0,3.1421,22843.0
1753769623783,06:13:43.783,bitget,XRP/USDT:USDT,3.1418,27669.0,3.1417,11247.0,3.1419,729.0,3.1421,22843.0
1753769623934,06:13:43.934,bitget,XRP/USDT:USDT,3.1418,27669.0,3.1417,3151.0,3.1419,729.0,3.1421,22843.0
1753769624084,06:13:44.084,bitget,XRP/USDT:USDT,3.1418,27669.0,3.1417,5684.0,3.1419,729.0,3.1421,24042.0
1753769624234,06:13:44.234,bitget,XRP/USDT:USDT,3.1418,27669.0,3.1417,5684.0,3.1419,729.0,3.1421,24042.0
1753769624383,06:13:44.383,bitget,XRP/USDT:USDT,3.1418,27290.0,3.1417,5684.0,3.1419,729.0,3.1421,24042.0
1753769624534,06:13:44.534,bitget,XRP/USDT:USDT,3.1418,27290.0,3.1417,5684.0,3.1419,729.0,3.1421,22843.0
1753769624684,06:13:44.684,bitget,XRP/USDT:USDT,3.1418,27290.0,3.1417,13722.0,3.1419,729.0,3.1421,22843.0
1753769624834,06:13:44.834,bitget,XRP/USDT:USDT,3.1418,27290.0,3.1417,13722.0,3.1419,729.0,3.1421,22843.0
1753769625134,06:13:45.134,bitget,XRP/USDT:USDT,3.1418,27290.0,3.1417,8715.0,3.1419,729.0,3.1421,18879.0
1753769625284,06:13:45.284,bitget,XRP/USDT:USDT,3.1418,27290.0,3.1417,8715.0,3.1419,729.0,3.1421,15528.0
1753769625434,06:13:45.434,bitget,XRP/USDT:USDT,3.1418,27290.0,3.1417,6630.0,3.1419,729.0,3.1421,15528.0
1753769625735,06:13:45.735,bitget,XRP/USDT:USDT,3.1418,27290.0,3.1417,11335.0,3.1419,729.0,3.1421,16727.0
1753769625884,06:13:45.884,bitget,XRP/USDT:USDT,3.1418,27290.0,3.1417,11335.0,3.1419,729.0,3.1421,16727.0
1753769626034,06:13:46.034,bitget,XRP/USDT:USDT,3.1418,27290.0,3.1417,11335.0,3.1419,729.0,3.1421,16702.0
1753769626185,06:13:46.185,bitget,XRP/USDT:USDT,3.1418,27290.0,3.1417,11335.0,3.1419,729.0,3.1421,16702.0
1753769626335,06:13:46.335,bitget,XRP/USDT:USDT,3.1418,27290.0,3.1417,11335.0,3.1419,729.0,3.1421,16702.0
1753769626485,06:13:46.485,bitget,XRP/USDT:USDT,3.1418,27290.0,3.1417,11335.0,3.1419,729.0,3.1421,15503.0
1753769626635,06:13:46.635,bitget,XRP/USDT:USDT,3.1418,27290.0,3.1417,11335.0,3.1419,729.0,3.1421,15503.0
1753769626785,06:13:46.785,bitget,XRP/USDT:USDT,3.1418,27290.0,3.1417,11335.0,3.1419,729.0,3.1421,15503.0
1753769626935,06:13:46.935,bitget,XRP/USDT:USDT,3.1418,27290.0,3.1417,11335.0,3.1419,729.0,3.1421,6884.0
1753769627086,06:13:47.086,bitget,XRP/USDT:USDT,3.1418,27290.0,3.1417,11335.0,3.1419,729.0,3.1421,16799.0
1753769627236,06:13:47.236,bitget,XRP/USDT:USDT,3.1418,27548.0,3.1417,39435.0,3.1419,723.0,3.1422,3043.0
1753769627386,06:13:47.386,bitget,XRP/USDT:USDT,3.1421,3708.0,3.142,11453.0,3.1422,10605.0,3.1423,24085.0
1753769627536,06:13:47.536,bitget,XRP/USDT:USDT,3.1421,33915.0,3.142,10670.0,3.1422,549.0,3.1423,26850.0
1753769627686,06:13:47.686,bitget,XRP/USDT:USDT,3.1421,43461.0,3.142,23971.0,3.1422,549.0,3.1423,26850.0
1753769627836,06:13:47.836,bitget,XRP/USDT:USDT,3.1421,38773.0,3.142,15061.0,3.1422,89.0,3.1423,26850.0
1753769627986,06:13:47.986,bitget,XRP/USDT:USDT,3.1421,39062.0,3.142,14091.0,3.1422,83.0,3.1425,32510.0
1753769628136,06:13:48.136,bitget,XRP/USDT:USDT,3.1421,39056.0,3.142,25383.0,3.1422,89.0,3.1424,7715.0
1753769628286,06:13:48.286,bitget,XRP/USDT:USDT,3.1421,39056.0,3.142,25383.0,3.1422,89.0,3.1424,19260.0
1753769628436,06:13:48.436,bitget,XRP/USDT:USDT,3.1424,18944.0,3.1423,30390.0,3.1425,50671.0,3.1426,63934.0
1753769628586,06:13:48.586,bitget,XRP/USDT:USDT,3.1424,29170.0,3.1423,9766.0,3.1425,17072.0,3.1426,44918.0
1753769628736,06:13:48.736,bitget,XRP/USDT:USDT,3.1424,16083.0,3.1423,5983.0,3.1425,25110.0,3.1426,16513.0
1753769628887,06:13:48.887,bitget,XRP/USDT:USDT,3.1424,17092.0,3.1423,3247.0,3.1425,13692.0,3.1426,19963.0
1753769629036,06:13:49.036,bitget,XRP/USDT:USDT,3.1424,22668.0,3.1423,13505.0,3.1425,6843.0,3.1426,19963.0
1753769629187,06:13:49.187,bitget,XRP/USDT:USDT,3.1424,22668.0,3.1423,13505.0,3.1425,6843.0,3.1426,28645.0
1753769629337,06:13:49.337,bitget,XRP/USDT:USDT,3.1424,17568.0,3.1423,9606.0,3.1425,6843.0,3.1426,28645.0
1753769629487,06:13:49.487,bitget,XRP/USDT:USDT,3.1424,17778.0,3.1423,5946.0,3.1425,4068.0,3.1426,31420.0
1753769629787,06:13:49.787,bitget,XRP/USDT:USDT,3.1419,283.0,3.1418,16250.0,3.1422,6360.0,3.1423,1572.0
1753769629937,06:13:49.937,bitget,XRP/USDT:USDT,3.1419,15083.0,3.1418,18046.0,3.142,50277.0,3.1421,10241.0
1753769630087,06:13:50.087,bitget,XRP/USDT:USDT,3.1419,26907.0,3.1418,25072.0,3.142,17380.0,3.1421,26399.0
1753769630237,06:13:50.237,bitget,XRP/USDT:USDT,3.1419,27603.0,3.1418,25072.0,3.142,1167.0,3.1421,19751.0
1753769630387,06:13:50.387,bitget,XRP/USDT:USDT,3.1419,28011.0,3.1418,13445.0,3.142,729.0,3.1421,19751.0
1753769630538,06:13:50.538,bitget,XRP/USDT:USDT,3.1419,28011.0,3.1418,13445.0,3.142,729.0,3.1421,5967.0
1753769630688,06:13:50.688,bitget,XRP/USDT:USDT,3.1422,1940.0,3.142,19087.0,3.1424,1199.0,3.1425,1318.0
1753769630838,06:13:50.838,bitget,XRP/USDT:USDT,3.1424,23553.0,3.1423,16804.0,3.1425,35996.0,3.1426,40025.0
1753769630988,06:13:50.988,bitget,XRP/USDT:USDT,3.1424,23073.0,3.1423,10617.0,3.1425,53874.0,3.1426,42264.0
1753769631137,06:13:51.137,bitget,XRP/USDT:USDT,3.1424,4363.0,3.1423,10617.0,3.1425,54597.0,3.1426,42264.0
1753769631288,06:13:51.288,bitget,XRP/USDT:USDT,3.1424,1557.0,3.1423,10465.0,3.1425,54597.0,3.1426,42264.0
1753769631438,06:13:51.438,bitget,XRP/USDT:USDT,3.1424,1557.0,3.1423,10465.0,3.1425,54597.0,3.1426,46405.0
1753769631588,06:13:51.588,bitget,XRP/USDT:USDT,3.1424,6429.0,3.1423,9469.0,3.1425,64712.0,3.1426,43185.0
1753769631738,06:13:51.738,bitget,XRP/USDT:USDT,3.1424,4240.0,3.1423,9469.0,3.1425,64372.0,3.1426,42851.0
1753769631888,06:13:51.888,bitget,XRP/USDT:USDT,3.1424,4240.0,3.1423,9469.0,3.1425,64372.0,3.1426,42851.0
1753769632038,06:13:52.038,bitget,XRP/USDT:USDT,3.1424,4240.0,3.1423,9469.0,3.1425,64372.0,3.1426,42851.0
1753769632188,06:13:52.188,bitget,XRP/USDT:USDT,3.1424,3150.0,3.1423,9469.0,3.1425,64372.0,3.1426,42851.0
1753769632339,06:13:52.339,bitget,XRP/USDT:USDT,3.1424,2427.0,3.1423,9469.0,3.1425,64372.0,3.1426,42851.0
1753769632489,06:13:52.489,bitget,XRP/USDT:USDT,3.1424,36.0,3.1423,6216.0,3.1425,75665.0,3.1426,42851.0
1753769632639,06:13:52.639,bitget,XRP/USDT:USDT,3.1419,432.0,3.1418,10075.0,3.1424,24458.0,3.1425,76305.0
1753769632789,06:13:52.789,bitget,XRP/USDT:USDT,3.1419,1122.0,3.1418,10075.0,3.142,68767.0,3.1421,7815.0
1753769633088,06:13:53.088,bitget,XRP/USDT:USDT,3.1419,32117.0,3.1418,12919.0,3.142,32492.0,3.1421,7815.0
1753769633238,06:13:53.238,bitget,XRP/USDT:USDT,3.1419,21054.0,3.1418,10693.0,3.142,3149.0,3.1421,7815.0
1753769633389,06:13:53.389,bitget,XRP/USDT:USDT,3.1419,21054.0,3.1418,20240.0,3.142,2426.0,3.1421,7815.0
1753769633539,06:13:53.539,bitget,XRP/USDT:USDT,3.1419,27987.0,3.1418,11562.0,3.142,6468.0,3.1421,6957.0
1753769633689,06:13:53.689,bitget,XRP/USDT:USDT,3.1419,17582.0,3.1418,13854.0,3.142,10168.0,3.1421,6957.0
1753769633839,06:13:53.839,bitget,XRP/USDT:USDT,3.1419,17582.0,3.1418,16203.0,3.142,7972.0,3.1421,24259.0
1753769633989,06:13:53.989,bitget,XRP/USDT:USDT,3.1419,17582.0,3.1418,16203.0,3.142,7972.0,3.1421,14756.0
1753769634139,06:13:54.139,bitget,XRP/USDT:USDT,3.1419,9782.0,3.1418,19936.0,3.142,51831.0,3.1421,14756.0
1753769634440,06:13:54.440,bitget,XRP/USDT:USDT,3.1419,9322.0,3.1418,13717.0,3.142,58708.0,3.1421,23964.0
1753769634590,06:13:54.590,bitget,XRP/USDT:USDT,3.1419,9322.0,3.1418,10901.0,3.142,58708.0,3.1421,23964.0
1753769634740,06:13:54.740,bitget,XRP/USDT:USDT,3.1419,9322.0,3.1418,10315.0,3.142,58708.0,3.1421,23964.0
1753769634890,06:13:54.890,bitget,XRP/USDT:USDT,3.1419,9782.0,3.1418,10315.0,3.142,58708.0,3.1421,23964.0
1753769635040,06:13:55.040,bitget,XRP/USDT:USDT,3.1419,9782.0,3.1418,10315.0,3.142,53073.0,3.1421,23964.0
1753769635491,06:13:55.491,bitget,XRP/USDT:USDT,3.1419,17878.0,3.1418,15296.0,3.142,14272.0,3.1421,23964.0
1753769635642,06:13:55.642,bitget,XRP/USDT:USDT,3.1419,11433.0,3.1418,15296.0,3.142,14272.0,3.1421,23964.0
1753769635794,06:13:55.794,bitget,XRP/USDT:USDT,3.1419,13280.0,3.1418,15296.0,3.142,5131.0,3.1421,23964.0
1753769635945,06:13:55.945,bitget,XRP/USDT:USDT,3.1419,12496.0,3.1418,15296.0,3.142,5131.0,3.1421,23964.0
1753769636101,06:13:56.101,bitget,XRP/USDT:USDT,3.1419,11220.0,3.1418,15296.0,3.142,2232.0,3.1421,6957.0
1753769636864,06:13:56.864,bitget,XRP/USDT:USDT,3.1423,45586.0,3.1422,55160.0,3.1424,19222.0,3.1425,23446.0
1753769637322,06:13:57.322,bitget,XRP/USDT:USDT,3.1423,36856.0,3.1422,56886.0,3.1424,17655.0,3.1425,23446.0
1753769637475,06:13:57.475,bitget,XRP/USDT:USDT,3.1423,36856.0,3.1422,56886.0,3.1424,17655.0,3.1425,23446.0
1753769637781,06:13:57.781,bitget,XRP/USDT:USDT,3.1423,36856.0,3.1422,53048.0,3.1424,17719.0,3.1425,23446.0
1753769637934,06:13:57.934,bitget,XRP/USDT:USDT,3.1423,36856.0,3.1422,54665.0,3.1424,17747.0,3.1425,23446.0
1753769638085,06:13:58.085,bitget,XRP/USDT:USDT,3.1423,36856.0,3.1422,54665.0,3.1424,17747.0,3.1425,23446.0
1753769638239,06:13:58.239,bitget,XRP/USDT:USDT,3.1423,36856.0,3.1422,54665.0,3.1424,15364.0,3.1425,23446.0
1753769638393,06:13:58.393,bitget,XRP/USDT:USDT,3.1423,36856.0,3.1422,62762.0,3.1424,14641.0,3.1425,23446.0
1753769638547,06:13:58.547,bitget,XRP/USDT:USDT,3.1423,36856.0,3.1422,62762.0,3.1424,14641.0,3.1425,23446.0
1753769639457,06:13:59.457,bitget,XRP/USDT:USDT,3.1429,7795.0,3.1428,23.0,3.143,8981.0,3.1431,47670.0
1753769639611,06:13:59.611,bitget,XRP/USDT:USDT,3.1429,10887.0,3.1428,23.0,3.143,5660.0,3.1431,47670.0
1753769639764,06:13:59.764,bitget,XRP/USDT:USDT,3.1429,9130.0,3.1428,23.0,3.143,13411.0,3.1431,47670.0
1753769640071,06:14:00.071,bitget,XRP/USDT:USDT,3.1429,723.0,3.1427,361.0,3.143,80849.0,3.1431,42252.0
1753769640375,06:14:00.375,bitget,XRP/USDT:USDT,3.1426,14208.0,3.1425,460.0,3.1427,31116.0,3.1428,27024.0
1753769640675,06:14:00.675,bitget,XRP/USDT:USDT,3.1426,15566.0,3.1425,1120.0,3.1427,11898.0,3.1428,35816.0
1753769640826,06:14:00.826,bitget,XRP/USDT:USDT,3.1426,15566.0,3.1425,2109.0,3.1427,10626.0,3.1428,28575.0
1753769640978,06:14:00.978,bitget,XRP/USDT:USDT,3.1427,28504.0,3.1426,17428.0,3.1428,28575.0,3.1429,321.0
1753769641131,06:14:01.131,bitget,XRP/USDT:USDT,3.1427,48245.0,3.1426,12253.0,3.1428,26510.0,3.1429,8273.0
1753769641286,06:14:01.286,bitget,XRP/USDT:USDT,3.1427,25855.0,3.1426,14115.0,3.1428,26510.0,3.1429,11345.0
1753769641437,06:14:01.437,bitget,XRP/USDT:USDT,3.1427,25855.0,3.1426,13150.0,3.1428,27233.0,3.1429,11345.0
1753769641591,06:14:01.591,bitget,XRP/USDT:USDT,3.1427,25855.0,3.1426,13150.0,3.1428,27233.0,3.1429,3393.0
1753769641745,06:14:01.745,bitget,XRP/USDT:USDT,3.1427,25855.0,3.1426,10669.0,3.1428,27233.0,3.1429,12810.0
1753769641897,06:14:01.897,bitget,XRP/USDT:USDT,3.1427,25855.0,3.1426,10669.0,3.1428,27233.0,3.1429,12810.0
1753769642049,06:14:02.049,bitget,XRP/USDT:USDT,3.1427,25855.0,3.1426,10669.0,3.1428,27233.0,3.1429,12810.0
1753769642198,06:14:02.198,bitget,XRP/USDT:USDT,3.1427,16448.0,3.1426,10669.0,3.1428,57034.0,3.1429,12810.0
1753769642348,06:14:02.348,bitget,XRP/USDT:USDT,3.1427,14708.0,3.1426,7665.0,3.1428,57034.0,3.1429,12810.0
1753769642500,06:14:02.500,bitget,XRP/USDT:USDT,3.1427,18260.0,3.1426,8739.0,3.1428,27693.0,3.1429,12810.0
1753769642651,06:14:02.651,bitget,XRP/USDT:USDT,3.1427,18260.0,3.1426,11367.0,3.1428,28560.0,3.1429,12810.0
1753769642803,06:14:02.803,bitget,XRP/USDT:USDT,3.1427,18260.0,3.1426,11367.0,3.1428,27693.0,3.1429,12810.0
1753769642956,06:14:02.956,bitget,XRP/USDT:USDT,3.1427,18260.0,3.1426,11367.0,3.1428,27693.0,3.1429,4895.0
1753769643109,06:14:03.109,bitget,XRP/USDT:USDT,3.1427,17393.0,3.1426,11367.0,3.1428,28560.0,3.1429,13890.0
1753769643414,06:14:03.414,bitget,XRP/USDT:USDT,3.1427,14570.0,3.1426,7665.0,3.1428,47972.0,3.1429,13890.0
1753769643567,06:14:03.567,bitget,XRP/USDT:USDT,3.1427,14708.0,3.1426,7665.0,3.1428,37461.0,3.1429,13890.0
1753769643721,06:14:03.721,bitget,XRP/USDT:USDT,3.1427,15168.0,3.1426,7665.0,3.1428,37461.0,3.1429,13890.0
1753769643873,06:14:03.873,bitget,XRP/USDT:USDT,3.1427,15168.0,3.1426,7665.0,3.1428,37461.0,3.1429,13890.0
1753769644023,06:14:04.023,bitget,XRP/USDT:USDT,3.1427,16933.0,3.1426,7665.0,3.1428,31710.0,3.1429,15134.0
1753769644173,06:14:04.173,bitget,XRP/USDT:USDT,3.1427,17393.0,3.1426,7665.0,3.1428,31710.0,3.1429,15134.0
1753769644326,06:14:04.326,bitget,XRP/USDT:USDT,3.1427,17393.0,3.1426,7665.0,3.1428,31710.0,3.1429,15134.0
1753769644477,06:14:04.477,bitget,XRP/USDT:USDT,3.1427,17393.0,3.1426,7665.0,3.1428,31710.0,3.1429,15134.0
1753769644781,06:14:04.781,bitget,XRP/USDT:USDT,3.1427,17393.0,3.1426,7665.0,3.1428,31710.0,3.1429,15134.0
1753769644931,06:14:04.931,bitget,XRP/USDT:USDT,3.1427,17393.0,3.1426,7665.0,3.1428,22809.0,3.1429,15134.0
1753769645082,06:14:05.082,bitget,XRP/USDT:USDT,3.1427,17393.0,3.1426,7665.0,3.1428,22809.0,3.1429,15134.0
1753769645387,06:14:05.387,bitget,XRP/USDT:USDT,3.1427,17393.0,3.1426,7665.0,3.1428,22809.0,3.1429,15134.0
1753769645541,06:14:05.541,bitget,XRP/USDT:USDT,3.1427,18231.0,3.1426,7665.0,3.1428,1189.0,3.1429,35887.0
1753769645846,06:14:05.846,bitget,XRP/USDT:USDT,3.1427,18231.0,3.1426,7665.0,3.1428,6089.0,3.1429,35887.0
1753769645997,06:14:05.997,bitget,XRP/USDT:USDT,3.1427,18231.0,3.1426,14440.0,3.1428,6089.0,3.1429,35887.0
1753769646146,06:14:06.146,bitget,XRP/USDT:USDT,3.1427,18231.0,3.1426,14440.0,3.1428,6089.0,3.1429,35887.0
1753769646296,06:14:06.296,bitget,XRP/USDT:USDT,3.1427,18231.0,3.1426,14440.0,3.1428,6089.0,3.1429,35887.0
1753769646447,06:14:06.447,bitget,XRP/USDT:USDT,3.1427,18231.0,3.1426,14440.0,3.1428,6089.0,3.1429,35887.0
1753769646597,06:14:06.597,bitget,XRP/USDT:USDT,3.1427,18231.0,3.1426,14440.0,3.1428,6089.0,3.1429,35887.0
1753769646747,06:14:06.747,bitget,XRP/USDT:USDT,3.1427,18231.0,3.1426,14440.0,3.1428,6089.0,3.1429,35887.0
1753769646897,06:14:06.897,bitget,XRP/USDT:USDT,3.1427,19473.0,3.1426,19388.0,3.1428,723.0,3.1429,22318.0
1753769647047,06:14:07.047,bitget,XRP/USDT:USDT,3.1428,25615.0,3.1427,29016.0,3.1432,27286.0,3.1433,1913.0
1753769647197,06:14:07.197,bitget,XRP/USDT:USDT,3.1431,73670.0,3.143,7923.0,3.1432,26163.0,3.1433,3961.0
1753769647647,06:14:07.647,bitget,XRP/USDT:USDT,3.1431,76795.0,3.143,12844.0,3.1432,26985.0,3.1433,2937.0
1753769647797,06:14:07.797,bitget,XRP/USDT:USDT,3.1431,76801.0,3.143,12844.0,3.1432,1282.0,3.1433,2495.0
1753769647948,06:14:07.948,bitget,XRP/USDT:USDT,3.1431,86482.0,3.143,12844.0,3.1432,10822.0,3.1433,11106.0
1753769648097,06:14:08.097,bitget,XRP/USDT:USDT,3.1431,86476.0,3.143,10273.0,3.1432,11551.0,3.1433,20106.0
1753769648248,06:14:08.248,bitget,XRP/USDT:USDT,3.1431,86476.0,3.143,7200.0,3.1432,11551.0,3.1433,20106.0
1753769648398,06:14:08.398,bitget,XRP/USDT:USDT,3.1431,86476.0,3.143,8411.0,3.1432,11551.0,3.1433,20106.0
1753769648548,06:14:08.548,bitget,XRP/USDT:USDT,3.1431,86476.0,3.143,8411.0,3.1432,11551.0,3.1433,20106.0
1753769648698,06:14:08.698,bitget,XRP/USDT:USDT,3.1431,86476.0,3.143,8411.0,3.1432,11551.0,3.1433,20106.0
1753769648848,06:14:08.848,bitget,XRP/USDT:USDT,3.1431,86476.0,3.143,8411.0,3.1432,11551.0,3.1433,20106.0
1753769648998,06:14:08.998,bitget,XRP/USDT:USDT,3.1431,86476.0,3.143,8411.0,3.1432,11551.0,3.1433,20106.0
1753769649148,06:14:09.148,bitget,XRP/USDT:USDT,3.1431,49690.0,3.143,10362.0,3.1432,12011.0,3.1433,20106.0
1753769649298,06:14:09.298,bitget,XRP/USDT:USDT,3.1431,39666.0,3.143,10362.0,3.1432,12011.0,3.1433,20106.0
1753769649448,06:14:09.448,bitget,XRP/USDT:USDT,3.1431,41891.0,3.143,12980.0,3.1432,12011.0,3.1433,20106.0
1753769649598,06:14:09.598,bitget,XRP/USDT:USDT,3.1431,41891.0,3.143,12980.0,3.1432,12011.0,3.1433,20106.0
1753769649748,06:14:09.748,bitget,XRP/USDT:USDT,3.1431,41891.0,3.143,12980.0,3.1432,12011.0,3.1433,20106.0
1753769649898,06:14:09.898,bitget,XRP/USDT:USDT,3.1431,41891.0,3.143,12980.0,3.1432,10889.0,3.1433,20106.0
1753769650049,06:14:10.049,bitget,XRP/USDT:USDT,3.1431,41891.0,3.143,12980.0,3.1432,10889.0,3.1433,20106.0
1753769650199,06:14:10.199,bitget,XRP/USDT:USDT,3.1431,41891.0,3.143,12980.0,3.1432,10889.0,3.1433,20106.0
1753769650499,06:14:10.499,bitget,XRP/USDT:USDT,3.1431,41891.0,3.143,12980.0,3.1432,10889.0,3.1433,20106.0
1753769650649,06:14:10.649,bitget,XRP/USDT:USDT,3.1431,41891.0,3.143,12980.0,3.1432,10889.0,3.1433,20106.0
1753769650799,06:14:10.799,bitget,XRP/USDT:USDT,3.1431,41891.0,3.143,12980.0,3.1432,10889.0,3.1433,20106.0
1753769650949,06:14:10.949,bitget,XRP/USDT:USDT,3.1431,42879.0,3.143,12248.0,3.1432,10883.0,3.1433,20106.0
1753769651099,06:14:11.099,bitget,XRP/USDT:USDT,3.1431,42879.0,3.143,12248.0,3.1432,10423.0,3.1433,20106.0
1753769651249,06:14:11.249,bitget,XRP/USDT:USDT,3.1431,42873.0,3.143,12248.0,3.1432,6.0,3.1433,20106.0
1753769651400,06:14:11.400,bitget,XRP/USDT:USDT,3.1433,3008.0,3.1432,24262.0,3.1434,32281.0,3.1435,30142.0
1753769651550,06:14:11.550,bitget,XRP/USDT:USDT,3.1433,55699.0,3.1432,23736.0,3.1434,28325.0,3.1435,35022.0
1753769651700,06:14:11.700,bitget,XRP/USDT:USDT,3.1433,47869.0,3.1432,23736.0,3.1434,29048.0,3.1435,35022.0
1753769651850,06:14:11.850,bitget,XRP/USDT:USDT,3.1433,46999.0,3.1432,17861.0,3.1434,28590.0,3.1435,6008.0
1753769652000,06:14:12.000,bitget,XRP/USDT:USDT,3.1433,46930.0,3.1432,17861.0,3.1434,28590.0,3.1435,6008.0
1753769652149,06:14:12.149,bitget,XRP/USDT:USDT,3.1433,46930.0,3.1432,17861.0,3.1434,28590.0,3.1435,6008.0
1753769652600,06:14:12.600,bitget,XRP/USDT:USDT,3.1433,46930.0,3.1432,7609.0,3.1434,27867.0,3.1435,6008.0
1753769652750,06:14:12.750,bitget,XRP/USDT:USDT,3.1433,46930.0,3.1432,13401.0,3.1434,27867.0,3.1435,6008.0
1753769652900,06:14:12.900,bitget,XRP/USDT:USDT,3.1433,46930.0,3.1432,13401.0,3.1434,27867.0,3.1435,6008.0
1753769653050,06:14:13.050,bitget,XRP/USDT:USDT,3.1433,46930.0,3.1432,13401.0,3.1434,28590.0,3.1435,6008.0
1753769653201,06:14:13.201,bitget,XRP/USDT:USDT,3.1433,46930.0,3.1432,13401.0,3.1434,16513.0,3.1435,26825.0
1753769653351,06:14:13.351,bitget,XRP/USDT:USDT,3.1433,46930.0,3.1432,13401.0,3.1434,16513.0,3.1435,26825.0
1753769653501,06:14:13.501,bitget,XRP/USDT:USDT,3.1433,46930.0,3.1432,13401.0,3.1434,16513.0,3.1435,26825.0
1753769653651,06:14:13.651,bitget,XRP/USDT:USDT,3.1433,46930.0,3.1432,13401.0,3.1434,16513.0,3.1435,26825.0
1753769653801,06:14:13.801,bitget,XRP/USDT:USDT,3.1433,46930.0,3.1432,13401.0,3.1434,16513.0,3.1435,26825.0
1753769653951,06:14:13.951,bitget,XRP/USDT:USDT,3.1433,46930.0,3.1432,13401.0,3.1434,16513.0,3.1435,26825.0
1753769654101,06:14:14.101,bitget,XRP/USDT:USDT,3.1433,46930.0,3.1432,13401.0,3.1434,17359.0,3.1435,26825.0
1753769654401,06:14:14.401,bitget,XRP/USDT:USDT,3.1433,46930.0,3.1432,13401.0,3.1434,17341.0,3.1435,26825.0
1753769654551,06:14:14.551,bitget,XRP/USDT:USDT,3.1433,46930.0,3.1432,13401.0,3.1434,17231.0,3.1435,26825.0
1753769654701,06:14:14.701,bitget,XRP/USDT:USDT,3.1433,43478.0,3.1432,13401.0,3.1434,17231.0,3.1435,26825.0
1753769654852,06:14:14.852,bitget,XRP/USDT:USDT,3.1433,21295.0,3.1432,13401.0,3.1434,17231.0,3.1435,26825.0
1753769655001,06:14:15.001,bitget,XRP/USDT:USDT,3.1433,6905.0,3.1432,13401.0,3.1434,12183.0,3.1435,26825.0
1753769655151,06:14:15.151,bitget,XRP/USDT:USDT,3.1433,6495.0,3.1432,5447.0,3.1434,12183.0,3.1435,26825.0
1753769655302,06:14:15.302,bitget,XRP/USDT:USDT,3.1433,6495.0,3.1432,2584.0,3.1434,9291.0,3.1435,26825.0
1753769655452,06:14:15.452,bitget,XRP/USDT:USDT,3.1433,4270.0,3.1432,2584.0,3.1434,10191.0,3.1435,26825.0
1753769655602,06:14:15.602,bitget,XRP/USDT:USDT,3.1433,4270.0,3.1432,2584.0,3.1434,19092.0,3.1435,26825.0
1753769655902,06:14:15.902,bitget,XRP/USDT:USDT,3.1433,12985.0,3.1432,2584.0,3.1434,10586.0,3.1435,26825.0
1753769656052,06:14:16.052,bitget,XRP/USDT:USDT,3.1433,12985.0,3.1432,4852.0,3.1434,14987.0,3.1435,26825.0
1753769656202,06:14:16.202,bitget,XRP/USDT:USDT,3.1433,5160.0,3.1432,4852.0,3.1434,10586.0,3.1435,26825.0
1753769656352,06:14:16.352,bitget,XRP/USDT:USDT,3.1433,1817.0,3.1432,4700.0,3.1434,12222.0,3.1435,26825.0
1753769656503,06:14:16.503,bitget,XRP/USDT:USDT,3.1433,6035.0,3.1432,3300.0,3.1434,10586.0,3.1435,26825.0
