timestamp,time,exchange,symbol,bid1_price,bid1_volume,bid2_price,bid2_volume,ask1_price,ask1_volume,ask2_price,ask2_volume
1753769521329,06:12:01.329,bitget,SOL/USDT:USDT,184.713,54.5,184.708,12.9,184.714,201.1,184.717,512.0
1753769521479,06:12:01.479,bitget,SOL/USDT:USDT,184.713,211.0,184.708,12.9,184.714,201.1,184.716,2.2
1753769521929,06:12:01.929,bitget,SOL/USDT:USDT,184.713,211.0,184.709,2.2,184.714,171.4,184.717,495.0
1753769522080,06:12:02.080,bitget,SOL/USDT:USDT,184.713,349.8,184.709,2.2,184.714,30.1,184.717,495.0
1753769522230,06:12:02.230,bitget,SOL/USDT:USDT,184.713,349.8,184.71,0.1,184.714,0.1,184.717,495.0
1753769522681,06:12:02.681,bitget,SOL/USDT:USDT,184.713,349.8,184.712,2.2,184.714,61.2,184.716,172.9
1753769522830,06:12:02.830,bitget,SOL/USDT:USDT,184.713,349.8,184.712,2.2,184.714,61.2,184.716,172.9
1753769522980,06:12:02.980,bitget,SOL/USDT:USDT,184.713,349.8,184.712,2.2,184.714,91.2,184.716,172.9
1753769523130,06:12:03.130,bitget,SOL/USDT:USDT,184.713,349.8,184.712,2.2,184.714,91.2,184.716,172.9
1753769523281,06:12:03.281,bitget,SOL/USDT:USDT,184.713,349.8,184.712,2.2,184.714,91.2,184.716,172.9
1753769523581,06:12:03.581,bitget,SOL/USDT:USDT,184.713,349.8,184.712,2.2,184.714,91.2,184.716,172.9
1753769524181,06:12:04.181,bitget,SOL/USDT:USDT,184.717,28.2,184.716,50.0,184.72,175.5,184.721,495.0
1753769524331,06:12:04.331,bitget,SOL/USDT:USDT,184.719,797.0,184.718,14.2,184.72,120.3,184.725,148.8
1753769524781,06:12:04.781,bitget,SOL/USDT:USDT,184.719,518.0,184.718,14.2,184.72,291.6,184.725,269.9
1753769524931,06:12:04.931,bitget,SOL/USDT:USDT,184.719,620.4,184.718,14.2,184.72,280.2,184.725,269.9
1753769525082,06:12:05.082,bitget,SOL/USDT:USDT,184.719,620.4,184.718,14.2,184.72,280.2,184.725,269.9
1753769525236,06:12:05.236,bitget,SOL/USDT:USDT,184.719,336.3,184.718,10.6,184.72,291.6,184.725,269.9
1753769525542,06:12:05.542,bitget,SOL/USDT:USDT,184.719,312.2,184.713,14.2,184.72,237.5,184.725,269.9
1753769525695,06:12:05.695,bitget,SOL/USDT:USDT,184.719,315.8,184.713,14.2,184.72,234.1,184.725,269.9
1753769526001,06:12:06.001,bitget,SOL/USDT:USDT,184.719,439.8,184.718,2.2,184.72,210.7,184.725,269.9
1753769526307,06:12:06.307,bitget,SOL/USDT:USDT,184.719,439.8,184.714,13.0,184.72,212.3,184.725,269.9
1753769526457,06:12:06.457,bitget,SOL/USDT:USDT,184.724,83.2,184.72,611.9,184.726,130.2,184.727,512.1
1753769526608,06:12:06.608,bitget,SOL/USDT:USDT,184.725,859.7,184.724,154.0,184.726,81.8,184.727,512.1
1753769526759,06:12:06.759,bitget,SOL/USDT:USDT,184.726,332.8,184.725,1012.1,184.727,495.0,184.729,5.0
1753769526908,06:12:06.908,bitget,SOL/USDT:USDT,184.728,30.0,184.727,167.3,184.729,5.0,184.735,965.2
1753769527062,06:12:07.062,bitget,SOL/USDT:USDT,184.728,392.3,184.727,389.1,184.729,35.1,184.735,965.2
1753769527216,06:12:07.216,bitget,SOL/USDT:USDT,184.728,392.3,184.727,166.8,184.729,116.9,184.735,965.2
1753769527369,06:12:07.369,bitget,SOL/USDT:USDT,184.728,359.3,184.727,166.8,184.729,116.9,184.735,965.2
1753769527522,06:12:07.522,bitget,SOL/USDT:USDT,184.728,359.3,184.727,166.8,184.729,116.9,184.735,965.2
1753769527672,06:12:07.672,bitget,SOL/USDT:USDT,184.728,257.3,184.727,166.8,184.729,5.1,184.736,9.9
1753769527824,06:12:07.824,bitget,SOL/USDT:USDT,184.735,48.2,184.734,118.3,184.736,9.9,184.746,206.9
1753769528123,06:12:08.123,bitget,SOL/USDT:USDT,184.749,189.5,184.74,19.6,184.75,95.3,184.755,146.4
1753769528425,06:12:08.425,bitget,SOL/USDT:USDT,184.749,189.3,184.74,19.6,184.75,251.8,184.754,6.5
1753769528578,06:12:08.578,bitget,SOL/USDT:USDT,184.749,3.8,184.74,19.6,184.75,251.8,184.754,6.5
1753769528732,06:12:08.732,bitget,SOL/USDT:USDT,184.749,43.7,184.74,19.6,184.75,251.8,184.751,2.2
1753769528883,06:12:08.883,bitget,SOL/USDT:USDT,184.74,19.6,184.738,80.4,184.741,47.4,184.749,134.3
1753769529038,06:12:09.038,bitget,SOL/USDT:USDT,184.738,80.4,184.736,124.0,184.739,80.3,184.74,181.0
1753769529188,06:12:09.188,bitget,SOL/USDT:USDT,184.738,237.3,184.736,124.0,184.739,314.0,184.74,264.0
1753769529338,06:12:09.338,bitget,SOL/USDT:USDT,184.738,80.8,184.736,124.0,184.739,314.0,184.74,264.0
1753769529948,06:12:09.948,bitget,SOL/USDT:USDT,184.738,80.8,184.729,124.0,184.739,325.4,184.74,264.0
1753769530103,06:12:10.103,bitget,SOL/USDT:USDT,184.738,80.8,184.729,124.0,184.739,325.4,184.74,264.0
1753769530255,06:12:10.255,bitget,SOL/USDT:USDT,184.738,80.4,184.729,124.0,184.739,325.3,184.74,264.0
1753769530410,06:12:10.410,bitget,SOL/USDT:USDT,184.738,80.8,184.729,124.0,184.739,342.3,184.74,264.0
1753769531621,06:12:11.621,bitget,SOL/USDT:USDT,184.764,372.0,184.763,7.2,184.765,186.5,184.767,17.0
1753769531775,06:12:11.775,bitget,SOL/USDT:USDT,184.764,383.5,184.763,7.2,184.765,186.4,184.767,17.0
1753769532077,06:12:12.077,bitget,SOL/USDT:USDT,184.764,372.0,184.763,7.2,184.765,197.9,184.767,17.0
1753769532226,06:12:12.226,bitget,SOL/USDT:USDT,184.764,372.0,184.763,7.2,184.765,197.9,184.767,17.0
1753769532379,06:12:12.379,bitget,SOL/USDT:USDT,184.764,115.7,184.757,124.0,184.765,235.8,184.766,2.2
1753769532533,06:12:12.533,bitget,SOL/USDT:USDT,184.764,80.8,184.755,7.2,184.765,312.9,184.767,17.0
1753769532686,06:12:12.686,bitget,SOL/USDT:USDT,184.764,80.8,184.755,7.2,184.765,312.9,184.767,17.0
1753769533598,06:12:13.598,bitget,SOL/USDT:USDT,184.764,65.6,184.748,2.2,184.765,295.1,184.768,4.3
1753769533751,06:12:13.751,bitget,SOL/USDT:USDT,184.764,222.1,184.748,2.2,184.765,297.3,184.768,4.3
1753769533904,06:12:13.904,bitget,SOL/USDT:USDT,184.764,346.1,184.748,2.2,184.765,293.9,184.77,236.4
1753769534058,06:12:14.058,bitget,SOL/USDT:USDT,184.764,349.5,184.748,2.2,184.765,259.4,184.766,2.2
1753769534209,06:12:14.209,bitget,SOL/USDT:USDT,184.764,349.5,184.753,2.2,184.765,300.8,184.766,2.2
1753769534362,06:12:14.362,bitget,SOL/USDT:USDT,184.764,349.5,184.753,2.2,184.765,300.8,184.766,2.2
1753769535279,06:12:15.279,bitget,SOL/USDT:USDT,184.764,189.6,184.747,124.0,184.765,287.5,184.766,2.2
1753769535428,06:12:15.428,bitget,SOL/USDT:USDT,184.764,360.3,184.757,2.2,184.765,41.3,184.77,236.4
1753769535579,06:12:15.579,bitget,SOL/USDT:USDT,184.764,371.7,184.757,2.2,184.765,77.4,184.77,236.4
1753769536038,06:12:16.038,bitget,SOL/USDT:USDT,184.764,360.3,184.757,2.2,184.765,194.7,184.769,30.0
1753769536338,06:12:16.338,bitget,SOL/USDT:USDT,184.769,439.4,184.768,27.7,184.77,44.8,184.771,494.9
1753769536489,06:12:16.489,bitget,SOL/USDT:USDT,184.769,602.0,184.765,128.0,184.77,163.0,184.771,494.9
1753769536639,06:12:16.639,bitget,SOL/USDT:USDT,184.769,582.0,184.767,2.2,184.77,336.7,184.771,494.9
1753769536789,06:12:16.789,bitget,SOL/USDT:USDT,184.769,542.0,184.768,2.2,184.77,106.0,184.771,494.9
1753769536939,06:12:16.939,bitget,SOL/USDT:USDT,184.769,542.0,184.768,2.2,184.77,321.7,184.771,494.9
1753769538140,06:12:18.140,bitget,SOL/USDT:USDT,184.792,434.2,184.78,80.4,184.793,255.5,184.799,494.8
1753769538440,06:12:18.440,bitget,SOL/USDT:USDT,184.792,400.6,184.78,80.4,184.793,256.5,184.796,2.2
1753769538740,06:12:18.740,bitget,SOL/USDT:USDT,184.792,400.6,184.78,80.4,184.793,297.2,184.794,2.2
1753769538891,06:12:18.891,bitget,SOL/USDT:USDT,184.792,0.6,184.78,80.4,184.793,351.5,184.794,2.2
1753769539341,06:12:19.341,bitget,SOL/USDT:USDT,184.775,338.6,184.772,2.2,184.776,28.5,184.778,80.4
1753769539493,06:12:19.493,bitget,SOL/USDT:USDT,184.785,28.2,184.784,28.2,184.791,278.0,184.792,36.8
1753769539798,06:12:19.798,bitget,SOL/USDT:USDT,184.79,754.9,184.789,15.4,184.791,720.2,184.792,17.2
1753769540553,06:12:20.553,bitget,SOL/USDT:USDT,184.79,545.2,184.786,14.2,184.791,321.9,184.792,17.2
1753769541161,06:12:21.161,bitget,SOL/USDT:USDT,184.79,545.3,184.786,14.2,184.791,133.8,184.792,17.2
1753769541469,06:12:21.469,bitget,SOL/USDT:USDT,184.79,545.2,184.786,14.2,184.791,84.0,184.792,17.2
1753769541622,06:12:21.622,bitget,SOL/USDT:USDT,184.79,545.2,184.786,14.2,184.791,231.6,184.792,17.2
1753769541775,06:12:21.775,bitget,SOL/USDT:USDT,184.79,545.2,184.786,14.2,184.791,220.4,184.792,17.2
1753769541929,06:12:21.929,bitget,SOL/USDT:USDT,184.79,545.2,184.786,14.2,184.791,81.1,184.792,17.2
1753769542543,06:12:22.543,bitget,SOL/USDT:USDT,184.776,81.0,184.775,14.2,184.777,559.3,184.786,10.7
1753769542693,06:12:22.693,bitget,SOL/USDT:USDT,184.776,83.8,184.775,3.4,184.777,483.9,184.779,0.1
1753769542846,06:12:22.846,bitget,SOL/USDT:USDT,184.776,240.3,184.775,3.4,184.777,483.9,184.779,0.1
1753769543146,06:12:23.146,bitget,SOL/USDT:USDT,184.776,251.7,184.775,3.4,184.777,293.9,184.781,7.9
1753769543300,06:12:23.300,bitget,SOL/USDT:USDT,184.776,262.9,184.775,3.4,184.777,290.5,184.781,7.9
1753769544065,06:12:24.065,bitget,SOL/USDT:USDT,184.776,375.1,184.775,3.4,184.777,491.0,184.781,7.9
1753769544372,06:12:24.372,bitget,SOL/USDT:USDT,184.776,375.1,184.775,3.4,184.777,334.5,184.781,7.9
1753769544521,06:12:24.521,bitget,SOL/USDT:USDT,184.776,375.1,184.775,3.4,184.777,418.0,184.781,7.9
1753769544673,06:12:24.673,bitget,SOL/USDT:USDT,184.776,375.1,184.775,3.4,184.777,421.4,184.781,7.9
1753769544826,06:12:24.826,bitget,SOL/USDT:USDT,184.776,375.1,184.775,3.4,184.777,421.4,184.781,7.9
1753769544978,06:12:24.978,bitget,SOL/USDT:USDT,184.776,375.1,184.775,3.4,184.777,421.4,184.781,7.9
1753769545131,06:12:25.131,bitget,SOL/USDT:USDT,184.776,375.1,184.775,3.4,184.777,307.7,184.781,7.9
1753769545284,06:12:25.284,bitget,SOL/USDT:USDT,184.776,375.1,184.775,3.4,184.777,233.1,184.781,7.9
1753769545437,06:12:25.437,bitget,SOL/USDT:USDT,184.776,375.1,184.775,3.4,184.777,213.6,184.781,7.9
1753769545591,06:12:25.591,bitget,SOL/USDT:USDT,184.776,375.1,184.775,3.4,184.777,224.8,184.781,7.9
1753769545743,06:12:25.743,bitget,SOL/USDT:USDT,184.776,375.1,184.775,3.4,184.777,213.6,184.781,7.9
1753769545897,06:12:25.897,bitget,SOL/USDT:USDT,184.776,375.1,184.775,3.4,184.777,284.6,184.781,7.9
1753769546811,06:12:26.811,bitget,SOL/USDT:USDT,184.765,207.8,184.764,65.2,184.766,515.4,184.775,117.9
1753769546964,06:12:26.964,bitget,SOL/USDT:USDT,184.765,207.8,184.764,65.2,184.766,515.4,184.774,61.1
1753769547274,06:12:27.274,bitget,SOL/USDT:USDT,184.765,207.8,184.764,65.2,184.766,515.4,184.774,33.2
1753769547579,06:12:27.579,bitget,SOL/USDT:USDT,184.765,207.8,184.764,65.2,184.766,500.0,184.77,2.2
1753769547733,06:12:27.733,bitget,SOL/USDT:USDT,184.765,331.8,184.764,65.2,184.766,500.0,184.77,2.2
1753769548495,06:12:28.495,bitget,SOL/USDT:USDT,184.765,331.8,184.764,65.2,184.766,489.8,184.769,2.2
1753769548947,06:12:28.947,bitget,SOL/USDT:USDT,184.765,342.6,184.764,65.2,184.766,495.3,184.769,2.2
1753769549097,06:12:29.097,bitget,SOL/USDT:USDT,184.765,342.6,184.764,65.2,184.766,495.3,184.769,2.2
1753769550297,06:12:30.297,bitget,SOL/USDT:USDT,184.765,4.6,184.751,124.0,184.766,520.0,184.768,415.5
1753769550747,06:12:30.747,bitget,SOL/USDT:USDT,184.738,375.2,184.732,23.6,184.739,353.4,184.744,2.2
1753769552249,06:12:32.249,bitget,SOL/USDT:USDT,184.803,650.2,184.801,2.2,184.804,132.4,184.805,183.0
1753769552399,06:12:32.399,bitget,SOL/USDT:USDT,184.803,650.2,184.801,2.2,184.804,145.9,184.805,183.0
1753769553749,06:12:33.749,bitget,SOL/USDT:USDT,184.823,465.1,184.816,125.1,184.824,191.7,184.825,189.1
1753769553900,06:12:33.900,bitget,SOL/USDT:USDT,184.823,429.7,184.817,68.2,184.824,277.2,184.825,189.1
1753769554199,06:12:34.199,bitget,SOL/USDT:USDT,184.823,429.7,184.821,2.2,184.824,237.7,184.825,189.1
1753769554349,06:12:34.349,bitget,SOL/USDT:USDT,184.823,429.7,184.821,2.2,184.824,251.2,184.825,189.1
1753769554499,06:12:34.499,bitget,SOL/USDT:USDT,184.823,429.7,184.821,2.2,184.824,251.2,184.825,189.1
1753769554950,06:12:34.950,bitget,SOL/USDT:USDT,184.823,389.4,184.817,68.0,184.824,375.2,184.825,189.1
1753769555100,06:12:35.100,bitget,SOL/USDT:USDT,184.823,255.2,184.816,124.5,184.824,375.2,184.825,189.1
1753769555250,06:12:35.250,bitget,SOL/USDT:USDT,184.823,255.2,184.815,102.3,184.824,357.9,184.825,206.5
1753769555400,06:12:35.400,bitget,SOL/USDT:USDT,184.823,251.6,184.815,102.3,184.824,368.9,184.825,206.5
1753769555552,06:12:35.552,bitget,SOL/USDT:USDT,184.823,27.0,184.815,83.8,184.824,372.3,184.825,208.7
1753769556001,06:12:36.001,bitget,SOL/USDT:USDT,184.824,256.8,184.823,0.1,184.825,196.9,184.827,2.2
1753769556151,06:12:36.151,bitget,SOL/USDT:USDT,184.824,256.8,184.823,0.1,184.825,223.9,184.827,2.2
1753769557202,06:12:37.202,bitget,SOL/USDT:USDT,184.824,179.9,184.823,0.1,184.825,404.7,184.826,522.1
1753769557951,06:12:37.951,bitget,SOL/USDT:USDT,184.824,179.9,184.823,0.1,184.825,374.7,184.826,451.0
1753769558102,06:12:38.102,bitget,SOL/USDT:USDT,184.824,179.9,184.823,0.1,184.825,374.7,184.826,451.5
1753769558252,06:12:38.252,bitget,SOL/USDT:USDT,184.824,179.9,184.823,0.1,184.825,357.3,184.826,486.7
1753769558402,06:12:38.402,bitget,SOL/USDT:USDT,184.824,23.4,184.823,0.1,184.825,330.5,184.826,486.2
1753769558552,06:12:38.552,bitget,SOL/USDT:USDT,184.824,3.4,184.823,0.1,184.825,330.5,184.826,452.8
1753769558702,06:12:38.702,bitget,SOL/USDT:USDT,184.824,170.7,184.823,0.1,184.825,355.1,184.826,452.8
1753769558853,06:12:38.853,bitget,SOL/USDT:USDT,184.824,327.2,184.823,0.1,184.825,355.1,184.826,452.5
1753769559152,06:12:39.152,bitget,SOL/USDT:USDT,184.824,327.2,184.823,0.1,184.825,355.1,184.826,335.0
1753769559303,06:12:39.303,bitget,SOL/USDT:USDT,184.824,177.9,184.823,0.1,184.825,367.6,184.826,300.8
1753769559453,06:12:39.453,bitget,SOL/USDT:USDT,184.824,53.9,184.823,0.1,184.825,393.0,184.826,300.6
1753769559602,06:12:39.602,bitget,SOL/USDT:USDT,184.824,334.4,184.823,0.1,184.825,329.2,184.826,307.3
1753769559754,06:12:39.754,bitget,SOL/USDT:USDT,184.824,334.4,184.823,0.1,184.825,390.3,184.826,300.6
1753769559903,06:12:39.903,bitget,SOL/USDT:USDT,184.824,334.4,184.823,0.1,184.825,390.3,184.826,300.6
1753769560053,06:12:40.053,bitget,SOL/USDT:USDT,184.824,334.4,184.823,0.1,184.825,390.3,184.826,300.6
1753769560203,06:12:40.203,bitget,SOL/USDT:USDT,184.824,338.0,184.823,0.1,184.825,378.9,184.826,300.6
1753769560654,06:12:40.654,bitget,SOL/USDT:USDT,184.824,338.0,184.823,0.1,184.825,346.5,184.826,217.6
1753769560804,06:12:40.804,bitget,SOL/USDT:USDT,184.824,338.0,184.823,0.1,184.825,346.5,184.826,168.6
1753769560953,06:12:40.953,bitget,SOL/USDT:USDT,184.824,349.4,184.823,0.1,184.825,238.7,184.826,168.6
1753769561104,06:12:41.104,bitget,SOL/USDT:USDT,184.824,349.4,184.823,0.1,184.825,379.7,184.826,17.4
1753769561253,06:12:41.253,bitget,SOL/USDT:USDT,184.824,338.0,184.823,0.1,184.825,334.4,184.826,17.4
1753769561404,06:12:41.404,bitget,SOL/USDT:USDT,184.824,338.0,184.823,0.1,184.825,353.6,184.826,17.4
1753769561554,06:12:41.554,bitget,SOL/USDT:USDT,184.824,338.0,184.823,0.1,184.825,342.2,184.826,17.4
1753769561704,06:12:41.704,bitget,SOL/USDT:USDT,184.824,338.0,184.823,0.1,184.825,201.2,184.826,17.4
1753769561854,06:12:41.854,bitget,SOL/USDT:USDT,184.824,349.4,184.823,0.1,184.825,97.7,184.827,17.5
1753769562004,06:12:42.004,bitget,SOL/USDT:USDT,184.824,349.4,184.823,0.1,184.825,254.2,184.827,17.5
1753769562154,06:12:42.154,bitget,SOL/USDT:USDT,184.824,349.4,184.823,0.1,184.825,128.0,184.827,512.1
1753769562305,06:12:42.305,bitget,SOL/USDT:USDT,184.824,349.4,184.823,0.1,184.825,128.0,184.826,153.6
1753769562455,06:12:42.455,bitget,SOL/USDT:USDT,184.824,349.4,184.823,0.1,184.825,128.0,184.826,153.6
1753769562605,06:12:42.605,bitget,SOL/USDT:USDT,184.824,349.4,184.823,0.1,184.825,408.5,184.826,153.6
1753769562755,06:12:42.755,bitget,SOL/USDT:USDT,184.824,349.4,184.823,0.1,184.825,408.5,184.826,153.6
1753769562905,06:12:42.905,bitget,SOL/USDT:USDT,184.824,349.4,184.823,0.1,184.825,284.5,184.826,153.6
1753769563055,06:12:43.055,bitget,SOL/USDT:USDT,184.824,349.4,184.823,0.1,184.825,284.5,184.826,153.6
1753769563205,06:12:43.205,bitget,SOL/USDT:USDT,184.824,349.6,184.823,0.1,184.825,114.5,184.826,153.6
1753769563355,06:12:43.355,bitget,SOL/USDT:USDT,184.824,349.6,184.823,2.3,184.825,128.0,184.826,153.6
1753769563505,06:12:43.505,bitget,SOL/USDT:USDT,184.824,349.6,184.823,2.3,184.825,128.0,184.826,153.6
1753769563655,06:12:43.655,bitget,SOL/USDT:USDT,184.824,349.6,184.823,2.3,184.825,128.0,184.826,153.6
1753769563805,06:12:43.805,bitget,SOL/USDT:USDT,184.824,349.6,184.823,2.3,184.825,250.8,184.826,153.6
1753769563956,06:12:43.956,bitget,SOL/USDT:USDT,184.824,349.6,184.823,2.3,184.825,128.0,184.826,153.6
1753769564106,06:12:44.106,bitget,SOL/USDT:USDT,184.824,349.6,184.823,2.3,184.825,147.4,184.826,153.6
1753769564256,06:12:44.256,bitget,SOL/USDT:USDT,184.824,349.6,184.823,2.3,184.825,128.0,184.826,153.6
1753769564406,06:12:44.406,bitget,SOL/USDT:USDT,184.824,349.6,184.823,2.3,184.825,220.6,184.826,153.6
1753769564556,06:12:44.556,bitget,SOL/USDT:USDT,184.824,349.6,184.823,2.3,184.825,344.6,184.826,153.6
1753769564706,06:12:44.706,bitget,SOL/USDT:USDT,184.824,349.6,184.823,2.3,184.825,344.6,184.826,153.6
1753769564856,06:12:44.856,bitget,SOL/USDT:USDT,184.824,349.6,184.823,2.3,184.825,252.0,184.826,153.6
1753769565006,06:12:45.006,bitget,SOL/USDT:USDT,184.824,349.6,184.823,2.3,184.825,252.0,184.826,153.6
1753769565156,06:12:45.156,bitget,SOL/USDT:USDT,184.824,349.6,184.823,2.3,184.825,128.0,184.826,153.6
1753769565306,06:12:45.306,bitget,SOL/USDT:USDT,184.826,40.0,184.825,68.0,184.836,116.0,184.841,5.6
1753769565607,06:12:45.607,bitget,SOL/USDT:USDT,184.841,429.4,184.84,43.3,184.842,162.8,184.843,2.2
1753769565756,06:12:45.756,bitget,SOL/USDT:USDT,184.841,61.2,184.835,102.3,184.842,443.5,184.843,2.2
1753769565907,06:12:45.907,bitget,SOL/USDT:USDT,184.841,201.6,184.835,94.6,184.842,416.2,184.845,258.0
1753769566206,06:12:46.206,bitget,SOL/USDT:USDT,184.841,325.7,184.836,124.0,184.842,384.9,184.845,258.0
1753769566357,06:12:46.357,bitget,SOL/USDT:USDT,184.841,325.7,184.836,124.0,184.842,384.9,184.845,189.0
1753769566507,06:12:46.507,bitget,SOL/USDT:USDT,184.841,336.9,184.836,124.0,184.842,384.9,184.844,14.0
1753769566957,06:12:46.957,bitget,SOL/USDT:USDT,184.841,201.7,184.836,124.0,184.842,413.1,184.844,14.0
1753769567108,06:12:47.108,bitget,SOL/USDT:USDT,184.841,198.1,184.836,124.0,184.842,413.1,184.844,14.0
1753769567258,06:12:47.258,bitget,SOL/USDT:USDT,184.841,198.1,184.836,124.0,184.842,413.1,184.844,14.0
1753769567408,06:12:47.408,bitget,SOL/USDT:USDT,184.841,198.1,184.836,124.0,184.842,289.1,184.844,14.0
1753769567558,06:12:47.558,bitget,SOL/USDT:USDT,184.841,510.7,184.84,4.3,184.842,192.0,184.844,14.0
1753769567708,06:12:47.708,bitget,SOL/USDT:USDT,184.841,510.6,184.84,4.3,184.842,299.1,184.844,14.0
1753769567858,06:12:47.858,bitget,SOL/USDT:USDT,184.841,510.6,184.84,4.3,184.842,299.1,184.844,14.0
1753769568158,06:12:48.158,bitget,SOL/USDT:USDT,184.841,510.6,184.84,4.3,184.842,239.5,184.844,14.0
1753769568308,06:12:48.308,bitget,SOL/USDT:USDT,184.841,510.6,184.84,4.3,184.842,239.5,184.844,14.0
1753769568458,06:12:48.458,bitget,SOL/USDT:USDT,184.841,499.4,184.838,2.2,184.842,253.9,184.844,14.0
1753769568608,06:12:48.608,bitget,SOL/USDT:USDT,184.841,499.4,184.838,2.2,184.842,253.9,184.845,183.6
1753769568759,06:12:48.759,bitget,SOL/USDT:USDT,184.841,499.4,184.838,2.2,184.842,115.5,184.845,183.6
1753769568909,06:12:48.909,bitget,SOL/USDT:USDT,184.841,499.4,184.84,2.2,184.842,115.5,184.845,183.6
1753769569058,06:12:49.058,bitget,SOL/USDT:USDT,184.841,499.4,184.84,2.2,184.842,115.5,184.845,183.6
1753769569359,06:12:49.359,bitget,SOL/USDT:USDT,184.841,499.4,184.84,2.2,184.842,28.4,184.845,183.6
1753769569509,06:12:49.509,bitget,SOL/USDT:USDT,184.841,499.5,184.84,2.2,184.842,17.6,184.845,31.8
1753769569659,06:12:49.659,bitget,SOL/USDT:USDT,184.841,499.4,184.84,2.2,184.842,17.7,184.845,31.8
1753769569809,06:12:49.809,bitget,SOL/USDT:USDT,184.841,499.4,184.84,2.2,184.842,17.7,184.845,31.8
1753769570109,06:12:50.109,bitget,SOL/USDT:USDT,184.841,499.4,184.84,2.2,184.842,17.7,184.845,31.8
1753769570259,06:12:50.259,bitget,SOL/USDT:USDT,184.841,499.4,184.84,2.2,184.842,17.7,184.845,31.8
1753769570409,06:12:50.409,bitget,SOL/USDT:USDT,184.841,499.4,184.84,2.2,184.842,174.2,184.845,31.8
1753769570712,06:12:50.712,bitget,SOL/USDT:USDT,184.841,499.4,184.84,2.2,184.842,174.2,184.845,72.2
1753769571016,06:12:51.016,bitget,SOL/USDT:USDT,184.841,499.4,184.84,2.2,184.842,17.7,184.845,72.2
1753769571171,06:12:51.171,bitget,SOL/USDT:USDT,184.841,499.4,184.84,2.2,184.842,17.7,184.845,72.2
1753769571320,06:12:51.320,bitget,SOL/USDT:USDT,184.841,499.4,184.84,2.2,184.842,17.7,184.845,72.2
1753769571621,06:12:51.621,bitget,SOL/USDT:USDT,184.847,21.6,184.846,73.2,184.85,30.0,184.851,80.4
1753769571772,06:12:51.772,bitget,SOL/USDT:USDT,184.849,790.5,184.848,14.2,184.85,154.1,184.851,80.4
1753769571925,06:12:51.925,bitget,SOL/USDT:USDT,184.849,790.5,184.848,14.2,184.85,214.1,184.851,80.4
1753769572076,06:12:52.076,bitget,SOL/USDT:USDT,184.849,790.5,184.848,14.2,184.85,109.5,184.851,80.4
1753769572228,06:12:52.228,bitget,SOL/USDT:USDT,184.849,790.5,184.848,14.2,184.85,109.5,184.851,80.4
1753769572378,06:12:52.378,bitget,SOL/USDT:USDT,184.849,768.9,184.848,14.2,184.85,233.5,184.851,80.4
1753769572530,06:12:52.530,bitget,SOL/USDT:USDT,184.849,682.7,184.848,14.2,184.85,233.5,184.851,80.4
1753769572683,06:12:52.683,bitget,SOL/USDT:USDT,184.849,672.5,184.848,14.2,184.85,233.5,184.851,80.4
1753769572834,06:12:52.834,bitget,SOL/USDT:USDT,184.849,672.5,184.848,14.2,184.85,233.5,184.851,80.4
1753769572985,06:12:52.985,bitget,SOL/USDT:USDT,184.849,672.5,184.848,14.2,184.85,151.6,184.851,80.4
1753769573139,06:12:53.139,bitget,SOL/USDT:USDT,184.849,672.5,184.848,14.2,184.85,132.2,184.851,80.4
1753769573291,06:12:53.291,bitget,SOL/USDT:USDT,184.849,672.5,184.848,14.2,184.85,288.7,184.851,80.4
1753769573440,06:12:53.440,bitget,SOL/USDT:USDT,184.849,672.5,184.848,14.2,184.85,132.2,184.851,80.4
1753769573592,06:12:53.592,bitget,SOL/USDT:USDT,184.849,672.5,184.848,14.2,184.85,130.8,184.851,80.4
1753769573742,06:12:53.742,bitget,SOL/USDT:USDT,184.849,672.5,184.848,14.2,184.85,287.3,184.851,80.4
1753769573892,06:12:53.892,bitget,SOL/USDT:USDT,184.849,554.2,184.848,14.2,184.85,287.3,184.851,80.4
1753769574045,06:12:54.045,bitget,SOL/USDT:USDT,184.849,554.2,184.848,14.2,184.85,287.3,184.851,80.4
1753769574198,06:12:54.198,bitget,SOL/USDT:USDT,184.849,532.6,184.848,14.2,184.85,287.3,184.851,80.4
1753769574501,06:12:54.501,bitget,SOL/USDT:USDT,184.849,532.6,184.848,14.2,184.85,411.3,184.851,94.4
1753769574653,06:12:54.653,bitget,SOL/USDT:USDT,184.849,241.9,184.848,3.4,184.85,272.6,184.851,80.4
1753769574807,06:12:54.807,bitget,SOL/USDT:USDT,184.849,253.0,184.848,3.4,184.85,295.4,184.851,80.4
1753769574959,06:12:54.959,bitget,SOL/USDT:USDT,184.849,398.3,184.848,3.4,184.85,338.9,184.851,80.4
1753769575112,06:12:55.112,bitget,SOL/USDT:USDT,184.849,398.3,184.848,3.4,184.85,338.9,184.851,80.4
1753769575264,06:12:55.264,bitget,SOL/USDT:USDT,184.849,409.1,184.848,3.4,184.85,335.5,184.851,80.4
1753769575417,06:12:55.417,bitget,SOL/USDT:USDT,184.849,409.1,184.848,3.4,184.85,335.5,184.851,80.4
1753769575569,06:12:55.569,bitget,SOL/USDT:USDT,184.849,409.1,184.848,3.4,184.85,459.5,184.851,80.4
1753769575721,06:12:55.721,bitget,SOL/USDT:USDT,184.849,409.1,184.848,3.4,184.85,459.5,184.851,80.4
1753769575871,06:12:55.871,bitget,SOL/USDT:USDT,184.849,409.1,184.848,3.4,184.85,459.5,184.851,80.4
1753769576177,06:12:56.177,bitget,SOL/USDT:USDT,184.849,409.1,184.848,3.4,184.85,357.6,184.851,80.4
1753769576482,06:12:56.482,bitget,SOL/USDT:USDT,184.849,409.1,184.848,3.4,184.85,481.6,184.851,80.4
1753769576633,06:12:56.633,bitget,SOL/USDT:USDT,184.849,409.1,184.848,3.4,184.85,481.6,184.851,80.4
1753769576786,06:12:56.786,bitget,SOL/USDT:USDT,184.849,409.1,184.848,3.4,184.85,481.6,184.851,80.4
1753769576935,06:12:56.935,bitget,SOL/USDT:USDT,184.849,252.6,184.848,3.4,184.85,491.6,184.851,80.4
1753769577095,06:12:57.095,bitget,SOL/USDT:USDT,184.849,241.8,184.848,3.4,184.85,491.6,184.851,80.4
1753769577249,06:12:57.249,bitget,SOL/USDT:USDT,184.849,241.8,184.848,3.4,184.85,491.6,184.851,80.4
1753769577400,06:12:57.400,bitget,SOL/USDT:USDT,184.849,241.8,184.848,3.4,184.85,491.6,184.851,80.4
1753769577550,06:12:57.550,bitget,SOL/USDT:USDT,184.849,117.8,184.848,3.4,184.85,491.6,184.851,80.4
1753769577702,06:12:57.702,bitget,SOL/USDT:USDT,184.849,90.9,184.848,3.4,184.85,491.6,184.851,80.4
1753769577852,06:12:57.852,bitget,SOL/USDT:USDT,184.849,87.5,184.848,3.4,184.85,491.6,184.851,80.4
1753769578005,06:12:58.005,bitget,SOL/USDT:USDT,184.849,87.5,184.848,3.4,184.85,986.0,184.851,80.4
1753769578158,06:12:58.158,bitget,SOL/USDT:USDT,184.849,244.0,184.848,3.4,184.85,986.0,184.851,80.4
1753769578311,06:12:58.311,bitget,SOL/USDT:USDT,184.849,244.0,184.848,3.4,184.85,986.0,184.851,80.4
1753769578464,06:12:58.464,bitget,SOL/USDT:USDT,184.849,368.0,184.848,3.4,184.85,986.0,184.851,80.4
1753769578614,06:12:58.614,bitget,SOL/USDT:USDT,184.849,382.6,184.848,3.4,184.85,986.0,184.851,80.4
1753769578766,06:12:58.766,bitget,SOL/USDT:USDT,184.849,382.6,184.848,3.4,184.85,986.0,184.851,80.4
1753769578920,06:12:58.920,bitget,SOL/USDT:USDT,184.849,393.4,184.848,3.4,184.85,962.7,184.851,80.4
1753769579071,06:12:59.071,bitget,SOL/USDT:USDT,184.849,393.4,184.848,3.4,184.85,962.7,184.851,80.4
1753769579225,06:12:59.225,bitget,SOL/USDT:USDT,184.849,382.2,184.848,3.4,184.85,962.7,184.851,80.4
1753769579378,06:12:59.378,bitget,SOL/USDT:USDT,184.849,382.2,184.848,3.4,184.85,962.7,184.851,80.4
1753769579681,06:12:59.681,bitget,SOL/USDT:USDT,184.849,382.2,184.848,3.4,184.85,187.8,184.851,352.4
1753769579833,06:12:59.833,bitget,SOL/USDT:USDT,184.849,382.2,184.848,3.4,184.85,187.8,184.851,352.4
1753769579983,06:12:59.983,bitget,SOL/USDT:USDT,184.849,382.2,184.848,3.4,184.85,187.8,184.851,352.4
1753769580139,06:13:00.139,bitget,SOL/USDT:USDT,184.849,380.7,184.848,3.4,184.85,67.6,184.851,80.4
1753769580291,06:13:00.291,bitget,SOL/USDT:USDT,184.849,380.7,184.848,3.4,184.85,147.1,184.851,80.4
1753769580443,06:13:00.443,bitget,SOL/USDT:USDT,184.849,380.7,184.848,3.4,184.85,159.8,184.851,80.4
1753769580597,06:13:00.597,bitget,SOL/USDT:USDT,184.849,380.7,184.848,3.4,184.85,159.8,184.851,80.4
1753769580903,06:13:00.903,bitget,SOL/USDT:USDT,184.849,380.7,184.848,3.4,184.85,159.8,184.851,80.4
1753769581053,06:13:01.053,bitget,SOL/USDT:USDT,184.849,378.7,184.848,3.4,184.85,282.1,184.851,80.4
1753769581203,06:13:01.203,bitget,SOL/USDT:USDT,184.849,378.7,184.848,3.4,184.85,272.3,184.851,80.4
1753769581506,06:13:01.506,bitget,SOL/USDT:USDT,184.849,378.7,184.848,3.4,184.85,289.2,184.851,80.4
1753769581661,06:13:01.661,bitget,SOL/USDT:USDT,184.849,378.7,184.848,3.4,184.85,328.4,184.851,80.4
1753769581813,06:13:01.813,bitget,SOL/USDT:USDT,184.849,378.7,184.848,3.4,184.85,328.4,184.851,80.4
1753769581966,06:13:01.966,bitget,SOL/USDT:USDT,184.849,378.7,184.848,3.4,184.85,328.4,184.851,80.4
1753769582116,06:13:02.116,bitget,SOL/USDT:USDT,184.849,378.7,184.848,3.4,184.85,328.4,184.851,80.4
1753769582266,06:13:02.266,bitget,SOL/USDT:USDT,184.849,378.7,184.848,3.4,184.85,468.8,184.851,80.4
1753769582417,06:13:02.417,bitget,SOL/USDT:USDT,184.849,378.7,184.848,3.4,184.85,468.8,184.851,80.4
1753769582567,06:13:02.567,bitget,SOL/USDT:USDT,184.849,254.7,184.848,3.4,184.85,472.2,184.851,80.4
1753769582717,06:13:02.717,bitget,SOL/USDT:USDT,184.849,254.7,184.848,3.4,184.85,472.2,184.851,80.4
1753769582866,06:13:02.866,bitget,SOL/USDT:USDT,184.849,254.7,184.848,3.4,184.85,472.2,184.851,80.4
1753769583017,06:13:03.017,bitget,SOL/USDT:USDT,184.849,255.3,184.848,3.4,184.85,472.2,184.851,80.4
1753769583317,06:13:03.317,bitget,SOL/USDT:USDT,184.849,98.8,184.848,3.4,184.85,472.2,184.851,80.4
1753769583467,06:13:03.467,bitget,SOL/USDT:USDT,184.849,84.6,184.848,3.4,184.85,472.2,184.851,80.4
1753769583617,06:13:03.617,bitget,SOL/USDT:USDT,184.849,84.6,184.848,3.4,184.85,472.2,184.851,80.4
1753769583767,06:13:03.767,bitget,SOL/USDT:USDT,184.849,84.6,184.848,3.4,184.85,472.2,184.851,80.4
1753769583917,06:13:03.917,bitget,SOL/USDT:USDT,184.849,77.9,184.841,14.2,184.85,472.2,184.851,80.4
1753769584068,06:13:04.068,bitget,SOL/USDT:USDT,184.849,234.3,184.841,14.2,184.85,472.1,184.851,80.4
1753769584220,06:13:04.220,bitget,SOL/USDT:USDT,184.849,317.4,184.843,2.2,184.85,966.5,184.851,80.4
1753769584368,06:13:04.368,bitget,SOL/USDT:USDT,184.849,443.3,184.843,2.2,184.85,966.6,184.851,80.4
1753769585268,06:13:05.268,bitget,SOL/USDT:USDT,184.849,309.9,184.841,3.4,184.85,889.0,184.851,80.4
1753769585418,06:13:05.418,bitget,SOL/USDT:USDT,184.849,435.9,184.841,3.4,184.85,889.0,184.851,80.4
1753769585568,06:13:05.568,bitget,SOL/USDT:USDT,184.849,446.7,184.845,2.2,184.85,847.9,184.851,80.4
1753769585718,06:13:05.718,bitget,SOL/USDT:USDT,184.849,446.7,184.846,2.2,184.85,562.0,184.851,80.4
1753769585869,06:13:05.869,bitget,SOL/USDT:USDT,184.849,446.7,184.848,2.2,184.85,633.4,184.851,80.4
1753769586018,06:13:06.018,bitget,SOL/USDT:USDT,184.849,446.7,184.848,2.2,184.85,633.4,184.851,80.4
1753769586169,06:13:06.169,bitget,SOL/USDT:USDT,184.849,446.7,184.848,2.2,184.85,633.4,184.851,80.4
1753769586318,06:13:06.318,bitget,SOL/USDT:USDT,184.849,446.7,184.848,2.2,184.85,759.4,184.851,80.4
1753769586469,06:13:06.469,bitget,SOL/USDT:USDT,184.849,320.8,184.848,2.2,184.85,126.1,184.851,80.4
1753769586619,06:13:06.619,bitget,SOL/USDT:USDT,184.849,331.9,184.848,2.2,184.85,126.1,184.851,80.4
1753769586769,06:13:06.769,bitget,SOL/USDT:USDT,184.849,331.9,184.848,2.2,184.85,364.7,184.851,80.4
1753769586919,06:13:06.919,bitget,SOL/USDT:USDT,184.849,331.9,184.848,2.2,184.85,364.7,184.851,80.4
1753769587069,06:13:07.069,bitget,SOL/USDT:USDT,184.849,457.9,184.848,2.2,184.85,364.6,184.851,80.4
1753769587219,06:13:07.219,bitget,SOL/USDT:USDT,184.849,457.9,184.848,2.2,184.85,364.6,184.851,80.4
1753769587369,06:13:07.369,bitget,SOL/USDT:USDT,184.849,153.5,184.848,2.2,184.85,364.6,184.851,80.4
1753769587520,06:13:07.520,bitget,SOL/USDT:USDT,184.849,81.4,184.841,3.4,184.85,331.0,184.851,80.4
1753769587670,06:13:07.670,bitget,SOL/USDT:USDT,184.849,368.7,184.843,2.2,184.85,320.5,184.851,80.4
1753769587820,06:13:07.820,bitget,SOL/USDT:USDT,184.849,368.7,184.843,2.2,184.85,320.5,184.851,80.4
1753769587970,06:13:07.970,bitget,SOL/USDT:USDT,184.849,368.7,184.841,3.4,184.85,320.5,184.851,80.4
1753769588120,06:13:08.120,bitget,SOL/USDT:USDT,184.849,88.6,184.841,3.4,184.85,320.5,184.851,80.4
1753769588270,06:13:08.270,bitget,SOL/USDT:USDT,184.849,245.1,184.841,3.4,184.85,272.0,184.851,80.4
1753769588420,06:13:08.420,bitget,SOL/USDT:USDT,184.849,245.1,184.841,3.4,184.85,349.6,184.851,80.4
1753769588570,06:13:08.570,bitget,SOL/USDT:USDT,184.849,88.6,184.841,3.4,184.85,349.6,184.851,80.4
1753769588720,06:13:08.720,bitget,SOL/USDT:USDT,184.849,88.6,184.841,3.4,184.85,240.4,184.851,80.4
1753769588870,06:13:08.870,bitget,SOL/USDT:USDT,184.849,245.1,184.841,3.4,184.85,240.4,184.851,80.4
1753769589021,06:13:09.021,bitget,SOL/USDT:USDT,184.849,88.6,184.841,3.4,184.85,294.0,184.851,80.4
1753769589170,06:13:09.170,bitget,SOL/USDT:USDT,184.849,88.6,184.841,3.4,184.85,240.4,184.851,80.4
1753769589321,06:13:09.321,bitget,SOL/USDT:USDT,184.849,88.6,184.841,3.4,184.85,240.4,184.851,80.4
1753769589471,06:13:09.471,bitget,SOL/USDT:USDT,184.849,160.7,184.841,3.4,184.85,240.4,184.851,80.4
1753769589621,06:13:09.621,bitget,SOL/USDT:USDT,184.849,160.7,184.841,3.4,184.85,269.8,184.851,80.4
1753769589921,06:13:09.921,bitget,SOL/USDT:USDT,184.849,153.5,184.841,3.4,184.85,269.8,184.851,80.4
1753769590074,06:13:10.074,bitget,SOL/USDT:USDT,184.849,310.0,184.845,4.3,184.85,269.8,184.851,80.4
1753769590221,06:13:10.221,bitget,SOL/USDT:USDT,184.849,279.5,184.845,4.3,184.85,318.2,184.851,80.4
1753769590371,06:13:10.371,bitget,SOL/USDT:USDT,184.849,153.5,184.845,4.3,184.85,318.2,184.851,80.4
1753769590521,06:13:10.521,bitget,SOL/USDT:USDT,184.849,317.2,184.846,2.2,184.85,304.9,184.851,80.4
1753769590822,06:13:10.822,bitget,SOL/USDT:USDT,184.849,331.9,184.847,2.2,184.85,258.1,184.851,80.4
1753769590971,06:13:10.971,bitget,SOL/USDT:USDT,184.849,331.9,184.848,2.2,184.85,258.1,184.851,80.4
1753769591122,06:13:11.122,bitget,SOL/USDT:USDT,184.849,320.8,184.848,2.2,184.85,258.0,184.851,80.4
1753769591572,06:13:11.572,bitget,SOL/USDT:USDT,184.849,77.5,184.841,3.4,184.85,291.7,184.851,80.4
1753769591722,06:13:11.722,bitget,SOL/USDT:USDT,184.849,77.5,184.841,3.4,184.85,258.1,184.851,80.4
1753769591872,06:13:11.872,bitget,SOL/USDT:USDT,184.849,78.0,184.841,3.4,184.85,261.4,184.851,80.4
1753769592023,06:13:12.023,bitget,SOL/USDT:USDT,184.849,78.0,184.841,3.4,184.85,261.4,184.851,80.4
1753769592173,06:13:12.173,bitget,SOL/USDT:USDT,184.849,78.0,184.841,3.4,184.85,261.4,184.851,80.4
1753769592322,06:13:12.322,bitget,SOL/USDT:USDT,184.849,78.0,184.841,3.4,184.85,261.4,184.851,80.4
1753769592473,06:13:12.473,bitget,SOL/USDT:USDT,184.849,77.4,184.841,3.4,184.85,261.4,184.851,80.4
1753769592623,06:13:12.623,bitget,SOL/USDT:USDT,184.849,77.4,184.841,3.4,184.85,261.4,184.851,80.4
1753769592772,06:13:12.772,bitget,SOL/USDT:USDT,184.849,77.4,184.841,3.4,184.85,261.4,184.851,80.4
1753769592923,06:13:12.923,bitget,SOL/USDT:USDT,184.849,77.4,184.841,3.4,184.85,261.4,184.851,80.4
1753769593073,06:13:13.073,bitget,SOL/USDT:USDT,184.849,77.4,184.841,3.4,184.85,261.3,184.851,80.4
1753769593223,06:13:13.223,bitget,SOL/USDT:USDT,184.849,77.4,184.841,3.4,184.85,261.3,184.851,80.4
1753769593373,06:13:13.373,bitget,SOL/USDT:USDT,184.849,88.1,184.841,3.4,184.85,755.5,184.851,80.4
1753769593973,06:13:13.973,bitget,SOL/USDT:USDT,184.835,84.3,184.817,21.9,184.836,936.7,184.839,0.1
1753769594274,06:13:14.274,bitget,SOL/USDT:USDT,184.835,84.3,184.818,126.0,184.836,919.4,184.84,1.3
1753769594424,06:13:14.424,bitget,SOL/USDT:USDT,184.835,84.3,184.818,126.0,184.836,919.4,184.84,1.3
1753769594574,06:13:14.574,bitget,SOL/USDT:USDT,184.835,84.3,184.818,126.0,184.836,915.1,184.84,1.3
1753769594724,06:13:14.724,bitget,SOL/USDT:USDT,184.835,84.3,184.818,126.0,184.836,774.7,184.845,385.9
1753769594874,06:13:14.874,bitget,SOL/USDT:USDT,184.835,84.3,184.818,126.0,184.836,774.7,184.845,385.9
1753769595175,06:13:15.175,bitget,SOL/USDT:USDT,184.817,337.1,184.816,126.0,184.818,413.5,184.823,2.2
1753769595325,06:13:15.325,bitget,SOL/USDT:USDT,184.817,340.5,184.816,126.0,184.818,413.5,184.823,2.2
1753769595625,06:13:15.625,bitget,SOL/USDT:USDT,184.817,184.0,184.816,126.0,184.818,416.9,184.819,2.2
1753769595774,06:13:15.774,bitget,SOL/USDT:USDT,184.817,340.5,184.816,126.0,184.818,416.9,184.819,2.2
1753769595925,06:13:15.925,bitget,SOL/USDT:USDT,184.817,340.5,184.816,126.0,184.818,416.9,184.819,2.2
1753769596074,06:13:16.074,bitget,SOL/USDT:USDT,184.817,340.5,184.816,126.0,184.818,416.9,184.819,2.2
1753769596225,06:13:16.225,bitget,SOL/USDT:USDT,184.817,340.5,184.816,126.0,184.818,416.9,184.819,2.2
1753769596375,06:13:16.375,bitget,SOL/USDT:USDT,184.817,340.5,184.816,126.0,184.818,409.2,184.819,2.2
1753769596525,06:13:16.525,bitget,SOL/USDT:USDT,184.817,340.5,184.816,126.0,184.818,409.2,184.824,184.2
1753769596675,06:13:16.675,bitget,SOL/USDT:USDT,184.817,340.5,184.816,126.0,184.818,409.2,184.821,2.2
1753769596825,06:13:16.825,bitget,SOL/USDT:USDT,184.817,340.5,184.816,126.0,184.818,409.2,184.821,2.2
1753769596976,06:13:16.976,bitget,SOL/USDT:USDT,184.817,184.0,184.816,126.0,184.818,291.7,184.821,2.2
1753769597126,06:13:17.126,bitget,SOL/USDT:USDT,184.817,58.0,184.816,126.0,184.818,273.2,184.821,2.2
1753769597276,06:13:17.276,bitget,SOL/USDT:USDT,184.817,340.5,184.816,126.0,184.818,303.2,184.821,2.2
1753769597426,06:13:17.426,bitget,SOL/USDT:USDT,184.817,340.5,184.816,126.0,184.818,303.2,184.821,2.2
1753769597576,06:13:17.576,bitget,SOL/USDT:USDT,184.817,340.5,184.816,126.0,184.818,303.2,184.821,2.2
1753769597876,06:13:17.876,bitget,SOL/USDT:USDT,184.817,214.5,184.815,80.4,184.818,303.2,184.821,2.2
1753769598176,06:13:18.176,bitget,SOL/USDT:USDT,184.817,340.5,184.816,126.0,184.818,303.2,184.824,184.2
1753769598326,06:13:18.326,bitget,SOL/USDT:USDT,184.815,84.0,184.814,0.1,184.816,132.7,184.817,186.8
1753769598477,06:13:18.477,bitget,SOL/USDT:USDT,184.815,84.3,184.814,0.1,184.816,289.3,184.817,152.0
1753769598626,06:13:18.626,bitget,SOL/USDT:USDT,184.815,323.7,184.814,0.1,184.816,311.3,184.817,104.0
1753769598776,06:13:18.776,bitget,SOL/USDT:USDT,184.815,167.2,184.814,0.1,184.816,311.3,184.817,88.6
1753769598927,06:13:18.927,bitget,SOL/USDT:USDT,184.815,167.2,184.814,0.1,184.816,286.1,184.817,88.6
1753769599077,06:13:19.077,bitget,SOL/USDT:USDT,184.815,167.2,184.814,0.1,184.816,286.1,184.817,88.6
1753769599227,06:13:19.227,bitget,SOL/USDT:USDT,184.815,449.7,184.814,0.1,184.816,316.8,184.817,88.6
1753769599377,06:13:19.377,bitget,SOL/USDT:USDT,184.815,438.1,184.814,0.1,184.816,316.8,184.817,88.6
1753769599527,06:13:19.527,bitget,SOL/USDT:USDT,184.815,438.1,184.814,0.1,184.816,316.8,184.817,88.6
1753769599827,06:13:19.827,bitget,SOL/USDT:USDT,184.815,438.1,184.814,0.1,184.816,315.9,184.817,88.6
1753769599977,06:13:19.977,bitget,SOL/USDT:USDT,184.815,438.1,184.814,0.1,184.816,315.9,184.817,88.6
1753769600127,06:13:20.127,bitget,SOL/USDT:USDT,184.815,438.1,184.814,0.1,184.816,315.9,184.817,88.6
1753769600278,06:13:20.278,bitget,SOL/USDT:USDT,184.815,438.1,184.814,0.1,184.816,315.9,184.817,88.6
1753769600428,06:13:20.428,bitget,SOL/USDT:USDT,184.815,438.1,184.814,0.1,184.816,315.9,184.817,88.6
1753769600578,06:13:20.578,bitget,SOL/USDT:USDT,184.815,434.5,184.814,0.1,184.816,315.9,184.817,88.6
1753769600728,06:13:20.728,bitget,SOL/USDT:USDT,184.815,434.5,184.814,0.1,184.816,315.9,184.817,88.6
1753769600879,06:13:20.879,bitget,SOL/USDT:USDT,184.815,434.5,184.814,0.1,184.816,299.9,184.817,88.6
1753769601028,06:13:21.028,bitget,SOL/USDT:USDT,184.815,434.5,184.814,0.1,184.816,299.9,184.817,88.6
1753769601178,06:13:21.178,bitget,SOL/USDT:USDT,184.815,434.5,184.814,0.1,184.816,299.9,184.817,88.6
1753769601328,06:13:21.328,bitget,SOL/USDT:USDT,184.815,438.1,184.814,0.1,184.816,285.9,184.817,88.6
1753769601478,06:13:21.478,bitget,SOL/USDT:USDT,184.815,312.1,184.814,0.1,184.816,282.5,184.817,88.6
1753769601928,06:13:21.928,bitget,SOL/USDT:USDT,184.815,312.1,184.814,0.1,184.816,258.4,184.817,88.6
1753769602229,06:13:22.229,bitget,SOL/USDT:USDT,184.815,225.8,184.814,0.1,184.816,330.0,184.817,233.5
1753769602529,06:13:22.529,bitget,SOL/USDT:USDT,184.815,229.2,184.814,0.1,184.816,275.8,184.817,189.9
1753769602679,06:13:22.679,bitget,SOL/USDT:USDT,184.815,229.2,184.814,0.1,184.816,275.8,184.817,189.9
1753769602829,06:13:22.829,bitget,SOL/USDT:USDT,184.815,229.2,184.814,0.1,184.816,275.8,184.817,189.9
1753769602979,06:13:22.979,bitget,SOL/USDT:USDT,184.815,229.2,184.814,0.1,184.816,275.8,184.817,189.9
1753769603129,06:13:23.129,bitget,SOL/USDT:USDT,184.815,355.2,184.814,0.1,184.816,275.8,184.817,189.9
1753769603279,06:13:23.279,bitget,SOL/USDT:USDT,184.815,366.0,184.814,0.1,184.816,297.1,184.817,189.9
1753769603429,06:13:23.429,bitget,SOL/USDT:USDT,184.815,377.5,184.814,0.1,184.816,219.7,184.817,189.9
1753769603729,06:13:23.729,bitget,SOL/USDT:USDT,184.815,377.5,184.814,2.3,184.816,104.4,184.817,189.9
1753769604030,06:13:24.030,bitget,SOL/USDT:USDT,184.815,377.5,184.814,2.3,184.816,104.4,184.817,189.9
1753769604179,06:13:24.179,bitget,SOL/USDT:USDT,184.815,377.5,184.814,2.3,184.816,90.4,184.817,189.9
1753769604330,06:13:24.330,bitget,SOL/USDT:USDT,184.815,377.5,184.814,2.3,184.816,5.1,184.817,189.9
1753769604480,06:13:24.480,bitget,SOL/USDT:USDT,184.815,377.5,184.814,2.3,184.816,5.1,184.817,189.9
1753769604630,06:13:24.630,bitget,SOL/USDT:USDT,184.815,377.5,184.814,2.3,184.816,5.1,184.817,80.4
1753769604780,06:13:24.780,bitget,SOL/USDT:USDT,184.815,377.5,184.814,2.3,184.816,5.1,184.817,80.4
1753769604930,06:13:24.930,bitget,SOL/USDT:USDT,184.815,377.5,184.814,2.3,184.816,5.1,184.817,80.4
1753769605080,06:13:25.080,bitget,SOL/USDT:USDT,184.815,377.5,184.814,2.3,184.816,5.1,184.817,80.4
1753769605231,06:13:25.231,bitget,SOL/USDT:USDT,184.815,377.5,184.814,2.3,184.816,5.1,184.817,80.4
1753769605531,06:13:25.531,bitget,SOL/USDT:USDT,184.815,377.5,184.814,2.3,184.816,10.9,184.817,80.4
1753769605680,06:13:25.680,bitget,SOL/USDT:USDT,184.835,1091.9,184.834,26.9,184.836,296.9,184.838,465.6
1753769605831,06:13:25.831,bitget,SOL/USDT:USDT,184.835,1363.8,184.833,46.9,184.836,290.8,184.838,153.4
1753769605981,06:13:25.981,bitget,SOL/USDT:USDT,184.835,1363.8,184.834,16.7,184.836,0.1,184.842,17.2
1753769606131,06:13:26.131,bitget,SOL/USDT:USDT,184.835,1305.9,184.834,2.7,184.836,0.1,184.841,5.2
1753769606281,06:13:26.281,bitget,SOL/USDT:USDT,184.835,1305.9,184.834,2.7,184.836,0.1,184.841,5.2
1753769606431,06:13:26.431,bitget,SOL/USDT:USDT,184.835,1305.9,184.834,2.7,184.836,0.1,184.841,5.2
1753769606581,06:13:26.581,bitget,SOL/USDT:USDT,184.835,1305.9,184.834,2.7,184.836,0.1,184.841,5.2
1753769606731,06:13:26.731,bitget,SOL/USDT:USDT,184.835,1305.9,184.834,2.7,184.836,0.1,184.841,5.2
1753769606882,06:13:26.882,bitget,SOL/USDT:USDT,184.835,1305.9,184.834,2.7,184.836,0.1,184.841,5.2
1753769607482,06:13:27.482,bitget,SOL/USDT:USDT,184.835,1301.6,184.834,2.7,184.836,0.1,184.838,36.3
1753769607782,06:13:27.782,bitget,SOL/USDT:USDT,184.837,186.5,184.836,254.9,184.838,34.4,184.839,80.4
1753769608082,06:13:28.082,bitget,SOL/USDT:USDT,184.837,390.4,184.836,362.9,184.838,85.9,184.839,80.4
1753769608232,06:13:28.232,bitget,SOL/USDT:USDT,184.837,363.8,184.836,362.9,184.838,178.3,184.839,80.4
1753769608532,06:13:28.532,bitget,SOL/USDT:USDT,184.837,363.8,184.836,126.0,184.838,189.8,184.839,80.4
1753769608832,06:13:28.832,bitget,SOL/USDT:USDT,184.837,30.5,184.835,80.5,184.838,190.6,184.839,80.4
1753769608983,06:13:28.983,bitget,SOL/USDT:USDT,184.837,30.5,184.835,0.1,184.838,684.8,184.839,80.4
1753769609133,06:13:29.133,bitget,SOL/USDT:USDT,184.837,30.5,184.835,0.1,184.838,691.4,184.839,80.4
1753769609433,06:13:29.433,bitget,SOL/USDT:USDT,184.837,30.6,184.821,10.6,184.838,708.6,184.839,80.4
1753769609733,06:13:29.733,bitget,SOL/USDT:USDT,184.837,30.6,184.821,10.6,184.838,708.6,184.839,80.4
1753769609883,06:13:29.883,bitget,SOL/USDT:USDT,184.837,30.6,184.821,10.6,184.838,714.0,184.839,80.4
1753769610033,06:13:30.033,bitget,SOL/USDT:USDT,184.837,30.6,184.821,10.6,184.838,714.0,184.839,80.4
1753769610333,06:13:30.333,bitget,SOL/USDT:USDT,184.837,30.6,184.822,126.0,184.838,714.0,184.839,80.4
1753769610483,06:13:30.483,bitget,SOL/USDT:USDT,184.837,187.1,184.822,126.0,184.838,708.6,184.839,80.4
1753769611233,06:13:31.233,bitget,SOL/USDT:USDT,184.838,384.5,184.837,18.5,184.839,75.5,184.843,251.2
1753769611383,06:13:31.383,bitget,SOL/USDT:USDT,184.838,391.7,184.837,18.5,184.839,75.5,184.843,129.7
1753769611534,06:13:31.534,bitget,SOL/USDT:USDT,184.838,391.7,184.837,18.5,184.839,75.5,184.843,25.6
1753769611686,06:13:31.686,bitget,SOL/USDT:USDT,184.838,391.7,184.837,18.5,184.839,75.5,184.843,25.6
1753769611838,06:13:31.838,bitget,SOL/USDT:USDT,184.838,391.7,184.837,14.2,184.839,75.5,184.843,25.6
1753769611988,06:13:31.988,bitget,SOL/USDT:USDT,184.838,395.3,184.837,14.2,184.839,89.5,184.843,25.6
1753769612141,06:13:32.141,bitget,SOL/USDT:USDT,184.838,395.3,184.837,14.2,184.839,89.5,184.843,25.6
1753769612447,06:13:32.447,bitget,SOL/USDT:USDT,184.838,402.7,184.837,14.2,184.839,205.8,184.843,57.3
1753769612751,06:13:32.751,bitget,SOL/USDT:USDT,184.838,387.8,184.837,16.4,184.839,205.8,184.843,57.3
1753769612901,06:13:32.901,bitget,SOL/USDT:USDT,184.838,387.8,184.837,16.4,184.839,89.5,184.843,57.3
1753769613055,06:13:33.055,bitget,SOL/USDT:USDT,184.838,391.2,184.837,16.4,184.839,89.5,184.843,57.3
1753769613208,06:13:33.208,bitget,SOL/USDT:USDT,184.838,391.2,184.837,16.4,184.839,89.5,184.843,57.3
1753769613361,06:13:33.361,bitget,SOL/USDT:USDT,184.838,391.2,184.837,16.4,184.839,89.5,184.843,57.3
1753769613511,06:13:33.511,bitget,SOL/USDT:USDT,184.838,391.2,184.837,16.4,184.839,89.5,184.843,57.3
1753769613661,06:13:33.661,bitget,SOL/USDT:USDT,184.838,391.2,184.837,16.4,184.839,89.3,184.843,57.3
1753769613814,06:13:33.814,bitget,SOL/USDT:USDT,184.838,391.2,184.837,16.4,184.839,89.3,184.843,57.3
1753769613967,06:13:33.967,bitget,SOL/USDT:USDT,184.838,184.3,184.837,2.2,184.839,117.8,184.843,57.3
1753769614274,06:13:34.274,bitget,SOL/USDT:USDT,184.838,0.6,184.828,19.6,184.839,258.2,184.842,54.1
1753769614573,06:13:34.573,bitget,SOL/USDT:USDT,184.815,3.4,184.814,0.1,184.816,280.1,184.817,27.6
1753769614727,06:13:34.727,bitget,SOL/USDT:USDT,184.814,0.1,184.795,0.1,184.815,621.7,184.816,462.1
1753769614879,06:13:34.879,bitget,SOL/USDT:USDT,184.814,210.5,184.794,80.4,184.815,478.1,184.816,126.6
1753769615181,06:13:35.181,bitget,SOL/USDT:USDT,184.814,351.8,184.811,6.5,184.815,30.0,184.824,17.3
1753769615331,06:13:35.331,bitget,SOL/USDT:USDT,184.814,351.8,184.812,3.2,184.815,30.0,184.824,17.3
1753769615482,06:13:35.482,bitget,SOL/USDT:USDT,184.814,358.5,184.813,1.8,184.815,30.0,184.835,133.1
1753769615635,06:13:35.635,bitget,SOL/USDT:USDT,184.814,383.7,184.813,1.8,184.815,30.0,184.835,67.7
1753769615789,06:13:35.789,bitget,SOL/USDT:USDT,184.814,383.6,184.813,523.8,184.815,30.1,184.833,19.7
1753769616091,06:13:36.091,bitget,SOL/USDT:USDT,184.814,438.8,184.813,889.7,184.815,30.1,184.832,19.9
1753769616392,06:13:36.392,bitget,SOL/USDT:USDT,184.814,442.0,184.813,889.7,184.815,30.1,184.831,10.1
1753769616546,06:13:36.546,bitget,SOL/USDT:USDT,184.814,443.4,184.813,889.7,184.815,30.1,184.831,10.1
1753769616698,06:13:36.698,bitget,SOL/USDT:USDT,184.814,449.6,184.813,889.7,184.815,30.1,184.831,10.1
1753769617001,06:13:37.001,bitget,SOL/USDT:USDT,184.814,520.6,184.813,889.7,184.815,30.1,184.83,14.0
1753769617156,06:13:37.156,bitget,SOL/USDT:USDT,184.814,531.3,184.813,889.7,184.815,30.1,184.83,14.0
1753769617305,06:13:37.305,bitget,SOL/USDT:USDT,184.814,520.6,184.813,889.7,184.815,30.1,184.829,4.2
1753769617763,06:13:37.763,bitget,SOL/USDT:USDT,184.814,534.1,184.813,889.7,184.815,30.1,184.83,14.0
1753769617912,06:13:37.912,bitget,SOL/USDT:USDT,184.814,534.1,184.813,889.7,184.815,30.1,184.834,14.0
1753769618062,06:13:38.062,bitget,SOL/USDT:USDT,184.814,529.5,184.813,889.7,184.815,30.1,184.833,19.6
1753769618213,06:13:38.213,bitget,SOL/USDT:USDT,184.814,512.8,184.813,889.7,184.815,30.1,184.832,5.9
1753769618367,06:13:38.367,bitget,SOL/USDT:USDT,184.814,509.1,184.813,889.7,184.815,30.1,184.832,5.9
1753769618521,06:13:38.521,bitget,SOL/USDT:USDT,184.814,509.1,184.813,889.7,184.815,30.1,184.832,5.9
1753769618827,06:13:38.827,bitget,SOL/USDT:USDT,184.814,509.1,184.813,889.7,184.815,30.1,184.832,5.9
1753769618980,06:13:38.980,bitget,SOL/USDT:USDT,184.814,509.1,184.813,889.7,184.815,30.1,184.831,14.0
1753769619133,06:13:39.133,bitget,SOL/USDT:USDT,184.814,509.1,184.813,889.7,184.815,30.1,184.83,10.1
1753769619438,06:13:39.438,bitget,SOL/USDT:USDT,184.814,509.6,184.813,889.7,184.815,30.1,184.83,10.1
1753769619589,06:13:39.589,bitget,SOL/USDT:USDT,184.814,509.6,184.813,889.7,184.815,30.1,184.83,10.1
1753769619741,06:13:39.741,bitget,SOL/USDT:USDT,184.814,509.6,184.813,889.7,184.815,30.1,184.83,10.1
1753769619890,06:13:39.890,bitget,SOL/USDT:USDT,184.814,509.6,184.813,889.7,184.815,30.1,184.829,14.0
1753769620042,06:13:40.042,bitget,SOL/USDT:USDT,184.814,509.6,184.813,889.7,184.815,30.1,184.829,14.0
1753769620345,06:13:40.345,bitget,SOL/USDT:USDT,184.834,26.6,184.832,26.6,184.835,23.2,184.837,17.0
1753769620497,06:13:40.497,bitget,SOL/USDT:USDT,184.836,262.4,184.835,49.1,184.837,17.1,184.838,104.8
1753769620650,06:13:40.650,bitget,SOL/USDT:USDT,184.836,418.9,184.835,179.2,184.837,66.3,184.838,104.8
1753769620803,06:13:40.803,bitget,SOL/USDT:USDT,184.836,378.9,184.835,91.2,184.837,90.5,184.838,104.8
1753769621106,06:13:41.106,bitget,SOL/USDT:USDT,184.845,26.6,184.838,36.6,184.846,41.9,184.847,17.0
1753769621258,06:13:41.258,bitget,SOL/USDT:USDT,184.845,511.8,184.838,178.6,184.846,41.9,184.847,17.0
1753769621412,06:13:41.412,bitget,SOL/USDT:USDT,184.846,467.2,184.845,374.6,184.847,17.1,184.85,0.5
1753769621562,06:13:41.562,bitget,SOL/USDT:USDT,184.846,623.7,184.845,146.0,184.847,17.1,184.85,0.5
1753769621713,06:13:41.713,bitget,SOL/USDT:USDT,184.846,543.9,184.845,145.9,184.847,17.0,184.85,22.4
1753769622018,06:13:42.018,bitget,SOL/USDT:USDT,184.846,536.1,184.845,145.9,184.847,31.1,184.85,6.4
1753769622167,06:13:42.167,bitget,SOL/USDT:USDT,184.846,536.1,184.845,145.9,184.847,31.1,184.85,6.4
1753769622318,06:13:42.318,bitget,SOL/USDT:USDT,184.846,536.1,184.845,145.9,184.847,31.1,184.85,6.4
1753769622473,06:13:42.473,bitget,SOL/USDT:USDT,184.846,524.8,184.845,145.9,184.847,34.5,184.85,6.4
1753769622931,06:13:42.931,bitget,SOL/USDT:USDT,184.846,399.6,184.845,145.6,184.847,27.8,184.848,17.0
1753769623085,06:13:43.085,bitget,SOL/USDT:USDT,184.846,399.6,184.845,145.6,184.847,116.4,184.848,17.0
1753769623238,06:13:43.238,bitget,SOL/USDT:USDT,184.846,399.6,184.845,145.6,184.847,116.4,184.848,17.0
1753769623388,06:13:43.388,bitget,SOL/USDT:USDT,184.846,399.6,184.845,145.6,184.847,116.4,184.848,17.0
1753769623541,06:13:43.541,bitget,SOL/USDT:USDT,184.846,399.6,184.845,145.6,184.847,116.4,184.848,17.0
1753769623842,06:13:43.842,bitget,SOL/USDT:USDT,184.847,121.3,184.846,308.2,184.848,17.0,184.85,26.3
1753769623992,06:13:43.992,bitget,SOL/USDT:USDT,184.847,601.4,184.846,140.4,184.848,17.0,184.85,0.5
1753769624142,06:13:44.142,bitget,SOL/USDT:USDT,184.847,628.1,184.846,140.2,184.848,17.1,184.85,0.5
1753769624292,06:13:44.292,bitget,SOL/USDT:USDT,184.848,105.5,184.847,528.1,184.85,0.5,184.856,8.0
1753769624442,06:13:44.442,bitget,SOL/USDT:USDT,184.849,1012.4,184.848,427.4,184.85,0.5,184.86,76.7
1753769624592,06:13:44.592,bitget,SOL/USDT:USDT,184.849,1012.4,184.848,197.2,184.85,0.5,184.86,76.7
1753769624742,06:13:44.742,bitget,SOL/USDT:USDT,184.849,1012.3,184.848,197.2,184.85,0.6,184.865,19.6
1753769624892,06:13:44.892,bitget,SOL/USDT:USDT,184.849,1012.3,184.848,197.2,184.85,0.6,184.865,92.4
1753769625042,06:13:45.042,bitget,SOL/USDT:USDT,184.849,1012.3,184.848,148.1,184.85,0.6,184.865,92.4
1753769625192,06:13:45.192,bitget,SOL/USDT:USDT,184.849,1012.3,184.848,148.1,184.85,0.6,184.865,92.4
1753769625343,06:13:45.343,bitget,SOL/USDT:USDT,184.849,1004.5,184.848,293.6,184.85,0.6,184.865,92.4
1753769625493,06:13:45.493,bitget,SOL/USDT:USDT,184.849,1004.6,184.848,293.6,184.85,0.5,184.859,0.1
1753769625643,06:13:45.643,bitget,SOL/USDT:USDT,184.865,111.0,184.864,542.5,184.866,209.6,184.876,63.6
1753769625793,06:13:45.793,bitget,SOL/USDT:USDT,184.875,66.6,184.867,70.0,184.885,36.3,184.886,91.3
1753769626243,06:13:46.243,bitget,SOL/USDT:USDT,184.884,627.2,184.883,2.2,184.885,117.4,184.886,91.3
1753769626393,06:13:46.393,bitget,SOL/USDT:USDT,184.884,501.2,184.883,2.2,184.885,117.4,184.886,91.9
1753769626543,06:13:46.543,bitget,SOL/USDT:USDT,184.884,501.2,184.883,2.2,184.885,117.4,184.886,93.2
1753769626693,06:13:46.693,bitget,SOL/USDT:USDT,184.884,501.2,184.883,2.2,184.885,117.4,184.886,93.2
1753769626843,06:13:46.843,bitget,SOL/USDT:USDT,184.884,627.2,184.883,2.2,184.885,117.4,184.886,93.2
1753769626994,06:13:46.994,bitget,SOL/USDT:USDT,184.884,627.2,184.883,2.2,184.885,117.4,184.886,93.2
1753769627144,06:13:47.144,bitget,SOL/USDT:USDT,184.884,501.2,184.883,2.2,184.885,273.9,184.886,93.4
1753769627294,06:13:47.294,bitget,SOL/USDT:USDT,184.884,459.1,184.877,9.2,184.885,273.9,184.886,93.4
1753769627443,06:13:47.443,bitget,SOL/USDT:USDT,184.884,459.1,184.878,2.2,184.885,277.3,184.886,93.4
1753769627594,06:13:47.594,bitget,SOL/USDT:USDT,184.884,459.1,184.879,2.2,184.885,277.3,184.886,93.4
1753769627744,06:13:47.744,bitget,SOL/USDT:USDT,184.884,459.1,184.881,2.2,184.885,277.3,184.886,98.0
1753769627894,06:13:47.894,bitget,SOL/USDT:USDT,184.884,443.7,184.881,2.2,184.885,288.6,184.886,98.6
1753769628044,06:13:48.044,bitget,SOL/USDT:USDT,184.884,443.7,184.881,2.2,184.885,288.6,184.886,98.6
1753769628194,06:13:48.194,bitget,SOL/USDT:USDT,184.884,443.7,184.881,2.2,184.885,288.6,184.886,98.6
1753769628344,06:13:48.344,bitget,SOL/USDT:USDT,184.884,443.7,184.881,2.2,184.885,288.6,184.886,98.6
1753769628645,06:13:48.645,bitget,SOL/USDT:USDT,184.884,443.7,184.88,2.2,184.885,17.5,184.886,98.6
1753769628794,06:13:48.794,bitget,SOL/USDT:USDT,184.884,443.7,184.88,2.2,184.885,282.2,184.886,98.6
1753769628945,06:13:48.945,bitget,SOL/USDT:USDT,184.884,569.7,184.876,10.9,184.885,293.5,184.887,17.0
1753769629095,06:13:49.095,bitget,SOL/USDT:USDT,184.884,569.7,184.876,10.9,184.885,293.5,184.887,17.0
1753769629245,06:13:49.245,bitget,SOL/USDT:USDT,184.884,569.7,184.876,10.9,184.885,293.5,184.887,17.0
1753769629545,06:13:49.545,bitget,SOL/USDT:USDT,184.884,439.4,184.876,10.9,184.885,293.5,184.887,17.0
1753769630146,06:13:50.146,bitget,SOL/USDT:USDT,184.884,200.3,184.876,0.1,184.885,271.8,184.886,252.5
1753769630445,06:13:50.445,bitget,SOL/USDT:USDT,184.884,222.6,184.876,2.2,184.885,57.7,184.886,181.5
1753769630596,06:13:50.596,bitget,SOL/USDT:USDT,184.884,226.0,184.882,2.2,184.885,57.7,184.886,154.2
1753769631197,06:13:51.197,bitget,SOL/USDT:USDT,184.884,349.3,184.881,2.2,184.885,90.5,184.888,17.0
1753769631346,06:13:51.346,bitget,SOL/USDT:USDT,184.884,338.0,184.881,2.2,184.885,101.8,184.888,17.0
1753769631647,06:13:51.647,bitget,SOL/USDT:USDT,184.884,338.0,184.881,2.2,184.885,101.8,184.888,17.0
1753769631797,06:13:51.797,bitget,SOL/USDT:USDT,184.884,338.0,184.881,2.2,184.885,101.8,184.888,17.0
1753769631946,06:13:51.946,bitget,SOL/USDT:USDT,184.884,338.0,184.881,2.2,184.885,101.8,184.888,17.0
1753769632097,06:13:52.097,bitget,SOL/USDT:USDT,184.884,338.0,184.881,2.2,184.885,101.8,184.888,17.0
1753769632247,06:13:52.247,bitget,SOL/USDT:USDT,184.884,338.0,184.881,2.2,184.885,92.8,184.888,17.0
1753769632547,06:13:52.547,bitget,SOL/USDT:USDT,184.884,0.1,184.877,126.0,184.885,222.3,184.888,17.1
1753769632697,06:13:52.697,bitget,SOL/USDT:USDT,184.884,199.9,184.878,126.0,184.885,182.0,184.886,246.0
1753769633147,06:13:53.147,bitget,SOL/USDT:USDT,184.884,199.9,184.878,126.0,184.885,220.8,184.886,160.0
1753769633297,06:13:53.297,bitget,SOL/USDT:USDT,184.884,199.9,184.878,126.0,184.885,215.4,184.886,149.2
1753769633448,06:13:53.448,bitget,SOL/USDT:USDT,184.884,199.9,184.878,126.0,184.885,220.8,184.886,147.7
1753769633598,06:13:53.598,bitget,SOL/USDT:USDT,184.884,199.9,184.878,126.0,184.885,220.8,184.886,147.7
1753769633748,06:13:53.748,bitget,SOL/USDT:USDT,184.884,325.9,184.879,126.0,184.885,220.8,184.886,152.0
1753769633898,06:13:53.898,bitget,SOL/USDT:USDT,184.884,325.9,184.879,126.0,184.885,275.9,184.886,152.0
1753769634048,06:13:54.048,bitget,SOL/USDT:USDT,184.884,325.9,184.879,126.0,184.885,275.9,184.886,152.2
1753769634198,06:13:54.198,bitget,SOL/USDT:USDT,184.884,325.9,184.879,126.0,184.885,275.9,184.886,152.2
1753769634348,06:13:54.348,bitget,SOL/USDT:USDT,184.884,199.9,184.879,126.0,184.885,220.8,184.886,152.2
1753769634498,06:13:54.498,bitget,SOL/USDT:USDT,184.884,210.7,184.879,126.0,184.885,220.8,184.886,152.2
1753769634648,06:13:54.648,bitget,SOL/USDT:USDT,184.884,210.7,184.874,2.2,184.885,220.8,184.886,152.2
1753769634949,06:13:54.949,bitget,SOL/USDT:USDT,184.884,336.7,184.874,2.2,184.885,234.0,184.886,153.0
1753769635099,06:13:55.099,bitget,SOL/USDT:USDT,184.884,336.7,184.874,2.2,184.885,234.0,184.886,153.0
1753769635249,06:13:55.249,bitget,SOL/USDT:USDT,184.884,336.7,184.874,2.2,184.885,234.0,184.886,152.0
1753769635399,06:13:55.399,bitget,SOL/USDT:USDT,184.884,336.7,184.874,2.2,184.885,234.0,184.886,126.2
1753769635548,06:13:55.548,bitget,SOL/USDT:USDT,184.884,336.7,184.874,2.2,184.885,234.0,184.886,122.1
1753769635698,06:13:55.698,bitget,SOL/USDT:USDT,184.884,336.7,184.874,2.2,184.885,234.0,184.886,122.1
1753769635849,06:13:55.849,bitget,SOL/USDT:USDT,184.884,336.7,184.874,2.2,184.885,234.0,184.886,123.6
1753769635999,06:13:55.999,bitget,SOL/USDT:USDT,184.884,340.1,184.878,2.2,184.885,228.6,184.886,122.2
1753769636149,06:13:56.149,bitget,SOL/USDT:USDT,184.884,340.1,184.883,2.2,184.885,136.9,184.886,122.5
1753769636299,06:13:56.299,bitget,SOL/USDT:USDT,184.884,351.6,184.883,2.2,184.885,0.1,184.886,76.3
1753769636449,06:13:56.449,bitget,SOL/USDT:USDT,184.884,351.6,184.883,2.2,184.885,0.1,184.886,80.8
1753769636599,06:13:56.599,bitget,SOL/USDT:USDT,184.884,351.2,184.883,2.2,184.885,97.1,184.886,81.0
1753769636750,06:13:56.750,bitget,SOL/USDT:USDT,184.884,351.2,184.883,2.2,184.885,97.1,184.886,81.6
1753769636899,06:13:56.899,bitget,SOL/USDT:USDT,184.884,351.2,184.883,2.2,184.885,70.1,184.886,82.5
1753769637050,06:13:57.050,bitget,SOL/USDT:USDT,184.884,351.2,184.883,2.2,184.885,70.1,184.886,82.5
1753769637200,06:13:57.200,bitget,SOL/USDT:USDT,184.884,351.2,184.883,2.2,184.885,69.7,184.886,92.7
1753769637350,06:13:57.350,bitget,SOL/USDT:USDT,184.884,351.2,184.883,2.2,184.885,70.7,184.886,92.7
1753769637500,06:13:57.500,bitget,SOL/USDT:USDT,184.884,351.3,184.883,2.2,184.885,1.4,184.886,91.2
1753769637650,06:13:57.650,bitget,SOL/USDT:USDT,184.884,351.2,184.883,2.2,184.885,15.0,184.886,91.2
1753769637800,06:13:57.800,bitget,SOL/USDT:USDT,184.884,351.2,184.883,2.2,184.885,96.2,184.886,2.2
1753769637950,06:13:57.950,bitget,SOL/USDT:USDT,184.884,351.2,184.883,2.2,184.885,19.3,184.888,17.1
1753769638100,06:13:58.100,bitget,SOL/USDT:USDT,184.884,351.2,184.883,2.2,184.885,66.4,184.888,17.1
1753769638251,06:13:58.251,bitget,SOL/USDT:USDT,184.884,351.2,184.883,2.2,184.885,66.4,184.888,0.1
1753769638401,06:13:58.401,bitget,SOL/USDT:USDT,184.884,351.2,184.883,2.2,184.885,66.4,184.888,0.1
1753769638701,06:13:58.701,bitget,SOL/USDT:USDT,184.884,351.1,184.883,2.2,184.885,66.4,184.888,0.1
1753769639001,06:13:59.001,bitget,SOL/USDT:USDT,184.884,347.4,184.883,2.2,184.885,14.6,184.889,17.1
1753769639151,06:13:59.151,bitget,SOL/USDT:USDT,184.884,347.4,184.883,2.2,184.885,18.8,184.889,17.1
1753769639301,06:13:59.301,bitget,SOL/USDT:USDT,184.884,347.4,184.883,2.2,184.885,18.8,184.889,17.1
1753769639451,06:13:59.451,bitget,SOL/USDT:USDT,184.884,347.4,184.883,2.2,184.885,18.8,184.889,17.1
1753769639601,06:13:59.601,bitget,SOL/USDT:USDT,184.884,347.4,184.883,2.2,184.885,18.8,184.889,17.1
1753769639751,06:13:59.751,bitget,SOL/USDT:USDT,184.884,347.4,184.883,2.2,184.885,52.2,184.888,14.0
1753769639902,06:13:59.902,bitget,SOL/USDT:USDT,184.884,347.4,184.883,2.2,184.885,52.2,184.888,14.0
1753769640051,06:14:00.051,bitget,SOL/USDT:USDT,184.884,347.4,184.883,2.2,184.885,52.2,184.888,14.0
1753769640202,06:14:00.202,bitget,SOL/USDT:USDT,184.884,347.4,184.883,2.2,184.885,52.2,184.888,14.0
1753769640351,06:14:00.351,bitget,SOL/USDT:USDT,184.884,347.4,184.883,2.2,184.885,52.2,184.888,14.0
1753769640502,06:14:00.502,bitget,SOL/USDT:USDT,184.884,347.4,184.883,2.2,184.885,52.2,184.888,14.0
1753769640652,06:14:00.652,bitget,SOL/USDT:USDT,184.884,347.4,184.883,2.2,184.885,52.2,184.888,14.0
1753769640802,06:14:00.802,bitget,SOL/USDT:USDT,184.884,347.4,184.883,2.2,184.885,66.2,184.889,17.1
1753769641252,06:14:01.252,bitget,SOL/USDT:USDT,184.884,351.7,184.883,77.8,184.885,18.8,184.889,17.1
1753769641403,06:14:01.403,bitget,SOL/USDT:USDT,184.884,347.4,184.883,77.8,184.885,18.8,184.889,17.1
1753769641553,06:14:01.553,bitget,SOL/USDT:USDT,184.884,347.4,184.883,77.8,184.885,18.8,184.889,17.1
1753769641703,06:14:01.703,bitget,SOL/USDT:USDT,184.884,347.4,184.883,77.8,184.885,18.8,184.888,14.0
1753769641853,06:14:01.853,bitget,SOL/USDT:USDT,184.884,347.4,184.883,40.0,184.885,18.8,184.888,14.0
1753769642003,06:14:02.003,bitget,SOL/USDT:USDT,184.884,347.4,184.883,40.0,184.885,135.5,184.888,14.0
1753769642153,06:14:02.153,bitget,SOL/USDT:USDT,184.884,347.4,184.883,40.0,184.885,160.8,184.888,14.0
1753769642303,06:14:02.303,bitget,SOL/USDT:USDT,184.884,347.4,184.883,40.0,184.885,177.7,184.888,14.0
1753769642453,06:14:02.453,bitget,SOL/USDT:USDT,184.884,347.4,184.883,40.0,184.885,17.8,184.888,14.0
1753769642603,06:14:02.603,bitget,SOL/USDT:USDT,184.884,347.4,184.883,40.0,184.885,17.8,184.888,14.0
1753769642753,06:14:02.753,bitget,SOL/USDT:USDT,184.884,347.4,184.883,40.0,184.885,31.3,184.888,14.0
1753769642903,06:14:02.903,bitget,SOL/USDT:USDT,184.884,347.4,184.883,40.0,184.885,31.3,184.888,14.0
1753769643053,06:14:03.053,bitget,SOL/USDT:USDT,184.884,347.4,184.883,40.0,184.885,31.3,184.888,14.0
1753769643503,06:14:03.503,bitget,SOL/USDT:USDT,184.884,347.4,184.883,40.0,184.885,30.3,184.888,14.0
1753769643654,06:14:03.654,bitget,SOL/USDT:USDT,184.884,347.4,184.883,40.0,184.885,30.3,184.889,17.1
1753769643804,06:14:03.804,bitget,SOL/USDT:USDT,184.884,347.4,184.883,40.0,184.885,30.3,184.889,17.1
1753769643954,06:14:03.954,bitget,SOL/USDT:USDT,184.884,347.4,184.883,40.0,184.885,30.3,184.889,17.1
1753769644104,06:14:04.104,bitget,SOL/USDT:USDT,184.884,347.4,184.883,40.0,184.885,27.1,184.889,17.1
1753769644254,06:14:04.254,bitget,SOL/USDT:USDT,184.884,347.4,184.883,40.0,184.885,27.1,184.889,17.1
1753769644404,06:14:04.404,bitget,SOL/USDT:USDT,184.884,347.4,184.883,40.0,184.885,27.1,184.889,17.1
1753769644554,06:14:04.554,bitget,SOL/USDT:USDT,184.884,347.4,184.883,40.0,184.885,27.1,184.889,17.1
1753769644705,06:14:04.705,bitget,SOL/USDT:USDT,184.884,347.4,184.883,40.0,184.885,27.1,184.889,17.1
1753769644855,06:14:04.855,bitget,SOL/USDT:USDT,184.884,347.4,184.883,40.0,184.885,27.1,184.889,17.1
1753769645155,06:14:05.155,bitget,SOL/USDT:USDT,184.884,350.9,184.883,40.0,184.885,27.1,184.889,17.1
1753769645605,06:14:05.605,bitget,SOL/USDT:USDT,184.884,350.9,184.883,40.0,184.885,27.1,184.889,17.1
1753769645755,06:14:05.755,bitget,SOL/USDT:USDT,184.884,350.9,184.883,40.0,184.885,27.1,184.889,17.1
1753769646055,06:14:06.055,bitget,SOL/USDT:USDT,184.884,350.9,184.883,40.0,184.885,27.1,184.889,17.1
1753769646356,06:14:06.356,bitget,SOL/USDT:USDT,184.884,350.9,184.883,40.0,184.885,22.8,184.889,17.1
1753769646506,06:14:06.506,bitget,SOL/USDT:USDT,184.884,350.9,184.883,40.0,184.885,13.6,184.889,17.1
1753769646655,06:14:06.655,bitget,SOL/USDT:USDT,184.884,350.9,184.883,40.0,184.885,30.3,184.889,17.1
1753769646806,06:14:06.806,bitget,SOL/USDT:USDT,184.884,350.9,184.883,40.0,184.885,30.3,184.889,17.1
1753769646956,06:14:06.956,bitget,SOL/USDT:USDT,184.896,26.6,184.894,26.6,184.897,5.0,184.903,19.6
1753769647106,06:14:07.106,bitget,SOL/USDT:USDT,184.896,607.7,184.895,80.4,184.897,5.0,184.915,19.6
1753769647257,06:14:07.257,bitget,SOL/USDT:USDT,184.896,607.7,184.895,162.2,184.897,5.0,184.914,14.4
1753769647556,06:14:07.556,bitget,SOL/USDT:USDT,184.933,30.0,184.926,26.6,184.934,45.5,184.942,36.1
1753769647706,06:14:07.706,bitget,SOL/USDT:USDT,184.933,410.5,184.926,512.1,184.934,286.1,184.938,17.1
1753769647856,06:14:07.856,bitget,SOL/USDT:USDT,184.933,410.5,184.926,2.2,184.934,286.1,184.938,17.1
1753769648007,06:14:08.007,bitget,SOL/USDT:USDT,184.933,410.5,184.926,2.2,184.934,286.1,184.938,17.1
1753769648156,06:14:08.156,bitget,SOL/USDT:USDT,184.933,380.5,184.93,2.2,184.934,254.5,184.938,17.1
1753769648307,06:14:08.307,bitget,SOL/USDT:USDT,184.933,380.5,184.93,2.2,184.934,254.3,184.938,17.1
1753769648457,06:14:08.457,bitget,SOL/USDT:USDT,184.933,380.5,184.93,2.2,184.934,254.3,184.938,17.1
1753769648606,06:14:08.606,bitget,SOL/USDT:USDT,184.933,361.9,184.93,2.2,184.934,257.7,184.938,17.1
1753769648758,06:14:08.758,bitget,SOL/USDT:USDT,184.933,361.9,184.927,126.0,184.934,269.1,184.938,19.3
1753769648907,06:14:08.907,bitget,SOL/USDT:USDT,184.933,361.9,184.927,126.0,184.934,269.1,184.937,2.2
1753769649057,06:14:09.057,bitget,SOL/USDT:USDT,184.933,361.9,184.927,126.0,184.934,269.1,184.937,2.2
1753769649207,06:14:09.207,bitget,SOL/USDT:USDT,184.925,80.4,184.92,3.4,184.928,35.8,184.931,21.0
1753769649508,06:14:09.508,bitget,SOL/USDT:USDT,184.925,92.7,184.92,3.4,184.926,463.6,184.927,5.1
1753769649658,06:14:09.658,bitget,SOL/USDT:USDT,184.925,375.2,184.92,3.4,184.926,455.9,184.927,50.7
1753769649807,06:14:09.807,bitget,SOL/USDT:USDT,184.925,375.2,184.92,3.4,184.926,455.9,184.927,35.2
1753769649958,06:14:09.958,bitget,SOL/USDT:USDT,184.925,363.8,184.922,2.2,184.926,441.8,184.927,35.2
1753769650108,06:14:10.108,bitget,SOL/USDT:USDT,184.925,378.6,184.92,3.4,184.926,441.8,184.927,35.2
1753769650258,06:14:10.258,bitget,SOL/USDT:USDT,184.925,378.6,184.92,3.4,184.926,441.1,184.927,35.2
1753769650408,06:14:10.408,bitget,SOL/USDT:USDT,184.925,378.6,184.92,3.4,184.926,441.1,184.927,35.2
1753769650558,06:14:10.558,bitget,SOL/USDT:USDT,184.925,378.6,184.92,3.4,184.926,441.1,184.927,5.1
1753769650708,06:14:10.708,bitget,SOL/USDT:USDT,184.925,263.4,184.921,2.2,184.926,447.7,184.927,5.1
1753769650858,06:14:10.858,bitget,SOL/USDT:USDT,184.925,263.4,184.921,2.2,184.926,447.7,184.927,5.1
1753769651008,06:14:11.008,bitget,SOL/USDT:USDT,184.925,263.4,184.921,2.2,184.926,447.7,184.927,5.1
1753769651158,06:14:11.158,bitget,SOL/USDT:USDT,184.925,389.4,184.921,2.2,184.926,447.6,184.927,5.1
1753769651309,06:14:11.309,bitget,SOL/USDT:USDT,184.925,389.6,184.924,2.2,184.926,34.9,184.929,17.1
1753769651459,06:14:11.459,bitget,SOL/USDT:USDT,184.925,389.5,184.924,2.2,184.926,7.5,184.928,5.1
1753769651609,06:14:11.609,bitget,SOL/USDT:USDT,184.925,389.4,184.924,2.2,184.926,44.7,184.928,5.1
1753769651758,06:14:11.758,bitget,SOL/USDT:USDT,184.925,389.4,184.924,2.2,184.926,44.7,184.928,5.1
1753769651908,06:14:11.908,bitget,SOL/USDT:USDT,184.925,389.4,184.924,2.2,184.926,167.2,184.928,5.1
1753769652058,06:14:12.058,bitget,SOL/USDT:USDT,184.925,389.4,184.924,2.2,184.926,167.2,184.928,5.1
1753769652209,06:14:12.209,bitget,SOL/USDT:USDT,184.925,389.4,184.924,2.2,184.926,167.2,184.928,5.1
1753769652359,06:14:12.359,bitget,SOL/USDT:USDT,184.925,389.4,184.924,2.2,184.926,10.7,184.928,5.1
1753769652509,06:14:12.509,bitget,SOL/USDT:USDT,184.925,389.4,184.924,2.2,184.926,10.7,184.928,5.1
1753769652660,06:14:12.660,bitget,SOL/USDT:USDT,184.925,389.4,184.924,2.2,184.926,44.7,184.928,5.1
1753769652810,06:14:12.810,bitget,SOL/USDT:USDT,184.925,389.5,184.924,2.2,184.926,181.3,184.928,5.1
1753769653109,06:14:13.109,bitget,SOL/USDT:USDT,184.925,389.5,184.924,2.2,184.926,23.1,184.928,5.1
1753769653410,06:14:13.410,bitget,SOL/USDT:USDT,184.925,389.5,184.924,2.2,184.926,0.1,184.929,17.1
1753769653560,06:14:13.560,bitget,SOL/USDT:USDT,184.925,389.5,184.924,2.2,184.926,0.1,184.929,17.1
1753769653710,06:14:13.710,bitget,SOL/USDT:USDT,184.925,389.5,184.924,2.2,184.926,0.1,184.929,17.1
1753769653860,06:14:13.860,bitget,SOL/USDT:USDT,184.925,389.5,184.924,2.2,184.926,0.1,184.929,17.1
1753769654010,06:14:14.010,bitget,SOL/USDT:USDT,184.925,389.5,184.924,2.2,184.926,0.1,184.929,17.1
1753769654160,06:14:14.160,bitget,SOL/USDT:USDT,184.925,389.5,184.924,2.2,184.926,0.1,184.929,17.1
1753769654311,06:14:14.311,bitget,SOL/USDT:USDT,184.925,389.5,184.924,2.2,184.926,0.1,184.929,17.1
1753769654460,06:14:14.460,bitget,SOL/USDT:USDT,184.925,389.5,184.924,2.2,184.926,0.1,184.929,17.1
1753769654610,06:14:14.610,bitget,SOL/USDT:USDT,184.925,389.5,184.924,2.2,184.926,0.1,184.929,17.1
1753769654761,06:14:14.761,bitget,SOL/USDT:USDT,184.925,389.5,184.92,3.4,184.926,0.1,184.929,17.1
1753769654911,06:14:14.911,bitget,SOL/USDT:USDT,184.925,81.4,184.92,3.4,184.926,300.4,184.928,4.3
1753769655061,06:14:15.061,bitget,SOL/USDT:USDT,184.925,252.1,184.92,3.4,184.926,351.7,184.928,9.4
1753769655211,06:14:15.211,bitget,SOL/USDT:USDT,184.925,263.5,184.922,2.2,184.926,211.3,184.928,5.1
1753769655361,06:14:15.361,bitget,SOL/USDT:USDT,184.925,252.1,184.922,2.2,184.926,211.3,184.928,5.1
1753769655511,06:14:15.511,bitget,SOL/USDT:USDT,184.925,389.5,184.92,3.4,184.926,235.3,184.928,5.1
1753769655661,06:14:15.661,bitget,SOL/USDT:USDT,184.925,389.5,184.92,3.4,184.926,235.3,184.928,5.1
1753769655811,06:14:15.811,bitget,SOL/USDT:USDT,184.925,389.5,184.92,3.4,184.926,27.5,184.928,5.1
1753769655962,06:14:15.962,bitget,SOL/USDT:USDT,184.925,389.5,184.924,2.2,184.926,27.5,184.928,5.1
1753769656112,06:14:16.112,bitget,SOL/USDT:USDT,184.925,252.1,184.924,2.2,184.926,195.4,184.928,5.1
1753769656562,06:14:16.562,bitget,SOL/USDT:USDT,184.925,389.5,184.92,3.4,184.926,184.0,184.928,5.1
1753769656712,06:14:16.712,bitget,SOL/USDT:USDT,184.925,389.5,184.923,2.2,184.926,184.0,184.928,5.1
1753769656862,06:14:16.862,bitget,SOL/USDT:USDT,184.925,389.5,184.924,2.2,184.926,184.0,184.928,5.1
