timestamp,time,exchange,symbol,bid1_price,bid1_volume,bid2_price,bid2_volume,ask1_price,ask1_volume,ask2_price,ask2_volume
1753769305154,06:08:25.154,bitmart,BTC/USDT:USDT,118770.3,928.0,118770.2,357.0,118770.4,12569.0,118770.5,503.0
1753769305961,06:08:25.961,bitmart,BTC/USDT:USDT,118770.3,10238.0,118770.2,394.0,118770.4,12636.0,118770.5,503.0
1753769306160,06:08:26.160,bitmart,BTC/USDT:USDT,118770.3,10407.0,118770.2,394.0,118770.4,12653.0,118770.5,503.0
1753769306954,06:08:26.954,bitmart,BTC/USDT:USDT,118770.3,10243.0,118770.2,394.0,118770.4,12560.0,118770.5,503.0
1753769307359,06:08:27.359,bitmart,BTC/USDT:USDT,118770.3,9139.0,118770.2,394.0,118770.4,11469.0,118770.5,503.0
1753769307756,06:08:27.756,bitmart,BTC/USDT:USDT,118770.3,13186.0,118770.2,509.0,118770.4,9670.0,118770.5,503.0
1753769307963,06:08:27.963,bitmart,BTC/USDT:USDT,118770.3,13197.0,118770.2,509.0,118770.4,9810.0,118770.5,503.0
1753769308359,06:08:28.359,bitmart,BTC/USDT:USDT,118770.3,13197.0,118770.2,509.0,118770.4,9755.0,118770.5,503.0
1753769309553,06:08:29.553,bitmart,BTC/USDT:USDT,118770.3,8843.0,118770.2,509.0,118770.4,12846.0,118770.5,503.0
1753769310754,06:08:30.754,bitmart,BTC/USDT:USDT,118770.3,7870.0,118770.2,509.0,118770.4,11555.0,118770.5,503.0
1753769311756,06:08:31.756,bitmart,BTC/USDT:USDT,118770.3,12083.0,118770.2,452.0,118770.4,10663.0,118770.5,503.0
1753769311955,06:08:31.955,bitmart,BTC/USDT:USDT,118770.3,12011.0,118770.2,452.0,118770.4,10767.0,118770.5,503.0
1753769312357,06:08:32.357,bitmart,BTC/USDT:USDT,118770.3,12119.0,118770.2,452.0,118770.4,10881.0,118770.5,503.0
1753769312554,06:08:32.554,bitmart,BTC/USDT:USDT,118770.3,14260.0,118770.2,452.0,118770.4,12515.0,118770.5,503.0
1753769312756,06:08:32.756,bitmart,BTC/USDT:USDT,118770.3,10339.0,118770.2,452.0,118770.4,12654.0,118770.5,503.0
1753769312953,06:08:32.953,bitmart,BTC/USDT:USDT,118770.3,10240.0,118770.2,452.0,118770.4,12536.0,118770.5,503.0
1753769313356,06:08:33.356,bitmart,BTC/USDT:USDT,118770.3,9130.0,118770.2,452.0,118770.4,11423.0,118770.5,503.0
1753769313554,06:08:33.554,bitmart,BTC/USDT:USDT,118770.3,9130.0,118770.2,452.0,118770.4,11423.0,118770.5,503.0
1753769313756,06:08:33.756,bitmart,BTC/USDT:USDT,118770.3,10363.0,118770.2,452.0,118770.4,12505.0,118770.5,503.0
1753769314161,06:08:34.161,bitmart,BTC/USDT:USDT,118770.3,12305.0,118770.2,452.0,118770.4,12463.0,118770.5,503.0
1753769314556,06:08:34.556,bitmart,BTC/USDT:USDT,118770.3,12373.0,118770.2,452.0,118770.4,12424.0,118770.5,503.0
1753769315552,06:08:35.552,bitmart,BTC/USDT:USDT,118770.3,12301.0,118770.2,452.0,118770.4,12406.0,118770.5,503.0
1753769315552,06:08:35.552,bitmart,BTC/USDT:USDT,118770.3,12301.0,118770.2,452.0,118770.4,12423.0,118770.5,503.0
1753769315758,06:08:35.758,bitmart,BTC/USDT:USDT,118770.3,12199.0,118770.2,452.0,118770.4,12511.0,118770.5,503.0
1753769315956,06:08:35.956,bitmart,BTC/USDT:USDT,118770.3,14540.0,118770.2,452.0,118770.4,14392.0,118770.5,503.0
1753769316754,06:08:36.754,bitmart,BTC/USDT:USDT,118770.3,1457.0,118770.2,597.0,118770.4,13926.0,118770.5,651.0
1753769316954,06:08:36.954,bitmart,BTC/USDT:USDT,118770.3,1818.0,118770.2,597.0,118770.4,14423.0,118770.5,651.0
1753769317353,06:08:37.353,bitmart,BTC/USDT:USDT,118770.3,334.0,118770.2,597.0,118770.4,1430.0,118770.5,651.0
1753769317553,06:08:37.553,bitmart,BTC/USDT:USDT,118770.3,1731.0,118770.2,597.0,118770.4,14443.0,118770.5,651.0
1753769317755,06:08:37.755,bitmart,BTC/USDT:USDT,118770.3,1603.0,118770.2,597.0,118770.4,15057.0,118770.5,651.0
1753769317953,06:08:37.953,bitmart,BTC/USDT:USDT,118770.3,749.0,118770.2,597.0,118770.4,9958.0,118770.5,651.0
1753769318557,06:08:38.557,bitmart,BTC/USDT:USDT,118770.3,249.0,118770.2,597.0,118770.4,9958.0,118770.5,651.0
1753769318958,06:08:38.958,bitmart,BTC/USDT:USDT,118770.3,1180.0,118770.2,597.0,118770.4,13391.0,118770.5,595.0
1753769319354,06:08:39.354,bitmart,BTC/USDT:USDT,118770.3,1141.0,118770.2,597.0,118770.4,13400.0,118770.5,595.0
1753769320354,06:08:40.354,bitmart,BTC/USDT:USDT,118770.3,1274.0,118770.2,597.0,118770.4,15332.0,118770.5,595.0
1753769321355,06:08:41.355,bitmart,BTC/USDT:USDT,118761.5,33.0,118761.4,12850.0,118770.4,14822.0,118770.5,595.0
1753769322156,06:08:42.156,bitmart,BTC/USDT:USDT,118761.4,13089.0,118761.3,633.0,118761.5,13172.0,118761.6,566.0
1753769322356,06:08:42.356,bitmart,BTC/USDT:USDT,118761.4,12820.0,118761.3,633.0,118761.5,13064.0,118761.6,566.0
1753769322758,06:08:42.758,bitmart,BTC/USDT:USDT,118761.4,11697.0,118761.3,633.0,118761.5,13264.0,118761.6,566.0
1753769323356,06:08:43.356,bitmart,BTC/USDT:USDT,118761.4,4267.0,118761.3,633.0,118761.5,11193.0,118761.6,566.0
1753769324159,06:08:44.159,bitmart,BTC/USDT:USDT,118761.4,8965.0,118761.3,633.0,118761.5,16153.0,118761.6,566.0
1753769324353,06:08:44.353,bitmart,BTC/USDT:USDT,118761.4,3044.0,118761.3,633.0,118761.5,16010.0,118761.6,566.0
1753769324755,06:08:44.755,bitmart,BTC/USDT:USDT,118761.4,3741.0,118761.3,633.0,118761.5,16203.0,118761.6,566.0
1753769324956,06:08:44.956,bitmart,BTC/USDT:USDT,118761.4,1992.0,118761.3,633.0,118761.5,16383.0,118761.6,566.0
1753769325201,06:08:45.201,bitmart,BTC/USDT:USDT,118761.4,2657.0,118761.3,633.0,118761.5,15868.0,118761.6,566.0
1753769325353,06:08:45.353,bitmart,BTC/USDT:USDT,118761.4,3124.0,118761.3,633.0,118761.5,16251.0,118761.6,566.0
1753769325959,06:08:45.959,bitmart,BTC/USDT:USDT,118761.4,2229.0,118761.3,633.0,118761.5,15571.0,118761.6,566.0
1753769326357,06:08:46.357,bitmart,BTC/USDT:USDT,118761.4,11299.0,118761.3,633.0,118761.5,15742.0,118761.6,566.0
1753769326556,06:08:46.556,bitmart,BTC/USDT:USDT,118761.4,11222.0,118761.3,633.0,118761.5,16102.0,118761.6,566.0
1753769326756,06:08:46.756,bitmart,BTC/USDT:USDT,118761.4,14638.0,118761.3,633.0,118761.5,15582.0,118761.6,566.0
1753769327152,06:08:47.152,bitmart,BTC/USDT:USDT,118761.4,9994.0,118761.3,633.0,118761.5,11193.0,118761.6,566.0
1753769327956,06:08:47.956,bitmart,BTC/USDT:USDT,118761.4,16006.0,118761.3,633.0,118761.5,16036.0,118761.6,566.0
1753769328352,06:08:48.352,bitmart,BTC/USDT:USDT,118761.4,10836.0,118761.3,633.0,118761.5,16197.0,118761.6,566.0
1753769328553,06:08:48.553,bitmart,BTC/USDT:USDT,118761.4,12356.0,118761.3,607.0,118761.5,8997.0,118761.6,566.0
1753769329157,06:08:49.157,bitmart,BTC/USDT:USDT,118761.4,12354.0,118761.3,607.0,118761.5,8997.0,118761.6,566.0
1753769329757,06:08:49.757,bitmart,BTC/USDT:USDT,118761.4,12356.0,118761.3,607.0,118761.5,8997.0,118761.6,566.0
1753769329954,06:08:49.954,bitmart,BTC/USDT:USDT,118761.4,3426.0,118761.3,607.0,118761.5,2283.0,118761.6,566.0
1753769330556,06:08:50.556,bitmart,BTC/USDT:USDT,118761.4,11590.0,118761.3,607.0,118761.5,8597.0,118761.6,566.0
1753769330755,06:08:50.755,bitmart,BTC/USDT:USDT,118761.4,11590.0,118761.3,607.0,118761.5,8597.0,118761.6,566.0
1753769330954,06:08:50.954,bitmart,BTC/USDT:USDT,118761.4,16255.0,118761.3,607.0,118761.5,13548.0,118761.6,566.0
1753769331152,06:08:51.152,bitmart,BTC/USDT:USDT,118761.4,11590.0,118761.3,607.0,118761.5,8597.0,118761.6,566.0
1753769331552,06:08:51.552,bitmart,BTC/USDT:USDT,118761.4,7955.0,118761.3,607.0,118761.5,6059.0,118761.6,566.0
1753769332154,06:08:52.154,bitmart,BTC/USDT:USDT,118761.4,15597.0,118761.3,607.0,118761.5,13913.0,118761.6,566.0
1753769332353,06:08:52.353,bitmart,BTC/USDT:USDT,118761.4,15370.0,118761.3,607.0,118761.5,14825.0,118761.6,566.0
1753769332958,06:08:52.958,bitmart,BTC/USDT:USDT,118761.4,11604.0,118761.3,607.0,118761.5,9621.0,118761.6,566.0
1753769333152,06:08:53.152,bitmart,BTC/USDT:USDT,118761.4,17984.0,118761.3,607.0,118761.5,15858.0,118761.6,566.0
1753769333954,06:08:53.954,bitmart,BTC/USDT:USDT,118761.4,4072.0,118761.3,607.0,118761.5,15544.0,118761.6,566.0
1753769334154,06:08:54.154,bitmart,BTC/USDT:USDT,118761.4,4798.0,118761.3,607.0,118761.5,15730.0,118761.6,566.0
1753769334553,06:08:54.553,bitmart,BTC/USDT:USDT,118761.4,2692.0,118761.3,607.0,118761.5,10622.0,118761.6,566.0
1753769334758,06:08:54.758,bitmart,BTC/USDT:USDT,118761.4,3931.0,118761.3,607.0,118761.5,15323.0,118761.6,566.0
1753769334953,06:08:54.953,bitmart,BTC/USDT:USDT,118761.4,3668.0,118761.3,607.0,118761.5,15639.0,118761.6,566.0
1753769335155,06:08:55.155,bitmart,BTC/USDT:USDT,118761.4,2795.0,118761.3,607.0,118761.5,5690.0,118761.6,566.0
1753769335354,06:08:55.354,bitmart,BTC/USDT:USDT,118761.4,2445.0,118761.3,607.0,118761.5,8460.0,118761.6,566.0
1753769335752,06:08:55.752,bitmart,BTC/USDT:USDT,118761.4,2538.0,118761.3,607.0,118761.5,12832.0,118761.6,566.0
1753769336158,06:08:56.158,bitmart,BTC/USDT:USDT,118761.4,2675.0,118761.3,607.0,118761.5,13348.0,118761.6,566.0
1753769336351,06:08:56.351,bitmart,BTC/USDT:USDT,118761.4,2665.0,118761.3,607.0,118761.5,13574.0,118761.6,566.0
1753769336554,06:08:56.554,bitmart,BTC/USDT:USDT,118761.4,2616.0,118761.3,607.0,118761.5,12956.0,118761.6,566.0
1753769337160,06:08:57.160,bitmart,BTC/USDT:USDT,118761.4,2192.0,118761.3,607.0,118761.5,6520.0,118761.6,566.0
1753769337358,06:08:57.358,bitmart,BTC/USDT:USDT,118761.4,1684.0,118760.0,234.0,118761.5,13614.0,118761.6,566.0
1753769339153,06:08:59.153,bitmart,BTC/USDT:USDT,118761.4,842.0,118759.1,842.0,118761.5,10066.0,118761.6,566.0
1753769339356,06:08:59.356,bitmart,BTC/USDT:USDT,118761.4,842.0,118759.1,842.0,118761.5,14827.0,118761.6,566.0
1753769339556,06:08:59.556,bitmart,BTC/USDT:USDT,118761.4,842.0,118759.1,842.0,118761.5,14553.0,118761.6,566.0
1753769339956,06:08:59.956,bitmart,BTC/USDT:USDT,118761.4,842.0,118759.1,842.0,118761.5,14504.0,118761.6,566.0
1753769340155,06:09:00.155,bitmart,BTC/USDT:USDT,118761.4,842.0,118759.1,842.0,118761.5,14563.0,118761.6,566.0
1753769340356,06:09:00.356,bitmart,BTC/USDT:USDT,118761.4,842.0,118759.1,842.0,118761.5,14997.0,118761.6,566.0
1753769340557,06:09:00.557,bitmart,BTC/USDT:USDT,118761.4,842.0,118759.1,842.0,118761.5,14554.0,118761.6,566.0
1753769341158,06:09:01.158,bitmart,BTC/USDT:USDT,118761.4,842.0,118759.1,842.0,118761.5,14741.0,118761.6,566.0
1753769341553,06:09:01.553,bitmart,BTC/USDT:USDT,118761.4,842.0,118759.1,842.0,118761.5,10066.0,118761.6,566.0
1753769342154,06:09:02.154,bitmart,BTC/USDT:USDT,118761.4,842.0,118759.1,842.0,118761.5,15225.0,118761.6,566.0
1753769342557,06:09:02.557,bitmart,BTC/USDT:USDT,118761.4,842.0,118759.1,842.0,118761.5,15087.0,118761.6,566.0
1753769342755,06:09:02.755,bitmart,BTC/USDT:USDT,118761.4,842.0,118759.1,842.0,118761.5,14958.0,118761.6,566.0
1753769343557,06:09:03.557,bitmart,BTC/USDT:USDT,118759.1,842.0,118749.6,8717.0,118761.5,14489.0,118761.6,566.0
1753769343955,06:09:03.955,bitmart,BTC/USDT:USDT,118749.6,5567.0,118749.5,479.0,118759.2,15399.0,118759.3,570.0
1753769344355,06:09:04.355,bitmart,BTC/USDT:USDT,118749.6,5334.0,118749.5,479.0,118749.7,14445.0,118749.8,572.0
1753769344558,06:09:04.558,bitmart,BTC/USDT:USDT,118749.6,11238.0,118749.5,479.0,118749.7,14394.0,118749.8,572.0
1753769344957,06:09:04.957,bitmart,BTC/USDT:USDT,118749.6,8445.0,118749.5,479.0,118749.7,13990.0,118749.8,572.0
1753769345159,06:09:05.159,bitmart,BTC/USDT:USDT,118749.6,5418.0,118749.5,479.0,118749.7,9620.0,118749.8,572.0
1753769345557,06:09:05.557,bitmart,BTC/USDT:USDT,118749.6,9771.0,118749.5,479.0,118749.7,14432.0,118749.8,572.0
1753769345752,06:09:05.752,bitmart,BTC/USDT:USDT,118749.6,5418.0,118749.5,479.0,118749.7,9620.0,118749.8,572.0
1753769345957,06:09:05.957,bitmart,BTC/USDT:USDT,118749.6,5418.0,118749.5,479.0,118749.7,9620.0,118749.8,572.0
1753769346154,06:09:06.154,bitmart,BTC/USDT:USDT,118749.6,5418.0,118749.5,479.0,118749.7,9620.0,118749.8,572.0
1753769346356,06:09:06.356,bitmart,BTC/USDT:USDT,118749.6,10058.0,118749.5,479.0,118749.7,14063.0,118749.8,572.0
1753769346759,06:09:06.759,bitmart,BTC/USDT:USDT,118749.6,5418.0,118749.5,479.0,118749.7,14093.0,118749.8,572.0
1753769346759,06:09:06.759,bitmart,BTC/USDT:USDT,118749.6,5418.0,118749.5,479.0,118749.7,9620.0,118749.8,572.0
1753769347155,06:09:07.155,bitmart,BTC/USDT:USDT,118749.6,10052.0,118749.5,479.0,118749.7,14147.0,118749.8,572.0
1753769347355,06:09:07.355,bitmart,BTC/USDT:USDT,118749.6,11163.0,118749.5,479.0,118749.7,9620.0,118749.8,572.0
1753769347552,06:09:07.552,bitmart,BTC/USDT:USDT,118749.6,16240.0,118749.5,479.0,118749.7,14154.0,118749.8,572.0
1753769347752,06:09:07.752,bitmart,BTC/USDT:USDT,118749.6,15783.0,118749.5,669.0,118749.7,14102.0,118749.8,572.0
1753769348352,06:09:08.352,bitmart,BTC/USDT:USDT,118749.6,15881.0,118749.5,669.0,118749.7,14421.0,118749.8,572.0
1753769348759,06:09:08.759,bitmart,BTC/USDT:USDT,118749.6,15533.0,118749.5,669.0,118749.7,14242.0,118749.8,572.0
1753769349157,06:09:09.157,bitmart,BTC/USDT:USDT,118749.6,12868.0,118749.5,669.0,118749.7,2076.0,118749.8,572.0
1753769349358,06:09:09.358,bitmart,BTC/USDT:USDT,118749.6,17835.0,118749.5,669.0,118749.7,13324.0,118749.8,572.0
1753769350160,06:09:10.160,bitmart,BTC/USDT:USDT,118749.6,17944.0,118749.5,669.0,118749.7,13912.0,118749.8,572.0
1753769350954,06:09:10.954,bitmart,BTC/USDT:USDT,118749.6,16960.0,118749.5,669.0,118749.7,15355.0,118749.8,572.0
1753769351356,06:09:11.356,bitmart,BTC/USDT:USDT,118749.6,17117.0,118749.5,669.0,118749.7,14878.0,118749.8,572.0
1753769351754,06:09:11.754,bitmart,BTC/USDT:USDT,118749.6,16858.0,118749.5,669.0,118749.7,14681.0,118749.8,572.0
1753769352155,06:09:12.155,bitmart,BTC/USDT:USDT,118749.6,17130.0,118749.5,669.0,118749.7,15067.0,118749.8,572.0
1753769352559,06:09:12.559,bitmart,BTC/USDT:USDT,118749.6,15321.0,118749.5,669.0,118749.7,15007.0,118749.8,572.0
1753769352756,06:09:12.756,bitmart,BTC/USDT:USDT,118749.6,15259.0,118749.5,669.0,118749.7,14334.0,118749.8,572.0
1753769353359,06:09:13.359,bitmart,BTC/USDT:USDT,118749.6,14829.0,118749.5,669.0,118749.7,14240.0,118749.8,572.0
1753769353576,06:09:13.576,bitmart,BTC/USDT:USDT,118749.6,15358.0,118749.5,669.0,118749.7,14756.0,118749.8,572.0
1753769353753,06:09:13.753,bitmart,BTC/USDT:USDT,118749.6,2982.0,118749.5,669.0,118749.7,2096.0,118749.8,572.0
1753769354754,06:09:14.754,bitmart,BTC/USDT:USDT,118749.6,12799.0,118749.5,669.0,118749.7,10576.0,118749.8,572.0
1753769355154,06:09:15.154,bitmart,BTC/USDT:USDT,118749.6,17459.0,118749.5,669.0,118749.7,15376.0,118749.8,572.0
1753769355365,06:09:15.365,bitmart,BTC/USDT:USDT,118749.6,17242.0,118749.5,669.0,118749.7,14802.0,118749.8,572.0
1753769355959,06:09:15.959,bitmart,BTC/USDT:USDT,118749.6,7461.0,118749.5,669.0,118749.7,6474.0,118749.8,572.0
1753769356355,06:09:16.355,bitmart,BTC/USDT:USDT,118749.6,16270.0,118749.5,669.0,118749.7,15696.0,118749.8,572.0
1753769356553,06:09:16.553,bitmart,BTC/USDT:USDT,118749.6,16288.0,118749.5,669.0,118749.7,15594.0,118749.8,572.0
1753769356752,06:09:16.752,bitmart,BTC/USDT:USDT,118749.6,15964.0,118749.5,669.0,118749.7,15364.0,118749.8,572.0
1753769356956,06:09:16.956,bitmart,BTC/USDT:USDT,118749.6,16385.0,118749.5,669.0,118749.7,15946.0,118749.8,572.0
1753769357353,06:09:17.353,bitmart,BTC/USDT:USDT,118749.6,16037.0,118749.5,669.0,118749.7,15794.0,118749.8,572.0
1753769358756,06:09:18.756,bitmart,BTC/USDT:USDT,118749.6,15326.0,118749.5,669.0,118749.7,16064.0,118749.8,572.0
1753769359157,06:09:19.157,bitmart,BTC/USDT:USDT,118749.6,15031.0,118749.5,669.0,118749.7,15857.0,118749.8,572.0
1753769359953,06:09:19.953,bitmart,BTC/USDT:USDT,118749.6,15084.0,118749.5,669.0,118749.7,13989.0,118749.8,572.0
1753769360153,06:09:20.153,bitmart,BTC/USDT:USDT,118749.6,14739.0,118749.5,669.0,118749.7,13350.0,118749.8,572.0
1753769360359,06:09:20.359,bitmart,BTC/USDT:USDT,118749.6,14815.0,118749.5,669.0,118749.7,13995.0,118749.8,572.0
1753769360958,06:09:20.958,bitmart,BTC/USDT:USDT,118749.6,11974.0,118749.5,669.0,118749.7,11590.0,118749.8,572.0
1753769361154,06:09:21.154,bitmart,BTC/USDT:USDT,118749.6,17097.0,118749.5,669.0,118749.7,11590.0,118749.8,572.0
1753769361154,06:09:21.154,bitmart,BTC/USDT:USDT,118749.6,17097.0,118749.5,669.0,118749.7,16636.0,118749.8,572.0
1753769361357,06:09:21.357,bitmart,BTC/USDT:USDT,118749.6,11974.0,118749.5,669.0,118749.7,11590.0,118749.8,572.0
1753769361557,06:09:21.557,bitmart,BTC/USDT:USDT,118749.6,17157.0,118749.5,669.0,118749.7,11590.0,118749.8,572.0
1753769361557,06:09:21.557,bitmart,BTC/USDT:USDT,118749.6,17157.0,118749.5,669.0,118749.7,11534.0,118749.8,572.0
1753769361953,06:09:21.953,bitmart,BTC/USDT:USDT,118749.6,16586.0,118749.5,669.0,118749.7,11405.0,118749.8,572.0
1753769362353,06:09:22.353,bitmart,BTC/USDT:USDT,118749.6,16555.0,118749.5,669.0,118749.7,12043.0,118749.8,572.0
1753769362554,06:09:22.554,bitmart,BTC/USDT:USDT,118749.6,11974.0,118749.5,669.0,118749.7,6995.0,118749.8,572.0
1753769362759,06:09:22.759,bitmart,BTC/USDT:USDT,118749.6,17045.0,118749.5,669.0,118749.7,11747.0,118749.8,572.0
1753769363552,06:09:23.552,bitmart,BTC/USDT:USDT,118749.6,16960.0,118749.5,669.0,118749.7,10614.0,118749.8,572.0
1753769363754,06:09:23.754,bitmart,BTC/USDT:USDT,118749.6,16836.0,118749.5,669.0,118749.7,10560.0,118749.8,572.0
1753769363957,06:09:23.957,bitmart,BTC/USDT:USDT,118749.6,16906.0,118749.5,669.0,118749.7,10333.0,118749.8,572.0
1753769364155,06:09:24.155,bitmart,BTC/USDT:USDT,118749.6,16302.0,118749.5,669.0,118749.7,11166.0,118749.8,572.0
1753769364353,06:09:24.353,bitmart,BTC/USDT:USDT,118749.6,16551.0,118749.5,669.0,118749.7,10475.0,118749.8,572.0
1753769364553,06:09:24.553,bitmart,BTC/USDT:USDT,118749.6,16921.0,118749.5,669.0,118749.7,10388.0,118749.8,572.0
1753769364753,06:09:24.753,bitmart,BTC/USDT:USDT,118749.6,16693.0,118749.5,669.0,118749.7,11083.0,118749.8,572.0
1753769365557,06:09:25.557,bitmart,BTC/USDT:USDT,118749.6,12370.0,118749.5,669.0,118749.7,6258.0,118749.8,572.0
1753769365953,06:09:25.953,bitmart,BTC/USDT:USDT,118749.6,17072.0,118749.5,669.0,118749.7,16034.0,118749.8,572.0
1753769366959,06:09:26.959,bitmart,BTC/USDT:USDT,118749.6,6327.0,118749.5,669.0,118749.7,16092.0,118749.8,572.0
1753769367555,06:09:27.555,bitmart,BTC/USDT:USDT,118749.6,6992.0,118749.5,669.0,118749.7,15751.0,118749.8,572.0
1753769367953,06:09:27.953,bitmart,BTC/USDT:USDT,118749.6,11567.0,118749.5,669.0,118749.7,15552.0,118749.8,572.0
1753769368163,06:09:28.163,bitmart,BTC/USDT:USDT,118749.6,8707.0,118749.5,669.0,118749.7,16162.0,118749.8,572.0
1753769369558,06:09:29.558,bitmart,BTC/USDT:USDT,118749.6,7995.0,118749.5,669.0,118749.7,15712.0,118749.8,572.0
1753769369752,06:09:29.752,bitmart,BTC/USDT:USDT,118749.6,9938.0,118749.5,669.0,118749.7,15245.0,118749.8,572.0
1753769369971,06:09:29.971,bitmart,BTC/USDT:USDT,118749.6,5904.0,118749.5,669.0,118749.7,10373.0,118749.8,572.0
1753769371157,06:09:31.157,bitmart,BTC/USDT:USDT,118737.1,701.0,118737.0,639.0,118749.7,3636.0,118749.8,572.0
1753769371359,06:09:31.359,bitmart,BTC/USDT:USDT,118737.2,104.0,118737.1,15228.0,118737.3,195.0,118737.4,197.0
1753769371559,06:09:31.559,bitmart,BTC/USDT:USDT,118737.2,428.0,118737.1,14925.0,118737.3,14335.0,118737.4,591.0
1753769371754,06:09:31.754,bitmart,BTC/USDT:USDT,118737.2,293.0,118737.1,10649.0,118737.3,13818.0,118737.4,591.0
1753769371957,06:09:31.957,bitmart,BTC/USDT:USDT,118737.2,1040.0,118737.1,10649.0,118737.3,9322.0,118737.4,591.0
1753769372158,06:09:32.158,bitmart,BTC/USDT:USDT,118737.2,805.0,118737.1,3142.0,118737.3,14343.0,118737.4,591.0
1753769372756,06:09:32.756,bitmart,BTC/USDT:USDT,118734.2,667.0,118734.1,660.0,118737.3,15647.0,118737.4,591.0
1753769372954,06:09:32.954,bitmart,BTC/USDT:USDT,118734.3,88.0,118734.2,1434.0,118735.1,15387.0,118735.2,576.0
1753769373154,06:09:33.154,bitmart,BTC/USDT:USDT,118734.3,461.0,118734.2,1351.0,118734.4,586.0,118734.5,627.0
1753769373554,06:09:33.554,bitmart,BTC/USDT:USDT,118734.3,1233.0,118734.2,8111.0,118734.4,14133.0,118734.5,627.0
1753769373756,06:09:33.756,bitmart,BTC/USDT:USDT,118734.3,1233.0,118734.2,2192.0,118734.4,14745.0,118734.5,627.0
1753769374760,06:09:34.760,bitmart,BTC/USDT:USDT,118729.9,12440.0,118729.8,669.0,118730.0,15667.0,118730.1,599.0
1753769376552,06:09:36.552,bitmart,BTC/USDT:USDT,118729.9,15263.0,118729.8,669.0,118730.0,15131.0,118730.1,599.0
1753769376758,06:09:36.758,bitmart,BTC/USDT:USDT,118729.9,14869.0,118729.8,669.0,118730.0,15089.0,118730.1,599.0
1753769377171,06:09:37.171,bitmart,BTC/USDT:USDT,118729.9,10617.0,118729.8,669.0,118730.0,10287.0,118730.1,599.0
1753769377754,06:09:37.754,bitmart,BTC/USDT:USDT,118729.9,10826.0,118729.8,669.0,118730.0,15823.0,118730.1,599.0
1753769377952,06:09:37.952,bitmart,BTC/USDT:USDT,118729.9,15479.0,118729.8,669.0,118730.0,16540.0,118730.1,599.0
1753769378156,06:09:38.156,bitmart,BTC/USDT:USDT,118729.9,16001.0,118729.8,669.0,118730.0,16230.0,118730.1,599.0
1753769378956,06:09:38.956,bitmart,BTC/USDT:USDT,118729.9,2592.0,118729.8,669.0,118730.0,1875.0,118730.1,599.0
1753769379152,06:09:39.152,bitmart,BTC/USDT:USDT,118721.8,13783.0,118714.7,14257.0,118730.0,11259.0,118730.1,599.0
1753769379556,06:09:39.556,bitmart,BTC/USDT:USDT,118727.1,29.0,118727.0,593.0,118727.2,15867.0,118727.3,655.0
1753769379958,06:09:39.958,bitmart,BTC/USDT:USDT,118727.1,1050.0,118727.0,593.0,118727.2,15307.0,118727.3,655.0
1753769380158,06:09:40.158,bitmart,BTC/USDT:USDT,118727.1,1277.0,118727.0,593.0,118727.2,15143.0,118727.3,655.0
1753769380555,06:09:40.555,bitmart,BTC/USDT:USDT,118727.1,1338.0,118727.0,593.0,118727.2,15360.0,118727.3,655.0
1753769381355,06:09:41.355,bitmart,BTC/USDT:USDT,118727.1,1624.0,118727.0,537.0,118727.2,15548.0,118727.3,655.0
1753769382352,06:09:42.352,bitmart,BTC/USDT:USDT,118726.0,99.0,118725.9,230.0,118727.2,12383.0,118727.3,444.0
1753769383354,06:09:43.354,bitmart,BTC/USDT:USDT,118726.1,1233.0,118726.0,298.0,118726.2,12863.0,118726.3,488.0
1753769383552,06:09:43.552,bitmart,BTC/USDT:USDT,118726.1,1233.0,118726.0,298.0,118726.2,12863.0,118726.3,488.0
1753769383756,06:09:43.756,bitmart,BTC/USDT:USDT,118726.1,1.0,118721.8,211.0,118726.2,12313.0,118726.3,488.0
1753769383958,06:09:43.958,bitmart,BTC/USDT:USDT,118722.9,3135.0,118722.8,234.0,118726.2,14302.0,118726.3,488.0
1753769384354,06:09:44.354,bitmart,BTC/USDT:USDT,118723.0,609.0,118722.9,3923.0,118723.1,485.0,118723.2,442.0
1753769384553,06:09:44.553,bitmart,BTC/USDT:USDT,118723.0,121.0,118722.9,5092.0,118723.1,9910.0,118723.2,442.0
1753769385158,06:09:45.158,bitmart,BTC/USDT:USDT,118723.0,1233.0,118722.9,3923.0,118723.1,8812.0,118723.2,442.0
1753769385352,06:09:45.352,bitmart,BTC/USDT:USDT,118723.0,1233.0,118722.9,3923.0,118723.1,8812.0,118723.2,442.0
1753769385551,06:09:45.551,bitmart,BTC/USDT:USDT,118723.0,1233.0,118722.9,5225.0,118723.1,10109.0,118723.2,442.0
1753769385754,06:09:45.754,bitmart,BTC/USDT:USDT,118723.0,1233.0,118722.9,3923.0,118723.1,8812.0,118723.2,442.0
1753769385974,06:09:45.974,bitmart,BTC/USDT:USDT,118723.0,1233.0,118722.9,5204.0,118723.1,9957.0,118723.2,442.0
1753769386756,06:09:46.756,bitmart,BTC/USDT:USDT,118723.0,1233.0,118722.9,6224.0,118723.1,9977.0,118723.2,442.0
1753769386956,06:09:46.956,bitmart,BTC/USDT:USDT,118723.0,1233.0,118722.9,6193.0,118723.1,9927.0,118723.2,442.0
1753769387152,06:09:47.152,bitmart,BTC/USDT:USDT,118723.0,1233.0,118722.9,6340.0,118723.1,10064.0,118723.2,442.0
1753769387353,06:09:47.353,bitmart,BTC/USDT:USDT,118723.0,1233.0,118722.9,6297.0,118723.1,10009.0,118723.2,442.0
1753769387752,06:09:47.752,bitmart,BTC/USDT:USDT,118723.0,1233.0,118722.9,6286.0,118723.1,9867.0,118723.2,442.0
1753769388559,06:09:48.559,bitmart,BTC/USDT:USDT,118723.0,1233.0,118722.9,6275.0,118723.1,9896.0,118723.2,442.0
1753769388752,06:09:48.752,bitmart,BTC/USDT:USDT,118723.0,1233.0,118722.9,6199.0,118723.1,10085.0,118723.2,442.0
1753769388957,06:09:48.957,bitmart,BTC/USDT:USDT,118723.0,1233.0,118722.9,6318.0,118723.1,9959.0,118723.2,442.0
1753769389754,06:09:49.754,bitmart,BTC/USDT:USDT,118723.0,1233.0,118722.9,6327.0,118723.1,9941.0,118723.2,442.0
1753769390354,06:09:50.354,bitmart,BTC/USDT:USDT,118723.0,1233.0,118722.9,12807.0,118723.1,10044.0,118723.2,442.0
1753769391355,06:09:51.355,bitmart,BTC/USDT:USDT,118723.0,1233.0,118722.9,11629.0,118723.1,8812.0,118723.2,442.0
1753769391554,06:09:51.554,bitmart,BTC/USDT:USDT,118723.0,1233.0,118722.9,12885.0,118723.1,9955.0,118723.2,442.0
1753769391959,06:09:51.959,bitmart,BTC/USDT:USDT,118723.0,1233.0,118722.9,7838.0,118723.1,9911.0,118723.2,442.0
1753769392552,06:09:52.552,bitmart,BTC/USDT:USDT,118723.0,1233.0,118722.9,2328.0,118723.1,9902.0,118723.2,442.0
1753769392757,06:09:52.757,bitmart,BTC/USDT:USDT,118723.0,1233.0,118722.9,2402.0,118723.1,10001.0,118723.2,442.0
1753769393156,06:09:53.156,bitmart,BTC/USDT:USDT,118723.0,1233.0,118722.9,2380.0,118723.1,9916.0,118723.2,442.0
1753769393553,06:09:53.553,bitmart,BTC/USDT:USDT,118723.0,1233.0,118722.9,2732.0,118723.1,11777.0,118723.2,442.0
1753769393957,06:09:53.957,bitmart,BTC/USDT:USDT,118723.0,1233.0,118722.9,1760.0,118723.1,11467.0,118723.2,442.0
1753769394154,06:09:54.154,bitmart,BTC/USDT:USDT,118723.0,1233.0,118722.9,2946.0,118723.1,12717.0,118723.2,442.0
1753769394553,06:09:54.553,bitmart,BTC/USDT:USDT,118723.0,1233.0,118722.9,2912.0,118723.1,12557.0,118723.2,442.0
1753769394757,06:09:54.757,bitmart,BTC/USDT:USDT,118723.0,1233.0,118722.9,1760.0,118723.1,11467.0,118723.2,442.0
1753769394952,06:09:54.952,bitmart,BTC/USDT:USDT,118723.0,1233.0,118722.9,8854.0,118723.1,12672.0,118723.2,442.0
1753769395359,06:09:55.359,bitmart,BTC/USDT:USDT,118723.0,1233.0,118722.9,7708.0,118723.1,11467.0,118723.2,442.0
1753769395552,06:09:55.552,bitmart,BTC/USDT:USDT,118723.0,1233.0,118722.9,8814.0,118723.1,12753.0,118723.2,442.0
1753769396153,06:09:56.153,bitmart,BTC/USDT:USDT,118723.0,1233.0,118722.9,8816.0,118723.1,12570.0,118723.2,442.0
