timestamp,time,exchange,symbol,bid1_price,bid1_volume,bid2_price,bid2_volume,ask1_price,ask1_volume,ask2_price,ask2_volume
1753769311805,06:08:31.805,okx,BTC/USDT:USDT,118811.6,497.38,118810.8,191.98,118811.7,344.64,118811.8,2.93
1753769312005,06:08:32.005,okx,BTC/USDT:USDT,118811.6,498.68,118810.8,191.96,118811.7,336.93,118811.8,2.93
1753769312305,06:08:32.305,okx,BTC/USDT:USDT,118811.6,394.25,118810.8,191.96,118811.7,344.66,118811.8,3.49
1753769312405,06:08:32.405,okx,BTC/USDT:USDT,118811.6,425.23,118810.8,191.96,118811.7,344.74,118811.8,3.49
1753769312505,06:08:32.505,okx,BTC/USDT:USDT,118811.6,476.96,118810.8,191.96,118811.7,345.04,118811.8,3.49
1753769312605,06:08:32.605,okx,BTC/USDT:USDT,118811.6,478.96,118810.8,191.96,118811.7,345.06,118811.8,3.49
1753769312805,06:08:32.805,okx,BTC/USDT:USDT,118811.6,479.02,118810.8,191.96,118811.7,348.16,118811.8,3.49
1753769313305,06:08:33.305,okx,BTC/USDT:USDT,118811.6,571.08,118811.5,101.0,118811.7,348.16,118811.8,3.49
1753769313405,06:08:33.405,okx,BTC/USDT:USDT,118811.6,576.57,118811.5,101.0,118811.7,348.16,118811.8,3.49
1753769313605,06:08:33.605,okx,BTC/USDT:USDT,118811.6,577.57,118811.5,101.0,118811.7,348.16,118811.8,3.49
1753769313705,06:08:33.705,okx,BTC/USDT:USDT,118811.6,576.58,118811.5,101.0,118811.7,348.15,118811.8,3.49
1753769314005,06:08:34.005,okx,BTC/USDT:USDT,118811.6,578.28,118811.5,101.0,118811.7,388.45,118811.8,3.49
1753769314205,06:08:34.205,okx,BTC/USDT:USDT,118811.6,564.97,118811.5,101.0,118811.7,430.23,118811.8,3.49
1753769314605,06:08:34.605,okx,BTC/USDT:USDT,118811.6,565.64,118811.5,101.0,118811.7,444.72,118811.8,3.49
1753769314705,06:08:34.705,okx,BTC/USDT:USDT,118811.6,573.76,118811.5,101.0,118811.7,443.8,118811.8,3.49
1753769314805,06:08:34.805,okx,BTC/USDT:USDT,118811.6,577.77,118811.5,101.0,118811.7,443.8,118811.8,3.49
1753769314905,06:08:34.905,okx,BTC/USDT:USDT,118811.6,575.77,118811.5,101.0,118811.7,435.48,118811.8,3.49
1753769315005,06:08:35.005,okx,BTC/USDT:USDT,118811.6,578.41,118811.5,102.0,118811.7,443.19,118811.8,3.49
1753769315105,06:08:35.105,okx,BTC/USDT:USDT,118811.6,577.47,118811.5,102.0,118811.7,435.48,118811.8,3.49
1753769315205,06:08:35.205,okx,BTC/USDT:USDT,118811.6,578.49,118811.5,101.0,118811.7,443.19,118811.8,3.49
1753769315305,06:08:35.305,okx,BTC/USDT:USDT,118811.6,593.32,118811.5,101.0,118811.7,443.19,118811.8,3.49
1753769315405,06:08:35.405,okx,BTC/USDT:USDT,118811.6,593.39,118811.5,101.0,118811.7,435.48,118811.8,3.49
1753769315505,06:08:35.505,okx,BTC/USDT:USDT,118811.6,575.56,118811.5,101.0,118811.7,443.21,118811.8,5.03
1753769315705,06:08:35.705,okx,BTC/USDT:USDT,118811.6,571.27,118811.5,101.0,118811.7,436.68,118811.8,6.03
1753769316305,06:08:36.305,okx,BTC/USDT:USDT,118811.6,288.71,118810.8,0.02,118811.7,524.94,118811.8,6.03
1753769316405,06:08:36.405,okx,BTC/USDT:USDT,118811.6,289.31,118810.8,0.02,118811.7,524.79,118811.8,6.03
1753769316605,06:08:36.605,okx,BTC/USDT:USDT,118811.6,283.49,118810.8,0.02,118811.7,525.61,118811.8,6.03
1753769316705,06:08:36.705,okx,BTC/USDT:USDT,118811.6,283.54,118810.8,0.02,118811.7,524.58,118811.8,6.03
1753769316805,06:08:36.805,okx,BTC/USDT:USDT,118811.6,283.54,118810.8,0.02,118811.7,523.93,118811.8,6.03
1753769317005,06:08:37.005,okx,BTC/USDT:USDT,118811.6,283.48,118810.8,0.02,118811.7,523.93,118811.8,6.03
1753769317105,06:08:37.105,okx,BTC/USDT:USDT,118811.6,283.48,118810.8,0.02,118811.7,523.88,118811.8,6.03
1753769317305,06:08:37.305,okx,BTC/USDT:USDT,118811.6,283.48,118810.8,0.02,118811.7,524.03,118811.8,6.1
1753769317505,06:08:37.505,okx,BTC/USDT:USDT,118811.6,285.34,118810.8,0.02,118811.7,524.21,118811.8,6.34
1753769317805,06:08:37.805,okx,BTC/USDT:USDT,118811.6,285.34,118810.8,0.02,118811.7,524.21,118811.8,6.34
1753769317905,06:08:37.905,okx,BTC/USDT:USDT,118811.6,285.34,118810.8,0.02,118811.7,524.21,118811.8,6.34
1753769318005,06:08:38.005,okx,BTC/USDT:USDT,118811.6,284.65,118810.8,0.02,118811.7,524.21,118811.8,6.34
1753769318205,06:08:38.205,okx,BTC/USDT:USDT,118811.6,285.34,118810.8,0.02,118811.7,523.52,118811.8,6.34
1753769318305,06:08:38.305,okx,BTC/USDT:USDT,118811.6,304.29,118810.8,0.02,118811.7,523.6,118811.8,6.34
1753769318405,06:08:38.405,okx,BTC/USDT:USDT,118811.6,247.53,118810.8,0.02,118811.7,523.6,118811.8,6.34
1753769318505,06:08:38.505,okx,BTC/USDT:USDT,118811.6,246.47,118810.8,0.02,118811.7,523.89,118811.8,6.34
1753769318605,06:08:38.605,okx,BTC/USDT:USDT,118811.6,245.86,118810.8,0.02,118811.7,523.95,118811.8,6.62
1753769318705,06:08:38.705,okx,BTC/USDT:USDT,118811.6,245.92,118810.8,0.02,118811.7,522.89,118811.8,6.62
1753769318805,06:08:38.805,okx,BTC/USDT:USDT,118811.6,245.92,118810.8,0.02,118811.7,522.24,118811.8,6.62
1753769318905,06:08:38.905,okx,BTC/USDT:USDT,118811.6,245.92,118810.8,0.02,118811.7,522.24,118811.8,6.62
1753769319005,06:08:39.005,okx,BTC/USDT:USDT,118811.6,245.87,118810.8,0.02,118811.7,522.24,118811.8,6.62
1753769319105,06:08:39.105,okx,BTC/USDT:USDT,118811.6,245.87,118810.8,0.02,118811.7,522.24,118811.8,6.62
1753769319305,06:08:39.305,okx,BTC/USDT:USDT,118811.6,245.87,118810.8,0.02,118811.7,522.19,118811.8,6.62
1753769319405,06:08:39.405,okx,BTC/USDT:USDT,118811.6,241.96,118810.8,0.02,118811.7,522.2,118811.8,6.62
1753769319505,06:08:39.505,okx,BTC/USDT:USDT,118811.6,243.2,118810.8,0.02,118811.7,522.21,118811.8,6.62
1753769319605,06:08:39.605,okx,BTC/USDT:USDT,118811.6,243.2,118810.8,0.02,118811.7,522.21,118811.8,6.62
1753769319705,06:08:39.705,okx,BTC/USDT:USDT,118811.6,243.2,118810.8,0.02,118811.7,522.23,118811.8,6.62
1753769319805,06:08:39.805,okx,BTC/USDT:USDT,118811.6,243.2,118810.8,0.02,118811.7,522.23,118811.8,6.62
1753769319905,06:08:39.905,okx,BTC/USDT:USDT,118811.6,234.79,118810.8,0.02,118811.7,575.23,118811.8,6.62
1753769320105,06:08:40.105,okx,BTC/USDT:USDT,118811.6,234.83,118810.8,0.02,118811.7,575.29,118811.8,6.62
1753769320205,06:08:40.205,okx,BTC/USDT:USDT,118811.6,234.83,118810.8,0.02,118811.7,574.67,118811.8,6.62
1753769320305,06:08:40.305,okx,BTC/USDT:USDT,118811.6,230.69,118810.8,0.02,118811.7,521.67,118811.8,6.62
1753769320805,06:08:40.805,okx,BTC/USDT:USDT,118811.6,161.84,118810.1,1.13,118811.7,613.99,118811.8,6.62
1753769320905,06:08:40.905,okx,BTC/USDT:USDT,118811.6,182.6,118811.4,9.09,118811.7,714.05,118811.8,6.62
1753769321005,06:08:41.005,okx,BTC/USDT:USDT,118811.6,161.78,118811.4,9.09,118811.7,715.99,118811.8,6.62
1753769321105,06:08:41.105,okx,BTC/USDT:USDT,118811.6,167.4,118811.4,1.14,118811.7,712.98,118811.8,6.62
1753769321305,06:08:41.305,okx,BTC/USDT:USDT,118811.6,289.44,118811.4,1.14,118811.7,631.28,118811.8,8.31
1753769321405,06:08:41.405,okx,BTC/USDT:USDT,118811.6,288.2,118811.4,1.14,118811.7,611.7,118811.8,9.05
1753769321505,06:08:41.505,okx,BTC/USDT:USDT,118811.6,288.86,118811.4,1.14,118811.7,608.78,118811.8,9.05
1753769321705,06:08:41.705,okx,BTC/USDT:USDT,118811.6,308.75,118811.4,1.14,118811.7,663.78,118811.8,9.05
1753769321805,06:08:41.805,okx,BTC/USDT:USDT,118811.6,309.44,118811.4,1.14,118811.7,666.78,118811.8,9.05
1753769321905,06:08:41.905,okx,BTC/USDT:USDT,118811.6,309.44,118811.4,1.14,118811.7,666.78,118811.8,9.05
1753769322005,06:08:42.005,okx,BTC/USDT:USDT,118811.6,309.44,118811.4,1.14,118811.7,671.39,118811.8,9.05
1753769322105,06:08:42.105,okx,BTC/USDT:USDT,118811.6,152.73,118811.4,1.14,118811.7,670.45,118811.8,9.05
1753769322205,06:08:42.205,okx,BTC/USDT:USDT,118811.6,118.45,118811.3,8.77,118811.7,675.13,118811.8,9.05
1753769322605,06:08:42.605,okx,BTC/USDT:USDT,118811.6,165.54,118810.1,1.14,118811.7,669.7,118811.8,9.05
1753769322705,06:08:42.705,okx,BTC/USDT:USDT,118811.6,76.04,118810.7,10.29,118811.7,662.42,118811.8,9.05
1753769322805,06:08:42.805,okx,BTC/USDT:USDT,118811.6,76.04,118810.7,1.14,118811.7,756.44,118811.8,9.05
1753769322905,06:08:42.905,okx,BTC/USDT:USDT,118811.6,164.95,118811.4,9.45,118811.7,753.91,118811.8,9.55
1753769323005,06:08:43.005,okx,BTC/USDT:USDT,118811.6,144.12,118811.4,9.45,118811.7,694.91,118811.8,9.55
1753769323105,06:08:43.105,okx,BTC/USDT:USDT,118811.6,144.1,118811.4,9.45,118811.7,693.84,118811.8,9.7
1753769323205,06:08:43.205,okx,BTC/USDT:USDT,118811.6,144.12,118811.4,2.43,118811.7,710.69,118811.8,9.7
1753769323305,06:08:43.305,okx,BTC/USDT:USDT,118811.6,144.13,118811.4,2.43,118811.7,705.07,118811.8,9.7
1753769323405,06:08:43.405,okx,BTC/USDT:USDT,118811.6,144.13,118811.4,1.14,118811.7,707.58,118811.8,9.7
1753769323505,06:08:43.505,okx,BTC/USDT:USDT,118811.6,93.09,118810.1,9.5,118811.7,706.68,118811.8,9.7
1753769323605,06:08:43.605,okx,BTC/USDT:USDT,118811.6,117.76,118811.1,9.93,118811.7,700.61,118811.8,9.7
1753769323705,06:08:43.705,okx,BTC/USDT:USDT,118811.6,93.09,118811.1,9.93,118811.7,702.67,118811.8,9.7
1753769323905,06:08:43.905,okx,BTC/USDT:USDT,118811.6,181.35,118811.1,1.13,118811.7,704.45,118811.8,9.7
1753769324005,06:08:44.005,okx,BTC/USDT:USDT,118811.6,174.89,118810.1,1.13,118811.7,709.12,118811.8,9.7
1753769324205,06:08:44.205,okx,BTC/USDT:USDT,118811.6,149.25,118810.1,1.13,118811.7,709.41,118811.8,10.28
1753769324405,06:08:44.405,okx,BTC/USDT:USDT,118811.6,149.79,118810.1,1.13,118811.7,706.23,118811.8,10.28
1753769324505,06:08:44.505,okx,BTC/USDT:USDT,118811.6,148.77,118810.1,1.13,118811.7,704.23,118811.8,10.28
1753769324605,06:08:44.605,okx,BTC/USDT:USDT,118811.6,123.47,118810.1,1.13,118811.7,707.23,118811.8,10.28
1753769324705,06:08:44.705,okx,BTC/USDT:USDT,118811.6,123.52,118810.1,1.13,118811.7,705.32,118811.8,10.28
1753769324805,06:08:44.805,okx,BTC/USDT:USDT,118811.6,93.07,118810.1,1.13,118811.7,705.68,118811.8,10.28
1753769325105,06:08:45.105,okx,BTC/USDT:USDT,118811.6,117.68,118810.1,1.13,118811.7,703.64,118811.8,10.28
1753769325205,06:08:45.205,okx,BTC/USDT:USDT,118811.6,76.21,118810.1,1.13,118811.7,711.24,118811.8,10.28
1753769325305,06:08:45.305,okx,BTC/USDT:USDT,118811.6,117.69,118810.1,1.13,118811.7,710.59,118811.8,10.28
1753769325405,06:08:45.405,okx,BTC/USDT:USDT,118811.6,93.02,118810.1,1.13,118811.7,706.02,118811.8,10.28
1753769325505,06:08:45.505,okx,BTC/USDT:USDT,118811.6,93.01,118810.7,9.49,118811.7,704.02,118811.8,10.28
1753769325805,06:08:45.805,okx,BTC/USDT:USDT,118811.6,118.49,118810.7,9.49,118811.7,707.01,118811.8,10.28
1753769325905,06:08:45.905,okx,BTC/USDT:USDT,118811.6,171.37,118810.7,1.13,118811.7,705.91,118811.8,10.28
1753769326305,06:08:46.305,okx,BTC/USDT:USDT,118811.6,198.44,118810.7,1.13,118811.7,709.62,118811.8,10.28
1753769326505,06:08:46.505,okx,BTC/USDT:USDT,118811.6,298.69,118810.7,1.13,118811.7,442.87,118811.8,10.28
1753769327105,06:08:47.105,okx,BTC/USDT:USDT,118811.6,298.09,118810.7,1.13,118811.7,464.84,118811.8,11.98
1753769327205,06:08:47.205,okx,BTC/USDT:USDT,118811.6,298.08,118810.7,1.13,118811.7,466.89,118811.8,12.76
1753769327305,06:08:47.305,okx,BTC/USDT:USDT,118811.6,298.08,118810.7,1.13,118811.7,418.66,118811.8,12.76
1753769327705,06:08:47.705,okx,BTC/USDT:USDT,118811.6,298.08,118810.7,1.13,118811.7,624.72,118811.8,12.76
1753769327905,06:08:47.905,okx,BTC/USDT:USDT,118811.6,298.73,118810.7,1.13,118811.7,625.72,118811.8,12.76
1753769328005,06:08:48.005,okx,BTC/USDT:USDT,118811.6,298.73,118810.7,1.13,118811.7,568.01,118811.8,12.76
1753769328105,06:08:48.105,okx,BTC/USDT:USDT,118811.6,280.76,118810.7,1.13,118811.7,547.05,118811.8,12.76
1753769328205,06:08:48.205,okx,BTC/USDT:USDT,118811.6,281.79,118810.7,1.13,118811.7,548.83,118811.8,12.76
1753769328505,06:08:48.505,okx,BTC/USDT:USDT,118811.6,281.13,118810.7,1.13,118811.7,432.84,118811.8,12.9
1753769329105,06:08:49.105,okx,BTC/USDT:USDT,118811.6,280.51,118810.7,9.33,118811.7,320.61,118811.8,13.06
1753769329205,06:08:49.205,okx,BTC/USDT:USDT,118811.6,280.51,118810.7,9.33,118811.7,398.48,118811.8,13.06
1753769329505,06:08:49.505,okx,BTC/USDT:USDT,118811.6,280.51,118810.7,9.33,118811.7,399.16,118811.8,13.34
1753769330105,06:08:50.105,okx,BTC/USDT:USDT,118811.6,281.15,118810.7,9.33,118811.7,405.27,118811.8,13.34
1753769330305,06:08:50.305,okx,BTC/USDT:USDT,118811.6,281.49,118810.7,9.33,118811.7,406.27,118811.8,13.34
1753769330505,06:08:50.505,okx,BTC/USDT:USDT,118811.6,281.05,118810.7,9.33,118811.7,404.55,118811.8,13.34
1753769330605,06:08:50.605,okx,BTC/USDT:USDT,118811.6,281.06,118810.7,9.33,118811.7,411.22,118811.8,13.34
1753769330905,06:08:50.905,okx,BTC/USDT:USDT,118811.6,280.43,118810.7,9.33,118811.7,391.4,118811.8,13.34
1753769331105,06:08:51.105,okx,BTC/USDT:USDT,118811.6,279.63,118810.7,9.33,118811.7,389.46,118811.8,13.34
1753769331205,06:08:51.205,okx,BTC/USDT:USDT,118811.6,279.63,118810.7,9.33,118811.7,541.66,118811.8,13.34
1753769331305,06:08:51.305,okx,BTC/USDT:USDT,118811.6,279.63,118810.7,9.33,118811.7,557.99,118811.8,13.34
1753769331605,06:08:51.605,okx,BTC/USDT:USDT,118811.6,279.63,118810.7,9.33,118811.7,535.02,118811.8,13.34
1753769331705,06:08:51.705,okx,BTC/USDT:USDT,118811.6,279.63,118810.7,9.33,118811.7,535.02,118811.8,13.34
1753769331805,06:08:51.805,okx,BTC/USDT:USDT,118811.6,279.63,118810.7,9.33,118811.7,535.06,118811.8,13.34
1753769332305,06:08:52.305,okx,BTC/USDT:USDT,118811.6,281.24,118810.7,9.33,118811.7,544.54,118811.8,13.34
1753769332405,06:08:52.405,okx,BTC/USDT:USDT,118811.6,280.82,118810.7,9.33,118811.7,543.54,118811.8,13.34
1753769332505,06:08:52.505,okx,BTC/USDT:USDT,118811.6,280.82,118810.7,9.33,118811.7,548.98,118811.8,13.34
1753769332705,06:08:52.705,okx,BTC/USDT:USDT,118811.6,280.24,118810.7,9.33,118811.7,548.96,118811.8,15.03
1753769332805,06:08:52.805,okx,BTC/USDT:USDT,118811.6,280.24,118810.7,9.33,118811.7,549.09,118811.8,15.03
1753769332905,06:08:52.905,okx,BTC/USDT:USDT,118811.6,280.19,118810.7,9.33,118811.7,545.48,118811.8,15.03
1753769333005,06:08:53.005,okx,BTC/USDT:USDT,118811.6,280.19,118810.7,9.33,118811.7,542.48,118811.8,15.03
1753769333105,06:08:53.105,okx,BTC/USDT:USDT,118811.6,280.19,118810.7,9.33,118811.7,542.43,118811.8,15.03
1753769333205,06:08:53.205,okx,BTC/USDT:USDT,118811.6,280.19,118810.7,9.33,118811.7,548.04,118811.8,15.03
1753769333405,06:08:53.405,okx,BTC/USDT:USDT,118811.6,232.69,118810.0,31.42,118811.7,673.68,118811.8,15.03
1753769333605,06:08:53.605,okx,BTC/USDT:USDT,118811.6,50.8,118810.0,31.42,118811.7,670.02,118811.8,15.03
1753769333705,06:08:53.705,okx,BTC/USDT:USDT,118811.6,50.8,118810.0,31.42,118811.7,670.02,118811.8,15.03
1753769334005,06:08:54.005,okx,BTC/USDT:USDT,118811.6,50.81,118810.0,31.42,118811.7,700.34,118811.8,15.1
1753769334205,06:08:54.205,okx,BTC/USDT:USDT,118811.6,51.87,118810.0,31.42,118811.7,700.35,118811.8,15.5
1753769334405,06:08:54.405,okx,BTC/USDT:USDT,118811.6,50.84,118810.0,31.42,118811.7,699.66,118811.8,15.5
1753769334605,06:08:54.605,okx,BTC/USDT:USDT,118811.6,50.83,118810.0,31.42,118811.7,705.54,118811.8,15.5
1753769334905,06:08:54.905,okx,BTC/USDT:USDT,118811.6,50.84,118810.0,31.42,118811.7,703.45,118811.8,15.5
1753769335005,06:08:55.005,okx,BTC/USDT:USDT,118811.6,50.84,118810.0,31.42,118811.7,700.45,118811.8,15.5
1753769335205,06:08:55.205,okx,BTC/USDT:USDT,118811.6,43.13,118810.0,31.42,118811.7,704.53,118811.8,16.09
1753769335505,06:08:55.505,okx,BTC/USDT:USDT,118811.6,43.13,118810.0,31.42,118811.7,704.35,118811.8,16.09
1753769335605,06:08:55.605,okx,BTC/USDT:USDT,118811.6,43.13,118810.0,31.42,118811.7,705.84,118811.8,16.09
1753769335705,06:08:55.705,okx,BTC/USDT:USDT,118811.6,43.13,118810.0,31.42,118811.7,705.84,118811.8,16.09
1753769335805,06:08:55.805,okx,BTC/USDT:USDT,118811.6,43.8,118810.0,31.42,118811.7,700.23,118811.8,16.09
1753769336005,06:08:56.005,okx,BTC/USDT:USDT,118811.6,50.84,118810.0,31.42,118811.7,702.33,118811.8,16.09
1753769336105,06:08:56.105,okx,BTC/USDT:USDT,118811.6,50.84,118810.0,31.42,118811.7,702.33,118811.8,16.09
1753769336305,06:08:56.305,okx,BTC/USDT:USDT,118811.6,51.81,118810.0,31.42,118811.7,708.25,118811.8,16.09
1753769336405,06:08:56.405,okx,BTC/USDT:USDT,118811.6,50.68,118810.0,31.42,118811.7,706.25,118811.8,16.09
1753769336705,06:08:56.705,okx,BTC/USDT:USDT,118811.6,43.0,118810.0,31.42,118811.7,706.62,118811.8,116.09
1753769336905,06:08:56.905,okx,BTC/USDT:USDT,118811.6,16.59,118810.0,31.42,118811.7,684.26,118811.8,116.09
1753769337205,06:08:57.205,okx,BTC/USDT:USDT,118810.0,31.42,118809.7,0.05,118810.1,1718.07,118810.2,0.01
1753769337505,06:08:57.505,okx,BTC/USDT:USDT,118810.0,39.56,118809.7,0.05,118810.1,1667.86,118810.2,0.01
1753769337805,06:08:57.805,okx,BTC/USDT:USDT,118810.0,27.44,118809.7,0.05,118810.1,1793.01,118810.2,0.01
1753769337905,06:08:57.905,okx,BTC/USDT:USDT,118810.0,27.88,118809.7,0.05,118810.1,1795.01,118810.2,0.01
1753769338005,06:08:58.005,okx,BTC/USDT:USDT,118810.0,28.24,118809.7,0.05,118810.1,1791.01,118810.2,0.01
1753769338205,06:08:58.205,okx,BTC/USDT:USDT,118810.0,8.26,118809.7,0.05,118810.1,1785.39,118810.2,101.22
1753769338405,06:08:58.405,okx,BTC/USDT:USDT,118810.0,9.54,118809.7,0.05,118810.1,1792.27,118810.2,101.22
1753769338505,06:08:58.505,okx,BTC/USDT:USDT,118810.0,9.54,118809.7,0.05,118810.1,1786.66,118810.2,101.22
1753769338705,06:08:58.705,okx,BTC/USDT:USDT,118810.0,17.67,118809.7,0.05,118810.1,1654.65,118810.2,101.22
1753769338805,06:08:58.805,okx,BTC/USDT:USDT,118810.0,17.67,118809.7,0.05,118810.1,1653.65,118810.2,101.22
1753769338905,06:08:58.905,okx,BTC/USDT:USDT,118810.0,8.03,118809.7,0.05,118810.1,1634.8,118810.2,101.22
1753769339005,06:08:59.005,okx,BTC/USDT:USDT,118810.0,8.39,118809.7,0.05,118810.1,1626.19,118810.2,101.22
1753769339105,06:08:59.105,okx,BTC/USDT:USDT,118810.0,8.39,118809.7,0.05,118810.1,1626.19,118810.2,101.22
1753769339205,06:08:59.205,okx,BTC/USDT:USDT,118810.0,8.39,118809.7,0.05,118810.1,1625.21,118810.2,101.22
1753769339505,06:08:59.505,okx,BTC/USDT:USDT,118810.0,21.19,118809.7,0.05,118810.1,1660.55,118810.2,101.45
1753769339605,06:08:59.605,okx,BTC/USDT:USDT,118810.0,21.19,118809.7,0.05,118810.1,1660.54,118810.2,101.45
1753769339805,06:08:59.805,okx,BTC/USDT:USDT,118810.0,217.33,118809.7,0.05,118810.1,1554.78,118810.2,101.45
1753769340105,06:09:00.105,okx,BTC/USDT:USDT,118810.0,3.6,118809.7,0.05,118810.1,1548.0,118810.2,101.45
1753769340305,06:09:00.305,okx,BTC/USDT:USDT,118810.0,3.3,118809.7,0.05,118810.1,1612.66,118810.2,101.45
1753769340505,06:09:00.505,okx,BTC/USDT:USDT,118810.0,18.29,118809.7,0.05,118810.1,1610.16,118810.2,101.45
1753769340605,06:09:00.605,okx,BTC/USDT:USDT,118810.0,34.27,118809.7,0.05,118810.1,1604.55,118810.2,101.45
1753769340705,06:09:00.705,okx,BTC/USDT:USDT,118810.0,34.27,118809.7,0.05,118810.1,1605.55,118810.2,101.45
1753769341005,06:09:01.005,okx,BTC/USDT:USDT,118810.0,17.46,118809.7,0.05,118810.1,1582.92,118810.2,101.74
1753769341105,06:09:01.105,okx,BTC/USDT:USDT,118810.0,17.46,118809.7,0.05,118810.1,1603.98,118810.2,101.74
1753769341205,06:09:01.205,okx,BTC/USDT:USDT,118810.0,25.18,118809.7,0.05,118810.1,1603.04,118810.2,101.74
1753769341305,06:09:01.305,okx,BTC/USDT:USDT,118810.0,17.37,118809.7,0.05,118810.1,1610.62,118810.2,101.74
1753769341505,06:09:01.505,okx,BTC/USDT:USDT,118810.0,17.22,118809.7,0.05,118810.1,1583.94,118810.2,101.74
1753769341705,06:09:01.705,okx,BTC/USDT:USDT,118810.0,282.15,118809.7,0.05,118810.1,1613.4,118810.2,101.74
1753769341805,06:09:01.805,okx,BTC/USDT:USDT,118810.0,282.15,118809.7,0.05,118810.1,1606.79,118810.2,101.74
1753769341905,06:09:01.905,okx,BTC/USDT:USDT,118810.0,282.15,118809.7,0.05,118810.1,1610.79,118810.2,101.74
1753769342005,06:09:02.005,okx,BTC/USDT:USDT,118810.0,302.97,118809.7,0.05,118810.1,1571.45,118810.2,101.74
1753769342105,06:09:02.105,okx,BTC/USDT:USDT,118810.0,302.98,118809.7,0.05,118810.1,1579.06,118810.2,101.74
1753769342205,06:09:02.205,okx,BTC/USDT:USDT,118810.0,282.16,118809.7,0.05,118810.1,1593.64,118810.2,101.74
1753769344205,06:09:04.205,okx,BTC/USDT:USDT,118800.0,271.82,118799.7,0.01,118800.1,1517.12,118800.2,101.48
1753769344305,06:09:04.305,okx,BTC/USDT:USDT,118800.0,150.94,118799.7,0.01,118800.1,1517.15,118800.2,101.48
1753769344605,06:09:04.605,okx,BTC/USDT:USDT,118800.0,87.83,118799.7,0.01,118800.1,1511.62,118800.2,101.48
1753769344705,06:09:04.705,okx,BTC/USDT:USDT,118800.0,87.83,118799.7,0.01,118800.1,1511.62,118800.2,101.48
1753769344805,06:09:04.805,okx,BTC/USDT:USDT,118800.0,87.83,118799.7,0.01,118800.1,1511.62,118800.2,101.48
1753769345005,06:09:05.005,okx,BTC/USDT:USDT,118800.0,276.26,118799.7,0.01,118800.1,1517.08,118800.2,101.81
1753769345205,06:09:05.205,okx,BTC/USDT:USDT,118800.0,323.74,118799.7,0.01,118800.1,1526.21,118800.2,101.88
1753769345305,06:09:05.305,okx,BTC/USDT:USDT,118800.0,297.08,118799.7,0.01,118800.1,1521.31,118800.2,101.88
1753769345405,06:09:05.405,okx,BTC/USDT:USDT,118800.0,323.74,118799.7,0.01,118800.1,1490.61,118800.2,101.88
1753769345505,06:09:05.505,okx,BTC/USDT:USDT,118800.0,297.08,118799.7,0.01,118800.1,1496.22,118800.2,101.88
1753769345605,06:09:05.605,okx,BTC/USDT:USDT,118800.0,297.08,118799.7,0.01,118800.1,1490.66,118800.2,101.88
1753769346005,06:09:06.005,okx,BTC/USDT:USDT,118800.0,251.59,118799.7,0.01,118800.1,1490.76,118800.2,101.88
1753769346105,06:09:06.105,okx,BTC/USDT:USDT,118800.0,251.59,118799.7,0.01,118800.1,1496.37,118800.2,101.88
1753769346205,06:09:06.205,okx,BTC/USDT:USDT,118800.0,251.59,118799.7,0.01,118800.1,1496.37,118800.2,101.88
1753769346305,06:09:06.305,okx,BTC/USDT:USDT,118800.0,251.59,118799.7,0.01,118800.1,1442.44,118800.2,101.88
1753769346505,06:09:06.505,okx,BTC/USDT:USDT,118800.0,120.02,118799.7,0.01,118800.1,1496.38,118800.2,101.88
1753769346805,06:09:06.805,okx,BTC/USDT:USDT,118800.0,318.51,118799.9,29.26,118800.1,1472.07,118800.2,101.88
1753769346905,06:09:06.905,okx,BTC/USDT:USDT,118800.0,333.35,118799.9,29.26,118800.1,1446.8,118800.2,101.88
1753769347105,06:09:07.105,okx,BTC/USDT:USDT,118800.0,333.35,118799.9,29.26,118800.1,1376.44,118800.2,101.88
1753769347205,06:09:07.205,okx,BTC/USDT:USDT,118800.0,333.35,118799.9,29.26,118800.1,1385.21,118800.2,102.44
1753769347305,06:09:07.305,okx,BTC/USDT:USDT,118800.0,333.35,118799.9,29.26,118800.1,1379.6,118800.2,102.44
1753769347505,06:09:07.505,okx,BTC/USDT:USDT,118800.0,334.02,118799.9,29.26,118800.1,1387.61,118800.2,102.44
1753769347805,06:09:07.805,okx,BTC/USDT:USDT,118800.0,313.2,118799.9,29.26,118800.1,1406.41,118800.2,102.44
1753769347905,06:09:07.905,okx,BTC/USDT:USDT,118800.0,360.73,118799.9,29.26,118800.1,1416.74,118800.2,102.44
1753769348005,06:09:08.005,okx,BTC/USDT:USDT,118800.0,360.75,118799.9,29.26,118800.1,1416.74,118800.2,102.44
1753769348105,06:09:08.105,okx,BTC/USDT:USDT,118800.0,360.75,118799.9,29.26,118800.1,1416.74,118800.2,102.44
1753769348305,06:09:08.305,okx,BTC/USDT:USDT,118800.0,360.76,118799.9,29.26,118800.1,1399.62,118800.2,102.44
1753769348505,06:09:08.505,okx,BTC/USDT:USDT,118800.0,360.76,118799.9,29.26,118800.1,1394.04,118800.2,102.44
1753769348605,06:09:08.605,okx,BTC/USDT:USDT,118800.0,360.76,118799.9,29.26,118800.1,1394.04,118800.2,102.44
1753769348705,06:09:08.705,okx,BTC/USDT:USDT,118800.0,360.76,118799.9,29.26,118800.1,1399.65,118800.2,102.44
1753769348905,06:09:08.905,okx,BTC/USDT:USDT,118800.0,360.76,118799.9,29.26,118800.1,1399.65,118800.2,102.44
1753769349005,06:09:09.005,okx,BTC/USDT:USDT,118800.0,361.78,118799.9,29.26,118800.1,1399.65,118800.2,102.44
1753769349105,06:09:09.105,okx,BTC/USDT:USDT,118800.0,362.39,118799.9,29.26,118800.1,1393.98,118800.2,102.44
1753769349205,06:09:09.205,okx,BTC/USDT:USDT,118800.0,401.44,118799.9,29.26,118800.1,1393.98,118800.2,102.44
1753769349305,06:09:09.305,okx,BTC/USDT:USDT,118800.0,370.04,118799.9,29.26,118800.1,1389.59,118800.2,102.44
1753769349405,06:09:09.405,okx,BTC/USDT:USDT,118800.0,364.38,118799.9,29.26,118800.1,1414.07,118800.2,102.44
1753769349505,06:09:09.505,okx,BTC/USDT:USDT,118800.0,365.06,118799.9,29.26,118800.1,1414.29,118800.2,102.44
1753769349605,06:09:09.605,okx,BTC/USDT:USDT,118800.0,365.06,118799.9,29.26,118800.1,1422.71,118800.2,102.44
1753769349705,06:09:09.705,okx,BTC/USDT:USDT,118800.0,335.83,118799.9,29.26,118800.1,1422.77,118800.2,102.44
1753769349905,06:09:09.905,okx,BTC/USDT:USDT,118800.0,340.53,118799.9,29.26,118800.1,1447.27,118800.2,103.41
1753769350005,06:09:10.005,okx,BTC/USDT:USDT,118800.0,361.35,118799.9,29.26,118800.1,1430.02,118800.2,103.41
1753769350105,06:09:10.105,okx,BTC/USDT:USDT,118800.0,361.36,118799.9,29.26,118800.1,1436.37,118800.2,103.41
1753769350605,06:09:10.605,okx,BTC/USDT:USDT,118800.0,387.02,118799.9,29.26,118800.1,1436.55,118800.2,104.98
1753769350705,06:09:10.705,okx,BTC/USDT:USDT,118800.0,384.75,118799.9,29.26,118800.1,1428.49,118800.2,104.98
1753769350905,06:09:10.905,okx,BTC/USDT:USDT,118800.0,353.63,118799.9,29.26,118800.1,1436.77,118800.2,105.31
1753769351005,06:09:11.005,okx,BTC/USDT:USDT,118800.0,375.51,118799.9,29.26,118800.1,1436.77,118800.2,105.31
1753769351105,06:09:11.105,okx,BTC/USDT:USDT,118800.0,375.36,118799.9,29.26,118800.1,1428.65,118800.2,105.19
1753769351205,06:09:11.205,okx,BTC/USDT:USDT,118800.0,375.36,118799.9,29.26,118800.1,1328.59,118800.2,5.26
1753769351305,06:09:11.305,okx,BTC/USDT:USDT,118800.0,383.77,118799.9,29.26,118800.1,1328.59,118800.2,5.26
1753769351505,06:09:11.505,okx,BTC/USDT:USDT,118800.0,384.49,118799.9,29.26,118800.1,1312.99,118800.2,5.26
1753769351605,06:09:11.605,okx,BTC/USDT:USDT,118800.0,384.49,118799.9,29.26,118800.1,1312.99,118800.2,5.26
1753769351805,06:09:11.805,okx,BTC/USDT:USDT,118800.0,384.49,118799.9,29.26,118800.1,1318.6,118800.2,5.26
1753769351905,06:09:11.905,okx,BTC/USDT:USDT,118800.0,384.49,118799.9,29.26,118800.1,1318.57,118800.2,5.26
1753769352005,06:09:12.005,okx,BTC/USDT:USDT,118800.0,384.49,118799.9,29.26,118800.1,1313.02,118800.2,5.26
1753769352105,06:09:12.105,okx,BTC/USDT:USDT,118800.0,384.49,118799.9,29.26,118800.1,1318.63,118800.2,5.26
1753769352205,06:09:12.205,okx,BTC/USDT:USDT,118800.0,372.24,118799.9,29.26,118800.1,1318.63,118800.2,5.26
1753769352405,06:09:12.405,okx,BTC/USDT:USDT,118800.0,360.36,118799.9,29.26,118800.1,1320.93,118800.2,5.26
1753769352505,06:09:12.505,okx,BTC/USDT:USDT,118800.0,471.77,118799.9,29.26,118800.1,1045.04,118800.2,5.26
1753769352705,06:09:12.705,okx,BTC/USDT:USDT,118800.0,697.97,118799.9,29.26,118800.1,866.57,118800.2,5.44
1753769352905,06:09:12.905,okx,BTC/USDT:USDT,118800.0,697.62,118799.9,29.26,118800.1,869.69,118800.2,5.72
1753769353105,06:09:13.105,okx,BTC/USDT:USDT,118800.0,718.47,118799.9,29.26,118800.1,869.69,118800.2,5.72
1753769353205,06:09:13.205,okx,BTC/USDT:USDT,118800.0,718.47,118799.9,29.26,118800.1,861.98,118800.2,5.72
1753769353405,06:09:13.405,okx,BTC/USDT:USDT,118800.0,613.04,118799.9,29.26,118800.1,877.88,118800.2,5.72
1753769353505,06:09:13.505,okx,BTC/USDT:USDT,118800.0,624.83,118799.9,29.26,118800.1,877.64,118800.2,5.71
1753769353705,06:09:13.705,okx,BTC/USDT:USDT,118800.0,617.8,118799.9,29.26,118800.1,876.32,118800.2,5.71
1753769353905,06:09:13.905,okx,BTC/USDT:USDT,118800.0,596.2,118799.9,29.26,118800.1,876.27,118800.2,5.71
1753769354005,06:09:14.005,okx,BTC/USDT:USDT,118800.0,593.68,118799.9,29.26,118800.1,876.27,118800.2,5.72
1753769354105,06:09:14.105,okx,BTC/USDT:USDT,118800.0,593.68,118799.9,29.26,118800.1,870.66,118800.2,5.72
1753769354305,06:09:14.305,okx,BTC/USDT:USDT,118800.0,593.68,118799.9,29.26,118800.1,876.37,118800.2,5.72
1753769354405,06:09:14.405,okx,BTC/USDT:USDT,118800.0,593.68,118799.9,29.26,118800.1,876.37,118800.2,5.72
1753769354505,06:09:14.505,okx,BTC/USDT:USDT,118800.0,568.68,118799.9,29.26,118800.1,860.82,118800.2,5.72
1753769354605,06:09:14.605,okx,BTC/USDT:USDT,118800.0,568.68,118799.9,29.26,118800.1,876.65,118800.2,5.72
1753769355105,06:09:15.105,okx,BTC/USDT:USDT,118800.0,587.27,118799.9,29.26,118800.1,921.06,118800.2,5.72
1753769355205,06:09:15.205,okx,BTC/USDT:USDT,118800.0,587.28,118799.9,29.26,118800.1,921.09,118800.2,5.72
1753769355305,06:09:15.305,okx,BTC/USDT:USDT,118800.0,587.28,118799.9,29.26,118800.1,926.71,118800.2,5.72
1753769355405,06:09:15.405,okx,BTC/USDT:USDT,118800.0,587.33,118799.9,29.26,118800.1,925.02,118800.2,5.72
1753769355505,06:09:15.505,okx,BTC/USDT:USDT,118800.0,587.58,118799.9,29.26,118800.1,925.03,118800.2,6.66
1753769355605,06:09:15.605,okx,BTC/USDT:USDT,118800.0,587.58,118799.9,29.26,118800.1,925.15,118800.2,6.66
1753769355905,06:09:15.905,okx,BTC/USDT:USDT,118800.0,587.58,118799.9,29.26,118800.1,925.15,118800.2,6.66
1753769356005,06:09:16.005,okx,BTC/USDT:USDT,118800.0,587.58,118799.9,29.26,118800.1,925.93,118800.2,8.15
1753769356205,06:09:16.205,okx,BTC/USDT:USDT,118800.0,570.49,118799.9,29.26,118800.1,925.81,118800.2,8.15
1753769356405,06:09:16.405,okx,BTC/USDT:USDT,118800.0,568.81,118799.9,29.26,118800.1,925.79,118800.2,8.15
1753769356805,06:09:16.805,okx,BTC/USDT:USDT,118800.0,570.82,118799.9,29.26,118800.1,924.55,118800.2,8.65
1753769357005,06:09:17.005,okx,BTC/USDT:USDT,118800.0,572.44,118799.9,29.26,118800.1,924.55,118800.2,8.65
1753769357205,06:09:17.205,okx,BTC/USDT:USDT,118800.0,572.44,118799.9,29.26,118800.1,924.54,118800.2,8.65
1753769357305,06:09:17.305,okx,BTC/USDT:USDT,118800.0,572.48,118799.9,29.26,118800.1,930.19,118800.2,8.65
1753769357705,06:09:17.705,okx,BTC/USDT:USDT,118800.0,573.09,118799.9,29.26,118800.1,924.72,118800.2,8.65
1753769357905,06:09:17.905,okx,BTC/USDT:USDT,118800.0,572.41,118799.9,29.26,118800.1,927.19,118800.2,8.65
1753769358005,06:09:18.005,okx,BTC/USDT:USDT,118800.0,572.41,118799.9,29.26,118800.1,921.58,118800.2,8.65
1753769358105,06:09:18.105,okx,BTC/USDT:USDT,118800.0,572.66,118799.9,29.26,118800.1,926.56,118800.2,8.65
1753769358205,06:09:18.205,okx,BTC/USDT:USDT,118800.0,572.65,118799.9,29.26,118800.1,925.35,118800.2,8.65
1753769358305,06:09:18.305,okx,BTC/USDT:USDT,118800.0,589.24,118799.9,29.26,118800.1,925.63,118800.2,8.95
1753769358705,06:09:18.705,okx,BTC/USDT:USDT,118800.0,572.4,118799.9,29.26,118800.1,918.1,118800.2,9.23
1753769359005,06:09:19.005,okx,BTC/USDT:USDT,118800.0,574.15,118799.9,29.26,118800.1,915.59,118800.2,9.23
1753769359105,06:09:19.105,okx,BTC/USDT:USDT,118800.0,574.4,118799.9,29.26,118800.1,919.27,118800.2,9.23
1753769359205,06:09:19.205,okx,BTC/USDT:USDT,118800.0,574.06,118799.9,29.26,118800.1,919.27,118800.2,9.23
1753769359305,06:09:19.305,okx,BTC/USDT:USDT,118800.0,572.77,118799.9,29.26,118800.1,919.05,118800.2,9.23
1753769359705,06:09:19.705,okx,BTC/USDT:USDT,118800.0,539.36,118799.9,29.26,118800.1,882.91,118800.2,9.23
1753769360005,06:09:20.005,okx,BTC/USDT:USDT,118800.0,593.43,118799.9,129.26,118800.1,877.99,118800.2,9.23
1753769360205,06:09:20.205,okx,BTC/USDT:USDT,118800.0,593.44,118799.9,129.26,118800.1,877.89,118800.2,9.23
1753769360505,06:09:20.505,okx,BTC/USDT:USDT,118800.0,667.18,118799.9,129.26,118800.1,878.16,118800.2,9.23
1753769360605,06:09:20.605,okx,BTC/USDT:USDT,118800.0,667.1,118799.9,129.26,118800.1,878.78,118800.2,9.23
1753769360905,06:09:20.905,okx,BTC/USDT:USDT,118800.0,651.5,118799.9,129.26,118800.1,878.78,118800.2,9.23
1753769361105,06:09:21.105,okx,BTC/USDT:USDT,118800.0,650.14,118799.9,129.26,118800.1,877.82,118800.2,8.25
1753769361205,06:09:21.205,okx,BTC/USDT:USDT,118800.0,648.14,118799.9,129.26,118800.1,869.7,118800.2,7.77
1753769361505,06:09:21.505,okx,BTC/USDT:USDT,118800.0,705.75,118799.9,129.26,118800.1,860.22,118800.2,8.27
1753769361605,06:09:21.605,okx,BTC/USDT:USDT,118800.0,699.7,118799.9,129.26,118800.1,763.92,118800.2,8.27
1753769361905,06:09:21.905,okx,BTC/USDT:USDT,118800.0,659.46,118799.9,129.26,118800.1,873.79,118800.2,7.5
1753769362005,06:09:22.005,okx,BTC/USDT:USDT,118800.0,654.22,118799.9,129.26,118800.1,873.79,118800.2,7.5
1753769362105,06:09:22.105,okx,BTC/USDT:USDT,118800.0,653.54,118799.9,129.26,118800.1,865.58,118800.2,6.74
1753769362405,06:09:22.405,okx,BTC/USDT:USDT,118800.0,690.68,118799.9,129.26,118800.1,870.5,118800.2,5.64
1753769362505,06:09:22.505,okx,BTC/USDT:USDT,118800.0,690.18,118799.9,129.26,118800.1,870.5,118800.2,6.39
1753769362605,06:09:22.605,okx,BTC/USDT:USDT,118800.0,689.28,118799.9,129.26,118800.1,862.22,118800.2,6.06
1753769362705,06:09:22.705,okx,BTC/USDT:USDT,118800.0,688.94,118799.9,129.26,118800.1,862.22,118800.2,6.23
1753769362805,06:09:22.805,okx,BTC/USDT:USDT,118800.0,689.78,118799.9,129.26,118800.1,862.06,118800.2,6.31
1753769362905,06:09:22.905,okx,BTC/USDT:USDT,118800.0,689.78,118799.9,129.26,118800.1,854.35,118800.2,6.31
1753769363105,06:09:23.105,okx,BTC/USDT:USDT,118800.0,682.51,118799.9,129.26,118800.1,860.8,118800.2,6.31
1753769363305,06:09:23.305,okx,BTC/USDT:USDT,118800.0,674.58,118799.9,129.26,118800.1,860.79,118800.2,6.31
1753769363505,06:09:23.505,okx,BTC/USDT:USDT,118800.0,684.8,118799.9,129.26,118800.1,851.43,118800.2,6.31
1753769363605,06:09:23.605,okx,BTC/USDT:USDT,118800.0,684.76,118799.9,129.26,118800.1,867.26,118800.2,6.31
1753769363705,06:09:23.705,okx,BTC/USDT:USDT,118800.0,648.54,118799.9,129.26,118800.1,867.14,118800.2,6.31
1753769363805,06:09:23.805,okx,BTC/USDT:USDT,118800.0,596.16,118799.9,129.26,118800.1,867.1,118800.2,6.31
1753769364005,06:09:24.005,okx,BTC/USDT:USDT,118800.0,567.7,118799.9,129.26,118800.1,866.73,118800.2,6.31
1753769364105,06:09:24.105,okx,BTC/USDT:USDT,118800.0,548.92,118799.9,129.26,118800.1,858.55,118800.2,6.59
1753769364205,06:09:24.205,okx,BTC/USDT:USDT,118800.0,540.54,118799.9,129.26,118800.1,866.77,118800.2,6.59
1753769364305,06:09:24.305,okx,BTC/USDT:USDT,118800.0,562.39,118799.9,129.26,118800.1,867.1,118800.2,6.59
1753769364405,06:09:24.405,okx,BTC/USDT:USDT,118800.0,562.39,118799.9,129.26,118800.1,867.1,118800.2,6.59
1753769364505,06:09:24.505,okx,BTC/USDT:USDT,118800.0,614.18,118799.9,129.26,118800.1,866.95,118800.2,6.59
1753769364705,06:09:24.705,okx,BTC/USDT:USDT,118800.0,527.57,118799.9,129.26,118800.1,857.74,118800.2,6.59
1753769364805,06:09:24.805,okx,BTC/USDT:USDT,118800.0,527.58,118799.9,129.26,118800.1,871.18,118800.2,6.59
1753769364905,06:09:24.905,okx,BTC/USDT:USDT,118800.0,625.85,118799.9,129.26,118800.1,776.88,118800.2,6.59
1753769365005,06:09:25.005,okx,BTC/USDT:USDT,118800.0,617.52,118799.9,129.26,118800.1,710.85,118800.2,6.58
1753769365105,06:09:25.105,okx,BTC/USDT:USDT,118800.0,618.89,118799.9,129.26,118800.1,710.85,118800.2,6.58
1753769365305,06:09:25.305,okx,BTC/USDT:USDT,118800.0,613.96,118799.9,129.26,118800.1,718.44,118800.2,6.58
1753769365705,06:09:25.705,okx,BTC/USDT:USDT,118800.0,347.83,118799.9,29.26,118800.1,761.0,118800.2,6.58
1753769365905,06:09:25.905,okx,BTC/USDT:USDT,118800.0,315.26,118799.9,29.26,118800.1,809.05,118800.2,6.58
1753769366005,06:09:26.005,okx,BTC/USDT:USDT,118800.0,315.26,118799.9,29.26,118800.1,857.26,118800.2,6.59
1753769366105,06:09:26.105,okx,BTC/USDT:USDT,118800.0,289.02,118799.9,29.26,118800.1,857.26,118800.2,6.59
1753769366205,06:09:26.205,okx,BTC/USDT:USDT,118800.0,216.22,118799.9,29.26,118800.1,857.65,118800.2,6.59
1753769366405,06:09:26.405,okx,BTC/USDT:USDT,118800.0,44.73,118799.7,0.01,118800.1,909.41,118800.2,6.59
1753769366505,06:09:26.505,okx,BTC/USDT:USDT,118800.0,44.73,118799.7,0.01,118800.1,934.76,118800.2,6.59
1753769367105,06:09:27.105,okx,BTC/USDT:USDT,118800.0,265.7,118799.7,0.01,118800.1,909.25,118800.2,106.59
1753769367405,06:09:27.405,okx,BTC/USDT:USDT,118800.0,206.82,118799.7,0.01,118800.1,852.61,118800.2,106.59
1753769367505,06:09:27.505,okx,BTC/USDT:USDT,118800.0,207.49,118799.7,0.01,118800.1,902.11,118800.2,106.59
1753769367605,06:09:27.605,okx,BTC/USDT:USDT,118800.0,207.45,118799.7,0.01,118800.1,907.71,118800.2,106.59
1753769367705,06:09:27.705,okx,BTC/USDT:USDT,118800.0,227.62,118799.7,0.01,118800.1,902.1,118800.2,106.59
1753769367805,06:09:27.805,okx,BTC/USDT:USDT,118800.0,227.62,118799.7,0.01,118800.1,907.67,118800.2,106.59
1753769367905,06:09:27.905,okx,BTC/USDT:USDT,118800.0,206.8,118799.7,0.01,118800.1,911.22,118800.2,106.59
1753769368005,06:09:28.005,okx,BTC/USDT:USDT,118800.0,233.46,118799.7,0.01,118800.1,893.65,118800.2,106.59
1753769368205,06:09:28.205,okx,BTC/USDT:USDT,118800.0,206.8,118799.7,0.01,118800.1,884.01,118800.2,106.59
1753769368405,06:09:28.405,okx,BTC/USDT:USDT,118800.0,176.09,118799.7,0.01,118800.1,985.09,118800.2,106.59
1753769368705,06:09:28.705,okx,BTC/USDT:USDT,118800.0,75.49,118799.7,0.01,118800.1,984.06,118800.2,106.59
1753769368905,06:09:28.905,okx,BTC/USDT:USDT,118800.0,70.75,118799.7,0.01,118800.1,990.49,118800.2,106.59
1753769369005,06:09:29.005,okx,BTC/USDT:USDT,118800.0,71.36,118799.7,0.01,118800.1,977.64,118800.2,106.59
1753769369205,06:09:29.205,okx,BTC/USDT:USDT,118800.0,252.13,118799.7,0.01,118800.1,879.48,118800.2,106.59
1753769369305,06:09:29.305,okx,BTC/USDT:USDT,118800.0,231.35,118799.7,0.01,118800.1,878.77,118800.2,106.59
1753769369505,06:09:29.505,okx,BTC/USDT:USDT,118800.0,70.39,118799.7,0.01,118800.1,918.03,118800.2,106.88
1753769369605,06:09:29.605,okx,BTC/USDT:USDT,118800.0,70.34,118799.7,0.01,118800.1,915.63,118800.2,107.18
1753769369805,06:09:29.805,okx,BTC/USDT:USDT,118800.0,204.46,118799.7,0.01,118800.1,916.47,118800.2,107.18
1753769369905,06:09:29.905,okx,BTC/USDT:USDT,118800.0,231.13,118799.7,0.01,118800.1,920.72,118800.2,107.18
1753769370305,06:09:30.305,okx,BTC/USDT:USDT,118800.0,231.14,118799.7,0.01,118800.1,914.28,118800.2,107.18
1753769370405,06:09:30.405,okx,BTC/USDT:USDT,118800.0,231.13,118799.7,0.01,118800.1,919.99,118800.2,107.18
1753769370605,06:09:30.605,okx,BTC/USDT:USDT,118800.0,251.95,118799.7,0.01,118800.1,921.51,118800.2,107.18
1753769370705,06:09:30.705,okx,BTC/USDT:USDT,118800.0,251.95,118799.7,0.01,118800.1,923.51,118800.2,107.18
1753769370805,06:09:30.805,okx,BTC/USDT:USDT,118800.0,231.14,118799.7,0.01,118800.1,922.51,118800.2,107.18
1753769370905,06:09:30.905,okx,BTC/USDT:USDT,118786.9,249.69,118786.0,0.2,118787.0,1687.15,118787.1,100.26
1753769371205,06:09:31.205,okx,BTC/USDT:USDT,118786.9,266.66,118786.0,0.2,118787.0,1746.22,118787.1,100.11
1753769371305,06:09:31.305,okx,BTC/USDT:USDT,118786.9,266.7,118786.0,0.2,118787.0,1746.39,118787.1,100.11
1753769371505,06:09:31.505,okx,BTC/USDT:USDT,118786.9,240.82,118786.0,0.2,118787.0,1881.32,118787.1,100.11
1753769371605,06:09:31.605,okx,BTC/USDT:USDT,118786.9,241.87,118786.0,0.2,118787.0,1881.24,118787.1,100.11
1753769371805,06:09:31.805,okx,BTC/USDT:USDT,118786.9,222.28,118786.0,0.2,118787.0,1881.21,118787.1,100.11
1753769371905,06:09:31.905,okx,BTC/USDT:USDT,118786.9,222.28,118786.0,0.2,118787.0,1881.21,118787.1,100.11
1753769372005,06:09:32.005,okx,BTC/USDT:USDT,118786.9,165.17,118786.0,0.2,118787.0,1881.21,118787.1,100.11
1753769372105,06:09:32.105,okx,BTC/USDT:USDT,118786.9,4.77,118786.0,0.2,118787.0,1881.18,118787.1,100.11
1753769372505,06:09:32.505,okx,BTC/USDT:USDT,118778.6,373.16,118778.4,0.06,118778.7,471.32,118779.2,0.06
1753769372605,06:09:32.605,okx,BTC/USDT:USDT,118778.6,399.55,118778.4,0.06,118778.7,554.09,118779.2,0.06
1753769372705,06:09:32.705,okx,BTC/USDT:USDT,118778.6,400.77,118778.4,0.06,118778.7,470.67,118779.2,0.06
1753769372905,06:09:32.905,okx,BTC/USDT:USDT,118778.6,401.14,118778.4,0.06,118778.7,457.01,118778.8,0.47
1753769373005,06:09:33.005,okx,BTC/USDT:USDT,118778.6,408.03,118778.4,0.06,118778.7,405.19,118778.8,0.47
1753769373105,06:09:33.105,okx,BTC/USDT:USDT,118778.6,417.03,118778.4,0.06,118778.7,405.18,118778.8,0.47
1753769373605,06:09:33.605,okx,BTC/USDT:USDT,118778.6,409.71,118778.4,0.06,118778.7,380.31,118778.8,0.47
1753769373705,06:09:33.705,okx,BTC/USDT:USDT,118778.6,403.1,118778.4,0.06,118778.7,380.31,118778.8,0.47
1753769373805,06:09:33.805,okx,BTC/USDT:USDT,118778.6,408.71,118778.4,0.06,118778.7,381.06,118778.8,0.47
1753769373905,06:09:33.905,okx,BTC/USDT:USDT,118778.6,408.71,118778.4,0.06,118778.7,381.06,118778.8,0.47
1753769374805,06:09:34.805,okx,BTC/USDT:USDT,118778.6,297.44,118778.4,0.06,118778.7,404.93,118778.8,0.54
1753769374905,06:09:34.905,okx,BTC/USDT:USDT,118778.6,297.45,118778.4,0.06,118778.7,410.54,118778.8,0.54
1753769375205,06:09:35.205,okx,BTC/USDT:USDT,118778.6,298.51,118778.4,0.06,118778.7,409.69,118778.8,0.54
1753769375505,06:09:35.505,okx,BTC/USDT:USDT,118778.6,297.2,118778.4,0.08,118778.7,410.58,118778.8,0.54
1753769375705,06:09:35.705,okx,BTC/USDT:USDT,118778.6,296.64,118778.4,0.08,118778.7,411.87,118778.8,0.54
1753769375905,06:09:35.905,okx,BTC/USDT:USDT,118778.6,296.64,118778.4,0.08,118778.7,432.92,118778.8,0.54
1753769376005,06:09:36.005,okx,BTC/USDT:USDT,118778.6,296.64,118778.4,0.08,118778.7,432.92,118778.8,0.54
1753769376105,06:09:36.105,okx,BTC/USDT:USDT,118778.6,296.64,118778.4,0.08,118778.7,427.31,118778.8,0.54
1753769376305,06:09:36.305,okx,BTC/USDT:USDT,118778.6,296.64,118778.4,0.08,118778.7,427.33,118778.8,0.54
1753769376605,06:09:36.605,okx,BTC/USDT:USDT,118778.6,296.46,118778.4,0.08,118778.7,432.66,118778.8,0.54
1753769376705,06:09:36.705,okx,BTC/USDT:USDT,118778.6,296.46,118778.4,0.08,118778.7,432.66,118778.8,0.54
1753769376805,06:09:36.805,okx,BTC/USDT:USDT,118778.6,296.46,118778.4,0.08,118778.7,432.66,118778.8,0.54
1753769377005,06:09:37.005,okx,BTC/USDT:USDT,118778.6,298.13,118778.4,0.08,118778.7,427.05,118778.8,0.54
1753769377105,06:09:37.105,okx,BTC/USDT:USDT,118778.6,298.13,118778.4,0.08,118778.7,427.05,118778.8,0.54
1753769377205,06:09:37.205,okx,BTC/USDT:USDT,118778.6,298.13,118778.4,0.08,118778.7,427.06,118778.8,0.54
1753769377305,06:09:37.305,okx,BTC/USDT:USDT,118778.6,298.57,118778.4,0.08,118778.7,432.67,118778.8,0.54
1753769377405,06:09:37.405,okx,BTC/USDT:USDT,118778.6,298.17,118778.4,0.08,118778.7,430.97,118778.8,0.54
1753769377605,06:09:37.605,okx,BTC/USDT:USDT,118778.6,305.68,118778.4,0.08,118778.7,430.94,118778.8,0.54
1753769377907,06:09:37.907,okx,BTC/USDT:USDT,118778.6,304.31,118778.4,0.08,118778.7,430.94,118778.8,0.54
1753769378007,06:09:38.007,okx,BTC/USDT:USDT,118778.6,309.92,118778.4,0.08,118778.7,430.94,118778.8,0.54
1753769378307,06:09:38.307,okx,BTC/USDT:USDT,118778.6,309.92,118778.4,0.08,118778.7,431.04,118778.8,0.54
1753769378407,06:09:38.407,okx,BTC/USDT:USDT,118778.6,304.31,118778.4,0.08,118778.7,425.43,118778.8,0.54
1753769378607,06:09:38.607,okx,BTC/USDT:USDT,118778.6,282.74,118778.4,0.08,118778.7,454.36,118778.8,0.54
1753769378707,06:09:38.707,okx,BTC/USDT:USDT,118778.6,282.74,118778.4,0.06,118778.7,454.36,118778.8,0.54
1753769378807,06:09:38.807,okx,BTC/USDT:USDT,118778.6,26.63,118778.4,0.06,118778.7,507.82,118778.8,0.54
1753769378907,06:09:38.907,okx,BTC/USDT:USDT,118772.5,173.33,118770.8,0.1,118772.6,1485.34,118772.8,63.62
1753769379007,06:09:39.007,okx,BTC/USDT:USDT,118772.5,170.01,118770.5,0.01,118772.6,1350.6,118772.7,0.01
1753769379107,06:09:39.107,okx,BTC/USDT:USDT,118772.5,173.39,118770.5,0.01,118772.6,1372.68,118772.7,0.01
1753769379407,06:09:39.407,okx,BTC/USDT:USDT,118772.5,145.17,118770.9,8.89,118772.6,1537.16,118772.7,0.01
1753769379507,06:09:39.507,okx,BTC/USDT:USDT,118766.9,384.33,118766.7,0.4,118767.0,964.69,118767.5,0.1
1753769379607,06:09:39.607,okx,BTC/USDT:USDT,118766.9,292.81,118766.7,0.4,118767.0,810.14,118767.5,0.1
1753769379807,06:09:39.807,okx,BTC/USDT:USDT,118766.9,293.52,118766.7,0.4,118767.0,974.03,118767.5,0.1
1753769379907,06:09:39.907,okx,BTC/USDT:USDT,118766.9,293.53,118766.7,0.4,118767.0,982.16,118767.1,0.07
1753769380207,06:09:40.207,okx,BTC/USDT:USDT,118766.9,293.21,118766.2,212.11,118767.0,970.07,118767.1,0.08
1753769380307,06:09:40.307,okx,BTC/USDT:USDT,118766.9,292.54,118766.2,212.11,118767.0,970.32,118767.1,0.08
1753769380407,06:09:40.407,okx,BTC/USDT:USDT,118766.9,287.58,118766.2,212.11,118767.0,975.93,118767.1,0.08
1753769381207,06:09:41.207,okx,BTC/USDT:USDT,118766.9,293.67,118766.2,212.11,118767.0,902.18,118767.1,0.37
1753769381307,06:09:41.307,okx,BTC/USDT:USDT,118766.9,293.71,118766.2,212.11,118767.0,902.01,118767.1,0.37
1753769381407,06:09:41.407,okx,BTC/USDT:USDT,118766.9,293.71,118766.2,212.11,118767.0,902.01,118767.1,0.37
1753769381507,06:09:41.507,okx,BTC/USDT:USDT,118766.9,293.71,118766.2,212.11,118767.0,902.01,118767.1,0.37
1753769381607,06:09:41.607,okx,BTC/USDT:USDT,118766.9,293.71,118766.2,212.11,118767.0,903.01,118767.1,0.37
1753769381907,06:09:41.907,okx,BTC/USDT:USDT,118766.9,347.76,118766.2,212.11,118767.0,905.87,118767.1,0.37
1753769382007,06:09:42.007,okx,BTC/USDT:USDT,118766.9,294.48,118766.2,212.11,118767.0,904.11,118767.1,0.37
1753769382607,06:09:42.607,okx,BTC/USDT:USDT,118766.9,273.44,118766.2,212.11,118767.0,906.35,118767.1,0.37
1753769382707,06:09:42.707,okx,BTC/USDT:USDT,118766.9,273.44,118766.2,212.11,118767.0,870.1,118767.1,0.37
1753769382807,06:09:42.807,okx,BTC/USDT:USDT,118766.9,274.24,118766.2,212.11,118767.0,900.74,118767.1,0.37
1753769382907,06:09:42.907,okx,BTC/USDT:USDT,118766.9,274.92,118766.2,212.11,118767.0,869.73,118767.1,0.37
1753769383107,06:09:43.107,okx,BTC/USDT:USDT,118766.9,275.84,118766.2,212.11,118767.0,905.98,118767.1,0.37
1753769383507,06:09:43.507,okx,BTC/USDT:USDT,118766.9,226.31,118766.2,7.32,118767.0,927.67,118767.1,0.37
1753769383607,06:09:43.607,okx,BTC/USDT:USDT,118766.9,326.47,118766.2,7.32,118767.0,927.67,118767.1,0.37
1753769383707,06:09:43.707,okx,BTC/USDT:USDT,118766.9,326.47,118766.2,7.32,118767.0,896.99,118767.1,0.37
1753769383807,06:09:43.807,okx,BTC/USDT:USDT,118766.9,325.97,118766.2,7.32,118767.0,897.48,118767.1,0.37
1753769383907,06:09:43.907,okx,BTC/USDT:USDT,118766.9,325.97,118766.2,7.32,118767.0,874.18,118767.1,0.37
1753769384007,06:09:44.007,okx,BTC/USDT:USDT,118766.9,325.97,118766.2,7.32,118767.0,868.57,118767.1,0.37
1753769384107,06:09:44.107,okx,BTC/USDT:USDT,118766.9,325.97,118766.2,7.32,118767.0,874.17,118767.1,0.37
1753769384207,06:09:44.207,okx,BTC/USDT:USDT,118766.9,342.82,118766.2,7.32,118767.0,874.17,118767.1,0.37
1753769384307,06:09:44.307,okx,BTC/USDT:USDT,118766.9,396.18,118766.3,92.63,118767.0,868.54,118767.1,0.37
1753769384407,06:09:44.407,okx,BTC/USDT:USDT,118766.9,325.98,118766.3,92.63,118767.0,874.15,118767.1,0.37
1753769384507,06:09:44.507,okx,BTC/USDT:USDT,118766.9,356.62,118766.3,92.63,118767.0,868.49,118767.1,0.37
1753769384607,06:09:44.607,okx,BTC/USDT:USDT,118766.9,506.68,118766.3,92.63,118767.0,839.53,118767.1,0.37
1753769384807,06:09:44.807,okx,BTC/USDT:USDT,118766.9,536.71,118766.3,192.63,118767.0,839.57,118767.1,0.36
1753769385007,06:09:45.007,okx,BTC/USDT:USDT,118766.9,510.08,118766.3,192.63,118767.0,839.21,118767.1,0.36
1753769385107,06:09:45.107,okx,BTC/USDT:USDT,118766.9,510.08,118766.3,192.63,118767.0,840.03,118767.1,0.39
1753769385307,06:09:45.307,okx,BTC/USDT:USDT,118766.9,502.12,118766.3,192.63,118767.0,840.14,118767.1,0.39
1753769385507,06:09:45.507,okx,BTC/USDT:USDT,118766.9,502.17,118766.3,192.63,118767.0,840.13,118767.1,0.39
1753769385707,06:09:45.707,okx,BTC/USDT:USDT,118766.9,533.48,118766.3,192.63,118767.0,840.25,118767.1,0.46
1753769385807,06:09:45.807,okx,BTC/USDT:USDT,118766.9,533.48,118766.3,192.63,118767.0,840.25,118767.1,0.46
1753769386007,06:09:46.007,okx,BTC/USDT:USDT,118766.9,508.43,118766.3,192.63,118767.0,840.25,118767.1,0.46
1753769386307,06:09:46.307,okx,BTC/USDT:USDT,118766.9,338.5,118766.3,192.63,118767.0,840.25,118767.1,0.46
1753769386407,06:09:46.407,okx,BTC/USDT:USDT,118766.9,324.47,118766.3,192.63,118767.0,891.46,118767.1,0.46
1753769386507,06:09:46.507,okx,BTC/USDT:USDT,118766.9,324.47,118766.3,192.63,118767.0,873.29,118767.1,0.47
1753769386607,06:09:46.607,okx,BTC/USDT:USDT,118766.9,325.84,118766.3,192.63,118767.0,867.68,118767.1,0.47
1753769386707,06:09:46.707,okx,BTC/USDT:USDT,118766.9,328.96,118766.3,192.63,118767.0,873.26,118767.1,0.47
1753769386807,06:09:46.807,okx,BTC/USDT:USDT,118766.9,359.64,118766.3,192.63,118767.0,867.65,118767.1,0.47
1753769386907,06:09:46.907,okx,BTC/USDT:USDT,118766.9,359.65,118766.3,192.63,118767.0,873.26,118767.1,0.47
1753769387007,06:09:47.007,okx,BTC/USDT:USDT,118766.9,361.25,118766.3,192.63,118767.0,867.65,118767.1,0.47
1753769387207,06:09:47.207,okx,BTC/USDT:USDT,118766.9,330.61,118766.3,192.63,118767.0,874.62,118767.1,0.47
1753769387407,06:09:47.407,okx,BTC/USDT:USDT,118766.9,330.71,118766.3,192.63,118767.0,874.72,118767.1,0.47
1753769387707,06:09:47.707,okx,BTC/USDT:USDT,118766.9,361.98,118766.3,192.63,118767.0,869.12,118767.1,0.46
1753769387907,06:09:47.907,okx,BTC/USDT:USDT,118766.9,415.43,118766.3,192.63,118767.0,840.27,118767.1,0.46
1753769388107,06:09:48.107,okx,BTC/USDT:USDT,118766.9,562.48,118766.3,192.63,118767.0,776.0,118767.1,0.46
1753769388307,06:09:48.307,okx,BTC/USDT:USDT,118766.9,581.77,118766.3,192.63,118767.0,775.49,118767.1,0.46
1753769388407,06:09:48.407,okx,BTC/USDT:USDT,118766.9,581.77,118766.3,192.63,118767.0,767.78,118767.1,0.46
1753769388507,06:09:48.507,okx,BTC/USDT:USDT,118766.9,581.07,118766.3,192.63,118767.0,772.37,118767.1,0.46
1753769388607,06:09:48.607,okx,BTC/USDT:USDT,118766.9,580.07,118766.3,192.63,118767.0,772.37,118767.1,0.46
1753769388707,06:09:48.707,okx,BTC/USDT:USDT,118766.9,575.46,118766.3,192.63,118767.0,780.01,118767.1,0.46
1753769389007,06:09:49.007,okx,BTC/USDT:USDT,118766.9,448.08,118766.3,192.63,118767.0,780.01,118767.1,0.46
1753769389107,06:09:49.107,okx,BTC/USDT:USDT,118766.9,382.94,118766.3,192.63,118767.0,785.62,118767.1,0.46
1753769389307,06:09:49.307,okx,BTC/USDT:USDT,118766.9,368.1,118766.3,192.63,118767.0,780.56,118767.1,0.46
1753769389607,06:09:49.607,okx,BTC/USDT:USDT,118766.9,446.34,118766.3,192.63,118767.0,781.03,118767.1,1.4
1753769389807,06:09:49.807,okx,BTC/USDT:USDT,118766.9,457.8,118766.3,192.63,118767.0,776.72,118767.1,1.4
1753769389907,06:09:49.907,okx,BTC/USDT:USDT,118766.9,500.43,118766.3,192.63,118767.0,738.69,118767.1,1.4
1753769390007,06:09:50.007,okx,BTC/USDT:USDT,118766.9,498.05,118766.3,192.63,118767.0,738.69,118767.1,1.4
1753769390307,06:09:50.307,okx,BTC/USDT:USDT,118766.9,497.88,118766.3,192.63,118767.0,742.9,118767.1,1.4
1753769390607,06:09:50.607,okx,BTC/USDT:USDT,118766.9,483.27,118766.3,192.63,118767.0,743.06,118767.1,1.57
1753769390707,06:09:50.707,okx,BTC/USDT:USDT,118766.9,483.27,118766.3,192.63,118767.0,742.77,118767.1,2.06
1753769390807,06:09:50.807,okx,BTC/USDT:USDT,118766.9,488.88,118766.3,192.63,118767.0,731.07,118767.1,2.81
1753769390907,06:09:50.907,okx,BTC/USDT:USDT,118766.9,483.64,118766.3,192.63,118767.0,742.83,118767.1,3.56
1753769391107,06:09:51.107,okx,BTC/USDT:USDT,118766.9,491.14,118766.3,192.63,118767.0,743.59,118767.1,4.3
1753769391307,06:09:51.307,okx,BTC/USDT:USDT,118766.9,487.86,118766.3,192.63,118767.0,743.26,118767.1,4.38
1753769391407,06:09:51.407,okx,BTC/USDT:USDT,118766.9,457.14,118766.3,192.63,118767.0,747.15,118767.1,4.38
1753769391607,06:09:51.607,okx,BTC/USDT:USDT,118766.9,346.89,118766.3,192.63,118767.0,746.54,118767.1,4.38
1753769391707,06:09:51.707,okx,BTC/USDT:USDT,118766.9,247.88,118766.3,192.63,118767.0,746.54,118767.1,4.38
1753769391907,06:09:51.907,okx,BTC/USDT:USDT,118766.9,237.55,118766.3,192.63,118767.0,750.81,118767.1,4.38
1753769392007,06:09:52.007,okx,BTC/USDT:USDT,118766.9,237.55,118766.3,192.63,118767.0,755.77,118767.1,4.38
1753769392107,06:09:52.107,okx,BTC/USDT:USDT,118766.9,237.55,118766.3,192.63,118767.0,756.08,118767.1,4.38
1753769392407,06:09:52.407,okx,BTC/USDT:USDT,118766.9,237.55,118766.3,192.63,118767.0,743.36,118767.1,4.66
1753769392707,06:09:52.707,okx,BTC/USDT:USDT,118766.9,237.85,118766.3,192.63,118767.0,747.05,118767.1,4.66
1753769392807,06:09:52.807,okx,BTC/USDT:USDT,118766.9,237.86,118766.3,192.63,118767.0,755.5,118767.1,4.66
1753769392907,06:09:52.907,okx,BTC/USDT:USDT,118766.9,238.9,118766.3,192.63,118767.0,747.05,118767.1,4.66
1753769393007,06:09:53.007,okx,BTC/USDT:USDT,118766.9,239.49,118766.3,192.63,118767.0,773.79,118767.1,4.66
1753769393107,06:09:53.107,okx,BTC/USDT:USDT,118766.9,238.47,118766.3,192.63,118767.0,761.78,118767.1,4.66
1753769393407,06:09:53.407,okx,BTC/USDT:USDT,118766.9,315.36,118766.3,192.63,118767.0,759.75,118767.1,4.66
1753769393507,06:09:53.507,okx,BTC/USDT:USDT,118766.9,316.04,118766.3,192.63,118767.0,816.32,118767.1,4.66
1753769393807,06:09:53.807,okx,BTC/USDT:USDT,118766.9,315.24,118766.3,192.63,118767.0,762.81,118767.1,4.66
1753769394007,06:09:54.007,okx,BTC/USDT:USDT,118766.9,315.24,118766.3,192.63,118767.0,767.77,118767.1,4.66
1753769394307,06:09:54.307,okx,BTC/USDT:USDT,118766.9,315.12,118766.3,192.63,118767.0,769.58,118767.1,4.66
1753769394407,06:09:54.407,okx,BTC/USDT:USDT,118766.9,315.12,118766.3,192.63,118767.0,787.51,118767.1,4.66
1753769394607,06:09:54.607,okx,BTC/USDT:USDT,118766.9,345.76,118766.3,192.63,118767.0,769.22,118767.1,4.66
1753769394807,06:09:54.807,okx,BTC/USDT:USDT,118766.9,315.13,118766.3,192.63,118767.0,769.22,118767.1,4.66
1753769394907,06:09:54.907,okx,BTC/USDT:USDT,118766.9,324.58,118766.3,192.63,118767.0,769.32,118767.1,4.66
1753769395207,06:09:55.207,okx,BTC/USDT:USDT,118766.9,323.56,118766.3,192.63,118767.0,769.8,118767.1,5.16
1753769395407,06:09:55.407,okx,BTC/USDT:USDT,118766.9,444.09,118766.3,192.63,118767.0,748.17,118767.1,5.16
1753769395507,06:09:55.507,okx,BTC/USDT:USDT,118766.9,415.06,118766.3,192.63,118767.0,735.79,118767.1,5.16
1753769395707,06:09:55.707,okx,BTC/USDT:USDT,118766.9,335.21,118766.3,192.63,118767.0,748.17,118767.1,5.16
1753769395807,06:09:55.807,okx,BTC/USDT:USDT,118766.9,334.56,118766.3,192.63,118767.0,748.17,118767.1,5.16
1753769396007,06:09:56.007,okx,BTC/USDT:USDT,118766.9,334.56,118766.3,192.63,118767.0,748.29,118767.1,5.16
1753769396107,06:09:56.107,okx,BTC/USDT:USDT,118766.9,334.56,118766.3,192.63,118767.0,747.65,118767.1,5.33
1753769396207,06:09:56.207,okx,BTC/USDT:USDT,118766.9,334.56,118766.3,192.63,118767.0,747.67,118767.1,6.08
1753769396307,06:09:56.307,okx,BTC/USDT:USDT,118766.9,334.56,118766.3,192.63,118767.0,745.94,118767.1,6.08
