timestamp,time,exchange,symbol,bid1_price,bid1_volume,bid2_price,bid2_volume,ask1_price,ask1_volume,ask2_price,ask2_volume
1753769552907,06:12:32.907,okx,BTC/USDT:USDT,118883.8,1019.35,118883.7,0.02,118883.9,108.42,118884.0,1.23
1753769553107,06:12:33.107,okx,BTC/USDT:USDT,118883.8,1019.35,118883.7,0.02,118883.9,108.3,118884.0,1.23
1753769554207,06:12:34.207,okx,BTC/USDT:USDT,118883.8,1040.19,118883.7,0.02,118883.9,108.3,118884.0,1.23
1753769554307,06:12:34.307,okx,BTC/USDT:USDT,118883.8,1040.19,118883.7,0.02,118883.9,108.2,118884.0,1.23
1753769555007,06:12:35.007,okx,BTC/USDT:USDT,118883.8,1020.93,118883.7,0.02,118883.9,115.56,118884.0,1.23
1753769555207,06:12:35.207,okx,BTC/USDT:USDT,118883.8,1020.81,118883.7,0.02,118883.9,115.63,118884.0,1.23
1753769555307,06:12:35.307,okx,BTC/USDT:USDT,118883.8,945.81,118883.7,0.02,118883.9,306.12,118884.0,1.23
1753769555407,06:12:35.407,okx,BTC/USDT:USDT,118883.8,816.57,118883.7,0.02,118883.9,306.13,118884.0,1.23
1753769555507,06:12:35.507,okx,BTC/USDT:USDT,118883.8,570.98,118882.8,0.95,118883.9,341.96,118884.0,1.23
1753769555607,06:12:35.607,okx,BTC/USDT:USDT,118883.8,579.42,118882.8,0.95,118883.9,339.67,118884.0,1.23
1753769556007,06:12:36.007,okx,BTC/USDT:USDT,118883.8,592.53,118882.8,0.95,118883.9,475.88,118884.0,1.23
1753769556207,06:12:36.207,okx,BTC/USDT:USDT,118883.8,589.57,118882.8,0.95,118883.9,460.15,118884.0,1.23
1753769556307,06:12:36.307,okx,BTC/USDT:USDT,118883.8,582.68,118882.8,0.95,118883.9,492.13,118884.0,1.23
1753769557880,06:12:37.880,okx,BTC/USDT:USDT,118883.8,577.86,118880.0,0.02,118883.9,472.55,118884.0,1.23
1753769557900,06:12:37.900,okx,BTC/USDT:USDT,118883.8,608.5,118880.0,0.02,118883.9,472.35,118884.0,1.23
1753769558404,06:12:38.404,okx,BTC/USDT:USDT,118883.8,604.29,118880.0,0.02,118883.9,435.8,118884.0,1.23
1753769558504,06:12:38.504,okx,BTC/USDT:USDT,118883.8,604.29,118880.0,0.02,118883.9,435.8,118884.0,1.23
1753769558604,06:12:38.604,okx,BTC/USDT:USDT,118883.8,609.27,118880.0,0.02,118883.9,435.99,118884.0,1.23
1753769558904,06:12:38.904,okx,BTC/USDT:USDT,118883.8,610.98,118880.7,1.8,118883.9,432.99,118884.0,1.23
1753769559104,06:12:39.104,okx,BTC/USDT:USDT,118883.8,619.41,118880.7,1.8,118883.9,432.99,118884.0,1.23
1753769559204,06:12:39.204,okx,BTC/USDT:USDT,118883.8,619.41,118880.7,1.8,118883.9,433.46,118884.0,1.23
1753769559304,06:12:39.304,okx,BTC/USDT:USDT,118883.8,619.41,118880.7,1.8,118883.9,433.46,118884.0,1.23
1753769559404,06:12:39.404,okx,BTC/USDT:USDT,118883.8,563.67,118880.7,1.8,118883.9,433.46,118884.0,1.23
1753769559504,06:12:39.504,okx,BTC/USDT:USDT,118883.8,562.97,118880.7,1.8,118883.9,435.14,118884.0,1.23
1753769559604,06:12:39.604,okx,BTC/USDT:USDT,118883.8,563.24,118883.7,0.42,118883.9,435.14,118884.0,1.23
1753769559901,06:12:39.901,okx,BTC/USDT:USDT,118883.8,564.04,118883.7,0.42,118883.9,435.11,118884.0,1.44
1753769560101,06:12:40.101,okx,BTC/USDT:USDT,118883.8,572.45,118883.7,0.42,118883.9,435.11,118884.0,1.44
1753769560301,06:12:40.301,okx,BTC/USDT:USDT,118883.8,572.45,118883.7,0.42,118883.9,434.43,118884.0,1.44
1753769560901,06:12:40.901,okx,BTC/USDT:USDT,118883.8,552.59,118883.7,0.42,118883.9,473.37,118884.0,1.72
1753769561001,06:12:41.001,okx,BTC/USDT:USDT,118883.8,552.59,118883.7,0.42,118883.9,472.96,118884.0,1.72
1753769561101,06:12:41.101,okx,BTC/USDT:USDT,118883.8,557.02,118883.7,0.42,118883.9,434.85,118884.0,1.72
1753769561401,06:12:41.401,okx,BTC/USDT:USDT,118883.8,557.02,118883.7,0.42,118883.9,434.48,118884.0,1.72
1753769561601,06:12:41.601,okx,BTC/USDT:USDT,118883.8,557.02,118883.7,0.42,118883.9,434.46,118884.0,1.72
1753769561701,06:12:41.701,okx,BTC/USDT:USDT,118883.8,557.02,118883.7,0.42,118883.9,434.46,118884.0,1.72
1753769561801,06:12:41.801,okx,BTC/USDT:USDT,118883.8,557.02,118883.7,0.42,118883.9,433.57,118884.0,1.72
1753769562001,06:12:42.001,okx,BTC/USDT:USDT,118883.8,607.78,118883.7,0.42,118883.9,275.58,118884.0,1.72
1753769562101,06:12:42.101,okx,BTC/USDT:USDT,118883.8,607.78,118883.7,0.42,118883.9,272.01,118884.0,1.72
1753769562401,06:12:42.401,okx,BTC/USDT:USDT,118883.8,607.78,118883.7,0.42,118883.9,271.37,118884.0,1.72
1753769562501,06:12:42.501,okx,BTC/USDT:USDT,118883.8,607.78,118883.7,0.42,118883.9,271.37,118884.0,1.72
1753769562601,06:12:42.601,okx,BTC/USDT:USDT,118883.8,608.85,118883.7,0.42,118883.9,271.38,118884.0,1.72
1753769562701,06:12:42.701,okx,BTC/USDT:USDT,118883.8,609.02,118883.7,0.42,118883.9,272.26,118884.0,1.72
1753769562801,06:12:42.801,okx,BTC/USDT:USDT,118883.8,586.24,118883.7,0.42,118883.9,272.36,118884.0,1.72
1753769562901,06:12:42.901,okx,BTC/USDT:USDT,118883.8,585.66,118883.7,0.42,118883.9,272.29,118884.0,1.72
1753769563201,06:12:43.201,okx,BTC/USDT:USDT,118883.8,585.67,118883.7,0.42,118883.9,269.97,118884.0,1.72
1753769563301,06:12:43.301,okx,BTC/USDT:USDT,118883.8,585.67,118883.7,0.42,118883.9,269.63,118884.0,1.72
1753769563401,06:12:43.401,okx,BTC/USDT:USDT,118883.8,585.66,118883.7,0.42,118883.9,269.64,118884.0,1.72
1753769563501,06:12:43.501,okx,BTC/USDT:USDT,118883.8,585.66,118883.7,0.42,118883.9,269.64,118884.0,1.72
1753769563601,06:12:43.601,okx,BTC/USDT:USDT,118883.8,585.66,118883.7,0.42,118883.9,269.88,118884.0,1.72
1753769563901,06:12:43.901,okx,BTC/USDT:USDT,118883.8,588.06,118883.7,0.42,118883.9,270.4,118884.0,1.72
1753769564001,06:12:44.001,okx,BTC/USDT:USDT,118883.8,586.44,118883.7,0.42,118883.9,270.56,118884.0,1.72
1753769564101,06:12:44.101,okx,BTC/USDT:USDT,118883.8,539.0,118883.7,0.42,118883.9,376.27,118884.0,1.72
1753769564201,06:12:44.201,okx,BTC/USDT:USDT,118883.8,568.85,118883.7,0.42,118883.9,376.27,118884.0,1.72
1753769564301,06:12:44.301,okx,BTC/USDT:USDT,118883.8,568.85,118883.7,0.42,118883.9,377.16,118884.0,1.72
1753769564401,06:12:44.401,okx,BTC/USDT:USDT,118883.8,568.85,118883.7,0.42,118883.9,391.37,118884.0,1.72
1753769564601,06:12:44.601,okx,BTC/USDT:USDT,118883.8,569.99,118883.7,0.42,118883.9,388.71,118884.0,1.72
1753769564701,06:12:44.701,okx,BTC/USDT:USDT,118883.8,570.13,118883.7,0.42,118883.9,372.87,118884.0,1.72
1753769564801,06:12:44.801,okx,BTC/USDT:USDT,118883.8,569.45,118883.7,0.42,118883.9,372.82,118884.0,1.72
1753769564901,06:12:44.901,okx,BTC/USDT:USDT,118883.8,567.8,118883.7,0.42,118883.9,372.82,118884.0,1.72
1753769565101,06:12:45.101,okx,BTC/USDT:USDT,118883.8,569.45,118883.7,0.42,118883.9,371.75,118884.0,1.72
1753769565301,06:12:45.301,okx,BTC/USDT:USDT,118883.8,567.82,118883.7,0.42,118883.9,370.91,118884.0,1.72
1753769565401,06:12:45.401,okx,BTC/USDT:USDT,118883.8,569.43,118883.7,0.42,118883.9,371.01,118884.0,1.72
1753769565501,06:12:45.501,okx,BTC/USDT:USDT,118883.8,569.43,118883.7,0.42,118883.9,364.45,118884.0,1.72
1753769565601,06:12:45.601,okx,BTC/USDT:USDT,118883.8,567.81,118883.7,0.42,118883.9,371.03,118884.0,1.72
1753769565701,06:12:45.701,okx,BTC/USDT:USDT,118883.8,567.81,118883.7,0.42,118883.9,371.03,118884.0,1.72
1753769565801,06:12:45.801,okx,BTC/USDT:USDT,118883.8,569.43,118883.7,0.42,118883.9,371.03,118884.0,1.72
1753769565901,06:12:45.901,okx,BTC/USDT:USDT,118883.8,570.2,118883.7,0.42,118883.9,371.4,118884.0,1.72
1753769566001,06:12:46.001,okx,BTC/USDT:USDT,118883.8,570.2,118883.7,0.42,118883.9,371.45,118884.0,1.72
1753769566101,06:12:46.101,okx,BTC/USDT:USDT,118883.8,569.41,118883.7,0.42,118883.9,371.48,118884.0,1.72
1753769566201,06:12:46.201,okx,BTC/USDT:USDT,118883.8,567.79,118883.7,0.42,118883.9,372.31,118884.0,1.72
1753769566301,06:12:46.301,okx,BTC/USDT:USDT,118883.8,567.79,118883.7,0.42,118883.9,371.18,118884.0,1.72
1753769566401,06:12:46.401,okx,BTC/USDT:USDT,118883.8,563.76,118883.7,0.42,118883.9,371.82,118884.0,1.72
1753769566501,06:12:46.501,okx,BTC/USDT:USDT,118883.8,563.76,118883.7,0.42,118883.9,371.72,118884.0,1.72
1753769566601,06:12:46.601,okx,BTC/USDT:USDT,118883.8,564.17,118883.7,0.42,118883.9,373.29,118884.0,1.72
1753769566801,06:12:46.801,okx,BTC/USDT:USDT,118883.8,566.04,118883.7,0.42,118883.9,370.71,118884.0,1.72
1753769566901,06:12:46.901,okx,BTC/USDT:USDT,118883.8,565.4,118883.7,0.42,118883.9,377.12,118884.0,1.72
1753769567001,06:12:47.001,okx,BTC/USDT:USDT,118883.8,565.41,118883.7,0.42,118883.9,377.02,118884.0,1.72
1753769567201,06:12:47.201,okx,BTC/USDT:USDT,118883.8,566.17,118883.7,0.42,118883.9,359.75,118884.0,1.72
1753769567301,06:12:47.301,okx,BTC/USDT:USDT,118883.8,566.17,118883.7,0.42,118883.9,359.85,118884.0,1.72
1753769567401,06:12:47.401,okx,BTC/USDT:USDT,118883.8,566.17,118883.7,0.42,118883.9,359.58,118884.0,1.72
1753769567501,06:12:47.501,okx,BTC/USDT:USDT,118883.8,566.17,118883.7,0.42,118883.9,359.68,118884.0,1.72
1753769567701,06:12:47.701,okx,BTC/USDT:USDT,118883.8,566.16,118883.7,0.42,118883.9,359.68,118884.0,1.72
1753769567801,06:12:47.801,okx,BTC/USDT:USDT,118883.8,566.93,118883.7,0.42,118883.9,359.58,118884.0,1.72
1753769568001,06:12:48.001,okx,BTC/USDT:USDT,118883.8,566.93,118883.7,0.42,118883.9,359.38,118884.0,1.72
1753769568401,06:12:48.401,okx,BTC/USDT:USDT,118883.8,567.54,118883.7,0.42,118883.9,359.56,118884.0,1.72
1753769568501,06:12:48.501,okx,BTC/USDT:USDT,118883.8,566.33,118883.7,0.42,118883.9,358.91,118884.0,1.72
1753769568601,06:12:48.601,okx,BTC/USDT:USDT,118883.8,567.57,118883.7,0.42,118883.9,358.81,118884.0,1.72
1753769568701,06:12:48.701,okx,BTC/USDT:USDT,118883.8,569.24,118883.7,0.42,118883.9,358.91,118884.0,1.72
1753769568801,06:12:48.801,okx,BTC/USDT:USDT,118883.8,538.15,118883.7,0.42,118883.9,358.81,118884.0,1.72
1753769568901,06:12:48.901,okx,BTC/USDT:USDT,118883.8,536.43,118883.7,0.42,118883.9,358.92,118884.0,1.72
1753769569001,06:12:49.001,okx,BTC/USDT:USDT,118883.8,507.83,118883.7,0.42,118883.9,220.2,118884.0,1.72
1753769569101,06:12:49.101,okx,BTC/USDT:USDT,118883.8,507.85,118883.7,0.42,118883.9,191.34,118884.0,1.72
1753769569201,06:12:49.201,okx,BTC/USDT:USDT,118883.8,507.85,118883.7,0.42,118883.9,192.79,118884.0,1.72
1753769569401,06:12:49.401,okx,BTC/USDT:USDT,118883.8,507.83,118883.7,0.42,118883.9,192.3,118884.0,1.72
1753769569501,06:12:49.501,okx,BTC/USDT:USDT,118883.8,507.83,118883.7,0.42,118883.9,190.24,118884.0,1.72
1753769569601,06:12:49.601,okx,BTC/USDT:USDT,118883.8,507.83,118883.7,0.42,118883.9,192.72,118884.0,1.72
1753769569801,06:12:49.801,okx,BTC/USDT:USDT,118883.8,507.83,118883.7,0.42,118883.9,192.72,118884.0,1.72
1753769569901,06:12:49.901,okx,BTC/USDT:USDT,118883.8,507.83,118883.7,0.42,118883.9,192.85,118884.0,1.97
1753769570001,06:12:50.001,okx,BTC/USDT:USDT,118883.8,507.79,118883.7,0.42,118883.9,192.85,118884.0,1.97
1753769570201,06:12:50.201,okx,BTC/USDT:USDT,118883.8,507.79,118883.7,0.42,118883.9,292.85,118884.0,1.97
1753769570301,06:12:50.301,okx,BTC/USDT:USDT,118883.8,490.99,118883.7,0.42,118883.9,323.59,118884.0,2.04
1753769570401,06:12:50.401,okx,BTC/USDT:USDT,118883.8,491.01,118883.7,0.42,118883.9,323.59,118884.0,2.04
1753769570501,06:12:50.501,okx,BTC/USDT:USDT,118883.8,491.44,118883.7,0.42,118883.9,324.97,118884.0,2.39
1753769570601,06:12:50.601,okx,BTC/USDT:USDT,118883.8,492.12,118883.7,0.42,118883.9,292.37,118884.0,2.39
1753769570701,06:12:50.701,okx,BTC/USDT:USDT,118883.8,492.76,118883.7,0.42,118883.9,292.37,118884.0,2.39
1753769570801,06:12:50.801,okx,BTC/USDT:USDT,118883.8,491.65,118883.7,0.42,118883.9,324.0,118884.0,2.39
1753769570901,06:12:50.901,okx,BTC/USDT:USDT,118883.8,491.61,118883.7,0.42,118883.9,324.0,118884.0,2.39
1753769571001,06:12:51.001,okx,BTC/USDT:USDT,118883.8,491.05,118883.7,0.42,118883.9,322.89,118884.0,2.39
1753769571101,06:12:51.101,okx,BTC/USDT:USDT,118883.8,491.06,118883.7,0.42,118883.9,284.54,118884.0,2.39
1753769571201,06:12:51.201,okx,BTC/USDT:USDT,118883.8,490.54,118883.7,0.42,118883.9,285.31,118884.0,2.39
1753769571301,06:12:51.301,okx,BTC/USDT:USDT,118883.8,507.32,118883.7,0.42,118883.9,284.83,118884.0,2.39
1753769571501,06:12:51.501,okx,BTC/USDT:USDT,118883.8,507.32,118883.7,0.42,118883.9,284.88,118884.0,2.39
1753769571601,06:12:51.601,okx,BTC/USDT:USDT,118883.8,507.32,118883.7,0.42,118883.9,284.99,118884.0,2.44
1753769571701,06:12:51.701,okx,BTC/USDT:USDT,118883.8,507.32,118883.7,0.42,118883.9,284.95,118884.0,2.44
1753769571801,06:12:51.801,okx,BTC/USDT:USDT,118883.8,507.32,118883.7,0.42,118883.9,284.95,118884.0,2.44
1753769571901,06:12:51.901,okx,BTC/USDT:USDT,118883.8,507.45,118883.7,0.42,118883.9,284.95,118884.0,2.44
1753769572001,06:12:52.001,okx,BTC/USDT:USDT,118883.8,507.43,118883.7,0.42,118883.9,284.95,118884.0,2.44
1753769572101,06:12:52.101,okx,BTC/USDT:USDT,118883.8,507.43,118883.7,0.42,118883.9,284.95,118884.0,2.44
1753769572301,06:12:52.301,okx,BTC/USDT:USDT,118883.8,490.63,118883.7,0.42,118883.9,317.14,118884.0,2.73
1753769572401,06:12:52.401,okx,BTC/USDT:USDT,118883.8,490.63,118883.7,0.42,118883.9,317.14,118884.0,2.73
1753769572501,06:12:52.501,okx,BTC/USDT:USDT,118883.8,490.63,118883.7,0.42,118883.9,315.88,118884.0,2.73
1753769572601,06:12:52.601,okx,BTC/USDT:USDT,118883.8,491.73,118883.7,0.42,118883.9,286.74,118884.0,2.73
1753769572701,06:12:52.701,okx,BTC/USDT:USDT,118883.8,492.34,118883.7,0.42,118883.9,286.74,118884.0,2.73
1753769572901,06:12:52.901,okx,BTC/USDT:USDT,118883.8,490.68,118883.7,0.42,118883.9,288.76,118884.0,2.73
1753769573001,06:12:53.001,okx,BTC/USDT:USDT,118883.8,490.69,118883.7,0.42,118883.9,288.32,118884.0,2.73
1753769573201,06:12:53.201,okx,BTC/USDT:USDT,118883.8,490.44,118883.7,0.42,118883.9,287.67,118884.0,2.73
1753769573401,06:12:53.401,okx,BTC/USDT:USDT,118883.8,490.44,118883.7,0.42,118883.9,288.06,118884.0,2.73
1753769573801,06:12:53.801,okx,BTC/USDT:USDT,118883.8,490.43,118883.7,0.42,118883.9,288.11,118884.0,2.73
1753769573901,06:12:53.901,okx,BTC/USDT:USDT,118883.8,490.43,118883.7,0.42,118883.9,288.11,118884.0,2.73
1753769574101,06:12:54.101,okx,BTC/USDT:USDT,118883.8,490.42,118883.7,0.42,118883.9,323.62,118884.0,3.38
1753769574201,06:12:54.201,okx,BTC/USDT:USDT,118883.8,490.42,118883.7,0.42,118883.9,323.61,118884.0,3.38
1753769574301,06:12:54.301,okx,BTC/USDT:USDT,118883.8,490.42,118883.7,0.42,118883.9,323.61,118884.0,4.13
1753769574501,06:12:54.501,okx,BTC/USDT:USDT,118883.8,490.82,118883.7,0.42,118883.9,288.83,118884.0,4.13
1753769574601,06:12:54.601,okx,BTC/USDT:USDT,118883.8,491.5,118883.7,0.42,118883.9,288.85,118884.0,4.13
1753769574701,06:12:54.701,okx,BTC/USDT:USDT,118883.8,489.83,118883.7,0.42,118883.9,288.85,118884.0,4.13
1753769574801,06:12:54.801,okx,BTC/USDT:USDT,118883.8,488.54,118883.7,0.42,118883.9,282.38,118884.0,4.13
1753769574901,06:12:54.901,okx,BTC/USDT:USDT,118883.8,488.54,118883.7,0.42,118883.9,288.88,118884.0,4.13
1753769575001,06:12:55.001,okx,BTC/USDT:USDT,118883.8,488.54,118883.7,0.42,118883.9,287.74,118884.0,4.13
1753769575101,06:12:55.101,okx,BTC/USDT:USDT,118883.8,505.35,118883.7,0.42,118883.9,287.17,118884.0,4.6
1753769575201,06:12:55.201,okx,BTC/USDT:USDT,118883.8,504.6,118883.7,0.42,118883.9,287.64,118884.0,4.6
1753769575301,06:12:55.301,okx,BTC/USDT:USDT,118883.8,504.58,118883.7,0.42,118883.9,287.64,118884.0,4.6
1753769575401,06:12:55.401,okx,BTC/USDT:USDT,118883.8,504.58,118883.7,0.42,118883.9,287.64,118884.0,4.6
1753769575501,06:12:55.501,okx,BTC/USDT:USDT,118883.8,504.58,118883.7,0.42,118883.9,287.61,118884.0,4.6
1753769575616,06:12:55.616,okx,BTC/USDT:USDT,118883.8,504.29,118883.7,0.42,118883.9,287.62,118884.0,4.76
1753769575906,06:12:55.906,okx,BTC/USDT:USDT,118883.8,483.37,118883.7,0.42,118883.9,287.64,118884.0,4.76
1753769576006,06:12:56.006,okx,BTC/USDT:USDT,118883.8,500.19,118883.7,0.42,118883.9,287.88,118884.0,4.76
1753769576206,06:12:56.206,okx,BTC/USDT:USDT,118883.8,500.19,118883.7,0.42,118883.9,276.31,118884.0,4.81
1753769576306,06:12:56.306,okx,BTC/USDT:USDT,118883.8,500.19,118883.7,0.42,118883.9,175.54,118884.0,4.81
1753769576406,06:12:56.406,okx,BTC/USDT:USDT,118883.8,498.69,118883.7,0.42,118883.9,175.56,118884.0,4.81
1753769576606,06:12:56.606,okx,BTC/USDT:USDT,118883.8,501.18,118883.7,0.42,118883.9,278.66,118884.0,4.81
1753769576806,06:12:56.806,okx,BTC/USDT:USDT,118883.8,501.34,118883.7,0.42,118883.9,278.66,118884.0,4.81
1753769577206,06:12:57.206,okx,BTC/USDT:USDT,118883.8,499.99,118883.7,0.42,118883.9,172.36,118884.0,4.81
1753769577306,06:12:57.306,okx,BTC/USDT:USDT,118883.8,499.91,118883.7,0.42,118883.9,172.36,118884.0,4.81
1753769577406,06:12:57.406,okx,BTC/USDT:USDT,118883.8,499.91,118883.7,0.42,118883.9,166.47,118884.0,4.81
1753769577506,06:12:57.506,okx,BTC/USDT:USDT,118883.8,499.89,118883.7,0.42,118883.9,170.97,118884.0,4.81
1753769577706,06:12:57.706,okx,BTC/USDT:USDT,118883.8,483.09,118883.7,0.42,118883.9,170.78,118884.0,4.81
1753769577806,06:12:57.806,okx,BTC/USDT:USDT,118883.8,483.09,118883.7,0.42,118883.9,170.78,118884.0,4.81
1753769577906,06:12:57.906,okx,BTC/USDT:USDT,118883.8,483.09,118883.7,0.42,118883.9,170.78,118884.0,4.81
1753769578106,06:12:58.106,okx,BTC/USDT:USDT,118883.8,482.31,118883.7,0.42,118883.9,170.78,118884.0,4.81
1753769578306,06:12:58.306,okx,BTC/USDT:USDT,118883.8,500.13,118883.7,0.42,118883.9,166.69,118884.0,4.81
1753769578406,06:12:58.406,okx,BTC/USDT:USDT,118883.8,500.13,118883.7,0.42,118883.9,166.67,118884.0,4.81
1753769578606,06:12:58.606,okx,BTC/USDT:USDT,118883.8,501.2,118883.7,0.42,118883.9,166.98,118884.0,4.81
1753769578806,06:12:58.806,okx,BTC/USDT:USDT,118883.8,500.13,118883.7,0.42,118883.9,166.99,118884.0,4.81
1753769578906,06:12:58.906,okx,BTC/USDT:USDT,118883.8,500.13,118883.7,0.42,118883.9,167.42,118884.0,4.81
1753769579006,06:12:59.006,okx,BTC/USDT:USDT,118883.8,500.13,118883.7,0.42,118883.9,166.12,118884.0,4.81
1753769579106,06:12:59.106,okx,BTC/USDT:USDT,118883.8,500.16,118883.7,0.42,118883.9,166.12,118884.0,4.81
1753769579806,06:12:59.806,okx,BTC/USDT:USDT,118883.8,500.14,118883.7,0.42,118883.9,166.13,118884.0,4.81
1753769580006,06:13:00.006,okx,BTC/USDT:USDT,118883.8,500.93,118883.7,0.42,118883.9,166.13,118884.0,4.81
1753769580106,06:13:00.106,okx,BTC/USDT:USDT,118883.8,500.93,118883.7,0.42,118883.9,166.21,118884.0,4.96
1753769580306,06:13:00.306,okx,BTC/USDT:USDT,118883.8,500.17,118883.7,0.42,118883.9,166.04,118884.0,4.96
1753769580406,06:13:00.406,okx,BTC/USDT:USDT,118883.8,500.17,118883.7,0.42,118883.9,165.08,118884.0,4.96
1753769580706,06:13:00.706,okx,BTC/USDT:USDT,118883.8,492.26,118883.7,0.42,118883.9,158.25,118884.0,5.46
1753769581306,06:13:01.306,okx,BTC/USDT:USDT,118883.8,488.58,118883.7,0.42,118883.9,159.64,118884.0,5.62
1753769581606,06:13:01.606,okx,BTC/USDT:USDT,118883.8,482.84,118883.7,0.42,118883.9,159.64,118884.0,5.69
1753769581706,06:13:01.706,okx,BTC/USDT:USDT,118883.8,482.84,118883.7,0.42,118883.9,159.64,118884.0,5.69
1753769581806,06:13:01.806,okx,BTC/USDT:USDT,118883.8,482.85,118883.7,0.42,118883.9,196.82,118884.0,5.69
1753769582106,06:13:02.106,okx,BTC/USDT:USDT,118883.8,483.59,118883.7,0.42,118883.9,343.05,118884.0,5.69
1753769582206,06:13:02.206,okx,BTC/USDT:USDT,118883.8,466.04,118883.7,0.42,118883.9,358.07,118884.0,5.69
1753769582606,06:13:02.606,okx,BTC/USDT:USDT,118883.8,434.91,118883.7,0.42,118883.9,413.92,118884.0,5.69
1753769582806,06:13:02.806,okx,BTC/USDT:USDT,118883.8,398.91,118883.7,0.42,118883.9,413.92,118884.0,5.69
1753769582906,06:13:02.906,okx,BTC/USDT:USDT,118883.8,396.54,118883.7,0.42,118883.9,411.92,118884.0,5.69
1753769583106,06:13:03.106,okx,BTC/USDT:USDT,118883.8,396.54,118883.7,0.42,118883.9,460.52,118884.0,182.2
1753769583206,06:13:03.206,okx,BTC/USDT:USDT,118883.8,388.4,118883.7,0.42,118883.9,462.15,118884.0,182.2
1753769583606,06:13:03.606,okx,BTC/USDT:USDT,118883.8,388.38,118883.7,0.42,118883.9,490.87,118884.0,182.2
1753769583706,06:13:03.706,okx,BTC/USDT:USDT,118883.8,361.44,118883.7,0.42,118883.9,488.87,118884.0,182.2
1753769583906,06:13:03.906,okx,BTC/USDT:USDT,118883.8,286.41,118883.7,0.42,118883.9,488.87,118884.0,182.2
1753769584206,06:13:04.206,okx,BTC/USDT:USDT,118883.8,239.55,118883.7,0.42,118883.9,564.01,118884.0,182.2
1753769584306,06:13:04.306,okx,BTC/USDT:USDT,118883.8,238.78,118883.7,0.42,118883.9,566.93,118884.0,182.2
1753769585106,06:13:05.106,okx,BTC/USDT:USDT,118883.8,275.26,118883.7,0.42,118883.9,565.62,118884.0,182.64
1753769585606,06:13:05.606,okx,BTC/USDT:USDT,118883.8,358.41,118883.7,0.42,118883.9,548.77,118884.0,182.69
1753769585906,06:13:05.906,okx,BTC/USDT:USDT,118883.8,358.41,118883.7,0.42,118883.9,462.68,118884.0,182.69
1753769586106,06:13:06.106,okx,BTC/USDT:USDT,118883.8,356.4,118883.7,0.42,118883.9,466.71,118884.0,182.69
1753769586206,06:13:06.206,okx,BTC/USDT:USDT,118883.8,355.61,118883.7,0.42,118883.9,468.67,118884.0,184.69
1753769586706,06:13:06.706,okx,BTC/USDT:USDT,118883.8,353.91,118883.7,0.42,118883.9,467.02,118884.0,183.21
1753769586806,06:13:06.806,okx,BTC/USDT:USDT,118883.8,352.11,118883.7,0.42,118883.9,467.02,118884.0,183.21
1753769586906,06:13:06.906,okx,BTC/USDT:USDT,118883.8,352.11,118883.7,0.42,118883.9,467.02,118884.0,183.21
1753769587106,06:13:07.106,okx,BTC/USDT:USDT,118883.8,352.78,118883.7,0.42,118883.9,517.92,118884.0,183.69
1753769587406,06:13:07.406,okx,BTC/USDT:USDT,118883.8,348.62,118883.7,0.7,118883.9,517.47,118884.0,182.69
1753769587506,06:13:07.506,okx,BTC/USDT:USDT,118883.8,348.62,118883.7,0.7,118883.9,517.85,118884.0,182.69
1753769587606,06:13:07.606,okx,BTC/USDT:USDT,118883.8,348.62,118883.7,0.7,118883.9,518.38,118884.0,182.69
1753769587906,06:13:07.906,okx,BTC/USDT:USDT,118883.8,348.62,118883.7,0.7,118883.9,518.37,118884.0,182.69
1753769588106,06:13:08.106,okx,BTC/USDT:USDT,118883.8,261.65,118883.7,0.7,118883.9,520.38,118884.0,182.69
1753769588606,06:13:08.606,okx,BTC/USDT:USDT,118883.8,258.46,118883.7,0.7,118883.9,519.68,118884.0,182.69
1753769588706,06:13:08.706,okx,BTC/USDT:USDT,118883.8,260.74,118883.7,0.7,118883.9,519.68,118884.0,182.69
1753769588906,06:13:08.906,okx,BTC/USDT:USDT,118883.8,260.58,118883.7,0.7,118883.9,519.28,118884.0,182.69
1753769589106,06:13:09.106,okx,BTC/USDT:USDT,118883.8,261.24,118883.7,0.7,118883.9,519.28,118884.0,182.69
1753769589206,06:13:09.206,okx,BTC/USDT:USDT,118883.8,197.71,118883.7,0.7,118883.9,536.11,118884.0,182.69
1753769589406,06:13:09.406,okx,BTC/USDT:USDT,118883.8,232.84,118883.7,0.7,118883.9,534.96,118884.0,182.69
1753769589706,06:13:09.706,okx,BTC/USDT:USDT,118883.8,222.84,118883.7,0.7,118883.9,534.41,118884.0,182.69
1753769589906,06:13:09.906,okx,BTC/USDT:USDT,118883.8,222.68,118883.7,0.7,118883.9,534.41,118884.0,182.69
1753769590106,06:13:10.106,okx,BTC/USDT:USDT,118883.8,222.68,118883.7,0.7,118883.9,534.41,118884.0,182.69
1753769590206,06:13:10.206,okx,BTC/USDT:USDT,118883.8,225.78,118883.7,0.7,118883.9,534.39,118884.0,182.69
1753769590306,06:13:10.306,okx,BTC/USDT:USDT,118883.8,225.78,118883.7,0.7,118883.9,534.39,118884.0,182.69
1753769590506,06:13:10.506,okx,BTC/USDT:USDT,118883.8,225.84,118883.7,0.7,118883.9,548.01,118884.0,182.69
1753769590706,06:13:10.706,okx,BTC/USDT:USDT,118883.8,331.35,118883.7,0.7,118883.9,525.44,118884.0,182.69
1753769590806,06:13:10.806,okx,BTC/USDT:USDT,118883.8,341.35,118883.7,0.7,118883.9,525.44,118884.0,183.45
1753769591006,06:13:11.006,okx,BTC/USDT:USDT,118883.8,342.35,118883.7,0.7,118883.9,525.44,118884.0,183.45
1753769591106,06:13:11.106,okx,BTC/USDT:USDT,118883.8,332.99,118883.7,0.7,118883.9,525.44,118884.0,183.45
1753769591606,06:13:11.606,okx,BTC/USDT:USDT,118883.8,310.84,118883.7,0.7,118883.9,598.31,118884.0,183.45
1753769591706,06:13:11.706,okx,BTC/USDT:USDT,118883.8,310.84,118883.7,0.7,118883.9,604.31,118884.0,183.45
1753769592006,06:13:12.006,okx,BTC/USDT:USDT,118883.8,310.84,118883.7,0.7,118883.9,605.37,118884.0,183.45
1753769592106,06:13:12.106,okx,BTC/USDT:USDT,118883.8,303.13,118883.7,0.7,118883.9,605.37,118884.0,183.45
1753769592206,06:13:12.206,okx,BTC/USDT:USDT,118883.8,303.13,118883.7,0.7,118883.9,605.35,118884.0,183.45
1753769592306,06:13:12.306,okx,BTC/USDT:USDT,118883.8,301.37,118883.7,0.7,118883.9,605.35,118884.0,183.94
1753769592406,06:13:12.406,okx,BTC/USDT:USDT,118883.8,198.79,118883.7,0.7,118883.9,622.17,118884.0,183.94
1753769592706,06:13:12.706,okx,BTC/USDT:USDT,118883.8,207.72,118883.7,0.7,118883.9,622.72,118884.0,183.94
1753769592806,06:13:12.806,okx,BTC/USDT:USDT,118883.8,213.5,118883.7,0.7,118883.9,622.72,118884.0,183.94
1753769593006,06:13:13.006,okx,BTC/USDT:USDT,118883.8,313.96,118883.7,0.7,118883.9,597.93,118884.0,183.94
1753769593106,06:13:13.106,okx,BTC/USDT:USDT,118883.8,314.53,118883.7,0.7,118883.9,594.93,118884.0,183.94
1753769593406,06:13:13.406,okx,BTC/USDT:USDT,118883.8,261.95,118883.7,0.7,118883.9,603.55,118884.0,183.94
1753769593606,06:13:13.606,okx,BTC/USDT:USDT,118883.8,53.59,118883.7,0.7,118883.9,633.27,118884.0,183.94
1753769594306,06:13:14.306,okx,BTC/USDT:USDT,118883.8,136.51,118883.7,0.7,118883.9,639.82,118884.0,183.66
1753769594406,06:13:14.406,okx,BTC/USDT:USDT,118883.8,136.56,118883.7,0.7,118883.9,639.82,118884.0,183.66
1753769594506,06:13:14.506,okx,BTC/USDT:USDT,118883.8,137.31,118883.7,0.7,118883.9,640.11,118884.0,183.94
1753769594606,06:13:14.606,okx,BTC/USDT:USDT,118883.8,79.32,118883.7,0.7,118883.9,640.22,118884.0,183.94
1753769595206,06:13:15.206,okx,BTC/USDT:USDT,118883.8,92.55,118883.7,0.7,118883.9,648.61,118884.0,183.94
1753769595306,06:13:15.306,okx,BTC/USDT:USDT,118883.0,57.8,118882.1,26.81,118883.1,1417.97,118883.2,693.86
1753769595706,06:13:15.706,okx,BTC/USDT:USDT,118883.0,66.68,118881.3,26.28,118883.1,1230.46,118883.2,394.54
1753769596006,06:13:16.006,okx,BTC/USDT:USDT,118883.0,116.28,118881.9,3.06,118883.1,1273.47,118883.2,394.54
1753769596206,06:13:16.206,okx,BTC/USDT:USDT,118883.0,149.6,118882.4,26.87,118883.1,1278.62,118883.2,394.54
1753769596306,06:13:16.306,okx,BTC/USDT:USDT,118883.0,202.04,118881.9,3.06,118883.1,1261.18,118883.2,394.54
1753769596406,06:13:16.406,okx,BTC/USDT:USDT,118883.0,202.1,118881.9,3.06,118883.1,1258.65,118883.2,394.54
1753769596506,06:13:16.506,okx,BTC/USDT:USDT,118883.0,202.83,118881.9,3.06,118883.1,1258.65,118883.2,394.54
1753769596806,06:13:16.806,okx,BTC/USDT:USDT,118883.0,278.32,118881.9,3.06,118883.1,1187.95,118883.2,394.44
1753769596906,06:13:16.906,okx,BTC/USDT:USDT,118883.0,278.32,118881.9,3.06,118883.1,1187.95,118883.2,394.44
1753769597006,06:13:17.006,okx,BTC/USDT:USDT,118883.0,278.98,118881.9,3.06,118883.1,1187.95,118883.2,394.44
1753769597206,06:13:17.206,okx,BTC/USDT:USDT,118883.0,279.45,118881.9,3.06,118883.1,1187.95,118883.2,394.44
1753769597506,06:13:17.506,okx,BTC/USDT:USDT,118883.0,276.45,118881.9,3.06,118883.1,1185.55,118883.2,394.44
1753769597806,06:13:17.806,okx,BTC/USDT:USDT,118883.0,276.45,118881.9,3.06,118883.1,1185.55,118883.2,394.44
1753769597906,06:13:17.906,okx,BTC/USDT:USDT,118883.0,276.45,118881.9,3.06,118883.1,1185.55,118883.2,394.44
1753769598006,06:13:18.006,okx,BTC/USDT:USDT,118883.0,276.45,118881.9,3.06,118883.1,1185.55,118883.2,394.44
1753769598106,06:13:18.106,okx,BTC/USDT:USDT,118883.0,276.45,118881.9,3.06,118883.1,1184.6,118883.2,394.44
1753769598206,06:13:18.206,okx,BTC/USDT:USDT,118883.0,276.45,118881.9,3.06,118883.1,1184.6,118883.2,394.44
1753769598306,06:13:18.306,okx,BTC/USDT:USDT,118883.0,276.45,118881.9,3.06,118883.1,1184.59,118883.2,394.44
1753769598406,06:13:18.406,okx,BTC/USDT:USDT,118883.0,222.35,118881.9,3.06,118883.1,1184.69,118883.2,394.44
1753769598906,06:13:18.906,okx,BTC/USDT:USDT,118883.0,141.85,118881.9,3.06,118883.1,1184.56,118883.2,394.44
1753769599006,06:13:19.006,okx,BTC/USDT:USDT,118883.0,141.87,118881.9,3.06,118883.1,1184.56,118883.2,394.44
1753769599206,06:13:19.206,okx,BTC/USDT:USDT,118883.0,176.79,118881.9,3.06,118883.1,1190.44,118883.2,394.44
1753769599506,06:13:19.506,okx,BTC/USDT:USDT,118883.0,143.27,118881.9,3.06,118883.1,1190.43,118883.2,394.44
1753769599906,06:13:19.906,okx,BTC/USDT:USDT,118883.0,92.45,118881.9,3.06,118883.1,1191.04,118883.2,394.44
1753769600106,06:13:20.106,okx,BTC/USDT:USDT,118883.0,117.12,118882.4,30.16,118883.1,1187.37,118883.2,394.44
1753769600306,06:13:20.306,okx,BTC/USDT:USDT,118883.0,92.33,118881.9,3.06,118883.1,1187.36,118883.2,394.71
1753769600406,06:13:20.406,okx,BTC/USDT:USDT,118883.0,82.38,118881.9,3.06,118883.1,1188.96,118883.2,394.71
1753769600506,06:13:20.506,okx,BTC/USDT:USDT,118883.0,83.1,118882.2,24.65,118883.1,1189.0,118883.2,394.71
1753769600706,06:13:20.706,okx,BTC/USDT:USDT,118883.0,74.98,118881.9,3.06,118883.1,1189.01,118883.2,394.71
1753769600806,06:13:20.806,okx,BTC/USDT:USDT,118883.0,107.77,118881.9,3.06,118883.1,1189.01,118883.2,394.71
1753769601306,06:13:21.306,okx,BTC/USDT:USDT,118883.0,111.73,118882.2,27.27,118883.1,1188.98,118883.2,394.71
1753769601906,06:13:21.906,okx,BTC/USDT:USDT,118883.0,111.98,118881.9,3.06,118883.1,1187.38,118883.2,395.47
1753769602506,06:13:22.506,okx,BTC/USDT:USDT,118883.0,112.16,118881.9,3.06,118883.1,1201.78,118883.2,395.47
1753769602906,06:13:22.906,okx,BTC/USDT:USDT,118883.0,112.16,118881.9,3.06,118883.1,1212.92,118883.2,395.47
1753769603006,06:13:23.006,okx,BTC/USDT:USDT,118883.0,112.16,118882.7,0.78,118883.1,1212.92,118883.2,395.47
1753769603106,06:13:23.106,okx,BTC/USDT:USDT,118883.0,112.18,118882.7,0.78,118883.1,1212.92,118883.2,395.47
1753769603306,06:13:23.306,okx,BTC/USDT:USDT,118883.0,147.1,118882.6,30.41,118883.1,1179.46,118883.2,395.47
1753769603406,06:13:23.406,okx,BTC/USDT:USDT,118883.0,147.1,118882.9,0.78,118883.1,1179.46,118883.2,395.47
1753769603706,06:13:23.706,okx,BTC/USDT:USDT,118883.0,147.28,118882.9,0.78,118883.1,1179.68,118883.2,395.47
1753769603806,06:13:23.806,okx,BTC/USDT:USDT,118883.0,147.28,118882.9,0.78,118883.1,1179.66,118883.2,395.47
1753769603906,06:13:23.906,okx,BTC/USDT:USDT,118883.0,278.23,118882.9,0.78,118883.1,1178.06,118883.2,395.47
1753769604406,06:13:24.406,okx,BTC/USDT:USDT,118883.0,277.23,118882.9,0.78,118883.1,1177.82,118883.2,395.47
1753769604506,06:13:24.506,okx,BTC/USDT:USDT,118883.0,271.5,118882.9,0.78,118883.1,1177.9,118883.2,395.54
1753769604606,06:13:24.606,okx,BTC/USDT:USDT,118883.0,272.24,118882.9,0.78,118883.1,1177.9,118883.2,395.7
1753769604906,06:13:24.906,okx,BTC/USDT:USDT,118883.0,147.07,118882.9,0.78,118883.1,1177.9,118883.2,395.7
1753769605206,06:13:25.206,okx,BTC/USDT:USDT,118883.0,149.39,118881.9,3.06,118883.1,1177.78,118883.2,395.7
1753769605306,06:13:25.306,okx,BTC/USDT:USDT,118883.0,149.39,118881.9,3.06,118883.1,1177.78,118883.2,395.7
1753769605406,06:13:25.406,okx,BTC/USDT:USDT,118883.0,149.37,118881.9,3.06,118883.1,1176.63,118883.2,395.7
1753769605706,06:13:25.706,okx,BTC/USDT:USDT,118883.0,250.71,118882.6,26.13,118883.1,1160.02,118883.2,395.7
1753769606206,06:13:26.206,okx,BTC/USDT:USDT,118883.0,172.69,118881.9,3.06,118883.1,1159.99,118883.2,395.99
1753769606306,06:13:26.306,okx,BTC/USDT:USDT,118883.0,172.69,118881.9,3.06,118883.1,1160.02,118883.2,395.99
1753769606906,06:13:26.906,okx,BTC/USDT:USDT,118883.0,276.89,118881.9,3.06,118883.1,1148.12,118883.2,395.99
1753769607406,06:13:27.406,okx,BTC/USDT:USDT,118883.0,276.93,118881.9,3.06,118883.1,1147.51,118883.2,396.74
1753769608006,06:13:28.006,okx,BTC/USDT:USDT,118883.0,276.93,118881.9,3.06,118883.1,1146.47,118883.2,396.74
1753769608106,06:13:28.106,okx,BTC/USDT:USDT,118883.0,276.93,118881.9,3.06,118883.1,1146.47,118883.2,396.74
1753769608306,06:13:28.306,okx,BTC/USDT:USDT,118883.0,279.51,118881.9,3.06,118883.1,1133.49,118883.2,396.74
1753769608606,06:13:28.606,okx,BTC/USDT:USDT,118883.0,280.83,118881.9,3.06,118883.1,1163.16,118883.2,396.74
1753769608706,06:13:28.706,okx,BTC/USDT:USDT,118883.0,254.22,118881.9,3.06,118883.1,1163.16,118883.2,396.74
1753769609106,06:13:29.106,okx,BTC/USDT:USDT,118883.0,149.94,118881.9,3.06,118883.1,1162.46,118883.2,396.74
1753769609206,06:13:29.206,okx,BTC/USDT:USDT,118883.0,149.83,118881.9,3.06,118883.1,1162.46,118883.2,396.74
1753769609806,06:13:29.806,okx,BTC/USDT:USDT,118883.0,150.03,118881.9,3.06,118883.1,1110.82,118883.2,397.21
1753769609906,06:13:29.906,okx,BTC/USDT:USDT,118883.0,149.68,118881.9,3.06,118883.1,1110.82,118883.2,397.21
1753769610106,06:13:30.106,okx,BTC/USDT:USDT,118883.0,116.36,118881.9,3.06,118883.1,1110.82,118883.2,397.53
1753769610406,06:13:30.406,okx,BTC/USDT:USDT,118883.0,117.19,118881.9,3.06,118883.1,1110.82,118883.2,397.53
1753769610506,06:13:30.506,okx,BTC/USDT:USDT,118883.0,117.19,118882.7,28.16,118883.1,1110.87,118883.2,397.53
1753769610806,06:13:30.806,okx,BTC/USDT:USDT,118883.0,278.14,118881.9,3.06,118883.1,1093.89,118883.2,397.53
1753769610906,06:13:30.906,okx,BTC/USDT:USDT,118883.0,285.86,118881.9,3.06,118883.1,1093.89,118883.2,397.53
1753769611106,06:13:31.106,okx,BTC/USDT:USDT,118883.0,278.76,118881.9,3.06,118883.1,1098.55,118883.2,397.53
1753769611206,06:13:31.206,okx,BTC/USDT:USDT,118883.0,279.67,118881.9,3.06,118883.1,1098.55,118883.2,397.53
1753769611606,06:13:31.606,okx,BTC/USDT:USDT,118883.0,278.04,118881.9,3.06,118883.1,1098.28,118883.2,397.81
1753769611706,06:13:31.706,okx,BTC/USDT:USDT,118883.0,278.04,118881.9,3.06,118883.1,1104.17,118883.2,397.81
1753769612106,06:13:32.106,okx,BTC/USDT:USDT,118883.0,269.79,118881.9,3.06,118883.1,1104.19,118883.2,397.81
1753769612206,06:13:32.206,okx,BTC/USDT:USDT,118883.0,248.97,118881.9,3.06,118883.1,1104.18,118883.2,397.81
1753769612406,06:13:32.406,okx,BTC/USDT:USDT,118883.0,248.93,118881.9,3.06,118883.1,1104.19,118883.2,397.81
1753769612506,06:13:32.506,okx,BTC/USDT:USDT,118883.0,249.63,118881.9,3.06,118883.1,1104.49,118883.2,397.81
1753769612606,06:13:32.606,okx,BTC/USDT:USDT,118883.0,245.48,118881.9,3.06,118883.1,1121.32,118883.2,397.81
1753769612906,06:13:32.906,okx,BTC/USDT:USDT,118883.0,245.37,118881.9,3.06,118883.1,1105.51,118883.2,399.32
1753769613006,06:13:33.006,okx,BTC/USDT:USDT,118883.0,245.37,118881.9,3.06,118883.1,1105.51,118883.2,399.32
1753769613206,06:13:33.206,okx,BTC/USDT:USDT,118883.0,246.3,118881.9,3.06,118883.1,1105.51,118883.2,399.32
1753769613306,06:13:33.306,okx,BTC/USDT:USDT,118883.0,244.35,118881.9,3.06,118883.1,1105.51,118883.2,399.32
1753769613406,06:13:33.406,okx,BTC/USDT:USDT,118883.0,245.24,118881.9,3.06,118883.1,1105.51,118883.2,399.32
1753769614306,06:13:34.306,okx,BTC/USDT:USDT,118883.0,111.69,118881.9,3.06,118883.1,1221.44,118883.2,399.32
1753769614406,06:13:34.406,okx,BTC/USDT:USDT,118871.2,132.38,118870.0,0.02,118871.3,1249.52,118871.6,0.01
1753769614706,06:13:34.706,okx,BTC/USDT:USDT,118868.6,145.75,118867.4,28.79,118868.7,1990.75,118868.8,0.01
1753769615306,06:13:35.306,okx,BTC/USDT:USDT,118868.6,316.88,118865.0,45.42,118868.7,1860.91,118868.8,0.51
1753769615806,06:13:35.806,okx,BTC/USDT:USDT,118868.6,288.35,118865.0,45.42,118868.7,1825.72,118868.8,0.74
1753769616206,06:13:36.206,okx,BTC/USDT:USDT,118868.6,309.17,118864.8,1.0,118868.7,1795.65,118868.8,0.74
1753769616406,06:13:36.406,okx,BTC/USDT:USDT,118868.6,309.17,118864.8,1.0,118868.7,1825.88,118868.8,0.74
1753769617106,06:13:37.106,okx,BTC/USDT:USDT,118868.6,259.12,118864.8,1.0,118868.7,1820.56,118868.8,0.74
1753769617206,06:13:37.206,okx,BTC/USDT:USDT,118868.6,280.91,118864.8,1.0,118868.7,1826.32,118868.8,0.74
1753769617306,06:13:37.306,okx,BTC/USDT:USDT,118868.6,259.64,118864.8,1.0,118868.7,1813.67,118868.8,0.74
1753769618406,06:13:38.406,okx,BTC/USDT:USDT,118860.5,333.19,118860.2,1.89,118860.6,664.87,118861.4,52.45
1753769618706,06:13:38.706,okx,BTC/USDT:USDT,118860.5,333.95,118860.2,1.89,118860.6,516.77,118860.7,0.75
1753769618906,06:13:38.906,okx,BTC/USDT:USDT,118860.5,343.91,118860.2,1.89,118860.6,522.37,118860.7,0.75
1753769619306,06:13:39.306,okx,BTC/USDT:USDT,118860.5,379.67,118860.2,1.89,118860.6,472.94,118860.7,0.75
1753769619506,06:13:39.506,okx,BTC/USDT:USDT,118860.5,379.79,118860.2,1.89,118860.6,462.93,118860.7,0.75
1753769619606,06:13:39.606,okx,BTC/USDT:USDT,118860.5,379.79,118860.2,1.89,118860.6,462.93,118860.7,0.75
1753769619806,06:13:39.806,okx,BTC/USDT:USDT,118860.5,395.29,118860.2,1.89,118860.6,368.53,118860.7,0.75
1753769620706,06:13:40.706,okx,BTC/USDT:USDT,118860.5,785.71,118860.2,1.89,118860.6,126.11,118860.7,28.87
1753769621006,06:13:41.006,okx,BTC/USDT:USDT,118860.5,787.38,118860.2,1.89,118860.6,118.55,118860.7,1.95
1753769621106,06:13:41.106,okx,BTC/USDT:USDT,118860.5,786.28,118860.2,1.89,118860.6,165.94,118860.7,1.95
1753769621306,06:13:41.306,okx,BTC/USDT:USDT,118860.5,785.25,118860.2,1.89,118860.6,166.38,118860.7,1.95
1753769622406,06:13:42.406,okx,BTC/USDT:USDT,118860.5,730.37,118860.2,1.89,118860.6,175.46,118860.7,1.95
1753769622606,06:13:42.606,okx,BTC/USDT:USDT,118860.5,730.07,118860.2,1.89,118860.6,190.59,118860.7,1.95
1753769623106,06:13:43.106,okx,BTC/USDT:USDT,118860.5,781.9,118860.2,8.19,118860.6,145.58,118860.7,1.95
1753769623406,06:13:43.406,okx,BTC/USDT:USDT,118860.5,785.28,118860.2,8.19,118860.6,145.76,118860.7,29.92
1753769623606,06:13:43.606,okx,BTC/USDT:USDT,118860.5,784.26,118860.2,8.19,118860.6,147.13,118860.7,29.92
1753769623906,06:13:43.906,okx,BTC/USDT:USDT,118860.5,783.26,118860.2,8.19,118860.6,147.13,118860.7,29.92
1753769624106,06:13:44.106,okx,BTC/USDT:USDT,118860.5,783.26,118860.2,8.19,118860.6,147.89,118860.7,30.68
1753769624206,06:13:44.206,okx,BTC/USDT:USDT,118860.5,784.26,118860.2,8.19,118860.6,147.89,118860.7,30.68
1753769624606,06:13:44.606,okx,BTC/USDT:USDT,118860.5,784.93,118860.2,8.19,118860.6,140.35,118860.7,2.71
1753769625406,06:13:45.406,okx,BTC/USDT:USDT,118860.5,788.42,118860.2,8.19,118860.6,147.72,118860.7,2.71
1753769625806,06:13:45.806,okx,BTC/USDT:USDT,118860.5,787.42,118860.2,8.19,118860.6,147.77,118860.7,2.71
1753769625906,06:13:45.906,okx,BTC/USDT:USDT,118860.5,788.42,118860.2,8.19,118860.6,147.77,118860.7,2.71
1753769626006,06:13:46.006,okx,BTC/USDT:USDT,118860.5,788.42,118860.2,8.19,118860.6,147.77,118860.7,2.71
1753769626106,06:13:46.106,okx,BTC/USDT:USDT,118860.5,788.42,118860.2,8.19,118860.6,147.79,118860.7,3.2
1753769626206,06:13:46.206,okx,BTC/USDT:USDT,118860.5,818.99,118860.2,8.19,118860.6,147.79,118860.7,3.2
1753769626606,06:13:46.606,okx,BTC/USDT:USDT,118860.5,799.79,118860.2,1.89,118860.6,148.77,118860.7,30.05
1753769626706,06:13:46.706,okx,BTC/USDT:USDT,118860.5,800.8,118860.2,1.89,118860.6,148.85,118860.7,30.05
1753769626806,06:13:46.806,okx,BTC/USDT:USDT,118860.5,836.22,118860.2,23.76,118860.6,13.13,118860.7,3.2
1753769627006,06:13:47.006,okx,BTC/USDT:USDT,118860.5,833.92,118860.2,23.76,118860.6,70.46,118860.7,3.2
1753769627106,06:13:47.106,okx,BTC/USDT:USDT,118860.5,833.92,118860.2,23.76,118860.6,78.18,118860.7,3.2
1753769627206,06:13:47.206,okx,BTC/USDT:USDT,118860.5,833.88,118860.2,23.76,118860.6,78.18,118860.7,3.2
1753769627306,06:13:47.306,okx,BTC/USDT:USDT,118860.5,833.88,118860.2,23.76,118860.6,78.18,118860.7,3.2
1753769627506,06:13:47.506,okx,BTC/USDT:USDT,118860.5,834.89,118860.2,23.76,118860.6,78.25,118860.7,3.2
1753769627606,06:13:47.606,okx,BTC/USDT:USDT,118860.5,833.89,118860.2,23.76,118860.6,78.82,118860.7,3.2
1753769627706,06:13:47.706,okx,BTC/USDT:USDT,118860.5,834.89,118860.2,23.76,118860.6,78.82,118860.7,3.2
1753769627906,06:13:47.906,okx,BTC/USDT:USDT,118860.5,828.67,118860.2,23.76,118860.6,20.29,118860.7,3.2
1753769628306,06:13:48.306,okx,BTC/USDT:USDT,118861.3,1816.54,118861.2,0.02,118861.4,84.74,118863.7,9.15
1753769628406,06:13:48.406,okx,BTC/USDT:USDT,118861.3,1838.91,118861.2,0.02,118861.4,84.74,118863.7,9.15
1753769628606,06:13:48.606,okx,BTC/USDT:USDT,118861.3,1838.63,118861.2,0.02,118861.4,84.77,118862.5,10.74
1753769628706,06:13:48.706,okx,BTC/USDT:USDT,118861.3,1839.63,118861.2,0.02,118861.4,84.77,118862.5,10.74
1753769628906,06:13:48.906,okx,BTC/USDT:USDT,118861.3,1840.26,118861.2,0.02,118861.4,84.72,118862.5,10.74
1753769629606,06:13:49.606,okx,BTC/USDT:USDT,118861.3,1808.14,118861.2,0.02,118861.4,102.6,118861.5,27.53
1753769629806,06:13:49.806,okx,BTC/USDT:USDT,118861.3,1834.82,118861.2,0.02,118861.4,102.25,118861.5,27.53
1753769630206,06:13:50.206,okx,BTC/USDT:USDT,118861.3,1966.59,118861.2,0.02,118861.4,102.25,118861.5,27.53
1753769630306,06:13:50.306,okx,BTC/USDT:USDT,118861.3,1966.6,118861.2,0.02,118861.4,68.83,118861.5,27.53
1753769630506,06:13:50.506,okx,BTC/USDT:USDT,118861.3,1968.39,118861.2,0.02,118861.4,50.51,118861.5,0.28
1753769631006,06:13:51.006,okx,BTC/USDT:USDT,118861.3,1649.82,118861.2,0.02,118861.4,97.71,118861.5,0.28
1753769631206,06:13:51.206,okx,BTC/USDT:USDT,118861.3,1638.52,118861.2,0.02,118861.4,105.31,118861.5,0.28
1753769631606,06:13:51.606,okx,BTC/USDT:USDT,118861.3,1623.98,118861.2,0.02,118861.4,103.47,118861.5,0.75
1753769631706,06:13:51.706,okx,BTC/USDT:USDT,118861.3,1624.98,118861.2,0.02,118861.4,86.66,118861.5,0.75
1753769631806,06:13:51.806,okx,BTC/USDT:USDT,118861.3,1623.98,118861.2,0.02,118861.4,103.47,118861.5,0.75
1753769631906,06:13:51.906,okx,BTC/USDT:USDT,118861.3,1656.59,118861.2,0.02,118861.4,103.47,118861.5,0.75
1753769632406,06:13:52.406,okx,BTC/USDT:USDT,118861.3,1609.95,118861.2,0.02,118861.4,125.48,118861.5,1.15
1753769632606,06:13:52.606,okx,BTC/USDT:USDT,118861.3,1198.79,118861.2,0.02,118861.4,314.38,118861.5,1.15
1753769633006,06:13:53.006,okx,BTC/USDT:USDT,118861.3,1323.05,118861.2,0.02,118861.4,314.63,118861.5,1.26
1753769633906,06:13:53.906,okx,BTC/USDT:USDT,118861.3,1260.85,118861.2,0.02,118861.4,257.41,118861.5,1.26
1753769634906,06:13:54.906,okx,BTC/USDT:USDT,118861.3,1297.57,118861.2,0.02,118861.4,249.98,118861.5,1.71
1753769635506,06:13:55.506,okx,BTC/USDT:USDT,118861.4,1924.05,118861.3,264.9,118861.5,2.76,118861.6,0.65
1753769635706,06:13:55.706,okx,BTC/USDT:USDT,118861.4,1906.99,118861.3,252.92,118861.5,1.82,118861.6,0.65
1753769635806,06:13:55.806,okx,BTC/USDT:USDT,118861.4,1908.99,118861.3,249.92,118861.5,1.82,118861.6,0.65
1753769635906,06:13:55.906,okx,BTC/USDT:USDT,118861.4,1941.69,118861.3,249.92,118861.5,1.84,118861.6,0.65
1753769636006,06:13:56.006,okx,BTC/USDT:USDT,118861.4,1940.69,118861.3,249.92,118861.5,1.84,118861.6,0.65
1753769636106,06:13:56.106,okx,BTC/USDT:USDT,118861.4,1940.69,118861.3,249.92,118861.5,1.94,118861.6,0.65
1753769636706,06:13:56.706,okx,BTC/USDT:USDT,118879.8,1516.59,118879.7,0.02,118879.9,405.44,118880.0,0.02
1753769636806,06:13:56.806,okx,BTC/USDT:USDT,118879.8,1526.08,118879.7,0.02,118879.9,405.44,118880.0,0.02
1753769636906,06:13:56.906,okx,BTC/USDT:USDT,118879.8,1527.77,118879.7,0.02,118879.9,410.52,118880.0,0.02
1753769637206,06:13:57.206,okx,BTC/USDT:USDT,118879.8,1514.11,118879.7,0.02,118879.9,424.37,118880.0,0.02
1753769637706,06:13:57.706,okx,BTC/USDT:USDT,118879.8,1514.11,118879.7,0.02,118879.9,321.72,118880.0,0.02
1753769637806,06:13:57.806,okx,BTC/USDT:USDT,118879.8,1514.11,118879.7,0.02,118879.9,321.63,118880.0,0.02
1753769638206,06:13:58.206,okx,BTC/USDT:USDT,118879.8,1513.61,118879.7,0.02,118879.9,321.85,118880.0,0.25
1753769638306,06:13:58.306,okx,BTC/USDT:USDT,118879.8,1513.63,118879.7,0.02,118879.9,321.85,118880.0,0.25
1753769638406,06:13:58.406,okx,BTC/USDT:USDT,118879.8,1513.48,118879.7,0.02,118879.9,321.87,118880.0,0.25
1753769638806,06:13:58.806,okx,BTC/USDT:USDT,118879.8,1514.26,118879.7,0.02,118879.9,321.87,118880.0,0.25
1753769638906,06:13:58.906,okx,BTC/USDT:USDT,118879.8,1515.27,118879.7,0.02,118879.9,321.17,118880.0,0.25
1753769639106,06:13:59.106,okx,BTC/USDT:USDT,118879.8,1514.57,118879.7,0.02,118879.9,321.17,118880.0,0.25
1753769639306,06:13:59.306,okx,BTC/USDT:USDT,118879.8,1514.44,118879.7,0.02,118879.9,321.17,118880.0,0.25
1753769639506,06:13:59.506,okx,BTC/USDT:USDT,118879.8,1514.55,118879.7,0.02,118879.9,320.54,118880.0,0.25
1753769639606,06:13:59.606,okx,BTC/USDT:USDT,118879.8,1514.55,118879.7,0.02,118879.9,320.46,118880.0,0.25
1753769639706,06:13:59.706,okx,BTC/USDT:USDT,118879.8,1514.55,118879.7,0.02,118879.9,319.52,118880.0,0.25
1753769639906,06:13:59.906,okx,BTC/USDT:USDT,118879.8,1515.55,118879.7,0.02,118879.9,319.52,118880.0,0.25
1753769640006,06:14:00.006,okx,BTC/USDT:USDT,118879.8,1515.55,118879.7,0.02,118879.9,319.52,118880.0,0.25
1753769640106,06:14:00.106,okx,BTC/USDT:USDT,118879.8,1515.55,118879.7,0.02,118879.9,319.52,118880.0,0.25
1753769640306,06:14:00.306,okx,BTC/USDT:USDT,118879.8,1516.17,118879.7,0.02,118879.9,313.93,118880.0,0.25
1753769640406,06:14:00.406,okx,BTC/USDT:USDT,118879.8,1516.04,118879.7,0.02,118879.9,313.93,118880.0,0.25
1753769640606,06:14:00.606,okx,BTC/USDT:USDT,118879.8,1503.37,118879.7,0.02,118879.9,308.81,118880.0,0.25
1753769640706,06:14:00.706,okx,BTC/USDT:USDT,118879.8,1505.67,118879.7,0.02,118879.9,267.37,118880.0,0.25
1753769640906,06:14:00.906,okx,BTC/USDT:USDT,118879.8,1534.56,118879.7,0.02,118879.9,217.91,118880.0,0.25
1753769641006,06:14:01.006,okx,BTC/USDT:USDT,118879.8,1534.74,118879.7,0.02,118879.9,214.32,118880.0,0.84
1753769641306,06:14:01.306,okx,BTC/USDT:USDT,118882.9,1338.52,118882.8,0.02,118883.0,327.99,118883.1,9.27
1753769641406,06:14:01.406,okx,BTC/USDT:USDT,118882.9,1336.64,118882.8,0.02,118883.0,327.84,118883.1,9.27
1753769641606,06:14:01.606,okx,BTC/USDT:USDT,118882.9,1335.52,118882.8,0.02,118883.0,323.72,118883.1,9.27
1753769641806,06:14:01.806,okx,BTC/USDT:USDT,118882.9,1236.11,118882.8,0.02,118883.0,419.84,118883.1,9.27
1753769641906,06:14:01.906,okx,BTC/USDT:USDT,118882.9,1236.11,118882.8,0.02,118883.0,419.94,118883.1,9.27
1753769642306,06:14:02.306,okx,BTC/USDT:USDT,118882.9,1203.86,118882.8,0.02,118883.0,431.37,118883.1,9.27
1753769642706,06:14:02.706,okx,BTC/USDT:USDT,118882.9,1206.2,118882.8,0.02,118883.0,331.38,118883.1,10.21
1753769642806,06:14:02.806,okx,BTC/USDT:USDT,118882.9,1206.2,118882.8,0.02,118883.0,331.18,118883.1,10.21
1753769642906,06:14:02.906,okx,BTC/USDT:USDT,118882.9,1206.2,118882.8,0.02,118883.0,331.38,118883.1,10.21
1753769643406,06:14:03.406,okx,BTC/USDT:USDT,118882.9,1204.77,118882.8,0.02,118883.0,431.35,118883.1,10.28
1753769643506,06:14:03.506,okx,BTC/USDT:USDT,118882.9,1204.73,118882.8,0.02,118883.0,431.61,118883.1,10.28
1753769643606,06:14:03.606,okx,BTC/USDT:USDT,118882.9,1204.73,118882.8,0.02,118883.0,431.51,118883.1,10.28
1753769643906,06:14:03.906,okx,BTC/USDT:USDT,118882.9,1206.49,118882.8,0.02,118883.0,463.59,118883.1,10.27
1753769644106,06:14:04.106,okx,BTC/USDT:USDT,118882.9,1204.87,118882.8,0.02,118883.0,463.74,118883.1,10.27
1753769644306,06:14:04.306,okx,BTC/USDT:USDT,118882.9,1211.79,118882.8,0.02,118883.0,463.55,118883.1,10.27
1753769644506,06:14:04.506,okx,BTC/USDT:USDT,118882.9,1206.47,118882.8,0.02,118883.0,466.94,118883.1,10.27
1753769645006,06:14:05.006,okx,BTC/USDT:USDT,118882.9,1234.24,118882.8,0.02,118883.0,459.46,118883.1,12.27
1753769645106,06:14:05.106,okx,BTC/USDT:USDT,118882.9,1204.86,118882.8,0.02,118883.0,459.56,118883.1,12.27
1753769645706,06:14:05.706,okx,BTC/USDT:USDT,118882.9,1236.94,118882.8,0.02,118883.0,418.41,118883.1,12.27
1753769646006,06:14:06.006,okx,BTC/USDT:USDT,118882.9,1236.94,118882.8,0.02,118883.0,455.12,118883.1,12.27
1753769647206,06:14:07.206,okx,BTC/USDT:USDT,118882.9,1226.05,118882.8,0.61,118883.0,342.67,118883.1,12.55
1753769647306,06:14:07.306,okx,BTC/USDT:USDT,118882.9,1226.05,118882.8,0.61,118883.0,342.78,118883.1,12.55
1753769647806,06:14:07.806,okx,BTC/USDT:USDT,118882.9,1227.31,118882.8,0.61,118883.0,343.09,118883.1,12.55
1753769648506,06:14:08.506,okx,BTC/USDT:USDT,118882.9,1228.93,118882.8,0.61,118883.0,343.26,118883.1,12.55
1753769648606,06:14:08.606,okx,BTC/USDT:USDT,118882.9,1228.93,118882.8,0.61,118883.0,443.26,118883.1,12.55
1753769648706,06:14:08.706,okx,BTC/USDT:USDT,118882.9,1228.93,118882.8,0.61,118883.0,443.36,118883.1,12.55
1753769649006,06:14:09.006,okx,BTC/USDT:USDT,118882.9,1188.29,118882.8,0.61,118883.0,443.27,118883.1,12.55
1753769649706,06:14:09.706,okx,BTC/USDT:USDT,118882.9,1164.05,118882.8,1.12,118883.0,450.59,118883.1,12.55
1753769649806,06:14:09.806,okx,BTC/USDT:USDT,118882.9,1164.58,118882.8,1.12,118883.0,450.49,118883.1,12.55
1753769649906,06:14:09.906,okx,BTC/USDT:USDT,118882.9,1164.58,118882.8,1.12,118883.0,450.97,118883.1,12.55
1753769650306,06:14:10.306,okx,BTC/USDT:USDT,118882.9,1166.69,118882.8,1.12,118883.0,450.95,118883.1,12.55
1753769650506,06:14:10.506,okx,BTC/USDT:USDT,118882.9,1167.07,118882.8,1.12,118883.0,451.08,118883.1,12.55
1753769650606,06:14:10.606,okx,BTC/USDT:USDT,118882.9,1165.45,118882.8,1.12,118883.0,451.13,118883.1,12.55
1753769650706,06:14:10.706,okx,BTC/USDT:USDT,118882.9,1165.45,118882.8,1.12,118883.0,450.95,118883.1,12.55
1753769651106,06:14:11.106,okx,BTC/USDT:USDT,118882.9,1159.43,118882.8,1.12,118883.0,451.34,118883.1,13.23
1753769651206,06:14:11.206,okx,BTC/USDT:USDT,118882.9,1164.54,118882.8,1.12,118883.0,444.25,118883.1,13.23
1753769651606,06:14:11.606,okx,BTC/USDT:USDT,118882.9,1164.08,118882.8,1.12,118883.0,451.15,118883.1,13.23
1753769651806,06:14:11.806,okx,BTC/USDT:USDT,118882.9,1165.25,118882.8,1.12,118883.0,451.15,118883.1,13.23
1753769652206,06:14:12.206,okx,BTC/USDT:USDT,118882.9,1164.85,118882.8,1.12,118883.0,451.22,118883.1,13.23
1753769652506,06:14:12.506,okx,BTC/USDT:USDT,118882.9,1185.91,118882.8,1.12,118883.0,351.12,118883.1,13.23
1753769652606,06:14:12.606,okx,BTC/USDT:USDT,118882.9,1185.91,118882.8,1.12,118883.0,351.12,118883.1,13.23
1753769652906,06:14:12.906,okx,BTC/USDT:USDT,118882.9,1185.38,118882.8,1.15,118883.0,352.39,118883.1,15.78
1753769653106,06:14:13.106,okx,BTC/USDT:USDT,118882.9,1185.38,118882.8,1.15,118883.0,352.44,118883.1,15.78
1753769653306,06:14:13.306,okx,BTC/USDT:USDT,118882.9,1186.7,118882.8,1.15,118883.0,352.5,118883.1,15.78
1753769653706,06:14:13.706,okx,BTC/USDT:USDT,118882.9,1185.76,118882.8,1.44,118883.0,341.76,118883.1,15.78
1753769654106,06:14:14.106,okx,BTC/USDT:USDT,118882.9,1187.57,118882.8,1.44,118883.0,342.81,118883.1,15.78
1753769654206,06:14:14.206,okx,BTC/USDT:USDT,118882.9,1185.95,118882.8,1.44,118883.0,342.82,118883.1,15.78
1753769654306,06:14:14.306,okx,BTC/USDT:USDT,118882.9,1186.1,118882.8,1.44,118883.0,363.57,118883.1,15.78
1753769654606,06:14:14.606,okx,BTC/USDT:USDT,118882.9,1187.95,118882.8,1.44,118883.0,364.68,118883.1,15.78
1753769654806,06:14:14.806,okx,BTC/USDT:USDT,118882.9,1187.95,118882.8,1.44,118883.0,357.87,118883.1,15.78
1753769655006,06:14:15.006,okx,BTC/USDT:USDT,118882.9,1144.27,118882.8,1.44,118883.0,355.1,118883.1,16.4
1753769655106,06:14:15.106,okx,BTC/USDT:USDT,118882.9,1144.27,118882.8,1.44,118883.0,354.68,118883.1,16.4
1753769655406,06:14:15.406,okx,BTC/USDT:USDT,118882.9,1144.29,118882.8,1.44,118883.0,329.78,118883.1,16.4
1753769655606,06:14:15.606,okx,BTC/USDT:USDT,118882.9,1144.47,118882.8,1.44,118883.0,329.7,118883.1,16.4
1753769655806,06:14:15.806,okx,BTC/USDT:USDT,118882.9,1144.47,118882.8,1.44,118883.0,329.7,118883.1,16.4
1753769656206,06:14:16.206,okx,BTC/USDT:USDT,118882.9,1113.91,118882.8,1.44,118883.0,481.18,118883.1,16.4
1753769656606,06:14:16.606,okx,BTC/USDT:USDT,118882.9,1120.61,118882.8,1.44,118883.0,483.41,118883.1,16.4
1753769656706,06:14:16.706,okx,BTC/USDT:USDT,118882.9,1121.5,118882.8,1.44,118883.0,432.96,118883.1,16.4
1753769656806,06:14:16.806,okx,BTC/USDT:USDT,118882.9,1121.5,118882.8,1.44,118883.0,432.96,118883.1,16.4
1753769656906,06:14:16.906,okx,BTC/USDT:USDT,118882.9,1121.5,118882.8,1.44,118883.0,432.96,118883.1,16.4
1753769657106,06:14:17.106,okx,BTC/USDT:USDT,118882.9,1121.5,118882.8,1.44,118883.0,432.94,118883.1,16.4
