timestamp,time,exchange,symbol,bid1_price,bid1_volume,bid2_price,bid2_volume,ask1_price,ask1_volume,ask2_price,ask2_volume
1753769306832,06:08:26.832,coincatch,BTC/USDT:USDT,118770.3,19.5363,118770.2,0.1008,118770.4,2.7793,118770.5,0.01
1753769307130,06:08:27.130,coincatch,BTC/USDT:USDT,118770.3,18.8139,118770.2,0.1008,118770.4,2.6687,118770.5,0.01
1753769307731,06:08:27.731,coincatch,BTC/USDT:USDT,118770.3,18.8643,118770.2,0.1008,118770.4,2.68,118770.5,0.01
1753769307879,06:08:27.879,coincatch,BTC/USDT:USDT,118770.3,18.8559,118770.2,0.1008,118770.4,2.6794,118770.5,0.01
1753769307980,06:08:27.980,coincatch,BTC/USDT:USDT,118770.3,18.8559,118770.2,0.1008,118770.4,2.6794,118770.5,0.01
1753769308079,06:08:28.079,coincatch,BTC/USDT:USDT,118770.3,18.8559,118770.2,0.1008,118770.4,2.6794,118770.5,0.01
1753769308179,06:08:28.179,coincatch,BTC/USDT:USDT,118770.3,18.8559,118770.2,0.1008,118770.4,2.6796,118770.5,0.01
1753769308279,06:08:28.279,coincatch,BTC/USDT:USDT,118770.3,18.8559,118770.2,0.1008,118770.4,2.6796,118770.5,0.01
1753769308382,06:08:28.382,coincatch,BTC/USDT:USDT,118770.3,18.2322,118770.2,0.1029,118770.4,2.6773,118770.5,0.0126
1753769308630,06:08:28.630,coincatch,BTC/USDT:USDT,118770.3,11.6613,118770.2,0.1029,118770.4,3.1055,118770.5,0.0252
1753769308930,06:08:28.930,coincatch,BTC/USDT:USDT,118770.3,9.9477,118770.2,0.1029,118770.4,3.1166,118770.5,0.021
1753769309080,06:08:29.080,coincatch,BTC/USDT:USDT,118770.3,9.9477,118770.2,0.1029,118770.4,3.1166,118770.5,0.021
1753769309544,06:08:29.544,coincatch,BTC/USDT:USDT,118770.3,13.3791,118770.2,0.2793,118770.4,2.8612,118770.5,0.0126
1753769309782,06:08:29.782,coincatch,BTC/USDT:USDT,118770.3,12.8016,118770.2,0.2793,118770.4,2.8627,118770.5,0.0126
1753769309929,06:08:29.929,coincatch,BTC/USDT:USDT,118770.3,12.8016,118770.2,0.2793,118770.4,2.8627,118770.5,0.0126
1753769310031,06:08:30.031,coincatch,BTC/USDT:USDT,118770.3,12.8016,118770.2,0.2793,118770.4,2.8627,118770.5,0.0126
1753769310895,06:08:30.895,coincatch,BTC/USDT:USDT,118770.3,17.0289,118770.2,0.294,118770.4,2.7315,118770.5,0.0126
1753769311430,06:08:31.430,coincatch,BTC/USDT:USDT,118770.3,17.0457,118770.2,0.294,118770.4,2.7151,118770.5,0.0126
1753769311583,06:08:31.583,coincatch,BTC/USDT:USDT,118770.3,16.9659,118770.2,0.294,118770.4,2.7296,118770.5,0.0126
1753769311731,06:08:31.731,coincatch,BTC/USDT:USDT,118770.3,15.8256,118770.2,0.294,118770.4,2.7239,118770.5,0.0315
1753769311831,06:08:31.831,coincatch,BTC/USDT:USDT,118770.3,15.8256,118770.2,0.294,118770.4,2.7239,118770.5,0.0315
1753769311932,06:08:31.932,coincatch,BTC/USDT:USDT,118770.3,15.8256,118770.2,0.294,118770.4,2.7239,118770.5,0.0315
1753769312033,06:08:32.033,coincatch,BTC/USDT:USDT,118770.3,16.9533,118770.2,0.294,118770.4,2.7168,118770.5,0.0315
1753769312152,06:08:32.152,coincatch,BTC/USDT:USDT,118770.3,16.9533,118770.2,0.294,118770.4,2.7168,118770.5,0.0315
1753769312282,06:08:32.282,coincatch,BTC/USDT:USDT,118770.3,14.3934,118770.2,0.1155,118770.4,2.717,118770.5,0.0315
1753769312382,06:08:32.382,coincatch,BTC/USDT:USDT,118770.3,14.3934,118770.2,0.1155,118770.4,2.717,118770.5,0.0315
1753769312484,06:08:32.484,coincatch,BTC/USDT:USDT,118770.3,13.293,118770.2,0.1155,118770.4,2.7163,118770.5,0.0315
1753769312632,06:08:32.632,coincatch,BTC/USDT:USDT,118770.3,13.293,118770.2,0.1155,118770.4,2.7163,118770.5,0.0315
1753769312733,06:08:32.733,coincatch,BTC/USDT:USDT,118770.3,15.8256,118770.2,0.1155,118770.4,2.7044,118770.5,0.0315
1753769313232,06:08:33.232,coincatch,BTC/USDT:USDT,118770.3,16.1091,118770.2,0.1155,118770.4,2.7084,118770.5,0.0315
1753769313334,06:08:33.334,coincatch,BTC/USDT:USDT,118770.3,16.1091,118770.2,0.1155,118770.4,2.7084,118770.5,0.0315
1753769313435,06:08:33.435,coincatch,BTC/USDT:USDT,118770.3,16.1091,118770.2,0.1155,118770.4,2.7084,118770.5,0.0315
1753769313588,06:08:33.588,coincatch,BTC/USDT:USDT,118770.3,15.9999,118770.2,0.1155,118770.4,2.7086,118770.5,0.0315
1753769313736,06:08:33.736,coincatch,BTC/USDT:USDT,118770.3,14.7063,118770.2,0.1155,118770.4,2.7086,118770.5,0.0315
1753769313986,06:08:33.986,coincatch,BTC/USDT:USDT,118770.3,16.7727,118770.2,0.1155,118770.4,2.7088,118770.5,0.0315
1753769314131,06:08:34.131,coincatch,BTC/USDT:USDT,118770.3,16.7727,118770.2,0.1155,118770.4,2.7088,118770.5,0.0315
1753769314233,06:08:34.233,coincatch,BTC/USDT:USDT,118770.3,17.346,118770.2,0.1155,118770.4,2.7088,118770.5,0.0315
1753769314336,06:08:34.336,coincatch,BTC/USDT:USDT,118770.3,17.346,118770.2,0.1155,118770.4,2.7088,118770.5,0.0315
1753769314484,06:08:34.484,coincatch,BTC/USDT:USDT,118770.3,16.0545,118770.2,0.1155,118770.4,2.709,118770.5,0.0315
1753769314636,06:08:34.636,coincatch,BTC/USDT:USDT,118770.3,16.0545,118770.2,0.1155,118770.4,2.709,118770.5,0.0315
1753769314785,06:08:34.785,coincatch,BTC/USDT:USDT,118770.3,16.0125,118770.2,0.1155,118770.4,2.709,118770.5,0.0315
1753769314934,06:08:34.934,coincatch,BTC/USDT:USDT,118770.3,16.0125,118770.2,0.1155,118770.4,2.709,118770.5,0.0315
1753769315034,06:08:35.034,coincatch,BTC/USDT:USDT,118770.3,17.2746,118770.2,0.1155,118770.4,2.7084,118770.5,0.0315
1753769315137,06:08:35.137,coincatch,BTC/USDT:USDT,118770.3,17.2746,118770.2,0.1155,118770.4,2.7084,118770.5,0.0315
1753769315237,06:08:35.237,coincatch,BTC/USDT:USDT,118770.3,18.5199,118770.2,0.1155,118770.4,2.7084,118770.5,0.0315
1753769315486,06:08:35.486,coincatch,BTC/USDT:USDT,118770.3,17.5329,118770.2,0.1155,118770.4,2.7067,118770.5,0.0315
1753769315588,06:08:35.588,coincatch,BTC/USDT:USDT,118770.3,17.5329,118770.2,0.1155,118770.4,2.7067,118770.5,0.0315
1753769315837,06:08:35.837,coincatch,BTC/USDT:USDT,118770.3,15.855,118770.2,0.1155,118770.4,2.7061,118770.5,0.0315
1753769316086,06:08:36.086,coincatch,BTC/USDT:USDT,118770.3,1.1036,118770.2,0.1134,118770.4,3.4904,118770.5,0.0399
1753769316189,06:08:36.189,coincatch,BTC/USDT:USDT,118770.3,1.1036,118770.2,0.1134,118770.4,3.4904,118770.5,0.0399
1753769316435,06:08:36.435,coincatch,BTC/USDT:USDT,118770.3,1.1287,118770.2,0.1134,118770.4,4.0335,118770.5,0.0399
1753769316538,06:08:36.538,coincatch,BTC/USDT:USDT,118770.3,1.1655,118770.2,0.1134,118770.4,3.6464,118770.5,0.0399
1753769316686,06:08:36.686,coincatch,BTC/USDT:USDT,118770.3,1.1655,118770.2,0.1134,118770.4,3.6464,118770.5,0.0399
1753769316836,06:08:36.836,coincatch,BTC/USDT:USDT,118770.3,1.2159,118770.2,0.1134,118770.4,3.6351,118770.5,0.0399
1753769316936,06:08:36.936,coincatch,BTC/USDT:USDT,118770.3,1.2159,118770.2,0.1134,118770.4,3.6351,118770.5,0.0399
1753769317049,06:08:37.049,coincatch,BTC/USDT:USDT,118770.3,1.2148,118770.2,0.1134,118770.4,3.709,118770.5,0.0399
1753769317185,06:08:37.185,coincatch,BTC/USDT:USDT,118770.3,1.2148,118770.2,0.1134,118770.4,3.709,118770.5,0.0399
1753769317288,06:08:37.288,coincatch,BTC/USDT:USDT,118770.3,1.2169,118770.2,0.1134,118770.4,3.4537,118770.5,0.0399
1753769317437,06:08:37.437,coincatch,BTC/USDT:USDT,118770.3,1.2169,118770.2,0.1134,118770.4,3.4537,118770.5,0.0399
1753769317585,06:08:37.585,coincatch,BTC/USDT:USDT,118770.3,1.2201,118770.2,0.1134,118770.4,3.4526,118770.5,0.0399
1753769317689,06:08:37.689,coincatch,BTC/USDT:USDT,118770.3,1.2201,118770.2,0.1134,118770.4,3.4526,118770.5,0.0399
1753769317800,06:08:37.800,coincatch,BTC/USDT:USDT,118770.3,1.2201,118770.2,0.1134,118770.4,3.6261,118770.5,0.0399
1753769317938,06:08:37.938,coincatch,BTC/USDT:USDT,118770.3,1.2201,118770.2,0.1134,118770.4,3.6261,118770.5,0.0399
1753769318142,06:08:38.142,coincatch,BTC/USDT:USDT,118770.3,1.1907,118770.2,1.4753,118770.4,3.6775,118770.5,0.0441
1753769318250,06:08:38.250,coincatch,BTC/USDT:USDT,118770.3,1.1571,118770.2,1.4753,118770.4,3.7792,118770.5,0.0399
1753769318488,06:08:38.488,coincatch,BTC/USDT:USDT,118770.3,1.1571,118770.2,0.1134,118770.4,3.7792,118770.5,0.0399
1753769318637,06:08:38.637,coincatch,BTC/USDT:USDT,118770.3,1.1487,118770.2,0.1134,118770.4,3.4341,118770.5,0.0399
1753769318788,06:08:38.788,coincatch,BTC/USDT:USDT,118770.3,1.1466,118770.2,0.1134,118770.4,3.4007,118770.5,0.042
1753769318888,06:08:38.888,coincatch,BTC/USDT:USDT,118770.3,1.1466,118770.2,0.0609,118770.4,3.4007,118770.5,0.042
1753769318989,06:08:38.989,coincatch,BTC/USDT:USDT,118770.3,1.1466,118770.2,0.1134,118770.4,3.4007,118770.5,0.042
1753769319142,06:08:39.142,coincatch,BTC/USDT:USDT,118770.3,1.1456,118770.2,0.1134,118770.4,3.3837,118770.5,0.0462
1753769319290,06:08:39.290,coincatch,BTC/USDT:USDT,118770.3,1.1582,118770.2,0.1134,118770.4,3.3982,118770.5,0.042
1753769319438,06:08:39.438,coincatch,BTC/USDT:USDT,118770.3,1.1582,118770.2,0.1134,118770.4,3.3982,118770.5,0.042
1753769319588,06:08:39.588,coincatch,BTC/USDT:USDT,118770.3,1.0542,118770.2,0.1134,118770.4,3.5194,118770.5,0.042
1753769319840,06:08:39.840,coincatch,BTC/USDT:USDT,118770.3,1.0542,118770.2,0.1134,118770.4,3.5194,118770.5,0.042
1753769320041,06:08:40.041,coincatch,BTC/USDT:USDT,118770.3,1.0416,118770.2,0.1134,118770.4,3.6674,118770.5,0.042
1753769320143,06:08:40.143,coincatch,BTC/USDT:USDT,118770.3,1.0416,118770.2,0.1134,118770.4,3.6674,118770.5,0.042
1753769320289,06:08:40.289,coincatch,BTC/USDT:USDT,118770.3,1.0416,118770.2,0.1134,118770.4,3.6674,118770.5,0.042
1753769320393,06:08:40.393,coincatch,BTC/USDT:USDT,118770.3,1.0395,118770.2,0.1134,118770.4,3.7697,118770.5,0.042
1753769320493,06:08:40.493,coincatch,BTC/USDT:USDT,118770.3,1.0395,118770.2,0.1134,118770.4,3.7697,118770.5,0.042
1753769320842,06:08:40.842,coincatch,BTC/USDT:USDT,118761.4,12.5559,118761.3,0.01,118761.5,3.969,118761.6,0.01
1753769320942,06:08:40.942,coincatch,BTC/USDT:USDT,118761.4,12.5559,118761.3,0.01,118761.5,3.969,118761.6,0.01
1753769321043,06:08:41.043,coincatch,BTC/USDT:USDT,118761.4,11.0481,118761.3,0.01,118761.5,4.083,118761.6,0.0168
1753769321143,06:08:41.143,coincatch,BTC/USDT:USDT,118761.4,11.0481,118761.3,0.01,118761.5,4.083,118761.6,0.0168
1753769321250,06:08:41.250,coincatch,BTC/USDT:USDT,118761.4,11.0481,118761.3,0.01,118761.5,4.083,118761.6,0.0168
1753769321393,06:08:41.393,coincatch,BTC/USDT:USDT,118761.4,10.899,118761.3,0.01,118761.5,4.229,118761.6,0.0168
1753769321493,06:08:41.493,coincatch,BTC/USDT:USDT,118761.4,10.899,118761.3,0.01,118761.5,4.229,118761.6,0.0168
1753769321594,06:08:41.594,coincatch,BTC/USDT:USDT,118761.4,15.1662,118761.3,0.01,118761.5,3.915,118761.6,0.0399
1753769321794,06:08:41.794,coincatch,BTC/USDT:USDT,118761.4,12.6777,118761.3,0.01,118761.5,3.9306,118761.6,0.0399
1753769321894,06:08:41.894,coincatch,BTC/USDT:USDT,118761.4,12.6777,118761.3,0.01,118761.5,3.9306,118761.6,0.0399
1753769322002,06:08:42.002,coincatch,BTC/USDT:USDT,118761.4,12.6777,118761.3,0.01,118761.5,3.9306,118761.6,0.0399
1753769322145,06:08:42.145,coincatch,BTC/USDT:USDT,118761.4,10.7289,118761.3,0.01,118761.5,3.9308,118761.6,0.0483
1753769322395,06:08:42.395,coincatch,BTC/USDT:USDT,118761.4,9.1308,118761.3,0.01,118761.5,3.99,118761.6,0.0399
1753769322595,06:08:42.595,coincatch,BTC/USDT:USDT,118761.4,9.1518,118761.3,0.01,118761.5,3.9026,118761.6,0.0399
1753769322745,06:08:42.745,coincatch,BTC/USDT:USDT,118761.4,9.1518,118761.3,0.01,118761.5,3.9026,118761.6,0.0399
1753769322847,06:08:42.847,coincatch,BTC/USDT:USDT,118761.4,8.5239,118761.3,0.01,118761.5,4.0144,118761.6,0.0399
1753769322995,06:08:42.995,coincatch,BTC/USDT:USDT,118761.4,8.5239,118761.3,0.01,118761.5,4.0144,118761.6,0.0399
1753769323098,06:08:43.098,coincatch,BTC/USDT:USDT,118761.4,8.5239,118761.3,0.01,118761.5,4.0148,118761.6,0.0483
1753769323203,06:08:43.203,coincatch,BTC/USDT:USDT,118761.4,8.5239,118761.3,0.01,118761.5,4.0148,118761.6,0.0483
1753769323347,06:08:43.347,coincatch,BTC/USDT:USDT,118761.4,7.6146,118761.3,0.01,118761.5,4.015,118761.6,0.0483
1753769323496,06:08:43.496,coincatch,BTC/USDT:USDT,118761.4,7.6146,118761.3,0.01,118761.5,4.015,118761.6,0.0483
1753769323648,06:08:43.648,coincatch,BTC/USDT:USDT,118761.4,3.2781,118761.3,0.01,118761.5,4.0173,118761.6,0.0483
1753769324167,06:08:44.167,coincatch,BTC/USDT:USDT,118761.4,1.7892,118761.3,0.01,118761.5,4.0725,118761.6,0.0441
1753769324282,06:08:44.282,coincatch,BTC/USDT:USDT,118761.4,1.7892,118761.3,0.01,118761.5,4.0725,118761.6,0.0441
1753769324396,06:08:44.396,coincatch,BTC/USDT:USDT,118761.4,1.7178,118761.3,0.01,118761.5,4.0967,118761.6,0.0441
1753769324497,06:08:44.497,coincatch,BTC/USDT:USDT,118761.4,1.7178,118761.3,0.01,118761.5,4.0967,118761.6,0.0441
1753769324797,06:08:44.797,coincatch,BTC/USDT:USDT,118761.4,1.1907,118761.3,0.01,118761.5,4.087,118761.6,0.0483
1753769324903,06:08:44.903,coincatch,BTC/USDT:USDT,118761.4,1.1907,118761.3,0.01,118761.5,4.087,118761.6,0.0483
1753769325004,06:08:45.004,coincatch,BTC/USDT:USDT,118761.4,1.1907,118761.3,0.01,118761.5,4.087,118761.6,0.0483
1753769325154,06:08:45.154,coincatch,BTC/USDT:USDT,118761.4,1.6128,118761.3,0.01,118761.5,4.0942,118761.6,0.0525
1753769325297,06:08:45.297,coincatch,BTC/USDT:USDT,118761.4,1.0962,118761.3,0.01,118761.5,4.217,118761.6,0.0567
1753769325605,06:08:45.605,coincatch,BTC/USDT:USDT,118761.4,1.0962,118761.3,0.01,118761.5,4.217,118761.6,0.0567
1753769325745,06:08:45.745,coincatch,BTC/USDT:USDT,118761.4,1.1088,118761.3,0.01,118761.5,4.3079,118761.6,0.0567
1753769325946,06:08:45.946,coincatch,BTC/USDT:USDT,118761.4,1.1046,118761.3,0.01,118761.5,4.2195,118761.6,0.0567
1753769326055,06:08:46.055,coincatch,BTC/USDT:USDT,118761.4,5.565,118761.3,0.01,118761.5,4.1943,118761.6,0.0609
1753769326306,06:08:46.306,coincatch,BTC/USDT:USDT,118761.4,5.5671,118761.3,0.01,118761.5,4.1943,118761.6,0.0567
1753769326448,06:08:46.448,coincatch,BTC/USDT:USDT,118761.4,5.5671,118761.3,0.01,118761.5,4.1943,118761.6,0.0567
1753769326550,06:08:46.550,coincatch,BTC/USDT:USDT,118761.4,16.9155,118761.3,0.01,118761.5,4.0417,118761.6,0.0483
1753769326656,06:08:46.656,coincatch,BTC/USDT:USDT,118761.4,16.9155,118761.3,0.01,118761.5,4.0417,118761.6,0.0483
1753769326947,06:08:46.947,coincatch,BTC/USDT:USDT,118761.4,17.766,118761.3,0.01,118761.5,4.0301,118761.6,0.0483
1753769327046,06:08:47.046,coincatch,BTC/USDT:USDT,118761.4,17.1381,118761.3,0.01,118761.5,4.0301,118761.6,0.0483
1753769327499,06:08:47.499,coincatch,BTC/USDT:USDT,118761.4,17.8605,118761.3,0.01,118761.5,4.0465,118761.6,0.0483
1753769327600,06:08:47.600,coincatch,BTC/USDT:USDT,118761.4,17.9802,118761.3,0.01,118761.5,4.0477,118761.6,0.0483
1753769327706,06:08:47.706,coincatch,BTC/USDT:USDT,118761.4,17.9802,118761.3,0.01,118761.5,4.0477,118761.6,0.0483
1753769327849,06:08:47.849,coincatch,BTC/USDT:USDT,118761.4,17.4258,118761.3,0.01,118761.5,4.0484,118761.6,0.0567
1753769327949,06:08:47.949,coincatch,BTC/USDT:USDT,118761.4,17.4258,118761.3,0.01,118761.5,4.0484,118761.6,0.0567
1753769328049,06:08:48.049,coincatch,BTC/USDT:USDT,118761.4,18.3477,118761.3,0.01,118761.5,4.0484,118761.6,0.0567
1753769328150,06:08:48.150,coincatch,BTC/USDT:USDT,118761.4,18.3477,118761.3,0.01,118761.5,4.0484,118761.6,0.0567
1753769328251,06:08:48.251,coincatch,BTC/USDT:USDT,118761.4,18.3477,118761.3,0.01,118761.5,4.0484,118761.6,0.0567
1753769328400,06:08:48.400,coincatch,BTC/USDT:USDT,118761.4,17.5014,118761.3,0.01,118761.5,4.0484,118761.6,0.0567
1753769328503,06:08:48.503,coincatch,BTC/USDT:USDT,118761.4,17.5014,118761.3,0.01,118761.5,4.0484,118761.6,0.0567
1753769328607,06:08:48.607,coincatch,BTC/USDT:USDT,118761.4,17.9529,118761.3,0.01,118761.5,4.048,118761.6,0.0567
1753769329004,06:08:49.004,coincatch,BTC/USDT:USDT,118761.4,17.8689,118761.3,0.01,118761.5,3.9419,118761.6,0.0483
1753769329251,06:08:49.251,coincatch,BTC/USDT:USDT,118761.4,18.6228,118761.3,0.01,118761.5,3.8907,118761.6,0.0483
1753769329354,06:08:49.354,coincatch,BTC/USDT:USDT,118761.4,18.3666,118761.3,0.01,118761.5,3.8909,118761.6,0.0483
1753769329501,06:08:49.501,coincatch,BTC/USDT:USDT,118761.4,18.1944,118761.3,0.1848,118761.5,3.872,118761.6,0.0483
1753769329853,06:08:49.853,coincatch,BTC/USDT:USDT,118761.4,18.3897,118761.3,0.01,118761.5,3.8766,118761.6,0.0483
1753769329955,06:08:49.955,coincatch,BTC/USDT:USDT,118761.4,18.3897,118761.3,0.01,118761.5,3.8766,118761.6,0.0483
1753769330102,06:08:50.102,coincatch,BTC/USDT:USDT,118761.4,18.3897,118761.3,0.01,118761.5,3.877,118761.6,0.0483
1753769330203,06:08:50.203,coincatch,BTC/USDT:USDT,118761.4,18.3897,118761.3,0.01,118761.5,3.877,118761.6,0.0483
1753769330304,06:08:50.304,coincatch,BTC/USDT:USDT,118761.4,18.2406,118761.3,0.01,118761.5,3.877,118761.6,0.0483
1753769330408,06:08:50.408,coincatch,BTC/USDT:USDT,118761.4,18.2406,118761.3,0.01,118761.5,3.877,118761.6,0.0483
1753769330554,06:08:50.554,coincatch,BTC/USDT:USDT,118761.4,18.2343,118761.3,0.01,118761.5,3.927,118761.6,0.0483
1753769330655,06:08:50.655,coincatch,BTC/USDT:USDT,118761.4,18.2343,118761.3,0.01,118761.5,3.927,118761.6,0.0483
1753769330755,06:08:50.755,coincatch,BTC/USDT:USDT,118761.4,18.4044,118761.3,0.01,118761.5,3.928,118761.6,0.0483
1753769331106,06:08:51.106,coincatch,BTC/USDT:USDT,118761.4,18.3981,118761.3,0.01,118761.5,3.928,118761.6,0.0483
1753769331456,06:08:51.456,coincatch,BTC/USDT:USDT,118761.4,17.5728,118761.3,0.01,118761.5,3.9289,118761.6,0.0525
1753769331557,06:08:51.557,coincatch,BTC/USDT:USDT,118761.4,17.7597,118761.3,0.01,118761.5,3.918,118761.6,0.0483
1753769331705,06:08:51.705,coincatch,BTC/USDT:USDT,118761.4,17.7597,118761.3,0.01,118761.5,3.918,118761.6,0.0483
1753769331808,06:08:51.808,coincatch,BTC/USDT:USDT,118761.4,17.7555,118761.3,0.01,118761.5,3.9037,118761.6,0.0651
1753769331910,06:08:51.910,coincatch,BTC/USDT:USDT,118761.4,17.7555,118761.3,0.01,118761.5,3.9037,118761.6,0.0651
1753769332053,06:08:52.053,coincatch,BTC/USDT:USDT,118761.4,17.7492,118761.3,0.01,118761.5,3.9064,118761.6,0.0651
1753769332156,06:08:52.156,coincatch,BTC/USDT:USDT,118761.4,17.7492,118761.3,0.01,118761.5,3.9064,118761.6,0.0651
1753769332258,06:08:52.258,coincatch,BTC/USDT:USDT,118761.4,17.7597,118761.3,0.01,118761.5,3.8902,118761.6,0.0651
1753769332360,06:08:52.360,coincatch,BTC/USDT:USDT,118761.4,17.7597,118761.3,0.01,118761.5,3.8902,118761.6,0.0651
1753769332505,06:08:52.505,coincatch,BTC/USDT:USDT,118761.4,17.7681,118761.3,0.01,118761.5,3.9056,118761.6,0.0651
1753769332608,06:08:52.608,coincatch,BTC/USDT:USDT,118761.4,17.7681,118761.3,0.01,118761.5,3.9056,118761.6,0.0651
1753769332756,06:08:52.756,coincatch,BTC/USDT:USDT,118761.4,17.7576,118761.3,0.01,118761.5,3.9049,118761.6,0.0651
1753769332904,06:08:52.904,coincatch,BTC/USDT:USDT,118761.4,17.7576,118761.3,0.01,118761.5,3.9049,118761.6,0.0651
1753769333007,06:08:53.007,coincatch,BTC/USDT:USDT,118761.4,16.4724,118761.3,0.01,118761.5,3.9052,118761.6,0.0651
1753769333107,06:08:53.107,coincatch,BTC/USDT:USDT,118761.4,16.4724,118761.3,0.01,118761.5,3.9052,118761.6,0.0651
1753769333208,06:08:53.208,coincatch,BTC/USDT:USDT,118761.4,16.4724,118761.3,0.01,118761.5,3.9052,118761.6,0.0651
1753769333398,06:08:53.398,coincatch,BTC/USDT:USDT,118761.4,15.0486,118761.3,0.01,118761.5,3.9054,118761.6,0.0651
1753769333557,06:08:53.557,coincatch,BTC/USDT:USDT,118761.4,12.9339,118761.3,0.01,118761.5,3.9253,118761.6,0.0651
1753769333658,06:08:53.658,coincatch,BTC/USDT:USDT,118761.4,12.9339,118761.3,0.01,118761.5,3.9253,118761.6,0.0651
1753769333758,06:08:53.758,coincatch,BTC/USDT:USDT,118761.4,1.7829,118761.3,0.01,118761.5,4.3795,118761.6,0.0651
1753769334010,06:08:54.010,coincatch,BTC/USDT:USDT,118761.4,1.7829,118761.3,0.01,118761.5,4.3795,118761.6,0.0651
1753769334156,06:08:54.156,coincatch,BTC/USDT:USDT,118761.4,1.8081,118761.3,0.0483,118761.5,4.3795,118761.6,0.0651
1753769334392,06:08:54.392,coincatch,BTC/USDT:USDT,118761.4,1.2432,118761.3,0.0483,118761.5,4.4339,118761.6,0.0651
1753769334508,06:08:54.508,coincatch,BTC/USDT:USDT,118761.4,1.2222,118761.3,0.01,118761.5,4.376,118761.6,0.0651
1753769334611,06:08:54.611,coincatch,BTC/USDT:USDT,118761.4,1.2222,118761.3,0.01,118761.5,4.376,118761.6,0.0651
1753769334760,06:08:54.760,coincatch,BTC/USDT:USDT,118761.4,1.2243,118761.3,0.01,118761.5,4.355,118761.6,0.0651
1753769334907,06:08:54.907,coincatch,BTC/USDT:USDT,118761.4,1.2243,118761.3,0.01,118761.5,4.355,118761.6,0.0651
1753769335018,06:08:55.018,coincatch,BTC/USDT:USDT,118761.4,1.1235,118761.3,0.01,118761.5,4.3741,118761.6,0.0651
1753769335160,06:08:55.160,coincatch,BTC/USDT:USDT,118761.4,1.1235,118761.3,0.01,118761.5,4.3741,118761.6,0.0651
1753769335309,06:08:55.309,coincatch,BTC/USDT:USDT,118761.4,0.6468,118761.3,0.01,118761.5,4.5064,118761.6,0.0651
1753769335458,06:08:55.458,coincatch,BTC/USDT:USDT,118761.4,0.5166,118761.3,0.01,118761.5,4.3693,118761.6,0.0651
1753769335561,06:08:55.561,coincatch,BTC/USDT:USDT,118761.4,0.5166,118761.3,0.01,118761.5,4.3693,118761.6,0.0651
1753769335774,06:08:55.774,coincatch,BTC/USDT:USDT,118761.4,0.504,118761.3,0.01,118761.5,4.3688,118761.6,0.0651
1753769335909,06:08:55.909,coincatch,BTC/USDT:USDT,118761.4,0.504,118761.3,0.01,118761.5,4.3688,118761.6,0.0651
1753769336025,06:08:56.025,coincatch,BTC/USDT:USDT,118761.4,0.5481,118761.3,0.01,118761.5,4.3711,118761.6,0.0651
1753769336161,06:08:56.161,coincatch,BTC/USDT:USDT,118761.4,0.5481,118761.3,0.01,118761.5,4.3711,118761.6,0.0651
1753769336262,06:08:56.262,coincatch,BTC/USDT:USDT,118761.4,0.5481,118761.3,0.01,118761.5,4.372,118761.6,0.0651
1753769336362,06:08:56.362,coincatch,BTC/USDT:USDT,118761.4,0.5481,118761.3,0.01,118761.5,4.372,118761.6,0.0651
1753769336512,06:08:56.512,coincatch,BTC/USDT:USDT,118761.4,0.5523,118761.3,0.01,118761.5,4.3827,118761.6,0.0609
1753769336761,06:08:56.761,coincatch,BTC/USDT:USDT,118761.4,0.5523,118761.3,0.01,118761.5,4.7048,118761.6,0.0609
1753769336861,06:08:56.861,coincatch,BTC/USDT:USDT,118761.4,0.5523,118761.3,0.01,118761.5,4.7048,118761.6,0.0609
1753769337012,06:08:57.012,coincatch,BTC/USDT:USDT,118761.4,0.5523,118761.3,0.01,118761.5,4.7048,118761.6,0.0609
1753769337117,06:08:57.117,coincatch,BTC/USDT:USDT,118761.4,0.4788,118761.3,0.01,118761.5,4.8319,118761.6,0.0609
1753769337262,06:08:57.262,coincatch,BTC/USDT:USDT,118759.1,0.084,118758.9,0.01,118759.7,2.3398,118759.9,11.2056
1753769337362,06:08:57.362,coincatch,BTC/USDT:USDT,118759.1,0.084,118758.9,0.01,118759.7,2.3398,118759.9,11.2056
1753769337462,06:08:57.462,coincatch,BTC/USDT:USDT,118759.1,0.084,118758.9,0.01,118759.7,2.3398,118759.9,11.2056
1753769337566,06:08:57.566,coincatch,BTC/USDT:USDT,118758.9,0.1365,118758.8,0.01,118759.2,6.5329,118759.3,1.5708
1753769337814,06:08:57.814,coincatch,BTC/USDT:USDT,118758.9,0.1323,118758.8,0.0168,118759.0,6.106,118759.1,2.5998
1753769338016,06:08:58.016,coincatch,BTC/USDT:USDT,118758.9,0.1323,118758.8,0.0168,118759.0,5.9821,118759.1,2.604
1753769338162,06:08:58.162,coincatch,BTC/USDT:USDT,118758.9,0.1323,118758.8,0.0168,118759.0,5.9821,118759.1,2.604
1753769338265,06:08:58.265,coincatch,BTC/USDT:USDT,118758.9,0.1344,118758.8,0.0168,118759.0,5.8191,118759.1,2.604
1753769338414,06:08:58.414,coincatch,BTC/USDT:USDT,118758.9,0.1344,118758.8,0.0168,118759.0,5.8191,118759.1,2.604
1753769338564,06:08:58.564,coincatch,BTC/USDT:USDT,118758.9,0.1386,118758.8,0.0168,118759.0,5.9121,118759.1,2.604
1753769338664,06:08:58.664,coincatch,BTC/USDT:USDT,118758.9,0.1386,118758.8,0.0168,118759.0,5.9121,118759.1,2.604
1753769338814,06:08:58.814,coincatch,BTC/USDT:USDT,118758.9,3.948,118758.8,0.0168,118759.0,5.623,118759.1,2.604
1753769338914,06:08:58.914,coincatch,BTC/USDT:USDT,118758.9,3.948,118758.8,0.0168,118759.0,5.623,118759.1,2.604
1753769339017,06:08:59.017,coincatch,BTC/USDT:USDT,118758.9,0.1869,118758.8,0.0168,118759.0,5.6803,118759.1,2.604
1753769339162,06:08:59.162,coincatch,BTC/USDT:USDT,118758.9,0.1869,118758.8,0.0168,118759.0,5.6803,118759.1,2.604
1753769339264,06:08:59.264,coincatch,BTC/USDT:USDT,118758.9,0.1869,118758.8,0.0168,118759.0,5.6803,118759.1,2.604
1753769339364,06:08:59.364,coincatch,BTC/USDT:USDT,118758.9,0.2394,118758.8,0.0168,118759.0,6.1727,118759.1,2.604
1753769339515,06:08:59.515,coincatch,BTC/USDT:USDT,118758.9,0.2436,118758.8,0.0168,118759.0,5.9835,118759.1,2.604
1753769339666,06:08:59.666,coincatch,BTC/USDT:USDT,118758.9,0.2436,118758.8,0.0168,118759.0,5.9835,118759.1,2.604
1753769339766,06:08:59.766,coincatch,BTC/USDT:USDT,118758.9,0.2436,118758.8,0.0168,118759.0,5.9835,118759.1,2.604
1753769339967,06:08:59.967,coincatch,BTC/USDT:USDT,118758.9,0.2436,118758.8,0.0168,118759.0,5.9844,118759.1,2.604
1753769340067,06:09:00.067,coincatch,BTC/USDT:USDT,118758.9,2.4906,118758.8,0.0168,118759.0,5.0312,118759.1,2.6082
1753769340368,06:09:00.368,coincatch,BTC/USDT:USDT,118758.9,2.6733,118758.8,0.0168,118759.0,5.0513,118759.1,2.6208
1753769340469,06:09:00.469,coincatch,BTC/USDT:USDT,118758.9,2.6733,118758.8,0.0168,118759.0,5.0513,118759.1,2.6208
1753769340569,06:09:00.569,coincatch,BTC/USDT:USDT,118758.9,2.6775,118758.8,0.0168,118759.0,5.2393,118759.1,1.8354
1753769340717,06:09:00.717,coincatch,BTC/USDT:USDT,118758.9,2.6775,118758.8,0.0168,118759.0,5.2393,118759.1,1.8354
1753769340867,06:09:00.867,coincatch,BTC/USDT:USDT,118758.9,2.6817,118758.8,0.0168,118759.0,5.204,118759.1,1.8396
1753769340987,06:09:00.987,coincatch,BTC/USDT:USDT,118758.9,2.6817,118758.8,0.0168,118759.0,5.204,118759.1,1.8396
1753769341119,06:09:01.119,coincatch,BTC/USDT:USDT,118758.9,2.6859,118758.8,0.0168,118759.0,5.077,118759.1,1.8396
1753769341266,06:09:01.266,coincatch,BTC/USDT:USDT,118758.9,2.6859,118758.8,0.0168,118759.0,5.077,118759.1,1.8396
1753769341368,06:09:01.368,coincatch,BTC/USDT:USDT,118758.9,2.5494,118758.8,0.0168,118759.0,5.1662,118759.1,1.8396
1753769341468,06:09:01.468,coincatch,BTC/USDT:USDT,118758.9,2.5494,118758.8,0.0168,118759.0,5.1662,118759.1,1.8396
1753769341570,06:09:01.570,coincatch,BTC/USDT:USDT,118758.9,2.8035,118758.8,0.0168,118759.0,5.2107,118759.1,1.848
1753769341719,06:09:01.719,coincatch,BTC/USDT:USDT,118758.9,2.8035,118758.8,0.0168,118759.0,5.2107,118759.1,1.848
1753769341870,06:09:01.870,coincatch,BTC/USDT:USDT,118758.9,7.0077,118758.8,0.0168,118759.0,4.9243,118759.1,1.8522
1753769342033,06:09:02.033,coincatch,BTC/USDT:USDT,118758.9,7.0791,118758.8,0.0168,118759.0,4.8749,118759.1,1.8522
1753769342171,06:09:02.171,coincatch,BTC/USDT:USDT,118758.9,7.0791,118758.8,0.0168,118759.0,4.8749,118759.1,1.8522
1753769342273,06:09:02.273,coincatch,BTC/USDT:USDT,118758.9,7.0791,118758.8,0.0168,118759.0,4.9749,118759.1,1.8522
1753769342416,06:09:02.416,coincatch,BTC/USDT:USDT,118758.9,7.0791,118758.8,0.0168,118759.0,4.9749,118759.1,1.8522
1753769342522,06:09:02.522,coincatch,BTC/USDT:USDT,118758.9,0.7245,118758.8,0.0168,118759.0,5.4264,118759.1,1.8522
1753769342670,06:09:02.670,coincatch,BTC/USDT:USDT,118758.9,0.7245,118758.8,0.0168,118759.0,5.4264,118759.1,1.8522
1753769342821,06:09:02.821,coincatch,BTC/USDT:USDT,118749.6,15.0423,118749.5,0.01,118749.7,5.8926,118750.0,0.8442
1753769342971,06:09:02.971,coincatch,BTC/USDT:USDT,118749.6,15.0423,118749.5,0.01,118749.7,5.8926,118750.0,0.8442
1753769343121,06:09:03.121,coincatch,BTC/USDT:USDT,118749.6,11.2623,118749.5,0.01,118749.7,5.0637,118749.8,0.01
1753769343221,06:09:03.221,coincatch,BTC/USDT:USDT,118749.6,11.2623,118749.5,0.01,118749.7,5.0637,118749.8,0.01
1753769343321,06:09:03.321,coincatch,BTC/USDT:USDT,118749.6,5.0925,118749.5,0.01,118749.7,5.1358,118749.8,0.01
1753769343467,06:09:03.467,coincatch,BTC/USDT:USDT,118749.6,5.0925,118749.5,0.01,118749.7,5.1358,118749.8,0.01
1753769343570,06:09:03.570,coincatch,BTC/USDT:USDT,118749.6,4.2378,118749.5,0.01,118749.7,5.1437,118749.8,0.0168
1753769343721,06:09:03.721,coincatch,BTC/USDT:USDT,118749.6,4.2378,118749.5,0.01,118749.7,5.1437,118749.8,0.0168
1753769343825,06:09:03.825,coincatch,BTC/USDT:USDT,118749.6,2.7867,118749.5,0.01,118749.7,5.2286,118749.8,0.0168
1753769343974,06:09:03.974,coincatch,BTC/USDT:USDT,118749.6,2.7867,118749.5,0.01,118749.7,5.2286,118749.8,0.0168
1753769344075,06:09:04.075,coincatch,BTC/USDT:USDT,118749.6,2.8266,118749.5,0.01,118749.7,5.2303,118749.8,0.0168
1753769344217,06:09:04.217,coincatch,BTC/USDT:USDT,118749.6,2.8266,118749.5,0.01,118749.7,5.2303,118749.8,0.0168
1753769344320,06:09:04.320,coincatch,BTC/USDT:USDT,118749.6,7.4865,118749.5,0.01,118749.7,5.0977,118749.8,0.0168
1753769344422,06:09:04.422,coincatch,BTC/USDT:USDT,118749.6,7.4865,118749.5,0.01,118749.7,5.0977,118749.8,0.0168
1753769344523,06:09:04.523,coincatch,BTC/USDT:USDT,118749.6,7.4487,118749.5,0.01,118749.7,5.0721,118749.8,0.021
1753769344668,06:09:04.668,coincatch,BTC/USDT:USDT,118749.6,7.4487,118749.5,0.01,118749.7,5.0721,118749.8,0.021
1753769344771,06:09:04.771,coincatch,BTC/USDT:USDT,118749.6,3.633,118749.5,0.01,118749.7,5.1792,118749.8,0.0168
1753769344922,06:09:04.922,coincatch,BTC/USDT:USDT,118749.6,3.633,118749.5,0.01,118749.7,5.1792,118749.8,0.0168
1753769345024,06:09:05.024,coincatch,BTC/USDT:USDT,118749.6,7.9317,118749.5,0.01,118749.7,5.1131,118749.8,0.0126
1753769345169,06:09:05.169,coincatch,BTC/USDT:USDT,118749.6,7.9317,118749.5,0.01,118749.7,5.1131,118749.8,0.0126
1753769345272,06:09:05.272,coincatch,BTC/USDT:USDT,118749.6,7.9359,118749.5,0.01,118749.7,5.1213,118749.8,0.0126
1753769345373,06:09:05.373,coincatch,BTC/USDT:USDT,118749.6,7.9359,118749.5,0.01,118749.7,5.1213,118749.8,0.0126
1753769345520,06:09:05.520,coincatch,BTC/USDT:USDT,118749.6,7.9359,118749.5,0.01,118749.7,4.977,118749.8,0.0126
1753769345621,06:09:05.621,coincatch,BTC/USDT:USDT,118749.6,7.9359,118749.5,0.01,118749.7,4.977,118749.8,0.0126
1753769345772,06:09:05.772,coincatch,BTC/USDT:USDT,118749.6,7.9359,118749.5,0.01,118749.7,4.9776,118749.8,0.0126
1753769345875,06:09:05.875,coincatch,BTC/USDT:USDT,118749.6,7.9359,118749.5,0.01,118749.7,4.9776,118749.8,0.0126
1753769346018,06:09:06.018,coincatch,BTC/USDT:USDT,118749.6,7.9359,118749.5,0.01,118749.7,4.9776,118749.8,0.0126
1753769346121,06:09:06.121,coincatch,BTC/USDT:USDT,118749.6,7.9317,118749.5,0.01,118749.7,4.9776,118749.8,0.0126
1753769346274,06:09:06.274,coincatch,BTC/USDT:USDT,118749.6,8.2005,118749.5,0.01,118749.7,5.0272,118749.8,0.0126
1753769346375,06:09:06.375,coincatch,BTC/USDT:USDT,118749.6,8.2005,118749.5,0.01,118749.7,5.0272,118749.8,0.0126
1753769346518,06:09:06.518,coincatch,BTC/USDT:USDT,118749.6,3.759,118749.5,0.01,118749.7,5.0322,118749.8,0.0252
1753769346619,06:09:06.619,coincatch,BTC/USDT:USDT,118749.6,3.759,118749.5,0.01,118749.7,5.0322,118749.8,0.0252
1753769346725,06:09:06.725,coincatch,BTC/USDT:USDT,118749.6,3.759,118749.5,0.01,118749.7,5.0322,118749.8,0.0252
1753769346873,06:09:06.873,coincatch,BTC/USDT:USDT,118749.6,7.9821,118749.5,0.01,118749.7,5.0329,118749.8,0.021
1753769347024,06:09:07.024,coincatch,BTC/USDT:USDT,118749.6,11.6172,118749.5,0.0105,118749.7,5.0171,118749.8,0.0126
1753769347172,06:09:07.172,coincatch,BTC/USDT:USDT,118749.6,11.6172,118749.5,0.0105,118749.7,5.0171,118749.8,0.0126
1753769347272,06:09:07.272,coincatch,BTC/USDT:USDT,118749.6,11.6151,118749.5,0.0105,118749.7,5.0631,118749.8,0.0126
1753769347373,06:09:07.373,coincatch,BTC/USDT:USDT,118749.6,11.6151,118749.5,0.0105,118749.7,5.0631,118749.8,0.0126
1753769347475,06:09:07.475,coincatch,BTC/USDT:USDT,118749.6,11.6151,118749.5,0.0105,118749.7,5.0631,118749.8,0.0126
1753769347630,06:09:07.630,coincatch,BTC/USDT:USDT,118749.6,12.0687,118749.5,0.0105,118749.7,5.0631,118749.8,0.0126
1753769347772,06:09:07.772,coincatch,BTC/USDT:USDT,118749.6,10.983,118749.5,0.0105,118749.7,5.0555,118749.8,0.0126
1753769347874,06:09:07.874,coincatch,BTC/USDT:USDT,118749.6,10.983,118749.5,0.0105,118749.7,5.0555,118749.8,0.0126
1753769348024,06:09:08.024,coincatch,BTC/USDT:USDT,118749.6,9.6978,118749.5,0.0105,118749.7,5.0532,118749.8,0.0126
1753769348375,06:09:08.375,coincatch,BTC/USDT:USDT,118749.6,12.4005,118749.5,0.0105,118749.7,5.0524,118749.8,0.0126
1753769348476,06:09:08.476,coincatch,BTC/USDT:USDT,118749.6,12.9234,118749.5,0.0105,118749.7,5.011,118749.8,0.0126
1753769348627,06:09:08.627,coincatch,BTC/USDT:USDT,118749.6,12.9234,118749.5,0.0105,118749.7,5.011,118749.8,0.0126
1753769348773,06:09:08.773,coincatch,BTC/USDT:USDT,118749.6,12.9234,118749.5,0.0105,118749.7,5.0108,118749.8,0.0126
1753769348876,06:09:08.876,coincatch,BTC/USDT:USDT,118749.6,12.9234,118749.5,0.0105,118749.7,5.0108,118749.8,0.0126
1753769349021,06:09:09.021,coincatch,BTC/USDT:USDT,118749.6,12.8793,118749.5,0.0105,118749.7,5.0011,118749.8,0.0126
1753769349122,06:09:09.122,coincatch,BTC/USDT:USDT,118749.6,12.8793,118749.5,0.0105,118749.7,5.0011,118749.8,0.0126
1753769349226,06:09:09.226,coincatch,BTC/USDT:USDT,118749.6,12.8835,118749.5,0.0105,118749.7,5.053,118749.8,0.0126
1753769349471,06:09:09.471,coincatch,BTC/USDT:USDT,118749.6,12.8835,118749.5,0.0105,118749.7,5.053,118749.8,0.0126
1753769349577,06:09:09.577,coincatch,BTC/USDT:USDT,118749.6,12.8877,118749.5,0.0105,118749.7,5.3791,118749.8,0.0126
1753769349726,06:09:09.726,coincatch,BTC/USDT:USDT,118749.6,11.6235,118749.5,0.0105,118749.7,5.2878,118749.8,0.0126
1753769349827,06:09:09.827,coincatch,BTC/USDT:USDT,118749.6,11.6235,118749.5,0.0105,118749.7,5.2878,118749.8,0.0126
1753769349979,06:09:09.979,coincatch,BTC/USDT:USDT,118749.6,11.487,118749.5,0.0105,118749.7,5.288,118749.8,0.0126
1753769350129,06:09:10.129,coincatch,BTC/USDT:USDT,118749.6,11.487,118749.5,0.0105,118749.7,5.288,118749.8,0.0126
1753769350372,06:09:10.372,coincatch,BTC/USDT:USDT,118749.6,13.9734,118749.5,0.0105,118749.7,5.2882,118749.8,0.0126
1753769350479,06:09:10.479,coincatch,BTC/USDT:USDT,118749.6,13.608,118749.5,0.0105,118749.7,5.287,118749.8,0.0126
1753769350579,06:09:10.579,coincatch,BTC/USDT:USDT,118749.6,13.608,118749.5,0.0105,118749.7,5.287,118749.8,0.0126
1753769350726,06:09:10.726,coincatch,BTC/USDT:USDT,118749.6,13.461,118749.5,0.0105,118749.7,5.2874,118749.8,0.0126
1753769350828,06:09:10.828,coincatch,BTC/USDT:USDT,118749.6,13.461,118749.5,0.0105,118749.7,5.2874,118749.8,0.0126
1753769350972,06:09:10.972,coincatch,BTC/USDT:USDT,118749.6,13.461,118749.5,0.0105,118749.7,5.2874,118749.8,0.0126
1753769351075,06:09:11.075,coincatch,BTC/USDT:USDT,118749.6,13.4484,118749.5,0.0105,118749.7,5.2874,118749.8,0.0126
1753769351177,06:09:11.177,coincatch,BTC/USDT:USDT,118749.6,13.4484,118749.5,0.0105,118749.7,5.2874,118749.8,0.0126
1753769351277,06:09:11.277,coincatch,BTC/USDT:USDT,118749.6,17.1297,118749.5,0.0126,118749.7,5.0627,118749.8,0.0126
1753769351377,06:09:11.377,coincatch,BTC/USDT:USDT,118749.6,17.1297,118749.5,0.0126,118749.7,5.0627,118749.8,0.0126
1753769351479,06:09:11.479,coincatch,BTC/USDT:USDT,118749.6,16.9701,118749.5,0.0126,118749.7,5.0578,118749.8,0.0252
1753769351579,06:09:11.579,coincatch,BTC/USDT:USDT,118749.6,16.9701,118749.5,0.0126,118749.7,5.0578,118749.8,0.0252
1753769351722,06:09:11.722,coincatch,BTC/USDT:USDT,118749.6,16.9701,118749.5,0.0126,118749.7,5.0578,118749.8,0.0252
1753769351828,06:09:11.828,coincatch,BTC/USDT:USDT,118749.6,17.829,118749.5,0.0126,118749.7,5.0578,118749.8,0.0252
1753769351977,06:09:11.977,coincatch,BTC/USDT:USDT,118749.6,16.8357,118749.5,0.0126,118749.7,5.0589,118749.8,0.0252
1753769352078,06:09:12.078,coincatch,BTC/USDT:USDT,118749.6,16.8357,118749.5,0.0126,118749.7,5.0589,118749.8,0.0252
1753769352225,06:09:12.225,coincatch,BTC/USDT:USDT,118749.6,17.7555,118749.5,0.0126,118749.7,5.0589,118749.8,0.0252
1753769352327,06:09:12.327,coincatch,BTC/USDT:USDT,118749.6,17.7555,118749.5,0.0126,118749.7,5.0589,118749.8,0.0252
1753769352427,06:09:12.427,coincatch,BTC/USDT:USDT,118749.6,17.7555,118749.5,0.0126,118749.7,5.0589,118749.8,0.0252
1753769352534,06:09:12.534,coincatch,BTC/USDT:USDT,118749.6,17.5707,118749.5,0.0126,118749.7,5.0589,118749.8,0.0252
1753769352682,06:09:12.682,coincatch,BTC/USDT:USDT,118749.6,17.5707,118749.5,0.0126,118749.7,5.0589,118749.8,0.0252
1753769352828,06:09:12.828,coincatch,BTC/USDT:USDT,118749.6,22.4007,118749.5,0.0126,118749.7,2.0943,118749.8,0.021
1753769352930,06:09:12.930,coincatch,BTC/USDT:USDT,118749.6,22.4007,118749.5,0.0126,118749.7,2.0943,118749.8,0.021
1753769353030,06:09:13.030,coincatch,BTC/USDT:USDT,118749.6,25.2664,118749.5,0.0126,118749.7,1.9213,118749.8,0.0252
1753769353177,06:09:13.177,coincatch,BTC/USDT:USDT,118749.6,25.2651,118749.5,0.0126,118749.7,1.9213,118749.8,0.0252
1753769353279,06:09:13.279,coincatch,BTC/USDT:USDT,118749.6,25.2659,118749.5,0.0126,118749.7,1.9213,118749.8,0.0252
1753769353428,06:09:13.428,coincatch,BTC/USDT:USDT,118749.6,25.2654,118749.5,0.0126,118749.7,1.9213,118749.8,0.0252
1753769353529,06:09:13.529,coincatch,BTC/USDT:USDT,118749.6,22.0395,118749.5,0.0105,118749.7,1.9316,118749.8,0.0252
1753769353674,06:09:13.674,coincatch,BTC/USDT:USDT,118749.6,22.0395,118749.5,0.0105,118749.7,1.9316,118749.8,0.0252
1753769353780,06:09:13.780,coincatch,BTC/USDT:USDT,118749.6,22.2579,118749.5,0.0105,118749.7,1.9316,118749.8,0.0252
1753769353879,06:09:13.879,coincatch,BTC/USDT:USDT,118749.6,22.2579,118749.5,0.0105,118749.7,1.9316,118749.8,0.0252
1753769354030,06:09:14.030,coincatch,BTC/USDT:USDT,118749.6,22.2894,118749.5,0.0126,118749.7,1.9372,118749.8,0.0252
1753769354130,06:09:14.130,coincatch,BTC/USDT:USDT,118749.6,22.2894,118749.5,0.0126,118749.7,1.9372,118749.8,0.0252
1753769354233,06:09:14.233,coincatch,BTC/USDT:USDT,118749.6,22.3083,118749.5,0.0126,118749.7,1.9372,118749.8,0.0252
1753769354385,06:09:14.385,coincatch,BTC/USDT:USDT,118749.6,22.3083,118749.5,0.0126,118749.7,1.9372,118749.8,0.0252
1753769354486,06:09:14.486,coincatch,BTC/USDT:USDT,118749.6,22.3041,118749.5,0.0126,118749.7,1.9372,118749.8,0.0252
1753769354621,06:09:14.621,coincatch,BTC/USDT:USDT,118749.6,22.3041,118749.5,0.0126,118749.7,1.9372,118749.8,0.0252
1753769354724,06:09:14.724,coincatch,BTC/USDT:USDT,118749.6,22.3041,118749.5,0.0126,118749.7,1.9372,118749.8,0.0252
1753769354831,06:09:14.831,coincatch,BTC/USDT:USDT,118749.6,22.3104,118749.5,0.0399,118749.7,1.9364,118749.8,0.0252
1753769354932,06:09:14.932,coincatch,BTC/USDT:USDT,118749.6,22.3104,118749.5,0.0399,118749.7,1.9364,118749.8,0.0252
1753769355175,06:09:15.175,coincatch,BTC/USDT:USDT,118749.6,22.3104,118749.5,0.0399,118749.7,1.9351,118749.8,0.0252
1753769355282,06:09:15.282,coincatch,BTC/USDT:USDT,118749.6,22.3104,118749.5,0.0399,118749.7,1.9851,118749.8,0.0252
1753769355431,06:09:15.431,coincatch,BTC/USDT:USDT,118749.6,22.3104,118749.5,0.0399,118749.7,1.9851,118749.8,0.0252
1753769355531,06:09:15.531,coincatch,BTC/USDT:USDT,118749.6,22.2411,118749.5,0.0126,118749.7,1.9849,118749.8,0.0252
1753769355636,06:09:15.636,coincatch,BTC/USDT:USDT,118749.6,22.2411,118749.5,0.0126,118749.7,1.9849,118749.8,0.0252
1753769355775,06:09:15.775,coincatch,BTC/USDT:USDT,118749.6,23.205,118749.5,0.0126,118749.7,1.9845,118749.8,0.0252
1753769355882,06:09:15.882,coincatch,BTC/USDT:USDT,118749.6,23.205,118749.5,0.0126,118749.7,1.9845,118749.8,0.0252
1753769356032,06:09:16.032,coincatch,BTC/USDT:USDT,118749.6,22.2117,118749.5,0.0126,118749.7,1.9824,118749.8,0.0252
1753769356182,06:09:16.182,coincatch,BTC/USDT:USDT,118749.6,22.2117,118749.5,0.0126,118749.7,1.9824,118749.8,0.0252
1753769356283,06:09:16.283,coincatch,BTC/USDT:USDT,118749.6,21.7035,118749.5,0.0126,118749.7,1.9824,118749.8,0.0252
1753769356383,06:09:16.383,coincatch,BTC/USDT:USDT,118749.6,21.7035,118749.5,0.0126,118749.7,1.9824,118749.8,0.0252
1753769356485,06:09:16.485,coincatch,BTC/USDT:USDT,118749.6,21.7161,118749.5,0.0126,118749.7,1.9927,118749.8,0.0252
1753769356586,06:09:16.586,coincatch,BTC/USDT:USDT,118749.6,21.7161,118749.5,0.0126,118749.7,1.9927,118749.8,0.0252
1753769356686,06:09:16.686,coincatch,BTC/USDT:USDT,118749.6,21.7161,118749.5,0.0126,118749.7,1.9927,118749.8,0.0252
1753769356786,06:09:16.786,coincatch,BTC/USDT:USDT,118749.6,21.7833,118749.5,0.0126,118749.7,1.9864,118749.8,0.0252
1753769356886,06:09:16.886,coincatch,BTC/USDT:USDT,118749.6,21.7833,118749.5,0.0126,118749.7,1.9864,118749.8,0.0252
1753769356986,06:09:16.986,coincatch,BTC/USDT:USDT,118749.6,21.7833,118749.5,0.0126,118749.7,1.9864,118749.8,0.0252
1753769357088,06:09:17.088,coincatch,BTC/USDT:USDT,118749.6,21.7833,118749.5,0.0126,118749.7,1.9864,118749.8,0.0252
1753769357188,06:09:17.188,coincatch,BTC/USDT:USDT,118749.6,21.7833,118749.5,0.0126,118749.7,1.9864,118749.8,0.0252
1753769357338,06:09:17.338,coincatch,BTC/USDT:USDT,118749.6,21.7749,118749.5,0.0126,118749.7,1.9944,118749.8,0.0252
1753769357439,06:09:17.439,coincatch,BTC/USDT:USDT,118749.6,21.7749,118749.5,0.0126,118749.7,1.9944,118749.8,0.0252
1753769357577,06:09:17.577,coincatch,BTC/USDT:USDT,118749.6,21.7875,118749.5,0.0126,118749.7,1.9902,118749.8,0.0252
1753769357838,06:09:17.838,coincatch,BTC/USDT:USDT,118749.6,22.2852,118749.5,0.0126,118749.7,1.9895,118749.8,0.0252
1753769357938,06:09:17.938,coincatch,BTC/USDT:USDT,118749.6,22.2852,118749.5,0.0126,118749.7,1.9895,118749.8,0.0252
1753769358043,06:09:18.043,coincatch,BTC/USDT:USDT,118749.6,22.2852,118749.5,0.0126,118749.7,1.9788,118749.8,0.0252
1753769358177,06:09:18.177,coincatch,BTC/USDT:USDT,118749.6,22.2852,118749.5,0.0126,118749.7,1.9788,118749.8,0.0252
1753769358290,06:09:18.290,coincatch,BTC/USDT:USDT,118749.6,21.336,118749.5,0.0126,118749.7,1.9755,118749.8,0.0252
1753769358477,06:09:18.477,coincatch,BTC/USDT:USDT,118749.6,21.336,118749.5,0.0126,118749.7,1.9755,118749.8,0.0252
1753769358738,06:09:18.738,coincatch,BTC/USDT:USDT,118749.6,21.3675,118749.5,0.0399,118749.7,1.9519,118749.8,0.0252
1753769358839,06:09:18.839,coincatch,BTC/USDT:USDT,118749.6,21.1344,118749.5,0.0126,118749.7,1.9627,118749.8,0.0252
1753769359039,06:09:19.039,coincatch,BTC/USDT:USDT,118749.6,21.1428,118749.5,0.0126,118749.7,1.9627,118749.8,0.0252
1753769359139,06:09:19.139,coincatch,BTC/USDT:USDT,118749.6,21.1428,118749.5,0.0126,118749.7,1.9627,118749.8,0.0252
1753769359391,06:09:19.391,coincatch,BTC/USDT:USDT,118749.6,21.1407,118749.5,0.0126,118749.7,1.9627,118749.8,0.0252
1753769359639,06:09:19.639,coincatch,BTC/USDT:USDT,118749.6,16.9344,118749.5,0.0126,118749.7,2.1437,118749.8,0.0336
1753769359790,06:09:19.790,coincatch,BTC/USDT:USDT,118749.6,19.8324,118749.5,0.0126,118749.7,2.1241,118749.8,0.0252
1753769359939,06:09:19.939,coincatch,BTC/USDT:USDT,118749.6,19.8324,118749.5,0.0126,118749.7,2.1241,118749.8,0.0252
1753769360039,06:09:20.039,coincatch,BTC/USDT:USDT,118749.6,19.9437,118749.5,1.2726,118749.7,2.042,118749.8,0.021
1753769360142,06:09:20.142,coincatch,BTC/USDT:USDT,118749.6,19.9437,118749.5,1.2726,118749.7,2.042,118749.8,0.021
1753769360291,06:09:20.291,coincatch,BTC/USDT:USDT,118749.6,19.9458,118749.5,1.2726,118749.7,2.0412,118749.8,0.0252
1753769360542,06:09:20.542,coincatch,BTC/USDT:USDT,118749.6,20.5695,118749.5,1.2726,118749.7,2.0166,118749.8,0.0336
1753769360690,06:09:20.690,coincatch,BTC/USDT:USDT,118749.6,20.5695,118749.5,1.2726,118749.7,2.0166,118749.8,0.0336
1753769360841,06:09:20.841,coincatch,BTC/USDT:USDT,118749.6,22.9572,118749.5,1.2726,118749.7,2.0061,118749.8,0.0336
1753769360942,06:09:20.942,coincatch,BTC/USDT:USDT,118749.6,22.9572,118749.5,1.2726,118749.7,2.0061,118749.8,0.0336
1753769361189,06:09:21.189,coincatch,BTC/USDT:USDT,118749.6,24.3012,118749.5,1.2726,118749.7,2.0061,118749.8,0.0336
1753769361290,06:09:21.290,coincatch,BTC/USDT:USDT,118749.6,24.3012,118749.5,1.2726,118749.7,2.0061,118749.8,0.0336
1753769361393,06:09:21.393,coincatch,BTC/USDT:USDT,118749.6,25.2652,118749.5,1.2726,118749.7,0.8788,118749.8,0.0252
1753769361493,06:09:21.493,coincatch,BTC/USDT:USDT,118749.6,25.2681,118749.5,1.2726,118749.7,0.8788,118749.8,0.0252
1753769361597,06:09:21.597,coincatch,BTC/USDT:USDT,118749.6,25.2679,118749.5,1.2726,118749.7,0.7407,118749.8,0.0252
1753769361700,06:09:21.700,coincatch,BTC/USDT:USDT,118749.6,25.2634,118749.5,1.2726,118749.7,0.7407,118749.8,0.0252
1753769361841,06:09:21.841,coincatch,BTC/USDT:USDT,118749.6,25.2662,118749.5,1.2726,118749.7,0.7402,118749.8,0.0252
1753769361941,06:09:21.941,coincatch,BTC/USDT:USDT,118749.6,25.2635,118749.5,1.2726,118749.7,0.7402,118749.8,0.0252
1753769362091,06:09:22.091,coincatch,BTC/USDT:USDT,118749.6,25.2635,118749.5,1.2999,118749.7,0.751,118749.8,0.0252
1753769362191,06:09:22.191,coincatch,BTC/USDT:USDT,118749.6,25.2679,118749.5,1.2999,118749.7,0.751,118749.8,0.0252
1753769362341,06:09:22.341,coincatch,BTC/USDT:USDT,118749.6,25.2642,118749.5,1.2999,118749.7,0.7934,118749.8,0.0252
1753769362441,06:09:22.441,coincatch,BTC/USDT:USDT,118749.6,25.2643,118749.5,1.2999,118749.7,0.7934,118749.8,0.0252
1753769362543,06:09:22.543,coincatch,BTC/USDT:USDT,118749.6,25.264,118749.5,1.2999,118749.7,0.7934,118749.8,0.0252
1753769362644,06:09:22.644,coincatch,BTC/USDT:USDT,118749.6,25.2679,118749.5,1.2999,118749.7,0.7833,118749.8,0.0252
1753769362792,06:09:22.792,coincatch,BTC/USDT:USDT,118749.6,25.2666,118749.5,1.2999,118749.7,0.7833,118749.8,0.0252
1753769362893,06:09:22.893,coincatch,BTC/USDT:USDT,118749.6,25.2638,118749.5,1.2999,118749.7,0.7833,118749.8,0.0252
1753769362994,06:09:22.994,coincatch,BTC/USDT:USDT,118749.6,25.265,118749.5,1.2999,118749.7,0.7833,118749.8,0.0252
1753769363294,06:09:23.294,coincatch,BTC/USDT:USDT,118749.6,25.2682,118749.5,1.2999,118749.7,0.7762,118749.8,0.0252
1753769363395,06:09:23.395,coincatch,BTC/USDT:USDT,118749.6,25.2673,118749.5,1.2999,118749.7,0.7762,118749.8,0.0252
1753769363534,06:09:23.534,coincatch,BTC/USDT:USDT,118749.6,25.2622,118749.5,1.2999,118749.7,0.7762,118749.8,0.0252
1753769363644,06:09:23.644,coincatch,BTC/USDT:USDT,118749.6,25.2664,118749.5,1.2999,118749.7,0.7757,118749.8,0.0252
1753769363745,06:09:23.745,coincatch,BTC/USDT:USDT,118749.6,25.2655,118749.5,1.2999,118749.7,0.7757,118749.8,0.0252
1753769363891,06:09:23.891,coincatch,BTC/USDT:USDT,118749.6,24.1122,118749.5,1.2999,118749.7,0.7871,118749.8,0.0252
1753769363992,06:09:23.992,coincatch,BTC/USDT:USDT,118749.6,24.1122,118749.5,1.2999,118749.7,0.7871,118749.8,0.0252
1753769364143,06:09:24.143,coincatch,BTC/USDT:USDT,118749.6,23.184,118749.5,2.2176,118749.7,0.7942,118749.8,0.0252
1753769364245,06:09:24.245,coincatch,BTC/USDT:USDT,118749.6,23.184,118749.5,2.2176,118749.7,0.7942,118749.8,0.0252
1753769364345,06:09:24.345,coincatch,BTC/USDT:USDT,118749.6,23.7657,118749.5,2.2176,118749.7,0.7923,118749.8,0.0252
1753769364445,06:09:24.445,coincatch,BTC/USDT:USDT,118749.6,23.7657,118749.5,2.2176,118749.7,0.7923,118749.8,0.0252
1753769364592,06:09:24.592,coincatch,BTC/USDT:USDT,118749.6,23.6712,118749.5,2.2176,118749.7,0.7925,118749.8,0.0252
1753769364692,06:09:24.692,coincatch,BTC/USDT:USDT,118749.6,23.6712,118749.5,2.2176,118749.7,0.7925,118749.8,0.0252
1753769364793,06:09:24.793,coincatch,BTC/USDT:USDT,118749.6,23.6712,118749.5,2.2176,118749.7,0.7925,118749.8,0.0252
1753769364893,06:09:24.893,coincatch,BTC/USDT:USDT,118749.6,23.4654,118749.5,2.2176,118749.7,0.793,118749.8,0.0252
1753769364993,06:09:24.993,coincatch,BTC/USDT:USDT,118749.6,23.4654,118749.5,2.2176,118749.7,0.793,118749.8,0.0252
1753769365094,06:09:25.094,coincatch,BTC/USDT:USDT,118749.6,23.4654,118749.5,2.2176,118749.7,0.793,118749.8,0.0252
1753769365193,06:09:25.193,coincatch,BTC/USDT:USDT,118749.6,23.4612,118749.5,2.2176,118749.7,0.7936,118749.8,0.0336
1753769365294,06:09:25.294,coincatch,BTC/USDT:USDT,118749.6,23.4612,118749.5,2.2176,118749.7,0.7936,118749.8,0.0336
1753769365396,06:09:25.396,coincatch,BTC/USDT:USDT,118749.6,23.8896,118749.5,2.2176,118749.7,0.7825,118749.8,0.0336
1753769365497,06:09:25.497,coincatch,BTC/USDT:USDT,118749.6,23.8896,118749.5,2.2176,118749.7,0.7825,118749.8,0.0336
1753769365642,06:09:25.642,coincatch,BTC/USDT:USDT,118749.6,12.5118,118749.5,0.0105,118749.7,2.5093,118749.8,0.0462
1753769365744,06:09:25.744,coincatch,BTC/USDT:USDT,118749.6,12.5118,118749.5,0.0105,118749.7,2.5093,118749.8,0.0462
1753769365846,06:09:25.846,coincatch,BTC/USDT:USDT,118749.6,12.5118,118749.5,0.0105,118749.7,2.5093,118749.8,0.0462
1753769365990,06:09:25.990,coincatch,BTC/USDT:USDT,118749.6,7.6566,118749.5,0.0105,118749.7,2.3936,118749.8,0.0462
1753769366094,06:09:26.094,coincatch,BTC/USDT:USDT,118749.6,7.6566,118749.5,0.0105,118749.7,2.3936,118749.8,0.0462
1753769366195,06:09:26.195,coincatch,BTC/USDT:USDT,118749.6,9.0804,118749.5,0.0105,118749.7,2.3549,118749.8,0.0462
1753769366296,06:09:26.296,coincatch,BTC/USDT:USDT,118749.6,9.0804,118749.5,0.0105,118749.7,2.3549,118749.8,0.0462
1753769366446,06:09:26.446,coincatch,BTC/USDT:USDT,118749.6,2.6019,118749.5,0.01,118749.7,2.7203,118749.8,0.042
1753769366595,06:09:26.595,coincatch,BTC/USDT:USDT,118749.6,2.6019,118749.5,0.01,118749.7,2.7203,118749.8,0.042
1753769366696,06:09:26.696,coincatch,BTC/USDT:USDT,118749.6,2.3184,118749.5,0.01,118749.7,2.6441,118749.8,0.042
1753769366845,06:09:26.845,coincatch,BTC/USDT:USDT,118749.6,2.3184,118749.5,0.01,118749.7,2.6441,118749.8,0.042
1753769366995,06:09:26.995,coincatch,BTC/USDT:USDT,118749.6,6.5793,118749.5,0.01,118749.7,2.34,118749.8,0.042
1753769367147,06:09:27.147,coincatch,BTC/USDT:USDT,118749.6,3.4251,118749.5,0.01,118749.7,2.3428,118749.8,0.042
1753769367252,06:09:27.252,coincatch,BTC/USDT:USDT,118749.6,3.4251,118749.5,0.01,118749.7,2.3428,118749.8,0.042
1753769367395,06:09:27.395,coincatch,BTC/USDT:USDT,118749.6,3.4419,118749.5,0.01,118749.7,2.314,118749.8,0.042
1753769367497,06:09:27.497,coincatch,BTC/USDT:USDT,118749.6,3.4419,118749.5,0.01,118749.7,2.314,118749.8,0.042
1753769367645,06:09:27.645,coincatch,BTC/USDT:USDT,118749.6,6.6318,118749.5,0.01,118749.7,2.3417,118749.8,0.0378
1753769367945,06:09:27.945,coincatch,BTC/USDT:USDT,118749.6,3.6939,118749.5,0.01,118749.7,2.2947,118749.8,0.042
1753769368047,06:09:28.047,coincatch,BTC/USDT:USDT,118749.6,3.6939,118749.5,0.01,118749.7,2.2947,118749.8,0.042
1753769368192,06:09:28.192,coincatch,BTC/USDT:USDT,118749.6,2.8413,118749.5,0.01,118749.7,2.34,118749.8,0.042
1753769368295,06:09:28.295,coincatch,BTC/USDT:USDT,118749.6,2.8413,118749.5,0.01,118749.7,2.34,118749.8,0.042
1753769368396,06:09:28.396,coincatch,BTC/USDT:USDT,118749.6,2.4654,118749.5,0.01,118749.7,2.34,118749.8,0.042
1753769368896,06:09:28.896,coincatch,BTC/USDT:USDT,118749.6,3.2697,118749.5,0.01,118749.7,2.3373,118749.8,0.042
1753769368998,06:09:28.998,coincatch,BTC/USDT:USDT,118749.6,3.2697,118749.5,0.01,118749.7,2.3373,118749.8,0.042
1753769369098,06:09:29.098,coincatch,BTC/USDT:USDT,118749.6,3.2697,118749.5,0.01,118749.7,2.3373,118749.8,0.042
1753769369198,06:09:29.198,coincatch,BTC/USDT:USDT,118749.6,3.2697,118749.5,0.01,118749.7,2.3373,118749.8,0.042
1753769369298,06:09:29.298,coincatch,BTC/USDT:USDT,118749.6,3.2697,118749.5,0.01,118749.7,2.3373,118749.8,0.042
1753769369447,06:09:29.447,coincatch,BTC/USDT:USDT,118749.6,7.0623,118749.5,0.01,118749.7,2.1995,118749.8,0.042
1753769369548,06:09:29.548,coincatch,BTC/USDT:USDT,118749.6,7.0623,118749.5,0.01,118749.7,2.1995,118749.8,0.042
1753769369697,06:09:29.697,coincatch,BTC/USDT:USDT,118749.6,3.6015,118749.5,0.01,118749.7,2.3579,118749.8,0.042
1753769369797,06:09:29.797,coincatch,BTC/USDT:USDT,118749.6,3.6015,118749.5,0.01,118749.7,2.3579,118749.8,0.042
1753769369898,06:09:29.898,coincatch,BTC/USDT:USDT,118749.6,3.6015,118749.5,0.01,118749.7,2.3579,118749.8,0.042
1753769370047,06:09:30.047,coincatch,BTC/USDT:USDT,118749.6,3.6057,118749.5,0.01,118749.7,2.364,118749.8,0.042
1753769370198,06:09:30.198,coincatch,BTC/USDT:USDT,118749.6,3.6099,118749.5,0.01,118749.7,2.3644,118749.8,0.042
1753769370349,06:09:30.349,coincatch,BTC/USDT:USDT,118749.6,3.6099,118749.5,0.01,118749.7,2.3644,118749.8,0.042
1753769370499,06:09:30.499,coincatch,BTC/USDT:USDT,118749.6,6.9237,118749.5,0.01,118749.7,2.339,118749.8,0.042
1753769370600,06:09:30.600,coincatch,BTC/USDT:USDT,118749.6,6.9237,118749.5,0.01,118749.7,2.339,118749.8,0.042
1753769370700,06:09:30.700,coincatch,BTC/USDT:USDT,118749.6,6.9258,118749.5,0.01,118749.7,2.3388,118749.8,0.0462
1753769370803,06:09:30.803,coincatch,BTC/USDT:USDT,118749.6,6.9258,118749.5,0.01,118749.7,2.3388,118749.8,0.0462
1753769371053,06:09:31.053,coincatch,BTC/USDT:USDT,118737.1,5.2857,118737.0,0.01,118737.2,4.2235,118737.3,0.01
1753769371153,06:09:31.153,coincatch,BTC/USDT:USDT,118737.1,5.2857,118737.0,0.01,118737.2,4.2235,118737.3,0.01
1753769371302,06:09:31.302,coincatch,BTC/USDT:USDT,118737.1,10.185,118737.0,0.01,118737.2,4.1341,118737.3,0.01
1753769371402,06:09:31.402,coincatch,BTC/USDT:USDT,118737.1,10.185,118737.0,0.01,118737.2,4.1341,118737.3,0.01
1753769371550,06:09:31.550,coincatch,BTC/USDT:USDT,118737.1,10.6071,118737.0,0.0105,118737.2,4.1135,118737.3,0.01
1753769371653,06:09:31.653,coincatch,BTC/USDT:USDT,118737.1,10.6071,118737.0,0.0105,118737.2,4.1135,118737.3,0.01
1753769371755,06:09:31.755,coincatch,BTC/USDT:USDT,118737.1,9.4626,118737.0,0.0105,118737.2,4.2397,118737.3,0.0168
1753769371904,06:09:31.904,coincatch,BTC/USDT:USDT,118737.1,9.4626,118737.0,0.0105,118737.2,4.2397,118737.3,0.0168
1753769372053,06:09:32.053,coincatch,BTC/USDT:USDT,118737.1,7.2597,118737.0,0.01,118737.2,4.2451,118737.3,0.0168
1753769372154,06:09:32.154,coincatch,BTC/USDT:USDT,118735.0,7.2597,118734.9,0.01,118737.2,4.2451,118737.3,0.0168
1753769372259,06:09:32.259,coincatch,BTC/USDT:USDT,118735.0,2.016,118734.7,0.0252,118735.1,5.4955,118735.2,0.01
1753769372404,06:09:32.404,coincatch,BTC/USDT:USDT,118734.2,2.016,118733.9,0.0252,118735.1,5.4955,118735.2,0.01
1753769372551,06:09:32.551,coincatch,BTC/USDT:USDT,118734.2,0.4263,118733.9,0.0252,118735.1,6.069,118735.2,0.01
1753769372656,06:09:32.656,coincatch,BTC/USDT:USDT,118734.2,0.4263,118733.9,0.0252,118735.1,6.069,118735.2,0.01
1753769372805,06:09:32.805,coincatch,BTC/USDT:USDT,118734.2,0.3276,118734.1,0.0126,118734.3,6.1778,118734.4,0.0126
1753769372905,06:09:32.905,coincatch,BTC/USDT:USDT,118734.2,0.3276,118734.1,0.0126,118734.3,6.1778,118734.4,0.0126
1753769373005,06:09:33.005,coincatch,BTC/USDT:USDT,118734.2,0.8673,118734.1,0.0126,118734.3,5.4703,118734.4,0.0126
1753769373155,06:09:33.155,coincatch,BTC/USDT:USDT,118734.2,0.8673,118734.1,0.0126,118734.3,5.4703,118734.4,0.0126
1753769373255,06:09:33.255,coincatch,BTC/USDT:USDT,118734.2,4.9518,118734.1,0.0126,118734.3,4.5811,118734.4,0.0126
1753769373501,06:09:33.501,coincatch,BTC/USDT:USDT,118734.2,4.9833,118734.1,0.0126,118734.3,4.5809,118734.4,0.0231
1753769373607,06:09:33.607,coincatch,BTC/USDT:USDT,118734.2,4.9833,118734.1,0.0126,118734.3,4.5809,118734.4,0.0231
1753769373755,06:09:33.755,coincatch,BTC/USDT:USDT,118734.2,0.9576,118734.1,0.0126,118734.3,5.015,118734.4,0.0231
1753769373855,06:09:33.855,coincatch,BTC/USDT:USDT,118734.2,0.9576,118734.1,0.0126,118734.3,5.015,118734.4,0.0231
1753769373955,06:09:33.955,coincatch,BTC/USDT:USDT,118729.9,0.4263,118729.8,0.0126,118734.3,5.1656,118734.4,0.0231
1753769374056,06:09:34.056,coincatch,BTC/USDT:USDT,118729.9,0.4263,118729.8,0.0126,118734.3,5.1656,118734.4,0.0231
1753769374158,06:09:34.158,coincatch,BTC/USDT:USDT,118729.9,9.1077,118729.8,0.0168,118730.0,3.9726,118730.1,0.01
1753769374656,06:09:34.656,coincatch,BTC/USDT:USDT,118729.9,9.1266,118729.8,0.0168,118730.0,4.1383,118730.1,0.0126
1753769374757,06:09:34.757,coincatch,BTC/USDT:USDT,118729.9,9.1266,118729.8,0.0168,118730.0,4.1383,118730.1,0.0126
1753769374912,06:09:34.912,coincatch,BTC/USDT:USDT,118729.9,9.7104,118729.8,0.0168,118730.0,4.1437,118730.1,0.0126
1753769375058,06:09:35.058,coincatch,BTC/USDT:USDT,118729.9,9.7104,118729.8,0.0168,118730.0,4.1437,118730.1,0.0126
1753769375244,06:09:35.244,coincatch,BTC/USDT:USDT,118729.9,9.6894,118729.8,0.0168,118730.0,4.2132,118730.1,0.0357
1753769375370,06:09:35.370,coincatch,BTC/USDT:USDT,118729.9,9.6894,118729.8,0.0168,118730.0,4.2132,118730.1,0.0357
1753769375518,06:09:35.518,coincatch,BTC/USDT:USDT,118729.9,9.597,118729.8,0.0168,118730.0,4.2118,118730.1,0.0357
1753769375618,06:09:35.618,coincatch,BTC/USDT:USDT,118729.9,9.597,118729.8,0.0168,118730.0,4.2118,118730.1,0.0357
1753769375855,06:09:35.855,coincatch,BTC/USDT:USDT,118729.9,10.983,118729.8,0.0168,118730.0,4.2109,118730.1,0.0399
1753769375971,06:09:35.971,coincatch,BTC/USDT:USDT,118729.9,10.3509,118729.8,0.0168,118730.0,4.2109,118730.1,0.0357
1753769376118,06:09:36.118,coincatch,BTC/USDT:USDT,118729.9,10.3509,118729.8,0.0168,118730.0,4.2109,118730.1,0.0357
1753769376218,06:09:36.218,coincatch,BTC/USDT:USDT,118729.9,10.3509,118729.8,0.0168,118730.0,4.2611,118730.1,0.0357
1753769376318,06:09:36.318,coincatch,BTC/USDT:USDT,118729.9,10.3509,118729.8,0.0168,118730.0,4.2611,118730.1,0.0357
1753769376427,06:09:36.427,coincatch,BTC/USDT:USDT,118729.9,10.3887,118729.8,0.0168,118730.0,4.2584,118730.1,0.0399
1753769376570,06:09:36.570,coincatch,BTC/USDT:USDT,118729.9,10.3887,118729.8,0.0168,118730.0,4.2584,118730.1,0.0399
1753769376722,06:09:36.722,coincatch,BTC/USDT:USDT,118729.9,10.3908,118729.8,0.0168,118730.0,4.2605,118730.1,0.0399
1753769376861,06:09:36.861,coincatch,BTC/USDT:USDT,118729.9,10.3908,118729.8,0.0168,118730.0,4.2605,118730.1,0.0399
1753769376971,06:09:36.971,coincatch,BTC/USDT:USDT,118729.9,10.3677,118729.8,0.0168,118730.0,4.2029,118730.1,0.0399
1753769377104,06:09:37.104,coincatch,BTC/USDT:USDT,118729.9,10.3677,118729.8,0.0168,118730.0,4.2029,118730.1,0.0399
1753769377218,06:09:37.218,coincatch,BTC/USDT:USDT,118729.9,10.3677,118729.8,0.0168,118730.0,4.2027,118730.1,0.0399
1753769377369,06:09:37.369,coincatch,BTC/USDT:USDT,118729.9,10.3677,118729.8,0.0168,118730.0,4.2027,118730.1,0.0399
1753769377469,06:09:37.469,coincatch,BTC/USDT:USDT,118729.9,10.5399,118729.8,0.0168,118730.0,4.2542,118730.1,0.0399
1753769377569,06:09:37.569,coincatch,BTC/USDT:USDT,118729.9,10.5399,118729.8,0.0168,118730.0,4.2542,118730.1,0.0399
1753769377670,06:09:37.670,coincatch,BTC/USDT:USDT,118729.9,10.689,118729.8,0.0168,118730.0,4.3281,118730.1,0.0441
1753769377772,06:09:37.772,coincatch,BTC/USDT:USDT,118729.9,10.689,118729.8,0.0168,118730.0,4.3281,118730.1,0.0441
1753769377874,06:09:37.874,coincatch,BTC/USDT:USDT,118729.9,10.6785,118729.8,0.021,118730.0,4.326,118730.1,0.0441
1753769378005,06:09:38.005,coincatch,BTC/USDT:USDT,118729.9,10.6785,118729.8,0.021,118730.0,4.326,118730.1,0.0441
1753769378121,06:09:38.121,coincatch,BTC/USDT:USDT,118729.9,10.668,118729.8,0.021,118730.0,4.2412,118730.1,0.0399
1753769378222,06:09:38.222,coincatch,BTC/USDT:USDT,118729.9,10.668,118729.8,0.021,118730.0,4.2412,118730.1,0.0399
1753769378323,06:09:38.323,coincatch,BTC/USDT:USDT,118729.9,10.668,118729.8,0.021,118730.0,4.2412,118730.1,0.0399
1753769378455,06:09:38.455,coincatch,BTC/USDT:USDT,118729.9,10.3467,118729.8,0.0231,118730.0,4.2405,118730.1,0.0399
1753769378571,06:09:38.571,coincatch,BTC/USDT:USDT,118729.9,10.3467,118729.8,0.0231,118730.0,4.2405,118730.1,0.0399
1753769378672,06:09:38.672,coincatch,BTC/USDT:USDT,118729.9,1.7052,118729.8,0.021,118730.0,4.5937,118730.1,0.0399
1753769378822,06:09:38.822,coincatch,BTC/USDT:USDT,118729.9,1.7052,118729.8,0.021,118730.0,4.5937,118730.1,0.0399
1753769378924,06:09:38.924,coincatch,BTC/USDT:USDT,118727.1,0.01,118726.9,0.01,118727.5,1.9368,118727.8,0.483
1753769379055,06:09:39.055,coincatch,BTC/USDT:USDT,118727.1,0.01,118726.9,0.01,118727.5,1.9368,118727.8,0.483
1753769379172,06:09:39.172,coincatch,BTC/USDT:USDT,118727.1,0.0147,118726.8,0.01,118727.2,7.0098,118727.3,1.2915
1753769379274,06:09:39.274,coincatch,BTC/USDT:USDT,118727.1,0.0147,118726.8,0.01,118727.2,7.0098,118727.3,1.2915
1753769379424,06:09:39.424,coincatch,BTC/USDT:USDT,118727.1,0.021,118726.8,0.01,118727.2,6.8292,118727.3,1.5498
1753769379526,06:09:39.526,coincatch,BTC/USDT:USDT,118727.1,0.021,118726.8,0.01,118727.2,6.8292,118727.3,1.5498
1753769379656,06:09:39.656,coincatch,BTC/USDT:USDT,118727.1,0.0105,118726.8,0.01,118727.2,6.8823,118727.3,1.554
1753769379773,06:09:39.773,coincatch,BTC/USDT:USDT,118727.1,0.0105,118726.8,0.01,118727.2,6.8823,118727.3,1.554
1753769379874,06:09:39.874,coincatch,BTC/USDT:USDT,118727.1,0.0252,118726.8,0.01,118727.2,7.2801,118727.3,1.5582
1753769379974,06:09:39.974,coincatch,BTC/USDT:USDT,118727.1,0.0252,118726.8,0.01,118727.2,7.2801,118727.3,1.5582
1753769380106,06:09:40.106,coincatch,BTC/USDT:USDT,118727.1,0.0252,118726.8,0.01,118727.2,7.2801,118727.3,1.5582
1753769380222,06:09:40.222,coincatch,BTC/USDT:USDT,118727.1,0.0252,118726.8,0.01,118727.2,7.2217,118727.3,1.5582
1753769380322,06:09:40.322,coincatch,BTC/USDT:USDT,118727.1,0.0252,118726.8,0.01,118727.2,7.2217,118727.3,1.5582
1753769380424,06:09:40.424,coincatch,BTC/USDT:USDT,118727.1,0.0483,118726.8,0.01,118727.2,7.4327,118727.3,1.5582
1753769380556,06:09:40.556,coincatch,BTC/USDT:USDT,118727.1,0.0483,118726.8,0.01,118727.2,7.4327,118727.3,1.5582
1753769380675,06:09:40.675,coincatch,BTC/USDT:USDT,118727.1,0.1218,118726.8,0.01,118727.2,7.0871,118727.3,1.5582
1753769380827,06:09:40.827,coincatch,BTC/USDT:USDT,118727.1,0.1218,118726.8,0.01,118727.2,7.0871,118727.3,1.5582
1753769380974,06:09:40.974,coincatch,BTC/USDT:USDT,118727.1,0.1218,118726.8,0.01,118727.2,6.6087,118727.3,1.5666
1753769381076,06:09:41.076,coincatch,BTC/USDT:USDT,118727.1,0.1218,118726.8,0.01,118727.2,6.6087,118727.3,1.5666
1753769381225,06:09:41.225,coincatch,BTC/USDT:USDT,118727.1,0.1407,118726.8,0.01,118727.2,6.4783,118727.3,1.5582
1753769381327,06:09:41.327,coincatch,BTC/USDT:USDT,118727.1,0.1407,118726.8,0.01,118727.2,6.4783,118727.3,1.5582
1753769381430,06:09:41.430,coincatch,BTC/USDT:USDT,118727.1,0.2583,118726.8,0.01,118727.2,6.4273,118727.3,1.5582
1753769381577,06:09:41.577,coincatch,BTC/USDT:USDT,118727.1,0.2583,118726.8,0.01,118727.2,6.4273,118727.3,1.5582
1753769381728,06:09:41.728,coincatch,BTC/USDT:USDT,118727.1,0.2604,118726.8,0.01,118727.2,6.4273,118727.3,1.5582
1753769381828,06:09:41.828,coincatch,BTC/USDT:USDT,118727.1,0.2604,118726.8,0.01,118727.2,6.4273,118727.3,1.5582
1753769381929,06:09:41.929,coincatch,BTC/USDT:USDT,118727.1,0.2583,118726.8,0.01,118727.2,6.4468,118727.3,1.5582
1753769382029,06:09:42.029,coincatch,BTC/USDT:USDT,118727.1,0.2583,118726.8,0.01,118727.2,6.4468,118727.3,1.5582
1753769382428,06:09:42.428,coincatch,BTC/USDT:USDT,118726.0,0.1512,118725.9,0.01,118726.1,7.2011,118726.2,0.01
1753769382532,06:09:42.532,coincatch,BTC/USDT:USDT,118726.0,0.1512,118725.9,0.01,118726.1,7.2011,118726.2,0.01
1753769382658,06:09:42.658,coincatch,BTC/USDT:USDT,118726.0,0.168,118725.9,0.01,118726.1,7.2654,118726.2,0.01
1753769382781,06:09:42.781,coincatch,BTC/USDT:USDT,118726.0,0.168,118725.9,0.01,118726.1,7.2654,118726.2,0.01
1753769382982,06:09:42.982,coincatch,BTC/USDT:USDT,118726.0,0.168,118725.9,0.01,118726.1,7.0163,118726.2,0.0168
1753769383108,06:09:43.108,coincatch,BTC/USDT:USDT,118726.0,0.168,118725.9,0.01,118726.1,7.0096,118726.2,0.0126
1753769383235,06:09:43.235,coincatch,BTC/USDT:USDT,118726.0,0.168,118725.9,0.01,118726.1,7.0096,118726.2,0.0126
1753769383382,06:09:43.382,coincatch,BTC/USDT:USDT,118726.0,0.1764,118725.9,0.01,118726.1,7.086,118726.2,0.0126
1753769383532,06:09:43.532,coincatch,BTC/USDT:USDT,118722.9,0.1764,118722.8,0.01,118726.1,7.086,118726.2,0.0126
1753769383682,06:09:43.682,coincatch,BTC/USDT:USDT,118722.9,2.3121,118722.8,0.01,118723.0,6.3819,118723.1,0.5229
1753769383831,06:09:43.831,coincatch,BTC/USDT:USDT,118722.9,2.3121,118722.8,0.01,118723.0,6.3819,118723.1,0.5229
1753769383931,06:09:43.931,coincatch,BTC/USDT:USDT,118722.9,6.0606,118722.8,0.0126,118723.0,5.872,118723.1,0.5397
1753769384032,06:09:44.032,coincatch,BTC/USDT:USDT,118722.9,6.0606,118722.8,0.0126,118723.0,5.872,118723.1,0.5397
1753769384159,06:09:44.159,coincatch,BTC/USDT:USDT,118722.9,6.1026,118722.8,0.0126,118723.0,5.9902,118723.1,0.3318
1753769384282,06:09:44.282,coincatch,BTC/USDT:USDT,118722.9,6.1026,118722.8,0.0126,118723.0,5.9902,118723.1,0.3318
1753769384488,06:09:44.488,coincatch,BTC/USDT:USDT,118722.9,6.0858,118722.8,0.0126,118723.0,6.0793,118723.1,0.3318
1753769384609,06:09:44.609,coincatch,BTC/USDT:USDT,118722.9,6.0858,118722.8,0.0126,118723.0,6.0793,118723.1,0.3318
1753769384734,06:09:44.734,coincatch,BTC/USDT:USDT,118722.9,6.6255,118722.8,0.0126,118723.0,5.8122,118723.1,0.3318
1753769384883,06:09:44.883,coincatch,BTC/USDT:USDT,118722.9,6.6129,118722.8,0.0126,118723.0,5.552,118723.1,0.336
1753769384983,06:09:44.983,coincatch,BTC/USDT:USDT,118722.9,6.6129,118722.8,0.0126,118723.0,5.552,118723.1,0.336
1753769385084,06:09:45.084,coincatch,BTC/USDT:USDT,118722.9,6.6129,118722.8,0.0126,118723.0,5.552,118723.1,0.336
1753769385210,06:09:45.210,coincatch,BTC/USDT:USDT,118722.9,6.615,118722.8,0.0126,118723.0,5.5516,118723.1,0.3759
1753769385435,06:09:45.435,coincatch,BTC/USDT:USDT,118722.9,6.6171,118722.8,0.0126,118723.0,5.5847,118723.1,0.3759
1753769385535,06:09:45.535,coincatch,BTC/USDT:USDT,118722.9,6.6171,118722.8,0.0126,118723.0,5.5847,118723.1,0.3759
1753769385660,06:09:45.660,coincatch,BTC/USDT:USDT,118722.9,6.6171,118722.8,0.0126,118723.0,5.4724,118723.1,0.3759
1753769385783,06:09:45.783,coincatch,BTC/USDT:USDT,118722.9,6.6171,118722.8,0.0126,118723.0,5.4724,118723.1,0.3759
1753769385883,06:09:45.883,coincatch,BTC/USDT:USDT,118722.9,6.6759,118722.8,0.0126,118723.0,5.4694,118723.1,0.3801
1753769385984,06:09:45.984,coincatch,BTC/USDT:USDT,118722.9,6.6759,118722.8,0.0126,118723.0,5.4694,118723.1,0.3801
1753769386086,06:09:46.086,coincatch,BTC/USDT:USDT,118722.9,6.6759,118722.8,0.0126,118723.0,5.4694,118723.1,0.3801
1753769386233,06:09:46.233,coincatch,BTC/USDT:USDT,118722.9,6.6759,118722.8,0.0126,118723.0,5.5341,118723.1,0.3759
1753769386386,06:09:46.386,coincatch,BTC/USDT:USDT,118722.9,0.693,118722.8,0.0126,118723.0,5.9495,118723.1,0.3759
1753769386532,06:09:46.532,coincatch,BTC/USDT:USDT,118722.9,0.693,118722.8,0.0126,118723.0,5.9495,118723.1,0.3759
1753769386889,06:09:46.889,coincatch,BTC/USDT:USDT,118722.9,5.6721,118722.8,0.0126,118723.0,5.8325,118723.1,0.3759
1753769387011,06:09:47.011,coincatch,BTC/USDT:USDT,118722.9,5.6721,118722.8,0.0126,118723.0,5.8325,118723.1,0.3759
1753769387237,06:09:47.237,coincatch,BTC/USDT:USDT,118722.9,5.6805,118722.8,0.0126,118723.0,5.8827,118723.1,0.3759
1753769387387,06:09:47.387,coincatch,BTC/USDT:USDT,118722.9,5.6805,118722.8,0.0126,118723.0,5.8827,118723.1,0.3759
1753769387537,06:09:47.537,coincatch,BTC/USDT:USDT,118722.9,5.7078,118722.8,0.5124,118723.0,5.872,118723.1,0.3759
1753769387789,06:09:47.789,coincatch,BTC/USDT:USDT,118722.9,4.7586,118722.8,0.5124,118723.0,5.8621,118723.1,0.3801
1753769387899,06:09:47.899,coincatch,BTC/USDT:USDT,118722.9,4.7586,118722.8,0.5124,118723.0,5.8621,118723.1,0.3801
1753769388038,06:09:48.038,coincatch,BTC/USDT:USDT,118722.9,4.6767,118722.8,0.5124,118723.0,5.8659,118723.1,0.3759
1753769388188,06:09:48.188,coincatch,BTC/USDT:USDT,118722.9,9.9918,118722.8,0.5124,118723.0,5.0037,118723.1,0.3675
1753769388336,06:09:48.336,coincatch,BTC/USDT:USDT,118722.9,9.9918,118722.8,0.5124,118723.0,5.0037,118723.1,0.3675
1753769388437,06:09:48.437,coincatch,BTC/USDT:USDT,118722.9,9.9834,118722.8,0.5124,118723.0,5.0553,118723.1,0.3675
1753769388537,06:09:48.537,coincatch,BTC/USDT:USDT,118722.9,9.9834,118722.8,0.5124,118723.0,5.0553,118723.1,0.3675
1753769388639,06:09:48.639,coincatch,BTC/USDT:USDT,118722.9,9.9834,118722.8,0.5124,118723.0,5.0553,118723.1,0.3675
1753769388787,06:09:48.787,coincatch,BTC/USDT:USDT,118722.9,9.9981,118722.8,0.5145,118723.0,5.0555,118723.1,0.3738
1753769389112,06:09:49.112,coincatch,BTC/USDT:USDT,118722.9,10.0065,118722.8,0.5145,118723.0,5.0555,118723.1,0.3738
1753769389386,06:09:49.386,coincatch,BTC/USDT:USDT,118722.9,6.5016,118722.8,0.5124,118723.0,5.1412,118723.1,0.3864
1753769389587,06:09:49.587,coincatch,BTC/USDT:USDT,118722.9,6.4743,118722.8,0.5124,118723.0,5.2909,118723.1,0.3822
1753769389690,06:09:49.690,coincatch,BTC/USDT:USDT,118722.9,6.531,118722.8,0.5124,118723.0,5.2853,118723.1,0.3822
1753769389837,06:09:49.837,coincatch,BTC/USDT:USDT,118722.9,6.531,118722.8,0.5124,118723.0,5.2853,118723.1,0.3822
1753769389939,06:09:49.939,coincatch,BTC/USDT:USDT,118722.9,18.081,118722.8,0.5124,118723.0,4.3464,118723.1,0.3738
1753769390040,06:09:50.040,coincatch,BTC/USDT:USDT,118722.9,18.081,118722.8,0.5124,118723.0,4.3464,118723.1,0.3738
1753769390141,06:09:50.141,coincatch,BTC/USDT:USDT,118722.9,18.081,118722.8,0.5124,118723.0,4.3464,118723.1,0.3738
1753769390288,06:09:50.288,coincatch,BTC/USDT:USDT,118722.9,17.892,118722.8,0.5124,118723.0,4.2443,118723.1,0.3738
1753769390537,06:09:50.537,coincatch,BTC/USDT:USDT,118722.9,17.3439,118722.8,0.5124,118723.0,4.2506,118723.1,0.3738
1753769390638,06:09:50.638,coincatch,BTC/USDT:USDT,118722.9,17.3439,118722.8,0.5124,118723.0,4.2506,118723.1,0.3738
1753769390740,06:09:50.740,coincatch,BTC/USDT:USDT,118722.9,16.9932,118722.8,0.5145,118723.0,4.2504,118723.1,0.3738
1753769390889,06:09:50.889,coincatch,BTC/USDT:USDT,118722.9,16.9932,118722.8,0.5145,118723.0,4.2504,118723.1,0.3738
1753769390991,06:09:50.991,coincatch,BTC/USDT:USDT,118722.9,17.4657,118722.8,0.5145,118723.0,4.2397,118723.1,0.3738
1753769391140,06:09:51.140,coincatch,BTC/USDT:USDT,118722.9,17.4657,118722.8,0.5145,118723.0,4.2397,118723.1,0.3738
1753769391252,06:09:51.252,coincatch,BTC/USDT:USDT,118722.9,17.0625,118722.8,0.5145,118723.0,4.2405,118723.1,0.3738
1753769391363,06:09:51.363,coincatch,BTC/USDT:USDT,118722.9,17.0625,118722.8,0.5145,118723.0,4.2405,118723.1,0.3738
1753769391488,06:09:51.488,coincatch,BTC/USDT:USDT,118722.9,12.7911,118722.8,0.5145,118723.0,4.229,118723.1,0.3738
1753769391589,06:09:51.589,coincatch,BTC/USDT:USDT,118722.9,12.7911,118722.8,0.5145,118723.0,4.229,118723.1,0.3738
1753769391692,06:09:51.692,coincatch,BTC/USDT:USDT,118722.9,6.7704,118722.8,0.5124,118723.0,4.4795,118723.1,0.3822
1753769391814,06:09:51.814,coincatch,BTC/USDT:USDT,118722.9,6.7704,118722.8,0.5124,118723.0,4.4795,118723.1,0.3822
1753769391941,06:09:51.941,coincatch,BTC/USDT:USDT,118722.9,5.9703,118722.8,0.5124,118723.0,4.4913,118723.1,0.3822
1753769392089,06:09:52.089,coincatch,BTC/USDT:USDT,118722.9,5.9703,118722.8,0.5124,118723.0,4.4913,118723.1,0.3822
1753769392190,06:09:52.190,coincatch,BTC/USDT:USDT,118722.9,1.4679,118722.8,0.5124,118723.0,4.4862,118723.1,0.3822
1753769392362,06:09:52.362,coincatch,BTC/USDT:USDT,118722.9,1.4679,118722.8,0.5124,118723.0,4.4862,118723.1,0.3822
1753769392489,06:09:52.489,coincatch,BTC/USDT:USDT,118722.9,1.4847,118722.8,0.5124,118723.0,4.5503,118723.1,0.3822
1753769392590,06:09:52.590,coincatch,BTC/USDT:USDT,118722.9,1.4847,118722.8,0.5124,118723.0,4.5503,118723.1,0.3822
1753769392714,06:09:52.714,coincatch,BTC/USDT:USDT,118722.9,1.8963,118722.8,0.5124,118723.0,4.5499,118723.1,0.3822
1753769392840,06:09:52.840,coincatch,BTC/USDT:USDT,118722.9,1.8963,118722.8,0.5124,118723.0,4.5499,118723.1,0.3822
1753769392989,06:09:52.989,coincatch,BTC/USDT:USDT,118722.9,1.5309,118722.8,0.5124,118723.0,4.5499,118723.1,0.3822
1753769393090,06:09:53.090,coincatch,BTC/USDT:USDT,118722.9,1.5309,118722.8,0.5124,118723.0,4.5499,118723.1,0.3822
1753769393240,06:09:53.240,coincatch,BTC/USDT:USDT,118722.9,1.6359,118722.8,0.5124,118723.0,4.8672,118723.1,0.3822
1753769393340,06:09:53.340,coincatch,BTC/USDT:USDT,118722.9,1.6359,118722.8,0.5124,118723.0,4.8672,118723.1,0.3822
1753769393465,06:09:53.465,coincatch,BTC/USDT:USDT,118722.9,1.6023,118722.8,0.5124,118723.0,4.8716,118723.1,0.3822
1753769393590,06:09:53.590,coincatch,BTC/USDT:USDT,118722.9,1.6023,118722.8,0.5124,118723.0,4.8716,118723.1,0.3822
1753769393692,06:09:53.692,coincatch,BTC/USDT:USDT,118722.9,1.6107,118722.8,0.5124,118723.0,4.7416,118723.1,0.3822
1753769393792,06:09:53.792,coincatch,BTC/USDT:USDT,118722.9,1.6107,118722.8,0.5124,118723.0,4.7416,118723.1,0.3822
1753769393915,06:09:53.915,coincatch,BTC/USDT:USDT,118722.9,1.6107,118722.8,0.5124,118723.0,4.7416,118723.1,0.3822
1753769394040,06:09:54.040,coincatch,BTC/USDT:USDT,118722.9,1.6107,118722.8,0.5124,118723.0,4.7206,118723.1,0.3822
1753769394140,06:09:54.140,coincatch,BTC/USDT:USDT,118722.9,1.6107,118722.8,0.5124,118723.0,4.7206,118723.1,0.3822
1753769394240,06:09:54.240,coincatch,BTC/USDT:USDT,118722.9,1.6758,118722.8,0.5124,118723.0,4.7206,118723.1,0.3822
1753769394343,06:09:54.343,coincatch,BTC/USDT:USDT,118722.9,1.6758,118722.8,0.5124,118723.0,4.7206,118723.1,0.3822
1753769394643,06:09:54.643,coincatch,BTC/USDT:USDT,118722.9,1.4847,118722.8,0.5124,118723.0,4.7204,118723.1,0.3822
1753769394791,06:09:54.791,coincatch,BTC/USDT:USDT,118722.9,6.9951,118722.8,0.5124,118723.0,4.5795,118723.1,0.3822
1753769394991,06:09:54.991,coincatch,BTC/USDT:USDT,118722.9,6.4386,118722.8,0.5124,118723.0,4.4575,118723.1,0.3864
1753769395092,06:09:55.092,coincatch,BTC/USDT:USDT,118722.9,6.4386,118722.8,0.5124,118723.0,4.4575,118723.1,0.3864
1753769395247,06:09:55.247,coincatch,BTC/USDT:USDT,118722.9,6.4218,118722.8,0.5124,118723.0,4.4596,118723.1,0.3822
1753769395392,06:09:55.392,coincatch,BTC/USDT:USDT,118722.9,6.4218,118722.8,0.5124,118723.0,4.4596,118723.1,0.3822
1753769395492,06:09:55.492,coincatch,BTC/USDT:USDT,118722.9,6.9951,118722.8,0.5124,118723.0,4.4375,118723.1,0.3738
1753769395593,06:09:55.593,coincatch,BTC/USDT:USDT,118722.9,6.9951,118722.8,0.5124,118723.0,4.4375,118723.1,0.3738
1753769395843,06:09:55.843,coincatch,BTC/USDT:USDT,118722.9,7.2324,118722.8,0.5124,118723.0,4.3014,118723.1,0.3822
1753769396143,06:09:56.143,coincatch,BTC/USDT:USDT,118722.9,6.7053,118722.8,0.5124,118723.0,4.3014,118723.1,0.3906
1753769396243,06:09:56.243,coincatch,BTC/USDT:USDT,118722.9,6.6423,118722.8,0.5124,118723.0,4.4339,118723.1,0.3906
