timestamp,time,exchange,symbol,bid1_price,bid1_volume,bid2_price,bid2_volume,ask1_price,ask1_volume,ask2_price,ask2_volume
1753769526141,06:12:06.141,bybit,BTC/USDT:USDT,118820.9,12.982,118820.8,0.312,118821.0,10.988,118821.1,0.001
1753769526441,06:12:06.441,bybit,BTC/USDT:USDT,118820.9,12.983,118820.8,0.312,118821.0,11.073,118821.1,0.001
1753769526541,06:12:06.541,bybit,BTC/USDT:USDT,118820.9,12.983,118820.8,0.312,118821.0,11.073,118821.1,0.001
1753769526642,06:12:06.642,bybit,BTC/USDT:USDT,118820.9,12.983,118820.8,1.052,118821.0,11.073,118821.1,0.001
1753769526741,06:12:06.741,bybit,BTC/USDT:USDT,118820.9,12.983,118820.8,0.549,118821.0,11.074,118821.1,0.001
1753769526841,06:12:06.841,bybit,BTC/USDT:USDT,118820.9,12.983,118820.8,0.549,118821.0,11.074,118821.1,0.001
1753769526941,06:12:06.941,bybit,BTC/USDT:USDT,118820.9,12.983,118820.8,0.549,118821.0,11.074,118821.1,0.001
1753769527041,06:12:07.041,bybit,BTC/USDT:USDT,118820.9,12.983,118820.8,0.549,118821.0,11.076,118821.1,0.001
1753769527141,06:12:07.141,bybit,BTC/USDT:USDT,118820.9,12.983,118820.8,0.549,118821.0,11.076,118821.1,0.001
1753769527241,06:12:07.241,bybit,BTC/USDT:USDT,118820.9,12.983,118820.8,0.549,118821.0,11.076,118821.1,0.001
1753769527341,06:12:07.341,bybit,BTC/USDT:USDT,118820.9,12.983,118820.8,0.549,118821.0,11.076,118821.1,0.001
1753769527441,06:12:07.441,bybit,BTC/USDT:USDT,118820.9,12.983,118820.8,0.549,118821.0,11.078,118821.1,0.001
1753769527541,06:12:07.541,bybit,BTC/USDT:USDT,118820.9,12.983,118820.8,0.549,118821.0,11.078,118821.1,0.001
1753769527642,06:12:07.642,bybit,BTC/USDT:USDT,118820.9,12.983,118820.8,0.549,118821.0,11.077,118821.1,0.001
1753769527842,06:12:07.842,bybit,BTC/USDT:USDT,118820.9,13.067,118820.8,0.549,118821.0,11.077,118821.1,0.001
1753769528141,06:12:08.141,bybit,BTC/USDT:USDT,118820.9,13.067,118820.8,0.549,118821.0,11.024,118821.1,0.001
1753769528242,06:12:08.242,bybit,BTC/USDT:USDT,118820.9,13.067,118820.8,0.549,118821.0,11.025,118821.1,0.001
1753769528341,06:12:08.341,bybit,BTC/USDT:USDT,118820.9,13.067,118820.8,0.549,118821.0,11.025,118821.1,0.001
1753769528442,06:12:08.442,bybit,BTC/USDT:USDT,118820.9,13.067,118820.8,0.549,118821.0,11.025,118821.1,0.001
1753769528541,06:12:08.541,bybit,BTC/USDT:USDT,118820.9,13.067,118820.8,0.549,118821.0,11.025,118821.1,0.001
1753769528641,06:12:08.641,bybit,BTC/USDT:USDT,118820.9,13.067,118820.8,0.549,118821.0,11.025,118821.1,0.001
1753769528741,06:12:08.741,bybit,BTC/USDT:USDT,118820.9,13.067,118820.8,0.549,118821.0,11.025,118821.1,0.001
1753769528841,06:12:08.841,bybit,BTC/USDT:USDT,118820.9,13.067,118820.8,0.549,118821.0,11.025,118821.1,0.001
1753769528941,06:12:08.941,bybit,BTC/USDT:USDT,118820.9,12.983,118820.8,0.238,118821.0,11.029,118821.1,0.001
1753769529041,06:12:09.041,bybit,BTC/USDT:USDT,118820.9,12.983,118820.8,0.238,118821.0,11.025,118821.1,0.001
1753769529141,06:12:09.141,bybit,BTC/USDT:USDT,118820.9,13.068,118820.8,0.238,118821.0,11.024,118821.1,0.001
1753769529241,06:12:09.241,bybit,BTC/USDT:USDT,118820.9,13.068,118820.8,0.238,118821.0,11.024,118821.1,0.001
1753769529341,06:12:09.341,bybit,BTC/USDT:USDT,118820.9,12.983,118820.8,0.238,118821.0,11.028,118821.1,0.001
1753769530142,06:12:10.142,bybit,BTC/USDT:USDT,118820.9,12.98,118820.8,0.238,118821.0,11.015,118821.1,0.001
1753769530242,06:12:10.242,bybit,BTC/USDT:USDT,118820.9,13.083,118820.8,0.238,118821.0,11.015,118821.1,0.001
1753769530341,06:12:10.341,bybit,BTC/USDT:USDT,118820.9,13.083,118820.8,0.238,118821.0,11.012,118821.1,0.001
1753769530441,06:12:10.441,bybit,BTC/USDT:USDT,118820.9,13.0,118820.8,0.238,118821.0,11.012,118821.1,0.001
1753769530541,06:12:10.541,bybit,BTC/USDT:USDT,118820.9,13.0,118820.8,0.238,118821.0,11.021,118821.1,0.001
1753769530641,06:12:10.641,bybit,BTC/USDT:USDT,118824.4,0.214,118824.2,0.619,118826.8,0.001,118827.9,0.026
1753769531341,06:12:11.341,bybit,BTC/USDT:USDT,118839.8,25.976,118839.7,0.001,118839.9,3.854,118840.0,0.002
1753769531541,06:12:11.541,bybit,BTC/USDT:USDT,118839.8,25.994,118839.7,0.001,118839.9,3.619,118840.0,0.002
1753769531642,06:12:11.642,bybit,BTC/USDT:USDT,118839.8,25.976,118839.7,0.001,118839.9,3.449,118840.0,0.002
1753769531742,06:12:11.742,bybit,BTC/USDT:USDT,118839.8,26.061,118839.7,0.001,118839.9,3.071,118840.0,0.002
1753769532141,06:12:12.141,bybit,BTC/USDT:USDT,118839.8,26.081,118839.7,0.001,118839.9,3.071,118840.0,0.339
1753769532241,06:12:12.241,bybit,BTC/USDT:USDT,118839.8,26.058,118839.7,0.001,118839.9,3.072,118840.0,0.339
1753769532341,06:12:12.341,bybit,BTC/USDT:USDT,118839.8,23.484,118839.7,0.001,118839.9,4.011,118840.0,0.339
1753769532541,06:12:12.541,bybit,BTC/USDT:USDT,118839.8,17.704,118839.5,0.123,118839.9,10.176,118840.0,0.34
1753769532641,06:12:12.641,bybit,BTC/USDT:USDT,118839.8,17.704,118839.5,0.123,118839.9,10.176,118840.0,0.34
1753769532741,06:12:12.741,bybit,BTC/USDT:USDT,118839.8,17.704,118839.5,0.123,118839.9,10.209,118840.0,0.34
1753769533743,06:12:13.743,bybit,BTC/USDT:USDT,118839.8,17.066,118839.7,0.002,118839.9,11.084,118840.0,0.34
1753769533841,06:12:13.841,bybit,BTC/USDT:USDT,118839.8,17.066,118839.7,0.002,118839.9,10.737,118840.0,0.34
1753769533941,06:12:13.941,bybit,BTC/USDT:USDT,118839.8,17.066,118839.7,0.002,118839.9,10.737,118840.0,0.34
1753769534042,06:12:14.042,bybit,BTC/USDT:USDT,118839.8,17.066,118839.7,0.002,118839.9,10.737,118840.0,0.34
1753769534141,06:12:14.141,bybit,BTC/USDT:USDT,118839.8,17.066,118839.7,0.002,118839.9,10.411,118840.0,0.34
1753769534241,06:12:14.241,bybit,BTC/USDT:USDT,118839.8,17.066,118839.7,0.002,118839.9,10.411,118840.0,0.34
1753769534341,06:12:14.341,bybit,BTC/USDT:USDT,118839.8,17.066,118839.7,0.002,118839.9,10.41,118840.0,0.34
1753769534441,06:12:14.441,bybit,BTC/USDT:USDT,118839.8,17.066,118839.7,0.002,118839.9,10.41,118840.0,0.34
1753769534542,06:12:14.542,bybit,BTC/USDT:USDT,118839.8,17.066,118839.7,0.002,118839.9,10.408,118840.0,0.34
1753769534642,06:12:14.642,bybit,BTC/USDT:USDT,118839.8,17.066,118839.7,0.002,118839.9,10.408,118840.0,0.34
1753769535341,06:12:15.341,bybit,BTC/USDT:USDT,118839.8,16.571,118839.7,0.002,118839.9,10.545,118840.0,0.34
1753769535541,06:12:15.541,bybit,BTC/USDT:USDT,118839.8,16.581,118839.7,0.002,118839.9,10.461,118840.0,0.34
1753769535641,06:12:15.641,bybit,BTC/USDT:USDT,118839.8,16.581,118839.7,0.002,118839.9,10.41,118840.0,0.34
1753769535942,06:12:15.942,bybit,BTC/USDT:USDT,118839.8,16.581,118839.7,0.002,118839.9,10.37,118840.0,0.34
1753769536141,06:12:16.141,bybit,BTC/USDT:USDT,118839.8,16.581,118839.7,0.002,118839.9,10.37,118840.0,0.34
1753769536241,06:12:16.241,bybit,BTC/USDT:USDT,118839.8,16.581,118839.7,0.002,118839.9,10.37,118840.0,0.34
1753769536342,06:12:16.342,bybit,BTC/USDT:USDT,118839.8,16.581,118839.7,0.002,118839.9,10.37,118840.0,0.34
1753769536442,06:12:16.442,bybit,BTC/USDT:USDT,118839.8,16.581,118839.7,0.002,118839.9,10.38,118840.0,0.34
1753769536541,06:12:16.541,bybit,BTC/USDT:USDT,118839.8,16.581,118839.7,0.002,118839.9,10.38,118840.0,0.34
1753769536641,06:12:16.641,bybit,BTC/USDT:USDT,118839.8,16.581,118839.7,0.002,118839.9,10.38,118840.0,0.34
1753769536741,06:12:16.741,bybit,BTC/USDT:USDT,118839.8,16.581,118839.7,0.002,118839.9,10.335,118840.0,0.34
1753769536841,06:12:16.841,bybit,BTC/USDT:USDT,118839.8,16.581,118839.7,0.002,118839.9,10.335,118840.0,0.34
1753769536942,06:12:16.942,bybit,BTC/USDT:USDT,118839.8,16.581,118839.7,0.002,118839.9,10.335,118840.0,0.34
1753769537644,06:12:17.644,bybit,BTC/USDT:USDT,118849.9,17.921,118849.8,0.046,118850.0,0.011,118850.1,0.006
1753769537844,06:12:17.844,bybit,BTC/USDT:USDT,118862.1,3.769,118861.1,0.096,118862.2,10.421,118869.2,0.15
1753769538042,06:12:18.042,bybit,BTC/USDT:USDT,118862.1,3.73,118861.1,0.096,118862.2,10.56,118862.3,0.001
1753769538142,06:12:18.142,bybit,BTC/USDT:USDT,118862.1,4.237,118861.1,0.096,118862.2,11.144,118862.3,0.001
1753769538242,06:12:18.242,bybit,BTC/USDT:USDT,118862.1,4.294,118861.1,0.096,118862.2,11.059,118862.3,0.001
1753769538342,06:12:18.342,bybit,BTC/USDT:USDT,118862.1,4.578,118861.1,0.096,118862.2,11.067,118862.3,0.001
1753769538441,06:12:18.441,bybit,BTC/USDT:USDT,118862.1,4.578,118861.1,0.096,118862.2,11.067,118862.3,0.001
1753769538541,06:12:18.541,bybit,BTC/USDT:USDT,118862.1,4.578,118861.1,0.096,118862.2,11.067,118862.3,0.001
1753769538641,06:12:18.641,bybit,BTC/USDT:USDT,118862.1,4.5,118861.1,0.096,118862.2,11.067,118862.3,0.001
1753769538742,06:12:18.742,bybit,BTC/USDT:USDT,118862.1,1.94,118861.0,0.001,118862.2,12.065,118862.3,0.001
1753769538841,06:12:18.841,bybit,BTC/USDT:USDT,118862.1,0.253,118861.0,0.001,118862.2,12.075,118862.3,0.001
1753769539343,06:12:19.343,bybit,BTC/USDT:USDT,118861.0,3.579,118860.0,0.166,118861.1,5.891,118861.9,1.151
1753769539441,06:12:19.441,bybit,BTC/USDT:USDT,118861.0,6.067,118860.0,0.166,118861.1,5.999,118861.9,1.151
1753769539542,06:12:19.542,bybit,BTC/USDT:USDT,118861.0,6.067,118860.0,0.166,118861.1,5.998,118861.9,1.151
1753769539641,06:12:19.641,bybit,BTC/USDT:USDT,118861.0,6.148,118860.0,0.166,118861.1,5.998,118861.9,1.151
1753769539841,06:12:19.841,bybit,BTC/USDT:USDT,118861.0,6.14,118860.0,0.166,118861.1,6.078,118861.6,0.026
1753769540541,06:12:20.541,bybit,BTC/USDT:USDT,118861.0,6.215,118860.0,0.166,118861.1,6.903,118861.2,0.337
1753769540641,06:12:20.641,bybit,BTC/USDT:USDT,118861.0,6.215,118860.0,0.166,118861.1,6.903,118861.2,0.337
1753769540941,06:12:20.941,bybit,BTC/USDT:USDT,118861.0,6.215,118860.0,0.166,118861.1,6.066,118861.2,0.337
1753769541041,06:12:21.041,bybit,BTC/USDT:USDT,118861.0,6.215,118860.0,0.166,118861.1,6.066,118861.2,0.337
1753769541141,06:12:21.141,bybit,BTC/USDT:USDT,118861.0,6.215,118860.0,0.166,118861.1,6.097,118861.2,0.337
1753769541241,06:12:21.241,bybit,BTC/USDT:USDT,118861.0,6.215,118860.0,0.166,118861.1,5.317,118861.2,0.337
1753769541342,06:12:21.342,bybit,BTC/USDT:USDT,118861.0,6.215,118860.0,0.166,118861.1,5.176,118861.2,0.337
1753769541441,06:12:21.441,bybit,BTC/USDT:USDT,118861.0,6.215,118860.0,0.166,118861.1,5.264,118861.2,0.337
1753769541541,06:12:21.541,bybit,BTC/USDT:USDT,118861.0,6.215,118860.0,0.166,118861.1,6.471,118861.2,0.337
1753769541642,06:12:21.642,bybit,BTC/USDT:USDT,118861.0,6.175,118860.0,0.166,118861.1,6.731,118861.2,0.337
1753769541842,06:12:21.842,bybit,BTC/USDT:USDT,118861.0,6.175,118860.0,0.166,118861.1,6.731,118861.2,0.337
1753769541941,06:12:21.941,bybit,BTC/USDT:USDT,118861.0,6.175,118860.0,0.166,118861.1,6.732,118861.2,0.337
1753769542041,06:12:22.041,bybit,BTC/USDT:USDT,118861.0,6.175,118860.0,0.166,118861.1,6.732,118861.2,0.337
1753769542641,06:12:22.641,bybit,BTC/USDT:USDT,118852.5,3.048,118851.7,0.051,118852.6,9.158,118852.8,0.003
1753769542742,06:12:22.742,bybit,BTC/USDT:USDT,118852.5,3.127,118851.7,0.051,118852.6,9.158,118852.7,0.001
1753769542941,06:12:22.941,bybit,BTC/USDT:USDT,118852.5,3.127,118851.7,0.051,118852.6,9.158,118852.7,0.001
1753769543041,06:12:23.041,bybit,BTC/USDT:USDT,118852.5,3.127,118851.7,0.051,118852.6,9.158,118852.7,0.001
1753769543242,06:12:23.242,bybit,BTC/USDT:USDT,118852.5,6.832,118851.7,0.051,118852.6,6.274,118853.7,1.766
1753769543341,06:12:23.341,bybit,BTC/USDT:USDT,118852.5,6.835,118851.7,0.051,118852.6,6.207,118853.7,1.766
1753769543442,06:12:23.442,bybit,BTC/USDT:USDT,118852.5,6.835,118851.7,0.051,118852.6,6.207,118853.7,1.766
1753769543743,06:12:23.743,bybit,BTC/USDT:USDT,118852.5,6.835,118851.7,0.051,118852.6,6.321,118853.7,1.766
1753769543841,06:12:23.841,bybit,BTC/USDT:USDT,118852.5,6.858,118851.7,0.051,118852.6,6.321,118853.7,1.766
1753769543942,06:12:23.942,bybit,BTC/USDT:USDT,118852.5,6.941,118851.7,0.051,118852.6,6.321,118853.7,1.766
1753769544041,06:12:24.041,bybit,BTC/USDT:USDT,118852.5,6.941,118851.7,0.051,118852.6,6.322,118853.7,1.766
1753769544141,06:12:24.141,bybit,BTC/USDT:USDT,118852.5,6.941,118851.7,0.051,118852.6,6.291,118853.7,1.766
1753769544242,06:12:24.242,bybit,BTC/USDT:USDT,118852.5,6.941,118851.7,0.051,118852.6,6.322,118853.7,1.766
1753769544341,06:12:24.341,bybit,BTC/USDT:USDT,118852.5,6.941,118851.7,0.051,118852.6,6.291,118853.7,1.766
1753769544541,06:12:24.541,bybit,BTC/USDT:USDT,118852.5,6.941,118851.7,0.051,118852.6,6.26,118853.7,1.766
1753769544641,06:12:24.641,bybit,BTC/USDT:USDT,118852.5,6.941,118851.7,0.051,118852.6,6.26,118853.7,1.766
1753769544741,06:12:24.741,bybit,BTC/USDT:USDT,118852.5,6.941,118851.7,0.051,118852.6,6.26,118853.7,1.766
1753769544841,06:12:24.841,bybit,BTC/USDT:USDT,118852.5,6.941,118851.7,0.051,118852.6,6.26,118853.7,1.766
1753769544942,06:12:24.942,bybit,BTC/USDT:USDT,118852.5,6.929,118851.0,0.073,118852.6,6.26,118853.7,1.766
1753769545042,06:12:25.042,bybit,BTC/USDT:USDT,118852.5,6.929,118851.0,0.073,118852.6,6.26,118853.7,1.766
1753769545141,06:12:25.141,bybit,BTC/USDT:USDT,118852.5,6.929,118851.0,0.073,118852.6,6.262,118853.7,1.766
1753769545241,06:12:25.241,bybit,BTC/USDT:USDT,118852.5,6.929,118851.0,0.073,118852.6,6.262,118853.7,1.766
1753769545342,06:12:25.342,bybit,BTC/USDT:USDT,118852.5,6.929,118851.0,0.073,118852.6,6.329,118853.7,1.766
1753769545441,06:12:25.441,bybit,BTC/USDT:USDT,118852.5,6.929,118851.0,0.073,118852.6,6.329,118853.7,1.766
1753769545541,06:12:25.541,bybit,BTC/USDT:USDT,118852.5,6.929,118851.0,0.073,118852.6,6.327,118853.7,1.766
1753769545641,06:12:25.641,bybit,BTC/USDT:USDT,118852.5,6.932,118851.0,0.073,118852.6,6.328,118853.7,1.766
1753769545743,06:12:25.743,bybit,BTC/USDT:USDT,118852.5,6.713,118851.0,0.073,118852.6,6.328,118853.7,1.766
1753769545841,06:12:25.841,bybit,BTC/USDT:USDT,118852.5,6.22,118851.0,0.073,118852.6,7.33,118853.7,1.766
1753769545941,06:12:25.941,bybit,BTC/USDT:USDT,118852.5,5.762,118851.0,0.073,118852.6,7.387,118853.7,1.766
1753769546441,06:12:26.441,bybit,BTC/USDT:USDT,118852.5,0.403,118851.0,0.073,118852.6,7.432,118853.7,1.766
1753769546841,06:12:26.841,bybit,BTC/USDT:USDT,118852.5,0.319,118851.0,0.073,118852.6,7.414,118853.7,2.766
1753769546941,06:12:26.941,bybit,BTC/USDT:USDT,118852.5,0.332,118851.0,0.073,118852.6,7.41,118853.7,2.766
1753769547541,06:12:27.541,bybit,BTC/USDT:USDT,118852.5,0.947,118851.0,0.073,118852.6,7.546,118853.7,2.766
1753769547641,06:12:27.641,bybit,BTC/USDT:USDT,118852.5,0.978,118851.0,0.073,118852.6,7.546,118853.7,2.766
1753769547743,06:12:27.743,bybit,BTC/USDT:USDT,118852.5,2.053,118851.0,0.073,118852.6,7.55,118853.7,2.766
1753769547941,06:12:27.941,bybit,BTC/USDT:USDT,118852.5,2.053,118851.0,0.073,118852.6,6.148,118853.7,2.766
1753769548342,06:12:28.342,bybit,BTC/USDT:USDT,118852.5,1.477,118851.0,0.073,118852.6,6.237,118853.7,2.766
1753769548541,06:12:28.541,bybit,BTC/USDT:USDT,118852.5,1.392,118851.0,0.073,118852.6,6.152,118853.7,2.766
1753769548641,06:12:28.641,bybit,BTC/USDT:USDT,118852.5,1.446,118851.0,0.073,118852.6,6.152,118853.7,2.766
1753769549041,06:12:29.041,bybit,BTC/USDT:USDT,118852.5,1.959,118851.0,0.073,118852.6,6.154,118853.7,2.766
1753769549141,06:12:29.141,bybit,BTC/USDT:USDT,118852.5,1.333,118851.0,0.073,118852.6,6.241,118853.7,2.766
1753769549741,06:12:29.741,bybit,BTC/USDT:USDT,118838.7,1.425,118838.5,0.006,118838.8,17.119,118838.9,0.001
1753769550342,06:12:30.342,bybit,BTC/USDT:USDT,118838.7,6.198,118838.5,0.004,118838.8,14.58,118838.9,0.001
1753769552141,06:12:32.141,bybit,BTC/USDT:USDT,118853.9,9.522,118853.8,0.336,118854.0,1.002,118854.2,0.047
1753769552342,06:12:32.342,bybit,BTC/USDT:USDT,118853.9,9.934,118853.8,0.338,118854.0,1.002,118854.2,0.047
1753769552641,06:12:32.641,bybit,BTC/USDT:USDT,118853.9,10.997,118853.8,0.338,118854.0,1.002,118854.2,0.047
1753769553641,06:12:33.641,bybit,BTC/USDT:USDT,118853.9,11.029,118853.8,0.572,118854.0,1.002,118854.1,0.384
1753769553941,06:12:33.941,bybit,BTC/USDT:USDT,118853.9,11.14,118853.8,0.572,118854.0,1.059,118854.1,0.384
1753769554041,06:12:34.041,bybit,BTC/USDT:USDT,118853.9,11.14,118853.8,0.572,118854.0,1.059,118854.1,0.384
1753769554141,06:12:34.141,bybit,BTC/USDT:USDT,118853.9,11.14,118853.8,1.143,118854.0,1.059,118854.1,0.384
1753769554241,06:12:34.241,bybit,BTC/USDT:USDT,118853.9,11.122,118853.8,1.143,118854.0,1.059,118854.1,0.384
1753769554341,06:12:34.341,bybit,BTC/USDT:USDT,118853.9,11.14,118853.8,1.143,118854.0,1.059,118854.1,0.384
1753769554541,06:12:34.541,bybit,BTC/USDT:USDT,118853.9,11.134,118853.8,1.143,118854.0,1.059,118854.1,0.384
1753769554941,06:12:34.941,bybit,BTC/USDT:USDT,118853.9,11.249,118853.8,1.143,118854.0,1.059,118854.1,0.384
1753769555041,06:12:35.041,bybit,BTC/USDT:USDT,118853.9,11.183,118853.8,1.143,118854.0,1.059,118854.1,0.384
1753769555141,06:12:35.141,bybit,BTC/USDT:USDT,118853.9,11.183,118853.8,1.143,118854.0,1.059,118854.1,0.384
1753769555241,06:12:35.241,bybit,BTC/USDT:USDT,118853.9,11.145,118853.8,1.143,118854.0,1.059,118854.1,0.384
1753769555341,06:12:35.341,bybit,BTC/USDT:USDT,118853.9,11.076,118853.8,1.143,118854.0,1.059,118854.1,0.384
1753769555441,06:12:35.441,bybit,BTC/USDT:USDT,118853.9,10.786,118853.8,1.143,118854.0,1.155,118854.1,0.384
1753769555542,06:12:35.542,bybit,BTC/USDT:USDT,118853.9,10.786,118853.8,1.143,118854.0,2.026,118854.1,0.384
1753769555641,06:12:35.641,bybit,BTC/USDT:USDT,118853.9,10.764,118853.8,1.143,118854.0,1.761,118854.1,0.384
1753769555941,06:12:35.941,bybit,BTC/USDT:USDT,118853.9,10.763,118853.8,0.393,118854.0,1.761,118854.1,0.384
1753769556041,06:12:36.041,bybit,BTC/USDT:USDT,118853.9,10.763,118853.8,0.393,118854.0,1.761,118854.1,0.384
1753769556241,06:12:36.241,bybit,BTC/USDT:USDT,118853.9,10.763,118853.8,0.393,118854.0,1.76,118854.1,0.384
1753769557241,06:12:37.241,bybit,BTC/USDT:USDT,118853.9,9.82,118853.8,0.393,118854.0,2.872,118854.1,0.384
1753769557941,06:12:37.941,bybit,BTC/USDT:USDT,118853.9,9.82,118853.8,0.393,118854.0,2.561,118854.1,0.384
1753769558042,06:12:38.042,bybit,BTC/USDT:USDT,118853.9,9.82,118853.8,0.393,118854.0,2.561,118854.1,0.384
1753769558141,06:12:38.141,bybit,BTC/USDT:USDT,118853.9,9.82,118853.8,0.393,118854.0,2.073,118854.1,0.384
1753769558241,06:12:38.241,bybit,BTC/USDT:USDT,118853.9,9.82,118853.8,0.393,118854.0,2.073,118854.1,0.384
1753769558341,06:12:38.341,bybit,BTC/USDT:USDT,118853.9,9.82,118853.8,0.393,118854.0,2.073,118854.1,0.384
1753769558441,06:12:38.441,bybit,BTC/USDT:USDT,118853.9,9.765,118853.8,0.393,118854.0,2.073,118854.1,0.384
1753769558541,06:12:38.541,bybit,BTC/USDT:USDT,118853.9,9.814,118853.8,0.393,118854.0,2.073,118854.1,0.384
1753769558641,06:12:38.641,bybit,BTC/USDT:USDT,118853.9,9.814,118853.8,0.393,118854.0,2.073,118854.1,0.384
1753769558741,06:12:38.741,bybit,BTC/USDT:USDT,118853.9,9.814,118853.8,0.393,118854.0,2.072,118854.1,0.384
1753769558841,06:12:38.841,bybit,BTC/USDT:USDT,118853.9,9.865,118853.8,0.393,118854.0,2.072,118854.1,0.384
1753769558941,06:12:38.941,bybit,BTC/USDT:USDT,118853.9,9.862,118853.8,0.393,118854.0,2.072,118854.1,0.384
1753769559042,06:12:39.042,bybit,BTC/USDT:USDT,118853.9,9.862,118853.8,0.393,118854.0,2.078,118854.1,0.384
1753769559141,06:12:39.141,bybit,BTC/USDT:USDT,118853.9,9.862,118853.8,0.393,118854.0,2.078,118854.1,0.384
1753769559241,06:12:39.241,bybit,BTC/USDT:USDT,118853.9,9.862,118853.8,0.393,118854.0,2.078,118854.1,0.384
1753769559341,06:12:39.341,bybit,BTC/USDT:USDT,118853.9,9.861,118853.8,0.393,118854.0,3.733,118854.1,0.384
1753769559441,06:12:39.441,bybit,BTC/USDT:USDT,118853.9,9.861,118853.8,0.393,118854.0,2.079,118854.1,0.384
1753769559541,06:12:39.541,bybit,BTC/USDT:USDT,118853.9,9.861,118853.8,0.393,118854.0,2.079,118854.1,0.384
1753769559642,06:12:39.642,bybit,BTC/USDT:USDT,118853.9,9.862,118853.8,0.393,118854.0,1.981,118854.1,0.384
1753769559743,06:12:39.743,bybit,BTC/USDT:USDT,118853.9,9.861,118853.8,0.393,118854.0,1.981,118854.1,0.384
1753769559841,06:12:39.841,bybit,BTC/USDT:USDT,118853.9,9.861,118853.8,0.393,118854.0,1.981,118854.1,0.384
1753769559941,06:12:39.941,bybit,BTC/USDT:USDT,118853.9,9.862,118853.8,0.393,118854.0,1.98,118854.1,0.384
1753769560041,06:12:40.041,bybit,BTC/USDT:USDT,118853.9,9.862,118853.8,0.393,118854.0,1.98,118854.1,0.384
1753769560141,06:12:40.141,bybit,BTC/USDT:USDT,118853.9,9.862,118853.8,0.393,118854.0,1.967,118854.1,0.384
1753769560242,06:12:40.242,bybit,BTC/USDT:USDT,118853.9,9.812,118853.8,0.393,118854.0,1.967,118854.1,0.384
1753769560341,06:12:40.341,bybit,BTC/USDT:USDT,118853.9,9.821,118853.8,0.393,118854.0,1.967,118854.1,0.384
1753769560442,06:12:40.442,bybit,BTC/USDT:USDT,118853.9,9.821,118853.8,0.393,118854.0,1.967,118854.1,0.384
1753769560541,06:12:40.541,bybit,BTC/USDT:USDT,118853.9,9.821,118853.8,0.393,118854.0,1.967,118854.1,0.384
1753769560641,06:12:40.641,bybit,BTC/USDT:USDT,118853.9,9.821,118853.8,0.393,118854.0,1.967,118854.1,0.384
1753769560741,06:12:40.741,bybit,BTC/USDT:USDT,118853.9,9.821,118853.8,0.393,118854.0,1.967,118854.1,0.384
1753769560842,06:12:40.842,bybit,BTC/USDT:USDT,118853.9,9.821,118853.8,0.393,118854.0,1.967,118854.1,0.384
1753769560941,06:12:40.941,bybit,BTC/USDT:USDT,118853.9,9.821,118853.8,0.393,118854.0,1.967,118854.1,0.384
1753769561041,06:12:41.041,bybit,BTC/USDT:USDT,118853.9,9.821,118853.8,0.393,118854.0,1.967,118854.1,0.047
1753769561141,06:12:41.141,bybit,BTC/USDT:USDT,118853.9,9.821,118853.8,0.393,118854.0,1.967,118854.1,0.047
1753769561241,06:12:41.241,bybit,BTC/USDT:USDT,118853.9,9.821,118853.8,0.393,118854.0,1.956,118854.1,0.047
1753769561341,06:12:41.341,bybit,BTC/USDT:USDT,118853.9,9.83,118853.8,0.393,118854.0,1.966,118854.1,0.047
1753769561442,06:12:41.442,bybit,BTC/USDT:USDT,118853.9,9.83,118853.8,0.393,118854.0,1.966,118854.1,0.047
1753769561542,06:12:41.542,bybit,BTC/USDT:USDT,118853.9,10.108,118853.8,0.393,118854.0,1.966,118854.1,0.047
1753769561641,06:12:41.641,bybit,BTC/USDT:USDT,118853.9,10.108,118853.8,0.393,118854.0,1.966,118854.1,0.047
1753769561741,06:12:41.741,bybit,BTC/USDT:USDT,118853.9,10.108,118853.8,0.393,118854.0,0.842,118854.1,0.047
1753769561841,06:12:41.841,bybit,BTC/USDT:USDT,118854.0,26.051,118853.9,1.734,118854.1,0.032,118856.1,0.002
1753769561941,06:12:41.941,bybit,BTC/USDT:USDT,118854.0,26.051,118853.9,1.735,118854.1,0.033,118856.1,0.002
1753769562041,06:12:42.041,bybit,BTC/USDT:USDT,118854.0,26.387,118853.9,1.735,118854.1,0.033,118856.1,0.002
1753769562141,06:12:42.141,bybit,BTC/USDT:USDT,118854.0,26.436,118853.9,1.686,118854.1,0.033,118856.1,0.002
1753769562241,06:12:42.241,bybit,BTC/USDT:USDT,118854.0,27.418,118853.9,0.686,118854.1,0.034,118856.1,0.002
1753769562341,06:12:42.341,bybit,BTC/USDT:USDT,118854.0,27.466,118853.9,0.646,118854.1,0.034,118856.1,0.002
1753769562441,06:12:42.441,bybit,BTC/USDT:USDT,118854.0,27.483,118853.9,0.648,118854.1,0.034,118856.1,0.002
1753769562541,06:12:42.541,bybit,BTC/USDT:USDT,118854.0,27.545,118853.9,0.568,118854.1,0.034,118856.1,0.002
1753769562641,06:12:42.641,bybit,BTC/USDT:USDT,118854.0,27.585,118853.9,0.528,118854.1,0.034,118856.1,0.002
1753769562741,06:12:42.741,bybit,BTC/USDT:USDT,118854.0,27.603,118853.9,0.528,118854.1,0.034,118856.1,0.002
1753769562841,06:12:42.841,bybit,BTC/USDT:USDT,118854.0,27.585,118853.9,0.528,118854.1,0.034,118856.1,0.002
1753769562941,06:12:42.941,bybit,BTC/USDT:USDT,118854.0,27.603,118853.9,0.528,118854.1,0.034,118856.1,0.002
1753769563041,06:12:43.041,bybit,BTC/USDT:USDT,118854.0,27.603,118853.9,0.528,118854.1,0.034,118856.1,0.002
1753769563141,06:12:43.141,bybit,BTC/USDT:USDT,118854.0,27.603,118853.9,0.528,118854.1,0.034,118856.1,0.002
1753769563241,06:12:43.241,bybit,BTC/USDT:USDT,118854.0,27.603,118853.9,0.528,118854.1,0.034,118856.1,0.002
1753769563341,06:12:43.341,bybit,BTC/USDT:USDT,118854.0,27.603,118853.9,0.528,118854.1,0.034,118856.1,0.002
1753769563441,06:12:43.441,bybit,BTC/USDT:USDT,118854.0,27.603,118853.9,0.528,118854.1,0.034,118856.1,0.002
1753769563541,06:12:43.541,bybit,BTC/USDT:USDT,118854.0,27.603,118853.9,0.528,118854.1,0.034,118856.1,0.002
1753769563641,06:12:43.641,bybit,BTC/USDT:USDT,118854.0,27.576,118853.9,0.528,118854.1,0.034,118856.1,0.002
1753769563743,06:12:43.743,bybit,BTC/USDT:USDT,118854.0,27.576,118853.9,0.528,118854.1,0.034,118856.1,0.002
1753769563841,06:12:43.841,bybit,BTC/USDT:USDT,118854.0,27.594,118853.9,0.528,118854.1,0.034,118856.1,0.002
1753769563941,06:12:43.941,bybit,BTC/USDT:USDT,118854.0,27.576,118853.9,0.528,118854.1,0.034,118856.1,0.002
1753769564041,06:12:44.041,bybit,BTC/USDT:USDT,118854.0,27.576,118853.9,0.527,118854.1,0.034,118856.1,0.002
1753769564141,06:12:44.141,bybit,BTC/USDT:USDT,118854.0,27.577,118853.9,0.527,118854.1,0.034,118856.1,0.002
1753769564241,06:12:44.241,bybit,BTC/USDT:USDT,118854.0,27.576,118853.9,0.527,118854.1,0.034,118856.1,0.002
1753769564341,06:12:44.341,bybit,BTC/USDT:USDT,118854.0,27.594,118853.9,0.527,118854.1,0.039,118856.1,0.002
1753769564441,06:12:44.441,bybit,BTC/USDT:USDT,118854.0,27.594,118853.9,0.527,118854.1,0.039,118856.1,0.002
1753769564541,06:12:44.541,bybit,BTC/USDT:USDT,118854.0,27.576,118853.9,0.527,118854.1,0.039,118856.1,0.002
1753769564641,06:12:44.641,bybit,BTC/USDT:USDT,118854.0,27.576,118853.9,0.527,118854.1,0.039,118856.1,0.002
1753769564741,06:12:44.741,bybit,BTC/USDT:USDT,118854.0,27.594,118853.9,0.527,118854.1,0.039,118856.1,0.002
1753769564841,06:12:44.841,bybit,BTC/USDT:USDT,118854.0,27.576,118853.9,0.527,118854.1,0.039,118856.1,0.002
1753769564943,06:12:44.943,bybit,BTC/USDT:USDT,118860.7,10.7,118860.4,0.17,118860.8,3.214,118860.9,0.002
1753769565041,06:12:45.041,bybit,BTC/USDT:USDT,118860.7,10.7,118860.6,0.002,118860.8,2.949,118860.9,0.002
1753769565142,06:12:45.142,bybit,BTC/USDT:USDT,118860.7,10.745,118860.6,0.002,118860.8,2.908,118860.9,0.002
1753769565242,06:12:45.242,bybit,BTC/USDT:USDT,118860.7,7.952,118860.6,0.002,118860.8,2.981,118860.9,0.002
1753769565341,06:12:45.341,bybit,BTC/USDT:USDT,118860.7,7.952,118860.4,0.17,118860.8,2.981,118860.9,0.002
1753769565441,06:12:45.441,bybit,BTC/USDT:USDT,118860.7,7.952,118860.4,0.17,118860.8,2.981,118860.9,0.002
1753769565542,06:12:45.542,bybit,BTC/USDT:USDT,118860.7,7.952,118860.4,0.17,118860.8,2.981,118860.9,0.002
1753769565641,06:12:45.641,bybit,BTC/USDT:USDT,118860.7,7.952,118860.4,0.17,118860.8,3.227,118861.1,0.001
1753769565743,06:12:45.743,bybit,BTC/USDT:USDT,118860.7,7.95,118860.4,0.17,118860.8,5.318,118860.9,0.337
1753769565841,06:12:45.841,bybit,BTC/USDT:USDT,118860.7,7.95,118860.4,0.17,118860.8,4.493,118860.9,0.337
1753769565941,06:12:45.941,bybit,BTC/USDT:USDT,118860.7,7.95,118860.4,0.17,118860.8,4.765,118860.9,0.337
1753769566042,06:12:46.042,bybit,BTC/USDT:USDT,118860.7,7.95,118860.4,0.17,118860.8,4.765,118860.9,0.337
1753769566141,06:12:46.141,bybit,BTC/USDT:USDT,118860.7,7.95,118860.4,0.17,118860.8,4.765,118860.9,0.337
1753769566242,06:12:46.242,bybit,BTC/USDT:USDT,118860.7,7.949,118860.4,0.17,118860.8,4.765,118860.9,0.337
1753769566341,06:12:46.341,bybit,BTC/USDT:USDT,118860.7,8.949,118860.4,0.17,118860.8,4.765,118860.9,0.337
1753769566441,06:12:46.441,bybit,BTC/USDT:USDT,118860.7,8.949,118860.6,0.002,118860.8,4.765,118860.9,0.337
1753769566542,06:12:46.542,bybit,BTC/USDT:USDT,118860.7,8.904,118860.6,0.002,118860.8,4.765,118860.9,0.337
1753769566641,06:12:46.641,bybit,BTC/USDT:USDT,118860.7,8.948,118860.6,0.002,118860.8,4.765,118860.9,0.337
1753769566741,06:12:46.741,bybit,BTC/USDT:USDT,118860.7,8.948,118860.6,0.002,118860.8,4.765,118860.9,0.337
1753769566842,06:12:46.842,bybit,BTC/USDT:USDT,118860.7,8.948,118860.6,0.002,118860.8,4.765,118860.9,0.337
1753769566942,06:12:46.942,bybit,BTC/USDT:USDT,118860.7,8.948,118860.6,0.002,118860.8,4.765,118860.9,0.337
1753769567041,06:12:47.041,bybit,BTC/USDT:USDT,118860.7,8.93,118860.6,0.002,118860.8,5.263,118860.9,0.337
1753769567142,06:12:47.142,bybit,BTC/USDT:USDT,118860.7,8.93,118860.6,0.002,118860.8,5.263,118860.9,0.337
1753769567242,06:12:47.242,bybit,BTC/USDT:USDT,118860.7,8.93,118860.6,0.002,118860.8,5.263,118860.9,0.337
1753769567342,06:12:47.342,bybit,BTC/USDT:USDT,118860.7,8.93,118860.6,0.002,118860.8,5.32,118860.9,0.337
1753769567441,06:12:47.441,bybit,BTC/USDT:USDT,118860.7,8.93,118860.6,0.002,118860.8,5.32,118860.9,0.337
1753769567541,06:12:47.541,bybit,BTC/USDT:USDT,118860.7,8.97,118860.6,0.002,118860.8,5.256,118860.9,0.337
1753769567641,06:12:47.641,bybit,BTC/USDT:USDT,118860.7,8.97,118860.6,0.002,118860.8,5.287,118860.9,0.337
1753769567743,06:12:47.743,bybit,BTC/USDT:USDT,118860.7,8.97,118860.6,0.002,118860.8,5.287,118860.9,0.337
1753769567841,06:12:47.841,bybit,BTC/USDT:USDT,118860.7,8.97,118860.6,0.002,118860.8,5.287,118860.9,0.337
1753769567941,06:12:47.941,bybit,BTC/USDT:USDT,118860.7,8.97,118860.6,0.002,118860.8,5.288,118860.9,0.337
1753769568042,06:12:48.042,bybit,BTC/USDT:USDT,118860.7,8.97,118860.6,0.002,118860.8,5.288,118860.9,0.337
1753769568141,06:12:48.141,bybit,BTC/USDT:USDT,118860.7,8.97,118860.6,0.002,118860.8,5.288,118860.9,0.337
1753769568242,06:12:48.242,bybit,BTC/USDT:USDT,118860.7,8.97,118860.6,0.002,118860.8,5.288,118860.9,0.337
1753769568341,06:12:48.341,bybit,BTC/USDT:USDT,118860.7,9.97,118860.6,0.002,118860.8,5.261,118860.9,0.337
1753769568442,06:12:48.442,bybit,BTC/USDT:USDT,118860.7,9.97,118860.6,0.002,118860.8,5.261,118860.9,0.337
1753769568541,06:12:48.541,bybit,BTC/USDT:USDT,118860.7,9.97,118860.6,0.002,118860.8,5.291,118860.9,0.337
1753769568641,06:12:48.641,bybit,BTC/USDT:USDT,118860.7,9.966,118860.6,0.002,118860.8,5.307,118860.9,0.337
1753769568741,06:12:48.741,bybit,BTC/USDT:USDT,118860.7,9.966,118860.6,0.002,118860.8,5.307,118860.9,0.337
1753769568841,06:12:48.841,bybit,BTC/USDT:USDT,118860.7,9.966,118860.6,0.002,118860.8,5.325,118860.9,0.337
1753769568941,06:12:48.941,bybit,BTC/USDT:USDT,118860.7,9.966,118860.6,0.002,118860.8,5.325,118860.9,0.337
1753769569042,06:12:49.042,bybit,BTC/USDT:USDT,118860.7,10.006,118860.6,0.002,118860.8,4.215,118860.9,0.337
1753769569142,06:12:49.142,bybit,BTC/USDT:USDT,118860.7,10.008,118860.6,0.002,118860.8,4.216,118860.9,0.337
1753769569241,06:12:49.241,bybit,BTC/USDT:USDT,118860.7,10.006,118860.6,0.002,118860.8,4.216,118860.9,0.337
1753769569341,06:12:49.341,bybit,BTC/USDT:USDT,118860.7,10.006,118860.6,0.002,118860.8,4.214,118860.9,0.337
1753769569441,06:12:49.441,bybit,BTC/USDT:USDT,118860.7,10.006,118860.6,0.002,118860.8,4.214,118860.9,0.337
1753769569541,06:12:49.541,bybit,BTC/USDT:USDT,118860.7,10.006,118860.6,0.002,118860.8,4.478,118860.9,0.337
1753769569642,06:12:49.642,bybit,BTC/USDT:USDT,118860.7,10.008,118860.6,0.002,118860.8,4.509,118860.9,0.337
1753769569743,06:12:49.743,bybit,BTC/USDT:USDT,118860.7,10.008,118860.6,0.002,118860.8,4.488,118860.9,0.337
1753769569841,06:12:49.841,bybit,BTC/USDT:USDT,118860.7,10.034,118860.6,0.002,118860.8,4.519,118860.9,0.337
1753769569941,06:12:49.941,bybit,BTC/USDT:USDT,118860.7,10.034,118860.6,0.002,118860.8,4.519,118860.9,0.337
1753769570041,06:12:50.041,bybit,BTC/USDT:USDT,118860.7,10.034,118860.6,0.002,118860.8,4.519,118860.9,0.337
1753769570142,06:12:50.142,bybit,BTC/USDT:USDT,118860.7,10.034,118860.6,0.002,118860.8,4.519,118860.9,0.337
1753769570241,06:12:50.241,bybit,BTC/USDT:USDT,118860.7,10.032,118860.6,0.002,118860.8,5.699,118860.9,0.337
1753769570342,06:12:50.342,bybit,BTC/USDT:USDT,118860.7,10.032,118860.6,0.002,118860.8,5.699,118860.9,0.337
1753769570442,06:12:50.442,bybit,BTC/USDT:USDT,118860.7,10.032,118860.6,0.002,118860.8,5.717,118860.9,0.337
1753769570541,06:12:50.541,bybit,BTC/USDT:USDT,118860.7,10.032,118860.6,0.002,118860.8,5.717,118860.9,0.337
1753769570641,06:12:50.641,bybit,BTC/USDT:USDT,118860.7,10.032,118860.6,0.002,118860.8,5.717,118860.9,0.337
1753769570742,06:12:50.742,bybit,BTC/USDT:USDT,118860.7,10.032,118860.6,0.002,118860.8,5.717,118860.9,0.337
1753769570841,06:12:50.841,bybit,BTC/USDT:USDT,118860.7,10.032,118860.6,0.002,118860.8,5.713,118860.9,0.337
1753769570941,06:12:50.941,bybit,BTC/USDT:USDT,118860.7,10.032,118860.6,0.002,118860.8,5.713,118860.9,0.337
1753769571042,06:12:51.042,bybit,BTC/USDT:USDT,118860.7,10.032,118860.6,0.002,118860.8,5.713,118860.9,0.337
1753769571142,06:12:51.142,bybit,BTC/USDT:USDT,118860.7,10.034,118860.6,0.002,118860.8,5.713,118860.9,0.337
1753769571241,06:12:51.241,bybit,BTC/USDT:USDT,118860.7,10.034,118860.6,0.002,118860.8,5.682,118860.9,0.337
1753769571341,06:12:51.341,bybit,BTC/USDT:USDT,118860.7,10.131,118860.6,0.002,118860.8,5.713,118860.9,0.337
1753769571442,06:12:51.442,bybit,BTC/USDT:USDT,118860.7,10.131,118860.6,0.002,118860.8,5.032,118860.9,0.337
1753769571542,06:12:51.542,bybit,BTC/USDT:USDT,118860.7,10.169,118860.6,0.002,118860.8,5.001,118860.9,0.337
1753769571642,06:12:51.642,bybit,BTC/USDT:USDT,118860.7,10.169,118860.6,0.002,118860.8,5.032,118860.9,0.337
1753769571741,06:12:51.741,bybit,BTC/USDT:USDT,118860.7,10.169,118860.6,0.002,118860.8,5.032,118860.9,0.337
1753769571842,06:12:51.842,bybit,BTC/USDT:USDT,118860.7,10.169,118860.6,0.002,118860.8,5.006,118860.9,0.337
1753769571941,06:12:51.941,bybit,BTC/USDT:USDT,118860.7,10.169,118860.6,0.002,118860.8,5.013,118860.9,0.337
1753769572041,06:12:52.041,bybit,BTC/USDT:USDT,118860.7,10.169,118860.6,0.002,118860.8,5.013,118860.9,0.337
1753769572141,06:12:52.141,bybit,BTC/USDT:USDT,118860.7,10.169,118860.6,0.002,118860.8,5.044,118860.9,0.337
1753769572242,06:12:52.242,bybit,BTC/USDT:USDT,118860.7,10.169,118860.6,0.002,118860.8,5.999,118860.9,0.337
1753769572342,06:12:52.342,bybit,BTC/USDT:USDT,118860.7,10.169,118860.6,0.002,118860.8,5.925,118860.9,0.337
1753769572441,06:12:52.441,bybit,BTC/USDT:USDT,118860.7,10.169,118860.6,0.002,118860.8,5.464,118860.9,0.337
1753769572541,06:12:52.541,bybit,BTC/USDT:USDT,118860.7,10.169,118860.6,0.002,118860.8,5.464,118860.9,0.337
1753769572641,06:12:52.641,bybit,BTC/USDT:USDT,118860.7,10.169,118860.6,0.002,118860.8,5.459,118860.9,0.337
1753769572742,06:12:52.742,bybit,BTC/USDT:USDT,118860.7,10.169,118860.6,0.002,118860.8,4.963,118860.9,0.337
1753769572841,06:12:52.841,bybit,BTC/USDT:USDT,118860.7,10.169,118860.6,0.002,118860.8,4.963,118860.9,0.337
1753769572942,06:12:52.942,bybit,BTC/USDT:USDT,118860.7,10.169,118860.6,0.002,118860.8,4.963,118860.9,0.337
1753769573042,06:12:53.042,bybit,BTC/USDT:USDT,118860.7,10.169,118860.6,0.002,118860.8,4.963,118860.9,0.337
1753769573142,06:12:53.142,bybit,BTC/USDT:USDT,118860.7,10.169,118860.6,0.002,118860.8,4.963,118860.9,0.337
1753769573241,06:12:53.241,bybit,BTC/USDT:USDT,118860.7,10.169,118860.6,0.002,118860.8,4.963,118860.9,0.337
1753769573341,06:12:53.341,bybit,BTC/USDT:USDT,118860.7,10.169,118860.6,0.002,118860.8,4.821,118860.9,0.337
1753769573441,06:12:53.441,bybit,BTC/USDT:USDT,118860.7,10.169,118860.6,0.01,118860.8,4.82,118860.9,0.337
1753769573541,06:12:53.541,bybit,BTC/USDT:USDT,118860.7,10.169,118860.6,0.01,118860.8,4.819,118860.9,0.337
1753769573641,06:12:53.641,bybit,BTC/USDT:USDT,118860.7,10.066,118860.6,0.01,118860.8,4.813,118861.0,0.038
1753769573741,06:12:53.741,bybit,BTC/USDT:USDT,118860.7,10.066,118860.6,0.01,118860.8,4.813,118861.0,0.038
1753769573841,06:12:53.841,bybit,BTC/USDT:USDT,118860.7,10.064,118860.6,0.01,118860.8,4.813,118861.0,0.038
1753769573941,06:12:53.941,bybit,BTC/USDT:USDT,118860.7,10.066,118860.6,0.01,118860.8,4.816,118861.0,0.038
1753769574042,06:12:54.042,bybit,BTC/USDT:USDT,118860.7,10.066,118860.6,0.01,118860.8,4.816,118861.0,0.038
1753769574141,06:12:54.141,bybit,BTC/USDT:USDT,118860.7,10.066,118860.6,0.01,118860.8,4.816,118861.0,0.038
1753769574241,06:12:54.241,bybit,BTC/USDT:USDT,118860.7,10.066,118860.6,0.01,118860.8,5.497,118861.0,0.038
1753769574341,06:12:54.341,bybit,BTC/USDT:USDT,118860.7,10.066,118860.6,0.01,118860.8,5.497,118861.0,0.038
1753769574441,06:12:54.441,bybit,BTC/USDT:USDT,118860.7,10.066,118860.6,0.01,118860.8,5.425,118861.0,0.038
1753769574541,06:12:54.541,bybit,BTC/USDT:USDT,118860.7,10.064,118860.6,0.01,118860.8,4.714,118861.0,0.038
1753769574641,06:12:54.641,bybit,BTC/USDT:USDT,118860.7,10.064,118860.6,0.01,118860.8,4.745,118861.0,0.038
1753769574741,06:12:54.741,bybit,BTC/USDT:USDT,118860.7,10.064,118860.6,0.01,118860.8,4.746,118861.0,0.038
1753769574841,06:12:54.841,bybit,BTC/USDT:USDT,118860.7,10.064,118860.6,0.01,118860.8,4.746,118861.0,0.038
1753769574941,06:12:54.941,bybit,BTC/USDT:USDT,118860.7,10.064,118860.6,0.01,118860.8,4.746,118861.0,0.038
1753769575042,06:12:55.042,bybit,BTC/USDT:USDT,118860.7,10.064,118860.6,0.01,118860.8,4.721,118861.0,0.038
1753769575141,06:12:55.141,bybit,BTC/USDT:USDT,118860.7,10.064,118860.6,0.01,118860.8,4.721,118861.0,0.038
1753769575241,06:12:55.241,bybit,BTC/USDT:USDT,118860.7,10.061,118860.6,0.01,118860.8,4.721,118861.0,0.038
1753769575341,06:12:55.341,bybit,BTC/USDT:USDT,118860.7,10.061,118860.6,0.01,118860.8,4.721,118861.0,0.038
1753769575442,06:12:55.442,bybit,BTC/USDT:USDT,118860.7,10.061,118860.6,0.01,118860.8,4.721,118861.0,0.038
1753769575541,06:12:55.541,bybit,BTC/USDT:USDT,118860.7,10.061,118860.6,0.01,118860.8,4.752,118861.0,0.038
1753769575641,06:12:55.641,bybit,BTC/USDT:USDT,118860.7,10.076,118860.6,0.01,118860.8,4.721,118861.0,0.038
1753769575743,06:12:55.743,bybit,BTC/USDT:USDT,118860.7,10.114,118860.6,0.01,118860.8,4.752,118861.0,0.038
1753769575841,06:12:55.841,bybit,BTC/USDT:USDT,118860.7,10.114,118860.6,0.01,118860.8,4.753,118861.0,0.038
1753769575941,06:12:55.941,bybit,BTC/USDT:USDT,118860.7,10.114,118860.6,0.01,118860.8,4.721,118861.0,0.038
1753769576042,06:12:56.042,bybit,BTC/USDT:USDT,118860.7,10.114,118860.6,0.01,118860.8,4.721,118861.0,0.038
1753769576141,06:12:56.141,bybit,BTC/USDT:USDT,118860.7,10.114,118860.6,0.01,118860.8,4.691,118861.0,0.038
1753769576242,06:12:56.242,bybit,BTC/USDT:USDT,118860.7,10.114,118860.6,0.01,118860.8,4.691,118861.0,0.038
1753769576341,06:12:56.341,bybit,BTC/USDT:USDT,118860.7,10.114,118860.6,0.01,118860.8,4.691,118861.0,0.038
1753769576441,06:12:56.441,bybit,BTC/USDT:USDT,118860.7,10.104,118860.6,0.01,118860.8,4.691,118861.0,0.038
1753769576542,06:12:56.542,bybit,BTC/USDT:USDT,118860.7,10.104,118860.6,0.01,118860.8,4.722,118861.0,0.038
1753769576641,06:12:56.641,bybit,BTC/USDT:USDT,118860.7,10.104,118860.6,0.01,118860.8,4.691,118861.0,0.038
1753769576741,06:12:56.741,bybit,BTC/USDT:USDT,118860.7,10.104,118860.6,0.01,118860.8,4.691,118861.0,0.038
1753769576841,06:12:56.841,bybit,BTC/USDT:USDT,118860.7,10.104,118860.6,0.01,118860.8,4.691,118861.0,0.038
1753769576942,06:12:56.942,bybit,BTC/USDT:USDT,118860.7,10.108,118860.6,0.01,118860.8,5.403,118861.0,0.038
1753769577041,06:12:57.041,bybit,BTC/USDT:USDT,118860.7,10.108,118860.6,0.01,118860.8,5.403,118861.0,0.038
1753769577141,06:12:57.141,bybit,BTC/USDT:USDT,118860.7,10.106,118860.6,0.01,118860.8,4.693,118861.0,0.038
1753769577241,06:12:57.241,bybit,BTC/USDT:USDT,118860.7,10.106,118860.6,0.01,118860.8,4.693,118861.0,0.038
1753769577341,06:12:57.341,bybit,BTC/USDT:USDT,118860.7,10.108,118860.6,0.01,118860.8,4.693,118861.0,0.038
1753769577442,06:12:57.442,bybit,BTC/USDT:USDT,118860.7,10.107,118860.6,0.01,118860.8,4.693,118861.0,0.038
1753769577542,06:12:57.542,bybit,BTC/USDT:USDT,118860.7,10.107,118860.6,0.01,118860.8,4.724,118861.0,0.038
1753769577641,06:12:57.641,bybit,BTC/USDT:USDT,118860.7,10.107,118860.6,0.01,118860.8,4.722,118861.0,0.038
1753769577742,06:12:57.742,bybit,BTC/USDT:USDT,118860.7,10.107,118860.6,0.01,118860.8,4.722,118861.0,0.038
1753769577841,06:12:57.841,bybit,BTC/USDT:USDT,118860.7,10.11,118860.6,0.01,118860.8,4.722,118861.0,0.038
1753769577941,06:12:57.941,bybit,BTC/USDT:USDT,118860.7,10.11,118860.6,0.01,118860.8,4.722,118861.0,0.038
1753769578041,06:12:58.041,bybit,BTC/USDT:USDT,118860.7,10.11,118860.6,0.01,118860.8,4.723,118861.0,0.038
1753769578141,06:12:58.141,bybit,BTC/USDT:USDT,118860.7,10.111,118860.6,0.01,118860.8,4.722,118861.0,0.038
1753769578242,06:12:58.242,bybit,BTC/USDT:USDT,118860.7,10.111,118860.6,0.01,118860.8,4.691,118861.0,0.038
1753769578341,06:12:58.341,bybit,BTC/USDT:USDT,118860.7,10.111,118860.6,0.01,118860.8,4.691,118860.9,0.337
1753769578441,06:12:58.441,bybit,BTC/USDT:USDT,118860.7,10.111,118860.6,0.01,118860.8,4.691,118860.9,0.337
1753769578541,06:12:58.541,bybit,BTC/USDT:USDT,118860.7,10.111,118860.6,0.01,118860.8,4.691,118860.9,0.337
1753769578641,06:12:58.641,bybit,BTC/USDT:USDT,118860.7,10.111,118860.6,0.01,118860.8,4.692,118860.9,0.337
1753769578742,06:12:58.742,bybit,BTC/USDT:USDT,118860.7,10.116,118860.6,0.01,118860.8,4.691,118860.9,0.337
1753769578842,06:12:58.842,bybit,BTC/USDT:USDT,118860.7,10.116,118860.6,0.01,118860.8,3.891,118860.9,0.337
1753769578942,06:12:58.942,bybit,BTC/USDT:USDT,118860.7,10.116,118860.6,0.01,118860.8,3.434,118860.9,0.337
1753769579041,06:12:59.041,bybit,BTC/USDT:USDT,118860.7,10.116,118860.6,0.01,118860.8,3.434,118860.9,0.337
1753769579141,06:12:59.141,bybit,BTC/USDT:USDT,118860.7,10.067,118860.6,0.01,118860.8,3.694,118860.9,0.337
1753769579241,06:12:59.241,bybit,BTC/USDT:USDT,118860.7,10.067,118860.6,0.01,118860.8,3.725,118860.9,0.337
1753769579341,06:12:59.341,bybit,BTC/USDT:USDT,118860.7,10.067,118860.6,0.01,118860.8,3.702,118860.9,0.337
1753769579442,06:12:59.442,bybit,BTC/USDT:USDT,118860.7,10.066,118860.6,0.01,118860.8,3.702,118860.9,0.337
1753769579642,06:12:59.642,bybit,BTC/USDT:USDT,118860.7,10.066,118860.6,0.01,118860.8,3.686,118860.9,0.337
1753769579743,06:12:59.743,bybit,BTC/USDT:USDT,118860.7,10.066,118860.6,0.01,118860.8,3.717,118860.9,0.337
1753769579841,06:12:59.841,bybit,BTC/USDT:USDT,118860.7,10.066,118860.6,0.01,118860.8,3.686,118860.9,0.337
1753769579941,06:12:59.941,bybit,BTC/USDT:USDT,118860.7,10.066,118860.6,0.01,118860.8,3.686,118860.9,0.337
1753769580042,06:13:00.042,bybit,BTC/USDT:USDT,118860.7,10.066,118860.6,0.01,118860.8,3.686,118860.9,0.337
1753769580142,06:13:00.142,bybit,BTC/USDT:USDT,118860.7,10.066,118860.6,0.01,118860.8,3.719,118860.9,0.337
1753769580242,06:13:00.242,bybit,BTC/USDT:USDT,118860.7,10.066,118860.6,0.01,118860.8,3.719,118860.9,0.337
1753769580341,06:13:00.341,bybit,BTC/USDT:USDT,118860.7,10.066,118860.6,0.01,118860.8,3.719,118860.9,0.337
1753769580441,06:13:00.441,bybit,BTC/USDT:USDT,118860.7,10.067,118860.6,0.01,118860.8,3.689,118860.9,0.337
1753769580541,06:13:00.541,bybit,BTC/USDT:USDT,118860.7,10.067,118860.6,0.01,118860.8,3.424,118860.9,0.337
1753769580641,06:13:00.641,bybit,BTC/USDT:USDT,118860.7,10.067,118860.6,0.01,118860.8,3.455,118860.9,0.337
1753769580741,06:13:00.741,bybit,BTC/USDT:USDT,118860.7,10.067,118860.6,0.01,118860.8,3.416,118860.9,0.337
1753769580841,06:13:00.841,bybit,BTC/USDT:USDT,118860.7,10.067,118860.6,0.01,118860.8,3.686,118860.9,0.337
1753769580942,06:13:00.942,bybit,BTC/USDT:USDT,118860.7,10.067,118860.6,0.01,118860.8,3.686,118860.9,0.337
1753769581141,06:13:01.141,bybit,BTC/USDT:USDT,118860.7,10.067,118860.6,0.01,118860.8,3.686,118860.9,0.337
1753769581242,06:13:01.242,bybit,BTC/USDT:USDT,118860.7,10.067,118860.6,0.01,118860.8,3.686,118860.9,0.337
1753769581341,06:13:01.341,bybit,BTC/USDT:USDT,118860.7,10.067,118860.6,0.01,118860.8,3.686,118860.9,0.337
1753769581442,06:13:01.442,bybit,BTC/USDT:USDT,118860.7,9.591,118860.6,0.01,118860.8,6.01,118860.9,0.337
1753769581541,06:13:01.541,bybit,BTC/USDT:USDT,118860.7,9.591,118860.6,0.01,118860.8,6.009,118860.9,0.337
1753769581641,06:13:01.641,bybit,BTC/USDT:USDT,118860.7,9.591,118860.6,0.01,118860.8,5.683,118860.9,0.337
1753769581743,06:13:01.743,bybit,BTC/USDT:USDT,118860.7,8.576,118860.6,0.01,118860.8,5.683,118860.9,0.337
1753769581842,06:13:01.842,bybit,BTC/USDT:USDT,118860.7,8.032,118860.6,0.01,118860.8,5.729,118860.9,0.337
1753769581941,06:13:01.941,bybit,BTC/USDT:USDT,118860.7,8.063,118860.6,0.008,118860.8,5.682,118860.9,0.337
1753769582042,06:13:02.042,bybit,BTC/USDT:USDT,118860.7,8.058,118860.6,0.008,118860.8,5.682,118860.9,0.337
1753769582142,06:13:02.142,bybit,BTC/USDT:USDT,118860.7,7.915,118860.6,0.008,118860.8,5.683,118860.9,0.396
1753769582241,06:13:02.241,bybit,BTC/USDT:USDT,118860.7,7.915,118860.6,0.008,118860.8,5.683,118860.9,0.396
1753769582341,06:13:02.341,bybit,BTC/USDT:USDT,118860.7,7.948,118860.6,0.008,118860.8,5.681,118860.9,0.396
1753769582441,06:13:02.441,bybit,BTC/USDT:USDT,118860.7,7.948,118860.6,0.008,118860.8,5.679,118860.9,0.396
1753769582541,06:13:02.541,bybit,BTC/USDT:USDT,118860.7,7.91,118860.6,0.008,118860.8,7.459,118860.9,0.337
1753769582642,06:13:02.642,bybit,BTC/USDT:USDT,118860.7,7.91,118860.6,0.008,118860.8,7.462,118860.9,0.337
1753769582742,06:13:02.742,bybit,BTC/USDT:USDT,118860.7,7.91,118860.6,0.008,118860.8,7.462,118860.9,0.337
1753769582842,06:13:02.842,bybit,BTC/USDT:USDT,118860.7,7.91,118860.6,0.008,118860.8,7.462,118860.9,0.337
1753769582941,06:13:02.941,bybit,BTC/USDT:USDT,118860.7,7.91,118860.6,0.008,118860.8,7.462,118860.9,0.337
1753769583041,06:13:03.041,bybit,BTC/USDT:USDT,118860.7,7.892,118860.6,0.008,118860.8,7.463,118860.9,0.337
1753769583141,06:13:03.141,bybit,BTC/USDT:USDT,118860.7,7.892,118860.6,0.008,118860.8,7.461,118860.9,0.337
1753769583241,06:13:03.241,bybit,BTC/USDT:USDT,118860.7,7.892,118860.6,0.008,118860.8,7.455,118860.9,0.337
1753769583341,06:13:03.341,bybit,BTC/USDT:USDT,118860.7,8.891,118860.6,0.01,118860.8,7.495,118860.9,0.337
1753769583441,06:13:03.441,bybit,BTC/USDT:USDT,118860.7,8.891,118860.6,0.01,118860.8,7.495,118860.9,0.337
1753769583542,06:13:03.542,bybit,BTC/USDT:USDT,118860.7,8.891,118860.6,0.01,118860.8,7.495,118860.9,0.338
1753769583641,06:13:03.641,bybit,BTC/USDT:USDT,118860.7,8.891,118860.6,0.01,118860.8,7.495,118860.9,0.337
1753769583743,06:13:03.743,bybit,BTC/USDT:USDT,118860.7,8.569,118860.6,0.01,118860.8,7.495,118860.9,0.337
1753769583841,06:13:03.841,bybit,BTC/USDT:USDT,118860.7,8.569,118860.6,0.01,118860.8,7.495,118860.9,0.338
1753769583942,06:13:03.942,bybit,BTC/USDT:USDT,118860.7,8.303,118860.6,0.01,118860.8,7.495,118860.9,0.337
1753769584042,06:13:04.042,bybit,BTC/USDT:USDT,118860.7,8.349,118860.6,0.01,118860.8,7.495,118860.9,0.337
1753769584141,06:13:04.141,bybit,BTC/USDT:USDT,118860.7,8.411,118860.6,0.01,118860.8,7.495,118860.9,0.337
1753769584241,06:13:04.241,bybit,BTC/USDT:USDT,118860.7,8.334,118860.6,0.01,118860.8,7.495,118860.9,0.337
1753769584341,06:13:04.341,bybit,BTC/USDT:USDT,118860.7,8.288,118860.6,0.01,118860.8,7.695,118860.9,0.337
1753769584442,06:13:04.442,bybit,BTC/USDT:USDT,118860.7,8.288,118860.6,0.008,118860.8,7.695,118860.9,0.537
1753769584541,06:13:04.541,bybit,BTC/USDT:USDT,118860.7,8.288,118860.6,0.008,118860.8,7.695,118860.9,0.537
1753769585141,06:13:05.141,bybit,BTC/USDT:USDT,118860.7,8.411,118860.6,0.008,118860.8,8.264,118860.9,0.537
1753769585241,06:13:05.241,bybit,BTC/USDT:USDT,118860.7,8.411,118860.6,0.008,118860.8,8.264,118860.9,0.537
1753769585341,06:13:05.341,bybit,BTC/USDT:USDT,118860.7,8.411,118860.6,0.008,118860.8,7.98,118860.9,0.537
1753769585441,06:13:05.441,bybit,BTC/USDT:USDT,118860.7,8.414,118860.6,0.008,118860.8,7.98,118860.9,0.537
1753769585541,06:13:05.541,bybit,BTC/USDT:USDT,118860.7,8.414,118860.6,0.008,118860.8,7.83,118860.9,0.537
1753769585642,06:13:05.642,bybit,BTC/USDT:USDT,118860.7,8.414,118860.6,0.008,118860.8,7.832,118860.9,0.537
1753769585743,06:13:05.743,bybit,BTC/USDT:USDT,118860.7,8.773,118860.6,0.01,118860.8,7.746,118860.9,0.537
1753769585842,06:13:05.842,bybit,BTC/USDT:USDT,118860.7,8.747,118860.6,0.01,118860.8,7.752,118860.9,0.537
1753769585941,06:13:05.941,bybit,BTC/USDT:USDT,118860.7,8.748,118860.6,0.01,118860.8,7.752,118860.9,0.537
1753769586042,06:13:06.042,bybit,BTC/USDT:USDT,118860.7,8.774,118860.6,0.01,118860.8,7.752,118860.9,0.938
1753769586142,06:13:06.142,bybit,BTC/USDT:USDT,118860.7,8.71,118860.6,0.01,118860.8,7.75,118860.9,0.938
1753769586241,06:13:06.241,bybit,BTC/USDT:USDT,118860.7,8.719,118860.6,0.01,118860.8,7.75,118860.9,0.601
1753769586342,06:13:06.342,bybit,BTC/USDT:USDT,118860.7,8.73,118860.6,0.01,118860.8,7.749,118860.9,0.601
1753769586442,06:13:06.442,bybit,BTC/USDT:USDT,118860.7,8.73,118860.6,0.01,118860.8,7.749,118860.9,0.601
1753769586541,06:13:06.541,bybit,BTC/USDT:USDT,118860.7,8.73,118860.6,0.01,118860.8,7.749,118860.9,0.601
1753769586641,06:13:06.641,bybit,BTC/USDT:USDT,118860.7,8.73,118860.6,0.01,118860.8,7.749,118860.9,0.601
1753769586742,06:13:06.742,bybit,BTC/USDT:USDT,118860.7,8.73,118860.6,0.01,118860.8,7.749,118860.9,0.601
1753769586841,06:13:06.841,bybit,BTC/USDT:USDT,118860.7,8.721,118860.6,0.01,118860.8,7.749,118860.9,0.601
1753769586942,06:13:06.942,bybit,BTC/USDT:USDT,118860.7,8.721,118860.6,0.01,118860.8,7.749,118860.9,0.601
1753769587041,06:13:07.041,bybit,BTC/USDT:USDT,118860.7,8.721,118860.6,0.01,118860.8,7.749,118860.9,0.601
1753769587142,06:13:07.142,bybit,BTC/USDT:USDT,118860.7,8.721,118860.6,0.01,118860.8,7.749,118860.9,0.601
1753769587242,06:13:07.242,bybit,BTC/USDT:USDT,118860.7,8.721,118860.6,0.01,118860.8,7.749,118860.9,0.601
1753769587341,06:13:07.341,bybit,BTC/USDT:USDT,118860.7,8.721,118860.6,0.01,118860.8,8.077,118860.9,0.601
1753769587442,06:13:07.442,bybit,BTC/USDT:USDT,118860.7,8.721,118860.6,0.01,118860.8,8.077,118860.9,0.601
1753769587542,06:13:07.542,bybit,BTC/USDT:USDT,118860.7,8.721,118860.6,0.01,118860.8,8.077,118860.9,0.601
1753769587642,06:13:07.642,bybit,BTC/USDT:USDT,118860.7,8.711,118860.6,0.01,118860.8,8.157,118860.9,0.601
1753769587741,06:13:07.741,bybit,BTC/USDT:USDT,118860.7,8.711,118860.6,0.01,118860.8,7.957,118860.9,0.601
1753769587841,06:13:07.841,bybit,BTC/USDT:USDT,118860.7,8.711,118860.6,0.01,118860.8,7.957,118860.9,0.601
1753769587942,06:13:07.942,bybit,BTC/USDT:USDT,118860.7,8.711,118860.6,0.01,118860.8,7.957,118860.9,0.601
1753769588041,06:13:08.041,bybit,BTC/USDT:USDT,118860.7,8.332,118860.6,0.01,118860.8,8.157,118860.9,0.601
1753769588142,06:13:08.142,bybit,BTC/USDT:USDT,118860.7,8.37,118860.6,0.008,118860.8,8.157,118860.9,0.852
1753769588242,06:13:08.242,bybit,BTC/USDT:USDT,118860.7,8.37,118860.6,0.008,118860.8,8.157,118860.9,0.852
1753769588342,06:13:08.342,bybit,BTC/USDT:USDT,118860.7,8.37,118860.6,0.008,118860.8,7.957,118860.9,0.852
1753769588441,06:13:08.441,bybit,BTC/USDT:USDT,118860.7,8.37,118860.6,0.008,118860.8,8.157,118860.9,0.852
1753769588541,06:13:08.541,bybit,BTC/USDT:USDT,118860.7,8.37,118860.6,0.008,118860.8,8.157,118860.9,0.852
1753769588641,06:13:08.641,bybit,BTC/USDT:USDT,118860.7,8.37,118860.6,0.008,118860.8,8.157,118860.9,0.852
1753769588741,06:13:08.741,bybit,BTC/USDT:USDT,118860.7,8.37,118860.6,0.008,118860.8,7.956,118860.9,0.852
1753769588841,06:13:08.841,bybit,BTC/USDT:USDT,118860.7,8.37,118860.6,0.008,118860.8,7.946,118860.9,0.852
1753769588941,06:13:08.941,bybit,BTC/USDT:USDT,118860.7,8.371,118860.6,0.008,118860.8,7.945,118860.9,0.852
1753769589041,06:13:09.041,bybit,BTC/USDT:USDT,118860.7,8.371,118860.6,0.008,118860.8,7.945,118860.9,0.852
1753769589141,06:13:09.141,bybit,BTC/USDT:USDT,118860.7,5.81,118860.6,0.008,118860.8,7.955,118860.9,0.852
1753769589241,06:13:09.241,bybit,BTC/USDT:USDT,118860.7,5.055,118860.6,0.008,118860.8,8.0,118860.9,0.852
1753769589342,06:13:09.342,bybit,BTC/USDT:USDT,118860.7,5.192,118860.6,0.008,118860.8,7.957,118860.9,0.852
1753769589441,06:13:09.441,bybit,BTC/USDT:USDT,118860.7,5.269,118860.6,0.008,118860.8,7.999,118860.9,0.852
1753769589541,06:13:09.541,bybit,BTC/USDT:USDT,118860.7,5.315,118860.6,0.008,118860.8,7.999,118860.9,0.852
1753769589641,06:13:09.641,bybit,BTC/USDT:USDT,118860.7,5.315,118860.6,0.008,118860.8,7.999,118860.9,0.852
1753769589742,06:13:09.742,bybit,BTC/USDT:USDT,118860.7,5.315,118860.6,0.008,118860.8,7.997,118860.9,0.852
1753769589841,06:13:09.841,bybit,BTC/USDT:USDT,118860.7,5.315,118860.6,0.008,118860.8,7.955,118860.9,0.852
1753769589941,06:13:09.941,bybit,BTC/USDT:USDT,118860.7,5.315,118860.6,0.008,118860.8,7.997,118860.9,0.852
1753769590041,06:13:10.041,bybit,BTC/USDT:USDT,118860.7,5.315,118860.6,0.008,118860.8,7.997,118860.9,0.852
1753769590142,06:13:10.142,bybit,BTC/USDT:USDT,118860.7,5.315,118860.6,0.008,118860.8,7.997,118860.9,0.852
1753769590241,06:13:10.241,bybit,BTC/USDT:USDT,118860.7,5.315,118860.6,0.008,118860.8,7.997,118860.9,0.852
1753769590342,06:13:10.342,bybit,BTC/USDT:USDT,118860.7,5.315,118860.6,0.008,118860.8,7.942,118860.9,0.852
1753769590441,06:13:10.441,bybit,BTC/USDT:USDT,118860.7,5.315,118860.6,0.008,118860.8,7.941,118860.9,0.852
1753769590541,06:13:10.541,bybit,BTC/USDT:USDT,118860.7,5.315,118860.6,0.008,118860.8,7.85,118860.9,0.852
1753769590641,06:13:10.641,bybit,BTC/USDT:USDT,118860.7,5.315,118860.6,0.008,118860.8,7.85,118860.9,0.852
1753769590742,06:13:10.742,bybit,BTC/USDT:USDT,118860.7,5.817,118860.6,0.008,118860.8,7.067,118860.9,0.601
1753769590841,06:13:10.841,bybit,BTC/USDT:USDT,118860.7,6.001,118860.6,0.008,118860.8,7.067,118860.9,0.601
1753769590941,06:13:10.941,bybit,BTC/USDT:USDT,118860.7,6.001,118860.6,0.008,118860.8,7.067,118860.9,0.938
1753769591042,06:13:11.042,bybit,BTC/USDT:USDT,118860.7,6.001,118860.6,0.008,118860.8,7.067,118860.9,0.938
1753769591142,06:13:11.142,bybit,BTC/USDT:USDT,118860.7,5.933,118860.6,0.008,118860.8,7.067,118860.9,0.938
1753769591241,06:13:11.241,bybit,BTC/USDT:USDT,118860.7,5.872,118860.6,0.008,118860.8,7.067,118860.9,0.938
1753769591542,06:13:11.542,bybit,BTC/USDT:USDT,118860.7,6.015,118860.6,0.008,118860.8,7.164,118860.9,0.938
1753769591641,06:13:11.641,bybit,BTC/USDT:USDT,118860.7,6.015,118860.6,0.008,118860.8,7.164,118860.9,0.938
1753769591743,06:13:11.743,bybit,BTC/USDT:USDT,118860.7,6.015,118860.6,0.008,118860.8,7.164,118860.9,0.938
1753769591841,06:13:11.841,bybit,BTC/USDT:USDT,118860.7,6.015,118860.6,0.008,118860.8,7.164,118860.9,0.938
1753769591941,06:13:11.941,bybit,BTC/USDT:USDT,118860.7,6.015,118860.6,0.008,118860.8,7.164,118860.9,0.938
1753769592041,06:13:12.041,bybit,BTC/USDT:USDT,118860.7,6.015,118860.6,0.008,118860.8,7.164,118860.9,0.938
1753769592141,06:13:12.141,bybit,BTC/USDT:USDT,118860.7,5.959,118860.6,0.008,118860.8,7.164,118860.9,0.938
1753769592241,06:13:12.241,bybit,BTC/USDT:USDT,118860.7,5.846,118860.6,0.008,118860.8,7.164,118860.9,0.938
1753769592341,06:13:12.341,bybit,BTC/USDT:USDT,118860.7,5.87,118860.6,0.008,118860.8,7.32,118860.9,0.738
1753769592441,06:13:12.441,bybit,BTC/USDT:USDT,118860.7,5.127,118860.6,0.008,118860.8,7.987,118860.9,0.738
1753769592541,06:13:12.541,bybit,BTC/USDT:USDT,118860.7,5.173,118860.6,0.008,118860.8,7.987,118860.9,0.738
1753769592641,06:13:12.641,bybit,BTC/USDT:USDT,118860.7,5.127,118860.6,0.008,118860.8,7.987,118860.9,0.738
1753769592741,06:13:12.741,bybit,BTC/USDT:USDT,118860.7,5.173,118860.6,0.008,118860.8,7.987,118860.9,0.738
1753769592841,06:13:12.841,bybit,BTC/USDT:USDT,118860.7,5.173,118860.6,0.008,118860.8,7.987,118860.9,0.738
1753769592942,06:13:12.942,bybit,BTC/USDT:USDT,118860.7,5.25,118860.6,0.008,118860.8,7.987,118860.9,0.738
1753769593041,06:13:13.041,bybit,BTC/USDT:USDT,118860.7,5.25,118860.6,0.008,118860.8,7.987,118860.9,0.738
1753769593141,06:13:13.141,bybit,BTC/USDT:USDT,118860.7,5.25,118860.6,0.008,118860.8,7.989,118860.9,0.738
1753769593242,06:13:13.242,bybit,BTC/USDT:USDT,118860.7,5.25,118860.6,0.008,118860.8,7.898,118860.9,0.738
1753769593341,06:13:13.341,bybit,BTC/USDT:USDT,118860.7,5.204,118860.6,0.008,118860.8,7.99,118860.9,0.738
1753769593441,06:13:13.441,bybit,BTC/USDT:USDT,118860.7,5.25,118860.6,0.008,118860.8,7.891,118860.9,0.738
1753769593542,06:13:13.542,bybit,BTC/USDT:USDT,118857.2,2.56,118856.9,2.062,118857.3,10.004,118857.4,0.055
1753769593841,06:13:13.841,bybit,BTC/USDT:USDT,118857.2,2.703,118856.9,2.062,118857.3,10.48,118857.4,0.056
1753769593941,06:13:13.941,bybit,BTC/USDT:USDT,118857.2,2.652,118856.9,2.062,118857.3,10.514,118857.4,0.056
1753769594041,06:13:14.041,bybit,BTC/USDT:USDT,118857.2,2.652,118856.9,2.062,118857.3,10.516,118857.4,0.056
1753769594141,06:13:14.141,bybit,BTC/USDT:USDT,118857.2,2.662,118856.9,2.062,118857.3,10.516,118857.4,0.056
1753769594242,06:13:14.242,bybit,BTC/USDT:USDT,118857.2,2.662,118856.9,2.062,118857.3,10.554,118857.4,0.056
1753769594342,06:13:14.342,bybit,BTC/USDT:USDT,118857.2,2.662,118856.9,2.062,118857.3,10.596,118857.4,0.056
1753769594441,06:13:14.441,bybit,BTC/USDT:USDT,118857.2,2.662,118856.9,2.062,118857.3,10.596,118857.4,0.056
1753769594541,06:13:14.541,bybit,BTC/USDT:USDT,118857.2,2.662,118856.9,2.062,118857.3,10.667,118857.4,0.056
1753769594741,06:13:14.741,bybit,BTC/USDT:USDT,118857.2,2.566,118856.9,2.062,118857.3,10.667,118857.4,0.056
1753769594841,06:13:14.841,bybit,BTC/USDT:USDT,118857.2,2.566,118856.9,2.062,118857.3,10.585,118857.4,0.056
1753769594941,06:13:14.941,bybit,BTC/USDT:USDT,118857.2,2.566,118856.9,2.062,118857.3,10.585,118857.4,0.056
1753769595041,06:13:15.041,bybit,BTC/USDT:USDT,118857.2,2.566,118856.9,2.062,118857.3,10.585,118857.4,0.056
1753769595141,06:13:15.141,bybit,BTC/USDT:USDT,118857.2,2.566,118856.9,2.062,118857.3,10.589,118857.4,0.056
1753769595242,06:13:15.242,bybit,BTC/USDT:USDT,118857.2,2.566,118856.9,2.062,118857.3,10.439,118857.4,0.056
1753769595341,06:13:15.341,bybit,BTC/USDT:USDT,118857.2,2.565,118856.9,2.062,118857.3,10.44,118857.4,0.056
1753769595442,06:13:15.442,bybit,BTC/USDT:USDT,118857.2,2.565,118856.9,2.062,118857.3,10.44,118857.4,0.056
1753769595542,06:13:15.542,bybit,BTC/USDT:USDT,118857.2,3.565,118856.9,2.062,118857.3,10.437,118857.4,0.056
1753769595741,06:13:15.741,bybit,BTC/USDT:USDT,118857.2,3.565,118856.9,2.062,118857.3,10.74,118857.4,0.056
1753769595841,06:13:15.841,bybit,BTC/USDT:USDT,118857.2,3.565,118856.9,2.062,118857.3,10.74,118857.4,0.056
1753769595941,06:13:15.941,bybit,BTC/USDT:USDT,118857.2,3.565,118856.9,2.062,118857.3,10.74,118857.4,0.056
1753769596041,06:13:16.041,bybit,BTC/USDT:USDT,118857.2,3.565,118856.9,2.062,118857.3,10.736,118857.4,0.056
1753769596141,06:13:16.141,bybit,BTC/USDT:USDT,118857.2,3.565,118856.9,2.062,118857.3,10.736,118857.4,0.056
1753769596241,06:13:16.241,bybit,BTC/USDT:USDT,118857.2,3.591,118856.9,2.062,118857.3,10.736,118857.4,0.056
1753769596341,06:13:16.341,bybit,BTC/USDT:USDT,118857.2,3.733,118856.9,2.062,118857.3,10.188,118857.4,0.056
1753769596441,06:13:16.441,bybit,BTC/USDT:USDT,118857.2,4.263,118856.9,2.062,118857.3,10.146,118857.4,0.056
1753769596541,06:13:16.541,bybit,BTC/USDT:USDT,118857.2,4.263,118856.9,2.062,118857.3,10.146,118857.4,0.056
1753769596641,06:13:16.641,bybit,BTC/USDT:USDT,118857.2,4.34,118856.9,2.062,118857.3,10.152,118857.4,0.056
1753769596741,06:13:16.741,bybit,BTC/USDT:USDT,118857.2,4.343,118856.9,2.062,118857.3,10.152,118857.4,0.056
1753769596841,06:13:16.841,bybit,BTC/USDT:USDT,118857.2,4.343,118856.9,2.062,118857.3,9.944,118857.4,0.056
1753769596941,06:13:16.941,bybit,BTC/USDT:USDT,118857.2,4.343,118856.9,2.062,118857.3,9.944,118857.4,0.056
1753769597041,06:13:17.041,bybit,BTC/USDT:USDT,118857.2,4.343,118856.9,2.062,118857.3,9.99,118857.4,0.056
1753769597142,06:13:17.142,bybit,BTC/USDT:USDT,118857.2,4.343,118856.9,2.062,118857.3,9.99,118857.4,0.056
1753769597241,06:13:17.241,bybit,BTC/USDT:USDT,118857.2,4.343,118857.0,0.548,118857.3,9.99,118857.4,0.056
1753769597341,06:13:17.341,bybit,BTC/USDT:USDT,118857.2,4.343,118857.0,0.548,118857.3,9.988,118857.4,0.056
1753769597442,06:13:17.442,bybit,BTC/USDT:USDT,118857.2,4.343,118857.0,0.548,118857.3,9.988,118857.4,0.056
1753769597541,06:13:17.541,bybit,BTC/USDT:USDT,118857.2,4.24,118857.0,0.548,118857.3,10.03,118857.4,0.056
1753769597641,06:13:17.641,bybit,BTC/USDT:USDT,118857.2,4.268,118856.9,2.062,118857.3,10.03,118857.4,0.056
1753769597741,06:13:17.741,bybit,BTC/USDT:USDT,118857.2,4.345,118856.9,2.062,118857.3,10.03,118857.4,0.056
1753769597841,06:13:17.841,bybit,BTC/USDT:USDT,118857.2,4.345,118856.9,2.062,118857.3,9.988,118857.4,0.056
1753769597942,06:13:17.942,bybit,BTC/USDT:USDT,118857.2,4.345,118856.9,2.062,118857.3,9.988,118857.4,0.056
1753769598041,06:13:18.041,bybit,BTC/USDT:USDT,118857.2,4.345,118857.0,0.729,118857.3,9.988,118857.4,0.056
1753769598142,06:13:18.142,bybit,BTC/USDT:USDT,118857.2,4.551,118857.0,0.729,118857.3,9.99,118857.4,0.056
1753769598241,06:13:18.241,bybit,BTC/USDT:USDT,118857.2,4.551,118856.9,2.062,118857.3,9.989,118857.4,0.056
1753769598342,06:13:18.342,bybit,BTC/USDT:USDT,118857.2,4.551,118856.9,2.062,118857.3,9.989,118857.4,0.056
1753769598441,06:13:18.441,bybit,BTC/USDT:USDT,118857.2,4.191,118856.9,2.062,118857.3,10.031,118857.4,0.056
1753769598542,06:13:18.542,bybit,BTC/USDT:USDT,118857.2,4.263,118856.9,2.062,118857.3,10.031,118857.4,0.056
1753769598641,06:13:18.641,bybit,BTC/USDT:USDT,118857.2,4.263,118856.9,2.062,118857.3,10.029,118857.4,0.056
1753769598741,06:13:18.741,bybit,BTC/USDT:USDT,118857.2,4.217,118856.9,2.062,118857.3,10.03,118857.4,0.056
1753769598842,06:13:18.842,bybit,BTC/USDT:USDT,118857.2,4.217,118856.9,2.062,118857.3,10.03,118857.4,0.056
1753769598941,06:13:18.941,bybit,BTC/USDT:USDT,118857.2,4.263,118856.9,2.062,118857.3,10.03,118857.4,0.056
1753769599041,06:13:19.041,bybit,BTC/USDT:USDT,118857.2,4.263,118856.9,2.062,118857.3,10.03,118857.4,0.056
1753769599141,06:13:19.141,bybit,BTC/USDT:USDT,118857.2,4.263,118856.9,2.062,118857.3,10.03,118857.4,0.056
1753769599242,06:13:19.242,bybit,BTC/USDT:USDT,118857.2,4.263,118856.9,2.062,118857.3,10.03,118857.4,0.056
1753769599341,06:13:19.341,bybit,BTC/USDT:USDT,118857.2,4.263,118856.9,2.062,118857.3,10.03,118857.4,0.056
1753769599441,06:13:19.441,bybit,BTC/USDT:USDT,118857.2,4.191,118856.9,2.062,118857.3,10.14,118857.4,0.056
1753769599541,06:13:19.541,bybit,BTC/USDT:USDT,118857.2,4.191,118856.9,2.062,118857.3,10.14,118857.4,0.056
1753769599641,06:13:19.641,bybit,BTC/USDT:USDT,118857.2,4.191,118856.9,2.062,118857.3,10.14,118857.4,0.056
1753769599742,06:13:19.742,bybit,BTC/USDT:USDT,118857.2,4.191,118856.9,2.062,118857.3,10.14,118857.4,0.056
1753769599842,06:13:19.842,bybit,BTC/USDT:USDT,118857.2,4.175,118856.9,2.062,118857.3,10.14,118857.4,0.056
1753769599942,06:13:19.942,bybit,BTC/USDT:USDT,118857.2,4.175,118856.9,2.062,118857.3,10.047,118857.4,0.056
1753769600041,06:13:20.041,bybit,BTC/USDT:USDT,118857.2,4.247,118856.9,2.062,118857.3,10.033,118857.4,0.056
1753769600141,06:13:20.141,bybit,BTC/USDT:USDT,118857.2,4.247,118856.9,2.062,118857.3,10.081,118857.4,0.056
1753769600241,06:13:20.241,bybit,BTC/USDT:USDT,118857.2,3.645,118856.9,2.062,118857.3,10.124,118857.4,0.056
1753769600341,06:13:20.341,bybit,BTC/USDT:USDT,118857.2,3.645,118856.9,2.062,118857.3,10.124,118857.4,0.056
1753769600441,06:13:20.441,bybit,BTC/USDT:USDT,118857.2,3.549,118856.9,2.062,118857.3,10.105,118857.4,0.056
1753769600541,06:13:20.541,bybit,BTC/USDT:USDT,118857.2,3.549,118856.9,2.062,118857.3,10.101,118857.4,0.056
1753769600642,06:13:20.642,bybit,BTC/USDT:USDT,118857.2,3.549,118856.9,2.062,118857.3,10.1,118857.4,0.056
1753769600742,06:13:20.742,bybit,BTC/USDT:USDT,118857.2,3.549,118856.9,2.062,118857.3,10.101,118857.4,0.056
1753769600841,06:13:20.841,bybit,BTC/USDT:USDT,118857.2,3.549,118856.9,2.062,118857.3,10.101,118857.4,0.056
1753769600941,06:13:20.941,bybit,BTC/USDT:USDT,118857.2,3.549,118856.9,2.062,118857.3,10.101,118857.4,0.056
1753769601041,06:13:21.041,bybit,BTC/USDT:USDT,118857.2,3.549,118856.9,2.062,118857.3,10.101,118857.4,0.056
1753769601141,06:13:21.141,bybit,BTC/USDT:USDT,118857.2,3.549,118856.9,2.062,118857.3,10.101,118857.4,0.056
1753769601242,06:13:21.242,bybit,BTC/USDT:USDT,118857.2,3.549,118856.9,2.062,118857.3,10.101,118857.4,0.056
1753769601341,06:13:21.341,bybit,BTC/USDT:USDT,118857.2,3.575,118856.9,2.062,118857.3,10.101,118857.4,0.056
1753769601441,06:13:21.441,bybit,BTC/USDT:USDT,118857.2,3.575,118856.9,2.062,118857.3,10.101,118857.4,0.056
1753769601541,06:13:21.541,bybit,BTC/USDT:USDT,118857.2,3.549,118856.9,2.062,118857.3,10.101,118857.4,0.056
1753769601941,06:13:21.941,bybit,BTC/USDT:USDT,118857.2,3.549,118857.0,0.001,118857.3,10.119,118857.4,0.056
1753769602041,06:13:22.041,bybit,BTC/USDT:USDT,118857.2,3.549,118857.0,0.001,118857.3,10.119,118857.4,0.056
1753769602141,06:13:22.141,bybit,BTC/USDT:USDT,118857.2,3.549,118856.9,2.062,118857.3,10.078,118857.4,0.056
1753769602341,06:13:22.341,bybit,BTC/USDT:USDT,118857.2,3.549,118856.9,2.062,118857.3,10.079,118857.4,0.056
1753769602442,06:13:22.442,bybit,BTC/USDT:USDT,118857.2,3.549,118857.1,0.001,118857.3,10.075,118857.4,0.056
1753769602542,06:13:22.542,bybit,BTC/USDT:USDT,118857.2,3.549,118857.1,0.001,118857.3,10.075,118857.4,0.056
1753769602641,06:13:22.641,bybit,BTC/USDT:USDT,118857.2,3.549,118857.1,0.001,118857.3,10.073,118857.4,0.056
1753769602741,06:13:22.741,bybit,BTC/USDT:USDT,118857.2,3.549,118856.9,2.062,118857.3,10.073,118857.4,0.056
1753769602841,06:13:22.841,bybit,BTC/USDT:USDT,118857.2,3.549,118856.9,2.062,118857.3,10.073,118857.4,0.056
1753769602941,06:13:22.941,bybit,BTC/USDT:USDT,118857.2,3.549,118856.9,2.062,118857.3,10.04,118857.4,0.056
1753769603042,06:13:23.042,bybit,BTC/USDT:USDT,118857.2,3.549,118856.9,2.062,118857.3,10.097,118857.4,0.056
1753769603141,06:13:23.141,bybit,BTC/USDT:USDT,118857.2,3.549,118856.9,2.062,118857.3,10.097,118857.4,0.056
1753769603241,06:13:23.241,bybit,BTC/USDT:USDT,118857.2,3.717,118856.9,2.062,118857.3,10.055,118857.4,0.056
1753769603341,06:13:23.341,bybit,BTC/USDT:USDT,118857.2,3.717,118856.9,2.062,118857.3,10.055,118857.4,0.056
1753769603442,06:13:23.442,bybit,BTC/USDT:USDT,118857.2,3.717,118856.9,2.062,118857.3,10.055,118857.4,0.056
1753769603542,06:13:23.542,bybit,BTC/USDT:USDT,118857.2,3.717,118856.9,2.062,118857.3,10.055,118857.4,0.056
1753769603641,06:13:23.641,bybit,BTC/USDT:USDT,118857.2,3.717,118856.9,2.062,118857.3,10.121,118857.4,0.056
1753769603741,06:13:23.741,bybit,BTC/USDT:USDT,118857.2,3.691,118856.9,2.062,118857.3,9.934,118857.4,0.056
1753769603841,06:13:23.841,bybit,BTC/USDT:USDT,118857.2,3.691,118856.9,2.062,118857.3,9.934,118857.4,0.056
1753769603942,06:13:23.942,bybit,BTC/USDT:USDT,118857.2,4.324,118856.9,2.062,118857.3,9.933,118857.4,0.056
1753769604041,06:13:24.041,bybit,BTC/USDT:USDT,118857.2,4.324,118856.9,2.062,118857.3,9.933,118857.4,0.393
1753769604142,06:13:24.142,bybit,BTC/USDT:USDT,118857.2,4.324,118856.9,2.062,118857.3,9.935,118857.4,0.393
1753769604241,06:13:24.241,bybit,BTC/USDT:USDT,118857.2,4.247,118856.9,2.062,118857.3,9.935,118857.4,0.393
1753769604341,06:13:24.341,bybit,BTC/USDT:USDT,118857.2,4.237,118856.9,2.062,118857.3,9.935,118857.4,0.393
1753769604441,06:13:24.441,bybit,BTC/USDT:USDT,118857.2,4.237,118856.9,2.062,118857.3,9.953,118857.4,0.393
1753769604541,06:13:24.541,bybit,BTC/USDT:USDT,118857.2,4.211,118856.9,2.062,118857.3,10.022,118857.4,0.393
1753769604642,06:13:24.642,bybit,BTC/USDT:USDT,118857.2,4.183,118856.9,2.062,118857.3,10.02,118857.4,0.393
1753769604741,06:13:24.741,bybit,BTC/USDT:USDT,118857.2,4.137,118856.9,2.062,118857.3,10.02,118857.4,0.393
1753769604841,06:13:24.841,bybit,BTC/USDT:USDT,118857.2,4.183,118856.9,2.062,118857.3,10.02,118857.4,0.393
1753769604941,06:13:24.941,bybit,BTC/USDT:USDT,118857.2,4.183,118856.9,2.062,118857.3,10.02,118857.4,0.393
1753769605042,06:13:25.042,bybit,BTC/USDT:USDT,118857.2,4.184,118856.9,2.062,118857.3,10.02,118857.4,0.393
1753769605141,06:13:25.141,bybit,BTC/USDT:USDT,118857.2,4.138,118856.9,2.062,118857.3,10.06,118857.4,0.393
1753769605241,06:13:25.241,bybit,BTC/USDT:USDT,118857.2,4.138,118856.9,2.062,118857.3,10.06,118857.4,0.393
1753769605341,06:13:25.341,bybit,BTC/USDT:USDT,118857.2,4.138,118856.9,2.062,118857.3,10.018,118857.4,0.393
1753769605441,06:13:25.441,bybit,BTC/USDT:USDT,118857.2,4.138,118856.9,2.062,118857.3,10.018,118857.4,0.393
1753769605541,06:13:25.541,bybit,BTC/USDT:USDT,118857.2,4.138,118856.9,2.062,118857.3,10.018,118857.4,0.393
1753769605642,06:13:25.642,bybit,BTC/USDT:USDT,118857.2,4.287,118856.9,2.062,118857.3,10.018,118857.4,0.393
1753769605743,06:13:25.743,bybit,BTC/USDT:USDT,118857.2,4.287,118856.9,2.062,118857.3,10.018,118857.4,0.393
1753769605841,06:13:25.841,bybit,BTC/USDT:USDT,118857.2,4.287,118856.9,2.062,118857.3,10.018,118857.4,0.393
1753769605941,06:13:25.941,bybit,BTC/USDT:USDT,118857.2,4.287,118856.9,2.062,118857.3,10.018,118857.4,0.393
1753769606041,06:13:26.041,bybit,BTC/USDT:USDT,118857.2,4.287,118856.9,2.062,118857.3,10.018,118857.4,0.393
1753769606141,06:13:26.141,bybit,BTC/USDT:USDT,118857.2,4.287,118856.9,2.062,118857.3,10.105,118857.4,0.393
1753769606242,06:13:26.242,bybit,BTC/USDT:USDT,118857.2,4.287,118856.9,2.062,118857.3,10.02,118857.4,0.393
1753769606342,06:13:26.342,bybit,BTC/USDT:USDT,118857.2,4.287,118856.9,2.062,118857.3,10.02,118857.4,0.393
1753769606441,06:13:26.441,bybit,BTC/USDT:USDT,118857.2,4.287,118856.9,2.062,118857.3,10.02,118857.4,0.393
1753769606541,06:13:26.541,bybit,BTC/USDT:USDT,118857.2,4.287,118856.9,2.062,118857.3,10.02,118857.4,0.393
1753769606641,06:13:26.641,bybit,BTC/USDT:USDT,118857.2,4.232,118856.9,2.062,118857.3,10.019,118857.4,0.393
1753769606741,06:13:26.741,bybit,BTC/USDT:USDT,118857.2,4.232,118856.9,2.062,118857.3,10.019,118857.4,0.393
1753769606841,06:13:26.841,bybit,BTC/USDT:USDT,118857.2,4.232,118856.9,2.062,118857.3,10.019,118857.4,0.393
1753769606941,06:13:26.941,bybit,BTC/USDT:USDT,118857.2,4.232,118856.9,2.062,118857.3,10.024,118857.4,0.393
1753769607041,06:13:27.041,bybit,BTC/USDT:USDT,118857.2,4.232,118856.9,2.062,118857.3,10.026,118857.4,0.393
1753769607141,06:13:27.141,bybit,BTC/USDT:USDT,118857.2,4.232,118856.9,2.062,118857.3,10.026,118857.4,0.393
1753769607241,06:13:27.241,bybit,BTC/USDT:USDT,118857.2,4.232,118856.9,2.062,118857.3,10.026,118857.4,0.393
1753769607342,06:13:27.342,bybit,BTC/USDT:USDT,118857.2,4.232,118856.9,2.062,118857.3,9.834,118857.4,0.393
1753769607441,06:13:27.441,bybit,BTC/USDT:USDT,118857.2,4.232,118856.9,2.062,118857.3,9.833,118857.4,0.393
1753769607542,06:13:27.542,bybit,BTC/USDT:USDT,118857.2,4.232,118856.9,2.062,118857.3,9.834,118857.4,0.393
1753769607742,06:13:27.742,bybit,BTC/USDT:USDT,118857.2,4.232,118856.9,2.062,118857.3,9.918,118857.4,0.393
1753769607841,06:13:27.841,bybit,BTC/USDT:USDT,118857.2,4.232,118856.9,2.062,118857.3,9.848,118857.4,0.393
1753769607941,06:13:27.941,bybit,BTC/USDT:USDT,118857.2,4.232,118856.9,2.062,118857.3,9.848,118857.4,0.393
1753769608041,06:13:28.041,bybit,BTC/USDT:USDT,118857.2,4.232,118856.9,2.062,118857.3,9.848,118857.4,0.393
1753769608142,06:13:28.142,bybit,BTC/USDT:USDT,118857.2,4.232,118857.1,0.002,118857.3,9.848,118857.4,0.393
1753769608242,06:13:28.242,bybit,BTC/USDT:USDT,118857.2,4.232,118857.1,0.002,118857.3,9.848,118857.4,0.393
1753769608342,06:13:28.342,bybit,BTC/USDT:USDT,118857.2,4.232,118857.1,0.002,118857.3,9.848,118857.4,0.393
1753769608441,06:13:28.441,bybit,BTC/USDT:USDT,118857.2,4.232,118857.1,0.002,118857.3,9.848,118857.4,0.393
1753769608542,06:13:28.542,bybit,BTC/USDT:USDT,118857.2,4.232,118857.1,0.002,118857.3,9.849,118857.4,0.393
1753769608641,06:13:28.641,bybit,BTC/USDT:USDT,118857.2,4.232,118857.1,0.002,118857.3,9.935,118857.4,0.393
1753769608741,06:13:28.741,bybit,BTC/USDT:USDT,118857.2,4.083,118857.1,0.002,118857.3,9.908,118857.4,0.393
1753769608842,06:13:28.842,bybit,BTC/USDT:USDT,118857.2,4.083,118857.1,0.002,118857.3,9.908,118857.4,0.393
1753769608941,06:13:28.941,bybit,BTC/USDT:USDT,118857.2,4.083,118857.1,0.002,118857.3,9.908,118857.4,0.393
1753769609041,06:13:29.041,bybit,BTC/USDT:USDT,118857.2,4.083,118857.1,0.002,118857.3,9.908,118857.4,0.393
1753769609141,06:13:29.141,bybit,BTC/USDT:USDT,118857.2,4.129,118857.1,0.002,118857.3,9.908,118857.4,0.393
1753769609241,06:13:29.241,bybit,BTC/USDT:USDT,118857.2,4.083,118857.1,0.002,118857.3,9.908,118857.4,0.393
1753769609341,06:13:29.341,bybit,BTC/USDT:USDT,118857.2,4.083,118857.1,0.002,118857.3,9.949,118857.4,0.393
1753769609441,06:13:29.441,bybit,BTC/USDT:USDT,118857.2,4.083,118857.1,0.002,118857.3,9.907,118857.4,0.393
1753769609541,06:13:29.541,bybit,BTC/USDT:USDT,118857.2,4.083,118857.1,0.002,118857.3,9.907,118857.4,0.393
1753769609641,06:13:29.641,bybit,BTC/USDT:USDT,118857.2,4.083,118857.1,0.002,118857.3,9.91,118857.4,0.393
1753769609741,06:13:29.741,bybit,BTC/USDT:USDT,118857.2,4.083,118857.1,0.002,118857.3,9.91,118857.4,0.393
1753769609841,06:13:29.841,bybit,BTC/USDT:USDT,118857.2,4.083,118857.1,0.002,118857.3,9.91,118857.4,0.393
1753769609942,06:13:29.942,bybit,BTC/USDT:USDT,118857.2,3.079,118857.1,0.002,118857.3,9.909,118857.4,0.393
1753769610041,06:13:30.041,bybit,BTC/USDT:USDT,118857.2,3.079,118857.1,0.002,118857.3,9.954,118857.4,0.393
1753769610141,06:13:30.141,bybit,BTC/USDT:USDT,118857.2,3.08,118857.1,0.002,118857.3,9.954,118857.4,0.393
1753769610242,06:13:30.242,bybit,BTC/USDT:USDT,118857.2,3.08,118857.1,0.002,118857.3,9.957,118857.4,0.393
1753769610342,06:13:30.342,bybit,BTC/USDT:USDT,118857.2,3.08,118857.1,0.002,118857.3,9.958,118857.4,0.393
1753769610441,06:13:30.441,bybit,BTC/USDT:USDT,118857.2,3.08,118857.1,0.002,118857.3,9.958,118857.4,0.393
1753769610541,06:13:30.541,bybit,BTC/USDT:USDT,118857.2,3.08,118857.1,0.002,118857.3,9.745,118857.4,0.393
1753769610642,06:13:30.642,bybit,BTC/USDT:USDT,118857.2,3.234,118857.1,0.002,118857.3,9.744,118857.4,0.393
1753769610741,06:13:30.741,bybit,BTC/USDT:USDT,118857.2,3.234,118857.1,0.002,118857.3,9.745,118857.4,0.393
1753769610842,06:13:30.842,bybit,BTC/USDT:USDT,118857.2,3.234,118857.1,0.002,118857.3,8.636,118857.4,0.393
1753769611041,06:13:31.041,bybit,BTC/USDT:USDT,118857.2,3.234,118857.1,0.002,118857.3,8.748,118857.4,0.393
1753769611241,06:13:31.241,bybit,BTC/USDT:USDT,118857.2,3.234,118857.1,0.002,118857.3,9.748,118857.4,0.393
1753769611341,06:13:31.341,bybit,BTC/USDT:USDT,118857.2,3.234,118857.1,0.002,118857.3,9.748,118857.4,0.393
1753769611441,06:13:31.441,bybit,BTC/USDT:USDT,118857.2,3.234,118857.1,0.002,118857.3,9.548,118857.4,0.393
1753769611541,06:13:31.541,bybit,BTC/USDT:USDT,118857.2,3.958,118857.1,0.002,118857.3,9.468,118857.4,0.393
1753769611642,06:13:31.642,bybit,BTC/USDT:USDT,118857.2,3.958,118857.1,0.002,118857.3,9.467,118857.4,0.393
1753769611741,06:13:31.741,bybit,BTC/USDT:USDT,118857.2,3.93,118857.1,0.002,118857.3,9.467,118857.4,0.393
1753769611841,06:13:31.841,bybit,BTC/USDT:USDT,118857.2,3.93,118857.1,0.002,118857.3,9.467,118857.4,0.393
1753769611942,06:13:31.942,bybit,BTC/USDT:USDT,118857.2,3.93,118857.1,0.002,118857.3,9.467,118857.4,0.393
1753769612041,06:13:32.041,bybit,BTC/USDT:USDT,118857.2,3.956,118857.1,0.002,118857.3,9.467,118857.4,0.056
1753769612141,06:13:32.141,bybit,BTC/USDT:USDT,118857.2,3.93,118857.1,0.002,118857.3,9.475,118857.4,0.056
1753769612341,06:13:32.341,bybit,BTC/USDT:USDT,118857.2,3.93,118857.1,0.002,118857.3,9.561,118857.4,0.056
1753769612441,06:13:32.441,bybit,BTC/USDT:USDT,118857.2,3.93,118857.1,0.002,118857.3,9.561,118857.4,0.056
1753769612541,06:13:32.541,bybit,BTC/USDT:USDT,118857.2,3.93,118857.1,0.002,118857.3,9.475,118857.4,0.056
1753769612641,06:13:32.641,bybit,BTC/USDT:USDT,118857.2,3.93,118857.1,0.002,118857.3,9.49,118857.4,0.056
1753769612842,06:13:32.842,bybit,BTC/USDT:USDT,118857.2,3.93,118857.1,0.002,118857.3,9.482,118857.4,0.056
1753769612941,06:13:32.941,bybit,BTC/USDT:USDT,118857.2,3.93,118857.1,0.002,118857.3,9.567,118857.4,0.056
1753769613042,06:13:33.042,bybit,BTC/USDT:USDT,118857.2,3.93,118857.1,0.002,118857.3,9.567,118857.4,0.056
1753769613141,06:13:33.141,bybit,BTC/USDT:USDT,118857.2,3.93,118857.1,0.002,118857.3,9.483,118857.4,0.056
1753769613242,06:13:33.242,bybit,BTC/USDT:USDT,118857.2,3.93,118857.1,0.002,118857.3,9.483,118857.4,0.056
1753769613341,06:13:33.341,bybit,BTC/USDT:USDT,118857.2,3.93,118857.1,0.002,118857.3,9.567,118857.4,0.056
1753769613441,06:13:33.441,bybit,BTC/USDT:USDT,118857.2,3.93,118857.1,0.002,118857.3,9.567,118857.4,0.056
1753769613541,06:13:33.541,bybit,BTC/USDT:USDT,118857.2,3.884,118857.1,0.002,118857.3,9.562,118857.4,0.056
1753769613641,06:13:33.641,bybit,BTC/USDT:USDT,118857.2,3.93,118857.1,0.002,118857.3,9.562,118857.4,0.056
1753769613743,06:13:33.743,bybit,BTC/USDT:USDT,118857.2,3.956,118857.1,0.002,118857.3,9.479,118857.4,0.056
1753769613841,06:13:33.841,bybit,BTC/USDT:USDT,118857.2,2.672,118857.1,0.002,118857.3,9.479,118857.4,0.056
1753769613941,06:13:33.941,bybit,BTC/USDT:USDT,118857.2,1.729,118857.1,0.002,118857.3,9.608,118857.4,0.056
1753769614041,06:13:34.041,bybit,BTC/USDT:USDT,118857.2,1.729,118857.1,0.002,118857.3,9.608,118857.4,0.056
1753769614241,06:13:34.241,bybit,BTC/USDT:USDT,118857.2,1.729,118857.0,0.002,118857.3,9.608,118857.4,1.056
1753769614342,06:13:34.342,bybit,BTC/USDT:USDT,118857.2,1.142,118857.0,0.002,118857.3,9.831,118857.4,1.056
1753769614443,06:13:34.443,bybit,BTC/USDT:USDT,118853.9,0.06,118852.7,0.01,118854.0,28.253,118854.1,3.097
1753769614941,06:13:34.941,bybit,BTC/USDT:USDT,118843.6,3.926,118842.0,0.002,118843.7,18.157,118843.8,0.001
1753769615041,06:13:35.041,bybit,BTC/USDT:USDT,118843.6,3.926,118842.0,0.002,118843.7,18.159,118843.8,0.001
1753769615141,06:13:35.141,bybit,BTC/USDT:USDT,118843.6,3.926,118842.0,0.002,118843.7,18.282,118843.8,0.001
1753769615241,06:13:35.241,bybit,BTC/USDT:USDT,118843.6,3.926,118842.0,0.002,118843.7,18.283,118843.8,0.001
1753769615341,06:13:35.341,bybit,BTC/USDT:USDT,118843.6,3.732,118842.0,0.002,118843.7,18.3,118843.8,0.001
1753769615441,06:13:35.441,bybit,BTC/USDT:USDT,118843.6,3.732,118842.0,0.002,118843.7,17.335,118843.8,0.001
1753769615541,06:13:35.541,bybit,BTC/USDT:USDT,118843.6,3.732,118842.0,0.002,118843.7,17.335,118843.8,0.001
1753769615641,06:13:35.641,bybit,BTC/USDT:USDT,118843.6,3.732,118842.0,0.002,118843.7,17.335,118843.8,0.001
1753769615743,06:13:35.743,bybit,BTC/USDT:USDT,118843.6,3.72,118842.0,0.002,118843.7,18.348,118843.8,0.001
1753769615841,06:13:35.841,bybit,BTC/USDT:USDT,118843.6,3.72,118842.0,0.002,118843.7,18.344,118843.8,0.001
1753769615941,06:13:35.941,bybit,BTC/USDT:USDT,118843.6,3.674,118842.0,0.002,118843.7,18.344,118843.8,0.001
1753769616041,06:13:36.041,bybit,BTC/USDT:USDT,118843.6,3.732,118842.0,0.002,118843.7,18.344,118843.8,0.001
1753769616142,06:13:36.142,bybit,BTC/USDT:USDT,118843.6,3.732,118842.2,0.001,118843.7,18.344,118843.8,0.001
1753769616241,06:13:36.241,bybit,BTC/USDT:USDT,118843.6,3.732,118842.2,0.001,118843.7,18.344,118843.8,0.001
1753769616341,06:13:36.341,bybit,BTC/USDT:USDT,118843.6,3.797,118842.2,0.001,118843.7,18.344,118843.8,0.001
1753769616442,06:13:36.442,bybit,BTC/USDT:USDT,118843.6,3.797,118842.2,0.001,118843.7,18.344,118843.8,0.001
1753769616541,06:13:36.541,bybit,BTC/USDT:USDT,118843.6,3.799,118842.2,0.001,118843.7,18.344,118843.8,0.001
1753769616641,06:13:36.641,bybit,BTC/USDT:USDT,118843.6,3.799,118842.2,0.001,118843.7,18.344,118843.8,0.001
1753769616742,06:13:36.742,bybit,BTC/USDT:USDT,118843.6,3.799,118842.2,0.001,118843.7,18.343,118843.8,0.338
1753769616841,06:13:36.841,bybit,BTC/USDT:USDT,118843.6,3.799,118842.2,0.001,118843.7,18.343,118843.8,0.338
1753769616941,06:13:36.941,bybit,BTC/USDT:USDT,118843.6,3.797,118842.2,0.001,118843.7,18.343,118843.8,0.338
1753769617041,06:13:37.041,bybit,BTC/USDT:USDT,118843.6,3.797,118842.2,0.001,118843.7,18.343,118843.8,0.338
1753769617141,06:13:37.141,bybit,BTC/USDT:USDT,118843.6,3.797,118842.2,0.001,118843.7,18.343,118843.8,0.338
1753769617242,06:13:37.242,bybit,BTC/USDT:USDT,118843.6,3.797,118842.2,0.001,118843.7,18.345,118843.8,0.338
1753769617341,06:13:37.341,bybit,BTC/USDT:USDT,118843.6,3.732,118842.2,0.001,118843.7,18.344,118843.8,0.338
1753769617441,06:13:37.441,bybit,BTC/USDT:USDT,118843.6,3.732,118842.2,0.001,118843.7,18.345,118843.8,0.338
1753769617641,06:13:37.641,bybit,BTC/USDT:USDT,118843.6,4.732,118842.2,0.001,118843.7,18.25,118843.8,0.338
1753769617744,06:13:37.744,bybit,BTC/USDT:USDT,118843.6,4.732,118842.2,0.001,118843.7,18.254,118843.8,0.338
1753769617842,06:13:37.842,bybit,BTC/USDT:USDT,118843.6,4.732,118842.2,0.001,118843.7,18.254,118843.8,0.338
1753769617942,06:13:37.942,bybit,BTC/USDT:USDT,118842.8,0.051,118842.0,0.002,118842.9,8.356,118843.7,16.551
1753769618042,06:13:38.042,bybit,BTC/USDT:USDT,118842.8,0.051,118842.0,0.002,118842.9,14.356,118843.5,1.443
1753769618141,06:13:38.141,bybit,BTC/USDT:USDT,118842.8,0.051,118842.0,0.002,118842.9,14.425,118843.5,1.443
1753769618241,06:13:38.241,bybit,BTC/USDT:USDT,118842.8,0.051,118842.0,0.002,118842.9,14.573,118843.5,1.443
1753769618342,06:13:38.342,bybit,BTC/USDT:USDT,118839.4,0.191,118838.9,0.001,118839.5,14.994,118839.6,0.002
1753769618441,06:13:38.441,bybit,BTC/USDT:USDT,118839.4,2.252,118838.5,0.005,118839.5,15.157,118839.6,0.001
1753769618541,06:13:38.541,bybit,BTC/USDT:USDT,118839.4,2.252,118838.5,0.005,118839.5,15.183,118839.6,0.001
1753769618641,06:13:38.641,bybit,BTC/USDT:USDT,118839.4,2.859,118839.1,0.001,118839.5,15.484,118839.6,0.001
1753769618742,06:13:38.742,bybit,BTC/USDT:USDT,118839.4,2.859,118839.1,0.001,118839.5,15.484,118839.6,0.001
1753769618841,06:13:38.841,bybit,BTC/USDT:USDT,118839.4,2.645,118839.1,0.001,118839.5,15.726,118839.6,0.001
1753769618941,06:13:38.941,bybit,BTC/USDT:USDT,118839.4,2.645,118839.1,0.001,118839.5,15.856,118839.6,0.001
1753769619041,06:13:39.041,bybit,BTC/USDT:USDT,118839.4,2.645,118839.1,0.001,118839.5,15.856,118839.6,0.001
1753769619141,06:13:39.141,bybit,BTC/USDT:USDT,118839.4,2.645,118839.1,0.001,118839.5,15.856,118839.6,0.001
1753769619241,06:13:39.241,bybit,BTC/USDT:USDT,118839.4,2.676,118839.1,0.001,118839.5,15.872,118839.6,0.001
1753769619342,06:13:39.342,bybit,BTC/USDT:USDT,118839.4,2.675,118839.1,0.001,118839.5,15.876,118839.6,0.001
1753769619441,06:13:39.441,bybit,BTC/USDT:USDT,118839.4,2.675,118839.1,0.001,118839.5,15.876,118839.6,0.001
1753769619542,06:13:39.542,bybit,BTC/USDT:USDT,118839.4,2.677,118839.1,0.001,118839.5,15.876,118839.6,0.001
1753769619641,06:13:39.641,bybit,BTC/USDT:USDT,118839.4,2.677,118839.1,0.001,118839.5,15.876,118839.6,0.001
1753769619741,06:13:39.741,bybit,BTC/USDT:USDT,118839.4,2.677,118839.1,0.001,118839.5,15.875,118839.6,0.001
1753769619841,06:13:39.841,bybit,BTC/USDT:USDT,118839.4,5.7,118839.1,0.001,118839.5,14.933,118839.6,0.001
1753769619942,06:13:39.942,bybit,BTC/USDT:USDT,118839.4,7.168,118839.1,0.001,118839.5,9.092,118839.6,0.001
1753769620041,06:13:40.041,bybit,BTC/USDT:USDT,118839.4,7.355,118839.1,0.001,118839.5,6.616,118840.0,0.023
1753769620142,06:13:40.142,bybit,BTC/USDT:USDT,118839.4,7.355,118839.1,0.001,118839.5,2.849,118840.0,0.002
1753769620242,06:13:40.242,bybit,BTC/USDT:USDT,118839.4,7.36,118839.1,0.001,118839.5,2.849,118840.0,0.002
1753769620341,06:13:40.341,bybit,BTC/USDT:USDT,118839.4,7.36,118839.1,0.001,118839.5,2.628,118840.0,0.002
1753769620441,06:13:40.441,bybit,BTC/USDT:USDT,118839.4,7.36,118839.1,0.001,118839.5,2.897,118840.0,0.002
1753769620541,06:13:40.541,bybit,BTC/USDT:USDT,118839.4,7.361,118839.1,0.001,118839.5,2.809,118840.0,0.002
1753769620641,06:13:40.641,bybit,BTC/USDT:USDT,118839.4,7.361,118839.1,0.001,118839.5,2.814,118840.0,0.002
1753769620741,06:13:40.741,bybit,BTC/USDT:USDT,118839.4,7.698,118839.1,0.001,118839.5,2.814,118840.0,0.002
1753769620841,06:13:40.841,bybit,BTC/USDT:USDT,118839.4,7.698,118839.1,0.001,118839.5,2.814,118840.0,0.002
1753769620941,06:13:40.941,bybit,BTC/USDT:USDT,118839.4,7.698,118839.1,0.001,118839.5,2.794,118840.0,0.002
1753769621041,06:13:41.041,bybit,BTC/USDT:USDT,118839.4,7.698,118839.1,0.001,118839.5,2.794,118840.0,0.002
1753769621141,06:13:41.141,bybit,BTC/USDT:USDT,118839.4,7.649,118839.1,0.001,118839.5,2.794,118840.0,0.002
1753769621241,06:13:41.241,bybit,BTC/USDT:USDT,118839.4,7.649,118839.1,0.001,118839.5,2.794,118840.0,0.002
1753769621341,06:13:41.341,bybit,BTC/USDT:USDT,118839.4,7.649,118839.1,0.001,118839.5,2.794,118840.0,0.002
1753769621441,06:13:41.441,bybit,BTC/USDT:USDT,118839.4,7.649,118839.1,0.001,118839.5,2.794,118840.0,0.002
1753769621541,06:13:41.541,bybit,BTC/USDT:USDT,118839.4,7.649,118839.1,0.001,118839.5,2.794,118840.0,0.002
1753769621641,06:13:41.641,bybit,BTC/USDT:USDT,118839.4,7.649,118839.1,0.001,118839.5,2.794,118840.0,0.002
1753769621743,06:13:41.743,bybit,BTC/USDT:USDT,118839.4,7.313,118839.1,0.001,118839.5,2.794,118840.0,0.002
1753769621842,06:13:41.842,bybit,BTC/USDT:USDT,118839.4,7.313,118839.1,0.001,118839.5,2.784,118840.0,0.002
1753769621941,06:13:41.941,bybit,BTC/USDT:USDT,118839.4,7.312,118839.1,0.001,118839.5,2.783,118840.0,0.002
1753769622042,06:13:42.042,bybit,BTC/USDT:USDT,118839.4,7.312,118839.1,0.001,118839.5,2.783,118840.0,0.002
1753769622141,06:13:42.141,bybit,BTC/USDT:USDT,118839.4,7.312,118839.1,0.001,118839.5,2.776,118840.0,0.002
1753769622241,06:13:42.241,bybit,BTC/USDT:USDT,118839.4,7.312,118839.1,0.001,118839.5,2.776,118840.0,0.002
1753769622341,06:13:42.341,bybit,BTC/USDT:USDT,118839.4,7.312,118839.1,0.001,118839.5,2.853,118840.0,0.002
1753769622441,06:13:42.441,bybit,BTC/USDT:USDT,118839.4,7.312,118839.1,0.001,118839.5,2.853,118840.0,0.002
1753769622941,06:13:42.941,bybit,BTC/USDT:USDT,118839.4,7.368,118838.5,0.004,118839.5,2.98,118840.0,0.002
1753769623041,06:13:43.041,bybit,BTC/USDT:USDT,118839.4,7.453,118838.5,0.004,118839.5,2.648,118840.0,0.002
1753769623141,06:13:43.141,bybit,BTC/USDT:USDT,118839.4,7.453,118838.5,0.004,118839.5,2.602,118840.0,0.002
1753769623242,06:13:43.242,bybit,BTC/USDT:USDT,118839.4,7.454,118838.5,0.004,118839.5,2.602,118840.0,0.002
1753769623341,06:13:43.341,bybit,BTC/USDT:USDT,118839.4,7.458,118838.5,0.004,118839.5,2.604,118840.0,0.002
1753769623442,06:13:43.442,bybit,BTC/USDT:USDT,118839.4,7.45,118838.5,0.004,118839.5,2.604,118840.0,0.002
1753769623541,06:13:43.541,bybit,BTC/USDT:USDT,118839.4,7.45,118839.1,0.001,118839.5,2.604,118840.0,0.002
1753769623641,06:13:43.641,bybit,BTC/USDT:USDT,118839.4,7.45,118838.5,0.004,118839.5,2.616,118840.0,0.002
1753769623742,06:13:43.742,bybit,BTC/USDT:USDT,118839.4,7.45,118839.1,0.001,118839.5,2.616,118840.0,0.002
1753769623841,06:13:43.841,bybit,BTC/USDT:USDT,118839.4,7.45,118839.1,0.001,118839.5,2.616,118840.0,0.002
1753769623942,06:13:43.942,bybit,BTC/USDT:USDT,118839.4,7.447,118839.0,0.001,118839.5,2.615,118840.0,0.002
1753769624041,06:13:44.041,bybit,BTC/USDT:USDT,118839.4,7.447,118838.5,0.004,118839.5,2.615,118840.0,0.002
1753769624141,06:13:44.141,bybit,BTC/USDT:USDT,118839.4,7.447,118838.5,0.004,118839.5,2.927,118840.0,0.002
1753769624241,06:13:44.241,bybit,BTC/USDT:USDT,118839.4,7.447,118839.0,0.001,118839.5,2.927,118840.0,0.002
1753769624341,06:13:44.341,bybit,BTC/USDT:USDT,118839.4,7.447,118838.5,0.004,118839.5,2.932,118840.0,0.002
1753769624442,06:13:44.442,bybit,BTC/USDT:USDT,118839.4,7.446,118838.5,0.004,118839.5,2.547,118840.0,0.002
1753769624542,06:13:44.542,bybit,BTC/USDT:USDT,118839.4,7.438,118838.5,0.004,118839.5,2.547,118840.0,0.002
1753769624641,06:13:44.641,bybit,BTC/USDT:USDT,118839.4,7.774,118838.5,0.004,118839.5,2.547,118840.0,0.002
1753769624741,06:13:44.741,bybit,BTC/USDT:USDT,118839.4,7.774,118838.5,0.004,118839.5,2.547,118840.0,0.002
1753769624841,06:13:44.841,bybit,BTC/USDT:USDT,118839.4,7.775,118838.5,0.004,118839.5,2.547,118840.0,0.002
1753769624942,06:13:44.942,bybit,BTC/USDT:USDT,118839.4,7.775,118838.5,0.004,118839.5,2.552,118840.0,0.002
1753769625042,06:13:45.042,bybit,BTC/USDT:USDT,118839.4,7.775,118839.0,0.001,118839.5,2.552,118840.0,0.002
1753769625141,06:13:45.141,bybit,BTC/USDT:USDT,118839.4,7.775,118839.0,0.001,118839.5,2.552,118840.0,0.002
1753769625241,06:13:45.241,bybit,BTC/USDT:USDT,118839.4,7.775,118838.5,0.004,118839.5,2.552,118840.0,0.002
1753769625341,06:13:45.341,bybit,BTC/USDT:USDT,118839.4,7.767,118838.5,0.004,118839.5,2.552,118840.0,0.002
1753769625441,06:13:45.441,bybit,BTC/USDT:USDT,118839.4,7.768,118838.5,0.004,118839.5,2.552,118840.0,0.002
1753769625541,06:13:45.541,bybit,BTC/USDT:USDT,118839.4,7.768,118838.5,0.004,118839.5,2.576,118840.0,0.002
1753769625641,06:13:45.641,bybit,BTC/USDT:USDT,118839.4,7.768,118838.5,0.004,118839.5,2.579,118840.0,0.002
1753769625743,06:13:45.743,bybit,BTC/USDT:USDT,118839.4,7.768,118838.5,0.004,118839.5,2.625,118840.0,0.002
1753769625842,06:13:45.842,bybit,BTC/USDT:USDT,118839.4,7.729,118838.5,0.004,118839.5,2.625,118840.0,0.002
1753769625942,06:13:45.942,bybit,BTC/USDT:USDT,118839.4,7.729,118838.5,0.004,118839.5,2.641,118840.0,0.002
1753769626041,06:13:46.041,bybit,BTC/USDT:USDT,118839.4,7.392,118838.5,0.004,118839.5,2.641,118840.0,0.002
1753769626141,06:13:46.141,bybit,BTC/USDT:USDT,118839.4,7.392,118838.5,0.004,118839.5,2.641,118840.0,0.002
1753769626241,06:13:46.241,bybit,BTC/USDT:USDT,118839.4,7.385,118838.5,0.004,118839.5,2.639,118840.0,0.002
1753769626341,06:13:46.341,bybit,BTC/USDT:USDT,118839.4,7.385,118838.5,0.004,118839.5,2.639,118840.0,0.002
1753769626441,06:13:46.441,bybit,BTC/USDT:USDT,118839.4,7.385,118838.5,0.004,118839.5,2.639,118840.0,0.002
1753769626542,06:13:46.542,bybit,BTC/USDT:USDT,118839.4,7.385,118838.5,0.004,118839.5,2.639,118840.0,0.002
1753769626641,06:13:46.641,bybit,BTC/USDT:USDT,118839.4,7.384,118838.5,0.004,118839.5,2.639,118840.0,0.002
1753769626741,06:13:46.741,bybit,BTC/USDT:USDT,118839.4,7.384,118838.5,0.004,118839.5,2.048,118840.0,0.002
1753769626841,06:13:46.841,bybit,BTC/USDT:USDT,118839.4,7.384,118838.9,0.001,118839.5,0.613,118840.0,0.002
1753769626941,06:13:46.941,bybit,BTC/USDT:USDT,118839.4,7.72,118838.9,0.001,118839.5,0.612,118840.0,0.002
1753769627041,06:13:47.041,bybit,BTC/USDT:USDT,118839.4,7.72,118838.9,0.001,118839.5,0.611,118840.0,0.002
1753769627141,06:13:47.141,bybit,BTC/USDT:USDT,118839.4,7.72,118838.6,0.001,118839.5,0.613,118840.0,0.002
1753769627241,06:13:47.241,bybit,BTC/USDT:USDT,118839.4,7.72,118838.6,0.001,118839.5,0.613,118840.0,0.002
1753769627341,06:13:47.341,bybit,BTC/USDT:USDT,118839.4,7.72,118838.9,0.001,118839.5,0.613,118840.0,0.002
1753769627441,06:13:47.441,bybit,BTC/USDT:USDT,118839.4,7.721,118838.6,0.001,118839.5,0.613,118840.0,0.002
1753769627541,06:13:47.541,bybit,BTC/USDT:USDT,118839.4,7.991,118838.9,0.001,118839.5,0.472,118840.0,0.002
1753769627641,06:13:47.641,bybit,BTC/USDT:USDT,118839.4,7.991,118838.7,0.001,118839.5,0.472,118840.0,0.002
1753769627743,06:13:47.743,bybit,BTC/USDT:USDT,118839.4,8.001,118838.9,0.001,118839.5,0.472,118840.0,0.002
1753769627841,06:13:47.841,bybit,BTC/USDT:USDT,118839.4,8.001,118838.7,0.001,118839.5,0.472,118840.0,0.002
1753769627941,06:13:47.941,bybit,BTC/USDT:USDT,118839.4,8.001,118838.7,0.001,118839.5,0.419,118840.0,0.002
1753769628042,06:13:48.042,bybit,BTC/USDT:USDT,118839.4,8.001,118838.7,0.001,118839.5,0.476,118840.0,0.002
1753769628141,06:13:48.141,bybit,BTC/USDT:USDT,118839.4,7.606,118838.7,0.001,118839.5,0.882,118840.0,0.002
1753769628241,06:13:48.241,bybit,BTC/USDT:USDT,118839.4,7.665,118838.7,0.001,118839.5,0.387,118840.0,0.002
1753769628341,06:13:48.341,bybit,BTC/USDT:USDT,118839.4,8.001,118838.7,0.001,118839.5,0.376,118840.0,0.002
1753769628441,06:13:48.441,bybit,BTC/USDT:USDT,118839.4,8.001,118838.7,0.001,118839.5,0.376,118840.0,0.002
1753769628541,06:13:48.541,bybit,BTC/USDT:USDT,118839.4,8.001,118838.7,0.001,118839.5,0.376,118840.0,0.002
1753769628641,06:13:48.641,bybit,BTC/USDT:USDT,118839.4,8.001,118838.7,0.001,118839.5,0.376,118840.0,0.002
1753769628741,06:13:48.741,bybit,BTC/USDT:USDT,118839.4,8.001,118838.7,0.001,118839.5,0.376,118840.0,0.002
1753769628841,06:13:48.841,bybit,BTC/USDT:USDT,118839.4,8.001,118838.7,0.001,118839.5,0.376,118840.0,0.002
1753769628941,06:13:48.941,bybit,BTC/USDT:USDT,118839.4,8.001,118838.7,0.001,118839.5,0.388,118840.0,0.002
1753769629041,06:13:49.041,bybit,BTC/USDT:USDT,118839.4,8.001,118838.7,0.001,118839.5,0.388,118840.0,0.002
1753769629141,06:13:49.141,bybit,BTC/USDT:USDT,118839.4,8.001,118838.7,0.001,118839.5,0.388,118840.0,0.002
1753769629241,06:13:49.241,bybit,BTC/USDT:USDT,118839.4,8.001,118838.7,0.001,118839.5,0.388,118840.0,0.002
1753769629341,06:13:49.341,bybit,BTC/USDT:USDT,118839.4,8.001,118838.7,0.001,118839.5,0.388,118839.6,0.337
1753769629441,06:13:49.441,bybit,BTC/USDT:USDT,118839.4,8.0,118838.7,0.001,118839.5,0.389,118839.6,0.337
1753769629541,06:13:49.541,bybit,BTC/USDT:USDT,118839.4,8.0,118838.7,0.001,118839.5,0.389,118839.6,0.337
1753769629641,06:13:49.641,bybit,BTC/USDT:USDT,118839.4,7.386,118838.7,0.001,118839.5,1.539,118839.6,0.337
1753769629741,06:13:49.741,bybit,BTC/USDT:USDT,118839.4,7.385,118838.5,0.004,118839.5,1.539,118839.6,0.337
1753769629941,06:13:49.941,bybit,BTC/USDT:USDT,118839.4,7.385,118838.5,0.004,118839.5,1.54,118839.6,0.337
1753769630041,06:13:50.041,bybit,BTC/USDT:USDT,118839.4,7.385,118838.9,0.001,118839.5,1.54,118839.6,0.337
1753769630141,06:13:50.141,bybit,BTC/USDT:USDT,118839.4,7.29,118838.9,0.001,118839.5,1.54,118839.6,0.337
1753769630241,06:13:50.241,bybit,BTC/USDT:USDT,118839.4,7.29,118838.5,0.004,118839.5,1.54,118839.6,0.337
1753769630342,06:13:50.342,bybit,BTC/USDT:USDT,118839.4,7.289,118838.5,0.004,118839.5,1.326,118839.6,0.337
1753769630441,06:13:50.441,bybit,BTC/USDT:USDT,118839.4,7.29,118838.5,0.004,118839.5,1.016,118839.6,0.337
1753769630542,06:13:50.542,bybit,BTC/USDT:USDT,118839.4,7.627,118838.5,0.004,118839.5,1.326,118839.6,0.337
1753769630641,06:13:50.641,bybit,BTC/USDT:USDT,118839.4,7.627,118838.5,0.004,118839.5,1.016,118839.6,0.337
1753769630742,06:13:50.742,bybit,BTC/USDT:USDT,118839.4,7.206,118838.5,0.004,118839.5,1.647,118839.6,0.337
1753769630841,06:13:50.841,bybit,BTC/USDT:USDT,118839.4,7.299,118838.5,0.004,118839.5,1.617,118839.6,0.337
1753769631041,06:13:51.041,bybit,BTC/USDT:USDT,118839.4,7.299,118838.8,0.001,118839.5,1.612,118839.6,0.337
1753769631141,06:13:51.141,bybit,BTC/USDT:USDT,118839.4,7.406,118838.5,0.004,118839.5,1.535,118839.6,0.337
1753769631241,06:13:51.241,bybit,BTC/USDT:USDT,118839.4,7.406,118838.5,0.004,118839.5,1.535,118839.6,0.337
1753769631341,06:13:51.341,bybit,BTC/USDT:USDT,118839.4,7.406,118838.5,0.004,118839.5,1.321,118839.6,0.337
1753769631441,06:13:51.441,bybit,BTC/USDT:USDT,118839.4,7.406,118838.5,0.004,118839.5,1.867,118839.6,0.337
1753769631541,06:13:51.541,bybit,BTC/USDT:USDT,118839.4,7.406,118838.5,0.004,118839.5,1.339,118839.6,0.337
1753769631641,06:13:51.641,bybit,BTC/USDT:USDT,118839.4,7.406,118838.5,0.004,118839.5,1.262,118839.6,0.337
1753769631743,06:13:51.743,bybit,BTC/USDT:USDT,118839.4,7.406,118838.5,0.004,118839.5,1.337,118839.6,0.337
1753769631841,06:13:51.841,bybit,BTC/USDT:USDT,118839.4,7.406,118838.6,0.001,118839.5,1.337,118839.6,0.337
1753769631941,06:13:51.941,bybit,BTC/USDT:USDT,118839.4,7.406,118838.5,0.004,118839.5,1.337,118839.6,0.337
1753769632041,06:13:52.041,bybit,BTC/USDT:USDT,118839.4,7.406,118838.6,0.001,118839.5,1.337,118839.6,0.337
1753769632141,06:13:52.141,bybit,BTC/USDT:USDT,118839.4,7.211,118838.5,0.004,118839.5,1.476,118839.6,0.337
1753769632241,06:13:52.241,bybit,BTC/USDT:USDT,118839.4,7.211,118838.5,0.004,118839.5,1.585,118839.6,0.337
1753769632342,06:13:52.342,bybit,BTC/USDT:USDT,118839.4,7.21,118838.6,0.001,118839.5,1.555,118839.6,0.337
1753769632442,06:13:52.442,bybit,BTC/USDT:USDT,118839.4,7.076,118838.5,0.004,118839.5,5.914,118839.6,0.337
1753769632542,06:13:52.542,bybit,BTC/USDT:USDT,118839.4,6.992,118838.5,0.004,118839.5,6.48,118839.6,0.337
1753769632641,06:13:52.641,bybit,BTC/USDT:USDT,118839.4,6.992,118838.5,0.004,118839.5,6.48,118839.6,0.337
1753769632741,06:13:52.741,bybit,BTC/USDT:USDT,118839.4,6.992,118838.5,0.005,118839.5,6.48,118839.6,0.337
1753769632841,06:13:52.841,bybit,BTC/USDT:USDT,118839.4,6.992,118838.5,0.004,118839.5,6.44,118839.6,0.337
1753769633141,06:13:53.141,bybit,BTC/USDT:USDT,118839.4,7.162,118838.5,0.004,118839.5,6.436,118839.6,0.337
1753769633242,06:13:53.242,bybit,BTC/USDT:USDT,118839.4,7.162,118838.5,0.004,118839.5,5.941,118839.6,0.337
1753769633341,06:13:53.341,bybit,BTC/USDT:USDT,118839.4,7.162,118838.5,0.004,118839.5,5.941,118839.6,0.337
1753769633441,06:13:53.441,bybit,BTC/USDT:USDT,118839.4,7.076,118838.5,0.004,118839.5,5.623,118839.6,0.337
1753769633542,06:13:53.542,bybit,BTC/USDT:USDT,118839.4,7.076,118838.5,0.004,118839.5,5.893,118839.6,0.337
1753769633641,06:13:53.641,bybit,BTC/USDT:USDT,118839.4,7.076,118838.5,0.004,118839.5,5.893,118839.6,0.337
1753769633743,06:13:53.743,bybit,BTC/USDT:USDT,118839.4,7.161,118838.6,0.001,118839.5,5.927,118839.6,0.337
1753769633841,06:13:53.841,bybit,BTC/USDT:USDT,118839.4,7.076,118838.6,0.001,118839.5,5.896,118839.6,0.337
1753769633941,06:13:53.941,bybit,BTC/USDT:USDT,118839.4,7.165,118838.6,0.001,118839.5,5.423,118839.6,0.337
1753769634042,06:13:54.042,bybit,BTC/USDT:USDT,118839.4,7.165,118838.5,0.005,118839.5,5.423,118839.6,0.337
1753769634141,06:13:54.141,bybit,BTC/USDT:USDT,118839.4,7.165,118838.5,0.005,118839.5,5.693,118839.6,0.337
1753769634242,06:13:54.242,bybit,BTC/USDT:USDT,118839.4,7.165,118838.5,0.004,118839.5,5.663,118839.6,0.337
1753769634341,06:13:54.341,bybit,BTC/USDT:USDT,118839.4,7.166,118838.5,0.004,118839.5,5.699,118839.6,0.337
1753769634441,06:13:54.441,bybit,BTC/USDT:USDT,118839.4,7.166,118838.5,0.004,118839.5,5.716,118839.6,0.337
1753769634541,06:13:54.541,bybit,BTC/USDT:USDT,118839.4,7.166,118838.5,0.004,118839.5,5.716,118839.6,0.337
1753769634641,06:13:54.641,bybit,BTC/USDT:USDT,118839.4,7.166,118838.5,0.004,118839.5,5.716,118839.6,0.337
1753769634741,06:13:54.741,bybit,BTC/USDT:USDT,118839.4,7.166,118838.5,0.005,118839.5,5.716,118839.6,0.337
1753769634841,06:13:54.841,bybit,BTC/USDT:USDT,118839.4,7.166,118838.5,0.005,118839.5,5.716,118839.6,0.337
1753769634941,06:13:54.941,bybit,BTC/USDT:USDT,118839.4,7.166,118838.5,0.004,118839.5,5.619,118839.6,0.337
1753769635041,06:13:55.041,bybit,BTC/USDT:USDT,118839.4,7.166,118838.5,0.004,118839.5,3.423,118839.6,0.337
1753769635141,06:13:55.141,bybit,BTC/USDT:USDT,118839.4,7.166,118838.5,0.004,118839.5,1.531,118839.6,0.337
1753769635541,06:13:55.541,bybit,BTC/USDT:USDT,118839.4,7.107,118838.6,0.059,118839.5,0.432,118839.6,0.337
1753769635641,06:13:55.641,bybit,BTC/USDT:USDT,118839.4,7.107,118838.6,0.059,118839.5,0.432,118839.6,0.337
1753769635743,06:13:55.743,bybit,BTC/USDT:USDT,118839.4,7.642,118838.5,0.004,118839.5,0.432,118839.6,0.337
1753769635841,06:13:55.841,bybit,BTC/USDT:USDT,118839.4,7.642,118838.5,0.004,118839.5,0.432,118839.6,0.337
1753769635941,06:13:55.941,bybit,BTC/USDT:USDT,118839.4,7.642,118838.5,0.004,118839.5,0.432,118839.6,0.337
1753769636041,06:13:56.041,bybit,BTC/USDT:USDT,118839.4,7.642,118838.5,0.004,118839.5,0.314,118839.6,0.337
1753769636141,06:13:56.141,bybit,BTC/USDT:USDT,118839.4,7.722,118838.5,0.004,118839.5,0.314,118839.6,0.337
1753769636241,06:13:56.241,bybit,BTC/USDT:USDT,118839.4,7.722,118838.7,0.001,118839.5,0.247,118839.6,0.337
1753769636343,06:13:56.343,bybit,BTC/USDT:USDT,118847.0,13.607,118846.8,0.002,118847.1,0.924,118847.9,0.002
1753769636542,06:13:56.542,bybit,BTC/USDT:USDT,118850.5,20.186,118850.3,0.002,118850.6,1.338,118851.4,0.002
1753769636641,06:13:56.641,bybit,BTC/USDT:USDT,118850.5,20.186,118850.0,0.023,118850.6,1.138,118851.4,0.002
1753769636741,06:13:56.741,bybit,BTC/USDT:USDT,118850.5,20.186,118850.0,0.023,118850.6,1.107,118851.4,0.002
1753769636841,06:13:56.841,bybit,BTC/USDT:USDT,118850.5,20.352,118850.0,0.023,118850.6,1.137,118851.4,0.002
1753769636942,06:13:56.942,bybit,BTC/USDT:USDT,118850.5,21.064,118850.0,0.023,118850.6,1.117,118851.4,0.002
1753769637041,06:13:57.041,bybit,BTC/USDT:USDT,118850.5,21.064,118850.4,0.002,118850.6,1.117,118851.4,0.002
1753769637142,06:13:57.142,bybit,BTC/USDT:USDT,118850.5,21.104,118850.4,0.002,118850.6,1.117,118851.4,0.002
1753769637241,06:13:57.241,bybit,BTC/USDT:USDT,118850.5,21.132,118850.4,0.002,118850.6,1.117,118851.4,0.002
1753769637441,06:13:57.441,bybit,BTC/USDT:USDT,118850.5,21.132,118850.4,0.002,118850.6,1.06,118851.4,0.002
1753769637541,06:13:57.541,bybit,BTC/USDT:USDT,118850.5,21.132,118850.4,0.002,118850.6,1.06,118851.4,0.002
1753769637641,06:13:57.641,bybit,BTC/USDT:USDT,118850.5,21.411,118850.4,0.002,118850.6,1.06,118851.4,0.002
1753769637743,06:13:57.743,bybit,BTC/USDT:USDT,118850.5,21.412,118850.4,0.002,118850.6,1.06,118850.7,0.337
1753769637841,06:13:57.841,bybit,BTC/USDT:USDT,118850.5,21.748,118850.4,0.002,118850.6,1.117,118850.7,0.337
1753769637941,06:13:57.941,bybit,BTC/USDT:USDT,118850.5,21.748,118850.4,0.002,118850.6,1.117,118850.7,0.337
1753769638041,06:13:58.041,bybit,BTC/USDT:USDT,118850.5,21.75,118850.4,0.002,118850.6,1.117,118850.7,0.337
1753769638141,06:13:58.141,bybit,BTC/USDT:USDT,118850.5,21.75,118850.4,0.002,118850.6,1.117,118850.7,0.337
