timestamp,time,exchange,symbol,bid1_price,bid1_volume,bid2_price,bid2_volume,ask1_price,ask1_volume,ask2_price,ask2_volume
1753769554307,06:12:34.307,okxus,BTC/USDT:USDT,118883.8,1040.19,118883.7,0.02,118883.9,108.2,118884.0,1.23
1753769555907,06:12:35.907,okxus,BTC/USDT:USDT,118883.8,592.53,118882.8,0.95,118883.9,375.78,118884.0,1.23
1753769557880,06:12:37.880,okxus,BTC/USDT:USDT,118883.8,577.86,118880.0,0.02,118883.9,472.55,118884.0,1.23
1753769557900,06:12:37.900,okxus,BTC/USDT:USDT,118883.8,608.5,118880.0,0.02,118883.9,472.35,118884.0,1.23
1753769558009,06:12:38.009,okxus,BTC/USDT:USDT,118883.8,608.5,118880.9,0.89,118883.9,435.76,118884.0,1.23
1753769558109,06:12:38.109,okxus,BTC/USDT:USDT,118883.8,609.26,118880.9,0.89,118883.9,435.76,118884.0,1.23
1753769558404,06:12:38.404,okxus,BTC/USDT:USDT,118883.8,604.29,118880.0,0.02,118883.9,435.8,118884.0,1.23
1753769558704,06:12:38.704,okxus,BTC/USDT:USDT,118883.8,610.99,118880.0,0.02,118883.9,435.99,118884.0,1.23
1753769558804,06:12:38.804,okxus,BTC/USDT:USDT,118883.8,610.98,118880.1,0.92,118883.9,432.99,118884.0,1.23
1753769558904,06:12:38.904,okxus,BTC/USDT:USDT,118883.8,610.98,118880.7,1.8,118883.9,432.99,118884.0,1.23
1753769559504,06:12:39.504,okxus,BTC/USDT:USDT,118883.8,562.97,118880.7,1.8,118883.9,435.14,118884.0,1.23
1753769559604,06:12:39.604,okxus,BTC/USDT:USDT,118883.8,563.24,118883.7,0.42,118883.9,435.14,118884.0,1.23
1753769559704,06:12:39.704,okxus,BTC/USDT:USDT,118883.8,563.24,118883.7,0.42,118883.9,435.13,118884.0,1.23
1753769559901,06:12:39.901,okxus,BTC/USDT:USDT,118883.8,564.04,118883.7,0.42,118883.9,435.11,118884.0,1.44
1753769560101,06:12:40.101,okxus,BTC/USDT:USDT,118883.8,572.45,118883.7,0.42,118883.9,435.11,118884.0,1.44
1753769560501,06:12:40.501,okxus,BTC/USDT:USDT,118883.8,560.88,118883.7,0.42,118883.9,434.27,118884.0,1.44
1753769560701,06:12:40.701,okxus,BTC/USDT:USDT,118883.8,562.59,118883.7,0.42,118883.9,434.31,118884.0,1.44
1753769561001,06:12:41.001,okxus,BTC/USDT:USDT,118883.8,552.59,118883.7,0.42,118883.9,472.96,118884.0,1.72
1753769561301,06:12:41.301,okxus,BTC/USDT:USDT,118883.8,557.02,118883.7,0.42,118883.9,434.48,118884.0,1.72
1753769561401,06:12:41.401,okxus,BTC/USDT:USDT,118883.8,557.02,118883.7,0.42,118883.9,434.48,118884.0,1.72
1753769561501,06:12:41.501,okxus,BTC/USDT:USDT,118883.8,557.02,118883.7,0.42,118883.9,434.47,118884.0,1.72
1753769561901,06:12:41.901,okxus,BTC/USDT:USDT,118883.8,557.8,118883.7,0.42,118883.9,400.25,118884.0,1.72
1753769562001,06:12:42.001,okxus,BTC/USDT:USDT,118883.8,607.78,118883.7,0.42,118883.9,275.58,118884.0,1.72
1753769562201,06:12:42.201,okxus,BTC/USDT:USDT,118883.8,607.78,118883.7,0.42,118883.9,272.11,118884.0,1.72
1753769562301,06:12:42.301,okxus,BTC/USDT:USDT,118883.8,607.78,118883.7,0.42,118883.9,239.34,118884.0,1.72
1753769562501,06:12:42.501,okxus,BTC/USDT:USDT,118883.8,607.78,118883.7,0.42,118883.9,271.37,118884.0,1.72
1753769562601,06:12:42.601,okxus,BTC/USDT:USDT,118883.8,608.85,118883.7,0.42,118883.9,271.38,118884.0,1.72
1753769562701,06:12:42.701,okxus,BTC/USDT:USDT,118883.8,609.02,118883.7,0.42,118883.9,272.26,118884.0,1.72
1753769562801,06:12:42.801,okxus,BTC/USDT:USDT,118883.8,586.24,118883.7,0.42,118883.9,272.36,118884.0,1.72
1753769562901,06:12:42.901,okxus,BTC/USDT:USDT,118883.8,585.66,118883.7,0.42,118883.9,272.29,118884.0,1.72
1753769563001,06:12:43.001,okxus,BTC/USDT:USDT,118883.8,585.67,118883.7,0.42,118883.9,271.17,118884.0,1.72
1753769563101,06:12:43.101,okxus,BTC/USDT:USDT,118883.8,585.67,118883.7,0.42,118883.9,269.21,118884.0,1.72
1753769563201,06:12:43.201,okxus,BTC/USDT:USDT,118883.8,585.67,118883.7,0.42,118883.9,269.97,118884.0,1.72
1753769563301,06:12:43.301,okxus,BTC/USDT:USDT,118883.8,585.67,118883.7,0.42,118883.9,269.63,118884.0,1.72
1753769563401,06:12:43.401,okxus,BTC/USDT:USDT,118883.8,585.66,118883.7,0.42,118883.9,269.64,118884.0,1.72
1753769563501,06:12:43.501,okxus,BTC/USDT:USDT,118883.8,585.66,118883.7,0.42,118883.9,269.64,118884.0,1.72
1753769563601,06:12:43.601,okxus,BTC/USDT:USDT,118883.8,585.66,118883.7,0.42,118883.9,269.88,118884.0,1.72
1753769563701,06:12:43.701,okxus,BTC/USDT:USDT,118883.8,585.66,118883.7,0.42,118883.9,269.92,118884.0,1.72
1753769563801,06:12:43.801,okxus,BTC/USDT:USDT,118883.8,586.44,118883.7,0.42,118883.9,269.92,118884.0,1.72
1753769563901,06:12:43.901,okxus,BTC/USDT:USDT,118883.8,588.06,118883.7,0.42,118883.9,270.4,118884.0,1.72
1753769564201,06:12:44.201,okxus,BTC/USDT:USDT,118883.8,568.85,118883.7,0.42,118883.9,376.27,118884.0,1.72
1753769564501,06:12:44.501,okxus,BTC/USDT:USDT,118883.8,569.27,118883.7,0.42,118883.9,391.21,118884.0,1.72
1753769564601,06:12:44.601,okxus,BTC/USDT:USDT,118883.8,569.99,118883.7,0.42,118883.9,388.71,118884.0,1.72
1753769564701,06:12:44.701,okxus,BTC/USDT:USDT,118883.8,570.13,118883.7,0.42,118883.9,372.87,118884.0,1.72
1753769564901,06:12:44.901,okxus,BTC/USDT:USDT,118883.8,567.8,118883.7,0.42,118883.9,372.82,118884.0,1.72
1753769565001,06:12:45.001,okxus,BTC/USDT:USDT,118883.8,567.82,118883.7,0.42,118883.9,372.48,118884.0,1.72
1753769565101,06:12:45.101,okxus,BTC/USDT:USDT,118883.8,569.45,118883.7,0.42,118883.9,371.75,118884.0,1.72
1753769565201,06:12:45.201,okxus,BTC/USDT:USDT,118883.8,567.83,118883.7,0.42,118883.9,370.92,118884.0,1.72
1753769565301,06:12:45.301,okxus,BTC/USDT:USDT,118883.8,567.82,118883.7,0.42,118883.9,370.91,118884.0,1.72
1753769565401,06:12:45.401,okxus,BTC/USDT:USDT,118883.8,569.43,118883.7,0.42,118883.9,371.01,118884.0,1.72
1753769565501,06:12:45.501,okxus,BTC/USDT:USDT,118883.8,569.43,118883.7,0.42,118883.9,364.45,118884.0,1.72
1753769565601,06:12:45.601,okxus,BTC/USDT:USDT,118883.8,567.81,118883.7,0.42,118883.9,371.03,118884.0,1.72
1753769565701,06:12:45.701,okxus,BTC/USDT:USDT,118883.8,567.81,118883.7,0.42,118883.9,371.03,118884.0,1.72
1753769565801,06:12:45.801,okxus,BTC/USDT:USDT,118883.8,569.43,118883.7,0.42,118883.9,371.03,118884.0,1.72
1753769566001,06:12:46.001,okxus,BTC/USDT:USDT,118883.8,570.2,118883.7,0.42,118883.9,371.45,118884.0,1.72
1753769566101,06:12:46.101,okxus,BTC/USDT:USDT,118883.8,569.41,118883.7,0.42,118883.9,371.48,118884.0,1.72
1753769566201,06:12:46.201,okxus,BTC/USDT:USDT,118883.8,567.79,118883.7,0.42,118883.9,372.31,118884.0,1.72
1753769566301,06:12:46.301,okxus,BTC/USDT:USDT,118883.8,567.79,118883.7,0.42,118883.9,371.18,118884.0,1.72
1753769566401,06:12:46.401,okxus,BTC/USDT:USDT,118883.8,563.76,118883.7,0.42,118883.9,371.82,118884.0,1.72
1753769566601,06:12:46.601,okxus,BTC/USDT:USDT,118883.8,564.17,118883.7,0.42,118883.9,373.29,118884.0,1.72
1753769566701,06:12:46.701,okxus,BTC/USDT:USDT,118883.8,566.73,118883.7,0.42,118883.9,373.29,118884.0,1.72
1753769566801,06:12:46.801,okxus,BTC/USDT:USDT,118883.8,566.04,118883.7,0.42,118883.9,370.71,118884.0,1.72
1753769566901,06:12:46.901,okxus,BTC/USDT:USDT,118883.8,565.4,118883.7,0.42,118883.9,377.12,118884.0,1.72
1753769567101,06:12:47.101,okxus,BTC/USDT:USDT,118883.8,563.79,118883.7,0.42,118883.9,374.42,118884.0,1.72
1753769567301,06:12:47.301,okxus,BTC/USDT:USDT,118883.8,566.17,118883.7,0.42,118883.9,359.85,118884.0,1.72
1753769567401,06:12:47.401,okxus,BTC/USDT:USDT,118883.8,566.17,118883.7,0.42,118883.9,359.58,118884.0,1.72
1753769567601,06:12:47.601,okxus,BTC/USDT:USDT,118883.8,566.17,118883.7,0.42,118883.9,359.58,118884.0,1.72
1753769567701,06:12:47.701,okxus,BTC/USDT:USDT,118883.8,566.16,118883.7,0.42,118883.9,359.68,118884.0,1.72
1753769567801,06:12:47.801,okxus,BTC/USDT:USDT,118883.8,566.93,118883.7,0.42,118883.9,359.58,118884.0,1.72
1753769568001,06:12:48.001,okxus,BTC/USDT:USDT,118883.8,566.93,118883.7,0.42,118883.9,359.38,118884.0,1.72
1753769568101,06:12:48.101,okxus,BTC/USDT:USDT,118883.8,568.53,118883.7,0.42,118883.9,359.48,118884.0,1.72
1753769568301,06:12:48.301,okxus,BTC/USDT:USDT,118883.8,567.77,118883.7,0.42,118883.9,359.68,118884.0,1.72
1753769568501,06:12:48.501,okxus,BTC/USDT:USDT,118883.8,566.33,118883.7,0.42,118883.9,358.91,118884.0,1.72
1753769568601,06:12:48.601,okxus,BTC/USDT:USDT,118883.8,567.57,118883.7,0.42,118883.9,358.81,118884.0,1.72
1753769568701,06:12:48.701,okxus,BTC/USDT:USDT,118883.8,569.24,118883.7,0.42,118883.9,358.91,118884.0,1.72
1753769568801,06:12:48.801,okxus,BTC/USDT:USDT,118883.8,538.15,118883.7,0.42,118883.9,358.81,118884.0,1.72
1753769569201,06:12:49.201,okxus,BTC/USDT:USDT,118883.8,507.85,118883.7,0.42,118883.9,192.79,118884.0,1.72
1753769569301,06:12:49.301,okxus,BTC/USDT:USDT,118883.8,507.83,118883.7,0.42,118883.9,192.79,118884.0,1.72
1753769569601,06:12:49.601,okxus,BTC/USDT:USDT,118883.8,507.83,118883.7,0.42,118883.9,192.72,118884.0,1.72
1753769569701,06:12:49.701,okxus,BTC/USDT:USDT,118883.8,507.83,118883.7,0.42,118883.9,192.72,118884.0,1.72
1753769569801,06:12:49.801,okxus,BTC/USDT:USDT,118883.8,507.83,118883.7,0.42,118883.9,192.72,118884.0,1.72
1753769569901,06:12:49.901,okxus,BTC/USDT:USDT,118883.8,507.83,118883.7,0.42,118883.9,192.85,118884.0,1.97
1753769570001,06:12:50.001,okxus,BTC/USDT:USDT,118883.8,507.79,118883.7,0.42,118883.9,192.85,118884.0,1.97
1753769570101,06:12:50.101,okxus,BTC/USDT:USDT,118883.8,507.79,118883.7,0.42,118883.9,192.85,118884.0,1.97
1753769570201,06:12:50.201,okxus,BTC/USDT:USDT,118883.8,507.79,118883.7,0.42,118883.9,292.85,118884.0,1.97
1753769570401,06:12:50.401,okxus,BTC/USDT:USDT,118883.8,491.01,118883.7,0.42,118883.9,323.59,118884.0,2.04
1753769570501,06:12:50.501,okxus,BTC/USDT:USDT,118883.8,491.44,118883.7,0.42,118883.9,324.97,118884.0,2.39
1753769570701,06:12:50.701,okxus,BTC/USDT:USDT,118883.8,492.76,118883.7,0.42,118883.9,292.37,118884.0,2.39
1753769570901,06:12:50.901,okxus,BTC/USDT:USDT,118883.8,491.61,118883.7,0.42,118883.9,324.0,118884.0,2.39
1753769571001,06:12:51.001,okxus,BTC/USDT:USDT,118883.8,491.05,118883.7,0.42,118883.9,322.89,118884.0,2.39
1753769571101,06:12:51.101,okxus,BTC/USDT:USDT,118883.8,491.06,118883.7,0.42,118883.9,284.54,118884.0,2.39
1753769571201,06:12:51.201,okxus,BTC/USDT:USDT,118883.8,490.54,118883.7,0.42,118883.9,285.31,118884.0,2.39
1753769571301,06:12:51.301,okxus,BTC/USDT:USDT,118883.8,507.32,118883.7,0.42,118883.9,284.83,118884.0,2.39
1753769571401,06:12:51.401,okxus,BTC/USDT:USDT,118883.8,507.32,118883.7,0.42,118883.9,284.83,118884.0,2.39
1753769571501,06:12:51.501,okxus,BTC/USDT:USDT,118883.8,507.32,118883.7,0.42,118883.9,284.88,118884.0,2.39
1753769571601,06:12:51.601,okxus,BTC/USDT:USDT,118883.8,507.32,118883.7,0.42,118883.9,284.99,118884.0,2.44
1753769571701,06:12:51.701,okxus,BTC/USDT:USDT,118883.8,507.32,118883.7,0.42,118883.9,284.95,118884.0,2.44
1753769571801,06:12:51.801,okxus,BTC/USDT:USDT,118883.8,507.32,118883.7,0.42,118883.9,284.95,118884.0,2.44
1753769571901,06:12:51.901,okxus,BTC/USDT:USDT,118883.8,507.45,118883.7,0.42,118883.9,284.95,118884.0,2.44
1753769572001,06:12:52.001,okxus,BTC/USDT:USDT,118883.8,507.43,118883.7,0.42,118883.9,284.95,118884.0,2.44
1753769572101,06:12:52.101,okxus,BTC/USDT:USDT,118883.8,507.43,118883.7,0.42,118883.9,284.95,118884.0,2.44
1753769572201,06:12:52.201,okxus,BTC/USDT:USDT,118883.8,507.43,118883.7,0.42,118883.9,284.89,118884.0,2.73
1753769572401,06:12:52.401,okxus,BTC/USDT:USDT,118883.8,490.63,118883.7,0.42,118883.9,317.14,118884.0,2.73
1753769572501,06:12:52.501,okxus,BTC/USDT:USDT,118883.8,490.63,118883.7,0.42,118883.9,315.88,118884.0,2.73
1753769572701,06:12:52.701,okxus,BTC/USDT:USDT,118883.8,492.34,118883.7,0.42,118883.9,286.74,118884.0,2.73
1753769572901,06:12:52.901,okxus,BTC/USDT:USDT,118883.8,490.68,118883.7,0.42,118883.9,288.76,118884.0,2.73
1753769573001,06:12:53.001,okxus,BTC/USDT:USDT,118883.8,490.69,118883.7,0.42,118883.9,288.32,118884.0,2.73
1753769573101,06:12:53.101,okxus,BTC/USDT:USDT,118883.8,490.7,118883.7,0.42,118883.9,280.36,118884.0,2.73
1753769573301,06:12:53.301,okxus,BTC/USDT:USDT,118883.8,490.44,118883.7,0.42,118883.9,288.01,118884.0,2.73
1753769573401,06:12:53.401,okxus,BTC/USDT:USDT,118883.8,490.44,118883.7,0.42,118883.9,288.06,118884.0,2.73
1753769573501,06:12:53.501,okxus,BTC/USDT:USDT,118883.8,490.44,118883.7,0.42,118883.9,288.05,118884.0,2.73
1753769573701,06:12:53.701,okxus,BTC/USDT:USDT,118883.8,490.43,118883.7,0.42,118883.9,288.11,118884.0,2.73
1753769573801,06:12:53.801,okxus,BTC/USDT:USDT,118883.8,490.43,118883.7,0.42,118883.9,288.11,118884.0,2.73
1753769574001,06:12:54.001,okxus,BTC/USDT:USDT,118883.8,489.65,118883.7,0.42,118883.9,291.33,118884.0,2.73
1753769574101,06:12:54.101,okxus,BTC/USDT:USDT,118883.8,490.42,118883.7,0.42,118883.9,323.62,118884.0,3.38
1753769574301,06:12:54.301,okxus,BTC/USDT:USDT,118883.8,490.42,118883.7,0.42,118883.9,323.61,118884.0,4.13
1753769574401,06:12:54.401,okxus,BTC/USDT:USDT,118883.8,488.89,118883.7,0.42,118883.9,323.61,118884.0,4.13
1753769574501,06:12:54.501,okxus,BTC/USDT:USDT,118883.8,490.82,118883.7,0.42,118883.9,288.83,118884.0,4.13
1753769574601,06:12:54.601,okxus,BTC/USDT:USDT,118883.8,491.5,118883.7,0.42,118883.9,288.85,118884.0,4.13
1753769574701,06:12:54.701,okxus,BTC/USDT:USDT,118883.8,489.83,118883.7,0.42,118883.9,288.85,118884.0,4.13
1753769574801,06:12:54.801,okxus,BTC/USDT:USDT,118883.8,488.54,118883.7,0.42,118883.9,282.38,118884.0,4.13
1753769574901,06:12:54.901,okxus,BTC/USDT:USDT,118883.8,488.54,118883.7,0.42,118883.9,288.88,118884.0,4.13
1753769575101,06:12:55.101,okxus,BTC/USDT:USDT,118883.8,505.35,118883.7,0.42,118883.9,287.17,118884.0,4.6
1753769575301,06:12:55.301,okxus,BTC/USDT:USDT,118883.8,504.58,118883.7,0.42,118883.9,287.64,118884.0,4.6
1753769575401,06:12:55.401,okxus,BTC/USDT:USDT,118883.8,504.58,118883.7,0.42,118883.9,287.64,118884.0,4.6
1753769575501,06:12:55.501,okxus,BTC/USDT:USDT,118883.8,504.58,118883.7,0.42,118883.9,287.61,118884.0,4.6
1753769575616,06:12:55.616,okxus,BTC/USDT:USDT,118883.8,504.29,118883.7,0.42,118883.9,287.62,118884.0,4.76
1753769575706,06:12:55.706,okxus,BTC/USDT:USDT,118883.8,504.29,118883.7,0.42,118883.9,287.62,118884.0,4.76
1753769576106,06:12:56.106,okxus,BTC/USDT:USDT,118883.8,500.19,118883.7,0.42,118883.9,276.31,118884.0,4.81
1753769576206,06:12:56.206,okxus,BTC/USDT:USDT,118883.8,500.19,118883.7,0.42,118883.9,276.31,118884.0,4.81
1753769576306,06:12:56.306,okxus,BTC/USDT:USDT,118883.8,500.19,118883.7,0.42,118883.9,175.54,118884.0,4.81
1753769576506,06:12:56.506,okxus,BTC/USDT:USDT,118883.8,500.49,118883.7,0.42,118883.9,171.98,118884.0,4.81
1753769576606,06:12:56.606,okxus,BTC/USDT:USDT,118883.8,501.18,118883.7,0.42,118883.9,278.66,118884.0,4.81
1753769576906,06:12:56.906,okxus,BTC/USDT:USDT,118883.8,483.18,118883.7,0.42,118883.9,278.66,118884.0,4.81
1753769577006,06:12:57.006,okxus,BTC/USDT:USDT,118883.8,483.18,118883.7,0.42,118883.9,309.89,118884.0,4.81
1753769577106,06:12:57.106,okxus,BTC/USDT:USDT,118883.8,500.0,118883.7,0.42,118883.9,176.47,118884.0,4.81
1753769577206,06:12:57.206,okxus,BTC/USDT:USDT,118883.8,499.99,118883.7,0.42,118883.9,172.36,118884.0,4.81
1753769577606,06:12:57.606,okxus,BTC/USDT:USDT,118883.8,483.09,118883.7,0.42,118883.9,170.97,118884.0,4.81
1753769577706,06:12:57.706,okxus,BTC/USDT:USDT,118883.8,483.09,118883.7,0.42,118883.9,170.78,118884.0,4.81
1753769577806,06:12:57.806,okxus,BTC/USDT:USDT,118883.8,483.09,118883.7,0.42,118883.9,170.78,118884.0,4.81
1753769577906,06:12:57.906,okxus,BTC/USDT:USDT,118883.8,483.09,118883.7,0.42,118883.9,170.78,118884.0,4.81
1753769578106,06:12:58.106,okxus,BTC/USDT:USDT,118883.8,482.31,118883.7,0.42,118883.9,170.78,118884.0,4.81
1753769578206,06:12:58.206,okxus,BTC/USDT:USDT,118883.8,500.13,118883.7,0.42,118883.9,166.69,118884.0,4.81
1753769578306,06:12:58.306,okxus,BTC/USDT:USDT,118883.8,500.13,118883.7,0.42,118883.9,166.69,118884.0,4.81
1753769578406,06:12:58.406,okxus,BTC/USDT:USDT,118883.8,500.13,118883.7,0.42,118883.9,166.67,118884.0,4.81
1753769578506,06:12:58.506,okxus,BTC/USDT:USDT,118883.8,500.55,118883.7,0.42,118883.9,166.67,118884.0,4.81
1753769578606,06:12:58.606,okxus,BTC/USDT:USDT,118883.8,501.2,118883.7,0.42,118883.9,166.98,118884.0,4.81
1753769578706,06:12:58.706,okxus,BTC/USDT:USDT,118883.8,501.43,118883.7,0.42,118883.9,166.98,118884.0,4.81
1753769578906,06:12:58.906,okxus,BTC/USDT:USDT,118883.8,500.13,118883.7,0.42,118883.9,167.42,118884.0,4.81
1753769579006,06:12:59.006,okxus,BTC/USDT:USDT,118883.8,500.13,118883.7,0.42,118883.9,166.12,118884.0,4.81
1753769579106,06:12:59.106,okxus,BTC/USDT:USDT,118883.8,500.16,118883.7,0.42,118883.9,166.12,118884.0,4.81
1753769579206,06:12:59.206,okxus,BTC/USDT:USDT,118883.8,500.16,118883.7,0.42,118883.9,169.34,118884.0,4.81
1753769579306,06:12:59.306,okxus,BTC/USDT:USDT,118883.8,500.14,118883.7,0.42,118883.9,169.34,118884.0,4.81
1753769579506,06:12:59.506,okxus,BTC/USDT:USDT,118883.8,500.14,118883.7,0.42,118883.9,166.07,118884.0,4.81
1753769579606,06:12:59.606,okxus,BTC/USDT:USDT,118883.8,500.14,118883.7,0.42,118883.9,166.07,118884.0,4.81
1753769579706,06:12:59.706,okxus,BTC/USDT:USDT,118883.8,500.14,118883.7,0.42,118883.9,169.29,118884.0,4.81
1753769580506,06:13:00.506,okxus,BTC/USDT:USDT,118883.8,500.53,118883.7,0.42,118883.9,164.3,118884.0,4.96
1753769580806,06:13:00.806,okxus,BTC/USDT:USDT,118883.8,490.86,118883.7,0.42,118883.9,163.63,118884.0,5.46
1753769581406,06:13:01.406,okxus,BTC/USDT:USDT,118883.8,488.55,118883.7,0.42,118883.9,159.62,118884.0,5.62
1753769581506,06:13:01.506,okxus,BTC/USDT:USDT,118883.8,488.55,118883.7,0.42,118883.9,159.59,118884.0,5.69
1753769581606,06:13:01.606,okxus,BTC/USDT:USDT,118883.8,482.84,118883.7,0.42,118883.9,159.64,118884.0,5.69
1753769581706,06:13:01.706,okxus,BTC/USDT:USDT,118883.8,482.84,118883.7,0.42,118883.9,159.64,118884.0,5.69
1753769581906,06:13:01.906,okxus,BTC/USDT:USDT,118883.8,466.79,118883.7,0.42,118883.9,228.57,118884.0,5.69
1753769582006,06:13:02.006,okxus,BTC/USDT:USDT,118883.8,483.59,118883.7,0.42,118883.9,243.23,118884.0,5.69
1753769582106,06:13:02.106,okxus,BTC/USDT:USDT,118883.8,483.59,118883.7,0.42,118883.9,343.05,118884.0,5.69
1753769582306,06:13:02.306,okxus,BTC/USDT:USDT,118883.8,466.04,118883.7,0.42,118883.9,357.07,118884.0,5.69
1753769582606,06:13:02.606,okxus,BTC/USDT:USDT,118883.8,434.91,118883.7,0.42,118883.9,413.92,118884.0,5.69
1753769582706,06:13:02.706,okxus,BTC/USDT:USDT,118883.8,433.7,118883.7,0.42,118883.9,411.92,118884.0,5.69
1753769582806,06:13:02.806,okxus,BTC/USDT:USDT,118883.8,398.91,118883.7,0.42,118883.9,413.92,118884.0,5.69
1753769583106,06:13:03.106,okxus,BTC/USDT:USDT,118883.8,396.54,118883.7,0.42,118883.9,460.52,118884.0,182.2
1753769583206,06:13:03.206,okxus,BTC/USDT:USDT,118883.8,388.4,118883.7,0.42,118883.9,462.15,118884.0,182.2
1753769583406,06:13:03.406,okxus,BTC/USDT:USDT,118883.8,396.11,118883.7,0.42,118883.9,456.46,118884.0,182.2
1753769583506,06:13:03.506,okxus,BTC/USDT:USDT,118883.8,396.09,118883.7,0.42,118883.9,487.87,118884.0,182.2
1753769583606,06:13:03.606,okxus,BTC/USDT:USDT,118883.8,388.38,118883.7,0.42,118883.9,490.87,118884.0,182.2
1753769583806,06:13:03.806,okxus,BTC/USDT:USDT,118883.8,361.89,118883.7,0.42,118883.9,490.87,118884.0,182.2
1753769584006,06:13:04.006,okxus,BTC/USDT:USDT,118883.8,239.52,118883.7,0.42,118883.9,549.82,118884.0,182.2
1753769584106,06:13:04.106,okxus,BTC/USDT:USDT,118883.8,245.33,118883.7,0.42,118883.9,561.73,118884.0,182.2
1753769584206,06:13:04.206,okxus,BTC/USDT:USDT,118883.8,239.55,118883.7,0.42,118883.9,564.01,118884.0,182.2
1753769585306,06:13:05.306,okxus,BTC/USDT:USDT,118883.8,275.22,118883.7,0.42,118883.9,548.81,118884.0,182.64
1753769585506,06:13:05.506,okxus,BTC/USDT:USDT,118883.8,275.22,118883.7,0.42,118883.9,540.28,118884.0,182.64
1753769585706,06:13:05.706,okxus,BTC/USDT:USDT,118883.8,358.41,118883.7,0.42,118883.9,467.63,118884.0,182.69
1753769585806,06:13:05.806,okxus,BTC/USDT:USDT,118883.8,358.41,118883.7,0.42,118883.9,462.68,118884.0,182.69
1753769586206,06:13:06.206,okxus,BTC/USDT:USDT,118883.8,355.61,118883.7,0.42,118883.9,468.67,118884.0,184.69
1753769586306,06:13:06.306,okxus,BTC/USDT:USDT,118883.8,355.61,118883.7,0.42,118883.9,467.4,118884.0,184.69
1753769586406,06:13:06.406,okxus,BTC/USDT:USDT,118883.8,353.88,118883.7,0.42,118883.9,465.93,118884.0,185.69
1753769586706,06:13:06.706,okxus,BTC/USDT:USDT,118883.8,353.91,118883.7,0.42,118883.9,467.02,118884.0,183.21
1753769587206,06:13:07.206,okxus,BTC/USDT:USDT,118883.8,348.25,118883.7,0.42,118883.9,509.72,118884.0,183.69
1753769587406,06:13:07.406,okxus,BTC/USDT:USDT,118883.8,348.62,118883.7,0.7,118883.9,517.47,118884.0,182.69
1753769587506,06:13:07.506,okxus,BTC/USDT:USDT,118883.8,348.62,118883.7,0.7,118883.9,517.85,118884.0,182.69
1753769588006,06:13:08.006,okxus,BTC/USDT:USDT,118883.8,261.65,118883.7,0.7,118883.9,519.98,118884.0,182.69
1753769588106,06:13:08.106,okxus,BTC/USDT:USDT,118883.8,261.65,118883.7,0.7,118883.9,520.38,118884.0,182.69
1753769588206,06:13:08.206,okxus,BTC/USDT:USDT,118883.8,259.97,118883.7,0.7,118883.9,520.61,118884.0,182.69
1753769588406,06:13:08.406,okxus,BTC/USDT:USDT,118883.8,260.01,118883.7,0.7,118883.9,519.73,118884.0,182.69
1753769588606,06:13:08.606,okxus,BTC/USDT:USDT,118883.8,258.46,118883.7,0.7,118883.9,519.68,118884.0,182.69
1753769588706,06:13:08.706,okxus,BTC/USDT:USDT,118883.8,260.74,118883.7,0.7,118883.9,519.68,118884.0,182.69
1753769588806,06:13:08.806,okxus,BTC/USDT:USDT,118883.8,260.74,118883.7,0.7,118883.9,519.68,118884.0,182.69
1753769588906,06:13:08.906,okxus,BTC/USDT:USDT,118883.8,260.58,118883.7,0.7,118883.9,519.28,118884.0,182.69
1753769589006,06:13:09.006,okxus,BTC/USDT:USDT,118883.8,261.24,118883.7,0.7,118883.9,520.28,118884.0,182.69
1753769589106,06:13:09.106,okxus,BTC/USDT:USDT,118883.8,261.24,118883.7,0.7,118883.9,519.28,118884.0,182.69
1753769589506,06:13:09.506,okxus,BTC/USDT:USDT,118883.8,222.84,118883.7,0.7,118883.9,534.96,118884.0,182.69
1753769589606,06:13:09.606,okxus,BTC/USDT:USDT,118883.8,222.84,118883.7,0.7,118883.9,535.16,118884.0,182.69
1753769589706,06:13:09.706,okxus,BTC/USDT:USDT,118883.8,222.84,118883.7,0.7,118883.9,534.41,118884.0,182.69
1753769589906,06:13:09.906,okxus,BTC/USDT:USDT,118883.8,222.68,118883.7,0.7,118883.9,534.41,118884.0,182.69
1753769590306,06:13:10.306,okxus,BTC/USDT:USDT,118883.8,225.78,118883.7,0.7,118883.9,534.39,118884.0,182.69
1753769590506,06:13:10.506,okxus,BTC/USDT:USDT,118883.8,225.84,118883.7,0.7,118883.9,548.01,118884.0,182.69
1753769590606,06:13:10.606,okxus,BTC/USDT:USDT,118883.8,331.35,118883.7,0.7,118883.9,526.94,118884.0,182.69
1753769590706,06:13:10.706,okxus,BTC/USDT:USDT,118883.8,331.35,118883.7,0.7,118883.9,525.44,118884.0,182.69
1753769591006,06:13:11.006,okxus,BTC/USDT:USDT,118883.8,342.35,118883.7,0.7,118883.9,525.44,118884.0,183.45
1753769591106,06:13:11.106,okxus,BTC/USDT:USDT,118883.8,332.99,118883.7,0.7,118883.9,525.44,118884.0,183.45
1753769591506,06:13:11.506,okxus,BTC/USDT:USDT,118883.8,310.84,118883.7,0.7,118883.9,525.39,118884.0,183.45
1753769591606,06:13:11.606,okxus,BTC/USDT:USDT,118883.8,310.84,118883.7,0.7,118883.9,598.31,118884.0,183.45
1753769591906,06:13:11.906,okxus,BTC/USDT:USDT,118883.8,310.84,118883.7,0.7,118883.9,605.34,118884.0,183.45
1753769592206,06:13:12.206,okxus,BTC/USDT:USDT,118883.8,303.13,118883.7,0.7,118883.9,605.35,118884.0,183.45
1753769592806,06:13:12.806,okxus,BTC/USDT:USDT,118883.8,213.5,118883.7,0.7,118883.9,622.72,118884.0,183.94
1753769593106,06:13:13.106,okxus,BTC/USDT:USDT,118883.8,314.53,118883.7,0.7,118883.9,594.93,118884.0,183.94
1753769593206,06:13:13.206,okxus,BTC/USDT:USDT,118883.8,314.91,118883.7,0.7,118883.9,594.93,118884.0,183.94
1753769593606,06:13:13.606,okxus,BTC/USDT:USDT,118883.8,53.59,118883.7,0.7,118883.9,633.27,118884.0,183.94
1753769593806,06:13:13.806,okxus,BTC/USDT:USDT,118883.8,157.33,118883.7,0.7,118883.9,627.78,118884.0,183.94
1753769594006,06:13:14.006,okxus,BTC/USDT:USDT,118883.8,103.19,118883.7,0.7,118883.9,632.91,118884.0,183.94
1753769594106,06:13:14.106,okxus,BTC/USDT:USDT,118883.8,78.52,118883.7,0.7,118883.9,632.91,118884.0,183.94
1753769594206,06:13:14.206,okxus,BTC/USDT:USDT,118883.8,136.51,118883.7,0.7,118883.9,632.88,118884.0,183.94
1753769594406,06:13:14.406,okxus,BTC/USDT:USDT,118883.8,136.56,118883.7,0.7,118883.9,639.82,118884.0,183.66
1753769594606,06:13:14.606,okxus,BTC/USDT:USDT,118883.8,79.32,118883.7,0.7,118883.9,640.22,118884.0,183.94
1753769594706,06:13:14.706,okxus,BTC/USDT:USDT,118883.8,79.32,118883.7,0.7,118883.9,640.56,118884.0,183.94
1753769595106,06:13:15.106,okxus,BTC/USDT:USDT,118883.8,91.5,118883.7,0.7,118883.9,648.66,118884.0,183.94
1753769595306,06:13:15.306,okxus,BTC/USDT:USDT,118883.0,57.8,118882.1,26.81,118883.1,1417.97,118883.2,693.86
1753769595806,06:13:15.806,okxus,BTC/USDT:USDT,118883.0,91.61,118881.3,26.28,118883.1,1273.47,118883.2,394.54
1753769596106,06:13:16.106,okxus,BTC/USDT:USDT,118883.0,137.1,118881.9,3.06,118883.1,1278.62,118883.2,394.54
1753769596206,06:13:16.206,okxus,BTC/USDT:USDT,118883.0,149.6,118882.4,26.87,118883.1,1278.62,118883.2,394.54
1753769596506,06:13:16.506,okxus,BTC/USDT:USDT,118883.0,202.83,118881.9,3.06,118883.1,1258.65,118883.2,394.54
1753769596706,06:13:16.706,okxus,BTC/USDT:USDT,118883.0,278.32,118881.9,3.06,118883.1,1187.95,118883.2,394.44
1753769596806,06:13:16.806,okxus,BTC/USDT:USDT,118883.0,278.32,118881.9,3.06,118883.1,1187.95,118883.2,394.44
1753769596906,06:13:16.906,okxus,BTC/USDT:USDT,118883.0,278.32,118881.9,3.06,118883.1,1187.95,118883.2,394.44
1753769597006,06:13:17.006,okxus,BTC/USDT:USDT,118883.0,278.98,118881.9,3.06,118883.1,1187.95,118883.2,394.44
1753769597106,06:13:17.106,okxus,BTC/USDT:USDT,118883.0,278.61,118881.9,3.06,118883.1,1186.95,118883.2,394.44
1753769597206,06:13:17.206,okxus,BTC/USDT:USDT,118883.0,279.45,118881.9,3.06,118883.1,1187.95,118883.2,394.44
1753769597806,06:13:17.806,okxus,BTC/USDT:USDT,118883.0,276.45,118881.9,3.06,118883.1,1185.55,118883.2,394.44
1753769598306,06:13:18.306,okxus,BTC/USDT:USDT,118883.0,276.45,118881.9,3.06,118883.1,1184.59,118883.2,394.44
1753769598506,06:13:18.506,okxus,BTC/USDT:USDT,118883.0,141.85,118881.9,3.06,118883.1,1184.69,118883.2,394.44
1753769598706,06:13:18.706,okxus,BTC/USDT:USDT,118883.0,141.85,118881.9,3.06,118883.1,1184.69,118883.2,394.44
1753769598806,06:13:18.806,okxus,BTC/USDT:USDT,118883.0,141.85,118881.9,3.06,118883.1,1184.69,118883.2,394.44
1753769599106,06:13:19.106,okxus,BTC/USDT:USDT,118883.0,175.85,118881.9,3.06,118883.1,1190.31,118883.2,394.44
1753769599506,06:13:19.506,okxus,BTC/USDT:USDT,118883.0,143.27,118881.9,3.06,118883.1,1190.43,118883.2,394.44
1753769599806,06:13:19.806,okxus,BTC/USDT:USDT,118883.0,117.12,118881.9,3.06,118883.1,1191.03,118883.2,394.44
1753769599906,06:13:19.906,okxus,BTC/USDT:USDT,118883.0,92.45,118881.9,3.06,118883.1,1191.04,118883.2,394.44
1753769600206,06:13:20.206,okxus,BTC/USDT:USDT,118883.0,92.45,118881.9,3.06,118883.1,1187.37,118883.2,394.44
1753769600906,06:13:20.906,okxus,BTC/USDT:USDT,118883.0,107.77,118881.9,3.06,118883.1,1189.01,118883.2,394.71
1753769601906,06:13:21.906,okxus,BTC/USDT:USDT,118883.0,111.98,118881.9,3.06,118883.1,1187.38,118883.2,395.47
1753769602206,06:13:22.206,okxus,BTC/USDT:USDT,118883.0,111.06,118881.9,3.06,118883.1,1192.19,118883.2,395.47
1753769602406,06:13:22.406,okxus,BTC/USDT:USDT,118883.0,111.4,118881.9,3.06,118883.1,1212.84,118883.2,395.47
1753769602506,06:13:22.506,okxus,BTC/USDT:USDT,118883.0,112.16,118881.9,3.06,118883.1,1201.78,118883.2,395.47
1753769602606,06:13:22.606,okxus,BTC/USDT:USDT,118883.0,112.16,118881.9,3.06,118883.1,1212.92,118883.2,395.47
1753769602706,06:13:22.706,okxus,BTC/USDT:USDT,118883.0,112.16,118881.9,3.06,118883.1,1212.92,118883.2,395.47
1753769602806,06:13:22.806,okxus,BTC/USDT:USDT,118883.0,112.16,118881.9,3.06,118883.1,1212.92,118883.2,395.47
1753769603106,06:13:23.106,okxus,BTC/USDT:USDT,118883.0,112.18,118882.7,0.78,118883.1,1212.92,118883.2,395.47
1753769603206,06:13:23.206,okxus,BTC/USDT:USDT,118883.0,147.1,118882.7,0.78,118883.1,1212.98,118883.2,395.47
1753769603306,06:13:23.306,okxus,BTC/USDT:USDT,118883.0,147.1,118882.6,30.41,118883.1,1179.46,118883.2,395.47
1753769603606,06:13:23.606,okxus,BTC/USDT:USDT,118883.0,147.28,118882.9,0.78,118883.1,1179.46,118883.2,395.47
1753769603706,06:13:23.706,okxus,BTC/USDT:USDT,118883.0,147.28,118882.9,0.78,118883.1,1179.68,118883.2,395.47
1753769603806,06:13:23.806,okxus,BTC/USDT:USDT,118883.0,147.28,118882.9,0.78,118883.1,1179.66,118883.2,395.47
1753769604306,06:13:24.306,okxus,BTC/USDT:USDT,118883.0,277.23,118882.9,0.78,118883.1,1148.4,118883.2,395.47
1753769604506,06:13:24.506,okxus,BTC/USDT:USDT,118883.0,271.5,118882.9,0.78,118883.1,1177.9,118883.2,395.54
1753769604706,06:13:24.706,okxus,BTC/USDT:USDT,118883.0,175.94,118882.9,0.78,118883.1,1177.9,118883.2,395.7
1753769604906,06:13:24.906,okxus,BTC/USDT:USDT,118883.0,147.07,118882.9,0.78,118883.1,1177.9,118883.2,395.7
1753769605606,06:13:25.606,okxus,BTC/USDT:USDT,118883.0,250.71,118882.8,0.74,118883.1,1160.12,118883.2,395.7
1753769606006,06:13:26.006,okxus,BTC/USDT:USDT,118883.0,166.91,118881.9,3.06,118883.1,1176.81,118883.2,395.99
1753769606606,06:13:26.606,okxus,BTC/USDT:USDT,118883.0,277.62,118881.9,3.06,118883.1,1149.04,118883.2,395.99
1753769607306,06:13:27.306,okxus,BTC/USDT:USDT,118883.0,277.88,118881.9,3.06,118883.1,1148.07,118883.2,396.74
1753769607406,06:13:27.406,okxus,BTC/USDT:USDT,118883.0,276.93,118881.9,3.06,118883.1,1147.51,118883.2,396.74
1753769607506,06:13:27.506,okxus,BTC/USDT:USDT,118883.0,276.93,118881.9,3.06,118883.1,1147.51,118883.2,396.74
1753769607606,06:13:27.606,okxus,BTC/USDT:USDT,118883.0,276.93,118881.9,3.06,118883.1,1146.56,118883.2,396.74
1753769607706,06:13:27.706,okxus,BTC/USDT:USDT,118883.0,276.93,118881.9,3.06,118883.1,1146.3,118883.2,396.74
1753769607806,06:13:27.806,okxus,BTC/USDT:USDT,118883.0,276.93,118881.9,3.06,118883.1,1146.3,118883.2,396.74
1753769608106,06:13:28.106,okxus,BTC/USDT:USDT,118883.0,276.93,118881.9,3.06,118883.1,1146.47,118883.2,396.74
1753769608206,06:13:28.206,okxus,BTC/USDT:USDT,118883.0,276.93,118881.9,3.06,118883.1,1146.47,118883.2,396.74
1753769608806,06:13:28.806,okxus,BTC/USDT:USDT,118883.0,220.14,118881.9,3.06,118883.1,1163.27,118883.2,396.74
1753769608906,06:13:28.906,okxus,BTC/USDT:USDT,118883.0,115.96,118881.9,3.06,118883.1,1163.22,118883.2,396.74
1753769609006,06:13:29.006,okxus,BTC/USDT:USDT,118883.0,149.94,118881.9,3.06,118883.1,1162.46,118883.2,396.74
1753769609206,06:13:29.206,okxus,BTC/USDT:USDT,118883.0,149.83,118881.9,3.06,118883.1,1162.46,118883.2,396.74
1753769609606,06:13:29.606,okxus,BTC/USDT:USDT,118883.0,150.03,118881.9,3.06,118883.1,1110.82,118883.2,397.21
1753769610106,06:13:30.106,okxus,BTC/USDT:USDT,118883.0,116.36,118881.9,3.06,118883.1,1110.82,118883.2,397.53
1753769610206,06:13:30.206,okxus,BTC/USDT:USDT,118883.0,117.17,118881.9,3.06,118883.1,1110.82,118883.2,397.53
1753769610306,06:13:30.306,okxus,BTC/USDT:USDT,118883.0,117.15,118881.9,3.06,118883.1,1110.82,118883.2,397.53
1753769610706,06:13:30.706,okxus,BTC/USDT:USDT,118883.0,278.14,118881.9,3.06,118883.1,1093.94,118883.2,397.53
1753769610906,06:13:30.906,okxus,BTC/USDT:USDT,118883.0,285.86,118881.9,3.06,118883.1,1093.89,118883.2,397.53
1753769611106,06:13:31.106,okxus,BTC/USDT:USDT,118883.0,278.76,118881.9,3.06,118883.1,1098.55,118883.2,397.53
1753769611206,06:13:31.206,okxus,BTC/USDT:USDT,118883.0,279.67,118881.9,3.06,118883.1,1098.55,118883.2,397.53
1753769611306,06:13:31.306,okxus,BTC/USDT:USDT,118883.0,286.76,118881.9,3.06,118883.1,1098.55,118883.2,397.53
1753769611406,06:13:31.406,okxus,BTC/USDT:USDT,118883.0,285.75,118881.9,3.06,118883.1,1098.55,118883.2,397.53
1753769611606,06:13:31.606,okxus,BTC/USDT:USDT,118883.0,278.04,118881.9,3.06,118883.1,1098.28,118883.2,397.81
1753769611806,06:13:31.806,okxus,BTC/USDT:USDT,118883.0,278.04,118881.9,3.06,118883.1,1104.17,118883.2,397.81
1753769612006,06:13:32.006,okxus,BTC/USDT:USDT,118883.0,278.22,118881.9,3.06,118883.1,1104.18,118883.2,397.81
1753769612406,06:13:32.406,okxus,BTC/USDT:USDT,118883.0,248.93,118881.9,3.06,118883.1,1104.19,118883.2,397.81
1753769612606,06:13:32.606,okxus,BTC/USDT:USDT,118883.0,245.48,118881.9,3.06,118883.1,1121.32,118883.2,397.81
1753769612706,06:13:32.706,okxus,BTC/USDT:USDT,118883.0,265.54,118881.9,3.06,118883.1,1121.32,118883.2,397.81
1753769612906,06:13:32.906,okxus,BTC/USDT:USDT,118883.0,245.37,118881.9,3.06,118883.1,1105.51,118883.2,399.32
1753769613506,06:13:33.506,okxus,BTC/USDT:USDT,118883.0,245.72,118881.9,3.06,118883.1,1080.96,118883.2,399.32
1753769613606,06:13:33.606,okxus,BTC/USDT:USDT,118883.0,245.78,118881.9,3.06,118883.1,1110.16,118883.2,399.32
1753769613706,06:13:33.706,okxus,BTC/USDT:USDT,118883.0,266.6,118881.9,3.06,118883.1,1110.16,118883.2,399.32
1753769614206,06:13:34.206,okxus,BTC/USDT:USDT,118883.0,80.97,118881.9,3.06,118883.1,1221.44,118883.2,399.32
1753769615106,06:13:35.106,okxus,BTC/USDT:USDT,118868.6,316.43,118867.4,28.79,118868.7,1866.91,118868.8,0.51
1753769615406,06:13:35.406,okxus,BTC/USDT:USDT,118868.6,316.88,118865.0,45.42,118868.7,1833.89,118868.8,0.51
1753769615806,06:13:35.806,okxus,BTC/USDT:USDT,118868.6,288.35,118865.0,45.42,118868.7,1825.72,118868.8,0.74
1753769616106,06:13:36.106,okxus,BTC/USDT:USDT,118868.6,309.17,118864.8,1.0,118868.7,1825.77,118868.8,0.74
1753769616306,06:13:36.306,okxus,BTC/USDT:USDT,118868.6,316.88,118864.8,1.0,118868.7,1825.88,118868.8,0.74
1753769616506,06:13:36.506,okxus,BTC/USDT:USDT,118868.6,316.93,118864.8,1.0,118868.7,1820.23,118868.8,0.74
1753769616606,06:13:36.606,okxus,BTC/USDT:USDT,118868.6,279.25,118864.8,1.0,118868.7,1825.85,118868.8,0.74
1753769617306,06:13:37.306,okxus,BTC/USDT:USDT,118868.6,259.64,118864.8,1.0,118868.7,1813.67,118868.8,0.74
1753769617706,06:13:37.706,okxus,BTC/USDT:USDT,118868.6,282.24,118864.8,1.0,118868.7,1808.13,118868.8,0.74
1753769618106,06:13:38.106,okxus,BTC/USDT:USDT,118860.5,410.96,118860.2,1.89,118860.6,483.81,118861.4,36.49
1753769618206,06:13:38.206,okxus,BTC/USDT:USDT,118860.5,410.96,118860.2,1.89,118860.6,566.23,118861.4,54.49
1753769618406,06:13:38.406,okxus,BTC/USDT:USDT,118860.5,333.19,118860.2,1.89,118860.6,664.87,118861.4,52.45
1753769618606,06:13:38.606,okxus,BTC/USDT:USDT,118860.5,333.95,118860.2,1.89,118860.6,492.24,118860.7,0.75
1753769619206,06:13:39.206,okxus,BTC/USDT:USDT,118860.5,379.32,118860.2,1.89,118860.6,533.91,118860.7,0.75
1753769619306,06:13:39.306,okxus,BTC/USDT:USDT,118860.5,379.67,118860.2,1.89,118860.6,472.94,118860.7,0.75
1753769619606,06:13:39.606,okxus,BTC/USDT:USDT,118860.5,379.79,118860.2,1.89,118860.6,462.93,118860.7,0.75
1753769620106,06:13:40.106,okxus,BTC/USDT:USDT,118860.5,774.25,118860.2,1.89,118860.6,253.7,118860.7,0.75
1753769620606,06:13:40.606,okxus,BTC/USDT:USDT,118860.5,779.11,118860.2,1.89,118860.6,118.54,118860.7,1.71
1753769620906,06:13:40.906,okxus,BTC/USDT:USDT,118860.5,784.71,118860.2,1.89,118860.6,118.54,118860.7,1.71
1753769621106,06:13:41.106,okxus,BTC/USDT:USDT,118860.5,786.28,118860.2,1.89,118860.6,165.94,118860.7,1.95
1753769621206,06:13:41.206,okxus,BTC/USDT:USDT,118860.5,787.25,118860.2,1.89,118860.6,165.95,118860.7,1.95
1753769621406,06:13:41.406,okxus,BTC/USDT:USDT,118860.5,782.65,118860.2,1.89,118860.6,183.57,118860.7,1.95
1753769621506,06:13:41.506,okxus,BTC/USDT:USDT,118860.5,780.65,118860.2,1.89,118860.6,191.14,118860.7,1.95
1753769621906,06:13:41.906,okxus,BTC/USDT:USDT,118860.5,780.65,118860.2,1.89,118860.6,190.16,118860.7,1.95
1753769622006,06:13:42.006,okxus,BTC/USDT:USDT,118860.5,782.65,118860.2,1.89,118860.6,190.16,118860.7,1.95
1753769622206,06:13:42.206,okxus,BTC/USDT:USDT,118860.5,781.66,118860.2,1.89,118860.6,190.16,118860.7,1.95
1753769622606,06:13:42.606,okxus,BTC/USDT:USDT,118860.5,730.07,118860.2,1.89,118860.6,190.59,118860.7,1.95
1753769622706,06:13:42.706,okxus,BTC/USDT:USDT,118860.5,729.07,118860.2,1.89,118860.6,190.59,118860.7,1.95
1753769623206,06:13:43.206,okxus,BTC/USDT:USDT,118860.5,783.96,118860.2,8.19,118860.6,145.58,118860.7,1.95
1753769623506,06:13:43.506,okxus,BTC/USDT:USDT,118860.5,782.26,118860.2,8.19,118860.6,131.86,118860.7,29.92
1753769624206,06:13:44.206,okxus,BTC/USDT:USDT,118860.5,784.26,118860.2,8.19,118860.6,147.89,118860.7,30.68
1753769624406,06:13:44.406,okxus,BTC/USDT:USDT,118860.5,785.26,118860.2,8.19,118860.6,140.35,118860.7,2.71
1753769624706,06:13:44.706,okxus,BTC/USDT:USDT,118860.5,785.93,118860.2,8.19,118860.6,126.17,118860.7,2.71
1753769624806,06:13:44.806,okxus,BTC/USDT:USDT,118860.5,784.93,118860.2,8.19,118860.6,140.36,118860.7,2.71
1753769625906,06:13:45.906,okxus,BTC/USDT:USDT,118860.5,788.42,118860.2,8.19,118860.6,147.77,118860.7,2.71
1753769626206,06:13:46.206,okxus,BTC/USDT:USDT,118860.5,818.99,118860.2,8.19,118860.6,147.79,118860.7,3.2
1753769626406,06:13:46.406,okxus,BTC/USDT:USDT,118860.5,819.99,118860.2,8.19,118860.6,147.79,118860.7,3.2
1753769626706,06:13:46.706,okxus,BTC/USDT:USDT,118860.5,800.8,118860.2,1.89,118860.6,148.85,118860.7,30.05
1753769626806,06:13:46.806,okxus,BTC/USDT:USDT,118860.5,836.22,118860.2,23.76,118860.6,13.13,118860.7,3.2
1753769626906,06:13:46.906,okxus,BTC/USDT:USDT,118860.5,833.27,118860.2,23.76,118860.6,70.46,118860.7,3.2
1753769627406,06:13:47.406,okxus,BTC/USDT:USDT,118860.5,834.88,118860.2,23.76,118860.6,78.21,118860.7,3.2
1753769627506,06:13:47.506,okxus,BTC/USDT:USDT,118860.5,834.89,118860.2,23.76,118860.6,78.25,118860.7,3.2
1753769627606,06:13:47.606,okxus,BTC/USDT:USDT,118860.5,833.89,118860.2,23.76,118860.6,78.82,118860.7,3.2
1753769627706,06:13:47.706,okxus,BTC/USDT:USDT,118860.5,834.89,118860.2,23.76,118860.6,78.82,118860.7,3.2
1753769627906,06:13:47.906,okxus,BTC/USDT:USDT,118860.5,828.67,118860.2,23.76,118860.6,20.29,118860.7,3.2
1753769628106,06:13:48.106,okxus,BTC/USDT:USDT,118861.3,1813.76,118861.2,0.02,118861.4,84.74,118863.7,4.44
1753769628606,06:13:48.606,okxus,BTC/USDT:USDT,118861.3,1838.63,118861.2,0.02,118861.4,84.77,118862.5,10.74
1753769628806,06:13:48.806,okxus,BTC/USDT:USDT,118861.3,1838.63,118861.2,0.02,118861.4,84.77,118862.5,10.74
1753769629106,06:13:49.106,okxus,BTC/USDT:USDT,118861.3,1840.26,118861.2,0.02,118861.4,84.01,118862.5,10.74
1753769629606,06:13:49.606,okxus,BTC/USDT:USDT,118861.3,1808.14,118861.2,0.02,118861.4,102.6,118861.5,27.53
1753769629806,06:13:49.806,okxus,BTC/USDT:USDT,118861.3,1834.82,118861.2,0.02,118861.4,102.25,118861.5,27.53
1753769630106,06:13:50.106,okxus,BTC/USDT:USDT,118861.3,1967.59,118861.2,0.02,118861.4,102.25,118861.5,27.53
1753769630606,06:13:50.606,okxus,BTC/USDT:USDT,118861.3,1967.39,118861.2,0.02,118861.4,50.51,118861.5,0.28
1753769631006,06:13:51.006,okxus,BTC/USDT:USDT,118861.3,1649.82,118861.2,0.02,118861.4,97.71,118861.5,0.28
1753769631106,06:13:51.106,okxus,BTC/USDT:USDT,118861.3,1643.93,118861.2,0.02,118861.4,97.74,118861.5,0.28
1753769631206,06:13:51.206,okxus,BTC/USDT:USDT,118861.3,1638.52,118861.2,0.02,118861.4,105.31,118861.5,0.28
1753769631406,06:13:51.406,okxus,BTC/USDT:USDT,118861.3,1638.52,118861.2,0.02,118861.4,87.83,118861.5,0.28
1753769631506,06:13:51.506,okxus,BTC/USDT:USDT,118861.3,1623.98,118861.2,0.02,118861.4,104.64,118861.5,0.75
1753769632106,06:13:52.106,okxus,BTC/USDT:USDT,118861.3,1624.98,118861.2,0.02,118861.4,103.68,118861.5,0.75
1753769632406,06:13:52.406,okxus,BTC/USDT:USDT,118861.3,1609.95,118861.2,0.02,118861.4,125.48,118861.5,1.15
1753769633006,06:13:53.006,okxus,BTC/USDT:USDT,118861.3,1323.05,118861.2,0.02,118861.4,314.63,118861.5,1.26
1753769633106,06:13:53.106,okxus,BTC/USDT:USDT,118861.3,1201.91,118861.2,0.02,118861.4,414.03,118861.5,1.26
1753769633406,06:13:53.406,okxus,BTC/USDT:USDT,118861.3,1201.15,118861.2,0.02,118861.4,414.21,118861.5,1.26
1753769633506,06:13:53.506,okxus,BTC/USDT:USDT,118861.3,1109.56,118861.2,0.02,118861.4,414.21,118861.5,1.26
1753769633606,06:13:53.606,okxus,BTC/USDT:USDT,118861.3,1109.56,118861.2,0.02,118861.4,409.85,118861.5,1.26
1753769633706,06:13:53.706,okxus,BTC/USDT:USDT,118861.3,1110.96,118861.2,0.02,118861.4,409.85,118861.5,1.26
1753769633806,06:13:53.806,okxus,BTC/USDT:USDT,118861.3,1228.36,118861.2,0.02,118861.4,218.22,118861.5,1.26
1753769634006,06:13:54.006,okxus,BTC/USDT:USDT,118861.3,1228.36,118861.2,0.02,118861.4,282.08,118861.5,1.26
1753769634506,06:13:54.506,okxus,BTC/USDT:USDT,118861.3,1296.11,118861.2,0.02,118861.4,275.39,118861.5,1.71
1753769634606,06:13:54.606,okxus,BTC/USDT:USDT,118861.3,1292.08,118861.2,0.02,118861.4,275.39,118861.5,1.71
1753769634706,06:13:54.706,okxus,BTC/USDT:USDT,118861.3,1293.08,118861.2,0.02,118861.4,275.39,118861.5,1.71
1753769635206,06:13:55.206,okxus,BTC/USDT:USDT,118861.3,1357.94,118861.2,0.02,118861.4,42.51,118861.5,1.98
1753769635406,06:13:55.406,okxus,BTC/USDT:USDT,118861.4,1928.54,118861.3,280.13,118861.5,2.76,118861.6,0.65
1753769635606,06:13:55.606,okxus,BTC/USDT:USDT,118861.4,1905.99,118861.3,252.92,118861.5,2.76,118861.6,0.65
1753769636006,06:13:56.006,okxus,BTC/USDT:USDT,118861.4,1940.69,118861.3,249.92,118861.5,1.84,118861.6,0.65
1753769636806,06:13:56.806,okxus,BTC/USDT:USDT,118879.8,1526.08,118879.7,0.02,118879.9,405.44,118880.0,0.02
1753769636906,06:13:56.906,okxus,BTC/USDT:USDT,118879.8,1527.77,118879.7,0.02,118879.9,410.52,118880.0,0.02
1753769637306,06:13:57.306,okxus,BTC/USDT:USDT,118879.8,1514.11,118879.7,0.02,118879.9,421.23,118880.0,0.02
1753769637506,06:13:57.506,okxus,BTC/USDT:USDT,118879.8,1514.11,118879.7,0.02,118879.9,420.58,118880.0,0.02
1753769637706,06:13:57.706,okxus,BTC/USDT:USDT,118879.8,1514.11,118879.7,0.02,118879.9,321.72,118880.0,0.02
1753769638006,06:13:58.006,okxus,BTC/USDT:USDT,118879.8,1514.61,118879.7,0.02,118879.9,321.7,118880.0,0.25
1753769638606,06:13:58.606,okxus,BTC/USDT:USDT,118879.8,1514.26,118879.7,0.02,118879.9,321.91,118880.0,0.25
1753769638906,06:13:58.906,okxus,BTC/USDT:USDT,118879.8,1515.27,118879.7,0.02,118879.9,321.17,118880.0,0.25
1753769639106,06:13:59.106,okxus,BTC/USDT:USDT,118879.8,1514.57,118879.7,0.02,118879.9,321.17,118880.0,0.25
1753769639506,06:13:59.506,okxus,BTC/USDT:USDT,118879.8,1514.55,118879.7,0.02,118879.9,320.54,118880.0,0.25
1753769639606,06:13:59.606,okxus,BTC/USDT:USDT,118879.8,1514.55,118879.7,0.02,118879.9,320.46,118880.0,0.25
1753769639706,06:13:59.706,okxus,BTC/USDT:USDT,118879.8,1514.55,118879.7,0.02,118879.9,319.52,118880.0,0.25
1753769640606,06:14:00.606,okxus,BTC/USDT:USDT,118879.8,1503.37,118879.7,0.02,118879.9,308.81,118880.0,0.25
1753769640706,06:14:00.706,okxus,BTC/USDT:USDT,118879.8,1505.67,118879.7,0.02,118879.9,267.37,118880.0,0.25
1753769641006,06:14:01.006,okxus,BTC/USDT:USDT,118879.8,1534.74,118879.7,0.02,118879.9,214.32,118880.0,0.84
1753769641106,06:14:01.106,okxus,BTC/USDT:USDT,118882.9,2169.31,118882.7,21.72,118883.0,254.96,118883.1,8.52
1753769641206,06:14:01.206,okxus,BTC/USDT:USDT,118882.9,1340.76,118882.8,0.02,118883.0,327.88,118883.1,8.52
1753769641306,06:14:01.306,okxus,BTC/USDT:USDT,118882.9,1338.52,118882.8,0.02,118883.0,327.99,118883.1,9.27
1753769641506,06:14:01.506,okxus,BTC/USDT:USDT,118882.9,1336.69,118882.8,0.02,118883.0,324.77,118883.1,9.27
1753769641806,06:14:01.806,okxus,BTC/USDT:USDT,118882.9,1236.11,118882.8,0.02,118883.0,419.84,118883.1,9.27
1753769642106,06:14:02.106,okxus,BTC/USDT:USDT,118882.9,1203.86,118882.8,0.02,118883.0,421.64,118883.1,9.27
1753769642306,06:14:02.306,okxus,BTC/USDT:USDT,118882.9,1203.86,118882.8,0.02,118883.0,431.37,118883.1,9.27
1753769642506,06:14:02.506,okxus,BTC/USDT:USDT,118882.9,1206.2,118882.8,0.02,118883.0,431.27,118883.1,9.25
1753769642606,06:14:02.606,okxus,BTC/USDT:USDT,118882.9,1206.2,118882.8,0.02,118883.0,326.15,118883.1,9.25
1753769643806,06:14:03.806,okxus,BTC/USDT:USDT,118882.9,1204.73,118882.8,0.02,118883.0,463.12,118883.1,10.27
1753769644306,06:14:04.306,okxus,BTC/USDT:USDT,118882.9,1211.79,118882.8,0.02,118883.0,463.55,118883.1,10.27
1753769644806,06:14:04.806,okxus,BTC/USDT:USDT,118882.9,1235.85,118882.8,0.02,118883.0,459.46,118883.1,10.27
1753769644906,06:14:04.906,okxus,BTC/USDT:USDT,118882.9,1234.24,118882.8,0.02,118883.0,459.56,118883.1,12.27
1753769645406,06:14:05.406,okxus,BTC/USDT:USDT,118882.9,1206.3,118882.8,0.02,118883.0,444.05,118883.1,12.27
1753769645606,06:14:05.606,okxus,BTC/USDT:USDT,118882.9,1236.94,118882.8,0.02,118883.0,418.31,118883.1,12.27
1753769645806,06:14:05.806,okxus,BTC/USDT:USDT,118882.9,1236.94,118882.8,0.02,118883.0,418.21,118883.1,12.27
1753769645906,06:14:05.906,okxus,BTC/USDT:USDT,118882.9,1236.94,118882.8,0.02,118883.0,423.31,118883.1,12.27
1753769646006,06:14:06.006,okxus,BTC/USDT:USDT,118882.9,1236.94,118882.8,0.02,118883.0,455.12,118883.1,12.27
1753769646106,06:14:06.106,okxus,BTC/USDT:USDT,118882.9,1191.15,118882.8,0.02,118883.0,455.22,118883.1,12.27
1753769646606,06:14:06.606,okxus,BTC/USDT:USDT,118882.9,1225.02,118882.8,0.02,118883.0,452.67,118883.1,12.27
1753769647006,06:14:07.006,okxus,BTC/USDT:USDT,118882.9,1225.2,118882.8,0.02,118883.0,334.55,118883.1,12.55
1753769647506,06:14:07.506,okxus,BTC/USDT:USDT,118882.9,1224.44,118882.8,0.61,118883.0,342.86,118883.1,12.55
1753769647606,06:14:07.606,okxus,BTC/USDT:USDT,118882.9,1224.72,118882.8,0.61,118883.0,343.09,118883.1,12.55
1753769647906,06:14:07.906,okxus,BTC/USDT:USDT,118882.9,1227.32,118882.8,0.61,118883.0,343.19,118883.1,12.55
1753769648106,06:14:08.106,okxus,BTC/USDT:USDT,118882.9,1227.32,118882.8,0.61,118883.0,343.09,118883.1,12.55
1753769648506,06:14:08.506,okxus,BTC/USDT:USDT,118882.9,1228.93,118882.8,0.61,118883.0,343.26,118883.1,12.55
1753769648606,06:14:08.606,okxus,BTC/USDT:USDT,118882.9,1228.93,118882.8,0.61,118883.0,443.26,118883.1,12.55
1753769648706,06:14:08.706,okxus,BTC/USDT:USDT,118882.9,1228.93,118882.8,0.61,118883.0,443.36,118883.1,12.55
1753769648806,06:14:08.806,okxus,BTC/USDT:USDT,118882.9,1198.29,118882.8,0.61,118883.0,443.26,118883.1,12.55
1753769648906,06:14:08.906,okxus,BTC/USDT:USDT,118882.9,1198.29,118882.8,0.61,118883.0,443.37,118883.1,12.55
1753769649006,06:14:09.006,okxus,BTC/USDT:USDT,118882.9,1188.29,118882.8,0.61,118883.0,443.27,118883.1,12.55
1753769649206,06:14:09.206,okxus,BTC/USDT:USDT,118882.9,1165.38,118882.8,1.12,118883.0,443.32,118883.1,12.55
1753769649506,06:14:09.506,okxus,BTC/USDT:USDT,118882.9,1165.4,118882.8,1.12,118883.0,450.49,118883.1,12.55
1753769649606,06:14:09.606,okxus,BTC/USDT:USDT,118882.9,1165.67,118882.8,1.12,118883.0,450.49,118883.1,12.55
1753769649706,06:14:09.706,okxus,BTC/USDT:USDT,118882.9,1164.05,118882.8,1.12,118883.0,450.59,118883.1,12.55
1753769649906,06:14:09.906,okxus,BTC/USDT:USDT,118882.9,1164.58,118882.8,1.12,118883.0,450.97,118883.1,12.55
1753769650106,06:14:10.106,okxus,BTC/USDT:USDT,118882.9,1164.58,118882.8,1.12,118883.0,450.96,118883.1,12.55
1753769650306,06:14:10.306,okxus,BTC/USDT:USDT,118882.9,1166.69,118882.8,1.12,118883.0,450.95,118883.1,12.55
1753769650406,06:14:10.406,okxus,BTC/USDT:USDT,118882.9,1167.07,118882.8,1.12,118883.0,450.85,118883.1,12.55
1753769650606,06:14:10.606,okxus,BTC/USDT:USDT,118882.9,1165.45,118882.8,1.12,118883.0,451.13,118883.1,12.55
1753769651606,06:14:11.606,okxus,BTC/USDT:USDT,118882.9,1164.08,118882.8,1.12,118883.0,451.15,118883.1,13.23
1753769652106,06:14:12.106,okxus,BTC/USDT:USDT,118882.9,1161.75,118882.8,1.12,118883.0,451.25,118883.1,13.23
1753769652406,06:14:12.406,okxus,BTC/USDT:USDT,118882.9,1191.38,118882.8,1.12,118883.0,351.12,118883.1,13.23
1753769653106,06:14:13.106,okxus,BTC/USDT:USDT,118882.9,1185.38,118882.8,1.15,118883.0,352.44,118883.1,15.78
1753769653306,06:14:13.306,okxus,BTC/USDT:USDT,118882.9,1186.7,118882.8,1.15,118883.0,352.5,118883.1,15.78
1753769653506,06:14:13.506,okxus,BTC/USDT:USDT,118882.9,1185.1,118882.8,1.15,118883.0,320.94,118883.1,15.78
1753769653806,06:14:13.806,okxus,BTC/USDT:USDT,118882.9,1187.93,118882.8,1.44,118883.0,341.76,118883.1,15.78
1753769653906,06:14:13.906,okxus,BTC/USDT:USDT,118882.9,1187.93,118882.8,1.44,118883.0,341.76,118883.1,15.78
1753769654206,06:14:14.206,okxus,BTC/USDT:USDT,118882.9,1185.95,118882.8,1.44,118883.0,342.82,118883.1,15.78
1753769655606,06:14:15.606,okxus,BTC/USDT:USDT,118882.9,1144.47,118882.8,1.44,118883.0,329.7,118883.1,16.4
1753769655806,06:14:15.806,okxus,BTC/USDT:USDT,118882.9,1144.47,118882.8,1.44,118883.0,329.7,118883.1,16.4
1753769656006,06:14:16.006,okxus,BTC/USDT:USDT,118882.9,1144.47,118882.8,1.44,118883.0,329.7,118883.1,16.4
1753769656206,06:14:16.206,okxus,BTC/USDT:USDT,118882.9,1113.91,118882.8,1.44,118883.0,481.18,118883.1,16.4
1753769656306,06:14:16.306,okxus,BTC/USDT:USDT,118882.9,1103.81,118882.8,1.44,118883.0,479.79,118883.1,16.4
1753769656506,06:14:16.506,okxus,BTC/USDT:USDT,118882.9,1120.61,118882.8,1.44,118883.0,481.15,118883.1,16.4
