timestamp,time,exchange,symbol,bid1_price,bid1_volume,bid2_price,bid2_volume,ask1_price,ask1_volume,ask2_price,ask2_volume
1753769518098,06:11:58.098,binance,SOL/USDT:USDT,184.67,300.68,184.66,304.46,184.68,721.36,184.69,417.38
1753769518199,06:11:58.199,binance,SOL/USDT:USDT,184.67,328.05,184.66,336.74,184.68,717.6,184.69,417.38
1753769518301,06:11:58.301,binance,SOL/USDT:USDT,184.67,328.05,184.66,336.74,184.68,721.57,184.69,417.38
1753769518418,06:11:58.418,binance,SOL/USDT:USDT,184.67,328.0,184.66,336.74,184.68,725.47,184.69,416.62
1753769518641,06:11:58.641,binance,SOL/USDT:USDT,184.67,202.97,184.66,240.02,184.68,831.05,184.69,416.62
1753769519261,06:11:59.261,binance,SOL/USDT:USDT,184.67,114.43,184.66,240.57,184.68,833.64,184.69,428.81
1753769519362,06:11:59.362,binance,SOL/USDT:USDT,184.67,114.49,184.66,178.95,184.68,833.93,184.69,428.81
1753769519464,06:11:59.464,binance,SOL/USDT:USDT,184.67,114.45,184.66,178.95,184.68,833.95,184.69,428.81
1753769519573,06:11:59.573,binance,SOL/USDT:USDT,184.67,114.42,184.66,178.95,184.68,833.95,184.69,428.81
1753769519691,06:11:59.691,binance,SOL/USDT:USDT,184.67,114.42,184.66,178.95,184.68,833.95,184.69,428.81
1753769519795,06:11:59.795,binance,SOL/USDT:USDT,184.67,125.2,184.66,178.95,184.68,833.95,184.69,428.81
1753769519905,06:11:59.905,binance,SOL/USDT:USDT,184.67,256.08,184.66,181.21,184.68,833.95,184.69,428.81
1753769520008,06:12:00.008,binance,SOL/USDT:USDT,184.67,256.03,184.66,239.77,184.68,833.95,184.69,428.81
1753769520111,06:12:00.111,binance,SOL/USDT:USDT,184.67,397.11,184.66,296.36,184.68,811.7,184.69,428.81
1753769520214,06:12:00.214,binance,SOL/USDT:USDT,184.67,338.58,184.66,296.36,184.68,811.71,184.69,428.81
1753769520315,06:12:00.315,binance,SOL/USDT:USDT,184.67,338.58,184.66,296.36,184.68,807.97,184.69,431.93
1753769520424,06:12:00.424,binance,SOL/USDT:USDT,184.67,338.48,184.66,237.8,184.68,821.26,184.69,431.93
1753769520757,06:12:00.757,binance,SOL/USDT:USDT,184.67,496.06,184.66,293.04,184.68,463.79,184.69,580.75
1753769520858,06:12:00.858,binance,SOL/USDT:USDT,184.67,565.91,184.66,580.34,184.68,387.79,184.69,419.67
1753769520959,06:12:00.959,binance,SOL/USDT:USDT,184.67,524.91,184.66,438.71,184.68,394.98,184.69,419.67
1753769521062,06:12:01.062,binance,SOL/USDT:USDT,184.67,427.9,184.66,380.15,184.68,557.45,184.69,417.46
1753769521172,06:12:01.172,binance,SOL/USDT:USDT,184.67,294.77,184.66,359.3,184.68,864.32,184.69,472.27
1753769521376,06:12:01.376,binance,SOL/USDT:USDT,184.67,295.24,184.66,359.3,184.68,864.13,184.69,472.27
1753769521477,06:12:01.477,binance,SOL/USDT:USDT,184.67,295.23,184.66,359.3,184.68,855.95,184.69,417.46
1753769521887,06:12:01.887,binance,SOL/USDT:USDT,184.67,517.2,184.66,461.98,184.68,459.9,184.69,566.28
1753769521991,06:12:01.991,binance,SOL/USDT:USDT,184.67,863.6,184.66,773.65,184.68,100.01,184.69,340.39
1753769522092,06:12:02.092,binance,SOL/USDT:USDT,184.67,1097.85,184.66,701.21,184.68,99.98,184.69,340.42
1753769522195,06:12:02.195,binance,SOL/USDT:USDT,184.67,1244.91,184.66,701.21,184.68,100.17,184.69,340.42
1753769522705,06:12:02.705,binance,SOL/USDT:USDT,184.67,912.88,184.66,658.2,184.68,326.99,184.69,340.46
1753769522807,06:12:02.807,binance,SOL/USDT:USDT,184.67,750.45,184.66,751.79,184.68,326.95,184.69,340.46
1753769522916,06:12:02.916,binance,SOL/USDT:USDT,184.67,750.45,184.66,751.79,184.68,329.64,184.69,340.46
1753769523021,06:12:03.021,binance,SOL/USDT:USDT,184.67,750.45,184.66,751.79,184.68,329.69,184.69,340.46
1753769523122,06:12:03.122,binance,SOL/USDT:USDT,184.67,750.45,184.66,697.67,184.68,330.13,184.69,340.9
1753769523224,06:12:03.224,binance,SOL/USDT:USDT,184.67,798.93,184.66,872.11,184.68,313.21,184.69,340.9
1753769523652,06:12:03.652,binance,SOL/USDT:USDT,184.67,629.44,184.66,692.26,184.68,333.22,184.69,340.9
1753769524169,06:12:04.169,binance,SOL/USDT:USDT,184.68,1041.96,184.67,689.04,184.69,258.72,184.7,479.23
1753769524374,06:12:04.374,binance,SOL/USDT:USDT,184.68,895.63,184.67,643.32,184.69,424.96,184.7,479.23
1753769524594,06:12:04.594,binance,SOL/USDT:USDT,184.68,845.95,184.67,467.86,184.69,498.37,184.7,479.23
1753769524834,06:12:04.834,binance,SOL/USDT:USDT,184.68,503.55,184.67,467.86,184.69,710.14,184.7,479.26
1753769524936,06:12:04.936,binance,SOL/USDT:USDT,184.68,503.58,184.67,435.85,184.69,561.32,184.7,628.1
1753769525038,06:12:05.038,binance,SOL/USDT:USDT,184.68,503.71,184.67,434.73,184.69,561.32,184.7,628.1
1753769525139,06:12:05.139,binance,SOL/USDT:USDT,184.68,503.77,184.67,434.73,184.69,561.59,184.7,662.27
1753769525241,06:12:05.241,binance,SOL/USDT:USDT,184.68,359.97,184.67,427.23,184.69,713.7,184.7,513.43
1753769525344,06:12:05.344,binance,SOL/USDT:USDT,184.68,493.63,184.67,363.61,184.69,593.6,184.7,479.26
1753769525445,06:12:05.445,binance,SOL/USDT:USDT,184.68,493.65,184.67,363.61,184.69,593.6,184.7,513.43
1753769525548,06:12:05.548,binance,SOL/USDT:USDT,184.68,548.16,184.67,492.79,184.69,444.75,184.7,628.07
1753769526061,06:12:06.061,binance,SOL/USDT:USDT,184.68,513.99,184.67,509.78,184.69,421.1,184.7,612.09
1753769526267,06:12:06.267,binance,SOL/USDT:USDT,184.68,474.97,184.67,574.18,184.69,308.16,184.7,478.69
1753769526469,06:12:06.469,binance,SOL/USDT:USDT,184.68,1081.5,184.67,699.11,184.69,46.69,184.7,94.63
1753769526570,06:12:06.570,binance,SOL/USDT:USDT,184.68,1107.58,184.67,752.57,184.69,46.66,184.7,94.63
1753769526671,06:12:06.671,binance,SOL/USDT:USDT,184.68,956.76,184.67,716.07,184.69,46.95,184.7,175.34
1753769526772,06:12:06.772,binance,SOL/USDT:USDT,184.69,1328.51,184.68,635.02,184.7,159.68,184.71,105.09
1753769526873,06:12:06.873,binance,SOL/USDT:USDT,184.69,1497.38,184.68,615.42,184.7,236.32,184.71,126.87
1753769526976,06:12:06.976,binance,SOL/USDT:USDT,184.69,1497.61,184.68,615.37,184.7,161.3,184.71,126.91
1753769527077,06:12:07.077,binance,SOL/USDT:USDT,184.69,1449.37,184.68,615.16,184.7,162.95,184.71,126.91
1753769527183,06:12:07.183,binance,SOL/USDT:USDT,184.69,1227.26,184.68,741.35,184.7,438.59,184.71,126.91
1753769527284,06:12:07.284,binance,SOL/USDT:USDT,184.69,1227.26,184.68,741.4,184.7,438.72,184.71,126.91
1753769527387,06:12:07.387,binance,SOL/USDT:USDT,184.69,1247.05,184.68,741.4,184.7,439.51,184.71,126.91
1753769527488,06:12:07.488,binance,SOL/USDT:USDT,184.69,1247.05,184.68,711.2,184.7,439.51,184.71,126.91
1753769527591,06:12:07.591,binance,SOL/USDT:USDT,184.69,1253.63,184.68,711.2,184.7,443.5,184.71,126.91
1753769527797,06:12:07.797,binance,SOL/USDT:USDT,184.71,718.99,184.7,417.59,184.72,519.26,184.73,185.98
1753769528201,06:12:08.201,binance,SOL/USDT:USDT,184.71,448.98,184.7,267.08,184.72,620.66,184.73,368.65
1753769528303,06:12:08.303,binance,SOL/USDT:USDT,184.71,325.3,184.7,267.13,184.72,869.66,184.73,612.88
1753769528405,06:12:08.405,binance,SOL/USDT:USDT,184.71,170.37,184.7,267.13,184.72,870.43,184.73,652.61
1753769528506,06:12:08.506,binance,SOL/USDT:USDT,184.71,166.78,184.7,267.13,184.72,871.5,184.73,652.61
1753769528614,06:12:08.614,binance,SOL/USDT:USDT,184.71,75.47,184.7,258.17,184.72,948.03,184.73,668.86
1753769528717,06:12:08.717,binance,SOL/USDT:USDT,184.71,75.47,184.7,256.48,184.72,998.27,184.73,668.86
1753769528829,06:12:08.829,binance,SOL/USDT:USDT,184.7,35.42,184.69,327.44,184.71,2138.53,184.72,691.44
1753769528931,06:12:08.931,binance,SOL/USDT:USDT,184.7,117.21,184.69,234.34,184.71,1845.84,184.72,664.38
1753769529044,06:12:09.044,binance,SOL/USDT:USDT,184.7,234.75,184.69,284.34,184.71,1461.23,184.72,781.79
1753769529145,06:12:09.145,binance,SOL/USDT:USDT,184.7,334.75,184.69,311.49,184.71,1563.51,184.72,630.39
1753769529249,06:12:09.249,binance,SOL/USDT:USDT,184.7,159.95,184.69,284.34,184.71,1563.53,184.72,630.35
1753769530106,06:12:10.106,binance,SOL/USDT:USDT,184.7,132.63,184.69,259.77,184.71,1592.05,184.72,646.43
1753769530208,06:12:10.208,binance,SOL/USDT:USDT,184.69,332.89,184.68,450.38,184.7,1098.55,184.71,642.72
1753769530311,06:12:10.311,binance,SOL/USDT:USDT,184.69,412.72,184.68,450.38,184.7,1218.73,184.71,614.15
1753769530414,06:12:10.414,binance,SOL/USDT:USDT,184.69,423.06,184.68,476.04,184.7,1218.78,184.71,614.2
1753769530519,06:12:10.519,binance,SOL/USDT:USDT,184.69,582.0,184.68,450.38,184.7,1033.78,184.71,613.88
1753769530620,06:12:10.620,binance,SOL/USDT:USDT,184.69,594.19,184.68,499.04,184.7,1033.78,184.71,613.88
1753769531335,06:12:11.335,binance,SOL/USDT:USDT,184.72,682.72,184.71,860.57,184.73,460.79,184.74,132.37
1753769531539,06:12:11.539,binance,SOL/USDT:USDT,184.72,707.57,184.71,901.37,184.73,460.93,184.74,132.37
1753769531642,06:12:11.642,binance,SOL/USDT:USDT,184.72,753.21,184.71,1010.26,184.73,277.87,184.74,132.37
1753769531847,06:12:11.847,binance,SOL/USDT:USDT,184.72,709.59,184.71,1222.12,184.73,218.17,184.74,132.37
1753769531950,06:12:11.950,binance,SOL/USDT:USDT,184.72,709.62,184.71,1258.29,184.73,308.54,184.74,258.16
1753769532053,06:12:12.053,binance,SOL/USDT:USDT,184.72,709.62,184.71,1180.53,184.73,308.54,184.74,258.16
1753769532156,06:12:12.156,binance,SOL/USDT:USDT,184.72,709.62,184.71,1220.55,184.73,298.88,184.74,258.16
1753769532259,06:12:12.259,binance,SOL/USDT:USDT,184.72,96.6,184.71,615.58,184.73,991.99,184.74,125.61
1753769532771,06:12:12.771,binance,SOL/USDT:USDT,184.72,49.23,184.71,11.48,184.73,1016.49,184.74,144.08
1753769533593,06:12:13.593,binance,SOL/USDT:USDT,184.71,544.13,184.7,435.32,184.72,724.86,184.73,550.41
1753769533696,06:12:13.696,binance,SOL/USDT:USDT,184.71,544.16,184.7,435.32,184.72,724.89,184.73,550.41
1753769533797,06:12:13.797,binance,SOL/USDT:USDT,184.71,600.4,184.7,672.65,184.72,435.56,184.73,606.02
1753769534204,06:12:14.204,binance,SOL/USDT:USDT,184.71,638.43,184.7,637.04,184.72,482.27,184.73,606.06
1753769534320,06:12:14.320,binance,SOL/USDT:USDT,184.71,638.52,184.7,637.04,184.72,482.41,184.73,606.06
1753769534527,06:12:14.527,binance,SOL/USDT:USDT,184.71,626.16,184.7,484.78,184.72,633.18,184.73,457.27
1753769535366,06:12:15.366,binance,SOL/USDT:USDT,184.71,1458.5,184.7,847.92,184.72,367.71,184.73,173.41
1753769535467,06:12:15.467,binance,SOL/USDT:USDT,184.71,1649.46,184.7,887.35,184.72,367.81,184.73,136.61
1753769535569,06:12:15.569,binance,SOL/USDT:USDT,184.71,1751.38,184.7,885.35,184.72,367.81,184.73,136.61
1753769535886,06:12:15.886,binance,SOL/USDT:USDT,184.71,1503.49,184.7,885.35,184.72,370.74,184.73,73.53
1753769535987,06:12:15.987,binance,SOL/USDT:USDT,184.71,1503.49,184.7,885.35,184.72,370.74,184.73,73.53
1753769536094,06:12:16.094,binance,SOL/USDT:USDT,184.71,1547.71,184.7,885.35,184.72,370.74,184.73,73.53
1753769536196,06:12:16.196,binance,SOL/USDT:USDT,184.71,1637.91,184.7,910.27,184.72,378.74,184.73,98.22
1753769536299,06:12:16.299,binance,SOL/USDT:USDT,184.71,1583.78,184.7,910.27,184.72,375.85,184.73,98.22
1753769536400,06:12:16.400,binance,SOL/USDT:USDT,184.71,1535.3,184.7,878.15,184.72,403.52,184.73,98.22
1753769536510,06:12:16.510,binance,SOL/USDT:USDT,184.71,1536.61,184.7,878.15,184.72,403.52,184.73,98.22
1753769536613,06:12:16.613,binance,SOL/USDT:USDT,184.71,1536.61,184.7,876.88,184.72,403.52,184.73,98.22
1753769536716,06:12:16.716,binance,SOL/USDT:USDT,184.71,1536.61,184.7,875.44,184.72,403.52,184.73,98.26
1753769536854,06:12:16.854,binance,SOL/USDT:USDT,184.71,1585.09,184.7,875.44,184.72,403.57,184.73,98.26
1753769536959,06:12:16.959,binance,SOL/USDT:USDT,184.71,1536.61,184.7,875.44,184.72,406.2,184.73,98.26
1753769537583,06:12:17.583,binance,SOL/USDT:USDT,184.71,1489.37,184.7,731.01,184.72,406.39,184.73,98.26
1753769537887,06:12:17.887,binance,SOL/USDT:USDT,184.74,1120.17,184.73,1745.68,184.75,622.57,184.76,81.7
1753769538194,06:12:18.194,binance,SOL/USDT:USDT,184.74,632.46,184.73,895.39,184.75,586.38,184.76,143.31
1753769538296,06:12:18.296,binance,SOL/USDT:USDT,184.74,632.46,184.73,895.39,184.75,661.76,184.76,198.59
1753769538398,06:12:18.398,binance,SOL/USDT:USDT,184.74,633.53,184.73,930.58,184.75,608.61,184.76,198.59
1753769538500,06:12:18.500,binance,SOL/USDT:USDT,184.74,633.88,184.73,930.58,184.75,609.15,184.76,198.59
1753769538702,06:12:18.702,binance,SOL/USDT:USDT,184.74,199.77,184.73,805.69,184.75,685.12,184.76,198.59
1753769538803,06:12:18.803,binance,SOL/USDT:USDT,184.74,75.6,184.73,449.26,184.75,1075.48,184.76,215.18
1753769538905,06:12:18.905,binance,SOL/USDT:USDT,184.72,9.93,184.71,810.7,184.73,974.49,184.74,2003.23
1753769539107,06:12:19.107,binance,SOL/USDT:USDT,184.72,718.83,184.71,1017.5,184.73,614.12,184.74,664.79
1753769539415,06:12:19.415,binance,SOL/USDT:USDT,184.74,1213.68,184.73,1146.64,184.75,399.1,184.76,143.4
1753769539517,06:12:19.517,binance,SOL/USDT:USDT,184.74,1322.39,184.73,1046.59,184.75,366.65,184.76,143.4
1753769539621,06:12:19.621,binance,SOL/USDT:USDT,184.74,1267.41,184.73,1020.94,184.75,375.51,184.76,143.4
1753769539722,06:12:19.722,binance,SOL/USDT:USDT,184.74,1267.41,184.73,1020.94,184.75,375.51,184.76,143.4
1753769539825,06:12:19.825,binance,SOL/USDT:USDT,184.74,1267.41,184.73,1020.94,184.75,375.51,184.76,143.4
1753769540567,06:12:20.567,binance,SOL/USDT:USDT,184.74,924.32,184.73,1070.39,184.75,311.75,184.76,128.14
1753769540779,06:12:20.779,binance,SOL/USDT:USDT,184.74,1116.17,184.73,1161.57,184.75,177.8,184.76,81.87
1753769540883,06:12:20.883,binance,SOL/USDT:USDT,184.74,1115.68,184.73,1111.24,184.75,252.82,184.76,108.12
1753769541096,06:12:21.096,binance,SOL/USDT:USDT,184.74,889.01,184.73,1046.65,184.75,254.05,184.76,126.65
1753769541199,06:12:21.199,binance,SOL/USDT:USDT,184.74,989.08,184.73,1049.24,184.75,272.82,184.76,126.65
1753769541302,06:12:21.302,binance,SOL/USDT:USDT,184.74,1095.0,184.73,1118.11,184.75,107.68,184.76,126.73
1753769541510,06:12:21.510,binance,SOL/USDT:USDT,184.74,989.63,184.73,1049.24,184.75,180.21,184.76,126.73
1753769541611,06:12:21.611,binance,SOL/USDT:USDT,184.74,1038.11,184.73,1049.24,184.75,183.91,184.76,126.73
1753769542022,06:12:22.022,binance,SOL/USDT:USDT,184.74,990.16,184.73,1054.04,184.75,166.4,184.76,126.73
1753769542631,06:12:22.631,binance,SOL/USDT:USDT,184.73,11.18,184.72,471.79,184.74,176.41,184.75,1218.97
1753769542732,06:12:22.732,binance,SOL/USDT:USDT,184.73,171.58,184.72,460.53,184.74,1524.21,184.75,858.75
1753769542835,06:12:22.835,binance,SOL/USDT:USDT,184.73,278.15,184.72,516.93,184.74,1444.62,184.75,858.75
1753769542938,06:12:22.938,binance,SOL/USDT:USDT,184.73,238.95,184.72,503.05,184.74,1389.22,184.75,854.2
1753769543042,06:12:23.042,binance,SOL/USDT:USDT,184.73,482.32,184.72,547.26,184.74,1015.76,184.75,787.84
1753769543143,06:12:23.143,binance,SOL/USDT:USDT,184.73,692.28,184.72,655.36,184.74,412.17,184.75,666.17
1753769543245,06:12:23.245,binance,SOL/USDT:USDT,184.73,601.03,184.72,660.77,184.74,412.17,184.75,666.17
1753769543348,06:12:23.348,binance,SOL/USDT:USDT,184.73,580.75,184.72,546.62,184.74,516.32,184.75,666.17
1753769543974,06:12:23.974,binance,SOL/USDT:USDT,184.73,514.88,184.72,502.33,184.74,600.32,184.75,666.17
1753769544075,06:12:24.075,binance,SOL/USDT:USDT,184.73,514.88,184.72,543.28,184.74,600.32,184.75,666.17
1753769544177,06:12:24.177,binance,SOL/USDT:USDT,184.73,514.82,184.72,543.25,184.74,496.39,184.75,666.17
1753769544278,06:12:24.278,binance,SOL/USDT:USDT,184.73,551.15,184.72,579.58,184.74,496.39,184.75,666.17
1753769544482,06:12:24.482,binance,SOL/USDT:USDT,184.73,550.9,184.72,543.25,184.74,497.04,184.75,666.17
1753769544590,06:12:24.590,binance,SOL/USDT:USDT,184.73,587.23,184.72,574.17,184.74,497.04,184.75,666.17
1753769544693,06:12:24.693,binance,SOL/USDT:USDT,184.73,552.56,184.72,574.17,184.74,499.07,184.75,666.17
1753769544796,06:12:24.796,binance,SOL/USDT:USDT,184.73,552.56,184.72,574.17,184.74,500.1,184.75,666.17
1753769544898,06:12:24.898,binance,SOL/USDT:USDT,184.73,516.29,184.72,574.17,184.74,500.1,184.75,666.17
1753769545024,06:12:25.024,binance,SOL/USDT:USDT,184.73,583.94,184.72,575.1,184.74,377.83,184.75,666.13
1753769545125,06:12:25.125,binance,SOL/USDT:USDT,184.73,583.94,184.72,538.77,184.74,378.37,184.75,666.13
1753769545232,06:12:25.232,binance,SOL/USDT:USDT,184.73,624.44,184.72,575.1,184.74,378.37,184.75,666.13
1753769545333,06:12:25.333,binance,SOL/USDT:USDT,184.73,735.61,184.72,607.64,184.74,285.06,184.75,625.32
1753769545436,06:12:25.436,binance,SOL/USDT:USDT,184.73,741.77,184.72,575.1,184.74,289.18,184.75,625.32
1753769545643,06:12:25.643,binance,SOL/USDT:USDT,184.73,880.57,184.72,697.64,184.74,219.49,184.75,625.32
1753769545746,06:12:25.746,binance,SOL/USDT:USDT,184.73,880.57,184.72,733.97,184.74,219.49,184.75,625.32
1753769545849,06:12:25.849,binance,SOL/USDT:USDT,184.73,879.49,184.72,656.69,184.74,219.49,184.75,625.32
1753769546798,06:12:26.798,binance,SOL/USDT:USDT,184.71,803.55,184.7,817.94,184.72,695.46,184.73,823.82
1753769546901,06:12:26.901,binance,SOL/USDT:USDT,184.71,808.19,184.7,817.94,184.72,695.95,184.73,791.13
1753769547420,06:12:27.420,binance,SOL/USDT:USDT,184.71,674.32,184.7,797.77,184.72,634.86,184.73,899.09
1753769547537,06:12:27.537,binance,SOL/USDT:USDT,184.71,661.18,184.7,808.6,184.72,636.8,184.73,899.09
1753769547641,06:12:27.641,binance,SOL/USDT:USDT,184.71,661.18,184.7,808.6,184.72,636.8,184.73,899.09
1753769547746,06:12:27.746,binance,SOL/USDT:USDT,184.71,683.3,184.7,808.6,184.72,637.37,184.73,899.09
1753769547954,06:12:27.954,binance,SOL/USDT:USDT,184.71,683.3,184.7,808.6,184.72,637.37,184.73,899.09
1753769548471,06:12:28.471,binance,SOL/USDT:USDT,184.71,668.0,184.7,808.6,184.72,416.59,184.73,859.66
1753769548573,06:12:28.573,binance,SOL/USDT:USDT,184.71,665.94,184.7,808.6,184.72,418.47,184.73,859.66
1753769548778,06:12:28.778,binance,SOL/USDT:USDT,184.71,645.64,184.7,808.6,184.72,434.77,184.73,710.85
1753769548881,06:12:28.881,binance,SOL/USDT:USDT,184.71,645.64,184.7,871.85,184.72,434.77,184.73,710.85
1753769548984,06:12:28.984,binance,SOL/USDT:USDT,184.71,661.38,184.7,808.6,184.72,591.02,184.73,710.88
1753769549102,06:12:29.102,binance,SOL/USDT:USDT,184.71,551.36,184.7,718.6,184.72,600.25,184.73,710.88
1753769550130,06:12:30.130,binance,SOL/USDT:USDT,184.71,363.65,184.7,57.08,184.72,836.76,184.73,839.59
1753769550233,06:12:30.233,binance,SOL/USDT:USDT,184.71,363.71,184.7,117.35,184.72,937.12,184.73,770.72
1753769552398,06:12:32.398,binance,SOL/USDT:USDT,184.75,2279.54,184.74,2037.43,184.76,197.83,184.77,83.48
1753769552502,06:12:32.502,binance,SOL/USDT:USDT,184.75,2354.0,184.74,2037.48,184.76,201.29,184.77,83.48
1753769553666,06:12:33.666,binance,SOL/USDT:USDT,184.77,1478.31,184.76,1937.02,184.78,147.89,184.79,120.63
1753769553768,06:12:33.768,binance,SOL/USDT:USDT,184.77,1508.77,184.76,1962.13,184.78,84.72,184.79,39.92
1753769553871,06:12:33.871,binance,SOL/USDT:USDT,184.77,1508.77,184.76,1893.26,184.78,159.74,184.79,120.76
1753769554075,06:12:34.075,binance,SOL/USDT:USDT,184.77,1559.07,184.76,1843.62,184.78,84.72,184.79,120.76
1753769554177,06:12:34.177,binance,SOL/USDT:USDT,184.77,1510.42,184.76,1774.75,184.78,236.36,184.79,120.76
1753769554279,06:12:34.279,binance,SOL/USDT:USDT,184.77,1672.76,184.76,1774.75,184.78,236.59,184.79,120.76
1753769554506,06:12:34.506,binance,SOL/USDT:USDT,184.77,1673.6,184.76,1775.29,184.78,177.31,184.79,137.02
1753769554712,06:12:34.712,binance,SOL/USDT:USDT,184.77,1628.21,184.76,1725.2,184.78,261.12,184.79,139.99
1753769554917,06:12:34.917,binance,SOL/USDT:USDT,184.77,1440.56,184.76,1678.2,184.78,317.02,184.79,139.99
1753769555019,06:12:35.019,binance,SOL/USDT:USDT,184.77,1353.41,184.76,1612.29,184.78,397.73,184.79,139.99
1753769555121,06:12:35.121,binance,SOL/USDT:USDT,184.77,1323.07,184.76,1612.29,184.78,402.23,184.79,139.99
1753769555225,06:12:35.225,binance,SOL/USDT:USDT,184.77,1277.25,184.76,1577.08,184.78,485.66,184.79,139.99
1753769555355,06:12:35.355,binance,SOL/USDT:USDT,184.77,1115.03,184.76,1488.07,184.78,485.66,184.79,266.96
1753769555466,06:12:35.466,binance,SOL/USDT:USDT,184.77,522.02,184.76,797.96,184.78,751.53,184.79,266.99
1753769555568,06:12:35.568,binance,SOL/USDT:USDT,184.77,318.92,184.76,690.11,184.78,852.1,184.79,140.02
1753769555891,06:12:35.891,binance,SOL/USDT:USDT,184.77,437.07,184.76,741.07,184.78,816.68,184.79,140.02
1753769555995,06:12:35.995,binance,SOL/USDT:USDT,184.77,437.07,184.76,779.37,184.78,816.55,184.79,140.02
1753769556097,06:12:36.097,binance,SOL/USDT:USDT,184.77,618.46,184.76,778.03,184.78,704.82,184.79,140.02
1753769556199,06:12:36.199,binance,SOL/USDT:USDT,184.77,581.5,184.76,741.07,184.78,804.69,184.79,140.02
1753769556727,06:12:36.727,binance,SOL/USDT:USDT,184.77,305.0,184.76,738.33,184.78,909.48,184.79,140.02
1753769557047,06:12:37.047,binance,SOL/USDT:USDT,184.77,380.14,184.76,821.73,184.78,841.96,184.79,140.02
1753769557151,06:12:37.151,binance,SOL/USDT:USDT,184.77,380.14,184.76,785.33,184.78,939.13,184.79,140.02
1753769557254,06:12:37.254,binance,SOL/USDT:USDT,184.77,380.14,184.76,821.73,184.78,940.22,184.79,140.02
1753769557983,06:12:37.983,binance,SOL/USDT:USDT,184.77,458.57,184.76,774.73,184.78,942.08,184.79,140.02
1753769558087,06:12:38.087,binance,SOL/USDT:USDT,184.77,458.57,184.76,738.33,184.78,943.54,184.79,140.02
1753769558190,06:12:38.190,binance,SOL/USDT:USDT,184.77,465.72,184.76,774.73,184.78,946.93,184.79,140.02
1753769558293,06:12:38.293,binance,SOL/USDT:USDT,184.77,465.71,184.76,774.73,184.78,946.93,184.79,140.02
1753769558396,06:12:38.396,binance,SOL/USDT:USDT,184.77,415.49,184.76,738.33,184.78,946.93,184.79,140.02
1753769558498,06:12:38.498,binance,SOL/USDT:USDT,184.77,415.49,184.76,738.33,184.78,946.98,184.79,140.02
1753769558617,06:12:38.617,binance,SOL/USDT:USDT,184.77,415.49,184.76,738.33,184.78,947.01,184.79,140.02
1753769558718,06:12:38.718,binance,SOL/USDT:USDT,184.77,415.49,184.76,738.33,184.78,946.98,184.79,140.02
1753769558820,06:12:38.820,binance,SOL/USDT:USDT,184.77,438.04,184.76,774.73,184.78,946.98,184.79,140.02
1753769558921,06:12:38.921,binance,SOL/USDT:USDT,184.77,602.45,184.76,774.73,184.78,800.84,184.79,288.79
1753769559128,06:12:39.128,binance,SOL/USDT:USDT,184.77,602.45,184.76,774.73,184.78,800.84,184.79,288.79
1753769559232,06:12:39.232,binance,SOL/USDT:USDT,184.77,603.91,184.76,853.61,184.78,875.31,184.79,288.79
1753769559336,06:12:39.336,binance,SOL/USDT:USDT,184.77,413.4,184.76,441.57,184.78,986.16,184.79,156.26
1753769559438,06:12:39.438,binance,SOL/USDT:USDT,184.77,546.15,184.76,691.62,184.78,986.16,184.79,156.26
1753769559541,06:12:39.541,binance,SOL/USDT:USDT,184.77,670.0,184.76,770.5,184.78,920.94,184.79,140.02
1753769559667,06:12:39.667,binance,SOL/USDT:USDT,184.77,670.0,184.76,833.42,184.78,917.39,184.79,140.02
1753769559774,06:12:39.774,binance,SOL/USDT:USDT,184.77,627.44,184.76,801.54,184.78,928.82,184.79,140.02
1753769559887,06:12:39.887,binance,SOL/USDT:USDT,184.77,668.75,184.76,801.54,184.78,929.36,184.79,140.02
1753769560002,06:12:40.002,binance,SOL/USDT:USDT,184.77,759.44,184.76,848.57,184.78,929.36,184.79,118.23
1753769560106,06:12:40.106,binance,SOL/USDT:USDT,184.77,759.44,184.76,817.78,184.78,757.04,184.79,266.96
1753769560211,06:12:40.211,binance,SOL/USDT:USDT,184.77,744.58,184.76,817.78,184.78,757.05,184.79,267.0
1753769560314,06:12:40.314,binance,SOL/USDT:USDT,184.77,653.97,184.76,817.78,184.78,709.12,184.79,267.0
1753769560417,06:12:40.417,binance,SOL/USDT:USDT,184.77,651.26,184.76,816.53,184.78,743.03,184.79,267.0
1753769560518,06:12:40.518,binance,SOL/USDT:USDT,184.77,639.74,184.76,816.53,184.78,744.55,184.79,118.23
1753769560621,06:12:40.621,binance,SOL/USDT:USDT,184.77,660.03,184.76,816.53,184.78,746.17,184.79,148.18
1753769560724,06:12:40.724,binance,SOL/USDT:USDT,184.77,662.49,184.76,816.53,184.78,746.17,184.79,148.18
1753769560827,06:12:40.827,binance,SOL/USDT:USDT,184.77,677.6,184.76,934.73,184.78,617.72,184.79,148.18
1753769560929,06:12:40.929,binance,SOL/USDT:USDT,184.77,1145.58,184.76,1019.83,184.78,540.76,184.79,148.11
1753769561031,06:12:41.031,binance,SOL/USDT:USDT,184.77,983.24,184.76,1151.39,184.78,540.76,184.79,148.11
1753769561134,06:12:41.134,binance,SOL/USDT:USDT,184.77,948.09,184.76,1151.39,184.78,540.76,184.79,148.11
1753769561236,06:12:41.236,binance,SOL/USDT:USDT,184.77,783.51,184.76,1047.7,184.78,541.08,184.79,148.11
1753769561339,06:12:41.339,binance,SOL/USDT:USDT,184.77,783.51,184.76,1085.41,184.78,541.87,184.79,148.14
1753769561442,06:12:41.442,binance,SOL/USDT:USDT,184.77,783.51,184.76,1047.7,184.78,543.08,184.79,266.96
1753769561544,06:12:41.544,binance,SOL/USDT:USDT,184.77,783.51,184.76,1085.41,184.78,543.04,184.79,266.96
1753769561647,06:12:41.647,binance,SOL/USDT:USDT,184.77,820.97,184.76,1085.41,184.78,543.04,184.79,266.96
1753769561748,06:12:41.748,binance,SOL/USDT:USDT,184.77,820.97,184.76,1085.41,184.78,543.04,184.79,266.96
1753769561952,06:12:41.952,binance,SOL/USDT:USDT,184.77,895.8,184.76,1118.42,184.78,538.64,184.79,137.4
1753769562054,06:12:42.054,binance,SOL/USDT:USDT,184.77,895.8,184.76,1168.42,184.78,538.64,184.79,137.4
1753769562156,06:12:42.156,binance,SOL/USDT:USDT,184.77,977.32,184.76,1168.42,184.78,488.6,184.79,137.36
1753769562258,06:12:42.258,binance,SOL/USDT:USDT,184.77,944.28,184.76,1135.41,184.78,488.62,184.79,137.36
1753769562360,06:12:42.360,binance,SOL/USDT:USDT,184.77,944.28,184.76,1135.41,184.78,488.68,184.79,137.4
1753769562462,06:12:42.462,binance,SOL/USDT:USDT,184.77,906.05,184.76,1085.41,184.78,488.68,184.79,266.96
1753769562570,06:12:42.570,binance,SOL/USDT:USDT,184.77,945.91,184.76,1120.3,184.78,488.71,184.79,266.96
1753769562671,06:12:42.671,binance,SOL/USDT:USDT,184.77,945.91,184.76,1120.3,184.78,488.91,184.79,266.96
1753769562773,06:12:42.773,binance,SOL/USDT:USDT,184.77,904.35,184.76,1085.41,184.78,488.91,184.79,266.96
1753769562875,06:12:42.875,binance,SOL/USDT:USDT,184.77,904.35,184.76,1165.41,184.78,488.95,184.79,266.96
1753769562977,06:12:42.977,binance,SOL/USDT:USDT,184.77,904.35,184.76,1165.41,184.78,492.13,184.79,266.96
1753769563106,06:12:43.106,binance,SOL/USDT:USDT,184.77,984.06,184.76,1215.41,184.78,476.33,184.79,266.96
1753769563211,06:12:43.211,binance,SOL/USDT:USDT,184.77,1041.05,184.76,1215.41,184.78,476.33,184.79,266.96
1753769563326,06:12:43.326,binance,SOL/USDT:USDT,184.77,929.23,184.76,1215.41,184.78,459.33,184.79,266.96
1753769563432,06:12:43.432,binance,SOL/USDT:USDT,184.77,929.25,184.76,1215.41,184.78,460.01,184.79,266.96
1753769563536,06:12:43.536,binance,SOL/USDT:USDT,184.77,1021.46,184.76,1215.41,184.78,459.98,184.79,266.96
1753769563638,06:12:43.638,binance,SOL/USDT:USDT,184.77,988.84,184.76,1215.41,184.78,459.97,184.79,266.96
1753769563740,06:12:43.740,binance,SOL/USDT:USDT,184.77,988.84,184.76,1215.41,184.78,459.97,184.79,266.96
1753769563843,06:12:43.843,binance,SOL/USDT:USDT,184.77,986.58,184.76,1215.41,184.78,459.97,184.79,266.96
1753769563954,06:12:43.954,binance,SOL/USDT:USDT,184.77,986.58,184.76,1215.41,184.78,460.5,184.79,266.96
1753769564061,06:12:44.061,binance,SOL/USDT:USDT,184.77,1021.51,184.76,1215.41,184.78,460.5,184.79,266.96
1753769564164,06:12:44.164,binance,SOL/USDT:USDT,184.77,1021.51,184.76,1245.34,184.78,460.5,184.79,266.96
1753769564268,06:12:44.268,binance,SOL/USDT:USDT,184.77,982.81,184.76,1215.41,184.78,460.78,184.79,266.96
1753769564369,06:12:44.369,binance,SOL/USDT:USDT,184.77,989.85,184.76,1215.41,184.78,461.11,184.79,266.96
1753769564472,06:12:44.472,binance,SOL/USDT:USDT,184.77,1120.98,184.76,1335.34,184.78,363.58,184.79,266.96
1753769564599,06:12:44.599,binance,SOL/USDT:USDT,184.77,1120.53,184.76,1305.41,184.78,365.68,184.79,266.96
1753769564701,06:12:44.701,binance,SOL/USDT:USDT,184.77,1120.53,184.76,1305.41,184.78,365.68,184.79,136.66
1753769564828,06:12:44.828,binance,SOL/USDT:USDT,184.77,1120.8,184.76,1335.34,184.78,365.68,184.79,136.66
1753769564931,06:12:44.931,binance,SOL/USDT:USDT,184.77,1121.61,184.76,1335.34,184.78,270.35,184.79,136.66
1753769565040,06:12:45.040,binance,SOL/USDT:USDT,184.77,1352.59,184.76,1174.61,184.78,206.68,184.79,14.46
1753769565143,06:12:45.143,binance,SOL/USDT:USDT,184.77,1368.4,184.76,1218.37,184.78,206.58,184.79,14.46
1753769565246,06:12:45.246,binance,SOL/USDT:USDT,184.79,247.91,184.78,992.21,184.8,835.62,184.81,262.1
1753769565348,06:12:45.348,binance,SOL/USDT:USDT,184.79,355.3,184.78,805.55,184.8,984.92,184.81,91.64
1753769565451,06:12:45.451,binance,SOL/USDT:USDT,184.79,226.47,184.78,755.33,184.8,985.07,184.81,132.5
1753769565554,06:12:45.554,binance,SOL/USDT:USDT,184.79,245.34,184.78,830.52,184.8,985.28,184.81,144.41
1753769565658,06:12:45.658,binance,SOL/USDT:USDT,184.79,245.34,184.78,830.47,184.8,984.75,184.81,144.41
1753769565759,06:12:45.759,binance,SOL/USDT:USDT,184.79,247.21,184.78,845.81,184.8,985.96,184.81,144.54
1753769565861,06:12:45.861,binance,SOL/USDT:USDT,184.79,538.77,184.78,845.81,184.8,634.65,184.81,281.41
1753769565964,06:12:45.964,binance,SOL/USDT:USDT,184.79,538.77,184.78,845.86,184.8,634.65,184.81,281.41
1753769566067,06:12:46.067,binance,SOL/USDT:USDT,184.79,559.06,184.78,894.9,184.8,634.65,184.81,281.41
1753769566169,06:12:46.169,binance,SOL/USDT:USDT,184.79,559.06,184.78,933.25,184.8,559.63,184.81,281.41
1753769566272,06:12:46.272,binance,SOL/USDT:USDT,184.79,516.56,184.78,894.95,184.8,562.12,184.81,281.41
1753769566382,06:12:46.382,binance,SOL/USDT:USDT,184.79,513.91,184.78,894.95,184.8,564.44,184.81,281.48
1753769566488,06:12:46.488,binance,SOL/USDT:USDT,184.79,512.83,184.78,894.95,184.8,564.44,184.81,281.48
1753769566608,06:12:46.608,binance,SOL/USDT:USDT,184.79,492.62,184.78,894.95,184.8,578.69,184.81,281.48
1753769566710,06:12:46.710,binance,SOL/USDT:USDT,184.79,251.7,184.78,811.56,184.8,748.87,184.81,132.73
1753769566811,06:12:46.811,binance,SOL/USDT:USDT,184.79,251.7,184.78,811.56,184.8,765.95,184.81,132.73
1753769566920,06:12:46.920,binance,SOL/USDT:USDT,184.79,251.7,184.78,854.06,184.8,620.01,184.81,132.73
1753769567029,06:12:47.029,binance,SOL/USDT:USDT,184.79,251.7,184.78,811.56,184.8,620.1,184.81,171.03
1753769567133,06:12:47.133,binance,SOL/USDT:USDT,184.79,251.7,184.78,811.56,184.8,605.91,184.81,147.16
1753769567236,06:12:47.236,binance,SOL/USDT:USDT,184.79,251.7,184.78,854.06,184.8,612.43,184.81,147.16
1753769567340,06:12:47.340,binance,SOL/USDT:USDT,184.79,251.72,184.78,854.06,184.8,612.43,184.81,147.16
1753769567454,06:12:47.454,binance,SOL/USDT:USDT,184.79,1293.47,184.78,1151.33,184.8,146.8,184.81,102.13
1753769567556,06:12:47.556,binance,SOL/USDT:USDT,184.79,1205.02,184.78,961.0,184.8,313.67,184.81,140.43
1753769567659,06:12:47.659,binance,SOL/USDT:USDT,184.79,1205.02,184.78,961.0,184.8,313.71,184.81,140.43
1753769567764,06:12:47.764,binance,SOL/USDT:USDT,184.79,1253.5,184.78,1003.5,184.8,238.69,184.81,157.2
1753769567867,06:12:47.867,binance,SOL/USDT:USDT,184.79,1253.56,184.78,1003.5,184.8,240.31,184.81,157.2
1753769567969,06:12:47.969,binance,SOL/USDT:USDT,184.79,1296.06,184.78,1041.8,184.8,240.36,184.81,157.2
1753769568192,06:12:48.192,binance,SOL/USDT:USDT,184.79,1253.56,184.78,1003.5,184.8,240.52,184.81,158.32
1753769568294,06:12:48.294,binance,SOL/USDT:USDT,184.79,1254.32,184.78,1003.5,184.8,240.47,184.81,158.32
1753769568398,06:12:48.398,binance,SOL/USDT:USDT,184.79,1110.4,184.78,909.09,184.8,435.36,184.81,158.32
1753769568502,06:12:48.502,binance,SOL/USDT:USDT,184.79,941.88,184.78,909.09,184.8,435.36,184.81,158.32
1753769568605,06:12:48.605,binance,SOL/USDT:USDT,184.79,990.16,184.78,989.89,184.8,435.36,184.81,148.07
1753769568709,06:12:48.709,binance,SOL/USDT:USDT,184.79,1027.05,184.78,989.89,184.8,435.3,184.81,148.07
1753769568812,06:12:48.812,binance,SOL/USDT:USDT,184.79,1045.88,184.78,951.59,184.8,396.14,184.81,148.07
1753769568915,06:12:48.915,binance,SOL/USDT:USDT,184.79,1003.02,184.78,1098.56,184.8,264.57,184.81,148.07
1753769569120,06:12:49.120,binance,SOL/USDT:USDT,184.79,1450.62,184.78,1104.09,184.8,108.66,184.81,86.87
1753769569337,06:12:49.337,binance,SOL/USDT:USDT,184.79,1447.73,184.78,1136.66,184.8,137.05,184.81,6.17
1753769569438,06:12:49.438,binance,SOL/USDT:USDT,184.79,1447.73,184.78,1136.66,184.8,137.05,184.81,6.17
1753769569540,06:12:49.540,binance,SOL/USDT:USDT,184.79,1461.53,184.78,1220.12,184.8,37.14,184.81,6.2
1753769569642,06:12:49.642,binance,SOL/USDT:USDT,184.79,1468.84,184.78,1225.65,184.8,37.19,184.81,6.24
1753769569746,06:12:49.746,binance,SOL/USDT:USDT,184.79,1426.89,184.78,1185.35,184.8,37.19,184.81,6.24
1753769569864,06:12:49.864,binance,SOL/USDT:USDT,184.79,1426.89,184.78,1185.35,184.8,37.19,184.81,6.24
1753769569968,06:12:49.968,binance,SOL/USDT:USDT,184.79,1351.59,184.78,1144.93,184.8,60.76,184.81,86.95
1753769570079,06:12:50.079,binance,SOL/USDT:USDT,184.79,1430.4,184.78,1236.07,184.8,62.71,184.81,86.95
1753769570183,06:12:50.183,binance,SOL/USDT:USDT,184.79,1430.4,184.78,1191.73,184.8,62.71,184.81,86.95
1753769570285,06:12:50.285,binance,SOL/USDT:USDT,184.79,1282.9,184.78,1144.96,184.8,62.82,184.81,86.95
1753769570389,06:12:50.389,binance,SOL/USDT:USDT,184.79,1262.66,184.78,1118.9,184.8,212.9,184.81,86.95
1753769570504,06:12:50.504,binance,SOL/USDT:USDT,184.79,1000.01,184.78,1043.38,184.8,287.92,184.81,109.15
1753769570709,06:12:50.709,binance,SOL/USDT:USDT,184.79,857.57,184.78,1083.95,184.8,288.99,184.81,140.91
1753769570812,06:12:50.812,binance,SOL/USDT:USDT,184.79,857.65,184.78,1120.01,184.8,288.81,184.81,140.91
1753769570915,06:12:50.915,binance,SOL/USDT:USDT,184.79,857.65,184.78,1043.38,184.8,291.45,184.81,140.91
1753769571018,06:12:51.018,binance,SOL/USDT:USDT,184.79,857.65,184.78,1083.95,184.8,291.45,184.81,139.79
1753769571120,06:12:51.120,binance,SOL/USDT:USDT,184.79,856.29,184.78,1043.38,184.8,218.27,184.81,141.1
1753769571222,06:12:51.222,binance,SOL/USDT:USDT,184.79,1168.21,184.78,1188.88,184.8,66.28,184.81,141.1
1753769571327,06:12:51.327,binance,SOL/USDT:USDT,184.79,1133.41,184.78,1188.88,184.8,66.34,184.81,87.14
1753769571632,06:12:51.632,binance,SOL/USDT:USDT,184.8,1305.11,184.79,900.82,184.81,387.27,184.82,191.54
1753769571840,06:12:51.840,binance,SOL/USDT:USDT,184.8,1365.83,184.79,905.94,184.81,312.25,184.82,191.54
1753769571942,06:12:51.942,binance,SOL/USDT:USDT,184.8,1400.62,184.79,905.94,184.81,209.43,184.82,191.54
1753769572043,06:12:52.043,binance,SOL/USDT:USDT,184.8,1414.56,184.79,871.15,184.81,204.02,184.82,191.54
1753769572146,06:12:52.146,binance,SOL/USDT:USDT,184.8,1326.89,184.79,871.15,184.81,279.04,184.82,191.54
1753769572252,06:12:52.252,binance,SOL/USDT:USDT,184.8,1163.08,184.79,830.58,184.81,381.35,184.82,191.54
1753769572354,06:12:52.354,binance,SOL/USDT:USDT,184.8,1163.08,184.79,832.13,184.81,381.76,184.82,191.54
1753769572456,06:12:52.456,binance,SOL/USDT:USDT,184.8,1062.67,184.79,869.22,184.81,380.76,184.82,191.54
1753769572658,06:12:52.658,binance,SOL/USDT:USDT,184.8,1159.53,184.79,856.49,184.81,401.82,184.82,316.51
1753769572760,06:12:52.760,binance,SOL/USDT:USDT,184.8,1196.72,184.79,856.49,184.81,401.82,184.82,316.51
1753769572867,06:12:52.867,binance,SOL/USDT:USDT,184.8,1196.72,184.79,856.49,184.81,224.56,184.82,167.76
1753769572970,06:12:52.970,binance,SOL/USDT:USDT,184.8,1159.63,184.79,856.49,184.81,227.26,184.82,191.54
1753769573073,06:12:53.073,binance,SOL/USDT:USDT,184.8,1294.31,184.79,889.36,184.81,160.1,184.82,191.54
1753769573174,06:12:53.174,binance,SOL/USDT:USDT,184.8,1224.35,184.79,856.49,184.81,231.43,184.82,191.54
1753769573282,06:12:53.282,binance,SOL/USDT:USDT,184.8,1119.86,184.79,819.4,184.81,369.57,184.82,191.54
1753769573489,06:12:53.489,binance,SOL/USDT:USDT,184.8,1207.96,184.79,930.48,184.81,162.93,184.82,191.54
1753769573694,06:12:53.694,binance,SOL/USDT:USDT,184.8,968.2,184.79,731.71,184.81,395.12,184.82,208.68
1753769573914,06:12:53.914,binance,SOL/USDT:USDT,184.8,775.98,184.79,731.71,184.81,458.7,184.82,328.99
1753769574019,06:12:54.019,binance,SOL/USDT:USDT,184.8,775.98,184.79,731.71,184.81,458.7,184.82,352.55
1753769574120,06:12:54.120,binance,SOL/USDT:USDT,184.8,652.43,184.79,731.71,184.81,644.25,184.82,320.36
1753769574223,06:12:54.223,binance,SOL/USDT:USDT,184.8,651.53,184.79,731.71,184.81,644.25,184.82,285.01
1753769574324,06:12:54.324,binance,SOL/USDT:USDT,184.8,652.48,184.79,731.71,184.81,646.23,184.82,285.01
1753769574434,06:12:54.434,binance,SOL/USDT:USDT,184.8,920.34,184.79,938.54,184.81,172.78,184.82,216.33
1753769574536,06:12:54.536,binance,SOL/USDT:USDT,184.8,782.86,184.79,794.42,184.81,247.77,184.82,216.33
1753769574639,06:12:54.639,binance,SOL/USDT:USDT,184.8,432.05,184.79,849.99,184.81,782.82,184.82,192.8
1753769574746,06:12:54.746,binance,SOL/USDT:USDT,184.8,499.85,184.79,849.99,184.81,766.67,184.82,192.8
1753769574861,06:12:54.861,binance,SOL/USDT:USDT,184.8,348.92,184.79,788.39,184.81,766.67,184.82,192.84
1753769574964,06:12:54.964,binance,SOL/USDT:USDT,184.8,382.55,184.79,788.39,184.81,769.48,184.82,192.84
1753769575077,06:12:55.077,binance,SOL/USDT:USDT,184.8,421.0,184.79,788.39,184.81,769.48,184.82,192.84
1753769575180,06:12:55.180,binance,SOL/USDT:USDT,184.8,459.45,184.79,849.99,184.81,769.58,184.82,192.84
1753769575289,06:12:55.289,binance,SOL/USDT:USDT,184.8,460.3,184.79,849.99,184.81,769.58,184.82,192.84
1753769575405,06:12:55.405,binance,SOL/USDT:USDT,184.8,517.76,184.79,849.99,184.81,770.22,184.82,192.84
1753769575511,06:12:55.511,binance,SOL/USDT:USDT,184.8,518.53,184.79,849.99,184.81,770.58,184.82,192.84
1753769575645,06:12:55.645,binance,SOL/USDT:USDT,184.8,480.08,184.79,849.99,184.81,771.12,184.82,192.84
1753769575768,06:12:55.768,binance,SOL/USDT:USDT,184.8,479.22,184.79,849.99,184.81,771.49,184.82,192.84
1753769575869,06:12:55.869,binance,SOL/USDT:USDT,184.8,479.22,184.79,849.99,184.81,771.49,184.82,192.84
1753769575982,06:12:55.982,binance,SOL/USDT:USDT,184.8,635.87,184.79,849.99,184.81,677.53,184.82,192.84
1753769576085,06:12:56.085,binance,SOL/USDT:USDT,184.8,582.54,184.79,849.99,184.81,675.52,184.82,192.81
1753769576188,06:12:56.188,binance,SOL/USDT:USDT,184.8,543.6,184.79,849.99,184.81,794.37,184.82,192.84
1753769576289,06:12:56.289,binance,SOL/USDT:USDT,184.8,543.35,184.79,849.99,184.81,645.62,184.82,341.58
1753769576391,06:12:56.391,binance,SOL/USDT:USDT,184.8,542.9,184.79,849.99,184.81,646.0,184.82,341.58
1753769576492,06:12:56.492,binance,SOL/USDT:USDT,184.8,543.61,184.79,849.99,184.81,645.29,184.82,341.58
1753769576595,06:12:56.595,binance,SOL/USDT:USDT,184.8,543.61,184.79,849.99,184.81,645.29,184.82,341.58
1753769576724,06:12:56.724,binance,SOL/USDT:USDT,184.8,321.9,184.79,717.33,184.81,1014.58,184.82,192.84
1753769576834,06:12:56.834,binance,SOL/USDT:USDT,184.8,146.1,184.79,444.52,184.81,1014.58,184.82,228.62
1753769576937,06:12:56.937,binance,SOL/USDT:USDT,184.8,146.1,184.79,181.47,184.81,1096.26,184.82,259.56
1753769577038,06:12:57.038,binance,SOL/USDT:USDT,184.8,146.1,184.79,181.47,184.81,1018.46,184.82,258.26
1753769577140,06:12:57.140,binance,SOL/USDT:USDT,184.8,216.57,184.79,221.2,184.81,1018.46,184.82,191.89
1753769577244,06:12:57.244,binance,SOL/USDT:USDT,184.8,217.32,184.79,259.61,184.81,1018.46,184.82,191.89
1753769577360,06:12:57.360,binance,SOL/USDT:USDT,184.8,217.32,184.79,223.83,184.81,1019.04,184.82,191.89
1753769577462,06:12:57.462,binance,SOL/USDT:USDT,184.8,145.54,184.79,180.83,184.81,1067.72,184.82,208.13
1753769577569,06:12:57.569,binance,SOL/USDT:USDT,184.8,153.64,184.79,180.83,184.81,1019.24,184.82,226.62
1753769577674,06:12:57.674,binance,SOL/USDT:USDT,184.8,153.69,184.79,216.61,184.81,1019.87,184.82,226.62
1753769577776,06:12:57.776,binance,SOL/USDT:USDT,184.8,153.73,184.79,183.4,184.81,1020.42,184.82,226.62
1753769578036,06:12:58.036,binance,SOL/USDT:USDT,184.8,225.05,184.79,217.97,184.81,1020.37,184.82,226.62
1753769578139,06:12:58.139,binance,SOL/USDT:USDT,184.8,298.35,184.79,257.7,184.81,1020.37,184.82,226.62
1753769578241,06:12:58.241,binance,SOL/USDT:USDT,184.8,419.14,184.79,376.44,184.81,1020.36,184.82,210.38
1753769578344,06:12:58.344,binance,SOL/USDT:USDT,184.8,390.62,184.79,445.19,184.81,1021.86,184.82,210.38
1753769578456,06:12:58.456,binance,SOL/USDT:USDT,184.8,356.04,184.79,395.45,184.81,1022.02,184.82,210.03
1753769578561,06:12:58.561,binance,SOL/USDT:USDT,184.8,390.64,184.79,395.45,184.81,1021.97,184.82,210.03
1753769578664,06:12:58.664,binance,SOL/USDT:USDT,184.8,390.64,184.79,424.0,184.81,1022.84,184.82,210.03
1753769578765,06:12:58.765,binance,SOL/USDT:USDT,184.8,591.64,184.79,424.0,184.81,1022.84,184.82,210.03
1753769578867,06:12:58.867,binance,SOL/USDT:USDT,184.8,676.12,184.79,424.03,184.81,773.73,184.82,358.77
1753769578968,06:12:58.968,binance,SOL/USDT:USDT,184.8,613.0,184.79,374.37,184.81,925.06,184.82,210.03
1753769579070,06:12:59.070,binance,SOL/USDT:USDT,184.8,648.76,184.79,374.37,184.81,926.27,184.82,210.03
1753769579171,06:12:59.171,binance,SOL/USDT:USDT,184.8,648.75,184.79,374.37,184.81,926.27,184.82,210.03
1753769579273,06:12:59.273,binance,SOL/USDT:USDT,184.8,564.02,184.79,339.8,184.81,925.27,184.82,210.03
1753769579383,06:12:59.383,binance,SOL/USDT:USDT,184.8,917.66,184.79,554.6,184.81,628.16,184.82,358.77
1753769579489,06:12:59.489,binance,SOL/USDT:USDT,184.8,896.66,184.79,509.27,184.81,565.13,184.82,335.95
1753769579591,06:12:59.591,binance,SOL/USDT:USDT,184.8,1046.52,184.79,658.14,184.81,385.86,184.82,169.05
1753769579692,06:12:59.692,binance,SOL/USDT:USDT,184.8,998.04,184.79,632.59,184.81,385.86,184.82,169.05
1753769579793,06:12:59.793,binance,SOL/USDT:USDT,184.8,998.04,184.79,632.59,184.81,385.86,184.82,317.83
1753769579896,06:12:59.896,binance,SOL/USDT:USDT,184.8,965.65,184.79,563.72,184.81,386.94,184.82,317.83
1753769579999,06:12:59.999,binance,SOL/USDT:USDT,184.8,1174.4,184.79,674.83,184.81,311.92,184.82,47.77
1753769580100,06:13:00.100,binance,SOL/USDT:USDT,184.8,1144.81,184.79,674.83,184.81,279.4,184.82,90.52
1753769580205,06:13:00.205,binance,SOL/USDT:USDT,184.8,941.15,184.79,563.72,184.81,355.0,184.82,171.27
1753769580307,06:13:00.307,binance,SOL/USDT:USDT,184.8,877.76,184.79,563.68,184.81,355.08,184.82,171.27
1753769580408,06:13:00.408,binance,SOL/USDT:USDT,184.8,991.74,184.79,674.65,184.81,279.98,184.82,171.27
1753769580511,06:13:00.511,binance,SOL/USDT:USDT,184.8,991.02,184.79,674.65,184.81,355.82,184.82,171.27
1753769580620,06:13:00.620,binance,SOL/USDT:USDT,184.8,991.1,184.79,674.65,184.81,355.82,184.82,171.27
1753769580723,06:13:00.723,binance,SOL/USDT:USDT,184.8,735.95,184.79,693.61,184.81,366.25,184.82,320.01
1753769580825,06:13:00.825,binance,SOL/USDT:USDT,184.8,735.95,184.79,545.63,184.81,366.25,184.82,320.01
1753769580933,06:13:00.933,binance,SOL/USDT:USDT,184.8,722.91,184.79,545.56,184.81,368.92,184.82,320.01
1753769581038,06:13:01.038,binance,SOL/USDT:USDT,184.8,721.44,184.79,542.69,184.81,368.86,184.82,320.01
1753769581139,06:13:01.139,binance,SOL/USDT:USDT,184.8,766.09,184.79,580.65,184.81,365.16,184.82,320.01
1753769581240,06:13:01.240,binance,SOL/USDT:USDT,184.8,721.26,184.79,542.69,184.81,365.16,184.82,320.01
1753769581343,06:13:01.343,binance,SOL/USDT:USDT,184.8,846.71,184.79,580.24,184.81,364.99,184.82,319.97
1753769581448,06:13:01.448,binance,SOL/USDT:USDT,184.8,493.93,184.79,408.04,184.81,880.21,184.82,208.81
1753769581551,06:13:01.551,binance,SOL/USDT:USDT,184.8,492.77,184.79,408.04,184.81,842.67,184.82,171.26
1753769581654,06:13:01.654,binance,SOL/USDT:USDT,184.8,492.81,184.79,408.04,184.81,841.56,184.82,171.26
1753769581761,06:13:01.761,binance,SOL/USDT:USDT,184.8,603.9,184.79,446.87,184.81,841.56,184.82,171.26
1753769581864,06:13:01.864,binance,SOL/USDT:USDT,184.8,603.86,184.79,446.87,184.81,742.68,184.82,171.26
1753769581967,06:13:01.967,binance,SOL/USDT:USDT,184.8,603.83,184.79,446.87,184.81,646.36,184.82,171.26
1753769582075,06:13:02.075,binance,SOL/USDT:USDT,184.8,659.55,184.79,477.28,184.81,443.67,184.82,319.98
1753769582187,06:13:02.187,binance,SOL/USDT:USDT,184.8,759.51,184.79,477.28,184.81,385.15,184.82,319.98
1753769582289,06:13:02.289,binance,SOL/USDT:USDT,184.8,604.28,184.79,444.2,184.81,661.13,184.82,171.23
1753769582394,06:13:02.394,binance,SOL/USDT:USDT,184.8,628.58,184.79,444.2,184.81,661.0,184.82,171.23
1753769582495,06:13:02.495,binance,SOL/USDT:USDT,184.8,461.89,184.79,408.04,184.81,686.53,184.82,319.97
1753769582598,06:13:02.598,binance,SOL/USDT:USDT,184.8,471.84,184.79,470.97,184.81,774.04,184.82,171.23
1753769582699,06:13:02.699,binance,SOL/USDT:USDT,184.8,471.81,184.79,408.04,184.81,775.0,184.82,171.23
1753769582800,06:13:02.800,binance,SOL/USDT:USDT,184.8,471.81,184.79,441.78,184.81,775.0,184.82,171.26
1753769582904,06:13:02.904,binance,SOL/USDT:USDT,184.8,589.03,184.79,470.94,184.81,775.0,184.82,171.26
1753769583015,06:13:03.015,binance,SOL/USDT:USDT,184.8,555.26,184.79,441.78,184.81,769.7,184.82,171.26
1753769583119,06:13:03.119,binance,SOL/USDT:USDT,184.8,532.27,184.79,387.33,184.81,767.11,184.82,171.26
1753769583235,06:13:03.235,binance,SOL/USDT:USDT,184.8,380.26,184.79,337.32,184.81,767.85,184.82,171.26
1753769583339,06:13:03.339,binance,SOL/USDT:USDT,184.8,227.87,184.79,233.54,184.81,916.7,184.82,198.56
1753769583442,06:13:03.442,binance,SOL/USDT:USDT,184.8,227.3,184.79,283.54,184.81,917.0,184.82,198.56
1753769583544,06:13:03.544,binance,SOL/USDT:USDT,184.8,227.31,184.79,315.15,184.81,917.0,184.82,171.26
1753769583647,06:13:03.647,binance,SOL/USDT:USDT,184.8,227.31,184.79,315.15,184.81,917.0,184.82,171.26
1753769583748,06:13:03.748,binance,SOL/USDT:USDT,184.8,240.75,184.79,315.15,184.81,868.52,184.82,171.26
1753769583860,06:13:03.860,binance,SOL/USDT:USDT,184.8,240.67,184.79,202.83,184.81,868.47,184.82,214.8
1753769584069,06:13:04.069,binance,SOL/USDT:USDT,184.8,355.38,184.79,690.67,184.81,757.66,184.82,171.26
1753769584170,06:13:04.170,binance,SOL/USDT:USDT,184.8,344.56,184.79,671.65,184.81,802.16,184.82,171.26
1753769584275,06:13:04.275,binance,SOL/USDT:USDT,184.8,362.82,184.79,687.87,184.81,802.55,184.82,171.26
1753769584378,06:13:04.378,binance,SOL/USDT:USDT,184.8,402.27,184.79,671.65,184.81,801.6,184.82,171.26
1753769584480,06:13:04.480,binance,SOL/USDT:USDT,184.8,422.54,184.79,619.86,184.81,801.55,184.82,598.85
1753769585115,06:13:05.115,binance,SOL/USDT:USDT,184.8,514.09,184.79,488.73,184.81,747.12,184.82,563.17
1753769585218,06:13:05.218,binance,SOL/USDT:USDT,184.8,521.85,184.79,492.21,184.81,747.12,184.82,605.28
1753769585321,06:13:05.321,binance,SOL/USDT:USDT,184.8,692.59,184.79,582.21,184.81,747.12,184.82,605.28
1753769585424,06:13:05.424,binance,SOL/USDT:USDT,184.8,844.76,184.79,565.99,184.81,747.57,184.82,605.28
1753769585527,06:13:05.527,binance,SOL/USDT:USDT,184.8,812.12,184.79,527.73,184.81,566.35,184.82,750.74
1753769585629,06:13:05.629,binance,SOL/USDT:USDT,184.8,858.05,184.79,511.51,184.81,384.53,184.82,743.2
1753769585732,06:13:05.732,binance,SOL/USDT:USDT,184.8,959.41,184.79,604.92,184.81,242.13,184.82,594.41
1753769585842,06:13:05.842,binance,SOL/USDT:USDT,184.8,959.43,184.79,767.24,184.81,242.2,184.82,594.45
1753769585946,06:13:05.946,binance,SOL/USDT:USDT,184.8,923.51,184.79,698.37,184.81,317.22,184.82,594.45
1753769586049,06:13:06.049,binance,SOL/USDT:USDT,184.8,882.28,184.79,643.91,184.81,318.86,184.82,595.58
1753769586162,06:13:06.162,binance,SOL/USDT:USDT,184.8,874.76,184.79,489.09,184.81,318.86,184.82,595.58
1753769586265,06:13:06.265,binance,SOL/USDT:USDT,184.8,874.76,184.79,489.09,184.81,318.86,184.82,595.58
1753769586369,06:13:06.369,binance,SOL/USDT:USDT,184.8,862.49,184.79,489.09,184.81,320.46,184.82,595.58
1753769586471,06:13:06.471,binance,SOL/USDT:USDT,184.8,922.44,184.79,608.2,184.81,318.07,184.82,595.58
1753769586587,06:13:06.587,binance,SOL/USDT:USDT,184.8,922.44,184.79,572.28,184.81,318.15,184.82,595.58
1753769586690,06:13:06.690,binance,SOL/USDT:USDT,184.8,922.78,184.79,608.26,184.81,303.8,184.82,595.58
1753769586794,06:13:06.794,binance,SOL/USDT:USDT,184.8,922.78,184.79,572.28,184.81,316.5,184.82,595.58
1753769586904,06:13:06.904,binance,SOL/USDT:USDT,184.8,922.78,184.79,572.28,184.81,316.5,184.82,595.58
1753769587117,06:13:07.117,binance,SOL/USDT:USDT,184.8,921.26,184.79,614.04,184.81,315.5,184.82,595.58
1753769587231,06:13:07.231,binance,SOL/USDT:USDT,184.8,960.75,184.79,648.51,184.81,315.91,184.82,595.58
1753769587339,06:13:07.339,binance,SOL/USDT:USDT,184.8,773.37,184.79,441.64,184.81,709.08,184.82,595.61
1753769587442,06:13:07.442,binance,SOL/USDT:USDT,184.8,837.06,184.79,457.86,184.81,857.83,184.82,613.81
1753769587544,06:13:07.544,binance,SOL/USDT:USDT,184.8,861.0,184.79,457.86,184.81,857.84,184.82,613.81
1753769587650,06:13:07.650,binance,SOL/USDT:USDT,184.8,897.51,184.79,441.64,184.81,857.83,184.82,613.81
1753769587753,06:13:07.753,binance,SOL/USDT:USDT,184.8,897.52,184.79,441.64,184.81,857.93,184.82,595.61
1753769587961,06:13:07.961,binance,SOL/USDT:USDT,184.8,898.12,184.79,479.19,184.81,859.83,184.82,595.61
1753769588064,06:13:08.064,binance,SOL/USDT:USDT,184.8,503.13,184.79,422.66,184.81,860.08,184.82,595.61
1753769588167,06:13:08.167,binance,SOL/USDT:USDT,184.8,514.36,184.79,438.92,184.81,847.15,184.82,595.61
1753769588270,06:13:08.270,binance,SOL/USDT:USDT,184.8,476.25,184.79,487.58,184.81,847.15,184.82,595.61
1753769588378,06:13:08.378,binance,SOL/USDT:USDT,184.8,476.25,184.79,487.58,184.81,847.53,184.82,595.61
1753769588587,06:13:08.587,binance,SOL/USDT:USDT,184.8,478.85,184.79,487.58,184.81,849.49,184.82,595.61
1753769588704,06:13:08.704,binance,SOL/USDT:USDT,184.8,498.85,184.79,527.22,184.81,849.49,184.82,595.61
1753769588807,06:13:08.807,binance,SOL/USDT:USDT,184.8,613.4,184.79,527.24,184.81,831.68,184.82,595.61
1753769588908,06:13:08.908,binance,SOL/USDT:USDT,184.8,627.21,184.79,471.41,184.81,831.72,184.82,595.61
1753769589014,06:13:09.014,binance,SOL/USDT:USDT,184.8,527.21,184.79,471.38,184.81,830.14,184.82,594.48
1753769589117,06:13:09.117,binance,SOL/USDT:USDT,184.8,504.29,184.79,506.14,184.81,833.03,184.82,594.48
1753769589226,06:13:09.226,binance,SOL/USDT:USDT,184.8,497.3,184.79,522.36,184.81,833.03,184.82,594.48
1753769589329,06:13:09.329,binance,SOL/USDT:USDT,184.8,497.33,184.79,522.36,184.81,833.04,184.82,594.48
1753769589459,06:13:09.459,binance,SOL/USDT:USDT,184.8,497.33,184.79,562.0,184.81,831.37,184.82,594.48
1753769589565,06:13:09.565,binance,SOL/USDT:USDT,184.8,497.36,184.79,522.36,184.81,833.43,184.82,594.48
1753769589667,06:13:09.667,binance,SOL/USDT:USDT,184.8,497.37,184.79,522.36,184.81,833.4,184.82,594.48
1753769589769,06:13:09.769,binance,SOL/USDT:USDT,184.8,497.31,184.79,562.0,184.81,833.34,184.82,594.48
1753769589870,06:13:09.870,binance,SOL/USDT:USDT,184.8,594.27,184.79,506.17,184.81,833.26,184.82,594.48
1753769589976,06:13:09.976,binance,SOL/USDT:USDT,184.8,700.83,184.79,489.95,184.81,832.72,184.82,594.48
1753769590080,06:13:10.080,binance,SOL/USDT:USDT,184.8,717.02,184.79,511.71,184.81,832.6,184.82,594.48
1753769590182,06:13:10.182,binance,SOL/USDT:USDT,184.8,728.33,184.79,493.17,184.81,832.6,184.82,594.48
1753769590284,06:13:10.284,binance,SOL/USDT:USDT,184.8,728.33,184.79,493.17,184.81,832.9,184.82,594.48
1753769590386,06:13:10.386,binance,SOL/USDT:USDT,184.8,708.27,184.79,491.98,184.81,834.28,184.82,594.48
1753769590491,06:13:10.491,binance,SOL/USDT:USDT,184.8,788.25,184.79,522.36,184.81,740.83,184.82,594.48
1753769590592,06:13:10.592,binance,SOL/USDT:USDT,184.8,750.39,184.79,591.23,184.81,366.85,184.82,743.2
1753769590797,06:13:10.797,binance,SOL/USDT:USDT,184.8,802.94,184.79,597.75,184.81,219.2,184.82,613.29
1753769590900,06:13:10.900,binance,SOL/USDT:USDT,184.8,766.0,184.79,730.9,184.81,294.22,184.82,613.33
1753769591003,06:13:11.003,binance,SOL/USDT:USDT,184.8,766.66,184.79,568.58,184.81,333.38,184.82,613.33
1753769591112,06:13:11.112,binance,SOL/USDT:USDT,184.8,641.18,184.79,457.51,184.81,625.99,184.82,613.36
1753769591214,06:13:11.214,binance,SOL/USDT:USDT,184.8,633.75,184.79,526.38,184.81,477.4,184.82,743.19
1753769591320,06:13:11.320,binance,SOL/USDT:USDT,184.8,617.48,184.79,457.51,184.81,662.99,184.82,594.45
1753769591443,06:13:11.443,binance,SOL/USDT:USDT,184.8,148.09,184.79,313.92,184.81,868.85,184.82,674.52
1753769591544,06:13:11.544,binance,SOL/USDT:USDT,184.8,146.07,184.79,184.05,184.81,785.85,184.82,668.35
1753769591647,06:13:11.647,binance,SOL/USDT:USDT,184.8,238.53,184.79,288.8,184.81,791.06,184.82,638.23
1753769591748,06:13:11.748,binance,SOL/USDT:USDT,184.8,238.53,184.79,256.57,184.81,791.06,184.82,615.53
1753769591967,06:13:11.967,binance,SOL/USDT:USDT,184.8,157.82,184.79,256.61,184.81,839.08,184.82,670.93
1753769592072,06:13:12.072,binance,SOL/USDT:USDT,184.8,158.06,184.79,256.61,184.81,795.27,184.82,697.32
1753769592175,06:13:12.175,binance,SOL/USDT:USDT,184.8,157.8,184.79,256.61,184.81,796.08,184.82,670.93
1753769592278,06:13:12.278,binance,SOL/USDT:USDT,184.8,238.51,184.79,256.61,184.81,796.08,184.82,670.93
1753769592379,06:13:12.379,binance,SOL/USDT:USDT,184.8,157.8,184.79,256.61,184.81,876.61,184.82,697.32
1753769592494,06:13:12.494,binance,SOL/USDT:USDT,184.8,157.27,184.79,288.7,184.81,828.17,184.82,670.93
1753769592597,06:13:12.597,binance,SOL/USDT:USDT,184.8,157.27,184.79,160.26,184.81,957.91,184.82,707.4
1753769592700,06:13:12.700,binance,SOL/USDT:USDT,184.8,157.27,184.79,160.26,184.81,884.24,184.82,715.07
1753769592802,06:13:12.802,binance,SOL/USDT:USDT,184.8,157.27,184.79,160.26,184.81,884.24,184.82,688.81
1753769592903,06:13:12.903,binance,SOL/USDT:USDT,184.8,157.27,184.79,160.26,184.81,884.24,184.82,688.81
1753769593005,06:13:13.005,binance,SOL/USDT:USDT,184.8,150.53,184.79,160.26,184.81,853.73,184.82,688.67
1753769593107,06:13:13.107,binance,SOL/USDT:USDT,184.8,150.53,184.79,160.26,184.81,806.86,184.82,689.08
1753769593209,06:13:13.209,binance,SOL/USDT:USDT,184.8,898.23,184.79,489.78,184.81,527.99,184.82,750.83
1753769593314,06:13:13.314,binance,SOL/USDT:USDT,184.8,268.49,184.79,455.0,184.81,1153.08,184.82,651.67
1753769593415,06:13:13.415,binance,SOL/USDT:USDT,184.8,244.78,184.79,455.0,184.81,1155.86,184.82,678.32
1753769593719,06:13:13.719,binance,SOL/USDT:USDT,184.79,180.36,184.78,408.35,184.8,1635.09,184.81,819.05
1753769593822,06:13:13.822,binance,SOL/USDT:USDT,184.79,180.45,184.78,408.35,184.8,1717.53,184.81,736.61
1753769593923,06:13:13.923,binance,SOL/USDT:USDT,184.79,99.74,184.78,408.35,184.8,1780.5,184.81,790.75
1753769594029,06:13:14.029,binance,SOL/USDT:USDT,184.79,99.74,184.78,346.83,184.8,1769.82,184.81,757.5
1753769594131,06:13:14.131,binance,SOL/USDT:USDT,184.79,99.74,184.78,327.64,184.8,1721.34,184.81,719.9
1753769594234,06:13:14.234,binance,SOL/USDT:USDT,184.79,99.74,184.78,327.64,184.8,1721.34,184.81,719.9
1753769594351,06:13:14.351,binance,SOL/USDT:USDT,184.79,99.74,184.78,327.64,184.8,1822.5,184.81,749.81
1753769594454,06:13:14.454,binance,SOL/USDT:USDT,184.79,97.91,184.78,327.64,184.8,1822.9,184.81,719.9
1753769594556,06:13:14.556,binance,SOL/USDT:USDT,184.79,70.45,184.78,355.1,184.8,1919.77,184.81,719.9
1753769594660,06:13:14.660,binance,SOL/USDT:USDT,184.79,71.76,184.78,293.58,184.8,1871.29,184.81,719.9
1753769594764,06:13:14.764,binance,SOL/USDT:USDT,184.79,71.76,184.78,293.58,184.8,1872.94,184.81,719.9
1753769594868,06:13:14.868,binance,SOL/USDT:USDT,184.78,260.22,184.77,358.75,184.79,2351.44,184.8,1043.07
1753769594969,06:13:14.969,binance,SOL/USDT:USDT,184.78,240.45,184.77,356.46,184.79,2252.03,184.8,996.85
1753769595175,06:13:15.175,binance,SOL/USDT:USDT,184.78,256.33,184.77,356.46,184.79,2055.97,184.8,947.52
1753769595276,06:13:15.276,binance,SOL/USDT:USDT,184.78,256.39,184.77,388.38,184.79,2058.84,184.8,851.96
1753769595377,06:13:15.377,binance,SOL/USDT:USDT,184.78,151.56,184.77,356.46,184.79,2110.16,184.8,839.97
1753769595483,06:13:15.483,binance,SOL/USDT:USDT,184.78,151.56,184.77,295.1,184.79,2110.97,184.8,808.05
1753769595587,06:13:15.587,binance,SOL/USDT:USDT,184.78,151.56,184.77,306.32,184.79,2062.79,184.8,808.05
1753769595688,06:13:15.688,binance,SOL/USDT:USDT,184.78,151.56,184.77,306.32,184.79,2111.27,184.8,808.05
1753769595792,06:13:15.792,binance,SOL/USDT:USDT,184.78,151.56,184.77,306.32,184.79,2062.86,184.8,833.77
1753769595894,06:13:15.894,binance,SOL/USDT:USDT,184.78,151.56,184.77,381.74,184.79,2062.94,184.8,833.77
1753769595996,06:13:15.996,binance,SOL/USDT:USDT,184.78,150.6,184.77,392.56,184.79,2063.35,184.8,808.05
1753769596099,06:13:16.099,binance,SOL/USDT:USDT,184.78,150.6,184.77,392.4,184.79,2063.35,184.8,808.05
1753769596202,06:13:16.202,binance,SOL/USDT:USDT,184.78,256.24,184.77,424.16,184.79,2063.35,184.8,861.65
1753769596304,06:13:16.304,binance,SOL/USDT:USDT,184.78,346.24,184.77,514.16,184.79,2036.9,184.8,860.32
1753769596405,06:13:16.405,binance,SOL/USDT:USDT,184.78,372.24,184.77,514.16,184.79,2035.26,184.8,860.32
1753769596508,06:13:16.508,binance,SOL/USDT:USDT,184.78,172.07,184.77,509.86,184.79,1886.49,184.8,1009.08
1753769596609,06:13:16.609,binance,SOL/USDT:USDT,184.78,172.07,184.77,510.05,184.79,2041.76,184.8,917.68
1753769596712,06:13:16.712,binance,SOL/USDT:USDT,184.78,172.07,184.77,510.05,184.79,2041.76,184.8,917.68
1753769596815,06:13:16.815,binance,SOL/USDT:USDT,184.78,162.15,184.77,510.05,184.79,2068.85,184.8,917.68
1753769596917,06:13:16.917,binance,SOL/USDT:USDT,184.78,162.77,184.77,510.05,184.79,2037.7,184.8,860.32
1753769597019,06:13:17.019,binance,SOL/USDT:USDT,184.78,162.77,184.77,510.05,184.79,2037.7,184.8,860.32
1753769597120,06:13:17.120,binance,SOL/USDT:USDT,184.78,162.77,184.77,510.05,184.79,2037.03,184.8,917.13
1753769597223,06:13:17.223,binance,SOL/USDT:USDT,184.78,162.77,184.77,510.05,184.79,2037.19,184.8,891.81
1753769597326,06:13:17.326,binance,SOL/USDT:USDT,184.78,162.77,184.77,541.46,184.79,2033.12,184.8,860.4
1753769597429,06:13:17.429,binance,SOL/USDT:USDT,184.78,162.35,184.77,420.05,184.79,2082.41,184.8,860.4
1753769597759,06:13:17.759,binance,SOL/USDT:USDT,184.78,243.06,184.77,353.74,184.79,1875.77,184.8,860.4
1753769597865,06:13:17.865,binance,SOL/USDT:USDT,184.78,240.47,184.77,353.74,184.79,1924.25,184.8,888.09
1753769597978,06:13:17.978,binance,SOL/USDT:USDT,184.78,240.51,184.77,353.74,184.79,1878.45,184.8,860.4
1753769598083,06:13:18.083,binance,SOL/USDT:USDT,184.78,240.51,184.77,353.74,184.79,1878.98,184.8,860.78
1753769598185,06:13:18.185,binance,SOL/USDT:USDT,184.77,315.37,184.76,555.05,184.78,1146.47,184.79,1163.84
1753769598290,06:13:18.290,binance,SOL/USDT:USDT,184.77,416.38,184.76,555.42,184.78,1250.83,184.79,1606.25
1753769598395,06:13:18.395,binance,SOL/USDT:USDT,184.77,147.58,184.76,449.2,184.78,1327.87,184.79,1542.59
1753769598496,06:13:18.496,binance,SOL/USDT:USDT,184.77,634.68,184.76,528.15,184.78,957.77,184.79,1478.28
1753769598598,06:13:18.598,binance,SOL/USDT:USDT,184.77,639.26,184.76,528.28,184.78,923.43,184.79,1478.28
1753769598701,06:13:18.701,binance,SOL/USDT:USDT,184.77,188.54,184.76,515.17,184.78,923.79,184.79,1530.05
1753769598810,06:13:18.810,binance,SOL/USDT:USDT,184.77,188.51,184.76,563.83,184.78,923.79,184.79,1478.28
1753769598911,06:13:18.911,binance,SOL/USDT:USDT,184.77,188.06,184.76,562.49,184.78,923.79,184.79,1494.57
1753769599013,06:13:19.013,binance,SOL/USDT:USDT,184.77,188.06,184.76,562.49,184.78,923.79,184.79,1494.57
1753769599114,06:13:19.114,binance,SOL/USDT:USDT,184.77,298.39,184.76,562.49,184.78,1023.79,184.79,1494.57
1753769599218,06:13:19.218,binance,SOL/USDT:USDT,184.77,463.46,184.76,710.87,184.78,923.79,184.79,1494.57
1753769599321,06:13:19.321,binance,SOL/USDT:USDT,184.77,464.2,184.76,629.77,184.78,924.07,184.79,1494.57
1753769599424,06:13:19.424,binance,SOL/USDT:USDT,184.77,464.34,184.76,598.26,184.78,924.25,184.79,1494.57
1753769599527,06:13:19.527,binance,SOL/USDT:USDT,184.77,464.34,184.76,539.88,184.78,924.76,184.79,1494.57
1753769599631,06:13:19.631,binance,SOL/USDT:USDT,184.77,464.34,184.76,539.88,184.78,924.76,184.79,1494.57
1753769599734,06:13:19.734,binance,SOL/USDT:USDT,184.77,464.34,184.76,539.88,184.78,924.76,184.79,1494.57
1753769599836,06:13:19.836,binance,SOL/USDT:USDT,184.77,326.24,184.76,556.1,184.78,924.76,184.79,1545.34
1753769599939,06:13:19.939,binance,SOL/USDT:USDT,184.77,401.32,184.76,654.76,184.78,924.72,184.79,1494.57
1753769600065,06:13:20.065,binance,SOL/USDT:USDT,184.77,417.57,184.76,681.23,184.78,925.15,184.79,1494.57
1753769600166,06:13:20.166,binance,SOL/USDT:USDT,184.77,470.7,184.76,626.34,184.78,924.51,184.79,1478.33
1753769600269,06:13:20.269,binance,SOL/USDT:USDT,184.77,470.7,184.76,673.3,184.78,1024.54,184.79,1478.3
1753769600372,06:13:20.372,binance,SOL/USDT:USDT,184.77,433.86,184.76,672.37,184.78,1011.73,184.79,1478.3
1753769600474,06:13:20.474,binance,SOL/USDT:USDT,184.77,235.7,184.76,656.15,184.78,1093.64,184.79,1524.9
1753769600575,06:13:20.575,binance,SOL/USDT:USDT,184.77,239.74,184.76,688.59,184.78,1093.64,184.79,1524.9
1753769600676,06:13:20.676,binance,SOL/USDT:USDT,184.77,144.43,184.76,721.03,184.78,1093.7,184.79,1524.9
1753769600779,06:13:20.779,binance,SOL/USDT:USDT,184.77,325.01,184.76,755.9,184.78,1093.77,184.79,1478.23
1753769600884,06:13:20.884,binance,SOL/USDT:USDT,184.77,325.01,184.76,755.9,184.78,1093.77,184.79,1524.83
1753769600997,06:13:20.997,binance,SOL/USDT:USDT,184.77,325.67,184.76,702.49,184.78,1094.24,184.79,1477.56
1753769601113,06:13:21.113,binance,SOL/USDT:USDT,184.77,345.96,184.76,777.14,184.78,1094.24,184.79,1477.56
1753769601214,06:13:21.214,binance,SOL/USDT:USDT,184.77,345.96,184.76,777.14,184.78,1094.13,184.79,1438.4
1753769601321,06:13:21.321,binance,SOL/USDT:USDT,184.77,819.48,184.76,731.12,184.78,622.4,184.79,1497.5
1753769601422,06:13:21.422,binance,SOL/USDT:USDT,184.77,819.48,184.76,698.68,184.78,770.8,184.79,1348.73
1753769601524,06:13:21.524,binance,SOL/USDT:USDT,184.77,466.0,184.76,561.12,184.78,770.8,184.79,1348.73
1753769601985,06:13:21.985,binance,SOL/USDT:USDT,184.77,563.09,184.76,613.16,184.78,768.6,184.79,1348.73
1753769602087,06:13:22.087,binance,SOL/USDT:USDT,184.77,237.4,184.76,413.69,184.78,967.04,184.79,1410.41
1753769602190,06:13:22.190,binance,SOL/USDT:USDT,184.77,220.04,184.76,549.43,184.78,872.25,184.79,1366.55
1753769602291,06:13:22.291,binance,SOL/USDT:USDT,184.77,215.64,184.76,728.19,184.78,872.38,184.79,1366.55
1753769602393,06:13:22.393,binance,SOL/USDT:USDT,184.77,219.88,184.76,707.25,184.78,872.57,184.79,1366.55
1753769602495,06:13:22.495,binance,SOL/USDT:USDT,184.77,219.76,184.76,636.01,184.78,874.97,184.79,1366.55
1753769602598,06:13:22.598,binance,SOL/USDT:USDT,184.77,247.22,184.76,636.01,184.78,874.97,184.79,1366.55
1753769602701,06:13:22.701,binance,SOL/USDT:USDT,184.77,265.22,184.76,635.76,184.78,879.05,184.79,1366.55
1753769602804,06:13:22.804,binance,SOL/USDT:USDT,184.77,265.22,184.76,686.72,184.78,879.1,184.79,1366.55
1753769602922,06:13:22.922,binance,SOL/USDT:USDT,184.77,286.18,184.76,705.26,184.78,879.1,184.79,1366.55
1753769603025,06:13:23.025,binance,SOL/USDT:USDT,184.77,286.18,184.76,709.26,184.78,879.15,184.79,1366.55
1753769603128,06:13:23.128,binance,SOL/USDT:USDT,184.77,286.43,184.76,709.26,184.78,882.41,184.79,1366.55
1753769603229,06:13:23.229,binance,SOL/USDT:USDT,184.77,845.83,184.76,695.74,184.78,596.29,184.79,1499.09
1753769603333,06:13:23.333,binance,SOL/USDT:USDT,184.77,850.88,184.76,706.09,184.78,747.79,184.79,1093.65
1753769603436,06:13:23.436,binance,SOL/USDT:USDT,184.77,758.01,184.76,661.64,184.78,747.79,184.79,1093.65
1753769603539,06:13:23.539,binance,SOL/USDT:USDT,184.77,810.52,184.76,706.09,184.78,748.09,184.79,1093.65
1753769603641,06:13:23.641,binance,SOL/USDT:USDT,184.77,810.77,184.76,706.09,184.78,469.61,184.79,1242.39
1753769603744,06:13:23.744,binance,SOL/USDT:USDT,184.77,755.32,184.76,730.51,184.78,470.27,184.79,1242.39
1753769603862,06:13:23.862,binance,SOL/USDT:USDT,184.77,759.81,184.76,730.51,184.78,470.27,184.79,1242.39
1753769603964,06:13:23.964,binance,SOL/USDT:USDT,184.77,759.81,184.76,730.51,184.78,470.27,184.79,1242.39
1753769604080,06:13:24.080,binance,SOL/USDT:USDT,184.77,1157.93,184.76,860.23,184.78,236.44,184.79,758.24
1753769604181,06:13:24.181,binance,SOL/USDT:USDT,184.77,1114.38,184.76,860.23,184.78,206.72,184.79,758.24
1753769604288,06:13:24.288,binance,SOL/USDT:USDT,184.77,1064.51,184.76,979.03,184.78,206.72,184.79,758.24
1753769604391,06:13:24.391,binance,SOL/USDT:USDT,184.77,1114.38,184.76,1001.39,184.78,206.71,184.79,758.24
1753769604494,06:13:24.494,binance,SOL/USDT:USDT,184.77,1065.03,184.76,957.84,184.78,206.49,184.79,723.52
1753769604602,06:13:24.602,binance,SOL/USDT:USDT,184.77,1065.03,184.76,957.84,184.78,206.49,184.79,723.52
1753769604705,06:13:24.705,binance,SOL/USDT:USDT,184.77,1065.57,184.76,957.84,184.78,206.49,184.79,723.52
1753769605226,06:13:25.226,binance,SOL/USDT:USDT,184.77,1086.02,184.76,1004.84,184.78,205.48,184.79,642.85
1753769605328,06:13:25.328,binance,SOL/USDT:USDT,184.77,1105.64,184.76,1004.84,184.78,193.78,184.79,642.85
1753769605431,06:13:25.431,binance,SOL/USDT:USDT,184.77,1106.79,184.76,1005.92,184.78,156.48,184.79,642.85
1753769605535,06:13:25.535,binance,SOL/USDT:USDT,184.79,2095.32,184.78,1764.86,184.8,114.09,184.81,306.83
1753769605641,06:13:25.641,binance,SOL/USDT:USDT,184.79,2150.82,184.78,1651.87,184.8,115.39,184.81,752.13
1753769605745,06:13:25.745,binance,SOL/USDT:USDT,184.79,2305.11,184.78,1651.87,184.8,115.39,184.81,752.13
1753769605847,06:13:25.847,binance,SOL/USDT:USDT,184.79,2250.89,184.78,1557.86,184.8,115.73,184.81,751.79
1753769605949,06:13:25.949,binance,SOL/USDT:USDT,184.79,2311.33,184.78,1557.9,184.8,315.64,184.81,674.23
1753769606051,06:13:26.051,binance,SOL/USDT:USDT,184.79,2163.19,184.78,1510.44,184.8,390.75,184.81,674.23
1753769606152,06:13:26.152,binance,SOL/USDT:USDT,184.79,2163.23,184.78,1455.63,184.8,390.75,184.81,674.23
1753769606256,06:13:26.256,binance,SOL/USDT:USDT,184.79,2162.7,184.78,1510.47,184.8,391.83,184.81,696.62
1753769606361,06:13:26.361,binance,SOL/USDT:USDT,184.79,2162.28,184.78,1510.47,184.8,245.53,184.81,696.62
1753769606473,06:13:26.473,binance,SOL/USDT:USDT,184.79,2162.28,184.78,1510.47,184.8,245.57,184.81,673.15
1753769606797,06:13:26.797,binance,SOL/USDT:USDT,184.79,2330.59,184.78,1495.06,184.8,158.04,184.81,555.55
1753769606898,06:13:26.898,binance,SOL/USDT:USDT,184.79,2312.04,184.78,1501.06,184.8,158.04,184.81,555.59
1753769607001,06:13:27.001,binance,SOL/USDT:USDT,184.79,2313.62,184.78,1501.06,184.8,158.5,184.81,554.52
1753769607102,06:13:27.102,binance,SOL/USDT:USDT,184.79,2313.62,184.78,1501.06,184.8,166.91,184.81,560.49
1753769607335,06:13:27.335,binance,SOL/USDT:USDT,184.79,2313.44,184.78,1504.48,184.8,167.0,184.81,560.49
1753769607438,06:13:27.438,binance,SOL/USDT:USDT,184.79,2312.94,184.78,1440.72,184.8,167.0,184.81,560.49
1753769607544,06:13:27.544,binance,SOL/USDT:USDT,184.79,2312.97,184.78,1497.94,184.8,167.09,184.81,560.49
1753769607751,06:13:27.751,binance,SOL/USDT:USDT,184.79,1987.01,184.78,1434.72,184.8,427.61,184.81,617.71
1753769607853,06:13:27.853,binance,SOL/USDT:USDT,184.79,1825.34,184.78,1399.9,184.8,427.93,184.81,560.49
1753769607956,06:13:27.956,binance,SOL/USDT:USDT,184.79,1825.34,184.78,1399.9,184.8,427.98,184.81,560.49
1753769608072,06:13:28.072,binance,SOL/USDT:USDT,184.79,1825.34,184.78,1457.12,184.8,427.98,184.81,560.49
1753769608175,06:13:28.175,binance,SOL/USDT:USDT,184.79,1825.43,184.78,1457.12,184.8,428.01,184.81,560.49
1753769608278,06:13:28.278,binance,SOL/USDT:USDT,184.79,1784.22,184.78,1399.9,184.8,501.3,184.81,583.96
1753769608381,06:13:28.381,binance,SOL/USDT:USDT,184.79,1833.1,184.78,1399.9,184.8,507.98,184.81,641.18
1753769608608,06:13:28.608,binance,SOL/USDT:USDT,184.79,501.12,184.78,614.76,184.8,670.85,184.81,657.45
1753769608913,06:13:28.913,binance,SOL/USDT:USDT,184.79,41.1,184.78,266.44,184.8,1073.61,184.81,700.94
1753769609016,06:13:29.016,binance,SOL/USDT:USDT,184.79,41.1,184.78,146.87,184.8,1072.94,184.81,650.65
1753769609119,06:13:29.119,binance,SOL/USDT:USDT,184.79,41.1,184.78,119.41,184.8,1100.4,184.81,650.65
1753769609222,06:13:29.222,binance,SOL/USDT:USDT,184.78,315.87,184.77,675.49,184.79,1339.42,184.8,891.77
1753769609324,06:13:29.324,binance,SOL/USDT:USDT,184.78,327.53,184.77,740.37,184.79,1340.04,184.8,891.4
1753769609425,06:13:29.425,binance,SOL/USDT:USDT,184.78,351.79,184.77,772.81,184.79,1432.36,184.8,742.11
1753769609527,06:13:29.527,binance,SOL/USDT:USDT,184.78,432.04,184.77,747.21,184.79,1197.57,184.8,741.98
1753769609734,06:13:29.734,binance,SOL/USDT:USDT,184.78,392.64,184.77,747.21,184.79,1306.38,184.8,735.02
1753769609975,06:13:29.975,binance,SOL/USDT:USDT,184.78,388.24,184.77,796.15,184.79,1306.66,184.8,726.61
1753769610082,06:13:30.082,binance,SOL/USDT:USDT,184.78,388.49,184.77,747.1,184.79,1307.06,184.8,726.9
1753769610184,06:13:30.184,binance,SOL/USDT:USDT,184.78,133.98,184.77,747.1,184.79,1355.54,184.8,726.9
1753769610287,06:13:30.287,binance,SOL/USDT:USDT,184.78,209.34,184.77,795.9,184.79,1307.06,184.8,726.9
1753769610389,06:13:30.389,binance,SOL/USDT:USDT,184.78,269.03,184.77,800.56,184.79,1307.22,184.8,726.9
1753769610500,06:13:30.500,binance,SOL/USDT:USDT,184.78,317.83,184.77,800.56,184.79,1155.59,184.8,726.9
1753769610603,06:13:30.603,binance,SOL/USDT:USDT,184.78,982.96,184.77,851.92,184.79,445.62,184.8,784.09
1753769610705,06:13:30.705,binance,SOL/USDT:USDT,184.78,1259.74,184.77,893.41,184.79,419.06,184.8,635.3
1753769610806,06:13:30.806,binance,SOL/USDT:USDT,184.79,2034.05,184.78,1132.63,184.8,339.12,184.81,578.35
1753769610907,06:13:30.907,binance,SOL/USDT:USDT,184.79,2001.38,184.78,1176.9,184.8,291.72,184.81,555.11
1753769611008,06:13:31.008,binance,SOL/USDT:USDT,184.79,2005.68,184.78,1133.74,184.8,291.79,184.81,555.11
1753769611111,06:13:31.111,binance,SOL/USDT:USDT,184.79,1959.58,184.78,1133.74,184.8,291.13,184.81,555.11
1753769611218,06:13:31.218,binance,SOL/USDT:USDT,184.79,1987.04,184.78,1133.74,184.8,291.3,184.81,471.99
1753769611320,06:13:31.320,binance,SOL/USDT:USDT,184.79,1987.02,184.78,1133.77,184.8,145.93,184.81,450.32
1753769611421,06:13:31.421,binance,SOL/USDT:USDT,184.79,2034.67,184.78,1133.77,184.8,146.39,184.81,450.32
1753769611524,06:13:31.524,binance,SOL/USDT:USDT,184.79,1990.02,184.78,1133.77,184.8,228.38,184.81,495.23
1753769611625,06:13:31.625,binance,SOL/USDT:USDT,184.79,2090.02,184.78,1134.31,184.8,230.13,184.81,495.23
1753769611726,06:13:31.726,binance,SOL/USDT:USDT,184.79,2090.05,184.78,1134.31,184.8,230.16,184.81,495.23
1753769611832,06:13:31.832,binance,SOL/USDT:USDT,184.79,2090.05,184.78,1134.31,184.8,301.46,184.81,495.23
1753769611938,06:13:31.938,binance,SOL/USDT:USDT,184.79,2089.9,184.78,1128.9,184.8,301.46,184.81,495.23
1753769612365,06:13:32.365,binance,SOL/USDT:USDT,184.79,1982.77,184.78,1288.87,184.8,338.07,184.81,495.23
1753769612468,06:13:32.468,binance,SOL/USDT:USDT,184.79,1982.31,184.78,1244.22,184.8,338.84,184.81,495.23
1753769612573,06:13:32.573,binance,SOL/USDT:USDT,184.79,1982.31,184.78,1244.22,184.8,338.84,184.81,536.02
1753769612779,06:13:32.779,binance,SOL/USDT:USDT,184.79,1982.18,184.78,1244.22,184.8,338.84,184.81,495.23
1753769612882,06:13:32.882,binance,SOL/USDT:USDT,184.79,1982.18,184.78,1288.29,184.8,338.84,184.81,495.23
1753769612984,06:13:32.984,binance,SOL/USDT:USDT,184.79,1982.82,184.78,1288.29,184.8,338.55,184.81,495.23
1753769613087,06:13:33.087,binance,SOL/USDT:USDT,184.79,1982.82,184.78,1288.29,184.8,339.02,184.81,497.82
1753769613190,06:13:33.190,binance,SOL/USDT:USDT,184.79,1982.82,184.78,1288.29,184.8,339.16,184.81,497.82
1753769613292,06:13:33.292,binance,SOL/USDT:USDT,184.79,1892.82,184.78,1286.73,184.8,338.32,184.81,497.82
1753769613393,06:13:33.393,binance,SOL/USDT:USDT,184.79,1893.58,184.78,1286.67,184.8,338.44,184.81,497.82
1753769613497,06:13:33.497,binance,SOL/USDT:USDT,184.79,1894.54,184.78,1286.61,184.8,359.58,184.81,497.82
1753769613600,06:13:33.600,binance,SOL/USDT:USDT,184.79,1894.69,184.78,1286.61,184.8,359.58,184.81,497.82
1753769613702,06:13:33.702,binance,SOL/USDT:USDT,184.79,1897.51,184.78,1286.61,184.8,359.58,184.81,497.82
1753769613809,06:13:33.809,binance,SOL/USDT:USDT,184.79,1886.8,184.78,1286.61,184.8,359.58,184.81,497.82
1753769613914,06:13:33.914,binance,SOL/USDT:USDT,184.79,311.82,184.78,634.48,184.8,976.02,184.81,596.05
1753769614017,06:13:34.017,binance,SOL/USDT:USDT,184.79,16.47,184.78,94.5,184.8,1232.76,184.81,582.91
1753769614118,06:13:34.118,binance,SOL/USDT:USDT,184.79,19.09,184.78,49.63,184.8,1150.84,184.81,582.91
1753769614237,06:13:34.237,binance,SOL/USDT:USDT,184.79,19.1,184.78,49.63,184.8,1150.84,184.81,543.46
1753769614339,06:13:34.339,binance,SOL/USDT:USDT,184.79,19.1,184.78,49.63,184.8,1201.68,184.81,593.63
1753769614848,06:13:34.848,binance,SOL/USDT:USDT,184.76,863.8,184.75,679.53,184.77,337.78,184.78,1113.37
1753769615050,06:13:35.050,binance,SOL/USDT:USDT,184.77,1000.5,184.76,881.78,184.78,571.37,184.79,745.17
1753769615151,06:13:35.151,binance,SOL/USDT:USDT,184.77,2084.38,184.76,898.77,184.78,488.72,184.79,254.23
1753769615359,06:13:35.359,binance,SOL/USDT:USDT,184.79,1687.63,184.78,1527.02,184.8,298.72,184.81,145.09
1753769615460,06:13:35.460,binance,SOL/USDT:USDT,184.79,1797.44,184.78,1612.89,184.8,298.72,184.81,591.25
1753769615561,06:13:35.561,binance,SOL/USDT:USDT,184.79,1770.16,184.78,1573.62,184.8,379.57,184.81,618.7
1753769615664,06:13:35.664,binance,SOL/USDT:USDT,184.79,874.0,184.78,1378.83,184.8,694.32,184.81,657.56
1753769615765,06:13:35.765,binance,SOL/USDT:USDT,184.79,511.8,184.78,1206.8,184.8,694.35,184.81,673.84
1753769615866,06:13:35.866,binance,SOL/USDT:USDT,184.79,194.66,184.78,1003.79,184.8,891.59,184.81,678.34
1753769615968,06:13:35.968,binance,SOL/USDT:USDT,184.79,113.67,184.78,939.64,184.8,839.86,184.81,680.59
1753769616069,06:13:36.069,binance,SOL/USDT:USDT,184.79,303.42,184.78,981.13,184.8,939.89,184.81,680.59
1753769616172,06:13:36.172,binance,SOL/USDT:USDT,184.79,871.9,184.78,1070.93,184.8,436.1,184.81,786.12
1753769616273,06:13:36.273,binance,SOL/USDT:USDT,184.79,853.33,184.78,1032.21,184.8,432.46,184.81,786.12
1753769616607,06:13:36.607,binance,SOL/USDT:USDT,184.79,853.37,184.78,1032.24,184.8,434.84,184.81,637.36
1753769616710,06:13:36.710,binance,SOL/USDT:USDT,184.79,853.37,184.78,1032.24,184.8,427.07,184.81,637.36
1753769616946,06:13:36.946,binance,SOL/USDT:USDT,184.79,954.1,184.78,1032.1,184.8,442.52,184.81,637.36
1753769617048,06:13:37.048,binance,SOL/USDT:USDT,184.79,954.1,184.78,1100.97,184.8,427.09,184.81,637.36
1753769617150,06:13:37.150,binance,SOL/USDT:USDT,184.79,954.1,184.78,1034.8,184.8,447.86,184.81,637.36
1753769617253,06:13:37.253,binance,SOL/USDT:USDT,184.79,954.1,184.78,1102.08,184.8,424.39,184.81,637.36
1753769617357,06:13:37.357,binance,SOL/USDT:USDT,184.79,954.21,184.78,1102.08,184.8,424.72,184.81,616.63
1753769617681,06:13:37.681,binance,SOL/USDT:USDT,184.79,853.71,184.78,985.57,184.8,425.01,184.81,621.12
1753769617782,06:13:37.782,binance,SOL/USDT:USDT,184.79,888.98,184.78,1025.38,184.8,425.01,184.81,621.12
1753769617885,06:13:37.885,binance,SOL/USDT:USDT,184.79,888.98,184.78,1025.38,184.8,425.01,184.81,621.12
1753769617991,06:13:37.991,binance,SOL/USDT:USDT,184.79,428.23,184.78,979.34,184.8,703.52,184.81,696.8
1753769618097,06:13:38.097,binance,SOL/USDT:USDT,184.79,237.67,184.78,676.16,184.8,852.0,184.81,713.04
1753769618305,06:13:38.305,binance,SOL/USDT:USDT,184.79,303.33,184.78,794.9,184.8,857.63,184.81,619.22
1753769618408,06:13:38.408,binance,SOL/USDT:USDT,184.79,303.33,184.78,760.26,184.8,857.63,184.81,619.22
1753769618526,06:13:38.526,binance,SOL/USDT:USDT,184.79,301.38,184.78,760.26,184.8,857.63,184.81,619.22
1753769618628,06:13:38.628,binance,SOL/USDT:USDT,184.79,382.09,184.78,798.69,184.8,748.2,184.81,619.22
1753769618731,06:13:38.731,binance,SOL/USDT:USDT,184.79,613.38,184.78,833.33,184.8,544.44,184.81,767.97
1753769618833,06:13:38.833,binance,SOL/USDT:USDT,184.79,578.74,184.78,760.26,184.8,544.44,184.81,767.97
1753769618935,06:13:38.935,binance,SOL/USDT:USDT,184.79,600.98,184.78,760.26,184.8,544.44,184.81,767.97
1753769619065,06:13:39.065,binance,SOL/USDT:USDT,184.79,610.53,184.78,760.29,184.8,550.94,184.81,767.97
1753769619169,06:13:39.169,binance,SOL/USDT:USDT,184.79,624.01,184.78,902.23,184.8,414.0,184.81,767.94
1753769619272,06:13:39.272,binance,SOL/USDT:USDT,184.79,624.35,184.78,798.72,184.8,367.47,184.81,619.19
1753769619373,06:13:39.373,binance,SOL/USDT:USDT,184.79,626.73,184.78,798.72,184.8,367.47,184.81,643.93
1753769619476,06:13:39.476,binance,SOL/USDT:USDT,184.79,626.73,184.78,798.72,184.8,370.55,184.81,792.68
1753769619579,06:13:39.579,binance,SOL/USDT:USDT,184.79,626.73,184.78,798.72,184.8,370.55,184.81,643.93
1753769619682,06:13:39.682,binance,SOL/USDT:USDT,184.79,626.73,184.78,798.72,184.8,370.55,184.81,643.93
1753769619785,06:13:39.785,binance,SOL/USDT:USDT,184.79,626.73,184.78,760.29,184.8,370.61,184.81,643.93
1753769619890,06:13:39.890,binance,SOL/USDT:USDT,184.79,632.15,184.78,798.72,184.8,370.61,184.81,643.93
1753769620011,06:13:40.011,binance,SOL/USDT:USDT,184.79,722.15,184.78,867.59,184.8,345.48,184.81,643.93
1753769620220,06:13:40.220,binance,SOL/USDT:USDT,184.79,823.62,184.78,873.84,184.8,180.82,184.81,579.0
1753769620327,06:13:40.327,binance,SOL/USDT:USDT,184.79,823.62,184.78,873.84,184.8,181.14,184.81,579.0
1753769620656,06:13:40.656,binance,SOL/USDT:USDT,184.79,851.07,184.78,875.53,184.8,186.57,184.81,571.43
1753769620759,06:13:40.759,binance,SOL/USDT:USDT,184.79,855.81,184.78,870.79,184.8,186.32,184.81,571.08
1753769620862,06:13:40.862,binance,SOL/USDT:USDT,184.79,1145.77,184.78,897.15,184.8,111.26,184.81,571.04
1753769621500,06:13:41.500,binance,SOL/USDT:USDT,184.8,1586.11,184.79,790.75,184.81,452.0,184.82,171.13
1753769621601,06:13:41.601,binance,SOL/USDT:USDT,184.8,1586.11,184.79,790.8,184.81,452.09,184.82,171.13
1753769621805,06:13:41.805,binance,SOL/USDT:USDT,184.8,1586.17,184.79,790.74,184.81,452.12,184.82,194.96
1753769621908,06:13:41.908,binance,SOL/USDT:USDT,184.8,1586.2,184.79,790.74,184.81,452.15,184.82,194.96
1753769622014,06:13:42.014,binance,SOL/USDT:USDT,184.8,1621.0,184.79,822.24,184.81,452.15,184.82,194.96
1753769622121,06:13:42.121,binance,SOL/USDT:USDT,184.8,1686.2,184.79,790.74,184.81,452.15,184.82,194.96
1753769622223,06:13:42.223,binance,SOL/USDT:USDT,184.8,1721.02,184.79,822.24,184.81,452.15,184.82,194.96
1753769622325,06:13:42.325,binance,SOL/USDT:USDT,184.8,1686.22,184.79,715.87,184.81,527.17,184.82,194.96
1753769622896,06:13:42.896,binance,SOL/USDT:USDT,184.8,1082.52,184.79,698.14,184.81,615.28,184.82,344.08
1753769622999,06:13:42.999,binance,SOL/USDT:USDT,184.8,1083.19,184.79,698.14,184.81,608.31,184.82,344.08
1753769623103,06:13:43.103,binance,SOL/USDT:USDT,184.8,1340.07,184.79,814.25,184.81,452.54,184.82,344.01
1753769623204,06:13:43.204,binance,SOL/USDT:USDT,184.8,1339.52,184.79,814.25,184.81,452.54,184.82,344.01
1753769623306,06:13:43.306,binance,SOL/USDT:USDT,184.8,1269.27,184.79,719.87,184.81,528.27,184.82,344.05
1753769623532,06:13:43.532,binance,SOL/USDT:USDT,184.8,1269.69,184.79,719.77,184.81,535.4,184.82,344.05
1753769623657,06:13:43.657,binance,SOL/USDT:USDT,184.8,1269.16,184.79,685.98,184.81,535.4,184.82,344.05
1753769623759,06:13:43.759,binance,SOL/USDT:USDT,184.8,1239.16,184.79,725.25,184.81,535.4,184.82,319.92
1753769623861,06:13:43.861,binance,SOL/USDT:USDT,184.8,1374.26,184.79,887.59,184.81,12.92,184.82,28.9
1753769623964,06:13:43.964,binance,SOL/USDT:USDT,184.8,1379.79,184.79,884.85,184.81,12.92,184.82,28.55
1753769624067,06:13:44.067,binance,SOL/USDT:USDT,184.8,1383.35,184.79,885.74,184.81,14.71,184.82,29.69
1753769624170,06:13:44.170,binance,SOL/USDT:USDT,184.8,1384.31,184.79,885.74,184.81,14.7,184.82,29.69
1753769624273,06:13:44.273,binance,SOL/USDT:USDT,184.81,1734.34,184.8,701.71,184.82,22.81,184.83,667.73
1753769624374,06:13:44.374,binance,SOL/USDT:USDT,184.82,2044.22,184.81,1085.35,184.83,562.12,184.84,292.26
1753769624476,06:13:44.476,binance,SOL/USDT:USDT,184.82,2056.53,184.81,1085.35,184.83,604.26,184.84,164.49
1753769624579,06:13:44.579,binance,SOL/USDT:USDT,184.82,2062.64,184.81,1085.39,184.83,526.54,184.84,164.46
1753769624696,06:13:44.696,binance,SOL/USDT:USDT,184.82,2062.64,184.81,1085.39,184.83,485.5,184.84,191.44
1753769624898,06:13:44.898,binance,SOL/USDT:USDT,184.82,2062.67,184.81,1085.41,184.83,485.38,184.84,191.57
1753769625001,06:13:45.001,binance,SOL/USDT:USDT,184.82,2063.3,184.81,1085.41,184.83,485.38,184.84,191.57
1753769625102,06:13:45.102,binance,SOL/USDT:USDT,184.82,2063.3,184.81,1085.36,184.83,488.39,184.84,195.11
1753769625221,06:13:45.221,binance,SOL/USDT:USDT,184.82,1509.44,184.81,1052.43,184.83,587.5,184.84,218.47
1753769625323,06:13:45.323,binance,SOL/USDT:USDT,184.82,1375.28,184.81,1050.48,184.83,563.6,184.84,194.46
1753769625426,06:13:45.426,binance,SOL/USDT:USDT,184.82,1375.32,184.81,1054.97,184.83,563.6,184.84,183.12
1753769625628,06:13:45.628,binance,SOL/USDT:USDT,184.84,1847.75,184.83,1516.52,184.85,310.68,184.86,154.86
1753769625735,06:13:45.735,binance,SOL/USDT:USDT,184.84,1884.41,184.83,1447.65,184.85,431.26,184.86,154.86
1753769625838,06:13:45.838,binance,SOL/USDT:USDT,184.84,1909.82,184.83,1325.59,184.85,403.85,184.86,200.85
1753769625939,06:13:45.939,binance,SOL/USDT:USDT,184.84,1983.97,184.83,1325.59,184.85,403.85,184.86,200.85
1753769626057,06:13:46.057,binance,SOL/USDT:USDT,184.84,1991.79,184.83,1319.77,184.85,403.85,184.86,200.98
1753769626159,06:13:46.159,binance,SOL/USDT:USDT,184.84,1928.98,184.83,1481.83,184.85,438.36,184.86,200.98
1753769626262,06:13:46.262,binance,SOL/USDT:USDT,184.84,1928.98,184.83,1481.88,184.85,443.59,184.86,262.35
1753769626365,06:13:46.365,binance,SOL/USDT:USDT,184.84,1926.23,184.83,1481.88,184.85,446.12,184.86,262.35
1753769626466,06:13:46.466,binance,SOL/USDT:USDT,184.84,1926.24,184.83,1481.88,184.85,446.12,184.86,200.98
1753769626569,06:13:46.569,binance,SOL/USDT:USDT,184.84,1926.34,184.83,1481.88,184.85,453.12,184.86,261.83
1753769626672,06:13:46.672,binance,SOL/USDT:USDT,184.84,1926.37,184.83,1481.88,184.85,453.18,184.86,261.83
1753769626776,06:13:46.776,binance,SOL/USDT:USDT,184.84,1926.37,184.83,1481.88,184.85,453.18,184.86,173.53
1753769626881,06:13:46.881,binance,SOL/USDT:USDT,184.84,1926.37,184.83,1481.88,184.85,453.18,184.86,200.98
1753769626983,06:13:46.983,binance,SOL/USDT:USDT,184.84,1926.37,184.83,1481.88,184.85,453.18,184.86,229.83
1753769627084,06:13:47.084,binance,SOL/USDT:USDT,184.84,1342.74,184.83,1178.05,184.85,563.29,184.86,257.61
1753769627187,06:13:47.187,binance,SOL/USDT:USDT,184.84,1342.51,184.83,1178.05,184.85,530.16,184.86,229.67
1753769627295,06:13:47.295,binance,SOL/USDT:USDT,184.84,1296.53,184.83,1144.95,184.85,530.36,184.86,299.39
1753769627397,06:13:47.397,binance,SOL/USDT:USDT,184.84,1296.53,184.83,1144.95,184.85,530.36,184.86,333.01
1753769627509,06:13:47.509,binance,SOL/USDT:USDT,184.84,1296.03,184.83,1144.95,184.85,530.36,184.86,333.01
1753769627615,06:13:47.615,binance,SOL/USDT:USDT,184.84,1296.03,184.83,1144.95,184.85,507.65,184.86,294.9
1753769627717,06:13:47.717,binance,SOL/USDT:USDT,184.84,1296.03,184.83,1144.95,184.85,595.6,184.86,328.55
1753769627820,06:13:47.820,binance,SOL/USDT:USDT,184.84,1080.01,184.83,1144.95,184.85,633.53,184.86,328.55
1753769627923,06:13:47.923,binance,SOL/USDT:USDT,184.84,1080.01,184.83,1144.95,184.85,632.34,184.86,328.55
1753769628034,06:13:48.034,binance,SOL/USDT:USDT,184.84,1079.96,184.83,1144.95,184.85,594.46,184.86,358.72
1753769628138,06:13:48.138,binance,SOL/USDT:USDT,184.84,989.95,184.83,1105.93,184.85,637.36,184.86,358.72
1753769628241,06:13:48.241,binance,SOL/USDT:USDT,184.84,886.26,184.83,1030.72,184.85,708.85,184.86,358.72
1753769628344,06:13:48.344,binance,SOL/USDT:USDT,184.84,886.26,184.83,1030.58,184.85,670.61,184.86,358.72
1753769628447,06:13:48.447,binance,SOL/USDT:USDT,184.84,886.26,184.83,1030.58,184.85,670.54,184.86,328.55
1753769628550,06:13:48.550,binance,SOL/USDT:USDT,184.84,886.29,184.83,1030.58,184.85,672.78,184.86,507.43
1753769628653,06:13:48.653,binance,SOL/USDT:USDT,184.84,946.69,184.83,1030.58,184.85,668.04,184.86,363.46
1753769628754,06:13:48.754,binance,SOL/USDT:USDT,184.84,946.69,184.83,1030.58,184.85,749.44,184.86,393.28
1753769628856,06:13:48.856,binance,SOL/USDT:USDT,184.84,885.76,184.83,1030.58,184.85,749.44,184.86,363.11
1753769628962,06:13:48.962,binance,SOL/USDT:USDT,184.84,886.39,184.83,1030.58,184.85,749.44,184.86,396.73
1753769629065,06:13:49.065,binance,SOL/USDT:USDT,184.84,886.39,184.83,1030.58,184.85,758.69,184.86,426.01
1753769629168,06:13:49.168,binance,SOL/USDT:USDT,184.84,786.78,184.83,1080.58,184.85,887.41,184.86,248.02
1753769629279,06:13:49.279,binance,SOL/USDT:USDT,184.84,786.78,184.83,1080.58,184.85,948.45,184.86,277.3
1753769629382,06:13:49.382,binance,SOL/USDT:USDT,184.84,787.03,184.83,1080.33,184.85,949.53,184.86,248.02
1753769629498,06:13:49.498,binance,SOL/USDT:USDT,184.84,789.55,184.83,826.38,184.85,949.49,184.86,274.33
1753769629803,06:13:49.803,binance,SOL/USDT:USDT,184.84,139.12,184.83,244.65,184.85,1186.12,184.86,295.39
1753769630016,06:13:50.016,binance,SOL/USDT:USDT,184.84,405.48,184.83,328.44,184.85,1139.21,184.86,235.46
1753769630118,06:13:50.118,binance,SOL/USDT:USDT,184.84,433.14,184.83,328.44,184.85,1139.18,184.86,235.46
1753769630220,06:13:50.220,binance,SOL/USDT:USDT,184.84,433.18,184.83,328.44,184.85,1075.92,184.86,235.46
1753769630322,06:13:50.322,binance,SOL/USDT:USDT,184.84,453.46,184.83,328.44,184.85,1137.82,184.86,235.46
1753769630481,06:13:50.481,binance,SOL/USDT:USDT,184.84,1278.23,184.83,649.35,184.85,823.96,184.86,155.17
1753769630583,06:13:50.583,binance,SOL/USDT:USDT,184.84,1283.26,184.83,633.31,184.85,823.96,184.86,326.48
1753769630685,06:13:50.685,binance,SOL/USDT:USDT,184.84,911.79,184.83,543.41,184.85,767.93,184.86,331.02
1753769630788,06:13:50.788,binance,SOL/USDT:USDT,184.84,911.79,184.83,541.65,184.85,838.82,184.86,331.02
1753769630889,06:13:50.889,binance,SOL/USDT:USDT,184.84,911.79,184.83,541.65,184.85,838.82,184.86,331.02
1753769630992,06:13:50.992,binance,SOL/USDT:USDT,184.84,912.45,184.83,541.65,184.85,838.82,184.86,325.48
1753769631095,06:13:51.095,binance,SOL/USDT:USDT,184.84,912.45,184.83,568.37,184.85,838.18,184.86,325.48
1753769631198,06:13:51.198,binance,SOL/USDT:USDT,184.84,822.45,184.83,541.65,184.85,923.75,184.86,325.48
1753769631316,06:13:51.316,binance,SOL/USDT:USDT,184.84,822.45,184.83,541.65,184.85,925.6,184.86,325.48
1753769631511,06:13:51.511,binance,SOL/USDT:USDT,184.84,822.8,184.83,508.41,184.85,908.12,184.86,325.48
1753769631621,06:13:51.621,binance,SOL/USDT:USDT,184.84,822.8,184.83,508.41,184.85,908.12,184.86,325.48
1753769631724,06:13:51.724,binance,SOL/USDT:USDT,184.84,822.83,184.83,508.41,184.85,908.12,184.86,325.48
1753769631885,06:13:51.885,binance,SOL/USDT:USDT,184.84,822.83,184.83,508.41,184.85,908.12,184.86,325.48
1753769632095,06:13:52.095,binance,SOL/USDT:USDT,184.84,822.83,184.83,508.41,184.85,906.8,184.86,325.48
1753769632207,06:13:52.207,binance,SOL/USDT:USDT,184.84,822.92,184.83,508.41,184.85,907.23,184.86,325.48
1753769632313,06:13:52.313,binance,SOL/USDT:USDT,184.84,593.37,184.83,444.97,184.85,1081.71,184.86,202.21
1753769632415,06:13:52.415,binance,SOL/USDT:USDT,184.84,167.38,184.83,245.16,184.85,1311.54,184.86,207.05
1753769632518,06:13:52.518,binance,SOL/USDT:USDT,184.84,166.73,184.83,245.16,184.85,1312.14,184.86,207.05
1753769632841,06:13:52.841,binance,SOL/USDT:USDT,184.84,313.04,184.83,327.73,184.85,1238.2,184.86,181.61
1753769633049,06:13:53.049,binance,SOL/USDT:USDT,184.84,313.72,184.83,345.42,184.85,1238.2,184.86,181.61
1753769633254,06:13:53.254,binance,SOL/USDT:USDT,184.84,261.49,184.83,345.42,184.85,1325.01,184.86,181.61
1753769633357,06:13:53.357,binance,SOL/USDT:USDT,184.84,169.9,184.83,345.42,184.85,1325.02,184.86,181.61
1753769633460,06:13:53.460,binance,SOL/USDT:USDT,184.84,281.74,184.83,345.42,184.85,1324.99,184.86,196.79
1753769633563,06:13:53.563,binance,SOL/USDT:USDT,184.84,281.74,184.83,345.42,184.85,1324.68,184.86,196.79
1753769633679,06:13:53.679,binance,SOL/USDT:USDT,184.84,281.74,184.83,345.42,184.85,1324.87,184.86,196.79
1753769633781,06:13:53.781,binance,SOL/USDT:USDT,184.84,302.02,184.83,345.42,184.85,1328.03,184.86,196.79
1753769633888,06:13:53.888,binance,SOL/USDT:USDT,184.84,302.02,184.83,345.42,184.85,1328.03,184.86,192.3
1753769633996,06:13:53.996,binance,SOL/USDT:USDT,184.84,302.02,184.83,345.42,184.85,1240.08,184.86,220.54
1753769634100,06:13:54.100,binance,SOL/USDT:USDT,184.84,155.96,184.83,345.42,184.85,1264.08,184.86,220.54
1753769634202,06:13:54.202,binance,SOL/USDT:USDT,184.84,207.09,184.83,345.42,184.85,1244.97,184.86,196.79
1753769634304,06:13:54.304,binance,SOL/USDT:USDT,184.84,362.82,184.83,345.42,184.85,1243.94,184.86,196.79
1753769634407,06:13:54.407,binance,SOL/USDT:USDT,184.84,362.82,184.83,345.42,184.85,1246.89,184.86,196.79
1753769634511,06:13:54.511,binance,SOL/USDT:USDT,184.84,383.1,184.83,345.42,184.85,1246.89,184.86,196.79
1753769634613,06:13:54.613,binance,SOL/USDT:USDT,184.84,383.1,184.83,345.42,184.85,1247.22,184.86,196.79
1753769634727,06:13:54.727,binance,SOL/USDT:USDT,184.84,391.11,184.83,345.42,184.85,1247.22,184.86,196.79
1753769634829,06:13:54.829,binance,SOL/USDT:USDT,184.84,373.11,184.83,345.42,184.85,1247.22,184.86,196.79
1753769634965,06:13:54.965,binance,SOL/USDT:USDT,184.84,373.76,184.83,345.42,184.85,1247.22,184.86,196.79
1753769635068,06:13:55.068,binance,SOL/USDT:USDT,184.84,494.07,184.83,345.42,184.85,1247.22,184.86,192.3
1753769635175,06:13:55.175,binance,SOL/USDT:USDT,184.84,494.07,184.83,327.73,184.85,1093.58,184.86,341.01
1753769635497,06:13:55.497,binance,SOL/USDT:USDT,184.84,551.26,184.83,327.76,184.85,1095.14,184.86,345.5
1753769635600,06:13:55.600,binance,SOL/USDT:USDT,184.84,551.26,184.83,327.76,184.85,1095.14,184.86,345.5
1753769636034,06:13:56.034,binance,SOL/USDT:USDT,184.84,551.32,184.83,327.9,184.85,985.55,184.86,345.5
1753769636242,06:13:56.242,binance,SOL/USDT:USDT,184.84,1173.08,184.83,585.32,184.85,841.74,184.86,172.27
1753769636448,06:13:56.448,binance,SOL/USDT:USDT,184.84,1271.05,184.83,609.1,184.85,717.47,184.86,82.1
1753769636560,06:13:56.560,binance,SOL/USDT:USDT,184.84,1246.19,184.83,523.65,184.85,717.52,184.86,82.14
1753769636766,06:13:56.766,binance,SOL/USDT:USDT,184.84,1320.61,184.83,572.98,184.85,682.66,184.86,209.08
1753769637103,06:13:57.103,binance,SOL/USDT:USDT,184.84,1442.14,184.83,639.59,184.85,523.35,184.86,209.05
1753769637205,06:13:57.205,binance,SOL/USDT:USDT,184.84,1442.14,184.83,639.59,184.85,591.39,184.86,209.05
1753769637409,06:13:57.409,binance,SOL/USDT:USDT,184.84,1530.66,184.83,643.59,184.85,456.37,184.86,52.73
1753769637510,06:13:57.510,binance,SOL/USDT:USDT,184.84,1536.96,184.83,613.49,184.85,456.41,184.86,80.17
1753769637611,06:13:57.611,binance,SOL/USDT:USDT,184.84,1488.48,184.83,613.49,184.85,456.41,184.86,80.17
1753769637725,06:13:57.725,binance,SOL/USDT:USDT,184.84,1301.21,184.83,468.68,184.85,544.99,184.86,209.0
1753769637826,06:13:57.826,binance,SOL/USDT:USDT,184.84,1301.61,184.83,468.68,184.85,544.99,184.86,81.59
1753769637927,06:13:57.927,binance,SOL/USDT:USDT,184.84,1301.61,184.83,468.68,184.85,544.99,184.86,81.59
1753769638381,06:13:58.381,binance,SOL/USDT:USDT,184.84,1301.62,184.83,493.06,184.85,626.17,184.86,81.59
1753769638484,06:13:58.484,binance,SOL/USDT:USDT,184.84,1301.94,184.83,493.06,184.85,610.58,184.86,81.59
1753769638688,06:13:58.688,binance,SOL/USDT:USDT,184.84,1299.67,184.83,493.06,184.85,616.16,184.86,81.59
1753769638791,06:13:58.791,binance,SOL/USDT:USDT,184.84,1399.67,184.83,493.06,184.85,623.4,184.86,81.59
1753769638892,06:13:58.892,binance,SOL/USDT:USDT,184.84,1635.62,184.83,514.91,184.85,623.36,184.86,58.78
1753769638993,06:13:58.993,binance,SOL/USDT:USDT,184.84,1614.44,184.83,493.06,184.85,552.52,184.86,35.8
1753769639096,06:13:59.096,binance,SOL/USDT:USDT,184.84,1638.14,184.83,591.17,184.85,551.89,184.86,35.8
1753769639199,06:13:59.199,binance,SOL/USDT:USDT,184.84,1616.82,184.83,591.71,184.85,551.99,184.86,35.77
1753769639505,06:13:59.505,binance,SOL/USDT:USDT,184.84,1593.75,184.83,569.86,184.85,467.48,184.86,35.77
1753769639616,06:13:59.616,binance,SOL/USDT:USDT,184.84,1577.11,184.83,502.08,184.85,467.81,184.86,35.77
1753769639725,06:13:59.725,binance,SOL/USDT:USDT,184.84,1483.07,184.83,476.47,184.85,405.42,184.86,84.18
1753769639831,06:13:59.831,binance,SOL/USDT:USDT,184.84,1311.04,184.83,482.47,184.85,480.76,184.86,184.47
1753769639934,06:13:59.934,binance,SOL/USDT:USDT,184.84,1311.04,184.83,482.47,184.85,511.23,184.86,184.47
1753769640038,06:14:00.038,binance,SOL/USDT:USDT,184.84,802.7,184.83,428.76,184.85,653.84,184.86,86.15
1753769640141,06:14:00.141,binance,SOL/USDT:USDT,184.84,735.13,184.83,428.76,184.85,654.16,184.86,59.84
1753769640242,06:14:00.242,binance,SOL/USDT:USDT,184.84,742.06,184.83,428.76,184.85,654.16,184.86,59.84
1753769640343,06:14:00.343,binance,SOL/USDT:USDT,184.84,744.06,184.83,460.09,184.85,626.0,184.86,59.84
1753769640447,06:14:00.447,binance,SOL/USDT:USDT,184.84,745.08,184.83,428.76,184.85,594.04,184.86,184.51
1753769640552,06:14:00.552,binance,SOL/USDT:USDT,184.84,740.75,184.83,428.76,184.85,594.04,184.86,210.82
1753769640653,06:14:00.653,binance,SOL/USDT:USDT,184.84,740.75,184.83,428.76,184.85,594.04,184.86,184.51
1753769640756,06:14:00.756,binance,SOL/USDT:USDT,184.84,740.75,184.83,458.27,184.85,665.81,184.86,184.51
1753769640859,06:14:00.859,binance,SOL/USDT:USDT,184.84,992.71,184.83,478.58,184.85,471.86,184.86,184.48
1753769640962,06:14:00.962,binance,SOL/USDT:USDT,184.84,966.92,184.83,452.27,184.85,479.8,184.86,184.48
1753769641271,06:14:01.271,binance,SOL/USDT:USDT,184.84,3050.63,184.83,478.88,184.85,566.29,184.86,57.83
1753769641372,06:14:01.372,binance,SOL/USDT:USDT,184.84,3022.68,184.83,451.92,184.85,665.8,184.86,57.87
1753769641475,06:14:01.475,binance,SOL/USDT:USDT,184.84,3049.12,184.83,476.22,184.85,630.42,184.86,57.87
1753769641596,06:14:01.596,binance,SOL/USDT:USDT,184.84,3022.18,184.83,424.59,184.85,630.5,184.86,57.87
1753769641701,06:14:01.701,binance,SOL/USDT:USDT,184.84,3022.35,184.83,449.75,184.85,630.5,184.86,57.87
1753769641803,06:14:01.803,binance,SOL/USDT:USDT,184.84,3022.21,184.83,425.07,184.85,630.71,184.86,57.9
1753769641911,06:14:01.911,binance,SOL/USDT:USDT,184.84,2972.45,184.83,423.24,184.85,663.63,184.86,474.86
1753769642033,06:14:02.033,binance,SOL/USDT:USDT,184.84,2971.03,184.83,423.24,184.85,736.89,184.86,474.86
1753769642136,06:14:02.136,binance,SOL/USDT:USDT,184.84,2964.84,184.83,429.24,184.85,736.92,184.86,494.98
1753769642251,06:14:02.251,binance,SOL/USDT:USDT,184.84,2964.76,184.83,451.92,184.85,736.92,184.86,474.86
1753769642455,06:14:02.455,binance,SOL/USDT:USDT,184.84,2970.18,184.83,445.74,184.85,630.75,184.86,474.86
1753769642556,06:14:02.556,binance,SOL/USDT:USDT,184.84,2964.18,184.83,445.74,184.85,630.75,184.86,474.86
1753769642668,06:14:02.668,binance,SOL/USDT:USDT,184.84,2964.18,184.83,445.74,184.85,630.75,184.86,474.86
1753769642770,06:14:02.770,binance,SOL/USDT:USDT,184.84,2986.55,184.83,445.74,184.85,631.0,184.86,474.86
1753769642873,06:14:02.873,binance,SOL/USDT:USDT,184.84,2986.55,184.83,445.74,184.85,630.8,184.86,474.86
1753769642977,06:14:02.977,binance,SOL/USDT:USDT,184.84,2963.53,184.83,445.74,184.85,630.76,184.86,474.86
1753769643087,06:14:03.087,binance,SOL/USDT:USDT,184.84,2969.06,184.83,444.67,184.85,630.76,184.86,474.86
1753769643190,06:14:03.190,binance,SOL/USDT:USDT,184.84,2961.4,184.83,429.24,184.85,705.1,184.86,474.86
1753769643293,06:14:03.293,binance,SOL/USDT:USDT,184.84,2966.7,184.83,444.13,184.85,629.89,184.86,474.86
1753769643498,06:14:03.498,binance,SOL/USDT:USDT,184.84,2989.92,184.83,444.13,184.85,637.95,184.86,474.86
1753769643601,06:14:03.601,binance,SOL/USDT:USDT,184.84,2968.48,184.83,444.13,184.85,638.03,184.86,474.86
1753769643704,06:14:03.704,binance,SOL/USDT:USDT,184.84,2967.54,184.83,442.28,184.85,638.03,184.86,474.86
1753769643806,06:14:03.806,binance,SOL/USDT:USDT,184.84,2967.54,184.83,442.28,184.85,638.03,184.86,474.86
1753769643913,06:14:03.913,binance,SOL/USDT:USDT,184.84,2968.62,184.83,442.28,184.85,638.03,184.86,474.86
1753769644118,06:14:04.118,binance,SOL/USDT:USDT,184.84,3080.53,184.83,442.28,184.85,567.09,184.86,436.3
1753769644222,06:14:04.222,binance,SOL/USDT:USDT,184.84,3083.41,184.83,442.28,184.85,567.09,184.86,472.87
1753769644324,06:14:04.324,binance,SOL/USDT:USDT,184.84,3069.29,184.83,442.28,184.85,567.14,184.86,472.91
1753769644432,06:14:04.432,binance,SOL/USDT:USDT,184.84,3069.29,184.83,442.28,184.85,567.14,184.86,436.34
1753769644535,06:14:04.535,binance,SOL/USDT:USDT,184.84,3074.17,184.83,442.28,184.85,567.18,184.86,436.34
1753769644638,06:14:04.638,binance,SOL/USDT:USDT,184.84,3074.17,184.83,441.53,184.85,567.18,184.86,436.34
1753769644741,06:14:04.741,binance,SOL/USDT:USDT,184.84,3074.17,184.83,458.25,184.85,567.18,184.86,436.34
1753769644853,06:14:04.853,binance,SOL/USDT:USDT,184.84,3074.17,184.83,441.53,184.85,567.18,184.86,436.34
1753769644956,06:14:04.956,binance,SOL/USDT:USDT,184.84,3074.17,184.83,441.53,184.85,567.18,184.86,436.34
1753769645059,06:14:05.059,binance,SOL/USDT:USDT,184.84,3093.0,184.83,458.25,184.85,567.1,184.86,436.34
1753769645162,06:14:05.162,binance,SOL/USDT:USDT,184.84,3074.17,184.83,441.53,184.85,567.1,184.86,436.34
1753769645269,06:14:05.269,binance,SOL/USDT:USDT,184.84,2948.02,184.83,422.7,184.85,567.24,184.86,476.24
1753769645374,06:14:05.374,binance,SOL/USDT:USDT,184.84,2950.26,184.83,443.11,184.85,642.3,184.86,476.24
1753769645477,06:14:05.477,binance,SOL/USDT:USDT,184.84,2950.65,184.83,461.19,184.85,574.7,184.86,436.34
1753769645581,06:14:05.581,binance,SOL/USDT:USDT,184.84,2971.02,184.83,443.11,184.85,596.9,184.86,436.34
1753769645891,06:14:05.891,binance,SOL/USDT:USDT,184.84,2950.61,184.83,446.01,184.85,663.66,184.86,436.34
1753769645993,06:14:05.993,binance,SOL/USDT:USDT,184.84,2973.22,184.83,446.01,184.85,579.95,184.86,436.34
1753769646096,06:14:06.096,binance,SOL/USDT:USDT,184.84,2953.1,184.83,446.01,184.85,579.95,184.86,436.34
1753769646198,06:14:06.198,binance,SOL/USDT:USDT,184.84,2953.1,184.83,425.6,184.85,579.95,184.86,478.65
1753769646301,06:14:06.301,binance,SOL/USDT:USDT,184.84,2953.1,184.83,425.6,184.85,579.95,184.86,478.65
1753769646404,06:14:06.404,binance,SOL/USDT:USDT,184.84,2972.43,184.83,462.84,184.85,556.66,184.86,478.61
1753769646505,06:14:06.505,binance,SOL/USDT:USDT,184.84,2971.54,184.83,445.35,184.85,509.89,184.86,478.58
1753769646632,06:14:06.632,binance,SOL/USDT:USDT,184.84,2971.54,184.83,445.35,184.85,515.28,184.86,478.58
1753769646736,06:14:06.736,binance,SOL/USDT:USDT,184.84,2995.89,184.83,462.48,184.85,515.05,184.86,478.62
1753769646846,06:14:06.846,binance,SOL/USDT:USDT,184.85,2814.03,184.84,2791.08,184.86,19.09,184.87,8.71
1753769647151,06:14:07.151,binance,SOL/USDT:USDT,184.87,2416.03,184.86,1930.31,184.88,47.57,184.89,163.3
1753769647254,06:14:07.254,binance,SOL/USDT:USDT,184.87,2243.13,184.86,1846.89,184.88,116.92,184.89,192.09
1753769647768,06:14:07.768,binance,SOL/USDT:USDT,184.89,1201.46,184.88,1096.99,184.9,699.27,184.91,770.64
1753769647974,06:14:07.974,binance,SOL/USDT:USDT,184.89,1355.27,184.88,1166.07,184.9,410.9,184.91,599.11
1753769648191,06:14:08.191,binance,SOL/USDT:USDT,184.89,1304.25,184.88,1047.27,184.9,473.74,184.91,599.11
1753769648292,06:14:08.292,binance,SOL/USDT:USDT,184.89,1303.34,184.88,1066.14,184.9,473.77,184.91,599.11
1753769648401,06:14:08.401,binance,SOL/USDT:USDT,184.89,1313.22,184.88,1066.14,184.9,477.53,184.91,599.11
1753769648502,06:14:08.502,binance,SOL/USDT:USDT,184.89,979.1,184.88,921.38,184.9,743.76,184.91,599.14
1753769648603,06:14:08.603,binance,SOL/USDT:USDT,184.89,979.1,184.88,921.38,184.9,745.07,184.91,599.14
1753769648704,06:14:08.704,binance,SOL/USDT:USDT,184.89,979.1,184.88,921.38,184.9,893.74,184.91,599.14
1753769648806,06:14:08.806,binance,SOL/USDT:USDT,184.89,979.1,184.88,921.38,184.9,893.74,184.91,599.14
1753769648907,06:14:08.907,binance,SOL/USDT:USDT,184.89,979.1,184.88,921.41,184.9,848.25,184.91,599.14
1753769649011,06:14:09.011,binance,SOL/USDT:USDT,184.89,977.21,184.88,965.7,184.9,848.25,184.91,622.59
