timestamp,time,exchange,symbol,bid1_price,bid1_volume,bid2_price,bid2_volume,ask1_price,ask1_volume,ask2_price,ask2_volume
1753769305681,06:08:25.681,bitmex,ETH/USDT:USDT,3810.05,20000.0,3809.85,252000.0,3813.85,10000.0,3814.63,111000.0
1753769305681,06:08:25.681,bitmex,ETH/USDT:USDT,3811.43,2000.0,3811.24,17000.0,3812.44,25000.0,3813.85,10000.0
1753769305812,06:08:25.812,bitmex,ETH/USDT:USDT,3811.67,208000.0,3811.48,315000.0,3812.94,25000.0,3812.95,210000.0
1753769305861,06:08:25.861,bitmex,ETH/USDT:USDT,3811.67,208000.0,3811.48,315000.0,3812.51,25000.0,3812.52,210000.0
1753769305910,06:08:25.910,bitmex,ETH/USDT:USDT,3811.67,208000.0,3811.48,315000.0,3812.52,210000.0,3812.71,318000.0
1753769305910,06:08:25.910,bitmex,ETH/USDT:USDT,3811.68,17000.0,3811.67,208000.0,3812.49,25000.0,3812.5,25000.0
1753769305959,06:08:25.959,bitmex,ETH/USDT:USDT,3811.68,17000.0,3811.67,208000.0,3812.49,25000.0,3812.52,210000.0
1753769306008,06:08:26.008,bitmex,ETH/USDT:USDT,3811.68,17000.0,3811.67,208000.0,3812.49,25000.0,3812.52,210000.0
1753769306058,06:08:26.058,bitmex,ETH/USDT:USDT,3811.88,2000.0,3811.68,17000.0,3812.48,25000.0,3812.49,25000.0
1753769306108,06:08:26.108,bitmex,ETH/USDT:USDT,3812.06,2000.0,3811.86,420000.0,3812.1,25000.0,3812.47,25000.0
1753769306157,06:08:26.157,bitmex,ETH/USDT:USDT,3812.06,2000.0,3811.86,420000.0,3812.07,25000.0,3812.26,210000.0
1753769306206,06:08:26.206,bitmex,ETH/USDT:USDT,3811.86,420000.0,3811.67,208000.0,3811.87,25000.0,3812.07,27000.0
1753769306255,06:08:26.255,bitmex,ETH/USDT:USDT,3811.86,437000.0,3811.67,208000.0,3811.87,25000.0,3812.26,210000.0
1753769306402,06:08:26.402,bitmex,ETH/USDT:USDT,3811.86,437000.0,3811.68,62000.0,3811.87,27000.0,3812.26,210000.0
1753769306451,06:08:26.451,bitmex,ETH/USDT:USDT,3811.86,420000.0,3811.68,62000.0,3812.07,27000.0,3812.26,210000.0
1753769306500,06:08:26.500,bitmex,ETH/USDT:USDT,3811.86,422000.0,3811.68,62000.0,3811.87,25000.0,3812.26,210000.0
1753769306549,06:08:26.549,bitmex,ETH/USDT:USDT,3811.86,420000.0,3811.68,62000.0,3812.26,210000.0,3812.45,318000.0
1753769306549,06:08:26.549,bitmex,ETH/USDT:USDT,3811.87,126000.0,3811.86,420000.0,3812.25,25000.0,3812.26,210000.0
1753769306598,06:08:26.598,bitmex,ETH/USDT:USDT,3811.87,143000.0,3811.86,420000.0,3812.25,25000.0,3812.26,210000.0
1753769306647,06:08:26.647,bitmex,ETH/USDT:USDT,3811.87,126000.0,3811.86,420000.0,3812.23,25000.0,3812.26,210000.0
1753769306696,06:08:26.696,bitmex,ETH/USDT:USDT,3811.88,17000.0,3811.87,126000.0,3812.22,25000.0,3812.26,210000.0
1753769306745,06:08:26.745,bitmex,ETH/USDT:USDT,3811.88,17000.0,3811.87,126000.0,3812.22,25000.0,3812.26,210000.0
1753769306794,06:08:26.794,bitmex,ETH/USDT:USDT,3811.88,17000.0,3811.87,126000.0,3812.19,25000.0,3812.26,210000.0
1753769306843,06:08:26.843,bitmex,ETH/USDT:USDT,3811.88,17000.0,3811.87,126000.0,3812.19,25000.0,3812.26,210000.0
1753769306892,06:08:26.892,bitmex,ETH/USDT:USDT,3811.88,17000.0,3811.87,126000.0,3812.19,25000.0,3812.26,210000.0
1753769306990,06:08:26.990,bitmex,ETH/USDT:USDT,3811.88,17000.0,3811.87,126000.0,3812.18,25000.0,3812.26,210000.0
1753769307039,06:08:27.039,bitmex,ETH/USDT:USDT,3811.88,17000.0,3811.87,126000.0,3812.26,210000.0,3812.45,318000.0
1753769307039,06:08:27.039,bitmex,ETH/USDT:USDT,3811.88,17000.0,3811.87,126000.0,3812.26,210000.0,3812.45,318000.0
1753769307088,06:08:27.088,bitmex,ETH/USDT:USDT,3811.88,17000.0,3811.87,126000.0,3812.26,210000.0,3812.45,318000.0
1753769307725,06:08:27.725,bitmex,ETH/USDT:USDT,3812.02,17000.0,3811.87,126000.0,3812.03,25000.0,3812.26,210000.0
1753769307725,06:08:27.725,bitmex,ETH/USDT:USDT,3812.02,17000.0,3811.87,126000.0,3812.03,25000.0,3812.26,210000.0
1753769307774,06:08:27.774,bitmex,ETH/USDT:USDT,3812.02,17000.0,3811.87,126000.0,3812.03,25000.0,3812.26,210000.0
1753769307823,06:08:27.823,bitmex,ETH/USDT:USDT,3812.02,17000.0,3811.87,126000.0,3812.03,25000.0,3812.26,210000.0
1753769307872,06:08:27.872,bitmex,ETH/USDT:USDT,3812.02,17000.0,3811.87,126000.0,3812.03,25000.0,3812.26,210000.0
1753769307921,06:08:27.921,bitmex,ETH/USDT:USDT,3812.02,17000.0,3811.87,126000.0,3812.03,25000.0,3812.26,210000.0
1753769307921,06:08:27.921,bitmex,ETH/USDT:USDT,3812.02,17000.0,3811.87,126000.0,3812.03,25000.0,3812.26,210000.0
1753769307970,06:08:27.970,bitmex,ETH/USDT:USDT,3812.02,17000.0,3811.87,126000.0,3812.03,25000.0,3812.26,210000.0
1753769308033,06:08:28.033,bitmex,ETH/USDT:USDT,3812.02,17000.0,3811.87,126000.0,3812.03,27000.0,3812.26,210000.0
1753769308082,06:08:28.082,bitmex,ETH/USDT:USDT,3811.87,126000.0,3811.86,420000.0,3812.03,25000.0,3812.26,210000.0
1753769308131,06:08:28.131,bitmex,ETH/USDT:USDT,3811.88,17000.0,3811.87,126000.0,3812.02,25000.0,3812.26,210000.0
1753769308229,06:08:28.229,bitmex,ETH/USDT:USDT,3811.88,17000.0,3811.87,126000.0,3812.02,25000.0,3812.26,210000.0
1753769308489,06:08:28.489,bitmex,ETH/USDT:USDT,3811.88,17000.0,3811.87,126000.0,3811.89,2000.0,3812.0,25000.0
1753769308539,06:08:28.539,bitmex,ETH/USDT:USDT,3811.86,420000.0,3811.68,62000.0,3811.87,25000.0,3812.26,210000.0
1753769308625,06:08:28.625,bitmex,ETH/USDT:USDT,3811.86,420000.0,3811.68,62000.0,3811.87,25000.0,3812.26,210000.0
1753769308772,06:08:28.772,bitmex,ETH/USDT:USDT,3811.87,126000.0,3811.86,420000.0,3812.05,25000.0,3812.26,210000.0
1753769308821,06:08:28.821,bitmex,ETH/USDT:USDT,3812.04,2000.0,3811.87,126000.0,3812.05,25000.0,3812.26,210000.0
1753769308919,06:08:28.919,bitmex,ETH/USDT:USDT,3811.87,126000.0,3811.86,420000.0,3812.25,25000.0,3812.26,210000.0
1753769308968,06:08:28.968,bitmex,ETH/USDT:USDT,3811.87,126000.0,3811.86,420000.0,3812.25,25000.0,3812.26,210000.0
1753769309017,06:08:29.017,bitmex,ETH/USDT:USDT,3811.87,126000.0,3811.86,420000.0,3812.25,25000.0,3812.26,210000.0
1753769309834,06:08:29.834,bitmex,ETH/USDT:USDT,3811.94,2000.0,3811.74,210000.0,3812.19,25000.0,3812.26,210000.0
1753769309933,06:08:29.933,bitmex,ETH/USDT:USDT,3811.75,17000.0,3811.74,193000.0,3812.24,25000.0,3812.26,210000.0
1753769309982,06:08:29.982,bitmex,ETH/USDT:USDT,3811.75,17000.0,3811.74,193000.0,3812.23,25000.0,3812.26,210000.0
1753769310072,06:08:30.072,bitmex,ETH/USDT:USDT,3811.75,17000.0,3811.74,193000.0,3812.23,25000.0,3812.26,210000.0
1753769310733,06:08:30.733,bitmex,ETH/USDT:USDT,3811.94,2000.0,3811.74,193000.0,3812.26,210000.0,3812.44,95000.0
1753769311573,06:08:31.573,bitmex,ETH/USDT:USDT,3811.94,2000.0,3811.74,193000.0,3812.26,210000.0,3812.44,95000.0
1753769311623,06:08:31.623,bitmex,ETH/USDT:USDT,3811.94,2000.0,3811.74,193000.0,3812.26,210000.0,3812.44,95000.0
1753769311682,06:08:31.682,bitmex,ETH/USDT:USDT,3811.94,2000.0,3811.74,193000.0,3812.26,210000.0,3812.44,95000.0
1753769312116,06:08:32.116,bitmex,ETH/USDT:USDT,3811.94,2000.0,3811.74,193000.0,3812.26,210000.0,3812.44,95000.0
1753769312263,06:08:32.263,bitmex,ETH/USDT:USDT,3811.94,2000.0,3811.68,62000.0,3811.95,25000.0,3812.26,210000.0
1753769312312,06:08:32.312,bitmex,ETH/USDT:USDT,3811.94,2000.0,3811.9,419000.0,3811.95,25000.0,3812.26,210000.0
1753769312361,06:08:32.361,bitmex,ETH/USDT:USDT,3811.94,2000.0,3811.9,419000.0,3811.95,25000.0,3812.26,210000.0
1753769312443,06:08:32.443,bitmex,ETH/USDT:USDT,3811.94,2000.0,3811.9,419000.0,3811.95,25000.0,3812.26,210000.0
1753769312493,06:08:32.493,bitmex,ETH/USDT:USDT,3811.94,2000.0,3811.9,419000.0,3811.95,25000.0,3812.26,210000.0
1753769312581,06:08:32.581,bitmex,ETH/USDT:USDT,3811.94,2000.0,3811.9,419000.0,3811.95,25000.0,3812.26,210000.0
1753769312630,06:08:32.630,bitmex,ETH/USDT:USDT,3811.94,2000.0,3811.9,419000.0,3811.95,25000.0,3812.25,63000.0
1753769312679,06:08:32.679,bitmex,ETH/USDT:USDT,3811.94,2000.0,3811.9,419000.0,3811.95,25000.0,3812.26,210000.0
1753769312728,06:08:32.728,bitmex,ETH/USDT:USDT,3811.94,2000.0,3811.9,419000.0,3811.95,25000.0,3812.26,210000.0
1753769313337,06:08:33.337,bitmex,ETH/USDT:USDT,3811.94,2000.0,3811.9,419000.0,3812.26,210000.0,3812.44,95000.0
1753769313386,06:08:33.386,bitmex,ETH/USDT:USDT,3811.94,2000.0,3811.9,419000.0,3812.26,210000.0,3812.44,95000.0
1753769313540,06:08:33.540,bitmex,ETH/USDT:USDT,3811.94,2000.0,3811.9,419000.0,3812.26,210000.0,3812.44,95000.0
1753769313590,06:08:33.590,bitmex,ETH/USDT:USDT,3811.94,2000.0,3811.9,419000.0,3812.26,210000.0,3812.44,95000.0
1753769313731,06:08:33.731,bitmex,ETH/USDT:USDT,3811.94,2000.0,3811.9,419000.0,3812.26,210000.0,3812.44,95000.0
1753769313780,06:08:33.780,bitmex,ETH/USDT:USDT,3811.9,419000.0,3811.68,62000.0,3812.11,2000.0,3812.25,25000.0
1753769313829,06:08:33.829,bitmex,ETH/USDT:USDT,3811.9,419000.0,3811.68,62000.0,3812.05,2000.0,3812.26,210000.0
1753769313878,06:08:33.878,bitmex,ETH/USDT:USDT,3811.9,419000.0,3811.68,62000.0,3812.05,2000.0,3812.11,2000.0
1753769313927,06:08:33.927,bitmex,ETH/USDT:USDT,3811.9,419000.0,3811.68,62000.0,3811.91,2000.0,3812.03,25000.0
1753769313976,06:08:33.976,bitmex,ETH/USDT:USDT,3811.9,419000.0,3811.68,62000.0,3811.91,2000.0,3812.26,210000.0
1753769314025,06:08:34.025,bitmex,ETH/USDT:USDT,3811.9,419000.0,3811.68,62000.0,3812.05,2000.0,3812.26,210000.0
1753769314074,06:08:34.074,bitmex,ETH/USDT:USDT,3811.9,419000.0,3811.68,62000.0,3811.91,2000.0,3812.26,210000.0
1753769314123,06:08:34.123,bitmex,ETH/USDT:USDT,3812.1,2000.0,3811.9,419000.0,3812.26,210000.0,3812.44,95000.0
1753769314172,06:08:34.172,bitmex,ETH/USDT:USDT,3812.1,2000.0,3811.9,419000.0,3812.26,210000.0,3812.44,95000.0
1753769314221,06:08:34.221,bitmex,ETH/USDT:USDT,3811.9,419000.0,3811.68,62000.0,3812.26,210000.0,3812.44,95000.0
1753769314221,06:08:34.221,bitmex,ETH/USDT:USDT,3811.9,419000.0,3811.68,62000.0,3811.91,2000.0,3812.1,25000.0
1753769314270,06:08:34.270,bitmex,ETH/USDT:USDT,3811.9,419000.0,3811.68,62000.0,3811.91,2000.0,3812.26,210000.0
1753769314319,06:08:34.319,bitmex,ETH/USDT:USDT,3811.9,419000.0,3811.68,62000.0,3811.91,2000.0,3812.26,210000.0
1753769314368,06:08:34.368,bitmex,ETH/USDT:USDT,3811.9,419000.0,3811.68,62000.0,3811.91,2000.0,3812.26,210000.0
1753769314428,06:08:34.428,bitmex,ETH/USDT:USDT,3811.9,421000.0,3811.68,62000.0,3811.91,2000.0,3812.26,210000.0
1753769314477,06:08:34.477,bitmex,ETH/USDT:USDT,3811.9,419000.0,3811.68,62000.0,3812.05,2000.0,3812.26,210000.0
1753769314526,06:08:34.526,bitmex,ETH/USDT:USDT,3811.9,419000.0,3811.68,62000.0,3811.91,2000.0,3812.26,210000.0
1753769314592,06:08:34.592,bitmex,ETH/USDT:USDT,3811.9,421000.0,3811.68,62000.0,3811.91,2000.0,3812.26,210000.0
1753769314641,06:08:34.641,bitmex,ETH/USDT:USDT,3811.9,419000.0,3811.68,62000.0,3812.26,210000.0,3812.44,95000.0
1753769314641,06:08:34.641,bitmex,ETH/USDT:USDT,3811.9,419000.0,3811.68,62000.0,3811.91,2000.0,3812.26,210000.0
1753769314690,06:08:34.690,bitmex,ETH/USDT:USDT,3811.9,419000.0,3811.68,62000.0,3811.91,2000.0,3812.26,210000.0
1753769314739,06:08:34.739,bitmex,ETH/USDT:USDT,3811.9,421000.0,3811.68,62000.0,3812.1,210000.0,3812.44,95000.0
1753769314788,06:08:34.788,bitmex,ETH/USDT:USDT,3811.9,421000.0,3811.68,62000.0,3812.1,210000.0,3812.44,95000.0
1753769314837,06:08:34.837,bitmex,ETH/USDT:USDT,3811.9,419000.0,3811.68,62000.0,3812.09,25000.0,3812.1,210000.0
1753769314886,06:08:34.886,bitmex,ETH/USDT:USDT,3811.9,419000.0,3811.68,62000.0,3811.91,2000.0,3812.1,210000.0
1753769314935,06:08:34.935,bitmex,ETH/USDT:USDT,3811.9,419000.0,3811.68,62000.0,3812.1,210000.0,3812.44,95000.0
1753769314935,06:08:34.935,bitmex,ETH/USDT:USDT,3812.09,2000.0,3811.9,419000.0,3812.1,210000.0,3812.44,95000.0
1753769314984,06:08:34.984,bitmex,ETH/USDT:USDT,3811.9,419000.0,3811.68,62000.0,3812.09,25000.0,3812.1,210000.0
1753769315223,06:08:35.223,bitmex,ETH/USDT:USDT,3811.9,419000.0,3811.68,62000.0,3811.91,2000.0,3812.09,25000.0
1753769315272,06:08:35.272,bitmex,ETH/USDT:USDT,3811.9,419000.0,3811.68,62000.0,3811.91,2000.0,3812.1,210000.0
1753769315322,06:08:35.322,bitmex,ETH/USDT:USDT,3811.9,419000.0,3811.68,62000.0,3811.91,2000.0,3812.1,210000.0
1753769315372,06:08:35.372,bitmex,ETH/USDT:USDT,3811.9,419000.0,3811.68,62000.0,3811.91,2000.0,3812.1,210000.0
1753769315578,06:08:35.578,bitmex,ETH/USDT:USDT,3811.9,419000.0,3811.68,62000.0,3812.1,210000.0,3812.44,95000.0
1753769315628,06:08:35.628,bitmex,ETH/USDT:USDT,3811.9,419000.0,3811.68,62000.0,3812.1,212000.0,3812.44,95000.0
1753769315677,06:08:35.677,bitmex,ETH/USDT:USDT,3811.9,419000.0,3811.68,62000.0,3812.09,25000.0,3812.1,210000.0
1753769315726,06:08:35.726,bitmex,ETH/USDT:USDT,3811.9,419000.0,3811.68,62000.0,3812.09,25000.0,3812.1,210000.0
1753769315775,06:08:35.775,bitmex,ETH/USDT:USDT,3811.9,419000.0,3811.68,62000.0,3812.09,25000.0,3812.1,210000.0
1753769315824,06:08:35.824,bitmex,ETH/USDT:USDT,3811.9,419000.0,3811.68,62000.0,3812.09,25000.0,3812.1,210000.0
1753769315943,06:08:35.943,bitmex,ETH/USDT:USDT,3811.9,419000.0,3811.67,208000.0,3812.09,25000.0,3812.1,210000.0
1753769316041,06:08:36.041,bitmex,ETH/USDT:USDT,3811.67,208000.0,3811.49,95000.0,3812.08,25000.0,3812.1,210000.0
1753769316090,06:08:36.090,bitmex,ETH/USDT:USDT,3811.68,62000.0,3811.67,208000.0,3812.07,25000.0,3812.1,210000.0
1753769316139,06:08:36.139,bitmex,ETH/USDT:USDT,3811.69,418000.0,3811.68,62000.0,3812.06,25000.0,3812.1,210000.0
1753769316188,06:08:36.188,bitmex,ETH/USDT:USDT,3811.69,418000.0,3811.68,62000.0,3812.06,25000.0,3812.1,210000.0
1753769316286,06:08:36.286,bitmex,ETH/USDT:USDT,3811.69,418000.0,3811.68,62000.0,3812.06,25000.0,3812.1,210000.0
1753769316336,06:08:36.336,bitmex,ETH/USDT:USDT,3811.69,418000.0,3811.68,62000.0,3812.06,25000.0,3812.1,210000.0
1753769316385,06:08:36.385,bitmex,ETH/USDT:USDT,3811.68,62000.0,3811.67,208000.0,3812.05,25000.0,3812.1,210000.0
1753769316450,06:08:36.450,bitmex,ETH/USDT:USDT,3811.69,418000.0,3811.68,62000.0,3812.05,25000.0,3812.1,210000.0
1753769316500,06:08:36.500,bitmex,ETH/USDT:USDT,3811.7,17000.0,3811.69,418000.0,3812.05,25000.0,3812.1,210000.0
1753769316586,06:08:36.586,bitmex,ETH/USDT:USDT,3811.7,17000.0,3811.69,418000.0,3812.05,25000.0,3812.1,210000.0
1753769316636,06:08:36.636,bitmex,ETH/USDT:USDT,3811.7,17000.0,3811.69,418000.0,3812.05,25000.0,3812.1,210000.0
1753769317009,06:08:37.009,bitmex,ETH/USDT:USDT,3811.7,17000.0,3811.69,418000.0,3812.05,25000.0,3812.1,210000.0
1753769317058,06:08:37.058,bitmex,ETH/USDT:USDT,3811.7,205000.0,3811.69,418000.0,3812.05,25000.0,3812.1,210000.0
1753769317284,06:08:37.284,bitmex,ETH/USDT:USDT,3811.7,205000.0,3811.69,418000.0,3812.05,25000.0,3812.1,210000.0
1753769317334,06:08:37.334,bitmex,ETH/USDT:USDT,3811.7,205000.0,3811.69,418000.0,3812.05,25000.0,3812.1,210000.0
1753769317444,06:08:37.444,bitmex,ETH/USDT:USDT,3811.7,205000.0,3811.69,418000.0,3812.1,210000.0,3812.44,95000.0
1753769317895,06:08:37.895,bitmex,ETH/USDT:USDT,3811.7,205000.0,3811.69,418000.0,3812.1,210000.0,3812.44,95000.0
1753769317945,06:08:37.945,bitmex,ETH/USDT:USDT,3811.7,205000.0,3811.69,418000.0,3812.1,210000.0,3812.44,95000.0
1753769317994,06:08:37.994,bitmex,ETH/USDT:USDT,3811.7,205000.0,3811.69,418000.0,3812.1,210000.0,3812.44,95000.0
1753769318180,06:08:38.180,bitmex,ETH/USDT:USDT,3811.7,205000.0,3811.69,418000.0,3812.1,210000.0,3812.44,95000.0
1753769318229,06:08:38.229,bitmex,ETH/USDT:USDT,3811.7,205000.0,3811.69,418000.0,3812.1,210000.0,3812.44,95000.0
1753769318530,06:08:38.530,bitmex,ETH/USDT:USDT,3811.7,205000.0,3811.69,418000.0,3812.1,210000.0,3812.44,95000.0
1753769318579,06:08:38.579,bitmex,ETH/USDT:USDT,3811.7,205000.0,3811.69,418000.0,3812.1,210000.0,3812.44,95000.0
1753769318744,06:08:38.744,bitmex,ETH/USDT:USDT,3811.9,2000.0,3811.7,205000.0,3812.1,210000.0,3812.44,95000.0
1753769318793,06:08:38.793,bitmex,ETH/USDT:USDT,3811.9,2000.0,3811.7,188000.0,3812.1,210000.0,3812.44,95000.0
1753769318842,06:08:38.842,bitmex,ETH/USDT:USDT,3811.9,2000.0,3811.71,17000.0,3812.1,210000.0,3812.44,95000.0
1753769318891,06:08:38.891,bitmex,ETH/USDT:USDT,3811.91,2000.0,3811.71,17000.0,3812.1,210000.0,3812.44,95000.0
1753769318940,06:08:38.940,bitmex,ETH/USDT:USDT,3811.91,2000.0,3811.7,188000.0,3812.1,210000.0,3812.44,95000.0
1753769319045,06:08:39.045,bitmex,ETH/USDT:USDT,3811.91,2000.0,3811.7,188000.0,3812.1,210000.0,3812.44,95000.0
1753769319095,06:08:39.095,bitmex,ETH/USDT:USDT,3811.91,2000.0,3811.7,188000.0,3812.1,210000.0,3812.44,95000.0
1753769319239,06:08:39.239,bitmex,ETH/USDT:USDT,3811.7,188000.0,3811.69,418000.0,3812.1,210000.0,3812.44,95000.0
1753769319289,06:08:39.289,bitmex,ETH/USDT:USDT,3811.9,2000.0,3811.7,188000.0,3812.1,210000.0,3812.44,95000.0
1753769319338,06:08:39.338,bitmex,ETH/USDT:USDT,3811.9,2000.0,3811.71,17000.0,3812.1,210000.0,3812.44,95000.0
1753769319387,06:08:39.387,bitmex,ETH/USDT:USDT,3811.7,188000.0,3811.69,418000.0,3812.1,210000.0,3812.44,95000.0
1753769319387,06:08:39.387,bitmex,ETH/USDT:USDT,3811.91,2000.0,3811.7,188000.0,3812.1,210000.0,3812.44,95000.0
1753769319436,06:08:39.436,bitmex,ETH/USDT:USDT,3811.7,188000.0,3811.69,418000.0,3811.92,2000.0,3812.1,210000.0
1753769319485,06:08:39.485,bitmex,ETH/USDT:USDT,3811.9,2000.0,3811.7,188000.0,3812.1,210000.0,3812.44,95000.0
1753769319534,06:08:39.534,bitmex,ETH/USDT:USDT,3811.71,17000.0,3811.7,188000.0,3811.89,2000.0,3812.1,210000.0
1753769319583,06:08:39.583,bitmex,ETH/USDT:USDT,3811.91,2000.0,3811.71,17000.0,3812.09,25000.0,3812.1,210000.0
1753769319632,06:08:39.632,bitmex,ETH/USDT:USDT,3811.91,2000.0,3811.7,188000.0,3812.09,25000.0,3812.1,210000.0
1753769319728,06:08:39.728,bitmex,ETH/USDT:USDT,3811.7,188000.0,3811.69,418000.0,3812.09,25000.0,3812.1,210000.0
1753769319827,06:08:39.827,bitmex,ETH/USDT:USDT,3811.7,188000.0,3811.69,418000.0,3812.09,25000.0,3812.1,190000.0
1753769319876,06:08:39.876,bitmex,ETH/USDT:USDT,3811.9,2000.0,3811.71,17000.0,3812.1,190000.0,3812.44,95000.0
1753769319925,06:08:39.925,bitmex,ETH/USDT:USDT,3811.7,188000.0,3811.69,418000.0,3811.9,2000.0,3812.1,190000.0
1753769319974,06:08:39.974,bitmex,ETH/USDT:USDT,3811.91,2000.0,3811.71,17000.0,3812.1,190000.0,3812.44,95000.0
1753769320023,06:08:40.023,bitmex,ETH/USDT:USDT,3811.7,188000.0,3811.69,418000.0,3811.9,2000.0,3812.1,190000.0
1753769320072,06:08:40.072,bitmex,ETH/USDT:USDT,3811.71,17000.0,3811.7,188000.0,3812.1,190000.0,3812.44,95000.0
1753769320219,06:08:40.219,bitmex,ETH/USDT:USDT,3811.9,2000.0,3811.71,17000.0,3811.91,2000.0,3812.1,190000.0
1753769320268,06:08:40.268,bitmex,ETH/USDT:USDT,3811.91,2000.0,3811.71,17000.0,3812.1,190000.0,3812.44,95000.0
1753769320366,06:08:40.366,bitmex,ETH/USDT:USDT,3811.9,2000.0,3811.7,188000.0,3812.1,190000.0,3812.44,95000.0
1753769320415,06:08:40.415,bitmex,ETH/USDT:USDT,3811.9,2000.0,3811.7,188000.0,3812.1,190000.0,3812.44,95000.0
1753769320464,06:08:40.464,bitmex,ETH/USDT:USDT,3811.9,2000.0,3811.7,188000.0,3812.1,190000.0,3812.44,95000.0
1753769320513,06:08:40.513,bitmex,ETH/USDT:USDT,3811.9,2000.0,3811.7,188000.0,3812.1,190000.0,3812.44,95000.0
1753769320575,06:08:40.575,bitmex,ETH/USDT:USDT,3811.7,188000.0,3811.69,418000.0,3812.1,190000.0,3812.44,95000.0
1753769320624,06:08:40.624,bitmex,ETH/USDT:USDT,3811.7,188000.0,3811.69,418000.0,3811.91,2000.0,3812.1,190000.0
1753769320673,06:08:40.673,bitmex,ETH/USDT:USDT,3811.7,188000.0,3811.69,418000.0,3812.1,190000.0,3812.43,20000.0
1753769320673,06:08:40.673,bitmex,ETH/USDT:USDT,3811.7,188000.0,3811.69,418000.0,3811.91,2000.0,3812.1,190000.0
1753769320771,06:08:40.771,bitmex,ETH/USDT:USDT,3811.7,125000.0,3811.69,418000.0,3811.92,2000.0,3812.1,190000.0
1753769320820,06:08:40.820,bitmex,ETH/USDT:USDT,3811.7,17000.0,3811.69,418000.0,3812.1,190000.0,3812.23,95000.0
1753769320869,06:08:40.869,bitmex,ETH/USDT:USDT,3811.7,17000.0,3811.69,418000.0,3812.1,190000.0,3812.23,95000.0
1753769320918,06:08:40.918,bitmex,ETH/USDT:USDT,3811.7,17000.0,3811.69,418000.0,3812.1,190000.0,3812.24,318000.0
1753769320967,06:08:40.967,bitmex,ETH/USDT:USDT,3811.7,17000.0,3811.69,418000.0,3812.1,190000.0,3812.24,318000.0
1753769321016,06:08:41.016,bitmex,ETH/USDT:USDT,3811.7,17000.0,3811.69,418000.0,3812.1,190000.0,3812.24,318000.0
1753769321065,06:08:41.065,bitmex,ETH/USDT:USDT,3811.7,17000.0,3811.69,418000.0,3812.1,190000.0,3812.24,318000.0
1753769321298,06:08:41.298,bitmex,ETH/USDT:USDT,3811.7,17000.0,3811.69,418000.0,3812.1,190000.0,3812.24,318000.0
1753769321347,06:08:41.347,bitmex,ETH/USDT:USDT,3811.7,17000.0,3811.69,418000.0,3812.1,190000.0,3812.24,318000.0
1753769321407,06:08:41.407,bitmex,ETH/USDT:USDT,3811.7,17000.0,3811.69,418000.0,3812.1,190000.0,3812.24,318000.0
1753769321754,06:08:41.754,bitmex,ETH/USDT:USDT,3811.7,205000.0,3811.69,418000.0,3812.1,190000.0,3812.24,318000.0
1753769321885,06:08:41.885,bitmex,ETH/USDT:USDT,3811.7,205000.0,3811.69,418000.0,3812.1,190000.0,3812.24,318000.0
1753769321934,06:08:41.934,bitmex,ETH/USDT:USDT,3811.7,205000.0,3811.69,418000.0,3812.1,190000.0,3812.24,318000.0
1753769322008,06:08:42.008,bitmex,ETH/USDT:USDT,3811.7,205000.0,3811.69,418000.0,3812.1,190000.0,3812.24,318000.0
1753769322057,06:08:42.057,bitmex,ETH/USDT:USDT,3811.7,205000.0,3811.69,418000.0,3812.1,190000.0,3812.24,318000.0
1753769322106,06:08:42.106,bitmex,ETH/USDT:USDT,3811.7,205000.0,3811.69,418000.0,3812.1,190000.0,3812.24,318000.0
1753769322155,06:08:42.155,bitmex,ETH/USDT:USDT,3811.7,17000.0,3811.69,418000.0,3812.1,190000.0,3812.23,95000.0
1753769322204,06:08:42.204,bitmex,ETH/USDT:USDT,3811.69,418000.0,3811.61,208000.0,3812.09,25000.0,3812.1,190000.0
1753769322253,06:08:42.253,bitmex,ETH/USDT:USDT,3811.61,208000.0,3811.49,95000.0,3811.62,25000.0,3812.09,82000.0
1753769322302,06:08:42.302,bitmex,ETH/USDT:USDT,3811.61,208000.0,3811.49,95000.0,3811.62,25000.0,3812.09,82000.0
1753769322449,06:08:42.449,bitmex,ETH/USDT:USDT,3811.61,208000.0,3811.56,418000.0,3811.62,25000.0,3812.09,82000.0
1753769322498,06:08:42.498,bitmex,ETH/USDT:USDT,3811.61,208000.0,3811.56,418000.0,3811.62,25000.0,3812.09,82000.0
1753769322547,06:08:42.547,bitmex,ETH/USDT:USDT,3811.61,208000.0,3811.56,418000.0,3811.62,25000.0,3812.09,82000.0
1753769322596,06:08:42.596,bitmex,ETH/USDT:USDT,3811.61,208000.0,3811.56,418000.0,3811.62,25000.0,3812.08,20000.0
1753769322645,06:08:42.645,bitmex,ETH/USDT:USDT,3811.61,208000.0,3811.56,418000.0,3811.62,25000.0,3812.08,20000.0
1753769322701,06:08:42.701,bitmex,ETH/USDT:USDT,3811.61,208000.0,3811.56,418000.0,3811.62,25000.0,3812.08,20000.0
1753769322751,06:08:42.751,bitmex,ETH/USDT:USDT,3811.61,208000.0,3811.56,418000.0,3811.62,25000.0,3812.08,20000.0
1753769322800,06:08:42.800,bitmex,ETH/USDT:USDT,3811.61,208000.0,3811.56,418000.0,3811.62,25000.0,3812.08,20000.0
1753769322849,06:08:42.849,bitmex,ETH/USDT:USDT,3811.61,208000.0,3811.56,418000.0,3811.62,25000.0,3812.08,20000.0
1753769322849,06:08:42.849,bitmex,ETH/USDT:USDT,3811.61,208000.0,3811.56,418000.0,3811.62,25000.0,3812.08,20000.0
1753769322898,06:08:42.898,bitmex,ETH/USDT:USDT,3811.61,208000.0,3811.48,315000.0,3811.62,25000.0,3812.08,20000.0
1753769322947,06:08:42.947,bitmex,ETH/USDT:USDT,3811.61,208000.0,3811.48,315000.0,3811.62,25000.0,3812.08,20000.0
1753769323095,06:08:43.095,bitmex,ETH/USDT:USDT,3811.61,208000.0,3811.48,315000.0,3811.62,25000.0,3812.08,20000.0
1753769323145,06:08:43.145,bitmex,ETH/USDT:USDT,3811.61,208000.0,3811.48,315000.0,3811.62,25000.0,3812.08,20000.0
1753769323145,06:08:43.145,bitmex,ETH/USDT:USDT,3811.61,208000.0,3811.48,315000.0,3811.62,25000.0,3812.08,20000.0
1753769323238,06:08:43.238,bitmex,ETH/USDT:USDT,3811.61,208000.0,3811.48,315000.0,3812.08,20000.0,3812.09,82000.0
1753769323288,06:08:43.288,bitmex,ETH/USDT:USDT,3811.61,208000.0,3811.48,315000.0,3812.08,20000.0,3812.09,57000.0
1753769323337,06:08:43.337,bitmex,ETH/USDT:USDT,3811.61,208000.0,3811.48,315000.0,3812.09,57000.0,3812.1,190000.0
1753769323386,06:08:43.386,bitmex,ETH/USDT:USDT,3811.61,208000.0,3811.48,315000.0,3812.09,57000.0,3812.1,190000.0
1753769323513,06:08:43.513,bitmex,ETH/USDT:USDT,3811.61,208000.0,3811.48,315000.0,3812.09,57000.0,3812.1,190000.0
1753769323563,06:08:43.563,bitmex,ETH/USDT:USDT,3811.61,208000.0,3811.48,315000.0,3812.09,57000.0,3812.1,190000.0
1753769323612,06:08:43.612,bitmex,ETH/USDT:USDT,3811.48,315000.0,3811.4,418000.0,3811.49,25000.0,3812.09,57000.0
1753769323661,06:08:43.661,bitmex,ETH/USDT:USDT,3811.48,315000.0,3811.4,418000.0,3811.49,25000.0,3812.09,57000.0
1753769323710,06:08:43.710,bitmex,ETH/USDT:USDT,3811.48,315000.0,3811.4,418000.0,3811.49,25000.0,3812.09,57000.0
1753769323759,06:08:43.759,bitmex,ETH/USDT:USDT,3811.48,315000.0,3811.4,418000.0,3811.49,25000.0,3812.09,57000.0
1753769323808,06:08:43.808,bitmex,ETH/USDT:USDT,3811.48,315000.0,3811.4,418000.0,3811.49,25000.0,3812.09,57000.0
1753769323808,06:08:43.808,bitmex,ETH/USDT:USDT,3811.48,315000.0,3811.4,418000.0,3811.49,25000.0,3812.09,57000.0
1753769323857,06:08:43.857,bitmex,ETH/USDT:USDT,3811.49,17000.0,3811.48,315000.0,3812.08,25000.0,3812.09,57000.0
1753769323906,06:08:43.906,bitmex,ETH/USDT:USDT,3811.48,315000.0,3811.23,25000.0,3812.09,57000.0,3812.1,190000.0
1753769323906,06:08:43.906,bitmex,ETH/USDT:USDT,3811.48,315000.0,3811.23,25000.0,3811.87,25000.0,3812.09,57000.0
1753769323955,06:08:43.955,bitmex,ETH/USDT:USDT,3811.48,315000.0,3811.23,25000.0,3812.09,57000.0,3812.1,190000.0
1753769324055,06:08:44.055,bitmex,ETH/USDT:USDT,3811.48,315000.0,3811.32,133000.0,3812.09,57000.0,3812.1,190000.0
1753769324105,06:08:44.105,bitmex,ETH/USDT:USDT,3811.48,315000.0,3811.32,133000.0,3812.09,57000.0,3812.1,190000.0
1753769324154,06:08:44.154,bitmex,ETH/USDT:USDT,3811.48,315000.0,3811.31,418000.0,3812.09,57000.0,3812.1,190000.0
1753769324203,06:08:44.203,bitmex,ETH/USDT:USDT,3811.48,315000.0,3811.31,418000.0,3812.09,57000.0,3812.1,190000.0
1753769324252,06:08:44.252,bitmex,ETH/USDT:USDT,3811.48,315000.0,3811.31,418000.0,3812.09,57000.0,3812.1,190000.0
1753769324301,06:08:44.301,bitmex,ETH/USDT:USDT,3811.48,315000.0,3811.31,418000.0,3812.09,57000.0,3812.1,190000.0
1753769324350,06:08:44.350,bitmex,ETH/USDT:USDT,3811.48,315000.0,3811.31,418000.0,3812.09,57000.0,3812.1,190000.0
1753769324399,06:08:44.399,bitmex,ETH/USDT:USDT,3811.48,315000.0,3811.31,418000.0,3811.49,2000.0,3812.09,57000.0
1753769324448,06:08:44.448,bitmex,ETH/USDT:USDT,3811.48,315000.0,3811.31,418000.0,3812.09,57000.0,3812.1,190000.0
1753769324497,06:08:44.497,bitmex,ETH/USDT:USDT,3811.48,315000.0,3811.31,418000.0,3812.09,57000.0,3812.1,190000.0
1753769324547,06:08:44.547,bitmex,ETH/USDT:USDT,3811.48,315000.0,3811.31,418000.0,3812.09,57000.0,3812.1,190000.0
1753769324596,06:08:44.596,bitmex,ETH/USDT:USDT,3811.48,315000.0,3811.31,418000.0,3811.89,2000.0,3812.09,57000.0
1753769324645,06:08:44.645,bitmex,ETH/USDT:USDT,3811.48,315000.0,3811.31,418000.0,3811.89,2000.0,3812.09,57000.0
1753769324694,06:08:44.694,bitmex,ETH/USDT:USDT,3811.48,315000.0,3811.31,418000.0,3812.09,57000.0,3812.1,190000.0
1753769324743,06:08:44.743,bitmex,ETH/USDT:USDT,3811.48,315000.0,3811.31,418000.0,3812.09,57000.0,3812.1,190000.0
1753769324743,06:08:44.743,bitmex,ETH/USDT:USDT,3811.48,315000.0,3811.31,418000.0,3811.89,2000.0,3812.09,57000.0
1753769324792,06:08:44.792,bitmex,ETH/USDT:USDT,3811.48,317000.0,3811.31,418000.0,3811.89,2000.0,3812.09,57000.0
1753769324841,06:08:44.841,bitmex,ETH/USDT:USDT,3811.48,315000.0,3811.31,418000.0,3812.09,57000.0,3812.1,190000.0
1753769324841,06:08:44.841,bitmex,ETH/USDT:USDT,3811.48,315000.0,3811.31,418000.0,3811.49,25000.0,3811.89,2000.0
1753769324890,06:08:44.890,bitmex,ETH/USDT:USDT,3811.31,418000.0,3811.23,25000.0,3812.23,95000.0,3812.24,318000.0
1753769324890,06:08:44.890,bitmex,ETH/USDT:USDT,3811.31,418000.0,3811.23,25000.0,3811.87,57000.0,3811.88,190000.0
1753769324939,06:08:44.939,bitmex,ETH/USDT:USDT,3811.31,418000.0,3811.23,25000.0,3811.87,57000.0,3811.88,190000.0
1753769324988,06:08:44.988,bitmex,ETH/USDT:USDT,3811.31,418000.0,3811.23,25000.0,3811.87,57000.0,3811.88,190000.0
1753769325037,06:08:45.037,bitmex,ETH/USDT:USDT,3811.31,418000.0,3811.23,25000.0,3811.46,2000.0,3811.66,25000.0
1753769325086,06:08:45.086,bitmex,ETH/USDT:USDT,3811.31,418000.0,3811.23,25000.0,3811.66,25000.0,3811.67,2000.0
1753769325135,06:08:45.135,bitmex,ETH/USDT:USDT,3811.31,418000.0,3811.23,25000.0,3811.46,2000.0,3811.87,57000.0
1753769325184,06:08:45.184,bitmex,ETH/USDT:USDT,3811.31,418000.0,3811.23,25000.0,3811.87,57000.0,3811.88,190000.0
1753769325184,06:08:45.184,bitmex,ETH/USDT:USDT,3811.31,418000.0,3811.23,25000.0,3811.66,25000.0,3811.87,57000.0
1753769325233,06:08:45.233,bitmex,ETH/USDT:USDT,3811.23,25000.0,3810.89,95000.0,3811.46,2000.0,3811.87,57000.0
1753769325282,06:08:45.282,bitmex,ETH/USDT:USDT,3811.23,25000.0,3810.89,95000.0,3812.63,46000.0,3812.64,78000.0
1753769325282,06:08:45.282,bitmex,ETH/USDT:USDT,3811.32,2000.0,3811.23,25000.0,3811.34,2000.0,3811.53,57000.0
1753769325331,06:08:45.331,bitmex,ETH/USDT:USDT,3811.23,25000.0,3810.94,62000.0,3811.89,2000.0,3811.9,2000.0
1753769325380,06:08:45.380,bitmex,ETH/USDT:USDT,3811.26,2000.0,3811.23,25000.0,3812.11,57000.0,3812.12,190000.0
1753769325429,06:08:45.429,bitmex,ETH/USDT:USDT,3811.24,417000.0,3811.23,25000.0,3811.49,2000.0,3812.11,57000.0
1753769325478,06:08:45.478,bitmex,ETH/USDT:USDT,3811.24,417000.0,3811.23,25000.0,3812.61,46000.0,3812.62,78000.0
1753769325478,06:08:45.478,bitmex,ETH/USDT:USDT,3811.24,417000.0,3811.23,25000.0,3811.25,2000.0,3811.55,57000.0
1753769325527,06:08:45.527,bitmex,ETH/USDT:USDT,3811.24,417000.0,3811.23,25000.0,3811.25,2000.0,3811.44,190000.0
1753769325657,06:08:45.657,bitmex,ETH/USDT:USDT,3811.24,417000.0,3811.23,25000.0,3811.25,2000.0,3811.44,190000.0
1753769325739,06:08:45.739,bitmex,ETH/USDT:USDT,3811.24,419000.0,3811.23,25000.0,3811.25,2000.0,3811.44,190000.0
1753769325788,06:08:45.788,bitmex,ETH/USDT:USDT,3811.24,417000.0,3811.23,25000.0,3811.25,2000.0,3811.44,190000.0
1753769325843,06:08:45.843,bitmex,ETH/USDT:USDT,3811.24,417000.0,3811.23,25000.0,3811.44,190000.0,3812.16,87000.0
1753769325892,06:08:45.892,bitmex,ETH/USDT:USDT,3811.43,2000.0,3811.24,417000.0,3811.44,190000.0,3812.16,87000.0
1753769325941,06:08:45.941,bitmex,ETH/USDT:USDT,3811.43,2000.0,3811.24,417000.0,3811.44,190000.0,3812.16,87000.0
1753769326039,06:08:46.039,bitmex,ETH/USDT:USDT,3811.43,2000.0,3811.24,417000.0,3811.44,190000.0,3812.16,87000.0
1753769326088,06:08:46.088,bitmex,ETH/USDT:USDT,3811.24,417000.0,3811.23,25000.0,3811.25,2000.0,3811.44,190000.0
1753769326137,06:08:46.137,bitmex,ETH/USDT:USDT,3811.43,2000.0,3811.24,417000.0,3811.44,190000.0,3812.16,87000.0
1753769326309,06:08:46.309,bitmex,ETH/USDT:USDT,3811.43,2000.0,3811.24,417000.0,3811.44,192000.0,3812.16,87000.0
1753769326359,06:08:46.359,bitmex,ETH/USDT:USDT,3811.43,2000.0,3811.24,417000.0,3811.44,190000.0,3812.16,87000.0
1753769326408,06:08:46.408,bitmex,ETH/USDT:USDT,3811.24,417000.0,3811.23,25000.0,3811.25,2000.0,3811.44,190000.0
1753769326457,06:08:46.457,bitmex,ETH/USDT:USDT,3811.24,417000.0,3811.23,25000.0,3811.44,190000.0,3812.16,87000.0
1753769326457,06:08:46.457,bitmex,ETH/USDT:USDT,3811.24,417000.0,3811.23,25000.0,3811.44,190000.0,3812.16,87000.0
1753769326506,06:08:46.506,bitmex,ETH/USDT:USDT,3811.24,417000.0,3811.23,25000.0,3811.44,190000.0,3812.16,87000.0
1753769326577,06:08:46.577,bitmex,ETH/USDT:USDT,3811.24,417000.0,3811.23,25000.0,3811.44,190000.0,3812.16,87000.0
1753769326627,06:08:46.627,bitmex,ETH/USDT:USDT,3811.25,17000.0,3811.24,417000.0,3811.44,190000.0,3812.16,87000.0
1753769326701,06:08:46.701,bitmex,ETH/USDT:USDT,3811.25,17000.0,3811.24,417000.0,3811.44,190000.0,3812.16,87000.0
1753769326751,06:08:46.751,bitmex,ETH/USDT:USDT,3811.25,17000.0,3811.24,417000.0,3811.44,190000.0,3812.16,87000.0
1753769326751,06:08:46.751,bitmex,ETH/USDT:USDT,3811.25,17000.0,3811.24,417000.0,3811.44,190000.0,3812.16,87000.0
1753769326824,06:08:46.824,bitmex,ETH/USDT:USDT,3811.25,17000.0,3811.24,417000.0,3811.44,190000.0,3812.16,87000.0
1753769326873,06:08:46.873,bitmex,ETH/USDT:USDT,3811.25,17000.0,3811.24,417000.0,3811.44,190000.0,3812.16,87000.0
1753769326925,06:08:46.925,bitmex,ETH/USDT:USDT,3811.25,17000.0,3811.24,417000.0,3811.44,190000.0,3812.16,87000.0
1753769326974,06:08:46.974,bitmex,ETH/USDT:USDT,3811.24,417000.0,3811.23,25000.0,3811.44,190000.0,3812.16,87000.0
1753769327500,06:08:47.500,bitmex,ETH/USDT:USDT,3811.24,417000.0,3811.23,25000.0,3811.44,190000.0,3812.16,87000.0
1753769327654,06:08:47.654,bitmex,ETH/USDT:USDT,3811.24,417000.0,3811.23,25000.0,3811.44,190000.0,3812.16,87000.0
1753769327753,06:08:47.753,bitmex,ETH/USDT:USDT,3811.23,25000.0,3810.94,62000.0,3811.43,25000.0,3811.44,190000.0
1753769327802,06:08:47.802,bitmex,ETH/USDT:USDT,3811.23,25000.0,3810.94,62000.0,3811.43,25000.0,3811.44,190000.0
1753769327851,06:08:47.851,bitmex,ETH/USDT:USDT,3811.23,25000.0,3811.21,417000.0,3811.43,25000.0,3811.44,190000.0
1753769327967,06:08:47.967,bitmex,ETH/USDT:USDT,3811.23,25000.0,3811.21,417000.0,3811.44,190000.0,3812.16,87000.0
1753769328017,06:08:48.017,bitmex,ETH/USDT:USDT,3811.23,25000.0,3811.21,417000.0,3811.44,190000.0,3812.16,87000.0
1753769328066,06:08:48.066,bitmex,ETH/USDT:USDT,3811.23,25000.0,3811.21,417000.0,3811.44,190000.0,3812.16,87000.0
1753769328115,06:08:48.115,bitmex,ETH/USDT:USDT,3811.23,25000.0,3811.21,417000.0,3811.44,190000.0,3812.16,87000.0
1753769328164,06:08:48.164,bitmex,ETH/USDT:USDT,3811.23,25000.0,3811.21,417000.0,3811.44,190000.0,3812.16,87000.0
1753769328259,06:08:48.259,bitmex,ETH/USDT:USDT,3811.23,25000.0,3811.21,417000.0,3811.44,190000.0,3812.16,87000.0
1753769329006,06:08:49.006,bitmex,ETH/USDT:USDT,3811.23,19000.0,3811.21,417000.0,3811.44,190000.0,3812.16,87000.0
1753769329208,06:08:49.208,bitmex,ETH/USDT:USDT,3811.23,19000.0,3811.21,417000.0,3811.44,190000.0,3812.16,87000.0
1753769329258,06:08:49.258,bitmex,ETH/USDT:USDT,3811.23,19000.0,3811.21,417000.0,3811.44,190000.0,3812.16,87000.0
1753769329258,06:08:49.258,bitmex,ETH/USDT:USDT,3811.23,19000.0,3811.21,417000.0,3811.44,190000.0,3812.16,87000.0
1753769329307,06:08:49.307,bitmex,ETH/USDT:USDT,3811.43,2000.0,3811.23,19000.0,3811.44,190000.0,3812.16,87000.0
1753769329405,06:08:49.405,bitmex,ETH/USDT:USDT,3811.24,17000.0,3811.23,19000.0,3811.44,190000.0,3812.16,87000.0
1753769329454,06:08:49.454,bitmex,ETH/USDT:USDT,3811.23,19000.0,3811.21,417000.0,3811.44,190000.0,3812.16,87000.0
1753769329552,06:08:49.552,bitmex,ETH/USDT:USDT,3811.23,36000.0,3811.21,417000.0,3811.44,190000.0,3812.16,87000.0
1753769329601,06:08:49.601,bitmex,ETH/USDT:USDT,3811.23,19000.0,3811.21,417000.0,3811.24,2000.0,3811.44,190000.0
1753769329650,06:08:49.650,bitmex,ETH/USDT:USDT,3811.23,19000.0,3811.21,417000.0,3811.24,2000.0,3811.44,190000.0
1753769329699,06:08:49.699,bitmex,ETH/USDT:USDT,3811.23,19000.0,3811.21,417000.0,3811.44,190000.0,3811.63,318000.0
1753769329748,06:08:49.748,bitmex,ETH/USDT:USDT,3811.23,19000.0,3811.21,417000.0,3811.44,190000.0,3811.63,318000.0
1753769329799,06:08:49.799,bitmex,ETH/USDT:USDT,3811.23,19000.0,3811.21,417000.0,3811.24,2000.0,3811.44,190000.0
1753769329897,06:08:49.897,bitmex,ETH/USDT:USDT,3811.43,2000.0,3811.23,19000.0,3811.44,190000.0,3811.63,318000.0
1753769330006,06:08:50.006,bitmex,ETH/USDT:USDT,3811.43,2000.0,3811.23,19000.0,3811.44,190000.0,3811.63,318000.0
1753769330193,06:08:50.193,bitmex,ETH/USDT:USDT,3811.43,2000.0,3811.23,19000.0,3811.44,192000.0,3811.63,318000.0
1753769330243,06:08:50.243,bitmex,ETH/USDT:USDT,3811.43,2000.0,3811.23,36000.0,3811.44,190000.0,3811.63,318000.0
1753769330292,06:08:50.292,bitmex,ETH/USDT:USDT,3811.23,19000.0,3811.21,417000.0,3811.24,2000.0,3811.44,190000.0
1753769330341,06:08:50.341,bitmex,ETH/USDT:USDT,3811.23,19000.0,3811.22,125000.0,3811.44,190000.0,3811.63,318000.0
1753769330390,06:08:50.390,bitmex,ETH/USDT:USDT,3811.24,17000.0,3811.23,19000.0,3811.44,192000.0,3811.63,318000.0
1753769330439,06:08:50.439,bitmex,ETH/USDT:USDT,3811.24,17000.0,3811.23,19000.0,3811.44,192000.0,3811.63,318000.0
1753769330488,06:08:50.488,bitmex,ETH/USDT:USDT,3811.24,17000.0,3811.23,19000.0,3811.44,190000.0,3811.63,318000.0
1753769330537,06:08:50.537,bitmex,ETH/USDT:USDT,3811.43,2000.0,3811.24,17000.0,3811.44,190000.0,3811.63,318000.0
1753769330654,06:08:50.654,bitmex,ETH/USDT:USDT,3811.24,17000.0,3811.23,19000.0,3811.44,190000.0,3811.63,318000.0
1753769330704,06:08:50.704,bitmex,ETH/USDT:USDT,3811.43,2000.0,3811.23,19000.0,3811.44,190000.0,3811.63,318000.0
1753769330753,06:08:50.753,bitmex,ETH/USDT:USDT,3811.43,2000.0,3811.23,19000.0,3811.44,190000.0,3811.63,318000.0
1753769330851,06:08:50.851,bitmex,ETH/USDT:USDT,3811.43,2000.0,3811.23,19000.0,3811.44,190000.0,3811.63,318000.0
1753769330900,06:08:50.900,bitmex,ETH/USDT:USDT,3811.23,19000.0,3811.22,125000.0,3811.44,192000.0,3811.63,318000.0
1753769330949,06:08:50.949,bitmex,ETH/USDT:USDT,3811.43,2000.0,3811.24,17000.0,3811.44,190000.0,3811.63,318000.0
1753769330998,06:08:50.998,bitmex,ETH/USDT:USDT,3811.43,2000.0,3811.24,17000.0,3811.44,190000.0,3811.63,318000.0
1753769331047,06:08:51.047,bitmex,ETH/USDT:USDT,3811.23,19000.0,3811.22,125000.0,3811.44,192000.0,3811.63,318000.0
1753769331096,06:08:51.096,bitmex,ETH/USDT:USDT,3811.24,17000.0,3811.23,19000.0,3811.44,190000.0,3811.63,318000.0
1753769331145,06:08:51.145,bitmex,ETH/USDT:USDT,3811.23,19000.0,3811.22,125000.0,3811.44,192000.0,3811.63,318000.0
1753769331194,06:08:51.194,bitmex,ETH/USDT:USDT,3811.43,2000.0,3811.23,19000.0,3811.44,190000.0,3811.63,318000.0
1753769331243,06:08:51.243,bitmex,ETH/USDT:USDT,3811.43,2000.0,3811.23,19000.0,3811.44,190000.0,3811.63,318000.0
1753769331292,06:08:51.292,bitmex,ETH/USDT:USDT,3811.24,17000.0,3811.23,19000.0,3811.44,190000.0,3811.63,318000.0
1753769331341,06:08:51.341,bitmex,ETH/USDT:USDT,3811.23,19000.0,3811.22,125000.0,3811.44,190000.0,3811.63,318000.0
1753769331390,06:08:51.390,bitmex,ETH/USDT:USDT,3811.43,2000.0,3811.23,19000.0,3811.44,190000.0,3811.63,318000.0
1753769331439,06:08:51.439,bitmex,ETH/USDT:USDT,3811.23,36000.0,3811.22,125000.0,3811.44,190000.0,3811.63,318000.0
1753769331488,06:08:51.488,bitmex,ETH/USDT:USDT,3811.23,38000.0,3811.22,125000.0,3811.44,190000.0,3811.63,318000.0
1753769331537,06:08:51.537,bitmex,ETH/USDT:USDT,3811.23,36000.0,3811.22,125000.0,3811.44,190000.0,3811.63,318000.0
1753769331639,06:08:51.639,bitmex,ETH/USDT:USDT,3811.23,36000.0,3811.22,125000.0,3811.44,190000.0,3811.63,318000.0
1753769331688,06:08:51.688,bitmex,ETH/USDT:USDT,3811.23,36000.0,3811.22,125000.0,3811.44,190000.0,3811.63,318000.0
1753769331886,06:08:51.886,bitmex,ETH/USDT:USDT,3811.23,19000.0,3811.22,125000.0,3811.44,190000.0,3811.63,318000.0
1753769331936,06:08:51.936,bitmex,ETH/USDT:USDT,3811.23,19000.0,3811.21,417000.0,3811.44,190000.0,3811.63,318000.0
1753769331985,06:08:51.985,bitmex,ETH/USDT:USDT,3811.23,19000.0,3811.21,417000.0,3811.44,190000.0,3811.63,318000.0
1753769331985,06:08:51.985,bitmex,ETH/USDT:USDT,3811.23,19000.0,3811.21,417000.0,3811.44,190000.0,3811.62,95000.0
1753769332034,06:08:52.034,bitmex,ETH/USDT:USDT,3811.23,19000.0,3811.21,417000.0,3811.44,190000.0,3811.63,318000.0
1753769332083,06:08:52.083,bitmex,ETH/USDT:USDT,3811.23,19000.0,3811.21,417000.0,3811.44,190000.0,3811.62,95000.0
1753769332271,06:08:52.271,bitmex,ETH/USDT:USDT,3811.23,19000.0,3811.21,417000.0,3811.44,190000.0,3811.62,95000.0
1753769332320,06:08:52.320,bitmex,ETH/USDT:USDT,3811.23,19000.0,3811.21,417000.0,3811.44,190000.0,3811.63,318000.0
1753769332465,06:08:52.465,bitmex,ETH/USDT:USDT,3811.23,19000.0,3811.21,417000.0,3811.44,190000.0,3811.62,95000.0
1753769332891,06:08:52.891,bitmex,ETH/USDT:USDT,3811.23,19000.0,3811.21,417000.0,3811.44,190000.0,3811.62,95000.0
1753769332940,06:08:52.940,bitmex,ETH/USDT:USDT,3811.23,19000.0,3811.21,417000.0,3811.44,190000.0,3811.62,95000.0
1753769333230,06:08:53.230,bitmex,ETH/USDT:USDT,3811.23,19000.0,3811.21,417000.0,3811.44,190000.0,3811.62,95000.0
1753769333280,06:08:53.280,bitmex,ETH/USDT:USDT,3811.23,19000.0,3811.21,417000.0,3811.44,190000.0,3811.62,95000.0
1753769333427,06:08:53.427,bitmex,ETH/USDT:USDT,3811.23,19000.0,3810.94,62000.0,3811.44,190000.0,3811.62,95000.0
1753769333477,06:08:53.477,bitmex,ETH/USDT:USDT,3811.23,19000.0,3810.93,208000.0,3811.24,25000.0,3811.43,57000.0
1753769333527,06:08:53.527,bitmex,ETH/USDT:USDT,3811.23,19000.0,3810.93,208000.0,3811.24,25000.0,3811.43,57000.0
1753769333576,06:08:53.576,bitmex,ETH/USDT:USDT,3810.74,315000.0,3810.41,571000.0,3811.43,57000.0,3811.44,190000.0
1753769333625,06:08:53.625,bitmex,ETH/USDT:USDT,3810.85,208000.0,3810.74,315000.0,3810.86,25000.0,3811.43,57000.0
1753769333675,06:08:53.675,bitmex,ETH/USDT:USDT,3810.85,208000.0,3810.74,315000.0,3810.86,25000.0,3811.43,57000.0
1753769333724,06:08:53.724,bitmex,ETH/USDT:USDT,3810.85,208000.0,3810.74,315000.0,3811.43,57000.0,3811.44,190000.0
1753769333773,06:08:53.773,bitmex,ETH/USDT:USDT,3810.85,208000.0,3810.74,315000.0,3811.43,57000.0,3811.44,190000.0
1753769333969,06:08:53.969,bitmex,ETH/USDT:USDT,3810.85,208000.0,3810.74,315000.0,3811.43,57000.0,3811.44,190000.0
1753769334018,06:08:54.018,bitmex,ETH/USDT:USDT,3810.85,208000.0,3810.74,315000.0,3811.43,57000.0,3811.44,190000.0
1753769334067,06:08:54.067,bitmex,ETH/USDT:USDT,3810.85,208000.0,3810.74,315000.0,3811.43,57000.0,3811.44,190000.0
1753769334165,06:08:54.165,bitmex,ETH/USDT:USDT,3810.85,208000.0,3810.74,315000.0,3811.43,57000.0,3811.44,190000.0
1753769334165,06:08:54.165,bitmex,ETH/USDT:USDT,3810.85,208000.0,3810.74,315000.0,3811.43,57000.0,3811.44,190000.0
1753769334214,06:08:54.214,bitmex,ETH/USDT:USDT,3810.85,208000.0,3810.74,315000.0,3811.23,2000.0,3811.43,57000.0
1753769334264,06:08:54.264,bitmex,ETH/USDT:USDT,3810.85,208000.0,3810.74,315000.0,3811.43,57000.0,3811.44,190000.0
1753769334313,06:08:54.313,bitmex,ETH/USDT:USDT,3810.85,208000.0,3810.74,315000.0,3811.43,57000.0,3811.44,190000.0
1753769334411,06:08:54.411,bitmex,ETH/USDT:USDT,3810.85,208000.0,3810.74,315000.0,3811.23,2000.0,3811.43,57000.0
1753769334461,06:08:54.461,bitmex,ETH/USDT:USDT,3810.85,208000.0,3810.74,315000.0,3811.42,20000.0,3811.43,57000.0
1753769334559,06:08:54.559,bitmex,ETH/USDT:USDT,3810.85,208000.0,3810.74,315000.0,3811.42,20000.0,3811.43,57000.0
1753769334609,06:08:54.609,bitmex,ETH/USDT:USDT,3810.58,416000.0,3810.16,208000.0,3811.22,2000.0,3811.33,190000.0
1753769334756,06:08:54.756,bitmex,ETH/USDT:USDT,3810.58,416000.0,3810.17,62000.0,3811.11,25000.0,3811.12,2000.0
1753769334805,06:08:54.805,bitmex,ETH/USDT:USDT,3810.69,2000.0,3810.58,416000.0,3811.32,57000.0,3811.33,190000.0
1753769334854,06:08:54.854,bitmex,ETH/USDT:USDT,3810.69,2000.0,3810.58,416000.0,3811.32,57000.0,3811.33,190000.0
1753769334903,06:08:54.903,bitmex,ETH/USDT:USDT,3810.39,17000.0,3810.17,62000.0,3810.69,2000.0,3811.32,57000.0
1753769334952,06:08:54.952,bitmex,ETH/USDT:USDT,3810.18,17000.0,3810.17,62000.0,3810.9,25000.0,3810.91,25000.0
1753769335001,06:08:55.001,bitmex,ETH/USDT:USDT,3810.2,210000.0,3810.19,417000.0,3810.89,25000.0,3810.93,57000.0
1753769335094,06:08:55.094,bitmex,ETH/USDT:USDT,3810.2,210000.0,3810.19,417000.0,3810.89,25000.0,3810.93,57000.0
1753769335234,06:08:55.234,bitmex,ETH/USDT:USDT,3810.2,210000.0,3810.19,417000.0,3810.89,25000.0,3810.93,57000.0
1753769335284,06:08:55.284,bitmex,ETH/USDT:USDT,3810.2,210000.0,3810.19,417000.0,3810.89,25000.0,3810.93,57000.0
1753769335333,06:08:55.333,bitmex,ETH/USDT:USDT,3810.2,210000.0,3810.19,417000.0,3810.89,25000.0,3810.93,57000.0
1753769335382,06:08:55.382,bitmex,ETH/USDT:USDT,3810.2,210000.0,3810.19,417000.0,3810.69,2000.0,3810.93,57000.0
1753769335431,06:08:55.431,bitmex,ETH/USDT:USDT,3810.2,193000.0,3810.19,417000.0,3810.73,2000.0,3810.93,57000.0
1753769335480,06:08:55.480,bitmex,ETH/USDT:USDT,3810.21,17000.0,3810.2,193000.0,3810.93,57000.0,3810.94,190000.0
1753769335578,06:08:55.578,bitmex,ETH/USDT:USDT,3810.41,2000.0,3810.2,193000.0,3810.56,190000.0,3810.75,318000.0
1753769335643,06:08:55.643,bitmex,ETH/USDT:USDT,3810.41,2000.0,3810.2,193000.0,3810.56,190000.0,3810.75,318000.0
1753769335693,06:08:55.693,bitmex,ETH/USDT:USDT,3810.41,2000.0,3810.2,193000.0,3810.56,190000.0,3810.75,318000.0
1753769335742,06:08:55.742,bitmex,ETH/USDT:USDT,3810.41,2000.0,3810.2,193000.0,3810.56,190000.0,3810.75,318000.0
1753769335742,06:08:55.742,bitmex,ETH/USDT:USDT,3810.41,2000.0,3810.2,193000.0,3810.56,190000.0,3810.75,318000.0
1753769335888,06:08:55.888,bitmex,ETH/USDT:USDT,3810.41,2000.0,3810.2,193000.0,3810.42,2000.0,3810.56,190000.0
1753769335938,06:08:55.938,bitmex,ETH/USDT:USDT,3810.2,193000.0,3810.19,417000.0,3810.56,190000.0,3810.75,318000.0
1753769335938,06:08:55.938,bitmex,ETH/USDT:USDT,3810.41,2000.0,3810.2,193000.0,3810.56,190000.0,3810.75,318000.0
1753769335987,06:08:55.987,bitmex,ETH/USDT:USDT,3810.41,2000.0,3810.2,193000.0,3810.56,190000.0,3810.75,318000.0
1753769336036,06:08:56.036,bitmex,ETH/USDT:USDT,3810.2,193000.0,3810.19,417000.0,3810.56,190000.0,3810.75,318000.0
1753769336036,06:08:56.036,bitmex,ETH/USDT:USDT,3810.21,17000.0,3810.2,193000.0,3810.42,2000.0,3810.56,190000.0
1753769336085,06:08:56.085,bitmex,ETH/USDT:USDT,3810.41,2000.0,3810.2,193000.0,3810.56,190000.0,3810.75,318000.0
1753769336135,06:08:56.135,bitmex,ETH/USDT:USDT,3810.41,2000.0,3810.2,193000.0,3810.56,190000.0,3810.75,318000.0
1753769336135,06:08:56.135,bitmex,ETH/USDT:USDT,3810.41,2000.0,3810.2,193000.0,3810.56,190000.0,3810.75,318000.0
1753769336184,06:08:56.184,bitmex,ETH/USDT:USDT,3810.2,193000.0,3810.19,417000.0,3810.42,2000.0,3810.56,190000.0
1753769336233,06:08:56.233,bitmex,ETH/USDT:USDT,3810.41,2000.0,3810.2,193000.0,3810.56,190000.0,3810.75,318000.0
1753769336282,06:08:56.282,bitmex,ETH/USDT:USDT,3810.21,17000.0,3810.2,193000.0,3810.42,2000.0,3810.56,190000.0
1753769336331,06:08:56.331,bitmex,ETH/USDT:USDT,3810.41,2000.0,3810.2,193000.0,3810.56,190000.0,3810.75,318000.0
1753769336380,06:08:56.380,bitmex,ETH/USDT:USDT,3810.4,2000.0,3810.21,17000.0,3810.56,190000.0,3810.75,318000.0
1753769336429,06:08:56.429,bitmex,ETH/USDT:USDT,3810.4,2000.0,3810.21,20000.0,3810.56,190000.0,3810.75,318000.0
1753769336479,06:08:56.479,bitmex,ETH/USDT:USDT,3810.42,2000.0,3810.21,20000.0,3810.56,190000.0,3810.75,318000.0
1753769336528,06:08:56.528,bitmex,ETH/USDT:USDT,3810.42,2000.0,3810.21,20000.0,3810.56,190000.0,3810.75,318000.0
1753769336577,06:08:56.577,bitmex,ETH/USDT:USDT,3810.21,20000.0,3810.2,193000.0,3810.36,2000.0,3810.56,190000.0
1753769336626,06:08:56.626,bitmex,ETH/USDT:USDT,3810.41,2000.0,3810.21,20000.0,3810.56,190000.0,3810.75,318000.0
1753769336676,06:08:56.676,bitmex,ETH/USDT:USDT,3810.17,62000.0,3810.16,208000.0,3810.22,25000.0,3810.35,25000.0
1753769336726,06:08:56.726,bitmex,ETH/USDT:USDT,3809.91,62000.0,3809.9,208000.0,3810.46,25000.0,3810.47,190000.0
1753769336824,06:08:56.824,bitmex,ETH/USDT:USDT,3810.06,17000.0,3809.91,62000.0,3810.47,190000.0,3810.74,95000.0
1753769336873,06:08:56.873,bitmex,ETH/USDT:USDT,3809.91,62000.0,3809.9,208000.0,3810.46,25000.0,3810.47,190000.0
1753769337020,06:08:57.020,bitmex,ETH/USDT:USDT,3809.91,416000.0,3809.9,208000.0,3810.06,2000.0,3810.26,25000.0
1753769337069,06:08:57.069,bitmex,ETH/USDT:USDT,3809.91,416000.0,3809.9,208000.0,3810.06,2000.0,3810.47,190000.0
1753769337118,06:08:57.118,bitmex,ETH/USDT:USDT,3809.91,416000.0,3809.9,208000.0,3810.47,190000.0,3810.74,95000.0
1753769337167,06:08:57.167,bitmex,ETH/USDT:USDT,3809.91,416000.0,3809.9,208000.0,3810.47,190000.0,3810.74,95000.0
1753769337216,06:08:57.216,bitmex,ETH/USDT:USDT,3809.91,416000.0,3809.9,208000.0,3810.45,25000.0,3810.46,57000.0
1753769337265,06:08:57.265,bitmex,ETH/USDT:USDT,3809.91,416000.0,3809.9,208000.0,3810.45,25000.0,3810.46,57000.0
1753769337315,06:08:57.315,bitmex,ETH/USDT:USDT,3809.91,416000.0,3809.9,208000.0,3810.45,25000.0,3810.46,57000.0
1753769337364,06:08:57.364,bitmex,ETH/USDT:USDT,3809.91,416000.0,3809.9,208000.0,3810.45,25000.0,3810.46,57000.0
1753769337511,06:08:57.511,bitmex,ETH/USDT:USDT,3809.91,416000.0,3809.9,208000.0,3810.45,25000.0,3810.46,57000.0
1753769337581,06:08:57.581,bitmex,ETH/USDT:USDT,3809.91,416000.0,3809.9,208000.0,3810.45,25000.0,3810.46,57000.0
1753769337630,06:08:57.630,bitmex,ETH/USDT:USDT,3809.91,416000.0,3809.9,208000.0,3810.45,25000.0,3810.46,57000.0
1753769337679,06:08:57.679,bitmex,ETH/USDT:USDT,3809.91,416000.0,3809.9,208000.0,3810.45,25000.0,3810.46,57000.0
1753769337728,06:08:57.728,bitmex,ETH/USDT:USDT,3809.91,416000.0,3809.9,208000.0,3810.45,25000.0,3810.46,57000.0
1753769337826,06:08:57.826,bitmex,ETH/USDT:USDT,3809.9,208000.0,3809.84,524000.0,3810.44,25000.0,3810.45,25000.0
1753769337875,06:08:57.875,bitmex,ETH/USDT:USDT,3809.9,208000.0,3809.84,524000.0,3810.44,25000.0,3810.46,57000.0
1753769337973,06:08:57.973,bitmex,ETH/USDT:USDT,3809.9,208000.0,3809.84,524000.0,3810.44,25000.0,3810.46,57000.0
1753769338022,06:08:58.022,bitmex,ETH/USDT:USDT,3809.91,416000.0,3809.9,208000.0,3810.43,25000.0,3810.46,57000.0
1753769338071,06:08:58.071,bitmex,ETH/USDT:USDT,3809.91,416000.0,3809.9,208000.0,3810.43,25000.0,3810.46,57000.0
1753769338120,06:08:58.120,bitmex,ETH/USDT:USDT,3809.91,416000.0,3809.9,208000.0,3810.43,25000.0,3810.46,57000.0
1753769338169,06:08:58.169,bitmex,ETH/USDT:USDT,3809.91,416000.0,3809.9,208000.0,3810.43,25000.0,3810.46,57000.0
1753769338218,06:08:58.218,bitmex,ETH/USDT:USDT,3809.91,416000.0,3809.9,208000.0,3810.43,25000.0,3810.46,57000.0
1753769338290,06:08:58.290,bitmex,ETH/USDT:USDT,3809.91,416000.0,3809.9,208000.0,3810.43,25000.0,3810.46,57000.0
1753769338339,06:08:58.339,bitmex,ETH/USDT:USDT,3809.91,416000.0,3809.9,208000.0,3810.43,25000.0,3810.46,57000.0
1753769338418,06:08:58.418,bitmex,ETH/USDT:USDT,3809.91,416000.0,3809.9,208000.0,3810.43,25000.0,3810.46,57000.0
1753769338467,06:08:58.467,bitmex,ETH/USDT:USDT,3809.91,416000.0,3809.9,208000.0,3810.43,25000.0,3810.46,57000.0
1753769338516,06:08:58.516,bitmex,ETH/USDT:USDT,3809.91,416000.0,3809.9,208000.0,3810.43,25000.0,3810.46,57000.0
1753769338565,06:08:58.565,bitmex,ETH/USDT:USDT,3809.91,416000.0,3809.9,208000.0,3810.43,25000.0,3810.46,57000.0
1753769338688,06:08:58.688,bitmex,ETH/USDT:USDT,3809.91,416000.0,3809.9,208000.0,3810.43,25000.0,3810.46,57000.0
1753769338737,06:08:58.737,bitmex,ETH/USDT:USDT,3809.91,433000.0,3809.9,208000.0,3810.43,25000.0,3810.46,57000.0
1753769338787,06:08:58.787,bitmex,ETH/USDT:USDT,3809.91,433000.0,3809.9,208000.0,3810.43,25000.0,3810.46,57000.0
1753769338836,06:08:58.836,bitmex,ETH/USDT:USDT,3809.91,433000.0,3809.9,208000.0,3810.43,25000.0,3810.46,57000.0
1753769338836,06:08:58.836,bitmex,ETH/USDT:USDT,3809.91,433000.0,3809.9,208000.0,3810.43,25000.0,3810.46,57000.0
1753769338944,06:08:58.944,bitmex,ETH/USDT:USDT,3809.91,416000.0,3809.9,208000.0,3810.46,57000.0,3810.47,190000.0
1753769339014,06:08:59.014,bitmex,ETH/USDT:USDT,3809.91,433000.0,3809.9,208000.0,3810.46,57000.0,3810.47,190000.0
1753769339117,06:08:59.117,bitmex,ETH/USDT:USDT,3809.91,433000.0,3809.9,208000.0,3810.46,57000.0,3810.47,190000.0
1753769339167,06:08:59.167,bitmex,ETH/USDT:USDT,3809.91,433000.0,3809.9,208000.0,3810.05,2000.0,3810.46,57000.0
1753769339216,06:08:59.216,bitmex,ETH/USDT:USDT,3809.91,416000.0,3809.9,208000.0,3810.45,25000.0,3810.46,57000.0
1753769339265,06:08:59.265,bitmex,ETH/USDT:USDT,3809.91,416000.0,3809.9,208000.0,3810.45,25000.0,3810.46,57000.0
1753769339330,06:08:59.330,bitmex,ETH/USDT:USDT,3809.91,416000.0,3809.9,208000.0,3810.25,2000.0,3810.45,25000.0
1753769339379,06:08:59.379,bitmex,ETH/USDT:USDT,3809.91,416000.0,3809.9,208000.0,3810.24,25000.0,3810.46,57000.0
1753769339428,06:08:59.428,bitmex,ETH/USDT:USDT,3810.11,2000.0,3809.91,416000.0,3810.24,25000.0,3810.46,57000.0
1753769339477,06:08:59.477,bitmex,ETH/USDT:USDT,3810.11,2000.0,3809.92,187000.0,3810.24,25000.0,3810.46,57000.0
1753769339551,06:08:59.551,bitmex,ETH/USDT:USDT,3810.11,2000.0,3809.92,187000.0,3810.12,2000.0,3810.24,25000.0
1753769339600,06:08:59.600,bitmex,ETH/USDT:USDT,3809.92,187000.0,3809.91,416000.0,3810.23,25000.0,3810.24,25000.0
1753769339649,06:08:59.649,bitmex,ETH/USDT:USDT,3809.92,187000.0,3809.91,416000.0,3810.24,25000.0,3810.46,57000.0
1753769339698,06:08:59.698,bitmex,ETH/USDT:USDT,3809.93,17000.0,3809.92,187000.0,3810.23,25000.0,3810.46,57000.0
1753769339747,06:08:59.747,bitmex,ETH/USDT:USDT,3809.93,17000.0,3809.92,187000.0,3810.46,57000.0,3810.47,190000.0
1753769339796,06:08:59.796,bitmex,ETH/USDT:USDT,3810.13,2000.0,3809.93,17000.0,3810.25,25000.0,3810.46,57000.0
1753769339845,06:08:59.845,bitmex,ETH/USDT:USDT,3810.04,17000.0,3809.93,17000.0,3810.47,190000.0,3810.74,95000.0
1753769339894,06:08:59.894,bitmex,ETH/USDT:USDT,3810.45,2000.0,3810.25,17000.0,3810.47,190000.0,3810.75,318000.0
1753769339943,06:08:59.943,bitmex,ETH/USDT:USDT,3809.97,2888000.0,3809.93,17000.0,3810.47,190000.0,3810.75,318000.0
1753769339992,06:08:59.992,bitmex,ETH/USDT:USDT,3809.98,1059000.0,3809.97,2888000.0,3810.45,25000.0,3810.46,25000.0
1753769340041,06:09:00.041,bitmex,ETH/USDT:USDT,3809.99,17000.0,3809.98,187000.0,3810.44,25000.0,3810.47,190000.0
1753769340090,06:09:00.090,bitmex,ETH/USDT:USDT,3809.99,17000.0,3809.98,187000.0,3810.44,25000.0,3810.47,190000.0
1753769340139,06:09:00.139,bitmex,ETH/USDT:USDT,3809.99,17000.0,3809.98,187000.0,3810.44,25000.0,3810.47,190000.0
1753769340188,06:09:00.188,bitmex,ETH/USDT:USDT,3809.99,17000.0,3809.98,187000.0,3810.44,25000.0,3810.47,190000.0
1753769340237,06:09:00.237,bitmex,ETH/USDT:USDT,3809.99,17000.0,3809.98,187000.0,3810.44,25000.0,3810.47,190000.0
1753769340286,06:09:00.286,bitmex,ETH/USDT:USDT,3809.99,17000.0,3809.98,187000.0,3810.44,25000.0,3810.47,190000.0
1753769340409,06:09:00.409,bitmex,ETH/USDT:USDT,3809.99,17000.0,3809.98,187000.0,3810.24,2000.0,3810.44,25000.0
1753769340459,06:09:00.459,bitmex,ETH/USDT:USDT,3809.99,17000.0,3809.98,187000.0,3810.45,25000.0,3810.47,190000.0
1753769340508,06:09:00.508,bitmex,ETH/USDT:USDT,3810.19,2000.0,3809.99,17000.0,3810.45,25000.0,3810.47,190000.0
1753769340557,06:09:00.557,bitmex,ETH/USDT:USDT,3809.99,17000.0,3809.98,187000.0,3810.43,25000.0,3810.47,190000.0
1753769340606,06:09:00.606,bitmex,ETH/USDT:USDT,3809.99,17000.0,3809.98,187000.0,3810.47,190000.0,3810.74,95000.0
1753769340655,06:09:00.655,bitmex,ETH/USDT:USDT,3809.99,17000.0,3809.98,187000.0,3810.47,190000.0,3810.74,95000.0
1753769340733,06:09:00.733,bitmex,ETH/USDT:USDT,3809.99,17000.0,3809.98,187000.0,3810.47,190000.0,3810.74,95000.0
1753769340782,06:09:00.782,bitmex,ETH/USDT:USDT,3809.99,17000.0,3809.98,187000.0,3810.47,190000.0,3810.74,95000.0
1753769340858,06:09:00.858,bitmex,ETH/USDT:USDT,3809.99,17000.0,3809.98,187000.0,3810.47,190000.0,3810.74,95000.0
1753769340908,06:09:00.908,bitmex,ETH/USDT:USDT,3810.19,2000.0,3809.99,17000.0,3810.47,190000.0,3810.74,95000.0
1753769340957,06:09:00.957,bitmex,ETH/USDT:USDT,3809.99,17000.0,3809.98,187000.0,3810.44,25000.0,3810.47,190000.0
1753769341031,06:09:01.031,bitmex,ETH/USDT:USDT,3809.99,17000.0,3809.98,187000.0,3810.44,25000.0,3810.47,190000.0
1753769341080,06:09:01.080,bitmex,ETH/USDT:USDT,3809.99,17000.0,3809.98,187000.0,3810.24,2000.0,3810.47,190000.0
1753769341129,06:09:01.129,bitmex,ETH/USDT:USDT,3809.98,187000.0,3809.91,416000.0,3810.47,190000.0,3810.74,95000.0
1753769341129,06:09:01.129,bitmex,ETH/USDT:USDT,3809.99,17000.0,3809.98,187000.0,3810.44,25000.0,3810.47,190000.0
1753769341178,06:09:01.178,bitmex,ETH/USDT:USDT,3809.99,17000.0,3809.98,187000.0,3810.44,25000.0,3810.47,190000.0
1753769341227,06:09:01.227,bitmex,ETH/USDT:USDT,3809.99,17000.0,3809.98,187000.0,3810.47,190000.0,3810.75,318000.0
1753769341286,06:09:01.286,bitmex,ETH/USDT:USDT,3809.99,17000.0,3809.98,187000.0,3810.46,25000.0,3810.47,190000.0
1753769341336,06:09:01.336,bitmex,ETH/USDT:USDT,3809.91,17000.0,3809.9,208000.0,3810.23,25000.0,3810.46,57000.0
1753769341385,06:09:01.385,bitmex,ETH/USDT:USDT,3809.91,17000.0,3809.9,208000.0,3810.23,25000.0,3810.47,190000.0
1753769341385,06:09:01.385,bitmex,ETH/USDT:USDT,3810.11,2000.0,3809.91,79000.0,3810.23,25000.0,3810.47,190000.0
1753769341434,06:09:01.434,bitmex,ETH/USDT:USDT,3809.93,192000.0,3809.92,416000.0,3810.27,2000.0,3810.46,25000.0
1753769341483,06:09:01.483,bitmex,ETH/USDT:USDT,3809.93,192000.0,3809.92,416000.0,3810.35,27000.0,3810.47,190000.0
1753769341532,06:09:01.532,bitmex,ETH/USDT:USDT,3809.94,17000.0,3809.93,192000.0,3810.35,25000.0,3810.47,190000.0
1753769341603,06:09:01.603,bitmex,ETH/USDT:USDT,3809.94,17000.0,3809.93,192000.0,3810.35,25000.0,3810.47,190000.0
1753769341653,06:09:01.653,bitmex,ETH/USDT:USDT,3810.15,17000.0,3810.14,2000.0,3810.26,2000.0,3810.46,25000.0
1753769341702,06:09:01.702,bitmex,ETH/USDT:USDT,3810.13,2000.0,3809.93,192000.0,3810.37,190000.0,3810.56,318000.0
1753769341751,06:09:01.751,bitmex,ETH/USDT:USDT,3810.34,2000.0,3809.93,192000.0,3810.37,190000.0,3810.56,318000.0
1753769341800,06:09:01.800,bitmex,ETH/USDT:USDT,3810.36,19000.0,3809.93,192000.0,3810.37,190000.0,3810.56,318000.0
1753769341898,06:09:01.898,bitmex,ETH/USDT:USDT,3810.36,19000.0,3809.93,192000.0,3810.37,190000.0,3810.56,318000.0
1753769342106,06:09:02.106,bitmex,ETH/USDT:USDT,3810.36,19000.0,3809.93,192000.0,3810.37,190000.0,3810.56,318000.0
1753769342155,06:09:02.155,bitmex,ETH/USDT:USDT,3810.36,19000.0,3809.93,192000.0,3810.37,190000.0,3810.56,318000.0
1753769342253,06:09:02.253,bitmex,ETH/USDT:USDT,3810.36,17000.0,3809.93,192000.0,3810.37,192000.0,3810.56,318000.0
1753769342364,06:09:02.364,bitmex,ETH/USDT:USDT,3810.14,2000.0,3809.94,17000.0,3810.35,25000.0,3810.37,190000.0
1753769342413,06:09:02.413,bitmex,ETH/USDT:USDT,3809.93,192000.0,3809.92,416000.0,3810.37,190000.0,3810.55,95000.0
1753769342462,06:09:02.462,bitmex,ETH/USDT:USDT,3809.93,192000.0,3809.92,416000.0,3810.37,190000.0,3810.55,95000.0
1753769342561,06:09:02.561,bitmex,ETH/USDT:USDT,3809.94,2000.0,3809.92,416000.0,3810.36,57000.0,3810.37,190000.0
1753769342610,06:09:02.610,bitmex,ETH/USDT:USDT,3809.9,208000.0,3809.72,95000.0,3810.35,25000.0,3810.36,57000.0
1753769342659,06:09:02.659,bitmex,ETH/USDT:USDT,3809.9,208000.0,3809.72,95000.0,3810.35,25000.0,3810.36,57000.0
1753769342762,06:09:02.762,bitmex,ETH/USDT:USDT,3809.91,416000.0,3809.9,208000.0,3810.34,25000.0,3810.36,57000.0
1753769342811,06:09:02.811,bitmex,ETH/USDT:USDT,3809.9,208000.0,3809.72,95000.0,3810.34,25000.0,3810.36,57000.0
1753769342860,06:09:02.860,bitmex,ETH/USDT:USDT,3809.9,208000.0,3809.72,95000.0,3810.34,25000.0,3810.36,57000.0
1753769342909,06:09:02.909,bitmex,ETH/USDT:USDT,3809.91,416000.0,3809.9,208000.0,3810.33,25000.0,3810.36,57000.0
1753769342958,06:09:02.958,bitmex,ETH/USDT:USDT,3809.91,416000.0,3809.9,208000.0,3810.33,25000.0,3810.36,57000.0
1753769343007,06:09:03.007,bitmex,ETH/USDT:USDT,3809.91,416000.0,3809.9,208000.0,3810.33,25000.0,3810.36,57000.0
1753769343056,06:09:03.056,bitmex,ETH/USDT:USDT,3809.91,416000.0,3809.9,208000.0,3810.33,25000.0,3810.36,57000.0
1753769343105,06:09:03.105,bitmex,ETH/USDT:USDT,3809.91,416000.0,3809.9,208000.0,3810.33,25000.0,3810.36,57000.0
1753769343154,06:09:03.154,bitmex,ETH/USDT:USDT,3809.91,416000.0,3809.9,208000.0,3810.33,25000.0,3810.36,57000.0
1753769343203,06:09:03.203,bitmex,ETH/USDT:USDT,3809.91,416000.0,3809.55,208000.0,3809.92,25000.0,3810.33,25000.0
1753769343252,06:09:03.252,bitmex,ETH/USDT:USDT,3809.56,17000.0,3809.55,208000.0,3810.31,25000.0,3810.36,57000.0
1753769343301,06:09:03.301,bitmex,ETH/USDT:USDT,3809.56,17000.0,3809.55,208000.0,3810.31,25000.0,3810.36,57000.0
1753769343350,06:09:03.350,bitmex,ETH/USDT:USDT,3809.58,17000.0,3809.57,416000.0,3810.29,25000.0,3810.36,57000.0
1753769343399,06:09:03.399,bitmex,ETH/USDT:USDT,3809.58,17000.0,3809.55,208000.0,3810.29,25000.0,3810.36,57000.0
1753769343448,06:09:03.448,bitmex,ETH/USDT:USDT,3809.58,17000.0,3809.55,208000.0,3810.29,25000.0,3810.36,57000.0
1753769343507,06:09:03.507,bitmex,ETH/USDT:USDT,3809.58,17000.0,3809.55,208000.0,3810.29,25000.0,3810.36,57000.0
1753769343557,06:09:03.557,bitmex,ETH/USDT:USDT,3809.38,17000.0,3809.37,62000.0,3810.11,25000.0,3810.13,190000.0
1753769343606,06:09:03.606,bitmex,ETH/USDT:USDT,3809.38,17000.0,3809.37,62000.0,3809.93,25000.0,3809.94,190000.0
1753769343655,06:09:03.655,bitmex,ETH/USDT:USDT,3809.29,208000.0,3809.17,315000.0,3809.82,25000.0,3809.83,25000.0
1753769343704,06:09:03.704,bitmex,ETH/USDT:USDT,3809.29,208000.0,3809.17,315000.0,3809.73,25000.0,3809.75,190000.0
1753769343753,06:09:03.753,bitmex,ETH/USDT:USDT,3809.29,225000.0,3809.17,315000.0,3809.69,25000.0,3809.89,318000.0
1753769343802,06:09:03.802,bitmex,ETH/USDT:USDT,3809.31,17000.0,3809.3,416000.0,3809.67,25000.0,3809.68,190000.0
1753769344096,06:09:04.096,bitmex,ETH/USDT:USDT,3809.3,416000.0,3809.29,208000.0,3809.67,25000.0,3809.68,190000.0
1753769344145,06:09:04.145,bitmex,ETH/USDT:USDT,3809.3,416000.0,3809.29,208000.0,3809.47,2000.0,3809.68,190000.0
1753769344194,06:09:04.194,bitmex,ETH/USDT:USDT,3809.31,17000.0,3809.3,416000.0,3809.68,190000.0,3809.86,95000.0
1753769344243,06:09:04.243,bitmex,ETH/USDT:USDT,3809.47,17000.0,3809.3,416000.0,3809.68,190000.0,3809.87,318000.0
1753769344292,06:09:04.292,bitmex,ETH/USDT:USDT,3809.47,17000.0,3809.3,416000.0,3809.68,190000.0,3809.87,318000.0
1753769344341,06:09:04.341,bitmex,ETH/USDT:USDT,3809.47,17000.0,3809.3,416000.0,3809.68,190000.0,3809.87,318000.0
1753769344390,06:09:04.390,bitmex,ETH/USDT:USDT,3809.32,17000.0,3809.31,282000.0,3809.68,190000.0,3809.87,318000.0
1753769344582,06:09:04.582,bitmex,ETH/USDT:USDT,3809.32,17000.0,3809.31,282000.0,3809.68,190000.0,3809.87,318000.0
1753769344631,06:09:04.631,bitmex,ETH/USDT:USDT,3809.32,17000.0,3809.31,282000.0,3809.68,190000.0,3809.87,318000.0
1753769344680,06:09:04.680,bitmex,ETH/USDT:USDT,3809.31,282000.0,3809.3,416000.0,3809.53,2000.0,3809.68,190000.0
1753769344729,06:09:04.729,bitmex,ETH/USDT:USDT,3809.47,2000.0,3809.32,17000.0,3809.68,190000.0,3809.87,318000.0
1753769344778,06:09:04.778,bitmex,ETH/USDT:USDT,3809.52,2000.0,3809.31,282000.0,3809.68,190000.0,3809.87,318000.0
1753769344827,06:09:04.827,bitmex,ETH/USDT:USDT,3809.32,17000.0,3809.31,282000.0,3809.68,190000.0,3809.87,318000.0
1753769344876,06:09:04.876,bitmex,ETH/USDT:USDT,3809.31,282000.0,3809.3,416000.0,3809.68,190000.0,3809.87,318000.0
1753769344876,06:09:04.876,bitmex,ETH/USDT:USDT,3809.31,282000.0,3809.3,416000.0,3809.68,190000.0,3809.87,318000.0
1753769344925,06:09:04.925,bitmex,ETH/USDT:USDT,3809.52,2000.0,3809.32,17000.0,3809.68,190000.0,3809.87,318000.0
1753769345023,06:09:05.023,bitmex,ETH/USDT:USDT,3809.31,299000.0,3809.3,416000.0,3809.68,190000.0,3809.87,318000.0
1753769345075,06:09:05.075,bitmex,ETH/USDT:USDT,3809.31,299000.0,3809.3,416000.0,3809.68,190000.0,3809.87,318000.0
1753769345159,06:09:05.159,bitmex,ETH/USDT:USDT,3809.31,299000.0,3809.3,416000.0,3809.68,190000.0,3809.87,318000.0
1753769345339,06:09:05.339,bitmex,ETH/USDT:USDT,3809.31,299000.0,3809.3,416000.0,3809.68,190000.0,3809.87,318000.0
1753769345435,06:09:05.435,bitmex,ETH/USDT:USDT,3809.51,2000.0,3809.31,299000.0,3809.68,190000.0,3809.87,318000.0
1753769345485,06:09:05.485,bitmex,ETH/USDT:USDT,3809.31,282000.0,3809.3,416000.0,3809.52,2000.0,3809.68,190000.0
1753769345534,06:09:05.534,bitmex,ETH/USDT:USDT,3809.32,17000.0,3809.31,282000.0,3809.53,2000.0,3809.68,190000.0
1753769345583,06:09:05.583,bitmex,ETH/USDT:USDT,3809.32,17000.0,3809.31,282000.0,3809.68,190000.0,3809.87,318000.0
1753769345646,06:09:05.646,bitmex,ETH/USDT:USDT,3809.52,2000.0,3809.32,17000.0,3809.68,190000.0,3809.87,318000.0
1753769345696,06:09:05.696,bitmex,ETH/USDT:USDT,3809.52,2000.0,3809.31,282000.0,3809.68,190000.0,3809.87,318000.0
1753769345745,06:09:05.745,bitmex,ETH/USDT:USDT,3809.32,17000.0,3809.31,282000.0,3809.68,190000.0,3809.87,318000.0
1753769345972,06:09:05.972,bitmex,ETH/USDT:USDT,3809.52,2000.0,3809.31,282000.0,3809.68,190000.0,3809.87,318000.0
1753769346021,06:09:06.021,bitmex,ETH/USDT:USDT,3809.52,2000.0,3809.31,282000.0,3809.68,190000.0,3809.87,318000.0
1753769346070,06:09:06.070,bitmex,ETH/USDT:USDT,3809.32,17000.0,3809.31,282000.0,3809.68,190000.0,3809.87,318000.0
1753769346138,06:09:06.138,bitmex,ETH/USDT:USDT,3809.52,2000.0,3809.32,17000.0,3809.68,190000.0,3809.87,318000.0
1753769346187,06:09:06.187,bitmex,ETH/USDT:USDT,3809.51,2000.0,3809.32,17000.0,3809.68,190000.0,3809.87,318000.0
1753769346236,06:09:06.236,bitmex,ETH/USDT:USDT,3809.52,2000.0,3809.31,282000.0,3809.68,190000.0,3809.87,318000.0
1753769346298,06:09:06.298,bitmex,ETH/USDT:USDT,3809.31,282000.0,3809.3,416000.0,3809.68,190000.0,3809.87,318000.0
1753769346348,06:09:06.348,bitmex,ETH/USDT:USDT,3809.51,2000.0,3809.32,17000.0,3809.68,190000.0,3809.87,318000.0
1753769346397,06:09:06.397,bitmex,ETH/USDT:USDT,3809.32,17000.0,3809.31,282000.0,3809.68,190000.0,3809.87,318000.0
1753769346446,06:09:06.446,bitmex,ETH/USDT:USDT,3809.31,282000.0,3809.3,416000.0,3809.48,2000.0,3809.68,190000.0
1753769346495,06:09:06.495,bitmex,ETH/USDT:USDT,3809.51,2000.0,3809.31,282000.0,3809.68,190000.0,3809.87,318000.0
1753769346544,06:09:06.544,bitmex,ETH/USDT:USDT,3809.31,282000.0,3809.3,416000.0,3809.48,2000.0,3809.68,190000.0
1753769346641,06:09:06.641,bitmex,ETH/USDT:USDT,3809.47,2000.0,3809.31,282000.0,3809.48,2000.0,3809.68,190000.0
1753769346691,06:09:06.691,bitmex,ETH/USDT:USDT,3809.47,2000.0,3809.31,282000.0,3809.68,190000.0,3809.86,95000.0
1753769346740,06:09:06.740,bitmex,ETH/USDT:USDT,3809.47,2000.0,3809.31,282000.0,3809.48,2000.0,3809.68,190000.0
1753769346789,06:09:06.789,bitmex,ETH/USDT:USDT,3809.51,2000.0,3809.31,282000.0,3809.68,190000.0,3809.86,95000.0
1753769346900,06:09:06.900,bitmex,ETH/USDT:USDT,3809.31,282000.0,3809.3,416000.0,3809.48,2000.0,3809.68,190000.0
1753769346949,06:09:06.949,bitmex,ETH/USDT:USDT,3809.47,17000.0,3809.31,282000.0,3809.68,190000.0,3809.87,318000.0
1753769346998,06:09:06.998,bitmex,ETH/USDT:USDT,3809.47,17000.0,3809.31,282000.0,3809.68,190000.0,3809.87,318000.0
1753769347090,06:09:07.090,bitmex,ETH/USDT:USDT,3809.47,17000.0,3809.31,282000.0,3809.68,190000.0,3809.87,318000.0
1753769347182,06:09:07.182,bitmex,ETH/USDT:USDT,3809.47,17000.0,3809.31,282000.0,3809.48,2000.0,3809.68,190000.0
1753769347231,06:09:07.231,bitmex,ETH/USDT:USDT,3809.67,2000.0,3809.31,282000.0,3809.68,190000.0,3809.87,318000.0
1753769347282,06:09:07.282,bitmex,ETH/USDT:USDT,3809.31,282000.0,3809.3,416000.0,3809.68,190000.0,3809.87,318000.0
1753769347331,06:09:07.331,bitmex,ETH/USDT:USDT,3809.31,282000.0,3809.3,416000.0,3809.52,2000.0,3809.68,190000.0
1753769347380,06:09:07.380,bitmex,ETH/USDT:USDT,3809.31,299000.0,3809.3,416000.0,3809.52,2000.0,3809.68,190000.0
1753769347429,06:09:07.429,bitmex,ETH/USDT:USDT,3809.51,2000.0,3809.31,282000.0,3809.68,190000.0,3809.87,318000.0
1753769347582,06:09:07.582,bitmex,ETH/USDT:USDT,3809.31,282000.0,3809.3,416000.0,3809.68,190000.0,3809.87,318000.0
1753769347631,06:09:07.631,bitmex,ETH/USDT:USDT,3809.51,2000.0,3809.31,282000.0,3809.68,190000.0,3809.87,318000.0
1753769347680,06:09:07.680,bitmex,ETH/USDT:USDT,3809.31,187000.0,3809.3,416000.0,3809.58,2000.0,3809.79,190000.0
1753769347729,06:09:07.729,bitmex,ETH/USDT:USDT,3809.52,2000.0,3809.31,187000.0,3809.79,190000.0,3809.87,318000.0
1753769347778,06:09:07.778,bitmex,ETH/USDT:USDT,3809.31,187000.0,3809.3,416000.0,3809.59,2000.0,3809.79,190000.0
1753769347827,06:09:07.827,bitmex,ETH/USDT:USDT,3809.31,187000.0,3809.3,416000.0,3809.58,2000.0,3809.79,190000.0
1753769347876,06:09:07.876,bitmex,ETH/USDT:USDT,3809.3,416000.0,3809.14,208000.0,3809.37,2000.0,3809.78,152000.0
1753769347925,06:09:07.925,bitmex,ETH/USDT:USDT,3809.3,416000.0,3809.14,208000.0,3809.37,2000.0,3809.78,152000.0
1753769348002,06:09:08.002,bitmex,ETH/USDT:USDT,3809.3,416000.0,3809.14,208000.0,3809.37,2000.0,3809.79,190000.0
1753769348052,06:09:08.052,bitmex,ETH/USDT:USDT,3809.36,2000.0,3809.3,416000.0,3809.79,190000.0,3809.87,318000.0
1753769348101,06:09:08.101,bitmex,ETH/USDT:USDT,3809.36,2000.0,3809.3,416000.0,3809.79,190000.0,3809.87,318000.0
1753769348150,06:09:08.150,bitmex,ETH/USDT:USDT,3809.3,416000.0,3809.14,208000.0,3809.59,2000.0,3809.79,190000.0
1753769348199,06:09:08.199,bitmex,ETH/USDT:USDT,3809.5,2000.0,3809.3,416000.0,3809.79,190000.0,3809.87,318000.0
1753769348311,06:09:08.311,bitmex,ETH/USDT:USDT,3809.3,416000.0,3809.14,208000.0,3809.79,190000.0,3809.87,318000.0
1753769348361,06:09:08.361,bitmex,ETH/USDT:USDT,3809.51,2000.0,3809.32,17000.0,3809.79,190000.0,3809.87,318000.0
1753769348410,06:09:08.410,bitmex,ETH/USDT:USDT,3809.51,2000.0,3809.31,187000.0,3809.79,190000.0,3809.87,318000.0
1753769348459,06:09:08.459,bitmex,ETH/USDT:USDT,3809.52,2000.0,3809.31,187000.0,3809.79,190000.0,3809.87,318000.0
1753769348608,06:09:08.608,bitmex,ETH/USDT:USDT,3809.32,17000.0,3809.31,187000.0,3809.77,25000.0,3809.79,190000.0
1753769348810,06:09:08.810,bitmex,ETH/USDT:USDT,3809.32,17000.0,3809.31,187000.0,3809.77,25000.0,3809.79,190000.0
1753769348859,06:09:08.859,bitmex,ETH/USDT:USDT,3809.32,17000.0,3809.31,187000.0,3809.77,25000.0,3809.79,190000.0
1753769348908,06:09:08.908,bitmex,ETH/USDT:USDT,3809.32,17000.0,3809.31,187000.0,3809.77,25000.0,3809.79,190000.0
1753769348997,06:09:08.997,bitmex,ETH/USDT:USDT,3809.32,17000.0,3809.31,187000.0,3809.77,25000.0,3809.79,190000.0
1753769349047,06:09:09.047,bitmex,ETH/USDT:USDT,3809.32,17000.0,3809.31,187000.0,3809.77,25000.0,3809.79,190000.0
1753769349212,06:09:09.212,bitmex,ETH/USDT:USDT,3809.52,2000.0,3809.31,187000.0,3809.77,25000.0,3809.79,190000.0
1753769349282,06:09:09.282,bitmex,ETH/USDT:USDT,3809.52,2000.0,3809.31,187000.0,3809.77,25000.0,3809.79,190000.0
1753769349331,06:09:09.331,bitmex,ETH/USDT:USDT,3809.33,17000.0,3809.32,20000.0,3809.59,2000.0,3809.79,190000.0
1753769349380,06:09:09.380,bitmex,ETH/USDT:USDT,3809.33,17000.0,3809.32,20000.0,3809.79,190000.0,3809.87,318000.0
1753769349429,06:09:09.429,bitmex,ETH/USDT:USDT,3809.33,17000.0,3809.32,20000.0,3809.79,190000.0,3809.87,318000.0
1753769349490,06:09:09.490,bitmex,ETH/USDT:USDT,3809.33,17000.0,3809.32,20000.0,3809.79,190000.0,3809.87,318000.0
1753769349539,06:09:09.539,bitmex,ETH/USDT:USDT,3809.33,17000.0,3809.32,20000.0,3809.79,190000.0,3809.87,318000.0
1753769349671,06:09:09.671,bitmex,ETH/USDT:USDT,3809.33,17000.0,3809.32,20000.0,3809.79,190000.0,3809.87,318000.0
1753769349721,06:09:09.721,bitmex,ETH/USDT:USDT,3809.3,416000.0,3809.14,208000.0,3809.78,152000.0,3809.79,190000.0
1753769349770,06:09:09.770,bitmex,ETH/USDT:USDT,3809.3,416000.0,3809.14,208000.0,3809.58,2000.0,3809.78,152000.0
1753769349819,06:09:09.819,bitmex,ETH/USDT:USDT,3809.3,418000.0,3809.14,208000.0,3809.31,27000.0,3809.78,152000.0
1753769349868,06:09:09.868,bitmex,ETH/USDT:USDT,3809.3,416000.0,3809.14,208000.0,3809.31,25000.0,3809.78,152000.0
1753769349917,06:09:09.917,bitmex,ETH/USDT:USDT,3809.3,416000.0,3809.14,208000.0,3809.31,25000.0,3809.78,152000.0
1753769349966,06:09:09.966,bitmex,ETH/USDT:USDT,3809.3,416000.0,3809.14,208000.0,3809.58,2000.0,3809.78,152000.0
1753769350015,06:09:10.015,bitmex,ETH/USDT:USDT,3809.3,416000.0,3808.96,208000.0,3809.62,57000.0,3809.63,190000.0
1753769350064,06:09:10.064,bitmex,ETH/USDT:USDT,3809.3,416000.0,3808.96,208000.0,3809.62,57000.0,3809.63,190000.0
1753769350113,06:09:10.113,bitmex,ETH/USDT:USDT,3809.3,416000.0,3808.96,208000.0,3809.62,57000.0,3809.63,190000.0
1753769350113,06:09:10.113,bitmex,ETH/USDT:USDT,3809.3,416000.0,3808.96,208000.0,3809.62,57000.0,3809.63,190000.0
1753769350251,06:09:10.251,bitmex,ETH/USDT:USDT,3809.3,416000.0,3808.96,208000.0,3809.62,57000.0,3809.63,190000.0
1753769350301,06:09:10.301,bitmex,ETH/USDT:USDT,3808.98,17000.0,3808.97,62000.0,3809.6,25000.0,3809.62,57000.0
1753769350350,06:09:10.350,bitmex,ETH/USDT:USDT,3808.98,17000.0,3808.97,62000.0,3809.6,25000.0,3809.62,57000.0
1753769350399,06:09:10.399,bitmex,ETH/USDT:USDT,3808.99,433000.0,3808.97,62000.0,3809.59,25000.0,3809.62,57000.0
1753769350448,06:09:10.448,bitmex,ETH/USDT:USDT,3808.99,433000.0,3808.97,62000.0,3809.59,25000.0,3809.62,57000.0
1753769350448,06:09:10.448,bitmex,ETH/USDT:USDT,3808.99,433000.0,3808.97,62000.0,3809.59,25000.0,3809.62,57000.0
1753769350497,06:09:10.497,bitmex,ETH/USDT:USDT,3808.99,433000.0,3808.97,62000.0,3809.59,25000.0,3809.62,57000.0
1753769350546,06:09:10.546,bitmex,ETH/USDT:USDT,3808.99,433000.0,3808.97,62000.0,3809.59,25000.0,3809.62,57000.0
1753769350595,06:09:10.595,bitmex,ETH/USDT:USDT,3809.16,2000.0,3808.99,416000.0,3809.62,57000.0,3809.63,190000.0
1753769350644,06:09:10.644,bitmex,ETH/USDT:USDT,3808.99,416000.0,3808.97,62000.0,3809.41,25000.0,3809.62,57000.0
1753769350693,06:09:10.693,bitmex,ETH/USDT:USDT,3809.0,17000.0,3808.99,416000.0,3809.41,25000.0,3809.62,57000.0
1753769350749,06:09:10.749,bitmex,ETH/USDT:USDT,3809.2,2000.0,3809.0,17000.0,3809.41,25000.0,3809.62,57000.0
1753769350798,06:09:10.798,bitmex,ETH/USDT:USDT,3809.0,17000.0,3808.99,416000.0,3809.41,25000.0,3809.62,57000.0
1753769350847,06:09:10.847,bitmex,ETH/USDT:USDT,3809.0,17000.0,3808.99,416000.0,3809.41,25000.0,3809.62,57000.0
1753769350896,06:09:10.896,bitmex,ETH/USDT:USDT,3809.0,17000.0,3808.99,416000.0,3809.41,25000.0,3809.62,57000.0
1753769350945,06:09:10.945,bitmex,ETH/USDT:USDT,3809.0,17000.0,3808.99,416000.0,3809.41,25000.0,3809.62,57000.0
1753769351088,06:09:11.088,bitmex,ETH/USDT:USDT,3809.2,2000.0,3809.0,17000.0,3809.41,25000.0,3809.62,57000.0
1753769351137,06:09:11.137,bitmex,ETH/USDT:USDT,3809.0,204000.0,3808.99,416000.0,3809.4,190000.0,3809.59,318000.0
1753769351186,06:09:11.186,bitmex,ETH/USDT:USDT,3809.0,204000.0,3808.99,416000.0,3809.4,190000.0,3809.59,318000.0
1753769351284,06:09:11.284,bitmex,ETH/USDT:USDT,3809.01,17000.0,3809.0,187000.0,3809.4,190000.0,3809.59,318000.0
1753769351456,06:09:11.456,bitmex,ETH/USDT:USDT,3809.21,2000.0,3809.01,17000.0,3809.4,190000.0,3809.59,318000.0
1753769351506,06:09:11.506,bitmex,ETH/USDT:USDT,3809.39,2000.0,3809.0,187000.0,3809.4,190000.0,3809.59,318000.0
1753769351555,06:09:11.555,bitmex,ETH/USDT:USDT,3809.39,2000.0,3809.0,187000.0,3809.4,190000.0,3809.59,318000.0
1753769351604,06:09:11.604,bitmex,ETH/USDT:USDT,3809.39,2000.0,3809.0,187000.0,3809.4,190000.0,3809.59,318000.0
1753769351653,06:09:11.653,bitmex,ETH/USDT:USDT,3809.39,2000.0,3809.0,187000.0,3809.4,190000.0,3809.59,318000.0
1753769351702,06:09:11.702,bitmex,ETH/USDT:USDT,3809.21,2000.0,3809.01,17000.0,3809.4,190000.0,3809.59,318000.0
1753769351751,06:09:11.751,bitmex,ETH/USDT:USDT,3809.39,2000.0,3809.0,187000.0,3809.4,192000.0,3809.59,318000.0
1753769351800,06:09:11.800,bitmex,ETH/USDT:USDT,3809.0,187000.0,3808.99,416000.0,3809.4,190000.0,3809.59,318000.0
1753769351849,06:09:11.849,bitmex,ETH/USDT:USDT,3809.0,187000.0,3808.99,416000.0,3809.23,2000.0,3809.4,190000.0
1753769351898,06:09:11.898,bitmex,ETH/USDT:USDT,3809.39,2000.0,3809.22,17000.0,3809.4,190000.0,3809.59,318000.0
1753769351948,06:09:11.948,bitmex,ETH/USDT:USDT,3809.0,187000.0,3808.99,416000.0,3809.4,192000.0,3809.59,318000.0
1753769351997,06:09:11.997,bitmex,ETH/USDT:USDT,3809.0,187000.0,3808.99,416000.0,3809.23,2000.0,3809.4,190000.0
1753769352046,06:09:12.046,bitmex,ETH/USDT:USDT,3809.0,187000.0,3808.99,416000.0,3809.4,190000.0,3809.59,318000.0
1753769352166,06:09:12.166,bitmex,ETH/USDT:USDT,3809.39,2000.0,3809.0,187000.0,3809.4,190000.0,3809.59,318000.0
1753769352216,06:09:12.216,bitmex,ETH/USDT:USDT,3809.39,2000.0,3809.0,187000.0,3809.4,190000.0,3809.59,318000.0
1753769352265,06:09:12.265,bitmex,ETH/USDT:USDT,3809.21,17000.0,3809.0,187000.0,3809.59,190000.0,3809.78,318000.0
1753769352314,06:09:12.314,bitmex,ETH/USDT:USDT,3809.41,2000.0,3809.21,17000.0,3809.59,190000.0,3809.78,318000.0
1753769352363,06:09:12.363,bitmex,ETH/USDT:USDT,3809.22,17000.0,3809.0,187000.0,3809.57,25000.0,3809.59,190000.0
1753769352412,06:09:12.412,bitmex,ETH/USDT:USDT,3809.22,17000.0,3809.21,2000.0,3809.59,190000.0,3809.78,318000.0
1753769352461,06:09:12.461,bitmex,ETH/USDT:USDT,3809.22,17000.0,3809.21,2000.0,3809.56,25000.0,3809.59,190000.0
1753769352510,06:09:12.510,bitmex,ETH/USDT:USDT,3809.58,17000.0,3809.02,2888000.0,3809.59,190000.0,3809.78,318000.0
1753769352559,06:09:12.559,bitmex,ETH/USDT:USDT,3809.03,1054000.0,3809.02,2888000.0,3809.78,318000.0,3810.2,87000.0
1753769352608,06:09:12.608,bitmex,ETH/USDT:USDT,3809.45,2000.0,3809.25,17000.0,3809.78,318000.0,3810.2,87000.0
1753769352657,06:09:12.657,bitmex,ETH/USDT:USDT,3809.67,17000.0,3809.03,1054000.0,3809.77,25000.0,3809.78,318000.0
1753769352755,06:09:12.755,bitmex,ETH/USDT:USDT,3809.45,2000.0,3809.25,17000.0,3809.78,318000.0,3810.56,87000.0
1753769352804,06:09:12.804,bitmex,ETH/USDT:USDT,3809.77,2000.0,3809.76,17000.0,3809.78,318000.0,3810.56,87000.0
1753769352853,06:09:12.853,bitmex,ETH/USDT:USDT,3809.39,415000.0,3809.03,1054000.0,3809.78,318000.0,3810.56,87000.0
1753769352902,06:09:12.902,bitmex,ETH/USDT:USDT,3809.77,17000.0,3809.39,415000.0,3809.78,318000.0,3810.56,87000.0
1753769352951,06:09:12.951,bitmex,ETH/USDT:USDT,3809.77,17000.0,3809.39,415000.0,3809.78,318000.0,3810.56,87000.0
1753769352951,06:09:12.951,bitmex,ETH/USDT:USDT,3809.77,17000.0,3809.39,415000.0,3809.78,318000.0,3810.56,87000.0
1753769353000,06:09:13.000,bitmex,ETH/USDT:USDT,3809.77,17000.0,3809.39,415000.0,3809.78,318000.0,3810.56,87000.0
1753769353049,06:09:13.049,bitmex,ETH/USDT:USDT,3809.77,17000.0,3809.39,415000.0,3809.78,318000.0,3810.56,87000.0
1753769353098,06:09:13.098,bitmex,ETH/USDT:USDT,3809.77,17000.0,3809.39,415000.0,3809.78,318000.0,3810.56,87000.0
1753769353147,06:09:13.147,bitmex,ETH/USDT:USDT,3809.77,17000.0,3809.39,415000.0,3809.78,318000.0,3810.56,87000.0
1753769353245,06:09:13.245,bitmex,ETH/USDT:USDT,3809.77,17000.0,3809.39,415000.0,3809.78,318000.0,3810.56,87000.0
1753769353318,06:09:13.318,bitmex,ETH/USDT:USDT,3809.77,17000.0,3809.39,415000.0,3809.78,318000.0,3810.56,87000.0
1753769353466,06:09:13.466,bitmex,ETH/USDT:USDT,3809.77,17000.0,3809.39,415000.0,3809.78,320000.0,3810.56,87000.0
1753769353515,06:09:13.515,bitmex,ETH/USDT:USDT,3809.77,17000.0,3809.39,415000.0,3809.78,320000.0,3810.56,87000.0
1753769353564,06:09:13.564,bitmex,ETH/USDT:USDT,3809.77,17000.0,3809.39,415000.0,3809.78,318000.0,3810.56,87000.0
1753769353613,06:09:13.613,bitmex,ETH/USDT:USDT,3809.4,17000.0,3809.39,415000.0,3809.78,318000.0,3810.56,87000.0
1753769353662,06:09:13.662,bitmex,ETH/USDT:USDT,3809.4,17000.0,3809.39,415000.0,3809.78,318000.0,3810.56,87000.0
1753769353861,06:09:13.861,bitmex,ETH/USDT:USDT,3809.4,17000.0,3809.39,415000.0,3809.78,318000.0,3810.56,87000.0
1753769353910,06:09:13.910,bitmex,ETH/USDT:USDT,3809.4,142000.0,3809.39,415000.0,3809.78,318000.0,3810.56,87000.0
1753769353959,06:09:13.959,bitmex,ETH/USDT:USDT,3809.4,142000.0,3809.39,415000.0,3809.78,318000.0,3810.56,87000.0
1753769354008,06:09:14.008,bitmex,ETH/USDT:USDT,3809.4,142000.0,3809.39,415000.0,3809.78,318000.0,3810.56,87000.0
1753769354312,06:09:14.312,bitmex,ETH/USDT:USDT,3809.6,2000.0,3809.4,142000.0,3809.78,318000.0,3810.56,87000.0
1753769354361,06:09:14.361,bitmex,ETH/USDT:USDT,3809.4,142000.0,3809.39,415000.0,3809.78,318000.0,3810.56,87000.0
1753769354361,06:09:14.361,bitmex,ETH/USDT:USDT,3809.77,17000.0,3809.4,125000.0,3809.78,320000.0,3810.56,87000.0
1753769354410,06:09:14.410,bitmex,ETH/USDT:USDT,3809.77,19000.0,3809.4,125000.0,3809.78,318000.0,3810.56,87000.0
1753769354459,06:09:14.459,bitmex,ETH/USDT:USDT,3809.77,17000.0,3809.4,125000.0,3809.78,318000.0,3810.56,87000.0
1753769354623,06:09:14.623,bitmex,ETH/USDT:USDT,3809.77,17000.0,3809.4,125000.0,3809.78,318000.0,3810.56,87000.0
1753769354681,06:09:14.681,bitmex,ETH/USDT:USDT,3809.77,17000.0,3809.4,125000.0,3809.78,318000.0,3810.56,87000.0
1753769354730,06:09:14.730,bitmex,ETH/USDT:USDT,3809.77,17000.0,3809.4,125000.0,3809.78,318000.0,3810.56,87000.0
1753769354779,06:09:14.779,bitmex,ETH/USDT:USDT,3809.77,19000.0,3809.4,125000.0,3809.78,318000.0,3810.56,87000.0
1753769354835,06:09:14.835,bitmex,ETH/USDT:USDT,3809.77,19000.0,3809.4,125000.0,3809.78,318000.0,3810.56,87000.0
1753769354885,06:09:14.885,bitmex,ETH/USDT:USDT,3809.77,17000.0,3809.4,125000.0,3809.78,320000.0,3810.56,87000.0
1753769354934,06:09:14.934,bitmex,ETH/USDT:USDT,3809.77,17000.0,3809.4,125000.0,3809.78,320000.0,3810.56,87000.0
1753769354983,06:09:14.983,bitmex,ETH/USDT:USDT,3809.6,2000.0,3809.41,17000.0,3809.78,318000.0,3810.56,87000.0
1753769355032,06:09:15.032,bitmex,ETH/USDT:USDT,3809.77,19000.0,3809.4,125000.0,3809.78,318000.0,3810.56,87000.0
1753769355096,06:09:15.096,bitmex,ETH/USDT:USDT,3809.77,17000.0,3809.4,125000.0,3809.78,318000.0,3810.56,87000.0
1753769355146,06:09:15.146,bitmex,ETH/USDT:USDT,3809.77,17000.0,3809.4,125000.0,3809.78,320000.0,3810.56,87000.0
1753769355296,06:09:15.296,bitmex,ETH/USDT:USDT,3809.77,17000.0,3809.4,125000.0,3809.78,318000.0,3810.56,87000.0
1753769355345,06:09:15.345,bitmex,ETH/USDT:USDT,3809.77,19000.0,3809.4,125000.0,3809.78,318000.0,3810.56,87000.0
1753769355398,06:09:15.398,bitmex,ETH/USDT:USDT,3809.77,17000.0,3809.4,125000.0,3809.78,318000.0,3810.56,87000.0
1753769355497,06:09:15.497,bitmex,ETH/USDT:USDT,3809.77,17000.0,3809.4,125000.0,3809.78,318000.0,3810.56,87000.0
1753769355617,06:09:15.617,bitmex,ETH/USDT:USDT,3809.77,17000.0,3809.4,125000.0,3809.78,320000.0,3810.56,87000.0
1753769355666,06:09:15.666,bitmex,ETH/USDT:USDT,3809.77,19000.0,3809.4,125000.0,3809.78,318000.0,3810.56,87000.0
1753769355715,06:09:15.715,bitmex,ETH/USDT:USDT,3809.77,17000.0,3809.4,125000.0,3809.78,320000.0,3810.56,87000.0
1753769355764,06:09:15.764,bitmex,ETH/USDT:USDT,3809.77,17000.0,3809.4,125000.0,3809.78,320000.0,3810.56,87000.0
1753769355936,06:09:15.936,bitmex,ETH/USDT:USDT,3809.77,17000.0,3809.4,125000.0,3809.78,320000.0,3810.56,87000.0
1753769355985,06:09:15.985,bitmex,ETH/USDT:USDT,3809.77,19000.0,3809.4,125000.0,3809.78,318000.0,3810.56,87000.0
1753769356046,06:09:16.046,bitmex,ETH/USDT:USDT,3809.77,17000.0,3809.4,125000.0,3809.78,318000.0,3810.56,87000.0
1753769356095,06:09:16.095,bitmex,ETH/USDT:USDT,3809.77,17000.0,3809.4,125000.0,3809.78,318000.0,3810.56,87000.0
1753769356144,06:09:16.144,bitmex,ETH/USDT:USDT,3809.77,17000.0,3809.4,125000.0,3809.78,318000.0,3810.56,87000.0
1753769356269,06:09:16.269,bitmex,ETH/USDT:USDT,3809.77,17000.0,3809.4,125000.0,3809.78,320000.0,3810.56,87000.0
1753769356318,06:09:16.318,bitmex,ETH/USDT:USDT,3809.77,19000.0,3809.4,125000.0,3809.78,318000.0,3810.56,87000.0
1753769356367,06:09:16.367,bitmex,ETH/USDT:USDT,3809.77,19000.0,3809.4,125000.0,3809.78,318000.0,3810.56,87000.0
1753769356416,06:09:16.416,bitmex,ETH/USDT:USDT,3809.77,19000.0,3809.4,125000.0,3809.78,318000.0,3810.56,87000.0
1753769356465,06:09:16.465,bitmex,ETH/USDT:USDT,3809.77,17000.0,3809.4,125000.0,3809.78,318000.0,3810.56,87000.0
1753769356465,06:09:16.465,bitmex,ETH/USDT:USDT,3809.77,17000.0,3809.4,125000.0,3809.78,318000.0,3810.56,87000.0
1753769356514,06:09:16.514,bitmex,ETH/USDT:USDT,3809.77,17000.0,3809.4,125000.0,3809.78,318000.0,3810.56,87000.0
1753769356563,06:09:16.563,bitmex,ETH/USDT:USDT,3809.77,17000.0,3809.4,125000.0,3809.78,318000.0,3810.56,87000.0
1753769356628,06:09:16.628,bitmex,ETH/USDT:USDT,3809.77,17000.0,3809.4,125000.0,3809.78,318000.0,3810.56,87000.0
1753769356677,06:09:16.677,bitmex,ETH/USDT:USDT,3809.4,125000.0,3809.39,415000.0,3810.56,52000.0,3810.88,42000.0
1753769356677,06:09:16.677,bitmex,ETH/USDT:USDT,3809.4,125000.0,3809.39,415000.0,3809.98,25000.0,3810.16,318000.0
1753769356726,06:09:16.726,bitmex,ETH/USDT:USDT,3809.61,17000.0,3809.4,125000.0,3809.96,25000.0,3810.17,210000.0
1753769356775,06:09:16.775,bitmex,ETH/USDT:USDT,3809.4,125000.0,3809.39,415000.0,3809.82,2000.0,3809.95,25000.0
1753769356824,06:09:16.824,bitmex,ETH/USDT:USDT,3809.4,125000.0,3809.39,415000.0,3810.14,25000.0,3810.15,25000.0
1753769356922,06:09:16.922,bitmex,ETH/USDT:USDT,3809.41,17000.0,3809.4,125000.0,3810.17,210000.0,3810.35,95000.0
1753769356971,06:09:16.971,bitmex,ETH/USDT:USDT,3809.61,2000.0,3809.41,17000.0,3810.16,25000.0,3810.17,210000.0
1753769357020,06:09:17.020,bitmex,ETH/USDT:USDT,3809.4,125000.0,3809.39,415000.0,3810.17,210000.0,3810.35,95000.0
1753769357020,06:09:17.020,bitmex,ETH/USDT:USDT,3809.41,17000.0,3809.4,125000.0,3809.93,25000.0,3810.17,210000.0
1753769357069,06:09:17.069,bitmex,ETH/USDT:USDT,3809.61,2000.0,3809.41,17000.0,3809.89,25000.0,3809.9,25000.0
1753769357118,06:09:17.118,bitmex,ETH/USDT:USDT,3809.4,125000.0,3809.39,415000.0,3810.17,210000.0,3810.35,95000.0
1753769357118,06:09:17.118,bitmex,ETH/USDT:USDT,3809.61,2000.0,3809.41,17000.0,3809.86,25000.0,3809.87,25000.0
1753769357167,06:09:17.167,bitmex,ETH/USDT:USDT,3809.82,2000.0,3809.4,125000.0,3809.86,25000.0,3810.17,210000.0
1753769357216,06:09:17.216,bitmex,ETH/USDT:USDT,3809.41,17000.0,3809.4,125000.0,3809.86,25000.0,3810.17,210000.0
1753769357339,06:09:17.339,bitmex,ETH/USDT:USDT,3809.41,17000.0,3809.4,125000.0,3809.86,25000.0,3810.17,210000.0
1753769357388,06:09:17.388,bitmex,ETH/USDT:USDT,3809.82,2000.0,3809.4,125000.0,3809.86,25000.0,3810.17,210000.0
1753769357444,06:09:17.444,bitmex,ETH/USDT:USDT,3809.82,2000.0,3809.4,125000.0,3809.83,2000.0,3809.86,25000.0
1753769357493,06:09:17.493,bitmex,ETH/USDT:USDT,3809.4,125000.0,3809.39,415000.0,3809.94,25000.0,3809.95,2000.0
1753769357542,06:09:17.542,bitmex,ETH/USDT:USDT,3809.4,125000.0,3809.39,415000.0,3810.17,210000.0,3810.35,95000.0
1753769357542,06:09:17.542,bitmex,ETH/USDT:USDT,3809.82,2000.0,3809.4,125000.0,3809.92,25000.0,3809.93,25000.0
1753769357591,06:09:17.591,bitmex,ETH/USDT:USDT,3809.4,125000.0,3809.39,415000.0,3810.16,25000.0,3810.17,210000.0
1753769357640,06:09:17.640,bitmex,ETH/USDT:USDT,3809.82,2000.0,3809.4,125000.0,3809.92,25000.0,3810.17,210000.0
1753769357689,06:09:17.689,bitmex,ETH/USDT:USDT,3809.41,17000.0,3809.4,125000.0,3809.92,25000.0,3810.17,210000.0
1753769357738,06:09:17.738,bitmex,ETH/USDT:USDT,3809.62,17000.0,3809.61,2000.0,3809.92,25000.0,3810.17,210000.0
1753769357787,06:09:17.787,bitmex,ETH/USDT:USDT,3809.82,2000.0,3809.4,125000.0,3809.92,25000.0,3810.17,210000.0
1753769357836,06:09:17.836,bitmex,ETH/USDT:USDT,3809.82,2000.0,3809.4,125000.0,3809.92,25000.0,3810.17,210000.0
1753769357885,06:09:17.885,bitmex,ETH/USDT:USDT,3809.4,125000.0,3809.39,415000.0,3810.16,25000.0,3810.17,210000.0
1753769357934,06:09:17.934,bitmex,ETH/USDT:USDT,3809.62,17000.0,3809.4,125000.0,3809.92,2000.0,3810.12,25000.0
1753769357983,06:09:17.983,bitmex,ETH/USDT:USDT,3809.69,17000.0,3809.4,125000.0,3809.97,2000.0,3810.16,25000.0
1753769358032,06:09:18.032,bitmex,ETH/USDT:USDT,3809.41,17000.0,3809.4,125000.0,3809.95,25000.0,3810.17,210000.0
1753769358081,06:09:18.081,bitmex,ETH/USDT:USDT,3809.41,17000.0,3809.4,125000.0,3809.95,25000.0,3810.17,210000.0
1753769358130,06:09:18.130,bitmex,ETH/USDT:USDT,3809.82,2000.0,3809.62,17000.0,3809.94,25000.0,3810.17,210000.0
1753769358179,06:09:18.179,bitmex,ETH/USDT:USDT,3809.41,17000.0,3809.4,125000.0,3809.92,25000.0,3810.17,210000.0
1753769358262,06:09:18.262,bitmex,ETH/USDT:USDT,3809.41,17000.0,3809.4,125000.0,3809.91,25000.0,3809.92,25000.0
1753769358312,06:09:18.312,bitmex,ETH/USDT:USDT,3809.62,17000.0,3809.4,125000.0,3809.89,25000.0,3810.17,210000.0
1753769358361,06:09:18.361,bitmex,ETH/USDT:USDT,3809.41,17000.0,3809.4,125000.0,3810.17,210000.0,3810.35,95000.0
1753769358410,06:09:18.410,bitmex,ETH/USDT:USDT,3809.67,17000.0,3809.4,125000.0,3810.16,25000.0,3810.17,210000.0
1753769358459,06:09:18.459,bitmex,ETH/USDT:USDT,3809.67,17000.0,3809.4,125000.0,3810.17,210000.0,3810.35,95000.0
1753769358508,06:09:18.508,bitmex,ETH/USDT:USDT,3809.4,125000.0,3809.39,415000.0,3809.95,25000.0,3810.17,210000.0
1753769358557,06:09:18.557,bitmex,ETH/USDT:USDT,3809.4,125000.0,3809.39,415000.0,3809.92,25000.0,3810.17,210000.0
1753769358607,06:09:18.607,bitmex,ETH/USDT:USDT,3809.62,17000.0,3809.4,125000.0,3809.9,25000.0,3810.17,210000.0
1753769358656,06:09:18.656,bitmex,ETH/USDT:USDT,3809.62,17000.0,3809.4,125000.0,3809.9,25000.0,3810.17,210000.0
1753769358705,06:09:18.705,bitmex,ETH/USDT:USDT,3809.62,17000.0,3809.4,125000.0,3809.9,25000.0,3810.17,210000.0
1753769358837,06:09:18.837,bitmex,ETH/USDT:USDT,3809.62,17000.0,3809.4,125000.0,3809.9,25000.0,3810.17,210000.0
1753769358887,06:09:18.887,bitmex,ETH/USDT:USDT,3809.62,17000.0,3809.4,125000.0,3809.9,25000.0,3810.17,210000.0
1753769358937,06:09:18.937,bitmex,ETH/USDT:USDT,3809.62,17000.0,3809.4,125000.0,3809.9,25000.0,3810.17,210000.0
1753769358987,06:09:18.987,bitmex,ETH/USDT:USDT,3809.62,17000.0,3809.4,125000.0,3809.9,25000.0,3810.17,210000.0
1753769359037,06:09:19.037,bitmex,ETH/USDT:USDT,3809.62,17000.0,3809.4,125000.0,3809.9,25000.0,3810.17,210000.0
1753769359087,06:09:19.087,bitmex,ETH/USDT:USDT,3809.62,17000.0,3809.4,125000.0,3809.9,25000.0,3810.17,210000.0
1753769359137,06:09:19.137,bitmex,ETH/USDT:USDT,3809.62,17000.0,3809.4,125000.0,3809.9,25000.0,3810.17,210000.0
1753769359187,06:09:19.187,bitmex,ETH/USDT:USDT,3809.62,17000.0,3809.4,125000.0,3809.9,25000.0,3810.17,210000.0
1753769359236,06:09:19.236,bitmex,ETH/USDT:USDT,3809.62,17000.0,3809.4,125000.0,3809.9,25000.0,3810.17,210000.0
1753769359285,06:09:19.285,bitmex,ETH/USDT:USDT,3809.62,17000.0,3809.4,125000.0,3809.9,25000.0,3810.17,210000.0
1753769359340,06:09:19.340,bitmex,ETH/USDT:USDT,3809.62,17000.0,3809.4,125000.0,3809.7,2000.0,3809.9,25000.0
1753769359390,06:09:19.390,bitmex,ETH/USDT:USDT,3809.69,17000.0,3809.4,125000.0,3809.85,210000.0,3810.04,318000.0
1753769359721,06:09:19.721,bitmex,ETH/USDT:USDT,3809.41,17000.0,3809.4,125000.0,3809.9,25000.0,3809.92,210000.0
1753769359771,06:09:19.771,bitmex,ETH/USDT:USDT,3809.41,17000.0,3809.4,125000.0,3809.9,25000.0,3809.92,210000.0
1753769359901,06:09:19.901,bitmex,ETH/USDT:USDT,3809.41,17000.0,3809.4,125000.0,3809.9,25000.0,3809.92,210000.0
1753769359950,06:09:19.950,bitmex,ETH/USDT:USDT,3809.62,17000.0,3809.4,125000.0,3809.92,210000.0,3810.11,318000.0
1753769360054,06:09:20.054,bitmex,ETH/USDT:USDT,3809.4,125000.0,3809.39,415000.0,3810.11,318000.0,3810.71,87000.0
1753769360103,06:09:20.103,bitmex,ETH/USDT:USDT,3809.41,17000.0,3809.4,125000.0,3810.11,318000.0,3810.71,87000.0
1753769360152,06:09:20.152,bitmex,ETH/USDT:USDT,3810.1,19000.0,3809.83,17000.0,3810.11,318000.0,3810.71,87000.0
1753769360201,06:09:20.201,bitmex,ETH/USDT:USDT,3810.1,17000.0,3809.46,2888000.0,3810.11,318000.0,3810.71,87000.0
1753769360250,06:09:20.250,bitmex,ETH/USDT:USDT,3810.1,17000.0,3809.46,2888000.0,3810.11,318000.0,3810.71,87000.0
1753769360299,06:09:20.299,bitmex,ETH/USDT:USDT,3810.1,19000.0,3809.47,1053000.0,3810.11,318000.0,3810.71,87000.0
1753769360348,06:09:20.348,bitmex,ETH/USDT:USDT,3810.1,17000.0,3809.47,1053000.0,3810.11,320000.0,3810.71,87000.0
1753769360348,06:09:20.348,bitmex,ETH/USDT:USDT,3810.1,17000.0,3809.47,1053000.0,3810.11,320000.0,3810.71,87000.0
1753769360446,06:09:20.446,bitmex,ETH/USDT:USDT,3809.88,2000.0,3809.68,17000.0,3810.11,318000.0,3810.71,87000.0
1753769360495,06:09:20.495,bitmex,ETH/USDT:USDT,3810.1,19000.0,3809.47,1053000.0,3810.11,318000.0,3810.71,87000.0
1753769360555,06:09:20.555,bitmex,ETH/USDT:USDT,3810.1,19000.0,3809.47,1053000.0,3810.11,318000.0,3810.71,87000.0
1753769360674,06:09:20.674,bitmex,ETH/USDT:USDT,3810.1,19000.0,3809.47,1053000.0,3810.11,318000.0,3810.71,87000.0
1753769360723,06:09:20.723,bitmex,ETH/USDT:USDT,3810.1,19000.0,3809.84,125000.0,3810.11,318000.0,3810.71,87000.0
1753769360772,06:09:20.772,bitmex,ETH/USDT:USDT,3810.1,19000.0,3809.84,125000.0,3810.11,318000.0,3810.71,87000.0
1753769360821,06:09:20.821,bitmex,ETH/USDT:USDT,3810.1,17000.0,3809.84,125000.0,3810.11,320000.0,3810.71,87000.0
1753769360870,06:09:20.870,bitmex,ETH/USDT:USDT,3810.1,17000.0,3809.84,125000.0,3810.11,318000.0,3810.71,87000.0
1753769360919,06:09:20.919,bitmex,ETH/USDT:USDT,3810.1,17000.0,3809.84,125000.0,3810.11,318000.0,3810.71,87000.0
1753769360968,06:09:20.968,bitmex,ETH/USDT:USDT,3810.1,17000.0,3809.84,125000.0,3810.11,318000.0,3810.71,87000.0
1753769361067,06:09:21.067,bitmex,ETH/USDT:USDT,3810.1,17000.0,3809.84,125000.0,3810.11,318000.0,3810.71,87000.0
1753769361116,06:09:21.116,bitmex,ETH/USDT:USDT,3810.1,19000.0,3809.84,125000.0,3810.11,320000.0,3810.71,87000.0
1753769361165,06:09:21.165,bitmex,ETH/USDT:USDT,3810.1,17000.0,3809.84,125000.0,3810.11,318000.0,3810.71,87000.0
1753769361248,06:09:21.248,bitmex,ETH/USDT:USDT,3810.1,17000.0,3809.84,125000.0,3810.71,87000.0,3810.88,28000.0
1753769361347,06:09:21.347,bitmex,ETH/USDT:USDT,3809.85,17000.0,3809.84,125000.0,3810.7,25000.0,3810.89,64000.0
1753769361396,06:09:21.396,bitmex,ETH/USDT:USDT,3809.85,17000.0,3809.84,125000.0,3810.7,25000.0,3810.89,64000.0
1753769361445,06:09:21.445,bitmex,ETH/USDT:USDT,3809.85,17000.0,3809.84,125000.0,3810.69,25000.0,3810.7,25000.0
1753769361494,06:09:21.494,bitmex,ETH/USDT:USDT,3810.06,17000.0,3809.84,125000.0,3810.68,25000.0,3810.89,64000.0
1753769361543,06:09:21.543,bitmex,ETH/USDT:USDT,3810.06,17000.0,3809.84,125000.0,3810.68,25000.0,3810.89,64000.0
1753769361592,06:09:21.592,bitmex,ETH/USDT:USDT,3810.06,17000.0,3809.84,125000.0,3810.89,64000.0,3811.49,87000.0
1753769361592,06:09:21.592,bitmex,ETH/USDT:USDT,3810.06,17000.0,3809.84,125000.0,3810.67,25000.0,3810.89,64000.0
1753769361641,06:09:21.641,bitmex,ETH/USDT:USDT,3810.27,17000.0,3809.84,125000.0,3810.65,25000.0,3810.66,25000.0
1753769361690,06:09:21.690,bitmex,ETH/USDT:USDT,3810.27,17000.0,3809.84,125000.0,3810.65,25000.0,3810.89,64000.0
1753769361739,06:09:21.739,bitmex,ETH/USDT:USDT,3810.27,17000.0,3809.84,125000.0,3810.45,2000.0,3810.65,25000.0
1753769361788,06:09:21.788,bitmex,ETH/USDT:USDT,3810.27,17000.0,3809.84,125000.0,3810.89,64000.0,3811.49,87000.0
1753769361837,06:09:21.837,bitmex,ETH/USDT:USDT,3810.27,17000.0,3809.84,125000.0,3810.89,64000.0,3811.49,87000.0
1753769361886,06:09:21.886,bitmex,ETH/USDT:USDT,3810.27,17000.0,3809.84,125000.0,3810.89,64000.0,3811.49,87000.0
1753769361984,06:09:21.984,bitmex,ETH/USDT:USDT,3810.27,17000.0,3809.84,125000.0,3810.89,64000.0,3811.49,87000.0
1753769361984,06:09:21.984,bitmex,ETH/USDT:USDT,3810.27,17000.0,3809.84,125000.0,3810.89,64000.0,3811.49,87000.0
1753769362033,06:09:22.033,bitmex,ETH/USDT:USDT,3810.27,17000.0,3809.84,125000.0,3810.47,25000.0,3810.48,2000.0
1753769362082,06:09:22.082,bitmex,ETH/USDT:USDT,3810.27,17000.0,3809.84,125000.0,3810.69,2000.0,3810.89,64000.0
1753769362131,06:09:22.131,bitmex,ETH/USDT:USDT,3810.27,17000.0,3809.84,125000.0,3810.69,2000.0,3810.89,64000.0
1753769362180,06:09:22.180,bitmex,ETH/USDT:USDT,3810.27,17000.0,3809.84,125000.0,3810.69,2000.0,3810.89,64000.0
1753769362282,06:09:22.282,bitmex,ETH/USDT:USDT,3810.27,17000.0,3809.84,125000.0,3810.47,25000.0,3810.48,2000.0
1753769362331,06:09:22.331,bitmex,ETH/USDT:USDT,3810.27,19000.0,3809.84,125000.0,3810.89,64000.0,3811.49,87000.0
1753769362380,06:09:22.380,bitmex,ETH/USDT:USDT,3810.26,2000.0,3810.06,17000.0,3810.47,25000.0,3810.89,64000.0
1753769362527,06:09:22.527,bitmex,ETH/USDT:USDT,3809.85,17000.0,3809.84,125000.0,3810.88,25000.0,3810.89,64000.0
1753769362576,06:09:22.576,bitmex,ETH/USDT:USDT,3809.85,17000.0,3809.84,125000.0,3810.88,25000.0,3810.89,64000.0
1753769362854,06:09:22.854,bitmex,ETH/USDT:USDT,3809.85,17000.0,3809.84,125000.0,3810.88,25000.0,3810.89,64000.0
1753769362903,06:09:22.903,bitmex,ETH/USDT:USDT,3809.85,17000.0,3809.84,125000.0,3810.86,25000.0,3810.89,64000.0
1753769363066,06:09:23.066,bitmex,ETH/USDT:USDT,3809.85,17000.0,3809.84,125000.0,3810.86,25000.0,3810.89,64000.0
1753769363115,06:09:23.115,bitmex,ETH/USDT:USDT,3809.85,17000.0,3809.84,125000.0,3810.86,25000.0,3810.89,64000.0
1753769363164,06:09:23.164,bitmex,ETH/USDT:USDT,3809.85,17000.0,3809.84,125000.0,3810.86,25000.0,3810.89,64000.0
1753769363213,06:09:23.213,bitmex,ETH/USDT:USDT,3809.85,17000.0,3809.84,125000.0,3810.86,25000.0,3810.89,64000.0
1753769363262,06:09:23.262,bitmex,ETH/USDT:USDT,3809.85,17000.0,3809.84,125000.0,3810.86,25000.0,3810.89,64000.0
1753769363262,06:09:23.262,bitmex,ETH/USDT:USDT,3809.85,17000.0,3809.84,125000.0,3810.85,27000.0,3810.86,25000.0
1753769363311,06:09:23.311,bitmex,ETH/USDT:USDT,3809.85,17000.0,3809.84,125000.0,3810.89,64000.0,3811.25,87000.0
1753769363311,06:09:23.311,bitmex,ETH/USDT:USDT,3809.85,17000.0,3809.84,125000.0,3810.84,25000.0,3810.89,64000.0
1753769363360,06:09:23.360,bitmex,ETH/USDT:USDT,3809.85,17000.0,3809.84,125000.0,3810.84,25000.0,3810.89,64000.0
1753769363412,06:09:23.412,bitmex,ETH/USDT:USDT,3809.85,17000.0,3809.84,125000.0,3810.84,25000.0,3810.89,64000.0
1753769363461,06:09:23.461,bitmex,ETH/USDT:USDT,3810.06,17000.0,3809.84,125000.0,3810.82,25000.0,3810.89,64000.0
1753769363562,06:09:23.562,bitmex,ETH/USDT:USDT,3810.06,17000.0,3809.84,125000.0,3810.82,25000.0,3810.89,64000.0
1753769363729,06:09:23.729,bitmex,ETH/USDT:USDT,3810.06,17000.0,3809.84,125000.0,3810.82,25000.0,3810.89,64000.0
1753769363778,06:09:23.778,bitmex,ETH/USDT:USDT,3810.06,17000.0,3809.84,125000.0,3810.82,25000.0,3810.89,64000.0
1753769363832,06:09:23.832,bitmex,ETH/USDT:USDT,3810.06,17000.0,3809.84,125000.0,3810.62,2000.0,3810.82,25000.0
1753769363882,06:09:23.882,bitmex,ETH/USDT:USDT,3809.85,17000.0,3809.84,125000.0,3810.66,25000.0,3810.67,25000.0
1753769363931,06:09:23.931,bitmex,ETH/USDT:USDT,3809.85,17000.0,3809.84,125000.0,3810.64,25000.0,3810.89,64000.0
1753769364337,06:09:24.337,bitmex,ETH/USDT:USDT,3810.05,2000.0,3809.85,17000.0,3810.64,25000.0,3810.89,64000.0
1753769364387,06:09:24.387,bitmex,ETH/USDT:USDT,3809.84,125000.0,3809.83,415000.0,3810.87,27000.0,3810.88,25000.0
1753769364436,06:09:24.436,bitmex,ETH/USDT:USDT,3809.85,17000.0,3809.84,125000.0,3810.82,25000.0,3810.89,64000.0
1753769364485,06:09:24.485,bitmex,ETH/USDT:USDT,3809.85,17000.0,3809.84,125000.0,3810.82,25000.0,3810.89,64000.0
1753769364485,06:09:24.485,bitmex,ETH/USDT:USDT,3809.85,17000.0,3809.84,125000.0,3810.82,25000.0,3810.89,64000.0
1753769364534,06:09:24.534,bitmex,ETH/USDT:USDT,3809.85,17000.0,3809.84,125000.0,3810.82,25000.0,3810.89,64000.0
1753769364583,06:09:24.583,bitmex,ETH/USDT:USDT,3809.85,17000.0,3809.84,125000.0,3810.82,25000.0,3810.89,64000.0
1753769364634,06:09:24.634,bitmex,ETH/USDT:USDT,3809.85,17000.0,3809.84,125000.0,3810.62,2000.0,3810.82,25000.0
1753769364683,06:09:24.683,bitmex,ETH/USDT:USDT,3809.85,17000.0,3809.84,125000.0,3810.59,25000.0,3810.89,64000.0
1753769364732,06:09:24.732,bitmex,ETH/USDT:USDT,3809.85,17000.0,3809.84,125000.0,3810.59,25000.0,3810.89,64000.0
1753769364781,06:09:24.781,bitmex,ETH/USDT:USDT,3809.85,17000.0,3809.84,125000.0,3810.59,25000.0,3810.89,64000.0
1753769364830,06:09:24.830,bitmex,ETH/USDT:USDT,3809.85,17000.0,3809.84,125000.0,3810.59,25000.0,3810.89,64000.0
1753769364879,06:09:24.879,bitmex,ETH/USDT:USDT,3809.85,17000.0,3809.84,125000.0,3810.89,64000.0,3811.41,44000.0
1753769364879,06:09:24.879,bitmex,ETH/USDT:USDT,3809.85,17000.0,3809.84,125000.0,3810.18,2000.0,3810.88,45000.0
1753769364928,06:09:24.928,bitmex,ETH/USDT:USDT,3809.84,125000.0,3809.83,415000.0,3810.89,64000.0,3811.41,44000.0
1753769364928,06:09:24.928,bitmex,ETH/USDT:USDT,3809.85,17000.0,3809.84,125000.0,3810.26,2000.0,3810.89,64000.0
1753769364977,06:09:24.977,bitmex,ETH/USDT:USDT,3809.84,125000.0,3809.83,415000.0,3810.68,25000.0,3810.87,27000.0
1753769365026,06:09:25.026,bitmex,ETH/USDT:USDT,3809.85,17000.0,3809.84,125000.0,3810.89,64000.0,3811.41,14000.0
1753769365075,06:09:25.075,bitmex,ETH/USDT:USDT,3809.85,17000.0,3809.84,125000.0,3810.68,25000.0,3810.89,64000.0
1753769365124,06:09:25.124,bitmex,ETH/USDT:USDT,3810.05,2000.0,3809.85,17000.0,3810.89,64000.0,3811.41,44000.0
1753769365222,06:09:25.222,bitmex,ETH/USDT:USDT,3809.85,17000.0,3809.84,125000.0,3810.66,25000.0,3810.89,64000.0
1753769365330,06:09:25.330,bitmex,ETH/USDT:USDT,3809.85,17000.0,3809.84,125000.0,3810.66,25000.0,3810.89,64000.0
1753769365447,06:09:25.447,bitmex,ETH/USDT:USDT,3809.84,125000.0,3809.83,415000.0,3810.68,25000.0,3810.69,2000.0
1753769365496,06:09:25.496,bitmex,ETH/USDT:USDT,3810.05,2000.0,3809.85,17000.0,3810.89,64000.0,3811.41,44000.0
1753769365545,06:09:25.545,bitmex,ETH/USDT:USDT,3809.84,125000.0,3809.83,415000.0,3810.45,25000.0,3810.68,25000.0
1753769365594,06:09:25.594,bitmex,ETH/USDT:USDT,3809.85,17000.0,3809.84,125000.0,3810.23,2000.0,3810.43,25000.0
1753769365643,06:09:25.643,bitmex,ETH/USDT:USDT,3809.86,192000.0,3809.85,208000.0,3810.05,25000.0,3810.28,25000.0
