timestamp,time,exchange,symbol,bid1_price,bid1_volume,bid2_price,bid2_volume,ask1_price,ask1_volume,ask2_price,ask2_volume
1753769305755,06:08:25.755,bitmart,XRP/USDT:USDT,3.138,31762.0,3.1379,17416.0,3.1381,19550.0,3.1382,17564.0
1753769306154,06:08:26.154,bitmart,XRP/USDT:USDT,3.138,85966.0,3.1379,33000.0,3.139,14298.0,3.1391,15527.0
1753769306352,06:08:26.352,bitmart,XRP/USDT:USDT,3.1389,107174.0,3.1388,16586.0,3.1393,84780.0,3.1394,14420.0
1753769306557,06:08:26.557,bitmart,XRP/USDT:USDT,3.1389,107174.0,3.1388,26752.0,3.1393,84780.0,3.1394,14420.0
1753769306754,06:08:26.754,bitmart,XRP/USDT:USDT,3.1389,42426.0,3.1388,26752.0,3.1393,84780.0,3.1394,14420.0
1753769306952,06:08:26.952,bitmart,XRP/USDT:USDT,3.1392,51547.0,3.1391,14135.0,3.1393,84780.0,3.1394,14420.0
1753769307971,06:08:27.971,bitmart,XRP/USDT:USDT,3.1392,66957.0,3.1391,14135.0,3.1394,101408.0,3.1395,15679.0
1753769308351,06:08:28.351,bitmart,XRP/USDT:USDT,3.1392,66957.0,3.1391,14135.0,3.1394,101408.0,3.1395,15679.0
1753769308552,06:08:28.552,bitmart,XRP/USDT:USDT,3.1393,99898.0,3.1392,18527.0,3.1394,71246.0,3.1395,15679.0
1753769308957,06:08:28.957,bitmart,XRP/USDT:USDT,3.1393,11612.0,3.1392,18527.0,3.1394,71246.0,3.1395,15679.0
1753769309751,06:08:29.751,bitmart,XRP/USDT:USDT,3.1393,65725.0,3.1392,18527.0,3.1394,9338.0,3.1395,15679.0
1753769309954,06:08:29.954,bitmart,XRP/USDT:USDT,3.1393,65725.0,3.1392,18527.0,3.1394,9338.0,3.1395,15679.0
1753769311556,06:08:31.556,bitmart,XRP/USDT:USDT,3.1393,91753.0,3.1392,18527.0,3.1394,55660.0,3.1395,15679.0
1753769311751,06:08:31.751,bitmart,XRP/USDT:USDT,3.1393,109859.0,3.1392,18527.0,3.1394,28585.0,3.1395,15679.0
1753769311954,06:08:31.954,bitmart,XRP/USDT:USDT,3.1393,109859.0,3.1392,18527.0,3.1394,6471.0,3.1395,15679.0
1753769312151,06:08:32.151,bitmart,XRP/USDT:USDT,3.1393,109859.0,3.1392,18527.0,3.1394,6471.0,3.1395,15679.0
1753769312353,06:08:32.353,bitmart,XRP/USDT:USDT,3.1393,109859.0,3.1392,18527.0,3.1394,6471.0,3.1395,15679.0
1753769312551,06:08:32.551,bitmart,XRP/USDT:USDT,3.1393,53741.0,3.1392,18527.0,3.1394,20393.0,3.1395,15679.0
1753769312752,06:08:32.752,bitmart,XRP/USDT:USDT,3.1393,53741.0,3.1392,18527.0,3.1394,20393.0,3.1395,15679.0
1753769313553,06:08:33.553,bitmart,XRP/USDT:USDT,3.1393,93307.0,3.1392,18527.0,3.1394,10655.0,3.1395,15679.0
1753769313953,06:08:33.953,bitmart,XRP/USDT:USDT,3.1393,93307.0,3.1392,18527.0,3.1394,22701.0,3.1395,15679.0
1753769314172,06:08:34.172,bitmart,XRP/USDT:USDT,3.1393,93307.0,3.1392,18527.0,3.1394,4027.0,3.1395,15679.0
1753769314555,06:08:34.555,bitmart,XRP/USDT:USDT,3.1393,93307.0,3.1392,18527.0,3.1394,4027.0,3.1395,15679.0
1753769314755,06:08:34.755,bitmart,XRP/USDT:USDT,3.1393,93307.0,3.1392,18527.0,3.1394,4027.0,3.1395,15679.0
1753769315351,06:08:35.351,bitmart,XRP/USDT:USDT,3.1393,93307.0,3.1392,18527.0,3.1395,15679.0,3.1396,16056.0
1753769315750,06:08:35.750,bitmart,XRP/USDT:USDT,3.1393,93307.0,3.1392,18527.0,3.1395,15679.0,3.1396,16056.0
1753769315751,06:08:35.751,bitmart,XRP/USDT:USDT,3.1393,93307.0,3.1392,18527.0,3.1396,16056.0,3.1397,13454.0
1753769316153,06:08:36.153,bitmart,XRP/USDT:USDT,3.1394,86730.0,3.1393,30842.0,3.1398,59463.0,3.1399,20358.0
1753769316354,06:08:36.354,bitmart,XRP/USDT:USDT,3.1397,65603.0,3.1396,17009.0,3.1398,59463.0,3.1399,20358.0
1753769316553,06:08:36.553,bitmart,XRP/USDT:USDT,3.1397,65603.0,3.1396,17009.0,3.1398,59463.0,3.1399,20358.0
1753769316757,06:08:36.757,bitmart,XRP/USDT:USDT,3.1397,65603.0,3.1396,17009.0,3.1398,59463.0,3.1399,20358.0
1753769316956,06:08:36.956,bitmart,XRP/USDT:USDT,3.1397,65603.0,3.1396,17009.0,3.1398,32592.0,3.1399,20358.0
1753769317158,06:08:37.158,bitmart,XRP/USDT:USDT,3.1397,65603.0,3.1396,17009.0,3.1398,32592.0,3.1399,20358.0
1753769317751,06:08:37.751,bitmart,XRP/USDT:USDT,3.1397,65603.0,3.1396,17009.0,3.1398,32592.0,3.1399,20358.0
1753769317956,06:08:37.956,bitmart,XRP/USDT:USDT,3.1397,65603.0,3.1396,17009.0,3.1398,32592.0,3.1399,20358.0
1753769318154,06:08:38.154,bitmart,XRP/USDT:USDT,3.1397,65603.0,3.1396,17009.0,3.1398,32592.0,3.1399,20358.0
1753769318352,06:08:38.352,bitmart,XRP/USDT:USDT,3.1397,101403.0,3.1396,17009.0,3.1398,55500.0,3.1399,20358.0
1753769319155,06:08:39.155,bitmart,XRP/USDT:USDT,3.1397,90254.0,3.1396,17009.0,3.1398,14525.0,3.1399,20358.0
1753769319753,06:08:39.753,bitmart,XRP/USDT:USDT,3.1397,90254.0,3.1396,17009.0,3.1398,14525.0,3.1399,20358.0
1753769320551,06:08:40.551,bitmart,XRP/USDT:USDT,3.1398,81817.0,3.1397,24589.0,3.1403,715.0,3.1404,16030.0
1753769320957,06:08:40.957,bitmart,XRP/USDT:USDT,3.1402,109690.0,3.1401,18203.0,3.1403,1391.0,3.1404,16030.0
1753769321154,06:08:41.154,bitmart,XRP/USDT:USDT,3.1402,109690.0,3.1401,18203.0,3.1403,30810.0,3.1404,16030.0
1753769321354,06:08:41.354,bitmart,XRP/USDT:USDT,3.1402,109690.0,3.1401,18203.0,3.1403,30810.0,3.1404,16030.0
1753769321953,06:08:41.953,bitmart,XRP/USDT:USDT,3.1402,109690.0,3.1401,18203.0,3.1404,16030.0,3.1405,14303.0
1753769322151,06:08:42.151,bitmart,XRP/USDT:USDT,3.1403,105958.0,3.1402,15244.0,3.1404,58278.0,3.1405,14303.0
1753769322753,06:08:42.753,bitmart,XRP/USDT:USDT,3.1403,105958.0,3.1402,15244.0,3.1404,87190.0,3.1405,14303.0
1753769322753,06:08:42.753,bitmart,XRP/USDT:USDT,3.1403,105958.0,3.1402,15244.0,3.1404,87190.0,3.1405,14303.0
1753769322953,06:08:42.953,bitmart,XRP/USDT:USDT,3.1403,105958.0,3.1402,15244.0,3.1404,87190.0,3.1405,14303.0
1753769323554,06:08:43.554,bitmart,XRP/USDT:USDT,3.1403,105958.0,3.1402,15244.0,3.1404,87190.0,3.1405,14303.0
1753769324351,06:08:44.351,bitmart,XRP/USDT:USDT,3.14,86697.0,3.1399,18510.0,3.1401,27161.0,3.1402,17082.0
1753769324553,06:08:44.553,bitmart,XRP/USDT:USDT,3.14,86697.0,3.1399,18510.0,3.1401,54311.0,3.1402,17082.0
1753769324751,06:08:44.751,bitmart,XRP/USDT:USDT,3.14,63885.0,3.1399,18510.0,3.1401,54311.0,3.1402,17082.0
1753769324954,06:08:44.954,bitmart,XRP/USDT:USDT,3.14,63885.0,3.1399,18510.0,3.1401,54311.0,3.1402,17082.0
1753769325352,06:08:45.352,bitmart,XRP/USDT:USDT,3.14,39680.0,3.1399,18510.0,3.1401,95615.0,3.1402,17082.0
1753769325555,06:08:45.555,bitmart,XRP/USDT:USDT,3.14,28361.0,3.1399,18510.0,3.1401,95615.0,3.1402,17082.0
1753769326552,06:08:46.552,bitmart,XRP/USDT:USDT,3.14,81169.0,3.1399,18510.0,3.1401,95615.0,3.1402,17082.0
1753769326751,06:08:46.751,bitmart,XRP/USDT:USDT,3.14,81169.0,3.1399,18510.0,3.1401,41635.0,3.1402,17082.0
1753769327355,06:08:47.355,bitmart,XRP/USDT:USDT,3.14,81169.0,3.1399,18510.0,3.1401,41635.0,3.1402,17082.0
1753769327552,06:08:47.552,bitmart,XRP/USDT:USDT,3.14,81169.0,3.1399,18510.0,3.1401,41635.0,3.1402,17082.0
1753769327752,06:08:47.752,bitmart,XRP/USDT:USDT,3.14,81169.0,3.1399,18510.0,3.1401,41635.0,3.1402,17082.0
1753769328153,06:08:48.153,bitmart,XRP/USDT:USDT,3.14,26803.0,3.1399,18510.0,3.1401,21222.0,3.1402,17082.0
1753769328952,06:08:48.952,bitmart,XRP/USDT:USDT,3.14,48037.0,3.1399,18510.0,3.1401,21222.0,3.1402,17082.0
1753769330151,06:08:50.151,bitmart,XRP/USDT:USDT,3.14,85664.0,3.1399,18510.0,3.1401,32335.0,3.1402,17082.0
1753769330356,06:08:50.356,bitmart,XRP/USDT:USDT,3.14,85664.0,3.1399,18510.0,3.1401,32335.0,3.1402,17082.0
1753769330553,06:08:50.553,bitmart,XRP/USDT:USDT,3.14,85664.0,3.1399,18510.0,3.1401,32335.0,3.1402,17082.0
1753769331351,06:08:51.351,bitmart,XRP/USDT:USDT,3.14,92607.0,3.1399,18510.0,3.1401,30935.0,3.1402,17082.0
1753769331555,06:08:51.555,bitmart,XRP/USDT:USDT,3.14,92607.0,3.1399,18510.0,3.1401,69084.0,3.1402,17082.0
1753769331954,06:08:51.954,bitmart,XRP/USDT:USDT,3.14,10398.0,3.1399,18510.0,3.1401,69084.0,3.1402,17082.0
1753769332152,06:08:52.152,bitmart,XRP/USDT:USDT,3.14,10398.0,3.1399,18510.0,3.1401,69084.0,3.1402,17082.0
1753769332553,06:08:52.553,bitmart,XRP/USDT:USDT,3.14,10398.0,3.1399,18510.0,3.1401,69084.0,3.1402,17082.0
1753769333155,06:08:53.155,bitmart,XRP/USDT:USDT,3.14,12404.0,3.1399,18510.0,3.1401,84727.0,3.1402,17082.0
1753769333551,06:08:53.551,bitmart,XRP/USDT:USDT,3.1399,21847.0,3.1398,15842.0,3.1401,84727.0,3.1402,17082.0
1753769333759,06:08:53.759,bitmart,XRP/USDT:USDT,3.1397,16263.0,3.1396,13725.0,3.14,83210.0,3.1401,14105.0
1753769334153,06:08:54.153,bitmart,XRP/USDT:USDT,3.1394,7463.0,3.1393,18208.0,3.1398,12071.0,3.1399,112574.0
1753769334951,06:08:54.951,bitmart,XRP/USDT:USDT,3.139,48954.0,3.1389,14582.0,3.1392,88156.0,3.1393,14290.0
1753769335152,06:08:55.152,bitmart,XRP/USDT:USDT,3.139,48954.0,3.1389,14582.0,3.1391,100908.0,3.1392,15510.0
1753769335552,06:08:55.552,bitmart,XRP/USDT:USDT,3.139,48954.0,3.1389,14582.0,3.1391,100908.0,3.1392,15510.0
1753769335951,06:08:55.951,bitmart,XRP/USDT:USDT,3.139,48954.0,3.1389,14582.0,3.1391,100908.0,3.1392,15510.0
1753769336153,06:08:56.153,bitmart,XRP/USDT:USDT,3.139,16230.0,3.1389,14582.0,3.1391,100908.0,3.1392,15510.0
1753769336557,06:08:56.557,bitmart,XRP/USDT:USDT,3.139,16230.0,3.1389,14582.0,3.1391,100908.0,3.1392,15510.0
1753769337554,06:08:57.554,bitmart,XRP/USDT:USDT,3.1385,16071.0,3.1384,16257.0,3.1386,85494.0,3.1387,17816.0
1753769337753,06:08:57.753,bitmart,XRP/USDT:USDT,3.1384,16257.0,3.1383,15690.0,3.1386,85494.0,3.1387,17816.0
1753769337953,06:08:57.953,bitmart,XRP/USDT:USDT,3.1383,3206.0,3.1382,17657.0,3.1386,85494.0,3.1387,17816.0
1753769338355,06:08:58.355,bitmart,XRP/USDT:USDT,3.1383,3206.0,3.1382,17657.0,3.1384,108514.0,3.1385,18302.0
1753769338554,06:08:58.554,bitmart,XRP/USDT:USDT,3.1383,3206.0,3.1382,17657.0,3.1384,108514.0,3.1385,18302.0
1753769338752,06:08:58.752,bitmart,XRP/USDT:USDT,3.1383,6225.0,3.1382,17657.0,3.1384,108514.0,3.1385,18302.0
1753769339157,06:08:59.157,bitmart,XRP/USDT:USDT,3.1387,108274.0,3.1386,16080.0,3.1388,23317.0,3.1389,14403.0
1753769339355,06:08:59.355,bitmart,XRP/USDT:USDT,3.1387,108274.0,3.1386,16080.0,3.1388,23317.0,3.1389,14403.0
1753769339754,06:08:59.754,bitmart,XRP/USDT:USDT,3.1387,108274.0,3.1386,16080.0,3.1391,18493.0,3.1392,15539.0
1753769340152,06:09:00.152,bitmart,XRP/USDT:USDT,3.139,88831.0,3.1389,16375.0,3.1391,18493.0,3.1392,15539.0
1753769340351,06:09:00.351,bitmart,XRP/USDT:USDT,3.139,88831.0,3.1389,16375.0,3.1391,18493.0,3.1392,15539.0
1753769340556,06:09:00.556,bitmart,XRP/USDT:USDT,3.139,8024.0,3.1389,16375.0,3.1391,88261.0,3.1392,15539.0
1753769340958,06:09:00.958,bitmart,XRP/USDT:USDT,3.139,24751.0,3.1389,16375.0,3.1391,88261.0,3.1392,15539.0
1753769341351,06:09:01.351,bitmart,XRP/USDT:USDT,3.139,6676.0,3.1389,16375.0,3.1391,88261.0,3.1392,15539.0
1753769341954,06:09:01.954,bitmart,XRP/USDT:USDT,3.139,73850.0,3.1389,16375.0,3.1391,34335.0,3.1392,15539.0
1753769342152,06:09:02.152,bitmart,XRP/USDT:USDT,3.139,73850.0,3.1389,16375.0,3.1391,34335.0,3.1392,15539.0
1753769342351,06:09:02.351,bitmart,XRP/USDT:USDT,3.139,73850.0,3.1389,16375.0,3.1391,34335.0,3.1392,15539.0
1753769342551,06:09:02.551,bitmart,XRP/USDT:USDT,3.139,73850.0,3.1389,16375.0,3.1391,34335.0,3.1392,15539.0
1753769343152,06:09:03.152,bitmart,XRP/USDT:USDT,3.1387,47482.0,3.1386,16080.0,3.1391,91249.0,3.1392,27806.0
1753769343358,06:09:03.358,bitmart,XRP/USDT:USDT,3.1387,4373.0,3.1386,16080.0,3.1391,91249.0,3.1392,27806.0
1753769343756,06:09:03.756,bitmart,XRP/USDT:USDT,3.1383,3948.0,3.1382,14374.0,3.1385,95302.0,3.1386,13490.0
1753769344554,06:09:04.554,bitmart,XRP/USDT:USDT,3.1383,86668.0,3.1382,13728.0,3.1384,49000.0,3.1385,13940.0
1753769344756,06:09:04.756,bitmart,XRP/USDT:USDT,3.1383,86668.0,3.1382,13728.0,3.1384,49000.0,3.1385,13940.0
1753769344956,06:09:04.956,bitmart,XRP/USDT:USDT,3.1383,86668.0,3.1382,13728.0,3.1384,49000.0,3.1385,13940.0
1753769345151,06:09:05.151,bitmart,XRP/USDT:USDT,3.1383,86668.0,3.1382,13728.0,3.1384,49000.0,3.1385,13940.0
1753769345351,06:09:05.351,bitmart,XRP/USDT:USDT,3.1383,86668.0,3.1382,13728.0,3.1384,11631.0,3.1385,13940.0
1753769345551,06:09:05.551,bitmart,XRP/USDT:USDT,3.1383,86668.0,3.1382,13728.0,3.1384,11631.0,3.1385,13940.0
1753769345751,06:09:05.751,bitmart,XRP/USDT:USDT,3.1383,86668.0,3.1382,13728.0,3.1384,11631.0,3.1385,13940.0
1753769345952,06:09:05.952,bitmart,XRP/USDT:USDT,3.1383,86668.0,3.1382,13728.0,3.1384,11631.0,3.1385,13940.0
1753769346157,06:09:06.157,bitmart,XRP/USDT:USDT,3.1383,86668.0,3.1382,13728.0,3.1384,11631.0,3.1385,13940.0
1753769346351,06:09:06.351,bitmart,XRP/USDT:USDT,3.1383,86668.0,3.1382,13728.0,3.1384,11631.0,3.1385,13940.0
1753769346552,06:09:06.552,bitmart,XRP/USDT:USDT,3.1383,105796.0,3.1382,13728.0,3.1384,11631.0,3.1385,13940.0
1753769346752,06:09:06.752,bitmart,XRP/USDT:USDT,3.1383,19128.0,3.1382,13728.0,3.1384,12005.0,3.1385,13940.0
1753769346951,06:09:06.951,bitmart,XRP/USDT:USDT,3.1383,67028.0,3.1382,13728.0,3.1384,32327.0,3.1385,13940.0
1753769347153,06:09:07.153,bitmart,XRP/USDT:USDT,3.1383,67028.0,3.1382,13728.0,3.1384,16495.0,3.1385,13940.0
1753769347351,06:09:07.351,bitmart,XRP/USDT:USDT,3.1383,67028.0,3.1382,13728.0,3.1384,10367.0,3.1385,13940.0
1753769347554,06:09:07.554,bitmart,XRP/USDT:USDT,3.1383,67028.0,3.1382,13728.0,3.1384,10367.0,3.1385,13940.0
1753769348151,06:09:08.151,bitmart,XRP/USDT:USDT,3.1383,67028.0,3.1382,13728.0,3.1384,12304.0,3.1385,13940.0
1753769348554,06:09:08.554,bitmart,XRP/USDT:USDT,3.1383,67028.0,3.1382,13728.0,3.1384,34801.0,3.1385,13940.0
1753769348753,06:09:08.753,bitmart,XRP/USDT:USDT,3.1383,67028.0,3.1382,13728.0,3.1384,34801.0,3.1385,13940.0
1753769348955,06:09:08.955,bitmart,XRP/USDT:USDT,3.1383,67028.0,3.1382,13728.0,3.1384,34801.0,3.1385,13940.0
1753769349551,06:09:09.551,bitmart,XRP/USDT:USDT,3.1383,67028.0,3.1382,13728.0,3.1384,8713.0,3.1385,13940.0
1753769350151,06:09:10.151,bitmart,XRP/USDT:USDT,3.1383,67028.0,3.1382,13728.0,3.1384,8713.0,3.1385,13940.0
1753769350354,06:09:10.354,bitmart,XRP/USDT:USDT,3.1383,67028.0,3.1382,13728.0,3.1384,8713.0,3.1385,13940.0
1753769350552,06:09:10.552,bitmart,XRP/USDT:USDT,3.1383,67028.0,3.1382,13728.0,3.1384,8713.0,3.1385,13940.0
1753769350754,06:09:10.754,bitmart,XRP/USDT:USDT,3.1383,92265.0,3.1382,13728.0,3.1384,19159.0,3.1385,13940.0
1753769350951,06:09:10.951,bitmart,XRP/USDT:USDT,3.1383,102999.0,3.1382,13728.0,3.1384,29787.0,3.1385,13940.0
1753769351560,06:09:11.560,bitmart,XRP/USDT:USDT,3.1383,102999.0,3.1382,23100.0,3.1389,2077.0,3.139,15534.0
1753769351751,06:09:11.751,bitmart,XRP/USDT:USDT,3.1383,102999.0,3.1382,23100.0,3.1392,7415.0,3.1393,17010.0
1753769352358,06:09:12.358,bitmart,XRP/USDT:USDT,3.1391,99054.0,3.139,18433.0,3.1392,32988.0,3.1393,17010.0
1753769352553,06:09:12.553,bitmart,XRP/USDT:USDT,3.1391,99054.0,3.139,18433.0,3.1392,32988.0,3.1393,17010.0
1753769353551,06:09:13.551,bitmart,XRP/USDT:USDT,3.1397,106708.0,3.1396,14913.0,3.1398,52958.0,3.1399,17644.0
1753769353752,06:09:13.752,bitmart,XRP/USDT:USDT,3.1397,106708.0,3.1396,14913.0,3.1398,52958.0,3.1399,17644.0
1753769353957,06:09:13.957,bitmart,XRP/USDT:USDT,3.1397,35518.0,3.1396,14913.0,3.1398,52958.0,3.1399,17644.0
1753769354156,06:09:14.156,bitmart,XRP/USDT:USDT,3.1397,35518.0,3.1396,14913.0,3.1398,52958.0,3.1399,17644.0
1753769354358,06:09:14.358,bitmart,XRP/USDT:USDT,3.1397,35518.0,3.1396,14913.0,3.1398,52958.0,3.1399,17644.0
1753769354751,06:09:14.751,bitmart,XRP/USDT:USDT,3.1397,35518.0,3.1396,14913.0,3.1398,52958.0,3.1399,17644.0
1753769355360,06:09:15.360,bitmart,XRP/USDT:USDT,3.1397,79145.0,3.1396,14913.0,3.1398,17173.0,3.1399,17644.0
1753769355754,06:09:15.754,bitmart,XRP/USDT:USDT,3.1397,79145.0,3.1396,14913.0,3.1399,17644.0,3.14,15217.0
1753769355953,06:09:15.953,bitmart,XRP/USDT:USDT,3.1397,79145.0,3.1396,14913.0,3.1398,35875.0,3.1399,17644.0
1753769356158,06:09:16.158,bitmart,XRP/USDT:USDT,3.1397,79145.0,3.1396,14913.0,3.1398,92654.0,3.1399,17644.0
1753769356356,06:09:16.356,bitmart,XRP/USDT:USDT,3.1397,57189.0,3.1396,14913.0,3.1398,92654.0,3.1399,17644.0
1753769356551,06:09:16.551,bitmart,XRP/USDT:USDT,3.1397,57189.0,3.1396,14913.0,3.1398,92654.0,3.1399,17644.0
1753769356754,06:09:16.754,bitmart,XRP/USDT:USDT,3.1397,19713.0,3.1396,14913.0,3.1398,92654.0,3.1399,17644.0
1753769356952,06:09:16.952,bitmart,XRP/USDT:USDT,3.1397,19713.0,3.1396,14913.0,3.1398,92654.0,3.1399,17644.0
1753769357352,06:09:17.352,bitmart,XRP/USDT:USDT,3.1397,19713.0,3.1396,14913.0,3.1398,92654.0,3.1399,17644.0
1753769357552,06:09:17.552,bitmart,XRP/USDT:USDT,3.1397,19713.0,3.1396,14913.0,3.1398,92654.0,3.1399,17644.0
1753769357953,06:09:17.953,bitmart,XRP/USDT:USDT,3.1397,19713.0,3.1396,14913.0,3.1398,92654.0,3.1399,17644.0
1753769358153,06:09:18.153,bitmart,XRP/USDT:USDT,3.1397,35513.0,3.1396,14913.0,3.1398,111197.0,3.1399,36071.0
1753769358960,06:09:18.960,bitmart,XRP/USDT:USDT,3.1396,2006.0,3.1395,14799.0,3.1398,93453.0,3.1399,15672.0
1753769359155,06:09:19.155,bitmart,XRP/USDT:USDT,3.1396,2006.0,3.1395,14799.0,3.1397,86785.0,3.1398,13670.0
1753769359354,06:09:19.354,bitmart,XRP/USDT:USDT,3.1396,2006.0,3.1395,14799.0,3.1397,86785.0,3.1398,13670.0
1753769360352,06:09:20.352,bitmart,XRP/USDT:USDT,3.1396,95534.0,3.1395,14799.0,3.1399,1413.0,3.14,15217.0
1753769360759,06:09:20.759,bitmart,XRP/USDT:USDT,3.1397,8211.0,3.1396,26475.0,3.1401,329.0,3.1402,18011.0
1753769360951,06:09:20.951,bitmart,XRP/USDT:USDT,3.1398,84432.0,3.1397,27089.0,3.1404,16434.0,3.1405,18109.0
1753769361551,06:09:21.551,bitmart,XRP/USDT:USDT,3.1403,100108.0,3.1402,16680.0,3.1404,57774.0,3.1405,18109.0
1753769361756,06:09:21.756,bitmart,XRP/USDT:USDT,3.1403,100108.0,3.1402,16680.0,3.1404,57774.0,3.1405,18109.0
1753769361956,06:09:21.956,bitmart,XRP/USDT:USDT,3.1403,100108.0,3.1402,16680.0,3.1404,57774.0,3.1405,18109.0
1753769362357,06:09:22.357,bitmart,XRP/USDT:USDT,3.1403,60743.0,3.1402,16680.0,3.1404,57774.0,3.1405,18109.0
1753769362551,06:09:22.551,bitmart,XRP/USDT:USDT,3.1403,60743.0,3.1402,16680.0,3.1404,57774.0,3.1405,18109.0
1753769362754,06:09:22.754,bitmart,XRP/USDT:USDT,3.1403,60743.0,3.1402,16680.0,3.1404,57774.0,3.1405,18109.0
1753769363157,06:09:23.157,bitmart,XRP/USDT:USDT,3.1403,60743.0,3.1402,16680.0,3.1404,57774.0,3.1405,18109.0
1753769363352,06:09:23.352,bitmart,XRP/USDT:USDT,3.1403,60743.0,3.1402,16680.0,3.1404,57774.0,3.1405,18109.0
1753769363751,06:09:23.751,bitmart,XRP/USDT:USDT,3.1403,83082.0,3.1402,16680.0,3.1404,29403.0,3.1405,18109.0
1753769364355,06:09:24.355,bitmart,XRP/USDT:USDT,3.1403,138557.0,3.1402,16680.0,3.1404,62105.0,3.1405,18109.0
1753769364556,06:09:24.556,bitmart,XRP/USDT:USDT,3.1403,138557.0,3.1402,16680.0,3.1404,62105.0,3.1405,18109.0
1753769364753,06:09:24.753,bitmart,XRP/USDT:USDT,3.1403,138557.0,3.1402,16680.0,3.1404,62105.0,3.1405,18109.0
1753769364951,06:09:24.951,bitmart,XRP/USDT:USDT,3.1403,66445.0,3.1402,16680.0,3.1404,62105.0,3.1405,18109.0
1753769365157,06:09:25.157,bitmart,XRP/USDT:USDT,3.1403,66445.0,3.1402,16680.0,3.1404,62105.0,3.1405,18109.0
1753769365351,06:09:25.351,bitmart,XRP/USDT:USDT,3.1403,60743.0,3.1402,16680.0,3.1405,18109.0,3.1406,15446.0
1753769365555,06:09:25.555,bitmart,XRP/USDT:USDT,3.1403,60743.0,3.1401,40085.0,3.1404,87629.0,3.1405,18109.0
1753769365951,06:09:25.951,bitmart,XRP/USDT:USDT,3.1403,60743.0,3.1399,16443.0,3.1404,87629.0,3.1405,32008.0
1753769366350,06:09:26.350,bitmart,XRP/USDT:USDT,3.1403,60743.0,3.1396,13349.0,3.1404,87629.0,3.1405,32008.0
1753769366752,06:09:26.752,bitmart,XRP/USDT:USDT,3.1403,60743.0,3.1396,6733.0,3.1404,104649.0,3.1405,32008.0
1753769366952,06:09:26.952,bitmart,XRP/USDT:USDT,3.1403,60743.0,3.1396,6733.0,3.1404,98274.0,3.1405,32008.0
1753769367152,06:09:27.152,bitmart,XRP/USDT:USDT,3.1403,60743.0,3.1396,24854.0,3.1404,98067.0,3.1405,32008.0
1753769367355,06:09:27.355,bitmart,XRP/USDT:USDT,3.1403,60743.0,3.1396,8895.0,3.1404,101780.0,3.1405,32008.0
1753769367552,06:09:27.552,bitmart,XRP/USDT:USDT,3.1403,60743.0,3.1396,8895.0,3.1404,94033.0,3.1405,32008.0
1753769367959,06:09:27.959,bitmart,XRP/USDT:USDT,3.1403,60743.0,3.1396,8895.0,3.1404,102165.0,3.1405,32008.0
1753769368153,06:09:28.153,bitmart,XRP/USDT:USDT,3.1403,60743.0,3.1396,8895.0,3.1404,94520.0,3.1405,32008.0
1753769368553,06:09:28.553,bitmart,XRP/USDT:USDT,3.139,3243.0,3.1389,13720.0,3.1404,87629.0,3.1405,32008.0
1753769368954,06:09:28.954,bitmart,XRP/USDT:USDT,3.139,89841.0,3.1389,13720.0,3.1391,10047.0,3.1392,15099.0
1753769369751,06:09:29.751,bitmart,XRP/USDT:USDT,3.139,89841.0,3.1389,13720.0,3.1391,12555.0,3.1392,15099.0
1753769370158,06:09:30.158,bitmart,XRP/USDT:USDT,3.139,89841.0,3.1389,13720.0,3.1391,12555.0,3.1392,15099.0
1753769370555,06:09:30.555,bitmart,XRP/USDT:USDT,3.139,89841.0,3.1389,13720.0,3.1391,35357.0,3.1392,15099.0
1753769371151,06:09:31.151,bitmart,XRP/USDT:USDT,3.139,5134.0,3.1389,13720.0,3.1391,106744.0,3.1392,15099.0
1753769371353,06:09:31.353,bitmart,XRP/USDT:USDT,3.1388,61118.0,3.1387,16969.0,3.1391,63797.0,3.1392,15099.0
1753769371751,06:09:31.751,bitmart,XRP/USDT:USDT,3.1388,61118.0,3.1387,16969.0,3.1389,74978.0,3.139,14384.0
1753769372554,06:09:32.554,bitmart,XRP/USDT:USDT,3.1383,17255.0,3.1382,18498.0,3.1389,74978.0,3.139,21265.0
1753769372759,06:09:32.759,bitmart,XRP/USDT:USDT,3.1383,17255.0,3.1382,18498.0,3.1387,100959.0,3.1388,31257.0
1753769372952,06:09:32.952,bitmart,XRP/USDT:USDT,3.1383,17255.0,3.1382,18498.0,3.1387,114445.0,3.1388,31257.0
1753769373151,06:09:33.151,bitmart,XRP/USDT:USDT,3.1383,17255.0,3.1382,18498.0,3.1384,101666.0,3.1385,14529.0
1753769373357,06:09:33.357,bitmart,XRP/USDT:USDT,3.1383,44573.0,3.1382,18498.0,3.1384,101666.0,3.1385,14529.0
1753769373551,06:09:33.551,bitmart,XRP/USDT:USDT,3.1383,44573.0,3.1382,18498.0,3.1384,101666.0,3.1385,14529.0
1753769373953,06:09:33.953,bitmart,XRP/USDT:USDT,3.1383,44573.0,3.1382,18498.0,3.1384,101666.0,3.1385,14529.0
1753769374152,06:09:34.152,bitmart,XRP/USDT:USDT,3.1383,44573.0,3.1382,18498.0,3.1384,101666.0,3.1385,14529.0
1753769375355,06:09:35.355,bitmart,XRP/USDT:USDT,3.138,68742.0,3.1379,17826.0,3.1381,21673.0,3.1382,15028.0
1753769375752,06:09:35.752,bitmart,XRP/USDT:USDT,3.138,68742.0,3.1379,17826.0,3.1381,12266.0,3.1382,15028.0
1753769375955,06:09:35.955,bitmart,XRP/USDT:USDT,3.138,68742.0,3.1379,17826.0,3.1381,12266.0,3.1382,15028.0
1753769376151,06:09:36.151,bitmart,XRP/USDT:USDT,3.138,68742.0,3.1379,17826.0,3.1381,12266.0,3.1382,15028.0
1753769376557,06:09:36.557,bitmart,XRP/USDT:USDT,3.138,68742.0,3.1379,17826.0,3.1381,12266.0,3.1382,15028.0
1753769376952,06:09:36.952,bitmart,XRP/USDT:USDT,3.138,68742.0,3.1379,17826.0,3.1381,12266.0,3.1382,15028.0
1753769377165,06:09:37.165,bitmart,XRP/USDT:USDT,3.138,87158.0,3.1379,17826.0,3.1381,25505.0,3.1382,15028.0
1753769377354,06:09:37.354,bitmart,XRP/USDT:USDT,3.138,82502.0,3.1379,17826.0,3.1381,13239.0,3.1382,15028.0
1753769377551,06:09:37.551,bitmart,XRP/USDT:USDT,3.138,21762.0,3.1379,17826.0,3.1381,13239.0,3.1382,15028.0
1753769377758,06:09:37.758,bitmart,XRP/USDT:USDT,3.1379,17826.0,3.1378,14940.0,3.1381,38796.0,3.1382,15028.0
1753769377953,06:09:37.953,bitmart,XRP/USDT:USDT,3.1379,17826.0,3.1378,14940.0,3.1381,38796.0,3.1382,15028.0
1753769378554,06:09:38.554,bitmart,XRP/USDT:USDT,3.1379,17826.0,3.1378,14940.0,3.1381,10524.0,3.1382,15028.0
1753769378751,06:09:38.751,bitmart,XRP/USDT:USDT,3.1379,17826.0,3.1378,14940.0,3.1381,10524.0,3.1382,15028.0
1753769378953,06:09:38.953,bitmart,XRP/USDT:USDT,3.1379,17826.0,3.1378,14940.0,3.1381,34984.0,3.1382,15028.0
1753769379354,06:09:39.354,bitmart,XRP/USDT:USDT,3.138,63962.0,3.1379,17826.0,3.1381,39708.0,3.1382,15028.0
1753769379551,06:09:39.551,bitmart,XRP/USDT:USDT,3.138,63962.0,3.1379,17826.0,3.1381,63641.0,3.1382,15028.0
1753769379752,06:09:39.752,bitmart,XRP/USDT:USDT,3.138,12622.0,3.1379,17826.0,3.1381,63641.0,3.1382,15028.0
1753769380353,06:09:40.353,bitmart,XRP/USDT:USDT,3.138,12622.0,3.1379,17826.0,3.1381,63641.0,3.1382,15028.0
1753769380554,06:09:40.554,bitmart,XRP/USDT:USDT,3.138,12622.0,3.1379,17826.0,3.1381,63641.0,3.1382,15028.0
1753769380752,06:09:40.752,bitmart,XRP/USDT:USDT,3.138,12622.0,3.1379,17826.0,3.1381,63641.0,3.1382,15028.0
1753769380951,06:09:40.951,bitmart,XRP/USDT:USDT,3.138,26018.0,3.1379,17826.0,3.1381,94003.0,3.1382,15028.0
1753769381152,06:09:41.152,bitmart,XRP/USDT:USDT,3.138,70848.0,3.1379,17826.0,3.1381,51049.0,3.1382,15028.0
1753769381353,06:09:41.353,bitmart,XRP/USDT:USDT,3.138,70848.0,3.1379,17826.0,3.1381,51049.0,3.1382,15028.0
1753769381555,06:09:41.555,bitmart,XRP/USDT:USDT,3.138,70848.0,3.1379,17826.0,3.1384,18302.0,3.1385,14529.0
1753769381956,06:09:41.956,bitmart,XRP/USDT:USDT,3.1383,95071.0,3.1382,16127.0,3.1384,21337.0,3.1385,17547.0
1753769382752,06:09:42.752,bitmart,XRP/USDT:USDT,3.1383,6736.0,3.1382,16127.0,3.1384,89370.0,3.1385,17547.0
1753769382956,06:09:42.956,bitmart,XRP/USDT:USDT,3.1383,6736.0,3.1382,16127.0,3.1384,89370.0,3.1385,17547.0
1753769383153,06:09:43.153,bitmart,XRP/USDT:USDT,3.1383,6736.0,3.1382,16127.0,3.1384,89370.0,3.1385,17547.0
1753769383551,06:09:43.551,bitmart,XRP/USDT:USDT,3.1383,6736.0,3.1382,16127.0,3.1384,89370.0,3.1385,17547.0
1753769383956,06:09:43.956,bitmart,XRP/USDT:USDT,3.1383,13442.0,3.1382,16127.0,3.1384,124853.0,3.1385,17547.0
1753769384169,06:09:44.169,bitmart,XRP/USDT:USDT,3.1383,6706.0,3.1382,16127.0,3.1384,35483.0,3.1385,17547.0
1753769384558,06:09:44.558,bitmart,XRP/USDT:USDT,3.1383,62147.0,3.1382,16127.0,3.1384,35483.0,3.1385,17547.0
1753769384952,06:09:44.952,bitmart,XRP/USDT:USDT,3.1384,110891.0,3.1383,17844.0,3.1385,6146.0,3.1386,14500.0
1753769386557,06:09:46.557,bitmart,XRP/USDT:USDT,3.1383,17844.0,3.1382,16127.0,3.1385,55900.0,3.1386,14500.0
1753769386754,06:09:46.754,bitmart,XRP/USDT:USDT,3.1384,7555.0,3.1383,17844.0,3.1385,55900.0,3.1386,14500.0
1753769387758,06:09:47.758,bitmart,XRP/USDT:USDT,3.1384,7555.0,3.1383,17844.0,3.1385,55900.0,3.1386,14500.0
1753769387952,06:09:47.952,bitmart,XRP/USDT:USDT,3.1384,22201.0,3.1383,17844.0,3.1385,55900.0,3.1386,14500.0
1753769388151,06:09:48.151,bitmart,XRP/USDT:USDT,3.1384,76904.0,3.1383,17844.0,3.1385,13666.0,3.1386,14500.0
1753769388351,06:09:48.351,bitmart,XRP/USDT:USDT,3.1384,76904.0,3.1383,17844.0,3.1385,13666.0,3.1386,14500.0
1753769388351,06:09:48.351,bitmart,XRP/USDT:USDT,3.1384,76904.0,3.1383,17844.0,3.1386,14500.0,3.1387,16857.0
1753769388551,06:09:48.551,bitmart,XRP/USDT:USDT,3.1384,76904.0,3.1383,17844.0,3.1386,14500.0,3.1387,16857.0
1753769388956,06:09:48.956,bitmart,XRP/USDT:USDT,3.1385,80210.0,3.1384,15422.0,3.1387,16857.0,3.1388,17975.0
1753769389153,06:09:49.153,bitmart,XRP/USDT:USDT,3.1385,80210.0,3.1384,15422.0,3.1387,16857.0,3.1388,17975.0
1753769389354,06:09:49.354,bitmart,XRP/USDT:USDT,3.1386,95664.0,3.1385,16785.0,3.1387,51745.0,3.1388,17975.0
1753769389553,06:09:49.553,bitmart,XRP/USDT:USDT,3.1386,95664.0,3.1385,16785.0,3.1387,51745.0,3.1388,17975.0
1753769389756,06:09:49.756,bitmart,XRP/USDT:USDT,3.1386,95664.0,3.1385,16785.0,3.1387,51745.0,3.1388,17975.0
1753769390351,06:09:50.351,bitmart,XRP/USDT:USDT,3.139,103996.0,3.1389,14674.0,3.1391,30372.0,3.1392,15759.0
1753769390554,06:09:50.554,bitmart,XRP/USDT:USDT,3.139,103996.0,3.1389,14674.0,3.1391,30372.0,3.1392,15759.0
1753769390777,06:09:50.777,bitmart,XRP/USDT:USDT,3.139,103996.0,3.1389,14674.0,3.1391,30372.0,3.1392,15759.0
1753769390777,06:09:50.777,bitmart,XRP/USDT:USDT,3.139,103996.0,3.1389,14674.0,3.1391,40839.0,3.1392,15759.0
1753769390951,06:09:50.951,bitmart,XRP/USDT:USDT,3.139,103996.0,3.1389,14674.0,3.1391,29702.0,3.1392,15759.0
1753769391357,06:09:51.357,bitmart,XRP/USDT:USDT,3.139,103996.0,3.1389,14674.0,3.1391,29702.0,3.1392,15759.0
1753769391552,06:09:51.552,bitmart,XRP/USDT:USDT,3.139,103996.0,3.1389,14674.0,3.1391,80051.0,3.1392,15759.0
1753769391754,06:09:51.754,bitmart,XRP/USDT:USDT,3.139,42471.0,3.1389,14674.0,3.1391,80051.0,3.1392,15759.0
1753769392350,06:09:52.350,bitmart,XRP/USDT:USDT,3.139,34742.0,3.1389,14674.0,3.1391,80051.0,3.1392,15759.0
1753769392751,06:09:52.751,bitmart,XRP/USDT:USDT,3.139,34742.0,3.1389,14674.0,3.1391,80051.0,3.1392,15759.0
1753769392953,06:09:52.953,bitmart,XRP/USDT:USDT,3.139,34742.0,3.1389,14674.0,3.1391,80051.0,3.1392,15759.0
1753769393150,06:09:53.150,bitmart,XRP/USDT:USDT,3.1387,15357.0,3.1386,16112.0,3.1392,15759.0,3.1393,13704.0
1753769393351,06:09:53.351,bitmart,XRP/USDT:USDT,3.1384,15422.0,3.1383,13491.0,3.1391,105979.0,3.1392,25784.0
1753769393551,06:09:53.551,bitmart,XRP/USDT:USDT,3.1381,17613.0,3.138,14532.0,3.1386,89910.0,3.1387,17596.0
1753769393758,06:09:53.758,bitmart,XRP/USDT:USDT,3.138,14532.0,3.1379,15074.0,3.1386,96091.0,3.1387,24745.0
1753769394760,06:09:54.760,bitmart,XRP/USDT:USDT,3.138,38983.0,3.1379,15074.0,3.1381,36592.0,3.1382,15101.0
1753769394951,06:09:54.951,bitmart,XRP/USDT:USDT,3.138,96029.0,3.1379,15074.0,3.1381,2344.0,3.1382,15101.0
1753769395155,06:09:55.155,bitmart,XRP/USDT:USDT,3.138,96029.0,3.1379,15074.0,3.1381,2344.0,3.1382,15101.0
1753769395554,06:09:55.554,bitmart,XRP/USDT:USDT,3.138,96029.0,3.1379,15074.0,3.1381,2344.0,3.1382,15101.0
1753769395757,06:09:55.757,bitmart,XRP/USDT:USDT,3.138,96029.0,3.1379,15074.0,3.1381,5717.0,3.1382,15101.0
1753769395958,06:09:55.958,bitmart,XRP/USDT:USDT,3.138,96029.0,3.1379,15074.0,3.1381,5717.0,3.1382,15101.0
1753769396151,06:09:56.151,bitmart,XRP/USDT:USDT,3.138,96029.0,3.1379,15074.0,3.1381,5717.0,3.1382,15101.0
