timestamp,time,exchange,symbol,bid1_price,bid1_volume,bid2_price,bid2_volume,ask1_price,ask1_volume,ask2_price,ask2_volume
1753769553506,06:12:33.506,okx,LTC/USDT:USDT,109.76,254.3,109.75,168.9,109.77,4.1,109.78,1.7
1753769553906,06:12:33.906,okx,LTC/USDT:USDT,109.76,254.3,109.75,176.3,109.77,4.1,109.78,1.7
1753769554606,06:12:34.606,okx,LTC/USDT:USDT,109.77,298.8,109.76,90.3,109.78,13.8,109.79,48.0
1753769554906,06:12:34.906,okx,LTC/USDT:USDT,109.77,316.7,109.76,131.1,109.78,12.2,109.79,48.0
1753769555106,06:12:35.106,okx,LTC/USDT:USDT,109.77,163.2,109.76,115.3,109.78,38.8,109.79,48.0
1753769555706,06:12:35.706,okx,LTC/USDT:USDT,109.77,99.6,109.76,123.8,109.78,38.8,109.79,57.2
1753769555806,06:12:35.806,okx,LTC/USDT:USDT,109.77,134.0,109.76,123.8,109.78,38.8,109.79,48.0
1753769556006,06:12:36.006,okx,LTC/USDT:USDT,109.77,159.0,109.76,128.3,109.78,10.7,109.79,48.0
1753769556206,06:12:36.206,okx,LTC/USDT:USDT,109.77,159.1,109.76,128.3,109.78,10.7,109.79,48.0
1753769557206,06:12:37.206,okx,LTC/USDT:USDT,109.77,136.8,109.76,122.6,109.78,35.7,109.79,48.0
1753769558206,06:12:38.206,okx,LTC/USDT:USDT,109.77,136.8,109.76,122.6,109.78,11.0,109.79,48.0
1753769558306,06:12:38.306,okx,LTC/USDT:USDT,109.77,118.9,109.76,109.7,109.78,11.0,109.79,48.0
1753769558406,06:12:38.406,okx,LTC/USDT:USDT,109.77,137.1,109.76,122.6,109.78,26.0,109.79,48.0
1753769558606,06:12:38.606,okx,LTC/USDT:USDT,109.77,137.1,109.76,122.6,109.78,26.2,109.79,48.0
1753769559206,06:12:39.206,okx,LTC/USDT:USDT,109.77,118.2,109.76,122.6,109.78,26.2,109.79,48.0
1753769559506,06:12:39.506,okx,LTC/USDT:USDT,109.77,27.4,109.76,82.2,109.78,37.9,109.79,74.9
1753769559806,06:12:39.806,okx,LTC/USDT:USDT,109.77,25.9,109.76,122.6,109.78,37.1,109.79,62.0
1753769559906,06:12:39.906,okx,LTC/USDT:USDT,109.77,46.4,109.76,122.6,109.78,37.1,109.79,62.0
1753769560106,06:12:40.106,okx,LTC/USDT:USDT,109.77,80.7,109.76,127.1,109.78,37.0,109.79,62.0
1753769560306,06:12:40.306,okx,LTC/USDT:USDT,109.77,80.7,109.76,127.1,109.78,48.6,109.79,62.0
1753769560406,06:12:40.406,okx,LTC/USDT:USDT,109.77,28.2,109.76,127.1,109.78,37.1,109.79,62.0
1753769560506,06:12:40.506,okx,LTC/USDT:USDT,109.77,28.2,109.76,86.7,109.78,37.1,109.79,62.0
1753769560606,06:12:40.606,okx,LTC/USDT:USDT,109.77,28.2,109.76,126.3,109.78,37.1,109.79,62.0
1753769560706,06:12:40.706,okx,LTC/USDT:USDT,109.77,28.2,109.76,126.3,109.78,37.1,109.79,62.0
1753769560906,06:12:40.906,okx,LTC/USDT:USDT,109.77,28.2,109.76,126.3,109.78,37.1,109.79,62.0
1753769561106,06:12:41.106,okx,LTC/USDT:USDT,109.77,46.1,109.76,121.8,109.78,37.1,109.79,62.0
1753769561206,06:12:41.206,okx,LTC/USDT:USDT,109.77,46.1,109.76,121.8,109.78,37.1,109.79,62.0
1753769561406,06:12:41.406,okx,LTC/USDT:USDT,109.77,45.2,109.76,121.8,109.78,37.1,109.79,62.0
1753769562496,06:12:42.496,okx,LTC/USDT:USDT,109.77,54.7,109.76,226.3,109.78,12.3,109.79,62.0
1753769562706,06:12:42.706,okx,LTC/USDT:USDT,109.77,102.0,109.76,226.3,109.78,12.3,109.79,62.0
1753769563605,06:12:43.605,okx,LTC/USDT:USDT,109.77,102.0,109.76,226.3,109.78,12.4,109.79,62.0
1753769564405,06:12:44.405,okx,LTC/USDT:USDT,109.77,70.9,109.76,226.3,109.78,12.4,109.79,62.0
1753769564505,06:12:44.505,okx,LTC/USDT:USDT,109.77,102.1,109.76,228.1,109.78,12.4,109.79,62.0
1753769564605,06:12:44.605,okx,LTC/USDT:USDT,109.77,102.1,109.76,228.1,109.78,12.4,109.79,62.0
1753769564805,06:12:44.805,okx,LTC/USDT:USDT,109.77,101.4,109.76,230.4,109.78,11.7,109.79,62.0
1753769565005,06:12:45.005,okx,LTC/USDT:USDT,109.77,88.4,109.76,230.4,109.78,11.6,109.79,62.0
1753769565105,06:12:45.105,okx,LTC/USDT:USDT,109.77,88.4,109.76,230.4,109.78,10.9,109.79,62.0
1753769565505,06:12:45.505,okx,LTC/USDT:USDT,109.77,101.3,109.76,230.4,109.78,9.0,109.79,48.0
1753769565805,06:12:45.805,okx,LTC/USDT:USDT,109.77,85.2,109.76,229.7,109.78,0.2,109.79,48.0
1753769565905,06:12:45.905,okx,LTC/USDT:USDT,109.78,57.2,109.77,193.3,109.79,41.3,109.8,83.2
1753769566305,06:12:46.305,okx,LTC/USDT:USDT,109.78,56.5,109.77,132.9,109.79,56.4,109.8,93.3
1753769566505,06:12:46.505,okx,LTC/USDT:USDT,109.78,45.6,109.77,158.9,109.79,41.5,109.8,93.3
1753769566605,06:12:46.605,okx,LTC/USDT:USDT,109.78,45.8,109.77,158.9,109.79,41.5,109.8,93.3
1753769566805,06:12:46.805,okx,LTC/USDT:USDT,109.78,45.0,109.77,159.0,109.79,38.0,109.8,93.3
1753769566905,06:12:46.905,okx,LTC/USDT:USDT,109.78,63.9,109.77,158.0,109.79,49.0,109.8,93.3
1753769567105,06:12:47.105,okx,LTC/USDT:USDT,109.78,46.0,109.77,158.0,109.79,49.0,109.8,68.3
1753769567305,06:12:47.305,okx,LTC/USDT:USDT,109.78,36.8,109.77,132.0,109.79,42.2,109.8,68.3
1753769567405,06:12:47.405,okx,LTC/USDT:USDT,109.78,37.7,109.77,132.0,109.79,42.2,109.8,89.7
1753769567505,06:12:47.505,okx,LTC/USDT:USDT,109.78,46.7,109.77,157.0,109.79,42.2,109.8,68.3
1753769568205,06:12:48.205,okx,LTC/USDT:USDT,109.78,46.7,109.77,132.0,109.79,53.7,109.8,93.3
1753769568505,06:12:48.505,okx,LTC/USDT:USDT,109.78,46.9,109.77,157.0,109.79,41.9,109.8,93.3
1753769568905,06:12:48.905,okx,LTC/USDT:USDT,109.78,46.9,109.77,132.0,109.79,41.9,109.8,93.3
1753769569005,06:12:49.005,okx,LTC/USDT:USDT,109.78,46.0,109.77,157.0,109.79,54.0,109.8,68.3
1753769569305,06:12:49.305,okx,LTC/USDT:USDT,109.78,64.8,109.77,157.0,109.79,54.0,109.8,68.3
1753769569405,06:12:49.405,okx,LTC/USDT:USDT,109.78,46.9,109.77,157.0,109.79,41.9,109.8,68.3
1753769569705,06:12:49.705,okx,LTC/USDT:USDT,109.78,46.9,109.77,157.0,109.79,41.9,109.8,68.3
1753769569805,06:12:49.805,okx,LTC/USDT:USDT,109.78,46.9,109.77,157.0,109.79,52.8,109.8,68.3
1753769569905,06:12:49.905,okx,LTC/USDT:USDT,109.78,78.8,109.77,157.0,109.79,52.8,109.8,68.3
1753769570005,06:12:50.005,okx,LTC/USDT:USDT,109.78,77.8,109.77,157.0,109.79,50.4,109.8,68.3
1753769570105,06:12:50.105,okx,LTC/USDT:USDT,109.78,77.8,109.77,157.0,109.79,50.4,109.8,68.3
1753769570305,06:12:50.305,okx,LTC/USDT:USDT,109.78,59.9,109.77,132.0,109.79,50.4,109.8,93.3
1753769570505,06:12:50.505,okx,LTC/USDT:USDT,109.78,25.9,109.77,132.0,109.79,54.0,109.8,93.3
1753769570805,06:12:50.805,okx,LTC/USDT:USDT,109.78,34.9,109.77,156.7,109.79,61.6,109.8,93.3
1753769570905,06:12:50.905,okx,LTC/USDT:USDT,109.78,34.9,109.77,156.7,109.79,54.0,109.8,93.3
1753769571905,06:12:51.905,okx,LTC/USDT:USDT,109.78,60.0,109.77,156.7,109.79,49.0,109.8,68.3
1753769572005,06:12:52.005,okx,LTC/USDT:USDT,109.78,60.0,109.77,156.7,109.79,49.0,109.8,68.3
1753769572205,06:12:52.205,okx,LTC/USDT:USDT,109.78,60.0,109.77,156.7,109.79,49.0,109.8,68.3
1753769572305,06:12:52.305,okx,LTC/USDT:USDT,109.78,60.0,109.77,156.7,109.79,49.0,109.8,68.3
1753769572405,06:12:52.405,okx,LTC/USDT:USDT,109.78,60.0,109.77,156.7,109.79,52.7,109.8,68.3
1753769573005,06:12:53.005,okx,LTC/USDT:USDT,109.78,60.0,109.77,132.0,109.79,52.6,109.8,105.9
1753769573905,06:12:53.905,okx,LTC/USDT:USDT,109.78,60.0,109.77,132.0,109.79,53.1,109.8,68.3
1753769574005,06:12:54.005,okx,LTC/USDT:USDT,109.78,60.0,109.77,132.0,109.79,53.1,109.8,105.9
1753769574205,06:12:54.205,okx,LTC/USDT:USDT,109.78,60.0,109.77,132.0,109.79,53.6,109.8,105.9
1753769574305,06:12:54.305,okx,LTC/USDT:USDT,109.78,60.0,109.77,132.0,109.79,53.6,109.8,105.9
1753769574505,06:12:54.505,okx,LTC/USDT:USDT,109.78,60.0,109.77,132.0,109.79,113.6,109.8,105.9
1753769574605,06:12:54.605,okx,LTC/USDT:USDT,109.78,60.0,109.77,132.0,109.79,113.6,109.8,105.9
1753769575405,06:12:55.405,okx,LTC/USDT:USDT,109.78,60.0,109.77,132.0,109.79,113.6,109.8,93.0
1753769575505,06:12:55.505,okx,LTC/USDT:USDT,109.78,59.8,109.77,132.0,109.79,114.1,109.8,105.9
1753769575805,06:12:55.805,okx,LTC/USDT:USDT,109.78,147.4,109.77,171.3,109.79,34.4,109.8,9.2
1753769576005,06:12:56.005,okx,LTC/USDT:USDT,109.78,129.5,109.77,178.2,109.79,43.4,109.8,6.2
1753769576205,06:12:56.205,okx,LTC/USDT:USDT,109.78,129.5,109.77,178.2,109.79,47.2,109.8,6.2
1753769576305,06:12:56.305,okx,LTC/USDT:USDT,109.78,147.4,109.77,174.2,109.79,47.2,109.8,6.2
1753769576705,06:12:56.705,okx,LTC/USDT:USDT,109.78,129.5,109.77,151.8,109.79,47.2,109.8,6.2
1753769576805,06:12:56.805,okx,LTC/USDT:USDT,109.78,129.5,109.77,151.8,109.79,47.2,109.8,6.2
1753769577305,06:12:57.305,okx,LTC/USDT:USDT,109.78,112.1,109.77,149.4,109.79,46.7,109.8,27.6
1753769577405,06:12:57.405,okx,LTC/USDT:USDT,109.78,112.1,109.77,149.4,109.79,46.7,109.8,27.6
1753769577805,06:12:57.805,okx,LTC/USDT:USDT,109.78,96.5,109.77,149.0,109.79,50.1,109.8,27.6
1753769578205,06:12:58.205,okx,LTC/USDT:USDT,109.78,109.4,109.77,175.4,109.79,50.1,109.8,27.6
1753769579905,06:12:59.905,okx,LTC/USDT:USDT,109.78,96.5,109.77,175.4,109.79,50.0,109.8,27.6
1753769580005,06:13:00.005,okx,LTC/USDT:USDT,109.78,96.5,109.77,175.4,109.79,50.0,109.8,27.4
1753769580305,06:13:00.305,okx,LTC/USDT:USDT,109.78,97.5,109.77,175.4,109.79,50.0,109.8,37.2
1753769580405,06:13:00.405,okx,LTC/USDT:USDT,109.78,97.5,109.77,151.9,109.79,50.0,109.8,37.2
1753769580605,06:13:00.605,okx,LTC/USDT:USDT,109.78,95.7,109.77,130.6,109.79,50.5,109.8,35.9
1753769580705,06:13:00.705,okx,LTC/USDT:USDT,109.78,95.7,109.77,130.6,109.79,50.5,109.8,35.9
1753769580805,06:13:00.805,okx,LTC/USDT:USDT,109.78,95.7,109.77,130.6,109.79,50.5,109.8,35.9
1753769581105,06:13:01.105,okx,LTC/USDT:USDT,109.78,109.2,109.77,157.3,109.79,50.5,109.8,35.9
1753769581305,06:13:01.305,okx,LTC/USDT:USDT,109.78,96.3,109.77,130.9,109.79,50.5,109.8,35.9
1753769581505,06:13:01.505,okx,LTC/USDT:USDT,109.78,63.7,109.77,116.2,109.79,51.4,109.8,62.3
1753769581805,06:13:01.805,okx,LTC/USDT:USDT,109.78,130.0,109.77,155.5,109.79,51.4,109.8,27.4
1753769582105,06:13:02.105,okx,LTC/USDT:USDT,109.78,130.2,109.77,155.5,109.79,51.4,109.8,27.4
1753769582205,06:13:02.205,okx,LTC/USDT:USDT,109.78,130.2,109.77,155.5,109.79,51.4,109.8,27.4
1753769582405,06:13:02.405,okx,LTC/USDT:USDT,109.78,130.2,109.77,155.5,109.79,50.7,109.8,27.4
1753769582505,06:13:02.505,okx,LTC/USDT:USDT,109.78,130.2,109.77,155.5,109.79,50.8,109.8,27.4
1753769583305,06:13:03.305,okx,LTC/USDT:USDT,109.78,63.9,109.77,129.1,109.79,50.8,109.8,37.2
1753769583405,06:13:03.405,okx,LTC/USDT:USDT,109.78,38.9,109.77,129.1,109.79,50.8,109.8,51.2
1753769583605,06:13:03.605,okx,LTC/USDT:USDT,109.78,38.9,109.77,129.1,109.79,50.8,109.8,51.2
1753769583805,06:13:03.805,okx,LTC/USDT:USDT,109.78,27.6,109.77,116.2,109.79,60.6,109.8,90.5
1753769584205,06:13:04.205,okx,LTC/USDT:USDT,109.78,2.8,109.77,65.6,109.79,179.6,109.8,131.5
1753769584505,06:13:04.505,okx,LTC/USDT:USDT,109.78,2.8,109.77,65.6,109.79,140.3,109.8,131.5
1753769585705,06:13:05.705,okx,LTC/USDT:USDT,109.78,13.5,109.77,129.9,109.79,106.4,109.8,63.2
1753769585805,06:13:05.805,okx,LTC/USDT:USDT,109.78,45.2,109.77,129.9,109.79,90.8,109.8,58.7
1753769585905,06:13:05.905,okx,LTC/USDT:USDT,109.78,45.4,109.77,129.9,109.79,90.8,109.8,58.7
1753769586005,06:13:06.005,okx,LTC/USDT:USDT,109.78,118.8,109.77,129.9,109.79,75.7,109.8,58.7
1753769586405,06:13:06.405,okx,LTC/USDT:USDT,109.78,27.5,109.77,129.9,109.79,77.6,109.8,58.7
1753769586505,06:13:06.505,okx,LTC/USDT:USDT,109.78,27.5,109.77,129.9,109.79,77.6,109.8,58.7
1753769586705,06:13:06.705,okx,LTC/USDT:USDT,109.78,27.5,109.77,90.6,109.79,77.6,109.8,58.7
1753769586905,06:13:06.905,okx,LTC/USDT:USDT,109.78,27.5,109.77,129.9,109.79,77.6,109.8,58.7
1753769587205,06:13:07.205,okx,LTC/USDT:USDT,109.78,13.5,109.77,90.6,109.79,77.6,109.8,83.7
1753769588205,06:13:08.205,okx,LTC/USDT:USDT,109.78,13.1,109.77,110.5,109.79,105.1,109.8,129.8
1753769588305,06:13:08.305,okx,LTC/USDT:USDT,109.78,12.4,109.77,110.5,109.79,156.1,109.8,131.7
1753769588705,06:13:08.705,okx,LTC/USDT:USDT,109.78,11.5,109.77,110.5,109.79,202.8,109.8,132.7
1753769588805,06:13:08.805,okx,LTC/USDT:USDT,109.78,13.1,109.77,110.5,109.79,140.9,109.8,132.7
1753769589305,06:13:09.305,okx,LTC/USDT:USDT,109.78,12.2,109.77,110.5,109.79,136.1,109.8,90.5
1753769589405,06:13:09.405,okx,LTC/USDT:USDT,109.78,11.5,109.77,110.5,109.79,136.1,109.8,130.5
1753769589505,06:13:09.505,okx,LTC/USDT:USDT,109.78,11.5,109.77,110.5,109.79,180.9,109.8,130.5
1753769589705,06:13:09.705,okx,LTC/USDT:USDT,109.78,11.5,109.77,110.5,109.79,180.9,109.8,130.5
1753769589805,06:13:09.805,okx,LTC/USDT:USDT,109.78,2.5,109.77,110.5,109.79,180.9,109.8,130.5
1753769589905,06:13:09.905,okx,LTC/USDT:USDT,109.78,2.5,109.77,110.5,109.79,180.9,109.8,130.5
1753769590005,06:13:10.005,okx,LTC/USDT:USDT,109.78,2.5,109.77,110.5,109.79,180.9,109.8,130.5
1753769590605,06:13:10.605,okx,LTC/USDT:USDT,109.78,13.3,109.77,123.4,109.79,90.5,109.8,72.5
1753769590705,06:13:10.705,okx,LTC/USDT:USDT,109.78,13.5,109.77,123.4,109.79,90.5,109.8,59.6
1753769591105,06:13:11.105,okx,LTC/USDT:USDT,109.78,38.5,109.77,110.5,109.79,90.5,109.8,95.5
1753769591705,06:13:11.705,okx,LTC/USDT:USDT,109.78,13.5,109.77,110.5,109.79,90.5,109.8,102.1
1753769591905,06:13:11.905,okx,LTC/USDT:USDT,109.78,13.5,109.77,110.5,109.79,90.5,109.8,127.1
1753769592405,06:13:12.405,okx,LTC/USDT:USDT,109.78,13.6,109.77,110.5,109.79,116.9,109.8,127.1
1753769592505,06:13:12.505,okx,LTC/USDT:USDT,109.78,12.0,109.77,110.5,109.79,90.3,109.8,147.0
1753769592805,06:13:12.805,okx,LTC/USDT:USDT,109.78,12.0,109.77,110.5,109.79,116.8,109.8,131.6
1753769592905,06:13:12.905,okx,LTC/USDT:USDT,109.78,12.0,109.77,110.5,109.79,116.8,109.8,131.6
1753769593005,06:13:13.005,okx,LTC/USDT:USDT,109.78,12.9,109.77,110.5,109.79,116.8,109.8,131.6
1753769593305,06:13:13.305,okx,LTC/USDT:USDT,109.78,3.0,109.77,110.5,109.79,116.8,109.8,147.0
1753769593905,06:13:13.905,okx,LTC/USDT:USDT,109.76,119.3,109.75,73.2,109.77,226.8,109.78,152.8
1753769594005,06:13:14.005,okx,LTC/USDT:USDT,109.76,119.3,109.75,73.2,109.77,226.8,109.78,152.8
1753769594505,06:13:14.505,okx,LTC/USDT:USDT,109.76,119.1,109.75,73.3,109.77,240.1,109.78,152.8
1753769595305,06:13:15.305,okx,LTC/USDT:USDT,109.76,100.7,109.75,73.3,109.77,289.2,109.78,152.9
1753769595705,06:13:15.705,okx,LTC/USDT:USDT,109.76,100.7,109.75,0.7,109.77,298.2,109.78,148.4
1753769595905,06:13:15.905,okx,LTC/USDT:USDT,109.75,0.2,109.74,53.9,109.76,350.7,109.77,157.8
1753769596205,06:13:16.205,okx,LTC/USDT:USDT,109.75,0.2,109.74,54.0,109.76,321.9,109.77,160.5
1753769596305,06:13:16.305,okx,LTC/USDT:USDT,109.75,0.2,109.74,54.0,109.76,321.9,109.77,156.0
1753769596505,06:13:16.505,okx,LTC/USDT:USDT,109.75,0.2,109.74,54.0,109.76,309.0,109.77,156.0
1753769596805,06:13:16.805,okx,LTC/USDT:USDT,109.75,0.1,109.74,54.0,109.76,348.6,109.77,159.0
1753769597605,06:13:17.605,okx,LTC/USDT:USDT,109.75,0.2,109.74,29.0,109.76,353.1,109.77,149.2
1753769597705,06:13:17.705,okx,LTC/USDT:USDT,109.75,0.2,109.74,29.0,109.76,345.4,109.77,149.2
1753769597805,06:13:17.805,okx,LTC/USDT:USDT,109.75,8.6,109.74,29.0,109.76,298.1,109.77,122.5
1753769597905,06:13:17.905,okx,LTC/USDT:USDT,109.75,0.2,109.74,54.0,109.76,332.5,109.77,149.2
1753769598105,06:13:18.105,okx,LTC/USDT:USDT,109.75,0.2,109.74,54.0,109.76,345.4,109.77,149.2
1753769598205,06:13:18.205,okx,LTC/USDT:USDT,109.75,0.2,109.74,29.0,109.76,332.5,109.77,149.2
1753769598305,06:13:18.305,okx,LTC/USDT:USDT,109.75,0.2,109.74,29.0,109.76,372.1,109.77,149.2
1753769598505,06:13:18.505,okx,LTC/USDT:USDT,109.75,0.2,109.74,29.0,109.76,372.1,109.77,149.2
1753769598905,06:13:18.905,okx,LTC/USDT:USDT,109.74,0.5,109.73,95.5,109.75,305.8,109.76,171.7
1753769599105,06:13:19.105,okx,LTC/USDT:USDT,109.73,65.4,109.72,169.9,109.74,254.9,109.75,150.5
1753769599205,06:13:19.205,okx,LTC/USDT:USDT,109.73,65.4,109.72,169.9,109.74,272.9,109.75,150.5
1753769599305,06:13:19.305,okx,LTC/USDT:USDT,109.73,65.4,109.72,135.3,109.74,271.7,109.75,146.6
1753769599405,06:13:19.405,okx,LTC/USDT:USDT,109.73,65.4,109.72,135.3,109.74,271.7,109.75,122.0
1753769599505,06:13:19.505,okx,LTC/USDT:USDT,109.73,65.4,109.72,135.3,109.74,276.1,109.75,142.1
1753769599605,06:13:19.605,okx,LTC/USDT:USDT,109.73,65.4,109.72,135.3,109.74,276.1,109.75,142.1
1753769600005,06:13:20.005,okx,LTC/USDT:USDT,109.73,64.5,109.72,160.4,109.74,276.1,109.75,142.2
1753769600205,06:13:20.205,okx,LTC/USDT:USDT,109.73,64.8,109.72,160.4,109.74,271.6,109.75,109.2
1753769600505,06:13:20.505,okx,LTC/USDT:USDT,109.73,65.0,109.72,173.3,109.74,276.1,109.75,104.7
1753769600905,06:13:20.905,okx,LTC/USDT:USDT,109.73,104.9,109.72,197.9,109.74,123.8,109.75,109.2
1753769601305,06:13:21.305,okx,LTC/USDT:USDT,109.73,104.9,109.72,197.9,109.74,71.8,109.75,109.2
1753769601405,06:13:21.405,okx,LTC/USDT:USDT,109.73,104.9,109.72,197.9,109.74,72.3,109.75,109.2
1753769601505,06:13:21.505,okx,LTC/USDT:USDT,109.73,104.9,109.72,197.9,109.74,72.3,109.75,109.2
1753769601705,06:13:21.705,okx,LTC/USDT:USDT,109.73,79.9,109.72,197.9,109.74,72.7,109.75,109.2
1753769602305,06:13:22.305,okx,LTC/USDT:USDT,109.73,54.3,109.72,160.4,109.74,103.5,109.75,163.3
1753769602405,06:13:22.405,okx,LTC/USDT:USDT,109.73,54.3,109.72,160.4,109.74,104.1,109.75,176.2
1753769602905,06:13:22.905,okx,LTC/USDT:USDT,109.73,54.3,109.72,197.9,109.74,104.1,109.75,134.2
1753769603205,06:13:23.205,okx,LTC/USDT:USDT,109.73,100.2,109.72,197.9,109.74,75.4,109.75,109.2
1753769603305,06:13:23.305,okx,LTC/USDT:USDT,109.73,100.2,109.72,197.9,109.74,75.4,109.75,109.2
1753769603505,06:13:23.505,okx,LTC/USDT:USDT,109.73,100.2,109.72,197.9,109.74,75.4,109.75,109.2
1753769603705,06:13:23.705,okx,LTC/USDT:USDT,109.73,78.1,109.72,197.9,109.74,75.4,109.75,109.2
1753769603805,06:13:23.805,okx,LTC/USDT:USDT,109.73,103.1,109.72,197.9,109.74,75.4,109.75,109.2
1753769603905,06:13:23.905,okx,LTC/USDT:USDT,109.73,103.1,109.72,197.9,109.74,75.4,109.75,109.2
1753769604405,06:13:24.405,okx,LTC/USDT:USDT,109.73,103.1,109.72,197.9,109.74,75.4,109.75,109.2
1753769604905,06:13:24.905,okx,LTC/USDT:USDT,109.73,135.0,109.72,197.9,109.74,75.4,109.75,109.2
1753769605105,06:13:25.105,okx,LTC/USDT:USDT,109.73,135.3,109.72,197.9,109.74,75.4,109.75,109.2
1753769605205,06:13:25.205,okx,LTC/USDT:USDT,109.73,135.3,109.72,197.9,109.74,75.4,109.75,109.2
1753769605305,06:13:25.305,okx,LTC/USDT:USDT,109.73,169.7,109.72,197.9,109.74,67.0,109.75,109.2
1753769605505,06:13:25.505,okx,LTC/USDT:USDT,109.73,181.4,109.72,197.9,109.74,66.3,109.75,109.2
1753769605805,06:13:25.805,okx,LTC/USDT:USDT,109.73,183.2,109.72,204.8,109.74,34.1,109.75,52.6
1753769606205,06:13:26.205,okx,LTC/USDT:USDT,109.73,183.2,109.72,204.8,109.74,34.1,109.75,20.6
1753769606305,06:13:26.305,okx,LTC/USDT:USDT,109.73,183.2,109.72,204.8,109.74,34.1,109.75,20.6
1753769606605,06:13:26.605,okx,LTC/USDT:USDT,109.73,183.2,109.72,204.8,109.74,34.1,109.75,20.6
1753769606705,06:13:26.705,okx,LTC/USDT:USDT,109.73,183.2,109.72,204.8,109.74,34.1,109.75,20.6
1753769607105,06:13:27.105,okx,LTC/USDT:USDT,109.73,183.2,109.72,204.8,109.74,34.1,109.75,9.6
1753769607405,06:13:27.405,okx,LTC/USDT:USDT,109.73,183.2,109.72,204.8,109.74,34.1,109.75,9.6
1753769607605,06:13:27.605,okx,LTC/USDT:USDT,109.73,183.2,109.72,204.8,109.74,34.1,109.75,9.6
1753769607705,06:13:27.705,okx,LTC/USDT:USDT,109.73,183.2,109.72,204.8,109.74,34.1,109.75,9.6
1753769608005,06:13:28.005,okx,LTC/USDT:USDT,109.73,183.2,109.72,204.8,109.74,34.1,109.75,9.6
1753769608305,06:13:28.305,okx,LTC/USDT:USDT,109.73,183.2,109.72,201.9,109.74,45.1,109.75,9.6
1753769608405,06:13:28.405,okx,LTC/USDT:USDT,109.73,170.3,109.72,201.9,109.74,45.1,109.75,9.6
1753769609005,06:13:29.005,okx,LTC/USDT:USDT,109.73,90.1,109.72,160.4,109.74,55.7,109.75,88.8
1753769609205,06:13:29.205,okx,LTC/USDT:USDT,109.73,90.1,109.72,160.4,109.74,35.4,109.75,88.8
1753769609505,06:13:29.505,okx,LTC/USDT:USDT,109.73,90.1,109.72,197.6,109.74,78.2,109.75,65.6
1753769609605,06:13:29.605,okx,LTC/USDT:USDT,109.73,90.1,109.72,184.7,109.74,78.2,109.75,78.5
1753769609805,06:13:29.805,okx,LTC/USDT:USDT,109.73,115.1,109.72,197.6,109.74,78.2,109.75,65.6
1753769610005,06:13:30.005,okx,LTC/USDT:USDT,109.73,182.0,109.72,197.6,109.74,78.2,109.75,65.6
1753769610305,06:13:30.305,okx,LTC/USDT:USDT,109.73,183.5,109.72,197.6,109.74,77.9,109.75,65.6
1753769610505,06:13:30.505,okx,LTC/USDT:USDT,109.73,105.6,109.72,160.4,109.74,90.7,109.75,97.9
1753769611305,06:13:31.305,okx,LTC/USDT:USDT,109.73,175.7,109.72,208.2,109.74,52.3,109.75,19.4
1753769611405,06:13:31.405,okx,LTC/USDT:USDT,109.73,185.5,109.72,208.2,109.74,52.3,109.75,9.6
1753769611705,06:13:31.705,okx,LTC/USDT:USDT,109.73,187.3,109.72,208.2,109.74,52.3,109.75,9.6
1753769611805,06:13:31.805,okx,LTC/USDT:USDT,109.73,187.3,109.72,205.7,109.74,52.3,109.75,9.6
1753769611905,06:13:31.905,okx,LTC/USDT:USDT,109.73,187.3,109.72,205.7,109.74,52.3,109.75,9.6
1753769612305,06:13:32.305,okx,LTC/USDT:USDT,109.75,244.3,109.74,238.6,109.76,11.0,109.77,60.7
1753769612405,06:13:32.405,okx,LTC/USDT:USDT,109.76,235.1,109.75,187.9,109.77,12.3,109.78,71.7
1753769612505,06:13:32.505,okx,LTC/USDT:USDT,109.76,245.6,109.75,187.9,109.77,12.5,109.78,71.7
1753769613005,06:13:33.005,okx,LTC/USDT:USDT,109.76,245.6,109.75,192.5,109.77,12.5,109.78,71.7
1753769613205,06:13:33.205,okx,LTC/USDT:USDT,109.76,245.6,109.75,192.6,109.77,11.8,109.78,57.7
1753769613705,06:13:33.705,okx,LTC/USDT:USDT,109.76,270.9,109.75,192.6,109.77,12.5,109.78,57.7
1753769614005,06:13:34.005,okx,LTC/USDT:USDT,109.76,18.8,109.75,104.6,109.77,68.7,109.78,93.7
1753769614105,06:13:34.105,okx,LTC/USDT:USDT,109.76,11.0,109.75,104.6,109.77,68.9,109.78,93.7
1753769614305,06:13:34.305,okx,LTC/USDT:USDT,109.76,11.0,109.75,104.6,109.77,68.9,109.78,93.7
1753769614505,06:13:34.505,okx,LTC/USDT:USDT,109.74,48.9,109.73,159.3,109.75,281.3,109.76,208.8
1753769615305,06:13:35.305,okx,LTC/USDT:USDT,109.74,69.9,109.73,159.8,109.75,226.5,109.76,122.3
1753769615505,06:13:35.505,okx,LTC/USDT:USDT,109.74,57.0,109.73,150.1,109.75,65.1,109.76,114.8
1753769615705,06:13:35.705,okx,LTC/USDT:USDT,109.74,44.3,109.73,114.4,109.75,50.9,109.76,137.2
1753769615905,06:13:35.905,okx,LTC/USDT:USDT,109.74,9.5,109.73,114.4,109.75,65.8,109.76,150.1
1753769616005,06:13:36.005,okx,LTC/USDT:USDT,109.74,9.5,109.73,114.4,109.75,65.8,109.76,150.1
1753769616705,06:13:36.705,okx,LTC/USDT:USDT,109.74,42.0,109.73,149.5,109.75,50.9,109.76,126.3
1753769616805,06:13:36.805,okx,LTC/USDT:USDT,109.74,42.0,109.73,149.5,109.75,50.9,109.76,126.3
1753769616905,06:13:36.905,okx,LTC/USDT:USDT,109.74,42.0,109.73,149.5,109.75,50.9,109.76,126.3
1753769617505,06:13:37.505,okx,LTC/USDT:USDT,109.74,42.0,109.73,149.5,109.75,51.1,109.76,126.3
1753769617705,06:13:37.705,okx,LTC/USDT:USDT,109.74,19.6,109.73,149.5,109.75,51.1,109.76,126.3
1753769617805,06:13:37.805,okx,LTC/USDT:USDT,109.74,19.6,109.73,149.5,109.75,51.1,109.76,139.2
1753769618105,06:13:38.105,okx,LTC/USDT:USDT,109.74,8.1,109.73,114.2,109.75,98.8,109.76,157.1
1753769618405,06:13:38.405,okx,LTC/USDT:USDT,109.74,7.5,109.73,114.2,109.75,98.9,109.76,157.1
1753769618605,06:13:38.605,okx,LTC/USDT:USDT,109.74,7.5,109.73,149.5,109.75,98.9,109.76,134.7
1753769619305,06:13:39.305,okx,LTC/USDT:USDT,109.74,52.3,109.73,149.5,109.75,68.8,109.76,121.8
1753769619405,06:13:39.405,okx,LTC/USDT:USDT,109.74,52.3,109.73,149.5,109.75,68.8,109.76,121.8
1753769619505,06:13:39.505,okx,LTC/USDT:USDT,109.74,39.4,109.73,149.5,109.75,64.3,109.76,126.3
1753769619705,06:13:39.705,okx,LTC/USDT:USDT,109.74,52.3,109.73,149.5,109.75,64.3,109.76,126.3
1753769619805,06:13:39.805,okx,LTC/USDT:USDT,109.74,17.0,109.73,149.5,109.75,64.3,109.76,126.3
1753769620205,06:13:40.205,okx,LTC/USDT:USDT,109.74,100.8,109.73,149.5,109.75,64.8,109.76,114.8
1753769620305,06:13:40.305,okx,LTC/USDT:USDT,109.74,100.8,109.73,149.5,109.75,64.8,109.76,114.8
1753769620805,06:13:40.805,okx,LTC/USDT:USDT,109.74,100.8,109.73,149.5,109.75,65.8,109.76,114.8
1753769621105,06:13:41.105,okx,LTC/USDT:USDT,109.74,123.9,109.73,149.5,109.75,2.6,109.76,46.3
1753769621505,06:13:41.505,okx,LTC/USDT:USDT,109.74,123.9,109.73,152.0,109.75,2.6,109.76,46.1
1753769621805,06:13:41.805,okx,LTC/USDT:USDT,109.74,123.9,109.73,152.0,109.75,2.7,109.76,46.1
1753769622205,06:13:42.205,okx,LTC/USDT:USDT,109.74,123.9,109.73,152.0,109.75,2.7,109.76,46.1
1753769622705,06:13:42.705,okx,LTC/USDT:USDT,109.74,52.2,109.73,151.3,109.75,29.6,109.76,89.2
1753769622905,06:13:42.905,okx,LTC/USDT:USDT,109.74,121.9,109.73,151.3,109.75,5.4,109.76,76.2
1753769623005,06:13:43.005,okx,LTC/USDT:USDT,109.74,121.9,109.73,151.3,109.75,5.4,109.76,76.2
1753769623205,06:13:43.205,okx,LTC/USDT:USDT,109.74,121.9,109.73,159.6,109.75,3.3,109.76,46.1
1753769623405,06:13:43.405,okx,LTC/USDT:USDT,109.74,121.9,109.73,159.6,109.75,3.3,109.76,46.1
1753769623505,06:13:43.505,okx,LTC/USDT:USDT,109.74,121.9,109.73,159.6,109.75,3.3,109.76,46.1
1753769623605,06:13:43.605,okx,LTC/USDT:USDT,109.74,123.7,109.73,157.8,109.75,3.3,109.76,46.1
1753769623705,06:13:43.705,okx,LTC/USDT:USDT,109.74,123.7,109.73,157.8,109.75,3.3,109.76,46.1
1753769623805,06:13:43.805,okx,LTC/USDT:USDT,109.74,123.7,109.73,157.8,109.75,3.9,109.76,46.1
1753769624005,06:13:44.005,okx,LTC/USDT:USDT,109.74,110.8,109.73,157.8,109.75,6.0,109.76,46.1
1753769624205,06:13:44.205,okx,LTC/USDT:USDT,109.74,110.8,109.73,157.8,109.75,5.4,109.76,46.1
1753769624405,06:13:44.405,okx,LTC/USDT:USDT,109.74,123.7,109.73,157.8,109.75,3.9,109.76,46.1
1753769624905,06:13:44.905,okx,LTC/USDT:USDT,109.74,123.7,109.73,157.8,109.75,3.9,109.76,46.1
1753769625005,06:13:45.005,okx,LTC/USDT:USDT,109.74,125.6,109.73,157.8,109.75,3.6,109.76,46.1
1753769625105,06:13:45.105,okx,LTC/USDT:USDT,109.74,125.6,109.73,157.8,109.75,3.6,109.76,46.1
1753769625305,06:13:45.305,okx,LTC/USDT:USDT,109.74,125.6,109.73,157.8,109.75,3.6,109.76,46.1
1753769625405,06:13:45.405,okx,LTC/USDT:USDT,109.74,112.7,109.73,157.8,109.75,4.9,109.76,46.1
1753769625605,06:13:45.605,okx,LTC/USDT:USDT,109.74,125.6,109.73,157.8,109.75,3.6,109.76,46.1
1753769625705,06:13:45.705,okx,LTC/USDT:USDT,109.74,125.6,109.73,157.8,109.75,3.6,109.76,46.1
1753769625805,06:13:45.805,okx,LTC/USDT:USDT,109.74,125.6,109.73,157.8,109.75,3.6,109.76,46.1
1753769626005,06:13:46.005,okx,LTC/USDT:USDT,109.74,125.6,109.73,157.8,109.75,3.6,109.76,46.1
1753769626105,06:13:46.105,okx,LTC/USDT:USDT,109.74,125.6,109.73,157.8,109.75,3.6,109.76,46.1
1753769626305,06:13:46.305,okx,LTC/USDT:USDT,109.74,125.6,109.73,157.8,109.75,3.6,109.76,46.1
1753769626505,06:13:46.505,okx,LTC/USDT:USDT,109.74,125.6,109.73,157.8,109.75,3.6,109.76,46.1
1753769626605,06:13:46.605,okx,LTC/USDT:USDT,109.74,125.6,109.73,157.8,109.75,3.6,109.76,46.1
1753769626805,06:13:46.805,okx,LTC/USDT:USDT,109.74,125.6,109.73,157.8,109.75,3.6,109.76,46.1
1753769626905,06:13:46.905,okx,LTC/USDT:USDT,109.74,125.6,109.73,157.8,109.75,3.6,109.76,46.1
1753769627005,06:13:47.005,okx,LTC/USDT:USDT,109.74,127.3,109.73,157.8,109.75,3.6,109.76,46.1
1753769627105,06:13:47.105,okx,LTC/USDT:USDT,109.74,127.3,109.73,157.8,109.75,3.6,109.76,46.1
1753769627305,06:13:47.305,okx,LTC/USDT:USDT,109.74,127.3,109.73,157.8,109.75,3.6,109.76,46.1
1753769627405,06:13:47.405,okx,LTC/USDT:USDT,109.74,127.3,109.73,157.8,109.75,3.6,109.76,46.1
1753769627705,06:13:47.705,okx,LTC/USDT:USDT,109.74,92.0,109.73,157.8,109.75,5.1,109.76,46.1
1753769627905,06:13:47.905,okx,LTC/USDT:USDT,109.74,114.0,109.73,157.8,109.75,5.1,109.76,46.1
1753769628005,06:13:48.005,okx,LTC/USDT:USDT,109.74,114.0,109.73,157.8,109.75,5.1,109.76,46.1
1753769628205,06:13:48.205,okx,LTC/USDT:USDT,109.74,92.0,109.73,144.5,109.75,7.2,109.76,46.1
1753769628305,06:13:48.305,okx,LTC/USDT:USDT,109.74,92.0,109.73,144.5,109.75,5.1,109.76,46.1
1753769628405,06:13:48.405,okx,LTC/USDT:USDT,109.74,92.0,109.73,144.5,109.75,7.6,109.76,46.1
1753769628505,06:13:48.505,okx,LTC/USDT:USDT,109.74,92.0,109.73,144.5,109.75,8.6,109.76,46.1
1753769629105,06:13:49.105,okx,LTC/USDT:USDT,109.74,92.0,109.73,144.5,109.75,9.0,109.76,68.1
1753769629205,06:13:49.205,okx,LTC/USDT:USDT,109.74,92.0,109.73,122.5,109.75,9.2,109.76,68.1
1753769629305,06:13:49.305,okx,LTC/USDT:USDT,109.74,92.0,109.73,122.5,109.75,10.1,109.76,68.1
1753769629405,06:13:49.405,okx,LTC/USDT:USDT,109.74,92.0,109.73,144.5,109.75,10.1,109.76,68.1
1753769629905,06:13:49.905,okx,LTC/USDT:USDT,109.74,45.9,109.73,122.5,109.75,34.6,109.76,122.9
1753769630005,06:13:50.005,okx,LTC/USDT:USDT,109.74,45.9,109.73,122.5,109.75,34.6,109.76,122.6
1753769630105,06:13:50.105,okx,LTC/USDT:USDT,109.74,45.9,109.73,122.5,109.75,34.6,109.76,122.6
1753769630405,06:13:50.405,okx,LTC/USDT:USDT,109.74,129.7,109.73,157.1,109.75,19.8,109.76,76.4
1753769630505,06:13:50.505,okx,LTC/USDT:USDT,109.74,116.8,109.73,157.1,109.75,10.0,109.76,76.4
1753769630605,06:13:50.605,okx,LTC/USDT:USDT,109.74,62.5,109.73,157.1,109.75,10.0,109.76,76.4
1753769630805,06:13:50.805,okx,LTC/USDT:USDT,109.74,128.4,109.73,157.1,109.75,10.0,109.76,76.4
1753769631105,06:13:51.105,okx,LTC/USDT:USDT,109.74,141.3,109.73,157.1,109.75,9.4,109.76,76.4
1753769631305,06:13:51.305,okx,LTC/USDT:USDT,109.74,141.3,109.73,157.1,109.75,9.4,109.76,76.4
1753769631505,06:13:51.505,okx,LTC/USDT:USDT,109.74,141.3,109.73,157.1,109.75,10.4,109.76,76.4
1753769631805,06:13:51.805,okx,LTC/USDT:USDT,109.74,141.3,109.73,157.1,109.75,10.4,109.76,76.4
1753769632305,06:13:52.305,okx,LTC/USDT:USDT,109.74,141.3,109.73,157.1,109.75,10.8,109.76,76.4
1753769632805,06:13:52.805,okx,LTC/USDT:USDT,109.74,30.7,109.73,122.5,109.75,105.5,109.76,106.5
1753769633205,06:13:53.205,okx,LTC/USDT:USDT,109.74,30.7,109.73,157.1,109.75,95.9,109.76,89.3
1753769633405,06:13:53.405,okx,LTC/USDT:USDT,109.74,30.7,109.73,122.5,109.75,101.2,109.76,117.9
1753769633505,06:13:53.505,okx,LTC/USDT:USDT,109.74,30.7,109.73,122.5,109.75,105.7,109.76,117.9
1753769633605,06:13:53.605,okx,LTC/USDT:USDT,109.74,30.7,109.73,122.5,109.75,101.2,109.76,117.9
1753769634005,06:13:54.005,okx,LTC/USDT:USDT,109.74,32.1,109.73,122.5,109.75,101.2,109.76,122.4
1753769634105,06:13:54.105,okx,LTC/USDT:USDT,109.74,32.5,109.73,157.1,109.75,101.2,109.76,87.8
1753769634205,06:13:54.205,okx,LTC/USDT:USDT,109.74,32.5,109.73,157.1,109.75,66.8,109.76,87.8
1753769634305,06:13:54.305,okx,LTC/USDT:USDT,109.74,32.5,109.73,135.4,109.75,66.8,109.76,100.7
1753769634405,06:13:54.405,okx,LTC/USDT:USDT,109.74,32.5,109.73,157.1,109.75,66.8,109.76,87.8
1753769634505,06:13:54.505,okx,LTC/USDT:USDT,109.74,32.5,109.73,157.1,109.75,66.8,109.76,87.8
1753769634605,06:13:54.605,okx,LTC/USDT:USDT,109.74,32.5,109.73,157.1,109.75,66.8,109.76,87.8
1753769635005,06:13:55.005,okx,LTC/USDT:USDT,109.74,122.2,109.73,157.1,109.75,50.6,109.76,76.4
1753769635505,06:13:55.505,okx,LTC/USDT:USDT,109.74,87.5,109.73,157.1,109.75,27.4,109.76,71.9
1753769635605,06:13:55.605,okx,LTC/USDT:USDT,109.74,100.4,109.73,157.1,109.75,27.4,109.76,71.9
1753769635705,06:13:55.705,okx,LTC/USDT:USDT,109.74,122.1,109.73,157.1,109.75,27.4,109.76,71.9
1753769636005,06:13:56.005,okx,LTC/USDT:USDT,109.74,122.1,109.73,157.1,109.75,27.4,109.76,71.9
1753769636105,06:13:56.105,okx,LTC/USDT:USDT,109.74,131.9,109.73,157.1,109.75,10.1,109.76,60.1
1753769636205,06:13:56.205,okx,LTC/USDT:USDT,109.74,131.9,109.73,157.1,109.75,10.5,109.76,46.1
1753769636305,06:13:56.305,okx,LTC/USDT:USDT,109.74,131.9,109.73,157.1,109.75,12.9,109.76,26.7
1753769636905,06:13:56.905,okx,LTC/USDT:USDT,109.74,131.9,109.73,157.1,109.75,12.9,109.76,26.7
1753769637005,06:13:57.005,okx,LTC/USDT:USDT,109.74,131.9,109.73,157.1,109.75,13.2,109.76,26.7
1753769637205,06:13:57.205,okx,LTC/USDT:USDT,109.74,129.7,109.73,157.1,109.75,13.2,109.76,26.7
1753769637605,06:13:57.605,okx,LTC/USDT:USDT,109.74,103.1,109.73,135.4,109.75,13.9,109.76,26.7
1753769637705,06:13:57.705,okx,LTC/USDT:USDT,109.74,103.1,109.73,156.5,109.75,13.9,109.76,26.7
1753769637805,06:13:57.805,okx,LTC/USDT:USDT,109.74,136.8,109.73,156.5,109.75,13.2,109.76,26.7
1753769637905,06:13:57.905,okx,LTC/USDT:USDT,109.74,103.1,109.73,156.5,109.75,13.2,109.76,26.7
1753769638005,06:13:58.005,okx,LTC/USDT:USDT,109.74,103.1,109.73,156.5,109.75,13.2,109.76,26.7
1753769638205,06:13:58.205,okx,LTC/USDT:USDT,109.74,103.1,109.73,156.5,109.75,13.5,109.76,26.7
1753769638305,06:13:58.305,okx,LTC/USDT:USDT,109.74,103.1,109.73,156.5,109.75,13.5,109.76,26.7
1753769638405,06:13:58.405,okx,LTC/USDT:USDT,109.74,103.1,109.73,143.6,109.75,13.9,109.76,26.7
1753769639405,06:13:59.405,okx,LTC/USDT:USDT,109.74,148.9,109.73,156.2,109.75,13.5,109.76,26.7
1753769639605,06:13:59.605,okx,LTC/USDT:USDT,109.74,148.9,109.73,156.2,109.75,13.5,109.76,26.7
1753769639705,06:13:59.705,okx,LTC/USDT:USDT,109.74,148.9,109.73,156.2,109.75,13.5,109.76,26.7
1753769639805,06:13:59.805,okx,LTC/USDT:USDT,109.74,115.2,109.73,156.2,109.75,15.1,109.76,26.7
1753769639905,06:13:59.905,okx,LTC/USDT:USDT,109.74,115.2,109.73,156.2,109.75,15.1,109.76,26.7
1753769640005,06:14:00.005,okx,LTC/USDT:USDT,109.74,136.3,109.73,156.2,109.75,14.2,109.76,26.7
1753769640105,06:14:00.105,okx,LTC/USDT:USDT,109.74,103.2,109.73,122.5,109.75,15.9,109.76,57.6
1753769640505,06:14:00.505,okx,LTC/USDT:USDT,109.74,104.2,109.73,156.2,109.75,15.9,109.76,36.7
1753769640805,06:14:00.805,okx,LTC/USDT:USDT,109.74,137.9,109.73,156.2,109.75,14.2,109.76,36.7
1753769640905,06:14:00.905,okx,LTC/USDT:USDT,109.74,137.9,109.73,156.2,109.75,14.2,109.76,36.7
1753769641505,06:14:01.505,okx,LTC/USDT:USDT,109.74,141.9,109.73,156.2,109.75,13.4,109.76,36.7
1753769641605,06:14:01.605,okx,LTC/USDT:USDT,109.74,141.9,109.73,156.2,109.75,13.4,109.76,36.7
1753769641705,06:14:01.705,okx,LTC/USDT:USDT,109.74,141.9,109.73,156.2,109.75,13.4,109.76,36.7
1753769642105,06:14:02.105,okx,LTC/USDT:USDT,109.74,140.2,109.73,158.0,109.75,14.2,109.76,36.7
1753769642405,06:14:02.405,okx,LTC/USDT:USDT,109.74,152.2,109.73,158.0,109.75,13.6,109.76,36.7
1753769642505,06:14:02.505,okx,LTC/USDT:USDT,109.74,127.2,109.73,158.0,109.75,14.8,109.76,36.7
1753769643705,06:14:03.705,okx,LTC/USDT:USDT,109.75,441.3,109.74,128.4,109.76,11.0,109.77,122.4
1753769644005,06:14:04.005,okx,LTC/USDT:USDT,109.75,420.7,109.74,128.3,109.76,11.0,109.77,122.4
1753769644205,06:14:04.205,okx,LTC/USDT:USDT,109.75,453.8,109.74,129.8,109.76,1.3,109.77,23.5
1753769644405,06:14:04.405,okx,LTC/USDT:USDT,109.76,245.0,109.75,309.4,109.77,22.9,109.78,81.4
1753769644505,06:14:04.505,okx,LTC/USDT:USDT,109.76,267.1,109.75,309.4,109.77,22.9,109.78,81.4
1753769644605,06:14:04.605,okx,LTC/USDT:USDT,109.76,267.1,109.75,309.4,109.77,22.9,109.78,81.4
1753769644705,06:14:04.705,okx,LTC/USDT:USDT,109.76,277.4,109.75,309.4,109.77,22.9,109.78,63.5
1753769644805,06:14:04.805,okx,LTC/USDT:USDT,109.76,275.6,109.75,311.2,109.77,13.1,109.78,63.5
1753769645005,06:14:05.005,okx,LTC/USDT:USDT,109.76,275.7,109.75,311.2,109.77,13.1,109.78,38.5
1753769645105,06:14:05.105,okx,LTC/USDT:USDT,109.76,275.7,109.75,311.2,109.77,13.6,109.78,38.5
1753769645405,06:14:05.405,okx,LTC/USDT:USDT,109.76,275.8,109.75,311.2,109.77,13.6,109.78,34.0
1753769645805,06:14:05.805,okx,LTC/USDT:USDT,109.76,278.1,109.75,313.9,109.77,6.0,109.78,22.2
1753769646205,06:14:06.205,okx,LTC/USDT:USDT,109.76,278.1,109.75,313.9,109.77,6.2,109.78,22.2
1753769646305,06:14:06.305,okx,LTC/USDT:USDT,109.76,278.1,109.75,313.9,109.77,6.2,109.78,22.2
1753769646405,06:14:06.405,okx,LTC/USDT:USDT,109.76,278.1,109.75,313.9,109.77,5.5,109.78,22.2
1753769646705,06:14:06.705,okx,LTC/USDT:USDT,109.76,257.9,109.75,348.5,109.77,6.7,109.78,22.2
1753769646905,06:14:06.905,okx,LTC/USDT:USDT,109.77,315.3,109.76,320.8,109.78,2.1,109.79,132.1
1753769647105,06:14:07.105,okx,LTC/USDT:USDT,109.77,351.1,109.76,202.8,109.78,1.9,109.79,15.8
1753769647205,06:14:07.205,okx,LTC/USDT:USDT,109.77,351.1,109.76,202.8,109.78,1.8,109.79,15.8
1753769647305,06:14:07.305,okx,LTC/USDT:USDT,109.77,351.1,109.76,198.3,109.78,1.8,109.79,15.8
1753769647405,06:14:07.405,okx,LTC/USDT:USDT,109.77,351.1,109.76,198.3,109.78,1.8,109.79,15.8
1753769647605,06:14:07.605,okx,LTC/USDT:USDT,109.77,351.2,109.76,198.3,109.78,1.8,109.79,15.8
1753769647805,06:14:07.805,okx,LTC/USDT:USDT,109.77,351.2,109.76,198.3,109.78,1.8,109.79,15.8
1753769647905,06:14:07.905,okx,LTC/USDT:USDT,109.77,351.2,109.76,202.8,109.78,1.8,109.79,15.8
1753769648205,06:14:08.205,okx,LTC/USDT:USDT,109.77,351.2,109.76,150.0,109.78,1.8,109.79,15.8
1753769648305,06:14:08.305,okx,LTC/USDT:USDT,109.77,351.2,109.76,150.0,109.78,1.8,109.79,15.8
1753769648405,06:14:08.405,okx,LTC/USDT:USDT,109.77,351.3,109.76,150.0,109.78,1.8,109.79,15.8
1753769648505,06:14:08.505,okx,LTC/USDT:USDT,109.77,351.3,109.76,148.5,109.78,1.8,109.79,15.8
1753769648705,06:14:08.705,okx,LTC/USDT:USDT,109.77,351.7,109.76,148.4,109.78,1.8,109.79,15.8
1753769648905,06:14:08.905,okx,LTC/USDT:USDT,109.77,339.5,109.76,148.4,109.78,1.8,109.79,15.8
1753769649005,06:14:09.005,okx,LTC/USDT:USDT,109.77,339.5,109.76,148.4,109.78,1.8,109.79,15.8
1753769649305,06:14:09.305,okx,LTC/USDT:USDT,109.77,339.8,109.76,148.0,109.78,12.4,109.79,30.9
1753769649805,06:14:09.805,okx,LTC/USDT:USDT,109.77,351.7,109.76,149.5,109.78,12.3,109.79,22.6
1753769649905,06:14:09.905,okx,LTC/USDT:USDT,109.77,351.7,109.76,149.5,109.78,12.3,109.79,22.6
1753769650305,06:14:10.305,okx,LTC/USDT:USDT,109.77,352.7,109.76,150.3,109.78,12.2,109.79,22.6
1753769650705,06:14:10.705,okx,LTC/USDT:USDT,109.77,352.7,109.76,150.7,109.78,12.2,109.79,22.6
1753769650805,06:14:10.805,okx,LTC/USDT:USDT,109.77,352.7,109.76,150.7,109.78,12.2,109.79,22.6
1753769650905,06:14:10.905,okx,LTC/USDT:USDT,109.77,352.7,109.76,150.7,109.78,12.2,109.79,22.6
1753769651005,06:14:11.005,okx,LTC/USDT:USDT,109.77,352.7,109.76,150.7,109.78,12.2,109.79,22.6
1753769651205,06:14:11.205,okx,LTC/USDT:USDT,109.77,352.7,109.76,149.2,109.78,12.2,109.79,22.6
1753769651405,06:14:11.405,okx,LTC/USDT:USDT,109.77,352.7,109.76,149.2,109.78,1.6,109.79,22.6
1753769651605,06:14:11.605,okx,LTC/USDT:USDT,109.77,352.4,109.76,149.2,109.78,1.6,109.79,22.6
1753769651805,06:14:11.805,okx,LTC/USDT:USDT,109.77,352.4,109.76,149.2,109.78,3.3,109.79,22.6
1753769652505,06:14:12.505,okx,LTC/USDT:USDT,109.77,320.5,109.76,137.2,109.78,14.5,109.79,22.6
1753769653105,06:14:13.105,okx,LTC/USDT:USDT,109.77,320.5,109.76,149.0,109.78,4.9,109.79,22.6
1753769653205,06:14:13.205,okx,LTC/USDT:USDT,109.77,320.5,109.76,149.0,109.78,4.9,109.79,22.6
1753769653305,06:14:13.305,okx,LTC/USDT:USDT,109.77,351.4,109.76,149.0,109.78,4.9,109.79,22.6
1753769653505,06:14:13.505,okx,LTC/USDT:USDT,109.77,320.5,109.76,149.0,109.78,4.9,109.79,22.4
1753769653605,06:14:13.605,okx,LTC/USDT:USDT,109.77,320.5,109.76,148.4,109.78,4.8,109.79,22.4
1753769654005,06:14:14.005,okx,LTC/USDT:USDT,109.77,320.5,109.76,148.4,109.78,4.8,109.79,22.4
1753769654105,06:14:14.105,okx,LTC/USDT:USDT,109.77,320.5,109.76,148.4,109.78,6.5,109.79,22.4
1753769654405,06:14:14.405,okx,LTC/USDT:USDT,109.77,320.5,109.76,148.4,109.78,4.8,109.79,22.4
1753769654605,06:14:14.605,okx,LTC/USDT:USDT,109.77,320.5,109.76,129.1,109.78,4.8,109.79,22.4
1753769654905,06:14:14.905,okx,LTC/USDT:USDT,109.77,320.5,109.76,117.5,109.78,14.7,109.79,53.3
1753769655105,06:14:15.105,okx,LTC/USDT:USDT,109.77,320.4,109.76,136.6,109.78,5.6,109.79,22.4
1753769655305,06:14:15.305,okx,LTC/USDT:USDT,109.77,320.5,109.76,148.0,109.78,14.6,109.79,22.4
1753769655705,06:14:15.705,okx,LTC/USDT:USDT,109.77,320.5,109.76,113.0,109.78,15.5,109.79,52.9
1753769656205,06:14:16.205,okx,LTC/USDT:USDT,109.77,319.8,109.76,113.0,109.78,34.6,109.79,64.5
1753769656305,06:14:16.305,okx,LTC/USDT:USDT,109.77,319.8,109.76,113.0,109.78,15.5,109.79,64.5
1753769656505,06:14:16.505,okx,LTC/USDT:USDT,109.77,320.5,109.76,113.0,109.78,15.2,109.79,64.5
1753769656605,06:14:16.605,okx,LTC/USDT:USDT,109.77,320.5,109.76,113.0,109.78,15.2,109.79,64.5
1753769657005,06:14:17.005,okx,LTC/USDT:USDT,109.77,322.7,109.76,113.0,109.78,15.2,109.79,64.5
1753769657105,06:14:17.105,okx,LTC/USDT:USDT,109.77,322.7,109.76,143.5,109.78,6.2,109.79,34.0
