timestamp,time,exchange,symbol,bid1_price,bid1_volume,bid2_price,bid2_volume,ask1_price,ask1_volume,ask2_price,ask2_volume
1753769550375,06:12:30.375,kucoinfutures,LTC/USDT:USDT,109.77,104.0,109.76,266.0,109.78,54.0,109.79,50.0
1753769553277,06:12:33.277,kucoinfutures,LTC/USDT:USDT,109.8,104.0,109.79,264.0,109.81,35.0,109.82,55.0
1753769553726,06:12:33.726,kucoinfutures,LTC/USDT:USDT,109.8,104.0,109.79,264.0,109.81,35.0,109.83,51.0
1753769554160,06:12:34.160,kucoinfutures,LTC/USDT:USDT,109.8,104.0,109.79,264.0,109.81,35.0,109.83,167.0
1753769554185,06:12:34.185,kucoinfutures,LTC/USDT:USDT,109.8,104.0,109.79,264.0,109.81,35.0,109.83,295.0
1753769554205,06:12:34.205,kucoinfutures,LTC/USDT:USDT,109.8,104.0,109.79,264.0,109.81,35.0,109.83,295.0
1753769554206,06:12:34.206,kucoinfutures,LTC/USDT:USDT,109.8,104.0,109.79,264.0,109.81,35.0,109.83,295.0
1753769554211,06:12:34.211,kucoinfutures,LTC/USDT:USDT,109.8,104.0,109.79,264.0,109.81,35.0,109.83,295.0
1753769554716,06:12:34.716,kucoinfutures,LTC/USDT:USDT,109.8,104.0,109.79,264.0,109.81,35.0,109.83,51.0
1753769555005,06:12:35.005,kucoinfutures,LTC/USDT:USDT,109.8,104.0,109.79,264.0,109.81,35.0,109.83,167.0
1753769555029,06:12:35.029,kucoinfutures,LTC/USDT:USDT,109.8,104.0,109.79,264.0,109.81,35.0,109.83,167.0
1753769555346,06:12:35.346,kucoinfutures,LTC/USDT:USDT,109.8,104.0,109.79,264.0,109.81,35.0,109.83,295.0
1753769555349,06:12:35.349,kucoinfutures,LTC/USDT:USDT,109.8,104.0,109.79,264.0,109.81,35.0,109.83,295.0
1753769555350,06:12:35.350,kucoinfutures,LTC/USDT:USDT,109.8,104.0,109.79,264.0,109.81,35.0,109.83,295.0
1753769555937,06:12:35.937,kucoinfutures,LTC/USDT:USDT,109.8,104.0,109.79,264.0,109.81,35.0,109.83,295.0
1753769555939,06:12:35.939,kucoinfutures,LTC/USDT:USDT,109.8,104.0,109.79,264.0,109.81,35.0,109.83,295.0
1753769556055,06:12:36.055,kucoinfutures,LTC/USDT:USDT,109.8,104.0,109.79,264.0,109.81,35.0,109.83,295.0
1753769557791,06:12:37.791,kucoinfutures,LTC/USDT:USDT,109.8,104.0,109.79,264.0,109.81,35.0,109.83,295.0
1753769558097,06:12:38.097,kucoinfutures,LTC/USDT:USDT,109.8,104.0,109.79,264.0,109.81,35.0,109.83,295.0
1753769558100,06:12:38.100,kucoinfutures,LTC/USDT:USDT,109.8,104.0,109.79,264.0,109.81,35.0,109.83,295.0
1753769558404,06:12:38.404,kucoinfutures,LTC/USDT:USDT,109.8,104.0,109.79,264.0,109.81,35.0,109.83,295.0
1753769558405,06:12:38.405,kucoinfutures,LTC/USDT:USDT,109.8,104.0,109.79,264.0,109.81,35.0,109.83,295.0
1753769558407,06:12:38.407,kucoinfutures,LTC/USDT:USDT,109.8,104.0,109.79,264.0,109.81,35.0,109.83,295.0
1753769558559,06:12:38.559,kucoinfutures,LTC/USDT:USDT,109.8,104.0,109.79,264.0,109.81,35.0,109.83,295.0
1753769558753,06:12:38.753,kucoinfutures,LTC/USDT:USDT,109.8,104.0,109.79,264.0,109.81,35.0,109.83,295.0
1753769558953,06:12:38.953,kucoinfutures,LTC/USDT:USDT,109.8,104.0,109.79,264.0,109.81,35.0,109.83,51.0
1753769559060,06:12:39.060,kucoinfutures,LTC/USDT:USDT,109.8,104.0,109.79,264.0,109.81,35.0,109.83,295.0
1753769559349,06:12:39.349,kucoinfutures,LTC/USDT:USDT,109.8,104.0,109.79,264.0,109.81,91.0,109.83,376.0
1753769559449,06:12:39.449,kucoinfutures,LTC/USDT:USDT,109.8,104.0,109.79,264.0,109.81,91.0,109.83,376.0
1753769560014,06:12:40.014,kucoinfutures,LTC/USDT:USDT,109.8,104.0,109.79,264.0,109.81,91.0,109.83,376.0
1753769560035,06:12:40.035,kucoinfutures,LTC/USDT:USDT,109.8,104.0,109.79,264.0,109.81,91.0,109.83,376.0
1753769560039,06:12:40.039,kucoinfutures,LTC/USDT:USDT,109.8,104.0,109.79,264.0,109.81,91.0,109.83,376.0
1753769560893,06:12:40.893,kucoinfutures,LTC/USDT:USDT,109.8,104.0,109.79,264.0,109.81,91.0,109.83,376.0
1753769560898,06:12:40.898,kucoinfutures,LTC/USDT:USDT,109.8,104.0,109.79,264.0,109.81,91.0,109.83,376.0
1753769561018,06:12:41.018,kucoinfutures,LTC/USDT:USDT,109.8,104.0,109.79,264.0,109.81,91.0,109.83,376.0
1753769561018,06:12:41.018,kucoinfutures,LTC/USDT:USDT,109.8,104.0,109.79,264.0,109.81,91.0,109.83,376.0
1753769562081,06:12:42.081,kucoinfutures,LTC/USDT:USDT,109.8,104.0,109.79,264.0,109.81,35.0,109.83,376.0
1753769562555,06:12:42.555,kucoinfutures,LTC/USDT:USDT,109.8,104.0,109.79,264.0,109.81,35.0,109.83,376.0
1753769562555,06:12:42.555,kucoinfutures,LTC/USDT:USDT,109.8,104.0,109.79,264.0,109.81,35.0,109.83,376.0
1753769562559,06:12:42.559,kucoinfutures,LTC/USDT:USDT,109.8,104.0,109.79,264.0,109.81,35.0,109.83,376.0
1753769564068,06:12:44.068,kucoinfutures,LTC/USDT:USDT,109.8,104.0,109.79,264.0,109.81,35.0,109.83,376.0
1753769564211,06:12:44.211,kucoinfutures,LTC/USDT:USDT,109.8,104.0,109.79,264.0,109.81,35.0,109.83,376.0
1753769564412,06:12:44.412,kucoinfutures,LTC/USDT:USDT,109.8,104.0,109.79,264.0,109.81,35.0,109.83,376.0
1753769565457,06:12:45.457,kucoinfutures,LTC/USDT:USDT,109.8,104.0,109.79,264.0,109.81,35.0,109.83,376.0
1753769565461,06:12:45.461,kucoinfutures,LTC/USDT:USDT,109.8,104.0,109.79,264.0,109.81,35.0,109.83,376.0
1753769565567,06:12:45.567,kucoinfutures,LTC/USDT:USDT,109.8,104.0,109.79,264.0,109.81,35.0,109.83,295.0
1753769566366,06:12:46.366,kucoinfutures,LTC/USDT:USDT,109.8,104.0,109.79,264.0,109.81,35.0,109.83,51.0
1753769566366,06:12:46.366,kucoinfutures,LTC/USDT:USDT,109.8,104.0,109.79,264.0,109.81,35.0,109.83,51.0
1753769566371,06:12:46.371,kucoinfutures,LTC/USDT:USDT,109.8,104.0,109.79,264.0,109.81,35.0,109.83,51.0
1753769566376,06:12:46.376,kucoinfutures,LTC/USDT:USDT,109.8,104.0,109.79,264.0,109.81,35.0,109.83,51.0
1753769566456,06:12:46.456,kucoinfutures,LTC/USDT:USDT,109.8,104.0,109.79,264.0,109.81,35.0,109.83,295.0
1753769566461,06:12:46.461,kucoinfutures,LTC/USDT:USDT,109.8,104.0,109.79,264.0,109.81,35.0,109.83,295.0
1753769566480,06:12:46.480,kucoinfutures,LTC/USDT:USDT,109.8,104.0,109.79,264.0,109.81,35.0,109.83,295.0
1753769566485,06:12:46.485,kucoinfutures,LTC/USDT:USDT,109.8,104.0,109.79,264.0,109.81,35.0,109.83,295.0
1753769566584,06:12:46.584,kucoinfutures,LTC/USDT:USDT,109.8,104.0,109.79,264.0,109.81,35.0,109.83,51.0
1753769566768,06:12:46.768,kucoinfutures,LTC/USDT:USDT,109.8,104.0,109.79,264.0,109.81,35.0,109.83,295.0
1753769566924,06:12:46.924,kucoinfutures,LTC/USDT:USDT,109.8,104.0,109.79,264.0,109.81,35.0,109.83,295.0
1753769568210,06:12:48.210,kucoinfutures,LTC/USDT:USDT,109.8,104.0,109.79,264.0,109.81,35.0,109.83,295.0
1753769568268,06:12:48.268,kucoinfutures,LTC/USDT:USDT,109.8,104.0,109.79,264.0,109.81,35.0,109.83,295.0
1753769568271,06:12:48.271,kucoinfutures,LTC/USDT:USDT,109.8,104.0,109.79,264.0,109.81,35.0,109.83,295.0
1753769568289,06:12:48.289,kucoinfutures,LTC/USDT:USDT,109.8,104.0,109.79,264.0,109.81,35.0,109.83,295.0
1753769568406,06:12:48.406,kucoinfutures,LTC/USDT:USDT,109.8,104.0,109.79,264.0,109.81,35.0,109.83,295.0
1753769568736,06:12:48.736,kucoinfutures,LTC/USDT:USDT,109.8,104.0,109.79,264.0,109.81,35.0,109.83,295.0
1753769569135,06:12:49.135,kucoinfutures,LTC/USDT:USDT,109.8,104.0,109.79,264.0,109.81,35.0,109.83,179.0
1753769569150,06:12:49.150,kucoinfutures,LTC/USDT:USDT,109.8,104.0,109.79,264.0,109.81,35.0,109.83,295.0
1753769569743,06:12:49.743,kucoinfutures,LTC/USDT:USDT,109.8,104.0,109.79,264.0,109.81,35.0,109.83,295.0
1753769569745,06:12:49.745,kucoinfutures,LTC/USDT:USDT,109.8,104.0,109.79,264.0,109.81,35.0,109.83,295.0
1753769569747,06:12:49.747,kucoinfutures,LTC/USDT:USDT,109.8,104.0,109.79,264.0,109.81,35.0,109.83,295.0
1753769569749,06:12:49.749,kucoinfutures,LTC/USDT:USDT,109.8,104.0,109.79,264.0,109.81,35.0,109.83,295.0
1753769569754,06:12:49.754,kucoinfutures,LTC/USDT:USDT,109.8,104.0,109.79,264.0,109.81,35.0,109.83,295.0
1753769569868,06:12:49.868,kucoinfutures,LTC/USDT:USDT,109.8,104.0,109.79,264.0,109.81,35.0,109.83,295.0
1753769569870,06:12:49.870,kucoinfutures,LTC/USDT:USDT,109.8,104.0,109.79,264.0,109.81,35.0,109.83,295.0
1753769569941,06:12:49.941,kucoinfutures,LTC/USDT:USDT,109.8,104.0,109.79,264.0,109.81,35.0,109.83,295.0
1753769569989,06:12:49.989,kucoinfutures,LTC/USDT:USDT,109.8,104.0,109.79,264.0,109.81,35.0,109.83,295.0
1753769570414,06:12:50.414,kucoinfutures,LTC/USDT:USDT,109.8,104.0,109.79,264.0,109.81,35.0,109.83,295.0
1753769570415,06:12:50.415,kucoinfutures,LTC/USDT:USDT,109.8,104.0,109.79,264.0,109.81,35.0,109.83,295.0
1753769570416,06:12:50.416,kucoinfutures,LTC/USDT:USDT,109.8,104.0,109.79,264.0,109.81,35.0,109.83,295.0
1753769570587,06:12:50.587,kucoinfutures,LTC/USDT:USDT,109.8,104.0,109.79,264.0,109.81,35.0,109.83,295.0
1753769571096,06:12:51.096,kucoinfutures,LTC/USDT:USDT,109.8,104.0,109.79,264.0,109.81,35.0,109.83,295.0
1753769571255,06:12:51.255,kucoinfutures,LTC/USDT:USDT,109.8,104.0,109.79,264.0,109.81,35.0,109.83,295.0
1753769571883,06:12:51.883,kucoinfutures,LTC/USDT:USDT,109.8,104.0,109.79,264.0,109.81,35.0,109.83,295.0
1753769571887,06:12:51.887,kucoinfutures,LTC/USDT:USDT,109.8,104.0,109.79,264.0,109.81,35.0,109.83,295.0
1753769573067,06:12:53.067,kucoinfutures,LTC/USDT:USDT,109.8,104.0,109.79,264.0,109.81,35.0,109.83,295.0
1753769573071,06:12:53.071,kucoinfutures,LTC/USDT:USDT,109.8,104.0,109.79,264.0,109.81,35.0,109.83,295.0
1753769573105,06:12:53.105,kucoinfutures,LTC/USDT:USDT,109.8,104.0,109.79,264.0,109.81,35.0,109.83,295.0
1753769573115,06:12:53.115,kucoinfutures,LTC/USDT:USDT,109.8,104.0,109.79,264.0,109.81,35.0,109.83,295.0
1753769573942,06:12:53.942,kucoinfutures,LTC/USDT:USDT,109.8,104.0,109.79,264.0,109.81,35.0,109.83,295.0
1753769573944,06:12:53.944,kucoinfutures,LTC/USDT:USDT,109.8,104.0,109.79,264.0,109.81,35.0,109.83,295.0
1753769574075,06:12:54.075,kucoinfutures,LTC/USDT:USDT,109.8,104.0,109.79,264.0,109.81,35.0,109.83,295.0
1753769574403,06:12:54.403,kucoinfutures,LTC/USDT:USDT,109.8,104.0,109.79,264.0,109.81,35.0,109.83,295.0
1753769575704,06:12:55.704,kucoinfutures,LTC/USDT:USDT,109.8,104.0,109.79,264.0,109.81,35.0,109.83,51.0
1753769575707,06:12:55.707,kucoinfutures,LTC/USDT:USDT,109.8,104.0,109.79,264.0,109.81,35.0,109.83,51.0
1753769575713,06:12:55.713,kucoinfutures,LTC/USDT:USDT,109.8,104.0,109.79,264.0,109.81,35.0,109.83,51.0
1753769575716,06:12:55.716,kucoinfutures,LTC/USDT:USDT,109.8,104.0,109.79,264.0,109.83,51.0,109.84,144.0
1753769575717,06:12:55.717,kucoinfutures,LTC/USDT:USDT,109.8,104.0,109.79,264.0,109.83,51.0,109.84,144.0
1753769575718,06:12:55.718,kucoinfutures,LTC/USDT:USDT,109.8,104.0,109.79,264.0,109.83,51.0,109.84,144.0
1753769575720,06:12:55.720,kucoinfutures,LTC/USDT:USDT,109.81,55.0,109.8,104.0,109.83,51.0,109.84,144.0
1753769575721,06:12:55.721,kucoinfutures,LTC/USDT:USDT,109.81,55.0,109.8,50.0,109.83,51.0,109.84,144.0
1753769575721,06:12:55.721,kucoinfutures,LTC/USDT:USDT,109.81,55.0,109.8,50.0,109.83,51.0,109.84,144.0
1753769575723,06:12:55.723,kucoinfutures,LTC/USDT:USDT,109.82,21.0,109.81,105.0,109.83,51.0,109.84,144.0
1753769575725,06:12:55.725,kucoinfutures,LTC/USDT:USDT,109.82,21.0,109.81,132.0,109.83,51.0,109.84,144.0
1753769575729,06:12:55.729,kucoinfutures,LTC/USDT:USDT,109.82,21.0,109.81,105.0,109.83,106.0,109.84,89.0
1753769575733,06:12:55.733,kucoinfutures,LTC/USDT:USDT,109.82,21.0,109.81,105.0,109.83,106.0,109.84,89.0
1753769575735,06:12:55.735,kucoinfutures,LTC/USDT:USDT,109.82,21.0,109.81,158.0,109.83,106.0,109.84,89.0
1753769575742,06:12:55.742,kucoinfutures,LTC/USDT:USDT,109.82,76.0,109.81,158.0,109.83,106.0,109.84,89.0
1753769575742,06:12:55.742,kucoinfutures,LTC/USDT:USDT,109.82,76.0,109.81,103.0,109.83,106.0,109.84,89.0
1753769575743,06:12:55.743,kucoinfutures,LTC/USDT:USDT,109.82,76.0,109.81,103.0,109.83,106.0,109.84,89.0
1753769575762,06:12:55.762,kucoinfutures,LTC/USDT:USDT,109.82,76.0,109.81,103.0,109.83,106.0,109.84,89.0
1753769575767,06:12:55.767,kucoinfutures,LTC/USDT:USDT,109.82,76.0,109.81,103.0,109.83,106.0,109.84,89.0
1753769575768,06:12:55.768,kucoinfutures,LTC/USDT:USDT,109.82,76.0,109.81,103.0,109.83,106.0,109.84,89.0
1753769575772,06:12:55.772,kucoinfutures,LTC/USDT:USDT,109.82,76.0,109.81,103.0,109.83,106.0,109.84,89.0
1753769575773,06:12:55.773,kucoinfutures,LTC/USDT:USDT,109.82,76.0,109.81,103.0,109.83,106.0,109.84,89.0
1753769575787,06:12:55.787,kucoinfutures,LTC/USDT:USDT,109.82,76.0,109.81,103.0,109.83,106.0,109.84,89.0
1753769575803,06:12:55.803,kucoinfutures,LTC/USDT:USDT,109.82,76.0,109.81,103.0,109.83,106.0,109.84,89.0
1753769575804,06:12:55.804,kucoinfutures,LTC/USDT:USDT,109.82,76.0,109.81,103.0,109.83,106.0,109.84,89.0
1753769575805,06:12:55.805,kucoinfutures,LTC/USDT:USDT,109.82,76.0,109.81,103.0,109.83,106.0,109.84,89.0
1753769575806,06:12:55.806,kucoinfutures,LTC/USDT:USDT,109.82,76.0,109.81,103.0,109.83,106.0,109.84,89.0
1753769575809,06:12:55.809,kucoinfutures,LTC/USDT:USDT,109.82,76.0,109.81,103.0,109.83,106.0,109.84,89.0
1753769575810,06:12:55.810,kucoinfutures,LTC/USDT:USDT,109.82,76.0,109.81,103.0,109.83,106.0,109.84,89.0
1753769575819,06:12:55.819,kucoinfutures,LTC/USDT:USDT,109.82,76.0,109.81,103.0,109.83,106.0,109.84,89.0
1753769575819,06:12:55.819,kucoinfutures,LTC/USDT:USDT,109.82,76.0,109.81,103.0,109.83,106.0,109.84,89.0
1753769575837,06:12:55.837,kucoinfutures,LTC/USDT:USDT,109.82,76.0,109.81,103.0,109.83,106.0,109.84,89.0
1753769575885,06:12:55.885,kucoinfutures,LTC/USDT:USDT,109.82,76.0,109.81,103.0,109.83,106.0,109.84,89.0
1753769575890,06:12:55.890,kucoinfutures,LTC/USDT:USDT,109.82,76.0,109.81,103.0,109.83,106.0,109.84,89.0
1753769576056,06:12:56.056,kucoinfutures,LTC/USDT:USDT,109.82,76.0,109.81,103.0,109.83,106.0,109.84,89.0
1753769576062,06:12:56.062,kucoinfutures,LTC/USDT:USDT,109.82,76.0,109.81,103.0,109.83,106.0,109.84,89.0
1753769576078,06:12:56.078,kucoinfutures,LTC/USDT:USDT,109.82,76.0,109.81,103.0,109.83,106.0,109.84,89.0
1753769576110,06:12:56.110,kucoinfutures,LTC/USDT:USDT,109.82,76.0,109.81,103.0,109.83,106.0,109.84,89.0
1753769576204,06:12:56.204,kucoinfutures,LTC/USDT:USDT,109.82,76.0,109.81,103.0,109.83,106.0,109.84,89.0
1753769576395,06:12:56.395,kucoinfutures,LTC/USDT:USDT,109.82,76.0,109.81,103.0,109.83,106.0,109.84,89.0
1753769576468,06:12:56.468,kucoinfutures,LTC/USDT:USDT,109.82,76.0,109.81,103.0,109.83,106.0,109.84,89.0
1753769576472,06:12:56.472,kucoinfutures,LTC/USDT:USDT,109.82,76.0,109.81,103.0,109.83,106.0,109.84,89.0
1753769576474,06:12:56.474,kucoinfutures,LTC/USDT:USDT,109.82,76.0,109.81,103.0,109.83,106.0,109.84,89.0
1753769577839,06:12:57.839,kucoinfutures,LTC/USDT:USDT,109.82,21.0,109.81,103.0,109.83,106.0,109.84,89.0
1753769577843,06:12:57.843,kucoinfutures,LTC/USDT:USDT,109.82,21.0,109.81,103.0,109.83,106.0,109.84,89.0
1753769577994,06:12:57.994,kucoinfutures,LTC/USDT:USDT,109.82,21.0,109.81,103.0,109.83,106.0,109.84,89.0
1753769577998,06:12:57.998,kucoinfutures,LTC/USDT:USDT,109.82,21.0,109.81,103.0,109.83,106.0,109.84,89.0
1753769577998,06:12:57.998,kucoinfutures,LTC/USDT:USDT,109.82,21.0,109.81,103.0,109.83,106.0,109.84,89.0
1753769578259,06:12:58.259,kucoinfutures,LTC/USDT:USDT,109.82,76.0,109.81,103.0,109.83,106.0,109.84,89.0
1753769580167,06:13:00.167,kucoinfutures,LTC/USDT:USDT,109.82,76.0,109.81,103.0,109.83,106.0,109.84,89.0
1753769580390,06:13:00.390,kucoinfutures,LTC/USDT:USDT,109.82,76.0,109.81,103.0,109.83,106.0,109.84,89.0
1753769580392,06:13:00.392,kucoinfutures,LTC/USDT:USDT,109.82,76.0,109.81,103.0,109.83,106.0,109.84,89.0
1753769580397,06:13:00.397,kucoinfutures,LTC/USDT:USDT,109.82,76.0,109.81,103.0,109.83,106.0,109.84,89.0
1753769580588,06:13:00.588,kucoinfutures,LTC/USDT:USDT,109.82,76.0,109.81,103.0,109.83,106.0,109.84,89.0
1753769580714,06:13:00.714,kucoinfutures,LTC/USDT:USDT,109.82,76.0,109.81,103.0,109.83,106.0,109.84,89.0
1753769580855,06:13:00.855,kucoinfutures,LTC/USDT:USDT,109.82,76.0,109.81,103.0,109.83,106.0,109.84,89.0
1753769581401,06:13:01.401,kucoinfutures,LTC/USDT:USDT,109.82,21.0,109.81,103.0,109.83,106.0,109.84,89.0
1753769581405,06:13:01.405,kucoinfutures,LTC/USDT:USDT,109.82,21.0,109.81,103.0,109.83,106.0,109.84,89.0
1753769581411,06:13:01.411,kucoinfutures,LTC/USDT:USDT,109.82,21.0,109.81,103.0,109.83,106.0,109.84,89.0
1753769581415,06:13:01.415,kucoinfutures,LTC/USDT:USDT,109.82,21.0,109.81,103.0,109.83,106.0,109.84,89.0
1753769581442,06:13:01.442,kucoinfutures,LTC/USDT:USDT,109.82,21.0,109.81,103.0,109.83,106.0,109.84,89.0
1753769581535,06:13:01.535,kucoinfutures,LTC/USDT:USDT,109.82,21.0,109.81,103.0,109.83,106.0,109.84,89.0
1753769581538,06:13:01.538,kucoinfutures,LTC/USDT:USDT,109.82,21.0,109.81,103.0,109.83,106.0,109.84,89.0
1753769581547,06:13:01.547,kucoinfutures,LTC/USDT:USDT,109.82,21.0,109.81,103.0,109.83,106.0,109.84,89.0
1753769582207,06:13:02.207,kucoinfutures,LTC/USDT:USDT,109.82,21.0,109.81,103.0,109.83,106.0,109.84,89.0
1753769582819,06:13:02.819,kucoinfutures,LTC/USDT:USDT,109.81,103.0,109.8,231.0,109.83,106.0,109.84,89.0
1753769582822,06:13:02.822,kucoinfutures,LTC/USDT:USDT,109.81,103.0,109.8,231.0,109.82,54.0,109.83,106.0
1753769582822,06:13:02.822,kucoinfutures,LTC/USDT:USDT,109.81,103.0,109.8,103.0,109.82,54.0,109.83,106.0
1753769582823,06:13:02.823,kucoinfutures,LTC/USDT:USDT,109.81,103.0,109.8,103.0,109.82,54.0,109.83,51.0
1753769582824,06:13:02.824,kucoinfutures,LTC/USDT:USDT,109.81,103.0,109.8,103.0,109.82,54.0,109.83,51.0
1753769582825,06:13:02.825,kucoinfutures,LTC/USDT:USDT,109.81,103.0,109.8,103.0,109.82,54.0,109.83,51.0
1753769582826,06:13:02.826,kucoinfutures,LTC/USDT:USDT,109.81,77.0,109.8,103.0,109.82,54.0,109.83,51.0
1753769582826,06:13:02.826,kucoinfutures,LTC/USDT:USDT,109.81,50.0,109.8,103.0,109.82,54.0,109.83,51.0
1753769582833,06:13:02.833,kucoinfutures,LTC/USDT:USDT,109.81,104.0,109.8,103.0,109.82,54.0,109.83,51.0
1753769582857,06:13:02.857,kucoinfutures,LTC/USDT:USDT,109.81,104.0,109.8,103.0,109.82,54.0,109.83,51.0
1753769582874,06:13:02.874,kucoinfutures,LTC/USDT:USDT,109.81,104.0,109.8,103.0,109.82,54.0,109.83,51.0
1753769582908,06:13:02.908,kucoinfutures,LTC/USDT:USDT,109.81,104.0,109.8,103.0,109.82,54.0,109.83,51.0
1753769582968,06:13:02.968,kucoinfutures,LTC/USDT:USDT,109.81,104.0,109.8,103.0,109.82,54.0,109.83,51.0
1753769583558,06:13:03.558,kucoinfutures,LTC/USDT:USDT,109.81,104.0,109.8,103.0,109.82,54.0,109.83,51.0
1753769583666,06:13:03.666,kucoinfutures,LTC/USDT:USDT,109.81,104.0,109.8,103.0,109.82,54.0,109.83,51.0
1753769583824,06:13:03.824,kucoinfutures,LTC/USDT:USDT,109.81,50.0,109.8,103.0,109.82,54.0,109.83,51.0
1753769583826,06:13:03.826,kucoinfutures,LTC/USDT:USDT,109.81,50.0,109.8,103.0,109.82,54.0,109.83,51.0
1753769583827,06:13:03.827,kucoinfutures,LTC/USDT:USDT,109.81,50.0,109.8,103.0,109.82,54.0,109.83,51.0
1753769583907,06:13:03.907,kucoinfutures,LTC/USDT:USDT,109.81,50.0,109.8,103.0,109.82,54.0,109.83,51.0
1753769583908,06:13:03.908,kucoinfutures,LTC/USDT:USDT,109.81,50.0,109.8,103.0,109.82,54.0,109.83,51.0
1753769583931,06:13:03.931,kucoinfutures,LTC/USDT:USDT,109.81,50.0,109.8,103.0,109.82,54.0,109.83,51.0
1753769583952,06:13:03.952,kucoinfutures,LTC/USDT:USDT,109.81,50.0,109.8,103.0,109.82,54.0,109.83,51.0
1753769583957,06:13:03.957,kucoinfutures,LTC/USDT:USDT,109.81,50.0,109.8,103.0,109.82,54.0,109.83,51.0
1753769584347,06:13:04.347,kucoinfutures,LTC/USDT:USDT,109.81,50.0,109.8,103.0,109.82,54.0,109.83,51.0
1753769584380,06:13:04.380,kucoinfutures,LTC/USDT:USDT,109.81,50.0,109.8,103.0,109.82,104.0,109.83,51.0
1753769585759,06:13:05.759,kucoinfutures,LTC/USDT:USDT,109.81,104.0,109.8,103.0,109.82,104.0,109.83,51.0
1753769585763,06:13:05.763,kucoinfutures,LTC/USDT:USDT,109.81,104.0,109.8,103.0,109.82,104.0,109.83,51.0
1753769585766,06:13:05.766,kucoinfutures,LTC/USDT:USDT,109.81,104.0,109.8,103.0,109.82,104.0,109.83,51.0
1753769586152,06:13:06.152,kucoinfutures,LTC/USDT:USDT,109.81,104.0,109.8,103.0,109.82,104.0,109.83,51.0
1753769586157,06:13:06.157,kucoinfutures,LTC/USDT:USDT,109.81,104.0,109.8,103.0,109.82,104.0,109.83,51.0
1753769586204,06:13:06.204,kucoinfutures,LTC/USDT:USDT,109.81,104.0,109.8,103.0,109.82,104.0,109.83,51.0
1753769586211,06:13:06.211,kucoinfutures,LTC/USDT:USDT,109.81,104.0,109.8,103.0,109.82,104.0,109.83,51.0
1753769586328,06:13:06.328,kucoinfutures,LTC/USDT:USDT,109.81,104.0,109.8,103.0,109.82,104.0,109.83,51.0
1753769586330,06:13:06.330,kucoinfutures,LTC/USDT:USDT,109.81,104.0,109.8,103.0,109.82,104.0,109.83,51.0
1753769586714,06:13:06.714,kucoinfutures,LTC/USDT:USDT,109.81,104.0,109.8,103.0,109.82,104.0,109.83,51.0
1753769586717,06:13:06.717,kucoinfutures,LTC/USDT:USDT,109.81,104.0,109.8,103.0,109.82,104.0,109.83,51.0
1753769586994,06:13:06.994,kucoinfutures,LTC/USDT:USDT,109.81,104.0,109.8,103.0,109.82,104.0,109.83,51.0
1753769587279,06:13:07.279,kucoinfutures,LTC/USDT:USDT,109.81,104.0,109.8,103.0,109.82,104.0,109.83,51.0
1753769587279,06:13:07.279,kucoinfutures,LTC/USDT:USDT,109.81,104.0,109.8,103.0,109.82,104.0,109.83,51.0
1753769587283,06:13:07.283,kucoinfutures,LTC/USDT:USDT,109.81,104.0,109.8,103.0,109.82,104.0,109.83,51.0
1753769587285,06:13:07.285,kucoinfutures,LTC/USDT:USDT,109.81,104.0,109.8,103.0,109.82,104.0,109.83,51.0
1753769587455,06:13:07.455,kucoinfutures,LTC/USDT:USDT,109.81,104.0,109.8,103.0,109.82,104.0,109.83,51.0
1753769587459,06:13:07.459,kucoinfutures,LTC/USDT:USDT,109.81,104.0,109.8,103.0,109.82,104.0,109.83,51.0
1753769587644,06:13:07.644,kucoinfutures,LTC/USDT:USDT,109.81,104.0,109.8,103.0,109.82,104.0,109.83,51.0
1753769587655,06:13:07.655,kucoinfutures,LTC/USDT:USDT,109.81,104.0,109.8,103.0,109.82,104.0,109.83,51.0
1753769587655,06:13:07.655,kucoinfutures,LTC/USDT:USDT,109.81,104.0,109.8,103.0,109.82,104.0,109.83,51.0
1753769588687,06:13:08.687,kucoinfutures,LTC/USDT:USDT,109.81,50.0,109.8,103.0,109.82,104.0,109.83,51.0
1753769588691,06:13:08.691,kucoinfutures,LTC/USDT:USDT,109.81,50.0,109.8,103.0,109.82,104.0,109.83,51.0
1753769589315,06:13:09.315,kucoinfutures,LTC/USDT:USDT,109.81,50.0,109.8,103.0,109.82,104.0,109.83,51.0
1753769590007,06:13:10.007,kucoinfutures,LTC/USDT:USDT,109.81,50.0,109.8,103.0,109.82,104.0,109.83,51.0
1753769590011,06:13:10.011,kucoinfutures,LTC/USDT:USDT,109.81,50.0,109.8,103.0,109.82,104.0,109.83,51.0
1753769590058,06:13:10.058,kucoinfutures,LTC/USDT:USDT,109.81,50.0,109.8,103.0,109.82,104.0,109.83,51.0
1753769590278,06:13:10.278,kucoinfutures,LTC/USDT:USDT,109.81,50.0,109.8,103.0,109.82,104.0,109.83,51.0
1753769590283,06:13:10.283,kucoinfutures,LTC/USDT:USDT,109.81,50.0,109.8,103.0,109.82,104.0,109.83,51.0
1753769590405,06:13:10.405,kucoinfutures,LTC/USDT:USDT,109.81,50.0,109.8,103.0,109.82,104.0,109.83,51.0
1753769590456,06:13:10.456,kucoinfutures,LTC/USDT:USDT,109.81,50.0,109.8,103.0,109.82,104.0,109.83,51.0
1753769590645,06:13:10.645,kucoinfutures,LTC/USDT:USDT,109.81,50.0,109.8,103.0,109.82,104.0,109.83,51.0
1753769592145,06:13:12.145,kucoinfutures,LTC/USDT:USDT,109.81,50.0,109.8,103.0,109.82,104.0,109.83,51.0
1753769593467,06:13:13.467,kucoinfutures,LTC/USDT:USDT,109.8,73.0,109.79,264.0,109.81,105.0,109.82,50.0
1753769593805,06:13:13.805,kucoinfutures,LTC/USDT:USDT,109.79,50.0,109.78,665.0,109.8,105.0,109.81,50.0
1753769593915,06:13:13.915,kucoinfutures,LTC/USDT:USDT,109.79,50.0,109.78,665.0,109.8,105.0,109.81,50.0
1753769593915,06:13:13.915,kucoinfutures,LTC/USDT:USDT,109.79,50.0,109.78,665.0,109.8,105.0,109.81,50.0
1753769595188,06:13:15.188,kucoinfutures,LTC/USDT:USDT,109.79,50.0,109.78,665.0,109.8,55.0,109.81,50.0
1753769595257,06:13:15.257,kucoinfutures,LTC/USDT:USDT,109.79,50.0,109.78,665.0,109.8,55.0,109.81,50.0
1753769595258,06:13:15.258,kucoinfutures,LTC/USDT:USDT,109.79,50.0,109.78,665.0,109.8,105.0,109.81,50.0
1753769595261,06:13:15.261,kucoinfutures,LTC/USDT:USDT,109.79,50.0,109.78,665.0,109.8,105.0,109.81,50.0
1753769595261,06:13:15.261,kucoinfutures,LTC/USDT:USDT,109.79,50.0,109.78,665.0,109.8,105.0,109.81,50.0
1753769595348,06:13:15.348,kucoinfutures,LTC/USDT:USDT,109.78,665.0,109.77,104.0,109.79,135.0,109.8,50.0
1753769595350,06:13:15.350,kucoinfutures,LTC/USDT:USDT,109.78,665.0,109.77,104.0,109.79,135.0,109.8,50.0
1753769595372,06:13:15.372,kucoinfutures,LTC/USDT:USDT,109.78,665.0,109.77,104.0,109.79,135.0,109.8,50.0
1753769595372,06:13:15.372,kucoinfutures,LTC/USDT:USDT,109.78,665.0,109.77,104.0,109.79,135.0,109.8,50.0
1753769595429,06:13:15.429,kucoinfutures,LTC/USDT:USDT,109.78,670.0,109.77,104.0,109.79,135.0,109.8,50.0
1753769595437,06:13:15.437,kucoinfutures,LTC/USDT:USDT,109.78,670.0,109.77,104.0,109.79,135.0,109.8,50.0
1753769595670,06:13:15.670,kucoinfutures,LTC/USDT:USDT,109.78,670.0,109.77,104.0,109.79,135.0,109.8,50.0
1753769595675,06:13:15.675,kucoinfutures,LTC/USDT:USDT,109.78,670.0,109.77,104.0,109.79,135.0,109.8,50.0
1753769595685,06:13:15.685,kucoinfutures,LTC/USDT:USDT,109.78,670.0,109.77,104.0,109.79,135.0,109.8,50.0
1753769595687,06:13:15.687,kucoinfutures,LTC/USDT:USDT,109.78,670.0,109.77,104.0,109.79,135.0,109.8,50.0
1753769595688,06:13:15.688,kucoinfutures,LTC/USDT:USDT,109.78,670.0,109.77,104.0,109.79,135.0,109.8,50.0
1753769595781,06:13:15.781,kucoinfutures,LTC/USDT:USDT,109.78,670.0,109.77,104.0,109.79,135.0,109.8,50.0
1753769595887,06:13:15.887,kucoinfutures,LTC/USDT:USDT,109.78,616.0,109.77,104.0,109.79,135.0,109.8,50.0
1753769596079,06:13:16.079,kucoinfutures,LTC/USDT:USDT,109.78,616.0,109.77,104.0,109.79,135.0,109.8,50.0
1753769596112,06:13:16.112,kucoinfutures,LTC/USDT:USDT,109.78,563.0,109.77,104.0,109.79,135.0,109.8,138.0
1753769596188,06:13:16.188,kucoinfutures,LTC/USDT:USDT,109.78,55.0,109.77,104.0,109.79,135.0,109.8,138.0
1753769596191,06:13:16.191,kucoinfutures,LTC/USDT:USDT,109.78,55.0,109.77,104.0,109.79,135.0,109.8,138.0
1753769596193,06:13:16.193,kucoinfutures,LTC/USDT:USDT,109.78,55.0,109.77,104.0,109.79,135.0,109.8,138.0
1753769596196,06:13:16.196,kucoinfutures,LTC/USDT:USDT,109.78,55.0,109.77,249.0,109.79,135.0,109.8,138.0
1753769596203,06:13:16.203,kucoinfutures,LTC/USDT:USDT,109.78,55.0,109.77,249.0,109.79,135.0,109.8,138.0
1753769596204,06:13:16.204,kucoinfutures,LTC/USDT:USDT,109.78,50.0,109.77,249.0,109.79,135.0,109.8,138.0
1753769596205,06:13:16.205,kucoinfutures,LTC/USDT:USDT,109.78,50.0,109.77,249.0,109.79,135.0,109.8,138.0
1753769596293,06:13:16.293,kucoinfutures,LTC/USDT:USDT,109.78,50.0,109.77,249.0,109.79,135.0,109.8,138.0
1753769596297,06:13:16.297,kucoinfutures,LTC/USDT:USDT,109.78,50.0,109.77,249.0,109.79,135.0,109.8,138.0
1753769596299,06:13:16.299,kucoinfutures,LTC/USDT:USDT,109.78,50.0,109.77,249.0,109.79,135.0,109.8,138.0
1753769597529,06:13:17.529,kucoinfutures,LTC/USDT:USDT,109.78,50.0,109.77,249.0,109.79,135.0,109.8,138.0
1753769597703,06:13:17.703,kucoinfutures,LTC/USDT:USDT,109.78,50.0,109.77,249.0,109.79,135.0,109.8,138.0
1753769597708,06:13:17.708,kucoinfutures,LTC/USDT:USDT,109.78,50.0,109.77,249.0,109.79,135.0,109.8,138.0
1753769597770,06:13:17.770,kucoinfutures,LTC/USDT:USDT,109.78,50.0,109.77,249.0,109.79,135.0,109.8,138.0
1753769597772,06:13:17.772,kucoinfutures,LTC/USDT:USDT,109.78,50.0,109.77,249.0,109.79,135.0,109.8,138.0
1753769597777,06:13:17.777,kucoinfutures,LTC/USDT:USDT,109.78,50.0,109.77,249.0,109.79,135.0,109.8,138.0
1753769597814,06:13:17.814,kucoinfutures,LTC/USDT:USDT,109.78,50.0,109.77,249.0,109.79,135.0,109.8,138.0
1753769597818,06:13:17.818,kucoinfutures,LTC/USDT:USDT,109.78,50.0,109.77,249.0,109.79,135.0,109.8,138.0
1753769597821,06:13:17.821,kucoinfutures,LTC/USDT:USDT,109.78,50.0,109.77,249.0,109.79,135.0,109.8,138.0
1753769597821,06:13:17.821,kucoinfutures,LTC/USDT:USDT,109.78,50.0,109.77,249.0,109.79,135.0,109.8,138.0
1753769597835,06:13:17.835,kucoinfutures,LTC/USDT:USDT,109.78,50.0,109.77,249.0,109.79,135.0,109.8,138.0
1753769597838,06:13:17.838,kucoinfutures,LTC/USDT:USDT,109.78,50.0,109.77,249.0,109.79,135.0,109.8,138.0
1753769598030,06:13:18.030,kucoinfutures,LTC/USDT:USDT,109.78,50.0,109.77,249.0,109.79,135.0,109.8,138.0
1753769598404,06:13:18.404,kucoinfutures,LTC/USDT:USDT,109.77,249.0,109.76,761.0,109.78,55.0,109.79,80.0
1753769598407,06:13:18.407,kucoinfutures,LTC/USDT:USDT,109.77,254.0,109.76,633.0,109.78,55.0,109.79,80.0
1753769598407,06:13:18.407,kucoinfutures,LTC/USDT:USDT,109.77,254.0,109.76,633.0,109.78,55.0,109.79,80.0
1753769598407,06:13:18.407,kucoinfutures,LTC/USDT:USDT,109.77,254.0,109.76,633.0,109.78,55.0,109.79,80.0
1753769598423,06:13:18.423,kucoinfutures,LTC/USDT:USDT,109.77,55.0,109.76,633.0,109.78,55.0,109.79,50.0
1753769598431,06:13:18.431,kucoinfutures,LTC/USDT:USDT,109.77,55.0,109.76,633.0,109.78,55.0,109.79,50.0
1753769598505,06:13:18.505,kucoinfutures,LTC/USDT:USDT,109.77,50.0,109.76,633.0,109.78,55.0,109.79,50.0
1753769598673,06:13:18.673,kucoinfutures,LTC/USDT:USDT,109.77,50.0,109.76,633.0,109.78,55.0,109.79,50.0
1753769598678,06:13:18.678,kucoinfutures,LTC/USDT:USDT,109.77,50.0,109.76,633.0,109.78,55.0,109.79,50.0
1753769598680,06:13:18.680,kucoinfutures,LTC/USDT:USDT,109.77,50.0,109.76,633.0,109.78,55.0,109.79,50.0
1753769598685,06:13:18.685,kucoinfutures,LTC/USDT:USDT,109.77,50.0,109.76,633.0,109.78,55.0,109.79,50.0
1753769598728,06:13:18.728,kucoinfutures,LTC/USDT:USDT,109.77,50.0,109.76,633.0,109.78,55.0,109.79,50.0
1753769598744,06:13:18.744,kucoinfutures,LTC/USDT:USDT,109.77,50.0,109.76,633.0,109.78,55.0,109.79,50.0
1753769598807,06:13:18.807,kucoinfutures,LTC/USDT:USDT,109.77,50.0,109.76,633.0,109.78,55.0,109.79,50.0
1753769598811,06:13:18.811,kucoinfutures,LTC/USDT:USDT,109.77,50.0,109.76,633.0,109.78,55.0,109.79,138.0
1753769598871,06:13:18.871,kucoinfutures,LTC/USDT:USDT,109.77,50.0,109.76,633.0,109.78,55.0,109.79,138.0
1753769599085,06:13:19.085,kucoinfutures,LTC/USDT:USDT,109.77,50.0,109.76,633.0,109.78,55.0,109.79,138.0
1753769599198,06:13:19.198,kucoinfutures,LTC/USDT:USDT,109.77,50.0,109.76,633.0,109.78,55.0,109.79,138.0
1753769599212,06:13:19.212,kucoinfutures,LTC/USDT:USDT,109.77,50.0,109.76,633.0,109.78,105.0,109.79,138.0
1753769599285,06:13:19.285,kucoinfutures,LTC/USDT:USDT,109.77,50.0,109.76,125.0,109.78,105.0,109.79,138.0
1753769600673,06:13:20.673,kucoinfutures,LTC/USDT:USDT,109.76,125.0,109.75,426.0,109.77,55.0,109.78,105.0
1753769600679,06:13:20.679,kucoinfutures,LTC/USDT:USDT,109.76,50.0,109.75,298.0,109.77,55.0,109.78,50.0
1753769600695,06:13:20.695,kucoinfutures,LTC/USDT:USDT,109.76,50.0,109.75,298.0,109.77,55.0,109.78,50.0
1753769600698,06:13:20.698,kucoinfutures,LTC/USDT:USDT,109.76,50.0,109.75,298.0,109.77,55.0,109.78,50.0
1753769600701,06:13:20.701,kucoinfutures,LTC/USDT:USDT,109.76,50.0,109.75,298.0,109.77,55.0,109.78,50.0
1753769600704,06:13:20.704,kucoinfutures,LTC/USDT:USDT,109.76,50.0,109.75,298.0,109.77,55.0,109.78,50.0
1753769600705,06:13:20.705,kucoinfutures,LTC/USDT:USDT,109.76,50.0,109.75,298.0,109.77,55.0,109.78,50.0
1753769600709,06:13:20.709,kucoinfutures,LTC/USDT:USDT,109.76,50.0,109.75,298.0,109.77,55.0,109.78,50.0
1753769600717,06:13:20.717,kucoinfutures,LTC/USDT:USDT,109.76,50.0,109.75,298.0,109.77,55.0,109.78,50.0
1753769600765,06:13:20.765,kucoinfutures,LTC/USDT:USDT,109.77,55.0,109.76,103.0,109.78,50.0,109.79,138.0
1753769600823,06:13:20.823,kucoinfutures,LTC/USDT:USDT,109.77,55.0,109.76,103.0,109.78,105.0,109.79,138.0
1753769601117,06:13:21.117,kucoinfutures,LTC/USDT:USDT,109.76,50.0,109.75,245.0,109.77,55.0,109.78,50.0
1753769601750,06:13:21.750,kucoinfutures,LTC/USDT:USDT,109.76,105.0,109.75,245.0,109.77,55.0,109.78,50.0
1753769602014,06:13:22.014,kucoinfutures,LTC/USDT:USDT,109.76,105.0,109.75,245.0,109.77,55.0,109.78,50.0
1753769602019,06:13:22.019,kucoinfutures,LTC/USDT:USDT,109.76,105.0,109.75,245.0,109.77,55.0,109.78,50.0
1753769602344,06:13:22.344,kucoinfutures,LTC/USDT:USDT,109.76,50.0,109.75,245.0,109.77,55.0,109.78,50.0
1753769602348,06:13:22.348,kucoinfutures,LTC/USDT:USDT,109.76,50.0,109.75,245.0,109.77,55.0,109.78,50.0
1753769602364,06:13:22.364,kucoinfutures,LTC/USDT:USDT,109.76,50.0,109.75,245.0,109.77,55.0,109.78,50.0
1753769602517,06:13:22.517,kucoinfutures,LTC/USDT:USDT,109.76,105.0,109.75,245.0,109.77,55.0,109.78,50.0
1753769602565,06:13:22.565,kucoinfutures,LTC/USDT:USDT,109.76,105.0,109.75,245.0,109.77,55.0,109.78,50.0
1753769603153,06:13:23.153,kucoinfutures,LTC/USDT:USDT,109.76,105.0,109.75,245.0,109.78,50.0,109.79,344.0
1753769603157,06:13:23.157,kucoinfutures,LTC/USDT:USDT,109.77,21.0,109.76,105.0,109.78,50.0,109.79,100.0
1753769603161,06:13:23.161,kucoinfutures,LTC/USDT:USDT,109.77,77.0,109.76,50.0,109.78,50.0,109.79,100.0
1753769603167,06:13:23.167,kucoinfutures,LTC/USDT:USDT,109.77,77.0,109.76,50.0,109.78,50.0,109.79,100.0
1753769603199,06:13:23.199,kucoinfutures,LTC/USDT:USDT,109.77,77.0,109.76,50.0,109.78,50.0,109.79,100.0
1753769603223,06:13:23.223,kucoinfutures,LTC/USDT:USDT,109.77,77.0,109.76,103.0,109.78,106.0,109.79,100.0
1753769604133,06:13:24.133,kucoinfutures,LTC/USDT:USDT,109.77,21.0,109.76,103.0,109.78,106.0,109.79,100.0
1753769604641,06:13:24.641,kucoinfutures,LTC/USDT:USDT,109.77,21.0,109.76,103.0,109.78,106.0,109.79,100.0
1753769604641,06:13:24.641,kucoinfutures,LTC/USDT:USDT,109.77,21.0,109.76,103.0,109.78,106.0,109.79,100.0
1753769604645,06:13:24.645,kucoinfutures,LTC/USDT:USDT,109.77,21.0,109.76,103.0,109.78,106.0,109.79,100.0
1753769604856,06:13:24.856,kucoinfutures,LTC/USDT:USDT,109.77,21.0,109.76,103.0,109.78,106.0,109.79,100.0
1753769604860,06:13:24.860,kucoinfutures,LTC/USDT:USDT,109.77,21.0,109.76,103.0,109.78,106.0,109.79,100.0
1753769605654,06:13:25.654,kucoinfutures,LTC/USDT:USDT,109.77,77.0,109.76,103.0,109.78,106.0,109.79,50.0
1753769605915,06:13:25.915,kucoinfutures,LTC/USDT:USDT,109.77,77.0,109.76,103.0,109.78,106.0,109.79,50.0
1753769605915,06:13:25.915,kucoinfutures,LTC/USDT:USDT,109.77,77.0,109.76,103.0,109.78,106.0,109.79,50.0
1753769606045,06:13:26.045,kucoinfutures,LTC/USDT:USDT,109.77,77.0,109.76,103.0,109.78,106.0,109.79,50.0
1753769606054,06:13:26.054,kucoinfutures,LTC/USDT:USDT,109.77,77.0,109.76,103.0,109.78,56.0,109.79,50.0
1753769606137,06:13:26.137,kucoinfutures,LTC/USDT:USDT,109.77,127.0,109.76,103.0,109.78,56.0,109.79,50.0
1753769606312,06:13:26.312,kucoinfutures,LTC/USDT:USDT,109.77,127.0,109.76,103.0,109.78,56.0,109.79,50.0
1753769606312,06:13:26.312,kucoinfutures,LTC/USDT:USDT,109.77,127.0,109.76,103.0,109.78,56.0,109.79,50.0
1753769606329,06:13:26.329,kucoinfutures,LTC/USDT:USDT,109.77,127.0,109.76,103.0,109.79,50.0,109.8,344.0
1753769606351,06:13:26.351,kucoinfutures,LTC/USDT:USDT,109.78,77.0,109.77,77.0,109.79,106.0,109.8,100.0
1753769606351,06:13:26.351,kucoinfutures,LTC/USDT:USDT,109.78,77.0,109.77,103.0,109.79,106.0,109.8,100.0
1753769606370,06:13:26.370,kucoinfutures,LTC/USDT:USDT,109.78,77.0,109.77,103.0,109.79,106.0,109.8,100.0
1753769606413,06:13:26.413,kucoinfutures,LTC/USDT:USDT,109.78,77.0,109.77,103.0,109.79,106.0,109.8,100.0
1753769606417,06:13:26.417,kucoinfutures,LTC/USDT:USDT,109.78,77.0,109.77,103.0,109.79,106.0,109.8,100.0
1753769606431,06:13:26.431,kucoinfutures,LTC/USDT:USDT,109.78,77.0,109.77,103.0,109.79,106.0,109.8,100.0
1753769606705,06:13:26.705,kucoinfutures,LTC/USDT:USDT,109.78,77.0,109.77,103.0,109.79,106.0,109.8,100.0
1753769608709,06:13:28.709,kucoinfutures,LTC/USDT:USDT,109.77,50.0,109.76,103.0,109.78,106.0,109.79,50.0
1753769608713,06:13:28.713,kucoinfutures,LTC/USDT:USDT,109.77,50.0,109.76,103.0,109.78,106.0,109.79,50.0
1753769608757,06:13:28.757,kucoinfutures,LTC/USDT:USDT,109.77,50.0,109.76,103.0,109.78,106.0,109.79,50.0
1753769608894,06:13:28.894,kucoinfutures,LTC/USDT:USDT,109.77,50.0,109.76,103.0,109.78,106.0,109.79,50.0
1753769609358,06:13:29.358,kucoinfutures,LTC/USDT:USDT,109.77,50.0,109.76,103.0,109.78,106.0,109.79,50.0
1753769609463,06:13:29.463,kucoinfutures,LTC/USDT:USDT,109.77,50.0,109.76,103.0,109.78,106.0,109.79,50.0
1753769609465,06:13:29.465,kucoinfutures,LTC/USDT:USDT,109.77,50.0,109.76,103.0,109.78,106.0,109.79,50.0
1753769609466,06:13:29.466,kucoinfutures,LTC/USDT:USDT,109.77,50.0,109.76,103.0,109.78,106.0,109.79,50.0
1753769609470,06:13:29.470,kucoinfutures,LTC/USDT:USDT,109.77,50.0,109.76,103.0,109.78,106.0,109.79,50.0
1753769609638,06:13:29.638,kucoinfutures,LTC/USDT:USDT,109.77,50.0,109.76,103.0,109.78,106.0,109.79,50.0
1753769609661,06:13:29.661,kucoinfutures,LTC/USDT:USDT,109.77,50.0,109.76,103.0,109.78,106.0,109.79,50.0
1753769609900,06:13:29.900,kucoinfutures,LTC/USDT:USDT,109.77,50.0,109.76,103.0,109.78,106.0,109.79,50.0
1753769610133,06:13:30.133,kucoinfutures,LTC/USDT:USDT,109.77,50.0,109.76,103.0,109.78,106.0,109.79,50.0
1753769610268,06:13:30.268,kucoinfutures,LTC/USDT:USDT,109.77,50.0,109.76,103.0,109.78,106.0,109.79,50.0
1753769610343,06:13:30.343,kucoinfutures,LTC/USDT:USDT,109.77,50.0,109.76,103.0,109.78,106.0,109.79,50.0
1753769610345,06:13:30.345,kucoinfutures,LTC/USDT:USDT,109.77,50.0,109.76,103.0,109.78,106.0,109.79,50.0
1753769610348,06:13:30.348,kucoinfutures,LTC/USDT:USDT,109.77,50.0,109.76,103.0,109.78,106.0,109.79,50.0
1753769610358,06:13:30.358,kucoinfutures,LTC/USDT:USDT,109.77,50.0,109.76,103.0,109.78,106.0,109.79,84.0
1753769610363,06:13:30.363,kucoinfutures,LTC/USDT:USDT,109.77,50.0,109.76,103.0,109.78,106.0,109.79,84.0
1753769610367,06:13:30.367,kucoinfutures,LTC/USDT:USDT,109.77,50.0,109.76,50.0,109.78,106.0,109.79,84.0
1753769610369,06:13:30.369,kucoinfutures,LTC/USDT:USDT,109.77,50.0,109.76,50.0,109.78,106.0,109.79,84.0
1753769610407,06:13:30.407,kucoinfutures,LTC/USDT:USDT,109.77,50.0,109.76,50.0,109.78,106.0,109.79,84.0
1753769610411,06:13:30.411,kucoinfutures,LTC/USDT:USDT,109.77,50.0,109.76,103.0,109.78,106.0,109.79,172.0
1753769610423,06:13:30.423,kucoinfutures,LTC/USDT:USDT,109.77,50.0,109.76,103.0,109.78,106.0,109.79,172.0
1753769610425,06:13:30.425,kucoinfutures,LTC/USDT:USDT,109.77,50.0,109.76,103.0,109.78,106.0,109.79,172.0
1753769610432,06:13:30.432,kucoinfutures,LTC/USDT:USDT,109.77,50.0,109.76,103.0,109.78,106.0,109.79,172.0
1753769610478,06:13:30.478,kucoinfutures,LTC/USDT:USDT,109.77,50.0,109.76,103.0,109.78,106.0,109.79,172.0
1753769610908,06:13:30.908,kucoinfutures,LTC/USDT:USDT,109.77,50.0,109.76,103.0,109.78,56.0,109.79,50.0
1753769611020,06:13:31.020,kucoinfutures,LTC/USDT:USDT,109.77,50.0,109.76,103.0,109.78,56.0,109.79,50.0
1753769611089,06:13:31.089,kucoinfutures,LTC/USDT:USDT,109.77,50.0,109.76,103.0,109.78,56.0,109.79,50.0
1753769611297,06:13:31.297,kucoinfutures,LTC/USDT:USDT,109.77,106.0,109.76,103.0,109.78,56.0,109.79,50.0
1753769611391,06:13:31.391,kucoinfutures,LTC/USDT:USDT,109.77,106.0,109.76,103.0,109.79,50.0,109.8,344.0
1753769611395,06:13:31.395,kucoinfutures,LTC/USDT:USDT,109.78,77.0,109.77,50.0,109.79,106.0,109.8,100.0
1753769611399,06:13:31.399,kucoinfutures,LTC/USDT:USDT,109.78,77.0,109.77,50.0,109.79,106.0,109.8,100.0
1753769611403,06:13:31.403,kucoinfutures,LTC/USDT:USDT,109.78,77.0,109.77,50.0,109.79,106.0,109.8,100.0
1753769611405,06:13:31.405,kucoinfutures,LTC/USDT:USDT,109.78,77.0,109.77,50.0,109.79,106.0,109.8,100.0
1753769611407,06:13:31.407,kucoinfutures,LTC/USDT:USDT,109.78,77.0,109.77,50.0,109.79,106.0,109.8,100.0
1753769612035,06:13:32.035,kucoinfutures,LTC/USDT:USDT,109.78,21.0,109.77,103.0,109.79,106.0,109.8,100.0
1753769612344,06:13:32.344,kucoinfutures,LTC/USDT:USDT,109.8,56.0,109.79,77.0,109.81,84.0,109.82,282.0
1753769612360,06:13:32.360,kucoinfutures,LTC/USDT:USDT,109.8,56.0,109.79,77.0,109.81,84.0,109.82,232.0
1753769612398,06:13:32.398,kucoinfutures,LTC/USDT:USDT,109.8,56.0,109.79,77.0,109.81,84.0,109.82,232.0
1753769612402,06:13:32.402,kucoinfutures,LTC/USDT:USDT,109.8,56.0,109.79,77.0,109.81,84.0,109.82,232.0
1753769612405,06:13:32.405,kucoinfutures,LTC/USDT:USDT,109.8,56.0,109.79,77.0,109.81,84.0,109.82,232.0
1753769612407,06:13:32.407,kucoinfutures,LTC/USDT:USDT,109.8,56.0,109.79,77.0,109.81,84.0,109.82,232.0
1753769612414,06:13:32.414,kucoinfutures,LTC/USDT:USDT,109.8,56.0,109.79,77.0,109.81,84.0,109.82,232.0
1753769612424,06:13:32.424,kucoinfutures,LTC/USDT:USDT,109.8,56.0,109.79,77.0,109.81,84.0,109.82,232.0
1753769612428,06:13:32.428,kucoinfutures,LTC/USDT:USDT,109.8,56.0,109.79,77.0,109.81,84.0,109.82,232.0
1753769613050,06:13:33.050,kucoinfutures,LTC/USDT:USDT,109.8,56.0,109.79,77.0,109.81,84.0,109.82,232.0
1753769613052,06:13:33.052,kucoinfutures,LTC/USDT:USDT,109.8,56.0,109.79,77.0,109.81,84.0,109.82,232.0
1753769613886,06:13:33.886,kucoinfutures,LTC/USDT:USDT,109.79,50.0,109.78,200.0,109.8,104.0,109.81,84.0
1753769613888,06:13:33.888,kucoinfutures,LTC/USDT:USDT,109.79,75.0,109.78,200.0,109.8,104.0,109.81,84.0
1753769613914,06:13:33.914,kucoinfutures,LTC/USDT:USDT,109.79,75.0,109.78,200.0,109.8,104.0,109.81,84.0
1753769613978,06:13:33.978,kucoinfutures,LTC/USDT:USDT,109.79,50.0,109.78,200.0,109.8,104.0,109.81,84.0
1753769613986,06:13:33.986,kucoinfutures,LTC/USDT:USDT,109.79,50.0,109.78,200.0,109.8,104.0,109.81,84.0
1753769615314,06:13:35.314,kucoinfutures,LTC/USDT:USDT,109.77,106.0,109.76,275.0,109.78,30.0,109.79,50.0
1753769615442,06:13:35.442,kucoinfutures,LTC/USDT:USDT,109.78,54.0,109.77,52.0,109.79,104.0,109.8,114.0
1753769615447,06:13:35.447,kucoinfutures,LTC/USDT:USDT,109.78,54.0,109.77,105.0,109.79,104.0,109.8,114.0
1753769615642,06:13:35.642,kucoinfutures,LTC/USDT:USDT,109.77,52.0,109.76,275.0,109.78,54.0,109.79,50.0
1753769615702,06:13:35.702,kucoinfutures,LTC/USDT:USDT,109.77,52.0,109.76,275.0,109.78,54.0,109.79,50.0
1753769616208,06:13:36.208,kucoinfutures,LTC/USDT:USDT,109.77,106.0,109.76,275.0,109.79,50.0,109.8,358.0
1753769616210,06:13:36.210,kucoinfutures,LTC/USDT:USDT,109.77,106.0,109.76,275.0,109.79,50.0,109.8,242.0
1753769616212,06:13:36.212,kucoinfutures,LTC/USDT:USDT,109.78,54.0,109.77,106.0,109.79,104.0,109.8,114.0
1753769616213,06:13:36.213,kucoinfutures,LTC/USDT:USDT,109.78,54.0,109.77,52.0,109.79,104.0,109.8,114.0
1753769616253,06:13:36.253,kucoinfutures,LTC/USDT:USDT,109.78,54.0,109.77,52.0,109.79,104.0,109.8,114.0
1753769616257,06:13:36.257,kucoinfutures,LTC/USDT:USDT,109.78,54.0,109.77,52.0,109.79,104.0,109.8,114.0
1753769616260,06:13:36.260,kucoinfutures,LTC/USDT:USDT,109.78,54.0,109.77,105.0,109.79,104.0,109.8,114.0
1753769616864,06:13:36.864,kucoinfutures,LTC/USDT:USDT,109.78,54.0,109.77,105.0,109.79,104.0,109.8,114.0
1753769616917,06:13:36.917,kucoinfutures,LTC/USDT:USDT,109.77,105.0,109.76,403.0,109.79,104.0,109.8,114.0
1753769616923,06:13:36.923,kucoinfutures,LTC/USDT:USDT,109.77,105.0,109.76,275.0,109.78,54.0,109.79,50.0
1753769616937,06:13:36.937,kucoinfutures,LTC/USDT:USDT,109.77,52.0,109.76,275.0,109.78,54.0,109.79,50.0
1753769617004,06:13:37.004,kucoinfutures,LTC/USDT:USDT,109.77,52.0,109.76,275.0,109.78,54.0,109.79,50.0
1753769617007,06:13:37.007,kucoinfutures,LTC/USDT:USDT,109.77,106.0,109.76,275.0,109.78,54.0,109.79,50.0
1753769617038,06:13:37.038,kucoinfutures,LTC/USDT:USDT,109.77,106.0,109.76,275.0,109.78,54.0,109.79,50.0
1753769618005,06:13:38.005,kucoinfutures,LTC/USDT:USDT,109.77,106.0,109.76,275.0,109.78,54.0,109.79,50.0
1753769618066,06:13:38.066,kucoinfutures,LTC/USDT:USDT,109.77,52.0,109.76,275.0,109.78,54.0,109.79,50.0
1753769619263,06:13:39.263,kucoinfutures,LTC/USDT:USDT,109.77,52.0,109.76,275.0,109.78,54.0,109.79,50.0
1753769619267,06:13:39.267,kucoinfutures,LTC/USDT:USDT,109.77,52.0,109.76,275.0,109.78,54.0,109.79,50.0
1753769619271,06:13:39.271,kucoinfutures,LTC/USDT:USDT,109.77,52.0,109.76,275.0,109.78,54.0,109.79,50.0
1753769619590,06:13:39.590,kucoinfutures,LTC/USDT:USDT,109.77,52.0,109.76,275.0,109.78,54.0,109.79,50.0
1753769619804,06:13:39.804,kucoinfutures,LTC/USDT:USDT,109.77,52.0,109.76,275.0,109.78,54.0,109.79,50.0
1753769619915,06:13:39.915,kucoinfutures,LTC/USDT:USDT,109.77,52.0,109.76,275.0,109.78,54.0,109.79,50.0
1753769619917,06:13:39.917,kucoinfutures,LTC/USDT:USDT,109.77,52.0,109.76,275.0,109.78,54.0,109.79,50.0
1753769619920,06:13:39.920,kucoinfutures,LTC/USDT:USDT,109.77,52.0,109.76,275.0,109.78,54.0,109.79,50.0
1753769619939,06:13:39.939,kucoinfutures,LTC/USDT:USDT,109.77,52.0,109.76,275.0,109.78,54.0,109.79,50.0
1753769620746,06:13:40.746,kucoinfutures,LTC/USDT:USDT,109.77,52.0,109.76,275.0,109.78,54.0,109.79,50.0
1753769620750,06:13:40.750,kucoinfutures,LTC/USDT:USDT,109.77,52.0,109.76,275.0,109.78,54.0,109.79,50.0
1753769620873,06:13:40.873,kucoinfutures,LTC/USDT:USDT,109.78,54.0,109.77,106.0,109.79,50.0,109.8,230.0
1753769620875,06:13:40.875,kucoinfutures,LTC/USDT:USDT,109.78,54.0,109.77,106.0,109.79,50.0,109.8,230.0
1753769620881,06:13:40.881,kucoinfutures,LTC/USDT:USDT,109.78,75.0,109.77,159.0,109.79,50.0,109.8,87.0
1753769620887,06:13:40.887,kucoinfutures,LTC/USDT:USDT,109.78,75.0,109.77,159.0,109.79,50.0,109.8,50.0
1753769620903,06:13:40.903,kucoinfutures,LTC/USDT:USDT,109.78,75.0,109.77,159.0,109.8,50.0,109.81,416.0
1753769620904,06:13:40.904,kucoinfutures,LTC/USDT:USDT,109.78,75.0,109.77,159.0,109.8,50.0,109.81,416.0
1753769620908,06:13:40.908,kucoinfutures,LTC/USDT:USDT,109.78,75.0,109.77,159.0,109.79,54.0,109.8,50.0
1753769621004,06:13:41.004,kucoinfutures,LTC/USDT:USDT,109.78,75.0,109.77,159.0,109.79,54.0,109.8,50.0
1753769621185,06:13:41.185,kucoinfutures,LTC/USDT:USDT,109.78,75.0,109.77,105.0,109.79,54.0,109.8,50.0
1753769621384,06:13:41.384,kucoinfutures,LTC/USDT:USDT,109.78,75.0,109.77,105.0,109.79,54.0,109.8,50.0
1753769621389,06:13:41.389,kucoinfutures,LTC/USDT:USDT,109.78,75.0,109.77,105.0,109.79,54.0,109.8,50.0
1753769621504,06:13:41.504,kucoinfutures,LTC/USDT:USDT,109.78,75.0,109.77,105.0,109.79,54.0,109.8,50.0
1753769621763,06:13:41.763,kucoinfutures,LTC/USDT:USDT,109.78,75.0,109.77,105.0,109.79,54.0,109.8,50.0
1753769621920,06:13:41.920,kucoinfutures,LTC/USDT:USDT,109.78,75.0,109.77,105.0,109.79,54.0,109.8,50.0
1753769622092,06:13:42.092,kucoinfutures,LTC/USDT:USDT,109.78,75.0,109.77,105.0,109.79,54.0,109.8,50.0
1753769622916,06:13:42.916,kucoinfutures,LTC/USDT:USDT,109.78,21.0,109.77,105.0,109.79,54.0,109.8,50.0
1753769622920,06:13:42.920,kucoinfutures,LTC/USDT:USDT,109.78,21.0,109.77,105.0,109.79,54.0,109.8,50.0
1753769622963,06:13:42.963,kucoinfutures,LTC/USDT:USDT,109.78,21.0,109.77,105.0,109.79,104.0,109.8,50.0
1753769623026,06:13:43.026,kucoinfutures,LTC/USDT:USDT,109.78,21.0,109.77,105.0,109.79,104.0,109.8,50.0
1753769623027,06:13:43.027,kucoinfutures,LTC/USDT:USDT,109.78,77.0,109.77,105.0,109.79,104.0,109.8,50.0
1753769623030,06:13:43.030,kucoinfutures,LTC/USDT:USDT,109.78,77.0,109.77,105.0,109.79,104.0,109.8,50.0
1753769623095,06:13:43.095,kucoinfutures,LTC/USDT:USDT,109.78,77.0,109.77,105.0,109.79,104.0,109.8,50.0
1753769623101,06:13:43.101,kucoinfutures,LTC/USDT:USDT,109.78,77.0,109.77,105.0,109.79,104.0,109.8,50.0
1753769623108,06:13:43.108,kucoinfutures,LTC/USDT:USDT,109.78,77.0,109.77,105.0,109.79,104.0,109.8,50.0
1753769623345,06:13:43.345,kucoinfutures,LTC/USDT:USDT,109.78,77.0,109.77,105.0,109.79,104.0,109.8,50.0
1753769623913,06:13:43.913,kucoinfutures,LTC/USDT:USDT,109.78,77.0,109.77,105.0,109.79,104.0,109.8,50.0
1753769623921,06:13:43.921,kucoinfutures,LTC/USDT:USDT,109.78,77.0,109.77,105.0,109.79,104.0,109.8,50.0
1753769624034,06:13:44.034,kucoinfutures,LTC/USDT:USDT,109.78,77.0,109.77,105.0,109.79,104.0,109.8,50.0
1753769624038,06:13:44.038,kucoinfutures,LTC/USDT:USDT,109.78,77.0,109.77,105.0,109.79,104.0,109.8,50.0
1753769624061,06:13:44.061,kucoinfutures,LTC/USDT:USDT,109.78,77.0,109.77,105.0,109.79,104.0,109.8,50.0
1753769624232,06:13:44.232,kucoinfutures,LTC/USDT:USDT,109.78,77.0,109.77,105.0,109.79,50.0,109.8,50.0
1753769624868,06:13:44.868,kucoinfutures,LTC/USDT:USDT,109.78,77.0,109.77,105.0,109.79,56.0,109.8,50.0
1753769624888,06:13:44.888,kucoinfutures,LTC/USDT:USDT,109.78,77.0,109.77,105.0,109.79,56.0,109.8,50.0
1753769624904,06:13:44.904,kucoinfutures,LTC/USDT:USDT,109.78,77.0,109.77,105.0,109.79,56.0,109.8,50.0
1753769625042,06:13:45.042,kucoinfutures,LTC/USDT:USDT,109.79,56.0,109.78,71.0,109.8,106.0,109.81,100.0
1753769625045,06:13:45.045,kucoinfutures,LTC/USDT:USDT,109.79,56.0,109.78,101.0,109.8,106.0,109.81,100.0
1753769625245,06:13:45.245,kucoinfutures,LTC/USDT:USDT,109.79,56.0,109.78,101.0,109.8,106.0,109.81,100.0
1753769627999,06:13:47.999,kucoinfutures,LTC/USDT:USDT,109.79,56.0,109.78,101.0,109.8,106.0,109.81,100.0
1753769628003,06:13:48.003,kucoinfutures,LTC/USDT:USDT,109.79,56.0,109.78,101.0,109.8,106.0,109.81,100.0
1753769628077,06:13:48.077,kucoinfutures,LTC/USDT:USDT,109.79,56.0,109.78,101.0,109.8,106.0,109.81,100.0
1753769628364,06:13:48.364,kucoinfutures,LTC/USDT:USDT,109.79,56.0,109.78,101.0,109.8,106.0,109.81,100.0
1753769629053,06:13:49.053,kucoinfutures,LTC/USDT:USDT,109.79,56.0,109.78,101.0,109.8,106.0,109.81,100.0
1753769629061,06:13:49.061,kucoinfutures,LTC/USDT:USDT,109.79,56.0,109.78,101.0,109.8,106.0,109.81,100.0
1753769629552,06:13:49.552,kucoinfutures,LTC/USDT:USDT,109.78,71.0,109.77,105.0,109.79,106.0,109.8,50.0
1753769629672,06:13:49.672,kucoinfutures,LTC/USDT:USDT,109.78,71.0,109.77,105.0,109.79,106.0,109.8,50.0
1753769630182,06:13:50.182,kucoinfutures,LTC/USDT:USDT,109.78,71.0,109.77,105.0,109.79,106.0,109.8,50.0
1753769630323,06:13:50.323,kucoinfutures,LTC/USDT:USDT,109.78,71.0,109.77,105.0,109.79,106.0,109.8,50.0
1753769630601,06:13:50.601,kucoinfutures,LTC/USDT:USDT,109.78,71.0,109.77,105.0,109.79,106.0,109.8,50.0
1753769630796,06:13:50.796,kucoinfutures,LTC/USDT:USDT,109.78,50.0,109.77,105.0,109.79,56.0,109.8,50.0
1753769632441,06:13:52.441,kucoinfutures,LTC/USDT:USDT,109.78,50.0,109.77,105.0,109.79,106.0,109.8,50.0
1753769632512,06:13:52.512,kucoinfutures,LTC/USDT:USDT,109.77,52.0,109.76,275.0,109.78,106.0,109.79,50.0
1753769632652,06:13:52.652,kucoinfutures,LTC/USDT:USDT,109.77,52.0,109.76,275.0,109.78,106.0,109.79,50.0
1753769633369,06:13:53.369,kucoinfutures,LTC/USDT:USDT,109.77,105.0,109.76,275.0,109.78,106.0,109.79,50.0
1753769633564,06:13:53.564,kucoinfutures,LTC/USDT:USDT,109.77,105.0,109.76,275.0,109.78,106.0,109.79,50.0
1753769633567,06:13:53.567,kucoinfutures,LTC/USDT:USDT,109.77,105.0,109.76,275.0,109.78,106.0,109.79,50.0
1753769633659,06:13:53.659,kucoinfutures,LTC/USDT:USDT,109.77,105.0,109.76,275.0,109.78,106.0,109.79,50.0
1753769633660,06:13:53.660,kucoinfutures,LTC/USDT:USDT,109.77,105.0,109.76,275.0,109.78,106.0,109.79,50.0
1753769634138,06:13:54.138,kucoinfutures,LTC/USDT:USDT,109.77,105.0,109.76,275.0,109.78,56.0,109.79,50.0
1753769634261,06:13:54.261,kucoinfutures,LTC/USDT:USDT,109.77,105.0,109.76,275.0,109.78,56.0,109.79,50.0
1753769634517,06:13:54.517,kucoinfutures,LTC/USDT:USDT,109.77,105.0,109.76,275.0,109.78,56.0,109.79,50.0
1753769634831,06:13:54.831,kucoinfutures,LTC/USDT:USDT,109.78,74.0,109.77,52.0,109.79,50.0,109.8,100.0
1753769634846,06:13:54.846,kucoinfutures,LTC/USDT:USDT,109.78,74.0,109.77,105.0,109.79,103.0,109.8,100.0
1753769635737,06:13:55.737,kucoinfutures,LTC/USDT:USDT,109.78,74.0,109.77,105.0,109.79,53.0,109.8,50.0
1753769635818,06:13:55.818,kucoinfutures,LTC/USDT:USDT,109.78,74.0,109.77,105.0,109.79,103.0,109.8,50.0
1753769635967,06:13:55.967,kucoinfutures,LTC/USDT:USDT,109.78,74.0,109.77,105.0,109.79,103.0,109.8,50.0
1753769635971,06:13:55.971,kucoinfutures,LTC/USDT:USDT,109.78,74.0,109.77,105.0,109.79,103.0,109.8,50.0
1753769636144,06:13:56.144,kucoinfutures,LTC/USDT:USDT,109.78,74.0,109.77,105.0,109.79,50.0,109.8,50.0
1753769636806,06:13:56.806,kucoinfutures,LTC/USDT:USDT,109.79,53.0,109.78,51.0,109.8,103.0,109.81,50.0
1753769637105,06:13:57.105,kucoinfutures,LTC/USDT:USDT,109.79,53.0,109.78,51.0,109.8,103.0,109.81,50.0
1753769637108,06:13:57.108,kucoinfutures,LTC/USDT:USDT,109.79,53.0,109.78,51.0,109.8,103.0,109.81,50.0
1753769638457,06:13:58.457,kucoinfutures,LTC/USDT:USDT,109.79,53.0,109.78,51.0,109.8,103.0,109.81,50.0
1753769638459,06:13:58.459,kucoinfutures,LTC/USDT:USDT,109.78,51.0,109.77,233.0,109.8,103.0,109.81,50.0
1753769638462,06:13:58.462,kucoinfutures,LTC/USDT:USDT,109.78,51.0,109.77,105.0,109.8,103.0,109.81,50.0
1753769638464,06:13:58.464,kucoinfutures,LTC/USDT:USDT,109.78,51.0,109.77,105.0,109.79,53.0,109.8,50.0
1753769638466,06:13:58.466,kucoinfutures,LTC/USDT:USDT,109.78,21.0,109.77,105.0,109.79,53.0,109.8,50.0
1753769638469,06:13:58.469,kucoinfutures,LTC/USDT:USDT,109.78,21.0,109.77,105.0,109.79,53.0,109.8,50.0
1753769638471,06:13:58.471,kucoinfutures,LTC/USDT:USDT,109.78,74.0,109.77,105.0,109.79,53.0,109.8,50.0
1753769638498,06:13:58.498,kucoinfutures,LTC/USDT:USDT,109.78,74.0,109.77,105.0,109.79,53.0,109.8,50.0
1753769638500,06:13:58.500,kucoinfutures,LTC/USDT:USDT,109.78,74.0,109.77,105.0,109.79,53.0,109.8,50.0
1753769638505,06:13:58.505,kucoinfutures,LTC/USDT:USDT,109.78,74.0,109.77,105.0,109.79,53.0,109.8,50.0
1753769638507,06:13:58.507,kucoinfutures,LTC/USDT:USDT,109.78,74.0,109.77,105.0,109.79,53.0,109.8,50.0
1753769640193,06:14:00.193,kucoinfutures,LTC/USDT:USDT,109.78,74.0,109.77,105.0,109.79,53.0,109.8,50.0
1753769640320,06:14:00.320,kucoinfutures,LTC/USDT:USDT,109.78,74.0,109.77,105.0,109.79,53.0,109.8,50.0
1753769640324,06:14:00.324,kucoinfutures,LTC/USDT:USDT,109.78,74.0,109.77,105.0,109.79,53.0,109.8,50.0
1753769640376,06:14:00.376,kucoinfutures,LTC/USDT:USDT,109.78,74.0,109.77,105.0,109.79,53.0,109.8,50.0
1753769640435,06:14:00.435,kucoinfutures,LTC/USDT:USDT,109.78,74.0,109.77,105.0,109.79,53.0,109.8,50.0
1753769640807,06:14:00.807,kucoinfutures,LTC/USDT:USDT,109.79,53.0,109.78,124.0,109.8,50.0,109.81,219.0
1753769640811,06:14:00.811,kucoinfutures,LTC/USDT:USDT,109.79,53.0,109.78,71.0,109.8,50.0,109.81,103.0
1753769640814,06:14:00.814,kucoinfutures,LTC/USDT:USDT,109.79,53.0,109.78,71.0,109.8,50.0,109.81,103.0
1753769640840,06:14:00.840,kucoinfutures,LTC/USDT:USDT,109.79,53.0,109.78,101.0,109.8,103.0,109.81,103.0
1753769644066,06:14:04.066,kucoinfutures,LTC/USDT:USDT,109.79,53.0,109.78,101.0,109.8,50.0,109.81,103.0
1753769644069,06:14:04.069,kucoinfutures,LTC/USDT:USDT,109.79,53.0,109.78,101.0,109.8,50.0,109.81,50.0
1753769644208,06:14:04.208,kucoinfutures,LTC/USDT:USDT,109.79,53.0,109.78,101.0,109.8,50.0,109.81,50.0
1753769644260,06:14:04.260,kucoinfutures,LTC/USDT:USDT,109.79,53.0,109.78,101.0,109.8,50.0,109.81,50.0
1753769644335,06:14:04.335,kucoinfutures,LTC/USDT:USDT,109.79,53.0,109.78,101.0,109.8,50.0,109.81,50.0
1753769644339,06:14:04.339,kucoinfutures,LTC/USDT:USDT,109.79,53.0,109.78,101.0,109.8,50.0,109.81,50.0
1753769644348,06:14:04.348,kucoinfutures,LTC/USDT:USDT,109.79,53.0,109.78,101.0,109.8,50.0,109.81,50.0
1753769644360,06:14:04.360,kucoinfutures,LTC/USDT:USDT,109.79,53.0,109.78,101.0,109.8,50.0,109.81,50.0
1753769644367,06:14:04.367,kucoinfutures,LTC/USDT:USDT,109.79,53.0,109.78,101.0,109.8,50.0,109.81,50.0
1753769644378,06:14:04.378,kucoinfutures,LTC/USDT:USDT,109.79,53.0,109.78,101.0,109.8,50.0,109.81,50.0
1753769644409,06:14:04.409,kucoinfutures,LTC/USDT:USDT,109.79,53.0,109.78,101.0,109.8,50.0,109.81,50.0
1753769644418,06:14:04.418,kucoinfutures,LTC/USDT:USDT,109.79,53.0,109.78,101.0,109.8,50.0,109.81,50.0
1753769644472,06:14:04.472,kucoinfutures,LTC/USDT:USDT,109.79,53.0,109.78,101.0,109.8,50.0,109.81,50.0
1753769644493,06:14:04.493,kucoinfutures,LTC/USDT:USDT,109.79,53.0,109.78,101.0,109.8,50.0,109.81,50.0
1753769644513,06:14:04.513,kucoinfutures,LTC/USDT:USDT,109.79,53.0,109.78,101.0,109.8,50.0,109.81,50.0
1753769644514,06:14:04.514,kucoinfutures,LTC/USDT:USDT,109.79,53.0,109.78,101.0,109.8,50.0,109.81,50.0
1753769644563,06:14:04.563,kucoinfutures,LTC/USDT:USDT,109.79,53.0,109.78,101.0,109.8,50.0,109.81,50.0
1753769644642,06:14:04.642,kucoinfutures,LTC/USDT:USDT,109.79,53.0,109.78,101.0,109.81,50.0,109.82,157.0
1753769644646,06:14:04.646,kucoinfutures,LTC/USDT:USDT,109.79,53.0,109.78,101.0,109.81,50.0,109.82,157.0
1753769644667,06:14:04.667,kucoinfutures,LTC/USDT:USDT,109.79,53.0,109.78,101.0,109.81,50.0,109.82,157.0
1753769644699,06:14:04.699,kucoinfutures,LTC/USDT:USDT,109.79,53.0,109.78,101.0,109.81,50.0,109.82,157.0
1753769644703,06:14:04.703,kucoinfutures,LTC/USDT:USDT,109.79,53.0,109.78,609.0,109.81,50.0,109.82,157.0
1753769644705,06:14:04.705,kucoinfutures,LTC/USDT:USDT,109.79,53.0,109.78,609.0,109.81,50.0,109.82,157.0
1753769644707,06:14:04.707,kucoinfutures,LTC/USDT:USDT,109.79,220.0,109.78,609.0,109.81,50.0,109.82,157.0
1753769644710,06:14:04.710,kucoinfutures,LTC/USDT:USDT,109.8,53.0,109.79,220.0,109.81,50.0,109.82,157.0
1753769644715,06:14:04.715,kucoinfutures,LTC/USDT:USDT,109.8,53.0,109.79,167.0,109.81,50.0,109.82,157.0
1753769644734,06:14:04.734,kucoinfutures,LTC/USDT:USDT,109.8,53.0,109.79,167.0,109.81,50.0,109.82,157.0
1753769644736,06:14:04.736,kucoinfutures,LTC/USDT:USDT,109.8,53.0,109.79,167.0,109.81,50.0,109.82,157.0
1753769644748,06:14:04.748,kucoinfutures,LTC/USDT:USDT,109.8,53.0,109.79,167.0,109.81,50.0,109.82,157.0
1753769644762,06:14:04.762,kucoinfutures,LTC/USDT:USDT,109.8,53.0,109.79,167.0,109.81,50.0,109.82,157.0
1753769644764,06:14:04.764,kucoinfutures,LTC/USDT:USDT,109.8,53.0,109.79,167.0,109.81,50.0,109.82,157.0
1753769644779,06:14:04.779,kucoinfutures,LTC/USDT:USDT,109.8,53.0,109.79,167.0,109.81,50.0,109.82,157.0
1753769644798,06:14:04.798,kucoinfutures,LTC/USDT:USDT,109.8,53.0,109.79,167.0,109.81,50.0,109.82,157.0
1753769644804,06:14:04.804,kucoinfutures,LTC/USDT:USDT,109.8,53.0,109.79,167.0,109.81,50.0,109.82,103.0
1753769644816,06:14:04.816,kucoinfutures,LTC/USDT:USDT,109.8,53.0,109.79,167.0,109.81,50.0,109.82,103.0
1753769644905,06:14:04.905,kucoinfutures,LTC/USDT:USDT,109.8,53.0,109.79,167.0,109.81,50.0,109.82,103.0
1753769645072,06:14:05.072,kucoinfutures,LTC/USDT:USDT,109.8,53.0,109.79,167.0,109.81,50.0,109.82,103.0
1753769645408,06:14:05.408,kucoinfutures,LTC/USDT:USDT,109.8,53.0,109.79,167.0,109.81,50.0,109.82,103.0
1753769645590,06:14:05.590,kucoinfutures,LTC/USDT:USDT,109.8,53.0,109.79,167.0,109.81,50.0,109.82,103.0
1753769646007,06:14:06.007,kucoinfutures,LTC/USDT:USDT,109.8,53.0,109.79,167.0,109.81,50.0,109.82,103.0
1753769646694,06:14:06.694,kucoinfutures,LTC/USDT:USDT,109.8,103.0,109.79,167.0,109.81,50.0,109.82,103.0
1753769646698,06:14:06.698,kucoinfutures,LTC/USDT:USDT,109.8,103.0,109.79,167.0,109.81,50.0,109.82,103.0
1753769646807,06:14:06.807,kucoinfutures,LTC/USDT:USDT,109.8,103.0,109.79,167.0,109.81,50.0,109.82,103.0
1753769646927,06:14:06.927,kucoinfutures,LTC/USDT:USDT,109.81,74.0,109.8,50.0,109.82,50.0,109.83,51.0
1753769647080,06:14:07.080,kucoinfutures,LTC/USDT:USDT,109.81,74.0,109.8,50.0,109.82,50.0,109.83,51.0
1753769647095,06:14:07.095,kucoinfutures,LTC/USDT:USDT,109.81,74.0,109.8,50.0,109.82,50.0,109.83,51.0
1753769647100,06:14:07.100,kucoinfutures,LTC/USDT:USDT,109.81,74.0,109.8,77.0,109.82,50.0,109.83,51.0
1753769647172,06:14:07.172,kucoinfutures,LTC/USDT:USDT,109.81,74.0,109.8,77.0,109.82,103.0,109.83,51.0
1753769647252,06:14:07.252,kucoinfutures,LTC/USDT:USDT,109.81,74.0,109.8,77.0,109.82,103.0,109.83,51.0
1753769647595,06:14:07.595,kucoinfutures,LTC/USDT:USDT,109.81,74.0,109.8,77.0,109.82,50.0,109.83,51.0
1753769648664,06:14:08.664,kucoinfutures,LTC/USDT:USDT,109.81,74.0,109.8,77.0,109.82,50.0,109.83,51.0
1753769648669,06:14:08.669,kucoinfutures,LTC/USDT:USDT,109.81,74.0,109.8,77.0,109.82,50.0,109.83,51.0
1753769648669,06:14:08.669,kucoinfutures,LTC/USDT:USDT,109.81,74.0,109.8,77.0,109.82,50.0,109.83,51.0
1753769648783,06:14:08.783,kucoinfutures,LTC/USDT:USDT,109.81,74.0,109.8,77.0,109.82,50.0,109.83,51.0
1753769648783,06:14:08.783,kucoinfutures,LTC/USDT:USDT,109.81,74.0,109.8,77.0,109.82,50.0,109.83,51.0
1753769649010,06:14:09.010,kucoinfutures,LTC/USDT:USDT,109.81,74.0,109.8,77.0,109.82,50.0,109.83,51.0
1753769649906,06:14:09.906,kucoinfutures,LTC/USDT:USDT,109.81,74.0,109.8,77.0,109.82,50.0,109.83,51.0
1753769649911,06:14:09.911,kucoinfutures,LTC/USDT:USDT,109.81,74.0,109.8,77.0,109.82,50.0,109.83,51.0
1753769650054,06:14:10.054,kucoinfutures,LTC/USDT:USDT,109.81,74.0,109.8,77.0,109.82,50.0,109.83,51.0
1753769650199,06:14:10.199,kucoinfutures,LTC/USDT:USDT,109.81,74.0,109.8,77.0,109.82,50.0,109.83,51.0
1753769650199,06:14:10.199,kucoinfutures,LTC/USDT:USDT,109.81,74.0,109.8,77.0,109.82,50.0,109.83,51.0
1753769650204,06:14:10.204,kucoinfutures,LTC/USDT:USDT,109.81,74.0,109.8,77.0,109.82,50.0,109.83,51.0
1753769650210,06:14:10.210,kucoinfutures,LTC/USDT:USDT,109.81,74.0,109.8,77.0,109.82,50.0,109.83,51.0
1753769650603,06:14:10.603,kucoinfutures,LTC/USDT:USDT,109.81,74.0,109.8,77.0,109.82,50.0,109.83,51.0
1753769650605,06:14:10.605,kucoinfutures,LTC/USDT:USDT,109.81,74.0,109.8,77.0,109.82,50.0,109.83,51.0
1753769651187,06:14:11.187,kucoinfutures,LTC/USDT:USDT,109.81,74.0,109.8,77.0,109.82,50.0,109.83,51.0
1753769651421,06:14:11.421,kucoinfutures,LTC/USDT:USDT,109.81,74.0,109.8,77.0,109.82,50.0,109.83,51.0
1753769651506,06:14:11.506,kucoinfutures,LTC/USDT:USDT,109.81,74.0,109.8,77.0,109.82,50.0,109.83,51.0
1753769651508,06:14:11.508,kucoinfutures,LTC/USDT:USDT,109.81,74.0,109.8,77.0,109.82,50.0,109.83,51.0
1753769651512,06:14:11.512,kucoinfutures,LTC/USDT:USDT,109.81,74.0,109.8,77.0,109.82,50.0,109.83,51.0
1753769651572,06:14:11.572,kucoinfutures,LTC/USDT:USDT,109.81,74.0,109.8,77.0,109.82,50.0,109.83,51.0
1753769652102,06:14:12.102,kucoinfutures,LTC/USDT:USDT,109.81,74.0,109.8,77.0,109.82,50.0,109.83,51.0
1753769652863,06:14:12.863,kucoinfutures,LTC/USDT:USDT,109.81,74.0,109.8,77.0,109.82,50.0,109.83,51.0
1753769653007,06:14:13.007,kucoinfutures,LTC/USDT:USDT,109.81,74.0,109.8,77.0,109.82,50.0,109.83,51.0
1753769653009,06:14:13.009,kucoinfutures,LTC/USDT:USDT,109.81,74.0,109.8,77.0,109.82,50.0,109.83,51.0
1753769653040,06:14:13.040,kucoinfutures,LTC/USDT:USDT,109.81,74.0,109.8,77.0,109.82,50.0,109.83,51.0
1753769653040,06:14:13.040,kucoinfutures,LTC/USDT:USDT,109.81,74.0,109.8,77.0,109.82,50.0,109.83,51.0
1753769653043,06:14:13.043,kucoinfutures,LTC/USDT:USDT,109.81,74.0,109.8,77.0,109.82,50.0,109.83,51.0
1753769653225,06:14:13.225,kucoinfutures,LTC/USDT:USDT,109.81,74.0,109.8,77.0,109.82,50.0,109.83,51.0
1753769654936,06:14:14.936,kucoinfutures,LTC/USDT:USDT,109.81,74.0,109.8,98.0,109.82,104.0,109.83,51.0
1753769654948,06:14:14.948,kucoinfutures,LTC/USDT:USDT,109.81,74.0,109.8,98.0,109.82,104.0,109.83,51.0
1753769655247,06:14:15.247,kucoinfutures,LTC/USDT:USDT,109.81,74.0,109.8,98.0,109.82,104.0,109.83,51.0
1753769657050,06:14:17.050,kucoinfutures,LTC/USDT:USDT,109.81,74.0,109.8,98.0,109.82,104.0,109.83,51.0
1753769657055,06:14:17.055,kucoinfutures,LTC/USDT:USDT,109.81,74.0,109.8,98.0,109.82,104.0,109.83,51.0
