timestamp,time,exchange,symbol,bid1_price,bid1_volume,bid2_price,bid2_volume,ask1_price,ask1_volume,ask2_price,ask2_volume
1753769518308,06:11:58.308,binance,LTC/USDT:USDT,109.73,115.233,109.72,178.074,109.74,275.769,109.75,204.711
1753769518413,06:11:58.413,binance,LTC/USDT:USDT,109.73,25.627,109.72,133.603,109.74,283.661,109.75,234.376
1753769518554,06:11:58.554,binance,LTC/USDT:USDT,109.73,25.627,109.72,133.603,109.74,304.927,109.75,234.376
1753769519255,06:11:59.255,binance,LTC/USDT:USDT,109.73,436.753,109.72,229.427,109.74,86.054,109.75,41.895
1753769519367,06:11:59.367,binance,LTC/USDT:USDT,109.73,505.051,109.72,220.853,109.74,86.783,109.75,44.461
1753769519472,06:11:59.472,binance,LTC/USDT:USDT,109.73,505.324,109.72,220.853,109.74,86.783,109.75,44.461
1753769519830,06:11:59.830,binance,LTC/USDT:USDT,109.73,505.544,109.72,216.297,109.74,86.783,109.75,44.461
1753769519971,06:11:59.971,binance,LTC/USDT:USDT,109.75,189.202,109.74,197.164,109.76,152.821,109.77,70.905
1753769520074,06:12:00.074,binance,LTC/USDT:USDT,109.75,188.926,109.74,194.813,109.76,153.095,109.77,105.905
1753769520175,06:12:00.175,binance,LTC/USDT:USDT,109.75,188.663,109.74,182.096,109.76,153.095,109.77,130.739
1753769520380,06:12:00.380,binance,LTC/USDT:USDT,109.75,198.323,109.74,180.128,109.76,153.095,109.77,128.344
1753769520482,06:12:00.482,binance,LTC/USDT:USDT,109.75,216.048,109.74,179.776,109.76,154.395,109.77,128.344
1753769520817,06:12:00.817,binance,LTC/USDT:USDT,109.75,218.058,109.74,162.141,109.76,153.563,109.77,127.226
1753769520922,06:12:00.922,binance,LTC/USDT:USDT,109.75,218.439,109.74,162.325,109.76,168.144,109.77,126.962
1753769521130,06:12:01.130,binance,LTC/USDT:USDT,109.74,28.62,109.73,183.219,109.75,97.577,109.76,181.937
1753769521442,06:12:01.442,binance,LTC/USDT:USDT,109.74,29.7,109.73,120.669,109.75,149.568,109.76,209.53
1753769521872,06:12:01.872,binance,LTC/USDT:USDT,109.74,68.377,109.73,155.669,109.75,98.606,109.76,192.9
1753769522102,06:12:02.102,binance,LTC/USDT:USDT,109.74,32.079,109.73,151.669,109.75,148.842,109.76,196.518
1753769522216,06:12:02.216,binance,LTC/USDT:USDT,109.74,32.079,109.73,151.669,109.75,121.001,109.76,193.3
1753769522691,06:12:02.691,binance,LTC/USDT:USDT,109.74,24.984,109.73,159.263,109.75,124.744,109.76,213.548
1753769522960,06:12:02.960,binance,LTC/USDT:USDT,109.74,24.984,109.73,159.263,109.75,124.744,109.76,213.548
1753769523190,06:12:03.190,binance,LTC/USDT:USDT,109.74,24.984,109.73,158.959,109.75,147.596,109.76,213.548
1753769523305,06:12:03.305,binance,LTC/USDT:USDT,109.74,24.984,109.73,158.959,109.75,164.234,109.76,213.548
1753769523666,06:12:03.666,binance,LTC/USDT:USDT,109.74,27.534,109.73,158.959,109.75,164.691,109.76,198.782
1753769524268,06:12:04.268,binance,LTC/USDT:USDT,109.74,30.484,109.73,156.062,109.75,164.691,109.76,198.782
1753769524825,06:12:04.825,binance,LTC/USDT:USDT,109.74,30.925,109.73,155.76,109.75,165.794,109.76,182.181
1753769525001,06:12:05.001,binance,LTC/USDT:USDT,109.74,32.426,109.73,155.76,109.75,166.705,109.76,182.181
1753769525124,06:12:05.124,binance,LTC/USDT:USDT,109.74,49.809,109.73,155.76,109.75,166.705,109.76,178.534
1753769525225,06:12:05.225,binance,LTC/USDT:USDT,109.74,33.518,109.73,155.76,109.75,166.705,109.76,182.195
1753769525328,06:12:05.328,binance,LTC/USDT:USDT,109.74,33.518,109.73,155.76,109.75,166.687,109.76,182.195
1753769525438,06:12:05.438,binance,LTC/USDT:USDT,109.74,33.518,109.73,155.76,109.75,166.335,109.76,182.195
1753769526053,06:12:06.053,binance,LTC/USDT:USDT,109.71,83.497,109.7,133.306,109.72,36.733,109.73,121.54
1753769526487,06:12:06.487,binance,LTC/USDT:USDT,109.71,212.042,109.7,197.302,109.72,31.496,109.73,64.128
1753769526704,06:12:06.704,binance,LTC/USDT:USDT,109.71,169.626,109.7,226.054,109.72,33.499,109.73,65.951
1753769526841,06:12:06.841,binance,LTC/USDT:USDT,109.71,152.996,109.7,219.913,109.72,33.499,109.73,75.064
1753769526944,06:12:06.944,binance,LTC/USDT:USDT,109.71,182.021,109.7,223.283,109.72,33.499,109.73,75.064
1753769527045,06:12:07.045,binance,LTC/USDT:USDT,109.71,159.25,109.7,239.913,109.72,33.499,109.73,75.064
1753769527181,06:12:07.181,binance,LTC/USDT:USDT,109.71,159.25,109.7,239.913,109.72,33.499,109.73,75.064
1753769527300,06:12:07.300,binance,LTC/USDT:USDT,109.71,159.25,109.7,239.913,109.72,33.499,109.73,75.064
1753769527524,06:12:07.524,binance,LTC/USDT:USDT,109.71,159.25,109.7,195.442,109.72,35.549,109.73,93.517
1753769527626,06:12:07.626,binance,LTC/USDT:USDT,109.71,159.25,109.7,195.442,109.72,35.549,109.73,93.517
1753769527729,06:12:07.729,binance,LTC/USDT:USDT,109.71,159.25,109.7,212.072,109.72,35.549,109.73,75.064
1753769527838,06:12:07.838,binance,LTC/USDT:USDT,109.71,159.25,109.7,212.072,109.72,36.361,109.73,75.064
1753769528261,06:12:08.261,binance,LTC/USDT:USDT,109.71,159.25,109.7,195.336,109.72,45.475,109.73,117.581
1753769528366,06:12:08.366,binance,LTC/USDT:USDT,109.71,158.343,109.7,194.425,109.72,45.475,109.73,142.722
1753769528468,06:12:08.468,binance,LTC/USDT:USDT,109.71,158.343,109.7,187.555,109.72,45.475,109.73,142.722
1753769528573,06:12:08.573,binance,LTC/USDT:USDT,109.71,158.343,109.7,187.555,109.72,45.475,109.73,142.722
1753769528721,06:12:08.721,binance,LTC/USDT:USDT,109.71,38.295,109.7,190.327,109.72,136.063,109.73,146.278
1753769528824,06:12:08.824,binance,LTC/USDT:USDT,109.71,33.384,109.7,170.193,109.72,164.178,109.73,146.278
1753769528925,06:12:08.925,binance,LTC/USDT:USDT,109.7,59.693,109.69,159.784,109.71,138.291,109.72,191.136
1753769529026,06:12:09.026,binance,LTC/USDT:USDT,109.7,72.242,109.69,186.558,109.71,197.109,109.72,187.854
1753769529143,06:12:09.143,binance,LTC/USDT:USDT,109.7,61.647,109.69,186.558,109.71,178.063,109.72,167.854
1753769529246,06:12:09.246,binance,LTC/USDT:USDT,109.7,65.647,109.69,182.558,109.71,178.54,109.72,167.347
1753769530106,06:12:10.106,binance,LTC/USDT:USDT,109.7,70.96,109.69,197.874,109.71,184.261,109.72,122.222
1753769530235,06:12:10.235,binance,LTC/USDT:USDT,109.7,71.74,109.69,200.491,109.71,184.261,109.72,124.825
1753769530337,06:12:10.337,binance,LTC/USDT:USDT,109.7,71.74,109.69,204.059,109.71,181.355,109.72,124.825
1753769530450,06:12:10.450,binance,LTC/USDT:USDT,109.7,71.74,109.69,204.059,109.71,181.355,109.72,124.825
1753769530556,06:12:10.556,binance,LTC/USDT:USDT,109.7,71.74,109.69,204.059,109.71,181.355,109.72,124.825
1753769531482,06:12:11.482,binance,LTC/USDT:USDT,109.71,213.422,109.7,245.296,109.72,43.287,109.73,148.78
1753769531609,06:12:11.609,binance,LTC/USDT:USDT,109.71,193.777,109.7,245.296,109.72,43.287,109.73,148.78
1753769532135,06:12:12.135,binance,LTC/USDT:USDT,109.71,185.803,109.7,258.914,109.72,46.932,109.73,148.78
1753769532258,06:12:12.258,binance,LTC/USDT:USDT,109.71,144.547,109.7,258.914,109.72,46.932,109.73,165.41
1753769532369,06:12:12.369,binance,LTC/USDT:USDT,109.71,95.459,109.7,196.331,109.72,157.552,109.73,193.251
1753769532472,06:12:12.472,binance,LTC/USDT:USDT,109.71,1.365,109.7,195.421,109.72,141.114,109.73,196.831
1753769532575,06:12:12.575,binance,LTC/USDT:USDT,109.71,1.639,109.7,195.421,109.72,141.114,109.73,193.251
1753769532702,06:12:12.702,binance,LTC/USDT:USDT,109.71,10.794,109.7,195.421,109.72,141.359,109.73,193.251
1753769533525,06:12:13.525,binance,LTC/USDT:USDT,109.71,4.192,109.7,240.933,109.72,142.673,109.73,148.78
1753769533660,06:12:13.660,binance,LTC/USDT:USDT,109.71,4.192,109.7,240.933,109.72,142.673,109.73,148.78
1753769533808,06:12:13.808,binance,LTC/USDT:USDT,109.71,66.227,109.7,233.641,109.72,142.673,109.73,148.78
1753769533924,06:12:13.924,binance,LTC/USDT:USDT,109.71,85.872,109.7,233.641,109.72,104.559,109.73,148.78
1753769534035,06:12:14.035,binance,LTC/USDT:USDT,109.71,85.872,109.7,233.641,109.72,104.559,109.73,148.78
1753769534178,06:12:14.178,binance,LTC/USDT:USDT,109.71,85.872,109.7,233.641,109.72,105.47,109.73,151.432
1753769534281,06:12:14.281,binance,LTC/USDT:USDT,109.71,78.827,109.7,240.933,109.72,105.47,109.73,151.432
1753769534421,06:12:14.421,binance,LTC/USDT:USDT,109.71,78.827,109.7,240.933,109.72,105.82,109.73,151.432
1753769534530,06:12:14.530,binance,LTC/USDT:USDT,109.71,78.827,109.7,240.933,109.72,105.82,109.73,151.432
1753769535139,06:12:15.139,binance,LTC/USDT:USDT,109.71,92.594,109.7,236.758,109.72,106.061,109.73,151.432
1753769535590,06:12:15.590,binance,LTC/USDT:USDT,109.71,121.086,109.7,244.05,109.72,50.394,109.73,116.432
1753769536126,06:12:16.126,binance,LTC/USDT:USDT,109.71,128.377,109.7,236.758,109.72,50.394,109.73,116.432
1753769536231,06:12:16.231,binance,LTC/USDT:USDT,109.71,128.377,109.7,256.758,109.72,50.43,109.73,116.432
1753769536369,06:12:16.369,binance,LTC/USDT:USDT,109.71,121.086,109.7,264.05,109.72,50.43,109.73,116.432
1753769536479,06:12:16.479,binance,LTC/USDT:USDT,109.71,121.086,109.7,264.05,109.72,50.43,109.73,116.432
1753769536608,06:12:16.608,binance,LTC/USDT:USDT,109.71,121.997,109.7,264.05,109.72,50.43,109.73,116.432
1753769536712,06:12:16.712,binance,LTC/USDT:USDT,109.71,122.189,109.7,264.05,109.72,50.43,109.73,118.255
1753769536823,06:12:16.823,binance,LTC/USDT:USDT,109.71,129.48,109.7,256.758,109.72,50.43,109.73,153.255
1753769536930,06:12:16.930,binance,LTC/USDT:USDT,109.71,129.48,109.7,256.758,109.72,50.43,109.73,153.255
1753769538422,06:12:18.422,binance,LTC/USDT:USDT,109.72,261.362,109.71,158.173,109.73,114.458,109.74,68.592
1753769538629,06:12:18.629,binance,LTC/USDT:USDT,109.72,284.563,109.71,168.285,109.73,3.695,109.74,68.592
1753769538757,06:12:18.757,binance,LTC/USDT:USDT,109.72,189.588,109.71,168.285,109.73,92.455,109.74,68.866
1753769538858,06:12:18.858,binance,LTC/USDT:USDT,109.72,158.531,109.71,130.194,109.73,92.729,109.74,103.866
1753769539309,06:12:19.309,binance,LTC/USDT:USDT,109.72,161.221,109.71,221.793,109.73,15.194,109.74,103.866
1753769539430,06:12:19.430,binance,LTC/USDT:USDT,109.72,160.317,109.71,220.883,109.73,15.194,109.74,68.866
1753769539645,06:12:19.645,binance,LTC/USDT:USDT,109.72,169.666,109.71,213.139,109.73,15.194,109.74,68.866
1753769539752,06:12:19.752,binance,LTC/USDT:USDT,109.72,226.896,109.71,205.848,109.73,15.011,109.74,68.866
1753769540532,06:12:20.532,binance,LTC/USDT:USDT,109.72,380.093,109.71,217.833,109.73,20.314,109.74,9.066
1753769541064,06:12:21.064,binance,LTC/USDT:USDT,109.74,147.751,109.73,296.007,109.75,120.326,109.76,117.303
1753769541175,06:12:21.175,binance,LTC/USDT:USDT,109.74,131.121,109.73,292.386,109.75,120.326,109.76,124.998
1753769541279,06:12:21.279,binance,LTC/USDT:USDT,109.74,131.364,109.73,292.386,109.75,120.326,109.76,124.998
1753769541388,06:12:21.388,binance,LTC/USDT:USDT,109.74,131.774,109.73,291.476,109.75,120.326,109.76,124.998
1753769541559,06:12:21.559,binance,LTC/USDT:USDT,109.74,148.78,109.73,291.476,109.75,120.326,109.76,124.998
1753769541876,06:12:21.876,binance,LTC/USDT:USDT,109.74,186.024,109.73,311.476,109.75,28.493,109.76,117.303
1753769542001,06:12:22.001,binance,LTC/USDT:USDT,109.74,186.024,109.73,311.476,109.75,28.493,109.76,117.303
1753769542660,06:12:22.660,binance,LTC/USDT:USDT,109.74,100.583,109.73,183.376,109.75,198.203,109.76,116.904
1753769542799,06:12:22.799,binance,LTC/USDT:USDT,109.74,117.213,109.73,183.376,109.75,197.963,109.76,116.904
1753769542914,06:12:22.914,binance,LTC/USDT:USDT,109.74,117.213,109.73,183.376,109.75,159.849,109.76,116.904
1753769543019,06:12:23.019,binance,LTC/USDT:USDT,109.74,100.583,109.73,183.376,109.75,159.849,109.76,133.534
1753769543331,06:12:23.331,binance,LTC/USDT:USDT,109.74,94.493,109.73,194.316,109.75,126.169,109.76,116.904
1753769543894,06:12:23.894,binance,LTC/USDT:USDT,109.74,111.132,109.73,194.316,109.75,126.169,109.76,116.904
1753769544206,06:12:24.206,binance,LTC/USDT:USDT,109.74,111.793,109.73,194.316,109.75,126.169,109.76,116.904
1753769544461,06:12:24.461,binance,LTC/USDT:USDT,109.74,102.832,109.73,194.316,109.75,127.992,109.76,116.904
1753769544601,06:12:24.601,binance,LTC/USDT:USDT,109.74,102.832,109.73,194.316,109.75,127.992,109.76,116.904
1753769544702,06:12:24.702,binance,LTC/USDT:USDT,109.74,102.832,109.73,194.316,109.75,130.573,109.76,116.904
1753769544821,06:12:24.821,binance,LTC/USDT:USDT,109.74,124.868,109.73,187.04,109.75,128.69,109.76,116.904
1753769544928,06:12:24.928,binance,LTC/USDT:USDT,109.74,100.949,109.73,183.376,109.75,128.69,109.76,116.904
1753769545046,06:12:25.046,binance,LTC/USDT:USDT,109.74,117.579,109.73,194.33,109.75,128.69,109.76,116.904
1753769545390,06:12:25.390,binance,LTC/USDT:USDT,109.74,102.746,109.73,196.958,109.75,79.458,109.76,116.904
1753769545503,06:12:25.503,binance,LTC/USDT:USDT,109.74,102.746,109.73,196.958,109.75,83.125,109.76,116.904
1753769545631,06:12:25.631,binance,LTC/USDT:USDT,109.74,102.746,109.73,196.958,109.75,83.125,109.76,116.904
1753769545784,06:12:25.784,binance,LTC/USDT:USDT,109.74,102.746,109.73,152.487,109.75,85.175,109.76,133.534
1753769546452,06:12:26.452,binance,LTC/USDT:USDT,109.74,34.42,109.73,148.823,109.75,230.341,109.76,200.068
1753769546880,06:12:26.880,binance,LTC/USDT:USDT,109.74,34.173,109.73,146.195,109.75,215.508,109.76,200.068
1753769547363,06:12:27.363,binance,LTC/USDT:USDT,109.74,34.14,109.73,190.666,109.75,217.134,109.76,155.597
1753769547466,06:12:27.466,binance,LTC/USDT:USDT,109.74,34.14,109.73,146.195,109.75,217.395,109.76,172.242
1753769547568,06:12:27.568,binance,LTC/USDT:USDT,109.74,34.14,109.73,146.195,109.75,217.395,109.76,172.242
1753769547778,06:12:27.778,binance,LTC/USDT:USDT,109.74,34.14,109.73,138.905,109.75,249.579,109.76,200.083
1753769547879,06:12:27.879,binance,LTC/USDT:USDT,109.74,41.429,109.73,138.905,109.75,249.579,109.76,168.534
1753769548526,06:12:28.526,binance,LTC/USDT:USDT,109.74,35.828,109.73,138.905,109.75,269.864,109.76,172.657
1753769549013,06:12:29.013,binance,LTC/USDT:USDT,109.74,35.806,109.73,138.905,109.75,270.39,109.76,200.498
1753769549153,06:12:29.153,binance,LTC/USDT:USDT,109.74,34.999,109.73,41.592,109.75,271.301,109.76,222.32
1753769550406,06:12:30.406,binance,LTC/USDT:USDT,109.72,115.803,109.71,174.744,109.73,64.521,109.74,208.106
1753769552163,06:12:32.163,binance,LTC/USDT:USDT,109.74,478.043,109.73,317.618,109.75,78.204,109.76,103.361
1753769553011,06:12:33.011,binance,LTC/USDT:USDT,109.74,483.474,109.73,363.604,109.75,100.882,109.76,103.361
1753769553548,06:12:33.548,binance,LTC/USDT:USDT,109.75,263.957,109.74,279.996,109.76,52.885,109.77,68.24
1753769553966,06:12:33.966,binance,LTC/USDT:USDT,109.75,488.795,109.74,266.122,109.76,52.702,109.77,68.24
1753769554102,06:12:34.102,binance,LTC/USDT:USDT,109.75,469.922,109.74,266.122,109.76,52.675,109.77,68.24
1753769554203,06:12:34.203,binance,LTC/USDT:USDT,109.75,429.749,109.74,268.813,109.76,77.769,109.77,57.621
1753769554306,06:12:34.306,binance,LTC/USDT:USDT,109.75,380.336,109.74,268.813,109.76,77.769,109.77,57.621
1753769554407,06:12:34.407,binance,LTC/USDT:USDT,109.75,338.701,109.74,268.813,109.76,77.769,109.77,57.621
1753769554585,06:12:34.585,binance,LTC/USDT:USDT,109.75,293.177,109.74,267.906,109.76,78.613,109.77,57.621
1753769554802,06:12:34.802,binance,LTC/USDT:USDT,109.75,293.177,109.74,267.906,109.76,78.611,109.77,57.621
1753769554913,06:12:34.913,binance,LTC/USDT:USDT,109.75,330.127,109.74,267.906,109.76,78.611,109.77,57.621
1753769555042,06:12:35.042,binance,LTC/USDT:USDT,109.75,223.301,109.74,264.363,109.76,78.611,109.77,57.621
1753769555178,06:12:35.178,binance,LTC/USDT:USDT,109.75,286.641,109.74,309.887,109.76,78.611,109.77,70.89
1753769555281,06:12:35.281,binance,LTC/USDT:USDT,109.75,264.071,109.74,264.363,109.76,78.611,109.77,70.89
1753769555387,06:12:35.387,binance,LTC/USDT:USDT,109.75,243.552,109.74,264.363,109.76,78.611,109.77,70.89
1753769555501,06:12:35.501,binance,LTC/USDT:USDT,109.75,222.858,109.74,259.228,109.76,78.611,109.77,70.89
1753769555840,06:12:35.840,binance,LTC/USDT:USDT,109.75,270.537,109.74,283.812,109.76,80.432,109.77,70.89
1753769555950,06:12:35.950,binance,LTC/USDT:USDT,109.75,260.516,109.74,261.05,109.76,80.432,109.77,70.89
1753769556061,06:12:36.061,binance,LTC/USDT:USDT,109.75,260.516,109.74,261.05,109.76,80.432,109.77,70.89
1753769556232,06:12:36.232,binance,LTC/USDT:USDT,109.75,283.278,109.74,261.873,109.76,100.47,109.77,70.89
1753769557818,06:12:37.818,binance,LTC/USDT:USDT,109.75,301.099,109.74,351.099,109.76,141.078,109.77,70.89
1753769557922,06:12:37.922,binance,LTC/USDT:USDT,109.75,323.861,109.74,328.337,109.76,141.078,109.77,70.89
1753769558037,06:12:38.037,binance,LTC/USDT:USDT,109.75,278.337,109.74,328.337,109.76,141.078,109.77,70.89
1753769558140,06:12:38.140,binance,LTC/USDT:USDT,109.75,232.813,109.74,260.051,109.76,143.812,109.77,70.89
1753769558242,06:12:38.242,binance,LTC/USDT:USDT,109.75,197.31,109.74,279.166,109.76,143.812,109.77,70.89
1753769558345,06:12:38.345,binance,LTC/USDT:USDT,109.75,233.035,109.74,282.869,109.76,143.812,109.77,70.89
1753769558591,06:12:38.591,binance,LTC/USDT:USDT,109.75,255.605,109.74,374.827,109.76,144.915,109.77,70.89
1753769558693,06:12:38.693,binance,LTC/USDT:USDT,109.75,220.102,109.74,352.066,109.76,144.915,109.77,70.89
1753769558794,06:12:38.794,binance,LTC/USDT:USDT,109.75,197.34,109.74,302.84,109.76,146.965,109.77,70.89
1753769558901,06:12:38.901,binance,LTC/USDT:USDT,109.75,232.843,109.74,261.017,109.76,148.394,109.77,70.89
1753769559003,06:12:39.003,binance,LTC/USDT:USDT,109.75,238.975,109.74,306.541,109.76,148.394,109.77,70.89
1753769559153,06:12:39.153,binance,LTC/USDT:USDT,109.75,216.213,109.74,261.017,109.76,148.394,109.77,70.89
1753769559274,06:12:39.274,binance,LTC/USDT:USDT,109.75,239.017,109.74,264.922,109.76,154.741,109.77,70.89
1753769559391,06:12:39.391,binance,LTC/USDT:USDT,109.75,98.376,109.74,254.19,109.76,210.617,109.77,70.89
1753769559494,06:12:39.494,binance,LTC/USDT:USDT,109.75,66.695,109.74,286.065,109.76,212.019,109.77,70.89
1753769559596,06:12:39.596,binance,LTC/USDT:USDT,109.75,66.695,109.74,321.57,109.76,212.019,109.77,70.89
1753769559698,06:12:39.698,binance,LTC/USDT:USDT,109.75,66.695,109.74,298.81,109.76,212.019,109.77,70.89
1753769559929,06:12:39.929,binance,LTC/USDT:USDT,109.75,111.652,109.74,279.76,109.76,212.202,109.77,70.89
1753769560032,06:12:40.032,binance,LTC/USDT:USDT,109.75,111.261,109.74,302.523,109.76,211.303,109.77,70.89
1753769560169,06:12:40.169,binance,LTC/USDT:USDT,109.75,111.261,109.74,253.279,109.76,211.303,109.77,70.89
1753769560279,06:12:40.279,binance,LTC/USDT:USDT,109.75,111.261,109.74,276.042,109.76,211.303,109.77,70.89
1753769560408,06:12:40.408,binance,LTC/USDT:USDT,109.75,112.682,109.74,301.483,109.76,211.303,109.77,70.89
1753769560527,06:12:40.527,binance,LTC/USDT:USDT,109.75,77.179,109.74,366.039,109.76,211.86,109.77,70.89
1753769560628,06:12:40.628,binance,LTC/USDT:USDT,109.75,112.682,109.74,324.247,109.76,155.984,109.77,70.89
1753769560730,06:12:40.730,binance,LTC/USDT:USDT,109.75,112.682,109.74,278.72,109.76,155.984,109.77,70.89
1753769560848,06:12:40.848,binance,LTC/USDT:USDT,109.75,102.257,109.74,301.483,109.76,162.412,109.77,70.89
1753769560951,06:12:40.951,binance,LTC/USDT:USDT,109.75,102.257,109.74,324.246,109.76,162.412,109.77,70.89
1753769561104,06:12:41.104,binance,LTC/USDT:USDT,109.75,102.257,109.74,278.72,109.76,162.412,109.77,70.89
1753769561207,06:12:41.207,binance,LTC/USDT:USDT,109.75,85.627,109.74,297.75,109.76,162.412,109.77,87.52
1753769561310,06:12:41.310,binance,LTC/USDT:USDT,109.75,76.811,109.74,366.039,109.76,162.412,109.77,87.52
1753769561412,06:12:41.412,binance,LTC/USDT:USDT,109.75,112.314,109.74,301.498,109.76,162.412,109.77,70.89
1753769561536,06:12:41.536,binance,LTC/USDT:USDT,109.75,95.684,109.74,320.513,109.76,162.756,109.77,87.52
1753769561642,06:12:41.642,binance,LTC/USDT:USDT,109.75,95.684,109.74,320.513,109.76,162.756,109.77,70.89
1753769561776,06:12:41.776,binance,LTC/USDT:USDT,109.75,95.684,109.74,343.276,109.76,165.476,109.77,87.52
1753769561900,06:12:41.900,binance,LTC/USDT:USDT,109.75,100.324,109.74,297.75,109.76,165.476,109.77,70.89
1753769562006,06:12:42.006,binance,LTC/USDT:USDT,109.75,117.201,109.74,301.498,109.76,165.476,109.77,70.89
1753769562126,06:12:42.126,binance,LTC/USDT:USDT,109.75,117.201,109.74,255.972,109.76,165.476,109.77,70.89
1753769562229,06:12:42.229,binance,LTC/USDT:USDT,109.75,117.201,109.74,324.276,109.76,165.476,109.77,70.89
1753769562467,06:12:42.467,binance,LTC/USDT:USDT,109.75,113.572,109.74,301.513,109.76,170.918,109.77,70.89
1753769562587,06:12:42.587,binance,LTC/USDT:USDT,109.75,148.572,109.74,255.987,109.76,170.918,109.77,70.89
1753769562690,06:12:42.690,binance,LTC/USDT:USDT,109.75,154.335,109.74,278.75,109.76,172.968,109.77,70.89
1753769562828,06:12:42.828,binance,LTC/USDT:USDT,109.75,154.335,109.74,278.75,109.76,172.968,109.77,70.89
1753769562955,06:12:42.955,binance,LTC/USDT:USDT,109.75,154.335,109.74,324.276,109.76,172.968,109.77,70.89
1753769563077,06:12:43.077,binance,LTC/USDT:USDT,109.75,154.335,109.74,278.75,109.76,172.968,109.77,70.89
1753769563202,06:12:43.202,binance,LTC/USDT:USDT,109.75,137.705,109.74,301.513,109.76,172.968,109.77,70.89
1753769563316,06:12:43.316,binance,LTC/USDT:USDT,109.75,154.335,109.74,255.987,109.76,172.968,109.77,70.89
1753769563418,06:12:43.418,binance,LTC/USDT:USDT,109.75,118.832,109.74,297.75,109.76,172.964,109.77,87.52
1753769563525,06:12:43.525,binance,LTC/USDT:USDT,109.75,154.335,109.74,278.766,109.76,172.964,109.77,70.89
1753769563853,06:12:43.853,binance,LTC/USDT:USDT,109.75,154.335,109.74,278.766,109.76,173.231,109.77,70.89
1753769564203,06:12:44.203,binance,LTC/USDT:USDT,109.75,154.335,109.74,296.466,109.76,173.231,109.77,70.89
1753769564333,06:12:44.333,binance,LTC/USDT:USDT,109.75,154.335,109.74,273.703,109.76,173.231,109.77,70.89
1753769564612,06:12:44.612,binance,LTC/USDT:USDT,109.75,154.527,109.74,250.94,109.76,153.172,109.77,70.89
1753769564735,06:12:44.735,binance,LTC/USDT:USDT,109.75,154.527,109.74,250.94,109.76,153.172,109.77,70.89
1753769564843,06:12:44.843,binance,LTC/USDT:USDT,109.75,176.817,109.74,205.414,109.76,152.699,109.77,70.89
1753769564947,06:12:44.947,binance,LTC/USDT:USDT,109.75,176.427,109.74,228.177,109.76,132.193,109.77,70.89
1753769565062,06:12:45.062,binance,LTC/USDT:USDT,109.75,153.664,109.74,205.414,109.76,132.193,109.77,70.89
1753769565174,06:12:45.174,binance,LTC/USDT:USDT,109.75,151.894,109.74,250.94,109.76,130.423,109.77,70.89
1753769565279,06:12:45.279,binance,LTC/USDT:USDT,109.75,151.894,109.74,250.94,109.76,130.423,109.77,70.89
1753769565381,06:12:45.381,binance,LTC/USDT:USDT,109.75,135.265,109.74,234.31,109.76,132.245,109.77,70.89
1753769565490,06:12:45.490,binance,LTC/USDT:USDT,109.75,143.783,109.74,234.31,109.76,75.267,109.77,70.89
1753769565596,06:12:45.596,binance,LTC/USDT:USDT,109.75,158.838,109.74,211.562,109.76,125.774,109.77,70.89
1753769565719,06:12:45.719,binance,LTC/USDT:USDT,109.75,158.838,109.74,211.562,109.76,125.792,109.77,70.89
1753769565845,06:12:45.845,binance,LTC/USDT:USDT,109.75,175.468,109.74,188.799,109.76,125.792,109.77,57.621
1753769565956,06:12:45.956,binance,LTC/USDT:USDT,109.75,183.957,109.74,188.799,109.76,125.792,109.77,57.621
1753769566243,06:12:46.243,binance,LTC/USDT:USDT,109.75,161.448,109.74,211.562,109.76,145.839,109.77,57.621
1753769566354,06:12:46.354,binance,LTC/USDT:USDT,109.75,126.228,109.74,257.088,109.76,145.839,109.77,57.621
1753769566457,06:12:46.457,binance,LTC/USDT:USDT,109.75,178.73,109.74,211.562,109.76,140.98,109.77,54.971
1753769566559,06:12:46.559,binance,LTC/USDT:USDT,109.75,193.754,109.74,211.562,109.76,141.223,109.77,54.971
1753769566668,06:12:46.668,binance,LTC/USDT:USDT,109.75,135.488,109.74,211.562,109.76,183.817,109.77,54.971
1753769566778,06:12:46.778,binance,LTC/USDT:USDT,109.75,171.206,109.74,234.325,109.76,183.809,109.77,54.971
1753769566902,06:12:46.902,binance,LTC/USDT:USDT,109.75,171.206,109.74,234.325,109.76,183.809,109.77,54.971
1753769567023,06:12:47.023,binance,LTC/USDT:USDT,109.75,171.206,109.74,234.325,109.76,183.809,109.77,54.971
1753769567129,06:12:47.129,binance,LTC/USDT:USDT,109.75,171.206,109.74,211.562,109.76,183.809,109.77,54.971
1753769567343,06:12:47.343,binance,LTC/USDT:USDT,109.75,179.678,109.74,234.356,109.76,202.441,109.77,54.971
1753769567451,06:12:47.451,binance,LTC/USDT:USDT,109.75,163.047,109.74,211.593,109.76,203.352,109.77,57.541
1753769567685,06:12:47.685,binance,LTC/USDT:USDT,109.75,179.677,109.74,188.83,109.76,201.95,109.77,57.541
1753769567821,06:12:47.821,binance,LTC/USDT:USDT,109.75,183.242,109.74,211.593,109.76,201.917,109.77,70.81
1753769567932,06:12:47.932,binance,LTC/USDT:USDT,109.75,183.242,109.74,234.356,109.76,201.517,109.77,70.81
1753769568084,06:12:48.084,binance,LTC/USDT:USDT,109.75,183.242,109.74,234.356,109.76,201.517,109.77,70.81
1753769568202,06:12:48.202,binance,LTC/USDT:USDT,109.75,157.852,109.74,253.279,109.76,202.136,109.77,70.81
1753769568303,06:12:48.303,binance,LTC/USDT:USDT,109.75,182.821,109.74,234.372,109.76,202.136,109.77,70.81
1753769568437,06:12:48.437,binance,LTC/USDT:USDT,109.75,166.192,109.74,234.372,109.76,202.711,109.77,70.81
1753769568539,06:12:48.539,binance,LTC/USDT:USDT,109.75,182.822,109.74,234.372,109.76,202.711,109.77,70.81
1753769568642,06:12:48.642,binance,LTC/USDT:USDT,109.75,182.822,109.74,188.846,109.76,202.711,109.77,70.81
1753769568748,06:12:48.748,binance,LTC/USDT:USDT,109.75,182.822,109.74,234.372,109.76,201.31,109.77,70.81
1753769568925,06:12:48.925,binance,LTC/USDT:USDT,109.75,144.409,109.74,230.516,109.76,203.157,109.77,70.81
1753769569033,06:12:49.033,binance,LTC/USDT:USDT,109.75,166.356,109.74,257.135,109.76,203.157,109.77,57.541
1753769569166,06:12:49.166,binance,LTC/USDT:USDT,109.75,175.126,109.74,211.609,109.76,130.466,109.77,57.541
1753769569279,06:12:49.279,binance,LTC/USDT:USDT,109.75,175.126,109.74,207.753,109.76,204.445,109.77,57.541
1753769569383,06:12:49.383,binance,LTC/USDT:USDT,109.75,175.126,109.74,234.388,109.76,204.445,109.77,70.81
1753769569484,06:12:49.484,binance,LTC/USDT:USDT,109.75,147.403,109.74,253.279,109.76,205.867,109.77,70.81
1753769569603,06:12:49.603,binance,LTC/USDT:USDT,109.75,166.276,109.74,253.279,109.76,206.802,109.77,70.81
1753769569706,06:12:49.706,binance,LTC/USDT:USDT,109.75,182.906,109.74,234.388,109.76,206.802,109.77,70.81
1753769569811,06:12:49.811,binance,LTC/USDT:USDT,109.75,182.906,109.74,230.516,109.76,206.802,109.77,70.81
1753769569914,06:12:49.914,binance,LTC/USDT:USDT,109.75,181.294,109.74,234.388,109.76,199.748,109.77,70.81
1753769570042,06:12:50.042,binance,LTC/USDT:USDT,109.75,180.188,109.74,211.625,109.76,198.642,109.77,57.267
1753769570145,06:12:50.145,binance,LTC/USDT:USDT,109.75,180.188,109.74,211.625,109.76,198.642,109.77,57.267
1753769570257,06:12:50.257,binance,LTC/USDT:USDT,109.75,163.558,109.74,230.516,109.76,198.642,109.77,57.267
1753769570360,06:12:50.360,binance,LTC/USDT:USDT,109.75,163.558,109.74,257.167,109.76,198.346,109.77,57.267
1753769570478,06:12:50.478,binance,LTC/USDT:USDT,109.75,144.846,109.74,207.753,109.76,199.768,109.77,70.536
1753769570602,06:12:50.602,binance,LTC/USDT:USDT,109.75,163.719,109.74,230.516,109.76,199.768,109.77,70.536
1753769570725,06:12:50.725,binance,LTC/USDT:USDT,109.75,163.719,109.74,233.604,109.76,199.768,109.77,70.536
1753769570840,06:12:50.840,binance,LTC/USDT:USDT,109.75,144.846,109.74,279.13,109.76,199.768,109.77,70.536
1753769570955,06:12:50.955,binance,LTC/USDT:USDT,109.75,180.349,109.74,210.841,109.76,199.768,109.77,70.536
1753769571061,06:12:51.061,binance,LTC/USDT:USDT,109.75,163.719,109.74,237.507,109.76,199.768,109.77,70.536
1753769571209,06:12:51.209,binance,LTC/USDT:USDT,109.75,172.57,109.74,210.841,109.76,199.767,109.77,70.536
1753769571462,06:12:51.462,binance,LTC/USDT:USDT,109.75,195.33,109.74,188.078,109.76,199.766,109.77,70.536
1753769571617,06:12:51.617,binance,LTC/USDT:USDT,109.75,172.567,109.74,188.078,109.76,199.766,109.77,70.536
1753769571860,06:12:51.860,binance,LTC/USDT:USDT,109.75,172.567,109.74,210.841,109.76,199.766,109.77,70.536
1753769571969,06:12:51.969,binance,LTC/USDT:USDT,109.75,172.567,109.74,256.367,109.76,199.766,109.77,70.536
1753769572310,06:12:52.310,binance,LTC/USDT:USDT,109.75,175.798,109.74,237.523,109.76,199.741,109.77,70.536
1753769572411,06:12:52.411,binance,LTC/USDT:USDT,109.75,175.798,109.74,233.604,109.76,199.741,109.77,70.536
1753769572555,06:12:52.555,binance,LTC/USDT:USDT,109.75,185.001,109.74,233.604,109.76,200.456,109.77,70.536
1753769572666,06:12:52.666,binance,LTC/USDT:USDT,109.75,185.001,109.74,210.841,109.76,200.456,109.77,70.536
1753769572771,06:12:52.771,binance,LTC/USDT:USDT,109.75,168.371,109.74,233.604,109.76,200.456,109.77,70.536
1753769572885,06:12:52.885,binance,LTC/USDT:USDT,109.75,168.371,109.74,233.604,109.76,200.456,109.77,70.536
1753769572987,06:12:52.987,binance,LTC/USDT:USDT,109.75,149.498,109.74,256.367,109.76,200.456,109.77,70.536
1753769573125,06:12:53.125,binance,LTC/USDT:USDT,109.75,185.001,109.74,237.54,109.76,200.456,109.77,70.536
1753769573236,06:12:53.236,binance,LTC/USDT:USDT,109.75,168.371,109.74,237.54,109.76,200.456,109.77,70.536
1753769573382,06:12:53.382,binance,LTC/USDT:USDT,109.75,185.001,109.74,214.777,109.76,200.456,109.77,70.536
1753769573488,06:12:53.488,binance,LTC/USDT:USDT,109.75,168.371,109.74,214.777,109.76,201.367,109.77,70.536
1753769573626,06:12:53.626,binance,LTC/USDT:USDT,109.75,168.371,109.74,237.54,109.76,201.367,109.77,70.536
1753769573749,06:12:53.749,binance,LTC/USDT:USDT,109.75,168.371,109.74,237.54,109.76,201.367,109.77,70.536
1753769573854,06:12:53.854,binance,LTC/USDT:USDT,109.75,149.498,109.74,279.13,109.76,201.367,109.77,70.536
1753769573965,06:12:53.965,binance,LTC/USDT:USDT,109.75,161.902,109.74,188.078,109.76,201.367,109.77,70.536
1753769574069,06:12:54.069,binance,LTC/USDT:USDT,109.75,162.176,109.74,237.556,109.76,201.367,109.77,70.536
1753769574202,06:12:54.202,binance,LTC/USDT:USDT,109.75,162.176,109.74,214.793,109.76,201.367,109.77,70.536
1753769574367,06:12:54.367,binance,LTC/USDT:USDT,109.75,162.177,109.74,237.556,109.76,201.367,109.77,70.536
1753769574469,06:12:54.469,binance,LTC/USDT:USDT,109.75,161.457,109.74,214.793,109.76,181.829,109.77,70.536
1753769574575,06:12:54.575,binance,LTC/USDT:USDT,109.75,161.417,109.74,237.556,109.76,181.829,109.77,70.536
1753769574768,06:12:54.768,binance,LTC/USDT:USDT,109.75,161.417,109.74,237.556,109.76,181.829,109.77,70.536
1753769574877,06:12:54.877,binance,LTC/USDT:USDT,109.75,161.417,109.74,237.556,109.76,181.829,109.77,70.536
1753769574991,06:12:54.991,binance,LTC/USDT:USDT,109.75,161.417,109.74,260.319,109.76,161.704,109.77,70.536
1753769575099,06:12:55.099,binance,LTC/USDT:USDT,109.75,161.417,109.74,260.319,109.76,161.704,109.77,70.536
1753769575223,06:12:55.223,binance,LTC/USDT:USDT,109.75,184.18,109.74,214.793,109.76,161.703,109.77,70.536
1753769575453,06:12:55.453,binance,LTC/USDT:USDT,109.75,183.478,109.74,192.03,109.76,143.914,109.77,70.536
1753769575576,06:12:55.576,binance,LTC/USDT:USDT,109.75,184.467,109.74,214.793,109.76,143.914,109.77,70.536
1753769575687,06:12:55.687,binance,LTC/USDT:USDT,109.75,161.704,109.74,214.793,109.76,143.914,109.77,70.536
1753769575794,06:12:55.794,binance,LTC/USDT:USDT,109.77,55.212,109.76,164.322,109.78,123.785,109.79,62.911
1753769575895,06:12:55.895,binance,LTC/USDT:USDT,109.77,52.304,109.76,164.322,109.78,125.073,109.79,62.911
1753769575996,06:12:55.996,binance,LTC/USDT:USDT,109.77,65.688,109.76,173.867,109.78,125.073,109.79,87.892
1753769576101,06:12:56.101,binance,LTC/USDT:USDT,109.77,65.88,109.76,177.754,109.78,125.073,109.79,87.892
1753769576202,06:12:56.202,binance,LTC/USDT:USDT,109.77,84.526,109.76,173.867,109.78,153.982,109.79,87.892
1753769576304,06:12:56.304,binance,LTC/USDT:USDT,109.77,85.005,109.76,173.867,109.78,153.982,109.79,87.434
1753769576425,06:12:56.425,binance,LTC/USDT:USDT,109.77,85.005,109.76,173.867,109.78,171.896,109.79,87.835
1753769576526,06:12:56.526,binance,LTC/USDT:USDT,109.77,94.556,109.76,173.867,109.78,171.896,109.79,87.835
1753769576629,06:12:56.629,binance,LTC/USDT:USDT,109.77,94.565,109.76,173.867,109.78,171.896,109.79,87.835
1753769576732,06:12:56.732,binance,LTC/USDT:USDT,109.77,94.565,109.76,174.051,109.78,198.611,109.79,87.835
1753769576856,06:12:56.856,binance,LTC/USDT:USDT,109.77,94.565,109.76,140.501,109.78,200.433,109.79,87.835
1753769576985,06:12:56.985,binance,LTC/USDT:USDT,109.77,85.001,109.76,140.501,109.78,201.701,109.79,107.835
1753769577097,06:12:57.097,binance,LTC/USDT:USDT,109.77,85.001,109.76,130.956,109.78,201.701,109.79,107.835
1753769577199,06:12:57.199,binance,LTC/USDT:USDT,109.77,85.001,109.76,130.956,109.78,228.34,109.79,110.807
1753769577317,06:12:57.317,binance,LTC/USDT:USDT,109.77,85.001,109.76,130.956,109.78,228.832,109.79,110.807
1753769577594,06:12:57.594,binance,LTC/USDT:USDT,109.77,77.714,109.76,138.244,109.78,231.908,109.79,110.807
1753769577695,06:12:57.695,binance,LTC/USDT:USDT,109.77,77.714,109.76,138.244,109.78,232.819,109.79,110.807
1753769577801,06:12:57.801,binance,LTC/USDT:USDT,109.77,77.714,109.76,138.244,109.78,230.997,109.79,110.807
1753769577925,06:12:57.925,binance,LTC/USDT:USDT,109.77,38.828,109.76,120.152,109.78,232.249,109.79,110.807
1753769578157,06:12:58.157,binance,LTC/USDT:USDT,109.77,38.828,109.76,120.152,109.78,232.202,109.79,111.703
1753769578268,06:12:58.268,binance,LTC/USDT:USDT,109.77,39.231,109.76,120.152,109.78,232.207,109.79,111.703
1753769578370,06:12:58.370,binance,LTC/USDT:USDT,109.77,39.244,109.76,155.152,109.78,215.577,109.79,108.731
1753769578489,06:12:58.489,binance,LTC/USDT:USDT,109.77,39.245,109.76,155.152,109.78,215.259,109.79,108.731
1753769578603,06:12:58.603,binance,LTC/USDT:USDT,109.77,39.245,109.76,155.152,109.78,215.259,109.79,108.731
1753769578726,06:12:58.726,binance,LTC/USDT:USDT,109.77,39.245,109.76,155.152,109.78,215.259,109.79,108.731
1753769578829,06:12:58.829,binance,LTC/USDT:USDT,109.77,46.532,109.76,147.864,109.78,215.259,109.79,108.731
1753769579005,06:12:59.005,binance,LTC/USDT:USDT,109.77,46.532,109.76,147.864,109.78,215.259,109.79,111.703
1753769579123,06:12:59.123,binance,LTC/USDT:USDT,109.77,49.861,109.76,147.864,109.78,215.259,109.79,108.731
1753769579280,06:12:59.280,binance,LTC/USDT:USDT,109.77,49.458,109.76,147.864,109.78,218.224,109.79,108.731
1753769579389,06:12:59.389,binance,LTC/USDT:USDT,109.77,49.458,109.76,147.864,109.78,218.224,109.79,108.731
1753769579802,06:12:59.802,binance,LTC/USDT:USDT,109.77,49.458,109.76,158.272,109.78,236.236,109.79,111.703
1753769580108,06:13:00.108,binance,LTC/USDT:USDT,109.77,49.458,109.76,158.272,109.78,221.098,109.79,108.455
1753769580215,06:13:00.215,binance,LTC/USDT:USDT,109.77,49.458,109.76,158.496,109.78,241.321,109.79,110.747
1753769580326,06:13:00.326,binance,LTC/USDT:USDT,109.77,49.458,109.76,158.724,109.78,242.045,109.79,108.023
1753769580587,06:13:00.587,binance,LTC/USDT:USDT,109.77,33.175,109.76,158.724,109.78,241.88,109.79,109.193
1753769580692,06:13:00.692,binance,LTC/USDT:USDT,109.77,33.175,109.76,158.724,109.78,278.586,109.79,109.193
1753769580793,06:13:00.793,binance,LTC/USDT:USDT,109.77,33.175,109.76,158.724,109.78,278.586,109.79,109.193
1753769580896,06:13:00.896,binance,LTC/USDT:USDT,109.77,33.175,109.76,158.724,109.78,261.956,109.79,110.088
1753769581104,06:13:01.104,binance,LTC/USDT:USDT,109.77,33.175,109.76,158.724,109.78,261.956,109.79,108.039
1753769581208,06:13:01.208,binance,LTC/USDT:USDT,109.77,33.175,109.76,158.724,109.78,282.028,109.79,108.039
1753769581309,06:13:01.309,binance,LTC/USDT:USDT,109.77,33.175,109.76,158.724,109.78,314.98,109.79,108.039
1753769581426,06:13:01.426,binance,LTC/USDT:USDT,109.77,33.175,109.76,167.834,109.78,315.891,109.79,108.039
1753769581532,06:13:01.532,binance,LTC/USDT:USDT,109.77,34.032,109.76,167.834,109.78,315.89,109.79,108.946
1753769581658,06:13:01.658,binance,LTC/USDT:USDT,109.77,36.189,109.76,167.834,109.78,299.26,109.79,108.946
1753769581795,06:13:01.795,binance,LTC/USDT:USDT,109.77,38.416,109.76,167.834,109.78,299.26,109.79,108.946
1753769582023,06:13:02.023,binance,LTC/USDT:USDT,109.77,38.416,109.76,167.834,109.78,299.26,109.79,108.946
1753769582211,06:13:02.211,binance,LTC/USDT:USDT,109.77,38.608,109.76,167.834,109.78,300.171,109.79,108.946
1753769582324,06:13:02.324,binance,LTC/USDT:USDT,109.77,38.8,109.76,167.834,109.78,290.161,109.79,86.222
1753769582552,06:13:02.552,binance,LTC/USDT:USDT,109.77,39.368,109.76,167.834,109.78,290.161,109.79,88.946
1753769582655,06:13:02.655,binance,LTC/USDT:USDT,109.77,39.368,109.76,167.834,109.78,290.161,109.79,88.946
1753769582778,06:13:02.778,binance,LTC/USDT:USDT,109.77,39.368,109.76,167.834,109.78,291.839,109.79,88.946
1753769582881,06:13:02.881,binance,LTC/USDT:USDT,109.77,29.823,109.76,167.834,109.78,309.373,109.79,88.946
1753769582992,06:13:02.992,binance,LTC/USDT:USDT,109.77,39.041,109.76,167.834,109.78,294.565,109.79,88.946
1753769583096,06:13:03.096,binance,LTC/USDT:USDT,109.77,39.041,109.76,167.834,109.78,294.565,109.79,88.946
1753769583203,06:13:03.203,binance,LTC/USDT:USDT,109.77,39.041,109.76,167.834,109.78,297.977,109.79,88.946
1753769583305,06:13:03.305,binance,LTC/USDT:USDT,109.77,39.041,109.76,132.834,109.78,314.607,109.79,88.946
1753769583417,06:13:03.417,binance,LTC/USDT:USDT,109.77,29.823,109.76,132.834,109.78,315.517,109.79,88.946
1753769583553,06:13:03.553,binance,LTC/USDT:USDT,109.77,29.823,109.76,132.834,109.78,315.517,109.79,88.946
1753769583655,06:13:03.655,binance,LTC/USDT:USDT,109.77,29.823,109.76,132.834,109.78,315.517,109.79,88.946
1753769583760,06:13:03.760,binance,LTC/USDT:USDT,109.77,32.034,109.76,43.222,109.78,363.621,109.79,115.321
1753769583879,06:13:03.879,binance,LTC/USDT:USDT,109.76,18.088,109.75,109.419,109.77,152.787,109.78,368.073
1753769583981,06:13:03.981,binance,LTC/USDT:USDT,109.76,18.138,109.75,96.189,109.77,154.389,109.78,364.013
1753769584086,06:13:04.086,binance,LTC/USDT:USDT,109.76,18.138,109.75,96.189,109.77,154.389,109.78,364.013
1753769584189,06:13:04.189,binance,LTC/USDT:USDT,109.76,18.138,109.75,96.189,109.77,154.361,109.78,362.725
1753769584347,06:13:04.347,binance,LTC/USDT:USDT,109.76,25.426,109.75,96.189,109.77,199.81,109.78,352.909
1753769584451,06:13:04.451,binance,LTC/USDT:USDT,109.76,36.248,109.75,96.189,109.77,155.339,109.78,326.292
1753769584555,06:13:04.555,binance,LTC/USDT:USDT,109.76,36.248,109.75,96.189,109.77,155.739,109.78,325.016
1753769584925,06:13:04.925,binance,LTC/USDT:USDT,109.76,36.248,109.75,96.189,109.77,155.739,109.78,294.293
1753769585165,06:13:05.165,binance,LTC/USDT:USDT,109.76,38.598,109.75,96.189,109.77,155.739,109.78,286.193
1753769585395,06:13:05.395,binance,LTC/USDT:USDT,109.76,38.978,109.75,96.189,109.77,120.739,109.78,286.193
1753769585612,06:13:05.612,binance,LTC/USDT:USDT,109.76,39.304,109.75,96.189,109.77,120.741,109.78,259.554
1753769585727,06:13:05.727,binance,LTC/USDT:USDT,109.76,39.304,109.75,96.189,109.77,140.981,109.78,258.3
1753769585834,06:13:05.834,binance,LTC/USDT:USDT,109.76,74.184,109.75,100.197,109.77,126.982,109.78,238.3
1753769585939,06:13:05.939,binance,LTC/USDT:USDT,109.76,74.184,109.75,100.197,109.77,126.964,109.78,238.3
1753769586091,06:13:06.091,binance,LTC/USDT:USDT,109.76,74.184,109.75,100.197,109.77,126.964,109.78,238.3
1753769586193,06:13:06.193,binance,LTC/USDT:USDT,109.76,49.605,109.75,115.907,109.77,150.485,109.78,237.048
1753769586294,06:13:06.294,binance,LTC/USDT:USDT,109.76,49.605,109.75,115.907,109.77,150.485,109.78,237.048
1753769586418,06:13:06.418,binance,LTC/USDT:USDT,109.76,49.605,109.75,115.907,109.77,150.479,109.78,237.048
1753769586560,06:13:06.560,binance,LTC/USDT:USDT,109.76,49.605,109.75,115.907,109.77,150.479,109.78,237.048
1753769586677,06:13:06.677,binance,LTC/USDT:USDT,109.76,49.605,109.75,99.277,109.77,174.087,109.78,260.501
1753769586782,06:13:06.782,binance,LTC/USDT:USDT,109.76,49.202,109.75,99.277,109.77,174.087,109.78,262.323
1753769586884,06:13:06.884,binance,LTC/USDT:USDT,109.76,49.491,109.75,99.277,109.77,174.087,109.78,262.323
1753769587002,06:13:07.002,binance,LTC/USDT:USDT,109.76,49.491,109.75,99.277,109.77,174.087,109.78,262.323
1753769587203,06:13:07.203,binance,LTC/USDT:USDT,109.76,49.491,109.75,99.277,109.77,197.616,109.78,262.323
1753769587323,06:13:07.323,binance,LTC/USDT:USDT,109.76,64.742,109.75,115.907,109.77,197.616,109.78,262.323
1753769587425,06:13:07.425,binance,LTC/USDT:USDT,109.76,58.639,109.75,115.907,109.77,195.762,109.78,252.56
1753769587527,06:13:07.527,binance,LTC/USDT:USDT,109.76,58.837,109.75,115.907,109.77,195.762,109.78,252.56
1753769587647,06:13:07.647,binance,LTC/USDT:USDT,109.76,66.798,109.75,115.907,109.77,195.762,109.78,252.56
1753769587749,06:13:07.749,binance,LTC/USDT:USDT,109.76,50.168,109.75,115.907,109.77,195.762,109.78,252.56
1753769587861,06:13:07.861,binance,LTC/USDT:USDT,109.76,50.168,109.75,99.277,109.77,197.583,109.78,250.738
1753769587964,06:13:07.964,binance,LTC/USDT:USDT,109.76,50.168,109.75,99.277,109.77,197.583,109.78,250.738
1753769588069,06:13:08.069,binance,LTC/USDT:USDT,109.76,50.168,109.75,99.277,109.77,200.303,109.78,259.254
1753769588288,06:13:08.288,binance,LTC/USDT:USDT,109.76,50.168,109.75,99.277,109.77,218.983,109.78,257.762
1753769588390,06:13:08.390,binance,LTC/USDT:USDT,109.76,50.363,109.75,99.277,109.77,202.353,109.78,255.94
1753769588492,06:13:08.492,binance,LTC/USDT:USDT,109.76,50.363,109.75,99.277,109.77,203.616,109.78,235.717
1753769588599,06:13:08.599,binance,LTC/USDT:USDT,109.76,50.363,109.75,99.277,109.77,203.616,109.78,235.717
1753769588925,06:13:08.925,binance,LTC/USDT:USDT,109.76,50.363,109.75,99.277,109.77,203.808,109.78,215.641
1753769589027,06:13:09.027,binance,LTC/USDT:USDT,109.76,50.363,109.75,99.277,109.77,203.808,109.78,215.641
1753769589169,06:13:09.169,binance,LTC/USDT:USDT,109.76,49.884,109.75,99.277,109.77,203.808,109.78,215.641
1753769589436,06:13:09.436,binance,LTC/USDT:USDT,109.76,49.884,109.75,99.277,109.77,222.261,109.78,195.569
1753769589539,06:13:09.539,binance,LTC/USDT:USDT,109.76,49.884,109.75,99.277,109.77,222.501,109.78,195.569
1753769589642,06:13:09.642,binance,LTC/USDT:USDT,109.76,50.363,109.75,99.277,109.77,222.501,109.78,195.569
1753769589794,06:13:09.794,binance,LTC/USDT:USDT,109.76,50.363,109.75,99.277,109.77,222.501,109.78,195.569
1753769589911,06:13:09.911,binance,LTC/USDT:USDT,109.76,51.876,109.75,99.277,109.77,225.671,109.78,195.569
1753769590025,06:13:10.025,binance,LTC/USDT:USDT,109.76,51.876,109.75,99.277,109.77,225.694,109.78,195.569
1753769590126,06:13:10.126,binance,LTC/USDT:USDT,109.76,52.88,109.75,99.277,109.77,209.064,109.78,195.569
1753769590285,06:13:10.285,binance,LTC/USDT:USDT,109.76,52.88,109.75,99.277,109.77,206.296,109.78,195.569
1753769590426,06:13:10.426,binance,LTC/USDT:USDT,109.76,52.88,109.75,99.277,109.77,206.297,109.78,195.569
1753769590529,06:13:10.529,binance,LTC/USDT:USDT,109.76,52.409,109.75,99.277,109.77,206.297,109.78,195.569
1753769590639,06:13:10.639,binance,LTC/USDT:USDT,109.76,52.409,109.75,99.277,109.77,206.297,109.78,195.569
1753769590746,06:13:10.746,binance,LTC/USDT:USDT,109.76,52.409,109.75,99.277,109.77,206.297,109.78,195.569
1753769590925,06:13:10.925,binance,LTC/USDT:USDT,109.76,52.409,109.75,99.277,109.77,206.297,109.78,195.569
1753769591026,06:13:11.026,binance,LTC/USDT:USDT,109.76,52.409,109.75,99.277,109.77,206.297,109.78,195.569
1753769591155,06:13:11.155,binance,LTC/USDT:USDT,109.76,51.93,109.75,99.277,109.77,208.347,109.78,195.569
1753769591645,06:13:11.645,binance,LTC/USDT:USDT,109.76,53.799,109.75,99.277,109.77,208.346,109.78,195.569
1753769591749,06:13:11.749,binance,LTC/USDT:USDT,109.76,53.799,109.75,99.277,109.77,208.346,109.78,195.569
1753769591884,06:13:11.884,binance,LTC/USDT:USDT,109.76,53.799,109.75,99.277,109.77,208.347,109.78,195.569
1753769592016,06:13:12.016,binance,LTC/USDT:USDT,109.76,53.799,109.75,99.277,109.77,208.347,109.78,175.306
1753769592136,06:13:12.136,binance,LTC/USDT:USDT,109.76,53.799,109.75,99.277,109.77,208.587,109.78,175.306
1753769592245,06:13:12.245,binance,LTC/USDT:USDT,109.76,53.799,109.75,99.277,109.77,208.587,109.78,175.306
1753769592349,06:13:12.349,binance,LTC/USDT:USDT,109.76,53.799,109.75,99.277,109.77,208.587,109.78,175.306
1753769592486,06:13:12.486,binance,LTC/USDT:USDT,109.76,53.799,109.75,99.277,109.77,209.014,109.78,175.306
1753769592590,06:13:12.590,binance,LTC/USDT:USDT,109.76,53.799,109.75,99.277,109.77,209.014,109.78,175.306
1753769592702,06:13:12.702,binance,LTC/USDT:USDT,109.76,53.799,109.75,99.277,109.77,209.014,109.78,150.349
1753769592853,06:13:12.853,binance,LTC/USDT:USDT,109.76,53.799,109.75,99.277,109.77,209.014,109.78,150.349
1753769593133,06:13:13.133,binance,LTC/USDT:USDT,109.76,53.799,109.75,99.277,109.77,209.014,109.78,150.349
1753769593294,06:13:13.294,binance,LTC/USDT:USDT,109.76,53.799,109.75,99.277,109.77,209.014,109.78,150.349
1753769593399,06:13:13.399,binance,LTC/USDT:USDT,109.76,53.799,109.75,99.277,109.77,209.014,109.78,150.349
1753769593532,06:13:13.532,binance,LTC/USDT:USDT,109.74,111.444,109.73,342.084,109.75,33.145,109.76,229.23
1753769593944,06:13:13.944,binance,LTC/USDT:USDT,109.74,31.374,109.73,215.361,109.75,92.23,109.76,174.597
1753769594161,06:13:14.161,binance,LTC/USDT:USDT,109.74,47.739,109.73,192.873,109.75,94.299,109.76,173.148
1753769594274,06:13:14.274,binance,LTC/USDT:USDT,109.74,47.739,109.73,192.873,109.75,94.299,109.76,182.259
1753769594401,06:13:14.401,binance,LTC/USDT:USDT,109.74,47.739,109.73,192.873,109.75,94.299,109.76,210.1
1753769594519,06:13:14.519,binance,LTC/USDT:USDT,109.74,47.739,109.73,192.873,109.75,111.308,109.76,210.1
1753769594713,06:13:14.713,binance,LTC/USDT:USDT,109.74,47.739,109.73,192.873,109.75,94.678,109.76,210.1
1753769594839,06:13:14.839,binance,LTC/USDT:USDT,109.74,48.721,109.73,192.873,109.75,94.678,109.76,210.1
1753769595049,06:13:15.049,binance,LTC/USDT:USDT,109.74,37.394,109.73,143.986,109.75,128.785,109.76,226.73
1753769595162,06:13:15.162,binance,LTC/USDT:USDT,109.74,36.915,109.73,156.22,109.75,129.696,109.76,226.73
1753769595269,06:13:15.269,binance,LTC/USDT:USDT,109.74,36.915,109.73,156.22,109.75,129.696,109.76,226.73
1753769595389,06:13:15.389,binance,LTC/USDT:USDT,109.73,67.367,109.72,182.534,109.74,129.001,109.75,175.283
1753769595491,06:13:15.491,binance,LTC/USDT:USDT,109.73,62.192,109.72,160.458,109.74,125.2,109.75,178.707
1753769595693,06:13:15.693,binance,LTC/USDT:USDT,109.73,8.667,109.72,128.395,109.74,127.707,109.75,176.474
1753769595799,06:13:15.799,binance,LTC/USDT:USDT,109.73,8.667,109.72,115.413,109.74,127.707,109.75,176.474
1753769595904,06:13:15.904,binance,LTC/USDT:USDT,109.73,12.638,109.72,48.242,109.74,155.548,109.75,195.555
1753769596005,06:13:16.005,binance,LTC/USDT:USDT,109.73,21.096,109.72,32.828,109.74,127.707,109.75,193.233
1753769596117,06:13:16.117,binance,LTC/USDT:USDT,109.73,12.638,109.72,32.653,109.74,127.708,109.75,193.233
1753769596226,06:13:16.226,binance,LTC/USDT:USDT,109.73,12.638,109.72,63.653,109.74,155.549,109.75,193.233
1753769596327,06:13:16.327,binance,LTC/USDT:USDT,109.73,12.638,109.72,63.653,109.74,127.708,109.75,193.233
1753769596455,06:13:16.455,binance,LTC/USDT:USDT,109.73,12.638,109.72,63.653,109.74,127.708,109.75,193.233
1753769596601,06:13:16.601,binance,LTC/USDT:USDT,109.73,12.638,109.72,63.459,109.74,127.708,109.75,193.233
1753769596706,06:13:16.706,binance,LTC/USDT:USDT,109.73,12.638,109.72,63.459,109.74,127.708,109.75,193.233
1753769596812,06:13:16.812,binance,LTC/USDT:USDT,109.73,12.638,109.72,63.459,109.74,127.708,109.75,195.056
1753769596913,06:13:16.913,binance,LTC/USDT:USDT,109.73,12.638,109.72,63.459,109.74,127.708,109.75,195.056
1753769597028,06:13:17.028,binance,LTC/USDT:USDT,109.73,64.136,109.72,63.459,109.74,131.12,109.75,195.056
1753769597139,06:13:17.139,binance,LTC/USDT:USDT,109.73,63.912,109.72,107.93,109.74,131.12,109.75,167.215
1753769597243,06:13:17.243,binance,LTC/USDT:USDT,109.73,63.912,109.72,107.93,109.74,131.12,109.75,167.215
1753769597346,06:13:17.346,binance,LTC/USDT:USDT,109.73,63.912,109.72,107.93,109.74,131.12,109.75,195.056
1753769597448,06:13:17.448,binance,LTC/USDT:USDT,109.73,63.912,109.72,63.459,109.74,131.12,109.75,196.879
1753769597562,06:13:17.562,binance,LTC/USDT:USDT,109.73,7.887,109.72,63.459,109.74,140.233,109.75,187.767
1753769597776,06:13:17.776,binance,LTC/USDT:USDT,109.73,59.864,109.72,63.459,109.74,138.825,109.75,187.767
1753769597879,06:13:17.879,binance,LTC/USDT:USDT,109.73,8.366,109.72,63.459,109.74,138.825,109.75,195.056
1753769597982,06:13:17.982,binance,LTC/USDT:USDT,109.73,8.366,109.72,63.459,109.74,138.825,109.75,195.056
1753769598102,06:13:18.102,binance,LTC/USDT:USDT,109.73,15.656,109.72,63.459,109.74,138.825,109.75,195.056
1753769598205,06:13:18.205,binance,LTC/USDT:USDT,109.73,15.656,109.72,63.459,109.74,173.825,109.75,195.056
1753769598344,06:13:18.344,binance,LTC/USDT:USDT,109.73,15.656,109.72,63.459,109.74,199.567,109.75,185.944
1753769598445,06:13:18.445,binance,LTC/USDT:USDT,109.73,15.656,109.72,63.459,109.74,228.312,109.75,184.121
1753769598667,06:13:18.667,binance,LTC/USDT:USDT,109.72,62.636,109.71,184.355,109.73,111.61,109.74,262.595
1753769598768,06:13:18.768,binance,LTC/USDT:USDT,109.72,10.272,109.71,138.821,109.73,125.393,109.74,251.372
1753769598870,06:13:18.870,binance,LTC/USDT:USDT,109.72,9.444,109.71,98.536,109.73,209.576,109.74,241.441
1753769598971,06:13:18.971,binance,LTC/USDT:USDT,109.72,0.907,109.71,98.536,109.73,219.004,109.74,232.397
1753769599180,06:13:19.180,binance,LTC/USDT:USDT,109.72,0.907,109.71,29.942,109.73,255.834,109.74,230.567
1753769599283,06:13:19.283,binance,LTC/USDT:USDT,109.72,1.131,109.71,37.233,109.73,239.204,109.74,230.567
1753769599385,06:13:19.385,binance,LTC/USDT:USDT,109.72,1.131,109.71,37.233,109.73,211.363,109.74,230.567
1753769599562,06:13:19.562,binance,LTC/USDT:USDT,109.72,1.131,109.71,37.233,109.73,211.384,109.74,230.567
1753769599669,06:13:19.669,binance,LTC/USDT:USDT,109.72,1.131,109.71,37.233,109.73,212.295,109.74,230.567
1753769599774,06:13:19.774,binance,LTC/USDT:USDT,109.72,8.148,109.71,29.942,109.73,212.268,109.74,230.567
1753769599875,06:13:19.875,binance,LTC/USDT:USDT,109.72,9.189,109.71,29.942,109.73,212.268,109.74,230.567
1753769600001,06:13:20.001,binance,LTC/USDT:USDT,109.72,9.189,109.71,29.942,109.73,212.268,109.74,230.567
1753769600255,06:13:20.255,binance,LTC/USDT:USDT,109.72,12.602,109.71,46.572,109.73,212.076,109.74,186.096
1753769600357,06:13:20.357,binance,LTC/USDT:USDT,109.72,5.311,109.71,37.233,109.73,212.105,109.74,230.567
1753769600482,06:13:20.482,binance,LTC/USDT:USDT,109.72,5.311,109.71,34.501,109.73,212.105,109.74,230.567
1753769600594,06:13:20.594,binance,LTC/USDT:USDT,109.72,5.311,109.71,34.501,109.73,215.748,109.74,230.567
1753769600717,06:13:20.717,binance,LTC/USDT:USDT,109.72,5.256,109.71,34.501,109.73,215.748,109.74,230.567
1753769600818,06:13:20.818,binance,LTC/USDT:USDT,109.72,64.045,109.71,65.324,109.73,211.412,109.74,206.007
1753769600919,06:13:20.919,binance,LTC/USDT:USDT,109.72,64.045,109.71,81.954,109.73,210.501,109.74,202.726
1753769601026,06:13:21.026,binance,LTC/USDT:USDT,109.72,64.045,109.71,81.954,109.73,210.501,109.74,202.726
1753769601129,06:13:21.129,binance,LTC/USDT:USDT,109.72,64.045,109.71,81.954,109.73,201.408,109.74,211.839
1753769601233,06:13:21.233,binance,LTC/USDT:USDT,109.72,64.045,109.71,90.073,109.73,204.128,109.74,211.839
1753769601352,06:13:21.352,binance,LTC/USDT:USDT,109.72,56.754,109.71,97.364,109.73,204.128,109.74,211.839
1753769601579,06:13:21.579,binance,LTC/USDT:USDT,109.72,56.754,109.71,97.364,109.73,204.172,109.74,211.839
1753769601718,06:13:21.718,binance,LTC/USDT:USDT,109.72,56.754,109.71,80.734,109.73,204.172,109.74,211.839
1753769601933,06:13:21.933,binance,LTC/USDT:USDT,109.72,56.754,109.71,80.734,109.73,204.172,109.74,211.839
1753769602126,06:13:22.126,binance,LTC/USDT:USDT,109.72,12.273,109.71,35.329,109.73,257.756,109.74,248.311
1753769602366,06:13:22.366,binance,LTC/USDT:USDT,109.72,12.547,109.71,35.329,109.73,213.285,109.74,276.152
1753769602608,06:13:22.608,binance,LTC/USDT:USDT,109.72,13.249,109.71,35.329,109.73,213.285,109.74,276.152
1753769602726,06:13:22.726,binance,LTC/USDT:USDT,109.72,13.441,109.71,35.329,109.73,213.285,109.74,248.311
1753769603081,06:13:23.081,binance,LTC/USDT:USDT,109.72,68.392,109.71,86.959,109.73,204.172,109.74,240.794
1753769603188,06:13:23.188,binance,LTC/USDT:USDT,109.72,68.392,109.71,114.8,109.73,168.613,109.74,240.794
1753769603291,06:13:23.291,binance,LTC/USDT:USDT,109.72,67.759,109.71,114.8,109.73,168.613,109.74,221.115
1753769603424,06:13:23.424,binance,LTC/USDT:USDT,109.72,67.759,109.71,86.959,109.73,168.613,109.74,248.956
1753769603525,06:13:23.525,binance,LTC/USDT:USDT,109.72,67.759,109.71,70.329,109.73,174.233,109.74,248.956
1753769603630,06:13:23.630,binance,LTC/USDT:USDT,109.72,67.759,109.71,70.329,109.73,178.106,109.74,248.956
1753769604036,06:13:24.036,binance,LTC/USDT:USDT,109.72,67.759,109.71,86.959,109.73,178.106,109.74,248.57
1753769604142,06:13:24.142,binance,LTC/USDT:USDT,109.72,67.759,109.71,114.8,109.73,178.102,109.74,177.264
1753769604251,06:13:24.251,binance,LTC/USDT:USDT,109.72,67.759,109.71,86.959,109.73,178.102,109.74,221.735
1753769604457,06:13:24.457,binance,LTC/USDT:USDT,109.72,67.953,109.71,114.8,109.73,177.91,109.74,177.264
1753769604582,06:13:24.582,binance,LTC/USDT:USDT,109.72,67.953,109.71,118.963,109.73,177.91,109.74,193.894
1753769604685,06:13:24.685,binance,LTC/USDT:USDT,109.72,67.953,109.71,114.8,109.73,177.91,109.74,193.894
1753769604791,06:13:24.791,binance,LTC/USDT:USDT,109.72,67.953,109.71,114.8,109.73,177.91,109.74,221.735
1753769604910,06:13:24.910,binance,LTC/USDT:USDT,109.72,69.863,109.71,114.8,109.73,179.96,109.74,177.264
1753769605031,06:13:25.031,binance,LTC/USDT:USDT,109.72,69.863,109.71,114.8,109.73,179.96,109.74,193.894
1753769605132,06:13:25.132,binance,LTC/USDT:USDT,109.72,70.238,109.71,114.8,109.73,179.96,109.74,177.264
1753769605234,06:13:25.234,binance,LTC/USDT:USDT,109.72,70.238,109.71,114.8,109.73,179.96,109.74,177.264
1753769605372,06:13:25.372,binance,LTC/USDT:USDT,109.72,70.238,109.71,114.8,109.73,179.96,109.74,193.894
1753769605474,06:13:25.474,binance,LTC/USDT:USDT,109.72,70.238,109.71,86.959,109.73,179.96,109.74,158.894
1753769605588,06:13:25.588,binance,LTC/USDT:USDT,109.72,105.461,109.71,120.254,109.73,68.77,109.74,142.264
1753769605697,06:13:25.697,binance,LTC/USDT:USDT,109.72,143.575,109.71,120.254,109.73,72.748,109.74,142.264
1753769605802,06:13:25.802,binance,LTC/USDT:USDT,109.72,143.575,109.71,120.254,109.73,72.748,109.74,142.264
1753769605906,06:13:25.906,binance,LTC/USDT:USDT,109.72,125.6,109.71,148.095,109.73,72.748,109.74,142.264
1753769606008,06:13:26.008,binance,LTC/USDT:USDT,109.72,143.575,109.71,148.095,109.73,72.748,109.74,142.264
1753769606115,06:13:26.115,binance,LTC/USDT:USDT,109.72,178.575,109.71,148.095,109.73,72.748,109.74,142.264
1753769606230,06:13:26.230,binance,LTC/USDT:USDT,109.72,160.371,109.71,120.254,109.73,34.637,109.74,142.447
1753769606352,06:13:26.352,binance,LTC/USDT:USDT,109.72,178.346,109.71,120.254,109.73,34.743,109.74,142.447
1753769606454,06:13:26.454,binance,LTC/USDT:USDT,109.72,178.346,109.71,123.568,109.73,34.743,109.74,118.657
1753769606774,06:13:26.774,binance,LTC/USDT:USDT,109.72,178.346,109.71,123.568,109.73,34.743,109.74,118.657
1753769606979,06:13:26.979,binance,LTC/USDT:USDT,109.72,178.346,109.71,123.568,109.73,34.743,109.74,118.657
1753769607216,06:13:27.216,binance,LTC/USDT:USDT,109.72,160.371,109.71,123.568,109.73,34.742,109.74,118.657
1753769607510,06:13:27.510,binance,LTC/USDT:USDT,109.72,160.289,109.71,123.568,109.73,34.743,109.74,127.769
1753769607639,06:13:27.639,binance,LTC/USDT:USDT,109.72,160.289,109.71,123.568,109.73,34.743,109.74,127.769
1753769607877,06:13:27.877,binance,LTC/USDT:USDT,109.72,161.607,109.71,123.568,109.73,34.743,109.74,127.769
1753769608026,06:13:28.026,binance,LTC/USDT:USDT,109.72,161.607,109.71,123.568,109.73,34.743,109.74,127.769
1753769608127,06:13:28.127,binance,LTC/USDT:USDT,109.72,161.607,109.71,123.568,109.73,34.743,109.74,127.769
1753769608278,06:13:28.278,binance,LTC/USDT:USDT,109.72,161.607,109.71,123.568,109.73,34.743,109.74,127.769
1753769608388,06:13:28.388,binance,LTC/USDT:USDT,109.72,144.977,109.71,123.568,109.73,37.546,109.74,127.769
1753769608542,06:13:28.542,binance,LTC/USDT:USDT,109.72,144.977,109.71,123.568,109.73,40.864,109.74,127.769
1753769608712,06:13:28.712,binance,LTC/USDT:USDT,109.72,58.479,109.71,67.758,109.73,93.417,109.74,127.769
1753769608813,06:13:28.813,binance,LTC/USDT:USDT,109.72,30.415,109.71,35.329,109.73,186.521,109.74,118.657
1753769608919,06:13:28.919,binance,LTC/USDT:USDT,109.72,30.415,109.71,35.329,109.73,186.521,109.74,118.657
1753769609025,06:13:29.025,binance,LTC/USDT:USDT,109.72,30.415,109.71,33.009,109.73,204.891,109.74,135.287
1753769609131,06:13:29.131,binance,LTC/USDT:USDT,109.72,30.899,109.71,33.009,109.73,204.891,109.74,135.287
1753769609245,06:13:29.245,binance,LTC/USDT:USDT,109.72,30.899,109.71,33.009,109.73,176.595,109.74,135.287
1753769609374,06:13:29.374,binance,LTC/USDT:USDT,109.72,30.899,109.71,33.009,109.73,176.595,109.74,135.287
1753769609504,06:13:29.504,binance,LTC/USDT:USDT,109.72,30.899,109.71,69.216,109.73,176.395,109.74,135.287
1753769609722,06:13:29.722,binance,LTC/USDT:USDT,109.72,30.899,109.71,69.216,109.73,176.395,109.74,135.287
1753769609925,06:13:29.925,binance,LTC/USDT:USDT,109.72,31.73,109.71,69.216,109.73,176.395,109.74,135.287
1753769610026,06:13:30.026,binance,LTC/USDT:USDT,109.72,31.047,109.71,69.216,109.73,175.712,109.74,118.657
1753769610246,06:13:30.246,binance,LTC/USDT:USDT,109.72,31.669,109.71,85.846,109.73,174.465,109.74,118.657
1753769610375,06:13:30.375,binance,LTC/USDT:USDT,109.71,72.348,109.7,216.561,109.72,106.591,109.73,203.786
1753769610476,06:13:30.476,binance,LTC/USDT:USDT,109.71,72.622,109.7,199.582,109.72,111.537,109.73,189.857
1753769610580,06:13:30.580,binance,LTC/USDT:USDT,109.71,113.531,109.7,220.482,109.72,24.5,109.73,197.515
1753769610681,06:13:30.681,binance,LTC/USDT:USDT,109.71,130.652,109.7,229.597,109.72,28.292,109.73,153.672
1753769610988,06:13:30.988,binance,LTC/USDT:USDT,109.72,144.54,109.71,167.976,109.73,39.182,109.74,150.089
1753769611449,06:13:31.449,binance,LTC/USDT:USDT,109.72,161.097,109.71,213.152,109.73,39.182,109.74,150.089
1753769611556,06:13:31.556,binance,LTC/USDT:USDT,109.72,161.097,109.71,208.864,109.73,57.848,109.74,150.089
1753769611738,06:13:31.738,binance,LTC/USDT:USDT,109.72,161.097,109.71,213.152,109.73,57.848,109.74,150.089
1753769611869,06:13:31.869,binance,LTC/USDT:USDT,109.72,168.388,109.71,206.65,109.73,57.848,109.74,150.089
1753769611979,06:13:31.979,binance,LTC/USDT:USDT,109.72,203.388,109.71,206.65,109.73,57.848,109.74,150.089
1753769612405,06:13:32.405,binance,LTC/USDT:USDT,109.74,218.496,109.73,246.017,109.75,3.729,109.76,98.769
1753769612511,06:13:32.511,binance,LTC/USDT:USDT,109.74,227.608,109.73,246.017,109.75,3.729,109.76,85.461
1753769612736,06:13:32.736,binance,LTC/USDT:USDT,109.74,227.608,109.73,248.306,109.75,3.729,109.76,87.691
1753769612849,06:13:32.849,binance,LTC/USDT:USDT,109.74,227.608,109.73,248.306,109.75,3.729,109.76,87.691
1753769612952,06:13:32.952,binance,LTC/USDT:USDT,109.74,227.608,109.73,248.306,109.75,3.729,109.76,122.691
1753769613062,06:13:33.062,binance,LTC/USDT:USDT,109.74,234.897,109.73,248.306,109.75,3.729,109.76,122.691
1753769613176,06:13:33.176,binance,LTC/USDT:USDT,109.74,201.219,109.73,248.49,109.75,4.195,109.76,122.691
1753769613287,06:13:33.287,binance,LTC/USDT:USDT,109.74,186.575,109.73,255.78,109.75,4.195,109.76,122.691
1753769613411,06:13:33.411,binance,LTC/USDT:USDT,109.74,220.253,109.73,248.49,109.75,4.195,109.76,122.691
1753769613519,06:13:33.519,binance,LTC/USDT:USDT,109.74,228.352,109.73,248.49,109.75,4.195,109.76,122.691
1753769613643,06:13:33.643,binance,LTC/USDT:USDT,109.74,228.352,109.73,248.49,109.75,4.195,109.76,87.691
1753769613767,06:13:33.767,binance,LTC/USDT:USDT,109.74,228.352,109.73,246.668,109.75,5.659,109.76,87.691
1753769613870,06:13:33.870,binance,LTC/USDT:USDT,109.74,228.352,109.73,246.668,109.75,5.659,109.76,87.691
1753769613972,06:13:33.972,binance,LTC/USDT:USDT,109.74,66.044,109.73,201.797,109.75,132.66,109.76,220.866
1753769614076,06:13:34.076,binance,LTC/USDT:USDT,109.74,22.055,109.73,224.563,109.75,138.031,109.76,228.402
1753769614268,06:13:34.268,binance,LTC/USDT:USDT,109.74,22.055,109.73,200.886,109.75,138.031,109.76,228.402
1753769614507,06:13:34.507,binance,LTC/USDT:USDT,109.73,15.461,109.72,91.303,109.74,280.456,109.75,235.022
1753769615239,06:13:35.239,binance,LTC/USDT:USDT,109.73,5.561,109.72,22.875,109.74,305.38,109.75,284.723
1753769615371,06:13:35.371,binance,LTC/USDT:USDT,109.73,5.561,109.72,15.584,109.74,305.38,109.75,285.123
1753769615506,06:13:35.506,binance,LTC/USDT:USDT,109.73,56.426,109.72,59.208,109.74,217.153,109.75,279.961
1753769615715,06:13:35.715,binance,LTC/USDT:USDT,109.73,18.416,109.72,66.499,109.74,217.153,109.75,279.961
1753769615958,06:13:35.958,binance,LTC/USDT:USDT,109.73,5.202,109.72,66.499,109.74,257.145,109.75,280.868
1753769616202,06:13:36.202,binance,LTC/USDT:USDT,109.73,56.433,109.72,66.499,109.74,222.145,109.75,236.397
1753769616466,06:13:36.466,binance,LTC/USDT:USDT,109.73,56.707,109.72,83.129,109.74,222.145,109.75,236.397
1753769616718,06:13:36.718,binance,LTC/USDT:USDT,109.73,56.707,109.72,83.129,109.74,215.789,109.75,280.868
1753769616823,06:13:36.823,binance,LTC/USDT:USDT,109.73,56.707,109.72,83.129,109.74,215.748,109.75,266.061
1753769616949,06:13:36.949,binance,LTC/USDT:USDT,109.73,56.707,109.72,66.499,109.74,215.748,109.75,237.106
1753769617102,06:13:37.102,binance,LTC/USDT:USDT,109.73,56.707,109.72,66.499,109.74,216.659,109.75,236.195
1753769617203,06:13:37.203,binance,LTC/USDT:USDT,109.73,16.538,109.72,66.499,109.74,217.405,109.75,236.195
1753769617308,06:13:37.308,binance,LTC/USDT:USDT,109.73,5.209,109.72,66.499,109.74,217.405,109.75,236.195
1753769617546,06:13:37.546,binance,LTC/USDT:USDT,109.73,56.707,109.72,66.499,109.74,212.207,109.75,209.27
1753769617663,06:13:37.663,binance,LTC/USDT:USDT,109.73,56.707,109.72,66.499,109.74,212.207,109.75,237.111
1753769617765,06:13:37.765,binance,LTC/USDT:USDT,109.73,5.209,109.72,66.499,109.74,214.257,109.75,237.111
1753769617867,06:13:37.867,binance,LTC/USDT:USDT,109.73,15.562,109.72,66.499,109.74,214.257,109.75,235.288
1753769618001,06:13:38.001,binance,LTC/USDT:USDT,109.73,5.209,109.72,30.292,109.74,214.257,109.75,235.288
1753769618130,06:13:38.130,binance,LTC/USDT:USDT,109.73,5.409,109.72,30.292,109.74,258.728,109.75,235.288
1753769618250,06:13:38.250,binance,LTC/USDT:USDT,109.73,5.437,109.72,30.292,109.74,214.211,109.75,235.288
1753769618369,06:13:38.369,binance,LTC/USDT:USDT,109.73,5.437,109.72,30.292,109.74,221.046,109.75,236.195
1753769618573,06:13:38.573,binance,LTC/USDT:USDT,109.73,5.437,109.72,23.001,109.74,221.957,109.75,235.282
1753769618708,06:13:38.708,binance,LTC/USDT:USDT,109.73,5.437,109.72,23.001,109.74,221.957,109.75,207.441
1753769618819,06:13:38.819,binance,LTC/USDT:USDT,109.73,5.632,109.72,23.001,109.74,226.379,109.75,207.441
1753769618932,06:13:38.932,binance,LTC/USDT:USDT,109.73,5.632,109.72,46.922,109.74,226.379,109.75,207.441
1753769619035,06:13:39.035,binance,LTC/USDT:USDT,109.73,5.632,109.72,30.292,109.74,226.379,109.75,235.282
1753769619160,06:13:39.160,binance,LTC/USDT:USDT,109.73,5.632,109.72,30.292,109.74,226.379,109.75,207.441
1753769619282,06:13:39.282,binance,LTC/USDT:USDT,109.73,3.47,109.72,30.292,109.74,236.513,109.75,207.441
1753769619401,06:13:39.401,binance,LTC/USDT:USDT,109.73,3.47,109.72,30.292,109.74,236.513,109.75,235.282
1753769619510,06:13:39.510,binance,LTC/USDT:USDT,109.73,3.47,109.72,30.292,109.74,236.513,109.75,235.282
1753769619720,06:13:39.720,binance,LTC/USDT:USDT,109.73,9.662,109.72,46.922,109.74,236.513,109.75,235.282
1753769619829,06:13:39.829,binance,LTC/USDT:USDT,109.73,9.662,109.72,46.922,109.74,239.059,109.75,235.282
1753769620043,06:13:40.043,binance,LTC/USDT:USDT,109.73,10.683,109.72,81.922,109.74,241.109,109.75,207.441
1753769620274,06:13:40.274,binance,LTC/USDT:USDT,109.73,80.199,109.72,109.763,109.74,234.274,109.75,170.811
1753769620380,06:13:40.380,binance,LTC/USDT:USDT,109.73,80.199,109.72,109.763,109.74,234.275,109.75,170.811
1753769620483,06:13:40.483,binance,LTC/USDT:USDT,109.73,63.642,109.72,109.763,109.74,234.391,109.75,170.811
1753769620726,06:13:40.726,binance,LTC/USDT:USDT,109.73,63.642,109.72,81.922,109.74,234.391,109.75,215.282
1753769620839,06:13:40.839,binance,LTC/USDT:USDT,109.73,79.561,109.72,145.97,109.74,117.172,109.75,166.604
1753769620944,06:13:40.944,binance,LTC/USDT:USDT,109.73,156.736,109.72,142.962,109.74,29.76,109.75,174.806
1753769621072,06:13:41.072,binance,LTC/USDT:USDT,109.73,156.736,109.72,142.962,109.74,30.111,109.75,203.473
1753769621279,06:13:41.279,binance,LTC/USDT:USDT,109.73,115.768,109.72,165.97,109.74,30.044,109.75,203.473
1753769621396,06:13:41.396,binance,LTC/USDT:USDT,109.73,132.517,109.72,165.97,109.74,32.094,109.75,202.166
1753769621713,06:13:41.713,binance,LTC/USDT:USDT,109.73,156.967,109.72,172.094,109.74,32.094,109.75,202.166
1753769621855,06:13:41.855,binance,LTC/USDT:USDT,109.73,123.289,109.72,167.793,109.74,33.544,109.75,202.166
1753769622001,06:13:42.001,binance,LTC/USDT:USDT,109.73,123.289,109.72,167.793,109.74,33.544,109.75,218.796
1753769622108,06:13:42.108,binance,LTC/USDT:USDT,109.73,123.289,109.72,167.793,109.74,33.544,109.75,202.166
1753769622230,06:13:42.230,binance,LTC/USDT:USDT,109.73,139.846,109.72,167.793,109.74,33.544,109.75,202.166
1753769622340,06:13:42.340,binance,LTC/USDT:USDT,109.73,139.846,109.72,172.112,109.74,33.544,109.75,202.196
1753769622774,06:13:42.774,binance,LTC/USDT:USDT,109.73,72.654,109.72,110.838,109.74,120.847,109.75,223.145
1753769622880,06:13:42.880,binance,LTC/USDT:USDT,109.73,96.501,109.72,110.838,109.74,120.847,109.75,202.196
1753769622986,06:13:42.986,binance,LTC/USDT:USDT,109.73,96.501,109.72,115.157,109.74,84.64,109.75,202.196
1753769623089,06:13:43.089,binance,LTC/USDT:USDT,109.73,177.924,109.72,115.157,109.74,33.142,109.75,202.196
1753769623191,06:13:43.191,binance,LTC/USDT:USDT,109.73,177.924,109.72,115.157,109.74,33.135,109.75,202.196
1753769623295,06:13:43.295,binance,LTC/USDT:USDT,109.73,177.924,109.72,115.157,109.74,33.135,109.75,202.196
1753769623396,06:13:43.396,binance,LTC/USDT:USDT,109.73,170.634,109.72,122.448,109.74,33.863,109.75,202.196
1753769623501,06:13:43.501,binance,LTC/USDT:USDT,109.73,136.956,109.72,118.129,109.74,33.863,109.75,218.826
1753769623608,06:13:43.608,binance,LTC/USDT:USDT,109.73,178.135,109.72,135.176,109.74,34.308,109.75,202.196
1753769623839,06:13:43.839,binance,LTC/USDT:USDT,109.73,161.578,109.72,135.176,109.74,34.308,109.75,218.826
1753769623943,06:13:43.943,binance,LTC/USDT:USDT,109.73,144.457,109.72,130.838,109.74,34.308,109.75,218.826
1753769624169,06:13:44.169,binance,LTC/USDT:USDT,109.73,144.457,109.72,130.838,109.74,34.308,109.75,218.826
1753769624689,06:13:44.689,binance,LTC/USDT:USDT,109.73,144.457,109.72,142.272,109.74,40.35,109.75,202.196
1753769624792,06:13:44.792,binance,LTC/USDT:USDT,109.73,144.457,109.72,125.642,109.74,43.762,109.75,206.552
1753769624904,06:13:44.904,binance,LTC/USDT:USDT,109.73,179.457,109.72,125.642,109.74,43.762,109.75,202.196
1753769625008,06:13:45.008,binance,LTC/USDT:USDT,109.73,212.178,109.72,129.998,109.74,42.805,109.75,202.196
1753769625219,06:13:45.219,binance,LTC/USDT:USDT,109.73,211.241,109.72,146.647,109.74,40.961,109.75,202.196
1753769625326,06:13:45.326,binance,LTC/USDT:USDT,109.73,211.241,109.72,146.647,109.74,41.052,109.75,202.196
1753769625428,06:13:45.428,binance,LTC/USDT:USDT,109.73,177.563,109.72,142.272,109.74,41.052,109.75,202.196
1753769625529,06:13:45.529,binance,LTC/USDT:USDT,109.73,177.563,109.72,125.642,109.74,41.052,109.75,202.196
1753769625659,06:13:45.659,binance,LTC/USDT:USDT,109.73,200.25,109.72,125.642,109.74,41.052,109.75,202.196
1753769625764,06:13:45.764,binance,LTC/USDT:USDT,109.73,200.25,109.72,125.642,109.74,41.052,109.75,202.196
1753769625870,06:13:45.870,binance,LTC/USDT:USDT,109.73,200.25,109.72,125.642,109.74,41.052,109.75,202.196
1753769625973,06:13:45.973,binance,LTC/USDT:USDT,109.73,216.807,109.72,130.017,109.74,41.052,109.75,202.196
1753769626125,06:13:46.125,binance,LTC/USDT:USDT,109.73,183.129,109.72,142.272,109.74,41.052,109.75,202.196
1753769626341,06:13:46.341,binance,LTC/USDT:USDT,109.73,183.128,109.72,142.272,109.74,41.052,109.75,202.196
1753769626465,06:13:46.465,binance,LTC/USDT:USDT,109.73,183.128,109.72,142.272,109.74,41.297,109.75,202.196
1753769626569,06:13:46.569,binance,LTC/USDT:USDT,109.73,200.249,109.72,146.666,109.74,37.388,109.75,202.196
1753769626702,06:13:46.702,binance,LTC/USDT:USDT,109.73,200.249,109.72,146.666,109.74,37.388,109.75,202.196
1753769626805,06:13:46.805,binance,LTC/USDT:USDT,109.73,200.249,109.72,146.666,109.74,37.388,109.75,204.019
1753769626981,06:13:46.981,binance,LTC/USDT:USDT,109.73,183.128,109.72,142.272,109.74,37.388,109.75,204.019
1753769627128,06:13:47.128,binance,LTC/USDT:USDT,109.73,199.685,109.72,144.593,109.74,39.655,109.75,204.019
1753769627229,06:13:47.229,binance,LTC/USDT:USDT,109.73,216.806,109.72,149.005,109.74,39.655,109.75,204.019
1753769627526,06:13:47.526,binance,LTC/USDT:USDT,109.73,183.128,109.72,144.593,109.74,39.656,109.75,205.842
1753769627831,06:13:47.831,binance,LTC/USDT:USDT,109.73,183.128,109.72,144.593,109.74,41.802,109.75,204.019
1753769627934,06:13:47.934,binance,LTC/USDT:USDT,109.73,183.128,109.72,144.593,109.74,42.713,109.75,203.108
1753769628299,06:13:48.299,binance,LTC/USDT:USDT,109.73,148.996,109.72,135.254,109.74,42.713,109.75,219.738
1753769628410,06:13:48.410,binance,LTC/USDT:USDT,109.73,148.996,109.72,135.254,109.74,42.711,109.75,219.738
1753769628551,06:13:48.551,binance,LTC/USDT:USDT,109.73,156.286,109.72,127.963,109.74,42.711,109.75,217.915
1753769628839,06:13:48.839,binance,LTC/USDT:USDT,109.73,156.286,109.72,127.963,109.74,42.711,109.75,217.915
1753769628987,06:13:48.987,binance,LTC/USDT:USDT,109.73,156.286,109.72,127.963,109.74,42.711,109.75,217.915
1753769629127,06:13:49.127,binance,LTC/USDT:USDT,109.73,148.94,109.72,127.963,109.74,42.711,109.75,222.365
1753769629259,06:13:49.259,binance,LTC/USDT:USDT,109.73,148.94,109.72,127.963,109.74,43.233,109.75,222.365
1753769629547,06:13:49.547,binance,LTC/USDT:USDT,109.73,83.873,109.72,127.963,109.74,107.088,109.75,222.365
1753769629648,06:13:49.648,binance,LTC/USDT:USDT,109.73,23.064,109.72,67.612,109.74,144.315,109.75,213.253
1753769629912,06:13:49.912,binance,LTC/USDT:USDT,109.73,12.281,109.72,93.473,109.74,99.844,109.75,213.253
1753769630079,06:13:50.079,binance,LTC/USDT:USDT,109.73,12.281,109.72,93.473,109.74,99.844,109.75,213.253
1753769630217,06:13:50.217,binance,LTC/USDT:USDT,109.73,63.779,109.72,93.473,109.74,99.844,109.75,213.253
1753769630360,06:13:50.360,binance,LTC/USDT:USDT,109.73,63.779,109.72,110.103,109.74,92.797,109.75,205.735
1753769630463,06:13:50.463,binance,LTC/USDT:USDT,109.73,63.779,109.72,110.103,109.74,99.727,109.75,204.29
1753769630620,06:13:50.620,binance,LTC/USDT:USDT,109.73,63.779,109.72,110.103,109.74,99.727,109.75,204.29
1753769630827,06:13:50.827,binance,LTC/USDT:USDT,109.73,71.069,109.72,102.812,109.74,97.581,109.75,204.29
1753769631123,06:13:51.123,binance,LTC/USDT:USDT,109.73,71.069,109.72,102.812,109.74,97.581,109.75,204.31
1753769631226,06:13:51.226,binance,LTC/USDT:USDT,109.73,87.626,109.72,102.812,109.74,91.179,109.75,199.821
1753769631342,06:13:51.342,binance,LTC/USDT:USDT,109.73,80.336,109.72,117.938,109.74,91.179,109.75,199.821
1753769631452,06:13:51.452,binance,LTC/USDT:USDT,109.73,63.707,109.72,117.938,109.74,92.798,109.75,202.693
1753769631617,06:13:51.617,binance,LTC/USDT:USDT,109.73,63.707,109.72,117.938,109.74,92.798,109.75,202.693
1753769631742,06:13:51.742,binance,LTC/USDT:USDT,109.73,63.707,109.72,117.938,109.74,94.575,109.75,202.693
1753769631971,06:13:51.971,binance,LTC/USDT:USDT,109.73,70.997,109.72,110.647,109.74,95.776,109.75,202.693
1753769632080,06:13:52.080,binance,LTC/USDT:USDT,109.73,71.327,109.72,110.647,109.74,95.776,109.75,202.693
1753769632219,06:13:52.219,binance,LTC/USDT:USDT,109.73,71.327,109.72,110.647,109.74,95.776,109.75,202.693
1753769632326,06:13:52.326,binance,LTC/USDT:USDT,109.73,64.037,109.72,101.308,109.74,96.186,109.75,202.693
1753769632446,06:13:52.446,binance,LTC/USDT:USDT,109.73,20.02,109.72,101.308,109.74,121.938,109.75,193.581
1753769632551,06:13:52.551,binance,LTC/USDT:USDT,109.73,13.007,109.72,38.127,109.74,155.98,109.75,213.581
1753769632701,06:13:52.701,binance,LTC/USDT:USDT,109.73,13.007,109.72,38.127,109.74,155.98,109.75,213.581
1753769632809,06:13:52.809,binance,LTC/USDT:USDT,109.73,13.007,109.72,38.127,109.74,139.35,109.75,230.211
1753769633058,06:13:53.058,binance,LTC/USDT:USDT,109.73,13.007,109.72,38.127,109.74,155.98,109.75,230.211
1753769633207,06:13:53.207,binance,LTC/USDT:USDT,109.73,13.007,109.72,38.127,109.74,139.35,109.75,230.211
1753769633309,06:13:53.309,binance,LTC/USDT:USDT,109.73,13.007,109.72,38.127,109.74,156.464,109.75,230.211
1753769633440,06:13:53.440,binance,LTC/USDT:USDT,109.73,13.007,109.72,38.127,109.74,156.464,109.75,231.121
1753769633559,06:13:53.559,binance,LTC/USDT:USDT,109.73,13.007,109.72,38.127,109.74,156.464,109.75,231.121
1753769633838,06:13:53.838,binance,LTC/USDT:USDT,109.73,12.661,109.72,38.127,109.74,156.464,109.75,231.121
1753769634136,06:13:54.136,binance,LTC/USDT:USDT,109.73,15.989,109.72,38.127,109.74,145.959,109.75,231.121
1753769634289,06:13:54.289,binance,LTC/USDT:USDT,109.73,15.989,109.72,38.127,109.74,146.525,109.75,231.121
1753769634539,06:13:54.539,binance,LTC/USDT:USDT,109.73,16.419,109.72,38.127,109.74,146.804,109.75,231.121
1753769634642,06:13:54.642,binance,LTC/USDT:USDT,109.73,16.419,109.72,38.127,109.74,146.804,109.75,231.121
1753769634792,06:13:54.792,binance,LTC/USDT:USDT,109.73,58.491,109.72,82.466,109.74,146.804,109.75,210.002
1753769634906,06:13:54.906,binance,LTC/USDT:USDT,109.73,58.491,109.72,82.466,109.74,137.692,109.75,219.114
1753769635018,06:13:55.018,binance,LTC/USDT:USDT,109.73,58.491,109.72,82.466,109.74,137.692,109.75,219.114
1753769635127,06:13:55.127,binance,LTC/USDT:USDT,109.73,58.491,109.72,82.466,109.74,137.692,109.75,223.681
1753769635245,06:13:55.245,binance,LTC/USDT:USDT,109.73,58.491,109.72,118.673,109.74,137.178,109.75,199.114
1753769635463,06:13:55.463,binance,LTC/USDT:USDT,109.73,41.934,109.72,127.787,109.74,106.202,109.75,202.771
1753769635599,06:13:55.599,binance,LTC/USDT:USDT,109.73,41.934,109.72,127.787,109.74,106.202,109.75,202.771
1753769635718,06:13:55.718,binance,LTC/USDT:USDT,109.73,34.644,109.72,135.078,109.74,106.202,109.75,202.771
1753769635849,06:13:55.849,binance,LTC/USDT:USDT,109.73,34.644,109.72,127.787,109.74,106.202,109.75,202.771
1753769635972,06:13:55.972,binance,LTC/USDT:USDT,109.73,75.612,109.72,132.354,109.74,106.202,109.75,198.204
1753769636133,06:13:56.133,binance,LTC/USDT:USDT,109.73,111.861,109.72,154.674,109.74,58.702,109.75,190.833
1753769636345,06:13:56.345,binance,LTC/USDT:USDT,109.73,114.222,109.72,154.674,109.74,58.702,109.75,38.141
1753769636726,06:13:56.726,binance,LTC/USDT:USDT,109.73,156.512,109.72,156.916,109.74,60.104,109.75,63.272
1753769636864,06:13:56.864,binance,LTC/USDT:USDT,109.73,158.125,109.72,156.916,109.74,55.104,109.75,65.095
1753769636989,06:13:56.989,binance,LTC/USDT:USDT,109.73,158.125,109.72,156.916,109.74,55.104,109.75,65.095
1753769637107,06:13:57.107,binance,LTC/USDT:USDT,109.73,124.447,109.72,184.757,109.74,55.104,109.75,65.095
1753769637231,06:13:57.231,binance,LTC/USDT:USDT,109.73,124.447,109.72,184.757,109.74,55.104,109.75,65.095
1753769637352,06:13:57.352,binance,LTC/USDT:USDT,109.73,124.447,109.72,185.668,109.74,55.103,109.75,65.095
1753769637454,06:13:57.454,binance,LTC/USDT:USDT,109.73,124.447,109.72,185.668,109.74,57.145,109.75,66.918
1753769637625,06:13:57.625,binance,LTC/USDT:USDT,109.73,124.447,109.72,169.038,109.74,57.145,109.75,66.918
1753769637753,06:13:57.753,binance,LTC/USDT:USDT,109.73,124.447,109.72,169.038,109.74,57.145,109.75,66.918
1753769637958,06:13:57.958,binance,LTC/USDT:USDT,109.73,124.447,109.72,169.038,109.74,57.88,109.75,65.095
1753769638123,06:13:58.123,binance,LTC/USDT:USDT,109.73,124.447,109.72,185.668,109.74,57.88,109.75,81.725
1753769638257,06:13:58.257,binance,LTC/USDT:USDT,109.73,124.447,109.72,169.038,109.74,57.88,109.75,81.725
1753769638461,06:13:58.461,binance,LTC/USDT:USDT,109.73,124.433,109.72,153.26,109.74,58.792,109.75,109.566
1753769638563,06:13:58.563,binance,LTC/USDT:USDT,109.73,125.113,109.72,185.728,109.74,58.766,109.75,91.113
1753769638665,06:13:58.665,binance,LTC/USDT:USDT,109.73,142.396,109.72,185.728,109.74,58.766,109.75,98.272
1753769638799,06:13:58.799,binance,LTC/USDT:USDT,109.73,125.839,109.72,185.728,109.74,58.766,109.75,98.272
1753769639008,06:13:59.008,binance,LTC/USDT:USDT,109.73,125.839,109.72,185.728,109.74,58.766,109.75,98.272
1753769639126,06:13:59.126,binance,LTC/USDT:USDT,109.73,142.396,109.72,185.728,109.74,58.765,109.75,98.272
1753769639258,06:13:59.258,binance,LTC/USDT:USDT,109.73,142.396,109.72,185.728,109.74,58.765,109.75,98.272
1753769639403,06:13:59.403,binance,LTC/USDT:USDT,109.73,141.98,109.72,185.728,109.74,58.765,109.75,98.272
1753769639506,06:13:59.506,binance,LTC/USDT:USDT,109.73,142.407,109.72,185.728,109.74,58.766,109.75,98.272
1753769639608,06:13:59.608,binance,LTC/USDT:USDT,109.73,142.407,109.72,185.728,109.74,58.766,109.75,98.272
1753769639721,06:13:59.721,binance,LTC/USDT:USDT,109.73,142.407,109.72,185.728,109.74,58.766,109.75,98.272
1753769639832,06:13:59.832,binance,LTC/USDT:USDT,109.73,90.85,109.72,153.26,109.74,58.766,109.75,119.549
1753769640040,06:14:00.040,binance,LTC/USDT:USDT,109.73,90.85,109.72,181.101,109.74,94.973,109.75,102.939
1753769640279,06:14:00.279,binance,LTC/USDT:USDT,109.73,90.85,109.72,153.26,109.74,94.973,109.75,130.78
1753769640392,06:14:00.392,binance,LTC/USDT:USDT,109.73,90.85,109.72,153.26,109.74,94.973,109.75,102.939
1753769640495,06:14:00.495,binance,LTC/USDT:USDT,109.73,91.02,109.72,181.101,109.74,95.189,109.75,114.902
1753769640598,06:14:00.598,binance,LTC/USDT:USDT,109.73,107.65,109.72,185.769,109.74,58.982,109.75,98.272
1753769640700,06:14:00.700,binance,LTC/USDT:USDT,109.73,107.65,109.72,185.769,109.74,58.982,109.75,98.272
1753769640802,06:14:00.802,binance,LTC/USDT:USDT,109.73,107.65,109.72,185.769,109.74,58.982,109.75,98.272
1753769641049,06:14:01.049,binance,LTC/USDT:USDT,109.73,91.02,109.72,181.101,109.74,59.174,109.75,98.272
1753769641258,06:14:01.258,binance,LTC/USDT:USDT,109.73,124.875,109.72,185.789,109.74,56.907,109.75,98.272
1753769641361,06:14:01.361,binance,LTC/USDT:USDT,109.73,134.366,109.72,185.789,109.74,56.907,109.75,98.272
1753769641501,06:14:01.501,binance,LTC/USDT:USDT,109.73,134.366,109.72,185.789,109.74,56.906,109.75,98.272
1753769641607,06:14:01.607,binance,LTC/USDT:USDT,109.73,135.62,109.72,185.789,109.74,34.048,109.75,98.272
1753769641709,06:14:01.709,binance,LTC/USDT:USDT,109.73,173.829,109.72,185.789,109.74,38.634,109.75,98.272
1753769641819,06:14:01.819,binance,LTC/USDT:USDT,109.73,175.778,109.72,187.732,109.74,32.509,109.75,98.272
1753769641926,06:14:01.926,binance,LTC/USDT:USDT,109.73,141.923,109.72,189.103,109.74,32.509,109.75,114.902
1753769642140,06:14:02.140,binance,LTC/USDT:USDT,109.73,141.923,109.72,189.103,109.74,32.509,109.75,98.272
1753769642253,06:14:02.253,binance,LTC/USDT:USDT,109.73,142.006,109.72,189.103,109.74,32.509,109.75,98.272
1753769642361,06:14:02.361,binance,LTC/USDT:USDT,109.73,142.006,109.72,189.103,109.74,33.761,109.75,98.272
1753769642462,06:14:02.462,binance,LTC/USDT:USDT,109.73,142.006,109.72,189.103,109.74,33.758,109.75,114.902
1753769642578,06:14:02.578,binance,LTC/USDT:USDT,109.73,142.006,109.72,189.103,109.74,33.758,109.75,142.743
1753769642714,06:14:02.714,binance,LTC/USDT:USDT,109.73,142.006,109.72,189.103,109.74,33.758,109.75,114.902
1753769642849,06:14:02.849,binance,LTC/USDT:USDT,109.73,142.006,109.72,189.103,109.74,33.758,109.75,114.902
1753769643050,06:14:03.050,binance,LTC/USDT:USDT,109.73,142.006,109.72,189.103,109.74,33.758,109.75,114.902
1753769643260,06:14:03.260,binance,LTC/USDT:USDT,109.73,107.026,109.72,189.103,109.74,33.848,109.75,98.272
1753769643370,06:14:03.370,binance,LTC/USDT:USDT,109.73,139.603,109.72,189.103,109.74,33.804,109.75,98.272
1753769643522,06:14:03.522,binance,LTC/USDT:USDT,109.73,140.929,109.72,189.103,109.74,33.804,109.75,98.272
1753769643624,06:14:03.624,binance,LTC/USDT:USDT,109.73,177.436,109.72,189.103,109.74,33.612,109.75,98.272
1753769643907,06:14:03.907,binance,LTC/USDT:USDT,109.73,179.258,109.72,189.103,109.74,41.907,109.75,98.272
1753769644046,06:14:04.046,binance,LTC/USDT:USDT,109.73,179.258,109.72,189.103,109.74,41.907,109.75,98.272
1753769644159,06:14:04.159,binance,LTC/USDT:USDT,109.74,238.619,109.73,244.013,109.75,36.385,109.76,213.584
1753769644262,06:14:04.262,binance,LTC/USDT:USDT,109.74,239.312,109.73,242.958,109.75,1.659,109.76,213.584
1753769644364,06:14:04.364,binance,LTC/USDT:USDT,109.75,118.851,109.74,174.326,109.76,250.396,109.77,153.273
1753769644466,06:14:04.466,binance,LTC/USDT:USDT,109.75,106.407,109.74,162.705,109.76,250.396,109.77,145.306
1753769644570,06:14:04.570,binance,LTC/USDT:USDT,109.75,111.34,109.74,162.705,109.76,250.396,109.77,145.306
1753769644680,06:14:04.680,binance,LTC/USDT:USDT,109.75,111.34,109.74,162.705,109.76,250.396,109.77,145.306
1753769644795,06:14:04.795,binance,LTC/USDT:USDT,109.75,127.642,109.74,167.034,109.76,254.387,109.77,128.676
1753769645022,06:14:05.022,binance,LTC/USDT:USDT,109.75,129.193,109.74,167.034,109.76,219.387,109.77,128.676
1753769645126,06:14:05.126,binance,LTC/USDT:USDT,109.75,130.283,109.74,167.034,109.76,219.387,109.77,128.959
1753769645236,06:14:05.236,binance,LTC/USDT:USDT,109.75,149.015,109.74,167.218,109.76,190.449,109.77,128.959
1753769645349,06:14:05.349,binance,LTC/USDT:USDT,109.75,149.015,109.74,176.33,109.76,189.706,109.77,128.959
1753769645452,06:14:05.452,binance,LTC/USDT:USDT,109.75,149.015,109.74,176.33,109.76,7.547,109.77,119.504
1753769645559,06:14:05.559,binance,LTC/USDT:USDT,109.75,156.434,109.74,169.041,109.76,7.547,109.77,119.504
1753769645660,06:14:05.660,binance,LTC/USDT:USDT,109.75,156.434,109.74,169.041,109.76,7.547,109.77,154.504
1753769645767,06:14:05.767,binance,LTC/USDT:USDT,109.75,139.804,109.74,169.041,109.76,7.547,109.77,154.504
1753769645870,06:14:05.870,binance,LTC/USDT:USDT,109.75,156.434,109.74,169.041,109.76,7.547,109.77,154.504
1753769646011,06:14:06.011,binance,LTC/USDT:USDT,109.75,156.434,109.74,169.041,109.76,7.547,109.77,154.504
1753769646114,06:14:06.114,binance,LTC/USDT:USDT,109.75,139.804,109.74,169.041,109.76,7.547,109.77,154.504
1753769646242,06:14:06.242,binance,LTC/USDT:USDT,109.75,122.579,109.74,169.041,109.76,27.892,109.77,154.504
1753769646363,06:14:06.363,binance,LTC/USDT:USDT,109.75,156.434,109.74,169.041,109.76,27.884,109.77,154.504
1753769646465,06:14:06.465,binance,LTC/USDT:USDT,109.75,156.434,109.74,169.041,109.76,27.884,109.77,154.504
1753769646702,06:14:06.702,binance,LTC/USDT:USDT,109.75,139.804,109.74,169.041,109.76,48.31,109.77,154.504
1753769646819,06:14:06.819,binance,LTC/USDT:USDT,109.75,156.446,109.74,169.041,109.76,48.31,109.77,154.504
1753769647131,06:14:07.131,binance,LTC/USDT:USDT,109.76,180.379,109.75,119.687,109.77,58.546,109.78,105.569
1753769647236,06:14:07.236,binance,LTC/USDT:USDT,109.76,186.707,109.75,118.18,109.77,82.17,109.78,105.569
1753769647342,06:14:07.342,binance,LTC/USDT:USDT,109.76,163.22,109.75,125.038,109.77,82.853,109.78,113.671
1753769647552,06:14:07.552,binance,LTC/USDT:USDT,109.76,167.515,109.75,117.749,109.77,31.355,109.78,150.923
1753769647809,06:14:07.809,binance,LTC/USDT:USDT,109.76,178.133,109.75,108.638,109.77,31.355,109.78,150.923
1753769647912,06:14:07.912,binance,LTC/USDT:USDT,109.76,178.133,109.75,108.638,109.77,31.355,109.78,150.923
1753769648038,06:14:08.038,binance,LTC/USDT:USDT,109.76,181.616,109.75,108.638,109.77,31.355,109.78,150.923
1753769648180,06:14:08.180,binance,LTC/USDT:USDT,109.76,182.272,109.75,108.638,109.77,31.355,109.78,150.923
1753769648479,06:14:08.479,binance,LTC/USDT:USDT,109.76,165.642,109.75,108.638,109.77,32.662,109.78,150.923
1753769648583,06:14:08.583,binance,LTC/USDT:USDT,109.76,165.642,109.75,108.638,109.77,32.662,109.78,150.923
1753769648707,06:14:08.707,binance,LTC/USDT:USDT,109.76,165.642,109.75,108.638,109.77,32.654,109.78,150.923
1753769648816,06:14:08.816,binance,LTC/USDT:USDT,109.76,165.642,109.75,108.638,109.77,32.654,109.78,150.923
1753769648922,06:14:08.922,binance,LTC/USDT:USDT,109.76,165.642,109.75,108.638,109.77,32.654,109.78,150.923
1753769649199,06:14:09.199,binance,LTC/USDT:USDT,109.76,65.618,109.75,100.417,109.77,66.866,109.78,167.553
1753769649328,06:14:09.328,binance,LTC/USDT:USDT,109.76,68.588,109.75,99.051,109.77,66.94,109.78,167.553
1753769649444,06:14:09.444,binance,LTC/USDT:USDT,109.76,71.416,109.75,98.492,109.77,66.94,109.78,167.553
1753769649547,06:14:09.547,binance,LTC/USDT:USDT,109.76,71.416,109.75,133.492,109.77,32.544,109.78,167.553
1753769649668,06:14:09.668,binance,LTC/USDT:USDT,109.76,71.416,109.75,133.492,109.77,32.544,109.78,167.553
1753769649792,06:14:09.792,binance,LTC/USDT:USDT,109.76,69.633,109.75,150.122,109.77,30.761,109.78,150.923
1753769650080,06:14:10.080,binance,LTC/USDT:USDT,109.76,68.112,109.75,150.122,109.77,29.451,109.78,150.923
1753769650184,06:14:10.184,binance,LTC/USDT:USDT,109.76,85.712,109.75,150.122,109.77,29.381,109.78,150.923
1753769650295,06:14:10.295,binance,LTC/USDT:USDT,109.76,86.2,109.75,150.122,109.77,29.381,109.78,150.923
1753769650425,06:14:10.425,binance,LTC/USDT:USDT,109.76,86.2,109.75,150.122,109.77,29.381,109.78,150.923
1753769650526,06:14:10.526,binance,LTC/USDT:USDT,109.76,86.45,109.75,150.122,109.77,29.381,109.78,150.923
1753769650655,06:14:10.655,binance,LTC/USDT:USDT,109.76,86.759,109.75,150.122,109.77,29.381,109.78,150.923
1753769650921,06:14:10.921,binance,LTC/USDT:USDT,109.76,86.759,109.75,150.122,109.77,29.381,109.78,150.923
1753769651031,06:14:11.031,binance,LTC/USDT:USDT,109.76,70.129,109.75,150.122,109.77,29.381,109.78,150.923
1753769651181,06:14:11.181,binance,LTC/USDT:USDT,109.76,90.819,109.75,150.122,109.77,29.381,109.78,150.923
1753769651284,06:14:11.284,binance,LTC/USDT:USDT,109.76,101.276,109.75,141.011,109.77,29.381,109.78,150.923
1753769651459,06:14:11.459,binance,LTC/USDT:USDT,109.76,101.276,109.75,141.535,109.77,29.619,109.78,150.923
1753769651564,06:14:11.564,binance,LTC/USDT:USDT,109.76,136.276,109.75,141.535,109.77,29.619,109.78,150.923
1753769651668,06:14:11.668,binance,LTC/USDT:USDT,109.76,136.276,109.75,141.535,109.77,29.619,109.78,150.923
1753769651771,06:14:11.771,binance,LTC/USDT:USDT,109.76,119.646,109.75,141.535,109.77,29.619,109.78,150.923
1753769651895,06:14:11.895,binance,LTC/USDT:USDT,109.76,119.646,109.75,141.535,109.77,29.619,109.78,150.923
1753769652117,06:14:12.117,binance,LTC/USDT:USDT,109.76,119.646,109.75,141.535,109.77,29.619,109.78,150.923
1753769652410,06:14:12.410,binance,LTC/USDT:USDT,109.76,119.646,109.75,124.905,109.77,29.619,109.78,150.923
1753769652526,06:14:12.526,binance,LTC/USDT:USDT,109.76,119.646,109.75,124.905,109.77,29.619,109.78,150.923
1753769652701,06:14:12.701,binance,LTC/USDT:USDT,109.76,119.646,109.75,124.905,109.77,29.619,109.78,150.923
1753769652822,06:14:12.822,binance,LTC/USDT:USDT,109.76,119.646,109.75,124.905,109.77,29.619,109.78,150.923
1753769652962,06:14:12.962,binance,LTC/USDT:USDT,109.76,119.646,109.75,125.138,109.77,29.619,109.78,150.923
1753769653084,06:14:13.084,binance,LTC/USDT:USDT,109.76,119.646,109.75,125.138,109.77,29.837,109.78,150.923
1753769653264,06:14:13.264,binance,LTC/USDT:USDT,109.76,119.646,109.75,125.138,109.77,33.249,109.78,150.923
1753769653367,06:14:13.367,binance,LTC/USDT:USDT,109.76,119.646,109.75,125.219,109.77,33.479,109.78,150.923
1753769653512,06:14:13.512,binance,LTC/USDT:USDT,109.76,119.646,109.75,125.219,109.77,33.479,109.78,150.923
1753769653918,06:14:13.918,binance,LTC/USDT:USDT,109.76,119.646,109.75,125.219,109.77,33.479,109.78,150.923
1753769654130,06:14:14.130,binance,LTC/USDT:USDT,109.76,119.646,109.75,125.219,109.77,33.855,109.78,150.923
1753769654239,06:14:14.239,binance,LTC/USDT:USDT,109.76,119.646,109.75,125.219,109.77,33.855,109.78,150.923
1753769654399,06:14:14.399,binance,LTC/USDT:USDT,109.76,119.646,109.75,125.219,109.77,33.855,109.78,150.923
1753769654502,06:14:14.502,binance,LTC/USDT:USDT,109.76,119.646,109.75,125.219,109.77,33.839,109.78,150.923
1753769654696,06:14:14.696,binance,LTC/USDT:USDT,109.76,115.586,109.75,120.531,109.77,33.839,109.78,150.923
1753769654861,06:14:14.861,binance,LTC/USDT:USDT,109.76,79.594,109.75,120.531,109.77,32.847,109.78,155.632
1753769655092,06:14:15.092,binance,LTC/USDT:USDT,109.76,96.705,109.75,125.24,109.77,31.043,109.78,150.923
1753769655193,06:14:15.193,binance,LTC/USDT:USDT,109.76,71.489,109.75,150.981,109.77,31.043,109.78,150.923
1753769655318,06:14:15.318,binance,LTC/USDT:USDT,109.76,71.489,109.75,134.351,109.77,31.064,109.78,150.923
1753769655526,06:14:15.526,binance,LTC/USDT:USDT,109.76,71.489,109.75,129.642,109.77,73.975,109.78,150.923
1753769655642,06:14:15.642,binance,LTC/USDT:USDT,109.76,71.489,109.75,129.642,109.77,74.249,109.78,150.923
1753769655758,06:14:15.758,binance,LTC/USDT:USDT,109.76,71.489,109.75,129.642,109.77,94.593,109.78,150.923
1753769655898,06:14:15.898,binance,LTC/USDT:USDT,109.76,71.489,109.75,129.642,109.77,94.595,109.78,150.923
1753769656327,06:14:16.327,binance,LTC/USDT:USDT,109.76,38.31,109.75,116.931,109.77,113.838,109.78,150.923
1753769656430,06:14:16.430,binance,LTC/USDT:USDT,109.76,39.923,109.75,116.931,109.77,97.208,109.78,180.485
1753769656531,06:14:16.531,binance,LTC/USDT:USDT,109.76,40.198,109.75,109.642,109.77,97.4,109.78,175.735
1753769656639,06:14:16.639,binance,LTC/USDT:USDT,109.76,32.91,109.75,109.642,109.77,98.876,109.78,175.735
1753769656745,06:14:16.745,binance,LTC/USDT:USDT,109.76,32.91,109.75,109.642,109.77,97.569,109.78,175.735
