timestamp,time,exchange,symbol,bid1_price,bid1_volume,bid2_price,bid2_volume,ask1_price,ask1_volume,ask2_price,ask2_volume
1753769307291,06:08:27.291,coincatch,LTC/USDT:USDT,109.73,304.6,109.72,382.6,109.78,22.5,109.79,56.1
1753769307891,06:08:27.891,coincatch,LTC/USDT:USDT,109.73,311.6,109.72,382.6,109.78,22.5,109.79,56.1
1753769308192,06:08:28.192,coincatch,LTC/USDT:USDT,109.73,314.4,109.72,367.2,109.78,84.3,109.79,56.1
1753769308492,06:08:28.492,coincatch,LTC/USDT:USDT,109.73,309.7,109.72,368.7,109.78,87.1,109.79,56.1
1753769308792,06:08:28.792,coincatch,LTC/USDT:USDT,109.73,298.8,109.72,347.2,109.78,87.1,109.79,99.6
1753769310893,06:08:30.893,coincatch,LTC/USDT:USDT,109.73,282.5,109.72,379.7,109.78,50.1,109.79,56.1
1753769311494,06:08:31.494,coincatch,LTC/USDT:USDT,109.73,275.3,109.72,393.0,109.78,52.7,109.79,56.1
1753769312094,06:08:32.094,coincatch,LTC/USDT:USDT,109.73,306.0,109.72,395.0,109.78,52.7,109.79,56.1
1753769312394,06:08:32.394,coincatch,LTC/USDT:USDT,109.73,315.0,109.72,392.8,109.78,52.7,109.79,99.3
1753769312694,06:08:32.694,coincatch,LTC/USDT:USDT,109.73,315.0,109.72,375.6,109.78,52.7,109.79,99.3
1753769313295,06:08:33.295,coincatch,LTC/USDT:USDT,109.73,182.8,109.72,375.4,109.78,140.5,109.79,150.8
1753769313595,06:08:33.595,coincatch,LTC/USDT:USDT,109.73,151.9,109.72,342.7,109.78,207.9,109.79,118.9
1753769313895,06:08:33.895,coincatch,LTC/USDT:USDT,109.73,149.6,109.72,328.5,109.78,207.9,109.79,146.7
1753769314195,06:08:34.195,coincatch,LTC/USDT:USDT,109.73,147.5,109.72,314.7,109.78,207.9,109.79,178.9
1753769314495,06:08:34.495,coincatch,LTC/USDT:USDT,109.73,147.5,109.72,328.7,109.78,227.2,109.79,178.9
1753769314796,06:08:34.796,coincatch,LTC/USDT:USDT,109.73,145.3,109.72,319.7,109.78,207.2,109.79,178.9
1753769315096,06:08:35.096,coincatch,LTC/USDT:USDT,109.73,136.7,109.72,325.8,109.78,204.9,109.79,127.9
1753769315396,06:08:35.396,coincatch,LTC/USDT:USDT,109.73,147.5,109.72,320.1,109.78,204.9,109.79,127.9
1753769315696,06:08:35.696,coincatch,LTC/USDT:USDT,109.73,134.1,109.72,323.0,109.78,200.0,109.79,147.2
1753769315996,06:08:35.996,coincatch,LTC/USDT:USDT,109.73,134.1,109.72,323.8,109.78,200.0,109.79,147.2
1753769316297,06:08:36.297,coincatch,LTC/USDT:USDT,109.72,281.5,109.71,326.3,109.77,168.3,109.78,201.1
1753769316597,06:08:36.597,coincatch,LTC/USDT:USDT,109.72,311.4,109.71,328.1,109.77,78.6,109.78,240.3
1753769316897,06:08:36.897,coincatch,LTC/USDT:USDT,109.72,311.4,109.71,334.5,109.77,81.5,109.78,220.7
1753769317197,06:08:37.197,coincatch,LTC/USDT:USDT,109.72,311.9,109.71,325.6,109.77,62.6,109.78,157.2
1753769317497,06:08:37.497,coincatch,LTC/USDT:USDT,109.72,321.8,109.71,323.7,109.77,65.2,109.78,157.2
1753769317798,06:08:37.798,coincatch,LTC/USDT:USDT,109.72,316.4,109.71,332.0,109.77,65.2,109.78,157.2
1753769318098,06:08:38.098,coincatch,LTC/USDT:USDT,109.72,321.1,109.71,329.2,109.77,60.2,109.78,157.2
1753769318398,06:08:38.398,coincatch,LTC/USDT:USDT,109.72,329.2,109.71,338.3,109.77,67.6,109.78,27.3
1753769318698,06:08:38.698,coincatch,LTC/USDT:USDT,109.72,348.5,109.71,333.0,109.77,64.9,109.78,27.3
1753769318998,06:08:38.998,coincatch,LTC/USDT:USDT,109.72,331.4,109.71,339.4,109.77,64.9,109.78,27.3
1753769319298,06:08:39.298,coincatch,LTC/USDT:USDT,109.72,340.5,109.71,339.4,109.77,64.9,109.78,27.3
1753769319599,06:08:39.599,coincatch,LTC/USDT:USDT,109.72,332.4,109.71,339.4,109.77,64.9,109.78,27.3
1753769319899,06:08:39.899,coincatch,LTC/USDT:USDT,109.72,343.1,109.71,353.1,109.77,11.0,109.78,27.3
1753769320199,06:08:40.199,coincatch,LTC/USDT:USDT,109.72,343.1,109.71,356.8,109.77,79.5,109.78,27.3
1753769320499,06:08:40.499,coincatch,LTC/USDT:USDT,109.72,350.6,109.71,347.6,109.77,79.5,109.78,27.3
1753769320799,06:08:40.799,coincatch,LTC/USDT:USDT,109.72,334.0,109.71,347.3,109.77,79.5,109.78,3.3
1753769321400,06:08:41.400,coincatch,LTC/USDT:USDT,109.72,352.2,109.71,364.5,109.77,79.5,109.78,3.3
1753769321709,06:08:41.709,coincatch,LTC/USDT:USDT,109.72,333.9,109.71,364.5,109.77,79.5,109.78,3.3
1753769322310,06:08:42.310,coincatch,LTC/USDT:USDT,109.72,352.2,109.71,358.0,109.77,79.5,109.78,3.3
1753769322610,06:08:42.610,coincatch,LTC/USDT:USDT,109.72,349.7,109.71,347.3,109.77,79.5,109.78,66.2
1753769322910,06:08:42.910,coincatch,LTC/USDT:USDT,109.72,332.3,109.71,347.3,109.77,79.5,109.78,66.2
1753769323510,06:08:43.510,coincatch,LTC/USDT:USDT,109.72,321.3,109.71,356.7,109.77,84.4,109.78,46.9
1753769323811,06:08:43.811,coincatch,LTC/USDT:USDT,109.72,253.3,109.71,303.6,109.77,322.3,109.78,180.9
1753769324111,06:08:44.111,coincatch,LTC/USDT:USDT,109.72,159.4,109.71,311.3,109.77,270.8,109.78,180.9
1753769324411,06:08:44.411,coincatch,LTC/USDT:USDT,109.72,162.4,109.71,313.1,109.77,312.8,109.78,180.9
1753769324712,06:08:44.712,coincatch,LTC/USDT:USDT,109.72,162.4,109.71,314.7,109.77,312.8,109.78,180.9
1753769325013,06:08:45.013,coincatch,LTC/USDT:USDT,109.72,161.0,109.71,315.3,109.77,323.7,109.78,193.1
1753769325313,06:08:45.313,coincatch,LTC/USDT:USDT,109.72,161.0,109.71,315.3,109.77,323.7,109.78,193.1
1753769325913,06:08:45.913,coincatch,LTC/USDT:USDT,109.72,158.1,109.71,300.1,109.77,332.1,109.78,193.1
1753769326213,06:08:46.213,coincatch,LTC/USDT:USDT,109.72,149.5,109.71,304.5,109.77,332.1,109.78,141.6
1753769326514,06:08:46.514,coincatch,LTC/USDT:USDT,109.72,149.5,109.71,316.5,109.77,332.1,109.78,173.8
1753769326814,06:08:46.814,coincatch,LTC/USDT:USDT,109.72,151.4,109.71,310.1,109.77,334.3,109.78,193.1
1753769327114,06:08:47.114,coincatch,LTC/USDT:USDT,109.72,163.1,109.71,327.3,109.77,334.3,109.78,193.1
1753769328015,06:08:48.015,coincatch,LTC/USDT:USDT,109.72,152.4,109.71,307.2,109.77,334.6,109.78,160.9
1753769328916,06:08:48.916,coincatch,LTC/USDT:USDT,109.72,186.7,109.71,326.0,109.77,183.5,109.78,141.6
1753769329216,06:08:49.216,coincatch,LTC/USDT:USDT,109.72,216.0,109.71,329.2,109.77,103.0,109.78,117.6
1753769329516,06:08:49.516,coincatch,LTC/USDT:USDT,109.72,209.5,109.71,330.5,109.77,104.2,109.78,117.6
1753769329816,06:08:49.816,coincatch,LTC/USDT:USDT,109.72,211.8,109.71,319.8,109.77,106.2,109.78,89.5
1753769330117,06:08:50.117,coincatch,LTC/USDT:USDT,109.72,228.6,109.71,319.8,109.77,103.0,109.78,89.5
1753769330417,06:08:50.417,coincatch,LTC/USDT:USDT,109.72,216.2,109.71,339.8,109.77,103.0,109.78,89.5
1753769330717,06:08:50.717,coincatch,LTC/USDT:USDT,109.72,216.6,109.71,349.0,109.77,173.1,109.78,89.5
1753769331017,06:08:51.017,coincatch,LTC/USDT:USDT,109.72,222.7,109.71,351.6,109.77,173.1,109.78,89.5
1753769331317,06:08:51.317,coincatch,LTC/USDT:USDT,109.72,208.7,109.71,331.5,109.77,173.1,109.78,89.5
1753769331618,06:08:51.618,coincatch,LTC/USDT:USDT,109.72,219.9,109.71,343.5,109.77,173.1,109.78,89.5
1753769331918,06:08:51.918,coincatch,LTC/USDT:USDT,109.72,203.4,109.71,332.8,109.77,173.1,109.78,89.5
1753769332218,06:08:52.218,coincatch,LTC/USDT:USDT,109.72,203.4,109.71,332.8,109.77,180.6,109.78,89.5
1753769332518,06:08:52.518,coincatch,LTC/USDT:USDT,109.72,210.8,109.71,342.5,109.77,180.6,109.78,89.5
1753769332818,06:08:52.818,coincatch,LTC/USDT:USDT,109.72,219.0,109.71,345.5,109.77,180.7,109.78,89.5
1753769333119,06:08:53.119,coincatch,LTC/USDT:USDT,109.72,212.8,109.71,333.4,109.77,180.7,109.78,89.5
1753769333419,06:08:53.419,coincatch,LTC/USDT:USDT,109.72,191.8,109.71,331.8,109.77,267.4,109.78,89.5
1753769333719,06:08:53.719,coincatch,LTC/USDT:USDT,109.72,164.5,109.71,336.7,109.77,357.9,109.78,115.6
1753769334019,06:08:54.019,coincatch,LTC/USDT:USDT,109.72,163.5,109.71,235.1,109.77,291.3,109.78,165.4
1753769334319,06:08:54.319,coincatch,LTC/USDT:USDT,109.72,163.5,109.71,233.3,109.77,333.2,109.78,178.0
1753769334619,06:08:54.619,coincatch,LTC/USDT:USDT,109.72,163.5,109.71,224.4,109.77,384.8,109.78,217.0
1753769334920,06:08:54.920,coincatch,LTC/USDT:USDT,109.71,216.3,109.7,401.0,109.76,302.4,109.77,319.5
1753769335220,06:08:55.220,coincatch,LTC/USDT:USDT,109.71,199.0,109.7,384.5,109.76,328.6,109.77,312.6
1753769335520,06:08:55.520,coincatch,LTC/USDT:USDT,109.71,199.0,109.7,384.5,109.76,328.6,109.77,312.6
1753769335820,06:08:55.820,coincatch,LTC/USDT:USDT,109.71,199.0,109.7,384.5,109.76,328.6,109.77,312.6
1753769336120,06:08:56.120,coincatch,LTC/USDT:USDT,109.71,196.3,109.7,384.5,109.76,296.6,109.77,311.1
1753769336421,06:08:56.421,coincatch,LTC/USDT:USDT,109.71,196.3,109.7,398.1,109.76,293.9,109.77,306.1
1753769336721,06:08:56.721,coincatch,LTC/USDT:USDT,109.71,196.3,109.7,398.1,109.76,293.9,109.77,308.5
1753769337321,06:08:57.321,coincatch,LTC/USDT:USDT,109.69,117.8,109.68,252.8,109.74,205.4,109.75,261.3
1753769337621,06:08:57.621,coincatch,LTC/USDT:USDT,109.69,128.3,109.68,206.3,109.74,366.4,109.75,209.1
1753769337922,06:08:57.922,coincatch,LTC/USDT:USDT,109.69,128.3,109.68,210.8,109.74,366.4,109.75,209.1
1753769338222,06:08:58.222,coincatch,LTC/USDT:USDT,109.69,144.3,109.68,205.3,109.74,314.9,109.75,221.9
1753769338522,06:08:58.522,coincatch,LTC/USDT:USDT,109.69,140.5,109.68,210.2,109.74,312.7,109.75,221.9
1753769338822,06:08:58.822,coincatch,LTC/USDT:USDT,109.69,153.0,109.68,210.2,109.74,312.7,109.75,242.4
1753769339122,06:08:59.122,coincatch,LTC/USDT:USDT,109.69,167.6,109.68,215.8,109.74,312.7,109.75,242.4
1753769339422,06:08:59.422,coincatch,LTC/USDT:USDT,109.69,167.6,109.68,231.4,109.74,312.7,109.75,242.4
1753769339723,06:08:59.723,coincatch,LTC/USDT:USDT,109.69,164.7,109.68,232.7,109.74,312.7,109.75,224.3
1753769340023,06:09:00.023,coincatch,LTC/USDT:USDT,109.69,201.7,109.68,250.8,109.74,115.8,109.75,168.6
1753769340323,06:09:00.323,coincatch,LTC/USDT:USDT,109.69,125.1,109.68,228.5,109.74,180.4,109.75,170.0
1753769340623,06:09:00.623,coincatch,LTC/USDT:USDT,109.69,122.5,109.68,221.2,109.74,193.9,109.75,177.3
1753769340923,06:09:00.923,coincatch,LTC/USDT:USDT,109.69,128.9,109.68,229.8,109.74,193.9,109.75,177.3
1753769341224,06:09:01.224,coincatch,LTC/USDT:USDT,109.69,133.4,109.68,215.4,109.74,287.4,109.75,177.3
1753769341524,06:09:01.524,coincatch,LTC/USDT:USDT,109.67,158.8,109.66,293.0,109.72,151.1,109.73,445.5
1753769341824,06:09:01.824,coincatch,LTC/USDT:USDT,109.67,101.8,109.66,200.4,109.72,289.6,109.73,236.8
1753769342124,06:09:02.124,coincatch,LTC/USDT:USDT,109.67,167.1,109.66,292.8,109.72,106.9,109.73,196.0
1753769342424,06:09:02.424,coincatch,LTC/USDT:USDT,109.67,181.1,109.66,301.7,109.72,106.9,109.73,149.3
1753769342725,06:09:02.725,coincatch,LTC/USDT:USDT,109.67,155.4,109.66,283.2,109.72,106.9,109.73,168.6
1753769343025,06:09:03.025,coincatch,LTC/USDT:USDT,109.67,121.9,109.66,279.8,109.72,290.5,109.73,218.1
1753769343625,06:09:03.625,coincatch,LTC/USDT:USDT,109.66,168.3,109.65,278.9,109.71,238.9,109.72,438.4
1753769343925,06:09:03.925,coincatch,LTC/USDT:USDT,109.66,142.7,109.65,212.9,109.71,302.8,109.72,336.0
1753769344226,06:09:04.226,coincatch,LTC/USDT:USDT,109.66,157.2,109.65,221.3,109.71,342.2,109.72,339.3
1753769344826,06:09:04.826,coincatch,LTC/USDT:USDT,109.66,197.8,109.65,243.2,109.71,181.2,109.72,265.9
1753769345126,06:09:05.126,coincatch,LTC/USDT:USDT,109.66,265.1,109.65,312.6,109.71,107.5,109.72,62.8
1753769345426,06:09:05.426,coincatch,LTC/USDT:USDT,109.66,286.2,109.65,342.0,109.71,107.5,109.72,62.8
1753769345727,06:09:05.727,coincatch,LTC/USDT:USDT,109.66,294.5,109.65,349.4,109.71,106.4,109.72,62.8
1753769346027,06:09:06.027,coincatch,LTC/USDT:USDT,109.66,312.9,109.65,349.4,109.71,106.4,109.72,62.8
1753769346327,06:09:06.327,coincatch,LTC/USDT:USDT,109.66,322.3,109.65,356.3,109.71,106.4,109.72,62.8
1753769346627,06:09:06.627,coincatch,LTC/USDT:USDT,109.66,290.2,109.65,339.1,109.71,106.4,109.72,106.6
1753769346927,06:09:06.927,coincatch,LTC/USDT:USDT,109.66,285.5,109.65,348.9,109.71,107.7,109.72,108.7
1753769347227,06:09:07.227,coincatch,LTC/USDT:USDT,109.66,319.8,109.65,347.5,109.71,118.1,109.72,108.7
1753769347528,06:09:07.528,coincatch,LTC/USDT:USDT,109.66,295.6,109.65,349.0,109.71,119.5,109.72,130.2
1753769347828,06:09:07.828,coincatch,LTC/USDT:USDT,109.66,293.6,109.65,352.0,109.71,118.3,109.72,108.7
1753769348428,06:09:08.428,coincatch,LTC/USDT:USDT,109.66,282.4,109.65,343.6,109.71,119.4,109.72,150.7
1753769348728,06:09:08.728,coincatch,LTC/USDT:USDT,109.66,275.2,109.65,322.1,109.71,124.3,109.72,167.8
1753769349029,06:09:09.029,coincatch,LTC/USDT:USDT,109.66,269.9,109.65,326.9,109.71,124.3,109.72,167.8
1753769349329,06:09:09.329,coincatch,LTC/USDT:USDT,109.66,276.3,109.65,348.4,109.71,124.3,109.72,148.6
1753769349629,06:09:09.629,coincatch,LTC/USDT:USDT,109.66,287.1,109.65,339.3,109.71,124.3,109.72,148.6
1753769349929,06:09:09.929,coincatch,LTC/USDT:USDT,109.66,260.6,109.65,328.6,109.71,124.3,109.72,148.6
1753769350229,06:09:10.229,coincatch,LTC/USDT:USDT,109.66,265.8,109.65,320.5,109.71,166.4,109.72,167.8
1753769350530,06:09:10.530,coincatch,LTC/USDT:USDT,109.66,268.1,109.65,328.6,109.71,166.4,109.72,148.6
1753769350830,06:09:10.830,coincatch,LTC/USDT:USDT,109.66,262.7,109.65,326.9,109.71,166.4,109.72,148.6
1753769351130,06:09:11.130,coincatch,LTC/USDT:USDT,109.66,278.5,109.65,356.6,109.71,124.7,109.72,148.6
1753769351430,06:09:11.430,coincatch,LTC/USDT:USDT,109.66,272.0,109.65,347.5,109.71,124.7,109.72,148.6
1753769351731,06:09:11.731,coincatch,LTC/USDT:USDT,109.66,257.7,109.65,339.0,109.71,124.7,109.72,149.7
1753769352031,06:09:12.031,coincatch,LTC/USDT:USDT,109.66,266.2,109.65,356.6,109.71,124.7,109.72,149.7
1753769352631,06:09:12.631,coincatch,LTC/USDT:USDT,109.66,288.4,109.65,355.3,109.71,124.7,109.72,2.0
1753769352931,06:09:12.931,coincatch,LTC/USDT:USDT,109.66,264.9,109.65,367.2,109.71,124.7,109.72,2.0
1753769353232,06:09:13.232,coincatch,LTC/USDT:USDT,109.66,301.6,109.65,373.9,109.71,124.7,109.72,2.0
1753769353832,06:09:13.832,coincatch,LTC/USDT:USDT,109.66,300.5,109.65,384.1,109.71,124.7,109.72,2.0
1753769354132,06:09:14.132,coincatch,LTC/USDT:USDT,109.67,282.2,109.66,319.4,109.72,92.3,109.73,130.3
1753769354432,06:09:14.432,coincatch,LTC/USDT:USDT,109.67,253.3,109.66,297.5,109.72,92.3,109.73,130.3
1753769354733,06:09:14.733,coincatch,LTC/USDT:USDT,109.67,253.3,109.66,298.8,109.72,92.3,109.73,130.3
1753769355033,06:09:15.033,coincatch,LTC/USDT:USDT,109.67,260.2,109.66,298.8,109.72,90.3,109.73,105.6
1753769355333,06:09:15.333,coincatch,LTC/USDT:USDT,109.69,267.4,109.68,347.1,109.74,20.3,109.75,185.8
1753769355633,06:09:15.633,coincatch,LTC/USDT:USDT,109.69,334.2,109.68,354.8,109.74,20.3,109.75,196.0
1753769355934,06:09:15.934,coincatch,LTC/USDT:USDT,109.69,322.0,109.68,344.8,109.74,84.5,109.75,201.5
1753769356234,06:09:16.234,coincatch,LTC/USDT:USDT,109.69,337.8,109.68,343.2,109.74,84.5,109.75,201.5
1753769356534,06:09:16.534,coincatch,LTC/USDT:USDT,109.7,217.7,109.69,310.6,109.75,237.2,109.76,128.4
1753769356834,06:09:16.834,coincatch,LTC/USDT:USDT,109.7,238.7,109.69,312.5,109.75,237.2,109.76,123.3
1753769357135,06:09:17.135,coincatch,LTC/USDT:USDT,109.7,199.0,109.69,296.4,109.75,237.2,109.76,158.0
1753769357435,06:09:17.435,coincatch,LTC/USDT:USDT,109.7,199.0,109.69,311.4,109.75,237.2,109.76,123.3
1753769358036,06:09:18.036,coincatch,LTC/USDT:USDT,109.7,132.0,109.69,282.3,109.75,195.7,109.76,135.5
1753769358336,06:09:18.336,coincatch,LTC/USDT:USDT,109.7,136.2,109.69,283.3,109.75,195.7,109.76,132.3
1753769358636,06:09:18.636,coincatch,LTC/USDT:USDT,109.7,136.2,109.69,286.8,109.75,195.7,109.76,123.2
1753769358936,06:09:18.936,coincatch,LTC/USDT:USDT,109.7,142.5,109.69,295.2,109.75,195.7,109.76,133.9
1753769359236,06:09:19.236,coincatch,LTC/USDT:USDT,109.7,149.9,109.69,294.0,109.75,195.7,109.76,133.9
1753769359837,06:09:19.837,coincatch,LTC/USDT:USDT,109.7,182.8,109.69,308.0,109.75,111.7,109.76,233.9
1753769360137,06:09:20.137,coincatch,LTC/USDT:USDT,109.71,324.8,109.7,352.1,109.76,2.2,109.77,20.1
1753769360437,06:09:20.437,coincatch,LTC/USDT:USDT,109.73,182.6,109.72,348.6,109.78,73.4,109.79,154.9
1753769360738,06:09:20.738,coincatch,LTC/USDT:USDT,109.73,197.8,109.72,361.2,109.78,73.4,109.79,131.1
1753769361038,06:09:21.038,coincatch,LTC/USDT:USDT,109.73,215.9,109.72,375.2,109.78,3.2,109.79,173.1
1753769361338,06:09:21.338,coincatch,LTC/USDT:USDT,109.73,229.6,109.72,388.5,109.78,3.2,109.79,26.2
1753769361638,06:09:21.638,coincatch,LTC/USDT:USDT,109.74,306.3,109.73,277.1,109.79,14.9,109.8,80.8
1753769361938,06:09:21.938,coincatch,LTC/USDT:USDT,109.74,293.5,109.73,259.2,109.79,14.9,109.8,101.9
1753769362238,06:09:22.238,coincatch,LTC/USDT:USDT,109.74,119.2,109.73,273.0,109.79,199.9,109.8,160.5
1753769362539,06:09:22.539,coincatch,LTC/USDT:USDT,109.74,191.0,109.73,264.2,109.79,204.7,109.8,166.0
1753769362839,06:09:22.839,coincatch,LTC/USDT:USDT,109.74,189.4,109.73,278.4,109.79,204.7,109.8,137.8
1753769363139,06:09:23.139,coincatch,LTC/USDT:USDT,109.74,189.4,109.73,277.3,109.79,246.7,109.8,137.8
1753769363440,06:09:23.440,coincatch,LTC/USDT:USDT,109.74,189.4,109.73,260.2,109.79,247.8,109.8,166.5
1753769363740,06:09:23.740,coincatch,LTC/USDT:USDT,109.74,190.5,109.73,277.3,109.79,250.0,109.8,138.3
1753769364040,06:09:24.040,coincatch,LTC/USDT:USDT,109.74,192.0,109.73,258.6,109.79,250.0,109.8,155.2
1753769364340,06:09:24.340,coincatch,LTC/USDT:USDT,109.74,121.1,109.73,246.1,109.79,251.1,109.8,202.4
1753769364640,06:09:24.640,coincatch,LTC/USDT:USDT,109.74,125.5,109.73,247.8,109.79,251.1,109.8,206.5
1753769364941,06:09:24.941,coincatch,LTC/USDT:USDT,109.73,214.3,109.72,321.2,109.78,196.2,109.79,392.1
1753769365241,06:09:25.241,coincatch,LTC/USDT:USDT,109.73,246.3,109.72,366.9,109.78,83.4,109.79,301.9
1753769365541,06:09:25.541,coincatch,LTC/USDT:USDT,109.73,245.4,109.72,369.8,109.78,83.4,109.79,301.9
1753769365841,06:09:25.841,coincatch,LTC/USDT:USDT,109.73,195.2,109.72,342.7,109.78,190.5,109.79,358.3
1753769366141,06:09:26.141,coincatch,LTC/USDT:USDT,109.73,206.9,109.72,342.7,109.78,232.5,109.79,339.0
1753769366442,06:09:26.442,coincatch,LTC/USDT:USDT,109.72,267.7,109.71,373.5,109.77,128.6,109.78,360.8
1753769366742,06:09:26.742,coincatch,LTC/USDT:USDT,109.72,170.9,109.71,297.6,109.77,137.8,109.78,365.3
1753769367042,06:09:27.042,coincatch,LTC/USDT:USDT,109.72,155.9,109.71,300.5,109.77,188.3,109.78,356.7
1753769367342,06:09:27.342,coincatch,LTC/USDT:USDT,109.71,227.4,109.7,340.0,109.76,81.5,109.77,277.1
1753769367642,06:09:27.642,coincatch,LTC/USDT:USDT,109.71,213.1,109.7,353.3,109.76,96.7,109.77,265.8
1753769367943,06:09:27.943,coincatch,LTC/USDT:USDT,109.71,213.1,109.7,353.3,109.76,103.4,109.77,261.8
1753769368242,06:09:28.242,coincatch,LTC/USDT:USDT,109.71,201.5,109.7,353.3,109.76,103.4,109.77,229.5
1753769368543,06:09:28.543,coincatch,LTC/USDT:USDT,109.71,171.0,109.7,275.7,109.76,190.6,109.77,294.7
1753769368843,06:09:28.843,coincatch,LTC/USDT:USDT,109.71,177.9,109.7,266.8,109.76,158.3,109.77,294.7
1753769369143,06:09:29.143,coincatch,LTC/USDT:USDT,109.71,165.6,109.7,210.3,109.76,181.0,109.77,200.9
1753769369444,06:09:29.444,coincatch,LTC/USDT:USDT,109.71,170.2,109.7,225.7,109.76,181.0,109.77,191.3
1753769369744,06:09:29.744,coincatch,LTC/USDT:USDT,109.71,165.9,109.7,231.3,109.76,181.0,109.77,191.3
1753769370044,06:09:30.044,coincatch,LTC/USDT:USDT,109.71,162.9,109.7,237.7,109.76,181.0,109.77,191.3
1753769370344,06:09:30.344,coincatch,LTC/USDT:USDT,109.71,179.8,109.7,237.7,109.76,181.0,109.77,175.2
1753769370644,06:09:30.644,coincatch,LTC/USDT:USDT,109.71,175.4,109.7,217.5,109.76,182.5,109.77,201.5
1753769370945,06:09:30.945,coincatch,LTC/USDT:USDT,109.71,179.8,109.7,217.5,109.76,182.5,109.77,201.5
1753769371245,06:09:31.245,coincatch,LTC/USDT:USDT,109.69,205.3,109.68,324.3,109.74,75.3,109.75,251.2
1753769371545,06:09:31.545,coincatch,LTC/USDT:USDT,109.69,222.6,109.68,379.8,109.74,87.2,109.75,188.7
1753769371845,06:09:31.845,coincatch,LTC/USDT:USDT,109.69,184.1,109.68,373.5,109.74,216.2,109.75,231.8
1753769372145,06:09:32.145,coincatch,LTC/USDT:USDT,109.69,173.9,109.68,373.5,109.74,195.3,109.75,231.8
1753769372446,06:09:32.446,coincatch,LTC/USDT:USDT,109.69,158.6,109.68,211.3,109.74,258.0,109.75,268.4
1753769372746,06:09:32.746,coincatch,LTC/USDT:USDT,109.67,233.9,109.66,326.4,109.72,155.1,109.73,273.6
1753769373046,06:09:33.046,coincatch,LTC/USDT:USDT,109.67,162.5,109.66,346.6,109.72,162.0,109.73,290.3
1753769373346,06:09:33.346,coincatch,LTC/USDT:USDT,109.67,213.0,109.66,364.5,109.72,22.5,109.73,238.8
1753769373646,06:09:33.646,coincatch,LTC/USDT:USDT,109.67,213.0,109.66,365.1,109.72,25.7,109.73,238.8
1753769373947,06:09:33.947,coincatch,LTC/USDT:USDT,109.67,213.0,109.66,349.3,109.72,25.7,109.73,280.8
1753769374547,06:09:34.547,coincatch,LTC/USDT:USDT,109.67,131.0,109.66,272.0,109.72,172.0,109.73,326.3
1753769375147,06:09:35.147,coincatch,LTC/USDT:USDT,109.67,131.0,109.66,268.2,109.72,171.9,109.73,337.3
1753769375448,06:09:35.448,coincatch,LTC/USDT:USDT,109.67,152.3,109.66,274.9,109.72,114.5,109.73,281.0
1753769375748,06:09:35.748,coincatch,LTC/USDT:USDT,109.67,176.1,109.66,274.9,109.72,114.5,109.73,281.0
1753769376048,06:09:36.048,coincatch,LTC/USDT:USDT,109.67,172.9,109.66,267.4,109.72,118.8,109.73,332.6
1753769376348,06:09:36.348,coincatch,LTC/USDT:USDT,109.67,161.2,109.66,266.2,109.72,118.8,109.73,332.6
1753769376648,06:09:36.648,coincatch,LTC/USDT:USDT,109.67,172.9,109.66,267.8,109.72,118.8,109.73,332.6
1753769376949,06:09:36.949,coincatch,LTC/USDT:USDT,109.67,172.9,109.66,267.8,109.72,121.3,109.73,332.6
1753769377249,06:09:37.249,coincatch,LTC/USDT:USDT,109.67,172.9,109.66,266.2,109.72,121.3,109.73,332.6
1753769377549,06:09:37.549,coincatch,LTC/USDT:USDT,109.67,130.2,109.66,266.2,109.72,195.2,109.73,337.3
1753769377849,06:09:37.849,coincatch,LTC/USDT:USDT,109.67,130.2,109.66,266.2,109.72,141.5,109.73,332.6
1753769378149,06:09:38.149,coincatch,LTC/USDT:USDT,109.67,142.4,109.66,266.2,109.72,141.5,109.73,332.6
1753769378450,06:09:38.450,coincatch,LTC/USDT:USDT,109.67,131.1,109.66,266.2,109.72,140.4,109.73,332.6
1753769378750,06:09:38.750,coincatch,LTC/USDT:USDT,109.67,130.7,109.66,252.3,109.72,140.4,109.73,332.6
1753769379050,06:09:39.050,coincatch,LTC/USDT:USDT,109.66,225.7,109.65,276.6,109.71,254.2,109.72,261.3
1753769379350,06:09:39.350,coincatch,LTC/USDT:USDT,109.66,154.1,109.65,265.5,109.71,259.4,109.72,246.7
1753769379951,06:09:39.951,coincatch,LTC/USDT:USDT,109.65,203.4,109.64,369.6,109.7,137.2,109.71,287.0
1753769380251,06:09:40.251,coincatch,LTC/USDT:USDT,109.65,211.2,109.64,376.6,109.7,149.4,109.71,255.8
1753769380551,06:09:40.551,coincatch,LTC/USDT:USDT,109.65,223.3,109.64,376.6,109.7,149.4,109.71,275.1
1753769380851,06:09:40.851,coincatch,LTC/USDT:USDT,109.65,224.4,109.64,377.4,109.7,149.4,109.71,223.6
1753769381151,06:09:41.151,coincatch,LTC/USDT:USDT,109.65,243.9,109.64,396.5,109.7,41.9,109.71,223.6
1753769381452,06:09:41.452,coincatch,LTC/USDT:USDT,109.65,243.9,109.64,387.4,109.7,41.9,109.71,223.6
1753769381752,06:09:41.752,coincatch,LTC/USDT:USDT,109.65,258.3,109.64,397.9,109.7,44.6,109.71,223.6
1753769382352,06:09:42.352,coincatch,LTC/USDT:USDT,109.65,218.5,109.64,411.3,109.7,46.8,109.71,255.8
1753769382652,06:09:42.652,coincatch,LTC/USDT:USDT,109.65,228.5,109.64,409.5,109.7,46.8,109.71,255.8
1753769382953,06:09:42.953,coincatch,LTC/USDT:USDT,109.65,228.5,109.64,403.0,109.7,46.8,109.71,317.1
1753769383253,06:09:43.253,coincatch,LTC/USDT:USDT,109.65,228.5,109.64,403.0,109.7,46.8,109.71,317.1
1753769383553,06:09:43.553,coincatch,LTC/USDT:USDT,109.65,228.5,109.64,409.5,109.7,49.5,109.71,297.8
1753769383853,06:09:43.853,coincatch,LTC/USDT:USDT,109.65,230.9,109.64,407.7,109.7,49.5,109.71,317.1
1753769384153,06:09:44.153,coincatch,LTC/USDT:USDT,109.65,238.9,109.64,416.8,109.7,49.5,109.71,265.6
1753769384454,06:09:44.454,coincatch,LTC/USDT:USDT,109.65,240.5,109.64,416.8,109.7,49.5,109.71,265.6
1753769384754,06:09:44.754,coincatch,LTC/USDT:USDT,109.65,238.7,109.64,426.4,109.7,49.5,109.71,161.8
1753769385054,06:09:45.054,coincatch,LTC/USDT:USDT,109.68,274.0,109.67,251.9,109.73,87.9,109.74,114.5
1753769385354,06:09:45.354,coincatch,LTC/USDT:USDT,109.68,291.3,109.67,315.3,109.73,87.9,109.74,196.6
1753769385654,06:09:45.654,coincatch,LTC/USDT:USDT,109.68,293.6,109.67,319.0,109.73,87.9,109.74,196.6
1753769385955,06:09:45.955,coincatch,LTC/USDT:USDT,109.68,295.4,109.67,317.2,109.73,87.9,109.74,196.6
1753769386255,06:09:46.255,coincatch,LTC/USDT:USDT,109.68,179.1,109.67,294.8,109.73,150.2,109.74,228.8
1753769386555,06:09:46.555,coincatch,LTC/USDT:USDT,109.68,137.6,109.67,219.1,109.73,150.2,109.74,265.1
1753769386855,06:09:46.855,coincatch,LTC/USDT:USDT,109.68,67.2,109.67,191.2,109.73,210.2,109.74,252.0
1753769387155,06:09:47.155,coincatch,LTC/USDT:USDT,109.68,83.6,109.67,193.0,109.73,218.4,109.74,250.9
1753769387456,06:09:47.456,coincatch,LTC/USDT:USDT,109.68,93.7,109.67,193.0,109.73,218.4,109.74,250.9
1753769387756,06:09:47.756,coincatch,LTC/USDT:USDT,109.67,112.5,109.66,349.0,109.72,308.0,109.73,366.9
1753769388056,06:09:48.056,coincatch,LTC/USDT:USDT,109.67,183.4,109.66,342.8,109.72,222.9,109.73,273.1
1753769388356,06:09:48.356,coincatch,LTC/USDT:USDT,109.67,209.9,109.66,373.9,109.72,12.4,109.73,127.5
1753769388656,06:09:48.656,coincatch,LTC/USDT:USDT,109.68,259.5,109.67,271.9,109.73,65.8,109.74,207.3
1753769388956,06:09:48.956,coincatch,LTC/USDT:USDT,109.68,261.5,109.67,271.9,109.73,65.8,109.74,249.3
1753769389257,06:09:49.257,coincatch,LTC/USDT:USDT,109.68,261.5,109.67,271.9,109.73,65.8,109.74,249.3
1753769389557,06:09:49.557,coincatch,LTC/USDT:USDT,109.68,270.2,109.67,280.6,109.73,55.5,109.74,248.2
1753769389857,06:09:49.857,coincatch,LTC/USDT:USDT,109.68,264.1,109.67,277.7,109.73,55.5,109.74,248.2
1753769390157,06:09:50.157,coincatch,LTC/USDT:USDT,109.68,263.9,109.67,270.2,109.73,2.8,109.74,205.6
1753769390457,06:09:50.457,coincatch,LTC/USDT:USDT,109.69,171.1,109.68,205.6,109.74,170.0,109.75,120.5
1753769390758,06:09:50.758,coincatch,LTC/USDT:USDT,109.69,176.1,109.68,226.0,109.74,126.5,109.75,92.4
1753769391058,06:09:51.058,coincatch,LTC/USDT:USDT,109.69,176.1,109.68,220.6,109.74,126.5,109.75,86.5
1753769391358,06:09:51.358,coincatch,LTC/USDT:USDT,109.69,176.1,109.68,242.4,109.74,126.5,109.75,86.5
1753769391658,06:09:51.658,coincatch,LTC/USDT:USDT,109.69,118.7,109.68,220.7,109.74,168.5,109.75,108.8
1753769391958,06:09:51.958,coincatch,LTC/USDT:USDT,109.69,84.2,109.68,223.2,109.74,212.0,109.75,133.3
1753769392259,06:09:52.259,coincatch,LTC/USDT:USDT,109.69,95.9,109.68,212.4,109.74,212.0,109.75,139.9
1753769392559,06:09:52.559,coincatch,LTC/USDT:USDT,109.69,67.8,109.68,212.1,109.74,287.4,109.75,166.8
1753769392859,06:09:52.859,coincatch,LTC/USDT:USDT,109.68,209.2,109.67,284.3,109.73,92.5,109.74,315.7
1753769393159,06:09:53.159,coincatch,LTC/USDT:USDT,109.68,157.2,109.67,261.8,109.73,190.9,109.74,315.7
1753769393760,06:09:53.760,coincatch,LTC/USDT:USDT,109.66,191.8,109.65,302.6,109.71,240.5,109.72,365.2
1753769394060,06:09:54.060,coincatch,LTC/USDT:USDT,109.66,198.1,109.65,281.5,109.71,188.2,109.72,365.2
1753769394360,06:09:54.360,coincatch,LTC/USDT:USDT,109.66,175.4,109.65,263.4,109.71,188.2,109.72,363.1
1753769394660,06:09:54.660,coincatch,LTC/USDT:USDT,109.66,175.4,109.65,263.4,109.71,190.0,109.72,363.1
1753769394960,06:09:54.960,coincatch,LTC/USDT:USDT,109.66,201.8,109.65,283.8,109.71,116.8,109.72,283.2
1753769395260,06:09:55.260,coincatch,LTC/USDT:USDT,109.66,196.2,109.65,285.6,109.71,116.8,109.72,283.2
1753769395561,06:09:55.561,coincatch,LTC/USDT:USDT,109.66,196.4,109.65,284.0,109.71,118.3,109.72,291.6
1753769395861,06:09:55.861,coincatch,LTC/USDT:USDT,109.66,196.4,109.65,298.4,109.71,118.3,109.72,272.3
1753769396161,06:09:56.161,coincatch,LTC/USDT:USDT,109.66,186.9,109.65,281.0,109.71,118.3,109.72,323.8
