timestamp,time,exchange,symbol,bid1_price,bid1_volume,bid2_price,bid2_volume,ask1_price,ask1_volume,ask2_price,ask2_volume
1753769299101,06:08:19.101,binanceusdm,BTC/USDT:USDT,118773.7,0.115,118773.3,0.002,118773.8,31.924,118773.9,1.04
1753769299202,06:08:19.202,binanceusdm,BTC/USDT:USDT,118773.7,0.128,118773.3,0.002,118773.8,30.733,118773.9,0.892
1753769299304,06:08:19.304,binanceusdm,BTC/USDT:USDT,118773.7,0.078,118773.3,0.002,118773.8,33.35,118773.9,1.238
1753769299405,06:08:19.405,binanceusdm,BTC/USDT:USDT,118773.7,0.132,118773.6,0.006,118773.8,31.17,118773.9,1.238
1753769299506,06:08:19.506,binanceusdm,BTC/USDT:USDT,118773.7,0.154,118773.6,0.006,118773.8,31.154,118773.9,1.238
1753769299607,06:08:19.607,binanceusdm,BTC/USDT:USDT,118773.7,0.159,118773.6,0.006,118773.8,31.154,118773.9,1.238
1753769300119,06:08:20.119,binanceusdm,BTC/USDT:USDT,118772.1,0.138,118772.0,0.034,118772.2,29.072,118772.3,0.975
1753769300220,06:08:20.220,binanceusdm,BTC/USDT:USDT,118772.1,0.14,118772.0,0.034,118772.2,28.283,118772.3,0.748
1753769300323,06:08:20.323,binanceusdm,BTC/USDT:USDT,118772.1,0.14,118772.0,0.034,118772.2,28.334,118772.3,0.75
1753769300426,06:08:20.426,binanceusdm,BTC/USDT:USDT,118772.1,0.146,118772.0,0.034,118772.2,28.721,118772.3,0.754
1753769300528,06:08:20.528,binanceusdm,BTC/USDT:USDT,118772.1,0.161,118772.0,0.034,118772.2,29.371,118772.3,0.752
1753769300631,06:08:20.631,binanceusdm,BTC/USDT:USDT,118772.1,0.161,118772.0,0.034,118772.2,28.819,118772.3,0.752
1753769300734,06:08:20.734,binanceusdm,BTC/USDT:USDT,118772.1,0.098,118772.0,0.034,118772.2,29.401,118772.3,0.752
1753769300936,06:08:20.936,binanceusdm,BTC/USDT:USDT,118772.1,0.132,118772.0,0.034,118772.2,28.834,118772.3,0.752
1753769301242,06:08:21.242,binanceusdm,BTC/USDT:USDT,118772.1,0.146,118772.0,0.034,118772.2,29.088,118772.3,0.656
1753769301344,06:08:21.344,binanceusdm,BTC/USDT:USDT,118771.8,0.001,118771.7,0.242,118771.9,3.736,118772.1,5.806
1753769301445,06:08:21.445,binanceusdm,BTC/USDT:USDT,118771.7,0.248,118771.6,0.002,118771.8,38.902,118771.9,0.946
1753769301546,06:08:21.546,binanceusdm,BTC/USDT:USDT,118771.7,0.249,118771.6,0.002,118771.8,37.248,118771.9,0.945
1753769301647,06:08:21.647,binanceusdm,BTC/USDT:USDT,118771.7,0.249,118771.6,0.006,118771.8,37.52,118771.9,0.945
1753769301748,06:08:21.748,binanceusdm,BTC/USDT:USDT,118771.7,0.121,118771.6,0.006,118771.8,36.417,118771.9,1.262
1753769301850,06:08:21.850,binanceusdm,BTC/USDT:USDT,118771.7,0.121,118771.6,0.006,118771.8,36.421,118771.9,1.262
1753769301951,06:08:21.951,binanceusdm,BTC/USDT:USDT,118771.7,0.118,118771.6,0.006,118771.8,37.043,118771.9,1.262
1753769302054,06:08:22.054,binanceusdm,BTC/USDT:USDT,118771.7,0.118,118771.6,0.006,118771.8,37.043,118771.9,1.264
1753769302562,06:08:22.562,binanceusdm,BTC/USDT:USDT,118770.3,0.163,118770.2,0.045,118770.4,33.005,118770.5,0.006
1753769302663,06:08:22.663,binanceusdm,BTC/USDT:USDT,118770.3,0.163,118770.2,0.045,118770.4,32.635,118770.5,0.006
1753769302765,06:08:22.765,binanceusdm,BTC/USDT:USDT,118770.3,0.163,118770.2,0.045,118770.4,33.257,118770.5,0.006
1753769302868,06:08:22.868,binanceusdm,BTC/USDT:USDT,118770.3,0.163,118770.2,0.045,118770.4,32.204,118770.5,0.006
1753769302971,06:08:22.971,binanceusdm,BTC/USDT:USDT,118770.3,0.161,118770.2,0.045,118770.4,32.759,118770.5,0.006
1753769303073,06:08:23.073,binanceusdm,BTC/USDT:USDT,118770.3,0.11,118770.2,0.045,118770.4,32.859,118770.5,0.008
1753769303788,06:08:23.788,binanceusdm,BTC/USDT:USDT,118770.3,0.162,118770.2,0.045,118770.4,32.408,118770.5,0.008
1753769303992,06:08:23.992,binanceusdm,BTC/USDT:USDT,118770.3,0.174,118770.2,0.045,118770.4,32.402,118770.5,0.008
1753769304094,06:08:24.094,binanceusdm,BTC/USDT:USDT,118770.3,0.174,118770.2,0.045,118770.4,32.645,118770.5,0.008
1753769304197,06:08:24.197,binanceusdm,BTC/USDT:USDT,118770.3,0.174,118770.2,0.045,118770.4,32.645,118770.5,0.008
1753769304300,06:08:24.300,binanceusdm,BTC/USDT:USDT,118770.3,0.174,118770.2,0.045,118770.4,32.645,118770.5,0.008
1753769304402,06:08:24.402,binanceusdm,BTC/USDT:USDT,118770.3,0.178,118770.2,0.045,118770.4,32.645,118770.5,0.01
1753769304610,06:08:24.610,binanceusdm,BTC/USDT:USDT,118770.3,0.238,118770.2,0.045,118770.4,32.683,118770.5,0.008
1753769304714,06:08:24.714,binanceusdm,BTC/USDT:USDT,118770.3,0.238,118770.2,0.045,118770.4,32.682,118770.5,0.008
1753769304817,06:08:24.817,binanceusdm,BTC/USDT:USDT,118770.3,0.238,118770.2,0.045,118770.4,32.682,118770.5,0.008
1753769305733,06:08:25.733,binanceusdm,BTC/USDT:USDT,118770.3,11.495,118770.2,0.043,118770.4,14.197,118770.5,0.004
1753769305834,06:08:25.834,binanceusdm,BTC/USDT:USDT,118770.3,11.453,118770.2,0.043,118770.4,13.276,118770.5,0.004
1753769306037,06:08:26.037,binanceusdm,BTC/USDT:USDT,118770.3,12.132,118770.2,0.043,118770.4,13.312,118770.5,0.004
1753769306138,06:08:26.138,binanceusdm,BTC/USDT:USDT,118770.3,11.717,118770.2,0.048,118770.4,13.311,118770.5,0.004
1753769306240,06:08:26.240,binanceusdm,BTC/USDT:USDT,118770.3,11.081,118770.2,0.048,118770.4,13.296,118770.5,0.004
1753769306341,06:08:26.341,binanceusdm,BTC/USDT:USDT,118770.3,9.512,118770.2,0.048,118770.4,13.296,118770.5,0.004
1753769306443,06:08:26.443,binanceusdm,BTC/USDT:USDT,118770.3,9.261,118770.2,0.048,118770.4,13.275,118770.5,0.004
1753769306547,06:08:26.547,binanceusdm,BTC/USDT:USDT,118770.3,9.303,118770.2,0.048,118770.4,13.235,118770.5,0.004
1753769306648,06:08:26.648,binanceusdm,BTC/USDT:USDT,118770.3,9.56,118770.2,0.048,118770.4,13.237,118770.5,0.004
1753769306749,06:08:26.749,binanceusdm,BTC/USDT:USDT,118770.3,9.403,118770.2,0.048,118770.4,13.237,118770.5,0.004
1753769306850,06:08:26.850,binanceusdm,BTC/USDT:USDT,118770.3,9.107,118770.2,0.048,118770.4,13.237,118770.5,0.004
1753769306954,06:08:26.954,binanceusdm,BTC/USDT:USDT,118770.3,9.633,118770.2,0.048,118770.4,12.319,118770.5,0.004
1753769307158,06:08:27.158,binanceusdm,BTC/USDT:USDT,118770.3,8.976,118770.2,0.048,118770.4,12.725,118770.5,0.004
1753769307362,06:08:27.362,binanceusdm,BTC/USDT:USDT,118770.3,8.988,118770.2,0.048,118770.4,12.776,118770.5,0.004
1753769307771,06:08:27.771,binanceusdm,BTC/USDT:USDT,118770.3,8.979,118770.2,0.048,118770.4,12.759,118770.5,0.004
1753769307873,06:08:27.873,binanceusdm,BTC/USDT:USDT,118770.3,8.979,118770.2,0.048,118770.4,12.759,118770.5,0.004
1753769307976,06:08:27.976,binanceusdm,BTC/USDT:USDT,118770.3,8.979,118770.2,0.048,118770.4,12.76,118770.5,0.004
1753769308079,06:08:28.079,binanceusdm,BTC/USDT:USDT,118770.3,8.981,118770.2,0.048,118770.4,12.749,118770.5,0.004
1753769308181,06:08:28.181,binanceusdm,BTC/USDT:USDT,118770.3,8.981,118770.2,0.049,118770.4,12.749,118770.5,0.006
1753769308282,06:08:28.282,binanceusdm,BTC/USDT:USDT,118770.3,9.016,118770.2,0.049,118770.4,12.749,118770.5,0.006
1753769308383,06:08:28.383,binanceusdm,BTC/USDT:USDT,118770.3,6.377,118770.2,0.049,118770.4,14.787,118770.5,0.01
1753769308484,06:08:28.484,binanceusdm,BTC/USDT:USDT,118770.3,5.661,118770.2,0.049,118770.4,14.787,118770.5,0.01
1753769308587,06:08:28.587,binanceusdm,BTC/USDT:USDT,118770.3,5.553,118770.2,0.049,118770.4,14.788,118770.5,0.012
1753769308688,06:08:28.688,binanceusdm,BTC/USDT:USDT,118770.3,4.837,118770.2,0.049,118770.4,14.82,118770.5,0.01
1753769308790,06:08:28.790,binanceusdm,BTC/USDT:USDT,118770.3,4.737,118770.2,0.049,118770.4,15.116,118770.5,0.01
1753769308891,06:08:28.891,binanceusdm,BTC/USDT:USDT,118770.3,4.737,118770.2,0.049,118770.4,14.841,118770.5,0.01
1753769308993,06:08:28.993,binanceusdm,BTC/USDT:USDT,118770.3,4.675,118770.2,0.049,118770.4,14.841,118770.5,0.01
1753769309095,06:08:29.095,binanceusdm,BTC/USDT:USDT,118770.3,4.681,118770.2,0.049,118770.4,14.809,118770.5,0.01
1753769309706,06:08:29.706,binanceusdm,BTC/USDT:USDT,118770.3,6.096,118770.2,0.133,118770.4,13.632,118770.5,0.006
1753769309809,06:08:29.809,binanceusdm,BTC/USDT:USDT,118770.3,6.096,118770.2,0.133,118770.4,13.632,118770.5,0.006
1753769309912,06:08:29.912,binanceusdm,BTC/USDT:USDT,118770.3,6.096,118770.2,0.133,118770.4,13.632,118770.5,0.006
1753769310014,06:08:30.014,binanceusdm,BTC/USDT:USDT,118770.3,6.096,118770.2,0.133,118770.4,13.632,118770.5,0.006
1753769311543,06:08:31.543,binanceusdm,BTC/USDT:USDT,118770.3,8.073,118770.2,0.14,118770.4,12.971,118770.5,0.015
1753769311646,06:08:31.646,binanceusdm,BTC/USDT:USDT,118770.3,7.536,118770.2,0.14,118770.4,12.971,118770.5,0.015
1753769311750,06:08:31.750,binanceusdm,BTC/USDT:USDT,118770.3,7.536,118770.2,0.14,118770.4,12.971,118770.5,0.015
1753769311852,06:08:31.852,binanceusdm,BTC/USDT:USDT,118770.3,8.073,118770.2,0.14,118770.4,12.937,118770.5,0.015
1753769311954,06:08:31.954,binanceusdm,BTC/USDT:USDT,118770.3,7.48,118770.2,0.14,118770.4,12.937,118770.5,0.015
1753769312055,06:08:32.055,binanceusdm,BTC/USDT:USDT,118770.3,7.393,118770.2,0.055,118770.4,12.934,118770.5,0.015
1753769312157,06:08:32.157,binanceusdm,BTC/USDT:USDT,118770.3,6.854,118770.2,0.055,118770.4,12.938,118770.5,0.015
1753769312260,06:08:32.260,binanceusdm,BTC/USDT:USDT,118770.3,6.326,118770.2,0.055,118770.4,12.938,118770.5,0.015
1753769312362,06:08:32.362,binanceusdm,BTC/USDT:USDT,118770.3,6.329,118770.2,0.055,118770.4,12.938,118770.5,0.015
1753769312464,06:08:32.464,binanceusdm,BTC/USDT:USDT,118770.3,6.33,118770.2,0.055,118770.4,12.935,118770.5,0.015
1753769312566,06:08:32.566,binanceusdm,BTC/USDT:USDT,118770.3,7.536,118770.2,0.055,118770.4,12.878,118770.5,0.015
1753769312668,06:08:32.668,binanceusdm,BTC/USDT:USDT,118770.3,7.536,118770.2,0.055,118770.4,12.878,118770.5,0.015
1753769312771,06:08:32.771,binanceusdm,BTC/USDT:USDT,118770.3,7.576,118770.2,0.055,118770.4,12.883,118770.5,0.015
1753769313282,06:08:33.282,binanceusdm,BTC/USDT:USDT,118770.3,7.671,118770.2,0.055,118770.4,12.897,118770.5,0.015
1753769313385,06:08:33.385,binanceusdm,BTC/USDT:USDT,118770.3,7.463,118770.2,0.055,118770.4,12.898,118770.5,0.015
1753769313488,06:08:33.488,binanceusdm,BTC/USDT:USDT,118770.3,7.006,118770.2,0.055,118770.4,12.898,118770.5,0.015
1753769313590,06:08:33.590,binanceusdm,BTC/USDT:USDT,118770.3,7.003,118770.2,0.055,118770.4,12.898,118770.5,0.015
1753769313693,06:08:33.693,binanceusdm,BTC/USDT:USDT,118770.3,7.003,118770.2,0.055,118770.4,12.899,118770.5,0.015
1753769313797,06:08:33.797,binanceusdm,BTC/USDT:USDT,118770.3,7.708,118770.2,0.055,118770.4,12.899,118770.5,0.015
1753769313898,06:08:33.898,binanceusdm,BTC/USDT:USDT,118770.3,8.007,118770.2,0.055,118770.4,12.899,118770.5,0.015
1753769313999,06:08:33.999,binanceusdm,BTC/USDT:USDT,118770.3,7.576,118770.2,0.055,118770.4,12.899,118770.5,0.015
1753769314102,06:08:34.102,binanceusdm,BTC/USDT:USDT,118770.3,8.26,118770.2,0.055,118770.4,12.899,118770.5,0.015
1753769314203,06:08:34.203,binanceusdm,BTC/USDT:USDT,118770.3,8.26,118770.2,0.055,118770.4,12.899,118770.5,0.015
1753769314304,06:08:34.304,binanceusdm,BTC/USDT:USDT,118770.3,8.26,118770.2,0.055,118770.4,12.899,118770.5,0.015
1753769314506,06:08:34.506,binanceusdm,BTC/USDT:USDT,118770.3,7.646,118770.2,0.055,118770.4,12.9,118770.5,0.015
1753769314611,06:08:34.611,binanceusdm,BTC/USDT:USDT,118770.3,7.625,118770.2,0.055,118770.4,12.9,118770.5,0.015
1753769314714,06:08:34.714,binanceusdm,BTC/USDT:USDT,118770.3,7.633,118770.2,0.055,118770.4,12.897,118770.5,0.015
1753769314816,06:08:34.816,binanceusdm,BTC/USDT:USDT,118770.3,7.633,118770.2,0.055,118770.4,12.897,118770.5,0.015
1753769314917,06:08:34.917,binanceusdm,BTC/USDT:USDT,118770.3,8.226,118770.2,0.055,118770.4,12.897,118770.5,0.015
1753769315018,06:08:35.018,binanceusdm,BTC/USDT:USDT,118770.3,8.819,118770.2,0.055,118770.4,12.897,118770.5,0.015
1753769315119,06:08:35.119,binanceusdm,BTC/USDT:USDT,118770.3,8.819,118770.2,0.055,118770.4,12.897,118770.5,0.015
1753769315220,06:08:35.220,binanceusdm,BTC/USDT:USDT,118770.3,7.643,118770.2,0.055,118770.4,12.888,118770.5,0.015
1753769315322,06:08:35.322,binanceusdm,BTC/USDT:USDT,118770.3,8.236,118770.2,0.055,118770.4,12.889,118770.5,0.015
1753769315424,06:08:35.424,binanceusdm,BTC/USDT:USDT,118770.3,8.34,118770.2,0.055,118770.4,12.889,118770.5,0.015
1753769315525,06:08:35.525,binanceusdm,BTC/USDT:USDT,118770.3,7.755,118770.2,0.055,118770.4,12.889,118770.5,0.015
1753769315628,06:08:35.628,binanceusdm,BTC/USDT:USDT,118770.3,8.736,118770.2,0.055,118770.4,12.886,118770.5,0.015
1753769315731,06:08:35.731,binanceusdm,BTC/USDT:USDT,118770.3,6.665,118770.2,0.055,118770.4,14.879,118770.5,0.015
1753769315835,06:08:35.835,binanceusdm,BTC/USDT:USDT,118770.3,6.647,118770.2,0.055,118770.4,14.876,118770.5,0.015
1753769315938,06:08:35.938,binanceusdm,BTC/USDT:USDT,118770.3,0.315,118770.2,0.054,118770.4,17.107,118770.5,0.019
1753769316040,06:08:36.040,binanceusdm,BTC/USDT:USDT,118770.3,0.315,118770.2,0.054,118770.4,17.848,118770.5,0.019
1753769316141,06:08:36.141,binanceusdm,BTC/USDT:USDT,118770.3,0.341,118770.2,0.054,118770.4,17.848,118770.5,0.019
1753769316242,06:08:36.242,binanceusdm,BTC/USDT:USDT,118770.3,0.351,118770.2,0.054,118770.4,19.237,118770.5,0.019
1753769316347,06:08:36.347,binanceusdm,BTC/USDT:USDT,118770.3,0.405,118770.2,0.054,118770.4,18.841,118770.5,0.019
1753769316448,06:08:36.448,binanceusdm,BTC/USDT:USDT,118770.3,0.374,118770.2,0.054,118770.4,17.364,118770.5,0.019
1753769316651,06:08:36.651,binanceusdm,BTC/USDT:USDT,118770.3,0.422,118770.2,0.054,118770.4,17.31,118770.5,0.019
1753769316753,06:08:36.753,binanceusdm,BTC/USDT:USDT,118770.3,0.422,118770.2,0.054,118770.4,17.241,118770.5,0.019
1753769316855,06:08:36.855,binanceusdm,BTC/USDT:USDT,118770.3,0.422,118770.2,0.054,118770.4,17.241,118770.5,0.019
1753769316956,06:08:36.956,binanceusdm,BTC/USDT:USDT,118770.3,0.421,118770.2,0.054,118770.4,17.727,118770.5,0.019
1753769317058,06:08:37.058,binanceusdm,BTC/USDT:USDT,118770.3,0.419,118770.2,0.054,118770.4,16.452,118770.5,0.021
1753769317160,06:08:37.160,binanceusdm,BTC/USDT:USDT,118770.3,0.434,118770.2,0.054,118770.4,16.937,118770.5,0.019
1753769317262,06:08:37.262,binanceusdm,BTC/USDT:USDT,118770.3,0.423,118770.2,0.054,118770.4,16.441,118770.5,0.019
1753769317365,06:08:37.365,binanceusdm,BTC/USDT:USDT,118770.3,0.423,118770.2,0.054,118770.4,16.441,118770.5,0.019
1753769317468,06:08:37.468,binanceusdm,BTC/USDT:USDT,118770.3,0.426,118770.2,0.054,118770.4,16.797,118770.5,0.019
1753769317569,06:08:37.569,binanceusdm,BTC/USDT:USDT,118770.3,0.426,118770.2,0.054,118770.4,17.402,118770.5,0.019
1753769317672,06:08:37.672,binanceusdm,BTC/USDT:USDT,118770.3,0.426,118770.2,0.054,118770.4,17.267,118770.5,0.019
1753769317773,06:08:37.773,binanceusdm,BTC/USDT:USDT,118770.3,0.406,118770.2,0.054,118770.4,17.545,118770.5,0.019
1753769317875,06:08:37.875,binanceusdm,BTC/USDT:USDT,118770.3,0.398,118770.2,0.054,118770.4,17.517,118770.5,0.019
1753769317977,06:08:37.977,binanceusdm,BTC/USDT:USDT,118770.3,0.398,118770.2,0.054,118770.4,17.824,118770.5,0.019
1753769318079,06:08:38.079,binanceusdm,BTC/USDT:USDT,118770.3,0.398,118770.2,0.054,118770.4,17.972,118770.5,0.019
1753769318180,06:08:38.180,binanceusdm,BTC/USDT:USDT,118770.3,0.366,118770.2,0.054,118770.4,17.503,118770.5,0.019
1753769318282,06:08:38.282,binanceusdm,BTC/USDT:USDT,118770.3,0.366,118770.2,0.054,118770.4,18.004,118770.5,0.019
1753769318385,06:08:38.385,binanceusdm,BTC/USDT:USDT,118770.3,0.367,118770.2,0.054,118770.4,16.335,118770.5,0.019
1753769318488,06:08:38.488,binanceusdm,BTC/USDT:USDT,118770.3,0.358,118770.2,0.054,118770.4,16.353,118770.5,0.019
1753769318589,06:08:38.589,binanceusdm,BTC/USDT:USDT,118770.3,0.356,118770.2,0.054,118770.4,16.332,118770.5,0.019
1753769318692,06:08:38.692,binanceusdm,BTC/USDT:USDT,118770.3,0.356,118770.2,0.054,118770.4,16.332,118770.5,0.019
1753769318793,06:08:38.793,binanceusdm,BTC/USDT:USDT,118770.3,0.356,118770.2,0.054,118770.4,16.114,118770.5,0.02
1753769318899,06:08:38.899,binanceusdm,BTC/USDT:USDT,118770.3,0.355,118770.2,0.054,118770.4,16.113,118770.5,0.022
1753769319002,06:08:39.002,binanceusdm,BTC/USDT:USDT,118770.3,0.355,118770.2,0.054,118770.4,16.113,118770.5,0.022
1753769319105,06:08:39.105,binanceusdm,BTC/USDT:USDT,118770.3,0.355,118770.2,0.054,118770.4,16.113,118770.5,0.022
1753769319209,06:08:39.209,binanceusdm,BTC/USDT:USDT,118770.3,0.367,118770.2,0.054,118770.4,16.182,118770.5,0.02
1753769319312,06:08:39.312,binanceusdm,BTC/USDT:USDT,118770.3,0.354,118770.2,0.054,118770.4,16.178,118770.5,0.02
1753769319413,06:08:39.413,binanceusdm,BTC/USDT:USDT,118770.3,0.353,118770.2,0.054,118770.4,16.154,118770.5,0.02
1753769319515,06:08:39.515,binanceusdm,BTC/USDT:USDT,118770.3,0.268,118770.2,0.054,118770.4,16.759,118770.5,0.02
1753769319618,06:08:39.618,binanceusdm,BTC/USDT:USDT,118770.3,0.268,118770.2,0.054,118770.4,16.759,118770.5,0.02
1753769319719,06:08:39.719,binanceusdm,BTC/USDT:USDT,118770.3,0.268,118770.2,0.054,118770.4,16.759,118770.5,0.02
1753769319820,06:08:39.820,binanceusdm,BTC/USDT:USDT,118770.3,0.26,118770.2,0.054,118770.4,17.578,118770.5,0.02
1753769319922,06:08:39.922,binanceusdm,BTC/USDT:USDT,118770.3,0.256,118770.2,0.054,118770.4,17.95,118770.5,0.022
1753769320024,06:08:40.024,binanceusdm,BTC/USDT:USDT,118770.3,0.251,118770.2,0.054,118770.4,17.464,118770.5,0.02
1753769320128,06:08:40.128,binanceusdm,BTC/USDT:USDT,118770.3,0.251,118770.2,0.054,118770.4,17.951,118770.5,0.02
1753769320232,06:08:40.232,binanceusdm,BTC/USDT:USDT,118770.3,0.254,118770.2,0.054,118770.4,17.465,118770.5,0.02
1753769320333,06:08:40.333,binanceusdm,BTC/USDT:USDT,118770.3,0.255,118770.2,0.054,118770.4,17.415,118770.5,0.02
1753769320436,06:08:40.436,binanceusdm,BTC/USDT:USDT,118770.3,0.256,118770.2,0.054,118770.4,18.131,118770.5,0.02
1753769320538,06:08:40.538,binanceusdm,BTC/USDT:USDT,118770.3,0.255,118770.2,0.054,118770.4,18.131,118770.5,0.02
1753769320640,06:08:40.640,binanceusdm,BTC/USDT:USDT,118770.3,0.255,118770.2,0.054,118770.4,18.404,118770.5,0.02
1753769320742,06:08:40.742,binanceusdm,BTC/USDT:USDT,118761.4,5.979,118761.3,0.003,118761.5,18.9,118761.6,0.004
1753769320843,06:08:40.843,binanceusdm,BTC/USDT:USDT,118761.4,5.279,118761.3,0.003,118761.5,19.41,118761.6,0.004
1753769320945,06:08:40.945,binanceusdm,BTC/USDT:USDT,118761.4,5.281,118761.3,0.003,118761.5,19.435,118761.6,0.008
1753769321047,06:08:41.047,binanceusdm,BTC/USDT:USDT,118761.4,5.261,118761.3,0.003,118761.5,19.464,118761.6,0.008
1753769321148,06:08:41.148,binanceusdm,BTC/USDT:USDT,118761.4,5.192,118761.3,0.003,118761.5,20.199,118761.6,0.008
1753769321249,06:08:41.249,binanceusdm,BTC/USDT:USDT,118761.4,5.238,118761.3,0.003,118761.5,19.538,118761.6,0.008
1753769321351,06:08:41.351,binanceusdm,BTC/USDT:USDT,118761.4,5.854,118761.3,0.003,118761.5,19.126,118761.6,0.008
1753769321454,06:08:41.454,binanceusdm,BTC/USDT:USDT,118761.4,7.262,118761.3,0.003,118761.5,18.368,118761.6,0.006
1753769321557,06:08:41.557,binanceusdm,BTC/USDT:USDT,118761.4,7.223,118761.3,0.003,118761.5,18.643,118761.6,0.019
1753769321660,06:08:41.660,binanceusdm,BTC/USDT:USDT,118761.4,6.037,118761.3,0.003,118761.5,18.643,118761.6,0.019
1753769321761,06:08:41.761,binanceusdm,BTC/USDT:USDT,118761.4,6.037,118761.3,0.003,118761.5,18.717,118761.6,0.019
1753769321862,06:08:41.862,binanceusdm,BTC/USDT:USDT,118761.4,5.769,118761.3,0.003,118761.5,18.718,118761.6,0.019
1753769321965,06:08:41.965,binanceusdm,BTC/USDT:USDT,118761.4,5.769,118761.3,0.003,118761.5,18.718,118761.6,0.023
1753769322066,06:08:42.066,binanceusdm,BTC/USDT:USDT,118761.4,2.762,118761.3,0.002,118761.5,19.224,118761.6,0.023
1753769322168,06:08:42.168,binanceusdm,BTC/USDT:USDT,118761.4,4.05,118761.3,0.002,118761.5,19.22,118761.6,0.023
1753769322270,06:08:42.270,binanceusdm,BTC/USDT:USDT,118761.4,4.351,118761.3,0.002,118761.5,19.0,118761.6,0.019
1753769322373,06:08:42.373,binanceusdm,BTC/USDT:USDT,118761.4,4.358,118761.3,0.002,118761.5,18.579,118761.6,0.019
1753769322475,06:08:42.475,binanceusdm,BTC/USDT:USDT,118761.4,4.358,118761.3,0.002,118761.5,18.584,118761.6,0.019
1753769322577,06:08:42.577,binanceusdm,BTC/USDT:USDT,118761.4,4.358,118761.3,0.003,118761.5,18.584,118761.6,0.019
1753769322780,06:08:42.780,binanceusdm,BTC/USDT:USDT,118761.4,4.059,118761.3,0.002,118761.5,19.116,118761.6,0.019
1753769322881,06:08:42.881,binanceusdm,BTC/USDT:USDT,118761.4,4.059,118761.3,0.002,118761.5,19.118,118761.6,0.019
1753769322982,06:08:42.982,binanceusdm,BTC/USDT:USDT,118761.4,4.059,118761.3,0.002,118761.5,19.118,118761.6,0.023
1753769323084,06:08:43.084,binanceusdm,BTC/USDT:USDT,118761.4,4.058,118761.3,0.002,118761.5,19.118,118761.6,0.023
1753769323186,06:08:43.186,binanceusdm,BTC/USDT:USDT,118761.4,1.842,118761.3,0.002,118761.5,19.119,118761.6,0.023
1753769323289,06:08:43.289,binanceusdm,BTC/USDT:USDT,118761.4,3.618,118761.3,0.002,118761.5,19.119,118761.6,0.023
1753769323391,06:08:43.391,binanceusdm,BTC/USDT:USDT,118761.4,3.619,118761.3,0.002,118761.5,19.117,118761.6,0.023
1753769323494,06:08:43.494,binanceusdm,BTC/USDT:USDT,118761.4,1.764,118761.3,0.002,118761.5,19.116,118761.6,0.023
1753769323596,06:08:43.596,binanceusdm,BTC/USDT:USDT,118761.4,1.764,118761.3,0.002,118761.5,19.115,118761.6,0.023
1753769323698,06:08:43.698,binanceusdm,BTC/USDT:USDT,118761.4,2.4,118761.3,0.002,118761.5,19.117,118761.6,0.023
1753769323801,06:08:43.801,binanceusdm,BTC/USDT:USDT,118761.4,2.461,118761.3,0.002,118761.5,19.117,118761.6,0.021
1753769323902,06:08:43.902,binanceusdm,BTC/USDT:USDT,118761.4,2.4,118761.3,0.002,118761.5,19.119,118761.6,0.023
1753769324005,06:08:44.005,binanceusdm,BTC/USDT:USDT,118761.4,2.368,118761.3,0.002,118761.5,19.139,118761.6,0.023
1753769324106,06:08:44.106,binanceusdm,BTC/USDT:USDT,118761.4,0.551,118761.3,0.002,118761.5,19.514,118761.6,0.021
1753769324209,06:08:44.209,binanceusdm,BTC/USDT:USDT,118761.4,0.752,118761.3,0.002,118761.5,19.508,118761.6,0.021
1753769324312,06:08:44.312,binanceusdm,BTC/USDT:USDT,118761.4,0.78,118761.3,0.002,118761.5,19.502,118761.6,0.021
1753769324414,06:08:44.414,binanceusdm,BTC/USDT:USDT,118761.4,0.822,118761.3,0.002,118761.5,19.519,118761.6,0.021
1753769324517,06:08:44.517,binanceusdm,BTC/USDT:USDT,118761.4,0.822,118761.3,0.002,118761.5,19.52,118761.6,0.023
1753769324619,06:08:44.619,binanceusdm,BTC/USDT:USDT,118761.4,0.82,118761.3,0.002,118761.5,19.52,118761.6,0.023
1753769324721,06:08:44.721,binanceusdm,BTC/USDT:USDT,118761.4,0.537,118761.3,0.002,118761.5,19.485,118761.6,0.023
1753769324823,06:08:44.823,binanceusdm,BTC/USDT:USDT,118761.4,0.768,118761.3,0.002,118761.5,19.498,118761.6,0.023
1753769324924,06:08:44.924,binanceusdm,BTC/USDT:USDT,118761.4,0.768,118761.3,0.002,118761.5,19.496,118761.6,0.025
1753769325027,06:08:45.027,binanceusdm,BTC/USDT:USDT,118761.4,0.826,118761.3,0.002,118761.5,19.5,118761.6,0.023
1753769325128,06:08:45.128,binanceusdm,BTC/USDT:USDT,118761.4,0.52,118761.3,0.002,118761.5,20.507,118761.6,0.025
1753769325230,06:08:45.230,binanceusdm,BTC/USDT:USDT,118761.4,0.492,118761.3,0.002,118761.5,20.081,118761.6,0.023
1753769325332,06:08:45.332,binanceusdm,BTC/USDT:USDT,118761.4,0.528,118761.3,0.002,118761.5,20.514,118761.6,0.027
1753769325434,06:08:45.434,binanceusdm,BTC/USDT:USDT,118761.4,0.528,118761.3,0.002,118761.5,20.514,118761.6,0.027
1753769325535,06:08:45.535,binanceusdm,BTC/USDT:USDT,118761.4,0.528,118761.3,0.002,118761.5,20.514,118761.6,0.027
1753769325636,06:08:45.636,binanceusdm,BTC/USDT:USDT,118761.4,0.5,118761.3,0.002,118761.5,20.514,118761.6,0.027
1753769325737,06:08:45.737,binanceusdm,BTC/USDT:USDT,118761.4,0.526,118761.3,0.002,118761.5,20.093,118761.6,0.027
1753769325838,06:08:45.838,binanceusdm,BTC/USDT:USDT,118761.4,2.648,118761.3,0.002,118761.5,19.973,118761.6,0.027
1753769325939,06:08:45.939,binanceusdm,BTC/USDT:USDT,118761.4,2.65,118761.3,0.002,118761.5,19.973,118761.6,0.029
1753769326040,06:08:46.040,binanceusdm,BTC/USDT:USDT,118761.4,2.649,118761.3,0.002,118761.5,19.973,118761.6,0.027
1753769326142,06:08:46.142,binanceusdm,BTC/USDT:USDT,118761.4,2.649,118761.3,0.002,118761.5,19.973,118761.6,0.029
1753769326246,06:08:46.246,binanceusdm,BTC/USDT:USDT,118761.4,2.697,118761.3,0.002,118761.5,19.973,118761.6,0.027
1753769326348,06:08:46.348,binanceusdm,BTC/USDT:USDT,118761.4,2.705,118761.3,0.002,118761.5,19.975,118761.6,0.027
1753769326449,06:08:46.449,binanceusdm,BTC/USDT:USDT,118761.4,2.739,118761.3,0.002,118761.5,19.962,118761.6,0.027
1753769326552,06:08:46.552,binanceusdm,BTC/USDT:USDT,118761.4,8.215,118761.3,0.003,118761.5,19.246,118761.6,0.023
1753769326653,06:08:46.653,binanceusdm,BTC/USDT:USDT,118761.4,8.525,118761.3,0.088,118761.5,19.231,118761.6,0.023
1753769326755,06:08:46.755,binanceusdm,BTC/USDT:USDT,118761.4,8.541,118761.3,0.003,118761.5,19.191,118761.6,0.023
1753769326856,06:08:46.856,binanceusdm,BTC/USDT:USDT,118761.4,8.546,118761.3,0.003,118761.5,19.191,118761.6,0.023
1753769326957,06:08:46.957,binanceusdm,BTC/USDT:USDT,118761.4,8.628,118761.3,0.003,118761.5,19.191,118761.6,0.023
1753769327059,06:08:47.059,binanceusdm,BTC/USDT:USDT,118761.4,8.636,118761.3,0.003,118761.5,19.261,118761.6,0.023
1753769327160,06:08:47.160,binanceusdm,BTC/USDT:USDT,118761.4,8.885,118761.3,0.003,118761.5,19.269,118761.6,0.023
1753769327262,06:08:47.262,binanceusdm,BTC/USDT:USDT,118761.4,8.505,118761.3,0.003,118761.5,19.269,118761.6,0.023
1753769327363,06:08:47.363,binanceusdm,BTC/USDT:USDT,118761.4,8.557,118761.3,0.003,118761.5,19.27,118761.6,0.023
1753769327466,06:08:47.466,binanceusdm,BTC/USDT:USDT,118761.4,8.506,118761.3,0.003,118761.5,19.275,118761.6,0.023
1753769327567,06:08:47.567,binanceusdm,BTC/USDT:USDT,118761.4,8.505,118761.3,0.003,118761.5,19.275,118761.6,0.023
1753769327668,06:08:47.668,binanceusdm,BTC/USDT:USDT,118761.4,8.312,118761.3,0.003,118761.5,19.278,118761.6,0.027
1753769327769,06:08:47.769,binanceusdm,BTC/USDT:USDT,118761.4,8.298,118761.3,0.003,118761.5,19.278,118761.6,0.029
1753769327873,06:08:47.873,binanceusdm,BTC/USDT:USDT,118761.4,8.278,118761.3,0.003,118761.5,19.278,118761.6,0.027
1753769327975,06:08:47.975,binanceusdm,BTC/USDT:USDT,118761.4,8.737,118761.3,0.003,118761.5,19.278,118761.6,0.027
1753769328078,06:08:48.078,binanceusdm,BTC/USDT:USDT,118761.4,8.601,118761.3,0.003,118761.5,19.278,118761.6,0.027
1753769328179,06:08:48.179,binanceusdm,BTC/USDT:USDT,118761.4,8.337,118761.3,0.003,118761.5,19.278,118761.6,0.027
1753769328281,06:08:48.281,binanceusdm,BTC/USDT:USDT,118761.4,8.691,118761.3,0.003,118761.5,19.278,118761.6,0.027
1753769328383,06:08:48.383,binanceusdm,BTC/USDT:USDT,118761.4,8.625,118761.3,0.003,118761.5,19.276,118761.6,0.027
1753769328484,06:08:48.484,binanceusdm,BTC/USDT:USDT,118761.4,8.549,118761.3,0.003,118761.5,19.276,118761.6,0.027
1753769328585,06:08:48.585,binanceusdm,BTC/USDT:USDT,118761.4,8.338,118761.3,0.003,118761.5,19.276,118761.6,0.027
1753769328688,06:08:48.688,binanceusdm,BTC/USDT:USDT,118761.4,8.507,118761.3,0.003,118761.5,18.771,118761.6,0.023
1753769329093,06:08:49.093,binanceusdm,BTC/USDT:USDT,118761.4,8.868,118761.3,0.003,118761.5,18.528,118761.6,0.023
1753769329195,06:08:49.195,binanceusdm,BTC/USDT:USDT,118761.4,8.746,118761.3,0.003,118761.5,18.487,118761.6,0.023
1753769329298,06:08:49.298,binanceusdm,BTC/USDT:USDT,118761.4,8.746,118761.3,0.003,118761.5,18.348,118761.6,0.023
1753769329399,06:08:49.399,binanceusdm,BTC/USDT:USDT,118761.4,8.669,118761.3,0.003,118761.5,18.439,118761.6,0.023
1753769329500,06:08:49.500,binanceusdm,BTC/USDT:USDT,118761.4,8.664,118761.3,0.088,118761.5,18.438,118761.6,0.023
1753769329603,06:08:49.603,binanceusdm,BTC/USDT:USDT,118761.4,8.748,118761.3,0.003,118761.5,18.46,118761.6,0.023
1753769329704,06:08:49.704,binanceusdm,BTC/USDT:USDT,118761.4,8.757,118761.3,0.003,118761.5,18.46,118761.6,0.023
1753769329805,06:08:49.805,binanceusdm,BTC/USDT:USDT,118761.4,8.757,118761.3,0.003,118761.5,18.46,118761.6,0.023
1753769329908,06:08:49.908,binanceusdm,BTC/USDT:USDT,118761.4,8.757,118761.3,0.003,118761.5,18.462,118761.6,0.023
1753769330218,06:08:50.218,binanceusdm,BTC/USDT:USDT,118761.4,8.686,118761.3,0.004,118761.5,18.462,118761.6,0.023
1753769330319,06:08:50.319,binanceusdm,BTC/USDT:USDT,118761.4,8.684,118761.3,0.004,118761.5,18.702,118761.6,0.023
1753769330420,06:08:50.420,binanceusdm,BTC/USDT:USDT,118761.4,8.683,118761.3,0.004,118761.5,18.534,118761.6,0.023
1753769330521,06:08:50.521,binanceusdm,BTC/USDT:USDT,118761.4,8.683,118761.3,0.004,118761.5,18.7,118761.6,0.023
1753769330622,06:08:50.622,binanceusdm,BTC/USDT:USDT,118761.4,8.764,118761.3,0.004,118761.5,18.7,118761.6,0.023
1753769330724,06:08:50.724,binanceusdm,BTC/USDT:USDT,118761.4,8.764,118761.3,0.004,118761.5,18.705,118761.6,0.023
1753769330827,06:08:50.827,binanceusdm,BTC/USDT:USDT,118761.4,8.761,118761.3,0.004,118761.5,18.705,118761.6,0.023
1753769330928,06:08:50.928,binanceusdm,BTC/USDT:USDT,118761.4,8.761,118761.3,0.004,118761.5,18.705,118761.6,0.023
1753769331031,06:08:51.031,binanceusdm,BTC/USDT:USDT,118761.4,8.761,118761.3,0.004,118761.5,18.705,118761.6,0.023
1753769331133,06:08:51.133,binanceusdm,BTC/USDT:USDT,118761.4,8.772,118761.3,0.004,118761.5,18.709,118761.6,0.019
1753769331237,06:08:51.237,binanceusdm,BTC/USDT:USDT,118761.4,8.448,118761.3,0.004,118761.5,18.654,118761.6,0.025
1753769331338,06:08:51.338,binanceusdm,BTC/USDT:USDT,118761.4,8.425,118761.3,0.004,118761.5,18.655,118761.6,0.025
1753769331440,06:08:51.440,binanceusdm,BTC/USDT:USDT,118761.4,8.458,118761.3,0.004,118761.5,18.657,118761.6,0.023
1753769331543,06:08:51.543,binanceusdm,BTC/USDT:USDT,118761.4,8.456,118761.3,0.004,118761.5,18.656,118761.6,0.031
1753769331645,06:08:51.645,binanceusdm,BTC/USDT:USDT,118761.4,8.455,118761.3,0.004,118761.5,18.605,118761.6,0.031
1753769331748,06:08:51.748,binanceusdm,BTC/USDT:USDT,118761.4,8.455,118761.3,0.004,118761.5,18.602,118761.6,0.031
1753769331850,06:08:51.850,binanceusdm,BTC/USDT:USDT,118761.4,8.452,118761.3,0.004,118761.5,18.602,118761.6,0.031
1753769331952,06:08:51.952,binanceusdm,BTC/USDT:USDT,118761.4,8.452,118761.3,0.004,118761.5,18.602,118761.6,0.031
1753769332055,06:08:52.055,binanceusdm,BTC/USDT:USDT,118761.4,8.455,118761.3,0.004,118761.5,18.602,118761.6,0.031
1753769332158,06:08:52.158,binanceusdm,BTC/USDT:USDT,118761.4,8.457,118761.3,0.004,118761.5,18.558,118761.6,0.031
1753769332260,06:08:52.260,binanceusdm,BTC/USDT:USDT,118761.4,8.457,118761.3,0.004,118761.5,18.491,118761.6,0.033
1753769332363,06:08:52.363,binanceusdm,BTC/USDT:USDT,118761.4,8.46,118761.3,0.004,118761.5,18.597,118761.6,0.031
1753769332471,06:08:52.471,binanceusdm,BTC/USDT:USDT,118761.4,8.461,118761.3,0.004,118761.5,18.598,118761.6,0.031
1753769332573,06:08:52.573,binanceusdm,BTC/USDT:USDT,118761.4,8.456,118761.3,0.004,118761.5,18.595,118761.6,0.031
1753769332674,06:08:52.674,binanceusdm,BTC/USDT:USDT,118761.4,8.456,118761.3,0.004,118761.5,18.595,118761.6,0.031
1753769332777,06:08:52.777,binanceusdm,BTC/USDT:USDT,118761.4,8.456,118761.3,0.004,118761.5,18.595,118761.6,0.031
1753769332880,06:08:52.880,binanceusdm,BTC/USDT:USDT,118761.4,8.456,118761.3,0.004,118761.5,18.595,118761.6,0.031
1753769332981,06:08:52.981,binanceusdm,BTC/USDT:USDT,118761.4,7.844,118761.3,0.004,118761.5,18.597,118761.6,0.031
1753769333082,06:08:53.082,binanceusdm,BTC/USDT:USDT,118761.4,7.176,118761.3,0.004,118761.5,18.597,118761.6,0.031
1753769333183,06:08:53.183,binanceusdm,BTC/USDT:USDT,118761.4,7.166,118761.3,0.004,118761.5,18.597,118761.6,0.031
1753769333288,06:08:53.288,binanceusdm,BTC/USDT:USDT,118761.4,7.153,118761.3,0.004,118761.5,18.586,118761.6,0.031
1753769333389,06:08:53.389,binanceusdm,BTC/USDT:USDT,118761.4,6.297,118761.3,0.003,118761.5,18.692,118761.6,0.031
1753769333490,06:08:53.490,binanceusdm,BTC/USDT:USDT,118761.4,0.614,118761.3,0.003,118761.5,20.072,118761.6,0.031
1753769333692,06:08:53.692,binanceusdm,BTC/USDT:USDT,118761.4,0.849,118761.3,0.003,118761.5,20.875,118761.6,0.031
1753769333894,06:08:53.894,binanceusdm,BTC/USDT:USDT,118761.4,0.861,118761.3,0.023,118761.5,20.855,118761.6,0.031
1753769333996,06:08:53.996,binanceusdm,BTC/USDT:USDT,118761.4,0.593,118761.3,0.023,118761.5,20.855,118761.6,0.031
1753769334099,06:08:54.099,binanceusdm,BTC/USDT:USDT,118761.4,0.592,118761.3,0.023,118761.5,21.114,118761.6,0.031
1753769334200,06:08:54.200,binanceusdm,BTC/USDT:USDT,118761.4,0.592,118761.3,0.023,118761.5,21.114,118761.6,0.031
1753769334301,06:08:54.301,binanceusdm,BTC/USDT:USDT,118761.4,0.592,118761.3,0.003,118761.5,20.829,118761.6,0.033
1753769334403,06:08:54.403,binanceusdm,BTC/USDT:USDT,118761.4,0.582,118761.3,0.003,118761.5,20.838,118761.6,0.031
1753769334506,06:08:54.506,binanceusdm,BTC/USDT:USDT,118761.4,0.583,118761.3,0.003,118761.5,20.755,118761.6,0.031
1753769334608,06:08:54.608,binanceusdm,BTC/USDT:USDT,118761.4,0.583,118761.3,0.003,118761.5,20.758,118761.6,0.031
1753769334710,06:08:54.710,binanceusdm,BTC/USDT:USDT,118761.4,0.583,118761.3,0.003,118761.5,20.758,118761.6,0.031
1753769334812,06:08:54.812,binanceusdm,BTC/USDT:USDT,118761.4,0.563,118761.3,0.003,118761.5,20.759,118761.6,0.031
1753769334915,06:08:54.915,binanceusdm,BTC/USDT:USDT,118761.4,0.543,118761.3,0.003,118761.5,20.761,118761.6,0.031
1753769335016,06:08:55.016,binanceusdm,BTC/USDT:USDT,118761.4,0.535,118761.3,0.003,118761.5,20.837,118761.6,0.031
1753769335118,06:08:55.118,binanceusdm,BTC/USDT:USDT,118761.4,0.493,118761.3,0.003,118761.5,20.796,118761.6,0.031
1753769335220,06:08:55.220,binanceusdm,BTC/USDT:USDT,118761.4,0.282,118761.3,0.003,118761.5,21.459,118761.6,0.033
1753769335323,06:08:55.323,binanceusdm,BTC/USDT:USDT,118761.4,0.258,118761.3,0.003,118761.5,20.816,118761.6,0.031
1753769335424,06:08:55.424,binanceusdm,BTC/USDT:USDT,118761.4,0.246,118761.3,0.003,118761.5,20.806,118761.6,0.031
1753769335527,06:08:55.527,binanceusdm,BTC/USDT:USDT,118761.4,0.266,118761.3,0.003,118761.5,20.804,118761.6,0.031
1753769335628,06:08:55.628,binanceusdm,BTC/USDT:USDT,118761.4,0.24,118761.3,0.003,118761.5,20.804,118761.6,0.031
1753769335731,06:08:55.731,binanceusdm,BTC/USDT:USDT,118761.4,0.24,118761.3,0.003,118761.5,20.802,118761.6,0.031
1753769335833,06:08:55.833,binanceusdm,BTC/USDT:USDT,118761.4,0.24,118761.3,0.003,118761.5,20.815,118761.6,0.031
1753769335934,06:08:55.934,binanceusdm,BTC/USDT:USDT,118761.4,0.261,118761.3,0.003,118761.5,20.815,118761.6,0.031
1753769336035,06:08:56.035,binanceusdm,BTC/USDT:USDT,118761.4,0.261,118761.3,0.003,118761.5,20.819,118761.6,0.031
1753769336137,06:08:56.137,binanceusdm,BTC/USDT:USDT,118761.4,0.261,118761.3,0.003,118761.5,20.819,118761.6,0.031
1753769336238,06:08:56.238,binanceusdm,BTC/USDT:USDT,118761.4,0.261,118761.3,0.003,118761.5,20.819,118761.6,0.029
1753769336340,06:08:56.340,binanceusdm,BTC/USDT:USDT,118761.4,0.264,118761.3,0.003,118761.5,20.869,118761.6,0.029
1753769336443,06:08:56.443,binanceusdm,BTC/USDT:USDT,118761.4,0.263,118761.3,0.003,118761.5,20.87,118761.6,0.029
1753769336544,06:08:56.544,binanceusdm,BTC/USDT:USDT,118761.4,0.263,118761.3,0.003,118761.5,20.87,118761.6,0.029
1753769336646,06:08:56.646,binanceusdm,BTC/USDT:USDT,118761.4,0.263,118761.3,0.003,118761.5,23.009,118761.6,0.029
1753769336750,06:08:56.750,binanceusdm,BTC/USDT:USDT,118761.4,0.263,118761.3,0.003,118761.5,22.404,118761.6,0.029
1753769336852,06:08:56.852,binanceusdm,BTC/USDT:USDT,118761.4,0.184,118761.3,0.003,118761.5,22.414,118761.6,0.029
1753769336953,06:08:56.953,binanceusdm,BTC/USDT:USDT,118761.4,0.228,118761.3,0.003,118761.5,23.009,118761.6,0.029
1753769337056,06:08:57.056,binanceusdm,BTC/USDT:USDT,118761.4,0.228,118761.3,0.003,118761.5,23.828,118761.6,0.029
1753769337158,06:08:57.158,binanceusdm,BTC/USDT:USDT,118761.4,0.239,118761.3,0.003,118761.5,23.439,118761.6,0.029
1753769337259,06:08:57.259,binanceusdm,BTC/USDT:USDT,118759.1,0.29,118759.0,0.002,118759.2,28.91,118759.3,1.295
1753769337360,06:08:57.360,binanceusdm,BTC/USDT:USDT,118759.1,0.324,118759.0,0.002,118759.2,29.818,118759.3,0.748
1753769337461,06:08:57.461,binanceusdm,BTC/USDT:USDT,118759.1,0.331,118759.0,0.002,118759.2,31.151,118759.3,0.748
1753769337562,06:08:57.562,binanceusdm,BTC/USDT:USDT,118758.9,0.059,118758.8,0.002,118759.0,29.451,118759.1,1.238
1753769337663,06:08:57.663,binanceusdm,BTC/USDT:USDT,118758.9,0.063,118758.8,0.008,118759.0,29.673,118759.1,1.238
1753769337764,06:08:57.764,binanceusdm,BTC/USDT:USDT,118758.9,0.063,118758.8,0.008,118759.0,29.328,118759.1,1.238
1753769337866,06:08:57.866,binanceusdm,BTC/USDT:USDT,118758.9,0.063,118758.8,0.008,118759.0,30.43,118759.1,1.238
1753769337967,06:08:57.967,binanceusdm,BTC/USDT:USDT,118758.9,0.063,118758.8,0.008,118759.0,28.486,118759.1,1.24
1753769338069,06:08:58.069,binanceusdm,BTC/USDT:USDT,118758.9,0.063,118758.8,0.008,118759.0,28.72,118759.1,1.24
1753769338170,06:08:58.170,binanceusdm,BTC/USDT:USDT,118758.9,0.064,118758.8,0.008,118759.0,27.71,118759.1,1.24
1753769338272,06:08:58.272,binanceusdm,BTC/USDT:USDT,118758.9,0.063,118758.8,0.008,118759.0,28.147,118759.1,1.24
1753769338374,06:08:58.374,binanceusdm,BTC/USDT:USDT,118758.9,0.065,118758.8,0.008,118759.0,28.16,118759.1,1.24
1753769338477,06:08:58.477,binanceusdm,BTC/USDT:USDT,118758.9,0.066,118758.8,0.008,118759.0,28.153,118759.1,1.24
1753769338579,06:08:58.579,binanceusdm,BTC/USDT:USDT,118758.9,0.09,118758.8,0.008,118759.0,28.153,118759.1,1.24
1753769338681,06:08:58.681,binanceusdm,BTC/USDT:USDT,118758.9,2.194,118758.8,0.008,118759.0,26.776,118759.1,1.24
1753769338785,06:08:58.785,binanceusdm,BTC/USDT:USDT,118758.9,2.234,118758.8,0.008,118759.0,26.775,118759.1,1.24
1753769338887,06:08:58.887,binanceusdm,BTC/USDT:USDT,118758.9,0.089,118758.8,0.008,118759.0,27.039,118759.1,1.24
1753769338989,06:08:58.989,binanceusdm,BTC/USDT:USDT,118758.9,0.089,118758.8,0.008,118759.0,27.049,118759.1,1.24
1753769339090,06:08:59.090,binanceusdm,BTC/USDT:USDT,118758.9,0.089,118758.8,0.008,118759.0,27.995,118759.1,1.24
1753769339191,06:08:59.191,binanceusdm,BTC/USDT:USDT,118758.9,0.114,118758.8,0.008,118759.0,28.694,118759.1,1.24
1753769339293,06:08:59.293,binanceusdm,BTC/USDT:USDT,118758.9,0.115,118758.8,0.008,118759.0,27.998,118759.1,1.24
1753769339395,06:08:59.395,binanceusdm,BTC/USDT:USDT,118758.9,0.116,118758.8,0.008,118759.0,28.698,118759.1,1.24
1753769339499,06:08:59.499,binanceusdm,BTC/USDT:USDT,118758.9,0.116,118758.8,0.008,118759.0,28.493,118759.1,1.24
1753769339601,06:08:59.601,binanceusdm,BTC/USDT:USDT,118758.9,0.116,118758.8,0.008,118759.0,28.493,118759.1,1.24
1753769339703,06:08:59.703,binanceusdm,BTC/USDT:USDT,118758.9,0.116,118758.8,0.008,118759.0,28.479,118759.1,1.24
1753769339804,06:08:59.804,binanceusdm,BTC/USDT:USDT,118758.9,3.615,118758.8,0.008,118759.0,23.291,118759.1,1.242
1753769339905,06:08:59.905,binanceusdm,BTC/USDT:USDT,118758.9,3.151,118758.8,0.008,118759.0,23.055,118759.1,1.242
1753769340006,06:09:00.006,binanceusdm,BTC/USDT:USDT,118758.9,1.186,118758.8,0.008,118759.0,23.958,118759.1,1.242
1753769340109,06:09:00.109,binanceusdm,BTC/USDT:USDT,118758.9,1.186,118758.8,0.008,118759.0,24.051,118759.1,1.242
1753769340211,06:09:00.211,binanceusdm,BTC/USDT:USDT,118758.9,1.273,118758.8,0.008,118759.0,24.052,118759.1,1.242
1753769340313,06:09:00.313,binanceusdm,BTC/USDT:USDT,118758.9,1.273,118758.8,0.008,118759.0,24.054,118759.1,1.248
1753769340415,06:09:00.415,binanceusdm,BTC/USDT:USDT,118758.9,1.275,118758.8,0.008,118759.0,25.958,118759.1,0.874
1753769340518,06:09:00.518,binanceusdm,BTC/USDT:USDT,118758.9,1.275,118758.8,0.008,118759.0,24.949,118759.1,0.874
1753769340619,06:09:00.619,binanceusdm,BTC/USDT:USDT,118758.9,1.275,118758.8,0.008,118759.0,24.949,118759.1,0.874
1753769340720,06:09:00.720,binanceusdm,BTC/USDT:USDT,118758.9,1.277,118758.8,0.008,118759.0,24.781,118759.1,0.876
1753769340821,06:09:00.821,binanceusdm,BTC/USDT:USDT,118758.9,1.335,118758.8,0.008,118759.0,24.78,118759.1,0.876
1753769340923,06:09:00.923,binanceusdm,BTC/USDT:USDT,118758.9,1.279,118758.8,0.008,118759.0,24.176,118759.1,0.876
1753769341025,06:09:01.025,binanceusdm,BTC/USDT:USDT,118758.9,1.225,118758.8,0.008,118759.0,24.176,118759.1,0.876
1753769341128,06:09:01.128,binanceusdm,BTC/USDT:USDT,118758.9,1.225,118758.8,0.008,118759.0,24.176,118759.1,0.874
1753769341230,06:09:01.230,binanceusdm,BTC/USDT:USDT,118758.9,1.214,118758.8,0.008,118759.0,24.6,118759.1,0.874
1753769341331,06:09:01.331,binanceusdm,BTC/USDT:USDT,118758.9,1.242,118758.8,0.008,118759.0,24.541,118759.1,0.874
1753769341433,06:09:01.433,binanceusdm,BTC/USDT:USDT,118758.9,1.214,118758.8,0.008,118759.0,24.538,118759.1,0.88
1753769341534,06:09:01.534,binanceusdm,BTC/USDT:USDT,118758.9,1.369,118758.8,0.008,118759.0,24.729,118759.1,0.88
1753769341635,06:09:01.635,binanceusdm,BTC/USDT:USDT,118758.9,3.327,118758.8,0.008,118759.0,23.449,118759.1,0.88
1753769341739,06:09:01.739,binanceusdm,BTC/USDT:USDT,118758.9,3.337,118758.8,0.008,118759.0,23.449,118759.1,0.882
1753769341840,06:09:01.840,binanceusdm,BTC/USDT:USDT,118758.9,3.371,118758.8,0.008,118759.0,23.449,118759.1,0.882
1753769341941,06:09:01.941,binanceusdm,BTC/USDT:USDT,118758.9,3.371,118758.8,0.008,118759.0,23.214,118759.1,0.882
1753769342042,06:09:02.042,binanceusdm,BTC/USDT:USDT,118758.9,3.371,118758.8,0.008,118759.0,23.216,118759.1,0.882
1753769342143,06:09:02.143,binanceusdm,BTC/USDT:USDT,118758.9,3.371,118758.8,0.008,118759.0,23.69,118759.1,0.882
1753769342244,06:09:02.244,binanceusdm,BTC/USDT:USDT,118758.9,3.371,118758.8,0.008,118759.0,23.69,118759.1,0.882
1753769342347,06:09:02.347,binanceusdm,BTC/USDT:USDT,118758.9,1.77,118758.8,0.008,118759.0,23.789,118759.1,0.882
1753769342448,06:09:02.448,binanceusdm,BTC/USDT:USDT,118758.9,1.414,118758.8,0.008,118759.0,25.142,118759.1,0.882
1753769342550,06:09:02.550,binanceusdm,BTC/USDT:USDT,118758.9,0.397,118758.8,0.008,118759.0,26.537,118759.1,0.882
1753769342651,06:09:02.651,binanceusdm,BTC/USDT:USDT,118758.9,0.397,118758.8,0.008,118759.0,25.835,118759.1,0.882
1753769342753,06:09:02.753,binanceusdm,BTC/USDT:USDT,118749.6,4.644,118749.5,0.005,118749.7,25.45,118749.8,0.004
1753769342854,06:09:02.854,binanceusdm,BTC/USDT:USDT,118749.6,5.264,118749.5,0.004,118749.7,24.985,118749.8,0.004
1753769342958,06:09:02.958,binanceusdm,BTC/USDT:USDT,118749.6,5.27,118749.5,0.004,118749.7,24.113,118749.8,0.004
1753769343059,06:09:03.059,binanceusdm,BTC/USDT:USDT,118749.6,2.789,118749.5,0.004,118749.7,24.459,118749.8,0.004
1753769343160,06:09:03.160,binanceusdm,BTC/USDT:USDT,118749.6,2.335,118749.5,0.004,118749.7,24.899,118749.8,0.004
1753769343262,06:09:03.262,binanceusdm,BTC/USDT:USDT,118749.6,2.453,118749.5,0.004,118749.7,24.456,118749.8,0.004
1753769343363,06:09:03.363,binanceusdm,BTC/USDT:USDT,118749.6,1.724,118749.5,0.004,118749.7,24.456,118749.8,0.01
1753769343464,06:09:03.464,binanceusdm,BTC/USDT:USDT,118749.6,1.752,118749.5,0.004,118749.7,24.831,118749.8,0.008
1753769343565,06:09:03.565,binanceusdm,BTC/USDT:USDT,118749.6,1.323,118749.5,0.004,118749.7,24.618,118749.8,0.008
1753769343667,06:09:03.667,binanceusdm,BTC/USDT:USDT,118749.6,1.327,118749.5,0.004,118749.7,25.258,118749.8,0.008
1753769343768,06:09:03.768,binanceusdm,BTC/USDT:USDT,118749.6,1.337,118749.5,0.004,118749.7,24.898,118749.8,0.008
1753769343869,06:09:03.869,binanceusdm,BTC/USDT:USDT,118749.6,1.346,118749.5,0.004,118749.7,24.906,118749.8,0.008
1753769343970,06:09:03.970,binanceusdm,BTC/USDT:USDT,118749.6,1.346,118749.5,0.004,118749.7,24.906,118749.8,0.008
1753769344073,06:09:04.073,binanceusdm,BTC/USDT:USDT,118749.6,1.326,118749.5,0.004,118749.7,25.166,118749.8,0.008
1753769344174,06:09:04.174,binanceusdm,BTC/USDT:USDT,118749.6,3.641,118749.5,0.004,118749.7,24.275,118749.8,0.004
1753769344276,06:09:04.276,binanceusdm,BTC/USDT:USDT,118749.6,3.567,118749.5,0.004,118749.7,24.275,118749.8,0.008
1753769344377,06:09:04.377,binanceusdm,BTC/USDT:USDT,118749.6,3.489,118749.5,0.004,118749.7,24.277,118749.8,0.01
1753769344479,06:09:04.479,binanceusdm,BTC/USDT:USDT,118749.6,3.547,118749.5,0.004,118749.7,24.375,118749.8,0.008
1753769344580,06:09:04.580,binanceusdm,BTC/USDT:USDT,118749.6,1.73,118749.5,0.004,118749.7,24.663,118749.8,0.008
1753769344681,06:09:04.681,binanceusdm,BTC/USDT:USDT,118749.6,1.73,118749.5,0.004,118749.7,24.663,118749.8,0.008
1753769344782,06:09:04.782,binanceusdm,BTC/USDT:USDT,118749.6,1.73,118749.5,0.004,118749.7,24.662,118749.8,0.01
1753769344884,06:09:04.884,binanceusdm,BTC/USDT:USDT,118749.6,3.561,118749.5,0.004,118749.7,24.348,118749.8,0.01
1753769344988,06:09:04.988,binanceusdm,BTC/USDT:USDT,118749.6,3.777,118749.5,0.004,118749.7,24.148,118749.8,0.006
1753769345091,06:09:05.091,binanceusdm,BTC/USDT:USDT,118749.6,3.777,118749.5,0.004,118749.7,24.391,118749.8,0.006
1753769345195,06:09:05.195,binanceusdm,BTC/USDT:USDT,118749.6,3.779,118749.5,0.004,118749.7,24.387,118749.8,0.006
1753769345296,06:09:05.296,binanceusdm,BTC/USDT:USDT,118749.6,3.779,118749.5,0.004,118749.7,23.705,118749.8,0.006
1753769345499,06:09:05.499,binanceusdm,BTC/USDT:USDT,118749.6,3.779,118749.5,0.004,118749.7,23.7,118749.8,0.006
1753769345601,06:09:05.601,binanceusdm,BTC/USDT:USDT,118749.6,3.779,118749.5,0.004,118749.7,23.703,118749.8,0.006
1753769345702,06:09:05.702,binanceusdm,BTC/USDT:USDT,118749.6,3.779,118749.5,0.004,118749.7,23.703,118749.8,0.006
1753769345803,06:09:05.803,binanceusdm,BTC/USDT:USDT,118749.6,3.777,118749.5,0.004,118749.7,23.703,118749.8,0.006
1753769345905,06:09:05.905,binanceusdm,BTC/USDT:USDT,118749.6,3.777,118749.5,0.004,118749.7,23.703,118749.8,0.006
1753769346007,06:09:06.007,binanceusdm,BTC/USDT:USDT,118749.6,3.777,118749.5,0.004,118749.7,23.703,118749.8,0.006
1753769346109,06:09:06.109,binanceusdm,BTC/USDT:USDT,118749.6,3.86,118749.5,0.004,118749.7,23.939,118749.8,0.006
1753769346210,06:09:06.210,binanceusdm,BTC/USDT:USDT,118749.6,3.905,118749.5,0.004,118749.7,23.939,118749.8,0.006
1753769346317,06:09:06.317,binanceusdm,BTC/USDT:USDT,118749.6,2.127,118749.5,0.004,118749.7,23.94,118749.8,0.01
1753769346420,06:09:06.420,binanceusdm,BTC/USDT:USDT,118749.6,1.762,118749.5,0.004,118749.7,23.963,118749.8,0.01
1753769346522,06:09:06.522,binanceusdm,BTC/USDT:USDT,118749.6,1.79,118749.5,0.004,118749.7,23.966,118749.8,0.01
1753769346625,06:09:06.625,binanceusdm,BTC/USDT:USDT,118749.6,3.742,118749.5,0.004,118749.7,23.966,118749.8,0.01
1753769346726,06:09:06.726,binanceusdm,BTC/USDT:USDT,118749.6,3.841,118749.5,0.004,118749.7,23.966,118749.8,0.006
1753769346830,06:09:06.830,binanceusdm,BTC/USDT:USDT,118749.6,3.88,118749.5,0.004,118749.7,23.988,118749.8,0.006
1753769346931,06:09:06.931,binanceusdm,BTC/USDT:USDT,118749.6,5.532,118749.5,0.005,118749.7,23.891,118749.8,0.006
1753769347032,06:09:07.032,binanceusdm,BTC/USDT:USDT,118749.6,6.136,118749.5,0.005,118749.7,24.136,118749.8,0.006
1753769347135,06:09:07.135,binanceusdm,BTC/USDT:USDT,118749.6,6.336,118749.5,0.005,118749.7,24.136,118749.8,0.006
1753769347236,06:09:07.236,binanceusdm,BTC/USDT:USDT,118749.6,5.15,118749.5,0.005,118749.7,24.105,118749.8,0.006
1753769347338,06:09:07.338,binanceusdm,BTC/USDT:USDT,118749.6,5.747,118749.5,0.005,118749.7,24.109,118749.8,0.006
1753769347439,06:09:07.439,binanceusdm,BTC/USDT:USDT,118749.6,5.747,118749.5,0.005,118749.7,24.11,118749.8,0.006
1753769347541,06:09:07.541,binanceusdm,BTC/USDT:USDT,118749.6,5.862,118749.5,0.005,118749.7,24.111,118749.8,0.006
1753769347642,06:09:07.642,binanceusdm,BTC/USDT:USDT,118749.6,5.23,118749.5,0.005,118749.7,24.093,118749.8,0.006
1753769347743,06:09:07.743,binanceusdm,BTC/USDT:USDT,118749.6,5.23,118749.5,0.005,118749.7,24.074,118749.8,0.019
1753769347847,06:09:07.847,binanceusdm,BTC/USDT:USDT,118749.6,4.618,118749.5,0.005,118749.7,24.067,118749.8,0.006
1753769347949,06:09:07.949,binanceusdm,BTC/USDT:USDT,118749.6,4.618,118749.5,0.005,118749.7,24.063,118749.8,0.006
1753769348052,06:09:08.052,binanceusdm,BTC/USDT:USDT,118749.6,4.615,118749.5,0.005,118749.7,24.059,118749.8,0.006
1753769348155,06:09:08.155,binanceusdm,BTC/USDT:USDT,118749.6,5.905,118749.5,0.005,118749.7,24.059,118749.8,0.006
1753769348256,06:09:08.256,binanceusdm,BTC/USDT:USDT,118749.6,6.739,118749.5,0.005,118749.7,23.861,118749.8,0.006
1753769348359,06:09:08.359,binanceusdm,BTC/USDT:USDT,118749.6,6.154,118749.5,0.005,118749.7,23.862,118749.8,0.006
1753769348460,06:09:08.460,binanceusdm,BTC/USDT:USDT,118749.6,6.154,118749.5,0.005,118749.7,23.862,118749.8,0.006
1753769348561,06:09:08.561,binanceusdm,BTC/USDT:USDT,118749.6,6.154,118749.5,0.005,118749.7,23.863,118749.8,0.006
1753769348662,06:09:08.662,binanceusdm,BTC/USDT:USDT,118749.6,6.154,118749.5,0.005,118749.7,23.861,118749.8,0.006
1753769348763,06:09:08.763,binanceusdm,BTC/USDT:USDT,118749.6,6.153,118749.5,0.005,118749.7,23.816,118749.8,0.006
1753769348865,06:09:08.865,binanceusdm,BTC/USDT:USDT,118749.6,6.153,118749.5,0.005,118749.7,23.815,118749.8,0.006
1753769348967,06:09:08.967,binanceusdm,BTC/USDT:USDT,118749.6,6.133,118749.5,0.005,118749.7,23.815,118749.8,0.006
1753769349070,06:09:09.070,binanceusdm,BTC/USDT:USDT,118749.6,6.133,118749.5,0.005,118749.7,23.818,118749.8,0.006
1753769349173,06:09:09.173,binanceusdm,BTC/USDT:USDT,118749.6,6.135,118749.5,0.005,118749.7,24.062,118749.8,0.006
1753769349275,06:09:09.275,binanceusdm,BTC/USDT:USDT,118749.6,6.135,118749.5,0.005,118749.7,24.059,118749.8,0.006
1753769349378,06:09:09.378,binanceusdm,BTC/USDT:USDT,118749.6,6.137,118749.5,0.005,118749.7,25.613,118749.8,0.006
1753769349481,06:09:09.481,binanceusdm,BTC/USDT:USDT,118749.6,6.137,118749.5,0.005,118749.7,25.615,118749.8,0.006
1753769349582,06:09:09.582,binanceusdm,BTC/USDT:USDT,118749.6,6.778,118749.5,0.005,118749.7,25.178,118749.8,0.006
1753769349685,06:09:09.685,binanceusdm,BTC/USDT:USDT,118749.6,5.535,118749.5,0.005,118749.7,25.18,118749.8,0.006
1753769349786,06:09:09.786,binanceusdm,BTC/USDT:USDT,118749.6,6.128,118749.5,0.005,118749.7,25.181,118749.8,0.006
1753769349887,06:09:09.887,binanceusdm,BTC/USDT:USDT,118749.6,6.063,118749.5,0.005,118749.7,25.181,118749.8,0.006
1753769349989,06:09:09.989,binanceusdm,BTC/USDT:USDT,118749.6,5.47,118749.5,0.005,118749.7,25.181,118749.8,0.006
1753769350092,06:09:10.092,binanceusdm,BTC/USDT:USDT,118749.6,6.656,118749.5,0.005,118749.7,25.174,118749.8,0.006
1753769350193,06:09:10.193,binanceusdm,BTC/USDT:USDT,118749.6,6.654,118749.5,0.005,118749.7,25.182,118749.8,0.006
1753769350295,06:09:10.295,binanceusdm,BTC/USDT:USDT,118749.6,6.061,118749.5,0.005,118749.7,25.181,118749.8,0.006
1753769350396,06:09:10.396,binanceusdm,BTC/USDT:USDT,118749.6,6.482,118749.5,0.005,118749.7,25.176,118749.8,0.006
1753769350498,06:09:10.498,binanceusdm,BTC/USDT:USDT,118749.6,6.483,118749.5,0.005,118749.7,25.178,118749.8,0.006
1753769350600,06:09:10.600,binanceusdm,BTC/USDT:USDT,118749.6,6.787,118749.5,0.005,118749.7,25.178,118749.8,0.006
1753769350702,06:09:10.702,binanceusdm,BTC/USDT:USDT,118749.6,6.41,118749.5,0.005,118749.7,25.178,118749.8,0.006
1753769350803,06:09:10.803,binanceusdm,BTC/USDT:USDT,118749.6,5.387,118749.5,0.005,118749.7,25.263,118749.8,0.006
1753769350907,06:09:10.907,binanceusdm,BTC/USDT:USDT,118749.6,6.404,118749.5,0.005,118749.7,25.178,118749.8,0.006
1753769351008,06:09:11.008,binanceusdm,BTC/USDT:USDT,118749.6,6.802,118749.5,0.005,118749.7,25.178,118749.8,0.006
1753769351109,06:09:11.109,binanceusdm,BTC/USDT:USDT,118749.6,9.259,118749.5,0.006,118749.7,24.108,118749.8,0.006
1753769351210,06:09:11.210,binanceusdm,BTC/USDT:USDT,118749.6,8.157,118749.5,0.006,118749.7,24.086,118749.8,0.006
1753769351313,06:09:11.313,binanceusdm,BTC/USDT:USDT,118749.6,7.932,118749.5,0.006,118749.7,24.086,118749.8,0.006
1753769351414,06:09:11.414,binanceusdm,BTC/USDT:USDT,118749.6,8.081,118749.5,0.006,118749.7,24.085,118749.8,0.012
1753769351516,06:09:11.516,binanceusdm,BTC/USDT:USDT,118749.6,7.795,118749.5,0.006,118749.7,24.085,118749.8,0.012
1753769351618,06:09:11.618,binanceusdm,BTC/USDT:USDT,118749.6,8.49,118749.5,0.006,118749.7,24.085,118749.8,0.012
1753769351720,06:09:11.720,binanceusdm,BTC/USDT:USDT,118749.6,8.215,118749.5,0.006,118749.7,24.09,118749.8,0.012
1753769351822,06:09:11.822,binanceusdm,BTC/USDT:USDT,118749.6,8.017,118749.5,0.006,118749.7,24.09,118749.8,0.012
1753769351923,06:09:11.923,binanceusdm,BTC/USDT:USDT,118749.6,8.017,118749.5,0.006,118749.7,24.09,118749.8,0.012
1753769352126,06:09:12.126,binanceusdm,BTC/USDT:USDT,118749.6,8.455,118749.5,0.006,118749.7,24.09,118749.8,0.012
1753769352229,06:09:12.229,binanceusdm,BTC/USDT:USDT,118749.6,7.959,118749.5,0.006,118749.7,24.09,118749.8,0.012
1753769352332,06:09:12.332,binanceusdm,BTC/USDT:USDT,118749.6,7.606,118749.5,0.006,118749.7,24.09,118749.8,0.012
1753769352435,06:09:12.435,binanceusdm,BTC/USDT:USDT,118749.6,9.459,118749.5,0.006,118749.7,22.15,118749.8,0.01
1753769352537,06:09:12.537,binanceusdm,BTC/USDT:USDT,118749.6,10.737,118749.5,0.006,118749.7,13.352,118749.8,0.01
1753769352638,06:09:12.638,binanceusdm,BTC/USDT:USDT,118749.6,10.667,118749.5,0.006,118749.7,9.973,118749.8,0.01
1753769352739,06:09:12.739,binanceusdm,BTC/USDT:USDT,118749.6,12.19,118749.5,0.006,118749.7,9.139,118749.8,0.01
1753769352840,06:09:12.840,binanceusdm,BTC/USDT:USDT,118749.6,12.19,118749.5,0.006,118749.7,9.149,118749.8,0.01
1753769352941,06:09:12.941,binanceusdm,BTC/USDT:USDT,118749.6,12.445,118749.5,0.006,118749.7,9.149,118749.8,0.012
1753769353043,06:09:13.043,binanceusdm,BTC/USDT:USDT,118749.6,12.394,118749.5,0.006,118749.7,9.149,118749.8,0.012
1753769353146,06:09:13.146,binanceusdm,BTC/USDT:USDT,118749.6,12.221,118749.5,0.006,118749.7,9.149,118749.8,0.012
1753769353247,06:09:13.247,binanceusdm,BTC/USDT:USDT,118749.6,12.218,118749.5,0.006,118749.7,9.147,118749.8,0.012
1753769353350,06:09:13.350,binanceusdm,BTC/USDT:USDT,118749.6,11.58,118749.5,0.005,118749.7,9.198,118749.8,0.012
1753769353456,06:09:13.456,binanceusdm,BTC/USDT:USDT,118749.6,9.94,118749.5,0.005,118749.7,9.198,118749.8,0.012
1753769353559,06:09:13.559,binanceusdm,BTC/USDT:USDT,118749.6,10.599,118749.5,0.005,118749.7,9.198,118749.8,0.012
1753769353661,06:09:13.661,binanceusdm,BTC/USDT:USDT,118749.6,10.599,118749.5,0.005,118749.7,9.198,118749.8,0.012
1753769353763,06:09:13.763,binanceusdm,BTC/USDT:USDT,118749.6,9.939,118749.5,0.005,118749.7,9.198,118749.8,0.012
1753769353866,06:09:13.866,binanceusdm,BTC/USDT:USDT,118749.6,10.614,118749.5,0.005,118749.7,9.195,118749.8,0.012
1753769353968,06:09:13.968,binanceusdm,BTC/USDT:USDT,118749.6,10.614,118749.5,0.006,118749.7,9.225,118749.8,0.012
1753769354069,06:09:14.069,binanceusdm,BTC/USDT:USDT,118749.6,10.614,118749.5,0.006,118749.7,9.221,118749.8,0.012
1753769354172,06:09:14.172,binanceusdm,BTC/USDT:USDT,118749.6,10.623,118749.5,0.006,118749.7,9.225,118749.8,0.012
1753769354273,06:09:14.273,binanceusdm,BTC/USDT:USDT,118749.6,10.622,118749.5,0.006,118749.7,9.225,118749.8,0.012
1753769354375,06:09:14.375,binanceusdm,BTC/USDT:USDT,118749.6,10.622,118749.5,0.006,118749.7,9.225,118749.8,0.012
1753769354477,06:09:14.477,binanceusdm,BTC/USDT:USDT,118749.6,10.624,118749.5,0.006,118749.7,9.221,118749.8,0.012
1753769354579,06:09:14.579,binanceusdm,BTC/USDT:USDT,118749.6,10.624,118749.5,0.006,118749.7,9.221,118749.8,0.012
1753769354682,06:09:14.682,binanceusdm,BTC/USDT:USDT,118749.6,10.624,118749.5,0.019,118749.7,9.221,118749.8,0.012
1753769354784,06:09:14.784,binanceusdm,BTC/USDT:USDT,118749.6,10.624,118749.5,0.006,118749.7,9.221,118749.8,0.012
1753769354885,06:09:14.885,binanceusdm,BTC/USDT:USDT,118749.6,10.624,118749.5,0.019,118749.7,9.215,118749.8,0.012
1753769354986,06:09:14.986,binanceusdm,BTC/USDT:USDT,118749.6,10.624,118749.5,0.019,118749.7,9.215,118749.8,0.012
1753769355089,06:09:15.089,binanceusdm,BTC/USDT:USDT,118749.6,10.624,118749.5,0.019,118749.7,9.453,118749.8,0.012
1753769355192,06:09:15.192,binanceusdm,BTC/USDT:USDT,118749.6,10.624,118749.5,0.019,118749.7,9.453,118749.8,0.012
1753769355294,06:09:15.294,binanceusdm,BTC/USDT:USDT,118749.6,10.589,118749.5,0.006,118749.7,9.457,118749.8,0.012
1753769355395,06:09:15.395,binanceusdm,BTC/USDT:USDT,118749.6,10.591,118749.5,0.006,118749.7,9.457,118749.8,0.012
1753769355599,06:09:15.599,binanceusdm,BTC/USDT:USDT,118749.6,10.564,118749.5,0.006,118749.7,9.45,118749.8,0.012
1753769355700,06:09:15.700,binanceusdm,BTC/USDT:USDT,118749.6,11.05,118749.5,0.006,118749.7,9.45,118749.8,0.012
1753769355802,06:09:15.802,binanceusdm,BTC/USDT:USDT,118749.6,9.947,118749.5,0.006,118749.7,9.437,118749.8,0.012
1753769355904,06:09:15.904,binanceusdm,BTC/USDT:USDT,118749.6,10.577,118749.5,0.006,118749.7,9.44,118749.8,0.012
1753769356006,06:09:16.006,binanceusdm,BTC/USDT:USDT,118749.6,10.577,118749.5,0.006,118749.7,9.44,118749.8,0.012
1753769356109,06:09:16.109,binanceusdm,BTC/USDT:USDT,118749.6,9.683,118749.5,0.006,118749.7,9.44,118749.8,0.012
1753769356215,06:09:16.215,binanceusdm,BTC/USDT:USDT,118749.6,10.335,118749.5,0.006,118749.7,9.44,118749.8,0.012
1753769356317,06:09:16.317,binanceusdm,BTC/USDT:USDT,118749.6,10.335,118749.5,0.006,118749.7,9.489,118749.8,0.012
1753769356418,06:09:16.418,binanceusdm,BTC/USDT:USDT,118749.6,10.339,118749.5,0.006,118749.7,9.489,118749.8,0.012
1753769356520,06:09:16.520,binanceusdm,BTC/USDT:USDT,118749.6,10.373,118749.5,0.006,118749.7,9.489,118749.8,0.012
1753769356623,06:09:16.623,binanceusdm,BTC/USDT:USDT,118749.6,10.386,118749.5,0.006,118749.7,9.459,118749.8,0.012
1753769356727,06:09:16.727,binanceusdm,BTC/USDT:USDT,118749.6,10.373,118749.5,0.006,118749.7,9.459,118749.8,0.012
1753769356830,06:09:16.830,binanceusdm,BTC/USDT:USDT,118749.6,10.373,118749.5,0.006,118749.7,9.459,118749.8,0.012
1753769356934,06:09:16.934,binanceusdm,BTC/USDT:USDT,118749.6,10.373,118749.5,0.006,118749.7,9.459,118749.8,0.012
1753769357037,06:09:17.037,binanceusdm,BTC/USDT:USDT,118749.6,10.369,118749.5,0.006,118749.7,9.459,118749.8,0.012
1753769357138,06:09:17.138,binanceusdm,BTC/USDT:USDT,118749.6,10.369,118749.5,0.006,118749.7,9.459,118749.8,0.012
1753769357239,06:09:17.239,binanceusdm,BTC/USDT:USDT,118749.6,10.369,118749.5,0.006,118749.7,9.501,118749.8,0.012
1753769357341,06:09:17.341,binanceusdm,BTC/USDT:USDT,118749.6,10.372,118749.5,0.006,118749.7,9.477,118749.8,0.012
1753769357442,06:09:17.442,binanceusdm,BTC/USDT:USDT,118749.6,10.364,118749.5,0.006,118749.7,9.477,118749.8,0.012
1753769357647,06:09:17.647,binanceusdm,BTC/USDT:USDT,118749.6,10.612,118749.5,0.006,118749.7,9.474,118749.8,0.012
1753769357749,06:09:17.749,binanceusdm,BTC/USDT:USDT,118749.6,10.612,118749.5,0.006,118749.7,9.474,118749.8,0.012
1753769357852,06:09:17.852,binanceusdm,BTC/USDT:USDT,118749.6,10.612,118749.5,0.006,118749.7,9.423,118749.8,0.012
1753769357955,06:09:17.955,binanceusdm,BTC/USDT:USDT,118749.6,10.612,118749.5,0.006,118749.7,9.423,118749.8,0.012
1753769358058,06:09:18.058,binanceusdm,BTC/USDT:USDT,118749.6,10.612,118749.5,0.006,118749.7,9.364,118749.8,0.012
1753769358159,06:09:18.159,binanceusdm,BTC/USDT:USDT,118749.6,10.424,118749.5,0.006,118749.7,9.407,118749.8,0.012
1753769358466,06:09:18.466,binanceusdm,BTC/USDT:USDT,118749.6,10.175,118749.5,0.019,118749.7,9.295,118749.8,0.012
1753769358572,06:09:18.572,binanceusdm,BTC/USDT:USDT,118749.6,10.064,118749.5,0.019,118749.7,9.346,118749.8,0.012
1753769358673,06:09:18.673,binanceusdm,BTC/USDT:USDT,118749.6,10.064,118749.5,0.006,118749.7,9.346,118749.8,0.012
1753769358775,06:09:18.775,binanceusdm,BTC/USDT:USDT,118749.6,10.056,118749.5,0.006,118749.7,9.346,118749.8,0.012
1753769358979,06:09:18.979,binanceusdm,BTC/USDT:USDT,118749.6,10.056,118749.5,0.006,118749.7,9.346,118749.8,0.012
1753769359082,06:09:19.082,binanceusdm,BTC/USDT:USDT,118749.6,10.056,118749.5,0.006,118749.7,9.346,118749.8,0.012
1753769359185,06:09:19.185,binanceusdm,BTC/USDT:USDT,118749.6,10.056,118749.5,0.006,118749.7,9.346,118749.8,0.012
1753769359287,06:09:19.287,binanceusdm,BTC/USDT:USDT,118749.6,10.067,118749.5,0.006,118749.7,9.346,118749.8,0.012
1753769359388,06:09:19.388,binanceusdm,BTC/USDT:USDT,118749.6,8.416,118749.5,0.006,118749.7,10.225,118749.8,0.016
1753769359691,06:09:19.691,binanceusdm,BTC/USDT:USDT,118749.6,8.39,118749.5,0.006,118749.7,10.105,118749.8,0.016
1753769359794,06:09:19.794,binanceusdm,BTC/USDT:USDT,118749.6,9.447,118749.5,0.006,118749.7,10.114,118749.8,0.012
1753769359897,06:09:19.897,binanceusdm,BTC/USDT:USDT,118749.6,9.207,118749.5,0.006,118749.7,9.766,118749.8,0.012
1753769359998,06:09:19.998,binanceusdm,BTC/USDT:USDT,118749.6,9.497,118749.5,0.606,118749.7,9.724,118749.8,0.01
1753769360099,06:09:20.099,binanceusdm,BTC/USDT:USDT,118749.6,9.499,118749.5,0.606,118749.7,9.723,118749.8,0.012
1753769360200,06:09:20.200,binanceusdm,BTC/USDT:USDT,118749.6,9.51,118749.5,0.606,118749.7,9.719,118749.8,0.012
1753769360301,06:09:20.301,binanceusdm,BTC/USDT:USDT,118749.6,9.498,118749.5,0.606,118749.7,9.576,118749.8,0.012
1753769360402,06:09:20.402,binanceusdm,BTC/USDT:USDT,118749.6,9.789,118749.5,0.606,118749.7,9.603,118749.8,0.016
1753769360503,06:09:20.503,binanceusdm,BTC/USDT:USDT,118749.6,9.795,118749.5,0.606,118749.7,9.603,118749.8,0.016
1753769360606,06:09:20.606,binanceusdm,BTC/USDT:USDT,118749.6,11.413,118749.5,0.606,118749.7,9.604,118749.8,0.016
1753769360710,06:09:20.710,binanceusdm,BTC/USDT:USDT,118749.6,10.612,118749.5,0.606,118749.7,9.553,118749.8,0.016
1753769360811,06:09:20.811,binanceusdm,BTC/USDT:USDT,118749.6,10.932,118749.5,0.606,118749.7,9.553,118749.8,0.016
1753769360914,06:09:20.914,binanceusdm,BTC/USDT:USDT,118749.6,11.572,118749.5,0.606,118749.7,9.553,118749.8,0.016
1753769361017,06:09:21.017,binanceusdm,BTC/USDT:USDT,118749.6,11.572,118749.5,0.606,118749.7,9.553,118749.8,0.016
1753769361118,06:09:21.118,binanceusdm,BTC/USDT:USDT,118749.6,11.572,118749.5,0.606,118749.7,9.538,118749.8,0.016
1753769361220,06:09:21.220,binanceusdm,BTC/USDT:USDT,118749.6,12.77,118749.5,0.606,118749.7,7.121,118749.8,0.016
1753769361321,06:09:21.321,binanceusdm,BTC/USDT:USDT,118749.6,14.328,118749.5,0.606,118749.7,3.525,118749.8,0.012
1753769361422,06:09:21.422,binanceusdm,BTC/USDT:USDT,118749.6,12.839,118749.5,0.606,118749.7,3.528,118749.8,0.012
1753769361525,06:09:21.525,binanceusdm,BTC/USDT:USDT,118749.6,12.838,118749.5,0.606,118749.7,3.527,118749.8,0.012
1753769361627,06:09:21.627,binanceusdm,BTC/USDT:USDT,118749.6,12.838,118749.5,0.606,118749.7,3.525,118749.8,0.012
1753769361729,06:09:21.729,binanceusdm,BTC/USDT:USDT,118749.6,11.996,118749.5,0.606,118749.7,3.525,118749.8,0.012
1753769361831,06:09:21.831,binanceusdm,BTC/USDT:USDT,118749.6,12.783,118749.5,0.606,118749.7,3.525,118749.8,0.012
1753769361933,06:09:21.933,binanceusdm,BTC/USDT:USDT,118749.6,13.128,118749.5,0.619,118749.7,3.576,118749.8,0.012
1753769362036,06:09:22.036,binanceusdm,BTC/USDT:USDT,118749.6,12.646,118749.5,0.619,118749.7,3.576,118749.8,0.012
1753769362137,06:09:22.137,binanceusdm,BTC/USDT:USDT,118749.6,12.658,118749.5,0.619,118749.7,3.576,118749.8,0.012
1753769362238,06:09:22.238,binanceusdm,BTC/USDT:USDT,118749.6,12.731,118749.5,0.619,118749.7,3.511,118749.8,0.012
1753769362339,06:09:22.339,binanceusdm,BTC/USDT:USDT,118749.6,12.731,118749.5,0.619,118749.7,3.78,118749.8,0.012
1753769362441,06:09:22.441,binanceusdm,BTC/USDT:USDT,118749.6,12.728,118749.5,0.619,118749.7,3.73,118749.8,0.012
1753769362544,06:09:22.544,binanceusdm,BTC/USDT:USDT,118749.6,12.736,118749.5,0.619,118749.7,3.73,118749.8,0.012
1753769362647,06:09:22.647,binanceusdm,BTC/USDT:USDT,118749.6,12.736,118749.5,0.619,118749.7,3.73,118749.8,0.012
1753769362749,06:09:22.749,binanceusdm,BTC/USDT:USDT,118749.6,12.732,118749.5,0.619,118749.7,3.73,118749.8,0.012
1753769362852,06:09:22.852,binanceusdm,BTC/USDT:USDT,118749.6,12.735,118749.5,0.619,118749.7,3.696,118749.8,0.012
1753769362954,06:09:22.954,binanceusdm,BTC/USDT:USDT,118749.6,12.735,118749.5,0.619,118749.7,3.696,118749.8,0.012
1753769363057,06:09:23.057,binanceusdm,BTC/USDT:USDT,118749.6,12.737,118749.5,0.619,118749.7,3.696,118749.8,0.012
1753769363160,06:09:23.160,binanceusdm,BTC/USDT:USDT,118749.6,12.769,118749.5,0.619,118749.7,3.696,118749.8,0.012
1753769363262,06:09:23.262,binanceusdm,BTC/USDT:USDT,118749.6,12.711,118749.5,0.619,118749.7,3.696,118749.8,0.012
1753769363363,06:09:23.363,binanceusdm,BTC/USDT:USDT,118749.6,12.731,118749.5,0.619,118749.7,3.696,118749.8,0.012
1753769363464,06:09:23.464,binanceusdm,BTC/USDT:USDT,118749.6,13.215,118749.5,0.619,118749.7,3.696,118749.8,0.012
1753769363565,06:09:23.565,binanceusdm,BTC/USDT:USDT,118749.6,12.728,118749.5,0.619,118749.7,3.694,118749.8,0.012
1753769363672,06:09:23.672,binanceusdm,BTC/USDT:USDT,118749.6,12.728,118749.5,0.619,118749.7,3.743,118749.8,0.012
1753769363775,06:09:23.775,binanceusdm,BTC/USDT:USDT,118749.6,11.963,118749.5,0.619,118749.7,3.748,118749.8,0.012
1753769363878,06:09:23.878,binanceusdm,BTC/USDT:USDT,118749.6,11.322,118749.5,0.619,118749.7,3.755,118749.8,0.012
1753769363979,06:09:23.979,binanceusdm,BTC/USDT:USDT,118749.6,10.719,118749.5,1.056,118749.7,3.782,118749.8,0.012
1753769364081,06:09:24.081,binanceusdm,BTC/USDT:USDT,118749.6,10.72,118749.5,1.056,118749.7,3.782,118749.8,0.012
1753769364182,06:09:24.182,binanceusdm,BTC/USDT:USDT,118749.6,11.052,118749.5,1.056,118749.7,3.782,118749.8,0.012
1753769364283,06:09:24.283,binanceusdm,BTC/USDT:USDT,118749.6,11.404,118749.5,1.056,118749.7,3.773,118749.8,0.012
1753769364389,06:09:24.389,binanceusdm,BTC/USDT:USDT,118749.6,12.443,118749.5,1.056,118749.7,3.774,118749.8,0.012
1753769364492,06:09:24.492,binanceusdm,BTC/USDT:USDT,118749.6,11.923,118749.5,1.056,118749.7,3.774,118749.8,0.012
1753769364594,06:09:24.594,binanceusdm,BTC/USDT:USDT,118749.6,10.685,118749.5,1.056,118749.7,3.774,118749.8,0.012
1753769364698,06:09:24.698,binanceusdm,BTC/USDT:USDT,118749.6,11.282,118749.5,1.056,118749.7,3.776,118749.8,0.012
1753769364800,06:09:24.800,binanceusdm,BTC/USDT:USDT,118749.6,11.174,118749.5,1.056,118749.7,3.776,118749.8,0.012
1753769364902,06:09:24.902,binanceusdm,BTC/USDT:USDT,118749.6,12.298,118749.5,1.056,118749.7,3.779,118749.8,0.016
1753769365008,06:09:25.008,binanceusdm,BTC/USDT:USDT,118749.6,11.812,118749.5,1.056,118749.7,3.728,118749.8,0.016
1753769365111,06:09:25.111,binanceusdm,BTC/USDT:USDT,118749.6,11.172,118749.5,1.056,118749.7,3.728,118749.8,0.016
1753769365317,06:09:25.317,binanceusdm,BTC/USDT:USDT,118749.6,11.376,118749.5,1.056,118749.7,3.726,118749.8,0.016
1753769365418,06:09:25.418,binanceusdm,BTC/USDT:USDT,118749.6,11.35,118749.5,1.056,118749.7,3.775,118749.8,0.016
1753769365521,06:09:25.521,binanceusdm,BTC/USDT:USDT,118749.6,11.147,118749.5,1.056,118749.7,3.775,118749.8,0.016
1753769365622,06:09:25.622,binanceusdm,BTC/USDT:USDT,118749.6,4.39,118749.5,0.006,118749.7,11.796,118749.8,0.022
1753769365723,06:09:25.723,binanceusdm,BTC/USDT:USDT,118749.6,4.192,118749.5,0.006,118749.7,12.003,118749.8,0.022
1753769365824,06:09:25.824,binanceusdm,BTC/USDT:USDT,118749.6,3.646,118749.5,0.005,118749.7,11.398,118749.8,0.022
1753769365925,06:09:25.925,binanceusdm,BTC/USDT:USDT,118749.6,3.807,118749.5,0.005,118749.7,11.264,118749.8,0.022
1753769366027,06:09:26.027,binanceusdm,BTC/USDT:USDT,118749.6,4.325,118749.5,0.005,118749.7,10.939,118749.8,0.022
1753769366131,06:09:26.131,binanceusdm,BTC/USDT:USDT,118749.6,1.803,118749.5,0.004,118749.7,11.941,118749.8,0.024
1753769366233,06:09:26.233,binanceusdm,BTC/USDT:USDT,118749.6,1.28,118749.5,0.004,118749.7,11.976,118749.8,0.02
1753769366335,06:09:26.335,binanceusdm,BTC/USDT:USDT,118749.6,1.147,118749.5,0.004,118749.7,12.954,118749.8,0.02
1753769366438,06:09:26.438,binanceusdm,BTC/USDT:USDT,118749.6,1.144,118749.5,0.004,118749.7,11.997,118749.8,0.02
1753769366539,06:09:26.539,binanceusdm,BTC/USDT:USDT,118749.6,1.104,118749.5,0.004,118749.7,12.502,118749.8,0.022
1753769366640,06:09:26.640,binanceusdm,BTC/USDT:USDT,118749.6,1.375,118749.5,0.004,118749.7,12.591,118749.8,0.02
1753769366741,06:09:26.741,binanceusdm,BTC/USDT:USDT,118749.6,3.131,118749.5,0.004,118749.7,11.144,118749.8,0.02
1753769366843,06:09:26.843,binanceusdm,BTC/USDT:USDT,118749.6,3.253,118749.5,0.004,118749.7,11.143,118749.8,0.02
1753769366944,06:09:26.944,binanceusdm,BTC/USDT:USDT,118749.6,3.293,118749.5,0.004,118749.7,11.143,118749.8,0.02
1753769367046,06:09:27.046,binanceusdm,BTC/USDT:USDT,118749.6,3.292,118749.5,0.004,118749.7,11.143,118749.8,0.02
1753769367149,06:09:27.149,binanceusdm,BTC/USDT:USDT,118749.6,1.662,118749.5,0.004,118749.7,11.157,118749.8,0.02
1753769367250,06:09:27.250,binanceusdm,BTC/USDT:USDT,118749.6,1.667,118749.5,0.004,118749.7,11.144,118749.8,0.02
1753769367351,06:09:27.351,binanceusdm,BTC/USDT:USDT,118749.6,1.639,118749.5,0.004,118749.7,11.151,118749.8,0.02
1753769367459,06:09:27.459,binanceusdm,BTC/USDT:USDT,118749.6,1.639,118749.5,0.004,118749.7,11.151,118749.8,0.02
1753769367663,06:09:27.663,binanceusdm,BTC/USDT:USDT,118749.6,3.278,118749.5,0.004,118749.7,11.151,118749.8,0.02
1753769367868,06:09:27.868,binanceusdm,BTC/USDT:USDT,118749.6,1.759,118749.5,0.004,118749.7,11.145,118749.8,0.02
1753769367972,06:09:27.972,binanceusdm,BTC/USDT:USDT,118749.6,1.759,118749.5,0.004,118749.7,11.145,118749.8,0.02
1753769368073,06:09:28.073,binanceusdm,BTC/USDT:USDT,118749.6,1.759,118749.5,0.004,118749.7,11.145,118749.8,0.02
1753769368175,06:09:28.175,binanceusdm,BTC/USDT:USDT,118749.6,1.634,118749.5,0.004,118749.7,11.143,118749.8,0.02
1753769368378,06:09:28.378,binanceusdm,BTC/USDT:USDT,118749.6,1.146,118749.5,0.004,118749.7,11.225,118749.8,0.02
1753769368480,06:09:28.480,binanceusdm,BTC/USDT:USDT,118749.6,1.17,118749.5,0.004,118749.7,12.186,118749.8,0.02
1753769368884,06:09:28.884,binanceusdm,BTC/USDT:USDT,118749.6,1.261,118749.5,0.004,118749.7,11.13,118749.8,0.02
1753769368987,06:09:28.987,binanceusdm,BTC/USDT:USDT,118749.6,1.557,118749.5,0.004,118749.7,11.13,118749.8,0.02
1753769369089,06:09:29.089,binanceusdm,BTC/USDT:USDT,118749.6,1.557,118749.5,0.004,118749.7,11.13,118749.8,0.02
1753769369193,06:09:29.193,binanceusdm,BTC/USDT:USDT,118749.6,1.753,118749.5,0.004,118749.7,11.135,118749.8,0.02
1753769369295,06:09:29.295,binanceusdm,BTC/USDT:USDT,118749.6,3.361,118749.5,0.004,118749.7,11.134,118749.8,0.02
1753769369398,06:09:29.398,binanceusdm,BTC/USDT:USDT,118749.6,3.363,118749.5,0.004,118749.7,10.474,118749.8,0.02
1753769369500,06:09:29.500,binanceusdm,BTC/USDT:USDT,118749.6,1.757,118749.5,0.004,118749.7,11.227,118749.8,0.02
1753769369602,06:09:29.602,binanceusdm,BTC/USDT:USDT,118749.6,1.718,118749.5,0.004,118749.7,11.228,118749.8,0.022
1753769369703,06:09:29.703,binanceusdm,BTC/USDT:USDT,118749.6,1.717,118749.5,0.004,118749.7,11.257,118749.8,0.02
1753769369805,06:09:29.805,binanceusdm,BTC/USDT:USDT,118749.6,1.717,118749.5,0.004,118749.7,11.257,118749.8,0.02
1753769369906,06:09:29.906,binanceusdm,BTC/USDT:USDT,118749.6,1.717,118749.5,0.004,118749.7,11.257,118749.8,0.02
1753769370009,06:09:30.009,binanceusdm,BTC/USDT:USDT,118749.6,1.717,118749.5,0.004,118749.7,11.257,118749.8,0.02
1753769370110,06:09:30.110,binanceusdm,BTC/USDT:USDT,118749.6,1.717,118749.5,0.004,118749.7,11.259,118749.8,0.02
1753769370211,06:09:30.211,binanceusdm,BTC/USDT:USDT,118749.6,1.729,118749.5,0.004,118749.7,11.259,118749.8,0.02
1753769370417,06:09:30.417,binanceusdm,BTC/USDT:USDT,118749.6,3.297,118749.5,0.004,118749.7,11.138,118749.8,0.02
1753769370518,06:09:30.518,binanceusdm,BTC/USDT:USDT,118749.6,3.457,118749.5,0.004,118749.7,11.137,118749.8,0.02
1753769370619,06:09:30.619,binanceusdm,BTC/USDT:USDT,118749.6,3.298,118749.5,0.004,118749.7,11.137,118749.8,0.022
1753769370721,06:09:30.721,binanceusdm,BTC/USDT:USDT,118749.6,3.257,118749.5,0.004,118749.7,11.137,118749.8,0.022
1753769370822,06:09:30.822,binanceusdm,BTC/USDT:USDT,118737.1,2.426,118737.0,0.002,118737.2,15.653,118737.5,0.034
1753769370923,06:09:30.923,binanceusdm,BTC/USDT:USDT,118737.1,0.731,118737.0,0.002,118737.2,19.763,118737.3,0.002
1753769371024,06:09:31.024,binanceusdm,BTC/USDT:USDT,118737.1,5.731,118737.0,0.004,118737.2,20.241,118737.3,0.002
1753769371125,06:09:31.125,binanceusdm,BTC/USDT:USDT,118737.1,4.849,118737.0,0.004,118737.2,19.687,118737.3,0.002
1753769371226,06:09:31.226,binanceusdm,BTC/USDT:USDT,118737.1,4.85,118737.0,0.005,118737.2,19.59,118737.3,0.004
1753769371327,06:09:31.327,binanceusdm,BTC/USDT:USDT,118737.1,5.051,118737.0,0.005,118737.2,19.588,118737.3,0.004
1753769371429,06:09:31.429,binanceusdm,BTC/USDT:USDT,118737.1,5.051,118737.0,0.005,118737.2,19.609,118737.3,0.004
1753769371530,06:09:31.530,binanceusdm,BTC/USDT:USDT,118737.1,4.506,118737.0,0.005,118737.2,19.606,118737.3,0.004
1753769371635,06:09:31.635,binanceusdm,BTC/USDT:USDT,118737.1,4.506,118737.0,0.005,118737.2,19.558,118737.3,0.008
1753769371736,06:09:31.736,binanceusdm,BTC/USDT:USDT,118737.1,3.62,118737.0,0.004,118737.2,21.199,118737.3,0.01
1753769371837,06:09:31.837,binanceusdm,BTC/USDT:USDT,118737.1,3.485,118737.0,0.004,118737.2,20.215,118737.3,0.008
1753769371938,06:09:31.938,binanceusdm,BTC/USDT:USDT,118737.1,0.716,118737.0,0.004,118737.2,20.82,118737.3,0.008
1753769372039,06:09:32.039,binanceusdm,BTC/USDT:USDT,118737.1,0.395,118737.0,0.004,118737.2,21.215,118737.3,0.008
1753769372140,06:09:32.140,binanceusdm,BTC/USDT:USDT,118735.0,0.96,118734.7,0.012,118735.1,26.17,118735.2,0.002
1753769372241,06:09:32.241,binanceusdm,BTC/USDT:USDT,118735.0,0.207,118734.7,0.012,118735.1,26.293,118735.2,0.002
1753769372342,06:09:32.342,binanceusdm,BTC/USDT:USDT,118735.0,0.203,118734.7,0.012,118735.1,28.26,118735.2,0.002
1753769372443,06:09:32.443,binanceusdm,BTC/USDT:USDT,118734.2,0.157,118734.1,0.004,118734.3,29.65,118734.4,0.002
1753769372544,06:09:32.544,binanceusdm,BTC/USDT:USDT,118734.2,0.158,118734.1,0.006,118734.3,29.989,118734.4,0.002
1753769372648,06:09:32.648,binanceusdm,BTC/USDT:USDT,118734.2,0.425,118734.1,0.006,118734.3,27.923,118734.4,0.006
1753769372749,06:09:32.749,binanceusdm,BTC/USDT:USDT,118734.2,0.425,118734.1,0.006,118734.3,25.995,118734.4,0.006
1753769372852,06:09:32.852,binanceusdm,BTC/USDT:USDT,118734.2,0.413,118734.1,0.006,118734.3,26.049,118734.4,0.006
1753769372953,06:09:32.953,binanceusdm,BTC/USDT:USDT,118734.2,0.413,118734.1,0.006,118734.3,25.831,118734.4,0.006
1753769373055,06:09:33.055,binanceusdm,BTC/USDT:USDT,118734.2,0.692,118734.1,0.006,118734.3,23.404,118734.4,0.006
1753769373157,06:09:33.157,binanceusdm,BTC/USDT:USDT,118734.2,2.358,118734.1,0.006,118734.3,21.815,118734.4,0.006
1753769373258,06:09:33.258,binanceusdm,BTC/USDT:USDT,118734.2,2.368,118734.1,0.006,118734.3,21.813,118734.4,0.011
1753769373359,06:09:33.359,binanceusdm,BTC/USDT:USDT,118734.2,2.373,118734.1,0.006,118734.3,21.814,118734.4,0.011
1753769373460,06:09:33.460,binanceusdm,BTC/USDT:USDT,118734.2,0.73,118734.1,0.006,118734.3,22.575,118734.4,0.011
1753769373562,06:09:33.562,binanceusdm,BTC/USDT:USDT,118734.2,0.458,118734.1,0.006,118734.3,24.581,118734.4,0.011
1753769373666,06:09:33.666,binanceusdm,BTC/USDT:USDT,118734.2,0.456,118734.1,0.006,118734.3,24.581,118734.4,0.011
1753769373768,06:09:33.768,binanceusdm,BTC/USDT:USDT,118734.2,0.457,118734.1,0.006,118734.3,24.598,118734.4,0.013
1753769373869,06:09:33.869,binanceusdm,BTC/USDT:USDT,118734.2,0.201,118734.1,0.006,118734.3,25.203,118734.4,0.011
1753769373970,06:09:33.970,binanceusdm,BTC/USDT:USDT,118729.9,3.776,118729.8,0.008,118730.0,20.694,118730.1,0.002
1753769374071,06:09:34.071,binanceusdm,BTC/USDT:USDT,118729.9,4.102,118729.8,0.008,118730.0,18.907,118730.1,0.002
1753769374172,06:09:34.172,binanceusdm,BTC/USDT:USDT,118729.9,2.732,118729.8,0.008,118730.0,19.187,118730.1,0.002
1753769374685,06:09:34.685,binanceusdm,BTC/USDT:USDT,118729.9,4.346,118729.8,0.008,118730.0,19.713,118730.1,0.008
1753769374786,06:09:34.786,binanceusdm,BTC/USDT:USDT,118729.9,4.356,118729.8,0.008,118730.0,19.713,118730.1,0.006
1753769374889,06:09:34.889,binanceusdm,BTC/USDT:USDT,118729.9,4.624,118729.8,0.008,118730.0,19.732,118730.1,0.006
1753769374990,06:09:34.990,binanceusdm,BTC/USDT:USDT,118729.9,4.624,118729.8,0.008,118730.0,19.757,118730.1,0.017
1753769375091,06:09:35.091,binanceusdm,BTC/USDT:USDT,118729.9,4.614,118729.8,0.008,118730.0,19.757,118730.1,0.017
1753769375295,06:09:35.295,binanceusdm,BTC/USDT:USDT,118729.9,4.597,118729.8,0.008,118730.0,20.056,118730.1,0.017
1753769375500,06:09:35.500,binanceusdm,BTC/USDT:USDT,118729.9,5.23,118729.8,0.008,118730.0,20.046,118730.1,0.017
1753769375602,06:09:35.602,binanceusdm,BTC/USDT:USDT,118729.9,5.23,118729.8,0.008,118730.0,20.052,118730.1,0.017
1753769375703,06:09:35.703,binanceusdm,BTC/USDT:USDT,118729.9,5.23,118729.8,0.008,118730.0,20.052,118730.1,0.019
1753769375807,06:09:35.807,binanceusdm,BTC/USDT:USDT,118729.9,5.231,118729.8,0.008,118730.0,20.052,118730.1,0.019
1753769375908,06:09:35.908,binanceusdm,BTC/USDT:USDT,118729.9,4.929,118729.8,0.008,118730.0,20.052,118730.1,0.017
1753769376011,06:09:36.011,binanceusdm,BTC/USDT:USDT,118729.9,4.929,118729.8,0.008,118730.0,20.054,118730.1,0.017
1753769376112,06:09:36.112,binanceusdm,BTC/USDT:USDT,118729.9,4.929,118729.8,0.008,118730.0,20.291,118730.1,0.017
1753769376214,06:09:36.214,binanceusdm,BTC/USDT:USDT,118729.9,4.954,118729.8,0.008,118730.0,20.279,118730.1,0.017
1753769376317,06:09:36.317,binanceusdm,BTC/USDT:USDT,118729.9,4.947,118729.8,0.008,118730.0,20.278,118730.1,0.019
1753769376418,06:09:36.418,binanceusdm,BTC/USDT:USDT,118729.9,4.947,118729.8,0.008,118730.0,20.278,118730.1,0.019
1753769376519,06:09:36.519,binanceusdm,BTC/USDT:USDT,118729.9,4.949,118729.8,0.008,118730.0,20.278,118730.1,0.019
1753769376621,06:09:36.621,binanceusdm,BTC/USDT:USDT,118729.9,4.948,118729.8,0.008,118730.0,20.288,118730.1,0.021
1753769376722,06:09:36.722,binanceusdm,BTC/USDT:USDT,118729.9,4.945,118729.8,0.008,118730.0,20.289,118730.1,0.019
1753769376823,06:09:36.823,binanceusdm,BTC/USDT:USDT,118729.9,4.944,118729.8,0.008,118730.0,20.289,118730.1,0.021
1753769376925,06:09:36.925,binanceusdm,BTC/USDT:USDT,118729.9,4.937,118729.8,0.008,118730.0,20.014,118730.1,0.019
1753769377028,06:09:37.028,binanceusdm,BTC/USDT:USDT,118729.9,4.937,118729.8,0.008,118730.0,20.013,118730.1,0.019
1753769377130,06:09:37.130,binanceusdm,BTC/USDT:USDT,118729.9,4.937,118729.8,0.008,118730.0,20.013,118730.1,0.019
1753769377231,06:09:37.231,binanceusdm,BTC/USDT:USDT,118729.9,5.019,118729.8,0.008,118730.0,20.258,118730.1,0.019
1753769377334,06:09:37.334,binanceusdm,BTC/USDT:USDT,118729.9,5.019,118729.8,0.008,118730.0,20.258,118730.1,0.019
1753769377437,06:09:37.437,binanceusdm,BTC/USDT:USDT,118729.9,5.059,118729.8,0.008,118730.0,20.532,118730.1,0.019
1753769377641,06:09:37.641,binanceusdm,BTC/USDT:USDT,118729.9,5.09,118729.8,0.008,118730.0,20.61,118730.1,0.021
1753769377946,06:09:37.946,binanceusdm,BTC/USDT:USDT,118729.9,5.081,118729.8,0.01,118730.0,20.321,118730.1,0.019
1753769378047,06:09:38.047,binanceusdm,BTC/USDT:USDT,118729.9,5.08,118729.8,0.01,118730.0,20.196,118730.1,0.019
1753769378148,06:09:38.148,binanceusdm,BTC/USDT:USDT,118729.9,5.088,118729.8,0.01,118730.0,20.192,118730.1,0.019
1753769378249,06:09:38.249,binanceusdm,BTC/USDT:USDT,118729.9,4.926,118729.8,0.01,118730.0,20.194,118730.1,0.019
1753769378351,06:09:38.351,binanceusdm,BTC/USDT:USDT,118729.9,4.927,118729.8,0.011,118730.0,20.211,118730.1,0.019
1753769378457,06:09:38.457,binanceusdm,BTC/USDT:USDT,118729.9,4.926,118729.8,0.011,118730.0,20.212,118730.1,0.019
1753769378560,06:09:38.560,binanceusdm,BTC/USDT:USDT,118729.9,0.732,118729.8,0.01,118730.0,21.853,118730.1,0.019
1753769378661,06:09:38.661,binanceusdm,BTC/USDT:USDT,118729.9,0.732,118729.8,0.01,118730.0,23.591,118730.1,0.021
1753769378763,06:09:38.763,binanceusdm,BTC/USDT:USDT,118729.9,0.732,118729.8,0.01,118730.0,23.717,118730.1,0.019
1753769378864,06:09:38.864,binanceusdm,BTC/USDT:USDT,118727.1,0.158,118726.8,0.003,118727.2,29.722,118727.3,7.647
1753769378965,06:09:38.965,binanceusdm,BTC/USDT:USDT,118727.1,0.004,118726.8,0.003,118727.2,31.084,118727.3,0.615
1753769379066,06:09:39.066,binanceusdm,BTC/USDT:USDT,118727.1,0.005,118726.8,0.003,118727.2,32.482,118727.3,0.615
1753769379167,06:09:39.167,binanceusdm,BTC/USDT:USDT,118727.1,0.007,118726.8,0.003,118727.2,32.672,118727.3,0.738
1753769379268,06:09:39.268,binanceusdm,BTC/USDT:USDT,118727.1,0.007,118726.8,0.003,118727.2,33.702,118727.3,0.738
1753769379369,06:09:39.369,binanceusdm,BTC/USDT:USDT,118727.1,0.012,118726.8,0.003,118727.2,33.997,118727.3,0.74
1753769379470,06:09:39.470,binanceusdm,BTC/USDT:USDT,118727.1,0.005,118726.8,0.003,118727.2,33.005,118727.3,0.74
1753769379571,06:09:39.571,binanceusdm,BTC/USDT:USDT,118727.1,0.005,118726.8,0.003,118727.2,33.645,118727.3,0.74
1753769379672,06:09:39.672,binanceusdm,BTC/USDT:USDT,118727.1,0.012,118726.8,0.003,118727.2,33.652,118727.3,0.742
1753769379773,06:09:39.773,binanceusdm,BTC/USDT:USDT,118727.1,0.012,118726.8,0.003,118727.2,34.668,118727.3,0.742
1753769379874,06:09:39.874,binanceusdm,BTC/USDT:USDT,118727.1,0.012,118726.8,0.003,118727.2,34.931,118727.3,0.742
1753769379975,06:09:39.975,binanceusdm,BTC/USDT:USDT,118727.1,0.012,118726.8,0.003,118727.2,33.068,118727.3,0.742
1753769380077,06:09:40.077,binanceusdm,BTC/USDT:USDT,118727.1,0.012,118726.8,0.003,118727.2,33.371,118727.3,0.742
1753769380178,06:09:40.178,binanceusdm,BTC/USDT:USDT,118727.1,0.023,118726.8,0.003,118727.2,34.519,118727.3,0.742
1753769380279,06:09:40.279,binanceusdm,BTC/USDT:USDT,118727.1,0.023,118726.8,0.003,118727.2,34.524,118727.3,0.742
1753769380380,06:09:40.380,binanceusdm,BTC/USDT:USDT,118727.1,0.023,118726.8,0.003,118727.2,32.727,118727.3,0.742
1753769380481,06:09:40.481,binanceusdm,BTC/USDT:USDT,118727.1,0.023,118726.8,0.003,118727.2,35.495,118727.3,0.742
1753769380582,06:09:40.582,binanceusdm,BTC/USDT:USDT,118727.1,0.058,118726.8,0.003,118727.2,34.618,118727.3,0.742
1753769380684,06:09:40.684,binanceusdm,BTC/USDT:USDT,118727.1,0.058,118726.8,0.003,118727.2,32.412,118727.3,0.742
1753769380786,06:09:40.786,binanceusdm,BTC/USDT:USDT,118727.1,0.058,118726.8,0.003,118727.2,31.472,118727.3,0.742
1753769380887,06:09:40.887,binanceusdm,BTC/USDT:USDT,118727.1,0.067,118726.8,0.003,118727.2,32.447,118727.3,0.742
1753769381092,06:09:41.092,binanceusdm,BTC/USDT:USDT,118727.1,0.067,118726.8,0.003,118727.2,30.365,118727.3,0.742
1753769381398,06:09:41.398,binanceusdm,BTC/USDT:USDT,118727.1,0.123,118726.8,0.003,118727.2,30.606,118727.3,0.742
1753769381500,06:09:41.500,binanceusdm,BTC/USDT:USDT,118727.1,0.124,118726.8,0.003,118727.2,30.606,118727.3,0.742
1753769381602,06:09:41.602,binanceusdm,BTC/USDT:USDT,118727.1,0.124,118726.8,0.003,118727.2,30.606,118727.3,0.742
1753769381705,06:09:41.705,binanceusdm,BTC/USDT:USDT,118727.1,0.124,118726.8,0.003,118727.2,29.665,118727.3,0.744
1753769381807,06:09:41.807,binanceusdm,BTC/USDT:USDT,118727.1,0.123,118726.8,0.003,118727.2,30.699,118727.3,0.742
1753769381916,06:09:41.916,binanceusdm,BTC/USDT:USDT,118727.1,0.006,118726.8,0.003,118727.2,30.46,118727.3,0.006
1753769382017,06:09:42.017,binanceusdm,BTC/USDT:USDT,118727.1,0.004,118726.8,0.003,118727.2,33.512,118727.3,0.008
1753769382219,06:09:42.219,binanceusdm,BTC/USDT:USDT,118726.0,0.075,118725.9,0.003,118726.1,33.381,118726.2,0.002
1753769382625,06:09:42.625,binanceusdm,BTC/USDT:USDT,118726.0,0.08,118725.9,0.003,118726.1,33.897,118726.2,0.006
1753769382729,06:09:42.729,binanceusdm,BTC/USDT:USDT,118726.0,0.08,118725.9,0.003,118726.1,33.897,118726.2,0.008
1753769382935,06:09:42.935,binanceusdm,BTC/USDT:USDT,118726.0,0.08,118725.9,0.003,118726.1,33.361,118726.2,0.006
1753769383240,06:09:43.240,binanceusdm,BTC/USDT:USDT,118726.0,0.081,118725.9,0.003,118726.1,33.379,118726.2,0.006
1753769383342,06:09:43.342,binanceusdm,BTC/USDT:USDT,118726.0,0.084,118725.9,0.003,118726.1,33.745,118726.2,0.006
1753769383445,06:09:43.445,binanceusdm,BTC/USDT:USDT,118726.0,0.084,118725.9,0.003,118726.1,33.786,118726.2,0.006
1753769383548,06:09:43.548,binanceusdm,BTC/USDT:USDT,118722.9,1.101,118722.8,0.002,118723.0,30.388,118723.1,0.249
1753769383956,06:09:43.956,binanceusdm,BTC/USDT:USDT,118722.9,2.906,118722.8,0.006,118723.0,28.525,118723.1,0.253
1753769384058,06:09:44.058,binanceusdm,BTC/USDT:USDT,118722.9,2.906,118722.8,0.006,118723.0,28.525,118723.1,0.158
1753769384159,06:09:44.159,binanceusdm,BTC/USDT:USDT,118722.9,2.917,118722.8,0.006,118723.0,28.806,118723.1,0.158
1753769384260,06:09:44.260,binanceusdm,BTC/USDT:USDT,118722.9,2.897,118722.8,0.006,118723.0,28.573,118723.1,0.158
1753769384361,06:09:44.361,binanceusdm,BTC/USDT:USDT,118722.9,3.148,118722.8,0.006,118723.0,28.895,118723.1,0.158
1753769384462,06:09:44.462,binanceusdm,BTC/USDT:USDT,118722.9,3.175,118722.8,0.006,118723.0,28.893,118723.1,0.158
1753769384565,06:09:44.565,binanceusdm,BTC/USDT:USDT,118722.9,3.155,118722.8,0.006,118723.0,27.677,118723.1,0.158
1753769384668,06:09:44.668,binanceusdm,BTC/USDT:USDT,118722.9,3.209,118722.8,0.006,118723.0,27.658,118723.1,0.158
1753769384771,06:09:44.771,binanceusdm,BTC/USDT:USDT,118722.9,3.209,118722.8,0.006,118723.0,26.424,118723.1,0.158
1753769384873,06:09:44.873,binanceusdm,BTC/USDT:USDT,118722.9,3.149,118722.8,0.006,118723.0,26.438,118723.1,0.16
1753769384980,06:09:44.980,binanceusdm,BTC/USDT:USDT,118722.9,3.15,118722.8,0.006,118723.0,26.432,118723.1,0.179
1753769385082,06:09:45.082,binanceusdm,BTC/USDT:USDT,118722.9,3.15,118722.8,0.006,118723.0,26.739,118723.1,0.179
1753769385183,06:09:45.183,binanceusdm,BTC/USDT:USDT,118722.9,3.148,118722.8,0.006,118723.0,26.754,118723.1,0.179
1753769385285,06:09:45.285,binanceusdm,BTC/USDT:USDT,118722.9,3.148,118722.8,0.006,118723.0,26.748,118723.1,0.179
1753769385386,06:09:45.386,binanceusdm,BTC/USDT:USDT,118722.9,3.151,118722.8,0.006,118723.0,27.026,118723.1,0.179
1753769385487,06:09:45.487,binanceusdm,BTC/USDT:USDT,118722.9,3.151,118722.8,0.006,118723.0,26.054,118723.1,0.179
1753769385596,06:09:45.596,binanceusdm,BTC/USDT:USDT,118722.9,3.151,118722.8,0.006,118723.0,26.059,118723.1,0.179
1753769385699,06:09:45.699,binanceusdm,BTC/USDT:USDT,118722.9,3.151,118722.8,0.006,118723.0,26.059,118723.1,0.179
1753769385801,06:09:45.801,binanceusdm,BTC/USDT:USDT,118722.9,3.159,118722.8,0.006,118723.0,26.045,118723.1,0.181
1753769385902,06:09:45.902,binanceusdm,BTC/USDT:USDT,118722.9,3.179,118722.8,0.006,118723.0,26.049,118723.1,0.181
1753769386106,06:09:46.106,binanceusdm,BTC/USDT:USDT,118722.9,3.179,118722.8,0.006,118723.0,26.353,118723.1,0.179
1753769386207,06:09:46.207,binanceusdm,BTC/USDT:USDT,118722.9,3.142,118722.8,0.006,118723.0,27.025,118723.1,0.179
1753769386308,06:09:46.308,binanceusdm,BTC/USDT:USDT,118722.9,3.144,118722.8,0.006,118723.0,27.026,118723.1,0.179
1753769386409,06:09:46.409,binanceusdm,BTC/USDT:USDT,118722.9,0.062,118722.8,0.006,118723.0,28.425,118723.1,0.179
1753769386510,06:09:46.510,binanceusdm,BTC/USDT:USDT,118722.9,0.868,118722.8,0.006,118723.0,27.805,118723.1,0.179
1753769386611,06:09:46.611,binanceusdm,BTC/USDT:USDT,118722.9,2.701,118722.8,0.006,118723.0,27.805,118723.1,0.181
1753769386713,06:09:46.713,binanceusdm,BTC/USDT:USDT,118722.9,2.701,118722.8,0.006,118723.0,27.805,118723.1,0.179
1753769386814,06:09:46.814,binanceusdm,BTC/USDT:USDT,118722.9,2.701,118722.8,0.006,118723.0,27.805,118723.1,0.181
1753769386916,06:09:46.916,binanceusdm,BTC/USDT:USDT,118722.9,2.704,118722.8,0.006,118723.0,27.774,118723.1,0.181
1753769387018,06:09:47.018,binanceusdm,BTC/USDT:USDT,118722.9,2.704,118722.8,0.006,118723.0,27.774,118723.1,0.179
1753769387120,06:09:47.120,binanceusdm,BTC/USDT:USDT,118722.9,2.705,118722.8,0.006,118723.0,28.01,118723.1,0.179
1753769387222,06:09:47.222,binanceusdm,BTC/USDT:USDT,118722.9,2.717,118722.8,0.006,118723.0,27.959,118723.1,0.179
1753769387323,06:09:47.323,binanceusdm,BTC/USDT:USDT,118722.9,2.716,118722.8,0.006,118723.0,27.962,118723.1,0.179
1753769387426,06:09:47.426,binanceusdm,BTC/USDT:USDT,118722.9,2.717,118722.8,0.244,118723.0,27.913,118723.1,0.179
1753769387535,06:09:47.535,binanceusdm,BTC/USDT:USDT,118722.9,2.248,118722.8,0.244,118723.0,27.913,118723.1,0.179
1753769387636,06:09:47.636,binanceusdm,BTC/USDT:USDT,118722.9,2.266,118722.8,0.244,118723.0,28.401,118723.1,0.179
1753769387737,06:09:47.737,binanceusdm,BTC/USDT:USDT,118722.9,2.266,118722.8,0.244,118723.0,28.215,118723.1,0.181
1753769387838,06:09:47.838,binanceusdm,BTC/USDT:USDT,118722.9,2.227,118722.8,0.244,118723.0,27.933,118723.1,0.181
1753769387939,06:09:47.939,binanceusdm,BTC/USDT:USDT,118722.9,2.227,118722.8,0.244,118723.0,27.649,118723.1,0.179
1753769388040,06:09:48.040,binanceusdm,BTC/USDT:USDT,118722.9,2.745,118722.8,0.244,118723.0,27.249,118723.1,0.179
1753769388141,06:09:48.141,binanceusdm,BTC/USDT:USDT,118722.9,4.757,118722.8,0.244,118723.0,23.833,118723.1,0.175
1753769388243,06:09:48.243,binanceusdm,BTC/USDT:USDT,118722.9,4.76,118722.8,0.244,118723.0,24.078,118723.1,0.175
1753769388345,06:09:48.345,binanceusdm,BTC/USDT:USDT,118722.9,4.761,118722.8,0.244,118723.0,24.072,118723.1,0.175
1753769388447,06:09:48.447,binanceusdm,BTC/USDT:USDT,118722.9,4.754,118722.8,0.244,118723.0,24.074,118723.1,0.175
1753769388548,06:09:48.548,binanceusdm,BTC/USDT:USDT,118722.9,4.805,118722.8,0.245,118723.0,24.074,118723.1,0.178
1753769388649,06:09:48.649,binanceusdm,BTC/USDT:USDT,118722.9,4.761,118722.8,0.245,118723.0,24.074,118723.1,0.178
1753769388751,06:09:48.751,binanceusdm,BTC/USDT:USDT,118722.9,4.765,118722.8,0.245,118723.0,24.074,118723.1,0.178
1753769388853,06:09:48.853,binanceusdm,BTC/USDT:USDT,118722.9,4.765,118722.8,0.245,118723.0,24.074,118723.1,0.178
1753769388956,06:09:48.956,binanceusdm,BTC/USDT:USDT,118722.9,4.765,118722.8,0.245,118723.0,24.074,118723.1,0.178
1753769389058,06:09:49.058,binanceusdm,BTC/USDT:USDT,118722.9,3.093,118722.8,0.244,118723.0,24.482,118723.1,0.182
1753769389161,06:09:49.161,binanceusdm,BTC/USDT:USDT,118722.9,3.096,118722.8,0.244,118723.0,25.194,118723.1,0.184
1753769389262,06:09:49.262,binanceusdm,BTC/USDT:USDT,118722.9,3.096,118722.8,0.244,118723.0,25.194,118723.1,0.182
1753769389364,06:09:49.364,binanceusdm,BTC/USDT:USDT,118722.9,3.083,118722.8,0.244,118723.0,25.195,118723.1,0.182
1753769389465,06:09:49.465,binanceusdm,BTC/USDT:USDT,118722.9,3.083,118722.8,0.244,118723.0,25.196,118723.1,0.182
1753769389567,06:09:49.567,binanceusdm,BTC/USDT:USDT,118722.9,3.112,118722.8,0.244,118723.0,25.168,118723.1,0.182
1753769389669,06:09:49.669,binanceusdm,BTC/USDT:USDT,118722.9,3.11,118722.8,0.244,118723.0,25.182,118723.1,0.182
1753769389770,06:09:49.770,binanceusdm,BTC/USDT:USDT,118722.9,3.11,118722.8,0.244,118723.0,24.55,118723.1,0.178
1753769389873,06:09:49.873,binanceusdm,BTC/USDT:USDT,118722.9,5.175,118722.8,0.244,118723.0,24.062,118723.1,0.178
1753769389974,06:09:49.974,binanceusdm,BTC/USDT:USDT,118722.9,8.607,118722.8,0.244,118723.0,20.211,118723.1,0.178
1753769390075,06:09:50.075,binanceusdm,BTC/USDT:USDT,118722.9,8.52,118722.8,0.244,118723.0,20.205,118723.1,0.178
1753769390177,06:09:50.177,binanceusdm,BTC/USDT:USDT,118722.9,8.02,118722.8,0.244,118723.0,20.211,118723.1,0.178
1753769390278,06:09:50.278,binanceusdm,BTC/USDT:USDT,118722.9,7.743,118722.8,0.244,118723.0,20.254,118723.1,0.178
1753769390379,06:09:50.379,binanceusdm,BTC/USDT:USDT,118722.9,8.093,118722.8,0.244,118723.0,20.241,118723.1,0.178
1753769390480,06:09:50.480,binanceusdm,BTC/USDT:USDT,118722.9,8.198,118722.8,0.244,118723.0,20.24,118723.1,0.178
1753769390581,06:09:50.581,binanceusdm,BTC/USDT:USDT,118722.9,8.198,118722.8,0.245,118723.0,20.24,118723.1,0.178
1753769390682,06:09:50.682,binanceusdm,BTC/USDT:USDT,118722.9,8.578,118722.8,0.245,118723.0,20.24,118723.1,0.178
1753769390884,06:09:50.884,binanceusdm,BTC/USDT:USDT,118722.9,8.367,118722.8,0.245,118723.0,20.189,118723.1,0.178
1753769390987,06:09:50.987,binanceusdm,BTC/USDT:USDT,118722.9,8.609,118722.8,0.245,118723.0,20.193,118723.1,0.178
1753769391090,06:09:51.090,binanceusdm,BTC/USDT:USDT,118722.9,8.125,118722.8,0.245,118723.0,20.193,118723.1,0.178
1753769391193,06:09:51.193,binanceusdm,BTC/USDT:USDT,118722.9,8.006,118722.8,0.245,118723.0,20.193,118723.1,0.178
1753769391294,06:09:51.294,binanceusdm,BTC/USDT:USDT,118722.9,8.006,118722.8,0.245,118723.0,20.143,118723.1,0.178
1753769391395,06:09:51.395,binanceusdm,BTC/USDT:USDT,118722.9,6.091,118722.8,0.245,118723.0,20.138,118723.1,0.178
1753769391498,06:09:51.498,binanceusdm,BTC/USDT:USDT,118722.9,6.01,118722.8,0.245,118723.0,20.212,118723.1,0.178
1753769391599,06:09:51.599,binanceusdm,BTC/USDT:USDT,118722.9,5.082,118722.8,0.245,118723.0,20.454,118723.1,0.178
1753769391700,06:09:51.700,binanceusdm,BTC/USDT:USDT,118722.9,3.252,118722.8,0.244,118723.0,21.317,118723.1,0.184
1753769391802,06:09:51.802,binanceusdm,BTC/USDT:USDT,118722.9,1.021,118722.8,0.244,118723.0,21.936,118723.1,0.182
1753769392005,06:09:52.005,binanceusdm,BTC/USDT:USDT,118722.9,2.831,118722.8,0.244,118723.0,21.423,118723.1,0.182
1753769392107,06:09:52.107,binanceusdm,BTC/USDT:USDT,118722.9,0.699,118722.8,0.244,118723.0,21.363,118723.1,0.182
1753769392211,06:09:52.211,binanceusdm,BTC/USDT:USDT,118722.9,0.706,118722.8,0.244,118723.0,21.647,118723.1,0.182
1753769392314,06:09:52.314,binanceusdm,BTC/USDT:USDT,118722.9,0.707,118722.8,0.244,118723.0,21.645,118723.1,0.182
1753769392416,06:09:52.416,binanceusdm,BTC/USDT:USDT,118722.9,0.707,118722.8,0.244,118723.0,21.668,118723.1,0.182
1753769392518,06:09:52.518,binanceusdm,BTC/USDT:USDT,118722.9,0.875,118722.8,0.244,118723.0,21.666,118723.1,0.182
1753769392620,06:09:52.620,binanceusdm,BTC/USDT:USDT,118722.9,0.903,118722.8,0.244,118723.0,21.666,118723.1,0.182
1753769392723,06:09:52.723,binanceusdm,BTC/USDT:USDT,118722.9,0.683,118722.8,0.244,118723.0,22.271,118723.1,0.182
1753769392825,06:09:52.825,binanceusdm,BTC/USDT:USDT,118722.9,0.729,118722.8,0.244,118723.0,22.271,118723.1,0.182
1753769392926,06:09:52.926,binanceusdm,BTC/USDT:USDT,118722.9,0.729,118722.8,0.244,118723.0,22.427,118723.1,0.182
1753769393027,06:09:53.027,binanceusdm,BTC/USDT:USDT,118722.9,0.725,118722.8,0.244,118723.0,23.177,118723.1,0.182
1753769393128,06:09:53.128,binanceusdm,BTC/USDT:USDT,118722.9,0.779,118722.8,0.244,118723.0,23.177,118723.1,0.182
1753769393231,06:09:53.231,binanceusdm,BTC/USDT:USDT,118722.9,0.779,118722.8,0.244,118723.0,23.177,118723.1,0.182
1753769393333,06:09:53.333,binanceusdm,BTC/USDT:USDT,118722.9,0.781,118722.8,0.244,118723.0,22.581,118723.1,0.182
1753769393436,06:09:53.436,binanceusdm,BTC/USDT:USDT,118722.9,0.763,118722.8,0.244,118723.0,22.593,118723.1,0.182
1753769393538,06:09:53.538,binanceusdm,BTC/USDT:USDT,118722.9,0.762,118722.8,0.244,118723.0,22.593,118723.1,0.182
1753769393640,06:09:53.640,binanceusdm,BTC/USDT:USDT,118722.9,0.767,118722.8,0.244,118723.0,22.579,118723.1,0.182
1753769393743,06:09:53.743,binanceusdm,BTC/USDT:USDT,118722.9,0.795,118722.8,0.244,118723.0,22.529,118723.1,0.184
1753769393847,06:09:53.847,binanceusdm,BTC/USDT:USDT,118722.9,0.767,118722.8,0.244,118723.0,22.479,118723.1,0.184
1753769393949,06:09:53.949,binanceusdm,BTC/USDT:USDT,118722.9,0.762,118722.8,0.244,118723.0,23.084,118723.1,0.182
1753769394050,06:09:54.050,binanceusdm,BTC/USDT:USDT,118722.9,0.784,118722.8,0.244,118723.0,22.479,118723.1,0.182
1753769394152,06:09:54.152,binanceusdm,BTC/USDT:USDT,118722.9,0.798,118722.8,0.244,118723.0,22.479,118723.1,0.182
1753769394255,06:09:54.255,binanceusdm,BTC/USDT:USDT,118722.9,0.707,118722.8,0.244,118723.0,22.204,118723.1,0.182
1753769394357,06:09:54.357,binanceusdm,BTC/USDT:USDT,118722.9,0.679,118722.8,0.244,118723.0,22.478,118723.1,0.182
1753769394460,06:09:54.460,binanceusdm,BTC/USDT:USDT,118722.9,0.707,118722.8,0.244,118723.0,22.478,118723.1,0.182
1753769394563,06:09:54.563,binanceusdm,BTC/USDT:USDT,118722.9,3.33,118722.8,0.244,118723.0,22.091,118723.1,0.182
1753769394664,06:09:54.664,binanceusdm,BTC/USDT:USDT,118722.9,3.066,118722.8,0.244,118723.0,21.807,118723.1,0.182
1753769394765,06:09:54.765,binanceusdm,BTC/USDT:USDT,118722.9,3.066,118722.8,0.244,118723.0,21.226,118723.1,0.182
1753769394868,06:09:54.868,binanceusdm,BTC/USDT:USDT,118722.9,3.066,118722.8,0.244,118723.0,21.226,118723.1,0.184
1753769394971,06:09:54.971,binanceusdm,BTC/USDT:USDT,118722.9,3.066,118722.8,0.244,118723.0,21.232,118723.1,0.182
1753769395072,06:09:55.072,binanceusdm,BTC/USDT:USDT,118722.9,3.058,118722.8,0.244,118723.0,21.236,118723.1,0.182
1753769395173,06:09:55.173,binanceusdm,BTC/USDT:USDT,118722.9,3.049,118722.8,0.244,118723.0,21.234,118723.1,0.182
1753769395275,06:09:55.275,binanceusdm,BTC/USDT:USDT,118722.9,3.062,118722.8,0.244,118723.0,21.134,118723.1,0.182
1753769395376,06:09:55.376,binanceusdm,BTC/USDT:USDT,118722.9,3.331,118722.8,0.244,118723.0,21.131,118723.1,0.178
1753769395479,06:09:55.479,binanceusdm,BTC/USDT:USDT,118722.9,3.375,118722.8,0.244,118723.0,21.114,118723.1,0.178
1753769395582,06:09:55.582,binanceusdm,BTC/USDT:USDT,118722.9,3.415,118722.8,0.244,118723.0,20.483,118723.1,0.182
1753769395684,06:09:55.684,binanceusdm,BTC/USDT:USDT,118722.9,3.444,118722.8,0.244,118723.0,20.483,118723.1,0.182
1753769395786,06:09:55.786,binanceusdm,BTC/USDT:USDT,118722.9,3.454,118722.8,0.244,118723.0,20.483,118723.1,0.184
1753769395888,06:09:55.888,binanceusdm,BTC/USDT:USDT,118722.9,3.193,118722.8,0.244,118723.0,20.483,118723.1,0.188
1753769395991,06:09:55.991,binanceusdm,BTC/USDT:USDT,118722.9,3.163,118722.8,0.244,118723.0,21.114,118723.1,0.188
1753769396094,06:09:56.094,binanceusdm,BTC/USDT:USDT,118722.9,3.163,118722.8,0.244,118723.0,21.114,118723.1,0.186
1753769396197,06:09:56.197,binanceusdm,BTC/USDT:USDT,118722.9,3.172,118722.8,0.244,118723.0,21.114,118723.1,0.186
