timestamp,time,exchange,symbol,bid1_price,bid1_volume,bid2_price,bid2_volume,ask1_price,ask1_volume,ask2_price,ask2_volume
1753769545289,06:12:25.289,kucoinfutures,SOL/USDT:USDT,184.886,468.0,184.876,187.0,184.887,375.0,184.891,133.0
1753769545308,06:12:25.308,kucoinfutures,SOL/USDT:USDT,184.886,475.0,184.877,46.0,184.887,375.0,184.891,133.0
1753769545316,06:12:25.316,kucoinfutures,SOL/USDT:USDT,184.886,475.0,184.877,302.0,184.887,375.0,184.891,133.0
1753769545318,06:12:25.318,kucoinfutures,SOL/USDT:USDT,184.886,475.0,184.877,302.0,184.887,375.0,184.891,133.0
1753769545341,06:12:25.341,kucoinfutures,SOL/USDT:USDT,184.886,475.0,184.877,302.0,184.887,375.0,184.891,133.0
1753769545349,06:12:25.349,kucoinfutures,SOL/USDT:USDT,184.886,475.0,184.877,302.0,184.887,375.0,184.891,133.0
1753769545372,06:12:25.372,kucoinfutures,SOL/USDT:USDT,184.886,475.0,184.877,302.0,184.887,375.0,184.891,133.0
1753769545393,06:12:25.393,kucoinfutures,SOL/USDT:USDT,184.886,475.0,184.877,302.0,184.887,375.0,184.891,133.0
1753769545399,06:12:25.399,kucoinfutures,SOL/USDT:USDT,184.886,475.0,184.877,302.0,184.887,375.0,184.891,133.0
1753769545407,06:12:25.407,kucoinfutures,SOL/USDT:USDT,184.886,475.0,184.877,302.0,184.887,375.0,184.891,133.0
1753769545419,06:12:25.419,kucoinfutures,SOL/USDT:USDT,184.886,475.0,184.877,302.0,184.887,375.0,184.891,133.0
1753769545450,06:12:25.450,kucoinfutures,SOL/USDT:USDT,184.886,475.0,184.877,302.0,184.887,375.0,184.891,133.0
1753769545471,06:12:25.471,kucoinfutures,SOL/USDT:USDT,184.886,475.0,184.877,302.0,184.887,375.0,184.891,133.0
1753769545477,06:12:25.477,kucoinfutures,SOL/USDT:USDT,184.886,475.0,184.877,302.0,184.887,375.0,184.891,133.0
1753769545488,06:12:25.488,kucoinfutures,SOL/USDT:USDT,184.886,475.0,184.877,302.0,184.887,375.0,184.891,133.0
1753769545488,06:12:25.488,kucoinfutures,SOL/USDT:USDT,184.886,475.0,184.877,302.0,184.887,375.0,184.891,133.0
1753769545492,06:12:25.492,kucoinfutures,SOL/USDT:USDT,184.886,475.0,184.877,302.0,184.887,375.0,184.891,133.0
1753769545494,06:12:25.494,kucoinfutures,SOL/USDT:USDT,184.886,475.0,184.877,302.0,184.887,375.0,184.891,133.0
1753769545496,06:12:25.496,kucoinfutures,SOL/USDT:USDT,184.886,475.0,184.877,302.0,184.887,375.0,184.891,133.0
1753769545501,06:12:25.501,kucoinfutures,SOL/USDT:USDT,184.886,475.0,184.877,302.0,184.887,375.0,184.891,133.0
1753769545505,06:12:25.505,kucoinfutures,SOL/USDT:USDT,184.886,475.0,184.877,302.0,184.887,375.0,184.891,133.0
1753769545507,06:12:25.507,kucoinfutures,SOL/USDT:USDT,184.886,475.0,184.877,302.0,184.887,375.0,184.891,133.0
1753769545507,06:12:25.507,kucoinfutures,SOL/USDT:USDT,184.886,475.0,184.877,302.0,184.887,375.0,184.891,133.0
1753769545522,06:12:25.522,kucoinfutures,SOL/USDT:USDT,184.886,475.0,184.877,302.0,184.887,375.0,184.891,133.0
1753769545549,06:12:25.549,kucoinfutures,SOL/USDT:USDT,184.886,475.0,184.877,302.0,184.887,375.0,184.891,133.0
1753769545551,06:12:25.551,kucoinfutures,SOL/USDT:USDT,184.886,475.0,184.877,302.0,184.887,375.0,184.891,133.0
1753769545551,06:12:25.551,kucoinfutures,SOL/USDT:USDT,184.886,475.0,184.877,302.0,184.887,375.0,184.891,133.0
1753769545554,06:12:25.554,kucoinfutures,SOL/USDT:USDT,184.886,475.0,184.877,302.0,184.887,375.0,184.891,133.0
1753769545579,06:12:25.579,kucoinfutures,SOL/USDT:USDT,184.886,475.0,184.877,302.0,184.887,375.0,184.891,133.0
1753769545584,06:12:25.584,kucoinfutures,SOL/USDT:USDT,184.886,475.0,184.877,302.0,184.887,375.0,184.891,133.0
1753769545599,06:12:25.599,kucoinfutures,SOL/USDT:USDT,184.886,475.0,184.877,302.0,184.887,375.0,184.891,133.0
1753769545605,06:12:25.605,kucoinfutures,SOL/USDT:USDT,184.886,475.0,184.877,302.0,184.887,375.0,184.891,133.0
1753769545610,06:12:25.610,kucoinfutures,SOL/USDT:USDT,184.886,475.0,184.877,302.0,184.887,375.0,184.891,133.0
1753769545613,06:12:25.613,kucoinfutures,SOL/USDT:USDT,184.886,475.0,184.877,302.0,184.887,375.0,184.891,133.0
1753769545625,06:12:25.625,kucoinfutures,SOL/USDT:USDT,184.886,475.0,184.877,302.0,184.887,375.0,184.891,133.0
1753769545643,06:12:25.643,kucoinfutures,SOL/USDT:USDT,184.886,475.0,184.877,302.0,184.887,375.0,184.891,133.0
1753769545651,06:12:25.651,kucoinfutures,SOL/USDT:USDT,184.886,475.0,184.877,302.0,184.887,375.0,184.891,133.0
1753769545657,06:12:25.657,kucoinfutures,SOL/USDT:USDT,184.886,475.0,184.877,302.0,184.887,375.0,184.891,133.0
1753769545684,06:12:25.684,kucoinfutures,SOL/USDT:USDT,184.886,475.0,184.877,302.0,184.887,375.0,184.891,133.0
1753769545702,06:12:25.702,kucoinfutures,SOL/USDT:USDT,184.886,475.0,184.877,302.0,184.887,375.0,184.891,133.0
1753769545729,06:12:25.729,kucoinfutures,SOL/USDT:USDT,184.886,475.0,184.877,302.0,184.887,375.0,184.891,133.0
1753769545754,06:12:25.754,kucoinfutures,SOL/USDT:USDT,184.886,475.0,184.877,302.0,184.887,375.0,184.891,133.0
1753769545759,06:12:25.759,kucoinfutures,SOL/USDT:USDT,184.886,475.0,184.877,302.0,184.887,375.0,184.891,133.0
1753769545786,06:12:25.786,kucoinfutures,SOL/USDT:USDT,184.886,475.0,184.877,302.0,184.887,375.0,184.891,133.0
1753769545795,06:12:25.795,kucoinfutures,SOL/USDT:USDT,184.886,475.0,184.877,302.0,184.887,375.0,184.891,133.0
1753769545831,06:12:25.831,kucoinfutures,SOL/USDT:USDT,184.886,475.0,184.877,302.0,184.887,375.0,184.891,133.0
1753769545831,06:12:25.831,kucoinfutures,SOL/USDT:USDT,184.886,475.0,184.877,302.0,184.887,375.0,184.891,133.0
1753769545835,06:12:25.835,kucoinfutures,SOL/USDT:USDT,184.886,475.0,184.877,302.0,184.887,375.0,184.891,133.0
1753769545839,06:12:25.839,kucoinfutures,SOL/USDT:USDT,184.886,475.0,184.877,302.0,184.887,375.0,184.891,133.0
1753769545846,06:12:25.846,kucoinfutures,SOL/USDT:USDT,184.886,288.0,184.877,302.0,184.887,375.0,184.891,133.0
1753769545848,06:12:25.848,kucoinfutures,SOL/USDT:USDT,184.886,288.0,184.877,302.0,184.887,562.0,184.891,133.0
1753769545852,06:12:25.852,kucoinfutures,SOL/USDT:USDT,184.886,288.0,184.877,302.0,184.887,562.0,184.891,133.0
1753769545856,06:12:25.856,kucoinfutures,SOL/USDT:USDT,184.886,288.0,184.877,302.0,184.887,562.0,184.891,133.0
1753769545907,06:12:25.907,kucoinfutures,SOL/USDT:USDT,184.886,288.0,184.877,256.0,184.887,562.0,184.891,133.0
1753769545965,06:12:25.965,kucoinfutures,SOL/USDT:USDT,184.886,288.0,184.877,256.0,184.887,562.0,184.891,133.0
1753769546808,06:12:26.808,kucoinfutures,SOL/USDT:USDT,184.862,127.0,184.852,46.0,184.863,634.0,184.869,195.0
1753769546850,06:12:26.850,kucoinfutures,SOL/USDT:USDT,184.862,127.0,184.853,66.0,184.863,634.0,184.869,195.0
1753769546856,06:12:26.856,kucoinfutures,SOL/USDT:USDT,184.862,127.0,184.853,66.0,184.863,634.0,184.869,195.0
1753769546863,06:12:26.863,kucoinfutures,SOL/USDT:USDT,184.862,127.0,184.853,66.0,184.863,634.0,184.869,195.0
1753769546888,06:12:26.888,kucoinfutures,SOL/USDT:USDT,184.862,127.0,184.853,66.0,184.863,634.0,184.869,195.0
1753769546889,06:12:26.889,kucoinfutures,SOL/USDT:USDT,184.862,127.0,184.853,66.0,184.863,634.0,184.869,195.0
1753769546891,06:12:26.891,kucoinfutures,SOL/USDT:USDT,184.862,127.0,184.853,66.0,184.863,634.0,184.869,195.0
1753769546894,06:12:26.894,kucoinfutures,SOL/USDT:USDT,184.862,127.0,184.853,66.0,184.863,634.0,184.869,195.0
1753769546904,06:12:26.904,kucoinfutures,SOL/USDT:USDT,184.862,7.0,184.853,66.0,184.863,634.0,184.869,195.0
1753769546905,06:12:26.905,kucoinfutures,SOL/USDT:USDT,184.862,12.0,184.854,46.0,184.863,634.0,184.869,195.0
1753769546910,06:12:26.910,kucoinfutures,SOL/USDT:USDT,184.862,12.0,184.855,66.0,184.863,634.0,184.869,195.0
1753769546912,06:12:26.912,kucoinfutures,SOL/USDT:USDT,184.862,12.0,184.855,66.0,184.863,634.0,184.869,195.0
1753769546920,06:12:26.920,kucoinfutures,SOL/USDT:USDT,184.862,12.0,184.855,66.0,184.863,634.0,184.869,195.0
1753769546940,06:12:26.940,kucoinfutures,SOL/USDT:USDT,184.862,12.0,184.855,66.0,184.863,634.0,184.869,195.0
1753769546944,06:12:26.944,kucoinfutures,SOL/USDT:USDT,184.862,12.0,184.855,66.0,184.863,634.0,184.869,195.0
1753769546945,06:12:26.945,kucoinfutures,SOL/USDT:USDT,184.862,12.0,184.855,66.0,184.863,634.0,184.869,195.0
1753769546947,06:12:26.947,kucoinfutures,SOL/USDT:USDT,184.862,12.0,184.855,66.0,184.863,634.0,184.869,195.0
1753769546951,06:12:26.951,kucoinfutures,SOL/USDT:USDT,184.862,12.0,184.855,66.0,184.863,634.0,184.869,195.0
1753769546966,06:12:26.966,kucoinfutures,SOL/USDT:USDT,184.862,12.0,184.855,66.0,184.863,634.0,184.869,195.0
1753769546967,06:12:26.967,kucoinfutures,SOL/USDT:USDT,184.862,12.0,184.855,66.0,184.863,634.0,184.869,195.0
1753769546969,06:12:26.969,kucoinfutures,SOL/USDT:USDT,184.862,12.0,184.855,66.0,184.863,634.0,184.869,195.0
1753769546971,06:12:26.971,kucoinfutures,SOL/USDT:USDT,184.862,12.0,184.855,66.0,184.863,634.0,184.869,195.0
1753769546992,06:12:26.992,kucoinfutures,SOL/USDT:USDT,184.862,132.0,184.855,66.0,184.863,634.0,184.869,195.0
1753769547388,06:12:27.388,kucoinfutures,SOL/USDT:USDT,184.862,132.0,184.855,322.0,184.863,634.0,184.869,75.0
1753769547470,06:12:27.470,kucoinfutures,SOL/USDT:USDT,184.862,132.0,184.855,322.0,184.863,634.0,184.869,75.0
1753769547481,06:12:27.481,kucoinfutures,SOL/USDT:USDT,184.862,132.0,184.855,322.0,184.863,634.0,184.869,75.0
1753769547507,06:12:27.507,kucoinfutures,SOL/USDT:USDT,184.862,132.0,184.855,322.0,184.863,634.0,184.869,75.0
1753769547508,06:12:27.508,kucoinfutures,SOL/USDT:USDT,184.862,132.0,184.855,322.0,184.863,634.0,184.869,75.0
1753769547510,06:12:27.510,kucoinfutures,SOL/USDT:USDT,184.862,132.0,184.855,322.0,184.863,634.0,184.869,75.0
1753769547512,06:12:27.512,kucoinfutures,SOL/USDT:USDT,184.862,132.0,184.855,322.0,184.863,634.0,184.869,75.0
1753769547517,06:12:27.517,kucoinfutures,SOL/USDT:USDT,184.862,132.0,184.855,322.0,184.863,634.0,184.869,75.0
1753769547522,06:12:27.522,kucoinfutures,SOL/USDT:USDT,184.862,132.0,184.855,322.0,184.863,634.0,184.869,75.0
1753769547539,06:12:27.539,kucoinfutures,SOL/USDT:USDT,184.862,132.0,184.855,322.0,184.863,634.0,184.869,75.0
1753769547559,06:12:27.559,kucoinfutures,SOL/USDT:USDT,184.862,132.0,184.855,322.0,184.863,634.0,184.869,75.0
1753769547565,06:12:27.565,kucoinfutures,SOL/USDT:USDT,184.862,132.0,184.855,322.0,184.863,634.0,184.869,75.0
1753769547591,06:12:27.591,kucoinfutures,SOL/USDT:USDT,184.862,132.0,184.855,322.0,184.863,634.0,184.869,75.0
1753769547688,06:12:27.688,kucoinfutures,SOL/USDT:USDT,184.862,132.0,184.855,322.0,184.863,634.0,184.869,75.0
1753769547714,06:12:27.714,kucoinfutures,SOL/USDT:USDT,184.862,132.0,184.855,322.0,184.863,634.0,184.869,75.0
1753769547718,06:12:27.718,kucoinfutures,SOL/USDT:USDT,184.862,132.0,184.855,322.0,184.863,634.0,184.869,75.0
1753769547719,06:12:27.719,kucoinfutures,SOL/USDT:USDT,184.862,132.0,184.855,322.0,184.863,634.0,184.869,75.0
1753769547738,06:12:27.738,kucoinfutures,SOL/USDT:USDT,184.862,132.0,184.855,322.0,184.863,634.0,184.869,75.0
1753769547745,06:12:27.745,kucoinfutures,SOL/USDT:USDT,184.862,132.0,184.855,322.0,184.863,634.0,184.869,75.0
1753769547765,06:12:27.765,kucoinfutures,SOL/USDT:USDT,184.862,132.0,184.855,322.0,184.863,634.0,184.869,75.0
1753769547770,06:12:27.770,kucoinfutures,SOL/USDT:USDT,184.862,132.0,184.855,322.0,184.863,634.0,184.869,75.0
1753769547791,06:12:27.791,kucoinfutures,SOL/USDT:USDT,184.862,132.0,184.855,322.0,184.863,634.0,184.869,75.0
1753769547892,06:12:27.892,kucoinfutures,SOL/USDT:USDT,184.862,132.0,184.855,322.0,184.863,634.0,184.869,75.0
1753769547920,06:12:27.920,kucoinfutures,SOL/USDT:USDT,184.862,132.0,184.855,322.0,184.863,634.0,184.869,75.0
1753769547922,06:12:27.922,kucoinfutures,SOL/USDT:USDT,184.862,132.0,184.855,322.0,184.863,634.0,184.869,75.0
1753769547926,06:12:27.926,kucoinfutures,SOL/USDT:USDT,184.862,132.0,184.855,322.0,184.863,634.0,184.869,75.0
1753769547933,06:12:27.933,kucoinfutures,SOL/USDT:USDT,184.862,132.0,184.855,322.0,184.863,634.0,184.869,75.0
1753769547950,06:12:27.950,kucoinfutures,SOL/USDT:USDT,184.862,132.0,184.855,322.0,184.863,634.0,184.869,75.0
1753769548470,06:12:28.470,kucoinfutures,SOL/USDT:USDT,184.862,132.0,184.857,66.0,184.863,634.0,184.869,75.0
1753769548493,06:12:28.493,kucoinfutures,SOL/USDT:USDT,184.862,132.0,184.857,66.0,184.863,634.0,184.869,75.0
1753769548513,06:12:28.513,kucoinfutures,SOL/USDT:USDT,184.862,132.0,184.857,66.0,184.863,634.0,184.869,75.0
1753769548520,06:12:28.520,kucoinfutures,SOL/USDT:USDT,184.862,376.0,184.857,66.0,184.863,447.0,184.869,75.0
1753769548520,06:12:28.520,kucoinfutures,SOL/USDT:USDT,184.862,376.0,184.857,66.0,184.863,447.0,184.869,75.0
1753769548523,06:12:28.523,kucoinfutures,SOL/USDT:USDT,184.862,563.0,184.857,66.0,184.863,447.0,184.869,75.0
1753769548533,06:12:28.533,kucoinfutures,SOL/USDT:USDT,184.862,563.0,184.857,66.0,184.863,310.0,184.869,75.0
1753769548542,06:12:28.542,kucoinfutures,SOL/USDT:USDT,184.862,563.0,184.857,66.0,184.863,265.0,184.869,75.0
1753769548544,06:12:28.544,kucoinfutures,SOL/USDT:USDT,184.862,563.0,184.857,66.0,184.863,265.0,184.869,75.0
1753769548545,06:12:28.545,kucoinfutures,SOL/USDT:USDT,184.862,563.0,184.857,66.0,184.863,265.0,184.869,75.0
1753769548546,06:12:28.546,kucoinfutures,SOL/USDT:USDT,184.862,563.0,184.857,66.0,184.863,265.0,184.869,75.0
1753769548551,06:12:28.551,kucoinfutures,SOL/USDT:USDT,184.862,563.0,184.857,66.0,184.863,265.0,184.869,75.0
1753769548557,06:12:28.557,kucoinfutures,SOL/USDT:USDT,184.862,563.0,184.857,66.0,184.863,265.0,184.869,75.0
1753769548571,06:12:28.571,kucoinfutures,SOL/USDT:USDT,184.862,563.0,184.857,66.0,184.863,265.0,184.869,75.0
1753769548577,06:12:28.577,kucoinfutures,SOL/USDT:USDT,184.862,563.0,184.857,66.0,184.863,265.0,184.869,75.0
1753769548595,06:12:28.595,kucoinfutures,SOL/USDT:USDT,184.862,563.0,184.857,66.0,184.863,265.0,184.869,75.0
1753769548825,06:12:28.825,kucoinfutures,SOL/USDT:USDT,184.862,563.0,184.857,66.0,184.863,265.0,184.869,75.0
1753769548925,06:12:28.925,kucoinfutures,SOL/USDT:USDT,184.862,256.0,184.857,66.0,184.863,452.0,184.869,75.0
1753769548958,06:12:28.958,kucoinfutures,SOL/USDT:USDT,184.862,376.0,184.858,120.0,184.863,452.0,184.869,75.0
1753769548971,06:12:28.971,kucoinfutures,SOL/USDT:USDT,184.862,376.0,184.858,120.0,184.863,452.0,184.869,75.0
1753769548982,06:12:28.982,kucoinfutures,SOL/USDT:USDT,184.862,376.0,184.858,120.0,184.863,452.0,184.869,75.0
1753769549003,06:12:29.003,kucoinfutures,SOL/USDT:USDT,184.862,376.0,184.858,120.0,184.863,452.0,184.869,75.0
1753769549009,06:12:29.009,kucoinfutures,SOL/USDT:USDT,184.862,376.0,184.858,120.0,184.863,452.0,184.869,75.0
1753769549028,06:12:29.028,kucoinfutures,SOL/USDT:USDT,184.862,376.0,184.858,120.0,184.863,452.0,184.869,75.0
1753769549031,06:12:29.031,kucoinfutures,SOL/USDT:USDT,184.862,376.0,184.858,120.0,184.863,452.0,184.869,75.0
1753769549054,06:12:29.054,kucoinfutures,SOL/USDT:USDT,184.862,376.0,184.858,120.0,184.863,452.0,184.869,75.0
1753769549060,06:12:29.060,kucoinfutures,SOL/USDT:USDT,184.862,376.0,184.858,120.0,184.863,452.0,184.869,75.0
1753769549086,06:12:29.086,kucoinfutures,SOL/USDT:USDT,184.862,376.0,184.858,120.0,184.863,452.0,184.869,75.0
1753769549106,06:12:29.106,kucoinfutures,SOL/USDT:USDT,184.862,376.0,184.858,120.0,184.863,452.0,184.869,75.0
1753769549108,06:12:29.108,kucoinfutures,SOL/USDT:USDT,184.862,376.0,184.858,120.0,184.863,452.0,184.869,75.0
1753769549112,06:12:29.112,kucoinfutures,SOL/USDT:USDT,184.862,376.0,184.858,120.0,184.863,452.0,184.869,75.0
1753769549115,06:12:29.115,kucoinfutures,SOL/USDT:USDT,184.862,376.0,184.858,120.0,184.863,452.0,184.869,75.0
1753769549124,06:12:29.124,kucoinfutures,SOL/USDT:USDT,184.862,376.0,184.858,120.0,184.863,452.0,184.869,75.0
1753769549131,06:12:29.131,kucoinfutures,SOL/USDT:USDT,184.862,376.0,184.858,120.0,184.863,452.0,184.869,75.0
1753769550343,06:12:30.343,kucoinfutures,SOL/USDT:USDT,184.842,26.0,184.833,46.0,184.843,366.0,184.848,77.0
1753769550369,06:12:30.369,kucoinfutures,SOL/USDT:USDT,184.842,26.0,184.833,46.0,184.843,604.0,184.848,77.0
1753769550390,06:12:30.390,kucoinfutures,SOL/USDT:USDT,184.842,26.0,184.833,46.0,184.843,604.0,184.848,77.0
1753769550399,06:12:30.399,kucoinfutures,SOL/USDT:USDT,184.842,26.0,184.833,46.0,184.843,604.0,184.848,77.0
1753769550402,06:12:30.402,kucoinfutures,SOL/USDT:USDT,184.842,26.0,184.833,46.0,184.843,604.0,184.848,77.0
1753769552467,06:12:32.467,kucoinfutures,SOL/USDT:USDT,184.911,426.0,184.902,1622.0,184.912,143.0,184.914,420.0
1753769552489,06:12:32.489,kucoinfutures,SOL/USDT:USDT,184.911,426.0,184.902,1622.0,184.912,143.0,184.914,420.0
1753769553149,06:12:33.149,kucoinfutures,SOL/USDT:USDT,184.911,612.0,184.905,1622.0,184.912,193.0,184.922,6.0
1753769553200,06:12:33.200,kucoinfutures,SOL/USDT:USDT,184.911,612.0,184.905,1622.0,184.912,193.0,184.922,6.0
1753769553931,06:12:33.931,kucoinfutures,SOL/USDT:USDT,184.911,2398.0,184.907,55.0,184.912,19.0,184.929,393.0
1753769553951,06:12:33.951,kucoinfutures,SOL/USDT:USDT,184.911,2398.0,184.907,55.0,184.912,19.0,184.929,393.0
1753769553958,06:12:33.958,kucoinfutures,SOL/USDT:USDT,184.911,2398.0,184.907,55.0,184.912,19.0,184.929,393.0
1753769554029,06:12:34.029,kucoinfutures,SOL/USDT:USDT,184.911,2398.0,184.907,55.0,184.912,19.0,184.929,393.0
1753769554034,06:12:34.034,kucoinfutures,SOL/USDT:USDT,184.911,2398.0,184.907,55.0,184.912,19.0,184.929,393.0
1753769554058,06:12:34.058,kucoinfutures,SOL/USDT:USDT,184.911,2398.0,184.907,55.0,184.912,19.0,184.929,393.0
1753769554061,06:12:34.061,kucoinfutures,SOL/USDT:USDT,184.911,2398.0,184.907,55.0,184.912,19.0,184.929,393.0
1753769554086,06:12:34.086,kucoinfutures,SOL/USDT:USDT,184.911,2398.0,184.907,55.0,184.912,19.0,184.929,393.0
1753769554133,06:12:34.133,kucoinfutures,SOL/USDT:USDT,184.911,2398.0,184.907,55.0,184.912,19.0,184.929,393.0
1753769554137,06:12:34.137,kucoinfutures,SOL/USDT:USDT,184.911,2398.0,184.907,55.0,184.912,19.0,184.929,393.0
1753769554149,06:12:34.149,kucoinfutures,SOL/USDT:USDT,184.911,2398.0,184.907,55.0,184.912,19.0,184.929,393.0
1753769554156,06:12:34.156,kucoinfutures,SOL/USDT:USDT,184.911,2398.0,184.907,55.0,184.912,19.0,184.929,119.0
1753769554158,06:12:34.158,kucoinfutures,SOL/USDT:USDT,184.911,2398.0,184.907,55.0,184.912,19.0,184.929,119.0
1753769554167,06:12:34.167,kucoinfutures,SOL/USDT:USDT,184.911,2398.0,184.907,55.0,184.912,19.0,184.929,119.0
1753769554183,06:12:34.183,kucoinfutures,SOL/USDT:USDT,184.911,2398.0,184.907,55.0,184.912,19.0,184.929,119.0
1753769554189,06:12:34.189,kucoinfutures,SOL/USDT:USDT,184.911,2398.0,184.907,55.0,184.912,19.0,184.929,119.0
1753769554209,06:12:34.209,kucoinfutures,SOL/USDT:USDT,184.911,2398.0,184.907,55.0,184.912,19.0,184.929,119.0
1753769554215,06:12:34.215,kucoinfutures,SOL/USDT:USDT,184.911,2398.0,184.907,55.0,184.912,19.0,184.929,119.0
1753769554235,06:12:34.235,kucoinfutures,SOL/USDT:USDT,184.911,2398.0,184.907,55.0,184.912,19.0,184.929,119.0
1753769554241,06:12:34.241,kucoinfutures,SOL/USDT:USDT,184.911,2398.0,184.907,55.0,184.912,19.0,184.929,119.0
1753769554253,06:12:34.253,kucoinfutures,SOL/USDT:USDT,184.911,2398.0,184.907,55.0,184.912,19.0,184.929,119.0
1753769554253,06:12:34.253,kucoinfutures,SOL/USDT:USDT,184.911,2398.0,184.907,55.0,184.912,19.0,184.929,119.0
1753769554260,06:12:34.260,kucoinfutures,SOL/USDT:USDT,184.911,2398.0,184.908,66.0,184.912,19.0,184.929,119.0
1753769554262,06:12:34.262,kucoinfutures,SOL/USDT:USDT,184.911,2398.0,184.908,66.0,184.929,119.0,184.93,126.0
1753769554266,06:12:34.266,kucoinfutures,SOL/USDT:USDT,184.928,47.0,184.92,181.0,184.929,119.0,184.93,126.0
1753769554268,06:12:34.268,kucoinfutures,SOL/USDT:USDT,184.928,191.0,184.92,181.0,184.929,119.0,184.93,126.0
1753769554269,06:12:34.269,kucoinfutures,SOL/USDT:USDT,184.928,191.0,184.911,2059.0,184.93,310.0,184.931,258.0
1753769554270,06:12:34.270,kucoinfutures,SOL/USDT:USDT,184.928,379.0,184.911,2052.0,184.93,310.0,184.931,258.0
1753769554272,06:12:34.272,kucoinfutures,SOL/USDT:USDT,184.929,205.0,184.928,440.0,184.93,310.0,184.931,258.0
1753769554274,06:12:34.274,kucoinfutures,SOL/USDT:USDT,184.929,410.0,184.928,204.0,184.93,126.0,184.931,258.0
1753769554275,06:12:34.275,kucoinfutures,SOL/USDT:USDT,184.929,410.0,184.928,204.0,184.93,126.0,184.931,258.0
1753769554277,06:12:34.277,kucoinfutures,SOL/USDT:USDT,184.929,417.0,184.928,186.0,184.93,126.0,184.931,258.0
1753769554277,06:12:34.277,kucoinfutures,SOL/USDT:USDT,184.929,417.0,184.928,120.0,184.93,187.0,184.931,258.0
1753769554285,06:12:34.285,kucoinfutures,SOL/USDT:USDT,184.929,351.0,184.928,120.0,184.93,233.0,184.931,258.0
1753769554286,06:12:34.286,kucoinfutures,SOL/USDT:USDT,184.929,351.0,184.928,120.0,184.93,233.0,184.931,258.0
1753769554292,06:12:34.292,kucoinfutures,SOL/USDT:USDT,184.929,351.0,184.928,120.0,184.93,233.0,184.931,258.0
1753769554304,06:12:34.304,kucoinfutures,SOL/USDT:USDT,184.929,351.0,184.928,120.0,184.93,233.0,184.931,258.0
1753769554305,06:12:34.305,kucoinfutures,SOL/USDT:USDT,184.929,351.0,184.928,120.0,184.93,240.0,184.931,258.0
1753769554308,06:12:34.308,kucoinfutures,SOL/USDT:USDT,184.929,351.0,184.928,120.0,184.93,240.0,184.931,258.0
1753769554319,06:12:34.319,kucoinfutures,SOL/USDT:USDT,184.929,351.0,184.928,120.0,184.93,240.0,184.931,258.0
1753769554330,06:12:34.330,kucoinfutures,SOL/USDT:USDT,184.929,351.0,184.928,120.0,184.93,240.0,184.931,258.0
1753769554330,06:12:34.330,kucoinfutures,SOL/USDT:USDT,184.929,351.0,184.928,120.0,184.93,240.0,184.931,258.0
1753769554333,06:12:34.333,kucoinfutures,SOL/USDT:USDT,184.929,351.0,184.928,120.0,184.93,240.0,184.931,258.0
1753769554344,06:12:34.344,kucoinfutures,SOL/USDT:USDT,184.929,351.0,184.928,120.0,184.93,240.0,184.931,258.0
1753769554499,06:12:34.499,kucoinfutures,SOL/USDT:USDT,184.929,417.0,184.928,120.0,184.93,180.0,184.931,258.0
1753769554511,06:12:34.511,kucoinfutures,SOL/USDT:USDT,184.929,417.0,184.928,120.0,184.93,180.0,184.931,258.0
1753769554519,06:12:34.519,kucoinfutures,SOL/USDT:USDT,184.929,417.0,184.928,120.0,184.93,180.0,184.931,258.0
1753769554535,06:12:34.535,kucoinfutures,SOL/USDT:USDT,184.929,417.0,184.928,120.0,184.93,180.0,184.931,258.0
1753769554535,06:12:34.535,kucoinfutures,SOL/USDT:USDT,184.929,417.0,184.928,120.0,184.93,180.0,184.931,258.0
1753769554537,06:12:34.537,kucoinfutures,SOL/USDT:USDT,184.929,417.0,184.928,120.0,184.93,180.0,184.931,258.0
1753769554541,06:12:34.541,kucoinfutures,SOL/USDT:USDT,184.929,417.0,184.928,120.0,184.93,180.0,184.931,258.0
1753769554544,06:12:34.544,kucoinfutures,SOL/USDT:USDT,184.929,417.0,184.928,120.0,184.93,180.0,184.931,258.0
1753769554551,06:12:34.551,kucoinfutures,SOL/USDT:USDT,184.929,417.0,184.928,120.0,184.93,180.0,184.931,258.0
1753769554553,06:12:34.553,kucoinfutures,SOL/USDT:USDT,184.929,417.0,184.928,120.0,184.93,180.0,184.931,258.0
1753769554565,06:12:34.565,kucoinfutures,SOL/USDT:USDT,184.929,417.0,184.928,120.0,184.93,180.0,184.931,258.0
1753769554577,06:12:34.577,kucoinfutures,SOL/USDT:USDT,184.929,417.0,184.928,120.0,184.93,180.0,184.931,258.0
1753769554580,06:12:34.580,kucoinfutures,SOL/USDT:USDT,184.929,417.0,184.928,120.0,184.93,180.0,184.931,258.0
1753769554582,06:12:34.582,kucoinfutures,SOL/USDT:USDT,184.929,417.0,184.928,120.0,184.93,180.0,184.931,258.0
1753769554582,06:12:34.582,kucoinfutures,SOL/USDT:USDT,184.929,417.0,184.928,120.0,184.93,180.0,184.931,258.0
1753769554887,06:12:34.887,kucoinfutures,SOL/USDT:USDT,184.929,417.0,184.92,58.0,184.93,180.0,184.931,380.0
1753769554902,06:12:34.902,kucoinfutures,SOL/USDT:USDT,184.929,417.0,184.92,58.0,184.93,300.0,184.931,380.0
1753769554902,06:12:34.902,kucoinfutures,SOL/USDT:USDT,184.929,417.0,184.92,58.0,184.93,300.0,184.931,380.0
1753769554906,06:12:34.906,kucoinfutures,SOL/USDT:USDT,184.929,417.0,184.92,58.0,184.93,300.0,184.931,380.0
1753769554906,06:12:34.906,kucoinfutures,SOL/USDT:USDT,184.929,417.0,184.92,58.0,184.93,300.0,184.931,380.0
1753769554909,06:12:34.909,kucoinfutures,SOL/USDT:USDT,184.929,417.0,184.92,58.0,184.93,300.0,184.931,380.0
1753769554911,06:12:34.911,kucoinfutures,SOL/USDT:USDT,184.929,417.0,184.92,58.0,184.93,300.0,184.931,380.0
1753769554936,06:12:34.936,kucoinfutures,SOL/USDT:USDT,184.929,417.0,184.92,58.0,184.93,300.0,184.931,380.0
1753769554984,06:12:34.984,kucoinfutures,SOL/USDT:USDT,184.929,417.0,184.92,58.0,184.93,300.0,184.931,380.0
1753769554988,06:12:34.988,kucoinfutures,SOL/USDT:USDT,184.929,417.0,184.92,58.0,184.93,300.0,184.931,380.0
1753769555001,06:12:35.001,kucoinfutures,SOL/USDT:USDT,184.929,417.0,184.92,58.0,184.93,300.0,184.931,380.0
1753769555002,06:12:35.002,kucoinfutures,SOL/USDT:USDT,184.929,417.0,184.92,58.0,184.93,300.0,184.931,380.0
1753769555006,06:12:35.006,kucoinfutures,SOL/USDT:USDT,184.929,297.0,184.92,58.0,184.93,300.0,184.931,380.0
1753769555008,06:12:35.008,kucoinfutures,SOL/USDT:USDT,184.929,297.0,184.92,58.0,184.93,300.0,184.931,380.0
1753769555009,06:12:35.009,kucoinfutures,SOL/USDT:USDT,184.929,116.0,184.92,58.0,184.93,481.0,184.931,380.0
1753769555010,06:12:35.010,kucoinfutures,SOL/USDT:USDT,184.929,116.0,184.92,58.0,184.93,481.0,184.931,380.0
1753769555014,06:12:35.014,kucoinfutures,SOL/USDT:USDT,184.929,116.0,184.92,58.0,184.93,481.0,184.931,380.0
1753769555014,06:12:35.014,kucoinfutures,SOL/USDT:USDT,184.929,116.0,184.92,58.0,184.93,426.0,184.931,380.0
1753769555014,06:12:35.014,kucoinfutures,SOL/USDT:USDT,184.929,116.0,184.92,58.0,184.93,426.0,184.931,380.0
1753769555031,06:12:35.031,kucoinfutures,SOL/USDT:USDT,184.929,116.0,184.92,58.0,184.93,426.0,184.931,380.0
1753769555033,06:12:35.033,kucoinfutures,SOL/USDT:USDT,184.929,116.0,184.92,58.0,184.93,426.0,184.931,380.0
1753769555036,06:12:35.036,kucoinfutures,SOL/USDT:USDT,184.929,116.0,184.92,58.0,184.93,426.0,184.931,380.0
1753769555036,06:12:35.036,kucoinfutures,SOL/USDT:USDT,184.929,116.0,184.92,58.0,184.93,426.0,184.931,380.0
1753769555039,06:12:35.039,kucoinfutures,SOL/USDT:USDT,184.929,116.0,184.92,58.0,184.93,426.0,184.931,380.0
1753769555043,06:12:35.043,kucoinfutures,SOL/USDT:USDT,184.929,116.0,184.92,58.0,184.93,426.0,184.931,380.0
1753769555046,06:12:35.046,kucoinfutures,SOL/USDT:USDT,184.929,116.0,184.92,58.0,184.93,426.0,184.931,380.0
1753769555055,06:12:35.055,kucoinfutures,SOL/USDT:USDT,184.929,116.0,184.92,58.0,184.93,426.0,184.931,380.0
1753769555064,06:12:35.064,kucoinfutures,SOL/USDT:USDT,184.929,116.0,184.92,58.0,184.93,426.0,184.931,380.0
1753769555069,06:12:35.069,kucoinfutures,SOL/USDT:USDT,184.929,116.0,184.92,58.0,184.93,426.0,184.931,380.0
1753769555081,06:12:35.081,kucoinfutures,SOL/USDT:USDT,184.929,116.0,184.92,58.0,184.93,426.0,184.931,380.0
1753769555086,06:12:35.086,kucoinfutures,SOL/USDT:USDT,184.929,116.0,184.92,58.0,184.93,426.0,184.931,380.0
1753769555093,06:12:35.093,kucoinfutures,SOL/USDT:USDT,184.929,116.0,184.92,58.0,184.93,426.0,184.931,380.0
1753769555107,06:12:35.107,kucoinfutures,SOL/USDT:USDT,184.929,116.0,184.92,58.0,184.93,426.0,184.931,380.0
1753769555170,06:12:35.170,kucoinfutures,SOL/USDT:USDT,184.929,116.0,184.92,58.0,184.93,426.0,184.931,380.0
1753769555194,06:12:35.194,kucoinfutures,SOL/USDT:USDT,184.929,116.0,184.92,58.0,184.93,426.0,184.931,380.0
1753769555201,06:12:35.201,kucoinfutures,SOL/USDT:USDT,184.929,116.0,184.92,58.0,184.93,426.0,184.931,380.0
1753769555215,06:12:35.215,kucoinfutures,SOL/USDT:USDT,184.929,116.0,184.92,58.0,184.93,426.0,184.931,380.0
1753769555229,06:12:35.229,kucoinfutures,SOL/USDT:USDT,184.929,116.0,184.92,58.0,184.93,426.0,184.931,380.0
1753769555241,06:12:35.241,kucoinfutures,SOL/USDT:USDT,184.929,116.0,184.92,58.0,184.93,426.0,184.931,380.0
1753769555247,06:12:35.247,kucoinfutures,SOL/USDT:USDT,184.929,116.0,184.92,58.0,184.93,426.0,184.931,380.0
1753769555265,06:12:35.265,kucoinfutures,SOL/USDT:USDT,184.929,116.0,184.92,58.0,184.93,426.0,184.931,380.0
1753769555272,06:12:35.272,kucoinfutures,SOL/USDT:USDT,184.929,116.0,184.92,58.0,184.93,426.0,184.931,380.0
1753769555293,06:12:35.293,kucoinfutures,SOL/USDT:USDT,184.929,116.0,184.92,58.0,184.93,426.0,184.931,380.0
1753769555298,06:12:35.298,kucoinfutures,SOL/USDT:USDT,184.929,116.0,184.92,58.0,184.93,426.0,184.931,380.0
1753769555300,06:12:35.300,kucoinfutures,SOL/USDT:USDT,184.929,116.0,184.92,58.0,184.93,426.0,184.931,380.0
1753769555305,06:12:35.305,kucoinfutures,SOL/USDT:USDT,184.929,116.0,184.92,58.0,184.93,426.0,184.931,380.0
1753769555312,06:12:35.312,kucoinfutures,SOL/USDT:USDT,184.929,116.0,184.92,58.0,184.93,426.0,184.931,380.0
1753769555317,06:12:35.317,kucoinfutures,SOL/USDT:USDT,184.929,116.0,184.92,58.0,184.93,426.0,184.931,380.0
1753769555320,06:12:35.320,kucoinfutures,SOL/USDT:USDT,184.929,116.0,184.92,58.0,184.93,426.0,184.931,380.0
1753769555335,06:12:35.335,kucoinfutures,SOL/USDT:USDT,184.929,116.0,184.92,58.0,184.93,426.0,184.931,380.0
1753769555339,06:12:35.339,kucoinfutures,SOL/USDT:USDT,184.929,116.0,184.92,58.0,184.93,426.0,184.931,380.0
1753769555344,06:12:35.344,kucoinfutures,SOL/USDT:USDT,184.929,116.0,184.92,58.0,184.93,426.0,184.931,380.0
1753769555349,06:12:35.349,kucoinfutures,SOL/USDT:USDT,184.929,116.0,184.92,58.0,184.93,426.0,184.931,380.0
1753769555352,06:12:35.352,kucoinfutures,SOL/USDT:USDT,184.929,116.0,184.92,58.0,184.93,426.0,184.931,380.0
1753769555352,06:12:35.352,kucoinfutures,SOL/USDT:USDT,184.929,116.0,184.92,58.0,184.93,426.0,184.931,380.0
1753769555394,06:12:35.394,kucoinfutures,SOL/USDT:USDT,184.929,116.0,184.92,58.0,184.93,426.0,184.931,380.0
1753769555402,06:12:35.402,kucoinfutures,SOL/USDT:USDT,184.929,116.0,184.92,58.0,184.93,426.0,184.931,380.0
1753769555408,06:12:35.408,kucoinfutures,SOL/USDT:USDT,184.929,116.0,184.92,58.0,184.93,658.0,184.931,380.0
1753769555408,06:12:35.408,kucoinfutures,SOL/USDT:USDT,184.929,116.0,184.92,58.0,184.93,658.0,184.931,380.0
1753769555410,06:12:35.410,kucoinfutures,SOL/USDT:USDT,184.929,116.0,184.92,58.0,184.93,658.0,184.931,380.0
1753769555413,06:12:35.413,kucoinfutures,SOL/USDT:USDT,184.929,116.0,184.92,58.0,184.93,658.0,184.931,380.0
1753769555439,06:12:35.439,kucoinfutures,SOL/USDT:USDT,184.929,7.0,184.92,58.0,184.93,1199.0,184.931,380.0
1753769555452,06:12:35.452,kucoinfutures,SOL/USDT:USDT,184.929,7.0,184.92,46.0,184.93,1199.0,184.931,380.0
1753769555473,06:12:35.473,kucoinfutures,SOL/USDT:USDT,184.929,7.0,184.92,46.0,184.93,1199.0,184.931,380.0
1753769555474,06:12:35.474,kucoinfutures,SOL/USDT:USDT,184.929,7.0,184.92,46.0,184.93,1199.0,184.931,380.0
1753769555476,06:12:35.476,kucoinfutures,SOL/USDT:USDT,184.929,7.0,184.92,46.0,184.93,1199.0,184.931,380.0
1753769555488,06:12:35.488,kucoinfutures,SOL/USDT:USDT,184.929,7.0,184.92,46.0,184.93,1199.0,184.931,380.0
1753769555494,06:12:35.494,kucoinfutures,SOL/USDT:USDT,184.929,7.0,184.92,46.0,184.93,1199.0,184.931,380.0
1753769555495,06:12:35.495,kucoinfutures,SOL/USDT:USDT,184.929,7.0,184.92,46.0,184.93,1199.0,184.931,380.0
1753769555499,06:12:35.499,kucoinfutures,SOL/USDT:USDT,184.929,7.0,184.92,46.0,184.93,1199.0,184.931,380.0
1753769555507,06:12:35.507,kucoinfutures,SOL/USDT:USDT,184.911,12.0,184.91,66.0,184.93,1199.0,184.931,380.0
1753769555512,06:12:35.512,kucoinfutures,SOL/USDT:USDT,184.929,5.0,184.911,78.0,184.93,1087.0,184.931,380.0
1753769555530,06:12:35.530,kucoinfutures,SOL/USDT:USDT,184.929,5.0,184.911,78.0,184.93,1087.0,184.931,380.0
1753769555550,06:12:35.550,kucoinfutures,SOL/USDT:USDT,184.929,5.0,184.911,78.0,184.93,1087.0,184.931,380.0
1753769555552,06:12:35.552,kucoinfutures,SOL/USDT:USDT,184.929,5.0,184.911,78.0,184.93,1087.0,184.931,380.0
1753769555555,06:12:35.555,kucoinfutures,SOL/USDT:USDT,184.929,5.0,184.911,78.0,184.93,1087.0,184.931,380.0
1753769555583,06:12:35.583,kucoinfutures,SOL/USDT:USDT,184.929,5.0,184.911,78.0,184.93,1087.0,184.931,380.0
1753769555587,06:12:35.587,kucoinfutures,SOL/USDT:USDT,184.929,5.0,184.911,78.0,184.93,1087.0,184.931,380.0
1753769555599,06:12:35.599,kucoinfutures,SOL/USDT:USDT,184.929,5.0,184.911,78.0,184.93,1087.0,184.931,380.0
1753769555601,06:12:35.601,kucoinfutures,SOL/USDT:USDT,184.929,5.0,184.911,78.0,184.93,1199.0,184.931,380.0
1753769555605,06:12:35.605,kucoinfutures,SOL/USDT:USDT,184.911,78.0,184.91,66.0,184.921,137.0,184.93,1199.0
1753769555606,06:12:35.606,kucoinfutures,SOL/USDT:USDT,184.911,144.0,184.909,247.0,184.921,137.0,184.93,1199.0
1753769555606,06:12:35.606,kucoinfutures,SOL/USDT:USDT,184.911,144.0,184.909,247.0,184.921,137.0,184.93,1199.0
1753769555608,06:12:35.608,kucoinfutures,SOL/USDT:USDT,184.92,5.0,184.912,181.0,184.921,190.0,184.93,1193.0
1753769555608,06:12:35.608,kucoinfutures,SOL/USDT:USDT,184.92,5.0,184.912,200.0,184.921,310.0,184.93,961.0
1753769555610,06:12:35.610,kucoinfutures,SOL/USDT:USDT,184.92,5.0,184.912,200.0,184.921,491.0,184.93,954.0
1753769555612,06:12:35.612,kucoinfutures,SOL/USDT:USDT,184.92,5.0,184.912,367.0,184.921,466.0,184.929,482.0
1753769555764,06:12:35.764,kucoinfutures,SOL/USDT:USDT,184.92,193.0,184.913,66.0,184.921,294.0,184.928,31.0
1753769555829,06:12:35.829,kucoinfutures,SOL/USDT:USDT,184.92,193.0,184.913,66.0,184.921,294.0,184.928,31.0
1753769555891,06:12:35.891,kucoinfutures,SOL/USDT:USDT,184.92,332.0,184.913,66.0,184.921,249.0,184.927,120.0
1753769555936,06:12:35.936,kucoinfutures,SOL/USDT:USDT,184.92,332.0,184.913,66.0,184.921,249.0,184.927,120.0
1753769555943,06:12:35.943,kucoinfutures,SOL/USDT:USDT,184.92,332.0,184.913,66.0,184.921,249.0,184.927,120.0
1753769555962,06:12:35.962,kucoinfutures,SOL/USDT:USDT,184.92,332.0,184.913,66.0,184.921,249.0,184.927,120.0
1753769555968,06:12:35.968,kucoinfutures,SOL/USDT:USDT,184.92,332.0,184.913,66.0,184.921,249.0,184.927,120.0
1753769555974,06:12:35.974,kucoinfutures,SOL/USDT:USDT,184.92,332.0,184.913,66.0,184.921,249.0,184.927,120.0
1753769555974,06:12:35.974,kucoinfutures,SOL/USDT:USDT,184.92,332.0,184.913,66.0,184.921,249.0,184.927,120.0
1753769555979,06:12:35.979,kucoinfutures,SOL/USDT:USDT,184.92,332.0,184.913,66.0,184.921,249.0,184.927,120.0
1753769555983,06:12:35.983,kucoinfutures,SOL/USDT:USDT,184.92,332.0,184.913,66.0,184.921,249.0,184.927,120.0
1753769555986,06:12:35.986,kucoinfutures,SOL/USDT:USDT,184.92,332.0,184.913,66.0,184.921,249.0,184.927,120.0
1753769555989,06:12:35.989,kucoinfutures,SOL/USDT:USDT,184.92,332.0,184.913,66.0,184.921,249.0,184.927,120.0
1753769556002,06:12:36.002,kucoinfutures,SOL/USDT:USDT,184.92,332.0,184.913,66.0,184.921,249.0,184.927,120.0
1753769556007,06:12:36.007,kucoinfutures,SOL/USDT:USDT,184.92,332.0,184.913,66.0,184.921,249.0,184.927,120.0
1753769556009,06:12:36.009,kucoinfutures,SOL/USDT:USDT,184.92,332.0,184.913,66.0,184.921,249.0,184.927,120.0
1753769556020,06:12:36.020,kucoinfutures,SOL/USDT:USDT,184.92,332.0,184.913,66.0,184.921,249.0,184.927,120.0
1753769556037,06:12:36.037,kucoinfutures,SOL/USDT:USDT,184.92,332.0,184.913,66.0,184.921,249.0,184.927,120.0
1753769556040,06:12:36.040,kucoinfutures,SOL/USDT:USDT,184.92,332.0,184.913,66.0,184.921,249.0,184.927,120.0
1753769556066,06:12:36.066,kucoinfutures,SOL/USDT:USDT,184.92,332.0,184.913,66.0,184.921,249.0,184.927,120.0
1753769556073,06:12:36.073,kucoinfutures,SOL/USDT:USDT,184.92,332.0,184.913,66.0,184.921,249.0,184.927,120.0
1753769556124,06:12:36.124,kucoinfutures,SOL/USDT:USDT,184.92,332.0,184.913,66.0,184.921,249.0,184.927,120.0
1753769556167,06:12:36.167,kucoinfutures,SOL/USDT:USDT,184.92,332.0,184.913,66.0,184.921,249.0,184.927,120.0
1753769556194,06:12:36.194,kucoinfutures,SOL/USDT:USDT,184.92,332.0,184.913,66.0,184.921,249.0,184.927,120.0
1753769556226,06:12:36.226,kucoinfutures,SOL/USDT:USDT,184.92,332.0,184.913,66.0,184.921,249.0,184.927,120.0
1753769556253,06:12:36.253,kucoinfutures,SOL/USDT:USDT,184.92,332.0,184.913,66.0,184.921,249.0,184.927,120.0
1753769556257,06:12:36.257,kucoinfutures,SOL/USDT:USDT,184.92,332.0,184.913,66.0,184.921,249.0,184.927,120.0
1753769556261,06:12:36.261,kucoinfutures,SOL/USDT:USDT,184.92,332.0,184.913,66.0,184.921,249.0,184.927,120.0
1753769556265,06:12:36.265,kucoinfutures,SOL/USDT:USDT,184.92,332.0,184.913,66.0,184.921,249.0,184.927,120.0
1753769556268,06:12:36.268,kucoinfutures,SOL/USDT:USDT,184.92,332.0,184.913,66.0,184.921,249.0,184.927,120.0
1753769556272,06:12:36.272,kucoinfutures,SOL/USDT:USDT,184.92,332.0,184.913,66.0,184.921,249.0,184.927,120.0
1753769556276,06:12:36.276,kucoinfutures,SOL/USDT:USDT,184.92,332.0,184.913,66.0,184.921,249.0,184.927,120.0
1753769557180,06:12:37.180,kucoinfutures,SOL/USDT:USDT,184.913,491.0,184.906,46.0,184.914,503.0,184.92,197.0
1753769557205,06:12:37.205,kucoinfutures,SOL/USDT:USDT,184.913,491.0,184.906,46.0,184.914,503.0,184.92,197.0
1753769557282,06:12:37.282,kucoinfutures,SOL/USDT:USDT,184.913,491.0,184.906,46.0,184.914,503.0,184.92,197.0
1753769557303,06:12:37.303,kucoinfutures,SOL/USDT:USDT,184.913,491.0,184.906,46.0,184.914,503.0,184.92,197.0
1753769557877,06:12:37.877,kucoinfutures,SOL/USDT:USDT,184.913,491.0,184.907,46.0,184.914,503.0,184.92,197.0
1753769557877,06:12:37.877,kucoinfutures,SOL/USDT:USDT,184.913,491.0,184.907,46.0,184.914,503.0,184.92,197.0
1753769557896,06:12:37.896,kucoinfutures,SOL/USDT:USDT,184.913,491.0,184.907,46.0,184.914,503.0,184.92,197.0
1753769557906,06:12:37.906,kucoinfutures,SOL/USDT:USDT,184.913,491.0,184.905,46.0,184.914,503.0,184.92,197.0
1753769557910,06:12:37.910,kucoinfutures,SOL/USDT:USDT,184.913,491.0,184.908,46.0,184.914,503.0,184.92,197.0
1753769557921,06:12:37.921,kucoinfutures,SOL/USDT:USDT,184.913,491.0,184.908,46.0,184.914,503.0,184.92,197.0
1753769557927,06:12:37.927,kucoinfutures,SOL/USDT:USDT,184.913,491.0,184.908,46.0,184.914,503.0,184.92,197.0
1753769557936,06:12:37.936,kucoinfutures,SOL/USDT:USDT,184.913,491.0,184.908,46.0,184.914,503.0,184.92,197.0
1753769557936,06:12:37.936,kucoinfutures,SOL/USDT:USDT,184.913,491.0,184.908,46.0,184.914,503.0,184.92,197.0
1753769557947,06:12:37.947,kucoinfutures,SOL/USDT:USDT,184.913,491.0,184.908,46.0,184.914,503.0,184.92,197.0
1753769557953,06:12:37.953,kucoinfutures,SOL/USDT:USDT,184.913,491.0,184.908,46.0,184.914,503.0,184.92,197.0
1753769557980,06:12:37.980,kucoinfutures,SOL/USDT:USDT,184.913,491.0,184.908,46.0,184.914,503.0,184.92,197.0
1753769558005,06:12:38.005,kucoinfutures,SOL/USDT:USDT,184.913,491.0,184.905,46.0,184.914,503.0,184.92,197.0
1753769558011,06:12:38.011,kucoinfutures,SOL/USDT:USDT,184.913,491.0,184.909,46.0,184.914,503.0,184.92,197.0
1753769558029,06:12:38.029,kucoinfutures,SOL/USDT:USDT,184.913,491.0,184.909,46.0,184.914,503.0,184.92,197.0
1753769558050,06:12:38.050,kucoinfutures,SOL/USDT:USDT,184.913,491.0,184.909,46.0,184.914,503.0,184.92,197.0
1753769558056,06:12:38.056,kucoinfutures,SOL/USDT:USDT,184.913,491.0,184.909,46.0,184.914,503.0,184.92,197.0
1753769558076,06:12:38.076,kucoinfutures,SOL/USDT:USDT,184.913,491.0,184.909,46.0,184.914,503.0,184.92,197.0
1753769558081,06:12:38.081,kucoinfutures,SOL/USDT:USDT,184.913,491.0,184.909,46.0,184.914,503.0,184.92,197.0
1753769558092,06:12:38.092,kucoinfutures,SOL/USDT:USDT,184.913,491.0,184.909,46.0,184.914,503.0,184.92,197.0
1753769558103,06:12:38.103,kucoinfutures,SOL/USDT:USDT,184.913,491.0,184.909,46.0,184.914,503.0,184.92,197.0
1753769558104,06:12:38.104,kucoinfutures,SOL/USDT:USDT,184.913,491.0,184.905,46.0,184.914,503.0,184.92,197.0
1753769558108,06:12:38.108,kucoinfutures,SOL/USDT:USDT,184.913,491.0,184.904,120.0,184.914,503.0,184.92,197.0
1753769558111,06:12:38.111,kucoinfutures,SOL/USDT:USDT,184.913,491.0,184.904,120.0,184.914,503.0,184.92,197.0
1753769558117,06:12:38.117,kucoinfutures,SOL/USDT:USDT,184.913,491.0,184.904,120.0,184.914,503.0,184.92,197.0
1753769558120,06:12:38.120,kucoinfutures,SOL/USDT:USDT,184.913,491.0,184.904,120.0,184.914,503.0,184.92,197.0
1753769558127,06:12:38.127,kucoinfutures,SOL/USDT:USDT,184.913,491.0,184.904,120.0,184.914,503.0,184.92,197.0
1753769558128,06:12:38.128,kucoinfutures,SOL/USDT:USDT,184.913,491.0,184.904,120.0,184.914,503.0,184.92,197.0
1753769558133,06:12:38.133,kucoinfutures,SOL/USDT:USDT,184.913,491.0,184.904,120.0,184.914,503.0,184.92,197.0
1753769558133,06:12:38.133,kucoinfutures,SOL/USDT:USDT,184.913,491.0,184.904,120.0,184.914,503.0,184.92,197.0
1753769558153,06:12:38.153,kucoinfutures,SOL/USDT:USDT,184.913,491.0,184.904,120.0,184.914,503.0,184.92,197.0
1753769558156,06:12:38.156,kucoinfutures,SOL/USDT:USDT,184.913,491.0,184.904,120.0,184.914,503.0,184.92,197.0
1753769558160,06:12:38.160,kucoinfutures,SOL/USDT:USDT,184.913,491.0,184.904,120.0,184.914,503.0,184.92,197.0
1753769558178,06:12:38.178,kucoinfutures,SOL/USDT:USDT,184.913,491.0,184.904,120.0,184.914,503.0,184.92,197.0
1753769558184,06:12:38.184,kucoinfutures,SOL/USDT:USDT,184.913,491.0,184.904,120.0,184.914,503.0,184.92,197.0
1753769558204,06:12:38.204,kucoinfutures,SOL/USDT:USDT,184.913,491.0,184.904,120.0,184.914,503.0,184.92,197.0
1753769558206,06:12:38.206,kucoinfutures,SOL/USDT:USDT,184.913,491.0,184.905,46.0,184.914,503.0,184.92,197.0
1753769558210,06:12:38.210,kucoinfutures,SOL/USDT:USDT,184.913,491.0,184.905,46.0,184.914,503.0,184.92,197.0
1753769558230,06:12:38.230,kucoinfutures,SOL/USDT:USDT,184.913,491.0,184.905,46.0,184.914,503.0,184.92,197.0
1753769558235,06:12:38.235,kucoinfutures,SOL/USDT:USDT,184.913,491.0,184.905,46.0,184.914,503.0,184.92,197.0
1753769558237,06:12:38.237,kucoinfutures,SOL/USDT:USDT,184.913,491.0,184.905,46.0,184.914,503.0,184.92,197.0
1753769558245,06:12:38.245,kucoinfutures,SOL/USDT:USDT,184.913,491.0,184.905,46.0,184.914,503.0,184.92,197.0
1753769558257,06:12:38.257,kucoinfutures,SOL/USDT:USDT,184.913,491.0,184.905,46.0,184.914,503.0,184.92,197.0
1753769558263,06:12:38.263,kucoinfutures,SOL/USDT:USDT,184.913,491.0,184.905,46.0,184.914,503.0,184.92,197.0
1753769558283,06:12:38.283,kucoinfutures,SOL/USDT:USDT,184.913,491.0,184.905,46.0,184.914,503.0,184.92,197.0
1753769558289,06:12:38.289,kucoinfutures,SOL/USDT:USDT,184.913,491.0,184.905,46.0,184.914,503.0,184.92,197.0
1753769558308,06:12:38.308,kucoinfutures,SOL/USDT:USDT,184.913,491.0,184.905,46.0,184.914,503.0,184.92,197.0
1753769558315,06:12:38.315,kucoinfutures,SOL/USDT:USDT,184.913,491.0,184.905,46.0,184.914,503.0,184.92,197.0
1753769558334,06:12:38.334,kucoinfutures,SOL/USDT:USDT,184.913,491.0,184.905,46.0,184.914,503.0,184.92,197.0
1753769558341,06:12:38.341,kucoinfutures,SOL/USDT:USDT,184.913,491.0,184.905,46.0,184.914,503.0,184.92,197.0
1753769558349,06:12:38.349,kucoinfutures,SOL/USDT:USDT,184.913,491.0,184.905,46.0,184.914,503.0,184.92,197.0
1753769558349,06:12:38.349,kucoinfutures,SOL/USDT:USDT,184.913,491.0,184.905,46.0,184.914,503.0,184.92,197.0
1753769558350,06:12:38.350,kucoinfutures,SOL/USDT:USDT,184.913,491.0,184.905,46.0,184.914,503.0,184.92,197.0
1753769558352,06:12:38.352,kucoinfutures,SOL/USDT:USDT,184.913,379.0,184.905,46.0,184.914,503.0,184.92,197.0
1753769558354,06:12:38.354,kucoinfutures,SOL/USDT:USDT,184.913,379.0,184.905,46.0,184.914,503.0,184.92,197.0
1753769558354,06:12:38.354,kucoinfutures,SOL/USDT:USDT,184.913,379.0,184.905,46.0,184.914,503.0,184.92,197.0
1753769558354,06:12:38.354,kucoinfutures,SOL/USDT:USDT,184.913,379.0,184.905,46.0,184.914,503.0,184.92,197.0
1753769558355,06:12:38.355,kucoinfutures,SOL/USDT:USDT,184.913,379.0,184.905,46.0,184.914,343.0,184.92,197.0
1753769558356,06:12:38.356,kucoinfutures,SOL/USDT:USDT,184.913,379.0,184.905,46.0,184.914,343.0,184.92,197.0
1753769558356,06:12:38.356,kucoinfutures,SOL/USDT:USDT,184.913,379.0,184.905,46.0,184.914,343.0,184.92,197.0
1753769558358,06:12:38.358,kucoinfutures,SOL/USDT:USDT,184.913,379.0,184.905,46.0,184.914,343.0,184.92,197.0
1753769558362,06:12:38.362,kucoinfutures,SOL/USDT:USDT,184.913,379.0,184.905,46.0,184.914,206.0,184.92,197.0
1753769558365,06:12:38.365,kucoinfutures,SOL/USDT:USDT,184.913,379.0,184.905,46.0,184.914,161.0,184.92,197.0
1753769558370,06:12:38.370,kucoinfutures,SOL/USDT:USDT,184.913,379.0,184.905,46.0,184.914,167.0,184.92,197.0
1753769558386,06:12:38.386,kucoinfutures,SOL/USDT:USDT,184.913,379.0,184.905,46.0,184.914,167.0,184.92,197.0
1753769558392,06:12:38.392,kucoinfutures,SOL/USDT:USDT,184.913,379.0,184.905,46.0,184.914,167.0,184.92,197.0
1753769558411,06:12:38.411,kucoinfutures,SOL/USDT:USDT,184.913,379.0,184.905,46.0,184.914,167.0,184.92,197.0
1753769558417,06:12:38.417,kucoinfutures,SOL/USDT:USDT,184.913,379.0,184.905,46.0,184.914,167.0,184.92,197.0
1753769558438,06:12:38.438,kucoinfutures,SOL/USDT:USDT,184.913,379.0,184.905,46.0,184.914,167.0,184.92,197.0
1753769558462,06:12:38.462,kucoinfutures,SOL/USDT:USDT,184.913,379.0,184.905,46.0,184.914,167.0,184.92,197.0
1753769558467,06:12:38.467,kucoinfutures,SOL/USDT:USDT,184.913,379.0,184.905,46.0,184.914,167.0,184.92,197.0
1753769558488,06:12:38.488,kucoinfutures,SOL/USDT:USDT,184.913,379.0,184.905,46.0,184.914,167.0,184.92,197.0
1753769558496,06:12:38.496,kucoinfutures,SOL/USDT:USDT,184.913,379.0,184.905,46.0,184.914,167.0,184.92,197.0
1753769558502,06:12:38.502,kucoinfutures,SOL/USDT:USDT,184.913,379.0,184.905,46.0,184.914,167.0,184.92,197.0
1753769558502,06:12:38.502,kucoinfutures,SOL/USDT:USDT,184.913,379.0,184.905,46.0,184.914,167.0,184.92,197.0
1753769558514,06:12:38.514,kucoinfutures,SOL/USDT:USDT,184.913,379.0,184.905,46.0,184.914,167.0,184.92,197.0
1753769558519,06:12:38.519,kucoinfutures,SOL/USDT:USDT,184.913,379.0,184.905,46.0,184.914,167.0,184.92,197.0
1753769558539,06:12:38.539,kucoinfutures,SOL/USDT:USDT,184.913,379.0,184.905,46.0,184.914,167.0,184.92,197.0
1753769558546,06:12:38.546,kucoinfutures,SOL/USDT:USDT,184.913,379.0,184.905,46.0,184.914,167.0,184.92,197.0
1753769558565,06:12:38.565,kucoinfutures,SOL/USDT:USDT,184.913,379.0,184.905,46.0,184.914,167.0,184.92,197.0
1753769558572,06:12:38.572,kucoinfutures,SOL/USDT:USDT,184.913,379.0,184.905,46.0,184.914,167.0,184.92,197.0
1753769558575,06:12:38.575,kucoinfutures,SOL/USDT:USDT,184.913,379.0,184.905,46.0,184.914,167.0,184.92,197.0
1753769558591,06:12:38.591,kucoinfutures,SOL/USDT:USDT,184.913,379.0,184.905,46.0,184.914,167.0,184.92,197.0
1753769558598,06:12:38.598,kucoinfutures,SOL/USDT:USDT,184.913,379.0,184.905,46.0,184.914,167.0,184.92,197.0
1753769558618,06:12:38.618,kucoinfutures,SOL/USDT:USDT,184.913,379.0,184.905,46.0,184.914,167.0,184.92,197.0
1753769558623,06:12:38.623,kucoinfutures,SOL/USDT:USDT,184.913,379.0,184.905,46.0,184.914,167.0,184.92,197.0
1753769558643,06:12:38.643,kucoinfutures,SOL/USDT:USDT,184.913,379.0,184.905,46.0,184.914,167.0,184.92,197.0
1753769558649,06:12:38.649,kucoinfutures,SOL/USDT:USDT,184.913,379.0,184.905,46.0,184.914,167.0,184.92,197.0
1753769558650,06:12:38.650,kucoinfutures,SOL/USDT:USDT,184.913,379.0,184.905,46.0,184.914,167.0,184.92,197.0
1753769558670,06:12:38.670,kucoinfutures,SOL/USDT:USDT,184.913,379.0,184.905,46.0,184.914,167.0,184.92,197.0
1753769558675,06:12:38.675,kucoinfutures,SOL/USDT:USDT,184.913,379.0,184.905,46.0,184.914,167.0,184.92,197.0
1753769558693,06:12:38.693,kucoinfutures,SOL/USDT:USDT,184.913,379.0,184.905,46.0,184.914,167.0,184.92,197.0
1753769558700,06:12:38.700,kucoinfutures,SOL/USDT:USDT,184.913,379.0,184.905,46.0,184.914,167.0,184.92,197.0
1753769558720,06:12:38.720,kucoinfutures,SOL/USDT:USDT,184.913,379.0,184.905,46.0,184.914,167.0,184.92,197.0
1753769558726,06:12:38.726,kucoinfutures,SOL/USDT:USDT,184.913,379.0,184.905,46.0,184.914,167.0,184.92,197.0
1753769558746,06:12:38.746,kucoinfutures,SOL/USDT:USDT,184.913,379.0,184.905,46.0,184.914,167.0,184.92,197.0
1753769558751,06:12:38.751,kucoinfutures,SOL/USDT:USDT,184.913,379.0,184.905,46.0,184.914,167.0,184.92,197.0
1753769558766,06:12:38.766,kucoinfutures,SOL/USDT:USDT,184.913,259.0,184.905,46.0,184.914,167.0,184.92,197.0
1753769558769,06:12:38.769,kucoinfutures,SOL/USDT:USDT,184.913,259.0,184.905,46.0,184.914,167.0,184.92,197.0
1753769558772,06:12:38.772,kucoinfutures,SOL/USDT:USDT,184.913,259.0,184.905,46.0,184.914,167.0,184.92,197.0
1753769558776,06:12:38.776,kucoinfutures,SOL/USDT:USDT,184.913,371.0,184.905,46.0,184.914,167.0,184.92,197.0
1753769558778,06:12:38.778,kucoinfutures,SOL/USDT:USDT,184.913,371.0,184.905,46.0,184.914,167.0,184.92,197.0
1753769558780,06:12:38.780,kucoinfutures,SOL/USDT:USDT,184.913,371.0,184.905,46.0,184.914,167.0,184.92,197.0
1753769558798,06:12:38.798,kucoinfutures,SOL/USDT:USDT,184.913,371.0,184.905,46.0,184.914,167.0,184.92,197.0
1753769558803,06:12:38.803,kucoinfutures,SOL/USDT:USDT,184.913,371.0,184.905,46.0,184.914,167.0,184.92,197.0
1753769558820,06:12:38.820,kucoinfutures,SOL/USDT:USDT,184.913,371.0,184.905,46.0,184.914,167.0,184.92,77.0
1753769558821,06:12:38.821,kucoinfutures,SOL/USDT:USDT,184.913,371.0,184.905,46.0,184.914,167.0,184.92,77.0
1753769558823,06:12:38.823,kucoinfutures,SOL/USDT:USDT,184.913,371.0,184.905,46.0,184.914,167.0,184.92,77.0
1753769558829,06:12:38.829,kucoinfutures,SOL/USDT:USDT,184.913,371.0,184.905,46.0,184.914,167.0,184.92,77.0
1753769558846,06:12:38.846,kucoinfutures,SOL/USDT:USDT,184.913,491.0,184.906,120.0,184.914,167.0,184.92,77.0
1753769558849,06:12:38.849,kucoinfutures,SOL/USDT:USDT,184.913,491.0,184.906,120.0,184.914,167.0,184.92,77.0
1753769558854,06:12:38.854,kucoinfutures,SOL/USDT:USDT,184.913,491.0,184.906,120.0,184.914,167.0,184.92,77.0
1753769558872,06:12:38.872,kucoinfutures,SOL/USDT:USDT,184.913,491.0,184.906,120.0,184.914,167.0,184.92,77.0
1753769558874,06:12:38.874,kucoinfutures,SOL/USDT:USDT,184.913,491.0,184.906,120.0,184.914,167.0,184.92,77.0
1753769558874,06:12:38.874,kucoinfutures,SOL/USDT:USDT,184.913,491.0,184.906,120.0,184.914,167.0,184.92,77.0
1753769558880,06:12:38.880,kucoinfutures,SOL/USDT:USDT,184.913,491.0,184.906,120.0,184.914,167.0,184.92,77.0
1753769558894,06:12:38.894,kucoinfutures,SOL/USDT:USDT,184.913,491.0,184.906,120.0,184.914,167.0,184.92,77.0
1753769558896,06:12:38.896,kucoinfutures,SOL/USDT:USDT,184.913,491.0,184.906,120.0,184.914,167.0,184.92,77.0
1753769558897,06:12:38.897,kucoinfutures,SOL/USDT:USDT,184.913,491.0,184.906,120.0,184.914,167.0,184.92,77.0
1753769558901,06:12:38.901,kucoinfutures,SOL/USDT:USDT,184.913,491.0,184.906,120.0,184.914,167.0,184.92,77.0
1753769558903,06:12:38.903,kucoinfutures,SOL/USDT:USDT,184.913,491.0,184.906,120.0,184.914,167.0,184.92,77.0
1753769558905,06:12:38.905,kucoinfutures,SOL/USDT:USDT,184.913,491.0,184.906,120.0,184.914,167.0,184.92,77.0
1753769558906,06:12:38.906,kucoinfutures,SOL/USDT:USDT,184.913,491.0,184.907,46.0,184.914,167.0,184.92,77.0
1753769558907,06:12:38.907,kucoinfutures,SOL/USDT:USDT,184.913,491.0,184.907,46.0,184.914,167.0,184.92,77.0
1753769558907,06:12:38.907,kucoinfutures,SOL/USDT:USDT,184.913,491.0,184.907,46.0,184.914,167.0,184.92,77.0
1753769558909,06:12:38.909,kucoinfutures,SOL/USDT:USDT,184.913,491.0,184.907,46.0,184.914,167.0,184.92,77.0
1753769558924,06:12:38.924,kucoinfutures,SOL/USDT:USDT,184.913,491.0,184.907,46.0,184.914,167.0,184.92,77.0
1753769558932,06:12:38.932,kucoinfutures,SOL/USDT:USDT,184.913,491.0,184.907,46.0,184.914,167.0,184.92,77.0
1753769558936,06:12:38.936,kucoinfutures,SOL/USDT:USDT,184.913,491.0,184.907,46.0,184.914,167.0,184.92,77.0
1753769558946,06:12:38.946,kucoinfutures,SOL/USDT:USDT,184.913,491.0,184.907,46.0,184.914,167.0,184.92,77.0
1753769558983,06:12:38.983,kucoinfutures,SOL/USDT:USDT,184.913,557.0,184.907,46.0,184.914,167.0,184.92,77.0
1753769559033,06:12:39.033,kucoinfutures,SOL/USDT:USDT,184.913,557.0,184.907,46.0,184.914,167.0,184.92,77.0
1753769559044,06:12:39.044,kucoinfutures,SOL/USDT:USDT,184.913,491.0,184.907,46.0,184.914,167.0,184.92,77.0
1753769559047,06:12:39.047,kucoinfutures,SOL/USDT:USDT,184.913,491.0,184.907,46.0,184.914,167.0,184.92,77.0
1753769559055,06:12:39.055,kucoinfutures,SOL/USDT:USDT,184.913,491.0,184.907,46.0,184.914,167.0,184.92,77.0
1753769559062,06:12:39.062,kucoinfutures,SOL/USDT:USDT,184.913,491.0,184.907,46.0,184.914,55.0,184.92,77.0
1753769559080,06:12:39.080,kucoinfutures,SOL/USDT:USDT,184.913,491.0,184.907,46.0,184.914,55.0,184.92,77.0
1753769559086,06:12:39.086,kucoinfutures,SOL/USDT:USDT,184.913,491.0,184.907,46.0,184.914,55.0,184.92,77.0
1753769559104,06:12:39.104,kucoinfutures,SOL/USDT:USDT,184.913,491.0,184.907,46.0,184.914,55.0,184.92,77.0
1753769559106,06:12:39.106,kucoinfutures,SOL/USDT:USDT,184.913,491.0,184.907,46.0,184.914,55.0,184.92,77.0
1753769559108,06:12:39.108,kucoinfutures,SOL/USDT:USDT,184.913,491.0,184.907,46.0,184.914,55.0,184.92,77.0
1753769559112,06:12:39.112,kucoinfutures,SOL/USDT:USDT,184.913,491.0,184.907,46.0,184.914,55.0,184.92,77.0
1753769559114,06:12:39.114,kucoinfutures,SOL/USDT:USDT,184.913,491.0,184.907,46.0,184.914,55.0,184.92,77.0
1753769559120,06:12:39.120,kucoinfutures,SOL/USDT:USDT,184.913,491.0,184.907,46.0,184.914,55.0,184.92,77.0
1753769559141,06:12:39.141,kucoinfutures,SOL/USDT:USDT,184.913,491.0,184.907,46.0,184.914,55.0,184.92,77.0
1753769559142,06:12:39.142,kucoinfutures,SOL/USDT:USDT,184.913,491.0,184.907,46.0,184.914,55.0,184.92,77.0
1753769559145,06:12:39.145,kucoinfutures,SOL/USDT:USDT,184.913,491.0,184.907,46.0,184.914,55.0,184.92,77.0
1753769559146,06:12:39.146,kucoinfutures,SOL/USDT:USDT,184.913,557.0,184.907,46.0,184.914,55.0,184.92,77.0
1753769559150,06:12:39.150,kucoinfutures,SOL/USDT:USDT,184.913,557.0,184.907,46.0,184.914,55.0,184.92,77.0
1753769559153,06:12:39.153,kucoinfutures,SOL/USDT:USDT,184.913,557.0,184.907,46.0,184.914,55.0,184.92,77.0
1753769559159,06:12:39.159,kucoinfutures,SOL/USDT:USDT,184.913,557.0,184.907,46.0,184.914,55.0,184.92,77.0
1753769559165,06:12:39.165,kucoinfutures,SOL/USDT:USDT,184.913,557.0,184.907,46.0,184.914,55.0,184.92,77.0
1753769559184,06:12:39.184,kucoinfutures,SOL/USDT:USDT,184.913,557.0,184.907,46.0,184.914,55.0,184.92,77.0
1753769559190,06:12:39.190,kucoinfutures,SOL/USDT:USDT,184.913,557.0,184.907,46.0,184.914,55.0,184.92,77.0
1753769559199,06:12:39.199,kucoinfutures,SOL/USDT:USDT,184.913,557.0,184.907,46.0,184.914,55.0,184.92,77.0
1753769559199,06:12:39.199,kucoinfutures,SOL/USDT:USDT,184.913,557.0,184.907,46.0,184.914,55.0,184.92,77.0
1753769559200,06:12:39.200,kucoinfutures,SOL/USDT:USDT,184.913,557.0,184.907,46.0,184.914,55.0,184.92,77.0
1753769559216,06:12:39.216,kucoinfutures,SOL/USDT:USDT,184.913,557.0,184.907,46.0,184.914,55.0,184.92,77.0
1753769559236,06:12:39.236,kucoinfutures,SOL/USDT:USDT,184.913,557.0,184.907,46.0,184.914,55.0,184.92,77.0
1753769559242,06:12:39.242,kucoinfutures,SOL/USDT:USDT,184.913,557.0,184.907,46.0,184.914,55.0,184.92,77.0
1753769559251,06:12:39.251,kucoinfutures,SOL/USDT:USDT,184.913,557.0,184.907,46.0,184.914,55.0,184.92,77.0
1753769559262,06:12:39.262,kucoinfutures,SOL/USDT:USDT,184.913,557.0,184.907,46.0,184.914,55.0,184.92,77.0
1753769559267,06:12:39.267,kucoinfutures,SOL/USDT:USDT,184.913,557.0,184.907,46.0,184.914,55.0,184.92,77.0
1753769559279,06:12:39.279,kucoinfutures,SOL/USDT:USDT,184.913,557.0,184.907,46.0,184.914,55.0,184.92,77.0
1753769559284,06:12:39.284,kucoinfutures,SOL/USDT:USDT,184.913,557.0,184.907,46.0,184.914,55.0,184.92,77.0
1753769559290,06:12:39.290,kucoinfutures,SOL/USDT:USDT,184.913,557.0,184.907,46.0,184.914,287.0,184.92,77.0
1753769559294,06:12:39.294,kucoinfutures,SOL/USDT:USDT,184.913,557.0,184.907,46.0,184.914,373.0,184.92,77.0
1753769559298,06:12:39.298,kucoinfutures,SOL/USDT:USDT,184.913,310.0,184.907,46.0,184.914,554.0,184.92,77.0
1753769559303,06:12:39.303,kucoinfutures,SOL/USDT:USDT,184.913,310.0,184.907,46.0,184.914,554.0,184.92,77.0
1753769559308,06:12:39.308,kucoinfutures,SOL/USDT:USDT,184.913,310.0,184.907,46.0,184.914,322.0,184.92,77.0
1753769559340,06:12:39.340,kucoinfutures,SOL/USDT:USDT,184.913,310.0,184.907,46.0,184.914,322.0,184.92,77.0
1753769559354,06:12:39.354,kucoinfutures,SOL/USDT:USDT,184.913,310.0,184.907,46.0,184.914,322.0,184.92,77.0
1753769559358,06:12:39.358,kucoinfutures,SOL/USDT:USDT,184.913,491.0,184.907,46.0,184.914,322.0,184.92,77.0
1753769559358,06:12:39.358,kucoinfutures,SOL/USDT:USDT,184.913,491.0,184.907,46.0,184.914,141.0,184.92,77.0
1753769559362,06:12:39.362,kucoinfutures,SOL/USDT:USDT,184.913,491.0,184.907,46.0,184.914,141.0,184.92,77.0
1753769559365,06:12:39.365,kucoinfutures,SOL/USDT:USDT,184.913,491.0,184.907,46.0,184.914,141.0,184.92,77.0
1753769559370,06:12:39.370,kucoinfutures,SOL/USDT:USDT,184.913,491.0,184.907,46.0,184.914,141.0,184.92,77.0
1753769559468,06:12:39.468,kucoinfutures,SOL/USDT:USDT,184.913,491.0,184.907,46.0,184.914,141.0,184.92,77.0
1753769559474,06:12:39.474,kucoinfutures,SOL/USDT:USDT,184.913,491.0,184.907,46.0,184.914,141.0,184.92,77.0
1753769559494,06:12:39.494,kucoinfutures,SOL/USDT:USDT,184.913,491.0,184.907,46.0,184.914,141.0,184.92,77.0
1753769559501,06:12:39.501,kucoinfutures,SOL/USDT:USDT,184.913,491.0,184.907,46.0,184.914,141.0,184.92,77.0
1753769559511,06:12:39.511,kucoinfutures,SOL/USDT:USDT,184.913,491.0,184.907,46.0,184.914,141.0,184.92,77.0
1753769559520,06:12:39.520,kucoinfutures,SOL/USDT:USDT,184.913,491.0,184.907,46.0,184.914,141.0,184.92,77.0
1753769559526,06:12:39.526,kucoinfutures,SOL/USDT:USDT,184.913,491.0,184.907,46.0,184.914,141.0,184.92,77.0
1753769559545,06:12:39.545,kucoinfutures,SOL/USDT:USDT,184.913,491.0,184.907,46.0,184.914,141.0,184.92,77.0
1753769559550,06:12:39.550,kucoinfutures,SOL/USDT:USDT,184.913,491.0,184.907,46.0,184.914,141.0,184.92,77.0
1753769559561,06:12:39.561,kucoinfutures,SOL/USDT:USDT,184.913,491.0,184.907,46.0,184.914,141.0,184.92,77.0
1753769559564,06:12:39.564,kucoinfutures,SOL/USDT:USDT,184.913,491.0,184.907,46.0,184.914,141.0,184.92,77.0
1753769559566,06:12:39.566,kucoinfutures,SOL/USDT:USDT,184.913,557.0,184.907,46.0,184.914,141.0,184.92,77.0
1753769559576,06:12:39.576,kucoinfutures,SOL/USDT:USDT,184.913,557.0,184.907,46.0,184.914,141.0,184.92,77.0
1753769559593,06:12:39.593,kucoinfutures,SOL/USDT:USDT,184.913,557.0,184.907,46.0,184.914,141.0,184.92,77.0
1753769559598,06:12:39.598,kucoinfutures,SOL/USDT:USDT,184.913,557.0,184.907,46.0,184.914,141.0,184.92,77.0
1753769559603,06:12:39.603,kucoinfutures,SOL/USDT:USDT,184.913,557.0,184.907,46.0,184.914,141.0,184.92,77.0
1753769559622,06:12:39.622,kucoinfutures,SOL/USDT:USDT,184.913,557.0,184.907,46.0,184.914,141.0,184.92,77.0
1753769559628,06:12:39.628,kucoinfutures,SOL/USDT:USDT,184.913,557.0,184.907,46.0,184.914,141.0,184.92,77.0
1753769559630,06:12:39.630,kucoinfutures,SOL/USDT:USDT,184.913,557.0,184.907,46.0,184.914,141.0,184.92,77.0
1753769559650,06:12:39.650,kucoinfutures,SOL/USDT:USDT,184.913,557.0,184.907,46.0,184.914,141.0,184.92,77.0
1753769559654,06:12:39.654,kucoinfutures,SOL/USDT:USDT,184.913,557.0,184.907,46.0,184.914,141.0,184.92,77.0
1753769559670,06:12:39.670,kucoinfutures,SOL/USDT:USDT,184.913,557.0,184.907,46.0,184.914,141.0,184.92,77.0
1753769559670,06:12:39.670,kucoinfutures,SOL/USDT:USDT,184.913,557.0,184.907,46.0,184.914,141.0,184.92,77.0
1753769559674,06:12:39.674,kucoinfutures,SOL/USDT:USDT,184.913,557.0,184.907,46.0,184.914,141.0,184.92,77.0
1753769559680,06:12:39.680,kucoinfutures,SOL/USDT:USDT,184.913,557.0,184.907,46.0,184.914,141.0,184.92,77.0
1753769559700,06:12:39.700,kucoinfutures,SOL/USDT:USDT,184.913,557.0,184.907,46.0,184.914,141.0,184.92,77.0
1753769559706,06:12:39.706,kucoinfutures,SOL/USDT:USDT,184.913,557.0,184.907,46.0,184.914,141.0,184.92,77.0
1753769559725,06:12:39.725,kucoinfutures,SOL/USDT:USDT,184.913,557.0,184.907,46.0,184.914,141.0,184.92,77.0
1753769559732,06:12:39.732,kucoinfutures,SOL/USDT:USDT,184.913,557.0,184.907,46.0,184.914,141.0,184.92,77.0
1753769559752,06:12:39.752,kucoinfutures,SOL/USDT:USDT,184.913,557.0,184.907,46.0,184.914,141.0,184.92,77.0
1753769559755,06:12:39.755,kucoinfutures,SOL/USDT:USDT,184.913,557.0,184.907,46.0,184.914,141.0,184.92,77.0
1753769559757,06:12:39.757,kucoinfutures,SOL/USDT:USDT,184.913,557.0,184.907,46.0,184.914,141.0,184.92,77.0
1753769559759,06:12:39.759,kucoinfutures,SOL/USDT:USDT,184.913,491.0,184.907,46.0,184.914,141.0,184.92,77.0
1753769559763,06:12:39.763,kucoinfutures,SOL/USDT:USDT,184.913,491.0,184.907,46.0,184.914,141.0,184.92,77.0
1753769559778,06:12:39.778,kucoinfutures,SOL/USDT:USDT,184.913,491.0,184.907,46.0,184.914,141.0,184.92,77.0
1753769559783,06:12:39.783,kucoinfutures,SOL/USDT:USDT,184.913,491.0,184.907,46.0,184.914,141.0,184.92,77.0
1753769559811,06:12:39.811,kucoinfutures,SOL/USDT:USDT,184.913,491.0,184.904,132.0,184.914,141.0,184.92,77.0
1753769559844,06:12:39.844,kucoinfutures,SOL/USDT:USDT,184.913,491.0,184.905,120.0,184.914,141.0,184.92,77.0
1753769559859,06:12:39.859,kucoinfutures,SOL/USDT:USDT,184.913,491.0,184.905,120.0,184.914,141.0,184.92,77.0
1753769559880,06:12:39.880,kucoinfutures,SOL/USDT:USDT,184.913,491.0,184.905,120.0,184.914,141.0,184.92,77.0
1753769559887,06:12:39.887,kucoinfutures,SOL/USDT:USDT,184.913,491.0,184.905,120.0,184.914,141.0,184.92,77.0
1753769559910,06:12:39.910,kucoinfutures,SOL/USDT:USDT,184.913,491.0,184.906,46.0,184.914,141.0,184.92,77.0
1753769559932,06:12:39.932,kucoinfutures,SOL/USDT:USDT,184.913,491.0,184.906,46.0,184.914,141.0,184.92,77.0
1753769559939,06:12:39.939,kucoinfutures,SOL/USDT:USDT,184.913,491.0,184.906,46.0,184.914,141.0,184.92,77.0
1753769559954,06:12:39.954,kucoinfutures,SOL/USDT:USDT,184.913,557.0,184.906,46.0,184.914,55.0,184.92,77.0
1753769559956,06:12:39.956,kucoinfutures,SOL/USDT:USDT,184.913,557.0,184.906,46.0,184.914,49.0,184.92,77.0
1753769559958,06:12:39.958,kucoinfutures,SOL/USDT:USDT,184.913,557.0,184.906,46.0,184.914,49.0,184.92,77.0
1753769559960,06:12:39.960,kucoinfutures,SOL/USDT:USDT,184.913,557.0,184.906,46.0,184.914,49.0,184.92,77.0
1753769559965,06:12:39.965,kucoinfutures,SOL/USDT:USDT,184.913,557.0,184.906,46.0,184.914,49.0,184.92,77.0
1753769559983,06:12:39.983,kucoinfutures,SOL/USDT:USDT,184.913,557.0,184.906,46.0,184.914,49.0,184.92,77.0
1753769559990,06:12:39.990,kucoinfutures,SOL/USDT:USDT,184.913,557.0,184.906,46.0,184.914,49.0,184.92,77.0
1753769559991,06:12:39.991,kucoinfutures,SOL/USDT:USDT,184.913,557.0,184.906,46.0,184.914,49.0,184.92,77.0
1753769560004,06:12:40.004,kucoinfutures,SOL/USDT:USDT,184.913,557.0,184.906,46.0,184.914,49.0,184.92,77.0
1753769560005,06:12:40.005,kucoinfutures,SOL/USDT:USDT,184.913,557.0,184.906,46.0,184.914,49.0,184.92,77.0
1753769560009,06:12:40.009,kucoinfutures,SOL/USDT:USDT,184.913,557.0,184.906,46.0,184.914,49.0,184.92,77.0
1753769560041,06:12:40.041,kucoinfutures,SOL/USDT:USDT,184.913,557.0,184.906,46.0,184.914,49.0,184.92,77.0
1753769560046,06:12:40.046,kucoinfutures,SOL/USDT:USDT,184.913,557.0,184.906,46.0,184.914,49.0,184.92,77.0
1753769560048,06:12:40.048,kucoinfutures,SOL/USDT:USDT,184.913,557.0,184.906,46.0,184.914,49.0,184.92,77.0
1753769560065,06:12:40.065,kucoinfutures,SOL/USDT:USDT,184.913,557.0,184.906,46.0,184.914,49.0,184.92,77.0
1753769560067,06:12:40.067,kucoinfutures,SOL/USDT:USDT,184.913,557.0,184.906,46.0,184.914,49.0,184.92,77.0
1753769560070,06:12:40.070,kucoinfutures,SOL/USDT:USDT,184.913,557.0,184.906,46.0,184.914,49.0,184.92,77.0
1753769560072,06:12:40.072,kucoinfutures,SOL/USDT:USDT,184.913,557.0,184.906,46.0,184.914,49.0,184.92,77.0
1753769560073,06:12:40.073,kucoinfutures,SOL/USDT:USDT,184.913,557.0,184.906,46.0,184.914,49.0,184.92,77.0
1753769560075,06:12:40.075,kucoinfutures,SOL/USDT:USDT,184.913,557.0,184.906,46.0,184.914,49.0,184.92,77.0
1753769560076,06:12:40.076,kucoinfutures,SOL/USDT:USDT,184.913,557.0,184.906,46.0,184.914,49.0,184.92,77.0
1753769560079,06:12:40.079,kucoinfutures,SOL/USDT:USDT,184.913,557.0,184.906,46.0,184.914,49.0,184.92,77.0
1753769560084,06:12:40.084,kucoinfutures,SOL/USDT:USDT,184.913,557.0,184.906,46.0,184.914,49.0,184.92,77.0
1753769560086,06:12:40.086,kucoinfutures,SOL/USDT:USDT,184.913,557.0,184.906,46.0,184.914,49.0,184.92,77.0
1753769560091,06:12:40.091,kucoinfutures,SOL/USDT:USDT,184.913,557.0,184.906,46.0,184.914,49.0,184.92,77.0
1753769560118,06:12:40.118,kucoinfutures,SOL/USDT:USDT,184.913,557.0,184.906,46.0,184.914,49.0,184.92,77.0
1753769560137,06:12:40.137,kucoinfutures,SOL/USDT:USDT,184.913,557.0,184.906,46.0,184.914,49.0,184.92,77.0
1753769560144,06:12:40.144,kucoinfutures,SOL/USDT:USDT,184.913,557.0,184.906,46.0,184.914,49.0,184.92,77.0
1753769560165,06:12:40.165,kucoinfutures,SOL/USDT:USDT,184.913,557.0,184.906,46.0,184.914,49.0,184.92,77.0
1753769560190,06:12:40.190,kucoinfutures,SOL/USDT:USDT,184.913,557.0,184.906,46.0,184.914,49.0,184.92,77.0
1753769560195,06:12:40.195,kucoinfutures,SOL/USDT:USDT,184.913,557.0,184.906,46.0,184.914,49.0,184.92,77.0
1753769560215,06:12:40.215,kucoinfutures,SOL/USDT:USDT,184.913,557.0,184.906,46.0,184.914,49.0,184.92,77.0
1753769560222,06:12:40.222,kucoinfutures,SOL/USDT:USDT,184.913,557.0,184.906,46.0,184.914,49.0,184.92,77.0
1753769560281,06:12:40.281,kucoinfutures,SOL/USDT:USDT,184.913,557.0,184.906,46.0,184.914,49.0,184.92,77.0
1753769560297,06:12:40.297,kucoinfutures,SOL/USDT:USDT,184.913,557.0,184.906,46.0,184.914,49.0,184.92,77.0
1753769560303,06:12:40.303,kucoinfutures,SOL/USDT:USDT,184.913,557.0,184.906,46.0,184.914,49.0,184.92,77.0
1753769560309,06:12:40.309,kucoinfutures,SOL/USDT:USDT,184.913,557.0,184.906,46.0,184.914,49.0,184.92,77.0
1753769560311,06:12:40.311,kucoinfutures,SOL/USDT:USDT,184.913,557.0,184.906,46.0,184.914,49.0,184.92,77.0
1753769560318,06:12:40.318,kucoinfutures,SOL/USDT:USDT,184.913,557.0,184.906,46.0,184.914,49.0,184.92,77.0
1753769560376,06:12:40.376,kucoinfutures,SOL/USDT:USDT,184.913,557.0,184.906,46.0,184.914,49.0,184.92,77.0
1753769560386,06:12:40.386,kucoinfutures,SOL/USDT:USDT,184.913,557.0,184.906,46.0,184.914,49.0,184.92,77.0
1753769560402,06:12:40.402,kucoinfutures,SOL/USDT:USDT,184.913,557.0,184.906,46.0,184.914,49.0,184.92,77.0
1753769560422,06:12:40.422,kucoinfutures,SOL/USDT:USDT,184.913,557.0,184.906,46.0,184.914,49.0,184.92,77.0
1753769560427,06:12:40.427,kucoinfutures,SOL/USDT:USDT,184.913,557.0,184.906,46.0,184.914,49.0,184.92,77.0
1753769560478,06:12:40.478,kucoinfutures,SOL/USDT:USDT,184.913,557.0,184.906,46.0,184.914,49.0,184.92,77.0
1753769560499,06:12:40.499,kucoinfutures,SOL/USDT:USDT,184.913,557.0,184.906,46.0,184.914,49.0,184.92,77.0
1753769560505,06:12:40.505,kucoinfutures,SOL/USDT:USDT,184.913,557.0,184.906,46.0,184.914,49.0,184.92,77.0
1753769560510,06:12:40.510,kucoinfutures,SOL/USDT:USDT,184.913,557.0,184.906,46.0,184.914,49.0,184.92,77.0
1753769560514,06:12:40.514,kucoinfutures,SOL/USDT:USDT,184.913,557.0,184.906,46.0,184.914,49.0,184.92,77.0
1753769560516,06:12:40.516,kucoinfutures,SOL/USDT:USDT,184.913,557.0,184.906,46.0,184.914,49.0,184.92,77.0
1753769560518,06:12:40.518,kucoinfutures,SOL/USDT:USDT,184.913,557.0,184.906,46.0,184.914,49.0,184.92,77.0
1753769560525,06:12:40.525,kucoinfutures,SOL/USDT:USDT,184.913,557.0,184.906,46.0,184.914,49.0,184.92,77.0
1753769560533,06:12:40.533,kucoinfutures,SOL/USDT:USDT,184.913,557.0,184.906,46.0,184.914,49.0,184.92,77.0
1753769560534,06:12:40.534,kucoinfutures,SOL/USDT:USDT,184.913,557.0,184.906,46.0,184.914,49.0,184.92,77.0
1753769560542,06:12:40.542,kucoinfutures,SOL/USDT:USDT,184.913,557.0,184.906,46.0,184.914,49.0,184.92,77.0
1753769560552,06:12:40.552,kucoinfutures,SOL/USDT:USDT,184.913,557.0,184.906,46.0,184.914,49.0,184.92,77.0
1753769560559,06:12:40.559,kucoinfutures,SOL/USDT:USDT,184.913,557.0,184.906,46.0,184.914,49.0,184.92,77.0
1753769560577,06:12:40.577,kucoinfutures,SOL/USDT:USDT,184.913,557.0,184.906,46.0,184.914,49.0,184.92,77.0
1753769560581,06:12:40.581,kucoinfutures,SOL/USDT:USDT,184.913,557.0,184.906,46.0,184.914,49.0,184.92,77.0
1753769560602,06:12:40.602,kucoinfutures,SOL/USDT:USDT,184.913,557.0,184.906,46.0,184.914,49.0,184.92,77.0
1753769560627,06:12:40.627,kucoinfutures,SOL/USDT:USDT,184.913,557.0,184.906,46.0,184.914,49.0,184.92,77.0
1753769560633,06:12:40.633,kucoinfutures,SOL/USDT:USDT,184.913,557.0,184.906,46.0,184.914,49.0,184.92,77.0
1753769560686,06:12:40.686,kucoinfutures,SOL/USDT:USDT,184.913,557.0,184.906,46.0,184.914,49.0,184.92,77.0
1753769560689,06:12:40.689,kucoinfutures,SOL/USDT:USDT,184.913,557.0,184.906,46.0,184.914,49.0,184.92,77.0
1753769560704,06:12:40.704,kucoinfutures,SOL/USDT:USDT,184.913,557.0,184.906,46.0,184.914,49.0,184.92,77.0
1753769560711,06:12:40.711,kucoinfutures,SOL/USDT:USDT,184.913,557.0,184.906,46.0,184.914,49.0,184.92,77.0
1753769560729,06:12:40.729,kucoinfutures,SOL/USDT:USDT,184.913,557.0,184.906,46.0,184.914,49.0,184.92,77.0
1753769560730,06:12:40.730,kucoinfutures,SOL/USDT:USDT,184.913,557.0,184.906,46.0,184.914,49.0,184.92,77.0
1753769560731,06:12:40.731,kucoinfutures,SOL/USDT:USDT,184.913,557.0,184.906,46.0,184.914,49.0,184.92,77.0
1753769560743,06:12:40.743,kucoinfutures,SOL/USDT:USDT,184.913,437.0,184.906,46.0,184.914,49.0,184.92,77.0
1753769560748,06:12:40.748,kucoinfutures,SOL/USDT:USDT,184.913,437.0,184.906,46.0,184.914,49.0,184.92,77.0
1753769560758,06:12:40.758,kucoinfutures,SOL/USDT:USDT,184.913,437.0,184.906,46.0,184.914,49.0,184.92,77.0
1753769560763,06:12:40.763,kucoinfutures,SOL/USDT:USDT,184.913,437.0,184.906,46.0,184.914,49.0,184.92,77.0
1753769560783,06:12:40.783,kucoinfutures,SOL/USDT:USDT,184.913,437.0,184.906,46.0,184.914,49.0,184.92,77.0
1753769560803,06:12:40.803,kucoinfutures,SOL/USDT:USDT,184.913,437.0,184.906,46.0,184.914,49.0,184.92,77.0
1753769560808,06:12:40.808,kucoinfutures,SOL/USDT:USDT,184.913,437.0,184.906,46.0,184.914,49.0,184.92,77.0
1753769560811,06:12:40.811,kucoinfutures,SOL/USDT:USDT,184.913,437.0,184.906,46.0,184.914,49.0,184.92,77.0
1753769560811,06:12:40.811,kucoinfutures,SOL/USDT:USDT,184.913,672.0,184.906,46.0,184.914,49.0,184.92,77.0
1753769560813,06:12:40.813,kucoinfutures,SOL/USDT:USDT,184.913,672.0,184.912,55.0,184.914,49.0,184.92,77.0
1753769560814,06:12:40.814,kucoinfutures,SOL/USDT:USDT,184.913,672.0,184.912,55.0,184.914,49.0,184.92,77.0
1753769560816,06:12:40.816,kucoinfutures,SOL/USDT:USDT,184.913,672.0,184.912,55.0,184.914,30.0,184.93,31.0
1753769560818,06:12:40.818,kucoinfutures,SOL/USDT:USDT,184.913,672.0,184.912,55.0,184.914,30.0,184.93,31.0
1753769560820,06:12:40.820,kucoinfutures,SOL/USDT:USDT,184.913,672.0,184.912,55.0,184.914,30.0,184.93,31.0
1753769560821,06:12:40.821,kucoinfutures,SOL/USDT:USDT,184.913,672.0,184.912,55.0,184.914,30.0,184.93,31.0
1753769560821,06:12:40.821,kucoinfutures,SOL/USDT:USDT,184.913,672.0,184.912,55.0,184.914,30.0,184.93,31.0
1753769560822,06:12:40.822,kucoinfutures,SOL/USDT:USDT,184.913,672.0,184.912,55.0,184.914,30.0,184.93,31.0
1753769560824,06:12:40.824,kucoinfutures,SOL/USDT:USDT,184.913,792.0,184.912,55.0,184.914,30.0,184.93,31.0
1753769560828,06:12:40.828,kucoinfutures,SOL/USDT:USDT,184.913,792.0,184.912,55.0,184.914,11.0,184.93,31.0
1753769560830,06:12:40.830,kucoinfutures,SOL/USDT:USDT,184.913,792.0,184.912,55.0,184.914,11.0,184.93,31.0
1753769560832,06:12:40.832,kucoinfutures,SOL/USDT:USDT,184.913,792.0,184.912,55.0,184.914,11.0,184.93,31.0
1753769560834,06:12:40.834,kucoinfutures,SOL/USDT:USDT,184.913,792.0,184.912,55.0,184.914,11.0,184.93,31.0
1753769560835,06:12:40.835,kucoinfutures,SOL/USDT:USDT,184.913,792.0,184.912,55.0,184.914,11.0,184.93,31.0
1753769560837,06:12:40.837,kucoinfutures,SOL/USDT:USDT,184.913,792.0,184.912,55.0,184.914,11.0,184.93,31.0
1753769560842,06:12:40.842,kucoinfutures,SOL/USDT:USDT,184.913,792.0,184.912,55.0,184.914,11.0,184.93,31.0
1753769560846,06:12:40.846,kucoinfutures,SOL/USDT:USDT,184.913,792.0,184.912,55.0,184.914,11.0,184.93,31.0
1753769560858,06:12:40.858,kucoinfutures,SOL/USDT:USDT,184.913,792.0,184.912,55.0,184.914,11.0,184.93,31.0
1753769560859,06:12:40.859,kucoinfutures,SOL/USDT:USDT,184.913,792.0,184.912,55.0,184.914,11.0,184.93,31.0
1753769560859,06:12:40.859,kucoinfutures,SOL/USDT:USDT,184.913,792.0,184.912,55.0,184.914,11.0,184.93,31.0
1753769560860,06:12:40.860,kucoinfutures,SOL/USDT:USDT,184.913,792.0,184.912,55.0,184.914,11.0,184.93,31.0
1753769560861,06:12:40.861,kucoinfutures,SOL/USDT:USDT,184.913,792.0,184.912,55.0,184.914,11.0,184.93,31.0
1753769560863,06:12:40.863,kucoinfutures,SOL/USDT:USDT,184.913,792.0,184.912,55.0,184.914,11.0,184.93,31.0
1753769560866,06:12:40.866,kucoinfutures,SOL/USDT:USDT,184.913,792.0,184.912,55.0,184.914,11.0,184.93,31.0
1753769560869,06:12:40.869,kucoinfutures,SOL/USDT:USDT,184.913,792.0,184.912,55.0,184.914,11.0,184.93,31.0
1753769560886,06:12:40.886,kucoinfutures,SOL/USDT:USDT,184.913,792.0,184.912,55.0,184.914,11.0,184.93,31.0
1753769560888,06:12:40.888,kucoinfutures,SOL/USDT:USDT,184.913,1034.0,184.912,55.0,184.914,11.0,184.93,31.0
1753769560899,06:12:40.899,kucoinfutures,SOL/USDT:USDT,184.913,1034.0,184.912,55.0,184.914,11.0,184.93,31.0
1753769560904,06:12:40.904,kucoinfutures,SOL/USDT:USDT,184.913,1034.0,184.912,55.0,184.914,11.0,184.93,31.0
1753769560906,06:12:40.906,kucoinfutures,SOL/USDT:USDT,184.913,1034.0,184.912,55.0,184.914,8.0,184.93,31.0
1753769560912,06:12:40.912,kucoinfutures,SOL/USDT:USDT,184.913,1034.0,184.912,55.0,184.914,8.0,184.931,122.0
1753769560916,06:12:40.916,kucoinfutures,SOL/USDT:USDT,184.913,1034.0,184.912,55.0,184.914,8.0,184.931,122.0
1753769560917,06:12:40.917,kucoinfutures,SOL/USDT:USDT,184.913,1034.0,184.912,55.0,184.914,8.0,184.931,122.0
1753769560918,06:12:40.918,kucoinfutures,SOL/USDT:USDT,184.913,1034.0,184.912,55.0,184.914,8.0,184.931,122.0
1753769560936,06:12:40.936,kucoinfutures,SOL/USDT:USDT,184.913,1034.0,184.912,55.0,184.914,8.0,184.931,122.0
1753769560937,06:12:40.937,kucoinfutures,SOL/USDT:USDT,184.913,1034.0,184.912,55.0,184.914,8.0,184.931,122.0
1753769560943,06:12:40.943,kucoinfutures,SOL/USDT:USDT,184.913,1034.0,184.912,55.0,184.914,8.0,184.931,122.0
1753769560962,06:12:40.962,kucoinfutures,SOL/USDT:USDT,184.913,1034.0,184.912,55.0,184.914,8.0,184.931,122.0
1753769560963,06:12:40.963,kucoinfutures,SOL/USDT:USDT,184.913,1034.0,184.912,55.0,184.914,8.0,184.931,122.0
1753769560965,06:12:40.965,kucoinfutures,SOL/USDT:USDT,184.913,1034.0,184.912,55.0,184.914,8.0,184.931,122.0
1753769560969,06:12:40.969,kucoinfutures,SOL/USDT:USDT,184.913,1034.0,184.912,55.0,184.914,8.0,184.931,122.0
1753769560969,06:12:40.969,kucoinfutures,SOL/USDT:USDT,184.913,1034.0,184.912,55.0,184.914,8.0,184.931,122.0
1753769560973,06:12:40.973,kucoinfutures,SOL/USDT:USDT,184.913,1034.0,184.912,55.0,184.914,8.0,184.931,122.0
1753769560989,06:12:40.989,kucoinfutures,SOL/USDT:USDT,184.913,1034.0,184.912,55.0,184.914,8.0,184.931,122.0
1753769560994,06:12:40.994,kucoinfutures,SOL/USDT:USDT,184.913,1034.0,184.912,55.0,184.914,8.0,184.931,122.0
1753769561003,06:12:41.003,kucoinfutures,SOL/USDT:USDT,184.913,1034.0,184.912,55.0,184.914,8.0,184.931,122.0
1753769561004,06:12:41.004,kucoinfutures,SOL/USDT:USDT,184.913,1034.0,184.912,55.0,184.914,8.0,184.931,122.0
1753769561006,06:12:41.006,kucoinfutures,SOL/USDT:USDT,184.913,1034.0,184.912,55.0,184.914,8.0,184.931,122.0
1753769561016,06:12:41.016,kucoinfutures,SOL/USDT:USDT,184.913,1034.0,184.912,55.0,184.914,8.0,184.931,122.0
1753769561020,06:12:41.020,kucoinfutures,SOL/USDT:USDT,184.913,1034.0,184.912,55.0,184.914,8.0,184.931,122.0
1753769561022,06:12:41.022,kucoinfutures,SOL/USDT:USDT,184.913,1034.0,184.912,55.0,184.914,8.0,184.931,122.0
1753769561024,06:12:41.024,kucoinfutures,SOL/USDT:USDT,184.913,1034.0,184.912,55.0,184.914,8.0,184.931,122.0
1753769561027,06:12:41.027,kucoinfutures,SOL/USDT:USDT,184.913,1034.0,184.912,55.0,184.914,8.0,184.931,122.0
1753769561041,06:12:41.041,kucoinfutures,SOL/USDT:USDT,184.913,1034.0,184.912,55.0,184.914,8.0,184.931,122.0
1753769561047,06:12:41.047,kucoinfutures,SOL/USDT:USDT,184.913,1034.0,184.912,55.0,184.914,8.0,184.931,122.0
1753769561067,06:12:41.067,kucoinfutures,SOL/USDT:USDT,184.913,1034.0,184.912,55.0,184.914,8.0,184.931,122.0
1753769561072,06:12:41.072,kucoinfutures,SOL/USDT:USDT,184.913,1034.0,184.912,55.0,184.914,8.0,184.931,122.0
1753769561092,06:12:41.092,kucoinfutures,SOL/USDT:USDT,184.913,1034.0,184.912,55.0,184.914,8.0,184.931,122.0
1753769561119,06:12:41.119,kucoinfutures,SOL/USDT:USDT,184.913,1034.0,184.912,55.0,184.914,8.0,184.931,122.0
1753769561124,06:12:41.124,kucoinfutures,SOL/USDT:USDT,184.913,1034.0,184.912,55.0,184.914,8.0,184.931,122.0
1753769561139,06:12:41.139,kucoinfutures,SOL/USDT:USDT,184.913,1034.0,184.912,55.0,184.914,8.0,184.931,122.0
1753769561139,06:12:41.139,kucoinfutures,SOL/USDT:USDT,184.913,1034.0,184.912,55.0,184.914,8.0,184.931,122.0
1753769561149,06:12:41.149,kucoinfutures,SOL/USDT:USDT,184.913,1034.0,184.912,55.0,184.914,8.0,184.931,122.0
1753769561167,06:12:41.167,kucoinfutures,SOL/USDT:USDT,184.913,1034.0,184.912,55.0,184.914,8.0,184.931,122.0
1753769561174,06:12:41.174,kucoinfutures,SOL/USDT:USDT,184.913,1034.0,184.912,55.0,184.914,8.0,184.931,122.0
1753769561187,06:12:41.187,kucoinfutures,SOL/USDT:USDT,184.913,1034.0,184.912,55.0,184.914,8.0,184.931,122.0
1753769561188,06:12:41.188,kucoinfutures,SOL/USDT:USDT,184.913,1034.0,184.912,55.0,184.914,8.0,184.931,122.0
1753769561192,06:12:41.192,kucoinfutures,SOL/USDT:USDT,184.913,1034.0,184.912,55.0,184.914,8.0,184.931,122.0
1753769561193,06:12:41.193,kucoinfutures,SOL/USDT:USDT,184.913,1034.0,184.912,55.0,184.914,8.0,184.931,122.0
1753769561195,06:12:41.195,kucoinfutures,SOL/USDT:USDT,184.913,1034.0,184.912,55.0,184.914,8.0,184.931,122.0
1753769561198,06:12:41.198,kucoinfutures,SOL/USDT:USDT,184.913,1034.0,184.912,55.0,184.914,8.0,184.931,122.0
1753769561201,06:12:41.201,kucoinfutures,SOL/USDT:USDT,184.913,1034.0,184.912,55.0,184.914,8.0,184.931,122.0
1753769561202,06:12:41.202,kucoinfutures,SOL/USDT:USDT,184.913,1034.0,184.912,55.0,184.914,8.0,184.931,122.0
1753769561220,06:12:41.220,kucoinfutures,SOL/USDT:USDT,184.913,1034.0,184.912,55.0,184.914,8.0,184.931,122.0
1753769561227,06:12:41.227,kucoinfutures,SOL/USDT:USDT,184.913,1034.0,184.912,55.0,184.914,8.0,184.931,122.0
1753769561241,06:12:41.241,kucoinfutures,SOL/USDT:USDT,184.913,1034.0,184.912,55.0,184.914,8.0,184.931,122.0
1753769561246,06:12:41.246,kucoinfutures,SOL/USDT:USDT,184.913,1034.0,184.912,55.0,184.914,8.0,184.931,122.0
1753769561253,06:12:41.253,kucoinfutures,SOL/USDT:USDT,184.913,1034.0,184.912,55.0,184.914,8.0,184.931,122.0
1753769561267,06:12:41.267,kucoinfutures,SOL/USDT:USDT,184.913,1034.0,184.912,55.0,184.914,8.0,184.931,122.0
1753769561273,06:12:41.273,kucoinfutures,SOL/USDT:USDT,184.913,1034.0,184.912,55.0,184.914,8.0,184.931,122.0
1753769561278,06:12:41.278,kucoinfutures,SOL/USDT:USDT,184.913,1034.0,184.912,55.0,184.914,8.0,184.931,122.0
1753769561298,06:12:41.298,kucoinfutures,SOL/USDT:USDT,184.913,1034.0,184.912,55.0,184.914,8.0,184.931,122.0
1753769561305,06:12:41.305,kucoinfutures,SOL/USDT:USDT,184.913,1034.0,184.912,55.0,184.914,8.0,184.931,122.0
1753769561324,06:12:41.324,kucoinfutures,SOL/USDT:USDT,184.913,1034.0,184.912,55.0,184.914,8.0,184.931,122.0
1753769561329,06:12:41.329,kucoinfutures,SOL/USDT:USDT,184.913,1034.0,184.912,55.0,184.914,8.0,184.931,122.0
1753769561345,06:12:41.345,kucoinfutures,SOL/USDT:USDT,184.913,1034.0,184.912,55.0,184.914,8.0,184.931,122.0
1753769561349,06:12:41.349,kucoinfutures,SOL/USDT:USDT,184.913,1034.0,184.912,55.0,184.914,8.0,184.931,122.0
1753769561356,06:12:41.356,kucoinfutures,SOL/USDT:USDT,184.913,1034.0,184.912,55.0,184.914,8.0,184.931,122.0
1753769561364,06:12:41.364,kucoinfutures,SOL/USDT:USDT,184.913,1034.0,184.912,55.0,184.914,8.0,184.931,122.0
1753769561367,06:12:41.367,kucoinfutures,SOL/USDT:USDT,184.913,1034.0,184.912,55.0,184.914,8.0,184.931,122.0
1753769561373,06:12:41.373,kucoinfutures,SOL/USDT:USDT,184.913,1034.0,184.912,55.0,184.914,8.0,184.931,122.0
1753769561376,06:12:41.376,kucoinfutures,SOL/USDT:USDT,184.913,1034.0,184.912,55.0,184.914,8.0,184.931,122.0
1753769561380,06:12:41.380,kucoinfutures,SOL/USDT:USDT,184.913,1034.0,184.912,55.0,184.914,8.0,184.931,122.0
1753769561381,06:12:41.381,kucoinfutures,SOL/USDT:USDT,184.913,1034.0,184.912,55.0,184.914,8.0,184.931,122.0
1753769561401,06:12:41.401,kucoinfutures,SOL/USDT:USDT,184.913,1034.0,184.912,55.0,184.914,8.0,184.931,122.0
1753769561428,06:12:41.428,kucoinfutures,SOL/USDT:USDT,184.913,1034.0,184.912,55.0,184.914,8.0,184.931,122.0
1753769561434,06:12:41.434,kucoinfutures,SOL/USDT:USDT,184.913,1034.0,184.912,55.0,184.914,8.0,184.931,122.0
1753769561437,06:12:41.437,kucoinfutures,SOL/USDT:USDT,184.913,1034.0,184.912,55.0,184.914,8.0,184.931,122.0
1753769561453,06:12:41.453,kucoinfutures,SOL/USDT:USDT,184.913,1034.0,184.912,55.0,184.914,8.0,184.931,122.0
1753769561459,06:12:41.459,kucoinfutures,SOL/USDT:USDT,184.913,1034.0,184.912,55.0,184.914,8.0,184.931,122.0
1753769561478,06:12:41.478,kucoinfutures,SOL/USDT:USDT,184.913,1034.0,184.912,55.0,184.914,8.0,184.931,122.0
1753769561490,06:12:41.490,kucoinfutures,SOL/USDT:USDT,184.913,1034.0,184.912,55.0,184.914,8.0,184.931,122.0
1753769561512,06:12:41.512,kucoinfutures,SOL/USDT:USDT,184.913,1034.0,184.912,55.0,184.914,8.0,184.931,122.0
1753769561531,06:12:41.531,kucoinfutures,SOL/USDT:USDT,184.913,1034.0,184.912,55.0,184.914,8.0,184.931,122.0
1753769561536,06:12:41.536,kucoinfutures,SOL/USDT:USDT,184.913,1034.0,184.912,55.0,184.914,8.0,184.931,122.0
1753769561555,06:12:41.555,kucoinfutures,SOL/USDT:USDT,184.913,1034.0,184.912,55.0,184.914,8.0,184.931,122.0
1753769561561,06:12:41.561,kucoinfutures,SOL/USDT:USDT,184.913,1034.0,184.912,55.0,184.914,8.0,184.931,122.0
1753769561580,06:12:41.580,kucoinfutures,SOL/USDT:USDT,184.913,1034.0,184.912,55.0,184.914,8.0,184.931,122.0
1753769561588,06:12:41.588,kucoinfutures,SOL/USDT:USDT,184.913,1034.0,184.912,55.0,184.914,8.0,184.931,122.0
1753769561608,06:12:41.608,kucoinfutures,SOL/USDT:USDT,184.913,1034.0,184.912,55.0,184.914,8.0,184.931,122.0
1753769561633,06:12:41.633,kucoinfutures,SOL/USDT:USDT,184.913,1034.0,184.912,55.0,184.914,8.0,184.931,122.0
1753769561639,06:12:41.639,kucoinfutures,SOL/USDT:USDT,184.913,1034.0,184.912,55.0,184.914,8.0,184.931,122.0
1753769561640,06:12:41.640,kucoinfutures,SOL/USDT:USDT,184.913,1034.0,184.912,55.0,184.914,8.0,184.931,122.0
1753769561649,06:12:41.649,kucoinfutures,SOL/USDT:USDT,184.913,1034.0,184.912,55.0,184.914,8.0,184.931,122.0
1753769561650,06:12:41.650,kucoinfutures,SOL/USDT:USDT,184.913,1034.0,184.912,55.0,184.914,8.0,184.931,122.0
1753769561691,06:12:41.691,kucoinfutures,SOL/USDT:USDT,184.913,1034.0,184.912,55.0,184.914,8.0,184.931,122.0
1753769561710,06:12:41.710,kucoinfutures,SOL/USDT:USDT,184.913,1034.0,184.912,55.0,184.914,8.0,184.931,122.0
1753769561716,06:12:41.716,kucoinfutures,SOL/USDT:USDT,184.913,1034.0,184.912,55.0,184.914,8.0,184.931,122.0
1753769561729,06:12:41.729,kucoinfutures,SOL/USDT:USDT,184.913,1034.0,184.912,55.0,184.914,8.0,184.931,122.0
1753769561733,06:12:41.733,kucoinfutures,SOL/USDT:USDT,184.913,1034.0,184.912,55.0,184.914,8.0,184.931,122.0
1753769561737,06:12:41.737,kucoinfutures,SOL/USDT:USDT,184.913,1034.0,184.912,55.0,184.914,179.0,184.931,122.0
1753769561737,06:12:41.737,kucoinfutures,SOL/USDT:USDT,184.913,1034.0,184.912,55.0,184.914,179.0,184.931,122.0
1753769561741,06:12:41.741,kucoinfutures,SOL/USDT:USDT,184.913,1034.0,184.912,55.0,184.914,8.0,184.931,122.0
1753769561742,06:12:41.742,kucoinfutures,SOL/USDT:USDT,184.913,1034.0,184.912,55.0,184.914,8.0,184.931,122.0
1753769561745,06:12:41.745,kucoinfutures,SOL/USDT:USDT,184.913,1034.0,184.912,55.0,184.914,8.0,184.931,122.0
1753769561746,06:12:41.746,kucoinfutures,SOL/USDT:USDT,184.93,11.0,184.913,1034.0,184.931,122.0,184.932,28.0
1753769561747,06:12:41.747,kucoinfutures,SOL/USDT:USDT,184.93,11.0,184.914,120.0,184.932,28.0,184.934,6.0
1753769561749,06:12:41.749,kucoinfutures,SOL/USDT:USDT,184.93,11.0,184.914,120.0,184.932,28.0,184.934,6.0
1753769561750,06:12:41.750,kucoinfutures,SOL/USDT:USDT,184.93,192.0,184.922,181.0,184.932,28.0,184.934,6.0
1753769561750,06:12:41.750,kucoinfutures,SOL/USDT:USDT,184.93,199.0,184.922,181.0,184.932,28.0,184.934,6.0
1753769561750,06:12:41.750,kucoinfutures,SOL/USDT:USDT,184.93,324.0,184.922,181.0,184.931,19.0,184.932,28.0
1753769561751,06:12:41.751,kucoinfutures,SOL/USDT:USDT,184.93,324.0,184.922,181.0,184.931,251.0,184.932,28.0
1753769561752,06:12:41.752,kucoinfutures,SOL/USDT:USDT,184.93,324.0,184.922,181.0,184.931,253.0,184.932,28.0
1753769561755,06:12:41.755,kucoinfutures,SOL/USDT:USDT,184.93,245.0,184.921,78.0,184.931,382.0,184.932,28.0
1753769561757,06:12:41.757,kucoinfutures,SOL/USDT:USDT,184.93,245.0,184.921,78.0,184.931,382.0,184.932,28.0
1753769561757,06:12:41.757,kucoinfutures,SOL/USDT:USDT,184.93,245.0,184.921,78.0,184.931,382.0,184.932,154.0
1753769561759,06:12:41.759,kucoinfutures,SOL/USDT:USDT,184.93,179.0,184.921,78.0,184.931,382.0,184.932,154.0
1753769561761,06:12:41.761,kucoinfutures,SOL/USDT:USDT,184.93,179.0,184.921,78.0,184.931,382.0,184.932,154.0
1753769561763,06:12:41.763,kucoinfutures,SOL/USDT:USDT,184.93,179.0,184.921,78.0,184.931,382.0,184.932,154.0
1753769561768,06:12:41.768,kucoinfutures,SOL/USDT:USDT,184.93,143.0,184.921,78.0,184.931,382.0,184.932,154.0
1753769561776,06:12:41.776,kucoinfutures,SOL/USDT:USDT,184.93,143.0,184.921,78.0,184.931,494.0,184.932,154.0
1753769561781,06:12:41.781,kucoinfutures,SOL/USDT:USDT,184.93,143.0,184.921,78.0,184.931,494.0,184.932,154.0
1753769561786,06:12:41.786,kucoinfutures,SOL/USDT:USDT,184.93,143.0,184.921,78.0,184.931,494.0,184.932,154.0
1753769561794,06:12:41.794,kucoinfutures,SOL/USDT:USDT,184.93,143.0,184.921,78.0,184.931,494.0,184.932,154.0
1753769561796,06:12:41.796,kucoinfutures,SOL/USDT:USDT,184.93,143.0,184.921,78.0,184.931,494.0,184.932,154.0
1753769561799,06:12:41.799,kucoinfutures,SOL/USDT:USDT,184.93,143.0,184.921,78.0,184.931,494.0,184.932,154.0
1753769561805,06:12:41.805,kucoinfutures,SOL/USDT:USDT,184.93,143.0,184.922,46.0,184.931,501.0,184.932,154.0
1753769561812,06:12:41.812,kucoinfutures,SOL/USDT:USDT,184.93,143.0,184.923,186.0,184.931,621.0,184.932,154.0
1753769561814,06:12:41.814,kucoinfutures,SOL/USDT:USDT,184.93,143.0,184.923,186.0,184.931,621.0,184.932,154.0
1753769561815,06:12:41.815,kucoinfutures,SOL/USDT:USDT,184.93,143.0,184.923,186.0,184.931,621.0,184.932,154.0
1753769561821,06:12:41.821,kucoinfutures,SOL/USDT:USDT,184.93,255.0,184.923,186.0,184.931,501.0,184.932,154.0
1753769561840,06:12:41.840,kucoinfutures,SOL/USDT:USDT,184.93,255.0,184.923,186.0,184.931,501.0,184.932,154.0
1753769561845,06:12:41.845,kucoinfutures,SOL/USDT:USDT,184.93,255.0,184.923,186.0,184.931,501.0,184.932,154.0
1753769561865,06:12:41.865,kucoinfutures,SOL/USDT:USDT,184.93,255.0,184.923,186.0,184.931,501.0,184.932,154.0
1753769561872,06:12:41.872,kucoinfutures,SOL/USDT:USDT,184.93,255.0,184.923,186.0,184.931,501.0,184.932,154.0
1753769561897,06:12:41.897,kucoinfutures,SOL/USDT:USDT,184.93,255.0,184.923,186.0,184.931,501.0,184.932,154.0
1753769561923,06:12:41.923,kucoinfutures,SOL/USDT:USDT,184.93,436.0,184.923,186.0,184.931,501.0,184.932,154.0
1753769561933,06:12:41.933,kucoinfutures,SOL/USDT:USDT,184.93,436.0,184.923,186.0,184.931,501.0,184.932,154.0
1753769561944,06:12:41.944,kucoinfutures,SOL/USDT:USDT,184.93,436.0,184.923,186.0,184.931,501.0,184.932,154.0
1753769561947,06:12:41.947,kucoinfutures,SOL/USDT:USDT,184.93,436.0,184.923,186.0,184.931,501.0,184.932,154.0
1753769561949,06:12:41.949,kucoinfutures,SOL/USDT:USDT,184.93,436.0,184.923,186.0,184.931,501.0,184.932,154.0
1753769561951,06:12:41.951,kucoinfutures,SOL/USDT:USDT,184.93,436.0,184.923,186.0,184.931,501.0,184.932,154.0
1753769561958,06:12:41.958,kucoinfutures,SOL/USDT:USDT,184.93,502.0,184.923,120.0,184.931,501.0,184.932,154.0
1753769561967,06:12:41.967,kucoinfutures,SOL/USDT:USDT,184.93,502.0,184.923,120.0,184.931,501.0,184.932,154.0
1753769561975,06:12:41.975,kucoinfutures,SOL/USDT:USDT,184.93,502.0,184.923,120.0,184.931,501.0,184.932,154.0
1753769561977,06:12:41.977,kucoinfutures,SOL/USDT:USDT,184.93,502.0,184.923,120.0,184.931,501.0,184.932,154.0
1753769561995,06:12:41.995,kucoinfutures,SOL/USDT:USDT,184.93,502.0,184.923,120.0,184.931,501.0,184.932,154.0
1753769562004,06:12:42.004,kucoinfutures,SOL/USDT:USDT,184.93,502.0,184.923,120.0,184.931,501.0,184.932,154.0
1753769562020,06:12:42.020,kucoinfutures,SOL/USDT:USDT,184.93,502.0,184.923,120.0,184.931,501.0,184.932,154.0
1753769562025,06:12:42.025,kucoinfutures,SOL/USDT:USDT,184.93,502.0,184.923,120.0,184.931,501.0,184.932,154.0
1753769562040,06:12:42.040,kucoinfutures,SOL/USDT:USDT,184.93,502.0,184.923,120.0,184.931,501.0,184.932,154.0
1753769562047,06:12:42.047,kucoinfutures,SOL/USDT:USDT,184.93,502.0,184.923,120.0,184.931,501.0,184.932,154.0
1753769562049,06:12:42.049,kucoinfutures,SOL/USDT:USDT,184.93,502.0,184.923,120.0,184.931,501.0,184.932,154.0
1753769562051,06:12:42.051,kucoinfutures,SOL/USDT:USDT,184.93,502.0,184.923,120.0,184.931,501.0,184.932,154.0
1753769562053,06:12:42.053,kucoinfutures,SOL/USDT:USDT,184.93,502.0,184.923,120.0,184.931,501.0,184.932,154.0
1753769562055,06:12:42.055,kucoinfutures,SOL/USDT:USDT,184.93,502.0,184.923,120.0,184.931,501.0,184.932,154.0
1753769562059,06:12:42.059,kucoinfutures,SOL/USDT:USDT,184.93,502.0,184.923,120.0,184.931,501.0,184.932,154.0
1753769562071,06:12:42.071,kucoinfutures,SOL/USDT:USDT,184.93,502.0,184.923,120.0,184.931,501.0,184.932,154.0
1753769562076,06:12:42.076,kucoinfutures,SOL/USDT:USDT,184.93,502.0,184.923,120.0,184.931,501.0,184.932,154.0
1753769562096,06:12:42.096,kucoinfutures,SOL/USDT:USDT,184.93,502.0,184.923,120.0,184.931,501.0,184.932,154.0
1753769562103,06:12:42.103,kucoinfutures,SOL/USDT:USDT,184.93,502.0,184.923,120.0,184.931,501.0,184.932,154.0
1753769562113,06:12:42.113,kucoinfutures,SOL/USDT:USDT,184.93,502.0,184.923,120.0,184.931,501.0,184.932,154.0
1753769562120,06:12:42.120,kucoinfutures,SOL/USDT:USDT,184.93,502.0,184.923,120.0,184.931,501.0,184.932,154.0
1753769562123,06:12:42.123,kucoinfutures,SOL/USDT:USDT,184.93,502.0,184.923,120.0,184.931,501.0,184.932,154.0
1753769562128,06:12:42.128,kucoinfutures,SOL/USDT:USDT,184.93,502.0,184.923,120.0,184.931,501.0,184.932,154.0
1753769562133,06:12:42.133,kucoinfutures,SOL/USDT:USDT,184.93,502.0,184.923,120.0,184.931,501.0,184.932,154.0
1753769562149,06:12:42.149,kucoinfutures,SOL/USDT:USDT,184.93,502.0,184.923,120.0,184.931,501.0,184.932,154.0
1753769562150,06:12:42.150,kucoinfutures,SOL/USDT:USDT,184.93,502.0,184.923,120.0,184.931,501.0,184.932,154.0
1753769562150,06:12:42.150,kucoinfutures,SOL/USDT:USDT,184.93,502.0,184.923,120.0,184.931,501.0,184.932,154.0
1753769562154,06:12:42.154,kucoinfutures,SOL/USDT:USDT,184.93,502.0,184.923,120.0,184.931,501.0,184.932,154.0
1753769562176,06:12:42.176,kucoinfutures,SOL/USDT:USDT,184.93,502.0,184.923,120.0,184.931,501.0,184.932,154.0
1753769562202,06:12:42.202,kucoinfutures,SOL/USDT:USDT,184.93,502.0,184.923,120.0,184.931,501.0,184.932,154.0
1753769562206,06:12:42.206,kucoinfutures,SOL/USDT:USDT,184.93,502.0,184.923,120.0,184.931,501.0,184.932,154.0
1753769562226,06:12:42.226,kucoinfutures,SOL/USDT:USDT,184.93,502.0,184.923,120.0,184.931,501.0,184.932,154.0
1753769562232,06:12:42.232,kucoinfutures,SOL/USDT:USDT,184.93,502.0,184.923,120.0,184.931,501.0,184.932,154.0
1753769562253,06:12:42.253,kucoinfutures,SOL/USDT:USDT,184.93,502.0,184.923,120.0,184.931,501.0,184.932,154.0
1753769562278,06:12:42.278,kucoinfutures,SOL/USDT:USDT,184.93,502.0,184.923,120.0,184.931,501.0,184.932,154.0
1753769562282,06:12:42.282,kucoinfutures,SOL/USDT:USDT,184.93,502.0,184.923,120.0,184.931,501.0,184.932,154.0
1753769562303,06:12:42.303,kucoinfutures,SOL/USDT:USDT,184.93,502.0,184.923,120.0,184.931,501.0,184.932,154.0
1753769562328,06:12:42.328,kucoinfutures,SOL/USDT:USDT,184.93,502.0,184.923,120.0,184.931,501.0,184.932,154.0
1753769562330,06:12:42.330,kucoinfutures,SOL/USDT:USDT,184.93,502.0,184.923,120.0,184.931,501.0,184.932,154.0
1753769562335,06:12:42.335,kucoinfutures,SOL/USDT:USDT,184.93,502.0,184.923,120.0,184.931,501.0,184.932,154.0
1753769562355,06:12:42.355,kucoinfutures,SOL/USDT:USDT,184.93,502.0,184.923,120.0,184.931,501.0,184.932,154.0
1753769562359,06:12:42.359,kucoinfutures,SOL/USDT:USDT,184.93,502.0,184.923,120.0,184.931,501.0,184.932,154.0
1753769562363,06:12:42.363,kucoinfutures,SOL/USDT:USDT,184.93,502.0,184.923,120.0,184.931,501.0,184.932,154.0
1753769562366,06:12:42.366,kucoinfutures,SOL/USDT:USDT,184.93,502.0,184.923,120.0,184.931,501.0,184.932,154.0
1753769562366,06:12:42.366,kucoinfutures,SOL/USDT:USDT,184.93,502.0,184.923,120.0,184.931,501.0,184.932,154.0
1753769562369,06:12:42.369,kucoinfutures,SOL/USDT:USDT,184.93,502.0,184.923,120.0,184.931,501.0,184.932,154.0
1753769562371,06:12:42.371,kucoinfutures,SOL/USDT:USDT,184.93,502.0,184.923,120.0,184.931,501.0,184.932,154.0
1753769562373,06:12:42.373,kucoinfutures,SOL/USDT:USDT,184.93,502.0,184.923,120.0,184.931,501.0,184.932,154.0
1753769562382,06:12:42.382,kucoinfutures,SOL/USDT:USDT,184.93,502.0,184.923,120.0,184.931,501.0,184.932,154.0
1753769562386,06:12:42.386,kucoinfutures,SOL/USDT:USDT,184.93,502.0,184.923,120.0,184.931,501.0,184.932,154.0
1753769562395,06:12:42.395,kucoinfutures,SOL/USDT:USDT,184.93,502.0,184.923,120.0,184.931,501.0,184.932,154.0
1753769562407,06:12:42.407,kucoinfutures,SOL/USDT:USDT,184.93,502.0,184.923,120.0,184.931,501.0,184.932,154.0
1753769562412,06:12:42.412,kucoinfutures,SOL/USDT:USDT,184.93,502.0,184.923,120.0,184.931,501.0,184.932,154.0
1753769562432,06:12:42.432,kucoinfutures,SOL/USDT:USDT,184.93,502.0,184.923,120.0,184.931,501.0,184.932,154.0
1753769562432,06:12:42.432,kucoinfutures,SOL/USDT:USDT,184.93,502.0,184.923,120.0,184.931,501.0,184.932,154.0
1753769562437,06:12:42.437,kucoinfutures,SOL/USDT:USDT,184.93,502.0,184.923,120.0,184.931,501.0,184.932,154.0
1753769562459,06:12:42.459,kucoinfutures,SOL/USDT:USDT,184.93,502.0,184.923,120.0,184.931,501.0,184.932,154.0
1753769562464,06:12:42.464,kucoinfutures,SOL/USDT:USDT,184.93,502.0,184.923,120.0,184.931,501.0,184.932,154.0
1753769562466,06:12:42.466,kucoinfutures,SOL/USDT:USDT,184.93,502.0,184.923,120.0,184.931,501.0,184.932,154.0
1753769562466,06:12:42.466,kucoinfutures,SOL/USDT:USDT,184.93,502.0,184.923,120.0,184.931,501.0,184.932,154.0
1753769562480,06:12:42.480,kucoinfutures,SOL/USDT:USDT,184.93,502.0,184.923,120.0,184.931,501.0,184.932,154.0
1753769562491,06:12:42.491,kucoinfutures,SOL/USDT:USDT,184.93,502.0,184.923,120.0,184.931,501.0,184.932,154.0
1753769562515,06:12:42.515,kucoinfutures,SOL/USDT:USDT,184.93,502.0,184.923,120.0,184.931,501.0,184.932,154.0
1753769562536,06:12:42.536,kucoinfutures,SOL/USDT:USDT,184.93,502.0,184.923,120.0,184.931,501.0,184.932,154.0
1753769562562,06:12:42.562,kucoinfutures,SOL/USDT:USDT,184.93,502.0,184.923,120.0,184.931,501.0,184.932,154.0
1753769562566,06:12:42.566,kucoinfutures,SOL/USDT:USDT,184.93,502.0,184.923,120.0,184.931,501.0,184.932,154.0
1753769562588,06:12:42.588,kucoinfutures,SOL/USDT:USDT,184.93,502.0,184.923,120.0,184.931,501.0,184.932,154.0
1753769562593,06:12:42.593,kucoinfutures,SOL/USDT:USDT,184.93,502.0,184.923,120.0,184.931,501.0,184.932,154.0
1753769562612,06:12:42.612,kucoinfutures,SOL/USDT:USDT,184.93,502.0,184.923,120.0,184.931,501.0,184.932,154.0
1753769562619,06:12:42.619,kucoinfutures,SOL/USDT:USDT,184.93,502.0,184.923,120.0,184.931,501.0,184.932,154.0
1753769562638,06:12:42.638,kucoinfutures,SOL/USDT:USDT,184.93,502.0,184.923,120.0,184.931,501.0,184.932,154.0
1753769562644,06:12:42.644,kucoinfutures,SOL/USDT:USDT,184.93,502.0,184.923,120.0,184.931,501.0,184.932,154.0
1753769562663,06:12:42.663,kucoinfutures,SOL/USDT:USDT,184.93,502.0,184.923,120.0,184.931,501.0,184.932,154.0
1753769562670,06:12:42.670,kucoinfutures,SOL/USDT:USDT,184.93,502.0,184.923,120.0,184.931,501.0,184.932,154.0
1753769562689,06:12:42.689,kucoinfutures,SOL/USDT:USDT,184.93,502.0,184.923,120.0,184.931,501.0,184.932,154.0
1753769562697,06:12:42.697,kucoinfutures,SOL/USDT:USDT,184.93,502.0,184.923,120.0,184.931,501.0,184.932,154.0
1753769562709,06:12:42.709,kucoinfutures,SOL/USDT:USDT,184.93,502.0,184.923,120.0,184.931,501.0,184.932,154.0
1753769562716,06:12:42.716,kucoinfutures,SOL/USDT:USDT,184.93,502.0,184.923,120.0,184.931,501.0,184.932,154.0
1753769562716,06:12:42.716,kucoinfutures,SOL/USDT:USDT,184.93,502.0,184.923,120.0,184.931,501.0,184.932,154.0
1753769562721,06:12:42.721,kucoinfutures,SOL/USDT:USDT,184.93,502.0,184.921,78.0,184.931,501.0,184.932,154.0
1753769562724,06:12:42.724,kucoinfutures,SOL/USDT:USDT,184.93,502.0,184.921,78.0,184.931,501.0,184.932,154.0
1753769562732,06:12:42.732,kucoinfutures,SOL/USDT:USDT,184.93,502.0,184.921,78.0,184.931,501.0,184.932,154.0
1753769562741,06:12:42.741,kucoinfutures,SOL/USDT:USDT,184.93,502.0,184.921,78.0,184.931,501.0,184.932,154.0
1753769562748,06:12:42.748,kucoinfutures,SOL/USDT:USDT,184.93,502.0,184.921,78.0,184.931,501.0,184.932,154.0
1753769562768,06:12:42.768,kucoinfutures,SOL/USDT:USDT,184.93,502.0,184.921,78.0,184.931,501.0,184.932,154.0
1753769562776,06:12:42.776,kucoinfutures,SOL/USDT:USDT,184.93,502.0,184.921,78.0,184.931,501.0,184.932,154.0
1753769562776,06:12:42.776,kucoinfutures,SOL/USDT:USDT,184.93,502.0,184.921,78.0,184.931,501.0,184.932,154.0
1753769562801,06:12:42.801,kucoinfutures,SOL/USDT:USDT,184.93,502.0,184.922,120.0,184.931,501.0,184.932,154.0
1753769562805,06:12:42.805,kucoinfutures,SOL/USDT:USDT,184.93,502.0,184.922,166.0,184.931,501.0,184.932,154.0
1753769562820,06:12:42.820,kucoinfutures,SOL/USDT:USDT,184.93,502.0,184.922,166.0,184.931,501.0,184.932,154.0
1753769562825,06:12:42.825,kucoinfutures,SOL/USDT:USDT,184.93,502.0,184.922,166.0,184.931,501.0,184.932,154.0
1753769562844,06:12:42.844,kucoinfutures,SOL/USDT:USDT,184.93,502.0,184.922,166.0,184.931,501.0,184.932,154.0
1753769562851,06:12:42.851,kucoinfutures,SOL/USDT:USDT,184.93,502.0,184.922,166.0,184.931,501.0,184.932,154.0
1753769562870,06:12:42.870,kucoinfutures,SOL/USDT:USDT,184.93,502.0,184.922,166.0,184.931,501.0,184.932,154.0
1753769562877,06:12:42.877,kucoinfutures,SOL/USDT:USDT,184.93,502.0,184.922,166.0,184.931,501.0,184.932,154.0
1753769562880,06:12:42.880,kucoinfutures,SOL/USDT:USDT,184.93,502.0,184.922,166.0,184.931,501.0,184.932,154.0
1753769562896,06:12:42.896,kucoinfutures,SOL/USDT:USDT,184.93,502.0,184.922,166.0,184.931,501.0,184.932,154.0
1753769562902,06:12:42.902,kucoinfutures,SOL/USDT:USDT,184.93,502.0,184.922,166.0,184.931,501.0,184.932,154.0
1753769562921,06:12:42.921,kucoinfutures,SOL/USDT:USDT,184.93,502.0,184.922,166.0,184.931,501.0,184.932,154.0
1753769562928,06:12:42.928,kucoinfutures,SOL/USDT:USDT,184.93,502.0,184.922,166.0,184.931,501.0,184.932,154.0
1753769562939,06:12:42.939,kucoinfutures,SOL/USDT:USDT,184.93,502.0,184.922,166.0,184.931,501.0,184.932,154.0
1753769562939,06:12:42.939,kucoinfutures,SOL/USDT:USDT,184.93,502.0,184.922,166.0,184.931,501.0,184.932,154.0
1753769562945,06:12:42.945,kucoinfutures,SOL/USDT:USDT,184.93,502.0,184.922,166.0,184.931,501.0,184.932,154.0
1753769562954,06:12:42.954,kucoinfutures,SOL/USDT:USDT,184.93,502.0,184.922,166.0,184.931,501.0,184.932,154.0
1753769562954,06:12:42.954,kucoinfutures,SOL/USDT:USDT,184.93,502.0,184.922,166.0,184.931,501.0,184.932,154.0
1753769562958,06:12:42.958,kucoinfutures,SOL/USDT:USDT,184.93,502.0,184.922,166.0,184.931,501.0,184.932,154.0
1753769562974,06:12:42.974,kucoinfutures,SOL/USDT:USDT,184.93,502.0,184.922,166.0,184.931,501.0,184.932,154.0
1753769563001,06:12:43.001,kucoinfutures,SOL/USDT:USDT,184.93,502.0,184.922,166.0,184.931,501.0,184.932,154.0
1753769563006,06:12:43.006,kucoinfutures,SOL/USDT:USDT,184.93,502.0,184.922,166.0,184.931,501.0,184.932,154.0
1753769563025,06:12:43.025,kucoinfutures,SOL/USDT:USDT,184.93,502.0,184.922,166.0,184.931,501.0,184.932,154.0
1753769563033,06:12:43.033,kucoinfutures,SOL/USDT:USDT,184.93,502.0,184.922,166.0,184.931,501.0,184.932,154.0
1753769563035,06:12:43.035,kucoinfutures,SOL/USDT:USDT,184.93,502.0,184.922,166.0,184.931,501.0,184.932,154.0
1753769563043,06:12:43.043,kucoinfutures,SOL/USDT:USDT,184.93,502.0,184.922,166.0,184.931,501.0,184.932,154.0
1753769563052,06:12:43.052,kucoinfutures,SOL/USDT:USDT,184.93,502.0,184.922,166.0,184.931,501.0,184.932,154.0
1753769563077,06:12:43.077,kucoinfutures,SOL/USDT:USDT,184.93,502.0,184.922,166.0,184.931,501.0,184.932,154.0
1753769563083,06:12:43.083,kucoinfutures,SOL/USDT:USDT,184.93,502.0,184.922,166.0,184.931,501.0,184.932,154.0
