timestamp,time,exchange,symbol,bid1_price,bid1_volume,bid2_price,bid2_volume,ask1_price,ask1_volume,ask2_price,ask2_volume
1753769299009,06:08:19.009,binance,ETH/USDT:USDT,3809.04,16.431,3809.02,0.006,3809.05,122.255,3809.06,60.367
1753769299111,06:08:19.111,binance,ETH/USDT:USDT,3809.04,15.431,3809.02,0.006,3809.05,121.252,3809.06,60.367
1753769299213,06:08:19.213,binance,ETH/USDT:USDT,3809.04,15.438,3809.02,0.006,3809.05,121.737,3809.06,60.367
1753769299314,06:08:19.314,binance,ETH/USDT:USDT,3809.04,15.186,3809.02,0.006,3809.05,99.432,3809.06,60.367
1753769299415,06:08:19.415,binance,ETH/USDT:USDT,3809.04,16.119,3809.02,0.006,3809.05,123.057,3809.06,60.367
1753769299518,06:08:19.518,binance,ETH/USDT:USDT,3809.04,16.126,3809.02,0.006,3809.05,123.139,3809.06,60.367
1753769300031,06:08:20.031,binance,ETH/USDT:USDT,3809.04,15.882,3809.01,0.038,3809.05,124.153,3809.06,60.43
1753769300132,06:08:20.132,binance,ETH/USDT:USDT,3809.04,16.618,3809.01,0.038,3809.05,124.159,3809.06,60.43
1753769300235,06:08:20.235,binance,ETH/USDT:USDT,3809.04,16.625,3809.01,0.038,3809.05,125.444,3809.06,60.43
1753769300337,06:08:20.337,binance,ETH/USDT:USDT,3809.04,16.008,3809.01,0.038,3809.05,125.454,3809.06,60.44
1753769300439,06:08:20.439,binance,ETH/USDT:USDT,3809.04,16.471,3809.01,0.038,3809.05,126.459,3809.06,60.487
1753769300542,06:08:20.542,binance,ETH/USDT:USDT,3809.04,16.471,3809.01,0.038,3809.05,127.885,3809.06,60.487
1753769300644,06:08:20.644,binance,ETH/USDT:USDT,3809.04,3.123,3809.01,0.038,3809.05,126.54,3809.06,60.487
1753769300746,06:08:20.746,binance,ETH/USDT:USDT,3809.04,3.123,3809.01,0.038,3809.05,126.54,3809.06,60.487
1753769300948,06:08:20.948,binance,ETH/USDT:USDT,3809.04,3.15,3809.01,0.038,3809.05,126.64,3809.06,60.487
1753769301155,06:08:21.155,binance,ETH/USDT:USDT,3809.04,1.044,3809.02,0.006,3809.05,124.78,3809.06,60.487
1753769301257,06:08:21.257,binance,ETH/USDT:USDT,3809.04,1.044,3809.02,0.006,3809.05,127.959,3809.06,60.487
1753769301360,06:08:21.360,binance,ETH/USDT:USDT,3808.82,3.083,3808.81,3.887,3808.83,62.483,3808.84,0.056
1753769301461,06:08:21.461,binance,ETH/USDT:USDT,3808.51,17.725,3808.5,0.023,3808.52,8.668,3808.57,5.516
1753769301562,06:08:21.562,binance,ETH/USDT:USDT,3808.51,20.625,3808.5,0.034,3808.52,50.5,3808.53,0.06
1753769301663,06:08:21.663,binance,ETH/USDT:USDT,3808.51,25.432,3808.5,0.034,3808.52,43.676,3808.53,0.06
1753769301764,06:08:21.764,binance,ETH/USDT:USDT,3808.51,25.432,3808.5,0.034,3808.52,40.601,3808.53,0.078
1753769301866,06:08:21.866,binance,ETH/USDT:USDT,3808.51,25.276,3808.5,0.034,3808.52,63.09,3808.53,0.078
1753769301968,06:08:21.968,binance,ETH/USDT:USDT,3808.51,25.284,3808.5,0.034,3808.52,64.744,3808.53,0.078
1753769302070,06:08:22.070,binance,ETH/USDT:USDT,3808.51,8.411,3808.5,0.045,3808.52,115.008,3808.53,0.078
1753769302373,06:08:22.373,binance,ETH/USDT:USDT,3808.35,8.471,3808.34,0.091,3808.36,140.783,3808.37,0.015
1753769302475,06:08:22.475,binance,ETH/USDT:USDT,3808.35,8.321,3808.34,0.091,3808.36,140.307,3808.37,0.015
1753769302578,06:08:22.578,binance,ETH/USDT:USDT,3808.35,8.321,3808.34,0.091,3808.36,95.672,3808.37,0.025
1753769302680,06:08:22.680,binance,ETH/USDT:USDT,3808.35,7.992,3808.34,0.091,3808.36,91.137,3808.37,0.025
1753769302781,06:08:22.781,binance,ETH/USDT:USDT,3808.35,8.003,3808.34,0.091,3808.36,91.137,3808.37,0.025
1753769302884,06:08:22.884,binance,ETH/USDT:USDT,3808.35,7.99,3808.33,0.006,3808.36,91.215,3808.37,0.089
1753769302987,06:08:22.987,binance,ETH/USDT:USDT,3808.35,7.979,3808.33,0.006,3808.36,91.215,3808.37,0.089
1753769303599,06:08:23.599,binance,ETH/USDT:USDT,3808.35,7.836,3808.32,0.006,3808.36,102.454,3808.37,0.135
1753769303702,06:08:23.702,binance,ETH/USDT:USDT,3808.35,7.836,3808.32,0.006,3808.36,99.484,3808.37,0.135
1753769303805,06:08:23.805,binance,ETH/USDT:USDT,3808.35,7.266,3808.32,0.006,3808.36,99.49,3808.37,0.135
1753769304011,06:08:24.011,binance,ETH/USDT:USDT,3808.35,7.961,3808.32,0.006,3808.36,111.327,3808.37,0.145
1753769304113,06:08:24.113,binance,ETH/USDT:USDT,3808.35,7.95,3808.32,0.006,3808.36,111.206,3808.37,0.145
1753769304216,06:08:24.216,binance,ETH/USDT:USDT,3808.35,7.95,3808.32,0.006,3808.36,111.59,3808.37,0.145
1753769304317,06:08:24.317,binance,ETH/USDT:USDT,3808.35,7.95,3808.32,0.006,3808.36,111.59,3808.37,0.145
1753769304418,06:08:24.418,binance,ETH/USDT:USDT,3808.35,6.13,3808.32,0.006,3808.36,111.59,3808.37,0.145
1753769304724,06:08:24.724,binance,ETH/USDT:USDT,3808.35,6.192,3808.32,0.006,3808.36,110.728,3808.37,0.145
1753769305137,06:08:25.137,binance,ETH/USDT:USDT,3808.35,6.192,3808.32,0.006,3808.36,110.728,3808.37,0.145
1753769305950,06:08:25.950,binance,ETH/USDT:USDT,3810.0,244.895,3809.99,0.012,3810.01,61.602,3810.05,0.459
1753769306051,06:08:26.051,binance,ETH/USDT:USDT,3810.0,250.021,3809.99,0.006,3810.01,61.62,3810.05,0.459
1753769306256,06:08:26.256,binance,ETH/USDT:USDT,3810.0,250.077,3809.99,0.006,3810.01,61.645,3810.02,0.007
1753769306357,06:08:26.357,binance,ETH/USDT:USDT,3810.0,215.81,3809.99,0.102,3810.01,67.895,3810.02,0.017
1753769306458,06:08:26.458,binance,ETH/USDT:USDT,3810.0,206.625,3809.99,0.102,3810.01,67.895,3810.02,0.017
1753769306559,06:08:26.559,binance,ETH/USDT:USDT,3810.0,208.649,3809.99,0.102,3810.01,35.754,3810.02,0.023
1753769306660,06:08:26.660,binance,ETH/USDT:USDT,3810.0,209.63,3809.99,0.102,3810.01,24.968,3810.02,0.023
1753769306763,06:08:26.763,binance,ETH/USDT:USDT,3810.0,217.519,3809.99,0.102,3810.01,25.243,3810.02,0.023
1753769306865,06:08:26.865,binance,ETH/USDT:USDT,3810.0,218.503,3809.99,0.102,3810.01,25.243,3810.02,0.023
1753769306968,06:08:26.968,binance,ETH/USDT:USDT,3810.0,218.509,3809.99,0.102,3810.01,22.992,3810.02,0.023
1753769307071,06:08:27.071,binance,ETH/USDT:USDT,3810.0,168.973,3809.99,0.102,3810.01,26.08,3810.02,0.023
1753769307682,06:08:27.682,binance,ETH/USDT:USDT,3810.0,168.442,3809.99,0.108,3810.01,17.52,3810.02,0.039
1753769307785,06:08:27.785,binance,ETH/USDT:USDT,3810.0,169.361,3809.99,0.108,3810.01,20.602,3810.02,0.039
1753769307888,06:08:27.888,binance,ETH/USDT:USDT,3810.0,169.361,3809.99,0.108,3810.01,20.602,3810.02,0.039
1753769307990,06:08:27.990,binance,ETH/USDT:USDT,3810.0,169.361,3809.99,0.108,3810.01,20.727,3810.02,0.039
1753769308093,06:08:28.093,binance,ETH/USDT:USDT,3810.0,168.377,3809.99,0.108,3810.01,20.727,3810.02,0.039
1753769308195,06:08:28.195,binance,ETH/USDT:USDT,3810.0,169.36,3809.99,0.108,3810.01,20.771,3810.02,0.039
1753769308296,06:08:28.296,binance,ETH/USDT:USDT,3810.0,159.067,3809.99,0.108,3810.01,24.456,3810.02,0.045
1753769308397,06:08:28.397,binance,ETH/USDT:USDT,3810.0,157.362,3809.99,0.108,3810.01,30.606,3810.02,0.045
1753769308499,06:08:28.499,binance,ETH/USDT:USDT,3810.0,154.054,3809.99,0.108,3810.01,39.183,3810.02,0.045
1753769308601,06:08:28.601,binance,ETH/USDT:USDT,3810.0,154.054,3809.99,0.108,3810.01,80.854,3810.02,0.045
1753769308702,06:08:28.702,binance,ETH/USDT:USDT,3810.0,154.054,3809.99,0.108,3810.01,80.854,3810.02,0.052
1753769308805,06:08:28.805,binance,ETH/USDT:USDT,3810.0,154.054,3809.99,0.108,3810.01,80.887,3810.02,0.052
1753769308908,06:08:28.908,binance,ETH/USDT:USDT,3810.0,149.412,3809.99,0.108,3810.01,80.887,3810.02,0.052
1753769309009,06:08:29.009,binance,ETH/USDT:USDT,3810.0,121.803,3809.99,0.102,3810.01,84.466,3810.02,48.489
1753769309721,06:08:29.721,binance,ETH/USDT:USDT,3810.0,125.512,3809.99,1.415,3810.01,73.171,3810.02,48.578
1753769309822,06:08:29.822,binance,ETH/USDT:USDT,3810.0,125.512,3809.99,1.415,3810.01,73.171,3810.02,48.578
1753769309926,06:08:29.926,binance,ETH/USDT:USDT,3810.0,125.512,3809.99,1.415,3810.01,73.171,3810.02,48.578
1753769310029,06:08:30.029,binance,ETH/USDT:USDT,3810.0,121.202,3809.99,1.415,3810.01,73.896,3810.02,48.578
1753769310645,06:08:30.645,binance,ETH/USDT:USDT,3810.0,119.901,3809.99,1.44,3810.01,73.58,3810.02,48.578
1753769311465,06:08:31.465,binance,ETH/USDT:USDT,3810.0,115.911,3809.99,1.44,3810.01,71.786,3810.02,48.578
1753769311566,06:08:31.566,binance,ETH/USDT:USDT,3810.0,114.416,3809.99,1.44,3810.01,73.007,3810.02,48.578
1753769311667,06:08:31.667,binance,ETH/USDT:USDT,3810.0,114.416,3809.99,1.44,3810.01,73.013,3810.02,48.578
1753769311769,06:08:31.769,binance,ETH/USDT:USDT,3810.0,113.798,3809.99,1.44,3810.01,75.33,3810.02,48.578
1753769311870,06:08:31.870,binance,ETH/USDT:USDT,3810.0,111.798,3809.99,1.44,3810.01,74.854,3810.02,48.578
1753769311971,06:08:31.971,binance,ETH/USDT:USDT,3810.0,111.798,3809.99,1.44,3810.01,74.854,3810.02,48.578
1753769312074,06:08:32.074,binance,ETH/USDT:USDT,3810.0,108.722,3809.99,0.127,3810.01,77.498,3810.02,48.578
1753769312175,06:08:32.175,binance,ETH/USDT:USDT,3810.0,108.699,3809.99,0.127,3810.01,101.477,3810.02,48.578
1753769312276,06:08:32.276,binance,ETH/USDT:USDT,3810.0,108.699,3809.99,0.127,3810.01,86.379,3810.02,48.578
1753769312378,06:08:32.378,binance,ETH/USDT:USDT,3810.0,108.699,3809.99,0.127,3810.01,87.418,3810.02,48.578
1753769312484,06:08:32.484,binance,ETH/USDT:USDT,3810.0,108.654,3809.99,0.127,3810.01,106.143,3810.02,48.578
1753769312587,06:08:32.587,binance,ETH/USDT:USDT,3810.0,108.654,3809.99,0.127,3810.01,86.157,3810.02,48.647
1753769312688,06:08:32.688,binance,ETH/USDT:USDT,3810.0,108.916,3809.99,0.127,3810.01,86.204,3810.02,48.647
1753769312789,06:08:32.789,binance,ETH/USDT:USDT,3810.0,108.916,3809.99,0.127,3810.01,86.198,3810.02,48.647
1753769313094,06:08:33.094,binance,ETH/USDT:USDT,3810.0,108.916,3809.99,0.127,3810.01,86.187,3810.02,48.733
1753769313197,06:08:33.197,binance,ETH/USDT:USDT,3810.0,108.922,3809.99,0.127,3810.01,97.655,3810.02,48.733
1753769313298,06:08:33.298,binance,ETH/USDT:USDT,3810.0,108.91,3809.99,0.127,3810.01,94.438,3810.02,48.751
1753769313502,06:08:33.502,binance,ETH/USDT:USDT,3810.0,108.701,3809.99,0.127,3810.01,96.581,3810.02,48.751
1753769313706,06:08:33.706,binance,ETH/USDT:USDT,3810.0,106.701,3809.99,0.127,3810.01,93.218,3810.02,48.751
1753769313809,06:08:33.809,binance,ETH/USDT:USDT,3810.0,106.701,3809.99,0.127,3810.01,96.057,3810.02,48.751
1753769314013,06:08:34.013,binance,ETH/USDT:USDT,3810.0,106.657,3809.99,0.127,3810.01,95.088,3810.02,48.751
1753769314114,06:08:34.114,binance,ETH/USDT:USDT,3810.0,108.122,3809.99,0.127,3810.01,95.716,3810.02,48.751
1753769314215,06:08:34.215,binance,ETH/USDT:USDT,3810.0,107.636,3809.99,0.127,3810.01,96.093,3810.02,48.751
1753769314316,06:08:34.316,binance,ETH/USDT:USDT,3810.0,107.642,3809.99,0.127,3810.01,96.799,3810.02,48.751
1753769314417,06:08:34.417,binance,ETH/USDT:USDT,3810.0,107.708,3809.99,0.127,3810.01,94.096,3810.02,48.751
1753769314519,06:08:34.519,binance,ETH/USDT:USDT,3810.0,107.708,3809.99,0.127,3810.01,94.134,3810.02,48.751
1753769314622,06:08:34.622,binance,ETH/USDT:USDT,3810.0,107.595,3809.99,0.127,3810.01,94.134,3810.02,48.751
1753769314724,06:08:34.724,binance,ETH/USDT:USDT,3810.0,107.65,3809.99,0.127,3810.01,94.004,3810.02,48.751
1753769314827,06:08:34.827,binance,ETH/USDT:USDT,3810.0,107.65,3809.99,0.127,3810.01,94.004,3810.02,48.751
1753769314928,06:08:34.928,binance,ETH/USDT:USDT,3810.0,108.356,3809.99,0.127,3810.01,93.504,3810.02,48.751
1753769315032,06:08:35.032,binance,ETH/USDT:USDT,3810.0,109.356,3809.99,0.127,3810.01,93.504,3810.02,48.751
1753769315134,06:08:35.134,binance,ETH/USDT:USDT,3810.0,109.35,3809.99,0.127,3810.01,93.646,3810.02,48.751
1753769315237,06:08:35.237,binance,ETH/USDT:USDT,3810.0,109.558,3809.99,0.127,3810.01,95.757,3810.02,48.751
1753769315338,06:08:35.338,binance,ETH/USDT:USDT,3810.0,109.558,3809.99,0.127,3810.01,95.98,3810.02,48.751
1753769315439,06:08:35.439,binance,ETH/USDT:USDT,3810.0,109.547,3809.99,0.127,3810.01,95.975,3810.02,48.751
1753769315542,06:08:35.542,binance,ETH/USDT:USDT,3810.0,109.547,3809.99,0.127,3810.01,95.967,3810.02,48.751
1753769315644,06:08:35.644,binance,ETH/USDT:USDT,3810.0,109.782,3809.99,0.127,3810.01,95.954,3810.02,48.802
1753769315745,06:08:35.745,binance,ETH/USDT:USDT,3810.0,111.044,3809.99,0.127,3810.01,95.79,3810.02,48.802
1753769315848,06:08:35.848,binance,ETH/USDT:USDT,3810.0,111.044,3809.99,0.127,3810.01,95.868,3810.02,48.802
1753769315949,06:08:35.949,binance,ETH/USDT:USDT,3810.0,107.787,3809.99,0.127,3810.01,113.491,3810.02,48.802
1753769316051,06:08:36.051,binance,ETH/USDT:USDT,3810.0,107.828,3809.99,0.127,3810.01,99.414,3810.02,48.802
1753769316154,06:08:36.154,binance,ETH/USDT:USDT,3810.0,107.673,3809.99,0.127,3810.01,99.414,3810.02,48.802
1753769316258,06:08:36.258,binance,ETH/USDT:USDT,3810.0,107.684,3809.99,0.127,3810.01,100.267,3810.02,48.802
1753769316361,06:08:36.361,binance,ETH/USDT:USDT,3810.0,107.684,3809.99,0.127,3810.01,100.273,3810.02,48.82
1753769316463,06:08:36.463,binance,ETH/USDT:USDT,3810.0,107.814,3809.99,0.127,3810.01,100.273,3810.02,48.82
1753769316564,06:08:36.564,binance,ETH/USDT:USDT,3810.0,106.19,3809.99,0.127,3810.01,100.273,3810.02,48.82
1753769316667,06:08:36.667,binance,ETH/USDT:USDT,3810.0,107.644,3809.99,0.127,3810.01,100.368,3810.02,49.14
1753769316769,06:08:36.769,binance,ETH/USDT:USDT,3810.0,108.37,3809.99,0.127,3810.01,98.842,3810.02,49.14
1753769316870,06:08:36.870,binance,ETH/USDT:USDT,3810.0,109.683,3809.99,0.127,3810.01,98.219,3810.02,49.14
1753769316973,06:08:36.973,binance,ETH/USDT:USDT,3810.0,109.683,3809.99,0.127,3810.01,98.219,3810.02,49.14
1753769317076,06:08:37.076,binance,ETH/USDT:USDT,3810.0,109.364,3809.99,0.127,3810.01,98.219,3810.02,49.14
1753769317179,06:08:37.179,binance,ETH/USDT:USDT,3810.0,109.156,3809.99,0.127,3810.01,97.207,3810.02,49.14
1753769317280,06:08:37.280,binance,ETH/USDT:USDT,3810.0,107.572,3809.99,0.127,3810.01,94.237,3810.02,49.14
1753769317383,06:08:37.383,binance,ETH/USDT:USDT,3810.0,107.709,3809.99,0.127,3810.01,93.552,3810.02,49.14
1753769317487,06:08:37.487,binance,ETH/USDT:USDT,3810.0,107.653,3809.99,0.127,3810.01,94.388,3810.02,49.14
1753769317589,06:08:37.589,binance,ETH/USDT:USDT,3810.0,107.653,3809.99,0.127,3810.01,94.909,3810.02,49.071
1753769317696,06:08:37.696,binance,ETH/USDT:USDT,3810.0,107.653,3809.99,0.127,3810.01,94.909,3810.02,49.071
1753769317800,06:08:37.800,binance,ETH/USDT:USDT,3810.0,107.403,3809.99,0.127,3810.01,91.47,3810.02,49.055
1753769317901,06:08:37.901,binance,ETH/USDT:USDT,3810.0,107.69,3809.99,0.127,3810.01,93.563,3810.02,49.055
1753769318002,06:08:38.002,binance,ETH/USDT:USDT,3810.0,106.98,3809.99,0.127,3810.01,93.563,3810.02,49.055
1753769318103,06:08:38.103,binance,ETH/USDT:USDT,3810.0,97.91,3809.99,0.127,3810.01,93.563,3810.02,49.055
1753769318204,06:08:38.204,binance,ETH/USDT:USDT,3810.0,97.884,3809.99,0.127,3810.01,92.776,3810.02,49.055
1753769318308,06:08:38.308,binance,ETH/USDT:USDT,3810.0,97.866,3809.99,0.127,3810.01,93.4,3810.02,49.055
1753769318411,06:08:38.411,binance,ETH/USDT:USDT,3810.0,97.866,3809.99,0.127,3810.01,96.855,3810.02,49.055
1753769318512,06:08:38.512,binance,ETH/USDT:USDT,3810.0,97.866,3809.99,0.127,3810.01,96.855,3810.02,49.055
1753769318616,06:08:38.616,binance,ETH/USDT:USDT,3810.0,93.16,3809.99,0.127,3810.01,93.399,3810.02,49.055
1753769318718,06:08:38.718,binance,ETH/USDT:USDT,3810.0,93.149,3809.99,0.127,3810.01,96.546,3810.02,49.049
1753769318821,06:08:38.821,binance,ETH/USDT:USDT,3810.0,93.149,3809.99,0.127,3810.01,96.446,3810.02,49.049
1753769318929,06:08:38.929,binance,ETH/USDT:USDT,3810.0,93.149,3809.99,0.127,3810.01,96.451,3810.02,49.049
1753769319037,06:08:39.037,binance,ETH/USDT:USDT,3810.0,93.149,3809.99,0.127,3810.01,96.458,3810.02,49.042
1753769319138,06:08:39.138,binance,ETH/USDT:USDT,3810.0,93.149,3809.99,0.127,3810.01,96.479,3810.02,49.042
1753769319240,06:08:39.240,binance,ETH/USDT:USDT,3810.0,91.364,3809.99,0.127,3810.01,95.333,3810.02,49.042
1753769319341,06:08:39.341,binance,ETH/USDT:USDT,3810.0,91.364,3809.99,0.127,3810.01,96.217,3810.02,49.042
1753769319444,06:08:39.444,binance,ETH/USDT:USDT,3810.0,91.348,3809.99,0.127,3810.01,98.681,3810.02,49.042
1753769319653,06:08:39.653,binance,ETH/USDT:USDT,3810.0,91.272,3809.99,0.127,3810.01,98.702,3810.02,49.042
1753769319754,06:08:39.754,binance,ETH/USDT:USDT,3810.0,91.061,3809.99,0.127,3810.01,95.247,3810.02,49.042
1753769319857,06:08:39.857,binance,ETH/USDT:USDT,3810.0,84.114,3809.99,0.127,3810.01,97.35,3810.02,49.042
1753769320089,06:08:40.089,binance,ETH/USDT:USDT,3810.0,84.114,3809.99,0.127,3810.01,98.466,3810.02,49.042
1753769320190,06:08:40.190,binance,ETH/USDT:USDT,3810.0,84.114,3809.99,0.127,3810.01,98.466,3810.02,49.042
1753769320293,06:08:40.293,binance,ETH/USDT:USDT,3810.0,84.124,3809.99,0.127,3810.01,94.88,3810.02,49.042
1753769320396,06:08:40.396,binance,ETH/USDT:USDT,3810.0,84.129,3809.99,0.127,3810.01,98.34,3810.02,49.042
1753769320497,06:08:40.497,binance,ETH/USDT:USDT,3810.0,73.76,3809.99,0.127,3810.01,98.372,3810.02,49.042
1753769320598,06:08:40.598,binance,ETH/USDT:USDT,3810.0,73.754,3809.99,0.127,3810.01,99.391,3810.02,49.042
1753769320700,06:08:40.700,binance,ETH/USDT:USDT,3810.0,73.628,3809.99,0.127,3810.01,118.681,3810.02,49.042
1753769320801,06:08:40.801,binance,ETH/USDT:USDT,3810.0,73.662,3809.99,0.102,3810.01,118.687,3810.02,49.042
1753769320902,06:08:40.902,binance,ETH/USDT:USDT,3810.0,73.662,3809.99,0.102,3810.01,118.687,3810.02,49.042
1753769321003,06:08:41.003,binance,ETH/USDT:USDT,3810.0,73.77,3809.99,0.102,3810.01,118.681,3810.02,49.042
1753769321104,06:08:41.104,binance,ETH/USDT:USDT,3810.0,76.721,3809.99,0.102,3810.01,100.282,3810.02,49.042
1753769321205,06:08:41.205,binance,ETH/USDT:USDT,3810.0,77.388,3809.99,0.102,3810.01,99.911,3810.02,49.042
1753769321306,06:08:41.306,binance,ETH/USDT:USDT,3810.0,84.777,3809.99,0.102,3810.01,102.165,3810.02,49.042
1753769321407,06:08:41.407,binance,ETH/USDT:USDT,3810.0,91.032,3809.99,0.102,3810.01,102.165,3810.02,49.042
1753769321508,06:08:41.508,binance,ETH/USDT:USDT,3810.0,82.788,3809.99,0.102,3810.01,102.81,3810.02,49.042
1753769321710,06:08:41.710,binance,ETH/USDT:USDT,3810.0,75.343,3809.99,0.102,3810.01,103.37,3810.02,49.042
1753769321814,06:08:41.814,binance,ETH/USDT:USDT,3810.0,75.343,3809.99,0.102,3810.01,103.751,3810.02,49.042
1753769321917,06:08:41.917,binance,ETH/USDT:USDT,3810.0,74.343,3809.99,0.102,3810.01,104.143,3810.02,49.042
1753769322119,06:08:42.119,binance,ETH/USDT:USDT,3810.0,71.25,3809.99,0.102,3810.01,124.374,3810.02,49.042
1753769322220,06:08:42.220,binance,ETH/USDT:USDT,3809.8,0.038,3809.78,0.006,3809.81,20.143,3809.82,114.136
1753769322321,06:08:42.321,binance,ETH/USDT:USDT,3809.6,16.188,3809.57,0.032,3809.61,93.95,3809.62,35.015
1753769322523,06:08:42.523,binance,ETH/USDT:USDT,3809.6,14.928,3809.59,0.006,3809.61,102.794,3809.62,57.544
1753769322624,06:08:42.624,binance,ETH/USDT:USDT,3809.6,0.392,3809.59,0.006,3809.61,102.863,3809.62,57.544
1753769322725,06:08:42.725,binance,ETH/USDT:USDT,3809.6,0.338,3809.59,0.006,3809.61,105.789,3809.62,57.544
1753769322827,06:08:42.827,binance,ETH/USDT:USDT,3809.6,18.386,3809.59,0.006,3809.61,102.991,3809.62,57.592
1753769322928,06:08:42.928,binance,ETH/USDT:USDT,3809.6,16.71,3809.59,0.006,3809.61,102.44,3809.62,57.592
1753769323029,06:08:43.029,binance,ETH/USDT:USDT,3809.6,12.548,3809.59,0.006,3809.61,102.44,3809.62,57.592
1753769323132,06:08:43.132,binance,ETH/USDT:USDT,3809.6,12.631,3809.59,0.006,3809.61,102.591,3809.62,57.592
1753769323234,06:08:43.234,binance,ETH/USDT:USDT,3809.6,15.892,3809.59,0.006,3809.61,102.882,3809.62,57.592
1753769323335,06:08:43.335,binance,ETH/USDT:USDT,3809.6,13.443,3809.59,0.006,3809.61,102.863,3809.62,57.592
1753769323436,06:08:43.436,binance,ETH/USDT:USDT,3809.6,0.256,3809.59,0.006,3809.61,103.256,3809.62,57.592
1753769323537,06:08:43.537,binance,ETH/USDT:USDT,3809.43,11.626,3809.42,2.577,3809.44,96.26,3809.45,35.016
1753769323638,06:08:43.638,binance,ETH/USDT:USDT,3809.43,0.625,3809.42,2.577,3809.44,113.779,3809.45,35.016
1753769323739,06:08:43.739,binance,ETH/USDT:USDT,3809.42,32.727,3809.4,0.089,3809.43,90.254,3809.44,76.526
1753769323841,06:08:43.841,binance,ETH/USDT:USDT,3809.42,45.271,3809.4,0.078,3809.43,64.979,3809.44,77.605
1753769323944,06:08:43.944,binance,ETH/USDT:USDT,3809.42,32.964,3809.4,0.078,3809.43,68.866,3809.44,71.674
1753769324047,06:08:44.047,binance,ETH/USDT:USDT,3809.42,24.786,3809.4,0.078,3809.43,73.041,3809.44,67.524
1753769324148,06:08:44.148,binance,ETH/USDT:USDT,3809.42,24.786,3809.4,0.078,3809.43,74.458,3809.44,66.107
1753769324250,06:08:44.250,binance,ETH/USDT:USDT,3809.42,24.786,3809.4,0.078,3809.43,74.458,3809.44,66.107
1753769324352,06:08:44.352,binance,ETH/USDT:USDT,3809.42,19.281,3809.4,0.078,3809.43,74.573,3809.44,66.107
1753769324454,06:08:44.454,binance,ETH/USDT:USDT,3809.42,19.281,3809.4,0.078,3809.43,75.755,3809.44,66.107
1753769324556,06:08:44.556,binance,ETH/USDT:USDT,3809.42,19.516,3809.4,0.078,3809.43,76.191,3809.44,66.107
1753769324659,06:08:44.659,binance,ETH/USDT:USDT,3809.42,10.844,3809.4,0.078,3809.43,80.189,3809.44,66.107
1753769324761,06:08:44.761,binance,ETH/USDT:USDT,3809.42,1.445,3809.4,0.078,3809.43,79.908,3809.44,66.107
1753769324864,06:08:44.864,binance,ETH/USDT:USDT,3809.42,1.453,3809.4,0.078,3809.43,79.908,3809.44,66.107
1753769324968,06:08:44.968,binance,ETH/USDT:USDT,3809.42,1.44,3809.4,0.078,3809.43,80.246,3809.44,66.107
1753769325072,06:08:45.072,binance,ETH/USDT:USDT,3809.42,15.3,3809.4,0.082,3809.43,76.12,3809.44,66.107
1753769325274,06:08:45.274,binance,ETH/USDT:USDT,3809.28,23.824,3809.27,0.006,3809.29,80.977,3809.3,32.352
1753769325375,06:08:45.375,binance,ETH/USDT:USDT,3809.28,18.184,3809.27,0.006,3809.29,100.624,3809.3,57.597
1753769325477,06:08:45.477,binance,ETH/USDT:USDT,3809.28,18.184,3809.27,0.006,3809.29,100.787,3809.3,57.633
1753769325578,06:08:45.578,binance,ETH/USDT:USDT,3809.28,13.415,3809.27,0.006,3809.29,101.385,3809.3,51.12
1753769325680,06:08:45.680,binance,ETH/USDT:USDT,3809.28,18.199,3809.27,0.006,3809.29,106.063,3809.3,51.12
1753769325782,06:08:45.782,binance,ETH/USDT:USDT,3809.28,17.96,3809.27,0.006,3809.29,106.063,3809.3,51.12
1753769325885,06:08:45.885,binance,ETH/USDT:USDT,3809.28,18.491,3809.27,0.006,3809.29,106.041,3809.3,51.12
1753769325988,06:08:45.988,binance,ETH/USDT:USDT,3809.28,12.734,3809.27,0.006,3809.29,106.161,3809.3,51.12
1753769326089,06:08:46.089,binance,ETH/USDT:USDT,3809.28,17.524,3809.27,0.006,3809.29,105.678,3809.3,51.12
1753769326191,06:08:46.191,binance,ETH/USDT:USDT,3809.28,17.524,3809.27,0.006,3809.29,105.671,3809.3,51.12
1753769326293,06:08:46.293,binance,ETH/USDT:USDT,3809.28,25.784,3809.27,0.006,3809.29,98.651,3809.3,51.12
1753769326394,06:08:46.394,binance,ETH/USDT:USDT,3809.28,45.831,3809.27,0.006,3809.29,100.803,3809.3,51.12
1753769326495,06:08:46.495,binance,ETH/USDT:USDT,3809.28,68.159,3809.27,0.006,3809.29,89.846,3809.3,51.12
1753769326596,06:08:46.596,binance,ETH/USDT:USDT,3809.28,68.169,3809.27,0.006,3809.29,90.801,3809.3,51.12
1753769326701,06:08:46.701,binance,ETH/USDT:USDT,3809.28,68.169,3809.27,0.006,3809.29,90.814,3809.3,51.12
1753769326802,06:08:46.802,binance,ETH/USDT:USDT,3809.28,68.161,3809.27,0.006,3809.29,90.642,3809.3,51.12
1753769326904,06:08:46.904,binance,ETH/USDT:USDT,3809.28,68.161,3809.27,0.006,3809.29,89.32,3809.3,51.12
1753769327005,06:08:47.005,binance,ETH/USDT:USDT,3809.28,68.147,3809.27,0.006,3809.29,89.185,3809.3,51.12
1753769327106,06:08:47.106,binance,ETH/USDT:USDT,3809.28,68.147,3809.27,0.006,3809.29,89.185,3809.3,51.12
1753769327412,06:08:47.412,binance,ETH/USDT:USDT,3809.28,68.096,3809.27,0.006,3809.29,93.124,3809.3,51.12
1753769327516,06:08:47.516,binance,ETH/USDT:USDT,3809.28,70.573,3809.27,0.006,3809.29,96.206,3809.3,51.12
1753769327619,06:08:47.619,binance,ETH/USDT:USDT,3809.28,29.139,3809.27,0.006,3809.29,97.951,3809.3,51.12
1753769327720,06:08:47.720,binance,ETH/USDT:USDT,3809.28,10.89,3809.27,0.016,3809.29,104.601,3809.3,51.12
1753769327821,06:08:47.821,binance,ETH/USDT:USDT,3809.28,10.939,3809.27,0.016,3809.29,104.678,3809.3,51.12
1753769327924,06:08:47.924,binance,ETH/USDT:USDT,3809.28,22.642,3809.27,0.016,3809.29,104.573,3809.3,51.12
1753769328031,06:08:48.031,binance,ETH/USDT:USDT,3809.28,35.941,3809.27,0.016,3809.29,102.521,3809.3,51.12
1753769328134,06:08:48.134,binance,ETH/USDT:USDT,3809.28,40.267,3809.27,0.016,3809.29,91.686,3809.3,51.12
1753769328236,06:08:48.236,binance,ETH/USDT:USDT,3809.28,41.467,3809.27,0.016,3809.29,91.743,3809.3,51.12
1753769328441,06:08:48.441,binance,ETH/USDT:USDT,3809.28,52.785,3809.27,0.016,3809.29,91.736,3809.3,51.12
1753769329361,06:08:49.361,binance,ETH/USDT:USDT,3809.28,65.133,3809.27,0.016,3809.29,59.546,3809.3,8.817
1753769329462,06:08:49.462,binance,ETH/USDT:USDT,3809.28,65.157,3809.27,0.016,3809.29,59.392,3809.3,8.817
1753769329563,06:08:49.563,binance,ETH/USDT:USDT,3809.28,65.157,3809.27,0.016,3809.29,59.481,3809.3,8.817
1753769329667,06:08:49.667,binance,ETH/USDT:USDT,3809.28,65.163,3809.27,0.016,3809.29,59.467,3809.3,8.817
1753769329870,06:08:49.870,binance,ETH/USDT:USDT,3809.28,65.215,3809.27,0.016,3809.29,61.556,3809.3,8.817
1753769329975,06:08:49.975,binance,ETH/USDT:USDT,3809.28,65.215,3809.27,0.016,3809.29,61.556,3809.3,8.817
1753769330078,06:08:50.078,binance,ETH/USDT:USDT,3809.28,65.08,3809.27,0.016,3809.29,61.228,3809.3,8.817
1753769330181,06:08:50.181,binance,ETH/USDT:USDT,3809.28,64.983,3809.27,0.016,3809.29,61.234,3809.3,8.856
1753769330285,06:08:50.285,binance,ETH/USDT:USDT,3809.28,163.9,3809.27,0.022,3809.29,61.78,3809.3,8.856
1753769330487,06:08:50.487,binance,ETH/USDT:USDT,3809.28,163.917,3809.27,0.022,3809.29,62.792,3809.3,8.856
1753769330589,06:08:50.589,binance,ETH/USDT:USDT,3809.28,163.917,3809.27,0.022,3809.29,62.409,3809.3,8.856
1753769330691,06:08:50.691,binance,ETH/USDT:USDT,3809.28,163.917,3809.27,0.022,3809.29,61.724,3809.3,8.856
1753769330798,06:08:50.798,binance,ETH/USDT:USDT,3809.28,163.909,3809.27,0.022,3809.29,61.32,3809.3,8.856
1753769330901,06:08:50.901,binance,ETH/USDT:USDT,3809.28,163.936,3809.27,0.022,3809.29,60.966,3809.3,8.856
1753769331003,06:08:51.003,binance,ETH/USDT:USDT,3809.28,163.936,3809.27,0.022,3809.29,60.919,3809.3,8.856
1753769331104,06:08:51.104,binance,ETH/USDT:USDT,3809.28,163.936,3809.27,0.022,3809.29,61.296,3809.3,8.856
1753769331207,06:08:51.207,binance,ETH/USDT:USDT,3809.28,151.532,3809.27,0.022,3809.29,76.125,3809.3,8.856
1753769331310,06:08:51.310,binance,ETH/USDT:USDT,3809.28,150.321,3809.27,0.022,3809.29,75.219,3809.3,8.856
1753769331411,06:08:51.411,binance,ETH/USDT:USDT,3809.28,150.321,3809.27,0.022,3809.29,80.991,3809.3,8.856
1753769331512,06:08:51.512,binance,ETH/USDT:USDT,3809.28,150.321,3809.27,0.022,3809.29,80.989,3809.3,8.856
1753769331613,06:08:51.613,binance,ETH/USDT:USDT,3809.28,148.376,3809.27,0.022,3809.29,80.989,3809.3,8.856
1753769331715,06:08:51.715,binance,ETH/USDT:USDT,3809.28,148.376,3809.27,0.022,3809.29,80.987,3809.3,8.856
1753769331816,06:08:51.816,binance,ETH/USDT:USDT,3809.28,139.707,3809.27,0.022,3809.29,115.991,3809.3,8.856
1753769331917,06:08:51.917,binance,ETH/USDT:USDT,3809.28,110.365,3809.27,0.016,3809.29,116.006,3809.3,53.72
1753769332020,06:08:52.020,binance,ETH/USDT:USDT,3809.28,110.355,3809.27,0.016,3809.29,116.006,3809.3,53.72
1753769332122,06:08:52.122,binance,ETH/USDT:USDT,3809.28,110.366,3809.27,0.016,3809.29,116.006,3809.3,53.72
1753769332225,06:08:52.225,binance,ETH/USDT:USDT,3809.28,110.104,3809.27,0.016,3809.29,115.379,3809.3,53.816
1753769332328,06:08:52.328,binance,ETH/USDT:USDT,3809.28,110.104,3809.27,0.016,3809.29,115.753,3809.3,53.816
1753769332430,06:08:52.430,binance,ETH/USDT:USDT,3809.28,110.11,3809.27,0.016,3809.29,117.407,3809.3,53.816
1753769332531,06:08:52.531,binance,ETH/USDT:USDT,3809.28,110.11,3809.27,0.016,3809.29,117.169,3809.3,53.816
1753769332633,06:08:52.633,binance,ETH/USDT:USDT,3809.28,110.11,3809.27,0.016,3809.29,117.498,3809.3,53.816
1753769332739,06:08:52.739,binance,ETH/USDT:USDT,3809.28,110.099,3809.27,0.016,3809.29,117.498,3809.3,53.885
1753769332842,06:08:52.842,binance,ETH/USDT:USDT,3809.28,110.099,3809.27,0.016,3809.29,117.498,3809.3,53.896
1753769332943,06:08:52.943,binance,ETH/USDT:USDT,3809.28,110.11,3809.27,0.016,3809.29,117.498,3809.3,53.896
1753769333045,06:08:53.045,binance,ETH/USDT:USDT,3809.28,107.223,3809.27,0.016,3809.29,131.573,3809.3,53.896
1753769333148,06:08:53.148,binance,ETH/USDT:USDT,3809.28,107.223,3809.27,0.016,3809.29,131.569,3809.3,53.896
1753769333249,06:08:53.249,binance,ETH/USDT:USDT,3809.28,107.217,3809.27,0.016,3809.29,131.696,3809.3,53.896
1753769333352,06:08:53.352,binance,ETH/USDT:USDT,3809.28,7.088,3809.27,0.016,3809.29,131.773,3809.3,55.209
1753769333453,06:08:53.453,binance,ETH/USDT:USDT,3809.28,7.013,3809.27,0.016,3809.29,132.219,3809.3,55.219
1753769333555,06:08:53.555,binance,ETH/USDT:USDT,3808.8,33.263,3808.79,0.038,3808.81,100.53,3808.82,3.082
1753769333656,06:08:53.656,binance,ETH/USDT:USDT,3808.8,21.036,3808.79,0.038,3808.81,115.681,3808.82,0.006
1753769333757,06:08:53.757,binance,ETH/USDT:USDT,3808.8,27.401,3808.79,0.038,3808.81,115.787,3808.82,0.006
1753769333858,06:08:53.858,binance,ETH/USDT:USDT,3808.8,27.412,3808.79,0.038,3808.81,123.955,3808.82,0.006
1753769333961,06:08:53.961,binance,ETH/USDT:USDT,3808.8,19.962,3808.79,0.038,3808.81,146.625,3808.82,0.006
1753769334062,06:08:54.062,binance,ETH/USDT:USDT,3808.8,3.945,3808.79,0.038,3808.81,153.37,3808.82,35.006
1753769334164,06:08:54.164,binance,ETH/USDT:USDT,3808.8,3.544,3808.79,0.038,3808.81,150.83,3808.82,35.006
1753769334267,06:08:54.267,binance,ETH/USDT:USDT,3808.8,0.496,3808.79,0.038,3808.81,150.902,3808.82,35.006
1753769334370,06:08:54.370,binance,ETH/USDT:USDT,3808.8,0.244,3808.79,0.038,3808.81,150.915,3808.82,35.006
1753769334472,06:08:54.472,binance,ETH/USDT:USDT,3808.8,0.254,3808.79,0.038,3808.81,154.331,3808.82,35.084
1753769334573,06:08:54.573,binance,ETH/USDT:USDT,3808.51,34.837,3808.5,8.169,3808.52,51.142,3808.54,0.046
1753769334674,06:08:54.674,binance,ETH/USDT:USDT,3808.51,32.588,3808.5,8.202,3808.52,55.345,3808.54,0.046
1753769334778,06:08:54.778,binance,ETH/USDT:USDT,3808.51,32.706,3808.5,8.202,3808.52,54.564,3808.54,0.046
1753769334879,06:08:54.879,binance,ETH/USDT:USDT,3808.51,30.438,3808.5,8.213,3808.52,69.1,3808.54,0.046
1753769334985,06:08:54.985,binance,ETH/USDT:USDT,3808.51,30.438,3808.5,8.213,3808.52,92.451,3808.54,0.046
1753769335086,06:08:55.086,binance,ETH/USDT:USDT,3808.51,30.338,3808.5,8.213,3808.52,92.3,3808.54,0.046
1753769335188,06:08:55.188,binance,ETH/USDT:USDT,3808.51,23.051,3808.5,8.213,3808.52,97.798,3808.53,0.644
1753769335289,06:08:55.289,binance,ETH/USDT:USDT,3808.51,17.267,3808.5,8.213,3808.52,105.146,3808.53,0.644
1753769335392,06:08:55.392,binance,ETH/USDT:USDT,3808.51,16.771,3808.5,8.213,3808.52,137.51,3808.53,1.107
1753769335494,06:08:55.494,binance,ETH/USDT:USDT,3808.51,18.134,3808.5,8.202,3808.52,142.837,3808.53,0.644
1753769335596,06:08:55.596,binance,ETH/USDT:USDT,3808.51,18.134,3808.5,8.202,3808.52,143.295,3808.53,0.644
1753769335697,06:08:55.697,binance,ETH/USDT:USDT,3808.51,18.144,3808.5,8.202,3808.52,143.295,3808.53,0.644
1753769335798,06:08:55.798,binance,ETH/USDT:USDT,3808.51,16.788,3808.5,8.202,3808.52,143.395,3808.53,0.644
1753769335899,06:08:55.899,binance,ETH/USDT:USDT,3808.51,16.795,3808.5,8.202,3808.52,143.431,3808.53,0.644
1753769336000,06:08:56.000,binance,ETH/USDT:USDT,3808.51,16.812,3808.5,8.202,3808.52,147.069,3808.53,0.461
1753769336101,06:08:56.101,binance,ETH/USDT:USDT,3808.51,16.818,3808.5,8.202,3808.52,147.116,3808.53,0.461
1753769336203,06:08:56.203,binance,ETH/USDT:USDT,3808.51,16.818,3808.5,8.202,3808.52,147.943,3808.53,0.461
1753769336306,06:08:56.306,binance,ETH/USDT:USDT,3808.51,13.327,3808.5,8.202,3808.52,147.964,3808.53,0.461
1753769336407,06:08:56.407,binance,ETH/USDT:USDT,3808.51,16.627,3808.5,8.202,3808.52,141.31,3808.53,0.461
1753769336508,06:08:56.508,binance,ETH/USDT:USDT,3808.51,8.993,3808.5,8.202,3808.52,141.341,3808.53,0.461
1753769336609,06:08:56.609,binance,ETH/USDT:USDT,3808.28,39.803,3808.27,18.255,3808.29,17.476,3808.3,8.34
1753769336710,06:08:56.710,binance,ETH/USDT:USDT,3808.21,19.951,3808.2,0.029,3808.22,124.188,3808.24,32.352
1753769336912,06:08:56.912,binance,ETH/USDT:USDT,3807.98,3.169,3807.96,0.032,3807.99,108.928,3808.0,32.456
1753769337114,06:08:57.114,binance,ETH/USDT:USDT,3807.93,7.425,3807.92,8.146,3807.94,102.781,3807.95,35.0
1753769337215,06:08:57.215,binance,ETH/USDT:USDT,3807.93,13.562,3807.92,8.146,3807.94,120.376,3807.95,60.386
1753769337316,06:08:57.316,binance,ETH/USDT:USDT,3807.93,11.231,3807.92,8.146,3807.94,131.891,3807.95,60.402
1753769337417,06:08:57.417,binance,ETH/USDT:USDT,3807.93,28.118,3807.92,8.146,3807.94,139.529,3807.95,60.402
1753769337523,06:08:57.523,binance,ETH/USDT:USDT,3807.93,12.515,3807.92,8.146,3807.94,156.513,3807.95,60.402
1753769337624,06:08:57.624,binance,ETH/USDT:USDT,3807.93,12.515,3807.92,8.146,3807.94,156.513,3807.95,60.42
1753769337727,06:08:57.727,binance,ETH/USDT:USDT,3807.93,3.595,3807.92,8.146,3807.94,156.525,3807.95,53.799
1753769337829,06:08:57.829,binance,ETH/USDT:USDT,3807.88,25.508,3807.87,0.038,3807.89,97.785,3807.9,0.018
1753769337930,06:08:57.930,binance,ETH/USDT:USDT,3807.88,29.609,3807.87,0.038,3807.89,106.808,3807.9,0.012
1753769338033,06:08:58.033,binance,ETH/USDT:USDT,3807.88,30.824,3807.87,0.038,3807.89,124.049,3807.9,0.036
1753769338135,06:08:58.135,binance,ETH/USDT:USDT,3807.88,32.995,3807.87,0.038,3807.89,120.335,3807.9,0.036
1753769338237,06:08:58.237,binance,ETH/USDT:USDT,3807.88,32.995,3807.87,0.038,3807.89,136.119,3807.9,0.036
1753769338338,06:08:58.338,binance,ETH/USDT:USDT,3807.88,40.874,3807.87,0.038,3807.89,152.679,3807.9,0.579
1753769338439,06:08:58.439,binance,ETH/USDT:USDT,3807.88,40.874,3807.87,0.038,3807.89,152.85,3807.9,0.579
1753769338541,06:08:58.541,binance,ETH/USDT:USDT,3807.88,50.575,3807.87,0.038,3807.89,145.902,3807.9,0.579
1753769338642,06:08:58.642,binance,ETH/USDT:USDT,3807.88,72.648,3807.87,1.352,3807.89,97.098,3807.9,0.579
1753769338744,06:08:58.744,binance,ETH/USDT:USDT,3807.88,76.781,3807.87,1.352,3807.89,91.179,3807.9,0.579
1753769338847,06:08:58.847,binance,ETH/USDT:USDT,3807.88,76.797,3807.87,1.352,3807.89,91.179,3807.9,0.579
1753769338949,06:08:58.949,binance,ETH/USDT:USDT,3807.88,77.781,3807.87,1.352,3807.89,92.134,3807.9,0.579
1753769339050,06:08:59.050,binance,ETH/USDT:USDT,3807.88,76.978,3807.87,1.352,3807.89,92.134,3807.9,0.579
1753769339151,06:08:59.151,binance,ETH/USDT:USDT,3807.88,76.991,3807.87,1.352,3807.89,92.136,3807.9,0.579
1753769339254,06:08:59.254,binance,ETH/USDT:USDT,3807.88,76.992,3807.87,1.352,3807.89,92.17,3807.9,0.579
1753769339356,06:08:59.356,binance,ETH/USDT:USDT,3807.88,76.996,3807.87,1.352,3807.89,92.525,3807.9,0.579
1753769339459,06:08:59.459,binance,ETH/USDT:USDT,3807.88,88.316,3807.87,1.352,3807.89,86.74,3807.9,0.579
1753769339561,06:08:59.561,binance,ETH/USDT:USDT,3807.88,63.271,3807.87,0.038,3807.89,86.677,3807.9,0.611
1753769339664,06:08:59.664,binance,ETH/USDT:USDT,3807.88,63.252,3807.87,0.038,3807.89,86.669,3807.9,0.611
1753769339766,06:08:59.766,binance,ETH/USDT:USDT,3808.14,72.401,3808.12,82.046,3808.15,0.038,3808.16,0.006
1753769339867,06:08:59.867,binance,ETH/USDT:USDT,3808.34,47.285,3808.32,0.006,3808.35,78.879,3808.36,35.012
1753769340171,06:09:00.171,binance,ETH/USDT:USDT,3808.34,10.163,3808.33,0.006,3808.35,79.723,3808.36,49.917
1753769340273,06:09:00.273,binance,ETH/USDT:USDT,3808.34,10.45,3808.33,0.006,3808.35,79.802,3808.36,49.917
1753769340477,06:09:00.477,binance,ETH/USDT:USDT,3808.34,11.025,3808.33,0.006,3808.35,77.202,3808.36,49.917
1753769340578,06:09:00.578,binance,ETH/USDT:USDT,3808.34,11.099,3808.33,0.006,3808.35,79.44,3808.36,49.917
1753769340680,06:09:00.680,binance,ETH/USDT:USDT,3808.34,11.073,3808.33,0.006,3808.35,79.422,3808.36,49.917
1753769340783,06:09:00.783,binance,ETH/USDT:USDT,3808.34,11.062,3808.33,0.006,3808.35,85.113,3808.36,49.917
1753769340884,06:09:00.884,binance,ETH/USDT:USDT,3808.34,10.559,3808.33,0.006,3808.35,85.106,3808.36,49.933
1753769340988,06:09:00.988,binance,ETH/USDT:USDT,3808.34,10.586,3808.33,0.006,3808.35,85.106,3808.36,49.933
1753769341091,06:09:01.091,binance,ETH/USDT:USDT,3808.34,10.586,3808.33,0.006,3808.35,84.659,3808.36,49.933
1753769341192,06:09:01.192,binance,ETH/USDT:USDT,3808.34,13.679,3808.33,0.006,3808.35,79.551,3808.36,51.484
1753769341295,06:09:01.295,binance,ETH/USDT:USDT,3808.34,12.234,3808.33,0.006,3808.35,81.877,3808.36,51.484
1753769341397,06:09:01.397,binance,ETH/USDT:USDT,3808.34,15.316,3808.33,0.006,3808.35,80.859,3808.36,51.526
1753769341498,06:09:01.498,binance,ETH/USDT:USDT,3808.34,15.282,3808.33,0.006,3808.35,81.955,3808.36,51.526
1753769341601,06:09:01.601,binance,ETH/USDT:USDT,3808.34,15.329,3808.33,0.006,3808.35,80.517,3808.36,51.526
1753769341702,06:09:01.702,binance,ETH/USDT:USDT,3808.34,63.493,3808.32,0.006,3808.35,27.227,3808.36,0.578
1753769341803,06:09:01.803,binance,ETH/USDT:USDT,3808.34,57.604,3808.32,0.006,3808.35,34.252,3808.36,0.594
1753769341904,06:09:01.904,binance,ETH/USDT:USDT,3808.34,58.534,3808.32,0.006,3808.35,30.434,3808.36,0.594
1753769342007,06:09:02.007,binance,ETH/USDT:USDT,3808.34,58.534,3808.32,0.006,3808.35,31.315,3808.36,0.594
1753769342108,06:09:02.108,binance,ETH/USDT:USDT,3808.34,58.534,3808.32,0.006,3808.35,31.309,3808.36,0.594
1753769342210,06:09:02.210,binance,ETH/USDT:USDT,3808.34,49.889,3808.32,0.006,3808.35,30.056,3808.36,0.594
1753769342311,06:09:02.311,binance,ETH/USDT:USDT,3808.34,11.306,3808.33,0.006,3808.35,76.221,3808.36,46.312
1753769342412,06:09:02.412,binance,ETH/USDT:USDT,3808.2,1.535,3808.18,0.006,3808.21,107.384,3808.24,32.352
1753769342513,06:09:02.513,binance,ETH/USDT:USDT,3807.93,45.479,3807.91,1.126,3807.94,101.815,3807.97,0.006
1753769342614,06:09:02.614,binance,ETH/USDT:USDT,3807.93,15.981,3807.91,1.12,3807.94,115.596,3807.95,0.015
1753769342715,06:09:02.715,binance,ETH/USDT:USDT,3807.93,12.922,3807.91,1.126,3807.94,115.596,3807.95,0.015
1753769342816,06:09:02.816,binance,ETH/USDT:USDT,3807.93,19.285,3807.91,1.126,3807.94,109.796,3807.95,21.212
1753769342918,06:09:02.918,binance,ETH/USDT:USDT,3807.93,19.322,3807.91,1.126,3807.94,109.944,3807.95,21.212
1753769343019,06:09:03.019,binance,ETH/USDT:USDT,3807.93,8.606,3807.91,1.126,3807.94,109.944,3807.95,56.212
1753769343120,06:09:03.120,binance,ETH/USDT:USDT,3807.91,0.193,3807.9,0.031,3807.92,122.48,3807.93,65.329
1753769343223,06:09:03.223,binance,ETH/USDT:USDT,3807.89,5.568,3807.88,0.111,3807.9,125.937,3807.91,34.046
1753769343324,06:09:03.324,binance,ETH/USDT:USDT,3807.89,5.62,3807.88,0.111,3807.9,135.14,3807.91,19.871
1753769343425,06:09:03.425,binance,ETH/USDT:USDT,3807.89,5.519,3807.88,0.111,3807.9,148.652,3807.91,54.871
1753769343526,06:09:03.526,binance,ETH/USDT:USDT,3807.72,10.089,3807.71,0.042,3807.73,140.828,3807.74,35.006
1753769343627,06:09:03.627,binance,ETH/USDT:USDT,3807.65,0.168,3807.64,0.044,3807.66,134.699,3807.67,35.213
1753769343728,06:09:03.728,binance,ETH/USDT:USDT,3807.65,0.487,3807.64,0.044,3807.66,128.949,3807.67,35.213
1753769343829,06:09:03.829,binance,ETH/USDT:USDT,3807.65,0.484,3807.64,0.044,3807.66,132.489,3807.67,52.042
1753769343930,06:09:03.930,binance,ETH/USDT:USDT,3807.5,25.451,3807.49,8.152,3807.51,107.808,3807.52,0.044
1753769344031,06:09:04.031,binance,ETH/USDT:USDT,3807.5,11.511,3807.49,0.006,3807.51,113.27,3807.52,0.038
1753769344132,06:09:04.132,binance,ETH/USDT:USDT,3807.5,22.703,3807.49,0.006,3807.51,79.247,3807.52,0.038
1753769344233,06:09:04.233,binance,ETH/USDT:USDT,3807.5,47.588,3807.49,0.006,3807.51,40.292,3807.52,0.038
1753769344337,06:09:04.337,binance,ETH/USDT:USDT,3807.5,47.569,3807.49,0.006,3807.51,41.534,3807.52,0.038
1753769344438,06:09:04.438,binance,ETH/USDT:USDT,3807.5,45.63,3807.49,0.006,3807.51,50.711,3807.52,0.038
1753769344540,06:09:04.540,binance,ETH/USDT:USDT,3807.5,53.561,3807.49,0.006,3807.51,50.73,3807.52,0.038
1753769344641,06:09:04.641,binance,ETH/USDT:USDT,3807.5,39.123,3807.49,0.006,3807.51,56.477,3807.52,0.038
1753769344743,06:09:04.743,binance,ETH/USDT:USDT,3807.5,40.124,3807.49,0.006,3807.51,71.966,3807.52,0.038
1753769344846,06:09:04.846,binance,ETH/USDT:USDT,3807.5,39.139,3807.49,0.006,3807.51,71.966,3807.52,0.038
1753769344947,06:09:04.947,binance,ETH/USDT:USDT,3807.5,42.626,3807.49,0.006,3807.51,71.966,3807.52,0.061
1753769345048,06:09:05.048,binance,ETH/USDT:USDT,3807.5,60.938,3807.49,0.006,3807.51,66.107,3807.52,0.061
1753769345149,06:09:05.149,binance,ETH/USDT:USDT,3807.5,64.371,3807.49,0.016,3807.51,57.151,3807.52,0.061
1753769345252,06:09:05.252,binance,ETH/USDT:USDT,3807.5,64.307,3807.49,0.016,3807.51,57.151,3807.52,0.061
1753769345356,06:09:05.356,binance,ETH/USDT:USDT,3807.5,64.231,3807.49,0.016,3807.51,58.012,3807.52,0.061
1753769345460,06:09:05.460,binance,ETH/USDT:USDT,3807.5,60.789,3807.49,0.016,3807.51,58.04,3807.52,0.076
1753769345564,06:09:05.564,binance,ETH/USDT:USDT,3807.5,61.149,3807.49,0.016,3807.51,58.045,3807.52,0.094
1753769345666,06:09:05.666,binance,ETH/USDT:USDT,3807.5,60.293,3807.49,0.016,3807.51,54.949,3807.52,0.1
1753769345768,06:09:05.768,binance,ETH/USDT:USDT,3807.5,60.129,3807.49,0.016,3807.51,54.949,3807.52,0.1
1753769345871,06:09:05.871,binance,ETH/USDT:USDT,3807.5,57.753,3807.49,0.016,3807.51,54.904,3807.52,0.1
1753769345972,06:09:05.972,binance,ETH/USDT:USDT,3807.5,57.78,3807.49,0.016,3807.51,54.904,3807.52,0.1
1753769346074,06:09:06.074,binance,ETH/USDT:USDT,3807.5,57.78,3807.49,0.016,3807.51,64.392,3807.52,0.1
1753769346181,06:09:06.181,binance,ETH/USDT:USDT,3807.5,55.46,3807.49,0.016,3807.51,64.44,3807.52,0.1
1753769346283,06:09:06.283,binance,ETH/USDT:USDT,3807.5,30.867,3807.49,0.006,3807.51,70.243,3807.52,0.1
1753769346385,06:09:06.385,binance,ETH/USDT:USDT,3807.5,29.916,3807.49,0.006,3807.51,71.118,3807.52,0.1
1753769346487,06:09:06.487,binance,ETH/USDT:USDT,3807.5,17.725,3807.49,0.006,3807.51,71.118,3807.52,0.1
1753769346590,06:09:06.590,binance,ETH/USDT:USDT,3807.5,18.834,3807.49,0.006,3807.51,71.129,3807.52,0.094
1753769346691,06:09:06.691,binance,ETH/USDT:USDT,3807.5,20.375,3807.49,0.006,3807.51,71.18,3807.52,0.1
1753769346793,06:09:06.793,binance,ETH/USDT:USDT,3807.5,22.275,3807.49,0.006,3807.51,70.948,3807.52,0.572
1753769346895,06:09:06.895,binance,ETH/USDT:USDT,3807.5,42.059,3807.49,0.006,3807.51,68.791,3807.52,0.1
1753769346998,06:09:06.998,binance,ETH/USDT:USDT,3807.5,40.939,3807.49,0.006,3807.51,67.522,3807.52,0.1
1753769347100,06:09:07.100,binance,ETH/USDT:USDT,3807.5,40.939,3807.49,0.006,3807.51,67.522,3807.52,0.1
1753769347202,06:09:07.202,binance,ETH/USDT:USDT,3807.5,40.939,3807.49,0.006,3807.51,67.535,3807.52,0.1
1753769347303,06:09:07.303,binance,ETH/USDT:USDT,3807.5,25.857,3807.49,0.006,3807.51,67.551,3807.52,0.1
1753769347404,06:09:07.404,binance,ETH/USDT:USDT,3807.5,27.075,3807.49,0.006,3807.51,68.193,3807.52,0.1
1753769347507,06:09:07.507,binance,ETH/USDT:USDT,3807.5,27.06,3807.49,0.006,3807.51,68.153,3807.52,0.1
1753769347608,06:09:07.608,binance,ETH/USDT:USDT,3807.5,27.06,3807.49,0.006,3807.51,68.176,3807.52,0.1
1753769347711,06:09:07.711,binance,ETH/USDT:USDT,3807.5,15.287,3807.49,0.006,3807.51,107.646,3807.52,0.094
1753769347812,06:09:07.812,binance,ETH/USDT:USDT,3807.5,17.265,3807.49,0.006,3807.51,107.658,3807.52,0.101
1753769347914,06:09:07.914,binance,ETH/USDT:USDT,3807.5,29.932,3807.49,0.006,3807.51,107.658,3807.52,0.101
1753769348015,06:09:08.015,binance,ETH/USDT:USDT,3807.5,25.166,3807.49,0.006,3807.51,106.048,3807.52,0.579
1753769348118,06:09:08.118,binance,ETH/USDT:USDT,3807.5,25.155,3807.49,0.006,3807.51,106.246,3807.52,0.579
1753769348219,06:09:08.219,binance,ETH/USDT:USDT,3807.5,26.128,3807.49,0.006,3807.51,106.25,3807.52,0.579
1753769348321,06:09:08.321,binance,ETH/USDT:USDT,3807.5,28.555,3807.49,0.006,3807.51,59.986,3807.52,0.579
1753769348422,06:09:08.422,binance,ETH/USDT:USDT,3807.5,28.566,3807.49,0.006,3807.51,44.115,3807.52,0.579
1753769348523,06:09:08.523,binance,ETH/USDT:USDT,3807.5,35.018,3807.49,0.006,3807.51,61.674,3807.52,0.579
1753769348624,06:09:08.624,binance,ETH/USDT:USDT,3807.5,34.111,3807.49,0.006,3807.51,61.504,3807.52,0.579
1753769348726,06:09:08.726,binance,ETH/USDT:USDT,3807.5,34.13,3807.49,0.006,3807.51,62.146,3807.52,0.579
1753769348827,06:09:08.827,binance,ETH/USDT:USDT,3807.5,35.272,3807.49,0.006,3807.51,62.094,3807.52,0.579
1753769348928,06:09:08.928,binance,ETH/USDT:USDT,3807.5,35.283,3807.49,0.006,3807.51,62.094,3807.52,0.579
1753769349031,06:09:09.031,binance,ETH/USDT:USDT,3807.5,35.283,3807.49,0.006,3807.51,62.486,3807.52,0.579
1753769349132,06:09:09.132,binance,ETH/USDT:USDT,3807.5,35.283,3807.49,0.006,3807.51,62.058,3807.52,0.579
1753769349234,06:09:09.234,binance,ETH/USDT:USDT,3807.5,35.141,3807.49,0.006,3807.51,61.926,3807.52,0.579
1753769349338,06:09:09.338,binance,ETH/USDT:USDT,3807.5,34.816,3807.49,0.006,3807.51,67.767,3807.52,0.573
1753769349441,06:09:09.441,binance,ETH/USDT:USDT,3807.5,34.21,3807.49,0.006,3807.51,70.768,3807.52,0.573
1753769349544,06:09:09.544,binance,ETH/USDT:USDT,3807.5,34.21,3807.49,0.006,3807.51,70.768,3807.52,0.573
1753769349647,06:09:09.647,binance,ETH/USDT:USDT,3807.47,0.06,3807.46,0.006,3807.48,8.538,3807.49,133.765
1753769349748,06:09:09.748,binance,ETH/USDT:USDT,3807.37,8.638,3807.35,0.01,3807.38,156.508,3807.39,59.67
1753769349849,06:09:09.849,binance,ETH/USDT:USDT,3807.37,1.45,3807.35,0.01,3807.38,160.319,3807.39,59.67
1753769349950,06:09:09.950,binance,ETH/USDT:USDT,3807.31,9.316,3807.3,0.023,3807.32,118.31,3807.33,18.693
1753769350051,06:09:10.051,binance,ETH/USDT:USDT,3807.31,16.554,3807.3,0.045,3807.32,138.674,3807.33,0.021
1753769350153,06:09:10.153,binance,ETH/USDT:USDT,3807.31,11.882,3807.3,0.045,3807.32,149.287,3807.33,0.021
1753769350254,06:09:10.254,binance,ETH/USDT:USDT,3807.31,11.874,3807.3,0.045,3807.32,149.645,3807.33,0.021
1753769350356,06:09:10.356,binance,ETH/USDT:USDT,3807.31,11.77,3807.3,0.045,3807.32,153.949,3807.33,0.021
1753769350457,06:09:10.457,binance,ETH/USDT:USDT,3807.31,7.744,3807.3,0.045,3807.32,154.082,3807.33,0.021
1753769350561,06:09:10.561,binance,ETH/USDT:USDT,3807.31,16.74,3807.3,0.056,3807.32,151.21,3807.33,0.021
1753769350662,06:09:10.662,binance,ETH/USDT:USDT,3807.31,21.524,3807.3,0.056,3807.32,142.233,3807.33,0.027
1753769350764,06:09:10.764,binance,ETH/USDT:USDT,3807.31,10.136,3807.3,0.056,3807.32,107.233,3807.33,0.027
1753769350865,06:09:10.865,binance,ETH/USDT:USDT,3807.31,10.132,3807.3,0.056,3807.32,107.272,3807.33,0.027
1753769350967,06:09:10.967,binance,ETH/USDT:USDT,3807.31,14.943,3807.3,0.056,3807.32,103.519,3807.33,0.012
1753769351070,06:09:11.070,binance,ETH/USDT:USDT,3807.31,34.877,3807.3,0.056,3807.32,66.276,3807.33,0.012
1753769351173,06:09:11.173,binance,ETH/USDT:USDT,3807.31,44.911,3807.3,0.056,3807.32,66.017,3807.33,0.012
1753769351275,06:09:11.275,binance,ETH/USDT:USDT,3807.31,46.912,3807.3,0.067,3807.32,66.07,3807.33,0.012
1753769351376,06:09:11.376,binance,ETH/USDT:USDT,3807.31,46.897,3807.3,0.067,3807.32,66.194,3807.33,0.101
1753769351478,06:09:11.478,binance,ETH/USDT:USDT,3807.31,58.225,3807.3,0.067,3807.32,56.815,3807.33,0.101
1753769351579,06:09:11.579,binance,ETH/USDT:USDT,3807.31,66.104,3807.3,0.067,3807.32,57.601,3807.33,0.101
1753769351681,06:09:11.681,binance,ETH/USDT:USDT,3807.31,62.359,3807.3,0.067,3807.32,57.313,3807.33,0.101
1753769351783,06:09:11.783,binance,ETH/USDT:USDT,3807.31,48.149,3807.3,0.067,3807.32,57.751,3807.33,0.101
1753769351889,06:09:11.889,binance,ETH/USDT:USDT,3807.31,48.887,3807.3,0.067,3807.32,57.751,3807.33,0.101
1753769351998,06:09:11.998,binance,ETH/USDT:USDT,3807.31,47.903,3807.3,0.067,3807.32,57.751,3807.33,0.101
1753769352101,06:09:12.101,binance,ETH/USDT:USDT,3807.31,48.887,3807.3,0.067,3807.32,57.751,3807.33,0.101
1753769352204,06:09:12.204,binance,ETH/USDT:USDT,3807.31,57.637,3807.3,0.067,3807.32,59.266,3807.33,0.101
1753769352306,06:09:12.306,binance,ETH/USDT:USDT,3807.31,57.637,3807.3,0.067,3807.32,59.331,3807.33,0.101
1753769352407,06:09:12.407,binance,ETH/USDT:USDT,3807.49,248.207,3807.48,18.954,3807.5,2.702,3807.51,7.71
1753769352508,06:09:12.508,binance,ETH/USDT:USDT,3807.57,244.291,3807.56,9.575,3807.58,7.832,3807.59,0.006
1753769352609,06:09:12.609,binance,ETH/USDT:USDT,3807.57,237.963,3807.56,6.478,3807.58,7.872,3807.59,0.016
1753769352711,06:09:12.711,binance,ETH/USDT:USDT,3807.72,202.818,3807.71,1.319,3807.73,13.173,3807.74,0.006
1753769352812,06:09:12.812,binance,ETH/USDT:USDT,3807.72,197.597,3807.71,1.319,3807.73,17.739,3807.74,0.006
1753769352915,06:09:12.915,binance,ETH/USDT:USDT,3807.72,197.072,3807.71,1.325,3807.73,18.296,3807.74,0.006
1753769353016,06:09:13.016,binance,ETH/USDT:USDT,3807.72,177.889,3807.71,1.325,3807.73,17.296,3807.74,0.006
1753769353118,06:09:13.118,binance,ETH/USDT:USDT,3807.72,148.232,3807.71,1.325,3807.73,29.239,3807.74,0.057
1753769353219,06:09:13.219,binance,ETH/USDT:USDT,3807.72,143.177,3807.71,1.325,3807.73,20.405,3807.74,0.057
1753769353322,06:09:13.322,binance,ETH/USDT:USDT,3807.72,164.974,3807.71,1.319,3807.73,20.468,3807.74,0.057
1753769353424,06:09:13.424,binance,ETH/USDT:USDT,3807.72,165.169,3807.71,1.319,3807.73,20.474,3807.74,0.064
1753769353525,06:09:13.525,binance,ETH/USDT:USDT,3807.72,164.038,3807.71,1.319,3807.73,27.661,3807.74,0.064
1753769353628,06:09:13.628,binance,ETH/USDT:USDT,3807.72,164.038,3807.71,1.327,3807.73,28.039,3807.74,0.064
1753769353731,06:09:13.731,binance,ETH/USDT:USDT,3807.72,159.927,3807.71,1.327,3807.73,25.57,3807.74,0.064
1753769353834,06:09:13.834,binance,ETH/USDT:USDT,3807.72,159.927,3807.71,1.327,3807.73,26.246,3807.74,0.064
1753769353936,06:09:13.936,binance,ETH/USDT:USDT,3807.72,159.744,3807.71,1.333,3807.73,26.561,3807.74,0.064
1753769354038,06:09:14.038,binance,ETH/USDT:USDT,3807.72,159.715,3807.71,1.333,3807.73,33.134,3807.74,0.064
1753769354140,06:09:14.140,binance,ETH/USDT:USDT,3807.72,159.695,3807.71,1.333,3807.73,32.734,3807.74,0.064
1753769354241,06:09:14.241,binance,ETH/USDT:USDT,3807.72,159.661,3807.71,1.333,3807.73,33.439,3807.74,0.064
1753769354345,06:09:14.345,binance,ETH/USDT:USDT,3807.72,159.661,3807.71,1.333,3807.73,30.686,3807.74,0.064
1753769354447,06:09:14.447,binance,ETH/USDT:USDT,3807.72,159.158,3807.71,1.333,3807.73,33.583,3807.74,0.149
1753769354649,06:09:14.649,binance,ETH/USDT:USDT,3807.72,159.138,3807.71,1.333,3807.73,31.056,3807.74,0.167
1753769354752,06:09:14.752,binance,ETH/USDT:USDT,3807.72,159.138,3807.71,1.333,3807.73,27.659,3807.74,0.167
1753769354855,06:09:14.855,binance,ETH/USDT:USDT,3807.72,157.138,3807.71,1.333,3807.73,28.068,3807.74,0.167
1753769354958,06:09:14.958,binance,ETH/USDT:USDT,3807.72,157.138,3807.71,1.333,3807.73,23.875,3807.74,0.167
1753769355163,06:09:15.163,binance,ETH/USDT:USDT,3807.72,157.869,3807.71,1.333,3807.73,26.101,3807.74,0.167
1753769355265,06:09:15.265,binance,ETH/USDT:USDT,3807.72,157.869,3807.71,1.333,3807.73,25.701,3807.74,0.167
1753769355367,06:09:15.367,binance,ETH/USDT:USDT,3807.72,157.042,3807.71,1.333,3807.73,13.525,3807.74,0.167
1753769355470,06:09:15.470,binance,ETH/USDT:USDT,3807.72,157.048,3807.71,1.333,3807.73,17.12,3807.74,0.167
1753769355571,06:09:15.571,binance,ETH/USDT:USDT,3807.72,156.724,3807.71,1.333,3807.73,17.12,3807.74,0.167
1753769355672,06:09:15.672,binance,ETH/USDT:USDT,3807.72,156.724,3807.71,1.333,3807.73,16.702,3807.74,0.167
1753769355774,06:09:15.774,binance,ETH/USDT:USDT,3807.72,156.724,3807.71,1.333,3807.73,25.78,3807.74,0.197
1753769355884,06:09:15.884,binance,ETH/USDT:USDT,3807.72,156.716,3807.71,1.333,3807.73,25.797,3807.74,0.197
1753769355987,06:09:15.987,binance,ETH/USDT:USDT,3807.72,156.77,3807.71,1.333,3807.73,25.849,3807.74,0.197
1753769356091,06:09:16.091,binance,ETH/USDT:USDT,3807.72,156.77,3807.71,1.333,3807.73,25.849,3807.74,0.197
1753769356193,06:09:16.193,binance,ETH/USDT:USDT,3807.72,156.77,3807.71,1.333,3807.73,25.902,3807.74,0.197
1753769356296,06:09:16.296,binance,ETH/USDT:USDT,3807.72,156.784,3807.71,1.333,3807.73,33.177,3807.74,0.197
1753769356398,06:09:16.398,binance,ETH/USDT:USDT,3807.72,156.144,3807.71,1.333,3807.73,30.154,3807.74,0.197
1753769356499,06:09:16.499,binance,ETH/USDT:USDT,3807.72,155.588,3807.71,1.333,3807.73,24.028,3807.74,0.197
1753769356602,06:09:16.602,binance,ETH/USDT:USDT,3807.72,155.588,3807.71,1.333,3807.73,24.028,3807.74,0.197
1753769356705,06:09:16.705,binance,ETH/USDT:USDT,3807.72,155.588,3807.71,1.333,3807.73,24.028,3807.74,0.197
1753769356808,06:09:16.808,binance,ETH/USDT:USDT,3807.72,155.439,3807.71,1.333,3807.73,23.991,3807.74,0.197
1753769356909,06:09:16.909,binance,ETH/USDT:USDT,3807.72,155.439,3807.71,1.333,3807.73,23.991,3807.74,0.197
1753769357014,06:09:17.014,binance,ETH/USDT:USDT,3807.72,155.439,3807.71,1.333,3807.73,23.839,3807.74,0.197
1753769357117,06:09:17.117,binance,ETH/USDT:USDT,3807.72,155.35,3807.71,1.333,3807.73,23.845,3807.74,0.197
1753769357225,06:09:17.225,binance,ETH/USDT:USDT,3807.72,161.02,3807.71,1.333,3807.73,23.914,3807.74,0.197
1753769357331,06:09:17.331,binance,ETH/USDT:USDT,3807.72,161.02,3807.71,1.333,3807.73,23.909,3807.74,0.197
1753769357433,06:09:17.433,binance,ETH/USDT:USDT,3807.72,158.894,3807.71,1.333,3807.73,23.489,3807.74,0.197
1753769357534,06:09:17.534,binance,ETH/USDT:USDT,3807.72,158.902,3807.71,1.333,3807.73,23.44,3807.74,0.197
1753769357637,06:09:17.637,binance,ETH/USDT:USDT,3807.72,158.816,3807.71,1.333,3807.73,22.728,3807.74,0.197
1753769357739,06:09:17.739,binance,ETH/USDT:USDT,3807.72,158.806,3807.71,1.333,3807.73,22.728,3807.74,0.197
1753769357848,06:09:17.848,binance,ETH/USDT:USDT,3807.72,157.231,3807.71,1.333,3807.73,22.728,3807.74,0.197
1753769357951,06:09:17.951,binance,ETH/USDT:USDT,3807.72,157.231,3807.71,1.333,3807.73,23.728,3807.74,0.197
1753769358057,06:09:18.057,binance,ETH/USDT:USDT,3807.72,157.231,3807.71,1.333,3807.73,23.743,3807.74,0.197
1753769358160,06:09:18.160,binance,ETH/USDT:USDT,3807.72,157.237,3807.71,1.333,3807.73,23.796,3807.74,0.197
1753769358263,06:09:18.263,binance,ETH/USDT:USDT,3807.72,157.231,3807.71,1.333,3807.73,26.88,3807.74,0.197
1753769358364,06:09:18.364,binance,ETH/USDT:USDT,3807.72,156.712,3807.71,1.333,3807.73,26.728,3807.74,0.197
1753769358465,06:09:18.465,binance,ETH/USDT:USDT,3807.72,156.722,3807.71,1.333,3807.73,26.211,3807.74,0.197
1753769358674,06:09:18.674,binance,ETH/USDT:USDT,3807.72,139.666,3807.71,1.333,3807.73,30.644,3807.74,0.197
1753769358793,06:09:18.793,binance,ETH/USDT:USDT,3807.72,139.666,3807.71,8.161,3807.73,34.708,3807.74,0.197
1753769358896,06:09:18.896,binance,ETH/USDT:USDT,3807.72,139.666,3807.71,1.333,3807.73,34.708,3807.74,0.197
1753769358998,06:09:18.998,binance,ETH/USDT:USDT,3807.72,139.535,3807.71,1.333,3807.73,34.577,3807.74,0.197
1753769359100,06:09:19.100,binance,ETH/USDT:USDT,3807.72,139.521,3807.71,1.333,3807.73,34.577,3807.74,0.197
1753769359203,06:09:19.203,binance,ETH/USDT:USDT,3807.72,125.515,3807.71,1.327,3807.73,34.636,3807.74,0.197
1753769359307,06:09:19.307,binance,ETH/USDT:USDT,3807.72,125.529,3807.71,1.327,3807.73,37.273,3807.74,0.197
1753769359410,06:09:19.410,binance,ETH/USDT:USDT,3807.72,125.483,3807.71,0.343,3807.73,37.346,3807.74,0.197
1753769359511,06:09:19.511,binance,ETH/USDT:USDT,3807.72,125.479,3807.71,0.343,3807.73,37.347,3807.74,0.197
1753769359724,06:09:19.724,binance,ETH/USDT:USDT,3807.72,134.567,3807.71,0.343,3807.73,34.952,3807.74,0.197
1753769359825,06:09:19.825,binance,ETH/USDT:USDT,3807.72,135.806,3807.71,0.343,3807.73,28.939,3807.74,0.197
1753769359928,06:09:19.928,binance,ETH/USDT:USDT,3807.95,297.468,3807.93,15.285,3807.96,0.012,3807.97,0.006
1753769360029,06:09:20.029,binance,ETH/USDT:USDT,3808.01,92.689,3808.0,54.391,3808.02,8.638,3808.05,0.006
1753769360130,06:09:20.130,binance,ETH/USDT:USDT,3808.01,230.818,3808.0,16.14,3808.02,2.025,3808.05,0.006
1753769360231,06:09:20.231,binance,ETH/USDT:USDT,3808.01,232.124,3808.0,16.14,3808.02,2.091,3808.05,0.006
1753769360332,06:09:20.332,binance,ETH/USDT:USDT,3808.01,220.941,3808.0,16.14,3808.02,11.763,3808.05,0.006
1753769360434,06:09:20.434,binance,ETH/USDT:USDT,3808.01,221.016,3808.0,16.14,3808.02,13.559,3808.05,0.006
1753769360535,06:09:20.535,binance,ETH/USDT:USDT,3808.01,221.043,3808.0,16.14,3808.02,13.656,3808.05,0.006
1753769360638,06:09:20.638,binance,ETH/USDT:USDT,3808.01,199.918,3808.0,9.313,3808.02,16.738,3808.05,0.006
1753769360744,06:09:20.744,binance,ETH/USDT:USDT,3808.01,207.856,3808.0,9.313,3808.02,13.656,3808.05,0.006
1753769360845,06:09:20.845,binance,ETH/USDT:USDT,3808.01,207.482,3808.0,9.313,3808.02,13.656,3808.03,0.085
1753769360947,06:09:20.947,binance,ETH/USDT:USDT,3808.01,207.563,3808.0,9.313,3808.02,13.656,3808.03,0.092
1753769361048,06:09:21.048,binance,ETH/USDT:USDT,3808.01,207.563,3808.0,9.319,3808.02,13.826,3808.03,0.092
1753769361150,06:09:21.150,binance,ETH/USDT:USDT,3808.01,205.684,3808.0,9.319,3808.02,13.912,3808.03,0.092
1753769361253,06:09:21.253,binance,ETH/USDT:USDT,3808.34,166.808,3808.33,1.325,3808.35,18.402,3808.36,0.018
1753769361354,06:09:21.354,binance,ETH/USDT:USDT,3808.34,165.616,3808.33,1.325,3808.35,19.268,3808.36,0.018
1753769361455,06:09:21.455,binance,ETH/USDT:USDT,3808.34,147.698,3808.33,1.325,3808.35,19.512,3808.36,0.018
1753769361556,06:09:21.556,binance,ETH/USDT:USDT,3808.34,147.727,3808.33,1.325,3808.35,19.512,3808.36,0.018
1753769361660,06:09:21.660,binance,ETH/USDT:USDT,3808.34,147.727,3808.33,1.325,3808.35,19.547,3808.36,0.034
1753769361763,06:09:21.763,binance,ETH/USDT:USDT,3808.34,147.741,3808.33,1.325,3808.35,22.744,3808.36,0.034
1753769361864,06:09:21.864,binance,ETH/USDT:USDT,3808.34,118.013,3808.33,1.319,3808.35,25.392,3808.36,0.034
1753769361965,06:09:21.965,binance,ETH/USDT:USDT,3808.34,113.87,3808.33,1.319,3808.35,26.715,3808.36,0.034
1753769362066,06:09:22.066,binance,ETH/USDT:USDT,3808.34,109.717,3808.33,0.006,3808.35,32.367,3808.36,0.034
1753769362171,06:09:22.171,binance,ETH/USDT:USDT,3808.34,109.703,3808.33,0.006,3808.35,32.395,3808.36,0.052
1753769362272,06:09:22.272,binance,ETH/USDT:USDT,3808.34,109.375,3808.33,0.006,3808.35,72.241,3808.36,0.052
1753769362374,06:09:22.374,binance,ETH/USDT:USDT,3808.34,107.49,3808.33,0.006,3808.35,69.998,3808.36,0.052
1753769362476,06:09:22.476,binance,ETH/USDT:USDT,3808.34,107.336,3808.33,0.006,3808.35,70.791,3808.36,0.052
1753769362579,06:09:22.579,binance,ETH/USDT:USDT,3808.34,107.397,3808.33,0.029,3808.35,71.712,3808.36,0.058
1753769362689,06:09:22.689,binance,ETH/USDT:USDT,3808.34,107.408,3808.33,0.029,3808.35,73.019,3808.36,0.058
1753769362798,06:09:22.798,binance,ETH/USDT:USDT,3808.34,107.408,3808.33,0.029,3808.35,72.684,3808.36,0.058
1753769362900,06:09:22.900,binance,ETH/USDT:USDT,3808.34,107.397,3808.33,0.029,3808.35,71.613,3808.36,0.058
1753769363002,06:09:23.002,binance,ETH/USDT:USDT,3808.34,107.397,3808.33,0.029,3808.35,70.605,3808.36,0.058
1753769363103,06:09:23.103,binance,ETH/USDT:USDT,3808.34,107.394,3808.33,0.029,3808.35,86.334,3808.36,0.058
1753769363210,06:09:23.210,binance,ETH/USDT:USDT,3808.34,102.61,3808.33,0.029,3808.35,92.711,3808.36,0.058
1753769363313,06:09:23.313,binance,ETH/USDT:USDT,3808.34,101.783,3808.33,0.029,3808.35,86.75,3808.36,0.058
1753769363417,06:09:23.417,binance,ETH/USDT:USDT,3808.34,101.783,3808.33,0.029,3808.35,76.069,3808.36,0.058
1753769363519,06:09:23.519,binance,ETH/USDT:USDT,3808.34,101.783,3808.33,0.029,3808.35,76.608,3808.36,0.058
1753769363620,06:09:23.620,binance,ETH/USDT:USDT,3808.34,66.975,3808.33,0.029,3808.35,97.966,3808.36,0.058
1753769363723,06:09:23.723,binance,ETH/USDT:USDT,3808.34,66.975,3808.33,0.029,3808.35,97.966,3808.36,0.058
1753769363929,06:09:23.929,binance,ETH/USDT:USDT,3808.34,16.509,3808.33,0.029,3808.35,137.565,3808.36,35.069
1753769364031,06:09:24.031,binance,ETH/USDT:USDT,3808.34,15.175,3808.33,0.029,3808.35,137.943,3808.36,35.069
1753769364134,06:09:24.134,binance,ETH/USDT:USDT,3808.34,15.175,3808.33,0.029,3808.35,135.94,3808.36,35.117
1753769364237,06:09:24.237,binance,ETH/USDT:USDT,3808.34,15.174,3808.33,0.029,3808.35,135.941,3808.36,48.44
1753769364340,06:09:24.340,binance,ETH/USDT:USDT,3808.34,15.167,3808.33,0.029,3808.35,135.941,3808.36,48.44
1753769364442,06:09:24.442,binance,ETH/USDT:USDT,3808.34,15.167,3808.33,0.029,3808.35,135.952,3808.36,48.44
1753769364545,06:09:24.545,binance,ETH/USDT:USDT,3808.34,14.974,3808.33,0.029,3808.35,135.896,3808.36,48.447
1753769364648,06:09:24.648,binance,ETH/USDT:USDT,3808.3,16.663,3808.29,0.023,3808.31,190.258,3808.32,0.172
1753769364755,06:09:24.755,binance,ETH/USDT:USDT,3808.3,16.986,3808.29,0.023,3808.31,217.14,3808.32,0.172
1753769364856,06:09:24.856,binance,ETH/USDT:USDT,3808.3,16.994,3808.29,0.023,3808.31,216.041,3808.32,0.172
1753769364957,06:09:24.957,binance,ETH/USDT:USDT,3808.3,16.566,3808.29,0.023,3808.31,217.083,3808.32,0.172
1753769365060,06:09:25.060,binance,ETH/USDT:USDT,3808.3,16.572,3808.29,0.017,3808.31,216.505,3808.32,0.19
1753769365163,06:09:25.163,binance,ETH/USDT:USDT,3808.3,16.572,3808.29,0.017,3808.31,216.56,3808.32,35.19
1753769365265,06:09:25.265,binance,ETH/USDT:USDT,3808.3,16.548,3808.29,0.017,3808.31,216.142,3808.32,35.19
1753769365368,06:09:25.368,binance,ETH/USDT:USDT,3808.3,14.242,3808.29,0.017,3808.31,216.313,3808.32,35.19
1753769365470,06:09:25.470,binance,ETH/USDT:USDT,3808.3,14.25,3808.29,0.017,3808.31,216.313,3808.32,35.19
1753769365571,06:09:25.571,binance,ETH/USDT:USDT,3808.09,0.36,3808.07,0.006,3808.1,156.594,3808.11,0.007
1753769365672,06:09:25.672,binance,ETH/USDT:USDT,3808.09,0.159,3808.07,0.006,3808.1,167.166,3808.11,0.007
1753769365773,06:09:25.773,binance,ETH/USDT:USDT,3808.09,0.163,3808.07,0.006,3808.1,208.917,3808.11,0.007
1753769365874,06:09:25.874,binance,ETH/USDT:USDT,3807.89,24.182,3807.88,0.006,3807.9,143.476,3807.91,53.184
1753769365976,06:09:25.976,binance,ETH/USDT:USDT,3807.89,30.666,3807.88,0.006,3807.9,61.069,3807.91,16.251
1753769366080,06:09:26.080,binance,ETH/USDT:USDT,3807.89,36.608,3807.88,0.006,3807.9,57.862,3807.91,16.251
1753769366181,06:09:26.181,binance,ETH/USDT:USDT,3807.89,31.824,3807.88,0.006,3807.9,106.597,3807.91,16.251
1753769366286,06:09:26.286,binance,ETH/USDT:USDT,3807.85,0.564,3807.84,0.016,3807.86,158.426,3807.87,35.0
1753769366389,06:09:26.389,binance,ETH/USDT:USDT,3807.85,0.633,3807.84,0.016,3807.86,166.192,3807.87,35.0
1753769366491,06:09:26.491,binance,ETH/USDT:USDT,3807.66,15.936,3807.65,0.006,3807.67,171.299,3807.71,0.044
1753769366592,06:09:26.592,binance,ETH/USDT:USDT,3807.64,3.029,3807.61,2.7,3807.65,148.838,3807.66,33.715
1753769366694,06:09:26.694,binance,ETH/USDT:USDT,3807.64,41.92,3807.61,2.7,3807.65,137.328,3807.66,23.715
1753769366795,06:09:26.795,binance,ETH/USDT:USDT,3807.64,41.477,3807.61,2.694,3807.65,120.859,3807.66,15.386
1753769366897,06:09:26.897,binance,ETH/USDT:USDT,3807.64,40.974,3807.61,2.694,3807.65,121.616,3807.66,10.568
1753769367001,06:09:27.001,binance,ETH/USDT:USDT,3807.64,39.974,3807.61,2.694,3807.65,122.92,3807.66,10.568
1753769367102,06:09:27.102,binance,ETH/USDT:USDT,3807.64,39.974,3807.61,2.694,3807.65,123.861,3807.66,10.568
1753769367203,06:09:27.203,binance,ETH/USDT:USDT,3807.64,33.944,3807.61,2.694,3807.65,124.109,3807.66,10.568
1753769367304,06:09:27.304,binance,ETH/USDT:USDT,3807.64,33.944,3807.61,2.694,3807.65,124.344,3807.66,10.568
1753769367407,06:09:27.407,binance,ETH/USDT:USDT,3807.64,10.973,3807.61,2.694,3807.65,124.389,3807.66,10.568
1753769367509,06:09:27.509,binance,ETH/USDT:USDT,3807.64,11.125,3807.61,2.694,3807.65,124.389,3807.66,10.568
1753769367611,06:09:27.611,binance,ETH/USDT:USDT,3807.64,21.414,3807.61,2.694,3807.65,114.376,3807.66,10.568
1753769367714,06:09:27.714,binance,ETH/USDT:USDT,3807.64,28.385,3807.61,2.694,3807.65,110.928,3807.66,7.468
1753769367919,06:09:27.919,binance,ETH/USDT:USDT,3807.64,17.768,3807.61,2.694,3807.65,105.581,3807.66,7.468
1753769368021,06:09:28.021,binance,ETH/USDT:USDT,3807.64,17.768,3807.61,2.694,3807.65,105.581,3807.66,7.468
1753769368122,06:09:28.122,binance,ETH/USDT:USDT,3807.64,19.682,3807.61,2.7,3807.65,105.62,3807.66,7.468
1753769368233,06:09:28.233,binance,ETH/USDT:USDT,3807.64,6.949,3807.62,0.014,3807.65,105.622,3807.66,7.468
1753769368335,06:09:28.335,binance,ETH/USDT:USDT,3807.64,0.384,3807.62,0.014,3807.65,140.586,3807.66,7.468
1753769368437,06:09:28.437,binance,ETH/USDT:USDT,3807.51,108.393,3807.5,13.471,3807.52,88.8,3807.53,0.015
1753769368538,06:09:28.538,binance,ETH/USDT:USDT,3807.51,99.792,3807.5,5.325,3807.52,89.482,3807.53,0.015
1753769368848,06:09:28.848,binance,ETH/USDT:USDT,3807.51,99.803,3807.5,5.325,3807.52,83.955,3807.53,0.015
1753769368950,06:09:28.950,binance,ETH/USDT:USDT,3807.51,99.803,3807.5,5.325,3807.52,125.032,3807.53,0.015
1753769369053,06:09:29.053,binance,ETH/USDT:USDT,3807.51,99.803,3807.5,5.325,3807.52,125.11,3807.53,0.015
1753769369156,06:09:29.156,binance,ETH/USDT:USDT,3807.51,99.803,3807.5,5.325,3807.52,119.292,3807.53,0.015
1753769369261,06:09:29.261,binance,ETH/USDT:USDT,3807.51,99.817,3807.5,5.325,3807.52,115.854,3807.53,0.015
1753769369364,06:09:29.364,binance,ETH/USDT:USDT,3807.51,102.451,3807.5,5.325,3807.52,110.741,3807.53,0.015
1753769369466,06:09:29.466,binance,ETH/USDT:USDT,3807.51,102.451,3807.5,5.325,3807.52,110.904,3807.53,0.015
1753769369571,06:09:29.571,binance,ETH/USDT:USDT,3807.51,102.451,3807.5,5.325,3807.52,110.904,3807.53,0.015
1753769369673,06:09:29.673,binance,ETH/USDT:USDT,3807.51,102.457,3807.5,5.325,3807.52,110.967,3807.53,0.015
1753769369787,06:09:29.787,binance,ETH/USDT:USDT,3807.51,110.322,3807.5,5.325,3807.52,123.879,3807.53,0.015
1753769369901,06:09:29.901,binance,ETH/USDT:USDT,3807.51,108.718,3807.5,5.325,3807.52,123.943,3807.53,0.015
1753769370002,06:09:30.002,binance,ETH/USDT:USDT,3807.51,108.822,3807.5,5.325,3807.52,124.008,3807.53,0.015
1753769370105,06:09:30.105,binance,ETH/USDT:USDT,3807.51,108.816,3807.5,5.325,3807.52,124.008,3807.53,0.015
1753769370208,06:09:30.208,binance,ETH/USDT:USDT,3807.51,108.816,3807.5,5.325,3807.52,124.154,3807.53,0.015
1753769370315,06:09:30.315,binance,ETH/USDT:USDT,3807.51,109.8,3807.5,5.325,3807.52,124.556,3807.53,0.015
1753769370416,06:09:30.416,binance,ETH/USDT:USDT,3807.51,99.801,3807.5,5.325,3807.52,124.705,3807.53,0.015
1753769370723,06:09:30.723,binance,ETH/USDT:USDT,3807.51,99.808,3807.5,5.325,3807.52,124.694,3807.53,0.015
1753769371151,06:09:31.151,binance,ETH/USDT:USDT,3807.44,11.068,3807.43,0.032,3807.45,174.521,3807.46,35.05
1753769371252,06:09:31.252,binance,ETH/USDT:USDT,3807.44,11.079,3807.43,0.032,3807.45,175.695,3807.46,35.05
1753769371354,06:09:31.354,binance,ETH/USDT:USDT,3807.44,11.079,3807.43,0.032,3807.45,216.068,3807.46,35.05
1753769371455,06:09:31.455,binance,ETH/USDT:USDT,3807.44,11.079,3807.43,0.032,3807.45,218.901,3807.46,35.057
1753769371558,06:09:31.558,binance,ETH/USDT:USDT,3807.44,11.09,3807.43,0.032,3807.45,222.668,3807.46,35.057
1753769371661,06:09:31.661,binance,ETH/USDT:USDT,3807.44,11.09,3807.43,0.032,3807.45,223.93,3807.46,35.057
1753769371764,06:09:31.764,binance,ETH/USDT:USDT,3807.22,36.358,3807.21,19.06,3807.23,131.944,3807.24,0.05
1753769371865,06:09:31.865,binance,ETH/USDT:USDT,3807.22,27.783,3807.21,19.06,3807.23,186.55,3807.24,0.05
1753769371968,06:09:31.968,binance,ETH/USDT:USDT,3807.22,27.783,3807.21,19.06,3807.23,188.013,3807.24,0.05
1753769372069,06:09:32.069,binance,ETH/USDT:USDT,3807.22,24.701,3807.21,19.06,3807.23,213.464,3807.24,35.05
1753769372171,06:09:32.171,binance,ETH/USDT:USDT,3807.22,9.567,3807.21,19.06,3807.23,209.196,3807.24,45.971
1753769372272,06:09:32.272,binance,ETH/USDT:USDT,3807.03,11.455,3807.02,7.664,3807.04,97.965,3807.05,28.543
1753769372373,06:09:32.373,binance,ETH/USDT:USDT,3807.0,502.486,3806.99,0.038,3807.01,199.498,3807.02,69.544
1753769372575,06:09:32.575,binance,ETH/USDT:USDT,3807.0,502.815,3806.99,0.038,3807.01,177.592,3807.02,67.617
1753769372676,06:09:32.676,binance,ETH/USDT:USDT,3807.0,502.815,3806.99,0.038,3807.01,178.848,3807.02,67.617
1753769372779,06:09:32.779,binance,ETH/USDT:USDT,3807.0,501.162,3806.99,0.038,3807.01,184.818,3807.02,67.617
1753769372881,06:09:32.881,binance,ETH/USDT:USDT,3807.0,497.098,3806.99,0.038,3807.01,184.811,3807.02,67.617
1753769372984,06:09:32.984,binance,ETH/USDT:USDT,3807.0,511.085,3806.99,0.038,3807.01,184.817,3807.02,67.617
1753769373086,06:09:33.086,binance,ETH/USDT:USDT,3807.0,497.597,3806.99,0.038,3807.01,184.759,3807.02,67.617
1753769373295,06:09:33.295,binance,ETH/USDT:USDT,3807.0,494.898,3806.99,0.044,3807.01,202.417,3807.02,67.686
1753769373402,06:09:33.402,binance,ETH/USDT:USDT,3807.0,494.909,3806.99,0.044,3807.01,215.36,3807.02,67.696
1753769373514,06:09:33.514,binance,ETH/USDT:USDT,3807.0,494.909,3806.99,0.044,3807.01,215.57,3807.02,67.696
1753769373620,06:09:33.620,binance,ETH/USDT:USDT,3807.0,494.909,3806.99,0.044,3807.01,215.57,3807.02,67.696
1753769373724,06:09:33.724,binance,ETH/USDT:USDT,3807.0,494.909,3806.99,0.044,3807.01,215.567,3807.02,67.696
1753769373827,06:09:33.827,binance,ETH/USDT:USDT,3807.0,494.898,3806.99,0.044,3807.01,215.787,3807.02,67.696
1753769373929,06:09:33.929,binance,ETH/USDT:USDT,3807.0,494.898,3806.99,0.044,3807.01,215.787,3807.02,67.696
1753769374032,06:09:34.032,binance,ETH/USDT:USDT,3807.0,494.898,3806.99,0.044,3807.01,215.787,3807.02,67.696
1753769374136,06:09:34.136,binance,ETH/USDT:USDT,3807.0,494.904,3806.99,0.044,3807.01,216.799,3807.02,67.696
1753769374240,06:09:34.240,binance,ETH/USDT:USDT,3806.46,3.083,3806.44,0.936,3806.47,112.586,3806.48,3.222
1753769374746,06:09:34.746,binance,ETH/USDT:USDT,3806.29,36.894,3806.28,0.012,3806.3,95.433,3806.32,0.765
1753769374847,06:09:34.847,binance,ETH/USDT:USDT,3806.29,36.894,3806.28,0.012,3806.3,115.728,3806.32,0.765
1753769374949,06:09:34.949,binance,ETH/USDT:USDT,3806.29,36.894,3806.28,0.012,3806.3,158.508,3806.32,0.765
1753769375050,06:09:35.050,binance,ETH/USDT:USDT,3806.29,36.894,3806.28,0.012,3806.3,171.378,3806.32,0.765
1753769375154,06:09:35.154,binance,ETH/USDT:USDT,3806.29,33.337,3806.28,0.012,3806.3,170.003,3806.32,0.765
1753769375258,06:09:35.258,binance,ETH/USDT:USDT,3806.29,33.266,3806.28,0.012,3806.3,176.341,3806.32,0.765
1753769375361,06:09:35.361,binance,ETH/USDT:USDT,3806.29,30.639,3806.28,0.012,3806.3,177.668,3806.32,0.765
1753769375462,06:09:35.462,binance,ETH/USDT:USDT,3806.29,30.639,3806.28,0.012,3806.3,176.35,3806.32,0.765
1753769375564,06:09:35.564,binance,ETH/USDT:USDT,3806.29,52.1,3806.28,0.012,3806.3,137.465,3806.32,0.765
1753769375873,06:09:35.873,binance,ETH/USDT:USDT,3806.29,45.244,3806.28,0.012,3806.3,137.583,3806.31,0.047
1753769375975,06:09:35.975,binance,ETH/USDT:USDT,3806.29,45.271,3806.28,0.012,3806.3,143.833,3806.31,0.047
1753769376076,06:09:36.076,binance,ETH/USDT:USDT,3806.29,43.686,3806.28,0.012,3806.3,143.845,3806.31,0.047
1753769376177,06:09:36.177,binance,ETH/USDT:USDT,3806.29,43.686,3806.28,0.012,3806.3,152.642,3806.31,0.047
1753769376278,06:09:36.278,binance,ETH/USDT:USDT,3806.29,35.207,3806.28,0.012,3806.3,152.769,3806.31,0.047
1753769376380,06:09:36.380,binance,ETH/USDT:USDT,3806.29,34.574,3806.28,0.012,3806.3,151.934,3806.31,0.047
1753769376481,06:09:36.481,binance,ETH/USDT:USDT,3806.29,34.574,3806.28,0.012,3806.3,152.069,3806.31,0.047
1753769376583,06:09:36.583,binance,ETH/USDT:USDT,3806.29,34.574,3806.28,0.012,3806.3,152.069,3806.31,0.047
1753769376687,06:09:36.687,binance,ETH/USDT:USDT,3806.29,29.573,3806.28,0.012,3806.3,152.069,3806.31,0.047
1753769376788,06:09:36.788,binance,ETH/USDT:USDT,3806.29,29.857,3806.28,0.012,3806.3,151.668,3806.31,0.047
1753769376891,06:09:36.891,binance,ETH/USDT:USDT,3806.29,21.975,3806.28,0.012,3806.3,148.377,3806.31,0.047
1753769376994,06:09:36.994,binance,ETH/USDT:USDT,3806.29,35.909,3806.28,0.012,3806.3,148.341,3806.31,0.047
1753769377096,06:09:37.096,binance,ETH/USDT:USDT,3806.29,16.494,3806.28,0.012,3806.3,148.342,3806.31,0.047
1753769377197,06:09:37.197,binance,ETH/USDT:USDT,3806.29,20.969,3806.28,0.012,3806.3,149.647,3806.31,0.047
1753769377298,06:09:37.298,binance,ETH/USDT:USDT,3806.27,0.674,3806.26,0.006,3806.28,146.913,3806.29,40.432
1753769377402,06:09:37.402,binance,ETH/USDT:USDT,3806.08,27.182,3806.07,0.032,3806.09,112.767,3806.1,0.546
1753769377505,06:09:37.505,binance,ETH/USDT:USDT,3806.08,26.87,3806.07,0.032,3806.09,115.179,3806.1,0.546
1753769377606,06:09:37.606,binance,ETH/USDT:USDT,3806.08,29.146,3806.07,0.032,3806.09,111.63,3806.1,0.546
1753769377709,06:09:37.709,binance,ETH/USDT:USDT,3806.08,29.146,3806.07,0.032,3806.09,129.539,3806.1,0.561
1753769377811,06:09:37.811,binance,ETH/USDT:USDT,3806.08,29.146,3806.07,0.065,3806.09,144.514,3806.1,0.561
1753769377915,06:09:37.915,binance,ETH/USDT:USDT,3806.08,29.157,3806.07,0.065,3806.09,188.436,3806.1,0.561
1753769378018,06:09:38.018,binance,ETH/USDT:USDT,3806.08,40.101,3806.07,0.065,3806.09,188.454,3806.1,0.561
1753769378119,06:09:38.119,binance,ETH/USDT:USDT,3806.08,39.27,3806.07,0.065,3806.09,188.46,3806.1,0.561
1753769378222,06:09:38.222,binance,ETH/USDT:USDT,3806.08,34.486,3806.07,0.065,3806.09,184.692,3806.1,0.561
1753769378323,06:09:38.323,binance,ETH/USDT:USDT,3806.08,34.486,3806.07,0.065,3806.09,184.675,3806.1,0.561
1753769378428,06:09:38.428,binance,ETH/USDT:USDT,3806.08,24.916,3806.07,0.065,3806.09,185.39,3806.1,0.561
1753769378534,06:09:38.534,binance,ETH/USDT:USDT,3806.08,24.916,3806.07,0.065,3806.09,185.372,3806.1,0.561
1753769378638,06:09:38.638,binance,ETH/USDT:USDT,3806.08,9.798,3806.07,0.065,3806.09,185.873,3806.1,35.561
1753769378739,06:09:38.739,binance,ETH/USDT:USDT,3806.0,514.119,3805.99,0.05,3806.01,91.123,3806.04,2.654
1753769378840,06:09:38.840,binance,ETH/USDT:USDT,3806.0,498.567,3805.99,0.05,3806.01,143.808,3806.03,0.765
1753769378941,06:09:38.941,binance,ETH/USDT:USDT,3806.0,498.567,3805.99,0.05,3806.01,205.208,3806.03,0.765
1753769379044,06:09:39.044,binance,ETH/USDT:USDT,3806.0,498.356,3805.99,0.05,3806.01,195.975,3806.03,0.765
1753769379147,06:09:39.147,binance,ETH/USDT:USDT,3806.0,498.356,3805.99,0.05,3806.01,196.31,3806.03,0.765
1753769379248,06:09:39.248,binance,ETH/USDT:USDT,3806.0,498.297,3805.99,0.05,3806.01,198.998,3806.03,0.765
1753769379349,06:09:39.349,binance,ETH/USDT:USDT,3806.0,498.297,3805.99,0.05,3806.01,167.261,3806.03,0.765
1753769379450,06:09:39.450,binance,ETH/USDT:USDT,3805.77,0.007,3805.76,0.009,3805.89,7.694,3805.9,2.652
1753769379551,06:09:39.551,binance,ETH/USDT:USDT,3805.6,0.029,3805.59,0.038,3805.61,67.535,3805.62,0.021
1753769379652,06:09:39.652,binance,ETH/USDT:USDT,3805.51,58.609,3805.5,0.828,3805.52,37.57,3805.53,0.795
1753769379754,06:09:39.754,binance,ETH/USDT:USDT,3805.51,43.946,3805.5,0.85,3805.52,68.966,3805.53,0.765
1753769379857,06:09:39.857,binance,ETH/USDT:USDT,3805.51,43.935,3805.5,0.85,3805.52,84.77,3805.53,0.765
1753769379960,06:09:39.960,binance,ETH/USDT:USDT,3805.51,43.928,3805.5,0.85,3805.52,128.82,3805.53,0.765
1753769380062,06:09:40.062,binance,ETH/USDT:USDT,3805.51,43.928,3805.5,0.85,3805.52,118.462,3805.53,0.765
1753769380164,06:09:40.164,binance,ETH/USDT:USDT,3805.51,45.236,3805.5,0.85,3805.52,118.498,3805.53,0.765
1753769380267,06:09:40.267,binance,ETH/USDT:USDT,3805.51,44.003,3805.5,0.85,3805.52,118.53,3805.53,0.765
1753769380368,06:09:40.368,binance,ETH/USDT:USDT,3805.51,44.003,3805.5,0.85,3805.52,118.548,3805.53,0.765
1753769380470,06:09:40.470,binance,ETH/USDT:USDT,3805.51,49.971,3805.5,0.85,3805.52,116.17,3805.53,0.765
1753769380572,06:09:40.572,binance,ETH/USDT:USDT,3805.51,49.979,3805.5,0.85,3805.52,118.231,3805.53,0.765
1753769380675,06:09:40.675,binance,ETH/USDT:USDT,3805.51,49.979,3805.5,0.85,3805.52,118.231,3805.53,0.765
1753769380778,06:09:40.778,binance,ETH/USDT:USDT,3805.51,74.4,3805.5,0.85,3805.52,118.231,3805.53,0.765
1753769380879,06:09:40.879,binance,ETH/USDT:USDT,3805.51,75.385,3805.5,0.85,3805.52,109.602,3805.53,0.765
1753769380988,06:09:40.988,binance,ETH/USDT:USDT,3805.51,75.255,3805.5,0.85,3805.52,109.747,3805.53,0.765
1753769381089,06:09:41.089,binance,ETH/USDT:USDT,3805.51,75.255,3805.5,0.85,3805.52,109.753,3805.53,0.765
1753769381194,06:09:41.194,binance,ETH/USDT:USDT,3805.51,74.5,3805.5,0.85,3805.52,109.838,3805.53,0.765
1753769381502,06:09:41.502,binance,ETH/USDT:USDT,3805.51,74.431,3805.5,0.85,3805.52,109.931,3805.53,0.765
1753769381604,06:09:41.604,binance,ETH/USDT:USDT,3805.51,73.619,3805.5,0.85,3805.52,109.958,3805.53,0.85
1753769381707,06:09:41.707,binance,ETH/USDT:USDT,3805.51,73.37,3805.5,0.85,3805.52,109.96,3805.53,0.85
1753769381808,06:09:41.808,binance,ETH/USDT:USDT,3805.51,73.37,3805.5,0.85,3805.52,109.967,3805.53,0.85
1753769381910,06:09:41.910,binance,ETH/USDT:USDT,3805.51,73.37,3805.5,1.685,3805.52,109.934,3805.53,0.85
1753769382011,06:09:42.011,binance,ETH/USDT:USDT,3805.51,73.37,3805.5,1.685,3805.52,109.934,3805.53,0.85
1753769382213,06:09:42.213,binance,ETH/USDT:USDT,3805.51,39.026,3805.5,1.685,3805.52,122.8,3805.53,1.403
1753769382314,06:09:42.314,binance,ETH/USDT:USDT,3805.51,39.026,3805.5,1.685,3805.52,122.8,3805.53,1.403
1753769382417,06:09:42.417,binance,ETH/USDT:USDT,3805.51,34.045,3805.5,1.685,3805.52,123.21,3805.53,1.733
1753769382518,06:09:42.518,binance,ETH/USDT:USDT,3805.51,34.045,3805.5,1.685,3805.52,123.21,3805.53,1.733
1753769382721,06:09:42.721,binance,ETH/USDT:USDT,3805.51,21.274,3805.5,1.685,3805.52,124.176,3805.53,1.733
1753769382832,06:09:42.832,binance,ETH/USDT:USDT,3805.51,22.342,3805.5,1.685,3805.52,124.176,3805.53,1.733
1753769382937,06:09:42.937,binance,ETH/USDT:USDT,3805.51,8.407,3805.5,1.674,3805.52,124.194,3805.53,1.733
1753769383038,06:09:43.038,binance,ETH/USDT:USDT,3805.51,8.407,3805.5,1.674,3805.52,124.194,3805.53,1.733
1753769383139,06:09:43.139,binance,ETH/USDT:USDT,3805.51,8.397,3805.5,1.674,3805.52,124.263,3805.53,1.733
1753769383346,06:09:43.346,binance,ETH/USDT:USDT,3805.51,8.324,3805.5,1.663,3805.52,124.348,3805.53,1.733
1753769383447,06:09:43.447,binance,ETH/USDT:USDT,3805.51,12.326,3805.5,1.663,3805.52,124.044,3805.53,1.733
1753769383652,06:09:43.652,binance,ETH/USDT:USDT,3805.51,3.209,3805.5,1.663,3805.52,124.309,3805.53,1.733
1753769383753,06:09:43.753,binance,ETH/USDT:USDT,3805.51,19.753,3805.5,1.663,3805.52,124.367,3805.53,1.733
1753769383855,06:09:43.855,binance,ETH/USDT:USDT,3805.51,30.835,3805.5,1.663,3805.52,124.367,3805.53,1.733
1753769384059,06:09:44.059,binance,ETH/USDT:USDT,3805.51,35.483,3805.5,1.674,3805.52,124.367,3805.53,1.403
1753769384162,06:09:44.162,binance,ETH/USDT:USDT,3805.51,66.035,3805.5,1.674,3805.52,111.511,3805.53,1.403
1753769384265,06:09:44.265,binance,ETH/USDT:USDT,3805.51,66.035,3805.5,1.685,3805.52,118.336,3805.53,1.403
1753769384366,06:09:44.366,binance,ETH/USDT:USDT,3805.51,66.92,3805.5,1.685,3805.52,118.422,3805.53,1.403
1753769384469,06:09:44.469,binance,ETH/USDT:USDT,3805.51,66.92,3805.5,1.685,3805.52,116.613,3805.53,1.403
1753769384571,06:09:44.571,binance,ETH/USDT:USDT,3805.51,68.493,3805.5,1.685,3805.52,129.525,3805.53,1.403
1753769384674,06:09:44.674,binance,ETH/USDT:USDT,3805.51,68.505,3805.5,1.685,3805.52,129.509,3805.53,1.403
1753769384777,06:09:44.777,binance,ETH/USDT:USDT,3805.51,68.231,3805.5,1.685,3805.52,123.676,3805.53,1.403
1753769384880,06:09:44.880,binance,ETH/USDT:USDT,3805.51,68.231,3805.5,1.685,3805.52,130.575,3805.53,1.403
1753769384997,06:09:44.997,binance,ETH/USDT:USDT,3805.51,70.027,3805.5,1.685,3805.52,130.494,3805.53,1.403
1753769385102,06:09:45.102,binance,ETH/USDT:USDT,3805.51,70.027,3805.5,1.685,3805.52,131.108,3805.53,1.403
1753769385203,06:09:45.203,binance,ETH/USDT:USDT,3805.51,70.327,3805.5,1.685,3805.52,132.375,3805.53,1.403
1753769385311,06:09:45.311,binance,ETH/USDT:USDT,3805.51,70.135,3805.5,1.685,3805.52,155.946,3805.53,1.403
1753769385413,06:09:45.413,binance,ETH/USDT:USDT,3805.51,70.135,3805.5,1.685,3805.52,154.856,3805.53,1.403
1753769385515,06:09:45.515,binance,ETH/USDT:USDT,3805.51,70.141,3805.5,1.685,3805.52,157.151,3805.53,1.403
1753769385617,06:09:45.617,binance,ETH/USDT:USDT,3805.51,67.63,3805.5,1.685,3805.52,157.145,3805.53,1.403
1753769385719,06:09:45.719,binance,ETH/USDT:USDT,3805.51,67.63,3805.5,1.685,3805.52,157.104,3805.53,1.403
1753769385820,06:09:45.820,binance,ETH/USDT:USDT,3805.51,57.625,3805.5,1.685,3805.52,157.194,3805.53,1.403
1753769385922,06:09:45.922,binance,ETH/USDT:USDT,3805.51,58.899,3805.5,1.685,3805.52,157.418,3805.53,1.403
1753769386025,06:09:46.025,binance,ETH/USDT:USDT,3805.51,56.466,3805.5,1.685,3805.52,157.418,3805.53,1.403
1753769386128,06:09:46.128,binance,ETH/USDT:USDT,3805.51,24.586,3805.5,1.674,3805.52,170.707,3805.53,2.717
1753769386231,06:09:46.231,binance,ETH/USDT:USDT,3805.51,10.361,3805.5,1.674,3805.52,177.885,3805.53,2.717
1753769386334,06:09:46.334,binance,ETH/USDT:USDT,3805.51,3.316,3805.5,1.674,3805.52,174.267,3805.53,2.717
1753769386435,06:09:46.435,binance,ETH/USDT:USDT,3805.5,1.649,3805.48,0.012,3805.51,155.041,3805.52,108.91
1753769386536,06:09:46.536,binance,ETH/USDT:USDT,3805.5,1.96,3805.48,0.027,3805.51,152.328,3805.52,108.575
1753769386637,06:09:46.637,binance,ETH/USDT:USDT,3805.5,1.96,3805.48,0.027,3805.51,178.941,3805.52,88.691
1753769386739,06:09:46.739,binance,ETH/USDT:USDT,3805.5,1.954,3805.48,0.027,3805.51,190.877,3805.52,80.776
1753769386840,06:09:46.840,binance,ETH/USDT:USDT,3805.5,1.57,3805.48,0.027,3805.51,203.233,3805.52,68.441
1753769386941,06:09:46.941,binance,ETH/USDT:USDT,3805.5,23.191,3805.48,0.027,3805.51,194.457,3805.52,61.076
1753769387042,06:09:47.042,binance,ETH/USDT:USDT,3805.5,21.815,3805.48,0.027,3805.51,192.327,3805.52,61.076
1753769387143,06:09:47.143,binance,ETH/USDT:USDT,3805.29,72.219,3805.26,4.697,3805.3,44.136,3805.32,0.038
1753769387244,06:09:47.244,binance,ETH/USDT:USDT,3805.29,95.958,3805.26,1.32,3805.3,53.937,3805.32,0.038
1753769387350,06:09:47.350,binance,ETH/USDT:USDT,3805.29,95.503,3805.26,1.32,3805.3,66.351,3805.32,0.038
1753769387452,06:09:47.452,binance,ETH/USDT:USDT,3805.29,10.833,3805.26,0.006,3805.3,173.2,3805.32,1.337
1753769387654,06:09:47.654,binance,ETH/USDT:USDT,3805.29,33.404,3805.28,5.67,3805.3,141.056,3805.32,0.865
1753769387755,06:09:47.755,binance,ETH/USDT:USDT,3805.29,42.944,3805.28,5.67,3805.3,141.056,3805.32,0.865
1753769387857,06:09:47.857,binance,ETH/USDT:USDT,3805.29,69.457,3805.28,5.67,3805.3,131.713,3805.32,0.622
1753769387959,06:09:47.959,binance,ETH/USDT:USDT,3805.29,76.775,3805.28,5.67,3805.3,102.283,3805.32,0.044
1753769388060,06:09:48.060,binance,ETH/USDT:USDT,3805.73,9.113,3805.72,216.19,3805.74,0.006,3805.75,16.234
1753769388161,06:09:48.161,binance,ETH/USDT:USDT,3805.74,197.723,3805.73,1.525,3805.75,11.313,3805.77,0.006
1753769388467,06:09:48.467,binance,ETH/USDT:USDT,3805.74,206.592,3805.73,1.525,3805.75,10.05,3805.77,0.006
1753769388568,06:09:48.568,binance,ETH/USDT:USDT,3805.74,206.592,3805.73,1.531,3805.75,10.05,3805.77,0.006
1753769388670,06:09:48.670,binance,ETH/USDT:USDT,3805.74,138.972,3805.73,1.531,3805.75,10.05,3805.77,0.006
1753769388772,06:09:48.772,binance,ETH/USDT:USDT,3805.74,138.972,3805.73,1.531,3805.75,19.878,3805.76,0.016
1753769388874,06:09:48.874,binance,ETH/USDT:USDT,3805.74,138.972,3805.73,1.531,3805.75,19.878,3805.76,0.016
1753769388975,06:09:48.975,binance,ETH/USDT:USDT,3805.74,118.586,3805.73,1.531,3805.75,37.356,3805.76,0.016
1753769389076,06:09:49.076,binance,ETH/USDT:USDT,3805.74,75.32,3805.73,0.05,3805.75,41.499,3805.76,0.016
1753769389178,06:09:49.178,binance,ETH/USDT:USDT,3805.74,74.345,3805.73,0.05,3805.75,40.864,3805.76,0.016
1753769389281,06:09:49.281,binance,ETH/USDT:USDT,3805.74,80.093,3805.73,0.05,3805.75,41.006,3805.76,0.034
1753769389383,06:09:49.383,binance,ETH/USDT:USDT,3805.74,81.143,3805.73,0.05,3805.75,26.774,3805.76,0.034
1753769389486,06:09:49.486,binance,ETH/USDT:USDT,3805.74,81.143,3805.73,0.05,3805.75,20.151,3805.76,0.05
1753769389590,06:09:49.590,binance,ETH/USDT:USDT,3805.74,81.149,3805.73,0.05,3805.75,21.166,3805.76,0.05
1753769389691,06:09:49.691,binance,ETH/USDT:USDT,3805.74,80.957,3805.73,0.05,3805.75,21.244,3805.76,0.05
1753769389794,06:09:49.794,binance,ETH/USDT:USDT,3805.74,78.978,3805.73,0.05,3805.75,12.721,3805.76,0.05
1753769389895,06:09:49.895,binance,ETH/USDT:USDT,3805.96,114.555,3805.95,8.419,3805.97,0.006,3805.98,0.006
1753769389996,06:09:49.996,binance,ETH/USDT:USDT,3806.12,136.916,3806.11,0.032,3806.13,9.448,3806.15,0.006
1753769390097,06:09:50.097,binance,ETH/USDT:USDT,3806.12,119.56,3806.11,0.032,3806.13,16.095,3806.14,0.036
1753769390200,06:09:50.200,binance,ETH/USDT:USDT,3806.12,89.403,3806.11,0.032,3806.13,31.585,3806.14,0.036
1753769390301,06:09:50.301,binance,ETH/USDT:USDT,3806.12,88.365,3806.11,0.032,3806.13,32.15,3806.14,0.036
1753769390403,06:09:50.403,binance,ETH/USDT:USDT,3806.12,87.961,3806.11,0.032,3806.13,32.49,3806.14,0.036
1753769390506,06:09:50.506,binance,ETH/USDT:USDT,3806.12,87.95,3806.11,0.032,3806.13,32.49,3806.14,0.036
1753769390608,06:09:50.608,binance,ETH/USDT:USDT,3806.12,87.95,3806.11,0.032,3806.13,32.49,3806.14,0.036
1753769390711,06:09:50.711,binance,ETH/USDT:USDT,3806.12,87.95,3806.11,0.032,3806.13,31.531,3806.14,0.036
1753769390812,06:09:50.812,binance,ETH/USDT:USDT,3806.12,87.937,3806.11,0.032,3806.13,35.391,3806.14,0.036
1753769390915,06:09:50.915,binance,ETH/USDT:USDT,3806.12,82.199,3806.11,0.032,3806.13,32.233,3806.14,0.036
1753769391017,06:09:51.017,binance,ETH/USDT:USDT,3806.12,82.21,3806.11,0.032,3806.13,32.239,3806.14,0.036
1753769391118,06:09:51.118,binance,ETH/USDT:USDT,3806.12,82.21,3806.11,0.032,3806.13,32.239,3806.14,0.036
1753769391219,06:09:51.219,binance,ETH/USDT:USDT,3806.12,82.21,3806.11,0.032,3806.13,32.306,3806.14,0.036
1753769391320,06:09:51.320,binance,ETH/USDT:USDT,3806.12,68.055,3806.11,0.032,3806.13,44.151,3806.14,0.036
1753769391422,06:09:51.422,binance,ETH/USDT:USDT,3806.12,17.484,3806.11,0.032,3806.13,57.238,3806.14,0.036
1753769391523,06:09:51.523,binance,ETH/USDT:USDT,3806.12,9.607,3806.11,0.032,3806.13,63.484,3806.14,0.036
1753769391624,06:09:51.624,binance,ETH/USDT:USDT,3806.12,9.607,3806.11,0.032,3806.13,63.881,3806.14,0.036
1753769391726,06:09:51.726,binance,ETH/USDT:USDT,3806.12,9.607,3806.11,0.032,3806.13,67.626,3806.14,0.036
1753769391829,06:09:51.829,binance,ETH/USDT:USDT,3806.12,9.607,3806.11,0.032,3806.13,63.826,3806.14,0.036
1753769391930,06:09:51.930,binance,ETH/USDT:USDT,3806.12,9.579,3806.11,0.032,3806.13,66.8,3806.14,0.036
1753769392031,06:09:52.031,binance,ETH/USDT:USDT,3806.12,9.579,3806.11,0.032,3806.13,63.826,3806.14,0.036
1753769392133,06:09:52.133,binance,ETH/USDT:USDT,3805.89,27.239,3805.88,3.721,3805.9,126.952,3805.91,10.734
1753769392235,06:09:52.235,binance,ETH/USDT:USDT,3805.88,30.96,3805.87,0.032,3805.89,135.232,3805.9,24.154
1753769392337,06:09:52.337,binance,ETH/USDT:USDT,3805.88,17.155,3805.87,0.032,3805.89,122.617,3805.9,24.232
1753769392439,06:09:52.439,binance,ETH/USDT:USDT,3805.88,17.176,3805.87,0.032,3805.89,123.835,3805.9,24.232
1753769392542,06:09:52.542,binance,ETH/USDT:USDT,3805.88,17.701,3805.87,0.032,3805.89,124.479,3805.9,24.232
1753769392645,06:09:52.645,binance,ETH/USDT:USDT,3805.88,13.98,3805.87,0.032,3805.89,124.623,3805.9,24.088
1753769392746,06:09:52.746,binance,ETH/USDT:USDT,3805.88,0.925,3805.87,0.032,3805.89,124.623,3805.9,24.088
1753769392860,06:09:52.860,binance,ETH/USDT:USDT,3805.88,0.121,3805.87,0.032,3805.89,164.251,3805.9,24.088
1753769393064,06:09:53.064,binance,ETH/USDT:USDT,3805.56,14.654,3805.55,0.032,3805.57,127.219,3805.58,0.021
1753769393168,06:09:53.168,binance,ETH/USDT:USDT,3805.56,0.341,3805.55,0.032,3805.57,127.362,3805.58,0.021
1753769393269,06:09:53.269,binance,ETH/USDT:USDT,3805.35,35.646,3805.33,0.012,3805.36,95.401,3805.38,0.03
1753769393371,06:09:53.371,binance,ETH/USDT:USDT,3805.35,37.788,3805.33,0.012,3805.36,98.838,3805.38,0.517
1753769393474,06:09:53.474,binance,ETH/USDT:USDT,3805.35,15.378,3805.33,0.012,3805.36,108.426,3805.38,0.517
1753769393575,06:09:53.575,binance,ETH/USDT:USDT,3805.35,13.521,3805.33,0.012,3805.36,108.453,3805.38,0.517
1753769393677,06:09:53.677,binance,ETH/USDT:USDT,3805.35,26.188,3805.33,0.012,3805.36,108.389,3805.38,0.517
1753769393779,06:09:53.779,binance,ETH/USDT:USDT,3805.35,26.188,3805.33,0.012,3805.36,95.659,3805.38,0.517
1753769393881,06:09:53.881,binance,ETH/USDT:USDT,3805.35,26.152,3805.33,0.012,3805.36,96.417,3805.38,0.517
1753769393984,06:09:53.984,binance,ETH/USDT:USDT,3805.35,26.623,3805.33,0.006,3805.36,92.879,3805.38,0.517
1753769394089,06:09:54.089,binance,ETH/USDT:USDT,3805.35,26.593,3805.33,0.006,3805.36,93.404,3805.38,0.517
1753769394190,06:09:54.190,binance,ETH/USDT:USDT,3805.35,34.477,3805.33,0.006,3805.36,91.959,3805.38,0.517
1753769394293,06:09:54.293,binance,ETH/USDT:USDT,3805.35,35.884,3805.33,0.006,3805.36,91.782,3805.38,0.517
1753769394395,06:09:54.395,binance,ETH/USDT:USDT,3805.35,63.213,3805.33,0.006,3805.36,38.967,3805.38,0.517
1753769394498,06:09:54.498,binance,ETH/USDT:USDT,3805.35,67.803,3805.33,0.006,3805.36,33.898,3805.38,0.03
1753769394600,06:09:54.600,binance,ETH/USDT:USDT,3805.69,199.893,3805.68,0.006,3805.7,9.601,3805.71,0.032
1753769394701,06:09:54.701,binance,ETH/USDT:USDT,3805.69,169.675,3805.68,0.006,3805.7,8.638,3805.71,0.032
1753769394802,06:09:54.802,binance,ETH/USDT:USDT,3805.69,169.451,3805.68,0.006,3805.7,16.631,3805.71,0.032
1753769394903,06:09:54.903,binance,ETH/USDT:USDT,3805.69,166.528,3805.68,0.006,3805.7,16.631,3805.71,0.032
1753769395004,06:09:55.004,binance,ETH/USDT:USDT,3805.69,167.513,3805.68,0.006,3805.7,16.689,3805.71,0.032
1753769395209,06:09:55.209,binance,ETH/USDT:USDT,3805.69,167.502,3805.68,0.006,3805.7,16.751,3805.71,0.032
1753769395312,06:09:55.312,binance,ETH/USDT:USDT,3805.69,166.352,3805.68,0.006,3805.7,16.774,3805.71,0.032
1753769395414,06:09:55.414,binance,ETH/USDT:USDT,3805.69,161.32,3805.68,0.006,3805.7,18.014,3805.71,0.032
1753769395516,06:09:55.516,binance,ETH/USDT:USDT,3805.69,161.987,3805.68,0.006,3805.7,18.02,3805.71,0.032
1753769395619,06:09:55.619,binance,ETH/USDT:USDT,3805.69,161.979,3805.68,0.006,3805.7,17.02,3805.71,0.032
1753769395822,06:09:55.822,binance,ETH/USDT:USDT,3805.69,160.889,3805.68,0.006,3805.7,16.02,3805.71,0.032
1753769395923,06:09:55.923,binance,ETH/USDT:USDT,3805.69,160.916,3805.68,0.006,3805.7,16.02,3805.71,0.032
1753769396026,06:09:56.026,binance,ETH/USDT:USDT,3805.69,160.521,3805.68,0.006,3805.7,16.02,3805.71,0.032
1753769396129,06:09:56.129,binance,ETH/USDT:USDT,3805.69,160.639,3805.68,0.006,3805.7,15.874,3805.71,0.032
1753769396232,06:09:56.232,binance,ETH/USDT:USDT,3805.69,160.649,3805.68,0.006,3805.7,15.875,3805.71,0.032
