timestamp,time,exchange,symbol,bid1_price,bid1_volume,bid2_price,bid2_volume,ask1_price,ask1_volume,ask2_price,ask2_volume
1753769305730,06:08:25.730,bitmex,XRP/USDT:USDT,3.1394,7700.0,3.1393,22300.0,3.1401,27700.0,3.1405,396200.0
1753769305890,06:08:25.890,bitmex,XRP/USDT:USDT,3.1395,22300.0,3.1393,14600.0,3.1401,27700.0,3.1407,3502800.0
1753769305939,06:08:25.939,bitmex,XRP/USDT:USDT,3.14,7700.0,3.1396,14600.0,3.1401,27700.0,3.1407,3502800.0
1753769305988,06:08:25.988,bitmex,XRP/USDT:USDT,3.14,7700.0,3.1395,14600.0,3.1401,27700.0,3.1407,3502800.0
1753769306037,06:08:26.037,bitmex,XRP/USDT:USDT,3.14,7700.0,3.1395,14600.0,3.1401,136400.0,3.1408,3879500.0
1753769306086,06:08:26.086,bitmex,XRP/USDT:USDT,3.14,7700.0,3.1395,14600.0,3.1401,136400.0,3.1407,14600.0
1753769306135,06:08:26.135,bitmex,XRP/USDT:USDT,3.14,7700.0,3.1395,14600.0,3.1401,108700.0,3.1407,14600.0
1753769306237,06:08:26.237,bitmex,XRP/USDT:USDT,3.14,7700.0,3.1395,14600.0,3.1401,108700.0,3.1406,20000.0
1753769306421,06:08:26.421,bitmex,XRP/USDT:USDT,3.14,7700.0,3.1394,37600.0,3.1401,108700.0,3.1406,20000.0
1753769306486,06:08:26.486,bitmex,XRP/USDT:USDT,3.14,7700.0,3.1394,37600.0,3.1401,108700.0,3.1406,20000.0
1753769306554,06:08:26.554,bitmex,XRP/USDT:USDT,3.14,7700.0,3.1394,37600.0,3.1401,108700.0,3.1406,20000.0
1753769306708,06:08:26.708,bitmex,XRP/USDT:USDT,3.14,7700.0,3.1394,37600.0,3.1401,108700.0,3.1406,20000.0
1753769306757,06:08:26.757,bitmex,XRP/USDT:USDT,3.14,7700.0,3.1394,37600.0,3.1401,108700.0,3.1406,20000.0
1753769306806,06:08:26.806,bitmex,XRP/USDT:USDT,3.14,7700.0,3.1394,37600.0,3.1401,108700.0,3.1406,20000.0
1753769306855,06:08:26.855,bitmex,XRP/USDT:USDT,3.14,7700.0,3.1394,37600.0,3.1401,108700.0,3.1406,20000.0
1753769306904,06:08:26.904,bitmex,XRP/USDT:USDT,3.14,7700.0,3.1395,11300.0,3.1401,108700.0,3.1406,20000.0
1753769307023,06:08:27.023,bitmex,XRP/USDT:USDT,3.14,7700.0,3.1395,11300.0,3.1401,108700.0,3.1406,20000.0
1753769307072,06:08:27.072,bitmex,XRP/USDT:USDT,3.14,7700.0,3.1395,11300.0,3.1401,108700.0,3.1406,20000.0
1753769307744,06:08:27.744,bitmex,XRP/USDT:USDT,3.1394,7700.0,3.1393,14600.0,3.1401,108700.0,3.1406,20000.0
1753769307793,06:08:27.793,bitmex,XRP/USDT:USDT,3.14,7700.0,3.1395,11300.0,3.1401,108700.0,3.1406,20000.0
1753769307842,06:08:27.842,bitmex,XRP/USDT:USDT,3.14,7700.0,3.1395,11300.0,3.1401,108700.0,3.1406,20000.0
1753769307891,06:08:27.891,bitmex,XRP/USDT:USDT,3.14,7700.0,3.1395,11300.0,3.1401,108700.0,3.1406,20000.0
1753769307940,06:08:27.940,bitmex,XRP/USDT:USDT,3.14,7700.0,3.1395,11300.0,3.1401,108700.0,3.1406,20000.0
1753769308011,06:08:28.011,bitmex,XRP/USDT:USDT,3.14,7700.0,3.1395,11300.0,3.1401,108700.0,3.1406,20000.0
1753769308061,06:08:28.061,bitmex,XRP/USDT:USDT,3.1402,7700.0,3.1395,11300.0,3.1404,108700.0,3.1406,20000.0
1753769308110,06:08:28.110,bitmex,XRP/USDT:USDT,3.1402,7700.0,3.1396,37600.0,3.1404,108700.0,3.1406,20000.0
1753769308159,06:08:28.159,bitmex,XRP/USDT:USDT,3.1402,7700.0,3.1396,37600.0,3.1404,108700.0,3.1406,20000.0
1753769308208,06:08:28.208,bitmex,XRP/USDT:USDT,3.1402,7700.0,3.1396,37600.0,3.1404,108700.0,3.1408,119600.0
1753769308279,06:08:28.279,bitmex,XRP/USDT:USDT,3.1402,7700.0,3.1396,37600.0,3.1404,108700.0,3.1408,119600.0
1753769308328,06:08:28.328,bitmex,XRP/USDT:USDT,3.1402,7700.0,3.1397,11300.0,3.1404,108700.0,3.1408,119600.0
1753769308377,06:08:28.377,bitmex,XRP/USDT:USDT,3.1402,7700.0,3.1397,11300.0,3.1404,108700.0,3.1408,119600.0
1753769308500,06:08:28.500,bitmex,XRP/USDT:USDT,3.1396,16100.0,3.1393,14600.0,3.1404,108700.0,3.1408,134200.0
1753769308599,06:08:28.599,bitmex,XRP/USDT:USDT,3.1396,16100.0,3.1393,14600.0,3.1404,108700.0,3.1407,487500.0
1753769308832,06:08:28.832,bitmex,XRP/USDT:USDT,3.1397,7700.0,3.1396,16100.0,3.1404,108700.0,3.1407,487500.0
1753769308980,06:08:28.980,bitmex,XRP/USDT:USDT,3.1401,7700.0,3.14,7700.0,3.1403,32600.0,3.1404,108700.0
1753769309029,06:08:29.029,bitmex,XRP/USDT:USDT,3.1395,22300.0,3.139,1078500.0,3.1403,32600.0,3.1404,108700.0
1753769309380,06:08:29.380,bitmex,XRP/USDT:USDT,3.1403,7700.0,3.1398,15800.0,3.1404,108700.0,3.1408,208900.0
1753769309773,06:08:29.773,bitmex,XRP/USDT:USDT,3.1403,7700.0,3.1398,15800.0,3.1404,108700.0,3.1408,208900.0
1753769310512,06:08:30.512,bitmex,XRP/USDT:USDT,3.1401,7700.0,3.1396,26300.0,3.1405,32600.0,3.1406,108600.0
1753769311283,06:08:31.283,bitmex,XRP/USDT:USDT,3.1396,15000.0,3.1391,780600.0,3.1405,32600.0,3.1406,108600.0
1753769311438,06:08:31.438,bitmex,XRP/USDT:USDT,3.1396,15000.0,3.1391,780600.0,3.1405,32600.0,3.1406,108600.0
1753769311488,06:08:31.488,bitmex,XRP/USDT:USDT,3.1396,15000.0,3.1391,780600.0,3.1405,32600.0,3.1406,108600.0
1753769311887,06:08:31.887,bitmex,XRP/USDT:USDT,3.1396,15000.0,3.1391,780600.0,3.1405,32600.0,3.1406,108600.0
1753769311937,06:08:31.937,bitmex,XRP/USDT:USDT,3.1396,15000.0,3.1391,780600.0,3.1405,32600.0,3.1406,108600.0
1753769312655,06:08:32.655,bitmex,XRP/USDT:USDT,3.1396,15000.0,3.1391,780600.0,3.1405,32600.0,3.1406,108600.0
1753769312705,06:08:32.705,bitmex,XRP/USDT:USDT,3.1396,15000.0,3.1391,780600.0,3.1405,32600.0,3.1406,108600.0
1753769314031,06:08:34.031,bitmex,XRP/USDT:USDT,3.1396,15000.0,3.1391,780600.0,3.1405,32600.0,3.1406,108600.0
1753769314080,06:08:34.080,bitmex,XRP/USDT:USDT,3.1396,15000.0,3.1391,780600.0,3.1405,32600.0,3.1406,108600.0
1753769314302,06:08:34.302,bitmex,XRP/USDT:USDT,3.1396,15000.0,3.1391,780600.0,3.1405,32600.0,3.1406,108600.0
1753769314352,06:08:34.352,bitmex,XRP/USDT:USDT,3.1396,15000.0,3.1391,780600.0,3.1405,32600.0,3.1406,108600.0
1753769314654,06:08:34.654,bitmex,XRP/USDT:USDT,3.1396,15000.0,3.1391,780600.0,3.1405,32600.0,3.1406,108600.0
1753769314831,06:08:34.831,bitmex,XRP/USDT:USDT,3.1396,15000.0,3.1391,780600.0,3.1405,32600.0,3.1406,108600.0
1753769314881,06:08:34.881,bitmex,XRP/USDT:USDT,3.1396,15000.0,3.1391,780600.0,3.1405,32600.0,3.1406,108600.0
1753769315100,06:08:35.100,bitmex,XRP/USDT:USDT,3.1396,15000.0,3.1391,780600.0,3.1405,32600.0,3.1406,108600.0
1753769315150,06:08:35.150,bitmex,XRP/USDT:USDT,3.1398,7700.0,3.1397,22700.0,3.1406,108600.0,3.1408,111900.0
1753769315199,06:08:35.199,bitmex,XRP/USDT:USDT,3.1403,7700.0,3.1397,52600.0,3.1406,108600.0,3.1408,111900.0
1753769315248,06:08:35.248,bitmex,XRP/USDT:USDT,3.1403,7700.0,3.1398,15800.0,3.1406,108600.0,3.1408,111900.0
1753769315297,06:08:35.297,bitmex,XRP/USDT:USDT,3.1403,7700.0,3.1398,15800.0,3.1406,108600.0,3.1408,111900.0
1753769315346,06:08:35.346,bitmex,XRP/USDT:USDT,3.1403,7700.0,3.1398,15800.0,3.1406,108600.0,3.1408,109600.0
1753769315539,06:08:35.539,bitmex,XRP/USDT:USDT,3.1403,7700.0,3.1398,15800.0,3.1406,108600.0,3.1408,109600.0
1753769315588,06:08:35.588,bitmex,XRP/USDT:USDT,3.1405,7700.0,3.1403,7700.0,3.1406,108600.0,3.1408,109600.0
1753769315637,06:08:35.637,bitmex,XRP/USDT:USDT,3.1405,7700.0,3.1398,15800.0,3.1406,108600.0,3.141,217400.0
1753769315686,06:08:35.686,bitmex,XRP/USDT:USDT,3.1405,7700.0,3.14,11300.0,3.1406,108600.0,3.141,217400.0
1753769315735,06:08:35.735,bitmex,XRP/USDT:USDT,3.1406,7700.0,3.14,11300.0,3.141,217400.0,3.1411,370000.0
1753769315784,06:08:35.784,bitmex,XRP/USDT:USDT,3.1406,7700.0,3.1401,11300.0,3.1409,108500.0,3.141,217400.0
1753769315833,06:08:35.833,bitmex,XRP/USDT:USDT,3.1406,7700.0,3.1401,11300.0,3.1408,32600.0,3.1409,108500.0
1753769315882,06:08:35.882,bitmex,XRP/USDT:USDT,3.1406,7700.0,3.1401,11300.0,3.1408,32600.0,3.1409,108500.0
1753769315931,06:08:35.931,bitmex,XRP/USDT:USDT,3.1406,7700.0,3.1401,11300.0,3.1408,32600.0,3.1409,108500.0
1753769315980,06:08:35.980,bitmex,XRP/USDT:USDT,3.1397,15000.0,3.1393,763600.0,3.1408,32600.0,3.1409,108500.0
1753769316029,06:08:36.029,bitmex,XRP/USDT:USDT,3.1397,15000.0,3.1394,3100.0,3.1408,32600.0,3.1409,108500.0
1753769316078,06:08:36.078,bitmex,XRP/USDT:USDT,3.1397,15000.0,3.1394,3100.0,3.1408,32600.0,3.1409,108500.0
1753769316127,06:08:36.127,bitmex,XRP/USDT:USDT,3.1397,15000.0,3.1394,3100.0,3.1408,32600.0,3.1409,108500.0
1753769316176,06:08:36.176,bitmex,XRP/USDT:USDT,3.1397,15000.0,3.1394,3100.0,3.1408,32600.0,3.1409,108500.0
1753769316225,06:08:36.225,bitmex,XRP/USDT:USDT,3.1397,15000.0,3.1394,3100.0,3.1408,32600.0,3.1409,108500.0
1753769316323,06:08:36.323,bitmex,XRP/USDT:USDT,3.1397,15000.0,3.1394,3100.0,3.1408,32600.0,3.1409,108500.0
1753769316372,06:08:36.372,bitmex,XRP/USDT:USDT,3.1397,15000.0,3.1394,3100.0,3.1408,32600.0,3.1409,108500.0
1753769316466,06:08:36.466,bitmex,XRP/USDT:USDT,3.1397,15000.0,3.1394,3100.0,3.1408,32600.0,3.1409,108500.0
1753769316515,06:08:36.515,bitmex,XRP/USDT:USDT,3.1397,15000.0,3.1394,3100.0,3.1408,32600.0,3.1409,108500.0
1753769316564,06:08:36.564,bitmex,XRP/USDT:USDT,3.1397,15000.0,3.1394,3100.0,3.1408,32600.0,3.1409,108500.0
1753769316702,06:08:36.702,bitmex,XRP/USDT:USDT,3.1397,15000.0,3.1394,3100.0,3.1408,32600.0,3.1409,108500.0
1753769316751,06:08:36.751,bitmex,XRP/USDT:USDT,3.1397,15000.0,3.1394,3100.0,3.1408,32600.0,3.1409,108500.0
1753769316920,06:08:36.920,bitmex,XRP/USDT:USDT,3.1397,15000.0,3.1394,3100.0,3.1408,32600.0,3.1409,108500.0
1753769317063,06:08:37.063,bitmex,XRP/USDT:USDT,3.1397,15000.0,3.1394,3100.0,3.1408,32600.0,3.1409,108500.0
1753769317146,06:08:37.146,bitmex,XRP/USDT:USDT,3.1397,15000.0,3.1394,3100.0,3.1408,32600.0,3.1409,108500.0
1753769317195,06:08:37.195,bitmex,XRP/USDT:USDT,3.1397,15000.0,3.1394,3100.0,3.1408,32600.0,3.1409,108500.0
1753769317244,06:08:37.244,bitmex,XRP/USDT:USDT,3.1397,15000.0,3.1394,3100.0,3.1408,32600.0,3.1409,108500.0
1753769317383,06:08:37.383,bitmex,XRP/USDT:USDT,3.1397,15000.0,3.1394,3100.0,3.1408,32600.0,3.1409,108500.0
1753769317433,06:08:37.433,bitmex,XRP/USDT:USDT,3.1397,15000.0,3.1394,3100.0,3.1408,32600.0,3.1409,108500.0
1753769317482,06:08:37.482,bitmex,XRP/USDT:USDT,3.1397,15000.0,3.1394,3100.0,3.1408,32600.0,3.1409,108500.0
1753769318006,06:08:38.006,bitmex,XRP/USDT:USDT,3.1397,15000.0,3.1394,3100.0,3.1408,32600.0,3.1409,108500.0
1753769318056,06:08:38.056,bitmex,XRP/USDT:USDT,3.1397,15000.0,3.1394,3100.0,3.1408,32600.0,3.1409,108500.0
1753769318177,06:08:38.177,bitmex,XRP/USDT:USDT,3.1397,15000.0,3.1394,3100.0,3.1408,32600.0,3.1409,108500.0
1753769318227,06:08:38.227,bitmex,XRP/USDT:USDT,3.1397,15000.0,3.1394,3100.0,3.1408,32600.0,3.1409,108500.0
1753769318298,06:08:38.298,bitmex,XRP/USDT:USDT,3.1397,15000.0,3.1394,3100.0,3.1408,32600.0,3.1409,108500.0
1753769318347,06:08:38.347,bitmex,XRP/USDT:USDT,3.1405,7700.0,3.1404,7700.0,3.1408,32600.0,3.1409,108500.0
1753769318396,06:08:38.396,bitmex,XRP/USDT:USDT,3.1406,7700.0,3.1401,15000.0,3.1408,32600.0,3.1409,108500.0
1753769318445,06:08:38.445,bitmex,XRP/USDT:USDT,3.1406,7700.0,3.1401,15000.0,3.1408,32600.0,3.1409,108500.0
1753769318523,06:08:38.523,bitmex,XRP/USDT:USDT,3.1406,7700.0,3.1401,15000.0,3.1408,32600.0,3.1409,108500.0
1753769318573,06:08:38.573,bitmex,XRP/USDT:USDT,3.1406,7700.0,3.1401,15000.0,3.1408,32600.0,3.1409,108500.0
1753769318622,06:08:38.622,bitmex,XRP/USDT:USDT,3.1406,7700.0,3.1401,15000.0,3.1408,32600.0,3.1409,108500.0
1753769318819,06:08:38.819,bitmex,XRP/USDT:USDT,3.1406,7700.0,3.1401,15000.0,3.1408,32600.0,3.1409,108500.0
1753769319007,06:08:39.007,bitmex,XRP/USDT:USDT,3.1406,7700.0,3.1401,15000.0,3.1408,32600.0,3.1409,108500.0
1753769319056,06:08:39.056,bitmex,XRP/USDT:USDT,3.1406,7700.0,3.1401,15000.0,3.1408,32600.0,3.1409,108500.0
1753769319174,06:08:39.174,bitmex,XRP/USDT:USDT,3.1406,7700.0,3.1401,15000.0,3.1408,32600.0,3.1409,108500.0
1753769319320,06:08:39.320,bitmex,XRP/USDT:USDT,3.1406,7700.0,3.1402,12000.0,3.1409,108500.0,3.1412,209100.0
1753769319431,06:08:39.431,bitmex,XRP/USDT:USDT,3.1402,12000.0,3.1401,15000.0,3.1409,108500.0,3.1412,209100.0
1753769319480,06:08:39.480,bitmex,XRP/USDT:USDT,3.1398,15000.0,3.1397,32600.0,3.1409,108500.0,3.1412,209100.0
1753769319616,06:08:39.616,bitmex,XRP/USDT:USDT,3.1398,15000.0,3.1397,32600.0,3.1409,108500.0,3.1412,209100.0
1753769319666,06:08:39.666,bitmex,XRP/USDT:USDT,3.1398,15000.0,3.1397,32600.0,3.1409,108500.0,3.1412,209100.0
1753769320050,06:08:40.050,bitmex,XRP/USDT:USDT,3.1398,15000.0,3.1397,32600.0,3.1409,108500.0,3.1412,209100.0
1753769320099,06:08:40.099,bitmex,XRP/USDT:USDT,3.1398,15000.0,3.1397,32600.0,3.1409,108500.0,3.1412,209100.0
1753769320169,06:08:40.169,bitmex,XRP/USDT:USDT,3.1408,7700.0,3.1398,15000.0,3.1409,108500.0,3.1412,209100.0
1753769320219,06:08:40.219,bitmex,XRP/USDT:USDT,3.1408,7700.0,3.1403,11300.0,3.1409,108500.0,3.1412,209100.0
1753769320396,06:08:40.396,bitmex,XRP/USDT:USDT,3.1408,7700.0,3.1403,11300.0,3.1409,108500.0,3.1412,117200.0
1753769320445,06:08:40.445,bitmex,XRP/USDT:USDT,3.1411,7700.0,3.1403,11300.0,3.1414,484800.0,3.1415,372900.0
1753769320494,06:08:40.494,bitmex,XRP/USDT:USDT,3.1411,7700.0,3.1406,11300.0,3.1414,114800.0,3.1416,482700.0
1753769320543,06:08:40.543,bitmex,XRP/USDT:USDT,3.1412,7700.0,3.1406,11300.0,3.1415,108400.0,3.1416,209700.0
1753769320592,06:08:40.592,bitmex,XRP/USDT:USDT,3.1412,7700.0,3.1406,48900.0,3.1414,32500.0,3.1415,108400.0
1753769320641,06:08:40.641,bitmex,XRP/USDT:USDT,3.1412,7700.0,3.1406,48900.0,3.1414,32500.0,3.1415,108400.0
1753769320690,06:08:40.690,bitmex,XRP/USDT:USDT,3.1412,7700.0,3.1407,11300.0,3.1414,32500.0,3.1415,108400.0
1753769320739,06:08:40.739,bitmex,XRP/USDT:USDT,3.1412,7700.0,3.1407,11300.0,3.1414,32500.0,3.1415,108400.0
1753769320788,06:08:40.788,bitmex,XRP/USDT:USDT,3.1412,7700.0,3.1406,37600.0,3.1414,32500.0,3.1415,108400.0
1753769320846,06:08:40.846,bitmex,XRP/USDT:USDT,3.1412,7700.0,3.1406,37600.0,3.1414,32500.0,3.1415,108400.0
1753769320896,06:08:40.896,bitmex,XRP/USDT:USDT,3.1412,7700.0,3.1407,11300.0,3.1414,32500.0,3.1415,108400.0
1753769320945,06:08:40.945,bitmex,XRP/USDT:USDT,3.1405,15300.0,3.1401,613000.0,3.1414,32500.0,3.1415,108400.0
1753769320994,06:08:40.994,bitmex,XRP/USDT:USDT,3.1405,15300.0,3.1401,613000.0,3.1414,32500.0,3.1415,108400.0
1753769321055,06:08:41.055,bitmex,XRP/USDT:USDT,3.1405,15300.0,3.1401,613000.0,3.1414,32500.0,3.1415,108400.0
1753769321104,06:08:41.104,bitmex,XRP/USDT:USDT,3.1405,15300.0,3.1401,613000.0,3.1414,32500.0,3.1415,108400.0
1753769321153,06:08:41.153,bitmex,XRP/USDT:USDT,3.1405,15300.0,3.1401,613000.0,3.1414,32500.0,3.1415,108400.0
1753769321202,06:08:41.202,bitmex,XRP/USDT:USDT,3.1405,15300.0,3.1401,613000.0,3.1414,32500.0,3.1415,108400.0
1753769321263,06:08:41.263,bitmex,XRP/USDT:USDT,3.1405,15300.0,3.1401,613000.0,3.1414,32500.0,3.1415,108400.0
1753769321410,06:08:41.410,bitmex,XRP/USDT:USDT,3.1405,15300.0,3.1401,613000.0,3.1414,32500.0,3.1415,108400.0
1753769321459,06:08:41.459,bitmex,XRP/USDT:USDT,3.1412,7700.0,3.1408,15300.0,3.1414,14500.0,3.1415,108400.0
1753769321508,06:08:41.508,bitmex,XRP/USDT:USDT,3.1412,7700.0,3.1408,15300.0,3.1414,14500.0,3.1415,108400.0
1753769321719,06:08:41.719,bitmex,XRP/USDT:USDT,3.1412,7700.0,3.1408,15300.0,3.1414,14500.0,3.1415,108400.0
1753769321785,06:08:41.785,bitmex,XRP/USDT:USDT,3.1412,7700.0,3.1408,15300.0,3.1414,14500.0,3.1415,108400.0
1753769321835,06:08:41.835,bitmex,XRP/USDT:USDT,3.1412,7700.0,3.1408,15300.0,3.1414,14500.0,3.1415,108400.0
1753769321907,06:08:41.907,bitmex,XRP/USDT:USDT,3.1412,7700.0,3.1408,15300.0,3.1414,14500.0,3.1415,108400.0
1753769321957,06:08:41.957,bitmex,XRP/USDT:USDT,3.1412,7700.0,3.1408,15300.0,3.1414,14500.0,3.1415,108400.0
1753769322125,06:08:42.125,bitmex,XRP/USDT:USDT,3.1412,7700.0,3.1407,11300.0,3.1414,14500.0,3.1415,108400.0
1753769322224,06:08:42.224,bitmex,XRP/USDT:USDT,3.1411,7700.0,3.1405,52800.0,3.1414,30700.0,3.1415,108400.0
1753769322273,06:08:42.273,bitmex,XRP/USDT:USDT,3.1404,47800.0,3.1403,108300.0,3.1414,30700.0,3.1415,108400.0
1753769322469,06:08:42.469,bitmex,XRP/USDT:USDT,3.1411,7700.0,3.1405,52800.0,3.1414,30700.0,3.1415,108400.0
1753769322720,06:08:42.720,bitmex,XRP/USDT:USDT,3.1411,7700.0,3.1405,52800.0,3.1414,30700.0,3.1415,108400.0
1753769322770,06:08:42.770,bitmex,XRP/USDT:USDT,3.1411,7700.0,3.1405,52800.0,3.1414,30700.0,3.1415,108400.0
1753769323470,06:08:43.470,bitmex,XRP/USDT:USDT,3.1405,52800.0,3.1404,32500.0,3.1414,30700.0,3.1415,108400.0
1753769323520,06:08:43.520,bitmex,XRP/USDT:USDT,3.1405,15300.0,3.1404,32500.0,3.1414,30700.0,3.1415,108400.0
1753769323595,06:08:43.595,bitmex,XRP/USDT:USDT,3.1405,15300.0,3.1404,32500.0,3.1414,30700.0,3.1415,108400.0
1753769323644,06:08:43.644,bitmex,XRP/USDT:USDT,3.1405,15300.0,3.1404,32500.0,3.1414,30700.0,3.1415,108400.0
1753769323791,06:08:43.791,bitmex,XRP/USDT:USDT,3.1406,7700.0,3.1405,7700.0,3.1414,242500.0,3.1415,478400.0
1753769323889,06:08:43.889,bitmex,XRP/USDT:USDT,3.1407,7700.0,3.1402,15300.0,3.1414,242500.0,3.1415,478400.0
1753769324085,06:08:44.085,bitmex,XRP/USDT:USDT,3.1407,7700.0,3.1402,15300.0,3.1414,242500.0,3.1415,478400.0
1753769324368,06:08:44.368,bitmex,XRP/USDT:USDT,3.1407,7700.0,3.1402,15300.0,3.1414,242500.0,3.1415,478400.0
1753769324430,06:08:44.430,bitmex,XRP/USDT:USDT,3.1407,7700.0,3.1402,15300.0,3.1414,242500.0,3.1415,478400.0
1753769324480,06:08:44.480,bitmex,XRP/USDT:USDT,3.1407,7700.0,3.1402,15300.0,3.1414,242500.0,3.1415,478400.0
1753769324541,06:08:44.541,bitmex,XRP/USDT:USDT,3.1407,7700.0,3.1402,15300.0,3.1414,242500.0,3.1415,478400.0
1753769324591,06:08:44.591,bitmex,XRP/USDT:USDT,3.1407,7700.0,3.1402,15300.0,3.1414,242500.0,3.1415,478400.0
1753769324826,06:08:44.826,bitmex,XRP/USDT:USDT,3.1407,7700.0,3.1402,15300.0,3.1414,242500.0,3.1415,478400.0
1753769325110,06:08:45.110,bitmex,XRP/USDT:USDT,3.1402,15300.0,3.1401,70000.0,3.1414,242500.0,3.1415,478400.0
1753769325159,06:08:45.159,bitmex,XRP/USDT:USDT,3.1403,7700.0,3.1402,15300.0,3.1414,242500.0,3.1415,478400.0
1753769325208,06:08:45.208,bitmex,XRP/USDT:USDT,3.1409,7700.0,3.1402,15300.0,3.1414,242500.0,3.1415,478400.0
1753769325257,06:08:45.257,bitmex,XRP/USDT:USDT,3.1409,7700.0,3.1403,37500.0,3.1414,242500.0,3.1415,478400.0
1753769325349,06:08:45.349,bitmex,XRP/USDT:USDT,3.1409,7700.0,3.1403,37500.0,3.1414,242500.0,3.1415,478400.0
1753769325399,06:08:45.399,bitmex,XRP/USDT:USDT,3.1409,7700.0,3.1403,37500.0,3.1414,242500.0,3.1415,478400.0
1753769326375,06:08:46.375,bitmex,XRP/USDT:USDT,3.1403,16100.0,3.1402,15300.0,3.1414,242500.0,3.1415,478400.0
1753769326424,06:08:46.424,bitmex,XRP/USDT:USDT,3.1403,31400.0,3.1401,32500.0,3.1414,242500.0,3.1415,478400.0
1753769326557,06:08:46.557,bitmex,XRP/USDT:USDT,3.1403,16100.0,3.1401,32500.0,3.1414,242500.0,3.1415,478400.0
1753769326606,06:08:46.606,bitmex,XRP/USDT:USDT,3.1409,7700.0,3.1404,15300.0,3.1414,242500.0,3.1415,478400.0
1753769326655,06:08:46.655,bitmex,XRP/USDT:USDT,3.1409,7700.0,3.1404,26600.0,3.1414,242500.0,3.1415,478400.0
1753769326866,06:08:46.866,bitmex,XRP/USDT:USDT,3.1409,7700.0,3.1404,26600.0,3.1414,242500.0,3.1415,478400.0
1753769326916,06:08:46.916,bitmex,XRP/USDT:USDT,3.1409,7700.0,3.1404,26600.0,3.1414,242500.0,3.1415,478400.0
1753769327298,06:08:47.298,bitmex,XRP/USDT:USDT,3.1409,7700.0,3.1404,26600.0,3.1414,242500.0,3.1415,478400.0
1753769327347,06:08:47.347,bitmex,XRP/USDT:USDT,3.1409,7700.0,3.1404,26600.0,3.1414,242500.0,3.1415,478400.0
1753769327762,06:08:47.762,bitmex,XRP/USDT:USDT,3.1404,26600.0,3.1403,37500.0,3.1414,242500.0,3.1415,478400.0
1753769327811,06:08:47.811,bitmex,XRP/USDT:USDT,3.1408,7700.0,3.1407,7700.0,3.1414,242500.0,3.1415,478400.0
1753769327860,06:08:47.860,bitmex,XRP/USDT:USDT,3.1409,7700.0,3.1402,15300.0,3.1414,242500.0,3.1415,478400.0
1753769327909,06:08:47.909,bitmex,XRP/USDT:USDT,3.1409,7700.0,3.1404,15800.0,3.1414,242500.0,3.1415,478400.0
1753769328129,06:08:48.129,bitmex,XRP/USDT:USDT,3.1409,7700.0,3.1404,15800.0,3.1414,242500.0,3.1415,478400.0
1753769329230,06:08:49.230,bitmex,XRP/USDT:USDT,3.1402,15300.0,3.1401,32500.0,3.1414,242500.0,3.1415,478400.0
1753769329280,06:08:49.280,bitmex,XRP/USDT:USDT,3.1402,15300.0,3.1401,32500.0,3.1414,242500.0,3.1415,478400.0
1753769330765,06:08:50.765,bitmex,XRP/USDT:USDT,3.1402,15300.0,3.1401,32500.0,3.1414,242500.0,3.1415,478400.0
1753769330814,06:08:50.814,bitmex,XRP/USDT:USDT,3.1402,15300.0,3.1401,32500.0,3.1414,242500.0,3.1415,478400.0
1753769331049,06:08:51.049,bitmex,XRP/USDT:USDT,3.1402,15300.0,3.1401,32500.0,3.1414,242500.0,3.1415,478400.0
1753769331098,06:08:51.098,bitmex,XRP/USDT:USDT,3.1402,15300.0,3.1401,32500.0,3.1414,242500.0,3.1415,478400.0
1753769331344,06:08:51.344,bitmex,XRP/USDT:USDT,3.1402,15300.0,3.1401,32500.0,3.1413,14900.0,3.1414,242500.0
1753769331393,06:08:51.393,bitmex,XRP/USDT:USDT,3.1407,7700.0,3.1401,70000.0,3.1411,32400.0,3.1412,108100.0
1753769331442,06:08:51.442,bitmex,XRP/USDT:USDT,3.1407,7700.0,3.1401,70000.0,3.1411,32400.0,3.1412,108100.0
1753769331726,06:08:51.726,bitmex,XRP/USDT:USDT,3.1407,7700.0,3.1401,70000.0,3.1411,32400.0,3.1412,108100.0
1753769331989,06:08:51.989,bitmex,XRP/USDT:USDT,3.1407,7700.0,3.1401,70000.0,3.1411,32400.0,3.1412,108100.0
1753769332708,06:08:52.708,bitmex,XRP/USDT:USDT,3.1401,70000.0,3.14,123600.0,3.1411,32400.0,3.1412,108100.0
1753769332758,06:08:52.758,bitmex,XRP/USDT:USDT,3.1401,48600.0,3.14,123600.0,3.1411,32400.0,3.1412,108100.0
1753769332807,06:08:52.807,bitmex,XRP/USDT:USDT,3.1401,48600.0,3.14,123600.0,3.1411,32400.0,3.1412,108100.0
1753769332856,06:08:52.856,bitmex,XRP/USDT:USDT,3.1401,48600.0,3.14,123600.0,3.1411,32400.0,3.1412,108100.0
1753769332905,06:08:52.905,bitmex,XRP/USDT:USDT,3.1402,7700.0,3.1401,48600.0,3.1411,32400.0,3.1412,108100.0
1753769332954,06:08:52.954,bitmex,XRP/USDT:USDT,3.1407,7700.0,3.1401,70000.0,3.1411,32400.0,3.1412,108100.0
1753769333003,06:08:53.003,bitmex,XRP/USDT:USDT,3.1407,7700.0,3.1401,70000.0,3.1411,32400.0,3.1412,108100.0
1753769333065,06:08:53.065,bitmex,XRP/USDT:USDT,3.1401,70000.0,3.14,123600.0,3.1411,32400.0,3.1412,108100.0
1753769333114,06:08:53.114,bitmex,XRP/USDT:USDT,3.1401,48600.0,3.14,123600.0,3.1411,32400.0,3.1412,108100.0
1753769333163,06:08:53.163,bitmex,XRP/USDT:USDT,3.1401,48600.0,3.14,123600.0,3.1411,32400.0,3.1412,108100.0
1753769333212,06:08:53.212,bitmex,XRP/USDT:USDT,3.1401,48600.0,3.14,123600.0,3.1411,32400.0,3.1412,108100.0
1753769333261,06:08:53.261,bitmex,XRP/USDT:USDT,3.1401,48600.0,3.14,123600.0,3.1411,32400.0,3.1412,108100.0
1753769333577,06:08:53.577,bitmex,XRP/USDT:USDT,3.1398,36900.0,3.1397,111200.0,3.1411,32400.0,3.1412,108100.0
1753769333628,06:08:53.628,bitmex,XRP/USDT:USDT,3.1398,14900.0,3.1397,111200.0,3.1409,108100.0,3.141,14900.0
1753769333678,06:08:53.678,bitmex,XRP/USDT:USDT,3.1398,14900.0,3.1397,111200.0,3.1409,108100.0,3.141,14900.0
1753769333727,06:08:53.727,bitmex,XRP/USDT:USDT,3.1398,14900.0,3.1397,111200.0,3.1409,108100.0,3.141,14900.0
1753769333776,06:08:53.776,bitmex,XRP/USDT:USDT,3.1398,14900.0,3.1397,111200.0,3.1409,3610500.0,3.141,14900.0
1753769333825,06:08:53.825,bitmex,XRP/USDT:USDT,3.1398,14900.0,3.1397,108100.0,3.1409,3610500.0,3.141,14900.0
1753769333874,06:08:53.874,bitmex,XRP/USDT:USDT,3.1398,14900.0,3.1396,14900.0,3.1408,14900.0,3.1409,3610500.0
1753769333923,06:08:53.923,bitmex,XRP/USDT:USDT,3.1395,14900.0,3.1394,3100.0,3.1408,548700.0,3.1409,3610500.0
1753769333972,06:08:53.972,bitmex,XRP/USDT:USDT,3.1395,14900.0,3.1394,111200.0,3.1408,548700.0,3.1409,3610500.0
1753769334021,06:08:54.021,bitmex,XRP/USDT:USDT,3.1395,48300.0,3.1394,111200.0,3.1408,548700.0,3.1409,3610500.0
1753769334070,06:08:54.070,bitmex,XRP/USDT:USDT,3.1399,7700.0,3.1395,33400.0,3.1406,108100.0,3.1407,14900.0
1753769334119,06:08:54.119,bitmex,XRP/USDT:USDT,3.1395,33400.0,3.1394,108100.0,3.1405,32400.0,3.1406,108100.0
1753769334168,06:08:54.168,bitmex,XRP/USDT:USDT,3.1394,108100.0,3.1393,15000.0,3.1405,32400.0,3.1406,108100.0
1753769334364,06:08:54.364,bitmex,XRP/USDT:USDT,3.1393,15000.0,3.1392,3100.0,3.1405,32400.0,3.1406,108100.0
1753769334413,06:08:54.413,bitmex,XRP/USDT:USDT,3.1397,7700.0,3.1392,3100.0,3.1402,32400.0,3.1403,108100.0
1753769334511,06:08:54.511,bitmex,XRP/USDT:USDT,3.1397,7700.0,3.1392,40100.0,3.1402,32400.0,3.1403,108100.0
1753769334658,06:08:54.658,bitmex,XRP/USDT:USDT,3.1396,7700.0,3.1392,55000.0,3.1402,32400.0,3.1403,108100.0
1753769334707,06:08:54.707,bitmex,XRP/USDT:USDT,3.1396,7700.0,3.1392,51900.0,3.1402,32400.0,3.1403,108100.0
1753769334831,06:08:54.831,bitmex,XRP/USDT:USDT,3.1396,7700.0,3.1392,51900.0,3.1402,32400.0,3.1403,108100.0
1753769335012,06:08:55.012,bitmex,XRP/USDT:USDT,3.1396,7700.0,3.1392,51900.0,3.1402,32400.0,3.1403,108100.0
1753769335476,06:08:55.476,bitmex,XRP/USDT:USDT,3.1396,7700.0,3.1392,51900.0,3.1402,32400.0,3.1403,108100.0
1753769335525,06:08:55.525,bitmex,XRP/USDT:USDT,3.1396,7700.0,3.1392,51900.0,3.1402,32400.0,3.1403,108100.0
1753769335845,06:08:55.845,bitmex,XRP/USDT:USDT,3.1392,51900.0,3.1391,108100.0,3.1402,32400.0,3.1403,108100.0
1753769335894,06:08:55.894,bitmex,XRP/USDT:USDT,3.1392,37000.0,3.1391,108100.0,3.1402,32400.0,3.1403,108100.0
1753769335943,06:08:55.943,bitmex,XRP/USDT:USDT,3.1392,51900.0,3.1391,108100.0,3.1402,32400.0,3.1403,108100.0
1753769336133,06:08:56.133,bitmex,XRP/USDT:USDT,3.1392,51900.0,3.1391,108100.0,3.1402,32400.0,3.1403,108100.0
1753769336183,06:08:56.183,bitmex,XRP/USDT:USDT,3.1392,51900.0,3.1391,108100.0,3.1402,32400.0,3.1403,108100.0
1753769336232,06:08:56.232,bitmex,XRP/USDT:USDT,3.1392,51900.0,3.1391,108100.0,3.1402,32400.0,3.1403,108100.0
1753769336419,06:08:56.419,bitmex,XRP/USDT:USDT,3.1392,51900.0,3.1391,108100.0,3.1402,32400.0,3.1403,108100.0
1753769336469,06:08:56.469,bitmex,XRP/USDT:USDT,3.1392,51900.0,3.1391,108100.0,3.1402,32400.0,3.1403,108100.0
1753769336519,06:08:56.519,bitmex,XRP/USDT:USDT,3.1392,51900.0,3.1391,108100.0,3.1402,32400.0,3.1403,108100.0
1753769336568,06:08:56.568,bitmex,XRP/USDT:USDT,3.1392,51900.0,3.1391,108100.0,3.1402,32400.0,3.1403,108100.0
1753769336617,06:08:56.617,bitmex,XRP/USDT:USDT,3.1392,51900.0,3.1391,108100.0,3.1402,32400.0,3.1403,108100.0
1753769336822,06:08:56.822,bitmex,XRP/USDT:USDT,3.1389,14600.0,3.1387,18000.0,3.1399,32400.0,3.14,108100.0
1753769336871,06:08:56.871,bitmex,XRP/USDT:USDT,3.1389,14600.0,3.1387,18000.0,3.1399,32400.0,3.14,108100.0
1753769336920,06:08:56.920,bitmex,XRP/USDT:USDT,3.1387,14900.0,3.1386,3100.0,3.1399,47300.0,3.14,108100.0
1753769337252,06:08:57.252,bitmex,XRP/USDT:USDT,3.139,7700.0,3.1384,145600.0,3.1397,108100.0,3.14,14900.0
1753769337302,06:08:57.302,bitmex,XRP/USDT:USDT,3.139,7700.0,3.1385,43700.0,3.1397,108100.0,3.14,14900.0
1753769337351,06:08:57.351,bitmex,XRP/USDT:USDT,3.139,7700.0,3.1385,43700.0,3.1397,108100.0,3.14,14900.0
1753769337400,06:08:57.400,bitmex,XRP/USDT:USDT,3.139,7700.0,3.1385,43700.0,3.1397,108100.0,3.14,14900.0
1753769337449,06:08:57.449,bitmex,XRP/USDT:USDT,3.139,7700.0,3.1385,43700.0,3.1397,108100.0,3.14,14900.0
1753769337498,06:08:57.498,bitmex,XRP/USDT:USDT,3.139,7700.0,3.1385,43700.0,3.1397,108100.0,3.14,14900.0
1753769337661,06:08:57.661,bitmex,XRP/USDT:USDT,3.139,7700.0,3.1385,43700.0,3.1397,108100.0,3.14,14900.0
1753769337757,06:08:57.757,bitmex,XRP/USDT:USDT,3.1385,43700.0,3.1384,160500.0,3.1397,108100.0,3.14,14900.0
1753769337806,06:08:57.806,bitmex,XRP/USDT:USDT,3.1386,22600.0,3.1385,32400.0,3.1396,32400.0,3.1397,108100.0
1753769337855,06:08:57.855,bitmex,XRP/USDT:USDT,3.1386,22600.0,3.1385,32400.0,3.1396,32400.0,3.1397,108100.0
1753769337904,06:08:57.904,bitmex,XRP/USDT:USDT,3.1386,22600.0,3.1385,32400.0,3.1396,32400.0,3.1397,108100.0
1753769337953,06:08:57.953,bitmex,XRP/USDT:USDT,3.1386,22600.0,3.1385,32400.0,3.1396,32400.0,3.1397,108100.0
1753769338002,06:08:58.002,bitmex,XRP/USDT:USDT,3.1386,22600.0,3.1385,32400.0,3.1396,462100.0,3.1397,108100.0
1753769338136,06:08:58.136,bitmex,XRP/USDT:USDT,3.1386,22600.0,3.1385,32400.0,3.1396,462100.0,3.1397,108100.0
1753769338234,06:08:58.234,bitmex,XRP/USDT:USDT,3.1388,7700.0,3.1387,14900.0,3.1396,462100.0,3.1397,108100.0
1753769338283,06:08:58.283,bitmex,XRP/USDT:USDT,3.139,7700.0,3.1387,14900.0,3.1396,462100.0,3.1397,108100.0
1753769338332,06:08:58.332,bitmex,XRP/USDT:USDT,3.139,7700.0,3.1387,14900.0,3.1396,462100.0,3.1397,108100.0
1753769338456,06:08:58.456,bitmex,XRP/USDT:USDT,3.139,7700.0,3.1387,14900.0,3.1396,462100.0,3.1397,108100.0
1753769338526,06:08:58.526,bitmex,XRP/USDT:USDT,3.139,7700.0,3.1387,14900.0,3.1396,462100.0,3.1397,108100.0
1753769338575,06:08:58.575,bitmex,XRP/USDT:USDT,3.139,7700.0,3.1387,14900.0,3.1396,462100.0,3.1397,108100.0
1753769338646,06:08:58.646,bitmex,XRP/USDT:USDT,3.1391,7700.0,3.139,7700.0,3.1396,462100.0,3.1397,108100.0
1753769338695,06:08:58.695,bitmex,XRP/USDT:USDT,3.1394,7700.0,3.1387,14900.0,3.1397,108100.0,3.1399,111000.0
1753769338744,06:08:58.744,bitmex,XRP/USDT:USDT,3.1392,7700.0,3.1391,7700.0,3.1396,32400.0,3.1397,108100.0
1753769338793,06:08:58.793,bitmex,XRP/USDT:USDT,3.139,14900.0,3.1387,52400.0,3.1401,6900.0,3.1403,370000.0
1753769338793,06:08:58.793,bitmex,XRP/USDT:USDT,3.1397,7700.0,3.139,14900.0,3.1401,6900.0,3.1402,3735300.0
1753769338842,06:08:58.842,bitmex,XRP/USDT:USDT,3.139,26200.0,3.1387,14900.0,3.1404,136800.0,3.1405,376900.0
1753769338842,06:08:58.842,bitmex,XRP/USDT:USDT,3.1396,7700.0,3.1392,14900.0,3.1403,119600.0,3.1404,136800.0
1753769338891,06:08:58.891,bitmex,XRP/USDT:USDT,3.1396,7700.0,3.1392,14900.0,3.1402,108100.0,3.1404,28700.0
1753769338940,06:08:58.940,bitmex,XRP/USDT:USDT,3.1393,7700.0,3.1392,14900.0,3.1401,32400.0,3.1402,108100.0
1753769338989,06:08:58.989,bitmex,XRP/USDT:USDT,3.1393,7700.0,3.1392,14900.0,3.1401,32400.0,3.1402,108100.0
1753769339038,06:08:59.038,bitmex,XRP/USDT:USDT,3.1393,7700.0,3.1392,14900.0,3.1401,32400.0,3.1402,108100.0
1753769339094,06:08:59.094,bitmex,XRP/USDT:USDT,3.1393,7700.0,3.1392,14900.0,3.1401,32400.0,3.1402,108100.0
1753769339144,06:08:59.144,bitmex,XRP/USDT:USDT,3.1393,22600.0,3.139,26200.0,3.1401,32400.0,3.1402,108100.0
1753769339257,06:08:59.257,bitmex,XRP/USDT:USDT,3.1393,22600.0,3.139,26200.0,3.1401,32400.0,3.1402,108100.0
1753769339307,06:08:59.307,bitmex,XRP/USDT:USDT,3.1397,7700.0,3.1394,14900.0,3.1401,32400.0,3.1402,108100.0
1753769339356,06:08:59.356,bitmex,XRP/USDT:USDT,3.1397,7700.0,3.1394,14900.0,3.1401,32400.0,3.1402,108100.0
1753769339410,06:08:59.410,bitmex,XRP/USDT:USDT,3.1397,7700.0,3.1394,14900.0,3.1401,32400.0,3.1402,108100.0
1753769339460,06:08:59.460,bitmex,XRP/USDT:USDT,3.1397,7700.0,3.1394,14900.0,3.1401,32400.0,3.1402,108100.0
1753769339509,06:08:59.509,bitmex,XRP/USDT:USDT,3.14,7700.0,3.1394,14900.0,3.1402,108100.0,3.1404,419900.0
1753769339558,06:08:59.558,bitmex,XRP/USDT:USDT,3.14,7700.0,3.1394,52400.0,3.1402,108100.0,3.1404,419900.0
1753769339607,06:08:59.607,bitmex,XRP/USDT:USDT,3.14,7700.0,3.1394,52400.0,3.1402,108100.0,3.1404,224900.0
1753769339705,06:08:59.705,bitmex,XRP/USDT:USDT,3.14,7700.0,3.1394,52400.0,3.1402,108100.0,3.1404,113100.0
1753769339754,06:08:59.754,bitmex,XRP/USDT:USDT,3.14,7700.0,3.1394,52400.0,3.1402,108100.0,3.1404,113100.0
1753769339839,06:08:59.839,bitmex,XRP/USDT:USDT,3.14,7700.0,3.1394,52400.0,3.1402,108100.0,3.1404,113100.0
1753769339937,06:08:59.937,bitmex,XRP/USDT:USDT,3.14,7700.0,3.1395,15700.0,3.1402,108100.0,3.1406,444900.0
1753769339987,06:08:59.987,bitmex,XRP/USDT:USDT,3.1395,14900.0,3.139,14900.0,3.1402,108100.0,3.1406,444900.0
1753769340037,06:09:00.037,bitmex,XRP/USDT:USDT,3.1399,7700.0,3.1392,30600.0,3.1402,108100.0,3.1406,444900.0
1753769340086,06:09:00.086,bitmex,XRP/USDT:USDT,3.1399,7700.0,3.1393,37500.0,3.1402,108100.0,3.1406,444900.0
1753769340135,06:09:00.135,bitmex,XRP/USDT:USDT,3.1399,7700.0,3.1394,15700.0,3.1402,108100.0,3.1406,444900.0
1753769340300,06:09:00.300,bitmex,XRP/USDT:USDT,3.1394,15700.0,3.1393,37500.0,3.1402,108100.0,3.1406,444900.0
1753769340349,06:09:00.349,bitmex,XRP/USDT:USDT,3.1393,7700.0,3.139,14900.0,3.1401,32400.0,3.1402,108100.0
1753769340398,06:09:00.398,bitmex,XRP/USDT:USDT,3.1393,7700.0,3.139,14900.0,3.1401,32400.0,3.1402,108100.0
1753769340448,06:09:00.448,bitmex,XRP/USDT:USDT,3.1393,7700.0,3.139,14900.0,3.1401,32400.0,3.1402,108100.0
1753769340506,06:09:00.506,bitmex,XRP/USDT:USDT,3.1393,7700.0,3.139,14900.0,3.1401,32400.0,3.1402,108100.0
1753769340673,06:09:00.673,bitmex,XRP/USDT:USDT,3.1393,7700.0,3.139,14900.0,3.1401,32400.0,3.1402,108100.0
1753769341012,06:09:01.012,bitmex,XRP/USDT:USDT,3.1393,7700.0,3.139,14900.0,3.1401,32400.0,3.1402,108100.0
1753769341061,06:09:01.061,bitmex,XRP/USDT:USDT,3.1393,7700.0,3.139,14900.0,3.1401,32400.0,3.1402,108100.0
1753769341177,06:09:01.177,bitmex,XRP/USDT:USDT,3.1393,7700.0,3.139,14900.0,3.1401,32400.0,3.1402,108100.0
1753769341306,06:09:01.306,bitmex,XRP/USDT:USDT,3.1393,7700.0,3.139,14900.0,3.1401,32400.0,3.1402,108100.0
1753769341355,06:09:01.355,bitmex,XRP/USDT:USDT,3.1393,7700.0,3.139,14900.0,3.1401,32400.0,3.1402,108100.0
1753769341404,06:09:01.404,bitmex,XRP/USDT:USDT,3.1393,7700.0,3.139,14900.0,3.1401,32400.0,3.1402,108100.0
1753769341453,06:09:01.453,bitmex,XRP/USDT:USDT,3.1393,7700.0,3.139,14900.0,3.1401,32400.0,3.1402,108100.0
1753769341513,06:09:01.513,bitmex,XRP/USDT:USDT,3.1393,7700.0,3.139,14900.0,3.1401,32400.0,3.1402,108100.0
1753769341562,06:09:01.562,bitmex,XRP/USDT:USDT,3.1393,7700.0,3.139,14900.0,3.1401,32400.0,3.1402,108100.0
1753769341611,06:09:01.611,bitmex,XRP/USDT:USDT,3.1393,7700.0,3.139,14900.0,3.1401,32400.0,3.1402,108100.0
1753769341660,06:09:01.660,bitmex,XRP/USDT:USDT,3.1393,7700.0,3.139,14900.0,3.1401,32400.0,3.1402,108100.0
1753769341709,06:09:01.709,bitmex,XRP/USDT:USDT,3.1393,7700.0,3.139,14900.0,3.1401,32400.0,3.1402,108100.0
1753769341774,06:09:01.774,bitmex,XRP/USDT:USDT,3.1394,14900.0,3.1393,7700.0,3.1401,32400.0,3.1402,108100.0
1753769341823,06:09:01.823,bitmex,XRP/USDT:USDT,3.1398,7700.0,3.139,14900.0,3.1401,32400.0,3.1402,108100.0
1753769341872,06:09:01.872,bitmex,XRP/USDT:USDT,3.1398,7700.0,3.1392,37500.0,3.1401,32400.0,3.1402,108100.0
1753769341921,06:09:01.921,bitmex,XRP/USDT:USDT,3.1398,7700.0,3.1393,11300.0,3.1401,32400.0,3.1402,108100.0
1753769341970,06:09:01.970,bitmex,XRP/USDT:USDT,3.1398,7700.0,3.1393,11300.0,3.1401,32400.0,3.1402,108100.0
1753769342019,06:09:02.019,bitmex,XRP/USDT:USDT,3.1398,7700.0,3.1393,11300.0,3.1401,32400.0,3.1402,108100.0
1753769342406,06:09:02.406,bitmex,XRP/USDT:USDT,3.1398,7700.0,3.1393,11300.0,3.1401,32400.0,3.1402,108100.0
1753769342455,06:09:02.455,bitmex,XRP/USDT:USDT,3.1398,7700.0,3.1393,11300.0,3.1401,32400.0,3.1402,108100.0
1753769342504,06:09:02.504,bitmex,XRP/USDT:USDT,3.139,14900.0,3.1388,3100.0,3.1401,32400.0,3.1402,108100.0
1753769342553,06:09:02.553,bitmex,XRP/USDT:USDT,3.139,14900.0,3.1388,3100.0,3.1401,32400.0,3.1402,108100.0
1753769342663,06:09:02.663,bitmex,XRP/USDT:USDT,3.139,14900.0,3.1388,3100.0,3.1401,32400.0,3.1402,108100.0
1753769342892,06:09:02.892,bitmex,XRP/USDT:USDT,3.139,14900.0,3.1388,3100.0,3.1401,32400.0,3.1402,108100.0
1753769342942,06:09:02.942,bitmex,XRP/USDT:USDT,3.139,14900.0,3.1388,3100.0,3.1401,32400.0,3.1402,108100.0
1753769343077,06:09:03.077,bitmex,XRP/USDT:USDT,3.139,14900.0,3.1388,3100.0,3.1401,47300.0,3.1402,108100.0
1753769343226,06:09:03.226,bitmex,XRP/USDT:USDT,3.1387,22600.0,3.1386,22600.0,3.1399,108100.0,3.14,14900.0
1753769343275,06:09:03.275,bitmex,XRP/USDT:USDT,3.1385,3100.0,3.1384,108100.0,3.1398,14900.0,3.1399,108100.0
1753769343324,06:09:03.324,bitmex,XRP/USDT:USDT,3.1385,3100.0,3.1384,108100.0,3.1398,14900.0,3.1399,108100.0
1753769343373,06:09:03.373,bitmex,XRP/USDT:USDT,3.1387,7700.0,3.1386,7700.0,3.1398,14900.0,3.1399,108100.0
1753769343471,06:09:03.471,bitmex,XRP/USDT:USDT,3.1388,7700.0,3.1386,14900.0,3.1398,14900.0,3.1399,108100.0
1753769343520,06:09:03.520,bitmex,XRP/USDT:USDT,3.1388,7700.0,3.1386,14900.0,3.1398,14900.0,3.1399,108100.0
1753769343569,06:09:03.569,bitmex,XRP/USDT:USDT,3.1388,7700.0,3.1386,14900.0,3.1398,14900.0,3.1399,108100.0
1753769343618,06:09:03.618,bitmex,XRP/USDT:USDT,3.1388,7700.0,3.1386,14900.0,3.1398,14900.0,3.1399,108100.0
1753769343667,06:09:03.667,bitmex,XRP/USDT:USDT,3.1385,32400.0,3.1384,123800.0,3.1398,14900.0,3.1399,108100.0
1753769343716,06:09:03.716,bitmex,XRP/USDT:USDT,3.1388,7700.0,3.1386,14900.0,3.1398,14900.0,3.1399,108100.0
1753769343766,06:09:03.766,bitmex,XRP/USDT:USDT,3.1388,7700.0,3.1385,32400.0,3.1397,3503700.0,3.1398,14900.0
1753769343816,06:09:03.816,bitmex,XRP/USDT:USDT,3.1388,7700.0,3.1385,32400.0,3.1396,108100.0,3.1397,3503700.0
1753769343865,06:09:03.865,bitmex,XRP/USDT:USDT,3.1389,7700.0,3.1385,47300.0,3.1395,32400.0,3.1396,493800.0
1753769343963,06:09:03.963,bitmex,XRP/USDT:USDT,3.1389,7700.0,3.1385,47300.0,3.1395,32400.0,3.1396,493800.0
1753769344161,06:09:04.161,bitmex,XRP/USDT:USDT,3.1389,7700.0,3.1385,47300.0,3.1395,32400.0,3.1396,108100.0
1753769344211,06:09:04.211,bitmex,XRP/USDT:USDT,3.1389,7700.0,3.1385,47300.0,3.1395,32400.0,3.1396,108100.0
1753769344261,06:09:04.261,bitmex,XRP/USDT:USDT,3.1389,7700.0,3.1385,47300.0,3.1395,32400.0,3.1396,108100.0
1753769344310,06:09:04.310,bitmex,XRP/USDT:USDT,3.1389,7700.0,3.1385,47300.0,3.1395,32400.0,3.1396,108100.0
1753769344359,06:09:04.359,bitmex,XRP/USDT:USDT,3.1389,7700.0,3.1385,47300.0,3.1395,32400.0,3.1396,108100.0
1753769344480,06:09:04.480,bitmex,XRP/USDT:USDT,3.1389,7700.0,3.1385,47300.0,3.1395,32400.0,3.1396,108100.0
1753769345011,06:09:05.011,bitmex,XRP/USDT:USDT,3.1389,7700.0,3.1385,47300.0,3.1395,32400.0,3.1396,108100.0
1753769345060,06:09:05.060,bitmex,XRP/USDT:USDT,3.1389,7700.0,3.1385,47300.0,3.1395,32400.0,3.1396,108100.0
1753769345109,06:09:05.109,bitmex,XRP/USDT:USDT,3.1391,7700.0,3.139,14900.0,3.1395,32400.0,3.1396,108100.0
1753769345158,06:09:05.158,bitmex,XRP/USDT:USDT,3.1391,7700.0,3.139,14900.0,3.1395,32400.0,3.1396,108100.0
1753769345207,06:09:05.207,bitmex,XRP/USDT:USDT,3.1391,7700.0,3.139,14900.0,3.1395,32400.0,3.1396,108100.0
1753769345256,06:09:05.256,bitmex,XRP/USDT:USDT,3.1391,7700.0,3.139,14900.0,3.1395,32400.0,3.1396,108100.0
1753769345323,06:09:05.323,bitmex,XRP/USDT:USDT,3.1392,7700.0,3.1391,7700.0,3.1395,32400.0,3.1396,108100.0
1753769345373,06:09:05.373,bitmex,XRP/USDT:USDT,3.1393,7700.0,3.139,14900.0,3.1396,108100.0,3.1397,210100.0
1753769345422,06:09:05.422,bitmex,XRP/USDT:USDT,3.1393,7700.0,3.139,14900.0,3.1396,108100.0,3.1397,210100.0
1753769345471,06:09:05.471,bitmex,XRP/USDT:USDT,3.1393,7700.0,3.139,14900.0,3.1396,108100.0,3.1397,210100.0
1753769345569,06:09:05.569,bitmex,XRP/USDT:USDT,3.1393,7700.0,3.139,14900.0,3.1396,108100.0,3.1397,210100.0
1753769345785,06:09:05.785,bitmex,XRP/USDT:USDT,3.1393,7700.0,3.139,14900.0,3.1396,108100.0,3.1397,210100.0
1753769345835,06:09:05.835,bitmex,XRP/USDT:USDT,3.1393,7700.0,3.139,14900.0,3.1396,108100.0,3.1397,210100.0
1753769346130,06:09:06.130,bitmex,XRP/USDT:USDT,3.139,14900.0,3.1388,11300.0,3.1396,108100.0,3.1397,210100.0
1753769346179,06:09:06.179,bitmex,XRP/USDT:USDT,3.1392,7700.0,3.1388,14900.0,3.1396,108100.0,3.1397,210100.0
1753769346228,06:09:06.228,bitmex,XRP/USDT:USDT,3.1392,7700.0,3.1388,14900.0,3.1396,108100.0,3.1397,210100.0
1753769346277,06:09:06.277,bitmex,XRP/USDT:USDT,3.1392,7700.0,3.1388,14900.0,3.1396,108100.0,3.1397,210100.0
1753769346364,06:09:06.364,bitmex,XRP/USDT:USDT,3.1392,7700.0,3.1388,14900.0,3.1396,108100.0,3.1397,210100.0
1753769346441,06:09:06.441,bitmex,XRP/USDT:USDT,3.1392,7700.0,3.1388,14900.0,3.1396,108100.0,3.1397,210100.0
1753769346490,06:09:06.490,bitmex,XRP/USDT:USDT,3.1386,14900.0,3.1385,32400.0,3.1395,23400.0,3.1396,108100.0
1753769346539,06:09:06.539,bitmex,XRP/USDT:USDT,3.1386,14900.0,3.1385,32400.0,3.1395,23400.0,3.1396,108100.0
1753769346647,06:09:06.647,bitmex,XRP/USDT:USDT,3.1386,14900.0,3.1385,32400.0,3.1395,23400.0,3.1396,108100.0
1753769346696,06:09:06.696,bitmex,XRP/USDT:USDT,3.1386,14900.0,3.1385,32400.0,3.1395,23400.0,3.1396,108100.0
1753769346822,06:09:06.822,bitmex,XRP/USDT:USDT,3.1386,14900.0,3.1385,32400.0,3.1395,23400.0,3.1396,108100.0
1753769346871,06:09:06.871,bitmex,XRP/USDT:USDT,3.1386,14900.0,3.1385,32400.0,3.1395,23400.0,3.1396,108100.0
1753769347481,06:09:07.481,bitmex,XRP/USDT:USDT,3.1386,14900.0,3.1385,32400.0,3.1395,23400.0,3.1396,108100.0
1753769347530,06:09:07.530,bitmex,XRP/USDT:USDT,3.1386,14900.0,3.1385,32400.0,3.1395,23400.0,3.1396,108100.0
1753769347946,06:09:07.946,bitmex,XRP/USDT:USDT,3.1386,14900.0,3.1385,32400.0,3.1395,23400.0,3.1396,108100.0
1753769347995,06:09:07.995,bitmex,XRP/USDT:USDT,3.1386,14900.0,3.1385,32400.0,3.1395,23400.0,3.1396,108100.0
1753769348430,06:09:08.430,bitmex,XRP/USDT:USDT,3.1386,14900.0,3.1385,32400.0,3.1395,23400.0,3.1396,108100.0
1753769348480,06:09:08.480,bitmex,XRP/USDT:USDT,3.1386,14900.0,3.1385,32400.0,3.1395,23400.0,3.1396,108100.0
1753769348733,06:09:08.733,bitmex,XRP/USDT:USDT,3.1386,14900.0,3.1385,32400.0,3.1395,23400.0,3.1396,108100.0
1753769348783,06:09:08.783,bitmex,XRP/USDT:USDT,3.1386,14900.0,3.1385,32400.0,3.1395,23400.0,3.1396,108100.0
1753769348959,06:09:08.959,bitmex,XRP/USDT:USDT,3.1386,14900.0,3.1385,32400.0,3.1395,23400.0,3.1396,108100.0
1753769349351,06:09:09.351,bitmex,XRP/USDT:USDT,3.1386,14900.0,3.1385,32400.0,3.1395,23400.0,3.1396,108100.0
1753769349401,06:09:09.401,bitmex,XRP/USDT:USDT,3.1386,14900.0,3.1385,32400.0,3.1395,23400.0,3.1396,108100.0
1753769349522,06:09:09.522,bitmex,XRP/USDT:USDT,3.1386,14900.0,3.1385,32400.0,3.1395,23400.0,3.1396,108100.0
1753769350246,06:09:10.246,bitmex,XRP/USDT:USDT,3.1386,14900.0,3.1385,32400.0,3.1395,23400.0,3.1396,108100.0
1753769350416,06:09:10.416,bitmex,XRP/USDT:USDT,3.1386,14900.0,3.1385,32400.0,3.1395,23400.0,3.1396,108100.0
1753769350465,06:09:10.465,bitmex,XRP/USDT:USDT,3.1386,14900.0,3.1385,32400.0,3.1395,23400.0,3.1396,108100.0
1753769350528,06:09:10.528,bitmex,XRP/USDT:USDT,3.1386,14900.0,3.1385,32400.0,3.1395,23400.0,3.1396,108100.0
1753769350588,06:09:10.588,bitmex,XRP/USDT:USDT,3.1386,14900.0,3.1385,32400.0,3.1395,23400.0,3.1396,108100.0
1753769350768,06:09:10.768,bitmex,XRP/USDT:USDT,3.1386,14900.0,3.1385,32400.0,3.1395,23400.0,3.1396,108100.0
1753769350818,06:09:10.818,bitmex,XRP/USDT:USDT,3.1386,14900.0,3.1385,32400.0,3.1395,23400.0,3.1396,108100.0
1753769351115,06:09:11.115,bitmex,XRP/USDT:USDT,3.1386,14900.0,3.1385,32400.0,3.1395,23400.0,3.1396,108100.0
1753769351165,06:09:11.165,bitmex,XRP/USDT:USDT,3.1388,22500.0,3.1387,7700.0,3.1396,108100.0,3.1399,3503600.0
1753769351214,06:09:11.214,bitmex,XRP/USDT:USDT,3.1395,7700.0,3.1391,14800.0,3.14,209700.0,3.1401,376900.0
1753769351263,06:09:11.263,bitmex,XRP/USDT:USDT,3.1397,7700.0,3.1391,14800.0,3.1402,8500.0,3.1403,28300.0
1753769351312,06:09:11.312,bitmex,XRP/USDT:USDT,3.1397,7700.0,3.1392,15700.0,3.1402,8500.0,3.1403,28300.0
1753769351361,06:09:11.361,bitmex,XRP/USDT:USDT,3.1397,7700.0,3.1392,15700.0,3.1401,108000.0,3.1402,8500.0
1753769351410,06:09:11.410,bitmex,XRP/USDT:USDT,3.1397,7700.0,3.1392,15700.0,3.1401,108000.0,3.1402,8500.0
1753769351556,06:09:11.556,bitmex,XRP/USDT:USDT,3.1397,7700.0,3.1392,15700.0,3.1401,108000.0,3.1402,8500.0
1753769351605,06:09:11.605,bitmex,XRP/USDT:USDT,3.1397,7700.0,3.1392,46100.0,3.1401,108000.0,3.1402,8500.0
1753769351679,06:09:11.679,bitmex,XRP/USDT:USDT,3.1397,22500.0,3.1392,46100.0,3.1401,108000.0,3.1402,8500.0
1753769351729,06:09:11.729,bitmex,XRP/USDT:USDT,3.14,7700.0,3.1397,14800.0,3.1401,108000.0,3.1405,6900.0
1753769351778,06:09:11.778,bitmex,XRP/USDT:USDT,3.14,7700.0,3.1397,14800.0,3.1401,108000.0,3.1405,6900.0
1753769352009,06:09:12.009,bitmex,XRP/USDT:USDT,3.14,7700.0,3.1397,14800.0,3.1401,108000.0,3.1405,6900.0
1753769352059,06:09:12.059,bitmex,XRP/USDT:USDT,3.14,7700.0,3.1397,14800.0,3.1401,108000.0,3.1405,6900.0
1753769352108,06:09:12.108,bitmex,XRP/USDT:USDT,3.14,7700.0,3.1397,14800.0,3.1401,108000.0,3.1405,6900.0
1753769352157,06:09:12.157,bitmex,XRP/USDT:USDT,3.14,7700.0,3.1397,14800.0,3.1401,108000.0,3.1405,6900.0
1753769352206,06:09:12.206,bitmex,XRP/USDT:USDT,3.14,7700.0,3.1397,14800.0,3.1401,108000.0,3.1405,6900.0
1753769352369,06:09:12.369,bitmex,XRP/USDT:USDT,3.14,7700.0,3.1397,14800.0,3.1401,108000.0,3.1405,6900.0
1753769352419,06:09:12.419,bitmex,XRP/USDT:USDT,3.14,7700.0,3.1397,14800.0,3.1401,108000.0,3.1405,6900.0
1753769352510,06:09:12.510,bitmex,XRP/USDT:USDT,3.14,7700.0,3.1397,14800.0,3.1401,108000.0,3.1406,381300.0
1753769352609,06:09:12.609,bitmex,XRP/USDT:USDT,3.1402,7700.0,3.1401,7700.0,3.1408,214800.0,3.1409,376900.0
1753769352658,06:09:12.658,bitmex,XRP/USDT:USDT,3.1404,7700.0,3.1398,37500.0,3.1409,376900.0,3.141,3875500.0
1753769352707,06:09:12.707,bitmex,XRP/USDT:USDT,3.1404,7700.0,3.1398,37500.0,3.1406,108000.0,3.1409,6900.0
1753769352805,06:09:12.805,bitmex,XRP/USDT:USDT,3.1399,14800.0,3.1397,14800.0,3.1406,108000.0,3.1409,6900.0
1753769352854,06:09:12.854,bitmex,XRP/USDT:USDT,3.1405,7700.0,3.1399,52300.0,3.1406,108000.0,3.1409,6900.0
1753769352903,06:09:12.903,bitmex,XRP/USDT:USDT,3.1405,7700.0,3.1399,52300.0,3.1406,108000.0,3.1411,370000.0
1753769352952,06:09:12.952,bitmex,XRP/USDT:USDT,3.1405,7700.0,3.1399,52300.0,3.1406,108000.0,3.1411,370000.0
1753769353004,06:09:13.004,bitmex,XRP/USDT:USDT,3.1405,7700.0,3.1399,52300.0,3.1406,108000.0,3.1411,370000.0
1753769353054,06:09:13.054,bitmex,XRP/USDT:USDT,3.1406,7700.0,3.14,15700.0,3.1408,108000.0,3.141,171800.0
1753769353103,06:09:13.103,bitmex,XRP/USDT:USDT,3.1406,7700.0,3.1401,11300.0,3.1408,108000.0,3.141,171800.0
1753769353152,06:09:13.152,bitmex,XRP/USDT:USDT,3.1406,7700.0,3.1401,11300.0,3.1408,108000.0,3.141,171800.0
1753769353250,06:09:13.250,bitmex,XRP/USDT:USDT,3.1399,14800.0,3.1397,47200.0,3.1408,108000.0,3.141,171800.0
1753769353299,06:09:13.299,bitmex,XRP/USDT:USDT,3.1399,14800.0,3.1397,47200.0,3.1408,108000.0,3.141,171800.0
1753769353441,06:09:13.441,bitmex,XRP/USDT:USDT,3.1399,14800.0,3.1397,47200.0,3.1408,108000.0,3.141,171800.0
1753769353491,06:09:13.491,bitmex,XRP/USDT:USDT,3.1399,14800.0,3.1397,47200.0,3.1408,108000.0,3.141,171800.0
1753769353540,06:09:13.540,bitmex,XRP/USDT:USDT,3.1399,14800.0,3.1397,47200.0,3.1408,108000.0,3.141,171800.0
1753769353589,06:09:13.589,bitmex,XRP/USDT:USDT,3.1399,14800.0,3.1397,47200.0,3.1408,108000.0,3.141,171800.0
1753769353820,06:09:13.820,bitmex,XRP/USDT:USDT,3.1399,14800.0,3.1397,47200.0,3.1408,108000.0,3.141,171800.0
1753769353869,06:09:13.869,bitmex,XRP/USDT:USDT,3.1399,14800.0,3.1397,47200.0,3.1408,108000.0,3.141,171800.0
1753769354180,06:09:14.180,bitmex,XRP/USDT:USDT,3.1399,14800.0,3.1397,47200.0,3.1408,108000.0,3.141,171800.0
1753769354229,06:09:14.229,bitmex,XRP/USDT:USDT,3.1399,14800.0,3.1397,47200.0,3.1408,108000.0,3.141,171800.0
1753769354384,06:09:14.384,bitmex,XRP/USDT:USDT,3.1399,14800.0,3.1397,47200.0,3.1408,108000.0,3.141,171800.0
1753769354434,06:09:14.434,bitmex,XRP/USDT:USDT,3.1404,7700.0,3.1399,14800.0,3.1407,25500.0,3.1408,108000.0
1753769354550,06:09:14.550,bitmex,XRP/USDT:USDT,3.1404,7700.0,3.14,15700.0,3.1407,25500.0,3.1408,108000.0
1753769354600,06:09:14.600,bitmex,XRP/USDT:USDT,3.1404,7700.0,3.14,15700.0,3.1407,25500.0,3.1408,108000.0
1753769354649,06:09:14.649,bitmex,XRP/USDT:USDT,3.1404,7700.0,3.14,15700.0,3.1407,25500.0,3.1408,108000.0
1753769354698,06:09:14.698,bitmex,XRP/USDT:USDT,3.1404,7700.0,3.14,15700.0,3.1407,25500.0,3.1408,108000.0
1753769354747,06:09:14.747,bitmex,XRP/USDT:USDT,3.1404,7700.0,3.14,15700.0,3.1407,25500.0,3.1408,108000.0
1753769354796,06:09:14.796,bitmex,XRP/USDT:USDT,3.1405,7700.0,3.14,15700.0,3.1408,108000.0,3.141,111000.0
1753769354894,06:09:14.894,bitmex,XRP/USDT:USDT,3.1405,7700.0,3.14,15700.0,3.1408,108000.0,3.141,111000.0
1753769354943,06:09:14.943,bitmex,XRP/USDT:USDT,3.1405,7700.0,3.14,15700.0,3.1408,108000.0,3.141,111000.0
1753769355051,06:09:15.051,bitmex,XRP/USDT:USDT,3.1405,7700.0,3.14,15700.0,3.1408,108000.0,3.141,111000.0
1753769355101,06:09:15.101,bitmex,XRP/USDT:USDT,3.1405,7700.0,3.14,15700.0,3.1408,108000.0,3.141,111000.0
1753769355217,06:09:15.217,bitmex,XRP/USDT:USDT,3.1405,7700.0,3.14,15700.0,3.1408,108000.0,3.141,111000.0
1753769355267,06:09:15.267,bitmex,XRP/USDT:USDT,3.1405,7700.0,3.14,15700.0,3.1408,108000.0,3.141,111000.0
1753769355390,06:09:15.390,bitmex,XRP/USDT:USDT,3.1405,7700.0,3.14,15700.0,3.1408,108000.0,3.141,111000.0
1753769355442,06:09:15.442,bitmex,XRP/USDT:USDT,3.1405,7700.0,3.14,15700.0,3.1408,108000.0,3.141,111000.0
1753769355491,06:09:15.491,bitmex,XRP/USDT:USDT,3.1405,7700.0,3.14,15700.0,3.1408,108000.0,3.141,111000.0
1753769355540,06:09:15.540,bitmex,XRP/USDT:USDT,3.1405,7700.0,3.14,15700.0,3.1408,108000.0,3.141,111000.0
1753769355731,06:09:15.731,bitmex,XRP/USDT:USDT,3.1405,7700.0,3.14,15700.0,3.1408,108000.0,3.141,111000.0
1753769355780,06:09:15.780,bitmex,XRP/USDT:USDT,3.1399,14800.0,3.1397,47200.0,3.1408,108000.0,3.141,111000.0
1753769355829,06:09:15.829,bitmex,XRP/USDT:USDT,3.1399,14800.0,3.1397,47200.0,3.1408,108000.0,3.141,111000.0
1753769356012,06:09:16.012,bitmex,XRP/USDT:USDT,3.1399,14800.0,3.1397,47200.0,3.1408,108000.0,3.141,111000.0
1753769356061,06:09:16.061,bitmex,XRP/USDT:USDT,3.1399,14800.0,3.1397,47200.0,3.1408,108000.0,3.141,111000.0
1753769356183,06:09:16.183,bitmex,XRP/USDT:USDT,3.1399,14800.0,3.1397,47200.0,3.1408,108000.0,3.141,111000.0
1753769356232,06:09:16.232,bitmex,XRP/USDT:USDT,3.1399,14800.0,3.1397,47200.0,3.1408,108000.0,3.141,111000.0
1753769356420,06:09:16.420,bitmex,XRP/USDT:USDT,3.1399,14800.0,3.1397,47200.0,3.1408,108000.0,3.141,111000.0
1753769356470,06:09:16.470,bitmex,XRP/USDT:USDT,3.1403,7700.0,3.1397,47200.0,3.1407,32400.0,3.1408,108000.0
1753769356519,06:09:16.519,bitmex,XRP/USDT:USDT,3.1403,7700.0,3.1397,84700.0,3.1407,32400.0,3.1408,108000.0
1753769356568,06:09:16.568,bitmex,XRP/USDT:USDT,3.1403,7700.0,3.1397,84700.0,3.1407,32400.0,3.1408,108000.0
1753769356617,06:09:16.617,bitmex,XRP/USDT:USDT,3.1403,7700.0,3.1397,84700.0,3.1407,32400.0,3.1408,108000.0
1753769356697,06:09:16.697,bitmex,XRP/USDT:USDT,3.1403,7700.0,3.1397,84700.0,3.1407,32400.0,3.1408,108000.0
1753769356839,06:09:16.839,bitmex,XRP/USDT:USDT,3.1403,7700.0,3.1397,84700.0,3.1407,32400.0,3.1408,108000.0
1753769356889,06:09:16.889,bitmex,XRP/USDT:USDT,3.1403,7700.0,3.1397,84700.0,3.1407,32400.0,3.1408,108000.0
1753769356995,06:09:16.995,bitmex,XRP/USDT:USDT,3.1403,7700.0,3.1397,84700.0,3.1407,32400.0,3.1408,108000.0
1753769357044,06:09:17.044,bitmex,XRP/USDT:USDT,3.1403,7700.0,3.1397,84700.0,3.1407,32400.0,3.1408,108000.0
1753769357178,06:09:17.178,bitmex,XRP/USDT:USDT,3.1403,7700.0,3.1397,84700.0,3.1407,32400.0,3.1408,108000.0
1753769357404,06:09:17.404,bitmex,XRP/USDT:USDT,3.1403,7700.0,3.1397,84700.0,3.1407,32400.0,3.1408,108000.0
1753769357453,06:09:17.453,bitmex,XRP/USDT:USDT,3.1403,7700.0,3.1397,84700.0,3.1407,32400.0,3.1408,108000.0
1753769357502,06:09:17.502,bitmex,XRP/USDT:USDT,3.1403,7700.0,3.1397,84700.0,3.1407,32400.0,3.1408,108000.0
1753769357575,06:09:17.575,bitmex,XRP/USDT:USDT,3.1403,7700.0,3.1397,84700.0,3.1407,32400.0,3.1408,108000.0
1753769357624,06:09:17.624,bitmex,XRP/USDT:USDT,3.1403,7700.0,3.1397,84700.0,3.1407,32400.0,3.1408,108000.0
1753769357718,06:09:17.718,bitmex,XRP/USDT:USDT,3.1403,7700.0,3.1397,84700.0,3.1407,32400.0,3.1408,108000.0
1753769357768,06:09:17.768,bitmex,XRP/USDT:USDT,3.1403,7700.0,3.1397,84700.0,3.1407,32400.0,3.1408,108000.0
1753769357967,06:09:17.967,bitmex,XRP/USDT:USDT,3.1403,7700.0,3.1397,84700.0,3.1407,32400.0,3.1408,108000.0
1753769358021,06:09:18.021,bitmex,XRP/USDT:USDT,3.1403,7700.0,3.1397,84700.0,3.1407,32400.0,3.1408,108000.0
1753769358070,06:09:18.070,bitmex,XRP/USDT:USDT,3.1403,7700.0,3.1397,84700.0,3.1407,32400.0,3.1408,108000.0
1753769358380,06:09:18.380,bitmex,XRP/USDT:USDT,3.1403,7700.0,3.1397,84700.0,3.1407,32400.0,3.1408,108000.0
1753769358430,06:09:18.430,bitmex,XRP/USDT:USDT,3.1403,7700.0,3.1397,84700.0,3.1407,32400.0,3.1408,108000.0
1753769358518,06:09:18.518,bitmex,XRP/USDT:USDT,3.1397,84700.0,3.1396,108000.0,3.1407,32400.0,3.1408,108000.0
1753769358567,06:09:18.567,bitmex,XRP/USDT:USDT,3.1398,14800.0,3.1397,32400.0,3.1407,32400.0,3.1408,108000.0
1753769358616,06:09:18.616,bitmex,XRP/USDT:USDT,3.1398,14800.0,3.1397,32400.0,3.1407,32400.0,3.1408,108000.0
1753769358665,06:09:18.665,bitmex,XRP/USDT:USDT,3.1397,32400.0,3.1396,108000.0,3.1407,32400.0,3.1408,108000.0
1753769358714,06:09:18.714,bitmex,XRP/USDT:USDT,3.1397,32400.0,3.1396,108000.0,3.1407,32400.0,3.1408,108000.0
1753769358763,06:09:18.763,bitmex,XRP/USDT:USDT,3.1397,47200.0,3.1396,108000.0,3.1407,32400.0,3.1408,108000.0
1753769358812,06:09:18.812,bitmex,XRP/USDT:USDT,3.1397,47200.0,3.1396,108000.0,3.1407,32400.0,3.1408,108000.0
1753769358861,06:09:18.861,bitmex,XRP/USDT:USDT,3.1402,7700.0,3.1397,47200.0,3.1407,32400.0,3.1408,108000.0
1753769358910,06:09:18.910,bitmex,XRP/USDT:USDT,3.1402,7700.0,3.1397,47200.0,3.1407,32400.0,3.1408,108000.0
1753769358959,06:09:18.959,bitmex,XRP/USDT:USDT,3.1402,7700.0,3.1397,47200.0,3.1407,32400.0,3.1408,108000.0
1753769359008,06:09:19.008,bitmex,XRP/USDT:USDT,3.1402,7700.0,3.1397,47200.0,3.1407,32400.0,3.1408,108000.0
1753769359130,06:09:19.130,bitmex,XRP/USDT:USDT,3.1402,7700.0,3.1397,47200.0,3.1407,32400.0,3.1408,108000.0
1753769359179,06:09:19.179,bitmex,XRP/USDT:USDT,3.1402,7700.0,3.1397,47200.0,3.1407,32400.0,3.1408,108000.0
1753769359502,06:09:19.502,bitmex,XRP/USDT:USDT,3.1404,7700.0,3.1398,37500.0,3.1407,32400.0,3.1408,108000.0
1753769359786,06:09:19.786,bitmex,XRP/USDT:USDT,3.1404,7700.0,3.1398,37500.0,3.1407,32400.0,3.1408,108000.0
1753769359836,06:09:19.836,bitmex,XRP/USDT:USDT,3.1404,7700.0,3.1398,37500.0,3.1407,32400.0,3.1408,108000.0
1753769359885,06:09:19.885,bitmex,XRP/USDT:USDT,3.1404,7700.0,3.1398,37500.0,3.1407,32400.0,3.1408,108000.0
1753769359934,06:09:19.934,bitmex,XRP/USDT:USDT,3.1404,7700.0,3.1399,11300.0,3.1407,32400.0,3.1408,108000.0
1753769359987,06:09:19.987,bitmex,XRP/USDT:USDT,3.1407,7700.0,3.1401,37500.0,3.1408,108000.0,3.141,222900.0
1753769360037,06:09:20.037,bitmex,XRP/USDT:USDT,3.1407,7700.0,3.1401,37500.0,3.1408,108000.0,3.1413,6900.0
1753769360086,06:09:20.086,bitmex,XRP/USDT:USDT,3.1407,7700.0,3.1401,37500.0,3.1408,108000.0,3.1413,6900.0
1753769360135,06:09:20.135,bitmex,XRP/USDT:USDT,3.1407,7700.0,3.1401,37500.0,3.1408,108000.0,3.1413,6900.0
1753769360184,06:09:20.184,bitmex,XRP/USDT:USDT,3.1407,7700.0,3.1401,37500.0,3.1408,108000.0,3.1413,6900.0
1753769360256,06:09:20.256,bitmex,XRP/USDT:USDT,3.1407,7700.0,3.1401,37500.0,3.1408,108000.0,3.1413,6900.0
1753769360305,06:09:20.305,bitmex,XRP/USDT:USDT,3.1407,7700.0,3.1402,11300.0,3.1408,108000.0,3.1413,6900.0
1753769360513,06:09:20.513,bitmex,XRP/USDT:USDT,3.1407,7700.0,3.1402,11300.0,3.1408,108000.0,3.1413,330900.0
1753769360562,06:09:20.562,bitmex,XRP/USDT:USDT,3.1409,7700.0,3.1402,26100.0,3.1413,6900.0,3.1414,385700.0
1753769360611,06:09:20.611,bitmex,XRP/USDT:USDT,3.1409,7700.0,3.1403,37500.0,3.1413,6900.0,3.1414,385700.0
1753769360660,06:09:20.660,bitmex,XRP/USDT:USDT,3.1411,7700.0,3.1409,7700.0,3.1412,107900.0,3.1414,222900.0
1753769360709,06:09:20.709,bitmex,XRP/USDT:USDT,3.1411,7700.0,3.1405,14800.0,3.1412,107900.0,3.1414,222900.0
1753769360758,06:09:20.758,bitmex,XRP/USDT:USDT,3.1411,7700.0,3.1405,52300.0,3.1412,107900.0,3.1414,222900.0
1753769360807,06:09:20.807,bitmex,XRP/USDT:USDT,3.1411,7700.0,3.1406,15700.0,3.1412,107900.0,3.1414,111900.0
1753769360856,06:09:20.856,bitmex,XRP/USDT:USDT,3.1411,7700.0,3.1406,15700.0,3.1412,107900.0,3.1414,111900.0
1753769360906,06:09:20.906,bitmex,XRP/USDT:USDT,3.1411,7700.0,3.1406,15700.0,3.1412,107900.0,3.1414,111900.0
1753769360955,06:09:20.955,bitmex,XRP/USDT:USDT,3.1411,7700.0,3.1406,15700.0,3.1412,107900.0,3.1416,111000.0
1753769361081,06:09:21.081,bitmex,XRP/USDT:USDT,3.1411,7700.0,3.1406,15700.0,3.1412,107900.0,3.1416,111000.0
1753769361131,06:09:21.131,bitmex,XRP/USDT:USDT,3.1411,7700.0,3.1406,15700.0,3.1412,107900.0,3.1416,111000.0
1753769361287,06:09:21.287,bitmex,XRP/USDT:USDT,3.1411,7700.0,3.1406,15700.0,3.1412,107900.0,3.1416,111000.0
1753769361510,06:09:21.510,bitmex,XRP/USDT:USDT,3.1411,7700.0,3.1406,15700.0,3.1412,107900.0,3.1416,111000.0
1753769361559,06:09:21.559,bitmex,XRP/USDT:USDT,3.1411,7700.0,3.1406,15700.0,3.1412,107900.0,3.1416,111000.0
1753769361715,06:09:21.715,bitmex,XRP/USDT:USDT,3.1406,15700.0,3.1405,52300.0,3.1412,107900.0,3.1416,111000.0
1753769361764,06:09:21.764,bitmex,XRP/USDT:USDT,3.1407,14800.0,3.1405,14800.0,3.1412,107900.0,3.1416,211100.0
1753769361813,06:09:21.813,bitmex,XRP/USDT:USDT,3.1407,14800.0,3.1405,14800.0,3.1412,107900.0,3.1416,211100.0
1753769361880,06:09:21.880,bitmex,XRP/USDT:USDT,3.1405,14800.0,3.1402,27000.0,3.1412,107900.0,3.1416,211100.0
1753769362706,06:09:22.706,bitmex,XRP/USDT:USDT,3.1405,14800.0,3.1402,27000.0,3.1412,107900.0,3.1416,211100.0
1753769362756,06:09:22.756,bitmex,XRP/USDT:USDT,3.1405,14800.0,3.1402,27000.0,3.1412,107900.0,3.1416,211100.0
1753769362832,06:09:22.832,bitmex,XRP/USDT:USDT,3.1405,14800.0,3.1402,27000.0,3.1412,107900.0,3.1416,211100.0
1753769362881,06:09:22.881,bitmex,XRP/USDT:USDT,3.1405,14800.0,3.1402,27000.0,3.1412,107900.0,3.1416,211100.0
1753769363009,06:09:23.009,bitmex,XRP/USDT:USDT,3.1405,14800.0,3.1402,27000.0,3.1412,107900.0,3.1416,211100.0
1753769363058,06:09:23.058,bitmex,XRP/USDT:USDT,3.1411,7700.0,3.141,7700.0,3.1416,211100.0,3.1417,376900.0
1753769363107,06:09:23.107,bitmex,XRP/USDT:USDT,3.1411,7700.0,3.1407,14800.0,3.1416,211100.0,3.1417,376900.0
1753769363156,06:09:23.156,bitmex,XRP/USDT:USDT,3.1411,7700.0,3.1406,11200.0,3.1414,32300.0,3.1415,107800.0
1753769363205,06:09:23.205,bitmex,XRP/USDT:USDT,3.1411,7700.0,3.1406,11200.0,3.1414,32300.0,3.1415,107800.0
1753769363451,06:09:23.451,bitmex,XRP/USDT:USDT,3.1411,7700.0,3.1406,11200.0,3.1414,32300.0,3.1415,107800.0
1753769363652,06:09:23.652,bitmex,XRP/USDT:USDT,3.1411,7700.0,3.1406,11200.0,3.1414,32300.0,3.1415,107800.0
1753769363888,06:09:23.888,bitmex,XRP/USDT:USDT,3.1402,14800.0,3.14,3100.0,3.1414,32300.0,3.1415,107800.0
1753769363937,06:09:23.937,bitmex,XRP/USDT:USDT,3.1402,14800.0,3.14,3100.0,3.1414,32300.0,3.1415,107800.0
1753769364234,06:09:24.234,bitmex,XRP/USDT:USDT,3.1402,14800.0,3.14,3100.0,3.1414,32300.0,3.1415,107800.0
1753769364727,06:09:24.727,bitmex,XRP/USDT:USDT,3.1402,14800.0,3.14,3100.0,3.1414,32300.0,3.1415,107800.0
1753769364776,06:09:24.776,bitmex,XRP/USDT:USDT,3.1402,14800.0,3.14,3100.0,3.1414,139300.0,3.1415,107800.0
1753769364842,06:09:24.842,bitmex,XRP/USDT:USDT,3.1402,14800.0,3.14,3100.0,3.1414,139300.0,3.1415,107800.0
1753769364892,06:09:24.892,bitmex,XRP/USDT:USDT,3.1402,14800.0,3.14,3100.0,3.1414,139300.0,3.1415,107800.0
1753769365017,06:09:25.017,bitmex,XRP/USDT:USDT,3.141,7700.0,3.1405,14800.0,3.1414,139300.0,3.1415,107800.0
1753769365066,06:09:25.066,bitmex,XRP/USDT:USDT,3.141,7700.0,3.1405,14800.0,3.1414,139300.0,3.1415,107800.0
1753769365205,06:09:25.205,bitmex,XRP/USDT:USDT,3.1405,14800.0,3.1404,37400.0,3.1414,139300.0,3.1415,107800.0
1753769365254,06:09:25.254,bitmex,XRP/USDT:USDT,3.1402,14800.0,3.14,3100.0,3.1414,139300.0,3.1415,107800.0
1753769365303,06:09:25.303,bitmex,XRP/USDT:USDT,3.1402,14800.0,3.14,3100.0,3.1414,139300.0,3.1415,107800.0
1753769365352,06:09:25.352,bitmex,XRP/USDT:USDT,3.1402,14800.0,3.14,3100.0,3.1414,139300.0,3.1415,107800.0
1753769365453,06:09:25.453,bitmex,XRP/USDT:USDT,3.1402,14800.0,3.14,3100.0,3.1414,139300.0,3.1415,107800.0
1753769365622,06:09:25.622,bitmex,XRP/USDT:USDT,3.1402,14800.0,3.14,3100.0,3.1414,139300.0,3.1415,107800.0
1753769365673,06:09:25.673,bitmex,XRP/USDT:USDT,3.1404,7700.0,3.1403,7700.0,3.1414,241400.0,3.1415,477800.0
1753769365722,06:09:25.722,bitmex,XRP/USDT:USDT,3.1407,7700.0,3.1402,14800.0,3.1414,241400.0,3.1415,477800.0
1753769365772,06:09:25.772,bitmex,XRP/USDT:USDT,3.14,14800.0,3.1399,3100.0,3.1413,14800.0,3.1414,474200.0
1753769365821,06:09:25.821,bitmex,XRP/USDT:USDT,3.1407,7700.0,3.1401,14800.0,3.1414,474200.0,3.1415,477800.0
1753769365871,06:09:25.871,bitmex,XRP/USDT:USDT,3.1407,7700.0,3.1401,52200.0,3.1414,474200.0,3.1415,477800.0
1753769365920,06:09:25.920,bitmex,XRP/USDT:USDT,3.1407,7700.0,3.1401,52200.0,3.1414,474200.0,3.1415,477800.0
1753769365969,06:09:25.969,bitmex,XRP/USDT:USDT,3.1407,7700.0,3.1401,52200.0,3.1411,32300.0,3.1412,107800.0
1753769366223,06:09:26.223,bitmex,XRP/USDT:USDT,3.1401,52200.0,3.1399,3100.0,3.1411,32300.0,3.1412,107800.0
1753769366272,06:09:26.272,bitmex,XRP/USDT:USDT,3.1401,30900.0,3.1399,3100.0,3.1411,32300.0,3.1412,107800.0
1753769366321,06:09:26.321,bitmex,XRP/USDT:USDT,3.1399,17900.0,3.1397,14800.0,3.1411,730500.0,3.1412,3805700.0
1753769366371,06:09:26.371,bitmex,XRP/USDT:USDT,3.14,7700.0,3.1399,14800.0,3.1408,36800.0,3.1409,107800.0
1753769366420,06:09:26.420,bitmex,XRP/USDT:USDT,3.14,7700.0,3.1399,14800.0,3.1408,36800.0,3.1409,107800.0
1753769366575,06:09:26.575,bitmex,XRP/USDT:USDT,3.14,7700.0,3.1399,14800.0,3.1408,36800.0,3.1409,107800.0
1753769366624,06:09:26.624,bitmex,XRP/USDT:USDT,3.14,7700.0,3.1399,14800.0,3.1408,36800.0,3.1409,107800.0
1753769366673,06:09:26.673,bitmex,XRP/USDT:USDT,3.14,7700.0,3.1399,14800.0,3.1408,36800.0,3.1409,107800.0
1753769366722,06:09:26.722,bitmex,XRP/USDT:USDT,3.14,7700.0,3.1399,14800.0,3.1408,36800.0,3.1409,107800.0
1753769366771,06:09:26.771,bitmex,XRP/USDT:USDT,3.14,7700.0,3.1399,14800.0,3.1408,36800.0,3.1409,107800.0
1753769367014,06:09:27.014,bitmex,XRP/USDT:USDT,3.14,7700.0,3.1399,14800.0,3.1408,36800.0,3.1409,107800.0
1753769367074,06:09:27.074,bitmex,XRP/USDT:USDT,3.14,7700.0,3.1397,14800.0,3.1408,36800.0,3.1409,107800.0
1753769367123,06:09:27.123,bitmex,XRP/USDT:USDT,3.14,7700.0,3.1397,47200.0,3.1408,359100.0,3.1409,107800.0
1753769367172,06:09:27.172,bitmex,XRP/USDT:USDT,3.14,7700.0,3.1397,47200.0,3.1408,359100.0,3.1409,107800.0
1753769367398,06:09:27.398,bitmex,XRP/USDT:USDT,3.14,7700.0,3.1397,47200.0,3.1408,359100.0,3.1409,107800.0
1753769367632,06:09:27.632,bitmex,XRP/USDT:USDT,3.14,7700.0,3.1397,47200.0,3.1408,359100.0,3.1409,107800.0
1753769367917,06:09:27.917,bitmex,XRP/USDT:USDT,3.14,7700.0,3.1397,47200.0,3.1408,359100.0,3.1409,107800.0
1753769368098,06:09:28.098,bitmex,XRP/USDT:USDT,3.14,7700.0,3.1397,47200.0,3.1408,359100.0,3.1409,107800.0
1753769368148,06:09:28.148,bitmex,XRP/USDT:USDT,3.14,7700.0,3.1397,47200.0,3.1408,359100.0,3.1409,107800.0
1753769368197,06:09:28.197,bitmex,XRP/USDT:USDT,3.1396,108000.0,3.1395,14800.0,3.1407,14800.0,3.1408,359100.0
1753769368246,06:09:28.246,bitmex,XRP/USDT:USDT,3.1394,14800.0,3.1392,3100.0,3.1405,32300.0,3.1406,522400.0
1753769368295,06:09:28.295,bitmex,XRP/USDT:USDT,3.1394,14800.0,3.1392,3100.0,3.1405,32300.0,3.1406,522400.0
1753769368349,06:09:28.349,bitmex,XRP/USDT:USDT,3.1394,14800.0,3.1392,110900.0,3.1405,32300.0,3.1406,522400.0
1753769368447,06:09:28.447,bitmex,XRP/USDT:USDT,3.1394,7700.0,3.1392,107800.0,3.1403,107800.0,3.1404,14800.0
1753769368738,06:09:28.738,bitmex,XRP/USDT:USDT,3.1399,7700.0,3.1395,14800.0,3.1402,32300.0,3.1403,107800.0
1753769368787,06:09:28.787,bitmex,XRP/USDT:USDT,3.1399,7700.0,3.1395,14800.0,3.1402,32300.0,3.1403,107800.0
1753769368836,06:09:28.836,bitmex,XRP/USDT:USDT,3.1399,7700.0,3.1395,14800.0,3.1402,32300.0,3.1403,107800.0
1753769368948,06:09:28.948,bitmex,XRP/USDT:USDT,3.1399,7700.0,3.1395,14800.0,3.1402,32300.0,3.1403,107800.0
1753769368997,06:09:28.997,bitmex,XRP/USDT:USDT,3.1399,7700.0,3.1395,14800.0,3.1402,32300.0,3.1403,107800.0
1753769369046,06:09:29.046,bitmex,XRP/USDT:USDT,3.1399,7700.0,3.1395,14800.0,3.1402,32300.0,3.1403,107800.0
1753769369178,06:09:29.178,bitmex,XRP/USDT:USDT,3.1399,7700.0,3.1395,14800.0,3.1402,32300.0,3.1403,107800.0
1753769369228,06:09:29.228,bitmex,XRP/USDT:USDT,3.1399,7700.0,3.1395,14800.0,3.1402,32300.0,3.1403,107800.0
1753769369349,06:09:29.349,bitmex,XRP/USDT:USDT,3.1399,7700.0,3.1395,14800.0,3.1402,32300.0,3.1403,107800.0
1753769369593,06:09:29.593,bitmex,XRP/USDT:USDT,3.1399,7700.0,3.1395,14800.0,3.1402,32300.0,3.1403,107800.0
1753769369755,06:09:29.755,bitmex,XRP/USDT:USDT,3.1399,7700.0,3.1395,14800.0,3.1402,32300.0,3.1403,107800.0
1753769369804,06:09:29.804,bitmex,XRP/USDT:USDT,3.1394,14600.0,3.1393,32300.0,3.1402,32300.0,3.1403,107800.0
1753769369853,06:09:29.853,bitmex,XRP/USDT:USDT,3.1394,14600.0,3.1393,32300.0,3.1402,32300.0,3.1403,107800.0
1753769370063,06:09:30.063,bitmex,XRP/USDT:USDT,3.1394,14600.0,3.1393,32300.0,3.1402,32300.0,3.1403,107800.0
1753769370112,06:09:30.112,bitmex,XRP/USDT:USDT,3.1394,14600.0,3.1393,32300.0,3.1402,32300.0,3.1403,107800.0
1753769370179,06:09:30.179,bitmex,XRP/USDT:USDT,3.1394,14600.0,3.1393,32300.0,3.1402,32300.0,3.1403,107800.0
1753769370228,06:09:30.228,bitmex,XRP/USDT:USDT,3.1394,14600.0,3.1393,32300.0,3.1402,32300.0,3.1403,107800.0
1753769370279,06:09:30.279,bitmex,XRP/USDT:USDT,3.1394,14600.0,3.1393,32300.0,3.1402,32300.0,3.1403,107800.0
1753769370350,06:09:30.350,bitmex,XRP/USDT:USDT,3.1394,14600.0,3.1393,32300.0,3.1402,32300.0,3.1403,107800.0
1753769370399,06:09:30.399,bitmex,XRP/USDT:USDT,3.1394,14600.0,3.1393,32300.0,3.1402,32300.0,3.1403,107800.0
1753769370448,06:09:30.448,bitmex,XRP/USDT:USDT,3.1398,7700.0,3.1394,14600.0,3.1402,32300.0,3.1403,107800.0
1753769370546,06:09:30.546,bitmex,XRP/USDT:USDT,3.1398,7700.0,3.1394,14600.0,3.1402,32300.0,3.1403,107800.0
1753769370991,06:09:30.991,bitmex,XRP/USDT:USDT,3.1392,123900.0,3.1391,14800.0,3.1402,32300.0,3.1403,107800.0
1753769371089,06:09:31.089,bitmex,XRP/USDT:USDT,3.1392,107800.0,3.1391,14800.0,3.1402,32300.0,3.1403,107800.0
1753769371138,06:09:31.138,bitmex,XRP/USDT:USDT,3.1392,107800.0,3.1391,14800.0,3.1402,32300.0,3.1403,107800.0
1753769371244,06:09:31.244,bitmex,XRP/USDT:USDT,3.1392,107800.0,3.1391,14800.0,3.1402,32300.0,3.1403,107800.0
1753769371342,06:09:31.342,bitmex,XRP/USDT:USDT,3.1395,7700.0,3.1393,14600.0,3.1402,336000.0,3.1403,107800.0
1753769371395,06:09:31.395,bitmex,XRP/USDT:USDT,3.1395,7700.0,3.1393,14600.0,3.1402,336000.0,3.1403,107800.0
1753769371459,06:09:31.459,bitmex,XRP/USDT:USDT,3.1395,7700.0,3.1393,14600.0,3.1402,336000.0,3.1403,107800.0
1753769371509,06:09:31.509,bitmex,XRP/USDT:USDT,3.1395,7700.0,3.1393,14600.0,3.1402,336000.0,3.1403,107800.0
1753769371558,06:09:31.558,bitmex,XRP/USDT:USDT,3.1395,7700.0,3.1393,14600.0,3.1402,336000.0,3.1403,107800.0
1753769371815,06:09:31.815,bitmex,XRP/USDT:USDT,3.139,57500.0,3.1388,110800.0,3.1402,336000.0,3.1403,107800.0
1753769371864,06:09:31.864,bitmex,XRP/USDT:USDT,3.139,57500.0,3.1388,110800.0,3.1402,336000.0,3.1403,107800.0
1753769371913,06:09:31.913,bitmex,XRP/USDT:USDT,3.139,57500.0,3.1388,110800.0,3.1402,336000.0,3.1403,107800.0
1753769372107,06:09:32.107,bitmex,XRP/USDT:USDT,3.1389,46900.0,3.1388,107700.0,3.1399,32300.0,3.14,107700.0
1753769372256,06:09:32.256,bitmex,XRP/USDT:USDT,3.1387,14800.0,3.1386,3100.0,3.1399,32300.0,3.14,107700.0
1753769372354,06:09:32.354,bitmex,XRP/USDT:USDT,3.1386,3100.0,3.1385,122500.0,3.1398,14600.0,3.1399,32300.0
1753769372454,06:09:32.454,bitmex,XRP/USDT:USDT,3.1385,107700.0,3.1384,3100.0,3.1397,107700.0,3.1398,14600.0
1753769372503,06:09:32.503,bitmex,XRP/USDT:USDT,3.1385,107700.0,3.1384,3100.0,3.1397,107700.0,3.1398,14600.0
1753769372552,06:09:32.552,bitmex,XRP/USDT:USDT,3.1387,7700.0,3.1386,14600.0,3.1397,107700.0,3.1399,3503400.0
1753769372650,06:09:32.650,bitmex,XRP/USDT:USDT,3.1387,7700.0,3.1386,14600.0,3.1397,107700.0,3.1399,3503400.0
1753769372699,06:09:32.699,bitmex,XRP/USDT:USDT,3.1387,22300.0,3.1385,107700.0,3.1397,107700.0,3.1399,3503400.0
1753769372798,06:09:32.798,bitmex,XRP/USDT:USDT,3.1387,22300.0,3.1383,14800.0,3.1397,107700.0,3.1399,3503400.0
1753769372899,06:09:32.899,bitmex,XRP/USDT:USDT,3.1387,22300.0,3.1383,14800.0,3.1397,107700.0,3.1399,3503400.0
1753769372948,06:09:32.948,bitmex,XRP/USDT:USDT,3.1387,7700.0,3.1383,48000.0,3.1396,32300.0,3.1397,107700.0
1753769372997,06:09:32.997,bitmex,XRP/USDT:USDT,3.1387,22300.0,3.1383,48000.0,3.1396,32300.0,3.1397,107700.0
1753769373046,06:09:33.046,bitmex,XRP/USDT:USDT,3.1387,22300.0,3.1383,48000.0,3.1396,32300.0,3.1397,107700.0
1753769373095,06:09:33.095,bitmex,XRP/USDT:USDT,3.1387,22300.0,3.1383,48000.0,3.1396,32300.0,3.1397,107700.0
1753769373193,06:09:33.193,bitmex,XRP/USDT:USDT,3.139,7700.0,3.1388,14600.0,3.1396,32300.0,3.1397,107700.0
1753769373242,06:09:33.242,bitmex,XRP/USDT:USDT,3.139,7700.0,3.1388,14600.0,3.1396,32300.0,3.1397,107700.0
1753769373426,06:09:33.426,bitmex,XRP/USDT:USDT,3.139,7700.0,3.1388,14600.0,3.1396,32300.0,3.1397,107700.0
1753769373605,06:09:33.605,bitmex,XRP/USDT:USDT,3.139,7700.0,3.1388,14600.0,3.1396,32300.0,3.1397,107700.0
1753769373654,06:09:33.654,bitmex,XRP/USDT:USDT,3.139,7700.0,3.1388,14600.0,3.1396,32300.0,3.1397,107700.0
1753769373787,06:09:33.787,bitmex,XRP/USDT:USDT,3.139,7700.0,3.1388,14600.0,3.1396,32300.0,3.1397,107700.0
1753769373995,06:09:33.995,bitmex,XRP/USDT:USDT,3.139,7700.0,3.1385,11200.0,3.1396,32300.0,3.1397,107700.0
1753769374044,06:09:34.044,bitmex,XRP/USDT:USDT,3.1385,14600.0,3.1383,48000.0,3.1396,32300.0,3.1397,107700.0
1753769374093,06:09:34.093,bitmex,XRP/USDT:USDT,3.1385,14600.0,3.1383,48000.0,3.1396,32300.0,3.1397,107700.0
1753769374142,06:09:34.142,bitmex,XRP/USDT:USDT,3.1385,14600.0,3.1383,48000.0,3.1396,32300.0,3.1397,107700.0
1753769374503,06:09:34.503,bitmex,XRP/USDT:USDT,3.1387,7700.0,3.1384,14600.0,3.1396,3535900.0,3.1397,114600.0
1753769374650,06:09:34.650,bitmex,XRP/USDT:USDT,3.1384,14600.0,3.1383,32300.0,3.1396,3535900.0,3.1397,6900.0
1753769374650,06:09:34.650,bitmex,XRP/USDT:USDT,3.1384,14600.0,3.1383,32300.0,3.1394,107700.0,3.1396,3535900.0
1753769374699,06:09:34.699,bitmex,XRP/USDT:USDT,3.1384,14600.0,3.1383,32300.0,3.1394,107700.0,3.1396,3535900.0
1753769375009,06:09:35.009,bitmex,XRP/USDT:USDT,3.1384,14600.0,3.1383,32300.0,3.1394,107700.0,3.1396,3535900.0
1753769375058,06:09:35.058,bitmex,XRP/USDT:USDT,3.1389,7700.0,3.1386,14600.0,3.1393,32300.0,3.1394,107700.0
1753769375107,06:09:35.107,bitmex,XRP/USDT:USDT,3.1389,7700.0,3.1386,14600.0,3.1393,32300.0,3.1394,107700.0
1753769375206,06:09:35.206,bitmex,XRP/USDT:USDT,3.1389,7700.0,3.1386,14600.0,3.1393,32300.0,3.1394,107700.0
1753769375255,06:09:35.255,bitmex,XRP/USDT:USDT,3.1389,7700.0,3.1386,14600.0,3.1393,32300.0,3.1394,107700.0
1753769375708,06:09:35.708,bitmex,XRP/USDT:USDT,3.139,7700.0,3.1386,14600.0,3.1393,32300.0,3.1394,107700.0
1753769375757,06:09:35.757,bitmex,XRP/USDT:USDT,3.139,7700.0,3.1386,14600.0,3.1393,32300.0,3.1394,107700.0
1753769375808,06:09:35.808,bitmex,XRP/USDT:USDT,3.139,7700.0,3.1386,14600.0,3.1393,32300.0,3.1394,107700.0
1753769376085,06:09:36.085,bitmex,XRP/USDT:USDT,3.139,7700.0,3.1386,14600.0,3.1393,32300.0,3.1394,107700.0
1753769376135,06:09:36.135,bitmex,XRP/USDT:USDT,3.139,7700.0,3.1386,14600.0,3.1393,32300.0,3.1394,107700.0
1753769376245,06:09:36.245,bitmex,XRP/USDT:USDT,3.139,7700.0,3.1386,14600.0,3.1393,32300.0,3.1394,107700.0
1753769376294,06:09:36.294,bitmex,XRP/USDT:USDT,3.139,7700.0,3.1386,14600.0,3.1393,32300.0,3.1394,107700.0
1753769376512,06:09:36.512,bitmex,XRP/USDT:USDT,3.139,7700.0,3.1386,14600.0,3.1393,32300.0,3.1394,107700.0
1753769376710,06:09:36.710,bitmex,XRP/USDT:USDT,3.1386,14600.0,3.1385,11200.0,3.1393,32300.0,3.1394,107700.0
1753769376760,06:09:36.760,bitmex,XRP/USDT:USDT,3.1384,14600.0,3.1383,32300.0,3.1393,32300.0,3.1394,107700.0
1753769377158,06:09:37.158,bitmex,XRP/USDT:USDT,3.1384,14600.0,3.1383,32300.0,3.1393,32300.0,3.1394,107700.0
1753769377231,06:09:37.231,bitmex,XRP/USDT:USDT,3.1384,14600.0,3.1383,32300.0,3.1393,32300.0,3.1394,107700.0
1753769377281,06:09:37.281,bitmex,XRP/USDT:USDT,3.1384,14600.0,3.1383,32300.0,3.1393,32300.0,3.1394,107700.0
1753769377452,06:09:37.452,bitmex,XRP/USDT:USDT,3.1384,14600.0,3.1383,32300.0,3.1393,32300.0,3.1394,107700.0
1753769377502,06:09:37.502,bitmex,XRP/USDT:USDT,3.1384,14600.0,3.1383,32300.0,3.1393,32300.0,3.1394,107700.0
1753769377622,06:09:37.622,bitmex,XRP/USDT:USDT,3.1384,14600.0,3.1383,32300.0,3.1393,32300.0,3.1394,107700.0
1753769377672,06:09:37.672,bitmex,XRP/USDT:USDT,3.1384,14600.0,3.1383,32300.0,3.1393,32300.0,3.1394,107700.0
1753769377721,06:09:37.721,bitmex,XRP/USDT:USDT,3.1383,32300.0,3.1382,107700.0,3.1393,32300.0,3.1394,107700.0
1753769377721,06:09:37.721,bitmex,XRP/USDT:USDT,3.1389,7700.0,3.1385,14600.0,3.1393,32300.0,3.1394,107700.0
1753769377770,06:09:37.770,bitmex,XRP/USDT:USDT,3.1389,7700.0,3.1385,14600.0,3.1393,32300.0,3.1394,107700.0
1753769377819,06:09:37.819,bitmex,XRP/USDT:USDT,3.1389,7700.0,3.1385,14600.0,3.1393,32300.0,3.1394,107700.0
1753769378679,06:09:38.679,bitmex,XRP/USDT:USDT,3.1389,7700.0,3.1385,14600.0,3.1393,32300.0,3.1394,107700.0
1753769378729,06:09:38.729,bitmex,XRP/USDT:USDT,3.1383,32300.0,3.1382,107700.0,3.1393,32300.0,3.1394,107700.0
1753769378778,06:09:38.778,bitmex,XRP/USDT:USDT,3.1385,7700.0,3.1384,14600.0,3.1393,32300.0,3.1394,107700.0
1753769378827,06:09:38.827,bitmex,XRP/USDT:USDT,3.1389,7700.0,3.1383,84300.0,3.1393,32300.0,3.1394,107700.0
1753769378876,06:09:38.876,bitmex,XRP/USDT:USDT,3.1383,63000.0,3.1382,107700.0,3.1393,32300.0,3.1394,107700.0
1753769378977,06:09:38.977,bitmex,XRP/USDT:USDT,3.1383,63000.0,3.1382,107700.0,3.1393,32300.0,3.1394,107700.0
1753769379026,06:09:39.026,bitmex,XRP/USDT:USDT,3.1383,63000.0,3.1382,107700.0,3.1393,32300.0,3.1394,107700.0
1753769379075,06:09:39.075,bitmex,XRP/USDT:USDT,3.1383,63000.0,3.1382,107700.0,3.1393,32300.0,3.1394,107700.0
1753769379140,06:09:39.140,bitmex,XRP/USDT:USDT,3.1383,63000.0,3.1382,107700.0,3.1393,32300.0,3.1394,107700.0
1753769379189,06:09:39.189,bitmex,XRP/USDT:USDT,3.1383,63000.0,3.1382,107700.0,3.1393,32300.0,3.1394,107700.0
1753769379413,06:09:39.413,bitmex,XRP/USDT:USDT,3.1383,30700.0,3.1382,107700.0,3.1393,32300.0,3.1394,107700.0
1753769379463,06:09:39.463,bitmex,XRP/USDT:USDT,3.1383,30700.0,3.1381,14800.0,3.1393,32300.0,3.1394,107700.0
1753769379512,06:09:39.512,bitmex,XRP/USDT:USDT,3.1383,30700.0,3.1381,14800.0,3.1393,32300.0,3.1394,107700.0
1753769379561,06:09:39.561,bitmex,XRP/USDT:USDT,3.1385,7700.0,3.1379,122300.0,3.1393,32300.0,3.1394,107700.0
1753769379610,06:09:39.610,bitmex,XRP/USDT:USDT,3.1384,7700.0,3.1383,7700.0,3.1393,32300.0,3.1394,107700.0
1753769379659,06:09:39.659,bitmex,XRP/USDT:USDT,3.1385,7700.0,3.138,3100.0,3.1393,32300.0,3.1394,107700.0
1753769379708,06:09:39.708,bitmex,XRP/USDT:USDT,3.1385,7700.0,3.138,3100.0,3.1393,32300.0,3.1394,107700.0
1753769379806,06:09:39.806,bitmex,XRP/USDT:USDT,3.1385,7700.0,3.138,3100.0,3.1393,32300.0,3.1394,107700.0
1753769380071,06:09:40.071,bitmex,XRP/USDT:USDT,3.1385,7700.0,3.138,3100.0,3.1393,32300.0,3.1394,107700.0
1753769380121,06:09:40.121,bitmex,XRP/USDT:USDT,3.1385,7700.0,3.138,3100.0,3.1393,32300.0,3.1394,107700.0
1753769380181,06:09:40.181,bitmex,XRP/USDT:USDT,3.1385,7700.0,3.1379,145100.0,3.1393,32300.0,3.1394,107700.0
1753769380383,06:09:40.383,bitmex,XRP/USDT:USDT,3.1385,7700.0,3.1379,145100.0,3.1393,32300.0,3.1394,107700.0
1753769380432,06:09:40.432,bitmex,XRP/USDT:USDT,3.1385,7700.0,3.1379,145100.0,3.1393,32300.0,3.1394,107700.0
1753769380481,06:09:40.481,bitmex,XRP/USDT:USDT,3.1387,7700.0,3.1382,15800.0,3.1393,32300.0,3.1394,107700.0
1753769380530,06:09:40.530,bitmex,XRP/USDT:USDT,3.1381,37400.0,3.138,63200.0,3.1393,32300.0,3.1394,107700.0
1753769380579,06:09:40.579,bitmex,XRP/USDT:USDT,3.1381,31200.0,3.138,48100.0,3.1393,32300.0,3.1394,107700.0
1753769380658,06:09:40.658,bitmex,XRP/USDT:USDT,3.1381,31200.0,3.138,48100.0,3.1393,32300.0,3.1394,107700.0
1753769380707,06:09:40.707,bitmex,XRP/USDT:USDT,3.1387,7700.0,3.1382,15100.0,3.1393,32300.0,3.1394,107700.0
1753769380826,06:09:40.826,bitmex,XRP/USDT:USDT,3.1387,7700.0,3.1382,15100.0,3.1393,32300.0,3.1394,107700.0
1753769380876,06:09:40.876,bitmex,XRP/USDT:USDT,3.1387,7700.0,3.1382,15100.0,3.1393,32300.0,3.1394,107700.0
1753769380925,06:09:40.925,bitmex,XRP/USDT:USDT,3.1387,7700.0,3.1382,15100.0,3.1393,32300.0,3.1394,107700.0
1753769381377,06:09:41.377,bitmex,XRP/USDT:USDT,3.1387,7700.0,3.1382,15100.0,3.1393,32300.0,3.1394,107700.0
1753769381427,06:09:41.427,bitmex,XRP/USDT:USDT,3.1391,7700.0,3.1387,22800.0,3.1394,107700.0,3.1397,376900.0
1753769381476,06:09:41.476,bitmex,XRP/USDT:USDT,3.1391,7700.0,3.1387,22800.0,3.1394,107700.0,3.1401,391500.0
1753769381476,06:09:41.476,bitmex,XRP/USDT:USDT,3.1391,7700.0,3.1387,22800.0,3.1394,107700.0,3.1401,391500.0
1753769381525,06:09:41.525,bitmex,XRP/USDT:USDT,3.1391,7700.0,3.1387,22800.0,3.1394,107700.0,3.14,488300.0
1753769381574,06:09:41.574,bitmex,XRP/USDT:USDT,3.1391,7700.0,3.1387,22800.0,3.1394,107700.0,3.14,488300.0
1753769381623,06:09:41.623,bitmex,XRP/USDT:USDT,3.1387,7700.0,3.1382,30900.0,3.1394,107700.0,3.1398,15100.0
1753769382221,06:09:42.221,bitmex,XRP/USDT:USDT,3.1389,7700.0,3.1385,15100.0,3.1393,32300.0,3.1394,107700.0
1753769382270,06:09:42.270,bitmex,XRP/USDT:USDT,3.1389,7700.0,3.1385,15100.0,3.1393,32300.0,3.1394,107700.0
1753769382350,06:09:42.350,bitmex,XRP/USDT:USDT,3.1389,7700.0,3.1385,15100.0,3.1393,32300.0,3.1394,107700.0
1753769382661,06:09:42.661,bitmex,XRP/USDT:USDT,3.1389,7700.0,3.1385,15100.0,3.1393,32300.0,3.1394,107700.0
1753769382710,06:09:42.710,bitmex,XRP/USDT:USDT,3.1389,7700.0,3.1385,15100.0,3.1393,32300.0,3.1394,107700.0
1753769383232,06:09:43.232,bitmex,XRP/USDT:USDT,3.1389,7700.0,3.1385,15100.0,3.1393,32300.0,3.1394,107700.0
1753769383281,06:09:43.281,bitmex,XRP/USDT:USDT,3.1385,15100.0,3.1382,3100.0,3.1393,32300.0,3.1394,107700.0
1753769383554,06:09:43.554,bitmex,XRP/USDT:USDT,3.1385,15100.0,3.1382,3100.0,3.1393,32300.0,3.1394,107700.0
1753769383653,06:09:43.653,bitmex,XRP/USDT:USDT,3.1385,15100.0,3.1382,3100.0,3.1393,32300.0,3.1394,107700.0
1753769384073,06:09:44.073,bitmex,XRP/USDT:USDT,3.1385,15100.0,3.1382,3100.0,3.1393,32300.0,3.1394,107700.0
1753769384122,06:09:44.122,bitmex,XRP/USDT:USDT,3.1385,15100.0,3.1382,3100.0,3.1393,32300.0,3.1394,107700.0
1753769384192,06:09:44.192,bitmex,XRP/USDT:USDT,3.1385,15100.0,3.1382,3100.0,3.1394,107700.0,3.1396,401200.0
1753769384242,06:09:44.242,bitmex,XRP/USDT:USDT,3.1392,7700.0,3.1387,15100.0,3.1394,107700.0,3.1397,369200.0
1753769384291,06:09:44.291,bitmex,XRP/USDT:USDT,3.1392,7700.0,3.1388,15800.0,3.1394,107700.0,3.1397,369200.0
1753769384389,06:09:44.389,bitmex,XRP/USDT:USDT,3.1392,7700.0,3.1388,15800.0,3.1394,107700.0,3.1398,350800.0
1753769384444,06:09:44.444,bitmex,XRP/USDT:USDT,3.1392,7700.0,3.1388,15800.0,3.1394,107700.0,3.1398,350800.0
1753769384661,06:09:44.661,bitmex,XRP/USDT:USDT,3.1392,7700.0,3.1388,15800.0,3.1394,107700.0,3.1398,350800.0
1753769384830,06:09:44.830,bitmex,XRP/USDT:USDT,3.1392,7700.0,3.1388,15800.0,3.1394,107700.0,3.1398,350800.0
1753769384880,06:09:44.880,bitmex,XRP/USDT:USDT,3.1392,7700.0,3.1388,15800.0,3.1394,107700.0,3.1399,366700.0
1753769385433,06:09:45.433,bitmex,XRP/USDT:USDT,3.1388,15800.0,3.1387,15100.0,3.1394,107700.0,3.1399,366700.0
1753769385531,06:09:45.531,bitmex,XRP/USDT:USDT,3.1389,15100.0,3.1387,15100.0,3.1394,107700.0,3.1399,366700.0
1753769385599,06:09:45.599,bitmex,XRP/USDT:USDT,3.1387,15100.0,3.1384,12200.0,3.1394,107700.0,3.1399,366700.0
1753769385657,06:09:45.657,bitmex,XRP/USDT:USDT,3.1387,15100.0,3.1384,12200.0,3.1394,107700.0,3.1399,366700.0
1753769385706,06:09:45.706,bitmex,XRP/USDT:USDT,3.1387,15100.0,3.1384,12200.0,3.1394,107700.0,3.1399,366700.0
1753769385755,06:09:45.755,bitmex,XRP/USDT:USDT,3.1391,7700.0,3.1388,15100.0,3.1397,32300.0,3.1398,107700.0
1753769385804,06:09:45.804,bitmex,XRP/USDT:USDT,3.1391,7700.0,3.1388,15100.0,3.1397,32300.0,3.1398,107700.0
1753769385853,06:09:45.853,bitmex,XRP/USDT:USDT,3.1391,7700.0,3.1388,15100.0,3.1397,32300.0,3.1398,107700.0
1753769385953,06:09:45.953,bitmex,XRP/USDT:USDT,3.1391,7700.0,3.1388,15100.0,3.1397,32300.0,3.1398,107700.0
1753769386252,06:09:46.252,bitmex,XRP/USDT:USDT,3.1391,7700.0,3.1386,15100.0,3.1397,32300.0,3.1398,107700.0
1753769386301,06:09:46.301,bitmex,XRP/USDT:USDT,3.1391,7700.0,3.1386,26300.0,3.1397,32300.0,3.1398,107700.0
1753769386350,06:09:46.350,bitmex,XRP/USDT:USDT,3.1386,15100.0,3.1382,3100.0,3.1397,32300.0,3.1398,107700.0
1753769386399,06:09:46.399,bitmex,XRP/USDT:USDT,3.1386,15100.0,3.1382,3100.0,3.1397,47400.0,3.1398,107700.0
1753769386448,06:09:46.448,bitmex,XRP/USDT:USDT,3.1386,15100.0,3.1382,3100.0,3.1396,15100.0,3.1397,32300.0
1753769386497,06:09:46.497,bitmex,XRP/USDT:USDT,3.1389,7700.0,3.1383,15100.0,3.1397,32300.0,3.1398,107700.0
1753769386546,06:09:46.546,bitmex,XRP/USDT:USDT,3.1389,7700.0,3.1384,16700.0,3.1397,32300.0,3.1398,107700.0
1753769386595,06:09:46.595,bitmex,XRP/USDT:USDT,3.1384,15100.0,3.1382,3100.0,3.1397,47400.0,3.1398,107700.0
1753769386736,06:09:46.736,bitmex,XRP/USDT:USDT,3.1384,15100.0,3.1382,3100.0,3.1397,47400.0,3.1398,107700.0
1753769386785,06:09:46.785,bitmex,XRP/USDT:USDT,3.1384,15100.0,3.1382,3100.0,3.1397,47400.0,3.1398,107700.0
1753769386834,06:09:46.834,bitmex,XRP/USDT:USDT,3.1384,15100.0,3.1382,3100.0,3.1397,47400.0,3.1398,107700.0
1753769387006,06:09:47.006,bitmex,XRP/USDT:USDT,3.1384,15100.0,3.1382,3100.0,3.1397,47400.0,3.1398,107700.0
1753769387056,06:09:47.056,bitmex,XRP/USDT:USDT,3.1384,15100.0,3.1382,3100.0,3.1397,47400.0,3.1398,107700.0
1753769387260,06:09:47.260,bitmex,XRP/USDT:USDT,3.139,7700.0,3.1385,15100.0,3.1397,32300.0,3.1398,107700.0
1753769387309,06:09:47.309,bitmex,XRP/USDT:USDT,3.139,7700.0,3.1385,15100.0,3.1397,32300.0,3.1398,107700.0
1753769387402,06:09:47.402,bitmex,XRP/USDT:USDT,3.139,7700.0,3.1385,15100.0,3.1397,32300.0,3.1398,107700.0
1753769387495,06:09:47.495,bitmex,XRP/USDT:USDT,3.139,7700.0,3.1385,15100.0,3.1397,32300.0,3.1398,107700.0
1753769387545,06:09:47.545,bitmex,XRP/USDT:USDT,3.139,7700.0,3.1384,37400.0,3.1396,15100.0,3.1397,32300.0
1753769387594,06:09:47.594,bitmex,XRP/USDT:USDT,3.1384,16100.0,3.1382,15100.0,3.1396,15100.0,3.1397,595500.0
1753769387643,06:09:47.643,bitmex,XRP/USDT:USDT,3.139,7700.0,3.1384,52500.0,3.1397,595500.0,3.1398,3611300.0
1753769387741,06:09:47.741,bitmex,XRP/USDT:USDT,3.139,7700.0,3.1385,15800.0,3.1397,595500.0,3.1398,3611300.0
1753769387790,06:09:47.790,bitmex,XRP/USDT:USDT,3.139,7700.0,3.1385,15800.0,3.1397,595500.0,3.1398,3611300.0
1753769387839,06:09:47.839,bitmex,XRP/USDT:USDT,3.139,7700.0,3.1385,15800.0,3.1397,595500.0,3.1398,3611300.0
1753769387888,06:09:47.888,bitmex,XRP/USDT:USDT,3.139,7700.0,3.1385,15800.0,3.1397,595500.0,3.1398,3611300.0
1753769387937,06:09:47.937,bitmex,XRP/USDT:USDT,3.139,7700.0,3.1385,15800.0,3.1397,595500.0,3.1398,3611300.0
1753769387986,06:09:47.986,bitmex,XRP/USDT:USDT,3.139,7700.0,3.1385,15800.0,3.1397,32300.0,3.1398,107700.0
1753769388035,06:09:48.035,bitmex,XRP/USDT:USDT,3.139,7700.0,3.1385,15800.0,3.1397,32300.0,3.1398,107700.0
1753769388084,06:09:48.084,bitmex,XRP/USDT:USDT,3.139,7700.0,3.1385,15800.0,3.1397,32300.0,3.1398,107700.0
1753769388133,06:09:48.133,bitmex,XRP/USDT:USDT,3.139,22800.0,3.1385,15800.0,3.1397,32300.0,3.1398,107700.0
1753769388182,06:09:48.182,bitmex,XRP/USDT:USDT,3.1392,7700.0,3.1391,7700.0,3.1398,107700.0,3.14,870200.0
1753769388231,06:09:48.231,bitmex,XRP/USDT:USDT,3.1393,7700.0,3.1385,15800.0,3.1398,107700.0,3.14,500200.0
1753769388280,06:09:48.280,bitmex,XRP/USDT:USDT,3.1393,7700.0,3.1387,52500.0,3.1398,107700.0,3.14,500200.0
1753769388329,06:09:48.329,bitmex,XRP/USDT:USDT,3.1393,7700.0,3.1387,52500.0,3.1398,107700.0,3.14,500200.0
1753769388378,06:09:48.378,bitmex,XRP/USDT:USDT,3.1393,7700.0,3.1387,52500.0,3.1398,107700.0,3.14,500200.0
1753769388698,06:09:48.698,bitmex,XRP/USDT:USDT,3.1393,7700.0,3.1387,52500.0,3.1398,107700.0,3.14,500200.0
1753769388748,06:09:48.748,bitmex,XRP/USDT:USDT,3.1394,7700.0,3.1389,11200.0,3.1397,27400.0,3.1398,107700.0
1753769388797,06:09:48.797,bitmex,XRP/USDT:USDT,3.1394,7700.0,3.1389,11200.0,3.1397,27400.0,3.1398,107700.0
1753769388895,06:09:48.895,bitmex,XRP/USDT:USDT,3.1394,7700.0,3.1389,11200.0,3.1397,27400.0,3.1398,107700.0
1753769389004,06:09:49.004,bitmex,XRP/USDT:USDT,3.1394,7700.0,3.1389,11200.0,3.1397,27400.0,3.1398,107700.0
1753769389054,06:09:49.054,bitmex,XRP/USDT:USDT,3.1394,7700.0,3.1389,11200.0,3.1397,27400.0,3.1398,107700.0
1753769389103,06:09:49.103,bitmex,XRP/USDT:USDT,3.1394,7700.0,3.1389,11200.0,3.1397,27400.0,3.1398,107700.0
1753769389152,06:09:49.152,bitmex,XRP/USDT:USDT,3.1382,15100.0,3.1381,3100.0,3.1397,27400.0,3.1398,107700.0
1753769389201,06:09:49.201,bitmex,XRP/USDT:USDT,3.1382,15100.0,3.1381,3100.0,3.1397,27400.0,3.1398,107700.0
1753769389306,06:09:49.306,bitmex,XRP/USDT:USDT,3.1382,15100.0,3.1381,3100.0,3.1397,27400.0,3.1398,107700.0
1753769389356,06:09:49.356,bitmex,XRP/USDT:USDT,3.1382,15100.0,3.1381,3100.0,3.1397,27400.0,3.1398,107700.0
1753769389466,06:09:49.466,bitmex,XRP/USDT:USDT,3.1382,15100.0,3.1381,3100.0,3.1397,27400.0,3.1398,107700.0
1753769389515,06:09:49.515,bitmex,XRP/USDT:USDT,3.1382,15100.0,3.1381,3100.0,3.1397,27400.0,3.1398,107700.0
1753769389564,06:09:49.564,bitmex,XRP/USDT:USDT,3.1382,15100.0,3.1381,3100.0,3.1397,27400.0,3.1398,107700.0
1753769389730,06:09:49.730,bitmex,XRP/USDT:USDT,3.1382,15100.0,3.1381,3100.0,3.1397,27400.0,3.1398,107700.0
1753769389780,06:09:49.780,bitmex,XRP/USDT:USDT,3.1394,7700.0,3.1391,14600.0,3.1398,107700.0,3.14,315700.0
1753769389829,06:09:49.829,bitmex,XRP/USDT:USDT,3.1394,7700.0,3.1391,14600.0,3.1398,107700.0,3.1402,208400.0
1753769389878,06:09:49.878,bitmex,XRP/USDT:USDT,3.1394,7700.0,3.1391,14600.0,3.1398,107700.0,3.1402,208400.0
1753769389927,06:09:49.927,bitmex,XRP/USDT:USDT,3.1394,7700.0,3.1391,14600.0,3.1398,107700.0,3.1402,208400.0
1753769389977,06:09:49.977,bitmex,XRP/USDT:USDT,3.1394,7700.0,3.1391,14600.0,3.1398,107700.0,3.1402,208400.0
1753769390026,06:09:50.026,bitmex,XRP/USDT:USDT,3.1395,14600.0,3.1391,14600.0,3.1404,382900.0,3.1405,379800.0
1753769390075,06:09:50.075,bitmex,XRP/USDT:USDT,3.14,7700.0,3.1391,14600.0,3.1404,382900.0,3.1405,379800.0
1753769390124,06:09:50.124,bitmex,XRP/USDT:USDT,3.14,7700.0,3.1394,37400.0,3.1404,382900.0,3.1405,379800.0
1753769390173,06:09:50.173,bitmex,XRP/USDT:USDT,3.1394,37400.0,3.1391,14600.0,3.1404,12900.0,3.1405,6900.0
1753769390222,06:09:50.222,bitmex,XRP/USDT:USDT,3.1394,30700.0,3.1391,14600.0,3.1404,12900.0,3.1405,6900.0
1753769390271,06:09:50.271,bitmex,XRP/USDT:USDT,3.1398,7700.0,3.1391,14600.0,3.1403,107700.0,3.1404,12900.0
1753769390320,06:09:50.320,bitmex,XRP/USDT:USDT,3.1398,7700.0,3.1393,11200.0,3.1403,107700.0,3.1404,12900.0
1753769390449,06:09:50.449,bitmex,XRP/USDT:USDT,3.1398,7700.0,3.1393,11200.0,3.1403,107700.0,3.1404,12900.0
1753769390498,06:09:50.498,bitmex,XRP/USDT:USDT,3.1398,7700.0,3.1393,11200.0,3.1403,107700.0,3.1404,12900.0
1753769390547,06:09:50.547,bitmex,XRP/USDT:USDT,3.1398,7700.0,3.1393,11200.0,3.1403,107700.0,3.1404,12900.0
1753769390891,06:09:50.891,bitmex,XRP/USDT:USDT,3.1398,7700.0,3.1393,11200.0,3.1403,107700.0,3.1404,12900.0
1753769390941,06:09:50.941,bitmex,XRP/USDT:USDT,3.1398,7700.0,3.1393,11200.0,3.1402,32300.0,3.1403,107700.0
1753769391079,06:09:51.079,bitmex,XRP/USDT:USDT,3.1398,7700.0,3.1393,11200.0,3.1402,32300.0,3.1403,107700.0
1753769391129,06:09:51.129,bitmex,XRP/USDT:USDT,3.1398,7700.0,3.1393,11200.0,3.1402,32300.0,3.1403,107700.0
1753769391178,06:09:51.178,bitmex,XRP/USDT:USDT,3.1391,14600.0,3.1388,35400.0,3.1402,32300.0,3.1403,107700.0
1753769391227,06:09:51.227,bitmex,XRP/USDT:USDT,3.1391,14600.0,3.1388,35400.0,3.1402,32300.0,3.1403,107700.0
1753769391594,06:09:51.594,bitmex,XRP/USDT:USDT,3.1391,14600.0,3.1388,35400.0,3.1402,32300.0,3.1403,107700.0
1753769391643,06:09:51.643,bitmex,XRP/USDT:USDT,3.1396,7700.0,3.1395,7700.0,3.1399,32300.0,3.14,107700.0
1753769391741,06:09:51.741,bitmex,XRP/USDT:USDT,3.1396,7700.0,3.1391,11200.0,3.1399,32300.0,3.14,107700.0
1753769391790,06:09:51.790,bitmex,XRP/USDT:USDT,3.1396,7700.0,3.1391,11200.0,3.1399,32300.0,3.14,107700.0
1753769391971,06:09:51.971,bitmex,XRP/USDT:USDT,3.1396,7700.0,3.1391,11200.0,3.1399,32300.0,3.14,107700.0
1753769392020,06:09:52.020,bitmex,XRP/USDT:USDT,3.1396,7700.0,3.1391,11200.0,3.1399,32300.0,3.14,107700.0
1753769392263,06:09:52.263,bitmex,XRP/USDT:USDT,3.1396,7700.0,3.1391,11200.0,3.1399,32300.0,3.14,107700.0
1753769392312,06:09:52.312,bitmex,XRP/USDT:USDT,3.1396,7700.0,3.1391,11200.0,3.1399,32300.0,3.14,107700.0
1753769392362,06:09:52.362,bitmex,XRP/USDT:USDT,3.1396,7700.0,3.1391,11200.0,3.1399,32300.0,3.14,107700.0
1753769392412,06:09:52.412,bitmex,XRP/USDT:USDT,3.1396,7700.0,3.1391,11200.0,3.1399,32300.0,3.14,107700.0
1753769392628,06:09:52.628,bitmex,XRP/USDT:USDT,3.1396,7700.0,3.1391,11200.0,3.1399,32300.0,3.14,107700.0
1753769392882,06:09:52.882,bitmex,XRP/USDT:USDT,3.1396,7700.0,3.1391,11200.0,3.1399,32300.0,3.14,107700.0
1753769393025,06:09:53.025,bitmex,XRP/USDT:USDT,3.1388,46900.0,3.1387,107700.0,3.1399,46900.0,3.14,107700.0
1753769393074,06:09:53.074,bitmex,XRP/USDT:USDT,3.1388,46900.0,3.1387,107700.0,3.1399,46900.0,3.14,107700.0
1753769393221,06:09:53.221,bitmex,XRP/USDT:USDT,3.139,7700.0,3.1385,17700.0,3.1397,107700.0,3.1398,14600.0
1753769393270,06:09:53.270,bitmex,XRP/USDT:USDT,3.1385,14600.0,3.1384,37400.0,3.1397,107700.0,3.1398,14600.0
1753769393319,06:09:53.319,bitmex,XRP/USDT:USDT,3.139,7700.0,3.1384,47800.0,3.1397,107700.0,3.1398,3517600.0
1753769393368,06:09:53.368,bitmex,XRP/USDT:USDT,3.139,7700.0,3.1389,7700.0,3.1397,107700.0,3.1398,3517600.0
1753769393418,06:09:53.418,bitmex,XRP/USDT:USDT,3.1389,7700.0,3.1388,7700.0,3.1397,107700.0,3.1398,3517600.0
1753769393467,06:09:53.467,bitmex,XRP/USDT:USDT,3.1386,7700.0,3.1381,3100.0,3.1396,14600.0,3.1397,696000.0
1753769393516,06:09:53.516,bitmex,XRP/USDT:USDT,3.1386,7700.0,3.1381,3100.0,3.1396,14600.0,3.1397,702900.0
1753769393565,06:09:53.565,bitmex,XRP/USDT:USDT,3.1384,7700.0,3.1383,7700.0,3.1396,14600.0,3.1397,702900.0
1753769393614,06:09:53.614,bitmex,XRP/USDT:USDT,3.1382,14600.0,3.1381,40500.0,3.1396,14600.0,3.1397,702900.0
1753769393614,06:09:53.614,bitmex,XRP/USDT:USDT,3.1389,7700.0,3.1388,7700.0,3.1396,14600.0,3.1397,702900.0
1753769393663,06:09:53.663,bitmex,XRP/USDT:USDT,3.1389,7700.0,3.1383,37400.0,3.1396,14600.0,3.1397,702900.0
1753769393712,06:09:53.712,bitmex,XRP/USDT:USDT,3.1389,7700.0,3.1383,37400.0,3.1396,14600.0,3.1397,702900.0
1753769393761,06:09:53.761,bitmex,XRP/USDT:USDT,3.1383,37400.0,3.1382,14600.0,3.1396,14600.0,3.1397,702900.0
1753769393810,06:09:53.810,bitmex,XRP/USDT:USDT,3.1383,30700.0,3.1379,39900.0,3.1396,14600.0,3.1397,702900.0
1753769393944,06:09:53.944,bitmex,XRP/USDT:USDT,3.1383,30700.0,3.1379,39900.0,3.1396,14600.0,3.1397,702900.0
1753769393994,06:09:53.994,bitmex,XRP/USDT:USDT,3.139,7700.0,3.1385,14600.0,3.1397,702900.0,3.1398,4000300.0
1753769394122,06:09:54.122,bitmex,XRP/USDT:USDT,3.1384,37400.0,3.1382,14600.0,3.1396,14600.0,3.1397,702900.0
1753769394172,06:09:54.172,bitmex,XRP/USDT:USDT,3.1384,16100.0,3.1382,14600.0,3.1396,14600.0,3.1397,702900.0
1753769394270,06:09:54.270,bitmex,XRP/USDT:USDT,3.1384,30700.0,3.1382,14600.0,3.1396,14600.0,3.1397,702900.0
1753769394319,06:09:54.319,bitmex,XRP/USDT:USDT,3.1384,30700.0,3.1382,14600.0,3.1396,14600.0,3.1397,702900.0
1753769394368,06:09:54.368,bitmex,XRP/USDT:USDT,3.1384,30700.0,3.1382,14600.0,3.1396,14600.0,3.1397,702900.0
1753769394417,06:09:54.417,bitmex,XRP/USDT:USDT,3.1387,7700.0,3.1386,7700.0,3.1393,32300.0,3.1394,107700.0
1753769394466,06:09:54.466,bitmex,XRP/USDT:USDT,3.1389,7700.0,3.1384,15600.0,3.1393,32300.0,3.1394,107700.0
1753769394515,06:09:54.515,bitmex,XRP/USDT:USDT,3.1389,7700.0,3.1383,37400.0,3.1393,32300.0,3.1394,107700.0
1753769394564,06:09:54.564,bitmex,XRP/USDT:USDT,3.1389,7700.0,3.1383,37400.0,3.1393,32300.0,3.1394,107700.0
1753769394617,06:09:54.617,bitmex,XRP/USDT:USDT,3.1389,7700.0,3.1383,37400.0,3.1393,32300.0,3.1394,107700.0
1753769394691,06:09:54.691,bitmex,XRP/USDT:USDT,3.1389,7700.0,3.1383,37400.0,3.1393,32300.0,3.1394,107700.0
1753769394740,06:09:54.740,bitmex,XRP/USDT:USDT,3.1389,7700.0,3.1383,37400.0,3.1393,32300.0,3.1394,107700.0
1753769394789,06:09:54.789,bitmex,XRP/USDT:USDT,3.1389,7700.0,3.1383,37400.0,3.1393,32300.0,3.1394,107700.0
1753769394838,06:09:54.838,bitmex,XRP/USDT:USDT,3.1389,7700.0,3.1384,15600.0,3.1393,32300.0,3.1394,107700.0
