timestamp,time,exchange,symbol,bid1_price,bid1_volume,bid2_price,bid2_volume,ask1_price,ask1_volume,ask2_price,ask2_volume
1753769528895,06:12:08.895,deribit,ETH/USDT:USDT,3807.3,0.1,3807.1,0.25,3808.3,0.1,3808.4,0.1
1753769530849,06:12:10.849,deribit,ETH/USDT:USDT,3807.3,0.11,3807.1,0.25,3808.3,0.1,3808.6,0.1
1753769532471,06:12:12.471,deribit,ETH/USDT:USDT,3807.3,0.1,3807.1,0.25,3808.3,0.1,3808.6,0.1
1753769533578,06:12:13.578,deribit,ETH/USDT:USDT,3807.3,0.1,3807.1,0.25,3808.3,0.1,3808.6,0.1
1753769533804,06:12:13.804,deribit,ETH/USDT:USDT,3807.3,0.1,3807.1,0.25,3808.3,0.1,3808.6,0.1
1753769534178,06:12:14.178,deribit,ETH/USDT:USDT,3807.3,0.11,3807.1,0.25,3808.3,0.1,3808.6,0.1
1753769536403,06:12:16.403,deribit,ETH/USDT:USDT,3807.5,0.21,3807.1,0.15,3808.3,0.1,3808.6,0.1
1753769537913,06:12:17.913,deribit,ETH/USDT:USDT,3808.3,0.1,3808.2,0.1,3809.4,0.2,3809.6,6.46
1753769538322,06:12:18.322,deribit,ETH/USDT:USDT,3808.3,0.1,3808.2,0.1,3809.4,0.2,3809.6,6.46
1753769538913,06:12:18.913,deribit,ETH/USDT:USDT,3808.3,0.1,3808.2,0.1,3809.4,0.2,3809.6,6.46
1753769539125,06:12:19.125,deribit,ETH/USDT:USDT,3808.3,0.1,3808.2,0.1,3809.4,0.2,3809.6,6.46
1753769540819,06:12:20.819,deribit,ETH/USDT:USDT,3808.3,0.11,3808.2,0.1,3809.4,0.1,3809.6,6.56
1753769541401,06:12:21.401,deribit,ETH/USDT:USDT,3808.3,0.1,3808.2,0.1,3809.4,0.1,3809.6,6.56
1753769541783,06:12:21.783,deribit,ETH/USDT:USDT,3808.7,0.1,3808.6,0.1,3809.4,0.1,3809.6,0.1
1753769542415,06:12:22.415,deribit,ETH/USDT:USDT,3808.7,0.1,3808.3,0.1,3809.4,0.1,3809.6,0.1
1753769543088,06:12:23.088,deribit,ETH/USDT:USDT,3808.7,0.1,3808.3,0.1,3809.4,0.1,3809.6,0.1
1753769546091,06:12:26.091,deribit,ETH/USDT:USDT,3808.7,0.1,3808.3,0.1,3809.4,0.1,3809.6,0.1
1753769546497,06:12:26.497,deribit,ETH/USDT:USDT,3808.7,0.1,3808.3,0.1,3809.4,0.1,3809.6,0.1
1753769546937,06:12:26.937,deribit,ETH/USDT:USDT,3808.4,0.1,3808.1,0.1,3809.4,0.1,3809.6,0.1
1753769547346,06:12:27.346,deribit,ETH/USDT:USDT,3808.4,0.1,3808.1,0.1,3809.4,0.1,3809.6,0.1
1753769548858,06:12:28.858,deribit,ETH/USDT:USDT,3808.4,0.1,3808.1,0.1,3809.2,0.2,3810.0,0.15
1753769549597,06:12:29.597,deribit,ETH/USDT:USDT,3808.2,0.1,3807.9,0.1,3809.2,0.2,3810.0,0.15
1753769549795,06:12:29.795,deribit,ETH/USDT:USDT,3808.2,0.1,3807.9,0.1,3809.0,0.1,3809.2,0.24
1753769552612,06:12:32.612,deribit,ETH/USDT:USDT,3808.5,0.1,3808.4,0.1,3809.6,0.2,3809.8,0.15
1753769552970,06:12:32.970,deribit,ETH/USDT:USDT,3808.5,0.11,3808.4,0.1,3809.6,0.2,3809.8,0.15
1753769553377,06:12:33.377,deribit,ETH/USDT:USDT,3808.5,0.01,3808.4,0.1,3809.6,0.1,3809.8,0.1
1753769553565,06:12:33.565,deribit,ETH/USDT:USDT,3808.7,0.11,3808.4,0.1,3809.6,0.1,3809.8,0.1
1753769553865,06:12:33.865,deribit,ETH/USDT:USDT,3808.9,0.11,3808.8,0.1,3809.6,0.1,3810.0,0.1
1753769554231,06:12:34.231,deribit,ETH/USDT:USDT,3808.9,0.1,3808.8,0.1,3809.6,0.1,3810.0,0.1
1753769554596,06:12:34.596,deribit,ETH/USDT:USDT,3808.9,0.1,3808.8,0.1,3809.9,0.1,3810.0,0.1
1753769559365,06:12:39.365,deribit,ETH/USDT:USDT,3808.9,0.1,3808.8,0.1,3809.9,0.1,3810.0,0.1
1753769559464,06:12:39.464,deribit,ETH/USDT:USDT,3808.9,0.1,3808.8,0.1,3809.9,0.1,3810.0,0.1
1753769562065,06:12:42.065,deribit,ETH/USDT:USDT,3808.9,0.11,3808.8,0.1,3809.9,0.1,3810.0,0.1
1753769563371,06:12:43.371,deribit,ETH/USDT:USDT,3808.9,0.1,3808.8,0.1,3809.9,0.1,3810.0,0.1
1753769564006,06:12:44.006,deribit,ETH/USDT:USDT,3808.9,0.1,3808.8,0.1,3809.9,0.1,3810.0,0.1
1753769564980,06:12:44.980,deribit,ETH/USDT:USDT,3808.9,0.11,3808.8,0.1,3809.9,0.1,3810.0,0.1
1753769565028,06:12:45.028,deribit,ETH/USDT:USDT,3808.9,0.1,3808.8,0.1,3809.9,0.1,3810.0,0.1
1753769565553,06:12:45.553,deribit,ETH/USDT:USDT,3808.9,0.1,3808.8,0.1,3809.9,0.1,3810.0,0.1
1753769565945,06:12:45.945,deribit,ETH/USDT:USDT,3808.9,0.11,3808.8,0.1,3809.9,0.1,3810.0,0.1
1753769569112,06:12:49.112,deribit,ETH/USDT:USDT,3809.1,0.11,3808.8,0.1,3809.9,0.1,3810.2,0.25
1753769572254,06:12:52.254,deribit,ETH/USDT:USDT,3809.1,0.1,3808.8,0.1,3809.9,0.1,3810.2,0.1
1753769572406,06:12:52.406,deribit,ETH/USDT:USDT,3809.1,0.1,3808.8,0.1,3809.9,0.1,3810.2,0.1
1753769572747,06:12:52.747,deribit,ETH/USDT:USDT,3809.1,0.11,3808.8,0.1,3809.9,0.1,3810.2,0.1
1753769573174,06:12:53.174,deribit,ETH/USDT:USDT,3809.1,0.11,3808.8,0.1,3809.9,0.1,3810.2,0.1
1753769573583,06:12:53.583,deribit,ETH/USDT:USDT,3809.1,0.11,3808.8,0.1,3809.9,0.1,3810.2,0.1
1753769575505,06:12:55.505,deribit,ETH/USDT:USDT,3809.3,0.1,3809.2,0.11,3809.9,0.1,3810.2,0.1
1753769575955,06:12:55.955,deribit,ETH/USDT:USDT,3809.3,0.1,3809.2,0.1,3809.9,0.1,3810.2,0.1
1753769579606,06:12:59.606,deribit,ETH/USDT:USDT,3809.3,0.1,3809.2,0.1,3809.9,0.1,3810.2,0.1
1753769584406,06:13:04.406,deribit,ETH/USDT:USDT,3809.3,0.1,3809.2,0.1,3809.9,0.1,3810.2,0.1
1753769584752,06:13:04.752,deribit,ETH/USDT:USDT,3809.3,0.1,3809.0,0.1,3809.9,0.1,3810.2,0.1
1753769590006,06:13:10.006,deribit,ETH/USDT:USDT,3809.3,0.1,3809.0,0.1,3809.9,0.1,3810.2,0.1
1753769593716,06:13:13.716,deribit,ETH/USDT:USDT,3808.8,0.1,3808.7,0.1,3809.9,0.1,3810.2,0.1
1753769594094,06:13:14.094,deribit,ETH/USDT:USDT,3808.8,0.1,3808.7,0.1,3809.9,0.1,3810.2,0.1
1753769595642,06:13:15.642,deribit,ETH/USDT:USDT,3808.8,0.1,3808.7,0.1,3809.7,0.1,3809.8,0.1
1753769596588,06:13:16.588,deribit,ETH/USDT:USDT,3808.8,0.1,3808.7,0.1,3809.7,0.1,3809.8,0.1
1753769600203,06:13:20.203,deribit,ETH/USDT:USDT,3808.8,0.1,3808.7,0.1,3809.7,0.1,3809.8,0.1
1753769600806,06:13:20.806,deribit,ETH/USDT:USDT,3808.8,0.1,3808.7,0.1,3809.7,0.1,3809.8,0.1
1753769602153,06:13:22.153,deribit,ETH/USDT:USDT,3808.8,0.1,3808.5,6.45,3809.7,0.1,3809.8,0.1
1753769602291,06:13:22.291,deribit,ETH/USDT:USDT,3808.8,0.1,3808.5,6.55,3809.7,0.1,3809.8,0.24
1753769602721,06:13:22.721,deribit,ETH/USDT:USDT,3808.6,0.1,3808.5,6.45,3809.4,0.2,3809.8,0.15
1753769603233,06:13:23.233,deribit,ETH/USDT:USDT,3808.6,0.1,3808.5,6.45,3809.4,0.2,3809.8,0.14
1753769604709,06:13:24.709,deribit,ETH/USDT:USDT,3808.6,0.1,3808.5,6.45,3809.4,0.2,3809.8,0.14
1753769610012,06:13:30.012,deribit,ETH/USDT:USDT,3808.6,0.1,3808.5,6.45,3809.4,0.2,3809.8,0.14
1753769610746,06:13:30.746,deribit,ETH/USDT:USDT,3808.6,0.1,3808.5,6.45,3809.4,0.2,3809.6,0.15
1753769610896,06:13:30.896,deribit,ETH/USDT:USDT,3808.6,0.1,3808.5,6.45,3809.9,0.1,3810.0,0.1
1753769611389,06:13:31.389,deribit,ETH/USDT:USDT,3808.8,0.1,3808.7,0.1,3809.8,0.1,3809.9,0.1
1753769611489,06:13:31.489,deribit,ETH/USDT:USDT,3808.8,0.1,3808.7,0.1,3809.8,0.1,3809.9,0.1
1753769613064,06:13:33.064,deribit,ETH/USDT:USDT,3808.8,0.1,3808.7,0.1,3809.8,0.1,3809.9,0.1
1753769613165,06:13:33.165,deribit,ETH/USDT:USDT,3808.8,0.1,3808.7,0.1,3809.8,0.1,3809.9,0.1
1753769614214,06:13:34.214,deribit,ETH/USDT:USDT,3808.8,0.1,3808.7,0.1,3809.8,0.1,3809.9,0.1
1753769614519,06:13:34.519,deribit,ETH/USDT:USDT,3808.8,0.1,3808.7,0.1,3809.8,0.1,3809.9,0.1
1753769617249,06:13:37.249,deribit,ETH/USDT:USDT,3808.8,0.1,3808.7,0.1,3809.8,0.1,3809.9,0.1
1753769617377,06:13:37.377,deribit,ETH/USDT:USDT,3808.8,0.1,3808.7,0.1,3809.8,0.1,3809.9,0.24
1753769619210,06:13:39.210,deribit,ETH/USDT:USDT,3808.8,0.1,3808.7,0.1,3809.8,0.1,3809.9,0.24
1753769619212,06:13:39.212,deribit,ETH/USDT:USDT,3808.8,0.1,3808.7,0.1,3809.8,0.1,3809.9,0.24
1753769620945,06:13:40.945,deribit,ETH/USDT:USDT,3808.8,0.1,3808.7,0.1,3809.8,0.1,3809.9,0.24
1753769621166,06:13:41.166,deribit,ETH/USDT:USDT,3808.8,0.11,3808.7,0.1,3809.8,0.1,3809.9,0.24
1753769621572,06:13:41.572,deribit,ETH/USDT:USDT,3808.8,0.1,3808.7,0.1,3809.8,0.1,3809.9,0.24
1753769623250,06:13:43.250,deribit,ETH/USDT:USDT,3808.8,0.1,3808.7,0.1,3809.8,0.1,3809.9,0.24
1753769623610,06:13:43.610,deribit,ETH/USDT:USDT,3808.8,0.1,3808.7,0.1,3809.8,0.1,3809.9,0.1
1753769623710,06:13:43.710,deribit,ETH/USDT:USDT,3808.8,0.1,3808.7,0.1,3809.8,0.1,3809.9,0.24
1753769624099,06:13:44.099,deribit,ETH/USDT:USDT,3808.8,0.1,3808.7,0.1,3809.8,0.1,3809.9,0.24
1753769624782,06:13:44.782,deribit,ETH/USDT:USDT,3808.8,0.1,3808.7,0.1,3809.8,0.1,3809.9,0.24
1753769625728,06:13:45.728,deribit,ETH/USDT:USDT,3808.8,0.11,3808.7,0.1,3809.8,0.1,3809.9,0.24
1753769628137,06:13:48.137,deribit,ETH/USDT:USDT,3808.8,0.1,3808.7,0.1,3809.8,0.1,3809.9,0.24
1753769628139,06:13:48.139,deribit,ETH/USDT:USDT,3808.8,0.1,3808.7,0.1,3809.8,0.1,3809.9,0.24
1753769628898,06:13:48.898,deribit,ETH/USDT:USDT,3808.8,0.11,3808.7,0.1,3809.8,0.1,3809.9,0.24
1753769629507,06:13:49.507,deribit,ETH/USDT:USDT,3808.8,0.1,3808.7,0.1,3809.8,0.1,3809.9,0.24
1753769629509,06:13:49.509,deribit,ETH/USDT:USDT,3808.8,0.1,3808.7,0.1,3809.8,0.1,3809.9,0.24
1753769632692,06:13:52.692,deribit,ETH/USDT:USDT,3808.8,0.1,3808.7,0.1,3809.8,0.1,3809.9,0.24
1753769633410,06:13:53.410,deribit,ETH/USDT:USDT,3808.8,0.1,3808.7,0.1,3809.8,0.1,3809.9,0.24
1753769633613,06:13:53.613,deribit,ETH/USDT:USDT,3808.8,0.1,3808.7,0.1,3809.8,0.1,3809.9,0.24
1753769635695,06:13:55.695,deribit,ETH/USDT:USDT,3808.8,0.1,3808.7,0.1,3809.8,0.1,3809.9,0.24
1753769636135,06:13:56.135,deribit,ETH/USDT:USDT,3808.8,0.11,3808.7,0.1,3809.7,0.1,3809.9,0.1
1753769636503,06:13:56.503,deribit,ETH/USDT:USDT,3809.1,0.21,3808.4,0.14,3810.3,0.2,3810.6,0.08
1753769640029,06:14:00.029,deribit,ETH/USDT:USDT,3809.1,0.2,3808.4,0.14,3810.3,0.2,3810.6,0.08
1753769641021,06:14:01.021,deribit,ETH/USDT:USDT,3809.1,0.21,3808.4,0.14,3810.3,0.2,3810.6,0.08
1753769641972,06:14:01.972,deribit,ETH/USDT:USDT,3809.1,0.2,3808.4,0.14,3810.3,0.2,3810.5,0.14
1753769642252,06:14:02.252,deribit,ETH/USDT:USDT,3809.1,0.2,3808.4,0.14,3810.3,0.2,3811.4,30.24
1753769642353,06:14:02.353,deribit,ETH/USDT:USDT,3809.1,0.2,3808.4,0.14,3810.3,0.2,3810.5,0.14
1753769643004,06:14:03.004,deribit,ETH/USDT:USDT,3809.1,0.21,3808.4,0.14,3810.3,0.2,3810.5,0.14
1753769643207,06:14:03.207,deribit,ETH/USDT:USDT,3809.1,0.2,3808.4,0.14,3810.3,0.2,3810.5,0.14
1753769643611,06:14:03.611,deribit,ETH/USDT:USDT,3809.1,0.21,3808.4,0.14,3810.3,0.2,3810.5,0.14
1753769643944,06:14:03.944,deribit,ETH/USDT:USDT,3809.1,0.2,3808.4,0.14,3810.3,0.2,3810.5,0.14
1753769644022,06:14:04.022,deribit,ETH/USDT:USDT,3809.1,0.2,3808.4,0.14,3810.3,0.2,3810.5,0.14
1753769645043,06:14:05.043,deribit,ETH/USDT:USDT,3809.1,0.21,3808.4,0.14,3810.3,0.2,3810.5,0.14
1753769646948,06:14:06.948,deribit,ETH/USDT:USDT,3809.3,0.11,3809.1,0.1,3810.3,0.2,3811.4,30.24
1753769647019,06:14:07.019,deribit,ETH/USDT:USDT,3809.3,0.11,3809.1,0.1,3810.3,0.2,3810.6,0.15
1753769648232,06:14:08.232,deribit,ETH/USDT:USDT,3809.3,0.1,3809.1,0.1,3810.3,0.2,3810.6,0.15
1753769650222,06:14:10.222,deribit,ETH/USDT:USDT,3809.3,0.1,3809.1,0.1,3810.3,0.2,3810.6,0.15
1753769651031,06:14:11.031,deribit,ETH/USDT:USDT,3809.3,0.1,3809.1,0.1,3810.3,0.2,3810.6,0.14
1753769653171,06:14:13.171,deribit,ETH/USDT:USDT,3809.3,0.11,3809.1,0.1,3810.3,0.2,3810.6,0.14
1753769654644,06:14:14.644,deribit,ETH/USDT:USDT,3809.3,0.1,3809.1,0.1,3810.3,0.2,3810.6,0.14
1753769655022,06:14:15.022,deribit,ETH/USDT:USDT,3809.3,0.1,3809.1,0.1,3810.3,0.2,3810.6,0.14
