timestamp,time,exchange,symbol,bid1_price,bid1_volume,bid2_price,bid2_volume,ask1_price,ask1_volume,ask2_price,ask2_volume
1753769305723,06:08:25.723,bybit,ETH/USDT:USDT,3810.87,124.25,3810.84,2.71,3810.88,0.27,3810.89,0.01
1753769305820,06:08:25.820,bybit,ETH/USDT:USDT,3810.87,87.32,3810.84,2.71,3810.88,42.09,3810.89,0.01
1753769305919,06:08:25.919,bybit,ETH/USDT:USDT,3810.87,91.79,3810.84,2.71,3810.88,44.88,3810.89,0.01
1753769306020,06:08:26.020,bybit,ETH/USDT:USDT,3810.87,74.69,3810.84,2.71,3810.88,40.47,3810.89,0.01
1753769306119,06:08:26.119,bybit,ETH/USDT:USDT,3810.87,74.69,3810.84,2.71,3810.88,40.47,3810.89,0.01
1753769306319,06:08:26.319,bybit,ETH/USDT:USDT,3810.87,73.48,3810.84,2.71,3810.88,37.36,3810.89,0.01
1753769306519,06:08:26.519,bybit,ETH/USDT:USDT,3810.87,66.14,3810.84,0.08,3810.88,49.43,3810.89,0.01
1753769306618,06:08:26.618,bybit,ETH/USDT:USDT,3810.87,71.86,3810.84,0.08,3810.88,12.43,3810.89,0.01
1753769306719,06:08:26.719,bybit,ETH/USDT:USDT,3810.87,71.86,3810.84,0.08,3810.88,3.83,3810.89,0.01
1753769306818,06:08:26.818,bybit,ETH/USDT:USDT,3810.87,71.86,3810.84,0.08,3810.88,2.83,3810.89,0.01
1753769306918,06:08:26.918,bybit,ETH/USDT:USDT,3810.87,72.03,3810.84,0.08,3810.88,3.45,3810.89,0.01
1753769307119,06:08:27.119,bybit,ETH/USDT:USDT,3810.87,72.03,3810.84,0.08,3810.88,15.02,3810.89,0.01
1753769307719,06:08:27.719,bybit,ETH/USDT:USDT,3810.87,71.81,3810.84,0.08,3810.88,4.54,3810.89,0.01
1753769307818,06:08:27.818,bybit,ETH/USDT:USDT,3810.87,71.81,3810.84,0.08,3810.88,20.73,3810.89,0.01
1753769307918,06:08:27.918,bybit,ETH/USDT:USDT,3810.87,71.81,3810.84,0.08,3810.88,21.43,3810.89,0.01
1753769308019,06:08:28.019,bybit,ETH/USDT:USDT,3810.87,71.81,3810.84,0.08,3810.88,21.43,3810.89,0.01
1753769308118,06:08:28.118,bybit,ETH/USDT:USDT,3810.87,71.78,3810.84,0.08,3810.88,21.47,3810.89,0.01
1753769308218,06:08:28.218,bybit,ETH/USDT:USDT,3810.87,71.78,3810.84,0.08,3810.88,19.47,3810.89,0.01
1753769308319,06:08:28.319,bybit,ETH/USDT:USDT,3810.87,71.57,3810.84,0.08,3810.88,22.26,3810.89,0.01
1753769308419,06:08:28.419,bybit,ETH/USDT:USDT,3810.87,59.97,3810.84,0.08,3810.88,39.06,3810.89,0.01
1753769308519,06:08:28.519,bybit,ETH/USDT:USDT,3810.87,57.01,3810.84,0.08,3810.88,42.09,3810.89,0.01
1753769308619,06:08:28.619,bybit,ETH/USDT:USDT,3810.87,56.96,3810.84,0.08,3810.88,43.83,3810.89,0.01
1753769308718,06:08:28.718,bybit,ETH/USDT:USDT,3810.87,51.37,3810.84,0.08,3810.88,56.13,3810.89,0.01
1753769308819,06:08:28.819,bybit,ETH/USDT:USDT,3810.87,51.37,3810.84,0.08,3810.88,56.13,3810.89,0.01
1753769308918,06:08:28.918,bybit,ETH/USDT:USDT,3810.87,22.64,3810.84,0.08,3810.88,57.72,3810.89,0.01
1753769309119,06:08:29.119,bybit,ETH/USDT:USDT,3810.84,0.08,3810.81,0.02,3810.85,244.73,3810.86,3.15
1753769309818,06:08:29.818,bybit,ETH/USDT:USDT,3810.84,56.38,3810.81,0.02,3810.85,69.92,3810.86,2.28
1753769309918,06:08:29.918,bybit,ETH/USDT:USDT,3810.84,56.38,3810.81,0.02,3810.85,73.73,3810.86,2.28
1753769310020,06:08:30.020,bybit,ETH/USDT:USDT,3810.84,47.52,3810.81,0.02,3810.85,73.73,3810.86,2.28
1753769310119,06:08:30.119,bybit,ETH/USDT:USDT,3810.84,45.08,3810.81,0.02,3810.85,75.3,3810.86,2.28
1753769310918,06:08:30.918,bybit,ETH/USDT:USDT,3810.84,45.38,3810.81,0.02,3810.85,68.06,3810.86,5.3
1753769311018,06:08:31.018,bybit,ETH/USDT:USDT,3810.84,37.51,3810.81,0.02,3810.85,68.06,3810.86,5.3
1753769311519,06:08:31.519,bybit,ETH/USDT:USDT,3810.84,27.64,3810.81,0.02,3810.85,68.06,3810.86,5.3
1753769311618,06:08:31.618,bybit,ETH/USDT:USDT,3810.84,27.64,3810.81,0.02,3810.85,69.06,3810.86,5.3
1753769311718,06:08:31.718,bybit,ETH/USDT:USDT,3810.84,21.1,3810.81,0.02,3810.85,69.06,3810.86,5.3
1753769311819,06:08:31.819,bybit,ETH/USDT:USDT,3810.84,10.6,3810.81,0.02,3810.85,70.63,3810.86,5.3
1753769311919,06:08:31.919,bybit,ETH/USDT:USDT,3810.84,34.22,3810.81,0.02,3810.85,69.06,3810.86,5.3
1753769312020,06:08:32.020,bybit,ETH/USDT:USDT,3810.84,11.2,3810.81,0.02,3810.85,70.75,3810.86,5.3
1753769312119,06:08:32.119,bybit,ETH/USDT:USDT,3810.84,16.67,3810.81,0.02,3810.85,70.75,3810.86,5.3
1753769312218,06:08:32.218,bybit,ETH/USDT:USDT,3810.84,2.22,3810.81,0.02,3810.85,76.66,3810.86,8.91
1753769312319,06:08:32.319,bybit,ETH/USDT:USDT,3810.84,2.77,3810.81,0.02,3810.85,76.66,3810.86,8.91
1753769312420,06:08:32.420,bybit,ETH/USDT:USDT,3810.66,22.57,3810.62,0.02,3810.67,75.44,3810.7,0.33
1753769312519,06:08:32.519,bybit,ETH/USDT:USDT,3810.66,22.59,3810.62,0.02,3810.67,75.54,3810.7,0.33
1753769312618,06:08:32.618,bybit,ETH/USDT:USDT,3810.66,31.95,3810.62,0.02,3810.67,73.97,3810.7,0.33
1753769312718,06:08:32.718,bybit,ETH/USDT:USDT,3810.66,31.95,3810.62,0.02,3810.67,76.9,3810.7,0.33
1753769312818,06:08:32.818,bybit,ETH/USDT:USDT,3810.66,39.82,3810.62,0.02,3810.67,76.9,3810.7,0.33
1753769313219,06:08:33.219,bybit,ETH/USDT:USDT,3810.66,40.8,3810.62,0.02,3810.67,45.39,3810.7,0.33
1753769313318,06:08:33.318,bybit,ETH/USDT:USDT,3810.66,40.8,3810.62,0.02,3810.67,45.39,3810.7,0.33
1753769313418,06:08:33.418,bybit,ETH/USDT:USDT,3810.66,40.8,3810.62,0.02,3810.67,45.63,3810.7,0.33
1753769313518,06:08:33.518,bybit,ETH/USDT:USDT,3810.66,40.8,3810.62,0.02,3810.67,45.63,3810.7,0.33
1753769313618,06:08:33.618,bybit,ETH/USDT:USDT,3810.66,40.8,3810.62,0.02,3810.67,45.63,3810.7,0.33
1753769313718,06:08:33.718,bybit,ETH/USDT:USDT,3810.66,40.8,3810.62,0.02,3810.67,45.63,3810.7,0.33
1753769313818,06:08:33.818,bybit,ETH/USDT:USDT,3810.66,43.57,3810.62,0.02,3810.67,42.86,3810.7,0.33
1753769313919,06:08:33.919,bybit,ETH/USDT:USDT,3810.66,43.55,3810.62,0.02,3810.67,34.62,3810.7,0.33
1753769314020,06:08:34.020,bybit,ETH/USDT:USDT,3810.66,40.97,3810.62,0.02,3810.67,46.98,3810.7,0.33
1753769314119,06:08:34.119,bybit,ETH/USDT:USDT,3810.66,42.38,3810.62,0.02,3810.67,43.31,3810.7,0.33
1753769314219,06:08:34.219,bybit,ETH/USDT:USDT,3810.66,43.82,3810.62,0.02,3810.67,52.28,3810.7,0.33
1753769314319,06:08:34.319,bybit,ETH/USDT:USDT,3810.66,41.18,3810.62,0.02,3810.67,52.28,3810.7,0.33
1753769314419,06:08:34.419,bybit,ETH/USDT:USDT,3810.66,43.25,3810.62,0.02,3810.67,51.72,3810.7,0.33
1753769314518,06:08:34.518,bybit,ETH/USDT:USDT,3810.66,43.25,3810.62,0.02,3810.67,51.72,3810.7,0.33
1753769314618,06:08:34.618,bybit,ETH/USDT:USDT,3810.66,47.72,3810.62,0.02,3810.67,46.72,3810.7,0.33
1753769314719,06:08:34.719,bybit,ETH/USDT:USDT,3810.66,44.89,3810.62,0.02,3810.67,46.74,3810.7,0.33
1753769314818,06:08:34.818,bybit,ETH/USDT:USDT,3810.66,44.89,3810.62,0.02,3810.67,49.3,3810.7,0.33
1753769314919,06:08:34.919,bybit,ETH/USDT:USDT,3810.66,44.89,3810.62,0.02,3810.67,49.3,3810.7,0.33
1753769315018,06:08:35.018,bybit,ETH/USDT:USDT,3810.66,44.89,3810.62,0.02,3810.67,49.38,3810.7,0.33
1753769315119,06:08:35.119,bybit,ETH/USDT:USDT,3810.66,50.47,3810.62,0.02,3810.67,46.82,3810.7,0.33
1753769315218,06:08:35.218,bybit,ETH/USDT:USDT,3810.66,50.47,3810.62,0.02,3810.67,46.82,3810.7,0.33
1753769315319,06:08:35.319,bybit,ETH/USDT:USDT,3810.66,53.76,3810.62,0.02,3810.67,46.82,3810.7,0.33
1753769315418,06:08:35.418,bybit,ETH/USDT:USDT,3810.66,53.86,3810.62,0.02,3810.67,46.82,3810.7,0.33
1753769315519,06:08:35.519,bybit,ETH/USDT:USDT,3810.66,53.86,3810.62,0.02,3810.67,48.82,3810.7,5.33
1753769315619,06:08:35.619,bybit,ETH/USDT:USDT,3810.66,51.66,3810.62,0.02,3810.67,48.82,3810.69,1.7
1753769315719,06:08:35.719,bybit,ETH/USDT:USDT,3810.66,51.66,3810.62,0.02,3810.67,48.82,3810.69,1.7
1753769315818,06:08:35.818,bybit,ETH/USDT:USDT,3810.66,39.43,3810.62,0.02,3810.67,51.38,3810.69,1.7
1753769315919,06:08:35.919,bybit,ETH/USDT:USDT,3810.66,30.18,3810.62,0.02,3810.67,51.38,3810.69,1.7
1753769316019,06:08:36.019,bybit,ETH/USDT:USDT,3810.66,29.63,3810.62,0.02,3810.67,50.7,3810.69,1.7
1753769316118,06:08:36.118,bybit,ETH/USDT:USDT,3810.66,33.04,3810.62,0.02,3810.67,50.7,3810.69,1.7
1753769316218,06:08:36.218,bybit,ETH/USDT:USDT,3810.66,33.21,3810.62,0.02,3810.67,50.7,3810.69,1.7
1753769316318,06:08:36.318,bybit,ETH/USDT:USDT,3810.66,34.78,3810.62,0.02,3810.67,50.7,3810.69,1.7
1753769316418,06:08:36.418,bybit,ETH/USDT:USDT,3810.66,43.65,3810.62,0.02,3810.67,48.14,3810.69,1.7
1753769316519,06:08:36.519,bybit,ETH/USDT:USDT,3810.66,43.65,3810.62,0.02,3810.67,48.14,3810.69,1.7
1753769316619,06:08:36.619,bybit,ETH/USDT:USDT,3810.66,41.0,3810.62,0.02,3810.67,48.14,3810.69,1.7
1753769316718,06:08:36.718,bybit,ETH/USDT:USDT,3810.66,41.0,3810.62,0.02,3810.67,48.14,3810.69,1.7
1753769316819,06:08:36.819,bybit,ETH/USDT:USDT,3810.66,44.76,3810.62,0.02,3810.67,48.14,3810.69,1.7
1753769316918,06:08:36.918,bybit,ETH/USDT:USDT,3810.66,44.76,3810.62,0.02,3810.67,47.95,3810.69,1.7
1753769317019,06:08:37.019,bybit,ETH/USDT:USDT,3810.66,45.47,3810.62,0.02,3810.67,47.49,3810.69,1.7
1753769317119,06:08:37.119,bybit,ETH/USDT:USDT,3810.66,44.43,3810.62,0.02,3810.67,47.49,3810.69,1.7
1753769317218,06:08:37.218,bybit,ETH/USDT:USDT,3810.66,44.43,3810.62,0.02,3810.67,47.49,3810.69,1.7
1753769317318,06:08:37.318,bybit,ETH/USDT:USDT,3810.66,45.88,3810.62,0.02,3810.67,47.48,3810.69,1.7
1753769317418,06:08:37.418,bybit,ETH/USDT:USDT,3810.66,45.88,3810.62,0.02,3810.67,48.48,3810.69,1.7
1753769317519,06:08:37.519,bybit,ETH/USDT:USDT,3810.66,45.88,3810.62,0.02,3810.67,48.48,3810.69,1.7
1753769317618,06:08:37.618,bybit,ETH/USDT:USDT,3810.66,45.88,3810.62,0.02,3810.67,48.48,3810.69,1.7
1753769317719,06:08:37.719,bybit,ETH/USDT:USDT,3810.66,46.06,3810.62,0.02,3810.67,48.36,3810.69,1.7
1753769317819,06:08:37.819,bybit,ETH/USDT:USDT,3810.66,45.85,3810.62,0.02,3810.67,50.92,3810.69,1.7
1753769317918,06:08:37.918,bybit,ETH/USDT:USDT,3810.66,46.82,3810.62,0.02,3810.67,50.92,3810.69,1.7
1753769318020,06:08:38.020,bybit,ETH/USDT:USDT,3810.66,47.03,3810.62,0.02,3810.67,48.36,3810.69,1.7
1753769318119,06:08:38.119,bybit,ETH/USDT:USDT,3810.66,47.04,3810.62,0.02,3810.67,46.36,3810.69,1.7
1753769318218,06:08:38.218,bybit,ETH/USDT:USDT,3810.66,47.04,3810.62,0.02,3810.67,44.57,3810.69,1.7
1753769318319,06:08:38.319,bybit,ETH/USDT:USDT,3810.66,47.04,3810.62,0.02,3810.67,44.57,3810.69,1.7
1753769318419,06:08:38.419,bybit,ETH/USDT:USDT,3810.66,51.77,3810.62,0.02,3810.67,45.57,3810.69,1.7
1753769318519,06:08:38.519,bybit,ETH/USDT:USDT,3810.66,57.5,3810.62,0.02,3810.67,45.57,3810.69,1.7
1753769318619,06:08:38.619,bybit,ETH/USDT:USDT,3810.66,54.75,3810.62,0.02,3810.67,48.34,3810.69,1.7
1753769318718,06:08:38.718,bybit,ETH/USDT:USDT,3810.66,54.74,3810.62,0.02,3810.67,50.34,3810.69,1.7
1753769318818,06:08:38.818,bybit,ETH/USDT:USDT,3810.66,57.67,3810.62,0.02,3810.67,46.75,3810.69,1.7
1753769318919,06:08:38.919,bybit,ETH/USDT:USDT,3810.66,58.11,3810.62,0.02,3810.67,46.75,3810.69,1.7
1753769319019,06:08:39.019,bybit,ETH/USDT:USDT,3810.66,58.11,3810.62,0.02,3810.67,46.75,3810.69,1.7
1753769319119,06:08:39.119,bybit,ETH/USDT:USDT,3810.66,57.9,3810.62,0.02,3810.67,46.75,3810.69,1.7
1753769319218,06:08:39.218,bybit,ETH/USDT:USDT,3810.66,57.9,3810.62,0.02,3810.67,49.34,3810.69,1.7
1753769319318,06:08:39.318,bybit,ETH/USDT:USDT,3810.66,57.9,3810.62,0.02,3810.67,49.34,3810.69,1.7
1753769319418,06:08:39.418,bybit,ETH/USDT:USDT,3810.66,57.9,3810.62,0.02,3810.67,49.34,3810.69,1.7
1753769319519,06:08:39.519,bybit,ETH/USDT:USDT,3810.66,54.74,3810.62,0.02,3810.67,49.34,3810.69,1.7
1753769319618,06:08:39.618,bybit,ETH/USDT:USDT,3810.66,54.74,3810.62,0.02,3810.67,49.34,3810.69,1.7
1753769319719,06:08:39.719,bybit,ETH/USDT:USDT,3810.66,54.74,3810.62,0.02,3810.67,49.34,3810.69,1.7
1753769319818,06:08:39.818,bybit,ETH/USDT:USDT,3810.66,58.02,3810.62,0.02,3810.67,49.34,3810.69,1.7
1753769319919,06:08:39.919,bybit,ETH/USDT:USDT,3810.66,58.0,3810.62,0.02,3810.67,49.34,3810.69,1.7
1753769320018,06:08:40.018,bybit,ETH/USDT:USDT,3810.66,58.0,3810.62,0.02,3810.67,49.34,3810.69,1.7
1753769320119,06:08:40.119,bybit,ETH/USDT:USDT,3810.66,57.9,3810.62,0.02,3810.67,49.34,3810.69,1.7
1753769320218,06:08:40.218,bybit,ETH/USDT:USDT,3810.66,54.62,3810.62,0.02,3810.67,49.37,3810.69,1.7
1753769320319,06:08:40.319,bybit,ETH/USDT:USDT,3810.66,54.62,3810.62,0.02,3810.67,51.1,3810.69,1.7
1753769320419,06:08:40.419,bybit,ETH/USDT:USDT,3810.66,58.47,3810.62,0.02,3810.67,51.1,3810.69,1.7
1753769320519,06:08:40.519,bybit,ETH/USDT:USDT,3810.66,58.47,3810.62,0.02,3810.67,51.1,3810.69,1.7
1753769320619,06:08:40.619,bybit,ETH/USDT:USDT,3810.66,58.47,3810.62,0.02,3810.67,51.1,3810.69,1.7
1753769320719,06:08:40.719,bybit,ETH/USDT:USDT,3810.66,58.47,3810.62,0.02,3810.67,51.1,3810.69,1.7
1753769320819,06:08:40.819,bybit,ETH/USDT:USDT,3810.66,44.51,3810.62,0.02,3810.67,51.1,3810.69,1.7
1753769320919,06:08:40.919,bybit,ETH/USDT:USDT,3810.66,48.32,3810.62,0.02,3810.67,51.1,3810.69,1.7
1753769321018,06:08:41.018,bybit,ETH/USDT:USDT,3810.66,48.53,3810.62,0.02,3810.67,51.1,3810.69,1.7
1753769321119,06:08:41.119,bybit,ETH/USDT:USDT,3810.66,57.2,3810.62,0.02,3810.67,51.1,3810.69,1.7
1753769321219,06:08:41.219,bybit,ETH/USDT:USDT,3810.66,57.41,3810.62,0.02,3810.67,46.95,3810.69,1.7
1753769321318,06:08:41.318,bybit,ETH/USDT:USDT,3810.66,57.41,3810.62,0.02,3810.67,46.95,3810.69,1.7
1753769321419,06:08:41.419,bybit,ETH/USDT:USDT,3810.66,57.41,3810.62,0.02,3810.67,59.36,3810.69,1.7
1753769321518,06:08:41.518,bybit,ETH/USDT:USDT,3810.66,57.41,3810.62,0.02,3810.67,59.36,3810.69,1.7
1753769321619,06:08:41.619,bybit,ETH/USDT:USDT,3810.66,57.2,3810.62,0.02,3810.67,59.36,3810.69,1.7
1753769321818,06:08:41.818,bybit,ETH/USDT:USDT,3810.66,56.75,3810.62,0.02,3810.67,59.37,3810.69,1.7
1753769321918,06:08:41.918,bybit,ETH/USDT:USDT,3810.66,56.75,3810.62,0.02,3810.67,61.93,3810.69,1.7
1753769322020,06:08:42.020,bybit,ETH/USDT:USDT,3810.66,56.75,3810.62,0.02,3810.67,61.93,3810.69,1.7
1753769322119,06:08:42.119,bybit,ETH/USDT:USDT,3810.66,23.89,3810.62,0.02,3810.67,64.75,3810.69,1.7
1753769322220,06:08:42.220,bybit,ETH/USDT:USDT,3810.66,23.33,3810.62,0.02,3810.67,86.77,3810.69,11.47
1753769322320,06:08:42.320,bybit,ETH/USDT:USDT,3810.66,23.33,3810.62,0.02,3810.67,92.57,3810.69,11.47
1753769322419,06:08:42.419,bybit,ETH/USDT:USDT,3810.66,23.89,3810.62,0.02,3810.67,77.01,3810.69,11.47
1753769322519,06:08:42.519,bybit,ETH/USDT:USDT,3810.66,23.89,3810.62,0.02,3810.67,76.96,3810.69,12.78
1753769322618,06:08:42.618,bybit,ETH/USDT:USDT,3810.66,23.89,3810.62,0.02,3810.67,78.49,3810.69,11.47
1753769322720,06:08:42.720,bybit,ETH/USDT:USDT,3810.25,21.97,3810.24,0.08,3810.26,161.89,3810.27,2.9
1753769322819,06:08:42.819,bybit,ETH/USDT:USDT,3810.25,21.97,3810.24,0.08,3810.26,161.89,3810.27,2.9
1753769322918,06:08:42.918,bybit,ETH/USDT:USDT,3810.25,44.14,3810.24,0.08,3810.26,110.9,3810.27,2.9
1753769323019,06:08:43.019,bybit,ETH/USDT:USDT,3810.25,42.0,3810.24,0.08,3810.26,99.59,3810.27,1.98
1753769323119,06:08:43.119,bybit,ETH/USDT:USDT,3810.25,50.92,3810.24,0.08,3810.26,99.59,3810.27,1.98
1753769323218,06:08:43.218,bybit,ETH/USDT:USDT,3810.25,53.69,3810.24,0.08,3810.26,99.1,3810.27,1.46
1753769323319,06:08:43.319,bybit,ETH/USDT:USDT,3810.25,53.69,3810.24,0.08,3810.26,85.75,3810.27,0.38
1753769323418,06:08:43.418,bybit,ETH/USDT:USDT,3810.25,50.92,3810.24,0.08,3810.26,90.7,3810.27,0.38
1753769323519,06:08:43.519,bybit,ETH/USDT:USDT,3810.25,41.0,3810.24,0.08,3810.26,95.04,3810.27,0.38
1753769323619,06:08:43.619,bybit,ETH/USDT:USDT,3810.25,22.04,3810.24,0.08,3810.26,160.01,3810.3,0.34
1753769323719,06:08:43.719,bybit,ETH/USDT:USDT,3810.25,22.04,3810.24,0.08,3810.26,160.01,3810.3,0.34
1753769323818,06:08:43.818,bybit,ETH/USDT:USDT,3810.25,81.57,3810.24,0.08,3810.26,127.28,3810.3,0.34
1753769323919,06:08:43.919,bybit,ETH/USDT:USDT,3810.25,79.27,3810.24,0.08,3810.26,127.28,3810.3,0.34
1753769324021,06:08:44.021,bybit,ETH/USDT:USDT,3810.25,83.34,3810.24,0.08,3810.26,127.28,3810.3,0.34
1753769324118,06:08:44.118,bybit,ETH/USDT:USDT,3810.25,75.18,3810.24,0.08,3810.26,127.28,3810.3,0.34
1753769324218,06:08:44.218,bybit,ETH/USDT:USDT,3810.25,75.18,3810.24,0.08,3810.26,127.28,3810.3,0.34
1753769324319,06:08:44.319,bybit,ETH/USDT:USDT,3810.25,61.77,3810.24,0.08,3810.26,128.85,3810.3,0.34
1753769324418,06:08:44.418,bybit,ETH/USDT:USDT,3810.25,58.62,3810.24,0.08,3810.26,127.28,3810.3,0.34
1753769324519,06:08:44.519,bybit,ETH/USDT:USDT,3810.25,56.55,3810.24,0.08,3810.26,128.85,3810.3,0.34
1753769324619,06:08:44.619,bybit,ETH/USDT:USDT,3810.25,56.55,3810.24,0.08,3810.26,128.85,3810.3,0.34
1753769324719,06:08:44.719,bybit,ETH/USDT:USDT,3810.25,28.3,3810.24,0.08,3810.26,140.16,3810.3,0.34
1753769324819,06:08:44.819,bybit,ETH/USDT:USDT,3810.25,28.3,3810.24,0.08,3810.26,140.16,3810.3,0.34
1753769324919,06:08:44.919,bybit,ETH/USDT:USDT,3810.25,28.3,3810.24,0.08,3810.26,140.16,3810.3,0.34
1753769325019,06:08:45.019,bybit,ETH/USDT:USDT,3810.25,28.68,3810.24,0.08,3810.26,140.16,3810.3,0.34
1753769325118,06:08:45.118,bybit,ETH/USDT:USDT,3810.25,38.35,3810.24,0.08,3810.26,140.16,3810.3,0.34
1753769325219,06:08:45.219,bybit,ETH/USDT:USDT,3810.25,27.63,3810.24,0.08,3810.26,152.64,3810.3,0.34
1753769325320,06:08:45.320,bybit,ETH/USDT:USDT,3810.25,27.63,3810.24,0.08,3810.26,154.96,3810.3,0.34
1753769325419,06:08:45.419,bybit,ETH/USDT:USDT,3810.25,28.18,3810.24,0.08,3810.26,155.03,3810.3,0.34
1753769325518,06:08:45.518,bybit,ETH/USDT:USDT,3810.25,28.18,3810.24,0.08,3810.26,155.03,3810.3,0.34
1753769325619,06:08:45.619,bybit,ETH/USDT:USDT,3810.25,28.18,3810.24,0.08,3810.26,155.03,3810.3,0.34
1753769325718,06:08:45.718,bybit,ETH/USDT:USDT,3810.25,28.18,3810.24,0.08,3810.26,155.03,3810.3,0.34
1753769325818,06:08:45.818,bybit,ETH/USDT:USDT,3810.25,28.18,3810.24,0.08,3810.26,154.24,3810.3,0.34
1753769325918,06:08:45.918,bybit,ETH/USDT:USDT,3810.25,28.18,3810.24,0.08,3810.26,154.24,3810.3,0.34
1753769326020,06:08:46.020,bybit,ETH/USDT:USDT,3810.25,28.18,3810.24,0.08,3810.26,154.24,3810.3,0.34
1753769326118,06:08:46.118,bybit,ETH/USDT:USDT,3810.25,28.18,3810.24,0.08,3810.26,154.24,3810.3,0.34
1753769326219,06:08:46.219,bybit,ETH/USDT:USDT,3810.25,28.18,3810.24,0.08,3810.26,152.71,3810.3,0.34
1753769326319,06:08:46.319,bybit,ETH/USDT:USDT,3810.25,37.86,3810.24,0.08,3810.26,152.71,3810.3,0.34
1753769326419,06:08:46.419,bybit,ETH/USDT:USDT,3810.25,46.7,3810.24,0.08,3810.26,141.63,3810.3,0.34
1753769326519,06:08:46.519,bybit,ETH/USDT:USDT,3810.25,46.91,3810.24,0.08,3810.26,139.68,3810.3,0.34
1753769326619,06:08:46.619,bybit,ETH/USDT:USDT,3810.25,46.7,3810.24,0.08,3810.26,141.25,3810.3,0.34
1753769326719,06:08:46.719,bybit,ETH/USDT:USDT,3810.25,46.7,3810.24,0.08,3810.26,141.25,3810.3,0.34
1753769326818,06:08:46.818,bybit,ETH/USDT:USDT,3810.25,46.7,3810.24,0.08,3810.26,141.25,3810.3,0.34
1753769326918,06:08:46.918,bybit,ETH/USDT:USDT,3810.25,47.57,3810.24,0.08,3810.26,139.68,3810.3,0.34
1753769327018,06:08:47.018,bybit,ETH/USDT:USDT,3810.25,47.57,3810.24,0.08,3810.26,141.25,3810.3,0.34
1753769327119,06:08:47.119,bybit,ETH/USDT:USDT,3810.25,47.57,3810.24,0.08,3810.26,141.23,3810.3,0.34
1753769327219,06:08:47.219,bybit,ETH/USDT:USDT,3810.25,47.57,3810.24,0.08,3810.26,141.23,3810.3,0.34
1753769327318,06:08:47.318,bybit,ETH/USDT:USDT,3810.25,47.03,3810.24,0.08,3810.26,141.27,3810.3,0.34
1753769327418,06:08:47.418,bybit,ETH/USDT:USDT,3810.25,47.03,3810.24,0.08,3810.26,141.83,3810.3,0.34
1753769327518,06:08:47.518,bybit,ETH/USDT:USDT,3810.25,47.03,3810.24,0.08,3810.26,140.26,3810.3,0.34
1753769327619,06:08:47.619,bybit,ETH/USDT:USDT,3810.25,27.64,3810.24,0.08,3810.26,143.14,3810.3,0.34
1753769327719,06:08:47.719,bybit,ETH/USDT:USDT,3810.25,27.09,3810.24,0.08,3810.26,143.14,3810.3,0.34
1753769327819,06:08:47.819,bybit,ETH/USDT:USDT,3810.25,27.63,3810.24,0.08,3810.26,144.17,3810.3,0.34
1753769327918,06:08:47.918,bybit,ETH/USDT:USDT,3810.25,27.63,3810.24,0.08,3810.26,144.17,3810.3,0.34
1753769328021,06:08:48.021,bybit,ETH/USDT:USDT,3810.25,37.3,3810.24,0.08,3810.26,144.17,3810.3,0.34
1753769328118,06:08:48.118,bybit,ETH/USDT:USDT,3810.25,38.09,3810.24,0.08,3810.26,141.83,3810.3,0.34
1753769328219,06:08:48.219,bybit,ETH/USDT:USDT,3810.25,38.09,3810.24,0.08,3810.26,141.83,3810.3,0.34
1753769328319,06:08:48.319,bybit,ETH/USDT:USDT,3810.25,45.96,3810.24,0.08,3810.26,140.26,3810.3,0.34
1753769328519,06:08:48.519,bybit,ETH/USDT:USDT,3810.25,48.04,3810.24,0.08,3810.26,131.83,3810.3,0.34
1753769328918,06:08:48.918,bybit,ETH/USDT:USDT,3810.25,48.05,3810.24,0.08,3810.26,135.26,3810.3,0.34
1753769329019,06:08:49.019,bybit,ETH/USDT:USDT,3810.25,48.05,3810.24,0.08,3810.26,136.83,3810.3,0.34
1753769329219,06:08:49.219,bybit,ETH/USDT:USDT,3810.25,47.83,3810.24,0.08,3810.26,136.83,3810.3,0.34
1753769329319,06:08:49.319,bybit,ETH/USDT:USDT,3810.25,48.07,3810.24,0.08,3810.26,136.83,3810.3,0.34
1753769329419,06:08:49.419,bybit,ETH/USDT:USDT,3810.25,48.08,3810.24,0.08,3810.26,136.73,3810.3,0.34
1753769329523,06:08:49.523,bybit,ETH/USDT:USDT,3810.25,45.87,3810.24,0.08,3810.26,138.37,3810.3,0.34
1753769329618,06:08:49.618,bybit,ETH/USDT:USDT,3810.25,45.87,3810.24,0.08,3810.26,138.37,3810.3,0.34
1753769329719,06:08:49.719,bybit,ETH/USDT:USDT,3810.25,45.97,3810.24,0.08,3810.26,136.8,3810.3,0.34
1753769329819,06:08:49.819,bybit,ETH/USDT:USDT,3810.25,46.35,3810.24,0.08,3810.26,135.6,3810.3,0.34
1753769329918,06:08:49.918,bybit,ETH/USDT:USDT,3810.25,46.35,3810.24,0.08,3810.26,135.6,3810.3,0.34
1753769330018,06:08:50.018,bybit,ETH/USDT:USDT,3810.25,46.35,3810.24,0.08,3810.26,135.59,3810.3,0.34
1753769330119,06:08:50.119,bybit,ETH/USDT:USDT,3810.25,46.34,3810.24,0.08,3810.26,135.59,3810.3,0.34
1753769330218,06:08:50.218,bybit,ETH/USDT:USDT,3810.25,46.34,3810.24,0.08,3810.26,135.59,3810.3,0.34
1753769330319,06:08:50.319,bybit,ETH/USDT:USDT,3810.25,46.34,3810.24,0.08,3810.26,135.59,3810.3,0.34
1753769330519,06:08:50.519,bybit,ETH/USDT:USDT,3810.25,49.22,3810.24,0.08,3810.26,134.06,3810.3,0.34
1753769330619,06:08:50.619,bybit,ETH/USDT:USDT,3810.25,49.22,3810.24,0.08,3810.26,135.63,3810.3,0.34
1753769330718,06:08:50.718,bybit,ETH/USDT:USDT,3810.25,49.22,3810.24,0.08,3810.26,135.63,3810.3,0.34
1753769330818,06:08:50.818,bybit,ETH/USDT:USDT,3810.25,49.32,3810.24,0.08,3810.26,135.63,3810.3,0.34
1753769330918,06:08:50.918,bybit,ETH/USDT:USDT,3810.25,28.18,3810.24,0.08,3810.26,135.63,3810.3,0.34
1753769331018,06:08:51.018,bybit,ETH/USDT:USDT,3810.25,32.8,3810.24,0.08,3810.26,135.63,3810.3,0.34
1753769331118,06:08:51.118,bybit,ETH/USDT:USDT,3810.25,32.8,3810.24,0.08,3810.26,135.63,3810.3,0.34
1753769331218,06:08:51.218,bybit,ETH/USDT:USDT,3810.25,32.8,3810.24,0.08,3810.26,135.63,3810.3,0.34
1753769331318,06:08:51.318,bybit,ETH/USDT:USDT,3810.25,28.07,3810.24,0.08,3810.26,135.63,3810.3,0.34
1753769331418,06:08:51.418,bybit,ETH/USDT:USDT,3810.25,28.07,3810.24,0.08,3810.26,134.06,3810.3,0.34
1753769331519,06:08:51.519,bybit,ETH/USDT:USDT,3810.25,28.07,3810.24,0.08,3810.26,135.63,3810.3,0.34
1753769331619,06:08:51.619,bybit,ETH/USDT:USDT,3810.25,28.07,3810.24,0.08,3810.26,135.63,3810.3,0.34
1753769331718,06:08:51.718,bybit,ETH/USDT:USDT,3810.25,28.07,3810.24,0.08,3810.26,138.68,3810.3,0.34
1753769331820,06:08:51.820,bybit,ETH/USDT:USDT,3810.11,9.74,3810.1,0.33,3810.12,151.87,3810.2,0.33
1753769331919,06:08:51.919,bybit,ETH/USDT:USDT,3810.11,0.55,3810.09,0.02,3810.12,139.55,3810.16,0.02
1753769332019,06:08:52.019,bybit,ETH/USDT:USDT,3810.11,14.84,3810.09,0.02,3810.12,141.71,3810.16,0.02
1753769332219,06:08:52.219,bybit,ETH/USDT:USDT,3810.11,28.98,3810.09,0.02,3810.12,141.69,3810.16,0.02
1753769332319,06:08:52.319,bybit,ETH/USDT:USDT,3810.11,10.78,3810.09,0.02,3810.12,168.69,3810.16,0.02
1753769332419,06:08:52.419,bybit,ETH/USDT:USDT,3810.11,10.88,3810.09,0.02,3810.12,169.41,3810.16,0.02
1753769332519,06:08:52.519,bybit,ETH/USDT:USDT,3810.11,15.5,3810.09,0.02,3810.12,242.52,3810.16,0.02
1753769332618,06:08:52.618,bybit,ETH/USDT:USDT,3810.11,10.88,3810.09,0.02,3810.12,240.95,3810.16,0.02
1753769332718,06:08:52.718,bybit,ETH/USDT:USDT,3810.11,10.88,3810.09,0.02,3810.12,243.78,3810.16,0.02
1753769332819,06:08:52.819,bybit,ETH/USDT:USDT,3810.11,10.88,3810.09,0.02,3810.12,243.78,3810.16,0.02
1753769332919,06:08:52.919,bybit,ETH/USDT:USDT,3810.02,0.03,3810.0,0.36,3810.03,36.82,3810.07,69.04
1753769333019,06:08:53.019,bybit,ETH/USDT:USDT,3810.0,10.24,3809.98,0.03,3810.01,164.51,3810.02,23.91
1753769333118,06:08:53.118,bybit,ETH/USDT:USDT,3810.0,10.26,3809.98,0.03,3810.01,166.08,3810.02,23.91
1753769333219,06:08:53.219,bybit,ETH/USDT:USDT,3810.0,14.85,3809.98,0.03,3810.01,233.98,3810.02,8.26
1753769333318,06:08:53.318,bybit,ETH/USDT:USDT,3810.0,28.26,3809.98,0.03,3810.01,233.98,3810.02,8.26
1753769333420,06:08:53.420,bybit,ETH/USDT:USDT,3810.0,0.89,3809.98,0.03,3810.01,233.98,3810.02,12.99
1753769333520,06:08:53.520,bybit,ETH/USDT:USDT,3809.7,0.02,3809.68,0.03,3809.71,10.22,3809.75,47.92
1753769333622,06:08:53.622,bybit,ETH/USDT:USDT,3809.61,25.41,3809.6,0.02,3809.62,127.09,3809.66,2.16
1753769333719,06:08:53.719,bybit,ETH/USDT:USDT,3809.61,52.84,3809.6,0.02,3809.62,100.11,3809.66,2.16
1753769333819,06:08:53.819,bybit,ETH/USDT:USDT,3809.61,48.4,3809.6,0.02,3809.62,128.38,3809.66,2.16
1753769333919,06:08:53.919,bybit,ETH/USDT:USDT,3809.61,56.4,3809.6,0.02,3809.62,196.28,3809.66,2.16
1753769334019,06:08:54.019,bybit,ETH/USDT:USDT,3809.61,34.04,3809.6,0.02,3809.62,196.28,3809.66,2.16
1753769334119,06:08:54.119,bybit,ETH/USDT:USDT,3809.47,3.04,3809.45,0.02,3809.48,153.73,3809.5,0.33
1753769334218,06:08:54.218,bybit,ETH/USDT:USDT,3809.47,3.6,3809.45,0.02,3809.48,153.73,3809.5,0.33
1753769334318,06:08:54.318,bybit,ETH/USDT:USDT,3809.47,3.06,3809.45,0.02,3809.48,154.45,3809.5,0.33
1753769334419,06:08:54.419,bybit,ETH/USDT:USDT,3809.47,3.7,3809.45,0.02,3809.48,125.44,3809.5,0.33
1753769334518,06:08:54.518,bybit,ETH/USDT:USDT,3809.47,3.7,3809.45,0.02,3809.48,125.44,3809.5,0.33
1753769334620,06:08:54.620,bybit,ETH/USDT:USDT,3809.47,13.43,3809.45,0.02,3809.48,164.93,3809.5,0.33
1753769334718,06:08:54.718,bybit,ETH/USDT:USDT,3809.47,13.43,3809.45,0.02,3809.48,232.76,3809.5,0.33
1753769334818,06:08:54.818,bybit,ETH/USDT:USDT,3809.47,12.89,3809.45,0.02,3809.48,234.45,3809.5,0.33
1753769334919,06:08:54.919,bybit,ETH/USDT:USDT,3809.47,13.43,3809.45,0.02,3809.48,234.45,3809.5,0.33
1753769335019,06:08:55.019,bybit,ETH/USDT:USDT,3809.47,13.43,3809.45,0.02,3809.48,232.49,3809.5,0.33
1753769335119,06:08:55.119,bybit,ETH/USDT:USDT,3809.47,13.33,3809.45,0.02,3809.48,232.49,3809.5,0.33
1753769335219,06:08:55.219,bybit,ETH/USDT:USDT,3809.47,3.6,3809.45,0.02,3809.48,232.49,3809.5,0.33
1753769335319,06:08:55.319,bybit,ETH/USDT:USDT,3809.47,3.6,3809.45,0.02,3809.48,233.73,3809.5,0.33
1753769335420,06:08:55.420,bybit,ETH/USDT:USDT,3809.24,0.01,3809.22,0.38,3809.25,30.19,3809.31,60.98
1753769335520,06:08:55.520,bybit,ETH/USDT:USDT,3809.2,42.82,3809.18,15.74,3809.21,66.83,3809.23,9.67
1753769335619,06:08:55.619,bybit,ETH/USDT:USDT,3809.2,43.82,3809.18,15.74,3809.21,63.61,3809.23,9.67
1753769335719,06:08:55.719,bybit,ETH/USDT:USDT,3809.2,50.03,3809.18,15.74,3809.21,63.61,3809.23,9.67
1753769335818,06:08:55.818,bybit,ETH/USDT:USDT,3809.2,47.26,3809.18,15.74,3809.21,66.96,3809.23,9.67
1753769335918,06:08:55.918,bybit,ETH/USDT:USDT,3809.2,55.13,3809.18,15.74,3809.21,66.96,3809.23,9.67
1753769336020,06:08:56.020,bybit,ETH/USDT:USDT,3809.2,58.16,3809.18,15.74,3809.21,93.67,3809.23,9.67
1753769336118,06:08:56.118,bybit,ETH/USDT:USDT,3809.2,55.13,3809.18,15.74,3809.21,95.24,3809.23,9.67
1753769336218,06:08:56.218,bybit,ETH/USDT:USDT,3809.2,55.92,3809.18,15.74,3809.21,163.15,3809.22,8.45
1753769336318,06:08:56.318,bybit,ETH/USDT:USDT,3809.2,49.4,3809.18,15.74,3809.21,163.15,3809.22,8.45
1753769336418,06:08:56.418,bybit,ETH/USDT:USDT,3809.2,52.47,3809.18,15.74,3809.21,163.15,3809.22,8.45
1753769336519,06:08:56.519,bybit,ETH/USDT:USDT,3809.2,52.47,3809.18,15.74,3809.21,161.14,3809.22,8.45
1753769336619,06:08:56.619,bybit,ETH/USDT:USDT,3809.2,49.96,3809.18,15.74,3809.21,162.72,3809.22,4.66
1753769336720,06:08:56.720,bybit,ETH/USDT:USDT,3809.2,14.93,3809.18,15.74,3809.21,165.81,3809.22,16.36
1753769336820,06:08:56.820,bybit,ETH/USDT:USDT,3809.2,15.47,3809.18,15.74,3809.21,165.9,3809.22,10.04
1753769336921,06:08:56.921,bybit,ETH/USDT:USDT,3808.95,35.05,3808.93,0.32,3808.96,251.55,3808.98,0.01
1753769337019,06:08:57.019,bybit,ETH/USDT:USDT,3808.95,35.6,3808.93,0.32,3808.96,253.04,3808.97,2.16
1753769337119,06:08:57.119,bybit,ETH/USDT:USDT,3808.95,11.08,3808.93,0.32,3808.96,252.33,3808.97,2.16
1753769337218,06:08:57.218,bybit,ETH/USDT:USDT,3808.95,11.08,3808.93,0.32,3808.96,252.33,3808.97,2.16
1753769337319,06:08:57.319,bybit,ETH/USDT:USDT,3808.95,11.08,3808.93,0.32,3808.96,252.33,3808.97,2.16
1753769337427,06:08:57.427,bybit,ETH/USDT:USDT,3808.95,11.08,3808.93,0.32,3808.96,252.33,3808.97,2.16
1753769337519,06:08:57.519,bybit,ETH/USDT:USDT,3808.95,11.08,3808.93,0.32,3808.96,280.72,3808.97,2.16
1753769337619,06:08:57.619,bybit,ETH/USDT:USDT,3808.95,11.08,3808.93,0.32,3808.96,288.83,3808.97,2.17
1753769337718,06:08:57.718,bybit,ETH/USDT:USDT,3808.95,11.08,3808.86,25.57,3808.96,289.31,3808.97,2.17
1753769337819,06:08:57.819,bybit,ETH/USDT:USDT,3808.95,35.1,3808.86,25.57,3808.96,291.09,3808.97,2.17
1753769337919,06:08:57.919,bybit,ETH/USDT:USDT,3808.95,35.1,3808.86,25.57,3808.96,289.78,3808.97,2.17
1753769338020,06:08:58.020,bybit,ETH/USDT:USDT,3808.95,35.64,3808.86,25.57,3808.96,289.78,3808.97,2.17
1753769338119,06:08:58.119,bybit,ETH/USDT:USDT,3808.95,35.64,3808.86,25.57,3808.96,289.78,3808.97,2.17
1753769338218,06:08:58.218,bybit,ETH/USDT:USDT,3808.95,35.64,3808.86,25.57,3808.96,291.13,3808.97,2.17
1753769338319,06:08:58.319,bybit,ETH/USDT:USDT,3808.95,35.64,3808.86,25.57,3808.96,291.13,3808.97,3.48
1753769338418,06:08:58.418,bybit,ETH/USDT:USDT,3808.95,35.64,3808.86,25.57,3808.96,245.57,3808.97,2.17
1753769338519,06:08:58.519,bybit,ETH/USDT:USDT,3808.95,35.64,3808.86,25.57,3808.96,234.09,3808.97,2.16
1753769338619,06:08:58.619,bybit,ETH/USDT:USDT,3808.95,53.18,3808.86,25.57,3808.96,232.52,3808.97,2.16
1753769338718,06:08:58.718,bybit,ETH/USDT:USDT,3808.95,45.32,3808.86,25.57,3808.96,195.17,3808.97,2.16
1753769338818,06:08:58.818,bybit,ETH/USDT:USDT,3808.95,45.32,3808.86,25.57,3808.96,195.17,3808.97,2.16
1753769338919,06:08:58.919,bybit,ETH/USDT:USDT,3808.95,45.32,3808.86,25.57,3808.96,195.17,3808.97,2.16
1753769339018,06:08:59.018,bybit,ETH/USDT:USDT,3808.95,53.19,3808.86,25.57,3808.96,195.17,3808.97,2.16
1753769339119,06:08:59.119,bybit,ETH/USDT:USDT,3808.95,54.17,3808.86,25.57,3808.96,195.17,3808.97,2.16
1753769339218,06:08:59.218,bybit,ETH/USDT:USDT,3808.95,54.17,3808.86,25.57,3808.96,195.17,3808.97,2.16
1753769339319,06:08:59.319,bybit,ETH/USDT:USDT,3808.95,54.17,3808.86,25.57,3808.96,195.17,3808.97,2.16
1753769339419,06:08:59.419,bybit,ETH/USDT:USDT,3808.95,59.7,3808.9,0.33,3808.96,190.55,3808.97,2.16
1753769339519,06:08:59.519,bybit,ETH/USDT:USDT,3808.95,56.94,3808.9,0.33,3808.96,190.11,3808.97,2.16
1753769339618,06:08:59.618,bybit,ETH/USDT:USDT,3808.95,54.17,3808.9,0.33,3808.96,190.11,3808.97,2.16
1753769339718,06:08:59.718,bybit,ETH/USDT:USDT,3808.95,56.94,3808.9,0.33,3808.96,190.14,3808.97,2.16
1753769339819,06:08:59.819,bybit,ETH/USDT:USDT,3808.95,92.2,3808.92,3.37,3808.96,120.04,3808.98,0.02
1753769339920,06:08:59.920,bybit,ETH/USDT:USDT,3808.95,79.45,3808.92,3.37,3808.96,117.66,3808.98,0.02
1753769340021,06:09:00.021,bybit,ETH/USDT:USDT,3808.95,68.24,3808.9,0.33,3808.96,117.66,3808.98,0.02
1753769340119,06:09:00.119,bybit,ETH/USDT:USDT,3808.95,72.47,3808.9,0.33,3808.96,107.95,3808.98,0.02
1753769340219,06:09:00.219,bybit,ETH/USDT:USDT,3808.95,66.7,3808.9,0.33,3808.96,117.62,3808.98,0.02
1753769340318,06:09:00.318,bybit,ETH/USDT:USDT,3808.95,56.64,3808.9,0.33,3808.96,119.78,3808.98,0.02
1753769340419,06:09:00.419,bybit,ETH/USDT:USDT,3808.95,56.92,3808.9,0.33,3808.96,123.36,3808.98,0.02
1753769340518,06:09:00.518,bybit,ETH/USDT:USDT,3808.95,56.71,3808.9,0.33,3808.96,123.27,3808.98,0.02
1753769340618,06:09:00.618,bybit,ETH/USDT:USDT,3808.95,55.46,3808.9,0.33,3808.96,123.26,3808.98,0.02
1753769340719,06:09:00.719,bybit,ETH/USDT:USDT,3808.95,56.71,3808.9,0.33,3808.96,123.26,3808.98,0.02
1753769340818,06:09:00.818,bybit,ETH/USDT:USDT,3808.95,56.71,3808.9,0.33,3808.96,122.37,3808.98,0.02
1753769340919,06:09:00.919,bybit,ETH/USDT:USDT,3808.95,56.71,3808.9,0.33,3808.96,122.37,3808.98,0.02
1753769341019,06:09:01.019,bybit,ETH/USDT:USDT,3808.95,65.63,3808.9,0.33,3808.96,122.36,3808.98,0.02
1753769341118,06:09:01.118,bybit,ETH/USDT:USDT,3808.95,79.56,3808.9,0.33,3808.96,122.36,3808.98,0.02
1753769341219,06:09:01.219,bybit,ETH/USDT:USDT,3808.95,77.15,3808.9,0.33,3808.96,122.36,3808.98,0.02
1753769341319,06:09:01.319,bybit,ETH/USDT:USDT,3808.95,63.24,3808.9,0.33,3808.96,122.36,3808.98,0.02
1753769341419,06:09:01.419,bybit,ETH/USDT:USDT,3808.95,64.97,3808.9,0.33,3808.96,122.46,3808.98,0.02
1753769341518,06:09:01.518,bybit,ETH/USDT:USDT,3808.95,64.97,3808.9,0.33,3808.96,122.46,3808.98,0.02
1753769341619,06:09:01.619,bybit,ETH/USDT:USDT,3808.95,73.87,3808.9,0.33,3808.96,112.79,3808.98,0.02
1753769341719,06:09:01.719,bybit,ETH/USDT:USDT,3808.95,88.85,3808.9,0.33,3808.96,112.79,3808.98,0.02
1753769341819,06:09:01.819,bybit,ETH/USDT:USDT,3808.95,88.57,3808.9,0.33,3808.96,112.8,3808.98,0.02
1753769341918,06:09:01.918,bybit,ETH/USDT:USDT,3808.95,88.57,3808.9,0.33,3808.96,112.8,3808.98,0.02
1753769342020,06:09:02.020,bybit,ETH/USDT:USDT,3808.95,88.57,3808.9,0.33,3808.96,112.8,3808.98,0.02
1753769342119,06:09:02.119,bybit,ETH/USDT:USDT,3808.95,88.62,3808.9,0.33,3808.96,112.8,3808.98,0.02
1753769342218,06:09:02.218,bybit,ETH/USDT:USDT,3808.95,88.62,3808.9,0.33,3808.96,112.8,3808.98,0.02
1753769342319,06:09:02.319,bybit,ETH/USDT:USDT,3808.95,63.25,3808.93,0.6,3808.96,124.1,3808.98,0.02
1753769342419,06:09:02.419,bybit,ETH/USDT:USDT,3808.95,50.42,3808.93,0.6,3808.96,124.1,3808.98,0.02
1753769342519,06:09:02.519,bybit,ETH/USDT:USDT,3808.95,41.57,3808.88,0.08,3808.96,124.1,3808.98,0.02
1753769342619,06:09:02.619,bybit,ETH/USDT:USDT,3808.95,41.02,3808.88,0.08,3808.96,124.1,3808.98,0.02
1753769342719,06:09:02.719,bybit,ETH/USDT:USDT,3808.95,41.56,3808.88,0.08,3808.96,124.12,3808.98,0.02
1753769342819,06:09:02.819,bybit,ETH/USDT:USDT,3808.95,41.01,3808.86,25.57,3808.96,126.84,3808.98,0.02
1753769342918,06:09:02.918,bybit,ETH/USDT:USDT,3808.95,41.55,3808.86,25.57,3808.96,126.81,3808.98,0.02
1753769343018,06:09:03.018,bybit,ETH/USDT:USDT,3808.95,36.55,3808.86,25.57,3808.96,126.8,3808.98,0.02
1753769343118,06:09:03.118,bybit,ETH/USDT:USDT,3808.95,36.55,3808.86,25.57,3808.96,130.36,3808.98,0.02
1753769343218,06:09:03.218,bybit,ETH/USDT:USDT,3808.95,36.01,3808.86,25.57,3808.96,129.64,3808.98,0.02
1753769343319,06:09:03.319,bybit,ETH/USDT:USDT,3808.95,36.01,3808.86,25.57,3808.96,136.5,3808.98,0.02
1753769343419,06:09:03.419,bybit,ETH/USDT:USDT,3808.95,22.08,3808.86,25.57,3808.96,142.65,3808.98,0.02
1753769343520,06:09:03.520,bybit,ETH/USDT:USDT,3808.8,0.08,3808.75,0.31,3808.81,69.83,3808.84,9.67
1753769343622,06:09:03.622,bybit,ETH/USDT:USDT,3808.39,2.63,3808.3,0.33,3808.4,144.93,3808.41,0.02
1753769343719,06:09:03.719,bybit,ETH/USDT:USDT,3808.39,2.67,3808.3,0.33,3808.4,152.45,3808.41,0.02
1753769343819,06:09:03.819,bybit,ETH/USDT:USDT,3808.39,3.21,3808.28,0.02,3808.4,220.42,3808.41,0.02
1753769343919,06:09:03.919,bybit,ETH/USDT:USDT,3808.39,0.58,3808.28,0.02,3808.4,222.24,3808.41,0.02
1753769344023,06:09:04.023,bybit,ETH/USDT:USDT,3808.17,74.37,3808.16,1.17,3808.18,85.25,3808.19,0.02
1753769344120,06:09:04.120,bybit,ETH/USDT:USDT,3808.17,79.96,3808.16,1.17,3808.18,80.97,3808.19,0.02
1753769344219,06:09:04.219,bybit,ETH/USDT:USDT,3808.17,95.86,3808.16,1.17,3808.18,33.45,3808.19,0.02
1753769344319,06:09:04.319,bybit,ETH/USDT:USDT,3808.17,95.89,3808.16,1.17,3808.18,33.31,3808.19,0.02
1753769344419,06:09:04.419,bybit,ETH/USDT:USDT,3808.17,91.47,3808.16,1.17,3808.18,42.98,3808.19,0.02
1753769344518,06:09:04.518,bybit,ETH/USDT:USDT,3808.17,77.1,3808.16,1.17,3808.18,111.59,3808.19,0.02
1753769344618,06:09:04.618,bybit,ETH/USDT:USDT,3808.17,77.89,3808.16,1.17,3808.18,111.55,3808.19,0.02
1753769344719,06:09:04.719,bybit,ETH/USDT:USDT,3808.17,77.98,3808.16,1.17,3808.18,118.59,3808.19,0.02
1753769344819,06:09:04.819,bybit,ETH/USDT:USDT,3808.17,77.93,3808.16,1.17,3808.18,118.59,3808.19,0.02
1753769344919,06:09:04.919,bybit,ETH/USDT:USDT,3808.17,77.94,3808.16,1.17,3808.18,120.25,3808.19,0.02
1753769345018,06:09:05.018,bybit,ETH/USDT:USDT,3808.17,78.93,3808.16,1.17,3808.18,121.75,3808.19,0.02
1753769345119,06:09:05.119,bybit,ETH/USDT:USDT,3808.17,80.73,3808.16,1.17,3808.18,110.59,3808.19,0.02
1753769345219,06:09:05.219,bybit,ETH/USDT:USDT,3808.17,82.03,3808.16,1.17,3808.18,110.59,3808.19,0.02
1753769345318,06:09:05.318,bybit,ETH/USDT:USDT,3808.17,82.01,3808.16,1.17,3808.18,110.59,3808.19,0.02
1753769345418,06:09:05.418,bybit,ETH/USDT:USDT,3808.17,82.0,3808.16,1.17,3808.18,110.59,3808.19,0.02
1753769345519,06:09:05.519,bybit,ETH/USDT:USDT,3808.17,80.72,3808.16,1.17,3808.18,110.59,3808.19,0.02
1753769345618,06:09:05.618,bybit,ETH/USDT:USDT,3808.17,80.72,3808.16,1.17,3808.18,110.59,3808.19,0.02
1753769345718,06:09:05.718,bybit,ETH/USDT:USDT,3808.17,80.73,3808.16,1.17,3808.18,120.39,3808.19,0.02
1753769345819,06:09:05.819,bybit,ETH/USDT:USDT,3808.17,80.72,3808.16,1.17,3808.18,120.39,3808.19,0.02
1753769345918,06:09:05.918,bybit,ETH/USDT:USDT,3808.17,70.1,3808.16,1.17,3808.18,120.39,3808.19,0.02
1753769346019,06:09:06.019,bybit,ETH/USDT:USDT,3808.17,70.08,3808.16,1.17,3808.18,120.39,3808.19,0.02
1753769346119,06:09:06.119,bybit,ETH/USDT:USDT,3808.17,70.08,3808.16,1.17,3808.18,120.37,3808.19,0.02
1753769346219,06:09:06.219,bybit,ETH/USDT:USDT,3808.17,70.1,3808.16,1.17,3808.18,120.39,3808.19,0.02
1753769346319,06:09:06.319,bybit,ETH/USDT:USDT,3808.17,59.18,3808.16,1.17,3808.18,121.87,3808.19,0.02
1753769346419,06:09:06.419,bybit,ETH/USDT:USDT,3808.17,59.18,3808.16,1.17,3808.18,121.83,3808.19,0.02
1753769346519,06:09:06.519,bybit,ETH/USDT:USDT,3808.17,59.18,3808.16,1.17,3808.18,121.83,3808.19,0.02
1753769346618,06:09:06.618,bybit,ETH/USDT:USDT,3808.17,50.94,3808.16,1.17,3808.18,121.83,3808.19,0.02
1753769346718,06:09:06.718,bybit,ETH/USDT:USDT,3808.17,62.23,3808.16,1.17,3808.18,120.28,3808.19,0.02
1753769346818,06:09:06.818,bybit,ETH/USDT:USDT,3808.17,62.31,3808.16,1.17,3808.18,120.28,3808.19,0.02
1753769346918,06:09:06.918,bybit,ETH/USDT:USDT,3808.17,77.22,3808.16,1.17,3808.18,110.61,3808.19,0.02
1753769347018,06:09:07.018,bybit,ETH/USDT:USDT,3808.17,78.98,3808.16,1.17,3808.18,119.8,3808.19,0.02
1753769347119,06:09:07.119,bybit,ETH/USDT:USDT,3808.17,78.96,3808.16,1.17,3808.18,119.8,3808.19,0.02
1753769347218,06:09:07.218,bybit,ETH/USDT:USDT,3808.17,73.12,3808.16,1.17,3808.18,121.27,3808.19,0.02
1753769347318,06:09:07.318,bybit,ETH/USDT:USDT,3808.17,71.36,3808.16,1.17,3808.18,119.8,3808.19,0.02
1753769347418,06:09:07.418,bybit,ETH/USDT:USDT,3808.17,73.12,3808.16,1.17,3808.18,119.83,3808.19,0.02
1753769347519,06:09:07.519,bybit,ETH/USDT:USDT,3808.17,71.72,3808.16,1.17,3808.18,118.64,3808.19,0.02
1753769347618,06:09:07.618,bybit,ETH/USDT:USDT,3808.17,70.39,3808.16,1.17,3808.18,118.64,3808.19,0.02
1753769347719,06:09:07.719,bybit,ETH/USDT:USDT,3808.17,58.52,3808.16,1.17,3808.18,120.13,3808.19,0.02
1753769347819,06:09:07.819,bybit,ETH/USDT:USDT,3808.17,24.94,3808.16,1.17,3808.18,120.13,3808.19,0.02
1753769347919,06:09:07.919,bybit,ETH/USDT:USDT,3808.17,37.44,3808.16,1.17,3808.18,120.09,3808.19,0.02
1753769348019,06:09:08.019,bybit,ETH/USDT:USDT,3808.17,70.03,3808.16,1.17,3808.18,118.63,3808.19,0.02
1753769348119,06:09:08.119,bybit,ETH/USDT:USDT,3808.17,69.13,3808.16,1.17,3808.18,118.63,3808.19,0.02
1753769348218,06:09:08.218,bybit,ETH/USDT:USDT,3808.17,69.13,3808.16,1.17,3808.18,122.02,3808.19,0.02
1753769348319,06:09:08.319,bybit,ETH/USDT:USDT,3808.17,73.9,3808.16,1.17,3808.18,122.02,3808.19,0.02
1753769348418,06:09:08.418,bybit,ETH/USDT:USDT,3808.17,74.89,3808.16,1.17,3808.18,121.99,3808.19,0.02
1753769348519,06:09:08.519,bybit,ETH/USDT:USDT,3808.17,87.82,3808.16,1.17,3808.18,119.84,3808.19,0.02
1753769348619,06:09:08.619,bybit,ETH/USDT:USDT,3808.17,85.05,3808.16,1.17,3808.18,119.84,3808.19,0.02
1753769348718,06:09:08.718,bybit,ETH/USDT:USDT,3808.17,85.05,3808.16,1.17,3808.18,119.7,3808.19,0.02
1753769348819,06:09:08.819,bybit,ETH/USDT:USDT,3808.17,85.04,3808.16,1.17,3808.18,119.83,3808.19,0.02
1753769348919,06:09:08.919,bybit,ETH/USDT:USDT,3808.17,85.04,3808.16,1.17,3808.18,119.9,3808.19,0.02
1753769349018,06:09:09.018,bybit,ETH/USDT:USDT,3808.17,85.05,3808.16,1.17,3808.18,119.87,3808.19,0.02
1753769349119,06:09:09.119,bybit,ETH/USDT:USDT,3808.17,87.82,3808.16,1.17,3808.18,119.87,3808.19,0.02
1753769349219,06:09:09.219,bybit,ETH/USDT:USDT,3808.17,87.82,3808.16,1.17,3808.18,119.87,3808.19,0.02
1753769349319,06:09:09.319,bybit,ETH/USDT:USDT,3808.17,87.82,3808.16,1.17,3808.18,119.87,3808.19,0.02
1753769349418,06:09:09.418,bybit,ETH/USDT:USDT,3808.17,87.83,3808.16,1.17,3808.18,119.87,3808.19,0.02
1753769349518,06:09:09.518,bybit,ETH/USDT:USDT,3808.17,87.83,3808.16,1.17,3808.18,119.87,3808.19,0.02
1753769349620,06:09:09.620,bybit,ETH/USDT:USDT,3808.0,87.76,3807.96,0.88,3808.01,39.36,3808.03,0.02
1753769349720,06:09:09.720,bybit,ETH/USDT:USDT,3808.0,32.64,3807.92,0.16,3808.01,101.45,3808.03,0.02
1753769349819,06:09:09.819,bybit,ETH/USDT:USDT,3808.0,14.78,3807.92,0.16,3808.01,141.62,3808.03,0.02
1753769349919,06:09:09.919,bybit,ETH/USDT:USDT,3808.0,5.85,3807.92,0.16,3808.01,143.34,3808.03,2.85
1753769350020,06:09:10.020,bybit,ETH/USDT:USDT,3808.0,11.17,3807.92,0.16,3808.01,149.6,3808.03,1.59
1753769350119,06:09:10.119,bybit,ETH/USDT:USDT,3808.0,22.73,3807.92,0.16,3808.01,148.16,3808.03,1.59
1753769350218,06:09:10.218,bybit,ETH/USDT:USDT,3808.0,6.51,3807.92,0.16,3808.01,149.6,3808.03,1.59
1753769350319,06:09:10.319,bybit,ETH/USDT:USDT,3808.0,18.17,3807.92,0.16,3808.01,149.6,3808.03,1.59
1753769350419,06:09:10.419,bybit,ETH/USDT:USDT,3808.0,8.53,3807.92,0.16,3808.01,149.61,3808.03,1.59
1753769350519,06:09:10.519,bybit,ETH/USDT:USDT,3808.0,20.13,3807.92,0.16,3808.01,149.61,3808.03,1.59
1753769350619,06:09:10.619,bybit,ETH/USDT:USDT,3808.0,36.0,3807.92,0.16,3808.01,141.63,3808.03,1.59
1753769350718,06:09:10.718,bybit,ETH/USDT:USDT,3808.0,41.41,3807.92,0.16,3808.01,141.63,3808.03,1.59
1753769350818,06:09:10.818,bybit,ETH/USDT:USDT,3808.0,38.0,3807.92,0.16,3808.01,134.16,3808.03,1.59
1753769350919,06:09:10.919,bybit,ETH/USDT:USDT,3808.0,40.95,3807.92,0.16,3808.01,143.11,3808.03,1.59
1753769351019,06:09:11.019,bybit,ETH/USDT:USDT,3808.0,43.9,3807.92,0.16,3808.01,143.35,3808.03,1.59
1753769351118,06:09:11.118,bybit,ETH/USDT:USDT,3808.0,83.74,3807.93,2.58,3808.01,137.24,3808.03,1.59
1753769351218,06:09:11.218,bybit,ETH/USDT:USDT,3808.0,83.74,3807.93,2.58,3808.01,137.24,3808.03,1.59
1753769351318,06:09:11.318,bybit,ETH/USDT:USDT,3808.0,86.48,3807.93,2.58,3808.01,137.24,3808.03,1.59
1753769351419,06:09:11.419,bybit,ETH/USDT:USDT,3808.0,87.47,3807.93,2.58,3808.01,137.24,3808.03,0.02
1753769351519,06:09:11.519,bybit,ETH/USDT:USDT,3808.0,87.47,3807.93,2.58,3808.01,118.69,3808.03,0.02
1753769351618,06:09:11.618,bybit,ETH/USDT:USDT,3808.0,87.47,3807.93,2.58,3808.01,118.69,3808.03,0.02
1753769351719,06:09:11.719,bybit,ETH/USDT:USDT,3808.0,87.45,3807.93,2.58,3808.01,117.69,3808.03,0.02
1753769351818,06:09:11.818,bybit,ETH/USDT:USDT,3808.0,85.7,3807.93,2.58,3808.01,127.36,3808.03,0.02
1753769351918,06:09:11.918,bybit,ETH/USDT:USDT,3808.0,84.5,3807.93,2.58,3808.01,127.37,3808.03,0.02
1753769352019,06:09:12.019,bybit,ETH/USDT:USDT,3808.0,84.5,3807.93,2.58,3808.01,127.39,3808.03,0.02
1753769352118,06:09:12.118,bybit,ETH/USDT:USDT,3808.0,84.5,3807.93,2.58,3808.01,127.39,3808.03,0.02
1753769352218,06:09:12.218,bybit,ETH/USDT:USDT,3808.0,84.52,3807.93,2.58,3808.01,127.39,3808.03,0.02
1753769352319,06:09:12.319,bybit,ETH/USDT:USDT,3808.0,84.53,3807.93,2.58,3808.01,127.39,3808.03,0.02
1753769352418,06:09:12.418,bybit,ETH/USDT:USDT,3808.0,92.38,3807.93,2.58,3808.01,127.36,3808.03,0.02
1753769352521,06:09:12.521,bybit,ETH/USDT:USDT,3808.28,178.59,3808.25,3.93,3808.29,4.72,3808.3,0.02
1753769352619,06:09:12.619,bybit,ETH/USDT:USDT,3808.28,167.07,3808.25,2.59,3808.29,2.1,3808.3,0.02
1753769352720,06:09:12.720,bybit,ETH/USDT:USDT,3808.63,30.15,3808.6,7.3,3808.64,0.02,3808.65,0.01
1753769352820,06:09:12.820,bybit,ETH/USDT:USDT,3808.63,144.74,3808.6,3.5,3808.64,45.94,3808.68,0.02
1753769352918,06:09:12.918,bybit,ETH/USDT:USDT,3808.63,141.55,3808.6,3.5,3808.64,45.94,3808.68,0.02
1753769353018,06:09:13.018,bybit,ETH/USDT:USDT,3808.63,141.55,3808.6,3.5,3808.64,45.94,3808.68,0.02
1753769353119,06:09:13.119,bybit,ETH/USDT:USDT,3808.63,140.27,3808.6,3.5,3808.64,45.94,3808.68,0.02
1753769353219,06:09:13.219,bybit,ETH/USDT:USDT,3808.63,114.08,3808.6,3.5,3808.64,45.94,3808.68,0.02
1753769353318,06:09:13.318,bybit,ETH/USDT:USDT,3808.63,112.03,3808.59,0.55,3808.64,50.45,3808.68,0.02
1753769353419,06:09:13.419,bybit,ETH/USDT:USDT,3808.63,107.34,3808.59,0.55,3808.64,53.22,3808.68,0.02
1753769353519,06:09:13.519,bybit,ETH/USDT:USDT,3808.63,65.34,3808.59,0.55,3808.64,56.55,3808.68,0.02
1753769353619,06:09:13.619,bybit,ETH/USDT:USDT,3808.63,68.07,3808.59,0.55,3808.64,56.55,3808.68,0.02
1753769353719,06:09:13.719,bybit,ETH/USDT:USDT,3808.63,66.17,3808.59,0.55,3808.64,58.55,3808.68,0.02
1753769353818,06:09:13.818,bybit,ETH/USDT:USDT,3808.63,63.02,3808.59,0.55,3808.64,56.55,3808.68,0.02
1753769353919,06:09:13.919,bybit,ETH/USDT:USDT,3808.63,63.02,3808.59,0.55,3808.64,56.53,3808.68,0.02
1753769354020,06:09:14.020,bybit,ETH/USDT:USDT,3808.63,63.02,3808.59,0.55,3808.64,56.53,3808.68,0.02
1753769354119,06:09:14.119,bybit,ETH/USDT:USDT,3808.63,63.02,3808.59,0.55,3808.64,56.53,3808.68,0.02
1753769354218,06:09:14.218,bybit,ETH/USDT:USDT,3808.63,63.02,3808.59,0.55,3808.64,56.53,3808.68,0.02
1753769354319,06:09:14.319,bybit,ETH/USDT:USDT,3808.63,63.02,3808.59,0.55,3808.64,56.53,3808.68,0.02
1753769354418,06:09:14.418,bybit,ETH/USDT:USDT,3808.63,63.02,3808.59,0.55,3808.64,56.53,3808.68,0.02
1753769354519,06:09:14.519,bybit,ETH/USDT:USDT,3808.63,63.02,3808.59,0.55,3808.64,56.53,3808.68,0.02
1753769354618,06:09:14.618,bybit,ETH/USDT:USDT,3808.63,63.23,3808.59,0.55,3808.64,53.76,3808.68,0.02
1753769354719,06:09:14.719,bybit,ETH/USDT:USDT,3808.63,63.23,3808.59,0.55,3808.64,53.76,3808.68,0.02
1753769354818,06:09:14.818,bybit,ETH/USDT:USDT,3808.63,63.23,3808.59,0.55,3808.64,53.76,3808.68,0.02
1753769354919,06:09:14.919,bybit,ETH/USDT:USDT,3808.63,62.92,3808.59,0.55,3808.64,50.03,3808.68,0.02
1753769355019,06:09:15.019,bybit,ETH/USDT:USDT,3808.63,64.67,3808.59,0.55,3808.64,50.03,3808.68,0.02
1753769355118,06:09:15.118,bybit,ETH/USDT:USDT,3808.63,64.67,3808.59,0.55,3808.64,50.03,3808.68,0.02
1753769355218,06:09:15.218,bybit,ETH/USDT:USDT,3808.63,64.67,3808.59,0.55,3808.64,50.03,3808.68,0.02
1753769355319,06:09:15.319,bybit,ETH/USDT:USDT,3808.63,64.67,3808.59,0.55,3808.64,50.03,3808.68,0.02
1753769355418,06:09:15.418,bybit,ETH/USDT:USDT,3808.63,62.92,3808.59,0.55,3808.64,50.03,3808.68,0.02
1753769355518,06:09:15.518,bybit,ETH/USDT:USDT,3808.63,62.92,3808.59,0.55,3808.64,49.25,3808.68,0.02
1753769355619,06:09:15.619,bybit,ETH/USDT:USDT,3808.63,63.02,3808.59,0.55,3808.64,50.07,3808.68,0.02
1753769355718,06:09:15.718,bybit,ETH/USDT:USDT,3808.63,63.02,3808.59,0.55,3808.64,50.07,3808.68,0.02
1753769355819,06:09:15.819,bybit,ETH/USDT:USDT,3808.63,63.02,3808.59,0.55,3808.64,50.07,3808.68,0.02
1753769355918,06:09:15.918,bybit,ETH/USDT:USDT,3808.63,63.02,3808.59,0.55,3808.64,50.07,3808.68,0.02
1753769356018,06:09:16.018,bybit,ETH/USDT:USDT,3808.63,63.02,3808.59,0.55,3808.64,50.07,3808.68,0.02
1753769356118,06:09:16.118,bybit,ETH/USDT:USDT,3808.63,63.02,3808.59,0.54,3808.64,50.07,3808.68,0.02
1753769356218,06:09:16.218,bybit,ETH/USDT:USDT,3808.63,63.1,3808.59,0.54,3808.64,50.07,3808.68,0.02
1753769356318,06:09:16.318,bybit,ETH/USDT:USDT,3808.63,63.1,3808.59,0.54,3808.64,50.07,3808.68,0.02
1753769356419,06:09:16.419,bybit,ETH/USDT:USDT,3808.63,76.87,3808.59,0.54,3808.64,54.16,3808.68,0.02
1753769356518,06:09:16.518,bybit,ETH/USDT:USDT,3808.63,76.87,3808.59,0.54,3808.64,54.16,3808.68,0.02
1753769356618,06:09:16.618,bybit,ETH/USDT:USDT,3808.63,75.41,3808.59,0.54,3808.64,50.07,3808.68,0.02
1753769356718,06:09:16.718,bybit,ETH/USDT:USDT,3808.63,73.66,3808.59,0.54,3808.64,50.07,3808.68,0.02
1753769356818,06:09:16.818,bybit,ETH/USDT:USDT,3808.63,73.66,3808.59,0.54,3808.64,50.07,3808.68,0.02
1753769356918,06:09:16.918,bybit,ETH/USDT:USDT,3808.63,73.76,3808.59,0.54,3808.64,52.5,3808.68,0.02
1753769357018,06:09:17.018,bybit,ETH/USDT:USDT,3808.63,73.76,3808.59,0.54,3808.64,52.5,3808.68,0.02
1753769357118,06:09:17.118,bybit,ETH/USDT:USDT,3808.63,73.76,3808.59,0.54,3808.64,51.92,3808.68,0.02
1753769357218,06:09:17.218,bybit,ETH/USDT:USDT,3808.63,73.76,3808.59,0.54,3808.64,51.92,3808.68,0.02
1753769357318,06:09:17.318,bybit,ETH/USDT:USDT,3808.63,75.51,3808.59,0.54,3808.64,51.92,3808.68,0.02
1753769357419,06:09:17.419,bybit,ETH/USDT:USDT,3808.63,73.76,3808.59,0.54,3808.64,51.92,3808.68,0.02
1753769357519,06:09:17.519,bybit,ETH/USDT:USDT,3808.63,73.76,3808.59,0.54,3808.64,51.92,3808.68,0.02
1753769357618,06:09:17.618,bybit,ETH/USDT:USDT,3808.63,75.51,3808.59,0.54,3808.64,51.92,3808.68,0.02
1753769357718,06:09:17.718,bybit,ETH/USDT:USDT,3808.63,75.51,3808.59,0.54,3808.64,51.92,3808.68,0.02
1753769357818,06:09:17.818,bybit,ETH/USDT:USDT,3808.63,73.76,3808.59,0.54,3808.64,62.68,3808.68,0.02
1753769357918,06:09:17.918,bybit,ETH/USDT:USDT,3808.63,73.76,3808.59,0.54,3808.64,62.81,3808.68,0.02
1753769358020,06:09:18.020,bybit,ETH/USDT:USDT,3808.63,73.76,3808.59,0.54,3808.64,62.81,3808.68,0.02
1753769358119,06:09:18.119,bybit,ETH/USDT:USDT,3808.63,73.76,3808.59,0.54,3808.64,62.81,3808.68,0.02
1753769358219,06:09:18.219,bybit,ETH/USDT:USDT,3808.63,73.76,3808.59,0.54,3808.64,62.81,3808.68,0.02
1753769358318,06:09:18.318,bybit,ETH/USDT:USDT,3808.63,73.75,3808.59,0.54,3808.64,62.82,3808.68,0.02
1753769358419,06:09:18.419,bybit,ETH/USDT:USDT,3808.63,73.76,3808.59,0.54,3808.64,62.82,3808.68,0.02
1753769358519,06:09:18.519,bybit,ETH/USDT:USDT,3808.63,73.76,3808.59,0.54,3808.64,62.87,3808.68,0.02
1753769358619,06:09:18.619,bybit,ETH/USDT:USDT,3808.63,58.05,3808.59,0.54,3808.64,62.87,3808.68,0.02
1753769358718,06:09:18.718,bybit,ETH/USDT:USDT,3808.63,58.05,3808.59,0.54,3808.64,62.87,3808.68,0.02
1753769358819,06:09:18.819,bybit,ETH/USDT:USDT,3808.63,55.59,3808.59,0.54,3808.64,62.87,3808.68,0.02
1753769358918,06:09:18.918,bybit,ETH/USDT:USDT,3808.63,55.59,3808.59,0.54,3808.64,60.31,3808.68,0.02
1753769359019,06:09:19.019,bybit,ETH/USDT:USDT,3808.63,55.59,3808.59,0.54,3808.64,62.97,3808.68,0.02
1753769359119,06:09:19.119,bybit,ETH/USDT:USDT,3808.63,55.59,3808.59,0.54,3808.64,62.97,3808.68,0.02
1753769359219,06:09:19.219,bybit,ETH/USDT:USDT,3808.63,37.19,3808.59,0.54,3808.64,65.53,3808.68,0.02
1753769359318,06:09:19.318,bybit,ETH/USDT:USDT,3808.63,37.98,3808.59,0.54,3808.64,65.59,3808.68,0.02
1753769359418,06:09:19.418,bybit,ETH/USDT:USDT,3808.63,42.48,3808.59,0.54,3808.64,63.03,3808.68,0.02
1753769359618,06:09:19.618,bybit,ETH/USDT:USDT,3808.63,53.21,3808.59,0.54,3808.64,62.03,3808.68,0.02
1753769359718,06:09:19.718,bybit,ETH/USDT:USDT,3808.63,54.0,3808.59,0.54,3808.64,62.03,3808.68,0.02
1753769359819,06:09:19.819,bybit,ETH/USDT:USDT,3808.63,59.66,3808.59,0.54,3808.64,62.03,3808.68,0.02
1753769359919,06:09:19.919,bybit,ETH/USDT:USDT,3808.63,83.84,3808.61,2.58,3808.64,14.37,3808.68,0.02
1753769360022,06:09:20.022,bybit,ETH/USDT:USDT,3808.63,108.78,3808.61,5.97,3808.64,9.12,3808.68,0.02
1753769360120,06:09:20.120,bybit,ETH/USDT:USDT,3808.85,179.64,3808.82,205.65,3808.86,5.24,3808.87,4.86
1753769360219,06:09:20.219,bybit,ETH/USDT:USDT,3808.85,167.49,3808.84,0.02,3808.86,5.24,3808.87,4.86
1753769360318,06:09:20.318,bybit,ETH/USDT:USDT,3808.85,155.04,3808.84,0.02,3808.86,5.24,3808.87,4.86
1753769360418,06:09:20.418,bybit,ETH/USDT:USDT,3808.85,155.04,3808.84,0.02,3808.86,5.24,3808.87,4.86
1753769360518,06:09:20.518,bybit,ETH/USDT:USDT,3808.85,155.03,3808.84,0.02,3808.86,5.24,3808.87,4.86
1753769360618,06:09:20.618,bybit,ETH/USDT:USDT,3808.85,155.62,3808.84,0.02,3808.86,5.24,3808.87,4.86
1753769360718,06:09:20.718,bybit,ETH/USDT:USDT,3808.85,155.57,3808.84,0.02,3808.86,5.24,3808.87,4.86
1753769360819,06:09:20.819,bybit,ETH/USDT:USDT,3808.85,155.55,3808.84,0.02,3808.86,5.24,3808.87,4.86
1753769360918,06:09:20.918,bybit,ETH/USDT:USDT,3808.85,155.55,3808.84,0.02,3808.86,5.24,3808.87,4.86
1753769361018,06:09:21.018,bybit,ETH/USDT:USDT,3808.85,155.6,3808.84,0.02,3808.86,5.24,3808.87,4.86
1753769361118,06:09:21.118,bybit,ETH/USDT:USDT,3808.85,155.6,3808.84,0.02,3808.86,5.17,3808.87,4.86
1753769361221,06:09:21.221,bybit,ETH/USDT:USDT,3808.99,161.24,3808.98,2.58,3809.0,0.24,3809.02,0.04
1753769361320,06:09:21.320,bybit,ETH/USDT:USDT,3808.99,161.3,3808.98,2.58,3809.0,4.42,3809.02,0.04
1753769361419,06:09:21.419,bybit,ETH/USDT:USDT,3808.99,161.3,3808.98,2.58,3809.0,4.42,3809.02,0.04
1753769361519,06:09:21.519,bybit,ETH/USDT:USDT,3808.99,161.09,3808.98,2.58,3809.0,1.65,3809.02,0.04
1753769361618,06:09:21.618,bybit,ETH/USDT:USDT,3808.99,161.39,3808.98,2.58,3809.0,1.65,3809.02,0.04
1753769361718,06:09:21.718,bybit,ETH/USDT:USDT,3808.99,161.37,3808.98,2.58,3809.0,1.65,3809.02,0.04
1753769361818,06:09:21.818,bybit,ETH/USDT:USDT,3808.99,161.37,3808.98,2.58,3809.0,1.65,3809.02,0.04
1753769361918,06:09:21.918,bybit,ETH/USDT:USDT,3808.99,161.37,3808.98,2.58,3809.0,1.65,3809.02,0.04
1753769362018,06:09:22.018,bybit,ETH/USDT:USDT,3808.99,149.03,3808.98,2.58,3809.0,27.23,3809.02,0.04
1753769362119,06:09:22.119,bybit,ETH/USDT:USDT,3808.99,149.03,3808.98,2.58,3809.0,17.56,3809.02,0.04
1753769362218,06:09:22.218,bybit,ETH/USDT:USDT,3808.99,149.07,3808.98,2.58,3809.0,1.65,3809.02,0.04
1753769362318,06:09:22.318,bybit,ETH/USDT:USDT,3808.99,149.38,3808.98,2.58,3809.0,1.65,3809.02,0.04
1753769362418,06:09:22.418,bybit,ETH/USDT:USDT,3808.99,149.38,3808.98,2.58,3809.0,1.65,3809.02,0.04
1753769362519,06:09:22.519,bybit,ETH/USDT:USDT,3809.01,105.93,3809.0,88.97,3809.02,0.02,3809.06,0.02
1753769362619,06:09:22.619,bybit,ETH/USDT:USDT,3809.09,162.28,3809.03,0.02,3809.1,6.42,3809.13,0.02
1753769362718,06:09:22.718,bybit,ETH/USDT:USDT,3809.09,149.94,3809.03,0.02,3809.1,15.83,3809.13,0.02
1753769362818,06:09:22.818,bybit,ETH/USDT:USDT,3809.09,142.54,3809.03,0.02,3809.1,20.29,3809.13,0.02
1753769362918,06:09:22.918,bybit,ETH/USDT:USDT,3809.09,142.55,3809.03,0.02,3809.1,6.16,3809.13,0.02
1753769363018,06:09:23.018,bybit,ETH/USDT:USDT,3809.09,142.55,3809.03,0.02,3809.1,6.16,3809.13,0.02
1753769363118,06:09:23.118,bybit,ETH/USDT:USDT,3809.09,142.53,3809.03,0.02,3809.1,16.18,3809.13,0.02
1753769363219,06:09:23.219,bybit,ETH/USDT:USDT,3809.09,136.1,3809.03,0.02,3809.1,49.63,3809.13,0.02
1753769363319,06:09:23.319,bybit,ETH/USDT:USDT,3809.09,135.22,3809.03,0.02,3809.1,50.87,3809.13,0.02
1753769363419,06:09:23.419,bybit,ETH/USDT:USDT,3809.09,135.22,3809.03,0.02,3809.1,31.49,3809.13,0.02
1753769363519,06:09:23.519,bybit,ETH/USDT:USDT,3809.09,135.22,3809.03,0.02,3809.1,31.49,3809.13,0.02
1753769363618,06:09:23.618,bybit,ETH/USDT:USDT,3809.09,135.22,3809.03,0.02,3809.1,43.72,3809.13,0.02
1753769363719,06:09:23.719,bybit,ETH/USDT:USDT,3809.09,135.22,3809.03,0.02,3809.1,43.3,3809.13,0.02
1753769363820,06:09:23.820,bybit,ETH/USDT:USDT,3809.09,69.48,3809.03,0.02,3809.1,70.9,3809.13,0.02
1753769363919,06:09:23.919,bybit,ETH/USDT:USDT,3809.09,37.76,3809.03,0.02,3809.1,70.9,3809.13,0.02
1753769364020,06:09:24.020,bybit,ETH/USDT:USDT,3809.09,37.76,3809.03,0.02,3809.1,70.58,3809.13,0.02
1753769364119,06:09:24.119,bybit,ETH/USDT:USDT,3809.09,38.55,3809.03,0.02,3809.1,70.58,3809.13,0.02
1753769364218,06:09:24.218,bybit,ETH/USDT:USDT,3809.09,38.55,3809.03,0.02,3809.1,70.58,3809.13,0.02
1753769364318,06:09:24.318,bybit,ETH/USDT:USDT,3809.09,38.55,3809.03,0.02,3809.1,70.58,3809.13,0.02
1753769364419,06:09:24.419,bybit,ETH/USDT:USDT,3809.09,38.55,3809.03,0.02,3809.1,70.58,3809.13,0.02
1753769364518,06:09:24.518,bybit,ETH/USDT:USDT,3809.09,38.55,3809.03,0.02,3809.1,70.58,3809.13,0.02
1753769364620,06:09:24.620,bybit,ETH/USDT:USDT,3809.09,11.95,3809.03,0.02,3809.1,70.59,3809.13,0.02
1753769364719,06:09:24.719,bybit,ETH/USDT:USDT,3809.09,1.72,3809.03,0.02,3809.1,70.59,3809.13,0.02
1753769364819,06:09:24.819,bybit,ETH/USDT:USDT,3809.09,1.72,3809.03,0.02,3809.1,70.59,3809.13,0.02
1753769364919,06:09:24.919,bybit,ETH/USDT:USDT,3809.09,1.72,3809.03,0.02,3809.1,76.24,3809.13,0.02
1753769365019,06:09:25.019,bybit,ETH/USDT:USDT,3809.09,1.72,3809.03,0.02,3809.1,76.23,3809.13,0.02
1753769365118,06:09:25.118,bybit,ETH/USDT:USDT,3809.09,2.51,3809.03,0.02,3809.1,66.92,3809.13,0.02
1753769365219,06:09:25.219,bybit,ETH/USDT:USDT,3809.09,6.13,3809.03,0.02,3809.1,66.92,3809.13,0.02
1753769365318,06:09:25.318,bybit,ETH/USDT:USDT,3809.09,11.21,3809.03,0.02,3809.1,61.27,3809.13,0.02
1753769365418,06:09:25.418,bybit,ETH/USDT:USDT,3809.09,11.21,3809.03,0.02,3809.1,61.27,3809.13,0.02
1753769365518,06:09:25.518,bybit,ETH/USDT:USDT,3809.09,11.21,3809.03,0.02,3809.1,61.27,3809.13,0.02
1753769365619,06:09:25.619,bybit,ETH/USDT:USDT,3809.09,9.71,3809.03,0.02,3809.1,94.63,3809.11,6.06
1753769365721,06:09:25.721,bybit,ETH/USDT:USDT,3808.63,0.59,3808.61,0.26,3808.64,84.39,3808.66,1.6
1753769365819,06:09:25.819,bybit,ETH/USDT:USDT,3808.63,33.4,3808.61,0.26,3808.64,65.3,3808.66,1.6
1753769365920,06:09:25.920,bybit,ETH/USDT:USDT,3808.63,33.26,3808.61,0.26,3808.64,51.43,3808.68,0.02
1753769366021,06:09:26.021,bybit,ETH/USDT:USDT,3808.63,57.43,3808.61,0.26,3808.64,39.89,3808.68,0.02
1753769366118,06:09:26.118,bybit,ETH/USDT:USDT,3808.63,53.35,3808.61,0.26,3808.64,50.33,3808.68,0.02
1753769366218,06:09:26.218,bybit,ETH/USDT:USDT,3808.63,47.28,3808.61,0.26,3808.64,55.78,3808.68,0.02
1753769366319,06:09:26.319,bybit,ETH/USDT:USDT,3808.63,9.11,3808.61,0.26,3808.64,60.22,3808.68,0.02
1753769366420,06:09:26.420,bybit,ETH/USDT:USDT,3808.46,4.62,3808.42,0.02,3808.47,185.89,3808.5,0.33
1753769366520,06:09:26.520,bybit,ETH/USDT:USDT,3808.46,0.54,3808.43,0.5,3808.47,165.91,3808.5,4.89
1753769366619,06:09:26.619,bybit,ETH/USDT:USDT,3808.46,0.54,3808.43,0.5,3808.47,165.91,3808.5,10.11
1753769366720,06:09:26.720,bybit,ETH/USDT:USDT,3808.46,42.08,3808.42,0.02,3808.47,153.48,3808.5,4.52
1753769366818,06:09:26.818,bybit,ETH/USDT:USDT,3808.46,46.03,3808.42,0.02,3808.47,153.48,3808.5,4.52
1753769366919,06:09:26.919,bybit,ETH/USDT:USDT,3808.46,46.74,3808.42,0.02,3808.47,76.34,3808.5,4.51
1753769367019,06:09:27.019,bybit,ETH/USDT:USDT,3808.46,46.74,3808.42,0.02,3808.47,76.34,3808.5,4.51
1753769367119,06:09:27.119,bybit,ETH/USDT:USDT,3808.46,46.75,3808.42,0.02,3808.47,76.34,3808.5,4.51
1753769367218,06:09:27.218,bybit,ETH/USDT:USDT,3808.46,37.05,3808.42,0.02,3808.47,64.12,3808.5,7.45
1753769367319,06:09:27.319,bybit,ETH/USDT:USDT,3808.46,34.21,3808.42,0.02,3808.47,64.12,3808.5,7.45
1753769367418,06:09:27.418,bybit,ETH/USDT:USDT,3808.46,28.5,3808.42,0.02,3808.47,65.04,3808.5,7.45
1753769367519,06:09:27.519,bybit,ETH/USDT:USDT,3808.46,10.47,3808.42,0.02,3808.47,59.26,3808.5,7.45
1753769367618,06:09:27.618,bybit,ETH/USDT:USDT,3808.46,39.45,3808.42,0.02,3808.47,67.64,3808.5,7.45
1753769367719,06:09:27.719,bybit,ETH/USDT:USDT,3808.46,50.61,3808.44,0.31,3808.47,64.87,3808.5,7.45
1753769368020,06:09:28.020,bybit,ETH/USDT:USDT,3808.46,24.37,3808.42,0.02,3808.47,61.0,3808.5,7.45
1753769368119,06:09:28.119,bybit,ETH/USDT:USDT,3808.46,34.04,3808.42,0.02,3808.47,63.86,3808.5,7.45
1753769368219,06:09:28.219,bybit,ETH/USDT:USDT,3808.46,14.3,3808.42,0.02,3808.47,61.0,3808.5,7.45
1753769368318,06:09:28.318,bybit,ETH/USDT:USDT,3808.46,13.32,3808.42,0.02,3808.47,61.0,3808.5,7.45
1753769368420,06:09:28.420,bybit,ETH/USDT:USDT,3808.23,0.02,3808.21,0.05,3808.24,6.47,3808.26,80.35
1753769368521,06:09:28.521,bybit,ETH/USDT:USDT,3808.2,9.93,3808.16,0.02,3808.21,243.04,3808.22,9.2
1753769368918,06:09:28.918,bybit,ETH/USDT:USDT,3808.2,62.64,3808.16,0.02,3808.21,110.99,3808.26,0.02
1753769369019,06:09:29.019,bybit,ETH/USDT:USDT,3808.2,72.31,3808.16,0.02,3808.21,120.66,3808.26,0.02
1753769369119,06:09:29.119,bybit,ETH/USDT:USDT,3808.2,73.1,3808.16,0.02,3808.21,116.04,3808.26,0.02
1753769369219,06:09:29.219,bybit,ETH/USDT:USDT,3808.2,75.79,3808.16,0.02,3808.21,116.14,3808.26,0.02
1753769369318,06:09:29.318,bybit,ETH/USDT:USDT,3808.2,78.54,3808.16,0.02,3808.21,102.79,3808.26,0.02
1753769369419,06:09:29.419,bybit,ETH/USDT:USDT,3808.2,78.1,3808.16,0.02,3808.21,98.99,3808.26,0.02
1753769369519,06:09:29.519,bybit,ETH/USDT:USDT,3808.2,72.54,3808.16,0.02,3808.21,98.99,3808.26,0.02
1753769369618,06:09:29.618,bybit,ETH/USDT:USDT,3808.2,75.21,3808.16,0.02,3808.21,98.99,3808.26,0.02
1753769369718,06:09:29.718,bybit,ETH/USDT:USDT,3808.2,72.54,3808.16,0.02,3808.21,98.99,3808.26,0.02
1753769369819,06:09:29.819,bybit,ETH/USDT:USDT,3808.2,72.54,3808.16,0.02,3808.21,98.99,3808.26,0.02
1753769369918,06:09:29.918,bybit,ETH/USDT:USDT,3808.2,72.54,3808.16,0.02,3808.21,98.99,3808.26,0.02
1753769370020,06:09:30.020,bybit,ETH/USDT:USDT,3808.2,72.54,3808.16,0.02,3808.21,98.99,3808.26,0.02
1753769370119,06:09:30.119,bybit,ETH/USDT:USDT,3808.2,72.54,3808.16,0.02,3808.21,98.99,3808.26,0.02
1753769370219,06:09:30.219,bybit,ETH/USDT:USDT,3808.2,72.54,3808.16,0.02,3808.21,98.99,3808.26,0.02
1753769370319,06:09:30.319,bybit,ETH/USDT:USDT,3808.2,72.64,3808.16,0.02,3808.21,98.99,3808.26,0.02
1753769370419,06:09:30.419,bybit,ETH/USDT:USDT,3808.2,75.51,3808.16,0.02,3808.21,98.99,3808.26,0.02
1753769370519,06:09:30.519,bybit,ETH/USDT:USDT,3808.2,75.51,3808.16,0.02,3808.21,98.99,3808.26,0.02
1753769370619,06:09:30.619,bybit,ETH/USDT:USDT,3808.2,75.51,3808.16,0.02,3808.21,98.99,3808.26,0.02
1753769370719,06:09:30.719,bybit,ETH/USDT:USDT,3808.2,75.51,3808.16,0.02,3808.21,98.9,3808.26,0.02
1753769370820,06:09:30.820,bybit,ETH/USDT:USDT,3808.2,48.93,3808.16,0.02,3808.21,98.9,3808.26,0.02
1753769370921,06:09:30.921,bybit,ETH/USDT:USDT,3808.03,0.09,3808.0,0.15,3808.04,167.76,3808.07,0.02
1753769371020,06:09:31.020,bybit,ETH/USDT:USDT,3808.0,43.1,3807.99,0.01,3808.01,111.59,3808.02,58.5
1753769371119,06:09:31.119,bybit,ETH/USDT:USDT,3808.0,3.4,3807.99,0.01,3808.01,110.78,3808.02,1.83
1753769371220,06:09:31.220,bybit,ETH/USDT:USDT,3808.0,27.46,3807.99,0.01,3808.01,110.77,3808.02,1.28
1753769371319,06:09:31.319,bybit,ETH/USDT:USDT,3808.0,28.66,3807.99,0.01,3808.01,82.59,3808.02,1.28
1753769371419,06:09:31.419,bybit,ETH/USDT:USDT,3808.0,28.67,3807.99,0.01,3808.01,82.69,3808.02,1.28
1753769371519,06:09:31.519,bybit,ETH/USDT:USDT,3808.0,28.56,3807.99,0.01,3808.01,82.69,3808.02,1.28
1753769371618,06:09:31.618,bybit,ETH/USDT:USDT,3808.0,12.25,3807.99,0.01,3808.01,84.99,3808.02,1.28
1753769371718,06:09:31.718,bybit,ETH/USDT:USDT,3808.0,8.53,3807.99,0.01,3808.01,84.99,3808.02,1.28
1753769371819,06:09:31.819,bybit,ETH/USDT:USDT,3808.0,0.66,3807.99,0.01,3808.01,84.99,3808.02,5.4
1753769371919,06:09:31.919,bybit,ETH/USDT:USDT,3808.0,8.53,3807.99,0.01,3808.01,84.99,3808.02,5.4
1753769372020,06:09:32.020,bybit,ETH/USDT:USDT,3808.0,0.65,3807.99,0.01,3808.01,86.29,3808.02,5.4
1753769372119,06:09:32.119,bybit,ETH/USDT:USDT,3807.98,0.52,3807.9,0.02,3807.99,160.16,3808.0,29.36
1753769372221,06:09:32.221,bybit,ETH/USDT:USDT,3807.71,33.95,3807.7,0.06,3807.72,159.17,3807.73,0.02
1753769372322,06:09:32.322,bybit,ETH/USDT:USDT,3807.71,15.87,3807.7,0.01,3807.72,159.17,3807.73,0.02
1753769372420,06:09:32.420,bybit,ETH/USDT:USDT,3807.71,13.27,3807.7,0.01,3807.72,235.01,3807.73,0.02
1753769372619,06:09:32.619,bybit,ETH/USDT:USDT,3807.71,8.54,3807.7,0.01,3807.72,235.01,3807.73,0.02
1753769372719,06:09:32.719,bybit,ETH/USDT:USDT,3807.71,8.55,3807.7,0.01,3807.72,239.4,3807.73,0.02
1753769372818,06:09:32.818,bybit,ETH/USDT:USDT,3807.71,8.55,3807.7,0.01,3807.72,239.4,3807.73,0.02
1753769372918,06:09:32.918,bybit,ETH/USDT:USDT,3807.71,16.42,3807.7,0.01,3807.72,239.58,3807.73,0.02
1753769373019,06:09:33.019,bybit,ETH/USDT:USDT,3807.71,8.55,3807.7,0.01,3807.72,242.31,3807.73,0.02
1753769373119,06:09:33.119,bybit,ETH/USDT:USDT,3807.69,9.2,3807.65,0.06,3807.7,184.52,3807.71,23.35
1753769373219,06:09:33.219,bybit,ETH/USDT:USDT,3807.69,9.2,3807.65,0.06,3807.7,259.8,3807.71,0.79
1753769373319,06:09:33.319,bybit,ETH/USDT:USDT,3807.69,10.18,3807.65,0.06,3807.7,259.8,3807.71,0.79
1753769373419,06:09:33.419,bybit,ETH/USDT:USDT,3807.69,10.18,3807.65,0.06,3807.7,259.8,3807.71,2.65
1753769373518,06:09:33.518,bybit,ETH/USDT:USDT,3807.69,10.18,3807.65,0.06,3807.7,259.8,3807.71,2.65
1753769373619,06:09:33.619,bybit,ETH/USDT:USDT,3807.69,10.18,3807.65,0.06,3807.7,259.98,3807.71,2.65
1753769373719,06:09:33.719,bybit,ETH/USDT:USDT,3807.69,10.18,3807.65,0.06,3807.7,260.33,3807.71,2.65
1753769373819,06:09:33.819,bybit,ETH/USDT:USDT,3807.59,8.28,3807.55,0.01,3807.6,120.82,3807.64,35.76
1753769373920,06:09:33.920,bybit,ETH/USDT:USDT,3807.59,8.31,3807.55,0.01,3807.6,196.12,3807.64,8.94
1753769374020,06:09:34.020,bybit,ETH/USDT:USDT,3807.59,8.32,3807.55,0.01,3807.6,198.31,3807.64,8.94
1753769374119,06:09:34.119,bybit,ETH/USDT:USDT,3807.59,8.86,3807.55,0.01,3807.6,201.25,3807.64,6.46
1753769374222,06:09:34.222,bybit,ETH/USDT:USDT,3807.32,1.71,3807.3,0.02,3807.33,248.96,3807.34,68.19
1753769374619,06:09:34.619,bybit,ETH/USDT:USDT,3807.15,4.55,3807.14,0.03,3807.16,218.82,3807.2,0.35
1753769374819,06:09:34.819,bybit,ETH/USDT:USDT,3807.15,5.0,3807.14,0.03,3807.16,219.17,3807.2,0.35
1753769374918,06:09:34.918,bybit,ETH/USDT:USDT,3807.15,4.69,3807.14,0.03,3807.16,219.17,3807.18,0.31
1753769375019,06:09:35.019,bybit,ETH/USDT:USDT,3807.15,4.65,3807.14,0.1,3807.16,219.17,3807.18,0.31
1753769375118,06:09:35.118,bybit,ETH/USDT:USDT,3807.15,4.65,3807.14,0.1,3807.16,223.45,3807.2,0.35
1753769375218,06:09:35.218,bybit,ETH/USDT:USDT,3807.15,4.65,3807.14,0.1,3807.16,212.63,3807.2,0.35
1753769375319,06:09:35.319,bybit,ETH/USDT:USDT,3807.15,4.65,3807.14,0.1,3807.16,212.55,3807.2,0.35
1753769375418,06:09:35.418,bybit,ETH/USDT:USDT,3807.15,4.65,3807.14,0.1,3807.16,212.63,3807.2,0.35
1753769375519,06:09:35.519,bybit,ETH/USDT:USDT,3807.15,29.63,3807.14,0.1,3807.16,209.05,3807.2,0.35
1753769375719,06:09:35.719,bybit,ETH/USDT:USDT,3807.15,29.63,3807.14,0.1,3807.16,197.74,3807.2,0.35
1753769375818,06:09:35.818,bybit,ETH/USDT:USDT,3807.15,34.25,3807.14,0.1,3807.16,197.74,3807.2,0.35
1753769375918,06:09:35.918,bybit,ETH/USDT:USDT,3807.15,6.55,3807.14,0.1,3807.16,201.94,3807.2,0.35
1753769376020,06:09:36.020,bybit,ETH/USDT:USDT,3807.15,4.11,3807.14,0.1,3807.16,203.51,3807.2,0.35
1753769376118,06:09:36.118,bybit,ETH/USDT:USDT,3807.15,4.65,3807.14,0.1,3807.16,203.52,3807.2,0.35
1753769376218,06:09:36.218,bybit,ETH/USDT:USDT,3807.15,4.65,3807.14,0.1,3807.16,203.55,3807.2,0.35
1753769376318,06:09:36.318,bybit,ETH/USDT:USDT,3807.15,4.65,3807.14,0.1,3807.16,203.55,3807.2,0.35
1753769376418,06:09:36.418,bybit,ETH/USDT:USDT,3807.15,3.93,3807.14,0.1,3807.16,199.35,3807.2,0.35
1753769376518,06:09:36.518,bybit,ETH/USDT:USDT,3807.15,4.47,3807.14,0.1,3807.16,199.35,3807.2,0.35
1753769376618,06:09:36.618,bybit,ETH/USDT:USDT,3807.15,4.47,3807.14,0.1,3807.16,202.45,3807.2,0.35
1753769376718,06:09:36.718,bybit,ETH/USDT:USDT,3807.15,4.47,3807.14,0.1,3807.16,202.45,3807.2,0.35
1753769376818,06:09:36.818,bybit,ETH/USDT:USDT,3807.15,4.47,3807.14,0.1,3807.16,202.43,3807.2,0.35
1753769376918,06:09:36.918,bybit,ETH/USDT:USDT,3807.15,4.47,3807.14,0.1,3807.16,199.34,3807.2,0.35
1753769377019,06:09:37.019,bybit,ETH/USDT:USDT,3807.15,4.47,3807.14,0.1,3807.16,199.34,3807.2,0.35
1753769377119,06:09:37.119,bybit,ETH/USDT:USDT,3807.15,4.47,3807.14,0.1,3807.16,199.34,3807.2,0.35
1753769377219,06:09:37.219,bybit,ETH/USDT:USDT,3807.15,4.47,3807.14,0.1,3807.16,199.16,3807.2,0.35
1753769377320,06:09:37.320,bybit,ETH/USDT:USDT,3806.95,15.67,3806.94,0.02,3806.96,153.36,3806.97,15.25
1753769377420,06:09:37.420,bybit,ETH/USDT:USDT,3806.95,24.17,3806.94,0.02,3806.96,153.71,3806.97,15.25
1753769377519,06:09:37.519,bybit,ETH/USDT:USDT,3806.95,9.09,3806.94,0.02,3806.96,164.92,3806.97,22.24
1753769377619,06:09:37.619,bybit,ETH/USDT:USDT,3806.95,9.09,3806.94,0.02,3806.96,240.22,3806.97,7.01
1753769377719,06:09:37.719,bybit,ETH/USDT:USDT,3806.95,9.06,3806.94,0.02,3806.96,235.22,3806.97,7.01
1753769377818,06:09:37.818,bybit,ETH/USDT:USDT,3806.95,9.06,3806.94,0.02,3806.96,235.22,3806.97,7.01
1753769377919,06:09:37.919,bybit,ETH/USDT:USDT,3806.95,9.06,3806.94,0.02,3806.96,235.22,3806.97,7.01
1753769378020,06:09:38.020,bybit,ETH/USDT:USDT,3806.95,9.06,3806.94,0.02,3806.96,235.22,3806.97,7.01
1753769378119,06:09:38.119,bybit,ETH/USDT:USDT,3806.95,9.06,3806.94,0.02,3806.96,235.2,3806.97,7.01
1753769378218,06:09:38.218,bybit,ETH/USDT:USDT,3806.95,9.06,3806.94,0.02,3806.96,238.16,3806.97,7.01
1753769378319,06:09:38.319,bybit,ETH/USDT:USDT,3806.95,9.06,3806.94,0.02,3806.96,238.16,3806.97,7.01
1753769378419,06:09:38.419,bybit,ETH/USDT:USDT,3806.95,8.06,3806.94,0.02,3806.96,238.16,3806.97,7.01
1753769378519,06:09:38.519,bybit,ETH/USDT:USDT,3806.95,15.94,3806.94,0.02,3806.96,238.16,3806.97,7.01
1753769378619,06:09:38.619,bybit,ETH/USDT:USDT,3806.95,7.08,3806.94,0.02,3806.96,238.16,3806.97,7.01
1753769378718,06:09:38.718,bybit,ETH/USDT:USDT,3806.95,7.08,3806.94,0.02,3806.96,238.3,3806.97,7.01
1753769378820,06:09:38.820,bybit,ETH/USDT:USDT,3806.69,0.04,3806.67,0.1,3806.7,166.83,3806.71,209.48
1753769378920,06:09:38.920,bybit,ETH/USDT:USDT,3806.67,0.64,3806.65,0.01,3806.68,223.78,3806.69,1.33
1753769379020,06:09:39.020,bybit,ETH/USDT:USDT,3806.67,0.68,3806.65,0.01,3806.68,224.13,3806.69,1.33
1753769379119,06:09:39.119,bybit,ETH/USDT:USDT,3806.67,0.68,3806.65,0.01,3806.68,224.73,3806.69,1.33
1753769379218,06:09:39.218,bybit,ETH/USDT:USDT,3806.67,0.64,3806.65,0.01,3806.68,301.42,3806.69,1.31
1753769379319,06:09:39.319,bybit,ETH/USDT:USDT,3806.67,0.66,3806.65,0.01,3806.68,302.99,3806.69,1.31
1753769379419,06:09:39.419,bybit,ETH/USDT:USDT,3806.67,0.66,3806.65,0.01,3806.68,302.99,3806.69,1.31
1753769379523,06:09:39.523,bybit,ETH/USDT:USDT,3806.27,24.24,3806.25,0.49,3806.28,195.74,3806.29,0.02
1753769379620,06:09:39.620,bybit,ETH/USDT:USDT,3806.27,49.33,3806.25,0.49,3806.28,142.04,3806.29,0.02
1753769379719,06:09:39.719,bybit,ETH/USDT:USDT,3806.27,51.66,3806.25,0.5,3806.28,142.97,3806.29,0.02
1753769379819,06:09:39.819,bybit,ETH/USDT:USDT,3806.27,51.68,3806.25,0.5,3806.28,141.4,3806.29,0.02
1753769379919,06:09:39.919,bybit,ETH/USDT:USDT,3806.27,58.75,3806.25,0.5,3806.28,218.27,3806.29,0.02
1753769380018,06:09:40.018,bybit,ETH/USDT:USDT,3806.27,58.75,3806.25,0.5,3806.28,218.27,3806.29,0.02
1753769380118,06:09:40.118,bybit,ETH/USDT:USDT,3806.27,58.26,3806.25,0.5,3806.28,218.17,3806.29,0.02
1753769380219,06:09:40.219,bybit,ETH/USDT:USDT,3806.27,44.7,3806.25,0.5,3806.28,218.17,3806.29,0.02
1753769380318,06:09:40.318,bybit,ETH/USDT:USDT,3806.27,44.65,3806.25,0.5,3806.28,221.33,3806.29,0.02
1753769380419,06:09:40.419,bybit,ETH/USDT:USDT,3806.27,52.53,3806.25,0.5,3806.28,221.43,3806.29,0.02
1753769380519,06:09:40.519,bybit,ETH/USDT:USDT,3806.27,52.53,3806.25,0.5,3806.28,219.36,3806.29,0.02
1753769380619,06:09:40.619,bybit,ETH/USDT:USDT,3806.27,53.56,3806.25,0.5,3806.28,217.79,3806.29,0.02
1753769380719,06:09:40.719,bybit,ETH/USDT:USDT,3806.27,52.27,3806.25,0.5,3806.28,215.02,3806.29,0.02
1753769380819,06:09:40.819,bybit,ETH/USDT:USDT,3806.27,55.24,3806.25,0.5,3806.28,160.16,3806.29,0.02
1753769381019,06:09:41.019,bybit,ETH/USDT:USDT,3806.27,57.34,3806.25,0.5,3806.28,140.5,3806.29,0.02
1753769381119,06:09:41.119,bybit,ETH/USDT:USDT,3806.27,64.68,3806.25,0.5,3806.28,137.35,3806.29,0.02
1753769381218,06:09:41.218,bybit,ETH/USDT:USDT,3806.27,57.38,3806.25,0.5,3806.28,137.33,3806.29,0.02
1753769381319,06:09:41.319,bybit,ETH/USDT:USDT,3806.27,57.38,3806.25,0.5,3806.28,137.29,3806.29,0.02
1753769381420,06:09:41.420,bybit,ETH/USDT:USDT,3806.27,56.46,3806.25,0.5,3806.28,134.55,3806.29,0.02
1753769381519,06:09:41.519,bybit,ETH/USDT:USDT,3806.27,54.71,3806.25,0.5,3806.28,134.55,3806.29,0.02
1753769381618,06:09:41.618,bybit,ETH/USDT:USDT,3806.27,54.71,3806.25,0.5,3806.28,134.55,3806.29,0.02
1753769381719,06:09:41.719,bybit,ETH/USDT:USDT,3806.27,54.76,3806.25,0.5,3806.28,134.55,3806.29,0.02
1753769381819,06:09:41.819,bybit,ETH/USDT:USDT,3806.27,39.88,3806.25,0.5,3806.28,134.55,3806.29,0.02
1753769381918,06:09:41.918,bybit,ETH/USDT:USDT,3806.27,65.97,3806.25,0.5,3806.28,134.55,3806.29,0.02
1753769382021,06:09:42.021,bybit,ETH/USDT:USDT,3806.27,65.97,3806.25,0.5,3806.28,134.5,3806.29,0.02
1753769382419,06:09:42.419,bybit,ETH/USDT:USDT,3806.27,25.61,3806.25,0.49,3806.28,136.07,3806.29,0.02
1753769382519,06:09:42.519,bybit,ETH/USDT:USDT,3806.27,15.94,3806.25,0.49,3806.28,136.05,3806.29,0.02
1753769382718,06:09:42.718,bybit,ETH/USDT:USDT,3806.27,16.0,3806.25,0.49,3806.28,136.05,3806.29,0.02
1753769382820,06:09:42.820,bybit,ETH/USDT:USDT,3806.27,14.9,3806.25,0.49,3806.28,136.01,3806.29,0.02
1753769382918,06:09:42.918,bybit,ETH/USDT:USDT,3806.27,1.52,3806.25,0.49,3806.28,147.32,3806.29,0.02
1753769383018,06:09:43.018,bybit,ETH/USDT:USDT,3806.27,1.57,3806.25,0.49,3806.28,144.09,3806.29,0.02
1753769383118,06:09:43.118,bybit,ETH/USDT:USDT,3806.27,1.57,3806.25,0.49,3806.28,147.35,3806.29,0.02
1753769383219,06:09:43.219,bybit,ETH/USDT:USDT,3806.27,0.54,3806.25,0.49,3806.28,147.35,3806.29,0.02
1753769383319,06:09:43.319,bybit,ETH/USDT:USDT,3806.25,2.01,3806.2,0.01,3806.26,193.09,3806.27,65.32
1753769383419,06:09:43.419,bybit,ETH/USDT:USDT,3806.25,2.06,3806.2,0.01,3806.26,193.69,3806.27,43.95
1753769383518,06:09:43.518,bybit,ETH/USDT:USDT,3806.25,2.98,3806.2,0.01,3806.26,192.04,3806.27,43.95
1753769383618,06:09:43.618,bybit,ETH/USDT:USDT,3806.08,0.94,3806.06,0.02,3806.09,8.13,3806.19,2.57
1753769383721,06:09:43.721,bybit,ETH/USDT:USDT,3806.08,34.68,3806.06,0.01,3806.09,208.99,3806.1,0.36
1753769383819,06:09:43.819,bybit,ETH/USDT:USDT,3806.08,56.39,3806.06,0.01,3806.09,205.38,3806.1,0.36
1753769383918,06:09:43.918,bybit,ETH/USDT:USDT,3806.08,70.46,3806.06,0.01,3806.09,198.43,3806.1,0.36
1753769384020,06:09:44.020,bybit,ETH/USDT:USDT,3806.08,72.56,3806.06,0.01,3806.09,194.73,3806.1,0.36
1753769384119,06:09:44.119,bybit,ETH/USDT:USDT,3806.08,76.82,3806.06,0.01,3806.09,178.75,3806.1,0.03
1753769384219,06:09:44.219,bybit,ETH/USDT:USDT,3806.08,88.1,3806.06,0.01,3806.09,102.32,3806.1,0.03
1753769384319,06:09:44.319,bybit,ETH/USDT:USDT,3806.08,109.22,3806.06,0.01,3806.09,102.88,3806.1,0.03
1753769384418,06:09:44.418,bybit,ETH/USDT:USDT,3806.08,106.6,3806.06,0.01,3806.09,102.88,3806.1,0.03
1753769384518,06:09:44.518,bybit,ETH/USDT:USDT,3806.08,109.29,3806.06,0.01,3806.09,93.56,3806.1,0.03
1753769384618,06:09:44.618,bybit,ETH/USDT:USDT,3806.08,109.5,3806.06,0.01,3806.09,83.81,3806.1,0.03
1753769384719,06:09:44.719,bybit,ETH/USDT:USDT,3806.08,105.96,3806.06,0.01,3806.09,93.48,3806.1,0.03
1753769384818,06:09:44.818,bybit,ETH/USDT:USDT,3806.08,106.47,3806.06,0.01,3806.09,83.81,3806.1,0.03
1753769384918,06:09:44.918,bybit,ETH/USDT:USDT,3806.08,106.46,3806.06,0.01,3806.09,83.81,3806.1,0.03
1753769385019,06:09:45.019,bybit,ETH/USDT:USDT,3806.08,104.71,3806.06,0.01,3806.09,93.48,3806.1,0.03
1753769385119,06:09:45.119,bybit,ETH/USDT:USDT,3806.08,104.71,3806.06,0.01,3806.09,93.52,3806.1,0.03
1753769385219,06:09:45.219,bybit,ETH/USDT:USDT,3806.08,104.65,3806.06,0.01,3806.09,94.52,3806.1,0.03
1753769385318,06:09:45.318,bybit,ETH/USDT:USDT,3806.08,106.4,3806.06,0.01,3806.09,84.59,3806.1,0.03
1753769385418,06:09:45.418,bybit,ETH/USDT:USDT,3806.08,106.4,3806.06,0.01,3806.09,84.59,3806.1,0.03
1753769385518,06:09:45.518,bybit,ETH/USDT:USDT,3806.08,106.48,3806.06,0.01,3806.09,84.59,3806.1,0.03
1753769385618,06:09:45.618,bybit,ETH/USDT:USDT,3806.08,104.73,3806.06,0.01,3806.09,94.26,3806.1,0.03
1753769385719,06:09:45.719,bybit,ETH/USDT:USDT,3806.08,104.73,3806.06,0.01,3806.09,94.26,3806.1,0.03
1753769385818,06:09:45.818,bybit,ETH/USDT:USDT,3806.08,104.73,3806.06,0.01,3806.09,94.26,3806.1,0.03
1753769385919,06:09:45.919,bybit,ETH/USDT:USDT,3806.08,104.69,3806.06,0.01,3806.09,94.26,3806.1,0.03
1753769386018,06:09:46.018,bybit,ETH/USDT:USDT,3806.08,93.38,3806.06,0.01,3806.09,94.26,3806.1,0.03
1753769386118,06:09:46.118,bybit,ETH/USDT:USDT,3806.08,86.45,3806.06,0.01,3806.09,94.26,3806.1,0.03
1753769386218,06:09:46.218,bybit,ETH/USDT:USDT,3806.08,52.83,3806.06,0.01,3806.09,94.24,3806.1,0.03
1753769386319,06:09:46.319,bybit,ETH/USDT:USDT,3806.08,43.12,3806.06,0.01,3806.09,94.23,3806.1,0.03
1753769386419,06:09:46.419,bybit,ETH/USDT:USDT,3806.08,16.65,3806.06,0.01,3806.09,101.74,3806.1,0.36
1753769386519,06:09:46.519,bybit,ETH/USDT:USDT,3806.08,15.69,3806.06,0.01,3806.09,101.75,3806.1,0.36
1753769386619,06:09:46.619,bybit,ETH/USDT:USDT,3806.08,29.08,3806.06,0.01,3806.09,162.28,3806.1,0.36
1753769386718,06:09:46.718,bybit,ETH/USDT:USDT,3806.08,30.06,3806.06,0.01,3806.09,162.28,3806.1,0.36
1753769386819,06:09:46.819,bybit,ETH/USDT:USDT,3806.08,15.65,3806.06,0.01,3806.09,162.28,3806.1,0.36
1753769386919,06:09:46.919,bybit,ETH/USDT:USDT,3806.08,68.81,3806.06,0.01,3806.09,157.33,3806.1,0.36
1753769387019,06:09:47.019,bybit,ETH/USDT:USDT,3806.08,72.47,3806.06,0.01,3806.09,149.2,3806.1,0.36
1753769387119,06:09:47.119,bybit,ETH/USDT:USDT,3806.08,69.6,3806.06,0.01,3806.09,149.19,3806.1,0.36
1753769387219,06:09:47.219,bybit,ETH/USDT:USDT,3806.08,86.12,3806.06,0.01,3806.09,147.09,3806.1,0.36
1753769387318,06:09:47.318,bybit,ETH/USDT:USDT,3806.08,90.02,3806.06,0.01,3806.09,143.83,3806.1,0.36
1753769387420,06:09:47.420,bybit,ETH/USDT:USDT,3805.91,0.02,3805.9,17.97,3805.95,7.24,3805.97,7.24
1753769387523,06:09:47.523,bybit,ETH/USDT:USDT,3805.8,73.46,3805.58,21.1,3805.81,75.13,3805.83,0.02
1753769387619,06:09:47.619,bybit,ETH/USDT:USDT,3805.8,113.0,3805.59,20.89,3805.81,36.56,3805.83,0.02
1753769387718,06:09:47.718,bybit,ETH/USDT:USDT,3805.8,113.92,3805.67,0.15,3805.81,23.21,3805.83,0.02
1753769387819,06:09:47.819,bybit,ETH/USDT:USDT,3805.8,141.23,3805.67,16.15,3805.81,18.12,3805.83,0.02
1753769387919,06:09:47.919,bybit,ETH/USDT:USDT,3806.07,25.35,3806.05,136.68,3806.08,8.17,3806.09,83.42
1753769388020,06:09:48.020,bybit,ETH/USDT:USDT,3806.07,143.51,3806.06,3.5,3806.08,94.27,3806.09,6.99
1753769388121,06:09:48.121,bybit,ETH/USDT:USDT,3806.43,180.25,3806.4,0.02,3806.44,5.45,3806.48,0.02
1753769388220,06:09:48.220,bybit,ETH/USDT:USDT,3806.43,176.06,3806.4,0.02,3806.44,5.45,3806.48,0.02
1753769388319,06:09:48.319,bybit,ETH/USDT:USDT,3806.43,175.85,3806.4,0.02,3806.44,2.83,3806.48,0.02
1753769388418,06:09:48.418,bybit,ETH/USDT:USDT,3806.43,176.49,3806.4,0.02,3806.44,2.83,3806.48,0.02
1753769388519,06:09:48.519,bybit,ETH/USDT:USDT,3806.43,176.7,3806.4,0.02,3806.44,2.83,3806.48,0.02
1753769388618,06:09:48.618,bybit,ETH/USDT:USDT,3806.43,176.7,3806.4,0.02,3806.44,2.83,3806.48,0.02
1753769388719,06:09:48.719,bybit,ETH/USDT:USDT,3806.43,163.9,3806.4,0.02,3806.44,2.83,3806.48,0.02
1753769388818,06:09:48.818,bybit,ETH/USDT:USDT,3806.43,163.9,3806.4,0.02,3806.44,2.83,3806.48,0.02
1753769388918,06:09:48.918,bybit,ETH/USDT:USDT,3806.43,165.01,3806.4,0.02,3806.44,2.83,3806.48,0.02
1753769389019,06:09:49.019,bybit,ETH/USDT:USDT,3806.43,136.82,3806.4,0.02,3806.44,25.85,3806.48,0.02
1753769389119,06:09:49.119,bybit,ETH/USDT:USDT,3806.43,119.97,3806.4,0.02,3806.44,47.41,3806.48,0.02
1753769389218,06:09:49.218,bybit,ETH/USDT:USDT,3806.43,121.72,3806.4,0.02,3806.44,47.41,3806.48,0.02
1753769389319,06:09:49.319,bybit,ETH/USDT:USDT,3806.43,152.87,3806.4,0.02,3806.44,47.14,3806.48,0.02
1753769389419,06:09:49.419,bybit,ETH/USDT:USDT,3806.43,156.74,3806.4,0.02,3806.44,20.32,3806.48,0.02
1753769389518,06:09:49.518,bybit,ETH/USDT:USDT,3806.43,156.74,3806.4,0.02,3806.44,2.56,3806.48,0.02
1753769389618,06:09:49.618,bybit,ETH/USDT:USDT,3806.43,168.26,3806.4,0.02,3806.44,2.56,3806.48,0.02
1753769389718,06:09:49.718,bybit,ETH/USDT:USDT,3806.43,168.26,3806.4,0.02,3806.44,2.56,3806.48,0.02
1753769389819,06:09:49.819,bybit,ETH/USDT:USDT,3806.43,168.08,3806.4,0.02,3806.44,2.56,3806.48,0.02
1753769389921,06:09:49.921,bybit,ETH/USDT:USDT,3806.69,294.63,3806.66,64.68,3806.7,0.01,3806.74,0.03
1753769390023,06:09:50.023,bybit,ETH/USDT:USDT,3806.93,114.35,3806.92,18.59,3806.94,4.71,3806.95,6.11
1753769390119,06:09:50.119,bybit,ETH/USDT:USDT,3806.93,88.31,3806.92,2.59,3806.94,51.81,3806.95,6.11
1753769390219,06:09:50.219,bybit,ETH/USDT:USDT,3806.93,36.98,3806.92,2.59,3806.94,53.42,3806.95,6.11
1753769390319,06:09:50.319,bybit,ETH/USDT:USDT,3806.93,36.98,3806.92,2.59,3806.94,53.32,3806.95,6.11
1753769390420,06:09:50.420,bybit,ETH/USDT:USDT,3806.93,43.01,3806.92,2.59,3806.94,53.42,3806.95,6.11
1753769390518,06:09:50.518,bybit,ETH/USDT:USDT,3806.93,43.01,3806.92,2.59,3806.94,53.42,3806.95,6.11
1753769390618,06:09:50.618,bybit,ETH/USDT:USDT,3806.93,43.01,3806.92,2.59,3806.94,52.8,3806.95,6.11
1753769390718,06:09:50.718,bybit,ETH/USDT:USDT,3806.93,43.01,3806.92,2.59,3806.94,52.8,3806.95,6.11
1753769390819,06:09:50.819,bybit,ETH/USDT:USDT,3806.93,43.01,3806.92,2.59,3806.94,52.8,3806.95,6.11
1753769390918,06:09:50.918,bybit,ETH/USDT:USDT,3806.93,43.99,3806.92,2.59,3806.94,52.8,3806.95,6.11
1753769391019,06:09:51.019,bybit,ETH/USDT:USDT,3806.93,43.99,3806.92,2.59,3806.94,52.8,3806.95,6.11
1753769391119,06:09:51.119,bybit,ETH/USDT:USDT,3806.93,44.01,3806.92,2.59,3806.94,52.8,3806.95,6.11
1753769391219,06:09:51.219,bybit,ETH/USDT:USDT,3806.93,44.01,3806.92,2.59,3806.94,51.96,3806.95,6.11
1753769391319,06:09:51.319,bybit,ETH/USDT:USDT,3806.93,44.01,3806.92,2.59,3806.94,51.96,3806.95,6.11
1753769391419,06:09:51.419,bybit,ETH/USDT:USDT,3806.93,35.45,3806.92,40.44,3806.94,53.44,3806.95,6.11
1753769391519,06:09:51.519,bybit,ETH/USDT:USDT,3806.93,15.22,3806.92,37.85,3806.94,56.8,3806.95,6.11
1753769391618,06:09:51.618,bybit,ETH/USDT:USDT,3806.93,15.22,3806.92,37.85,3806.94,56.81,3806.95,6.11
1753769391719,06:09:51.719,bybit,ETH/USDT:USDT,3806.93,14.78,3806.92,37.85,3806.94,58.53,3806.95,6.11
1753769391819,06:09:51.819,bybit,ETH/USDT:USDT,3806.93,14.78,3806.92,37.85,3806.94,58.64,3806.95,6.11
1753769391918,06:09:51.918,bybit,ETH/USDT:USDT,3806.93,14.78,3806.92,37.85,3806.94,58.12,3806.95,6.11
1753769392019,06:09:52.019,bybit,ETH/USDT:USDT,3806.93,14.78,3806.92,37.85,3806.94,58.12,3806.95,6.11
1753769392118,06:09:52.118,bybit,ETH/USDT:USDT,3806.93,3.22,3806.92,37.85,3806.94,58.9,3806.95,6.11
1753769392219,06:09:52.219,bybit,ETH/USDT:USDT,3806.8,33.28,3806.79,0.02,3806.81,48.04,3806.84,7.56
1753769392320,06:09:52.320,bybit,ETH/USDT:USDT,3806.8,33.82,3806.79,0.02,3806.81,317.03,3806.82,9.67
1753769392419,06:09:52.419,bybit,ETH/USDT:USDT,3806.8,33.82,3806.79,0.02,3806.81,317.02,3806.82,9.67
1753769392519,06:09:52.519,bybit,ETH/USDT:USDT,3806.8,33.82,3806.79,0.02,3806.81,317.82,3806.82,9.67
1753769392618,06:09:52.618,bybit,ETH/USDT:USDT,3806.8,33.82,3806.79,0.02,3806.81,317.82,3806.82,9.67
1753769392719,06:09:52.719,bybit,ETH/USDT:USDT,3806.8,33.82,3806.79,0.02,3806.81,317.82,3806.82,9.68
1753769392818,06:09:52.818,bybit,ETH/USDT:USDT,3806.8,33.59,3806.79,0.02,3806.81,317.82,3806.82,9.68
1753769392918,06:09:52.918,bybit,ETH/USDT:USDT,3806.8,22.6,3806.79,0.02,3806.81,318.34,3806.82,9.68
1753769393020,06:09:53.020,bybit,ETH/USDT:USDT,3806.52,29.03,3806.49,0.02,3806.53,219.87,3806.54,0.01
1753769393119,06:09:53.119,bybit,ETH/USDT:USDT,3806.52,29.57,3806.49,0.02,3806.53,219.87,3806.54,0.01
1753769393219,06:09:53.219,bybit,ETH/USDT:USDT,3806.52,29.57,3806.49,0.02,3806.53,228.21,3806.54,0.01
1753769393320,06:09:53.320,bybit,ETH/USDT:USDT,3806.52,29.03,3806.49,0.02,3806.53,235.89,3806.54,0.01
1753769393419,06:09:53.419,bybit,ETH/USDT:USDT,3806.52,30.36,3806.49,0.02,3806.53,236.17,3806.54,0.01
1753769393519,06:09:53.519,bybit,ETH/USDT:USDT,3806.52,30.36,3806.49,0.02,3806.53,234.83,3806.54,0.01
1753769393618,06:09:53.618,bybit,ETH/USDT:USDT,3806.52,28.79,3806.49,0.02,3806.53,234.83,3806.54,0.01
1753769393719,06:09:53.719,bybit,ETH/USDT:USDT,3806.52,28.8,3806.49,0.02,3806.53,221.51,3806.54,0.01
1753769393818,06:09:53.818,bybit,ETH/USDT:USDT,3806.52,28.8,3806.49,0.02,3806.53,221.51,3806.54,0.01
1753769393918,06:09:53.918,bybit,ETH/USDT:USDT,3806.52,28.8,3806.49,0.02,3806.53,221.51,3806.54,0.01
1753769394018,06:09:54.018,bybit,ETH/USDT:USDT,3806.52,28.8,3806.49,0.02,3806.53,212.98,3806.54,0.01
1753769394119,06:09:54.119,bybit,ETH/USDT:USDT,3806.52,28.8,3806.49,0.02,3806.53,212.98,3806.54,0.01
1753769394218,06:09:54.218,bybit,ETH/USDT:USDT,3806.52,28.78,3806.49,0.02,3806.53,212.98,3806.54,0.01
1753769394318,06:09:54.318,bybit,ETH/USDT:USDT,3806.52,28.78,3806.49,0.02,3806.53,210.45,3806.54,0.01
1753769394419,06:09:54.419,bybit,ETH/USDT:USDT,3806.52,33.4,3806.49,0.02,3806.53,141.15,3806.59,0.02
1753769394519,06:09:54.519,bybit,ETH/USDT:USDT,3806.52,33.4,3806.49,0.02,3806.53,94.9,3806.59,0.02
1753769394621,06:09:54.621,bybit,ETH/USDT:USDT,3806.52,109.86,3806.51,30.64,3806.53,11.0,3806.59,0.02
1753769394719,06:09:54.719,bybit,ETH/USDT:USDT,3806.52,85.5,3806.51,30.64,3806.53,11.0,3806.59,0.02
1753769394819,06:09:54.819,bybit,ETH/USDT:USDT,3806.52,85.5,3806.51,30.64,3806.53,11.0,3806.59,0.02
1753769394918,06:09:54.918,bybit,ETH/USDT:USDT,3806.52,85.53,3806.51,30.64,3806.53,11.0,3806.55,0.02
1753769395019,06:09:55.019,bybit,ETH/USDT:USDT,3806.52,85.63,3806.51,33.07,3806.53,11.0,3806.55,0.02
1753769395118,06:09:55.118,bybit,ETH/USDT:USDT,3806.52,85.62,3806.51,33.07,3806.53,11.0,3806.55,0.02
1753769395218,06:09:55.218,bybit,ETH/USDT:USDT,3806.52,85.78,3806.51,33.07,3806.53,11.0,3806.55,0.02
1753769395318,06:09:55.318,bybit,ETH/USDT:USDT,3806.52,85.8,3806.51,33.07,3806.53,11.0,3806.55,0.02
1753769395418,06:09:55.418,bybit,ETH/USDT:USDT,3806.52,85.83,3806.51,33.07,3806.53,11.0,3806.55,0.02
1753769395518,06:09:55.518,bybit,ETH/USDT:USDT,3806.52,85.83,3806.51,33.07,3806.53,11.0,3806.55,0.02
1753769395620,06:09:55.620,bybit,ETH/USDT:USDT,3806.92,47.19,3806.9,20.58,3806.93,27.64,3806.97,0.02
1753769395720,06:09:55.720,bybit,ETH/USDT:USDT,3806.92,19.25,3806.9,0.02,3806.93,55.58,3806.97,0.02
1753769395819,06:09:55.819,bybit,ETH/USDT:USDT,3806.92,27.13,3806.9,0.02,3806.93,57.42,3806.97,0.02
1753769395919,06:09:55.919,bybit,ETH/USDT:USDT,3806.92,27.13,3806.9,0.02,3806.93,57.42,3806.97,0.02
1753769396021,06:09:56.021,bybit,ETH/USDT:USDT,3806.92,27.13,3806.9,0.02,3806.93,57.42,3806.97,0.02
1753769396119,06:09:56.119,bybit,ETH/USDT:USDT,3806.92,27.13,3806.9,0.02,3806.93,68.81,3806.97,0.02
1753769396219,06:09:56.219,bybit,ETH/USDT:USDT,3806.92,27.13,3806.9,0.02,3806.93,68.81,3806.97,0.02
1753769396319,06:09:56.319,bybit,ETH/USDT:USDT,3806.92,27.13,3806.9,0.02,3806.93,68.81,3806.97,0.02
