timestamp,time,exchange,symbol,bid1_price,bid1_volume,bid2_price,bid2_volume,ask1_price,ask1_volume,ask2_price,ask2_volume
1753769311459,06:08:31.459,kucoinfutures,BTC/USDT:USDT,118800.8,735.0,118800.0,2.0,118800.9,1113.0,118801.0,122.0
1753769311461,06:08:31.461,kucoinfutures,BTC/USDT:USDT,118800.8,735.0,118800.0,2.0,118800.9,1113.0,118801.0,122.0
1753769311507,06:08:31.507,kucoinfutures,BTC/USDT:USDT,118800.8,735.0,118800.0,2.0,118800.9,1113.0,118801.0,122.0
1753769311507,06:08:31.507,kucoinfutures,BTC/USDT:USDT,118800.8,735.0,118800.0,2.0,118800.9,1113.0,118801.0,122.0
1753769311508,06:08:31.508,kucoinfutures,BTC/USDT:USDT,118800.8,735.0,118800.0,2.0,118800.9,1113.0,118801.0,122.0
1753769311513,06:08:31.513,kucoinfutures,BTC/USDT:USDT,118800.8,735.0,118800.0,2.0,118800.9,1113.0,118801.0,122.0
1753769311516,06:08:31.516,kucoinfutures,BTC/USDT:USDT,118800.8,735.0,118800.0,2.0,118800.9,1113.0,118801.0,122.0
1753769311518,06:08:31.518,kucoinfutures,BTC/USDT:USDT,118800.8,735.0,118800.0,2.0,118800.9,1113.0,118801.0,122.0
1753769311519,06:08:31.519,kucoinfutures,BTC/USDT:USDT,118800.8,735.0,118800.0,2.0,118800.9,1113.0,118801.0,122.0
1753769311519,06:08:31.519,kucoinfutures,BTC/USDT:USDT,118800.8,735.0,118800.0,2.0,118800.9,1113.0,118801.0,122.0
1753769311521,06:08:31.521,kucoinfutures,BTC/USDT:USDT,118800.8,735.0,118800.0,2.0,118800.9,1113.0,118801.0,122.0
1753769311555,06:08:31.555,kucoinfutures,BTC/USDT:USDT,118800.8,735.0,118800.0,2.0,118800.9,1113.0,118801.0,122.0
1753769311560,06:08:31.560,kucoinfutures,BTC/USDT:USDT,118800.8,735.0,118800.0,2.0,118800.9,1113.0,118801.0,122.0
1753769311570,06:08:31.570,kucoinfutures,BTC/USDT:USDT,118800.8,735.0,118800.0,2.0,118800.9,1113.0,118801.0,122.0
1753769311607,06:08:31.607,kucoinfutures,BTC/USDT:USDT,118800.8,735.0,118800.0,2.0,118800.9,1113.0,118801.0,122.0
1753769311609,06:08:31.609,kucoinfutures,BTC/USDT:USDT,118800.8,735.0,118800.0,2.0,118800.9,1113.0,118801.0,122.0
1753769311612,06:08:31.612,kucoinfutures,BTC/USDT:USDT,118800.8,735.0,118800.0,2.0,118800.9,1113.0,118801.0,122.0
1753769311613,06:08:31.613,kucoinfutures,BTC/USDT:USDT,118800.8,735.0,118800.0,2.0,118800.9,1113.0,118801.0,122.0
1753769311615,06:08:31.615,kucoinfutures,BTC/USDT:USDT,118800.8,735.0,118800.0,2.0,118800.9,1113.0,118801.0,122.0
1753769311622,06:08:31.622,kucoinfutures,BTC/USDT:USDT,118800.8,735.0,118800.0,2.0,118800.9,1113.0,118801.0,122.0
1753769311629,06:08:31.629,kucoinfutures,BTC/USDT:USDT,118800.8,735.0,118800.0,2.0,118800.9,1113.0,118801.0,122.0
1753769311636,06:08:31.636,kucoinfutures,BTC/USDT:USDT,118800.8,735.0,118800.0,2.0,118800.9,1113.0,118801.0,122.0
1753769311665,06:08:31.665,kucoinfutures,BTC/USDT:USDT,118800.8,735.0,118800.0,2.0,118800.9,1113.0,118801.0,122.0
1753769311707,06:08:31.707,kucoinfutures,BTC/USDT:USDT,118800.8,735.0,118800.0,2.0,118800.9,1113.0,118801.0,122.0
1753769311709,06:08:31.709,kucoinfutures,BTC/USDT:USDT,118800.8,735.0,118800.0,2.0,118800.9,1113.0,118801.0,122.0
1753769311751,06:08:31.751,kucoinfutures,BTC/USDT:USDT,118800.8,755.0,118800.0,2.0,118800.9,1113.0,118801.0,122.0
1753769311809,06:08:31.809,kucoinfutures,BTC/USDT:USDT,118800.8,755.0,118800.0,2.0,118800.9,1113.0,118801.0,122.0
1753769311906,06:08:31.906,kucoinfutures,BTC/USDT:USDT,118800.8,755.0,118800.0,2.0,118800.9,1113.0,118801.0,122.0
1753769311908,06:08:31.908,kucoinfutures,BTC/USDT:USDT,118800.8,755.0,118800.0,2.0,118800.9,1113.0,118801.0,122.0
1753769311913,06:08:31.913,kucoinfutures,BTC/USDT:USDT,118800.8,755.0,118800.0,2.0,118800.9,1113.0,118801.0,122.0
1753769311950,06:08:31.950,kucoinfutures,BTC/USDT:USDT,118800.8,755.0,118800.0,2.0,118800.9,1113.0,118801.0,122.0
1753769311961,06:08:31.961,kucoinfutures,BTC/USDT:USDT,118800.8,755.0,118800.0,2.0,118800.9,1113.0,118801.0,122.0
1753769311975,06:08:31.975,kucoinfutures,BTC/USDT:USDT,118800.8,755.0,118800.0,2.0,118800.9,1113.0,118801.0,122.0
1753769312005,06:08:32.005,kucoinfutures,BTC/USDT:USDT,118800.8,755.0,118800.0,2.0,118800.9,1113.0,118801.0,122.0
1753769312006,06:08:32.006,kucoinfutures,BTC/USDT:USDT,118800.8,755.0,118800.0,2.0,118800.9,1113.0,118801.0,122.0
1753769312010,06:08:32.010,kucoinfutures,BTC/USDT:USDT,118800.8,755.0,118800.0,2.0,118800.9,1113.0,118801.0,122.0
1753769312011,06:08:32.011,kucoinfutures,BTC/USDT:USDT,118800.8,755.0,118800.0,2.0,118800.9,1113.0,118801.0,122.0
1753769312049,06:08:32.049,kucoinfutures,BTC/USDT:USDT,118800.8,755.0,118800.0,2.0,118800.9,1113.0,118801.0,122.0
1753769312053,06:08:32.053,kucoinfutures,BTC/USDT:USDT,118800.8,755.0,118800.0,2.0,118800.9,1113.0,118801.0,122.0
1753769312053,06:08:32.053,kucoinfutures,BTC/USDT:USDT,118800.8,755.0,118800.0,2.0,118800.9,1113.0,118801.0,122.0
1753769312055,06:08:32.055,kucoinfutures,BTC/USDT:USDT,118800.8,755.0,118800.0,2.0,118800.9,1113.0,118801.0,122.0
1753769312095,06:08:32.095,kucoinfutures,BTC/USDT:USDT,118800.8,755.0,118800.0,2.0,118800.9,1113.0,118801.0,122.0
1753769312100,06:08:32.100,kucoinfutures,BTC/USDT:USDT,118800.8,755.0,118800.0,2.0,118800.9,1113.0,118801.0,122.0
1753769312103,06:08:32.103,kucoinfutures,BTC/USDT:USDT,118800.8,755.0,118800.0,2.0,118800.9,1113.0,118801.0,122.0
1753769312105,06:08:32.105,kucoinfutures,BTC/USDT:USDT,118800.8,755.0,118800.0,2.0,118800.9,1113.0,118801.0,122.0
1753769312107,06:08:32.107,kucoinfutures,BTC/USDT:USDT,118800.8,755.0,118800.0,2.0,118800.9,1113.0,118801.0,122.0
1753769312112,06:08:32.112,kucoinfutures,BTC/USDT:USDT,118800.8,755.0,118800.0,2.0,118800.9,1113.0,118801.0,122.0
1753769312306,06:08:32.306,kucoinfutures,BTC/USDT:USDT,118800.8,755.0,118800.0,2.0,118800.9,1113.0,118801.0,122.0
1753769312312,06:08:32.312,kucoinfutures,BTC/USDT:USDT,118800.8,755.0,118800.0,2.0,118800.9,1113.0,118801.0,122.0
1753769312318,06:08:32.318,kucoinfutures,BTC/USDT:USDT,118800.8,755.0,118800.0,2.0,118800.9,1113.0,118801.0,122.0
1753769312409,06:08:32.409,kucoinfutures,BTC/USDT:USDT,118800.8,755.0,118800.0,2.0,118800.9,1113.0,118801.0,122.0
1753769312506,06:08:32.506,kucoinfutures,BTC/USDT:USDT,118800.8,755.0,118800.0,2.0,118800.9,1113.0,118801.0,122.0
1753769312509,06:08:32.509,kucoinfutures,BTC/USDT:USDT,118800.8,755.0,118800.0,2.0,118800.9,1113.0,118801.0,122.0
1753769312605,06:08:32.605,kucoinfutures,BTC/USDT:USDT,118800.8,755.0,118800.0,2.0,118800.9,1113.0,118801.0,122.0
1753769312607,06:08:32.607,kucoinfutures,BTC/USDT:USDT,118800.8,755.0,118800.0,2.0,118800.9,1113.0,118801.0,122.0
1753769312607,06:08:32.607,kucoinfutures,BTC/USDT:USDT,118800.8,755.0,118800.0,2.0,118800.9,1113.0,118801.0,122.0
1753769312607,06:08:32.607,kucoinfutures,BTC/USDT:USDT,118800.8,755.0,118800.0,2.0,118800.9,1113.0,118801.0,122.0
1753769312611,06:08:32.611,kucoinfutures,BTC/USDT:USDT,118800.8,755.0,118800.0,2.0,118800.9,1113.0,118801.0,122.0
1753769312613,06:08:32.613,kucoinfutures,BTC/USDT:USDT,118800.8,755.0,118800.0,2.0,118800.9,1113.0,118801.0,122.0
1753769312618,06:08:32.618,kucoinfutures,BTC/USDT:USDT,118800.8,755.0,118800.0,2.0,118800.9,1113.0,118801.0,122.0
1753769312619,06:08:32.619,kucoinfutures,BTC/USDT:USDT,118800.8,755.0,118800.0,2.0,118800.9,1113.0,118801.0,122.0
1753769312619,06:08:32.619,kucoinfutures,BTC/USDT:USDT,118800.8,755.0,118800.0,2.0,118800.9,1113.0,118801.0,122.0
1753769312622,06:08:32.622,kucoinfutures,BTC/USDT:USDT,118800.8,755.0,118800.0,2.0,118800.9,1113.0,118801.0,122.0
1753769312623,06:08:32.623,kucoinfutures,BTC/USDT:USDT,118800.8,755.0,118800.0,2.0,118800.9,1113.0,118801.0,122.0
1753769312625,06:08:32.625,kucoinfutures,BTC/USDT:USDT,118800.8,755.0,118800.0,2.0,118800.9,1113.0,118801.0,122.0
1753769312628,06:08:32.628,kucoinfutures,BTC/USDT:USDT,118800.8,755.0,118800.0,2.0,118800.9,1113.0,118801.0,122.0
1753769312631,06:08:32.631,kucoinfutures,BTC/USDT:USDT,118800.8,755.0,118800.0,2.0,118800.9,1113.0,118801.0,122.0
1753769312637,06:08:32.637,kucoinfutures,BTC/USDT:USDT,118800.8,755.0,118800.0,2.0,118800.9,1113.0,118801.0,122.0
1753769312643,06:08:32.643,kucoinfutures,BTC/USDT:USDT,118800.8,755.0,118800.0,2.0,118800.9,1113.0,118801.0,122.0
1753769312705,06:08:32.705,kucoinfutures,BTC/USDT:USDT,118800.8,755.0,118800.0,2.0,118800.9,1113.0,118801.0,122.0
1753769312706,06:08:32.706,kucoinfutures,BTC/USDT:USDT,118800.8,755.0,118800.0,2.0,118800.9,1113.0,118801.0,122.0
1753769312707,06:08:32.707,kucoinfutures,BTC/USDT:USDT,118800.8,755.0,118800.0,2.0,118800.9,1113.0,118801.0,122.0
1753769312707,06:08:32.707,kucoinfutures,BTC/USDT:USDT,118800.8,755.0,118800.0,2.0,118800.9,1113.0,118801.0,122.0
1753769312711,06:08:32.711,kucoinfutures,BTC/USDT:USDT,118800.8,755.0,118800.0,2.0,118800.9,1113.0,118801.0,122.0
1753769312744,06:08:32.744,kucoinfutures,BTC/USDT:USDT,118800.8,755.0,118800.0,2.0,118800.9,1113.0,118801.0,122.0
1753769312744,06:08:32.744,kucoinfutures,BTC/USDT:USDT,118800.8,755.0,118800.0,2.0,118800.9,1113.0,118801.0,122.0
1753769312748,06:08:32.748,kucoinfutures,BTC/USDT:USDT,118800.8,755.0,118800.0,2.0,118800.9,1113.0,118801.0,122.0
1753769312775,06:08:32.775,kucoinfutures,BTC/USDT:USDT,118800.8,755.0,118800.0,2.0,118800.9,1113.0,118801.0,122.0
1753769312777,06:08:32.777,kucoinfutures,BTC/USDT:USDT,118800.8,755.0,118800.0,2.0,118800.9,1113.0,118801.0,122.0
1753769312777,06:08:32.777,kucoinfutures,BTC/USDT:USDT,118800.8,755.0,118800.0,2.0,118800.9,1113.0,118801.0,122.0
1753769312777,06:08:32.777,kucoinfutures,BTC/USDT:USDT,118800.8,755.0,118800.0,2.0,118800.9,1113.0,118801.0,122.0
1753769312777,06:08:32.777,kucoinfutures,BTC/USDT:USDT,118800.8,755.0,118800.0,2.0,118800.9,1113.0,118801.0,122.0
1753769312777,06:08:32.777,kucoinfutures,BTC/USDT:USDT,118800.8,755.0,118800.0,2.0,118800.9,1113.0,118801.0,122.0
1753769312781,06:08:32.781,kucoinfutures,BTC/USDT:USDT,118800.8,755.0,118800.0,2.0,118800.9,1113.0,118801.0,122.0
1753769312782,06:08:32.782,kucoinfutures,BTC/USDT:USDT,118800.8,755.0,118800.0,2.0,118800.9,1113.0,118801.0,122.0
1753769312851,06:08:32.851,kucoinfutures,BTC/USDT:USDT,118800.8,755.0,118800.0,2.0,118800.9,1113.0,118801.0,122.0
1753769313206,06:08:33.206,kucoinfutures,BTC/USDT:USDT,118800.8,735.0,118800.0,2.0,118800.9,1113.0,118801.0,122.0
1753769313211,06:08:33.211,kucoinfutures,BTC/USDT:USDT,118800.8,735.0,118800.0,2.0,118800.9,1113.0,118801.0,122.0
1753769313212,06:08:33.212,kucoinfutures,BTC/USDT:USDT,118800.8,735.0,118800.0,2.0,118800.9,1113.0,118801.0,122.0
1753769313213,06:08:33.213,kucoinfutures,BTC/USDT:USDT,118800.8,735.0,118800.0,2.0,118800.9,1113.0,118801.0,122.0
1753769313213,06:08:33.213,kucoinfutures,BTC/USDT:USDT,118800.8,735.0,118800.0,2.0,118800.9,1113.0,118801.0,122.0
1753769313214,06:08:33.214,kucoinfutures,BTC/USDT:USDT,118800.8,735.0,118800.0,2.0,118800.9,1113.0,118801.0,122.0
1753769313224,06:08:33.224,kucoinfutures,BTC/USDT:USDT,118800.8,735.0,118800.0,2.0,118800.9,1113.0,118801.0,122.0
1753769313306,06:08:33.306,kucoinfutures,BTC/USDT:USDT,118800.8,735.0,118800.0,2.0,118800.9,1113.0,118801.0,122.0
1753769313307,06:08:33.307,kucoinfutures,BTC/USDT:USDT,118800.8,735.0,118800.0,2.0,118800.9,1113.0,118801.0,122.0
1753769313311,06:08:33.311,kucoinfutures,BTC/USDT:USDT,118800.8,735.0,118800.0,2.0,118800.9,1113.0,118801.0,122.0
1753769313355,06:08:33.355,kucoinfutures,BTC/USDT:USDT,118800.8,735.0,118800.0,2.0,118800.9,1113.0,118801.0,122.0
1753769313360,06:08:33.360,kucoinfutures,BTC/USDT:USDT,118800.8,735.0,118800.0,2.0,118800.9,1113.0,118801.0,122.0
1753769313360,06:08:33.360,kucoinfutures,BTC/USDT:USDT,118800.8,735.0,118800.0,2.0,118800.9,1113.0,118801.0,122.0
1753769313384,06:08:33.384,kucoinfutures,BTC/USDT:USDT,118800.8,735.0,118800.0,2.0,118800.9,1113.0,118801.0,122.0
1753769313385,06:08:33.385,kucoinfutures,BTC/USDT:USDT,118800.8,735.0,118800.0,2.0,118800.9,1113.0,118801.0,122.0
1753769313392,06:08:33.392,kucoinfutures,BTC/USDT:USDT,118800.8,735.0,118800.0,2.0,118800.9,1113.0,118801.0,122.0
1753769313412,06:08:33.412,kucoinfutures,BTC/USDT:USDT,118800.8,735.0,118800.0,2.0,118800.9,1113.0,118801.0,122.0
1753769313415,06:08:33.415,kucoinfutures,BTC/USDT:USDT,118800.8,735.0,118800.0,2.0,118800.9,1113.0,118801.0,122.0
1753769313420,06:08:33.420,kucoinfutures,BTC/USDT:USDT,118800.8,735.0,118800.0,2.0,118800.9,1113.0,118801.0,122.0
1753769313442,06:08:33.442,kucoinfutures,BTC/USDT:USDT,118800.8,735.0,118800.0,2.0,118800.9,1113.0,118801.0,122.0
1753769313442,06:08:33.442,kucoinfutures,BTC/USDT:USDT,118800.8,735.0,118800.0,2.0,118800.9,1113.0,118801.0,122.0
1753769313447,06:08:33.447,kucoinfutures,BTC/USDT:USDT,118800.8,735.0,118800.0,2.0,118800.9,1113.0,118801.0,122.0
1753769313447,06:08:33.447,kucoinfutures,BTC/USDT:USDT,118800.8,735.0,118800.0,2.0,118800.9,1113.0,118801.0,122.0
1753769313462,06:08:33.462,kucoinfutures,BTC/USDT:USDT,118800.8,735.0,118800.0,2.0,118800.9,1113.0,118801.0,122.0
1753769313472,06:08:33.472,kucoinfutures,BTC/USDT:USDT,118800.8,735.0,118800.0,2.0,118800.9,1113.0,118801.0,122.0
1753769313492,06:08:33.492,kucoinfutures,BTC/USDT:USDT,118800.8,735.0,118800.0,2.0,118800.9,1113.0,118801.0,122.0
1753769313506,06:08:33.506,kucoinfutures,BTC/USDT:USDT,118800.8,735.0,118800.0,2.0,118800.9,1113.0,118801.0,122.0
1753769313507,06:08:33.507,kucoinfutures,BTC/USDT:USDT,118800.8,735.0,118800.0,2.0,118800.9,1113.0,118801.0,122.0
1753769313521,06:08:33.521,kucoinfutures,BTC/USDT:USDT,118800.8,735.0,118800.0,2.0,118800.9,1113.0,118801.0,122.0
1753769313521,06:08:33.521,kucoinfutures,BTC/USDT:USDT,118800.8,735.0,118800.0,2.0,118800.9,1113.0,118801.0,122.0
1753769313607,06:08:33.607,kucoinfutures,BTC/USDT:USDT,118800.8,735.0,118800.0,2.0,118800.9,1113.0,118801.0,122.0
1753769313610,06:08:33.610,kucoinfutures,BTC/USDT:USDT,118800.8,735.0,118800.0,2.0,118800.9,1113.0,118801.0,122.0
1753769313611,06:08:33.611,kucoinfutures,BTC/USDT:USDT,118800.8,735.0,118800.0,2.0,118800.9,1113.0,118801.0,122.0
1753769313626,06:08:33.626,kucoinfutures,BTC/USDT:USDT,118800.8,735.0,118800.0,2.0,118800.9,1113.0,118801.0,122.0
1753769313629,06:08:33.629,kucoinfutures,BTC/USDT:USDT,118800.8,735.0,118800.0,2.0,118800.9,1113.0,118801.0,122.0
1753769313631,06:08:33.631,kucoinfutures,BTC/USDT:USDT,118800.8,735.0,118800.0,2.0,118800.9,1113.0,118801.0,122.0
1753769313631,06:08:33.631,kucoinfutures,BTC/USDT:USDT,118800.8,735.0,118800.0,2.0,118800.9,1113.0,118801.0,122.0
1753769313632,06:08:33.632,kucoinfutures,BTC/USDT:USDT,118800.8,735.0,118800.0,2.0,118800.9,1113.0,118801.0,122.0
1753769313634,06:08:33.634,kucoinfutures,BTC/USDT:USDT,118800.8,735.0,118800.0,2.0,118800.9,1113.0,118801.0,122.0
1753769313637,06:08:33.637,kucoinfutures,BTC/USDT:USDT,118800.8,735.0,118800.0,2.0,118800.9,1113.0,118801.0,122.0
1753769313646,06:08:33.646,kucoinfutures,BTC/USDT:USDT,118800.8,735.0,118800.0,2.0,118800.9,1113.0,118801.0,122.0
1753769313649,06:08:33.649,kucoinfutures,BTC/USDT:USDT,118800.8,735.0,118800.0,2.0,118800.9,1113.0,118801.0,122.0
1753769313658,06:08:33.658,kucoinfutures,BTC/USDT:USDT,118800.8,735.0,118800.0,2.0,118800.9,1113.0,118801.0,122.0
1753769313660,06:08:33.660,kucoinfutures,BTC/USDT:USDT,118800.8,735.0,118800.0,2.0,118800.9,1113.0,118801.0,122.0
1753769313708,06:08:33.708,kucoinfutures,BTC/USDT:USDT,118800.8,735.0,118800.0,2.0,118800.9,1113.0,118801.0,122.0
1753769313720,06:08:33.720,kucoinfutures,BTC/USDT:USDT,118800.8,735.0,118800.0,2.0,118800.9,1113.0,118801.0,122.0
1753769313724,06:08:33.724,kucoinfutures,BTC/USDT:USDT,118800.8,735.0,118800.0,2.0,118800.9,1113.0,118801.0,122.0
1753769313727,06:08:33.727,kucoinfutures,BTC/USDT:USDT,118800.8,735.0,118800.0,2.0,118800.9,1113.0,118801.0,122.0
1753769313774,06:08:33.774,kucoinfutures,BTC/USDT:USDT,118800.8,735.0,118800.0,2.0,118800.9,1113.0,118801.0,122.0
1753769313790,06:08:33.790,kucoinfutures,BTC/USDT:USDT,118800.8,735.0,118800.0,2.0,118800.9,1113.0,118801.0,122.0
1753769313876,06:08:33.876,kucoinfutures,BTC/USDT:USDT,118800.8,735.0,118800.0,2.0,118800.9,1113.0,118801.0,122.0
1753769313878,06:08:33.878,kucoinfutures,BTC/USDT:USDT,118800.8,735.0,118800.0,2.0,118800.9,1113.0,118801.0,122.0
1753769313883,06:08:33.883,kucoinfutures,BTC/USDT:USDT,118800.8,735.0,118800.0,2.0,118800.9,1113.0,118801.0,122.0
1753769313905,06:08:33.905,kucoinfutures,BTC/USDT:USDT,118800.8,735.0,118800.0,2.0,118800.9,1113.0,118801.0,122.0
1753769313922,06:08:33.922,kucoinfutures,BTC/USDT:USDT,118800.8,735.0,118800.0,2.0,118800.9,1113.0,118801.0,122.0
1753769313924,06:08:33.924,kucoinfutures,BTC/USDT:USDT,118800.8,735.0,118800.0,2.0,118800.9,1113.0,118801.0,122.0
1753769313964,06:08:33.964,kucoinfutures,BTC/USDT:USDT,118800.8,735.0,118800.0,2.0,118800.9,1113.0,118801.0,122.0
1753769314121,06:08:34.121,kucoinfutures,BTC/USDT:USDT,118800.8,735.0,118800.0,2.0,118800.9,1113.0,118801.0,122.0
1753769314121,06:08:34.121,kucoinfutures,BTC/USDT:USDT,118800.8,735.0,118800.0,2.0,118800.9,1113.0,118801.0,122.0
1753769314128,06:08:34.128,kucoinfutures,BTC/USDT:USDT,118800.8,735.0,118800.0,2.0,118800.9,1113.0,118801.0,122.0
1753769314132,06:08:34.132,kucoinfutures,BTC/USDT:USDT,118800.8,735.0,118800.0,2.0,118800.9,1113.0,118801.0,122.0
1753769314139,06:08:34.139,kucoinfutures,BTC/USDT:USDT,118800.8,735.0,118800.0,2.0,118800.9,1113.0,118801.0,122.0
1753769314141,06:08:34.141,kucoinfutures,BTC/USDT:USDT,118800.8,735.0,118800.0,2.0,118800.9,1113.0,118801.0,122.0
1753769314176,06:08:34.176,kucoinfutures,BTC/USDT:USDT,118800.8,735.0,118800.0,2.0,118800.9,1113.0,118801.0,122.0
1753769314211,06:08:34.211,kucoinfutures,BTC/USDT:USDT,118800.8,735.0,118800.0,2.0,118800.9,1113.0,118801.0,122.0
1753769314261,06:08:34.261,kucoinfutures,BTC/USDT:USDT,118800.8,735.0,118800.0,2.0,118800.9,1113.0,118801.0,122.0
1753769314262,06:08:34.262,kucoinfutures,BTC/USDT:USDT,118800.8,735.0,118800.0,2.0,118800.9,1113.0,118801.0,122.0
1753769314262,06:08:34.262,kucoinfutures,BTC/USDT:USDT,118800.8,861.0,118800.0,2.0,118800.9,1113.0,118801.0,122.0
1753769314266,06:08:34.266,kucoinfutures,BTC/USDT:USDT,118800.8,861.0,118800.0,2.0,118800.9,1113.0,118801.0,122.0
1753769314266,06:08:34.266,kucoinfutures,BTC/USDT:USDT,118800.8,861.0,118800.0,2.0,118800.9,1113.0,118801.0,122.0
1753769314290,06:08:34.290,kucoinfutures,BTC/USDT:USDT,118800.8,735.0,118800.0,2.0,118800.9,1113.0,118801.0,122.0
1753769314305,06:08:34.305,kucoinfutures,BTC/USDT:USDT,118800.8,735.0,118800.0,2.0,118800.9,1113.0,118801.0,122.0
1753769314307,06:08:34.307,kucoinfutures,BTC/USDT:USDT,118800.8,735.0,118800.0,2.0,118800.9,1113.0,118801.0,122.0
1753769314307,06:08:34.307,kucoinfutures,BTC/USDT:USDT,118800.8,735.0,118800.0,2.0,118800.9,1113.0,118801.0,122.0
1753769314310,06:08:34.310,kucoinfutures,BTC/USDT:USDT,118800.8,735.0,118800.0,2.0,118800.9,1113.0,118801.0,122.0
1753769314507,06:08:34.507,kucoinfutures,BTC/USDT:USDT,118800.8,735.0,118800.0,2.0,118800.9,1113.0,118801.0,122.0
1753769314511,06:08:34.511,kucoinfutures,BTC/USDT:USDT,118800.8,735.0,118800.0,2.0,118800.9,1113.0,118801.0,122.0
1753769314607,06:08:34.607,kucoinfutures,BTC/USDT:USDT,118800.8,735.0,118800.0,2.0,118800.9,1113.0,118801.0,122.0
1753769314611,06:08:34.611,kucoinfutures,BTC/USDT:USDT,118800.8,735.0,118800.0,2.0,118800.9,1113.0,118801.0,122.0
1753769314614,06:08:34.614,kucoinfutures,BTC/USDT:USDT,118800.8,735.0,118800.0,2.0,118800.9,1113.0,118801.0,122.0
1753769314628,06:08:34.628,kucoinfutures,BTC/USDT:USDT,118800.8,735.0,118800.0,2.0,118800.9,1113.0,118801.0,122.0
1753769314633,06:08:34.633,kucoinfutures,BTC/USDT:USDT,118800.8,735.0,118800.0,2.0,118800.9,1113.0,118801.0,122.0
1753769314639,06:08:34.639,kucoinfutures,BTC/USDT:USDT,118800.8,735.0,118800.0,2.0,118800.9,1113.0,118801.0,122.0
1753769314644,06:08:34.644,kucoinfutures,BTC/USDT:USDT,118800.8,735.0,118800.0,2.0,118800.9,1113.0,118801.0,122.0
1753769314674,06:08:34.674,kucoinfutures,BTC/USDT:USDT,118800.8,735.0,118800.0,2.0,118800.9,1113.0,118801.0,122.0
1753769314679,06:08:34.679,kucoinfutures,BTC/USDT:USDT,118800.8,735.0,118800.0,2.0,118800.9,1113.0,118801.0,122.0
1753769314683,06:08:34.683,kucoinfutures,BTC/USDT:USDT,118800.8,735.0,118800.0,2.0,118800.9,1113.0,118801.0,122.0
1753769314706,06:08:34.706,kucoinfutures,BTC/USDT:USDT,118800.8,735.0,118800.0,2.0,118800.9,1113.0,118801.0,122.0
1753769314706,06:08:34.706,kucoinfutures,BTC/USDT:USDT,118800.8,735.0,118800.0,2.0,118800.9,1113.0,118801.0,122.0
1753769314710,06:08:34.710,kucoinfutures,BTC/USDT:USDT,118800.8,735.0,118800.0,2.0,118800.9,1113.0,118801.0,122.0
1753769314806,06:08:34.806,kucoinfutures,BTC/USDT:USDT,118800.8,735.0,118800.0,2.0,118800.9,1113.0,118801.0,122.0
1753769314812,06:08:34.812,kucoinfutures,BTC/USDT:USDT,118800.8,735.0,118800.0,2.0,118800.9,1113.0,118801.0,122.0
1753769314820,06:08:34.820,kucoinfutures,BTC/USDT:USDT,118800.8,735.0,118800.0,2.0,118800.9,1113.0,118801.0,122.0
1753769314881,06:08:34.881,kucoinfutures,BTC/USDT:USDT,118800.8,735.0,118800.0,2.0,118800.9,1113.0,118801.0,122.0
1753769314883,06:08:34.883,kucoinfutures,BTC/USDT:USDT,118800.8,735.0,118800.0,2.0,118800.9,1113.0,118801.0,122.0
1753769314906,06:08:34.906,kucoinfutures,BTC/USDT:USDT,118800.8,735.0,118800.0,2.0,118800.9,1113.0,118801.0,122.0
1753769314938,06:08:34.938,kucoinfutures,BTC/USDT:USDT,118800.8,861.0,118800.0,2.0,118800.9,1113.0,118801.0,122.0
1753769314939,06:08:34.939,kucoinfutures,BTC/USDT:USDT,118800.8,861.0,118800.0,2.0,118800.9,1113.0,118801.0,122.0
1753769314968,06:08:34.968,kucoinfutures,BTC/USDT:USDT,118800.8,735.0,118800.0,2.0,118800.9,1113.0,118801.0,122.0
1753769315006,06:08:35.006,kucoinfutures,BTC/USDT:USDT,118800.8,735.0,118800.0,2.0,118800.9,1113.0,118801.0,122.0
1753769315040,06:08:35.040,kucoinfutures,BTC/USDT:USDT,118800.8,735.0,118800.0,2.0,118800.9,1113.0,118801.0,122.0
1753769315058,06:08:35.058,kucoinfutures,BTC/USDT:USDT,118800.8,735.0,118800.0,2.0,118800.9,1113.0,118801.0,122.0
1753769315076,06:08:35.076,kucoinfutures,BTC/USDT:USDT,118800.8,735.0,118800.0,2.0,118800.9,1113.0,118801.0,122.0
1753769315122,06:08:35.122,kucoinfutures,BTC/USDT:USDT,118800.8,735.0,118800.0,2.0,118800.9,1113.0,118801.0,122.0
1753769315124,06:08:35.124,kucoinfutures,BTC/USDT:USDT,118800.8,735.0,118800.0,2.0,118800.9,1113.0,118801.0,122.0
1753769315174,06:08:35.174,kucoinfutures,BTC/USDT:USDT,118800.8,735.0,118800.0,2.0,118800.9,1113.0,118801.0,122.0
1753769315206,06:08:35.206,kucoinfutures,BTC/USDT:USDT,118800.8,735.0,118800.0,2.0,118800.9,1113.0,118801.0,122.0
1753769315206,06:08:35.206,kucoinfutures,BTC/USDT:USDT,118800.8,735.0,118800.0,2.0,118800.9,1113.0,118801.0,122.0
1753769315211,06:08:35.211,kucoinfutures,BTC/USDT:USDT,118800.8,735.0,118800.0,2.0,118800.9,1113.0,118801.0,122.0
1753769315226,06:08:35.226,kucoinfutures,BTC/USDT:USDT,118800.8,735.0,118800.0,2.0,118800.9,1113.0,118801.0,122.0
1753769315289,06:08:35.289,kucoinfutures,BTC/USDT:USDT,118800.8,735.0,118800.0,2.0,118800.9,1113.0,118801.0,122.0
1753769315305,06:08:35.305,kucoinfutures,BTC/USDT:USDT,118800.8,735.0,118800.0,2.0,118800.9,1113.0,118801.0,122.0
1753769315307,06:08:35.307,kucoinfutures,BTC/USDT:USDT,118800.8,735.0,118800.0,2.0,118800.9,1113.0,118801.0,122.0
1753769315312,06:08:35.312,kucoinfutures,BTC/USDT:USDT,118800.8,735.0,118800.0,2.0,118800.9,1113.0,118801.0,122.0
1753769315313,06:08:35.313,kucoinfutures,BTC/USDT:USDT,118800.8,735.0,118800.0,2.0,118800.9,1113.0,118801.0,122.0
1753769315313,06:08:35.313,kucoinfutures,BTC/USDT:USDT,118800.8,861.0,118800.0,2.0,118800.9,1113.0,118801.0,122.0
1753769315340,06:08:35.340,kucoinfutures,BTC/USDT:USDT,118800.8,735.0,118800.0,2.0,118800.9,1113.0,118801.0,122.0
1753769315410,06:08:35.410,kucoinfutures,BTC/USDT:USDT,118800.8,735.0,118800.0,2.0,118800.9,1113.0,118801.0,122.0
1753769315488,06:08:35.488,kucoinfutures,BTC/USDT:USDT,118800.8,735.0,118800.0,2.0,118800.9,1113.0,118801.0,122.0
1753769315489,06:08:35.489,kucoinfutures,BTC/USDT:USDT,118800.8,735.0,118800.0,2.0,118800.9,1113.0,118801.0,122.0
1753769315490,06:08:35.490,kucoinfutures,BTC/USDT:USDT,118800.8,735.0,118800.0,2.0,118800.9,1113.0,118801.0,122.0
1753769315490,06:08:35.490,kucoinfutures,BTC/USDT:USDT,118800.8,735.0,118800.0,2.0,118800.9,1113.0,118801.0,122.0
1753769315511,06:08:35.511,kucoinfutures,BTC/USDT:USDT,118800.8,735.0,118800.0,2.0,118800.9,1113.0,118801.0,122.0
1753769315511,06:08:35.511,kucoinfutures,BTC/USDT:USDT,118800.8,735.0,118800.0,2.0,118800.9,1113.0,118801.0,122.0
1753769315515,06:08:35.515,kucoinfutures,BTC/USDT:USDT,118800.8,735.0,118800.0,2.0,118800.9,1113.0,118801.0,122.0
1753769315520,06:08:35.520,kucoinfutures,BTC/USDT:USDT,118800.8,735.0,118800.0,2.0,118800.9,1113.0,118801.0,122.0
1753769315525,06:08:35.525,kucoinfutures,BTC/USDT:USDT,118800.8,735.0,118800.0,2.0,118800.9,1113.0,118801.0,122.0
1753769315568,06:08:35.568,kucoinfutures,BTC/USDT:USDT,118800.8,735.0,118800.0,2.0,118800.9,1113.0,118801.0,122.0
1753769315568,06:08:35.568,kucoinfutures,BTC/USDT:USDT,118800.8,735.0,118800.0,2.0,118800.9,1113.0,118801.0,122.0
1753769315582,06:08:35.582,kucoinfutures,BTC/USDT:USDT,118800.8,861.0,118800.0,2.0,118800.9,1113.0,118801.0,122.0
1753769315606,06:08:35.606,kucoinfutures,BTC/USDT:USDT,118800.8,861.0,118800.0,2.0,118800.9,1113.0,118801.0,122.0
1753769315625,06:08:35.625,kucoinfutures,BTC/USDT:USDT,118800.8,735.0,118800.0,2.0,118800.9,1113.0,118801.0,122.0
1753769315630,06:08:35.630,kucoinfutures,BTC/USDT:USDT,118800.8,735.0,118800.0,2.0,118800.9,1113.0,118801.0,122.0
1753769315630,06:08:35.630,kucoinfutures,BTC/USDT:USDT,118800.8,735.0,118800.0,2.0,118800.9,1113.0,118801.0,122.0
1753769315630,06:08:35.630,kucoinfutures,BTC/USDT:USDT,118800.8,735.0,118800.0,2.0,118800.9,1113.0,118801.0,122.0
1753769315632,06:08:35.632,kucoinfutures,BTC/USDT:USDT,118800.8,861.0,118800.0,2.0,118800.9,1113.0,118801.0,122.0
1753769315634,06:08:35.634,kucoinfutures,BTC/USDT:USDT,118800.8,861.0,118800.0,2.0,118800.9,1113.0,118801.0,122.0
1753769315634,06:08:35.634,kucoinfutures,BTC/USDT:USDT,118800.8,861.0,118800.0,2.0,118800.9,1113.0,118801.0,122.0
1753769315634,06:08:35.634,kucoinfutures,BTC/USDT:USDT,118800.8,861.0,118800.0,2.0,118800.9,1113.0,118801.0,122.0
1753769315648,06:08:35.648,kucoinfutures,BTC/USDT:USDT,118800.8,861.0,118800.0,2.0,118800.9,1113.0,118801.0,122.0
1753769315657,06:08:35.657,kucoinfutures,BTC/USDT:USDT,118800.8,735.0,118800.0,2.0,118800.9,1113.0,118801.0,122.0
1753769315663,06:08:35.663,kucoinfutures,BTC/USDT:USDT,118800.8,735.0,118800.0,2.0,118800.9,1113.0,118801.0,122.0
1753769315706,06:08:35.706,kucoinfutures,BTC/USDT:USDT,118800.8,735.0,118800.0,2.0,118800.9,1113.0,118801.0,122.0
1753769315714,06:08:35.714,kucoinfutures,BTC/USDT:USDT,118800.8,735.0,118800.0,2.0,118800.9,1113.0,118801.0,122.0
1753769315719,06:08:35.719,kucoinfutures,BTC/USDT:USDT,118800.8,735.0,118800.0,2.0,118800.9,1316.0,118801.0,122.0
1753769315721,06:08:35.721,kucoinfutures,BTC/USDT:USDT,118800.8,735.0,118800.0,2.0,118800.9,1316.0,118801.0,122.0
1753769315746,06:08:35.746,kucoinfutures,BTC/USDT:USDT,118800.8,735.0,118800.0,2.0,118800.9,1316.0,118801.0,122.0
1753769315746,06:08:35.746,kucoinfutures,BTC/USDT:USDT,118800.8,735.0,118800.0,2.0,118800.9,1316.0,118801.0,122.0
1753769315787,06:08:35.787,kucoinfutures,BTC/USDT:USDT,118800.8,735.0,118800.0,2.0,118800.9,1316.0,118801.0,122.0
1753769315796,06:08:35.796,kucoinfutures,BTC/USDT:USDT,118800.8,735.0,118800.0,2.0,118800.9,1316.0,118801.0,122.0
1753769315806,06:08:35.806,kucoinfutures,BTC/USDT:USDT,118800.8,735.0,118800.0,2.0,118800.9,1316.0,118801.0,122.0
1753769315807,06:08:35.807,kucoinfutures,BTC/USDT:USDT,118800.8,735.0,118800.0,2.0,118800.9,1316.0,118801.0,122.0
1753769315811,06:08:35.811,kucoinfutures,BTC/USDT:USDT,118800.8,735.0,118800.0,2.0,118800.9,1316.0,118801.0,122.0
1753769315820,06:08:35.820,kucoinfutures,BTC/USDT:USDT,118800.8,735.0,118800.0,2.0,118800.9,1316.0,118801.0,122.0
1753769315824,06:08:35.824,kucoinfutures,BTC/USDT:USDT,118800.8,735.0,118800.0,2.0,118800.9,1316.0,118801.0,122.0
1753769315859,06:08:35.859,kucoinfutures,BTC/USDT:USDT,118800.8,455.0,118800.0,2.0,118800.9,1821.0,118801.0,122.0
1753769315859,06:08:35.859,kucoinfutures,BTC/USDT:USDT,118800.8,377.0,118800.0,2.0,118800.9,1821.0,118801.0,122.0
1753769315859,06:08:35.859,kucoinfutures,BTC/USDT:USDT,118800.8,377.0,118800.0,2.0,118800.9,2326.0,118801.0,122.0
1753769315860,06:08:35.860,kucoinfutures,BTC/USDT:USDT,118800.8,286.0,118800.0,2.0,118800.9,2326.0,118801.0,122.0
1753769315861,06:08:35.861,kucoinfutures,BTC/USDT:USDT,118800.8,124.0,118800.0,2.0,118800.9,2872.0,118801.0,122.0
1753769315862,06:08:35.862,kucoinfutures,BTC/USDT:USDT,118800.8,123.0,118800.0,2.0,118800.9,2872.0,118801.0,122.0
1753769315863,06:08:35.863,kucoinfutures,BTC/USDT:USDT,118800.8,113.0,118800.0,2.0,118800.9,2872.0,118801.0,122.0
1753769315864,06:08:35.864,kucoinfutures,BTC/USDT:USDT,118800.8,113.0,118800.0,2.0,118800.9,2872.0,118801.0,122.0
1753769315864,06:08:35.864,kucoinfutures,BTC/USDT:USDT,118800.8,113.0,118800.0,2.0,118800.9,2872.0,118801.0,122.0
1753769315866,06:08:35.866,kucoinfutures,BTC/USDT:USDT,118800.8,113.0,118800.0,2.0,118800.9,2872.0,118801.0,122.0
1753769315868,06:08:35.868,kucoinfutures,BTC/USDT:USDT,118800.8,113.0,118800.0,2.0,118800.9,2872.0,118801.0,122.0
1753769315876,06:08:35.876,kucoinfutures,BTC/USDT:USDT,118800.8,113.0,118800.0,2.0,118800.9,2872.0,118801.0,122.0
1753769315877,06:08:35.877,kucoinfutures,BTC/USDT:USDT,118800.8,113.0,118800.0,2.0,118800.9,2872.0,118801.0,122.0
1753769315882,06:08:35.882,kucoinfutures,BTC/USDT:USDT,118800.8,113.0,118800.0,2.0,118800.9,2872.0,118801.0,122.0
1753769315890,06:08:35.890,kucoinfutures,BTC/USDT:USDT,118800.8,113.0,118800.0,2.0,118800.9,2872.0,118801.0,122.0
1753769315890,06:08:35.890,kucoinfutures,BTC/USDT:USDT,118800.8,113.0,118800.0,2.0,118800.9,2872.0,118801.0,122.0
1753769315892,06:08:35.892,kucoinfutures,BTC/USDT:USDT,118800.8,113.0,118800.0,2.0,118800.9,2872.0,118801.0,122.0
1753769315906,06:08:35.906,kucoinfutures,BTC/USDT:USDT,118800.8,112.0,118800.0,2.0,118800.9,2872.0,118801.0,122.0
1753769315907,06:08:35.907,kucoinfutures,BTC/USDT:USDT,118800.8,112.0,118800.0,2.0,118800.9,2872.0,118801.0,122.0
1753769315909,06:08:35.909,kucoinfutures,BTC/USDT:USDT,118800.8,112.0,118800.0,2.0,118800.9,2872.0,118801.0,122.0
1753769315911,06:08:35.911,kucoinfutures,BTC/USDT:USDT,118800.8,80.0,118800.0,2.0,118800.9,2872.0,118801.0,122.0
1753769315913,06:08:35.913,kucoinfutures,BTC/USDT:USDT,118800.8,80.0,118800.0,2.0,118800.9,2872.0,118801.0,122.0
1753769315917,06:08:35.917,kucoinfutures,BTC/USDT:USDT,118800.8,81.0,118800.0,2.0,118800.9,2872.0,118801.0,122.0
1753769315924,06:08:35.924,kucoinfutures,BTC/USDT:USDT,118800.8,81.0,118800.0,2.0,118800.9,2872.0,118801.0,122.0
1753769315928,06:08:35.928,kucoinfutures,BTC/USDT:USDT,118800.8,81.0,118800.0,2.0,118800.9,2872.0,118801.0,122.0
1753769315929,06:08:35.929,kucoinfutures,BTC/USDT:USDT,118800.8,81.0,118800.0,2.0,118800.9,2872.0,118801.0,122.0
1753769315929,06:08:35.929,kucoinfutures,BTC/USDT:USDT,118800.8,81.0,118800.0,2.0,118800.9,2872.0,118801.0,122.0
1753769315932,06:08:35.932,kucoinfutures,BTC/USDT:USDT,118800.8,81.0,118800.0,2.0,118800.9,2872.0,118801.0,122.0
1753769315954,06:08:35.954,kucoinfutures,BTC/USDT:USDT,118800.8,164.0,118800.0,2.0,118800.9,2880.0,118801.0,122.0
1753769315962,06:08:35.962,kucoinfutures,BTC/USDT:USDT,118800.8,164.0,118800.0,2.0,118800.9,2880.0,118801.0,122.0
1753769315968,06:08:35.968,kucoinfutures,BTC/USDT:USDT,118800.8,164.0,118800.0,2.0,118800.9,2876.0,118801.0,122.0
1753769315969,06:08:35.969,kucoinfutures,BTC/USDT:USDT,118800.8,164.0,118800.0,2.0,118800.9,2876.0,118801.0,122.0
1753769315973,06:08:35.973,kucoinfutures,BTC/USDT:USDT,118800.8,164.0,118800.0,2.0,118800.9,2876.0,118801.0,122.0
1753769315978,06:08:35.978,kucoinfutures,BTC/USDT:USDT,118800.8,164.0,118800.0,2.0,118800.9,2876.0,118801.0,122.0
1753769315978,06:08:35.978,kucoinfutures,BTC/USDT:USDT,118800.8,164.0,118800.0,2.0,118800.9,2876.0,118801.0,122.0
1753769315983,06:08:35.983,kucoinfutures,BTC/USDT:USDT,118800.8,164.0,118800.0,2.0,118800.9,2876.0,118801.0,122.0
1753769315986,06:08:35.986,kucoinfutures,BTC/USDT:USDT,118800.8,164.0,118800.0,2.0,118800.9,2872.0,118801.0,122.0
1753769315989,06:08:35.989,kucoinfutures,BTC/USDT:USDT,118800.8,81.0,118800.0,2.0,118800.9,2872.0,118801.0,122.0
1753769315992,06:08:35.992,kucoinfutures,BTC/USDT:USDT,118800.8,81.0,118800.0,2.0,118800.9,2872.0,118801.0,122.0
1753769316007,06:08:36.007,kucoinfutures,BTC/USDT:USDT,118800.8,81.0,118800.0,2.0,118800.9,2872.0,118801.0,122.0
1753769316009,06:08:36.009,kucoinfutures,BTC/USDT:USDT,118800.8,81.0,118800.0,2.0,118800.9,2872.0,118801.0,122.0
1753769316014,06:08:36.014,kucoinfutures,BTC/USDT:USDT,118800.8,81.0,118800.0,2.0,118800.9,2872.0,118801.0,122.0
1753769316015,06:08:36.015,kucoinfutures,BTC/USDT:USDT,118800.8,81.0,118800.0,2.0,118800.9,2872.0,118801.0,122.0
1753769316017,06:08:36.017,kucoinfutures,BTC/USDT:USDT,118800.8,81.0,118800.0,2.0,118800.9,2872.0,118801.0,122.0
1753769316017,06:08:36.017,kucoinfutures,BTC/USDT:USDT,118800.8,81.0,118800.0,2.0,118800.9,2872.0,118801.0,122.0
1753769316019,06:08:36.019,kucoinfutures,BTC/USDT:USDT,118800.8,81.0,118800.0,2.0,118800.9,2872.0,118801.0,122.0
1753769316020,06:08:36.020,kucoinfutures,BTC/USDT:USDT,118800.8,81.0,118800.0,2.0,118800.9,2872.0,118801.0,122.0
1753769316023,06:08:36.023,kucoinfutures,BTC/USDT:USDT,118800.8,81.0,118800.0,2.0,118800.9,2872.0,118801.0,122.0
1753769316024,06:08:36.024,kucoinfutures,BTC/USDT:USDT,118800.8,81.0,118800.0,2.0,118800.9,2872.0,118801.0,122.0
1753769316025,06:08:36.025,kucoinfutures,BTC/USDT:USDT,118800.8,81.0,118800.0,2.0,118800.9,2872.0,118801.0,122.0
1753769316025,06:08:36.025,kucoinfutures,BTC/USDT:USDT,118800.8,81.0,118800.0,2.0,118800.9,2872.0,118801.0,122.0
1753769316026,06:08:36.026,kucoinfutures,BTC/USDT:USDT,118800.8,81.0,118800.0,2.0,118800.9,2872.0,118801.0,122.0
1753769316028,06:08:36.028,kucoinfutures,BTC/USDT:USDT,118800.8,81.0,118800.0,2.0,118800.9,2872.0,118801.0,122.0
1753769316032,06:08:36.032,kucoinfutures,BTC/USDT:USDT,118800.8,81.0,118800.0,2.0,118800.9,2872.0,118801.0,122.0
1753769316035,06:08:36.035,kucoinfutures,BTC/USDT:USDT,118800.8,81.0,118800.0,2.0,118800.9,2872.0,118801.0,122.0
1753769316049,06:08:36.049,kucoinfutures,BTC/USDT:USDT,118800.8,81.0,118800.0,2.0,118800.9,2872.0,118801.0,122.0
1753769316063,06:08:36.063,kucoinfutures,BTC/USDT:USDT,118800.8,81.0,118800.0,2.0,118800.9,2872.0,118801.0,122.0
1753769316074,06:08:36.074,kucoinfutures,BTC/USDT:USDT,118800.8,81.0,118800.0,2.0,118800.9,2872.0,118801.0,122.0
1753769316074,06:08:36.074,kucoinfutures,BTC/USDT:USDT,118800.8,81.0,118800.0,2.0,118800.9,2872.0,118801.0,122.0
1753769316075,06:08:36.075,kucoinfutures,BTC/USDT:USDT,118800.8,81.0,118800.0,2.0,118800.9,2872.0,118801.0,122.0
1753769316081,06:08:36.081,kucoinfutures,BTC/USDT:USDT,118800.8,81.0,118800.0,2.0,118800.9,2872.0,118801.0,122.0
1753769316081,06:08:36.081,kucoinfutures,BTC/USDT:USDT,118800.8,81.0,118800.0,2.0,118800.9,2872.0,118801.0,122.0
1753769316081,06:08:36.081,kucoinfutures,BTC/USDT:USDT,118800.8,81.0,118800.0,2.0,118800.9,2872.0,118801.0,122.0
1753769316083,06:08:36.083,kucoinfutures,BTC/USDT:USDT,118800.8,81.0,118800.0,2.0,118800.9,2872.0,118801.0,122.0
1753769316084,06:08:36.084,kucoinfutures,BTC/USDT:USDT,118800.8,81.0,118800.0,2.0,118800.9,2872.0,118801.0,122.0
1753769316105,06:08:36.105,kucoinfutures,BTC/USDT:USDT,118800.8,81.0,118800.0,2.0,118800.9,2872.0,118801.0,122.0
1753769316105,06:08:36.105,kucoinfutures,BTC/USDT:USDT,118800.8,81.0,118800.0,2.0,118800.9,2872.0,118801.0,122.0
1753769316107,06:08:36.107,kucoinfutures,BTC/USDT:USDT,118800.8,81.0,118800.0,2.0,118800.9,2872.0,118801.0,122.0
1753769316107,06:08:36.107,kucoinfutures,BTC/USDT:USDT,118800.8,81.0,118800.0,2.0,118800.9,2872.0,118801.0,122.0
1753769316107,06:08:36.107,kucoinfutures,BTC/USDT:USDT,118800.8,81.0,118800.0,2.0,118800.9,2872.0,118801.0,122.0
1753769316111,06:08:36.111,kucoinfutures,BTC/USDT:USDT,118800.8,81.0,118800.0,2.0,118800.9,2872.0,118801.0,122.0
1753769316120,06:08:36.120,kucoinfutures,BTC/USDT:USDT,118800.8,81.0,118800.0,2.0,118800.9,2872.0,118801.0,122.0
1753769316120,06:08:36.120,kucoinfutures,BTC/USDT:USDT,118800.8,81.0,118800.0,2.0,118800.9,2872.0,118801.0,122.0
1753769316133,06:08:36.133,kucoinfutures,BTC/USDT:USDT,118800.8,81.0,118800.0,2.0,118800.9,2872.0,118801.0,122.0
1753769316167,06:08:36.167,kucoinfutures,BTC/USDT:USDT,118800.8,81.0,118800.0,2.0,118800.9,2872.0,118801.0,122.0
1753769316183,06:08:36.183,kucoinfutures,BTC/USDT:USDT,118800.8,81.0,118800.0,2.0,118800.9,2872.0,118801.0,122.0
1753769316195,06:08:36.195,kucoinfutures,BTC/USDT:USDT,118800.8,81.0,118800.0,2.0,118800.9,2872.0,118801.0,122.0
1753769316197,06:08:36.197,kucoinfutures,BTC/USDT:USDT,118800.8,81.0,118800.0,2.0,118800.9,2872.0,118801.0,122.0
1753769316197,06:08:36.197,kucoinfutures,BTC/USDT:USDT,118800.8,81.0,118800.0,2.0,118800.9,2872.0,118801.0,122.0
1753769316202,06:08:36.202,kucoinfutures,BTC/USDT:USDT,118800.8,81.0,118800.0,2.0,118800.9,2872.0,118801.0,122.0
1753769316203,06:08:36.203,kucoinfutures,BTC/USDT:USDT,118800.8,81.0,118800.0,2.0,118800.9,2872.0,118801.0,122.0
1753769316206,06:08:36.206,kucoinfutures,BTC/USDT:USDT,118800.8,81.0,118800.0,2.0,118800.9,2872.0,118801.0,122.0
1753769316258,06:08:36.258,kucoinfutures,BTC/USDT:USDT,118800.8,81.0,118800.0,2.0,118800.9,2872.0,118801.0,122.0
1753769316274,06:08:36.274,kucoinfutures,BTC/USDT:USDT,118800.8,81.0,118800.0,2.0,118800.9,2872.0,118801.0,122.0
1753769316274,06:08:36.274,kucoinfutures,BTC/USDT:USDT,118800.8,81.0,118800.0,2.0,118800.9,2872.0,118801.0,122.0
1753769316294,06:08:36.294,kucoinfutures,BTC/USDT:USDT,118800.8,81.0,118800.0,2.0,118800.9,2872.0,118801.0,122.0
1753769316298,06:08:36.298,kucoinfutures,BTC/USDT:USDT,118800.8,81.0,118800.0,2.0,118800.9,2872.0,118801.0,122.0
1753769316306,06:08:36.306,kucoinfutures,BTC/USDT:USDT,118800.8,81.0,118800.0,2.0,118800.9,2872.0,118801.0,122.0
1753769316306,06:08:36.306,kucoinfutures,BTC/USDT:USDT,118800.8,81.0,118800.0,2.0,118800.9,2872.0,118801.0,122.0
1753769316311,06:08:36.311,kucoinfutures,BTC/USDT:USDT,118800.8,81.0,118800.0,2.0,118800.9,2872.0,118801.0,122.0
1753769316377,06:08:36.377,kucoinfutures,BTC/USDT:USDT,118800.8,81.0,118800.0,2.0,118800.9,2872.0,118801.0,122.0
1753769316405,06:08:36.405,kucoinfutures,BTC/USDT:USDT,118800.8,81.0,118800.0,2.0,118800.9,2872.0,118801.0,122.0
1753769316407,06:08:36.407,kucoinfutures,BTC/USDT:USDT,118800.8,81.0,118800.0,2.0,118800.9,2872.0,118801.0,122.0
1753769316411,06:08:36.411,kucoinfutures,BTC/USDT:USDT,118800.8,81.0,118800.0,2.0,118800.9,2872.0,118801.0,122.0
1753769316415,06:08:36.415,kucoinfutures,BTC/USDT:USDT,118800.8,81.0,118800.0,2.0,118800.9,2872.0,118801.0,122.0
1753769316435,06:08:36.435,kucoinfutures,BTC/USDT:USDT,118800.8,81.0,118800.0,2.0,118800.9,2872.0,118801.0,122.0
1753769316463,06:08:36.463,kucoinfutures,BTC/USDT:USDT,118800.8,81.0,118800.0,2.0,118800.9,2872.0,118801.0,122.0
1753769316499,06:08:36.499,kucoinfutures,BTC/USDT:USDT,118800.8,81.0,118800.0,2.0,118800.9,2872.0,118801.0,122.0
1753769316507,06:08:36.507,kucoinfutures,BTC/USDT:USDT,118800.8,81.0,118800.0,2.0,118800.9,2872.0,118801.0,122.0
1753769316507,06:08:36.507,kucoinfutures,BTC/USDT:USDT,118800.8,81.0,118800.0,2.0,118800.9,2872.0,118801.0,122.0
1753769316511,06:08:36.511,kucoinfutures,BTC/USDT:USDT,118800.8,81.0,118800.0,2.0,118800.9,2872.0,118801.0,122.0
1753769316529,06:08:36.529,kucoinfutures,BTC/USDT:USDT,118800.8,81.0,118800.0,2.0,118800.9,2872.0,118801.0,122.0
1753769316529,06:08:36.529,kucoinfutures,BTC/USDT:USDT,118800.8,81.0,118800.0,2.0,118800.9,2872.0,118801.0,122.0
1753769316529,06:08:36.529,kucoinfutures,BTC/USDT:USDT,118800.8,81.0,118800.0,2.0,118800.9,2872.0,118801.0,122.0
1753769316554,06:08:36.554,kucoinfutures,BTC/USDT:USDT,118800.8,81.0,118800.0,2.0,118800.9,2872.0,118801.0,122.0
1753769316559,06:08:36.559,kucoinfutures,BTC/USDT:USDT,118800.8,81.0,118800.0,2.0,118800.9,2872.0,118801.0,122.0
1753769316561,06:08:36.561,kucoinfutures,BTC/USDT:USDT,118800.8,81.0,118800.0,2.0,118800.9,2872.0,118801.0,122.0
1753769316586,06:08:36.586,kucoinfutures,BTC/USDT:USDT,118800.8,81.0,118800.0,2.0,118800.9,2872.0,118801.0,122.0
1753769316594,06:08:36.594,kucoinfutures,BTC/USDT:USDT,118800.8,81.0,118800.0,2.0,118800.9,2872.0,118801.0,122.0
1753769316600,06:08:36.600,kucoinfutures,BTC/USDT:USDT,118800.8,81.0,118800.0,2.0,118800.9,2872.0,118801.0,122.0
1753769316601,06:08:36.601,kucoinfutures,BTC/USDT:USDT,118800.8,81.0,118800.0,2.0,118800.9,2872.0,118801.0,122.0
1753769316606,06:08:36.606,kucoinfutures,BTC/USDT:USDT,118800.8,81.0,118800.0,2.0,118800.9,2872.0,118801.0,122.0
1753769316607,06:08:36.607,kucoinfutures,BTC/USDT:USDT,118800.8,81.0,118800.0,2.0,118800.9,2872.0,118801.0,122.0
1753769316607,06:08:36.607,kucoinfutures,BTC/USDT:USDT,118800.8,81.0,118800.0,2.0,118800.9,2872.0,118801.0,122.0
1753769316609,06:08:36.609,kucoinfutures,BTC/USDT:USDT,118800.8,81.0,118800.0,2.0,118800.9,2872.0,118801.0,122.0
1753769316612,06:08:36.612,kucoinfutures,BTC/USDT:USDT,118800.8,81.0,118800.0,2.0,118800.9,2872.0,118801.0,122.0
1753769316618,06:08:36.618,kucoinfutures,BTC/USDT:USDT,118800.8,81.0,118800.0,2.0,118800.9,2872.0,118801.0,122.0
1753769316626,06:08:36.626,kucoinfutures,BTC/USDT:USDT,118800.8,81.0,118800.0,2.0,118800.9,2872.0,118801.0,122.0
1753769316628,06:08:36.628,kucoinfutures,BTC/USDT:USDT,118800.8,81.0,118800.0,2.0,118800.9,2872.0,118801.0,122.0
1753769316634,06:08:36.634,kucoinfutures,BTC/USDT:USDT,118800.8,81.0,118800.0,2.0,118800.9,2872.0,118801.0,122.0
1753769316634,06:08:36.634,kucoinfutures,BTC/USDT:USDT,118800.8,81.0,118800.0,2.0,118800.9,2872.0,118801.0,122.0
1753769316643,06:08:36.643,kucoinfutures,BTC/USDT:USDT,118800.8,81.0,118800.0,2.0,118800.9,2872.0,118801.0,122.0
1753769316655,06:08:36.655,kucoinfutures,BTC/USDT:USDT,118800.8,81.0,118800.0,2.0,118800.9,2872.0,118801.0,122.0
1753769316656,06:08:36.656,kucoinfutures,BTC/USDT:USDT,118800.8,81.0,118800.0,2.0,118800.9,2872.0,118801.0,122.0
1753769316656,06:08:36.656,kucoinfutures,BTC/USDT:USDT,118800.8,81.0,118800.0,2.0,118800.9,2872.0,118801.0,122.0
1753769316664,06:08:36.664,kucoinfutures,BTC/USDT:USDT,118800.8,81.0,118800.0,2.0,118800.9,2872.0,118801.0,122.0
1753769316705,06:08:36.705,kucoinfutures,BTC/USDT:USDT,118800.8,81.0,118800.0,2.0,118800.9,2872.0,118801.0,122.0
1753769316707,06:08:36.707,kucoinfutures,BTC/USDT:USDT,118800.8,81.0,118800.0,2.0,118800.9,2872.0,118801.0,122.0
1753769316711,06:08:36.711,kucoinfutures,BTC/USDT:USDT,118800.8,81.0,118800.0,2.0,118800.9,2872.0,118801.0,122.0
1753769316806,06:08:36.806,kucoinfutures,BTC/USDT:USDT,118800.8,81.0,118800.0,2.0,118800.9,2872.0,118801.0,122.0
1753769316811,06:08:36.811,kucoinfutures,BTC/USDT:USDT,118800.8,81.0,118800.0,2.0,118800.9,2872.0,118801.0,122.0
1753769316819,06:08:36.819,kucoinfutures,BTC/USDT:USDT,118800.8,81.0,118800.0,2.0,118800.9,2872.0,118801.0,122.0
1753769316819,06:08:36.819,kucoinfutures,BTC/USDT:USDT,118800.8,81.0,118800.0,2.0,118800.9,2872.0,118801.0,122.0
1753769316821,06:08:36.821,kucoinfutures,BTC/USDT:USDT,118800.8,81.0,118800.0,2.0,118800.9,2872.0,118801.0,122.0
1753769316824,06:08:36.824,kucoinfutures,BTC/USDT:USDT,118800.8,81.0,118800.0,2.0,118800.9,2872.0,118801.0,122.0
1753769316827,06:08:36.827,kucoinfutures,BTC/USDT:USDT,118800.8,81.0,118800.0,2.0,118800.9,2872.0,118801.0,122.0
1753769316860,06:08:36.860,kucoinfutures,BTC/USDT:USDT,118800.8,81.0,118800.0,2.0,118800.9,2872.0,118801.0,122.0
1753769316860,06:08:36.860,kucoinfutures,BTC/USDT:USDT,118800.8,81.0,118800.0,2.0,118800.9,2872.0,118801.0,122.0
1753769316908,06:08:36.908,kucoinfutures,BTC/USDT:USDT,118800.8,81.0,118800.0,2.0,118800.9,2872.0,118801.0,122.0
1753769316913,06:08:36.913,kucoinfutures,BTC/USDT:USDT,118800.8,81.0,118800.0,2.0,118800.9,2872.0,118801.0,122.0
1753769316934,06:08:36.934,kucoinfutures,BTC/USDT:USDT,118800.8,81.0,118800.0,2.0,118800.9,2872.0,118801.0,122.0
1753769316988,06:08:36.988,kucoinfutures,BTC/USDT:USDT,118800.8,81.0,118800.0,2.0,118800.9,2872.0,118801.0,122.0
1753769317004,06:08:37.004,kucoinfutures,BTC/USDT:USDT,118800.8,81.0,118800.0,2.0,118800.9,2872.0,118801.0,122.0
1753769317006,06:08:37.006,kucoinfutures,BTC/USDT:USDT,118800.8,81.0,118800.0,2.0,118800.9,2872.0,118801.0,122.0
1753769317006,06:08:37.006,kucoinfutures,BTC/USDT:USDT,118800.8,81.0,118800.0,2.0,118800.9,2872.0,118801.0,122.0
1753769317011,06:08:37.011,kucoinfutures,BTC/USDT:USDT,118800.8,81.0,118800.0,2.0,118800.9,2872.0,118801.0,122.0
1753769317039,06:08:37.039,kucoinfutures,BTC/USDT:USDT,118800.8,81.0,118800.0,2.0,118800.9,2872.0,118801.0,122.0
1753769317072,06:08:37.072,kucoinfutures,BTC/USDT:USDT,118800.8,81.0,118800.0,2.0,118800.9,2872.0,118801.0,122.0
1753769317072,06:08:37.072,kucoinfutures,BTC/USDT:USDT,118800.8,81.0,118800.0,2.0,118800.9,2872.0,118801.0,122.0
1753769317073,06:08:37.073,kucoinfutures,BTC/USDT:USDT,118800.8,81.0,118800.0,2.0,118800.9,2872.0,118801.0,122.0
1753769317075,06:08:37.075,kucoinfutures,BTC/USDT:USDT,118800.8,81.0,118800.0,2.0,118800.9,2872.0,118801.0,122.0
1753769317080,06:08:37.080,kucoinfutures,BTC/USDT:USDT,118800.8,81.0,118800.0,2.0,118800.9,2872.0,118801.0,122.0
1753769317098,06:08:37.098,kucoinfutures,BTC/USDT:USDT,118800.8,81.0,118800.0,2.0,118800.9,2872.0,118801.0,122.0
1753769317100,06:08:37.100,kucoinfutures,BTC/USDT:USDT,118800.8,81.0,118800.0,2.0,118800.9,2872.0,118801.0,122.0
1753769317106,06:08:37.106,kucoinfutures,BTC/USDT:USDT,118800.8,81.0,118800.0,2.0,118800.9,2872.0,118801.0,122.0
1753769317107,06:08:37.107,kucoinfutures,BTC/USDT:USDT,118800.8,81.0,118800.0,2.0,118800.9,2872.0,118801.0,122.0
1753769317112,06:08:37.112,kucoinfutures,BTC/USDT:USDT,118800.8,81.0,118800.0,2.0,118800.9,2872.0,118801.0,122.0
1753769317153,06:08:37.153,kucoinfutures,BTC/USDT:USDT,118800.8,81.0,118800.0,2.0,118800.9,2872.0,118801.0,122.0
1753769317205,06:08:37.205,kucoinfutures,BTC/USDT:USDT,118800.8,81.0,118800.0,2.0,118800.9,2872.0,118801.0,122.0
1753769317207,06:08:37.207,kucoinfutures,BTC/USDT:USDT,118800.8,81.0,118800.0,2.0,118800.9,2872.0,118801.0,122.0
1753769317208,06:08:37.208,kucoinfutures,BTC/USDT:USDT,118800.8,81.0,118800.0,2.0,118800.9,2872.0,118801.0,122.0
1753769317209,06:08:37.209,kucoinfutures,BTC/USDT:USDT,118800.8,81.0,118800.0,2.0,118800.9,2872.0,118801.0,122.0
1753769317211,06:08:37.211,kucoinfutures,BTC/USDT:USDT,118800.8,81.0,118800.0,2.0,118800.9,2872.0,118801.0,122.0
1753769317246,06:08:37.246,kucoinfutures,BTC/USDT:USDT,118800.8,81.0,118800.0,2.0,118800.9,2872.0,118801.0,122.0
1753769317250,06:08:37.250,kucoinfutures,BTC/USDT:USDT,118800.8,81.0,118800.0,2.0,118800.9,2872.0,118801.0,122.0
1753769317261,06:08:37.261,kucoinfutures,BTC/USDT:USDT,118800.8,81.0,118800.0,2.0,118800.9,2872.0,118801.0,122.0
1753769317273,06:08:37.273,kucoinfutures,BTC/USDT:USDT,118800.8,81.0,118800.0,2.0,118800.9,2872.0,118801.0,122.0
1753769317308,06:08:37.308,kucoinfutures,BTC/USDT:USDT,118800.8,81.0,118800.0,2.0,118800.9,2872.0,118801.0,122.0
1753769317310,06:08:37.310,kucoinfutures,BTC/USDT:USDT,118800.8,81.0,118800.0,2.0,118800.9,2872.0,118801.0,122.0
1753769317387,06:08:37.387,kucoinfutures,BTC/USDT:USDT,118800.8,81.0,118800.0,2.0,118800.9,2872.0,118801.0,122.0
1753769317404,06:08:37.404,kucoinfutures,BTC/USDT:USDT,118800.8,81.0,118800.0,2.0,118800.9,2872.0,118801.0,122.0
1753769317406,06:08:37.406,kucoinfutures,BTC/USDT:USDT,118800.8,81.0,118800.0,2.0,118800.9,2872.0,118801.0,122.0
1753769317428,06:08:37.428,kucoinfutures,BTC/USDT:USDT,118800.8,81.0,118800.0,2.0,118800.9,2872.0,118801.0,122.0
1753769317464,06:08:37.464,kucoinfutures,BTC/USDT:USDT,118800.8,81.0,118800.0,2.0,118800.9,2872.0,118801.0,122.0
1753769317498,06:08:37.498,kucoinfutures,BTC/USDT:USDT,118800.8,81.0,118800.0,2.0,118800.9,2872.0,118801.0,122.0
1753769317500,06:08:37.500,kucoinfutures,BTC/USDT:USDT,118800.8,81.0,118800.0,2.0,118800.9,2872.0,118801.0,122.0
1753769317503,06:08:37.503,kucoinfutures,BTC/USDT:USDT,118800.8,81.0,118800.0,2.0,118800.9,2872.0,118801.0,122.0
1753769317506,06:08:37.506,kucoinfutures,BTC/USDT:USDT,118800.8,81.0,118800.0,2.0,118800.9,2872.0,118801.0,122.0
1753769317506,06:08:37.506,kucoinfutures,BTC/USDT:USDT,118800.8,81.0,118800.0,2.0,118800.9,2872.0,118801.0,122.0
1753769317512,06:08:37.512,kucoinfutures,BTC/USDT:USDT,118800.8,81.0,118800.0,2.0,118800.9,2872.0,118801.0,122.0
1753769317553,06:08:37.553,kucoinfutures,BTC/USDT:USDT,118800.8,81.0,118800.0,2.0,118800.9,2872.0,118801.0,122.0
1753769317555,06:08:37.555,kucoinfutures,BTC/USDT:USDT,118800.8,81.0,118800.0,2.0,118800.9,2872.0,118801.0,122.0
1753769317606,06:08:37.606,kucoinfutures,BTC/USDT:USDT,118800.8,81.0,118800.0,2.0,118800.9,2872.0,118801.0,122.0
1753769317606,06:08:37.606,kucoinfutures,BTC/USDT:USDT,118800.8,81.0,118800.0,2.0,118800.9,2872.0,118801.0,122.0
1753769317610,06:08:37.610,kucoinfutures,BTC/USDT:USDT,118800.8,81.0,118800.0,2.0,118800.9,2872.0,118801.0,122.0
1753769317626,06:08:37.626,kucoinfutures,BTC/USDT:USDT,118800.8,81.0,118800.0,2.0,118800.9,2872.0,118801.0,122.0
1753769317632,06:08:37.632,kucoinfutures,BTC/USDT:USDT,118800.8,81.0,118800.0,2.0,118800.9,2872.0,118801.0,122.0
1753769317637,06:08:37.637,kucoinfutures,BTC/USDT:USDT,118800.8,81.0,118800.0,2.0,118800.9,2872.0,118801.0,122.0
1753769317640,06:08:37.640,kucoinfutures,BTC/USDT:USDT,118800.8,81.0,118800.0,2.0,118800.9,2872.0,118801.0,122.0
1753769317642,06:08:37.642,kucoinfutures,BTC/USDT:USDT,118800.8,81.0,118800.0,2.0,118800.9,2872.0,118801.0,122.0
1753769317646,06:08:37.646,kucoinfutures,BTC/USDT:USDT,118800.8,81.0,118800.0,2.0,118800.9,2872.0,118801.0,122.0
1753769317650,06:08:37.650,kucoinfutures,BTC/USDT:USDT,118800.8,81.0,118800.0,2.0,118800.9,2872.0,118801.0,122.0
1753769317651,06:08:37.651,kucoinfutures,BTC/USDT:USDT,118800.8,81.0,118800.0,2.0,118800.9,2872.0,118801.0,122.0
1753769317674,06:08:37.674,kucoinfutures,BTC/USDT:USDT,118800.8,81.0,118800.0,2.0,118800.9,2872.0,118801.0,122.0
1753769317676,06:08:37.676,kucoinfutures,BTC/USDT:USDT,118800.8,81.0,118800.0,2.0,118800.9,2872.0,118801.0,122.0
1753769317707,06:08:37.707,kucoinfutures,BTC/USDT:USDT,118800.8,81.0,118800.0,2.0,118800.9,2872.0,118801.0,122.0
1753769317709,06:08:37.709,kucoinfutures,BTC/USDT:USDT,118800.8,81.0,118800.0,2.0,118800.9,2872.0,118801.0,122.0
1753769317806,06:08:37.806,kucoinfutures,BTC/USDT:USDT,118800.8,81.0,118800.0,2.0,118800.9,2872.0,118801.0,122.0
1753769317806,06:08:37.806,kucoinfutures,BTC/USDT:USDT,118800.8,81.0,118800.0,2.0,118800.9,2872.0,118801.0,122.0
1753769317905,06:08:37.905,kucoinfutures,BTC/USDT:USDT,118800.8,81.0,118800.0,2.0,118800.9,2872.0,118801.0,122.0
1753769317907,06:08:37.907,kucoinfutures,BTC/USDT:USDT,118800.8,81.0,118800.0,2.0,118800.9,2872.0,118801.0,122.0
1753769317910,06:08:37.910,kucoinfutures,BTC/USDT:USDT,118800.8,81.0,118800.0,2.0,118800.9,2872.0,118801.0,122.0
1753769317911,06:08:37.911,kucoinfutures,BTC/USDT:USDT,118800.8,81.0,118800.0,2.0,118800.9,2872.0,118801.0,122.0
1753769317921,06:08:37.921,kucoinfutures,BTC/USDT:USDT,118800.8,81.0,118800.0,2.0,118800.9,2872.0,118801.0,122.0
1753769318006,06:08:38.006,kucoinfutures,BTC/USDT:USDT,118800.8,81.0,118800.0,2.0,118800.9,2872.0,118801.0,122.0
1753769318006,06:08:38.006,kucoinfutures,BTC/USDT:USDT,118800.8,81.0,118800.0,2.0,118800.9,2872.0,118801.0,122.0
1753769318011,06:08:38.011,kucoinfutures,BTC/USDT:USDT,118800.8,81.0,118800.0,2.0,118800.9,2872.0,118801.0,122.0
1753769318012,06:08:38.012,kucoinfutures,BTC/USDT:USDT,118800.8,81.0,118800.0,2.0,118800.9,2872.0,118801.0,122.0
1753769318012,06:08:38.012,kucoinfutures,BTC/USDT:USDT,118800.8,81.0,118800.0,2.0,118800.9,2872.0,118801.0,122.0
1753769318081,06:08:38.081,kucoinfutures,BTC/USDT:USDT,118800.8,81.0,118800.0,2.0,118800.9,2872.0,118801.0,122.0
1753769318105,06:08:38.105,kucoinfutures,BTC/USDT:USDT,118800.8,81.0,118800.0,2.0,118800.9,2872.0,118801.0,122.0
1753769318106,06:08:38.106,kucoinfutures,BTC/USDT:USDT,118800.8,81.0,118800.0,2.0,118800.9,2872.0,118801.0,122.0
1753769318139,06:08:38.139,kucoinfutures,BTC/USDT:USDT,118800.8,52.0,118800.0,2.0,118800.9,2872.0,118801.0,122.0
1753769318206,06:08:38.206,kucoinfutures,BTC/USDT:USDT,118800.8,52.0,118800.0,2.0,118800.9,2872.0,118801.0,122.0
1753769318207,06:08:38.207,kucoinfutures,BTC/USDT:USDT,118800.8,52.0,118800.0,2.0,118800.9,2872.0,118801.0,122.0
1753769318209,06:08:38.209,kucoinfutures,BTC/USDT:USDT,118800.8,52.0,118800.0,2.0,118800.9,2872.0,118801.0,122.0
1753769318210,06:08:38.210,kucoinfutures,BTC/USDT:USDT,118800.8,52.0,118800.0,2.0,118800.9,2872.0,118801.0,122.0
1753769318214,06:08:38.214,kucoinfutures,BTC/USDT:USDT,118800.8,52.0,118800.0,2.0,118800.9,2872.0,118801.0,122.0
1753769318304,06:08:38.304,kucoinfutures,BTC/USDT:USDT,118800.8,52.0,118800.0,2.0,118800.9,2872.0,118801.0,122.0
1753769318304,06:08:38.304,kucoinfutures,BTC/USDT:USDT,118800.8,52.0,118800.0,2.0,118800.9,2872.0,118801.0,122.0
1753769318304,06:08:38.304,kucoinfutures,BTC/USDT:USDT,118800.8,52.0,118800.0,2.0,118800.9,2872.0,118801.0,122.0
1753769318307,06:08:38.307,kucoinfutures,BTC/USDT:USDT,118800.8,52.0,118800.0,2.0,118800.9,2872.0,118801.0,122.0
1753769318307,06:08:38.307,kucoinfutures,BTC/USDT:USDT,118800.8,52.0,118800.0,2.0,118800.9,2872.0,118801.0,122.0
1753769318307,06:08:38.307,kucoinfutures,BTC/USDT:USDT,118800.8,52.0,118800.0,2.0,118800.9,2872.0,118801.0,122.0
1753769318310,06:08:38.310,kucoinfutures,BTC/USDT:USDT,118800.8,52.0,118800.0,2.0,118800.9,2872.0,118801.0,122.0
1753769318311,06:08:38.311,kucoinfutures,BTC/USDT:USDT,118800.8,52.0,118800.0,2.0,118800.9,2872.0,118801.0,122.0
1753769318388,06:08:38.388,kucoinfutures,BTC/USDT:USDT,118800.8,52.0,118800.0,2.0,118800.9,2872.0,118801.0,122.0
1753769318405,06:08:38.405,kucoinfutures,BTC/USDT:USDT,118800.8,52.0,118800.0,2.0,118800.9,2872.0,118801.0,122.0
1753769318423,06:08:38.423,kucoinfutures,BTC/USDT:USDT,118800.8,52.0,118800.0,2.0,118800.9,2872.0,118801.0,122.0
1753769318477,06:08:38.477,kucoinfutures,BTC/USDT:USDT,118800.8,52.0,118800.0,2.0,118800.9,2872.0,118801.0,122.0
1753769318478,06:08:38.478,kucoinfutures,BTC/USDT:USDT,118800.8,52.0,118800.0,2.0,118800.9,2872.0,118801.0,122.0
1753769318502,06:08:38.502,kucoinfutures,BTC/USDT:USDT,118800.8,52.0,118800.0,2.0,118800.9,2872.0,118801.0,122.0
1753769318507,06:08:38.507,kucoinfutures,BTC/USDT:USDT,118800.8,52.0,118800.0,2.0,118800.9,2872.0,118801.0,122.0
1753769318510,06:08:38.510,kucoinfutures,BTC/USDT:USDT,118800.8,52.0,118800.0,2.0,118800.9,2872.0,118801.0,122.0
1753769318515,06:08:38.515,kucoinfutures,BTC/USDT:USDT,118800.8,52.0,118800.0,2.0,118800.9,2872.0,118801.0,122.0
1753769318516,06:08:38.516,kucoinfutures,BTC/USDT:USDT,118800.8,52.0,118800.0,2.0,118800.9,2872.0,118801.0,122.0
1753769318521,06:08:38.521,kucoinfutures,BTC/USDT:USDT,118800.8,52.0,118800.0,2.0,118800.9,2872.0,118801.0,122.0
1753769318536,06:08:38.536,kucoinfutures,BTC/USDT:USDT,118800.8,52.0,118800.0,2.0,118800.9,2872.0,118801.0,122.0
1753769318542,06:08:38.542,kucoinfutures,BTC/USDT:USDT,118800.8,52.0,118800.0,2.0,118800.9,2872.0,118801.0,122.0
1753769318552,06:08:38.552,kucoinfutures,BTC/USDT:USDT,118800.8,52.0,118800.0,2.0,118800.9,2872.0,118801.0,122.0
1753769318561,06:08:38.561,kucoinfutures,BTC/USDT:USDT,118800.8,52.0,118800.0,2.0,118800.9,2872.0,118801.0,122.0
1753769318593,06:08:38.593,kucoinfutures,BTC/USDT:USDT,118800.8,52.0,118800.0,2.0,118800.9,2872.0,118801.0,122.0
1753769318606,06:08:38.606,kucoinfutures,BTC/USDT:USDT,118800.8,52.0,118800.0,2.0,118800.9,2872.0,118801.0,122.0
1753769318607,06:08:38.607,kucoinfutures,BTC/USDT:USDT,118800.8,52.0,118800.0,2.0,118800.9,2872.0,118801.0,122.0
1753769318611,06:08:38.611,kucoinfutures,BTC/USDT:USDT,118800.8,52.0,118800.0,2.0,118800.9,2872.0,118801.0,122.0
1753769318624,06:08:38.624,kucoinfutures,BTC/USDT:USDT,118800.8,52.0,118800.0,2.0,118800.9,2872.0,118801.0,122.0
1753769318629,06:08:38.629,kucoinfutures,BTC/USDT:USDT,118800.8,52.0,118800.0,2.0,118800.9,2872.0,118801.0,122.0
1753769318634,06:08:38.634,kucoinfutures,BTC/USDT:USDT,118800.8,52.0,118800.0,2.0,118800.9,2872.0,118801.0,122.0
1753769318640,06:08:38.640,kucoinfutures,BTC/USDT:USDT,118800.8,52.0,118800.0,2.0,118800.9,2872.0,118801.0,122.0
1753769318705,06:08:38.705,kucoinfutures,BTC/USDT:USDT,118800.8,52.0,118800.0,2.0,118800.9,2872.0,118801.0,122.0
1753769318707,06:08:38.707,kucoinfutures,BTC/USDT:USDT,118800.8,52.0,118800.0,2.0,118800.9,2872.0,118801.0,122.0
1753769318711,06:08:38.711,kucoinfutures,BTC/USDT:USDT,118800.8,52.0,118800.0,2.0,118800.9,2872.0,118801.0,122.0
1753769318722,06:08:38.722,kucoinfutures,BTC/USDT:USDT,118800.8,52.0,118800.0,2.0,118800.9,2872.0,118801.0,122.0
1753769318771,06:08:38.771,kucoinfutures,BTC/USDT:USDT,118800.8,52.0,118800.0,2.0,118800.9,2872.0,118801.0,122.0
1753769318799,06:08:38.799,kucoinfutures,BTC/USDT:USDT,118800.8,52.0,118800.0,2.0,118800.9,2872.0,118801.0,122.0
1753769318806,06:08:38.806,kucoinfutures,BTC/USDT:USDT,118800.8,52.0,118800.0,2.0,118800.9,2872.0,118801.0,122.0
1753769318807,06:08:38.807,kucoinfutures,BTC/USDT:USDT,118800.8,52.0,118800.0,2.0,118800.9,2872.0,118801.0,122.0
1753769318810,06:08:38.810,kucoinfutures,BTC/USDT:USDT,118800.8,52.0,118800.0,2.0,118800.9,2872.0,118801.0,122.0
1753769318905,06:08:38.905,kucoinfutures,BTC/USDT:USDT,118800.8,52.0,118800.0,2.0,118800.9,2872.0,118801.0,122.0
1753769318905,06:08:38.905,kucoinfutures,BTC/USDT:USDT,118800.8,52.0,118800.0,2.0,118800.9,2872.0,118801.0,122.0
1753769318907,06:08:38.907,kucoinfutures,BTC/USDT:USDT,118800.8,52.0,118800.0,2.0,118800.9,2872.0,118801.0,122.0
1753769318924,06:08:38.924,kucoinfutures,BTC/USDT:USDT,118800.8,52.0,118800.0,2.0,118800.9,2872.0,118801.0,122.0
1753769319006,06:08:39.006,kucoinfutures,BTC/USDT:USDT,118800.8,52.0,118800.0,2.0,118800.9,2872.0,118801.0,122.0
1753769319010,06:08:39.010,kucoinfutures,BTC/USDT:USDT,118800.8,52.0,118800.0,2.0,118800.9,2872.0,118801.0,122.0
1753769319015,06:08:39.015,kucoinfutures,BTC/USDT:USDT,118800.8,52.0,118800.0,2.0,118800.9,2872.0,118801.0,122.0
1753769319018,06:08:39.018,kucoinfutures,BTC/USDT:USDT,118800.8,52.0,118800.0,2.0,118800.9,2872.0,118801.0,122.0
1753769319023,06:08:39.023,kucoinfutures,BTC/USDT:USDT,118800.8,52.0,118800.0,2.0,118800.9,2872.0,118801.0,122.0
1753769319105,06:08:39.105,kucoinfutures,BTC/USDT:USDT,118800.8,52.0,118800.0,2.0,118800.9,2872.0,118801.0,122.0
1753769319107,06:08:39.107,kucoinfutures,BTC/USDT:USDT,118800.8,52.0,118800.0,2.0,118800.9,2872.0,118801.0,122.0
1753769319110,06:08:39.110,kucoinfutures,BTC/USDT:USDT,118800.8,52.0,118800.0,2.0,118800.9,2872.0,118801.0,122.0
1753769319110,06:08:39.110,kucoinfutures,BTC/USDT:USDT,118800.8,52.0,118800.0,2.0,118800.9,2872.0,118801.0,122.0
1753769319130,06:08:39.130,kucoinfutures,BTC/USDT:USDT,118800.8,52.0,118800.0,2.0,118800.9,2872.0,118801.0,122.0
1753769319148,06:08:39.148,kucoinfutures,BTC/USDT:USDT,118800.8,52.0,118800.0,2.0,118800.9,2872.0,118801.0,122.0
1753769319149,06:08:39.149,kucoinfutures,BTC/USDT:USDT,118800.8,52.0,118800.0,2.0,118800.9,2872.0,118801.0,122.0
1753769319152,06:08:39.152,kucoinfutures,BTC/USDT:USDT,118800.8,52.0,118800.0,2.0,118800.9,2872.0,118801.0,122.0
1753769319167,06:08:39.167,kucoinfutures,BTC/USDT:USDT,118800.8,52.0,118800.0,2.0,118800.9,2872.0,118801.0,122.0
1753769319172,06:08:39.172,kucoinfutures,BTC/USDT:USDT,118800.8,52.0,118800.0,2.0,118800.9,2872.0,118801.0,122.0
1753769319174,06:08:39.174,kucoinfutures,BTC/USDT:USDT,118800.8,52.0,118800.0,2.0,118800.9,2872.0,118801.0,122.0
1753769319174,06:08:39.174,kucoinfutures,BTC/USDT:USDT,118800.8,52.0,118800.0,2.0,118800.9,2872.0,118801.0,122.0
1753769319176,06:08:39.176,kucoinfutures,BTC/USDT:USDT,118800.8,52.0,118800.0,2.0,118800.9,2872.0,118801.0,122.0
1753769319176,06:08:39.176,kucoinfutures,BTC/USDT:USDT,118800.8,52.0,118800.0,2.0,118800.9,2872.0,118801.0,122.0
1753769319190,06:08:39.190,kucoinfutures,BTC/USDT:USDT,118800.8,52.0,118800.0,2.0,118800.9,2872.0,118801.0,122.0
1753769319193,06:08:39.193,kucoinfutures,BTC/USDT:USDT,118800.8,52.0,118800.0,2.0,118800.9,2872.0,118801.0,122.0
1753769319204,06:08:39.204,kucoinfutures,BTC/USDT:USDT,118800.8,52.0,118800.0,2.0,118800.9,2872.0,118801.0,122.0
1753769319206,06:08:39.206,kucoinfutures,BTC/USDT:USDT,118800.8,52.0,118800.0,2.0,118800.9,2872.0,118801.0,122.0
1753769319207,06:08:39.207,kucoinfutures,BTC/USDT:USDT,118800.8,52.0,118800.0,2.0,118800.9,2872.0,118801.0,122.0
1753769319209,06:08:39.209,kucoinfutures,BTC/USDT:USDT,118800.8,52.0,118800.0,2.0,118800.9,2872.0,118801.0,122.0
1753769319210,06:08:39.210,kucoinfutures,BTC/USDT:USDT,118800.8,52.0,118800.0,2.0,118800.9,2872.0,118801.0,122.0
1753769319211,06:08:39.211,kucoinfutures,BTC/USDT:USDT,118800.8,52.0,118800.0,2.0,118800.9,2872.0,118801.0,122.0
1753769319215,06:08:39.215,kucoinfutures,BTC/USDT:USDT,118800.8,52.0,118800.0,2.0,118800.9,2872.0,118801.0,122.0
1753769319215,06:08:39.215,kucoinfutures,BTC/USDT:USDT,118800.8,52.0,118800.0,2.0,118800.9,2872.0,118801.0,122.0
1753769319239,06:08:39.239,kucoinfutures,BTC/USDT:USDT,118800.8,52.0,118800.0,2.0,118800.9,2872.0,118801.0,122.0
1753769319247,06:08:39.247,kucoinfutures,BTC/USDT:USDT,118800.8,52.0,118800.0,2.0,118800.9,2872.0,118801.0,122.0
1753769319268,06:08:39.268,kucoinfutures,BTC/USDT:USDT,118800.8,52.0,118800.0,2.0,118800.9,2872.0,118801.0,122.0
1753769319306,06:08:39.306,kucoinfutures,BTC/USDT:USDT,118800.8,52.0,118800.0,2.0,118800.9,2872.0,118801.0,122.0
1753769319310,06:08:39.310,kucoinfutures,BTC/USDT:USDT,118800.8,52.0,118800.0,2.0,118800.9,2872.0,118801.0,122.0
1753769319317,06:08:39.317,kucoinfutures,BTC/USDT:USDT,118800.8,52.0,118800.0,2.0,118800.9,2872.0,118801.0,122.0
1753769319329,06:08:39.329,kucoinfutures,BTC/USDT:USDT,118800.8,52.0,118800.0,2.0,118800.9,2872.0,118801.0,122.0
1753769319371,06:08:39.371,kucoinfutures,BTC/USDT:USDT,118800.8,52.0,118800.0,2.0,118800.9,2872.0,118801.0,122.0
1753769319380,06:08:39.380,kucoinfutures,BTC/USDT:USDT,118800.8,52.0,118800.0,2.0,118800.9,2872.0,118801.0,122.0
1753769319402,06:08:39.402,kucoinfutures,BTC/USDT:USDT,118800.8,52.0,118800.0,2.0,118800.9,2872.0,118801.0,122.0
1753769319406,06:08:39.406,kucoinfutures,BTC/USDT:USDT,118800.8,52.0,118800.0,2.0,118800.9,2872.0,118801.0,122.0
1753769319410,06:08:39.410,kucoinfutures,BTC/USDT:USDT,118800.8,52.0,118800.0,2.0,118800.9,2872.0,118801.0,122.0
1753769319411,06:08:39.411,kucoinfutures,BTC/USDT:USDT,118800.8,52.0,118800.0,2.0,118800.9,2872.0,118801.0,122.0
1753769319413,06:08:39.413,kucoinfutures,BTC/USDT:USDT,118800.8,52.0,118800.0,2.0,118800.9,2872.0,118801.0,122.0
1753769319414,06:08:39.414,kucoinfutures,BTC/USDT:USDT,118800.8,52.0,118800.0,2.0,118800.9,2872.0,118801.0,122.0
1753769319417,06:08:39.417,kucoinfutures,BTC/USDT:USDT,118800.8,52.0,118800.0,2.0,118800.9,2872.0,118801.0,122.0
1753769319417,06:08:39.417,kucoinfutures,BTC/USDT:USDT,118800.8,52.0,118800.0,2.0,118800.9,2872.0,118801.0,122.0
1753769319433,06:08:39.433,kucoinfutures,BTC/USDT:USDT,118800.8,52.0,118800.0,2.0,118800.9,2872.0,118801.0,122.0
1753769319443,06:08:39.443,kucoinfutures,BTC/USDT:USDT,118800.8,52.0,118800.0,2.0,118800.9,2872.0,118801.0,122.0
1753769319506,06:08:39.506,kucoinfutures,BTC/USDT:USDT,118800.8,52.0,118800.0,2.0,118800.9,2872.0,118801.0,122.0
1753769319601,06:08:39.601,kucoinfutures,BTC/USDT:USDT,118800.8,52.0,118800.0,2.0,118800.9,2872.0,118801.0,122.0
1753769319601,06:08:39.601,kucoinfutures,BTC/USDT:USDT,118800.8,52.0,118800.0,2.0,118800.9,2872.0,118801.0,122.0
1753769319611,06:08:39.611,kucoinfutures,BTC/USDT:USDT,118800.8,52.0,118800.0,2.0,118800.9,2872.0,118801.0,122.0
1753769319632,06:08:39.632,kucoinfutures,BTC/USDT:USDT,118800.8,52.0,118800.0,2.0,118800.9,2872.0,118801.0,122.0
1753769319637,06:08:39.637,kucoinfutures,BTC/USDT:USDT,118800.8,52.0,118800.0,2.0,118800.9,2872.0,118801.0,122.0
1753769319643,06:08:39.643,kucoinfutures,BTC/USDT:USDT,118800.8,52.0,118800.0,2.0,118800.9,2872.0,118801.0,122.0
1753769319649,06:08:39.649,kucoinfutures,BTC/USDT:USDT,118800.8,52.0,118800.0,2.0,118800.9,2872.0,118801.0,122.0
1753769319661,06:08:39.661,kucoinfutures,BTC/USDT:USDT,118800.8,52.0,118800.0,2.0,118800.9,2872.0,118801.0,122.0
1753769319661,06:08:39.661,kucoinfutures,BTC/USDT:USDT,118800.8,52.0,118800.0,2.0,118800.9,2872.0,118801.0,122.0
1753769319665,06:08:39.665,kucoinfutures,BTC/USDT:USDT,118800.8,52.0,118800.0,2.0,118800.9,2872.0,118801.0,122.0
1753769319666,06:08:39.666,kucoinfutures,BTC/USDT:USDT,118800.8,52.0,118800.0,2.0,118800.9,2872.0,118801.0,122.0
1753769319669,06:08:39.669,kucoinfutures,BTC/USDT:USDT,118800.8,52.0,118800.0,2.0,118800.9,2872.0,118801.0,122.0
1753769319673,06:08:39.673,kucoinfutures,BTC/USDT:USDT,118800.8,52.0,118800.0,2.0,118800.9,2872.0,118801.0,122.0
1753769319678,06:08:39.678,kucoinfutures,BTC/USDT:USDT,118800.8,52.0,118800.0,2.0,118800.9,2872.0,118801.0,122.0
1753769319678,06:08:39.678,kucoinfutures,BTC/USDT:USDT,118800.8,52.0,118800.0,2.0,118800.9,2872.0,118801.0,122.0
1753769319687,06:08:39.687,kucoinfutures,BTC/USDT:USDT,118800.8,52.0,118800.0,2.0,118800.9,2872.0,118801.0,122.0
1753769319691,06:08:39.691,kucoinfutures,BTC/USDT:USDT,118800.8,52.0,118800.0,2.0,118800.9,2872.0,118801.0,122.0
1753769319693,06:08:39.693,kucoinfutures,BTC/USDT:USDT,118800.8,52.0,118800.0,2.0,118800.9,2872.0,118801.0,122.0
1753769319695,06:08:39.695,kucoinfutures,BTC/USDT:USDT,118800.8,52.0,118800.0,2.0,118800.9,2872.0,118801.0,122.0
1753769319698,06:08:39.698,kucoinfutures,BTC/USDT:USDT,118800.8,52.0,118800.0,2.0,118800.9,2872.0,118801.0,122.0
1753769319703,06:08:39.703,kucoinfutures,BTC/USDT:USDT,118800.8,52.0,118800.0,2.0,118800.9,2872.0,118801.0,122.0
1753769319704,06:08:39.704,kucoinfutures,BTC/USDT:USDT,118800.8,52.0,118800.0,2.0,118800.9,2872.0,118801.0,122.0
1753769319706,06:08:39.706,kucoinfutures,BTC/USDT:USDT,118800.8,52.0,118800.0,2.0,118800.9,2872.0,118801.0,122.0
1753769319709,06:08:39.709,kucoinfutures,BTC/USDT:USDT,118800.8,52.0,118800.0,2.0,118800.9,2872.0,118801.0,122.0
1753769319712,06:08:39.712,kucoinfutures,BTC/USDT:USDT,118800.8,52.0,118800.0,2.0,118800.9,2872.0,118801.0,122.0
1753769319712,06:08:39.712,kucoinfutures,BTC/USDT:USDT,118800.8,52.0,118800.0,2.0,118800.9,2872.0,118801.0,122.0
1753769319712,06:08:39.712,kucoinfutures,BTC/USDT:USDT,118800.8,52.0,118800.0,2.0,118800.9,2872.0,118801.0,122.0
1753769319717,06:08:39.717,kucoinfutures,BTC/USDT:USDT,118800.8,52.0,118800.0,2.0,118800.9,2872.0,118801.0,122.0
1753769319718,06:08:39.718,kucoinfutures,BTC/USDT:USDT,118800.8,52.0,118800.0,2.0,118800.9,2872.0,118801.0,122.0
1753769319728,06:08:39.728,kucoinfutures,BTC/USDT:USDT,118800.8,52.0,118800.0,2.0,118800.9,2872.0,118801.0,122.0
1753769319728,06:08:39.728,kucoinfutures,BTC/USDT:USDT,118800.8,52.0,118800.0,2.0,118800.9,2872.0,118801.0,122.0
1753769319731,06:08:39.731,kucoinfutures,BTC/USDT:USDT,118800.8,52.0,118800.0,2.0,118800.9,2872.0,118801.0,122.0
1753769319783,06:08:39.783,kucoinfutures,BTC/USDT:USDT,118800.8,52.0,118800.0,2.0,118800.9,2872.0,118801.0,122.0
1753769319813,06:08:39.813,kucoinfutures,BTC/USDT:USDT,118800.8,52.0,118800.0,2.0,118800.9,2872.0,118801.0,122.0
1753769320118,06:08:40.118,kucoinfutures,BTC/USDT:USDT,118800.8,52.0,118800.0,2.0,118800.9,2872.0,118801.0,122.0
1753769320125,06:08:40.125,kucoinfutures,BTC/USDT:USDT,118800.8,52.0,118800.0,2.0,118800.9,2872.0,118801.0,122.0
1753769320132,06:08:40.132,kucoinfutures,BTC/USDT:USDT,118800.8,52.0,118800.0,2.0,118800.9,2872.0,118801.0,122.0
1753769320157,06:08:40.157,kucoinfutures,BTC/USDT:USDT,118800.8,52.0,118800.0,2.0,118800.9,2872.0,118801.0,122.0
1753769320204,06:08:40.204,kucoinfutures,BTC/USDT:USDT,118800.8,52.0,118800.0,2.0,118800.9,2872.0,118801.0,122.0
1753769320224,06:08:40.224,kucoinfutures,BTC/USDT:USDT,118800.8,52.0,118800.0,2.0,118800.9,2872.0,118801.0,122.0
1753769320290,06:08:40.290,kucoinfutures,BTC/USDT:USDT,118800.8,52.0,118800.0,2.0,118800.9,2872.0,118801.0,122.0
1753769320293,06:08:40.293,kucoinfutures,BTC/USDT:USDT,118800.8,52.0,118800.0,2.0,118800.9,2872.0,118801.0,122.0
1753769320295,06:08:40.295,kucoinfutures,BTC/USDT:USDT,118800.8,52.0,118800.0,2.0,118800.9,2872.0,118801.0,122.0
1753769320429,06:08:40.429,kucoinfutures,BTC/USDT:USDT,118800.8,52.0,118800.0,2.0,118800.9,2872.0,118801.0,122.0
1753769320433,06:08:40.433,kucoinfutures,BTC/USDT:USDT,118800.8,52.0,118800.0,2.0,118800.9,2872.0,118801.0,122.0
1753769320445,06:08:40.445,kucoinfutures,BTC/USDT:USDT,118800.8,52.0,118800.0,2.0,118800.9,2872.0,118801.0,122.0
1753769320460,06:08:40.460,kucoinfutures,BTC/USDT:USDT,118800.8,52.0,118800.0,2.0,118800.9,2872.0,118801.0,122.0
1753769320464,06:08:40.464,kucoinfutures,BTC/USDT:USDT,118800.8,52.0,118800.0,2.0,118800.9,2872.0,118801.0,122.0
1753769320468,06:08:40.468,kucoinfutures,BTC/USDT:USDT,118800.8,52.0,118800.0,2.0,118800.9,2872.0,118801.0,122.0
1753769320488,06:08:40.488,kucoinfutures,BTC/USDT:USDT,118800.8,52.0,118800.0,2.0,118800.9,2872.0,118801.0,122.0
1753769320491,06:08:40.491,kucoinfutures,BTC/USDT:USDT,118800.8,52.0,118800.0,2.0,118800.9,2872.0,118801.0,122.0
1753769320578,06:08:40.578,kucoinfutures,BTC/USDT:USDT,118800.8,52.0,118800.0,2.0,118800.9,2872.0,118801.0,122.0
1753769320583,06:08:40.583,kucoinfutures,BTC/USDT:USDT,118800.8,52.0,118800.0,2.0,118800.9,2872.0,118801.0,122.0
1753769320631,06:08:40.631,kucoinfutures,BTC/USDT:USDT,118800.8,52.0,118800.0,2.0,118800.9,2872.0,118801.0,122.0
1753769320635,06:08:40.635,kucoinfutures,BTC/USDT:USDT,118800.8,52.0,118800.0,2.0,118800.9,2872.0,118801.0,122.0
1753769320642,06:08:40.642,kucoinfutures,BTC/USDT:USDT,118800.8,52.0,118800.0,2.0,118800.9,2872.0,118801.0,122.0
1753769320644,06:08:40.644,kucoinfutures,BTC/USDT:USDT,118800.8,52.0,118800.0,2.0,118800.9,2872.0,118801.0,122.0
1753769320701,06:08:40.701,kucoinfutures,BTC/USDT:USDT,118800.8,13.0,118800.0,2.0,118800.9,2877.0,118801.0,122.0
1753769320701,06:08:40.701,kucoinfutures,BTC/USDT:USDT,118800.8,13.0,118800.0,2.0,118800.9,2952.0,118801.0,122.0
1753769320703,06:08:40.703,kucoinfutures,BTC/USDT:USDT,118800.8,13.0,118800.0,2.0,118800.9,2952.0,118801.0,122.0
1753769320704,06:08:40.704,kucoinfutures,BTC/USDT:USDT,118800.8,13.0,118800.0,2.0,118800.9,2952.0,118801.0,122.0
1753769320709,06:08:40.709,kucoinfutures,BTC/USDT:USDT,118800.8,13.0,118800.0,2.0,118800.9,2952.0,118801.0,122.0
1753769320711,06:08:40.711,kucoinfutures,BTC/USDT:USDT,118800.8,13.0,118800.0,2.0,118800.9,2952.0,118801.0,122.0
1753769320711,06:08:40.711,kucoinfutures,BTC/USDT:USDT,118800.8,13.0,118800.0,2.0,118800.9,2952.0,118801.0,122.0
1753769320713,06:08:40.713,kucoinfutures,BTC/USDT:USDT,118800.8,13.0,118800.0,2.0,118800.9,2952.0,118801.0,122.0
1753769320713,06:08:40.713,kucoinfutures,BTC/USDT:USDT,118800.8,13.0,118800.0,2.0,118800.9,2952.0,118801.0,122.0
1753769320715,06:08:40.715,kucoinfutures,BTC/USDT:USDT,118800.8,13.0,118800.0,2.0,118800.9,2952.0,118801.0,122.0
1753769320719,06:08:40.719,kucoinfutures,BTC/USDT:USDT,118800.8,13.0,118800.0,2.0,118800.9,2952.0,118801.0,122.0
1753769320720,06:08:40.720,kucoinfutures,BTC/USDT:USDT,118800.8,13.0,118800.0,2.0,118800.9,2952.0,118801.0,122.0
1753769320720,06:08:40.720,kucoinfutures,BTC/USDT:USDT,118800.8,13.0,118800.0,2.0,118800.9,2952.0,118801.0,122.0
1753769320721,06:08:40.721,kucoinfutures,BTC/USDT:USDT,118800.8,13.0,118800.0,2.0,118800.9,2952.0,118801.0,122.0
1753769320724,06:08:40.724,kucoinfutures,BTC/USDT:USDT,118800.8,13.0,118800.0,2.0,118800.9,2952.0,118801.0,122.0
1753769320727,06:08:40.727,kucoinfutures,BTC/USDT:USDT,118800.8,13.0,118800.0,2.0,118800.9,2952.0,118801.0,122.0
1753769320727,06:08:40.727,kucoinfutures,BTC/USDT:USDT,118800.8,13.0,118800.0,2.0,118800.9,2952.0,118801.0,122.0
1753769320731,06:08:40.731,kucoinfutures,BTC/USDT:USDT,118800.8,13.0,118800.0,2.0,118800.9,2952.0,118801.0,122.0
1753769320750,06:08:40.750,kucoinfutures,BTC/USDT:USDT,118800.8,13.0,118800.0,2.0,118800.9,3049.0,118801.0,122.0
1753769320781,06:08:40.781,kucoinfutures,BTC/USDT:USDT,118800.8,13.0,118800.0,2.0,118800.9,3049.0,118801.0,122.0
1753769320781,06:08:40.781,kucoinfutures,BTC/USDT:USDT,118800.8,13.0,118800.0,2.0,118800.9,3049.0,118801.0,122.0
1753769320783,06:08:40.783,kucoinfutures,BTC/USDT:USDT,118800.8,13.0,118800.0,2.0,118800.9,3049.0,118801.0,122.0
1753769320784,06:08:40.784,kucoinfutures,BTC/USDT:USDT,118800.8,13.0,118800.0,2.0,118800.9,3049.0,118801.0,122.0
1753769320787,06:08:40.787,kucoinfutures,BTC/USDT:USDT,118800.8,13.0,118800.0,2.0,118800.9,3049.0,118801.0,122.0
1753769320803,06:08:40.803,kucoinfutures,BTC/USDT:USDT,118800.8,13.0,118800.0,2.0,118800.9,3049.0,118801.0,122.0
1753769320806,06:08:40.806,kucoinfutures,BTC/USDT:USDT,118800.8,13.0,118800.0,2.0,118800.9,3049.0,118801.0,122.0
1753769320807,06:08:40.807,kucoinfutures,BTC/USDT:USDT,118800.8,13.0,118800.0,2.0,118800.9,3049.0,118801.0,122.0
1753769320808,06:08:40.808,kucoinfutures,BTC/USDT:USDT,118800.8,13.0,118800.0,2.0,118800.9,3049.0,118801.0,122.0
1753769320812,06:08:40.812,kucoinfutures,BTC/USDT:USDT,118800.8,13.0,118800.0,2.0,118800.9,3049.0,118801.0,122.0
1753769320814,06:08:40.814,kucoinfutures,BTC/USDT:USDT,118800.8,13.0,118800.0,2.0,118800.9,3049.0,118801.0,122.0
1753769320815,06:08:40.815,kucoinfutures,BTC/USDT:USDT,118800.8,13.0,118800.0,2.0,118800.9,3049.0,118801.0,122.0
1753769320817,06:08:40.817,kucoinfutures,BTC/USDT:USDT,118800.8,13.0,118800.0,2.0,118800.9,3049.0,118801.0,122.0
1753769320824,06:08:40.824,kucoinfutures,BTC/USDT:USDT,118800.8,13.0,118800.0,2.0,118800.9,3049.0,118801.0,122.0
1753769320824,06:08:40.824,kucoinfutures,BTC/USDT:USDT,118800.8,13.0,118800.0,2.0,118800.9,3049.0,118801.0,122.0
1753769320825,06:08:40.825,kucoinfutures,BTC/USDT:USDT,118800.8,13.0,118800.0,2.0,118800.9,3049.0,118801.0,122.0
1753769320827,06:08:40.827,kucoinfutures,BTC/USDT:USDT,118800.8,13.0,118800.0,2.0,118800.9,3049.0,118801.0,122.0
1753769320829,06:08:40.829,kucoinfutures,BTC/USDT:USDT,118800.8,13.0,118800.0,2.0,118800.9,3049.0,118801.0,122.0
1753769320829,06:08:40.829,kucoinfutures,BTC/USDT:USDT,118800.8,13.0,118800.0,2.0,118800.9,3049.0,118801.0,122.0
1753769320834,06:08:40.834,kucoinfutures,BTC/USDT:USDT,118800.8,13.0,118800.0,2.0,118800.9,3049.0,118801.0,122.0
1753769320839,06:08:40.839,kucoinfutures,BTC/USDT:USDT,118800.8,13.0,118800.0,2.0,118800.9,3049.0,118801.0,122.0
1753769320842,06:08:40.842,kucoinfutures,BTC/USDT:USDT,118800.8,13.0,118800.0,2.0,118800.9,3049.0,118801.0,122.0
1753769320847,06:08:40.847,kucoinfutures,BTC/USDT:USDT,118800.8,13.0,118800.0,2.0,118800.9,3049.0,118801.0,122.0
1753769320850,06:08:40.850,kucoinfutures,BTC/USDT:USDT,118800.8,13.0,118800.0,2.0,118800.9,3049.0,118801.0,122.0
1753769320851,06:08:40.851,kucoinfutures,BTC/USDT:USDT,118800.8,13.0,118800.0,2.0,118800.9,3049.0,118801.0,122.0
1753769320862,06:08:40.862,kucoinfutures,BTC/USDT:USDT,118800.8,13.0,118800.0,2.0,118800.9,3049.0,118801.0,122.0
1753769320868,06:08:40.868,kucoinfutures,BTC/USDT:USDT,118800.8,13.0,118800.0,2.0,118800.9,3049.0,118801.0,122.0
1753769320869,06:08:40.869,kucoinfutures,BTC/USDT:USDT,118800.8,13.0,118800.0,2.0,118800.9,3049.0,118801.0,122.0
1753769320871,06:08:40.871,kucoinfutures,BTC/USDT:USDT,118800.8,13.0,118800.0,2.0,118800.9,3049.0,118801.0,122.0
1753769320873,06:08:40.873,kucoinfutures,BTC/USDT:USDT,118800.8,13.0,118800.0,2.0,118800.9,3049.0,118801.0,122.0
1753769320878,06:08:40.878,kucoinfutures,BTC/USDT:USDT,118800.8,13.0,118800.0,2.0,118800.9,3049.0,118801.0,122.0
1753769320885,06:08:40.885,kucoinfutures,BTC/USDT:USDT,118800.8,13.0,118800.0,2.0,118800.9,3049.0,118801.0,122.0
1753769320887,06:08:40.887,kucoinfutures,BTC/USDT:USDT,118800.8,13.0,118800.0,2.0,118800.9,3049.0,118801.0,122.0
1753769320887,06:08:40.887,kucoinfutures,BTC/USDT:USDT,118800.8,13.0,118800.0,2.0,118800.9,3049.0,118801.0,122.0
1753769320891,06:08:40.891,kucoinfutures,BTC/USDT:USDT,118800.8,13.0,118800.0,2.0,118800.9,3049.0,118801.0,122.0
1753769320893,06:08:40.893,kucoinfutures,BTC/USDT:USDT,118800.8,13.0,118800.0,2.0,118800.9,3049.0,118801.0,122.0
1753769320896,06:08:40.896,kucoinfutures,BTC/USDT:USDT,118800.8,13.0,118800.0,2.0,118800.9,3049.0,118801.0,122.0
1753769320898,06:08:40.898,kucoinfutures,BTC/USDT:USDT,118800.8,13.0,118800.0,2.0,118800.9,3049.0,118801.0,122.0
1753769320906,06:08:40.906,kucoinfutures,BTC/USDT:USDT,118800.8,13.0,118800.0,2.0,118800.9,3049.0,118801.0,122.0
1753769320914,06:08:40.914,kucoinfutures,BTC/USDT:USDT,118800.8,13.0,118800.0,2.0,118800.9,3049.0,118801.0,122.0
1753769320923,06:08:40.923,kucoinfutures,BTC/USDT:USDT,118800.8,13.0,118800.0,2.0,118800.9,3049.0,118801.0,122.0
1753769320925,06:08:40.925,kucoinfutures,BTC/USDT:USDT,118800.8,13.0,118800.0,2.0,118800.9,3049.0,118801.0,122.0
1753769320932,06:08:40.932,kucoinfutures,BTC/USDT:USDT,118800.8,13.0,118800.0,2.0,118800.9,3049.0,118801.0,122.0
1753769320934,06:08:40.934,kucoinfutures,BTC/USDT:USDT,118800.8,13.0,118800.0,2.0,118800.9,3049.0,118801.0,122.0
1753769320977,06:08:40.977,kucoinfutures,BTC/USDT:USDT,118800.8,13.0,118800.0,2.0,118800.9,3049.0,118801.0,122.0
1753769320994,06:08:40.994,kucoinfutures,BTC/USDT:USDT,118800.8,13.0,118800.0,2.0,118800.9,3049.0,118801.0,122.0
1753769320999,06:08:40.999,kucoinfutures,BTC/USDT:USDT,118800.8,13.0,118800.0,2.0,118800.9,3049.0,118801.0,122.0
1753769320999,06:08:40.999,kucoinfutures,BTC/USDT:USDT,118800.8,13.0,118800.0,2.0,118800.9,3049.0,118801.0,122.0
1753769321000,06:08:41.000,kucoinfutures,BTC/USDT:USDT,118800.8,13.0,118800.0,2.0,118800.9,3049.0,118801.0,122.0
1753769321002,06:08:41.002,kucoinfutures,BTC/USDT:USDT,118800.8,13.0,118800.0,2.0,118800.9,3049.0,118801.0,122.0
1753769321006,06:08:41.006,kucoinfutures,BTC/USDT:USDT,118800.8,13.0,118800.0,2.0,118800.9,3049.0,118801.0,122.0
1753769321007,06:08:41.007,kucoinfutures,BTC/USDT:USDT,118800.8,13.0,118800.0,2.0,118800.9,3049.0,118801.0,122.0
1753769321011,06:08:41.011,kucoinfutures,BTC/USDT:USDT,118800.8,13.0,118800.0,2.0,118800.9,3049.0,118801.0,122.0
1753769321020,06:08:41.020,kucoinfutures,BTC/USDT:USDT,118800.8,13.0,118800.0,2.0,118800.9,3049.0,118801.0,122.0
1753769321023,06:08:41.023,kucoinfutures,BTC/USDT:USDT,118800.8,13.0,118800.0,2.0,118800.9,3049.0,118801.0,122.0
1753769321035,06:08:41.035,kucoinfutures,BTC/USDT:USDT,118800.8,13.0,118800.0,2.0,118800.9,3049.0,118801.0,122.0
1753769321035,06:08:41.035,kucoinfutures,BTC/USDT:USDT,118800.8,13.0,118800.0,2.0,118800.9,3049.0,118801.0,122.0
1753769321070,06:08:41.070,kucoinfutures,BTC/USDT:USDT,118800.8,13.0,118800.0,2.0,118800.9,3049.0,118801.0,122.0
1753769321106,06:08:41.106,kucoinfutures,BTC/USDT:USDT,118800.8,13.0,118800.0,2.0,118800.9,3049.0,118801.0,122.0
1753769321110,06:08:41.110,kucoinfutures,BTC/USDT:USDT,118800.8,13.0,118800.0,2.0,118800.9,3049.0,118801.0,122.0
1753769321111,06:08:41.111,kucoinfutures,BTC/USDT:USDT,118800.8,13.0,118800.0,2.0,118800.9,3049.0,118801.0,122.0
1753769321113,06:08:41.113,kucoinfutures,BTC/USDT:USDT,118800.8,13.0,118800.0,2.0,118800.9,3049.0,118801.0,122.0
1753769321121,06:08:41.121,kucoinfutures,BTC/USDT:USDT,118800.8,13.0,118800.0,2.0,118800.9,3049.0,118801.0,122.0
1753769321153,06:08:41.153,kucoinfutures,BTC/USDT:USDT,118800.8,13.0,118800.0,2.0,118800.9,3049.0,118801.0,122.0
1753769321173,06:08:41.173,kucoinfutures,BTC/USDT:USDT,118800.8,13.0,118800.0,2.0,118800.9,3049.0,118801.0,122.0
1753769321176,06:08:41.176,kucoinfutures,BTC/USDT:USDT,118800.8,13.0,118800.0,2.0,118800.9,3049.0,118801.0,122.0
1753769321178,06:08:41.178,kucoinfutures,BTC/USDT:USDT,118800.8,13.0,118800.0,2.0,118800.9,3049.0,118801.0,122.0
1753769321179,06:08:41.179,kucoinfutures,BTC/USDT:USDT,118800.8,13.0,118800.0,2.0,118800.9,3049.0,118801.0,122.0
1753769321181,06:08:41.181,kucoinfutures,BTC/USDT:USDT,118800.8,13.0,118800.0,2.0,118800.9,3049.0,118801.0,122.0
1753769321182,06:08:41.182,kucoinfutures,BTC/USDT:USDT,118800.8,13.0,118800.0,2.0,118800.9,3049.0,118801.0,122.0
1753769321206,06:08:41.206,kucoinfutures,BTC/USDT:USDT,118800.8,13.0,118800.0,2.0,118800.9,3049.0,118801.0,122.0
1753769321207,06:08:41.207,kucoinfutures,BTC/USDT:USDT,118800.8,13.0,118800.0,2.0,118800.9,3049.0,118801.0,122.0
1753769321242,06:08:41.242,kucoinfutures,BTC/USDT:USDT,118800.8,13.0,118800.0,2.0,118800.9,3049.0,118801.0,122.0
1753769321242,06:08:41.242,kucoinfutures,BTC/USDT:USDT,118800.8,13.0,118800.0,2.0,118800.9,3049.0,118801.0,122.0
1753769321242,06:08:41.242,kucoinfutures,BTC/USDT:USDT,118800.8,13.0,118800.0,2.0,118800.9,3049.0,118801.0,122.0
1753769321243,06:08:41.243,kucoinfutures,BTC/USDT:USDT,118800.8,13.0,118800.0,2.0,118800.9,3049.0,118801.0,122.0
1753769321246,06:08:41.246,kucoinfutures,BTC/USDT:USDT,118800.8,13.0,118800.0,2.0,118800.9,3049.0,118801.0,122.0
1753769321250,06:08:41.250,kucoinfutures,BTC/USDT:USDT,118800.8,13.0,118800.0,2.0,118800.9,3049.0,118801.0,122.0
1753769321257,06:08:41.257,kucoinfutures,BTC/USDT:USDT,118800.8,13.0,118800.0,2.0,118800.9,3049.0,118801.0,122.0
1753769321261,06:08:41.261,kucoinfutures,BTC/USDT:USDT,118800.8,13.0,118800.0,2.0,118800.9,3049.0,118801.0,122.0
1753769321264,06:08:41.264,kucoinfutures,BTC/USDT:USDT,118800.8,13.0,118800.0,2.0,118800.9,3049.0,118801.0,122.0
1753769321264,06:08:41.264,kucoinfutures,BTC/USDT:USDT,118800.8,13.0,118800.0,2.0,118800.9,3049.0,118801.0,122.0
1753769321266,06:08:41.266,kucoinfutures,BTC/USDT:USDT,118800.8,13.0,118800.0,2.0,118800.9,3049.0,118801.0,122.0
1753769321268,06:08:41.268,kucoinfutures,BTC/USDT:USDT,118800.8,13.0,118800.0,2.0,118800.9,3049.0,118801.0,122.0
1753769321268,06:08:41.268,kucoinfutures,BTC/USDT:USDT,118800.8,13.0,118800.0,2.0,118800.9,3049.0,118801.0,122.0
1753769321271,06:08:41.271,kucoinfutures,BTC/USDT:USDT,118800.8,13.0,118800.0,2.0,118800.9,3049.0,118801.0,122.0
1753769321311,06:08:41.311,kucoinfutures,BTC/USDT:USDT,118800.8,13.0,118800.0,2.0,118800.9,3049.0,118801.0,122.0
1753769321311,06:08:41.311,kucoinfutures,BTC/USDT:USDT,118800.8,13.0,118800.0,2.0,118800.9,3049.0,118801.0,122.0
1753769321357,06:08:41.357,kucoinfutures,BTC/USDT:USDT,118800.8,13.0,118800.0,2.0,118800.9,3049.0,118801.0,122.0
1753769321391,06:08:41.391,kucoinfutures,BTC/USDT:USDT,118800.8,23.0,118800.0,2.0,118800.9,3049.0,118801.0,122.0
1753769321393,06:08:41.393,kucoinfutures,BTC/USDT:USDT,118800.8,23.0,118800.0,2.0,118800.9,2974.0,118801.0,122.0
1753769321397,06:08:41.397,kucoinfutures,BTC/USDT:USDT,118800.8,23.0,118800.0,2.0,118800.9,2974.0,118801.0,122.0
1753769321397,06:08:41.397,kucoinfutures,BTC/USDT:USDT,118800.8,23.0,118800.0,2.0,118800.9,2974.0,118801.0,122.0
1753769321402,06:08:41.402,kucoinfutures,BTC/USDT:USDT,118800.8,23.0,118800.0,2.0,118800.9,2974.0,118801.0,122.0
1753769321407,06:08:41.407,kucoinfutures,BTC/USDT:USDT,118800.8,23.0,118800.0,2.0,118800.9,2974.0,118801.0,122.0
1753769321486,06:08:41.486,kucoinfutures,BTC/USDT:USDT,118800.8,23.0,118800.0,2.0,118800.9,2974.0,118801.0,122.0
1753769321486,06:08:41.486,kucoinfutures,BTC/USDT:USDT,118800.8,23.0,118800.0,2.0,118800.9,2974.0,118801.0,122.0
1753769321504,06:08:41.504,kucoinfutures,BTC/USDT:USDT,118800.8,23.0,118800.0,2.0,118800.9,2974.0,118801.0,122.0
1753769321649,06:08:41.649,kucoinfutures,BTC/USDT:USDT,118800.8,23.0,118800.0,2.0,118800.9,2974.0,118801.0,122.0
1753769321762,06:08:41.762,kucoinfutures,BTC/USDT:USDT,118800.8,23.0,118800.0,2.0,118800.9,2974.0,118801.0,122.0
1753769321764,06:08:41.764,kucoinfutures,BTC/USDT:USDT,118800.8,23.0,118800.0,2.0,118800.9,2974.0,118801.0,122.0
1753769321811,06:08:41.811,kucoinfutures,BTC/USDT:USDT,118800.8,23.0,118800.0,2.0,118800.9,2970.0,118801.0,122.0
1753769321816,06:08:41.816,kucoinfutures,BTC/USDT:USDT,118800.8,23.0,118800.0,2.0,118800.9,2970.0,118801.0,122.0
1753769321819,06:08:41.819,kucoinfutures,BTC/USDT:USDT,118800.8,23.0,118800.0,2.0,118800.9,2970.0,118801.0,122.0
1753769321821,06:08:41.821,kucoinfutures,BTC/USDT:USDT,118800.8,23.0,118800.0,2.0,118800.9,2970.0,118801.0,122.0
1753769321833,06:08:41.833,kucoinfutures,BTC/USDT:USDT,118800.8,23.0,118800.0,2.0,118800.9,2970.0,118801.0,122.0
1753769321848,06:08:41.848,kucoinfutures,BTC/USDT:USDT,118800.8,23.0,118800.0,2.0,118800.9,2970.0,118801.0,122.0
1753769321851,06:08:41.851,kucoinfutures,BTC/USDT:USDT,118800.8,23.0,118800.0,2.0,118800.9,2970.0,118801.0,122.0
1753769321861,06:08:41.861,kucoinfutures,BTC/USDT:USDT,118800.8,23.0,118800.0,2.0,118800.9,2970.0,118801.0,122.0
1753769321865,06:08:41.865,kucoinfutures,BTC/USDT:USDT,118800.8,23.0,118800.0,2.0,118800.9,2970.0,118801.0,122.0
1753769321866,06:08:41.866,kucoinfutures,BTC/USDT:USDT,118800.8,23.0,118800.0,2.0,118800.9,2970.0,118801.0,122.0
1753769321899,06:08:41.899,kucoinfutures,BTC/USDT:USDT,118800.8,23.0,118800.0,2.0,118800.9,3045.0,118801.0,122.0
1753769321902,06:08:41.902,kucoinfutures,BTC/USDT:USDT,118800.8,23.0,118800.0,2.0,118800.9,3045.0,118801.0,122.0
1753769321907,06:08:41.907,kucoinfutures,BTC/USDT:USDT,118800.8,23.0,118800.0,2.0,118800.9,2970.0,118801.0,122.0
1753769321914,06:08:41.914,kucoinfutures,BTC/USDT:USDT,118800.8,23.0,118800.0,2.0,118800.9,3045.0,118801.0,122.0
1753769321916,06:08:41.916,kucoinfutures,BTC/USDT:USDT,118800.8,23.0,118800.0,2.0,118800.9,3049.0,118801.0,122.0
1753769321920,06:08:41.920,kucoinfutures,BTC/USDT:USDT,118800.8,23.0,118800.0,2.0,118800.9,3049.0,118801.0,122.0
1753769321926,06:08:41.926,kucoinfutures,BTC/USDT:USDT,118800.8,23.0,118800.0,2.0,118800.9,3049.0,118801.0,122.0
1753769321931,06:08:41.931,kucoinfutures,BTC/USDT:USDT,118800.8,23.0,118800.0,2.0,118800.9,3049.0,118801.0,122.0
1753769321945,06:08:41.945,kucoinfutures,BTC/USDT:USDT,118800.8,23.0,118800.0,2.0,118800.9,3049.0,118801.0,122.0
1753769321952,06:08:41.952,kucoinfutures,BTC/USDT:USDT,118800.8,23.0,118800.0,2.0,118800.9,2974.0,118801.0,122.0
1753769321967,06:08:41.967,kucoinfutures,BTC/USDT:USDT,118800.8,23.0,118800.0,2.0,118800.9,2974.0,118801.0,122.0
1753769321992,06:08:41.992,kucoinfutures,BTC/USDT:USDT,118800.8,23.0,118800.0,2.0,118800.9,3049.0,118801.0,122.0
1753769322023,06:08:42.023,kucoinfutures,BTC/USDT:USDT,118800.8,23.0,118800.0,2.0,118800.9,3049.0,118801.0,122.0
1753769322045,06:08:42.045,kucoinfutures,BTC/USDT:USDT,118800.8,23.0,118800.0,2.0,118800.9,3049.0,118801.0,122.0
1753769322049,06:08:42.049,kucoinfutures,BTC/USDT:USDT,118800.8,13.0,118800.0,2.0,118800.9,3049.0,118801.0,122.0
1753769322052,06:08:42.052,kucoinfutures,BTC/USDT:USDT,118800.8,13.0,118800.0,2.0,118800.9,3049.0,118801.0,122.0
1753769322053,06:08:42.053,kucoinfutures,BTC/USDT:USDT,118800.8,13.0,118800.0,2.0,118800.9,3049.0,118801.0,122.0
1753769322055,06:08:42.055,kucoinfutures,BTC/USDT:USDT,118800.8,13.0,118800.0,2.0,118800.9,3049.0,118801.0,122.0
1753769322062,06:08:42.062,kucoinfutures,BTC/USDT:USDT,118800.8,13.0,118800.0,2.0,118800.9,3049.0,118801.0,122.0
1753769322102,06:08:42.102,kucoinfutures,BTC/USDT:USDT,118800.8,13.0,118800.0,2.0,118800.9,3049.0,118801.0,122.0
1753769322103,06:08:42.103,kucoinfutures,BTC/USDT:USDT,118800.8,13.0,118800.0,2.0,118800.9,3049.0,118801.0,122.0
1753769322104,06:08:42.104,kucoinfutures,BTC/USDT:USDT,118800.8,13.0,118800.0,2.0,118800.9,3049.0,118801.0,122.0
1753769322105,06:08:42.105,kucoinfutures,BTC/USDT:USDT,118800.8,13.0,118800.0,2.0,118800.9,3049.0,118801.0,122.0
1753769322108,06:08:42.108,kucoinfutures,BTC/USDT:USDT,118800.8,13.0,118800.0,2.0,118800.9,3049.0,118801.0,122.0
1753769322113,06:08:42.113,kucoinfutures,BTC/USDT:USDT,118800.8,13.0,118800.0,2.0,118800.9,3049.0,118801.0,122.0
1753769322124,06:08:42.124,kucoinfutures,BTC/USDT:USDT,118800.8,13.0,118800.0,2.0,118800.9,3049.0,118801.0,122.0
1753769322196,06:08:42.196,kucoinfutures,BTC/USDT:USDT,118800.8,13.0,118800.0,2.0,118800.9,3049.0,118801.0,122.0
1753769322229,06:08:42.229,kucoinfutures,BTC/USDT:USDT,118800.8,23.0,118800.0,2.0,118800.9,3049.0,118801.0,122.0
1753769322234,06:08:42.234,kucoinfutures,BTC/USDT:USDT,118800.8,23.0,118800.0,2.0,118800.9,3049.0,118801.0,122.0
1753769322271,06:08:42.271,kucoinfutures,BTC/USDT:USDT,118800.8,23.0,118800.0,2.0,118800.9,3049.0,118801.0,122.0
1753769322311,06:08:42.311,kucoinfutures,BTC/USDT:USDT,118800.8,23.0,118800.0,2.0,118800.9,3049.0,118801.0,122.0
1753769322315,06:08:42.315,kucoinfutures,BTC/USDT:USDT,118800.8,23.0,118800.0,2.0,118800.9,3049.0,118801.0,122.0
1753769322315,06:08:42.315,kucoinfutures,BTC/USDT:USDT,118800.8,23.0,118800.0,2.0,118800.9,3049.0,118801.0,122.0
1753769322330,06:08:42.330,kucoinfutures,BTC/USDT:USDT,118800.8,23.0,118800.0,2.0,118800.9,3049.0,118801.0,122.0
1753769322334,06:08:42.334,kucoinfutures,BTC/USDT:USDT,118800.8,23.0,118800.0,2.0,118800.9,3049.0,118801.0,122.0
1753769322361,06:08:42.361,kucoinfutures,BTC/USDT:USDT,118800.8,23.0,118800.0,2.0,118800.9,3049.0,118801.0,122.0
1753769322511,06:08:42.511,kucoinfutures,BTC/USDT:USDT,118800.8,23.0,118800.0,2.0,118800.9,3049.0,118801.0,122.0
1753769322603,06:08:42.603,kucoinfutures,BTC/USDT:USDT,118800.8,23.0,118800.0,2.0,118800.9,3049.0,118801.0,122.0
1753769322607,06:08:42.607,kucoinfutures,BTC/USDT:USDT,118800.8,23.0,118800.0,2.0,118800.9,3049.0,118801.0,122.0
1753769322611,06:08:42.611,kucoinfutures,BTC/USDT:USDT,118800.8,23.0,118800.0,2.0,118800.9,3049.0,118801.0,122.0
1753769322611,06:08:42.611,kucoinfutures,BTC/USDT:USDT,118800.8,23.0,118800.0,2.0,118800.9,3049.0,118801.0,122.0
1753769322631,06:08:42.631,kucoinfutures,BTC/USDT:USDT,118800.8,23.0,118800.0,2.0,118800.9,3049.0,118801.0,122.0
1753769322635,06:08:42.635,kucoinfutures,BTC/USDT:USDT,118800.8,23.0,118800.0,2.0,118800.9,3049.0,118801.0,122.0
1753769322642,06:08:42.642,kucoinfutures,BTC/USDT:USDT,118800.8,23.0,118800.0,2.0,118800.9,3049.0,118801.0,122.0
1753769322645,06:08:42.645,kucoinfutures,BTC/USDT:USDT,118800.8,23.0,118800.0,2.0,118800.9,3049.0,118801.0,122.0
1753769322647,06:08:42.647,kucoinfutures,BTC/USDT:USDT,118800.8,23.0,118800.0,2.0,118800.9,3049.0,118801.0,122.0
1753769322651,06:08:42.651,kucoinfutures,BTC/USDT:USDT,118800.8,23.0,118800.0,2.0,118800.9,3049.0,118801.0,122.0
1753769322654,06:08:42.654,kucoinfutures,BTC/USDT:USDT,118800.8,23.0,118800.0,2.0,118800.9,3049.0,118801.0,122.0
1753769322668,06:08:42.668,kucoinfutures,BTC/USDT:USDT,118800.8,23.0,118800.0,2.0,118800.9,3049.0,118801.0,122.0
1753769322676,06:08:42.676,kucoinfutures,BTC/USDT:USDT,118800.8,23.0,118800.0,2.0,118800.9,3049.0,118801.0,122.0
1753769322683,06:08:42.683,kucoinfutures,BTC/USDT:USDT,118800.8,13.0,118800.0,2.0,118800.9,3049.0,118801.0,122.0
1753769322688,06:08:42.688,kucoinfutures,BTC/USDT:USDT,118800.8,13.0,118800.0,2.0,118800.9,3049.0,118801.0,122.0
1753769322689,06:08:42.689,kucoinfutures,BTC/USDT:USDT,118800.8,13.0,118800.0,2.0,118800.9,3049.0,118801.0,122.0
1753769322691,06:08:42.691,kucoinfutures,BTC/USDT:USDT,118800.8,13.0,118800.0,2.0,118800.9,3049.0,118801.0,122.0
1753769322693,06:08:42.693,kucoinfutures,BTC/USDT:USDT,118800.8,13.0,118800.0,2.0,118800.9,3049.0,118801.0,122.0
1753769322693,06:08:42.693,kucoinfutures,BTC/USDT:USDT,118800.8,13.0,118800.0,2.0,118800.9,3049.0,118801.0,122.0
1753769322699,06:08:42.699,kucoinfutures,BTC/USDT:USDT,118800.8,13.0,118800.0,2.0,118800.9,3049.0,118801.0,122.0
1753769322706,06:08:42.706,kucoinfutures,BTC/USDT:USDT,118800.8,13.0,118800.0,2.0,118800.9,3049.0,118801.0,122.0
1753769322765,06:08:42.765,kucoinfutures,BTC/USDT:USDT,118800.8,13.0,118800.0,2.0,118800.9,3049.0,118801.0,122.0
1753769322785,06:08:42.785,kucoinfutures,BTC/USDT:USDT,118800.8,13.0,118800.0,2.0,118800.9,3049.0,118801.0,122.0
1753769322807,06:08:42.807,kucoinfutures,BTC/USDT:USDT,118800.8,13.0,118800.0,2.0,118800.9,3049.0,118801.0,122.0
1753769322900,06:08:42.900,kucoinfutures,BTC/USDT:USDT,118800.8,13.0,118800.0,2.0,118800.9,3049.0,118801.0,122.0
1753769322904,06:08:42.904,kucoinfutures,BTC/USDT:USDT,118800.8,13.0,118800.0,2.0,118800.9,3049.0,118801.0,122.0
1753769322907,06:08:42.907,kucoinfutures,BTC/USDT:USDT,118800.8,13.0,118800.0,2.0,118800.9,3049.0,118801.0,122.0
1753769322912,06:08:42.912,kucoinfutures,BTC/USDT:USDT,118800.8,13.0,118800.0,2.0,118800.9,3049.0,118801.0,122.0
1753769322986,06:08:42.986,kucoinfutures,BTC/USDT:USDT,118800.8,13.0,118800.0,2.0,118800.9,3049.0,118801.0,122.0
1753769323006,06:08:43.006,kucoinfutures,BTC/USDT:USDT,118800.8,13.0,118800.0,2.0,118800.9,3049.0,118801.0,122.0
1753769323006,06:08:43.006,kucoinfutures,BTC/USDT:USDT,118800.8,13.0,118800.0,2.0,118800.9,3049.0,118801.0,122.0
1753769323009,06:08:43.009,kucoinfutures,BTC/USDT:USDT,118800.8,13.0,118800.0,2.0,118800.9,3049.0,118801.0,122.0
1753769323010,06:08:43.010,kucoinfutures,BTC/USDT:USDT,118800.8,13.0,118800.0,2.0,118800.9,3049.0,118801.0,122.0
1753769323014,06:08:43.014,kucoinfutures,BTC/USDT:USDT,118800.8,13.0,118800.0,2.0,118800.9,3049.0,118801.0,122.0
1753769323080,06:08:43.080,kucoinfutures,BTC/USDT:USDT,118800.8,13.0,118800.0,2.0,118800.9,3049.0,118801.0,122.0
1753769323081,06:08:43.081,kucoinfutures,BTC/USDT:USDT,118800.8,13.0,118800.0,2.0,118800.9,3049.0,118801.0,122.0
1753769323096,06:08:43.096,kucoinfutures,BTC/USDT:USDT,118800.8,13.0,118800.0,2.0,118800.9,3049.0,118801.0,122.0
1753769323098,06:08:43.098,kucoinfutures,BTC/USDT:USDT,118800.8,13.0,118800.0,2.0,118800.9,3049.0,118801.0,122.0
1753769323106,06:08:43.106,kucoinfutures,BTC/USDT:USDT,118800.8,13.0,118800.0,2.0,118800.9,3049.0,118801.0,122.0
1753769323107,06:08:43.107,kucoinfutures,BTC/USDT:USDT,118800.8,13.0,118800.0,2.0,118800.9,3049.0,118801.0,122.0
1753769323111,06:08:43.111,kucoinfutures,BTC/USDT:USDT,118800.8,13.0,118800.0,2.0,118800.9,3049.0,118801.0,122.0
1753769323144,06:08:43.144,kucoinfutures,BTC/USDT:USDT,118800.8,13.0,118800.0,2.0,118800.9,3049.0,118801.0,122.0
1753769323150,06:08:43.150,kucoinfutures,BTC/USDT:USDT,118800.8,13.0,118800.0,2.0,118800.9,3049.0,118801.0,122.0
1753769323205,06:08:43.205,kucoinfutures,BTC/USDT:USDT,118800.8,13.0,118800.0,2.0,118800.9,3049.0,118801.0,122.0
1753769323207,06:08:43.207,kucoinfutures,BTC/USDT:USDT,118800.8,13.0,118800.0,2.0,118800.9,3049.0,118801.0,122.0
1753769323211,06:08:43.211,kucoinfutures,BTC/USDT:USDT,118800.8,13.0,118800.0,2.0,118800.9,3049.0,118801.0,122.0
1753769323250,06:08:43.250,kucoinfutures,BTC/USDT:USDT,118800.8,13.0,118800.0,2.0,118800.9,3049.0,118801.0,122.0
1753769323250,06:08:43.250,kucoinfutures,BTC/USDT:USDT,118800.8,13.0,118800.0,2.0,118800.9,3049.0,118801.0,122.0
1753769323252,06:08:43.252,kucoinfutures,BTC/USDT:USDT,118800.8,13.0,118800.0,2.0,118800.9,3049.0,118801.0,122.0
1753769323252,06:08:43.252,kucoinfutures,BTC/USDT:USDT,118800.8,13.0,118800.0,2.0,118800.9,3049.0,118801.0,122.0
1753769323254,06:08:43.254,kucoinfutures,BTC/USDT:USDT,118800.8,13.0,118800.0,2.0,118800.9,3049.0,118801.0,122.0
1753769323260,06:08:43.260,kucoinfutures,BTC/USDT:USDT,118800.8,13.0,118800.0,2.0,118800.9,3049.0,118801.0,122.0
1753769323306,06:08:43.306,kucoinfutures,BTC/USDT:USDT,118800.8,13.0,118800.0,2.0,118800.9,3049.0,118801.0,122.0
1753769323311,06:08:43.311,kucoinfutures,BTC/USDT:USDT,118800.8,13.0,118800.0,2.0,118800.9,3049.0,118801.0,122.0
1753769323315,06:08:43.315,kucoinfutures,BTC/USDT:USDT,118800.8,13.0,118800.0,2.0,118800.9,3049.0,118801.0,122.0
1753769323315,06:08:43.315,kucoinfutures,BTC/USDT:USDT,118800.8,13.0,118800.0,2.0,118800.9,3049.0,118801.0,122.0
1753769323315,06:08:43.315,kucoinfutures,BTC/USDT:USDT,118800.8,13.0,118800.0,2.0,118800.9,3049.0,118801.0,122.0
1753769323322,06:08:43.322,kucoinfutures,BTC/USDT:USDT,118800.8,13.0,118800.0,2.0,118800.9,3049.0,118801.0,122.0
1753769323329,06:08:43.329,kucoinfutures,BTC/USDT:USDT,118800.8,13.0,118800.0,2.0,118800.9,3049.0,118801.0,122.0
1753769323330,06:08:43.330,kucoinfutures,BTC/USDT:USDT,118800.8,13.0,118800.0,2.0,118800.9,3049.0,118801.0,122.0
1753769323378,06:08:43.378,kucoinfutures,BTC/USDT:USDT,118800.8,13.0,118800.0,2.0,118800.9,3049.0,118801.0,122.0
1753769323385,06:08:43.385,kucoinfutures,BTC/USDT:USDT,118800.8,13.0,118800.0,2.0,118800.9,3049.0,118801.0,122.0
1753769323395,06:08:43.395,kucoinfutures,BTC/USDT:USDT,118800.8,13.0,118800.0,2.0,118800.9,3049.0,118801.0,122.0
1753769323406,06:08:43.406,kucoinfutures,BTC/USDT:USDT,118800.8,13.0,118800.0,2.0,118800.9,3049.0,118801.0,122.0
1753769323406,06:08:43.406,kucoinfutures,BTC/USDT:USDT,118800.8,13.0,118800.0,2.0,118800.9,3049.0,118801.0,122.0
1753769323411,06:08:43.411,kucoinfutures,BTC/USDT:USDT,118800.8,13.0,118800.0,2.0,118800.9,3049.0,118801.0,122.0
1753769323438,06:08:43.438,kucoinfutures,BTC/USDT:USDT,118800.8,13.0,118800.0,2.0,118800.9,3049.0,118801.0,122.0
1753769323439,06:08:43.439,kucoinfutures,BTC/USDT:USDT,118800.8,13.0,118800.0,2.0,118800.9,3049.0,118801.0,122.0
1753769323439,06:08:43.439,kucoinfutures,BTC/USDT:USDT,118800.8,13.0,118800.0,2.0,118800.9,3049.0,118801.0,122.0
1753769323443,06:08:43.443,kucoinfutures,BTC/USDT:USDT,118800.8,13.0,118800.0,2.0,118800.9,3049.0,118801.0,122.0
1753769323447,06:08:43.447,kucoinfutures,BTC/USDT:USDT,118800.8,13.0,118800.0,2.0,118800.9,3049.0,118801.0,122.0
1753769323478,06:08:43.478,kucoinfutures,BTC/USDT:USDT,118800.8,13.0,118800.0,2.0,118800.9,3049.0,118801.0,122.0
1753769323650,06:08:43.650,kucoinfutures,BTC/USDT:USDT,118800.8,13.0,118800.0,2.0,118800.9,3049.0,118801.0,122.0
1753769323690,06:08:43.690,kucoinfutures,BTC/USDT:USDT,118800.8,13.0,118800.0,2.0,118800.9,3049.0,118801.0,122.0
1753769323811,06:08:43.811,kucoinfutures,BTC/USDT:USDT,118800.8,23.0,118800.0,2.0,118800.9,3049.0,118801.0,122.0
1753769323906,06:08:43.906,kucoinfutures,BTC/USDT:USDT,118800.8,23.0,118800.0,2.0,118800.9,3049.0,118801.0,122.0
1753769323908,06:08:43.908,kucoinfutures,BTC/USDT:USDT,118800.8,23.0,118800.0,2.0,118800.9,3049.0,118801.0,122.0
1753769323909,06:08:43.909,kucoinfutures,BTC/USDT:USDT,118800.8,23.0,118800.0,2.0,118800.9,3049.0,118801.0,122.0
1753769323981,06:08:43.981,kucoinfutures,BTC/USDT:USDT,118800.8,23.0,118800.0,2.0,118800.9,3049.0,118801.0,122.0
1753769323983,06:08:43.983,kucoinfutures,BTC/USDT:USDT,118800.8,23.0,118800.0,2.0,118800.9,3049.0,118801.0,122.0
1753769324112,06:08:44.112,kucoinfutures,BTC/USDT:USDT,118800.8,23.0,118800.0,2.0,118800.9,3049.0,118801.0,122.0
1753769324210,06:08:44.210,kucoinfutures,BTC/USDT:USDT,118800.8,23.0,118800.0,2.0,118800.9,3049.0,118801.0,122.0
1753769324245,06:08:44.245,kucoinfutures,BTC/USDT:USDT,118800.8,23.0,118800.0,2.0,118800.9,3049.0,118801.0,122.0
1753769324282,06:08:44.282,kucoinfutures,BTC/USDT:USDT,118800.8,23.0,118800.0,2.0,118800.9,3049.0,118801.0,122.0
1753769324305,06:08:44.305,kucoinfutures,BTC/USDT:USDT,118800.8,23.0,118800.0,2.0,118800.9,3049.0,118801.0,122.0
1753769324307,06:08:44.307,kucoinfutures,BTC/USDT:USDT,118800.8,23.0,118800.0,2.0,118800.9,3049.0,118801.0,122.0
1753769324311,06:08:44.311,kucoinfutures,BTC/USDT:USDT,118800.8,23.0,118800.0,2.0,118800.9,3049.0,118801.0,122.0
1753769324314,06:08:44.314,kucoinfutures,BTC/USDT:USDT,118800.8,23.0,118800.0,2.0,118800.9,3049.0,118801.0,122.0
1753769324316,06:08:44.316,kucoinfutures,BTC/USDT:USDT,118800.8,23.0,118800.0,2.0,118800.9,3049.0,118801.0,122.0
1753769324330,06:08:44.330,kucoinfutures,BTC/USDT:USDT,118800.8,23.0,118800.0,2.0,118800.9,3049.0,118801.0,122.0
1753769324332,06:08:44.332,kucoinfutures,BTC/USDT:USDT,118800.8,23.0,118800.0,2.0,118800.9,3045.0,118801.0,122.0
1753769324332,06:08:44.332,kucoinfutures,BTC/USDT:USDT,118800.8,23.0,118800.0,2.0,118800.9,3045.0,118801.0,122.0
1753769324407,06:08:44.407,kucoinfutures,BTC/USDT:USDT,118800.8,23.0,118800.0,2.0,118800.9,3045.0,118801.0,122.0
1753769324407,06:08:44.407,kucoinfutures,BTC/USDT:USDT,118800.8,23.0,118800.0,2.0,118800.9,3045.0,118801.0,122.0
1753769324412,06:08:44.412,kucoinfutures,BTC/USDT:USDT,118800.8,23.0,118800.0,2.0,118800.9,3045.0,118801.0,122.0
1753769324415,06:08:44.415,kucoinfutures,BTC/USDT:USDT,118800.8,23.0,118800.0,2.0,118800.9,3045.0,118801.0,122.0
1753769324506,06:08:44.506,kucoinfutures,BTC/USDT:USDT,118800.8,23.0,118800.0,2.0,118800.9,3045.0,118801.0,122.0
