timestamp,time,exchange,symbol,bid1_price,bid1_volume,bid2_price,bid2_volume,ask1_price,ask1_volume,ask2_price,ask2_volume
1753769524664,06:12:04.664,bitmex,XRP/USDT:USDT,3.1396,14600.0,3.1395,3100.0,3.1409,32300.0,3.141,116400.0
1753769524714,06:12:04.714,bitmex,XRP/USDT:USDT,3.1396,14600.0,3.1395,3100.0,3.1409,32300.0,3.141,116400.0
1753769524763,06:12:04.763,bitmex,XRP/USDT:USDT,3.1396,14600.0,3.1395,3100.0,3.1409,32300.0,3.141,230800.0
1753769524812,06:12:04.812,bitmex,XRP/USDT:USDT,3.1396,14600.0,3.1395,3100.0,3.1409,32300.0,3.141,230800.0
1753769524861,06:12:04.861,bitmex,XRP/USDT:USDT,3.1396,14600.0,3.1395,3100.0,3.1409,32300.0,3.141,116400.0
1753769525037,06:12:05.037,bitmex,XRP/USDT:USDT,3.1396,14600.0,3.1395,3100.0,3.1409,32300.0,3.141,116400.0
1753769525087,06:12:05.087,bitmex,XRP/USDT:USDT,3.1396,14600.0,3.1395,3100.0,3.1409,32300.0,3.141,116400.0
1753769525246,06:12:05.246,bitmex,XRP/USDT:USDT,3.1396,14600.0,3.1395,3100.0,3.1409,32300.0,3.141,116400.0
1753769525295,06:12:05.295,bitmex,XRP/USDT:USDT,3.1396,14600.0,3.1395,3100.0,3.1409,32300.0,3.141,230800.0
1753769525394,06:12:05.394,bitmex,XRP/USDT:USDT,3.1396,14600.0,3.1395,3100.0,3.1409,32300.0,3.141,230800.0
1753769525443,06:12:05.443,bitmex,XRP/USDT:USDT,3.1396,14600.0,3.1395,3100.0,3.1409,32300.0,3.141,116400.0
1753769525492,06:12:05.492,bitmex,XRP/USDT:USDT,3.1396,14600.0,3.1395,3100.0,3.1409,32300.0,3.141,116400.0
1753769526008,06:12:06.008,bitmex,XRP/USDT:USDT,3.1396,14600.0,3.1395,3100.0,3.1409,32300.0,3.141,226300.0
1753769526057,06:12:06.057,bitmex,XRP/USDT:USDT,3.1396,14600.0,3.1395,3100.0,3.1409,32300.0,3.141,226300.0
1753769526436,06:12:06.436,bitmex,XRP/USDT:USDT,3.1396,14600.0,3.1395,3100.0,3.1409,32300.0,3.141,226300.0
1753769526485,06:12:06.485,bitmex,XRP/USDT:USDT,3.1396,14600.0,3.1395,3100.0,3.1409,32300.0,3.141,226300.0
1753769527475,06:12:07.475,bitmex,XRP/USDT:USDT,3.1396,14600.0,3.1395,3100.0,3.1409,32300.0,3.141,226300.0
1753769527525,06:12:07.525,bitmex,XRP/USDT:USDT,3.1396,14600.0,3.1395,3100.0,3.1409,32300.0,3.141,226300.0
1753769527647,06:12:07.647,bitmex,XRP/USDT:USDT,3.1396,14600.0,3.1395,3100.0,3.1409,32300.0,3.141,226300.0
1753769527746,06:12:07.746,bitmex,XRP/USDT:USDT,3.1396,14600.0,3.1395,3100.0,3.1409,32300.0,3.141,226300.0
1753769528458,06:12:08.458,bitmex,XRP/USDT:USDT,3.1396,14600.0,3.1395,3100.0,3.1409,32300.0,3.141,226300.0
1753769528507,06:12:08.507,bitmex,XRP/USDT:USDT,3.1396,14600.0,3.1395,3100.0,3.1409,32300.0,3.141,226300.0
1753769528651,06:12:08.651,bitmex,XRP/USDT:USDT,3.1396,14600.0,3.1395,3100.0,3.1409,32300.0,3.141,226300.0
1753769528727,06:12:08.727,bitmex,XRP/USDT:USDT,3.1396,14600.0,3.1395,3100.0,3.1409,32300.0,3.141,226300.0
1753769528777,06:12:08.777,bitmex,XRP/USDT:USDT,3.1396,14600.0,3.1395,3100.0,3.1409,32300.0,3.141,226300.0
1753769528904,06:12:08.904,bitmex,XRP/USDT:USDT,3.1396,14600.0,3.1395,3100.0,3.1409,32300.0,3.141,226300.0
1753769528953,06:12:08.953,bitmex,XRP/USDT:USDT,3.1396,14600.0,3.1395,3100.0,3.1409,32300.0,3.141,226300.0
1753769529002,06:12:09.002,bitmex,XRP/USDT:USDT,3.1396,14600.0,3.1395,3100.0,3.1409,47300.0,3.141,226300.0
1753769529140,06:12:09.140,bitmex,XRP/USDT:USDT,3.1396,14600.0,3.1395,3100.0,3.1409,47300.0,3.141,226300.0
1753769530098,06:12:10.098,bitmex,XRP/USDT:USDT,3.1396,14600.0,3.1395,3100.0,3.1409,47300.0,3.141,226300.0
1753769530156,06:12:10.156,bitmex,XRP/USDT:USDT,3.1396,14600.0,3.1395,3100.0,3.1409,47300.0,3.141,226300.0
1753769530241,06:12:10.241,bitmex,XRP/USDT:USDT,3.1397,7700.0,3.1396,14600.0,3.1409,47300.0,3.141,226300.0
1753769530290,06:12:10.290,bitmex,XRP/USDT:USDT,3.1404,7700.0,3.1399,15200.0,3.141,226300.0,3.1411,15000.0
1753769530339,06:12:10.339,bitmex,XRP/USDT:USDT,3.1404,7700.0,3.14,15800.0,3.1409,32300.0,3.141,226300.0
1753769530388,06:12:10.388,bitmex,XRP/USDT:USDT,3.1404,7700.0,3.14,15800.0,3.1409,32300.0,3.141,226300.0
1753769530437,06:12:10.437,bitmex,XRP/USDT:USDT,3.1404,7700.0,3.14,15800.0,3.1409,32300.0,3.141,226300.0
1753769531293,06:12:11.293,bitmex,XRP/USDT:USDT,3.1409,7700.0,3.1404,11300.0,3.141,107600.0,3.1414,218600.0
1753769531414,06:12:11.414,bitmex,XRP/USDT:USDT,3.1409,7700.0,3.1404,11300.0,3.141,107600.0,3.1414,218600.0
1753769531464,06:12:11.464,bitmex,XRP/USDT:USDT,3.1409,7700.0,3.1404,11300.0,3.141,107600.0,3.1414,218600.0
1753769531611,06:12:11.611,bitmex,XRP/USDT:USDT,3.1409,7700.0,3.1404,11300.0,3.141,107600.0,3.1414,218600.0
1753769531660,06:12:11.660,bitmex,XRP/USDT:USDT,3.1409,7700.0,3.1404,11300.0,3.141,107600.0,3.1414,218600.0
1753769531920,06:12:11.920,bitmex,XRP/USDT:USDT,3.1403,15200.0,3.14,36800.0,3.141,107600.0,3.1414,203400.0
1753769532310,06:12:12.310,bitmex,XRP/USDT:USDT,3.1403,15200.0,3.14,36800.0,3.141,107600.0,3.1414,218600.0
1753769532359,06:12:12.359,bitmex,XRP/USDT:USDT,3.1403,15200.0,3.14,36800.0,3.141,107600.0,3.1414,218600.0
1753769532408,06:12:12.408,bitmex,XRP/USDT:USDT,3.14,52000.0,3.1399,107500.0,3.141,107600.0,3.1412,15200.0
1753769532457,06:12:12.457,bitmex,XRP/USDT:USDT,3.14,52000.0,3.1399,107500.0,3.141,107600.0,3.1412,15200.0
1753769532507,06:12:12.507,bitmex,XRP/USDT:USDT,3.14,52000.0,3.1399,107500.0,3.141,107600.0,3.1412,15200.0
1753769532556,06:12:12.556,bitmex,XRP/USDT:USDT,3.14,52000.0,3.1399,107500.0,3.141,107600.0,3.1412,15200.0
1753769532605,06:12:12.605,bitmex,XRP/USDT:USDT,3.1403,7700.0,3.1402,7700.0,3.1412,15200.0,3.1414,218600.0
1753769532654,06:12:12.654,bitmex,XRP/USDT:USDT,3.1407,7700.0,3.1401,15200.0,3.1412,15200.0,3.1414,218600.0
1753769532703,06:12:12.703,bitmex,XRP/USDT:USDT,3.1407,7700.0,3.1402,15800.0,3.1411,36800.0,3.1412,122700.0
1753769533636,06:12:13.636,bitmex,XRP/USDT:USDT,3.1407,7700.0,3.1402,15800.0,3.1411,36800.0,3.1412,122700.0
1753769533847,06:12:13.847,bitmex,XRP/USDT:USDT,3.1407,7700.0,3.1402,15800.0,3.1411,36800.0,3.1412,107500.0
1753769533897,06:12:13.897,bitmex,XRP/USDT:USDT,3.1407,7700.0,3.1402,15800.0,3.1411,36800.0,3.1412,107500.0
1753769534130,06:12:14.130,bitmex,XRP/USDT:USDT,3.1407,7700.0,3.1402,15800.0,3.1412,107500.0,3.1414,218600.0
1753769534180,06:12:14.180,bitmex,XRP/USDT:USDT,3.1408,7700.0,3.1403,11300.0,3.1412,107500.0,3.1414,203400.0
1753769534229,06:12:14.229,bitmex,XRP/USDT:USDT,3.1408,7700.0,3.1403,11300.0,3.1412,107500.0,3.1414,203400.0
1753769534278,06:12:14.278,bitmex,XRP/USDT:USDT,3.1408,7700.0,3.1403,11300.0,3.1412,107500.0,3.1414,203400.0
1753769534327,06:12:14.327,bitmex,XRP/USDT:USDT,3.1408,7700.0,3.1403,11300.0,3.1412,107500.0,3.1414,203400.0
1753769534376,06:12:14.376,bitmex,XRP/USDT:USDT,3.1408,7700.0,3.1403,11300.0,3.1412,107500.0,3.1414,203400.0
1753769534448,06:12:14.448,bitmex,XRP/USDT:USDT,3.1408,7700.0,3.1403,11300.0,3.1412,107500.0,3.1414,203400.0
1753769534497,06:12:14.497,bitmex,XRP/USDT:USDT,3.1408,7700.0,3.1403,11300.0,3.1412,107500.0,3.1414,203400.0
1753769535213,06:12:15.213,bitmex,XRP/USDT:USDT,3.1408,7700.0,3.1403,11300.0,3.1412,107500.0,3.1414,218600.0
1753769535262,06:12:15.262,bitmex,XRP/USDT:USDT,3.1401,15200.0,3.14,36800.0,3.1412,107500.0,3.1414,218600.0
1753769535541,06:12:15.541,bitmex,XRP/USDT:USDT,3.1401,15200.0,3.14,36800.0,3.1412,107500.0,3.1414,218600.0
1753769535861,06:12:15.861,bitmex,XRP/USDT:USDT,3.1401,15200.0,3.14,36800.0,3.1412,107500.0,3.1414,203400.0
1753769535910,06:12:15.910,bitmex,XRP/USDT:USDT,3.1401,15200.0,3.14,36800.0,3.1412,107500.0,3.1414,218600.0
1753769536224,06:12:16.224,bitmex,XRP/USDT:USDT,3.1401,15200.0,3.14,36800.0,3.1412,107500.0,3.1414,203400.0
1753769536395,06:12:16.395,bitmex,XRP/USDT:USDT,3.1401,15200.0,3.14,36800.0,3.1412,107500.0,3.1414,203400.0
1753769536567,06:12:16.567,bitmex,XRP/USDT:USDT,3.1401,15200.0,3.14,36800.0,3.1412,107500.0,3.1414,203400.0
1753769537905,06:12:17.905,bitmex,XRP/USDT:USDT,3.1407,15200.0,3.1405,37500.0,3.1418,107500.0,3.142,372900.0
1753769537955,06:12:17.955,bitmex,XRP/USDT:USDT,3.1414,7700.0,3.1408,37500.0,3.1418,107500.0,3.1419,370000.0
1753769538004,06:12:18.004,bitmex,XRP/USDT:USDT,3.1414,7700.0,3.1408,37500.0,3.1418,107500.0,3.142,372900.0
1753769538080,06:12:18.080,bitmex,XRP/USDT:USDT,3.1414,7700.0,3.1408,37500.0,3.1418,107500.0,3.142,372900.0
1753769538130,06:12:18.130,bitmex,XRP/USDT:USDT,3.1414,7700.0,3.1408,37500.0,3.1418,107500.0,3.142,370000.0
1753769538179,06:12:18.179,bitmex,XRP/USDT:USDT,3.1414,7700.0,3.1408,37500.0,3.1418,107500.0,3.142,370000.0
1753769538541,06:12:18.541,bitmex,XRP/USDT:USDT,3.1414,7700.0,3.1409,11300.0,3.1418,107500.0,3.142,370000.0
1753769538773,06:12:18.773,bitmex,XRP/USDT:USDT,3.1414,7700.0,3.1408,37500.0,3.1418,107500.0,3.142,370000.0
1753769539214,06:12:19.214,bitmex,XRP/USDT:USDT,3.1413,7700.0,3.1406,14900.0,3.1418,3981400.0,3.1419,388100.0
1753769539264,06:12:19.264,bitmex,XRP/USDT:USDT,3.1413,7700.0,3.1407,37500.0,3.1418,477500.0,3.1419,3889100.0
1753769539411,06:12:19.411,bitmex,XRP/USDT:USDT,3.1413,7700.0,3.1407,37500.0,3.1418,107500.0,3.142,379800.0
1753769539509,06:12:19.509,bitmex,XRP/USDT:USDT,3.1413,7700.0,3.1408,15700.0,3.1418,107500.0,3.1419,370000.0
1753769539558,06:12:19.558,bitmex,XRP/USDT:USDT,3.1413,7700.0,3.1408,15700.0,3.1418,107500.0,3.1419,370000.0
1753769539607,06:12:19.607,bitmex,XRP/USDT:USDT,3.1413,7700.0,3.1408,15700.0,3.1418,107500.0,3.1419,370000.0
1753769539656,06:12:19.656,bitmex,XRP/USDT:USDT,3.1413,7700.0,3.1408,15700.0,3.1418,157400.0,3.1419,370000.0
1753769539705,06:12:19.705,bitmex,XRP/USDT:USDT,3.1413,7700.0,3.1408,15700.0,3.1418,107500.0,3.1419,102600.0
1753769540380,06:12:20.380,bitmex,XRP/USDT:USDT,3.1416,7700.0,3.141,37500.0,3.1418,107500.0,3.1419,102600.0
1753769540502,06:12:20.502,bitmex,XRP/USDT:USDT,3.1416,7700.0,3.141,37500.0,3.1418,107500.0,3.1419,102600.0
1753769540552,06:12:20.552,bitmex,XRP/USDT:USDT,3.1416,7700.0,3.1411,11300.0,3.1418,107500.0,3.142,481900.0
1753769540895,06:12:20.895,bitmex,XRP/USDT:USDT,3.1417,7700.0,3.1416,7700.0,3.1418,107500.0,3.1422,370000.0
1753769540944,06:12:20.944,bitmex,XRP/USDT:USDT,3.1417,7700.0,3.1411,63700.0,3.1418,107500.0,3.1423,372900.0
1753769540993,06:12:20.993,bitmex,XRP/USDT:USDT,3.1417,7700.0,3.1411,52400.0,3.1418,107500.0,3.1423,372900.0
1753769541042,06:12:21.042,bitmex,XRP/USDT:USDT,3.1417,7700.0,3.1411,52400.0,3.1418,107500.0,3.1423,372900.0
1753769541091,06:12:21.091,bitmex,XRP/USDT:USDT,3.1417,7700.0,3.1411,52400.0,3.1418,107500.0,3.1423,372900.0
1753769541486,06:12:21.486,bitmex,XRP/USDT:USDT,3.1417,7700.0,3.1411,52400.0,3.1418,107500.0,3.1422,14900.0
1753769541535,06:12:21.535,bitmex,XRP/USDT:USDT,3.1417,7700.0,3.1412,15700.0,3.1418,107500.0,3.1422,227700.0
1753769541739,06:12:21.739,bitmex,XRP/USDT:USDT,3.1417,7700.0,3.1412,15700.0,3.1418,107500.0,3.1422,212800.0
1753769541788,06:12:21.788,bitmex,XRP/USDT:USDT,3.1417,7700.0,3.1412,15700.0,3.1418,107500.0,3.1422,212800.0
1753769542399,06:12:22.399,bitmex,XRP/USDT:USDT,3.1408,14900.0,3.1407,3100.0,3.1419,47200.0,3.142,107500.0
1753769542595,06:12:22.595,bitmex,XRP/USDT:USDT,3.1414,7700.0,3.1409,15700.0,3.1419,32300.0,3.142,107500.0
1753769542666,06:12:22.666,bitmex,XRP/USDT:USDT,3.1414,7700.0,3.1409,15700.0,3.1419,32300.0,3.142,107500.0
1753769543171,06:12:23.171,bitmex,XRP/USDT:USDT,3.1414,7700.0,3.1409,15700.0,3.1419,32300.0,3.142,107500.0
1753769543659,06:12:23.659,bitmex,XRP/USDT:USDT,3.1414,7700.0,3.1409,15700.0,3.1419,32300.0,3.142,107500.0
1753769543941,06:12:23.941,bitmex,XRP/USDT:USDT,3.1409,15700.0,3.1408,52400.0,3.1419,32300.0,3.142,107500.0
1753769543991,06:12:23.991,bitmex,XRP/USDT:USDT,3.1415,7700.0,3.1407,35400.0,3.1419,32300.0,3.142,107500.0
1753769544040,06:12:24.040,bitmex,XRP/USDT:USDT,3.1415,7700.0,3.141,11300.0,3.1419,32300.0,3.142,107500.0
1753769544093,06:12:24.093,bitmex,XRP/USDT:USDT,3.1415,7700.0,3.141,11300.0,3.1419,32300.0,3.142,107500.0
1753769544154,06:12:24.154,bitmex,XRP/USDT:USDT,3.1415,7700.0,3.141,11300.0,3.1419,47200.0,3.142,107500.0
1753769544226,06:12:24.226,bitmex,XRP/USDT:USDT,3.1415,7700.0,3.141,11300.0,3.1419,47200.0,3.142,107500.0
1753769544388,06:12:24.388,bitmex,XRP/USDT:USDT,3.1415,7700.0,3.141,11300.0,3.1419,32300.0,3.142,107500.0
1753769544510,06:12:24.510,bitmex,XRP/USDT:USDT,3.1415,7700.0,3.141,11300.0,3.1419,32300.0,3.142,107500.0
1753769544560,06:12:24.560,bitmex,XRP/USDT:USDT,3.1415,7700.0,3.141,11300.0,3.1419,47200.0,3.142,107500.0
1753769544882,06:12:24.882,bitmex,XRP/USDT:USDT,3.1415,7700.0,3.141,11300.0,3.1419,47200.0,3.142,107500.0
1753769544932,06:12:24.932,bitmex,XRP/USDT:USDT,3.1415,7700.0,3.141,11300.0,3.1419,47200.0,3.142,107500.0
1753769545053,06:12:25.053,bitmex,XRP/USDT:USDT,3.141,11300.0,3.1409,37500.0,3.1419,47200.0,3.142,107500.0
1753769545263,06:12:25.263,bitmex,XRP/USDT:USDT,3.1409,7700.0,3.1408,22600.0,3.1418,14900.0,3.1419,32300.0
1753769545312,06:12:25.312,bitmex,XRP/USDT:USDT,3.1412,7700.0,3.1409,14900.0,3.1419,32300.0,3.142,107500.0
1753769545361,06:12:25.361,bitmex,XRP/USDT:USDT,3.1412,7700.0,3.1409,14900.0,3.1419,32300.0,3.142,107500.0
1753769545410,06:12:25.410,bitmex,XRP/USDT:USDT,3.1412,7700.0,3.1409,14900.0,3.1419,32300.0,3.142,107500.0
1753769545516,06:12:25.516,bitmex,XRP/USDT:USDT,3.1412,7700.0,3.1409,14900.0,3.1419,32300.0,3.142,107500.0
1753769545863,06:12:25.863,bitmex,XRP/USDT:USDT,3.1412,7700.0,3.1409,14900.0,3.1419,32300.0,3.142,107500.0
1753769547450,06:12:27.450,bitmex,XRP/USDT:USDT,3.1412,7700.0,3.1407,32300.0,3.1419,32300.0,3.142,107500.0
1753769547499,06:12:27.499,bitmex,XRP/USDT:USDT,3.1415,7700.0,3.1407,32300.0,3.1419,32300.0,3.142,107500.0
1753769547548,06:12:27.548,bitmex,XRP/USDT:USDT,3.1415,7700.0,3.1409,52400.0,3.1419,32300.0,3.142,107500.0
1753769547646,06:12:27.646,bitmex,XRP/USDT:USDT,3.1415,7700.0,3.1409,52400.0,3.1419,47200.0,3.142,107500.0
1753769547695,06:12:27.695,bitmex,XRP/USDT:USDT,3.1415,7700.0,3.1409,37500.0,3.1418,14900.0,3.1419,32300.0
1753769547811,06:12:27.811,bitmex,XRP/USDT:USDT,3.1415,7700.0,3.1409,52400.0,3.1419,32300.0,3.142,107500.0
1753769547860,06:12:27.860,bitmex,XRP/USDT:USDT,3.1415,7700.0,3.1409,52400.0,3.1419,47200.0,3.142,107500.0
1753769548455,06:12:28.455,bitmex,XRP/USDT:USDT,3.1415,7700.0,3.1409,52400.0,3.1418,14900.0,3.1419,47200.0
1753769548504,06:12:28.504,bitmex,XRP/USDT:USDT,3.1415,7700.0,3.141,11300.0,3.1418,14900.0,3.1419,32300.0
1753769548737,06:12:28.737,bitmex,XRP/USDT:USDT,3.1407,50300.0,3.1406,107500.0,3.1418,14900.0,3.1419,32300.0
1753769549038,06:12:29.038,bitmex,XRP/USDT:USDT,3.1407,50300.0,3.1406,107500.0,3.1418,14900.0,3.1419,32300.0
1753769549087,06:12:29.087,bitmex,XRP/USDT:USDT,3.1407,50300.0,3.1406,107500.0,3.1418,14900.0,3.1419,32300.0
1753769550184,06:12:30.184,bitmex,XRP/USDT:USDT,3.1407,47300.0,3.1406,107500.0,3.1418,14900.0,3.1419,32300.0
1753769550233,06:12:30.233,bitmex,XRP/USDT:USDT,3.1407,47300.0,3.1406,107500.0,3.1418,14900.0,3.1419,32300.0
1753769550331,06:12:30.331,bitmex,XRP/USDT:USDT,3.1415,7700.0,3.1409,37500.0,3.1418,15000.0,3.1419,32300.0
1753769552203,06:12:32.203,bitmex,XRP/USDT:USDT,3.1423,7700.0,3.1418,11300.0,3.1428,477500.0,3.1429,372900.0
1753769553105,06:12:33.105,bitmex,XRP/USDT:USDT,3.1425,7700.0,3.1417,15000.0,3.1428,476500.0,3.1429,372900.0
1753769553154,06:12:33.154,bitmex,XRP/USDT:USDT,3.1425,7700.0,3.142,11300.0,3.1428,476500.0,3.1429,372900.0
1753769553203,06:12:33.203,bitmex,XRP/USDT:USDT,3.1425,7700.0,3.142,11300.0,3.1428,476500.0,3.1429,372900.0
1753769553805,06:12:33.805,bitmex,XRP/USDT:USDT,3.1427,7700.0,3.1423,15000.0,3.1428,106500.0,3.1431,370000.0
1753769553854,06:12:33.854,bitmex,XRP/USDT:USDT,3.1427,7700.0,3.1423,15000.0,3.1431,370000.0,3.1432,372900.0
1753769553912,06:12:33.912,bitmex,XRP/USDT:USDT,3.1427,7700.0,3.1423,15000.0,3.1431,370000.0,3.1432,372900.0
1753769553962,06:12:33.962,bitmex,XRP/USDT:USDT,3.1427,7700.0,3.1423,15000.0,3.1431,370000.0,3.1432,372900.0
1753769554011,06:12:34.011,bitmex,XRP/USDT:USDT,3.1428,7700.0,3.1423,15000.0,3.143,107500.0,3.1431,370000.0
1753769554060,06:12:34.060,bitmex,XRP/USDT:USDT,3.1428,7700.0,3.1423,15000.0,3.143,107500.0,3.1431,370000.0
1753769554109,06:12:34.109,bitmex,XRP/USDT:USDT,3.1428,7700.0,3.1423,15000.0,3.143,107500.0,3.1431,370000.0
1753769554478,06:12:34.478,bitmex,XRP/USDT:USDT,3.1418,7700.0,3.1417,15000.0,3.143,107500.0,3.1431,370000.0
1753769554527,06:12:34.527,bitmex,XRP/USDT:USDT,3.1424,15000.0,3.1423,16100.0,3.143,107500.0,3.1431,370000.0
1753769554674,06:12:34.674,bitmex,XRP/USDT:USDT,3.1424,15000.0,3.142,16700.0,3.143,107500.0,3.1432,440200.0
1753769554849,06:12:34.849,bitmex,XRP/USDT:USDT,3.1424,15000.0,3.142,16700.0,3.143,107500.0,3.1432,440200.0
1753769555042,06:12:35.042,bitmex,XRP/USDT:USDT,3.1424,15000.0,3.142,16700.0,3.143,107500.0,3.1432,440200.0
1753769555092,06:12:35.092,bitmex,XRP/USDT:USDT,3.1424,15000.0,3.142,16700.0,3.143,107500.0,3.1432,440200.0
1753769555141,06:12:35.141,bitmex,XRP/USDT:USDT,3.1424,15000.0,3.142,16700.0,3.143,107500.0,3.1432,440200.0
1753769555190,06:12:35.190,bitmex,XRP/USDT:USDT,3.1424,15000.0,3.142,16700.0,3.143,107500.0,3.1432,440200.0
1753769555302,06:12:35.302,bitmex,XRP/USDT:USDT,3.1424,15000.0,3.142,16700.0,3.143,107500.0,3.1432,440200.0
1753769555352,06:12:35.352,bitmex,XRP/USDT:USDT,3.1424,15000.0,3.142,16700.0,3.143,107500.0,3.1432,440200.0
1753769555410,06:12:35.410,bitmex,XRP/USDT:USDT,3.1424,15000.0,3.142,16700.0,3.143,107500.0,3.1432,440200.0
1753769555460,06:12:35.460,bitmex,XRP/USDT:USDT,3.1424,15000.0,3.142,16700.0,3.143,107500.0,3.1432,440200.0
1753769555509,06:12:35.509,bitmex,XRP/USDT:USDT,3.143,7700.0,3.1429,7700.0,3.1432,370000.0,3.1433,372900.0
1753769555558,06:12:35.558,bitmex,XRP/USDT:USDT,3.143,7700.0,3.1424,52500.0,3.1432,370000.0,3.1433,372900.0
1753769555793,06:12:35.793,bitmex,XRP/USDT:USDT,3.1424,16100.0,3.142,16700.0,3.1431,107400.0,3.1432,439800.0
1753769555842,06:12:35.842,bitmex,XRP/USDT:USDT,3.1424,31100.0,3.142,16700.0,3.1431,107400.0,3.1432,69800.0
1753769556979,06:12:36.979,bitmex,XRP/USDT:USDT,3.1424,16100.0,3.142,16700.0,3.1431,107400.0,3.1432,69800.0
1753769557945,06:12:37.945,bitmex,XRP/USDT:USDT,3.1424,31100.0,3.1421,32200.0,3.1431,107400.0,3.1432,69800.0
1753769558323,06:12:38.323,bitmex,XRP/USDT:USDT,3.1424,16100.0,3.1421,32200.0,3.1431,107400.0,3.1432,69800.0
1753769558372,06:12:38.372,bitmex,XRP/USDT:USDT,3.1424,16100.0,3.1421,32200.0,3.1431,107400.0,3.1432,69800.0
1753769558513,06:12:38.513,bitmex,XRP/USDT:USDT,3.1424,16100.0,3.1421,32200.0,3.1431,107400.0,3.1432,69800.0
1753769558563,06:12:38.563,bitmex,XRP/USDT:USDT,3.1424,16100.0,3.1421,32200.0,3.1431,107400.0,3.1432,69800.0
1753769559285,06:12:39.285,bitmex,XRP/USDT:USDT,3.1425,7700.0,3.1424,16100.0,3.1431,107400.0,3.1432,69800.0
1753769559383,06:12:39.383,bitmex,XRP/USDT:USDT,3.1421,14600.0,3.142,107400.0,3.1431,107400.0,3.1432,214100.0
1753769559432,06:12:39.432,bitmex,XRP/USDT:USDT,3.1422,22300.0,3.142,107400.0,3.143,32200.0,3.1431,107400.0
1753769559481,06:12:39.481,bitmex,XRP/USDT:USDT,3.1424,7700.0,3.1423,7700.0,3.1431,107400.0,3.1432,214100.0
1753769559530,06:12:39.530,bitmex,XRP/USDT:USDT,3.1428,7700.0,3.1421,46800.0,3.1431,107400.0,3.1432,214100.0
1753769559579,06:12:39.579,bitmex,XRP/USDT:USDT,3.1428,7700.0,3.1422,37500.0,3.1431,107400.0,3.1432,214100.0
1753769559628,06:12:39.628,bitmex,XRP/USDT:USDT,3.1428,7700.0,3.1422,37500.0,3.1431,107400.0,3.1432,214100.0
1753769559765,06:12:39.765,bitmex,XRP/USDT:USDT,3.1428,7700.0,3.1422,37500.0,3.1431,107400.0,3.1432,214100.0
1753769559814,06:12:39.814,bitmex,XRP/USDT:USDT,3.1428,7700.0,3.1423,11300.0,3.1431,107400.0,3.1432,214100.0
1753769559863,06:12:39.863,bitmex,XRP/USDT:USDT,3.1428,7700.0,3.1423,11300.0,3.1431,107400.0,3.1432,214100.0
1753769560317,06:12:40.317,bitmex,XRP/USDT:USDT,3.1428,7700.0,3.1422,37500.0,3.1431,107400.0,3.1432,214100.0
1753769560484,06:12:40.484,bitmex,XRP/USDT:USDT,3.1428,7700.0,3.1422,37500.0,3.1431,107400.0,3.1432,214100.0
1753769560533,06:12:40.533,bitmex,XRP/USDT:USDT,3.1428,7700.0,3.1423,11300.0,3.1431,107400.0,3.1432,214100.0
1753769560656,06:12:40.656,bitmex,XRP/USDT:USDT,3.1428,7700.0,3.1423,11300.0,3.1431,107400.0,3.1432,214100.0
1753769560797,06:12:40.797,bitmex,XRP/USDT:USDT,3.1428,7700.0,3.1423,11300.0,3.1431,107400.0,3.1432,214100.0
1753769560846,06:12:40.846,bitmex,XRP/USDT:USDT,3.1428,7700.0,3.1423,11300.0,3.1431,107400.0,3.1432,214100.0
1753769561058,06:12:41.058,bitmex,XRP/USDT:USDT,3.1423,11300.0,3.1422,37500.0,3.1431,107400.0,3.1432,214100.0
1753769561108,06:12:41.108,bitmex,XRP/USDT:USDT,3.1421,32200.0,3.142,107400.0,3.1431,107400.0,3.1432,214100.0
1753769561157,06:12:41.157,bitmex,XRP/USDT:USDT,3.1421,46800.0,3.142,107400.0,3.1431,107400.0,3.1432,214100.0
1753769561208,06:12:41.208,bitmex,XRP/USDT:USDT,3.1421,46800.0,3.142,107400.0,3.1431,107400.0,3.1432,214100.0
1753769561257,06:12:41.257,bitmex,XRP/USDT:USDT,3.1421,46800.0,3.142,107400.0,3.1431,107400.0,3.1432,214100.0
1753769561392,06:12:41.392,bitmex,XRP/USDT:USDT,3.1422,7700.0,3.1421,46800.0,3.1431,107400.0,3.1432,214100.0
1753769561441,06:12:41.441,bitmex,XRP/USDT:USDT,3.1428,7700.0,3.1421,46800.0,3.1431,107400.0,3.1432,214100.0
1753769561539,06:12:41.539,bitmex,XRP/USDT:USDT,3.1428,7700.0,3.1423,11300.0,3.1431,107400.0,3.1432,214100.0
1753769561753,06:12:41.753,bitmex,XRP/USDT:USDT,3.1428,7700.0,3.1423,11300.0,3.1431,107400.0,3.1432,214100.0
1753769561984,06:12:41.984,bitmex,XRP/USDT:USDT,3.1428,7700.0,3.1423,11300.0,3.1431,107400.0,3.1432,214100.0
1753769562034,06:12:42.034,bitmex,XRP/USDT:USDT,3.1428,7700.0,3.1423,11300.0,3.1431,107400.0,3.1432,214100.0
1753769562637,06:12:42.637,bitmex,XRP/USDT:USDT,3.1428,7700.0,3.1423,11300.0,3.1431,107400.0,3.1432,214100.0
1753769562686,06:12:42.686,bitmex,XRP/USDT:USDT,3.1428,7700.0,3.1423,11300.0,3.1431,107400.0,3.1432,214100.0
1753769562815,06:12:42.815,bitmex,XRP/USDT:USDT,3.1428,7700.0,3.1423,11300.0,3.1431,107400.0,3.1432,214100.0
1753769562865,06:12:42.865,bitmex,XRP/USDT:USDT,3.1428,7700.0,3.1423,11300.0,3.1431,107400.0,3.1432,214100.0
1753769562990,06:12:42.990,bitmex,XRP/USDT:USDT,3.1428,7700.0,3.1423,11300.0,3.1431,107400.0,3.1432,214100.0
1753769563367,06:12:43.367,bitmex,XRP/USDT:USDT,3.1423,11300.0,3.1422,37500.0,3.1431,107400.0,3.1432,214100.0
1753769563416,06:12:43.416,bitmex,XRP/USDT:USDT,3.1421,46800.0,3.142,107400.0,3.1431,107400.0,3.1432,214100.0
1753769563465,06:12:43.465,bitmex,XRP/USDT:USDT,3.1427,7700.0,3.1426,7700.0,3.1431,107400.0,3.1432,214100.0
1753769563514,06:12:43.514,bitmex,XRP/USDT:USDT,3.1422,14600.0,3.1421,32200.0,3.1431,107400.0,3.1432,214100.0
1753769563514,06:12:43.514,bitmex,XRP/USDT:USDT,3.1429,7700.0,3.1423,37600.0,3.1431,107400.0,3.1432,214100.0
1753769563601,06:12:43.601,bitmex,XRP/USDT:USDT,3.1429,7700.0,3.1423,37600.0,3.1431,107400.0,3.1432,214100.0
1753769563650,06:12:43.650,bitmex,XRP/USDT:USDT,3.1429,7700.0,3.1423,37600.0,3.1431,107400.0,3.1432,214100.0
1753769564264,06:12:44.264,bitmex,XRP/USDT:USDT,3.1429,7700.0,3.1423,37600.0,3.1431,107400.0,3.1432,214100.0
1753769564313,06:12:44.313,bitmex,XRP/USDT:USDT,3.1429,7700.0,3.1423,37600.0,3.1431,107400.0,3.1432,214100.0
1753769564436,06:12:44.436,bitmex,XRP/USDT:USDT,3.1429,7700.0,3.1423,37600.0,3.1431,107400.0,3.1432,214100.0
1753769564486,06:12:44.486,bitmex,XRP/USDT:USDT,3.1429,7700.0,3.1423,37600.0,3.1431,107400.0,3.1432,214100.0
1753769564535,06:12:44.535,bitmex,XRP/USDT:USDT,3.1423,16100.0,3.1421,46800.0,3.1431,107400.0,3.1432,214100.0
1753769564605,06:12:44.605,bitmex,XRP/USDT:USDT,3.1423,16100.0,3.1421,46800.0,3.1431,107400.0,3.1432,214100.0
1753769564654,06:12:44.654,bitmex,XRP/USDT:USDT,3.1423,16100.0,3.1421,46800.0,3.1431,107400.0,3.1432,214100.0
1753769565253,06:12:45.253,bitmex,XRP/USDT:USDT,3.1423,30700.0,3.1421,46800.0,3.1431,107400.0,3.1432,214100.0
1753769565303,06:12:45.303,bitmex,XRP/USDT:USDT,3.143,7700.0,3.1424,37600.0,3.1431,107400.0,3.1432,214100.0
1753769565352,06:12:45.352,bitmex,XRP/USDT:USDT,3.143,7700.0,3.1424,37600.0,3.1431,107400.0,3.1432,214100.0
1753769565455,06:12:45.455,bitmex,XRP/USDT:USDT,3.143,7700.0,3.1424,37600.0,3.1431,107400.0,3.1432,214100.0
1753769565504,06:12:45.504,bitmex,XRP/USDT:USDT,3.1424,16100.0,3.1421,46800.0,3.1431,107400.0,3.1432,214100.0
1753769565553,06:12:45.553,bitmex,XRP/USDT:USDT,3.1424,16100.0,3.1421,46800.0,3.1431,107400.0,3.1432,214100.0
1753769565602,06:12:45.602,bitmex,XRP/USDT:USDT,3.1424,16100.0,3.1421,46800.0,3.1431,107400.0,3.1432,214100.0
1753769565651,06:12:45.651,bitmex,XRP/USDT:USDT,3.1424,16100.0,3.1421,46800.0,3.1431,107400.0,3.1432,214100.0
1753769565859,06:12:45.859,bitmex,XRP/USDT:USDT,3.1424,16100.0,3.1421,46800.0,3.1431,107400.0,3.1433,370000.0
1753769566006,06:12:46.006,bitmex,XRP/USDT:USDT,3.1424,30700.0,3.1421,46800.0,3.1431,107400.0,3.1433,370000.0
1753769566368,06:12:46.368,bitmex,XRP/USDT:USDT,3.1424,30700.0,3.1421,46800.0,3.1431,107400.0,3.1433,370000.0
1753769566418,06:12:46.418,bitmex,XRP/USDT:USDT,3.1424,30700.0,3.1421,46800.0,3.1431,107400.0,3.1433,370000.0
1753769566537,06:12:46.537,bitmex,XRP/USDT:USDT,3.1424,30700.0,3.1421,46800.0,3.1431,107400.0,3.1433,370000.0
1753769566587,06:12:46.587,bitmex,XRP/USDT:USDT,3.1424,16100.0,3.1421,46800.0,3.1431,107400.0,3.1432,46200.0
1753769566703,06:12:46.703,bitmex,XRP/USDT:USDT,3.1424,16100.0,3.1421,46800.0,3.1431,107400.0,3.1432,46200.0
1753769566753,06:12:46.753,bitmex,XRP/USDT:USDT,3.1424,16100.0,3.1421,46800.0,3.1431,107400.0,3.1432,46200.0
1753769566885,06:12:46.885,bitmex,XRP/USDT:USDT,3.1424,16100.0,3.1421,46800.0,3.1431,107400.0,3.1432,46200.0
1753769566935,06:12:46.935,bitmex,XRP/USDT:USDT,3.1424,16100.0,3.1421,46800.0,3.1431,107400.0,3.1433,108100.0
1753769567206,06:12:47.206,bitmex,XRP/USDT:USDT,3.1424,30700.0,3.1421,46800.0,3.1431,107400.0,3.1433,108100.0
1753769567255,06:12:47.255,bitmex,XRP/USDT:USDT,3.1424,30700.0,3.1421,46800.0,3.1431,107400.0,3.1433,108100.0
1753769567389,06:12:47.389,bitmex,XRP/USDT:USDT,3.1424,30700.0,3.1421,46800.0,3.1431,107400.0,3.1433,108100.0
1753769567438,06:12:47.438,bitmex,XRP/USDT:USDT,3.1424,30700.0,3.1421,46800.0,3.1431,107400.0,3.1433,108100.0
1753769567607,06:12:47.607,bitmex,XRP/USDT:USDT,3.1424,30700.0,3.1421,46800.0,3.1431,107400.0,3.1433,108100.0
1753769567730,06:12:47.730,bitmex,XRP/USDT:USDT,3.1424,30700.0,3.1421,46800.0,3.1431,107400.0,3.1433,108100.0
1753769567779,06:12:47.779,bitmex,XRP/USDT:USDT,3.1425,14600.0,3.1424,30700.0,3.1431,107400.0,3.1433,108100.0
1753769567828,06:12:47.828,bitmex,XRP/USDT:USDT,3.143,7700.0,3.1425,14600.0,3.1431,107400.0,3.1433,108100.0
1753769568069,06:12:48.069,bitmex,XRP/USDT:USDT,3.1422,14600.0,3.1421,32200.0,3.1431,107400.0,3.1433,108100.0
1753769568118,06:12:48.118,bitmex,XRP/USDT:USDT,3.1422,14600.0,3.1421,32200.0,3.1431,107400.0,3.1433,108100.0
1753769568706,06:12:48.706,bitmex,XRP/USDT:USDT,3.1422,14600.0,3.1421,32200.0,3.1431,107400.0,3.1433,108100.0
1753769568755,06:12:48.755,bitmex,XRP/USDT:USDT,3.1422,14600.0,3.1421,32200.0,3.1431,107400.0,3.1433,108100.0
1753769568818,06:12:48.818,bitmex,XRP/USDT:USDT,3.1422,14600.0,3.1421,32200.0,3.1431,107400.0,3.1433,108100.0
1753769569128,06:12:49.128,bitmex,XRP/USDT:USDT,3.1422,14600.0,3.1421,32200.0,3.1431,107400.0,3.1433,108100.0
1753769569178,06:12:49.178,bitmex,XRP/USDT:USDT,3.1422,14600.0,3.1421,32200.0,3.1431,107400.0,3.1433,108100.0
1753769569438,06:12:49.438,bitmex,XRP/USDT:USDT,3.1422,14600.0,3.1421,32200.0,3.1431,107400.0,3.1433,108100.0
1753769569488,06:12:49.488,bitmex,XRP/USDT:USDT,3.1422,14600.0,3.1421,32200.0,3.1431,107400.0,3.1433,108100.0
1753769569588,06:12:49.588,bitmex,XRP/USDT:USDT,3.1422,14600.0,3.1421,32200.0,3.1431,107400.0,3.1433,108100.0
1753769570019,06:12:50.019,bitmex,XRP/USDT:USDT,3.1422,14600.0,3.1421,32200.0,3.1431,107400.0,3.1433,108100.0
1753769570068,06:12:50.068,bitmex,XRP/USDT:USDT,3.1422,14600.0,3.1421,32200.0,3.1431,107400.0,3.1433,108100.0
1753769570221,06:12:50.221,bitmex,XRP/USDT:USDT,3.1422,14600.0,3.1421,32200.0,3.1431,107400.0,3.1434,116300.0
1753769570585,06:12:50.585,bitmex,XRP/USDT:USDT,3.1422,14600.0,3.1421,32200.0,3.1431,107400.0,3.1434,116300.0
1753769570635,06:12:50.635,bitmex,XRP/USDT:USDT,3.1422,14600.0,3.1421,32200.0,3.1431,107400.0,3.1434,116300.0
1753769571091,06:12:51.091,bitmex,XRP/USDT:USDT,3.1422,14600.0,3.1421,32200.0,3.1434,116300.0,3.1435,377400.0
1753769571140,06:12:51.140,bitmex,XRP/USDT:USDT,3.1428,7700.0,3.1424,14800.0,3.1433,107400.0,3.1434,116300.0
1753769571189,06:12:51.189,bitmex,XRP/USDT:USDT,3.1428,7700.0,3.1424,14800.0,3.1433,107400.0,3.1434,116300.0
1753769571238,06:12:51.238,bitmex,XRP/USDT:USDT,3.1428,7700.0,3.1424,14800.0,3.1433,107400.0,3.1434,116300.0
1753769571294,06:12:51.294,bitmex,XRP/USDT:USDT,3.1428,7700.0,3.1424,14800.0,3.1433,107400.0,3.1434,116300.0
1753769571343,06:12:51.343,bitmex,XRP/USDT:USDT,3.1428,7700.0,3.1424,14800.0,3.1433,107400.0,3.1434,116300.0
1753769572337,06:12:52.337,bitmex,XRP/USDT:USDT,3.1424,14800.0,3.1423,11300.0,3.1433,107400.0,3.1434,116300.0
1753769572387,06:12:52.387,bitmex,XRP/USDT:USDT,3.1424,14800.0,3.1421,32200.0,3.1433,107400.0,3.1434,116300.0
1753769572506,06:12:52.506,bitmex,XRP/USDT:USDT,3.1424,14800.0,3.1421,32200.0,3.1433,107400.0,3.1434,116300.0
1753769572556,06:12:52.556,bitmex,XRP/USDT:USDT,3.1426,37700.0,3.1425,7700.0,3.1435,370000.0,3.1436,372900.0
1753769572605,06:12:52.605,bitmex,XRP/USDT:USDT,3.1429,7700.0,3.1424,14800.0,3.1436,372900.0,3.1437,372900.0
1753769572654,06:12:52.654,bitmex,XRP/USDT:USDT,3.1433,7700.0,3.1424,14800.0,3.1437,370000.0,3.1438,387700.0
1753769572703,06:12:52.703,bitmex,XRP/USDT:USDT,3.1424,14800.0,3.1421,36700.0,3.1436,151300.0,3.1437,370000.0
1753769572752,06:12:52.752,bitmex,XRP/USDT:USDT,3.1424,14800.0,3.1421,39800.0,3.1436,151300.0,3.1437,370000.0
1753769572801,06:12:52.801,bitmex,XRP/USDT:USDT,3.1431,7700.0,3.143,7700.0,3.1435,107400.0,3.1436,151300.0
1753769572850,06:12:52.850,bitmex,XRP/USDT:USDT,3.1432,7700.0,3.1426,37700.0,3.1435,107400.0,3.1436,151300.0
1753769572899,06:12:52.899,bitmex,XRP/USDT:USDT,3.1432,7700.0,3.1427,11300.0,3.1435,107400.0,3.1436,151300.0
1753769572997,06:12:52.997,bitmex,XRP/USDT:USDT,3.1432,7700.0,3.1426,37700.0,3.1435,107400.0,3.1436,151300.0
1753769573046,06:12:53.046,bitmex,XRP/USDT:USDT,3.1432,7700.0,3.1426,37700.0,3.1435,107400.0,3.1436,151300.0
1753769573202,06:12:53.202,bitmex,XRP/USDT:USDT,3.1432,7700.0,3.1426,37700.0,3.1435,107400.0,3.1436,151300.0
1753769573251,06:12:53.251,bitmex,XRP/USDT:USDT,3.1432,7700.0,3.1427,11300.0,3.1435,107400.0,3.1436,151300.0
1753769573337,06:12:53.337,bitmex,XRP/USDT:USDT,3.1432,7700.0,3.1427,11300.0,3.1435,107400.0,3.1436,151300.0
1753769573387,06:12:53.387,bitmex,XRP/USDT:USDT,3.1432,7700.0,3.1427,11300.0,3.1435,107400.0,3.1436,151300.0
1753769573436,06:12:53.436,bitmex,XRP/USDT:USDT,3.1432,7700.0,3.1427,11300.0,3.1435,107400.0,3.1436,151300.0
1753769573619,06:12:53.619,bitmex,XRP/USDT:USDT,3.1432,7700.0,3.1427,11300.0,3.1435,107400.0,3.1436,151300.0
1753769573669,06:12:53.669,bitmex,XRP/USDT:USDT,3.1432,7700.0,3.1427,11300.0,3.1435,107400.0,3.1436,151300.0
1753769573718,06:12:53.718,bitmex,XRP/USDT:USDT,3.1432,7700.0,3.1427,11300.0,3.1435,107400.0,3.1436,151300.0
1753769573825,06:12:53.825,bitmex,XRP/USDT:USDT,3.1427,11300.0,3.1426,37700.0,3.1435,107400.0,3.1436,151300.0
1753769573874,06:12:53.874,bitmex,XRP/USDT:USDT,3.1424,14800.0,3.1421,36700.0,3.1435,107400.0,3.1436,151300.0
1753769573923,06:12:53.923,bitmex,XRP/USDT:USDT,3.1424,14800.0,3.1421,36700.0,3.1435,107400.0,3.1436,151300.0
1753769574043,06:12:54.043,bitmex,XRP/USDT:USDT,3.1424,14800.0,3.1421,36700.0,3.1435,107400.0,3.1436,151300.0
1753769574141,06:12:54.141,bitmex,XRP/USDT:USDT,3.1424,14800.0,3.1421,36700.0,3.1435,107400.0,3.1436,151300.0
1753769574190,06:12:54.190,bitmex,XRP/USDT:USDT,3.1424,14800.0,3.1421,36700.0,3.1435,107400.0,3.1436,151300.0
1753769574239,06:12:54.239,bitmex,XRP/USDT:USDT,3.1424,14800.0,3.1421,36700.0,3.1435,107400.0,3.1436,151300.0
1753769574288,06:12:54.288,bitmex,XRP/USDT:USDT,3.1424,14800.0,3.1421,36700.0,3.1435,107400.0,3.1436,151300.0
1753769574678,06:12:54.678,bitmex,XRP/USDT:USDT,3.1424,14800.0,3.1421,36700.0,3.1435,107400.0,3.1436,151300.0
1753769574728,06:12:54.728,bitmex,XRP/USDT:USDT,3.1432,7700.0,3.1431,7700.0,3.1435,107400.0,3.1436,151300.0
1753769574777,06:12:54.777,bitmex,XRP/USDT:USDT,3.1432,7700.0,3.1421,51500.0,3.1435,107400.0,3.1436,151300.0
1753769574826,06:12:54.826,bitmex,XRP/USDT:USDT,3.1432,7700.0,3.1427,11300.0,3.1435,107400.0,3.1436,151300.0
1753769575014,06:12:55.014,bitmex,XRP/USDT:USDT,3.1432,7700.0,3.1427,11300.0,3.1435,107400.0,3.1436,151300.0
1753769575063,06:12:55.063,bitmex,XRP/USDT:USDT,3.1432,7700.0,3.1427,11300.0,3.1435,107400.0,3.1436,151300.0
1753769575731,06:12:55.731,bitmex,XRP/USDT:USDT,3.1427,11300.0,3.1426,52500.0,3.1435,107400.0,3.1436,151300.0
1753769575781,06:12:55.781,bitmex,XRP/USDT:USDT,3.1426,14800.0,3.1421,51500.0,3.1435,107400.0,3.1436,151300.0
1753769575905,06:12:55.905,bitmex,XRP/USDT:USDT,3.1426,14800.0,3.1421,51500.0,3.1435,107400.0,3.1436,151300.0
1753769575954,06:12:55.954,bitmex,XRP/USDT:USDT,3.1426,14800.0,3.1421,51500.0,3.1435,107400.0,3.1436,151300.0
1753769576003,06:12:56.003,bitmex,XRP/USDT:USDT,3.1426,14800.0,3.1421,51500.0,3.1435,107400.0,3.1436,151300.0
1753769576052,06:12:56.052,bitmex,XRP/USDT:USDT,3.1426,14800.0,3.1422,3100.0,3.1435,107400.0,3.1436,151300.0
1753769576101,06:12:56.101,bitmex,XRP/USDT:USDT,3.1426,14800.0,3.1422,3100.0,3.1435,107400.0,3.1436,151300.0
1753769576372,06:12:56.372,bitmex,XRP/USDT:USDT,3.1426,14800.0,3.1422,3100.0,3.1435,107400.0,3.1436,151300.0
1753769576421,06:12:56.421,bitmex,XRP/USDT:USDT,3.1426,14800.0,3.1422,3100.0,3.1435,107400.0,3.1436,151300.0
1753769576714,06:12:56.714,bitmex,XRP/USDT:USDT,3.1426,14800.0,3.1422,3100.0,3.1435,107400.0,3.1436,151300.0
1753769576764,06:12:56.764,bitmex,XRP/USDT:USDT,3.1426,14800.0,3.1422,3100.0,3.1435,107400.0,3.1436,151300.0
1753769576874,06:12:56.874,bitmex,XRP/USDT:USDT,3.1422,3100.0,3.1421,51500.0,3.1435,107400.0,3.1436,151300.0
1753769576923,06:12:56.923,bitmex,XRP/USDT:USDT,3.1431,7700.0,3.143,7700.0,3.1435,107400.0,3.1436,151300.0
1753769577070,06:12:57.070,bitmex,XRP/USDT:USDT,3.1431,7700.0,3.1426,11300.0,3.1435,107400.0,3.1436,151300.0
1753769578280,06:12:58.280,bitmex,XRP/USDT:USDT,3.1423,14800.0,3.1421,39800.0,3.1435,107400.0,3.1436,151300.0
1753769578566,06:12:58.566,bitmex,XRP/USDT:USDT,3.1423,14800.0,3.1421,39800.0,3.1435,107400.0,3.1436,151300.0
1753769578794,06:12:58.794,bitmex,XRP/USDT:USDT,3.1423,14800.0,3.1421,39800.0,3.1435,107400.0,3.1436,151300.0
1753769578844,06:12:58.844,bitmex,XRP/USDT:USDT,3.1423,14800.0,3.1421,54600.0,3.1435,107400.0,3.1436,151300.0
1753769578893,06:12:58.893,bitmex,XRP/USDT:USDT,3.1423,14800.0,3.1421,54600.0,3.1435,107400.0,3.1436,151300.0
1753769578952,06:12:58.952,bitmex,XRP/USDT:USDT,3.1423,14800.0,3.1421,54600.0,3.1435,107400.0,3.1436,151300.0
1753769579001,06:12:59.001,bitmex,XRP/USDT:USDT,3.1423,14800.0,3.1421,54600.0,3.1435,107400.0,3.1436,151300.0
1753769579050,06:12:59.050,bitmex,XRP/USDT:USDT,3.1423,14800.0,3.1421,54600.0,3.1435,107400.0,3.1436,151300.0
1753769579507,06:12:59.507,bitmex,XRP/USDT:USDT,3.1423,14800.0,3.1421,54600.0,3.1435,107400.0,3.1436,151300.0
1753769579557,06:12:59.557,bitmex,XRP/USDT:USDT,3.1423,14800.0,3.1421,54600.0,3.1435,107400.0,3.1436,151300.0
1753769579732,06:12:59.732,bitmex,XRP/USDT:USDT,3.1423,14800.0,3.1421,54600.0,3.1435,107400.0,3.1437,47200.0
1753769579781,06:12:59.781,bitmex,XRP/USDT:USDT,3.1434,7700.0,3.1423,14800.0,3.1435,107400.0,3.1437,47200.0
1753769579830,06:12:59.830,bitmex,XRP/USDT:USDT,3.1434,7700.0,3.1429,11400.0,3.1435,107400.0,3.1438,102400.0
1753769579879,06:12:59.879,bitmex,XRP/USDT:USDT,3.1434,7700.0,3.1429,11400.0,3.1435,107400.0,3.1438,102400.0
1753769579928,06:12:59.928,bitmex,XRP/USDT:USDT,3.1434,7700.0,3.1429,11400.0,3.1435,107400.0,3.1438,102400.0
1753769579977,06:12:59.977,bitmex,XRP/USDT:USDT,3.1434,7700.0,3.1429,11400.0,3.1435,107400.0,3.1438,102400.0
1753769580256,06:13:00.256,bitmex,XRP/USDT:USDT,3.1434,7100.0,3.1429,11400.0,3.1435,107400.0,3.1438,102400.0
1753769580426,06:13:00.426,bitmex,XRP/USDT:USDT,3.1434,7100.0,3.1429,11400.0,3.1435,107400.0,3.1438,102400.0
1753769580476,06:13:00.476,bitmex,XRP/USDT:USDT,3.1434,7100.0,3.1429,11400.0,3.1435,107400.0,3.1438,102400.0
1753769580547,06:13:00.547,bitmex,XRP/USDT:USDT,3.1434,7100.0,3.1429,11400.0,3.1435,107400.0,3.1438,102400.0
1753769580874,06:13:00.874,bitmex,XRP/USDT:USDT,3.1434,7100.0,3.1429,11400.0,3.1435,107400.0,3.1438,102400.0
1753769580923,06:13:00.923,bitmex,XRP/USDT:USDT,3.1425,15300.0,3.1424,3100.0,3.1435,107400.0,3.1438,102400.0
1753769580972,06:13:00.972,bitmex,XRP/USDT:USDT,3.1425,15300.0,3.1424,3100.0,3.1437,107400.0,3.1438,102400.0
1753769581021,06:13:01.021,bitmex,XRP/USDT:USDT,3.1434,7700.0,3.1429,15300.0,3.1437,107400.0,3.1438,102400.0
1753769581070,06:13:01.070,bitmex,XRP/USDT:USDT,3.1434,7700.0,3.143,16000.0,3.1437,107400.0,3.1438,102400.0
1753769581119,06:13:01.119,bitmex,XRP/USDT:USDT,3.1429,15300.0,3.1425,15300.0,3.1437,107400.0,3.1438,102400.0
1753769581168,06:13:01.168,bitmex,XRP/USDT:USDT,3.1425,15300.0,3.1424,3100.0,3.1437,107400.0,3.1438,102400.0
1753769581446,06:13:01.446,bitmex,XRP/USDT:USDT,3.1425,15300.0,3.1424,3100.0,3.1437,107400.0,3.1438,102400.0
1753769581542,06:13:01.542,bitmex,XRP/USDT:USDT,3.1425,15300.0,3.1424,3100.0,3.1437,107400.0,3.1438,102400.0
1753769581591,06:13:01.591,bitmex,XRP/USDT:USDT,3.1425,15300.0,3.1424,3100.0,3.1437,107400.0,3.1438,102400.0
1753769581867,06:13:01.867,bitmex,XRP/USDT:USDT,3.1425,15300.0,3.1424,3100.0,3.1437,107400.0,3.1438,102400.0
1753769581917,06:13:01.917,bitmex,XRP/USDT:USDT,3.1425,6100.0,3.1424,3100.0,3.1437,107400.0,3.1438,102400.0
1753769582384,06:13:02.384,bitmex,XRP/USDT:USDT,3.1432,7700.0,3.1429,15300.0,3.1437,107400.0,3.1438,102400.0
1753769582433,06:13:02.433,bitmex,XRP/USDT:USDT,3.1432,7700.0,3.1429,15300.0,3.1437,107400.0,3.1438,102400.0
1753769582482,06:13:02.482,bitmex,XRP/USDT:USDT,3.1432,7700.0,3.1429,15300.0,3.1437,107400.0,3.1438,102400.0
1753769582630,06:13:02.630,bitmex,XRP/USDT:USDT,3.1432,7700.0,3.1429,15300.0,3.1437,107400.0,3.1438,102400.0
1753769582896,06:13:02.896,bitmex,XRP/USDT:USDT,3.1432,7700.0,3.1429,15300.0,3.1437,107400.0,3.1438,102400.0
1753769582946,06:13:02.946,bitmex,XRP/USDT:USDT,3.1432,7700.0,3.1429,15300.0,3.1437,107400.0,3.1438,102400.0
1753769582995,06:13:02.995,bitmex,XRP/USDT:USDT,3.1432,7700.0,3.1429,15300.0,3.1437,107400.0,3.1438,102400.0
1753769583044,06:13:03.044,bitmex,XRP/USDT:USDT,3.1432,7700.0,3.1429,15300.0,3.1437,107400.0,3.1438,102400.0
1753769583136,06:13:03.136,bitmex,XRP/USDT:USDT,3.1432,7700.0,3.1429,15300.0,3.1437,107400.0,3.1438,102400.0
1753769583186,06:13:03.186,bitmex,XRP/USDT:USDT,3.1432,7700.0,3.1429,15300.0,3.1437,107400.0,3.1438,102400.0
1753769583305,06:13:03.305,bitmex,XRP/USDT:USDT,3.1432,7700.0,3.1429,15300.0,3.1437,107400.0,3.1438,102400.0
1753769583364,06:13:03.364,bitmex,XRP/USDT:USDT,3.1432,7700.0,3.1429,15300.0,3.1437,107400.0,3.1438,102400.0
1753769583414,06:13:03.414,bitmex,XRP/USDT:USDT,3.1427,15300.0,3.1424,3100.0,3.1437,107400.0,3.1438,102400.0
1753769583463,06:13:03.463,bitmex,XRP/USDT:USDT,3.1427,15300.0,3.1424,3100.0,3.1437,107400.0,3.1438,102400.0
1753769583562,06:13:03.562,bitmex,XRP/USDT:USDT,3.1427,15300.0,3.1424,3100.0,3.1437,107400.0,3.1438,102400.0
1753769583613,06:13:03.613,bitmex,XRP/USDT:USDT,3.1427,15300.0,3.1424,3100.0,3.1437,107400.0,3.1438,102400.0
1753769583662,06:13:03.662,bitmex,XRP/USDT:USDT,3.1427,15300.0,3.1424,3100.0,3.1437,107400.0,3.1438,102400.0
1753769583962,06:13:03.962,bitmex,XRP/USDT:USDT,3.1429,7700.0,3.1424,18400.0,3.1436,32200.0,3.1437,122700.0
1753769584011,06:13:04.011,bitmex,XRP/USDT:USDT,3.1429,7700.0,3.1424,26700.0,3.1436,134900.0,3.1437,122700.0
1753769584254,06:13:04.254,bitmex,XRP/USDT:USDT,3.1428,7700.0,3.1422,3100.0,3.1436,134900.0,3.1437,122700.0
1753769584303,06:13:04.303,bitmex,XRP/USDT:USDT,3.1428,7700.0,3.1424,3100.0,3.1435,15300.0,3.1436,148700.0
1753769584401,06:13:04.401,bitmex,XRP/USDT:USDT,3.1428,7700.0,3.1423,11400.0,3.1435,15300.0,3.1436,148700.0
1753769584548,06:13:04.548,bitmex,XRP/USDT:USDT,3.1428,7700.0,3.1423,11400.0,3.1435,15300.0,3.1436,241100.0
1753769584897,06:13:04.897,bitmex,XRP/USDT:USDT,3.1428,7700.0,3.1423,11400.0,3.1434,107300.0,3.1435,15300.0
1753769585086,06:13:05.086,bitmex,XRP/USDT:USDT,3.1428,7700.0,3.1423,11400.0,3.1434,107300.0,3.1435,15300.0
1753769585135,06:13:05.135,bitmex,XRP/USDT:USDT,3.1428,7700.0,3.1423,11400.0,3.1434,107300.0,3.1435,15300.0
1753769585310,06:13:05.310,bitmex,XRP/USDT:USDT,3.1429,7700.0,3.1428,7700.0,3.1434,107300.0,3.1435,15300.0
1753769585359,06:13:05.359,bitmex,XRP/USDT:USDT,3.1429,7700.0,3.1423,64600.0,3.1434,107300.0,3.1436,241100.0
1753769585408,06:13:05.408,bitmex,XRP/USDT:USDT,3.1429,7700.0,3.1424,28300.0,3.1434,107300.0,3.1436,241100.0
1753769585457,06:13:05.457,bitmex,XRP/USDT:USDT,3.1429,7700.0,3.1424,28300.0,3.1434,107300.0,3.1436,241100.0
1753769585506,06:13:05.506,bitmex,XRP/USDT:USDT,3.1429,7700.0,3.1424,16900.0,3.1434,107300.0,3.1436,241100.0
1753769585694,06:13:05.694,bitmex,XRP/USDT:USDT,3.1429,7700.0,3.1424,16900.0,3.1434,107300.0,3.1436,241100.0
1753769585744,06:13:05.744,bitmex,XRP/USDT:USDT,3.1429,7700.0,3.1424,16900.0,3.1434,107300.0,3.1436,148700.0
1753769585793,06:13:05.793,bitmex,XRP/USDT:USDT,3.1429,23000.0,3.1424,16900.0,3.1434,107300.0,3.1438,588900.0
1753769585842,06:13:05.842,bitmex,XRP/USDT:USDT,3.1429,23000.0,3.1424,20000.0,3.1434,107300.0,3.1437,97600.0
1753769585891,06:13:05.891,bitmex,XRP/USDT:USDT,3.1429,23000.0,3.1424,20000.0,3.1434,107300.0,3.1437,97600.0
1753769585993,06:13:05.993,bitmex,XRP/USDT:USDT,3.1429,23000.0,3.1424,16900.0,3.1434,107300.0,3.1437,97600.0
1753769586091,06:13:06.091,bitmex,XRP/USDT:USDT,3.1432,7700.0,3.1427,11400.0,3.1436,107300.0,3.1437,97600.0
1753769586140,06:13:06.140,bitmex,XRP/USDT:USDT,3.1432,7700.0,3.1427,11400.0,3.1436,107300.0,3.1437,97600.0
1753769586281,06:13:06.281,bitmex,XRP/USDT:USDT,3.1432,7700.0,3.1427,11400.0,3.1436,107300.0,3.1437,97600.0
1753769586331,06:13:06.331,bitmex,XRP/USDT:USDT,3.1432,7700.0,3.1427,11400.0,3.1436,107300.0,3.1437,97600.0
1753769586398,06:13:06.398,bitmex,XRP/USDT:USDT,3.1432,7700.0,3.1427,11400.0,3.1436,107300.0,3.1437,97600.0
1753769586447,06:13:06.447,bitmex,XRP/USDT:USDT,3.1432,7700.0,3.1427,11400.0,3.1436,107300.0,3.1437,97600.0
1753769586496,06:13:06.496,bitmex,XRP/USDT:USDT,3.1432,7700.0,3.1427,11400.0,3.1436,107300.0,3.1437,97600.0
1753769586917,06:13:06.917,bitmex,XRP/USDT:USDT,3.1432,7700.0,3.1427,11400.0,3.1436,107300.0,3.1437,97600.0
1753769586966,06:13:06.966,bitmex,XRP/USDT:USDT,3.1432,7700.0,3.1427,11400.0,3.1436,107300.0,3.1438,472400.0
1753769587015,06:13:07.015,bitmex,XRP/USDT:USDT,3.1432,7700.0,3.1427,11400.0,3.1436,107300.0,3.1438,102400.0
1753769587109,06:13:07.109,bitmex,XRP/USDT:USDT,3.1427,11400.0,3.1426,53300.0,3.1436,107300.0,3.1438,102400.0
1753769587159,06:13:07.159,bitmex,XRP/USDT:USDT,3.1427,15300.0,3.1424,3100.0,3.1436,107300.0,3.1438,117700.0
1753769587208,06:13:07.208,bitmex,XRP/USDT:USDT,3.1427,15300.0,3.1424,3100.0,3.1436,107300.0,3.1438,487700.0
1753769587257,06:13:07.257,bitmex,XRP/USDT:USDT,3.1432,7700.0,3.1423,15300.0,3.1436,107300.0,3.1437,115600.0
1753769587306,06:13:07.306,bitmex,XRP/USDT:USDT,3.1432,7700.0,3.1427,11400.0,3.1436,107300.0,3.1437,115600.0
1753769587360,06:13:07.360,bitmex,XRP/USDT:USDT,3.1432,7700.0,3.1427,11400.0,3.1436,107300.0,3.1437,115600.0
1753769587409,06:13:07.409,bitmex,XRP/USDT:USDT,3.1423,18400.0,3.1422,49400.0,3.1436,107300.0,3.1437,115600.0
1753769587458,06:13:07.458,bitmex,XRP/USDT:USDT,3.1423,18400.0,3.1422,49400.0,3.1436,107300.0,3.1437,115600.0
1753769587533,06:13:07.533,bitmex,XRP/USDT:USDT,3.1423,18400.0,3.1422,49400.0,3.1436,107300.0,3.1437,115600.0
1753769587658,06:13:07.658,bitmex,XRP/USDT:USDT,3.1423,18400.0,3.1422,49400.0,3.1436,107300.0,3.1437,115600.0
1753769587708,06:13:07.708,bitmex,XRP/USDT:USDT,3.1423,18400.0,3.1422,49400.0,3.1436,107300.0,3.1437,115600.0
1753769587770,06:13:07.770,bitmex,XRP/USDT:USDT,3.1424,7700.0,3.1423,18400.0,3.1436,107300.0,3.1437,115600.0
1753769587819,06:13:07.819,bitmex,XRP/USDT:USDT,3.1432,7700.0,3.1427,15300.0,3.1436,107300.0,3.1437,115600.0
1753769587868,06:13:07.868,bitmex,XRP/USDT:USDT,3.1432,7700.0,3.1427,15300.0,3.1436,107300.0,3.1437,115600.0
1753769587917,06:13:07.917,bitmex,XRP/USDT:USDT,3.1432,7700.0,3.1427,15300.0,3.1436,107300.0,3.1437,115600.0
1753769587966,06:13:07.966,bitmex,XRP/USDT:USDT,3.1432,7700.0,3.1427,15300.0,3.1436,107300.0,3.1437,115600.0
1753769588090,06:13:08.090,bitmex,XRP/USDT:USDT,3.1427,15300.0,3.1426,38000.0,3.1436,107300.0,3.1437,115600.0
1753769588140,06:13:08.140,bitmex,XRP/USDT:USDT,3.1431,7700.0,3.143,7700.0,3.1435,32200.0,3.1436,107300.0
1753769588189,06:13:08.189,bitmex,XRP/USDT:USDT,3.1431,7700.0,3.1425,15300.0,3.1436,107300.0,3.1437,115600.0
1753769588238,06:13:08.238,bitmex,XRP/USDT:USDT,3.1431,7700.0,3.1426,16000.0,3.1436,107300.0,3.1437,115600.0
1753769588347,06:13:08.347,bitmex,XRP/USDT:USDT,3.1431,7700.0,3.1426,16000.0,3.1436,107300.0,3.1437,115600.0
1753769588397,06:13:08.397,bitmex,XRP/USDT:USDT,3.1431,7700.0,3.1426,16000.0,3.1435,32200.0,3.1436,107300.0
1753769588567,06:13:08.567,bitmex,XRP/USDT:USDT,3.1431,7700.0,3.1426,16000.0,3.1435,32200.0,3.1436,107300.0
1753769588938,06:13:08.938,bitmex,XRP/USDT:USDT,3.1431,7700.0,3.1426,16000.0,3.1435,32200.0,3.1436,107300.0
1753769589148,06:13:09.148,bitmex,XRP/USDT:USDT,3.1431,7700.0,3.1426,16000.0,3.1435,32200.0,3.1436,107300.0
1753769589197,06:13:09.197,bitmex,XRP/USDT:USDT,3.1431,7700.0,3.1426,16000.0,3.1435,32200.0,3.1436,107300.0
1753769589256,06:13:09.256,bitmex,XRP/USDT:USDT,3.1431,7700.0,3.1426,16000.0,3.1435,32200.0,3.1436,107300.0
1753769589317,06:13:09.317,bitmex,XRP/USDT:USDT,3.1431,7700.0,3.1426,16000.0,3.1435,32200.0,3.1436,107300.0
1753769589366,06:13:09.366,bitmex,XRP/USDT:USDT,3.1431,7700.0,3.1426,16000.0,3.1435,32200.0,3.1436,107300.0
1753769589639,06:13:09.639,bitmex,XRP/USDT:USDT,3.1431,7700.0,3.1426,16000.0,3.1435,32200.0,3.1436,107300.0
1753769589689,06:13:09.689,bitmex,XRP/USDT:USDT,3.1431,7700.0,3.1426,16000.0,3.1435,32200.0,3.1436,107300.0
1753769589738,06:13:09.738,bitmex,XRP/USDT:USDT,3.1431,7700.0,3.1426,16000.0,3.1435,32200.0,3.1436,107300.0
1753769590089,06:13:10.089,bitmex,XRP/USDT:USDT,3.1431,7700.0,3.1426,16000.0,3.1435,32200.0,3.1436,107300.0
1753769590165,06:13:10.165,bitmex,XRP/USDT:USDT,3.1426,16000.0,3.1425,53300.0,3.1435,32200.0,3.1436,107300.0
1753769590215,06:13:10.215,bitmex,XRP/USDT:USDT,3.1425,15300.0,3.1422,49400.0,3.1435,32200.0,3.1436,107300.0
1753769590264,06:13:10.264,bitmex,XRP/USDT:USDT,3.1425,15300.0,3.1422,49400.0,3.1435,32200.0,3.1436,107300.0
1753769590576,06:13:10.576,bitmex,XRP/USDT:USDT,3.1425,15300.0,3.1422,49400.0,3.1435,32200.0,3.1436,107300.0
1753769590730,06:13:10.730,bitmex,XRP/USDT:USDT,3.1432,7700.0,3.1427,14900.0,3.1436,107300.0,3.1437,115600.0
1753769590779,06:13:10.779,bitmex,XRP/USDT:USDT,3.1432,7700.0,3.1427,14900.0,3.1436,107300.0,3.1437,115600.0
1753769591346,06:13:11.346,bitmex,XRP/USDT:USDT,3.143,7700.0,3.1424,14900.0,3.1435,47100.0,3.1436,107300.0
1753769591444,06:13:11.444,bitmex,XRP/USDT:USDT,3.143,7700.0,3.1425,11400.0,3.1435,32200.0,3.1436,107300.0
1753769591493,06:13:11.493,bitmex,XRP/USDT:USDT,3.143,7700.0,3.1425,11400.0,3.1435,32200.0,3.1436,107300.0
1753769592080,06:13:12.080,bitmex,XRP/USDT:USDT,3.143,7700.0,3.1425,11400.0,3.1434,34900.0,3.1435,32200.0
1753769592130,06:13:12.130,bitmex,XRP/USDT:USDT,3.143,7700.0,3.1425,11400.0,3.1433,14900.0,3.1434,20000.0
1753769592307,06:13:12.307,bitmex,XRP/USDT:USDT,3.143,7700.0,3.1425,11400.0,3.1434,20000.0,3.1435,47100.0
1753769592357,06:13:12.357,bitmex,XRP/USDT:USDT,3.143,7700.0,3.1425,11400.0,3.1434,20000.0,3.1435,47100.0
1753769592449,06:13:12.449,bitmex,XRP/USDT:USDT,3.143,7700.0,3.1425,11400.0,3.1434,20000.0,3.1435,47100.0
1753769592499,06:13:12.499,bitmex,XRP/USDT:USDT,3.143,7700.0,3.1425,11400.0,3.1434,20000.0,3.1435,47100.0
1753769592588,06:13:12.588,bitmex,XRP/USDT:USDT,3.143,7700.0,3.1425,11400.0,3.1434,20000.0,3.1435,47100.0
1753769593143,06:13:13.143,bitmex,XRP/USDT:USDT,3.143,7700.0,3.1425,11400.0,3.1434,20000.0,3.1435,47100.0
1753769593299,06:13:13.299,bitmex,XRP/USDT:USDT,3.143,7700.0,3.1425,11400.0,3.1434,20000.0,3.1435,47100.0
1753769593397,06:13:13.397,bitmex,XRP/USDT:USDT,3.143,7700.0,3.1429,7700.0,3.1434,20000.0,3.1435,47100.0
1753769593544,06:13:13.544,bitmex,XRP/USDT:USDT,3.1419,15000.0,3.1417,53100.0,3.1434,403100.0,3.1435,3518500.0
1753769593839,06:13:13.839,bitmex,XRP/USDT:USDT,3.1421,7700.0,3.1415,53000.0,3.1426,3499100.0,3.1427,111800.0
1753769593888,06:13:13.888,bitmex,XRP/USDT:USDT,3.1419,7700.0,3.1418,7700.0,3.1427,111800.0,3.1429,14900.0
1753769593937,06:13:13.937,bitmex,XRP/USDT:USDT,3.1422,7700.0,3.1417,14900.0,3.1427,3612200.0,3.1429,14900.0
1753769594084,06:13:14.084,bitmex,XRP/USDT:USDT,3.1415,50200.0,3.1414,107300.0,3.1426,212300.0,3.1427,3612200.0
1753769594133,06:13:14.133,bitmex,XRP/USDT:USDT,3.1415,50200.0,3.1414,107300.0,3.1426,212300.0,3.1427,3612200.0
1753769594182,06:13:14.182,bitmex,XRP/USDT:USDT,3.1415,50200.0,3.1414,107300.0,3.1426,342100.0,3.1427,3612200.0
1753769594329,06:13:14.329,bitmex,XRP/USDT:USDT,3.1416,22600.0,3.1414,107300.0,3.1426,342100.0,3.1427,3612200.0
1753769594378,06:13:14.378,bitmex,XRP/USDT:USDT,3.1416,22600.0,3.1415,32200.0,3.1426,342100.0,3.1427,3612200.0
1753769594427,06:13:14.427,bitmex,XRP/USDT:USDT,3.1416,22600.0,3.1415,32200.0,3.1426,342100.0,3.1427,3612200.0
1753769594476,06:13:14.476,bitmex,XRP/USDT:USDT,3.1416,22600.0,3.1415,32200.0,3.1426,342100.0,3.1427,3612200.0
1753769594525,06:13:14.525,bitmex,XRP/USDT:USDT,3.1416,22600.0,3.1415,32200.0,3.1426,342100.0,3.1427,3612200.0
1753769594821,06:13:14.821,bitmex,XRP/USDT:USDT,3.1416,22600.0,3.1415,32200.0,3.1426,342100.0,3.1427,3612200.0
1753769594870,06:13:14.870,bitmex,XRP/USDT:USDT,3.1416,7700.0,3.1412,14800.0,3.1425,14900.0,3.1426,342100.0
1753769594919,06:13:14.919,bitmex,XRP/USDT:USDT,3.1416,7700.0,3.1412,14800.0,3.1424,107300.0,3.1425,14900.0
1753769594968,06:13:14.968,bitmex,XRP/USDT:USDT,3.1416,7700.0,3.1412,14800.0,3.1423,32200.0,3.1424,107300.0
1753769595083,06:13:15.083,bitmex,XRP/USDT:USDT,3.1416,7700.0,3.1412,14800.0,3.1423,32200.0,3.1424,107300.0
1753769595132,06:13:15.132,bitmex,XRP/USDT:USDT,3.1416,7700.0,3.1412,14800.0,3.1423,32200.0,3.1424,107300.0
1753769595442,06:13:15.442,bitmex,XRP/USDT:USDT,3.1417,7700.0,3.1412,3100.0,3.1423,36700.0,3.1424,107300.0
1753769595540,06:13:15.540,bitmex,XRP/USDT:USDT,3.1416,7700.0,3.1412,14900.0,3.1423,36700.0,3.1424,407900.0
1753769595589,06:13:15.589,bitmex,XRP/USDT:USDT,3.1416,7700.0,3.1412,14900.0,3.1421,251900.0,3.1422,3500500.0
1753769595687,06:13:15.687,bitmex,XRP/USDT:USDT,3.1416,7700.0,3.1412,14900.0,3.1421,251900.0,3.1422,3500500.0
1753769595736,06:13:15.736,bitmex,XRP/USDT:USDT,3.1416,7700.0,3.1412,14900.0,3.1421,251900.0,3.1422,3500500.0
1753769595785,06:13:15.785,bitmex,XRP/USDT:USDT,3.1411,46000.0,3.141,110400.0,3.1421,251900.0,3.1422,3500500.0
1753769595834,06:13:15.834,bitmex,XRP/USDT:USDT,3.1411,46000.0,3.141,110400.0,3.1421,251900.0,3.1422,3500500.0
1753769595883,06:13:15.883,bitmex,XRP/USDT:USDT,3.1411,46000.0,3.141,110400.0,3.1421,251900.0,3.1422,3500500.0
1753769595932,06:13:15.932,bitmex,XRP/USDT:USDT,3.1411,46000.0,3.141,110400.0,3.1421,251900.0,3.1422,3500500.0
1753769595981,06:13:15.981,bitmex,XRP/USDT:USDT,3.1411,46000.0,3.141,110400.0,3.1421,251900.0,3.1422,3500500.0
1753769596030,06:13:16.030,bitmex,XRP/USDT:USDT,3.1411,46000.0,3.141,110400.0,3.1421,251900.0,3.1422,3500500.0
1753769596134,06:13:16.134,bitmex,XRP/USDT:USDT,3.1411,46000.0,3.141,110400.0,3.1421,251900.0,3.1422,3500500.0
1753769596183,06:13:16.183,bitmex,XRP/USDT:USDT,3.1411,46000.0,3.141,110400.0,3.1421,251900.0,3.1422,3500500.0
1753769596510,06:13:16.510,bitmex,XRP/USDT:USDT,3.1411,46000.0,3.141,110400.0,3.1421,251900.0,3.1422,3500500.0
1753769596559,06:13:16.559,bitmex,XRP/USDT:USDT,3.1411,46000.0,3.141,110400.0,3.1421,251900.0,3.1422,3500500.0
1753769596707,06:13:16.707,bitmex,XRP/USDT:USDT,3.1411,46000.0,3.141,110400.0,3.1421,251900.0,3.1422,3500500.0
1753769596757,06:13:16.757,bitmex,XRP/USDT:USDT,3.1411,46000.0,3.141,110400.0,3.1421,251900.0,3.1422,3500500.0
1753769596806,06:13:16.806,bitmex,XRP/USDT:USDT,3.1411,46000.0,3.141,110400.0,3.1421,107300.0,3.1423,3633600.0
1753769597291,06:13:17.291,bitmex,XRP/USDT:USDT,3.1411,46000.0,3.141,110400.0,3.1421,107300.0,3.1423,3633600.0
1753769597347,06:13:17.347,bitmex,XRP/USDT:USDT,3.1411,46000.0,3.141,110400.0,3.1421,107300.0,3.1423,3633600.0
1753769597397,06:13:17.397,bitmex,XRP/USDT:USDT,3.1411,46000.0,3.141,110400.0,3.1421,107300.0,3.1423,3633600.0
1753769597446,06:13:17.446,bitmex,XRP/USDT:USDT,3.1411,46000.0,3.141,110400.0,3.1421,107300.0,3.1423,3633600.0
1753769597495,06:13:17.495,bitmex,XRP/USDT:USDT,3.1411,46000.0,3.141,110400.0,3.1421,107300.0,3.1423,3633600.0
1753769597643,06:13:17.643,bitmex,XRP/USDT:USDT,3.1415,7700.0,3.1411,31100.0,3.142,32200.0,3.1421,107300.0
1753769597692,06:13:17.692,bitmex,XRP/USDT:USDT,3.1415,7700.0,3.1411,31100.0,3.142,32200.0,3.1421,107300.0
1753769597741,06:13:17.741,bitmex,XRP/USDT:USDT,3.1415,7700.0,3.1411,46000.0,3.142,32200.0,3.1421,107300.0
1753769597790,06:13:17.790,bitmex,XRP/USDT:USDT,3.1415,7700.0,3.1411,46000.0,3.142,32200.0,3.1421,107300.0
1753769597839,06:13:17.839,bitmex,XRP/USDT:USDT,3.1415,7700.0,3.1411,46000.0,3.142,32200.0,3.1421,107300.0
1753769598037,06:13:18.037,bitmex,XRP/USDT:USDT,3.1415,7700.0,3.1411,46000.0,3.142,32200.0,3.1421,107300.0
1753769598087,06:13:18.087,bitmex,XRP/USDT:USDT,3.1415,7700.0,3.1411,46000.0,3.142,32200.0,3.1421,107300.0
1753769598475,06:13:18.475,bitmex,XRP/USDT:USDT,3.1415,7700.0,3.1411,31100.0,3.142,32200.0,3.1421,107300.0
1753769598525,06:13:18.525,bitmex,XRP/USDT:USDT,3.1411,31100.0,3.141,107300.0,3.142,47100.0,3.1421,107300.0
1753769598574,06:13:18.574,bitmex,XRP/USDT:USDT,3.141,107300.0,3.1407,3100.0,3.1419,14900.0,3.142,32200.0
1753769598623,06:13:18.623,bitmex,XRP/USDT:USDT,3.141,107300.0,3.1407,3100.0,3.1419,14900.0,3.142,32200.0
1753769598672,06:13:18.672,bitmex,XRP/USDT:USDT,3.1407,3100.0,3.1405,15000.0,3.1417,36700.0,3.1418,328000.0
1753769598721,06:13:18.721,bitmex,XRP/USDT:USDT,3.1407,3100.0,3.1405,15000.0,3.1417,36700.0,3.1418,328000.0
1753769598770,06:13:18.770,bitmex,XRP/USDT:USDT,3.1407,3100.0,3.1405,15000.0,3.1417,36700.0,3.1418,313100.0
1753769598819,06:13:18.819,bitmex,XRP/USDT:USDT,3.1406,7700.0,3.1404,3100.0,3.1415,163400.0,3.1416,3500900.0
1753769598868,06:13:18.868,bitmex,XRP/USDT:USDT,3.1408,7700.0,3.1404,19000.0,3.1414,107300.0,3.1415,163400.0
1753769598917,06:13:18.917,bitmex,XRP/USDT:USDT,3.1408,7700.0,3.1404,49200.0,3.1414,107300.0,3.1415,163400.0
1753769598966,06:13:18.966,bitmex,XRP/USDT:USDT,3.1408,7700.0,3.1404,46100.0,3.1414,107300.0,3.1415,163400.0
1753769599015,06:13:19.015,bitmex,XRP/USDT:USDT,3.1408,7700.0,3.1404,46100.0,3.1414,107300.0,3.1415,163400.0
1753769599064,06:13:19.064,bitmex,XRP/USDT:USDT,3.1408,7700.0,3.1404,46100.0,3.1414,107300.0,3.1415,163400.0
1753769599113,06:13:19.113,bitmex,XRP/USDT:USDT,3.1408,7700.0,3.1404,46100.0,3.1414,107300.0,3.1415,163400.0
1753769599162,06:13:19.162,bitmex,XRP/USDT:USDT,3.1408,7700.0,3.1404,46100.0,3.1414,107300.0,3.1415,163400.0
1753769599211,06:13:19.211,bitmex,XRP/USDT:USDT,3.1408,7700.0,3.1404,46100.0,3.1414,107300.0,3.1415,163400.0
1753769599347,06:13:19.347,bitmex,XRP/USDT:USDT,3.1408,7700.0,3.1404,46100.0,3.1414,107300.0,3.1415,163400.0
1753769599396,06:13:19.396,bitmex,XRP/USDT:USDT,3.1408,7700.0,3.1404,46100.0,3.1414,107300.0,3.1416,161600.0
1753769599445,06:13:19.445,bitmex,XRP/USDT:USDT,3.1408,7700.0,3.1404,46100.0,3.1414,107300.0,3.1416,161600.0
1753769599494,06:13:19.494,bitmex,XRP/USDT:USDT,3.1408,7700.0,3.1404,46100.0,3.1414,107300.0,3.1416,161600.0
1753769599611,06:13:19.611,bitmex,XRP/USDT:USDT,3.1408,7700.0,3.1404,46100.0,3.1414,107300.0,3.1416,161600.0
1753769599779,06:13:19.779,bitmex,XRP/USDT:USDT,3.1408,7700.0,3.1404,46100.0,3.1414,107300.0,3.1416,161600.0
1753769599829,06:13:19.829,bitmex,XRP/USDT:USDT,3.1408,7700.0,3.1404,46100.0,3.1414,107300.0,3.1416,161600.0
1753769599887,06:13:19.887,bitmex,XRP/USDT:USDT,3.1408,7700.0,3.1404,46100.0,3.1414,107300.0,3.1416,161600.0
1753769599950,06:13:19.950,bitmex,XRP/USDT:USDT,3.1408,7700.0,3.1404,46100.0,3.1414,107300.0,3.1416,161600.0
1753769599999,06:13:19.999,bitmex,XRP/USDT:USDT,3.1408,7700.0,3.1404,46100.0,3.1414,107300.0,3.1416,161600.0
1753769600048,06:13:20.048,bitmex,XRP/USDT:USDT,3.1408,7700.0,3.1404,46100.0,3.1414,107300.0,3.1416,161600.0
1753769600097,06:13:20.097,bitmex,XRP/USDT:USDT,3.1408,7700.0,3.1404,46100.0,3.1414,107300.0,3.1416,161600.0
1753769600146,06:13:20.146,bitmex,XRP/USDT:USDT,3.1408,7700.0,3.1404,46100.0,3.1414,107300.0,3.1416,161600.0
1753769600299,06:13:20.299,bitmex,XRP/USDT:USDT,3.1408,7700.0,3.1404,46100.0,3.1414,107300.0,3.1416,161600.0
1753769600348,06:13:20.348,bitmex,XRP/USDT:USDT,3.1408,7700.0,3.1404,46100.0,3.1414,107300.0,3.1416,161600.0
1753769600472,06:13:20.472,bitmex,XRP/USDT:USDT,3.1408,7700.0,3.1404,46100.0,3.1414,107300.0,3.1416,161600.0
1753769600521,06:13:20.521,bitmex,XRP/USDT:USDT,3.1408,7700.0,3.1404,46100.0,3.1414,107300.0,3.1416,161600.0
1753769600581,06:13:20.581,bitmex,XRP/USDT:USDT,3.1408,7700.0,3.1404,46100.0,3.1414,107300.0,3.1416,161600.0
1753769600630,06:13:20.630,bitmex,XRP/USDT:USDT,3.1408,7700.0,3.1404,46100.0,3.1414,107300.0,3.1417,334200.0
1753769600679,06:13:20.679,bitmex,XRP/USDT:USDT,3.1409,7700.0,3.1404,46100.0,3.1417,319300.0,3.1418,3501400.0
1753769600728,06:13:20.728,bitmex,XRP/USDT:USDT,3.1409,22300.0,3.1404,46100.0,3.1417,319300.0,3.1419,117800.0
1753769600826,06:13:20.826,bitmex,XRP/USDT:USDT,3.142,7700.0,3.1414,7700.0,3.1421,370000.0,3.1422,372900.0
1753769600875,06:13:20.875,bitmex,XRP/USDT:USDT,3.142,7700.0,3.1416,14600.0,3.1429,372900.0,3.143,385800.0
1753769600924,06:13:20.924,bitmex,XRP/USDT:USDT,3.1417,7700.0,3.1411,11400.0,3.1428,14600.0,3.143,385800.0
1753769600973,06:13:20.973,bitmex,XRP/USDT:USDT,3.1417,7700.0,3.1411,52700.0,3.1428,14600.0,3.1429,3873000.0
1753769601022,06:13:21.022,bitmex,XRP/USDT:USDT,3.1417,7700.0,3.1412,15800.0,3.1426,14600.0,3.1428,387500.0
1753769601071,06:13:21.071,bitmex,XRP/USDT:USDT,3.1417,7700.0,3.1412,15800.0,3.1426,219700.0,3.1427,486300.0
1753769601120,06:13:21.120,bitmex,XRP/USDT:USDT,3.1417,7700.0,3.1412,18900.0,3.1422,107300.0,3.1425,14600.0
1753769601215,06:13:21.215,bitmex,XRP/USDT:USDT,3.1417,7700.0,3.1412,18900.0,3.1422,107300.0,3.1425,14600.0
1753769601264,06:13:21.264,bitmex,XRP/USDT:USDT,3.1417,7700.0,3.1412,18900.0,3.1422,107300.0,3.1425,14600.0
1753769601830,06:13:21.830,bitmex,XRP/USDT:USDT,3.1417,7700.0,3.1412,18900.0,3.1422,106300.0,3.1425,14600.0
1753769601879,06:13:21.879,bitmex,XRP/USDT:USDT,3.1417,7700.0,3.1412,18900.0,3.1422,106300.0,3.1425,14600.0
1753769601928,06:13:21.928,bitmex,XRP/USDT:USDT,3.1417,7700.0,3.1412,18900.0,3.1422,106300.0,3.1425,14600.0
1753769601977,06:13:21.977,bitmex,XRP/USDT:USDT,3.1417,7700.0,3.1412,18900.0,3.1422,106300.0,3.1425,14600.0
1753769602257,06:13:22.257,bitmex,XRP/USDT:USDT,3.1418,7700.0,3.1413,11400.0,3.1422,106300.0,3.1425,125600.0
1753769602306,06:13:22.306,bitmex,XRP/USDT:USDT,3.1418,7700.0,3.1413,11400.0,3.1422,106300.0,3.1425,125600.0
1753769602355,06:13:22.355,bitmex,XRP/USDT:USDT,3.1418,7700.0,3.1413,11400.0,3.1422,106300.0,3.1425,125600.0
1753769602481,06:13:22.481,bitmex,XRP/USDT:USDT,3.1418,7700.0,3.1413,11400.0,3.1422,106300.0,3.1425,14600.0
1753769602730,06:13:22.730,bitmex,XRP/USDT:USDT,3.1418,7700.0,3.1413,11400.0,3.1422,106300.0,3.1425,14600.0
1753769602779,06:13:22.779,bitmex,XRP/USDT:USDT,3.1418,7700.0,3.1413,11400.0,3.1422,106300.0,3.1425,125600.0
1753769603059,06:13:23.059,bitmex,XRP/USDT:USDT,3.1418,7700.0,3.1413,11400.0,3.1422,106300.0,3.1425,125600.0
1753769603207,06:13:23.207,bitmex,XRP/USDT:USDT,3.1418,7700.0,3.1413,11400.0,3.1422,106300.0,3.1425,14600.0
1753769603256,06:13:23.256,bitmex,XRP/USDT:USDT,3.1418,7700.0,3.1413,11400.0,3.1422,106300.0,3.1425,14600.0
1753769603305,06:13:23.305,bitmex,XRP/USDT:USDT,3.1418,7700.0,3.1413,11400.0,3.1422,106300.0,3.1425,14600.0
1753769603572,06:13:23.572,bitmex,XRP/USDT:USDT,3.1418,7700.0,3.1413,11400.0,3.1422,106300.0,3.1428,343300.0
1753769603622,06:13:23.622,bitmex,XRP/USDT:USDT,3.1423,7700.0,3.1413,26000.0,3.1428,202600.0,3.1429,370000.0
1753769603671,06:13:23.671,bitmex,XRP/USDT:USDT,3.1417,7700.0,3.1416,33400.0,3.1429,14600.0,3.143,213900.0
1753769603720,06:13:23.720,bitmex,XRP/USDT:USDT,3.1423,7700.0,3.1418,14600.0,3.143,213900.0,3.1431,384600.0
1753769603769,06:13:23.769,bitmex,XRP/USDT:USDT,3.1423,7700.0,3.1418,11400.0,3.1424,107300.0,3.143,213900.0
1753769603818,06:13:23.818,bitmex,XRP/USDT:USDT,3.1414,7700.0,3.1413,3100.0,3.1424,107300.0,3.1428,14600.0
1753769603867,06:13:23.867,bitmex,XRP/USDT:USDT,3.1422,7700.0,3.1412,3100.0,3.1424,107300.0,3.1428,14600.0
1753769603916,06:13:23.916,bitmex,XRP/USDT:USDT,3.1422,7700.0,3.1417,11400.0,3.1424,107300.0,3.1428,14600.0
1753769603972,06:13:23.972,bitmex,XRP/USDT:USDT,3.1422,7700.0,3.1417,11400.0,3.1424,107300.0,3.1428,14600.0
1753769604021,06:13:24.021,bitmex,XRP/USDT:USDT,3.1422,7700.0,3.1417,11400.0,3.1424,107300.0,3.1428,14600.0
1753769604070,06:13:24.070,bitmex,XRP/USDT:USDT,3.1422,7700.0,3.1417,11400.0,3.1424,107300.0,3.1428,14600.0
1753769604119,06:13:24.119,bitmex,XRP/USDT:USDT,3.1422,7700.0,3.1417,11400.0,3.1424,107300.0,3.1428,14600.0
1753769604168,06:13:24.168,bitmex,XRP/USDT:USDT,3.1422,7700.0,3.1417,11400.0,3.1424,107300.0,3.1428,14600.0
1753769604168,06:13:24.168,bitmex,XRP/USDT:USDT,3.1422,7700.0,3.1417,11400.0,3.1424,107300.0,3.1428,14600.0
1753769604329,06:13:24.329,bitmex,XRP/USDT:USDT,3.1422,7700.0,3.1417,11400.0,3.1424,107300.0,3.1428,14600.0
1753769604378,06:13:24.378,bitmex,XRP/USDT:USDT,3.1422,7700.0,3.1417,11400.0,3.1424,107300.0,3.1428,14600.0
1753769604431,06:13:24.431,bitmex,XRP/USDT:USDT,3.1422,7700.0,3.1417,11400.0,3.1424,107300.0,3.1428,14600.0
1753769604873,06:13:24.873,bitmex,XRP/USDT:USDT,3.1422,7700.0,3.1417,11400.0,3.1424,107300.0,3.1428,14600.0
1753769604923,06:13:24.923,bitmex,XRP/USDT:USDT,3.1412,17700.0,3.141,1056500.0,3.1424,107300.0,3.1428,14600.0
1753769605183,06:13:25.183,bitmex,XRP/USDT:USDT,3.1412,17700.0,3.141,1056500.0,3.1424,107300.0,3.1428,14600.0
1753769605606,06:13:25.606,bitmex,XRP/USDT:USDT,3.1412,17700.0,3.141,1056500.0,3.1424,107300.0,3.143,345700.0
1753769605840,06:13:25.840,bitmex,XRP/USDT:USDT,3.1412,17700.0,3.141,1056500.0,3.1424,107300.0,3.143,345700.0
1753769605889,06:13:25.889,bitmex,XRP/USDT:USDT,3.1412,17700.0,3.141,1056500.0,3.1424,107300.0,3.1428,14600.0
1753769605962,06:13:25.962,bitmex,XRP/USDT:USDT,3.1412,17700.0,3.141,1056500.0,3.1424,107300.0,3.1428,14600.0
1753769606128,06:13:26.128,bitmex,XRP/USDT:USDT,3.1412,17700.0,3.141,1056500.0,3.1424,107300.0,3.1428,14600.0
1753769606177,06:13:26.177,bitmex,XRP/USDT:USDT,3.1412,17700.0,3.141,1056500.0,3.1424,107300.0,3.1428,14600.0
1753769606474,06:13:26.474,bitmex,XRP/USDT:USDT,3.1412,17700.0,3.141,1056500.0,3.1424,107300.0,3.1428,14600.0
1753769606523,06:13:26.523,bitmex,XRP/USDT:USDT,3.1412,17700.0,3.141,1056500.0,3.1424,107300.0,3.1428,14600.0
1753769606572,06:13:26.572,bitmex,XRP/USDT:USDT,3.1412,17700.0,3.141,1056500.0,3.1428,14600.0,3.143,345700.0
1753769606621,06:13:26.621,bitmex,XRP/USDT:USDT,3.1423,7700.0,3.1418,14600.0,3.143,345700.0,3.1431,384600.0
1753769606670,06:13:26.670,bitmex,XRP/USDT:USDT,3.1423,7700.0,3.1418,26100.0,3.1425,107300.0,3.143,345700.0
1753769606719,06:13:26.719,bitmex,XRP/USDT:USDT,3.1423,7700.0,3.1418,26100.0,3.1425,107300.0,3.1429,14600.0
1753769606768,06:13:26.768,bitmex,XRP/USDT:USDT,3.1413,17700.0,3.1412,988100.0,3.1425,107300.0,3.1429,14600.0
1753769606817,06:13:26.817,bitmex,XRP/USDT:USDT,3.1413,17700.0,3.1412,988100.0,3.1425,107300.0,3.1429,14600.0
1753769606867,06:13:26.867,bitmex,XRP/USDT:USDT,3.1413,17700.0,3.1412,988100.0,3.1429,14600.0,3.143,345700.0
1753769606916,06:13:26.916,bitmex,XRP/USDT:USDT,3.1426,7700.0,3.1418,14600.0,3.1431,484800.0,3.1432,372900.0
1753769606965,06:13:26.965,bitmex,XRP/USDT:USDT,3.1418,14600.0,3.1415,939600.0,3.1431,484800.0,3.1432,372900.0
1753769607014,06:13:27.014,bitmex,XRP/USDT:USDT,3.1418,14600.0,3.1415,939600.0,3.1431,484800.0,3.1432,372900.0
1753769607063,06:13:27.063,bitmex,XRP/USDT:USDT,3.1427,7700.0,3.1422,11500.0,3.1428,107300.0,3.1431,484800.0
1753769607210,06:13:27.210,bitmex,XRP/USDT:USDT,3.1418,14600.0,3.1415,939600.0,3.1428,107300.0,3.1433,127600.0
1753769607259,06:13:27.259,bitmex,XRP/USDT:USDT,3.1418,14600.0,3.1415,939600.0,3.1428,107300.0,3.1433,127600.0
1753769607349,06:13:27.349,bitmex,XRP/USDT:USDT,3.1418,14600.0,3.1415,939600.0,3.1428,107300.0,3.1433,127600.0
1753769607554,06:13:27.554,bitmex,XRP/USDT:USDT,3.1418,14600.0,3.1415,939600.0,3.1428,107300.0,3.1433,127600.0
1753769607754,06:13:27.754,bitmex,XRP/USDT:USDT,3.1418,14600.0,3.1415,939600.0,3.1428,107300.0,3.1433,127600.0
1753769607803,06:13:27.803,bitmex,XRP/USDT:USDT,3.1418,14600.0,3.1415,939600.0,3.1428,107300.0,3.1433,127600.0
1753769608755,06:13:28.755,bitmex,XRP/USDT:USDT,3.1418,14600.0,3.1415,939600.0,3.1428,107300.0,3.143,14600.0
1753769608805,06:13:28.805,bitmex,XRP/USDT:USDT,3.1418,14600.0,3.1415,939600.0,3.1428,107300.0,3.143,14600.0
1753769608854,06:13:28.854,bitmex,XRP/USDT:USDT,3.1418,14600.0,3.1415,939600.0,3.1428,107300.0,3.143,14600.0
1753769608985,06:13:28.985,bitmex,XRP/USDT:USDT,3.1418,14600.0,3.1415,939600.0,3.1428,107300.0,3.143,14600.0
1753769609038,06:13:29.038,bitmex,XRP/USDT:USDT,3.1418,14600.0,3.1415,939600.0,3.1428,107300.0,3.143,14600.0
1753769609088,06:13:29.088,bitmex,XRP/USDT:USDT,3.1418,14600.0,3.1415,939600.0,3.1428,107300.0,3.143,14600.0
1753769609137,06:13:29.137,bitmex,XRP/USDT:USDT,3.1418,14600.0,3.1415,939600.0,3.1428,107300.0,3.143,14600.0
1753769609232,06:13:29.232,bitmex,XRP/USDT:USDT,3.1418,14600.0,3.1415,939600.0,3.1428,107300.0,3.143,14600.0
1753769609312,06:13:29.312,bitmex,XRP/USDT:USDT,3.1418,14600.0,3.1415,939600.0,3.1428,107300.0,3.143,14600.0
1753769609361,06:13:29.361,bitmex,XRP/USDT:USDT,3.1418,14600.0,3.1415,939600.0,3.1428,107300.0,3.143,14600.0
1753769610330,06:13:30.330,bitmex,XRP/USDT:USDT,3.1418,14600.0,3.1415,939600.0,3.143,14600.0,3.1432,179800.0
1753769610380,06:13:30.380,bitmex,XRP/USDT:USDT,3.1425,7700.0,3.1418,14600.0,3.143,14600.0,3.1432,179800.0
1753769610429,06:13:30.429,bitmex,XRP/USDT:USDT,3.1425,7700.0,3.142,15800.0,3.143,14600.0,3.1432,179800.0
1753769610478,06:13:30.478,bitmex,XRP/USDT:USDT,3.1425,7700.0,3.142,15800.0,3.1429,107300.0,3.143,14600.0
1753769610640,06:13:30.640,bitmex,XRP/USDT:USDT,3.1425,7700.0,3.142,15800.0,3.1429,107300.0,3.143,14600.0
1753769610850,06:13:30.850,bitmex,XRP/USDT:USDT,3.1425,7700.0,3.142,15800.0,3.1429,107300.0,3.1432,118300.0
1753769610998,06:13:30.998,bitmex,XRP/USDT:USDT,3.1425,7700.0,3.142,15800.0,3.1429,107300.0,3.1433,14600.0
1753769611145,06:13:31.145,bitmex,XRP/USDT:USDT,3.1425,7700.0,3.142,15800.0,3.1429,107300.0,3.1433,14600.0
1753769611194,06:13:31.194,bitmex,XRP/USDT:USDT,3.1425,7700.0,3.142,15800.0,3.1429,107300.0,3.1433,14600.0
1753769611347,06:13:31.347,bitmex,XRP/USDT:USDT,3.1425,7700.0,3.142,15800.0,3.1429,107300.0,3.1433,14600.0
1753769611396,06:13:31.396,bitmex,XRP/USDT:USDT,3.1425,7700.0,3.142,15800.0,3.1429,107300.0,3.1433,14600.0
1753769611445,06:13:31.445,bitmex,XRP/USDT:USDT,3.1425,7700.0,3.142,15800.0,3.1429,107300.0,3.1433,14600.0
1753769611494,06:13:31.494,bitmex,XRP/USDT:USDT,3.1425,7700.0,3.142,15800.0,3.1429,107300.0,3.1433,14600.0
1753769611543,06:13:31.543,bitmex,XRP/USDT:USDT,3.1425,7700.0,3.142,15800.0,3.1429,107300.0,3.1433,14600.0
1753769611617,06:13:31.617,bitmex,XRP/USDT:USDT,3.1425,7700.0,3.142,15800.0,3.1429,107300.0,3.1433,14600.0
1753769612251,06:13:32.251,bitmex,XRP/USDT:USDT,3.1425,7700.0,3.142,15800.0,3.1429,107300.0,3.1433,14600.0
1753769612301,06:13:32.301,bitmex,XRP/USDT:USDT,3.142,15800.0,3.1418,14600.0,3.1429,107300.0,3.1433,14600.0
1753769612350,06:13:32.350,bitmex,XRP/USDT:USDT,3.1418,14600.0,3.1415,1046900.0,3.1429,107300.0,3.1433,14600.0
1753769612407,06:13:32.407,bitmex,XRP/USDT:USDT,3.1418,14600.0,3.1415,1046900.0,3.1429,107300.0,3.1433,14600.0
1753769612457,06:13:32.457,bitmex,XRP/USDT:USDT,3.1418,14600.0,3.1415,1046900.0,3.1429,107300.0,3.1433,14600.0
1753769612762,06:13:32.762,bitmex,XRP/USDT:USDT,3.1419,7700.0,3.1418,14600.0,3.1429,107300.0,3.1433,14600.0
1753769612812,06:13:32.812,bitmex,XRP/USDT:USDT,3.1425,7700.0,3.1419,15200.0,3.1429,107300.0,3.1433,125600.0
1753769612861,06:13:32.861,bitmex,XRP/USDT:USDT,3.1425,7700.0,3.142,16000.0,3.1429,107300.0,3.1431,15200.0
1753769612926,06:13:32.926,bitmex,XRP/USDT:USDT,3.1425,7700.0,3.142,16000.0,3.1429,107300.0,3.1431,15200.0
1753769613304,06:13:33.304,bitmex,XRP/USDT:USDT,3.1425,7700.0,3.142,16000.0,3.1429,107300.0,3.1431,15200.0
1753769613732,06:13:33.732,bitmex,XRP/USDT:USDT,3.1425,7700.0,3.142,16000.0,3.1429,107300.0,3.1431,15200.0
1753769613965,06:13:33.965,bitmex,XRP/USDT:USDT,3.142,7700.0,3.1419,7700.0,3.1428,15200.0,3.1429,107300.0
1753769614112,06:13:34.112,bitmex,XRP/USDT:USDT,3.1424,7700.0,3.1416,18300.0,3.1429,107300.0,3.1431,15200.0
1753769614161,06:13:34.161,bitmex,XRP/USDT:USDT,3.1424,7700.0,3.1419,11500.0,3.1429,107300.0,3.1431,15200.0
1753769614228,06:13:34.228,bitmex,XRP/USDT:USDT,3.1424,7700.0,3.1419,11500.0,3.1429,107300.0,3.1431,15200.0
1753769614425,06:13:34.425,bitmex,XRP/USDT:USDT,3.142,16100.0,3.1416,15200.0,3.1429,32200.0,3.143,107300.0
1753769614474,06:13:34.474,bitmex,XRP/USDT:USDT,3.1415,107300.0,3.1413,14600.0,3.1428,15200.0,3.1429,32200.0
1753769614671,06:13:34.671,bitmex,XRP/USDT:USDT,3.1416,19200.0,3.1409,15200.0,3.1428,15200.0,3.1429,3499500.0
1753769614867,06:13:34.867,bitmex,XRP/USDT:USDT,3.1416,31300.0,3.1412,122500.0,3.1428,15200.0,3.143,3606800.0
1753769615218,06:13:35.218,bitmex,XRP/USDT:USDT,3.1423,7700.0,3.1418,13200.0,3.1428,15200.0,3.1429,32200.0
1753769615316,06:13:35.316,bitmex,XRP/USDT:USDT,3.1424,7700.0,3.1418,13200.0,3.1429,32200.0,3.143,107300.0
1753769615365,06:13:35.365,bitmex,XRP/USDT:USDT,3.1424,7700.0,3.1418,51400.0,3.1429,32200.0,3.143,107300.0
1753769615414,06:13:35.414,bitmex,XRP/USDT:USDT,3.1424,7700.0,3.1419,11500.0,3.1429,32200.0,3.143,107300.0
1753769615670,06:13:35.670,bitmex,XRP/USDT:USDT,3.1424,7700.0,3.1419,11500.0,3.1429,32200.0,3.143,107300.0
1753769615818,06:13:35.818,bitmex,XRP/USDT:USDT,3.1413,52000.0,3.1412,950900.0,3.1428,15200.0,3.1429,32200.0
1753769615867,06:13:35.867,bitmex,XRP/USDT:USDT,3.1413,52000.0,3.1412,950900.0,3.1428,15200.0,3.1429,32200.0
1753769616006,06:13:36.006,bitmex,XRP/USDT:USDT,3.1413,52000.0,3.1412,950900.0,3.1428,15200.0,3.1429,32200.0
1753769616119,06:13:36.119,bitmex,XRP/USDT:USDT,3.1413,52000.0,3.1412,950900.0,3.1428,15200.0,3.1429,32200.0
1753769616175,06:13:36.175,bitmex,XRP/USDT:USDT,3.1413,52000.0,3.1412,950900.0,3.1428,15200.0,3.1429,32200.0
1753769616273,06:13:36.273,bitmex,XRP/USDT:USDT,3.1424,7700.0,3.1418,15200.0,3.1429,32200.0,3.143,107300.0
1753769616322,06:13:36.322,bitmex,XRP/USDT:USDT,3.1424,7700.0,3.1419,16000.0,3.1429,32200.0,3.143,107300.0
1753769616371,06:13:36.371,bitmex,XRP/USDT:USDT,3.1424,7700.0,3.1419,16000.0,3.1429,32200.0,3.143,107300.0
1753769616517,06:13:36.517,bitmex,XRP/USDT:USDT,3.1424,7700.0,3.1419,16000.0,3.1429,32200.0,3.143,107300.0
1753769616567,06:13:36.567,bitmex,XRP/USDT:USDT,3.1424,7700.0,3.1419,16000.0,3.1429,47400.0,3.143,107300.0
1753769616706,06:13:36.706,bitmex,XRP/USDT:USDT,3.1424,7700.0,3.1419,16000.0,3.1429,47400.0,3.1431,458100.0
1753769616756,06:13:36.756,bitmex,XRP/USDT:USDT,3.1424,7700.0,3.1419,11500.0,3.1427,107300.0,3.1429,15200.0
1753769616805,06:13:36.805,bitmex,XRP/USDT:USDT,3.1424,7700.0,3.1419,11500.0,3.1427,107300.0,3.1429,15200.0
1753769617009,06:13:37.009,bitmex,XRP/USDT:USDT,3.1424,7700.0,3.1419,11500.0,3.1427,107300.0,3.1429,15200.0
1753769617059,06:13:37.059,bitmex,XRP/USDT:USDT,3.1424,7700.0,3.1419,11500.0,3.1427,107300.0,3.1429,15200.0
1753769617108,06:13:37.108,bitmex,XRP/USDT:USDT,3.1424,7700.0,3.1419,11500.0,3.1427,107300.0,3.1429,15200.0
1753769617176,06:13:37.176,bitmex,XRP/USDT:USDT,3.1424,7700.0,3.1419,11500.0,3.1427,107300.0,3.1429,15200.0
1753769617225,06:13:37.225,bitmex,XRP/USDT:USDT,3.1414,3100.0,3.1413,36800.0,3.1427,107300.0,3.1429,15200.0
1753769617570,06:13:37.570,bitmex,XRP/USDT:USDT,3.1423,7700.0,3.1418,11500.0,3.1427,107300.0,3.1429,15200.0
1753769617771,06:13:37.771,bitmex,XRP/USDT:USDT,3.1424,7700.0,3.1423,7700.0,3.1427,107300.0,3.1429,15200.0
1753769617821,06:13:37.821,bitmex,XRP/USDT:USDT,3.1425,7700.0,3.1418,11500.0,3.1427,107300.0,3.1429,15200.0
1753769617870,06:13:37.870,bitmex,XRP/USDT:USDT,3.1425,7700.0,3.1419,38300.0,3.1427,107300.0,3.1429,15200.0
1753769617938,06:13:37.938,bitmex,XRP/USDT:USDT,3.1425,7700.0,3.1419,38300.0,3.1427,107300.0,3.1429,15200.0
1753769617988,06:13:37.988,bitmex,XRP/USDT:USDT,3.1425,7700.0,3.1419,38300.0,3.1427,107300.0,3.1429,15200.0
1753769618037,06:13:38.037,bitmex,XRP/USDT:USDT,3.1419,16100.0,3.1415,15200.0,3.1427,107300.0,3.1429,15200.0
1753769618086,06:13:38.086,bitmex,XRP/USDT:USDT,3.1419,16100.0,3.1415,15200.0,3.1427,107300.0,3.1429,15200.0
1753769618155,06:13:38.155,bitmex,XRP/USDT:USDT,3.1419,16100.0,3.1415,15200.0,3.1427,107300.0,3.1429,15200.0
1753769618204,06:13:38.204,bitmex,XRP/USDT:USDT,3.1419,16100.0,3.1415,15200.0,3.1427,107300.0,3.1429,15200.0
1753769618767,06:13:38.767,bitmex,XRP/USDT:USDT,3.1419,16100.0,3.1415,15200.0,3.1427,107300.0,3.1429,15200.0
1753769618817,06:13:38.817,bitmex,XRP/USDT:USDT,3.1419,16100.0,3.1415,15200.0,3.1427,107300.0,3.1429,15200.0
1753769618897,06:13:38.897,bitmex,XRP/USDT:USDT,3.1419,16100.0,3.1415,15200.0,3.1427,107300.0,3.1429,15200.0
1753769618955,06:13:38.955,bitmex,XRP/USDT:USDT,3.1419,16100.0,3.1415,15200.0,3.1427,107300.0,3.1429,15200.0
1753769619005,06:13:39.005,bitmex,XRP/USDT:USDT,3.1419,31300.0,3.1415,15200.0,3.1427,107300.0,3.1429,15200.0
1753769619054,06:13:39.054,bitmex,XRP/USDT:USDT,3.1419,31300.0,3.1415,15200.0,3.1427,107300.0,3.1429,15200.0
1753769619127,06:13:39.127,bitmex,XRP/USDT:USDT,3.1419,31300.0,3.1415,15200.0,3.1427,107300.0,3.1429,15200.0
1753769619176,06:13:39.176,bitmex,XRP/USDT:USDT,3.1424,7700.0,3.1423,7700.0,3.1427,107300.0,3.1431,458100.0
1753769619225,06:13:39.225,bitmex,XRP/USDT:USDT,3.1424,7700.0,3.1415,15200.0,3.1427,107300.0,3.1431,458100.0
1753769619274,06:13:39.274,bitmex,XRP/USDT:USDT,3.1424,7700.0,3.1419,11500.0,3.1427,107300.0,3.1431,458100.0
1753769619323,06:13:39.323,bitmex,XRP/USDT:USDT,3.1424,7700.0,3.1419,11500.0,3.1427,107300.0,3.1431,458100.0
1753769619372,06:13:39.372,bitmex,XRP/USDT:USDT,3.1424,7700.0,3.1419,11500.0,3.1427,107300.0,3.1431,458100.0
1753769619637,06:13:39.637,bitmex,XRP/USDT:USDT,3.1424,7700.0,3.1419,11500.0,3.1427,107300.0,3.1431,458100.0
1753769619823,06:13:39.823,bitmex,XRP/USDT:USDT,3.1419,11500.0,3.1418,38300.0,3.1427,107300.0,3.1431,458100.0
1753769619872,06:13:39.872,bitmex,XRP/USDT:USDT,3.1415,15200.0,3.1414,3100.0,3.1427,107300.0,3.1429,15000.0
1753769619921,06:13:39.921,bitmex,XRP/USDT:USDT,3.1415,15200.0,3.1414,3100.0,3.1427,107300.0,3.1429,15000.0
1753769619970,06:13:39.970,bitmex,XRP/USDT:USDT,3.1415,15200.0,3.1414,3100.0,3.1427,107300.0,3.1429,15000.0
1753769620019,06:13:40.019,bitmex,XRP/USDT:USDT,3.1415,15200.0,3.1414,3100.0,3.1427,107300.0,3.1429,15000.0
1753769620147,06:13:40.147,bitmex,XRP/USDT:USDT,3.1415,15200.0,3.1414,3100.0,3.1427,107300.0,3.1429,15000.0
1753769620196,06:13:40.196,bitmex,XRP/USDT:USDT,3.1415,15200.0,3.1414,3100.0,3.1427,107300.0,3.1429,15000.0
1753769620245,06:13:40.245,bitmex,XRP/USDT:USDT,3.1415,15200.0,3.1414,3100.0,3.1427,107300.0,3.1429,15000.0
1753769620294,06:13:40.294,bitmex,XRP/USDT:USDT,3.1415,15200.0,3.1414,3100.0,3.1427,107300.0,3.1429,15000.0
1753769620343,06:13:40.343,bitmex,XRP/USDT:USDT,3.1415,15200.0,3.1414,3100.0,3.1427,107300.0,3.1429,15000.0
1753769620392,06:13:40.392,bitmex,XRP/USDT:USDT,3.1415,15200.0,3.1414,3100.0,3.1427,107300.0,3.1429,15000.0
1753769620958,06:13:40.958,bitmex,XRP/USDT:USDT,3.1418,22700.0,3.1414,3100.0,3.1427,107300.0,3.1431,442900.0
1753769621007,06:13:41.007,bitmex,XRP/USDT:USDT,3.1418,22700.0,3.1414,3100.0,3.1427,107300.0,3.1432,252800.0
1753769621056,06:13:41.056,bitmex,XRP/USDT:USDT,3.1418,22700.0,3.1414,3100.0,3.1427,107300.0,3.1432,252800.0
1753769621355,06:13:41.355,bitmex,XRP/USDT:USDT,3.1418,22700.0,3.1414,3100.0,3.1427,107300.0,3.1431,15000.0
1753769621404,06:13:41.404,bitmex,XRP/USDT:USDT,3.1418,22700.0,3.1414,3100.0,3.1427,107300.0,3.1431,15000.0
1753769621455,06:13:41.455,bitmex,XRP/USDT:USDT,3.1418,22700.0,3.1414,3100.0,3.1427,107300.0,3.1431,15000.0
1753769621505,06:13:41.505,bitmex,XRP/USDT:USDT,3.1418,22700.0,3.1414,3100.0,3.1427,107300.0,3.1431,15000.0
1753769621554,06:13:41.554,bitmex,XRP/USDT:USDT,3.1418,22700.0,3.1414,3100.0,3.1427,107300.0,3.1431,15000.0
1753769621670,06:13:41.670,bitmex,XRP/USDT:USDT,3.1418,22700.0,3.1414,3100.0,3.1427,107300.0,3.1431,15000.0
1753769621719,06:13:41.719,bitmex,XRP/USDT:USDT,3.1418,22700.0,3.1414,3100.0,3.1427,107300.0,3.1431,15000.0
1753769621768,06:13:41.768,bitmex,XRP/USDT:USDT,3.1418,22700.0,3.1414,3100.0,3.1427,107300.0,3.1431,15000.0
1753769622771,06:13:42.771,bitmex,XRP/USDT:USDT,3.1418,7700.0,3.1414,3100.0,3.1427,107300.0,3.1431,15000.0
1753769622868,06:13:42.868,bitmex,XRP/USDT:USDT,3.1418,7700.0,3.1414,3100.0,3.1427,107300.0,3.1431,15000.0
1753769622924,06:13:42.924,bitmex,XRP/USDT:USDT,3.1418,7700.0,3.1414,3100.0,3.1427,107300.0,3.1431,15000.0
1753769623060,06:13:43.060,bitmex,XRP/USDT:USDT,3.1418,7700.0,3.1414,3100.0,3.1427,107300.0,3.1431,15000.0
1753769623110,06:13:43.110,bitmex,XRP/USDT:USDT,3.1418,22700.0,3.1414,3100.0,3.1427,107300.0,3.1431,15000.0
1753769623159,06:13:43.159,bitmex,XRP/USDT:USDT,3.1418,22700.0,3.1414,3100.0,3.1427,107300.0,3.1431,15000.0
1753769623322,06:13:43.322,bitmex,XRP/USDT:USDT,3.1418,22700.0,3.1414,3100.0,3.1427,107300.0,3.1431,15000.0
1753769623371,06:13:43.371,bitmex,XRP/USDT:USDT,3.1418,22700.0,3.1414,3100.0,3.1427,107300.0,3.1431,15000.0
1753769623420,06:13:43.420,bitmex,XRP/USDT:USDT,3.1418,22700.0,3.1414,3100.0,3.1427,107300.0,3.1431,15000.0
1753769623469,06:13:43.469,bitmex,XRP/USDT:USDT,3.1418,22700.0,3.1414,3100.0,3.1427,107300.0,3.1431,15000.0
1753769623518,06:13:43.518,bitmex,XRP/USDT:USDT,3.1418,22700.0,3.1414,3100.0,3.1427,107300.0,3.1431,15000.0
1753769623567,06:13:43.567,bitmex,XRP/USDT:USDT,3.1418,22700.0,3.1414,3100.0,3.1427,107300.0,3.1431,15000.0
1753769623616,06:13:43.616,bitmex,XRP/USDT:USDT,3.1418,22700.0,3.1414,3100.0,3.1427,107300.0,3.1431,15000.0
1753769623720,06:13:43.720,bitmex,XRP/USDT:USDT,3.1418,22700.0,3.1414,3100.0,3.1427,107300.0,3.1431,15000.0
1753769623916,06:13:43.916,bitmex,XRP/USDT:USDT,3.1418,7700.0,3.1414,3100.0,3.1427,107300.0,3.1431,15000.0
1753769623984,06:13:43.984,bitmex,XRP/USDT:USDT,3.1418,7700.0,3.1414,3100.0,3.1427,107300.0,3.1431,15000.0
1753769624288,06:13:44.288,bitmex,XRP/USDT:USDT,3.1418,7700.0,3.1414,3100.0,3.1427,107300.0,3.1431,15000.0
1753769624338,06:13:44.338,bitmex,XRP/USDT:USDT,3.1418,22700.0,3.1414,3100.0,3.1427,107300.0,3.1431,15000.0
1753769624899,06:13:44.899,bitmex,XRP/USDT:USDT,3.1418,22700.0,3.1414,3100.0,3.1427,107300.0,3.1431,15000.0
1753769625019,06:13:45.019,bitmex,XRP/USDT:USDT,3.1418,22700.0,3.1414,3100.0,3.1427,107300.0,3.1431,15000.0
1753769625187,06:13:45.187,bitmex,XRP/USDT:USDT,3.1418,22700.0,3.1414,3100.0,3.1427,107300.0,3.1431,15000.0
1753769625327,06:13:45.327,bitmex,XRP/USDT:USDT,3.1418,22700.0,3.1414,3100.0,3.1427,107300.0,3.1431,15000.0
1753769625725,06:13:45.725,bitmex,XRP/USDT:USDT,3.1418,22700.0,3.1414,3100.0,3.1427,107300.0,3.1431,15000.0
1753769626536,06:13:46.536,bitmex,XRP/USDT:USDT,3.1418,22700.0,3.1414,3100.0,3.1427,107300.0,3.1431,15000.0
1753769626585,06:13:46.585,bitmex,XRP/USDT:USDT,3.1418,22700.0,3.1414,3100.0,3.1427,107300.0,3.1431,15000.0
1753769626709,06:13:46.709,bitmex,XRP/USDT:USDT,3.1418,22700.0,3.1414,3100.0,3.1427,107300.0,3.1431,15000.0
1753769626759,06:13:46.759,bitmex,XRP/USDT:USDT,3.1418,22700.0,3.1414,3100.0,3.1427,107300.0,3.1431,15000.0
1753769626878,06:13:46.878,bitmex,XRP/USDT:USDT,3.1418,22700.0,3.1414,3100.0,3.1427,107300.0,3.1431,15000.0
1753769627206,06:13:47.206,bitmex,XRP/USDT:USDT,3.1419,7700.0,3.1418,22700.0,3.1427,107300.0,3.1431,15000.0
1753769627255,06:13:47.255,bitmex,XRP/USDT:USDT,3.1426,7700.0,3.1421,11500.0,3.1427,107300.0,3.1433,21400.0
1753769627304,06:13:47.304,bitmex,XRP/USDT:USDT,3.1426,7700.0,3.1421,11500.0,3.1427,107300.0,3.1433,21400.0
1753769627353,06:13:47.353,bitmex,XRP/USDT:USDT,3.1426,7700.0,3.1421,11500.0,3.1427,107300.0,3.1433,21400.0
1753769627402,06:13:47.402,bitmex,XRP/USDT:USDT,3.1426,7700.0,3.1421,11500.0,3.1427,107300.0,3.1433,21400.0
1753769627708,06:13:47.708,bitmex,XRP/USDT:USDT,3.1426,7700.0,3.1421,11500.0,3.1433,21400.0,3.1434,429100.0
1753769627758,06:13:47.758,bitmex,XRP/USDT:USDT,3.1426,7700.0,3.1421,11500.0,3.1433,21400.0,3.1434,429100.0
1753769627807,06:13:47.807,bitmex,XRP/USDT:USDT,3.1426,7700.0,3.1421,11500.0,3.1433,21400.0,3.1434,429100.0
1753769627856,06:13:47.856,bitmex,XRP/USDT:USDT,3.1427,7700.0,3.1421,11500.0,3.1432,107300.0,3.1433,21400.0
1753769627954,06:13:47.954,bitmex,XRP/USDT:USDT,3.1428,7700.0,3.1421,15000.0,3.1434,429100.0,3.1435,3514700.0
1753769628003,06:13:48.003,bitmex,XRP/USDT:USDT,3.1429,7700.0,3.1423,11500.0,3.1432,107300.0,3.1434,15000.0
1753769628052,06:13:48.052,bitmex,XRP/USDT:USDT,3.1419,15000.0,3.1415,878700.0,3.1432,107300.0,3.1434,15000.0
1753769628101,06:13:48.101,bitmex,XRP/USDT:USDT,3.1419,15000.0,3.1415,878700.0,3.1432,107300.0,3.1434,15000.0
1753769628199,06:13:48.199,bitmex,XRP/USDT:USDT,3.1419,15000.0,3.1415,878700.0,3.1432,107300.0,3.1434,15000.0
1753769628248,06:13:48.248,bitmex,XRP/USDT:USDT,3.1419,15000.0,3.1415,893700.0,3.1432,107300.0,3.1434,15000.0
1753769628297,06:13:48.297,bitmex,XRP/USDT:USDT,3.1419,15000.0,3.1415,893700.0,3.1432,107300.0,3.1434,15000.0
1753769628346,06:13:48.346,bitmex,XRP/USDT:USDT,3.1419,15000.0,3.1415,893700.0,3.1432,107300.0,3.1434,15000.0
1753769628694,06:13:48.694,bitmex,XRP/USDT:USDT,3.1419,15000.0,3.1415,893700.0,3.1434,15000.0,3.1435,308500.0
1753769628743,06:13:48.743,bitmex,XRP/USDT:USDT,3.1428,7700.0,3.1422,15000.0,3.1435,308500.0,3.1436,3733600.0
1753769628792,06:13:48.792,bitmex,XRP/USDT:USDT,3.1428,7700.0,3.1423,16000.0,3.1435,308500.0,3.1436,3733600.0
1753769628841,06:13:48.841,bitmex,XRP/USDT:USDT,3.1429,7700.0,3.1428,7700.0,3.1435,323500.0,3.1436,3733600.0
1753769628890,06:13:48.890,bitmex,XRP/USDT:USDT,3.143,7700.0,3.1424,38400.0,3.1435,15000.0,3.1436,234200.0
1753769628988,06:13:48.988,bitmex,XRP/USDT:USDT,3.143,7700.0,3.1424,38400.0,3.1434,107200.0,3.1435,15000.0
1753769629037,06:13:49.037,bitmex,XRP/USDT:USDT,3.143,7700.0,3.1424,38400.0,3.1434,107200.0,3.1435,15000.0
1753769629086,06:13:49.086,bitmex,XRP/USDT:USDT,3.143,7700.0,3.1424,38400.0,3.1434,107200.0,3.1435,15000.0
1753769629135,06:13:49.135,bitmex,XRP/USDT:USDT,3.143,7700.0,3.1424,38400.0,3.1434,107200.0,3.1435,15000.0
1753769629228,06:13:49.228,bitmex,XRP/USDT:USDT,3.143,7700.0,3.1424,38400.0,3.1434,107200.0,3.1435,15000.0
1753769629430,06:13:49.430,bitmex,XRP/USDT:USDT,3.143,7700.0,3.1424,38400.0,3.1434,107200.0,3.1435,15000.0
1753769629479,06:13:49.479,bitmex,XRP/USDT:USDT,3.143,7700.0,3.1424,38400.0,3.1434,107200.0,3.1435,15000.0
1753769629598,06:13:49.598,bitmex,XRP/USDT:USDT,3.143,7700.0,3.1424,38400.0,3.1434,107200.0,3.1435,15000.0
1753769629648,06:13:49.648,bitmex,XRP/USDT:USDT,3.1419,36200.0,3.1418,107200.0,3.1432,15000.0,3.1433,32200.0
1753769629795,06:13:49.795,bitmex,XRP/USDT:USDT,3.1423,7700.0,3.1418,11500.0,3.1429,47200.0,3.143,107200.0
1753769629844,06:13:49.844,bitmex,XRP/USDT:USDT,3.1423,7700.0,3.1418,11500.0,3.1429,47200.0,3.143,345700.0
1753769629893,06:13:49.893,bitmex,XRP/USDT:USDT,3.1423,7700.0,3.1418,11500.0,3.1429,47200.0,3.143,345700.0
1753769629942,06:13:49.942,bitmex,XRP/USDT:USDT,3.1423,7700.0,3.1418,11500.0,3.1429,47200.0,3.143,345700.0
1753769630073,06:13:50.073,bitmex,XRP/USDT:USDT,3.1423,7700.0,3.1418,11500.0,3.1429,47200.0,3.143,345700.0
1753769630234,06:13:50.234,bitmex,XRP/USDT:USDT,3.1423,7700.0,3.1418,11500.0,3.1429,47200.0,3.143,345700.0
1753769630284,06:13:50.284,bitmex,XRP/USDT:USDT,3.1423,7700.0,3.1418,11500.0,3.1429,32200.0,3.143,107200.0
1753769630337,06:13:50.337,bitmex,XRP/USDT:USDT,3.1423,7700.0,3.1418,11500.0,3.1429,32200.0,3.143,107200.0
1753769630387,06:13:50.387,bitmex,XRP/USDT:USDT,3.1423,7700.0,3.1418,11500.0,3.1429,32200.0,3.143,107200.0
1753769630436,06:13:50.436,bitmex,XRP/USDT:USDT,3.1423,7700.0,3.1418,11500.0,3.1429,32200.0,3.143,107200.0
1753769630522,06:13:50.522,bitmex,XRP/USDT:USDT,3.1423,7700.0,3.1418,11500.0,3.1429,32200.0,3.143,107200.0
1753769630571,06:13:50.571,bitmex,XRP/USDT:USDT,3.1423,7700.0,3.1418,11500.0,3.1429,32200.0,3.143,107200.0
1753769630620,06:13:50.620,bitmex,XRP/USDT:USDT,3.1423,7700.0,3.1418,11500.0,3.1429,32200.0,3.143,107200.0
1753769630883,06:13:50.883,bitmex,XRP/USDT:USDT,3.1424,7700.0,3.1419,11500.0,3.143,107200.0,3.1432,15000.0
1753769630964,06:13:50.964,bitmex,XRP/USDT:USDT,3.1424,7700.0,3.1419,11500.0,3.143,107200.0,3.1432,15000.0
1753769631014,06:13:51.014,bitmex,XRP/USDT:USDT,3.1424,7700.0,3.1419,11500.0,3.143,107200.0,3.1434,15000.0
1753769631389,06:13:51.389,bitmex,XRP/USDT:USDT,3.1424,7700.0,3.1419,11500.0,3.143,107200.0,3.1434,15000.0
1753769631439,06:13:51.439,bitmex,XRP/USDT:USDT,3.1424,7700.0,3.1419,11500.0,3.143,107200.0,3.1434,15000.0
1753769631851,06:13:51.851,bitmex,XRP/USDT:USDT,3.1424,7700.0,3.1419,11500.0,3.143,107200.0,3.1434,15000.0
1753769632099,06:13:52.099,bitmex,XRP/USDT:USDT,3.1424,7700.0,3.1419,11500.0,3.143,107200.0,3.1434,15000.0
1753769632148,06:13:52.148,bitmex,XRP/USDT:USDT,3.1424,7700.0,3.1419,11500.0,3.143,107200.0,3.1434,15000.0
1753769632426,06:13:52.426,bitmex,XRP/USDT:USDT,3.1424,7700.0,3.1419,11500.0,3.1429,15000.0,3.143,107200.0
1753769632476,06:13:52.476,bitmex,XRP/USDT:USDT,3.1424,7700.0,3.1419,11500.0,3.1429,15000.0,3.143,107200.0
1753769632525,06:13:52.525,bitmex,XRP/USDT:USDT,3.1424,7700.0,3.1419,11500.0,3.1429,15000.0,3.143,107200.0
1753769632574,06:13:52.574,bitmex,XRP/USDT:USDT,3.1416,35300.0,3.1415,122200.0,3.1428,15000.0,3.1429,32200.0
1753769632623,06:13:52.623,bitmex,XRP/USDT:USDT,3.1416,35300.0,3.1415,122200.0,3.1428,15000.0,3.1429,32200.0
1753769632672,06:13:52.672,bitmex,XRP/USDT:USDT,3.1416,35300.0,3.1415,122200.0,3.1428,15000.0,3.1429,407800.0
1753769632933,06:13:52.933,bitmex,XRP/USDT:USDT,3.1423,7700.0,3.1418,16100.0,3.1429,32200.0,3.143,329800.0
1753769633007,06:13:53.007,bitmex,XRP/USDT:USDT,3.1423,7700.0,3.1418,16100.0,3.1429,32200.0,3.143,329800.0
1753769633057,06:13:53.057,bitmex,XRP/USDT:USDT,3.1423,7700.0,3.1418,16100.0,3.1429,47200.0,3.143,329800.0
1753769633106,06:13:53.106,bitmex,XRP/USDT:USDT,3.1423,7700.0,3.1418,16100.0,3.1429,47200.0,3.143,329800.0
1753769633183,06:13:53.183,bitmex,XRP/USDT:USDT,3.1423,7700.0,3.1418,16100.0,3.1429,47200.0,3.143,329800.0
1753769633232,06:13:53.232,bitmex,XRP/USDT:USDT,3.1423,7700.0,3.1418,16100.0,3.1429,47200.0,3.143,107200.0
1753769633281,06:13:53.281,bitmex,XRP/USDT:USDT,3.1423,7700.0,3.1418,16100.0,3.1429,47200.0,3.143,107200.0
1753769633526,06:13:53.526,bitmex,XRP/USDT:USDT,3.1414,18100.0,3.1412,1043600.0,3.1428,15000.0,3.1429,32200.0
1753769633617,06:13:53.617,bitmex,XRP/USDT:USDT,3.1414,18100.0,3.1412,1043600.0,3.1428,15000.0,3.1429,32200.0
1753769633824,06:13:53.824,bitmex,XRP/USDT:USDT,3.1414,18100.0,3.1412,1043600.0,3.1428,15000.0,3.1429,32200.0
1753769633873,06:13:53.873,bitmex,XRP/USDT:USDT,3.1414,18100.0,3.1412,1043600.0,3.1428,15000.0,3.1429,32200.0
1753769633973,06:13:53.973,bitmex,XRP/USDT:USDT,3.1414,18100.0,3.1412,1043600.0,3.1428,15000.0,3.1429,32200.0
1753769634023,06:13:54.023,bitmex,XRP/USDT:USDT,3.1414,18100.0,3.1412,1043600.0,3.1428,15000.0,3.1429,32200.0
1753769634072,06:13:54.072,bitmex,XRP/USDT:USDT,3.1414,18100.0,3.1412,1043600.0,3.1428,15000.0,3.1429,32200.0
1753769634121,06:13:54.121,bitmex,XRP/USDT:USDT,3.1414,18100.0,3.1412,1043600.0,3.1428,15000.0,3.1429,32200.0
1753769634219,06:13:54.219,bitmex,XRP/USDT:USDT,3.1414,18100.0,3.1412,1043600.0,3.1428,15000.0,3.1429,32200.0
1753769634305,06:13:54.305,bitmex,XRP/USDT:USDT,3.1414,18100.0,3.1412,1043600.0,3.1428,15000.0,3.1429,32200.0
1753769634354,06:13:54.354,bitmex,XRP/USDT:USDT,3.1414,18100.0,3.1412,1043600.0,3.1428,15000.0,3.1429,32200.0
1753769634575,06:13:54.575,bitmex,XRP/USDT:USDT,3.1414,18100.0,3.1412,1043600.0,3.1428,15000.0,3.1429,32200.0
1753769634625,06:13:54.625,bitmex,XRP/USDT:USDT,3.1414,18100.0,3.1412,1043600.0,3.1428,15000.0,3.1429,32200.0
1753769634674,06:13:54.674,bitmex,XRP/USDT:USDT,3.1414,18100.0,3.1412,1043600.0,3.1428,15000.0,3.1429,32200.0
1753769634919,06:13:54.919,bitmex,XRP/USDT:USDT,3.1414,18100.0,3.1412,1043600.0,3.1428,15000.0,3.1429,32200.0
1753769635209,06:13:55.209,bitmex,XRP/USDT:USDT,3.1414,18100.0,3.1412,1043600.0,3.1428,15000.0,3.1429,32200.0
1753769635258,06:13:55.258,bitmex,XRP/USDT:USDT,3.1414,18100.0,3.1412,1043600.0,3.1428,15000.0,3.1429,32200.0
1753769635388,06:13:55.388,bitmex,XRP/USDT:USDT,3.1414,18100.0,3.1412,1043600.0,3.1428,15000.0,3.1429,32200.0
1753769635438,06:13:55.438,bitmex,XRP/USDT:USDT,3.1414,18100.0,3.1412,1043600.0,3.1428,15000.0,3.1429,32200.0
1753769635891,06:13:55.891,bitmex,XRP/USDT:USDT,3.1414,18100.0,3.1412,1043600.0,3.1428,15000.0,3.1429,32200.0
1753769635941,06:13:55.941,bitmex,XRP/USDT:USDT,3.1414,18100.0,3.1412,1043600.0,3.1428,15000.0,3.1429,32200.0
1753769636148,06:13:56.148,bitmex,XRP/USDT:USDT,3.1414,18100.0,3.1412,1043600.0,3.1428,15000.0,3.143,107200.0
1753769636247,06:13:56.247,bitmex,XRP/USDT:USDT,3.1425,7700.0,3.1419,15000.0,3.143,107200.0,3.1432,380500.0
1753769636642,06:13:56.642,bitmex,XRP/USDT:USDT,3.1423,31100.0,3.1421,15000.0,3.1431,107200.0,3.1434,111900.0
1753769636691,06:13:56.691,bitmex,XRP/USDT:USDT,3.1423,31100.0,3.1421,15000.0,3.1431,107200.0,3.1434,111900.0
1753769636747,06:13:56.747,bitmex,XRP/USDT:USDT,3.1423,31100.0,3.1421,15000.0,3.1431,107200.0,3.1434,111900.0
1753769636797,06:13:56.797,bitmex,XRP/USDT:USDT,3.1423,31100.0,3.1421,15000.0,3.1431,107200.0,3.1434,111900.0
1753769636846,06:13:56.846,bitmex,XRP/USDT:USDT,3.1423,31100.0,3.1421,15000.0,3.1431,107200.0,3.1434,111900.0
1753769636949,06:13:56.949,bitmex,XRP/USDT:USDT,3.1423,31100.0,3.1421,15000.0,3.1431,107200.0,3.1434,111900.0
1753769637072,06:13:57.072,bitmex,XRP/USDT:USDT,3.1423,31100.0,3.1421,15000.0,3.1431,107200.0,3.1434,111900.0
1753769637121,06:13:57.121,bitmex,XRP/USDT:USDT,3.1423,31100.0,3.1421,15000.0,3.1431,107200.0,3.1434,111900.0
1753769637170,06:13:57.170,bitmex,XRP/USDT:USDT,3.1423,31100.0,3.1421,15000.0,3.1431,107200.0,3.1434,111900.0
1753769637290,06:13:57.290,bitmex,XRP/USDT:USDT,3.1428,7700.0,3.1423,15000.0,3.1431,107200.0,3.1434,111900.0
1753769637388,06:13:57.388,bitmex,XRP/USDT:USDT,3.1428,7700.0,3.1424,16100.0,3.1431,107200.0,3.1434,111900.0
1753769637437,06:13:57.437,bitmex,XRP/USDT:USDT,3.1428,7700.0,3.1424,16100.0,3.1431,107200.0,3.1434,111900.0
1753769637635,06:13:57.635,bitmex,XRP/USDT:USDT,3.1428,7700.0,3.1424,16100.0,3.1431,107200.0,3.1434,111900.0
1753769637739,06:13:57.739,bitmex,XRP/USDT:USDT,3.1428,7700.0,3.1424,16100.0,3.1431,107200.0,3.1434,111900.0
1753769637789,06:13:57.789,bitmex,XRP/USDT:USDT,3.1428,7700.0,3.1424,16100.0,3.1431,107200.0,3.1434,111900.0
1753769638061,06:13:58.061,bitmex,XRP/USDT:USDT,3.1428,7700.0,3.1424,16100.0,3.1431,107200.0,3.1434,111900.0
1753769638110,06:13:58.110,bitmex,XRP/USDT:USDT,3.1428,7700.0,3.1424,16100.0,3.1434,111900.0,3.1435,15000.0
1753769638159,06:13:58.159,bitmex,XRP/USDT:USDT,3.1428,7700.0,3.1424,16100.0,3.1434,111900.0,3.1435,15000.0
1753769638208,06:13:58.208,bitmex,XRP/USDT:USDT,3.1428,7700.0,3.1424,16100.0,3.1433,107200.0,3.1434,111900.0
1753769638290,06:13:58.290,bitmex,XRP/USDT:USDT,3.1424,16100.0,3.1423,15000.0,3.1433,107200.0,3.1434,111900.0
1753769638339,06:13:58.339,bitmex,XRP/USDT:USDT,3.1419,15000.0,3.1417,3100.0,3.1433,107200.0,3.1434,111900.0
1753769638388,06:13:58.388,bitmex,XRP/USDT:USDT,3.1419,15000.0,3.1417,3100.0,3.1433,107200.0,3.1434,111900.0
1753769638437,06:13:58.437,bitmex,XRP/USDT:USDT,3.1419,15000.0,3.1417,3100.0,3.1433,107200.0,3.1434,111900.0
1753769638486,06:13:58.486,bitmex,XRP/USDT:USDT,3.1419,15000.0,3.1417,3100.0,3.1433,107200.0,3.1434,111900.0
1753769638556,06:13:58.556,bitmex,XRP/USDT:USDT,3.1419,15000.0,3.1417,3100.0,3.1433,107200.0,3.1434,111900.0
1753769638605,06:13:58.605,bitmex,XRP/USDT:USDT,3.1419,15000.0,3.1417,3100.0,3.1433,107200.0,3.1434,111900.0
1753769638840,06:13:58.840,bitmex,XRP/USDT:USDT,3.1419,15000.0,3.1417,3100.0,3.1433,107200.0,3.1435,15000.0
1753769638890,06:13:58.890,bitmex,XRP/USDT:USDT,3.1426,16800.0,3.1425,7700.0,3.1436,370000.0,3.1437,372900.0
1753769638939,06:13:58.939,bitmex,XRP/USDT:USDT,3.1427,7700.0,3.1426,19000.0,3.1438,15000.0,3.1439,370000.0
1753769638988,06:13:58.988,bitmex,XRP/USDT:USDT,3.1432,7700.0,3.1425,15000.0,3.1438,15000.0,3.1439,481000.0
1753769639037,06:13:59.037,bitmex,XRP/USDT:USDT,3.1425,15000.0,3.1421,1017000.0,3.1437,36700.0,3.1438,122200.0
1753769639086,06:13:59.086,bitmex,XRP/USDT:USDT,3.1425,15000.0,3.1421,1017000.0,3.1437,51700.0,3.1438,107200.0
1753769639135,06:13:59.135,bitmex,XRP/USDT:USDT,3.1425,15000.0,3.1421,1017000.0,3.1437,51700.0,3.1438,107200.0
1753769639184,06:13:59.184,bitmex,XRP/USDT:USDT,3.1425,15000.0,3.1421,1017000.0,3.1437,51700.0,3.1438,107200.0
1753769639233,06:13:59.233,bitmex,XRP/USDT:USDT,3.1425,15000.0,3.1421,1017000.0,3.1437,51700.0,3.1438,107200.0
1753769639440,06:13:59.440,bitmex,XRP/USDT:USDT,3.1425,15000.0,3.1421,1017000.0,3.1437,51700.0,3.1438,107200.0
1753769639489,06:13:59.489,bitmex,XRP/USDT:USDT,3.1425,15000.0,3.1421,1017000.0,3.1437,51700.0,3.1438,107200.0
1753769639538,06:13:59.538,bitmex,XRP/USDT:USDT,3.1425,15000.0,3.1421,1017000.0,3.1437,51700.0,3.1438,107200.0
1753769639587,06:13:59.587,bitmex,XRP/USDT:USDT,3.1425,15000.0,3.1421,1017000.0,3.1437,51700.0,3.1438,107200.0
1753769639636,06:13:59.636,bitmex,XRP/USDT:USDT,3.1425,15000.0,3.1421,1017000.0,3.1437,51700.0,3.1438,107200.0
1753769639728,06:13:59.728,bitmex,XRP/USDT:USDT,3.1425,15000.0,3.1421,1017000.0,3.1437,51700.0,3.1438,107200.0
1753769639778,06:13:59.778,bitmex,XRP/USDT:USDT,3.1425,15000.0,3.1421,1017000.0,3.1437,51700.0,3.1438,107200.0
1753769639827,06:13:59.827,bitmex,XRP/USDT:USDT,3.1425,15000.0,3.1421,1017000.0,3.1436,15300.0,3.1437,51700.0
1753769639876,06:13:59.876,bitmex,XRP/USDT:USDT,3.143,7700.0,3.1421,1017000.0,3.1437,36700.0,3.1438,122500.0
1753769639925,06:13:59.925,bitmex,XRP/USDT:USDT,3.143,7700.0,3.1425,11600.0,3.1437,36700.0,3.1438,122500.0
1753769639993,06:13:59.993,bitmex,XRP/USDT:USDT,3.143,7700.0,3.1425,11600.0,3.1437,52000.0,3.1438,122500.0
1753769640043,06:14:00.043,bitmex,XRP/USDT:USDT,3.143,7700.0,3.1425,11600.0,3.1437,52000.0,3.1438,107200.0
1753769640092,06:14:00.092,bitmex,XRP/USDT:USDT,3.1421,44400.0,3.142,107200.0,3.1436,15300.0,3.1437,36700.0
1753769640141,06:14:00.141,bitmex,XRP/USDT:USDT,3.1421,52900.0,3.142,107200.0,3.1436,15300.0,3.1437,36700.0
1753769640212,06:14:00.212,bitmex,XRP/USDT:USDT,3.1421,52900.0,3.142,107200.0,3.1436,15300.0,3.1437,36700.0
1753769640261,06:14:00.261,bitmex,XRP/USDT:USDT,3.1421,52900.0,3.142,107200.0,3.1436,15300.0,3.1437,36700.0
1753769640310,06:14:00.310,bitmex,XRP/USDT:USDT,3.1421,52900.0,3.142,107200.0,3.1436,15300.0,3.1437,143200.0
1753769640359,06:14:00.359,bitmex,XRP/USDT:USDT,3.1421,52900.0,3.142,107200.0,3.1436,15300.0,3.1437,143200.0
1753769640408,06:14:00.408,bitmex,XRP/USDT:USDT,3.1421,52900.0,3.142,107200.0,3.1436,15300.0,3.1437,143200.0
1753769640857,06:14:00.857,bitmex,XRP/USDT:USDT,3.1421,52900.0,3.142,107200.0,3.1436,15300.0,3.1437,143200.0
1753769640956,06:14:00.956,bitmex,XRP/USDT:USDT,3.1421,52900.0,3.142,107200.0,3.1436,15300.0,3.1437,36700.0
1753769641005,06:14:01.005,bitmex,XRP/USDT:USDT,3.1429,7700.0,3.1428,7700.0,3.1437,36700.0,3.1438,399200.0
1753769641251,06:14:01.251,bitmex,XRP/USDT:USDT,3.1427,16200.0,3.1426,53900.0,3.1437,36700.0,3.1438,383900.0
1753769641301,06:14:01.301,bitmex,XRP/USDT:USDT,3.1422,18400.0,3.1421,34500.0,3.1437,36700.0,3.1438,383900.0
1753769641448,06:14:01.448,bitmex,XRP/USDT:USDT,3.1422,18400.0,3.1421,34500.0,3.1437,15300.0,3.1438,276700.0
1753769641497,06:14:01.497,bitmex,XRP/USDT:USDT,3.1422,18400.0,3.1421,34500.0,3.1437,15300.0,3.1438,276700.0
1753769641546,06:14:01.546,bitmex,XRP/USDT:USDT,3.1424,7700.0,3.1423,26100.0,3.1436,107200.0,3.1437,15300.0
1753769641595,06:14:01.595,bitmex,XRP/USDT:USDT,3.1431,7700.0,3.1425,15300.0,3.1436,107200.0,3.1438,276700.0
1753769641644,06:14:01.644,bitmex,XRP/USDT:USDT,3.1431,7700.0,3.1426,16200.0,3.1436,107200.0,3.1438,276700.0
1753769641698,06:14:01.698,bitmex,XRP/USDT:USDT,3.1431,7700.0,3.1426,16200.0,3.1436,107200.0,3.1438,276700.0
1753769641747,06:14:01.747,bitmex,XRP/USDT:USDT,3.1431,7700.0,3.1426,16200.0,3.1436,107200.0,3.1438,276700.0
1753769641796,06:14:01.796,bitmex,XRP/USDT:USDT,3.1431,7700.0,3.1426,16200.0,3.1436,107200.0,3.1438,292000.0
1753769641973,06:14:01.973,bitmex,XRP/USDT:USDT,3.1431,7700.0,3.1426,16200.0,3.1436,107200.0,3.1438,292000.0
1753769642071,06:14:02.071,bitmex,XRP/USDT:USDT,3.1428,7700.0,3.1427,7700.0,3.1436,107200.0,3.1438,292000.0
1753769642120,06:14:02.120,bitmex,XRP/USDT:USDT,3.143,7700.0,3.1424,15300.0,3.1436,107200.0,3.1438,292000.0
1753769642218,06:14:02.218,bitmex,XRP/USDT:USDT,3.1427,7700.0,3.1426,7700.0,3.1435,32200.0,3.1436,107200.0
1753769642267,06:14:02.267,bitmex,XRP/USDT:USDT,3.143,7700.0,3.1425,16200.0,3.1435,32200.0,3.1436,107200.0
1753769642316,06:14:02.316,bitmex,XRP/USDT:USDT,3.143,7700.0,3.1425,16200.0,3.1435,32200.0,3.1436,107200.0
1753769642365,06:14:02.365,bitmex,XRP/USDT:USDT,3.143,7700.0,3.1425,16200.0,3.1435,32200.0,3.1436,107200.0
1753769642533,06:14:02.533,bitmex,XRP/USDT:USDT,3.143,7700.0,3.1425,16200.0,3.1435,32200.0,3.1436,107200.0
1753769642582,06:14:02.582,bitmex,XRP/USDT:USDT,3.143,7700.0,3.1425,16200.0,3.1435,32200.0,3.1436,107200.0
1753769642631,06:14:02.631,bitmex,XRP/USDT:USDT,3.143,7700.0,3.1425,16200.0,3.1435,32200.0,3.1436,107200.0
1753769642680,06:14:02.680,bitmex,XRP/USDT:USDT,3.143,7700.0,3.1425,16200.0,3.1435,32200.0,3.1436,107200.0
1753769642729,06:14:02.729,bitmex,XRP/USDT:USDT,3.143,7700.0,3.1425,16200.0,3.1435,32200.0,3.1436,107200.0
1753769642789,06:14:02.789,bitmex,XRP/USDT:USDT,3.143,7700.0,3.1425,16200.0,3.1435,32200.0,3.1438,292000.0
1753769642839,06:14:02.839,bitmex,XRP/USDT:USDT,3.1431,7700.0,3.1425,16200.0,3.1437,15300.0,3.1438,276700.0
1753769642888,06:14:02.888,bitmex,XRP/USDT:USDT,3.1431,7700.0,3.1426,27800.0,3.1437,15300.0,3.1438,276700.0
1753769642937,06:14:02.937,bitmex,XRP/USDT:USDT,3.1431,7700.0,3.1426,16200.0,3.1436,107200.0,3.1437,15300.0
1753769642986,06:14:02.986,bitmex,XRP/USDT:USDT,3.1424,15300.0,3.1423,3100.0,3.1436,107200.0,3.1437,15300.0
1753769643035,06:14:03.035,bitmex,XRP/USDT:USDT,3.1424,15300.0,3.1423,3100.0,3.1436,107200.0,3.1437,15300.0
1753769643146,06:14:03.146,bitmex,XRP/USDT:USDT,3.1424,15300.0,3.1423,3100.0,3.1435,15300.0,3.1436,107200.0
1753769643195,06:14:03.195,bitmex,XRP/USDT:USDT,3.143,7700.0,3.1423,3100.0,3.1435,47500.0,3.1436,107200.0
1753769643397,06:14:03.397,bitmex,XRP/USDT:USDT,3.143,7700.0,3.1425,11600.0,3.1435,47500.0,3.1436,107200.0
