timestamp,time,exchange,symbol,bid1_price,bid1_volume,bid2_price,bid2_volume,ask1_price,ask1_volume,ask2_price,ask2_volume
1753769311801,06:08:31.801,okx,XRP/USDT:USDT,3.1393,275.8,3.1392,69.46,3.1394,1.61,3.1395,0.01
1753769311901,06:08:31.901,okx,XRP/USDT:USDT,3.1393,276.01,3.1392,69.46,3.1394,1.61,3.1395,0.01
1753769312001,06:08:32.001,okx,XRP/USDT:USDT,3.1393,276.01,3.1392,69.46,3.1394,1.61,3.1395,0.01
1753769312101,06:08:32.101,okx,XRP/USDT:USDT,3.1393,234.49,3.1392,63.97,3.1394,1.61,3.1395,8.75
1753769312201,06:08:32.201,okx,XRP/USDT:USDT,3.1393,234.49,3.1392,63.97,3.1394,4.9,3.1395,8.75
1753769312301,06:08:32.301,okx,XRP/USDT:USDT,3.1393,234.25,3.1392,63.97,3.1394,17.52,3.1395,8.75
1753769312401,06:08:32.401,okx,XRP/USDT:USDT,3.1393,233.09,3.1392,63.97,3.1394,1.61,3.1395,0.01
1753769312501,06:08:32.501,okx,XRP/USDT:USDT,3.1393,234.26,3.1392,63.97,3.1394,43.54,3.1395,8.75
1753769312601,06:08:32.601,okx,XRP/USDT:USDT,3.1393,234.26,3.1392,69.21,3.1394,1.61,3.1395,0.01
1753769312701,06:08:32.701,okx,XRP/USDT:USDT,3.1393,251.27,3.1392,69.21,3.1394,0.98,3.1395,0.01
1753769312801,06:08:32.801,okx,XRP/USDT:USDT,3.1393,246.03,3.1392,69.21,3.1394,1.13,3.1395,0.01
1753769313201,06:08:33.201,okx,XRP/USDT:USDT,3.1393,235.14,3.1392,63.97,3.1394,1.11,3.1395,8.33
1753769313501,06:08:33.501,okx,XRP/USDT:USDT,3.1393,231.41,3.1392,63.97,3.1394,30.13,3.1395,8.28
1753769313601,06:08:33.601,okx,XRP/USDT:USDT,3.1393,231.19,3.1392,63.97,3.1394,30.13,3.1395,8.24
1753769313701,06:08:33.701,okx,XRP/USDT:USDT,3.1393,231.19,3.1392,63.97,3.1394,1.13,3.1395,0.01
1753769313801,06:08:33.801,okx,XRP/USDT:USDT,3.1393,231.19,3.1392,68.91,3.1394,1.13,3.1395,0.01
1753769314001,06:08:34.001,okx,XRP/USDT:USDT,3.1393,256.32,3.1392,77.14,3.1394,1.15,3.1395,0.01
1753769314101,06:08:34.101,okx,XRP/USDT:USDT,3.1393,248.09,3.1392,77.14,3.1394,1.15,3.1395,0.01
1753769314201,06:08:34.201,okx,XRP/USDT:USDT,3.1393,248.09,3.1392,68.91,3.1394,1.05,3.1395,0.01
1753769314301,06:08:34.301,okx,XRP/USDT:USDT,3.1393,244.11,3.1392,76.77,3.1394,0.95,3.1395,0.01
1753769314401,06:08:34.401,okx,XRP/USDT:USDT,3.1393,244.22,3.1392,68.91,3.1394,0.33,3.1395,0.01
1753769314501,06:08:34.501,okx,XRP/USDT:USDT,3.1393,244.23,3.1392,68.91,3.1394,0.33,3.1395,29.01
1753769314601,06:08:34.601,okx,XRP/USDT:USDT,3.1393,232.46,3.1392,63.97,3.1394,0.57,3.1395,29.01
1753769315001,06:08:35.001,okx,XRP/USDT:USDT,3.1395,97.69,3.1394,75.61,3.1396,40.76,3.1397,0.03
1753769315101,06:08:35.101,okx,XRP/USDT:USDT,3.1395,98.92,3.1394,74.45,3.1396,40.82,3.1397,0.03
1753769315201,06:08:35.201,okx,XRP/USDT:USDT,3.1395,102.58,3.1394,74.45,3.1396,29.06,3.1397,0.03
1753769315401,06:08:35.401,okx,XRP/USDT:USDT,3.1395,114.09,3.1394,80.67,3.1396,0.04,3.1397,0.03
1753769315501,06:08:35.501,okx,XRP/USDT:USDT,3.1396,111.7,3.1395,25.46,3.1397,28.63,3.1398,45.88
1753769315701,06:08:35.701,okx,XRP/USDT:USDT,3.1397,133.98,3.1396,99.05,3.1398,29.02,3.1399,5.75
1753769315801,06:08:35.801,okx,XRP/USDT:USDT,3.1397,134.07,3.1396,151.05,3.1398,29.12,3.1399,5.68
1753769315901,06:08:35.901,okx,XRP/USDT:USDT,3.1397,54.4,3.1396,106.11,3.1398,104.81,3.1399,5.68
1753769316001,06:08:36.001,okx,XRP/USDT:USDT,3.1397,52.12,3.1396,107.3,3.1398,99.22,3.1399,0.07
1753769316101,06:08:36.101,okx,XRP/USDT:USDT,3.1397,73.25,3.1396,116.24,3.1398,72.85,3.1399,0.07
1753769316201,06:08:36.201,okx,XRP/USDT:USDT,3.1397,67.66,3.1396,116.24,3.1398,43.76,3.1399,0.07
1753769316301,06:08:36.301,okx,XRP/USDT:USDT,3.1397,86.76,3.1396,110.65,3.1398,30.27,3.1399,0.07
1753769316401,06:08:36.401,okx,XRP/USDT:USDT,3.1397,92.33,3.1396,115.73,3.1398,30.29,3.1399,0.07
1753769316501,06:08:36.501,okx,XRP/USDT:USDT,3.1397,79.64,3.1396,115.73,3.1398,59.29,3.1399,0.07
1753769316601,06:08:36.601,okx,XRP/USDT:USDT,3.1398,182.57,3.1397,66.78,3.1399,79.87,3.14,20.56
1753769316701,06:08:36.701,okx,XRP/USDT:USDT,3.1398,160.39,3.1397,66.78,3.1399,79.89,3.14,20.56
1753769316801,06:08:36.801,okx,XRP/USDT:USDT,3.1398,168.09,3.1397,123.59,3.1399,79.97,3.14,20.56
1753769316901,06:08:36.901,okx,XRP/USDT:USDT,3.1398,150.2,3.1397,120.41,3.1399,74.67,3.14,20.56
1753769317001,06:08:37.001,okx,XRP/USDT:USDT,3.1398,134.21,3.1397,116.79,3.1399,63.0,3.14,20.56
1753769317201,06:08:37.201,okx,XRP/USDT:USDT,3.1398,188.7,3.1397,116.0,3.1399,70.0,3.14,25.16
1753769317301,06:08:37.301,okx,XRP/USDT:USDT,3.1398,188.7,3.1397,112.95,3.1399,74.61,3.14,25.16
1753769317401,06:08:37.401,okx,XRP/USDT:USDT,3.1398,192.1,3.1397,115.71,3.1399,70.01,3.14,20.56
1753769317501,06:08:37.501,okx,XRP/USDT:USDT,3.1398,173.42,3.1397,115.71,3.1399,76.74,3.14,20.56
1753769317601,06:08:37.601,okx,XRP/USDT:USDT,3.1398,173.42,3.1397,112.95,3.1399,76.96,3.14,24.76
1753769317701,06:08:37.701,okx,XRP/USDT:USDT,3.1398,173.42,3.1397,112.95,3.1399,83.17,3.14,24.76
1753769317801,06:08:37.801,okx,XRP/USDT:USDT,3.1398,228.32,3.1397,63.47,3.1399,78.97,3.14,20.56
1753769317901,06:08:37.901,okx,XRP/USDT:USDT,3.1398,225.9,3.1397,62.31,3.1399,78.97,3.14,20.56
1753769318001,06:08:38.001,okx,XRP/USDT:USDT,3.1398,228.42,3.1397,63.47,3.1399,71.8,3.14,20.56
1753769318101,06:08:38.101,okx,XRP/USDT:USDT,3.1398,244.34,3.1397,63.47,3.1399,71.39,3.14,29.42
1753769318201,06:08:38.201,okx,XRP/USDT:USDT,3.1398,248.78,3.1397,67.49,3.1399,71.29,3.14,29.42
1753769318301,06:08:38.301,okx,XRP/USDT:USDT,3.1398,252.79,3.1397,67.49,3.1399,70.55,3.14,29.42
1753769318401,06:08:38.401,okx,XRP/USDT:USDT,3.1398,248.77,3.1397,63.47,3.1399,70.55,3.14,29.42
1753769318601,06:08:38.601,okx,XRP/USDT:USDT,3.1398,225.12,3.1397,63.26,3.1399,71.18,3.14,29.42
1753769318701,06:08:38.701,okx,XRP/USDT:USDT,3.1398,231.28,3.1397,67.11,3.1399,35.94,3.14,29.42
1753769318801,06:08:38.801,okx,XRP/USDT:USDT,3.1398,228.62,3.1397,62.07,3.1399,35.94,3.14,29.42
1753769319001,06:08:39.001,okx,XRP/USDT:USDT,3.1398,233.05,3.1397,66.28,3.1399,35.3,3.14,29.42
1753769319101,06:08:39.101,okx,XRP/USDT:USDT,3.1398,228.84,3.1397,62.07,3.1399,35.3,3.14,29.42
1753769319201,06:08:39.201,okx,XRP/USDT:USDT,3.1398,225.44,3.1397,62.07,3.1399,35.93,3.14,29.42
1753769319301,06:08:39.301,okx,XRP/USDT:USDT,3.1398,229.62,3.1397,66.1,3.1399,35.93,3.14,29.42
1753769319401,06:08:39.401,okx,XRP/USDT:USDT,3.1398,229.61,3.1397,66.1,3.1399,13.12,3.14,29.42
1753769319501,06:08:39.501,okx,XRP/USDT:USDT,3.1398,225.57,3.1397,62.07,3.1399,13.12,3.14,29.42
1753769319601,06:08:39.601,okx,XRP/USDT:USDT,3.1398,226.58,3.1397,62.07,3.1399,12.41,3.14,29.42
1753769319701,06:08:39.701,okx,XRP/USDT:USDT,3.1398,226.6,3.1397,62.07,3.1399,12.41,3.14,29.42
1753769319801,06:08:39.801,okx,XRP/USDT:USDT,3.1398,235.0,3.1397,62.07,3.1399,13.04,3.14,29.42
1753769319901,06:08:39.901,okx,XRP/USDT:USDT,3.1398,235.2,3.1397,62.07,3.1399,39.99,3.14,29.42
1753769320001,06:08:40.001,okx,XRP/USDT:USDT,3.1398,238.79,3.1397,65.76,3.1399,39.99,3.14,29.42
1753769320101,06:08:40.101,okx,XRP/USDT:USDT,3.1398,250.86,3.1397,65.76,3.1399,0.61,3.14,0.25
1753769320201,06:08:40.201,okx,XRP/USDT:USDT,3.1398,251.19,3.1397,88.78,3.1399,0.61,3.14,0.25
1753769320301,06:08:40.301,okx,XRP/USDT:USDT,3.14,209.05,3.1399,188.15,3.1401,0.09,3.1402,28.92
1753769320401,06:08:40.401,okx,XRP/USDT:USDT,3.1402,234.06,3.1401,78.06,3.1403,94.25,3.1404,1.91
1753769320501,06:08:40.501,okx,XRP/USDT:USDT,3.1402,233.95,3.1401,77.8,3.1403,94.27,3.1404,1.9
1753769320601,06:08:40.601,okx,XRP/USDT:USDT,3.1402,231.19,3.1401,77.8,3.1403,95.18,3.1404,1.9
1753769320701,06:08:40.701,okx,XRP/USDT:USDT,3.1402,234.55,3.1401,77.8,3.1403,95.18,3.1404,1.9
1753769320801,06:08:40.801,okx,XRP/USDT:USDT,3.1402,273.01,3.1401,74.74,3.1403,95.18,3.1404,1.9
1753769320901,06:08:40.901,okx,XRP/USDT:USDT,3.1402,276.07,3.1401,77.8,3.1403,95.17,3.1404,1.9
1753769321001,06:08:41.001,okx,XRP/USDT:USDT,3.1402,272.98,3.1401,74.74,3.1403,95.18,3.1404,1.9
1753769321101,06:08:41.101,okx,XRP/USDT:USDT,3.1402,276.25,3.1401,77.68,3.1403,95.31,3.1404,1.9
1753769321201,06:08:41.201,okx,XRP/USDT:USDT,3.1402,328.55,3.1401,74.74,3.1403,96.66,3.1404,1.9
1753769321301,06:08:41.301,okx,XRP/USDT:USDT,3.1402,333.29,3.1401,77.68,3.1403,96.66,3.1404,1.9
1753769321401,06:08:41.401,okx,XRP/USDT:USDT,3.1402,331.05,3.1401,60.74,3.1403,96.66,3.1404,1.9
1753769321501,06:08:41.501,okx,XRP/USDT:USDT,3.1402,333.83,3.1401,63.56,3.1403,96.61,3.1404,1.9
1753769321801,06:08:41.801,okx,XRP/USDT:USDT,3.1402,332.96,3.1401,60.33,3.1403,96.53,3.1404,1.9
1753769321901,06:08:41.901,okx,XRP/USDT:USDT,3.1402,333.07,3.1401,60.33,3.1403,96.53,3.1404,1.9
1753769322001,06:08:42.001,okx,XRP/USDT:USDT,3.1402,333.07,3.1401,60.33,3.1403,96.53,3.1404,1.9
1753769322101,06:08:42.101,okx,XRP/USDT:USDT,3.1402,304.35,3.1401,58.74,3.1403,96.53,3.1404,4.55
1753769322201,06:08:42.201,okx,XRP/USDT:USDT,3.1402,256.29,3.1401,58.74,3.1403,106.53,3.1404,14.75
1753769322301,06:08:42.301,okx,XRP/USDT:USDT,3.1402,255.84,3.1401,58.74,3.1403,106.32,3.1404,12.1
1753769322501,06:08:42.501,okx,XRP/USDT:USDT,3.1402,263.48,3.1401,62.63,3.1403,106.53,3.1404,12.1
1753769322601,06:08:42.601,okx,XRP/USDT:USDT,3.1402,259.59,3.1401,60.2,3.1403,106.53,3.1404,12.1
1753769322701,06:08:42.701,okx,XRP/USDT:USDT,3.1402,255.66,3.1401,60.2,3.1403,106.53,3.1404,12.1
1753769322801,06:08:42.801,okx,XRP/USDT:USDT,3.1402,255.66,3.1401,60.2,3.1403,106.53,3.1404,12.1
1753769322901,06:08:42.901,okx,XRP/USDT:USDT,3.1402,259.55,3.1401,62.63,3.1403,106.52,3.1404,12.1
1753769323001,06:08:43.001,okx,XRP/USDT:USDT,3.1402,259.55,3.1401,62.63,3.1403,106.52,3.1404,12.1
1753769323101,06:08:43.101,okx,XRP/USDT:USDT,3.1402,255.65,3.1401,58.74,3.1403,106.9,3.1404,14.41
1753769323201,06:08:43.201,okx,XRP/USDT:USDT,3.1402,255.79,3.1401,60.13,3.1403,106.9,3.1404,12.1
1753769323301,06:08:43.301,okx,XRP/USDT:USDT,3.1402,262.08,3.1401,59.55,3.1403,96.91,3.1404,12.1
1753769323401,06:08:43.401,okx,XRP/USDT:USDT,3.1402,258.38,3.1401,57.24,3.1403,96.91,3.1404,12.1
1753769323501,06:08:43.501,okx,XRP/USDT:USDT,3.1402,258.75,3.1401,55.85,3.1403,96.91,3.1404,16.43
1753769323601,06:08:43.601,okx,XRP/USDT:USDT,3.1402,243.93,3.1401,45.85,3.1403,109.32,3.1404,26.96
1753769323701,06:08:43.701,okx,XRP/USDT:USDT,3.1402,158.72,3.1401,8.58,3.1403,134.59,3.1404,60.27
1753769323901,06:08:43.901,okx,XRP/USDT:USDT,3.1402,158.93,3.1401,9.74,3.1403,102.68,3.1404,62.4
1753769324101,06:08:44.101,okx,XRP/USDT:USDT,3.1402,149.75,3.1401,9.74,3.1403,120.34,3.1404,63.68
1753769324301,06:08:44.301,okx,XRP/USDT:USDT,3.1402,149.75,3.1401,9.74,3.1403,173.8,3.1404,63.68
1753769324401,06:08:44.401,okx,XRP/USDT:USDT,3.1402,149.75,3.1401,9.74,3.1403,173.7,3.1404,63.68
1753769324501,06:08:44.501,okx,XRP/USDT:USDT,3.1402,149.75,3.1401,9.74,3.1403,173.71,3.1404,63.68
1753769324601,06:08:44.601,okx,XRP/USDT:USDT,3.1402,149.76,3.1401,9.74,3.1403,173.71,3.1404,63.68
1753769324701,06:08:44.701,okx,XRP/USDT:USDT,3.1402,149.76,3.1401,9.74,3.1403,173.71,3.1404,63.68
1753769324801,06:08:44.801,okx,XRP/USDT:USDT,3.1402,146.59,3.1401,9.74,3.1403,170.54,3.1404,63.68
1753769325001,06:08:45.001,okx,XRP/USDT:USDT,3.1402,146.59,3.1401,9.74,3.1403,189.07,3.1404,63.68
1753769325101,06:08:45.101,okx,XRP/USDT:USDT,3.1402,146.3,3.1401,9.74,3.1403,175.43,3.1404,63.68
1753769325201,06:08:45.201,okx,XRP/USDT:USDT,3.1402,146.29,3.1401,1.2,3.1403,176.53,3.1404,63.68
1753769325301,06:08:45.301,okx,XRP/USDT:USDT,3.1402,142.2,3.1401,1.2,3.1403,176.53,3.1404,63.68
1753769325401,06:08:45.401,okx,XRP/USDT:USDT,3.1402,146.28,3.1401,1.2,3.1403,176.48,3.1404,63.68
1753769325601,06:08:45.601,okx,XRP/USDT:USDT,3.1402,146.28,3.1401,1.2,3.1403,187.86,3.1404,62.4
1753769325701,06:08:45.701,okx,XRP/USDT:USDT,3.1402,146.28,3.1401,1.2,3.1403,187.86,3.1404,63.42
1753769325801,06:08:45.801,okx,XRP/USDT:USDT,3.1402,146.28,3.1401,1.2,3.1403,187.86,3.1404,62.4
1753769325901,06:08:45.901,okx,XRP/USDT:USDT,3.1402,146.28,3.1401,1.2,3.1403,187.86,3.1404,62.4
1753769326101,06:08:46.101,okx,XRP/USDT:USDT,3.1402,146.51,3.1401,1.17,3.1403,185.1,3.1404,60.27
1753769326201,06:08:46.201,okx,XRP/USDT:USDT,3.1402,145.65,3.1401,1.17,3.1403,187.27,3.1404,61.91
1753769326301,06:08:46.301,okx,XRP/USDT:USDT,3.1402,145.65,3.1401,1.17,3.1403,187.1,3.1404,61.91
1753769326401,06:08:46.401,okx,XRP/USDT:USDT,3.1402,146.19,3.1401,1.17,3.1403,159.3,3.1404,60.27
1753769326501,06:08:46.501,okx,XRP/USDT:USDT,3.1402,156.53,3.1401,1.59,3.1403,159.3,3.1404,60.27
1753769326601,06:08:46.601,okx,XRP/USDT:USDT,3.1402,156.56,3.1401,0.04,3.1403,159.02,3.1404,60.27
1753769326701,06:08:46.701,okx,XRP/USDT:USDT,3.1402,156.56,3.1401,0.04,3.1403,159.01,3.1404,60.27
1753769326801,06:08:46.801,okx,XRP/USDT:USDT,3.1402,156.56,3.1401,0.04,3.1403,159.01,3.1404,60.27
1753769327001,06:08:47.001,okx,XRP/USDT:USDT,3.1402,156.56,3.1401,0.04,3.1403,159.0,3.1404,60.27
1753769327101,06:08:47.101,okx,XRP/USDT:USDT,3.1402,156.56,3.1401,0.04,3.1403,156.9,3.1404,60.27
1753769327201,06:08:47.201,okx,XRP/USDT:USDT,3.1402,156.7,3.1401,0.04,3.1403,152.4,3.1404,60.27
1753769327301,06:08:47.301,okx,XRP/USDT:USDT,3.1402,156.7,3.1401,0.04,3.1403,142.4,3.1404,60.27
1753769327501,06:08:47.501,okx,XRP/USDT:USDT,3.1402,158.62,3.1401,0.04,3.1403,142.25,3.1404,60.27
1753769327601,06:08:47.601,okx,XRP/USDT:USDT,3.1402,158.62,3.1401,0.04,3.1403,145.93,3.1404,61.65
1753769327701,06:08:47.701,okx,XRP/USDT:USDT,3.1402,149.44,3.1401,0.04,3.1403,145.93,3.1404,61.65
1753769327801,06:08:47.801,okx,XRP/USDT:USDT,3.1402,158.62,3.1401,0.04,3.1403,148.13,3.1404,61.65
1753769327901,06:08:47.901,okx,XRP/USDT:USDT,3.1402,158.84,3.1401,0.04,3.1403,146.75,3.1404,60.27
1753769328001,06:08:48.001,okx,XRP/USDT:USDT,3.1402,158.84,3.1401,0.04,3.1403,144.55,3.1404,60.27
1753769328101,06:08:48.101,okx,XRP/USDT:USDT,3.1402,158.84,3.1401,0.04,3.1403,142.25,3.1404,60.27
1753769328201,06:08:48.201,okx,XRP/USDT:USDT,3.1402,158.84,3.1401,0.04,3.1403,142.15,3.1404,60.27
1753769328301,06:08:48.301,okx,XRP/USDT:USDT,3.1402,159.62,3.1401,1.37,3.1403,142.05,3.1404,60.27
1753769329001,06:08:49.001,okx,XRP/USDT:USDT,3.1402,152.76,3.1401,0.04,3.1403,128.04,3.1404,60.27
1753769329301,06:08:49.301,okx,XRP/USDT:USDT,3.1402,152.89,3.1401,0.04,3.1403,144.48,3.1404,60.27
1753769329501,06:08:49.501,okx,XRP/USDT:USDT,3.1402,143.59,3.1401,0.04,3.1403,134.32,3.1404,62.42
1753769329601,06:08:49.601,okx,XRP/USDT:USDT,3.1402,143.59,3.1401,0.04,3.1403,147.15,3.1404,61.61
1753769329701,06:08:49.701,okx,XRP/USDT:USDT,3.1402,143.57,3.1401,0.04,3.1403,149.05,3.1404,61.54
1753769329901,06:08:49.901,okx,XRP/USDT:USDT,3.1402,150.08,3.1401,0.04,3.1403,144.89,3.1404,60.27
1753769330101,06:08:50.101,okx,XRP/USDT:USDT,3.1402,149.71,3.1401,0.04,3.1403,144.52,3.1404,60.27
1753769330201,06:08:50.201,okx,XRP/USDT:USDT,3.1402,140.53,3.1401,0.04,3.1403,134.65,3.1404,62.34
1753769330301,06:08:50.301,okx,XRP/USDT:USDT,3.1402,140.53,3.1401,0.04,3.1403,132.38,3.1404,61.07
1753769330401,06:08:50.401,okx,XRP/USDT:USDT,3.1402,140.61,3.1401,0.04,3.1403,159.17,3.1404,62.28
1753769330501,06:08:50.501,okx,XRP/USDT:USDT,3.1402,140.62,3.1401,0.04,3.1403,159.17,3.1404,62.28
1753769330601,06:08:50.601,okx,XRP/USDT:USDT,3.1402,140.62,3.1401,0.03,3.1403,159.17,3.1404,62.28
1753769330701,06:08:50.701,okx,XRP/USDT:USDT,3.1402,140.62,3.14,7.92,3.1403,157.96,3.1404,60.27
1753769330801,06:08:50.801,okx,XRP/USDT:USDT,3.1402,140.62,3.14,7.92,3.1403,159.16,3.1404,61.48
1753769330901,06:08:50.901,okx,XRP/USDT:USDT,3.1402,140.62,3.14,7.92,3.1403,145.48,3.1404,61.44
1753769331001,06:08:51.001,okx,XRP/USDT:USDT,3.1402,140.64,3.14,7.92,3.1403,146.28,3.1404,62.24
1753769331101,06:08:51.101,okx,XRP/USDT:USDT,3.1402,140.63,3.14,7.92,3.1403,146.28,3.1404,62.24
1753769331201,06:08:51.201,okx,XRP/USDT:USDT,3.1402,140.58,3.14,7.92,3.1403,146.28,3.1404,62.24
1753769331301,06:08:51.301,okx,XRP/USDT:USDT,3.1402,140.49,3.14,7.92,3.1403,177.84,3.1404,62.24
1753769331401,06:08:51.401,okx,XRP/USDT:USDT,3.1402,139.3,3.1401,1.19,3.1403,164.68,3.1404,61.07
1753769331501,06:08:51.501,okx,XRP/USDT:USDT,3.1402,139.53,3.1401,1.19,3.1403,164.91,3.1404,62.49
1753769331601,06:08:51.601,okx,XRP/USDT:USDT,3.1402,139.53,3.1401,1.19,3.1403,176.85,3.1404,62.49
1753769331701,06:08:51.701,okx,XRP/USDT:USDT,3.1402,139.53,3.1401,1.19,3.1403,176.85,3.1404,62.49
1753769331801,06:08:51.801,okx,XRP/USDT:USDT,3.1402,139.63,3.1401,1.19,3.1403,175.73,3.1404,61.37
1753769331901,06:08:51.901,okx,XRP/USDT:USDT,3.1402,139.74,3.1401,0.03,3.1403,176.85,3.1404,62.49
1753769332001,06:08:52.001,okx,XRP/USDT:USDT,3.1402,139.64,3.1401,1.19,3.1403,163.79,3.1404,60.57
1753769332101,06:08:52.101,okx,XRP/USDT:USDT,3.1402,139.53,3.1401,1.19,3.1403,176.85,3.1404,62.49
1753769332201,06:08:52.201,okx,XRP/USDT:USDT,3.1402,139.53,3.1401,1.19,3.1403,175.63,3.1404,60.57
1753769332301,06:08:52.301,okx,XRP/USDT:USDT,3.1402,140.51,3.1401,1.19,3.1403,175.52,3.1404,60.57
1753769332401,06:08:52.401,okx,XRP/USDT:USDT,3.1402,144.57,3.1401,1.19,3.1403,175.52,3.1404,60.57
1753769332501,06:08:52.501,okx,XRP/USDT:USDT,3.1402,144.58,3.1401,1.19,3.1403,175.52,3.1404,62.43
1753769332601,06:08:52.601,okx,XRP/USDT:USDT,3.1402,144.58,3.1401,1.19,3.1403,176.58,3.1404,62.43
1753769332701,06:08:52.701,okx,XRP/USDT:USDT,3.1402,144.57,3.1401,1.19,3.1403,188.81,3.1404,70.34
1753769332801,06:08:52.801,okx,XRP/USDT:USDT,3.1402,144.57,3.1401,0.03,3.1403,186.95,3.1404,70.34
1753769332901,06:08:52.901,okx,XRP/USDT:USDT,3.1402,124.94,3.1401,0.03,3.1403,177.18,3.1404,70.32
1753769333001,06:08:53.001,okx,XRP/USDT:USDT,3.1402,124.99,3.1401,0.03,3.1403,176.55,3.1404,69.52
1753769333101,06:08:53.101,okx,XRP/USDT:USDT,3.1402,124.46,3.1401,0.03,3.1403,191.36,3.1404,166.02
1753769333201,06:08:53.201,okx,XRP/USDT:USDT,3.1402,124.46,3.1401,0.03,3.1403,191.36,3.1404,166.02
1753769333301,06:08:53.301,okx,XRP/USDT:USDT,3.1402,124.46,3.1401,0.03,3.1403,191.46,3.1404,166.08
1753769333401,06:08:53.401,okx,XRP/USDT:USDT,3.1398,17.73,3.1397,22.55,3.1399,197.75,3.14,154.97
1753769333501,06:08:53.501,okx,XRP/USDT:USDT,3.1398,8.7,3.1397,17.72,3.1399,141.53,3.14,155.11
1753769333701,06:08:53.701,okx,XRP/USDT:USDT,3.1396,20.96,3.1395,10.29,3.1397,268.18,3.1398,96.31
1753769333801,06:08:53.801,okx,XRP/USDT:USDT,3.1395,1.12,3.1394,37.56,3.1396,391.57,3.1397,225.76
1753769333901,06:08:53.901,okx,XRP/USDT:USDT,3.1395,10.3,3.1394,37.53,3.1396,391.91,3.1397,229.98
1753769334001,06:08:54.001,okx,XRP/USDT:USDT,3.1395,1.23,3.1394,9.19,3.1396,405.51,3.1397,210.75
1753769334101,06:08:54.101,okx,XRP/USDT:USDT,3.1393,1.21,3.1392,30.29,3.1394,320.14,3.1395,211.2
1753769334201,06:08:54.201,okx,XRP/USDT:USDT,3.1393,3.04,3.1392,30.29,3.1394,316.9,3.1395,205.44
1753769334301,06:08:54.301,okx,XRP/USDT:USDT,3.1393,1.2,3.1392,13.31,3.1394,321.12,3.1395,210.13
1753769334401,06:08:54.401,okx,XRP/USDT:USDT,3.1392,13.31,3.1391,61.64,3.1393,440.59,3.1394,139.17
1753769334501,06:08:54.501,okx,XRP/USDT:USDT,3.1392,24.14,3.1391,61.64,3.1393,434.83,3.1394,135.62
1753769334601,06:08:54.601,okx,XRP/USDT:USDT,3.1392,16.51,3.1391,61.64,3.1393,484.95,3.1394,139.18
1753769334701,06:08:54.701,okx,XRP/USDT:USDT,3.1392,16.51,3.1391,61.64,3.1393,452.46,3.1394,143.17
1753769334801,06:08:54.801,okx,XRP/USDT:USDT,3.1392,16.53,3.1391,61.64,3.1393,452.9,3.1394,143.17
1753769334901,06:08:54.901,okx,XRP/USDT:USDT,3.1392,16.53,3.1391,61.64,3.1393,453.79,3.1394,143.17
1753769335001,06:08:55.001,okx,XRP/USDT:USDT,3.1392,16.53,3.1391,61.64,3.1393,453.79,3.1394,143.17
1753769335101,06:08:55.101,okx,XRP/USDT:USDT,3.1392,16.6,3.1391,61.64,3.1393,451.36,3.1394,142.87
1753769335201,06:08:55.201,okx,XRP/USDT:USDT,3.1392,16.6,3.1391,61.64,3.1393,453.26,3.1394,142.87
1753769335401,06:08:55.401,okx,XRP/USDT:USDT,3.1392,16.6,3.1391,61.64,3.1393,452.44,3.1394,142.87
1753769335501,06:08:55.501,okx,XRP/USDT:USDT,3.1392,16.59,3.1391,61.64,3.1393,438.79,3.1394,142.87
1753769335601,06:08:55.601,okx,XRP/USDT:USDT,3.1392,21.51,3.1391,61.64,3.1393,433.9,3.1394,142.87
1753769335701,06:08:55.701,okx,XRP/USDT:USDT,3.1392,21.51,3.1391,61.64,3.1393,436.88,3.1394,142.87
1753769335801,06:08:55.801,okx,XRP/USDT:USDT,3.1392,21.51,3.1391,61.64,3.1393,436.88,3.1394,142.6
1753769335901,06:08:55.901,okx,XRP/USDT:USDT,3.1392,21.72,3.1391,61.64,3.1393,433.94,3.1394,139.62
1753769336001,06:08:56.001,okx,XRP/USDT:USDT,3.1392,21.71,3.1391,61.64,3.1393,438.08,3.1394,142.6
1753769336101,06:08:56.101,okx,XRP/USDT:USDT,3.1392,21.71,3.1391,61.64,3.1393,438.08,3.1394,142.6
1753769336201,06:08:56.201,okx,XRP/USDT:USDT,3.1392,21.71,3.1391,61.64,3.1393,438.71,3.1394,142.6
1753769336301,06:08:56.301,okx,XRP/USDT:USDT,3.1392,21.71,3.1391,61.64,3.1393,438.71,3.1394,142.6
1753769336401,06:08:56.401,okx,XRP/USDT:USDT,3.1392,21.37,3.1391,61.64,3.1393,433.94,3.1394,139.62
1753769336501,06:08:56.501,okx,XRP/USDT:USDT,3.1392,21.38,3.1391,61.64,3.1393,433.94,3.1394,136.97
1753769336601,06:08:56.601,okx,XRP/USDT:USDT,3.1392,21.38,3.1391,61.64,3.1393,438.34,3.1394,141.36
1753769336701,06:08:56.701,okx,XRP/USDT:USDT,3.1391,61.64,3.139,4.7,3.1392,413.0,3.1393,367.33
1753769336801,06:08:56.801,okx,XRP/USDT:USDT,3.1387,68.35,3.1386,7.82,3.1388,237.33,3.1389,276.74
1753769336901,06:08:56.901,okx,XRP/USDT:USDT,3.1385,64.87,3.1384,11.52,3.1386,164.0,3.1387,293.79
1753769337001,06:08:57.001,okx,XRP/USDT:USDT,3.1385,64.94,3.1384,11.52,3.1386,109.22,3.1387,232.35
1753769337201,06:08:57.201,okx,XRP/USDT:USDT,3.1385,87.81,3.1384,11.52,3.1386,101.81,3.1387,104.78
1753769337301,06:08:57.301,okx,XRP/USDT:USDT,3.1385,87.81,3.1384,11.52,3.1386,113.19,3.1387,108.23
1753769337501,06:08:57.501,okx,XRP/USDT:USDT,3.1385,25.14,3.1384,11.52,3.1386,113.2,3.1387,129.53
1753769337601,06:08:57.601,okx,XRP/USDT:USDT,3.1385,28.82,3.1384,11.52,3.1386,115.05,3.1387,131.52
1753769337701,06:08:57.701,okx,XRP/USDT:USDT,3.1385,2.36,3.1384,11.52,3.1386,127.0,3.1387,131.52
1753769337801,06:08:57.801,okx,XRP/USDT:USDT,3.1385,2.46,3.1384,0.11,3.1386,134.8,3.1387,131.52
1753769337901,06:08:57.901,okx,XRP/USDT:USDT,3.1383,41.04,3.1382,20.77,3.1384,219.24,3.1385,218.61
1753769338101,06:08:58.101,okx,XRP/USDT:USDT,3.1383,61.1,3.1382,20.76,3.1384,186.01,3.1385,182.53
1753769338201,06:08:58.201,okx,XRP/USDT:USDT,3.1383,61.2,3.1382,20.76,3.1384,189.11,3.1385,182.53
1753769338301,06:08:58.301,okx,XRP/USDT:USDT,3.1383,61.2,3.1382,20.76,3.1384,188.33,3.1385,179.44
1753769338401,06:08:58.401,okx,XRP/USDT:USDT,3.1383,64.39,3.1382,20.76,3.1384,188.65,3.1385,175.47
1753769338501,06:08:58.501,okx,XRP/USDT:USDT,3.1383,64.39,3.1382,20.76,3.1384,188.66,3.1385,175.47
1753769338601,06:08:58.601,okx,XRP/USDT:USDT,3.1384,243.72,3.1383,179.55,3.1385,85.6,3.1387,0.03
1753769338701,06:08:58.701,okx,XRP/USDT:USDT,3.1384,218.82,3.1383,135.79,3.1385,85.6,3.1387,0.03
1753769338801,06:08:58.801,okx,XRP/USDT:USDT,3.139,53.2,3.1389,4.0,3.1391,72.36,3.1392,44.17
1753769338901,06:08:58.901,okx,XRP/USDT:USDT,3.139,12.15,3.1388,111.61,3.1391,128.34,3.1392,66.79
1753769339001,06:08:59.001,okx,XRP/USDT:USDT,3.139,7.82,3.1388,111.16,3.1391,121.68,3.1392,56.12
1753769339101,06:08:59.101,okx,XRP/USDT:USDT,3.139,7.66,3.1388,112.32,3.1391,100.04,3.1392,77.53
1753769339201,06:08:59.201,okx,XRP/USDT:USDT,3.139,29.81,3.1388,112.32,3.1391,89.44,3.1392,71.23
1753769339401,06:08:59.401,okx,XRP/USDT:USDT,3.139,45.85,3.1388,114.94,3.1391,61.41,3.1392,72.39
1753769339501,06:08:59.501,okx,XRP/USDT:USDT,3.1391,162.93,3.139,79.37,3.1392,54.75,3.1393,82.74
1753769339601,06:08:59.601,okx,XRP/USDT:USDT,3.1391,135.76,3.139,75.66,3.1392,54.77,3.1393,82.74
1753769339701,06:08:59.701,okx,XRP/USDT:USDT,3.1391,135.76,3.139,75.66,3.1392,57.14,3.1393,37.02
1753769339801,06:08:59.801,okx,XRP/USDT:USDT,3.1391,157.87,3.139,86.1,3.1392,0.02,3.1393,4.72
1753769340101,06:09:00.101,okx,XRP/USDT:USDT,3.1391,146.94,3.139,76.85,3.1392,37.92,3.1393,4.72
1753769340301,06:09:00.301,okx,XRP/USDT:USDT,3.1391,11.59,3.139,35.28,3.1392,149.41,3.1393,83.79
1753769340401,06:09:00.401,okx,XRP/USDT:USDT,3.1391,13.57,3.139,35.28,3.1392,145.14,3.1393,78.11
1753769340501,06:09:00.501,okx,XRP/USDT:USDT,3.1391,13.57,3.139,35.28,3.1392,141.77,3.1393,78.11
1753769340601,06:09:00.601,okx,XRP/USDT:USDT,3.1391,13.12,3.139,35.28,3.1392,147.28,3.1393,83.7
1753769340701,06:09:00.701,okx,XRP/USDT:USDT,3.1391,13.12,3.139,30.95,3.1392,147.35,3.1393,83.7
1753769340801,06:09:00.801,okx,XRP/USDT:USDT,3.1391,13.12,3.139,27.77,3.1392,162.55,3.1393,83.7
1753769340901,06:09:00.901,okx,XRP/USDT:USDT,3.1391,16.3,3.139,27.77,3.1392,162.57,3.1393,83.72
1753769341001,06:09:01.001,okx,XRP/USDT:USDT,3.1391,16.31,3.139,7.65,3.1392,163.22,3.1393,83.56
1753769341101,06:09:01.101,okx,XRP/USDT:USDT,3.1391,16.42,3.139,0.14,3.1392,153.37,3.1393,78.13
1753769341201,06:09:01.201,okx,XRP/USDT:USDT,3.1391,16.89,3.139,7.94,3.1392,152.74,3.1393,77.93
1753769341301,06:09:01.301,okx,XRP/USDT:USDT,3.1391,16.89,3.139,0.14,3.1392,150.52,3.1393,83.28
1753769341401,06:09:01.401,okx,XRP/USDT:USDT,3.1391,16.89,3.139,0.14,3.1392,163.1,3.1393,83.28
1753769341501,06:09:01.501,okx,XRP/USDT:USDT,3.1391,16.88,3.139,0.14,3.1392,159.89,3.1393,83.28
1753769341701,06:09:01.701,okx,XRP/USDT:USDT,3.1391,49.04,3.139,16.09,3.1392,92.31,3.1393,45.72
1753769341801,06:09:01.801,okx,XRP/USDT:USDT,3.1391,88.25,3.139,11.0,3.1392,33.65,3.1393,45.72
1753769342001,06:09:02.001,okx,XRP/USDT:USDT,3.1391,69.26,3.139,11.0,3.1392,36.47,3.1393,45.72
1753769342101,06:09:02.101,okx,XRP/USDT:USDT,3.1391,88.14,3.139,11.0,3.1392,33.0,3.1393,46.88
1753769342201,06:09:02.201,okx,XRP/USDT:USDT,3.1391,93.24,3.139,16.09,3.1392,33.0,3.1393,46.88
1753769342301,06:09:02.301,okx,XRP/USDT:USDT,3.1391,69.16,3.139,11.0,3.1392,36.5,3.1393,46.88
1753769342401,06:09:02.401,okx,XRP/USDT:USDT,3.1391,37.96,3.139,7.94,3.1392,93.17,3.1393,54.74
1753769342501,06:09:02.501,okx,XRP/USDT:USDT,3.1391,17.28,3.139,7.94,3.1392,137.68,3.1393,53.58
1753769342601,06:09:02.601,okx,XRP/USDT:USDT,3.1391,17.28,3.139,7.94,3.1392,137.58,3.1393,71.27
1753769342701,06:09:02.701,okx,XRP/USDT:USDT,3.1391,18.76,3.139,0.14,3.1392,137.31,3.1393,71.27
1753769342801,06:09:02.801,okx,XRP/USDT:USDT,3.1391,18.76,3.139,0.14,3.1392,213.77,3.1393,81.46
1753769342901,06:09:02.901,okx,XRP/USDT:USDT,3.1391,18.76,3.139,0.14,3.1392,147.35,3.1393,77.46
1753769343001,06:09:03.001,okx,XRP/USDT:USDT,3.1391,18.76,3.139,0.14,3.1392,147.26,3.1393,79.05
1753769343101,06:09:03.101,okx,XRP/USDT:USDT,3.1385,29.25,3.1384,50.25,3.1386,205.26,3.1387,184.16
1753769343201,06:09:03.201,okx,XRP/USDT:USDT,3.1385,22.13,3.1384,45.88,3.1386,208.19,3.1387,130.7
1753769343301,06:09:03.301,okx,XRP/USDT:USDT,3.1384,37.56,3.1383,89.0,3.1385,407.74,3.1386,111.41
1753769343401,06:09:03.401,okx,XRP/USDT:USDT,3.1383,84.66,3.1382,22.35,3.1384,244.25,3.1385,135.83
1753769343601,06:09:03.601,okx,XRP/USDT:USDT,3.1383,42.22,3.1382,9.4,3.1384,242.89,3.1385,144.35
1753769343701,06:09:03.701,okx,XRP/USDT:USDT,3.1383,42.22,3.1382,9.4,3.1384,246.72,3.1385,168.5
1753769343801,06:09:03.801,okx,XRP/USDT:USDT,3.1383,42.22,3.1382,9.4,3.1384,229.86,3.1385,161.05
1753769343901,06:09:03.901,okx,XRP/USDT:USDT,3.1383,74.92,3.1382,9.4,3.1384,170.2,3.1385,97.43
1753769344001,06:09:04.001,okx,XRP/USDT:USDT,3.1383,90.85,3.1382,9.4,3.1384,69.37,3.1385,102.0
1753769344101,06:09:04.101,okx,XRP/USDT:USDT,3.1383,74.91,3.1382,9.4,3.1384,71.02,3.1385,97.43
1753769344201,06:09:04.201,okx,XRP/USDT:USDT,3.1383,90.84,3.1382,9.4,3.1384,42.15,3.1385,77.04
1753769344301,06:09:04.301,okx,XRP/USDT:USDT,3.1383,90.8,3.1382,9.4,3.1384,56.3,3.1385,77.04
1753769344401,06:09:04.401,okx,XRP/USDT:USDT,3.1383,90.87,3.1382,9.4,3.1384,42.16,3.1385,77.04
1753769344501,06:09:04.501,okx,XRP/USDT:USDT,3.1383,90.87,3.1382,9.4,3.1384,35.0,3.1385,77.04
1753769344701,06:09:04.701,okx,XRP/USDT:USDT,3.1383,90.87,3.1382,9.4,3.1384,46.3,3.1385,81.32
1753769344801,06:09:04.801,okx,XRP/USDT:USDT,3.1383,94.05,3.1382,9.4,3.1384,53.47,3.1385,77.04
1753769344901,06:09:04.901,okx,XRP/USDT:USDT,3.1383,94.05,3.1382,9.4,3.1384,75.42,3.1385,81.32
1753769345001,06:09:05.001,okx,XRP/USDT:USDT,3.1383,94.05,3.1382,9.4,3.1384,35.03,3.1385,47.33
1753769345101,06:09:05.101,okx,XRP/USDT:USDT,3.1383,125.23,3.1382,20.58,3.1384,2.52,3.1385,19.7
1753769345201,06:09:05.201,okx,XRP/USDT:USDT,3.1383,99.21,3.1382,20.58,3.1384,2.52,3.1386,12.89
1753769345301,06:09:05.301,okx,XRP/USDT:USDT,3.1383,99.51,3.1382,18.01,3.1384,2.52,3.1386,37.43
1753769345401,06:09:05.401,okx,XRP/USDT:USDT,3.1383,99.7,3.1382,20.58,3.1384,2.52,3.1386,37.43
1753769345501,06:09:05.501,okx,XRP/USDT:USDT,3.1383,95.39,3.1382,13.73,3.1384,2.52,3.1385,1.16
1753769345601,06:09:05.601,okx,XRP/USDT:USDT,3.1383,99.62,3.1382,20.5,3.1384,2.52,3.1385,1.16
1753769345701,06:09:05.701,okx,XRP/USDT:USDT,3.1383,99.62,3.1382,17.96,3.1384,2.52,3.1385,1.16
1753769345801,06:09:05.801,okx,XRP/USDT:USDT,3.1383,99.53,3.1382,17.96,3.1384,2.52,3.1385,1.16
1753769345901,06:09:05.901,okx,XRP/USDT:USDT,3.1383,95.6,3.1382,42.73,3.1384,2.52,3.1385,1.16
1753769346001,06:09:06.001,okx,XRP/USDT:USDT,3.1383,99.83,3.1382,47.01,3.1384,2.52,3.1385,1.16
1753769346101,06:09:06.101,okx,XRP/USDT:USDT,3.1383,99.83,3.1382,49.55,3.1384,2.03,3.1385,1.16
1753769346201,06:09:06.201,okx,XRP/USDT:USDT,3.1383,95.6,3.1382,42.78,3.1384,2.03,3.1385,1.16
1753769346301,06:09:06.301,okx,XRP/USDT:USDT,3.1383,84.29,3.1382,13.78,3.1384,2.11,3.1385,1.16
1753769346501,06:09:06.501,okx,XRP/USDT:USDT,3.1383,65.18,3.1382,13.78,3.1384,2.11,3.1385,18.15
1753769346601,06:09:06.601,okx,XRP/USDT:USDT,3.1383,65.02,3.1382,13.78,3.1384,24.1,3.1385,22.22
1753769346701,06:09:06.701,okx,XRP/USDT:USDT,3.1383,48.79,3.1382,13.78,3.1384,28.9,3.1385,63.62
1753769346801,06:09:06.801,okx,XRP/USDT:USDT,3.1383,57.27,3.1382,13.78,3.1384,6.47,3.1385,39.16
1753769346901,06:09:06.901,okx,XRP/USDT:USDT,3.1383,66.97,3.1382,16.36,3.1384,6.47,3.1385,27.53
1753769347001,06:09:07.001,okx,XRP/USDT:USDT,3.1383,66.97,3.1382,13.78,3.1384,2.14,3.1385,5.49
1753769347101,06:09:07.101,okx,XRP/USDT:USDT,3.1383,66.97,3.1382,42.78,3.1384,2.14,3.1385,5.49
1753769347201,06:09:07.201,okx,XRP/USDT:USDT,3.1383,66.97,3.1382,42.78,3.1384,2.14,3.1385,40.1
1753769347301,06:09:07.301,okx,XRP/USDT:USDT,3.1383,66.97,3.1382,42.78,3.1384,2.14,3.1385,40.1
1753769347401,06:09:07.401,okx,XRP/USDT:USDT,3.1383,78.74,3.1382,45.36,3.1384,3.3,3.1385,26.77
1753769347501,06:09:07.501,okx,XRP/USDT:USDT,3.1383,78.74,3.1382,42.78,3.1384,3.32,3.1385,4.33
1753769347601,06:09:07.601,okx,XRP/USDT:USDT,3.1383,78.31,3.1382,45.36,3.1384,3.32,3.1385,4.33
1753769347701,06:09:07.701,okx,XRP/USDT:USDT,3.1383,66.54,3.1382,13.78,3.1384,3.32,3.1385,4.33
1753769347801,06:09:07.801,okx,XRP/USDT:USDT,3.1383,66.54,3.1382,13.78,3.1384,7.65,3.1385,4.33
1753769347901,06:09:07.901,okx,XRP/USDT:USDT,3.1383,46.71,3.1382,13.78,3.1384,13.83,3.1385,42.98
1753769348101,06:09:08.101,okx,XRP/USDT:USDT,3.1383,62.64,3.1382,42.78,3.1384,7.65,3.1385,42.98
1753769348201,06:09:08.201,okx,XRP/USDT:USDT,3.1383,62.64,3.1382,42.78,3.1384,7.68,3.1385,42.98
1753769348301,06:09:08.301,okx,XRP/USDT:USDT,3.1383,62.34,3.1382,42.78,3.1384,7.68,3.1385,42.98
1753769348401,06:09:08.401,okx,XRP/USDT:USDT,3.1383,62.39,3.1382,42.78,3.1384,7.68,3.1385,42.98
1753769348501,06:09:08.501,okx,XRP/USDT:USDT,3.1383,62.6,3.1382,42.78,3.1384,7.75,3.1385,42.98
1753769348601,06:09:08.601,okx,XRP/USDT:USDT,3.1383,62.6,3.1382,13.78,3.1384,7.75,3.1385,47.28
1753769348701,06:09:08.701,okx,XRP/USDT:USDT,3.1383,62.6,3.1382,13.78,3.1384,7.75,3.1385,47.28
1753769348801,06:09:08.801,okx,XRP/USDT:USDT,3.1383,62.6,3.1382,13.78,3.1384,7.73,3.1385,42.98
1753769348901,06:09:08.901,okx,XRP/USDT:USDT,3.1383,62.6,3.1382,13.78,3.1384,7.75,3.1385,47.28
1753769349001,06:09:09.001,okx,XRP/USDT:USDT,3.1383,62.6,3.1382,20.66,3.1384,7.75,3.1385,42.98
1753769349201,06:09:09.201,okx,XRP/USDT:USDT,3.1383,95.46,3.1382,49.66,3.1384,3.57,3.1385,42.98
1753769349301,06:09:09.301,okx,XRP/USDT:USDT,3.1383,95.46,3.1382,49.66,3.1384,3.57,3.1385,42.98
1753769349401,06:09:09.401,okx,XRP/USDT:USDT,3.1383,102.57,3.1382,49.66,3.1384,3.57,3.1385,42.98
1753769349501,06:09:09.501,okx,XRP/USDT:USDT,3.1383,101.56,3.1382,49.66,3.1384,3.57,3.1385,42.98
1753769349601,06:09:09.601,okx,XRP/USDT:USDT,3.1383,102.95,3.1382,49.66,3.1384,3.57,3.1385,42.98
1753769349701,06:09:09.701,okx,XRP/USDT:USDT,3.1383,69.65,3.1382,13.78,3.1384,7.9,3.1385,42.98
1753769349801,06:09:09.801,okx,XRP/USDT:USDT,3.1383,70.21,3.1382,13.78,3.1384,19.82,3.1385,42.98
1753769349901,06:09:09.901,okx,XRP/USDT:USDT,3.1383,70.23,3.1382,13.78,3.1384,33.86,3.1385,47.15
1753769350001,06:09:10.001,okx,XRP/USDT:USDT,3.1383,70.23,3.1382,17.95,3.1384,7.79,3.1385,42.98
1753769350101,06:09:10.101,okx,XRP/USDT:USDT,3.1383,74.16,3.1382,46.95,3.1384,7.87,3.1385,42.98
1753769350201,06:09:10.201,okx,XRP/USDT:USDT,3.1383,74.16,3.1382,42.78,3.1384,7.87,3.1385,42.98
1753769350301,06:09:10.301,okx,XRP/USDT:USDT,3.1383,74.16,3.1382,42.78,3.1384,7.87,3.1385,42.98
1753769350401,06:09:10.401,okx,XRP/USDT:USDT,3.1383,81.13,3.1382,46.95,3.1384,7.72,3.1385,42.98
1753769350501,06:09:10.501,okx,XRP/USDT:USDT,3.1383,76.96,3.1382,42.78,3.1384,7.72,3.1385,42.98
1753769350601,06:09:10.601,okx,XRP/USDT:USDT,3.1383,76.96,3.1382,42.78,3.1384,7.72,3.1385,42.98
1753769350701,06:09:10.701,okx,XRP/USDT:USDT,3.1383,76.96,3.1382,42.78,3.1384,7.72,3.1385,42.98
1753769350801,06:09:10.801,okx,XRP/USDT:USDT,3.1383,76.66,3.1382,13.78,3.1384,7.71,3.1385,42.98
1753769350901,06:09:10.901,okx,XRP/USDT:USDT,3.1383,76.66,3.1382,13.78,3.1384,7.71,3.1385,42.98
1753769351001,06:09:11.001,okx,XRP/USDT:USDT,3.1383,76.66,3.1382,13.78,3.1384,7.71,3.1385,42.98
1753769351101,06:09:11.101,okx,XRP/USDT:USDT,3.1385,121.25,3.1384,99.67,3.1386,12.21,3.1387,23.37
1753769351201,06:09:11.201,okx,XRP/USDT:USDT,3.1389,127.62,3.1388,96.3,3.139,16.31,3.1391,8.57
1753769351301,06:09:11.301,okx,XRP/USDT:USDT,3.1389,127.8,3.1388,96.3,3.139,0.03,3.1391,8.57
1753769351401,06:09:11.401,okx,XRP/USDT:USDT,3.139,218.27,3.1389,26.15,3.1391,1.02,3.1392,13.47
1753769351501,06:09:11.501,okx,XRP/USDT:USDT,3.139,218.32,3.1389,25.85,3.1391,1.02,3.1392,8.66
1753769351601,06:09:11.601,okx,XRP/USDT:USDT,3.139,218.44,3.1389,25.85,3.1391,1.02,3.1392,8.66
1753769351701,06:09:11.701,okx,XRP/USDT:USDT,3.139,230.21,3.1389,27.04,3.1391,1.02,3.1392,0.12
1753769351801,06:09:11.801,okx,XRP/USDT:USDT,3.139,227.85,3.1389,27.16,3.1391,1.03,3.1392,0.12
1753769351901,06:09:11.901,okx,XRP/USDT:USDT,3.139,222.81,3.1389,26.97,3.1391,1.04,3.1392,0.12
1753769352001,06:09:12.001,okx,XRP/USDT:USDT,3.139,219.07,3.1389,26.77,3.1391,1.05,3.1392,0.12
1753769352101,06:09:12.101,okx,XRP/USDT:USDT,3.139,226.02,3.1389,26.74,3.1391,1.09,3.1392,0.12
1753769352201,06:09:12.201,okx,XRP/USDT:USDT,3.139,225.95,3.1389,26.74,3.1391,1.09,3.1392,0.12
1753769352301,06:09:12.301,okx,XRP/USDT:USDT,3.139,226.25,3.1389,26.74,3.1391,1.09,3.1392,0.12
1753769352401,06:09:12.401,okx,XRP/USDT:USDT,3.139,231.08,3.1389,26.57,3.1391,1.8,3.1392,0.12
1753769352501,06:09:12.501,okx,XRP/USDT:USDT,3.1392,273.86,3.1391,132.66,3.1393,0.55,3.1394,1.27
1753769352601,06:09:12.601,okx,XRP/USDT:USDT,3.1392,262.17,3.1391,135.4,3.1393,0.57,3.1394,1.25
1753769352701,06:09:12.701,okx,XRP/USDT:USDT,3.1392,253.09,3.1391,179.36,3.1393,0.57,3.1394,1.25
1753769352801,06:09:12.801,okx,XRP/USDT:USDT,3.1395,200.9,3.1394,111.57,3.1396,0.1,3.1397,4.9
1753769352901,06:09:12.901,okx,XRP/USDT:USDT,3.1396,215.6,3.1395,90.99,3.1397,12.47,3.1398,1.25
1753769353001,06:09:13.001,okx,XRP/USDT:USDT,3.1396,188.18,3.1395,91.08,3.1397,12.49,3.1398,1.25
1753769353101,06:09:13.101,okx,XRP/USDT:USDT,3.1396,188.18,3.1395,91.11,3.1397,12.54,3.1398,0.09
1753769353201,06:09:13.201,okx,XRP/USDT:USDT,3.1396,122.6,3.1395,85.62,3.1397,20.07,3.1398,0.09
1753769353301,06:09:13.301,okx,XRP/USDT:USDT,3.1396,122.66,3.1395,88.62,3.1397,20.07,3.1398,0.09
1753769353401,06:09:13.401,okx,XRP/USDT:USDT,3.1396,142.66,3.1395,86.78,3.1397,24.43,3.1398,7.89
1753769353501,06:09:13.501,okx,XRP/USDT:USDT,3.1396,116.92,3.1395,57.11,3.1397,51.87,3.1398,29.63
1753769353601,06:09:13.601,okx,XRP/USDT:USDT,3.1396,80.72,3.1395,47.11,3.1397,56.55,3.1398,34.43
1753769353701,06:09:13.701,okx,XRP/USDT:USDT,3.1396,80.72,3.1395,47.11,3.1397,56.55,3.1398,29.63
1753769353801,06:09:13.801,okx,XRP/USDT:USDT,3.1396,91.97,3.1395,47.08,3.1397,56.55,3.1398,29.63
1753769353901,06:09:13.901,okx,XRP/USDT:USDT,3.1396,92.0,3.1395,47.08,3.1397,56.56,3.1398,29.63
1753769354001,06:09:14.001,okx,XRP/USDT:USDT,3.1396,92.0,3.1395,47.08,3.1397,56.56,3.1398,29.63
1753769354101,06:09:14.101,okx,XRP/USDT:USDT,3.1396,92.0,3.1395,47.08,3.1397,68.5,3.1398,29.63
1753769354201,06:09:14.201,okx,XRP/USDT:USDT,3.1396,82.52,3.1395,47.08,3.1397,68.5,3.1398,29.63
1753769354301,06:09:14.301,okx,XRP/USDT:USDT,3.1396,82.72,3.1395,50.06,3.1397,68.5,3.1398,29.63
1753769354401,06:09:14.401,okx,XRP/USDT:USDT,3.1396,98.95,3.1395,50.06,3.1397,68.5,3.1398,29.63
1753769354501,06:09:14.501,okx,XRP/USDT:USDT,3.1396,100.57,3.1395,50.06,3.1397,56.56,3.1398,29.63
1753769354601,06:09:14.601,okx,XRP/USDT:USDT,3.1396,102.07,3.1395,51.85,3.1397,48.43,3.1398,21.83
1753769354701,06:09:14.701,okx,XRP/USDT:USDT,3.1396,118.0,3.1395,51.85,3.1397,31.26,3.1398,3.83
1753769354801,06:09:14.801,okx,XRP/USDT:USDT,3.1396,120.37,3.1395,51.85,3.1397,15.8,3.1398,3.83
1753769354901,06:09:14.901,okx,XRP/USDT:USDT,3.1396,118.58,3.1395,51.85,3.1397,15.8,3.1398,4.99
1753769355001,06:09:15.001,okx,XRP/USDT:USDT,3.1396,118.7,3.1395,51.85,3.1397,25.0,3.1398,1.25
1753769355101,06:09:15.101,okx,XRP/USDT:USDT,3.1396,120.49,3.1395,50.69,3.1397,15.82,3.1398,6.91
1753769355201,06:09:15.201,okx,XRP/USDT:USDT,3.1396,120.79,3.1395,50.69,3.1397,15.9,3.1398,0.09
1753769355301,06:09:15.301,okx,XRP/USDT:USDT,3.1396,121.56,3.1395,50.69,3.1397,15.9,3.1398,0.09
1753769355401,06:09:15.401,okx,XRP/USDT:USDT,3.1396,121.56,3.1395,50.69,3.1397,15.9,3.1398,0.09
1753769355501,06:09:15.501,okx,XRP/USDT:USDT,3.1396,116.79,3.1395,47.71,3.1397,16.07,3.1398,0.09
1753769355601,06:09:15.601,okx,XRP/USDT:USDT,3.1396,119.77,3.1395,50.69,3.1397,16.07,3.1398,0.09
1753769355701,06:09:15.701,okx,XRP/USDT:USDT,3.1396,119.91,3.1395,50.09,3.1397,16.07,3.1398,0.09
1753769355801,06:09:15.801,okx,XRP/USDT:USDT,3.1396,101.0,3.1395,47.11,3.1397,25.25,3.1398,13.02
1753769355901,06:09:15.901,okx,XRP/USDT:USDT,3.1396,101.01,3.1395,47.11,3.1397,25.25,3.1398,13.02
1753769356001,06:09:16.001,okx,XRP/USDT:USDT,3.1396,101.01,3.1395,47.11,3.1397,26.0,3.1398,42.02
1753769356101,06:09:16.101,okx,XRP/USDT:USDT,3.1396,101.01,3.1395,45.95,3.1397,30.33,3.1398,42.02
1753769356201,06:09:16.201,okx,XRP/USDT:USDT,3.1396,100.71,3.1395,45.95,3.1397,30.33,3.1398,42.02
1753769356301,06:09:16.301,okx,XRP/USDT:USDT,3.1396,87.45,3.1395,45.92,3.1397,57.95,3.1398,46.16
1753769356401,06:09:16.401,okx,XRP/USDT:USDT,3.1396,75.48,3.1395,45.92,3.1397,96.98,3.1398,42.02
1753769356501,06:09:16.501,okx,XRP/USDT:USDT,3.1396,75.48,3.1395,45.92,3.1397,99.95,3.1398,47.95
1753769356601,06:09:16.601,okx,XRP/USDT:USDT,3.1396,75.48,3.1395,45.92,3.1397,108.91,3.1398,46.16
1753769356701,06:09:16.701,okx,XRP/USDT:USDT,3.1396,75.48,3.1395,45.92,3.1397,108.91,3.1398,46.16
1753769356801,06:09:16.801,okx,XRP/USDT:USDT,3.1396,82.45,3.1395,45.92,3.1397,77.92,3.1398,43.18
1753769356901,06:09:16.901,okx,XRP/USDT:USDT,3.1396,82.45,3.1395,45.92,3.1397,89.86,3.1398,43.18
1753769357001,06:09:17.001,okx,XRP/USDT:USDT,3.1396,82.56,3.1395,45.92,3.1397,89.86,3.1398,43.18
1753769357101,06:09:17.101,okx,XRP/USDT:USDT,3.1396,82.56,3.1395,45.92,3.1397,77.92,3.1398,43.18
1753769357201,06:09:17.201,okx,XRP/USDT:USDT,3.1396,82.69,3.1395,45.92,3.1397,77.96,3.1398,43.18
1753769357301,06:09:17.301,okx,XRP/USDT:USDT,3.1396,82.75,3.1395,45.92,3.1397,85.57,3.1398,14.18
1753769357401,06:09:17.401,okx,XRP/USDT:USDT,3.1396,82.75,3.1395,45.92,3.1397,79.52,3.1398,14.18
1753769357501,06:09:17.501,okx,XRP/USDT:USDT,3.1396,82.75,3.1395,48.9,3.1397,67.59,3.1398,14.18
1753769357601,06:09:17.601,okx,XRP/USDT:USDT,3.1396,82.75,3.1395,45.92,3.1397,67.59,3.1398,13.02
1753769357701,06:09:17.701,okx,XRP/USDT:USDT,3.1396,82.75,3.1395,45.92,3.1397,79.53,3.1398,13.02
1753769357901,06:09:17.901,okx,XRP/USDT:USDT,3.1396,82.93,3.1395,50.66,3.1397,79.53,3.1398,13.02
1753769358001,06:09:18.001,okx,XRP/USDT:USDT,3.1396,82.98,3.1395,48.87,3.1397,67.59,3.1398,20.1
1753769358101,06:09:18.101,okx,XRP/USDT:USDT,3.1396,82.98,3.1395,48.87,3.1397,67.59,3.1398,13.02
1753769358201,06:09:18.201,okx,XRP/USDT:USDT,3.1396,82.98,3.1395,45.89,3.1397,79.53,3.1398,25.68
1753769358301,06:09:18.301,okx,XRP/USDT:USDT,3.1396,82.98,3.1395,45.89,3.1397,79.53,3.1398,28.66
1753769358401,06:09:18.401,okx,XRP/USDT:USDT,3.1396,86.15,3.1395,45.89,3.1397,79.53,3.1398,25.68
1753769358501,06:09:18.501,okx,XRP/USDT:USDT,3.1396,56.51,3.1395,45.89,3.1397,106.14,3.1398,56.6
1753769358601,06:09:18.601,okx,XRP/USDT:USDT,3.1396,38.2,3.1395,13.5,3.1397,110.91,3.1398,65.26
1753769358701,06:09:18.701,okx,XRP/USDT:USDT,3.1396,38.26,3.1395,13.5,3.1397,124.01,3.1398,64.1
1753769358801,06:09:18.801,okx,XRP/USDT:USDT,3.1396,38.26,3.1395,13.5,3.1397,109.09,3.1398,64.1
1753769358901,06:09:18.901,okx,XRP/USDT:USDT,3.1396,38.26,3.1395,13.5,3.1397,112.07,3.1398,64.1
1753769359001,06:09:19.001,okx,XRP/USDT:USDT,3.1396,38.39,3.1395,13.5,3.1397,141.07,3.1398,64.1
1753769359101,06:09:19.101,okx,XRP/USDT:USDT,3.1396,38.39,3.1395,13.5,3.1397,153.01,3.1398,64.1
1753769359201,06:09:19.201,okx,XRP/USDT:USDT,3.1396,38.5,3.1395,13.5,3.1397,153.62,3.1398,64.1
1753769359301,06:09:19.301,okx,XRP/USDT:USDT,3.1396,38.57,3.1395,0.63,3.1397,153.62,3.1398,64.4
1753769359401,06:09:19.401,okx,XRP/USDT:USDT,3.1396,39.24,3.1395,9.73,3.1397,115.78,3.1398,59.63
1753769359701,06:09:19.701,okx,XRP/USDT:USDT,3.1396,45.39,3.1395,4.96,3.1397,95.57,3.1398,59.63
1753769359801,06:09:19.801,okx,XRP/USDT:USDT,3.1396,72.11,3.1395,22.26,3.1397,69.38,3.1398,59.63
1753769359901,06:09:19.901,okx,XRP/USDT:USDT,3.1397,156.6,3.1396,125.02,3.1398,0.39,3.1399,0.15
1753769360001,06:09:20.001,okx,XRP/USDT:USDT,3.1397,180.5,3.1396,97.3,3.1398,27.81,3.1399,0.15
1753769360101,06:09:20.101,okx,XRP/USDT:USDT,3.1398,245.8,3.1397,77.7,3.1399,27.84,3.14,4.45
1753769360201,06:09:20.201,okx,XRP/USDT:USDT,3.1398,237.76,3.1397,65.76,3.1399,27.86,3.14,4.45
1753769360301,06:09:20.301,okx,XRP/USDT:USDT,3.1398,238.06,3.1397,62.58,3.1399,12.1,3.14,3.29
1753769360401,06:09:20.401,okx,XRP/USDT:USDT,3.1398,283.92,3.1397,62.58,3.1399,0.16,3.14,3.29
1753769360601,06:09:20.601,okx,XRP/USDT:USDT,3.1399,302.24,3.1398,248.59,3.14,3.29,3.1401,0.63
1753769360701,06:09:20.701,okx,XRP/USDT:USDT,3.1399,257.54,3.1398,239.78,3.14,3.3,3.1401,0.63
1753769360801,06:09:20.801,okx,XRP/USDT:USDT,3.1402,126.38,3.1401,85.02,3.1403,116.67,3.1404,19.41
1753769360901,06:09:20.901,okx,XRP/USDT:USDT,3.1402,128.63,3.1401,84.99,3.1403,88.99,3.1404,13.65
1753769361001,06:09:21.001,okx,XRP/USDT:USDT,3.1402,128.74,3.1401,84.99,3.1403,88.99,3.1404,13.65
1753769361201,06:09:21.201,okx,XRP/USDT:USDT,3.1402,157.99,3.1401,84.96,3.1403,89.03,3.1404,14.81
1753769361401,06:09:21.401,okx,XRP/USDT:USDT,3.1402,182.25,3.1401,84.96,3.1403,89.05,3.1404,14.81
1753769361501,06:09:21.501,okx,XRP/USDT:USDT,3.1402,198.09,3.1401,84.96,3.1403,89.06,3.1404,14.81
1753769361601,06:09:21.601,okx,XRP/USDT:USDT,3.1402,181.0,3.1401,84.96,3.1403,89.1,3.1404,14.81
1753769361701,06:09:21.701,okx,XRP/USDT:USDT,3.1402,184.18,3.1401,84.96,3.1403,89.58,3.1404,14.81
1753769361801,06:09:21.801,okx,XRP/USDT:USDT,3.1402,200.1,3.1401,84.88,3.1403,89.58,3.1404,14.81
1753769361901,06:09:21.901,okx,XRP/USDT:USDT,3.1402,144.53,3.1401,81.42,3.1403,108.76,3.1404,23.76
1753769362001,06:09:22.001,okx,XRP/USDT:USDT,3.1402,142.03,3.1401,62.37,3.1403,109.0,3.1404,22.6
1753769362101,06:09:22.101,okx,XRP/USDT:USDT,3.1402,132.85,3.1401,62.4,3.1403,108.88,3.1404,23.88
1753769362201,06:09:22.201,okx,XRP/USDT:USDT,3.1402,132.07,3.1401,62.4,3.1403,108.88,3.1404,22.6
1753769362301,06:09:22.301,okx,XRP/USDT:USDT,3.1402,141.25,3.1401,62.4,3.1403,108.88,3.1404,22.6
1753769362401,06:09:22.401,okx,XRP/USDT:USDT,3.1402,141.25,3.1401,63.56,3.1403,108.88,3.1404,22.6
1753769362501,06:09:22.501,okx,XRP/USDT:USDT,3.1402,141.25,3.1401,63.56,3.1403,108.88,3.1404,22.6
1753769362601,06:09:22.601,okx,XRP/USDT:USDT,3.1402,141.25,3.1401,63.56,3.1403,109.63,3.1404,22.6
1753769362701,06:09:22.701,okx,XRP/USDT:USDT,3.1402,141.25,3.1401,63.56,3.1403,109.68,3.1404,22.6
1753769362801,06:09:22.801,okx,XRP/USDT:USDT,3.1402,141.25,3.1401,64.45,3.1403,109.68,3.1404,22.6
1753769362901,06:09:22.901,okx,XRP/USDT:USDT,3.1402,144.56,3.1401,66.84,3.1403,109.68,3.1404,22.6
1753769363001,06:09:23.001,okx,XRP/USDT:USDT,3.1402,144.68,3.1401,66.84,3.1403,109.68,3.1404,22.6
1753769363101,06:09:23.101,okx,XRP/USDT:USDT,3.1402,143.45,3.1401,66.84,3.1403,109.68,3.1404,22.6
1753769363201,06:09:23.201,okx,XRP/USDT:USDT,3.1402,143.57,3.1401,66.84,3.1403,109.68,3.1404,22.6
1753769363301,06:09:23.301,okx,XRP/USDT:USDT,3.1402,141.52,3.1401,66.84,3.1403,109.68,3.1404,22.6
1753769363401,06:09:23.401,okx,XRP/USDT:USDT,3.1402,160.79,3.1401,66.84,3.1403,100.38,3.1404,9.59
1753769363501,06:09:23.501,okx,XRP/USDT:USDT,3.1402,160.79,3.1401,66.84,3.1403,100.38,3.1404,9.59
1753769363601,06:09:23.601,okx,XRP/USDT:USDT,3.1402,160.79,3.1401,66.84,3.1403,100.26,3.1404,9.59
1753769363701,06:09:23.701,okx,XRP/USDT:USDT,3.1402,157.72,3.1401,66.84,3.1403,106.02,3.1404,9.59
1753769363801,06:09:23.801,okx,XRP/USDT:USDT,3.1402,141.82,3.1401,59.63,3.1403,105.96,3.1404,18.3
1753769363901,06:09:23.901,okx,XRP/USDT:USDT,3.1402,136.07,3.1401,60.73,3.1403,105.96,3.1404,18.3
1753769364001,06:09:24.001,okx,XRP/USDT:USDT,3.1402,137.95,3.1401,62.57,3.1403,105.96,3.1404,25.91
1753769364101,06:09:24.101,okx,XRP/USDT:USDT,3.1402,137.95,3.1401,62.57,3.1403,105.83,3.1404,25.91
1753769364201,06:09:24.201,okx,XRP/USDT:USDT,3.1402,139.01,3.1401,62.57,3.1403,105.83,3.1404,25.91
1753769364301,06:09:24.301,okx,XRP/USDT:USDT,3.1402,139.01,3.1401,62.57,3.1403,105.82,3.1404,25.91
1753769364401,06:09:24.401,okx,XRP/USDT:USDT,3.1402,136.11,3.1401,62.57,3.1403,105.82,3.1404,25.91
1753769364501,06:09:24.501,okx,XRP/USDT:USDT,3.1402,138.85,3.1401,62.44,3.1403,105.82,3.1404,25.91
1753769364601,06:09:24.601,okx,XRP/USDT:USDT,3.1402,132.69,3.1401,59.63,3.1403,107.53,3.1404,31.95
1753769364701,06:09:24.701,okx,XRP/USDT:USDT,3.1402,90.49,3.1401,52.46,3.1403,123.45,3.1404,32.98
1753769364801,06:09:24.801,okx,XRP/USDT:USDT,3.1402,90.49,3.1401,51.27,3.1403,121.74,3.1404,33.11
1753769364901,06:09:24.901,okx,XRP/USDT:USDT,3.1402,90.61,3.1401,52.3,3.1403,121.74,3.1404,31.4
1753769365001,06:09:25.001,okx,XRP/USDT:USDT,3.1402,99.79,3.1401,52.3,3.1403,105.84,3.1404,31.4
1753769365101,06:09:25.101,okx,XRP/USDT:USDT,3.1402,90.61,3.1401,51.27,3.1403,121.76,3.1404,44.06
1753769365301,06:09:25.301,okx,XRP/USDT:USDT,3.1402,91.16,3.1401,29.43,3.1403,121.76,3.1404,58.54
1753769365401,06:09:25.401,okx,XRP/USDT:USDT,3.1402,91.16,3.1401,25.82,3.1403,122.67,3.1404,56.86
1753769365501,06:09:25.501,okx,XRP/USDT:USDT,3.1402,91.29,3.1401,25.82,3.1403,121.64,3.1404,58.51
1753769365601,06:09:25.601,okx,XRP/USDT:USDT,3.1402,77.92,3.14,17.16,3.1403,126.24,3.1404,90.44
1753769365701,06:09:25.701,okx,XRP/USDT:USDT,3.1402,58.55,3.14,0.82,3.1403,147.14,3.1404,98.65
1753769365801,06:09:25.801,okx,XRP/USDT:USDT,3.1402,58.59,3.14,0.02,3.1403,216.07,3.1404,197.26
1753769365901,06:09:25.901,okx,XRP/USDT:USDT,3.1402,58.59,3.14,0.02,3.1403,243.07,3.1404,197.26
1753769366001,06:09:26.001,okx,XRP/USDT:USDT,3.1402,58.59,3.14,0.02,3.1403,231.13,3.1404,197.26
1753769366101,06:09:26.101,okx,XRP/USDT:USDT,3.1402,48.21,3.14,0.02,3.1403,203.99,3.1404,197.26
1753769366201,06:09:26.201,okx,XRP/USDT:USDT,3.1397,26.46,3.1396,49.79,3.1398,202.17,3.1399,231.73
1753769366301,06:09:26.301,okx,XRP/USDT:USDT,3.1396,1.08,3.1395,0.65,3.1397,208.99,3.1398,65.65
1753769366401,06:09:26.401,okx,XRP/USDT:USDT,3.1396,23.21,3.1395,0.62,3.1397,196.42,3.1398,69.65
1753769366501,06:09:26.501,okx,XRP/USDT:USDT,3.1396,1.1,3.1395,0.62,3.1397,196.38,3.1398,35.64
1753769366601,06:09:26.601,okx,XRP/USDT:USDT,3.1396,1.1,3.1395,0.62,3.1397,196.38,3.1398,58.23
1753769366701,06:09:26.701,okx,XRP/USDT:USDT,3.1396,1.1,3.1395,0.62,3.1397,193.71,3.1398,55.42
1753769366801,06:09:26.801,okx,XRP/USDT:USDT,3.1396,10.29,3.1395,0.62,3.1397,192.09,3.1398,56.41
1753769366901,06:09:26.901,okx,XRP/USDT:USDT,3.1396,31.05,3.1395,0.62,3.1397,163.58,3.1398,53.74
1753769367001,06:09:27.001,okx,XRP/USDT:USDT,3.1396,31.07,3.1395,0.62,3.1397,163.58,3.1398,55.34
1753769367101,06:09:27.101,okx,XRP/USDT:USDT,3.1396,23.27,3.1395,0.62,3.1397,218.29,3.1398,58.01
1753769367201,06:09:27.201,okx,XRP/USDT:USDT,3.1396,9.77,3.1395,0.62,3.1397,218.59,3.1398,58.01
1753769367301,06:09:27.301,okx,XRP/USDT:USDT,3.1396,1.28,3.1395,0.62,3.1397,216.99,3.1398,56.41
1753769367401,06:09:27.401,okx,XRP/USDT:USDT,3.1396,1.16,3.1395,0.62,3.1397,226.16,3.1398,57.91
1753769367501,06:09:27.501,okx,XRP/USDT:USDT,3.1396,1.1,3.1395,0.62,3.1397,228.61,3.1398,56.41
1753769367601,06:09:27.601,okx,XRP/USDT:USDT,3.1396,1.1,3.1395,0.62,3.1397,228.49,3.1398,56.41
1753769367701,06:09:27.701,okx,XRP/USDT:USDT,3.1396,1.06,3.1395,0.62,3.1397,214.08,3.1398,53.74
1753769368001,06:09:28.001,okx,XRP/USDT:USDT,3.1396,1.06,3.1395,0.62,3.1397,216.39,3.1398,56.04
1753769368101,06:09:28.101,okx,XRP/USDT:USDT,3.1396,1.06,3.1395,0.62,3.1397,228.25,3.1398,56.04
1753769368201,06:09:28.201,okx,XRP/USDT:USDT,3.1394,4.3,3.1393,22.52,3.1395,404.53,3.1396,322.09
1753769368301,06:09:28.301,okx,XRP/USDT:USDT,3.1394,4.39,3.1393,22.52,3.1395,361.46,3.1396,330.0
1753769368401,06:09:28.401,okx,XRP/USDT:USDT,3.1393,22.51,3.1392,0.08,3.1394,468.71,3.1395,308.25
1753769368501,06:09:28.501,okx,XRP/USDT:USDT,3.1393,22.51,3.1392,0.08,3.1394,468.73,3.1395,308.32
1753769368801,06:09:28.801,okx,XRP/USDT:USDT,3.1393,26.83,3.1392,7.88,3.1394,339.2,3.1395,307.48
1753769368901,06:09:28.901,okx,XRP/USDT:USDT,3.1393,22.5,3.1392,7.83,3.1394,339.2,3.1395,307.48
1753769369001,06:09:29.001,okx,XRP/USDT:USDT,3.1393,31.57,3.1392,7.83,3.1394,339.14,3.1395,306.24
1753769369101,06:09:29.101,okx,XRP/USDT:USDT,3.1393,31.69,3.1392,7.83,3.1394,341.54,3.1395,306.24
1753769369201,06:09:29.201,okx,XRP/USDT:USDT,3.1393,31.69,3.1392,7.83,3.1394,339.54,3.1395,304.18
1753769369301,06:09:29.301,okx,XRP/USDT:USDT,3.1393,44.73,3.1392,7.83,3.1394,341.48,3.1395,277.12
1753769369501,06:09:29.501,okx,XRP/USDT:USDT,3.1393,26.71,3.1392,7.83,3.1394,324.42,3.1395,278.11
1753769369601,06:09:29.601,okx,XRP/USDT:USDT,3.1393,39.21,3.1392,7.83,3.1394,323.33,3.1395,277.01
1753769369701,06:09:29.701,okx,XRP/USDT:USDT,3.1393,39.06,3.1392,7.83,3.1394,336.47,3.1395,278.08
1753769369801,06:09:29.801,okx,XRP/USDT:USDT,3.1393,39.06,3.1392,7.83,3.1394,340.78,3.1395,278.08
1753769369901,06:09:29.901,okx,XRP/USDT:USDT,3.1393,29.89,3.1392,7.83,3.1394,340.78,3.1395,278.08
1753769370001,06:09:30.001,okx,XRP/USDT:USDT,3.1393,25.56,3.1392,7.83,3.1394,340.78,3.1395,278.08
1753769370101,06:09:30.101,okx,XRP/USDT:USDT,3.1393,25.56,3.1392,7.83,3.1394,340.78,3.1395,278.08
1753769370201,06:09:30.201,okx,XRP/USDT:USDT,3.1393,25.15,3.1392,7.83,3.1394,336.48,3.1395,278.08
1753769370301,06:09:30.301,okx,XRP/USDT:USDT,3.1393,25.15,3.1392,7.83,3.1394,340.32,3.1395,278.08
1753769370401,06:09:30.401,okx,XRP/USDT:USDT,3.1393,34.33,3.1392,7.83,3.1394,341.81,3.1395,276.25
1753769370501,06:09:30.501,okx,XRP/USDT:USDT,3.1393,25.15,3.1392,7.83,3.1394,345.1,3.1395,277.91
1753769370601,06:09:30.601,okx,XRP/USDT:USDT,3.1393,25.15,3.1392,7.83,3.1394,345.1,3.1395,277.91
1753769370701,06:09:30.701,okx,XRP/USDT:USDT,3.1393,25.15,3.1392,7.83,3.1394,345.1,3.1395,277.91
1753769370801,06:09:30.801,okx,XRP/USDT:USDT,3.1393,25.15,3.1392,7.83,3.1394,345.49,3.1395,277.91
1753769370901,06:09:30.901,okx,XRP/USDT:USDT,3.1391,39.98,3.139,1.67,3.1392,361.4,3.1393,256.71
1753769371101,06:09:31.101,okx,XRP/USDT:USDT,3.1391,36.92,3.139,0.03,3.1392,319.9,3.1393,221.61
1753769371201,06:09:31.201,okx,XRP/USDT:USDT,3.1391,36.94,3.139,0.03,3.1392,331.87,3.1393,221.61
1753769371301,06:09:31.301,okx,XRP/USDT:USDT,3.1391,37.02,3.139,0.03,3.1392,328.45,3.1393,219.47
1753769371401,06:09:31.401,okx,XRP/USDT:USDT,3.1391,37.02,3.139,0.03,3.1392,331.87,3.1393,221.61
1753769371501,06:09:31.501,okx,XRP/USDT:USDT,3.1391,37.13,3.139,0.03,3.1392,331.87,3.1393,221.61
1753769371601,06:09:31.601,okx,XRP/USDT:USDT,3.1391,37.25,3.139,0.03,3.1392,332.73,3.1393,221.61
1753769371701,06:09:31.701,okx,XRP/USDT:USDT,3.1391,37.25,3.139,0.03,3.1392,332.73,3.1393,221.61
1753769371801,06:09:31.801,okx,XRP/USDT:USDT,3.1391,37.25,3.139,0.03,3.1392,332.73,3.1393,221.61
1753769371901,06:09:31.901,okx,XRP/USDT:USDT,3.1391,37.24,3.139,0.03,3.1392,332.73,3.1393,221.61
1753769372001,06:09:32.001,okx,XRP/USDT:USDT,3.1388,0.06,3.1387,0.69,3.1389,122.29,3.139,181.88
1753769372101,06:09:32.101,okx,XRP/USDT:USDT,3.1386,3.59,3.1385,65.84,3.1387,142.3,3.1388,28.31
1753769372201,06:09:32.201,okx,XRP/USDT:USDT,3.1386,3.61,3.1385,65.84,3.1387,177.88,3.1388,27.15
1753769372301,06:09:32.301,okx,XRP/USDT:USDT,3.1385,0.99,3.1384,4.5,3.1386,315.63,3.1387,287.59
1753769372601,06:09:32.601,okx,XRP/USDT:USDT,3.1384,9.09,3.1383,0.9,3.1385,200.73,3.1386,142.94
1753769372701,06:09:32.701,okx,XRP/USDT:USDT,3.1384,22.04,3.1383,0.9,3.1385,194.02,3.1386,140.33
1753769372801,06:09:32.801,okx,XRP/USDT:USDT,3.1384,0.59,3.1383,0.9,3.1385,219.66,3.1386,142.94
1753769372901,06:09:32.901,okx,XRP/USDT:USDT,3.1384,0.59,3.1383,0.9,3.1385,254.06,3.1386,142.94
1753769373001,06:09:33.001,okx,XRP/USDT:USDT,3.1384,8.51,3.1383,0.9,3.1385,242.13,3.1386,142.94
1753769373101,06:09:33.101,okx,XRP/USDT:USDT,3.1384,8.51,3.1383,0.9,3.1385,243.36,3.1386,141.26
1753769373201,06:09:33.201,okx,XRP/USDT:USDT,3.1384,30.74,3.1383,0.9,3.1385,243.38,3.1386,138.72
1753769373301,06:09:33.301,okx,XRP/USDT:USDT,3.1384,30.76,3.1383,0.9,3.1385,245.92,3.1386,142.78
1753769373401,06:09:33.401,okx,XRP/USDT:USDT,3.1384,30.82,3.1383,0.9,3.1385,245.92,3.1386,142.78
1753769373501,06:09:33.501,okx,XRP/USDT:USDT,3.1384,30.82,3.1383,0.9,3.1385,257.06,3.1386,141.26
1753769373601,06:09:33.601,okx,XRP/USDT:USDT,3.1384,30.96,3.1383,0.9,3.1385,257.1,3.1386,141.26
1753769373701,06:09:33.701,okx,XRP/USDT:USDT,3.1384,30.96,3.1383,0.9,3.1385,257.1,3.1386,141.26
1753769373801,06:09:33.801,okx,XRP/USDT:USDT,3.1384,30.96,3.1383,29.9,3.1385,257.1,3.1386,141.26
1753769373901,06:09:33.901,okx,XRP/USDT:USDT,3.1384,1.04,3.1383,0.9,3.1385,257.1,3.1386,142.78
1753769374001,06:09:34.001,okx,XRP/USDT:USDT,3.1384,1.04,3.1383,0.9,3.1385,258.62,3.1386,142.78
1753769374101,06:09:34.101,okx,XRP/USDT:USDT,3.1384,1.04,3.1383,0.9,3.1385,258.62,3.1386,142.78
1753769374201,06:09:34.201,okx,XRP/USDT:USDT,3.1382,17.77,3.1381,1.19,3.1383,285.22,3.1384,338.0
1753769374601,06:09:34.601,okx,XRP/USDT:USDT,3.1382,26.11,3.1381,1.13,3.1383,282.18,3.1384,103.51
1753769374801,06:09:34.801,okx,XRP/USDT:USDT,3.1382,33.93,3.1381,1.13,3.1383,276.07,3.1384,96.16
1753769374901,06:09:34.901,okx,XRP/USDT:USDT,3.1382,33.93,3.1381,1.13,3.1383,276.07,3.1384,98.43
1753769375001,06:09:35.001,okx,XRP/USDT:USDT,3.1382,33.93,3.1381,1.13,3.1383,263.43,3.1384,96.16
1753769375101,06:09:35.101,okx,XRP/USDT:USDT,3.1382,38.36,3.1381,1.13,3.1383,244.63,3.1384,98.43
1753769375301,06:09:35.301,okx,XRP/USDT:USDT,3.1382,74.28,3.1381,1.13,3.1383,221.2,3.1384,83.5
1753769375401,06:09:35.401,okx,XRP/USDT:USDT,3.1382,74.28,3.1381,1.13,3.1383,221.2,3.1384,83.5
1753769375501,06:09:35.501,okx,XRP/USDT:USDT,3.1382,74.27,3.1381,1.13,3.1383,207.2,3.1384,85.56
1753769375601,06:09:35.601,okx,XRP/USDT:USDT,3.1382,84.4,3.1381,2.58,3.1383,30.72,3.1384,54.77
1753769375801,06:09:35.801,okx,XRP/USDT:USDT,3.1382,84.21,3.1381,25.13,3.1383,29.58,3.1384,58.19
1753769375901,06:09:35.901,okx,XRP/USDT:USDT,3.1382,84.22,3.1381,1.13,3.1383,38.9,3.1384,59.37
1753769376001,06:09:36.001,okx,XRP/USDT:USDT,3.1382,84.21,3.1381,1.13,3.1383,69.19,3.1384,59.37
1753769376101,06:09:36.101,okx,XRP/USDT:USDT,3.1382,67.52,3.1381,1.13,3.1383,69.82,3.1384,59.31
1753769376301,06:09:36.301,okx,XRP/USDT:USDT,3.1382,67.52,3.1381,1.13,3.1383,77.99,3.1384,57.97
1753769376601,06:09:36.601,okx,XRP/USDT:USDT,3.1382,67.74,3.1381,1.13,3.1383,49.0,3.1384,57.97
1753769376701,06:09:36.701,okx,XRP/USDT:USDT,3.1382,67.73,3.1381,1.13,3.1383,50.4,3.1384,59.17
1753769376801,06:09:36.801,okx,XRP/USDT:USDT,3.1382,51.8,3.1381,1.13,3.1383,50.41,3.1384,59.17
1753769376901,06:09:36.901,okx,XRP/USDT:USDT,3.1382,67.73,3.1381,1.13,3.1383,47.17,3.1384,57.13
1753769377001,06:09:37.001,okx,XRP/USDT:USDT,3.1382,67.85,3.1381,1.13,3.1383,49.16,3.1384,59.12
1753769377101,06:09:37.101,okx,XRP/USDT:USDT,3.1382,51.92,3.1381,1.13,3.1383,42.44,3.1384,59.12
1753769377201,06:09:37.201,okx,XRP/USDT:USDT,3.1382,67.98,3.1381,1.13,3.1383,48.76,3.1384,59.12
1753769377301,06:09:37.301,okx,XRP/USDT:USDT,3.1382,52.1,3.1381,1.13,3.1383,45.37,3.1384,59.12
1753769377401,06:09:37.401,okx,XRP/USDT:USDT,3.1382,44.96,3.1381,1.13,3.1383,52.33,3.1384,57.13
1753769377501,06:09:37.501,okx,XRP/USDT:USDT,3.1382,44.96,3.1381,1.13,3.1383,52.33,3.1384,57.13
1753769377601,06:09:37.601,okx,XRP/USDT:USDT,3.1382,45.1,3.1381,1.13,3.1383,51.13,3.1384,57.13
1753769377701,06:09:37.701,okx,XRP/USDT:USDT,3.1382,61.03,3.1381,1.13,3.1383,46.8,3.1384,57.1
1753769377801,06:09:37.801,okx,XRP/USDT:USDT,3.1382,61.03,3.1381,1.13,3.1383,39.63,3.1384,57.1
1753769377901,06:09:37.901,okx,XRP/USDT:USDT,3.1382,61.04,3.1381,1.13,3.1383,49.97,3.1384,59.05
1753769378001,06:09:38.001,okx,XRP/USDT:USDT,3.1382,61.03,3.1381,1.13,3.1383,48.02,3.1384,59.05
1753769378101,06:09:38.101,okx,XRP/USDT:USDT,3.1382,61.03,3.1381,1.13,3.1383,46.85,3.1384,57.1
1753769378201,06:09:38.201,okx,XRP/USDT:USDT,3.1382,68.2,3.1381,1.13,3.1383,41.58,3.1384,57.83
1753769378301,06:09:38.301,okx,XRP/USDT:USDT,3.1382,68.2,3.1381,1.13,3.1383,39.68,3.1384,55.93
1753769378401,06:09:38.401,okx,XRP/USDT:USDT,3.1382,67.98,3.1381,1.13,3.1383,27.83,3.1384,56.62
1753769378501,06:09:38.501,okx,XRP/USDT:USDT,3.1382,67.98,3.1381,1.13,3.1383,46.11,3.1384,58.94
1753769378601,06:09:38.601,okx,XRP/USDT:USDT,3.1382,32.22,3.1381,1.13,3.1383,61.73,3.1384,58.94
1753769378701,06:09:38.701,okx,XRP/USDT:USDT,3.1382,18.71,3.1381,1.13,3.1383,80.94,3.1384,58.94
1753769378801,06:09:38.801,okx,XRP/USDT:USDT,3.1382,0.92,3.1381,1.13,3.1383,82.33,3.1384,66.74
1753769379001,06:09:39.001,okx,XRP/USDT:USDT,3.1382,1.04,3.1381,1.13,3.1383,161.79,3.1384,66.33
1753769379101,06:09:39.101,okx,XRP/USDT:USDT,3.1382,1.04,3.1381,1.13,3.1383,160.44,3.1384,66.33
1753769379201,06:09:39.201,okx,XRP/USDT:USDT,3.1382,1.15,3.1381,1.13,3.1383,167.39,3.1384,66.33
1753769379301,06:09:39.301,okx,XRP/USDT:USDT,3.1382,1.22,3.1381,1.13,3.1383,168.11,3.1384,66.33
1753769379401,06:09:39.401,okx,XRP/USDT:USDT,3.1382,1.22,3.1381,1.13,3.1383,168.74,3.1384,66.33
1753769379501,06:09:39.501,okx,XRP/USDT:USDT,3.1381,1.12,3.138,1.07,3.1382,437.7,3.1383,216.44
1753769379601,06:09:39.601,okx,XRP/USDT:USDT,3.1381,1.26,3.138,1.07,3.1382,447.35,3.1383,227.41
1753769379701,06:09:39.701,okx,XRP/USDT:USDT,3.1381,1.28,3.138,1.07,3.1382,447.37,3.1383,227.19
1753769379901,06:09:39.901,okx,XRP/USDT:USDT,3.1381,1.29,3.138,1.07,3.1382,444.15,3.1383,222.86
1753769380001,06:09:40.001,okx,XRP/USDT:USDT,3.1381,1.27,3.138,1.07,3.1382,446.46,3.1383,225.15
1753769380101,06:09:40.101,okx,XRP/USDT:USDT,3.1381,1.27,3.138,1.07,3.1382,443.52,3.1383,225.15
1753769380201,06:09:40.201,okx,XRP/USDT:USDT,3.1381,1.27,3.138,1.07,3.1382,443.53,3.1383,225.11
1753769380301,06:09:40.301,okx,XRP/USDT:USDT,3.1381,1.26,3.138,1.07,3.1382,445.81,3.1383,226.45
1753769380401,06:09:40.401,okx,XRP/USDT:USDT,3.1381,1.26,3.138,1.07,3.1382,446.85,3.1383,225.36
1753769380501,06:09:40.501,okx,XRP/USDT:USDT,3.1381,1.26,3.138,1.07,3.1382,446.68,3.1383,225.36
1753769380701,06:09:40.701,okx,XRP/USDT:USDT,3.1381,4.42,3.138,1.07,3.1382,446.64,3.1383,225.32
1753769380801,06:09:40.801,okx,XRP/USDT:USDT,3.1381,30.72,3.138,8.84,3.1382,392.65,3.1383,221.75
1753769381101,06:09:41.101,okx,XRP/USDT:USDT,3.1381,42.52,3.138,8.84,3.1382,138.27,3.1383,142.06
1753769381201,06:09:41.201,okx,XRP/USDT:USDT,3.1381,42.64,3.138,8.84,3.1382,143.32,3.1383,144.26
1753769381301,06:09:41.301,okx,XRP/USDT:USDT,3.1381,42.7,3.138,8.84,3.1382,143.64,3.1383,144.26
1753769381401,06:09:41.401,okx,XRP/USDT:USDT,3.1382,110.14,3.1381,122.78,3.1383,17.3,3.1384,8.55
1753769381501,06:09:41.501,okx,XRP/USDT:USDT,3.1382,97.63,3.1381,120.27,3.1383,25.86,3.1384,8.55
1753769381601,06:09:41.601,okx,XRP/USDT:USDT,3.1382,97.76,3.1381,97.08,3.1383,33.03,3.1384,27.0
1753769381701,06:09:41.701,okx,XRP/USDT:USDT,3.1382,97.76,3.1381,97.08,3.1383,25.86,3.1384,40.92
1753769381801,06:09:41.801,okx,XRP/USDT:USDT,3.1382,97.42,3.1381,97.08,3.1383,26.07,3.1384,40.92
1753769381901,06:09:41.901,okx,XRP/USDT:USDT,3.1382,97.43,3.1381,97.08,3.1383,33.26,3.1384,27.0
1753769382001,06:09:42.001,okx,XRP/USDT:USDT,3.1382,83.74,3.1381,71.55,3.1383,45.51,3.1384,29.17
1753769382101,06:09:42.101,okx,XRP/USDT:USDT,3.1382,7.52,3.1381,28.73,3.1383,91.97,3.1384,71.83
1753769382301,06:09:42.301,okx,XRP/USDT:USDT,3.1382,29.95,3.1381,28.73,3.1383,48.19,3.1384,69.66
1753769382501,06:09:42.501,okx,XRP/USDT:USDT,3.1382,28.07,3.1381,28.73,3.1383,57.67,3.1384,57.0
1753769382701,06:09:42.701,okx,XRP/USDT:USDT,3.1382,31.23,3.1381,25.55,3.1383,57.67,3.1384,57.0
1753769382801,06:09:42.801,okx,XRP/USDT:USDT,3.1382,56.07,3.1381,25.55,3.1383,57.67,3.1384,57.45
1753769382901,06:09:42.901,okx,XRP/USDT:USDT,3.1382,30.96,3.1381,25.55,3.1383,57.73,3.1384,57.45
1753769383001,06:09:43.001,okx,XRP/USDT:USDT,3.1382,31.08,3.1381,25.55,3.1383,57.73,3.1384,57.45
1753769383101,06:09:43.101,okx,XRP/USDT:USDT,3.1382,31.07,3.1381,25.55,3.1383,73.1,3.1384,59.59
1753769383201,06:09:43.201,okx,XRP/USDT:USDT,3.1382,31.35,3.1381,25.55,3.1383,58.03,3.1384,57.45
1753769383301,06:09:43.301,okx,XRP/USDT:USDT,3.1382,40.71,3.1381,25.55,3.1383,58.03,3.1384,57.45
1753769383401,06:09:43.401,okx,XRP/USDT:USDT,3.1382,40.71,3.1381,25.55,3.1383,58.03,3.1384,57.45
1753769383501,06:09:43.501,okx,XRP/USDT:USDT,3.1382,31.53,3.1381,25.55,3.1383,58.05,3.1384,70.11
1753769383601,06:09:43.601,okx,XRP/USDT:USDT,3.1382,31.53,3.1381,25.55,3.1383,58.05,3.1384,70.11
1753769383701,06:09:43.701,okx,XRP/USDT:USDT,3.1382,40.84,3.1381,25.55,3.1383,58.05,3.1384,70.11
1753769383801,06:09:43.801,okx,XRP/USDT:USDT,3.1382,40.84,3.1381,28.93,3.1383,53.98,3.1384,70.11
1753769383901,06:09:43.901,okx,XRP/USDT:USDT,3.1382,44.23,3.1381,28.93,3.1383,53.98,3.1384,57.45
1753769384001,06:09:44.001,okx,XRP/USDT:USDT,3.1382,58.89,3.1381,37.47,3.1383,47.93,3.1384,57.45
1753769384101,06:09:44.101,okx,XRP/USDT:USDT,3.1382,72.82,3.1381,37.47,3.1383,22.54,3.1384,52.49
1753769384201,06:09:44.201,okx,XRP/USDT:USDT,3.1382,107.44,3.1381,42.59,3.1383,18.26,3.1384,0.01
1753769384301,06:09:44.301,okx,XRP/USDT:USDT,3.1382,133.31,3.1381,41.4,3.1383,18.26,3.1384,0.01
1753769384401,06:09:44.401,okx,XRP/USDT:USDT,3.1382,132.04,3.1381,41.4,3.1383,18.13,3.1384,0.01
1753769384501,06:09:44.501,okx,XRP/USDT:USDT,3.1382,132.07,3.1381,41.4,3.1383,18.13,3.1384,0.01
1753769384601,06:09:44.601,okx,XRP/USDT:USDT,3.1382,133.34,3.1381,41.4,3.1383,18.13,3.1384,0.01
1753769384701,06:09:44.701,okx,XRP/USDT:USDT,3.1382,162.34,3.1381,41.4,3.1383,18.13,3.1384,0.01
1753769384801,06:09:44.801,okx,XRP/USDT:USDT,3.1384,254.74,3.1383,66.85,3.1385,0.84,3.1386,22.05
1753769384901,06:09:44.901,okx,XRP/USDT:USDT,3.1384,201.64,3.1383,68.04,3.1385,0.84,3.1386,25.04
1753769385001,06:09:45.001,okx,XRP/USDT:USDT,3.1384,203.18,3.1383,68.04,3.1385,0.75,3.1386,25.04
1753769385101,06:09:45.101,okx,XRP/USDT:USDT,3.1384,201.88,3.1383,67.97,3.1385,0.75,3.1386,4.41
1753769385201,06:09:45.201,okx,XRP/USDT:USDT,3.1384,201.88,3.1383,66.55,3.1385,0.8,3.1386,4.41
1753769385301,06:09:45.301,okx,XRP/USDT:USDT,3.1384,202.06,3.1383,67.8,3.1385,0.15,3.1386,4.41
1753769385401,06:09:45.401,okx,XRP/USDT:USDT,3.1384,202.06,3.1383,67.8,3.1385,0.15,3.1386,4.41
1753769385501,06:09:45.501,okx,XRP/USDT:USDT,3.1384,202.06,3.1383,67.8,3.1385,0.15,3.1386,4.41
1753769385701,06:09:45.701,okx,XRP/USDT:USDT,3.1384,202.06,3.1383,67.8,3.1385,0.45,3.1386,4.41
1753769385801,06:09:45.801,okx,XRP/USDT:USDT,3.1384,202.06,3.1383,66.4,3.1385,0.46,3.1386,11.45
1753769385901,06:09:45.901,okx,XRP/USDT:USDT,3.1384,199.86,3.1383,64.06,3.1385,0.46,3.1386,11.45
1753769386101,06:09:46.101,okx,XRP/USDT:USDT,3.1384,165.88,3.1383,64.06,3.1385,25.47,3.1386,17.07
1753769386201,06:09:46.201,okx,XRP/USDT:USDT,3.1384,92.94,3.1383,60.13,3.1385,45.54,3.1386,28.55
1753769386301,06:09:46.301,okx,XRP/USDT:USDT,3.1384,63.78,3.1383,58.94,3.1385,85.35,3.1386,29.71
1753769386501,06:09:46.501,okx,XRP/USDT:USDT,3.1382,29.27,3.1381,28.12,3.1383,204.92,3.1384,129.62
1753769386701,06:09:46.701,okx,XRP/USDT:USDT,3.1382,32.62,3.1381,28.12,3.1383,183.74,3.1384,120.06
1753769386801,06:09:46.801,okx,XRP/USDT:USDT,3.1382,32.62,3.1381,30.56,3.1383,183.74,3.1384,120.06
1753769386901,06:09:46.901,okx,XRP/USDT:USDT,3.1382,32.62,3.1381,28.12,3.1383,183.75,3.1384,120.06
1753769387001,06:09:47.001,okx,XRP/USDT:USDT,3.1382,32.74,3.1381,28.12,3.1383,183.75,3.1384,120.06
1753769387101,06:09:47.101,okx,XRP/USDT:USDT,3.1382,35.92,3.1381,28.12,3.1383,183.75,3.1384,120.06
1753769387201,06:09:47.201,okx,XRP/USDT:USDT,3.1382,48.57,3.1381,28.12,3.1383,183.75,3.1384,91.06
1753769387301,06:09:47.301,okx,XRP/USDT:USDT,3.1382,48.75,3.1381,28.12,3.1383,184.12,3.1384,91.06
1753769387401,06:09:47.401,okx,XRP/USDT:USDT,3.1382,48.75,3.1381,30.53,3.1383,164.98,3.1384,91.06
1753769387501,06:09:47.501,okx,XRP/USDT:USDT,3.1382,28.32,3.1381,26.93,3.1383,164.98,3.1384,92.22
1753769387701,06:09:47.701,okx,XRP/USDT:USDT,3.1382,80.15,3.1381,30.79,3.1383,23.3,3.1384,52.77
1753769387801,06:09:47.801,okx,XRP/USDT:USDT,3.1382,80.15,3.1381,31.98,3.1383,11.86,3.1384,51.61
1753769387901,06:09:47.901,okx,XRP/USDT:USDT,3.1384,100.47,3.1383,113.66,3.1385,27.64,3.1386,21.24
1753769388001,06:09:48.001,okx,XRP/USDT:USDT,3.1384,100.49,3.1383,101.89,3.1385,20.15,3.1386,21.24
1753769388101,06:09:48.101,okx,XRP/USDT:USDT,3.1384,112.26,3.1383,103.01,3.1385,0.18,3.1386,0.94
1753769388201,06:09:48.201,okx,XRP/USDT:USDT,3.1385,217.49,3.1384,64.62,3.1386,1.15,3.1387,22.99
1753769388301,06:09:48.301,okx,XRP/USDT:USDT,3.1385,205.8,3.1384,64.62,3.1386,1.15,3.1387,30.16
1753769388401,06:09:48.401,okx,XRP/USDT:USDT,3.1385,205.8,3.1384,64.62,3.1386,1.85,3.1387,30.16
1753769388501,06:09:48.501,okx,XRP/USDT:USDT,3.1385,205.74,3.1384,64.62,3.1386,9.03,3.1387,30.13
1753769388601,06:09:48.601,okx,XRP/USDT:USDT,3.1385,205.63,3.1384,64.56,3.1386,9.5,3.1387,30.13
1753769388701,06:09:48.701,okx,XRP/USDT:USDT,3.1385,208.81,3.1384,63.4,3.1386,2.33,3.1387,30.13
1753769388901,06:09:48.901,okx,XRP/USDT:USDT,3.1385,210.41,3.1384,64.56,3.1386,2.55,3.1387,30.13
1753769389001,06:09:49.001,okx,XRP/USDT:USDT,3.1385,208.3,3.1384,61.06,3.1386,2.55,3.1387,30.13
1753769389101,06:09:49.101,okx,XRP/USDT:USDT,3.1385,186.38,3.1384,60.88,3.1386,9.76,3.1387,30.13
1753769389201,06:09:49.201,okx,XRP/USDT:USDT,3.1385,186.51,3.1384,60.88,3.1386,9.76,3.1387,30.13
1753769389301,06:09:49.301,okx,XRP/USDT:USDT,3.1385,186.45,3.1384,60.88,3.1386,9.81,3.1387,30.13
1753769389401,06:09:49.401,okx,XRP/USDT:USDT,3.1385,188.75,3.1384,63.11,3.1386,9.83,3.1387,30.13
1753769389501,06:09:49.501,okx,XRP/USDT:USDT,3.1385,188.75,3.1384,64.45,3.1386,9.84,3.1387,30.13
1753769389601,06:09:49.601,okx,XRP/USDT:USDT,3.1385,188.75,3.1384,64.45,3.1386,2.67,3.1387,30.13
1753769389701,06:09:49.701,okx,XRP/USDT:USDT,3.1385,190.52,3.1384,64.45,3.1386,2.69,3.1388,13.91
1753769389801,06:09:49.801,okx,XRP/USDT:USDT,3.1387,207.83,3.1386,113.24,3.1388,1.19,3.1389,1.2
1753769389901,06:09:49.901,okx,XRP/USDT:USDT,3.1387,208.81,3.1386,113.27,3.1388,1.19,3.1389,1.2
1753769390001,06:09:50.001,okx,XRP/USDT:USDT,3.1389,168.06,3.1388,109.91,3.139,4.58,3.1391,0.55
1753769390101,06:09:50.101,okx,XRP/USDT:USDT,3.1389,159.11,3.1388,109.91,3.139,4.64,3.1391,7.72
1753769390201,06:09:50.201,okx,XRP/USDT:USDT,3.1389,94.31,3.1388,61.38,3.139,16.43,3.1391,45.58
1753769390301,06:09:50.301,okx,XRP/USDT:USDT,3.1389,88.31,3.1388,61.38,3.139,25.18,3.1391,45.58
1753769390401,06:09:50.401,okx,XRP/USDT:USDT,3.1389,99.02,3.1388,61.38,3.139,20.08,3.1391,45.58
1753769390501,06:09:50.501,okx,XRP/USDT:USDT,3.1389,100.89,3.1388,63.19,3.139,15.4,3.1391,45.58
1753769390601,06:09:50.601,okx,XRP/USDT:USDT,3.1389,116.82,3.1388,64.29,3.139,4.38,3.1391,45.58
1753769390701,06:09:50.701,okx,XRP/USDT:USDT,3.1389,114.97,3.1388,61.35,3.139,15.88,3.1391,45.58
1753769390801,06:09:50.801,okx,XRP/USDT:USDT,3.1389,114.28,3.1388,63.16,3.139,15.88,3.1391,45.58
1753769390901,06:09:50.901,okx,XRP/USDT:USDT,3.1389,102.92,3.1388,62.0,3.139,15.88,3.1391,45.58
1753769391001,06:09:51.001,okx,XRP/USDT:USDT,3.1389,88.26,3.1388,60.19,3.139,24.42,3.1391,66.78
1753769391101,06:09:51.101,okx,XRP/USDT:USDT,3.1389,81.09,3.1388,60.19,3.139,41.97,3.1391,66.78
1753769391201,06:09:51.201,okx,XRP/USDT:USDT,3.1389,81.2,3.1388,60.19,3.139,71.31,3.1391,79.44
1753769391301,06:09:51.301,okx,XRP/USDT:USDT,3.1389,81.2,3.1388,61.97,3.139,54.32,3.1391,79.44
1753769391401,06:09:51.401,okx,XRP/USDT:USDT,3.1389,81.26,3.1388,60.19,3.139,58.53,3.1391,81.16
1753769391601,06:09:51.601,okx,XRP/USDT:USDT,3.1389,4.83,3.1388,0.01,3.139,118.91,3.1391,87.28
1753769391701,06:09:51.701,okx,XRP/USDT:USDT,3.1389,4.83,3.1388,0.01,3.139,116.1,3.1391,86.25
1753769391801,06:09:51.801,okx,XRP/USDT:USDT,3.1389,4.82,3.1388,0.01,3.139,116.55,3.1391,86.14
1753769391901,06:09:51.901,okx,XRP/USDT:USDT,3.1389,1.66,3.1388,0.01,3.139,116.69,3.1391,86.14
1753769392001,06:09:52.001,okx,XRP/USDT:USDT,3.1389,1.66,3.1388,0.01,3.139,116.69,3.1391,86.09
1753769392101,06:09:52.101,okx,XRP/USDT:USDT,3.1389,1.66,3.1388,0.01,3.139,116.61,3.1391,86.04
1753769392201,06:09:52.201,okx,XRP/USDT:USDT,3.1389,1.66,3.1388,0.01,3.139,128.55,3.1391,86.04
1753769392301,06:09:52.301,okx,XRP/USDT:USDT,3.1389,1.66,3.1388,0.01,3.139,116.61,3.1391,102.65
1753769392401,06:09:52.401,okx,XRP/USDT:USDT,3.1389,1.66,3.1388,0.01,3.139,118.1,3.1391,104.11
1753769392501,06:09:52.501,okx,XRP/USDT:USDT,3.1389,1.45,3.1388,0.01,3.139,116.64,3.1391,104.11
1753769392601,06:09:52.601,okx,XRP/USDT:USDT,3.1389,1.47,3.1388,0.01,3.139,118.02,3.1391,104.11
1753769392701,06:09:52.701,okx,XRP/USDT:USDT,3.1389,1.47,3.1388,0.01,3.139,119.48,3.1391,104.11
1753769392801,06:09:52.801,okx,XRP/USDT:USDT,3.1389,1.47,3.1388,0.01,3.139,124.26,3.1391,104.11
1753769392901,06:09:52.901,okx,XRP/USDT:USDT,3.1389,1.58,3.1388,0.01,3.139,122.8,3.1391,104.41
1753769393001,06:09:53.001,okx,XRP/USDT:USDT,3.1387,4.18,3.1386,0.03,3.1388,350.86,3.1389,162.31
1753769393201,06:09:53.201,okx,XRP/USDT:USDT,3.1382,35.63,3.1381,26.51,3.1383,92.37,3.1384,221.07
1753769393301,06:09:53.301,okx,XRP/USDT:USDT,3.1382,10.81,3.1381,17.94,3.1383,103.1,3.1384,173.49
1753769393401,06:09:53.401,okx,XRP/USDT:USDT,3.1381,0.96,3.138,59.61,3.1382,326.92,3.1383,12.28
1753769393501,06:09:53.501,okx,XRP/USDT:USDT,3.1381,0.96,3.138,47.48,3.1382,316.14,3.1383,57.78
1753769393601,06:09:53.601,okx,XRP/USDT:USDT,3.1381,0.96,3.138,47.48,3.1382,314.67,3.1383,42.27
1753769393701,06:09:53.701,okx,XRP/USDT:USDT,3.138,47.47,3.1379,1.59,3.1381,211.21,3.1382,128.05
1753769393801,06:09:53.801,okx,XRP/USDT:USDT,3.138,47.47,3.1379,1.59,3.1381,207.25,3.1382,117.25
1753769393901,06:09:53.901,okx,XRP/USDT:USDT,3.138,69.66,3.1379,1.59,3.1381,69.62,3.1382,101.23
1753769394001,06:09:54.001,okx,XRP/USDT:USDT,3.138,105.78,3.1379,1.59,3.1381,36.76,3.1382,65.8
1753769394201,06:09:54.201,okx,XRP/USDT:USDT,3.138,105.78,3.1379,1.59,3.1381,62.88,3.1382,57.26
1753769394301,06:09:54.301,okx,XRP/USDT:USDT,3.138,105.78,3.1379,1.59,3.1381,56.01,3.1382,58.71
1753769394401,06:09:54.401,okx,XRP/USDT:USDT,3.138,105.77,3.1379,1.59,3.1381,56.86,3.1382,58.42
1753769394501,06:09:54.501,okx,XRP/USDT:USDT,3.138,108.95,3.1379,1.59,3.1381,58.51,3.1382,59.53
1753769394601,06:09:54.601,okx,XRP/USDT:USDT,3.138,147.68,3.1379,34.05,3.1381,0.26,3.1382,0.41
1753769394701,06:09:54.701,okx,XRP/USDT:USDT,3.138,146.25,3.1379,41.94,3.1381,0.26,3.1382,0.41
1753769394801,06:09:54.801,okx,XRP/USDT:USDT,3.138,146.6,3.1379,39.34,3.1381,3.03,3.1383,4.04
1753769394901,06:09:54.901,okx,XRP/USDT:USDT,3.138,146.45,3.1379,39.34,3.1381,3.04,3.1383,4.04
1753769395001,06:09:55.001,okx,XRP/USDT:USDT,3.138,147.95,3.1379,40.71,3.1381,3.04,3.1383,4.04
1753769395101,06:09:55.101,okx,XRP/USDT:USDT,3.138,147.95,3.1379,40.71,3.1381,3.04,3.1383,4.04
1753769395201,06:09:55.201,okx,XRP/USDT:USDT,3.138,146.69,3.1379,38.5,3.1381,3.36,3.1383,4.04
1753769395301,06:09:55.301,okx,XRP/USDT:USDT,3.138,148.43,3.1379,39.88,3.1381,3.36,3.1383,4.04
1753769395401,06:09:55.401,okx,XRP/USDT:USDT,3.138,147.04,3.1379,38.5,3.1381,3.36,3.1383,4.04
1753769395501,06:09:55.501,okx,XRP/USDT:USDT,3.138,136.16,3.1379,39.85,3.1381,3.36,3.1383,4.04
1753769395601,06:09:55.601,okx,XRP/USDT:USDT,3.138,136.15,3.1379,38.5,3.1381,3.37,3.1383,15.61
1753769395701,06:09:55.701,okx,XRP/USDT:USDT,3.138,136.28,3.1379,9.5,3.1381,3.37,3.1382,1.33
1753769395801,06:09:55.801,okx,XRP/USDT:USDT,3.138,136.28,3.1379,9.5,3.1381,3.37,3.1383,16.94
1753769395901,06:09:55.901,okx,XRP/USDT:USDT,3.138,136.28,3.1379,9.5,3.1381,3.37,3.1383,15.61
1753769396001,06:09:56.001,okx,XRP/USDT:USDT,3.138,136.28,3.1379,9.5,3.1381,3.37,3.1382,1.33
1753769396101,06:09:56.101,okx,XRP/USDT:USDT,3.138,136.28,3.1379,9.5,3.1381,3.57,3.1383,17.74
1753769396201,06:09:56.201,okx,XRP/USDT:USDT,3.138,135.93,3.1379,9.5,3.1381,3.57,3.1382,1.31
1753769396301,06:09:56.301,okx,XRP/USDT:USDT,3.138,135.93,3.1379,9.5,3.1381,5.09,3.1383,15.61
