timestamp,time,exchange,symbol,bid1_price,bid1_volume,bid2_price,bid2_volume,ask1_price,ask1_volume,ask2_price,ask2_volume
1753769305469,06:08:25.469,bitmex,LTC/USDT:USDT,109.73,93000.0,109.72,316000.0,109.76,16000.0,109.78,55000.0
1753769305642,06:08:25.642,bitmex,LTC/USDT:USDT,109.74,5000.0,109.73,93000.0,109.78,55000.0,109.82,5000.0
1753769305705,06:08:25.705,bitmex,LTC/USDT:USDT,109.75,316000.0,109.74,7000.0,109.81,21000.0,109.83,5000.0
1753769305812,06:08:25.812,bitmex,LTC/USDT:USDT,109.76,5000.0,109.75,311000.0,109.81,5000.0,109.83,60000.0
1753769305967,06:08:25.967,bitmex,LTC/USDT:USDT,109.76,5000.0,109.75,311000.0,109.81,5000.0,109.83,60000.0
1753769306016,06:08:26.016,bitmex,LTC/USDT:USDT,109.77,5000.0,109.76,7000.0,109.8,16000.0,109.83,60000.0
1753769306066,06:08:26.066,bitmex,LTC/USDT:USDT,109.77,5000.0,109.76,7000.0,109.83,60000.0,109.86,5000.0
1753769306066,06:08:26.066,bitmex,LTC/USDT:USDT,109.77,5000.0,109.76,7000.0,109.82,55000.0,109.83,60000.0
1753769306115,06:08:26.115,bitmex,LTC/USDT:USDT,109.77,5000.0,109.76,7000.0,109.82,33000.0,109.83,5000.0
1753769306215,06:08:26.215,bitmex,LTC/USDT:USDT,109.77,5000.0,109.76,100000.0,109.82,33000.0,109.83,5000.0
1753769306368,06:08:26.368,bitmex,LTC/USDT:USDT,109.77,5000.0,109.76,100000.0,109.81,5000.0,109.82,33000.0
1753769306418,06:08:26.418,bitmex,LTC/USDT:USDT,109.77,5000.0,109.76,7000.0,109.86,5000.0,109.87,7000.0
1753769306418,06:08:26.418,bitmex,LTC/USDT:USDT,109.79,93000.0,109.78,311000.0,109.82,16000.0,109.83,21000.0
1753769306467,06:08:26.467,bitmex,LTC/USDT:USDT,109.79,93000.0,109.78,311000.0,109.81,16000.0,109.82,5000.0
1753769306916,06:08:26.916,bitmex,LTC/USDT:USDT,109.79,93000.0,109.78,311000.0,109.81,16000.0,109.82,5000.0
1753769307718,06:08:27.718,bitmex,LTC/USDT:USDT,109.79,93000.0,109.78,311000.0,109.81,16000.0,109.83,55000.0
1753769307767,06:08:27.767,bitmex,LTC/USDT:USDT,109.79,93000.0,109.78,311000.0,109.81,16000.0,109.83,55000.0
1753769308195,06:08:28.195,bitmex,LTC/USDT:USDT,109.79,93000.0,109.78,311000.0,109.81,16000.0,109.83,55000.0
1753769308244,06:08:28.244,bitmex,LTC/USDT:USDT,109.79,93000.0,109.78,311000.0,109.81,16000.0,109.83,55000.0
1753769308654,06:08:28.654,bitmex,LTC/USDT:USDT,109.79,93000.0,109.78,311000.0,109.81,16000.0,109.83,55000.0
1753769309023,06:08:29.023,bitmex,LTC/USDT:USDT,109.78,311000.0,109.77,5000.0,109.81,16000.0,109.83,55000.0
1753769309819,06:08:29.819,bitmex,LTC/USDT:USDT,109.79,69000.0,109.78,311000.0,109.81,16000.0,109.83,55000.0
1753769310991,06:08:30.991,bitmex,LTC/USDT:USDT,109.79,69000.0,109.78,311000.0,109.81,16000.0,109.83,55000.0
1753769311604,06:08:31.604,bitmex,LTC/USDT:USDT,109.79,69000.0,109.78,311000.0,109.81,16000.0,109.83,55000.0
1753769311659,06:08:31.659,bitmex,LTC/USDT:USDT,109.79,69000.0,109.78,311000.0,109.81,16000.0,109.83,55000.0
1753769311709,06:08:31.709,bitmex,LTC/USDT:USDT,109.79,69000.0,109.78,311000.0,109.81,16000.0,109.83,55000.0
1753769311980,06:08:31.980,bitmex,LTC/USDT:USDT,109.79,69000.0,109.78,311000.0,109.81,16000.0,109.83,55000.0
1753769312029,06:08:32.029,bitmex,LTC/USDT:USDT,109.79,69000.0,109.78,311000.0,109.81,16000.0,109.83,55000.0
1753769313095,06:08:33.095,bitmex,LTC/USDT:USDT,109.79,69000.0,109.78,311000.0,109.81,16000.0,109.83,55000.0
1753769313144,06:08:33.144,bitmex,LTC/USDT:USDT,109.78,311000.0,109.77,5000.0,109.79,16000.0,109.81,55000.0
1753769313220,06:08:33.220,bitmex,LTC/USDT:USDT,109.78,311000.0,109.77,5000.0,109.79,16000.0,109.81,55000.0
1753769313617,06:08:33.617,bitmex,LTC/USDT:USDT,109.78,311000.0,109.77,5000.0,109.79,16000.0,109.81,55000.0
1753769314010,06:08:34.010,bitmex,LTC/USDT:USDT,109.78,311000.0,109.77,5000.0,109.79,16000.0,109.81,55000.0
1753769314059,06:08:34.059,bitmex,LTC/USDT:USDT,109.78,311000.0,109.77,5000.0,109.79,16000.0,109.81,55000.0
1753769314510,06:08:34.510,bitmex,LTC/USDT:USDT,109.78,311000.0,109.77,5000.0,109.79,16000.0,109.81,55000.0
1753769314559,06:08:34.559,bitmex,LTC/USDT:USDT,109.78,311000.0,109.77,5000.0,109.79,16000.0,109.81,55000.0
1753769314608,06:08:34.608,bitmex,LTC/USDT:USDT,109.78,311000.0,109.77,5000.0,109.79,16000.0,109.81,55000.0
1753769314902,06:08:34.902,bitmex,LTC/USDT:USDT,109.78,311000.0,109.77,5000.0,109.79,16000.0,109.81,55000.0
1753769314992,06:08:34.992,bitmex,LTC/USDT:USDT,109.78,311000.0,109.77,5000.0,109.79,16000.0,109.81,55000.0
1753769315447,06:08:35.447,bitmex,LTC/USDT:USDT,109.78,311000.0,109.77,5000.0,109.79,16000.0,109.81,55000.0
1753769315967,06:08:35.967,bitmex,LTC/USDT:USDT,109.78,311000.0,109.77,5000.0,109.79,16000.0,109.81,55000.0
1753769316017,06:08:36.017,bitmex,LTC/USDT:USDT,109.78,311000.0,109.77,5000.0,109.79,16000.0,109.81,55000.0
1753769316265,06:08:36.265,bitmex,LTC/USDT:USDT,109.78,311000.0,109.76,7000.0,109.79,16000.0,109.81,55000.0
1753769316314,06:08:36.314,bitmex,LTC/USDT:USDT,109.78,311000.0,109.76,12000.0,109.79,16000.0,109.81,55000.0
1753769316870,06:08:36.870,bitmex,LTC/USDT:USDT,109.78,311000.0,109.76,12000.0,109.79,16000.0,109.81,55000.0
1753769316919,06:08:36.919,bitmex,LTC/USDT:USDT,109.78,311000.0,109.76,12000.0,109.79,16000.0,109.81,55000.0
1753769317032,06:08:37.032,bitmex,LTC/USDT:USDT,109.78,311000.0,109.76,12000.0,109.81,55000.0,109.86,5000.0
1753769317082,06:08:37.082,bitmex,LTC/USDT:USDT,109.78,311000.0,109.76,12000.0,109.81,33000.0,109.86,5000.0
1753769317131,06:08:37.131,bitmex,LTC/USDT:USDT,109.78,311000.0,109.76,12000.0,109.81,33000.0,109.83,55000.0
1753769317794,06:08:37.794,bitmex,LTC/USDT:USDT,109.78,311000.0,109.76,12000.0,109.81,33000.0,109.83,55000.0
1753769317844,06:08:37.844,bitmex,LTC/USDT:USDT,109.78,311000.0,109.76,12000.0,109.81,33000.0,109.83,55000.0
1753769317970,06:08:37.970,bitmex,LTC/USDT:USDT,109.78,311000.0,109.76,12000.0,109.81,33000.0,109.83,55000.0
1753769318020,06:08:38.020,bitmex,LTC/USDT:USDT,109.78,311000.0,109.76,12000.0,109.81,33000.0,109.83,55000.0
1753769318069,06:08:38.069,bitmex,LTC/USDT:USDT,109.78,311000.0,109.76,12000.0,109.81,33000.0,109.83,55000.0
1753769318118,06:08:38.118,bitmex,LTC/USDT:USDT,109.78,311000.0,109.76,12000.0,109.81,33000.0,109.83,55000.0
1753769320604,06:08:40.604,bitmex,LTC/USDT:USDT,109.78,311000.0,109.76,12000.0,109.81,33000.0,109.83,55000.0
1753769321483,06:08:41.483,bitmex,LTC/USDT:USDT,109.76,12000.0,109.73,9000.0,109.81,33000.0,109.83,55000.0
1753769321630,06:08:41.630,bitmex,LTC/USDT:USDT,109.78,5000.0,109.77,97000.0,109.8,16000.0,109.82,60000.0
1753769322125,06:08:42.125,bitmex,LTC/USDT:USDT,109.77,97000.0,109.76,317000.0,109.8,16000.0,109.82,60000.0
1753769322174,06:08:42.174,bitmex,LTC/USDT:USDT,109.77,97000.0,109.76,317000.0,109.8,16000.0,109.82,60000.0
1753769322694,06:08:42.694,bitmex,LTC/USDT:USDT,109.77,97000.0,109.76,317000.0,109.8,16000.0,109.82,60000.0
1753769322743,06:08:42.743,bitmex,LTC/USDT:USDT,109.77,97000.0,109.76,317000.0,109.8,16000.0,109.82,60000.0
1753769322792,06:08:42.792,bitmex,LTC/USDT:USDT,109.77,97000.0,109.76,317000.0,109.8,16000.0,109.82,60000.0
1753769323579,06:08:43.579,bitmex,LTC/USDT:USDT,109.77,97000.0,109.76,317000.0,109.8,16000.0,109.82,60000.0
1753769323680,06:08:43.680,bitmex,LTC/USDT:USDT,109.77,97000.0,109.76,317000.0,109.8,21000.0,109.82,60000.0
1753769323781,06:08:43.781,bitmex,LTC/USDT:USDT,109.76,317000.0,109.75,5000.0,109.77,16000.0,109.8,60000.0
1753769323831,06:08:43.831,bitmex,LTC/USDT:USDT,109.76,317000.0,109.75,5000.0,109.77,16000.0,109.79,55000.0
1753769323900,06:08:43.900,bitmex,LTC/USDT:USDT,109.76,317000.0,109.75,5000.0,109.77,16000.0,109.79,55000.0
1753769324326,06:08:44.326,bitmex,LTC/USDT:USDT,109.76,310000.0,109.75,5000.0,109.77,16000.0,109.79,55000.0
1753769324375,06:08:44.375,bitmex,LTC/USDT:USDT,109.76,310000.0,109.75,5000.0,109.77,16000.0,109.79,55000.0
1753769325017,06:08:45.017,bitmex,LTC/USDT:USDT,109.76,310000.0,109.75,5000.0,109.77,16000.0,109.79,55000.0
1753769326178,06:08:46.178,bitmex,LTC/USDT:USDT,109.76,310000.0,109.75,5000.0,109.79,55000.0,109.8,5000.0
1753769326227,06:08:46.227,bitmex,LTC/USDT:USDT,109.76,310000.0,109.75,5000.0,109.78,16000.0,109.8,5000.0
1753769326276,06:08:46.276,bitmex,LTC/USDT:USDT,109.76,310000.0,109.75,5000.0,109.78,16000.0,109.8,60000.0
1753769326340,06:08:46.340,bitmex,LTC/USDT:USDT,109.76,310000.0,109.75,5000.0,109.78,16000.0,109.8,60000.0
1753769326682,06:08:46.682,bitmex,LTC/USDT:USDT,109.76,310000.0,109.75,5000.0,109.78,16000.0,109.8,60000.0
1753769326954,06:08:46.954,bitmex,LTC/USDT:USDT,109.76,310000.0,109.75,5000.0,109.78,16000.0,109.8,60000.0
1753769327395,06:08:47.395,bitmex,LTC/USDT:USDT,109.76,310000.0,109.75,5000.0,109.78,16000.0,109.8,60000.0
1753769327445,06:08:47.445,bitmex,LTC/USDT:USDT,109.76,310000.0,109.75,5000.0,109.78,16000.0,109.8,60000.0
1753769327494,06:08:47.494,bitmex,LTC/USDT:USDT,109.76,310000.0,109.75,5000.0,109.78,16000.0,109.8,60000.0
1753769328880,06:08:48.880,bitmex,LTC/USDT:USDT,109.77,93000.0,109.76,310000.0,109.79,16000.0,109.8,5000.0
1753769329321,06:08:49.321,bitmex,LTC/USDT:USDT,109.77,93000.0,109.76,310000.0,109.79,16000.0,109.81,55000.0
1753769329382,06:08:49.382,bitmex,LTC/USDT:USDT,109.78,5000.0,109.77,93000.0,109.79,16000.0,109.81,55000.0
1753769329521,06:08:49.521,bitmex,LTC/USDT:USDT,109.77,93000.0,109.76,310000.0,109.81,33000.0,109.83,55000.0
1753769329589,06:08:49.589,bitmex,LTC/USDT:USDT,109.77,93000.0,109.76,310000.0,109.81,33000.0,109.83,55000.0
1753769329639,06:08:49.639,bitmex,LTC/USDT:USDT,109.77,93000.0,109.76,310000.0,109.81,33000.0,109.83,55000.0
1753769329954,06:08:49.954,bitmex,LTC/USDT:USDT,109.77,93000.0,109.76,310000.0,109.81,33000.0,109.83,55000.0
1753769330014,06:08:50.014,bitmex,LTC/USDT:USDT,109.77,93000.0,109.76,310000.0,109.81,33000.0,109.83,55000.0
1753769330064,06:08:50.064,bitmex,LTC/USDT:USDT,109.77,93000.0,109.76,310000.0,109.81,33000.0,109.83,55000.0
1753769330113,06:08:50.113,bitmex,LTC/USDT:USDT,109.77,93000.0,109.76,310000.0,109.79,16000.0,109.82,5000.0
1753769330162,06:08:50.162,bitmex,LTC/USDT:USDT,109.77,93000.0,109.76,310000.0,109.79,16000.0,109.81,55000.0
1753769330211,06:08:50.211,bitmex,LTC/USDT:USDT,109.77,93000.0,109.76,310000.0,109.79,16000.0,109.81,55000.0
1753769330366,06:08:50.366,bitmex,LTC/USDT:USDT,109.77,93000.0,109.76,310000.0,109.79,16000.0,109.81,55000.0
1753769330691,06:08:50.691,bitmex,LTC/USDT:USDT,109.77,93000.0,109.76,310000.0,109.79,16000.0,109.81,55000.0
1753769331129,06:08:51.129,bitmex,LTC/USDT:USDT,109.77,93000.0,109.76,310000.0,109.79,16000.0,109.81,55000.0
1753769332118,06:08:52.118,bitmex,LTC/USDT:USDT,109.77,93000.0,109.76,310000.0,109.79,16000.0,109.81,55000.0
1753769332195,06:08:52.195,bitmex,LTC/USDT:USDT,109.77,93000.0,109.76,310000.0,109.79,16000.0,109.81,55000.0
1753769332245,06:08:52.245,bitmex,LTC/USDT:USDT,109.77,93000.0,109.76,310000.0,109.79,16000.0,109.81,55000.0
1753769333450,06:08:53.450,bitmex,LTC/USDT:USDT,109.76,310000.0,109.75,5000.0,109.79,16000.0,109.81,55000.0
1753769333499,06:08:53.499,bitmex,LTC/USDT:USDT,109.76,310000.0,109.75,5000.0,109.77,24000.0,109.8,5000.0
1753769333548,06:08:53.548,bitmex,LTC/USDT:USDT,109.76,310000.0,109.75,5000.0,109.77,24000.0,109.79,55000.0
1753769333597,06:08:53.597,bitmex,LTC/USDT:USDT,109.76,310000.0,109.75,5000.0,109.77,24000.0,109.79,55000.0
1753769333696,06:08:53.696,bitmex,LTC/USDT:USDT,109.76,310000.0,109.75,5000.0,109.77,24000.0,109.79,55000.0
1753769333779,06:08:53.779,bitmex,LTC/USDT:USDT,109.76,310000.0,109.75,5000.0,109.77,24000.0,109.79,55000.0
1753769334383,06:08:54.383,bitmex,LTC/USDT:USDT,109.76,310000.0,109.75,5000.0,109.77,24000.0,109.79,55000.0
1753769334433,06:08:54.433,bitmex,LTC/USDT:USDT,109.76,310000.0,109.75,5000.0,109.77,24000.0,109.79,55000.0
1753769334482,06:08:54.482,bitmex,LTC/USDT:USDT,109.76,310000.0,109.75,5000.0,109.77,24000.0,109.79,55000.0
1753769334482,06:08:54.482,bitmex,LTC/USDT:USDT,109.76,310000.0,109.75,5000.0,109.77,24000.0,109.79,55000.0
1753769334601,06:08:54.601,bitmex,LTC/USDT:USDT,109.76,310000.0,109.74,7000.0,109.77,24000.0,109.79,55000.0
1753769334742,06:08:54.742,bitmex,LTC/USDT:USDT,109.76,310000.0,109.74,12000.0,109.77,24000.0,109.79,55000.0
1753769334791,06:08:54.791,bitmex,LTC/USDT:USDT,109.76,310000.0,109.74,12000.0,109.77,24000.0,109.79,55000.0
1753769334910,06:08:54.910,bitmex,LTC/USDT:USDT,109.76,310000.0,109.74,12000.0,109.77,24000.0,109.79,55000.0
1753769334959,06:08:54.959,bitmex,LTC/USDT:USDT,109.76,310000.0,109.74,5000.0,109.77,24000.0,109.79,55000.0
1753769335437,06:08:55.437,bitmex,LTC/USDT:USDT,109.76,310000.0,109.74,5000.0,109.77,24000.0,109.79,55000.0
1753769336065,06:08:56.065,bitmex,LTC/USDT:USDT,109.76,310000.0,109.74,12000.0,109.77,24000.0,109.79,55000.0
1753769336783,06:08:56.783,bitmex,LTC/USDT:USDT,109.76,310000.0,109.74,5000.0,109.77,24000.0,109.79,55000.0
1753769336832,06:08:56.832,bitmex,LTC/USDT:USDT,109.76,310000.0,109.74,5000.0,109.77,24000.0,109.79,55000.0
1753769336882,06:08:56.882,bitmex,LTC/USDT:USDT,109.76,310000.0,109.72,12000.0,109.77,24000.0,109.79,55000.0
1753769337079,06:08:57.079,bitmex,LTC/USDT:USDT,109.73,5000.0,109.72,7000.0,109.75,16000.0,109.77,55000.0
1753769337128,06:08:57.128,bitmex,LTC/USDT:USDT,109.74,309000.0,109.73,5000.0,109.75,16000.0,109.77,55000.0
1753769337177,06:08:57.177,bitmex,LTC/USDT:USDT,109.74,309000.0,109.73,5000.0,109.75,16000.0,109.77,55000.0
1753769337275,06:08:57.275,bitmex,LTC/USDT:USDT,109.74,309000.0,109.72,7000.0,109.75,16000.0,109.77,55000.0
1753769337324,06:08:57.324,bitmex,LTC/USDT:USDT,109.74,309000.0,109.72,7000.0,109.75,16000.0,109.77,55000.0
1753769337527,06:08:57.527,bitmex,LTC/USDT:USDT,109.74,309000.0,109.72,7000.0,109.75,16000.0,109.77,55000.0
1753769337770,06:08:57.770,bitmex,LTC/USDT:USDT,109.74,309000.0,109.72,7000.0,109.75,16000.0,109.77,55000.0
1753769337997,06:08:57.997,bitmex,LTC/USDT:USDT,109.74,309000.0,109.72,7000.0,109.75,16000.0,109.77,55000.0
1753769338047,06:08:58.047,bitmex,LTC/USDT:USDT,109.74,309000.0,109.72,7000.0,109.75,16000.0,109.77,55000.0
1753769338773,06:08:58.773,bitmex,LTC/USDT:USDT,109.74,309000.0,109.72,7000.0,109.75,16000.0,109.77,55000.0
1753769338823,06:08:58.823,bitmex,LTC/USDT:USDT,109.74,309000.0,109.72,7000.0,109.75,16000.0,109.77,55000.0
1753769338872,06:08:58.872,bitmex,LTC/USDT:USDT,109.74,309000.0,109.72,7000.0,109.75,16000.0,109.77,55000.0
1753769339469,06:08:59.469,bitmex,LTC/USDT:USDT,109.74,309000.0,109.72,7000.0,109.75,16000.0,109.77,55000.0
1753769339688,06:08:59.688,bitmex,LTC/USDT:USDT,109.74,309000.0,109.72,7000.0,109.75,16000.0,109.77,55000.0
1753769339889,06:08:59.889,bitmex,LTC/USDT:USDT,109.75,67000.0,109.74,309000.0,109.77,33000.0,109.79,55000.0
1753769340037,06:09:00.037,bitmex,LTC/USDT:USDT,109.74,309000.0,109.73,5000.0,109.75,16000.0,109.77,33000.0
1753769340310,06:09:00.310,bitmex,LTC/USDT:USDT,109.74,309000.0,109.73,5000.0,109.75,16000.0,109.77,33000.0
1753769340359,06:09:00.359,bitmex,LTC/USDT:USDT,109.74,309000.0,109.73,5000.0,109.75,16000.0,109.77,33000.0
1753769340408,06:09:00.408,bitmex,LTC/USDT:USDT,109.74,309000.0,109.73,5000.0,109.75,16000.0,109.77,33000.0
1753769341370,06:09:01.370,bitmex,LTC/USDT:USDT,109.73,5000.0,109.72,7000.0,109.75,16000.0,109.77,33000.0
1753769341420,06:09:01.420,bitmex,LTC/USDT:USDT,109.72,5000.0,109.71,10000.0,109.73,16000.0,109.76,5000.0
1753769341469,06:09:01.469,bitmex,LTC/USDT:USDT,109.72,5000.0,109.71,10000.0,109.73,16000.0,109.76,5000.0
1753769341469,06:09:01.469,bitmex,LTC/USDT:USDT,109.72,5000.0,109.71,10000.0,109.73,16000.0,109.75,55000.0
1753769341567,06:09:01.567,bitmex,LTC/USDT:USDT,109.71,319000.0,109.7,5000.0,109.73,16000.0,109.75,55000.0
1753769341616,06:09:01.616,bitmex,LTC/USDT:USDT,109.71,319000.0,109.7,5000.0,109.73,16000.0,109.75,55000.0
1753769341665,06:09:01.665,bitmex,LTC/USDT:USDT,109.71,319000.0,109.7,5000.0,109.72,24000.0,109.74,55000.0
1753769341714,06:09:01.714,bitmex,LTC/USDT:USDT,109.72,101000.0,109.71,319000.0,109.74,33000.0,109.76,5000.0
1753769341763,06:09:01.763,bitmex,LTC/USDT:USDT,109.72,101000.0,109.71,319000.0,109.74,33000.0,109.76,60000.0
1753769341812,06:09:01.812,bitmex,LTC/USDT:USDT,109.73,5000.0,109.72,96000.0,109.76,33000.0,109.8,5000.0
1753769341861,06:09:01.861,bitmex,LTC/USDT:USDT,109.72,96000.0,109.71,319000.0,109.75,16000.0,109.77,5000.0
1753769341910,06:09:01.910,bitmex,LTC/USDT:USDT,109.72,96000.0,109.71,319000.0,109.75,16000.0,109.77,60000.0
1753769342004,06:09:02.004,bitmex,LTC/USDT:USDT,109.72,96000.0,109.71,319000.0,109.75,16000.0,109.77,60000.0
1753769342054,06:09:02.054,bitmex,LTC/USDT:USDT,109.73,5000.0,109.72,96000.0,109.75,16000.0,109.77,60000.0
1753769342103,06:09:02.103,bitmex,LTC/USDT:USDT,109.73,5000.0,109.72,96000.0,109.75,16000.0,109.77,60000.0
1753769342164,06:09:02.164,bitmex,LTC/USDT:USDT,109.73,5000.0,109.72,96000.0,109.75,16000.0,109.77,60000.0
1753769342489,06:09:02.489,bitmex,LTC/USDT:USDT,109.72,96000.0,109.71,326000.0,109.75,16000.0,109.77,60000.0
1753769342539,06:09:02.539,bitmex,LTC/USDT:USDT,109.72,96000.0,109.71,326000.0,109.74,16000.0,109.76,55000.0
1753769342637,06:09:02.637,bitmex,LTC/USDT:USDT,109.72,96000.0,109.71,326000.0,109.74,16000.0,109.76,55000.0
1753769342691,06:09:02.691,bitmex,LTC/USDT:USDT,109.72,96000.0,109.71,326000.0,109.74,16000.0,109.76,55000.0
1753769342771,06:09:02.771,bitmex,LTC/USDT:USDT,109.72,96000.0,109.71,326000.0,109.74,16000.0,109.76,55000.0
1753769342820,06:09:02.820,bitmex,LTC/USDT:USDT,109.72,96000.0,109.71,326000.0,109.74,16000.0,109.76,55000.0
1753769342869,06:09:02.869,bitmex,LTC/USDT:USDT,109.72,96000.0,109.71,326000.0,109.74,16000.0,109.76,55000.0
1753769342997,06:09:02.997,bitmex,LTC/USDT:USDT,109.72,96000.0,109.71,326000.0,109.74,16000.0,109.76,55000.0
1753769343120,06:09:03.120,bitmex,LTC/USDT:USDT,109.72,96000.0,109.71,326000.0,109.74,16000.0,109.76,55000.0
1753769343242,06:09:03.242,bitmex,LTC/USDT:USDT,109.71,326000.0,109.7,5000.0,109.74,16000.0,109.76,55000.0
1753769343292,06:09:03.292,bitmex,LTC/USDT:USDT,109.71,326000.0,109.7,5000.0,109.72,16000.0,109.74,60000.0
1753769343341,06:09:03.341,bitmex,LTC/USDT:USDT,109.71,326000.0,109.7,5000.0,109.72,16000.0,109.74,60000.0
1753769343479,06:09:03.479,bitmex,LTC/USDT:USDT,109.71,319000.0,109.69,22000.0,109.72,16000.0,109.74,60000.0
1753769343528,06:09:03.528,bitmex,LTC/USDT:USDT,109.71,319000.0,109.69,22000.0,109.72,16000.0,109.74,60000.0
1753769343596,06:09:03.596,bitmex,LTC/USDT:USDT,109.71,319000.0,109.69,22000.0,109.72,16000.0,109.74,60000.0
1753769343645,06:09:03.645,bitmex,LTC/USDT:USDT,109.71,309000.0,109.69,22000.0,109.72,16000.0,109.74,60000.0
1753769343695,06:09:03.695,bitmex,LTC/USDT:USDT,109.71,309000.0,109.69,22000.0,109.72,16000.0,109.74,60000.0
1753769344313,06:09:04.313,bitmex,LTC/USDT:USDT,109.71,309000.0,109.69,22000.0,109.74,33000.0,109.76,55000.0
1753769344431,06:09:04.431,bitmex,LTC/USDT:USDT,109.71,309000.0,109.69,22000.0,109.74,33000.0,109.76,55000.0
1753769344922,06:09:04.922,bitmex,LTC/USDT:USDT,109.71,309000.0,109.69,22000.0,109.74,33000.0,109.76,55000.0
1753769344971,06:09:04.971,bitmex,LTC/USDT:USDT,109.72,90000.0,109.71,309000.0,109.74,16000.0,109.75,5000.0
1753769345020,06:09:05.020,bitmex,LTC/USDT:USDT,109.72,90000.0,109.71,309000.0,109.74,16000.0,109.75,5000.0
1753769345069,06:09:05.069,bitmex,LTC/USDT:USDT,109.72,90000.0,109.71,309000.0,109.74,16000.0,109.75,5000.0
1753769345118,06:09:05.118,bitmex,LTC/USDT:USDT,109.72,90000.0,109.71,309000.0,109.74,16000.0,109.76,55000.0
1753769345212,06:09:05.212,bitmex,LTC/USDT:USDT,109.72,90000.0,109.71,309000.0,109.74,16000.0,109.76,55000.0
1753769345261,06:09:05.261,bitmex,LTC/USDT:USDT,109.72,90000.0,109.71,309000.0,109.74,16000.0,109.76,55000.0
1753769345369,06:09:05.369,bitmex,LTC/USDT:USDT,109.72,90000.0,109.71,309000.0,109.74,16000.0,109.76,55000.0
1753769345419,06:09:05.419,bitmex,LTC/USDT:USDT,109.72,90000.0,109.71,309000.0,109.74,16000.0,109.76,55000.0
1753769345527,06:09:05.527,bitmex,LTC/USDT:USDT,109.72,90000.0,109.71,309000.0,109.74,16000.0,109.76,55000.0
1753769346419,06:09:06.419,bitmex,LTC/USDT:USDT,109.72,90000.0,109.71,309000.0,109.74,16000.0,109.76,55000.0
1753769347303,06:09:07.303,bitmex,LTC/USDT:USDT,109.72,90000.0,109.71,309000.0,109.74,16000.0,109.76,55000.0
1753769347557,06:09:07.557,bitmex,LTC/USDT:USDT,109.72,90000.0,109.71,309000.0,109.74,16000.0,109.76,55000.0
1753769347607,06:09:07.607,bitmex,LTC/USDT:USDT,109.72,90000.0,109.71,309000.0,109.74,16000.0,109.76,55000.0
1753769347656,06:09:07.656,bitmex,LTC/USDT:USDT,109.72,90000.0,109.71,309000.0,109.74,16000.0,109.76,55000.0
1753769347705,06:09:07.705,bitmex,LTC/USDT:USDT,109.71,309000.0,109.69,15000.0,109.76,55000.0,109.8,5000.0
1753769347705,06:09:07.705,bitmex,LTC/USDT:USDT,109.71,309000.0,109.69,15000.0,109.72,16000.0,109.75,5000.0
1753769347754,06:09:07.754,bitmex,LTC/USDT:USDT,109.71,309000.0,109.69,15000.0,109.72,16000.0,109.74,55000.0
1753769347816,06:09:07.816,bitmex,LTC/USDT:USDT,109.71,309000.0,109.69,15000.0,109.72,16000.0,109.74,55000.0
1753769348007,06:09:08.007,bitmex,LTC/USDT:USDT,109.71,309000.0,109.69,15000.0,109.72,16000.0,109.74,55000.0
1753769348274,06:09:08.274,bitmex,LTC/USDT:USDT,109.71,309000.0,109.69,15000.0,109.74,55000.0,109.8,5000.0
1753769348324,06:09:08.324,bitmex,LTC/USDT:USDT,109.71,309000.0,109.69,15000.0,109.73,16000.0,109.75,55000.0
1753769348396,06:09:08.396,bitmex,LTC/USDT:USDT,109.71,309000.0,109.69,15000.0,109.73,16000.0,109.75,55000.0
1753769348446,06:09:08.446,bitmex,LTC/USDT:USDT,109.71,309000.0,109.69,15000.0,109.73,16000.0,109.75,55000.0
1753769348516,06:09:08.516,bitmex,LTC/USDT:USDT,109.71,309000.0,109.69,15000.0,109.73,16000.0,109.75,55000.0
1753769348823,06:09:08.823,bitmex,LTC/USDT:USDT,109.71,309000.0,109.69,15000.0,109.73,16000.0,109.75,55000.0
1753769348957,06:09:08.957,bitmex,LTC/USDT:USDT,109.71,309000.0,109.7,7000.0,109.73,16000.0,109.75,55000.0
1753769349206,06:09:09.206,bitmex,LTC/USDT:USDT,109.71,309000.0,109.7,7000.0,109.73,16000.0,109.75,55000.0
1753769349256,06:09:09.256,bitmex,LTC/USDT:USDT,109.71,309000.0,109.7,7000.0,109.73,16000.0,109.75,55000.0
1753769349305,06:09:09.305,bitmex,LTC/USDT:USDT,109.71,309000.0,109.7,7000.0,109.73,16000.0,109.75,55000.0
1753769349998,06:09:09.998,bitmex,LTC/USDT:USDT,109.71,309000.0,109.7,7000.0,109.72,16000.0,109.73,16000.0
1753769350048,06:09:10.048,bitmex,LTC/USDT:USDT,109.71,309000.0,109.7,7000.0,109.72,16000.0,109.74,5000.0
1753769350154,06:09:10.154,bitmex,LTC/USDT:USDT,109.71,309000.0,109.7,7000.0,109.72,16000.0,109.74,60000.0
1753769350769,06:09:10.769,bitmex,LTC/USDT:USDT,109.71,309000.0,109.7,7000.0,109.72,16000.0,109.74,60000.0
1753769350910,06:09:10.910,bitmex,LTC/USDT:USDT,109.71,309000.0,109.7,7000.0,109.72,16000.0,109.74,60000.0
1753769350960,06:09:10.960,bitmex,LTC/USDT:USDT,109.71,309000.0,109.69,15000.0,109.72,16000.0,109.74,60000.0
1753769351072,06:09:11.072,bitmex,LTC/USDT:USDT,109.71,309000.0,109.69,15000.0,109.72,16000.0,109.74,60000.0
1753769351278,06:09:11.278,bitmex,LTC/USDT:USDT,109.71,309000.0,109.69,15000.0,109.74,55000.0,109.8,5000.0
1753769351328,06:09:11.328,bitmex,LTC/USDT:USDT,109.71,309000.0,109.69,15000.0,109.73,16000.0,109.75,55000.0
1753769351469,06:09:11.469,bitmex,LTC/USDT:USDT,109.72,5000.0,109.71,309000.0,109.73,16000.0,109.75,55000.0
1753769351518,06:09:11.518,bitmex,LTC/USDT:USDT,109.71,309000.0,109.69,15000.0,109.73,16000.0,109.75,55000.0
1753769352472,06:09:12.472,bitmex,LTC/USDT:USDT,109.72,5000.0,109.71,309000.0,109.73,16000.0,109.75,55000.0
1753769352621,06:09:12.621,bitmex,LTC/USDT:USDT,109.72,98000.0,109.71,309000.0,109.75,33000.0,109.77,55000.0
1753769352671,06:09:12.671,bitmex,LTC/USDT:USDT,109.72,98000.0,109.71,309000.0,109.75,33000.0,109.77,55000.0
1753769352720,06:09:12.720,bitmex,LTC/USDT:USDT,109.72,93000.0,109.71,309000.0,109.75,33000.0,109.77,55000.0
1753769352892,06:09:12.892,bitmex,LTC/USDT:USDT,109.72,93000.0,109.71,309000.0,109.75,33000.0,109.77,55000.0
1753769353085,06:09:13.085,bitmex,LTC/USDT:USDT,109.72,93000.0,109.71,309000.0,109.75,33000.0,109.77,55000.0
1753769353389,06:09:13.389,bitmex,LTC/USDT:USDT,109.72,93000.0,109.71,309000.0,109.75,33000.0,109.77,55000.0
1753769353569,06:09:13.569,bitmex,LTC/USDT:USDT,109.72,93000.0,109.71,309000.0,109.75,33000.0,109.77,55000.0
1753769353891,06:09:13.891,bitmex,LTC/USDT:USDT,109.73,5000.0,109.72,93000.0,109.75,33000.0,109.77,55000.0
1753769353940,06:09:13.940,bitmex,LTC/USDT:USDT,109.72,93000.0,109.71,309000.0,109.75,33000.0,109.77,55000.0
1753769354020,06:09:14.020,bitmex,LTC/USDT:USDT,109.72,93000.0,109.71,309000.0,109.75,33000.0,109.77,55000.0
1753769354498,06:09:14.498,bitmex,LTC/USDT:USDT,109.73,5000.0,109.72,93000.0,109.74,16000.0,109.76,55000.0
1753769354547,06:09:14.547,bitmex,LTC/USDT:USDT,109.73,5000.0,109.72,93000.0,109.74,16000.0,109.76,55000.0
1753769354719,06:09:14.719,bitmex,LTC/USDT:USDT,109.73,5000.0,109.72,93000.0,109.74,16000.0,109.76,55000.0
1753769355070,06:09:15.070,bitmex,LTC/USDT:USDT,109.73,5000.0,109.72,93000.0,109.74,16000.0,109.76,55000.0
1753769355119,06:09:15.119,bitmex,LTC/USDT:USDT,109.73,5000.0,109.72,93000.0,109.74,16000.0,109.76,55000.0
1753769355168,06:09:15.168,bitmex,LTC/USDT:USDT,109.73,5000.0,109.72,100000.0,109.76,33000.0,109.78,55000.0
1753769355217,06:09:15.217,bitmex,LTC/USDT:USDT,109.74,309000.0,109.73,5000.0,109.77,16000.0,109.8,5000.0
1753769355315,06:09:15.315,bitmex,LTC/USDT:USDT,109.75,22000.0,109.74,309000.0,109.77,16000.0,109.79,55000.0
1753769355364,06:09:15.364,bitmex,LTC/USDT:USDT,109.75,22000.0,109.74,309000.0,109.77,16000.0,109.79,55000.0
1753769355413,06:09:15.413,bitmex,LTC/USDT:USDT,109.75,90000.0,109.74,309000.0,109.77,16000.0,109.79,55000.0
1753769356187,06:09:16.187,bitmex,LTC/USDT:USDT,109.75,90000.0,109.74,309000.0,109.77,16000.0,109.79,55000.0
1753769356427,06:09:16.427,bitmex,LTC/USDT:USDT,109.75,90000.0,109.74,309000.0,109.77,16000.0,109.79,55000.0
1753769356476,06:09:16.476,bitmex,LTC/USDT:USDT,109.75,90000.0,109.74,309000.0,109.77,16000.0,109.79,55000.0
1753769356525,06:09:16.525,bitmex,LTC/USDT:USDT,109.75,90000.0,109.74,309000.0,109.77,16000.0,109.79,55000.0
1753769356622,06:09:16.622,bitmex,LTC/USDT:USDT,109.75,90000.0,109.74,309000.0,109.77,16000.0,109.79,55000.0
1753769357218,06:09:17.218,bitmex,LTC/USDT:USDT,109.75,90000.0,109.74,309000.0,109.77,16000.0,109.79,55000.0
1753769358045,06:09:18.045,bitmex,LTC/USDT:USDT,109.75,90000.0,109.74,309000.0,109.77,16000.0,109.79,55000.0
1753769359848,06:09:19.848,bitmex,LTC/USDT:USDT,109.75,90000.0,109.74,309000.0,109.79,33000.0,109.8,5000.0
1753769359897,06:09:19.897,bitmex,LTC/USDT:USDT,109.75,90000.0,109.74,309000.0,109.79,33000.0,109.8,5000.0
1753769359999,06:09:19.999,bitmex,LTC/USDT:USDT,109.76,5000.0,109.75,90000.0,109.79,33000.0,109.8,5000.0
1753769360050,06:09:20.050,bitmex,LTC/USDT:USDT,109.76,5000.0,109.75,90000.0,109.79,33000.0,109.8,5000.0
1753769360099,06:09:20.099,bitmex,LTC/USDT:USDT,109.76,5000.0,109.75,90000.0,109.82,5000.0,109.83,10000.0
1753769360302,06:09:20.302,bitmex,LTC/USDT:USDT,109.76,5000.0,109.75,90000.0,109.82,5000.0,109.83,10000.0
1753769360352,06:09:20.352,bitmex,LTC/USDT:USDT,109.77,309000.0,109.76,5000.0,109.8,16000.0,109.82,5000.0
1753769360401,06:09:20.401,bitmex,LTC/USDT:USDT,109.78,98000.0,109.77,309000.0,109.8,16000.0,109.82,60000.0
1753769361013,06:09:21.013,bitmex,LTC/USDT:USDT,109.78,98000.0,109.77,309000.0,109.8,16000.0,109.82,60000.0
1753769361203,06:09:21.203,bitmex,LTC/USDT:USDT,109.78,98000.0,109.77,309000.0,109.82,60000.0,109.83,10000.0
1753769361253,06:09:21.253,bitmex,LTC/USDT:USDT,109.78,98000.0,109.77,309000.0,109.82,38000.0,109.83,35000.0
1753769361302,06:09:21.302,bitmex,LTC/USDT:USDT,109.78,93000.0,109.77,309000.0,109.82,33000.0,109.83,10000.0
1753769361400,06:09:21.400,bitmex,LTC/USDT:USDT,109.78,93000.0,109.77,309000.0,109.82,33000.0,109.83,10000.0
1753769361498,06:09:21.498,bitmex,LTC/USDT:USDT,109.79,5000.0,109.78,93000.0,109.82,33000.0,109.83,10000.0
1753769361547,06:09:21.547,bitmex,LTC/USDT:USDT,109.79,5000.0,109.78,93000.0,109.82,33000.0,109.83,10000.0
1753769361596,06:09:21.596,bitmex,LTC/USDT:USDT,109.79,5000.0,109.78,93000.0,109.82,33000.0,109.83,10000.0
1753769361835,06:09:21.835,bitmex,LTC/USDT:USDT,109.79,5000.0,109.78,93000.0,109.82,33000.0,109.83,10000.0
1753769361884,06:09:21.884,bitmex,LTC/USDT:USDT,109.79,5000.0,109.78,93000.0,109.82,33000.0,109.83,10000.0
1753769361971,06:09:21.971,bitmex,LTC/USDT:USDT,109.79,5000.0,109.78,93000.0,109.82,33000.0,109.83,10000.0
1753769362020,06:09:22.020,bitmex,LTC/USDT:USDT,109.78,93000.0,109.77,309000.0,109.81,16000.0,109.83,65000.0
1753769362069,06:09:22.069,bitmex,LTC/USDT:USDT,109.78,93000.0,109.77,309000.0,109.81,16000.0,109.83,65000.0
1753769362797,06:09:22.797,bitmex,LTC/USDT:USDT,109.78,93000.0,109.77,309000.0,109.81,16000.0,109.83,65000.0
1753769362847,06:09:22.847,bitmex,LTC/USDT:USDT,109.78,93000.0,109.77,309000.0,109.81,16000.0,109.83,65000.0
1753769364268,06:09:24.268,bitmex,LTC/USDT:USDT,109.78,93000.0,109.77,309000.0,109.81,16000.0,109.83,65000.0
1753769364317,06:09:24.317,bitmex,LTC/USDT:USDT,109.78,93000.0,109.77,309000.0,109.81,16000.0,109.82,20000.0
1753769364637,06:09:24.637,bitmex,LTC/USDT:USDT,109.78,93000.0,109.77,309000.0,109.81,21000.0,109.82,20000.0
1753769364687,06:09:24.687,bitmex,LTC/USDT:USDT,109.77,309000.0,109.76,12000.0,109.79,16000.0,109.81,39000.0
1753769364810,06:09:24.810,bitmex,LTC/USDT:USDT,109.77,309000.0,109.76,12000.0,109.79,16000.0,109.81,39000.0
1753769364859,06:09:24.859,bitmex,LTC/USDT:USDT,109.77,309000.0,109.76,12000.0,109.79,16000.0,109.81,39000.0
1753769364920,06:09:24.920,bitmex,LTC/USDT:USDT,109.78,5000.0,109.77,309000.0,109.79,16000.0,109.81,39000.0
1753769365626,06:09:25.626,bitmex,LTC/USDT:USDT,109.78,93000.0,109.77,309000.0,109.81,33000.0,109.82,25000.0
1753769365891,06:09:25.891,bitmex,LTC/USDT:USDT,109.78,93000.0,109.77,309000.0,109.81,33000.0,109.82,25000.0
1753769366007,06:09:26.007,bitmex,LTC/USDT:USDT,109.78,93000.0,109.77,309000.0,109.81,33000.0,109.82,25000.0
1753769366056,06:09:26.056,bitmex,LTC/USDT:USDT,109.78,93000.0,109.77,309000.0,109.81,33000.0,109.82,25000.0
1753769366176,06:09:26.176,bitmex,LTC/USDT:USDT,109.78,93000.0,109.77,309000.0,109.81,33000.0,109.82,25000.0
1753769366282,06:09:26.282,bitmex,LTC/USDT:USDT,109.78,93000.0,109.77,309000.0,109.8,5000.0,109.81,33000.0
1753769366332,06:09:26.332,bitmex,LTC/USDT:USDT,109.77,309000.0,109.76,12000.0,109.78,24000.0,109.8,5000.0
1753769366382,06:09:26.382,bitmex,LTC/USDT:USDT,109.77,309000.0,109.76,5000.0,109.78,24000.0,109.8,60000.0
1753769366431,06:09:26.431,bitmex,LTC/USDT:USDT,109.77,309000.0,109.76,5000.0,109.78,24000.0,109.8,60000.0
1753769366542,06:09:26.542,bitmex,LTC/USDT:USDT,109.77,309000.0,109.76,5000.0,109.78,24000.0,109.8,60000.0
1753769366666,06:09:26.666,bitmex,LTC/USDT:USDT,109.77,309000.0,109.74,7000.0,109.78,24000.0,109.8,60000.0
1753769366766,06:09:26.766,bitmex,LTC/USDT:USDT,109.77,309000.0,109.74,7000.0,109.78,24000.0,109.8,60000.0
1753769366816,06:09:26.816,bitmex,LTC/USDT:USDT,109.77,309000.0,109.74,7000.0,109.78,24000.0,109.8,60000.0
1753769367111,06:09:27.111,bitmex,LTC/USDT:USDT,109.77,309000.0,109.74,7000.0,109.78,24000.0,109.8,60000.0
1753769367161,06:09:27.161,bitmex,LTC/USDT:USDT,109.77,309000.0,109.74,7000.0,109.78,24000.0,109.8,60000.0
1753769367210,06:09:27.210,bitmex,LTC/USDT:USDT,109.77,309000.0,109.74,7000.0,109.78,24000.0,109.8,60000.0
1753769367347,06:09:27.347,bitmex,LTC/USDT:USDT,109.77,309000.0,109.74,7000.0,109.78,24000.0,109.8,60000.0
1753769367508,06:09:27.508,bitmex,LTC/USDT:USDT,109.77,309000.0,109.74,7000.0,109.78,24000.0,109.8,60000.0
1753769367558,06:09:27.558,bitmex,LTC/USDT:USDT,109.77,309000.0,109.74,7000.0,109.78,24000.0,109.8,60000.0
1753769367607,06:09:27.607,bitmex,LTC/USDT:USDT,109.77,309000.0,109.74,7000.0,109.78,24000.0,109.8,60000.0
1753769367916,06:09:27.916,bitmex,LTC/USDT:USDT,109.77,309000.0,109.74,7000.0,109.78,24000.0,109.8,60000.0
1753769367965,06:09:27.965,bitmex,LTC/USDT:USDT,109.77,309000.0,109.74,7000.0,109.78,24000.0,109.8,60000.0
1753769368285,06:09:28.285,bitmex,LTC/USDT:USDT,109.77,309000.0,109.74,7000.0,109.78,24000.0,109.8,60000.0
1753769368334,06:09:28.334,bitmex,LTC/USDT:USDT,109.77,309000.0,109.74,7000.0,109.78,24000.0,109.8,60000.0
1753769368479,06:09:28.479,bitmex,LTC/USDT:USDT,109.77,309000.0,109.73,5000.0,109.78,24000.0,109.8,60000.0
1753769368791,06:09:28.791,bitmex,LTC/USDT:USDT,109.75,5000.0,109.74,308000.0,109.76,16000.0,109.78,60000.0
1753769368878,06:09:28.878,bitmex,LTC/USDT:USDT,109.75,5000.0,109.74,308000.0,109.76,16000.0,109.78,60000.0
1753769369681,06:09:29.681,bitmex,LTC/USDT:USDT,109.75,5000.0,109.74,308000.0,109.76,16000.0,109.78,60000.0
1753769369731,06:09:29.731,bitmex,LTC/USDT:USDT,109.75,5000.0,109.74,308000.0,109.76,16000.0,109.78,60000.0
1753769369780,06:09:29.780,bitmex,LTC/USDT:USDT,109.74,308000.0,109.73,5000.0,109.76,16000.0,109.78,60000.0
1753769369829,06:09:29.829,bitmex,LTC/USDT:USDT,109.74,308000.0,109.73,5000.0,109.76,16000.0,109.78,60000.0
1753769370030,06:09:30.030,bitmex,LTC/USDT:USDT,109.74,308000.0,109.73,5000.0,109.76,16000.0,109.78,60000.0
1753769370079,06:09:30.079,bitmex,LTC/USDT:USDT,109.74,308000.0,109.73,5000.0,109.76,16000.0,109.78,60000.0
1753769370128,06:09:30.128,bitmex,LTC/USDT:USDT,109.74,308000.0,109.73,5000.0,109.76,16000.0,109.78,60000.0
1753769370269,06:09:30.269,bitmex,LTC/USDT:USDT,109.74,308000.0,109.73,5000.0,109.76,16000.0,109.78,60000.0
1753769370927,06:09:30.927,bitmex,LTC/USDT:USDT,109.74,308000.0,109.73,5000.0,109.76,16000.0,109.78,60000.0
1753769370977,06:09:30.977,bitmex,LTC/USDT:USDT,109.74,308000.0,109.73,5000.0,109.75,16000.0,109.78,60000.0
1753769371027,06:09:31.027,bitmex,LTC/USDT:USDT,109.74,308000.0,109.73,5000.0,109.75,16000.0,109.77,55000.0
1753769371076,06:09:31.076,bitmex,LTC/USDT:USDT,109.74,308000.0,109.73,5000.0,109.75,16000.0,109.77,55000.0
1753769371125,06:09:31.125,bitmex,LTC/USDT:USDT,109.74,308000.0,109.73,5000.0,109.75,16000.0,109.77,55000.0
1753769371174,06:09:31.174,bitmex,LTC/USDT:USDT,109.74,308000.0,109.73,5000.0,109.75,16000.0,109.77,55000.0
1753769371269,06:09:31.269,bitmex,LTC/USDT:USDT,109.74,308000.0,109.73,5000.0,109.75,16000.0,109.77,55000.0
1753769371570,06:09:31.570,bitmex,LTC/USDT:USDT,109.74,308000.0,109.73,5000.0,109.75,16000.0,109.77,55000.0
1753769372011,06:09:32.011,bitmex,LTC/USDT:USDT,109.74,308000.0,109.73,5000.0,109.75,16000.0,109.77,55000.0
1753769372061,06:09:32.061,bitmex,LTC/USDT:USDT,109.74,308000.0,109.73,5000.0,109.75,16000.0,109.77,55000.0
1753769372151,06:09:32.151,bitmex,LTC/USDT:USDT,109.74,308000.0,109.72,7000.0,109.75,16000.0,109.77,55000.0
1753769372446,06:09:32.446,bitmex,LTC/USDT:USDT,109.7,7000.0,109.69,15000.0,109.74,16000.0,109.75,21000.0
1753769372495,06:09:32.495,bitmex,LTC/USDT:USDT,109.71,5000.0,109.7,7000.0,109.72,16000.0,109.74,55000.0
1753769372544,06:09:32.544,bitmex,LTC/USDT:USDT,109.71,5000.0,109.7,7000.0,109.72,16000.0,109.74,55000.0
1753769372593,06:09:32.593,bitmex,LTC/USDT:USDT,109.71,313000.0,109.7,7000.0,109.72,16000.0,109.74,55000.0
1753769372642,06:09:32.642,bitmex,LTC/USDT:USDT,109.71,313000.0,109.7,7000.0,109.74,33000.0,109.76,55000.0
1753769372728,06:09:32.728,bitmex,LTC/USDT:USDT,109.71,313000.0,109.7,7000.0,109.74,33000.0,109.76,55000.0
1753769372777,06:09:32.777,bitmex,LTC/USDT:USDT,109.71,313000.0,109.7,7000.0,109.74,33000.0,109.76,55000.0
1753769372913,06:09:32.913,bitmex,LTC/USDT:USDT,109.71,313000.0,109.7,7000.0,109.74,33000.0,109.76,55000.0
1753769373009,06:09:33.009,bitmex,LTC/USDT:USDT,109.71,313000.0,109.7,7000.0,109.74,33000.0,109.76,55000.0
1753769373059,06:09:33.059,bitmex,LTC/USDT:USDT,109.72,5000.0,109.71,308000.0,109.73,16000.0,109.75,55000.0
1753769373108,06:09:33.108,bitmex,LTC/USDT:USDT,109.72,5000.0,109.71,308000.0,109.73,16000.0,109.75,55000.0
1753769373157,06:09:33.157,bitmex,LTC/USDT:USDT,109.72,5000.0,109.71,308000.0,109.75,33000.0,109.77,55000.0
1753769373233,06:09:33.233,bitmex,LTC/USDT:USDT,109.72,5000.0,109.71,308000.0,109.75,33000.0,109.77,55000.0
1753769373480,06:09:33.480,bitmex,LTC/USDT:USDT,109.72,5000.0,109.71,308000.0,109.75,33000.0,109.77,55000.0
1753769373651,06:09:33.651,bitmex,LTC/USDT:USDT,109.72,97000.0,109.71,308000.0,109.75,33000.0,109.77,55000.0
1753769374007,06:09:34.007,bitmex,LTC/USDT:USDT,109.72,97000.0,109.71,308000.0,109.75,33000.0,109.77,55000.0
1753769374056,06:09:34.056,bitmex,LTC/USDT:USDT,109.72,97000.0,109.71,308000.0,109.75,33000.0,109.77,55000.0
1753769374766,06:09:34.766,bitmex,LTC/USDT:USDT,109.71,308000.0,109.69,15000.0,109.72,16000.0,109.74,55000.0
1753769374816,06:09:34.816,bitmex,LTC/USDT:USDT,109.71,308000.0,109.69,15000.0,109.72,16000.0,109.74,55000.0
1753769374963,06:09:34.963,bitmex,LTC/USDT:USDT,109.71,308000.0,109.69,15000.0,109.72,16000.0,109.74,55000.0
1753769375013,06:09:35.013,bitmex,LTC/USDT:USDT,109.71,308000.0,109.69,15000.0,109.72,16000.0,109.74,55000.0
1753769375198,06:09:35.198,bitmex,LTC/USDT:USDT,109.71,308000.0,109.69,15000.0,109.74,55000.0,109.76,5000.0
1753769375248,06:09:35.248,bitmex,LTC/USDT:USDT,109.72,97000.0,109.71,308000.0,109.74,33000.0,109.76,60000.0
1753769375682,06:09:35.682,bitmex,LTC/USDT:USDT,109.72,97000.0,109.71,308000.0,109.74,33000.0,109.76,60000.0
1753769376018,06:09:36.018,bitmex,LTC/USDT:USDT,109.72,97000.0,109.71,308000.0,109.74,33000.0,109.76,60000.0
1753769376407,06:09:36.407,bitmex,LTC/USDT:USDT,109.72,97000.0,109.71,308000.0,109.74,33000.0,109.76,60000.0
1753769376457,06:09:36.457,bitmex,LTC/USDT:USDT,109.72,97000.0,109.71,308000.0,109.74,33000.0,109.76,60000.0
1753769377208,06:09:37.208,bitmex,LTC/USDT:USDT,109.72,92000.0,109.71,308000.0,109.74,33000.0,109.76,60000.0
1753769377288,06:09:37.288,bitmex,LTC/USDT:USDT,109.72,92000.0,109.71,308000.0,109.74,33000.0,109.76,60000.0
1753769377366,06:09:37.366,bitmex,LTC/USDT:USDT,109.72,92000.0,109.71,308000.0,109.74,33000.0,109.76,60000.0
1753769377426,06:09:37.426,bitmex,LTC/USDT:USDT,109.72,92000.0,109.71,308000.0,109.74,33000.0,109.76,60000.0
1753769377862,06:09:37.862,bitmex,LTC/USDT:USDT,109.72,92000.0,109.71,308000.0,109.74,33000.0,109.76,60000.0
1753769377961,06:09:37.961,bitmex,LTC/USDT:USDT,109.72,92000.0,109.71,308000.0,109.74,33000.0,109.76,60000.0
1753769378059,06:09:38.059,bitmex,LTC/USDT:USDT,109.72,92000.0,109.71,308000.0,109.74,33000.0,109.76,60000.0
1753769379055,06:09:39.055,bitmex,LTC/USDT:USDT,109.71,308000.0,109.7,7000.0,109.72,16000.0,109.74,60000.0
1753769379104,06:09:39.104,bitmex,LTC/USDT:USDT,109.71,308000.0,109.69,15000.0,109.72,16000.0,109.74,60000.0
1753769379153,06:09:39.153,bitmex,LTC/USDT:USDT,109.71,308000.0,109.69,15000.0,109.72,16000.0,109.74,60000.0
1753769379636,06:09:39.636,bitmex,LTC/USDT:USDT,109.71,308000.0,109.69,15000.0,109.72,16000.0,109.74,60000.0
1753769379685,06:09:39.685,bitmex,LTC/USDT:USDT,109.71,308000.0,109.69,15000.0,109.72,16000.0,109.74,60000.0
1753769379734,06:09:39.734,bitmex,LTC/USDT:USDT,109.71,308000.0,109.69,15000.0,109.72,16000.0,109.74,60000.0
1753769380268,06:09:40.268,bitmex,LTC/USDT:USDT,109.71,308000.0,109.69,15000.0,109.72,16000.0,109.74,60000.0
1753769380318,06:09:40.318,bitmex,LTC/USDT:USDT,109.71,308000.0,109.69,15000.0,109.72,16000.0,109.74,60000.0
1753769381394,06:09:41.394,bitmex,LTC/USDT:USDT,109.71,308000.0,109.69,15000.0,109.72,16000.0,109.74,55000.0
1753769381444,06:09:41.444,bitmex,LTC/USDT:USDT,109.71,308000.0,109.69,15000.0,109.72,16000.0,109.74,55000.0
1753769381493,06:09:41.493,bitmex,LTC/USDT:USDT,109.71,308000.0,109.69,15000.0,109.72,16000.0,109.74,55000.0
1753769381997,06:09:41.997,bitmex,LTC/USDT:USDT,109.71,308000.0,109.69,15000.0,109.72,16000.0,109.74,55000.0
1753769382367,06:09:42.367,bitmex,LTC/USDT:USDT,109.71,308000.0,109.69,15000.0,109.72,16000.0,109.74,55000.0
1753769382417,06:09:42.417,bitmex,LTC/USDT:USDT,109.71,308000.0,109.69,15000.0,109.72,16000.0,109.74,55000.0
1753769383614,06:09:43.614,bitmex,LTC/USDT:USDT,109.71,308000.0,109.69,15000.0,109.72,16000.0,109.74,55000.0
1753769383772,06:09:43.772,bitmex,LTC/USDT:USDT,109.71,308000.0,109.69,15000.0,109.72,16000.0,109.74,55000.0
1753769383821,06:09:43.821,bitmex,LTC/USDT:USDT,109.71,308000.0,109.69,15000.0,109.72,16000.0,109.74,55000.0
1753769384280,06:09:44.280,bitmex,LTC/USDT:USDT,109.71,308000.0,109.69,15000.0,109.72,16000.0,109.74,55000.0
1753769384379,06:09:44.379,bitmex,LTC/USDT:USDT,109.71,308000.0,109.69,15000.0,109.72,16000.0,109.74,55000.0
1753769384635,06:09:44.635,bitmex,LTC/USDT:USDT,109.71,308000.0,109.69,15000.0,109.74,55000.0,109.76,5000.0
1753769384685,06:09:44.685,bitmex,LTC/USDT:USDT,109.72,85000.0,109.71,308000.0,109.74,33000.0,109.76,60000.0
1753769384734,06:09:44.734,bitmex,LTC/USDT:USDT,109.72,85000.0,109.71,308000.0,109.76,38000.0,109.78,60000.0
1753769384783,06:09:44.783,bitmex,LTC/USDT:USDT,109.72,85000.0,109.71,308000.0,109.76,38000.0,109.78,60000.0
1753769384832,06:09:44.832,bitmex,LTC/USDT:USDT,109.72,85000.0,109.71,308000.0,109.76,38000.0,109.78,60000.0
1753769384930,06:09:44.930,bitmex,LTC/USDT:USDT,109.72,80000.0,109.71,308000.0,109.75,16000.0,109.77,55000.0
1753769384979,06:09:44.979,bitmex,LTC/USDT:USDT,109.72,80000.0,109.71,308000.0,109.75,16000.0,109.77,55000.0
1753769385028,06:09:45.028,bitmex,LTC/USDT:USDT,109.73,5000.0,109.72,80000.0,109.75,16000.0,109.77,55000.0
1753769385664,06:09:45.664,bitmex,LTC/USDT:USDT,109.73,5000.0,109.72,80000.0,109.75,16000.0,109.77,55000.0
1753769386005,06:09:46.005,bitmex,LTC/USDT:USDT,109.73,5000.0,109.72,80000.0,109.75,16000.0,109.77,55000.0
1753769386055,06:09:46.055,bitmex,LTC/USDT:USDT,109.73,5000.0,109.72,80000.0,109.75,16000.0,109.77,55000.0
1753769386104,06:09:46.104,bitmex,LTC/USDT:USDT,109.72,80000.0,109.71,308000.0,109.74,16000.0,109.76,5000.0
1753769386204,06:09:46.204,bitmex,LTC/USDT:USDT,109.72,80000.0,109.71,308000.0,109.74,16000.0,109.76,60000.0
1753769386254,06:09:46.254,bitmex,LTC/USDT:USDT,109.72,80000.0,109.71,308000.0,109.74,16000.0,109.76,60000.0
1753769386352,06:09:46.352,bitmex,LTC/USDT:USDT,109.72,80000.0,109.71,308000.0,109.74,16000.0,109.76,60000.0
1753769386548,06:09:46.548,bitmex,LTC/USDT:USDT,109.72,80000.0,109.71,308000.0,109.74,16000.0,109.76,60000.0
1753769386641,06:09:46.641,bitmex,LTC/USDT:USDT,109.72,80000.0,109.71,308000.0,109.74,16000.0,109.76,60000.0
1753769387493,06:09:47.493,bitmex,LTC/USDT:USDT,109.71,308000.0,109.7,7000.0,109.74,16000.0,109.76,60000.0
1753769387642,06:09:47.642,bitmex,LTC/USDT:USDT,109.71,308000.0,109.69,15000.0,109.73,16000.0,109.75,56000.0
1753769387718,06:09:47.718,bitmex,LTC/USDT:USDT,109.71,308000.0,109.69,15000.0,109.73,16000.0,109.75,56000.0
1753769387767,06:09:47.767,bitmex,LTC/USDT:USDT,109.71,308000.0,109.69,15000.0,109.73,16000.0,109.75,56000.0
1753769387816,06:09:47.816,bitmex,LTC/USDT:USDT,109.71,308000.0,109.69,15000.0,109.73,16000.0,109.75,56000.0
1753769387873,06:09:47.873,bitmex,LTC/USDT:USDT,109.71,308000.0,109.69,15000.0,109.73,16000.0,109.75,56000.0
1753769387998,06:09:47.998,bitmex,LTC/USDT:USDT,109.71,308000.0,109.69,15000.0,109.73,16000.0,109.75,56000.0
1753769388164,06:09:48.164,bitmex,LTC/USDT:USDT,109.72,5000.0,109.71,308000.0,109.75,33000.0,109.76,5000.0
1753769388354,06:09:48.354,bitmex,LTC/USDT:USDT,109.72,5000.0,109.71,308000.0,109.75,33000.0,109.76,5000.0
1753769388403,06:09:48.403,bitmex,LTC/USDT:USDT,109.72,5000.0,109.71,308000.0,109.75,33000.0,109.77,56000.0
1753769388452,06:09:48.452,bitmex,LTC/USDT:USDT,109.72,5000.0,109.71,308000.0,109.75,33000.0,109.77,56000.0
1753769388501,06:09:48.501,bitmex,LTC/USDT:USDT,109.72,97000.0,109.71,308000.0,109.75,33000.0,109.77,56000.0
1753769388550,06:09:48.550,bitmex,LTC/USDT:USDT,109.73,5000.0,109.72,92000.0,109.75,33000.0,109.77,56000.0
1753769388661,06:09:48.661,bitmex,LTC/USDT:USDT,109.73,5000.0,109.72,92000.0,109.75,33000.0,109.77,56000.0
1753769389010,06:09:49.010,bitmex,LTC/USDT:USDT,109.73,5000.0,109.72,92000.0,109.75,33000.0,109.77,56000.0
1753769389128,06:09:49.128,bitmex,LTC/USDT:USDT,109.72,92000.0,109.71,315000.0,109.75,33000.0,109.77,56000.0
1753769389343,06:09:49.343,bitmex,LTC/USDT:USDT,109.73,5000.0,109.72,92000.0,109.75,33000.0,109.77,56000.0
1753769389768,06:09:49.768,bitmex,LTC/USDT:USDT,109.73,5000.0,109.72,92000.0,109.75,33000.0,109.77,56000.0
1753769389841,06:09:49.841,bitmex,LTC/USDT:USDT,109.73,5000.0,109.72,92000.0,109.75,33000.0,109.77,56000.0
1753769390072,06:09:50.072,bitmex,LTC/USDT:USDT,109.73,5000.0,109.72,92000.0,109.77,33000.0,109.79,56000.0
1753769390121,06:09:50.121,bitmex,LTC/USDT:USDT,109.73,5000.0,109.72,92000.0,109.77,33000.0,109.79,56000.0
1753769390273,06:09:50.273,bitmex,LTC/USDT:USDT,109.73,5000.0,109.72,92000.0,109.77,33000.0,109.79,56000.0
1753769390322,06:09:50.322,bitmex,LTC/USDT:USDT,109.74,308000.0,109.73,5000.0,109.76,16000.0,109.78,61000.0
1753769390371,06:09:50.371,bitmex,LTC/USDT:USDT,109.74,308000.0,109.73,5000.0,109.76,16000.0,109.78,61000.0
1753769390603,06:09:50.603,bitmex,LTC/USDT:USDT,109.74,308000.0,109.73,5000.0,109.76,16000.0,109.78,61000.0
1753769390657,06:09:50.657,bitmex,LTC/USDT:USDT,109.74,308000.0,109.73,5000.0,109.76,16000.0,109.78,61000.0
1753769390706,06:09:50.706,bitmex,LTC/USDT:USDT,109.74,308000.0,109.73,5000.0,109.76,16000.0,109.78,61000.0
1753769390770,06:09:50.770,bitmex,LTC/USDT:USDT,109.74,308000.0,109.73,5000.0,109.76,16000.0,109.78,61000.0
1753769391562,06:09:51.562,bitmex,LTC/USDT:USDT,109.74,308000.0,109.71,7000.0,109.76,16000.0,109.78,61000.0
1753769391611,06:09:51.611,bitmex,LTC/USDT:USDT,109.74,308000.0,109.72,5000.0,109.76,16000.0,109.78,61000.0
1753769392437,06:09:52.437,bitmex,LTC/USDT:USDT,109.74,308000.0,109.72,5000.0,109.75,5000.0,109.76,21000.0
1753769392486,06:09:52.486,bitmex,LTC/USDT:USDT,109.74,308000.0,109.72,5000.0,109.75,16000.0,109.77,5000.0
1753769392535,06:09:52.535,bitmex,LTC/USDT:USDT,109.74,308000.0,109.72,5000.0,109.75,16000.0,109.77,61000.0
1753769392584,06:09:52.584,bitmex,LTC/USDT:USDT,109.74,308000.0,109.72,5000.0,109.75,16000.0,109.77,61000.0
1753769392633,06:09:52.633,bitmex,LTC/USDT:USDT,109.74,308000.0,109.72,5000.0,109.75,16000.0,109.77,61000.0
1753769392682,06:09:52.682,bitmex,LTC/USDT:USDT,109.74,308000.0,109.72,5000.0,109.75,16000.0,109.77,61000.0
1753769392768,06:09:52.768,bitmex,LTC/USDT:USDT,109.74,308000.0,109.72,5000.0,109.75,16000.0,109.77,61000.0
1753769393005,06:09:53.005,bitmex,LTC/USDT:USDT,109.74,308000.0,109.72,5000.0,109.75,16000.0,109.77,61000.0
1753769393055,06:09:53.055,bitmex,LTC/USDT:USDT,109.74,308000.0,109.71,7000.0,109.75,21000.0,109.77,61000.0
1753769393230,06:09:53.230,bitmex,LTC/USDT:USDT,109.71,7000.0,109.69,15000.0,109.75,21000.0,109.77,61000.0
1753769393280,06:09:53.280,bitmex,LTC/USDT:USDT,109.72,308000.0,109.71,7000.0,109.73,16000.0,109.74,5000.0
1753769393329,06:09:53.329,bitmex,LTC/USDT:USDT,109.72,308000.0,109.69,15000.0,109.73,16000.0,109.74,5000.0
1753769393378,06:09:53.378,bitmex,LTC/USDT:USDT,109.72,308000.0,109.69,15000.0,109.73,16000.0,109.74,5000.0
1753769393591,06:09:53.591,bitmex,LTC/USDT:USDT,109.72,308000.0,109.69,15000.0,109.73,21000.0,109.74,5000.0
1753769393640,06:09:53.640,bitmex,LTC/USDT:USDT,109.69,15000.0,109.68,7000.0,109.73,5000.0,109.77,5000.0
1753769393640,06:09:53.640,bitmex,LTC/USDT:USDT,109.69,15000.0,109.68,7000.0,109.71,16000.0,109.73,5000.0
1753769393689,06:09:53.689,bitmex,LTC/USDT:USDT,109.69,15000.0,109.68,7000.0,109.71,16000.0,109.73,61000.0
1753769393738,06:09:53.738,bitmex,LTC/USDT:USDT,109.7,308000.0,109.69,15000.0,109.71,16000.0,109.73,61000.0
1753769393787,06:09:53.787,bitmex,LTC/USDT:USDT,109.7,308000.0,109.69,15000.0,109.71,16000.0,109.73,61000.0
1753769393969,06:09:53.969,bitmex,LTC/USDT:USDT,109.7,308000.0,109.69,15000.0,109.71,16000.0,109.73,61000.0
1753769394238,06:09:54.238,bitmex,LTC/USDT:USDT,109.7,308000.0,109.69,15000.0,109.71,16000.0,109.73,61000.0
1753769394288,06:09:54.288,bitmex,LTC/USDT:USDT,109.7,308000.0,109.69,15000.0,109.71,16000.0,109.73,61000.0
1753769394628,06:09:54.628,bitmex,LTC/USDT:USDT,109.7,308000.0,109.69,15000.0,109.71,16000.0,109.73,56000.0
1753769394677,06:09:54.677,bitmex,LTC/USDT:USDT,109.71,92000.0,109.7,308000.0,109.73,33000.0,109.75,56000.0
1753769395079,06:09:55.079,bitmex,LTC/USDT:USDT,109.71,92000.0,109.7,308000.0,109.73,33000.0,109.75,56000.0
