timestamp,time,exchange,symbol,bid1_price,bid1_volume,bid2_price,bid2_volume,ask1_price,ask1_volume,ask2_price,ask2_volume
1753769518400,06:11:58.400,binanceusdm,XRP/USDT:USDT,3.1397,17051.6,3.1396,17108.1,3.1398,3258.2,3.1399,3363.3
1753769518503,06:11:58.503,binanceusdm,XRP/USDT:USDT,3.1397,17191.2,3.1396,17108.1,3.1398,3313.6,3.1399,3363.3
1753769519268,06:11:59.268,binanceusdm,XRP/USDT:USDT,3.1397,13296.6,3.1396,15516.7,3.1398,3947.9,3.1399,8063.3
1753769519399,06:11:59.399,binanceusdm,XRP/USDT:USDT,3.1397,13324.4,3.1396,15516.7,3.1398,3755.1,3.1399,8063.3
1753769519615,06:11:59.615,binanceusdm,XRP/USDT:USDT,3.1397,14153.4,3.1396,17108.1,3.1398,3755.1,3.1399,8063.3
1753769519854,06:11:59.854,binanceusdm,XRP/USDT:USDT,3.1397,14153.4,3.1396,17108.1,3.1398,3649.3,3.1399,8063.3
1753769519964,06:11:59.964,binanceusdm,XRP/USDT:USDT,3.1397,11199.4,3.1396,15516.7,3.1398,3649.3,3.1399,3363.3
1753769520085,06:12:00.085,binanceusdm,XRP/USDT:USDT,3.1397,11390.6,3.1396,15516.7,3.1398,3649.3,3.1399,3363.3
1753769520193,06:12:00.193,binanceusdm,XRP/USDT:USDT,3.1397,11395.0,3.1396,15516.7,3.1398,3649.3,3.1399,3363.3
1753769520402,06:12:00.402,binanceusdm,XRP/USDT:USDT,3.1397,11406.9,3.1396,17093.6,3.1398,3649.4,3.1399,3363.3
1753769520503,06:12:00.503,binanceusdm,XRP/USDT:USDT,3.1397,15902.1,3.1396,17093.6,3.1398,3649.6,3.1399,3363.3
1753769520809,06:12:00.809,binanceusdm,XRP/USDT:USDT,3.1397,21001.2,3.1396,17093.6,3.1398,3493.4,3.1399,3363.3
1753769520910,06:12:00.910,binanceusdm,XRP/USDT:USDT,3.1397,21019.5,3.1396,17555.0,3.1398,3723.6,3.1399,52.1
1753769521015,06:12:01.015,binanceusdm,XRP/USDT:USDT,3.1397,21478.4,3.1396,17555.0,3.1398,3723.6,3.1399,52.1
1753769521126,06:12:01.126,binanceusdm,XRP/USDT:USDT,3.1397,21481.4,3.1396,15978.1,3.1398,3723.6,3.1399,52.1
1753769521237,06:12:01.237,binanceusdm,XRP/USDT:USDT,3.1397,21692.0,3.1396,15978.1,3.1398,3717.8,3.1399,52.1
1753769521339,06:12:01.339,binanceusdm,XRP/USDT:USDT,3.1397,21691.9,3.1396,15978.1,3.1398,3717.8,3.1399,52.1
1753769521444,06:12:01.444,binanceusdm,XRP/USDT:USDT,3.1397,21619.8,3.1396,15787.3,3.1398,2562.7,3.1399,52.1
1753769521753,06:12:01.753,binanceusdm,XRP/USDT:USDT,3.1397,22239.5,3.1396,17555.0,3.1398,4021.4,3.1399,4752.1
1753769521903,06:12:01.903,binanceusdm,XRP/USDT:USDT,3.1397,22239.0,3.1396,17555.0,3.1398,4019.5,3.1399,52.1
1753769522110,06:12:02.110,binanceusdm,XRP/USDT:USDT,3.1397,22246.2,3.1396,19531.5,3.1398,4019.5,3.1399,52.1
1753769522212,06:12:02.212,binanceusdm,XRP/USDT:USDT,3.1397,24546.2,3.1396,19340.7,3.1398,4022.7,3.1399,52.1
1753769522734,06:12:02.734,binanceusdm,XRP/USDT:USDT,3.1397,22329.6,3.1396,19454.3,3.1398,4023.1,3.1399,4752.1
1753769522843,06:12:02.843,binanceusdm,XRP/USDT:USDT,3.1397,22329.6,3.1396,19454.3,3.1398,4023.1,3.1399,4752.1
1753769522944,06:12:02.944,binanceusdm,XRP/USDT:USDT,3.1397,22329.6,3.1396,19454.3,3.1398,4023.1,3.1399,4752.1
1753769523056,06:12:03.056,binanceusdm,XRP/USDT:USDT,3.1397,22329.6,3.1396,19580.8,3.1398,4023.1,3.1399,52.1
1753769523159,06:12:03.159,binanceusdm,XRP/USDT:USDT,3.1397,22329.6,3.1396,19580.8,3.1398,4023.1,3.1399,52.1
1753769523261,06:12:03.261,binanceusdm,XRP/USDT:USDT,3.1397,22328.7,3.1396,19580.8,3.1398,4023.1,3.1399,52.1
1753769523671,06:12:03.671,binanceusdm,XRP/USDT:USDT,3.1397,20432.3,3.1396,19580.8,3.1398,4036.5,3.1399,4752.1
1753769523995,06:12:03.995,binanceusdm,XRP/USDT:USDT,3.1397,22715.3,3.1396,19542.0,3.1398,3656.5,3.1399,4752.1
1753769524100,06:12:04.100,binanceusdm,XRP/USDT:USDT,3.1397,22715.3,3.1396,19542.0,3.1398,3646.4,3.1399,4752.1
1753769524204,06:12:04.204,binanceusdm,XRP/USDT:USDT,3.1397,22715.3,3.1396,18081.1,3.1398,4090.2,3.1399,4752.1
1753769524329,06:12:04.329,binanceusdm,XRP/USDT:USDT,3.1397,22714.3,3.1396,18081.1,3.1398,4087.7,3.1399,4752.1
1753769524432,06:12:04.432,binanceusdm,XRP/USDT:USDT,3.1397,22662.5,3.1396,18081.1,3.1398,8787.7,3.1399,4752.1
1753769524742,06:12:04.742,binanceusdm,XRP/USDT:USDT,3.1397,7969.2,3.1396,17890.3,3.1398,18633.4,3.1399,12285.1
1753769524844,06:12:04.844,binanceusdm,XRP/USDT:USDT,3.1397,9727.6,3.1396,17890.3,3.1398,15451.2,3.1399,9374.8
1753769524945,06:12:04.945,binanceusdm,XRP/USDT:USDT,3.1397,9685.9,3.1396,17428.9,3.1398,15171.1,3.1399,10878.7
1753769525046,06:12:05.046,binanceusdm,XRP/USDT:USDT,3.1397,9968.5,3.1396,17428.9,3.1398,15035.5,3.1399,8101.5
1753769525149,06:12:05.149,binanceusdm,XRP/USDT:USDT,3.1397,10137.0,3.1396,17428.9,3.1398,15035.5,3.1399,8101.5
1753769525251,06:12:05.251,binanceusdm,XRP/USDT:USDT,3.1397,9303.1,3.1396,17428.9,3.1398,15120.9,3.1399,8101.5
1753769525355,06:12:05.355,binanceusdm,XRP/USDT:USDT,3.1397,17657.9,3.1396,15901.6,3.1398,7627.5,3.1399,3418.3
1753769525458,06:12:05.458,binanceusdm,XRP/USDT:USDT,3.1397,14800.8,3.1396,15901.6,3.1398,7618.5,3.1399,4785.0
1753769525677,06:12:05.677,binanceusdm,XRP/USDT:USDT,3.1397,17112.1,3.1396,15901.6,3.1398,3515.3,3.1399,3418.3
1753769525982,06:12:05.982,binanceusdm,XRP/USDT:USDT,3.1397,17067.7,3.1396,15901.6,3.1398,3826.2,3.1399,3418.3
1753769526084,06:12:06.084,binanceusdm,XRP/USDT:USDT,3.1397,17067.7,3.1396,15901.6,3.1398,3826.2,3.1399,3418.3
1753769526410,06:12:06.410,binanceusdm,XRP/USDT:USDT,3.1397,17930.0,3.1396,17223.1,3.1398,3810.8,3.1399,52.1
1753769526617,06:12:06.617,binanceusdm,XRP/USDT:USDT,3.1397,22630.0,3.1396,17223.1,3.1398,3808.0,3.1399,52.1
1753769526730,06:12:06.730,binanceusdm,XRP/USDT:USDT,3.1397,21769.9,3.1396,16363.0,3.1398,3808.0,3.1399,52.1
1753769526854,06:12:06.854,binanceusdm,XRP/USDT:USDT,3.1397,21769.9,3.1396,16363.0,3.1398,3808.0,3.1399,52.1
1753769526967,06:12:06.967,binanceusdm,XRP/USDT:USDT,3.1397,21769.9,3.1396,16363.0,3.1398,3808.0,3.1399,52.1
1753769527070,06:12:07.070,binanceusdm,XRP/USDT:USDT,3.1397,21769.9,3.1396,16363.0,3.1398,3808.0,3.1399,52.1
1753769527174,06:12:07.174,binanceusdm,XRP/USDT:USDT,3.1397,17070.6,3.1396,16363.0,3.1398,3555.9,3.1399,52.1
1753769527276,06:12:07.276,binanceusdm,XRP/USDT:USDT,3.1397,17146.2,3.1396,16363.0,3.1398,3555.9,3.1399,52.1
1753769527402,06:12:07.402,binanceusdm,XRP/USDT:USDT,3.1397,17333.7,3.1396,15981.4,3.1398,3562.9,3.1399,52.1
1753769527504,06:12:07.504,binanceusdm,XRP/USDT:USDT,3.1397,17142.9,3.1396,16365.7,3.1398,3562.9,3.1399,52.1
1753769527609,06:12:07.609,binanceusdm,XRP/USDT:USDT,3.1397,17333.7,3.1396,15984.1,3.1398,3603.5,3.1399,52.1
1753769528127,06:12:08.127,binanceusdm,XRP/USDT:USDT,3.1397,17617.4,3.1396,18682.5,3.1398,3785.0,3.1399,52.1
1753769528230,06:12:08.230,binanceusdm,XRP/USDT:USDT,3.1397,17620.5,3.1396,18682.5,3.1398,3785.0,3.1399,52.1
1753769528332,06:12:08.332,binanceusdm,XRP/USDT:USDT,3.1397,17626.9,3.1396,18682.5,3.1398,3785.0,3.1399,52.1
1753769528543,06:12:08.543,binanceusdm,XRP/USDT:USDT,3.1397,17147.2,3.1396,19159.5,3.1398,8680.1,3.1399,4752.1
1753769528655,06:12:08.655,binanceusdm,XRP/USDT:USDT,3.1397,17147.2,3.1396,19127.7,3.1398,11680.9,3.1399,4752.1
1753769528776,06:12:08.776,binanceusdm,XRP/USDT:USDT,3.1397,16270.7,3.1396,19127.7,3.1398,11680.9,3.1399,4752.1
1753769528879,06:12:08.879,binanceusdm,XRP/USDT:USDT,3.1397,9276.6,3.1396,18936.9,3.1398,22125.8,3.1399,10774.4
1753769529034,06:12:09.034,binanceusdm,XRP/USDT:USDT,3.1397,9276.6,3.1396,18939.6,3.1398,22027.9,3.1399,10774.4
1753769529136,06:12:09.136,binanceusdm,XRP/USDT:USDT,3.1397,11572.2,3.1396,18478.1,3.1398,14376.4,3.1399,4716.6
1753769529245,06:12:09.245,binanceusdm,XRP/USDT:USDT,3.1397,12253.3,3.1396,18478.1,3.1398,16704.2,3.1399,4716.6
1753769530037,06:12:10.037,binanceusdm,XRP/USDT:USDT,3.1397,9706.1,3.1396,18478.1,3.1398,18340.2,3.1399,4716.6
1753769530140,06:12:10.140,binanceusdm,XRP/USDT:USDT,3.1397,12309.3,3.1396,18676.1,3.1398,18265.6,3.1399,4716.6
1753769530243,06:12:10.243,binanceusdm,XRP/USDT:USDT,3.1397,12624.4,3.1396,18866.9,3.1398,7286.9,3.1399,4665.5
1753769530362,06:12:10.362,binanceusdm,XRP/USDT:USDT,3.1397,12624.3,3.1396,18866.9,3.1398,7286.9,3.1399,4616.6
1753769530483,06:12:10.483,binanceusdm,XRP/USDT:USDT,3.1397,12898.3,3.1396,18866.9,3.1398,7286.9,3.1399,4616.6
1753769530587,06:12:10.587,binanceusdm,XRP/USDT:USDT,3.1397,12898.9,3.1396,18866.9,3.1398,7348.5,3.1399,4616.6
1753769530699,06:12:10.699,binanceusdm,XRP/USDT:USDT,3.1399,10078.0,3.1398,62134.7,3.14,326.8,3.1401,33.2
1753769531422,06:12:11.422,binanceusdm,XRP/USDT:USDT,3.1401,33015.0,3.14,46547.4,3.1402,6429.0,3.1403,5418.9
1753769531526,06:12:11.526,binanceusdm,XRP/USDT:USDT,3.1401,33266.8,3.14,46547.4,3.1402,11129.0,3.1403,10118.9
1753769531627,06:12:11.627,binanceusdm,XRP/USDT:USDT,3.1401,33580.0,3.14,46547.4,3.1402,8399.0,3.1403,9359.2
1753769531739,06:12:11.739,binanceusdm,XRP/USDT:USDT,3.1401,33625.3,3.14,50413.2,3.1402,1299.9,3.1403,4659.2
1753769531960,06:12:11.960,binanceusdm,XRP/USDT:USDT,3.1401,33747.4,3.14,50415.6,3.1402,3605.3,3.1403,4659.2
1753769532109,06:12:12.109,binanceusdm,XRP/USDT:USDT,3.1401,33863.8,3.14,50415.6,3.1402,3605.3,3.1403,4672.0
1753769532229,06:12:12.229,binanceusdm,XRP/USDT:USDT,3.1401,33846.1,3.14,50290.4,3.1402,7628.8,3.1403,4672.0
1753769532330,06:12:12.330,binanceusdm,XRP/USDT:USDT,3.1401,8855.4,3.14,35374.2,3.1402,15352.5,3.1403,5721.5
1753769532434,06:12:12.434,binanceusdm,XRP/USDT:USDT,3.1401,5354.9,3.14,7423.2,3.1402,21593.3,3.1403,14613.5
1753769532538,06:12:12.538,binanceusdm,XRP/USDT:USDT,3.1401,5355.4,3.14,9416.2,3.1402,21593.3,3.1403,13632.1
1753769532643,06:12:12.643,binanceusdm,XRP/USDT:USDT,3.1401,5355.4,3.14,9416.2,3.1402,21252.1,3.1403,7565.4
1753769532746,06:12:12.746,binanceusdm,XRP/USDT:USDT,3.1401,5224.7,3.14,9416.2,3.1402,13391.8,3.1403,7346.3
1753769533527,06:12:13.527,binanceusdm,XRP/USDT:USDT,3.1401,13921.0,3.14,12337.0,3.1402,13273.0,3.1403,6586.7
1753769533629,06:12:13.629,binanceusdm,XRP/USDT:USDT,3.1401,13921.0,3.14,12337.0,3.1402,13273.0,3.1403,6586.7
1753769533734,06:12:13.734,binanceusdm,XRP/USDT:USDT,3.1401,13928.2,3.14,12337.0,3.1402,13273.0,3.1403,6586.7
1753769533835,06:12:13.835,binanceusdm,XRP/USDT:USDT,3.1401,16445.9,3.14,18011.4,3.1402,13165.9,3.1403,6586.7
1753769533960,06:12:13.960,binanceusdm,XRP/USDT:USDT,3.1401,16445.9,3.14,18011.4,3.1402,11337.9,3.1403,6586.7
1753769534064,06:12:14.064,binanceusdm,XRP/USDT:USDT,3.1401,16445.9,3.14,18011.4,3.1402,10851.6,3.1403,6598.4
1753769534285,06:12:14.285,binanceusdm,XRP/USDT:USDT,3.1401,16574.7,3.14,18472.9,3.1402,3798.3,3.1403,4683.7
1753769534386,06:12:14.386,binanceusdm,XRP/USDT:USDT,3.1401,16574.7,3.14,18472.9,3.1402,3812.0,3.1403,4683.7
1753769534488,06:12:14.488,binanceusdm,XRP/USDT:USDT,3.1401,16948.3,3.14,18472.9,3.1402,3812.0,3.1403,4683.7
1753769534591,06:12:14.591,binanceusdm,XRP/USDT:USDT,3.1401,16956.2,3.14,18472.9,3.1402,6212.0,3.1403,4579.9
1753769535247,06:12:15.247,binanceusdm,XRP/USDT:USDT,3.1401,17747.2,3.14,18489.7,3.1402,12040.9,3.1403,9366.5
1753769535348,06:12:15.348,binanceusdm,XRP/USDT:USDT,3.1401,14231.9,3.14,18489.7,3.1402,8742.2,3.1403,6130.6
1753769535449,06:12:15.449,binanceusdm,XRP/USDT:USDT,3.1401,18690.0,3.14,19360.3,3.1402,8742.2,3.1403,6062.5
1753769535552,06:12:15.552,binanceusdm,XRP/USDT:USDT,3.1401,18690.0,3.14,19360.3,3.1402,1876.5,3.1403,4646.9
1753769535998,06:12:15.998,binanceusdm,XRP/USDT:USDT,3.1401,14731.2,3.14,18489.7,3.1402,5277.2,3.1403,4646.9
1753769536104,06:12:16.104,binanceusdm,XRP/USDT:USDT,3.1401,14638.0,3.14,18489.7,3.1402,5278.9,3.1403,4646.9
1753769536213,06:12:16.213,binanceusdm,XRP/USDT:USDT,3.1401,14646.7,3.14,18489.7,3.1402,3446.0,3.1403,4646.9
1753769536318,06:12:16.318,binanceusdm,XRP/USDT:USDT,3.1401,17652.5,3.14,18832.3,3.1402,3432.9,3.1403,6090.0
1753769536421,06:12:16.421,binanceusdm,XRP/USDT:USDT,3.1401,17652.5,3.14,19667.6,3.1402,3219.2,3.1403,6090.0
1753769536628,06:12:16.628,binanceusdm,XRP/USDT:USDT,3.1401,17655.0,3.14,18832.3,3.1402,3363.2,3.1403,6090.0
1753769536730,06:12:16.730,binanceusdm,XRP/USDT:USDT,3.1401,17655.0,3.14,18832.3,3.1402,3363.2,3.1403,6090.0
1753769536836,06:12:16.836,binanceusdm,XRP/USDT:USDT,3.1401,17655.0,3.14,18832.3,3.1402,1199.9,3.1403,6090.0
1753769536949,06:12:16.949,binanceusdm,XRP/USDT:USDT,3.1401,17655.0,3.14,18832.3,3.1402,1199.9,3.1403,8369.4
1753769537973,06:12:17.973,binanceusdm,XRP/USDT:USDT,3.1406,49549.7,3.1405,36104.6,3.1407,4636.9,3.1408,7717.6
1753769538075,06:12:18.075,binanceusdm,XRP/USDT:USDT,3.1406,29797.5,3.1405,31925.9,3.1407,3263.9,3.1408,7715.8
1753769538179,06:12:18.179,binanceusdm,XRP/USDT:USDT,3.1406,22167.5,3.1405,32116.7,3.1407,7334.1,3.1408,7715.8
1753769538282,06:12:18.282,binanceusdm,XRP/USDT:USDT,3.1406,22517.5,3.1405,31608.8,3.1407,11238.9,3.1408,7715.8
1753769538383,06:12:18.383,binanceusdm,XRP/USDT:USDT,3.1406,28842.8,3.1405,31603.9,3.1407,11248.5,3.1408,7715.8
1753769538494,06:12:18.494,binanceusdm,XRP/USDT:USDT,3.1406,29115.5,3.1405,31622.1,3.1407,11248.5,3.1408,5422.6
1753769538597,06:12:18.597,binanceusdm,XRP/USDT:USDT,3.1406,29177.3,3.1405,31622.1,3.1407,11248.5,3.1408,5422.6
1753769538716,06:12:18.716,binanceusdm,XRP/USDT:USDT,3.1406,27705.3,3.1405,37165.8,3.1407,13576.2,3.1408,5422.6
1753769538818,06:12:18.818,binanceusdm,XRP/USDT:USDT,3.1406,24526.9,3.1405,23558.4,3.1407,13603.2,3.1408,6227.9
1753769539024,06:12:19.024,binanceusdm,XRP/USDT:USDT,3.1402,18487.4,3.1401,9170.3,3.1403,11038.7,3.1404,2941.6
1753769539439,06:12:19.439,binanceusdm,XRP/USDT:USDT,3.1406,41180.9,3.1405,38055.5,3.1407,597.8,3.1408,6134.3
1753769540374,06:12:20.374,binanceusdm,XRP/USDT:USDT,3.1406,44722.5,3.1405,35936.8,3.1407,470.1,3.1408,2436.9
1753769540578,06:12:20.578,binanceusdm,XRP/USDT:USDT,3.1408,51686.5,3.1407,36147.0,3.1409,525.8,3.141,2868.6
1753769540890,06:12:20.890,binanceusdm,XRP/USDT:USDT,3.1408,51577.8,3.1407,35956.2,3.1409,371.9,3.141,2637.1
1753769541095,06:12:21.095,binanceusdm,XRP/USDT:USDT,3.1408,51700.7,3.1407,35958.6,3.1409,326.1,3.141,2643.1
1753769541303,06:12:21.303,binanceusdm,XRP/USDT:USDT,3.1408,49806.1,3.1407,35958.6,3.1409,326.1,3.141,2643.1
1753769541405,06:12:21.405,binanceusdm,XRP/USDT:USDT,3.1408,49818.6,3.1407,35958.6,3.1409,352.6,3.141,2643.1
1753769541815,06:12:21.815,binanceusdm,XRP/USDT:USDT,3.1409,45737.8,3.1408,42513.0,3.141,3323.3,3.1411,5815.5
1753769541920,06:12:21.920,binanceusdm,XRP/USDT:USDT,3.1409,45567.1,3.1408,42492.9,3.141,3323.3,3.1411,5815.5
1753769542024,06:12:22.024,binanceusdm,XRP/USDT:USDT,3.1409,45567.1,3.1408,42492.9,3.141,3510.6,3.1411,5815.5
1753769542650,06:12:22.650,binanceusdm,XRP/USDT:USDT,3.1406,14425.0,3.1405,17608.2,3.1407,10189.8,3.1408,24060.5
1753769542754,06:12:22.754,binanceusdm,XRP/USDT:USDT,3.1406,12043.2,3.1405,18811.7,3.1407,14240.2,3.1408,24060.5
1753769542858,06:12:22.858,binanceusdm,XRP/USDT:USDT,3.1406,14963.2,3.1405,19002.5,3.1407,9025.0,3.1408,21732.8
1753769542990,06:12:22.990,binanceusdm,XRP/USDT:USDT,3.1406,14963.2,3.1405,19002.5,3.1407,4461.7,3.1408,16517.6
1753769543296,06:12:23.296,binanceusdm,XRP/USDT:USDT,3.1406,15644.4,3.1405,21964.0,3.1407,411.3,3.1408,198.5
1753769543402,06:12:23.402,binanceusdm,XRP/USDT:USDT,3.1406,17795.6,3.1405,21969.3,3.1407,3611.3,3.1408,198.5
1753769543896,06:12:23.896,binanceusdm,XRP/USDT:USDT,3.1406,11736.9,3.1405,20193.4,3.1407,1252.0,3.1408,6978.9
1753769543999,06:12:23.999,binanceusdm,XRP/USDT:USDT,3.1406,11546.1,3.1405,20575.0,3.1407,1252.0,3.1408,7781.2
1753769544102,06:12:24.102,binanceusdm,XRP/USDT:USDT,3.1406,11570.3,3.1405,22512.2,3.1407,1253.6,3.1408,7811.3
1753769544215,06:12:24.215,binanceusdm,XRP/USDT:USDT,3.1406,11570.3,3.1405,22512.2,3.1407,1253.6,3.1408,7811.3
1753769544430,06:12:24.430,binanceusdm,XRP/USDT:USDT,3.1406,11430.5,3.1405,20575.0,3.1407,4452.4,3.1408,7811.3
1753769544532,06:12:24.532,binanceusdm,XRP/USDT:USDT,3.1406,11432.3,3.1405,20575.0,3.1407,4452.4,3.1408,7811.3
1753769544634,06:12:24.634,binanceusdm,XRP/USDT:USDT,3.1406,11432.3,3.1405,22489.9,3.1407,4452.4,3.1408,7811.3
1753769544738,06:12:24.738,binanceusdm,XRP/USDT:USDT,3.1406,11434.9,3.1405,22489.9,3.1407,4450.3,3.1408,7811.3
1753769544846,06:12:24.846,binanceusdm,XRP/USDT:USDT,3.1406,11435.0,3.1405,22489.9,3.1407,4450.3,3.1408,7811.3
1753769544950,06:12:24.950,binanceusdm,XRP/USDT:USDT,3.1406,11913.5,3.1405,22489.9,3.1407,4448.4,3.1408,7811.3
1753769545053,06:12:25.053,binanceusdm,XRP/USDT:USDT,3.1406,11910.4,3.1405,22489.9,3.1407,224.5,3.1408,7811.3
1753769545155,06:12:25.155,binanceusdm,XRP/USDT:USDT,3.1406,11910.4,3.1405,22489.9,3.1407,224.5,3.1408,7811.3
1753769545268,06:12:25.268,binanceusdm,XRP/USDT:USDT,3.1407,34528.7,3.1406,22140.9,3.1408,222.5,3.1409,5988.9
1753769545370,06:12:25.370,binanceusdm,XRP/USDT:USDT,3.1407,34573.8,3.1406,22268.2,3.1408,4019.5,3.1409,5988.9
1753769545472,06:12:25.472,binanceusdm,XRP/USDT:USDT,3.1407,34692.3,3.1406,22268.2,3.1408,4024.8,3.1409,5988.9
1753769545573,06:12:25.573,binanceusdm,XRP/USDT:USDT,3.1407,34692.3,3.1406,22268.2,3.1408,3998.1,3.1409,5988.9
1753769545677,06:12:25.677,binanceusdm,XRP/USDT:USDT,3.1407,34699.5,3.1406,22268.2,3.1408,3998.1,3.1409,5988.9
1753769545781,06:12:25.781,binanceusdm,XRP/USDT:USDT,3.1407,34723.7,3.1406,22268.2,3.1408,4972.7,3.1409,5186.6
1753769545883,06:12:25.883,binanceusdm,XRP/USDT:USDT,3.1407,26212.0,3.1406,22268.2,3.1408,16845.9,3.1409,5186.6
1753769546729,06:12:26.729,binanceusdm,XRP/USDT:USDT,3.1407,4620.2,3.1406,17682.4,3.1408,20121.0,3.1409,3116.2
1753769546954,06:12:26.954,binanceusdm,XRP/USDT:USDT,3.1407,4482.5,3.1406,17682.4,3.1408,20118.4,3.1409,2676.2
1753769547286,06:12:27.286,binanceusdm,XRP/USDT:USDT,3.1407,7960.8,3.1406,17682.4,3.1408,20170.0,3.1409,3060.5
1753769547526,06:12:27.526,binanceusdm,XRP/USDT:USDT,3.1407,10434.7,3.1406,14525.2,3.1408,20123.1,3.1409,3060.5
1753769547629,06:12:27.629,binanceusdm,XRP/USDT:USDT,3.1407,10443.8,3.1406,14525.2,3.1408,20009.1,3.1409,3060.5
1753769547731,06:12:27.731,binanceusdm,XRP/USDT:USDT,3.1407,12771.5,3.1406,14525.2,3.1408,20009.1,3.1409,3060.5
1753769548505,06:12:28.505,binanceusdm,XRP/USDT:USDT,3.1407,13789.6,3.1406,14088.2,3.1408,9000.5,3.1409,3060.5
1753769548608,06:12:28.608,binanceusdm,XRP/USDT:USDT,3.1407,13795.8,3.1406,14095.1,3.1408,9496.5,3.1409,3060.5
1753769549024,06:12:29.024,binanceusdm,XRP/USDT:USDT,3.1407,10232.6,3.1406,13904.3,3.1408,11776.5,3.1409,3060.5
1753769549134,06:12:29.134,binanceusdm,XRP/USDT:USDT,3.1407,6540.1,3.1406,13904.3,3.1408,12751.1,3.1409,4047.1
1753769550327,06:12:30.327,binanceusdm,XRP/USDT:USDT,3.1407,10877.9,3.1406,5441.1,3.1408,18766.0,3.1409,7948.9
1753769552415,06:12:32.415,binanceusdm,XRP/USDT:USDT,3.1417,38630.5,3.1416,46259.9,3.1418,3977.8,3.1419,5597.9
1753769552619,06:12:32.619,binanceusdm,XRP/USDT:USDT,3.1417,38857.9,3.1416,46040.4,3.1418,3881.0,3.1419,5597.9
1753769553927,06:12:33.927,binanceusdm,XRP/USDT:USDT,3.1419,49187.6,3.1418,46876.2,3.142,692.3,3.1421,2425.8
1753769554031,06:12:34.031,binanceusdm,XRP/USDT:USDT,3.1419,49187.6,3.1418,46876.2,3.142,453.8,3.1421,2425.8
1753769554134,06:12:34.134,binanceusdm,XRP/USDT:USDT,3.1419,49187.6,3.1418,46876.2,3.142,5155.4,3.1421,2425.8
1753769554238,06:12:34.238,binanceusdm,XRP/USDT:USDT,3.1419,49187.6,3.1418,44484.7,3.142,5157.1,3.1421,2425.8
1753769554341,06:12:34.341,binanceusdm,XRP/USDT:USDT,3.1419,49187.6,3.1418,44487.1,3.142,5157.1,3.1421,2425.8
1753769554444,06:12:34.444,binanceusdm,XRP/USDT:USDT,3.142,55978.4,3.1419,39076.7,3.1421,410.3,3.1422,247.7
1753769554545,06:12:34.545,binanceusdm,XRP/USDT:USDT,3.142,54842.0,3.1419,38111.3,3.1421,2993.7,3.1422,2977.7
1753769554855,06:12:34.855,binanceusdm,XRP/USDT:USDT,3.142,55526.3,3.1419,33791.6,3.1421,405.0,3.1422,2818.7
1753769554956,06:12:34.956,binanceusdm,XRP/USDT:USDT,3.142,55397.0,3.1419,33982.4,3.1421,197.6,3.1422,88.7
1753769555057,06:12:35.057,binanceusdm,XRP/USDT:USDT,3.1421,47834.4,3.142,49286.5,3.1422,2188.8,3.1423,191.8
1753769555161,06:12:35.161,binanceusdm,XRP/USDT:USDT,3.1421,41264.9,3.142,49287.3,3.1422,2488.8,3.1423,172.7
1753769555295,06:12:35.295,binanceusdm,XRP/USDT:USDT,3.1421,36514.5,3.142,49480.5,3.1422,7188.8,3.1423,172.7
1753769555398,06:12:35.398,binanceusdm,XRP/USDT:USDT,3.1421,36542.9,3.142,45142.5,3.1422,7188.8,3.1423,172.7
1753769555499,06:12:35.499,binanceusdm,XRP/USDT:USDT,3.1421,37252.4,3.142,46161.7,3.1422,5444.7,3.1423,172.7
1753769555600,06:12:35.600,binanceusdm,XRP/USDT:USDT,3.1421,13456.3,3.142,36333.8,3.1422,15383.6,3.1423,172.7
1753769555915,06:12:35.915,binanceusdm,XRP/USDT:USDT,3.1421,13579.0,3.142,36063.1,3.1422,12154.6,3.1423,6594.4
1753769556044,06:12:36.044,binanceusdm,XRP/USDT:USDT,3.1421,13579.0,3.142,36063.1,3.1422,11315.6,3.1423,6761.4
1753769556149,06:12:36.149,binanceusdm,XRP/USDT:USDT,3.1421,13579.0,3.142,36063.1,3.1422,10517.3,3.1423,6761.4
1753769556265,06:12:36.265,binanceusdm,XRP/USDT:USDT,3.1421,13397.8,3.142,36063.1,3.1422,10499.1,3.1423,7908.7
1753769556684,06:12:36.684,binanceusdm,XRP/USDT:USDT,3.1421,14430.5,3.142,27617.9,3.1422,19473.1,3.1423,9150.5
1753769557264,06:12:37.264,binanceusdm,XRP/USDT:USDT,3.1421,15316.7,3.142,27617.9,3.1422,17007.3,3.1423,3303.2
1753769557892,06:12:37.892,binanceusdm,XRP/USDT:USDT,3.1421,15212.8,3.142,29703.3,3.1422,14364.9,3.1423,3304.9
1753769558099,06:12:38.099,binanceusdm,XRP/USDT:USDT,3.1421,15212.8,3.142,27808.7,3.1422,14692.3,3.1423,3304.9
1753769558221,06:12:38.221,binanceusdm,XRP/USDT:USDT,3.1421,15404.5,3.142,27426.2,3.1422,17232.3,3.1423,3304.9
1753769558327,06:12:38.327,binanceusdm,XRP/USDT:USDT,3.1421,15469.4,3.142,27364.7,3.1422,17584.1,3.1423,3304.9
1753769558436,06:12:38.436,binanceusdm,XRP/USDT:USDT,3.1421,15825.9,3.142,23137.4,3.1422,18564.1,3.1423,3304.9
1753769558545,06:12:38.545,binanceusdm,XRP/USDT:USDT,3.1421,15979.1,3.142,23137.4,3.1422,18535.0,3.1423,3304.9
1753769558649,06:12:38.649,binanceusdm,XRP/USDT:USDT,3.1421,15981.2,3.142,23137.4,3.1422,18535.0,3.1423,3304.9
1753769558758,06:12:38.758,binanceusdm,XRP/USDT:USDT,3.1421,15940.3,3.142,23137.4,3.1422,19489.7,3.1423,4087.2
1753769558904,06:12:38.904,binanceusdm,XRP/USDT:USDT,3.1421,15940.3,3.142,23137.4,3.1422,19483.5,3.1423,4087.2
1753769559117,06:12:39.117,binanceusdm,XRP/USDT:USDT,3.1421,15947.2,3.142,23137.4,3.1422,19483.5,3.1423,4082.2
1753769559250,06:12:39.250,binanceusdm,XRP/USDT:USDT,3.1421,15978.6,3.142,24891.4,3.1422,17646.2,3.1423,4082.2
1753769559353,06:12:39.353,binanceusdm,XRP/USDT:USDT,3.1421,5480.6,3.142,8688.6,3.1422,24048.8,3.1423,8886.8
1753769559454,06:12:39.454,binanceusdm,XRP/USDT:USDT,3.1421,5617.8,3.142,11418.6,3.1422,20970.2,3.1423,4186.8
1753769559556,06:12:39.556,binanceusdm,XRP/USDT:USDT,3.1421,5802.0,3.142,11418.6,3.1422,20899.4,3.1423,4186.8
1753769559658,06:12:39.658,binanceusdm,XRP/USDT:USDT,3.1421,6332.3,3.142,11418.6,3.1422,22068.9,3.1423,4186.8
1753769559764,06:12:39.764,binanceusdm,XRP/USDT:USDT,3.1421,6271.2,3.142,11418.6,3.1422,22007.8,3.1423,4186.8
1753769559874,06:12:39.874,binanceusdm,XRP/USDT:USDT,3.1421,5683.6,3.142,11418.6,3.1422,21978.6,3.1423,4186.8
1753769559978,06:12:39.978,binanceusdm,XRP/USDT:USDT,3.1421,5745.9,3.142,11418.6,3.1422,21861.6,3.1423,4186.8
1753769560079,06:12:40.079,binanceusdm,XRP/USDT:USDT,3.1421,5929.6,3.142,12908.7,3.1422,21519.4,3.1423,5449.7
1753769560182,06:12:40.182,binanceusdm,XRP/USDT:USDT,3.1421,5983.6,3.142,11220.6,3.1422,21486.5,3.1423,5449.7
1753769560388,06:12:40.388,binanceusdm,XRP/USDT:USDT,3.1421,6534.3,3.142,11220.6,3.1422,24844.0,3.1423,5449.7
1753769560495,06:12:40.495,binanceusdm,XRP/USDT:USDT,3.1421,6873.9,3.142,11220.6,3.1422,24844.0,3.1423,5449.7
1753769560601,06:12:40.601,binanceusdm,XRP/USDT:USDT,3.1421,6924.7,3.142,11220.6,3.1422,24471.5,3.1423,6407.6
1753769560839,06:12:40.839,binanceusdm,XRP/USDT:USDT,3.1421,6879.9,3.142,11220.6,3.1422,23613.2,3.1423,6887.3
1753769560941,06:12:40.941,binanceusdm,XRP/USDT:USDT,3.1421,6879.9,3.142,11220.6,3.1422,23878.5,3.1423,6887.3
1753769561060,06:12:41.060,binanceusdm,XRP/USDT:USDT,3.1421,6879.9,3.142,11220.6,3.1422,24081.2,3.1423,6887.3
1753769561164,06:12:41.164,binanceusdm,XRP/USDT:USDT,3.1421,6879.9,3.142,11220.6,3.1422,24640.9,3.1423,6919.1
1753769561290,06:12:41.290,binanceusdm,XRP/USDT:USDT,3.1421,6878.2,3.142,11220.6,3.1422,24640.9,3.1423,6919.1
1753769561399,06:12:41.399,binanceusdm,XRP/USDT:USDT,3.1421,6878.2,3.142,11220.6,3.1422,24708.0,3.1423,6919.1
1753769561502,06:12:41.502,binanceusdm,XRP/USDT:USDT,3.1421,6997.3,3.142,11220.6,3.1422,24708.0,3.1423,6887.3
1753769561614,06:12:41.614,binanceusdm,XRP/USDT:USDT,3.1421,7064.7,3.142,12831.9,3.1422,23514.5,3.1423,6887.3
1753769561716,06:12:41.716,binanceusdm,XRP/USDT:USDT,3.1421,7064.8,3.142,11220.6,3.1422,23395.7,3.1423,6887.3
1753769561849,06:12:41.849,binanceusdm,XRP/USDT:USDT,3.1421,11975.5,3.142,12836.1,3.1422,23395.7,3.1423,6407.6
1753769561954,06:12:41.954,binanceusdm,XRP/USDT:USDT,3.1421,12012.6,3.142,16120.6,3.1422,22563.1,3.1423,6245.6
1753769562160,06:12:42.160,binanceusdm,XRP/USDT:USDT,3.1421,10414.5,3.142,14523.3,3.1422,17879.7,3.1423,6657.4
1753769562262,06:12:42.262,binanceusdm,XRP/USDT:USDT,3.1421,10414.4,3.142,14523.3,3.1422,19735.7,3.1423,6657.4
1753769562369,06:12:42.369,binanceusdm,XRP/USDT:USDT,3.1421,10470.2,3.142,14523.3,3.1422,19735.8,3.1423,6657.4
1753769562487,06:12:42.487,binanceusdm,XRP/USDT:USDT,3.1421,10469.7,3.142,14523.3,3.1422,20690.5,3.1423,6657.4
1753769562693,06:12:42.693,binanceusdm,XRP/USDT:USDT,3.1421,10471.5,3.142,14523.3,3.1422,19552.8,3.1423,6657.4
1753769562800,06:12:42.800,binanceusdm,XRP/USDT:USDT,3.1421,10008.9,3.142,14523.3,3.1422,20128.2,3.1423,6657.4
1753769562923,06:12:42.923,binanceusdm,XRP/USDT:USDT,3.1421,10008.9,3.142,14523.3,3.1422,20959.9,3.1423,6657.4
1753769563043,06:12:43.043,binanceusdm,XRP/USDT:USDT,3.1421,10008.9,3.142,16079.3,3.1422,20786.0,3.1423,6657.4
1753769563150,06:12:43.150,binanceusdm,XRP/USDT:USDT,3.1421,14507.1,3.142,14523.3,3.1422,20786.0,3.1423,6657.4
1753769563266,06:12:43.266,binanceusdm,XRP/USDT:USDT,3.1421,14507.2,3.142,14523.3,3.1422,20786.0,3.1423,6657.4
1753769563386,06:12:43.386,binanceusdm,XRP/USDT:USDT,3.1421,8987.7,3.142,14523.3,3.1422,20786.0,3.1423,6657.4
1753769563502,06:12:43.502,binanceusdm,XRP/USDT:USDT,3.1421,8528.2,3.142,14523.3,3.1422,20786.0,3.1423,6657.4
1753769563604,06:12:43.604,binanceusdm,XRP/USDT:USDT,3.1421,8632.4,3.142,14523.3,3.1422,20811.9,3.1423,6657.4
1753769563720,06:12:43.720,binanceusdm,XRP/USDT:USDT,3.1421,10388.5,3.142,14523.3,3.1422,20907.6,3.1423,6657.4
1753769563823,06:12:43.823,binanceusdm,XRP/USDT:USDT,3.1421,10393.6,3.142,16060.9,3.1422,16916.5,3.1423,6657.4
1753769563926,06:12:43.926,binanceusdm,XRP/USDT:USDT,3.1421,10956.2,3.142,14523.3,3.1422,19239.6,3.1423,6657.4
1753769564036,06:12:44.036,binanceusdm,XRP/USDT:USDT,3.1421,10398.9,3.142,14523.3,3.1422,19239.6,3.1423,6657.4
1753769564139,06:12:44.139,binanceusdm,XRP/USDT:USDT,3.1421,10638.8,3.142,14523.3,3.1422,21149.0,3.1423,6657.4
1753769564255,06:12:44.255,binanceusdm,XRP/USDT:USDT,3.1421,10638.5,3.142,14523.3,3.1422,21256.3,3.1423,6657.4
1753769564358,06:12:44.358,binanceusdm,XRP/USDT:USDT,3.1421,10639.5,3.142,14523.3,3.1422,21240.0,3.1423,6657.4
1753769564462,06:12:44.462,binanceusdm,XRP/USDT:USDT,3.1421,8495.9,3.142,14523.3,3.1422,21186.1,3.1423,6657.4
1753769564565,06:12:44.565,binanceusdm,XRP/USDT:USDT,3.1421,10641.8,3.142,14523.3,3.1422,21186.1,3.1423,6657.4
1753769564777,06:12:44.777,binanceusdm,XRP/USDT:USDT,3.1421,10456.7,3.142,16042.8,3.1422,21642.1,3.1423,6657.4
1753769564881,06:12:44.881,binanceusdm,XRP/USDT:USDT,3.1421,10395.2,3.142,16042.8,3.1422,21577.1,3.1423,6657.4
1753769564985,06:12:44.985,binanceusdm,XRP/USDT:USDT,3.1421,10205.2,3.142,16042.8,3.1422,21577.1,3.1423,6245.6
1753769565099,06:12:45.099,binanceusdm,XRP/USDT:USDT,3.1421,14542.1,3.142,14523.3,3.1422,21223.0,3.1423,6449.4
1753769565222,06:12:45.222,binanceusdm,XRP/USDT:USDT,3.1421,14543.7,3.142,14714.1,3.1422,9035.6,3.1423,6449.4
1753769565325,06:12:45.325,binanceusdm,XRP/USDT:USDT,3.1421,14544.9,3.142,14714.1,3.1422,7942.6,3.1423,6449.4
1753769565439,06:12:45.439,binanceusdm,XRP/USDT:USDT,3.1421,9625.5,3.142,14714.1,3.1422,8041.3,3.1423,6449.4
1753769565544,06:12:45.544,binanceusdm,XRP/USDT:USDT,3.1421,12347.0,3.142,14714.1,3.1422,8337.4,3.1423,6449.4
1753769565648,06:12:45.648,binanceusdm,XRP/USDT:USDT,3.1421,12354.5,3.142,14714.1,3.1422,8337.4,3.1423,6449.4
1753769565750,06:12:45.750,binanceusdm,XRP/USDT:USDT,3.1421,12354.3,3.142,14714.1,3.1422,11704.7,3.1423,6449.4
1753769565870,06:12:45.870,binanceusdm,XRP/USDT:USDT,3.1421,12390.6,3.142,14714.1,3.1422,11704.7,3.1423,2261.0
1753769566114,06:12:46.114,binanceusdm,XRP/USDT:USDT,3.1421,12390.6,3.142,15399.3,3.1422,11594.0,3.1423,2261.0
1753769566220,06:12:46.220,binanceusdm,XRP/USDT:USDT,3.1421,12389.9,3.142,15208.5,3.1422,12550.4,3.1423,1303.1
1753769566325,06:12:46.325,binanceusdm,XRP/USDT:USDT,3.1421,12389.9,3.142,15208.5,3.1422,12479.9,3.1423,1303.1
1753769566444,06:12:46.444,binanceusdm,XRP/USDT:USDT,3.1421,12100.8,3.142,15208.5,3.1422,12497.5,3.1423,1303.1
1753769566550,06:12:46.550,binanceusdm,XRP/USDT:USDT,3.1421,12508.6,3.142,15208.5,3.1422,12937.2,3.1423,1303.1
1753769566654,06:12:46.654,binanceusdm,XRP/USDT:USDT,3.1421,12510.4,3.142,15208.5,3.1422,12596.5,3.1423,1303.1
1753769566802,06:12:46.802,binanceusdm,XRP/USDT:USDT,3.1421,12320.4,3.142,15208.5,3.1422,12596.5,3.1423,1303.1
1753769566910,06:12:46.910,binanceusdm,XRP/USDT:USDT,3.1421,12320.4,3.142,15208.5,3.1422,12596.5,3.1423,1303.1
1753769567019,06:12:47.019,binanceusdm,XRP/USDT:USDT,3.1421,12320.4,3.142,15208.5,3.1422,12596.5,3.1423,1303.1
1753769567131,06:12:47.131,binanceusdm,XRP/USDT:USDT,3.1421,17210.4,3.142,15399.3,3.1422,12598.2,3.1423,1303.1
1753769567233,06:12:47.233,binanceusdm,XRP/USDT:USDT,3.1421,17212.1,3.142,16916.2,3.1422,12598.9,3.1423,1303.1
1753769567335,06:12:47.335,binanceusdm,XRP/USDT:USDT,3.1421,17212.2,3.142,16916.2,3.1422,12598.9,3.1423,1303.1
1753769567439,06:12:47.439,binanceusdm,XRP/USDT:USDT,3.1421,17330.6,3.142,16916.2,3.1422,12578.5,3.1423,1303.1
1753769567541,06:12:47.541,binanceusdm,XRP/USDT:USDT,3.1421,17223.4,3.142,16916.2,3.1422,12578.5,3.1423,1303.1
1753769567643,06:12:47.643,binanceusdm,XRP/USDT:USDT,3.1421,17234.9,3.142,16916.2,3.1422,12464.5,3.1423,1303.1
1753769567794,06:12:47.794,binanceusdm,XRP/USDT:USDT,3.1421,17227.7,3.142,16875.4,3.1422,12497.9,3.1423,1303.1
1753769567899,06:12:47.899,binanceusdm,XRP/USDT:USDT,3.1421,17227.7,3.142,16875.4,3.1422,10043.4,3.1423,1303.1
1753769568002,06:12:48.002,binanceusdm,XRP/USDT:USDT,3.1421,17227.7,3.142,15399.3,3.1422,12025.1,3.1423,1099.3
1753769568115,06:12:48.115,binanceusdm,XRP/USDT:USDT,3.1421,17185.1,3.142,15399.3,3.1422,12202.8,3.1423,1316.3
1753769568218,06:12:48.218,binanceusdm,XRP/USDT:USDT,3.1421,17185.1,3.142,15399.3,3.1422,12202.8,3.1423,1316.3
1753769568322,06:12:48.322,binanceusdm,XRP/USDT:USDT,3.1421,17221.6,3.142,15399.3,3.1422,12202.6,3.1423,1316.3
1753769568424,06:12:48.424,binanceusdm,XRP/USDT:USDT,3.1421,17209.7,3.142,17409.3,3.1422,8949.2,3.1423,1316.3
1753769568526,06:12:48.526,binanceusdm,XRP/USDT:USDT,3.1421,17207.4,3.142,17409.3,3.1422,8949.2,3.1423,1316.3
1753769568628,06:12:48.628,binanceusdm,XRP/USDT:USDT,3.1421,17207.4,3.142,17409.3,3.1422,5813.8,3.1423,1955.1
1753769568730,06:12:48.730,binanceusdm,XRP/USDT:USDT,3.1421,22725.0,3.142,21613.2,3.1422,5813.8,3.1423,1955.1
1753769568833,06:12:48.833,binanceusdm,XRP/USDT:USDT,3.1421,21264.0,3.142,20152.2,3.1422,7925.3,3.1423,1955.1
1753769568940,06:12:48.940,binanceusdm,XRP/USDT:USDT,3.1421,22708.3,3.142,21598.6,3.1422,7923.2,3.1423,1955.1
1753769569041,06:12:49.041,binanceusdm,XRP/USDT:USDT,3.1421,22712.1,3.142,22847.3,3.1422,5811.7,3.1423,1955.1
1753769569152,06:12:49.152,binanceusdm,XRP/USDT:USDT,3.1421,22712.1,3.142,22847.3,3.1422,5811.7,3.1423,4433.6
1753769569272,06:12:49.272,binanceusdm,XRP/USDT:USDT,3.1421,23001.2,3.142,22847.3,3.1422,5811.7,3.1423,4433.6
1753769569380,06:12:49.380,binanceusdm,XRP/USDT:USDT,3.1421,21691.0,3.142,21400.9,3.1422,5328.3,3.1423,4438.2
1753769569485,06:12:49.485,binanceusdm,XRP/USDT:USDT,3.1421,21822.8,3.142,21400.9,3.1422,5293.1,3.1423,4438.2
1753769569586,06:12:49.586,binanceusdm,XRP/USDT:USDT,3.1421,21707.6,3.142,21400.9,3.1422,5631.8,3.1423,4438.2
1753769569688,06:12:49.688,binanceusdm,XRP/USDT:USDT,3.1421,21789.8,3.142,21400.9,3.1422,5631.8,3.1423,4438.2
1753769569802,06:12:49.802,binanceusdm,XRP/USDT:USDT,3.1421,21342.2,3.142,22856.3,3.1422,5062.1,3.1423,4438.2
1753769569904,06:12:49.904,binanceusdm,XRP/USDT:USDT,3.1421,21217.8,3.142,22856.3,3.1422,4534.1,3.1423,4438.2
1753769570013,06:12:50.013,binanceusdm,XRP/USDT:USDT,3.1421,21146.6,3.142,23054.3,3.1422,4435.6,3.1423,4438.2
1753769570117,06:12:50.117,binanceusdm,XRP/USDT:USDT,3.1421,21146.6,3.142,21598.9,3.1422,4435.6,3.1423,3799.4
1753769570219,06:12:50.219,binanceusdm,XRP/USDT:USDT,3.1421,21148.3,3.142,21598.9,3.1422,7727.0,3.1423,4484.1
1753769570390,06:12:50.390,binanceusdm,XRP/USDT:USDT,3.1421,21163.6,3.142,21598.9,3.1422,7727.0,3.1423,4488.7
1753769570493,06:12:50.493,binanceusdm,XRP/USDT:USDT,3.1421,21163.4,3.142,21598.9,3.1422,7516.1,3.1423,4488.7
1753769570594,06:12:50.594,binanceusdm,XRP/USDT:USDT,3.1421,21182.9,3.142,21598.9,3.1422,7727.9,3.1423,4488.7
1753769570698,06:12:50.698,binanceusdm,XRP/USDT:USDT,3.1421,21186.9,3.142,21598.9,3.1422,7727.9,3.1423,4488.7
1753769570799,06:12:50.799,binanceusdm,XRP/USDT:USDT,3.1421,21188.6,3.142,21598.9,3.1422,7727.9,3.1423,4488.7
1753769570901,06:12:50.901,binanceusdm,XRP/USDT:USDT,3.1421,21182.5,3.142,21598.9,3.1422,7721.8,3.1423,4488.7
1753769571002,06:12:51.002,binanceusdm,XRP/USDT:USDT,3.1421,21188.3,3.142,21598.9,3.1422,7541.4,3.1423,4271.7
1753769571118,06:12:51.118,binanceusdm,XRP/USDT:USDT,3.1421,21188.3,3.142,18856.0,3.1422,8450.8,3.1423,3711.8
1753769571225,06:12:51.225,binanceusdm,XRP/USDT:USDT,3.1421,21188.4,3.142,18856.0,3.1422,7766.1,3.1423,4396.5
1753769571338,06:12:51.338,binanceusdm,XRP/USDT:USDT,3.1421,21188.3,3.142,18856.0,3.1422,8907.2,3.1423,4396.5
1753769571439,06:12:51.439,binanceusdm,XRP/USDT:USDT,3.1421,21413.0,3.142,16846.0,3.1422,8907.2,3.1423,4396.5
1753769571547,06:12:51.547,binanceusdm,XRP/USDT:USDT,3.1421,21303.1,3.142,18856.0,3.1422,8907.2,3.1423,4396.5
1753769571665,06:12:51.665,binanceusdm,XRP/USDT:USDT,3.1421,22622.1,3.142,20293.2,3.1422,8785.4,3.1423,4396.5
1753769571779,06:12:51.779,binanceusdm,XRP/USDT:USDT,3.1421,21017.1,3.142,18856.0,3.1422,8357.4,3.1423,4396.5
1753769571882,06:12:51.882,binanceusdm,XRP/USDT:USDT,3.1421,21010.0,3.142,18856.0,3.1422,8350.2,3.1423,4396.5
1753769571999,06:12:51.999,binanceusdm,XRP/USDT:USDT,3.1421,21010.0,3.142,18856.0,3.1422,8350.2,3.1423,4396.5
1753769572105,06:12:52.105,binanceusdm,XRP/USDT:USDT,3.1421,21136.4,3.142,18856.0,3.1422,8350.2,3.1423,4396.5
1753769572207,06:12:52.207,binanceusdm,XRP/USDT:USDT,3.1421,21090.5,3.142,18856.0,3.1422,9338.0,3.1423,3711.8
1753769572335,06:12:52.335,binanceusdm,XRP/USDT:USDT,3.1421,21088.7,3.142,18856.0,3.1422,9339.7,3.1423,3710.1
1753769572438,06:12:52.438,binanceusdm,XRP/USDT:USDT,3.1421,21089.6,3.142,18856.0,3.1422,9351.7,3.1423,3710.1
1753769572540,06:12:52.540,binanceusdm,XRP/USDT:USDT,3.1423,46085.0,3.1422,34870.6,3.1424,1492.2,3.1425,234.2
1753769572641,06:12:52.641,binanceusdm,XRP/USDT:USDT,3.1423,46652.0,3.1422,33269.5,3.1424,3888.7,3.1425,234.2
1753769572743,06:12:52.743,binanceusdm,XRP/USDT:USDT,3.1423,32938.6,3.1422,33096.9,3.1424,3943.5,3.1425,73.3
1753769572846,06:12:52.846,binanceusdm,XRP/USDT:USDT,3.1423,32938.6,3.1422,32715.3,3.1424,3951.6,3.1425,73.3
1753769572947,06:12:52.947,binanceusdm,XRP/USDT:USDT,3.1423,32938.6,3.1422,33096.9,3.1424,3951.6,3.1425,73.3
1753769573053,06:12:53.053,binanceusdm,XRP/USDT:USDT,3.1423,32938.6,3.1422,33096.9,3.1424,3882.3,3.1425,73.3
1753769573164,06:12:53.164,binanceusdm,XRP/USDT:USDT,3.1423,32997.2,3.1422,33176.4,3.1424,3882.3,3.1425,73.3
1753769573272,06:12:53.272,binanceusdm,XRP/USDT:USDT,3.1423,33354.3,3.1422,33176.4,3.1424,3882.3,3.1425,73.3
1753769573385,06:12:53.385,binanceusdm,XRP/USDT:USDT,3.1423,33364.8,3.1422,33176.4,3.1424,3882.3,3.1425,73.3
1753769573495,06:12:53.495,binanceusdm,XRP/USDT:USDT,3.1423,33529.9,3.1422,39079.3,3.1424,3882.3,3.1425,73.3
1753769573745,06:12:53.745,binanceusdm,XRP/USDT:USDT,3.1423,33926.8,3.1422,38690.5,3.1424,3767.5,3.1425,1061.0
1753769573849,06:12:53.849,binanceusdm,XRP/USDT:USDT,3.1423,33927.5,3.1422,38690.5,3.1424,3767.5,3.1425,1061.0
1753769573953,06:12:53.953,binanceusdm,XRP/USDT:USDT,3.1423,33927.5,3.1422,38690.5,3.1424,3732.0,3.1425,1061.0
1753769574072,06:12:54.072,binanceusdm,XRP/USDT:USDT,3.1423,33928.0,3.1422,38690.5,3.1424,3732.0,3.1425,1202.8
1753769574175,06:12:54.175,binanceusdm,XRP/USDT:USDT,3.1423,33797.8,3.1422,38690.5,3.1424,3752.9,3.1425,1202.8
1753769574279,06:12:54.279,binanceusdm,XRP/USDT:USDT,3.1423,33797.8,3.1422,38690.5,3.1424,3752.9,3.1425,1202.8
1753769574406,06:12:54.406,binanceusdm,XRP/USDT:USDT,3.1423,34016.4,3.1422,38690.5,3.1424,3752.9,3.1425,1202.8
1753769574511,06:12:54.511,binanceusdm,XRP/USDT:USDT,3.1423,34020.1,3.1422,38690.5,3.1424,3752.9,3.1425,1202.8
1753769574615,06:12:54.615,binanceusdm,XRP/USDT:USDT,3.1423,34031.6,3.1422,38690.5,3.1424,1366.3,3.1425,215.1
1753769574716,06:12:54.716,binanceusdm,XRP/USDT:USDT,3.1423,34031.6,3.1422,40170.2,3.1424,1366.2,3.1425,2248.8
1753769574819,06:12:54.819,binanceusdm,XRP/USDT:USDT,3.1423,34020.4,3.1422,38690.5,3.1424,1366.2,3.1425,2879.2
1753769574924,06:12:54.924,binanceusdm,XRP/USDT:USDT,3.1423,34020.8,3.1422,38690.5,3.1424,1359.6,3.1425,2879.2
1753769575058,06:12:55.058,binanceusdm,XRP/USDT:USDT,3.1423,34220.8,3.1422,38690.5,3.1424,1359.6,3.1425,2879.2
1753769575161,06:12:55.161,binanceusdm,XRP/USDT:USDT,3.1423,34225.5,3.1422,38690.5,3.1424,1357.6,3.1425,2248.8
1753769575262,06:12:55.262,binanceusdm,XRP/USDT:USDT,3.1423,34185.8,3.1422,38690.5,3.1424,1359.3,3.1425,2248.8
1753769575370,06:12:55.370,binanceusdm,XRP/USDT:USDT,3.1423,34543.4,3.1422,38690.5,3.1424,1360.2,3.1425,2248.8
1753769575489,06:12:55.489,binanceusdm,XRP/USDT:USDT,3.1423,35691.7,3.1422,40125.7,3.1424,1360.2,3.1425,2248.8
1753769575592,06:12:55.592,binanceusdm,XRP/USDT:USDT,3.1423,35689.5,3.1422,38690.5,3.1424,1416.5,3.1425,2248.8
1753769575700,06:12:55.700,binanceusdm,XRP/USDT:USDT,3.1423,35689.5,3.1422,40125.7,3.1424,1298.1,3.1425,2248.8
1753769575802,06:12:55.802,binanceusdm,XRP/USDT:USDT,3.1423,35742.3,3.1422,40125.7,3.1424,1298.1,3.1425,2248.8
1753769575905,06:12:55.905,binanceusdm,XRP/USDT:USDT,3.1423,35742.6,3.1422,40125.7,3.1424,1290.6,3.1425,2248.8
1753769576008,06:12:56.008,binanceusdm,XRP/USDT:USDT,3.1423,35742.6,3.1422,40125.7,3.1424,1290.6,3.1425,2248.8
1753769576110,06:12:56.110,binanceusdm,XRP/USDT:USDT,3.1423,35754.2,3.1422,40125.7,3.1424,1290.6,3.1425,2248.8
1753769576255,06:12:56.255,binanceusdm,XRP/USDT:USDT,3.1423,35755.2,3.1422,40125.7,3.1424,1290.6,3.1425,2248.8
1753769576399,06:12:56.399,binanceusdm,XRP/USDT:USDT,3.1423,35759.0,3.1422,40125.7,3.1424,1255.8,3.1425,2248.8
1753769576500,06:12:56.500,binanceusdm,XRP/USDT:USDT,3.1423,35401.0,3.1422,38690.5,3.1424,1255.8,3.1425,2248.8
1753769576605,06:12:56.605,binanceusdm,XRP/USDT:USDT,3.1423,35393.5,3.1422,38690.5,3.1424,1255.8,3.1425,2248.8
1753769576706,06:12:56.706,binanceusdm,XRP/USDT:USDT,3.1423,35407.0,3.1422,38690.5,3.1424,4005.8,3.1425,3297.5
1753769576808,06:12:56.808,binanceusdm,XRP/USDT:USDT,3.1423,23938.7,3.1422,26559.3,3.1424,12949.9,3.1425,4732.7
1753769576909,06:12:56.909,binanceusdm,XRP/USDT:USDT,3.1423,21043.6,3.1422,26029.9,3.1424,12912.4,3.1425,4732.7
1753769577011,06:12:57.011,binanceusdm,XRP/USDT:USDT,3.1423,21043.6,3.1422,26029.9,3.1424,12910.6,3.1425,7655.7
1753769577122,06:12:57.122,binanceusdm,XRP/USDT:USDT,3.1423,17644.2,3.1422,26029.9,3.1424,17030.5,3.1425,3340.1
1753769577230,06:12:57.230,binanceusdm,XRP/USDT:USDT,3.1423,17674.8,3.1422,26029.9,3.1424,9361.5,3.1425,3340.1
1753769577344,06:12:57.344,binanceusdm,XRP/USDT:USDT,3.1423,17675.5,3.1422,26029.9,3.1424,9361.5,3.1425,3340.1
1753769577449,06:12:57.449,binanceusdm,XRP/USDT:USDT,3.1423,17788.8,3.1422,26029.9,3.1424,9361.5,3.1425,3340.1
1753769577552,06:12:57.552,binanceusdm,XRP/USDT:USDT,3.1423,17796.2,3.1422,26029.9,3.1424,9243.1,3.1425,3340.1
1753769577653,06:12:57.653,binanceusdm,XRP/USDT:USDT,3.1423,17796.2,3.1422,26029.9,3.1424,9243.1,3.1425,3340.1
1753769577756,06:12:57.756,binanceusdm,XRP/USDT:USDT,3.1423,17802.6,3.1422,26029.9,3.1424,9243.1,3.1425,3340.1
1753769577860,06:12:57.860,binanceusdm,XRP/USDT:USDT,3.1423,19226.0,3.1422,27451.7,3.1424,9234.3,3.1425,3340.1
1753769577965,06:12:57.965,binanceusdm,XRP/USDT:USDT,3.1423,19226.0,3.1422,27455.1,3.1424,9234.2,3.1425,3340.1
1753769578068,06:12:58.068,binanceusdm,XRP/USDT:USDT,3.1423,19231.8,3.1422,27455.1,3.1424,9237.4,3.1425,3340.1
1753769578175,06:12:58.175,binanceusdm,XRP/USDT:USDT,3.1423,19586.3,3.1422,27455.1,3.1424,9237.4,3.1425,3340.1
1753769578279,06:12:58.279,binanceusdm,XRP/USDT:USDT,3.1423,24874.1,3.1422,27264.3,3.1424,2091.6,3.1425,2291.4
1753769578380,06:12:58.380,binanceusdm,XRP/USDT:USDT,3.1423,24874.6,3.1422,27455.1,3.1424,1345.1,3.1425,2291.4
1753769578496,06:12:58.496,binanceusdm,XRP/USDT:USDT,3.1423,24913.6,3.1422,27455.1,3.1424,1345.1,3.1425,2291.4
1753769578699,06:12:58.699,binanceusdm,XRP/USDT:USDT,3.1423,24918.9,3.1422,27455.1,3.1424,1498.3,3.1425,2291.4
1753769578802,06:12:58.802,binanceusdm,XRP/USDT:USDT,3.1423,24918.9,3.1422,28379.6,3.1424,1496.4,3.1425,2291.4
1753769578906,06:12:58.906,binanceusdm,XRP/USDT:USDT,3.1423,24916.5,3.1422,28379.6,3.1424,1493.7,3.1425,2291.4
1753769579009,06:12:59.009,binanceusdm,XRP/USDT:USDT,3.1423,24917.1,3.1422,28188.8,3.1424,1396.7,3.1425,2291.4
1753769579111,06:12:59.111,binanceusdm,XRP/USDT:USDT,3.1423,25034.8,3.1422,28379.6,3.1424,1396.7,3.1425,2291.4
1753769579214,06:12:59.214,binanceusdm,XRP/USDT:USDT,3.1424,42591.0,3.1423,18503.7,3.1425,2186.9,3.1426,3608.5
1753769579317,06:12:59.317,binanceusdm,XRP/USDT:USDT,3.1424,46838.6,3.1423,12853.7,3.1425,2186.9,3.1426,3608.5
1753769579422,06:12:59.422,binanceusdm,XRP/USDT:USDT,3.1424,47067.0,3.1423,13553.3,3.1425,195.3,3.1426,50.2
1753769579524,06:12:59.524,binanceusdm,XRP/USDT:USDT,3.1424,47197.4,3.1423,13923.1,3.1425,195.3,3.1426,2376.2
1753769579630,06:12:59.630,binanceusdm,XRP/USDT:USDT,3.1425,37536.5,3.1424,45949.3,3.1426,2376.1,3.1427,2311.4
1753769579732,06:12:59.732,binanceusdm,XRP/USDT:USDT,3.1425,38982.7,3.1424,45910.7,3.1426,1.6,3.1427,391.2
1753769579835,06:12:59.835,binanceusdm,XRP/USDT:USDT,3.1425,38812.4,3.1424,46281.3,3.1426,1.6,3.1427,2150.3
1753769579949,06:12:59.949,binanceusdm,XRP/USDT:USDT,3.1426,44448.4,3.1425,32915.3,3.1427,294.7,3.1428,2381.5
1753769580050,06:13:00.050,binanceusdm,XRP/USDT:USDT,3.1426,44458.8,3.1425,33296.9,3.1427,1880.9,3.1428,2426.3
1753769580152,06:13:00.152,binanceusdm,XRP/USDT:USDT,3.1426,44268.0,3.1425,33296.9,3.1427,1880.9,3.1428,2426.3
1753769580253,06:13:00.253,binanceusdm,XRP/USDT:USDT,3.1426,47040.9,3.1425,33296.9,3.1427,1525.4,3.1428,5832.9
1753769580356,06:13:00.356,binanceusdm,XRP/USDT:USDT,3.1426,47040.9,3.1425,33296.9,3.1427,1676.4,3.1428,5832.9
1753769580460,06:13:00.460,binanceusdm,XRP/USDT:USDT,3.1426,47258.9,3.1425,33294.9,3.1427,300.4,3.1428,5832.9
1753769580576,06:13:00.576,binanceusdm,XRP/USDT:USDT,3.1426,48714.2,3.1425,33294.9,3.1427,300.4,3.1428,5832.9
1753769580679,06:13:00.679,binanceusdm,XRP/USDT:USDT,3.1426,48714.2,3.1425,33294.9,3.1427,335.7,3.1428,5832.9
1753769580782,06:13:00.782,binanceusdm,XRP/USDT:USDT,3.1426,48774.2,3.1425,33294.9,3.1427,335.7,3.1428,5832.9
1753769580884,06:13:00.884,binanceusdm,XRP/USDT:USDT,3.1427,22088.1,3.1426,45468.5,3.1428,5135.6,3.1429,10676.6
1753769580985,06:13:00.985,binanceusdm,XRP/USDT:USDT,3.1427,20677.2,3.1426,45466.6,3.1428,9577.9,3.1429,10692.8
1753769581093,06:13:01.093,binanceusdm,XRP/USDT:USDT,3.1427,18183.9,3.1426,45466.6,3.1428,10814.4,3.1429,10738.3
1753769581196,06:13:01.196,binanceusdm,XRP/USDT:USDT,3.1427,18146.3,3.1426,45463.6,3.1428,13848.1,3.1429,10738.3
1753769581304,06:13:01.304,binanceusdm,XRP/USDT:USDT,3.1427,15014.3,3.1426,39833.6,3.1428,13852.3,3.1429,6038.3
1753769581405,06:13:01.405,binanceusdm,XRP/USDT:USDT,3.1427,576.9,3.1426,7470.7,3.1428,23953.8,3.1429,4333.1
1753769581506,06:13:01.506,binanceusdm,XRP/USDT:USDT,3.1427,845.9,3.1426,7172.5,3.1428,23949.6,3.1429,12393.7
1753769581609,06:13:01.609,binanceusdm,XRP/USDT:USDT,3.1427,1190.3,3.1426,7172.5,3.1428,21341.8,3.1429,9359.4
1753769581710,06:13:01.710,binanceusdm,XRP/USDT:USDT,3.1427,6890.9,3.1426,6974.5,3.1428,24528.4,3.1429,9359.4
1753769581812,06:13:01.812,binanceusdm,XRP/USDT:USDT,3.1427,6956.2,3.1426,6912.0,3.1428,24423.7,3.1429,9359.4
1753769581914,06:13:01.914,binanceusdm,XRP/USDT:USDT,3.1427,6956.2,3.1426,6912.0,3.1428,24590.0,3.1429,9039.0
1753769582129,06:13:02.129,binanceusdm,XRP/USDT:USDT,3.1427,12382.6,3.1426,6912.0,3.1428,24590.0,3.1429,9039.0
1753769582242,06:13:02.242,binanceusdm,XRP/USDT:USDT,3.1427,8818.1,3.1426,6912.0,3.1428,24615.8,3.1429,10467.5
1753769582345,06:13:02.345,binanceusdm,XRP/USDT:USDT,3.1427,8813.3,3.1426,6912.0,3.1428,25229.0,3.1429,9427.8
1753769582447,06:13:02.447,binanceusdm,XRP/USDT:USDT,3.1427,3323.4,3.1426,6912.0,3.1428,25229.0,3.1429,9427.8
1753769582550,06:13:02.550,binanceusdm,XRP/USDT:USDT,3.1427,4723.0,3.1426,5516.9,3.1428,25229.0,3.1429,9039.0
1753769582654,06:13:02.654,binanceusdm,XRP/USDT:USDT,3.1427,4915.2,3.1426,5516.9,3.1428,25135.8,3.1429,9427.8
1753769582755,06:13:02.755,binanceusdm,XRP/USDT:USDT,3.1427,4915.2,3.1426,5516.9,3.1428,25135.8,3.1429,9427.8
1753769582873,06:13:02.873,binanceusdm,XRP/USDT:USDT,3.1427,10220.0,3.1426,2745.7,3.1428,25131.2,3.1429,9427.8
1753769582975,06:13:02.975,binanceusdm,XRP/USDT:USDT,3.1427,7892.3,3.1426,2745.7,3.1428,25131.2,3.1429,9206.2
1753769583081,06:13:03.081,binanceusdm,XRP/USDT:USDT,3.1427,6030.4,3.1426,2745.7,3.1428,25131.2,3.1429,9601.8
1753769583185,06:13:03.185,binanceusdm,XRP/USDT:USDT,3.1427,5840.4,3.1426,2745.7,3.1428,26606.9,3.1429,11077.5
1753769583295,06:13:03.295,binanceusdm,XRP/USDT:USDT,3.1427,5853.3,3.1426,15.7,3.1428,26606.9,3.1429,11077.5
1753769583396,06:13:03.396,binanceusdm,XRP/USDT:USDT,3.1427,6835.1,3.1426,15.7,3.1428,26606.9,3.1429,12713.9
1753769583497,06:13:03.497,binanceusdm,XRP/USDT:USDT,3.1427,6967.5,3.1426,15.7,3.1428,24793.7,3.1429,9601.8
1753769583599,06:13:03.599,binanceusdm,XRP/USDT:USDT,3.1427,6967.5,3.1426,15.7,3.1428,24683.6,3.1429,9601.8
1753769583704,06:13:03.704,binanceusdm,XRP/USDT:USDT,3.1427,7089.2,3.1426,1357.5,3.1428,27440.4,3.1429,9601.8
1753769583839,06:13:03.839,binanceusdm,XRP/USDT:USDT,3.1426,15.7,3.1425,1714.5,3.1427,30520.7,3.1428,34335.3
1753769583940,06:13:03.940,binanceusdm,XRP/USDT:USDT,3.1424,4970.0,3.1423,8293.0,3.1425,36497.7,3.1426,25761.2
1753769584044,06:13:04.044,binanceusdm,XRP/USDT:USDT,3.1424,9605.2,3.1423,8311.2,3.1425,37287.2,3.1426,25762.9
1753769584145,06:13:04.145,binanceusdm,XRP/USDT:USDT,3.1424,381.2,3.1423,8311.2,3.1425,37443.3,3.1426,25762.9
1753769584251,06:13:04.251,binanceusdm,XRP/USDT:USDT,3.1423,9811.4,3.1422,6871.2,3.1424,45320.3,3.1425,25467.5
1753769584365,06:13:04.365,binanceusdm,XRP/USDT:USDT,3.1423,10264.0,3.1422,6680.4,3.1424,45325.6,3.1425,21761.7
1753769584470,06:13:04.470,binanceusdm,XRP/USDT:USDT,3.1423,6263.7,3.1422,6680.4,3.1424,45327.5,3.1425,21759.8
1753769585051,06:13:05.051,binanceusdm,XRP/USDT:USDT,3.1423,5964.3,3.1422,6680.4,3.1424,46074.9,3.1425,21745.6
1753769585159,06:13:05.159,binanceusdm,XRP/USDT:USDT,3.1423,5915.8,3.1422,6680.4,3.1424,48873.1,3.1425,21364.0
1753769585265,06:13:05.265,binanceusdm,XRP/USDT:USDT,3.1423,5905.8,3.1422,6680.4,3.1424,48873.1,3.1425,21745.6
1753769585371,06:13:05.371,binanceusdm,XRP/USDT:USDT,3.1423,6067.0,3.1422,6680.4,3.1424,49063.9,3.1425,21554.8
1753769585474,06:13:05.474,binanceusdm,XRP/USDT:USDT,3.1423,11198.2,3.1422,6680.4,3.1424,42493.4,3.1425,21554.8
1753769585597,06:13:05.597,binanceusdm,XRP/USDT:USDT,3.1423,21667.7,3.1422,7813.7,3.1424,5298.0,3.1425,14358.9
1753769585699,06:13:05.699,binanceusdm,XRP/USDT:USDT,3.1423,21786.5,3.1422,8184.3,3.1424,1413.5,3.1425,195.4
1753769585800,06:13:05.800,binanceusdm,XRP/USDT:USDT,3.1423,22168.0,3.1422,12250.9,3.1424,1413.5,3.1425,195.4
1753769585908,06:13:05.908,binanceusdm,XRP/USDT:USDT,3.1423,23568.0,3.1422,12250.9,3.1424,1406.1,3.1425,195.4
1753769586032,06:13:06.032,binanceusdm,XRP/USDT:USDT,3.1423,23568.5,3.1422,12250.9,3.1424,1406.1,3.1425,598.0
1753769586134,06:13:06.134,binanceusdm,XRP/USDT:USDT,3.1423,23569.1,3.1422,12250.9,3.1424,1406.1,3.1425,598.0
1753769586250,06:13:06.250,binanceusdm,XRP/USDT:USDT,3.1423,23569.7,3.1422,12250.9,3.1424,1406.0,3.1425,598.0
1753769586368,06:13:06.368,binanceusdm,XRP/USDT:USDT,3.1423,23569.6,3.1422,13150.9,3.1424,906.0,3.1425,598.0
1753769586469,06:13:06.469,binanceusdm,XRP/USDT:USDT,3.1423,23569.6,3.1422,13182.7,3.1424,906.1,3.1425,598.0
1753769586572,06:13:06.572,binanceusdm,XRP/USDT:USDT,3.1423,23569.6,3.1422,13182.7,3.1424,906.1,3.1425,598.0
1753769586675,06:13:06.675,binanceusdm,XRP/USDT:USDT,3.1423,23569.6,3.1422,13182.7,3.1424,906.1,3.1425,598.0
1753769586805,06:13:06.805,binanceusdm,XRP/USDT:USDT,3.1423,23570.7,3.1422,13182.7,3.1424,906.1,3.1425,598.0
1753769586912,06:13:06.912,binanceusdm,XRP/USDT:USDT,3.1424,51589.9,3.1423,26371.0,3.1425,599.9,3.1426,3.4
1753769587114,06:13:07.114,binanceusdm,XRP/USDT:USDT,3.1424,23708.5,3.1423,18126.9,3.1425,9405.3,3.1426,5501.7
1753769587230,06:13:07.230,binanceusdm,XRP/USDT:USDT,3.1424,24651.5,3.1423,19059.8,3.1425,5902.8,3.1426,5501.7
1753769587343,06:13:07.343,binanceusdm,XRP/USDT:USDT,3.1424,14461.1,3.1423,13640.0,3.1425,14047.6,3.1426,4894.6
1753769587446,06:13:07.446,binanceusdm,XRP/USDT:USDT,3.1424,14644.6,3.1423,13640.0,3.1425,14047.6,3.1426,4940.4
1753769587558,06:13:07.558,binanceusdm,XRP/USDT:USDT,3.1424,14292.8,3.1423,12740.0,3.1425,10824.1,3.1426,4940.4
1753769587659,06:13:07.659,binanceusdm,XRP/USDT:USDT,3.1424,14292.8,3.1423,12740.0,3.1425,10824.1,3.1426,4940.4
1753769587776,06:13:07.776,binanceusdm,XRP/USDT:USDT,3.1424,12873.5,3.1423,13672.9,3.1425,6611.5,3.1426,4940.4
1753769587895,06:13:07.895,binanceusdm,XRP/USDT:USDT,3.1424,12874.4,3.1423,13672.9,3.1425,6691.5,3.1426,4940.4
1753769587996,06:13:07.996,binanceusdm,XRP/USDT:USDT,3.1424,12877.3,3.1423,13672.9,3.1425,6706.1,3.1426,4940.4
1753769588101,06:13:08.101,binanceusdm,XRP/USDT:USDT,3.1424,8018.3,3.1423,8302.6,3.1425,24343.6,3.1426,7457.0
1753769588204,06:13:08.204,binanceusdm,XRP/USDT:USDT,3.1424,8023.6,3.1423,8302.6,3.1425,19888.6,3.1426,7457.0
1753769588309,06:13:08.309,binanceusdm,XRP/USDT:USDT,3.1424,8056.5,3.1423,8302.6,3.1425,19888.6,3.1426,7457.0
1753769588418,06:13:08.418,binanceusdm,XRP/USDT:USDT,3.1424,5939.7,3.1423,8302.6,3.1425,19888.6,3.1426,7457.0
1753769588542,06:13:08.542,binanceusdm,XRP/USDT:USDT,3.1424,5008.8,3.1423,7369.7,3.1425,19888.6,3.1426,7457.0
1753769588662,06:13:08.662,binanceusdm,XRP/USDT:USDT,3.1424,5008.8,3.1423,7377.5,3.1425,19888.6,3.1426,7457.0
1753769588769,06:13:08.769,binanceusdm,XRP/USDT:USDT,3.1424,5010.8,3.1423,7377.5,3.1425,19888.6,3.1426,7457.0
1753769588870,06:13:08.870,binanceusdm,XRP/USDT:USDT,3.1424,10014.6,3.1423,8310.4,3.1425,15060.9,3.1426,7440.4
1753769588971,06:13:08.971,binanceusdm,XRP/USDT:USDT,3.1424,5841.7,3.1423,8310.4,3.1425,16794.0,3.1426,7440.4
1753769589081,06:13:09.081,binanceusdm,XRP/USDT:USDT,3.1424,6429.2,3.1423,7377.5,3.1425,16795.6,3.1426,7526.4
1753769589188,06:13:09.188,binanceusdm,XRP/USDT:USDT,3.1424,4974.2,3.1423,7377.5,3.1425,17045.7,3.1426,7526.4
1753769589289,06:13:09.289,binanceusdm,XRP/USDT:USDT,3.1424,4984.7,3.1423,7377.5,3.1425,17254.9,3.1426,7526.4
1753769589399,06:13:09.399,binanceusdm,XRP/USDT:USDT,3.1424,5330.2,3.1423,7006.1,3.1425,17509.4,3.1426,7526.4
1753769589501,06:13:09.501,binanceusdm,XRP/USDT:USDT,3.1424,5336.2,3.1423,7006.1,3.1425,17509.4,3.1426,7526.4
1753769589717,06:13:09.717,binanceusdm,XRP/USDT:USDT,3.1424,5299.9,3.1423,6998.3,3.1425,17529.3,3.1426,7526.4
1753769589837,06:13:09.837,binanceusdm,XRP/USDT:USDT,3.1424,8307.1,3.1423,6998.3,3.1425,17624.8,3.1426,7526.4
1753769589949,06:13:09.949,binanceusdm,XRP/USDT:USDT,3.1424,8307.2,3.1423,6998.3,3.1425,17837.7,3.1426,7526.4
1753769590051,06:13:10.051,binanceusdm,XRP/USDT:USDT,3.1424,8310.9,3.1423,7192.6,3.1425,17987.9,3.1426,7526.4
1753769590152,06:13:10.152,binanceusdm,XRP/USDT:USDT,3.1424,7834.1,3.1423,7192.6,3.1425,17506.2,3.1426,7526.4
1753769590255,06:13:10.255,binanceusdm,XRP/USDT:USDT,3.1424,7832.2,3.1423,7192.6,3.1425,17600.8,3.1426,7526.4
1753769590356,06:13:10.356,binanceusdm,XRP/USDT:USDT,3.1424,8186.0,3.1423,7192.6,3.1425,17651.8,3.1426,7526.4
1753769590460,06:13:10.460,binanceusdm,XRP/USDT:USDT,3.1424,8190.6,3.1423,7192.6,3.1425,17651.8,3.1426,7526.4
1753769590587,06:13:10.587,binanceusdm,XRP/USDT:USDT,3.1424,17430.8,3.1423,9148.6,3.1425,7315.0,3.1426,4980.6
1753769590694,06:13:10.694,binanceusdm,XRP/USDT:USDT,3.1424,17431.5,3.1423,9148.6,3.1425,7315.0,3.1426,4980.6
1753769590808,06:13:10.808,binanceusdm,XRP/USDT:USDT,3.1424,17431.7,3.1423,9148.6,3.1425,7315.0,3.1426,4980.6
1753769590911,06:13:10.911,binanceusdm,XRP/USDT:USDT,3.1424,17432.5,3.1423,9148.6,3.1425,2114.8,3.1426,4980.6
1753769591015,06:13:11.015,binanceusdm,XRP/USDT:USDT,3.1424,14891.8,3.1423,7383.4,3.1425,2087.2,3.1426,4980.6
1753769591119,06:13:11.119,binanceusdm,XRP/USDT:USDT,3.1424,11891.8,3.1423,6994.2,3.1425,7474.1,3.1426,4997.2
1753769591424,06:13:11.424,binanceusdm,XRP/USDT:USDT,3.1424,3792.8,3.1423,6814.4,3.1425,24795.1,3.1426,12197.2
1753769591526,06:13:11.526,binanceusdm,XRP/USDT:USDT,3.1424,3797.9,3.1423,1360.4,3.1425,24983.0,3.1426,16915.6
1753769591753,06:13:11.753,binanceusdm,XRP/USDT:USDT,3.1424,3920.4,3.1423,3471.4,3.1425,27559.6,3.1426,12215.6
1753769591871,06:13:11.871,binanceusdm,XRP/USDT:USDT,3.1424,3920.4,3.1423,3480.6,3.1425,27559.6,3.1426,12215.6
1753769591977,06:13:11.977,binanceusdm,XRP/USDT:USDT,3.1424,3920.4,3.1423,3479.5,3.1425,27559.6,3.1426,12129.6
1753769592092,06:13:12.092,binanceusdm,XRP/USDT:USDT,3.1424,3917.3,3.1423,3479.5,3.1425,27642.2,3.1426,12129.6
1753769592204,06:13:12.204,binanceusdm,XRP/USDT:USDT,3.1424,4163.5,3.1423,3122.0,3.1425,24642.1,3.1426,12129.6
1753769592308,06:13:12.308,binanceusdm,XRP/USDT:USDT,3.1424,5796.4,3.1423,2653.7,3.1425,24591.3,3.1426,12129.6
1753769592427,06:13:12.427,binanceusdm,XRP/USDT:USDT,3.1424,5803.9,3.1423,542.0,3.1425,24599.5,3.1426,12129.6
1753769592531,06:13:12.531,binanceusdm,XRP/USDT:USDT,3.1424,5810.0,3.1423,2652.0,3.1425,24599.5,3.1426,12129.6
1753769592641,06:13:12.641,binanceusdm,XRP/USDT:USDT,3.1424,5810.0,3.1423,2652.0,3.1425,24599.5,3.1426,12129.6
1753769592744,06:13:12.744,binanceusdm,XRP/USDT:USDT,3.1424,5810.0,3.1423,2650.9,3.1425,24599.5,3.1426,12129.6
1753769592845,06:13:12.845,binanceusdm,XRP/USDT:USDT,3.1424,5810.0,3.1423,2650.9,3.1425,24599.5,3.1426,12129.6
1753769592948,06:13:12.948,binanceusdm,XRP/USDT:USDT,3.1424,5808.7,3.1423,2641.7,3.1425,24599.5,3.1426,12129.6
1753769593050,06:13:13.050,binanceusdm,XRP/USDT:USDT,3.1424,5808.7,3.1423,2641.7,3.1425,24599.5,3.1426,12129.6
1753769593161,06:13:13.161,binanceusdm,XRP/USDT:USDT,3.1424,5935.2,3.1423,2505.4,3.1425,24599.5,3.1426,12148.7
1753769593270,06:13:13.270,binanceusdm,XRP/USDT:USDT,3.1424,5922.4,3.1423,395.4,3.1425,24487.3,3.1426,12148.7
1753769593374,06:13:13.374,binanceusdm,XRP/USDT:USDT,3.1424,3284.3,3.1423,395.4,3.1425,24141.6,3.1426,12148.7
1753769593475,06:13:13.475,binanceusdm,XRP/USDT:USDT,3.142,7003.9,3.1419,1552.5,3.1421,55220.3,3.1422,47644.7
1753769593880,06:13:13.880,binanceusdm,XRP/USDT:USDT,3.1415,6549.3,3.1414,2936.6,3.1416,37194.3,3.1417,37707.1
1753769593983,06:13:13.983,binanceusdm,XRP/USDT:USDT,3.1414,2215.2,3.1413,6932.5,3.1415,60154.9,3.1416,13424.4
1753769594084,06:13:14.084,binanceusdm,XRP/USDT:USDT,3.1413,183.5,3.1412,2819.7,3.1414,48243.9,3.1415,43320.4
1753769594185,06:13:14.185,binanceusdm,XRP/USDT:USDT,3.1412,34052.9,3.1411,12717.9,3.1413,292.5,3.1414,940.9
1753769594287,06:13:14.287,binanceusdm,XRP/USDT:USDT,3.1412,32239.7,3.1411,11859.3,3.1413,978.9,3.1414,2792.4
1753769594388,06:13:14.388,binanceusdm,XRP/USDT:USDT,3.1412,32242.1,3.1411,6571.7,3.1413,983.4,3.1414,2773.3
1753769594492,06:13:14.492,binanceusdm,XRP/USDT:USDT,3.1412,29144.2,3.1411,6000.1,3.1413,6268.4,3.1414,2773.3
1753769594593,06:13:14.593,binanceusdm,XRP/USDT:USDT,3.1412,29148.5,3.1411,6000.1,3.1413,6268.4,3.1414,2773.3
1753769594695,06:13:14.695,binanceusdm,XRP/USDT:USDT,3.1412,29154.6,3.1411,2006.2,3.1413,8603.0,3.1414,2773.3
1753769594796,06:13:14.796,binanceusdm,XRP/USDT:USDT,3.1412,11402.1,3.1411,1953.4,3.1413,12602.7,3.1414,3011.3
1753769594899,06:13:14.899,binanceusdm,XRP/USDT:USDT,3.1412,3271.4,3.1411,1953.4,3.1413,13002.9,3.1414,5674.7
1753769595000,06:13:15.000,binanceusdm,XRP/USDT:USDT,3.1412,3271.4,3.1411,1935.2,3.1413,13002.9,3.1414,6082.6
1753769595101,06:13:15.101,binanceusdm,XRP/USDT:USDT,3.1412,3271.4,3.1411,2730.1,3.1413,13232.6,3.1414,6110.8
1753769595204,06:13:15.204,binanceusdm,XRP/USDT:USDT,3.1412,8736.7,3.1411,2730.1,3.1413,13064.6,3.1414,3465.5
1753769595313,06:13:15.313,binanceusdm,XRP/USDT:USDT,3.1412,1251.1,3.1411,1133.7,3.1413,14942.5,3.1414,3465.5
1753769595414,06:13:15.414,binanceusdm,XRP/USDT:USDT,3.141,110.3,3.1409,2118.8,3.1411,50244.1,3.1412,32858.0
1753769595515,06:13:15.515,binanceusdm,XRP/USDT:USDT,3.1409,7615.5,3.1408,14705.1,3.141,29189.6,3.1411,30640.3
1753769595618,06:13:15.618,binanceusdm,XRP/USDT:USDT,3.1409,486.5,3.1408,14705.1,3.141,23266.1,3.1411,30640.3
1753769595720,06:13:15.720,binanceusdm,XRP/USDT:USDT,3.1409,491.8,3.1408,13441.3,3.141,23075.3,3.1411,30640.3
1753769595822,06:13:15.822,binanceusdm,XRP/USDT:USDT,3.1409,472.7,3.1408,13441.3,3.141,23177.6,3.1411,30640.3
1753769595926,06:13:15.926,binanceusdm,XRP/USDT:USDT,3.1408,12274.1,3.1407,4565.6,3.1409,40774.2,3.141,13875.3
1753769596029,06:13:16.029,binanceusdm,XRP/USDT:USDT,3.1408,14237.1,3.1407,6718.6,3.1409,40410.0,3.141,13846.9
1753769596132,06:13:16.132,binanceusdm,XRP/USDT:USDT,3.1408,40378.0,3.1407,6716.0,3.1409,38071.4,3.141,12920.1
1753769596233,06:13:16.233,binanceusdm,XRP/USDT:USDT,3.1408,40378.0,3.1407,7140.0,3.1409,38071.4,3.141,14356.5
1753769596336,06:13:16.336,binanceusdm,XRP/USDT:USDT,3.1408,38225.0,3.1407,4987.0,3.1409,38371.0,3.141,14547.3
1753769596444,06:13:16.444,binanceusdm,XRP/USDT:USDT,3.1408,38225.0,3.1407,4987.0,3.1409,38371.0,3.141,13525.6
1753769596654,06:13:16.654,binanceusdm,XRP/USDT:USDT,3.1408,38230.9,3.1407,4987.0,3.1409,38615.9,3.141,13544.7
1753769596794,06:13:16.794,binanceusdm,XRP/USDT:USDT,3.1408,38232.8,3.1407,4987.0,3.1409,38941.4,3.141,13544.7
1753769596901,06:13:16.901,binanceusdm,XRP/USDT:USDT,3.1408,38232.8,3.1407,4987.0,3.1409,38941.3,3.141,13544.7
1753769597011,06:13:17.011,binanceusdm,XRP/USDT:USDT,3.1408,34357.3,3.1407,4987.0,3.1409,38852.1,3.141,13544.7
1753769597115,06:13:17.115,binanceusdm,XRP/USDT:USDT,3.1408,34357.3,3.1407,4987.0,3.1409,38845.4,3.141,13544.7
1753769597236,06:13:17.236,binanceusdm,XRP/USDT:USDT,3.1408,34357.3,3.1407,7075.5,3.1409,38843.2,3.141,13544.7
1753769597352,06:13:17.352,binanceusdm,XRP/USDT:USDT,3.1408,34433.6,3.1407,7075.5,3.1409,38836.7,3.141,13549.4
1753769597459,06:13:17.459,binanceusdm,XRP/USDT:USDT,3.1408,34433.6,3.1407,4987.0,3.1409,38842.8,3.141,13549.4
1753769597766,06:13:17.766,binanceusdm,XRP/USDT:USDT,3.1408,33365.4,3.1407,7706.1,3.1409,38841.3,3.141,13549.4
1753769597869,06:13:17.869,binanceusdm,XRP/USDT:USDT,3.1408,33365.4,3.1407,7687.9,3.1409,38834.6,3.141,13549.4
1753769598008,06:13:18.008,binanceusdm,XRP/USDT:USDT,3.1408,33365.4,3.1407,7687.9,3.1409,38834.1,3.141,13549.4
1753769598112,06:13:18.112,binanceusdm,XRP/USDT:USDT,3.1408,31330.6,3.1407,5858.9,3.1409,38833.5,3.141,13549.4
1753769598214,06:13:18.214,binanceusdm,XRP/USDT:USDT,3.1408,31330.6,3.1407,5858.9,3.1409,38855.9,3.141,13549.4
1753769598329,06:13:18.329,binanceusdm,XRP/USDT:USDT,3.1408,31518.9,3.1407,5858.9,3.1409,39089.9,3.141,13549.4
1753769598437,06:13:18.437,binanceusdm,XRP/USDT:USDT,3.1408,29478.4,3.1407,1803.9,3.1409,39545.5,3.141,13549.4
1753769598538,06:13:18.538,binanceusdm,XRP/USDT:USDT,3.1407,366.9,3.1406,1705.7,3.1408,60150.2,3.1409,38039.2
1753769598640,06:13:18.640,binanceusdm,XRP/USDT:USDT,3.1404,14530.7,3.1403,1038.1,3.1405,27785.1,3.1406,25365.1
1753769598742,06:13:18.742,binanceusdm,XRP/USDT:USDT,3.1402,15655.6,3.1401,282.8,3.1403,15246.0,3.1404,20906.0
1753769598843,06:13:18.843,binanceusdm,XRP/USDT:USDT,3.1402,15660.9,3.1401,859.8,3.1403,15587.7,3.1404,16107.7
1753769598946,06:13:18.946,binanceusdm,XRP/USDT:USDT,3.1402,14331.7,3.1401,1387.4,3.1403,15580.2,3.1404,16146.2
1753769599049,06:13:19.049,binanceusdm,XRP/USDT:USDT,3.1402,14458.8,3.1401,1387.4,3.1403,6079.1,3.1404,15901.5
1753769599150,06:13:19.150,binanceusdm,XRP/USDT:USDT,3.1402,16028.7,3.1401,7028.4,3.1403,3464.7,3.1404,9760.9
1753769599253,06:13:19.253,binanceusdm,XRP/USDT:USDT,3.1402,14497.9,3.1401,5464.6,3.1403,1798.0,3.1404,3328.5
1753769599354,06:13:19.354,binanceusdm,XRP/USDT:USDT,3.1402,15398.9,3.1401,5464.6,3.1403,1819.1,3.1404,3309.1
1753769599456,06:13:19.456,binanceusdm,XRP/USDT:USDT,3.1402,15407.0,3.1401,5963.5,3.1403,1825.0,3.1404,3309.1
1753769599794,06:13:19.794,binanceusdm,XRP/USDT:USDT,3.1402,15861.3,3.1401,1963.5,3.1403,6658.5,3.1404,3309.1
1753769599903,06:13:19.903,binanceusdm,XRP/USDT:USDT,3.1402,15486.0,3.1401,1963.5,3.1403,6696.3,3.1404,3309.1
1753769600107,06:13:20.107,binanceusdm,XRP/USDT:USDT,3.1402,15047.3,3.1401,1963.5,3.1403,6991.9,3.1404,3328.5
1753769600211,06:13:20.211,binanceusdm,XRP/USDT:USDT,3.1402,14959.1,3.1401,1963.5,3.1403,7114.4,3.1404,3328.5
1753769600335,06:13:20.335,binanceusdm,XRP/USDT:USDT,3.1402,14969.9,3.1401,1963.5,3.1403,7343.8,3.1404,3328.5
1753769600449,06:13:20.449,binanceusdm,XRP/USDT:USDT,3.1402,15008.3,3.1401,1904.5,3.1403,9267.0,3.1404,3328.5
1753769600555,06:13:20.555,binanceusdm,XRP/USDT:USDT,3.1402,15372.9,3.1401,1904.5,3.1403,9267.0,3.1404,3328.5
1753769600658,06:13:20.658,binanceusdm,XRP/USDT:USDT,3.1402,15372.9,3.1401,1904.5,3.1403,9260.2,3.1404,3328.5
1753769600761,06:13:20.761,binanceusdm,XRP/USDT:USDT,3.1411,44783.4,3.141,27823.6,3.1412,316.4,3.1413,665.3
1753769600862,06:13:20.862,binanceusdm,XRP/USDT:USDT,3.1412,10543.5,3.1411,11347.8,3.1413,23022.8,3.1414,6492.7
1753769600963,06:13:20.963,binanceusdm,XRP/USDT:USDT,3.1412,9588.4,3.1411,9382.2,3.1413,23028.1,3.1414,6492.7
1753769601065,06:13:21.065,binanceusdm,XRP/USDT:USDT,3.1412,11916.1,3.1411,9382.2,3.1413,17750.8,3.1414,2778.6
1753769601167,06:13:21.167,binanceusdm,XRP/USDT:USDT,3.1412,11458.4,3.1411,9050.1,3.1413,14092.8,3.1414,6492.7
1753769601272,06:13:21.272,binanceusdm,XRP/USDT:USDT,3.1412,11504.4,3.1411,9050.1,3.1413,14092.8,3.1414,2778.6
1753769601376,06:13:21.376,binanceusdm,XRP/USDT:USDT,3.1412,9181.2,3.1411,9050.1,3.1413,14102.1,3.1414,2778.6
1753769601478,06:13:21.478,binanceusdm,XRP/USDT:USDT,3.1412,9181.2,3.1411,9050.1,3.1413,14102.1,3.1414,6492.7
1753769601920,06:13:21.920,binanceusdm,XRP/USDT:USDT,3.1412,9278.0,3.1411,9050.1,3.1413,18902.0,3.1414,11292.7
1753769602028,06:13:22.028,binanceusdm,XRP/USDT:USDT,3.1412,9278.0,3.1411,9050.1,3.1413,18902.0,3.1414,7578.6
1753769602232,06:13:22.232,binanceusdm,XRP/USDT:USDT,3.1412,5759.8,3.1411,4811.4,3.1413,19072.8,3.1414,18426.2
1753769602340,06:13:22.340,binanceusdm,XRP/USDT:USDT,3.1412,5710.8,3.1411,4811.4,3.1413,20266.7,3.1414,14202.1
1753769602553,06:13:22.553,binanceusdm,XRP/USDT:USDT,3.1412,5762.8,3.1411,5940.1,3.1413,20336.6,3.1414,10468.9
1753769602671,06:13:22.671,binanceusdm,XRP/USDT:USDT,3.1412,5762.8,3.1411,4829.6,3.1413,20432.1,3.1414,14130.7
1753769602876,06:13:22.876,binanceusdm,XRP/USDT:USDT,3.1412,5781.0,3.1411,6400.7,3.1413,19238.1,3.1414,10468.9
1753769602985,06:13:22.985,binanceusdm,XRP/USDT:USDT,3.1412,8511.0,3.1411,6400.7,3.1413,19069.2,3.1414,7578.6
1753769603197,06:13:23.197,binanceusdm,XRP/USDT:USDT,3.1412,13797.0,3.1411,15194.2,3.1413,368.7,3.1414,46.9
1753769603299,06:13:23.299,binanceusdm,XRP/USDT:USDT,3.1412,14355.8,3.1411,14715.4,3.1413,368.7,3.1414,2126.4
1753769603406,06:13:23.406,binanceusdm,XRP/USDT:USDT,3.1412,14514.0,3.1411,11150.8,3.1413,368.7,3.1414,2126.4
1753769603509,06:13:23.509,binanceusdm,XRP/USDT:USDT,3.1412,14712.0,3.1411,16559.1,3.1413,9.4,3.1414,2126.4
1753769603616,06:13:23.616,binanceusdm,XRP/USDT:USDT,3.1415,31456.7,3.1414,19315.5,3.1416,5849.3,3.1417,12.0
1753769603718,06:13:23.718,binanceusdm,XRP/USDT:USDT,3.1415,10122.0,3.1414,11558.7,3.1416,16819.7,3.1417,2485.0
1753769603821,06:13:23.821,binanceusdm,XRP/USDT:USDT,3.1415,9551.6,3.1414,5203.2,3.1416,16825.0,3.1417,9611.4
1753769603924,06:13:23.924,binanceusdm,XRP/USDT:USDT,3.1415,9072.8,3.1414,8397.2,3.1416,16825.0,3.1417,9625.7
1753769604029,06:13:24.029,binanceusdm,XRP/USDT:USDT,3.1415,11400.5,3.1414,8397.2,3.1416,15425.9,3.1417,2499.3
1753769604130,06:13:24.130,binanceusdm,XRP/USDT:USDT,3.1415,11400.5,3.1414,8397.2,3.1416,15425.9,3.1417,2499.3
1753769604242,06:13:24.242,binanceusdm,XRP/USDT:USDT,3.1415,11400.5,3.1414,8397.2,3.1416,15425.9,3.1417,2485.0
1753769604351,06:13:24.351,binanceusdm,XRP/USDT:USDT,3.1415,11565.4,3.1414,9580.1,3.1416,15425.9,3.1417,2485.0
1753769604459,06:13:24.459,binanceusdm,XRP/USDT:USDT,3.1415,11577.7,3.1414,9580.1,3.1416,15425.9,3.1417,2485.0
1753769604563,06:13:24.563,binanceusdm,XRP/USDT:USDT,3.1415,9256.4,3.1414,9580.1,3.1416,15425.9,3.1417,2485.0
1753769604668,06:13:24.668,binanceusdm,XRP/USDT:USDT,3.1415,8981.6,3.1414,9580.1,3.1416,19425.9,3.1417,2485.0
1753769604770,06:13:24.770,binanceusdm,XRP/USDT:USDT,3.1415,8661.2,3.1414,9580.1,3.1416,20227.8,3.1417,10610.4
1753769604876,06:13:24.876,binanceusdm,XRP/USDT:USDT,3.1415,8661.2,3.1414,9580.1,3.1416,21517.7,3.1417,10610.4
1753769604978,06:13:24.978,binanceusdm,XRP/USDT:USDT,3.1415,8661.2,3.1414,9580.1,3.1416,21517.7,3.1417,7285.0
1753769605099,06:13:25.099,binanceusdm,XRP/USDT:USDT,3.1415,8661.2,3.1414,9580.1,3.1416,20960.2,3.1417,7285.0
1753769605200,06:13:25.200,binanceusdm,XRP/USDT:USDT,3.1415,8661.2,3.1414,9580.1,3.1416,21077.4,3.1417,10610.4
1753769605301,06:13:25.301,binanceusdm,XRP/USDT:USDT,3.1415,8661.3,3.1414,9580.1,3.1416,21077.4,3.1417,7285.0
1753769605404,06:13:25.404,binanceusdm,XRP/USDT:USDT,3.1415,9218.0,3.1414,9580.1,3.1416,21077.4,3.1417,7285.0
1753769605506,06:13:25.506,binanceusdm,XRP/USDT:USDT,3.1415,14630.0,3.1414,13096.3,3.1416,4513.4,3.1417,2485.0
1753769605607,06:13:25.607,binanceusdm,XRP/USDT:USDT,3.1415,15198.5,3.1414,18193.7,3.1416,4640.7,3.1417,2485.0
1753769605710,06:13:25.710,binanceusdm,XRP/USDT:USDT,3.1415,15203.5,3.1414,19118.2,3.1416,4640.7,3.1417,2485.0
1753769605821,06:13:25.821,binanceusdm,XRP/USDT:USDT,3.1415,15203.5,3.1414,12011.1,3.1416,4640.7,3.1417,2485.0
1753769605925,06:13:25.925,binanceusdm,XRP/USDT:USDT,3.1415,15203.5,3.1414,10513.6,3.1416,4640.7,3.1417,2485.0
1753769606044,06:13:26.044,binanceusdm,XRP/USDT:USDT,3.1415,15203.5,3.1414,10513.6,3.1416,4640.7,3.1417,2485.0
1753769606163,06:13:26.163,binanceusdm,XRP/USDT:USDT,3.1415,16013.5,3.1414,10513.6,3.1416,4642.4,3.1417,2485.0
1753769606266,06:13:26.266,binanceusdm,XRP/USDT:USDT,3.1415,16381.1,3.1414,10513.6,3.1416,4642.4,3.1417,2485.0
1753769606367,06:13:26.367,binanceusdm,XRP/USDT:USDT,3.1415,16926.0,3.1414,10513.6,3.1416,4642.4,3.1417,2485.0
1753769606471,06:13:26.471,binanceusdm,XRP/USDT:USDT,3.1415,17013.4,3.1414,10513.6,3.1416,4642.4,3.1417,12.0
1753769606574,06:13:26.574,binanceusdm,XRP/USDT:USDT,3.1415,22378.9,3.1414,21301.2,3.1416,4377.8,3.1417,12.0
1753769606676,06:13:26.676,binanceusdm,XRP/USDT:USDT,3.1415,22385.3,3.1414,21301.2,3.1416,4377.8,3.1417,12.0
1753769606777,06:13:26.777,binanceusdm,XRP/USDT:USDT,3.1415,69060.4,3.1414,12280.9,3.1416,4375.9,3.1417,12.0
1753769606882,06:13:26.882,binanceusdm,XRP/USDT:USDT,3.1418,54374.2,3.1417,48963.9,3.1419,5280.1,3.142,4971.2
1753769606984,06:13:26.984,binanceusdm,XRP/USDT:USDT,3.1418,55764.0,3.1417,52334.9,3.1419,480.1,3.142,8965.0
1753769607086,06:13:27.086,binanceusdm,XRP/USDT:USDT,3.1418,52072.6,3.1417,41598.8,3.1419,8283.0,3.142,8806.0
1753769607187,06:13:27.187,binanceusdm,XRP/USDT:USDT,3.1418,48429.5,3.1417,38132.8,3.1419,2967.7,3.142,8806.0
1753769607288,06:13:27.288,binanceusdm,XRP/USDT:USDT,3.1418,48448.4,3.1417,37942.0,3.1419,480.0,3.142,8806.0
1753769607393,06:13:27.393,binanceusdm,XRP/USDT:USDT,3.1418,48577.5,3.1417,38132.8,3.1419,485.3,3.142,8806.0
1753769607503,06:13:27.503,binanceusdm,XRP/USDT:USDT,3.1418,49249.1,3.1417,38132.8,3.1419,485.3,3.142,8806.0
1753769607612,06:13:27.612,binanceusdm,XRP/USDT:USDT,3.1418,49339.5,3.1417,38132.8,3.1419,2673.4,3.142,8806.0
1753769607717,06:13:27.717,binanceusdm,XRP/USDT:USDT,3.1418,49525.4,3.1417,38132.8,3.1419,7468.1,3.142,8806.0
1753769607820,06:13:27.820,binanceusdm,XRP/USDT:USDT,3.1418,49535.1,3.1417,37120.8,3.1419,7473.4,3.142,8806.0
1753769607933,06:13:27.933,binanceusdm,XRP/USDT:USDT,3.1418,49535.1,3.1417,37120.8,3.1419,7473.4,3.142,8806.0
1753769608035,06:13:28.035,binanceusdm,XRP/USDT:USDT,3.1418,49535.1,3.1417,37120.8,3.1419,7473.4,3.142,8806.0
1753769608161,06:13:28.161,binanceusdm,XRP/USDT:USDT,3.1418,49535.1,3.1417,37120.8,3.1419,7473.4,3.142,8806.0
1753769608268,06:13:28.268,binanceusdm,XRP/USDT:USDT,3.1418,49547.8,3.1417,37120.8,3.1419,7473.4,3.142,8806.0
1753769608376,06:13:28.376,binanceusdm,XRP/USDT:USDT,3.1418,49614.2,3.1417,37120.8,3.1419,7473.4,3.142,8806.0
1753769608479,06:13:28.479,binanceusdm,XRP/USDT:USDT,3.1418,49614.2,3.1417,37120.8,3.1419,7473.4,3.142,8806.0
1753769608588,06:13:28.588,binanceusdm,XRP/USDT:USDT,3.1418,49620.6,3.1417,37120.8,3.1419,7973.4,3.142,8806.0
1753769608690,06:13:28.690,binanceusdm,XRP/USDT:USDT,3.1418,23224.1,3.1417,30340.5,3.1419,20659.9,3.142,11880.6
1753769608792,06:13:28.792,binanceusdm,XRP/USDT:USDT,3.1418,21932.0,3.1417,30340.5,3.1419,20659.8,3.142,11880.6
1753769608894,06:13:28.894,binanceusdm,XRP/USDT:USDT,3.1418,21913.8,3.1417,24711.2,3.1419,20659.8,3.142,11880.6
1753769609000,06:13:29.000,binanceusdm,XRP/USDT:USDT,3.1418,21913.8,3.1417,24711.2,3.1419,20659.8,3.142,11880.6
1753769609101,06:13:29.101,binanceusdm,XRP/USDT:USDT,3.1418,21913.8,3.1417,24711.2,3.1419,20659.8,3.142,11880.6
1753769609208,06:13:29.208,binanceusdm,XRP/USDT:USDT,3.1418,21913.8,3.1417,24711.2,3.1419,20659.8,3.142,8806.0
1753769609312,06:13:29.312,binanceusdm,XRP/USDT:USDT,3.1418,21920.3,3.1417,24711.2,3.1419,20653.7,3.142,8806.0
1753769609415,06:13:29.415,binanceusdm,XRP/USDT:USDT,3.1418,21837.5,3.1417,24711.2,3.1419,20903.1,3.142,8806.0
1753769609532,06:13:29.532,binanceusdm,XRP/USDT:USDT,3.1418,21845.0,3.1417,24711.2,3.1419,20903.1,3.142,8806.0
1753769609633,06:13:29.633,binanceusdm,XRP/USDT:USDT,3.1418,21917.0,3.1417,24711.2,3.1419,20903.1,3.142,8806.0
1753769609741,06:13:29.741,binanceusdm,XRP/USDT:USDT,3.1418,22027.1,3.1417,24711.2,3.1419,20811.3,3.142,8806.0
1753769609849,06:13:29.849,binanceusdm,XRP/USDT:USDT,3.1418,21960.4,3.1417,24711.2,3.1419,20808.9,3.142,8806.0
1753769609951,06:13:29.951,binanceusdm,XRP/USDT:USDT,3.1418,22025.8,3.1417,24909.2,3.1419,20844.6,3.142,8806.0
1753769610267,06:13:30.267,binanceusdm,XRP/USDT:USDT,3.1418,21248.0,3.1417,24718.4,3.1419,21268.7,3.142,2968.7
1753769610373,06:13:30.373,binanceusdm,XRP/USDT:USDT,3.1418,21262.9,3.1417,24718.4,3.1419,21268.9,3.142,4072.9
1753769610477,06:13:30.477,binanceusdm,XRP/USDT:USDT,3.1418,21262.8,3.1417,24718.4,3.1419,21268.9,3.142,4072.9
1753769610805,06:13:30.805,binanceusdm,XRP/USDT:USDT,3.1418,21343.4,3.1417,24909.2,3.1419,1585.3,3.142,4067.6
1753769611021,06:13:31.021,binanceusdm,XRP/USDT:USDT,3.1418,21366.6,3.1417,24909.2,3.1419,1580.5,3.142,6409.8
1753769611232,06:13:31.232,binanceusdm,XRP/USDT:USDT,3.1418,21255.9,3.1417,24909.2,3.1419,1583.1,3.142,6409.8
1753769611336,06:13:31.336,binanceusdm,XRP/USDT:USDT,3.1418,21255.2,3.1417,27328.2,3.1419,1581.0,3.142,4067.6
1753769611437,06:13:31.437,binanceusdm,XRP/USDT:USDT,3.1418,21010.0,3.1417,24909.2,3.1419,1581.0,3.142,4067.6
1753769611540,06:13:31.540,binanceusdm,XRP/USDT:USDT,3.1418,21496.8,3.1417,24909.2,3.1419,1958.0,3.142,6106.8
1753769611750,06:13:31.750,binanceusdm,XRP/USDT:USDT,3.1418,24307.4,3.1417,27709.8,3.1419,1865.5,3.142,6446.7
1753769611864,06:13:31.864,binanceusdm,XRP/USDT:USDT,3.1418,24229.0,3.1417,27631.4,3.1419,1868.1,3.142,6446.7
1753769611975,06:13:31.975,binanceusdm,XRP/USDT:USDT,3.1418,24229.0,3.1417,27631.4,3.1419,1868.1,3.142,6446.7
1753769612322,06:13:32.322,binanceusdm,XRP/USDT:USDT,3.1418,21463.3,3.1417,24909.2,3.1419,1861.1,3.142,6446.7
1753769612425,06:13:32.425,binanceusdm,XRP/USDT:USDT,3.1418,21472.0,3.1417,24909.2,3.1419,1861.2,3.142,6446.7
1753769612527,06:13:32.527,binanceusdm,XRP/USDT:USDT,3.1418,21539.0,3.1417,24909.2,3.1419,1861.2,3.142,6446.7
1753769612628,06:13:32.628,binanceusdm,XRP/USDT:USDT,3.1418,21541.0,3.1417,24909.2,3.1419,11876.4,3.142,6446.7
1753769612842,06:13:32.842,binanceusdm,XRP/USDT:USDT,3.1418,21559.9,3.1417,24909.2,3.1419,11876.4,3.142,6446.7
1753769612945,06:13:32.945,binanceusdm,XRP/USDT:USDT,3.1418,21559.9,3.1417,24909.2,3.1419,11870.0,3.142,6446.7
1753769613051,06:13:33.051,binanceusdm,XRP/USDT:USDT,3.1418,21559.9,3.1417,24909.2,3.1419,11870.0,3.142,6484.3
1753769613156,06:13:33.156,binanceusdm,XRP/USDT:USDT,3.1418,21559.9,3.1417,24909.2,3.1419,11870.0,3.142,6484.3
1753769613275,06:13:33.275,binanceusdm,XRP/USDT:USDT,3.1418,22025.0,3.1417,24909.2,3.1419,11870.0,3.142,6484.3
1753769613377,06:13:33.377,binanceusdm,XRP/USDT:USDT,3.1418,22588.9,3.1417,24909.2,3.1419,11536.1,3.142,6484.3
1753769613503,06:13:33.503,binanceusdm,XRP/USDT:USDT,3.1418,22544.1,3.1417,24909.2,3.1419,11536.1,3.142,6484.3
1753769613718,06:13:33.718,binanceusdm,XRP/USDT:USDT,3.1418,22644.2,3.1417,27482.2,3.1419,11445.9,3.142,6484.3
1753769613824,06:13:33.824,binanceusdm,XRP/USDT:USDT,3.1418,22636.6,3.1417,24909.2,3.1419,11445.9,3.142,6484.3
1753769613925,06:13:33.925,binanceusdm,XRP/USDT:USDT,3.1418,6950.1,3.1417,3633.8,3.1419,13850.1,3.142,14404.8
1753769614029,06:13:34.029,binanceusdm,XRP/USDT:USDT,3.1417,4850.0,3.1416,27837.0,3.1418,54357.2,3.1419,14254.0
1753769614240,06:13:34.240,binanceusdm,XRP/USDT:USDT,3.1417,13508.8,3.1416,23852.5,3.1418,17650.1,3.1419,11196.5
1753769614652,06:13:34.652,binanceusdm,XRP/USDT:USDT,3.1415,50321.1,3.1414,488.0,3.1416,55619.0,3.1417,30611.7
1753769615183,06:13:35.183,binanceusdm,XRP/USDT:USDT,3.1415,51962.7,3.1414,5396.6,3.1416,12254.7,3.1417,13371.4
1753769615286,06:13:35.286,binanceusdm,XRP/USDT:USDT,3.1415,51773.6,3.1414,5396.6,3.1416,3823.7,3.1417,8156.2
1753769615387,06:13:35.387,binanceusdm,XRP/USDT:USDT,3.1415,51773.6,3.1414,5587.4,3.1416,1374.5,3.1417,3592.9
1753769615500,06:13:35.500,binanceusdm,XRP/USDT:USDT,3.1415,51772.0,3.1414,3125.6,3.1416,1410.7,3.1417,8260.1
1753769615603,06:13:35.603,binanceusdm,XRP/USDT:USDT,3.1415,51867.3,3.1414,3125.6,3.1416,1410.7,3.1417,8260.1
1753769615707,06:13:35.707,binanceusdm,XRP/USDT:USDT,3.1415,51591.9,3.1414,3125.6,3.1416,14290.0,3.1417,8260.1
1753769615808,06:13:35.808,binanceusdm,XRP/USDT:USDT,3.1415,51591.9,3.1414,3125.6,3.1416,14295.3,3.1417,8260.1
1753769615919,06:13:35.919,binanceusdm,XRP/USDT:USDT,3.1415,51591.9,3.1414,3125.6,3.1416,14295.3,3.1417,8260.1
1753769616050,06:13:36.050,binanceusdm,XRP/USDT:USDT,3.1415,51121.3,3.1414,3125.6,3.1416,19150.8,3.1417,8205.9
1753769616154,06:13:36.154,binanceusdm,XRP/USDT:USDT,3.1415,51311.3,3.1414,5023.5,3.1416,566.2,3.1417,3505.9
1753769616257,06:13:36.257,binanceusdm,XRP/USDT:USDT,3.1415,51311.3,3.1414,5269.0,3.1416,566.2,3.1417,3505.9
1753769616360,06:13:36.360,binanceusdm,XRP/USDT:USDT,3.1415,51311.3,3.1414,5269.0,3.1416,566.2,3.1417,3505.9
1753769616497,06:13:36.497,binanceusdm,XRP/USDT:USDT,3.1415,51344.1,3.1414,3118.1,3.1416,615.1,3.1417,3505.9
1753769616600,06:13:36.600,binanceusdm,XRP/USDT:USDT,3.1415,51324.7,3.1414,3118.1,3.1416,615.1,3.1417,3505.9
1753769616711,06:13:36.711,binanceusdm,XRP/USDT:USDT,3.1415,51321.1,3.1414,3118.1,3.1416,1045.4,3.1417,3505.9
1753769616818,06:13:36.818,binanceusdm,XRP/USDT:USDT,3.1415,51321.1,3.1414,3118.1,3.1416,1045.4,3.1417,5832.3
1753769616921,06:13:36.921,binanceusdm,XRP/USDT:USDT,3.1415,51321.1,3.1414,3118.1,3.1416,1045.4,3.1417,5832.3
1753769617037,06:13:37.037,binanceusdm,XRP/USDT:USDT,3.1415,51321.1,3.1414,3118.1,3.1416,1045.4,3.1417,5832.3
1753769617140,06:13:37.140,binanceusdm,XRP/USDT:USDT,3.1415,51321.1,3.1414,3118.1,3.1416,20339.1,3.1417,7983.2
1753769617241,06:13:37.241,binanceusdm,XRP/USDT:USDT,3.1415,51132.8,3.1414,2946.1,3.1416,37574.9,3.1417,7984.9
1753769617656,06:13:37.656,binanceusdm,XRP/USDT:USDT,3.1415,51431.9,3.1414,2946.1,3.1416,5899.9,3.1417,5832.3
1753769617757,06:13:37.757,binanceusdm,XRP/USDT:USDT,3.1415,51431.9,3.1414,2946.1,3.1416,5899.9,3.1417,5832.3
1753769617858,06:13:37.858,binanceusdm,XRP/USDT:USDT,3.1415,51431.9,3.1414,2946.1,3.1416,5905.2,3.1417,5832.3
1753769617961,06:13:37.961,binanceusdm,XRP/USDT:USDT,3.1415,51431.9,3.1414,2946.1,3.1416,15460.5,3.1417,7866.0
1753769618064,06:13:38.064,binanceusdm,XRP/USDT:USDT,3.1415,50763.1,3.1414,3424.9,3.1416,15460.5,3.1417,7866.0
1753769618381,06:13:38.381,binanceusdm,XRP/USDT:USDT,3.1415,50763.2,3.1414,3424.9,3.1416,15462.7,3.1417,5832.3
1753769618911,06:13:38.911,binanceusdm,XRP/USDT:USDT,3.1415,51083.8,3.1414,5514.3,3.1416,1111.7,3.1417,2329.8
1753769619016,06:13:39.016,binanceusdm,XRP/USDT:USDT,3.1415,51562.6,3.1414,5067.3,3.1416,1111.7,3.1417,2329.8
1753769619132,06:13:39.132,binanceusdm,XRP/USDT:USDT,3.1415,51755.8,3.1414,4685.7,3.1416,1111.9,3.1417,2329.8
1753769619237,06:13:39.237,binanceusdm,XRP/USDT:USDT,3.1415,51758.7,3.1414,5067.3,3.1416,1275.4,3.1417,2329.8
1753769619338,06:13:39.338,binanceusdm,XRP/USDT:USDT,3.1415,51758.7,3.1414,5067.3,3.1416,1275.4,3.1417,2329.8
1753769619444,06:13:39.444,binanceusdm,XRP/USDT:USDT,3.1415,51758.7,3.1414,5067.3,3.1416,1446.9,3.1417,2329.8
1753769619551,06:13:39.551,binanceusdm,XRP/USDT:USDT,3.1415,51991.6,3.1414,5067.3,3.1416,1412.9,3.1417,2329.8
1753769619664,06:13:39.664,binanceusdm,XRP/USDT:USDT,3.1415,51991.6,3.1414,5067.3,3.1416,1412.9,3.1417,2329.8
1753769619769,06:13:39.769,binanceusdm,XRP/USDT:USDT,3.1415,51957.8,3.1414,3033.6,3.1416,1377.2,3.1417,2329.8
1753769619871,06:13:39.871,binanceusdm,XRP/USDT:USDT,3.1415,51855.6,3.1414,3033.6,3.1416,1414.3,3.1417,2329.8
1753769619979,06:13:39.979,binanceusdm,XRP/USDT:USDT,3.1415,51726.2,3.1414,3033.6,3.1416,1607.4,3.1417,6229.8
1753769620081,06:13:40.081,binanceusdm,XRP/USDT:USDT,3.1415,51532.0,3.1414,3033.6,3.1416,1413.2,3.1417,2329.8
1753769620188,06:13:40.188,binanceusdm,XRP/USDT:USDT,3.1415,51531.6,3.1414,3033.6,3.1416,1413.2,3.1417,2329.8
1753769620295,06:13:40.295,binanceusdm,XRP/USDT:USDT,3.1415,51531.0,3.1414,3033.6,3.1416,1413.2,3.1417,2329.8
1753769620591,06:13:40.591,binanceusdm,XRP/USDT:USDT,3.1415,51556.1,3.1414,3033.6,3.1416,1621.6,3.1417,2329.8
1753769620822,06:13:40.822,binanceusdm,XRP/USDT:USDT,3.1415,51568.6,3.1414,4930.2,3.1416,1621.6,3.1417,2329.8
1753769620925,06:13:40.925,binanceusdm,XRP/USDT:USDT,3.1416,60052.3,3.1415,56071.4,3.1417,2331.7,3.1418,194.2
1753769621027,06:13:41.027,binanceusdm,XRP/USDT:USDT,3.1416,60057.6,3.1415,56071.4,3.1417,2333.6,3.1418,2245.8
1753769621264,06:13:41.264,binanceusdm,XRP/USDT:USDT,3.1416,58438.0,3.1415,54031.0,3.1417,2336.5,3.1418,2245.8
1753769621391,06:13:41.391,binanceusdm,XRP/USDT:USDT,3.1416,58438.0,3.1415,54031.0,3.1417,2336.5,3.1418,2245.8
1753769621495,06:13:41.495,binanceusdm,XRP/USDT:USDT,3.1416,58572.3,3.1415,53899.7,3.1417,2336.5,3.1418,2245.8
1753769621597,06:13:41.597,binanceusdm,XRP/USDT:USDT,3.1416,58659.6,3.1415,53899.7,3.1417,2338.2,3.1418,2245.8
1753769621699,06:13:41.699,binanceusdm,XRP/USDT:USDT,3.1416,58662.1,3.1415,53899.7,3.1417,2338.2,3.1418,2245.8
1753769621808,06:13:41.808,binanceusdm,XRP/USDT:USDT,3.1416,61475.4,3.1415,54775.6,3.1417,2336.2,3.1418,2245.8
1753769621912,06:13:41.912,binanceusdm,XRP/USDT:USDT,3.1416,61475.4,3.1415,54775.6,3.1417,2336.2,3.1418,2245.8
1753769622033,06:13:42.033,binanceusdm,XRP/USDT:USDT,3.1416,61475.4,3.1415,54775.6,3.1417,2336.2,3.1418,2245.8
1753769622137,06:13:42.137,binanceusdm,XRP/USDT:USDT,3.1416,61482.1,3.1415,54767.4,3.1417,2336.2,3.1418,2245.8
1753769622295,06:13:42.295,binanceusdm,XRP/USDT:USDT,3.1416,59992.0,3.1415,52923.8,3.1417,2336.2,3.1418,2245.8
1753769622399,06:13:42.399,binanceusdm,XRP/USDT:USDT,3.1416,49134.5,3.1415,52625.3,3.1417,2336.2,3.1418,4975.8
1753769622723,06:13:42.723,binanceusdm,XRP/USDT:USDT,3.1416,25741.3,3.1415,52474.2,3.1417,17446.8,3.1418,9735.9
1753769622838,06:13:42.838,binanceusdm,XRP/USDT:USDT,3.1416,28716.7,3.1415,52474.2,3.1417,15191.1,3.1418,7480.2
1753769622941,06:13:42.941,binanceusdm,XRP/USDT:USDT,3.1416,28906.7,3.1415,52474.2,3.1417,7143.2,3.1418,7480.2
1753769623042,06:13:43.042,binanceusdm,XRP/USDT:USDT,3.1416,31624.0,3.1415,54280.3,3.1417,2343.2,3.1418,4750.2
1753769623148,06:13:43.148,binanceusdm,XRP/USDT:USDT,3.1416,31624.0,3.1415,54280.3,3.1417,2343.2,3.1418,4750.2
1753769623251,06:13:43.251,binanceusdm,XRP/USDT:USDT,3.1416,31608.6,3.1415,52474.2,3.1417,2344.1,3.1418,4750.2
1753769623353,06:13:43.353,binanceusdm,XRP/USDT:USDT,3.1416,31631.5,3.1415,52474.2,3.1417,2344.1,3.1418,4750.2
1753769623454,06:13:43.454,binanceusdm,XRP/USDT:USDT,3.1416,31631.5,3.1415,54246.5,3.1417,2344.1,3.1418,4750.2
1753769623558,06:13:43.558,binanceusdm,XRP/USDT:USDT,3.1416,31737.8,3.1415,54246.5,3.1417,2647.3,3.1418,4750.2
1753769623865,06:13:43.865,binanceusdm,XRP/USDT:USDT,3.1416,31742.7,3.1415,52474.2,3.1417,8862.3,3.1418,7480.2
1753769624091,06:13:44.091,binanceusdm,XRP/USDT:USDT,3.1416,31742.7,3.1415,52474.2,3.1417,8862.3,3.1418,7480.2
1753769624425,06:13:44.425,binanceusdm,XRP/USDT:USDT,3.1416,31725.9,3.1415,52846.9,3.1417,2461.1,3.1418,7480.2
1753769624527,06:13:44.527,binanceusdm,XRP/USDT:USDT,3.1416,34010.6,3.1415,54580.5,3.1417,2451.7,3.1418,7480.2
1753769624631,06:13:44.631,binanceusdm,XRP/USDT:USDT,3.1416,34016.7,3.1415,54580.5,3.1417,2451.7,3.1418,4750.2
1753769624733,06:13:44.733,binanceusdm,XRP/USDT:USDT,3.1416,34022.9,3.1415,54580.5,3.1417,2451.7,3.1418,4750.2
1753769624849,06:13:44.849,binanceusdm,XRP/USDT:USDT,3.1416,34024.8,3.1415,54578.6,3.1417,2451.7,3.1418,4750.2
1753769624973,06:13:44.973,binanceusdm,XRP/USDT:USDT,3.1416,34191.5,3.1415,54578.6,3.1417,2451.7,3.1418,4750.2
1753769625178,06:13:45.178,binanceusdm,XRP/USDT:USDT,3.1416,34191.5,3.1415,54572.4,3.1417,2464.3,3.1418,4750.2
1753769625282,06:13:45.282,binanceusdm,XRP/USDT:USDT,3.1416,32258.1,3.1415,52841.2,3.1417,2464.3,3.1418,4750.2
1753769625385,06:13:45.385,binanceusdm,XRP/USDT:USDT,3.1416,32462.0,3.1415,52841.2,3.1417,2464.3,3.1418,4750.2
1753769625488,06:13:45.488,binanceusdm,XRP/USDT:USDT,3.1416,32466.5,3.1415,54572.4,3.1417,2464.3,3.1418,2254.8
1753769625592,06:13:45.592,binanceusdm,XRP/USDT:USDT,3.1416,32559.5,3.1415,54381.6,3.1417,2141.3,3.1418,2254.8
1753769625699,06:13:45.699,binanceusdm,XRP/USDT:USDT,3.1416,32565.3,3.1415,54477.1,3.1417,2050.3,3.1418,2254.8
1753769625803,06:13:45.803,binanceusdm,XRP/USDT:USDT,3.1416,32567.2,3.1415,54485.5,3.1417,2048.4,3.1418,2254.8
1753769625917,06:13:45.917,binanceusdm,XRP/USDT:USDT,3.1416,32909.8,3.1415,54485.5,3.1417,2048.4,3.1418,3338.5
1753769626049,06:13:46.049,binanceusdm,XRP/USDT:USDT,3.1416,32909.8,3.1415,54485.5,3.1417,2048.4,3.1418,3338.5
1753769626150,06:13:46.150,binanceusdm,XRP/USDT:USDT,3.1416,32909.8,3.1415,54485.5,3.1417,2048.4,3.1418,3338.5
1753769626269,06:13:46.269,binanceusdm,XRP/USDT:USDT,3.1416,32915.3,3.1415,52754.3,3.1417,2048.4,3.1418,3338.5
1753769626372,06:13:46.372,binanceusdm,XRP/USDT:USDT,3.1416,32914.6,3.1415,52381.6,3.1417,2048.4,3.1418,3338.5
1753769626511,06:13:46.511,binanceusdm,XRP/USDT:USDT,3.1416,32960.5,3.1415,56595.3,3.1417,2350.3,3.1418,3338.5
1753769626612,06:13:46.612,binanceusdm,XRP/USDT:USDT,3.1416,32961.4,3.1415,56595.3,3.1417,2350.3,3.1418,3338.5
1753769626732,06:13:46.732,binanceusdm,XRP/USDT:USDT,3.1416,32959.5,3.1415,56597.2,3.1417,2350.3,3.1418,3338.5
1753769626839,06:13:46.839,binanceusdm,XRP/USDT:USDT,3.1416,33150.3,3.1415,57895.1,3.1417,2344.3,3.1418,1286.9
1753769626941,06:13:46.941,binanceusdm,XRP/USDT:USDT,3.1416,29996.8,3.1415,56588.8,3.1417,2344.3,3.1418,3340.1
1753769627044,06:13:47.044,binanceusdm,XRP/USDT:USDT,3.1416,29996.8,3.1415,56588.8,3.1417,2344.3,3.1418,3340.1
1753769627149,06:13:47.149,binanceusdm,XRP/USDT:USDT,3.1418,43229.9,3.1417,45664.8,3.1419,1874.1,3.142,6505.1
1753769627250,06:13:47.250,binanceusdm,XRP/USDT:USDT,3.1419,59095.1,3.1418,35844.9,3.142,8896.6,3.1421,3834.2
1753769627354,06:13:47.354,binanceusdm,XRP/USDT:USDT,3.1419,59283.1,3.1418,35844.9,3.142,8901.9,3.1421,3834.2
1753769627455,06:13:47.455,binanceusdm,XRP/USDT:USDT,3.1419,59283.1,3.1418,35656.0,3.142,8901.9,3.1421,3834.2
1753769627560,06:13:47.560,binanceusdm,XRP/USDT:USDT,3.1419,60078.9,3.1418,35656.0,3.142,8901.9,3.1421,3834.2
1753769627763,06:13:47.763,binanceusdm,XRP/USDT:USDT,3.1419,63674.0,3.1418,35175.3,3.142,3901.6,3.1421,6306.2
1753769627866,06:13:47.866,binanceusdm,XRP/USDT:USDT,3.142,51222.7,3.1419,41630.0,3.1421,2662.2,3.1422,5404.0
1753769627970,06:13:47.970,binanceusdm,XRP/USDT:USDT,3.142,51832.1,3.1419,39342.0,3.1421,4187.1,3.1422,2515.0
1753769628092,06:13:48.092,binanceusdm,XRP/USDT:USDT,3.142,51639.0,3.1419,36055.3,3.1421,12062.8,3.1422,2515.0
1753769628193,06:13:48.193,binanceusdm,XRP/USDT:USDT,3.142,36887.1,3.1419,36048.5,3.1421,6283.7,3.1422,2515.0
1753769628295,06:13:48.295,binanceusdm,XRP/USDT:USDT,3.142,36911.8,3.1419,35239.2,3.1421,6283.7,3.1422,2515.0
1753769628396,06:13:48.396,binanceusdm,XRP/USDT:USDT,3.142,37115.3,3.1419,35063.3,3.1421,6283.7,3.1422,2515.0
1753769628500,06:13:48.500,binanceusdm,XRP/USDT:USDT,3.142,37290.0,3.1419,34883.8,3.1421,6283.7,3.1422,2515.0
1753769628608,06:13:48.608,binanceusdm,XRP/USDT:USDT,3.142,37310.0,3.1419,34818.0,3.1421,6349.7,3.1422,2515.0
1753769628710,06:13:48.710,binanceusdm,XRP/USDT:USDT,3.142,37308.1,3.1419,34818.0,3.1421,3126.3,3.1422,2515.0
1753769628813,06:13:48.813,binanceusdm,XRP/USDT:USDT,3.1422,46773.2,3.1421,30898.4,3.1423,4830.1,3.1424,3023.7
1753769629016,06:13:49.016,binanceusdm,XRP/USDT:USDT,3.1422,56412.7,3.1421,32331.6,3.1423,6890.7,3.1424,7015.2
1753769629236,06:13:49.236,binanceusdm,XRP/USDT:USDT,3.1422,49163.0,3.1421,32331.6,3.1423,10584.2,3.1424,9515.2
1753769629338,06:13:49.338,binanceusdm,XRP/USDT:USDT,3.1422,49166.4,3.1421,32331.6,3.1423,10650.7,3.1424,9515.2
1753769629451,06:13:49.451,binanceusdm,XRP/USDT:USDT,3.1422,44779.9,3.1421,32331.6,3.1423,10650.7,3.1424,9515.2
1753769629965,06:13:49.965,binanceusdm,XRP/USDT:USDT,3.1416,22527.4,3.1415,62322.0,3.1417,9716.5,3.1418,12946.9
1753769630088,06:13:50.088,binanceusdm,XRP/USDT:USDT,3.1416,22535.2,3.1415,63104.8,3.1417,2045.8,3.1418,12946.9
1753769630190,06:13:50.190,binanceusdm,XRP/USDT:USDT,3.1416,26870.8,3.1415,70085.4,3.1417,2045.8,3.1418,9444.4
1753769630292,06:13:50.292,binanceusdm,XRP/USDT:USDT,3.1416,26870.8,3.1415,70085.4,3.1417,2270.8,3.1418,9444.4
1753769630396,06:13:50.396,binanceusdm,XRP/USDT:USDT,3.1416,27709.8,3.1415,70085.4,3.1417,233.8,3.1418,376.1
1753769630497,06:13:50.497,binanceusdm,XRP/USDT:USDT,3.1416,27744.8,3.1415,70085.4,3.1417,233.8,3.1418,2712.9
1753769630600,06:13:50.600,binanceusdm,XRP/USDT:USDT,3.1416,32387.1,3.1415,70087.8,3.1417,544.4,3.1418,2711.2
1753769630701,06:13:50.701,binanceusdm,XRP/USDT:USDT,3.1421,12076.0,3.142,8342.7,3.1422,37756.2,3.1423,24669.9
1753769630802,06:13:50.802,binanceusdm,XRP/USDT:USDT,3.1421,239.8,3.142,5582.6,3.1422,40153.1,3.1423,29991.6
1753769631013,06:13:51.013,binanceusdm,XRP/USDT:USDT,3.1421,221.6,3.142,21.6,3.1422,40146.6,3.1423,24482.6
1753769631117,06:13:51.117,binanceusdm,XRP/USDT:USDT,3.1421,221.6,3.142,21.6,3.1422,40150.5,3.1423,24323.6
1753769631219,06:13:51.219,binanceusdm,XRP/USDT:USDT,3.1421,221.6,3.142,21.6,3.1422,40152.2,3.1423,24323.6
1753769631322,06:13:51.322,binanceusdm,XRP/USDT:USDT,3.1421,221.6,3.142,21.6,3.1422,41345.7,3.1423,24323.6
1753769631442,06:13:51.442,binanceusdm,XRP/USDT:USDT,3.1419,4979.8,3.1418,15336.8,3.142,40558.2,3.1421,32354.8
1753769631546,06:13:51.546,binanceusdm,XRP/USDT:USDT,3.1419,16980.0,3.1418,11868.5,3.142,30290.5,3.1421,16746.4
1753769631647,06:13:51.647,binanceusdm,XRP/USDT:USDT,3.1419,17886.6,3.1418,19248.1,3.142,14479.7,3.1421,15846.4
1753769631750,06:13:51.750,binanceusdm,XRP/USDT:USDT,3.1419,17224.6,3.1418,19248.1,3.142,14424.7,3.1421,15846.4
1753769631988,06:13:51.988,binanceusdm,XRP/USDT:USDT,3.1419,17224.6,3.1418,11868.5,3.142,14428.1,3.1421,15846.4
1753769632098,06:13:52.098,binanceusdm,XRP/USDT:USDT,3.1419,14833.5,3.1418,11868.5,3.142,14429.7,3.1421,15846.4
1753769632201,06:13:52.201,binanceusdm,XRP/USDT:USDT,3.1419,14809.0,3.1418,11868.5,3.142,14444.0,3.1421,15846.4
1753769632302,06:13:52.302,binanceusdm,XRP/USDT:USDT,3.1419,14817.0,3.1418,11868.5,3.142,14444.0,3.1421,15846.4
1753769632621,06:13:52.621,binanceusdm,XRP/USDT:USDT,3.1416,1897.7,3.1415,57848.4,3.1417,46883.0,3.1418,35441.8
1753769632726,06:13:52.726,binanceusdm,XRP/USDT:USDT,3.1416,1897.7,3.1415,57848.4,3.1417,45814.4,3.1418,35456.0
1753769633150,06:13:53.150,binanceusdm,XRP/USDT:USDT,3.1416,21239.0,3.1415,64352.4,3.1417,3471.3,3.1418,9322.5
1753769633257,06:13:53.257,binanceusdm,XRP/USDT:USDT,3.1416,21282.3,3.1415,64813.0,3.1417,3476.4,3.1418,6822.5
1753769633364,06:13:53.364,binanceusdm,XRP/USDT:USDT,3.1416,17463.5,3.1415,54887.5,3.1417,14971.5,3.1418,6822.5
1753769633585,06:13:53.585,binanceusdm,XRP/USDT:USDT,3.1416,15635.3,3.1415,62260.1,3.1417,8289.6,3.1418,6822.5
1753769633688,06:13:53.688,binanceusdm,XRP/USDT:USDT,3.1416,15547.2,3.1415,57027.7,3.1417,10839.0,3.1418,6822.5
1753769633791,06:13:53.791,binanceusdm,XRP/USDT:USDT,3.1416,15544.8,3.1415,56258.9,3.1417,12293.8,3.1418,6822.5
1753769633918,06:13:53.918,binanceusdm,XRP/USDT:USDT,3.1416,13919.5,3.1415,56155.7,3.1417,10841.8,3.1418,6822.5
1753769634020,06:13:54.020,binanceusdm,XRP/USDT:USDT,3.1416,8889.1,3.1415,54986.3,3.1417,17523.7,3.1418,6847.8
1753769634235,06:13:54.235,binanceusdm,XRP/USDT:USDT,3.1416,5582.4,3.1415,50312.0,3.1417,17560.5,3.1418,9347.8
1753769634351,06:13:54.351,binanceusdm,XRP/USDT:USDT,3.1416,5582.4,3.1415,50312.0,3.1417,17560.5,3.1418,9347.8
1753769634453,06:13:54.453,binanceusdm,XRP/USDT:USDT,3.1416,5582.4,3.1415,50312.0,3.1417,17560.5,3.1418,9347.8
1753769634561,06:13:54.561,binanceusdm,XRP/USDT:USDT,3.1416,5588.6,3.1415,50312.0,3.1417,17560.5,3.1418,9347.8
1753769634670,06:13:54.670,binanceusdm,XRP/USDT:USDT,3.1416,5588.6,3.1415,51322.2,3.1417,17560.5,3.1418,9347.8
1753769634901,06:13:54.901,binanceusdm,XRP/USDT:USDT,3.1416,6804.8,3.1415,51012.9,3.1417,10285.4,3.1418,9347.8
1753769635004,06:13:55.004,binanceusdm,XRP/USDT:USDT,3.1416,13170.9,3.1415,52090.7,3.1417,12287.3,3.1418,9347.8
1753769635112,06:13:55.112,binanceusdm,XRP/USDT:USDT,3.1416,13170.9,3.1415,51373.1,3.1417,12287.3,3.1418,9347.8
1753769635565,06:13:55.565,binanceusdm,XRP/USDT:USDT,3.1416,13345.3,3.1415,58502.6,3.1417,10131.8,3.1418,9333.6
1753769635669,06:13:55.669,binanceusdm,XRP/USDT:USDT,3.1416,13347.9,3.1415,58502.6,3.1417,10131.8,3.1418,9333.6
1753769635779,06:13:55.779,binanceusdm,XRP/USDT:USDT,3.1416,13347.9,3.1415,58502.6,3.1417,10131.8,3.1418,9333.6
1753769635884,06:13:55.884,binanceusdm,XRP/USDT:USDT,3.1416,13347.9,3.1415,58502.6,3.1417,10131.8,3.1418,9333.6
1753769635989,06:13:55.989,binanceusdm,XRP/USDT:USDT,3.1416,13347.9,3.1415,52530.1,3.1417,10620.5,3.1418,9333.6
1753769636092,06:13:56.092,binanceusdm,XRP/USDT:USDT,3.1416,25641.8,3.1415,67374.9,3.1417,2954.8,3.1418,6833.6
1753769636195,06:13:56.195,binanceusdm,XRP/USDT:USDT,3.1416,25955.3,3.1415,68809.7,3.1417,744.6,3.1418,201.9
1753769636296,06:13:56.296,binanceusdm,XRP/USDT:USDT,3.1418,57297.8,3.1417,58098.2,3.1419,3992.7,3.142,326.4
1753769636707,06:13:56.707,binanceusdm,XRP/USDT:USDT,3.142,37326.1,3.1419,38833.1,3.1421,6853.9,3.1422,2562.4
1753769636920,06:13:56.920,binanceusdm,XRP/USDT:USDT,3.142,37630.7,3.1419,38449.6,3.1421,3999.3,3.1422,2562.4
1753769637122,06:13:57.122,binanceusdm,XRP/USDT:USDT,3.142,37630.7,3.1419,38833.5,3.1421,3998.7,3.1422,2615.7
1753769637226,06:13:57.226,binanceusdm,XRP/USDT:USDT,3.142,37758.9,3.1419,38833.5,3.1421,3998.7,3.1422,2615.7
1753769637428,06:13:57.428,binanceusdm,XRP/USDT:USDT,3.142,37917.4,3.1419,45343.1,3.1421,3998.7,3.1422,2615.7
1753769637532,06:13:57.532,binanceusdm,XRP/USDT:USDT,3.142,38014.2,3.1419,45343.1,3.1421,3998.7,3.1422,2615.7
1753769637744,06:13:57.744,binanceusdm,XRP/USDT:USDT,3.142,38021.1,3.1419,39733.5,3.1421,3998.7,3.1422,2615.7
1753769637851,06:13:57.851,binanceusdm,XRP/USDT:USDT,3.142,38021.1,3.1419,39733.5,3.1421,3998.7,3.1422,2615.7
1753769638083,06:13:58.083,binanceusdm,XRP/USDT:USDT,3.142,38026.2,3.1419,39733.5,3.1421,3898.7,3.1422,2615.7
1753769638201,06:13:58.201,binanceusdm,XRP/USDT:USDT,3.142,38026.1,3.1419,39733.5,3.1421,3900.4,3.1422,2615.7
1753769638302,06:13:58.302,binanceusdm,XRP/USDT:USDT,3.142,38071.2,3.1419,39733.5,3.1421,3900.4,3.1422,2615.7
1753769638406,06:13:58.406,binanceusdm,XRP/USDT:USDT,3.142,37595.0,3.1419,40212.3,3.1421,3900.4,3.1422,2615.7
1753769638509,06:13:58.509,binanceusdm,XRP/USDT:USDT,3.142,37842.0,3.1419,40212.3,3.1421,4068.5,3.1422,2615.7
1753769638611,06:13:58.611,binanceusdm,XRP/USDT:USDT,3.142,37842.0,3.1419,40212.3,3.1421,4068.5,3.1422,2615.7
1753769638713,06:13:58.713,binanceusdm,XRP/USDT:USDT,3.142,38039.0,3.1419,39830.7,3.1421,4066.6,3.1422,2615.7
1753769638815,06:13:58.815,binanceusdm,XRP/USDT:USDT,3.1425,5112.4,3.1424,21580.5,3.1426,68.0,3.1427,1399.2
1753769638916,06:13:58.916,binanceusdm,XRP/USDT:USDT,3.1425,18723.3,3.1424,32868.3,3.1426,12238.5,3.1427,12119.2
1753769639019,06:13:59.019,binanceusdm,XRP/USDT:USDT,3.1425,18725.2,3.1424,40056.6,3.1426,12397.5,3.1427,11317.0
1753769639121,06:13:59.121,binanceusdm,XRP/USDT:USDT,3.1425,18725.2,3.1424,40056.6,3.1426,12244.7,3.1427,11317.0
1753769639224,06:13:59.224,binanceusdm,XRP/USDT:USDT,3.1425,18765.8,3.1424,40056.6,3.1426,12257.2,3.1427,11312.0
1753769639327,06:13:59.327,binanceusdm,XRP/USDT:USDT,3.1425,14722.3,3.1424,37543.3,3.1426,17059.7,3.1427,11312.0
1753769639431,06:13:59.431,binanceusdm,XRP/USDT:USDT,3.1425,14785.7,3.1424,37726.3,3.1426,12069.7,3.1427,11312.0
1753769639545,06:13:59.545,binanceusdm,XRP/USDT:USDT,3.1425,14669.0,3.1424,31840.6,3.1426,12157.4,3.1427,11312.0
1753769639648,06:13:59.648,binanceusdm,XRP/USDT:USDT,3.1425,14669.0,3.1424,31840.6,3.1426,14493.5,3.1427,11312.0
1753769639749,06:13:59.749,binanceusdm,XRP/USDT:USDT,3.1425,706.7,3.1424,3949.4,3.1426,17413.5,3.1427,11312.0
1753769639851,06:13:59.851,binanceusdm,XRP/USDT:USDT,3.1425,904.7,3.1424,5198.0,3.1426,19913.5,3.1427,19283.4
1753769639953,06:13:59.953,binanceusdm,XRP/USDT:USDT,3.1425,904.7,3.1424,5198.0,3.1426,19913.5,3.1427,19296.2
1753769640057,06:14:00.057,binanceusdm,XRP/USDT:USDT,3.1423,472.5,3.1422,6373.1,3.1424,51728.4,3.1425,42304.2
1753769640160,06:14:00.160,binanceusdm,XRP/USDT:USDT,3.1422,8632.1,3.1421,26462.5,3.1423,19609.0,3.1424,23235.3
1753769640261,06:14:00.261,binanceusdm,XRP/USDT:USDT,3.1422,15809.4,3.1421,27880.7,3.1423,12147.4,3.1424,18916.2
1753769640363,06:14:00.363,binanceusdm,XRP/USDT:USDT,3.1422,15816.1,3.1421,27880.7,3.1423,12154.6,3.1424,18916.2
1753769640467,06:14:00.467,binanceusdm,XRP/USDT:USDT,3.1422,15819.0,3.1421,27880.7,3.1423,12154.6,3.1424,18916.2
1753769640570,06:14:00.570,binanceusdm,XRP/USDT:USDT,3.1422,15819.0,3.1421,27880.7,3.1423,12154.6,3.1424,18916.2
1753769640672,06:14:00.672,binanceusdm,XRP/USDT:USDT,3.1422,15825.5,3.1421,27880.7,3.1423,11424.8,3.1424,18916.2
1753769640779,06:14:00.779,binanceusdm,XRP/USDT:USDT,3.1422,15825.5,3.1421,27880.7,3.1423,11440.7,3.1424,18916.2
1753769640881,06:14:00.881,binanceusdm,XRP/USDT:USDT,3.1423,49666.1,3.1422,32452.7,3.1424,185.9,3.1425,42.1
1753769641191,06:14:01.191,binanceusdm,XRP/USDT:USDT,3.1423,47611.1,3.1422,25138.3,3.1424,2464.3,3.1425,42.1
1753769641293,06:14:01.293,binanceusdm,XRP/USDT:USDT,3.1423,47641.9,3.1422,25138.3,3.1424,2469.6,3.1425,4442.1
1753769641400,06:14:01.400,binanceusdm,XRP/USDT:USDT,3.1423,51457.6,3.1422,31341.4,3.1424,2469.6,3.1425,4440.5
1753769641604,06:14:01.604,binanceusdm,XRP/USDT:USDT,3.1423,48105.4,3.1422,25174.3,3.1424,2552.2,3.1425,4440.5
1753769641808,06:14:01.808,binanceusdm,XRP/USDT:USDT,3.1423,49175.3,3.1422,25174.3,3.1424,5148.8,3.1425,4440.5
1753769641909,06:14:01.909,binanceusdm,XRP/USDT:USDT,3.1423,49169.0,3.1422,25174.3,3.1424,5148.8,3.1425,4440.5
1753769642018,06:14:02.018,binanceusdm,XRP/USDT:USDT,3.1423,44605.7,3.1422,25174.3,3.1424,5148.8,3.1425,4440.5
1753769642122,06:14:02.122,binanceusdm,XRP/USDT:USDT,3.1423,30184.7,3.1422,21937.4,3.1424,14927.3,3.1425,10173.9
1753769642224,06:14:02.224,binanceusdm,XRP/USDT:USDT,3.1423,30184.7,3.1422,21937.4,3.1424,14993.9,3.1425,10173.9
1753769642327,06:14:02.327,binanceusdm,XRP/USDT:USDT,3.1423,28597.1,3.1422,21937.4,3.1424,14995.6,3.1425,10173.9
1753769642433,06:14:02.433,binanceusdm,XRP/USDT:USDT,3.1423,28595.2,3.1422,21937.4,3.1424,5217.1,3.1425,4440.5
1753769642536,06:14:02.536,binanceusdm,XRP/USDT:USDT,3.1423,28601.4,3.1422,21937.4,3.1424,5217.1,3.1425,4440.5
1753769642637,06:14:02.637,binanceusdm,XRP/USDT:USDT,3.1423,28601.4,3.1422,21937.4,3.1424,5217.1,3.1425,4440.5
1753769642742,06:14:02.742,binanceusdm,XRP/USDT:USDT,3.1423,28603.6,3.1422,21937.4,3.1424,5217.1,3.1425,4440.5
1753769642846,06:14:02.846,binanceusdm,XRP/USDT:USDT,3.1423,28608.1,3.1422,21937.4,3.1424,5683.4,3.1425,4440.5
1753769642951,06:14:02.951,binanceusdm,XRP/USDT:USDT,3.1423,28495.0,3.1422,21937.4,3.1424,9307.3,3.1425,4440.5
1753769643270,06:14:03.270,binanceusdm,XRP/USDT:USDT,3.1423,24509.5,3.1422,19737.4,3.1424,14846.1,3.1425,10044.1
1753769643385,06:14:03.385,binanceusdm,XRP/USDT:USDT,3.1423,24555.5,3.1422,19737.4,3.1424,12518.4,3.1425,4440.5
1753769643489,06:14:03.489,binanceusdm,XRP/USDT:USDT,3.1423,24802.5,3.1422,19737.4,3.1424,8967.0,3.1425,4440.5
1753769643711,06:14:03.711,binanceusdm,XRP/USDT:USDT,3.1423,24995.8,3.1422,19705.6,3.1424,12208.7,3.1425,4440.5
1753769643814,06:14:03.814,binanceusdm,XRP/USDT:USDT,3.1423,24995.8,3.1422,19705.6,3.1424,12208.7,3.1425,4440.5
1753769643916,06:14:03.916,binanceusdm,XRP/USDT:USDT,3.1423,24495.8,3.1422,19705.6,3.1424,12211.5,3.1425,4440.5
1753769644017,06:14:04.017,binanceusdm,XRP/USDT:USDT,3.1423,24495.8,3.1422,19705.6,3.1424,15076.0,3.1425,4440.5
1753769644132,06:14:04.132,binanceusdm,XRP/USDT:USDT,3.1423,24495.8,3.1422,19705.6,3.1424,11294.2,3.1425,4440.5
1753769644252,06:14:04.252,binanceusdm,XRP/USDT:USDT,3.1423,24497.0,3.1422,19705.6,3.1424,12715.2,3.1425,4440.5
1753769644356,06:14:04.356,binanceusdm,XRP/USDT:USDT,3.1423,24493.6,3.1422,19705.6,3.1424,14435.6,3.1425,40.5
1753769644462,06:14:04.462,binanceusdm,XRP/USDT:USDT,3.1423,24694.9,3.1422,19708.5,3.1424,12036.3,3.1425,40.5
1753769644601,06:14:04.601,binanceusdm,XRP/USDT:USDT,3.1423,24699.9,3.1422,19708.5,3.1424,12098.4,3.1425,40.5
1753769644713,06:14:04.713,binanceusdm,XRP/USDT:USDT,3.1423,24699.9,3.1422,19708.5,3.1424,12098.4,3.1425,4740.5
1753769644815,06:14:04.815,binanceusdm,XRP/USDT:USDT,3.1423,24706.1,3.1422,19708.5,3.1424,12098.4,3.1425,4740.5
1753769644917,06:14:04.917,binanceusdm,XRP/USDT:USDT,3.1423,24706.1,3.1422,19708.5,3.1424,12155.7,3.1425,4740.5
1753769645021,06:14:05.021,binanceusdm,XRP/USDT:USDT,3.1423,24706.1,3.1422,19708.5,3.1424,12155.7,3.1425,4740.5
1753769645130,06:14:05.130,binanceusdm,XRP/USDT:USDT,3.1423,24706.1,3.1422,19708.5,3.1424,11663.3,3.1425,40.5
1753769645231,06:14:05.231,binanceusdm,XRP/USDT:USDT,3.1423,24822.7,3.1422,19708.5,3.1424,11888.4,3.1425,4333.9
1753769645333,06:14:05.333,binanceusdm,XRP/USDT:USDT,3.1423,24873.3,3.1422,19708.5,3.1424,12203.6,3.1425,40.5
1753769645437,06:14:05.437,binanceusdm,XRP/USDT:USDT,3.1423,25448.2,3.1422,19708.5,3.1424,5701.1,3.1425,40.5
