timestamp,time,exchange,symbol,bid1_price,bid1_volume,bid2_price,bid2_volume,ask1_price,ask1_volume,ask2_price,ask2_volume
1753769524789,06:12:04.789,blofin,ETH/USDT:USDT,3805.44,3962.0,3805.43,1240.0,3805.45,13126.0,3805.46,1455.0
1753769526349,06:12:06.349,blofin,ETH/USDT:USDT,3805.1,9313.0,3805.09,1772.0,3805.11,26431.0,3805.12,1102.0
1753769527054,06:12:07.054,blofin,ETH/USDT:USDT,3805.1,14338.0,3805.09,2096.0,3805.11,1933.0,3805.12,1409.0
1753769527735,06:12:07.735,blofin,ETH/USDT:USDT,3805.1,14941.0,3805.09,1875.0,3805.11,11429.0,3805.12,1699.0
1753769529071,06:12:09.071,blofin,ETH/USDT:USDT,3805.1,18671.0,3805.09,2243.0,3805.11,9491.8,3805.12,1467.0
1753769530479,06:12:10.479,blofin,ETH/USDT:USDT,3805.1,14148.0,3805.09,1868.0,3805.11,11710.0,3805.12,1163.0
1753769531986,06:12:11.986,blofin,ETH/USDT:USDT,3805.1,27319.0,3805.09,1644.0,3805.11,900.0,3805.12,1391.0
1753769532714,06:12:12.714,blofin,ETH/USDT:USDT,3805.1,16814.0,3805.09,1401.0,3805.11,11381.0,3805.12,1297.0
1753769534003,06:12:14.003,blofin,ETH/USDT:USDT,3805.1,15911.0,3805.09,1418.0,3805.11,7958.0,3805.12,1669.0
1753769535311,06:12:15.311,blofin,ETH/USDT:USDT,3805.48,29037.0,3805.47,1816.0,3805.49,6844.0,3805.5,1504.0
1753769536015,06:12:16.015,blofin,ETH/USDT:USDT,3805.48,36849.0,3805.47,1627.0,3805.49,3918.0,3805.5,1716.0
1753769536675,06:12:16.675,blofin,ETH/USDT:USDT,3805.48,28540.0,3805.47,1437.0,3805.49,5501.0,3805.5,1433.0
1753769540156,06:12:20.156,blofin,ETH/USDT:USDT,3806.09,13191.0,3806.08,2218.0,3806.1,4732.0,3806.11,1141.0
1753769541463,06:12:21.463,blofin,ETH/USDT:USDT,3806.19,29528.0,3806.18,1814.0,3806.2,826.3,3806.21,1591.0
1753769544182,06:12:24.182,blofin,ETH/USDT:USDT,3806.1,8359.0,3806.09,1810.0,3806.11,9085.0,3806.12,1103.0
1753769544885,06:12:24.885,blofin,ETH/USDT:USDT,3806.1,9292.0,3806.09,1977.0,3806.11,8809.0,3806.12,1333.0
1753769546195,06:12:26.195,blofin,ETH/USDT:USDT,3806.1,13414.0,3806.09,1416.0,3806.11,1282.0,3806.12,1440.0
1753769549213,06:12:29.213,blofin,ETH/USDT:USDT,3805.78,14073.0,3805.77,2436.0,3805.79,13959.0,3805.8,1368.0
1753769550017,06:12:30.017,blofin,ETH/USDT:USDT,3805.32,5603.0,3805.31,1810.0,3805.33,52849.0,3805.34,1401.0
1753769551795,06:12:31.795,blofin,ETH/USDT:USDT,3806.09,56381.0,3806.08,1406.0,3806.1,313.0,3806.11,1072.0
1753769558071,06:12:38.071,blofin,ETH/USDT:USDT,3806.6,9709.0,3806.59,2561.0,3806.61,8505.0,3806.62,1761.0
1753769558809,06:12:38.809,blofin,ETH/USDT:USDT,3806.6,11146.0,3806.59,1711.0,3806.61,7369.0,3806.62,1792.0
1753769559280,06:12:39.280,blofin,ETH/USDT:USDT,3806.6,11146.0,3806.59,1711.0,3806.61,7369.0,3806.62,1792.0
1753769559985,06:12:39.985,blofin,ETH/USDT:USDT,3806.6,6924.0,3806.59,2007.0,3806.61,7666.0,3806.62,1845.0
1753769560752,06:12:40.752,blofin,ETH/USDT:USDT,3806.6,13800.0,3806.59,1705.0,3806.61,12022.0,3806.62,2077.0
1753769562200,06:12:42.200,blofin,ETH/USDT:USDT,3806.6,8048.0,3806.59,1582.0,3806.61,7181.0,3806.62,1223.0
1753769562903,06:12:42.903,blofin,ETH/USDT:USDT,3806.61,62774.0,3806.6,2252.0,3806.62,175.0,3806.63,1511.0
1753769564613,06:12:44.613,blofin,ETH/USDT:USDT,3806.63,46397.0,3806.62,1647.0,3806.64,186.0,3806.65,2044.0
1753769565419,06:12:45.419,blofin,ETH/USDT:USDT,3806.63,49615.0,3806.62,2439.0,3806.64,906.0,3806.65,1181.0
1753769566122,06:12:46.122,blofin,ETH/USDT:USDT,3806.65,50359.0,3806.64,2032.0,3806.66,825.0,3806.67,1265.0
1753769566795,06:12:46.795,blofin,ETH/USDT:USDT,3806.65,49667.0,3806.64,1744.0,3806.66,1792.0,3806.67,1780.0
1753769567532,06:12:47.532,blofin,ETH/USDT:USDT,3806.65,49667.0,3806.64,1744.0,3806.66,1792.0,3806.67,1780.0
1753769568337,06:12:48.337,blofin,ETH/USDT:USDT,3806.65,39677.0,3806.64,2131.0,3806.66,549.0,3806.67,1813.0
1753769569116,06:12:49.116,blofin,ETH/USDT:USDT,3806.66,50353.0,3806.65,1365.0,3806.67,327.0,3806.68,1329.0
1753769569811,06:12:49.811,blofin,ETH/USDT:USDT,3806.81,32499.0,3806.8,2089.0,3806.82,1473.0,3806.83,1533.0
1753769571236,06:12:51.236,blofin,ETH/USDT:USDT,3806.81,35430.0,3806.8,2129.0,3806.82,977.0,3806.83,1541.0
1753769571966,06:12:51.966,blofin,ETH/USDT:USDT,3806.81,43355.0,3806.8,1513.0,3806.82,874.0,3806.83,1659.0
1753769572678,06:12:52.678,blofin,ETH/USDT:USDT,3806.81,43355.0,3806.8,1513.0,3806.82,874.0,3806.83,1659.0
1753769573374,06:12:53.374,blofin,ETH/USDT:USDT,3806.81,48235.0,3806.8,1811.0,3806.82,1385.0,3806.83,1358.0
1753769574886,06:12:54.886,blofin,ETH/USDT:USDT,3806.81,34413.0,3806.8,1385.0,3806.82,886.0,3806.83,1778.0
1753769576497,06:12:56.497,blofin,ETH/USDT:USDT,3806.81,42608.0,3806.8,1465.0,3806.82,662.0,3806.83,1753.0
1753769577203,06:12:57.203,blofin,ETH/USDT:USDT,3806.81,49098.0,3806.8,1476.0,3806.82,635.0,3806.83,1862.0
1753769577907,06:12:57.907,blofin,ETH/USDT:USDT,3806.81,9800.0,3806.8,1584.0,3806.82,14199.0,3806.83,1377.0
1753769578667,06:12:58.667,blofin,ETH/USDT:USDT,3806.81,7983.0,3806.8,2105.0,3806.82,10112.0,3806.83,2113.0
1753769580056,06:13:00.056,blofin,ETH/USDT:USDT,3806.82,22303.0,3806.81,1341.0,3806.83,156.0,3806.84,1485.0
1753769583040,06:13:03.040,blofin,ETH/USDT:USDT,3806.85,43783.0,3806.84,2175.0,3806.86,7311.0,3806.87,1999.0
1753769585266,06:13:05.266,blofin,ETH/USDT:USDT,3806.82,765.0,3806.81,2091.0,3806.83,52037.0,3806.84,1258.0
1753769586072,06:13:06.072,blofin,ETH/USDT:USDT,3806.81,217.0,3806.8,1825.0,3806.82,66381.0,3806.83,1809.0
1753769586840,06:13:06.840,blofin,ETH/USDT:USDT,3806.81,6841.0,3806.8,1542.0,3806.82,46458.0,3806.83,1308.0
1753769587448,06:13:07.448,blofin,ETH/USDT:USDT,3806.8,6879.0,3806.79,1648.0,3806.81,38499.0,3806.82,2053.0
1753769588289,06:13:08.289,blofin,ETH/USDT:USDT,3806.8,3434.0,3806.79,1828.0,3806.81,90497.0,3806.82,1970.0
1753769588974,06:13:08.974,blofin,ETH/USDT:USDT,3806.8,567.0,3806.79,2204.0,3806.81,92789.0,3806.82,1304.0
1753769589724,06:13:09.724,blofin,ETH/USDT:USDT,3806.8,298.0,3806.79,2075.0,3806.81,85600.0,3806.82,1410.0
1753769590370,06:13:10.370,blofin,ETH/USDT:USDT,3806.79,25.0,3806.78,1233.0,3806.8,56872.0,3806.81,1850.0
1753769591844,06:13:11.844,blofin,ETH/USDT:USDT,3806.78,4778.0,3806.77,1589.0,3806.79,20902.0,3806.8,1757.0
1753769597136,06:13:17.136,blofin,ETH/USDT:USDT,3806.61,1292.0,3806.6,1596.0,3806.62,51355.0,3806.63,1436.0
1753769597833,06:13:17.833,blofin,ETH/USDT:USDT,3806.61,1294.0,3806.6,1803.0,3806.62,47705.0,3806.63,1844.0
1753769598672,06:13:18.672,blofin,ETH/USDT:USDT,3806.61,1294.0,3806.6,1803.0,3806.62,47705.0,3806.63,1844.0
1753769599986,06:13:19.986,blofin,ETH/USDT:USDT,3806.61,1018.0,3806.6,1945.0,3806.62,67063.0,3806.63,1315.0
1753769600683,06:13:20.683,blofin,ETH/USDT:USDT,3806.2,8244.0,3806.19,2236.0,3806.21,25578.0,3806.22,1515.0
1753769602193,06:13:22.193,blofin,ETH/USDT:USDT,3806.01,6521.0,3806.0,1928.0,3806.02,25823.0,3806.03,1226.0
1753769602898,06:13:22.898,blofin,ETH/USDT:USDT,3805.89,3601.0,3805.88,2466.0,3805.9,36202.0,3805.91,1602.0
1753769603846,06:13:23.846,blofin,ETH/USDT:USDT,3805.89,15424.0,3805.88,2022.0,3805.9,37035.0,3805.91,1212.0
1753769605216,06:13:25.216,blofin,ETH/USDT:USDT,3805.89,8487.0,3805.88,1884.0,3805.9,30812.0,3805.91,1569.0
1753769605922,06:13:25.922,blofin,ETH/USDT:USDT,3805.89,7639.0,3805.88,2592.0,3805.9,38575.0,3805.91,1712.0
1753769606525,06:13:26.525,blofin,ETH/USDT:USDT,3805.89,7639.0,3805.88,2592.0,3805.9,38575.0,3805.91,1712.0
1753769607229,06:13:27.229,blofin,ETH/USDT:USDT,3805.89,19760.3,3805.88,2558.0,3805.9,2623.0,3805.91,1156.0
1753769613480,06:13:33.480,blofin,ETH/USDT:USDT,3806.23,79616.0,3806.22,1674.0,3806.24,179.0,3806.25,1416.0
1753769617609,06:13:37.609,blofin,ETH/USDT:USDT,3806.23,30535.0,3806.22,1802.0,3806.24,122.0,3806.25,1980.0
1753769618917,06:13:38.917,blofin,ETH/USDT:USDT,3806.23,15803.0,3806.22,1749.0,3806.24,12447.0,3806.25,2018.0
1753769619521,06:13:39.521,blofin,ETH/USDT:USDT,3806.24,27026.0,3806.23,1934.0,3806.25,25.0,3806.26,1690.0
1753769620226,06:13:40.226,blofin,ETH/USDT:USDT,3806.24,56835.0,3806.23,1650.0,3806.25,318.0,3806.26,1407.0
1753769620931,06:13:40.931,blofin,ETH/USDT:USDT,3806.24,58846.0,3806.23,1753.0,3806.25,312.0,3806.26,1700.0
1753769621535,06:13:41.535,blofin,ETH/USDT:USDT,3806.24,58846.0,3806.23,1753.0,3806.25,312.0,3806.26,1700.0
1753769622955,06:13:42.955,blofin,ETH/USDT:USDT,3806.24,34914.0,3806.23,1884.0,3806.25,23329.0,3806.26,1736.0
1753769624261,06:13:44.261,blofin,ETH/USDT:USDT,3806.25,34372.0,3806.24,2072.0,3806.26,154.0,3806.27,1649.0
1753769624965,06:13:44.965,blofin,ETH/USDT:USDT,3806.25,26333.0,3806.24,1954.0,3806.26,2336.0,3806.27,1216.0
1753769626272,06:13:46.272,blofin,ETH/USDT:USDT,3806.25,37030.0,3806.24,2454.0,3806.26,1126.0,3806.27,1880.0
1753769627662,06:13:47.662,blofin,ETH/USDT:USDT,3806.25,44048.0,3806.24,1516.0,3806.26,2682.0,3806.27,1415.0
1753769631004,06:13:51.004,blofin,ETH/USDT:USDT,3806.25,30112.0,3806.24,2462.0,3806.26,5485.0,3806.27,1975.0
1753769632315,06:13:52.315,blofin,ETH/USDT:USDT,3806.25,22401.0,3806.24,1900.0,3806.26,5995.0,3806.27,1720.0
1753769633123,06:13:53.123,blofin,ETH/USDT:USDT,3806.25,17701.0,3806.24,1457.0,3806.26,9159.0,3806.27,1376.0
1753769634432,06:13:54.432,blofin,ETH/USDT:USDT,3806.25,12908.0,3806.24,2459.0,3806.26,10822.0,3806.27,1936.0
1753769635754,06:13:55.754,blofin,ETH/USDT:USDT,3806.31,25845.0,3806.3,1785.0,3806.32,4508.0,3806.33,1349.0
1753769637755,06:13:57.755,blofin,ETH/USDT:USDT,3806.82,116845.0,3806.81,2249.0,3806.83,1979.0,3806.84,1921.0
1753769638888,06:13:58.888,blofin,ETH/USDT:USDT,3806.82,72150.0,3806.81,1614.0,3806.83,1703.0,3806.84,1280.0
1753769640272,06:14:00.272,blofin,ETH/USDT:USDT,3806.82,102765.0,3806.81,1650.0,3806.83,1486.0,3806.84,1826.0
1753769640976,06:14:00.976,blofin,ETH/USDT:USDT,3806.82,35171.0,3806.81,1611.0,3806.83,6608.0,3806.84,1582.0
1753769641733,06:14:01.733,blofin,ETH/USDT:USDT,3806.82,44508.0,3806.81,2156.0,3806.83,1276.0,3806.84,1431.0
1753769642487,06:14:02.487,blofin,ETH/USDT:USDT,3806.82,44508.0,3806.81,2156.0,3806.83,1276.0,3806.84,1431.0
1753769644198,06:14:04.198,blofin,ETH/USDT:USDT,3806.82,51428.0,3806.81,2146.0,3806.83,6892.7,3806.84,1406.0
1753769644906,06:14:04.906,blofin,ETH/USDT:USDT,3806.82,47348.0,3806.81,2322.0,3806.83,5621.7,3806.84,1445.0
1753769645609,06:14:05.609,blofin,ETH/USDT:USDT,3806.82,47340.1,3806.81,2322.0,3806.83,5350.7,3806.84,1445.0
1753769646314,06:14:06.314,blofin,ETH/USDT:USDT,3806.82,52938.0,3806.81,1421.0,3806.83,1074.7,3806.84,1833.0
1753769647016,06:14:07.016,blofin,ETH/USDT:USDT,3806.82,2116.0,3806.81,2820.0,3806.83,4.7,3806.84,299.0
1753769647762,06:14:07.762,blofin,ETH/USDT:USDT,3806.82,1692.0,3806.81,1417.0,3806.83,292.7,3806.84,301.0
1753769648532,06:14:08.532,blofin,ETH/USDT:USDT,3806.82,1692.0,3806.81,1417.0,3806.83,531.7,3806.84,301.0
1753769650039,06:14:10.039,blofin,ETH/USDT:USDT,3806.82,2194.0,3806.81,1838.0,3806.83,135.7,3806.84,11802.0
1753769650763,06:14:10.763,blofin,ETH/USDT:USDT,3806.82,1520.0,3806.81,1396.0,3806.83,15.7,3806.84,12262.0
1753769651355,06:14:11.355,blofin,ETH/USDT:USDT,3806.82,1520.0,3806.81,1396.0,3806.83,15.7,3806.84,12262.0
1753769652060,06:14:12.060,blofin,ETH/USDT:USDT,3806.82,2037.0,3806.81,1504.0,3806.83,228.7,3806.84,8.0
1753769652795,06:14:12.795,blofin,ETH/USDT:USDT,3806.82,2011.0,3806.81,1381.0,3806.83,194.7,3806.84,7.0
1753769654172,06:14:14.172,blofin,ETH/USDT:USDT,3806.82,2480.0,3806.81,1742.0,3806.83,397.7,3806.84,8.0
1753769654893,06:14:14.893,blofin,ETH/USDT:USDT,3806.82,1388.0,3806.81,2020.0,3806.83,48.7,3806.84,11.0
1753769656385,06:14:16.385,blofin,ETH/USDT:USDT,3806.82,2364.0,3806.81,2378.0,3806.83,57.7,3806.84,4.0
