timestamp,time,exchange,symbol,bid1_price,bid1_volume,bid2_price,bid2_volume,ask1_price,ask1_volume,ask2_price,ask2_volume
1753769525086,06:12:05.086,blofin,BTC/USDT:USDT,118816.6,12969.0,118816.5,470.0,118816.7,3426.0,118816.8,157.0
1753769525733,06:12:05.733,blofin,BTC/USDT:USDT,118824.8,10530.0,118824.7,489.0,118824.9,4894.0,118825.0,193.0
1753769526335,06:12:06.335,blofin,BTC/USDT:USDT,118824.8,4283.0,118824.7,219.0,118824.9,11233.0,118825.0,274.0
1753769527043,06:12:07.043,blofin,BTC/USDT:USDT,118824.8,4283.0,118824.7,219.0,118824.9,11233.0,118825.0,274.0
1753769527655,06:12:07.655,blofin,BTC/USDT:USDT,118824.8,5316.0,118824.7,241.0,118824.9,10231.0,118825.0,312.0
1753769528362,06:12:08.362,blofin,BTC/USDT:USDT,118824.8,5101.0,118824.7,299.0,118824.9,10249.0,118825.0,252.0
1753769529067,06:12:09.067,blofin,BTC/USDT:USDT,118824.8,5101.0,118824.7,299.0,118824.9,10249.0,118825.0,252.0
1753769530479,06:12:10.479,blofin,BTC/USDT:USDT,118824.8,2788.0,118824.7,320.0,118824.9,7133.0,118825.0,288.0
1753769531184,06:12:11.184,blofin,BTC/USDT:USDT,118841.5,1970.0,118841.4,1937.0,118841.6,1.1,118843.9,10473.5
1753769531991,06:12:11.991,blofin,BTC/USDT:USDT,118841.5,1970.0,118841.4,1937.0,118841.6,1037.1,118841.9,253.0
1753769533260,06:12:13.260,blofin,BTC/USDT:USDT,118841.5,909.0,118841.4,1392.0,118841.6,361.1,118842.0,932.0
1753769534008,06:12:14.008,blofin,BTC/USDT:USDT,118841.5,909.0,118841.4,1392.0,118841.6,964.1,118842.0,932.0
1753769535318,06:12:15.318,blofin,BTC/USDT:USDT,118841.5,1227.0,118841.4,1364.0,118841.6,943.1,118841.9,593.0
1753769535924,06:12:15.924,blofin,BTC/USDT:USDT,118841.5,1227.0,118841.4,1364.0,118841.6,901.1,118841.9,143.0
1753769536628,06:12:16.628,blofin,BTC/USDT:USDT,118841.5,896.0,118841.4,1005.0,118841.6,869.1,118841.9,399.0
1753769537534,06:12:17.534,blofin,BTC/USDT:USDT,118841.5,1071.0,118841.4,1248.0,118841.6,530.1,118841.9,639.0
1753769538259,06:12:18.259,blofin,BTC/USDT:USDT,118870.8,1114.0,118870.7,236.0,118870.9,7632.0,118871.0,292.0
1753769538959,06:12:18.959,blofin,BTC/USDT:USDT,118863.2,312.0,118863.1,152.0,118863.3,13703.0,118863.4,344.0
1753769539457,06:12:19.457,blofin,BTC/USDT:USDT,118863.2,14597.0,118863.1,198.0,118863.3,16411.0,118863.4,255.0
1753769540771,06:12:20.771,blofin,BTC/USDT:USDT,118863.2,20368.0,118863.1,182.0,118863.3,16925.0,118863.4,356.0
1753769541478,06:12:21.478,blofin,BTC/USDT:USDT,118863.2,23652.0,118863.1,146.0,118863.3,8514.0,118863.4,333.0
1753769542139,06:12:22.139,blofin,BTC/USDT:USDT,118863.2,23132.0,118863.1,157.0,118863.3,18302.0,118863.4,208.0
1753769542896,06:12:22.896,blofin,BTC/USDT:USDT,118863.2,23132.0,118863.1,157.0,118863.3,18302.0,118863.4,208.0
1753769543493,06:12:23.493,blofin,BTC/USDT:USDT,118848.7,4816.0,118848.6,174.0,118848.8,15020.0,118848.9,338.0
1753769544201,06:12:24.201,blofin,BTC/USDT:USDT,118848.7,4966.0,118848.6,315.0,118848.8,1994.2,118848.9,210.0
1753769544899,06:12:24.899,blofin,BTC/USDT:USDT,118848.7,4966.0,118848.6,315.0,118848.8,1994.2,118848.9,210.0
1753769545504,06:12:25.504,blofin,BTC/USDT:USDT,118848.7,4467.0,118848.6,281.0,118848.8,1976.0,118848.9,271.0
1753769546915,06:12:26.915,blofin,BTC/USDT:USDT,118848.7,3947.0,118848.6,235.0,118848.8,3865.0,118848.9,209.0
1753769548423,06:12:28.423,blofin,BTC/USDT:USDT,118848.7,2553.0,118848.6,293.0,118848.8,5926.0,118848.9,197.0
1753769550036,06:12:30.036,blofin,BTC/USDT:USDT,118837.8,1294.0,118837.7,240.0,118837.9,3041.0,118838.0,358.0
1753769551045,06:12:31.045,blofin,BTC/USDT:USDT,118837.8,4461.0,118837.7,220.0,118837.9,13467.0,118838.0,176.0
1753769553372,06:12:33.372,blofin,BTC/USDT:USDT,118860.0,13705.0,118859.9,197.0,118860.1,2069.7,118860.2,152.0
1753769554235,06:12:34.235,blofin,BTC/USDT:USDT,118860.0,12204.0,118859.9,186.0,118860.1,1310.0,118860.2,239.0
1753769554880,06:12:34.880,blofin,BTC/USDT:USDT,118860.0,12204.0,118859.9,186.0,118860.1,1310.0,118860.2,239.0
1753769555689,06:12:35.689,blofin,BTC/USDT:USDT,118860.0,14294.0,118859.9,279.0,118860.1,2061.0,118860.2,203.0
1753769556393,06:12:36.393,blofin,BTC/USDT:USDT,118860.0,11029.0,118859.9,196.0,118860.1,8951.0,118860.2,231.0
1753769556690,06:12:36.690,blofin,BTC/USDT:USDT,118860.0,11029.0,118859.9,196.0,118860.1,8951.0,118860.2,231.0
1753769557394,06:12:37.394,blofin,BTC/USDT:USDT,118860.0,9880.0,118859.9,223.0,118860.1,7546.0,118860.2,170.0
1753769558000,06:12:38.000,blofin,BTC/USDT:USDT,118860.0,9880.0,118859.9,223.0,118860.1,7546.0,118860.2,170.0
1753769558804,06:12:38.804,blofin,BTC/USDT:USDT,118860.0,8563.0,118859.9,307.0,118860.1,7877.0,118860.2,168.0
1753769559272,06:12:39.272,blofin,BTC/USDT:USDT,118860.0,8712.0,118859.9,308.0,118860.1,7613.0,118860.2,188.0
1753769560011,06:12:40.011,blofin,BTC/USDT:USDT,118860.0,8712.0,118859.9,308.0,118860.1,7613.0,118860.2,188.0
1753769560716,06:12:40.716,blofin,BTC/USDT:USDT,118860.0,6993.0,118859.9,210.0,118860.1,5961.0,118860.2,224.0
1753769561420,06:12:41.420,blofin,BTC/USDT:USDT,118860.0,9789.0,118859.9,216.0,118860.1,7710.0,118860.2,234.0
1753769562207,06:12:42.207,blofin,BTC/USDT:USDT,118860.0,9954.0,118859.9,244.0,118860.1,4499.0,118860.2,186.0
1753769562831,06:12:42.831,blofin,BTC/USDT:USDT,118860.0,9954.0,118859.9,244.0,118860.1,4499.0,118860.2,186.0
1753769563841,06:12:43.841,blofin,BTC/USDT:USDT,118860.0,6888.0,118859.9,212.0,118860.1,4496.0,118860.2,150.0
1753769564652,06:12:44.652,blofin,BTC/USDT:USDT,118860.0,8716.0,118859.9,207.0,118860.1,5131.0,118860.2,141.0
1753769565355,06:12:45.355,blofin,BTC/USDT:USDT,118860.0,6423.0,118859.9,196.0,118860.1,4284.0,118860.2,231.0
1753769566116,06:12:46.116,blofin,BTC/USDT:USDT,118860.0,10845.0,118859.9,251.0,118860.1,4053.0,118860.2,232.0
1753769566868,06:12:46.868,blofin,BTC/USDT:USDT,118860.0,10845.0,118859.9,251.0,118860.1,4053.0,118860.2,232.0
1753769567576,06:12:47.576,blofin,BTC/USDT:USDT,118860.0,10367.0,118859.9,194.0,118860.1,6923.0,118860.2,144.0
1753769568381,06:12:48.381,blofin,BTC/USDT:USDT,118860.0,8197.0,118859.9,240.0,118860.1,5500.0,118860.2,156.0
1753769569088,06:12:49.088,blofin,BTC/USDT:USDT,118860.0,8197.0,118859.9,240.0,118860.1,5500.0,118860.2,156.0
1753769569793,06:12:49.793,blofin,BTC/USDT:USDT,118860.0,9097.0,118859.9,168.0,118860.1,3099.0,118860.2,156.0
1753769570603,06:12:50.603,blofin,BTC/USDT:USDT,118860.0,8760.0,118859.9,265.0,118860.1,2569.0,118860.2,247.0
1753769571269,06:12:51.269,blofin,BTC/USDT:USDT,118860.0,9234.0,118859.9,297.0,118860.1,4156.0,118860.2,253.0
1753769572013,06:12:52.013,blofin,BTC/USDT:USDT,118860.0,9234.0,118859.9,297.0,118860.1,4156.0,118860.2,253.0
1753769572720,06:12:52.720,blofin,BTC/USDT:USDT,118860.0,7443.0,118859.9,212.0,118860.1,3691.0,118860.2,238.0
1753769573424,06:12:53.424,blofin,BTC/USDT:USDT,118860.0,9352.0,118859.9,280.0,118860.1,4960.0,118860.2,183.0
1753769574222,06:12:54.222,blofin,BTC/USDT:USDT,118860.0,6100.0,118859.9,215.0,118860.1,3177.0,118860.2,227.0
1753769574936,06:12:54.936,blofin,BTC/USDT:USDT,118860.0,6100.0,118859.9,215.0,118860.1,3177.0,118860.2,227.0
1753769575650,06:12:55.650,blofin,BTC/USDT:USDT,118860.0,5609.0,118859.9,212.0,118860.1,3061.0,118860.2,173.0
1753769576457,06:12:56.457,blofin,BTC/USDT:USDT,118860.0,7279.0,118859.9,279.0,118860.1,4232.0,118860.2,158.0
1753769577220,06:12:57.220,blofin,BTC/USDT:USDT,118860.0,6121.0,118859.9,183.0,118860.1,3461.0,118860.2,154.0
1753769577966,06:12:57.966,blofin,BTC/USDT:USDT,118860.0,6121.0,118859.9,183.0,118860.1,3461.0,118860.2,154.0
1753769578695,06:12:58.695,blofin,BTC/USDT:USDT,118860.0,6107.0,118859.9,218.0,118860.1,2211.0,118860.2,252.0
1753769579266,06:12:59.266,blofin,BTC/USDT:USDT,118860.0,6952.0,118859.9,279.0,118860.1,2337.0,118860.2,260.0
1753769580004,06:13:00.004,blofin,BTC/USDT:USDT,118860.0,6952.0,118859.9,279.0,118860.1,2337.0,118860.2,260.0
1753769580810,06:13:00.810,blofin,BTC/USDT:USDT,118860.0,5899.0,118859.9,192.0,118860.1,2119.0,118860.2,258.0
1753769581515,06:13:01.515,blofin,BTC/USDT:USDT,118860.0,5741.0,118859.9,316.0,118860.1,2707.0,118860.2,247.0
1753769582279,06:13:02.279,blofin,BTC/USDT:USDT,118860.0,6409.0,118859.9,279.0,118860.1,4230.0,118860.2,194.0
1753769583024,06:13:03.024,blofin,BTC/USDT:USDT,118860.0,6409.0,118859.9,279.0,118860.1,4230.0,118860.2,194.0
1753769583730,06:13:03.730,blofin,BTC/USDT:USDT,118860.0,5141.0,118859.9,279.0,118860.1,5356.0,118860.2,267.0
1753769584287,06:13:04.287,blofin,BTC/USDT:USDT,118860.0,4520.0,118859.9,247.0,118860.1,7900.0,118860.2,222.0
1753769585236,06:13:05.236,blofin,BTC/USDT:USDT,118860.0,5230.0,118859.9,195.0,118860.1,9857.0,118860.2,237.0
1753769586045,06:13:06.045,blofin,BTC/USDT:USDT,118860.0,5230.0,118859.9,195.0,118860.1,9857.0,118860.2,237.0
1753769586858,06:13:06.858,blofin,BTC/USDT:USDT,118860.0,4451.0,118859.9,190.0,118860.1,6449.0,118860.2,171.0
1753769587463,06:13:07.463,blofin,BTC/USDT:USDT,118860.0,6529.0,118859.9,178.0,118860.1,6214.0,118860.2,240.0
1753769588284,06:13:08.284,blofin,BTC/USDT:USDT,118860.0,5014.0,118859.9,248.0,118860.1,8818.0,118860.2,241.0
1753769588973,06:13:08.973,blofin,BTC/USDT:USDT,118860.0,5014.0,118859.9,248.0,118860.1,8818.0,118860.2,241.0
1753769589679,06:13:09.679,blofin,BTC/USDT:USDT,118860.0,4173.0,118859.9,231.0,118860.1,6512.0,118860.2,193.0
1753769590483,06:13:10.483,blofin,BTC/USDT:USDT,118860.0,2655.0,118859.9,191.0,118860.1,6961.5,118860.2,203.0
1753769591142,06:13:11.142,blofin,BTC/USDT:USDT,118860.0,5403.0,118859.9,167.0,118860.1,6103.0,118860.2,169.0
1753769591849,06:13:11.849,blofin,BTC/USDT:USDT,118860.0,5403.0,118859.9,167.0,118860.1,6103.0,118860.2,169.0
1753769592599,06:13:12.599,blofin,BTC/USDT:USDT,118860.0,3383.0,118859.9,175.0,118860.1,11766.0,118860.2,215.0
1753769593261,06:13:13.261,blofin,BTC/USDT:USDT,118860.0,5499.0,118859.9,172.0,118860.1,7086.0,118860.2,233.0
1753769594010,06:13:14.010,blofin,BTC/USDT:USDT,118860.0,5499.0,118859.9,172.0,118860.1,7086.0,118860.2,233.0
1753769594816,06:13:14.816,blofin,BTC/USDT:USDT,118860.0,1993.0,118859.9,260.0,118860.1,11739.8,118860.2,244.0
1753769595621,06:13:15.621,blofin,BTC/USDT:USDT,118859.2,615.0,118859.1,229.0,118859.3,21637.0,118859.4,195.0
1753769596429,06:13:16.429,blofin,BTC/USDT:USDT,118859.2,2089.0,118859.1,293.0,118859.3,23380.0,118859.4,173.0
1753769597175,06:13:17.175,blofin,BTC/USDT:USDT,118859.2,3836.0,118859.1,219.0,118859.3,15892.0,118859.4,233.0
1753769597937,06:13:17.937,blofin,BTC/USDT:USDT,118859.2,3836.0,118859.1,219.0,118859.3,15892.0,118859.4,233.0
1753769598645,06:13:18.645,blofin,BTC/USDT:USDT,118859.2,3479.0,118859.1,304.0,118859.3,19825.0,118859.4,222.0
1753769599357,06:13:19.357,blofin,BTC/USDT:USDT,118859.2,2552.0,118859.1,300.0,118859.3,19423.0,118859.4,205.0
1753769599960,06:13:19.960,blofin,BTC/USDT:USDT,118859.2,2552.0,118859.1,300.0,118859.3,19423.0,118859.4,205.0
1753769600654,06:13:20.654,blofin,BTC/USDT:USDT,118859.2,1388.0,118859.1,243.0,118859.3,16720.0,118859.4,217.0
1753769601368,06:13:21.368,blofin,BTC/USDT:USDT,118859.2,1238.0,118859.1,256.0,118859.3,20743.0,118859.4,247.0
1753769602185,06:13:22.185,blofin,BTC/USDT:USDT,118859.2,2073.0,118859.1,241.0,118859.3,12771.0,118859.4,233.0
1753769602978,06:13:22.978,blofin,BTC/USDT:USDT,118859.2,2073.0,118859.1,241.0,118859.3,12771.0,118859.4,233.0
1753769603783,06:13:23.783,blofin,BTC/USDT:USDT,118859.2,2076.0,118859.1,169.0,118859.3,13419.0,118859.4,286.0
1753769604587,06:13:24.587,blofin,BTC/USDT:USDT,118859.2,5353.0,118859.1,277.0,118859.3,15638.0,118859.4,239.0
1753769605263,06:13:25.263,blofin,BTC/USDT:USDT,118859.2,1922.0,118859.1,200.0,118859.3,17165.0,118859.4,196.0
1753769605900,06:13:25.900,blofin,BTC/USDT:USDT,118859.2,1922.0,118859.1,200.0,118859.3,17165.0,118859.4,196.0
1753769606503,06:13:26.503,blofin,BTC/USDT:USDT,118859.2,1799.0,118859.1,277.0,118859.3,13919.2,118859.4,208.0
1753769607215,06:13:27.215,blofin,BTC/USDT:USDT,118859.2,2946.0,118859.1,279.0,118859.3,18472.0,118859.4,194.0
1753769607913,06:13:27.913,blofin,BTC/USDT:USDT,118859.2,2946.0,118859.1,279.0,118859.3,18472.0,118859.4,194.0
1753769608622,06:13:28.622,blofin,BTC/USDT:USDT,118859.2,4033.0,118859.1,174.0,118859.3,18004.0,118859.4,283.0
1753769609288,06:13:29.288,blofin,BTC/USDT:USDT,118859.2,1713.0,118859.1,269.0,118859.3,20911.0,118859.4,193.0
1753769609929,06:13:29.929,blofin,BTC/USDT:USDT,118859.2,1713.0,118859.1,269.0,118859.3,20911.0,118859.4,193.0
1753769610635,06:13:30.635,blofin,BTC/USDT:USDT,118859.2,1273.0,118859.1,259.0,118859.3,19790.0,118859.4,227.0
1753769611297,06:13:31.297,blofin,BTC/USDT:USDT,118859.2,3203.0,118859.1,227.0,118859.3,12206.0,118859.4,158.0
1753769611944,06:13:31.944,blofin,BTC/USDT:USDT,118859.2,3203.0,118859.1,227.0,118859.3,12206.0,118859.4,158.0
1753769612756,06:13:32.756,blofin,BTC/USDT:USDT,118859.2,3347.0,118859.1,190.0,118859.3,21283.0,118859.4,168.0
1753769613460,06:13:33.460,blofin,BTC/USDT:USDT,118859.2,3992.0,118859.1,255.0,118859.3,11904.0,118859.4,187.0
1753769614135,06:13:34.135,blofin,BTC/USDT:USDT,118859.2,775.0,118859.1,270.0,118859.3,23428.0,118859.4,176.0
1753769614868,06:13:34.868,blofin,BTC/USDT:USDT,118844.8,995.6,118844.7,140.0,118844.9,15275.0,118845.0,271.0
1753769615573,06:13:35.573,blofin,BTC/USDT:USDT,118844.8,3680.0,118844.7,220.0,118844.9,34881.0,118845.0,347.0
1753769616297,06:13:36.297,blofin,BTC/USDT:USDT,118844.8,4155.0,118844.7,250.0,118844.9,30808.0,118845.0,262.0
1753769616879,06:13:36.879,blofin,BTC/USDT:USDT,118844.8,4155.0,118844.7,250.0,118844.9,30808.0,118845.0,262.0
1753769617585,06:13:37.585,blofin,BTC/USDT:USDT,118844.8,4275.0,118844.7,306.0,118844.9,33211.0,118845.0,275.0
1753769618245,06:13:38.245,blofin,BTC/USDT:USDT,118836.7,124.0,118836.6,212.0,118836.8,24887.0,118836.9,298.0
1753769618898,06:13:38.898,blofin,BTC/USDT:USDT,118836.7,124.0,118836.6,212.0,118836.8,24887.0,118836.9,298.0
1753769619602,06:13:39.602,blofin,BTC/USDT:USDT,118836.7,3884.0,118836.6,306.0,118836.8,8751.0,118836.9,308.0
1753769620270,06:13:40.270,blofin,BTC/USDT:USDT,118836.7,8367.0,118836.6,299.0,118836.8,3888.0,118836.9,207.0
1753769621616,06:13:41.616,blofin,BTC/USDT:USDT,118836.7,10101.0,118836.6,334.0,118836.8,1519.0,118836.9,226.0
1753769622284,06:13:42.284,blofin,BTC/USDT:USDT,118836.7,11383.0,118836.6,265.0,118836.8,3051.0,118836.9,181.0
1753769622938,06:13:42.938,blofin,BTC/USDT:USDT,118836.7,11381.6,118836.6,265.0,118836.8,3051.0,118836.9,181.0
1753769623633,06:13:43.633,blofin,BTC/USDT:USDT,118836.7,8598.0,118836.6,313.0,118836.8,2445.0,118836.9,215.0
1753769624300,06:13:44.300,blofin,BTC/USDT:USDT,118836.7,12565.0,118836.6,299.0,118836.8,2133.0,118836.9,216.0
1753769624942,06:13:44.942,blofin,BTC/USDT:USDT,118836.7,12565.0,118836.6,299.0,118836.8,2133.0,118836.9,216.0
1753769625646,06:13:45.646,blofin,BTC/USDT:USDT,118836.7,15321.0,118836.6,238.0,118836.8,2437.0,118836.9,244.0
1753769626315,06:13:46.315,blofin,BTC/USDT:USDT,118836.7,12353.0,118836.6,307.0,118836.8,2498.0,118836.9,239.0
1753769626961,06:13:46.961,blofin,BTC/USDT:USDT,118836.7,12353.0,118836.6,307.0,118836.8,2498.0,118836.9,239.0
1753769627666,06:13:47.666,blofin,BTC/USDT:USDT,118836.7,9990.0,118836.6,310.0,118836.8,830.0,118836.9,270.0
1753769628327,06:13:48.327,blofin,BTC/USDT:USDT,118837.5,21306.0,118837.4,288.0,118837.6,254.0,118837.7,272.0
1753769628973,06:13:48.973,blofin,BTC/USDT:USDT,118837.5,21306.0,118837.4,288.0,118837.6,254.0,118837.7,272.0
1753769629678,06:13:49.678,blofin,BTC/USDT:USDT,118837.5,27399.0,118837.4,265.0,118837.6,1619.0,118837.7,282.0
1753769630309,06:13:50.309,blofin,BTC/USDT:USDT,118837.5,26698.0,118837.4,311.0,118837.6,1468.0,118837.7,264.0
1753769630985,06:13:50.985,blofin,BTC/USDT:USDT,118837.5,26698.0,118837.4,311.0,118837.6,1468.0,118837.7,264.0
1753769631693,06:13:51.693,blofin,BTC/USDT:USDT,118837.5,23737.0,118837.4,422.0,118837.6,1042.0,118837.7,217.0
1753769632396,06:13:52.396,blofin,BTC/USDT:USDT,118837.5,19462.0,118837.4,252.0,118837.6,1306.0,118837.7,248.0
1753769633103,06:13:53.103,blofin,BTC/USDT:USDT,118837.5,19462.0,118837.4,252.0,118837.6,1306.0,118837.7,248.0
1753769633808,06:13:53.808,blofin,BTC/USDT:USDT,118837.5,20347.0,118837.4,344.0,118837.6,4994.0,118837.7,264.0
1753769634423,06:13:54.423,blofin,BTC/USDT:USDT,118837.5,19097.0,118837.4,383.0,118837.6,4283.0,118837.7,211.0
1753769635118,06:13:55.118,blofin,BTC/USDT:USDT,118837.5,19097.0,118837.4,383.0,118837.6,4283.0,118837.7,211.0
1753769635721,06:13:55.721,blofin,BTC/USDT:USDT,118837.6,22023.0,118837.5,400.0,118837.7,823.0,118837.8,193.0
1753769636422,06:13:56.422,blofin,BTC/USDT:USDT,118856.0,23016.0,118855.9,246.0,118856.1,25.0,118856.2,182.0
1753769637026,06:13:57.026,blofin,BTC/USDT:USDT,118856.0,23016.0,118855.9,246.0,118856.1,25.0,118856.2,182.0
1753769637733,06:13:57.733,blofin,BTC/USDT:USDT,118856.0,28175.0,118855.9,227.0,118856.1,6849.0,118856.2,139.0
1753769638439,06:13:58.439,blofin,BTC/USDT:USDT,118856.0,22238.0,118855.9,380.0,118856.1,5465.0,118856.2,162.0
1753769638942,06:13:58.942,blofin,BTC/USDT:USDT,118856.0,22238.0,118855.9,380.0,118856.1,5465.0,118856.2,162.0
1753769639545,06:13:59.545,blofin,BTC/USDT:USDT,118856.0,16379.0,118855.9,308.0,118856.1,4506.0,118856.2,215.0
1753769640261,06:14:00.261,blofin,BTC/USDT:USDT,118856.0,21460.0,118855.9,309.0,118856.1,3911.0,118856.2,162.0
1753769640967,06:14:00.967,blofin,BTC/USDT:USDT,118856.0,21460.0,118855.9,309.0,118856.1,3911.0,118856.2,162.0
1753769641773,06:14:01.773,blofin,BTC/USDT:USDT,118859.1,24658.0,118859.0,216.0,118859.2,4313.0,118859.3,145.0
1753769642577,06:14:02.577,blofin,BTC/USDT:USDT,118859.1,18094.0,118859.0,264.0,118859.2,5281.0,118859.3,194.0
1753769643319,06:14:03.319,blofin,BTC/USDT:USDT,118859.1,21313.0,118859.0,286.0,118859.2,7849.0,118859.3,230.0
1753769644221,06:14:04.221,blofin,BTC/USDT:USDT,118859.1,22478.0,118859.0,343.0,118859.2,5124.0,118859.3,211.0
1753769644892,06:14:04.892,blofin,BTC/USDT:USDT,118859.1,22478.0,118859.0,343.0,118859.2,5123.3,118859.3,211.0
1753769645701,06:14:05.701,blofin,BTC/USDT:USDT,118859.1,19583.0,118859.0,220.0,118859.2,6259.0,118859.3,223.0
1753769646329,06:14:06.329,blofin,BTC/USDT:USDT,118859.1,13549.0,118859.0,239.0,118859.2,6561.0,118859.3,180.0
1753769647007,06:14:07.007,blofin,BTC/USDT:USDT,118859.1,13549.0,118859.0,239.0,118859.2,6561.0,118859.3,180.0
1753769647811,06:14:07.811,blofin,BTC/USDT:USDT,118859.1,13477.0,118859.0,278.0,118859.2,6037.0,118859.3,154.0
1753769648519,06:14:08.519,blofin,BTC/USDT:USDT,118859.1,14537.0,118859.0,355.0,118859.2,6140.0,118859.3,178.0
1753769649234,06:14:09.234,blofin,BTC/USDT:USDT,118859.1,16001.0,118859.0,367.0,118859.2,8243.0,118859.3,241.0
1753769649527,06:14:09.527,blofin,BTC/USDT:USDT,118859.1,16001.0,118859.0,367.0,118859.2,8243.0,118859.3,241.0
1753769650029,06:14:10.029,blofin,BTC/USDT:USDT,118859.1,16001.0,118859.0,367.0,118859.2,8243.0,118859.3,241.0
1753769650734,06:14:10.734,blofin,BTC/USDT:USDT,118859.1,21707.0,118859.0,308.0,118859.2,7536.0,118859.3,230.0
1753769651359,06:14:11.359,blofin,BTC/USDT:USDT,118859.1,14095.0,118859.0,374.0,118859.2,5534.0,118859.3,258.0
1753769652044,06:14:12.044,blofin,BTC/USDT:USDT,118859.1,14119.3,118859.0,374.0,118859.2,5534.0,118859.3,258.0
1753769652756,06:14:12.756,blofin,BTC/USDT:USDT,118859.1,14663.3,118859.0,290.0,118859.2,7696.0,118859.3,189.0
1753769653459,06:14:13.459,blofin,BTC/USDT:USDT,118859.1,22226.3,118859.0,378.0,118859.2,6574.0,118859.3,155.0
1753769654224,06:14:14.224,blofin,BTC/USDT:USDT,118859.1,13464.3,118859.0,349.0,118859.2,5680.0,118859.3,151.0
1753769654868,06:14:14.868,blofin,BTC/USDT:USDT,118859.1,13429.3,118859.0,349.0,118859.2,5680.0,118859.3,151.0
1753769655672,06:14:15.672,blofin,BTC/USDT:USDT,118859.1,21691.3,118859.0,280.0,118859.2,3881.0,118859.3,214.0
1753769656332,06:14:16.332,blofin,BTC/USDT:USDT,118859.1,19797.3,118859.0,218.0,118859.2,7159.0,118859.3,226.0
