timestamp,time,exchange,symbol,bid1_price,bid1_volume,bid2_price,bid2_volume,ask1_price,ask1_volume,ask2_price,ask2_volume
1753769305743,06:08:25.743,bybit,BTC/USDT:USDT,118792.0,8.927,118791.1,0.001,118792.1,0.602,118793.5,0.002
1753769305941,06:08:25.941,bybit,BTC/USDT:USDT,118792.0,8.927,118791.1,0.001,118792.1,0.604,118793.5,0.002
1753769306041,06:08:26.041,bybit,BTC/USDT:USDT,118792.0,9.096,118791.1,0.001,118792.1,0.604,118793.5,0.002
1753769306141,06:08:26.141,bybit,BTC/USDT:USDT,118792.0,9.096,118791.1,0.001,118792.1,0.604,118793.5,0.002
1753769306241,06:08:26.241,bybit,BTC/USDT:USDT,118792.0,9.096,118791.9,0.001,118792.1,0.604,118793.5,0.002
1753769306341,06:08:26.341,bybit,BTC/USDT:USDT,118792.0,9.101,118791.1,0.001,118792.1,0.39,118793.5,0.002
1753769306541,06:08:26.541,bybit,BTC/USDT:USDT,118792.0,9.101,118791.8,0.001,118792.1,0.603,118793.5,0.002
1753769306641,06:08:26.641,bybit,BTC/USDT:USDT,118792.0,9.097,118791.1,0.001,118792.1,0.603,118793.5,0.002
1753769306841,06:08:26.841,bybit,BTC/USDT:USDT,118792.0,9.038,118791.9,1.001,118792.1,0.602,118793.5,0.002
1753769306941,06:08:26.941,bybit,BTC/USDT:USDT,118792.0,9.038,118791.9,1.001,118792.1,0.639,118793.5,0.002
1753769307041,06:08:27.041,bybit,BTC/USDT:USDT,118792.0,9.038,118791.9,1.001,118792.1,0.696,118793.5,0.002
1753769307141,06:08:27.141,bybit,BTC/USDT:USDT,118792.0,9.038,118791.9,1.001,118792.1,0.639,118793.5,0.002
1753769307841,06:08:27.841,bybit,BTC/USDT:USDT,118792.0,9.001,118791.9,1.001,118792.1,0.65,118793.5,0.002
1753769307941,06:08:27.941,bybit,BTC/USDT:USDT,118792.0,9.085,118791.9,1.001,118792.1,0.65,118793.5,0.002
1753769308041,06:08:28.041,bybit,BTC/USDT:USDT,118792.0,8.921,118791.9,1.001,118792.1,0.65,118793.5,0.002
1753769308141,06:08:28.141,bybit,BTC/USDT:USDT,118792.0,8.921,118791.9,1.001,118792.1,0.65,118793.5,0.002
1753769308241,06:08:28.241,bybit,BTC/USDT:USDT,118792.0,8.921,118791.9,1.001,118792.1,0.65,118793.5,0.002
1753769308341,06:08:28.341,bybit,BTC/USDT:USDT,118792.0,8.395,118791.9,1.001,118792.1,0.707,118793.5,0.002
1753769308441,06:08:28.441,bybit,BTC/USDT:USDT,118792.0,8.355,118791.9,1.0,118792.1,1.936,118793.5,0.002
1753769308542,06:08:28.542,bybit,BTC/USDT:USDT,118792.0,8.348,118791.9,1.0,118792.1,1.929,118793.5,0.002
1753769308642,06:08:28.642,bybit,BTC/USDT:USDT,118792.0,8.338,118791.9,1.0,118792.1,1.329,118793.5,0.002
1753769308741,06:08:28.741,bybit,BTC/USDT:USDT,118792.0,8.338,118791.9,1.0,118792.1,2.15,118793.5,0.002
1753769308841,06:08:28.841,bybit,BTC/USDT:USDT,118792.0,8.757,118791.9,1.0,118792.1,2.137,118793.5,0.002
1753769309042,06:08:29.042,bybit,BTC/USDT:USDT,118792.0,8.34,118791.9,1.0,118792.1,1.866,118793.5,0.002
1753769309741,06:08:29.741,bybit,BTC/USDT:USDT,118792.0,8.763,118791.9,1.001,118792.1,0.729,118793.0,0.025
1753769309841,06:08:29.841,bybit,BTC/USDT:USDT,118792.0,8.763,118791.9,1.001,118792.1,0.709,118793.0,0.025
1753769309941,06:08:29.941,bybit,BTC/USDT:USDT,118792.0,8.763,118791.9,1.001,118792.1,0.709,118793.0,0.025
1753769310041,06:08:30.041,bybit,BTC/USDT:USDT,118792.0,8.763,118791.9,1.001,118792.1,0.71,118793.0,0.025
1753769310141,06:08:30.141,bybit,BTC/USDT:USDT,118792.0,8.763,118791.9,1.001,118792.1,0.71,118793.0,0.025
1753769310742,06:08:30.742,bybit,BTC/USDT:USDT,118792.0,8.847,118791.9,1.001,118792.1,0.714,118793.0,0.025
1753769310841,06:08:30.841,bybit,BTC/USDT:USDT,118792.0,8.847,118791.9,1.001,118792.1,0.714,118793.0,0.025
1753769310941,06:08:30.941,bybit,BTC/USDT:USDT,118792.0,8.847,118791.9,1.001,118792.1,0.714,118793.0,0.025
1753769311443,06:08:31.443,bybit,BTC/USDT:USDT,118792.0,8.801,118791.9,1.001,118792.1,0.711,118793.0,0.025
1753769311541,06:08:31.541,bybit,BTC/USDT:USDT,118792.0,8.848,118791.9,1.001,118792.1,0.711,118793.0,0.025
1753769311641,06:08:31.641,bybit,BTC/USDT:USDT,118792.0,10.537,118791.9,1.001,118792.1,0.711,118793.0,0.025
1753769311743,06:08:31.743,bybit,BTC/USDT:USDT,118792.0,10.451,118791.9,1.001,118792.1,0.711,118793.0,0.025
1753769311941,06:08:31.941,bybit,BTC/USDT:USDT,118792.0,10.707,118791.9,1.001,118792.1,0.711,118793.0,0.025
1753769312041,06:08:32.041,bybit,BTC/USDT:USDT,118792.0,10.707,118791.9,1.001,118792.1,0.711,118793.0,0.025
1753769312141,06:08:32.141,bybit,BTC/USDT:USDT,118792.0,10.451,118791.9,1.001,118792.1,0.807,118793.0,0.025
1753769312241,06:08:32.241,bybit,BTC/USDT:USDT,118792.0,10.451,118791.9,1.001,118792.1,0.807,118793.0,0.025
1753769312341,06:08:32.341,bybit,BTC/USDT:USDT,118792.0,10.451,118791.9,1.001,118792.1,0.807,118793.0,0.025
1753769312441,06:08:32.441,bybit,BTC/USDT:USDT,118792.0,10.448,118791.9,1.001,118792.1,0.851,118793.0,0.025
1753769312541,06:08:32.541,bybit,BTC/USDT:USDT,118792.0,10.451,118791.9,1.001,118792.1,0.851,118792.4,0.011
1753769312641,06:08:32.641,bybit,BTC/USDT:USDT,118792.0,10.45,118791.9,1.001,118792.1,0.742,118792.4,0.011
1753769312741,06:08:32.741,bybit,BTC/USDT:USDT,118792.0,10.45,118791.9,1.001,118792.1,0.742,118792.4,0.011
1753769313141,06:08:33.141,bybit,BTC/USDT:USDT,118792.0,10.54,118791.9,1.001,118792.1,0.742,118792.4,0.011
1753769313241,06:08:33.241,bybit,BTC/USDT:USDT,118792.0,10.54,118791.9,1.001,118792.1,0.742,118792.4,0.011
1753769313341,06:08:33.341,bybit,BTC/USDT:USDT,118792.0,10.54,118791.9,1.001,118792.1,0.742,118792.4,0.011
1753769313441,06:08:33.441,bybit,BTC/USDT:USDT,118792.0,10.54,118791.9,1.001,118792.1,0.742,118792.4,0.011
1753769313541,06:08:33.541,bybit,BTC/USDT:USDT,118792.0,10.449,118791.9,1.001,118792.1,0.742,118792.4,0.011
1753769313641,06:08:33.641,bybit,BTC/USDT:USDT,118792.0,10.449,118791.9,1.001,118792.1,0.742,118792.4,0.011
1753769313741,06:08:33.741,bybit,BTC/USDT:USDT,118792.0,10.449,118791.9,1.001,118792.1,0.736,118792.4,0.011
1753769313841,06:08:33.841,bybit,BTC/USDT:USDT,118792.0,10.535,118791.9,1.001,118792.1,0.736,118792.4,0.011
1753769313941,06:08:33.941,bybit,BTC/USDT:USDT,118792.0,10.535,118791.9,1.001,118792.1,0.736,118792.4,0.011
1753769314041,06:08:34.041,bybit,BTC/USDT:USDT,118792.0,10.534,118791.9,1.001,118792.1,0.736,118792.4,0.011
1753769314141,06:08:34.141,bybit,BTC/USDT:USDT,118792.0,10.559,118791.9,1.001,118792.1,0.705,118792.4,0.011
1753769314241,06:08:34.241,bybit,BTC/USDT:USDT,118792.0,10.559,118791.9,1.001,118792.1,0.705,118792.4,0.011
1753769314341,06:08:34.341,bybit,BTC/USDT:USDT,118792.0,10.559,118791.9,1.002,118792.1,0.705,118792.4,0.011
1753769314441,06:08:34.441,bybit,BTC/USDT:USDT,118792.0,10.837,118791.9,1.001,118792.1,0.708,118792.4,0.011
1753769314541,06:08:34.541,bybit,BTC/USDT:USDT,118792.0,10.837,118791.9,1.001,118792.1,0.708,118792.4,0.011
1753769314641,06:08:34.641,bybit,BTC/USDT:USDT,118792.0,10.751,118791.9,1.002,118792.1,0.708,118792.4,0.011
1753769314741,06:08:34.741,bybit,BTC/USDT:USDT,118792.0,10.751,118791.9,1.001,118792.1,0.708,118792.4,0.011
1753769314841,06:08:34.841,bybit,BTC/USDT:USDT,118792.0,10.751,118791.9,1.002,118792.1,0.708,118792.4,0.011
1753769314941,06:08:34.941,bybit,BTC/USDT:USDT,118792.0,10.838,118791.9,1.001,118792.1,0.705,118792.4,0.011
1753769315041,06:08:35.041,bybit,BTC/USDT:USDT,118792.0,10.839,118791.9,1.001,118792.1,0.705,118792.4,0.011
1753769315141,06:08:35.141,bybit,BTC/USDT:USDT,118792.0,10.838,118791.9,1.001,118792.1,0.706,118792.4,0.011
1753769315241,06:08:35.241,bybit,BTC/USDT:USDT,118792.0,10.838,118791.9,1.001,118792.1,0.745,118792.4,0.011
1753769315341,06:08:35.341,bybit,BTC/USDT:USDT,118792.0,10.838,118791.9,1.001,118792.1,0.745,118792.4,0.011
1753769315441,06:08:35.441,bybit,BTC/USDT:USDT,118792.0,10.838,118791.9,1.001,118792.1,0.745,118792.4,0.011
1753769315541,06:08:35.541,bybit,BTC/USDT:USDT,118792.0,11.006,118791.9,1.001,118792.1,0.745,118792.4,0.011
1753769315641,06:08:35.641,bybit,BTC/USDT:USDT,118792.0,10.919,118791.9,1.001,118792.1,0.745,118792.4,0.011
1753769315743,06:08:35.743,bybit,BTC/USDT:USDT,118792.0,10.845,118791.9,1.001,118792.1,0.745,118792.4,0.011
1753769315841,06:08:35.841,bybit,BTC/USDT:USDT,118792.0,10.738,118791.9,1.001,118792.1,0.841,118792.4,0.011
1753769315942,06:08:35.942,bybit,BTC/USDT:USDT,118792.0,7.018,118791.9,0.001,118792.1,14.58,118792.4,0.011
1753769316042,06:08:36.042,bybit,BTC/USDT:USDT,118792.0,6.733,118791.1,0.004,118792.1,14.623,118792.2,0.002
1753769316142,06:08:36.142,bybit,BTC/USDT:USDT,118792.0,6.733,118791.1,0.004,118792.1,14.581,118792.2,0.002
1753769316242,06:08:36.242,bybit,BTC/USDT:USDT,118792.0,6.733,118791.1,0.004,118792.1,14.495,118792.2,0.002
1753769316342,06:08:36.342,bybit,BTC/USDT:USDT,118792.0,6.682,118791.1,0.004,118792.1,14.351,118792.2,0.002
1753769316441,06:08:36.441,bybit,BTC/USDT:USDT,118792.0,6.682,118790.9,0.66,118792.1,14.393,118792.2,0.002
1753769316541,06:08:36.541,bybit,BTC/USDT:USDT,118792.0,6.682,118790.9,0.66,118792.1,14.394,118792.2,0.002
1753769316642,06:08:36.642,bybit,BTC/USDT:USDT,118792.0,6.682,118790.9,0.66,118792.1,14.393,118792.2,0.002
1753769316742,06:08:36.742,bybit,BTC/USDT:USDT,118792.0,6.882,118790.9,0.66,118792.1,14.393,118792.2,0.002
1753769316842,06:08:36.842,bybit,BTC/USDT:USDT,118792.0,6.682,118790.9,0.66,118792.1,14.393,118792.2,0.002
1753769316942,06:08:36.942,bybit,BTC/USDT:USDT,118792.0,6.956,118790.9,0.66,118792.1,14.393,118792.2,0.002
1753769317042,06:08:37.042,bybit,BTC/USDT:USDT,118792.0,6.674,118790.9,0.66,118792.1,14.393,118792.2,0.002
1753769317141,06:08:37.141,bybit,BTC/USDT:USDT,118792.0,6.674,118790.9,0.66,118792.1,14.393,118792.2,0.002
1753769317241,06:08:37.241,bybit,BTC/USDT:USDT,118792.0,6.674,118790.9,0.66,118792.1,14.393,118792.2,0.002
1753769317342,06:08:37.342,bybit,BTC/USDT:USDT,118792.0,6.874,118790.9,0.66,118792.1,14.393,118792.2,0.002
1753769317441,06:08:37.441,bybit,BTC/USDT:USDT,118792.0,6.674,118790.9,0.66,118792.1,14.391,118792.2,0.002
1753769317541,06:08:37.541,bybit,BTC/USDT:USDT,118792.0,6.674,118790.9,0.66,118792.1,14.391,118792.2,0.002
1753769317642,06:08:37.642,bybit,BTC/USDT:USDT,118792.0,6.674,118790.9,0.66,118792.1,14.391,118792.2,0.002
1753769317741,06:08:37.741,bybit,BTC/USDT:USDT,118792.0,6.674,118790.9,0.66,118792.1,14.391,118792.2,0.002
1753769317841,06:08:37.841,bybit,BTC/USDT:USDT,118792.0,6.673,118790.9,0.66,118792.1,14.422,118792.2,0.002
1753769317941,06:08:37.941,bybit,BTC/USDT:USDT,118792.0,6.882,118790.9,0.66,118792.1,14.422,118792.2,0.002
1753769318041,06:08:38.041,bybit,BTC/USDT:USDT,118792.0,6.586,118790.9,0.66,118792.1,11.268,118792.2,0.002
1753769318142,06:08:38.142,bybit,BTC/USDT:USDT,118792.0,6.657,118790.9,0.66,118792.1,11.352,118792.2,0.002
1753769318241,06:08:38.241,bybit,BTC/USDT:USDT,118792.0,6.857,118790.9,0.66,118792.1,11.352,118792.2,0.002
1753769318341,06:08:38.341,bybit,BTC/USDT:USDT,118792.0,6.657,118790.9,0.66,118792.1,11.352,118792.2,0.002
1753769318442,06:08:38.442,bybit,BTC/USDT:USDT,118792.0,6.586,118790.9,0.66,118792.1,11.339,118792.2,0.002
1753769318541,06:08:38.541,bybit,BTC/USDT:USDT,118792.0,6.586,118790.9,0.66,118792.1,11.339,118792.2,0.002
1753769318641,06:08:38.641,bybit,BTC/USDT:USDT,118792.0,6.586,118790.9,0.66,118792.1,11.339,118792.2,0.002
1753769318741,06:08:38.741,bybit,BTC/USDT:USDT,118792.0,6.586,118790.9,0.66,118792.1,11.3,118792.2,0.002
1753769318841,06:08:38.841,bybit,BTC/USDT:USDT,118792.0,6.786,118790.9,0.66,118792.1,11.3,118792.2,0.002
1753769318941,06:08:38.941,bybit,BTC/USDT:USDT,118792.0,6.586,118790.9,0.66,118792.1,11.3,118792.2,0.002
1753769319042,06:08:39.042,bybit,BTC/USDT:USDT,118792.0,6.586,118790.9,0.66,118792.1,11.3,118792.2,0.002
1753769319141,06:08:39.141,bybit,BTC/USDT:USDT,118792.0,6.586,118790.9,0.66,118792.1,11.3,118792.2,0.002
1753769319242,06:08:39.242,bybit,BTC/USDT:USDT,118792.0,6.786,118790.9,0.66,118792.1,11.3,118792.2,0.002
1753769319341,06:08:39.341,bybit,BTC/USDT:USDT,118792.0,6.586,118790.9,0.66,118792.1,11.3,118792.2,0.002
1753769319441,06:08:39.441,bybit,BTC/USDT:USDT,118792.0,6.586,118790.9,0.66,118792.1,11.5,118792.2,0.002
1753769319541,06:08:39.541,bybit,BTC/USDT:USDT,118792.0,6.586,118790.9,0.66,118792.1,11.501,118792.2,0.002
1753769319641,06:08:39.641,bybit,BTC/USDT:USDT,118792.0,6.586,118790.9,0.66,118792.1,11.501,118792.2,0.002
1753769319743,06:08:39.743,bybit,BTC/USDT:USDT,118792.0,6.586,118790.9,0.66,118792.1,11.501,118792.2,0.002
1753769319841,06:08:39.841,bybit,BTC/USDT:USDT,118792.0,6.586,118790.9,0.66,118792.1,11.501,118792.2,0.002
1753769319942,06:08:39.942,bybit,BTC/USDT:USDT,118792.0,6.502,118790.9,0.66,118792.1,11.501,118792.2,0.002
1753769320041,06:08:40.041,bybit,BTC/USDT:USDT,118792.0,6.502,118790.4,0.001,118792.1,11.511,118792.2,0.002
1753769320142,06:08:40.142,bybit,BTC/USDT:USDT,118792.0,6.586,118790.4,0.001,118792.1,11.511,118792.2,0.002
1753769320241,06:08:40.241,bybit,BTC/USDT:USDT,118792.0,6.586,118790.4,0.001,118792.1,11.511,118792.2,0.002
1753769320341,06:08:40.341,bybit,BTC/USDT:USDT,118792.0,6.502,118790.4,0.001,118792.1,11.515,118792.2,0.002
1753769320441,06:08:40.441,bybit,BTC/USDT:USDT,118792.0,6.565,118790.4,0.001,118792.1,11.515,118792.2,0.002
1753769320541,06:08:40.541,bybit,BTC/USDT:USDT,118792.0,6.649,118790.4,0.001,118792.1,11.515,118792.2,0.002
1753769320641,06:08:40.641,bybit,BTC/USDT:USDT,118792.0,6.649,118790.4,0.001,118792.1,11.516,118792.2,0.002
1753769320742,06:08:40.742,bybit,BTC/USDT:USDT,118792.0,5.049,118790.4,0.001,118792.1,11.65,118792.2,0.002
1753769320842,06:08:40.842,bybit,BTC/USDT:USDT,118792.0,5.929,118790.4,0.001,118792.1,11.649,118792.2,0.003
1753769320942,06:08:40.942,bybit,BTC/USDT:USDT,118792.0,5.849,118790.4,0.001,118792.1,11.649,118792.2,0.002
1753769321041,06:08:41.041,bybit,BTC/USDT:USDT,118792.0,5.772,118790.4,0.001,118792.1,11.649,118792.2,0.002
1753769321141,06:08:41.141,bybit,BTC/USDT:USDT,118792.0,5.772,118790.4,0.001,118792.1,11.649,118792.2,0.002
1753769321242,06:08:41.242,bybit,BTC/USDT:USDT,118792.0,5.782,118790.4,0.001,118792.1,11.649,118792.2,0.002
1753769321341,06:08:41.341,bybit,BTC/USDT:USDT,118792.0,7.103,118790.4,0.001,118792.1,11.516,118792.2,0.002
1753769321442,06:08:41.442,bybit,BTC/USDT:USDT,118792.0,7.644,118790.4,0.001,118792.1,10.298,118792.2,0.002
1753769321541,06:08:41.541,bybit,BTC/USDT:USDT,118792.0,7.444,118790.4,0.001,118792.1,10.298,118792.2,0.002
1753769321743,06:08:41.743,bybit,BTC/USDT:USDT,118792.0,7.444,118790.4,0.001,118792.1,10.298,118792.2,0.002
1753769321842,06:08:41.842,bybit,BTC/USDT:USDT,118792.0,7.444,118790.4,0.001,118792.1,10.312,118792.2,0.002
1753769321941,06:08:41.941,bybit,BTC/USDT:USDT,118792.0,7.392,118790.4,0.001,118792.1,10.313,118792.2,0.002
1753769322042,06:08:42.042,bybit,BTC/USDT:USDT,118792.0,7.524,118790.4,0.001,118792.1,9.814,118792.2,0.002
1753769322141,06:08:42.141,bybit,BTC/USDT:USDT,118792.0,6.948,118790.4,0.001,118792.1,10.419,118792.2,0.002
1753769322242,06:08:42.242,bybit,BTC/USDT:USDT,118792.0,7.025,118790.4,0.001,118792.1,10.419,118792.2,0.002
1753769322341,06:08:42.341,bybit,BTC/USDT:USDT,118792.0,7.289,118790.4,0.001,118792.1,10.42,118792.2,0.002
1753769322642,06:08:42.642,bybit,BTC/USDT:USDT,118792.0,7.289,118790.4,0.001,118792.1,10.426,118792.2,0.002
1753769322742,06:08:42.742,bybit,BTC/USDT:USDT,118792.0,2.132,118790.4,0.001,118792.1,10.514,118792.2,0.002
1753769322842,06:08:42.842,bybit,BTC/USDT:USDT,118792.0,3.135,118790.4,0.001,118792.1,10.514,118792.2,0.002
1753769322941,06:08:42.941,bybit,BTC/USDT:USDT,118792.0,3.742,118790.4,0.001,118792.1,10.515,118792.2,0.002
1753769323042,06:08:43.042,bybit,BTC/USDT:USDT,118792.0,3.742,118790.4,0.001,118792.1,10.515,118792.2,0.002
1753769323141,06:08:43.141,bybit,BTC/USDT:USDT,118792.0,3.665,118790.4,0.001,118792.1,10.515,118792.2,0.002
1753769323242,06:08:43.242,bybit,BTC/USDT:USDT,118792.0,3.451,118790.4,0.001,118792.1,10.531,118792.2,0.002
1753769323342,06:08:43.342,bybit,BTC/USDT:USDT,118792.0,3.528,118790.4,0.001,118792.1,10.531,118792.2,0.002
1753769323441,06:08:43.441,bybit,BTC/USDT:USDT,118792.0,3.528,118790.4,0.001,118792.1,10.532,118792.2,0.002
1753769323542,06:08:43.542,bybit,BTC/USDT:USDT,118792.0,2.836,118790.4,0.001,118792.1,10.532,118792.2,0.002
1753769323641,06:08:43.641,bybit,BTC/USDT:USDT,118792.0,2.759,118790.4,0.001,118792.1,10.532,118792.2,0.002
1753769323741,06:08:43.741,bybit,BTC/USDT:USDT,118792.0,2.913,118790.4,0.001,118792.1,10.533,118792.2,0.002
1753769323841,06:08:43.841,bybit,BTC/USDT:USDT,118792.0,3.636,118790.4,0.001,118792.1,10.532,118792.2,0.002
1753769323941,06:08:43.941,bybit,BTC/USDT:USDT,118792.0,3.636,118790.4,0.001,118792.1,10.533,118792.2,0.002
1753769324041,06:08:44.041,bybit,BTC/USDT:USDT,118792.0,3.636,118790.4,0.001,118792.1,10.535,118792.2,0.002
1753769324142,06:08:44.142,bybit,BTC/USDT:USDT,118792.0,3.636,118790.4,0.001,118792.1,10.533,118792.2,0.002
1753769324241,06:08:44.241,bybit,BTC/USDT:USDT,118792.0,3.636,118790.4,0.001,118792.1,10.533,118792.2,0.002
1753769324341,06:08:44.341,bybit,BTC/USDT:USDT,118792.0,3.636,118790.4,0.001,118792.1,10.445,118792.2,0.002
1753769324441,06:08:44.441,bybit,BTC/USDT:USDT,118792.0,3.636,118790.4,0.001,118792.1,10.445,118792.2,0.002
1753769324541,06:08:44.541,bybit,BTC/USDT:USDT,118792.0,3.636,118790.4,0.001,118792.1,10.445,118792.2,0.002
1753769324641,06:08:44.641,bybit,BTC/USDT:USDT,118792.0,3.636,118790.4,0.001,118792.1,10.445,118792.2,0.002
1753769324741,06:08:44.741,bybit,BTC/USDT:USDT,118792.0,3.559,118790.4,0.001,118792.1,10.445,118792.2,0.002
1753769324841,06:08:44.841,bybit,BTC/USDT:USDT,118792.0,3.559,118790.4,0.001,118792.1,10.445,118792.2,0.002
1753769324941,06:08:44.941,bybit,BTC/USDT:USDT,118792.0,3.559,118790.4,0.001,118792.1,10.445,118792.2,0.002
1753769325041,06:08:45.041,bybit,BTC/USDT:USDT,118792.0,3.559,118790.4,0.001,118792.1,10.445,118792.2,0.002
1753769325141,06:08:45.141,bybit,BTC/USDT:USDT,118792.0,3.549,118790.4,0.001,118792.1,10.445,118792.2,0.002
1753769325241,06:08:45.241,bybit,BTC/USDT:USDT,118792.0,2.846,118790.4,0.001,118792.1,10.445,118792.2,0.002
1753769325341,06:08:45.341,bybit,BTC/USDT:USDT,118792.0,2.923,118790.4,0.001,118792.1,10.445,118792.2,0.002
1753769325442,06:08:45.442,bybit,BTC/USDT:USDT,118792.0,2.923,118790.4,0.001,118792.1,10.445,118792.2,0.002
1753769325542,06:08:45.542,bybit,BTC/USDT:USDT,118792.0,2.923,118790.4,0.001,118792.1,10.445,118792.2,0.002
1753769325641,06:08:45.641,bybit,BTC/USDT:USDT,118792.0,2.923,118790.4,0.001,118792.1,10.445,118792.2,0.002
1753769325742,06:08:45.742,bybit,BTC/USDT:USDT,118792.0,3.021,118790.4,0.001,118792.1,10.445,118792.2,0.002
1753769325841,06:08:45.841,bybit,BTC/USDT:USDT,118792.0,3.021,118790.4,0.001,118792.1,10.445,118792.2,0.002
1753769325941,06:08:45.941,bybit,BTC/USDT:USDT,118792.0,3.021,118790.4,0.001,118792.1,10.442,118792.2,0.002
1753769326142,06:08:46.142,bybit,BTC/USDT:USDT,118792.0,3.629,118790.4,0.001,118792.1,10.444,118792.2,0.002
1753769326241,06:08:46.241,bybit,BTC/USDT:USDT,118792.0,3.629,118790.4,0.001,118792.1,10.445,118792.2,0.002
1753769326341,06:08:46.341,bybit,BTC/USDT:USDT,118792.0,4.123,118790.4,0.001,118792.1,10.442,118792.2,0.002
1753769326441,06:08:46.441,bybit,BTC/USDT:USDT,118792.0,6.603,118790.4,0.001,118792.1,10.442,118792.2,0.002
1753769326542,06:08:46.542,bybit,BTC/USDT:USDT,118792.0,7.013,118790.4,0.001,118792.1,9.804,118792.2,0.002
1753769326641,06:08:46.641,bybit,BTC/USDT:USDT,118792.0,7.013,118790.4,0.001,118792.1,9.835,118792.2,0.002
1753769326742,06:08:46.742,bybit,BTC/USDT:USDT,118792.0,7.213,118790.4,0.001,118792.1,9.801,118792.2,0.002
1753769326841,06:08:46.841,bybit,BTC/USDT:USDT,118792.0,7.013,118790.4,0.001,118792.1,9.86,118792.2,0.002
1753769326942,06:08:46.942,bybit,BTC/USDT:USDT,118792.0,7.213,118790.4,0.001,118792.1,9.86,118792.2,0.002
1753769327041,06:08:47.041,bybit,BTC/USDT:USDT,118792.0,7.213,118790.4,0.001,118792.1,9.86,118792.2,0.002
1753769327141,06:08:47.141,bybit,BTC/USDT:USDT,118792.0,7.213,118790.4,0.001,118792.1,9.86,118792.2,0.002
1753769327242,06:08:47.242,bybit,BTC/USDT:USDT,118792.0,7.013,118790.4,0.001,118792.1,9.891,118792.2,0.002
1753769327341,06:08:47.341,bybit,BTC/USDT:USDT,118792.0,7.0,118790.4,0.001,118792.1,9.902,118792.2,0.002
1753769327542,06:08:47.542,bybit,BTC/USDT:USDT,118792.0,7.094,118790.4,0.001,118792.1,9.902,118792.2,0.002
1753769327642,06:08:47.642,bybit,BTC/USDT:USDT,118792.0,6.854,118790.4,0.001,118792.1,9.902,118792.2,0.002
1753769327741,06:08:47.741,bybit,BTC/USDT:USDT,118792.0,6.77,118790.4,0.001,118792.1,9.991,118792.2,0.002
1753769327841,06:08:47.841,bybit,BTC/USDT:USDT,118792.0,6.77,118790.4,0.001,118792.1,9.991,118792.2,0.002
1753769327941,06:08:47.941,bybit,BTC/USDT:USDT,118792.0,6.232,118790.4,0.001,118792.1,9.902,118792.2,0.002
1753769328042,06:08:48.042,bybit,BTC/USDT:USDT,118792.0,6.232,118790.4,0.001,118792.1,9.902,118792.2,0.002
1753769328142,06:08:48.142,bybit,BTC/USDT:USDT,118792.0,6.58,118790.4,0.001,118792.1,9.902,118792.2,0.002
1753769328241,06:08:48.241,bybit,BTC/USDT:USDT,118792.0,6.597,118790.4,0.001,118792.1,9.871,118792.2,0.002
1753769328342,06:08:48.342,bybit,BTC/USDT:USDT,118792.0,6.873,118790.4,0.001,118792.1,9.871,118792.2,0.002
1753769328441,06:08:48.441,bybit,BTC/USDT:USDT,118792.0,6.873,118790.4,0.001,118792.1,9.893,118792.2,0.002
1753769328541,06:08:48.541,bybit,BTC/USDT:USDT,118792.0,6.873,118790.4,0.001,118792.1,9.924,118792.2,0.002
1753769329141,06:08:49.141,bybit,BTC/USDT:USDT,118792.0,6.873,118790.4,0.001,118792.1,9.903,118792.2,0.002
1753769329241,06:08:49.241,bybit,BTC/USDT:USDT,118792.0,6.873,118790.4,0.001,118792.1,9.903,118792.2,0.002
1753769329341,06:08:49.341,bybit,BTC/USDT:USDT,118792.0,6.873,118790.4,0.001,118792.1,9.899,118792.2,0.002
1753769329441,06:08:49.441,bybit,BTC/USDT:USDT,118792.0,6.873,118790.4,0.001,118792.1,9.899,118792.2,0.002
1753769329541,06:08:49.541,bybit,BTC/USDT:USDT,118792.0,6.873,118790.4,0.001,118792.1,9.987,118792.2,0.002
1753769329642,06:08:49.642,bybit,BTC/USDT:USDT,118792.0,6.873,118790.4,0.001,118792.1,10.018,118792.2,0.002
1753769329741,06:08:49.741,bybit,BTC/USDT:USDT,118792.0,6.873,118790.4,0.001,118792.1,9.839,118792.2,0.002
1753769329942,06:08:49.942,bybit,BTC/USDT:USDT,118792.0,6.873,118790.4,0.001,118792.1,9.839,118792.2,0.002
1753769330041,06:08:50.041,bybit,BTC/USDT:USDT,118792.0,6.873,118790.4,0.001,118792.1,9.839,118792.2,0.002
1753769330142,06:08:50.142,bybit,BTC/USDT:USDT,118792.0,6.873,118790.4,0.001,118792.1,9.83,118792.2,0.002
1753769330241,06:08:50.241,bybit,BTC/USDT:USDT,118792.0,6.873,118790.4,0.001,118792.1,9.861,118792.2,0.002
1753769330341,06:08:50.341,bybit,BTC/USDT:USDT,118792.0,6.623,118790.4,0.001,118792.1,9.861,118792.2,0.002
1753769330441,06:08:50.441,bybit,BTC/USDT:USDT,118792.0,6.633,118790.4,0.001,118792.1,9.861,118792.2,0.002
1753769330541,06:08:50.541,bybit,BTC/USDT:USDT,118792.0,6.656,118790.4,0.001,118792.1,9.861,118792.2,0.002
1753769330641,06:08:50.641,bybit,BTC/USDT:USDT,118792.0,6.656,118790.4,0.001,118792.1,9.83,118792.2,0.002
1753769330742,06:08:50.742,bybit,BTC/USDT:USDT,118792.0,6.663,118790.4,0.001,118792.1,9.829,118792.2,0.002
1753769330842,06:08:50.842,bybit,BTC/USDT:USDT,118792.0,6.663,118790.4,0.001,118792.1,9.86,118792.2,0.002
1753769330941,06:08:50.941,bybit,BTC/USDT:USDT,118792.0,6.656,118790.4,0.001,118792.1,9.86,118792.2,0.002
1753769331041,06:08:51.041,bybit,BTC/USDT:USDT,118792.0,6.656,118790.4,0.001,118792.1,9.948,118792.2,0.002
1753769331142,06:08:51.142,bybit,BTC/USDT:USDT,118792.0,6.656,118790.4,0.001,118792.1,9.948,118792.2,0.002
1753769331242,06:08:51.242,bybit,BTC/USDT:USDT,118792.0,6.093,118790.4,0.001,118792.1,9.948,118792.2,0.002
1753769331342,06:08:51.342,bybit,BTC/USDT:USDT,118792.0,6.093,118790.4,0.001,118792.1,9.948,118792.2,0.002
1753769331441,06:08:51.441,bybit,BTC/USDT:USDT,118792.0,6.093,118790.4,0.001,118792.1,9.948,118792.2,0.002
1753769331541,06:08:51.541,bybit,BTC/USDT:USDT,118792.0,6.093,118790.4,0.001,118792.1,9.94,118792.2,0.002
1753769331641,06:08:51.641,bybit,BTC/USDT:USDT,118792.0,6.093,118790.4,0.001,118792.1,9.94,118792.2,0.002
1753769331741,06:08:51.741,bybit,BTC/USDT:USDT,118792.0,6.093,118790.4,0.001,118792.1,9.94,118792.2,0.002
1753769331841,06:08:51.841,bybit,BTC/USDT:USDT,118792.0,6.093,118790.4,0.001,118792.1,9.982,118792.2,0.002
1753769331941,06:08:51.941,bybit,BTC/USDT:USDT,118792.0,6.093,118790.4,0.001,118792.1,9.982,118792.2,0.002
1753769332041,06:08:52.041,bybit,BTC/USDT:USDT,118792.0,6.093,118790.4,0.001,118792.1,9.94,118792.2,0.002
1753769332141,06:08:52.141,bybit,BTC/USDT:USDT,118792.0,6.093,118790.4,0.001,118792.1,9.999,118792.2,0.002
1753769332241,06:08:52.241,bybit,BTC/USDT:USDT,118792.0,6.093,118790.4,0.001,118792.1,9.999,118792.2,0.002
1753769332341,06:08:52.341,bybit,BTC/USDT:USDT,118792.0,6.092,118790.4,0.001,118792.1,9.993,118792.2,0.002
1753769332442,06:08:52.442,bybit,BTC/USDT:USDT,118792.0,6.092,118790.4,0.001,118792.1,9.993,118792.2,0.002
1753769332542,06:08:52.542,bybit,BTC/USDT:USDT,118792.0,6.092,118790.4,0.001,118792.1,10.003,118792.2,0.002
1753769332641,06:08:52.641,bybit,BTC/USDT:USDT,118792.0,6.092,118790.4,0.001,118792.1,10.003,118792.2,0.002
1753769332742,06:08:52.742,bybit,BTC/USDT:USDT,118792.0,6.092,118790.4,0.001,118792.1,10.004,118792.2,0.002
1753769332841,06:08:52.841,bybit,BTC/USDT:USDT,118792.0,6.091,118790.4,0.001,118792.1,10.004,118792.2,0.002
1753769332941,06:08:52.941,bybit,BTC/USDT:USDT,118792.0,6.091,118790.4,0.001,118792.1,10.004,118792.2,0.002
1753769333041,06:08:53.041,bybit,BTC/USDT:USDT,118792.0,6.091,118790.4,0.001,118792.1,10.004,118792.2,0.002
1753769333141,06:08:53.141,bybit,BTC/USDT:USDT,118792.0,6.091,118790.4,0.001,118792.1,10.004,118792.2,0.002
1753769333241,06:08:53.241,bybit,BTC/USDT:USDT,118792.0,6.091,118790.4,0.001,118792.1,10.004,118792.2,0.002
1753769333341,06:08:53.341,bybit,BTC/USDT:USDT,118792.0,6.014,118790.4,0.001,118792.1,10.013,118792.2,0.002
1753769333441,06:08:53.441,bybit,BTC/USDT:USDT,118792.0,2.633,118790.4,0.001,118792.1,10.055,118792.2,0.002
1753769333542,06:08:53.542,bybit,BTC/USDT:USDT,118792.0,0.101,118790.4,0.001,118792.1,10.057,118792.2,0.002
1753769333743,06:08:53.743,bybit,BTC/USDT:USDT,118792.0,0.153,118790.4,0.001,118792.1,10.014,118792.2,0.002
1753769333841,06:08:53.841,bybit,BTC/USDT:USDT,118792.0,0.153,118790.4,0.001,118792.1,10.048,118792.2,0.002
1753769333941,06:08:53.941,bybit,BTC/USDT:USDT,118792.0,0.153,118790.4,0.001,118792.1,10.108,118792.2,0.002
1753769334041,06:08:54.041,bybit,BTC/USDT:USDT,118792.0,0.153,118790.4,0.001,118792.1,10.108,118792.2,0.002
1753769334141,06:08:54.141,bybit,BTC/USDT:USDT,118792.0,0.153,118790.4,0.001,118792.1,10.106,118792.2,0.002
1753769334241,06:08:54.241,bybit,BTC/USDT:USDT,118792.0,0.153,118790.4,0.001,118792.1,10.106,118792.2,0.002
1753769334341,06:08:54.341,bybit,BTC/USDT:USDT,118792.0,0.153,118790.4,0.001,118792.1,10.106,118792.2,0.002
1753769334441,06:08:54.441,bybit,BTC/USDT:USDT,118792.0,0.153,118790.4,0.001,118792.1,10.106,118792.2,0.002
1753769334541,06:08:54.541,bybit,BTC/USDT:USDT,118792.0,0.153,118790.4,0.001,118792.1,10.106,118792.2,0.002
1753769334641,06:08:54.641,bybit,BTC/USDT:USDT,118792.0,0.149,118790.4,0.001,118792.1,10.106,118792.2,0.002
1753769334741,06:08:54.741,bybit,BTC/USDT:USDT,118792.0,0.208,118790.4,0.001,118792.1,10.106,118792.2,0.002
1753769334841,06:08:54.841,bybit,BTC/USDT:USDT,118792.0,0.208,118790.4,0.001,118792.1,10.106,118792.2,0.002
1753769334941,06:08:54.941,bybit,BTC/USDT:USDT,118792.0,0.208,118790.4,0.001,118792.1,10.106,118792.2,0.002
1753769335041,06:08:55.041,bybit,BTC/USDT:USDT,118792.0,0.208,118790.4,0.001,118792.1,10.106,118792.2,0.002
1753769335141,06:08:55.141,bybit,BTC/USDT:USDT,118792.0,0.198,118790.4,0.001,118792.1,10.106,118792.2,0.002
1753769335241,06:08:55.241,bybit,BTC/USDT:USDT,118792.0,0.198,118790.4,0.001,118792.1,10.109,118792.2,0.002
1753769335341,06:08:55.341,bybit,BTC/USDT:USDT,118792.0,0.198,118790.4,0.001,118792.1,10.109,118792.2,0.002
1753769335441,06:08:55.441,bybit,BTC/USDT:USDT,118792.0,0.198,118790.4,0.001,118792.1,10.119,118792.2,0.002
1753769335541,06:08:55.541,bybit,BTC/USDT:USDT,118792.0,0.198,118790.4,0.001,118792.1,10.119,118792.2,0.002
1753769335641,06:08:55.641,bybit,BTC/USDT:USDT,118792.0,0.198,118790.4,0.001,118792.1,10.119,118792.2,0.002
1753769335743,06:08:55.743,bybit,BTC/USDT:USDT,118792.0,0.196,118790.4,0.001,118792.1,10.119,118792.2,0.002
1753769335841,06:08:55.841,bybit,BTC/USDT:USDT,118792.0,0.196,118790.4,0.001,118792.1,10.119,118792.2,0.002
1753769335941,06:08:55.941,bybit,BTC/USDT:USDT,118792.0,0.191,118790.4,0.001,118792.1,10.119,118792.2,0.002
1753769336041,06:08:56.041,bybit,BTC/USDT:USDT,118792.0,0.191,118790.4,0.001,118792.1,10.119,118792.2,0.002
1753769336141,06:08:56.141,bybit,BTC/USDT:USDT,118792.0,0.192,118790.4,0.001,118792.1,10.119,118792.2,0.002
1753769336241,06:08:56.241,bybit,BTC/USDT:USDT,118792.0,0.192,118790.4,0.001,118792.1,10.119,118792.2,0.002
1753769336341,06:08:56.341,bybit,BTC/USDT:USDT,118792.0,0.192,118790.4,0.001,118792.1,10.119,118792.2,0.002
1753769336441,06:08:56.441,bybit,BTC/USDT:USDT,118792.0,0.192,118790.4,0.001,118792.1,10.119,118792.2,0.002
1753769336541,06:08:56.541,bybit,BTC/USDT:USDT,118792.0,0.192,118790.4,0.001,118792.1,10.119,118792.2,0.002
1753769336641,06:08:56.641,bybit,BTC/USDT:USDT,118792.0,0.192,118790.4,0.001,118792.1,10.06,118792.2,0.002
1753769336742,06:08:56.742,bybit,BTC/USDT:USDT,118792.0,0.191,118790.4,0.001,118792.1,10.06,118792.2,0.002
1753769336941,06:08:56.941,bybit,BTC/USDT:USDT,118792.0,0.191,118790.4,0.001,118792.1,10.053,118792.2,0.002
1753769337141,06:08:57.141,bybit,BTC/USDT:USDT,118792.0,0.191,118790.4,0.001,118792.1,10.053,118792.2,0.002
1753769337242,06:08:57.242,bybit,BTC/USDT:USDT,118792.0,0.191,118790.4,0.001,118792.1,10.054,118792.2,0.003
1753769337342,06:08:57.342,bybit,BTC/USDT:USDT,118792.0,0.191,118790.4,0.001,118792.1,10.075,118792.2,0.003
1753769337441,06:08:57.441,bybit,BTC/USDT:USDT,118792.0,0.191,118790.4,0.001,118792.1,10.082,118792.2,0.003
1753769337541,06:08:57.541,bybit,BTC/USDT:USDT,118792.0,0.191,118790.4,0.001,118792.1,10.082,118792.2,0.003
1753769337641,06:08:57.641,bybit,BTC/USDT:USDT,118792.0,0.191,118790.4,0.001,118792.1,10.082,118792.2,0.003
1753769337743,06:08:57.743,bybit,BTC/USDT:USDT,118792.0,0.191,118790.4,0.001,118792.1,10.082,118792.2,0.003
1753769337841,06:08:57.841,bybit,BTC/USDT:USDT,118792.0,0.191,118790.4,0.001,118792.1,10.115,118792.2,0.003
1753769337941,06:08:57.941,bybit,BTC/USDT:USDT,118792.0,0.191,118790.4,0.001,118792.1,10.082,118792.2,0.003
1753769338042,06:08:58.042,bybit,BTC/USDT:USDT,118792.0,0.191,118790.4,0.001,118792.1,10.082,118792.2,0.003
1753769338141,06:08:58.141,bybit,BTC/USDT:USDT,118792.0,0.186,118790.4,0.001,118792.1,10.086,118792.2,0.003
1753769338241,06:08:58.241,bybit,BTC/USDT:USDT,118792.0,0.186,118790.4,0.001,118792.1,10.086,118792.2,0.003
1753769338341,06:08:58.341,bybit,BTC/USDT:USDT,118792.0,0.186,118790.4,0.001,118792.1,10.086,118792.2,0.003
1753769338441,06:08:58.441,bybit,BTC/USDT:USDT,118792.0,0.186,118790.4,0.001,118792.1,10.086,118792.2,0.003
1753769338541,06:08:58.541,bybit,BTC/USDT:USDT,118792.0,0.186,118790.4,0.001,118792.1,10.086,118792.2,0.003
1753769338641,06:08:58.641,bybit,BTC/USDT:USDT,118792.0,0.186,118790.4,0.001,118792.1,10.086,118792.2,0.003
1753769338741,06:08:58.741,bybit,BTC/USDT:USDT,118792.0,0.114,118790.4,0.001,118792.1,10.086,118792.2,0.003
1753769338841,06:08:58.841,bybit,BTC/USDT:USDT,118792.0,0.114,118790.4,0.001,118792.1,10.086,118792.2,0.003
1753769338941,06:08:58.941,bybit,BTC/USDT:USDT,118792.0,0.114,118790.4,0.001,118792.1,10.086,118792.2,0.003
1753769339041,06:08:59.041,bybit,BTC/USDT:USDT,118792.0,0.114,118790.4,0.001,118792.1,10.086,118792.2,0.003
1753769339141,06:08:59.141,bybit,BTC/USDT:USDT,118792.0,0.114,118790.4,0.001,118792.1,10.086,118792.2,0.003
1753769339241,06:08:59.241,bybit,BTC/USDT:USDT,118792.0,0.114,118790.4,0.001,118792.1,10.09,118792.2,0.003
1753769339341,06:08:59.341,bybit,BTC/USDT:USDT,118792.0,0.114,118790.4,0.001,118792.1,10.09,118792.2,0.003
1753769339441,06:08:59.441,bybit,BTC/USDT:USDT,118792.0,0.114,118790.4,0.001,118792.1,10.09,118792.2,0.003
1753769339541,06:08:59.541,bybit,BTC/USDT:USDT,118792.0,0.114,118790.4,0.001,118792.1,10.09,118792.2,0.003
1753769339641,06:08:59.641,bybit,BTC/USDT:USDT,118792.0,0.115,118790.4,0.001,118792.1,10.09,118792.2,0.003
1753769339741,06:08:59.741,bybit,BTC/USDT:USDT,118792.0,0.115,118790.4,0.001,118792.1,10.089,118792.2,0.003
1753769339841,06:08:59.841,bybit,BTC/USDT:USDT,118792.0,0.114,118790.4,0.001,118792.1,10.087,118792.2,0.003
1753769339941,06:08:59.941,bybit,BTC/USDT:USDT,118792.0,0.115,118790.4,0.001,118792.1,10.088,118792.2,0.003
1753769340041,06:09:00.041,bybit,BTC/USDT:USDT,118792.0,0.115,118790.4,0.001,118792.1,10.087,118792.2,0.003
1753769340141,06:09:00.141,bybit,BTC/USDT:USDT,118792.0,0.115,118790.4,0.001,118792.1,10.088,118792.2,0.003
1753769340241,06:09:00.241,bybit,BTC/USDT:USDT,118792.0,0.115,118790.4,0.001,118792.1,10.088,118792.2,0.003
1753769340341,06:09:00.341,bybit,BTC/USDT:USDT,118792.0,0.115,118790.4,0.001,118792.1,10.088,118792.2,0.003
1753769340441,06:09:00.441,bybit,BTC/USDT:USDT,118792.0,0.117,118790.4,0.001,118792.1,10.088,118792.2,0.003
1753769340541,06:09:00.541,bybit,BTC/USDT:USDT,118792.0,0.117,118790.4,0.001,118792.1,10.09,118792.2,0.003
1753769340641,06:09:00.641,bybit,BTC/USDT:USDT,118792.0,0.117,118790.4,0.001,118792.1,10.091,118792.2,0.003
1753769340741,06:09:00.741,bybit,BTC/USDT:USDT,118792.0,0.118,118790.4,0.001,118792.1,10.092,118792.2,0.003
1753769340841,06:09:00.841,bybit,BTC/USDT:USDT,118792.0,0.117,118790.4,0.001,118792.1,10.091,118792.2,0.003
1753769340941,06:09:00.941,bybit,BTC/USDT:USDT,118792.0,0.117,118790.4,0.001,118792.1,10.091,118792.2,0.003
1753769341042,06:09:01.042,bybit,BTC/USDT:USDT,118792.0,0.477,118790.4,0.001,118792.1,10.091,118792.2,0.003
1753769341141,06:09:01.141,bybit,BTC/USDT:USDT,118792.0,0.477,118790.4,0.001,118792.1,10.09,118792.2,0.003
1753769341241,06:09:01.241,bybit,BTC/USDT:USDT,118792.0,0.445,118790.4,0.001,118792.1,10.09,118792.2,0.003
1753769341341,06:09:01.341,bybit,BTC/USDT:USDT,118792.0,0.075,118790.4,0.001,118792.1,10.09,118792.2,0.003
1753769341441,06:09:01.441,bybit,BTC/USDT:USDT,118792.0,0.075,118790.4,0.001,118792.1,10.091,118792.2,0.003
1753769341541,06:09:01.541,bybit,BTC/USDT:USDT,118792.0,0.075,118790.4,0.001,118792.1,10.091,118792.2,0.003
1753769341641,06:09:01.641,bybit,BTC/USDT:USDT,118792.0,0.075,118790.4,0.001,118792.1,10.091,118792.2,0.003
1753769341743,06:09:01.743,bybit,BTC/USDT:USDT,118792.0,0.523,118790.4,0.001,118792.1,10.091,118792.2,0.003
1753769341841,06:09:01.841,bybit,BTC/USDT:USDT,118792.0,0.171,118790.4,0.001,118792.1,9.891,118792.2,0.003
1753769341941,06:09:01.941,bybit,BTC/USDT:USDT,118792.0,0.075,118790.4,0.001,118792.1,9.891,118792.2,0.003
1753769342041,06:09:02.041,bybit,BTC/USDT:USDT,118792.0,0.075,118790.4,0.001,118792.1,9.891,118792.2,0.003
1753769342141,06:09:02.141,bybit,BTC/USDT:USDT,118792.0,0.075,118790.4,0.001,118792.1,9.891,118792.2,0.003
1753769342241,06:09:02.241,bybit,BTC/USDT:USDT,118792.0,0.075,118790.4,0.001,118792.1,9.891,118792.2,0.003
1753769342341,06:09:02.341,bybit,BTC/USDT:USDT,118792.0,0.071,118790.4,0.001,118792.1,9.892,118792.2,0.003
1753769342442,06:09:02.442,bybit,BTC/USDT:USDT,118792.0,0.071,118790.4,0.001,118792.1,9.943,118792.2,0.003
1753769342542,06:09:02.542,bybit,BTC/USDT:USDT,118792.0,0.07,118790.4,0.001,118792.1,9.952,118792.2,0.003
1753769342641,06:09:02.641,bybit,BTC/USDT:USDT,118792.0,0.07,118790.4,0.001,118792.1,9.952,118792.2,0.003
1753769342743,06:09:02.743,bybit,BTC/USDT:USDT,118790.0,0.002,118788.8,0.002,118790.1,5.316,118790.5,8.678
1753769342842,06:09:02.842,bybit,BTC/USDT:USDT,118787.8,0.28,118787.6,0.004,118787.9,15.455,118788.0,0.189
1753769342942,06:09:02.942,bybit,BTC/USDT:USDT,118787.8,0.28,118787.6,0.004,118787.9,15.006,118788.0,0.189
1753769343041,06:09:03.041,bybit,BTC/USDT:USDT,118787.8,0.28,118787.6,0.004,118787.9,15.668,118788.0,0.189
1753769343141,06:09:03.141,bybit,BTC/USDT:USDT,118787.8,0.28,118787.6,0.004,118787.9,15.668,118788.0,0.189
1753769343241,06:09:03.241,bybit,BTC/USDT:USDT,118787.8,0.28,118787.6,0.004,118787.9,15.772,118788.0,0.189
1753769343341,06:09:03.341,bybit,BTC/USDT:USDT,118787.8,0.28,118787.6,0.004,118787.9,15.77,118788.0,0.189
1753769343441,06:09:03.441,bybit,BTC/USDT:USDT,118787.8,0.28,118787.6,0.004,118787.9,15.775,118788.0,0.189
1753769343541,06:09:03.541,bybit,BTC/USDT:USDT,118787.8,0.28,118787.6,0.004,118787.9,15.774,118788.0,0.189
1753769343641,06:09:03.641,bybit,BTC/USDT:USDT,118787.8,0.28,118787.6,0.004,118787.9,16.926,118788.0,0.189
1753769343741,06:09:03.741,bybit,BTC/USDT:USDT,118787.8,0.28,118787.6,0.004,118787.9,16.927,118788.0,0.189
1753769343841,06:09:03.841,bybit,BTC/USDT:USDT,118787.8,0.275,118787.6,0.004,118787.9,16.927,118788.0,0.189
1753769343941,06:09:03.941,bybit,BTC/USDT:USDT,118787.8,0.275,118787.6,0.004,118787.9,16.927,118788.0,0.189
1753769344041,06:09:04.041,bybit,BTC/USDT:USDT,118787.8,0.272,118787.6,0.004,118787.9,16.927,118788.0,0.189
1753769344141,06:09:04.141,bybit,BTC/USDT:USDT,118787.8,0.272,118787.6,0.004,118787.9,16.85,118788.0,0.189
1753769344242,06:09:04.242,bybit,BTC/USDT:USDT,118787.8,0.272,118787.6,0.004,118787.9,16.825,118788.0,0.189
1753769344341,06:09:04.341,bybit,BTC/USDT:USDT,118787.8,0.272,118787.6,0.004,118787.9,16.825,118788.0,0.189
1753769344441,06:09:04.441,bybit,BTC/USDT:USDT,118787.8,0.272,118787.6,0.004,118787.9,16.825,118788.0,0.189
1753769344541,06:09:04.541,bybit,BTC/USDT:USDT,118787.8,0.272,118787.6,0.004,118787.9,16.829,118788.0,0.191
1753769344641,06:09:04.641,bybit,BTC/USDT:USDT,118787.8,0.272,118787.6,0.004,118787.9,16.829,118788.0,0.191
1753769344741,06:09:04.741,bybit,BTC/USDT:USDT,118787.8,0.272,118787.6,0.004,118787.9,16.829,118788.0,0.191
1753769344841,06:09:04.841,bybit,BTC/USDT:USDT,118787.8,0.272,118787.6,0.004,118787.9,16.829,118788.0,0.191
1753769344941,06:09:04.941,bybit,BTC/USDT:USDT,118787.8,0.272,118787.6,0.004,118787.9,16.829,118788.0,0.191
1753769345042,06:09:05.042,bybit,BTC/USDT:USDT,118787.8,0.272,118787.6,0.004,118787.9,16.829,118788.0,0.191
1753769345141,06:09:05.141,bybit,BTC/USDT:USDT,118787.8,0.272,118787.6,0.004,118787.9,16.829,118788.0,0.191
1753769345241,06:09:05.241,bybit,BTC/USDT:USDT,118787.8,0.272,118787.6,0.004,118787.9,16.839,118788.0,0.191
1753769345341,06:09:05.341,bybit,BTC/USDT:USDT,118787.8,0.272,118787.6,0.004,118787.9,16.839,118788.0,0.191
1753769345441,06:09:05.441,bybit,BTC/USDT:USDT,118787.8,0.272,118787.6,0.004,118787.9,16.839,118788.0,0.191
1753769345541,06:09:05.541,bybit,BTC/USDT:USDT,118787.8,0.272,118787.6,0.004,118787.9,16.839,118788.0,0.191
1753769345641,06:09:05.641,bybit,BTC/USDT:USDT,118787.8,0.272,118787.6,0.004,118787.9,16.839,118788.0,0.191
1753769345741,06:09:05.741,bybit,BTC/USDT:USDT,118787.8,0.272,118787.6,0.004,118787.9,16.839,118788.0,0.191
1753769345841,06:09:05.841,bybit,BTC/USDT:USDT,118787.8,0.272,118787.6,0.004,118787.9,16.839,118788.0,0.191
1753769345941,06:09:05.941,bybit,BTC/USDT:USDT,118787.8,0.272,118787.6,0.004,118787.9,16.839,118788.0,0.191
1753769346041,06:09:06.041,bybit,BTC/USDT:USDT,118787.8,0.272,118787.6,0.004,118787.9,16.839,118788.0,0.191
1753769346141,06:09:06.141,bybit,BTC/USDT:USDT,118787.8,0.272,118787.6,0.004,118787.9,16.839,118788.0,0.191
1753769346241,06:09:06.241,bybit,BTC/USDT:USDT,118787.8,0.272,118787.6,0.004,118787.9,16.839,118788.0,0.191
1753769346341,06:09:06.341,bybit,BTC/USDT:USDT,118787.8,0.272,118787.6,0.004,118787.9,17.839,118788.0,0.191
1753769346441,06:09:06.441,bybit,BTC/USDT:USDT,118787.8,0.272,118787.6,0.004,118787.9,17.839,118788.0,0.191
1753769346541,06:09:06.541,bybit,BTC/USDT:USDT,118787.8,0.272,118787.6,0.004,118787.9,17.839,118788.0,0.191
1753769346641,06:09:06.641,bybit,BTC/USDT:USDT,118787.8,0.272,118787.6,0.004,118787.9,17.585,118788.0,0.191
1753769346741,06:09:06.741,bybit,BTC/USDT:USDT,118787.8,0.271,118787.6,0.004,118787.9,17.857,118788.0,0.191
1753769346841,06:09:06.841,bybit,BTC/USDT:USDT,118787.8,0.471,118787.6,0.004,118787.9,17.857,118788.0,0.191
1753769346941,06:09:06.941,bybit,BTC/USDT:USDT,118787.8,0.471,118787.6,0.004,118787.9,15.244,118788.0,0.191
1753769347041,06:09:07.041,bybit,BTC/USDT:USDT,118787.8,0.471,118787.6,0.004,118787.9,15.16,118788.0,0.191
1753769347141,06:09:07.141,bybit,BTC/USDT:USDT,118787.8,0.471,118787.6,0.004,118787.9,15.16,118788.0,0.191
1753769347242,06:09:07.242,bybit,BTC/USDT:USDT,118787.8,0.471,118787.6,0.004,118787.9,15.16,118788.0,0.191
1753769347341,06:09:07.341,bybit,BTC/USDT:USDT,118787.8,0.471,118787.6,0.004,118787.9,15.16,118788.0,0.191
1753769347441,06:09:07.441,bybit,BTC/USDT:USDT,118787.8,0.472,118787.6,0.004,118787.9,15.183,118788.0,0.191
1753769347541,06:09:07.541,bybit,BTC/USDT:USDT,118787.8,0.482,118787.6,0.004,118787.9,15.113,118788.0,0.191
1753769347641,06:09:07.641,bybit,BTC/USDT:USDT,118787.8,0.482,118787.6,0.004,118787.9,15.184,118788.0,0.191
1753769347743,06:09:07.743,bybit,BTC/USDT:USDT,118787.8,0.444,118787.6,0.004,118787.9,15.191,118788.0,0.191
1753769347841,06:09:07.841,bybit,BTC/USDT:USDT,118787.8,0.444,118787.6,0.004,118787.9,15.191,118788.0,0.191
1753769347941,06:09:07.941,bybit,BTC/USDT:USDT,118787.8,0.444,118787.6,0.004,118787.9,15.196,118788.0,0.191
1753769348041,06:09:08.041,bybit,BTC/USDT:USDT,118787.8,0.444,118787.6,0.004,118787.9,15.196,118788.0,0.191
1753769348141,06:09:08.141,bybit,BTC/USDT:USDT,118787.8,0.444,118787.6,0.004,118787.9,15.191,118788.0,0.191
1753769348241,06:09:08.241,bybit,BTC/USDT:USDT,118787.8,0.444,118787.6,0.004,118787.9,15.238,118788.0,0.191
1753769348341,06:09:08.341,bybit,BTC/USDT:USDT,118787.8,0.444,118787.6,0.004,118787.9,15.238,118788.0,0.191
1753769348441,06:09:08.441,bybit,BTC/USDT:USDT,118787.8,0.444,118787.6,0.004,118787.9,15.238,118788.0,0.191
1753769348541,06:09:08.541,bybit,BTC/USDT:USDT,118787.8,0.444,118787.6,0.004,118787.9,15.238,118788.0,0.191
1753769348641,06:09:08.641,bybit,BTC/USDT:USDT,118787.8,0.444,118787.6,0.004,118787.9,15.225,118788.0,0.191
1753769348741,06:09:08.741,bybit,BTC/USDT:USDT,118787.8,0.444,118787.6,0.004,118787.9,15.225,118788.0,0.191
1753769348841,06:09:08.841,bybit,BTC/USDT:USDT,118787.8,0.444,118787.6,0.004,118787.9,15.216,118788.0,0.191
1753769348941,06:09:08.941,bybit,BTC/USDT:USDT,118787.8,0.444,118787.6,0.004,118787.9,15.217,118788.0,0.191
1753769349041,06:09:09.041,bybit,BTC/USDT:USDT,118787.8,0.444,118787.6,0.004,118787.9,15.217,118788.0,0.191
1753769349141,06:09:09.141,bybit,BTC/USDT:USDT,118787.8,0.444,118787.6,0.004,118787.9,15.217,118788.0,0.191
1753769349241,06:09:09.241,bybit,BTC/USDT:USDT,118787.8,0.444,118787.6,0.004,118787.9,15.217,118788.0,0.191
1753769349341,06:09:09.341,bybit,BTC/USDT:USDT,118787.8,0.444,118787.6,0.004,118787.9,15.216,118788.0,0.191
1753769349441,06:09:09.441,bybit,BTC/USDT:USDT,118787.8,0.444,118787.6,0.004,118787.9,15.216,118788.0,0.191
1753769349541,06:09:09.541,bybit,BTC/USDT:USDT,118787.8,0.444,118787.6,0.004,118787.9,15.216,118788.0,0.191
1753769349641,06:09:09.641,bybit,BTC/USDT:USDT,118787.8,0.444,118787.6,0.004,118787.9,15.216,118788.0,0.191
1753769349743,06:09:09.743,bybit,BTC/USDT:USDT,118787.8,0.444,118787.6,0.004,118787.9,15.216,118788.0,0.191
1753769349841,06:09:09.841,bybit,BTC/USDT:USDT,118787.8,0.444,118787.6,0.004,118787.9,15.216,118788.0,0.191
1753769349941,06:09:09.941,bybit,BTC/USDT:USDT,118787.8,0.444,118787.6,0.004,118787.9,15.241,118788.0,0.202
1753769350041,06:09:10.041,bybit,BTC/USDT:USDT,118787.8,0.444,118787.6,0.004,118787.9,15.25,118788.0,0.202
1753769350141,06:09:10.141,bybit,BTC/USDT:USDT,118787.8,0.444,118787.6,0.004,118787.9,15.249,118788.0,0.202
1753769350241,06:09:10.241,bybit,BTC/USDT:USDT,118787.8,0.444,118787.6,0.004,118787.9,15.249,118788.0,0.202
1753769350341,06:09:10.341,bybit,BTC/USDT:USDT,118787.8,0.444,118787.6,0.004,118787.9,15.249,118788.0,0.202
1753769350441,06:09:10.441,bybit,BTC/USDT:USDT,118787.8,0.444,118787.6,0.004,118787.9,15.25,118788.0,0.202
1753769350541,06:09:10.541,bybit,BTC/USDT:USDT,118787.8,0.444,118787.6,0.004,118787.9,14.8,118788.0,0.202
1753769350642,06:09:10.642,bybit,BTC/USDT:USDT,118787.8,0.444,118787.6,0.004,118787.9,14.854,118788.0,0.202
1753769350741,06:09:10.741,bybit,BTC/USDT:USDT,118787.8,0.444,118787.6,0.004,118787.9,14.854,118788.0,0.202
1753769350841,06:09:10.841,bybit,BTC/USDT:USDT,118787.8,0.444,118787.6,0.004,118787.9,14.854,118788.0,0.202
1753769350941,06:09:10.941,bybit,BTC/USDT:USDT,118787.8,0.444,118787.6,0.004,118787.9,14.854,118788.0,0.202
1753769351041,06:09:11.041,bybit,BTC/USDT:USDT,118787.8,0.444,118787.6,0.004,118787.9,14.854,118788.0,0.202
1753769351141,06:09:11.141,bybit,BTC/USDT:USDT,118787.8,0.444,118787.6,0.004,118787.9,14.854,118788.0,0.202
1753769351242,06:09:11.242,bybit,BTC/USDT:USDT,118787.8,0.444,118787.6,0.004,118787.9,14.854,118788.0,0.202
1753769351342,06:09:11.342,bybit,BTC/USDT:USDT,118787.8,0.444,118787.6,0.004,118787.9,14.854,118788.0,0.202
1753769351441,06:09:11.441,bybit,BTC/USDT:USDT,118787.8,0.444,118787.6,0.004,118787.9,14.856,118788.0,0.202
1753769351541,06:09:11.541,bybit,BTC/USDT:USDT,118787.8,0.444,118787.6,0.004,118787.9,14.856,118788.0,0.202
1753769351642,06:09:11.642,bybit,BTC/USDT:USDT,118787.8,0.444,118787.6,0.004,118787.9,14.856,118788.0,0.202
1753769351741,06:09:11.741,bybit,BTC/USDT:USDT,118787.8,0.405,118787.6,0.004,118787.9,14.796,118788.0,0.202
1753769351841,06:09:11.841,bybit,BTC/USDT:USDT,118787.8,0.405,118787.6,0.004,118787.9,14.796,118788.0,0.202
1753769351941,06:09:11.941,bybit,BTC/USDT:USDT,118787.8,0.404,118787.6,0.004,118787.9,14.796,118788.0,0.202
1753769352041,06:09:12.041,bybit,BTC/USDT:USDT,118787.8,0.404,118787.6,0.004,118787.9,15.77,118788.0,0.202
1753769352141,06:09:12.141,bybit,BTC/USDT:USDT,118787.8,0.404,118787.6,0.004,118787.9,15.77,118788.0,0.202
1753769352241,06:09:12.241,bybit,BTC/USDT:USDT,118787.8,0.404,118787.6,0.004,118787.9,15.77,118788.0,0.202
1753769352341,06:09:12.341,bybit,BTC/USDT:USDT,118787.8,0.404,118787.6,0.004,118787.9,15.77,118788.0,0.202
1753769352441,06:09:12.441,bybit,BTC/USDT:USDT,118787.8,1.161,118787.6,0.004,118787.9,15.769,118788.0,0.202
1753769352541,06:09:12.541,bybit,BTC/USDT:USDT,118787.8,7.102,118787.6,0.002,118787.9,14.753,118788.0,0.202
1753769352642,06:09:12.642,bybit,BTC/USDT:USDT,118787.8,7.102,118787.6,0.002,118787.9,14.754,118788.0,0.202
1753769352742,06:09:12.742,bybit,BTC/USDT:USDT,118787.8,7.464,118787.6,0.002,118787.9,13.664,118788.0,0.202
1753769352842,06:09:12.842,bybit,BTC/USDT:USDT,118787.8,7.503,118787.6,0.002,118787.9,10.849,118788.0,0.202
1753769352941,06:09:12.941,bybit,BTC/USDT:USDT,118787.8,7.503,118787.6,0.002,118787.9,10.849,118788.0,0.202
1753769353041,06:09:13.041,bybit,BTC/USDT:USDT,118787.8,7.503,118787.6,0.002,118787.9,10.849,118788.0,0.202
1753769353142,06:09:13.142,bybit,BTC/USDT:USDT,118787.8,7.587,118787.6,0.002,118787.9,10.851,118788.0,0.202
1753769353242,06:09:13.242,bybit,BTC/USDT:USDT,118787.8,7.587,118787.6,0.002,118787.9,10.851,118788.0,0.202
1753769353341,06:09:13.341,bybit,BTC/USDT:USDT,118787.8,7.587,118787.6,0.002,118787.9,10.886,118788.0,0.202
1753769353442,06:09:13.442,bybit,BTC/USDT:USDT,118787.8,3.996,118787.6,0.002,118787.9,11.664,118788.0,0.202
1753769353541,06:09:13.541,bybit,BTC/USDT:USDT,118787.8,3.997,118787.6,0.002,118787.9,11.753,118788.0,0.202
1753769353641,06:09:13.641,bybit,BTC/USDT:USDT,118787.8,4.806,118787.6,0.002,118787.9,12.184,118788.0,0.202
1753769353741,06:09:13.741,bybit,BTC/USDT:USDT,118787.8,4.806,118787.6,0.002,118787.9,12.183,118788.0,0.202
1753769353842,06:09:13.842,bybit,BTC/USDT:USDT,118787.8,3.187,118787.6,0.002,118787.9,12.225,118788.0,0.202
1753769353941,06:09:13.941,bybit,BTC/USDT:USDT,118787.8,3.187,118787.6,0.002,118787.9,12.225,118788.0,0.202
1753769354041,06:09:14.041,bybit,BTC/USDT:USDT,118787.8,2.784,118787.6,0.002,118787.9,12.225,118788.0,0.202
1753769354141,06:09:14.141,bybit,BTC/USDT:USDT,118787.8,2.784,118787.6,0.002,118787.9,12.225,118788.0,0.202
1753769354241,06:09:14.241,bybit,BTC/USDT:USDT,118787.8,2.784,118787.6,0.002,118787.9,12.225,118788.0,0.202
1753769354341,06:09:14.341,bybit,BTC/USDT:USDT,118787.8,2.784,118787.6,0.002,118787.9,12.186,118788.0,0.202
1753769354442,06:09:14.442,bybit,BTC/USDT:USDT,118787.8,2.784,118787.6,0.002,118787.9,12.186,118788.0,0.202
1753769354541,06:09:14.541,bybit,BTC/USDT:USDT,118787.8,2.784,118787.6,0.002,118787.9,12.186,118788.0,0.202
1753769354642,06:09:14.642,bybit,BTC/USDT:USDT,118787.8,2.784,118787.6,0.002,118787.9,12.186,118788.0,0.202
1753769354741,06:09:14.741,bybit,BTC/USDT:USDT,118787.8,2.784,118787.6,0.002,118787.9,12.186,118788.0,0.202
1753769354842,06:09:14.842,bybit,BTC/USDT:USDT,118787.8,2.784,118787.6,0.002,118787.9,12.186,118788.0,0.203
1753769354941,06:09:14.941,bybit,BTC/USDT:USDT,118787.8,2.784,118787.6,0.002,118787.9,12.112,118788.0,0.203
1753769355041,06:09:15.041,bybit,BTC/USDT:USDT,118787.8,2.783,118787.6,0.002,118787.9,12.112,118788.0,0.204
1753769355141,06:09:15.141,bybit,BTC/USDT:USDT,118787.8,2.783,118787.6,0.002,118787.9,12.112,118788.0,0.204
1753769355241,06:09:15.241,bybit,BTC/USDT:USDT,118787.8,2.783,118787.6,0.002,118787.9,12.112,118788.0,0.204
1753769355341,06:09:15.341,bybit,BTC/USDT:USDT,118787.8,2.783,118787.6,0.002,118787.9,12.137,118788.0,0.204
1753769355441,06:09:15.441,bybit,BTC/USDT:USDT,118787.8,2.783,118787.6,0.002,118787.9,12.137,118788.0,0.204
1753769355541,06:09:15.541,bybit,BTC/USDT:USDT,118787.8,2.783,118787.6,0.002,118787.9,12.137,118788.0,0.204
1753769355642,06:09:15.642,bybit,BTC/USDT:USDT,118787.8,2.783,118787.6,0.002,118787.9,12.137,118788.0,0.204
1753769355743,06:09:15.743,bybit,BTC/USDT:USDT,118787.8,2.783,118787.6,0.002,118787.9,12.138,118788.0,0.204
1753769355841,06:09:15.841,bybit,BTC/USDT:USDT,118787.8,2.783,118787.6,0.002,118787.9,12.138,118788.0,0.204
1753769355941,06:09:15.941,bybit,BTC/USDT:USDT,118787.8,2.783,118787.6,0.002,118787.9,12.138,118788.0,0.204
1753769356041,06:09:16.041,bybit,BTC/USDT:USDT,118787.8,2.783,118787.6,0.002,118787.9,12.139,118788.0,0.204
1753769356141,06:09:16.141,bybit,BTC/USDT:USDT,118787.8,3.087,118787.6,0.002,118787.9,12.139,118788.0,0.204
1753769356241,06:09:16.241,bybit,BTC/USDT:USDT,118787.8,3.088,118787.6,0.002,118787.9,12.139,118788.0,0.204
1753769356341,06:09:16.341,bybit,BTC/USDT:USDT,118787.8,3.088,118787.6,0.002,118787.9,12.139,118788.0,0.204
1753769356441,06:09:16.441,bybit,BTC/USDT:USDT,118787.8,3.088,118787.6,0.002,118787.9,12.139,118788.0,0.204
1753769356541,06:09:16.541,bybit,BTC/USDT:USDT,118787.8,3.088,118787.6,0.002,118787.9,12.139,118788.0,0.204
1753769356641,06:09:16.641,bybit,BTC/USDT:USDT,118787.8,2.473,118787.6,0.002,118787.9,12.139,118788.0,0.204
1753769356741,06:09:16.741,bybit,BTC/USDT:USDT,118787.8,2.783,118787.6,0.002,118787.9,12.139,118788.0,0.204
1753769356842,06:09:16.842,bybit,BTC/USDT:USDT,118787.8,2.783,118787.6,0.002,118787.9,12.139,118788.0,0.204
1753769356941,06:09:16.941,bybit,BTC/USDT:USDT,118787.8,2.783,118787.6,0.002,118787.9,12.139,118788.0,0.204
1753769357042,06:09:17.042,bybit,BTC/USDT:USDT,118787.8,2.783,118787.6,0.002,118787.9,12.14,118788.0,0.204
1753769357142,06:09:17.142,bybit,BTC/USDT:USDT,118787.8,2.783,118787.6,0.002,118787.9,12.14,118788.0,0.204
1753769357242,06:09:17.242,bybit,BTC/USDT:USDT,118787.8,2.783,118787.6,0.002,118787.9,12.141,118788.0,0.204
1753769357341,06:09:17.341,bybit,BTC/USDT:USDT,118787.8,5.472,118787.6,0.002,118787.9,12.145,118788.0,0.204
1753769357442,06:09:17.442,bybit,BTC/USDT:USDT,118787.8,5.472,118787.6,0.002,118787.9,12.149,118788.0,0.204
1753769357541,06:09:17.541,bybit,BTC/USDT:USDT,118787.8,5.472,118787.6,0.002,118787.9,12.149,118788.0,0.204
1753769357642,06:09:17.642,bybit,BTC/USDT:USDT,118787.8,5.472,118787.6,0.002,118787.9,12.149,118788.0,0.204
1753769357741,06:09:17.741,bybit,BTC/USDT:USDT,118787.8,5.473,118787.6,0.002,118787.9,11.496,118788.0,0.204
1753769357841,06:09:17.841,bybit,BTC/USDT:USDT,118787.8,5.971,118787.6,0.002,118787.9,11.496,118788.0,0.229
1753769357941,06:09:17.941,bybit,BTC/USDT:USDT,118787.8,5.971,118787.6,0.002,118787.9,11.497,118788.0,0.229
1753769358041,06:09:18.041,bybit,BTC/USDT:USDT,118787.8,5.971,118787.6,0.002,118787.9,11.497,118788.0,0.229
1753769358141,06:09:18.141,bybit,BTC/USDT:USDT,118787.8,5.971,118787.6,0.002,118787.9,11.489,118788.0,0.229
1753769358242,06:09:18.242,bybit,BTC/USDT:USDT,118787.8,5.97,118787.6,0.002,118787.9,11.782,118788.0,0.229
1753769358342,06:09:18.342,bybit,BTC/USDT:USDT,118787.8,5.97,118787.6,0.002,118787.9,11.786,118788.0,0.229
1753769358441,06:09:18.441,bybit,BTC/USDT:USDT,118787.8,5.971,118787.6,0.002,118787.9,11.786,118788.0,0.229
1753769358541,06:09:18.541,bybit,BTC/USDT:USDT,118787.8,5.971,118787.6,0.002,118787.9,11.789,118788.0,0.229
1753769358641,06:09:18.641,bybit,BTC/USDT:USDT,118787.8,5.971,118787.6,0.002,118787.9,11.789,118788.0,0.229
1753769358741,06:09:18.741,bybit,BTC/USDT:USDT,118787.8,5.971,118787.6,0.002,118787.9,11.7,118788.0,0.229
1753769358842,06:09:18.842,bybit,BTC/USDT:USDT,118787.8,5.473,118787.6,0.002,118787.9,11.7,118788.0,0.229
1753769358942,06:09:18.942,bybit,BTC/USDT:USDT,118787.8,5.473,118787.6,0.002,118787.9,11.7,118788.0,0.229
1753769359041,06:09:19.041,bybit,BTC/USDT:USDT,118787.8,5.473,118787.6,0.002,118787.9,11.7,118788.0,0.229
1753769359141,06:09:19.141,bybit,BTC/USDT:USDT,118787.8,5.473,118787.6,0.002,118787.9,11.7,118788.0,0.229
1753769359241,06:09:19.241,bybit,BTC/USDT:USDT,118787.8,5.473,118787.6,0.002,118787.9,11.701,118788.0,0.229
1753769359341,06:09:19.341,bybit,BTC/USDT:USDT,118787.8,2.784,118787.6,0.002,118787.9,11.701,118788.0,0.229
1753769359442,06:09:19.442,bybit,BTC/USDT:USDT,118787.8,0.631,118787.6,0.002,118787.9,11.752,118788.0,0.229
1753769359741,06:09:19.741,bybit,BTC/USDT:USDT,118787.8,1.194,118787.6,0.002,118787.9,11.838,118788.0,0.229
1753769359841,06:09:19.841,bybit,BTC/USDT:USDT,118787.8,2.599,118787.6,0.002,118787.9,11.752,118788.0,0.229
1753769359941,06:09:19.941,bybit,BTC/USDT:USDT,118787.8,3.369,118787.6,0.002,118787.9,11.71,118788.0,0.229
1753769360041,06:09:20.041,bybit,BTC/USDT:USDT,118787.8,3.369,118787.6,0.002,118787.9,11.71,118788.0,0.23
1753769360142,06:09:20.142,bybit,BTC/USDT:USDT,118787.8,3.867,118787.6,0.002,118787.9,11.71,118788.0,0.23
1753769360241,06:09:20.241,bybit,BTC/USDT:USDT,118787.8,6.058,118787.6,0.002,118787.9,11.71,118788.0,0.23
1753769360342,06:09:20.342,bybit,BTC/USDT:USDT,118787.8,6.058,118787.6,0.002,118787.9,11.71,118788.0,0.23
1753769360441,06:09:20.441,bybit,BTC/USDT:USDT,118787.8,6.416,118787.6,0.002,118787.9,11.702,118788.0,0.23
1753769360541,06:09:20.541,bybit,BTC/USDT:USDT,118787.8,6.656,118787.6,0.002,118787.9,11.656,118788.0,0.23
1753769360641,06:09:20.641,bybit,BTC/USDT:USDT,118787.8,6.455,118787.6,0.002,118787.9,11.369,118788.0,0.23
1753769360742,06:09:20.742,bybit,BTC/USDT:USDT,118787.8,6.455,118787.6,0.002,118787.9,11.391,118788.0,0.23
1753769360841,06:09:20.841,bybit,BTC/USDT:USDT,118787.8,6.455,118787.6,0.002,118787.9,11.391,118788.0,0.23
1753769360941,06:09:20.941,bybit,BTC/USDT:USDT,118787.8,6.456,118787.7,0.003,118787.9,11.391,118788.0,0.23
1753769361041,06:09:21.041,bybit,BTC/USDT:USDT,118787.8,6.456,118787.7,0.003,118787.9,11.391,118788.0,0.23
1753769361142,06:09:21.142,bybit,BTC/USDT:USDT,118787.8,6.656,118787.7,0.003,118787.9,11.362,118788.0,0.23
1753769361242,06:09:21.242,bybit,BTC/USDT:USDT,118787.8,6.456,118787.7,0.003,118787.9,11.362,118788.0,0.23
1753769361342,06:09:21.342,bybit,BTC/USDT:USDT,118787.8,6.456,118787.7,0.003,118787.9,10.839,118788.0,0.229
1753769361443,06:09:21.443,bybit,BTC/USDT:USDT,118787.8,6.456,118787.7,0.003,118787.9,10.839,118788.0,0.229
1753769361542,06:09:21.542,bybit,BTC/USDT:USDT,118787.8,6.456,118787.7,0.003,118787.9,10.839,118788.0,0.228
1753769361641,06:09:21.641,bybit,BTC/USDT:USDT,118787.8,6.456,118787.7,0.003,118787.9,10.839,118788.0,0.228
1753769361743,06:09:21.743,bybit,BTC/USDT:USDT,118787.8,6.456,118787.7,0.003,118787.9,10.87,118788.0,0.228
1753769361841,06:09:21.841,bybit,BTC/USDT:USDT,118787.8,6.456,118787.7,0.003,118787.9,10.839,118788.0,0.228
1753769361941,06:09:21.941,bybit,BTC/USDT:USDT,118787.8,6.456,118787.7,0.003,118787.9,10.87,118788.0,0.228
1753769362041,06:09:22.041,bybit,BTC/USDT:USDT,118787.8,6.457,118787.7,0.003,118787.9,10.87,118788.0,0.228
1753769362142,06:09:22.142,bybit,BTC/USDT:USDT,118787.8,6.457,118787.7,0.003,118787.9,10.87,118788.0,0.228
1753769362241,06:09:22.241,bybit,BTC/USDT:USDT,118787.8,6.457,118787.7,0.003,118787.9,10.839,118788.0,0.228
1753769362341,06:09:22.341,bybit,BTC/USDT:USDT,118787.8,6.457,118787.7,0.003,118787.9,10.87,118788.0,0.228
1753769362441,06:09:22.441,bybit,BTC/USDT:USDT,118787.8,6.457,118787.7,0.003,118787.9,10.839,118788.0,0.228
1753769362542,06:09:22.542,bybit,BTC/USDT:USDT,118787.8,6.457,118787.7,0.003,118787.9,10.839,118788.0,0.228
1753769362642,06:09:22.642,bybit,BTC/USDT:USDT,118787.8,6.457,118787.7,0.003,118787.9,10.839,118788.0,0.228
1753769362741,06:09:22.741,bybit,BTC/USDT:USDT,118787.8,6.457,118787.7,0.003,118787.9,10.839,118788.0,0.228
1753769362841,06:09:22.841,bybit,BTC/USDT:USDT,118787.8,6.457,118787.7,0.003,118787.9,10.839,118788.0,0.228
1753769362941,06:09:22.941,bybit,BTC/USDT:USDT,118787.8,6.457,118787.7,0.003,118787.9,10.836,118788.0,0.228
1753769363041,06:09:23.041,bybit,BTC/USDT:USDT,118787.8,6.457,118787.7,0.003,118787.9,10.836,118788.0,0.228
1753769363141,06:09:23.141,bybit,BTC/USDT:USDT,118787.8,6.457,118787.7,0.003,118787.9,10.329,118788.0,0.228
1753769363241,06:09:23.241,bybit,BTC/USDT:USDT,118787.8,6.457,118787.7,0.003,118787.9,10.795,118788.0,0.228
1753769363341,06:09:23.341,bybit,BTC/USDT:USDT,118787.8,6.457,118787.7,0.003,118787.9,10.826,118788.0,0.228
1753769363441,06:09:23.441,bybit,BTC/USDT:USDT,118787.8,6.457,118787.7,0.003,118787.9,10.795,118788.0,0.228
1753769363542,06:09:23.542,bybit,BTC/USDT:USDT,118787.8,6.457,118787.7,0.003,118787.9,10.826,118788.0,0.228
1753769363641,06:09:23.641,bybit,BTC/USDT:USDT,118787.8,6.457,118787.7,0.003,118787.9,10.847,118788.0,0.228
1753769363743,06:09:23.743,bybit,BTC/USDT:USDT,118787.8,6.457,118787.7,0.003,118787.9,10.847,118788.0,0.228
1753769363841,06:09:23.841,bybit,BTC/USDT:USDT,118787.8,6.461,118787.7,0.003,118787.9,10.989,118788.0,0.228
1753769363941,06:09:23.941,bybit,BTC/USDT:USDT,118787.8,6.461,118787.7,0.003,118787.9,10.644,118788.0,0.228
1753769364041,06:09:24.041,bybit,BTC/USDT:USDT,118787.8,6.461,118787.7,0.003,118787.9,10.644,118788.0,0.228
1753769364142,06:09:24.142,bybit,BTC/USDT:USDT,118787.8,6.461,118787.7,0.003,118787.9,10.644,118788.0,0.228
1753769364241,06:09:24.241,bybit,BTC/USDT:USDT,118787.8,6.461,118787.7,0.003,118787.9,10.644,118788.0,0.228
1753769364342,06:09:24.342,bybit,BTC/USDT:USDT,118787.8,6.462,118787.7,0.003,118787.9,10.502,118788.0,0.228
1753769364441,06:09:24.441,bybit,BTC/USDT:USDT,118787.8,6.462,118787.7,0.003,118787.9,10.502,118788.0,0.228
1753769364542,06:09:24.542,bybit,BTC/USDT:USDT,118787.8,6.462,118787.7,0.003,118787.9,10.502,118788.0,0.228
1753769364641,06:09:24.641,bybit,BTC/USDT:USDT,118787.8,6.462,118787.7,0.003,118787.9,10.502,118788.0,0.228
1753769364742,06:09:24.742,bybit,BTC/USDT:USDT,118787.8,6.463,118787.7,0.003,118787.9,10.502,118788.0,0.228
1753769364841,06:09:24.841,bybit,BTC/USDT:USDT,118787.8,6.463,118787.7,0.003,118787.9,10.536,118788.0,0.228
1753769364941,06:09:24.941,bybit,BTC/USDT:USDT,118787.8,6.463,118787.7,0.003,118787.9,10.451,118788.0,0.228
1753769365042,06:09:25.042,bybit,BTC/USDT:USDT,118787.8,6.296,118787.7,0.003,118787.9,10.387,118788.0,0.228
1753769365141,06:09:25.141,bybit,BTC/USDT:USDT,118787.8,6.46,118787.7,0.003,118787.9,10.418,118788.0,0.228
1753769365342,06:09:25.342,bybit,BTC/USDT:USDT,118787.8,6.465,118787.7,0.003,118787.9,10.408,118788.0,0.228
1753769365441,06:09:25.441,bybit,BTC/USDT:USDT,118787.8,6.46,118787.7,0.003,118787.9,10.408,118788.0,0.228
1753769365541,06:09:25.541,bybit,BTC/USDT:USDT,118787.8,6.463,118787.7,0.003,118787.9,10.493,118788.0,0.228
1753769365642,06:09:25.642,bybit,BTC/USDT:USDT,118787.8,0.005,118787.7,0.003,118787.9,11.383,118788.0,0.228
1753769365743,06:09:25.743,bybit,BTC/USDT:USDT,118787.8,0.006,118787.7,0.003,118787.9,11.384,118788.0,0.228
1753769365841,06:09:25.841,bybit,BTC/USDT:USDT,118787.8,0.006,118787.7,0.003,118787.9,11.384,118788.0,0.228
1753769365941,06:09:25.941,bybit,BTC/USDT:USDT,118787.8,0.005,118787.7,0.003,118787.9,11.384,118788.0,0.228
1753769366042,06:09:26.042,bybit,BTC/USDT:USDT,118778.5,3.88,118777.7,0.059,118778.6,19.031,118779.1,2.157
1753769366142,06:09:26.142,bybit,BTC/USDT:USDT,118778.5,3.246,118777.7,0.059,118778.6,19.044,118778.7,0.002
1753769366242,06:09:26.242,bybit,BTC/USDT:USDT,118778.5,2.782,118777.7,0.059,118778.6,19.511,118778.7,0.002
1753769366341,06:09:26.341,bybit,BTC/USDT:USDT,118778.5,1.386,118776.7,0.001,118778.6,20.19,118778.7,0.002
1753769366442,06:09:26.442,bybit,BTC/USDT:USDT,118778.5,2.533,118776.7,0.001,118778.6,20.19,118778.7,0.002
1753769366541,06:09:26.541,bybit,BTC/USDT:USDT,118778.5,1.672,118776.7,0.001,118778.6,20.192,118778.7,0.002
1753769366642,06:09:26.642,bybit,BTC/USDT:USDT,118778.5,2.888,118776.7,0.001,118778.6,20.192,118778.7,0.002
1753769366742,06:09:26.742,bybit,BTC/USDT:USDT,118778.5,2.966,118776.7,0.001,118778.6,20.192,118778.7,0.002
1753769366841,06:09:26.841,bybit,BTC/USDT:USDT,118778.5,2.966,118776.7,0.001,118778.6,20.192,118778.7,0.002
1753769366941,06:09:26.941,bybit,BTC/USDT:USDT,118778.5,3.006,118776.7,0.001,118778.6,20.192,118778.7,0.002
1753769367042,06:09:27.042,bybit,BTC/USDT:USDT,118778.5,3.006,118776.7,0.001,118778.6,20.192,118778.7,0.002
1753769367141,06:09:27.141,bybit,BTC/USDT:USDT,118778.5,3.006,118776.7,0.001,118778.6,20.192,118778.7,0.002
1753769367241,06:09:27.241,bybit,BTC/USDT:USDT,118778.5,3.006,118776.7,0.001,118778.6,20.192,118778.7,0.002
1753769367341,06:09:27.341,bybit,BTC/USDT:USDT,118778.5,3.006,118776.7,0.001,118778.6,20.192,118778.7,0.002
1753769367441,06:09:27.441,bybit,BTC/USDT:USDT,118778.5,2.929,118776.7,0.001,118778.6,20.153,118778.7,0.002
1753769367541,06:09:27.541,bybit,BTC/USDT:USDT,118778.5,3.006,118776.7,0.001,118778.6,20.153,118778.7,0.002
1753769367641,06:09:27.641,bybit,BTC/USDT:USDT,118778.5,3.006,118776.7,0.001,118778.6,20.153,118778.7,0.002
1753769367741,06:09:27.741,bybit,BTC/USDT:USDT,118778.5,3.011,118776.7,0.001,118778.6,20.154,118778.7,0.002
1753769367941,06:09:27.941,bybit,BTC/USDT:USDT,118778.5,3.011,118776.7,0.001,118778.6,20.154,118778.7,0.002
1753769368041,06:09:28.041,bybit,BTC/USDT:USDT,118778.5,3.011,118776.7,0.001,118778.6,20.154,118778.7,0.002
1753769368141,06:09:28.141,bybit,BTC/USDT:USDT,118778.5,3.011,118776.7,0.001,118778.6,20.154,118778.7,0.002
1753769368241,06:09:28.241,bybit,BTC/USDT:USDT,118778.5,3.011,118776.7,0.001,118778.6,20.154,118778.7,0.002
1753769368342,06:09:28.342,bybit,BTC/USDT:USDT,118778.5,0.92,118776.7,0.001,118778.6,20.154,118778.7,0.002
1753769368441,06:09:28.441,bybit,BTC/USDT:USDT,118778.5,0.792,118776.7,0.001,118778.6,20.074,118778.7,0.002
1753769368541,06:09:28.541,bybit,BTC/USDT:USDT,118778.5,0.781,118776.7,0.001,118778.6,20.074,118778.7,0.002
1753769368841,06:09:28.841,bybit,BTC/USDT:USDT,118778.5,1.201,118776.7,0.001,118778.6,20.074,118778.7,0.002
1753769368942,06:09:28.942,bybit,BTC/USDT:USDT,118778.5,1.101,118776.7,0.001,118778.6,20.074,118778.7,0.002
1753769369041,06:09:29.041,bybit,BTC/USDT:USDT,118778.5,1.93,118776.7,0.001,118778.6,20.074,118778.7,0.002
1753769369141,06:09:29.141,bybit,BTC/USDT:USDT,118778.5,2.333,118776.7,0.001,118778.6,20.074,118778.7,0.002
1753769369241,06:09:29.241,bybit,BTC/USDT:USDT,118778.5,3.296,118776.7,0.001,118778.6,20.066,118778.7,0.002
1753769369342,06:09:29.342,bybit,BTC/USDT:USDT,118778.5,5.185,118776.7,0.001,118778.6,20.066,118778.7,0.002
1753769369442,06:09:29.442,bybit,BTC/USDT:USDT,118778.5,5.181,118778.4,0.001,118778.6,20.144,118778.7,0.002
1753769369542,06:09:29.542,bybit,BTC/USDT:USDT,118778.5,2.669,118778.4,0.001,118778.6,20.318,118778.7,0.002
1753769369641,06:09:29.641,bybit,BTC/USDT:USDT,118778.5,2.65,118778.4,0.001,118778.6,20.318,118778.7,0.002
1753769369743,06:09:29.743,bybit,BTC/USDT:USDT,118778.5,4.056,118778.4,0.001,118778.6,20.318,118778.7,0.002
1753769369841,06:09:29.841,bybit,BTC/USDT:USDT,118778.5,4.056,118778.4,0.001,118778.6,20.318,118778.7,0.002
1753769369941,06:09:29.941,bybit,BTC/USDT:USDT,118778.5,4.056,118778.4,0.001,118778.6,20.066,118778.7,0.002
1753769370041,06:09:30.041,bybit,BTC/USDT:USDT,118778.5,3.979,118778.4,0.001,118778.6,20.066,118778.7,0.002
1753769370141,06:09:30.141,bybit,BTC/USDT:USDT,118778.5,3.979,118778.4,0.001,118778.6,20.066,118778.7,0.002
1753769370241,06:09:30.241,bybit,BTC/USDT:USDT,118778.5,3.316,118778.4,0.001,118778.6,20.081,118778.7,0.002
1753769370341,06:09:30.341,bybit,BTC/USDT:USDT,118778.5,3.439,118778.4,0.001,118778.6,20.081,118778.7,0.002
1753769370441,06:09:30.441,bybit,BTC/USDT:USDT,118778.5,3.449,118778.4,0.001,118778.6,20.081,118778.7,0.002
1753769370541,06:09:30.541,bybit,BTC/USDT:USDT,118778.5,3.449,118778.4,0.001,118778.6,20.08,118778.7,0.002
1753769370641,06:09:30.641,bybit,BTC/USDT:USDT,118778.5,3.449,118778.4,0.001,118778.6,20.08,118778.7,0.002
1753769370741,06:09:30.741,bybit,BTC/USDT:USDT,118778.5,3.449,118778.4,0.001,118778.6,20.08,118778.7,0.002
1753769370841,06:09:30.841,bybit,BTC/USDT:USDT,118778.5,2.757,118778.4,0.001,118778.6,20.165,118778.7,0.002
1753769370944,06:09:30.944,bybit,BTC/USDT:USDT,118776.3,0.052,118775.2,0.001,118776.4,19.435,118776.8,0.196
1753769371042,06:09:31.042,bybit,BTC/USDT:USDT,118776.3,0.052,118775.2,0.001,118776.4,18.608,118776.8,0.127
1753769371142,06:09:31.142,bybit,BTC/USDT:USDT,118776.3,0.052,118775.2,0.001,118776.4,18.042,118776.7,0.008
1753769371242,06:09:31.242,bybit,BTC/USDT:USDT,118776.3,0.051,118775.2,0.001,118776.4,18.043,118776.8,0.127
1753769371341,06:09:31.341,bybit,BTC/USDT:USDT,118776.3,0.051,118775.2,0.001,118776.4,18.043,118776.7,0.008
1753769371441,06:09:31.441,bybit,BTC/USDT:USDT,118776.3,0.011,118775.2,0.001,118776.4,18.455,118776.8,0.127
1753769371541,06:09:31.541,bybit,BTC/USDT:USDT,118776.3,0.011,118775.2,0.001,118776.4,18.453,118776.5,0.002
1753769371643,06:09:31.643,bybit,BTC/USDT:USDT,118770.6,0.037,118770.5,0.001,118770.7,18.272,118771.4,0.005
1753769371743,06:09:31.743,bybit,BTC/USDT:USDT,118770.6,0.097,118770.5,0.001,118770.7,18.343,118770.8,0.002
1753769371841,06:09:31.841,bybit,BTC/USDT:USDT,118770.6,0.097,118770.5,0.001,118770.7,18.354,118770.8,0.002
1753769371941,06:09:31.941,bybit,BTC/USDT:USDT,118770.6,0.097,118770.5,0.001,118770.7,18.729,118770.8,0.002
1753769372041,06:09:32.041,bybit,BTC/USDT:USDT,118770.6,0.097,118770.5,0.001,118770.7,18.732,118770.8,0.002
1753769372142,06:09:32.142,bybit,BTC/USDT:USDT,118770.6,0.059,118770.5,0.001,118770.7,19.397,118770.8,0.002
1753769372242,06:09:32.242,bybit,BTC/USDT:USDT,118770.6,0.059,118770.5,0.001,118770.7,19.398,118770.8,0.002
1753769372342,06:09:32.342,bybit,BTC/USDT:USDT,118770.6,0.432,118770.5,0.001,118770.7,20.431,118770.8,0.002
1753769372541,06:09:32.541,bybit,BTC/USDT:USDT,118770.6,0.501,118770.5,0.001,118770.7,20.393,118770.8,0.17
1753769372641,06:09:32.641,bybit,BTC/USDT:USDT,118770.6,0.501,118770.5,0.001,118770.7,19.446,118770.8,0.17
1753769372742,06:09:32.742,bybit,BTC/USDT:USDT,118770.6,0.501,118770.5,0.001,118770.7,19.445,118770.8,0.17
1753769372841,06:09:32.841,bybit,BTC/USDT:USDT,118770.6,0.501,118770.5,0.001,118770.7,19.445,118770.8,0.17
1753769372941,06:09:32.941,bybit,BTC/USDT:USDT,118770.6,0.501,118770.5,0.001,118770.7,19.441,118770.8,0.17
1753769373041,06:09:33.041,bybit,BTC/USDT:USDT,118770.6,0.501,118770.5,0.001,118770.7,18.445,118770.8,0.17
1753769373141,06:09:33.141,bybit,BTC/USDT:USDT,118770.6,0.597,118770.5,0.001,118770.7,18.421,118770.8,0.17
1753769373242,06:09:33.242,bybit,BTC/USDT:USDT,118770.6,0.597,118770.5,0.001,118770.7,18.421,118770.8,0.17
1753769373341,06:09:33.341,bybit,BTC/USDT:USDT,118770.6,0.597,118770.5,0.001,118770.7,18.431,118770.8,0.17
1753769373441,06:09:33.441,bybit,BTC/USDT:USDT,118770.6,0.597,118770.5,0.001,118770.7,18.431,118770.8,0.17
1753769373541,06:09:33.541,bybit,BTC/USDT:USDT,118770.6,0.501,118770.5,0.001,118770.7,18.431,118770.8,0.17
1753769373641,06:09:33.641,bybit,BTC/USDT:USDT,118770.6,0.501,118770.5,0.001,118770.7,18.431,118770.8,0.17
1753769373741,06:09:33.741,bybit,BTC/USDT:USDT,118770.6,0.489,118770.5,0.001,118770.7,18.435,118770.8,0.17
1753769373841,06:09:33.841,bybit,BTC/USDT:USDT,118770.6,0.489,118770.5,0.001,118770.7,18.435,118770.8,0.17
1753769373941,06:09:33.941,bybit,BTC/USDT:USDT,118770.6,0.489,118770.5,0.001,118770.7,18.432,118770.8,0.17
1753769374041,06:09:34.041,bybit,BTC/USDT:USDT,118770.6,0.488,118770.5,0.001,118770.7,18.642,118770.8,0.338
1753769374141,06:09:34.141,bybit,BTC/USDT:USDT,118770.6,0.488,118770.5,0.001,118770.7,18.624,118770.8,0.338
1753769374841,06:09:34.841,bybit,BTC/USDT:USDT,118770.6,0.487,118770.5,0.001,118770.7,18.681,118770.8,0.506
1753769374941,06:09:34.941,bybit,BTC/USDT:USDT,118770.6,0.487,118770.5,0.001,118770.7,18.663,118770.8,0.506
1753769375041,06:09:35.041,bybit,BTC/USDT:USDT,118770.6,0.488,118770.5,0.001,118770.7,18.663,118770.8,0.506
1753769375141,06:09:35.141,bybit,BTC/USDT:USDT,118770.6,0.478,118770.5,0.001,118770.7,18.677,118770.8,0.506
1753769375241,06:09:35.241,bybit,BTC/USDT:USDT,118770.6,0.478,118770.5,0.001,118770.7,18.677,118770.8,0.506
1753769375341,06:09:35.341,bybit,BTC/USDT:USDT,118770.6,0.478,118770.5,0.001,118770.7,18.677,118770.8,0.506
1753769375441,06:09:35.441,bybit,BTC/USDT:USDT,118770.6,0.478,118770.5,0.001,118770.7,18.687,118770.8,0.506
1753769375541,06:09:35.541,bybit,BTC/USDT:USDT,118770.6,0.478,118770.5,0.001,118770.7,18.689,118770.8,0.506
1753769375641,06:09:35.641,bybit,BTC/USDT:USDT,118770.6,0.478,118770.5,0.001,118770.7,18.689,118770.8,0.506
1753769375841,06:09:35.841,bybit,BTC/USDT:USDT,118770.6,0.478,118770.5,0.001,118770.7,18.689,118770.8,0.506
1753769375941,06:09:35.941,bybit,BTC/USDT:USDT,118770.6,0.478,118770.5,0.001,118770.7,18.689,118770.8,0.506
1753769376041,06:09:36.041,bybit,BTC/USDT:USDT,118770.6,0.478,118770.5,0.001,118770.7,18.689,118770.8,0.506
1753769376141,06:09:36.141,bybit,BTC/USDT:USDT,118770.6,0.478,118770.5,0.001,118770.7,18.691,118770.8,0.506
1753769376241,06:09:36.241,bybit,BTC/USDT:USDT,118770.6,0.478,118770.5,0.001,118770.7,19.355,118770.8,0.506
1753769376341,06:09:36.341,bybit,BTC/USDT:USDT,118770.6,0.478,118770.5,0.001,118770.7,19.355,118770.8,0.506
1753769376441,06:09:36.441,bybit,BTC/USDT:USDT,118770.6,0.47,118770.5,0.001,118770.7,19.355,118770.8,0.506
1753769376541,06:09:36.541,bybit,BTC/USDT:USDT,118770.6,0.47,118770.5,0.001,118770.7,19.355,118770.8,0.506
1753769376641,06:09:36.641,bybit,BTC/USDT:USDT,118770.6,0.47,118770.5,0.001,118770.7,19.352,118770.8,0.506
1753769376741,06:09:36.741,bybit,BTC/USDT:USDT,118770.6,0.47,118770.5,0.001,118770.7,19.364,118770.8,0.517
1753769376841,06:09:36.841,bybit,BTC/USDT:USDT,118770.6,0.47,118770.5,0.001,118770.7,19.364,118770.8,0.517
1753769376941,06:09:36.941,bybit,BTC/USDT:USDT,118770.6,0.47,118770.5,0.001,118770.7,19.364,118770.8,0.517
1753769377041,06:09:37.041,bybit,BTC/USDT:USDT,118770.6,0.47,118770.5,0.001,118770.7,19.364,118770.8,0.517
1753769377141,06:09:37.141,bybit,BTC/USDT:USDT,118770.6,0.47,118770.5,0.001,118770.7,19.359,118770.8,0.517
1753769377241,06:09:37.241,bybit,BTC/USDT:USDT,118770.6,0.47,118770.5,0.001,118770.7,19.358,118770.8,0.517
1753769377341,06:09:37.341,bybit,BTC/USDT:USDT,118770.6,0.47,118770.5,0.001,118770.7,19.358,118770.8,0.517
1753769377441,06:09:37.441,bybit,BTC/USDT:USDT,118770.6,0.409,118770.5,0.001,118770.7,19.358,118770.8,0.517
1753769377541,06:09:37.541,bybit,BTC/USDT:USDT,118770.6,0.47,118770.5,0.001,118770.7,19.359,118770.8,0.517
1753769377641,06:09:37.641,bybit,BTC/USDT:USDT,118770.6,0.47,118770.5,0.001,118770.7,19.359,118770.8,0.517
1753769377741,06:09:37.741,bybit,BTC/USDT:USDT,118770.6,0.423,118770.5,0.001,118770.7,19.361,118770.8,0.517
1753769377841,06:09:37.841,bybit,BTC/USDT:USDT,118770.6,0.423,118770.5,0.001,118770.7,19.361,118770.8,0.517
1753769377941,06:09:37.941,bybit,BTC/USDT:USDT,118770.6,0.423,118770.5,0.001,118770.7,19.361,118770.8,0.517
1753769378041,06:09:38.041,bybit,BTC/USDT:USDT,118770.6,0.423,118770.5,0.001,118770.7,19.361,118770.8,0.517
1753769378141,06:09:38.141,bybit,BTC/USDT:USDT,118770.6,0.423,118770.5,0.001,118770.7,19.361,118770.8,0.517
1753769378241,06:09:38.241,bybit,BTC/USDT:USDT,118770.6,0.421,118770.5,0.001,118770.7,19.362,118770.8,0.517
1753769378341,06:09:38.341,bybit,BTC/USDT:USDT,118770.6,0.421,118770.5,0.001,118770.7,19.362,118770.8,0.517
1753769378441,06:09:38.441,bybit,BTC/USDT:USDT,118770.6,0.421,118770.5,0.001,118770.7,19.362,118770.8,0.517
1753769378541,06:09:38.541,bybit,BTC/USDT:USDT,118770.6,0.421,118770.5,0.001,118770.7,19.362,118770.8,0.517
1753769378642,06:09:38.642,bybit,BTC/USDT:USDT,118770.6,0.383,118770.5,0.001,118770.7,19.405,118770.8,0.517
1753769378742,06:09:38.742,bybit,BTC/USDT:USDT,118770.6,0.181,118770.5,0.001,118770.7,19.414,118770.8,1.717
1753769378843,06:09:38.843,bybit,BTC/USDT:USDT,118765.4,0.017,118764.8,0.002,118765.5,12.272,118765.8,0.013
1753769378944,06:09:38.944,bybit,BTC/USDT:USDT,118761.9,0.108,118761.6,0.001,118762.0,27.649,118762.1,2.664
1753769379042,06:09:39.042,bybit,BTC/USDT:USDT,118761.9,0.106,118761.6,0.001,118762.0,29.087,118762.1,2.664
1753769379141,06:09:39.141,bybit,BTC/USDT:USDT,118761.9,0.106,118761.6,0.001,118762.0,29.138,118762.1,1.795
1753769379241,06:09:39.241,bybit,BTC/USDT:USDT,118761.9,0.098,118761.6,0.001,118762.0,28.154,118762.1,3.021
1753769379341,06:09:39.341,bybit,BTC/USDT:USDT,118761.9,0.098,118761.6,0.001,118762.0,28.154,118762.1,3.021
1753769379441,06:09:39.441,bybit,BTC/USDT:USDT,118761.9,0.098,118761.6,0.001,118762.0,28.154,118762.1,3.023
1753769379541,06:09:39.541,bybit,BTC/USDT:USDT,118761.9,0.097,118761.6,0.001,118762.0,29.77,118762.1,2.023
1753769379641,06:09:39.641,bybit,BTC/USDT:USDT,118761.9,0.098,118761.6,0.001,118762.0,31.758,118762.1,2.023
1753769379743,06:09:39.743,bybit,BTC/USDT:USDT,118761.9,0.098,118761.6,0.001,118762.0,31.758,118762.1,2.023
1753769379841,06:09:39.841,bybit,BTC/USDT:USDT,118761.9,0.097,118761.6,0.001,118762.0,31.759,118762.1,2.023
1753769379941,06:09:39.941,bybit,BTC/USDT:USDT,118761.9,0.097,118761.6,0.001,118762.0,31.741,118762.1,1.488
1753769380041,06:09:40.041,bybit,BTC/USDT:USDT,118761.9,0.097,118761.6,0.001,118762.0,31.741,118762.1,1.488
1753769380141,06:09:40.141,bybit,BTC/USDT:USDT,118761.9,0.097,118761.6,0.001,118762.0,31.741,118762.1,1.488
1753769380244,06:09:40.244,bybit,BTC/USDT:USDT,118753.6,0.63,118753.0,0.53,118753.7,21.208,118754.0,0.021
1753769380342,06:09:40.342,bybit,BTC/USDT:USDT,118753.6,0.258,118753.0,0.53,118753.7,21.613,118753.8,0.002
1753769380441,06:09:40.441,bybit,BTC/USDT:USDT,118753.6,0.318,118753.0,0.53,118753.7,21.613,118753.8,0.002
1753769380541,06:09:40.541,bybit,BTC/USDT:USDT,118753.6,0.721,118753.0,0.53,118753.7,21.951,118753.8,0.002
1753769380641,06:09:40.641,bybit,BTC/USDT:USDT,118753.6,2.262,118753.0,0.53,118753.7,21.951,118753.8,0.002
1753769380741,06:09:40.741,bybit,BTC/USDT:USDT,118753.6,4.997,118753.0,0.53,118753.7,21.829,118753.8,0.002
1753769380941,06:09:40.941,bybit,BTC/USDT:USDT,118753.6,3.829,118753.0,0.53,118753.7,21.829,118753.8,0.002
1753769381041,06:09:41.041,bybit,BTC/USDT:USDT,118753.6,3.83,118752.7,0.001,118753.7,21.725,118753.8,0.002
1753769381142,06:09:41.142,bybit,BTC/USDT:USDT,118753.6,3.83,118752.7,0.001,118753.7,21.725,118753.8,0.002
1753769381241,06:09:41.241,bybit,BTC/USDT:USDT,118753.6,4.03,118752.7,0.001,118753.7,21.815,118753.8,0.002
1753769381341,06:09:41.341,bybit,BTC/USDT:USDT,118753.6,3.984,118752.7,0.001,118753.7,21.815,118753.8,0.002
1753769381441,06:09:41.441,bybit,BTC/USDT:USDT,118753.6,4.03,118752.7,0.001,118753.7,21.819,118753.8,0.002
1753769381541,06:09:41.541,bybit,BTC/USDT:USDT,118753.6,4.03,118752.7,0.001,118753.7,21.729,118753.8,0.002
1753769381641,06:09:41.641,bybit,BTC/USDT:USDT,118753.6,4.754,118752.7,0.001,118753.7,21.729,118753.8,0.002
1753769381741,06:09:41.741,bybit,BTC/USDT:USDT,118753.6,4.754,118752.7,0.001,118753.7,21.739,118753.8,0.002
1753769381841,06:09:41.841,bybit,BTC/USDT:USDT,118753.6,4.754,118752.7,0.001,118753.7,21.655,118753.8,0.002
1753769381941,06:09:41.941,bybit,BTC/USDT:USDT,118753.6,4.754,118752.7,0.001,118753.7,21.652,118753.8,0.002
1753769382041,06:09:42.041,bybit,BTC/USDT:USDT,118753.6,2.986,118752.7,0.001,118753.7,21.826,118753.8,0.013
1753769382141,06:09:42.141,bybit,BTC/USDT:USDT,118753.6,1.082,118752.7,0.001,118753.7,21.875,118753.8,0.013
1753769382241,06:09:42.241,bybit,BTC/USDT:USDT,118753.6,1.082,118752.7,0.001,118753.7,21.875,118753.8,0.013
1753769382341,06:09:42.341,bybit,BTC/USDT:USDT,118753.6,1.082,118752.7,0.001,118753.7,21.875,118753.8,0.013
1753769382441,06:09:42.441,bybit,BTC/USDT:USDT,118753.6,2.653,118752.7,0.001,118753.7,21.681,118753.8,0.013
1753769382541,06:09:42.541,bybit,BTC/USDT:USDT,118753.6,1.643,118752.7,0.001,118753.7,21.681,118753.8,0.013
1753769382641,06:09:42.641,bybit,BTC/USDT:USDT,118753.6,1.612,118752.7,0.001,118753.7,21.681,118753.8,0.013
1753769382741,06:09:42.741,bybit,BTC/USDT:USDT,118753.6,2.979,118752.7,0.001,118753.7,21.681,118753.8,0.013
1753769382841,06:09:42.841,bybit,BTC/USDT:USDT,118753.6,1.643,118752.7,0.001,118753.7,21.682,118753.8,0.013
1753769382942,06:09:42.942,bybit,BTC/USDT:USDT,118753.6,1.841,118752.7,0.001,118753.7,21.598,118753.8,0.013
1753769383041,06:09:43.041,bybit,BTC/USDT:USDT,118753.6,1.424,118752.7,0.001,118753.7,21.598,118753.8,0.013
1753769383141,06:09:43.141,bybit,BTC/USDT:USDT,118753.6,1.393,118752.7,0.001,118753.7,21.598,118753.8,0.013
1753769383241,06:09:43.241,bybit,BTC/USDT:USDT,118753.6,1.393,118752.7,0.001,118753.7,21.598,118753.8,0.013
1753769383341,06:09:43.341,bybit,BTC/USDT:USDT,118753.6,1.775,118752.7,0.001,118753.7,21.598,118753.8,0.013
1753769383441,06:09:43.441,bybit,BTC/USDT:USDT,118753.6,1.457,118752.7,0.001,118753.7,21.598,118753.8,0.013
1753769383541,06:09:43.541,bybit,BTC/USDT:USDT,118753.6,0.8,118752.7,0.001,118753.7,21.798,118753.8,0.013
1753769383641,06:09:43.641,bybit,BTC/USDT:USDT,118753.6,0.8,118752.7,0.001,118753.7,21.798,118753.8,0.013
1753769383743,06:09:43.743,bybit,BTC/USDT:USDT,118753.6,1.149,118752.7,0.001,118753.7,21.798,118753.8,0.013
1753769383841,06:09:43.841,bybit,BTC/USDT:USDT,118753.6,2.264,118752.7,0.001,118753.7,21.795,118753.8,0.013
1753769383941,06:09:43.941,bybit,BTC/USDT:USDT,118753.6,2.871,118752.7,0.001,118753.7,21.711,118753.8,0.013
1753769384041,06:09:44.041,bybit,BTC/USDT:USDT,118753.6,2.794,118752.7,0.001,118753.7,21.713,118753.8,0.013
1753769384141,06:09:44.141,bybit,BTC/USDT:USDT,118753.6,2.794,118752.7,0.001,118753.7,21.713,118753.8,0.013
1753769384241,06:09:44.241,bybit,BTC/USDT:USDT,118753.6,2.794,118752.7,0.001,118753.7,21.713,118753.8,0.013
1753769384341,06:09:44.341,bybit,BTC/USDT:USDT,118753.6,2.917,118752.7,0.001,118753.7,21.713,118753.8,0.013
1753769384442,06:09:44.442,bybit,BTC/USDT:USDT,118753.6,5.6,118752.7,0.001,118753.7,21.713,118753.8,0.013
1753769384541,06:09:44.541,bybit,BTC/USDT:USDT,118753.6,6.25,118752.7,0.001,118753.7,21.631,118753.8,0.013
1753769384641,06:09:44.641,bybit,BTC/USDT:USDT,118753.6,6.555,118753.3,0.31,118753.7,20.949,118753.8,0.013
1753769384741,06:09:44.741,bybit,BTC/USDT:USDT,118753.6,6.555,118753.3,0.31,118753.7,20.991,118753.8,0.013
1753769384841,06:09:44.841,bybit,BTC/USDT:USDT,118753.6,6.556,118753.3,0.31,118753.7,20.991,118753.8,0.013
1753769384942,06:09:44.942,bybit,BTC/USDT:USDT,118753.6,6.531,118753.3,0.31,118753.7,20.991,118753.8,0.013
1753769385042,06:09:45.042,bybit,BTC/USDT:USDT,118753.6,6.531,118753.3,0.31,118753.7,20.991,118753.8,0.013
1753769385141,06:09:45.141,bybit,BTC/USDT:USDT,118753.6,6.53,118753.3,0.31,118753.7,20.981,118753.8,0.013
1753769385241,06:09:45.241,bybit,BTC/USDT:USDT,118753.6,6.53,118753.3,0.31,118753.7,20.981,118753.8,0.013
1753769385341,06:09:45.341,bybit,BTC/USDT:USDT,118753.6,6.53,118753.3,0.31,118753.7,20.981,118753.8,0.013
1753769385441,06:09:45.441,bybit,BTC/USDT:USDT,118753.6,6.53,118753.3,0.31,118753.7,20.981,118753.8,0.013
1753769385541,06:09:45.541,bybit,BTC/USDT:USDT,118753.6,6.529,118753.3,0.31,118753.7,20.981,118753.8,0.013
1753769385641,06:09:45.641,bybit,BTC/USDT:USDT,118753.6,6.521,118753.3,0.31,118753.7,20.981,118753.8,0.013
1753769385743,06:09:45.743,bybit,BTC/USDT:USDT,118753.6,6.521,118753.3,0.31,118753.7,20.981,118753.8,0.013
1753769385842,06:09:45.842,bybit,BTC/USDT:USDT,118753.6,6.521,118753.3,0.31,118753.7,20.981,118753.8,0.013
1753769385941,06:09:45.941,bybit,BTC/USDT:USDT,118753.6,6.521,118753.3,0.31,118753.7,20.983,118753.8,0.013
1753769386141,06:09:46.141,bybit,BTC/USDT:USDT,118753.6,6.52,118753.3,0.31,118753.7,20.983,118753.8,0.013
1753769386241,06:09:46.241,bybit,BTC/USDT:USDT,118753.6,6.487,118753.3,0.31,118753.7,21.069,118753.8,0.013
1753769386341,06:09:46.341,bybit,BTC/USDT:USDT,118753.6,6.487,118753.3,0.31,118753.7,21.069,118753.8,0.013
1753769386441,06:09:46.441,bybit,BTC/USDT:USDT,118753.6,4.698,118752.7,0.001,118753.7,21.176,118753.8,0.002
1753769386541,06:09:46.541,bybit,BTC/USDT:USDT,118753.6,4.698,118752.7,0.001,118753.7,21.175,118753.8,0.002
1753769386642,06:09:46.642,bybit,BTC/USDT:USDT,118753.6,4.744,118752.7,0.001,118753.7,21.175,118753.8,0.002
1753769386741,06:09:46.741,bybit,BTC/USDT:USDT,118753.6,4.659,118752.7,0.001,118753.7,21.175,118753.8,0.002
1753769386842,06:09:46.842,bybit,BTC/USDT:USDT,118753.6,4.613,118752.7,0.001,118753.7,21.175,118753.8,0.002
1753769386941,06:09:46.941,bybit,BTC/USDT:USDT,118753.6,4.613,118752.7,0.001,118753.7,21.175,118753.8,0.002
1753769387041,06:09:47.041,bybit,BTC/USDT:USDT,118753.6,4.659,118752.7,0.001,118753.7,21.175,118753.8,0.052
1753769387141,06:09:47.141,bybit,BTC/USDT:USDT,118753.6,4.659,118752.7,0.001,118753.7,21.175,118753.8,0.052
1753769387241,06:09:47.241,bybit,BTC/USDT:USDT,118753.6,4.613,118752.7,0.001,118753.7,21.175,118753.8,0.052
1753769387341,06:09:47.341,bybit,BTC/USDT:USDT,118753.6,4.659,118752.7,0.001,118753.7,21.175,118753.8,0.052
1753769387441,06:09:47.441,bybit,BTC/USDT:USDT,118753.6,3.952,118752.7,0.001,118753.7,21.175,118753.8,0.052
1753769387542,06:09:47.542,bybit,BTC/USDT:USDT,118753.6,3.065,118752.7,0.001,118753.7,21.175,118753.8,0.052
1753769387641,06:09:47.641,bybit,BTC/USDT:USDT,118753.6,6.106,118752.7,0.001,118753.7,21.175,118753.8,0.052
1753769387744,06:09:47.744,bybit,BTC/USDT:USDT,118753.6,6.106,118752.7,0.001,118753.7,21.176,118753.8,0.052
1753769387842,06:09:47.842,bybit,BTC/USDT:USDT,118753.6,6.106,118752.7,0.001,118753.7,21.176,118753.8,0.052
1753769387941,06:09:47.941,bybit,BTC/USDT:USDT,118753.6,6.106,118752.7,0.001,118753.7,21.176,118753.8,0.052
1753769388041,06:09:48.041,bybit,BTC/USDT:USDT,118753.6,6.106,118752.7,0.001,118753.7,21.176,118753.8,0.052
1753769388141,06:09:48.141,bybit,BTC/USDT:USDT,118753.6,6.928,118753.3,0.31,118753.7,19.45,118753.8,0.052
1753769388242,06:09:48.242,bybit,BTC/USDT:USDT,118753.6,6.928,118753.3,0.31,118753.7,19.42,118753.8,0.052
1753769388341,06:09:48.341,bybit,BTC/USDT:USDT,118753.6,6.928,118753.3,0.31,118753.7,19.512,118753.8,0.052
1753769388441,06:09:48.441,bybit,BTC/USDT:USDT,118753.6,6.928,118753.3,0.31,118753.7,19.512,118753.8,0.052
1753769388542,06:09:48.542,bybit,BTC/USDT:USDT,118753.6,8.728,118753.3,0.31,118753.7,19.512,118753.8,0.052
1753769388641,06:09:48.641,bybit,BTC/USDT:USDT,118753.6,8.669,118753.5,0.001,118753.7,19.512,118753.8,0.052
1753769388742,06:09:48.742,bybit,BTC/USDT:USDT,118753.6,8.728,118753.5,0.001,118753.7,19.543,118753.8,0.052
1753769388841,06:09:48.841,bybit,BTC/USDT:USDT,118753.6,8.728,118753.5,0.001,118753.7,19.589,118753.8,0.052
1753769388941,06:09:48.941,bybit,BTC/USDT:USDT,118753.6,8.728,118753.5,0.001,118753.7,19.589,118753.8,0.052
1753769389041,06:09:49.041,bybit,BTC/USDT:USDT,118753.6,8.728,118753.5,0.001,118753.7,19.625,118753.8,0.052
1753769389141,06:09:49.141,bybit,BTC/USDT:USDT,118753.6,8.728,118753.5,0.001,118753.7,19.625,118753.8,0.052
1753769389241,06:09:49.241,bybit,BTC/USDT:USDT,118753.6,8.728,118753.5,0.001,118753.7,19.625,118753.8,0.052
1753769389341,06:09:49.341,bybit,BTC/USDT:USDT,118753.6,8.728,118753.5,0.001,118753.7,19.625,118753.8,0.052
1753769389441,06:09:49.441,bybit,BTC/USDT:USDT,118753.6,8.728,118753.5,0.001,118753.7,19.625,118753.8,0.052
1753769389542,06:09:49.542,bybit,BTC/USDT:USDT,118753.6,8.727,118753.5,0.001,118753.7,19.625,118753.8,0.052
1753769389641,06:09:49.641,bybit,BTC/USDT:USDT,118753.6,8.727,118753.5,0.001,118753.7,19.625,118753.8,0.052
1753769389741,06:09:49.741,bybit,BTC/USDT:USDT,118753.6,8.727,118753.5,0.001,118753.7,19.266,118753.8,0.052
1753769389841,06:09:49.841,bybit,BTC/USDT:USDT,118753.6,8.727,118753.5,0.001,118753.7,19.189,118753.8,0.052
1753769389941,06:09:49.941,bybit,BTC/USDT:USDT,118753.6,8.848,118753.5,0.001,118753.7,16.243,118753.8,0.052
1753769390041,06:09:50.041,bybit,BTC/USDT:USDT,118753.6,9.144,118753.5,0.001,118753.7,10.04,118753.8,0.052
1753769390141,06:09:50.141,bybit,BTC/USDT:USDT,118753.6,9.048,118753.5,0.001,118753.7,10.04,118753.8,0.052
1753769390242,06:09:50.242,bybit,BTC/USDT:USDT,118753.6,9.048,118753.5,0.001,118753.7,10.113,118753.8,0.052
1753769390341,06:09:50.341,bybit,BTC/USDT:USDT,118753.6,9.048,118753.5,0.001,118753.7,10.087,118753.8,0.052
1753769390442,06:09:50.442,bybit,BTC/USDT:USDT,118753.6,9.048,118753.5,0.001,118753.7,10.087,118753.8,0.052
1753769390541,06:09:50.541,bybit,BTC/USDT:USDT,118753.6,9.048,118753.5,0.001,118753.7,10.087,118753.8,0.052
1753769390641,06:09:50.641,bybit,BTC/USDT:USDT,118753.6,10.048,118753.5,0.001,118753.7,10.087,118753.8,0.052
1753769390741,06:09:50.741,bybit,BTC/USDT:USDT,118753.6,9.928,118753.5,0.001,118753.7,9.686,118753.8,0.052
1753769390841,06:09:50.841,bybit,BTC/USDT:USDT,118753.6,9.919,118753.5,0.001,118753.7,9.686,118753.8,0.052
1753769390942,06:09:50.942,bybit,BTC/USDT:USDT,118753.6,9.919,118753.5,0.001,118753.7,9.686,118753.8,0.052
1753769391041,06:09:51.041,bybit,BTC/USDT:USDT,118753.6,9.919,118753.5,0.001,118753.7,9.686,118753.8,0.052
1753769391141,06:09:51.141,bybit,BTC/USDT:USDT,118753.6,9.919,118753.5,0.001,118753.7,9.782,118753.8,0.052
1753769391241,06:09:51.241,bybit,BTC/USDT:USDT,118753.6,9.919,118753.5,0.001,118753.7,9.782,118753.8,0.052
1753769391341,06:09:51.341,bybit,BTC/USDT:USDT,118753.6,9.879,118753.5,0.001,118753.7,9.899,118753.8,0.052
1753769391441,06:09:51.441,bybit,BTC/USDT:USDT,118753.6,9.595,118753.5,0.001,118753.7,9.899,118753.8,0.052
1753769391541,06:09:51.541,bybit,BTC/USDT:USDT,118753.6,9.595,118753.5,0.001,118753.7,10.246,118753.8,0.052
1753769391641,06:09:51.641,bybit,BTC/USDT:USDT,118753.6,9.595,118753.5,0.001,118753.7,10.247,118753.8,0.052
1753769391742,06:09:51.742,bybit,BTC/USDT:USDT,118753.6,8.595,118753.5,0.001,118753.7,10.247,118753.8,0.052
1753769391841,06:09:51.841,bybit,BTC/USDT:USDT,118753.6,8.595,118753.5,0.001,118753.7,10.247,118753.8,0.052
1753769391942,06:09:51.942,bybit,BTC/USDT:USDT,118753.6,8.595,118753.5,0.001,118753.7,10.047,118753.8,0.052
1753769392041,06:09:52.041,bybit,BTC/USDT:USDT,118753.6,8.595,118753.5,0.001,118753.7,10.047,118753.8,0.052
1753769392141,06:09:52.141,bybit,BTC/USDT:USDT,118753.6,4.565,118753.5,0.001,118753.7,10.141,118753.8,0.052
1753769392242,06:09:52.242,bybit,BTC/USDT:USDT,118753.6,3.82,118752.7,0.001,118753.7,10.23,118753.8,0.052
1753769392341,06:09:52.341,bybit,BTC/USDT:USDT,118753.6,3.897,118752.7,0.001,118753.7,10.23,118753.8,0.052
1753769392441,06:09:52.441,bybit,BTC/USDT:USDT,118753.6,3.896,118752.7,0.001,118753.7,10.23,118753.8,0.052
1753769392541,06:09:52.541,bybit,BTC/USDT:USDT,118753.6,3.896,118752.7,0.001,118753.7,10.23,118753.8,0.052
1753769392641,06:09:52.641,bybit,BTC/USDT:USDT,118753.6,3.896,118752.7,0.001,118753.7,10.23,118753.8,0.052
1753769392741,06:09:52.741,bybit,BTC/USDT:USDT,118753.6,3.819,118752.7,0.001,118753.7,10.236,118753.8,0.052
1753769392841,06:09:52.841,bybit,BTC/USDT:USDT,118753.6,3.819,118752.7,0.001,118753.7,10.236,118753.8,0.052
1753769392941,06:09:52.941,bybit,BTC/USDT:USDT,118753.6,3.485,118752.7,0.001,118753.7,10.236,118753.8,0.052
1753769393041,06:09:53.041,bybit,BTC/USDT:USDT,118753.6,3.505,118752.7,0.001,118753.7,10.237,118753.8,0.052
1753769393141,06:09:53.141,bybit,BTC/USDT:USDT,118753.6,3.505,118752.7,0.001,118753.7,10.237,118753.8,0.052
1753769393242,06:09:53.242,bybit,BTC/USDT:USDT,118753.6,2.879,118752.7,0.001,118753.7,10.245,118753.8,0.052
1753769393341,06:09:53.341,bybit,BTC/USDT:USDT,118753.6,2.879,118752.7,0.001,118753.7,10.245,118753.8,0.052
1753769393441,06:09:53.441,bybit,BTC/USDT:USDT,118753.6,2.879,118752.7,0.001,118753.7,10.245,118753.8,0.052
1753769393542,06:09:53.542,bybit,BTC/USDT:USDT,118753.6,2.879,118752.7,0.001,118753.7,10.245,118753.8,0.052
1753769393641,06:09:53.641,bybit,BTC/USDT:USDT,118753.6,2.997,118752.7,0.001,118753.7,10.247,118753.8,0.052
1753769393741,06:09:53.741,bybit,BTC/USDT:USDT,118753.6,3.028,118752.7,0.001,118753.7,10.247,118753.8,0.052
1753769393841,06:09:53.841,bybit,BTC/USDT:USDT,118753.6,3.018,118752.7,0.001,118753.7,10.247,118753.8,0.052
1753769393941,06:09:53.941,bybit,BTC/USDT:USDT,118753.6,3.018,118752.7,0.001,118753.7,10.247,118753.8,0.052
1753769394042,06:09:54.042,bybit,BTC/USDT:USDT,118753.6,2.678,118752.7,0.001,118753.7,10.247,118753.8,0.052
1753769394142,06:09:54.142,bybit,BTC/USDT:USDT,118753.6,2.774,118752.7,0.001,118753.7,10.247,118753.8,0.052
1753769394242,06:09:54.242,bybit,BTC/USDT:USDT,118753.6,2.82,118752.7,0.001,118753.7,10.247,118753.8,0.052
1753769394342,06:09:54.342,bybit,BTC/USDT:USDT,118753.6,2.774,118752.7,0.001,118753.7,9.903,118753.8,0.052
1753769394441,06:09:54.441,bybit,BTC/USDT:USDT,118753.6,3.304,118752.7,0.001,118753.7,10.301,118753.8,0.052
1753769394542,06:09:54.542,bybit,BTC/USDT:USDT,118753.6,3.35,118752.7,0.001,118753.7,10.301,118753.8,0.052
1753769394641,06:09:54.641,bybit,BTC/USDT:USDT,118753.6,7.16,118752.7,0.001,118753.7,10.173,118753.8,0.052
1753769394741,06:09:54.741,bybit,BTC/USDT:USDT,118753.6,7.16,118752.7,0.001,118753.7,10.173,118753.8,0.052
1753769394841,06:09:54.841,bybit,BTC/USDT:USDT,118753.6,7.16,118752.7,0.001,118753.7,10.173,118753.8,0.052
1753769394941,06:09:54.941,bybit,BTC/USDT:USDT,118753.6,7.16,118752.7,0.001,118753.7,10.173,118753.8,0.052
1753769395041,06:09:55.041,bybit,BTC/USDT:USDT,118753.6,7.16,118752.7,0.001,118753.7,10.173,118753.8,0.052
1753769395141,06:09:55.141,bybit,BTC/USDT:USDT,118753.6,7.152,118752.7,0.001,118753.7,10.173,118753.8,0.052
1753769395241,06:09:55.241,bybit,BTC/USDT:USDT,118753.6,7.152,118752.7,0.001,118753.7,10.127,118753.8,0.052
1753769395341,06:09:55.341,bybit,BTC/USDT:USDT,118753.6,7.152,118752.7,0.001,118753.7,10.127,118753.8,0.052
1753769395442,06:09:55.442,bybit,BTC/USDT:USDT,118753.6,7.152,118752.7,0.001,118753.7,10.111,118753.8,0.052
1753769395542,06:09:55.542,bybit,BTC/USDT:USDT,118753.6,6.952,118752.7,0.001,118753.7,10.111,118753.8,0.052
1753769395641,06:09:55.641,bybit,BTC/USDT:USDT,118753.6,6.952,118752.7,0.001,118753.7,10.111,118753.8,0.052
1753769395741,06:09:55.741,bybit,BTC/USDT:USDT,118753.6,6.952,118752.7,0.001,118753.7,10.112,118753.8,0.052
1753769395841,06:09:55.841,bybit,BTC/USDT:USDT,118753.6,6.952,118752.7,0.001,118753.7,10.13,118753.8,0.052
1753769395941,06:09:55.941,bybit,BTC/USDT:USDT,118753.6,6.952,118752.7,0.001,118753.7,10.13,118753.8,0.052
1753769396042,06:09:56.042,bybit,BTC/USDT:USDT,118753.6,6.952,118752.7,0.001,118753.7,10.13,118753.8,0.052
1753769396141,06:09:56.141,bybit,BTC/USDT:USDT,118753.6,6.952,118752.7,0.001,118753.7,10.13,118753.8,0.052
1753769396242,06:09:56.242,bybit,BTC/USDT:USDT,118753.6,6.952,118752.7,0.001,118753.7,10.196,118753.8,0.052
1753769396341,06:09:56.341,bybit,BTC/USDT:USDT,118753.6,7.477,118752.7,0.001,118753.7,10.196,118753.8,0.052
