timestamp,time,exchange,symbol,bid1_price,bid1_volume,bid2_price,bid2_volume,ask1_price,ask1_volume,ask2_price,ask2_volume
1753769311416,06:08:31.416,kucoinfutures,SOL/USDT:USDT,185.055,163.0,185.049,66.0,185.056,686.0,185.058,120.0
1753769311454,06:08:31.454,kucoinfutures,SOL/USDT:USDT,185.055,163.0,185.049,66.0,185.056,686.0,185.058,120.0
1753769311454,06:08:31.454,kucoinfutures,SOL/USDT:USDT,185.055,163.0,185.049,66.0,185.056,686.0,185.058,120.0
1753769311466,06:08:31.466,kucoinfutures,SOL/USDT:USDT,185.055,163.0,185.049,66.0,185.056,686.0,185.058,120.0
1753769311485,06:08:31.485,kucoinfutures,SOL/USDT:USDT,185.055,163.0,185.049,66.0,185.056,686.0,185.058,120.0
1753769311492,06:08:31.492,kucoinfutures,SOL/USDT:USDT,185.055,163.0,185.049,66.0,185.056,686.0,185.058,120.0
1753769311513,06:08:31.513,kucoinfutures,SOL/USDT:USDT,185.055,163.0,185.049,66.0,185.056,686.0,185.058,120.0
1753769311514,06:08:31.514,kucoinfutures,SOL/USDT:USDT,185.055,163.0,185.049,66.0,185.056,686.0,185.058,120.0
1753769311517,06:08:31.517,kucoinfutures,SOL/USDT:USDT,185.055,163.0,185.049,66.0,185.056,686.0,185.058,120.0
1753769311521,06:08:31.521,kucoinfutures,SOL/USDT:USDT,185.055,163.0,185.049,66.0,185.056,566.0,185.058,120.0
1753769311538,06:08:31.538,kucoinfutures,SOL/USDT:USDT,185.055,163.0,185.049,66.0,185.056,566.0,185.058,120.0
1753769311544,06:08:31.544,kucoinfutures,SOL/USDT:USDT,185.055,163.0,185.049,66.0,185.056,566.0,185.058,120.0
1753769311564,06:08:31.564,kucoinfutures,SOL/USDT:USDT,185.055,163.0,185.049,66.0,185.056,566.0,185.058,120.0
1753769311567,06:08:31.567,kucoinfutures,SOL/USDT:USDT,185.055,163.0,185.049,66.0,185.056,566.0,185.058,120.0
1753769311568,06:08:31.568,kucoinfutures,SOL/USDT:USDT,185.055,163.0,185.049,66.0,185.056,566.0,185.058,120.0
1753769311576,06:08:31.576,kucoinfutures,SOL/USDT:USDT,185.055,163.0,185.049,66.0,185.056,566.0,185.058,120.0
1753769311579,06:08:31.579,kucoinfutures,SOL/USDT:USDT,185.055,163.0,185.049,66.0,185.056,566.0,185.058,120.0
1753769311589,06:08:31.589,kucoinfutures,SOL/USDT:USDT,185.055,163.0,185.049,66.0,185.056,566.0,185.058,120.0
1753769311595,06:08:31.595,kucoinfutures,SOL/USDT:USDT,185.055,163.0,185.049,66.0,185.056,566.0,185.058,120.0
1753769311599,06:08:31.599,kucoinfutures,SOL/USDT:USDT,185.055,163.0,185.049,66.0,185.056,566.0,185.058,120.0
1753769311601,06:08:31.601,kucoinfutures,SOL/USDT:USDT,185.055,163.0,185.049,66.0,185.056,686.0,185.058,120.0
1753769311606,06:08:31.606,kucoinfutures,SOL/USDT:USDT,185.055,163.0,185.049,66.0,185.056,686.0,185.058,120.0
1753769311615,06:08:31.615,kucoinfutures,SOL/USDT:USDT,185.055,163.0,185.049,66.0,185.056,686.0,185.058,120.0
1753769311621,06:08:31.621,kucoinfutures,SOL/USDT:USDT,185.055,163.0,185.049,66.0,185.056,686.0,185.058,120.0
1753769311641,06:08:31.641,kucoinfutures,SOL/USDT:USDT,185.055,163.0,185.049,66.0,185.056,686.0,185.058,120.0
1753769311646,06:08:31.646,kucoinfutures,SOL/USDT:USDT,185.055,163.0,185.049,66.0,185.056,686.0,185.058,120.0
1753769311671,06:08:31.671,kucoinfutures,SOL/USDT:USDT,185.055,163.0,185.049,66.0,185.056,686.0,185.058,120.0
1753769311689,06:08:31.689,kucoinfutures,SOL/USDT:USDT,185.055,163.0,185.049,66.0,185.056,686.0,185.058,120.0
1753769311693,06:08:31.693,kucoinfutures,SOL/USDT:USDT,185.055,163.0,185.049,66.0,185.056,686.0,185.058,120.0
1753769311698,06:08:31.698,kucoinfutures,SOL/USDT:USDT,185.055,163.0,185.049,66.0,185.056,686.0,185.058,120.0
1753769311700,06:08:31.700,kucoinfutures,SOL/USDT:USDT,185.055,163.0,185.049,66.0,185.056,686.0,185.058,120.0
1753769311702,06:08:31.702,kucoinfutures,SOL/USDT:USDT,185.055,163.0,185.049,66.0,185.056,686.0,185.058,120.0
1753769311718,06:08:31.718,kucoinfutures,SOL/USDT:USDT,185.055,163.0,185.049,66.0,185.056,686.0,185.058,120.0
1753769311724,06:08:31.724,kucoinfutures,SOL/USDT:USDT,185.055,163.0,185.049,66.0,185.056,686.0,185.058,120.0
1753769311738,06:08:31.738,kucoinfutures,SOL/USDT:USDT,185.055,163.0,185.049,66.0,185.056,686.0,185.058,120.0
1753769311743,06:08:31.743,kucoinfutures,SOL/USDT:USDT,185.055,163.0,185.049,66.0,185.056,686.0,185.058,120.0
1753769311750,06:08:31.750,kucoinfutures,SOL/USDT:USDT,185.055,163.0,185.049,66.0,185.056,686.0,185.058,120.0
1753769311772,06:08:31.772,kucoinfutures,SOL/USDT:USDT,185.055,163.0,185.049,66.0,185.056,686.0,185.058,120.0
1753769311772,06:08:31.772,kucoinfutures,SOL/USDT:USDT,185.055,163.0,185.049,66.0,185.056,686.0,185.058,120.0
1753769311821,06:08:31.821,kucoinfutures,SOL/USDT:USDT,185.055,163.0,185.049,66.0,185.056,686.0,185.058,120.0
1753769311826,06:08:31.826,kucoinfutures,SOL/USDT:USDT,185.055,163.0,185.049,66.0,185.056,686.0,185.058,120.0
1753769311847,06:08:31.847,kucoinfutures,SOL/USDT:USDT,185.055,163.0,185.049,66.0,185.056,686.0,185.058,120.0
1753769311852,06:08:31.852,kucoinfutures,SOL/USDT:USDT,185.055,163.0,185.049,66.0,185.056,686.0,185.058,120.0
1753769311879,06:08:31.879,kucoinfutures,SOL/USDT:USDT,185.055,163.0,185.049,66.0,185.056,686.0,185.058,120.0
1753769311899,06:08:31.899,kucoinfutures,SOL/USDT:USDT,185.055,163.0,185.049,66.0,185.056,686.0,185.058,120.0
1753769311903,06:08:31.903,kucoinfutures,SOL/USDT:USDT,185.055,163.0,185.049,66.0,185.056,686.0,185.058,120.0
1753769311924,06:08:31.924,kucoinfutures,SOL/USDT:USDT,185.055,163.0,185.049,66.0,185.056,686.0,185.058,120.0
1753769311930,06:08:31.930,kucoinfutures,SOL/USDT:USDT,185.055,163.0,185.049,66.0,185.056,686.0,185.058,120.0
1753769311950,06:08:31.950,kucoinfutures,SOL/USDT:USDT,185.055,163.0,185.049,66.0,185.056,686.0,185.058,120.0
1753769311955,06:08:31.955,kucoinfutures,SOL/USDT:USDT,185.055,163.0,185.049,66.0,185.056,686.0,185.058,120.0
1753769311976,06:08:31.976,kucoinfutures,SOL/USDT:USDT,185.055,163.0,185.049,66.0,185.056,686.0,185.058,120.0
1753769311981,06:08:31.981,kucoinfutures,SOL/USDT:USDT,185.055,163.0,185.049,66.0,185.056,686.0,185.058,120.0
1753769312002,06:08:32.002,kucoinfutures,SOL/USDT:USDT,185.055,163.0,185.049,66.0,185.056,686.0,185.058,120.0
1753769312027,06:08:32.027,kucoinfutures,SOL/USDT:USDT,185.055,163.0,185.049,66.0,185.056,686.0,185.058,120.0
1753769312027,06:08:32.027,kucoinfutures,SOL/USDT:USDT,185.055,51.0,185.049,66.0,185.056,686.0,185.058,120.0
1753769312028,06:08:32.028,kucoinfutures,SOL/USDT:USDT,185.055,32.0,185.049,66.0,185.056,686.0,185.058,120.0
1753769312029,06:08:32.029,kucoinfutures,SOL/USDT:USDT,185.055,32.0,185.049,66.0,185.056,686.0,185.058,120.0
1753769312029,06:08:32.029,kucoinfutures,SOL/USDT:USDT,185.055,32.0,185.049,66.0,185.056,686.0,185.058,120.0
1753769312031,06:08:32.031,kucoinfutures,SOL/USDT:USDT,185.055,32.0,185.049,66.0,185.056,686.0,185.058,120.0
1753769312032,06:08:32.032,kucoinfutures,SOL/USDT:USDT,185.055,13.0,185.049,66.0,185.056,686.0,185.058,120.0
1753769312033,06:08:32.033,kucoinfutures,SOL/USDT:USDT,185.055,13.0,185.049,66.0,185.056,686.0,185.058,120.0
1753769312035,06:08:32.035,kucoinfutures,SOL/USDT:USDT,185.055,13.0,185.049,66.0,185.056,686.0,185.058,120.0
1753769312037,06:08:32.037,kucoinfutures,SOL/USDT:USDT,185.055,13.0,185.045,265.0,185.056,686.0,185.058,120.0
1753769312040,06:08:32.040,kucoinfutures,SOL/USDT:USDT,185.055,13.0,185.045,265.0,185.056,686.0,185.058,120.0
1753769312053,06:08:32.053,kucoinfutures,SOL/USDT:USDT,185.055,13.0,185.045,265.0,185.056,686.0,185.058,120.0
1753769312077,06:08:32.077,kucoinfutures,SOL/USDT:USDT,185.055,13.0,185.045,265.0,185.056,686.0,185.058,120.0
1753769312077,06:08:32.077,kucoinfutures,SOL/USDT:USDT,185.055,13.0,185.045,265.0,185.056,686.0,185.058,120.0
1753769312078,06:08:32.078,kucoinfutures,SOL/USDT:USDT,185.055,13.0,185.045,265.0,185.056,686.0,185.058,120.0
1753769312083,06:08:32.083,kucoinfutures,SOL/USDT:USDT,185.055,13.0,185.045,265.0,185.056,686.0,185.058,120.0
1753769312083,06:08:32.083,kucoinfutures,SOL/USDT:USDT,185.055,13.0,185.045,265.0,185.056,686.0,185.058,120.0
1753769312085,06:08:32.085,kucoinfutures,SOL/USDT:USDT,185.055,13.0,185.034,1.0,185.056,686.0,185.058,120.0
1753769312086,06:08:32.086,kucoinfutures,SOL/USDT:USDT,185.055,13.0,185.034,1.0,185.056,1226.0,185.058,120.0
1753769312090,06:08:32.090,kucoinfutures,SOL/USDT:USDT,185.055,13.0,185.034,1.0,185.056,1226.0,185.058,120.0
1753769312092,06:08:32.092,kucoinfutures,SOL/USDT:USDT,185.055,13.0,185.034,1.0,185.056,1226.0,185.058,120.0
1753769312092,06:08:32.092,kucoinfutures,SOL/USDT:USDT,185.055,13.0,185.034,1.0,185.056,1226.0,185.058,120.0
1753769312093,06:08:32.093,kucoinfutures,SOL/USDT:USDT,185.055,13.0,185.034,1.0,185.056,1226.0,185.058,120.0
1753769312094,06:08:32.094,kucoinfutures,SOL/USDT:USDT,185.055,13.0,185.034,1.0,185.056,1226.0,185.058,120.0
1753769312094,06:08:32.094,kucoinfutures,SOL/USDT:USDT,185.055,13.0,185.034,1.0,185.056,1226.0,185.058,120.0
1753769312094,06:08:32.094,kucoinfutures,SOL/USDT:USDT,185.055,13.0,185.034,1.0,185.056,1226.0,185.058,120.0
1753769312097,06:08:32.097,kucoinfutures,SOL/USDT:USDT,185.055,13.0,185.034,1.0,185.056,1226.0,185.058,120.0
1753769312105,06:08:32.105,kucoinfutures,SOL/USDT:USDT,185.055,8.0,185.034,1.0,185.056,1226.0,185.058,120.0
1753769312107,06:08:32.107,kucoinfutures,SOL/USDT:USDT,185.055,8.0,185.034,1.0,185.056,686.0,185.058,120.0
1753769312108,06:08:32.108,kucoinfutures,SOL/USDT:USDT,185.055,8.0,185.034,1.0,185.056,686.0,185.058,120.0
1753769312109,06:08:32.109,kucoinfutures,SOL/USDT:USDT,185.055,8.0,185.034,1.0,185.056,686.0,185.058,120.0
1753769312109,06:08:32.109,kucoinfutures,SOL/USDT:USDT,185.055,8.0,185.034,1.0,185.056,686.0,185.058,120.0
1753769312111,06:08:32.111,kucoinfutures,SOL/USDT:USDT,185.055,8.0,185.034,1.0,185.056,686.0,185.058,120.0
1753769312112,06:08:32.112,kucoinfutures,SOL/USDT:USDT,185.055,8.0,185.034,1.0,185.056,686.0,185.058,120.0
1753769312112,06:08:32.112,kucoinfutures,SOL/USDT:USDT,185.055,8.0,185.034,1.0,185.056,949.0,185.058,120.0
1753769312114,06:08:32.114,kucoinfutures,SOL/USDT:USDT,185.055,8.0,185.034,1.0,185.056,949.0,185.058,120.0
1753769312118,06:08:32.118,kucoinfutures,SOL/USDT:USDT,185.055,8.0,185.034,1.0,185.056,949.0,185.058,120.0
1753769312118,06:08:32.118,kucoinfutures,SOL/USDT:USDT,185.055,8.0,185.034,1.0,185.056,949.0,185.058,120.0
1753769312119,06:08:32.119,kucoinfutures,SOL/USDT:USDT,185.055,8.0,185.034,1.0,185.056,949.0,185.058,120.0
1753769312121,06:08:32.121,kucoinfutures,SOL/USDT:USDT,185.055,8.0,185.034,1.0,185.056,949.0,185.058,120.0
1753769312126,06:08:32.126,kucoinfutures,SOL/USDT:USDT,185.055,8.0,185.034,1.0,185.056,949.0,185.058,120.0
1753769312128,06:08:32.128,kucoinfutures,SOL/USDT:USDT,185.055,8.0,185.034,1.0,185.056,949.0,185.058,120.0
1753769312143,06:08:32.143,kucoinfutures,SOL/USDT:USDT,185.055,8.0,185.034,1.0,185.056,1489.0,185.058,120.0
1753769312155,06:08:32.155,kucoinfutures,SOL/USDT:USDT,185.055,8.0,185.034,1.0,185.056,1489.0,185.058,120.0
1753769312157,06:08:32.157,kucoinfutures,SOL/USDT:USDT,185.055,8.0,185.034,1.0,185.056,1489.0,185.058,120.0
1753769312166,06:08:32.166,kucoinfutures,SOL/USDT:USDT,185.055,8.0,185.034,1.0,185.056,1489.0,185.058,120.0
1753769312169,06:08:32.169,kucoinfutures,SOL/USDT:USDT,185.055,8.0,185.034,1.0,185.056,1489.0,185.058,120.0
1753769312171,06:08:32.171,kucoinfutures,SOL/USDT:USDT,185.055,8.0,185.034,1.0,185.056,1489.0,185.058,120.0
1753769312178,06:08:32.178,kucoinfutures,SOL/USDT:USDT,185.055,8.0,185.034,1.0,185.056,1820.0,185.058,120.0
1753769312180,06:08:32.180,kucoinfutures,SOL/USDT:USDT,185.055,8.0,185.034,1.0,185.056,1820.0,185.058,120.0
1753769312183,06:08:32.183,kucoinfutures,SOL/USDT:USDT,185.055,8.0,185.034,1.0,185.056,1820.0,185.058,120.0
1753769312199,06:08:32.199,kucoinfutures,SOL/USDT:USDT,185.055,8.0,185.034,1.0,185.056,1820.0,185.058,120.0
1753769312234,06:08:32.234,kucoinfutures,SOL/USDT:USDT,185.055,8.0,185.034,1.0,185.056,1820.0,185.058,120.0
1753769312242,06:08:32.242,kucoinfutures,SOL/USDT:USDT,185.055,8.0,185.034,1.0,185.056,1820.0,185.058,120.0
1753769312260,06:08:32.260,kucoinfutures,SOL/USDT:USDT,185.055,8.0,185.034,1.0,185.056,1820.0,185.058,120.0
1753769312265,06:08:32.265,kucoinfutures,SOL/USDT:USDT,185.055,8.0,185.034,1.0,185.056,1820.0,185.058,120.0
1753769312272,06:08:32.272,kucoinfutures,SOL/USDT:USDT,185.055,8.0,185.034,1.0,185.056,1820.0,185.058,120.0
1753769312286,06:08:32.286,kucoinfutures,SOL/USDT:USDT,185.055,8.0,185.034,1.0,185.056,1820.0,185.058,120.0
1753769312290,06:08:32.290,kucoinfutures,SOL/USDT:USDT,185.055,8.0,185.034,1.0,185.056,1820.0,185.058,120.0
1753769312313,06:08:32.313,kucoinfutures,SOL/USDT:USDT,185.055,8.0,185.034,1.0,185.056,1820.0,185.058,120.0
1753769312316,06:08:32.316,kucoinfutures,SOL/USDT:USDT,185.055,8.0,185.034,1.0,185.056,1820.0,185.058,120.0
1753769312326,06:08:32.326,kucoinfutures,SOL/USDT:USDT,185.055,8.0,185.034,1.0,185.056,1820.0,185.058,120.0
1753769312330,06:08:32.330,kucoinfutures,SOL/USDT:USDT,185.055,8.0,185.034,1.0,185.056,1820.0,185.058,120.0
1753769312330,06:08:32.330,kucoinfutures,SOL/USDT:USDT,185.055,8.0,185.034,1.0,185.056,1820.0,185.058,120.0
1753769312336,06:08:32.336,kucoinfutures,SOL/USDT:USDT,185.055,8.0,185.034,1.0,185.056,1820.0,185.058,120.0
1753769312341,06:08:32.341,kucoinfutures,SOL/USDT:USDT,185.055,8.0,185.034,1.0,185.056,1820.0,185.058,120.0
1753769312367,06:08:32.367,kucoinfutures,SOL/USDT:USDT,185.055,8.0,185.034,1.0,185.056,1820.0,185.058,120.0
1753769312368,06:08:32.368,kucoinfutures,SOL/USDT:USDT,185.055,8.0,185.034,1.0,185.056,1820.0,185.058,120.0
1753769312388,06:08:32.388,kucoinfutures,SOL/USDT:USDT,185.055,8.0,185.034,1.0,185.056,1820.0,185.058,120.0
1753769312404,06:08:32.404,kucoinfutures,SOL/USDT:USDT,185.055,8.0,185.034,1.0,185.056,1820.0,185.058,120.0
1753769312405,06:08:32.405,kucoinfutures,SOL/USDT:USDT,185.055,8.0,185.034,1.0,185.056,1820.0,185.058,120.0
1753769312414,06:08:32.414,kucoinfutures,SOL/USDT:USDT,185.055,8.0,185.034,1.0,185.056,1820.0,185.058,120.0
1753769312421,06:08:32.421,kucoinfutures,SOL/USDT:USDT,185.055,8.0,185.034,1.0,185.056,1820.0,185.058,120.0
1753769312439,06:08:32.439,kucoinfutures,SOL/USDT:USDT,185.055,8.0,185.034,1.0,185.056,1820.0,185.058,120.0
1753769312445,06:08:32.445,kucoinfutures,SOL/USDT:USDT,185.055,8.0,185.034,1.0,185.056,1820.0,185.058,120.0
1753769312466,06:08:32.466,kucoinfutures,SOL/USDT:USDT,185.055,8.0,185.034,1.0,185.056,1820.0,185.058,120.0
1753769312471,06:08:32.471,kucoinfutures,SOL/USDT:USDT,185.055,8.0,185.034,1.0,185.056,1820.0,185.058,120.0
1753769312488,06:08:32.488,kucoinfutures,SOL/USDT:USDT,185.055,8.0,185.034,1.0,185.056,1820.0,185.058,120.0
1753769312488,06:08:32.488,kucoinfutures,SOL/USDT:USDT,185.055,8.0,185.034,1.0,185.056,1820.0,185.058,120.0
1753769312490,06:08:32.490,kucoinfutures,SOL/USDT:USDT,185.055,8.0,185.034,1.0,185.056,1820.0,185.058,120.0
1753769312493,06:08:32.493,kucoinfutures,SOL/USDT:USDT,185.055,8.0,185.034,1.0,185.056,1820.0,185.058,120.0
1753769312497,06:08:32.497,kucoinfutures,SOL/USDT:USDT,185.055,8.0,185.034,1.0,185.056,1820.0,185.058,120.0
1753769312517,06:08:32.517,kucoinfutures,SOL/USDT:USDT,185.055,8.0,185.034,1.0,185.056,1820.0,185.058,120.0
1753769312524,06:08:32.524,kucoinfutures,SOL/USDT:USDT,185.055,8.0,185.034,1.0,185.056,1820.0,185.058,120.0
1753769312549,06:08:32.549,kucoinfutures,SOL/USDT:USDT,185.055,8.0,185.034,1.0,185.056,1820.0,185.058,120.0
1753769312550,06:08:32.550,kucoinfutures,SOL/USDT:USDT,185.055,8.0,185.034,1.0,185.056,1820.0,185.058,120.0
1753769312568,06:08:32.568,kucoinfutures,SOL/USDT:USDT,185.055,8.0,185.034,1.0,185.056,1820.0,185.058,120.0
1753769312573,06:08:32.573,kucoinfutures,SOL/USDT:USDT,185.055,8.0,185.034,1.0,185.056,1820.0,185.058,120.0
1753769312595,06:08:32.595,kucoinfutures,SOL/USDT:USDT,185.055,8.0,185.034,1.0,185.056,1820.0,185.058,120.0
1753769312603,06:08:32.603,kucoinfutures,SOL/USDT:USDT,185.055,8.0,185.034,1.0,185.056,1820.0,185.058,120.0
1753769312604,06:08:32.604,kucoinfutures,SOL/USDT:USDT,185.055,8.0,185.034,1.0,185.056,1820.0,185.058,120.0
1753769312610,06:08:32.610,kucoinfutures,SOL/USDT:USDT,185.055,8.0,185.027,120.0,185.056,1820.0,185.058,120.0
1753769312616,06:08:32.616,kucoinfutures,SOL/USDT:USDT,185.055,8.0,185.027,120.0,185.056,1820.0,185.058,120.0
1753769312620,06:08:32.620,kucoinfutures,SOL/USDT:USDT,185.055,8.0,185.027,120.0,185.056,1820.0,185.058,120.0
1753769312622,06:08:32.622,kucoinfutures,SOL/USDT:USDT,185.055,8.0,185.027,120.0,185.056,1820.0,185.058,120.0
1753769312627,06:08:32.627,kucoinfutures,SOL/USDT:USDT,185.055,8.0,185.027,120.0,185.056,1820.0,185.058,120.0
1753769312628,06:08:32.628,kucoinfutures,SOL/USDT:USDT,185.055,8.0,185.027,120.0,185.056,1820.0,185.058,120.0
1753769312646,06:08:32.646,kucoinfutures,SOL/USDT:USDT,185.055,8.0,185.027,120.0,185.056,1820.0,185.058,120.0
1753769312653,06:08:32.653,kucoinfutures,SOL/USDT:USDT,185.055,8.0,185.027,120.0,185.056,1820.0,185.058,120.0
1753769312655,06:08:32.655,kucoinfutures,SOL/USDT:USDT,185.055,8.0,185.027,120.0,185.056,1820.0,185.058,120.0
1753769312671,06:08:32.671,kucoinfutures,SOL/USDT:USDT,185.055,8.0,185.027,120.0,185.056,1820.0,185.058,120.0
1753769312678,06:08:32.678,kucoinfutures,SOL/USDT:USDT,185.055,8.0,185.027,120.0,185.056,1820.0,185.058,120.0
1753769312698,06:08:32.698,kucoinfutures,SOL/USDT:USDT,185.055,8.0,185.027,120.0,185.056,1820.0,185.058,120.0
1753769312704,06:08:32.704,kucoinfutures,SOL/USDT:USDT,185.055,8.0,185.027,120.0,185.056,1820.0,185.058,120.0
1753769312723,06:08:32.723,kucoinfutures,SOL/USDT:USDT,185.055,8.0,185.027,120.0,185.056,1820.0,185.058,120.0
1753769312729,06:08:32.729,kucoinfutures,SOL/USDT:USDT,185.055,8.0,185.027,120.0,185.056,1820.0,185.058,120.0
1753769312730,06:08:32.730,kucoinfutures,SOL/USDT:USDT,185.055,8.0,185.027,120.0,185.056,1820.0,185.058,120.0
1753769312734,06:08:32.734,kucoinfutures,SOL/USDT:USDT,185.055,8.0,185.027,120.0,185.056,1820.0,185.058,120.0
1753769312736,06:08:32.736,kucoinfutures,SOL/USDT:USDT,185.055,8.0,185.027,120.0,185.056,1820.0,185.058,120.0
1753769312740,06:08:32.740,kucoinfutures,SOL/USDT:USDT,185.055,8.0,185.027,120.0,185.056,1820.0,185.058,120.0
1753769312749,06:08:32.749,kucoinfutures,SOL/USDT:USDT,185.055,8.0,185.027,120.0,185.056,1820.0,185.058,120.0
1753769312755,06:08:32.755,kucoinfutures,SOL/USDT:USDT,185.055,8.0,185.027,120.0,185.056,1820.0,185.058,120.0
1753769312759,06:08:32.759,kucoinfutures,SOL/USDT:USDT,185.055,8.0,185.027,120.0,185.056,1820.0,185.058,120.0
1753769312759,06:08:32.759,kucoinfutures,SOL/USDT:USDT,185.055,8.0,185.027,120.0,185.056,1820.0,185.058,120.0
1753769312759,06:08:32.759,kucoinfutures,SOL/USDT:USDT,185.055,8.0,185.027,120.0,185.056,1820.0,185.058,120.0
1753769312759,06:08:32.759,kucoinfutures,SOL/USDT:USDT,185.055,8.0,185.027,120.0,185.056,1820.0,185.058,120.0
1753769312759,06:08:32.759,kucoinfutures,SOL/USDT:USDT,185.055,8.0,185.027,120.0,185.056,1820.0,185.058,120.0
1753769312759,06:08:32.759,kucoinfutures,SOL/USDT:USDT,185.055,8.0,185.027,120.0,185.056,1820.0,185.058,120.0
1753769312774,06:08:32.774,kucoinfutures,SOL/USDT:USDT,185.055,8.0,185.027,120.0,185.056,1820.0,185.058,120.0
1753769312781,06:08:32.781,kucoinfutures,SOL/USDT:USDT,185.055,8.0,185.027,120.0,185.056,1820.0,185.058,120.0
1753769313186,06:08:33.186,kucoinfutures,SOL/USDT:USDT,185.055,8.0,185.027,120.0,185.056,1611.0,185.058,120.0
1753769313193,06:08:33.193,kucoinfutures,SOL/USDT:USDT,185.055,8.0,185.027,120.0,185.056,1611.0,185.058,120.0
1753769313216,06:08:33.216,kucoinfutures,SOL/USDT:USDT,185.055,8.0,185.027,120.0,185.056,1611.0,185.058,120.0
1753769313217,06:08:33.217,kucoinfutures,SOL/USDT:USDT,185.055,8.0,185.027,120.0,185.056,1611.0,185.058,120.0
1753769313217,06:08:33.217,kucoinfutures,SOL/USDT:USDT,185.055,8.0,185.027,120.0,185.056,1611.0,185.058,120.0
1753769313239,06:08:33.239,kucoinfutures,SOL/USDT:USDT,185.055,8.0,185.027,120.0,185.056,1611.0,185.058,120.0
1753769313245,06:08:33.245,kucoinfutures,SOL/USDT:USDT,185.055,8.0,185.027,120.0,185.056,1611.0,185.058,120.0
1753769313271,06:08:33.271,kucoinfutures,SOL/USDT:USDT,185.055,8.0,185.027,120.0,185.056,1611.0,185.058,120.0
1753769313285,06:08:33.285,kucoinfutures,SOL/USDT:USDT,185.055,8.0,185.027,120.0,185.056,1611.0,185.058,120.0
1753769313291,06:08:33.291,kucoinfutures,SOL/USDT:USDT,185.055,8.0,185.027,120.0,185.056,1611.0,185.058,120.0
1753769313296,06:08:33.296,kucoinfutures,SOL/USDT:USDT,185.055,8.0,185.027,120.0,185.056,1611.0,185.058,120.0
1753769313313,06:08:33.313,kucoinfutures,SOL/USDT:USDT,185.055,8.0,185.027,120.0,185.056,1611.0,185.058,120.0
1753769313316,06:08:33.316,kucoinfutures,SOL/USDT:USDT,185.055,8.0,185.027,120.0,185.056,1611.0,185.058,120.0
1753769313325,06:08:33.325,kucoinfutures,SOL/USDT:USDT,185.055,8.0,185.027,120.0,185.056,1611.0,185.058,120.0
1753769313343,06:08:33.343,kucoinfutures,SOL/USDT:USDT,185.055,8.0,185.027,120.0,185.056,1611.0,185.058,120.0
1753769313347,06:08:33.347,kucoinfutures,SOL/USDT:USDT,185.055,8.0,185.027,120.0,185.056,1611.0,185.058,120.0
1753769313347,06:08:33.347,kucoinfutures,SOL/USDT:USDT,185.055,8.0,185.027,120.0,185.056,1611.0,185.058,120.0
1753769313351,06:08:33.351,kucoinfutures,SOL/USDT:USDT,185.055,8.0,185.027,120.0,185.056,1611.0,185.058,120.0
1753769313367,06:08:33.367,kucoinfutures,SOL/USDT:USDT,185.055,8.0,185.027,120.0,185.056,1611.0,185.058,120.0
1753769313374,06:08:33.374,kucoinfutures,SOL/USDT:USDT,185.055,8.0,185.027,120.0,185.056,1611.0,185.058,120.0
1753769313398,06:08:33.398,kucoinfutures,SOL/USDT:USDT,185.055,8.0,185.027,120.0,185.056,1611.0,185.058,120.0
1753769313405,06:08:33.405,kucoinfutures,SOL/USDT:USDT,185.055,8.0,185.027,120.0,185.056,1611.0,185.058,120.0
1753769313409,06:08:33.409,kucoinfutures,SOL/USDT:USDT,185.055,8.0,185.027,120.0,185.056,1611.0,185.058,120.0
1753769313419,06:08:33.419,kucoinfutures,SOL/USDT:USDT,185.055,8.0,185.027,120.0,185.056,1611.0,185.058,120.0
1753769313424,06:08:33.424,kucoinfutures,SOL/USDT:USDT,185.055,8.0,185.027,120.0,185.056,1611.0,185.058,120.0
1753769313436,06:08:33.436,kucoinfutures,SOL/USDT:USDT,185.055,8.0,185.027,120.0,185.056,1611.0,185.058,120.0
1753769313444,06:08:33.444,kucoinfutures,SOL/USDT:USDT,185.055,8.0,185.027,120.0,185.056,1611.0,185.058,120.0
1753769313452,06:08:33.452,kucoinfutures,SOL/USDT:USDT,185.055,8.0,185.027,120.0,185.056,1611.0,185.058,120.0
1753769313455,06:08:33.455,kucoinfutures,SOL/USDT:USDT,185.055,8.0,185.027,120.0,185.056,1611.0,185.058,120.0
1753769313457,06:08:33.457,kucoinfutures,SOL/USDT:USDT,185.055,8.0,185.026,66.0,185.056,1611.0,185.058,120.0
1753769313458,06:08:33.458,kucoinfutures,SOL/USDT:USDT,185.055,8.0,185.026,66.0,185.056,1611.0,185.058,120.0
1753769313458,06:08:33.458,kucoinfutures,SOL/USDT:USDT,185.055,8.0,185.026,66.0,185.056,1611.0,185.058,120.0
1753769313458,06:08:33.458,kucoinfutures,SOL/USDT:USDT,185.026,66.0,185.022,3.0,185.056,1611.0,185.058,120.0
1753769313459,06:08:33.459,kucoinfutures,SOL/USDT:USDT,185.026,66.0,185.022,3.0,185.056,1611.0,185.058,120.0
1753769313460,06:08:33.460,kucoinfutures,SOL/USDT:USDT,185.026,66.0,185.022,3.0,185.056,1611.0,185.058,120.0
1753769313460,06:08:33.460,kucoinfutures,SOL/USDT:USDT,185.026,66.0,185.022,3.0,185.027,5.0,185.056,1611.0
1753769313461,06:08:33.461,kucoinfutures,SOL/USDT:USDT,185.022,3.0,185.018,12.0,185.027,5.0,185.028,136.0
1753769313461,06:08:33.461,kucoinfutures,SOL/USDT:USDT,185.022,6.0,185.018,12.0,185.023,5.0,185.027,5.0
1753769313462,06:08:33.462,kucoinfutures,SOL/USDT:USDT,185.022,6.0,185.015,66.0,185.023,5.0,185.027,5.0
1753769313462,06:08:33.462,kucoinfutures,SOL/USDT:USDT,185.022,6.0,185.015,66.0,185.023,5.0,185.027,5.0
1753769313463,06:08:33.463,kucoinfutures,SOL/USDT:USDT,185.022,6.0,185.015,66.0,185.023,5.0,185.027,5.0
1753769313463,06:08:33.463,kucoinfutures,SOL/USDT:USDT,185.022,6.0,185.015,66.0,185.023,5.0,185.027,5.0
1753769313463,06:08:33.463,kucoinfutures,SOL/USDT:USDT,185.022,6.0,185.015,66.0,185.023,5.0,185.027,5.0
1753769313463,06:08:33.463,kucoinfutures,SOL/USDT:USDT,185.022,6.0,185.015,66.0,185.023,5.0,185.027,5.0
1753769313463,06:08:33.463,kucoinfutures,SOL/USDT:USDT,185.022,6.0,185.015,66.0,185.023,5.0,185.027,283.0
1753769313463,06:08:33.463,kucoinfutures,SOL/USDT:USDT,185.022,6.0,185.015,66.0,185.023,6.0,185.027,395.0
1753769313465,06:08:33.465,kucoinfutures,SOL/USDT:USDT,185.022,6.0,185.015,66.0,185.023,6.0,185.027,395.0
1753769313465,06:08:33.465,kucoinfutures,SOL/USDT:USDT,185.022,6.0,185.015,66.0,185.023,6.0,185.027,526.0
1753769313465,06:08:33.465,kucoinfutures,SOL/USDT:USDT,185.022,6.0,185.015,66.0,185.023,6.0,185.027,715.0
1753769313465,06:08:33.465,kucoinfutures,SOL/USDT:USDT,185.022,6.0,185.015,66.0,185.023,6.0,185.027,715.0
1753769313465,06:08:33.465,kucoinfutures,SOL/USDT:USDT,185.022,6.0,185.015,66.0,185.023,192.0,185.027,715.0
1753769313465,06:08:33.465,kucoinfutures,SOL/USDT:USDT,185.022,6.0,185.016,66.0,185.023,192.0,185.027,835.0
1753769313465,06:08:33.465,kucoinfutures,SOL/USDT:USDT,185.022,6.0,185.016,66.0,185.023,192.0,185.027,630.0
1753769313465,06:08:33.465,kucoinfutures,SOL/USDT:USDT,185.022,6.0,185.016,66.0,185.023,192.0,185.027,625.0
1753769313467,06:08:33.467,kucoinfutures,SOL/USDT:USDT,185.022,6.0,185.016,66.0,185.023,315.0,185.027,625.0
1753769313467,06:08:33.467,kucoinfutures,SOL/USDT:USDT,185.022,6.0,185.016,66.0,185.023,315.0,185.027,439.0
1753769313467,06:08:33.467,kucoinfutures,SOL/USDT:USDT,185.022,6.0,185.016,66.0,185.023,612.0,185.027,439.0
1753769313467,06:08:33.467,kucoinfutures,SOL/USDT:USDT,185.022,6.0,185.016,66.0,185.023,612.0,185.027,254.0
1753769313469,06:08:33.469,kucoinfutures,SOL/USDT:USDT,185.022,6.0,185.014,66.0,185.023,612.0,185.027,254.0
1753769313469,06:08:33.469,kucoinfutures,SOL/USDT:USDT,185.022,6.0,185.014,66.0,185.023,612.0,185.027,254.0
1753769313469,06:08:33.469,kucoinfutures,SOL/USDT:USDT,185.022,6.0,185.014,66.0,185.023,612.0,185.027,254.0
1753769313470,06:08:33.470,kucoinfutures,SOL/USDT:USDT,185.022,6.0,185.014,66.0,185.023,612.0,185.027,251.0
1753769313471,06:08:33.471,kucoinfutures,SOL/USDT:USDT,185.022,6.0,185.014,66.0,185.023,612.0,185.026,134.0
1753769313478,06:08:33.478,kucoinfutures,SOL/USDT:USDT,185.022,6.0,185.014,66.0,185.023,612.0,185.026,134.0
1753769313480,06:08:33.480,kucoinfutures,SOL/USDT:USDT,185.022,6.0,185.014,66.0,185.023,612.0,185.026,70.0
1753769313488,06:08:33.488,kucoinfutures,SOL/USDT:USDT,185.022,6.0,185.014,66.0,185.023,611.0,185.027,120.0
1753769313488,06:08:33.488,kucoinfutures,SOL/USDT:USDT,185.022,6.0,185.014,66.0,185.023,611.0,185.027,120.0
1753769313494,06:08:33.494,kucoinfutures,SOL/USDT:USDT,185.022,6.0,185.014,66.0,185.023,611.0,185.027,120.0
1753769313496,06:08:33.496,kucoinfutures,SOL/USDT:USDT,185.022,6.0,185.014,66.0,185.023,426.0,185.027,120.0
1753769313499,06:08:33.499,kucoinfutures,SOL/USDT:USDT,185.022,6.0,185.014,66.0,185.023,426.0,185.027,120.0
1753769313500,06:08:33.500,kucoinfutures,SOL/USDT:USDT,185.022,6.0,185.014,66.0,185.023,426.0,185.027,120.0
1753769313503,06:08:33.503,kucoinfutures,SOL/USDT:USDT,185.022,6.0,185.012,135.0,185.023,426.0,185.027,120.0
1753769313510,06:08:33.510,kucoinfutures,SOL/USDT:USDT,185.022,12.0,185.012,135.0,185.023,426.0,185.027,120.0
1753769313512,06:08:33.512,kucoinfutures,SOL/USDT:USDT,185.022,12.0,185.012,135.0,185.023,426.0,185.027,120.0
1753769313514,06:08:33.514,kucoinfutures,SOL/USDT:USDT,185.022,12.0,185.012,135.0,185.023,426.0,185.027,120.0
1753769313514,06:08:33.514,kucoinfutures,SOL/USDT:USDT,185.022,12.0,185.012,135.0,185.023,426.0,185.032,56.0
1753769313514,06:08:33.514,kucoinfutures,SOL/USDT:USDT,185.022,12.0,185.012,135.0,185.023,426.0,185.028,263.0
1753769313515,06:08:33.515,kucoinfutures,SOL/USDT:USDT,185.022,12.0,185.012,135.0,185.023,663.0,185.028,263.0
1753769313518,06:08:33.518,kucoinfutures,SOL/USDT:USDT,185.022,12.0,185.012,135.0,185.023,663.0,185.027,79.0
1753769313519,06:08:33.519,kucoinfutures,SOL/USDT:USDT,185.022,12.0,185.012,135.0,185.023,663.0,185.027,79.0
1753769313519,06:08:33.519,kucoinfutures,SOL/USDT:USDT,185.022,12.0,185.012,135.0,185.023,663.0,185.027,79.0
1753769313523,06:08:33.523,kucoinfutures,SOL/USDT:USDT,185.022,12.0,185.012,135.0,185.023,663.0,185.027,79.0
1753769313524,06:08:33.524,kucoinfutures,SOL/USDT:USDT,185.022,12.0,185.012,135.0,185.023,663.0,185.027,79.0
1753769313526,06:08:33.526,kucoinfutures,SOL/USDT:USDT,185.022,12.0,185.012,135.0,185.023,663.0,185.027,79.0
1753769313526,06:08:33.526,kucoinfutures,SOL/USDT:USDT,185.022,12.0,185.012,135.0,185.023,663.0,185.027,79.0
1753769313527,06:08:33.527,kucoinfutures,SOL/USDT:USDT,185.022,12.0,185.012,135.0,185.023,663.0,185.027,79.0
1753769313529,06:08:33.529,kucoinfutures,SOL/USDT:USDT,185.022,12.0,185.012,135.0,185.023,663.0,185.027,79.0
1753769313541,06:08:33.541,kucoinfutures,SOL/USDT:USDT,185.022,12.0,185.012,135.0,185.023,663.0,185.027,79.0
1753769313545,06:08:33.545,kucoinfutures,SOL/USDT:USDT,185.022,12.0,185.012,135.0,185.023,663.0,185.027,79.0
1753769313551,06:08:33.551,kucoinfutures,SOL/USDT:USDT,185.022,12.0,185.012,135.0,185.023,663.0,185.027,79.0
1753769313551,06:08:33.551,kucoinfutures,SOL/USDT:USDT,185.022,12.0,185.012,135.0,185.023,663.0,185.027,79.0
1753769313553,06:08:33.553,kucoinfutures,SOL/USDT:USDT,185.022,12.0,185.012,135.0,185.023,663.0,185.027,79.0
1753769313554,06:08:33.554,kucoinfutures,SOL/USDT:USDT,185.022,12.0,185.012,135.0,185.023,663.0,185.027,79.0
1753769313561,06:08:33.561,kucoinfutures,SOL/USDT:USDT,185.022,12.0,185.012,135.0,185.023,663.0,185.027,79.0
1753769313563,06:08:33.563,kucoinfutures,SOL/USDT:USDT,185.022,12.0,185.012,135.0,185.023,663.0,185.027,79.0
1753769313569,06:08:33.569,kucoinfutures,SOL/USDT:USDT,185.022,12.0,185.012,135.0,185.023,663.0,185.027,79.0
1753769313570,06:08:33.570,kucoinfutures,SOL/USDT:USDT,185.022,12.0,185.012,135.0,185.023,663.0,185.027,79.0
1753769313575,06:08:33.575,kucoinfutures,SOL/USDT:USDT,185.022,12.0,185.012,135.0,185.023,663.0,185.027,79.0
1753769313580,06:08:33.580,kucoinfutures,SOL/USDT:USDT,185.022,9.0,185.012,135.0,185.023,663.0,185.027,79.0
1753769313584,06:08:33.584,kucoinfutures,SOL/USDT:USDT,185.022,9.0,185.012,135.0,185.023,663.0,185.027,79.0
1753769313594,06:08:33.594,kucoinfutures,SOL/USDT:USDT,185.022,129.0,185.012,135.0,185.023,663.0,185.027,79.0
1753769313599,06:08:33.599,kucoinfutures,SOL/USDT:USDT,185.022,129.0,185.012,135.0,185.023,663.0,185.027,79.0
1753769313617,06:08:33.617,kucoinfutures,SOL/USDT:USDT,185.022,129.0,185.012,135.0,185.023,663.0,185.027,79.0
1753769313625,06:08:33.625,kucoinfutures,SOL/USDT:USDT,185.022,129.0,185.012,135.0,185.023,663.0,185.027,79.0
1753769313641,06:08:33.641,kucoinfutures,SOL/USDT:USDT,185.022,129.0,185.012,135.0,185.023,663.0,185.027,79.0
1753769313656,06:08:33.656,kucoinfutures,SOL/USDT:USDT,185.022,129.0,185.012,135.0,185.023,663.0,185.027,79.0
1753769313672,06:08:33.672,kucoinfutures,SOL/USDT:USDT,185.022,241.0,185.012,135.0,185.023,543.0,185.027,79.0
1753769313677,06:08:33.677,kucoinfutures,SOL/USDT:USDT,185.022,241.0,185.012,135.0,185.023,543.0,185.027,79.0
1753769313683,06:08:33.683,kucoinfutures,SOL/USDT:USDT,185.022,241.0,185.012,135.0,185.023,543.0,185.027,79.0
1753769313702,06:08:33.702,kucoinfutures,SOL/USDT:USDT,185.022,241.0,185.012,135.0,185.023,543.0,185.027,79.0
1753769313722,06:08:33.722,kucoinfutures,SOL/USDT:USDT,185.022,241.0,185.012,135.0,185.023,543.0,185.027,79.0
1753769313725,06:08:33.725,kucoinfutures,SOL/USDT:USDT,185.022,241.0,185.012,135.0,185.023,543.0,185.027,79.0
1753769313728,06:08:33.728,kucoinfutures,SOL/USDT:USDT,185.022,241.0,185.012,135.0,185.023,543.0,185.027,79.0
1753769313734,06:08:33.734,kucoinfutures,SOL/USDT:USDT,185.022,241.0,185.012,135.0,185.023,543.0,185.027,79.0
1753769313755,06:08:33.755,kucoinfutures,SOL/USDT:USDT,185.022,241.0,185.012,135.0,185.023,543.0,185.027,79.0
1753769313761,06:08:33.761,kucoinfutures,SOL/USDT:USDT,185.022,241.0,185.012,135.0,185.023,543.0,185.027,79.0
1753769313764,06:08:33.764,kucoinfutures,SOL/USDT:USDT,185.022,241.0,185.012,135.0,185.023,543.0,185.027,79.0
1753769313781,06:08:33.781,kucoinfutures,SOL/USDT:USDT,185.022,241.0,185.012,135.0,185.023,543.0,185.027,79.0
1753769313782,06:08:33.782,kucoinfutures,SOL/USDT:USDT,185.022,241.0,185.012,135.0,185.023,431.0,185.027,79.0
1753769313783,06:08:33.783,kucoinfutures,SOL/USDT:USDT,185.022,427.0,185.012,135.0,185.023,431.0,185.027,79.0
1753769313794,06:08:33.794,kucoinfutures,SOL/USDT:USDT,185.022,512.0,185.012,3.0,185.023,431.0,185.027,79.0
1753769313805,06:08:33.805,kucoinfutures,SOL/USDT:USDT,185.022,512.0,185.012,69.0,185.023,431.0,185.027,79.0
1753769313812,06:08:33.812,kucoinfutures,SOL/USDT:USDT,185.022,512.0,185.012,135.0,185.023,245.0,185.027,79.0
1753769313812,06:08:33.812,kucoinfutures,SOL/USDT:USDT,185.022,512.0,185.012,135.0,185.023,245.0,185.027,79.0
1753769313819,06:08:33.819,kucoinfutures,SOL/USDT:USDT,185.022,512.0,185.012,135.0,185.023,245.0,185.027,79.0
1753769313825,06:08:33.825,kucoinfutures,SOL/USDT:USDT,185.022,512.0,185.012,135.0,185.023,245.0,185.027,79.0
1753769313826,06:08:33.826,kucoinfutures,SOL/USDT:USDT,185.022,512.0,185.012,135.0,185.023,245.0,185.027,79.0
1753769313829,06:08:33.829,kucoinfutures,SOL/USDT:USDT,185.022,512.0,185.012,135.0,185.023,8.0,185.027,79.0
1753769313831,06:08:33.831,kucoinfutures,SOL/USDT:USDT,185.022,512.0,185.012,135.0,185.023,8.0,185.027,79.0
1753769313838,06:08:33.838,kucoinfutures,SOL/USDT:USDT,185.022,512.0,185.012,135.0,185.023,8.0,185.027,79.0
1753769313848,06:08:33.848,kucoinfutures,SOL/USDT:USDT,185.022,512.0,185.012,135.0,185.023,8.0,185.027,79.0
1753769313852,06:08:33.852,kucoinfutures,SOL/USDT:USDT,185.022,512.0,185.012,135.0,185.023,8.0,185.027,79.0
1753769313855,06:08:33.855,kucoinfutures,SOL/USDT:USDT,185.022,512.0,185.012,135.0,185.023,8.0,185.027,79.0
1753769313863,06:08:33.863,kucoinfutures,SOL/USDT:USDT,185.022,512.0,185.012,135.0,185.023,8.0,185.027,79.0
1753769313864,06:08:33.864,kucoinfutures,SOL/USDT:USDT,185.022,512.0,185.012,135.0,185.023,8.0,185.027,79.0
1753769313889,06:08:33.889,kucoinfutures,SOL/USDT:USDT,185.022,512.0,185.012,135.0,185.023,8.0,185.027,79.0
1753769313915,06:08:33.915,kucoinfutures,SOL/USDT:USDT,185.022,512.0,185.012,135.0,185.023,8.0,185.027,79.0
1753769313935,06:08:33.935,kucoinfutures,SOL/USDT:USDT,185.022,512.0,185.012,135.0,185.023,8.0,185.027,79.0
1753769313937,06:08:33.937,kucoinfutures,SOL/USDT:USDT,185.022,512.0,185.012,135.0,185.023,8.0,185.027,79.0
1753769313941,06:08:33.941,kucoinfutures,SOL/USDT:USDT,185.022,512.0,185.012,135.0,185.023,8.0,185.027,79.0
1753769313945,06:08:33.945,kucoinfutures,SOL/USDT:USDT,185.022,512.0,185.013,12.0,185.023,8.0,185.027,79.0
1753769313960,06:08:33.960,kucoinfutures,SOL/USDT:USDT,185.022,512.0,185.013,12.0,185.023,8.0,185.027,79.0
1753769313973,06:08:33.973,kucoinfutures,SOL/USDT:USDT,185.022,512.0,185.013,12.0,185.023,8.0,185.031,155.0
1753769313981,06:08:33.981,kucoinfutures,SOL/USDT:USDT,185.022,512.0,185.013,12.0,185.023,8.0,185.031,155.0
1753769313986,06:08:33.986,kucoinfutures,SOL/USDT:USDT,185.022,512.0,185.013,12.0,185.023,8.0,185.031,155.0
1753769313988,06:08:33.988,kucoinfutures,SOL/USDT:USDT,185.022,512.0,185.013,12.0,185.023,8.0,185.031,155.0
1753769313992,06:08:33.992,kucoinfutures,SOL/USDT:USDT,185.022,512.0,185.013,12.0,185.023,8.0,185.031,155.0
1753769314002,06:08:34.002,kucoinfutures,SOL/USDT:USDT,185.022,512.0,185.013,12.0,185.023,8.0,185.031,155.0
1753769314005,06:08:34.005,kucoinfutures,SOL/USDT:USDT,185.022,512.0,185.013,12.0,185.023,8.0,185.031,155.0
1753769314007,06:08:34.007,kucoinfutures,SOL/USDT:USDT,185.022,512.0,185.013,12.0,185.023,8.0,185.031,155.0
1753769314011,06:08:34.011,kucoinfutures,SOL/USDT:USDT,185.022,512.0,185.013,12.0,185.023,8.0,185.031,155.0
1753769314014,06:08:34.014,kucoinfutures,SOL/USDT:USDT,185.022,512.0,185.013,12.0,185.023,8.0,185.031,155.0
1753769314018,06:08:34.018,kucoinfutures,SOL/USDT:USDT,185.022,512.0,185.013,12.0,185.023,8.0,185.031,155.0
1753769314026,06:08:34.026,kucoinfutures,SOL/USDT:USDT,185.022,512.0,185.013,12.0,185.023,8.0,185.031,155.0
1753769314033,06:08:34.033,kucoinfutures,SOL/USDT:USDT,185.022,512.0,185.013,12.0,185.023,8.0,185.031,155.0
1753769314038,06:08:34.038,kucoinfutures,SOL/USDT:USDT,185.022,512.0,185.013,12.0,185.023,8.0,185.031,155.0
1753769314044,06:08:34.044,kucoinfutures,SOL/USDT:USDT,185.022,512.0,185.013,12.0,185.023,8.0,185.031,155.0
1753769314045,06:08:34.045,kucoinfutures,SOL/USDT:USDT,185.022,512.0,185.013,12.0,185.023,8.0,185.031,155.0
1753769314064,06:08:34.064,kucoinfutures,SOL/USDT:USDT,185.022,512.0,185.013,12.0,185.023,8.0,185.031,155.0
1753769314070,06:08:34.070,kucoinfutures,SOL/USDT:USDT,185.022,512.0,185.013,12.0,185.023,8.0,185.031,155.0
1753769314071,06:08:34.071,kucoinfutures,SOL/USDT:USDT,185.022,512.0,185.013,12.0,185.023,8.0,185.031,155.0
1753769314075,06:08:34.075,kucoinfutures,SOL/USDT:USDT,185.022,512.0,185.013,12.0,185.023,8.0,185.031,155.0
1753769314089,06:08:34.089,kucoinfutures,SOL/USDT:USDT,185.022,512.0,185.013,12.0,185.023,8.0,185.031,155.0
1753769314096,06:08:34.096,kucoinfutures,SOL/USDT:USDT,185.022,512.0,185.013,12.0,185.023,8.0,185.031,155.0
1753769314115,06:08:34.115,kucoinfutures,SOL/USDT:USDT,185.022,512.0,185.013,12.0,185.023,8.0,185.031,155.0
1753769314116,06:08:34.116,kucoinfutures,SOL/USDT:USDT,185.022,512.0,185.013,12.0,185.023,8.0,185.031,155.0
1753769314121,06:08:34.121,kucoinfutures,SOL/USDT:USDT,185.022,512.0,185.013,12.0,185.023,8.0,185.031,155.0
1753769314123,06:08:34.123,kucoinfutures,SOL/USDT:USDT,185.022,512.0,185.013,12.0,185.023,8.0,185.031,155.0
1753769314147,06:08:34.147,kucoinfutures,SOL/USDT:USDT,185.022,512.0,185.013,12.0,185.023,8.0,185.031,155.0
1753769314168,06:08:34.168,kucoinfutures,SOL/USDT:USDT,185.022,512.0,185.013,12.0,185.023,8.0,185.031,155.0
1753769314172,06:08:34.172,kucoinfutures,SOL/USDT:USDT,185.022,512.0,185.013,12.0,185.023,8.0,185.031,155.0
1753769314173,06:08:34.173,kucoinfutures,SOL/USDT:USDT,185.022,512.0,185.013,12.0,185.023,8.0,185.031,155.0
1753769314174,06:08:34.174,kucoinfutures,SOL/USDT:USDT,185.022,512.0,185.013,12.0,185.023,8.0,185.031,155.0
1753769314194,06:08:34.194,kucoinfutures,SOL/USDT:USDT,185.022,512.0,185.013,12.0,185.023,8.0,185.031,155.0
1753769314199,06:08:34.199,kucoinfutures,SOL/USDT:USDT,185.022,512.0,185.013,12.0,185.023,8.0,185.031,155.0
1753769314219,06:08:34.219,kucoinfutures,SOL/USDT:USDT,185.022,512.0,185.013,12.0,185.023,8.0,185.031,155.0
1753769314224,06:08:34.224,kucoinfutures,SOL/USDT:USDT,185.022,512.0,185.013,12.0,185.023,8.0,185.031,155.0
1753769314226,06:08:34.226,kucoinfutures,SOL/USDT:USDT,185.022,512.0,185.013,12.0,185.023,8.0,185.031,155.0
1753769314227,06:08:34.227,kucoinfutures,SOL/USDT:USDT,185.022,512.0,185.013,12.0,185.023,194.0,185.031,155.0
1753769314229,06:08:34.229,kucoinfutures,SOL/USDT:USDT,185.022,512.0,185.013,12.0,185.023,194.0,185.031,155.0
1753769314244,06:08:34.244,kucoinfutures,SOL/USDT:USDT,185.022,512.0,185.013,12.0,185.023,194.0,185.031,155.0
1753769314247,06:08:34.247,kucoinfutures,SOL/USDT:USDT,185.022,326.0,185.013,12.0,185.023,194.0,185.031,155.0
1753769314250,06:08:34.250,kucoinfutures,SOL/USDT:USDT,185.022,326.0,185.013,12.0,185.023,194.0,185.031,155.0
1753769314251,06:08:34.251,kucoinfutures,SOL/USDT:USDT,185.022,326.0,185.013,12.0,185.023,194.0,185.031,155.0
1753769314269,06:08:34.269,kucoinfutures,SOL/USDT:USDT,185.022,326.0,185.013,12.0,185.023,194.0,185.031,155.0
1753769314270,06:08:34.270,kucoinfutures,SOL/USDT:USDT,185.022,326.0,185.013,12.0,185.023,194.0,185.031,155.0
1753769314271,06:08:34.271,kucoinfutures,SOL/USDT:USDT,185.022,326.0,185.013,12.0,185.023,194.0,185.031,155.0
1753769314276,06:08:34.276,kucoinfutures,SOL/USDT:USDT,185.022,326.0,185.013,12.0,185.023,194.0,185.031,155.0
1753769314280,06:08:34.280,kucoinfutures,SOL/USDT:USDT,185.022,326.0,185.013,12.0,185.023,194.0,185.031,155.0
1753769314291,06:08:34.291,kucoinfutures,SOL/USDT:USDT,185.022,326.0,185.013,12.0,185.023,194.0,185.031,155.0
1753769314296,06:08:34.296,kucoinfutures,SOL/USDT:USDT,185.022,326.0,185.013,12.0,185.023,194.0,185.031,155.0
1753769314302,06:08:34.302,kucoinfutures,SOL/USDT:USDT,185.022,326.0,185.013,12.0,185.023,194.0,185.031,155.0
1753769314322,06:08:34.322,kucoinfutures,SOL/USDT:USDT,185.022,326.0,185.013,12.0,185.023,194.0,185.031,155.0
1753769314328,06:08:34.328,kucoinfutures,SOL/USDT:USDT,185.022,326.0,185.013,12.0,185.023,194.0,185.031,155.0
1753769314348,06:08:34.348,kucoinfutures,SOL/USDT:USDT,185.022,326.0,185.013,12.0,185.023,194.0,185.031,155.0
1753769314370,06:08:34.370,kucoinfutures,SOL/USDT:USDT,185.022,326.0,185.013,12.0,185.023,194.0,185.031,155.0
1753769314374,06:08:34.374,kucoinfutures,SOL/USDT:USDT,185.022,326.0,185.013,12.0,185.023,194.0,185.031,155.0
1753769314380,06:08:34.380,kucoinfutures,SOL/USDT:USDT,185.022,326.0,185.013,12.0,185.023,194.0,185.031,155.0
1753769314399,06:08:34.399,kucoinfutures,SOL/USDT:USDT,185.022,326.0,185.013,12.0,185.023,194.0,185.031,155.0
1753769314405,06:08:34.405,kucoinfutures,SOL/USDT:USDT,185.022,326.0,185.013,12.0,185.023,194.0,185.031,155.0
1753769314431,06:08:34.431,kucoinfutures,SOL/USDT:USDT,185.022,326.0,185.013,12.0,185.023,194.0,185.031,155.0
1753769314451,06:08:34.451,kucoinfutures,SOL/USDT:USDT,185.022,326.0,185.013,12.0,185.023,194.0,185.031,155.0
1753769314461,06:08:34.461,kucoinfutures,SOL/USDT:USDT,185.022,326.0,185.013,12.0,185.023,194.0,185.031,155.0
1753769314464,06:08:34.464,kucoinfutures,SOL/USDT:USDT,185.022,326.0,185.013,12.0,185.023,194.0,185.031,155.0
1753769314467,06:08:34.467,kucoinfutures,SOL/USDT:USDT,185.022,512.0,185.013,12.0,185.023,194.0,185.031,155.0
1753769314471,06:08:34.471,kucoinfutures,SOL/USDT:USDT,185.022,512.0,185.013,12.0,185.023,194.0,185.031,155.0
1753769314476,06:08:34.476,kucoinfutures,SOL/USDT:USDT,185.022,512.0,185.013,12.0,185.023,194.0,185.031,155.0
1753769314482,06:08:34.482,kucoinfutures,SOL/USDT:USDT,185.022,512.0,185.013,12.0,185.023,194.0,185.031,155.0
1753769314485,06:08:34.485,kucoinfutures,SOL/USDT:USDT,185.022,512.0,185.013,12.0,185.023,194.0,185.031,155.0
1753769314502,06:08:34.502,kucoinfutures,SOL/USDT:USDT,185.022,512.0,185.013,12.0,185.023,194.0,185.031,155.0
1753769314508,06:08:34.508,kucoinfutures,SOL/USDT:USDT,185.022,512.0,185.013,12.0,185.023,194.0,185.031,155.0
1753769314528,06:08:34.528,kucoinfutures,SOL/USDT:USDT,185.022,512.0,185.013,12.0,185.023,194.0,185.031,155.0
1753769314533,06:08:34.533,kucoinfutures,SOL/USDT:USDT,185.022,512.0,185.013,12.0,185.023,194.0,185.031,155.0
1753769314554,06:08:34.554,kucoinfutures,SOL/USDT:USDT,185.022,512.0,185.013,12.0,185.023,194.0,185.031,155.0
1753769314560,06:08:34.560,kucoinfutures,SOL/USDT:USDT,185.022,512.0,185.013,12.0,185.023,194.0,185.031,155.0
1753769314564,06:08:34.564,kucoinfutures,SOL/USDT:USDT,185.022,509.0,185.013,12.0,185.023,194.0,185.031,155.0
1753769314575,06:08:34.575,kucoinfutures,SOL/USDT:USDT,185.022,509.0,185.013,12.0,185.023,194.0,185.031,155.0
1753769314576,06:08:34.576,kucoinfutures,SOL/USDT:USDT,185.022,509.0,185.013,12.0,185.023,194.0,185.031,155.0
1753769314578,06:08:34.578,kucoinfutures,SOL/USDT:USDT,185.022,509.0,185.013,12.0,185.023,194.0,185.031,155.0
1753769314580,06:08:34.580,kucoinfutures,SOL/USDT:USDT,185.022,509.0,185.013,12.0,185.023,194.0,185.031,155.0
1753769314582,06:08:34.582,kucoinfutures,SOL/USDT:USDT,185.022,509.0,185.013,132.0,185.023,194.0,185.031,155.0
1753769314586,06:08:34.586,kucoinfutures,SOL/USDT:USDT,185.022,509.0,185.013,132.0,185.023,194.0,185.031,155.0
1753769314603,06:08:34.603,kucoinfutures,SOL/USDT:USDT,185.022,509.0,185.013,132.0,185.023,194.0,185.031,155.0
1753769314604,06:08:34.604,kucoinfutures,SOL/USDT:USDT,185.022,509.0,185.013,132.0,185.023,194.0,185.031,155.0
1753769314605,06:08:34.605,kucoinfutures,SOL/USDT:USDT,185.022,509.0,185.014,66.0,185.023,194.0,185.031,155.0
1753769314608,06:08:34.608,kucoinfutures,SOL/USDT:USDT,185.022,509.0,185.014,66.0,185.023,194.0,185.031,155.0
1753769314611,06:08:34.611,kucoinfutures,SOL/USDT:USDT,185.022,509.0,185.014,66.0,185.023,194.0,185.031,155.0
1753769314630,06:08:34.630,kucoinfutures,SOL/USDT:USDT,185.022,509.0,185.014,66.0,185.023,194.0,185.031,155.0
1753769314636,06:08:34.636,kucoinfutures,SOL/USDT:USDT,185.022,509.0,185.014,66.0,185.023,194.0,185.031,155.0
1753769314647,06:08:34.647,kucoinfutures,SOL/USDT:USDT,185.022,509.0,185.014,66.0,185.023,194.0,185.031,155.0
1753769314657,06:08:34.657,kucoinfutures,SOL/USDT:USDT,185.022,509.0,185.014,66.0,185.023,194.0,185.031,155.0
1753769314663,06:08:34.663,kucoinfutures,SOL/USDT:USDT,185.022,509.0,185.014,66.0,185.023,194.0,185.031,155.0
1753769314689,06:08:34.689,kucoinfutures,SOL/USDT:USDT,185.022,509.0,185.014,66.0,185.023,194.0,185.031,155.0
1753769314708,06:08:34.708,kucoinfutures,SOL/USDT:USDT,185.022,509.0,185.014,66.0,185.023,194.0,185.031,155.0
1753769314713,06:08:34.713,kucoinfutures,SOL/USDT:USDT,185.022,509.0,185.014,66.0,185.023,194.0,185.031,155.0
1753769314735,06:08:34.735,kucoinfutures,SOL/USDT:USDT,185.022,509.0,185.014,66.0,185.023,194.0,185.031,155.0
1753769314740,06:08:34.740,kucoinfutures,SOL/USDT:USDT,185.022,509.0,185.014,66.0,185.023,194.0,185.031,155.0
1753769314752,06:08:34.752,kucoinfutures,SOL/USDT:USDT,185.022,509.0,185.014,66.0,185.023,194.0,185.031,155.0
1753769314759,06:08:34.759,kucoinfutures,SOL/USDT:USDT,185.022,509.0,185.014,66.0,185.023,194.0,185.031,155.0
1753769314765,06:08:34.765,kucoinfutures,SOL/USDT:USDT,185.022,509.0,185.014,66.0,185.023,194.0,185.031,155.0
1753769314786,06:08:34.786,kucoinfutures,SOL/USDT:USDT,185.022,509.0,185.014,66.0,185.023,194.0,185.031,155.0
1753769314791,06:08:34.791,kucoinfutures,SOL/USDT:USDT,185.022,509.0,185.014,66.0,185.023,194.0,185.031,155.0
1753769314817,06:08:34.817,kucoinfutures,SOL/USDT:USDT,185.022,509.0,185.014,66.0,185.023,194.0,185.031,155.0
1753769314818,06:08:34.818,kucoinfutures,SOL/USDT:USDT,185.022,509.0,185.014,66.0,185.023,194.0,185.031,155.0
1753769314827,06:08:34.827,kucoinfutures,SOL/USDT:USDT,185.022,509.0,185.014,66.0,185.023,194.0,185.031,155.0
1753769314830,06:08:34.830,kucoinfutures,SOL/USDT:USDT,185.022,509.0,185.014,66.0,185.023,194.0,185.031,155.0
1753769314838,06:08:34.838,kucoinfutures,SOL/USDT:USDT,185.022,509.0,185.014,66.0,185.023,194.0,185.031,155.0
1753769314840,06:08:34.840,kucoinfutures,SOL/USDT:USDT,185.022,509.0,185.014,66.0,185.023,194.0,185.031,155.0
1753769314842,06:08:34.842,kucoinfutures,SOL/USDT:USDT,185.022,509.0,185.014,66.0,185.023,194.0,185.031,155.0
1753769314845,06:08:34.845,kucoinfutures,SOL/USDT:USDT,185.022,509.0,185.014,66.0,185.023,194.0,185.031,155.0
1753769314847,06:08:34.847,kucoinfutures,SOL/USDT:USDT,185.022,509.0,185.014,66.0,185.023,194.0,185.031,155.0
1753769314863,06:08:34.863,kucoinfutures,SOL/USDT:USDT,185.022,509.0,185.014,66.0,185.023,194.0,185.031,155.0
1753769314870,06:08:34.870,kucoinfutures,SOL/USDT:USDT,185.022,509.0,185.014,66.0,185.023,194.0,185.031,155.0
1753769314871,06:08:34.871,kucoinfutures,SOL/USDT:USDT,185.022,509.0,185.014,66.0,185.023,194.0,185.031,155.0
1753769314887,06:08:34.887,kucoinfutures,SOL/USDT:USDT,185.022,509.0,185.014,66.0,185.023,194.0,185.031,155.0
1753769314895,06:08:34.895,kucoinfutures,SOL/USDT:USDT,185.022,509.0,185.014,66.0,185.023,194.0,185.031,155.0
1753769314914,06:08:34.914,kucoinfutures,SOL/USDT:USDT,185.022,509.0,185.014,66.0,185.023,194.0,185.031,155.0
1753769314919,06:08:34.919,kucoinfutures,SOL/USDT:USDT,185.022,509.0,185.014,66.0,185.023,194.0,185.031,155.0
1753769314940,06:08:34.940,kucoinfutures,SOL/USDT:USDT,185.022,509.0,185.014,66.0,185.023,194.0,185.031,155.0
1753769314947,06:08:34.947,kucoinfutures,SOL/USDT:USDT,185.022,509.0,185.014,66.0,185.023,194.0,185.031,155.0
1753769314972,06:08:34.972,kucoinfutures,SOL/USDT:USDT,185.022,509.0,185.014,66.0,185.023,194.0,185.031,155.0
1753769314992,06:08:34.992,kucoinfutures,SOL/USDT:USDT,185.022,509.0,185.014,66.0,185.023,194.0,185.031,155.0
1753769314995,06:08:34.995,kucoinfutures,SOL/USDT:USDT,185.022,768.0,185.014,66.0,185.023,194.0,185.031,155.0
1753769314997,06:08:34.997,kucoinfutures,SOL/USDT:USDT,185.022,768.0,185.014,66.0,185.023,8.0,185.031,155.0
1753769315003,06:08:35.003,kucoinfutures,SOL/USDT:USDT,185.022,768.0,185.014,66.0,185.023,165.0,185.031,155.0
1753769315005,06:08:35.005,kucoinfutures,SOL/USDT:USDT,185.022,768.0,185.014,66.0,185.023,8.0,185.031,155.0
1753769315008,06:08:35.008,kucoinfutures,SOL/USDT:USDT,185.022,768.0,185.014,66.0,185.031,155.0,185.032,331.0
1753769315008,06:08:35.008,kucoinfutures,SOL/USDT:USDT,185.022,768.0,185.014,66.0,185.031,155.0,185.032,331.0
1753769315009,06:08:35.009,kucoinfutures,SOL/USDT:USDT,185.022,768.0,185.014,66.0,185.031,155.0,185.032,331.0
1753769315009,06:08:35.009,kucoinfutures,SOL/USDT:USDT,185.03,19.0,185.023,120.0,185.031,155.0,185.032,331.0
1753769315011,06:08:35.011,kucoinfutures,SOL/USDT:USDT,185.03,290.0,185.023,120.0,185.031,155.0,185.032,331.0
1753769315011,06:08:35.011,kucoinfutures,SOL/USDT:USDT,185.03,290.0,185.023,120.0,185.031,155.0,185.032,331.0
1753769315011,06:08:35.011,kucoinfutures,SOL/USDT:USDT,185.03,392.0,185.023,120.0,185.032,331.0,185.041,31.0
1753769315013,06:08:35.013,kucoinfutures,SOL/USDT:USDT,185.03,392.0,185.023,120.0,185.031,99.0,185.032,331.0
1753769315013,06:08:35.013,kucoinfutures,SOL/USDT:USDT,185.03,504.0,185.023,186.0,185.031,99.0,185.032,331.0
1753769315014,06:08:35.014,kucoinfutures,SOL/USDT:USDT,185.03,504.0,185.023,186.0,185.031,99.0,185.032,331.0
1753769315015,06:08:35.015,kucoinfutures,SOL/USDT:USDT,185.03,631.0,185.024,7.0,185.031,106.0,185.032,331.0
1753769315016,06:08:35.016,kucoinfutures,SOL/USDT:USDT,185.03,527.0,185.024,7.0,185.031,121.0,185.032,331.0
1753769315018,06:08:35.018,kucoinfutures,SOL/USDT:USDT,185.03,341.0,185.023,120.0,185.031,121.0,185.032,331.0
1753769315019,06:08:35.019,kucoinfutures,SOL/USDT:USDT,185.03,453.0,185.023,120.0,185.031,121.0,185.032,331.0
1753769315020,06:08:35.020,kucoinfutures,SOL/USDT:USDT,185.03,453.0,185.023,120.0,185.031,307.0,185.032,331.0
1753769315022,06:08:35.022,kucoinfutures,SOL/USDT:USDT,185.03,453.0,185.023,120.0,185.031,307.0,185.032,331.0
1753769315025,06:08:35.025,kucoinfutures,SOL/USDT:USDT,185.03,453.0,185.023,120.0,185.031,307.0,185.032,331.0
1753769315030,06:08:35.030,kucoinfutures,SOL/USDT:USDT,185.03,453.0,185.023,120.0,185.031,307.0,185.032,331.0
1753769315036,06:08:35.036,kucoinfutures,SOL/USDT:USDT,185.03,453.0,185.023,120.0,185.031,307.0,185.032,331.0
1753769315050,06:08:35.050,kucoinfutures,SOL/USDT:USDT,185.03,453.0,185.023,120.0,185.031,307.0,185.032,331.0
1753769315060,06:08:35.060,kucoinfutures,SOL/USDT:USDT,185.03,453.0,185.023,120.0,185.031,307.0,185.032,331.0
1753769315060,06:08:35.060,kucoinfutures,SOL/USDT:USDT,185.03,453.0,185.023,120.0,185.031,307.0,185.032,331.0
1753769315066,06:08:35.066,kucoinfutures,SOL/USDT:USDT,185.03,453.0,185.023,120.0,185.031,307.0,185.032,331.0
1753769315067,06:08:35.067,kucoinfutures,SOL/USDT:USDT,185.03,453.0,185.023,120.0,185.031,307.0,185.041,31.0
1753769315067,06:08:35.067,kucoinfutures,SOL/USDT:USDT,185.03,453.0,185.025,262.0,185.031,307.0,185.041,31.0
1753769315069,06:08:35.069,kucoinfutures,SOL/USDT:USDT,185.03,453.0,185.025,262.0,185.031,307.0,185.041,31.0
1753769315070,06:08:35.070,kucoinfutures,SOL/USDT:USDT,185.03,453.0,185.025,262.0,185.031,307.0,185.041,31.0
1753769315071,06:08:35.071,kucoinfutures,SOL/USDT:USDT,185.03,453.0,185.025,262.0,185.031,307.0,185.041,31.0
1753769315073,06:08:35.073,kucoinfutures,SOL/USDT:USDT,185.03,453.0,185.025,262.0,185.031,307.0,185.041,31.0
1753769315075,06:08:35.075,kucoinfutures,SOL/USDT:USDT,185.03,453.0,185.025,262.0,185.031,307.0,185.041,31.0
1753769315078,06:08:35.078,kucoinfutures,SOL/USDT:USDT,185.03,453.0,185.025,262.0,185.031,121.0,185.041,31.0
1753769315095,06:08:35.095,kucoinfutures,SOL/USDT:USDT,185.03,453.0,185.025,262.0,185.031,121.0,185.041,31.0
1753769315099,06:08:35.099,kucoinfutures,SOL/USDT:USDT,185.03,453.0,185.025,262.0,185.031,121.0,185.041,31.0
1753769315101,06:08:35.101,kucoinfutures,SOL/USDT:USDT,185.03,453.0,185.025,262.0,185.031,121.0,185.041,31.0
1753769315110,06:08:35.110,kucoinfutures,SOL/USDT:USDT,185.03,453.0,185.025,262.0,185.031,121.0,185.041,31.0
1753769315110,06:08:35.110,kucoinfutures,SOL/USDT:USDT,185.03,453.0,185.025,262.0,185.031,121.0,185.041,31.0
1753769315121,06:08:35.121,kucoinfutures,SOL/USDT:USDT,185.03,453.0,185.025,262.0,185.031,121.0,185.041,31.0
1753769315127,06:08:35.127,kucoinfutures,SOL/USDT:USDT,185.03,453.0,185.025,262.0,185.031,121.0,185.041,31.0
1753769315145,06:08:35.145,kucoinfutures,SOL/USDT:USDT,185.03,453.0,185.025,262.0,185.031,121.0,185.041,31.0
1753769315152,06:08:35.152,kucoinfutures,SOL/USDT:USDT,185.03,453.0,185.025,262.0,185.031,121.0,185.041,31.0
1753769315156,06:08:35.156,kucoinfutures,SOL/USDT:USDT,185.03,453.0,185.025,262.0,185.031,307.0,185.041,31.0
1753769315169,06:08:35.169,kucoinfutures,SOL/USDT:USDT,185.03,453.0,185.025,262.0,185.031,307.0,185.041,31.0
1753769315173,06:08:35.173,kucoinfutures,SOL/USDT:USDT,185.03,453.0,185.025,262.0,185.031,307.0,185.041,31.0
1753769315173,06:08:35.173,kucoinfutures,SOL/USDT:USDT,185.03,453.0,185.025,262.0,185.031,307.0,185.041,31.0
1753769315177,06:08:35.177,kucoinfutures,SOL/USDT:USDT,185.03,453.0,185.025,262.0,185.031,307.0,185.041,31.0
1753769315187,06:08:35.187,kucoinfutures,SOL/USDT:USDT,185.03,453.0,185.025,262.0,185.031,307.0,185.041,31.0
1753769315199,06:08:35.199,kucoinfutures,SOL/USDT:USDT,185.03,453.0,185.025,262.0,185.031,307.0,185.041,31.0
1753769315203,06:08:35.203,kucoinfutures,SOL/USDT:USDT,185.03,453.0,185.025,262.0,185.031,307.0,185.041,31.0
1753769315224,06:08:35.224,kucoinfutures,SOL/USDT:USDT,185.03,453.0,185.025,262.0,185.031,307.0,185.041,31.0
1753769315227,06:08:35.227,kucoinfutures,SOL/USDT:USDT,185.03,453.0,185.025,262.0,185.031,307.0,185.041,31.0
1753769315228,06:08:35.228,kucoinfutures,SOL/USDT:USDT,185.03,453.0,185.025,262.0,185.031,307.0,185.041,31.0
1753769315228,06:08:35.228,kucoinfutures,SOL/USDT:USDT,185.03,453.0,185.025,262.0,185.031,307.0,185.041,31.0
1753769315229,06:08:35.229,kucoinfutures,SOL/USDT:USDT,185.03,453.0,185.025,262.0,185.031,307.0,185.041,31.0
1753769315229,06:08:35.229,kucoinfutures,SOL/USDT:USDT,185.03,453.0,185.025,262.0,185.031,307.0,185.041,31.0
1753769315243,06:08:35.243,kucoinfutures,SOL/USDT:USDT,185.03,453.0,185.025,262.0,185.031,307.0,185.041,31.0
1753769315250,06:08:35.250,kucoinfutures,SOL/USDT:USDT,185.03,453.0,185.025,262.0,185.031,307.0,185.041,31.0
1753769315255,06:08:35.255,kucoinfutures,SOL/USDT:USDT,185.03,453.0,185.025,262.0,185.031,307.0,185.041,31.0
1753769315276,06:08:35.276,kucoinfutures,SOL/USDT:USDT,185.03,453.0,185.025,262.0,185.031,307.0,185.041,31.0
1753769315277,06:08:35.277,kucoinfutures,SOL/USDT:USDT,185.03,453.0,185.025,262.0,185.031,307.0,185.041,31.0
1753769315280,06:08:35.280,kucoinfutures,SOL/USDT:USDT,185.03,453.0,185.025,262.0,185.031,307.0,185.041,31.0
1753769315282,06:08:35.282,kucoinfutures,SOL/USDT:USDT,185.03,453.0,185.025,262.0,185.031,307.0,185.041,31.0
1753769315302,06:08:35.302,kucoinfutures,SOL/USDT:USDT,185.03,453.0,185.025,262.0,185.031,307.0,185.041,31.0
1753769315306,06:08:35.306,kucoinfutures,SOL/USDT:USDT,185.03,453.0,185.025,262.0,185.031,307.0,185.041,31.0
1753769315327,06:08:35.327,kucoinfutures,SOL/USDT:USDT,185.03,453.0,185.025,262.0,185.031,307.0,185.041,31.0
1753769315331,06:08:35.331,kucoinfutures,SOL/USDT:USDT,185.03,453.0,185.025,262.0,185.031,307.0,185.041,31.0
1753769315333,06:08:35.333,kucoinfutures,SOL/USDT:USDT,185.03,453.0,185.025,262.0,185.031,307.0,185.041,31.0
1753769315333,06:08:35.333,kucoinfutures,SOL/USDT:USDT,185.03,453.0,185.025,262.0,185.031,307.0,185.041,31.0
1753769315344,06:08:35.344,kucoinfutures,SOL/USDT:USDT,185.03,453.0,185.025,262.0,185.031,307.0,185.041,31.0
1753769315344,06:08:35.344,kucoinfutures,SOL/USDT:USDT,185.03,453.0,185.025,262.0,185.031,307.0,185.041,31.0
1753769315352,06:08:35.352,kucoinfutures,SOL/USDT:USDT,185.03,453.0,185.025,262.0,185.031,307.0,185.041,31.0
1753769315359,06:08:35.359,kucoinfutures,SOL/USDT:USDT,185.03,453.0,185.025,262.0,185.031,307.0,185.041,31.0
1753769315376,06:08:35.376,kucoinfutures,SOL/USDT:USDT,185.03,453.0,185.025,262.0,185.031,307.0,185.041,31.0
1753769315379,06:08:35.379,kucoinfutures,SOL/USDT:USDT,185.03,453.0,185.025,262.0,185.031,307.0,185.041,31.0
1753769315384,06:08:35.384,kucoinfutures,SOL/USDT:USDT,185.03,453.0,185.025,262.0,185.031,307.0,185.041,31.0
1753769315394,06:08:35.394,kucoinfutures,SOL/USDT:USDT,185.03,453.0,185.025,262.0,185.031,307.0,185.041,31.0
1753769315404,06:08:35.404,kucoinfutures,SOL/USDT:USDT,185.03,453.0,185.025,262.0,185.031,307.0,185.041,31.0
1753769315436,06:08:35.436,kucoinfutures,SOL/USDT:USDT,185.03,453.0,185.025,262.0,185.031,307.0,185.041,31.0
1753769315452,06:08:35.452,kucoinfutures,SOL/USDT:USDT,185.03,453.0,185.025,262.0,185.031,307.0,185.041,31.0
1753769315452,06:08:35.452,kucoinfutures,SOL/USDT:USDT,185.03,453.0,185.025,262.0,185.031,307.0,185.041,31.0
1753769315456,06:08:35.456,kucoinfutures,SOL/USDT:USDT,185.03,453.0,185.025,262.0,185.031,307.0,185.041,31.0
1753769315459,06:08:35.459,kucoinfutures,SOL/USDT:USDT,185.03,453.0,185.025,262.0,185.031,307.0,185.041,31.0
1753769315462,06:08:35.462,kucoinfutures,SOL/USDT:USDT,185.03,453.0,185.025,262.0,185.031,307.0,185.041,31.0
1753769315463,06:08:35.463,kucoinfutures,SOL/USDT:USDT,185.03,453.0,185.025,262.0,185.031,307.0,185.041,31.0
1753769315465,06:08:35.465,kucoinfutures,SOL/USDT:USDT,185.03,453.0,185.025,262.0,185.031,307.0,185.041,31.0
1753769315482,06:08:35.482,kucoinfutures,SOL/USDT:USDT,185.03,453.0,185.025,262.0,185.031,307.0,185.041,31.0
1753769315491,06:08:35.491,kucoinfutures,SOL/USDT:USDT,185.03,453.0,185.025,262.0,185.031,307.0,185.041,31.0
1753769315491,06:08:35.491,kucoinfutures,SOL/USDT:USDT,185.03,453.0,185.025,262.0,185.031,307.0,185.041,31.0
1753769315500,06:08:35.500,kucoinfutures,SOL/USDT:USDT,185.03,453.0,185.025,262.0,185.031,307.0,185.041,31.0
1753769315506,06:08:35.506,kucoinfutures,SOL/USDT:USDT,185.03,453.0,185.025,262.0,185.031,307.0,185.041,31.0
1753769315515,06:08:35.515,kucoinfutures,SOL/USDT:USDT,185.03,453.0,185.025,262.0,185.031,307.0,185.041,31.0
1753769315522,06:08:35.522,kucoinfutures,SOL/USDT:USDT,185.03,453.0,185.025,262.0,185.031,307.0,185.041,31.0
1753769315532,06:08:35.532,kucoinfutures,SOL/USDT:USDT,185.03,453.0,185.025,262.0,185.031,307.0,185.041,31.0
1753769315545,06:08:35.545,kucoinfutures,SOL/USDT:USDT,185.03,639.0,185.025,262.0,185.031,307.0,185.041,31.0
1753769315559,06:08:35.559,kucoinfutures,SOL/USDT:USDT,185.03,639.0,185.025,262.0,185.031,307.0,185.041,31.0
1753769315560,06:08:35.560,kucoinfutures,SOL/USDT:USDT,185.03,639.0,185.025,262.0,185.031,307.0,185.041,31.0
1753769315563,06:08:35.563,kucoinfutures,SOL/USDT:USDT,185.03,639.0,185.025,262.0,185.031,307.0,185.041,31.0
1753769315585,06:08:35.585,kucoinfutures,SOL/USDT:USDT,185.03,639.0,185.026,120.0,185.031,307.0,185.04,120.0
1753769315590,06:08:35.590,kucoinfutures,SOL/USDT:USDT,185.03,639.0,185.026,120.0,185.031,307.0,185.04,120.0
1753769315592,06:08:35.592,kucoinfutures,SOL/USDT:USDT,185.03,639.0,185.026,120.0,185.031,307.0,185.04,120.0
1753769315602,06:08:35.602,kucoinfutures,SOL/USDT:USDT,185.03,639.0,185.026,120.0,185.031,307.0,185.04,120.0
1753769315610,06:08:35.610,kucoinfutures,SOL/USDT:USDT,185.03,639.0,185.026,120.0,185.031,307.0,185.039,31.0
1753769315621,06:08:35.621,kucoinfutures,SOL/USDT:USDT,185.03,639.0,185.026,120.0,185.031,307.0,185.039,31.0
1753769315623,06:08:35.623,kucoinfutures,SOL/USDT:USDT,185.03,639.0,185.026,120.0,185.031,307.0,185.039,31.0
1753769315628,06:08:35.628,kucoinfutures,SOL/USDT:USDT,185.03,639.0,185.026,120.0,185.031,307.0,185.039,31.0
1753769315636,06:08:35.636,kucoinfutures,SOL/USDT:USDT,185.03,639.0,185.026,120.0,185.031,307.0,185.039,31.0
1753769315642,06:08:35.642,kucoinfutures,SOL/USDT:USDT,185.03,639.0,185.026,120.0,185.031,307.0,185.039,31.0
1753769315662,06:08:35.662,kucoinfutures,SOL/USDT:USDT,185.03,639.0,185.026,120.0,185.031,307.0,185.039,31.0
1753769315666,06:08:35.666,kucoinfutures,SOL/USDT:USDT,185.03,639.0,185.026,120.0,185.031,307.0,185.039,31.0
1753769315668,06:08:35.668,kucoinfutures,SOL/USDT:USDT,185.03,639.0,185.026,120.0,185.031,307.0,185.039,31.0
1753769315668,06:08:35.668,kucoinfutures,SOL/USDT:USDT,185.03,639.0,185.026,120.0,185.031,307.0,185.039,31.0
1753769315672,06:08:35.672,kucoinfutures,SOL/USDT:USDT,185.03,639.0,185.026,120.0,185.031,307.0,185.039,31.0
1753769315687,06:08:35.687,kucoinfutures,SOL/USDT:USDT,185.03,639.0,185.026,120.0,185.031,307.0,185.039,31.0
1753769315689,06:08:35.689,kucoinfutures,SOL/USDT:USDT,185.03,639.0,185.026,120.0,185.031,307.0,185.039,31.0
1753769315693,06:08:35.693,kucoinfutures,SOL/USDT:USDT,185.03,639.0,185.026,120.0,185.031,307.0,185.039,31.0
1753769315739,06:08:35.739,kucoinfutures,SOL/USDT:USDT,185.03,453.0,185.026,120.0,185.031,307.0,185.039,31.0
1753769315745,06:08:35.745,kucoinfutures,SOL/USDT:USDT,185.03,453.0,185.026,120.0,185.031,307.0,185.039,31.0
1753769315765,06:08:35.765,kucoinfutures,SOL/USDT:USDT,185.03,453.0,185.026,120.0,185.031,307.0,185.039,31.0
1753769315768,06:08:35.768,kucoinfutures,SOL/USDT:USDT,185.03,453.0,185.026,120.0,185.031,307.0,185.039,31.0
1753769315772,06:08:35.772,kucoinfutures,SOL/USDT:USDT,185.03,453.0,185.026,120.0,185.031,307.0,185.039,31.0
1753769315775,06:08:35.775,kucoinfutures,SOL/USDT:USDT,185.03,453.0,185.026,120.0,185.031,307.0,185.039,31.0
1753769315785,06:08:35.785,kucoinfutures,SOL/USDT:USDT,185.03,453.0,185.026,120.0,185.031,307.0,185.039,31.0
1753769315796,06:08:35.796,kucoinfutures,SOL/USDT:USDT,185.03,453.0,185.026,120.0,185.031,307.0,185.039,31.0
1753769315817,06:08:35.817,kucoinfutures,SOL/USDT:USDT,185.03,453.0,185.026,120.0,185.031,307.0,185.039,31.0
1753769315821,06:08:35.821,kucoinfutures,SOL/USDT:USDT,185.03,453.0,185.026,120.0,185.031,307.0,185.039,31.0
1753769315831,06:08:35.831,kucoinfutures,SOL/USDT:USDT,185.03,453.0,185.026,120.0,185.031,307.0,185.039,31.0
1753769315852,06:08:35.852,kucoinfutures,SOL/USDT:USDT,185.03,453.0,185.026,120.0,185.031,371.0,185.039,31.0
1753769315855,06:08:35.855,kucoinfutures,SOL/USDT:USDT,185.03,453.0,185.026,120.0,185.031,371.0,185.039,31.0
1753769315868,06:08:35.868,kucoinfutures,SOL/USDT:USDT,185.03,221.0,185.025,262.0,185.031,371.0,185.039,31.0
1753769315870,06:08:35.870,kucoinfutures,SOL/USDT:USDT,185.03,121.0,185.025,262.0,185.031,371.0,185.039,31.0
1753769315896,06:08:35.896,kucoinfutures,SOL/USDT:USDT,185.03,119.0,185.025,262.0,185.031,257.0,185.039,31.0
1753769315900,06:08:35.900,kucoinfutures,SOL/USDT:USDT,185.03,119.0,185.025,262.0,185.031,257.0,185.039,31.0
1753769315919,06:08:35.919,kucoinfutures,SOL/USDT:USDT,185.03,119.0,185.025,262.0,185.031,257.0,185.039,31.0
1753769315926,06:08:35.926,kucoinfutures,SOL/USDT:USDT,185.03,119.0,185.025,262.0,185.031,257.0,185.039,31.0
1753769315933,06:08:35.933,kucoinfutures,SOL/USDT:USDT,185.03,119.0,185.025,262.0,185.031,494.0,185.039,31.0
1753769315945,06:08:35.945,kucoinfutures,SOL/USDT:USDT,185.03,119.0,185.025,262.0,185.031,494.0,185.039,31.0
1753769315966,06:08:35.966,kucoinfutures,SOL/USDT:USDT,185.03,119.0,185.025,262.0,185.031,494.0,185.039,31.0
1753769315976,06:08:35.976,kucoinfutures,SOL/USDT:USDT,185.03,119.0,185.025,262.0,185.031,494.0,185.039,31.0
1753769315982,06:08:35.982,kucoinfutures,SOL/USDT:USDT,185.03,119.0,185.014,66.0,185.031,494.0,185.039,31.0
1753769315984,06:08:35.984,kucoinfutures,SOL/USDT:USDT,185.03,119.0,185.02,66.0,185.031,494.0,185.039,31.0
1753769315994,06:08:35.994,kucoinfutures,SOL/USDT:USDT,185.03,119.0,185.02,66.0,185.031,494.0,185.039,31.0
1753769315998,06:08:35.998,kucoinfutures,SOL/USDT:USDT,185.03,119.0,185.02,66.0,185.031,494.0,185.039,31.0
1753769316002,06:08:36.002,kucoinfutures,SOL/USDT:USDT,185.03,119.0,185.02,252.0,185.031,494.0,185.039,31.0
1753769316003,06:08:36.003,kucoinfutures,SOL/USDT:USDT,185.03,119.0,185.02,252.0,185.031,494.0,185.039,31.0
1753769316004,06:08:36.004,kucoinfutures,SOL/USDT:USDT,185.03,119.0,185.021,66.0,185.031,494.0,185.039,31.0
1753769316011,06:08:36.011,kucoinfutures,SOL/USDT:USDT,185.03,119.0,185.021,66.0,185.031,494.0,185.039,31.0
1753769316013,06:08:36.013,kucoinfutures,SOL/USDT:USDT,185.03,119.0,185.021,66.0,185.031,494.0,185.039,31.0
1753769316014,06:08:36.014,kucoinfutures,SOL/USDT:USDT,185.03,119.0,185.021,66.0,185.031,494.0,185.039,31.0
1753769316023,06:08:36.023,kucoinfutures,SOL/USDT:USDT,185.03,119.0,185.021,66.0,185.031,494.0,185.039,31.0
1753769316028,06:08:36.028,kucoinfutures,SOL/USDT:USDT,185.03,119.0,185.021,66.0,185.031,494.0,185.039,31.0
1753769316049,06:08:36.049,kucoinfutures,SOL/USDT:USDT,185.03,119.0,185.021,66.0,185.031,494.0,185.039,31.0
1753769316070,06:08:36.070,kucoinfutures,SOL/USDT:USDT,185.03,119.0,185.021,66.0,185.031,494.0,185.039,31.0
1753769316074,06:08:36.074,kucoinfutures,SOL/USDT:USDT,185.03,119.0,185.021,66.0,185.031,494.0,185.039,31.0
1753769316080,06:08:36.080,kucoinfutures,SOL/USDT:USDT,185.03,119.0,185.021,66.0,185.031,494.0,185.039,31.0
1753769316100,06:08:36.100,kucoinfutures,SOL/USDT:USDT,185.03,119.0,185.021,66.0,185.031,494.0,185.039,31.0
1753769316106,06:08:36.106,kucoinfutures,SOL/USDT:USDT,185.03,119.0,185.021,66.0,185.031,494.0,185.039,31.0
1753769316126,06:08:36.126,kucoinfutures,SOL/USDT:USDT,185.03,119.0,185.021,66.0,185.031,494.0,185.039,31.0
1753769316132,06:08:36.132,kucoinfutures,SOL/USDT:USDT,185.03,119.0,185.021,66.0,185.031,494.0,185.039,31.0
1753769316132,06:08:36.132,kucoinfutures,SOL/USDT:USDT,185.03,119.0,185.021,66.0,185.031,494.0,185.039,31.0
1753769316134,06:08:36.134,kucoinfutures,SOL/USDT:USDT,185.03,231.0,185.021,66.0,185.031,494.0,185.039,31.0
1753769316153,06:08:36.153,kucoinfutures,SOL/USDT:USDT,185.03,231.0,185.021,66.0,185.031,494.0,185.039,31.0
1753769316158,06:08:36.158,kucoinfutures,SOL/USDT:USDT,185.03,231.0,185.021,66.0,185.031,494.0,185.039,31.0
1753769316177,06:08:36.177,kucoinfutures,SOL/USDT:USDT,185.03,231.0,185.021,66.0,185.031,494.0,185.039,31.0
1753769316185,06:08:36.185,kucoinfutures,SOL/USDT:USDT,185.03,231.0,185.021,66.0,185.031,494.0,185.039,31.0
1753769316185,06:08:36.185,kucoinfutures,SOL/USDT:USDT,185.03,231.0,185.021,66.0,185.031,257.0,185.039,31.0
1753769316188,06:08:36.188,kucoinfutures,SOL/USDT:USDT,185.03,231.0,185.021,66.0,185.031,257.0,185.039,31.0
1753769316204,06:08:36.204,kucoinfutures,SOL/USDT:USDT,185.03,231.0,185.021,66.0,185.031,257.0,185.039,31.0
1753769316204,06:08:36.204,kucoinfutures,SOL/USDT:USDT,185.03,231.0,185.025,262.0,185.031,257.0,185.039,31.0
1753769316208,06:08:36.208,kucoinfutures,SOL/USDT:USDT,185.03,231.0,185.025,262.0,185.031,257.0,185.039,31.0
1753769316209,06:08:36.209,kucoinfutures,SOL/USDT:USDT,185.03,231.0,185.025,262.0,185.031,257.0,185.039,31.0
1753769316230,06:08:36.230,kucoinfutures,SOL/USDT:USDT,185.03,231.0,185.025,262.0,185.031,257.0,185.039,31.0
1753769316235,06:08:36.235,kucoinfutures,SOL/USDT:USDT,185.03,231.0,185.025,262.0,185.031,257.0,185.039,31.0
1753769316255,06:08:36.255,kucoinfutures,SOL/USDT:USDT,185.03,231.0,185.025,262.0,185.031,257.0,185.039,31.0
1753769316260,06:08:36.260,kucoinfutures,SOL/USDT:USDT,185.03,231.0,185.025,262.0,185.031,257.0,185.039,31.0
1753769316280,06:08:36.280,kucoinfutures,SOL/USDT:USDT,185.03,231.0,185.025,262.0,185.031,257.0,185.039,31.0
1753769316287,06:08:36.287,kucoinfutures,SOL/USDT:USDT,185.03,231.0,185.025,262.0,185.031,257.0,185.039,31.0
1753769316305,06:08:36.305,kucoinfutures,SOL/USDT:USDT,185.03,231.0,185.025,262.0,185.031,257.0,185.039,31.0
1753769316333,06:08:36.333,kucoinfutures,SOL/USDT:USDT,185.03,231.0,185.025,262.0,185.031,257.0,185.039,31.0
1753769316338,06:08:36.338,kucoinfutures,SOL/USDT:USDT,185.03,231.0,185.025,262.0,185.031,257.0,185.039,31.0
1753769316358,06:08:36.358,kucoinfutures,SOL/USDT:USDT,185.03,231.0,185.025,262.0,185.031,257.0,185.039,31.0
1753769316364,06:08:36.364,kucoinfutures,SOL/USDT:USDT,185.03,231.0,185.025,262.0,185.031,257.0,185.039,31.0
1753769316383,06:08:36.383,kucoinfutures,SOL/USDT:USDT,185.03,231.0,185.025,262.0,185.031,257.0,185.039,31.0
1753769316390,06:08:36.390,kucoinfutures,SOL/USDT:USDT,185.03,231.0,185.025,262.0,185.031,257.0,185.039,31.0
1753769316409,06:08:36.409,kucoinfutures,SOL/USDT:USDT,185.03,231.0,185.025,262.0,185.031,257.0,185.039,31.0
1753769316416,06:08:36.416,kucoinfutures,SOL/USDT:USDT,185.03,231.0,185.025,262.0,185.031,257.0,185.039,31.0
1753769316441,06:08:36.441,kucoinfutures,SOL/USDT:USDT,185.03,231.0,185.025,262.0,185.031,257.0,185.039,31.0
1753769316446,06:08:36.446,kucoinfutures,SOL/USDT:USDT,185.03,231.0,185.025,262.0,185.031,399.0,185.039,31.0
1753769316461,06:08:36.461,kucoinfutures,SOL/USDT:USDT,185.03,231.0,185.025,262.0,185.031,399.0,185.039,31.0
1753769316467,06:08:36.467,kucoinfutures,SOL/USDT:USDT,185.03,231.0,185.025,262.0,185.031,399.0,185.039,31.0
1753769316482,06:08:36.482,kucoinfutures,SOL/USDT:USDT,185.03,231.0,185.025,262.0,185.031,399.0,185.039,31.0
1753769316487,06:08:36.487,kucoinfutures,SOL/USDT:USDT,185.03,231.0,185.025,262.0,185.031,399.0,185.039,31.0
1753769316493,06:08:36.493,kucoinfutures,SOL/USDT:USDT,185.03,231.0,185.025,262.0,185.031,399.0,185.039,31.0
1753769316493,06:08:36.493,kucoinfutures,SOL/USDT:USDT,185.03,231.0,185.025,262.0,185.031,399.0,185.039,31.0
1753769316493,06:08:36.493,kucoinfutures,SOL/USDT:USDT,185.03,231.0,185.025,262.0,185.031,399.0,185.039,31.0
1753769316500,06:08:36.500,kucoinfutures,SOL/USDT:USDT,185.03,231.0,185.025,262.0,185.031,399.0,185.039,31.0
1753769316500,06:08:36.500,kucoinfutures,SOL/USDT:USDT,185.03,231.0,185.025,262.0,185.031,399.0,185.039,31.0
1753769316505,06:08:36.505,kucoinfutures,SOL/USDT:USDT,185.03,231.0,185.025,262.0,185.031,399.0,185.041,31.0
1753769316513,06:08:36.513,kucoinfutures,SOL/USDT:USDT,185.03,231.0,185.025,262.0,185.031,399.0,185.041,31.0
1753769316518,06:08:36.518,kucoinfutures,SOL/USDT:USDT,185.03,231.0,185.025,262.0,185.031,399.0,185.041,31.0
1753769316539,06:08:36.539,kucoinfutures,SOL/USDT:USDT,185.03,231.0,185.025,262.0,185.031,399.0,185.041,31.0
1753769316544,06:08:36.544,kucoinfutures,SOL/USDT:USDT,185.03,231.0,185.025,262.0,185.031,399.0,185.041,31.0
1753769316560,06:08:36.560,kucoinfutures,SOL/USDT:USDT,185.03,351.0,185.026,120.0,185.031,399.0,185.04,120.0
1753769316564,06:08:36.564,kucoinfutures,SOL/USDT:USDT,185.03,351.0,185.026,120.0,185.031,399.0,185.04,120.0
1753769316589,06:08:36.589,kucoinfutures,SOL/USDT:USDT,185.03,351.0,185.026,120.0,185.031,399.0,185.04,120.0
1753769316595,06:08:36.595,kucoinfutures,SOL/USDT:USDT,185.03,351.0,185.026,120.0,185.031,399.0,185.04,120.0
1753769316605,06:08:36.605,kucoinfutures,SOL/USDT:USDT,185.03,351.0,185.026,120.0,185.031,399.0,185.039,31.0
1753769316615,06:08:36.615,kucoinfutures,SOL/USDT:USDT,185.03,351.0,185.026,120.0,185.031,399.0,185.039,31.0
1753769316622,06:08:36.622,kucoinfutures,SOL/USDT:USDT,185.03,351.0,185.026,120.0,185.031,399.0,185.039,31.0
1753769316641,06:08:36.641,kucoinfutures,SOL/USDT:USDT,185.03,351.0,185.026,120.0,185.031,399.0,185.039,31.0
1753769316648,06:08:36.648,kucoinfutures,SOL/USDT:USDT,185.03,351.0,185.026,120.0,185.031,399.0,185.039,31.0
1753769316660,06:08:36.660,kucoinfutures,SOL/USDT:USDT,185.03,351.0,185.026,120.0,185.031,399.0,185.039,31.0
1753769316661,06:08:36.661,kucoinfutures,SOL/USDT:USDT,185.03,351.0,185.026,120.0,185.031,399.0,185.039,31.0
1753769316663,06:08:36.663,kucoinfutures,SOL/USDT:USDT,185.03,351.0,185.026,120.0,185.031,399.0,185.039,31.0
1753769316665,06:08:36.665,kucoinfutures,SOL/USDT:USDT,185.03,351.0,185.026,120.0,185.031,399.0,185.039,31.0
1753769316667,06:08:36.667,kucoinfutures,SOL/USDT:USDT,185.03,351.0,185.026,120.0,185.031,399.0,185.039,31.0
1753769316670,06:08:36.670,kucoinfutures,SOL/USDT:USDT,185.03,351.0,185.026,120.0,185.031,399.0,185.039,31.0
1753769316672,06:08:36.672,kucoinfutures,SOL/USDT:USDT,185.03,351.0,185.026,120.0,185.031,399.0,185.039,31.0
1753769316692,06:08:36.692,kucoinfutures,SOL/USDT:USDT,185.03,351.0,185.026,120.0,185.031,399.0,185.039,31.0
1753769316699,06:08:36.699,kucoinfutures,SOL/USDT:USDT,185.03,351.0,185.026,120.0,185.031,399.0,185.039,31.0
1753769316709,06:08:36.709,kucoinfutures,SOL/USDT:USDT,185.03,351.0,185.026,120.0,185.031,399.0,185.039,31.0
1753769316715,06:08:36.715,kucoinfutures,SOL/USDT:USDT,185.03,351.0,185.026,120.0,185.031,399.0,185.039,31.0
1753769316720,06:08:36.720,kucoinfutures,SOL/USDT:USDT,185.03,351.0,185.026,120.0,185.031,399.0,185.039,31.0
1753769316721,06:08:36.721,kucoinfutures,SOL/USDT:USDT,185.03,351.0,185.026,120.0,185.031,399.0,185.039,31.0
1753769316725,06:08:36.725,kucoinfutures,SOL/USDT:USDT,185.03,351.0,185.026,120.0,185.031,399.0,185.039,31.0
1753769316730,06:08:36.730,kucoinfutures,SOL/USDT:USDT,185.03,351.0,185.026,120.0,185.031,399.0,185.039,31.0
1753769316738,06:08:36.738,kucoinfutures,SOL/USDT:USDT,185.03,351.0,185.026,120.0,185.031,399.0,185.039,31.0
1753769316738,06:08:36.738,kucoinfutures,SOL/USDT:USDT,185.03,351.0,185.026,120.0,185.031,399.0,185.039,31.0
1753769316738,06:08:36.738,kucoinfutures,SOL/USDT:USDT,185.03,351.0,185.026,120.0,185.031,399.0,185.039,31.0
1753769316739,06:08:36.739,kucoinfutures,SOL/USDT:USDT,185.03,351.0,185.026,120.0,185.031,399.0,185.039,31.0
1753769316739,06:08:36.739,kucoinfutures,SOL/USDT:USDT,185.03,351.0,185.026,120.0,185.031,399.0,185.039,31.0
1753769316740,06:08:36.740,kucoinfutures,SOL/USDT:USDT,185.03,351.0,185.026,120.0,185.031,399.0,185.039,31.0
1753769316744,06:08:36.744,kucoinfutures,SOL/USDT:USDT,185.03,351.0,185.026,120.0,185.031,399.0,185.039,31.0
1753769316752,06:08:36.752,kucoinfutures,SOL/USDT:USDT,185.03,351.0,185.026,120.0,185.031,399.0,185.039,31.0
1753769316770,06:08:36.770,kucoinfutures,SOL/USDT:USDT,185.03,351.0,185.026,120.0,185.031,399.0,185.039,31.0
1753769316777,06:08:36.777,kucoinfutures,SOL/USDT:USDT,185.03,351.0,185.026,120.0,185.031,399.0,185.039,31.0
1753769316797,06:08:36.797,kucoinfutures,SOL/USDT:USDT,185.03,351.0,185.026,120.0,185.031,399.0,185.039,31.0
1753769316802,06:08:36.802,kucoinfutures,SOL/USDT:USDT,185.03,351.0,185.026,120.0,185.031,399.0,185.039,31.0
1753769316823,06:08:36.823,kucoinfutures,SOL/USDT:USDT,185.03,351.0,185.026,120.0,185.031,399.0,185.039,31.0
1753769316828,06:08:36.828,kucoinfutures,SOL/USDT:USDT,185.03,351.0,185.026,120.0,185.031,399.0,185.039,31.0
1753769316839,06:08:36.839,kucoinfutures,SOL/USDT:USDT,185.03,351.0,185.026,120.0,185.031,399.0,185.039,31.0
1753769316848,06:08:36.848,kucoinfutures,SOL/USDT:USDT,185.03,351.0,185.026,120.0,185.031,399.0,185.039,31.0
1753769316854,06:08:36.854,kucoinfutures,SOL/USDT:USDT,185.03,351.0,185.026,120.0,185.031,399.0,185.039,31.0
1753769316873,06:08:36.873,kucoinfutures,SOL/USDT:USDT,185.03,351.0,185.026,120.0,185.031,399.0,185.039,31.0
1753769316878,06:08:36.878,kucoinfutures,SOL/USDT:USDT,185.03,351.0,185.026,120.0,185.031,399.0,185.039,31.0
1753769316901,06:08:36.901,kucoinfutures,SOL/USDT:USDT,185.03,351.0,185.026,120.0,185.031,399.0,185.039,31.0
1753769316905,06:08:36.905,kucoinfutures,SOL/USDT:USDT,185.03,351.0,185.026,120.0,185.031,399.0,185.039,31.0
1753769316924,06:08:36.924,kucoinfutures,SOL/USDT:USDT,185.03,351.0,185.026,120.0,185.031,399.0,185.039,31.0
1753769316931,06:08:36.931,kucoinfutures,SOL/USDT:USDT,185.03,351.0,185.026,120.0,185.031,399.0,185.039,31.0
1753769316951,06:08:36.951,kucoinfutures,SOL/USDT:USDT,185.03,351.0,185.026,120.0,185.031,399.0,185.039,31.0
1753769316957,06:08:36.957,kucoinfutures,SOL/USDT:USDT,185.03,351.0,185.026,120.0,185.031,399.0,185.039,31.0
1753769316977,06:08:36.977,kucoinfutures,SOL/USDT:USDT,185.03,351.0,185.026,120.0,185.031,399.0,185.039,31.0
1753769316982,06:08:36.982,kucoinfutures,SOL/USDT:USDT,185.03,351.0,185.026,120.0,185.031,399.0,185.039,31.0
1753769317003,06:08:37.003,kucoinfutures,SOL/USDT:USDT,185.03,351.0,185.026,120.0,185.031,399.0,185.039,31.0
1753769317008,06:08:37.008,kucoinfutures,SOL/USDT:USDT,185.03,351.0,185.026,120.0,185.031,399.0,185.039,31.0
1753769317027,06:08:37.027,kucoinfutures,SOL/USDT:USDT,185.03,351.0,185.026,120.0,185.031,399.0,185.039,31.0
1753769317034,06:08:37.034,kucoinfutures,SOL/USDT:USDT,185.03,351.0,185.026,120.0,185.031,399.0,185.039,31.0
1753769317055,06:08:37.055,kucoinfutures,SOL/USDT:USDT,185.03,351.0,185.026,120.0,185.031,399.0,185.039,31.0
1753769317060,06:08:37.060,kucoinfutures,SOL/USDT:USDT,185.03,351.0,185.026,120.0,185.031,399.0,185.039,31.0
1753769317080,06:08:37.080,kucoinfutures,SOL/USDT:USDT,185.03,351.0,185.026,120.0,185.031,399.0,185.039,31.0
1753769317085,06:08:37.085,kucoinfutures,SOL/USDT:USDT,185.03,351.0,185.026,120.0,185.031,399.0,185.039,31.0
1753769317111,06:08:37.111,kucoinfutures,SOL/USDT:USDT,185.03,351.0,185.026,120.0,185.031,399.0,185.039,31.0
1753769317131,06:08:37.131,kucoinfutures,SOL/USDT:USDT,185.03,351.0,185.026,120.0,185.031,399.0,185.039,31.0
1753769317137,06:08:37.137,kucoinfutures,SOL/USDT:USDT,185.03,351.0,185.026,120.0,185.031,399.0,185.039,31.0
1753769317158,06:08:37.158,kucoinfutures,SOL/USDT:USDT,185.03,351.0,185.026,120.0,185.031,399.0,185.039,31.0
1753769317163,06:08:37.163,kucoinfutures,SOL/USDT:USDT,185.03,351.0,185.026,120.0,185.031,399.0,185.039,31.0
1753769317183,06:08:37.183,kucoinfutures,SOL/USDT:USDT,185.03,351.0,185.026,120.0,185.031,399.0,185.039,31.0
1753769317189,06:08:37.189,kucoinfutures,SOL/USDT:USDT,185.03,351.0,185.026,120.0,185.031,399.0,185.039,31.0
1753769317215,06:08:37.215,kucoinfutures,SOL/USDT:USDT,185.03,351.0,185.026,120.0,185.031,399.0,185.039,31.0
1753769317236,06:08:37.236,kucoinfutures,SOL/USDT:USDT,185.03,351.0,185.026,120.0,185.031,399.0,185.039,31.0
1753769317241,06:08:37.241,kucoinfutures,SOL/USDT:USDT,185.03,417.0,185.026,120.0,185.031,399.0,185.039,31.0
1753769317245,06:08:37.245,kucoinfutures,SOL/USDT:USDT,185.03,417.0,185.026,120.0,185.031,399.0,185.039,31.0
1753769317260,06:08:37.260,kucoinfutures,SOL/USDT:USDT,185.03,417.0,185.026,120.0,185.031,399.0,185.039,31.0
1753769317266,06:08:37.266,kucoinfutures,SOL/USDT:USDT,185.03,417.0,185.026,120.0,185.031,399.0,185.039,31.0
1753769317286,06:08:37.286,kucoinfutures,SOL/USDT:USDT,185.03,417.0,185.026,120.0,185.031,399.0,185.039,31.0
1753769317292,06:08:37.292,kucoinfutures,SOL/USDT:USDT,185.03,417.0,185.026,120.0,185.031,399.0,185.039,31.0
1753769317313,06:08:37.313,kucoinfutures,SOL/USDT:USDT,185.03,417.0,185.026,120.0,185.031,399.0,185.039,31.0
1753769317317,06:08:37.317,kucoinfutures,SOL/USDT:USDT,185.03,417.0,185.026,120.0,185.031,399.0,185.039,31.0
1753769317337,06:08:37.337,kucoinfutures,SOL/USDT:USDT,185.03,417.0,185.026,120.0,185.031,399.0,185.039,31.0
1753769317345,06:08:37.345,kucoinfutures,SOL/USDT:USDT,185.03,417.0,185.026,120.0,185.031,399.0,185.039,31.0
1753769317363,06:08:37.363,kucoinfutures,SOL/USDT:USDT,185.03,417.0,185.026,120.0,185.031,399.0,185.039,31.0
1753769317369,06:08:37.369,kucoinfutures,SOL/USDT:USDT,185.03,417.0,185.026,120.0,185.031,399.0,185.039,31.0
1753769317377,06:08:37.377,kucoinfutures,SOL/USDT:USDT,185.03,417.0,185.026,120.0,185.031,399.0,185.039,31.0
1753769317387,06:08:37.387,kucoinfutures,SOL/USDT:USDT,185.03,417.0,185.026,120.0,185.031,399.0,185.039,31.0
1753769317395,06:08:37.395,kucoinfutures,SOL/USDT:USDT,185.03,417.0,185.026,120.0,185.031,399.0,185.039,31.0
1753769317402,06:08:37.402,kucoinfutures,SOL/USDT:USDT,185.03,417.0,185.026,120.0,185.031,399.0,185.039,31.0
1753769317405,06:08:37.405,kucoinfutures,SOL/USDT:USDT,185.03,417.0,185.026,120.0,185.031,399.0,185.039,31.0
1753769317405,06:08:37.405,kucoinfutures,SOL/USDT:USDT,185.03,417.0,185.026,120.0,185.031,399.0,185.039,31.0
1753769317410,06:08:37.410,kucoinfutures,SOL/USDT:USDT,185.03,417.0,185.026,120.0,185.031,399.0,185.039,31.0
1753769317415,06:08:37.415,kucoinfutures,SOL/USDT:USDT,185.03,417.0,185.026,120.0,185.031,399.0,185.039,31.0
1753769317415,06:08:37.415,kucoinfutures,SOL/USDT:USDT,185.03,417.0,185.026,120.0,185.031,399.0,185.039,31.0
1753769317421,06:08:37.421,kucoinfutures,SOL/USDT:USDT,185.03,417.0,185.026,120.0,185.031,399.0,185.039,31.0
1753769317441,06:08:37.441,kucoinfutures,SOL/USDT:USDT,185.03,417.0,185.026,120.0,185.031,399.0,185.039,31.0
1753769317446,06:08:37.446,kucoinfutures,SOL/USDT:USDT,185.03,417.0,185.026,120.0,185.031,399.0,185.039,31.0
1753769317469,06:08:37.469,kucoinfutures,SOL/USDT:USDT,185.03,417.0,185.026,120.0,185.031,399.0,185.039,31.0
1753769317491,06:08:37.491,kucoinfutures,SOL/USDT:USDT,185.03,417.0,185.026,120.0,185.031,399.0,185.039,31.0
1753769317497,06:08:37.497,kucoinfutures,SOL/USDT:USDT,185.03,417.0,185.026,120.0,185.031,399.0,185.039,31.0
1753769317506,06:08:37.506,kucoinfutures,SOL/USDT:USDT,185.03,417.0,185.026,120.0,185.031,399.0,185.041,31.0
1753769317518,06:08:37.518,kucoinfutures,SOL/USDT:USDT,185.03,417.0,185.026,120.0,185.031,399.0,185.041,31.0
1753769317525,06:08:37.525,kucoinfutures,SOL/USDT:USDT,185.03,417.0,185.026,120.0,185.031,399.0,185.041,31.0
1753769317543,06:08:37.543,kucoinfutures,SOL/USDT:USDT,185.03,417.0,185.026,120.0,185.031,399.0,185.041,31.0
1753769317549,06:08:37.549,kucoinfutures,SOL/USDT:USDT,185.03,417.0,185.026,120.0,185.031,399.0,185.04,120.0
1753769317549,06:08:37.549,kucoinfutures,SOL/USDT:USDT,185.03,417.0,185.026,120.0,185.031,399.0,185.04,120.0
1753769317569,06:08:37.569,kucoinfutures,SOL/USDT:USDT,185.03,417.0,185.026,120.0,185.031,399.0,185.04,120.0
1753769317577,06:08:37.577,kucoinfutures,SOL/USDT:USDT,185.03,417.0,185.026,120.0,185.031,399.0,185.04,120.0
1753769317596,06:08:37.596,kucoinfutures,SOL/USDT:USDT,185.03,417.0,185.026,120.0,185.031,399.0,185.04,120.0
1753769317601,06:08:37.601,kucoinfutures,SOL/USDT:USDT,185.03,417.0,185.026,120.0,185.031,399.0,185.04,120.0
1753769317606,06:08:37.606,kucoinfutures,SOL/USDT:USDT,185.03,417.0,185.026,120.0,185.031,399.0,185.039,31.0
1753769317618,06:08:37.618,kucoinfutures,SOL/USDT:USDT,185.03,305.0,185.026,120.0,185.031,399.0,185.039,31.0
1753769317619,06:08:37.619,kucoinfutures,SOL/USDT:USDT,185.03,185.0,185.026,120.0,185.031,399.0,185.039,31.0
1753769317619,06:08:37.619,kucoinfutures,SOL/USDT:USDT,185.03,185.0,185.026,120.0,185.031,399.0,185.039,31.0
1753769317620,06:08:37.620,kucoinfutures,SOL/USDT:USDT,185.03,185.0,185.025,262.0,185.031,399.0,185.039,31.0
1753769317622,06:08:37.622,kucoinfutures,SOL/USDT:USDT,185.03,185.0,185.025,262.0,185.031,399.0,185.039,31.0
1753769317624,06:08:37.624,kucoinfutures,SOL/USDT:USDT,185.03,185.0,185.025,262.0,185.031,399.0,185.039,31.0
1753769317624,06:08:37.624,kucoinfutures,SOL/USDT:USDT,185.03,185.0,185.025,262.0,185.031,399.0,185.039,31.0
1753769317627,06:08:37.627,kucoinfutures,SOL/USDT:USDT,185.03,185.0,185.025,262.0,185.031,399.0,185.039,31.0
1753769317631,06:08:37.631,kucoinfutures,SOL/USDT:USDT,185.03,185.0,185.025,262.0,185.031,399.0,185.039,31.0
1753769317647,06:08:37.647,kucoinfutures,SOL/USDT:USDT,185.03,185.0,185.025,262.0,185.031,399.0,185.039,31.0
1753769317653,06:08:37.653,kucoinfutures,SOL/USDT:USDT,185.03,185.0,185.025,262.0,185.031,399.0,185.039,31.0
1753769317673,06:08:37.673,kucoinfutures,SOL/USDT:USDT,185.03,185.0,185.025,262.0,185.031,399.0,185.039,31.0
1753769317679,06:08:37.679,kucoinfutures,SOL/USDT:USDT,185.03,185.0,185.025,262.0,185.031,399.0,185.039,31.0
1753769317697,06:08:37.697,kucoinfutures,SOL/USDT:USDT,185.03,185.0,185.025,262.0,185.031,399.0,185.039,31.0
1753769317700,06:08:37.700,kucoinfutures,SOL/USDT:USDT,185.03,185.0,185.025,262.0,185.031,399.0,185.039,31.0
1753769317705,06:08:37.705,kucoinfutures,SOL/USDT:USDT,185.03,185.0,185.025,262.0,185.031,399.0,185.039,31.0
1753769317721,06:08:37.721,kucoinfutures,SOL/USDT:USDT,185.03,185.0,185.025,262.0,185.031,399.0,185.039,31.0
1753769317725,06:08:37.725,kucoinfutures,SOL/USDT:USDT,185.03,185.0,185.025,262.0,185.031,399.0,185.039,31.0
1753769317729,06:08:37.729,kucoinfutures,SOL/USDT:USDT,185.03,185.0,185.025,262.0,185.031,399.0,185.039,31.0
1753769317730,06:08:37.730,kucoinfutures,SOL/USDT:USDT,185.03,185.0,185.025,262.0,185.031,399.0,185.039,31.0
1753769317731,06:08:37.731,kucoinfutures,SOL/USDT:USDT,185.03,185.0,185.025,262.0,185.031,399.0,185.039,31.0
1753769317733,06:08:37.733,kucoinfutures,SOL/USDT:USDT,185.03,185.0,185.025,262.0,185.031,399.0,185.039,31.0
1753769317750,06:08:37.750,kucoinfutures,SOL/USDT:USDT,185.03,185.0,185.025,262.0,185.031,399.0,185.039,31.0
1753769317756,06:08:37.756,kucoinfutures,SOL/USDT:USDT,185.03,185.0,185.025,262.0,185.031,399.0,185.039,31.0
1753769317776,06:08:37.776,kucoinfutures,SOL/USDT:USDT,185.03,185.0,185.025,262.0,185.031,399.0,185.039,31.0
1753769317777,06:08:37.777,kucoinfutures,SOL/USDT:USDT,185.03,185.0,185.025,262.0,185.031,399.0,185.039,31.0
1753769317779,06:08:37.779,kucoinfutures,SOL/USDT:USDT,185.03,185.0,185.025,262.0,185.031,399.0,185.039,31.0
1753769317782,06:08:37.782,kucoinfutures,SOL/USDT:USDT,185.03,185.0,185.025,262.0,185.031,399.0,185.039,31.0
1753769317792,06:08:37.792,kucoinfutures,SOL/USDT:USDT,185.03,185.0,185.025,262.0,185.031,399.0,185.039,31.0
1753769317801,06:08:37.801,kucoinfutures,SOL/USDT:USDT,185.03,185.0,185.025,262.0,185.031,399.0,185.039,31.0
1753769317805,06:08:37.805,kucoinfutures,SOL/USDT:USDT,185.03,185.0,185.025,262.0,185.031,399.0,185.039,31.0
1753769317805,06:08:37.805,kucoinfutures,SOL/USDT:USDT,185.03,185.0,185.025,262.0,185.031,399.0,185.039,31.0
1753769317807,06:08:37.807,kucoinfutures,SOL/USDT:USDT,185.03,185.0,185.025,262.0,185.031,399.0,185.039,31.0
1753769317828,06:08:37.828,kucoinfutures,SOL/USDT:USDT,185.03,185.0,185.025,262.0,185.031,399.0,185.039,31.0
1753769317831,06:08:37.831,kucoinfutures,SOL/USDT:USDT,185.03,185.0,185.025,262.0,185.031,399.0,185.039,31.0
1753769317835,06:08:37.835,kucoinfutures,SOL/USDT:USDT,185.03,185.0,185.025,262.0,185.031,399.0,185.039,31.0
1753769317851,06:08:37.851,kucoinfutures,SOL/USDT:USDT,185.03,185.0,185.025,262.0,185.031,399.0,185.039,31.0
1753769317852,06:08:37.852,kucoinfutures,SOL/USDT:USDT,185.03,185.0,185.025,262.0,185.031,399.0,185.039,31.0
1753769317857,06:08:37.857,kucoinfutures,SOL/USDT:USDT,185.03,185.0,185.025,262.0,185.031,399.0,185.039,31.0
1753769317878,06:08:37.878,kucoinfutures,SOL/USDT:USDT,185.03,185.0,185.025,262.0,185.031,399.0,185.039,31.0
1753769317885,06:08:37.885,kucoinfutures,SOL/USDT:USDT,185.03,185.0,185.025,262.0,185.031,399.0,185.039,31.0
1753769317891,06:08:37.891,kucoinfutures,SOL/USDT:USDT,185.03,185.0,185.025,262.0,185.031,399.0,185.039,31.0
1753769317916,06:08:37.916,kucoinfutures,SOL/USDT:USDT,185.03,297.0,185.025,262.0,185.031,399.0,185.039,31.0
1753769317916,06:08:37.916,kucoinfutures,SOL/USDT:USDT,185.03,297.0,185.025,262.0,185.031,399.0,185.039,31.0
1753769317955,06:08:37.955,kucoinfutures,SOL/USDT:USDT,185.03,297.0,185.025,262.0,185.031,399.0,185.039,31.0
1753769317958,06:08:37.958,kucoinfutures,SOL/USDT:USDT,185.03,297.0,185.025,262.0,185.031,399.0,185.039,31.0
1753769317962,06:08:37.962,kucoinfutures,SOL/USDT:USDT,185.03,297.0,185.025,262.0,185.031,399.0,185.039,31.0
1753769317982,06:08:37.982,kucoinfutures,SOL/USDT:USDT,185.03,297.0,185.025,262.0,185.031,399.0,185.039,31.0
1753769317988,06:08:37.988,kucoinfutures,SOL/USDT:USDT,185.03,297.0,185.025,262.0,185.031,399.0,185.039,31.0
1753769318003,06:08:38.003,kucoinfutures,SOL/USDT:USDT,185.03,297.0,185.025,262.0,185.031,399.0,185.039,31.0
1753769318008,06:08:38.008,kucoinfutures,SOL/USDT:USDT,185.03,297.0,185.025,262.0,185.031,399.0,185.039,31.0
1753769318011,06:08:38.011,kucoinfutures,SOL/USDT:USDT,185.03,297.0,185.025,262.0,185.031,399.0,185.039,31.0
1753769318014,06:08:38.014,kucoinfutures,SOL/USDT:USDT,185.03,297.0,185.025,262.0,185.031,399.0,185.039,31.0
1753769318034,06:08:38.034,kucoinfutures,SOL/USDT:USDT,185.03,297.0,185.025,262.0,185.031,399.0,185.039,31.0
1753769318040,06:08:38.040,kucoinfutures,SOL/USDT:USDT,185.03,297.0,185.025,262.0,185.031,399.0,185.039,31.0
1753769318060,06:08:38.060,kucoinfutures,SOL/USDT:USDT,185.03,297.0,185.025,262.0,185.031,399.0,185.039,31.0
1753769318065,06:08:38.065,kucoinfutures,SOL/USDT:USDT,185.03,297.0,185.025,262.0,185.031,399.0,185.039,31.0
1753769318071,06:08:38.071,kucoinfutures,SOL/USDT:USDT,185.03,297.0,185.025,262.0,185.031,399.0,185.039,31.0
1753769318076,06:08:38.076,kucoinfutures,SOL/USDT:USDT,185.03,297.0,185.025,262.0,185.031,399.0,185.039,31.0
1753769318085,06:08:38.085,kucoinfutures,SOL/USDT:USDT,185.03,297.0,185.025,262.0,185.031,399.0,185.039,31.0
1753769318092,06:08:38.092,kucoinfutures,SOL/USDT:USDT,185.03,297.0,185.025,262.0,185.031,399.0,185.039,31.0
1753769318110,06:08:38.110,kucoinfutures,SOL/USDT:USDT,185.03,297.0,185.025,262.0,185.031,399.0,185.039,31.0
1753769318117,06:08:38.117,kucoinfutures,SOL/USDT:USDT,185.03,297.0,185.025,262.0,185.031,399.0,185.039,31.0
1753769318137,06:08:38.137,kucoinfutures,SOL/USDT:USDT,185.03,297.0,185.025,262.0,185.031,399.0,185.039,31.0
1753769318144,06:08:38.144,kucoinfutures,SOL/USDT:USDT,185.03,297.0,185.025,262.0,185.031,399.0,185.039,31.0
1753769318157,06:08:38.157,kucoinfutures,SOL/USDT:USDT,185.03,297.0,185.025,262.0,185.031,399.0,185.039,31.0
1753769318163,06:08:38.163,kucoinfutures,SOL/USDT:USDT,185.03,297.0,185.025,262.0,185.031,399.0,185.039,31.0
1753769318167,06:08:38.167,kucoinfutures,SOL/USDT:USDT,185.03,297.0,185.025,262.0,185.031,399.0,185.039,31.0
1753769318188,06:08:38.188,kucoinfutures,SOL/USDT:USDT,185.03,297.0,185.025,262.0,185.031,399.0,185.039,31.0
1753769318195,06:08:38.195,kucoinfutures,SOL/USDT:USDT,185.03,297.0,185.025,262.0,185.031,399.0,185.039,31.0
1753769318213,06:08:38.213,kucoinfutures,SOL/USDT:USDT,185.03,297.0,185.025,262.0,185.031,399.0,185.039,31.0
1753769318216,06:08:38.216,kucoinfutures,SOL/USDT:USDT,185.03,297.0,185.025,262.0,185.031,399.0,185.039,31.0
1753769318218,06:08:38.218,kucoinfutures,SOL/USDT:USDT,185.03,297.0,185.025,262.0,185.031,399.0,185.039,31.0
1753769318241,06:08:38.241,kucoinfutures,SOL/USDT:USDT,185.03,297.0,185.025,262.0,185.031,399.0,185.039,31.0
1753769318247,06:08:38.247,kucoinfutures,SOL/USDT:USDT,185.03,297.0,185.025,262.0,185.031,399.0,185.039,31.0
1753769318266,06:08:38.266,kucoinfutures,SOL/USDT:USDT,185.03,297.0,185.025,262.0,185.031,399.0,185.039,31.0
1753769318272,06:08:38.272,kucoinfutures,SOL/USDT:USDT,185.03,297.0,185.025,262.0,185.031,399.0,185.039,31.0
1753769318279,06:08:38.279,kucoinfutures,SOL/USDT:USDT,185.03,297.0,185.025,262.0,185.031,399.0,185.039,31.0
1753769318279,06:08:38.279,kucoinfutures,SOL/USDT:USDT,185.03,297.0,185.025,262.0,185.031,399.0,185.039,31.0
1753769318291,06:08:38.291,kucoinfutures,SOL/USDT:USDT,185.03,297.0,185.025,262.0,185.031,399.0,185.039,31.0
1753769318297,06:08:38.297,kucoinfutures,SOL/USDT:USDT,185.03,297.0,185.025,262.0,185.031,399.0,185.039,31.0
1753769318317,06:08:38.317,kucoinfutures,SOL/USDT:USDT,185.03,297.0,185.025,262.0,185.031,399.0,185.039,31.0
1753769318323,06:08:38.323,kucoinfutures,SOL/USDT:USDT,185.03,297.0,185.025,262.0,185.031,399.0,185.039,31.0
1753769318328,06:08:38.328,kucoinfutures,SOL/USDT:USDT,185.03,297.0,185.025,262.0,185.031,399.0,185.039,31.0
1753769318331,06:08:38.331,kucoinfutures,SOL/USDT:USDT,185.03,297.0,185.025,262.0,185.031,399.0,185.039,31.0
1753769318331,06:08:38.331,kucoinfutures,SOL/USDT:USDT,185.03,297.0,185.025,262.0,185.031,399.0,185.039,31.0
1753769318343,06:08:38.343,kucoinfutures,SOL/USDT:USDT,185.03,297.0,185.025,262.0,185.031,399.0,185.039,31.0
1753769318349,06:08:38.349,kucoinfutures,SOL/USDT:USDT,185.03,297.0,185.025,262.0,185.031,399.0,185.039,31.0
1753769318368,06:08:38.368,kucoinfutures,SOL/USDT:USDT,185.03,297.0,185.025,262.0,185.031,399.0,185.039,31.0
1753769318373,06:08:38.373,kucoinfutures,SOL/USDT:USDT,185.03,297.0,185.025,262.0,185.031,399.0,185.039,31.0
1753769318396,06:08:38.396,kucoinfutures,SOL/USDT:USDT,185.03,297.0,185.025,262.0,185.031,399.0,185.039,31.0
1753769318400,06:08:38.400,kucoinfutures,SOL/USDT:USDT,185.03,297.0,185.025,262.0,185.031,399.0,185.039,31.0
1753769318427,06:08:38.427,kucoinfutures,SOL/USDT:USDT,185.03,297.0,185.025,262.0,185.031,399.0,185.039,31.0
1753769318446,06:08:38.446,kucoinfutures,SOL/USDT:USDT,185.03,297.0,185.025,262.0,185.031,399.0,185.039,31.0
1753769318452,06:08:38.452,kucoinfutures,SOL/USDT:USDT,185.03,297.0,185.025,262.0,185.031,399.0,185.039,31.0
1753769318472,06:08:38.472,kucoinfutures,SOL/USDT:USDT,185.03,297.0,185.025,262.0,185.031,399.0,185.039,31.0
1753769318478,06:08:38.478,kucoinfutures,SOL/USDT:USDT,185.03,297.0,185.025,262.0,185.031,399.0,185.039,31.0
1753769318498,06:08:38.498,kucoinfutures,SOL/USDT:USDT,185.03,297.0,185.025,262.0,185.031,399.0,185.039,31.0
1753769318504,06:08:38.504,kucoinfutures,SOL/USDT:USDT,185.03,297.0,185.025,262.0,185.031,399.0,185.039,31.0
1753769318505,06:08:38.505,kucoinfutures,SOL/USDT:USDT,185.03,297.0,185.025,262.0,185.031,399.0,185.042,135.0
1753769318507,06:08:38.507,kucoinfutures,SOL/USDT:USDT,185.03,297.0,185.025,262.0,185.031,399.0,185.041,31.0
1753769318524,06:08:38.524,kucoinfutures,SOL/USDT:USDT,185.03,297.0,185.025,262.0,185.031,399.0,185.041,31.0
1753769318525,06:08:38.525,kucoinfutures,SOL/USDT:USDT,185.03,297.0,185.025,262.0,185.031,399.0,185.041,31.0
1753769318525,06:08:38.525,kucoinfutures,SOL/USDT:USDT,185.03,297.0,185.025,262.0,185.031,399.0,185.041,31.0
1753769318526,06:08:38.526,kucoinfutures,SOL/USDT:USDT,185.03,297.0,185.025,262.0,185.031,399.0,185.041,31.0
1753769318529,06:08:38.529,kucoinfutures,SOL/USDT:USDT,185.03,297.0,185.025,262.0,185.031,399.0,185.041,31.0
1753769318529,06:08:38.529,kucoinfutures,SOL/USDT:USDT,185.03,297.0,185.025,262.0,185.031,399.0,185.041,31.0
1753769318531,06:08:38.531,kucoinfutures,SOL/USDT:USDT,185.03,297.0,185.025,262.0,185.031,399.0,185.041,31.0
1753769318531,06:08:38.531,kucoinfutures,SOL/USDT:USDT,185.03,297.0,185.025,262.0,185.031,399.0,185.041,31.0
1753769318531,06:08:38.531,kucoinfutures,SOL/USDT:USDT,185.03,297.0,185.025,262.0,185.031,399.0,185.041,31.0
1753769318533,06:08:38.533,kucoinfutures,SOL/USDT:USDT,185.03,297.0,185.025,262.0,185.031,399.0,185.041,31.0
1753769318534,06:08:38.534,kucoinfutures,SOL/USDT:USDT,185.03,297.0,185.025,262.0,185.031,399.0,185.041,31.0
1753769318538,06:08:38.538,kucoinfutures,SOL/USDT:USDT,185.03,417.0,185.026,120.0,185.031,399.0,185.04,120.0
1753769318540,06:08:38.540,kucoinfutures,SOL/USDT:USDT,185.03,417.0,185.026,120.0,185.031,399.0,185.04,120.0
1753769318549,06:08:38.549,kucoinfutures,SOL/USDT:USDT,185.03,417.0,185.026,120.0,185.031,399.0,185.04,120.0
1753769318557,06:08:38.557,kucoinfutures,SOL/USDT:USDT,185.03,417.0,185.026,120.0,185.031,399.0,185.04,120.0
1753769318557,06:08:38.557,kucoinfutures,SOL/USDT:USDT,185.03,417.0,185.026,120.0,185.031,399.0,185.04,120.0
1753769318575,06:08:38.575,kucoinfutures,SOL/USDT:USDT,185.03,417.0,185.026,120.0,185.031,399.0,185.04,120.0
1753769318581,06:08:38.581,kucoinfutures,SOL/USDT:USDT,185.03,417.0,185.026,120.0,185.031,399.0,185.04,120.0
1753769318601,06:08:38.601,kucoinfutures,SOL/USDT:USDT,185.03,417.0,185.026,120.0,185.031,399.0,185.04,120.0
1753769318604,06:08:38.604,kucoinfutures,SOL/USDT:USDT,185.03,417.0,185.026,120.0,185.031,399.0,185.04,120.0
1753769318606,06:08:38.606,kucoinfutures,SOL/USDT:USDT,185.03,417.0,185.026,120.0,185.031,399.0,185.039,31.0
1753769318608,06:08:38.608,kucoinfutures,SOL/USDT:USDT,185.03,417.0,185.026,120.0,185.031,399.0,185.039,31.0
1753769318627,06:08:38.627,kucoinfutures,SOL/USDT:USDT,185.03,417.0,185.026,120.0,185.031,399.0,185.039,31.0
1753769318633,06:08:38.633,kucoinfutures,SOL/USDT:USDT,185.03,417.0,185.026,120.0,185.031,399.0,185.039,31.0
1753769318652,06:08:38.652,kucoinfutures,SOL/USDT:USDT,185.03,417.0,185.026,120.0,185.031,399.0,185.039,31.0
1753769318658,06:08:38.658,kucoinfutures,SOL/USDT:USDT,185.03,417.0,185.026,120.0,185.031,399.0,185.039,31.0
1753769318676,06:08:38.676,kucoinfutures,SOL/USDT:USDT,185.03,417.0,185.026,120.0,185.031,399.0,185.039,31.0
1753769318678,06:08:38.678,kucoinfutures,SOL/USDT:USDT,185.03,417.0,185.026,120.0,185.031,399.0,185.039,31.0
1753769318683,06:08:38.683,kucoinfutures,SOL/USDT:USDT,185.03,417.0,185.026,120.0,185.031,399.0,185.039,31.0
1753769318704,06:08:38.704,kucoinfutures,SOL/USDT:USDT,185.03,417.0,185.026,120.0,185.031,399.0,185.039,31.0
1753769318710,06:08:38.710,kucoinfutures,SOL/USDT:USDT,185.03,417.0,185.026,120.0,185.031,399.0,185.039,31.0
1753769318730,06:08:38.730,kucoinfutures,SOL/USDT:USDT,185.03,417.0,185.026,120.0,185.031,399.0,185.039,31.0
1753769318735,06:08:38.735,kucoinfutures,SOL/USDT:USDT,185.03,417.0,185.026,120.0,185.031,399.0,185.039,31.0
1753769318751,06:08:38.751,kucoinfutures,SOL/USDT:USDT,185.03,417.0,185.026,120.0,185.031,399.0,185.039,31.0
1753769318755,06:08:38.755,kucoinfutures,SOL/USDT:USDT,185.03,417.0,185.026,120.0,185.031,399.0,185.039,31.0
1753769318761,06:08:38.761,kucoinfutures,SOL/USDT:USDT,185.03,417.0,185.026,120.0,185.031,399.0,185.039,31.0
1753769318777,06:08:38.777,kucoinfutures,SOL/USDT:USDT,185.03,417.0,185.026,120.0,185.031,399.0,185.039,31.0
1753769318778,06:08:38.778,kucoinfutures,SOL/USDT:USDT,185.03,417.0,185.026,120.0,185.031,399.0,185.039,31.0
1753769318781,06:08:38.781,kucoinfutures,SOL/USDT:USDT,185.03,417.0,185.026,120.0,185.031,399.0,185.039,31.0
1753769318787,06:08:38.787,kucoinfutures,SOL/USDT:USDT,185.03,417.0,185.026,120.0,185.031,399.0,185.039,31.0
1753769318809,06:08:38.809,kucoinfutures,SOL/USDT:USDT,185.03,417.0,185.026,120.0,185.031,399.0,185.039,31.0
1753769318813,06:08:38.813,kucoinfutures,SOL/USDT:USDT,185.03,417.0,185.026,120.0,185.031,399.0,185.039,31.0
1753769318833,06:08:38.833,kucoinfutures,SOL/USDT:USDT,185.03,417.0,185.026,120.0,185.031,399.0,185.039,31.0
1753769318839,06:08:38.839,kucoinfutures,SOL/USDT:USDT,185.03,417.0,185.026,120.0,185.031,399.0,185.039,31.0
1753769318845,06:08:38.845,kucoinfutures,SOL/USDT:USDT,185.03,417.0,185.026,120.0,185.031,399.0,185.039,31.0
1753769318847,06:08:38.847,kucoinfutures,SOL/USDT:USDT,185.03,417.0,185.026,120.0,185.031,399.0,185.039,31.0
1753769318859,06:08:38.859,kucoinfutures,SOL/USDT:USDT,185.03,417.0,185.026,120.0,185.031,399.0,185.039,31.0
1753769318864,06:08:38.864,kucoinfutures,SOL/USDT:USDT,185.03,417.0,185.026,120.0,185.031,399.0,185.039,31.0
1753769318884,06:08:38.884,kucoinfutures,SOL/USDT:USDT,185.03,417.0,185.026,120.0,185.031,399.0,185.039,31.0
1753769318884,06:08:38.884,kucoinfutures,SOL/USDT:USDT,185.03,417.0,185.026,120.0,185.031,399.0,185.039,31.0
1753769318884,06:08:38.884,kucoinfutures,SOL/USDT:USDT,185.03,417.0,185.026,120.0,185.031,399.0,185.039,31.0
1753769318888,06:08:38.888,kucoinfutures,SOL/USDT:USDT,185.03,417.0,185.026,120.0,185.031,399.0,185.039,31.0
1753769318888,06:08:38.888,kucoinfutures,SOL/USDT:USDT,185.03,417.0,185.026,120.0,185.031,399.0,185.039,31.0
1753769318889,06:08:38.889,kucoinfutures,SOL/USDT:USDT,185.03,417.0,185.026,120.0,185.031,399.0,185.039,31.0
1753769318893,06:08:38.893,kucoinfutures,SOL/USDT:USDT,185.03,417.0,185.026,120.0,185.031,399.0,185.039,31.0
1753769318895,06:08:38.895,kucoinfutures,SOL/USDT:USDT,185.03,417.0,185.026,120.0,185.031,399.0,185.039,31.0
1753769318908,06:08:38.908,kucoinfutures,SOL/USDT:USDT,185.03,417.0,185.026,120.0,185.031,399.0,185.039,31.0
1753769318912,06:08:38.912,kucoinfutures,SOL/USDT:USDT,185.03,417.0,185.026,120.0,185.031,399.0,185.039,31.0
1753769318914,06:08:38.914,kucoinfutures,SOL/USDT:USDT,185.03,417.0,185.026,120.0,185.031,399.0,185.039,31.0
1753769318916,06:08:38.916,kucoinfutures,SOL/USDT:USDT,185.03,417.0,185.026,120.0,185.031,399.0,185.039,31.0
1753769318937,06:08:38.937,kucoinfutures,SOL/USDT:USDT,185.03,417.0,185.026,120.0,185.031,399.0,185.039,31.0
