timestamp,time,exchange,symbol,bid1_price,bid1_volume,bid2_price,bid2_volume,ask1_price,ask1_volume,ask2_price,ask2_volume
1753769304471,06:08:24.471,bitmex,BTC/USDT:USDT,118809.1,14900.0,118808.7,29300.0,118809.2,17400.0,118814.5,6200.0
1753769305603,06:08:25.603,bitmex,BTC/USDT:USDT,118809.1,79400.0,118808.7,29300.0,118809.2,15500.0,118814.5,6200.0
1753769305660,06:08:25.660,bitmex,BTC/USDT:USDT,118814.4,29100.0,118809.4,55200.0,118814.7,6200.0,118822.0,136700.0
1753769305785,06:08:25.785,bitmex,BTC/USDT:USDT,118820.9,5100.0,118814.7,10000.0,118821.0,1900.0,118822.0,136700.0
1753769305834,06:08:25.834,bitmex,BTC/USDT:USDT,118814.8,24200.0,118814.7,10000.0,118821.9,19300.0,118822.0,136700.0
1753769305883,06:08:25.883,bitmex,BTC/USDT:USDT,118820.9,5100.0,118814.8,10000.0,118821.9,19300.0,118822.0,136700.0
1753769305932,06:08:25.932,bitmex,BTC/USDT:USDT,118820.9,5100.0,118814.8,10000.0,118821.0,9300.0,118821.8,6200.0
1753769305981,06:08:25.981,bitmex,BTC/USDT:USDT,118820.9,5100.0,118814.8,10000.0,118821.0,9300.0,118821.8,6200.0
1753769306030,06:08:26.030,bitmex,BTC/USDT:USDT,118820.9,5100.0,118814.8,10000.0,118821.0,11200.0,118821.8,6200.0
1753769306079,06:08:26.079,bitmex,BTC/USDT:USDT,118820.9,5100.0,118814.8,10000.0,118821.0,11200.0,118821.8,6200.0
1753769306128,06:08:26.128,bitmex,BTC/USDT:USDT,118820.9,5600.0,118814.8,10000.0,118821.0,11200.0,118821.8,6200.0
1753769306226,06:08:26.226,bitmex,BTC/USDT:USDT,118820.9,5600.0,118809.5,39700.0,118821.0,11200.0,118821.8,6200.0
1753769306427,06:08:26.427,bitmex,BTC/USDT:USDT,118820.9,5600.0,118809.5,39700.0,118821.0,11200.0,118821.8,6200.0
1753769306476,06:08:26.476,bitmex,BTC/USDT:USDT,118820.9,5600.0,118809.5,39700.0,118821.0,11200.0,118821.8,6200.0
1753769306712,06:08:26.712,bitmex,BTC/USDT:USDT,118820.9,500.0,118809.5,39700.0,118821.0,11200.0,118821.8,6200.0
1753769306761,06:08:26.761,bitmex,BTC/USDT:USDT,118820.9,500.0,118809.5,39700.0,118821.0,11200.0,118821.8,6200.0
1753769306810,06:08:26.810,bitmex,BTC/USDT:USDT,118820.9,500.0,118809.5,39700.0,118821.0,11200.0,118821.8,6200.0
1753769306859,06:08:26.859,bitmex,BTC/USDT:USDT,118820.9,500.0,118809.5,39700.0,118821.0,11200.0,118821.8,6200.0
1753769307363,06:08:27.363,bitmex,BTC/USDT:USDT,118809.8,9800.0,118809.7,19100.0,118821.0,17400.0,118821.8,52100.0
1753769307533,06:08:27.533,bitmex,BTC/USDT:USDT,118809.8,18200.0,118809.5,10000.0,118821.0,17400.0,118821.8,6200.0
1753769307734,06:08:27.734,bitmex,BTC/USDT:USDT,118810.0,9800.0,118809.9,22100.0,118821.0,17400.0,118821.8,6200.0
1753769307849,06:08:27.849,bitmex,BTC/USDT:USDT,118810.0,18200.0,118809.9,13700.0,118821.0,17400.0,118821.8,6200.0
1753769307898,06:08:27.898,bitmex,BTC/USDT:USDT,118810.0,18200.0,118809.9,13700.0,118821.0,17400.0,118821.8,6200.0
1753769307947,06:08:27.947,bitmex,BTC/USDT:USDT,118810.0,18200.0,118809.9,13700.0,118821.0,17400.0,118821.8,6200.0
1753769307996,06:08:27.996,bitmex,BTC/USDT:USDT,118810.0,18200.0,118809.9,13700.0,118821.0,17400.0,118821.8,6200.0
1753769308045,06:08:28.045,bitmex,BTC/USDT:USDT,118810.0,18200.0,118809.9,13700.0,118821.0,17400.0,118821.8,6200.0
1753769308270,06:08:28.270,bitmex,BTC/USDT:USDT,118810.0,18200.0,118809.9,13700.0,118821.0,17400.0,118821.8,6200.0
1753769308320,06:08:28.320,bitmex,BTC/USDT:USDT,118810.0,18200.0,118809.9,13700.0,118821.0,17400.0,118821.8,52100.0
1753769308388,06:08:28.388,bitmex,BTC/USDT:USDT,118810.0,18200.0,118809.9,13700.0,118821.0,17400.0,118821.8,52100.0
1753769308443,06:08:28.443,bitmex,BTC/USDT:USDT,118810.0,18200.0,118809.9,13700.0,118821.0,17400.0,118821.8,52100.0
1753769308492,06:08:28.492,bitmex,BTC/USDT:USDT,118810.0,18200.0,118809.9,13700.0,118821.0,17400.0,118821.8,52100.0
1753769308579,06:08:28.579,bitmex,BTC/USDT:USDT,118810.0,18200.0,118809.9,13700.0,118821.0,17400.0,118821.8,52100.0
1753769308628,06:08:28.628,bitmex,BTC/USDT:USDT,118810.0,18200.0,118809.9,13700.0,118821.0,17400.0,118821.8,52100.0
1753769308677,06:08:28.677,bitmex,BTC/USDT:USDT,118810.0,18200.0,118809.9,13700.0,118821.0,17400.0,118821.8,52100.0
1753769308726,06:08:28.726,bitmex,BTC/USDT:USDT,118810.0,18200.0,118809.9,13700.0,118821.0,17400.0,118821.8,52100.0
1753769308775,06:08:28.775,bitmex,BTC/USDT:USDT,118810.0,18200.0,118809.9,13700.0,118821.0,17400.0,118821.8,52100.0
1753769308824,06:08:28.824,bitmex,BTC/USDT:USDT,118810.0,18200.0,118809.9,13700.0,118821.0,17400.0,118821.8,52100.0
1753769309020,06:08:29.020,bitmex,BTC/USDT:USDT,118810.0,18200.0,118809.9,13700.0,118821.0,17400.0,118821.8,52100.0
1753769309677,06:08:29.677,bitmex,BTC/USDT:USDT,118810.1,80700.0,118810.0,149800.0,118820.9,51500.0,118821.0,17400.0
1753769309775,06:08:29.775,bitmex,BTC/USDT:USDT,118810.2,9800.0,118810.1,66500.0,118820.8,17400.0,118820.9,57700.0
1753769309824,06:08:29.824,bitmex,BTC/USDT:USDT,118810.2,9800.0,118810.1,66500.0,118820.8,17400.0,118820.9,57700.0
1753769309873,06:08:29.873,bitmex,BTC/USDT:USDT,118810.2,18200.0,118810.1,58100.0,118820.8,17400.0,118820.9,57700.0
1753769309975,06:08:29.975,bitmex,BTC/USDT:USDT,118810.2,18200.0,118810.1,58100.0,118820.8,17400.0,118820.9,57700.0
1753769310024,06:08:30.024,bitmex,BTC/USDT:USDT,118810.2,18200.0,118810.1,58100.0,118820.8,17400.0,118820.9,57700.0
1753769310874,06:08:30.874,bitmex,BTC/USDT:USDT,118810.2,18200.0,118810.1,58100.0,118820.8,17400.0,118820.9,57700.0
1753769311408,06:08:31.408,bitmex,BTC/USDT:USDT,118810.2,18200.0,118810.1,58100.0,118820.8,17400.0,118820.9,57700.0
1753769311844,06:08:31.844,bitmex,BTC/USDT:USDT,118810.2,18200.0,118810.1,58100.0,118820.8,17400.0,118820.9,57700.0
1753769311893,06:08:31.893,bitmex,BTC/USDT:USDT,118810.2,18200.0,118810.1,58100.0,118820.8,17400.0,118820.9,57700.0
1753769312009,06:08:32.009,bitmex,BTC/USDT:USDT,118810.2,18200.0,118810.1,58100.0,118820.8,17400.0,118820.9,57700.0
1753769312058,06:08:32.058,bitmex,BTC/USDT:USDT,118810.2,18200.0,118810.1,58100.0,118820.8,17400.0,118820.9,57700.0
1753769312621,06:08:32.621,bitmex,BTC/USDT:USDT,118810.2,18200.0,118810.1,58100.0,118820.8,17400.0,118820.9,57700.0
1753769312670,06:08:32.670,bitmex,BTC/USDT:USDT,118810.2,18200.0,118810.1,58100.0,118820.8,17400.0,118820.9,57700.0
1753769313184,06:08:33.184,bitmex,BTC/USDT:USDT,118810.2,18200.0,118810.1,58100.0,118820.8,17400.0,118820.9,57700.0
1753769313776,06:08:33.776,bitmex,BTC/USDT:USDT,118810.2,18200.0,118810.1,58100.0,118820.8,17400.0,118820.9,57700.0
1753769313825,06:08:33.825,bitmex,BTC/USDT:USDT,118810.2,18200.0,118810.1,58100.0,118820.8,17400.0,118820.9,57700.0
1753769313948,06:08:33.948,bitmex,BTC/USDT:USDT,118810.2,18200.0,118810.1,58100.0,118820.8,17400.0,118820.9,57700.0
1753769313998,06:08:33.998,bitmex,BTC/USDT:USDT,118810.2,18200.0,118810.1,58100.0,118820.8,17400.0,118820.9,57700.0
1753769314102,06:08:34.102,bitmex,BTC/USDT:USDT,118810.2,18200.0,118810.1,58100.0,118820.8,17400.0,118820.9,57700.0
1753769314152,06:08:34.152,bitmex,BTC/USDT:USDT,118810.2,18200.0,118810.1,58100.0,118820.8,17400.0,118820.9,57700.0
1753769314205,06:08:34.205,bitmex,BTC/USDT:USDT,118810.2,18200.0,118810.1,58100.0,118820.8,17400.0,118820.9,57700.0
1753769314255,06:08:34.255,bitmex,BTC/USDT:USDT,118810.2,18200.0,118810.1,58100.0,118820.8,17400.0,118820.9,57700.0
1753769314304,06:08:34.304,bitmex,BTC/USDT:USDT,118810.2,18200.0,118810.1,58100.0,118820.8,17400.0,118820.9,57700.0
1753769314304,06:08:34.304,bitmex,BTC/USDT:USDT,118810.2,18200.0,118810.1,58100.0,118820.8,17400.0,118820.9,57700.0
1753769314353,06:08:34.353,bitmex,BTC/USDT:USDT,118810.2,18200.0,118810.1,58100.0,118820.8,17400.0,118820.9,57700.0
1753769314402,06:08:34.402,bitmex,BTC/USDT:USDT,118810.2,18200.0,118810.1,58100.0,118820.8,17400.0,118820.9,57700.0
1753769314465,06:08:34.465,bitmex,BTC/USDT:USDT,118810.2,18200.0,118810.1,58100.0,118820.8,17400.0,118820.9,57700.0
1753769314515,06:08:34.515,bitmex,BTC/USDT:USDT,118810.2,18200.0,118810.1,58100.0,118820.8,17400.0,118820.9,57700.0
1753769314637,06:08:34.637,bitmex,BTC/USDT:USDT,118810.2,18200.0,118810.1,58100.0,118820.8,17400.0,118820.9,57700.0
1753769314687,06:08:34.687,bitmex,BTC/USDT:USDT,118810.2,18200.0,118810.1,58100.0,118820.8,17400.0,118820.9,57700.0
1753769314808,06:08:34.808,bitmex,BTC/USDT:USDT,118810.2,18200.0,118810.1,58100.0,118820.8,17400.0,118820.9,57700.0
1753769314857,06:08:34.857,bitmex,BTC/USDT:USDT,118810.2,18200.0,118810.1,58100.0,118820.8,17400.0,118820.9,57700.0
1753769314937,06:08:34.937,bitmex,BTC/USDT:USDT,118810.2,18200.0,118810.1,58100.0,118820.8,17400.0,118820.9,57700.0
1753769314986,06:08:34.986,bitmex,BTC/USDT:USDT,118810.2,18200.0,118810.1,58100.0,118820.8,17400.0,118820.9,57700.0
1753769315035,06:08:35.035,bitmex,BTC/USDT:USDT,118810.2,18200.0,118810.1,58100.0,118820.8,17400.0,118820.9,57700.0
1753769315149,06:08:35.149,bitmex,BTC/USDT:USDT,118810.2,18200.0,118810.1,58100.0,118820.8,17400.0,118820.9,57700.0
1753769315199,06:08:35.199,bitmex,BTC/USDT:USDT,118810.2,18200.0,118810.1,58100.0,118820.8,17400.0,118820.9,57700.0
1753769315370,06:08:35.370,bitmex,BTC/USDT:USDT,118810.2,18200.0,118810.1,58100.0,118820.8,17400.0,118820.9,57700.0
1753769315493,06:08:35.493,bitmex,BTC/USDT:USDT,118810.2,18200.0,118810.1,58100.0,118820.8,17400.0,118820.9,57700.0
1753769315543,06:08:35.543,bitmex,BTC/USDT:USDT,118810.2,18200.0,118810.1,58100.0,118820.8,17400.0,118820.9,57700.0
1753769315689,06:08:35.689,bitmex,BTC/USDT:USDT,118810.2,18200.0,118810.1,58100.0,118820.8,17400.0,118820.9,57700.0
1753769315738,06:08:35.738,bitmex,BTC/USDT:USDT,118810.2,18200.0,118810.1,58100.0,118820.8,17400.0,118820.9,57700.0
1753769315795,06:08:35.795,bitmex,BTC/USDT:USDT,118810.2,18200.0,118810.1,58100.0,118820.8,17400.0,118820.9,57700.0
1753769315845,06:08:35.845,bitmex,BTC/USDT:USDT,118810.2,18200.0,118810.1,58100.0,118820.8,17400.0,118820.9,57700.0
1753769315894,06:08:35.894,bitmex,BTC/USDT:USDT,118810.2,18200.0,118810.1,58100.0,118820.8,17400.0,118820.9,57700.0
1753769315943,06:08:35.943,bitmex,BTC/USDT:USDT,118810.2,9800.0,118810.0,140000.0,118819.6,16200.0,118819.7,53900.0
1753769315992,06:08:35.992,bitmex,BTC/USDT:USDT,118810.2,500.0,118810.0,140000.0,118810.3,11200.0,118818.1,21400.0
1753769316332,06:08:36.332,bitmex,BTC/USDT:USDT,118810.0,140500.0,118809.1,6000.0,118810.1,11200.0,118818.0,6200.0
1753769316381,06:08:36.381,bitmex,BTC/USDT:USDT,118810.0,140500.0,118809.1,6000.0,118810.1,11200.0,118818.0,6200.0
1753769316430,06:08:36.430,bitmex,BTC/USDT:USDT,118810.0,140500.0,118809.1,6000.0,118810.1,11200.0,118818.0,6200.0
1753769316631,06:08:36.631,bitmex,BTC/USDT:USDT,118810.0,140500.0,118809.1,6000.0,118810.1,11200.0,118818.0,6200.0
1753769316680,06:08:36.680,bitmex,BTC/USDT:USDT,118810.0,140500.0,118809.1,6000.0,118810.1,11200.0,118818.0,6200.0
1753769316741,06:08:36.741,bitmex,BTC/USDT:USDT,118810.0,140500.0,118809.1,6000.0,118810.1,11200.0,118818.0,6200.0
1753769316790,06:08:36.790,bitmex,BTC/USDT:USDT,118810.0,140500.0,118809.1,6000.0,118810.1,17400.0,118818.0,6200.0
1753769317008,06:08:37.008,bitmex,BTC/USDT:USDT,118810.0,140500.0,118809.1,6000.0,118810.1,17400.0,118818.0,6200.0
1753769317058,06:08:37.058,bitmex,BTC/USDT:USDT,118810.0,140500.0,118809.1,6000.0,118810.1,17400.0,118818.0,6200.0
1753769317148,06:08:37.148,bitmex,BTC/USDT:USDT,118810.0,140500.0,118809.1,6000.0,118810.1,17400.0,118818.0,6200.0
1753769318006,06:08:38.006,bitmex,BTC/USDT:USDT,118810.0,140500.0,118809.1,6000.0,118810.1,17400.0,118818.0,6200.0
1753769318104,06:08:38.104,bitmex,BTC/USDT:USDT,118810.0,149800.0,118809.1,6000.0,118810.1,8100.0,118818.0,6200.0
1753769318153,06:08:38.153,bitmex,BTC/USDT:USDT,118810.0,149800.0,118809.1,6000.0,118810.1,1900.0,118818.0,6200.0
1753769318277,06:08:38.277,bitmex,BTC/USDT:USDT,118810.0,149800.0,118809.1,6000.0,118810.1,1900.0,118818.0,6200.0
1753769318326,06:08:38.326,bitmex,BTC/USDT:USDT,118810.0,149800.0,118809.1,6000.0,118810.1,1900.0,118818.0,6200.0
1753769318326,06:08:38.326,bitmex,BTC/USDT:USDT,118810.0,149800.0,118809.1,6000.0,118810.1,1900.0,118818.0,6200.0
1753769318484,06:08:38.484,bitmex,BTC/USDT:USDT,118810.0,149800.0,118809.1,6000.0,118810.1,11200.0,118818.0,6200.0
1753769318625,06:08:38.625,bitmex,BTC/USDT:USDT,118810.0,149800.0,118809.1,6000.0,118810.1,11200.0,118818.0,6200.0
1753769318879,06:08:38.879,bitmex,BTC/USDT:USDT,118810.0,149800.0,118809.1,6000.0,118810.1,11200.0,118818.0,6200.0
1753769318928,06:08:38.928,bitmex,BTC/USDT:USDT,118810.0,140500.0,118809.1,6000.0,118810.1,11200.0,118818.0,6200.0
1753769318977,06:08:38.977,bitmex,BTC/USDT:USDT,118810.0,140500.0,118809.1,6000.0,118810.1,11200.0,118818.0,6200.0
1753769319026,06:08:39.026,bitmex,BTC/USDT:USDT,118810.0,140500.0,118809.1,6000.0,118810.1,11200.0,118818.0,6200.0
1753769319075,06:08:39.075,bitmex,BTC/USDT:USDT,118810.0,140500.0,118809.1,6000.0,118810.1,11200.0,118818.0,6200.0
1753769319173,06:08:39.173,bitmex,BTC/USDT:USDT,118810.0,140500.0,118809.1,6000.0,118810.1,11200.0,118818.0,6200.0
1753769319222,06:08:39.222,bitmex,BTC/USDT:USDT,118810.0,140500.0,118809.1,6000.0,118810.1,11200.0,118818.0,6200.0
1753769319272,06:08:39.272,bitmex,BTC/USDT:USDT,118810.0,140500.0,118809.1,6000.0,118810.1,11200.0,118818.0,6200.0
1753769319370,06:08:39.370,bitmex,BTC/USDT:USDT,118810.0,140500.0,118809.1,6000.0,118810.1,11200.0,118818.0,6200.0
1753769319419,06:08:39.419,bitmex,BTC/USDT:USDT,118810.0,140500.0,118809.1,6000.0,118810.1,11200.0,118818.0,6200.0
1753769319468,06:08:39.468,bitmex,BTC/USDT:USDT,118810.0,140500.0,118809.1,6000.0,118810.1,11200.0,118818.0,6200.0
1753769319525,06:08:39.525,bitmex,BTC/USDT:USDT,118810.0,140500.0,118809.1,6000.0,118810.1,11200.0,118818.0,6200.0
1753769319574,06:08:39.574,bitmex,BTC/USDT:USDT,118810.0,140500.0,118809.1,6000.0,118810.1,11200.0,118818.0,6200.0
1753769319623,06:08:39.623,bitmex,BTC/USDT:USDT,118810.0,140500.0,118809.1,6000.0,118810.1,11200.0,118818.0,6200.0
1753769319672,06:08:39.672,bitmex,BTC/USDT:USDT,118810.0,140500.0,118809.1,6000.0,118810.1,11200.0,118818.0,6200.0
1753769319770,06:08:39.770,bitmex,BTC/USDT:USDT,118810.0,140500.0,118809.1,6000.0,118810.1,11200.0,118818.0,6200.0
1753769319820,06:08:39.820,bitmex,BTC/USDT:USDT,118810.0,140500.0,118809.1,6000.0,118810.1,11200.0,118818.0,6200.0
1753769319820,06:08:39.820,bitmex,BTC/USDT:USDT,118810.0,140500.0,118809.1,6000.0,118810.1,11200.0,118818.0,6200.0
1753769319869,06:08:39.869,bitmex,BTC/USDT:USDT,118810.0,140500.0,118809.1,6000.0,118810.1,11200.0,118818.0,6200.0
1753769319967,06:08:39.967,bitmex,BTC/USDT:USDT,118810.0,140500.0,118809.1,6000.0,118810.1,11200.0,118818.0,6200.0
1753769320016,06:08:40.016,bitmex,BTC/USDT:USDT,118810.0,140500.0,118809.1,6000.0,118810.1,11200.0,118818.0,6200.0
1753769320065,06:08:40.065,bitmex,BTC/USDT:USDT,118810.0,140000.0,118809.1,6000.0,118810.1,21200.0,118818.0,6200.0
1753769320114,06:08:40.114,bitmex,BTC/USDT:USDT,118810.0,140000.0,118809.1,6000.0,118810.1,21200.0,118818.0,6200.0
1753769320180,06:08:40.180,bitmex,BTC/USDT:USDT,118810.0,140000.0,118809.1,6000.0,118810.1,21200.0,118818.0,6200.0
1753769320229,06:08:40.229,bitmex,BTC/USDT:USDT,118810.0,140000.0,118809.1,6000.0,118810.1,21200.0,118818.0,6200.0
1753769320280,06:08:40.280,bitmex,BTC/USDT:USDT,118810.0,140000.0,118809.1,6000.0,118810.1,21200.0,118818.0,6200.0
1753769320330,06:08:40.330,bitmex,BTC/USDT:USDT,118810.0,140500.0,118809.1,6000.0,118810.1,27400.0,118818.0,6200.0
1753769320379,06:08:40.379,bitmex,BTC/USDT:USDT,118810.0,140500.0,118809.1,6000.0,118810.1,27400.0,118818.0,6200.0
1753769320574,06:08:40.574,bitmex,BTC/USDT:USDT,118810.0,140500.0,118809.1,6000.0,118810.1,27400.0,118818.0,6200.0
1753769320624,06:08:40.624,bitmex,BTC/USDT:USDT,118810.0,140500.0,118809.1,6000.0,118810.1,27400.0,118818.0,6200.0
1753769320722,06:08:40.722,bitmex,BTC/USDT:USDT,118810.0,140500.0,118809.1,6000.0,118810.1,27400.0,118818.0,6200.0
1753769320869,06:08:40.869,bitmex,BTC/USDT:USDT,118810.0,140000.0,118809.1,6000.0,118810.1,27400.0,118815.9,6200.0
1753769320869,06:08:40.869,bitmex,BTC/USDT:USDT,118810.0,140000.0,118809.1,6000.0,118810.1,27400.0,118815.9,6200.0
1753769320918,06:08:40.918,bitmex,BTC/USDT:USDT,118810.0,140000.0,118809.1,6000.0,118810.1,27400.0,118815.9,6200.0
1753769321067,06:08:41.067,bitmex,BTC/USDT:USDT,118810.0,140000.0,118809.1,6000.0,118810.1,27400.0,118815.7,6200.0
1753769321117,06:08:41.117,bitmex,BTC/USDT:USDT,118810.0,140000.0,118809.1,6000.0,118810.1,27400.0,118815.7,6200.0
1753769321294,06:08:41.294,bitmex,BTC/USDT:USDT,118810.0,140000.0,118809.1,6000.0,118810.1,27300.0,118815.7,6200.0
1753769321399,06:08:41.399,bitmex,BTC/USDT:USDT,118810.0,140000.0,118809.1,6000.0,118810.1,27300.0,118815.7,6200.0
1753769321743,06:08:41.743,bitmex,BTC/USDT:USDT,118809.1,6000.0,118808.7,29300.0,118809.2,27300.0,118810.1,16200.0
1753769321792,06:08:41.792,bitmex,BTC/USDT:USDT,118809.1,6000.0,118808.7,29300.0,118809.2,27300.0,118810.1,16200.0
1753769321841,06:08:41.841,bitmex,BTC/USDT:USDT,118809.1,6600.0,118808.7,29300.0,118809.2,27300.0,118810.1,6200.0
1753769321890,06:08:41.890,bitmex,BTC/USDT:USDT,118809.1,6000.0,118808.7,29300.0,118809.2,27300.0,118810.1,6200.0
1753769321939,06:08:41.939,bitmex,BTC/USDT:USDT,118809.1,6000.0,118808.7,29300.0,118809.2,27300.0,118810.1,6200.0
1753769321988,06:08:41.988,bitmex,BTC/USDT:USDT,118809.1,6000.0,118808.7,29300.0,118809.2,27300.0,118810.1,6200.0
1753769322037,06:08:42.037,bitmex,BTC/USDT:USDT,118809.1,6000.0,118808.7,29300.0,118809.2,27300.0,118810.1,6200.0
1753769322086,06:08:42.086,bitmex,BTC/USDT:USDT,118809.1,6000.0,118808.7,29300.0,118809.2,27300.0,118810.1,6200.0
1753769322135,06:08:42.135,bitmex,BTC/USDT:USDT,118809.1,6000.0,118808.7,29300.0,118809.2,27300.0,118810.1,6200.0
1753769322184,06:08:42.184,bitmex,BTC/USDT:USDT,118809.1,6000.0,118808.7,29300.0,118809.2,27300.0,118810.1,6200.0
1753769322233,06:08:42.233,bitmex,BTC/USDT:USDT,118809.1,6000.0,118808.7,29300.0,118809.2,27300.0,118810.1,6200.0
1753769322282,06:08:42.282,bitmex,BTC/USDT:USDT,118809.1,6000.0,118808.7,29300.0,118809.2,27300.0,118810.1,6200.0
1753769322331,06:08:42.331,bitmex,BTC/USDT:USDT,118809.1,6600.0,118808.7,29300.0,118809.2,27300.0,118810.1,6200.0
1753769322507,06:08:42.507,bitmex,BTC/USDT:USDT,118809.1,6000.0,118804.0,140000.0,118809.2,27300.0,118810.1,6200.0
1753769322568,06:08:42.568,bitmex,BTC/USDT:USDT,118809.1,6000.0,118804.0,140000.0,118809.2,27300.0,118810.1,6200.0
1753769322617,06:08:42.617,bitmex,BTC/USDT:USDT,118809.1,6000.0,118804.0,140000.0,118809.2,27300.0,118810.1,6200.0
1753769322666,06:08:42.666,bitmex,BTC/USDT:USDT,118809.1,6000.0,118804.0,140000.0,118809.2,27300.0,118810.1,6200.0
1753769322715,06:08:42.715,bitmex,BTC/USDT:USDT,118809.1,6000.0,118804.0,140000.0,118809.2,27300.0,118810.1,6200.0
1753769322764,06:08:42.764,bitmex,BTC/USDT:USDT,118809.1,6000.0,118804.0,140000.0,118809.2,27300.0,118810.1,6200.0
1753769322813,06:08:42.813,bitmex,BTC/USDT:USDT,118809.1,6000.0,118804.0,140000.0,118809.2,27300.0,118810.1,6200.0
1753769322862,06:08:42.862,bitmex,BTC/USDT:USDT,118809.1,6000.0,118804.0,140000.0,118809.2,17300.0,118810.1,6200.0
1753769322911,06:08:42.911,bitmex,BTC/USDT:USDT,118809.1,6000.0,118804.0,140000.0,118809.2,17300.0,118810.1,6200.0
1753769322960,06:08:42.960,bitmex,BTC/USDT:USDT,118809.1,6000.0,118804.0,140000.0,118809.2,17300.0,118810.1,6200.0
1753769323009,06:08:43.009,bitmex,BTC/USDT:USDT,118809.1,6000.0,118804.0,140000.0,118809.2,27300.0,118810.1,6200.0
1753769323058,06:08:43.058,bitmex,BTC/USDT:USDT,118809.1,6000.0,118804.0,140000.0,118809.2,27300.0,118810.1,6200.0
1753769323173,06:08:43.173,bitmex,BTC/USDT:USDT,118809.1,6000.0,118804.0,140000.0,118809.2,27300.0,118810.1,6200.0
1753769323223,06:08:43.223,bitmex,BTC/USDT:USDT,118809.1,6000.0,118804.1,8400.0,118809.2,27300.0,118810.1,6200.0
1753769323272,06:08:43.272,bitmex,BTC/USDT:USDT,118809.1,6000.0,118804.1,8400.0,118809.2,27300.0,118810.1,6200.0
1753769323681,06:08:43.681,bitmex,BTC/USDT:USDT,118809.1,6000.0,118804.1,8400.0,118809.2,27300.0,118810.1,6200.0
1753769323731,06:08:43.731,bitmex,BTC/USDT:USDT,118809.1,6000.0,118804.1,8400.0,118809.2,27300.0,118810.1,6200.0
1753769323855,06:08:43.855,bitmex,BTC/USDT:USDT,118809.1,6000.0,118804.1,8400.0,118809.2,27300.0,118810.1,6200.0
1753769323904,06:08:43.904,bitmex,BTC/USDT:USDT,118809.1,6000.0,118804.1,8400.0,118809.2,27300.0,118810.1,6200.0
1753769323953,06:08:43.953,bitmex,BTC/USDT:USDT,118809.1,6000.0,118804.1,8400.0,118809.2,27300.0,118810.1,6200.0
1753769324002,06:08:44.002,bitmex,BTC/USDT:USDT,118809.1,6000.0,118804.1,8400.0,118809.2,27300.0,118810.1,6200.0
1753769324100,06:08:44.100,bitmex,BTC/USDT:USDT,118809.1,6000.0,118804.1,8400.0,118809.2,27300.0,118810.1,6200.0
1753769324201,06:08:44.201,bitmex,BTC/USDT:USDT,118809.1,6000.0,118804.1,8400.0,118809.2,27300.0,118810.1,6200.0
1753769324574,06:08:44.574,bitmex,BTC/USDT:USDT,118809.1,6000.0,118804.1,8400.0,118809.2,27300.0,118810.1,6200.0
1753769324623,06:08:44.623,bitmex,BTC/USDT:USDT,118809.1,6000.0,118804.1,8400.0,118809.2,27300.0,118810.1,6200.0
1753769324672,06:08:44.672,bitmex,BTC/USDT:USDT,118809.1,6000.0,118804.1,8400.0,118809.2,27300.0,118810.1,6200.0
1753769324807,06:08:44.807,bitmex,BTC/USDT:USDT,118809.1,6000.0,118804.1,8400.0,118809.2,17300.0,118810.1,6200.0
1753769324857,06:08:44.857,bitmex,BTC/USDT:USDT,118809.1,6000.0,118804.1,8400.0,118809.2,17300.0,118810.1,6200.0
1753769325008,06:08:45.008,bitmex,BTC/USDT:USDT,118809.1,6000.0,118804.1,8400.0,118809.2,17300.0,118810.1,6200.0
1753769325057,06:08:45.057,bitmex,BTC/USDT:USDT,118809.1,6000.0,118804.1,8400.0,118809.2,17300.0,118810.1,6200.0
1753769325106,06:08:45.106,bitmex,BTC/USDT:USDT,118809.1,6600.0,118804.1,8400.0,118809.2,17300.0,118810.1,6200.0
1753769325156,06:08:45.156,bitmex,BTC/USDT:USDT,118809.1,6000.0,118804.1,8400.0,118809.2,17300.0,118810.1,6200.0
1753769325205,06:08:45.205,bitmex,BTC/USDT:USDT,118809.1,6000.0,118804.1,8400.0,118809.2,17300.0,118810.1,6200.0
1753769325254,06:08:45.254,bitmex,BTC/USDT:USDT,118809.1,6000.0,118804.1,8400.0,118809.2,17300.0,118810.1,6200.0
1753769325303,06:08:45.303,bitmex,BTC/USDT:USDT,118809.1,6000.0,118804.1,8400.0,118809.2,17300.0,118810.1,6200.0
1753769325352,06:08:45.352,bitmex,BTC/USDT:USDT,118809.1,6000.0,118804.1,8400.0,118809.2,17300.0,118810.1,6200.0
1753769325540,06:08:45.540,bitmex,BTC/USDT:USDT,118809.1,6000.0,118804.1,8400.0,118809.2,17300.0,118810.1,6200.0
1753769325617,06:08:45.617,bitmex,BTC/USDT:USDT,118809.1,6000.0,118804.1,8400.0,118809.2,17300.0,118810.1,6200.0
1753769325738,06:08:45.738,bitmex,BTC/USDT:USDT,118809.1,6000.0,118804.1,8400.0,118809.2,17300.0,118810.1,6200.0
1753769325787,06:08:45.787,bitmex,BTC/USDT:USDT,118809.1,6000.0,118804.1,8400.0,118809.2,17300.0,118810.1,6200.0
1753769325840,06:08:45.840,bitmex,BTC/USDT:USDT,118809.1,6000.0,118804.1,8400.0,118809.2,17300.0,118810.1,6200.0
1753769325889,06:08:45.889,bitmex,BTC/USDT:USDT,118809.1,6000.0,118804.1,8400.0,118809.2,17300.0,118810.1,6200.0
1753769325979,06:08:45.979,bitmex,BTC/USDT:USDT,118809.1,6000.0,118804.1,8400.0,118809.2,17300.0,118810.1,6200.0
1753769326029,06:08:46.029,bitmex,BTC/USDT:USDT,118809.1,6000.0,118804.1,8400.0,118809.2,17300.0,118810.1,6200.0
1753769326078,06:08:46.078,bitmex,BTC/USDT:USDT,118809.1,6000.0,118804.1,8400.0,118809.2,17300.0,118810.1,6200.0
1753769326127,06:08:46.127,bitmex,BTC/USDT:USDT,118810.0,19200.0,118809.1,6600.0,118810.1,5400.0,118814.7,6200.0
1753769326176,06:08:46.176,bitmex,BTC/USDT:USDT,118810.0,9900.0,118809.1,6000.0,118810.1,8400.0,118814.7,6200.0
1753769326233,06:08:46.233,bitmex,BTC/USDT:USDT,118810.0,9900.0,118809.1,6000.0,118810.1,8300.0,118814.7,6200.0
1753769326283,06:08:46.283,bitmex,BTC/USDT:USDT,118810.0,600.0,118809.1,6000.0,118810.1,8200.0,118814.7,6200.0
1753769326536,06:08:46.536,bitmex,BTC/USDT:USDT,118810.0,9900.0,118809.1,6000.0,118810.1,8200.0,118814.7,6200.0
1753769326585,06:08:46.585,bitmex,BTC/USDT:USDT,118810.0,18600.0,118809.1,12200.0,118814.6,3000.0,118814.7,6200.0
1753769326634,06:08:46.634,bitmex,BTC/USDT:USDT,118810.0,18600.0,118809.1,12200.0,118814.6,3000.0,118814.7,6200.0
1753769326689,06:08:46.689,bitmex,BTC/USDT:USDT,118810.0,18600.0,118809.1,12200.0,118814.6,3000.0,118814.7,6200.0
1753769326739,06:08:46.739,bitmex,BTC/USDT:USDT,118814.5,1900.0,118810.0,18600.0,118814.6,3000.0,118814.7,6200.0
1753769326788,06:08:46.788,bitmex,BTC/USDT:USDT,118814.5,1900.0,118809.2,9300.0,118814.6,3000.0,118814.7,6200.0
1753769326837,06:08:46.837,bitmex,BTC/USDT:USDT,118814.5,1900.0,118809.2,9300.0,118814.6,3000.0,118814.7,6200.0
1753769326886,06:08:46.886,bitmex,BTC/USDT:USDT,118809.1,12200.0,118804.1,50400.0,118814.6,9200.0,118814.7,6200.0
1753769326936,06:08:46.936,bitmex,BTC/USDT:USDT,118814.5,1900.0,118809.4,9300.0,118814.6,9200.0,118814.7,6200.0
1753769326985,06:08:46.985,bitmex,BTC/USDT:USDT,118809.2,20500.0,118809.1,12200.0,118814.6,9200.0,118814.7,6200.0
1753769327034,06:08:47.034,bitmex,BTC/USDT:USDT,118809.2,18600.0,118809.1,12200.0,118814.6,9200.0,118814.7,6200.0
1753769327083,06:08:47.083,bitmex,BTC/USDT:USDT,118809.2,9300.0,118809.1,12200.0,118814.6,9200.0,118814.7,6200.0
1753769327132,06:08:47.132,bitmex,BTC/USDT:USDT,118809.1,12200.0,118804.1,50400.0,118814.6,9200.0,118814.7,6200.0
1753769327184,06:08:47.184,bitmex,BTC/USDT:USDT,118809.2,9300.0,118809.1,12200.0,118814.6,9200.0,118814.7,6200.0
1753769327233,06:08:47.233,bitmex,BTC/USDT:USDT,118814.5,1900.0,118809.2,18600.0,118814.6,9200.0,118814.7,6200.0
1753769327282,06:08:47.282,bitmex,BTC/USDT:USDT,118814.5,1900.0,118809.1,12200.0,118814.6,9200.0,118814.7,6200.0
1753769327380,06:08:47.380,bitmex,BTC/USDT:USDT,118814.5,1900.0,118809.1,12200.0,118814.6,9200.0,118814.7,6200.0
1753769327429,06:08:47.429,bitmex,BTC/USDT:USDT,118814.5,1900.0,118809.1,12200.0,118814.6,9200.0,118814.7,6200.0
1753769327478,06:08:47.478,bitmex,BTC/USDT:USDT,118814.5,1900.0,118809.1,12200.0,118814.6,9200.0,118814.7,6200.0
1753769327527,06:08:47.527,bitmex,BTC/USDT:USDT,118814.5,1900.0,118809.1,12200.0,118814.6,9200.0,118814.7,6200.0
1753769327576,06:08:47.576,bitmex,BTC/USDT:USDT,118814.5,1900.0,118809.1,12200.0,118814.6,9200.0,118814.7,6200.0
1753769327625,06:08:47.625,bitmex,BTC/USDT:USDT,118814.5,1900.0,118809.2,18600.0,118814.6,9200.0,118814.7,6200.0
1753769327674,06:08:47.674,bitmex,BTC/USDT:USDT,118814.5,1900.0,118809.2,20500.0,118814.6,9200.0,118814.7,6200.0
1753769327723,06:08:47.723,bitmex,BTC/USDT:USDT,118814.5,1900.0,118809.2,18600.0,118814.6,9200.0,118814.7,6200.0
1753769327772,06:08:47.772,bitmex,BTC/USDT:USDT,118809.1,12200.0,118808.0,140000.0,118814.6,9200.0,118814.7,6200.0
1753769327821,06:08:47.821,bitmex,BTC/USDT:USDT,118809.2,20500.0,118809.1,12200.0,118814.6,9200.0,118814.7,6200.0
1753769328008,06:08:48.008,bitmex,BTC/USDT:USDT,118809.2,20500.0,118809.1,12200.0,118814.6,9200.0,118814.7,6200.0
1753769328057,06:08:48.057,bitmex,BTC/USDT:USDT,118809.2,20500.0,118809.1,12200.0,118814.6,9200.0,118814.7,6200.0
1753769328212,06:08:48.212,bitmex,BTC/USDT:USDT,118809.4,18600.0,118809.3,6200.0,118814.6,9200.0,118814.7,6200.0
1753769328408,06:08:48.408,bitmex,BTC/USDT:USDT,118809.7,18600.0,118809.6,6200.0,118814.6,9200.0,118814.7,6200.0
1753769328457,06:08:48.457,bitmex,BTC/USDT:USDT,118814.5,1900.0,118809.7,18600.0,118814.6,9200.0,118814.7,6200.0
1753769328506,06:08:48.506,bitmex,BTC/USDT:USDT,118814.5,1900.0,118809.8,6200.0,118814.6,9200.0,118814.7,6200.0
1753769328604,06:08:48.604,bitmex,BTC/USDT:USDT,118814.5,1900.0,118809.8,6200.0,118814.6,9200.0,118814.7,6200.0
1753769329125,06:08:49.125,bitmex,BTC/USDT:USDT,118814.5,1900.0,118810.1,6200.0,118814.6,9200.0,118814.7,6200.0
1753769329308,06:08:49.308,bitmex,BTC/USDT:USDT,118814.5,1900.0,118810.3,6200.0,118814.6,9200.0,118814.7,6200.0
1753769329357,06:08:49.357,bitmex,BTC/USDT:USDT,118814.5,1900.0,118810.3,6200.0,118814.6,9200.0,118814.7,6200.0
1753769329455,06:08:49.455,bitmex,BTC/USDT:USDT,118810.4,18600.0,118810.3,6200.0,118814.6,9200.0,118814.7,6200.0
1753769329504,06:08:49.504,bitmex,BTC/USDT:USDT,118814.5,1900.0,118810.4,18600.0,118814.6,9200.0,118814.7,6200.0
1753769329785,06:08:49.785,bitmex,BTC/USDT:USDT,118814.5,1900.0,118810.3,6200.0,118814.6,9200.0,118814.7,6200.0
1753769329834,06:08:49.834,bitmex,BTC/USDT:USDT,118814.5,1900.0,118810.3,6200.0,118814.6,9200.0,118814.7,6200.0
1753769330275,06:08:50.275,bitmex,BTC/USDT:USDT,118814.5,1900.0,118810.3,6200.0,118814.6,9200.0,118814.7,6200.0
1753769330324,06:08:50.324,bitmex,BTC/USDT:USDT,118814.5,1900.0,118810.5,9300.0,118814.6,9200.0,118814.7,6200.0
1753769330373,06:08:50.373,bitmex,BTC/USDT:USDT,118814.5,1900.0,118810.3,6200.0,118814.6,9200.0,118814.7,6200.0
1753769330612,06:08:50.612,bitmex,BTC/USDT:USDT,118814.5,1900.0,118810.3,6200.0,118814.6,9200.0,118814.7,6200.0
1753769330661,06:08:50.661,bitmex,BTC/USDT:USDT,118814.5,1900.0,118810.3,6200.0,118814.6,9200.0,118814.7,6200.0
1753769330710,06:08:50.710,bitmex,BTC/USDT:USDT,118814.5,1900.0,118810.3,6200.0,118814.6,9200.0,118814.7,6200.0
1753769330759,06:08:50.759,bitmex,BTC/USDT:USDT,118810.4,6200.0,118809.1,6000.0,118814.6,9200.0,118814.7,6200.0
1753769330863,06:08:50.863,bitmex,BTC/USDT:USDT,118814.5,1900.0,118810.5,9300.0,118814.6,9200.0,118814.7,6200.0
1753769330912,06:08:50.912,bitmex,BTC/USDT:USDT,118810.5,9300.0,118810.4,6200.0,118814.6,9200.0,118814.7,6200.0
1753769330961,06:08:50.961,bitmex,BTC/USDT:USDT,118814.5,1900.0,118810.4,6200.0,118814.6,9200.0,118814.7,6200.0
1753769331010,06:08:51.010,bitmex,BTC/USDT:USDT,118814.5,1900.0,118810.6,9300.0,118814.6,9200.0,118814.7,6200.0
1753769331059,06:08:51.059,bitmex,BTC/USDT:USDT,118814.5,1900.0,118810.9,9300.0,118814.6,9200.0,118814.7,6200.0
1753769331108,06:08:51.108,bitmex,BTC/USDT:USDT,118814.5,1900.0,118811.2,9300.0,118814.6,9200.0,118814.7,6200.0
1753769331157,06:08:51.157,bitmex,BTC/USDT:USDT,118814.5,1900.0,118811.3,9300.0,118814.6,9200.0,118814.7,6200.0
1753769331206,06:08:51.206,bitmex,BTC/USDT:USDT,118814.5,1900.0,118811.3,9300.0,118814.6,9200.0,118814.7,6200.0
1753769331255,06:08:51.255,bitmex,BTC/USDT:USDT,118811.3,9300.0,118811.2,9300.0,118814.6,9200.0,118814.7,6200.0
1753769331304,06:08:51.304,bitmex,BTC/USDT:USDT,118811.6,1900.0,118811.5,9300.0,118814.6,9200.0,118814.7,6200.0
1753769331353,06:08:51.353,bitmex,BTC/USDT:USDT,118811.9,11200.0,118811.8,9300.0,118814.6,9200.0,118814.7,6200.0
1753769331402,06:08:51.402,bitmex,BTC/USDT:USDT,118812.1,11200.0,118812.0,9300.0,118814.6,9200.0,118814.7,6200.0
1753769331675,06:08:51.675,bitmex,BTC/USDT:USDT,118812.1,11200.0,118812.0,9300.0,118814.6,9200.0,118814.7,6200.0
1753769331880,06:08:51.880,bitmex,BTC/USDT:USDT,118812.1,11200.0,118812.0,9300.0,118814.6,9200.0,118814.7,6200.0
1753769331930,06:08:51.930,bitmex,BTC/USDT:USDT,118810.5,9300.0,118810.4,6200.0,118812.0,3000.0,118812.1,6200.0
1753769331979,06:08:51.979,bitmex,BTC/USDT:USDT,118810.5,18600.0,118810.4,6200.0,118812.0,3000.0,118812.1,6200.0
1753769332369,06:08:52.369,bitmex,BTC/USDT:USDT,118811.9,1900.0,118810.5,9300.0,118812.0,3000.0,118812.1,6200.0
1753769332418,06:08:52.418,bitmex,BTC/USDT:USDT,118811.9,20500.0,118810.4,6200.0,118812.0,3000.0,118812.1,6200.0
1753769332498,06:08:52.498,bitmex,BTC/USDT:USDT,118811.9,20500.0,118810.4,6200.0,118812.0,3000.0,118812.1,6200.0
1753769332548,06:08:52.548,bitmex,BTC/USDT:USDT,118811.9,20500.0,118810.4,6200.0,118812.0,3000.0,118812.1,6200.0
1753769333025,06:08:53.025,bitmex,BTC/USDT:USDT,118811.9,20500.0,118810.4,6200.0,118812.0,3000.0,118812.1,6200.0
1753769333335,06:08:53.335,bitmex,BTC/USDT:USDT,118811.9,20500.0,118810.4,6200.0,118812.0,3000.0,118812.1,6200.0
1753769333396,06:08:53.396,bitmex,BTC/USDT:USDT,118811.9,20500.0,118810.4,6200.0,118812.0,3000.0,118812.1,6200.0
1753769333445,06:08:53.445,bitmex,BTC/USDT:USDT,118810.4,6200.0,118809.1,6000.0,118812.0,3000.0,118812.1,6200.0
1753769333592,06:08:53.592,bitmex,BTC/USDT:USDT,118809.1,6000.0,118808.0,140000.0,118812.1,9200.0,118814.6,6200.0
1753769333642,06:08:53.642,bitmex,BTC/USDT:USDT,118809.1,6000.0,118803.1,6200.0,118812.1,6200.0,118814.6,6200.0
1753769333691,06:08:53.691,bitmex,BTC/USDT:USDT,118809.1,6000.0,118805.0,140000.0,118809.2,9200.0,118812.1,6200.0
1753769333741,06:08:53.741,bitmex,BTC/USDT:USDT,118809.1,6000.0,118805.0,140000.0,118809.2,9200.0,118812.1,6200.0
1753769333790,06:08:53.790,bitmex,BTC/USDT:USDT,118809.1,6000.0,118805.0,140000.0,118809.2,9200.0,118812.1,6200.0
1753769333839,06:08:53.839,bitmex,BTC/USDT:USDT,118809.1,6000.0,118805.0,140000.0,118809.2,9200.0,118812.1,6200.0
1753769333967,06:08:53.967,bitmex,BTC/USDT:USDT,118809.1,6000.0,118805.0,140000.0,118809.2,9200.0,118812.1,6200.0
1753769334016,06:08:54.016,bitmex,BTC/USDT:USDT,118809.1,6000.0,118805.0,140000.0,118809.2,9200.0,118812.1,6200.0
1753769334065,06:08:54.065,bitmex,BTC/USDT:USDT,118809.1,6000.0,118805.0,140000.0,118809.2,9200.0,118812.1,6200.0
1753769334167,06:08:54.167,bitmex,BTC/USDT:USDT,118809.1,6000.0,118805.0,140000.0,118809.2,9200.0,118812.1,6200.0
1753769334216,06:08:54.216,bitmex,BTC/USDT:USDT,118809.1,6000.0,118805.0,140000.0,118809.2,9200.0,118812.1,6200.0
1753769334595,06:08:54.595,bitmex,BTC/USDT:USDT,118809.1,6000.0,118805.0,140000.0,118809.2,9200.0,118812.1,6200.0
1753769334644,06:08:54.644,bitmex,BTC/USDT:USDT,118809.1,6000.0,118805.0,140000.0,118809.2,9200.0,118812.1,6200.0
1753769334693,06:08:54.693,bitmex,BTC/USDT:USDT,118809.1,6000.0,118805.0,140000.0,118809.2,9200.0,118812.1,6200.0
1753769334742,06:08:54.742,bitmex,BTC/USDT:USDT,118809.1,6000.0,118805.0,140000.0,118809.2,64800.0,118812.1,6200.0
1753769334814,06:08:54.814,bitmex,BTC/USDT:USDT,118809.1,6000.0,118805.0,140000.0,118809.2,64800.0,118812.1,6200.0
1753769334863,06:08:54.863,bitmex,BTC/USDT:USDT,118809.1,6000.0,118805.0,140000.0,118809.2,74800.0,118812.1,6200.0
1753769334961,06:08:54.961,bitmex,BTC/USDT:USDT,118809.1,6000.0,118805.0,140000.0,118809.2,74800.0,118812.1,6200.0
1753769335065,06:08:55.065,bitmex,BTC/USDT:USDT,118809.1,6000.0,118805.0,140000.0,118809.2,74800.0,118812.1,6200.0
1753769335115,06:08:55.115,bitmex,BTC/USDT:USDT,118809.1,6000.0,118805.0,140000.0,118809.2,74800.0,118812.1,6200.0
1753769335207,06:08:55.207,bitmex,BTC/USDT:USDT,118809.1,6000.0,118805.0,140000.0,118809.2,74800.0,118812.1,6200.0
1753769335257,06:08:55.257,bitmex,BTC/USDT:USDT,118809.1,6000.0,118805.0,140000.0,118809.2,74800.0,118812.1,6200.0
1753769335367,06:08:55.367,bitmex,BTC/USDT:USDT,118809.1,6000.0,118805.0,140000.0,118809.2,74800.0,118812.1,6200.0
1753769335416,06:08:55.416,bitmex,BTC/USDT:USDT,118809.1,6000.0,118805.0,140000.0,118809.2,74800.0,118812.1,6200.0
1753769335515,06:08:55.515,bitmex,BTC/USDT:USDT,118809.1,6000.0,118805.0,140000.0,118809.2,74800.0,118812.1,6200.0
1753769335564,06:08:55.564,bitmex,BTC/USDT:USDT,118809.1,6000.0,118805.0,140000.0,118809.2,74800.0,118812.1,6200.0
1753769335613,06:08:55.613,bitmex,BTC/USDT:USDT,118809.1,6000.0,118805.0,140000.0,118809.2,74800.0,118812.1,6200.0
1753769335672,06:08:55.672,bitmex,BTC/USDT:USDT,118809.1,6000.0,118805.0,140000.0,118809.2,74800.0,118812.1,6200.0
1753769335728,06:08:55.728,bitmex,BTC/USDT:USDT,118809.1,6000.0,118805.0,140000.0,118809.2,74800.0,118812.1,6200.0
1753769335777,06:08:55.777,bitmex,BTC/USDT:USDT,118809.1,6000.0,118805.0,140000.0,118809.2,74800.0,118812.1,6200.0
1753769335850,06:08:55.850,bitmex,BTC/USDT:USDT,118809.1,6000.0,118805.0,140000.0,118809.2,74800.0,118812.0,10000.0
1753769335900,06:08:55.900,bitmex,BTC/USDT:USDT,118809.1,6000.0,118805.0,140000.0,118809.2,74800.0,118811.9,6200.0
1753769335974,06:08:55.974,bitmex,BTC/USDT:USDT,118809.1,6000.0,118805.0,140000.0,118809.2,74800.0,118811.9,6200.0
1753769336023,06:08:56.023,bitmex,BTC/USDT:USDT,118809.1,6000.0,118805.0,140000.0,118809.2,74800.0,118811.9,6200.0
1753769336131,06:08:56.131,bitmex,BTC/USDT:USDT,118809.1,6000.0,118805.0,140000.0,118809.2,74800.0,118811.9,6200.0
1753769336180,06:08:56.180,bitmex,BTC/USDT:USDT,118809.1,6000.0,118805.0,140000.0,118809.2,74800.0,118811.9,6200.0
1753769336377,06:08:56.377,bitmex,BTC/USDT:USDT,118809.1,6000.0,118805.0,140000.0,118809.2,74800.0,118811.9,6200.0
1753769336472,06:08:56.472,bitmex,BTC/USDT:USDT,118809.1,6000.0,118805.0,140000.0,118809.2,74800.0,118811.9,6200.0
1753769336634,06:08:56.634,bitmex,BTC/USDT:USDT,118809.1,6000.0,118805.0,140000.0,118809.2,74800.0,118811.9,6200.0
1753769336685,06:08:56.685,bitmex,BTC/USDT:USDT,118809.1,6000.0,118805.0,140000.0,118809.2,64800.0,118811.9,6200.0
1753769336738,06:08:56.738,bitmex,BTC/USDT:USDT,118809.1,6000.0,118805.0,140000.0,118809.2,64800.0,118811.9,6200.0
1753769336787,06:08:56.787,bitmex,BTC/USDT:USDT,118809.1,6000.0,118805.0,140000.0,118809.2,64800.0,118811.9,6200.0
1753769336836,06:08:56.836,bitmex,BTC/USDT:USDT,118809.1,6000.0,118805.0,140000.0,118809.2,64800.0,118811.9,6200.0
1753769336885,06:08:56.885,bitmex,BTC/USDT:USDT,118809.1,6000.0,118805.0,140000.0,118809.2,74800.0,118811.7,6200.0
1753769336984,06:08:56.984,bitmex,BTC/USDT:USDT,118809.1,6000.0,118805.0,140000.0,118809.2,74800.0,118811.7,6200.0
1753769336984,06:08:56.984,bitmex,BTC/USDT:USDT,118809.1,6000.0,118805.0,140000.0,118809.2,74800.0,118811.7,6200.0
1753769337033,06:08:57.033,bitmex,BTC/USDT:USDT,118809.1,6000.0,118805.0,140000.0,118809.2,74800.0,118811.7,6200.0
1753769337082,06:08:57.082,bitmex,BTC/USDT:USDT,118809.1,6000.0,118805.0,140000.0,118809.2,74800.0,118811.7,6200.0
1753769337180,06:08:57.180,bitmex,BTC/USDT:USDT,118809.1,6000.0,118805.0,140000.0,118809.2,74800.0,118811.7,6200.0
1753769337229,06:08:57.229,bitmex,BTC/USDT:USDT,118809.1,6000.0,118805.0,140000.0,118809.2,74800.0,118811.7,6200.0
1753769337278,06:08:57.278,bitmex,BTC/USDT:USDT,118805.0,140000.0,118800.3,6200.0,118809.2,74800.0,118811.7,6200.0
1753769337327,06:08:57.327,bitmex,BTC/USDT:USDT,118805.0,140000.0,118800.2,8400.0,118805.1,64000.0,118809.1,11300.0
1753769337376,06:08:57.376,bitmex,BTC/USDT:USDT,118805.0,140000.0,118800.2,8400.0,118805.1,64000.0,118809.1,11300.0
1753769337425,06:08:57.425,bitmex,BTC/USDT:USDT,118800.2,24500.0,118799.5,6000.0,118805.1,6200.0,118809.1,11300.0
1753769337425,06:08:57.425,bitmex,BTC/USDT:USDT,118800.2,24500.0,118799.5,6000.0,118800.3,3000.0,118805.1,6200.0
1753769337474,06:08:57.474,bitmex,BTC/USDT:USDT,118800.2,24500.0,118799.5,6000.0,118800.3,3000.0,118805.1,6200.0
1753769337523,06:08:57.523,bitmex,BTC/USDT:USDT,118800.2,24500.0,118799.5,6000.0,118800.3,3000.0,118805.1,6200.0
1753769337572,06:08:57.572,bitmex,BTC/USDT:USDT,118800.2,24500.0,118799.5,6000.0,118800.3,3000.0,118805.1,6200.0
1753769337621,06:08:57.621,bitmex,BTC/USDT:USDT,118800.2,24500.0,118799.5,6000.0,118800.3,3000.0,118805.1,6200.0
1753769337621,06:08:57.621,bitmex,BTC/USDT:USDT,118800.2,10300.0,118799.5,6000.0,118800.3,3000.0,118805.1,6200.0
1753769337670,06:08:57.670,bitmex,BTC/USDT:USDT,118800.2,10300.0,118799.5,6000.0,118800.3,3000.0,118805.1,6200.0
1753769337719,06:08:57.719,bitmex,BTC/USDT:USDT,118800.2,10300.0,118799.5,6000.0,118800.3,3000.0,118805.1,6200.0
1753769337922,06:08:57.922,bitmex,BTC/USDT:USDT,118800.2,10300.0,118799.5,6000.0,118800.3,3000.0,118805.1,6200.0
1753769338020,06:08:58.020,bitmex,BTC/USDT:USDT,118800.2,10300.0,118799.5,6000.0,118800.3,3000.0,118805.1,6200.0
1753769338097,06:08:58.097,bitmex,BTC/USDT:USDT,118800.2,10300.0,118799.5,6000.0,118800.3,3000.0,118805.1,6200.0
1753769338147,06:08:58.147,bitmex,BTC/USDT:USDT,118800.2,10300.0,118799.5,6000.0,118800.3,3000.0,118805.1,6200.0
1753769338196,06:08:58.196,bitmex,BTC/USDT:USDT,118800.2,10300.0,118799.5,6000.0,118800.3,3000.0,118805.1,6200.0
1753769338245,06:08:58.245,bitmex,BTC/USDT:USDT,118800.2,10300.0,118799.5,6000.0,118800.3,3000.0,118805.1,6200.0
1753769338567,06:08:58.567,bitmex,BTC/USDT:USDT,118800.2,10300.0,118799.5,6000.0,118800.3,3000.0,118805.1,6200.0
1753769338616,06:08:58.616,bitmex,BTC/USDT:USDT,118800.2,10300.0,118799.5,6000.0,118800.3,3000.0,118805.1,6200.0
1753769338665,06:08:58.665,bitmex,BTC/USDT:USDT,118800.2,10300.0,118799.5,6000.0,118800.3,3000.0,118805.1,6200.0
1753769338714,06:08:58.714,bitmex,BTC/USDT:USDT,118800.2,10300.0,118799.5,6000.0,118800.3,9200.0,118805.1,6200.0
1753769338763,06:08:58.763,bitmex,BTC/USDT:USDT,118800.2,10300.0,118799.5,6000.0,118800.3,9200.0,118805.1,6200.0
1753769338854,06:08:58.854,bitmex,BTC/USDT:USDT,118800.2,1900.0,118799.5,6000.0,118800.3,9200.0,118805.1,6200.0
1753769338904,06:08:58.904,bitmex,BTC/USDT:USDT,118800.2,20500.0,118799.5,6000.0,118800.3,9200.0,118805.1,6200.0
1753769338953,06:08:58.953,bitmex,BTC/USDT:USDT,118799.5,6000.0,118799.0,140000.0,118800.3,6200.0,118805.1,6200.0
1753769338953,06:08:58.953,bitmex,BTC/USDT:USDT,118800.2,16100.0,118799.5,6000.0,118800.3,6200.0,118805.1,6200.0
1753769339002,06:08:59.002,bitmex,BTC/USDT:USDT,118800.2,25400.0,118799.5,6000.0,118800.3,9200.0,118805.1,6200.0
1753769339051,06:08:59.051,bitmex,BTC/USDT:USDT,118800.2,33800.0,118799.5,6000.0,118800.3,9200.0,118805.1,6200.0
1753769339100,06:08:59.100,bitmex,BTC/USDT:USDT,118800.2,33800.0,118799.5,6000.0,118800.3,9200.0,118805.1,6200.0
1753769339149,06:08:59.149,bitmex,BTC/USDT:USDT,118800.2,33800.0,118799.5,6000.0,118800.3,9200.0,118805.1,6200.0
1753769339481,06:08:59.481,bitmex,BTC/USDT:USDT,118800.2,33800.0,118799.5,6000.0,118800.3,9200.0,118805.1,6200.0
1753769339533,06:08:59.533,bitmex,BTC/USDT:USDT,118800.2,33800.0,118799.5,6000.0,118800.3,9200.0,118805.1,6200.0
1753769339582,06:08:59.582,bitmex,BTC/USDT:USDT,118800.2,33800.0,118799.5,6000.0,118800.3,9200.0,118805.1,6200.0
1753769339631,06:08:59.631,bitmex,BTC/USDT:USDT,118800.2,33800.0,118799.5,6000.0,118800.3,9200.0,118805.1,6200.0
1753769339700,06:08:59.700,bitmex,BTC/USDT:USDT,118800.2,33800.0,118799.5,6000.0,118800.3,9200.0,118805.1,6200.0
1753769339759,06:08:59.759,bitmex,BTC/USDT:USDT,118800.2,33800.0,118799.5,6000.0,118800.3,9200.0,118805.1,6200.0
1753769339873,06:08:59.873,bitmex,BTC/USDT:USDT,118805.0,34700.0,118800.2,8400.0,118805.1,6200.0,118809.0,6200.0
1753769339923,06:08:59.923,bitmex,BTC/USDT:USDT,118805.0,34700.0,118800.3,6200.0,118805.1,6200.0,118809.0,6200.0
1753769339972,06:08:59.972,bitmex,BTC/USDT:USDT,118805.0,34700.0,118800.3,6200.0,118805.1,9200.0,118809.0,6200.0
1753769340021,06:09:00.021,bitmex,BTC/USDT:USDT,118805.0,14200.0,118800.3,6200.0,118805.1,9200.0,118809.0,6200.0
1753769340070,06:09:00.070,bitmex,BTC/USDT:USDT,118805.0,14200.0,118800.3,6200.0,118805.1,9200.0,118809.0,6200.0
1753769340119,06:09:00.119,bitmex,BTC/USDT:USDT,118800.3,6200.0,118800.2,8400.0,118800.4,3000.0,118805.1,6200.0
1753769340168,06:09:00.168,bitmex,BTC/USDT:USDT,118800.3,6200.0,118800.2,8400.0,118800.4,3000.0,118805.1,6200.0
1753769340217,06:09:00.217,bitmex,BTC/USDT:USDT,118800.3,6200.0,118800.2,8400.0,118800.4,3000.0,118805.1,6200.0
1753769340266,06:09:00.266,bitmex,BTC/USDT:USDT,118800.3,14600.0,118799.5,6000.0,118800.4,3000.0,118805.1,6200.0
1753769340315,06:09:00.315,bitmex,BTC/USDT:USDT,118800.3,25800.0,118799.5,6000.0,118800.4,3000.0,118805.1,6200.0
1753769340378,06:09:00.378,bitmex,BTC/USDT:USDT,118800.3,25800.0,118799.5,6000.0,118800.4,3000.0,118805.1,6200.0
1753769340427,06:09:00.427,bitmex,BTC/USDT:USDT,118800.3,25800.0,118799.5,6000.0,118800.4,3000.0,118805.1,6200.0
1753769340478,06:09:00.478,bitmex,BTC/USDT:USDT,118800.3,25800.0,118799.5,6000.0,118800.4,3000.0,118805.1,6200.0
1753769340528,06:09:00.528,bitmex,BTC/USDT:USDT,118800.6,14200.0,118800.5,26700.0,118805.0,3000.0,118805.1,6200.0
1753769340577,06:09:00.577,bitmex,BTC/USDT:USDT,118804.9,1900.0,118801.2,14200.0,118805.0,3000.0,118805.1,6200.0
1753769340626,06:09:00.626,bitmex,BTC/USDT:USDT,118804.9,1900.0,118801.1,18600.0,118805.0,3000.0,118805.1,6200.0
1753769340675,06:09:00.675,bitmex,BTC/USDT:USDT,118804.9,1900.0,118801.1,18600.0,118805.0,3000.0,118805.1,6200.0
1753769340724,06:09:00.724,bitmex,BTC/USDT:USDT,118804.9,1900.0,118801.1,18600.0,118805.0,3000.0,118805.1,6200.0
1753769340773,06:09:00.773,bitmex,BTC/USDT:USDT,118804.9,1900.0,118801.1,18600.0,118805.0,3000.0,118805.1,6200.0
1753769340773,06:09:00.773,bitmex,BTC/USDT:USDT,118804.9,1900.0,118801.1,18600.0,118805.0,3000.0,118805.1,6200.0
1753769340822,06:09:00.822,bitmex,BTC/USDT:USDT,118804.9,1900.0,118801.1,18600.0,118805.0,3000.0,118805.1,6200.0
1753769340886,06:09:00.886,bitmex,BTC/USDT:USDT,118804.9,1900.0,118801.1,18600.0,118805.0,3000.0,118805.1,6200.0
1753769340935,06:09:00.935,bitmex,BTC/USDT:USDT,118804.9,1900.0,118801.1,18600.0,118805.0,3000.0,118805.1,6200.0
1753769340984,06:09:00.984,bitmex,BTC/USDT:USDT,118804.9,1900.0,118801.1,18600.0,118805.0,3000.0,118805.1,6200.0
1753769340984,06:09:00.984,bitmex,BTC/USDT:USDT,118804.9,1900.0,118801.1,18600.0,118805.0,3000.0,118805.1,6200.0
1753769341068,06:09:01.068,bitmex,BTC/USDT:USDT,118801.1,18600.0,118800.5,6200.0,118805.0,3000.0,118805.1,6200.0
1753769341117,06:09:01.117,bitmex,BTC/USDT:USDT,118801.4,14200.0,118801.3,18600.0,118805.0,9200.0,118805.1,6200.0
1753769341166,06:09:01.166,bitmex,BTC/USDT:USDT,118801.7,18600.0,118801.2,8400.0,118805.0,9200.0,118805.1,6200.0
1753769341297,06:09:01.297,bitmex,BTC/USDT:USDT,118804.9,14200.0,118801.9,18600.0,118805.0,9200.0,118805.1,6200.0
1753769341347,06:09:01.347,bitmex,BTC/USDT:USDT,118804.9,16100.0,118801.9,18600.0,118805.0,9200.0,118805.1,6200.0
1753769341472,06:09:01.472,bitmex,BTC/USDT:USDT,118804.9,16100.0,118801.9,18600.0,118805.0,9200.0,118805.1,6200.0
1753769341553,06:09:01.553,bitmex,BTC/USDT:USDT,118804.9,16100.0,118801.9,18600.0,118805.0,9200.0,118805.1,6200.0
1753769341603,06:09:01.603,bitmex,BTC/USDT:USDT,118804.9,16100.0,118801.9,18600.0,118805.0,9200.0,118805.1,6200.0
1753769341652,06:09:01.652,bitmex,BTC/USDT:USDT,118804.9,16100.0,118801.9,18600.0,118805.0,9200.0,118805.1,6200.0
1753769341701,06:09:01.701,bitmex,BTC/USDT:USDT,118804.9,16100.0,118801.9,18600.0,118805.0,9200.0,118805.1,6200.0
1753769341750,06:09:01.750,bitmex,BTC/USDT:USDT,118804.9,34700.0,118801.3,6200.0,118805.0,9200.0,118805.1,6200.0
1753769341800,06:09:01.800,bitmex,BTC/USDT:USDT,118804.9,34700.0,118801.3,6200.0,118805.0,9200.0,118805.1,6200.0
1753769341849,06:09:01.849,bitmex,BTC/USDT:USDT,118804.9,34700.0,118801.3,6200.0,118805.0,9200.0,118805.1,6200.0
1753769341974,06:09:01.974,bitmex,BTC/USDT:USDT,118804.9,34700.0,118801.3,6200.0,118805.0,9200.0,118805.1,6200.0
1753769342024,06:09:02.024,bitmex,BTC/USDT:USDT,118804.9,34700.0,118801.3,6200.0,118805.0,9200.0,118805.1,6200.0
1753769342073,06:09:02.073,bitmex,BTC/USDT:USDT,118804.9,34700.0,118801.3,6200.0,118805.0,9200.0,118805.1,6200.0
1753769342142,06:09:02.142,bitmex,BTC/USDT:USDT,118804.9,34700.0,118801.3,6200.0,118805.0,9200.0,118805.1,6200.0
1753769342296,06:09:02.296,bitmex,BTC/USDT:USDT,118804.9,1900.0,118801.3,6200.0,118805.0,9200.0,118805.1,6200.0
1753769342345,06:09:02.345,bitmex,BTC/USDT:USDT,118804.9,1900.0,118801.3,6200.0,118805.0,9200.0,118805.1,6200.0
1753769342394,06:09:02.394,bitmex,BTC/USDT:USDT,118804.9,1900.0,118801.6,9300.0,118805.0,9200.0,118805.1,6200.0
1753769342443,06:09:02.443,bitmex,BTC/USDT:USDT,118804.9,1900.0,118801.4,8400.0,118805.0,9200.0,118805.1,6200.0
1753769342492,06:09:02.492,bitmex,BTC/USDT:USDT,118801.4,8400.0,118801.3,6200.0,118801.5,3000.0,118805.0,6200.0
1753769342590,06:09:02.590,bitmex,BTC/USDT:USDT,118801.4,8400.0,118799.5,6000.0,118801.5,3000.0,118805.0,6200.0
1753769342639,06:09:02.639,bitmex,BTC/USDT:USDT,118801.4,8400.0,118799.5,6000.0,118801.5,3000.0,118805.0,6200.0
1753769342688,06:09:02.688,bitmex,BTC/USDT:USDT,118801.4,10300.0,118799.5,6000.0,118801.5,3000.0,118805.0,6200.0
1753769342737,06:09:02.737,bitmex,BTC/USDT:USDT,118801.4,1900.0,118799.6,8400.0,118801.5,3000.0,118805.0,6200.0
1753769342786,06:09:02.786,bitmex,BTC/USDT:USDT,118799.5,6000.0,118796.1,8400.0,118801.5,3000.0,118804.8,13900.0
1753769342835,06:09:02.835,bitmex,BTC/USDT:USDT,118799.5,6000.0,118796.1,8400.0,118799.6,9200.0,118804.8,20200.0
1753769342884,06:09:02.884,bitmex,BTC/USDT:USDT,118799.5,6000.0,118796.0,140000.0,118799.6,9200.0,118804.7,6200.0
1753769342933,06:09:02.933,bitmex,BTC/USDT:USDT,118799.5,6000.0,118796.0,140000.0,118799.6,9200.0,118804.3,6200.0
1753769342982,06:09:02.982,bitmex,BTC/USDT:USDT,118799.5,14400.0,118796.0,140000.0,118799.6,9200.0,118804.3,6200.0
1753769343031,06:09:03.031,bitmex,BTC/USDT:USDT,118799.5,14400.0,118796.0,140000.0,118799.6,9200.0,118804.3,6200.0
1753769343080,06:09:03.080,bitmex,BTC/USDT:USDT,118799.5,14400.0,118796.0,140000.0,118799.6,9200.0,118804.3,6200.0
1753769343129,06:09:03.129,bitmex,BTC/USDT:USDT,118799.5,14400.0,118796.0,140000.0,118799.6,9200.0,118804.3,6200.0
1753769343178,06:09:03.178,bitmex,BTC/USDT:USDT,118799.5,14400.0,118796.0,140000.0,118799.6,9200.0,118804.3,6200.0
1753769343244,06:09:03.244,bitmex,BTC/USDT:USDT,118799.5,14400.0,118796.0,140000.0,118799.6,9200.0,118804.3,6200.0
1753769343388,06:09:03.388,bitmex,BTC/USDT:USDT,118799.5,14400.0,118796.0,140000.0,118799.6,9200.0,118804.3,6200.0
1753769343486,06:09:03.486,bitmex,BTC/USDT:USDT,118799.5,14400.0,118796.0,140000.0,118799.6,9200.0,118804.3,6200.0
1753769343705,06:09:03.705,bitmex,BTC/USDT:USDT,118799.5,14400.0,118796.0,140000.0,118799.6,64000.0,118804.3,6200.0
1753769343804,06:09:03.804,bitmex,BTC/USDT:USDT,118799.5,6000.0,118796.0,140000.0,118799.6,9200.0,118804.3,6200.0
1753769344058,06:09:04.058,bitmex,BTC/USDT:USDT,118799.5,14400.0,118796.0,140000.0,118799.6,9200.0,118804.3,6200.0
1753769344107,06:09:04.107,bitmex,BTC/USDT:USDT,118799.5,14400.0,118796.0,140000.0,118799.6,64000.0,118804.3,6200.0
1753769344156,06:09:04.156,bitmex,BTC/USDT:USDT,118799.5,14400.0,118796.0,140000.0,118799.6,64000.0,118804.3,6200.0
1753769344205,06:09:04.205,bitmex,BTC/USDT:USDT,118799.5,14400.0,118796.0,140000.0,118799.6,9200.0,118804.3,6200.0
1753769344254,06:09:04.254,bitmex,BTC/USDT:USDT,118799.5,7900.0,118796.0,140000.0,118799.6,9200.0,118804.3,6200.0
1753769344304,06:09:04.304,bitmex,BTC/USDT:USDT,118799.5,7900.0,118796.0,140000.0,118799.6,9200.0,118804.3,6200.0
1753769344353,06:09:04.353,bitmex,BTC/USDT:USDT,118799.5,14400.0,118796.0,140000.0,118799.6,9200.0,118804.3,6200.0
1753769344402,06:09:04.402,bitmex,BTC/USDT:USDT,118799.5,14400.0,118796.0,140000.0,118799.6,9200.0,118804.3,6200.0
1753769344451,06:09:04.451,bitmex,BTC/USDT:USDT,118799.5,14400.0,118796.0,140000.0,118799.6,9200.0,118804.3,6200.0
1753769344552,06:09:04.552,bitmex,BTC/USDT:USDT,118799.5,14400.0,118796.0,140000.0,118799.6,9200.0,118804.3,6200.0
1753769344602,06:09:04.602,bitmex,BTC/USDT:USDT,118799.5,14400.0,118796.0,140000.0,118799.6,9200.0,118804.3,6200.0
1753769345098,06:09:05.098,bitmex,BTC/USDT:USDT,118799.5,14400.0,118796.0,140000.0,118799.6,9200.0,118804.3,6200.0
1753769345147,06:09:05.147,bitmex,BTC/USDT:USDT,118799.5,14400.0,118796.0,140000.0,118799.6,9200.0,118804.3,6200.0
1753769345246,06:09:05.246,bitmex,BTC/USDT:USDT,118799.5,14400.0,118796.0,140000.0,118799.6,9200.0,118804.3,6200.0
1753769345295,06:09:05.295,bitmex,BTC/USDT:USDT,118799.5,14400.0,118796.0,140000.0,118799.6,9200.0,118804.3,6200.0
1753769345344,06:09:05.344,bitmex,BTC/USDT:USDT,118799.5,14400.0,118796.0,140000.0,118799.6,9200.0,118804.3,6200.0
1753769345396,06:09:05.396,bitmex,BTC/USDT:USDT,118799.5,14400.0,118796.0,140000.0,118799.6,9200.0,118804.3,6200.0
1753769345516,06:09:05.516,bitmex,BTC/USDT:USDT,118799.5,14400.0,118796.0,140000.0,118799.6,9200.0,118804.3,6200.0
1753769345565,06:09:05.565,bitmex,BTC/USDT:USDT,118799.5,14400.0,118796.0,140000.0,118799.6,9200.0,118804.3,6200.0
1753769345614,06:09:05.614,bitmex,BTC/USDT:USDT,118799.5,14400.0,118796.0,140000.0,118799.6,9200.0,118804.3,6200.0
1753769345843,06:09:05.843,bitmex,BTC/USDT:USDT,118799.5,14400.0,118796.0,140000.0,118799.6,9200.0,118804.3,6200.0
1753769345893,06:09:05.893,bitmex,BTC/USDT:USDT,118799.5,14400.0,118796.0,140000.0,118799.6,9200.0,118804.3,6200.0
1753769346008,06:09:06.008,bitmex,BTC/USDT:USDT,118799.5,14400.0,118796.0,140000.0,118799.6,9200.0,118804.3,6200.0
1753769346241,06:09:06.241,bitmex,BTC/USDT:USDT,118799.5,14400.0,118796.0,140000.0,118799.6,9200.0,118804.3,6200.0
1753769346302,06:09:06.302,bitmex,BTC/USDT:USDT,118799.5,14400.0,118796.0,140000.0,118799.6,9200.0,118804.3,6200.0
1753769346425,06:09:06.425,bitmex,BTC/USDT:USDT,118799.5,14400.0,118796.0,140000.0,118799.6,9200.0,118804.3,6200.0
1753769346475,06:09:06.475,bitmex,BTC/USDT:USDT,118799.5,14400.0,118796.0,140000.0,118799.6,9200.0,118804.3,6200.0
1753769346524,06:09:06.524,bitmex,BTC/USDT:USDT,118799.5,14400.0,118796.0,140000.0,118799.6,9200.0,118804.3,6200.0
1753769346573,06:09:06.573,bitmex,BTC/USDT:USDT,118799.5,14400.0,118796.0,140000.0,118799.6,9200.0,118804.3,6200.0
1753769346622,06:09:06.622,bitmex,BTC/USDT:USDT,118799.5,14400.0,118796.0,140000.0,118799.6,9200.0,118804.3,6200.0
1753769346769,06:09:06.769,bitmex,BTC/USDT:USDT,118799.5,14400.0,118796.0,140000.0,118799.6,9200.0,118804.3,6200.0
1753769346889,06:09:06.889,bitmex,BTC/USDT:USDT,118799.5,14400.0,118796.0,140000.0,118799.6,9200.0,118804.3,6200.0
1753769346938,06:09:06.938,bitmex,BTC/USDT:USDT,118799.5,14400.0,118796.0,140000.0,118799.6,9200.0,118804.3,6200.0
1753769346987,06:09:06.987,bitmex,BTC/USDT:USDT,118799.5,16300.0,118796.0,140000.0,118799.6,9200.0,118804.3,6200.0
1753769347101,06:09:07.101,bitmex,BTC/USDT:USDT,118799.5,16300.0,118796.0,140000.0,118799.6,9200.0,118804.3,6200.0
1753769347219,06:09:07.219,bitmex,BTC/USDT:USDT,118799.5,14400.0,118796.0,140000.0,118799.6,9200.0,118804.3,6200.0
1753769347329,06:09:07.329,bitmex,BTC/USDT:USDT,118799.5,14400.0,118796.0,140000.0,118799.6,9200.0,118804.3,6200.0
1753769347378,06:09:07.378,bitmex,BTC/USDT:USDT,118799.5,16300.0,118796.0,140000.0,118799.6,9200.0,118804.3,6200.0
1753769347427,06:09:07.427,bitmex,BTC/USDT:USDT,118799.5,16300.0,118796.0,140000.0,118799.6,9200.0,118804.3,6200.0
1753769347526,06:09:07.526,bitmex,BTC/USDT:USDT,118799.5,16300.0,118796.0,140000.0,118799.6,9200.0,118804.3,6200.0
1753769347575,06:09:07.575,bitmex,BTC/USDT:USDT,118799.5,16300.0,118796.0,140000.0,118799.6,9200.0,118804.3,6200.0
1753769347710,06:09:07.710,bitmex,BTC/USDT:USDT,118799.5,16300.0,118796.0,140000.0,118799.6,9200.0,118804.3,6200.0
1753769347760,06:09:07.760,bitmex,BTC/USDT:USDT,118799.5,14400.0,118796.0,140000.0,118799.6,9200.0,118804.3,6200.0
1753769347809,06:09:07.809,bitmex,BTC/USDT:USDT,118799.5,14400.0,118796.0,140000.0,118799.6,9200.0,118804.3,6200.0
1753769347858,06:09:07.858,bitmex,BTC/USDT:USDT,118799.5,14400.0,118796.0,140000.0,118799.6,9200.0,118804.3,6200.0
1753769347978,06:09:07.978,bitmex,BTC/USDT:USDT,118799.5,14400.0,118796.0,140000.0,118799.6,9200.0,118804.3,6200.0
1753769348027,06:09:08.027,bitmex,BTC/USDT:USDT,118799.5,14400.0,118796.0,140000.0,118799.6,9200.0,118804.3,6200.0
1753769348142,06:09:08.142,bitmex,BTC/USDT:USDT,118799.5,14400.0,118796.0,140000.0,118799.6,9200.0,118804.3,6200.0
1753769348304,06:09:08.304,bitmex,BTC/USDT:USDT,118799.5,14400.0,118796.0,140000.0,118799.6,9200.0,118804.3,6200.0
1753769348353,06:09:08.353,bitmex,BTC/USDT:USDT,118799.5,14400.0,118796.0,140000.0,118799.6,9200.0,118804.3,6200.0
1753769348402,06:09:08.402,bitmex,BTC/USDT:USDT,118799.5,16300.0,118796.0,140000.0,118799.6,9200.0,118804.3,6200.0
1753769348571,06:09:08.571,bitmex,BTC/USDT:USDT,118799.5,16300.0,118796.0,140000.0,118799.6,9200.0,118804.3,6200.0
1753769348620,06:09:08.620,bitmex,BTC/USDT:USDT,118799.5,14400.0,118794.0,140000.0,118799.6,9200.0,118804.3,6200.0
1753769348669,06:09:08.669,bitmex,BTC/USDT:USDT,118799.5,14400.0,118794.0,140000.0,118799.6,9200.0,118804.3,6200.0
1753769349164,06:09:09.164,bitmex,BTC/USDT:USDT,118799.5,14400.0,118794.0,140000.0,118799.6,9200.0,118804.3,6200.0
1753769349337,06:09:09.337,bitmex,BTC/USDT:USDT,118799.5,16300.0,118794.1,6200.0,118799.6,9200.0,118804.3,6200.0
1753769349386,06:09:09.386,bitmex,BTC/USDT:USDT,118799.5,16300.0,118794.1,6200.0,118799.6,9200.0,118804.3,6200.0
1753769349435,06:09:09.435,bitmex,BTC/USDT:USDT,118799.5,16300.0,118794.1,6200.0,118799.6,9200.0,118804.3,6200.0
1753769349484,06:09:09.484,bitmex,BTC/USDT:USDT,118799.5,16300.0,118794.1,6200.0,118799.6,9200.0,118804.3,6200.0
1753769349533,06:09:09.533,bitmex,BTC/USDT:USDT,118799.5,16300.0,118794.1,6200.0,118799.6,9200.0,118804.3,6200.0
1753769349582,06:09:09.582,bitmex,BTC/USDT:USDT,118799.5,14400.0,118794.1,6200.0,118799.6,9200.0,118804.3,6200.0
1753769349631,06:09:09.631,bitmex,BTC/USDT:USDT,118799.5,14400.0,118794.1,6200.0,118799.6,9200.0,118804.3,6200.0
1753769349680,06:09:09.680,bitmex,BTC/USDT:USDT,118799.5,16300.0,118794.1,6200.0,118799.6,9200.0,118804.3,6200.0
1753769349729,06:09:09.729,bitmex,BTC/USDT:USDT,118799.5,16300.0,118794.1,6200.0,118799.6,9200.0,118804.3,6200.0
1753769349947,06:09:09.947,bitmex,BTC/USDT:USDT,118799.5,16300.0,118794.1,6200.0,118799.6,9200.0,118804.3,6200.0
1753769349997,06:09:09.997,bitmex,BTC/USDT:USDT,118799.5,14400.0,118794.1,6200.0,118799.6,9200.0,118804.3,6200.0
1753769350046,06:09:10.046,bitmex,BTC/USDT:USDT,118799.5,14400.0,118794.1,6200.0,118799.6,9200.0,118804.3,6200.0
1753769350095,06:09:10.095,bitmex,BTC/USDT:USDT,118799.5,14400.0,118794.1,6200.0,118799.6,9200.0,118804.3,6200.0
1753769350271,06:09:10.271,bitmex,BTC/USDT:USDT,118799.5,14400.0,118794.1,6200.0,118799.6,9200.0,118804.3,6200.0
1753769350320,06:09:10.320,bitmex,BTC/USDT:USDT,118799.5,14400.0,118794.1,6200.0,118799.6,9200.0,118804.3,6200.0
1753769350369,06:09:10.369,bitmex,BTC/USDT:USDT,118799.5,14400.0,118794.1,6200.0,118799.6,9200.0,118804.3,6200.0
1753769350578,06:09:10.578,bitmex,BTC/USDT:USDT,118799.5,14400.0,118794.1,6200.0,118799.6,9200.0,118804.3,6200.0
1753769350627,06:09:10.627,bitmex,BTC/USDT:USDT,118799.5,14400.0,118794.1,6200.0,118799.6,9200.0,118804.3,6200.0
1753769350676,06:09:10.676,bitmex,BTC/USDT:USDT,118799.5,16300.0,118794.1,6200.0,118799.6,9200.0,118804.3,6200.0
1753769350725,06:09:10.725,bitmex,BTC/USDT:USDT,118799.5,14400.0,118794.1,6200.0,118799.6,9200.0,118804.3,6200.0
1753769350774,06:09:10.774,bitmex,BTC/USDT:USDT,118799.5,14400.0,118794.1,6200.0,118799.6,9200.0,118804.3,6200.0
1753769350823,06:09:10.823,bitmex,BTC/USDT:USDT,118799.5,14400.0,118794.1,6200.0,118799.6,9200.0,118804.3,6200.0
1753769350872,06:09:10.872,bitmex,BTC/USDT:USDT,118799.5,14400.0,118794.1,6200.0,118799.6,9200.0,118804.3,6200.0
1753769351008,06:09:11.008,bitmex,BTC/USDT:USDT,118799.5,14400.0,118794.1,6200.0,118799.6,9200.0,118804.3,6200.0
1753769351008,06:09:11.008,bitmex,BTC/USDT:USDT,118799.5,14400.0,118794.1,6200.0,118799.6,9200.0,118804.3,6200.0
1753769351057,06:09:11.057,bitmex,BTC/USDT:USDT,118799.5,14400.0,118794.1,6200.0,118799.6,9200.0,118804.3,6200.0
1753769351109,06:09:11.109,bitmex,BTC/USDT:USDT,118799.5,14400.0,118794.1,6200.0,118799.6,9200.0,118804.3,6200.0
1753769351159,06:09:11.159,bitmex,BTC/USDT:USDT,118799.5,14400.0,118794.1,48200.0,118799.6,9200.0,118804.3,6200.0
1753769351228,06:09:11.228,bitmex,BTC/USDT:USDT,118799.5,14400.0,118794.1,48200.0,118799.6,9200.0,118804.3,6200.0
1753769351277,06:09:11.277,bitmex,BTC/USDT:USDT,118799.5,16300.0,118794.1,48200.0,118799.6,9200.0,118804.3,6200.0
1753769351326,06:09:11.326,bitmex,BTC/USDT:USDT,118799.5,16300.0,118794.1,48200.0,118799.6,9200.0,118804.3,6200.0
1753769351449,06:09:11.449,bitmex,BTC/USDT:USDT,118799.5,16300.0,118794.1,48200.0,118799.6,9200.0,118804.3,6200.0
1753769351606,06:09:11.606,bitmex,BTC/USDT:USDT,118799.5,16300.0,118794.1,48200.0,118799.6,9200.0,118804.3,6200.0
1753769351689,06:09:11.689,bitmex,BTC/USDT:USDT,118799.5,16300.0,118794.1,48200.0,118799.6,9200.0,118804.3,6200.0
1753769351738,06:09:11.738,bitmex,BTC/USDT:USDT,118799.5,16300.0,118794.1,48200.0,118799.6,9200.0,118804.3,6200.0
1753769351915,06:09:11.915,bitmex,BTC/USDT:USDT,118799.5,16300.0,118794.1,48200.0,118799.6,9200.0,118804.3,6200.0
1753769351965,06:09:11.965,bitmex,BTC/USDT:USDT,118799.5,16300.0,118794.1,48200.0,118799.6,9200.0,118804.3,6200.0
1753769352077,06:09:12.077,bitmex,BTC/USDT:USDT,118799.5,16300.0,118794.1,48200.0,118799.6,9200.0,118804.3,6200.0
1753769352127,06:09:12.127,bitmex,BTC/USDT:USDT,118799.5,16300.0,118794.1,48200.0,118799.6,9200.0,118804.3,6200.0
1753769352522,06:09:12.522,bitmex,BTC/USDT:USDT,118799.5,16300.0,118794.1,48200.0,118799.6,9200.0,118804.3,6200.0
1753769352571,06:09:12.571,bitmex,BTC/USDT:USDT,118799.5,16300.0,118794.1,48200.0,118799.6,9200.0,118804.3,6200.0
1753769352620,06:09:12.620,bitmex,BTC/USDT:USDT,118804.2,1900.0,118799.6,29600.0,118804.3,6200.0,118804.4,6200.0
1753769352767,06:09:12.767,bitmex,BTC/USDT:USDT,118804.3,20500.0,118799.6,6200.0,118804.4,6200.0,118806.9,41000.0
1753769352816,06:09:12.816,bitmex,BTC/USDT:USDT,118806.8,1900.0,118804.4,6200.0,118806.9,41000.0,118807.0,136700.0
1753769352865,06:09:12.865,bitmex,BTC/USDT:USDT,118806.9,20500.0,118804.4,6200.0,118807.0,136700.0,118809.8,6200.0
1753769352914,06:09:12.914,bitmex,BTC/USDT:USDT,118806.9,20500.0,118804.4,6200.0,118807.0,136700.0,118809.8,6200.0
1753769352963,06:09:12.963,bitmex,BTC/USDT:USDT,118806.9,20500.0,118804.4,6200.0,118807.0,136700.0,118809.8,6200.0
1753769353012,06:09:13.012,bitmex,BTC/USDT:USDT,118806.9,1900.0,118804.4,6200.0,118807.0,139700.0,118809.8,6200.0
1753769353061,06:09:13.061,bitmex,BTC/USDT:USDT,118806.9,1900.0,118804.4,6200.0,118807.0,139700.0,118809.8,6200.0
1753769353110,06:09:13.110,bitmex,BTC/USDT:USDT,118806.9,1900.0,118804.4,6200.0,118807.0,139700.0,118809.8,6200.0
1753769353197,06:09:13.197,bitmex,BTC/USDT:USDT,118806.9,1900.0,118804.4,6200.0,118807.0,139700.0,118809.8,6200.0
1753769353295,06:09:13.295,bitmex,BTC/USDT:USDT,118806.9,1900.0,118804.4,6200.0,118807.0,139700.0,118809.8,6200.0
1753769353382,06:09:13.382,bitmex,BTC/USDT:USDT,118806.9,1900.0,118804.4,6200.0,118807.0,139700.0,118809.8,6200.0
1753769353431,06:09:13.431,bitmex,BTC/USDT:USDT,118806.9,1900.0,118804.4,6200.0,118807.0,139700.0,118809.8,6200.0
1753769353480,06:09:13.480,bitmex,BTC/USDT:USDT,118804.4,6200.0,118799.5,6000.0,118807.0,139700.0,118809.8,6200.0
1753769353529,06:09:13.529,bitmex,BTC/USDT:USDT,118799.7,9300.0,118799.6,11200.0,118804.5,9200.0,118806.9,41900.0
1753769353578,06:09:13.578,bitmex,BTC/USDT:USDT,118804.4,1900.0,118800.0,9300.0,118804.5,9200.0,118806.9,41900.0
1753769353627,06:09:13.627,bitmex,BTC/USDT:USDT,118804.4,1900.0,118799.6,18600.0,118804.5,9200.0,118806.9,41900.0
1753769353676,06:09:13.676,bitmex,BTC/USDT:USDT,118804.4,1900.0,118799.6,8400.0,118804.5,9200.0,118806.8,6200.0
1753769353725,06:09:13.725,bitmex,BTC/USDT:USDT,118799.6,8400.0,118799.5,6000.0,118804.5,9200.0,118806.8,6200.0
1753769353780,06:09:13.780,bitmex,BTC/USDT:USDT,118799.7,9300.0,118799.6,8400.0,118804.5,9200.0,118806.8,6200.0
1753769353830,06:09:13.830,bitmex,BTC/USDT:USDT,118804.4,1900.0,118799.8,9300.0,118804.5,9200.0,118806.8,6200.0
1753769353879,06:09:13.879,bitmex,BTC/USDT:USDT,118799.8,8400.0,118799.5,6000.0,118804.5,9200.0,118806.8,6200.0
1753769353928,06:09:13.928,bitmex,BTC/USDT:USDT,118804.4,1900.0,118799.9,11200.0,118804.5,9200.0,118806.8,6200.0
1753769354046,06:09:14.046,bitmex,BTC/USDT:USDT,118804.4,1900.0,118799.9,1900.0,118804.5,9200.0,118806.8,6200.0
1753769354479,06:09:14.479,bitmex,BTC/USDT:USDT,118804.4,1900.0,118799.9,1900.0,118804.5,9200.0,118806.8,6200.0
1753769354529,06:09:14.529,bitmex,BTC/USDT:USDT,118804.4,1900.0,118799.9,1900.0,118804.5,9200.0,118806.8,6200.0
1753769354578,06:09:14.578,bitmex,BTC/USDT:USDT,118804.4,1900.0,118799.9,1900.0,118804.5,9200.0,118806.8,6200.0
1753769354627,06:09:14.627,bitmex,BTC/USDT:USDT,118804.4,1900.0,118799.9,6200.0,118804.5,9200.0,118806.8,6200.0
1753769354676,06:09:14.676,bitmex,BTC/USDT:USDT,118804.4,1900.0,118799.9,6200.0,118804.5,9200.0,118806.8,6200.0
1753769354725,06:09:14.725,bitmex,BTC/USDT:USDT,118804.4,1900.0,118799.9,6200.0,118804.5,9200.0,118806.8,6200.0
1753769354774,06:09:14.774,bitmex,BTC/USDT:USDT,118804.4,1900.0,118799.9,6200.0,118804.5,9200.0,118806.8,6200.0
1753769354921,06:09:14.921,bitmex,BTC/USDT:USDT,118804.4,1900.0,118799.9,6200.0,118804.5,9200.0,118806.8,6200.0
1753769354970,06:09:14.970,bitmex,BTC/USDT:USDT,118804.4,1900.0,118799.9,6200.0,118804.5,9200.0,118806.8,6200.0
1753769355019,06:09:15.019,bitmex,BTC/USDT:USDT,118804.4,1900.0,118799.9,6200.0,118804.5,9200.0,118806.8,6200.0
1753769355245,06:09:15.245,bitmex,BTC/USDT:USDT,118804.4,1900.0,118799.9,6200.0,118804.5,9200.0,118806.8,6200.0
1753769355295,06:09:15.295,bitmex,BTC/USDT:USDT,118804.4,1900.0,118799.9,6200.0,118804.5,9200.0,118806.8,6200.0
1753769355348,06:09:15.348,bitmex,BTC/USDT:USDT,118804.4,1900.0,118799.9,6200.0,118804.5,9200.0,118806.8,6200.0
1753769355398,06:09:15.398,bitmex,BTC/USDT:USDT,118804.4,1900.0,118799.9,6200.0,118804.5,9200.0,118806.8,6200.0
1753769355447,06:09:15.447,bitmex,BTC/USDT:USDT,118804.4,1900.0,118799.9,6200.0,118804.5,9200.0,118806.8,6200.0
1753769356106,06:09:16.106,bitmex,BTC/USDT:USDT,118804.4,1900.0,118799.9,6200.0,118804.5,9200.0,118806.8,6200.0
1753769356156,06:09:16.156,bitmex,BTC/USDT:USDT,118804.4,1900.0,118799.9,6200.0,118804.5,9200.0,118806.8,6200.0
1753769356247,06:09:16.247,bitmex,BTC/USDT:USDT,118804.4,1900.0,118799.9,6200.0,118804.5,9200.0,118806.8,6200.0
1753769356489,06:09:16.489,bitmex,BTC/USDT:USDT,118804.4,1900.0,118799.9,6200.0,118804.5,9200.0,118806.8,6200.0
1753769356538,06:09:16.538,bitmex,BTC/USDT:USDT,118804.4,1900.0,118799.9,6200.0,118804.5,9200.0,118806.8,6200.0
1753769356772,06:09:16.772,bitmex,BTC/USDT:USDT,118799.9,6200.0,118799.8,8400.0,118804.5,9200.0,118806.8,6200.0
1753769356821,06:09:16.821,bitmex,BTC/USDT:USDT,118800.3,12900.0,118800.2,9300.0,118804.5,9200.0,118806.8,6200.0
1753769356870,06:09:16.870,bitmex,BTC/USDT:USDT,118804.4,1900.0,118800.6,12900.0,118804.5,9200.0,118806.8,6200.0
1753769356968,06:09:16.968,bitmex,BTC/USDT:USDT,118804.4,1900.0,118801.2,9300.0,118804.5,9200.0,118806.8,6200.0
1753769357017,06:09:17.017,bitmex,BTC/USDT:USDT,118804.4,1900.0,118801.3,9300.0,118804.5,9200.0,118806.8,6200.0
1753769357472,06:09:17.472,bitmex,BTC/USDT:USDT,118804.4,1900.0,118801.3,9300.0,118804.5,9200.0,118806.8,6200.0
1753769357522,06:09:17.522,bitmex,BTC/USDT:USDT,118804.4,1900.0,118801.3,9300.0,118804.5,9200.0,118806.8,6200.0
1753769357571,06:09:17.571,bitmex,BTC/USDT:USDT,118804.4,1900.0,118801.3,9300.0,118804.5,9200.0,118806.8,6200.0
1753769357620,06:09:17.620,bitmex,BTC/USDT:USDT,118804.4,1900.0,118801.3,9300.0,118804.5,9200.0,118806.8,6200.0
1753769357669,06:09:17.669,bitmex,BTC/USDT:USDT,118804.4,1900.0,118801.3,9300.0,118804.5,9200.0,118806.8,6200.0
1753769357818,06:09:17.818,bitmex,BTC/USDT:USDT,118804.4,1900.0,118801.3,15500.0,118804.5,9200.0,118806.8,6200.0
1753769357867,06:09:17.867,bitmex,BTC/USDT:USDT,118804.4,1900.0,118801.3,15500.0,118804.5,9200.0,118806.8,6200.0
1753769357916,06:09:17.916,bitmex,BTC/USDT:USDT,118804.4,1900.0,118801.3,15500.0,118804.5,9200.0,118806.8,6200.0
1753769358075,06:09:18.075,bitmex,BTC/USDT:USDT,118804.4,1900.0,118801.3,15500.0,118804.5,9200.0,118806.8,6200.0
1753769358124,06:09:18.124,bitmex,BTC/USDT:USDT,118804.4,1900.0,118801.3,15500.0,118804.5,9200.0,118806.8,6200.0
1753769358269,06:09:18.269,bitmex,BTC/USDT:USDT,118804.4,1900.0,118801.3,15500.0,118804.5,9200.0,118806.8,6200.0
1753769358400,06:09:18.400,bitmex,BTC/USDT:USDT,118804.4,1900.0,118801.3,15500.0,118804.5,9200.0,118806.8,6200.0
1753769358450,06:09:18.450,bitmex,BTC/USDT:USDT,118804.4,1900.0,118801.3,15500.0,118804.5,9200.0,118806.8,6200.0
1753769358570,06:09:18.570,bitmex,BTC/USDT:USDT,118804.4,1900.0,118801.3,15500.0,118804.5,9200.0,118806.8,6200.0
1753769358619,06:09:18.619,bitmex,BTC/USDT:USDT,118804.4,1900.0,118801.3,15500.0,118804.5,9200.0,118806.8,6200.0
1753769358669,06:09:18.669,bitmex,BTC/USDT:USDT,118804.4,1900.0,118801.3,15500.0,118804.5,9200.0,118806.8,6200.0
1753769358718,06:09:18.718,bitmex,BTC/USDT:USDT,118801.3,15500.0,118801.2,9300.0,118804.5,9200.0,118806.8,6200.0
1753769358767,06:09:18.767,bitmex,BTC/USDT:USDT,118801.3,15500.0,118801.2,9300.0,118804.5,9200.0,118806.8,6200.0
1753769359206,06:09:19.206,bitmex,BTC/USDT:USDT,118801.3,15500.0,118801.2,9300.0,118804.5,9200.0,118806.8,6200.0
1753769359255,06:09:19.255,bitmex,BTC/USDT:USDT,118801.3,15500.0,118801.2,9300.0,118804.5,9200.0,118806.8,6200.0
1753769359304,06:09:19.304,bitmex,BTC/USDT:USDT,118801.3,15500.0,118801.2,9300.0,118804.5,9200.0,118806.8,6200.0
1753769359353,06:09:19.353,bitmex,BTC/USDT:USDT,118801.3,6200.0,118800.0,8400.0,118801.4,3000.0,118804.5,6200.0
1753769359562,06:09:19.562,bitmex,BTC/USDT:USDT,118800.0,10300.0,118799.5,6000.0,118800.1,9200.0,118801.4,6200.0
1753769359611,06:09:19.611,bitmex,BTC/USDT:USDT,118800.0,1900.0,118799.5,6000.0,118800.1,9200.0,118801.4,6200.0
1753769359660,06:09:19.660,bitmex,BTC/USDT:USDT,118800.0,1900.0,118799.5,6000.0,118800.1,9200.0,118801.4,6200.0
1753769359816,06:09:19.816,bitmex,BTC/USDT:USDT,118800.0,1900.0,118799.5,6000.0,118800.1,9200.0,118801.4,6200.0
1753769359866,06:09:19.866,bitmex,BTC/USDT:USDT,118800.0,20500.0,118799.5,6000.0,118800.1,9200.0,118801.4,6200.0
1753769360097,06:09:20.097,bitmex,BTC/USDT:USDT,118804.4,20500.0,118801.4,6200.0,118804.5,6200.0,118808.2,5100.0
1753769360301,06:09:20.301,bitmex,BTC/USDT:USDT,118804.4,20500.0,118801.4,6200.0,118804.5,6200.0,118808.2,5100.0
1753769360350,06:09:20.350,bitmex,BTC/USDT:USDT,118804.4,20500.0,118801.4,6200.0,118804.5,6200.0,118808.2,5100.0
1753769360459,06:09:20.459,bitmex,BTC/USDT:USDT,118804.4,20500.0,118801.4,6200.0,118804.5,6200.0,118808.2,5100.0
1753769360508,06:09:20.508,bitmex,BTC/USDT:USDT,118804.4,20500.0,118801.4,6200.0,118804.5,6200.0,118808.1,6200.0
1753769360573,06:09:20.573,bitmex,BTC/USDT:USDT,118804.4,20500.0,118801.4,6200.0,118804.5,6200.0,118808.1,6200.0
1753769360622,06:09:20.622,bitmex,BTC/USDT:USDT,118804.4,20500.0,118801.4,6200.0,118804.5,6200.0,118808.1,6200.0
1753769360671,06:09:20.671,bitmex,BTC/USDT:USDT,118804.4,20500.0,118801.4,6200.0,118804.5,6200.0,118808.1,6200.0
1753769360720,06:09:20.720,bitmex,BTC/USDT:USDT,118804.4,1900.0,118801.4,6200.0,118804.5,9200.0,118808.1,6200.0
1753769360769,06:09:20.769,bitmex,BTC/USDT:USDT,118804.4,1900.0,118801.4,6200.0,118804.5,9200.0,118808.1,6200.0
1753769361062,06:09:21.062,bitmex,BTC/USDT:USDT,118804.4,1900.0,118801.4,6200.0,118804.5,9200.0,118808.1,6200.0
1753769361162,06:09:21.162,bitmex,BTC/USDT:USDT,118804.4,1900.0,118801.4,6200.0,118804.5,9200.0,118808.1,6200.0
1753769361212,06:09:21.212,bitmex,BTC/USDT:USDT,118804.4,1900.0,118801.4,6200.0,118804.5,9200.0,118808.1,6200.0
1753769361385,06:09:21.385,bitmex,BTC/USDT:USDT,118804.4,33400.0,118801.4,6200.0,118804.5,6200.0,118808.1,6200.0
1753769361483,06:09:21.483,bitmex,BTC/USDT:USDT,118804.4,20500.0,118801.4,6200.0,118804.5,6200.0,118808.1,6200.0
1753769361635,06:09:21.635,bitmex,BTC/USDT:USDT,118804.4,20500.0,118801.4,6200.0,118804.5,6200.0,118808.1,6200.0
1753769361684,06:09:21.684,bitmex,BTC/USDT:USDT,118804.4,20500.0,118801.4,6200.0,118804.5,6200.0,118808.1,6200.0
1753769361733,06:09:21.733,bitmex,BTC/USDT:USDT,118804.4,20500.0,118801.4,6200.0,118804.5,6200.0,118808.1,6200.0
1753769361782,06:09:21.782,bitmex,BTC/USDT:USDT,118804.4,20500.0,118801.4,6200.0,118804.5,6200.0,118808.1,6200.0
1753769361929,06:09:21.929,bitmex,BTC/USDT:USDT,118804.4,20500.0,118801.4,6200.0,118804.5,6200.0,118808.1,6200.0
1753769361979,06:09:21.979,bitmex,BTC/USDT:USDT,118804.4,20500.0,118801.4,6200.0,118804.5,6200.0,118808.1,6200.0
1753769362270,06:09:22.270,bitmex,BTC/USDT:USDT,118804.4,20500.0,118801.4,6200.0,118804.5,6200.0,118808.1,6200.0
1753769362319,06:09:22.319,bitmex,BTC/USDT:USDT,118804.4,20500.0,118801.4,6200.0,118804.5,6200.0,118808.1,6200.0
1753769362368,06:09:22.368,bitmex,BTC/USDT:USDT,118804.4,20500.0,118801.4,6200.0,118804.5,6200.0,118808.1,6200.0
1753769362417,06:09:22.417,bitmex,BTC/USDT:USDT,118804.4,20500.0,118801.4,6200.0,118804.5,6200.0,118808.1,6200.0
1753769362530,06:09:22.530,bitmex,BTC/USDT:USDT,118804.4,20500.0,118801.4,6200.0,118804.5,6200.0,118808.1,6200.0
1753769362580,06:09:22.580,bitmex,BTC/USDT:USDT,118804.4,20500.0,118801.4,6200.0,118804.5,6200.0,118808.1,6200.0
1753769362799,06:09:22.799,bitmex,BTC/USDT:USDT,118804.4,20500.0,118801.4,6200.0,118804.5,6200.0,118808.1,6200.0
1753769362849,06:09:22.849,bitmex,BTC/USDT:USDT,118804.4,20500.0,118801.4,6200.0,118804.5,6200.0,118808.1,6200.0
1753769362898,06:09:22.898,bitmex,BTC/USDT:USDT,118804.4,20500.0,118801.4,6200.0,118804.5,6200.0,118808.1,6200.0
1753769363342,06:09:23.342,bitmex,BTC/USDT:USDT,118804.4,20500.0,118801.4,6200.0,118804.5,6200.0,118808.1,6200.0
1753769363398,06:09:23.398,bitmex,BTC/USDT:USDT,118804.4,20500.0,118801.4,6200.0,118804.5,6200.0,118808.1,6200.0
1753769363447,06:09:23.447,bitmex,BTC/USDT:USDT,118804.4,20500.0,118801.4,6200.0,118808.1,6200.0,118808.2,11300.0
1753769363496,06:09:23.496,bitmex,BTC/USDT:USDT,118808.0,11200.0,118804.6,9300.0,118808.1,6200.0,118808.2,11300.0
1753769363594,06:09:23.594,bitmex,BTC/USDT:USDT,118808.0,11200.0,118804.6,9300.0,118808.1,6200.0,118808.2,11300.0
1753769363643,06:09:23.643,bitmex,BTC/USDT:USDT,118808.0,11200.0,118804.6,9300.0,118808.1,6200.0,118808.2,11300.0
1753769363692,06:09:23.692,bitmex,BTC/USDT:USDT,118808.0,11200.0,118804.6,9300.0,118808.1,6200.0,118808.2,11300.0
1753769363783,06:09:23.783,bitmex,BTC/USDT:USDT,118808.0,11200.0,118804.6,9300.0,118808.1,6200.0,118808.2,11300.0
1753769364028,06:09:24.028,bitmex,BTC/USDT:USDT,118808.0,11200.0,118804.7,6200.0,118808.1,6200.0,118808.2,11300.0
1753769364077,06:09:24.077,bitmex,BTC/USDT:USDT,118808.0,20500.0,118804.7,6200.0,118808.1,9200.0,118808.2,11300.0
1753769364127,06:09:24.127,bitmex,BTC/USDT:USDT,118808.0,20500.0,118804.7,6200.0,118808.1,9200.0,118808.2,11300.0
1753769364176,06:09:24.176,bitmex,BTC/USDT:USDT,118808.0,20500.0,118804.7,6200.0,118808.1,9200.0,118808.2,11300.0
1753769364225,06:09:24.225,bitmex,BTC/USDT:USDT,118808.0,20500.0,118804.7,6200.0,118808.1,9200.0,118808.2,11300.0
1753769364482,06:09:24.482,bitmex,BTC/USDT:USDT,118808.0,20500.0,118804.7,6200.0,118808.1,9200.0,118808.2,11300.0
1753769364634,06:09:24.634,bitmex,BTC/USDT:USDT,118808.0,20500.0,118804.7,6200.0,118808.1,9200.0,118808.2,11300.0
1753769364683,06:09:24.683,bitmex,BTC/USDT:USDT,118808.0,18600.0,118804.7,6200.0,118808.1,9200.0,118808.2,11300.0
1753769364732,06:09:24.732,bitmex,BTC/USDT:USDT,118808.0,18600.0,118804.7,6200.0,118808.1,9200.0,118808.2,11300.0
1753769364805,06:09:24.805,bitmex,BTC/USDT:USDT,118808.0,18600.0,118804.7,6200.0,118808.1,9200.0,118808.2,11300.0
1753769365005,06:09:25.005,bitmex,BTC/USDT:USDT,118808.0,20500.0,118804.7,6200.0,118808.1,9200.0,118808.2,6200.0
1753769365054,06:09:25.054,bitmex,BTC/USDT:USDT,118808.0,20500.0,118804.7,6200.0,118808.1,9200.0,118808.2,6200.0
1753769365103,06:09:25.103,bitmex,BTC/USDT:USDT,118808.0,20500.0,118804.7,6200.0,118808.1,9200.0,118808.2,6200.0
1753769365396,06:09:25.396,bitmex,BTC/USDT:USDT,118808.0,20500.0,118804.7,6200.0,118808.1,9200.0,118808.2,6200.0
1753769365445,06:09:25.445,bitmex,BTC/USDT:USDT,118804.8,1900.0,118804.7,6200.0,118804.9,3000.0,118808.1,6200.0
1753769365606,06:09:25.606,bitmex,BTC/USDT:USDT,118804.8,1900.0,118804.7,6200.0,118804.9,3000.0,118808.1,6200.0
1753769365655,06:09:25.655,bitmex,BTC/USDT:USDT,118800.0,8400.0,118799.5,6000.0,118800.1,3000.0,118808.1,6200.0
1753769365704,06:09:25.704,bitmex,BTC/USDT:USDT,118800.0,10300.0,118799.5,6000.0,118800.1,3000.0,118808.1,6200.0
1753769365753,06:09:25.753,bitmex,BTC/USDT:USDT,118800.0,8400.0,118799.5,6000.0,118800.1,3000.0,118808.1,6200.0
1753769365802,06:09:25.802,bitmex,BTC/USDT:USDT,118799.7,1900.0,118799.6,8400.0,118808.1,6200.0,118808.2,6200.0
1753769365851,06:09:25.851,bitmex,BTC/USDT:USDT,118799.7,1900.0,118799.6,8400.0,118808.1,6200.0,118808.2,6200.0
1753769365900,06:09:25.900,bitmex,BTC/USDT:USDT,118799.7,1900.0,118799.6,8400.0,118799.8,3000.0,118808.1,6200.0
1753769365949,06:09:25.949,bitmex,BTC/USDT:USDT,118799.7,1900.0,118799.6,8400.0,118799.8,3000.0,118808.1,6200.0
1753769365998,06:09:25.998,bitmex,BTC/USDT:USDT,118799.7,1900.0,118799.6,8400.0,118799.8,3000.0,118808.1,6200.0
1753769366047,06:09:26.047,bitmex,BTC/USDT:USDT,118799.7,1900.0,118799.6,8400.0,118799.8,3000.0,118808.1,6200.0
1753769366120,06:09:26.120,bitmex,BTC/USDT:USDT,118799.7,1900.0,118799.6,8400.0,118799.8,3000.0,118808.1,6200.0
1753769366170,06:09:26.170,bitmex,BTC/USDT:USDT,118799.6,8400.0,118799.5,6000.0,118799.8,9200.0,118804.4,5100.0
1753769366219,06:09:26.219,bitmex,BTC/USDT:USDT,118799.6,8400.0,118799.5,6000.0,118799.7,3000.0,118799.8,6200.0
1753769366268,06:09:26.268,bitmex,BTC/USDT:USDT,118799.6,8400.0,118799.5,6000.0,118799.7,3000.0,118799.8,6200.0
1753769366317,06:09:26.317,bitmex,BTC/USDT:USDT,118799.5,6000.0,118797.0,140000.0,118799.6,9200.0,118799.8,6200.0
1753769366366,06:09:26.366,bitmex,BTC/USDT:USDT,118799.5,6000.0,118797.0,140000.0,118799.6,9200.0,118799.8,6200.0
1753769366415,06:09:26.415,bitmex,BTC/USDT:USDT,118799.5,6000.0,118797.0,140000.0,118799.6,9200.0,118799.8,6200.0
1753769366472,06:09:26.472,bitmex,BTC/USDT:USDT,118799.5,14400.0,118797.0,140000.0,118799.6,9200.0,118799.8,6200.0
1753769366564,06:09:26.564,bitmex,BTC/USDT:USDT,118799.5,14400.0,118797.0,140000.0,118799.6,9200.0,118799.8,6200.0
1753769366614,06:09:26.614,bitmex,BTC/USDT:USDT,118799.5,14400.0,118794.0,140000.0,118799.6,9200.0,118799.8,6200.0
1753769366663,06:09:26.663,bitmex,BTC/USDT:USDT,118799.5,14400.0,118794.0,140000.0,118799.6,9200.0,118799.8,6200.0
1753769366741,06:09:26.741,bitmex,BTC/USDT:USDT,118799.5,14400.0,118794.0,140000.0,118799.6,9200.0,118799.8,6200.0
1753769366790,06:09:26.790,bitmex,BTC/USDT:USDT,118799.5,14400.0,118794.1,6200.0,118799.6,9200.0,118799.8,6200.0
1753769366839,06:09:26.839,bitmex,BTC/USDT:USDT,118799.5,16300.0,118794.1,6200.0,118799.6,9200.0,118799.8,6200.0
1753769366888,06:09:26.888,bitmex,BTC/USDT:USDT,118799.5,16300.0,118794.1,6200.0,118799.6,9200.0,118799.8,6200.0
1753769366937,06:09:26.937,bitmex,BTC/USDT:USDT,118799.5,14400.0,118794.1,6200.0,118799.6,9200.0,118799.8,6200.0
1753769366986,06:09:26.986,bitmex,BTC/USDT:USDT,118799.5,16300.0,118794.1,6200.0,118799.6,9200.0,118799.8,6200.0
1753769366986,06:09:26.986,bitmex,BTC/USDT:USDT,118799.5,16300.0,118794.1,6200.0,118799.6,9200.0,118799.8,6200.0
1753769367035,06:09:27.035,bitmex,BTC/USDT:USDT,118799.5,16300.0,118794.1,6200.0,118799.6,9200.0,118799.8,6200.0
1753769367084,06:09:27.084,bitmex,BTC/USDT:USDT,118799.5,16300.0,118794.1,6200.0,118799.6,9200.0,118799.8,6200.0
1753769367178,06:09:27.178,bitmex,BTC/USDT:USDT,118799.5,16300.0,118794.1,6200.0,118799.6,9200.0,118799.8,6200.0
1753769367227,06:09:27.227,bitmex,BTC/USDT:USDT,118799.5,14400.0,118794.1,6200.0,118799.6,9200.0,118799.8,6200.0
1753769367386,06:09:27.386,bitmex,BTC/USDT:USDT,118799.5,14400.0,118794.1,6200.0,118799.6,9200.0,118799.8,6200.0
1753769367498,06:09:27.498,bitmex,BTC/USDT:USDT,118799.5,14400.0,118794.1,6200.0,118799.6,9200.0,118799.8,6200.0
1753769367547,06:09:27.547,bitmex,BTC/USDT:USDT,118799.5,14400.0,118794.1,6200.0,118799.6,9200.0,118799.8,6200.0
1753769367634,06:09:27.634,bitmex,BTC/USDT:USDT,118799.5,14400.0,118794.1,6200.0,118799.6,9200.0,118799.8,6200.0
1753769367683,06:09:27.683,bitmex,BTC/USDT:USDT,118799.5,14400.0,118794.1,6200.0,118799.6,9200.0,118799.8,6200.0
1753769367830,06:09:27.830,bitmex,BTC/USDT:USDT,118799.5,16300.0,118794.1,6200.0,118799.6,9200.0,118799.8,6200.0
1753769367830,06:09:27.830,bitmex,BTC/USDT:USDT,118799.5,16300.0,118794.1,6200.0,118799.6,9200.0,118799.8,6200.0
1753769367938,06:09:27.938,bitmex,BTC/USDT:USDT,118799.5,14400.0,118794.1,6200.0,118799.6,9200.0,118799.8,6200.0
1753769367987,06:09:27.987,bitmex,BTC/USDT:USDT,118799.5,14400.0,118794.1,6200.0,118799.6,9200.0,118799.8,6200.0
1753769368083,06:09:28.083,bitmex,BTC/USDT:USDT,118799.5,14400.0,118794.1,6200.0,118799.6,9200.0,118799.8,6200.0
1753769368175,06:09:28.175,bitmex,BTC/USDT:USDT,118799.5,14400.0,118794.1,6200.0,118799.6,9200.0,118799.8,6200.0
1753769368224,06:09:28.224,bitmex,BTC/USDT:USDT,118799.5,14400.0,118794.1,6200.0,118799.6,9200.0,118799.8,6200.0
1753769368287,06:09:28.287,bitmex,BTC/USDT:USDT,118799.5,14400.0,118794.1,6200.0,118799.6,9200.0,118799.8,6200.0
1753769368336,06:09:28.336,bitmex,BTC/USDT:USDT,118799.5,14400.0,118794.1,6200.0,118799.6,9200.0,118799.8,6200.0
1753769368385,06:09:28.385,bitmex,BTC/USDT:USDT,118799.5,14400.0,118794.1,6200.0,118799.6,9200.0,118799.8,6200.0
1753769368434,06:09:28.434,bitmex,BTC/USDT:USDT,118799.5,14400.0,118794.1,6200.0,118799.6,9200.0,118799.8,6200.0
1753769368483,06:09:28.483,bitmex,BTC/USDT:USDT,118799.5,14400.0,118794.1,6200.0,118799.6,9200.0,118799.8,6200.0
1753769368483,06:09:28.483,bitmex,BTC/USDT:USDT,118799.5,14400.0,118794.1,6200.0,118799.6,9200.0,118799.8,6200.0
1753769368723,06:09:28.723,bitmex,BTC/USDT:USDT,118799.5,14400.0,118794.1,6200.0,118799.6,9200.0,118799.8,6200.0
1753769368883,06:09:28.883,bitmex,BTC/USDT:USDT,118799.5,14400.0,118794.1,6200.0,118799.6,9200.0,118799.8,6200.0
1753769369012,06:09:29.012,bitmex,BTC/USDT:USDT,118799.5,14400.0,118794.1,6200.0,118799.6,9200.0,118799.8,6200.0
1753769369140,06:09:29.140,bitmex,BTC/USDT:USDT,118799.5,14400.0,118794.1,6200.0,118799.6,9200.0,118799.8,6200.0
1753769369238,06:09:29.238,bitmex,BTC/USDT:USDT,118799.5,14400.0,118794.1,6200.0,118799.6,9200.0,118799.8,6200.0
1753769369287,06:09:29.287,bitmex,BTC/USDT:USDT,118799.5,14400.0,118794.1,6200.0,118799.6,9200.0,118799.8,6200.0
1753769369336,06:09:29.336,bitmex,BTC/USDT:USDT,118799.5,14400.0,118794.1,6200.0,118799.6,9200.0,118799.8,6200.0
1753769369409,06:09:29.409,bitmex,BTC/USDT:USDT,118799.5,14400.0,118794.1,6200.0,118799.6,9200.0,118799.8,6200.0
1753769369458,06:09:29.458,bitmex,BTC/USDT:USDT,118799.5,14400.0,118794.1,6200.0,118799.6,9200.0,118799.8,6200.0
1753769369507,06:09:29.507,bitmex,BTC/USDT:USDT,118799.5,6000.0,118794.2,8400.0,118799.6,9200.0,118799.8,6200.0
1753769369556,06:09:29.556,bitmex,BTC/USDT:USDT,118799.5,6000.0,118794.2,8400.0,118799.6,9200.0,118799.8,6200.0
1753769369605,06:09:29.605,bitmex,BTC/USDT:USDT,118799.5,6000.0,118794.2,8400.0,118799.6,9200.0,118799.8,6200.0
1753769369694,06:09:29.694,bitmex,BTC/USDT:USDT,118799.5,6000.0,118794.2,8400.0,118799.6,9200.0,118799.8,6200.0
1753769369743,06:09:29.743,bitmex,BTC/USDT:USDT,118799.5,6000.0,118794.2,8400.0,118799.6,9200.0,118799.8,6200.0
1753769369792,06:09:29.792,bitmex,BTC/USDT:USDT,118799.5,6000.0,118794.2,8400.0,118799.6,9200.0,118799.8,6200.0
1753769369963,06:09:29.963,bitmex,BTC/USDT:USDT,118799.5,6000.0,118794.2,8400.0,118799.6,9200.0,118799.8,6200.0
1753769370012,06:09:30.012,bitmex,BTC/USDT:USDT,118799.5,6000.0,118794.2,8400.0,118799.6,9200.0,118799.8,6200.0
1753769370424,06:09:30.424,bitmex,BTC/USDT:USDT,118799.5,6000.0,118794.2,8400.0,118799.6,9200.0,118799.8,6200.0
1753769370474,06:09:30.474,bitmex,BTC/USDT:USDT,118799.5,6000.0,118794.3,6200.0,118799.6,9200.0,118799.8,6200.0
1753769370572,06:09:30.572,bitmex,BTC/USDT:USDT,118799.5,7900.0,118794.3,6200.0,118799.6,9200.0,118799.8,6200.0
1753769370621,06:09:30.621,bitmex,BTC/USDT:USDT,118799.5,6000.0,118794.3,6200.0,118799.6,9200.0,118799.8,6200.0
1753769370670,06:09:30.670,bitmex,BTC/USDT:USDT,118799.5,6000.0,118794.3,6200.0,118799.6,9200.0,118799.8,6200.0
1753769370670,06:09:30.670,bitmex,BTC/USDT:USDT,118799.5,6000.0,118794.3,6200.0,118799.6,9200.0,118799.8,6200.0
1753769370719,06:09:30.719,bitmex,BTC/USDT:USDT,118799.5,7900.0,118794.3,6200.0,118799.6,9200.0,118799.8,6200.0
1753769370768,06:09:30.768,bitmex,BTC/USDT:USDT,118799.5,7900.0,118794.3,6200.0,118799.6,9200.0,118799.8,6200.0
1753769370817,06:09:30.817,bitmex,BTC/USDT:USDT,118799.5,7900.0,118794.3,6200.0,118799.6,9200.0,118799.8,6200.0
1753769370866,06:09:30.866,bitmex,BTC/USDT:USDT,118799.5,6000.0,118794.3,6200.0,118799.6,9200.0,118799.8,6200.0
1753769370970,06:09:30.970,bitmex,BTC/USDT:USDT,118794.0,140000.0,118788.0,205500.0,118799.6,6200.0,118799.8,6200.0
1753769370970,06:09:30.970,bitmex,BTC/USDT:USDT,118794.0,140000.0,118788.0,205500.0,118794.1,64500.0,118799.6,6200.0
1753769371019,06:09:31.019,bitmex,BTC/USDT:USDT,118794.0,140000.0,118788.0,205500.0,118794.1,10000.0,118799.6,6200.0
1753769371068,06:09:31.068,bitmex,BTC/USDT:USDT,118794.0,140000.0,118788.0,205500.0,118794.1,10000.0,118799.6,6200.0
1753769371117,06:09:31.117,bitmex,BTC/USDT:USDT,118794.0,140000.0,118788.0,205500.0,118794.1,10000.0,118799.6,6200.0
1753769371166,06:09:31.166,bitmex,BTC/USDT:USDT,118794.0,140000.0,118788.0,205500.0,118794.1,10000.0,118799.6,6200.0
1753769371215,06:09:31.215,bitmex,BTC/USDT:USDT,118794.0,140000.0,118788.0,205500.0,118794.1,10000.0,118799.6,6200.0
1753769371264,06:09:31.264,bitmex,BTC/USDT:USDT,118794.0,140000.0,118788.0,205500.0,118794.1,10000.0,118799.6,6200.0
1753769371313,06:09:31.313,bitmex,BTC/USDT:USDT,118794.0,140000.0,118788.0,205500.0,118794.1,10000.0,118799.6,6200.0
1753769371446,06:09:31.446,bitmex,BTC/USDT:USDT,118794.0,140000.0,118788.0,205500.0,118794.1,10000.0,118799.6,6200.0
1753769371495,06:09:31.495,bitmex,BTC/USDT:USDT,118794.0,140000.0,118788.0,205500.0,118794.1,10000.0,118799.6,6200.0
1753769371544,06:09:31.544,bitmex,BTC/USDT:USDT,118794.0,140000.0,118788.0,205500.0,118794.1,10000.0,118799.6,6200.0
1753769371593,06:09:31.593,bitmex,BTC/USDT:USDT,118794.0,140000.0,118788.0,205500.0,118794.1,10000.0,118799.6,6200.0
1753769371678,06:09:31.678,bitmex,BTC/USDT:USDT,118794.0,140000.0,118788.0,205500.0,118794.1,10000.0,118799.6,6200.0
1753769371728,06:09:31.728,bitmex,BTC/USDT:USDT,118794.0,140000.0,118788.0,205500.0,118794.1,10000.0,118799.6,6200.0
1753769371728,06:09:31.728,bitmex,BTC/USDT:USDT,118794.0,140000.0,118788.0,205500.0,118794.1,10000.0,118799.6,6200.0
1753769371826,06:09:31.826,bitmex,BTC/USDT:USDT,118794.0,140000.0,118788.0,205500.0,118794.1,10000.0,118799.6,6200.0
1753769371875,06:09:31.875,bitmex,BTC/USDT:USDT,118794.0,140000.0,118788.0,205500.0,118794.1,64500.0,118799.6,6200.0
1753769371956,06:09:31.956,bitmex,BTC/USDT:USDT,118794.0,140000.0,118788.0,205500.0,118794.1,64500.0,118799.6,6200.0
1753769372005,06:09:32.005,bitmex,BTC/USDT:USDT,118794.0,140000.0,118788.0,205500.0,118794.1,64500.0,118799.6,6200.0
1753769372103,06:09:32.103,bitmex,BTC/USDT:USDT,118794.0,140000.0,118788.0,205500.0,118794.1,64500.0,118799.6,6200.0
1753769372152,06:09:32.152,bitmex,BTC/USDT:USDT,118794.0,140000.0,118788.0,205500.0,118794.1,64500.0,118799.6,6200.0
1753769372302,06:09:32.302,bitmex,BTC/USDT:USDT,118781.0,140000.0,118780.2,8400.0,118781.1,3000.0,118784.1,5100.0
1753769372499,06:09:32.499,bitmex,BTC/USDT:USDT,118781.0,140000.0,118779.9,6000.0,118781.1,11100.0,118784.0,6200.0
1753769372548,06:09:32.548,bitmex,BTC/USDT:USDT,118781.0,140000.0,118779.9,6000.0,118781.1,11100.0,118784.0,6200.0
1753769372632,06:09:32.632,bitmex,BTC/USDT:USDT,118781.0,145100.0,118779.9,6000.0,118781.1,11100.0,118784.0,6200.0
1753769372681,06:09:32.681,bitmex,BTC/USDT:USDT,118781.0,145100.0,118779.9,6000.0,118781.1,11100.0,118784.0,6200.0
1753769372730,06:09:32.730,bitmex,BTC/USDT:USDT,118781.0,145600.0,118779.9,6000.0,118781.1,11100.0,118784.0,6200.0
1753769372828,06:09:32.828,bitmex,BTC/USDT:USDT,118781.0,145100.0,118779.9,6000.0,118781.1,11100.0,118784.0,6200.0
1753769372877,06:09:32.877,bitmex,BTC/USDT:USDT,118781.0,145100.0,118779.9,6000.0,118781.1,11100.0,118784.0,6200.0
1753769372927,06:09:32.927,bitmex,BTC/USDT:USDT,118781.0,145100.0,118779.9,6000.0,118781.1,11100.0,118784.0,6200.0
1753769373002,06:09:33.002,bitmex,BTC/USDT:USDT,118781.0,145100.0,118779.9,6000.0,118781.1,11100.0,118784.0,6200.0
1753769373052,06:09:33.052,bitmex,BTC/USDT:USDT,118781.0,145100.0,118779.9,6000.0,118781.1,11100.0,118784.0,6200.0
1753769373101,06:09:33.101,bitmex,BTC/USDT:USDT,118781.0,145600.0,118779.9,6000.0,118781.1,11100.0,118784.0,6200.0
1753769373199,06:09:33.199,bitmex,BTC/USDT:USDT,118781.0,145600.0,118779.9,6000.0,118781.1,11100.0,118784.0,6200.0
1753769373250,06:09:33.250,bitmex,BTC/USDT:USDT,118781.0,145600.0,118779.9,6000.0,118781.1,11100.0,118784.0,6200.0
1753769373300,06:09:33.300,bitmex,BTC/USDT:USDT,118781.0,145600.0,118779.9,6000.0,118781.1,11100.0,118784.0,6200.0
1753769373349,06:09:33.349,bitmex,BTC/USDT:USDT,118781.0,145600.0,118779.9,6000.0,118781.1,11100.0,118784.0,6200.0
1753769373658,06:09:33.658,bitmex,BTC/USDT:USDT,118781.0,145600.0,118779.9,6000.0,118781.1,11100.0,118784.0,6200.0
1753769373707,06:09:33.707,bitmex,BTC/USDT:USDT,118781.0,145600.0,118779.9,6000.0,118781.1,11100.0,118784.0,6200.0
1753769373756,06:09:33.756,bitmex,BTC/USDT:USDT,118781.0,145600.0,118779.9,6000.0,118781.1,11100.0,118784.0,6200.0
1753769373805,06:09:33.805,bitmex,BTC/USDT:USDT,118781.0,145600.0,118779.9,6000.0,118781.1,11100.0,118784.0,6200.0
1753769373952,06:09:33.952,bitmex,BTC/USDT:USDT,118781.0,145600.0,118779.9,6000.0,118781.1,11100.0,118784.0,6200.0
1753769374001,06:09:34.001,bitmex,BTC/USDT:USDT,118781.0,145600.0,118779.9,6000.0,118781.1,11100.0,118784.0,6200.0
1753769374001,06:09:34.001,bitmex,BTC/USDT:USDT,118781.0,145100.0,118779.9,6000.0,118781.1,11100.0,118784.0,6200.0
1753769374050,06:09:34.050,bitmex,BTC/USDT:USDT,118781.0,145600.0,118779.9,6000.0,118781.1,11100.0,118784.0,6200.0
1753769374099,06:09:34.099,bitmex,BTC/USDT:USDT,118781.0,145600.0,118779.9,6000.0,118781.1,11100.0,118784.0,6200.0
1753769374686,06:09:34.686,bitmex,BTC/USDT:USDT,118781.0,145100.0,118780.0,8400.0,118781.1,11100.0,118784.0,6200.0
1753769374736,06:09:34.736,bitmex,BTC/USDT:USDT,118781.0,145100.0,118780.0,8400.0,118781.1,11100.0,118784.0,6200.0
1753769374785,06:09:34.785,bitmex,BTC/USDT:USDT,118781.0,145100.0,118780.0,8400.0,118781.1,11100.0,118784.0,6200.0
1753769374834,06:09:34.834,bitmex,BTC/USDT:USDT,118781.0,145100.0,118780.0,8400.0,118781.1,11100.0,118784.0,6200.0
1753769375006,06:09:35.006,bitmex,BTC/USDT:USDT,118781.0,145100.0,118780.0,8400.0,118781.1,11100.0,118784.0,6200.0
1753769375056,06:09:35.056,bitmex,BTC/USDT:USDT,118781.0,145100.0,118780.0,8400.0,118781.1,11100.0,118784.0,6200.0
1753769375154,06:09:35.154,bitmex,BTC/USDT:USDT,118781.0,145600.0,118780.0,8400.0,118781.1,11100.0,118784.0,6200.0
1753769375305,06:09:35.305,bitmex,BTC/USDT:USDT,118781.0,145600.0,118780.0,8400.0,118781.1,11100.0,118784.0,6200.0
1753769375505,06:09:35.505,bitmex,BTC/USDT:USDT,118781.0,145600.0,118780.0,8400.0,118781.1,11100.0,118784.0,6200.0
1753769375807,06:09:35.807,bitmex,BTC/USDT:USDT,118781.0,5600.0,118780.0,8400.0,118781.1,11100.0,118784.0,6200.0
1753769375856,06:09:35.856,bitmex,BTC/USDT:USDT,118781.0,5600.0,118780.0,8400.0,118781.1,11100.0,118784.0,6200.0
1753769375921,06:09:35.921,bitmex,BTC/USDT:USDT,118781.0,5600.0,118780.0,8400.0,118781.1,11100.0,118784.0,6200.0
1753769375970,06:09:35.970,bitmex,BTC/USDT:USDT,118781.0,5600.0,118780.0,8400.0,118781.1,11100.0,118784.0,6200.0
1753769375970,06:09:35.970,bitmex,BTC/USDT:USDT,118781.0,5600.0,118780.0,8400.0,118781.1,11100.0,118784.0,6200.0
1753769376019,06:09:36.019,bitmex,BTC/USDT:USDT,118781.0,5600.0,118780.0,8400.0,118781.1,11100.0,118784.0,6200.0
1753769376068,06:09:36.068,bitmex,BTC/USDT:USDT,118781.0,5100.0,118780.0,8400.0,118781.1,11100.0,118784.0,6200.0
1753769376117,06:09:36.117,bitmex,BTC/USDT:USDT,118781.0,5100.0,118780.0,8400.0,118781.1,11100.0,118784.0,6200.0
1753769376166,06:09:36.166,bitmex,BTC/USDT:USDT,118781.0,5100.0,118780.0,8400.0,118781.1,11100.0,118784.0,6200.0
1753769376264,06:09:36.264,bitmex,BTC/USDT:USDT,118781.0,5600.0,118780.0,8400.0,118781.1,11100.0,118784.0,6200.0
1753769376379,06:09:36.379,bitmex,BTC/USDT:USDT,118781.0,5600.0,118780.0,8400.0,118781.1,11100.0,118784.0,6200.0
1753769376428,06:09:36.428,bitmex,BTC/USDT:USDT,118781.0,5600.0,118780.0,8400.0,118781.1,11100.0,118784.0,6200.0
1753769376477,06:09:36.477,bitmex,BTC/USDT:USDT,118781.0,5600.0,118780.0,8400.0,118781.1,11100.0,118784.0,6200.0
1753769376477,06:09:36.477,bitmex,BTC/USDT:USDT,118781.0,5600.0,118780.0,8400.0,118781.1,11100.0,118784.0,6200.0
1753769376911,06:09:36.911,bitmex,BTC/USDT:USDT,118781.0,5600.0,118780.0,8400.0,118781.1,11100.0,118784.0,6200.0
1753769376960,06:09:36.960,bitmex,BTC/USDT:USDT,118781.0,5600.0,118780.0,8400.0,118781.1,11100.0,118784.0,6200.0
1753769377009,06:09:37.009,bitmex,BTC/USDT:USDT,118781.0,5600.0,118780.0,8400.0,118781.1,11100.0,118784.0,6200.0
1753769377335,06:09:37.335,bitmex,BTC/USDT:USDT,118781.0,5600.0,118780.0,8400.0,118781.1,11100.0,118784.0,6200.0
1753769377385,06:09:37.385,bitmex,BTC/USDT:USDT,118781.0,5100.0,118780.0,8400.0,118781.1,11100.0,118784.0,6200.0
1753769377434,06:09:37.434,bitmex,BTC/USDT:USDT,118781.0,5100.0,118780.0,8400.0,118781.1,11100.0,118784.0,6200.0
1753769377532,06:09:37.532,bitmex,BTC/USDT:USDT,118780.0,14000.0,118779.9,6000.0,118780.1,11100.0,118781.1,6200.0
1753769377581,06:09:37.581,bitmex,BTC/USDT:USDT,118780.0,14000.0,118779.9,6000.0,118780.1,11100.0,118781.1,6200.0
1753769377726,06:09:37.726,bitmex,BTC/USDT:USDT,118780.0,14000.0,118779.9,6000.0,118780.1,11100.0,118781.1,6200.0
1753769377776,06:09:37.776,bitmex,BTC/USDT:USDT,118780.0,13500.0,118779.9,6000.0,118780.1,11100.0,118781.1,6200.0
1753769377858,06:09:37.858,bitmex,BTC/USDT:USDT,118780.0,13500.0,118779.9,6000.0,118780.1,11100.0,118781.1,6200.0
1753769377907,06:09:37.907,bitmex,BTC/USDT:USDT,118780.0,13500.0,118779.9,6000.0,118780.1,11100.0,118781.1,6200.0
1753769378008,06:09:38.008,bitmex,BTC/USDT:USDT,118780.0,13500.0,118779.9,6000.0,118780.1,11100.0,118781.1,6200.0
1753769378328,06:09:38.328,bitmex,BTC/USDT:USDT,118780.0,13500.0,118779.9,6000.0,118780.1,11100.0,118781.1,6200.0
1753769378625,06:09:38.625,bitmex,BTC/USDT:USDT,118780.0,13500.0,118779.9,6000.0,118780.1,11100.0,118781.1,6200.0
1753769378675,06:09:38.675,bitmex,BTC/USDT:USDT,118780.0,5100.0,118779.9,6000.0,118780.1,11100.0,118781.1,6200.0
1753769378724,06:09:38.724,bitmex,BTC/USDT:USDT,118780.0,5100.0,118779.9,6000.0,118780.1,11100.0,118781.1,6200.0
1753769378773,06:09:38.773,bitmex,BTC/USDT:USDT,118780.0,5100.0,118779.9,6000.0,118780.1,11100.0,118781.1,6200.0
1753769378822,06:09:38.822,bitmex,BTC/USDT:USDT,118780.0,5100.0,118779.9,6000.0,118780.1,11100.0,118781.1,6200.0
1753769378871,06:09:38.871,bitmex,BTC/USDT:USDT,118780.0,5100.0,118779.9,6000.0,118780.1,11100.0,118781.1,6200.0
1753769378920,06:09:38.920,bitmex,BTC/USDT:USDT,118779.9,6000.0,118775.0,140000.0,118780.0,56000.0,118780.1,11100.0
1753769378970,06:09:38.970,bitmex,BTC/USDT:USDT,118779.9,6000.0,118775.0,140000.0,118780.0,60900.0,118780.1,6200.0
1753769379020,06:09:39.020,bitmex,BTC/USDT:USDT,118779.9,6000.0,118775.0,140000.0,118780.0,60900.0,118780.1,6200.0
1753769379069,06:09:39.069,bitmex,BTC/USDT:USDT,118779.9,6000.0,118775.0,140000.0,118780.0,60900.0,118780.1,6200.0
1753769379190,06:09:39.190,bitmex,BTC/USDT:USDT,118779.9,6000.0,118775.0,140000.0,118780.0,60900.0,118780.1,6200.0
1753769379288,06:09:39.288,bitmex,BTC/USDT:USDT,118779.9,6000.0,118775.0,140000.0,118780.0,60900.0,118780.1,6200.0
1753769379337,06:09:39.337,bitmex,BTC/USDT:USDT,118779.9,6000.0,118775.0,140000.0,118780.0,60900.0,118780.1,6200.0
1753769379387,06:09:39.387,bitmex,BTC/USDT:USDT,118779.9,6000.0,118775.0,140000.0,118780.0,60900.0,118780.1,6200.0
1753769379437,06:09:39.437,bitmex,BTC/USDT:USDT,118779.9,6000.0,118775.0,140000.0,118780.0,60900.0,118780.1,6200.0
1753769379486,06:09:39.486,bitmex,BTC/USDT:USDT,118779.9,6000.0,118775.0,140000.0,118780.0,60900.0,118780.1,6200.0
1753769379537,06:09:39.537,bitmex,BTC/USDT:USDT,118779.9,6000.0,118775.0,140000.0,118780.0,60900.0,118780.1,6200.0
1753769379586,06:09:39.586,bitmex,BTC/USDT:USDT,118779.9,6000.0,118775.0,140000.0,118780.0,60900.0,118780.1,6200.0
1753769379783,06:09:39.783,bitmex,BTC/USDT:USDT,118779.9,6000.0,118775.0,140000.0,118780.0,60900.0,118780.1,6200.0
1753769379837,06:09:39.837,bitmex,BTC/USDT:USDT,118779.9,6000.0,118775.0,140000.0,118780.0,60900.0,118780.1,6200.0
1753769379887,06:09:39.887,bitmex,BTC/USDT:USDT,118779.9,6000.0,118775.0,140000.0,118780.0,60900.0,118780.1,6200.0
1753769379936,06:09:39.936,bitmex,BTC/USDT:USDT,118779.9,6000.0,118775.0,140000.0,118780.0,60900.0,118780.1,6200.0
1753769379985,06:09:39.985,bitmex,BTC/USDT:USDT,118779.9,6000.0,118775.0,140000.0,118780.0,60900.0,118780.1,6200.0
1753769380034,06:09:40.034,bitmex,BTC/USDT:USDT,118779.9,6000.0,118775.0,140000.0,118780.0,60900.0,118780.1,6200.0
1753769380159,06:09:40.159,bitmex,BTC/USDT:USDT,118779.9,6000.0,118775.0,140000.0,118780.0,60900.0,118780.1,6200.0
1753769380208,06:09:40.208,bitmex,BTC/USDT:USDT,118779.9,6000.0,118775.0,140000.0,118780.0,60900.0,118780.1,6200.0
1753769380257,06:09:40.257,bitmex,BTC/USDT:USDT,118779.9,6000.0,118775.0,140000.0,118780.0,60900.0,118780.1,6200.0
1753769380306,06:09:40.306,bitmex,BTC/USDT:USDT,118779.9,6000.0,118775.0,140000.0,118780.0,60900.0,118780.1,6200.0
1753769380405,06:09:40.405,bitmex,BTC/USDT:USDT,118779.9,6000.0,118775.0,140000.0,118780.0,60900.0,118780.1,6200.0
1753769380455,06:09:40.455,bitmex,BTC/USDT:USDT,118779.9,6000.0,118775.0,140000.0,118780.0,60900.0,118780.1,6200.0
1753769380504,06:09:40.504,bitmex,BTC/USDT:USDT,118779.9,6000.0,118775.0,140000.0,118780.0,60900.0,118780.1,6200.0
1753769380553,06:09:40.553,bitmex,BTC/USDT:USDT,118779.9,6000.0,118775.0,140000.0,118780.0,60900.0,118780.1,6200.0
1753769380602,06:09:40.602,bitmex,BTC/USDT:USDT,118779.9,6000.0,118775.0,140000.0,118780.0,60900.0,118780.1,6200.0
1753769380651,06:09:40.651,bitmex,BTC/USDT:USDT,118779.9,6000.0,118775.0,140000.0,118780.0,60900.0,118780.1,6200.0
1753769380872,06:09:40.872,bitmex,BTC/USDT:USDT,118779.9,6000.0,118775.0,140000.0,118780.0,60900.0,118780.1,6200.0
1753769380921,06:09:40.921,bitmex,BTC/USDT:USDT,118779.9,6000.0,118775.0,140000.0,118780.0,60900.0,118780.1,6200.0
1753769381006,06:09:41.006,bitmex,BTC/USDT:USDT,118779.9,6000.0,118775.0,140000.0,118780.0,60900.0,118780.1,6200.0
1753769381056,06:09:41.056,bitmex,BTC/USDT:USDT,118779.9,6000.0,118775.0,140000.0,118780.0,4900.0,118780.1,6200.0
1753769381105,06:09:41.105,bitmex,BTC/USDT:USDT,118779.9,6000.0,118775.0,140000.0,118780.0,4900.0,118780.1,6200.0
1753769381154,06:09:41.154,bitmex,BTC/USDT:USDT,118779.9,6000.0,118775.0,140000.0,118780.0,4900.0,118780.1,6200.0
1753769381203,06:09:41.203,bitmex,BTC/USDT:USDT,118779.9,6000.0,118775.0,140000.0,118780.0,4900.0,118780.1,6200.0
1753769381252,06:09:41.252,bitmex,BTC/USDT:USDT,118779.9,6000.0,118775.0,140000.0,118780.0,4900.0,118780.1,6200.0
1753769381301,06:09:41.301,bitmex,BTC/USDT:USDT,118779.9,6000.0,118775.0,140000.0,118780.0,4900.0,118780.1,6200.0
1753769381584,06:09:41.584,bitmex,BTC/USDT:USDT,118779.9,6000.0,118775.0,140000.0,118780.0,4900.0,118780.1,6200.0
1753769381633,06:09:41.633,bitmex,BTC/USDT:USDT,118779.9,6000.0,118775.0,140000.0,118780.0,4900.0,118780.1,6200.0
1753769381815,06:09:41.815,bitmex,BTC/USDT:USDT,118779.9,6000.0,118775.0,140000.0,118780.0,4900.0,118780.1,6200.0
1753769381865,06:09:41.865,bitmex,BTC/USDT:USDT,118779.9,6000.0,118775.0,140000.0,118780.0,4900.0,118780.1,6200.0
1753769382401,06:09:42.401,bitmex,BTC/USDT:USDT,118779.9,6000.0,118775.0,140000.0,118780.0,60900.0,118780.1,6200.0
1753769382621,06:09:42.621,bitmex,BTC/USDT:USDT,118779.9,6000.0,118775.0,140000.0,118780.0,60900.0,118780.1,6200.0
1753769382670,06:09:42.670,bitmex,BTC/USDT:USDT,118779.9,6000.0,118775.0,140000.0,118780.0,60900.0,118780.1,6200.0
1753769382742,06:09:42.742,bitmex,BTC/USDT:USDT,118779.9,6000.0,118775.0,140000.0,118780.0,60900.0,118780.1,6200.0
1753769382791,06:09:42.791,bitmex,BTC/USDT:USDT,118779.9,6000.0,118775.0,140000.0,118780.0,60900.0,118780.1,6200.0
1753769382840,06:09:42.840,bitmex,BTC/USDT:USDT,118779.9,6000.0,118775.0,140000.0,118780.0,60900.0,118780.1,6200.0
1753769382938,06:09:42.938,bitmex,BTC/USDT:USDT,118779.9,6000.0,118775.0,140000.0,118780.0,60900.0,118780.1,6200.0
1753769383009,06:09:43.009,bitmex,BTC/USDT:USDT,118779.9,6000.0,118775.0,140000.0,118780.0,60900.0,118780.1,6200.0
1753769383058,06:09:43.058,bitmex,BTC/USDT:USDT,118779.9,6000.0,118775.0,140000.0,118780.0,60900.0,118780.1,6200.0
