timestamp,time,exchange,symbol,bid1_price,bid1_volume,bid2_price,bid2_volume,ask1_price,ask1_volume,ask2_price,ask2_volume
1753769526490,06:12:06.490,bybit,XRP/USDT:USDT,3.1393,8147.0,3.1392,2096.0,3.1394,7409.0,3.1395,156.0
1753769526593,06:12:06.593,bybit,XRP/USDT:USDT,3.1393,8147.0,3.1392,2096.0,3.1394,7634.0,3.1395,156.0
1753769526691,06:12:06.691,bybit,XRP/USDT:USDT,3.1393,8147.0,3.1392,2096.0,3.1394,7634.0,3.1395,156.0
1753769526791,06:12:06.791,bybit,XRP/USDT:USDT,3.1393,9547.0,3.1392,3496.0,3.1394,7634.0,3.1395,156.0
1753769526891,06:12:06.891,bybit,XRP/USDT:USDT,3.1393,9547.0,3.1392,3496.0,3.1394,7634.0,3.1395,156.0
1753769526991,06:12:06.991,bybit,XRP/USDT:USDT,3.1393,9547.0,3.1392,3496.0,3.1394,7634.0,3.1395,156.0
1753769527091,06:12:07.091,bybit,XRP/USDT:USDT,3.1393,9547.0,3.1392,3496.0,3.1394,7634.0,3.1395,156.0
1753769527190,06:12:07.190,bybit,XRP/USDT:USDT,3.1393,8147.0,3.1392,2096.0,3.1394,7634.0,3.1395,156.0
1753769527291,06:12:07.291,bybit,XRP/USDT:USDT,3.1393,9858.0,3.1392,2096.0,3.1394,8347.0,3.1395,156.0
1753769527391,06:12:07.391,bybit,XRP/USDT:USDT,3.1393,9858.0,3.1392,2096.0,3.1394,8347.0,3.1395,156.0
1753769527490,06:12:07.490,bybit,XRP/USDT:USDT,3.1393,9858.0,3.1392,2096.0,3.1394,8347.0,3.1395,156.0
1753769527591,06:12:07.591,bybit,XRP/USDT:USDT,3.1393,9858.0,3.1392,2096.0,3.1394,8425.0,3.1395,156.0
1753769527793,06:12:07.793,bybit,XRP/USDT:USDT,3.1393,8521.0,3.1392,5296.0,3.1394,7670.0,3.1395,156.0
1753769528190,06:12:08.190,bybit,XRP/USDT:USDT,3.1393,8537.0,3.1392,2096.0,3.1394,7653.0,3.1395,156.0
1753769528291,06:12:08.291,bybit,XRP/USDT:USDT,3.1393,8537.0,3.1392,2096.0,3.1394,7653.0,3.1395,156.0
1753769528391,06:12:08.391,bybit,XRP/USDT:USDT,3.1393,8566.0,3.1392,2096.0,3.1394,7643.0,3.1395,156.0
1753769528491,06:12:08.491,bybit,XRP/USDT:USDT,3.1393,8208.0,3.1392,2096.0,3.1394,8379.0,3.1395,156.0
1753769528591,06:12:08.591,bybit,XRP/USDT:USDT,3.1393,5351.0,3.1392,2096.0,3.1394,8373.0,3.1395,477.0
1753769528691,06:12:08.691,bybit,XRP/USDT:USDT,3.1393,2059.0,3.1392,2096.0,3.1394,9543.0,3.1395,477.0
1753769528791,06:12:08.791,bybit,XRP/USDT:USDT,3.1393,2059.0,3.1392,2090.0,3.1394,9543.0,3.1395,477.0
1753769528891,06:12:08.891,bybit,XRP/USDT:USDT,3.1393,1701.0,3.1392,920.0,3.1394,12780.0,3.1395,4806.0
1753769528991,06:12:08.991,bybit,XRP/USDT:USDT,3.1393,1701.0,3.1392,920.0,3.1394,12780.0,3.1395,4806.0
1753769529091,06:12:09.091,bybit,XRP/USDT:USDT,3.1393,1701.0,3.1392,920.0,3.1394,12155.0,3.1395,4806.0
1753769529191,06:12:09.191,bybit,XRP/USDT:USDT,3.1393,1701.0,3.1392,2090.0,3.1394,12022.0,3.1395,3093.0
1753769529292,06:12:09.292,bybit,XRP/USDT:USDT,3.1393,1701.0,3.1392,920.0,3.1394,11974.0,3.1395,3093.0
1753769530091,06:12:10.091,bybit,XRP/USDT:USDT,3.1393,1771.0,3.1392,920.0,3.1394,11973.0,3.1395,3093.0
1753769530191,06:12:10.191,bybit,XRP/USDT:USDT,3.1393,1771.0,3.1392,920.0,3.1394,11973.0,3.1395,3093.0
1753769530291,06:12:10.291,bybit,XRP/USDT:USDT,3.1393,6117.0,3.1392,2090.0,3.1394,11949.0,3.1395,156.0
1753769530391,06:12:10.391,bybit,XRP/USDT:USDT,3.1393,3072.0,3.1392,2090.0,3.1394,11949.0,3.1395,2722.0
1753769530490,06:12:10.490,bybit,XRP/USDT:USDT,3.1393,3072.0,3.1392,2090.0,3.1394,11949.0,3.1395,2722.0
1753769530591,06:12:10.591,bybit,XRP/USDT:USDT,3.1393,2545.0,3.1392,2090.0,3.1394,11950.0,3.1395,2722.0
1753769530691,06:12:10.691,bybit,XRP/USDT:USDT,3.1393,18626.0,3.1392,8700.0,3.1394,4657.0,3.1395,156.0
1753769531491,06:12:11.491,bybit,XRP/USDT:USDT,3.1396,15931.0,3.1395,23087.0,3.1397,137.0,3.1398,8.0
1753769531591,06:12:11.591,bybit,XRP/USDT:USDT,3.1396,15931.0,3.1395,23087.0,3.1397,137.0,3.1398,8.0
1753769531691,06:12:11.691,bybit,XRP/USDT:USDT,3.1396,15931.0,3.1395,23087.0,3.1397,137.0,3.1398,8.0
1753769531794,06:12:11.794,bybit,XRP/USDT:USDT,3.1396,15931.0,3.1395,23087.0,3.1397,137.0,3.1398,1608.0
1753769531991,06:12:11.991,bybit,XRP/USDT:USDT,3.1396,15931.0,3.1395,23087.0,3.1397,222.0,3.1398,1608.0
1753769532091,06:12:12.091,bybit,XRP/USDT:USDT,3.1396,15931.0,3.1395,23087.0,3.1397,222.0,3.1398,2778.0
1753769532291,06:12:12.291,bybit,XRP/USDT:USDT,3.1396,6175.0,3.1395,15598.0,3.1397,10532.0,3.1398,2778.0
1753769532391,06:12:12.391,bybit,XRP/USDT:USDT,3.1396,5062.0,3.1395,7407.0,3.1397,10877.0,3.1398,3099.0
1753769532491,06:12:12.491,bybit,XRP/USDT:USDT,3.1396,2319.0,3.1395,3464.0,3.1397,14215.0,3.1398,11660.0
1753769532591,06:12:12.591,bybit,XRP/USDT:USDT,3.1396,2322.0,3.1395,3464.0,3.1397,14312.0,3.1398,11660.0
1753769532691,06:12:12.691,bybit,XRP/USDT:USDT,3.1396,2807.0,3.1395,3464.0,3.1397,14010.0,3.1398,11356.0
1753769532791,06:12:12.791,bybit,XRP/USDT:USDT,3.1396,2807.0,3.1395,3464.0,3.1397,10689.0,3.1398,11035.0
1753769533691,06:12:13.691,bybit,XRP/USDT:USDT,3.1396,3146.0,3.1395,3480.0,3.1397,6402.0,3.1398,8035.0
1753769533792,06:12:13.792,bybit,XRP/USDT:USDT,3.1396,4259.0,3.1395,3480.0,3.1397,6378.0,3.1398,8035.0
1753769533991,06:12:13.991,bybit,XRP/USDT:USDT,3.1396,8015.0,3.1395,3480.0,3.1397,755.0,3.1398,2778.0
1753769534091,06:12:14.091,bybit,XRP/USDT:USDT,3.1397,8623.0,3.1396,6768.0,3.1398,2361.0,3.1399,13886.0
1753769534191,06:12:14.191,bybit,XRP/USDT:USDT,3.1397,9134.0,3.1396,6275.0,3.1398,785.0,3.1399,12967.0
1753769534291,06:12:14.291,bybit,XRP/USDT:USDT,3.1397,9134.0,3.1396,6265.0,3.1398,783.0,3.1399,12967.0
1753769534391,06:12:14.391,bybit,XRP/USDT:USDT,3.1397,9146.0,3.1396,6265.0,3.1398,759.0,3.1399,12967.0
1753769534491,06:12:14.491,bybit,XRP/USDT:USDT,3.1397,9150.0,3.1396,6261.0,3.1398,783.0,3.1399,12967.0
1753769534591,06:12:14.591,bybit,XRP/USDT:USDT,3.1397,7076.0,3.1396,6261.0,3.1398,4517.0,3.1399,12967.0
1753769535391,06:12:15.391,bybit,XRP/USDT:USDT,3.1397,1315.0,3.1396,3366.0,3.1398,5422.0,3.1399,12967.0
1753769535491,06:12:15.491,bybit,XRP/USDT:USDT,3.1397,6853.0,3.1396,3366.0,3.1398,724.0,3.1399,12967.0
1753769535592,06:12:15.592,bybit,XRP/USDT:USDT,3.1398,8399.0,3.1397,12551.0,3.1399,8715.0,3.14,5035.0
1753769535991,06:12:15.991,bybit,XRP/USDT:USDT,3.1398,7679.0,3.1397,10793.0,3.1399,9480.0,3.14,4382.0
1753769536090,06:12:16.090,bybit,XRP/USDT:USDT,3.1398,8434.0,3.1397,10793.0,3.1399,9480.0,3.14,4382.0
1753769536291,06:12:16.291,bybit,XRP/USDT:USDT,3.1398,8434.0,3.1397,10793.0,3.1399,9480.0,3.14,4382.0
1753769536491,06:12:16.491,bybit,XRP/USDT:USDT,3.1398,8804.0,3.1397,10789.0,3.1399,8725.0,3.14,4382.0
1753769536590,06:12:16.590,bybit,XRP/USDT:USDT,3.1398,7839.0,3.1397,10793.0,3.1399,10154.0,3.14,4382.0
1753769536691,06:12:16.691,bybit,XRP/USDT:USDT,3.1398,7839.0,3.1397,10793.0,3.1399,10154.0,3.14,4382.0
1753769536791,06:12:16.791,bybit,XRP/USDT:USDT,3.1398,7839.0,3.1397,10793.0,3.1399,10154.0,3.14,4382.0
1753769536890,06:12:16.890,bybit,XRP/USDT:USDT,3.1398,7839.0,3.1397,10793.0,3.1399,10154.0,3.14,4382.0
1753769536991,06:12:16.991,bybit,XRP/USDT:USDT,3.1398,7839.0,3.1397,10793.0,3.1399,9399.0,3.14,4382.0
1753769538091,06:12:18.091,bybit,XRP/USDT:USDT,3.1399,42704.0,3.1398,19390.0,3.14,304.0,3.1401,2.0
1753769538191,06:12:18.191,bybit,XRP/USDT:USDT,3.1399,42704.0,3.1398,19390.0,3.14,304.0,3.1401,2.0
1753769538305,06:12:18.305,bybit,XRP/USDT:USDT,3.1399,42284.0,3.1398,19012.0,3.14,1623.0,3.1401,2.0
1753769538391,06:12:18.391,bybit,XRP/USDT:USDT,3.1399,42750.0,3.1398,19462.0,3.14,270.0,3.1401,2.0
1753769538491,06:12:18.491,bybit,XRP/USDT:USDT,3.1399,42754.0,3.1398,19908.0,3.14,270.0,3.1401,2.0
1753769538591,06:12:18.591,bybit,XRP/USDT:USDT,3.1399,51336.0,3.1398,19908.0,3.14,270.0,3.1401,2.0
1753769538691,06:12:18.691,bybit,XRP/USDT:USDT,3.1399,51336.0,3.1398,19908.0,3.14,270.0,3.1401,2.0
1753769538792,06:12:18.792,bybit,XRP/USDT:USDT,3.1399,37610.0,3.1398,15863.0,3.14,1271.0,3.1401,2.0
1753769538892,06:12:18.892,bybit,XRP/USDT:USDT,3.14,4853.0,3.1399,29836.0,3.1401,7743.0,3.1402,1297.0
1753769538991,06:12:18.991,bybit,XRP/USDT:USDT,3.14,787.0,3.1399,10939.0,3.1401,25026.0,3.1402,7943.0
1753769539291,06:12:19.291,bybit,XRP/USDT:USDT,3.14,16301.0,3.1399,3904.0,3.1401,150.0,3.1402,127.0
1753769539391,06:12:19.391,bybit,XRP/USDT:USDT,3.1401,20626.0,3.14,18342.0,3.1402,123.0,3.1403,156.0
1753769539491,06:12:19.491,bybit,XRP/USDT:USDT,3.1401,21330.0,3.14,18346.0,3.1402,123.0,3.1403,156.0
1753769539591,06:12:19.591,bybit,XRP/USDT:USDT,3.1401,22696.0,3.14,18346.0,3.1402,123.0,3.1403,156.0
1753769539691,06:12:19.691,bybit,XRP/USDT:USDT,3.1401,31606.0,3.14,9794.0,3.1402,123.0,3.1403,156.0
1753769539791,06:12:19.791,bybit,XRP/USDT:USDT,3.1401,31606.0,3.14,9794.0,3.1402,123.0,3.1403,156.0
1753769540493,06:12:20.493,bybit,XRP/USDT:USDT,3.1403,12003.0,3.1402,30489.0,3.1404,304.0,3.1405,11.0
1753769540591,06:12:20.591,bybit,XRP/USDT:USDT,3.1403,17082.0,3.1402,47086.0,3.1404,302.0,3.1405,11.0
1753769541091,06:12:21.091,bybit,XRP/USDT:USDT,3.1403,20624.0,3.1402,42480.0,3.1404,302.0,3.1405,11.0
1753769541191,06:12:21.191,bybit,XRP/USDT:USDT,3.1403,20624.0,3.1402,42480.0,3.1404,302.0,3.1405,11.0
1753769541291,06:12:21.291,bybit,XRP/USDT:USDT,3.1403,20214.0,3.1402,42070.0,3.1404,302.0,3.1405,11.0
1753769541391,06:12:21.391,bybit,XRP/USDT:USDT,3.1403,20214.0,3.1402,42070.0,3.1404,302.0,3.1405,11.0
1753769541491,06:12:21.491,bybit,XRP/USDT:USDT,3.1403,20218.0,3.1402,42100.0,3.1404,302.0,3.1405,11.0
1753769541592,06:12:21.592,bybit,XRP/USDT:USDT,3.1403,20218.0,3.1402,42100.0,3.1404,302.0,3.1405,11.0
1753769541890,06:12:21.890,bybit,XRP/USDT:USDT,3.1403,19664.0,3.1402,42152.0,3.1404,302.0,3.1405,11.0
1753769541991,06:12:21.991,bybit,XRP/USDT:USDT,3.1403,19664.0,3.1402,42152.0,3.1404,250.0,3.1405,11.0
1753769542692,06:12:22.692,bybit,XRP/USDT:USDT,3.1403,8670.0,3.1402,74.0,3.1404,9354.0,3.1405,19679.0
1753769542791,06:12:22.791,bybit,XRP/USDT:USDT,3.1403,8673.0,3.1402,71.0,3.1404,9354.0,3.1405,19679.0
1753769542891,06:12:22.891,bybit,XRP/USDT:USDT,3.1403,9426.0,3.1402,71.0,3.1404,7730.0,3.1405,16679.0
1753769542991,06:12:22.991,bybit,XRP/USDT:USDT,3.1403,9426.0,3.1402,71.0,3.1404,7730.0,3.1405,16679.0
1753769543091,06:12:23.091,bybit,XRP/USDT:USDT,3.1403,9428.0,3.1402,1241.0,3.1404,6861.0,3.1405,16679.0
1753769543291,06:12:23.291,bybit,XRP/USDT:USDT,3.1403,10047.0,3.1402,1241.0,3.1404,6103.0,3.1405,10562.0
1753769543391,06:12:23.391,bybit,XRP/USDT:USDT,3.1403,11160.0,3.1402,1241.0,3.1404,6079.0,3.1405,10562.0
1753769543891,06:12:23.891,bybit,XRP/USDT:USDT,3.1403,11160.0,3.1402,1241.0,3.1404,3981.0,3.1405,10562.0
1753769543991,06:12:23.991,bybit,XRP/USDT:USDT,3.1403,11142.0,3.1402,1241.0,3.1404,6458.0,3.1405,10930.0
1753769544091,06:12:24.091,bybit,XRP/USDT:USDT,3.1403,11158.0,3.1402,1241.0,3.1404,6035.0,3.1405,10562.0
1753769544191,06:12:24.191,bybit,XRP/USDT:USDT,3.1403,11158.0,3.1402,1241.0,3.1404,6035.0,3.1405,10562.0
1753769544291,06:12:24.291,bybit,XRP/USDT:USDT,3.1403,11158.0,3.1402,1241.0,3.1404,6035.0,3.1405,10562.0
1753769544491,06:12:24.491,bybit,XRP/USDT:USDT,3.1403,10047.0,3.1402,1241.0,3.1404,6059.0,3.1405,10562.0
1753769544590,06:12:24.590,bybit,XRP/USDT:USDT,3.1403,10078.0,3.1402,1241.0,3.1404,6072.0,3.1405,10562.0
1753769544691,06:12:24.691,bybit,XRP/USDT:USDT,3.1403,9062.0,3.1402,1241.0,3.1404,6882.0,3.1405,15730.0
1753769544790,06:12:24.790,bybit,XRP/USDT:USDT,3.1403,11188.0,3.1402,1241.0,3.1404,6882.0,3.1405,15730.0
1753769544891,06:12:24.891,bybit,XRP/USDT:USDT,3.1403,11188.0,3.1402,1241.0,3.1404,6882.0,3.1405,15730.0
1753769544991,06:12:24.991,bybit,XRP/USDT:USDT,3.1403,11188.0,3.1402,1241.0,3.1404,6882.0,3.1405,15730.0
1753769545091,06:12:25.091,bybit,XRP/USDT:USDT,3.1403,11188.0,3.1402,1241.0,3.1404,6048.0,3.1405,10562.0
1753769545292,06:12:25.292,bybit,XRP/USDT:USDT,3.1403,11188.0,3.1402,2032.0,3.1404,2492.0,3.1405,10562.0
1753769545391,06:12:25.391,bybit,XRP/USDT:USDT,3.1403,11188.0,3.1402,2032.0,3.1404,3686.0,3.1405,10562.0
1753769545492,06:12:25.492,bybit,XRP/USDT:USDT,3.1403,11188.0,3.1402,2032.0,3.1404,4417.0,3.1405,10562.0
1753769545590,06:12:25.590,bybit,XRP/USDT:USDT,3.1403,11188.0,3.1402,2032.0,3.1404,4441.0,3.1405,10562.0
1753769545691,06:12:25.691,bybit,XRP/USDT:USDT,3.1403,11188.0,3.1402,2032.0,3.1404,4441.0,3.1405,10562.0
1753769545792,06:12:25.792,bybit,XRP/USDT:USDT,3.1403,11188.0,3.1402,2032.0,3.1404,4417.0,3.1405,10562.0
1753769545891,06:12:25.891,bybit,XRP/USDT:USDT,3.1403,11204.0,3.1402,2032.0,3.1404,4401.0,3.1405,10562.0
1753769545991,06:12:25.991,bybit,XRP/USDT:USDT,3.1403,10061.0,3.1402,862.0,3.1404,11688.0,3.1405,15802.0
1753769546691,06:12:26.691,bybit,XRP/USDT:USDT,3.1403,10685.0,3.1402,862.0,3.1404,13138.0,3.1405,18456.0
1753769546791,06:12:26.791,bybit,XRP/USDT:USDT,3.1403,10685.0,3.1402,862.0,3.1404,13138.0,3.1405,18456.0
1753769546890,06:12:26.890,bybit,XRP/USDT:USDT,3.1403,10685.0,3.1402,862.0,3.1404,13138.0,3.1405,18802.0
1753769546992,06:12:26.992,bybit,XRP/USDT:USDT,3.1403,10685.0,3.1402,862.0,3.1404,13138.0,3.1405,18456.0
1753769547491,06:12:27.491,bybit,XRP/USDT:USDT,3.1403,10627.0,3.1402,862.0,3.1404,8098.0,3.1405,13562.0
1753769547591,06:12:27.591,bybit,XRP/USDT:USDT,3.1403,10327.0,3.1402,862.0,3.1404,8098.0,3.1405,19426.0
1753769547691,06:12:27.691,bybit,XRP/USDT:USDT,3.1403,10343.0,3.1402,862.0,3.1404,8055.0,3.1405,19426.0
1753769547792,06:12:27.792,bybit,XRP/USDT:USDT,3.1403,10324.0,3.1402,862.0,3.1404,8055.0,3.1405,19426.0
1753769547892,06:12:27.892,bybit,XRP/USDT:USDT,3.1403,11079.0,3.1402,862.0,3.1404,8055.0,3.1405,19426.0
1753769548590,06:12:28.590,bybit,XRP/USDT:USDT,3.1403,10091.0,3.1402,862.0,3.1404,7223.0,3.1405,10562.0
1753769548791,06:12:28.791,bybit,XRP/USDT:USDT,3.1403,10091.0,3.1402,862.0,3.1404,7223.0,3.1405,10562.0
1753769548991,06:12:28.991,bybit,XRP/USDT:USDT,3.1403,9336.0,3.1402,862.0,3.1404,7223.0,3.1405,10562.0
1753769549091,06:12:29.091,bybit,XRP/USDT:USDT,3.1403,9336.0,3.1402,862.0,3.1404,7223.0,3.1405,16424.0
1753769550391,06:12:30.391,bybit,XRP/USDT:USDT,3.1403,8965.0,3.1402,862.0,3.1404,13720.0,3.1405,19747.0
1753769552491,06:12:32.491,bybit,XRP/USDT:USDT,3.1413,13830.0,3.1412,1188.0,3.1414,13505.0,3.1415,324.0
1753769553191,06:12:33.191,bybit,XRP/USDT:USDT,3.1413,6091.0,3.1412,1172.0,3.1414,13505.0,3.1415,1242.0
1753769553891,06:12:33.891,bybit,XRP/USDT:USDT,3.1414,30817.0,3.1413,8977.0,3.1415,320.0,3.1416,15.0
1753769553991,06:12:33.991,bybit,XRP/USDT:USDT,3.1414,25559.0,3.1413,8977.0,3.1415,320.0,3.1416,15.0
1753769554091,06:12:34.091,bybit,XRP/USDT:USDT,3.1414,30638.0,3.1413,8977.0,3.1415,320.0,3.1416,15.0
1753769554192,06:12:34.192,bybit,XRP/USDT:USDT,3.1414,25559.0,3.1413,8977.0,3.1415,266.0,3.1416,15.0
1753769554291,06:12:34.291,bybit,XRP/USDT:USDT,3.1414,25559.0,3.1413,8977.0,3.1415,266.0,3.1416,15.0
1753769554491,06:12:34.491,bybit,XRP/USDT:USDT,3.1414,32314.0,3.1413,9703.0,3.1415,266.0,3.1416,15.0
1753769554591,06:12:34.591,bybit,XRP/USDT:USDT,3.1414,33050.0,3.1413,8973.0,3.1415,266.0,3.1416,15.0
1753769554790,06:12:34.790,bybit,XRP/USDT:USDT,3.1414,33583.0,3.1413,8973.0,3.1415,266.0,3.1416,15.0
1753769554990,06:12:34.990,bybit,XRP/USDT:USDT,3.1414,33583.0,3.1413,8973.0,3.1415,1465.0,3.1416,15.0
1753769555091,06:12:35.091,bybit,XRP/USDT:USDT,3.1414,33583.0,3.1413,8973.0,3.1415,1465.0,3.1416,15.0
1753769555192,06:12:35.192,bybit,XRP/USDT:USDT,3.1414,33586.0,3.1413,8973.0,3.1415,1465.0,3.1416,15.0
1753769555291,06:12:35.291,bybit,XRP/USDT:USDT,3.1414,33586.0,3.1413,9730.0,3.1415,1465.0,3.1416,15.0
1753769555391,06:12:35.391,bybit,XRP/USDT:USDT,3.1414,33586.0,3.1413,9730.0,3.1415,1465.0,3.1416,15.0
1753769555491,06:12:35.491,bybit,XRP/USDT:USDT,3.1414,38912.0,3.1413,9730.0,3.1415,1465.0,3.1416,15.0
1753769555591,06:12:35.591,bybit,XRP/USDT:USDT,3.1414,37240.0,3.1413,8058.0,3.1415,2220.0,3.1416,15.0
1753769555793,06:12:35.793,bybit,XRP/USDT:USDT,3.1414,27082.0,3.1413,9730.0,3.1415,827.0,3.1416,15.0
1753769555892,06:12:35.892,bybit,XRP/USDT:USDT,3.1414,32161.0,3.1413,9730.0,3.1415,816.0,3.1416,15.0
1753769555991,06:12:35.991,bybit,XRP/USDT:USDT,3.1414,27082.0,3.1413,9730.0,3.1415,816.0,3.1416,15.0
1753769556091,06:12:36.091,bybit,XRP/USDT:USDT,3.1414,27082.0,3.1413,9738.0,3.1415,816.0,3.1416,15.0
1753769556191,06:12:36.191,bybit,XRP/USDT:USDT,3.1414,27177.0,3.1413,9738.0,3.1415,816.0,3.1416,15.0
1753769556291,06:12:36.291,bybit,XRP/USDT:USDT,3.1414,27177.0,3.1413,9738.0,3.1415,816.0,3.1416,15.0
1753769557292,06:12:37.292,bybit,XRP/USDT:USDT,3.1415,13287.0,3.1414,8187.0,3.1416,5217.0,3.1417,20.0
1753769557991,06:12:37.991,bybit,XRP/USDT:USDT,3.1415,14472.0,3.1414,7609.0,3.1416,1173.0,3.1417,20.0
1753769558091,06:12:38.091,bybit,XRP/USDT:USDT,3.1415,14472.0,3.1414,7609.0,3.1416,1173.0,3.1417,20.0
1753769558191,06:12:38.191,bybit,XRP/USDT:USDT,3.1415,14472.0,3.1414,7609.0,3.1416,1173.0,3.1417,20.0
1753769558291,06:12:38.291,bybit,XRP/USDT:USDT,3.1415,14472.0,3.1414,7609.0,3.1416,7459.0,3.1417,20.0
1753769558391,06:12:38.391,bybit,XRP/USDT:USDT,3.1415,14515.0,3.1414,7609.0,3.1416,6691.0,3.1417,20.0
1753769558491,06:12:38.491,bybit,XRP/USDT:USDT,3.1415,14515.0,3.1414,7609.0,3.1416,7459.0,3.1417,20.0
1753769558601,06:12:38.601,bybit,XRP/USDT:USDT,3.1415,15438.0,3.1414,7609.0,3.1416,7360.0,3.1417,20.0
1753769558691,06:12:38.691,bybit,XRP/USDT:USDT,3.1415,15438.0,3.1414,7609.0,3.1416,6605.0,3.1417,20.0
1753769558792,06:12:38.792,bybit,XRP/USDT:USDT,3.1415,15438.0,3.1414,7609.0,3.1416,7360.0,3.1417,20.0
1753769558991,06:12:38.991,bybit,XRP/USDT:USDT,3.1415,15438.0,3.1414,5147.0,3.1416,7358.0,3.1417,20.0
1753769559091,06:12:39.091,bybit,XRP/USDT:USDT,3.1415,15438.0,3.1414,5147.0,3.1416,7360.0,3.1417,20.0
1753769559191,06:12:39.191,bybit,XRP/USDT:USDT,3.1415,15438.0,3.1414,5147.0,3.1416,7360.0,3.1417,20.0
1753769559291,06:12:39.291,bybit,XRP/USDT:USDT,3.1415,15438.0,3.1414,5147.0,3.1416,7360.0,3.1417,20.0
1753769559391,06:12:39.391,bybit,XRP/USDT:USDT,3.1415,8758.0,3.1414,1166.0,3.1416,12449.0,3.1417,20.0
1753769559492,06:12:39.492,bybit,XRP/USDT:USDT,3.1415,9513.0,3.1414,1166.0,3.1416,8370.0,3.1417,20.0
1753769559591,06:12:39.591,bybit,XRP/USDT:USDT,3.1415,8758.0,3.1414,1166.0,3.1416,10812.0,3.1417,20.0
1753769559691,06:12:39.691,bybit,XRP/USDT:USDT,3.1415,8758.0,3.1414,2336.0,3.1416,8309.0,3.1417,20.0
1753769559794,06:12:39.794,bybit,XRP/USDT:USDT,3.1415,8782.0,3.1414,2336.0,3.1416,8309.0,3.1417,20.0
1753769559891,06:12:39.891,bybit,XRP/USDT:USDT,3.1415,8781.0,3.1414,2336.0,3.1416,8331.0,3.1417,20.0
1753769559991,06:12:39.991,bybit,XRP/USDT:USDT,3.1415,9139.0,3.1414,2336.0,3.1416,8307.0,3.1417,20.0
1753769560091,06:12:40.091,bybit,XRP/USDT:USDT,3.1415,9139.0,3.1414,2336.0,3.1416,8309.0,3.1417,20.0
1753769560192,06:12:40.192,bybit,XRP/USDT:USDT,3.1415,9139.0,3.1414,2336.0,3.1416,8309.0,3.1417,20.0
1753769560292,06:12:40.292,bybit,XRP/USDT:USDT,3.1415,9139.0,3.1414,2336.0,3.1416,8307.0,3.1417,20.0
1753769560391,06:12:40.391,bybit,XRP/USDT:USDT,3.1415,9139.0,3.1414,2336.0,3.1416,10788.0,3.1417,20.0
1753769560491,06:12:40.491,bybit,XRP/USDT:USDT,3.1415,9536.0,3.1414,2336.0,3.1416,8306.0,3.1417,20.0
1753769560591,06:12:40.591,bybit,XRP/USDT:USDT,3.1415,8942.0,3.1414,2282.0,3.1416,8306.0,3.1417,20.0
1753769560691,06:12:40.691,bybit,XRP/USDT:USDT,3.1415,8942.0,3.1414,2282.0,3.1416,10785.0,3.1417,20.0
1753769560791,06:12:40.791,bybit,XRP/USDT:USDT,3.1415,8942.0,3.1414,2282.0,3.1416,10779.0,3.1417,20.0
1753769560891,06:12:40.891,bybit,XRP/USDT:USDT,3.1415,9300.0,3.1414,2282.0,3.1416,10779.0,3.1417,20.0
1753769560991,06:12:40.991,bybit,XRP/USDT:USDT,3.1415,9369.0,3.1414,2282.0,3.1416,10779.0,3.1417,20.0
1753769561091,06:12:41.091,bybit,XRP/USDT:USDT,3.1415,9369.0,3.1414,2282.0,3.1416,10779.0,3.1417,20.0
1753769561191,06:12:41.191,bybit,XRP/USDT:USDT,3.1415,9369.0,3.1414,2282.0,3.1416,10779.0,3.1417,20.0
1753769561291,06:12:41.291,bybit,XRP/USDT:USDT,3.1415,9367.0,3.1414,2282.0,3.1416,10703.0,3.1417,20.0
1753769561391,06:12:41.391,bybit,XRP/USDT:USDT,3.1415,11511.0,3.1414,1546.0,3.1416,10705.0,3.1417,20.0
1753769561491,06:12:41.491,bybit,XRP/USDT:USDT,3.1415,11511.0,3.1414,1546.0,3.1416,10705.0,3.1417,20.0
1753769561591,06:12:41.591,bybit,XRP/USDT:USDT,3.1415,11511.0,3.1414,1546.0,3.1416,10705.0,3.1417,20.0
1753769561691,06:12:41.691,bybit,XRP/USDT:USDT,3.1415,11511.0,3.1414,2846.0,3.1416,7011.0,3.1417,20.0
1753769561793,06:12:41.793,bybit,XRP/USDT:USDT,3.1415,11511.0,3.1414,2846.0,3.1416,3971.0,3.1417,20.0
1753769561891,06:12:41.891,bybit,XRP/USDT:USDT,3.1415,11511.0,3.1414,2846.0,3.1416,7218.0,3.1417,20.0
1753769561991,06:12:41.991,bybit,XRP/USDT:USDT,3.1415,11514.0,3.1414,2846.0,3.1416,4157.0,3.1417,20.0
1753769562091,06:12:42.091,bybit,XRP/USDT:USDT,3.1415,11514.0,3.1414,2846.0,3.1416,691.0,3.1417,20.0
1753769562191,06:12:42.191,bybit,XRP/USDT:USDT,3.1415,11514.0,3.1414,2846.0,3.1416,3925.0,3.1417,20.0
1753769562291,06:12:42.291,bybit,XRP/USDT:USDT,3.1415,11514.0,3.1414,2846.0,3.1416,3925.0,3.1417,20.0
1753769562391,06:12:42.391,bybit,XRP/USDT:USDT,3.1415,11514.0,3.1414,2846.0,3.1416,3925.0,3.1417,20.0
1753769562491,06:12:42.491,bybit,XRP/USDT:USDT,3.1415,11514.0,3.1414,2846.0,3.1416,2010.0,3.1417,20.0
1753769562591,06:12:42.591,bybit,XRP/USDT:USDT,3.1415,11514.0,3.1414,2846.0,3.1416,2789.0,3.1417,20.0
1753769562691,06:12:42.691,bybit,XRP/USDT:USDT,3.1415,11514.0,3.1414,2846.0,3.1416,2789.0,3.1417,20.0
1753769562791,06:12:42.791,bybit,XRP/USDT:USDT,3.1415,11514.0,3.1414,2846.0,3.1416,2789.0,3.1417,20.0
1753769562891,06:12:42.891,bybit,XRP/USDT:USDT,3.1415,11515.0,3.1414,2846.0,3.1416,5268.0,3.1417,20.0
1753769562991,06:12:42.991,bybit,XRP/USDT:USDT,3.1415,11563.0,3.1414,1546.0,3.1416,5268.0,3.1417,20.0
1753769563091,06:12:43.091,bybit,XRP/USDT:USDT,3.1415,11515.0,3.1414,1546.0,3.1416,5244.0,3.1417,20.0
1753769563191,06:12:43.191,bybit,XRP/USDT:USDT,3.1415,11515.0,3.1414,1546.0,3.1416,3170.0,3.1417,20.0
1753769563291,06:12:43.291,bybit,XRP/USDT:USDT,3.1415,11515.0,3.1414,1546.0,3.1416,3170.0,3.1417,20.0
1753769563391,06:12:43.391,bybit,XRP/USDT:USDT,3.1415,11515.0,3.1414,1546.0,3.1416,3170.0,3.1417,20.0
1753769563491,06:12:43.491,bybit,XRP/USDT:USDT,3.1415,11063.0,3.1414,1546.0,3.1416,3170.0,3.1417,20.0
1753769563592,06:12:43.592,bybit,XRP/USDT:USDT,3.1415,11653.0,3.1414,1546.0,3.1416,3170.0,3.1417,20.0
1753769563691,06:12:43.691,bybit,XRP/USDT:USDT,3.1415,11653.0,3.1414,1546.0,3.1416,2808.0,3.1417,20.0
1753769563791,06:12:43.791,bybit,XRP/USDT:USDT,3.1415,11553.0,3.1414,1546.0,3.1416,4127.0,3.1417,20.0
1753769563891,06:12:43.891,bybit,XRP/USDT:USDT,3.1415,11905.0,3.1414,1546.0,3.1416,2808.0,3.1417,20.0
1753769563991,06:12:43.991,bybit,XRP/USDT:USDT,3.1415,11649.0,3.1414,1546.0,3.1416,2808.0,3.1417,20.0
1753769564091,06:12:44.091,bybit,XRP/USDT:USDT,3.1415,11649.0,3.1414,1546.0,3.1416,6563.0,3.1417,20.0
1753769564190,06:12:44.190,bybit,XRP/USDT:USDT,3.1415,11649.0,3.1414,1546.0,3.1416,5393.0,3.1417,20.0
1753769564291,06:12:44.291,bybit,XRP/USDT:USDT,3.1415,11734.0,3.1414,1546.0,3.1416,4638.0,3.1417,20.0
1753769564390,06:12:44.390,bybit,XRP/USDT:USDT,3.1415,11734.0,3.1414,1546.0,3.1416,5393.0,3.1417,20.0
1753769564491,06:12:44.491,bybit,XRP/USDT:USDT,3.1415,11710.0,3.1414,1546.0,3.1416,4638.0,3.1417,20.0
1753769564591,06:12:44.591,bybit,XRP/USDT:USDT,3.1415,11710.0,3.1414,1546.0,3.1416,4638.0,3.1417,20.0
1753769564691,06:12:44.691,bybit,XRP/USDT:USDT,3.1415,11710.0,3.1414,1546.0,3.1416,4638.0,3.1417,20.0
1753769564791,06:12:44.791,bybit,XRP/USDT:USDT,3.1415,11710.0,3.1414,1546.0,3.1416,4638.0,3.1417,20.0
1753769564891,06:12:44.891,bybit,XRP/USDT:USDT,3.1415,13185.0,3.1414,1546.0,3.1416,4638.0,3.1417,20.0
1753769564991,06:12:44.991,bybit,XRP/USDT:USDT,3.1415,13185.0,3.1414,1546.0,3.1416,4638.0,3.1417,20.0
1753769565091,06:12:45.091,bybit,XRP/USDT:USDT,3.1415,13385.0,3.1414,1546.0,3.1416,2159.0,3.1417,20.0
1753769565191,06:12:45.191,bybit,XRP/USDT:USDT,3.1415,13385.0,3.1414,1546.0,3.1416,1648.0,3.1417,20.0
1753769565291,06:12:45.291,bybit,XRP/USDT:USDT,3.1415,13385.0,3.1414,1864.0,3.1416,329.0,3.1417,20.0
1753769565391,06:12:45.391,bybit,XRP/USDT:USDT,3.1415,13385.0,3.1414,1546.0,3.1416,329.0,3.1417,3220.0
1753769565491,06:12:45.491,bybit,XRP/USDT:USDT,3.1415,13385.0,3.1414,1546.0,3.1416,305.0,3.1417,3220.0
1753769565591,06:12:45.591,bybit,XRP/USDT:USDT,3.1415,13385.0,3.1414,1546.0,3.1416,305.0,3.1417,3220.0
1753769565691,06:12:45.691,bybit,XRP/USDT:USDT,3.1415,13385.0,3.1414,1546.0,3.1416,305.0,3.1417,3220.0
1753769565793,06:12:45.793,bybit,XRP/USDT:USDT,3.1415,13615.0,3.1414,1546.0,3.1416,305.0,3.1417,3220.0
1753769565891,06:12:45.891,bybit,XRP/USDT:USDT,3.1415,13615.0,3.1414,7769.0,3.1416,305.0,3.1417,20.0
1753769565991,06:12:45.991,bybit,XRP/USDT:USDT,3.1415,13615.0,3.1414,7769.0,3.1416,305.0,3.1417,20.0
1753769566091,06:12:46.091,bybit,XRP/USDT:USDT,3.1415,13615.0,3.1414,7451.0,3.1416,305.0,3.1417,20.0
1753769566191,06:12:46.191,bybit,XRP/USDT:USDT,3.1415,13615.0,3.1414,7451.0,3.1416,305.0,3.1417,20.0
1753769566291,06:12:46.291,bybit,XRP/USDT:USDT,3.1415,13615.0,3.1414,7133.0,3.1416,305.0,3.1417,20.0
1753769566390,06:12:46.390,bybit,XRP/USDT:USDT,3.1415,13615.0,3.1414,7133.0,3.1416,305.0,3.1417,2120.0
1753769566492,06:12:46.492,bybit,XRP/USDT:USDT,3.1415,13598.0,3.1414,7133.0,3.1416,305.0,3.1417,2120.0
1753769566592,06:12:46.592,bybit,XRP/USDT:USDT,3.1416,4642.0,3.1415,12549.0,3.1417,5801.0,3.1418,14510.0
1753769566691,06:12:46.691,bybit,XRP/USDT:USDT,3.1416,6050.0,3.1415,10230.0,3.1417,6719.0,3.1418,14510.0
1753769566791,06:12:46.791,bybit,XRP/USDT:USDT,3.1416,6050.0,3.1415,10230.0,3.1417,6719.0,3.1418,14510.0
1753769566891,06:12:46.891,bybit,XRP/USDT:USDT,3.1416,11765.0,3.1415,4515.0,3.1417,6719.0,3.1418,14510.0
1753769566990,06:12:46.990,bybit,XRP/USDT:USDT,3.1416,11765.0,3.1415,4515.0,3.1417,6719.0,3.1418,14510.0
1753769567090,06:12:47.090,bybit,XRP/USDT:USDT,3.1416,11765.0,3.1415,4515.0,3.1417,6719.0,3.1418,14510.0
1753769567192,06:12:47.192,bybit,XRP/USDT:USDT,3.1416,11781.0,3.1415,4515.0,3.1417,3758.0,3.1418,14510.0
1753769567291,06:12:47.291,bybit,XRP/USDT:USDT,3.1416,11781.0,3.1415,4515.0,3.1417,4067.0,3.1418,14510.0
1753769567391,06:12:47.391,bybit,XRP/USDT:USDT,3.1416,12951.0,3.1415,4515.0,3.1417,3312.0,3.1418,14510.0
1753769567491,06:12:47.491,bybit,XRP/USDT:USDT,3.1416,12951.0,3.1415,4531.0,3.1417,4067.0,3.1418,14510.0
1753769567591,06:12:47.591,bybit,XRP/USDT:USDT,3.1416,12994.0,3.1415,4527.0,3.1417,3086.0,3.1418,14510.0
1753769567691,06:12:47.691,bybit,XRP/USDT:USDT,3.1416,12994.0,3.1415,4527.0,3.1417,599.0,3.1418,14510.0
1753769567793,06:12:47.793,bybit,XRP/USDT:USDT,3.1416,12994.0,3.1415,4527.0,3.1417,3055.0,3.1418,14510.0
1753769567890,06:12:47.890,bybit,XRP/USDT:USDT,3.1416,12994.0,3.1415,4527.0,3.1417,3055.0,3.1418,14510.0
1753769567990,06:12:47.990,bybit,XRP/USDT:USDT,3.1416,12994.0,3.1415,4527.0,3.1417,3055.0,3.1418,14510.0
1753769568091,06:12:48.091,bybit,XRP/USDT:USDT,3.1416,12994.0,3.1415,4527.0,3.1417,3055.0,3.1418,14510.0
1753769568191,06:12:48.191,bybit,XRP/USDT:USDT,3.1416,12994.0,3.1415,4527.0,3.1417,3055.0,3.1418,14510.0
1753769568292,06:12:48.292,bybit,XRP/USDT:USDT,3.1416,12994.0,3.1415,4527.0,3.1417,576.0,3.1418,14510.0
1753769568391,06:12:48.391,bybit,XRP/USDT:USDT,3.1416,12994.0,3.1415,4527.0,3.1417,3055.0,3.1418,14510.0
1753769568490,06:12:48.490,bybit,XRP/USDT:USDT,3.1416,12994.0,3.1415,4527.0,3.1417,576.0,3.1418,14510.0
1753769568591,06:12:48.591,bybit,XRP/USDT:USDT,3.1416,12994.0,3.1415,4527.0,3.1417,576.0,3.1418,14510.0
1753769568692,06:12:48.692,bybit,XRP/USDT:USDT,3.1416,12994.0,3.1415,4527.0,3.1417,574.0,3.1418,14510.0
1753769568791,06:12:48.791,bybit,XRP/USDT:USDT,3.1416,12994.0,3.1415,4527.0,3.1417,574.0,3.1418,14510.0
1753769568891,06:12:48.891,bybit,XRP/USDT:USDT,3.1416,12994.0,3.1415,4527.0,3.1417,3053.0,3.1418,14510.0
1753769568990,06:12:48.990,bybit,XRP/USDT:USDT,3.1416,12994.0,3.1415,4527.0,3.1417,3808.0,3.1418,13340.0
1753769569091,06:12:49.091,bybit,XRP/USDT:USDT,3.1416,12994.0,3.1415,4527.0,3.1417,574.0,3.1418,13340.0
1753769569190,06:12:49.190,bybit,XRP/USDT:USDT,3.1416,12994.0,3.1415,4527.0,3.1417,474.0,3.1418,13340.0
1753769569292,06:12:49.292,bybit,XRP/USDT:USDT,3.1416,12994.0,3.1415,4527.0,3.1417,422.0,3.1418,13340.0
1753769569390,06:12:49.390,bybit,XRP/USDT:USDT,3.1416,13363.0,3.1415,3920.0,3.1417,422.0,3.1418,13340.0
1753769569491,06:12:49.491,bybit,XRP/USDT:USDT,3.1416,13324.0,3.1415,3920.0,3.1417,415.0,3.1418,13340.0
1753769569592,06:12:49.592,bybit,XRP/USDT:USDT,3.1416,13324.0,3.1415,3920.0,3.1417,2894.0,3.1418,13340.0
1753769569691,06:12:49.691,bybit,XRP/USDT:USDT,3.1416,13414.0,3.1415,3936.0,3.1417,199.0,3.1418,13340.0
1753769569794,06:12:49.794,bybit,XRP/USDT:USDT,3.1416,13414.0,3.1415,3936.0,3.1417,199.0,3.1418,13340.0
1753769569892,06:12:49.892,bybit,XRP/USDT:USDT,3.1417,17900.0,3.1416,15727.0,3.1418,13382.0,3.1419,10.0
1753769569992,06:12:49.992,bybit,XRP/USDT:USDT,3.1417,17900.0,3.1416,15727.0,3.1418,13395.0,3.1419,10.0
1753769570091,06:12:50.091,bybit,XRP/USDT:USDT,3.1417,17900.0,3.1416,15727.0,3.1418,13395.0,3.1419,10.0
1753769570191,06:12:50.191,bybit,XRP/USDT:USDT,3.1417,23615.0,3.1416,10012.0,3.1418,13395.0,3.1419,10.0
1753769570291,06:12:50.291,bybit,XRP/USDT:USDT,3.1417,22860.0,3.1416,10012.0,3.1418,14308.0,3.1419,10.0
1753769570391,06:12:50.391,bybit,XRP/USDT:USDT,3.1417,22577.0,3.1416,10012.0,3.1418,14308.0,3.1419,10.0
1753769570490,06:12:50.490,bybit,XRP/USDT:USDT,3.1417,22577.0,3.1416,10012.0,3.1418,14308.0,3.1419,10.0
1753769570591,06:12:50.591,bybit,XRP/USDT:USDT,3.1417,20568.0,3.1416,10048.0,3.1418,13413.0,3.1419,10.0
1753769570691,06:12:50.691,bybit,XRP/USDT:USDT,3.1417,21434.0,3.1416,10048.0,3.1418,13413.0,3.1419,10.0
1753769570791,06:12:50.791,bybit,XRP/USDT:USDT,3.1417,21434.0,3.1416,10048.0,3.1418,13413.0,3.1419,10.0
1753769570891,06:12:50.891,bybit,XRP/USDT:USDT,3.1417,21998.0,3.1416,9485.0,3.1418,13415.0,3.1419,10.0
1753769570991,06:12:50.991,bybit,XRP/USDT:USDT,3.1417,21998.0,3.1416,9485.0,3.1418,13415.0,3.1419,10.0
1753769571090,06:12:51.090,bybit,XRP/USDT:USDT,3.1417,21998.0,3.1416,9485.0,3.1418,13415.0,3.1419,10.0
1753769571191,06:12:51.191,bybit,XRP/USDT:USDT,3.1417,22067.0,3.1416,8019.0,3.1418,13390.0,3.1419,10.0
1753769571291,06:12:51.291,bybit,XRP/USDT:USDT,3.1417,23304.0,3.1416,8019.0,3.1418,13333.0,3.1419,10.0
1753769571391,06:12:51.391,bybit,XRP/USDT:USDT,3.1417,22549.0,3.1416,8019.0,3.1418,14088.0,3.1419,10.0
1753769571490,06:12:51.490,bybit,XRP/USDT:USDT,3.1417,22549.0,3.1416,8019.0,3.1418,14088.0,3.1419,10.0
1753769571591,06:12:51.591,bybit,XRP/USDT:USDT,3.1417,23304.0,3.1416,8019.0,3.1418,12740.0,3.1419,10.0
1753769571691,06:12:51.691,bybit,XRP/USDT:USDT,3.1417,23387.0,3.1416,8019.0,3.1418,12740.0,3.1419,310.0
1753769571791,06:12:51.791,bybit,XRP/USDT:USDT,3.1417,23387.0,3.1416,8019.0,3.1418,13495.0,3.1419,310.0
1753769571891,06:12:51.891,bybit,XRP/USDT:USDT,3.1417,23387.0,3.1416,8019.0,3.1418,12740.0,3.1419,310.0
1753769571991,06:12:51.991,bybit,XRP/USDT:USDT,3.1417,23387.0,3.1416,8019.0,3.1418,12740.0,3.1419,310.0
1753769572091,06:12:52.091,bybit,XRP/USDT:USDT,3.1417,23387.0,3.1416,8019.0,3.1418,12740.0,3.1419,310.0
1753769572191,06:12:52.191,bybit,XRP/USDT:USDT,3.1417,23387.0,3.1416,8019.0,3.1418,12740.0,3.1419,310.0
1753769572291,06:12:52.291,bybit,XRP/USDT:USDT,3.1417,22632.0,3.1416,8019.0,3.1418,13495.0,3.1419,310.0
1753769572391,06:12:52.391,bybit,XRP/USDT:USDT,3.1417,20119.0,3.1416,8019.0,3.1418,12740.0,3.1419,310.0
1753769572502,06:12:52.502,bybit,XRP/USDT:USDT,3.1417,26860.0,3.1416,8591.0,3.1418,12740.0,3.1419,310.0
1753769572592,06:12:52.592,bybit,XRP/USDT:USDT,3.1417,41321.0,3.1416,14543.0,3.1418,33.0,3.1419,10.0
1753769572692,06:12:52.692,bybit,XRP/USDT:USDT,3.1417,26777.0,3.1416,14752.0,3.1418,33.0,3.1419,10.0
1753769572791,06:12:52.791,bybit,XRP/USDT:USDT,3.1417,32843.0,3.1416,16312.0,3.1418,33.0,3.1419,10.0
1753769572891,06:12:52.891,bybit,XRP/USDT:USDT,3.1417,33072.0,3.1416,16312.0,3.1418,33.0,3.1419,10.0
1753769572993,06:12:52.993,bybit,XRP/USDT:USDT,3.1419,15549.0,3.1418,17716.0,3.142,142.0,3.1421,11.0
1753769573091,06:12:53.091,bybit,XRP/USDT:USDT,3.1419,15555.0,3.1418,17716.0,3.142,142.0,3.1421,11.0
1753769573191,06:12:53.191,bybit,XRP/USDT:USDT,3.1419,15555.0,3.1418,17716.0,3.142,140.0,3.1421,11.0
1753769573291,06:12:53.291,bybit,XRP/USDT:USDT,3.1419,21270.0,3.1418,17716.0,3.142,140.0,3.1421,11.0
1753769573391,06:12:53.391,bybit,XRP/USDT:USDT,3.1419,21270.0,3.1418,17716.0,3.142,140.0,3.1421,11.0
1753769573491,06:12:53.491,bybit,XRP/USDT:USDT,3.1419,22563.0,3.1418,17716.0,3.142,140.0,3.1421,11.0
1753769573591,06:12:53.591,bybit,XRP/USDT:USDT,3.1419,22563.0,3.1418,17716.0,3.142,140.0,3.1421,11.0
1753769573691,06:12:53.691,bybit,XRP/USDT:USDT,3.1419,22563.0,3.1418,17716.0,3.142,140.0,3.1421,11.0
1753769573793,06:12:53.793,bybit,XRP/USDT:USDT,3.1419,22563.0,3.1418,17716.0,3.142,140.0,3.1421,11.0
1753769573891,06:12:53.891,bybit,XRP/USDT:USDT,3.1419,22563.0,3.1418,17716.0,3.142,140.0,3.1421,11.0
1753769573991,06:12:53.991,bybit,XRP/USDT:USDT,3.1419,22563.0,3.1418,17716.0,3.142,140.0,3.1421,11.0
1753769574091,06:12:54.091,bybit,XRP/USDT:USDT,3.1419,22563.0,3.1418,17716.0,3.142,140.0,3.1421,11.0
1753769574191,06:12:54.191,bybit,XRP/USDT:USDT,3.1419,22563.0,3.1418,17716.0,3.142,140.0,3.1421,11.0
1753769574292,06:12:54.292,bybit,XRP/USDT:USDT,3.1419,19140.0,3.1418,16933.0,3.142,6796.0,3.1421,7.0
1753769574492,06:12:54.492,bybit,XRP/USDT:USDT,3.1419,19140.0,3.1418,16933.0,3.142,140.0,3.1421,7.0
1753769574592,06:12:54.592,bybit,XRP/USDT:USDT,3.1419,19775.0,3.1418,16933.0,3.142,112.0,3.1421,7.0
1753769574691,06:12:54.691,bybit,XRP/USDT:USDT,3.1421,767.0,3.142,6281.0,3.1422,7394.0,3.1423,6119.0
1753769574791,06:12:54.791,bybit,XRP/USDT:USDT,3.1421,767.0,3.142,6281.0,3.1422,10394.0,3.1423,9119.0
1753769574891,06:12:54.891,bybit,XRP/USDT:USDT,3.1421,1127.0,3.142,6087.0,3.1422,10394.0,3.1423,11233.0
1753769574991,06:12:54.991,bybit,XRP/USDT:USDT,3.1421,6874.0,3.142,6087.0,3.1422,10394.0,3.1423,11233.0
1753769575091,06:12:55.091,bybit,XRP/USDT:USDT,3.1421,6874.0,3.142,6087.0,3.1422,10394.0,3.1423,11233.0
1753769575191,06:12:55.191,bybit,XRP/USDT:USDT,3.1421,6874.0,3.142,6087.0,3.1422,10394.0,3.1423,11233.0
1753769575290,06:12:55.290,bybit,XRP/USDT:USDT,3.1421,6874.0,3.142,6087.0,3.1422,10441.0,3.1423,11233.0
1753769575391,06:12:55.391,bybit,XRP/USDT:USDT,3.1421,7577.0,3.142,6103.0,3.1422,10443.0,3.1423,11233.0
1753769575491,06:12:55.491,bybit,XRP/USDT:USDT,3.1421,7577.0,3.142,6103.0,3.1422,7455.0,3.1423,11233.0
1753769575591,06:12:55.591,bybit,XRP/USDT:USDT,3.1421,7581.0,3.142,6103.0,3.1422,5540.0,3.1423,11233.0
1753769575691,06:12:55.691,bybit,XRP/USDT:USDT,3.1421,7581.0,3.142,6103.0,3.1422,5115.0,3.1423,11233.0
1753769575792,06:12:55.792,bybit,XRP/USDT:USDT,3.1421,8903.0,3.142,2903.0,3.1422,7592.0,3.1423,11233.0
1753769575891,06:12:55.891,bybit,XRP/USDT:USDT,3.1421,8903.0,3.142,2903.0,3.1422,8764.0,3.1423,6402.0
1753769575991,06:12:55.991,bybit,XRP/USDT:USDT,3.1421,8903.0,3.142,2903.0,3.1422,8773.0,3.1423,6402.0
1753769576091,06:12:56.091,bybit,XRP/USDT:USDT,3.1421,8903.0,3.142,2903.0,3.1422,8773.0,3.1423,6402.0
1753769576191,06:12:56.191,bybit,XRP/USDT:USDT,3.1421,8903.0,3.142,2903.0,3.1422,8761.0,3.1423,6402.0
1753769576291,06:12:56.291,bybit,XRP/USDT:USDT,3.1421,8903.0,3.142,2903.0,3.1422,6702.0,3.1423,6402.0
1753769576391,06:12:56.391,bybit,XRP/USDT:USDT,3.1421,8903.0,3.142,2903.0,3.1422,6742.0,3.1423,6402.0
1753769576491,06:12:56.491,bybit,XRP/USDT:USDT,3.1421,8903.0,3.142,2903.0,3.1422,12221.0,3.1423,6402.0
1753769576591,06:12:56.591,bybit,XRP/USDT:USDT,3.1421,7944.0,3.142,1681.0,3.1422,12207.0,3.1423,6402.0
1753769576691,06:12:56.691,bybit,XRP/USDT:USDT,3.1421,8699.0,3.142,1697.0,3.1422,9730.0,3.1423,6402.0
1753769576791,06:12:56.791,bybit,XRP/USDT:USDT,3.1421,8699.0,3.142,1697.0,3.1422,9730.0,3.1423,12595.0
1753769576891,06:12:56.891,bybit,XRP/USDT:USDT,3.1421,7768.0,3.142,942.0,3.1422,12827.0,3.1423,13187.0
1753769576991,06:12:56.991,bybit,XRP/USDT:USDT,3.1421,7768.0,3.142,942.0,3.1422,12556.0,3.1423,13187.0
1753769577091,06:12:57.091,bybit,XRP/USDT:USDT,3.1421,7768.0,3.142,942.0,3.1422,13450.0,3.1423,13185.0
1753769577191,06:12:57.191,bybit,XRP/USDT:USDT,3.1421,7768.0,3.142,942.0,3.1422,13175.0,3.1423,13185.0
1753769577291,06:12:57.291,bybit,XRP/USDT:USDT,3.1421,7771.0,3.142,942.0,3.1422,12207.0,3.1423,12593.0
1753769577392,06:12:57.392,bybit,XRP/USDT:USDT,3.1421,7771.0,3.142,942.0,3.1422,12207.0,3.1423,12593.0
1753769577491,06:12:57.491,bybit,XRP/USDT:USDT,3.1421,7771.0,3.142,942.0,3.1422,12207.0,3.1423,12593.0
1753769577591,06:12:57.591,bybit,XRP/USDT:USDT,3.1421,7771.0,3.142,942.0,3.1422,24289.0,3.1423,12914.0
1753769577691,06:12:57.691,bybit,XRP/USDT:USDT,3.1421,7771.0,3.142,942.0,3.1422,24289.0,3.1423,12914.0
1753769577792,06:12:57.792,bybit,XRP/USDT:USDT,3.1421,7771.0,3.142,942.0,3.1422,24289.0,3.1423,12914.0
1753769577892,06:12:57.892,bybit,XRP/USDT:USDT,3.1421,7771.0,3.142,942.0,3.1422,24289.0,3.1423,12602.0
1753769577991,06:12:57.991,bybit,XRP/USDT:USDT,3.1421,7771.0,3.142,942.0,3.1422,24289.0,3.1423,12602.0
1753769578091,06:12:58.091,bybit,XRP/USDT:USDT,3.1421,7771.0,3.142,942.0,3.1422,24289.0,3.1423,12588.0
1753769578191,06:12:58.191,bybit,XRP/USDT:USDT,3.1421,8526.0,3.142,942.0,3.1422,24250.0,3.1423,12588.0
1753769578291,06:12:58.291,bybit,XRP/USDT:USDT,3.1421,8526.0,3.142,942.0,3.1422,18771.0,3.1423,12588.0
1753769578391,06:12:58.391,bybit,XRP/USDT:USDT,3.1421,8526.0,3.142,942.0,3.1422,18771.0,3.1423,12588.0
1753769578490,06:12:58.490,bybit,XRP/USDT:USDT,3.1421,8526.0,3.142,942.0,3.1422,18771.0,3.1423,12588.0
1753769578591,06:12:58.591,bybit,XRP/USDT:USDT,3.1421,8526.0,3.142,942.0,3.1422,18771.0,3.1423,12588.0
1753769578691,06:12:58.691,bybit,XRP/USDT:USDT,3.1421,7771.0,3.142,942.0,3.1422,18771.0,3.1423,12588.0
1753769578792,06:12:58.792,bybit,XRP/USDT:USDT,3.1421,8526.0,3.142,942.0,3.1422,18771.0,3.1423,12588.0
1753769578891,06:12:58.891,bybit,XRP/USDT:USDT,3.1421,8526.0,3.142,942.0,3.1422,18771.0,3.1423,9388.0
1753769578991,06:12:58.991,bybit,XRP/USDT:USDT,3.1421,8526.0,3.142,942.0,3.1422,18771.0,3.1423,9388.0
1753769579091,06:12:59.091,bybit,XRP/USDT:USDT,3.1421,8526.0,3.142,942.0,3.1422,18771.0,3.1423,9388.0
1753769579190,06:12:59.190,bybit,XRP/USDT:USDT,3.1421,7819.0,3.142,942.0,3.1422,18771.0,3.1423,9388.0
1753769579290,06:12:59.290,bybit,XRP/USDT:USDT,3.1421,8702.0,3.142,942.0,3.1422,18771.0,3.1423,195.0
1753769579391,06:12:59.391,bybit,XRP/USDT:USDT,3.1421,8766.0,3.142,942.0,3.1422,18207.0,3.1423,195.0
1753769579491,06:12:59.491,bybit,XRP/USDT:USDT,3.1421,8526.0,3.142,2112.0,3.1422,15551.0,3.1423,195.0
1753769579691,06:12:59.691,bybit,XRP/USDT:USDT,3.1421,10599.0,3.142,2112.0,3.1422,15553.0,3.1423,195.0
1753769579793,06:12:59.793,bybit,XRP/USDT:USDT,3.1421,12999.0,3.142,2112.0,3.1422,12140.0,3.1423,195.0
1753769579891,06:12:59.891,bybit,XRP/USDT:USDT,3.1421,14494.0,3.142,2112.0,3.1422,12140.0,3.1423,195.0
1753769579991,06:12:59.991,bybit,XRP/USDT:USDT,3.1421,14541.0,3.142,2112.0,3.1422,12140.0,3.1423,195.0
1753769580091,06:13:00.091,bybit,XRP/USDT:USDT,3.1421,14541.0,3.142,2112.0,3.1422,12140.0,3.1423,195.0
1753769580190,06:13:00.190,bybit,XRP/USDT:USDT,3.1421,13786.0,3.142,2112.0,3.1422,12816.0,3.1423,195.0
1753769580291,06:13:00.291,bybit,XRP/USDT:USDT,3.1421,13786.0,3.142,2112.0,3.1422,12773.0,3.1423,195.0
1753769580391,06:13:00.391,bybit,XRP/USDT:USDT,3.1421,13885.0,3.142,2112.0,3.1422,12773.0,3.1423,195.0
1753769580491,06:13:00.491,bybit,XRP/USDT:USDT,3.1421,13885.0,3.142,2112.0,3.1422,12773.0,3.1423,186.0
1753769580591,06:13:00.591,bybit,XRP/USDT:USDT,3.1421,15120.0,3.142,2112.0,3.1422,12018.0,3.1423,186.0
1753769580691,06:13:00.691,bybit,XRP/USDT:USDT,3.1421,15120.0,3.142,2112.0,3.1422,12018.0,3.1423,186.0
1753769580791,06:13:00.791,bybit,XRP/USDT:USDT,3.1421,15120.0,3.142,2112.0,3.1422,12773.0,3.1423,186.0
1753769580891,06:13:00.891,bybit,XRP/USDT:USDT,3.1421,15120.0,3.142,2112.0,3.1422,12018.0,3.1423,186.0
1753769580991,06:13:00.991,bybit,XRP/USDT:USDT,3.1421,15120.0,3.142,8725.0,3.1422,14.0,3.1423,186.0
1753769581191,06:13:01.191,bybit,XRP/USDT:USDT,3.1421,15120.0,3.142,8725.0,3.1422,14.0,3.1423,186.0
1753769581291,06:13:01.291,bybit,XRP/USDT:USDT,3.1421,15120.0,3.142,8725.0,3.1422,14.0,3.1423,186.0
1753769581392,06:13:01.392,bybit,XRP/USDT:USDT,3.1422,49446.0,3.1421,15076.0,3.1423,4737.0,3.1424,1205.0
1753769581492,06:13:01.492,bybit,XRP/USDT:USDT,3.1422,43886.0,3.1421,9945.0,3.1423,14034.0,3.1424,6233.0
1753769581591,06:13:01.591,bybit,XRP/USDT:USDT,3.1422,43886.0,3.1421,9945.0,3.1423,11234.0,3.1424,7758.0
1753769581691,06:13:01.691,bybit,XRP/USDT:USDT,3.1422,49601.0,3.1421,4230.0,3.1423,11234.0,3.1424,7758.0
1753769581794,06:13:01.794,bybit,XRP/USDT:USDT,3.1422,49601.0,3.1421,4246.0,3.1423,3702.0,3.1424,4205.0
1753769581891,06:13:01.891,bybit,XRP/USDT:USDT,3.1422,50917.0,3.1421,2932.0,3.1423,7161.0,3.1424,4205.0
1753769581991,06:13:01.991,bybit,XRP/USDT:USDT,3.1422,45202.0,3.1421,2932.0,3.1423,2525.0,3.1424,1205.0
1753769582091,06:13:02.091,bybit,XRP/USDT:USDT,3.1422,45202.0,3.1421,2932.0,3.1423,2473.0,3.1424,35.0
1753769582191,06:13:02.191,bybit,XRP/USDT:USDT,3.1422,45202.0,3.1421,2932.0,3.1423,2480.0,3.1424,35.0
1753769582290,06:13:02.290,bybit,XRP/USDT:USDT,3.1422,45249.0,3.1421,2932.0,3.1423,3823.0,3.1424,1205.0
1753769582392,06:13:02.392,bybit,XRP/USDT:USDT,3.1422,45249.0,3.1421,2932.0,3.1423,2433.0,3.1424,1205.0
1753769582491,06:13:02.491,bybit,XRP/USDT:USDT,3.1422,45246.0,3.1421,2916.0,3.1423,15691.0,3.1424,4526.0
1753769582591,06:13:02.591,bybit,XRP/USDT:USDT,3.1422,45253.0,3.1421,2912.0,3.1423,15691.0,3.1424,4205.0
1753769582691,06:13:02.691,bybit,XRP/USDT:USDT,3.1422,45253.0,3.1421,2912.0,3.1423,14372.0,3.1424,4205.0
1753769582791,06:13:02.791,bybit,XRP/USDT:USDT,3.1422,45253.0,3.1421,2912.0,3.1423,14372.0,3.1424,4205.0
1753769582891,06:13:02.891,bybit,XRP/USDT:USDT,3.1422,45253.0,3.1421,2912.0,3.1423,13365.0,3.1424,4205.0
1753769582991,06:13:02.991,bybit,XRP/USDT:USDT,3.1422,45253.0,3.1421,2448.0,3.1423,13365.0,3.1424,4205.0
1753769583091,06:13:03.091,bybit,XRP/USDT:USDT,3.1422,46202.0,3.1421,2448.0,3.1423,13365.0,3.1424,4205.0
1753769583190,06:13:03.190,bybit,XRP/USDT:USDT,3.1422,46202.0,3.1421,2448.0,3.1423,13365.0,3.1424,4205.0
1753769583291,06:13:03.291,bybit,XRP/USDT:USDT,3.1422,46242.0,3.1421,2448.0,3.1423,13365.0,3.1424,4205.0
1753769583391,06:13:03.391,bybit,XRP/USDT:USDT,3.1422,46242.0,3.1421,2448.0,3.1423,13365.0,3.1424,7624.0
1753769583491,06:13:03.491,bybit,XRP/USDT:USDT,3.1422,46242.0,3.1421,2448.0,3.1423,13365.0,3.1424,4205.0
1753769583591,06:13:03.591,bybit,XRP/USDT:USDT,3.1422,46242.0,3.1421,2448.0,3.1423,13365.0,3.1424,4209.0
1753769583690,06:13:03.690,bybit,XRP/USDT:USDT,3.1422,46242.0,3.1421,2448.0,3.1423,13365.0,3.1424,4209.0
1753769583790,06:13:03.790,bybit,XRP/USDT:USDT,3.1422,46242.0,3.1421,2448.0,3.1423,13365.0,3.1424,4209.0
1753769583891,06:13:03.891,bybit,XRP/USDT:USDT,3.1422,46223.0,3.1421,953.0,3.1423,36015.0,3.1424,8220.0
1753769583991,06:13:03.991,bybit,XRP/USDT:USDT,3.1422,46177.0,3.1421,953.0,3.1423,35963.0,3.1424,8220.0
1753769584103,06:13:04.103,bybit,XRP/USDT:USDT,3.1422,46177.0,3.1421,953.0,3.1423,36119.0,3.1424,8220.0
1753769584191,06:13:04.191,bybit,XRP/USDT:USDT,3.1419,49.0,3.1418,13.0,3.142,14282.0,3.1421,37027.0
1753769584291,06:13:04.291,bybit,XRP/USDT:USDT,3.1419,63.0,3.1418,13.0,3.142,14282.0,3.1421,54488.0
1753769584391,06:13:04.391,bybit,XRP/USDT:USDT,3.1419,831.0,3.1418,1183.0,3.142,14349.0,3.1421,54480.0
1753769584491,06:13:04.491,bybit,XRP/USDT:USDT,3.1419,807.0,3.1418,1183.0,3.142,14349.0,3.1421,54464.0
1753769585091,06:13:05.091,bybit,XRP/USDT:USDT,3.1419,807.0,3.1418,13.0,3.142,13921.0,3.1421,54452.0
1753769585191,06:13:05.191,bybit,XRP/USDT:USDT,3.1419,1165.0,3.1418,2613.0,3.142,13921.0,3.1421,54468.0
1753769585291,06:13:05.291,bybit,XRP/USDT:USDT,3.1419,2168.0,3.1418,2625.0,3.142,10998.0,3.1421,54452.0
1753769585391,06:13:05.391,bybit,XRP/USDT:USDT,3.1419,2168.0,3.1418,2625.0,3.142,10998.0,3.1421,54452.0
1753769585491,06:13:05.491,bybit,XRP/USDT:USDT,3.1419,2764.0,3.1418,3795.0,3.142,9058.0,3.1421,54452.0
1753769585592,06:13:05.592,bybit,XRP/USDT:USDT,3.1419,4964.0,3.1418,5186.0,3.142,4077.0,3.1421,31326.0
1753769585692,06:13:05.692,bybit,XRP/USDT:USDT,3.1421,20912.0,3.142,3780.0,3.1422,4603.0,3.1423,6215.0
1753769585793,06:13:05.793,bybit,XRP/USDT:USDT,3.1421,20915.0,3.142,3780.0,3.1422,26.0,3.1423,3215.0
1753769585892,06:13:05.892,bybit,XRP/USDT:USDT,3.1421,20915.0,3.142,2380.0,3.1422,2503.0,3.1423,3215.0
1753769585991,06:13:05.991,bybit,XRP/USDT:USDT,3.1421,21273.0,3.142,2380.0,3.1422,3258.0,3.1423,3215.0
1753769586091,06:13:06.091,bybit,XRP/USDT:USDT,3.1421,21273.0,3.142,2380.0,3.1422,3258.0,3.1423,3215.0
1753769586192,06:13:06.192,bybit,XRP/USDT:USDT,3.1421,18812.0,3.142,2380.0,3.1422,3282.0,3.1423,6415.0
1753769586291,06:13:06.291,bybit,XRP/USDT:USDT,3.1421,12814.0,3.142,2380.0,3.1422,3258.0,3.1423,6415.0
1753769586391,06:13:06.391,bybit,XRP/USDT:USDT,3.1421,12814.0,3.142,2380.0,3.1422,3258.0,3.1423,3215.0
1753769586491,06:13:06.491,bybit,XRP/USDT:USDT,3.1421,12814.0,3.142,2380.0,3.1422,6258.0,3.1423,6215.0
1753769586591,06:13:06.591,bybit,XRP/USDT:USDT,3.1421,12814.0,3.142,2380.0,3.1422,6258.0,3.1423,6215.0
1753769586690,06:13:06.690,bybit,XRP/USDT:USDT,3.1421,9043.0,3.142,2380.0,3.1422,6258.0,3.1423,6215.0
1753769586791,06:13:06.791,bybit,XRP/USDT:USDT,3.1421,9043.0,3.142,2380.0,3.1422,6258.0,3.1423,6215.0
1753769586891,06:13:06.891,bybit,XRP/USDT:USDT,3.1421,11496.0,3.142,4066.0,3.1422,10456.0,3.1423,26.0
1753769586991,06:13:06.991,bybit,XRP/USDT:USDT,3.1421,11496.0,3.142,2380.0,3.1422,10456.0,3.1423,26.0
1753769587091,06:13:07.091,bybit,XRP/USDT:USDT,3.1421,11496.0,3.142,2380.0,3.1422,10666.0,3.1423,26.0
1753769587191,06:13:07.191,bybit,XRP/USDT:USDT,3.1421,1569.0,3.142,2364.0,3.1422,13697.0,3.1423,9183.0
1753769587292,06:13:07.292,bybit,XRP/USDT:USDT,3.1421,1569.0,3.142,2364.0,3.1422,15285.0,3.1423,7560.0
1753769587391,06:13:07.391,bybit,XRP/USDT:USDT,3.1421,21.0,3.142,1194.0,3.1422,15111.0,3.1423,7560.0
1753769587491,06:13:07.491,bybit,XRP/USDT:USDT,3.1421,21.0,3.142,1194.0,3.1422,15111.0,3.1423,7560.0
1753769587591,06:13:07.591,bybit,XRP/USDT:USDT,3.1421,566.0,3.142,1194.0,3.1422,15111.0,3.1423,8398.0
1753769587691,06:13:07.691,bybit,XRP/USDT:USDT,3.1421,21.0,3.142,1194.0,3.1422,15949.0,3.1423,8398.0
1753769587794,06:13:07.794,bybit,XRP/USDT:USDT,3.1421,776.0,3.142,2364.0,3.1422,15111.0,3.1423,7560.0
1753769587892,06:13:07.892,bybit,XRP/USDT:USDT,3.1421,776.0,3.142,2364.0,3.1422,15111.0,3.1423,7560.0
1753769587991,06:13:07.991,bybit,XRP/USDT:USDT,3.1421,776.0,3.142,2364.0,3.1422,15111.0,3.1423,7560.0
1753769588091,06:13:08.091,bybit,XRP/USDT:USDT,3.1421,21.0,3.142,354.0,3.1422,18375.0,3.1423,8398.0
1753769588191,06:13:08.191,bybit,XRP/USDT:USDT,3.1421,21.0,3.142,354.0,3.1422,18375.0,3.1423,10281.0
1753769588290,06:13:08.290,bybit,XRP/USDT:USDT,3.1421,21.0,3.142,354.0,3.1422,18375.0,3.1423,10281.0
1753769588391,06:13:08.391,bybit,XRP/USDT:USDT,3.1421,21.0,3.142,354.0,3.1422,18375.0,3.1423,10281.0
1753769588491,06:13:08.491,bybit,XRP/USDT:USDT,3.1421,21.0,3.142,354.0,3.1422,18375.0,3.1423,10281.0
1753769588591,06:13:08.591,bybit,XRP/USDT:USDT,3.1421,21.0,3.142,354.0,3.1422,18375.0,3.1423,10281.0
1753769588691,06:13:08.691,bybit,XRP/USDT:USDT,3.1421,21.0,3.142,354.0,3.1422,18375.0,3.1423,10297.0
1753769588791,06:13:08.791,bybit,XRP/USDT:USDT,3.1421,21.0,3.142,354.0,3.1422,18375.0,3.1423,10297.0
1753769588891,06:13:08.891,bybit,XRP/USDT:USDT,3.1421,776.0,3.142,354.0,3.1422,14537.0,3.1423,9459.0
1753769588991,06:13:08.991,bybit,XRP/USDT:USDT,3.1421,21.0,3.142,354.0,3.1422,14537.0,3.1423,9459.0
1753769589091,06:13:09.091,bybit,XRP/USDT:USDT,3.1421,21.0,3.142,2054.0,3.1422,17537.0,3.1423,9443.0
1753769589191,06:13:09.191,bybit,XRP/USDT:USDT,3.1421,21.0,3.142,354.0,3.1422,18375.0,3.1423,10281.0
1753769589291,06:13:09.291,bybit,XRP/USDT:USDT,3.1421,21.0,3.142,354.0,3.1422,18513.0,3.1423,10297.0
1753769589391,06:13:09.391,bybit,XRP/USDT:USDT,3.1421,21.0,3.142,354.0,3.1422,18513.0,3.1423,10297.0
1753769589491,06:13:09.491,bybit,XRP/USDT:USDT,3.1421,21.0,3.142,354.0,3.1422,18514.0,3.1423,10289.0
1753769589591,06:13:09.591,bybit,XRP/USDT:USDT,3.1421,21.0,3.142,354.0,3.1422,17676.0,3.1423,9451.0
1753769589691,06:13:09.691,bybit,XRP/USDT:USDT,3.1421,21.0,3.142,354.0,3.1422,17676.0,3.1423,9451.0
1753769589793,06:13:09.793,bybit,XRP/USDT:USDT,3.1421,21.0,3.142,3554.0,3.1422,17634.0,3.1423,9451.0
1753769589891,06:13:09.891,bybit,XRP/USDT:USDT,3.1421,21.0,3.142,3554.0,3.1422,17634.0,3.1423,9467.0
1753769589990,06:13:09.990,bybit,XRP/USDT:USDT,3.1421,53.0,3.142,3554.0,3.1422,17634.0,3.1423,10299.0
1753769590092,06:13:10.092,bybit,XRP/USDT:USDT,3.1421,53.0,3.142,354.0,3.1422,17569.0,3.1423,10283.0
1753769590191,06:13:10.191,bybit,XRP/USDT:USDT,3.1421,53.0,3.142,354.0,3.1422,18385.0,3.1423,11115.0
1753769590290,06:13:10.290,bybit,XRP/USDT:USDT,3.1421,53.0,3.142,354.0,3.1422,18385.0,3.1423,11115.0
1753769590391,06:13:10.391,bybit,XRP/USDT:USDT,3.1421,53.0,3.142,354.0,3.1422,18385.0,3.1423,11115.0
1753769590491,06:13:10.491,bybit,XRP/USDT:USDT,3.1421,53.0,3.142,354.0,3.1422,17569.0,3.1423,10283.0
1753769590592,06:13:10.592,bybit,XRP/USDT:USDT,3.1421,6271.0,3.142,1524.0,3.1422,11860.0,3.1423,6451.0
1753769590691,06:13:10.691,bybit,XRP/USDT:USDT,3.1421,7682.0,3.142,1524.0,3.1422,11860.0,3.1423,34.0
1753769590791,06:13:10.791,bybit,XRP/USDT:USDT,3.1421,7682.0,3.142,1524.0,3.1422,11860.0,3.1423,26.0
1753769590891,06:13:10.891,bybit,XRP/USDT:USDT,3.1421,7682.0,3.142,1524.0,3.1422,11860.0,3.1423,6135.0
1753769590991,06:13:10.991,bybit,XRP/USDT:USDT,3.1421,7682.0,3.142,1524.0,3.1422,11860.0,3.1423,26.0
1753769591091,06:13:11.091,bybit,XRP/USDT:USDT,3.1421,2165.0,3.142,1524.0,3.1422,15615.0,3.1423,3026.0
1753769591391,06:13:11.391,bybit,XRP/USDT:USDT,3.142,2.0,3.1419,5.0,3.1421,46576.0,3.1422,25523.0
1753769591492,06:13:11.492,bybit,XRP/USDT:USDT,3.142,5.0,3.1419,5.0,3.1421,46576.0,3.1422,25523.0
1753769591591,06:13:11.591,bybit,XRP/USDT:USDT,3.142,5.0,3.1419,5.0,3.1421,46576.0,3.1422,24691.0
1753769591691,06:13:11.691,bybit,XRP/USDT:USDT,3.142,5.0,3.1419,5.0,3.1421,46576.0,3.1422,24691.0
1753769591792,06:13:11.792,bybit,XRP/USDT:USDT,3.142,5.0,3.1419,5.0,3.1421,46576.0,3.1422,24691.0
1753769591891,06:13:11.891,bybit,XRP/USDT:USDT,3.142,5.0,3.1419,5.0,3.1421,44576.0,3.1422,24691.0
1753769591991,06:13:11.991,bybit,XRP/USDT:USDT,3.142,5.0,3.1419,5.0,3.1421,41588.0,3.1422,24707.0
1753769592091,06:13:12.091,bybit,XRP/USDT:USDT,3.142,5.0,3.1419,5.0,3.1421,41588.0,3.1422,24691.0
1753769592191,06:13:12.191,bybit,XRP/USDT:USDT,3.142,3.0,3.1419,5.0,3.1421,41588.0,3.1422,24707.0
1753769592291,06:13:12.291,bybit,XRP/USDT:USDT,3.142,3.0,3.1419,5.0,3.1421,41445.0,3.1422,23859.0
1753769592391,06:13:12.391,bybit,XRP/USDT:USDT,3.142,3.0,3.1419,2.0,3.1421,32768.0,3.1422,22239.0
1753769592491,06:13:12.491,bybit,XRP/USDT:USDT,3.142,3.0,3.1419,2.0,3.1421,34371.0,3.1422,22260.0
1753769592591,06:13:12.591,bybit,XRP/USDT:USDT,3.142,3.0,3.1419,2.0,3.1421,34371.0,3.1422,22260.0
1753769592691,06:13:12.691,bybit,XRP/USDT:USDT,3.142,3.0,3.1419,2.0,3.1421,34463.0,3.1422,22244.0
1753769592790,06:13:12.790,bybit,XRP/USDT:USDT,3.142,3.0,3.1419,2.0,3.1421,34463.0,3.1422,22244.0
1753769592891,06:13:12.891,bybit,XRP/USDT:USDT,3.142,3.0,3.1419,2.0,3.1421,34463.0,3.1422,22244.0
1753769592991,06:13:12.991,bybit,XRP/USDT:USDT,3.142,3.0,3.1419,2.0,3.1421,34463.0,3.1422,22244.0
1753769593091,06:13:13.091,bybit,XRP/USDT:USDT,3.142,3.0,3.1419,2.0,3.1421,34463.0,3.1422,22244.0
1753769593191,06:13:13.191,bybit,XRP/USDT:USDT,3.142,3.0,3.1419,2.0,3.1421,34463.0,3.1422,22244.0
1753769593292,06:13:13.292,bybit,XRP/USDT:USDT,3.1418,1734.0,3.1417,4551.0,3.1419,28452.0,3.142,27947.0
1753769593391,06:13:13.391,bybit,XRP/USDT:USDT,3.1418,2503.0,3.1417,4551.0,3.1419,28452.0,3.142,30947.0
1753769593492,06:13:13.492,bybit,XRP/USDT:USDT,3.1415,15.0,3.1414,12.0,3.1416,45062.0,3.1417,10604.0
1753769593794,06:13:13.794,bybit,XRP/USDT:USDT,3.1412,2.0,3.1411,8.0,3.1413,29947.0,3.1414,44088.0
1753769593892,06:13:13.892,bybit,XRP/USDT:USDT,3.1412,2.0,3.1411,8.0,3.1413,28329.0,3.1414,52860.0
1753769593991,06:13:13.991,bybit,XRP/USDT:USDT,3.1411,4.0,3.141,10.0,3.1412,38881.0,3.1413,30794.0
1753769594093,06:13:14.093,bybit,XRP/USDT:USDT,3.141,1005.0,3.1409,201.0,3.1411,29601.0,3.1412,47390.0
1753769594193,06:13:14.193,bybit,XRP/USDT:USDT,3.1409,24217.0,3.1408,3085.0,3.141,13916.0,3.1411,2.0
1753769594291,06:13:14.291,bybit,XRP/USDT:USDT,3.1409,22138.0,3.1408,2445.0,3.141,13916.0,3.1411,2.0
1753769594391,06:13:14.391,bybit,XRP/USDT:USDT,3.1409,14641.0,3.1408,2445.0,3.141,13916.0,3.1411,2.0
1753769594491,06:13:14.491,bybit,XRP/USDT:USDT,3.1409,3710.0,3.1408,2445.0,3.141,13916.0,3.1411,2.0
1753769594591,06:13:14.591,bybit,XRP/USDT:USDT,3.1409,3710.0,3.1408,2445.0,3.141,13916.0,3.1411,2.0
1753769594691,06:13:14.691,bybit,XRP/USDT:USDT,3.1409,4255.0,3.1408,2445.0,3.141,14858.0,3.1411,2.0
1753769594793,06:13:14.793,bybit,XRP/USDT:USDT,3.1408,361.0,3.1407,960.0,3.1409,22900.0,3.141,18860.0
1753769594892,06:13:14.892,bybit,XRP/USDT:USDT,3.1408,361.0,3.1407,6.0,3.1409,23536.0,3.141,26715.0
1753769595191,06:13:15.191,bybit,XRP/USDT:USDT,3.1408,1216.0,3.1407,1206.0,3.1409,23067.0,3.141,23981.0
1753769595292,06:13:15.292,bybit,XRP/USDT:USDT,3.1408,4529.0,3.1407,1520.0,3.1409,14386.0,3.141,21065.0
1753769595391,06:13:15.391,bybit,XRP/USDT:USDT,3.1408,2310.0,3.1407,2.0,3.1409,18934.0,3.141,29036.0
1753769595491,06:13:15.491,bybit,XRP/USDT:USDT,3.1408,2310.0,3.1407,2.0,3.1409,25711.0,3.141,31280.0
1753769595591,06:13:15.591,bybit,XRP/USDT:USDT,3.1408,3225.0,3.1407,2.0,3.1409,26112.0,3.141,31280.0
1753769595790,06:13:15.790,bybit,XRP/USDT:USDT,3.1408,3225.0,3.1407,2.0,3.1409,21037.0,3.141,30644.0
1753769595891,06:13:15.891,bybit,XRP/USDT:USDT,3.1408,3225.0,3.1407,2.0,3.1409,21037.0,3.141,30644.0
1753769595991,06:13:15.991,bybit,XRP/USDT:USDT,3.1408,3225.0,3.1407,2.0,3.1409,28124.0,3.141,31280.0
1753769596091,06:13:16.091,bybit,XRP/USDT:USDT,3.1408,3225.0,3.1407,2.0,3.1409,23061.0,3.141,31280.0
1753769596191,06:13:16.191,bybit,XRP/USDT:USDT,3.1408,915.0,3.1407,2.0,3.1409,15783.0,3.141,30008.0
1753769596291,06:13:16.291,bybit,XRP/USDT:USDT,3.1408,915.0,3.1407,2.0,3.1409,15783.0,3.141,30008.0
1753769596391,06:13:16.391,bybit,XRP/USDT:USDT,3.1408,915.0,3.1407,2.0,3.1409,15783.0,3.141,30008.0
1753769596491,06:13:16.491,bybit,XRP/USDT:USDT,3.1408,915.0,3.1407,2.0,3.1409,16702.0,3.141,30008.0
1753769596591,06:13:16.591,bybit,XRP/USDT:USDT,3.1408,915.0,3.1407,2.0,3.1409,16560.0,3.141,30644.0
1753769596692,06:13:16.692,bybit,XRP/USDT:USDT,3.1408,915.0,3.1407,2.0,3.1409,16544.0,3.141,30660.0
1753769596792,06:13:16.792,bybit,XRP/USDT:USDT,3.1408,915.0,3.1407,2.0,3.1409,16544.0,3.141,30660.0
1753769596891,06:13:16.891,bybit,XRP/USDT:USDT,3.1408,915.0,3.1407,2.0,3.1409,16544.0,3.141,30660.0
1753769596991,06:13:16.991,bybit,XRP/USDT:USDT,3.1408,915.0,3.1407,2.0,3.1409,16544.0,3.141,30024.0
1753769597091,06:13:17.091,bybit,XRP/USDT:USDT,3.1408,915.0,3.1407,2.0,3.1409,16544.0,3.141,30024.0
1753769597191,06:13:17.191,bybit,XRP/USDT:USDT,3.1408,915.0,3.1407,2.0,3.1409,16544.0,3.141,30024.0
1753769597291,06:13:17.291,bybit,XRP/USDT:USDT,3.1408,915.0,3.1407,2.0,3.1409,16544.0,3.141,30024.0
1753769597391,06:13:17.391,bybit,XRP/USDT:USDT,3.1408,915.0,3.1407,2.0,3.1409,16544.0,3.141,30024.0
1753769597491,06:13:17.491,bybit,XRP/USDT:USDT,3.1408,915.0,3.1407,2.0,3.1409,16444.0,3.141,30008.0
1753769597691,06:13:17.691,bybit,XRP/USDT:USDT,3.1406,54.0,3.1405,15.0,3.1407,33182.0,3.1408,34002.0
1753769597792,06:13:17.792,bybit,XRP/USDT:USDT,3.1406,54.0,3.1405,15.0,3.1407,33182.0,3.1408,34002.0
1753769597891,06:13:17.891,bybit,XRP/USDT:USDT,3.1406,54.0,3.1405,15.0,3.1407,33182.0,3.1408,39466.0
1753769597991,06:13:17.991,bybit,XRP/USDT:USDT,3.1406,412.0,3.1405,2115.0,3.1407,33182.0,3.1408,39466.0
1753769598091,06:13:18.091,bybit,XRP/USDT:USDT,3.1406,412.0,3.1405,2115.0,3.1407,31582.0,3.1408,39436.0
1753769598191,06:13:18.191,bybit,XRP/USDT:USDT,3.1406,412.0,3.1405,15.0,3.1407,31582.0,3.1408,39436.0
1753769598291,06:13:18.291,bybit,XRP/USDT:USDT,3.1406,412.0,3.1405,15.0,3.1407,31498.0,3.1408,39436.0
1753769598391,06:13:18.391,bybit,XRP/USDT:USDT,3.1406,412.0,3.1405,12.0,3.1407,31498.0,3.1408,39436.0
1753769598491,06:13:18.491,bybit,XRP/USDT:USDT,3.1403,660.0,3.1402,202.0,3.1404,9182.0,3.1405,3997.0
1753769598592,06:13:18.592,bybit,XRP/USDT:USDT,3.1402,2962.0,3.1401,2088.0,3.1403,4596.0,3.1404,2641.0
1753769598691,06:13:18.691,bybit,XRP/USDT:USDT,3.1402,194.0,3.1401,1604.0,3.1403,19053.0,3.1404,2641.0
1753769598792,06:13:18.792,bybit,XRP/USDT:USDT,3.1402,194.0,3.1401,4.0,3.1403,25504.0,3.1404,21005.0
1753769598892,06:13:18.892,bybit,XRP/USDT:USDT,3.1402,194.0,3.1401,4.0,3.1403,20285.0,3.1404,13134.0
1753769598991,06:13:18.991,bybit,XRP/USDT:USDT,3.1402,194.0,3.1401,4.0,3.1403,19839.0,3.1404,13134.0
1753769599091,06:13:19.091,bybit,XRP/USDT:USDT,3.1402,194.0,3.1401,4.0,3.1403,19434.0,3.1404,13134.0
1753769599191,06:13:19.191,bybit,XRP/USDT:USDT,3.1402,194.0,3.1401,4.0,3.1403,19431.0,3.1404,10137.0
1753769599291,06:13:19.291,bybit,XRP/USDT:USDT,3.1402,194.0,3.1401,4.0,3.1403,19431.0,3.1404,10137.0
1753769599391,06:13:19.391,bybit,XRP/USDT:USDT,3.1402,194.0,3.1401,4.0,3.1403,19431.0,3.1404,10137.0
1753769599491,06:13:19.491,bybit,XRP/USDT:USDT,3.1402,192.0,3.1401,4.0,3.1403,19431.0,3.1404,10153.0
1753769599591,06:13:19.591,bybit,XRP/USDT:USDT,3.1402,192.0,3.1401,4.0,3.1403,19431.0,3.1404,10150.0
1753769599691,06:13:19.691,bybit,XRP/USDT:USDT,3.1402,192.0,3.1401,4.0,3.1403,19431.0,3.1404,10150.0
1753769599890,06:13:19.890,bybit,XRP/USDT:USDT,3.1402,192.0,3.1401,4.0,3.1403,21024.0,3.1404,13640.0
1753769599991,06:13:19.991,bybit,XRP/USDT:USDT,3.1402,192.0,3.1401,4.0,3.1403,21024.0,3.1404,13640.0
1753769600091,06:13:20.091,bybit,XRP/USDT:USDT,3.1402,192.0,3.1401,4.0,3.1403,26103.0,3.1404,13054.0
1753769600191,06:13:20.191,bybit,XRP/USDT:USDT,3.1402,192.0,3.1401,4.0,3.1403,21610.0,3.1404,14226.0
1753769600292,06:13:20.292,bybit,XRP/USDT:USDT,3.1402,192.0,3.1401,4.0,3.1403,21610.0,3.1404,14242.0
1753769600391,06:13:20.391,bybit,XRP/USDT:USDT,3.1402,192.0,3.1401,4.0,3.1403,21610.0,3.1404,14242.0
1753769600490,06:13:20.490,bybit,XRP/USDT:USDT,3.1402,192.0,3.1401,4.0,3.1403,21610.0,3.1404,14242.0
1753769600591,06:13:20.591,bybit,XRP/USDT:USDT,3.1402,192.0,3.1401,4.0,3.1403,21172.0,3.1404,13054.0
1753769600690,06:13:20.690,bybit,XRP/USDT:USDT,3.1402,202.0,3.1401,4.0,3.1403,21172.0,3.1404,13054.0
1753769600793,06:13:20.793,bybit,XRP/USDT:USDT,3.1408,14267.0,3.1407,1970.0,3.1409,16257.0,3.141,330.0
1753769600891,06:13:20.891,bybit,XRP/USDT:USDT,3.1408,29.0,3.1407,907.0,3.1409,16233.0,3.141,1178.0
1753769600991,06:13:20.991,bybit,XRP/USDT:USDT,3.1408,26.0,3.1407,360.0,3.1409,16233.0,3.141,1178.0
1753769601091,06:13:21.091,bybit,XRP/USDT:USDT,3.1408,8450.0,3.1407,360.0,3.1409,15478.0,3.141,1178.0
1753769601191,06:13:21.191,bybit,XRP/USDT:USDT,3.1408,4060.0,3.1407,678.0,3.1409,14785.0,3.141,1178.0
1753769601292,06:13:21.292,bybit,XRP/USDT:USDT,3.1408,5230.0,3.1407,360.0,3.1409,14785.0,3.141,1178.0
1753769601390,06:13:21.390,bybit,XRP/USDT:USDT,3.1408,5230.0,3.1407,360.0,3.1409,14785.0,3.141,1178.0
1753769601591,06:13:21.591,bybit,XRP/USDT:USDT,3.1408,805.0,3.1407,360.0,3.1409,15540.0,3.141,1178.0
1753769601791,06:13:21.791,bybit,XRP/USDT:USDT,3.1408,805.0,3.1407,360.0,3.1409,15540.0,3.141,4446.0
1753769601891,06:13:21.891,bybit,XRP/USDT:USDT,3.1408,841.0,3.1407,360.0,3.1409,15540.0,3.141,4446.0
1753769601991,06:13:21.991,bybit,XRP/USDT:USDT,3.1408,3841.0,3.1407,360.0,3.1409,15540.0,3.141,4446.0
1753769602091,06:13:22.091,bybit,XRP/USDT:USDT,3.1408,81.0,3.1407,360.0,3.1409,15540.0,3.141,4446.0
1753769602190,06:13:22.190,bybit,XRP/USDT:USDT,3.1408,59.0,3.1407,360.0,3.1409,15540.0,3.141,5465.0
1753769602291,06:13:22.291,bybit,XRP/USDT:USDT,3.1408,59.0,3.1407,360.0,3.1409,15540.0,3.141,5856.0
1753769602391,06:13:22.391,bybit,XRP/USDT:USDT,3.1408,860.0,3.1407,360.0,3.1409,15540.0,3.141,5073.0
1753769602491,06:13:22.491,bybit,XRP/USDT:USDT,3.1408,860.0,3.1407,360.0,3.1409,15540.0,3.141,5073.0
1753769602590,06:13:22.590,bybit,XRP/USDT:USDT,3.1408,860.0,3.1407,360.0,3.1409,15540.0,3.141,5073.0
1753769602691,06:13:22.691,bybit,XRP/USDT:USDT,3.1408,836.0,3.1407,360.0,3.1409,15559.0,3.141,5073.0
1753769602792,06:13:22.792,bybit,XRP/USDT:USDT,3.1408,81.0,3.1407,360.0,3.1409,15657.0,3.141,5073.0
1753769602891,06:13:22.891,bybit,XRP/USDT:USDT,3.1408,81.0,3.1407,360.0,3.1409,15657.0,3.141,4446.0
1753769602991,06:13:22.991,bybit,XRP/USDT:USDT,3.1408,6256.0,3.1407,1386.0,3.1409,14804.0,3.141,4446.0
1753769603091,06:13:23.091,bybit,XRP/USDT:USDT,3.1408,6256.0,3.1407,1704.0,3.1409,11729.0,3.141,4446.0
1753769603191,06:13:23.191,bybit,XRP/USDT:USDT,3.1408,18655.0,3.1407,1704.0,3.1409,11729.0,3.141,3276.0
1753769603291,06:13:23.291,bybit,XRP/USDT:USDT,3.1408,18655.0,3.1407,2412.0,3.1409,11729.0,3.141,3276.0
1753769603391,06:13:23.391,bybit,XRP/USDT:USDT,3.1408,18655.0,3.1407,2412.0,3.1409,11729.0,3.141,3276.0
1753769603490,06:13:23.490,bybit,XRP/USDT:USDT,3.1408,18655.0,3.1407,2412.0,3.1409,11729.0,3.141,3276.0
1753769603592,06:13:23.592,bybit,XRP/USDT:USDT,3.1411,18240.0,3.141,24365.0,3.1412,2.0,3.1413,14.0
1753769603691,06:13:23.691,bybit,XRP/USDT:USDT,3.1411,7713.0,3.141,23688.0,3.1412,5959.0,3.1413,10.0
1753769603793,06:13:23.793,bybit,XRP/USDT:USDT,3.1411,427.0,3.141,680.0,3.1412,14053.0,3.1413,3010.0
1753769603892,06:13:23.892,bybit,XRP/USDT:USDT,3.1411,3327.0,3.141,1532.0,3.1412,11550.0,3.1413,6982.0
1753769603991,06:13:23.991,bybit,XRP/USDT:USDT,3.1411,3327.0,3.141,2732.0,3.1412,11550.0,3.1413,6982.0
1753769604092,06:13:24.092,bybit,XRP/USDT:USDT,3.1411,4330.0,3.141,3066.0,3.1412,7274.0,3.1413,6982.0
1753769604191,06:13:24.191,bybit,XRP/USDT:USDT,3.1411,3661.0,3.141,3066.0,3.1412,7274.0,3.1413,6982.0
1753769604291,06:13:24.291,bybit,XRP/USDT:USDT,3.1411,4688.0,3.141,3066.0,3.1412,7274.0,3.1413,6982.0
1753769604391,06:13:24.391,bybit,XRP/USDT:USDT,3.1411,4698.0,3.141,3066.0,3.1412,7274.0,3.1413,6982.0
1753769604490,06:13:24.490,bybit,XRP/USDT:USDT,3.1411,4707.0,3.141,3066.0,3.1412,7274.0,3.1413,6982.0
1753769604591,06:13:24.591,bybit,XRP/USDT:USDT,3.1411,4707.0,3.141,1866.0,3.1412,7274.0,3.1413,6982.0
1753769604691,06:13:24.691,bybit,XRP/USDT:USDT,3.1411,1846.0,3.141,1850.0,3.1412,8444.0,3.1413,6982.0
1753769604791,06:13:24.791,bybit,XRP/USDT:USDT,3.1411,1846.0,3.141,1532.0,3.1412,8444.0,3.1413,6982.0
1753769604891,06:13:24.891,bybit,XRP/USDT:USDT,3.1411,1846.0,3.141,1532.0,3.1412,11444.0,3.1413,6982.0
1753769604990,06:13:24.990,bybit,XRP/USDT:USDT,3.1411,1846.0,3.141,1532.0,3.1412,11466.0,3.1413,6982.0
1753769605091,06:13:25.091,bybit,XRP/USDT:USDT,3.1411,1846.0,3.141,1532.0,3.1412,11466.0,3.1413,6982.0
1753769605191,06:13:25.191,bybit,XRP/USDT:USDT,3.1411,1866.0,3.141,1532.0,3.1412,11466.0,3.1413,6982.0
1753769605291,06:13:25.291,bybit,XRP/USDT:USDT,3.1411,1856.0,3.141,1532.0,3.1412,11516.0,3.1413,6982.0
1753769605391,06:13:25.391,bybit,XRP/USDT:USDT,3.1411,1856.0,3.141,1532.0,3.1412,11516.0,3.1413,6982.0
1753769605491,06:13:25.491,bybit,XRP/USDT:USDT,3.1411,18188.0,3.141,1532.0,3.1412,3552.0,3.1413,6982.0
1753769605591,06:13:25.591,bybit,XRP/USDT:USDT,3.1411,31614.0,3.141,2865.0,3.1412,3342.0,3.1413,10.0
1753769605691,06:13:25.691,bybit,XRP/USDT:USDT,3.1411,31972.0,3.141,3183.0,3.1412,74.0,3.1413,10.0
1753769605793,06:13:25.793,bybit,XRP/USDT:USDT,3.1411,31942.0,3.141,3501.0,3.1412,281.0,3.1413,10.0
1753769605891,06:13:25.891,bybit,XRP/USDT:USDT,3.1411,30943.0,3.141,2502.0,3.1412,281.0,3.1413,10.0
1753769605992,06:13:25.992,bybit,XRP/USDT:USDT,3.1411,30943.0,3.141,2502.0,3.1412,281.0,3.1413,10.0
1753769606090,06:13:26.090,bybit,XRP/USDT:USDT,3.1411,30943.0,3.141,2502.0,3.1412,281.0,3.1413,10.0
1753769606190,06:13:26.190,bybit,XRP/USDT:USDT,3.1411,31917.0,3.141,3476.0,3.1412,281.0,3.1413,10.0
1753769606292,06:13:26.292,bybit,XRP/USDT:USDT,3.1411,31917.0,3.141,3476.0,3.1412,281.0,3.1413,10.0
1753769606392,06:13:26.392,bybit,XRP/USDT:USDT,3.1411,31917.0,3.141,3476.0,3.1412,281.0,3.1413,10.0
1753769606491,06:13:26.491,bybit,XRP/USDT:USDT,3.1411,31917.0,3.141,3484.0,3.1412,281.0,3.1413,10.0
1753769606591,06:13:26.591,bybit,XRP/USDT:USDT,3.1411,32149.0,3.141,12879.0,3.1412,281.0,3.1413,10.0
1753769606691,06:13:26.691,bybit,XRP/USDT:USDT,3.1411,32133.0,3.141,13853.0,3.1412,281.0,3.1413,10.0
1753769606791,06:13:26.791,bybit,XRP/USDT:USDT,3.1411,31934.0,3.141,13853.0,3.1412,281.0,3.1413,10.0
1753769606892,06:13:26.892,bybit,XRP/USDT:USDT,3.1413,51877.0,3.1412,41023.0,3.1414,8524.0,3.1415,2.0
1753769606991,06:13:26.991,bybit,XRP/USDT:USDT,3.1415,15342.0,3.1414,34119.0,3.1416,4.0,3.1417,2.0
1753769607091,06:13:27.091,bybit,XRP/USDT:USDT,3.1415,15700.0,3.1414,34402.0,3.1416,7649.0,3.1417,2.0
1753769607291,06:13:27.291,bybit,XRP/USDT:USDT,3.1415,7131.0,3.1414,30513.0,3.1416,4753.0,3.1417,3002.0
1753769607390,06:13:27.390,bybit,XRP/USDT:USDT,3.1415,7542.0,3.1414,31165.0,3.1416,53.0,3.1417,2.0
1753769607491,06:13:27.491,bybit,XRP/USDT:USDT,3.1415,7534.0,3.1414,31165.0,3.1416,53.0,3.1417,3202.0
1753769607591,06:13:27.591,bybit,XRP/USDT:USDT,3.1415,7534.0,3.1414,31165.0,3.1416,29.0,3.1417,3202.0
1753769607691,06:13:27.691,bybit,XRP/USDT:USDT,3.1415,6234.0,3.1414,30831.0,3.1416,4061.0,3.1417,3202.0
1753769607792,06:13:27.792,bybit,XRP/USDT:USDT,3.1415,5823.0,3.1414,29658.0,3.1416,4061.0,3.1417,3202.0
1753769607891,06:13:27.891,bybit,XRP/USDT:USDT,3.1415,5823.0,3.1414,29658.0,3.1416,4061.0,3.1417,3202.0
1753769607992,06:13:27.992,bybit,XRP/USDT:USDT,3.1415,6079.0,3.1414,29658.0,3.1416,2532.0,3.1417,3202.0
1753769608091,06:13:28.091,bybit,XRP/USDT:USDT,3.1415,5823.0,3.1414,29658.0,3.1416,2508.0,3.1417,3202.0
1753769608191,06:13:28.191,bybit,XRP/USDT:USDT,3.1415,6167.0,3.1414,29658.0,3.1416,2532.0,3.1417,3202.0
1753769608290,06:13:28.290,bybit,XRP/USDT:USDT,3.1415,6167.0,3.1414,29658.0,3.1416,2532.0,3.1417,3202.0
1753769608391,06:13:28.391,bybit,XRP/USDT:USDT,3.1415,6192.0,3.1414,29658.0,3.1416,3287.0,3.1417,3202.0
1753769608491,06:13:28.491,bybit,XRP/USDT:USDT,3.1415,6192.0,3.1414,29658.0,3.1416,3287.0,3.1417,3202.0
1753769608591,06:13:28.591,bybit,XRP/USDT:USDT,3.1415,8019.0,3.1414,30294.0,3.1416,3287.0,3.1417,3202.0
1753769608691,06:13:28.691,bybit,XRP/USDT:USDT,3.1415,6691.0,3.1414,29658.0,3.1416,3287.0,3.1417,3202.0
1753769608792,06:13:28.792,bybit,XRP/USDT:USDT,3.1415,3400.0,3.1414,18266.0,3.1416,12993.0,3.1417,12848.0
1753769608891,06:13:28.891,bybit,XRP/USDT:USDT,3.1415,2855.0,3.1414,16253.0,3.1416,13027.0,3.1417,12848.0
1753769608991,06:13:28.991,bybit,XRP/USDT:USDT,3.1415,1864.0,3.1414,8961.0,3.1416,13027.0,3.1417,12017.0
1753769609090,06:13:29.090,bybit,XRP/USDT:USDT,3.1415,1864.0,3.1414,8961.0,3.1416,13135.0,3.1417,11186.0
1753769609191,06:13:29.191,bybit,XRP/USDT:USDT,3.1415,1864.0,3.1414,8961.0,3.1416,13135.0,3.1417,11186.0
1753769609291,06:13:29.291,bybit,XRP/USDT:USDT,3.1415,2619.0,3.1414,5770.0,3.1416,13135.0,3.1417,11186.0
1753769609392,06:13:29.392,bybit,XRP/USDT:USDT,3.1415,2619.0,3.1414,5770.0,3.1416,13135.0,3.1417,11186.0
1753769609491,06:13:29.491,bybit,XRP/USDT:USDT,3.1415,3622.0,3.1414,5770.0,3.1416,13135.0,3.1417,11186.0
1753769609691,06:13:29.691,bybit,XRP/USDT:USDT,3.1415,2619.0,3.1414,5770.0,3.1416,13135.0,3.1417,11186.0
1753769609791,06:13:29.791,bybit,XRP/USDT:USDT,3.1415,2619.0,3.1414,5770.0,3.1416,13135.0,3.1417,11186.0
1753769609891,06:13:29.891,bybit,XRP/USDT:USDT,3.1415,2619.0,3.1414,5770.0,3.1416,13135.0,3.1417,11186.0
1753769609991,06:13:29.991,bybit,XRP/USDT:USDT,3.1415,2619.0,3.1414,5770.0,3.1416,13135.0,3.1417,11186.0
1753769610091,06:13:30.091,bybit,XRP/USDT:USDT,3.1415,2619.0,3.1414,5770.0,3.1416,13135.0,3.1417,11186.0
1753769610291,06:13:30.291,bybit,XRP/USDT:USDT,3.1415,1864.0,3.1414,1118.0,3.1416,13135.0,3.1417,12017.0
1753769610391,06:13:30.391,bybit,XRP/USDT:USDT,3.1415,388.0,3.1414,1118.0,3.1416,13135.0,3.1417,11186.0
1753769610491,06:13:30.491,bybit,XRP/USDT:USDT,3.1415,388.0,3.1414,2288.0,3.1416,13135.0,3.1417,11186.0
1753769610591,06:13:30.591,bybit,XRP/USDT:USDT,3.1415,388.0,3.1414,2288.0,3.1416,13135.0,3.1417,11186.0
1753769610691,06:13:30.691,bybit,XRP/USDT:USDT,3.1415,8335.0,3.1414,3135.0,3.1416,3488.0,3.1417,3202.0
1753769610792,06:13:30.792,bybit,XRP/USDT:USDT,3.1415,8130.0,3.1414,20042.0,3.1416,29.0,3.1417,2.0
1753769610992,06:13:30.992,bybit,XRP/USDT:USDT,3.1416,1320.0,3.1415,5236.0,3.1418,16049.0,3.1419,10665.0
1753769611092,06:13:31.092,bybit,XRP/USDT:USDT,3.1416,3478.0,3.1415,5180.0,3.1417,12125.0,3.1418,16999.0
1753769611191,06:13:31.191,bybit,XRP/USDT:USDT,3.1416,4047.0,3.1415,5180.0,3.1417,12125.0,3.1418,16999.0
1753769611291,06:13:31.291,bybit,XRP/USDT:USDT,3.1416,4047.0,3.1415,5180.0,3.1417,4688.0,3.1418,14520.0
1753769611391,06:13:31.391,bybit,XRP/USDT:USDT,3.1416,7181.0,3.1415,5180.0,3.1417,779.0,3.1418,7322.0
1753769611492,06:13:31.492,bybit,XRP/USDT:USDT,3.1416,7195.0,3.1415,5180.0,3.1417,1645.0,3.1418,7322.0
1753769611690,06:13:31.690,bybit,XRP/USDT:USDT,3.1416,7228.0,3.1415,5180.0,3.1417,3955.0,3.1418,1691.0
1753769611791,06:13:31.791,bybit,XRP/USDT:USDT,3.1416,7228.0,3.1415,5180.0,3.1417,3955.0,3.1418,1691.0
1753769611891,06:13:31.891,bybit,XRP/USDT:USDT,3.1416,7964.0,3.1415,5180.0,3.1417,3940.0,3.1418,1691.0
1753769611991,06:13:31.991,bybit,XRP/USDT:USDT,3.1416,5144.0,3.1415,5180.0,3.1417,3940.0,3.1418,1691.0
1753769612091,06:13:32.091,bybit,XRP/USDT:USDT,3.1416,4489.0,3.1415,5180.0,3.1417,18440.0,3.1418,5854.0
1753769612391,06:13:32.391,bybit,XRP/USDT:USDT,3.1416,18.0,3.1415,1073.0,3.1417,21455.0,3.1418,8854.0
1753769612491,06:13:32.491,bybit,XRP/USDT:USDT,3.1416,2497.0,3.1415,1073.0,3.1417,21455.0,3.1418,8854.0
1753769612591,06:13:32.591,bybit,XRP/USDT:USDT,3.1416,2497.0,3.1415,1073.0,3.1417,21455.0,3.1418,8854.0
1753769612690,06:13:32.690,bybit,XRP/USDT:USDT,3.1416,1235.0,3.1415,1073.0,3.1417,21515.0,3.1418,8854.0
1753769612792,06:13:32.792,bybit,XRP/USDT:USDT,3.1416,1235.0,3.1415,1073.0,3.1417,21515.0,3.1418,8854.0
1753769612891,06:13:32.891,bybit,XRP/USDT:USDT,3.1416,2348.0,3.1415,4273.0,3.1417,21327.0,3.1418,8854.0
1753769612991,06:13:32.991,bybit,XRP/USDT:USDT,3.1416,1593.0,3.1415,4273.0,3.1417,21289.0,3.1418,8854.0
1753769613091,06:13:33.091,bybit,XRP/USDT:USDT,3.1416,1593.0,3.1415,4273.0,3.1417,21289.0,3.1418,8854.0
1753769613190,06:13:33.190,bybit,XRP/USDT:USDT,3.1416,1379.0,3.1415,4273.0,3.1417,21289.0,3.1418,8854.0
1753769613291,06:13:33.291,bybit,XRP/USDT:USDT,3.1416,1379.0,3.1415,1073.0,3.1417,21289.0,3.1418,8854.0
1753769613391,06:13:33.391,bybit,XRP/USDT:USDT,3.1416,1379.0,3.1415,1073.0,3.1417,21289.0,3.1418,8854.0
1753769613491,06:13:33.491,bybit,XRP/USDT:USDT,3.1416,1021.0,3.1415,1073.0,3.1417,21289.0,3.1418,8854.0
1753769613591,06:13:33.591,bybit,XRP/USDT:USDT,3.1416,1117.0,3.1415,1073.0,3.1417,21289.0,3.1418,8854.0
1753769613691,06:13:33.691,bybit,XRP/USDT:USDT,3.1416,3706.0,3.1415,1073.0,3.1417,21289.0,3.1418,8854.0
1753769613791,06:13:33.791,bybit,XRP/USDT:USDT,3.1416,2951.0,3.1415,1073.0,3.1417,21289.0,3.1418,8854.0
1753769613890,06:13:33.890,bybit,XRP/USDT:USDT,3.1416,114.0,3.1415,70.0,3.1417,21289.0,3.1418,9630.0
1753769613992,06:13:33.992,bybit,XRP/USDT:USDT,3.1416,102.0,3.1415,70.0,3.1417,27320.0,3.1418,11338.0
1753769614091,06:13:34.091,bybit,XRP/USDT:USDT,3.1416,99.0,3.1415,70.0,3.1417,27320.0,3.1418,11338.0
1753769614291,06:13:34.291,bybit,XRP/USDT:USDT,3.1416,100.0,3.1415,70.0,3.1417,21449.0,3.1418,9630.0
1753769615192,06:13:35.192,bybit,XRP/USDT:USDT,3.1413,6232.0,3.1412,1192.0,3.1414,15838.0,3.1415,27347.0
1753769615291,06:13:35.291,bybit,XRP/USDT:USDT,3.1413,6232.0,3.1412,1192.0,3.1414,15083.0,3.1415,26592.0
1753769615391,06:13:35.391,bybit,XRP/USDT:USDT,3.1413,6232.0,3.1412,1192.0,3.1414,11503.0,3.1415,24192.0
1753769615492,06:13:35.492,bybit,XRP/USDT:USDT,3.1413,6232.0,3.1412,1192.0,3.1414,12258.0,3.1415,24192.0
1753769615691,06:13:35.691,bybit,XRP/USDT:USDT,3.1413,89.0,3.1412,6.0,3.1414,18931.0,3.1415,25626.0
1753769615791,06:13:35.791,bybit,XRP/USDT:USDT,3.1413,77.0,3.1412,6.0,3.1414,18931.0,3.1415,25626.0
1753769615891,06:13:35.891,bybit,XRP/USDT:USDT,3.1413,77.0,3.1412,6.0,3.1414,18931.0,3.1415,25626.0
1753769615991,06:13:35.991,bybit,XRP/USDT:USDT,3.1413,77.0,3.1412,6.0,3.1414,18931.0,3.1415,25626.0
1753769616091,06:13:36.091,bybit,XRP/USDT:USDT,3.1413,77.0,3.1412,6.0,3.1414,18931.0,3.1415,25626.0
1753769616191,06:13:36.191,bybit,XRP/USDT:USDT,3.1413,4314.0,3.1412,1192.0,3.1414,15673.0,3.1415,24192.0
1753769616292,06:13:36.292,bybit,XRP/USDT:USDT,3.1413,4314.0,3.1412,1192.0,3.1414,15673.0,3.1415,24192.0
1753769616390,06:13:36.390,bybit,XRP/USDT:USDT,3.1413,1835.0,3.1412,1192.0,3.1414,15673.0,3.1415,24192.0
1753769616492,06:13:36.492,bybit,XRP/USDT:USDT,3.1413,3863.0,3.1412,1192.0,3.1414,15673.0,3.1415,24192.0
1753769616591,06:13:36.591,bybit,XRP/USDT:USDT,3.1413,3875.0,3.1412,1192.0,3.1414,15673.0,3.1415,24192.0
1753769616691,06:13:36.691,bybit,XRP/USDT:USDT,3.1413,3875.0,3.1412,1192.0,3.1414,15883.0,3.1415,24192.0
1753769616791,06:13:36.791,bybit,XRP/USDT:USDT,3.1413,1847.0,3.1412,1192.0,3.1414,15883.0,3.1415,24192.0
1753769616890,06:13:36.890,bybit,XRP/USDT:USDT,3.1413,1835.0,3.1412,1192.0,3.1414,15883.0,3.1415,24192.0
1753769616991,06:13:36.991,bybit,XRP/USDT:USDT,3.1413,1835.0,3.1412,1192.0,3.1414,15883.0,3.1415,24909.0
1753769617091,06:13:37.091,bybit,XRP/USDT:USDT,3.1413,1847.0,3.1412,1192.0,3.1414,15883.0,3.1415,24909.0
1753769617192,06:13:37.192,bybit,XRP/USDT:USDT,3.1413,77.0,3.1412,22.0,3.1414,15883.0,3.1415,24192.0
1753769617292,06:13:37.292,bybit,XRP/USDT:USDT,3.1413,71.0,3.1412,6.0,3.1414,16657.0,3.1415,25626.0
1753769617392,06:13:37.392,bybit,XRP/USDT:USDT,3.1413,74.0,3.1412,6.0,3.1414,15973.0,3.1415,24192.0
1753769617793,06:13:37.793,bybit,XRP/USDT:USDT,3.1413,2081.0,3.1412,1192.0,3.1414,15857.0,3.1415,20631.0
1753769617891,06:13:37.891,bybit,XRP/USDT:USDT,3.1413,1078.0,3.1412,1192.0,3.1414,16560.0,3.1415,21334.0
1753769617991,06:13:37.991,bybit,XRP/USDT:USDT,3.1413,1066.0,3.1412,22.0,3.1414,16560.0,3.1415,22037.0
1753769618091,06:13:38.091,bybit,XRP/USDT:USDT,3.1413,1066.0,3.1412,22.0,3.1414,16560.0,3.1415,22037.0
1753769618291,06:13:38.291,bybit,XRP/USDT:USDT,3.1413,1066.0,3.1412,22.0,3.1414,16560.0,3.1415,22037.0
1753769618391,06:13:38.391,bybit,XRP/USDT:USDT,3.1413,1063.0,3.1412,22.0,3.1414,16560.0,3.1415,22037.0
1753769618491,06:13:38.491,bybit,XRP/USDT:USDT,3.1413,1063.0,3.1412,22.0,3.1414,15857.0,3.1415,21334.0
1753769618591,06:13:38.591,bybit,XRP/USDT:USDT,3.1413,1066.0,3.1412,22.0,3.1414,15857.0,3.1415,20631.0
1753769618792,06:13:38.792,bybit,XRP/USDT:USDT,3.1413,2836.0,3.1412,4392.0,3.1414,15857.0,3.1415,20631.0
1753769618891,06:13:38.891,bybit,XRP/USDT:USDT,3.1413,2836.0,3.1412,4392.0,3.1414,15857.0,3.1415,20631.0
1753769618991,06:13:38.991,bybit,XRP/USDT:USDT,3.1413,9910.0,3.1412,4392.0,3.1414,14169.0,3.1415,20631.0
1753769619092,06:13:39.092,bybit,XRP/USDT:USDT,3.1413,9910.0,3.1412,4392.0,3.1414,14169.0,3.1415,6901.0
1753769619191,06:13:39.191,bybit,XRP/USDT:USDT,3.1413,9910.0,3.1412,4392.0,3.1414,14169.0,3.1415,6901.0
1753769619291,06:13:39.291,bybit,XRP/USDT:USDT,3.1413,9910.0,3.1412,4392.0,3.1414,14169.0,3.1415,6901.0
1753769619391,06:13:39.391,bybit,XRP/USDT:USDT,3.1413,9910.0,3.1412,4392.0,3.1414,14169.0,3.1415,6901.0
1753769619491,06:13:39.491,bybit,XRP/USDT:USDT,3.1413,9910.0,3.1412,4392.0,3.1414,14169.0,3.1415,6901.0
1753769619591,06:13:39.591,bybit,XRP/USDT:USDT,3.1413,9910.0,3.1412,4392.0,3.1414,14169.0,3.1415,6901.0
1753769619691,06:13:39.691,bybit,XRP/USDT:USDT,3.1413,10268.0,3.1412,4392.0,3.1414,14169.0,3.1415,6901.0
1753769619793,06:13:39.793,bybit,XRP/USDT:USDT,3.1413,3194.0,3.1412,1192.0,3.1414,11379.0,3.1415,6901.0
1753769619891,06:13:39.891,bybit,XRP/USDT:USDT,3.1413,5674.0,3.1412,1192.0,3.1414,15549.0,3.1415,20952.0
1753769619991,06:13:39.991,bybit,XRP/USDT:USDT,3.1413,5994.0,3.1412,2692.0,3.1414,15231.0,3.1415,20952.0
1753769620090,06:13:40.090,bybit,XRP/USDT:USDT,3.1413,6951.0,3.1412,2692.0,3.1414,13851.0,3.1415,4422.0
1753769620291,06:13:40.291,bybit,XRP/USDT:USDT,3.1413,8471.0,3.1412,1192.0,3.1414,13851.0,3.1415,4422.0
1753769620391,06:13:40.391,bybit,XRP/USDT:USDT,3.1413,8471.0,3.1412,1192.0,3.1414,13851.0,3.1415,4422.0
1753769620491,06:13:40.491,bybit,XRP/USDT:USDT,3.1413,10871.0,3.1412,1192.0,3.1414,13851.0,3.1415,4422.0
1753769620591,06:13:40.591,bybit,XRP/USDT:USDT,3.1413,10871.0,3.1412,1192.0,3.1414,13851.0,3.1415,18356.0
1753769620691,06:13:40.691,bybit,XRP/USDT:USDT,3.1413,10871.0,3.1412,1192.0,3.1414,13851.0,3.1415,4422.0
1753769620791,06:13:40.791,bybit,XRP/USDT:USDT,3.1413,10676.0,3.1412,1192.0,3.1414,13851.0,3.1415,4422.0
1753769620891,06:13:40.891,bybit,XRP/USDT:USDT,3.1413,11284.0,3.1412,1208.0,3.1414,5351.0,3.1415,9.0
1753769620991,06:13:40.991,bybit,XRP/USDT:USDT,3.1413,12763.0,3.1412,3592.0,3.1414,5351.0,3.1416,6.0
1753769621091,06:13:41.091,bybit,XRP/USDT:USDT,3.1413,12037.0,3.1412,2870.0,3.1414,5351.0,3.1416,6.0
1753769621190,06:13:41.190,bybit,XRP/USDT:USDT,3.1413,11311.0,3.1412,2144.0,3.1414,5351.0,3.1416,6.0
1753769621292,06:13:41.292,bybit,XRP/USDT:USDT,3.1413,11323.0,3.1412,2144.0,3.1414,5351.0,3.1416,6.0
1753769621391,06:13:41.391,bybit,XRP/USDT:USDT,3.1413,11334.0,3.1412,2144.0,3.1414,5351.0,3.1416,6.0
1753769621491,06:13:41.491,bybit,XRP/USDT:USDT,3.1413,11334.0,3.1412,2144.0,3.1414,5351.0,3.1416,6.0
1753769621591,06:13:41.591,bybit,XRP/USDT:USDT,3.1413,11322.0,3.1412,2144.0,3.1414,5351.0,3.1416,1176.0
1753769621691,06:13:41.691,bybit,XRP/USDT:USDT,3.1413,11322.0,3.1412,2144.0,3.1414,5351.0,3.1416,3800.0
1753769621791,06:13:41.791,bybit,XRP/USDT:USDT,3.1413,11334.0,3.1412,2144.0,3.1414,5403.0,3.1416,1176.0
1753769621891,06:13:41.891,bybit,XRP/USDT:USDT,3.1413,11334.0,3.1412,2144.0,3.1414,5344.0,3.1416,1176.0
1753769621991,06:13:41.991,bybit,XRP/USDT:USDT,3.1413,11334.0,3.1412,2144.0,3.1414,4536.0,3.1416,1176.0
1753769622091,06:13:42.091,bybit,XRP/USDT:USDT,3.1413,11334.0,3.1412,2144.0,3.1414,4536.0,3.1416,1176.0
1753769622191,06:13:42.191,bybit,XRP/USDT:USDT,3.1413,11132.0,3.1412,2144.0,3.1414,4536.0,3.1416,1176.0
1753769622291,06:13:42.291,bybit,XRP/USDT:USDT,3.1413,11132.0,3.1412,2144.0,3.1414,4536.0,3.1416,1176.0
1753769622391,06:13:42.391,bybit,XRP/USDT:USDT,3.1413,5553.0,3.1412,2128.0,3.1414,5916.0,3.1416,4995.0
1753769622791,06:13:42.791,bybit,XRP/USDT:USDT,3.1413,2963.0,3.1412,4158.0,3.1414,14309.0,3.1415,9166.0
1753769622891,06:13:42.891,bybit,XRP/USDT:USDT,3.1413,2963.0,3.1412,4158.0,3.1414,11878.0,3.1415,8462.0
1753769622991,06:13:42.991,bybit,XRP/USDT:USDT,3.1413,6852.0,3.1412,5328.0,3.1414,6058.0,3.1415,8462.0
1753769623091,06:13:43.091,bybit,XRP/USDT:USDT,3.1413,6859.0,3.1412,5328.0,3.1414,4831.0,3.1416,4176.0
1753769623191,06:13:43.191,bybit,XRP/USDT:USDT,3.1413,6975.0,3.1412,5328.0,3.1414,4831.0,3.1416,4176.0
1753769623291,06:13:43.291,bybit,XRP/USDT:USDT,3.1413,7154.0,3.1412,2128.0,3.1414,4827.0,3.1416,4176.0
1753769623391,06:13:43.391,bybit,XRP/USDT:USDT,3.1413,7154.0,3.1412,2128.0,3.1414,4827.0,3.1416,4176.0
1753769623491,06:13:43.491,bybit,XRP/USDT:USDT,3.1413,7154.0,3.1412,2128.0,3.1414,4827.0,3.1416,4176.0
1753769623591,06:13:43.591,bybit,XRP/USDT:USDT,3.1413,7154.0,3.1412,2128.0,3.1414,4827.0,3.1416,4176.0
1753769623691,06:13:43.691,bybit,XRP/USDT:USDT,3.1413,7154.0,3.1412,2128.0,3.1414,4827.0,3.1416,4176.0
1753769623793,06:13:43.793,bybit,XRP/USDT:USDT,3.1413,2605.0,3.1412,2128.0,3.1414,9140.0,3.1415,3686.0
1753769623891,06:13:43.891,bybit,XRP/USDT:USDT,3.1413,1087.0,3.1412,958.0,3.1414,9140.0,3.1415,3000.0
1753769623992,06:13:43.992,bybit,XRP/USDT:USDT,3.1413,1602.0,3.1412,958.0,3.1414,9140.0,3.1415,8018.0
1753769624091,06:13:44.091,bybit,XRP/USDT:USDT,3.1413,1602.0,3.1412,4158.0,3.1414,9137.0,3.1415,8018.0
1753769624191,06:13:44.191,bybit,XRP/USDT:USDT,3.1413,1602.0,3.1412,4158.0,3.1414,9137.0,3.1415,8018.0
1753769624291,06:13:44.291,bybit,XRP/USDT:USDT,3.1413,6650.0,3.1412,5328.0,3.1414,8927.0,3.1415,3000.0
1753769624391,06:13:44.391,bybit,XRP/USDT:USDT,3.1413,7150.0,3.1412,5328.0,3.1414,4757.0,3.1415,3000.0
1753769624491,06:13:44.491,bybit,XRP/USDT:USDT,3.1413,7150.0,3.1412,5328.0,3.1414,4757.0,3.1415,3000.0
1753769624591,06:13:44.591,bybit,XRP/USDT:USDT,3.1413,6974.0,3.1412,5328.0,3.1414,4757.0,3.1415,3000.0
1753769624691,06:13:44.691,bybit,XRP/USDT:USDT,3.1413,8934.0,3.1412,5328.0,3.1414,4757.0,3.1415,3000.0
1753769624791,06:13:44.791,bybit,XRP/USDT:USDT,3.1413,8934.0,3.1412,5328.0,3.1414,4675.0,3.1415,3000.0
1753769624891,06:13:44.891,bybit,XRP/USDT:USDT,3.1413,7634.0,3.1412,5328.0,3.1414,4675.0,3.1415,3000.0
1753769624991,06:13:44.991,bybit,XRP/USDT:USDT,3.1413,7828.0,3.1412,5328.0,3.1414,4675.0,3.1415,3000.0
1753769625092,06:13:45.092,bybit,XRP/USDT:USDT,3.1413,7828.0,3.1412,5328.0,3.1414,4675.0,3.1415,3000.0
1753769625391,06:13:45.391,bybit,XRP/USDT:USDT,3.1413,7828.0,3.1412,5328.0,3.1414,4675.0,3.1415,3000.0
1753769625491,06:13:45.491,bybit,XRP/USDT:USDT,3.1413,7828.0,3.1412,4141.0,3.1414,4697.0,3.1415,3000.0
1753769625691,06:13:45.691,bybit,XRP/USDT:USDT,3.1413,7827.0,3.1412,4141.0,3.1414,4697.0,3.1416,4176.0
1753769625794,06:13:45.794,bybit,XRP/USDT:USDT,3.1413,7827.0,3.1412,4141.0,3.1414,4689.0,3.1416,4176.0
1753769625891,06:13:45.891,bybit,XRP/USDT:USDT,3.1413,7827.0,3.1412,4785.0,3.1414,4689.0,3.1416,4176.0
1753769625991,06:13:45.991,bybit,XRP/USDT:USDT,3.1413,7827.0,3.1412,4785.0,3.1414,4689.0,3.1416,4176.0
1753769626091,06:13:46.091,bybit,XRP/USDT:USDT,3.1413,8487.0,3.1412,5429.0,3.1414,4378.0,3.1416,4176.0
1753769626190,06:13:46.190,bybit,XRP/USDT:USDT,3.1413,7843.0,3.1412,5429.0,3.1414,4378.0,3.1416,4176.0
1753769626291,06:13:46.291,bybit,XRP/USDT:USDT,3.1413,7843.0,3.1412,5429.0,3.1414,4378.0,3.1416,4176.0
1753769626390,06:13:46.390,bybit,XRP/USDT:USDT,3.1413,7831.0,3.1412,4141.0,3.1414,4378.0,3.1416,4176.0
1753769626491,06:13:46.491,bybit,XRP/USDT:USDT,3.1413,7831.0,3.1412,4141.0,3.1414,4378.0,3.1416,4176.0
1753769626591,06:13:46.591,bybit,XRP/USDT:USDT,3.1413,7831.0,3.1412,4141.0,3.1414,4378.0,3.1416,4176.0
1753769626691,06:13:46.691,bybit,XRP/USDT:USDT,3.1413,7831.0,3.1412,4141.0,3.1414,4376.0,3.1415,2000.0
1753769626792,06:13:46.792,bybit,XRP/USDT:USDT,3.1413,7831.0,3.1412,9493.0,3.1414,4495.0,3.1416,4176.0
1753769626891,06:13:46.891,bybit,XRP/USDT:USDT,3.1413,7831.0,3.1412,9493.0,3.1414,4495.0,3.1416,4176.0
1753769626991,06:13:46.991,bybit,XRP/USDT:USDT,3.1413,7831.0,3.1412,9498.0,3.1414,4503.0,3.1416,4176.0
1753769627091,06:13:47.091,bybit,XRP/USDT:USDT,3.1413,7831.0,3.1412,9498.0,3.1414,4503.0,3.1416,4176.0
1753769627192,06:13:47.192,bybit,XRP/USDT:USDT,3.1413,15496.0,3.1412,17961.0,3.1414,416.0,3.1416,8.0
1753769627292,06:13:47.292,bybit,XRP/USDT:USDT,3.1413,15053.0,3.1412,20021.0,3.1414,416.0,3.1416,8.0
1753769627391,06:13:47.391,bybit,XRP/USDT:USDT,3.1413,16042.0,3.1412,20655.0,3.1414,416.0,3.1416,8.0
1753769627492,06:13:47.492,bybit,XRP/USDT:USDT,3.1413,15438.0,3.1412,20021.0,3.1414,416.0,3.1416,8.0
1753769627591,06:13:47.591,bybit,XRP/USDT:USDT,3.1413,16072.0,3.1412,20655.0,3.1414,416.0,3.1416,8.0
1753769627691,06:13:47.691,bybit,XRP/USDT:USDT,3.1413,16075.0,3.1412,20655.0,3.1414,231.0,3.1416,8.0
1753769627794,06:13:47.794,bybit,XRP/USDT:USDT,3.1413,21784.0,3.1412,20655.0,3.1414,179.0,3.1416,8.0
1753769627892,06:13:47.892,bybit,XRP/USDT:USDT,3.1415,39461.0,3.1414,39868.0,3.1416,2.0,3.1417,14234.0
1753769627991,06:13:47.991,bybit,XRP/USDT:USDT,3.1415,40188.0,3.1414,40669.0,3.1416,2.0,3.1417,14234.0
1753769628091,06:13:48.091,bybit,XRP/USDT:USDT,3.1415,40188.0,3.1414,40669.0,3.1416,2.0,3.1417,14234.0
1753769628191,06:13:48.191,bybit,XRP/USDT:USDT,3.1415,34955.0,3.1414,40067.0,3.1416,2.0,3.1417,14234.0
1753769628291,06:13:48.291,bybit,XRP/USDT:USDT,3.1415,35557.0,3.1414,40669.0,3.1416,2.0,3.1417,14234.0
1753769628391,06:13:48.391,bybit,XRP/USDT:USDT,3.1415,35557.0,3.1414,40669.0,3.1416,2.0,3.1417,14234.0
1753769628491,06:13:48.491,bybit,XRP/USDT:USDT,3.1415,35557.0,3.1414,40669.0,3.1416,2.0,3.1417,14234.0
1753769628591,06:13:48.591,bybit,XRP/USDT:USDT,3.1416,24114.0,3.1415,26504.0,3.1417,14232.0,3.1418,8.0
1753769628691,06:13:48.691,bybit,XRP/USDT:USDT,3.1416,24114.0,3.1415,34929.0,3.1417,14232.0,3.1418,8.0
1753769628791,06:13:48.791,bybit,XRP/USDT:USDT,3.1416,24114.0,3.1415,34929.0,3.1417,14232.0,3.1418,8.0
1753769628892,06:13:48.892,bybit,XRP/USDT:USDT,3.1417,16622.0,3.1416,24671.0,3.1418,2.0,3.1419,166.0
1753769628991,06:13:48.991,bybit,XRP/USDT:USDT,3.1417,17327.0,3.1416,24676.0,3.1418,2.0,3.1419,166.0
1753769629091,06:13:49.091,bybit,XRP/USDT:USDT,3.1417,17327.0,3.1416,40662.0,3.1418,2.0,3.1419,166.0
1753769629191,06:13:49.191,bybit,XRP/USDT:USDT,3.1417,17327.0,3.1416,40692.0,3.1418,2.0,3.1419,166.0
1753769629291,06:13:49.291,bybit,XRP/USDT:USDT,3.1417,16709.0,3.1416,40090.0,3.1418,2.0,3.1419,166.0
1753769629391,06:13:49.391,bybit,XRP/USDT:USDT,3.1417,16709.0,3.1416,36890.0,3.1418,2.0,3.1419,166.0
1753769629491,06:13:49.491,bybit,XRP/USDT:USDT,3.1417,16351.0,3.1416,36890.0,3.1418,2.0,3.1419,166.0
1753769629591,06:13:49.591,bybit,XRP/USDT:USDT,3.1416,16.0,3.1415,47.0,3.1417,1444.0,3.1418,22094.0
1753769629793,06:13:49.793,bybit,XRP/USDT:USDT,3.1414,8.0,3.1413,1278.0,3.1415,46198.0,3.1416,49800.0
1753769629891,06:13:49.891,bybit,XRP/USDT:USDT,3.1414,8.0,3.1413,1278.0,3.1415,34769.0,3.1416,49784.0
1753769629991,06:13:49.991,bybit,XRP/USDT:USDT,3.1414,8238.0,3.1413,1274.0,3.1415,21921.0,3.1416,37199.0
1753769630091,06:13:50.091,bybit,XRP/USDT:USDT,3.1414,8241.0,3.1413,1290.0,3.1415,15057.0,3.1416,37199.0
1753769630191,06:13:50.191,bybit,XRP/USDT:USDT,3.1414,8241.0,3.1413,1290.0,3.1415,11814.0,3.1416,35186.0
1753769630291,06:13:50.291,bybit,XRP/USDT:USDT,3.1414,8241.0,3.1413,1290.0,3.1415,11567.0,3.1416,35186.0
1753769630391,06:13:50.391,bybit,XRP/USDT:USDT,3.1414,8241.0,3.1413,1293.0,3.1415,11567.0,3.1416,35186.0
1753769630491,06:13:50.491,bybit,XRP/USDT:USDT,3.1414,11293.0,3.1413,1293.0,3.1415,10689.0,3.1416,783.0
1753769630591,06:13:50.591,bybit,XRP/USDT:USDT,3.1414,11293.0,3.1413,1293.0,3.1415,10689.0,3.1416,1953.0
1753769630692,06:13:50.692,bybit,XRP/USDT:USDT,3.1417,7038.0,3.1416,16190.0,3.1418,12576.0,3.1419,6826.0
1753769630792,06:13:50.792,bybit,XRP/USDT:USDT,3.1417,2229.0,3.1416,8924.0,3.1418,13746.0,3.1419,19635.0
1753769630892,06:13:50.892,bybit,XRP/USDT:USDT,3.1417,2229.0,3.1416,7.0,3.1418,13761.0,3.1419,23617.0
1753769630991,06:13:50.991,bybit,XRP/USDT:USDT,3.1417,9704.0,3.1416,7.0,3.1418,13761.0,3.1419,23031.0
1753769631092,06:13:51.092,bybit,XRP/USDT:USDT,3.1417,9704.0,3.1416,7.0,3.1418,14665.0,3.1419,24602.0
1753769631191,06:13:51.191,bybit,XRP/USDT:USDT,3.1417,10505.0,3.1416,7.0,3.1418,14665.0,3.1419,24618.0
1753769631291,06:13:51.291,bybit,XRP/USDT:USDT,3.1417,10511.0,3.1416,7.0,3.1418,14665.0,3.1419,24618.0
1753769631390,06:13:51.390,bybit,XRP/USDT:USDT,3.1417,10511.0,3.1416,7.0,3.1418,14633.0,3.1419,24602.0
1753769631492,06:13:51.492,bybit,XRP/USDT:USDT,3.1417,9763.0,3.1416,4.0,3.1418,15158.0,3.1419,25207.0
1753769631590,06:13:51.590,bybit,XRP/USDT:USDT,3.1417,10308.0,3.1416,4.0,3.1418,15158.0,3.1419,24602.0
1753769631691,06:13:51.691,bybit,XRP/USDT:USDT,3.1417,9773.0,3.1416,4.0,3.1418,14103.0,3.1419,24602.0
1753769631793,06:13:51.793,bybit,XRP/USDT:USDT,3.1417,9773.0,3.1416,4.0,3.1418,13762.0,3.1419,24602.0
1753769631891,06:13:51.891,bybit,XRP/USDT:USDT,3.1417,10528.0,3.1416,4.0,3.1418,13762.0,3.1419,24602.0
1753769631991,06:13:51.991,bybit,XRP/USDT:USDT,3.1417,9779.0,3.1416,4.0,3.1418,13705.0,3.1419,24602.0
1753769632091,06:13:52.091,bybit,XRP/USDT:USDT,3.1417,10682.0,3.1416,4.0,3.1418,13705.0,3.1419,24602.0
1753769632191,06:13:52.191,bybit,XRP/USDT:USDT,3.1417,10131.0,3.1416,4.0,3.1418,13705.0,3.1419,24602.0
1753769632292,06:13:52.292,bybit,XRP/USDT:USDT,3.1417,10131.0,3.1416,4.0,3.1418,14191.0,3.1419,25180.0
1753769632392,06:13:52.392,bybit,XRP/USDT:USDT,3.1417,9773.0,3.1416,4.0,3.1418,16048.0,3.1419,25196.0
1753769632492,06:13:52.492,bybit,XRP/USDT:USDT,3.1414,18.0,3.1413,2109.0,3.1415,1669.0,3.1416,43531.0
1753769632593,06:13:52.593,bybit,XRP/USDT:USDT,3.1412,2.0,3.1411,108.0,3.1413,22341.0,3.1414,64807.0
1753769632691,06:13:52.691,bybit,XRP/USDT:USDT,3.1412,153.0,3.1411,108.0,3.1413,21482.0,3.1414,64807.0
1753769633091,06:13:53.091,bybit,XRP/USDT:USDT,3.1412,20029.0,3.1411,2855.0,3.1413,158.0,3.1414,9317.0
1753769633191,06:13:53.191,bybit,XRP/USDT:USDT,3.1412,21275.0,3.1411,4095.0,3.1413,145.0,3.1414,9317.0
1753769633291,06:13:53.291,bybit,XRP/USDT:USDT,3.1412,21275.0,3.1411,4095.0,3.1413,145.0,3.1414,8562.0
1753769633391,06:13:53.391,bybit,XRP/USDT:USDT,3.1412,17771.0,3.1411,3646.0,3.1413,4165.0,3.1414,8562.0
1753769633491,06:13:53.491,bybit,XRP/USDT:USDT,3.1412,17801.0,3.1411,3646.0,3.1413,2636.0,3.1414,8562.0
1753769633591,06:13:53.591,bybit,XRP/USDT:USDT,3.1412,17801.0,3.1411,3646.0,3.1413,2833.0,3.1414,8562.0
1753769633691,06:13:53.691,bybit,XRP/USDT:USDT,3.1412,18159.0,3.1411,3646.0,3.1413,2833.0,3.1414,8562.0
1753769633793,06:13:53.793,bybit,XRP/USDT:USDT,3.1412,18159.0,3.1411,3646.0,3.1413,2833.0,3.1414,8562.0
1753769633891,06:13:53.891,bybit,XRP/USDT:USDT,3.1412,15656.0,3.1411,3630.0,3.1413,5179.0,3.1414,8562.0
1753769633992,06:13:53.992,bybit,XRP/USDT:USDT,3.1412,10034.0,3.1411,3630.0,3.1413,6944.0,3.1414,8562.0
1753769634091,06:13:54.091,bybit,XRP/USDT:USDT,3.1412,947.0,3.1411,2420.0,3.1413,10121.0,3.1414,27237.0
1753769634191,06:13:54.191,bybit,XRP/USDT:USDT,3.1412,947.0,3.1411,1833.0,3.1413,10121.0,3.1414,27237.0
1753769634291,06:13:54.291,bybit,XRP/USDT:USDT,3.1412,947.0,3.1411,1833.0,3.1413,7121.0,3.1414,27221.0
1753769634391,06:13:54.391,bybit,XRP/USDT:USDT,3.1412,947.0,3.1411,1833.0,3.1413,7121.0,3.1414,27221.0
1753769634492,06:13:54.492,bybit,XRP/USDT:USDT,3.1412,947.0,3.1411,1833.0,3.1413,7121.0,3.1414,27221.0
1753769634593,06:13:54.593,bybit,XRP/USDT:USDT,3.1412,2717.0,3.1411,4533.0,3.1413,7271.0,3.1414,27237.0
1753769634691,06:13:54.691,bybit,XRP/USDT:USDT,3.1412,2717.0,3.1411,4533.0,3.1413,7449.0,3.1414,27221.0
1753769634791,06:13:54.791,bybit,XRP/USDT:USDT,3.1412,2717.0,3.1411,4533.0,3.1413,7433.0,3.1414,27237.0
1753769634891,06:13:54.891,bybit,XRP/USDT:USDT,3.1412,5261.0,3.1411,5131.0,3.1413,5853.0,3.1414,11562.0
1753769634990,06:13:54.990,bybit,XRP/USDT:USDT,3.1412,7003.0,3.1411,5719.0,3.1413,5316.0,3.1414,8562.0
1753769635091,06:13:55.091,bybit,XRP/USDT:USDT,3.1412,6491.0,3.1411,5121.0,3.1413,6071.0,3.1414,8562.0
1753769635191,06:13:55.191,bybit,XRP/USDT:USDT,3.1412,5905.0,3.1411,5121.0,3.1413,2837.0,3.1414,8562.0
1753769635391,06:13:55.391,bybit,XRP/USDT:USDT,3.1412,10727.0,3.1411,5121.0,3.1413,162.0,3.1415,7324.0
1753769635491,06:13:55.491,bybit,XRP/USDT:USDT,3.1412,10139.0,3.1411,4533.0,3.1413,162.0,3.1415,7324.0
1753769635591,06:13:55.591,bybit,XRP/USDT:USDT,3.1412,10497.0,3.1411,5121.0,3.1413,1962.0,3.1414,3200.0
1753769635691,06:13:55.691,bybit,XRP/USDT:USDT,3.1412,11085.0,3.1411,5121.0,3.1413,1962.0,3.1414,3200.0
1753769635793,06:13:55.793,bybit,XRP/USDT:USDT,3.1412,11085.0,3.1411,5121.0,3.1413,1962.0,3.1414,3200.0
1753769635890,06:13:55.890,bybit,XRP/USDT:USDT,3.1412,11085.0,3.1411,5121.0,3.1413,162.0,3.1414,3200.0
1753769635991,06:13:55.991,bybit,XRP/USDT:USDT,3.1412,10497.0,3.1411,4533.0,3.1413,162.0,3.1414,3200.0
1753769636091,06:13:56.091,bybit,XRP/USDT:USDT,3.1412,10497.0,3.1411,4533.0,3.1413,162.0,3.1416,38287.0
1753769636191,06:13:56.191,bybit,XRP/USDT:USDT,3.1412,17879.0,3.1411,6556.0,3.1413,6.0,3.1414,156.0
1753769636291,06:13:56.291,bybit,XRP/USDT:USDT,3.1415,36272.0,3.1414,2348.0,3.1416,16637.0,3.1417,2.0
1753769636691,06:13:56.691,bybit,XRP/USDT:USDT,3.1415,32928.0,3.1414,22557.0,3.1416,5491.0,3.1417,2.0
1753769636891,06:13:56.891,bybit,XRP/USDT:USDT,3.1415,34148.0,3.1414,23129.0,3.1416,5446.0,3.1417,2.0
1753769636991,06:13:56.991,bybit,XRP/USDT:USDT,3.1415,34635.0,3.1414,23129.0,3.1416,5443.0,3.1417,2.0
1753769637092,06:13:57.092,bybit,XRP/USDT:USDT,3.1415,34635.0,3.1414,23129.0,3.1416,5443.0,3.1417,2.0
1753769637191,06:13:57.191,bybit,XRP/USDT:USDT,3.1415,34719.0,3.1414,23129.0,3.1416,5443.0,3.1417,2.0
1753769637291,06:13:57.291,bybit,XRP/USDT:USDT,3.1415,35574.0,3.1414,23129.0,3.1416,5443.0,3.1417,2.0
1753769637491,06:13:57.491,bybit,XRP/USDT:USDT,3.1415,36113.0,3.1414,23135.0,3.1416,5443.0,3.1417,2.0
1753769637592,06:13:57.592,bybit,XRP/USDT:USDT,3.1415,36113.0,3.1414,23135.0,3.1416,5443.0,3.1417,2.0
1753769637691,06:13:57.691,bybit,XRP/USDT:USDT,3.1415,36113.0,3.1414,23135.0,3.1416,5443.0,3.1417,2.0
1753769637792,06:13:57.792,bybit,XRP/USDT:USDT,3.1415,36127.0,3.1414,23165.0,3.1416,5443.0,3.1417,2.0
1753769637891,06:13:57.891,bybit,XRP/USDT:USDT,3.1415,36113.0,3.1414,23165.0,3.1416,5443.0,3.1417,2.0
1753769637991,06:13:57.991,bybit,XRP/USDT:USDT,3.1415,36113.0,3.1414,23165.0,3.1416,5443.0,3.1417,2.0
1753769638091,06:13:58.091,bybit,XRP/USDT:USDT,3.1415,41192.0,3.1414,23165.0,3.1416,5443.0,3.1417,2.0
1753769638191,06:13:58.191,bybit,XRP/USDT:USDT,3.1415,41204.0,3.1414,23165.0,3.1416,5443.0,3.1417,2.0
1753769638291,06:13:58.291,bybit,XRP/USDT:USDT,3.1415,41204.0,3.1414,23165.0,3.1416,5443.0,3.1417,2.0
1753769638391,06:13:58.391,bybit,XRP/USDT:USDT,3.1415,41231.0,3.1414,23165.0,3.1416,5443.0,3.1417,2.0
1753769638491,06:13:58.491,bybit,XRP/USDT:USDT,3.1415,41217.0,3.1414,23165.0,3.1416,5443.0,3.1417,2.0
1753769638591,06:13:58.591,bybit,XRP/USDT:USDT,3.1415,41195.0,3.1414,23165.0,3.1416,5443.0,3.1417,2.0
1753769638691,06:13:58.691,bybit,XRP/USDT:USDT,3.1415,41293.0,3.1414,23165.0,3.1416,5401.0,3.1417,2.0
1753769638793,06:13:58.793,bybit,XRP/USDT:USDT,3.142,3156.0,3.1419,9977.0,3.1421,21888.0,3.1422,30892.0
1753769638892,06:13:58.892,bybit,XRP/USDT:USDT,3.142,17771.0,3.1419,48698.0,3.1421,3077.0,3.1422,1172.0
1753769638991,06:13:58.991,bybit,XRP/USDT:USDT,3.142,21529.0,3.1419,44791.0,3.1421,2467.0,3.1422,1172.0
1753769639091,06:13:59.091,bybit,XRP/USDT:USDT,3.142,19344.0,3.1419,41110.0,3.1421,2467.0,3.1422,1172.0
1753769639191,06:13:59.191,bybit,XRP/USDT:USDT,3.142,19701.0,3.1419,41110.0,3.1421,2467.0,3.1422,1172.0
1753769639291,06:13:59.291,bybit,XRP/USDT:USDT,3.142,19701.0,3.1419,34510.0,3.1421,2467.0,3.1422,1172.0
1753769639491,06:13:59.491,bybit,XRP/USDT:USDT,3.142,17034.0,3.1419,37901.0,3.1421,2242.0,3.1422,4172.0
1753769639590,06:13:59.590,bybit,XRP/USDT:USDT,3.142,17034.0,3.1419,37901.0,3.1421,2242.0,3.1422,4172.0
1753769639691,06:13:59.691,bybit,XRP/USDT:USDT,3.142,12405.0,3.1419,34223.0,3.1421,5242.0,3.1422,4172.0
1753769639793,06:13:59.793,bybit,XRP/USDT:USDT,3.142,2843.0,3.1419,18467.0,3.1421,11552.0,3.1422,10445.0
1753769639891,06:13:59.891,bybit,XRP/USDT:USDT,3.142,2843.0,3.1419,18149.0,3.1421,11552.0,3.1422,10445.0
1753769639991,06:13:59.991,bybit,XRP/USDT:USDT,3.142,2843.0,3.1419,18149.0,3.1421,11552.0,3.1422,10445.0
1753769640091,06:14:00.091,bybit,XRP/USDT:USDT,3.142,61.0,3.1419,3646.0,3.1421,23233.0,3.1422,16972.0
1753769640191,06:14:00.191,bybit,XRP/USDT:USDT,3.142,196.0,3.1419,3646.0,3.1421,28193.0,3.1422,10445.0
1753769640292,06:14:00.292,bybit,XRP/USDT:USDT,3.142,975.0,3.1419,3646.0,3.1421,28193.0,3.1422,6630.0
1753769640391,06:14:00.391,bybit,XRP/USDT:USDT,3.142,262.0,3.1419,3646.0,3.1421,28193.0,3.1422,6630.0
1753769640491,06:14:00.491,bybit,XRP/USDT:USDT,3.142,262.0,3.1419,3646.0,3.1421,28148.0,3.1422,6630.0
1753769640591,06:14:00.591,bybit,XRP/USDT:USDT,3.142,262.0,3.1419,3646.0,3.1421,28148.0,3.1422,6630.0
1753769640791,06:14:00.791,bybit,XRP/USDT:USDT,3.142,1078.0,3.1419,3646.0,3.1421,28148.0,3.1422,6630.0
1753769640892,06:14:00.892,bybit,XRP/USDT:USDT,3.142,11869.0,3.1419,7080.0,3.1421,18329.0,3.1422,4172.0
1753769641291,06:14:01.291,bybit,XRP/USDT:USDT,3.142,15968.0,3.1419,7427.0,3.1421,17620.0,3.1422,2.0
1753769641391,06:14:01.391,bybit,XRP/USDT:USDT,3.142,15968.0,3.1419,7427.0,3.1421,17620.0,3.1422,2.0
1753769641491,06:14:01.491,bybit,XRP/USDT:USDT,3.142,18968.0,3.1419,9772.0,3.1421,17620.0,3.1422,2.0
1753769641591,06:14:01.591,bybit,XRP/USDT:USDT,3.142,18968.0,3.1419,9772.0,3.1421,17620.0,3.1422,2.0
1753769641691,06:14:01.691,bybit,XRP/USDT:USDT,3.142,18968.0,3.1419,9772.0,3.1421,17620.0,3.1422,2.0
1753769641792,06:14:01.792,bybit,XRP/USDT:USDT,3.142,18978.0,3.1419,6373.0,3.1421,17620.0,3.1422,2.0
1753769641890,06:14:01.890,bybit,XRP/USDT:USDT,3.142,18978.0,3.1419,6373.0,3.1421,17620.0,3.1422,2.0
1753769641991,06:14:01.991,bybit,XRP/USDT:USDT,3.142,15661.0,3.1419,6373.0,3.1421,17620.0,3.1422,1172.0
1753769642092,06:14:02.092,bybit,XRP/USDT:USDT,3.142,1107.0,3.1419,4012.0,3.1421,21375.0,3.1422,7236.0
1753769642191,06:14:02.191,bybit,XRP/USDT:USDT,3.142,1144.0,3.1419,3996.0,3.1421,21334.0,3.1422,9722.0
1753769642291,06:14:02.291,bybit,XRP/USDT:USDT,3.142,1150.0,3.1419,3996.0,3.1421,21334.0,3.1422,9722.0
1753769642391,06:14:02.391,bybit,XRP/USDT:USDT,3.142,1015.0,3.1419,3996.0,3.1421,18334.0,3.1422,7236.0
1753769642491,06:14:02.491,bybit,XRP/USDT:USDT,3.142,5811.0,3.1419,4012.0,3.1421,17549.0,3.1422,7236.0
1753769642591,06:14:02.591,bybit,XRP/USDT:USDT,3.142,5811.0,3.1419,4012.0,3.1421,18244.0,3.1422,4172.0
1753769642691,06:14:02.691,bybit,XRP/USDT:USDT,3.142,5811.0,3.1419,4012.0,3.1421,17549.0,3.1422,4172.0
1753769642791,06:14:02.791,bybit,XRP/USDT:USDT,3.142,6981.0,3.1419,4012.0,3.1421,17549.0,3.1422,4172.0
1753769642891,06:14:02.891,bybit,XRP/USDT:USDT,3.142,5811.0,3.1419,4012.0,3.1421,18244.0,3.1422,4172.0
1753769642991,06:14:02.991,bybit,XRP/USDT:USDT,3.142,3606.0,3.1419,4012.0,3.1421,20549.0,3.1422,9136.0
1753769643091,06:14:03.091,bybit,XRP/USDT:USDT,3.142,3606.0,3.1419,4012.0,3.1421,20549.0,3.1422,9136.0
1753769643291,06:14:03.291,bybit,XRP/USDT:USDT,3.142,348.0,3.1419,21.0,3.1421,21244.0,3.1422,14302.0
1753769643491,06:14:03.491,bybit,XRP/USDT:USDT,3.142,4327.0,3.1419,21.0,3.1421,18244.0,3.1422,7586.0
1753769643591,06:14:03.591,bybit,XRP/USDT:USDT,3.142,6254.0,3.1419,21.0,3.1421,17549.0,3.1422,7586.0
1753769643691,06:14:03.691,bybit,XRP/USDT:USDT,3.142,348.0,3.1419,21.0,3.1421,21304.0,3.1422,7586.0
1753769643791,06:14:03.791,bybit,XRP/USDT:USDT,3.142,1127.0,3.1419,21.0,3.1421,21304.0,3.1422,7586.0
1753769643891,06:14:03.891,bybit,XRP/USDT:USDT,3.142,1127.0,3.1419,21.0,3.1421,21304.0,3.1422,7586.0
1753769643990,06:14:03.990,bybit,XRP/USDT:USDT,3.142,1103.0,3.1419,21.0,3.1421,21304.0,3.1422,7586.0
1753769644091,06:14:04.091,bybit,XRP/USDT:USDT,3.142,1103.0,3.1419,21.0,3.1421,21304.0,3.1422,7586.0
1753769644191,06:14:04.191,bybit,XRP/USDT:USDT,3.142,1103.0,3.1419,21.0,3.1421,21304.0,3.1422,7586.0
1753769644291,06:14:04.291,bybit,XRP/USDT:USDT,3.142,3803.0,3.1419,21.0,3.1421,21292.0,3.1422,7586.0
1753769644391,06:14:04.391,bybit,XRP/USDT:USDT,3.142,3803.0,3.1419,21.0,3.1421,21292.0,3.1422,7586.0
1753769644491,06:14:04.491,bybit,XRP/USDT:USDT,3.142,3803.0,3.1419,21.0,3.1421,21292.0,3.1422,7586.0
1753769644591,06:14:04.591,bybit,XRP/USDT:USDT,3.142,3803.0,3.1419,21.0,3.1421,21292.0,3.1422,7586.0
1753769644690,06:14:04.690,bybit,XRP/USDT:USDT,3.142,3795.0,3.1419,21.0,3.1421,21292.0,3.1422,7586.0
1753769644791,06:14:04.791,bybit,XRP/USDT:USDT,3.142,3795.0,3.1419,21.0,3.1421,21292.0,3.1422,7586.0
1753769644891,06:14:04.891,bybit,XRP/USDT:USDT,3.142,3795.0,3.1419,21.0,3.1421,20537.0,3.1422,7586.0
1753769644991,06:14:04.991,bybit,XRP/USDT:USDT,3.142,3795.0,3.1419,21.0,3.1421,21232.0,3.1422,7586.0
1753769645094,06:14:05.094,bybit,XRP/USDT:USDT,3.142,3795.0,3.1419,21.0,3.1421,21232.0,3.1422,7586.0
1753769645191,06:14:05.191,bybit,XRP/USDT:USDT,3.142,4295.0,3.1419,21.0,3.1421,21137.0,3.1422,7586.0
1753769645292,06:14:05.292,bybit,XRP/USDT:USDT,3.142,3795.0,3.1419,21.0,3.1421,21137.0,3.1422,7586.0
1753769645391,06:14:05.391,bybit,XRP/USDT:USDT,3.142,3795.0,3.1419,21.0,3.1421,21137.0,3.1422,7586.0
