timestamp,time,exchange,symbol,bid1_price,bid1_volume,bid2_price,bid2_volume,ask1_price,ask1_volume,ask2_price,ask2_volume
1753769553703,06:12:33.703,okx,SOL/USDT:USDT,184.76,1569.55,184.75,1376.91,184.77,0.97,184.78,9.41
1753769554203,06:12:34.203,okx,SOL/USDT:USDT,184.77,1144.62,184.76,1222.18,184.78,153.96,184.79,131.5
1753769554303,06:12:34.303,okx,SOL/USDT:USDT,184.77,1191.96,184.76,1230.18,184.78,153.96,184.79,131.5
1753769554603,06:12:34.603,okx,SOL/USDT:USDT,184.77,1192.37,184.76,1257.5,184.78,99.55,184.79,104.02
1753769554803,06:12:34.803,okx,SOL/USDT:USDT,184.77,1192.37,184.76,1241.73,184.78,155.28,184.79,104.15
1753769555003,06:12:35.003,okx,SOL/USDT:USDT,184.77,883.88,184.76,1114.75,184.78,249.47,184.79,104.15
1753769555103,06:12:35.103,okx,SOL/USDT:USDT,184.77,456.74,184.76,1114.75,184.78,404.66,184.79,109.31
1753769555203,06:12:35.203,okx,SOL/USDT:USDT,184.77,456.74,184.76,1056.82,184.78,588.66,184.79,109.32
1753769555303,06:12:35.303,okx,SOL/USDT:USDT,184.77,456.13,184.76,1066.25,184.78,596.85,184.79,99.58
1753769555403,06:12:35.403,okx,SOL/USDT:USDT,184.77,363.93,184.76,1066.25,184.78,596.87,184.79,99.58
1753769555503,06:12:35.503,okx,SOL/USDT:USDT,184.77,15.27,184.76,701.26,184.78,603.95,184.79,208.76
1753769555603,06:12:35.603,okx,SOL/USDT:USDT,184.77,13.27,184.76,436.14,184.78,603.98,184.79,208.76
1753769556003,06:12:36.003,okx,SOL/USDT:USDT,184.77,143.78,184.76,638.98,184.78,597.75,184.79,200.5
1753769556203,06:12:36.203,okx,SOL/USDT:USDT,184.77,327.78,184.76,638.98,184.78,597.26,184.79,200.5
1753769556303,06:12:36.303,okx,SOL/USDT:USDT,184.77,143.78,184.76,633.86,184.78,598.07,184.79,200.5
1753769558003,06:12:38.003,okx,SOL/USDT:USDT,184.76,603.68,184.75,796.76,184.77,471.42,184.78,374.32
1753769558203,06:12:38.203,okx,SOL/USDT:USDT,184.76,583.39,184.75,802.07,184.77,533.48,184.78,374.32
1753769558303,06:12:38.303,okx,SOL/USDT:USDT,184.76,399.39,184.75,802.07,184.77,472.6,184.78,374.32
1753769558503,06:12:38.503,okx,SOL/USDT:USDT,184.76,399.45,184.75,802.05,184.77,473.87,184.78,374.32
1753769558603,06:12:38.603,okx,SOL/USDT:USDT,184.76,399.45,184.75,802.05,184.77,473.97,184.78,374.32
1753769558703,06:12:38.703,okx,SOL/USDT:USDT,184.76,399.45,184.75,802.05,184.77,473.18,184.78,374.32
1753769558803,06:12:38.803,okx,SOL/USDT:USDT,184.76,399.45,184.75,802.05,184.77,351.99,184.78,374.32
1753769559003,06:12:39.003,okx,SOL/USDT:USDT,184.76,494.52,184.75,802.05,184.77,267.2,184.78,362.32
1753769559103,06:12:39.103,okx,SOL/USDT:USDT,184.76,678.52,184.75,802.05,184.77,205.95,184.78,362.32
1753769559203,06:12:39.203,okx,SOL/USDT:USDT,184.76,662.59,184.75,802.07,184.77,205.99,184.78,362.32
1753769559403,06:12:39.403,okx,SOL/USDT:USDT,184.76,299.44,184.75,785.32,184.77,456.26,184.78,362.32
1753769560472,06:12:40.472,okx,SOL/USDT:USDT,184.76,683.39,184.75,788.85,184.77,106.51,184.78,256.82
1753769560803,06:12:40.803,okx,SOL/USDT:USDT,184.77,1490.7,184.76,823.43,184.78,55.95,184.79,151.66
1753769561103,06:12:41.103,okx,SOL/USDT:USDT,184.78,751.1,184.77,798.01,184.79,581.88,184.8,209.01
1753769561203,06:12:41.203,okx,SOL/USDT:USDT,184.78,402.67,184.77,748.01,184.79,682.69,184.8,309.02
1753769561303,06:12:41.303,okx,SOL/USDT:USDT,184.78,202.57,184.77,516.44,184.79,682.7,184.8,390.41
1753769561403,06:12:41.403,okx,SOL/USDT:USDT,184.78,244.47,184.77,516.44,184.79,682.7,184.8,390.01
1753769561503,06:12:41.503,okx,SOL/USDT:USDT,184.78,244.47,184.77,516.44,184.79,681.89,184.8,390.01
1753769561803,06:12:41.803,okx,SOL/USDT:USDT,184.78,428.83,184.77,516.44,184.79,435.37,184.8,384.72
1753769561903,06:12:41.903,okx,SOL/USDT:USDT,184.78,435.64,184.77,516.44,184.79,515.04,184.8,384.72
1753769562003,06:12:42.003,okx,SOL/USDT:USDT,184.78,435.63,184.77,516.44,184.79,421.04,184.8,384.72
1753769562203,06:12:42.203,okx,SOL/USDT:USDT,184.78,445.28,184.77,506.01,184.79,351.71,184.8,384.72
1753769562303,06:12:42.303,okx,SOL/USDT:USDT,184.78,444.99,184.77,506.01,184.79,352.48,184.8,384.72
1753769562403,06:12:42.403,okx,SOL/USDT:USDT,184.78,445.11,184.77,506.01,184.79,352.48,184.8,384.72
1753769562503,06:12:42.503,okx,SOL/USDT:USDT,184.78,445.11,184.77,506.01,184.79,351.65,184.8,384.72
1753769562703,06:12:42.703,okx,SOL/USDT:USDT,184.78,445.11,184.77,506.01,184.79,354.62,184.8,389.04
1753769562903,06:12:42.903,okx,SOL/USDT:USDT,184.78,439.01,184.77,506.01,184.79,354.55,184.8,389.22
1753769563003,06:12:43.003,okx,SOL/USDT:USDT,184.78,439.01,184.77,506.01,184.79,353.82,184.8,389.22
1753769563103,06:12:43.103,okx,SOL/USDT:USDT,184.78,439.01,184.77,506.01,184.79,353.82,184.8,389.22
1753769563203,06:12:43.203,okx,SOL/USDT:USDT,184.78,439.03,184.77,506.01,184.79,354.42,184.8,389.6
1753769563303,06:12:43.303,okx,SOL/USDT:USDT,184.78,439.03,184.77,506.01,184.79,356.59,184.8,389.6
1753769563503,06:12:43.503,okx,SOL/USDT:USDT,184.78,256.2,184.77,506.01,184.79,357.61,184.8,389.6
1753769563603,06:12:43.603,okx,SOL/USDT:USDT,184.78,256.45,184.77,506.01,184.79,357.61,184.8,389.6
1753769563803,06:12:43.803,okx,SOL/USDT:USDT,184.78,256.45,184.77,506.01,184.79,356.8,184.8,389.6
1753769563903,06:12:43.903,okx,SOL/USDT:USDT,184.78,257.32,184.77,506.01,184.79,357.61,184.8,389.6
1753769564003,06:12:44.003,okx,SOL/USDT:USDT,184.78,257.34,184.77,506.01,184.79,357.61,184.8,389.44
1753769564103,06:12:44.103,okx,SOL/USDT:USDT,184.78,441.34,184.77,506.01,184.79,357.62,184.8,389.44
1753769564303,06:12:44.303,okx,SOL/USDT:USDT,184.78,441.4,184.77,506.01,184.79,354.64,184.8,387.28
1753769564603,06:12:44.603,okx,SOL/USDT:USDT,184.78,459.8,184.77,520.98,184.79,347.73,184.8,385.12
1753769564703,06:12:44.703,okx,SOL/USDT:USDT,184.78,449.19,184.77,506.01,184.79,342.14,184.8,385.12
1753769564803,06:12:44.803,okx,SOL/USDT:USDT,184.78,449.2,184.77,510.35,184.79,342.14,184.8,385.12
1753769564903,06:12:44.903,okx,SOL/USDT:USDT,184.78,449.25,184.77,510.35,184.79,328.52,184.8,385.12
1753769565303,06:12:45.303,okx,SOL/USDT:USDT,184.78,546.96,184.77,608.37,184.79,316.83,184.8,231.81
1753769565403,06:12:45.403,okx,SOL/USDT:USDT,184.78,561.86,184.77,623.27,184.79,300.38,184.8,231.81
1753769565703,06:12:45.703,okx,SOL/USDT:USDT,184.78,561.93,184.77,623.27,184.79,274.78,184.8,240.91
1753769565903,06:12:45.903,okx,SOL/USDT:USDT,184.78,595.33,184.77,623.27,184.79,146.64,184.8,233.15
1753769566003,06:12:46.003,okx,SOL/USDT:USDT,184.78,633.07,184.77,623.27,184.79,148.16,184.8,233.15
1753769566103,06:12:46.103,okx,SOL/USDT:USDT,184.78,653.37,184.77,623.27,184.79,148.16,184.8,233.15
1753769566203,06:12:46.203,okx,SOL/USDT:USDT,184.78,653.39,184.77,623.27,184.79,148.16,184.8,233.15
1753769566303,06:12:46.303,okx,SOL/USDT:USDT,184.78,653.4,184.77,623.27,184.79,148.16,184.8,233.15
1753769566403,06:12:46.403,okx,SOL/USDT:USDT,184.78,653.47,184.77,623.27,184.79,96.08,184.8,236.73
1753769566503,06:12:46.503,okx,SOL/USDT:USDT,184.78,642.85,184.77,623.27,184.79,96.08,184.8,236.73
1753769566603,06:12:46.603,okx,SOL/USDT:USDT,184.78,638.56,184.77,612.66,184.79,151.52,184.8,236.63
1753769566803,06:12:46.803,okx,SOL/USDT:USDT,184.78,638.31,184.77,618.98,184.79,151.52,184.8,245.18
1753769566903,06:12:46.903,okx,SOL/USDT:USDT,184.78,649.25,184.77,623.37,184.79,179.06,184.8,245.18
1753769567003,06:12:47.003,okx,SOL/USDT:USDT,184.78,596.7,184.77,619.08,184.79,377.84,184.8,245.18
1753769567203,06:12:47.203,okx,SOL/USDT:USDT,184.78,622.66,184.77,623.37,184.79,166.3,184.8,245.18
1753769567403,06:12:47.403,okx,SOL/USDT:USDT,184.78,685.48,184.77,885.83,184.79,9.22,184.8,20.5
1753769567503,06:12:47.503,okx,SOL/USDT:USDT,184.78,685.49,184.77,885.83,184.79,9.44,184.8,20.5
1753769567603,06:12:47.603,okx,SOL/USDT:USDT,184.78,688.21,184.77,885.83,184.79,9.44,184.8,20.5
1753769567703,06:12:47.703,okx,SOL/USDT:USDT,184.78,688.22,184.77,723.47,184.79,9.44,184.8,20.5
1753769567803,06:12:47.803,okx,SOL/USDT:USDT,184.78,688.23,184.77,723.47,184.79,9.44,184.8,20.5
1753769568003,06:12:48.003,okx,SOL/USDT:USDT,184.78,688.26,184.77,626.07,184.79,9.44,184.8,204.5
1753769568403,06:12:48.403,okx,SOL/USDT:USDT,184.78,686.13,184.77,626.89,184.79,94.62,184.8,199.02
1753769568603,06:12:48.603,okx,SOL/USDT:USDT,184.78,690.41,184.77,626.89,184.79,9.35,184.8,15.02
1753769568703,06:12:48.703,okx,SOL/USDT:USDT,184.78,690.41,184.77,789.25,184.79,9.35,184.8,15.02
1753769568803,06:12:48.803,okx,SOL/USDT:USDT,184.78,690.42,184.77,789.25,184.79,9.35,184.8,15.02
1753769569403,06:12:49.403,okx,SOL/USDT:USDT,184.79,1515.67,184.78,653.33,184.8,4.21,184.81,102.64
1753769569503,06:12:49.503,okx,SOL/USDT:USDT,184.79,1515.66,184.78,585.82,184.8,4.21,184.81,102.71
1753769569603,06:12:49.603,okx,SOL/USDT:USDT,184.79,1519.32,184.78,558.34,184.8,7.37,184.81,102.71
1753769570003,06:12:50.003,okx,SOL/USDT:USDT,184.79,1505.05,184.78,558.34,184.8,7.77,184.81,102.74
1753769570103,06:12:50.103,okx,SOL/USDT:USDT,184.79,1515.81,184.78,558.34,184.8,7.41,184.81,102.74
1753769570203,06:12:50.203,okx,SOL/USDT:USDT,184.79,1515.83,184.78,558.34,184.8,7.42,184.81,102.74
1753769570403,06:12:50.403,okx,SOL/USDT:USDT,184.79,1339.86,184.78,554.07,184.8,107.83,184.81,158.18
1753769571003,06:12:51.003,okx,SOL/USDT:USDT,184.79,1279.83,184.78,558.34,184.8,394.9,184.81,167.26
1753769571303,06:12:51.303,okx,SOL/USDT:USDT,184.79,1262.11,184.78,585.81,184.8,118.74,184.81,167.26
1753769571503,06:12:51.503,okx,SOL/USDT:USDT,184.79,1273.04,184.78,678.24,184.8,7.75,184.81,102.64
1753769571603,06:12:51.603,okx,SOL/USDT:USDT,184.79,1273.04,184.78,678.24,184.8,7.75,184.81,102.64
1753769571903,06:12:51.903,okx,SOL/USDT:USDT,184.79,1273.04,184.78,515.89,184.8,7.75,184.81,102.87
1753769572103,06:12:52.103,okx,SOL/USDT:USDT,184.79,1274.85,184.78,678.24,184.8,7.39,184.81,102.87
1753769572403,06:12:52.403,okx,SOL/USDT:USDT,184.79,1278.86,184.78,585.63,184.8,95.59,184.81,102.87
1753769572603,06:12:52.603,okx,SOL/USDT:USDT,184.79,1279.56,184.78,585.56,184.8,97.72,184.81,102.87
1753769572803,06:12:52.803,okx,SOL/USDT:USDT,184.79,1279.56,184.78,585.56,184.8,9.78,184.81,102.87
1753769572903,06:12:52.903,okx,SOL/USDT:USDT,184.79,1279.56,184.78,678.16,184.8,9.42,184.81,102.87
1753769573103,06:12:53.103,okx,SOL/USDT:USDT,184.79,1279.56,184.78,678.16,184.8,9.42,184.81,10.67
1753769573603,06:12:53.603,okx,SOL/USDT:USDT,184.79,1279.63,184.78,678.16,184.8,9.42,184.81,10.65
1753769573703,06:12:53.703,okx,SOL/USDT:USDT,184.79,1264.75,184.78,500.93,184.8,9.78,184.81,102.85
1753769573803,06:12:53.803,okx,SOL/USDT:USDT,184.79,1264.75,184.78,500.93,184.8,97.64,184.81,102.85
1753769573903,06:12:53.903,okx,SOL/USDT:USDT,184.79,1264.75,184.78,500.93,184.8,97.64,184.81,212.85
1753769574103,06:12:54.103,okx,SOL/USDT:USDT,184.79,1122.61,184.78,500.91,184.8,153.08,184.81,158.29
1753769574603,06:12:54.603,okx,SOL/USDT:USDT,184.79,934.71,184.78,563.81,184.8,217.96,184.81,168.5
1753769574803,06:12:54.803,okx,SOL/USDT:USDT,184.79,944.46,184.78,578.69,184.8,217.9,184.81,168.5
1753769574903,06:12:54.903,okx,SOL/USDT:USDT,184.79,901.75,184.78,540.61,184.8,401.9,184.81,168.5
1753769575103,06:12:55.103,okx,SOL/USDT:USDT,184.79,838.96,184.78,540.61,184.8,205.9,184.81,168.5
1753769575203,06:12:55.203,okx,SOL/USDT:USDT,184.79,838.96,184.78,551.22,184.8,205.9,184.81,168.5
1753769575503,06:12:55.503,okx,SOL/USDT:USDT,184.79,870.25,184.78,551.22,184.8,189.79,184.81,168.5
1753769575603,06:12:55.603,okx,SOL/USDT:USDT,184.79,859.64,184.78,551.22,184.8,189.79,184.81,168.5
1753769575703,06:12:55.703,okx,SOL/USDT:USDT,184.79,859.64,184.78,551.22,184.8,189.79,184.81,168.5
1753769575803,06:12:55.803,okx,SOL/USDT:USDT,184.79,859.64,184.78,551.22,184.8,189.79,184.81,168.5
1753769575903,06:12:55.903,okx,SOL/USDT:USDT,184.79,859.64,184.78,540.61,184.8,373.79,184.81,168.5
1753769576003,06:12:56.003,okx,SOL/USDT:USDT,184.79,859.66,184.78,702.96,184.8,9.37,184.81,102.85
1753769576103,06:12:56.103,okx,SOL/USDT:USDT,184.79,881.31,184.78,555.17,184.8,97.23,184.81,102.85
1753769576303,06:12:56.303,okx,SOL/USDT:USDT,184.79,880.8,184.78,555.16,184.8,98.1,184.81,102.85
1753769576603,06:12:56.603,okx,SOL/USDT:USDT,184.79,876.6,184.78,555.09,184.8,190.37,184.81,342.29
1753769576703,06:12:56.703,okx,SOL/USDT:USDT,184.79,876.6,184.78,550.82,184.8,256.63,184.81,342.29
1753769576903,06:12:56.903,okx,SOL/USDT:USDT,184.79,436.06,184.78,468.82,184.8,589.38,184.81,167.2
1753769577103,06:12:57.103,okx,SOL/USDT:USDT,184.79,217.36,184.78,462.31,184.8,627.36,184.81,167.31
1753769577203,06:12:57.203,okx,SOL/USDT:USDT,184.79,426.8,184.78,463.7,184.8,353.86,184.81,167.31
1753769577303,06:12:57.303,okx,SOL/USDT:USDT,184.79,233.68,184.78,452.55,184.8,362.03,184.81,167.3
1753769577503,06:12:57.503,okx,SOL/USDT:USDT,184.79,123.39,184.78,475.75,184.8,357.49,184.81,167.3
1753769577703,06:12:57.703,okx,SOL/USDT:USDT,184.79,127.66,184.78,480.02,184.8,367.87,184.81,158.39
1753769577803,06:12:57.803,okx,SOL/USDT:USDT,184.79,127.66,184.78,480.02,184.8,367.87,184.81,158.39
1753769577903,06:12:57.903,okx,SOL/USDT:USDT,184.79,305.66,184.78,480.02,184.8,564.47,184.81,158.39
1753769578003,06:12:58.003,okx,SOL/USDT:USDT,184.79,306.02,184.78,480.02,184.8,564.47,184.81,158.4
1753769578103,06:12:58.103,okx,SOL/USDT:USDT,184.79,313.77,184.78,488.85,184.8,564.48,184.81,158.4
1753769578203,06:12:58.203,okx,SOL/USDT:USDT,184.79,357.63,184.78,490.61,184.8,323.84,184.81,158.39
1753769578403,06:12:58.403,okx,SOL/USDT:USDT,184.79,435.17,184.78,490.61,184.8,220.62,184.81,158.39
1753769578703,06:12:58.703,okx,SOL/USDT:USDT,184.79,403.03,184.78,490.55,184.8,220.57,184.81,168.22
1753769578803,06:12:58.803,okx,SOL/USDT:USDT,184.79,547.76,184.78,490.55,184.8,182.54,184.81,168.22
1753769578903,06:12:58.903,okx,SOL/USDT:USDT,184.79,547.78,184.78,490.57,184.8,171.72,184.81,168.22
1753769579003,06:12:59.003,okx,SOL/USDT:USDT,184.79,537.17,184.78,490.57,184.8,171.72,184.81,170.59
1753769579103,06:12:59.103,okx,SOL/USDT:USDT,184.79,537.17,184.78,490.55,184.8,171.83,184.81,170.59
1753769579803,06:12:59.803,okx,SOL/USDT:USDT,184.79,580.58,184.78,491.38,184.8,2.67,184.81,105.22
1753769580303,06:13:00.303,okx,SOL/USDT:USDT,184.79,591.42,184.78,565.36,184.8,3.16,184.81,105.02
1753769580403,06:13:00.403,okx,SOL/USDT:USDT,184.79,591.42,184.78,727.71,184.8,3.16,184.81,105.02
1753769580503,06:13:00.503,okx,SOL/USDT:USDT,184.79,591.33,184.78,727.82,184.8,3.16,184.81,105.02
1753769580603,06:13:00.603,okx,SOL/USDT:USDT,184.79,580.72,184.78,727.82,184.8,3.16,184.81,105.02
1753769580703,06:13:00.703,okx,SOL/USDT:USDT,184.8,1085.63,184.79,606.39,184.81,200.39,184.82,161.41
1753769581203,06:13:01.203,okx,SOL/USDT:USDT,184.8,1131.65,184.79,382.79,184.81,322.88,184.82,170.81
1753769581403,06:13:01.403,okx,SOL/USDT:USDT,184.8,604.06,184.79,360.18,184.81,428.55,184.82,161.44
1753769581603,06:13:01.603,okx,SOL/USDT:USDT,184.8,669.18,184.79,338.9,184.81,469.42,184.82,161.7
1753769581703,06:13:01.703,okx,SOL/USDT:USDT,184.8,669.18,184.79,338.9,184.81,468.61,184.82,161.7
1753769582103,06:13:02.103,okx,SOL/USDT:USDT,184.8,691.57,184.79,353.78,184.81,341.61,184.82,170.33
1753769582537,06:13:02.537,okx,SOL/USDT:USDT,184.8,386.12,184.79,348.38,184.81,415.63,184.82,170.33
1753769583307,06:13:03.307,okx,SOL/USDT:USDT,184.8,71.31,184.79,256.04,184.81,597.02,184.82,331.92
1753769583407,06:13:03.407,okx,SOL/USDT:USDT,184.8,51.62,184.79,174.89,184.81,603.47,184.82,336.1
1753769583507,06:13:03.507,okx,SOL/USDT:USDT,184.8,48.95,184.79,174.89,184.81,607.55,184.82,338.97
1753769583607,06:13:03.607,okx,SOL/USDT:USDT,184.8,55.31,184.79,174.89,184.81,630.87,184.82,366.75
1753769583807,06:13:03.807,okx,SOL/USDT:USDT,184.8,53.78,184.79,76.21,184.81,630.87,184.82,366.93
1753769584307,06:13:04.307,okx,SOL/USDT:USDT,184.8,182.37,184.79,217.91,184.81,522.03,184.82,396.28
1753769584507,06:13:04.507,okx,SOL/USDT:USDT,184.8,81.58,184.79,201.43,184.81,523.65,184.82,396.28
1753769585207,06:13:05.207,okx,SOL/USDT:USDT,184.79,584.05,184.78,294.79,184.8,505.28,184.81,261.3
1753769585307,06:13:05.307,okx,SOL/USDT:USDT,184.79,647.1,184.78,322.26,184.8,505.28,184.81,261.3
1753769585407,06:13:05.407,okx,SOL/USDT:USDT,184.79,647.26,184.78,332.87,184.8,510.32,184.81,261.2
1753769585507,06:13:05.507,okx,SOL/USDT:USDT,184.79,668.91,184.78,495.22,184.8,106.67,184.81,216.19
1753769585607,06:13:05.607,okx,SOL/USDT:USDT,184.79,771.72,184.78,495.22,184.8,7.06,184.81,216.19
1753769585907,06:13:05.907,okx,SOL/USDT:USDT,184.79,788.32,184.78,498.94,184.8,6.87,184.81,221.5
1753769586007,06:13:06.007,okx,SOL/USDT:USDT,184.79,782.54,184.78,498.94,184.8,6.87,184.81,221.5
1753769586107,06:13:06.107,okx,SOL/USDT:USDT,184.79,771.92,184.78,488.33,184.8,6.91,184.81,221.5
1753769586307,06:13:06.307,okx,SOL/USDT:USDT,184.79,787.78,184.78,500.3,184.8,6.91,184.81,221.5
1753769586607,06:13:06.607,okx,SOL/USDT:USDT,184.79,598.89,184.78,397.4,184.8,190.91,184.81,37.5
1753769586907,06:13:06.907,okx,SOL/USDT:USDT,184.79,750.99,184.78,570.36,184.8,7.04,184.81,129.7
1753769587107,06:13:07.107,okx,SOL/USDT:USDT,184.79,772.5,184.78,532.28,184.8,7.17,184.81,129.7
1753769587707,06:13:07.707,okx,SOL/USDT:USDT,184.79,598.87,184.78,367.37,184.8,259.04,184.81,253.64
1753769587807,06:13:07.807,okx,SOL/USDT:USDT,184.79,598.87,184.78,367.37,184.8,259.05,184.81,253.64
1753769588007,06:13:08.007,okx,SOL/USDT:USDT,184.79,598.87,184.78,367.25,184.8,259.06,184.81,253.65
1753769588107,06:13:08.107,okx,SOL/USDT:USDT,184.79,321.52,184.78,362.18,184.8,309.56,184.81,269.18
1753769588507,06:13:08.507,okx,SOL/USDT:USDT,184.79,369.32,184.78,361.9,184.8,348.76,184.81,269.33
1753769588607,06:13:08.607,okx,SOL/USDT:USDT,184.79,367.95,184.78,366.95,184.8,348.76,184.81,264.54
1753769588907,06:13:08.907,okx,SOL/USDT:USDT,184.79,316.99,184.78,394.24,184.8,306.29,184.81,264.54
1753769589107,06:13:09.107,okx,SOL/USDT:USDT,184.79,289.45,184.78,389.36,184.8,384.48,184.81,270.96
1753769589507,06:13:09.507,okx,SOL/USDT:USDT,184.79,288.37,184.78,388.28,184.8,392.08,184.81,270.96
1753769589907,06:13:09.907,okx,SOL/USDT:USDT,184.79,230.25,184.78,392.55,184.8,391.58,184.81,266.37
1753769590007,06:13:10.007,okx,SOL/USDT:USDT,184.79,365.9,184.78,392.55,184.8,316.94,184.81,266.37
1753769590607,06:13:10.607,okx,SOL/USDT:USDT,184.79,459.63,184.78,335.7,184.8,112.32,184.81,187.46
1753769590907,06:13:10.907,okx,SOL/USDT:USDT,184.79,446.16,184.78,556.8,184.8,24.22,184.81,187.46
1753769591007,06:13:11.007,okx,SOL/USDT:USDT,184.79,446.16,184.78,390.18,184.8,113.56,184.81,187.46
1753769591707,06:13:11.707,okx,SOL/USDT:USDT,184.79,106.48,184.78,318.12,184.8,482.72,184.81,418.2
1753769591907,06:13:11.907,okx,SOL/USDT:USDT,184.79,96.73,184.78,318.12,184.8,472.83,184.81,418.2
1753769592007,06:13:12.007,okx,SOL/USDT:USDT,184.79,8.87,184.78,323.12,184.8,492.86,184.81,444.5
1753769592107,06:13:12.107,okx,SOL/USDT:USDT,184.79,96.73,184.78,327.39,184.8,492.01,184.81,444.5
1753769592207,06:13:12.207,okx,SOL/USDT:USDT,184.79,96.88,184.78,327.39,184.8,492.04,184.81,444.53
1753769592607,06:13:12.607,okx,SOL/USDT:USDT,184.78,310.01,184.77,578.48,184.79,1250.56,184.8,431.74
1753769592707,06:13:12.707,okx,SOL/USDT:USDT,184.78,371.82,184.77,604.72,184.79,1177.07,184.8,414.93
1753769592907,06:13:12.907,okx,SOL/USDT:USDT,184.78,405.94,184.77,583.86,184.79,1184.64,184.8,407.24
1753769593207,06:13:13.207,okx,SOL/USDT:USDT,184.78,733.75,184.77,751.52,184.79,135.01,184.8,241.95
1753769593707,06:13:13.707,okx,SOL/USDT:USDT,184.78,92.88,184.77,337.38,184.79,569.78,184.8,446.31
1753769593907,06:13:13.907,okx,SOL/USDT:USDT,184.78,13.25,184.77,364.84,184.79,569.81,184.8,442.83
1753769594007,06:13:14.007,okx,SOL/USDT:USDT,184.78,15.96,184.77,364.84,184.79,569.81,184.8,442.83
1753769594707,06:13:14.707,okx,SOL/USDT:USDT,184.78,16.06,184.77,355.21,184.79,726.02,184.8,444.02
1753769594807,06:13:14.807,okx,SOL/USDT:USDT,184.78,16.06,184.77,314.26,184.79,726.02,184.8,444.02
1753769595507,06:13:15.507,okx,SOL/USDT:USDT,184.78,4.56,184.77,3.75,184.79,750.37,184.8,450.81
1753769596107,06:13:16.107,okx,SOL/USDT:USDT,184.78,4.56,184.77,3.75,184.79,750.5,184.8,455.19
1753769596507,06:13:16.507,okx,SOL/USDT:USDT,184.77,187.59,184.76,454.37,184.78,1044.28,184.79,627.77
1753769597307,06:13:17.307,okx,SOL/USDT:USDT,184.77,7.29,184.76,444.94,184.78,1181.49,184.79,490.4
1753769597407,06:13:17.407,okx,SOL/USDT:USDT,184.77,7.29,184.76,451.27,184.78,1181.49,184.79,490.4
1753769597707,06:13:17.707,okx,SOL/USDT:USDT,184.77,7.29,184.76,271.76,184.78,1181.73,184.79,492.74
1753769598007,06:13:18.007,okx,SOL/USDT:USDT,184.77,14.29,184.76,271.76,184.78,1181.73,184.79,498.88
1753769598107,06:13:18.107,okx,SOL/USDT:USDT,184.77,102.15,184.76,277.9,184.78,1176.13,184.79,496.72
1753769598807,06:13:18.807,okx,SOL/USDT:USDT,184.77,7.25,184.76,189.41,184.78,1188.34,184.79,637.57
1753769599307,06:13:19.307,okx,SOL/USDT:USDT,184.77,7.24,184.76,197.41,184.78,1181.3,184.79,631.61
1753769599607,06:13:19.607,okx,SOL/USDT:USDT,184.77,7.24,184.76,197.41,184.78,1181.85,184.79,638.01
1753769599707,06:13:19.707,okx,SOL/USDT:USDT,184.77,7.24,184.76,381.41,184.78,1183.86,184.79,640.46
1753769600207,06:13:20.207,okx,SOL/USDT:USDT,184.77,7.35,184.76,197.41,184.78,1188.91,184.79,644.48
1753769600407,06:13:20.407,okx,SOL/USDT:USDT,184.77,3.85,184.76,200.91,184.78,1190.38,184.79,646.62
1753769601007,06:13:21.007,okx,SOL/USDT:USDT,184.77,3.85,184.76,200.91,184.78,1140.43,184.79,637.62
1753769601207,06:13:21.207,okx,SOL/USDT:USDT,184.77,122.19,184.76,200.91,184.78,1098.49,184.79,637.58
1753769601307,06:13:21.307,okx,SOL/USDT:USDT,184.77,211.23,184.76,286.13,184.78,1098.49,184.79,637.58
1753769601407,06:13:21.407,okx,SOL/USDT:USDT,184.77,93.23,184.76,279.77,184.78,1106.57,184.79,626.77
1753769602507,06:13:22.507,okx,SOL/USDT:USDT,184.76,271.91,184.75,692.91,184.77,1321.47,184.78,677.48
1753769602707,06:13:22.707,okx,SOL/USDT:USDT,184.76,272.12,184.75,720.37,184.77,1327.24,184.78,670.87
1753769603407,06:13:23.407,okx,SOL/USDT:USDT,184.76,598.63,184.75,722.07,184.77,514.85,184.78,473.85
1753769603507,06:13:23.507,okx,SOL/USDT:USDT,184.76,598.63,184.75,711.46,184.77,514.85,184.78,473.85
1753769603607,06:13:23.607,okx,SOL/USDT:USDT,184.76,807.06,184.75,724.77,184.77,313.49,184.78,373.85
1753769603707,06:13:23.707,okx,SOL/USDT:USDT,184.76,796.45,184.75,789.61,184.77,306.9,184.78,373.85
1753769604107,06:13:24.107,okx,SOL/USDT:USDT,184.76,808.14,184.75,953.11,184.77,148.92,184.78,173.46
1753769604207,06:13:24.207,okx,SOL/USDT:USDT,184.76,808.2,184.75,790.73,184.77,149.04,184.78,173.72
1753769604707,06:13:24.707,okx,SOL/USDT:USDT,184.76,790.47,184.75,781.2,184.77,148.78,184.78,357.7
1753769604807,06:13:24.807,okx,SOL/USDT:USDT,184.76,790.47,184.75,783.9,184.77,148.83,184.78,357.7
1753769605007,06:13:25.007,okx,SOL/USDT:USDT,184.76,808.86,184.75,794.72,184.77,148.3,184.78,357.7
1753769605207,06:13:25.207,okx,SOL/USDT:USDT,184.76,791.55,184.75,794.72,184.77,143.45,184.78,174.18
1753769605607,06:13:25.607,okx,SOL/USDT:USDT,184.77,1333.1,184.76,789.55,184.78,18.81,184.79,27.02
1753769605807,06:13:25.807,okx,SOL/USDT:USDT,184.77,1337.31,184.76,786.15,184.78,18.97,184.79,27.02
1753769605907,06:13:25.907,okx,SOL/USDT:USDT,184.77,1324.97,184.76,785.07,184.78,18.97,184.79,27.02
1753769606007,06:13:26.007,okx,SOL/USDT:USDT,184.77,1324.97,184.76,785.07,184.78,18.97,184.79,27.02
1753769606107,06:13:26.107,okx,SOL/USDT:USDT,184.77,1341.46,184.76,785.07,184.78,19.06,184.79,27.02
1753769606307,06:13:26.307,okx,SOL/USDT:USDT,184.77,1342.0,184.76,785.07,184.78,19.48,184.79,27.02
1753769606407,06:13:26.407,okx,SOL/USDT:USDT,184.77,1328.78,184.76,785.07,184.78,19.87,184.79,27.02
1753769606507,06:13:26.507,okx,SOL/USDT:USDT,184.77,1329.32,184.76,785.07,184.78,19.87,184.79,27.02
1753769607007,06:13:27.007,okx,SOL/USDT:USDT,184.77,1376.05,184.76,770.04,184.78,19.48,184.79,27.02
1753769607407,06:13:27.407,okx,SOL/USDT:USDT,184.77,1378.58,184.76,770.58,184.78,23.01,184.79,30.65
1753769607507,06:13:27.507,okx,SOL/USDT:USDT,184.77,1378.8,184.76,770.58,184.78,23.01,184.79,30.65
1753769607907,06:13:27.907,okx,SOL/USDT:USDT,184.77,1250.39,184.76,850.67,184.78,110.87,184.79,30.65
1753769608207,06:13:28.207,okx,SOL/USDT:USDT,184.77,1347.84,184.76,753.27,184.78,23.01,184.79,30.65
1753769608407,06:13:28.407,okx,SOL/USDT:USDT,184.77,1253.29,184.76,700.78,184.78,124.58,184.79,30.87
1753769608907,06:13:28.907,okx,SOL/USDT:USDT,184.77,316.92,184.76,546.94,184.78,509.63,184.79,187.03
1753769609107,06:13:29.107,okx,SOL/USDT:USDT,184.77,331.05,184.76,556.76,184.78,502.67,184.79,179.55
1753769609207,06:13:29.207,okx,SOL/USDT:USDT,184.77,330.72,184.76,556.76,184.78,502.67,184.79,187.03
1753769609307,06:13:29.307,okx,SOL/USDT:USDT,184.77,225.91,184.76,556.76,184.78,510.15,184.79,187.03
1753769609407,06:13:29.407,okx,SOL/USDT:USDT,184.77,246.2,184.76,556.76,184.78,501.86,184.79,187.03
1753769609907,06:13:29.907,okx,SOL/USDT:USDT,184.77,300.7,184.76,584.22,184.78,676.89,184.79,186.97
1753769610007,06:13:30.007,okx,SOL/USDT:USDT,184.77,300.7,184.76,584.22,184.78,676.08,184.79,186.97
1753769610207,06:13:30.207,okx,SOL/USDT:USDT,184.77,231.67,184.76,584.22,184.78,683.49,184.79,186.97
1753769610407,06:13:30.407,okx,SOL/USDT:USDT,184.77,458.37,184.76,591.48,184.78,487.08,184.79,179.55
1753769610507,06:13:30.507,okx,SOL/USDT:USDT,184.77,450.6,184.76,591.48,184.78,487.19,184.79,179.61
1753769611207,06:13:31.207,okx,SOL/USDT:USDT,184.78,1666.81,184.77,696.88,184.79,116.63,184.8,262.93
1753769611507,06:13:31.507,okx,SOL/USDT:USDT,184.78,1667.8,184.77,512.88,184.79,28.03,184.8,354.73
1753769612407,06:13:32.407,okx,SOL/USDT:USDT,184.78,1614.11,184.77,483.76,184.79,118.67,184.8,355.42
1753769612507,06:13:32.507,okx,SOL/USDT:USDT,184.78,1614.44,184.77,483.46,184.79,119.15,184.8,355.46
1753769612707,06:13:32.707,okx,SOL/USDT:USDT,184.78,1613.36,184.77,476.31,184.79,119.19,184.8,355.5
1753769612807,06:13:32.807,okx,SOL/USDT:USDT,184.78,1614.44,184.77,483.46,184.79,119.18,184.8,355.5
1753769613107,06:13:33.107,okx,SOL/USDT:USDT,184.78,1617.58,184.77,483.24,184.79,119.22,184.8,355.52
1753769613207,06:13:33.207,okx,SOL/USDT:USDT,184.78,1610.65,184.77,483.24,184.79,120.03,184.8,355.52
1753769613507,06:13:33.507,okx,SOL/USDT:USDT,184.78,1619.36,184.77,483.24,184.79,119.52,184.8,355.52
1753769613707,06:13:33.707,okx,SOL/USDT:USDT,184.78,1620.46,184.77,483.24,184.79,119.52,184.8,355.52
1753769613807,06:13:33.807,okx,SOL/USDT:USDT,184.78,1621.54,184.77,483.24,184.79,120.0,184.8,355.56
1753769615007,06:13:35.007,okx,SOL/USDT:USDT,184.75,700.7,184.74,548.31,184.76,96.1,184.77,416.66
1753769615407,06:13:35.407,okx,SOL/USDT:USDT,184.78,1352.91,184.77,946.34,184.79,119.4,184.8,172.83
1753769615507,06:13:35.507,okx,SOL/USDT:USDT,184.78,1341.98,184.77,751.39,184.79,145.37,184.8,393.85
1753769615607,06:13:35.607,okx,SOL/USDT:USDT,184.78,1341.87,184.77,653.93,184.79,145.37,184.8,393.85
1753769615707,06:13:35.707,okx,SOL/USDT:USDT,184.78,923.0,184.77,679.54,184.79,380.55,184.8,404.18
1753769616007,06:13:36.007,okx,SOL/USDT:USDT,184.78,192.45,184.77,578.89,184.79,584.33,184.8,223.79
1753769616107,06:13:36.107,okx,SOL/USDT:USDT,184.78,284.36,184.77,589.5,184.79,505.22,184.8,217.38
1753769616207,06:13:36.207,okx,SOL/USDT:USDT,184.78,398.8,184.77,596.56,184.79,243.07,184.8,217.49
1753769616307,06:13:36.307,okx,SOL/USDT:USDT,184.78,512.4,184.77,596.56,184.79,243.08,184.8,217.49
1753769617007,06:13:37.007,okx,SOL/USDT:USDT,184.78,693.34,184.77,585.71,184.79,413.15,184.8,217.6
1753769617107,06:13:37.107,okx,SOL/USDT:USDT,184.78,700.13,184.77,597.03,184.79,413.24,184.8,217.6
1753769617207,06:13:37.207,okx,SOL/USDT:USDT,184.78,714.31,184.77,597.13,184.79,413.25,184.8,217.6
1753769617707,06:13:37.707,okx,SOL/USDT:USDT,184.78,510.45,184.77,579.02,184.79,362.1,184.8,195.13
1753769618107,06:13:38.107,okx,SOL/USDT:USDT,184.78,168.33,184.77,561.25,184.79,446.85,184.8,184.98
1753769618207,06:13:38.207,okx,SOL/USDT:USDT,184.78,186.66,184.77,561.25,184.79,440.06,184.8,184.98
1753769618307,06:13:38.307,okx,SOL/USDT:USDT,184.78,186.68,184.77,561.25,184.79,439.25,184.8,184.98
1753769619007,06:13:39.007,okx,SOL/USDT:USDT,184.78,482.6,184.77,593.25,184.79,243.78,184.8,178.19
1753769619207,06:13:39.207,okx,SOL/USDT:USDT,184.78,521.56,184.77,593.25,184.79,247.25,184.8,178.19
1753769619407,06:13:39.407,okx,SOL/USDT:USDT,184.78,502.9,184.77,564.75,184.79,366.48,184.8,187.39
1753769619507,06:13:39.507,okx,SOL/USDT:USDT,184.78,531.66,184.77,582.86,184.79,183.29,184.8,187.39
1753769619607,06:13:39.607,okx,SOL/USDT:USDT,184.78,531.66,184.77,571.54,184.79,183.33,184.8,187.72
1753769619707,06:13:39.707,okx,SOL/USDT:USDT,184.78,531.66,184.77,571.54,184.79,183.38,184.8,187.72
1753769620007,06:13:40.007,okx,SOL/USDT:USDT,184.78,473.33,184.77,571.86,184.79,182.86,184.8,206.31
1753769620307,06:13:40.307,okx,SOL/USDT:USDT,184.78,598.93,184.77,680.06,184.79,76.73,184.8,175.33
1753769620607,06:13:40.607,okx,SOL/USDT:USDT,184.78,592.08,184.77,680.06,184.79,76.63,184.8,175.33
1753769621007,06:13:41.007,okx,SOL/USDT:USDT,184.78,739.99,184.77,593.91,184.79,12.88,184.8,175.36
1753769621607,06:13:41.607,okx,SOL/USDT:USDT,184.8,828.86,184.79,667.91,184.81,828.44,184.82,302.49
1753769621707,06:13:41.707,okx,SOL/USDT:USDT,184.8,828.94,184.79,667.91,184.81,828.44,184.82,302.49
1753769621907,06:13:41.907,okx,SOL/USDT:USDT,184.8,828.96,184.79,667.91,184.81,828.47,184.82,302.51
1753769622007,06:13:42.007,okx,SOL/USDT:USDT,184.8,840.56,184.79,686.26,184.81,826.73,184.82,302.51
1753769622207,06:13:42.207,okx,SOL/USDT:USDT,184.8,831.71,184.79,667.91,184.81,829.12,184.82,302.51
1753769622307,06:13:42.307,okx,SOL/USDT:USDT,184.8,472.78,184.79,667.91,184.81,837.79,184.82,299.05
1753769622507,06:13:42.507,okx,SOL/USDT:USDT,184.8,81.0,184.79,559.2,184.81,897.36,184.82,295.55
1753769623007,06:13:43.007,okx,SOL/USDT:USDT,184.8,93.52,184.79,562.66,184.81,890.85,184.82,297.64
1753769623307,06:13:43.307,okx,SOL/USDT:USDT,184.8,452.15,184.79,562.66,184.81,622.78,184.82,291.49
1753769623407,06:13:43.407,okx,SOL/USDT:USDT,184.8,452.15,184.79,562.66,184.81,824.36,184.82,291.54
1753769624107,06:13:44.107,okx,SOL/USDT:USDT,184.8,537.64,184.79,632.77,184.81,565.14,184.82,282.38
1753769624307,06:13:44.307,okx,SOL/USDT:USDT,184.8,530.14,184.79,632.67,184.81,375.95,184.82,286.21
1753769624407,06:13:44.407,okx,SOL/USDT:USDT,184.8,733.1,184.79,792.84,184.81,324.5,184.82,107.84
1753769624607,06:13:44.607,okx,SOL/USDT:USDT,184.8,733.1,184.79,792.84,184.81,323.94,184.82,107.74
1753769624707,06:13:44.707,okx,SOL/USDT:USDT,184.8,766.66,184.79,792.84,184.81,324.7,184.82,107.74
1753769624907,06:13:44.907,okx,SOL/USDT:USDT,184.8,746.75,184.79,792.84,184.81,324.7,184.82,107.74
1753769625007,06:13:45.007,okx,SOL/USDT:USDT,184.8,746.75,184.79,792.84,184.81,320.12,184.82,107.74
1753769625307,06:13:45.307,okx,SOL/USDT:USDT,184.8,729.51,184.79,626.16,184.81,322.86,184.82,109.36
1753769625707,06:13:45.707,okx,SOL/USDT:USDT,184.81,1665.14,184.8,804.55,184.82,65.68,184.83,98.52
1753769626307,06:13:46.307,okx,SOL/USDT:USDT,184.81,1717.0,184.8,796.62,184.82,28.69,184.83,100.88
1753769626507,06:13:46.507,okx,SOL/USDT:USDT,184.81,1717.55,184.8,613.16,184.82,28.69,184.83,100.88
1753769626607,06:13:46.607,okx,SOL/USDT:USDT,184.81,1717.55,184.8,613.16,184.82,30.85,184.83,100.88
1753769626707,06:13:46.707,okx,SOL/USDT:USDT,184.81,1717.55,184.8,613.16,184.82,30.85,184.83,100.88
1753769627407,06:13:47.407,okx,SOL/USDT:USDT,184.81,1729.79,184.8,574.14,184.82,31.72,184.83,101.15
1753769628007,06:13:48.007,okx,SOL/USDT:USDT,184.81,1583.99,184.8,742.31,184.82,22.44,184.83,101.16
1753769628107,06:13:48.107,okx,SOL/USDT:USDT,184.81,1567.29,184.8,736.16,184.82,22.78,184.83,101.16
1753769628207,06:13:48.207,okx,SOL/USDT:USDT,184.81,1567.29,184.8,725.55,184.82,22.78,184.83,101.16
1753769628307,06:13:48.307,okx,SOL/USDT:USDT,184.81,1567.29,184.8,725.55,184.82,22.78,184.83,101.16
1753769628507,06:13:48.507,okx,SOL/USDT:USDT,184.81,1577.93,184.8,742.31,184.82,22.46,184.83,101.08
1753769628607,06:13:48.607,okx,SOL/USDT:USDT,184.81,1741.16,184.8,580.86,184.82,22.41,184.83,101.03
1753769628807,06:13:48.807,okx,SOL/USDT:USDT,184.81,1643.78,184.8,678.24,184.82,22.4,184.83,101.03
1753769629007,06:13:49.007,okx,SOL/USDT:USDT,184.81,1470.84,184.8,824.01,184.82,22.4,184.83,101.03
1753769629107,06:13:49.107,okx,SOL/USDT:USDT,184.81,1470.81,184.8,829.47,184.82,22.4,184.83,101.03
1753769629307,06:13:49.307,okx,SOL/USDT:USDT,184.81,1481.41,184.8,839.82,184.82,22.4,184.83,101.03
1753769629507,06:13:49.507,okx,SOL/USDT:USDT,184.81,1485.65,184.8,839.82,184.82,23.19,184.83,101.03
1753769630107,06:13:50.107,okx,SOL/USDT:USDT,184.81,875.82,184.8,831.94,184.82,76.16,184.83,259.0
1753769630407,06:13:50.407,okx,SOL/USDT:USDT,184.81,1324.29,184.8,829.24,184.82,23.19,184.83,101.03
1753769631107,06:13:51.107,okx,SOL/USDT:USDT,184.81,1324.37,184.8,928.41,184.82,25.79,184.83,101.03
1753769631407,06:13:51.407,okx,SOL/USDT:USDT,184.81,1314.39,184.8,928.41,184.82,25.8,184.83,101.03
1753769631507,06:13:51.507,okx,SOL/USDT:USDT,184.81,1309.93,184.8,917.8,184.82,25.82,184.83,101.07
1753769631707,06:13:51.707,okx,SOL/USDT:USDT,184.81,1407.31,184.8,830.62,184.82,25.82,184.83,101.07
1753769632107,06:13:52.107,okx,SOL/USDT:USDT,184.81,1411.98,184.8,830.62,184.82,25.82,184.83,101.07
1753769632207,06:13:52.207,okx,SOL/USDT:USDT,184.81,1411.98,184.8,830.62,184.82,25.82,184.83,101.07
1753769632307,06:13:52.307,okx,SOL/USDT:USDT,184.81,1335.37,184.8,819.96,184.82,25.82,184.83,101.07
1753769632707,06:13:52.707,okx,SOL/USDT:USDT,184.81,898.57,184.8,818.03,184.82,273.12,184.83,202.87
1753769632907,06:13:52.907,okx,SOL/USDT:USDT,184.81,1119.13,184.8,834.18,184.82,114.23,184.83,202.87
1753769633107,06:13:53.107,okx,SOL/USDT:USDT,184.81,1109.6,184.8,920.96,184.82,114.59,184.83,202.87
1753769633807,06:13:53.807,okx,SOL/USDT:USDT,184.81,925.07,184.8,931.57,184.82,114.83,184.83,202.89
1753769634107,06:13:54.107,okx,SOL/USDT:USDT,184.81,924.99,184.8,930.89,184.82,115.16,184.83,203.27
1753769634207,06:13:54.207,okx,SOL/USDT:USDT,184.81,924.8,184.8,930.89,184.82,115.16,184.83,203.27
1753769634307,06:13:54.307,okx,SOL/USDT:USDT,184.81,1108.8,184.8,930.84,184.82,115.16,184.83,203.27
1753769634507,06:13:54.507,okx,SOL/USDT:USDT,184.81,1122.59,184.8,928.14,184.82,115.33,184.83,203.27
1753769634607,06:13:54.607,okx,SOL/USDT:USDT,184.81,1111.87,184.8,917.53,184.82,115.28,184.83,203.27
1753769634707,06:13:54.707,okx,SOL/USDT:USDT,184.81,1111.87,184.8,917.53,184.82,115.28,184.83,203.27
1753769634907,06:13:54.907,okx,SOL/USDT:USDT,184.81,1122.48,184.8,928.14,184.82,115.28,184.83,203.27
1753769635107,06:13:55.107,okx,SOL/USDT:USDT,184.81,1123.09,184.8,928.14,184.82,27.53,184.83,203.27
1753769635207,06:13:55.207,okx,SOL/USDT:USDT,184.81,1220.47,184.8,830.75,184.82,117.45,184.83,195.98
1753769635607,06:13:55.607,okx,SOL/USDT:USDT,184.81,1149.74,184.8,928.13,184.82,83.02,184.83,195.99
1753769635707,06:13:55.707,okx,SOL/USDT:USDT,184.81,1149.74,184.8,928.13,184.82,83.02,184.83,195.99
1753769636207,06:13:56.207,okx,SOL/USDT:USDT,184.81,1409.49,184.8,668.18,184.82,20.04,184.83,104.21
1753769636607,06:13:56.607,okx,SOL/USDT:USDT,184.82,1486.06,184.81,877.2,184.83,105.65,184.84,96.43
1753769637507,06:13:57.507,okx,SOL/USDT:USDT,184.82,1491.34,184.81,599.43,184.83,424.43,184.84,96.43
1753769637607,06:13:57.607,okx,SOL/USDT:USDT,184.82,1480.98,184.81,596.74,184.83,424.43,184.84,96.43
1753769637707,06:13:57.707,okx,SOL/USDT:USDT,184.82,1464.12,184.81,586.13,184.83,425.27,184.84,96.74
1753769637907,06:13:57.907,okx,SOL/USDT:USDT,184.82,1461.44,184.81,678.89,184.83,425.67,184.84,96.74
1753769638107,06:13:58.107,okx,SOL/USDT:USDT,184.82,1461.52,184.81,678.89,184.83,425.72,184.84,96.78
1753769638207,06:13:58.207,okx,SOL/USDT:USDT,184.82,1561.34,184.81,778.89,184.83,425.72,184.84,96.78
1753769638407,06:13:58.407,okx,SOL/USDT:USDT,184.82,1561.2,184.81,778.61,184.83,442.53,184.84,104.06
1753769638507,06:13:58.507,okx,SOL/USDT:USDT,184.82,1561.2,184.81,778.61,184.83,442.53,184.84,99.72
1753769638707,06:13:58.707,okx,SOL/USDT:USDT,184.82,1562.01,184.81,793.49,184.83,443.58,184.84,99.75
1753769638807,06:13:58.807,okx,SOL/USDT:USDT,184.82,1576.89,184.81,793.49,184.83,443.58,184.84,99.75
1753769639807,06:13:59.807,okx,SOL/USDT:USDT,184.83,1556.15,184.82,656.1,184.84,180.35,184.85,388.68
1753769640207,06:14:00.207,okx,SOL/USDT:USDT,184.83,1379.53,184.82,499.92,184.84,406.93,184.85,226.28
1753769640407,06:14:00.407,okx,SOL/USDT:USDT,184.83,1378.46,184.82,499.92,184.84,406.32,184.85,195.85
1753769640807,06:14:00.807,okx,SOL/USDT:USDT,184.83,1444.74,184.82,498.85,184.84,206.36,184.85,225.54
1753769641207,06:14:01.207,okx,SOL/USDT:USDT,184.83,1474.58,184.82,571.6,184.84,35.63,184.85,370.33
1753769641407,06:14:01.407,okx,SOL/USDT:USDT,184.83,1574.52,184.82,642.43,184.84,37.66,184.85,382.21
1753769641607,06:14:01.607,okx,SOL/USDT:USDT,184.83,1574.52,184.82,642.43,184.84,37.66,184.85,382.21
1753769641807,06:14:01.807,okx,SOL/USDT:USDT,184.83,1574.52,184.82,642.43,184.84,120.23,184.85,400.07
1753769642007,06:14:02.007,okx,SOL/USDT:USDT,184.83,1544.93,184.82,645.13,184.84,194.9,184.85,409.33
1753769642407,06:14:02.407,okx,SOL/USDT:USDT,184.83,1544.92,184.82,645.13,184.84,199.02,184.85,207.47
1753769642607,06:14:02.607,okx,SOL/USDT:USDT,184.83,1547.94,184.82,642.43,184.84,90.87,184.85,197.91
1753769642807,06:14:02.807,okx,SOL/USDT:USDT,184.83,1547.94,184.82,642.43,184.84,91.93,184.85,197.91
1753769643107,06:14:03.107,okx,SOL/USDT:USDT,184.83,1547.94,184.82,642.43,184.84,119.63,184.85,215.3
1753769643207,06:14:03.207,okx,SOL/USDT:USDT,184.83,1545.24,184.82,645.13,184.84,161.22,184.85,197.93
1753769643807,06:14:03.807,okx,SOL/USDT:USDT,184.84,958.8,184.83,872.37,184.85,516.99,184.86,279.96
1753769644607,06:14:04.607,okx,SOL/USDT:USDT,184.84,667.11,184.83,938.38,184.85,241.58,184.86,264.56
1753769644907,06:14:04.907,okx,SOL/USDT:USDT,184.84,480.79,184.83,871.27,184.85,241.62,184.86,264.61
1753769645207,06:14:05.207,okx,SOL/USDT:USDT,184.84,615.9,184.83,871.29,184.85,425.7,184.86,272.86
1753769645307,06:14:05.307,okx,SOL/USDT:USDT,184.84,361.86,184.83,871.29,184.85,460.5,184.86,272.86
1753769645507,06:14:05.507,okx,SOL/USDT:USDT,184.84,692.48,184.83,871.27,184.85,295.7,184.86,264.61
1753769645607,06:14:05.607,okx,SOL/USDT:USDT,184.84,691.11,184.83,871.29,184.85,295.77,184.86,272.64
1753769646007,06:14:06.007,okx,SOL/USDT:USDT,184.84,691.11,184.83,871.29,184.85,295.77,184.86,264.61
1753769646107,06:14:06.107,okx,SOL/USDT:USDT,184.84,691.11,184.83,871.29,184.85,295.77,184.86,272.64
1753769646207,06:14:06.207,okx,SOL/USDT:USDT,184.84,691.11,184.83,871.29,184.85,303.54,184.86,272.64
1753769646307,06:14:06.307,okx,SOL/USDT:USDT,184.84,694.74,184.83,871.29,184.85,295.77,184.86,272.64
1753769646507,06:14:06.507,okx,SOL/USDT:USDT,184.84,695.06,184.83,871.29,184.85,295.77,184.86,264.61
1753769646607,06:14:06.607,okx,SOL/USDT:USDT,184.84,695.06,184.83,871.29,184.85,295.77,184.86,264.61
1753769646707,06:14:06.707,okx,SOL/USDT:USDT,184.84,695.06,184.83,871.29,184.85,295.77,184.86,264.61
1753769646807,06:14:06.807,okx,SOL/USDT:USDT,184.85,1073.98,184.84,726.24,184.86,19.16,184.87,195.14
1753769647107,06:14:07.107,okx,SOL/USDT:USDT,184.85,1079.52,184.84,718.28,184.86,19.16,184.87,43.89
1753769647507,06:14:07.507,okx,SOL/USDT:USDT,184.88,679.08,184.87,608.79,184.89,484.13,184.9,216.55
1753769647707,06:14:07.707,okx,SOL/USDT:USDT,184.88,793.67,184.87,539.37,184.89,336.51,184.9,183.49
1753769648107,06:14:08.107,okx,SOL/USDT:USDT,184.88,800.74,184.87,529.33,184.89,240.73,184.9,183.54
1753769648207,06:14:08.207,okx,SOL/USDT:USDT,184.88,760.06,184.87,502.89,184.89,240.73,184.9,183.54
1753769648307,06:14:08.307,okx,SOL/USDT:USDT,184.88,757.79,184.87,529.26,184.89,241.38,184.9,183.54
1753769648507,06:14:08.507,okx,SOL/USDT:USDT,184.88,746.97,184.87,529.26,184.89,241.38,184.9,183.54
1753769648907,06:14:08.907,okx,SOL/USDT:USDT,184.88,613.34,184.87,486.95,184.89,532.81,184.9,257.17
1753769649207,06:14:09.207,okx,SOL/USDT:USDT,184.88,319.08,184.87,275.59,184.89,465.75,184.9,299.97
1753769649307,06:14:09.307,okx,SOL/USDT:USDT,184.88,321.43,184.87,275.59,184.89,492.3,184.9,326.57
1753769649507,06:14:09.507,okx,SOL/USDT:USDT,184.88,302.61,184.87,303.02,184.89,465.86,184.9,297.97
1753769650007,06:14:10.007,okx,SOL/USDT:USDT,184.88,302.97,184.87,303.02,184.89,569.38,184.9,420.94
1753769650207,06:14:10.207,okx,SOL/USDT:USDT,184.88,294.02,184.87,293.17,184.89,569.47,184.9,394.8
1753769650607,06:14:10.607,okx,SOL/USDT:USDT,184.88,214.7,184.87,293.17,184.89,598.74,184.9,423.4
1753769650707,06:14:10.707,okx,SOL/USDT:USDT,184.88,214.7,184.87,293.17,184.89,598.97,184.9,423.67
1753769650807,06:14:10.807,okx,SOL/USDT:USDT,184.88,214.7,184.87,293.17,184.89,598.97,184.9,423.67
1753769651007,06:14:11.007,okx,SOL/USDT:USDT,184.88,314.63,184.87,293.17,184.89,571.72,184.9,395.07
1753769651307,06:14:11.307,okx,SOL/USDT:USDT,184.88,612.95,184.87,478.9,184.89,307.51,184.9,316.23
1753769651507,06:14:11.507,okx,SOL/USDT:USDT,184.88,664.35,184.87,452.7,184.89,317.65,184.9,316.23
1753769651707,06:14:11.707,okx,SOL/USDT:USDT,184.88,666.76,184.87,478.63,184.89,317.65,184.9,288.8
1753769652007,06:14:12.007,okx,SOL/USDT:USDT,184.88,666.76,184.87,478.63,184.89,317.65,184.9,288.8
1753769652107,06:14:12.107,okx,SOL/USDT:USDT,184.88,694.39,184.87,494.19,184.89,317.65,184.9,288.8
1753769653207,06:14:13.207,okx,SOL/USDT:USDT,184.88,634.73,184.87,448.37,184.89,321.26,184.9,289.06
1753769653507,06:14:13.507,okx,SOL/USDT:USDT,184.88,653.09,184.87,487.89,184.89,322.13,184.9,289.06
1753769653807,06:14:13.807,okx,SOL/USDT:USDT,184.88,675.81,184.87,452.69,184.89,58.1,184.9,185.56
1753769653907,06:14:13.907,okx,SOL/USDT:USDT,184.88,675.81,184.87,452.69,184.89,58.06,184.9,189.06
1753769654007,06:14:14.007,okx,SOL/USDT:USDT,184.88,675.81,184.87,452.69,184.89,58.06,184.9,238.18
1753769654507,06:14:14.507,okx,SOL/USDT:USDT,184.88,523.07,184.87,448.37,184.89,306.37,184.9,303.17
1753769654707,06:14:14.707,okx,SOL/USDT:USDT,184.88,353.65,184.87,448.35,184.89,396.74,184.9,296.2
1753769655107,06:14:15.107,okx,SOL/USDT:USDT,184.88,322.88,184.87,319.97,184.89,402.9,184.9,342.32
1753769655207,06:14:15.207,okx,SOL/USDT:USDT,184.88,322.88,184.87,319.97,184.89,451.23,184.9,342.32
1753769655507,06:14:15.507,okx,SOL/USDT:USDT,184.88,332.43,184.87,319.97,184.89,499.77,184.9,492.28
1753769655607,06:14:15.607,okx,SOL/USDT:USDT,184.88,332.43,184.87,319.97,184.89,451.68,184.9,492.34
1753769655707,06:14:15.707,okx,SOL/USDT:USDT,184.88,332.79,184.87,375.41,184.89,449.01,184.9,477.42
1753769656007,06:14:16.007,okx,SOL/USDT:USDT,184.88,332.79,184.87,375.41,184.89,401.04,184.9,495.84
