timestamp,time,exchange,symbol,bid1_price,bid1_volume,bid2_price,bid2_volume,ask1_price,ask1_volume,ask2_price,ask2_volume
1753769523718,06:12:03.718,bitmex,LTC/USDT:USDT,109.76,95000.0,109.75,315000.0,109.78,18000.0,109.79,5000.0
1753769524683,06:12:04.683,bitmex,LTC/USDT:USDT,109.76,95000.0,109.75,315000.0,109.79,5000.0,109.8,57000.0
1753769524732,06:12:04.732,bitmex,LTC/USDT:USDT,109.76,95000.0,109.75,315000.0,109.81,5000.0,109.84,5000.0
1753769524781,06:12:04.781,bitmex,LTC/USDT:USDT,109.76,95000.0,109.75,315000.0,109.81,5000.0,109.82,19000.0
1753769525613,06:12:05.613,bitmex,LTC/USDT:USDT,109.76,95000.0,109.75,315000.0,109.81,5000.0,109.82,19000.0
1753769525991,06:12:05.991,bitmex,LTC/USDT:USDT,109.73,5000.0,109.72,7000.0,109.76,27000.0,109.77,5000.0
1753769526040,06:12:06.040,bitmex,LTC/USDT:USDT,109.73,5000.0,109.72,7000.0,109.76,27000.0,109.77,5000.0
1753769526040,06:12:06.040,bitmex,LTC/USDT:USDT,109.73,5000.0,109.72,7000.0,109.76,27000.0,109.77,5000.0
1753769526089,06:12:06.089,bitmex,LTC/USDT:USDT,109.73,5000.0,109.72,7000.0,109.76,27000.0,109.77,5000.0
1753769526440,06:12:06.440,bitmex,LTC/USDT:USDT,109.74,94000.0,109.73,313000.0,109.76,27000.0,109.78,57000.0
1753769526489,06:12:06.489,bitmex,LTC/USDT:USDT,109.74,94000.0,109.73,313000.0,109.78,37000.0,109.79,5000.0
1753769526587,06:12:06.587,bitmex,LTC/USDT:USDT,109.74,94000.0,109.73,313000.0,109.78,23000.0,109.8,62000.0
1753769526636,06:12:06.636,bitmex,LTC/USDT:USDT,109.74,94000.0,109.73,313000.0,109.78,23000.0,109.79,19000.0
1753769526702,06:12:06.702,bitmex,LTC/USDT:USDT,109.74,94000.0,109.73,313000.0,109.78,23000.0,109.79,19000.0
1753769526753,06:12:06.753,bitmex,LTC/USDT:USDT,109.74,94000.0,109.73,313000.0,109.78,23000.0,109.79,19000.0
1753769526975,06:12:06.975,bitmex,LTC/USDT:USDT,109.74,94000.0,109.73,313000.0,109.77,18000.0,109.78,23000.0
1753769527024,06:12:07.024,bitmex,LTC/USDT:USDT,109.74,94000.0,109.73,313000.0,109.76,18000.0,109.78,5000.0
1753769527073,06:12:07.073,bitmex,LTC/USDT:USDT,109.74,94000.0,109.73,313000.0,109.76,18000.0,109.78,62000.0
1753769527125,06:12:07.125,bitmex,LTC/USDT:USDT,109.74,94000.0,109.73,313000.0,109.76,18000.0,109.78,62000.0
1753769527175,06:12:07.175,bitmex,LTC/USDT:USDT,109.74,94000.0,109.73,313000.0,109.76,18000.0,109.78,62000.0
1753769528253,06:12:08.253,bitmex,LTC/USDT:USDT,109.74,94000.0,109.73,313000.0,109.76,18000.0,109.78,62000.0
1753769528756,06:12:08.756,bitmex,LTC/USDT:USDT,109.74,94000.0,109.73,313000.0,109.76,18000.0,109.78,62000.0
1753769528806,06:12:08.806,bitmex,LTC/USDT:USDT,109.74,94000.0,109.73,313000.0,109.76,18000.0,109.77,19000.0
1753769528855,06:12:08.855,bitmex,LTC/USDT:USDT,109.74,94000.0,109.73,308000.0,109.76,18000.0,109.77,19000.0
1753769528904,06:12:08.904,bitmex,LTC/USDT:USDT,109.73,308000.0,109.72,7000.0,109.74,18000.0,109.76,62000.0
1753769529059,06:12:09.059,bitmex,LTC/USDT:USDT,109.73,308000.0,109.7,12000.0,109.74,18000.0,109.76,62000.0
1753769529116,06:12:09.116,bitmex,LTC/USDT:USDT,109.73,308000.0,109.7,12000.0,109.74,18000.0,109.76,62000.0
1753769529992,06:12:09.992,bitmex,LTC/USDT:USDT,109.73,308000.0,109.7,12000.0,109.74,18000.0,109.76,62000.0
1753769530636,06:12:10.636,bitmex,LTC/USDT:USDT,109.73,308000.0,109.7,12000.0,109.74,18000.0,109.76,62000.0
1753769531419,06:12:11.419,bitmex,LTC/USDT:USDT,109.74,92000.0,109.73,308000.0,109.76,37000.0,109.78,62000.0
1753769531646,06:12:11.646,bitmex,LTC/USDT:USDT,109.74,92000.0,109.73,308000.0,109.76,37000.0,109.78,62000.0
1753769531695,06:12:11.695,bitmex,LTC/USDT:USDT,109.74,92000.0,109.73,308000.0,109.76,37000.0,109.78,62000.0
1753769531978,06:12:11.978,bitmex,LTC/USDT:USDT,109.74,92000.0,109.73,308000.0,109.76,37000.0,109.78,62000.0
1753769532050,06:12:12.050,bitmex,LTC/USDT:USDT,109.74,92000.0,109.73,308000.0,109.76,37000.0,109.78,62000.0
1753769532437,06:12:12.437,bitmex,LTC/USDT:USDT,109.74,92000.0,109.73,308000.0,109.76,37000.0,109.78,62000.0
1753769532486,06:12:12.486,bitmex,LTC/USDT:USDT,109.74,92000.0,109.73,308000.0,109.76,37000.0,109.77,19000.0
1753769532584,06:12:12.584,bitmex,LTC/USDT:USDT,109.73,308000.0,109.72,7000.0,109.75,18000.0,109.77,76000.0
1753769534000,06:12:14.000,bitmex,LTC/USDT:USDT,109.74,92000.0,109.73,308000.0,109.76,18000.0,109.78,5000.0
1753769534151,06:12:14.151,bitmex,LTC/USDT:USDT,109.74,92000.0,109.73,308000.0,109.76,18000.0,109.77,19000.0
1753769534317,06:12:14.317,bitmex,LTC/USDT:USDT,109.74,92000.0,109.73,308000.0,109.76,18000.0,109.77,19000.0
1753769534367,06:12:14.367,bitmex,LTC/USDT:USDT,109.74,92000.0,109.73,308000.0,109.76,18000.0,109.77,19000.0
1753769534469,06:12:14.469,bitmex,LTC/USDT:USDT,109.74,92000.0,109.73,308000.0,109.76,18000.0,109.77,19000.0
1753769535647,06:12:15.647,bitmex,LTC/USDT:USDT,109.74,92000.0,109.73,308000.0,109.76,18000.0,109.78,62000.0
1753769536202,06:12:16.202,bitmex,LTC/USDT:USDT,109.74,92000.0,109.73,308000.0,109.76,18000.0,109.78,62000.0
1753769536252,06:12:16.252,bitmex,LTC/USDT:USDT,109.74,92000.0,109.73,308000.0,109.76,18000.0,109.78,62000.0
1753769536566,06:12:16.566,bitmex,LTC/USDT:USDT,109.74,92000.0,109.73,308000.0,109.76,18000.0,109.78,62000.0
1753769536664,06:12:16.664,bitmex,LTC/USDT:USDT,109.74,92000.0,109.73,308000.0,109.76,18000.0,109.78,62000.0
1753769538003,06:12:18.003,bitmex,LTC/USDT:USDT,109.75,5000.0,109.74,99000.0,109.77,18000.0,109.78,5000.0
1753769538052,06:12:18.052,bitmex,LTC/USDT:USDT,109.74,99000.0,109.73,308000.0,109.77,18000.0,109.78,5000.0
1753769538101,06:12:18.101,bitmex,LTC/USDT:USDT,109.74,99000.0,109.73,308000.0,109.77,18000.0,109.78,5000.0
1753769538150,06:12:18.150,bitmex,LTC/USDT:USDT,109.74,99000.0,109.73,308000.0,109.77,18000.0,109.78,5000.0
1753769538219,06:12:18.219,bitmex,LTC/USDT:USDT,109.74,99000.0,109.73,308000.0,109.77,18000.0,109.78,5000.0
1753769539137,06:12:19.137,bitmex,LTC/USDT:USDT,109.74,92000.0,109.73,308000.0,109.77,18000.0,109.79,57000.0
1753769539366,06:12:19.366,bitmex,LTC/USDT:USDT,109.74,92000.0,109.73,308000.0,109.79,57000.0,109.81,5000.0
1753769539464,06:12:19.464,bitmex,LTC/USDT:USDT,109.75,5000.0,109.74,92000.0,109.78,18000.0,109.8,76000.0
1753769539541,06:12:19.541,bitmex,LTC/USDT:USDT,109.75,5000.0,109.74,92000.0,109.78,18000.0,109.8,76000.0
1753769539590,06:12:19.590,bitmex,LTC/USDT:USDT,109.75,5000.0,109.74,92000.0,109.78,18000.0,109.8,57000.0
1753769539667,06:12:19.667,bitmex,LTC/USDT:USDT,109.75,5000.0,109.74,92000.0,109.78,18000.0,109.8,57000.0
1753769540972,06:12:20.972,bitmex,LTC/USDT:USDT,109.76,308000.0,109.75,5000.0,109.79,18000.0,109.81,62000.0
1753769541021,06:12:21.021,bitmex,LTC/USDT:USDT,109.77,92000.0,109.76,308000.0,109.79,18000.0,109.81,62000.0
1753769541087,06:12:21.087,bitmex,LTC/USDT:USDT,109.77,92000.0,109.76,308000.0,109.79,18000.0,109.81,62000.0
1753769541726,06:12:21.726,bitmex,LTC/USDT:USDT,109.77,92000.0,109.76,308000.0,109.81,62000.0,109.83,5000.0
1753769541775,06:12:21.775,bitmex,LTC/USDT:USDT,109.77,92000.0,109.76,308000.0,109.8,5000.0,109.83,5000.0
1753769541824,06:12:21.824,bitmex,LTC/USDT:USDT,109.77,92000.0,109.76,308000.0,109.8,5000.0,109.82,57000.0
1753769542649,06:12:22.649,bitmex,LTC/USDT:USDT,109.76,308000.0,109.75,5000.0,109.79,18000.0,109.81,62000.0
1753769542737,06:12:22.737,bitmex,LTC/USDT:USDT,109.76,308000.0,109.75,5000.0,109.79,18000.0,109.81,62000.0
1753769542786,06:12:22.786,bitmex,LTC/USDT:USDT,109.77,92000.0,109.76,308000.0,109.79,18000.0,109.8,19000.0
1753769542841,06:12:22.841,bitmex,LTC/USDT:USDT,109.77,92000.0,109.76,308000.0,109.79,18000.0,109.8,19000.0
1753769542962,06:12:22.962,bitmex,LTC/USDT:USDT,109.77,92000.0,109.76,308000.0,109.79,18000.0,109.8,19000.0
1753769543011,06:12:23.011,bitmex,LTC/USDT:USDT,109.77,92000.0,109.76,308000.0,109.79,18000.0,109.8,19000.0
1753769543208,06:12:23.208,bitmex,LTC/USDT:USDT,109.77,92000.0,109.76,308000.0,109.79,18000.0,109.81,62000.0
1753769543917,06:12:23.917,bitmex,LTC/USDT:USDT,109.77,92000.0,109.76,308000.0,109.79,18000.0,109.81,62000.0
1753769545338,06:12:25.338,bitmex,LTC/USDT:USDT,109.77,92000.0,109.76,308000.0,109.81,62000.0,109.83,5000.0
1753769545388,06:12:25.388,bitmex,LTC/USDT:USDT,109.77,92000.0,109.76,308000.0,109.8,5000.0,109.82,19000.0
1753769545437,06:12:25.437,bitmex,LTC/USDT:USDT,109.77,92000.0,109.76,308000.0,109.8,5000.0,109.82,76000.0
1753769545486,06:12:25.486,bitmex,LTC/USDT:USDT,109.77,92000.0,109.76,308000.0,109.8,5000.0,109.82,57000.0
1753769545802,06:12:25.802,bitmex,LTC/USDT:USDT,109.77,92000.0,109.76,308000.0,109.8,5000.0,109.82,57000.0
1753769546835,06:12:26.835,bitmex,LTC/USDT:USDT,109.76,308000.0,109.75,5000.0,109.78,18000.0,109.8,62000.0
1753769546884,06:12:26.884,bitmex,LTC/USDT:USDT,109.76,308000.0,109.75,5000.0,109.78,18000.0,109.8,62000.0
1753769547524,06:12:27.524,bitmex,LTC/USDT:USDT,109.76,308000.0,109.75,5000.0,109.78,18000.0,109.8,62000.0
1753769548471,06:12:28.471,bitmex,LTC/USDT:USDT,109.76,308000.0,109.75,5000.0,109.78,18000.0,109.8,62000.0
1753769548520,06:12:28.520,bitmex,LTC/USDT:USDT,109.76,308000.0,109.75,5000.0,109.78,18000.0,109.8,62000.0
1753769550259,06:12:30.259,bitmex,LTC/USDT:USDT,109.75,5000.0,109.74,307000.0,109.76,18000.0,109.78,62000.0
1753769550309,06:12:30.309,bitmex,LTC/USDT:USDT,109.74,307000.0,109.73,5000.0,109.78,57000.0,109.83,5000.0
1753769552074,06:12:32.074,bitmex,LTC/USDT:USDT,109.78,5000.0,109.77,307000.0,109.81,37000.0,109.83,62000.0
1753769552393,06:12:32.393,bitmex,LTC/USDT:USDT,109.78,97000.0,109.77,307000.0,109.81,37000.0,109.83,62000.0
1753769552442,06:12:32.442,bitmex,LTC/USDT:USDT,109.78,97000.0,109.77,307000.0,109.81,37000.0,109.83,62000.0
1753769552764,06:12:32.764,bitmex,LTC/USDT:USDT,109.78,97000.0,109.77,307000.0,109.81,37000.0,109.82,19000.0
1753769553682,06:12:33.682,bitmex,LTC/USDT:USDT,109.79,5000.0,109.78,92000.0,109.81,18000.0,109.83,62000.0
1753769553845,06:12:33.845,bitmex,LTC/USDT:USDT,109.78,92000.0,109.77,307000.0,109.81,18000.0,109.82,19000.0
1753769554015,06:12:34.015,bitmex,LTC/USDT:USDT,109.78,92000.0,109.77,307000.0,109.81,18000.0,109.82,19000.0
1753769554064,06:12:34.064,bitmex,LTC/USDT:USDT,109.78,92000.0,109.77,307000.0,109.81,18000.0,109.82,19000.0
1753769554191,06:12:34.191,bitmex,LTC/USDT:USDT,109.78,92000.0,109.77,307000.0,109.81,18000.0,109.82,19000.0
1753769554267,06:12:34.267,bitmex,LTC/USDT:USDT,109.78,92000.0,109.77,307000.0,109.81,18000.0,109.82,19000.0
1753769555123,06:12:35.123,bitmex,LTC/USDT:USDT,109.78,92000.0,109.77,307000.0,109.8,18000.0,109.82,76000.0
1753769555213,06:12:35.213,bitmex,LTC/USDT:USDT,109.78,92000.0,109.77,307000.0,109.8,18000.0,109.82,76000.0
1753769555263,06:12:35.263,bitmex,LTC/USDT:USDT,109.78,92000.0,109.77,307000.0,109.8,18000.0,109.82,57000.0
1753769555403,06:12:35.403,bitmex,LTC/USDT:USDT,109.78,92000.0,109.77,307000.0,109.8,18000.0,109.82,57000.0
1753769555453,06:12:35.453,bitmex,LTC/USDT:USDT,109.78,92000.0,109.77,307000.0,109.8,18000.0,109.82,57000.0
1753769556240,06:12:36.240,bitmex,LTC/USDT:USDT,109.78,92000.0,109.77,307000.0,109.82,57000.0,109.83,5000.0
1753769557916,06:12:37.916,bitmex,LTC/USDT:USDT,109.78,92000.0,109.77,307000.0,109.82,37000.0,109.83,5000.0
1753769557965,06:12:37.965,bitmex,LTC/USDT:USDT,109.78,92000.0,109.77,307000.0,109.82,37000.0,109.83,5000.0
1753769558443,06:12:38.443,bitmex,LTC/USDT:USDT,109.78,92000.0,109.77,307000.0,109.81,5000.0,109.82,37000.0
1753769558492,06:12:38.492,bitmex,LTC/USDT:USDT,109.78,92000.0,109.77,307000.0,109.81,5000.0,109.82,19000.0
1753769558571,06:12:38.571,bitmex,LTC/USDT:USDT,109.78,92000.0,109.77,307000.0,109.81,5000.0,109.82,19000.0
1753769558838,06:12:38.838,bitmex,LTC/USDT:USDT,109.78,92000.0,109.77,307000.0,109.82,19000.0,109.83,62000.0
1753769558888,06:12:38.888,bitmex,LTC/USDT:USDT,109.78,92000.0,109.77,307000.0,109.82,5000.0,109.84,57000.0
1753769559377,06:12:39.377,bitmex,LTC/USDT:USDT,109.78,92000.0,109.77,307000.0,109.82,5000.0,109.84,57000.0
1753769559426,06:12:39.426,bitmex,LTC/USDT:USDT,109.77,307000.0,109.76,5000.0,109.79,18000.0,109.82,5000.0
1753769559475,06:12:39.475,bitmex,LTC/USDT:USDT,109.77,307000.0,109.76,5000.0,109.79,18000.0,109.81,57000.0
1753769559524,06:12:39.524,bitmex,LTC/USDT:USDT,109.77,307000.0,109.76,5000.0,109.79,18000.0,109.81,57000.0
1753769560014,06:12:40.014,bitmex,LTC/USDT:USDT,109.78,92000.0,109.77,307000.0,109.81,37000.0,109.82,5000.0
1753769560203,06:12:40.203,bitmex,LTC/USDT:USDT,109.78,92000.0,109.77,307000.0,109.81,37000.0,109.82,5000.0
1753769560253,06:12:40.253,bitmex,LTC/USDT:USDT,109.78,92000.0,109.77,307000.0,109.81,37000.0,109.82,5000.0
1753769560583,06:12:40.583,bitmex,LTC/USDT:USDT,109.78,92000.0,109.77,307000.0,109.81,37000.0,109.82,5000.0
1753769560632,06:12:40.632,bitmex,LTC/USDT:USDT,109.78,92000.0,109.77,307000.0,109.81,37000.0,109.82,5000.0
1753769560919,06:12:40.919,bitmex,LTC/USDT:USDT,109.78,92000.0,109.77,307000.0,109.81,37000.0,109.82,5000.0
1753769560969,06:12:40.969,bitmex,LTC/USDT:USDT,109.78,92000.0,109.77,307000.0,109.81,37000.0,109.82,5000.0
1753769561018,06:12:41.018,bitmex,LTC/USDT:USDT,109.78,92000.0,109.77,307000.0,109.8,5000.0,109.81,37000.0
1753769561067,06:12:41.067,bitmex,LTC/USDT:USDT,109.78,92000.0,109.77,307000.0,109.82,5000.0,109.84,57000.0
1753769561415,06:12:41.415,bitmex,LTC/USDT:USDT,109.78,92000.0,109.77,307000.0,109.82,5000.0,109.84,57000.0
1753769561464,06:12:41.464,bitmex,LTC/USDT:USDT,109.78,92000.0,109.77,307000.0,109.82,5000.0,109.83,19000.0
1753769562572,06:12:42.572,bitmex,LTC/USDT:USDT,109.78,92000.0,109.77,307000.0,109.82,5000.0,109.83,19000.0
1753769562622,06:12:42.622,bitmex,LTC/USDT:USDT,109.78,92000.0,109.77,307000.0,109.82,5000.0,109.83,19000.0
1753769562852,06:12:42.852,bitmex,LTC/USDT:USDT,109.78,92000.0,109.77,307000.0,109.82,5000.0,109.83,19000.0
1753769563316,06:12:43.316,bitmex,LTC/USDT:USDT,109.78,92000.0,109.77,307000.0,109.82,5000.0,109.83,19000.0
1753769563507,06:12:43.507,bitmex,LTC/USDT:USDT,109.78,92000.0,109.77,307000.0,109.82,5000.0,109.83,19000.0
1753769563556,06:12:43.556,bitmex,LTC/USDT:USDT,109.78,92000.0,109.77,307000.0,109.82,5000.0,109.83,19000.0
1753769564333,06:12:44.333,bitmex,LTC/USDT:USDT,109.78,92000.0,109.77,307000.0,109.82,5000.0,109.83,19000.0
1753769564382,06:12:44.382,bitmex,LTC/USDT:USDT,109.78,92000.0,109.77,307000.0,109.82,5000.0,109.83,19000.0
1753769565003,06:12:45.003,bitmex,LTC/USDT:USDT,109.78,92000.0,109.77,307000.0,109.82,5000.0,109.83,19000.0
1753769565052,06:12:45.052,bitmex,LTC/USDT:USDT,109.78,92000.0,109.77,307000.0,109.82,5000.0,109.83,19000.0
1753769565571,06:12:45.571,bitmex,LTC/USDT:USDT,109.79,5000.0,109.78,92000.0,109.82,5000.0,109.83,19000.0
1753769565689,06:12:45.689,bitmex,LTC/USDT:USDT,109.78,92000.0,109.77,307000.0,109.81,18000.0,109.83,76000.0
1753769565738,06:12:45.738,bitmex,LTC/USDT:USDT,109.78,92000.0,109.77,307000.0,109.81,18000.0,109.83,57000.0
1753769565950,06:12:45.950,bitmex,LTC/USDT:USDT,109.79,5000.0,109.78,92000.0,109.81,18000.0,109.83,57000.0
1753769566000,06:12:46.000,bitmex,LTC/USDT:USDT,109.79,5000.0,109.78,92000.0,109.81,18000.0,109.83,57000.0
1753769566444,06:12:46.444,bitmex,LTC/USDT:USDT,109.79,5000.0,109.78,92000.0,109.81,18000.0,109.83,57000.0
1753769566494,06:12:46.494,bitmex,LTC/USDT:USDT,109.79,5000.0,109.78,92000.0,109.81,18000.0,109.83,57000.0
1753769566572,06:12:46.572,bitmex,LTC/USDT:USDT,109.79,5000.0,109.78,92000.0,109.81,18000.0,109.83,57000.0
1753769566621,06:12:46.621,bitmex,LTC/USDT:USDT,109.79,5000.0,109.78,92000.0,109.81,18000.0,109.83,57000.0
1753769566670,06:12:46.670,bitmex,LTC/USDT:USDT,109.79,5000.0,109.78,92000.0,109.83,37000.0,109.84,5000.0
1753769566719,06:12:46.719,bitmex,LTC/USDT:USDT,109.79,5000.0,109.78,92000.0,109.82,18000.0,109.83,5000.0
1753769566768,06:12:46.768,bitmex,LTC/USDT:USDT,109.79,5000.0,109.78,92000.0,109.82,18000.0,109.83,5000.0
1753769568515,06:12:48.515,bitmex,LTC/USDT:USDT,109.79,5000.0,109.78,92000.0,109.82,18000.0,109.83,5000.0
1753769568565,06:12:48.565,bitmex,LTC/USDT:USDT,109.79,5000.0,109.78,92000.0,109.82,18000.0,109.83,5000.0
1753769568947,06:12:48.947,bitmex,LTC/USDT:USDT,109.79,5000.0,109.78,92000.0,109.82,18000.0,109.83,5000.0
1753769569029,06:12:49.029,bitmex,LTC/USDT:USDT,109.79,5000.0,109.78,92000.0,109.82,18000.0,109.83,5000.0
1753769569078,06:12:49.078,bitmex,LTC/USDT:USDT,109.79,5000.0,109.78,92000.0,109.82,18000.0,109.83,5000.0
1753769569804,06:12:49.804,bitmex,LTC/USDT:USDT,109.79,5000.0,109.78,92000.0,109.82,18000.0,109.83,5000.0
1753769569854,06:12:49.854,bitmex,LTC/USDT:USDT,109.79,5000.0,109.78,92000.0,109.82,18000.0,109.83,5000.0
1753769570853,06:12:50.853,bitmex,LTC/USDT:USDT,109.79,5000.0,109.78,92000.0,109.82,18000.0,109.83,5000.0
1753769572561,06:12:52.561,bitmex,LTC/USDT:USDT,109.79,5000.0,109.78,92000.0,109.82,18000.0,109.83,5000.0
1753769573068,06:12:53.068,bitmex,LTC/USDT:USDT,109.79,5000.0,109.78,92000.0,109.82,18000.0,109.83,5000.0
1753769573118,06:12:53.118,bitmex,LTC/USDT:USDT,109.79,5000.0,109.78,92000.0,109.82,18000.0,109.83,5000.0
1753769574100,06:12:54.100,bitmex,LTC/USDT:USDT,109.79,5000.0,109.78,92000.0,109.82,18000.0,109.83,5000.0
1753769574150,06:12:54.150,bitmex,LTC/USDT:USDT,109.79,5000.0,109.78,92000.0,109.82,18000.0,109.83,5000.0
1753769574450,06:12:54.450,bitmex,LTC/USDT:USDT,109.79,5000.0,109.78,92000.0,109.82,18000.0,109.83,5000.0
1753769574604,06:12:54.604,bitmex,LTC/USDT:USDT,109.79,5000.0,109.78,92000.0,109.82,18000.0,109.83,5000.0
1753769574653,06:12:54.653,bitmex,LTC/USDT:USDT,109.79,5000.0,109.78,92000.0,109.82,18000.0,109.83,5000.0
1753769575513,06:12:55.513,bitmex,LTC/USDT:USDT,109.79,5000.0,109.78,92000.0,109.82,18000.0,109.83,5000.0
1753769575563,06:12:55.563,bitmex,LTC/USDT:USDT,109.79,5000.0,109.78,92000.0,109.82,18000.0,109.83,5000.0
1753769575765,06:12:55.765,bitmex,LTC/USDT:USDT,109.79,5000.0,109.78,92000.0,109.82,18000.0,109.83,5000.0
1753769575815,06:12:55.815,bitmex,LTC/USDT:USDT,109.79,5000.0,109.78,92000.0,109.83,5000.0,109.84,20000.0
1753769575864,06:12:55.864,bitmex,LTC/USDT:USDT,109.79,5000.0,109.78,92000.0,109.84,5000.0,109.85,29000.0
1753769575913,06:12:55.913,bitmex,LTC/USDT:USDT,109.79,5000.0,109.78,92000.0,109.84,5000.0,109.85,29000.0
1753769576342,06:12:56.342,bitmex,LTC/USDT:USDT,109.79,5000.0,109.78,92000.0,109.84,5000.0,109.85,29000.0
1753769576391,06:12:56.391,bitmex,LTC/USDT:USDT,109.79,5000.0,109.78,92000.0,109.84,5000.0,109.85,29000.0
1753769576647,06:12:56.647,bitmex,LTC/USDT:USDT,109.79,5000.0,109.78,92000.0,109.84,5000.0,109.85,29000.0
1753769576935,06:12:56.935,bitmex,LTC/USDT:USDT,109.79,5000.0,109.78,92000.0,109.84,5000.0,109.85,29000.0
1753769576985,06:12:56.985,bitmex,LTC/USDT:USDT,109.79,5000.0,109.78,92000.0,109.84,5000.0,109.85,29000.0
1753769577034,06:12:57.034,bitmex,LTC/USDT:USDT,109.79,5000.0,109.78,92000.0,109.84,5000.0,109.85,29000.0
1753769577866,06:12:57.866,bitmex,LTC/USDT:USDT,109.79,5000.0,109.78,92000.0,109.84,5000.0,109.85,29000.0
1753769578546,06:12:58.546,bitmex,LTC/USDT:USDT,109.79,5000.0,109.78,92000.0,109.84,5000.0,109.85,29000.0
1753769579453,06:12:59.453,bitmex,LTC/USDT:USDT,109.79,5000.0,109.78,92000.0,109.84,5000.0,109.85,29000.0
1753769580145,06:13:00.145,bitmex,LTC/USDT:USDT,109.79,5000.0,109.78,92000.0,109.84,5000.0,109.85,29000.0
1753769580194,06:13:00.194,bitmex,LTC/USDT:USDT,109.79,5000.0,109.78,92000.0,109.84,5000.0,109.85,29000.0
1753769580508,06:13:00.508,bitmex,LTC/USDT:USDT,109.79,5000.0,109.78,92000.0,109.8,18000.0,109.82,57000.0
1753769580557,06:13:00.557,bitmex,LTC/USDT:USDT,109.79,5000.0,109.78,92000.0,109.8,18000.0,109.82,57000.0
1753769581489,06:13:01.489,bitmex,LTC/USDT:USDT,109.79,5000.0,109.78,92000.0,109.8,18000.0,109.82,57000.0
1753769581553,06:13:01.553,bitmex,LTC/USDT:USDT,109.79,5000.0,109.78,92000.0,109.82,57000.0,109.84,5000.0
1753769581603,06:13:01.603,bitmex,LTC/USDT:USDT,109.79,5000.0,109.78,92000.0,109.82,37000.0,109.84,5000.0
1753769581652,06:13:01.652,bitmex,LTC/USDT:USDT,109.79,5000.0,109.78,92000.0,109.82,37000.0,109.83,19000.0
1753769581901,06:13:01.901,bitmex,LTC/USDT:USDT,109.79,5000.0,109.78,92000.0,109.82,37000.0,109.83,19000.0
1753769581950,06:13:01.950,bitmex,LTC/USDT:USDT,109.79,5000.0,109.78,92000.0,109.82,37000.0,109.83,19000.0
1753769582357,06:13:02.357,bitmex,LTC/USDT:USDT,109.79,5000.0,109.78,92000.0,109.82,37000.0,109.83,19000.0
1753769582976,06:13:02.976,bitmex,LTC/USDT:USDT,109.79,5000.0,109.78,92000.0,109.82,37000.0,109.83,19000.0
1753769583892,06:13:03.892,bitmex,LTC/USDT:USDT,109.79,5000.0,109.78,92000.0,109.8,18000.0,109.82,37000.0
1753769583941,06:13:03.941,bitmex,LTC/USDT:USDT,109.78,92000.0,109.77,314000.0,109.8,18000.0,109.82,37000.0
1753769584040,06:13:04.040,bitmex,LTC/USDT:USDT,109.78,92000.0,109.77,314000.0,109.8,18000.0,109.82,42000.0
1753769584099,06:13:04.099,bitmex,LTC/USDT:USDT,109.79,5000.0,109.78,92000.0,109.8,18000.0,109.82,42000.0
1753769584149,06:13:04.149,bitmex,LTC/USDT:USDT,109.78,92000.0,109.77,314000.0,109.8,18000.0,109.82,42000.0
1753769584204,06:13:04.204,bitmex,LTC/USDT:USDT,109.78,92000.0,109.77,314000.0,109.8,18000.0,109.82,42000.0
1753769584994,06:13:04.994,bitmex,LTC/USDT:USDT,109.78,92000.0,109.77,314000.0,109.8,18000.0,109.82,42000.0
1753769585867,06:13:05.867,bitmex,LTC/USDT:USDT,109.79,5000.0,109.78,92000.0,109.82,37000.0,109.84,5000.0
1753769585916,06:13:05.916,bitmex,LTC/USDT:USDT,109.79,5000.0,109.78,92000.0,109.82,37000.0,109.83,19000.0
1753769586365,06:13:06.365,bitmex,LTC/USDT:USDT,109.79,5000.0,109.78,92000.0,109.82,37000.0,109.83,19000.0
1753769586415,06:13:06.415,bitmex,LTC/USDT:USDT,109.79,5000.0,109.78,92000.0,109.82,37000.0,109.83,19000.0
1753769587152,06:13:07.152,bitmex,LTC/USDT:USDT,109.78,92000.0,109.77,314000.0,109.82,37000.0,109.83,19000.0
1753769587201,06:13:07.201,bitmex,LTC/USDT:USDT,109.78,92000.0,109.77,314000.0,109.8,18000.0,109.82,62000.0
1753769587300,06:13:07.300,bitmex,LTC/USDT:USDT,109.78,92000.0,109.77,314000.0,109.8,18000.0,109.82,57000.0
1753769587349,06:13:07.349,bitmex,LTC/USDT:USDT,109.79,5000.0,109.78,92000.0,109.82,37000.0,109.83,19000.0
1753769587398,06:13:07.398,bitmex,LTC/USDT:USDT,109.79,5000.0,109.78,92000.0,109.81,18000.0,109.83,19000.0
1753769587447,06:13:07.447,bitmex,LTC/USDT:USDT,109.79,5000.0,109.78,92000.0,109.81,18000.0,109.83,76000.0
1753769587496,06:13:07.496,bitmex,LTC/USDT:USDT,109.79,5000.0,109.78,92000.0,109.81,18000.0,109.83,57000.0
1753769587545,06:13:07.545,bitmex,LTC/USDT:USDT,109.79,5000.0,109.78,92000.0,109.81,18000.0,109.83,57000.0
1753769587694,06:13:07.694,bitmex,LTC/USDT:USDT,109.79,5000.0,109.78,92000.0,109.81,18000.0,109.83,57000.0
1753769587744,06:13:07.744,bitmex,LTC/USDT:USDT,109.78,92000.0,109.77,314000.0,109.8,18000.0,109.82,5000.0
1753769587793,06:13:07.793,bitmex,LTC/USDT:USDT,109.78,92000.0,109.77,314000.0,109.8,18000.0,109.82,62000.0
1753769587855,06:13:07.855,bitmex,LTC/USDT:USDT,109.78,92000.0,109.77,314000.0,109.8,18000.0,109.82,62000.0
1753769587904,06:13:07.904,bitmex,LTC/USDT:USDT,109.78,92000.0,109.77,314000.0,109.8,18000.0,109.82,62000.0
1753769588063,06:13:08.063,bitmex,LTC/USDT:USDT,109.78,92000.0,109.77,314000.0,109.8,18000.0,109.82,62000.0
1753769588172,06:13:08.172,bitmex,LTC/USDT:USDT,109.78,92000.0,109.77,314000.0,109.8,18000.0,109.82,62000.0
1753769588366,06:13:08.366,bitmex,LTC/USDT:USDT,109.78,92000.0,109.77,314000.0,109.8,18000.0,109.82,62000.0
1753769588542,06:13:08.542,bitmex,LTC/USDT:USDT,109.78,92000.0,109.77,314000.0,109.8,18000.0,109.82,62000.0
1753769588591,06:13:08.591,bitmex,LTC/USDT:USDT,109.78,92000.0,109.77,314000.0,109.8,18000.0,109.82,62000.0
1753769589003,06:13:09.003,bitmex,LTC/USDT:USDT,109.78,92000.0,109.77,314000.0,109.8,18000.0,109.82,62000.0
1753769589053,06:13:09.053,bitmex,LTC/USDT:USDT,109.78,92000.0,109.77,314000.0,109.8,18000.0,109.82,62000.0
1753769590064,06:13:10.064,bitmex,LTC/USDT:USDT,109.78,92000.0,109.77,314000.0,109.8,18000.0,109.82,62000.0
1753769590114,06:13:10.114,bitmex,LTC/USDT:USDT,109.78,92000.0,109.77,314000.0,109.8,18000.0,109.82,62000.0
1753769590312,06:13:10.312,bitmex,LTC/USDT:USDT,109.78,92000.0,109.77,314000.0,109.8,18000.0,109.82,62000.0
1753769590362,06:13:10.362,bitmex,LTC/USDT:USDT,109.78,92000.0,109.77,314000.0,109.8,18000.0,109.82,62000.0
1753769591817,06:13:11.817,bitmex,LTC/USDT:USDT,109.78,92000.0,109.77,314000.0,109.8,18000.0,109.82,62000.0
1753769593677,06:13:13.677,bitmex,LTC/USDT:USDT,109.76,5000.0,109.75,7000.0,109.77,18000.0,109.79,57000.0
1753769593785,06:13:13.785,bitmex,LTC/USDT:USDT,109.76,5000.0,109.75,7000.0,109.77,18000.0,109.79,57000.0
1753769593834,06:13:13.834,bitmex,LTC/USDT:USDT,109.76,312000.0,109.75,7000.0,109.77,18000.0,109.79,57000.0
1753769594057,06:13:14.057,bitmex,LTC/USDT:USDT,109.76,312000.0,109.75,7000.0,109.77,18000.0,109.79,57000.0
1753769594114,06:13:14.114,bitmex,LTC/USDT:USDT,109.76,312000.0,109.75,7000.0,109.79,57000.0,109.8,5000.0
1753769594164,06:13:14.164,bitmex,LTC/USDT:USDT,109.77,94000.0,109.76,312000.0,109.79,37000.0,109.8,5000.0
1753769594213,06:13:14.213,bitmex,LTC/USDT:USDT,109.77,94000.0,109.76,312000.0,109.79,37000.0,109.8,5000.0
1753769594354,06:13:14.354,bitmex,LTC/USDT:USDT,109.77,94000.0,109.76,312000.0,109.79,37000.0,109.8,5000.0
1753769594404,06:13:14.404,bitmex,LTC/USDT:USDT,109.77,94000.0,109.76,312000.0,109.79,37000.0,109.8,5000.0
1753769595409,06:13:15.409,bitmex,LTC/USDT:USDT,109.77,94000.0,109.76,307000.0,109.78,18000.0,109.79,37000.0
1753769595557,06:13:15.557,bitmex,LTC/USDT:USDT,109.76,307000.0,109.75,7000.0,109.77,18000.0,109.79,57000.0
1753769595979,06:13:15.979,bitmex,LTC/USDT:USDT,109.76,307000.0,109.75,7000.0,109.77,18000.0,109.79,57000.0
1753769596029,06:13:16.029,bitmex,LTC/USDT:USDT,109.76,307000.0,109.75,7000.0,109.77,18000.0,109.79,57000.0
1753769596078,06:13:16.078,bitmex,LTC/USDT:USDT,109.76,307000.0,109.75,7000.0,109.77,18000.0,109.79,57000.0
1753769596333,06:13:16.333,bitmex,LTC/USDT:USDT,109.76,307000.0,109.73,5000.0,109.77,18000.0,109.79,57000.0
1753769596382,06:13:16.382,bitmex,LTC/USDT:USDT,109.76,307000.0,109.73,5000.0,109.77,18000.0,109.79,57000.0
1753769596491,06:13:16.491,bitmex,LTC/USDT:USDT,109.76,307000.0,109.73,5000.0,109.77,18000.0,109.79,57000.0
1753769597058,06:13:17.058,bitmex,LTC/USDT:USDT,109.76,307000.0,109.73,5000.0,109.77,18000.0,109.79,57000.0
1753769597113,06:13:17.113,bitmex,LTC/USDT:USDT,109.76,307000.0,109.73,5000.0,109.77,18000.0,109.79,57000.0
1753769597163,06:13:17.163,bitmex,LTC/USDT:USDT,109.76,307000.0,109.73,5000.0,109.77,18000.0,109.79,57000.0
1753769597641,06:13:17.641,bitmex,LTC/USDT:USDT,109.76,307000.0,109.73,5000.0,109.77,18000.0,109.79,57000.0
1753769597691,06:13:17.691,bitmex,LTC/USDT:USDT,109.76,307000.0,109.73,5000.0,109.77,18000.0,109.79,57000.0
1753769597874,06:13:17.874,bitmex,LTC/USDT:USDT,109.76,307000.0,109.73,5000.0,109.77,18000.0,109.79,57000.0
1753769597924,06:13:17.924,bitmex,LTC/USDT:USDT,109.76,307000.0,109.73,5000.0,109.77,18000.0,109.79,57000.0
1753769598013,06:13:18.013,bitmex,LTC/USDT:USDT,109.76,307000.0,109.73,5000.0,109.77,18000.0,109.79,57000.0
1753769598062,06:13:18.062,bitmex,LTC/USDT:USDT,109.76,307000.0,109.73,5000.0,109.77,18000.0,109.79,57000.0
1753769598118,06:13:18.118,bitmex,LTC/USDT:USDT,109.76,307000.0,109.73,5000.0,109.77,18000.0,109.79,57000.0
1753769598604,06:13:18.604,bitmex,LTC/USDT:USDT,109.76,307000.0,109.73,5000.0,109.77,18000.0,109.79,57000.0
1753769598654,06:13:18.654,bitmex,LTC/USDT:USDT,109.76,307000.0,109.73,5000.0,109.77,18000.0,109.79,57000.0
1753769598748,06:13:18.748,bitmex,LTC/USDT:USDT,109.76,307000.0,109.73,5000.0,109.77,23000.0,109.79,57000.0
1753769598798,06:13:18.798,bitmex,LTC/USDT:USDT,109.76,307000.0,109.73,5000.0,109.77,23000.0,109.79,57000.0
1753769598847,06:13:18.847,bitmex,LTC/USDT:USDT,109.76,307000.0,109.73,5000.0,109.77,23000.0,109.79,57000.0
1753769598913,06:13:18.913,bitmex,LTC/USDT:USDT,109.76,307000.0,109.73,5000.0,109.77,23000.0,109.79,57000.0
1753769599080,06:13:19.080,bitmex,LTC/USDT:USDT,109.73,5000.0,109.72,7000.0,109.74,18000.0,109.76,57000.0
1753769599130,06:13:19.130,bitmex,LTC/USDT:USDT,109.73,312000.0,109.72,7000.0,109.74,18000.0,109.76,57000.0
1753769600074,06:13:20.074,bitmex,LTC/USDT:USDT,109.73,312000.0,109.72,7000.0,109.74,18000.0,109.76,57000.0
1753769600406,06:13:20.406,bitmex,LTC/USDT:USDT,109.73,312000.0,109.72,7000.0,109.74,18000.0,109.76,57000.0
1753769600837,06:13:20.837,bitmex,LTC/USDT:USDT,109.74,5000.0,109.73,307000.0,109.75,18000.0,109.77,57000.0
1753769600886,06:13:20.886,bitmex,LTC/USDT:USDT,109.74,5000.0,109.73,307000.0,109.75,18000.0,109.77,57000.0
1753769601563,06:13:21.563,bitmex,LTC/USDT:USDT,109.74,5000.0,109.73,307000.0,109.75,18000.0,109.77,57000.0
1753769602064,06:13:22.064,bitmex,LTC/USDT:USDT,109.74,5000.0,109.73,307000.0,109.75,18000.0,109.77,57000.0
1753769602383,06:13:22.383,bitmex,LTC/USDT:USDT,109.73,307000.0,109.72,7000.0,109.75,18000.0,109.77,57000.0
1753769602508,06:13:22.508,bitmex,LTC/USDT:USDT,109.73,307000.0,109.72,7000.0,109.75,18000.0,109.77,57000.0
1753769603008,06:13:23.008,bitmex,LTC/USDT:USDT,109.74,5000.0,109.73,307000.0,109.75,18000.0,109.77,57000.0
1753769603106,06:13:23.106,bitmex,LTC/USDT:USDT,109.74,5000.0,109.73,307000.0,109.75,18000.0,109.77,57000.0
1753769603155,06:13:23.155,bitmex,LTC/USDT:USDT,109.74,5000.0,109.73,307000.0,109.75,18000.0,109.77,57000.0
1753769603283,06:13:23.283,bitmex,LTC/USDT:USDT,109.74,97000.0,109.73,307000.0,109.77,37000.0,109.79,57000.0
1753769603366,06:13:23.366,bitmex,LTC/USDT:USDT,109.74,97000.0,109.73,307000.0,109.77,37000.0,109.79,57000.0
1753769603416,06:13:23.416,bitmex,LTC/USDT:USDT,109.74,97000.0,109.73,307000.0,109.77,37000.0,109.79,57000.0
1753769603806,06:13:23.806,bitmex,LTC/USDT:USDT,109.74,97000.0,109.73,307000.0,109.77,37000.0,109.79,57000.0
1753769603896,06:13:23.896,bitmex,LTC/USDT:USDT,109.74,97000.0,109.73,307000.0,109.77,37000.0,109.79,57000.0
1753769603945,06:13:23.945,bitmex,LTC/USDT:USDT,109.74,97000.0,109.73,307000.0,109.77,37000.0,109.79,57000.0
1753769604164,06:13:24.164,bitmex,LTC/USDT:USDT,109.74,97000.0,109.73,307000.0,109.77,37000.0,109.79,57000.0
1753769604648,06:13:24.648,bitmex,LTC/USDT:USDT,109.74,97000.0,109.73,307000.0,109.77,37000.0,109.79,57000.0
1753769604698,06:13:24.698,bitmex,LTC/USDT:USDT,109.74,97000.0,109.73,307000.0,109.77,37000.0,109.79,57000.0
1753769605395,06:13:25.395,bitmex,LTC/USDT:USDT,109.74,97000.0,109.73,307000.0,109.77,37000.0,109.79,57000.0
1753769605657,06:13:25.657,bitmex,LTC/USDT:USDT,109.74,92000.0,109.73,307000.0,109.78,42000.0,109.83,5000.0
1753769605706,06:13:25.706,bitmex,LTC/USDT:USDT,109.74,92000.0,109.73,307000.0,109.78,42000.0,109.8,57000.0
1753769605755,06:13:25.755,bitmex,LTC/USDT:USDT,109.74,92000.0,109.73,307000.0,109.77,18000.0,109.79,5000.0
1753769605804,06:13:25.804,bitmex,LTC/USDT:USDT,109.74,92000.0,109.73,307000.0,109.77,18000.0,109.79,62000.0
1753769605869,06:13:25.869,bitmex,LTC/USDT:USDT,109.74,92000.0,109.73,307000.0,109.77,18000.0,109.79,62000.0
1753769606316,06:13:26.316,bitmex,LTC/USDT:USDT,109.74,92000.0,109.73,307000.0,109.77,18000.0,109.79,62000.0
1753769606366,06:13:26.366,bitmex,LTC/USDT:USDT,109.75,5000.0,109.74,92000.0,109.77,18000.0,109.79,62000.0
1753769606415,06:13:26.415,bitmex,LTC/USDT:USDT,109.75,5000.0,109.74,92000.0,109.77,18000.0,109.79,62000.0
1753769606504,06:13:26.504,bitmex,LTC/USDT:USDT,109.75,5000.0,109.74,92000.0,109.77,18000.0,109.79,62000.0
1753769606766,06:13:26.766,bitmex,LTC/USDT:USDT,109.75,5000.0,109.74,92000.0,109.77,18000.0,109.79,62000.0
1753769607409,06:13:27.409,bitmex,LTC/USDT:USDT,109.75,5000.0,109.74,92000.0,109.77,18000.0,109.79,62000.0
1753769607458,06:13:27.458,bitmex,LTC/USDT:USDT,109.75,5000.0,109.74,92000.0,109.77,18000.0,109.79,62000.0
1753769607689,06:13:27.689,bitmex,LTC/USDT:USDT,109.74,92000.0,109.73,307000.0,109.77,18000.0,109.79,62000.0
1753769607738,06:13:27.738,bitmex,LTC/USDT:USDT,109.74,92000.0,109.73,307000.0,109.77,18000.0,109.79,62000.0
1753769608165,06:13:28.165,bitmex,LTC/USDT:USDT,109.74,92000.0,109.73,307000.0,109.77,18000.0,109.79,62000.0
1753769608215,06:13:28.215,bitmex,LTC/USDT:USDT,109.74,92000.0,109.73,307000.0,109.77,18000.0,109.79,62000.0
1753769608517,06:13:28.517,bitmex,LTC/USDT:USDT,109.74,92000.0,109.73,307000.0,109.77,18000.0,109.79,62000.0
1753769608835,06:13:28.835,bitmex,LTC/USDT:USDT,109.74,92000.0,109.73,307000.0,109.77,18000.0,109.79,62000.0
1753769608884,06:13:28.884,bitmex,LTC/USDT:USDT,109.74,92000.0,109.73,307000.0,109.77,18000.0,109.78,19000.0
1753769608933,06:13:28.933,bitmex,LTC/USDT:USDT,109.74,92000.0,109.73,307000.0,109.77,18000.0,109.78,19000.0
1753769609308,06:13:29.308,bitmex,LTC/USDT:USDT,109.74,92000.0,109.73,307000.0,109.77,18000.0,109.78,19000.0
1753769609358,06:13:29.358,bitmex,LTC/USDT:USDT,109.74,92000.0,109.73,307000.0,109.77,23000.0,109.78,19000.0
1753769610411,06:13:30.411,bitmex,LTC/USDT:USDT,109.74,92000.0,109.73,307000.0,109.75,18000.0,109.77,23000.0
1753769610461,06:13:30.461,bitmex,LTC/USDT:USDT,109.73,307000.0,109.72,12000.0,109.74,27000.0,109.76,57000.0
1753769610511,06:13:30.511,bitmex,LTC/USDT:USDT,109.73,307000.0,109.72,12000.0,109.74,27000.0,109.76,57000.0
1753769610609,06:13:30.609,bitmex,LTC/USDT:USDT,109.73,307000.0,109.72,12000.0,109.74,27000.0,109.76,57000.0
1753769610658,06:13:30.658,bitmex,LTC/USDT:USDT,109.74,5000.0,109.73,307000.0,109.75,18000.0,109.77,57000.0
1753769610904,06:13:30.904,bitmex,LTC/USDT:USDT,109.74,92000.0,109.73,307000.0,109.77,37000.0,109.79,62000.0
1753769610953,06:13:30.953,bitmex,LTC/USDT:USDT,109.74,92000.0,109.73,307000.0,109.77,37000.0,109.79,62000.0
1753769611108,06:13:31.108,bitmex,LTC/USDT:USDT,109.74,92000.0,109.73,307000.0,109.77,37000.0,109.79,62000.0
1753769611158,06:13:31.158,bitmex,LTC/USDT:USDT,109.74,92000.0,109.73,307000.0,109.77,37000.0,109.79,62000.0
1753769611252,06:13:31.252,bitmex,LTC/USDT:USDT,109.74,92000.0,109.73,307000.0,109.77,37000.0,109.79,62000.0
1753769611383,06:13:31.383,bitmex,LTC/USDT:USDT,109.75,5000.0,109.74,92000.0,109.77,37000.0,109.79,62000.0
1753769611433,06:13:31.433,bitmex,LTC/USDT:USDT,109.75,5000.0,109.74,92000.0,109.77,37000.0,109.79,62000.0
1753769611624,06:13:31.624,bitmex,LTC/USDT:USDT,109.75,5000.0,109.74,92000.0,109.77,37000.0,109.79,62000.0
1753769611685,06:13:31.685,bitmex,LTC/USDT:USDT,109.75,5000.0,109.74,92000.0,109.77,37000.0,109.79,62000.0
1753769612111,06:13:32.111,bitmex,LTC/USDT:USDT,109.75,5000.0,109.74,92000.0,109.77,37000.0,109.79,62000.0
1753769612308,06:13:32.308,bitmex,LTC/USDT:USDT,109.75,5000.0,109.74,99000.0,109.79,37000.0,109.81,57000.0
1753769612357,06:13:32.357,bitmex,LTC/USDT:USDT,109.77,92000.0,109.76,307000.0,109.79,37000.0,109.81,57000.0
1753769612406,06:13:32.406,bitmex,LTC/USDT:USDT,109.77,92000.0,109.76,307000.0,109.79,37000.0,109.81,57000.0
1753769612455,06:13:32.455,bitmex,LTC/USDT:USDT,109.77,92000.0,109.76,307000.0,109.81,37000.0,109.83,57000.0
1753769612696,06:13:32.696,bitmex,LTC/USDT:USDT,109.77,92000.0,109.76,307000.0,109.81,37000.0,109.83,57000.0
1753769612745,06:13:32.745,bitmex,LTC/USDT:USDT,109.77,92000.0,109.76,307000.0,109.81,37000.0,109.83,57000.0
1753769612794,06:13:32.794,bitmex,LTC/USDT:USDT,109.77,92000.0,109.76,307000.0,109.81,37000.0,109.83,57000.0
1753769612965,06:13:32.965,bitmex,LTC/USDT:USDT,109.77,92000.0,109.76,307000.0,109.81,37000.0,109.83,57000.0
1753769613014,06:13:33.014,bitmex,LTC/USDT:USDT,109.77,92000.0,109.76,307000.0,109.81,37000.0,109.83,57000.0
1753769613731,06:13:33.731,bitmex,LTC/USDT:USDT,109.78,5000.0,109.77,92000.0,109.81,37000.0,109.83,57000.0
1753769613780,06:13:33.780,bitmex,LTC/USDT:USDT,109.77,92000.0,109.76,307000.0,109.8,18000.0,109.81,19000.0
1753769613829,06:13:33.829,bitmex,LTC/USDT:USDT,109.77,92000.0,109.76,307000.0,109.8,18000.0,109.81,19000.0
1753769613878,06:13:33.878,bitmex,LTC/USDT:USDT,109.77,92000.0,109.76,307000.0,109.8,18000.0,109.81,19000.0
1753769614796,06:13:34.796,bitmex,LTC/USDT:USDT,109.76,307000.0,109.74,5000.0,109.78,23000.0,109.8,62000.0
1753769615148,06:13:35.148,bitmex,LTC/USDT:USDT,109.74,312000.0,109.72,12000.0,109.76,18000.0,109.78,62000.0
1753769615197,06:13:35.197,bitmex,LTC/USDT:USDT,109.75,5000.0,109.74,307000.0,109.76,18000.0,109.78,62000.0
1753769615246,06:13:35.246,bitmex,LTC/USDT:USDT,109.74,307000.0,109.72,12000.0,109.75,27000.0,109.77,57000.0
1753769615425,06:13:35.425,bitmex,LTC/USDT:USDT,109.74,307000.0,109.72,12000.0,109.75,27000.0,109.77,57000.0
1753769615475,06:13:35.475,bitmex,LTC/USDT:USDT,109.74,307000.0,109.72,12000.0,109.75,27000.0,109.77,57000.0
1753769615573,06:13:35.573,bitmex,LTC/USDT:USDT,109.75,97000.0,109.74,307000.0,109.77,37000.0,109.79,57000.0
1753769616279,06:13:36.279,bitmex,LTC/USDT:USDT,109.75,92000.0,109.74,307000.0,109.77,37000.0,109.79,57000.0
1753769616417,06:13:36.417,bitmex,LTC/USDT:USDT,109.75,92000.0,109.74,307000.0,109.77,37000.0,109.79,57000.0
1753769617721,06:13:37.721,bitmex,LTC/USDT:USDT,109.75,92000.0,109.74,307000.0,109.77,37000.0,109.79,57000.0
1753769617805,06:13:37.805,bitmex,LTC/USDT:USDT,109.75,92000.0,109.74,307000.0,109.77,37000.0,109.79,57000.0
1753769617854,06:13:37.854,bitmex,LTC/USDT:USDT,109.75,92000.0,109.74,307000.0,109.77,37000.0,109.79,57000.0
1753769618490,06:13:38.490,bitmex,LTC/USDT:USDT,109.75,92000.0,109.74,307000.0,109.77,37000.0,109.79,57000.0
1753769619300,06:13:39.300,bitmex,LTC/USDT:USDT,109.75,92000.0,109.74,307000.0,109.77,37000.0,109.79,57000.0
1753769619350,06:13:39.350,bitmex,LTC/USDT:USDT,109.75,92000.0,109.74,307000.0,109.77,37000.0,109.79,57000.0
1753769619399,06:13:39.399,bitmex,LTC/USDT:USDT,109.75,92000.0,109.74,307000.0,109.77,37000.0,109.79,57000.0
1753769620031,06:13:40.031,bitmex,LTC/USDT:USDT,109.75,92000.0,109.74,307000.0,109.77,37000.0,109.79,57000.0
1753769620366,06:13:40.366,bitmex,LTC/USDT:USDT,109.75,92000.0,109.74,307000.0,109.77,37000.0,109.79,57000.0
1753769620415,06:13:40.415,bitmex,LTC/USDT:USDT,109.75,92000.0,109.74,307000.0,109.77,37000.0,109.79,57000.0
1753769620476,06:13:40.476,bitmex,LTC/USDT:USDT,109.75,92000.0,109.74,307000.0,109.77,37000.0,109.79,57000.0
1753769620525,06:13:40.525,bitmex,LTC/USDT:USDT,109.75,92000.0,109.74,307000.0,109.77,37000.0,109.79,57000.0
1753769620636,06:13:40.636,bitmex,LTC/USDT:USDT,109.75,92000.0,109.74,307000.0,109.77,37000.0,109.79,57000.0
1753769620685,06:13:40.685,bitmex,LTC/USDT:USDT,109.75,92000.0,109.74,307000.0,109.77,37000.0,109.79,57000.0
1753769620919,06:13:40.919,bitmex,LTC/USDT:USDT,109.75,92000.0,109.74,307000.0,109.77,37000.0,109.79,57000.0
1753769620968,06:13:40.968,bitmex,LTC/USDT:USDT,109.75,92000.0,109.74,307000.0,109.79,37000.0,109.81,57000.0
1753769621017,06:13:41.017,bitmex,LTC/USDT:USDT,109.75,92000.0,109.74,307000.0,109.78,18000.0,109.8,5000.0
1753769621182,06:13:41.182,bitmex,LTC/USDT:USDT,109.75,92000.0,109.74,307000.0,109.78,18000.0,109.8,62000.0
1753769621738,06:13:41.738,bitmex,LTC/USDT:USDT,109.75,92000.0,109.74,314000.0,109.78,18000.0,109.8,62000.0
1753769622016,06:13:42.016,bitmex,LTC/USDT:USDT,109.75,92000.0,109.74,314000.0,109.78,18000.0,109.8,62000.0
1753769622655,06:13:42.655,bitmex,LTC/USDT:USDT,109.75,92000.0,109.74,307000.0,109.78,18000.0,109.8,62000.0
1753769623179,06:13:43.179,bitmex,LTC/USDT:USDT,109.75,92000.0,109.74,307000.0,109.8,62000.0,109.84,10000.0
1753769623229,06:13:43.229,bitmex,LTC/USDT:USDT,109.75,92000.0,109.74,307000.0,109.79,5000.0,109.8,19000.0
1753769623278,06:13:43.278,bitmex,LTC/USDT:USDT,109.75,92000.0,109.74,307000.0,109.79,5000.0,109.8,19000.0
1753769623556,06:13:43.556,bitmex,LTC/USDT:USDT,109.75,92000.0,109.74,307000.0,109.79,5000.0,109.8,19000.0
1753769623814,06:13:43.814,bitmex,LTC/USDT:USDT,109.75,92000.0,109.74,307000.0,109.79,5000.0,109.8,19000.0
1753769625112,06:13:45.112,bitmex,LTC/USDT:USDT,109.76,5000.0,109.75,92000.0,109.78,18000.0,109.8,57000.0
1753769625583,06:13:45.583,bitmex,LTC/USDT:USDT,109.76,5000.0,109.75,92000.0,109.78,18000.0,109.8,57000.0
1753769626465,06:13:46.465,bitmex,LTC/USDT:USDT,109.76,5000.0,109.75,92000.0,109.78,18000.0,109.8,57000.0
1753769627404,06:13:47.404,bitmex,LTC/USDT:USDT,109.76,5000.0,109.75,92000.0,109.78,18000.0,109.8,57000.0
1753769627454,06:13:47.454,bitmex,LTC/USDT:USDT,109.76,5000.0,109.75,92000.0,109.78,18000.0,109.8,57000.0
1753769628164,06:13:48.164,bitmex,LTC/USDT:USDT,109.75,99000.0,109.74,314000.0,109.79,5000.0,109.81,5000.0
1753769628213,06:13:48.213,bitmex,LTC/USDT:USDT,109.75,99000.0,109.74,314000.0,109.79,5000.0,109.8,19000.0
1753769628581,06:13:48.581,bitmex,LTC/USDT:USDT,109.75,99000.0,109.74,314000.0,109.79,5000.0,109.8,19000.0
1753769629122,06:13:49.122,bitmex,LTC/USDT:USDT,109.75,99000.0,109.74,314000.0,109.78,18000.0,109.79,5000.0
1753769629171,06:13:49.171,bitmex,LTC/USDT:USDT,109.75,99000.0,109.74,314000.0,109.77,18000.0,109.79,62000.0
1753769629276,06:13:49.276,bitmex,LTC/USDT:USDT,109.75,99000.0,109.74,314000.0,109.77,18000.0,109.79,62000.0
1753769629326,06:13:49.326,bitmex,LTC/USDT:USDT,109.75,99000.0,109.74,314000.0,109.77,18000.0,109.79,62000.0
1753769629631,06:13:49.631,bitmex,LTC/USDT:USDT,109.75,99000.0,109.74,314000.0,109.77,18000.0,109.79,62000.0
1753769630414,06:13:50.414,bitmex,LTC/USDT:USDT,109.75,94000.0,109.74,314000.0,109.77,18000.0,109.79,62000.0
1753769630463,06:13:50.463,bitmex,LTC/USDT:USDT,109.75,94000.0,109.74,314000.0,109.77,18000.0,109.79,62000.0
1753769631210,06:13:51.210,bitmex,LTC/USDT:USDT,109.75,94000.0,109.74,307000.0,109.77,18000.0,109.79,62000.0
1753769631259,06:13:51.259,bitmex,LTC/USDT:USDT,109.75,94000.0,109.74,307000.0,109.77,18000.0,109.79,62000.0
1753769631356,06:13:51.356,bitmex,LTC/USDT:USDT,109.75,94000.0,109.74,307000.0,109.77,18000.0,109.79,62000.0
1753769631454,06:13:51.454,bitmex,LTC/USDT:USDT,109.75,94000.0,109.74,307000.0,109.77,18000.0,109.79,62000.0
1753769631505,06:13:51.505,bitmex,LTC/USDT:USDT,109.75,94000.0,109.74,307000.0,109.77,18000.0,109.79,62000.0
1753769631668,06:13:51.668,bitmex,LTC/USDT:USDT,109.75,94000.0,109.74,307000.0,109.77,18000.0,109.79,62000.0
1753769631717,06:13:51.717,bitmex,LTC/USDT:USDT,109.75,94000.0,109.74,307000.0,109.77,18000.0,109.79,62000.0
1753769632098,06:13:52.098,bitmex,LTC/USDT:USDT,109.75,94000.0,109.74,307000.0,109.77,18000.0,109.79,62000.0
1753769632147,06:13:52.147,bitmex,LTC/USDT:USDT,109.75,94000.0,109.74,307000.0,109.77,18000.0,109.79,62000.0
1753769632254,06:13:52.254,bitmex,LTC/USDT:USDT,109.75,94000.0,109.74,307000.0,109.77,18000.0,109.79,62000.0
1753769632460,06:13:52.460,bitmex,LTC/USDT:USDT,109.75,94000.0,109.74,307000.0,109.77,18000.0,109.79,62000.0
1753769632510,06:13:52.510,bitmex,LTC/USDT:USDT,109.75,94000.0,109.74,307000.0,109.77,18000.0,109.79,62000.0
1753769632982,06:13:52.982,bitmex,LTC/USDT:USDT,109.75,94000.0,109.74,307000.0,109.77,18000.0,109.79,62000.0
1753769635453,06:13:55.453,bitmex,LTC/USDT:USDT,109.75,94000.0,109.74,307000.0,109.79,5000.0,109.8,19000.0
1753769635502,06:13:55.502,bitmex,LTC/USDT:USDT,109.75,94000.0,109.74,307000.0,109.78,18000.0,109.79,5000.0
1753769635551,06:13:55.551,bitmex,LTC/USDT:USDT,109.75,94000.0,109.74,307000.0,109.78,18000.0,109.79,5000.0
1753769636154,06:13:56.154,bitmex,LTC/USDT:USDT,109.76,5000.0,109.75,94000.0,109.78,18000.0,109.79,5000.0
1753769636848,06:13:56.848,bitmex,LTC/USDT:USDT,109.76,5000.0,109.75,94000.0,109.78,18000.0,109.8,57000.0
1753769636898,06:13:56.898,bitmex,LTC/USDT:USDT,109.76,5000.0,109.75,94000.0,109.78,18000.0,109.8,57000.0
1753769637005,06:13:57.005,bitmex,LTC/USDT:USDT,109.76,5000.0,109.75,94000.0,109.78,18000.0,109.8,57000.0
1753769637055,06:13:57.055,bitmex,LTC/USDT:USDT,109.76,5000.0,109.75,94000.0,109.78,18000.0,109.8,57000.0
1753769637242,06:13:57.242,bitmex,LTC/USDT:USDT,109.76,5000.0,109.75,94000.0,109.78,18000.0,109.8,57000.0
1753769637720,06:13:57.720,bitmex,LTC/USDT:USDT,109.76,5000.0,109.75,94000.0,109.78,18000.0,109.8,57000.0
1753769637770,06:13:57.770,bitmex,LTC/USDT:USDT,109.76,5000.0,109.75,94000.0,109.78,18000.0,109.8,57000.0
1753769638006,06:13:58.006,bitmex,LTC/USDT:USDT,109.76,5000.0,109.75,94000.0,109.78,18000.0,109.8,57000.0
1753769638908,06:13:58.908,bitmex,LTC/USDT:USDT,109.76,5000.0,109.75,94000.0,109.78,18000.0,109.8,57000.0
1753769638958,06:13:58.958,bitmex,LTC/USDT:USDT,109.76,5000.0,109.75,94000.0,109.78,18000.0,109.8,57000.0
1753769639863,06:13:59.863,bitmex,LTC/USDT:USDT,109.75,94000.0,109.74,314000.0,109.77,18000.0,109.79,62000.0
1753769640244,06:14:00.244,bitmex,LTC/USDT:USDT,109.75,94000.0,109.74,307000.0,109.77,18000.0,109.79,62000.0
1753769640862,06:14:00.862,bitmex,LTC/USDT:USDT,109.75,94000.0,109.74,307000.0,109.77,18000.0,109.79,62000.0
1753769641537,06:14:01.537,bitmex,LTC/USDT:USDT,109.76,5000.0,109.75,94000.0,109.79,37000.0,109.8,19000.0
1753769641807,06:14:01.807,bitmex,LTC/USDT:USDT,109.76,5000.0,109.75,94000.0,109.79,37000.0,109.8,19000.0
1753769641856,06:14:01.856,bitmex,LTC/USDT:USDT,109.76,5000.0,109.75,94000.0,109.79,37000.0,109.8,19000.0
1753769642123,06:14:02.123,bitmex,LTC/USDT:USDT,109.75,94000.0,109.74,307000.0,109.79,37000.0,109.8,19000.0
1753769642172,06:14:02.172,bitmex,LTC/USDT:USDT,109.75,94000.0,109.74,307000.0,109.78,18000.0,109.8,76000.0
1753769642270,06:14:02.270,bitmex,LTC/USDT:USDT,109.76,5000.0,109.75,94000.0,109.78,18000.0,109.8,57000.0
1753769642319,06:14:02.319,bitmex,LTC/USDT:USDT,109.76,5000.0,109.75,94000.0,109.78,18000.0,109.8,57000.0
1753769642368,06:14:02.368,bitmex,LTC/USDT:USDT,109.76,5000.0,109.75,94000.0,109.78,18000.0,109.8,57000.0
1753769642428,06:14:02.428,bitmex,LTC/USDT:USDT,109.76,5000.0,109.75,94000.0,109.78,18000.0,109.8,57000.0
1753769643809,06:14:03.809,bitmex,LTC/USDT:USDT,109.76,5000.0,109.75,94000.0,109.78,18000.0,109.8,57000.0
1753769644132,06:14:04.132,bitmex,LTC/USDT:USDT,109.76,5000.0,109.75,94000.0,109.8,57000.0,109.81,5000.0
1753769644181,06:14:04.181,bitmex,LTC/USDT:USDT,109.76,5000.0,109.75,94000.0,109.8,37000.0,109.81,5000.0
1753769644230,06:14:04.230,bitmex,LTC/USDT:USDT,109.76,5000.0,109.75,94000.0,109.8,37000.0,109.81,5000.0
1753769644279,06:14:04.279,bitmex,LTC/USDT:USDT,109.76,5000.0,109.75,94000.0,109.8,37000.0,109.81,5000.0
1753769644409,06:14:04.409,bitmex,LTC/USDT:USDT,109.76,5000.0,109.75,94000.0,109.8,37000.0,109.81,5000.0
1753769644458,06:14:04.458,bitmex,LTC/USDT:USDT,109.78,85000.0,109.77,307000.0,109.8,37000.0,109.81,5000.0
1753769644507,06:14:04.507,bitmex,LTC/USDT:USDT,109.78,85000.0,109.77,307000.0,109.8,37000.0,109.81,5000.0
1753769644836,06:14:04.836,bitmex,LTC/USDT:USDT,109.78,85000.0,109.77,307000.0,109.8,37000.0,109.81,5000.0
1753769645226,06:14:05.226,bitmex,LTC/USDT:USDT,109.78,85000.0,109.77,307000.0,109.8,37000.0,109.81,5000.0
1753769645275,06:14:05.275,bitmex,LTC/USDT:USDT,109.78,85000.0,109.77,307000.0,109.8,37000.0,109.81,5000.0
1753769645324,06:14:05.324,bitmex,LTC/USDT:USDT,109.78,85000.0,109.77,307000.0,109.8,37000.0,109.81,5000.0
1753769645373,06:14:05.373,bitmex,LTC/USDT:USDT,109.78,85000.0,109.77,307000.0,109.8,37000.0,109.81,5000.0
1753769645478,06:14:05.478,bitmex,LTC/USDT:USDT,109.78,85000.0,109.77,307000.0,109.81,5000.0,109.82,58000.0
1753769645527,06:14:05.527,bitmex,LTC/USDT:USDT,109.78,85000.0,109.77,307000.0,109.81,18000.0,109.82,5000.0
1753769645576,06:14:05.576,bitmex,LTC/USDT:USDT,109.78,85000.0,109.77,307000.0,109.81,18000.0,109.82,5000.0
1753769645863,06:14:05.863,bitmex,LTC/USDT:USDT,109.78,85000.0,109.77,307000.0,109.81,18000.0,109.82,5000.0
1753769646161,06:14:06.161,bitmex,LTC/USDT:USDT,109.78,85000.0,109.77,307000.0,109.81,18000.0,109.82,5000.0
1753769646563,06:14:06.563,bitmex,LTC/USDT:USDT,109.78,85000.0,109.77,307000.0,109.81,18000.0,109.82,5000.0
1753769646612,06:14:06.612,bitmex,LTC/USDT:USDT,109.78,85000.0,109.77,307000.0,109.81,18000.0,109.82,5000.0
1753769646997,06:14:06.997,bitmex,LTC/USDT:USDT,109.79,5000.0,109.78,85000.0,109.82,37000.0,109.84,62000.0
1753769647046,06:14:07.046,bitmex,LTC/USDT:USDT,109.78,85000.0,109.77,307000.0,109.82,37000.0,109.83,19000.0
1753769647096,06:14:07.096,bitmex,LTC/USDT:USDT,109.78,85000.0,109.77,314000.0,109.82,37000.0,109.83,19000.0
1753769647145,06:14:07.145,bitmex,LTC/USDT:USDT,109.78,85000.0,109.77,314000.0,109.82,37000.0,109.83,19000.0
1753769647314,06:14:07.314,bitmex,LTC/USDT:USDT,109.78,85000.0,109.77,314000.0,109.82,37000.0,109.83,19000.0
1753769647479,06:14:07.479,bitmex,LTC/USDT:USDT,109.79,5000.0,109.78,85000.0,109.81,18000.0,109.83,19000.0
1753769647581,06:14:07.581,bitmex,LTC/USDT:USDT,109.78,85000.0,109.77,314000.0,109.81,18000.0,109.83,76000.0
1753769647631,06:14:07.631,bitmex,LTC/USDT:USDT,109.78,85000.0,109.77,314000.0,109.81,18000.0,109.83,57000.0
1753769647746,06:14:07.746,bitmex,LTC/USDT:USDT,109.78,85000.0,109.77,314000.0,109.81,18000.0,109.83,57000.0
1753769648721,06:14:08.721,bitmex,LTC/USDT:USDT,109.78,85000.0,109.77,314000.0,109.81,18000.0,109.83,57000.0
1753769648771,06:14:08.771,bitmex,LTC/USDT:USDT,109.78,85000.0,109.77,314000.0,109.81,18000.0,109.83,57000.0
1753769649173,06:14:09.173,bitmex,LTC/USDT:USDT,109.78,85000.0,109.77,314000.0,109.81,18000.0,109.83,57000.0
1753769649950,06:14:09.950,bitmex,LTC/USDT:USDT,109.78,85000.0,109.77,314000.0,109.81,18000.0,109.83,57000.0
1753769650000,06:14:10.000,bitmex,LTC/USDT:USDT,109.78,85000.0,109.77,314000.0,109.81,18000.0,109.83,57000.0
1753769650060,06:14:10.060,bitmex,LTC/USDT:USDT,109.79,5000.0,109.78,85000.0,109.81,18000.0,109.83,57000.0
1753769650422,06:14:10.422,bitmex,LTC/USDT:USDT,109.78,85000.0,109.77,314000.0,109.81,18000.0,109.83,57000.0
1753769651251,06:14:11.251,bitmex,LTC/USDT:USDT,109.79,5000.0,109.78,85000.0,109.81,18000.0,109.83,57000.0
1753769651406,06:14:11.406,bitmex,LTC/USDT:USDT,109.78,85000.0,109.77,314000.0,109.81,18000.0,109.83,57000.0
1753769651455,06:14:11.455,bitmex,LTC/USDT:USDT,109.78,85000.0,109.77,314000.0,109.81,18000.0,109.83,57000.0
1753769651668,06:14:11.668,bitmex,LTC/USDT:USDT,109.79,5000.0,109.78,85000.0,109.81,18000.0,109.83,57000.0
1753769651718,06:14:11.718,bitmex,LTC/USDT:USDT,109.78,85000.0,109.77,314000.0,109.81,18000.0,109.83,57000.0
1753769652366,06:14:12.366,bitmex,LTC/USDT:USDT,109.78,85000.0,109.77,314000.0,109.81,18000.0,109.83,57000.0
1753769652915,06:14:12.915,bitmex,LTC/USDT:USDT,109.78,85000.0,109.77,314000.0,109.81,18000.0,109.83,57000.0
1753769652964,06:14:12.964,bitmex,LTC/USDT:USDT,109.78,85000.0,109.77,314000.0,109.81,18000.0,109.83,57000.0
1753769653013,06:14:13.013,bitmex,LTC/USDT:USDT,109.78,85000.0,109.77,314000.0,109.81,18000.0,109.83,57000.0
1753769655831,06:14:15.831,bitmex,LTC/USDT:USDT,109.78,85000.0,109.77,314000.0,109.81,18000.0,109.83,57000.0
1753769656256,06:14:16.256,bitmex,LTC/USDT:USDT,109.78,85000.0,109.77,314000.0,109.81,18000.0,109.83,57000.0
1753769656411,06:14:16.411,bitmex,LTC/USDT:USDT,109.78,85000.0,109.77,314000.0,109.81,18000.0,109.83,57000.0
1753769656631,06:14:16.631,bitmex,LTC/USDT:USDT,109.78,85000.0,109.77,314000.0,109.81,18000.0,109.83,57000.0
1753769656781,06:14:16.781,bitmex,LTC/USDT:USDT,109.78,85000.0,109.77,314000.0,109.81,18000.0,109.83,57000.0
