timestamp,time,exchange,symbol,bid1_price,bid1_volume,bid2_price,bid2_volume,ask1_price,ask1_volume,ask2_price,ask2_volume
1753769299015,06:08:19.015,binance,XRP/USDT:USDT,3.1387,8240.2,3.1386,10705.4,3.1388,44471.8,3.1389,60410.1
1753769299221,06:08:19.221,binance,XRP/USDT:USDT,3.1387,8352.5,3.1386,10703.1,3.1388,44226.6,3.1389,60091.6
1753769299327,06:08:19.327,binance,XRP/USDT:USDT,3.1387,8390.0,3.1386,5795.1,3.1388,44395.3,3.1389,60091.6
1753769299429,06:08:19.429,binance,XRP/USDT:USDT,3.1387,8671.8,3.1386,12.5,3.1388,44870.2,3.1389,60091.6
1753769299531,06:08:19.531,binance,XRP/USDT:USDT,3.1387,8695.7,3.1386,12.5,3.1388,44870.2,3.1389,60091.6
1753769299634,06:08:19.634,binance,XRP/USDT:USDT,3.1387,8698.7,3.1386,12.5,3.1388,45340.3,3.1389,60091.6
1753769300152,06:08:20.152,binance,XRP/USDT:USDT,3.1387,9635.0,3.1386,12.5,3.1388,45339.0,3.1389,60093.3
1753769300275,06:08:20.275,binance,XRP/USDT:USDT,3.1387,9635.0,3.1386,12.5,3.1388,45107.9,3.1389,60093.3
1753769300393,06:08:20.393,binance,XRP/USDT:USDT,3.1387,9638.2,3.1386,12.5,3.1388,45107.2,3.1389,60093.3
1753769300499,06:08:20.499,binance,XRP/USDT:USDT,3.1387,9745.9,3.1386,12.5,3.1388,45298.0,3.1389,59711.7
1753769300601,06:08:20.601,binance,XRP/USDT:USDT,3.1387,9753.2,3.1386,12.5,3.1388,45107.2,3.1389,60093.3
1753769300702,06:08:20.702,binance,XRP/USDT:USDT,3.1387,2164.2,3.1386,12.5,3.1388,45049.2,3.1389,60553.9
1753769300914,06:08:20.914,binance,XRP/USDT:USDT,3.1387,2164.2,3.1386,12.5,3.1388,45049.2,3.1389,60553.9
1753769301328,06:08:21.328,binance,XRP/USDT:USDT,3.1385,9623.2,3.1384,12511.2,3.1386,58291.2,3.1387,54091.0
1753769301430,06:08:21.430,binance,XRP/USDT:USDT,3.1385,5593.4,3.1384,9503.8,3.1386,43559.5,3.1387,55838.7
1753769301532,06:08:21.532,binance,XRP/USDT:USDT,3.1385,5664.3,3.1384,9503.8,3.1386,44044.6,3.1387,55740.6
1753769301634,06:08:21.634,binance,XRP/USDT:USDT,3.1385,5669.4,3.1384,9503.8,3.1386,43995.0,3.1387,50815.4
1753769301737,06:08:21.737,binance,XRP/USDT:USDT,3.1385,5669.4,3.1384,9503.8,3.1386,44191.2,3.1387,50815.4
1753769301839,06:08:21.839,binance,XRP/USDT:USDT,3.1385,5669.4,3.1384,6773.8,3.1386,45391.6,3.1387,49825.1
1753769301946,06:08:21.946,binance,XRP/USDT:USDT,3.1385,5669.4,3.1384,6773.8,3.1386,45391.6,3.1387,49825.1
1753769302049,06:08:22.049,binance,XRP/USDT:USDT,3.1385,5669.4,3.1384,6773.8,3.1386,45389.6,3.1387,49825.1
1753769302456,06:08:22.456,binance,XRP/USDT:USDT,3.1381,4460.8,3.138,12454.0,3.1382,42535.4,3.1383,63631.4
1753769302567,06:08:22.567,binance,XRP/USDT:USDT,3.1381,4466.3,3.138,10367.7,3.1382,42277.7,3.1383,63631.4
1753769302670,06:08:22.670,binance,XRP/USDT:USDT,3.1381,4466.3,3.138,12420.9,3.1382,42757.4,3.1383,63631.4
1753769302779,06:08:22.779,binance,XRP/USDT:USDT,3.1381,4483.1,3.138,10367.7,3.1382,42757.4,3.1383,63631.4
1753769302882,06:08:22.882,binance,XRP/USDT:USDT,3.1381,4483.1,3.138,10367.7,3.1382,42757.3,3.1383,63631.4
1753769302985,06:08:22.985,binance,XRP/USDT:USDT,3.1381,4944.3,3.138,10367.7,3.1382,42757.3,3.1383,63631.4
1753769303803,06:08:23.803,binance,XRP/USDT:USDT,3.138,55880.8,3.1379,15061.1,3.1381,15141.6,3.1382,14388.0
1753769304009,06:08:24.009,binance,XRP/USDT:USDT,3.138,47105.2,3.1379,15061.1,3.1381,17228.1,3.1382,16062.5
1753769304110,06:08:24.110,binance,XRP/USDT:USDT,3.138,47107.1,3.1379,15063.5,3.1381,14907.0,3.1382,16062.5
1753769304218,06:08:24.218,binance,XRP/USDT:USDT,3.138,47591.1,3.1379,15063.5,3.1381,14907.0,3.1382,16062.5
1753769304351,06:08:24.351,binance,XRP/USDT:USDT,3.138,47591.1,3.1379,15063.5,3.1381,14910.9,3.1382,16062.5
1753769304659,06:08:24.659,binance,XRP/USDT:USDT,3.138,34002.5,3.1379,15095.3,3.1381,14710.9,3.1382,16062.5
1753769304767,06:08:24.767,binance,XRP/USDT:USDT,3.138,34002.5,3.1379,15095.3,3.1381,14710.9,3.1382,16062.5
1753769304873,06:08:24.873,binance,XRP/USDT:USDT,3.138,34234.5,3.1379,15095.3,3.1381,15331.1,3.1382,16062.5
1753769305725,06:08:25.725,binance,XRP/USDT:USDT,3.1387,15804.3,3.1386,37854.6,3.1388,917.9,3.1389,909.5
1753769305827,06:08:25.827,binance,XRP/USDT:USDT,3.1387,80824.8,3.1386,56807.8,3.1389,470.4,3.139,9.9
1753769305928,06:08:25.928,binance,XRP/USDT:USDT,3.139,14068.0,3.1389,26587.1,3.1391,2770.1,3.1392,14.0
1753769306030,06:08:26.030,binance,XRP/USDT:USDT,3.1392,47935.8,3.1391,19246.1,3.1393,10665.9,3.1394,7747.6
1753769306131,06:08:26.131,binance,XRP/USDT:USDT,3.1392,18797.1,3.1391,10746.8,3.1393,24156.8,3.1394,8893.1
1753769306233,06:08:26.233,binance,XRP/USDT:USDT,3.1392,18199.7,3.1391,10746.8,3.1393,24155.2,3.1394,8893.1
1753769306334,06:08:26.334,binance,XRP/USDT:USDT,3.1392,9161.9,3.1391,7989.9,3.1393,25221.3,3.1394,8893.1
1753769306436,06:08:26.436,binance,XRP/USDT:USDT,3.1392,8845.9,3.1391,6710.8,3.1393,24902.3,3.1394,9394.9
1753769306538,06:08:26.538,binance,XRP/USDT:USDT,3.1392,8891.6,3.1391,6698.6,3.1393,24902.3,3.1394,10553.5
1753769306639,06:08:26.639,binance,XRP/USDT:USDT,3.1392,18517.5,3.1391,8810.9,3.1393,16017.8,3.1394,9690.6
1753769306742,06:08:26.742,binance,XRP/USDT:USDT,3.1392,22542.7,3.1391,5224.2,3.1393,14915.9,3.1394,9035.9
1753769306843,06:08:26.843,binance,XRP/USDT:USDT,3.1392,22542.7,3.1391,4299.7,3.1393,15103.9,3.1394,9035.9
1753769306944,06:08:26.944,binance,XRP/USDT:USDT,3.1392,22542.7,3.1391,4299.7,3.1393,14916.8,3.1394,9016.8
1753769307053,06:08:27.053,binance,XRP/USDT:USDT,3.1392,15646.8,3.1391,4093.0,3.1393,15892.7,3.1394,9740.2
1753769307155,06:08:27.155,binance,XRP/USDT:USDT,3.1392,10873.7,3.1391,4093.0,3.1393,15892.7,3.1394,12081.9
1753769307590,06:08:27.590,binance,XRP/USDT:USDT,3.1392,9930.4,3.1391,4093.0,3.1393,16480.4,3.1394,9710.5
1753769307809,06:08:27.809,binance,XRP/USDT:USDT,3.1393,26084.7,3.1392,27299.4,3.1394,20069.9,3.1395,2491.3
1753769307911,06:08:27.911,binance,XRP/USDT:USDT,3.1393,26104.9,3.1392,27758.9,3.1394,17252.8,3.1395,1683.6
1753769308014,06:08:28.014,binance,XRP/USDT:USDT,3.1393,26004.9,3.1392,27758.9,3.1394,17252.8,3.1395,1683.6
1753769308120,06:08:28.120,binance,XRP/USDT:USDT,3.1393,26004.9,3.1392,27758.9,3.1394,15204.3,3.1395,1683.6
1753769308230,06:08:28.230,binance,XRP/USDT:USDT,3.1393,33922.2,3.1392,27471.8,3.1394,9662.4,3.1395,4532.3
1753769308332,06:08:28.332,binance,XRP/USDT:USDT,3.1393,34524.7,3.1392,27471.8,3.1394,15217.6,3.1395,3650.5
1753769308440,06:08:28.440,binance,XRP/USDT:USDT,3.1393,14491.6,3.1392,12873.9,3.1394,21069.6,3.1395,9095.9
1753769308541,06:08:28.541,binance,XRP/USDT:USDT,3.1393,1875.2,3.1392,3617.6,3.1394,24831.1,3.1395,8232.8
1753769308645,06:08:28.645,binance,XRP/USDT:USDT,3.1393,1856.9,3.1392,3148.3,3.1394,24831.1,3.1395,8275.6
1753769308748,06:08:28.748,binance,XRP/USDT:USDT,3.1393,1856.9,3.1392,3148.3,3.1394,24831.1,3.1395,8275.6
1753769308850,06:08:28.850,binance,XRP/USDT:USDT,3.1393,5843.5,3.1392,3148.3,3.1394,30490.4,3.1395,8275.6
1753769309074,06:08:29.074,binance,XRP/USDT:USDT,3.1393,5843.5,3.1392,3165.1,3.1394,21509.5,3.1395,4843.5
1753769309807,06:08:29.807,binance,XRP/USDT:USDT,3.1393,38423.4,3.1392,15027.5,3.1394,1331.4,3.1395,2319.1
1753769309909,06:08:29.909,binance,XRP/USDT:USDT,3.1393,31528.4,3.1392,15524.4,3.1394,1331.4,3.1395,2319.1
1753769310013,06:08:30.013,binance,XRP/USDT:USDT,3.1393,24587.7,3.1392,18053.5,3.1394,6031.4,3.1395,2319.1
1753769310114,06:08:30.114,binance,XRP/USDT:USDT,3.1393,24905.0,3.1392,18053.5,3.1394,6031.4,3.1395,4753.1
1753769310847,06:08:30.847,binance,XRP/USDT:USDT,3.1393,24968.0,3.1392,12384.0,3.1394,6032.1,3.1395,3313.5
1753769310950,06:08:30.950,binance,XRP/USDT:USDT,3.1393,24968.0,3.1392,12384.0,3.1394,6032.1,3.1395,6121.8
1753769311490,06:08:31.490,binance,XRP/USDT:USDT,3.1393,25591.5,3.1392,12384.0,3.1394,5588.8,3.1395,3914.3
1753769311593,06:08:31.593,binance,XRP/USDT:USDT,3.1393,25596.6,3.1392,12384.0,3.1394,1182.6,3.1395,2888.1
1753769311847,06:08:31.847,binance,XRP/USDT:USDT,3.1393,25612.5,3.1392,12384.0,3.1394,1575.3,3.1395,2888.1
1753769311965,06:08:31.965,binance,XRP/USDT:USDT,3.1393,25612.5,3.1392,12384.0,3.1394,1575.3,3.1395,2888.1
1753769312070,06:08:32.070,binance,XRP/USDT:USDT,3.1393,23229.6,3.1392,9458.8,3.1394,4390.0,3.1395,6124.3
1753769312180,06:08:32.180,binance,XRP/USDT:USDT,3.1393,13460.8,3.1392,9458.8,3.1394,12338.0,3.1395,14303.8
1753769312283,06:08:32.283,binance,XRP/USDT:USDT,3.1393,15788.1,3.1392,9458.8,3.1394,4284.5,3.1395,14303.8
1753769312403,06:08:32.403,binance,XRP/USDT:USDT,3.1393,15529.1,3.1392,9458.8,3.1394,4092.2,3.1395,5842.7
1753769312506,06:08:32.506,binance,XRP/USDT:USDT,3.1393,16015.6,3.1392,9458.8,3.1394,4092.2,3.1395,5842.7
1753769312609,06:08:32.609,binance,XRP/USDT:USDT,3.1393,23266.7,3.1392,9458.8,3.1394,2366.3,3.1395,5842.7
1753769312720,06:08:32.720,binance,XRP/USDT:USDT,3.1393,23266.7,3.1392,9458.8,3.1394,2366.3,3.1395,4148.6
1753769313242,06:08:33.242,binance,XRP/USDT:USDT,3.1393,16021.2,3.1392,9457.1,3.1394,2335.5,3.1395,4148.6
1753769313344,06:08:33.344,binance,XRP/USDT:USDT,3.1393,16021.4,3.1392,9457.1,3.1394,2335.5,3.1395,4148.6
1753769313447,06:08:33.447,binance,XRP/USDT:USDT,3.1393,23205.0,3.1392,9457.1,3.1394,2867.7,3.1395,4148.6
1753769313548,06:08:33.548,binance,XRP/USDT:USDT,3.1393,15914.7,3.1392,9457.1,3.1394,4663.2,3.1395,6748.0
1753769313650,06:08:33.650,binance,XRP/USDT:USDT,3.1393,16109.9,3.1392,9457.1,3.1394,4328.8,3.1395,4148.6
1753769313752,06:08:33.752,binance,XRP/USDT:USDT,3.1393,16127.8,3.1392,9457.1,3.1394,2001.1,3.1395,4148.6
1753769313855,06:08:33.855,binance,XRP/USDT:USDT,3.1393,23378.9,3.1392,9457.1,3.1394,2001.1,3.1395,4148.6
1753769313958,06:08:33.958,binance,XRP/USDT:USDT,3.1393,23378.9,3.1392,15139.4,3.1394,1012.3,3.1395,4148.6
1753769314064,06:08:34.064,binance,XRP/USDT:USDT,3.1393,23378.9,3.1392,15171.2,3.1394,1012.3,3.1395,4148.6
1753769314173,06:08:34.173,binance,XRP/USDT:USDT,3.1393,23378.9,3.1392,14789.6,3.1394,1012.3,3.1395,4148.6
1753769314275,06:08:34.275,binance,XRP/USDT:USDT,3.1393,23384.5,3.1392,14789.6,3.1394,1012.3,3.1395,4148.6
1753769314383,06:08:34.383,binance,XRP/USDT:USDT,3.1393,25498.8,3.1392,14789.6,3.1394,1012.2,3.1395,4148.6
1753769314504,06:08:34.504,binance,XRP/USDT:USDT,3.1393,18263.5,3.1392,14784.4,3.1394,1016.8,3.1395,4148.6
1753769314605,06:08:34.605,binance,XRP/USDT:USDT,3.1393,18264.6,3.1392,14784.4,3.1394,1016.8,3.1395,4148.6
1753769314779,06:08:34.779,binance,XRP/USDT:USDT,3.1393,18264.6,3.1392,14366.0,3.1394,1016.8,3.1395,4148.6
1753769314884,06:08:34.884,binance,XRP/USDT:USDT,3.1393,29194.9,3.1392,14366.0,3.1394,769.0,3.1395,4148.6
1753769314987,06:08:34.987,binance,XRP/USDT:USDT,3.1393,29096.5,3.1392,13984.4,3.1394,287.5,3.1395,4148.6
1753769315088,06:08:35.088,binance,XRP/USDT:USDT,3.1394,46883.7,3.1393,29879.4,3.1395,5545.9,3.1396,8876.3
1753769315191,06:08:35.191,binance,XRP/USDT:USDT,3.1394,46922.9,3.1393,23857.0,3.1395,5551.2,3.1396,8876.3
1753769315292,06:08:35.292,binance,XRP/USDT:USDT,3.1394,47461.1,3.1393,23858.1,3.1395,3451.2,3.1396,8876.3
1753769315399,06:08:35.399,binance,XRP/USDT:USDT,3.1394,49854.2,3.1393,23480.7,3.1395,2896.5,3.1396,7258.4
1753769315507,06:08:35.507,binance,XRP/USDT:USDT,3.1395,46002.9,3.1394,41467.9,3.1396,8100.3,3.1397,144.3
1753769315608,06:08:35.608,binance,XRP/USDT:USDT,3.1397,31489.2,3.1396,43018.6,3.1398,6936.4,3.1399,4965.0
1753769315709,06:08:35.709,binance,XRP/USDT:USDT,3.1397,25560.1,3.1396,43211.1,3.1398,10259.9,3.1399,5062.9
1753769315811,06:08:35.811,binance,XRP/USDT:USDT,3.1397,25371.2,3.1396,43020.3,3.1398,10147.4,3.1399,5062.9
1753769315927,06:08:35.927,binance,XRP/USDT:USDT,3.1397,12840.4,3.1396,22986.0,3.1398,21383.1,3.1399,5896.8
1753769316030,06:08:36.030,binance,XRP/USDT:USDT,3.1397,13043.7,3.1396,29692.1,3.1398,21385.3,3.1399,5896.8
1753769316135,06:08:36.135,binance,XRP/USDT:USDT,3.1397,17578.9,3.1396,29860.6,3.1398,21385.3,3.1399,1735.7
1753769316248,06:08:36.248,binance,XRP/USDT:USDT,3.1397,17673.6,3.1396,29860.6,3.1398,18844.5,3.1399,1735.7
1753769316351,06:08:36.351,binance,XRP/USDT:USDT,3.1397,20043.8,3.1396,30051.4,3.1398,19494.5,3.1399,1735.7
1753769316454,06:08:36.454,binance,XRP/USDT:USDT,3.1397,20676.5,3.1396,30051.4,3.1398,8676.5,3.1399,1735.7
1753769316556,06:08:36.556,binance,XRP/USDT:USDT,3.1397,21014.8,3.1396,30051.4,3.1398,8676.5,3.1399,1735.7
1753769316662,06:08:36.662,binance,XRP/USDT:USDT,3.1397,21370.9,3.1396,30051.4,3.1398,7908.3,3.1399,1735.7
1753769316766,06:08:36.766,binance,XRP/USDT:USDT,3.1397,21803.4,3.1396,30051.4,3.1398,7908.3,3.1399,1735.7
1753769316868,06:08:36.868,binance,XRP/USDT:USDT,3.1397,22791.5,3.1396,30051.4,3.1398,5041.6,3.1399,1735.7
1753769316971,06:08:36.971,binance,XRP/USDT:USDT,3.1397,22791.5,3.1396,30051.4,3.1398,9741.6,3.1399,1735.7
1753769317072,06:08:37.072,binance,XRP/USDT:USDT,3.1397,22791.5,3.1396,30051.4,3.1398,9741.6,3.1399,1735.7
1753769317174,06:08:37.174,binance,XRP/USDT:USDT,3.1397,23271.2,3.1396,32451.2,3.1398,9741.6,3.1399,1735.7
1753769317285,06:08:37.285,binance,XRP/USDT:USDT,3.1397,23271.6,3.1396,32451.2,3.1398,9731.1,3.1399,1735.7
1753769317388,06:08:37.388,binance,XRP/USDT:USDT,3.1397,23271.5,3.1396,32451.2,3.1398,9731.5,3.1399,1735.7
1753769317490,06:08:37.490,binance,XRP/USDT:USDT,3.1397,23131.2,3.1396,32451.2,3.1398,9731.5,3.1399,939.8
1753769317594,06:08:37.594,binance,XRP/USDT:USDT,3.1397,23197.8,3.1396,32451.2,3.1398,9681.5,3.1399,939.8
1753769317695,06:08:37.695,binance,XRP/USDT:USDT,3.1397,23201.0,3.1396,32451.2,3.1398,9681.5,3.1399,939.8
1753769317811,06:08:37.811,binance,XRP/USDT:USDT,3.1397,23201.0,3.1396,32451.2,3.1398,9683.2,3.1399,939.8
1753769317929,06:08:37.929,binance,XRP/USDT:USDT,3.1397,23201.0,3.1396,32451.2,3.1398,9680.2,3.1399,5639.8
1753769318037,06:08:38.037,binance,XRP/USDT:USDT,3.1397,23059.8,3.1396,32451.2,3.1398,9646.5,3.1399,5639.8
1753769318139,06:08:38.139,binance,XRP/USDT:USDT,3.1397,23059.8,3.1396,33010.7,3.1398,4946.5,3.1399,5639.8
1753769318240,06:08:38.240,binance,XRP/USDT:USDT,3.1397,23854.9,3.1396,33010.7,3.1398,2735.9,3.1399,5639.8
1753769318352,06:08:38.352,binance,XRP/USDT:USDT,3.1397,23624.0,3.1396,33010.7,3.1398,2424.7,3.1399,7985.7
1753769318455,06:08:38.455,binance,XRP/USDT:USDT,3.1397,23772.8,3.1396,33010.7,3.1398,2430.0,3.1399,7985.7
1753769318563,06:08:38.563,binance,XRP/USDT:USDT,3.1397,23938.0,3.1396,33010.7,3.1398,2430.0,3.1399,7985.7
1753769318674,06:08:38.674,binance,XRP/USDT:USDT,3.1397,24034.5,3.1396,36649.2,3.1398,2430.0,3.1399,7985.7
1753769318780,06:08:38.780,binance,XRP/USDT:USDT,3.1397,23988.5,3.1396,36681.0,3.1398,2430.0,3.1399,7985.7
1753769318898,06:08:38.898,binance,XRP/USDT:USDT,3.1397,24133.0,3.1396,36681.0,3.1398,2430.0,3.1399,7985.7
1753769319003,06:08:39.003,binance,XRP/USDT:USDT,3.1397,24135.2,3.1396,33042.5,3.1398,2430.0,3.1399,7985.7
1753769319115,06:08:39.115,binance,XRP/USDT:USDT,3.1397,24135.2,3.1396,33042.5,3.1398,2430.9,3.1399,8129.8
1753769319224,06:08:39.224,binance,XRP/USDT:USDT,3.1397,24135.3,3.1396,36681.0,3.1398,2233.4,3.1399,8129.8
1753769319329,06:08:39.329,binance,XRP/USDT:USDT,3.1397,24135.3,3.1396,36610.3,3.1398,2230.0,3.1399,8129.8
1753769319436,06:08:39.436,binance,XRP/USDT:USDT,3.1397,24167.9,3.1396,36610.3,3.1398,2230.0,3.1399,8129.8
1753769319538,06:08:39.538,binance,XRP/USDT:USDT,3.1397,24170.0,3.1396,33042.5,3.1398,2860.6,3.1399,8129.8
1753769319644,06:08:39.644,binance,XRP/USDT:USDT,3.1397,24180.9,3.1396,33042.5,3.1398,2809.6,3.1399,8129.8
1753769319748,06:08:39.748,binance,XRP/USDT:USDT,3.1397,23333.9,3.1396,36533.2,3.1398,2807.4,3.1399,8129.8
1753769319851,06:08:39.851,binance,XRP/USDT:USDT,3.1397,23872.1,3.1396,36533.2,3.1398,2444.5,3.1399,8129.8
1753769320064,06:08:40.064,binance,XRP/USDT:USDT,3.1398,41437.0,3.1397,26986.1,3.1399,3710.4,3.14,345.7
1753769320165,06:08:40.165,binance,XRP/USDT:USDT,3.1399,51890.8,3.1398,40438.7,3.14,2726.1,3.1401,6798.3
1753769320266,06:08:40.266,binance,XRP/USDT:USDT,3.1399,59708.7,3.1398,41388.7,3.14,2726.1,3.1401,6798.3
1753769320368,06:08:40.368,binance,XRP/USDT:USDT,3.1402,53901.2,3.1401,42017.0,3.1403,187.6,3.1404,1456.6
1753769320469,06:08:40.469,binance,XRP/USDT:USDT,3.1402,57223.6,3.1401,49303.9,3.1403,187.6,3.1404,2306.4
1753769320570,06:08:40.570,binance,XRP/USDT:USDT,3.1402,64678.0,3.1401,45376.9,3.1403,333.3,3.1404,2630.8
1753769320675,06:08:40.675,binance,XRP/USDT:USDT,3.1402,55503.7,3.1401,45376.9,3.1403,338.6,3.1404,2306.4
1753769320776,06:08:40.776,binance,XRP/USDT:USDT,3.1402,50993.2,3.1401,26086.5,3.1403,338.6,3.1404,6652.6
1753769320879,06:08:40.879,binance,XRP/USDT:USDT,3.1402,50993.2,3.1401,23562.6,3.1403,5038.6,3.1404,6652.6
1753769320990,06:08:40.990,binance,XRP/USDT:USDT,3.1402,50993.2,3.1401,23562.6,3.1403,5038.6,3.1404,6376.6
1753769321091,06:08:41.091,binance,XRP/USDT:USDT,3.1402,50993.2,3.1401,20638.0,3.1403,5980.2,3.1404,5670.7
1753769321195,06:08:41.195,binance,XRP/USDT:USDT,3.1402,51011.3,3.1401,20638.0,3.1403,1280.1,3.1404,2940.7
1753769321296,06:08:41.296,binance,XRP/USDT:USDT,3.1402,51075.9,3.1401,20638.0,3.1403,338.5,3.1404,1868.4
1753769321398,06:08:41.398,binance,XRP/USDT:USDT,3.1403,30336.2,3.1402,39138.9,3.1404,3857.3,3.1405,646.0
1753769321500,06:08:41.500,binance,XRP/USDT:USDT,3.1403,31239.1,3.1402,34240.7,3.1404,3862.6,3.1405,646.0
1753769321811,06:08:41.811,binance,XRP/USDT:USDT,3.1403,32081.3,3.1402,34808.7,3.1404,3814.4,3.1405,646.0
1753769321912,06:08:41.912,binance,XRP/USDT:USDT,3.1403,32081.3,3.1402,34808.7,3.1404,10093.0,3.1405,646.0
1753769322017,06:08:42.017,binance,XRP/USDT:USDT,3.1403,32081.3,3.1402,34808.7,3.1404,10024.4,3.1405,734.2
1753769322122,06:08:42.122,binance,XRP/USDT:USDT,3.1403,19328.4,3.1402,30821.7,3.1404,22050.7,3.1405,14621.5
1753769322536,06:08:42.536,binance,XRP/USDT:USDT,3.1403,20303.2,3.1402,30538.8,3.1404,24795.9,3.1405,6663.0
1753769322639,06:08:42.639,binance,XRP/USDT:USDT,3.1403,20303.2,3.1402,30538.8,3.1404,24795.9,3.1405,6663.0
1753769322743,06:08:42.743,binance,XRP/USDT:USDT,3.1403,20303.2,3.1402,22543.3,3.1404,24794.3,3.1405,6663.0
1753769322848,06:08:42.848,binance,XRP/USDT:USDT,3.1403,20307.6,3.1402,28366.5,3.1404,24709.8,3.1405,6663.0
1753769322966,06:08:42.966,binance,XRP/USDT:USDT,3.1403,20307.6,3.1402,28366.5,3.1404,24696.8,3.1405,6663.0
1753769323069,06:08:43.069,binance,XRP/USDT:USDT,3.1403,20307.6,3.1402,28366.5,3.1404,24696.8,3.1405,6663.0
1753769323189,06:08:43.189,binance,XRP/USDT:USDT,3.1403,20564.3,3.1402,28348.4,3.1404,24699.2,3.1405,6663.0
1753769323292,06:08:43.292,binance,XRP/USDT:USDT,3.1403,21213.2,3.1402,28348.4,3.1404,24742.3,3.1405,6663.0
1753769323397,06:08:43.397,binance,XRP/USDT:USDT,3.1403,21414.6,3.1402,28348.4,3.1404,24742.3,3.1405,6663.0
1753769323501,06:08:43.501,binance,XRP/USDT:USDT,3.1403,21465.0,3.1402,28348.4,3.1404,24744.1,3.1405,10187.2
1753769323604,06:08:43.604,binance,XRP/USDT:USDT,3.1402,1.6,3.1401,250.4,3.1403,50609.5,3.1404,34227.9
1753769323705,06:08:43.705,binance,XRP/USDT:USDT,3.14,17832.7,3.1399,3718.3,3.1401,14280.7,3.1402,40371.7
1753769323915,06:08:43.915,binance,XRP/USDT:USDT,3.14,22873.4,3.1399,4149.2,3.1401,7152.0,3.1402,15934.4
1753769324020,06:08:44.020,binance,XRP/USDT:USDT,3.14,22873.4,3.1399,4149.2,3.1401,7152.0,3.1402,15934.4
1753769324124,06:08:44.124,binance,XRP/USDT:USDT,3.14,13255.3,3.1399,3958.4,3.1401,13354.4,3.1402,15934.4
1753769324226,06:08:44.226,binance,XRP/USDT:USDT,3.14,13637.6,3.1399,3958.4,3.1401,15657.4,3.1402,15934.4
1753769324331,06:08:44.331,binance,XRP/USDT:USDT,3.14,13450.6,3.1399,3958.4,3.1401,18052.7,3.1402,15934.4
1753769324435,06:08:44.435,binance,XRP/USDT:USDT,3.14,11551.7,3.1399,3958.4,3.1401,19098.7,3.1402,15934.4
1753769324536,06:08:44.536,binance,XRP/USDT:USDT,3.14,11551.7,3.1399,3958.4,3.1401,19100.4,3.1402,15934.4
1753769324639,06:08:44.639,binance,XRP/USDT:USDT,3.14,8821.7,3.1399,3909.1,3.1401,19100.4,3.1402,15934.4
1753769324742,06:08:44.742,binance,XRP/USDT:USDT,3.14,8821.7,3.1399,3909.1,3.1401,19097.2,3.1402,15934.4
1753769324844,06:08:44.844,binance,XRP/USDT:USDT,3.14,8813.8,3.1399,3909.1,3.1401,19101.4,3.1402,15934.4
1753769325176,06:08:45.176,binance,XRP/USDT:USDT,3.14,5077.5,3.1399,6033.5,3.1401,23066.7,3.1402,15934.4
1753769325277,06:08:45.277,binance,XRP/USDT:USDT,3.14,5077.5,3.1399,6033.5,3.1401,23379.6,3.1402,15934.4
1753769325402,06:08:45.402,binance,XRP/USDT:USDT,3.14,5092.1,3.1399,6033.5,3.1401,23411.7,3.1402,15934.4
1753769325503,06:08:45.503,binance,XRP/USDT:USDT,3.14,5148.1,3.1399,6033.5,3.1401,23411.9,3.1402,15934.4
1753769325606,06:08:45.606,binance,XRP/USDT:USDT,3.14,5148.1,3.1399,6033.5,3.1401,23360.0,3.1402,15934.4
1753769325708,06:08:45.708,binance,XRP/USDT:USDT,3.14,5162.7,3.1399,6033.5,3.1401,23360.0,3.1402,15934.4
1753769325865,06:08:45.865,binance,XRP/USDT:USDT,3.14,9669.0,3.1399,9939.5,3.1401,23354.7,3.1402,15934.4
1753769325971,06:08:45.971,binance,XRP/USDT:USDT,3.14,7656.4,3.1399,6033.5,3.1401,23354.7,3.1402,15934.4
1753769326300,06:08:46.300,binance,XRP/USDT:USDT,3.14,13182.9,3.1399,10259.0,3.1401,17902.2,3.1402,15934.4
1753769326404,06:08:46.404,binance,XRP/USDT:USDT,3.14,15122.6,3.1399,10449.8,3.1401,9369.1,3.1402,15934.4
1753769326506,06:08:46.506,binance,XRP/USDT:USDT,3.14,15674.2,3.1399,14277.8,3.1401,8810.0,3.1402,15934.4
1753769326625,06:08:46.625,binance,XRP/USDT:USDT,3.14,15690.6,3.1399,14277.8,3.1401,7364.3,3.1402,15934.4
1753769326765,06:08:46.765,binance,XRP/USDT:USDT,3.14,15682.7,3.1399,14277.8,3.1401,7364.3,3.1402,15934.4
1753769326897,06:08:46.897,binance,XRP/USDT:USDT,3.14,15682.7,3.1399,10449.8,3.1401,7364.3,3.1402,15934.4
1753769326999,06:08:46.999,binance,XRP/USDT:USDT,3.14,15682.7,3.1399,10449.8,3.1401,7364.3,3.1402,15934.4
1753769327101,06:08:47.101,binance,XRP/USDT:USDT,3.14,15682.7,3.1399,10449.8,3.1401,7364.3,3.1402,15934.4
1753769327208,06:08:47.208,binance,XRP/USDT:USDT,3.14,15683.1,3.1399,10449.8,3.1401,7364.3,3.1402,15934.4
1753769327309,06:08:47.309,binance,XRP/USDT:USDT,3.14,19511.1,3.1399,14954.0,3.1401,7364.3,3.1402,15934.4
1753769327528,06:08:47.528,binance,XRP/USDT:USDT,3.14,15732.8,3.1399,11126.0,3.1401,7369.3,3.1402,15934.4
1753769327631,06:08:47.631,binance,XRP/USDT:USDT,3.14,15732.8,3.1399,11126.0,3.1401,7477.9,3.1402,15934.4
1753769327733,06:08:47.733,binance,XRP/USDT:USDT,3.14,15440.3,3.1399,6900.5,3.1401,7372.6,3.1402,15934.4
1753769327846,06:08:47.846,binance,XRP/USDT:USDT,3.14,15440.3,3.1399,6900.5,3.1401,7352.1,3.1402,15934.4
1753769327951,06:08:47.951,binance,XRP/USDT:USDT,3.14,15440.3,3.1399,10995.4,3.1401,7347.0,3.1402,15934.4
1753769328054,06:08:48.054,binance,XRP/USDT:USDT,3.14,15440.3,3.1399,6900.5,3.1401,7347.0,3.1402,16044.7
1753769328169,06:08:48.169,binance,XRP/USDT:USDT,3.14,15440.3,3.1399,6900.5,3.1401,7343.9,3.1402,16044.7
1753769328271,06:08:48.271,binance,XRP/USDT:USDT,3.14,15468.2,3.1399,6900.5,3.1401,7342.2,3.1402,16044.7
1753769328504,06:08:48.504,binance,XRP/USDT:USDT,3.14,15702.0,3.1399,10933.3,3.1401,7339.4,3.1402,16044.7
1753769329211,06:08:49.211,binance,XRP/USDT:USDT,3.14,15703.7,3.1399,6900.5,3.1401,8038.8,3.1402,19663.4
1753769329314,06:08:49.314,binance,XRP/USDT:USDT,3.14,15703.6,3.1399,6900.5,3.1401,7339.5,3.1402,16044.7
1753769329420,06:08:49.420,binance,XRP/USDT:USDT,3.14,15703.6,3.1399,6900.5,3.1401,7758.2,3.1402,16044.7
1753769329535,06:08:49.535,binance,XRP/USDT:USDT,3.14,15765.6,3.1399,6900.5,3.1401,7708.4,3.1402,16044.7
1753769329656,06:08:49.656,binance,XRP/USDT:USDT,3.14,15771.7,3.1399,6900.5,3.1401,7659.5,3.1402,16044.7
1753769329765,06:08:49.765,binance,XRP/USDT:USDT,3.14,15771.7,3.1399,6900.5,3.1401,7659.5,3.1402,16044.7
1753769329884,06:08:49.884,binance,XRP/USDT:USDT,3.14,15581.7,3.1399,6900.5,3.1401,7656.4,3.1402,16044.7
1753769330112,06:08:50.112,binance,XRP/USDT:USDT,3.14,15771.7,3.1399,6900.5,3.1401,11427.5,3.1402,16044.7
1753769330254,06:08:50.254,binance,XRP/USDT:USDT,3.14,15771.7,3.1399,6900.5,3.1401,11427.5,3.1402,16044.7
1753769330381,06:08:50.381,binance,XRP/USDT:USDT,3.14,15770.0,3.1399,6900.5,3.1401,11430.5,3.1402,16044.7
1753769330497,06:08:50.497,binance,XRP/USDT:USDT,3.14,15885.4,3.1399,7098.5,3.1401,11403.3,3.1402,16044.7
1753769330602,06:08:50.602,binance,XRP/USDT:USDT,3.14,15885.4,3.1399,7098.5,3.1401,11403.3,3.1402,16044.7
1753769330730,06:08:50.730,binance,XRP/USDT:USDT,3.14,15889.7,3.1399,7098.5,3.1401,11347.1,3.1402,16044.7
1753769330842,06:08:50.842,binance,XRP/USDT:USDT,3.14,15889.7,3.1399,7098.5,3.1401,11237.0,3.1402,16044.7
1753769330945,06:08:50.945,binance,XRP/USDT:USDT,3.14,15889.7,3.1399,7098.5,3.1401,11237.0,3.1402,16044.7
1753769331053,06:08:51.053,binance,XRP/USDT:USDT,3.14,15667.2,3.1399,7098.5,3.1401,11332.5,3.1402,15966.7
1753769331165,06:08:51.165,binance,XRP/USDT:USDT,3.14,15677.8,3.1399,7098.5,3.1401,14659.6,3.1402,19354.9
1753769331269,06:08:51.269,binance,XRP/USDT:USDT,3.14,1766.6,3.1399,6907.7,3.1401,22394.8,3.1402,19396.8
1753769331370,06:08:51.370,binance,XRP/USDT:USDT,3.14,1753.7,3.1399,6907.7,3.1401,23210.7,3.1402,19494.3
1753769331474,06:08:51.474,binance,XRP/USDT:USDT,3.14,1819.9,3.1399,6907.7,3.1401,18820.2,3.1402,16106.1
1753769331576,06:08:51.576,binance,XRP/USDT:USDT,3.14,1819.9,3.1399,5455.8,3.1401,18791.1,3.1402,16175.2
1753769331679,06:08:51.679,binance,XRP/USDT:USDT,3.14,1841.7,3.1399,5455.8,3.1401,18791.1,3.1402,16175.2
1753769331786,06:08:51.786,binance,XRP/USDT:USDT,3.14,1873.6,3.1399,5455.8,3.1401,18791.1,3.1402,16175.2
1753769331891,06:08:51.891,binance,XRP/USDT:USDT,3.14,1637.4,3.1399,3331.4,3.1401,18748.1,3.1402,19510.9
1753769331993,06:08:51.993,binance,XRP/USDT:USDT,3.14,2123.0,3.1399,5699.0,3.1401,18738.6,3.1402,16175.2
1753769332098,06:08:52.098,binance,XRP/USDT:USDT,3.14,2123.0,3.1399,5699.0,3.1401,18738.6,3.1402,16175.2
1753769332201,06:08:52.201,binance,XRP/USDT:USDT,3.14,2123.0,3.1399,5699.0,3.1401,18735.5,3.1402,16175.2
1753769332304,06:08:52.304,binance,XRP/USDT:USDT,3.14,2106.5,3.1399,5699.0,3.1401,18876.3,3.1402,16175.2
1753769332406,06:08:52.406,binance,XRP/USDT:USDT,3.14,2107.7,3.1399,5699.0,3.1401,19659.7,3.1402,16175.2
1753769332511,06:08:52.511,binance,XRP/USDT:USDT,3.14,2107.5,3.1399,5699.0,3.1401,19363.8,3.1402,16175.2
1753769332708,06:08:52.708,binance,XRP/USDT:USDT,3.14,2107.5,3.1399,3436.0,3.1401,19363.8,3.1402,16175.2
1753769332814,06:08:52.814,binance,XRP/USDT:USDT,3.14,2113.0,3.1399,6251.5,3.1401,19363.8,3.1402,16175.2
1753769332938,06:08:52.938,binance,XRP/USDT:USDT,3.14,2113.0,3.1399,6251.5,3.1401,19363.8,3.1402,16175.2
1753769333074,06:08:53.074,binance,XRP/USDT:USDT,3.1399,1006.4,3.1398,22217.9,3.14,54032.8,3.1401,22223.8
1753769333175,06:08:53.175,binance,XRP/USDT:USDT,3.1399,3886.6,3.1398,22201.1,3.14,46160.4,3.1401,22223.8
1753769333282,06:08:53.282,binance,XRP/USDT:USDT,3.1399,3891.9,3.1398,22201.1,3.14,46160.4,3.1401,20058.0
1753769333384,06:08:53.384,binance,XRP/USDT:USDT,3.1399,1059.5,3.1398,7316.9,3.14,47573.9,3.1401,22023.6
1753769333485,06:08:53.485,binance,XRP/USDT:USDT,3.1397,675.6,3.1396,4050.2,3.1398,5733.5,3.1399,59321.9
1753769333586,06:08:53.586,binance,XRP/USDT:USDT,3.1395,32.0,3.1394,8559.6,3.1396,58943.5,3.1397,68672.0
1753769333690,06:08:53.690,binance,XRP/USDT:USDT,3.1394,15433.7,3.1393,4904.2,3.1395,36428.5,3.1396,58772.7
1753769333793,06:08:53.793,binance,XRP/USDT:USDT,3.1394,10469.4,3.1393,2576.5,3.1395,36433.8,3.1396,53557.5
1753769333899,06:08:53.899,binance,XRP/USDT:USDT,3.1394,1621.9,3.1393,484.7,3.1395,36700.6,3.1396,46498.9
1753769334001,06:08:54.001,binance,XRP/USDT:USDT,3.1393,25.1,3.1392,7035.2,3.1394,64630.2,3.1395,40074.5
1753769334103,06:08:54.103,binance,XRP/USDT:USDT,3.1391,14670.4,3.139,15611.9,3.1392,48521.0,3.1393,55306.6
1753769334204,06:08:54.204,binance,XRP/USDT:USDT,3.1391,13414.9,3.139,13084.6,3.1392,48480.2,3.1393,55518.6
1753769334305,06:08:54.305,binance,XRP/USDT:USDT,3.1391,10247.5,3.139,13084.6,3.1392,48619.1,3.1393,55327.8
1753769334407,06:08:54.407,binance,XRP/USDT:USDT,3.1391,10247.5,3.139,12575.1,3.1392,48896.4,3.1393,55327.8
1753769334611,06:08:54.611,binance,XRP/USDT:USDT,3.139,10865.9,3.1389,680.0,3.1391,66739.6,3.1392,47279.9
1753769334714,06:08:54.714,binance,XRP/USDT:USDT,3.139,10865.9,3.1389,680.0,3.1391,66505.1,3.1392,47279.9
1753769334825,06:08:54.825,binance,XRP/USDT:USDT,3.139,11475.5,3.1389,680.0,3.1391,61291.8,3.1392,43237.6
1753769334926,06:08:54.926,binance,XRP/USDT:USDT,3.139,11475.5,3.1389,661.8,3.1391,61999.6,3.1392,43256.7
1753769335032,06:08:55.032,binance,XRP/USDT:USDT,3.139,11475.5,3.1389,661.8,3.1391,61999.6,3.1392,43256.7
1753769335154,06:08:55.154,binance,XRP/USDT:USDT,3.139,11475.5,3.1389,672.6,3.1391,62168.4,3.1392,43256.7
1753769335255,06:08:55.255,binance,XRP/USDT:USDT,3.139,11494.3,3.1389,672.6,3.1391,62168.4,3.1392,43256.7
1753769335359,06:08:55.359,binance,XRP/USDT:USDT,3.139,11494.3,3.1389,672.6,3.1391,62337.0,3.1392,43115.5
1753769335462,06:08:55.462,binance,XRP/USDT:USDT,3.139,11569.4,3.1389,672.6,3.1391,63550.8,3.1392,43115.5
1753769335578,06:08:55.578,binance,XRP/USDT:USDT,3.139,11574.7,3.1389,672.6,3.1391,58820.5,3.1392,43115.5
1753769335681,06:08:55.681,binance,XRP/USDT:USDT,3.139,11574.7,3.1389,672.6,3.1391,58651.7,3.1392,43115.5
1753769335784,06:08:55.784,binance,XRP/USDT:USDT,3.139,3877.8,3.1389,672.6,3.1391,59592.3,3.1392,43115.5
1753769335886,06:08:55.886,binance,XRP/USDT:USDT,3.139,3881.7,3.1389,672.6,3.1391,61845.9,3.1392,43115.5
1753769335988,06:08:55.988,binance,XRP/USDT:USDT,3.139,3881.7,3.1389,672.6,3.1391,61845.9,3.1392,43115.5
1753769336120,06:08:56.120,binance,XRP/USDT:USDT,3.139,3881.7,3.1389,661.8,3.1391,61845.9,3.1392,43115.5
1753769336224,06:08:56.224,binance,XRP/USDT:USDT,3.139,3881.7,3.1389,661.8,3.1391,61845.9,3.1392,43115.5
1753769336361,06:08:56.361,binance,XRP/USDT:USDT,3.139,3881.0,3.1389,661.8,3.1391,61845.9,3.1392,42924.7
1753769336462,06:08:56.462,binance,XRP/USDT:USDT,3.139,3918.8,3.1389,661.8,3.1391,61845.9,3.1392,43115.5
1753769336568,06:08:56.568,binance,XRP/USDT:USDT,3.139,3918.8,3.1389,661.8,3.1391,61845.9,3.1392,43115.5
1753769336669,06:08:56.669,binance,XRP/USDT:USDT,3.1388,29.5,3.1387,1911.5,3.1389,61627.9,3.139,45898.5
1753769336775,06:08:56.775,binance,XRP/USDT:USDT,3.1386,2746.8,3.1385,5581.0,3.1387,59521.4,3.1388,54130.2
1753769336878,06:08:56.878,binance,XRP/USDT:USDT,3.1385,3181.5,3.1384,177.6,3.1386,62976.4,3.1387,70779.0
1753769336981,06:08:56.981,binance,XRP/USDT:USDT,3.1385,3181.5,3.1384,137.4,3.1386,63000.8,3.1387,71341.8
1753769337085,06:08:57.085,binance,XRP/USDT:USDT,3.1385,3181.5,3.1384,137.4,3.1386,63000.8,3.1387,67835.8
1753769337190,06:08:57.190,binance,XRP/USDT:USDT,3.1385,3181.5,3.1384,2867.4,3.1386,54098.6,3.1387,63303.3
1753769337292,06:08:57.292,binance,XRP/USDT:USDT,3.1385,3181.5,3.1384,2867.4,3.1386,53886.7,3.1387,63303.3
1753769337394,06:08:57.394,binance,XRP/USDT:USDT,3.1385,3276.3,3.1384,2867.4,3.1386,55126.5,3.1387,63303.3
1753769337496,06:08:57.496,binance,XRP/USDT:USDT,3.1385,3915.5,3.1384,2867.4,3.1386,55976.3,3.1387,63303.3
1753769337600,06:08:57.600,binance,XRP/USDT:USDT,3.1384,2862.3,3.1383,2899.7,3.1385,55276.0,3.1386,49817.3
1753769337701,06:08:57.701,binance,XRP/USDT:USDT,3.1383,648.7,3.1382,102.0,3.1384,53251.9,3.1385,53324.8
1753769337802,06:08:57.802,binance,XRP/USDT:USDT,3.1383,652.4,3.1382,1577.7,3.1384,53278.3,3.1385,53515.6
1753769337906,06:08:57.906,binance,XRP/USDT:USDT,3.1383,793.5,3.1382,5166.0,3.1384,51295.7,3.1385,53515.6
1753769338007,06:08:58.007,binance,XRP/USDT:USDT,3.1383,796.6,3.1382,5166.0,3.1384,51316.7,3.1385,53974.3
1753769338109,06:08:58.109,binance,XRP/USDT:USDT,3.1383,796.6,3.1382,5166.0,3.1384,47268.3,3.1385,53967.4
1753769338211,06:08:58.211,binance,XRP/USDT:USDT,3.1383,843.4,3.1382,5166.0,3.1384,47266.4,3.1385,53967.4
1753769338315,06:08:58.315,binance,XRP/USDT:USDT,3.1383,845.1,3.1382,6388.5,3.1384,47266.4,3.1385,53967.4
1753769338421,06:08:58.421,binance,XRP/USDT:USDT,3.1383,1616.5,3.1382,6388.5,3.1384,47359.9,3.1385,53967.4
1753769338524,06:08:58.524,binance,XRP/USDT:USDT,3.1383,1616.5,3.1382,6388.5,3.1384,47773.6,3.1385,53967.4
1753769338631,06:08:58.631,binance,XRP/USDT:USDT,3.1384,61412.3,3.1383,58007.5,3.1385,1413.0,3.1386,1283.1
1753769338734,06:08:58.734,binance,XRP/USDT:USDT,3.1387,32357.6,3.1386,52819.5,3.1388,394.0,3.1389,5.0
1753769338835,06:08:58.835,binance,XRP/USDT:USDT,3.1387,32818.3,3.1386,61953.3,3.1388,399.3,3.1389,2055.9
1753769338936,06:08:58.936,binance,XRP/USDT:USDT,3.1387,25431.8,3.1386,47882.5,3.1388,4063.5,3.1389,2096.2
1753769339039,06:08:59.039,binance,XRP/USDT:USDT,3.1387,25621.8,3.1386,47882.5,3.1388,3884.5,3.1389,2052.6
1753769339140,06:08:59.140,binance,XRP/USDT:USDT,3.1387,25443.1,3.1386,48264.1,3.1388,3884.5,3.1389,2052.6
1753769339249,06:08:59.249,binance,XRP/USDT:USDT,3.1388,29964.2,3.1387,31198.5,3.1389,1.6,3.139,7433.4
1753769339352,06:08:59.352,binance,XRP/USDT:USDT,3.1389,29536.1,3.1388,22132.1,3.139,9344.2,3.1391,4606.4
1753769339453,06:08:59.453,binance,XRP/USDT:USDT,3.139,30822.7,3.1389,22343.2,3.1391,6059.2,3.1392,5292.8
1753769339554,06:08:59.554,binance,XRP/USDT:USDT,3.139,30631.9,3.1389,22534.0,3.1391,2817.7,3.1392,6732.4
1753769339658,06:08:59.658,binance,XRP/USDT:USDT,3.139,30650.1,3.1389,22808.2,3.1391,6842.0,3.1392,6573.3
1753769339761,06:08:59.761,binance,XRP/USDT:USDT,3.139,30858.8,3.1389,24417.8,3.1391,2842.0,3.1392,4477.1
1753769339862,06:08:59.862,binance,XRP/USDT:USDT,3.139,36848.3,3.1389,34271.6,3.1391,2659.1,3.1392,7.3
1753769339965,06:08:59.965,binance,XRP/USDT:USDT,3.139,32076.8,3.1389,24562.8,3.1391,4744.9,3.1392,9582.3
1753769340067,06:09:00.067,binance,XRP/USDT:USDT,3.139,32076.8,3.1389,24562.8,3.1391,4744.9,3.1392,3371.1
1753769340168,06:09:00.168,binance,XRP/USDT:USDT,3.139,30917.7,3.1389,21848.5,3.1391,7082.9,3.1392,3371.1
1753769340271,06:09:00.271,binance,XRP/USDT:USDT,3.139,1437.0,3.1389,8496.7,3.1391,23673.9,3.1392,10397.8
1753769340372,06:09:00.372,binance,XRP/USDT:USDT,3.139,1412.8,3.1389,6044.0,3.1391,23673.9,3.1392,10468.4
1753769340474,06:09:00.474,binance,XRP/USDT:USDT,3.139,1625.7,3.1389,6044.0,3.1391,23505.9,3.1392,10468.4
1753769340684,06:09:00.684,binance,XRP/USDT:USDT,3.139,4497.5,3.1389,6050.9,3.1391,23505.9,3.1392,8319.9
1753769340796,06:09:00.796,binance,XRP/USDT:USDT,3.139,1759.1,3.1389,6050.9,3.1391,23507.5,3.1392,13019.9
1753769340897,06:09:00.897,binance,XRP/USDT:USDT,3.139,1759.1,3.1389,6050.9,3.1391,23507.5,3.1392,16536.9
1753769340998,06:09:00.998,binance,XRP/USDT:USDT,3.139,1759.1,3.1389,6050.9,3.1391,23676.3,3.1392,16536.9
1753769341101,06:09:01.101,binance,XRP/USDT:USDT,3.139,1759.1,3.1389,6050.9,3.1391,23676.3,3.1392,16536.9
1753769341203,06:09:01.203,binance,XRP/USDT:USDT,3.139,1761.8,3.1389,6050.9,3.1391,23676.3,3.1392,9480.3
1753769341304,06:09:01.304,binance,XRP/USDT:USDT,3.139,627.1,3.1389,1654.5,3.1391,19205.6,3.1392,14660.0
1753769341405,06:09:01.405,binance,XRP/USDT:USDT,3.139,625.2,3.1389,1654.5,3.1391,19400.0,3.1392,14469.2
1753769341511,06:09:01.511,binance,XRP/USDT:USDT,3.139,718.0,3.1389,1611.0,3.1391,19400.4,3.1392,14469.2
1753769341615,06:09:01.615,binance,XRP/USDT:USDT,3.139,5775.7,3.1389,1611.0,3.1391,12161.6,3.1392,7649.6
1753769341716,06:09:01.716,binance,XRP/USDT:USDT,3.139,18793.3,3.1389,15840.0,3.1391,6516.6,3.1392,5606.9
1753769341818,06:09:01.818,binance,XRP/USDT:USDT,3.139,14561.9,3.1389,13257.4,3.1391,6508.6,3.1392,4189.8
1753769341920,06:09:01.920,binance,XRP/USDT:USDT,3.139,14569.8,3.1389,13257.4,3.1391,5586.9,3.1392,4189.8
1753769342022,06:09:02.022,binance,XRP/USDT:USDT,3.139,14569.8,3.1389,11998.2,3.1391,5586.9,3.1392,4189.8
1753769342129,06:09:02.129,binance,XRP/USDT:USDT,3.139,14569.9,3.1389,11998.2,3.1391,5586.9,3.1392,4189.8
1753769342254,06:09:02.254,binance,XRP/USDT:USDT,3.139,14569.9,3.1389,11998.2,3.1391,5681.0,3.1392,5233.5
1753769342355,06:09:02.355,binance,XRP/USDT:USDT,3.139,11957.0,3.1389,7779.2,3.1391,8008.5,3.1392,5233.5
1753769342456,06:09:02.456,binance,XRP/USDT:USDT,3.139,753.1,3.1389,1607.5,3.1391,19935.6,3.1392,10223.7
1753769342558,06:09:02.558,binance,XRP/USDT:USDT,3.139,756.0,3.1389,1607.5,3.1391,19941.6,3.1392,10223.7
1753769342766,06:09:02.766,binance,XRP/USDT:USDT,3.1387,9601.2,3.1386,26548.7,3.1388,23955.8,3.1389,38040.1
1753769342868,06:09:02.868,binance,XRP/USDT:USDT,3.1387,8183.0,3.1386,26547.1,3.1388,17753.9,3.1389,17337.2
1753769342974,06:09:02.974,binance,XRP/USDT:USDT,3.1387,6976.8,3.1386,26547.1,3.1388,17753.9,3.1389,17337.2
1753769343088,06:09:03.088,binance,XRP/USDT:USDT,3.1387,863.1,3.1386,175.9,3.1388,26152.5,3.1389,23962.8
1753769343189,06:09:03.189,binance,XRP/USDT:USDT,3.1384,172.9,3.1383,12334.2,3.1385,29817.1,3.1386,62453.8
1753769343290,06:09:03.290,binance,XRP/USDT:USDT,3.1383,9274.5,3.1382,5750.8,3.1384,12028.9,3.1385,27271.1
1753769343391,06:09:03.391,binance,XRP/USDT:USDT,3.1383,645.9,3.1382,8050.1,3.1384,16839.6,3.1385,26344.8
1753769343495,06:09:03.495,binance,XRP/USDT:USDT,3.1383,641.4,3.1382,7892.4,3.1384,17253.4,3.1385,22223.1
1753769343597,06:09:03.597,binance,XRP/USDT:USDT,3.1383,441.4,3.1382,3063.0,3.1384,23558.1,3.1385,22322.6
1753769343698,06:09:03.698,binance,XRP/USDT:USDT,3.1382,7711.8,3.1381,2205.7,3.1383,14839.7,3.1384,13314.7
1753769343801,06:09:03.801,binance,XRP/USDT:USDT,3.1382,12095.3,3.1381,4207.1,3.1383,12449.2,3.1384,9311.0
1753769343903,06:09:03.903,binance,XRP/USDT:USDT,3.1382,16244.8,3.1381,6981.5,3.1383,2827.9,3.1384,7532.7
1753769344004,06:09:04.004,binance,XRP/USDT:USDT,3.1383,24558.8,3.1382,16049.6,3.1384,7928.6,3.1385,9626.8
1753769344106,06:09:04.106,binance,XRP/USDT:USDT,3.1383,12933.8,3.1382,16081.4,3.1384,11167.3,3.1385,9626.8
1753769344208,06:09:04.208,binance,XRP/USDT:USDT,3.1383,17083.3,3.1382,12121.9,3.1384,6305.5,3.1385,5571.2
1753769344311,06:09:04.311,binance,XRP/USDT:USDT,3.1383,16887.6,3.1382,12121.9,3.1384,11251.7,3.1385,9606.8
1753769344412,06:09:04.412,binance,XRP/USDT:USDT,3.1383,17021.1,3.1382,12121.9,3.1384,11229.7,3.1385,12043.7
1753769344515,06:09:04.515,binance,XRP/USDT:USDT,3.1383,17493.0,3.1382,12121.9,3.1384,11229.8,3.1385,9606.8
1753769344634,06:09:04.634,binance,XRP/USDT:USDT,3.1383,17493.0,3.1382,12121.9,3.1384,11232.9,3.1385,9606.8
1753769344739,06:09:04.739,binance,XRP/USDT:USDT,3.1383,17493.0,3.1382,12121.9,3.1384,11213.4,3.1385,12930.7
1753769344863,06:09:04.863,binance,XRP/USDT:USDT,3.1383,14508.0,3.1382,12121.9,3.1384,11213.4,3.1385,8230.7
1753769344980,06:09:04.980,binance,XRP/USDT:USDT,3.1383,14508.0,3.1382,12121.9,3.1384,3714.6,3.1385,6070.0
1753769345085,06:09:05.085,binance,XRP/USDT:USDT,3.1383,14508.0,3.1382,16559.0,3.1384,2793.4,3.1385,3684.2
1753769345186,06:09:05.186,binance,XRP/USDT:USDT,3.1383,14508.0,3.1382,17258.0,3.1384,2793.4,3.1385,3682.5
1753769345289,06:09:05.289,binance,XRP/USDT:USDT,3.1383,14508.0,3.1382,20574.4,3.1384,2793.4,3.1385,3684.2
1753769345397,06:09:05.397,binance,XRP/USDT:USDT,3.1383,14983.5,3.1382,21769.7,3.1384,2791.5,3.1385,743.1
1753769345513,06:09:05.513,binance,XRP/USDT:USDT,3.1383,15173.5,3.1382,21769.7,3.1384,2788.5,3.1385,743.1
1753769345617,06:09:05.617,binance,XRP/USDT:USDT,3.1383,17973.5,3.1382,21769.7,3.1384,2824.7,3.1385,743.1
1753769345720,06:09:05.720,binance,XRP/USDT:USDT,3.1383,17690.7,3.1382,24145.9,3.1384,1792.2,3.1385,743.1
1753769345824,06:09:05.824,binance,XRP/USDT:USDT,3.1383,17690.7,3.1382,24145.9,3.1384,1797.5,3.1385,743.1
1753769345934,06:09:05.934,binance,XRP/USDT:USDT,3.1383,17690.7,3.1382,24145.9,3.1384,1797.5,3.1385,743.1
1753769346037,06:09:06.037,binance,XRP/USDT:USDT,3.1383,17690.7,3.1382,24145.9,3.1384,1797.5,3.1385,743.1
1753769346140,06:09:06.140,binance,XRP/USDT:USDT,3.1383,17700.4,3.1382,24145.9,3.1384,1797.5,3.1385,743.1
1753769346270,06:09:06.270,binance,XRP/USDT:USDT,3.1383,14900.4,3.1382,24145.9,3.1384,1797.4,3.1385,743.1
1753769346374,06:09:06.374,binance,XRP/USDT:USDT,3.1383,14910.3,3.1382,24145.9,3.1384,2058.4,3.1385,743.1
1753769346492,06:09:06.492,binance,XRP/USDT:USDT,3.1383,14910.3,3.1382,24145.9,3.1384,2058.5,3.1385,743.1
1753769346608,06:09:06.608,binance,XRP/USDT:USDT,3.1383,14900.6,3.1382,19895.2,3.1384,7579.9,3.1385,10976.4
1753769346720,06:09:06.720,binance,XRP/USDT:USDT,3.1383,14900.6,3.1382,19895.2,3.1384,2780.9,3.1385,10976.4
1753769346826,06:09:06.826,binance,XRP/USDT:USDT,3.1383,14900.6,3.1382,20819.7,3.1384,2780.9,3.1385,8514.6
1753769346935,06:09:06.935,binance,XRP/USDT:USDT,3.1383,14904.8,3.1382,20819.7,3.1384,2054.9,3.1385,915.3
1753769347038,06:09:07.038,binance,XRP/USDT:USDT,3.1383,14904.8,3.1382,20819.7,3.1384,2054.9,3.1385,915.3
1753769347145,06:09:07.145,binance,XRP/USDT:USDT,3.1383,14904.8,3.1382,20049.1,3.1384,2049.0,3.1385,915.3
1753769347254,06:09:07.254,binance,XRP/USDT:USDT,3.1383,14904.8,3.1382,20049.1,3.1384,2063.9,3.1385,915.3
1753769347355,06:09:07.355,binance,XRP/USDT:USDT,3.1383,14932.5,3.1382,20049.1,3.1384,2063.9,3.1385,915.3
1753769347456,06:09:07.456,binance,XRP/USDT:USDT,3.1383,14932.5,3.1382,20049.1,3.1384,2651.8,3.1385,915.3
1753769347561,06:09:07.561,binance,XRP/USDT:USDT,3.1383,15266.7,3.1382,20239.9,3.1384,1585.1,3.1385,5615.3
1753769347663,06:09:07.663,binance,XRP/USDT:USDT,3.1383,15266.7,3.1382,20239.9,3.1384,1585.1,3.1385,5615.3
1753769347767,06:09:07.767,binance,XRP/USDT:USDT,3.1383,15266.7,3.1382,20239.9,3.1384,1585.1,3.1385,10627.2
1753769347870,06:09:07.870,binance,XRP/USDT:USDT,3.1383,15277.2,3.1382,15518.0,3.1384,5475.8,3.1385,16690.1
1753769348003,06:09:08.003,binance,XRP/USDT:USDT,3.1383,15277.2,3.1382,15518.0,3.1384,2745.9,3.1385,16690.1
1753769348150,06:09:08.150,binance,XRP/USDT:USDT,3.1383,15277.2,3.1382,15518.0,3.1384,6448.1,3.1385,16690.1
1753769348251,06:09:08.251,binance,XRP/USDT:USDT,3.1383,15239.1,3.1382,15509.5,3.1384,6458.7,3.1385,16690.1
1753769348355,06:09:08.355,binance,XRP/USDT:USDT,3.1383,15207.2,3.1382,13757.7,3.1384,6458.7,3.1385,11990.1
1753769348456,06:09:08.456,binance,XRP/USDT:USDT,3.1383,15930.3,3.1382,13757.7,3.1384,6396.4,3.1385,6978.2
1753769348565,06:09:08.565,binance,XRP/USDT:USDT,3.1383,15932.0,3.1382,13757.7,3.1384,6396.4,3.1385,11990.1
1753769348794,06:09:08.794,binance,XRP/USDT:USDT,3.1383,15932.0,3.1382,13733.8,3.1384,6383.2,3.1385,6978.2
1753769348898,06:09:08.898,binance,XRP/USDT:USDT,3.1383,15932.0,3.1382,13733.8,3.1384,6383.2,3.1385,3330.3
1753769349001,06:09:09.001,binance,XRP/USDT:USDT,3.1383,15932.0,3.1382,14625.8,3.1384,2681.6,3.1385,3330.3
1753769349110,06:09:09.110,binance,XRP/USDT:USDT,3.1383,15932.0,3.1382,14634.2,3.1384,2496.1,3.1385,3330.3
1753769349214,06:09:09.214,binance,XRP/USDT:USDT,3.1383,15931.1,3.1382,14626.3,3.1384,2496.1,3.1385,3330.3
1753769349323,06:09:09.323,binance,XRP/USDT:USDT,3.1383,18833.9,3.1382,14626.3,3.1384,1996.1,3.1385,3330.3
1753769349425,06:09:09.425,binance,XRP/USDT:USDT,3.1383,19612.1,3.1382,14626.3,3.1384,2096.2,3.1385,2216.7
1753769349528,06:09:09.528,binance,XRP/USDT:USDT,3.1383,19614.0,3.1382,14626.3,3.1384,2095.9,3.1385,6916.7
1753769349631,06:09:09.631,binance,XRP/USDT:USDT,3.1383,19614.0,3.1382,14626.3,3.1384,2203.6,3.1385,6916.7
1753769349734,06:09:09.734,binance,XRP/USDT:USDT,3.1383,19614.0,3.1382,14626.3,3.1384,2257.6,3.1385,13640.5
1753769349854,06:09:09.854,binance,XRP/USDT:USDT,3.1383,19621.9,3.1382,14626.3,3.1384,2254.5,3.1385,13640.5
1753769349959,06:09:09.959,binance,XRP/USDT:USDT,3.1383,19621.9,3.1382,14626.3,3.1384,2254.5,3.1385,13640.5
1753769350064,06:09:10.064,binance,XRP/USDT:USDT,3.1383,19621.9,3.1382,14626.3,3.1384,2253.6,3.1385,8859.1
1753769350176,06:09:10.176,binance,XRP/USDT:USDT,3.1383,19630.5,3.1382,15576.3,3.1384,2253.6,3.1385,6916.7
1753769350399,06:09:10.399,binance,XRP/USDT:USDT,3.1383,19626.4,3.1382,15576.3,3.1384,2249.6,3.1385,6916.7
1753769350503,06:09:10.503,binance,XRP/USDT:USDT,3.1383,19626.4,3.1382,15774.3,3.1384,2249.3,3.1385,6916.7
1753769350615,06:09:10.615,binance,XRP/USDT:USDT,3.1383,19618.5,3.1382,15774.3,3.1384,4940.6,3.1385,6916.7
1753769350720,06:09:10.720,binance,XRP/USDT:USDT,3.1383,19618.5,3.1382,15774.3,3.1384,4939.8,3.1385,6916.7
1753769350822,06:09:10.822,binance,XRP/USDT:USDT,3.1383,19618.5,3.1382,15774.3,3.1384,4939.8,3.1385,8144.4
1753769350957,06:09:10.957,binance,XRP/USDT:USDT,3.1383,19618.5,3.1382,15774.3,3.1384,4939.8,3.1385,8144.4
1753769351060,06:09:11.060,binance,XRP/USDT:USDT,3.1383,19618.5,3.1382,15774.3,3.1384,2226.1,3.1385,3444.4
1753769351161,06:09:11.161,binance,XRP/USDT:USDT,3.1388,57286.2,3.1387,30429.5,3.1389,556.2,3.139,7110.2
1753769351264,06:09:11.264,binance,XRP/USDT:USDT,3.1388,63769.4,3.1387,44944.2,3.1389,370.7,3.139,13.8
1753769351365,06:09:11.365,binance,XRP/USDT:USDT,3.1389,43069.7,3.1388,59470.6,3.139,3.4,3.1391,250.0
1753769351467,06:09:11.467,binance,XRP/USDT:USDT,3.1391,40720.8,3.139,45213.0,3.1392,1665.3,3.1393,2536.0
1753769351572,06:09:11.572,binance,XRP/USDT:USDT,3.1391,41409.0,3.139,45213.0,3.1392,6372.5,3.1393,2691.9
1753769351676,06:09:11.676,binance,XRP/USDT:USDT,3.1391,41419.9,3.139,45231.3,3.1392,5412.8,3.1393,3735.4
1753769351799,06:09:11.799,binance,XRP/USDT:USDT,3.1391,40936.9,3.139,45231.3,3.1392,5412.8,3.1393,3576.2
1753769351902,06:09:11.902,binance,XRP/USDT:USDT,3.1391,40936.9,3.139,45233.7,3.1392,5412.8,3.1393,3576.2
1753769352007,06:09:12.007,binance,XRP/USDT:USDT,3.1391,40936.9,3.139,45233.7,3.1392,5430.5,3.1393,3576.2
1753769352110,06:09:12.110,binance,XRP/USDT:USDT,3.1391,40936.9,3.139,45233.7,3.1392,5430.5,3.1393,4509.9
1753769352214,06:09:12.214,binance,XRP/USDT:USDT,3.1391,40933.9,3.139,45233.7,3.1392,5434.5,3.1393,4509.9
1753769352358,06:09:12.358,binance,XRP/USDT:USDT,3.1391,40918.1,3.139,45233.7,3.1392,6329.9,3.1393,4509.9
1753769352464,06:09:12.464,binance,XRP/USDT:USDT,3.1391,40795.9,3.139,46183.7,3.1392,360.1,3.1393,1949.0
1753769352565,06:09:12.565,binance,XRP/USDT:USDT,3.1394,66647.5,3.1393,32035.1,3.1395,12141.5,3.1396,1079.0
1753769352666,06:09:12.666,binance,XRP/USDT:USDT,3.1394,59403.6,3.1393,32420.1,3.1395,9694.8,3.1396,200.4
1753769352768,06:09:12.768,binance,XRP/USDT:USDT,3.1397,51342.2,3.1396,48912.1,3.1398,4326.9,3.1399,4471.8
1753769352869,06:09:12.869,binance,XRP/USDT:USDT,3.1397,51548.2,3.1396,49106.3,3.1398,4588.8,3.1399,471.4
1753769352972,06:09:12.972,binance,XRP/USDT:USDT,3.1397,51548.2,3.1396,49108.7,3.1398,4588.8,3.1399,89.8
1753769353075,06:09:13.075,binance,XRP/USDT:USDT,3.1397,51550.1,3.1396,49108.7,3.1398,4594.1,3.1399,89.8
1753769353190,06:09:13.190,binance,XRP/USDT:USDT,3.1397,41292.6,3.1396,45528.7,3.1398,9651.8,3.1399,2698.5
1753769353293,06:09:13.293,binance,XRP/USDT:USDT,3.1397,41294.5,3.1396,45535.6,3.1398,9658.1,3.1399,2698.5
1753769353395,06:09:13.395,binance,XRP/USDT:USDT,3.1397,23488.7,3.1396,34024.5,3.1398,11581.3,3.1399,6541.0
1753769353497,06:09:13.497,binance,XRP/USDT:USDT,3.1397,12432.4,3.1396,31506.0,3.1398,17686.2,3.1399,13990.7
1753769353600,06:09:13.600,binance,XRP/USDT:USDT,3.1397,11477.3,3.1396,31506.0,3.1398,17686.2,3.1399,18144.1
1753769353703,06:09:13.703,binance,XRP/USDT:USDT,3.1397,10128.1,3.1396,24528.8,3.1398,17686.2,3.1399,18144.1
1753769353804,06:09:13.804,binance,XRP/USDT:USDT,3.1397,10126.5,3.1396,24528.8,3.1398,16891.8,3.1399,14381.4
1753769353907,06:09:13.907,binance,XRP/USDT:USDT,3.1397,9198.5,3.1396,24528.8,3.1398,16937.2,3.1399,14381.4
1753769354018,06:09:14.018,binance,XRP/USDT:USDT,3.1397,9210.1,3.1396,24528.8,3.1398,16937.2,3.1399,14381.4
1753769354128,06:09:14.128,binance,XRP/USDT:USDT,3.1397,9210.1,3.1396,24528.8,3.1398,18131.5,3.1399,10245.1
1753769354229,06:09:14.229,binance,XRP/USDT:USDT,3.1397,9210.1,3.1396,24528.8,3.1398,18104.8,3.1399,10287.4
1753769354335,06:09:14.335,binance,XRP/USDT:USDT,3.1397,9210.1,3.1396,24528.8,3.1398,18104.8,3.1399,10287.4
1753769354442,06:09:14.442,binance,XRP/USDT:USDT,3.1397,9289.8,3.1396,24528.8,3.1398,16918.4,3.1399,10287.4
1753769354546,06:09:14.546,binance,XRP/USDT:USDT,3.1397,13017.6,3.1396,24528.8,3.1398,9785.4,3.1399,5256.4
1753769354647,06:09:14.647,binance,XRP/USDT:USDT,3.1397,13014.6,3.1396,24528.8,3.1398,10941.3,3.1399,5256.4
1753769354749,06:09:14.749,binance,XRP/USDT:USDT,3.1397,13933.2,3.1396,24528.8,3.1398,3878.3,3.1399,5256.4
1753769354850,06:09:14.850,binance,XRP/USDT:USDT,3.1397,13933.2,3.1396,24528.8,3.1398,6098.1,3.1399,2906.4
1753769354973,06:09:14.973,binance,XRP/USDT:USDT,3.1397,13933.2,3.1396,24528.8,3.1398,6098.1,3.1399,2887.3
1753769355078,06:09:15.078,binance,XRP/USDT:USDT,3.1397,18101.9,3.1396,24528.8,3.1398,4194.7,3.1399,2887.3
1753769355180,06:09:15.180,binance,XRP/USDT:USDT,3.1397,18118.7,3.1396,24528.8,3.1398,1976.6,3.1399,2887.3
1753769355286,06:09:15.286,binance,XRP/USDT:USDT,3.1397,18125.3,3.1396,24528.8,3.1398,1976.7,3.1399,2887.3
1753769355397,06:09:15.397,binance,XRP/USDT:USDT,3.1397,18179.4,3.1396,24528.8,3.1398,4140.6,3.1399,2887.3
1753769355498,06:09:15.498,binance,XRP/USDT:USDT,3.1397,18396.6,3.1396,24528.8,3.1398,8791.7,3.1399,2887.3
1753769355608,06:09:15.608,binance,XRP/USDT:USDT,3.1397,18379.8,3.1396,24528.8,3.1398,8791.7,3.1399,7587.3
1753769355711,06:09:15.711,binance,XRP/USDT:USDT,3.1397,18379.8,3.1396,24528.8,3.1398,11119.4,3.1399,12568.9
1753769355814,06:09:15.814,binance,XRP/USDT:USDT,3.1397,11798.7,3.1396,24528.8,3.1398,14924.7,3.1399,16913.1
1753769355917,06:09:15.917,binance,XRP/USDT:USDT,3.1397,11072.0,3.1396,24528.8,3.1398,14924.7,3.1399,18975.0
1753769356022,06:09:16.022,binance,XRP/USDT:USDT,3.1397,11072.0,3.1396,24528.8,3.1398,14924.7,3.1399,19017.3
1753769356126,06:09:16.126,binance,XRP/USDT:USDT,3.1397,9315.5,3.1396,24545.6,3.1398,17654.7,3.1399,19017.3
1753769356232,06:09:16.232,binance,XRP/USDT:USDT,3.1397,9315.5,3.1396,24545.6,3.1398,17655.2,3.1399,19121.1
1753769356333,06:09:16.333,binance,XRP/USDT:USDT,3.1397,8954.0,3.1396,13772.0,3.1398,23749.1,3.1399,19140.2
1753769356441,06:09:16.441,binance,XRP/USDT:USDT,3.1397,3757.5,3.1396,9357.1,3.1398,23917.9,3.1399,19140.2
1753769356543,06:09:16.543,binance,XRP/USDT:USDT,3.1397,3773.8,3.1396,9357.1,3.1398,23918.2,3.1399,19140.2
1753769356659,06:09:16.659,binance,XRP/USDT:USDT,3.1397,3773.8,3.1396,9357.1,3.1398,25112.5,3.1399,19140.2
1753769356773,06:09:16.773,binance,XRP/USDT:USDT,3.1397,3773.8,3.1396,9357.1,3.1398,23918.2,3.1399,19140.2
1753769356902,06:09:16.902,binance,XRP/USDT:USDT,3.1397,3776.2,3.1396,9357.1,3.1398,25112.6,3.1399,11224.1
1753769357219,06:09:17.219,binance,XRP/USDT:USDT,3.1397,3777.2,3.1396,9357.1,3.1398,23924.2,3.1399,15377.5
1753769357349,06:09:17.349,binance,XRP/USDT:USDT,3.1397,3777.2,3.1396,9357.1,3.1398,22943.1,3.1399,19140.2
1753769357461,06:09:17.461,binance,XRP/USDT:USDT,3.1397,3778.3,3.1396,9357.1,3.1398,24426.2,3.1399,19140.2
1753769357564,06:09:17.564,binance,XRP/USDT:USDT,3.1397,3780.6,3.1396,9357.1,3.1398,23128.1,3.1399,11255.9
1753769357671,06:09:17.671,binance,XRP/USDT:USDT,3.1397,3780.6,3.1396,10033.3,3.1398,23128.1,3.1399,11255.9
1753769357802,06:09:17.802,binance,XRP/USDT:USDT,3.1397,3780.6,3.1396,10033.3,3.1398,23128.1,3.1399,14949.7
1753769357909,06:09:17.909,binance,XRP/USDT:USDT,3.1397,3780.6,3.1396,10033.3,3.1398,23128.1,3.1399,14949.7
1753769358015,06:09:18.015,binance,XRP/USDT:USDT,3.1397,3785.5,3.1396,10033.3,3.1398,23128.1,3.1399,14949.7
1753769358119,06:09:18.119,binance,XRP/USDT:USDT,3.1397,3785.5,3.1396,10033.3,3.1398,23132.6,3.1399,15174.3
1753769358222,06:09:18.222,binance,XRP/USDT:USDT,3.1397,3790.8,3.1396,10033.3,3.1398,24318.7,3.1399,15174.3
1753769358356,06:09:18.356,binance,XRP/USDT:USDT,3.1397,3790.9,3.1396,10033.3,3.1398,24261.4,3.1399,15174.3
1753769358570,06:09:18.570,binance,XRP/USDT:USDT,3.1396,721.5,3.1395,1115.6,3.1397,51668.0,3.1398,32994.7
1753769358671,06:09:18.671,binance,XRP/USDT:USDT,3.1396,506.7,3.1395,1115.6,3.1397,50596.3,3.1398,34180.5
1753769358773,06:09:18.773,binance,XRP/USDT:USDT,3.1396,506.7,3.1395,1115.6,3.1397,50601.6,3.1398,34180.5
1753769358876,06:09:18.876,binance,XRP/USDT:USDT,3.1396,506.7,3.1395,1115.6,3.1397,50649.4,3.1398,34180.5
1753769358982,06:09:18.982,binance,XRP/USDT:USDT,3.1396,506.7,3.1395,1115.6,3.1397,50651.3,3.1398,34178.6
1753769359084,06:09:19.084,binance,XRP/USDT:USDT,3.1396,506.7,3.1395,1115.6,3.1397,51845.7,3.1398,29480.3
1753769359217,06:09:19.217,binance,XRP/USDT:USDT,3.1396,518.3,3.1395,1115.6,3.1397,54045.7,3.1398,27280.3
1753769359327,06:09:19.327,binance,XRP/USDT:USDT,3.1396,518.3,3.1395,1115.6,3.1397,53154.5,3.1398,27305.7
1753769359429,06:09:19.429,binance,XRP/USDT:USDT,3.1396,3962.7,3.1395,1115.6,3.1397,29403.9,3.1398,18985.6
1753769359735,06:09:19.735,binance,XRP/USDT:USDT,3.1396,12126.5,3.1395,1162.9,3.1397,21854.7,3.1398,17578.5
1753769359941,06:09:19.941,binance,XRP/USDT:USDT,3.1397,74670.6,3.1396,27906.5,3.1398,1681.6,3.1399,562.4
1753769360042,06:09:20.042,binance,XRP/USDT:USDT,3.1398,58245.5,3.1397,45554.7,3.1399,1225.9,3.14,3230.2
1753769360143,06:09:20.143,binance,XRP/USDT:USDT,3.1398,65898.5,3.1397,45554.7,3.1399,271.8,3.14,2474.8
1753769360346,06:09:20.346,binance,XRP/USDT:USDT,3.1398,64293.5,3.1397,38304.4,3.1399,271.8,3.14,4513.7
1753769360448,06:09:20.448,binance,XRP/USDT:USDT,3.1398,64534.9,3.1397,38304.4,3.1399,313.1,3.14,2220.4
1753769360567,06:09:20.567,binance,XRP/USDT:USDT,3.14,53958.0,3.1399,47977.6,3.1401,273.3,3.1402,3574.2
1753769360668,06:09:20.668,binance,XRP/USDT:USDT,3.1402,53755.3,3.1401,44042.6,3.1403,850.0,3.1404,5011.9
1753769360769,06:09:20.769,binance,XRP/USDT:USDT,3.1402,61011.7,3.1401,44044.3,3.1403,855.3,3.1404,1614.8
1753769360871,06:09:20.871,binance,XRP/USDT:USDT,3.1403,50949.8,3.1402,40434.5,3.1404,6010.9,3.1405,1142.6
1753769360975,06:09:20.975,binance,XRP/USDT:USDT,3.1403,58236.7,3.1402,40434.5,3.1404,6702.0,3.1405,1251.5
1753769361077,06:09:21.077,binance,XRP/USDT:USDT,3.1403,58236.7,3.1402,40436.9,3.1404,7481.0,3.1405,1251.5
1753769361186,06:09:21.186,binance,XRP/USDT:USDT,3.1403,54448.4,3.1402,40435.0,3.1404,7494.4,3.1405,1092.4
1753769361290,06:09:21.290,binance,XRP/USDT:USDT,3.1403,54448.4,3.1402,40435.0,3.1404,5416.0,3.1405,1092.4
1753769361395,06:09:21.395,binance,XRP/USDT:USDT,3.1403,49245.0,3.1402,40435.0,3.1404,13994.1,3.1405,5792.4
1753769361496,06:09:21.496,binance,XRP/USDT:USDT,3.1403,48939.9,3.1402,40435.0,3.1404,9523.4,3.1405,11734.6
1753769361599,06:09:21.599,binance,XRP/USDT:USDT,3.1403,48939.9,3.1402,40435.0,3.1404,9523.4,3.1405,11734.6
1753769361702,06:09:21.702,binance,XRP/USDT:USDT,3.1403,41693.5,3.1402,48864.1,3.1404,9523.4,3.1405,11734.6
1753769361805,06:09:21.805,binance,XRP/USDT:USDT,3.1403,44381.3,3.1402,48864.1,3.1404,11851.1,3.1405,11734.6
1753769361909,06:09:21.909,binance,XRP/USDT:USDT,3.1403,21060.9,3.1402,29938.2,3.1404,11857.4,3.1405,11734.6
1753769362013,06:09:22.013,binance,XRP/USDT:USDT,3.1403,14741.3,3.1402,25907.8,3.1404,14608.1,3.1405,12195.2
1753769362115,06:09:22.115,binance,XRP/USDT:USDT,3.1403,10251.2,3.1402,25314.2,3.1404,19289.0,3.1405,12405.1
1753769362219,06:09:22.219,binance,XRP/USDT:USDT,3.1403,10684.6,3.1402,25314.2,3.1404,19289.0,3.1405,12405.1
1753769362321,06:09:22.321,binance,XRP/USDT:USDT,3.1403,10684.6,3.1402,25314.2,3.1404,19289.0,3.1405,12405.1
1753769362424,06:09:22.424,binance,XRP/USDT:USDT,3.1403,10689.9,3.1402,25314.2,3.1404,19289.0,3.1405,11925.4
1753769362527,06:09:22.527,binance,XRP/USDT:USDT,3.1403,10810.3,3.1402,25314.2,3.1404,19603.9,3.1405,11925.4
1753769362630,06:09:22.630,binance,XRP/USDT:USDT,3.1403,10810.3,3.1402,25314.2,3.1404,19540.0,3.1405,11925.4
1753769362735,06:09:22.735,binance,XRP/USDT:USDT,3.1403,10815.2,3.1402,25314.2,3.1404,19540.0,3.1405,11925.4
1753769362838,06:09:22.838,binance,XRP/USDT:USDT,3.1403,10815.2,3.1402,25314.2,3.1404,19540.0,3.1405,11925.4
1753769362976,06:09:22.976,binance,XRP/USDT:USDT,3.1403,10815.2,3.1402,25314.2,3.1404,17712.2,3.1405,11925.4
1753769363078,06:09:23.078,binance,XRP/USDT:USDT,3.1403,10798.4,3.1402,25314.2,3.1404,12935.3,3.1405,11925.4
1753769363181,06:09:23.181,binance,XRP/USDT:USDT,3.1403,10848.6,3.1402,25314.2,3.1404,12935.3,3.1405,11925.4
1753769363295,06:09:23.295,binance,XRP/USDT:USDT,3.1403,10849.1,3.1402,25314.2,3.1404,12935.3,3.1405,11925.4
1753769363398,06:09:23.398,binance,XRP/USDT:USDT,3.1403,19002.1,3.1402,28541.4,3.1404,6614.3,3.1405,11734.6
1753769363502,06:09:23.502,binance,XRP/USDT:USDT,3.1403,19002.1,3.1402,25314.2,3.1404,4533.4,3.1405,11734.6
1753769363605,06:09:23.605,binance,XRP/USDT:USDT,3.1403,19002.1,3.1402,25314.2,3.1404,4533.4,3.1405,11734.6
1753769363719,06:09:23.719,binance,XRP/USDT:USDT,3.1403,16674.4,3.1402,25314.2,3.1404,12725.3,3.1405,11734.6
1753769363826,06:09:23.826,binance,XRP/USDT:USDT,3.1403,12426.5,3.1402,20936.0,3.1404,12725.3,3.1405,15152.6
1753769363938,06:09:23.938,binance,XRP/USDT:USDT,3.1403,12426.5,3.1402,20936.0,3.1404,12410.0,3.1405,11630.8
1753769364073,06:09:24.073,binance,XRP/USDT:USDT,3.1403,12426.5,3.1402,20936.0,3.1404,12410.0,3.1405,11630.8
1753769364185,06:09:24.185,binance,XRP/USDT:USDT,3.1403,12433.3,3.1402,20936.0,3.1404,12409.9,3.1405,11630.8
1753769364290,06:09:24.290,binance,XRP/USDT:USDT,3.1403,12725.6,3.1402,20936.0,3.1404,12200.5,3.1405,11630.8
1753769364394,06:09:24.394,binance,XRP/USDT:USDT,3.1403,12725.9,3.1402,20936.0,3.1404,16900.5,3.1405,12012.4
1753769364497,06:09:24.497,binance,XRP/USDT:USDT,3.1403,12854.4,3.1402,20936.0,3.1404,16903.4,3.1405,12012.4
1753769364703,06:09:24.703,binance,XRP/USDT:USDT,3.1403,1106.7,3.1402,5057.7,3.1404,23700.2,3.1405,17944.4
1753769364806,06:09:24.806,binance,XRP/USDT:USDT,3.1403,1118.8,3.1402,5057.7,3.1404,23696.7,3.1405,14717.2
1753769364910,06:09:24.910,binance,XRP/USDT:USDT,3.1403,1118.8,3.1402,5057.7,3.1404,21246.4,3.1405,14717.2
1753769365019,06:09:25.019,binance,XRP/USDT:USDT,3.1403,967.4,3.1402,5057.7,3.1404,21246.4,3.1405,14717.2
1753769365123,06:09:25.123,binance,XRP/USDT:USDT,3.1402,5057.7,3.1401,14180.3,3.1403,5081.3,3.1404,21246.4
1753769365326,06:09:25.326,binance,XRP/USDT:USDT,3.1401,10461.6,3.14,21961.0,3.1402,22508.7,3.1403,24840.0
1753769365437,06:09:25.437,binance,XRP/USDT:USDT,3.1401,10461.6,3.14,19633.3,3.1402,22508.7,3.1403,24840.0
1753769365538,06:09:25.538,binance,XRP/USDT:USDT,3.1401,1120.8,3.14,16903.3,3.1402,22940.1,3.1403,24845.2
1753769365639,06:09:25.639,binance,XRP/USDT:USDT,3.1401,758.3,3.14,203.8,3.1402,23003.0,3.1403,27969.2
1753769365742,06:09:25.742,binance,XRP/USDT:USDT,3.1399,4214.4,3.1398,6770.2,3.14,50610.6,3.1401,35265.8
1753769365843,06:09:25.843,binance,XRP/USDT:USDT,3.1399,6269.6,3.1398,9500.2,3.14,35202.0,3.1401,27603.9
1753769365946,06:09:25.946,binance,XRP/USDT:USDT,3.1399,2256.4,3.1398,9500.2,3.14,35011.2,3.1401,22713.1
1753769366055,06:09:26.055,binance,XRP/USDT:USDT,3.1399,2256.4,3.1398,9500.2,3.14,32099.6,3.1401,16492.7
1753769366158,06:09:26.158,binance,XRP/USDT:USDT,3.1398,4168.4,3.1397,4500.5,3.1399,32607.0,3.14,26111.5
1753769366261,06:09:26.261,binance,XRP/USDT:USDT,3.1396,1217.6,3.1395,1037.2,3.1397,37845.8,3.1398,44581.5
1753769366362,06:09:26.362,binance,XRP/USDT:USDT,3.1396,1399.5,3.1395,1035.5,3.1397,38499.6,3.1398,43934.7
1753769366464,06:09:26.464,binance,XRP/USDT:USDT,3.1396,1464.8,3.1395,3240.2,3.1397,38833.1,3.1398,44160.4
1753769366565,06:09:26.565,binance,XRP/USDT:USDT,3.1396,1439.8,3.1395,1035.5,3.1397,38694.5,3.1398,44160.4
1753769366667,06:09:26.667,binance,XRP/USDT:USDT,3.1396,1448.5,3.1395,3159.4,3.1397,35981.4,3.1398,34704.3
1753769366775,06:09:26.775,binance,XRP/USDT:USDT,3.1396,4063.2,3.1395,5766.2,3.1397,30565.3,3.1398,29107.5
1753769366876,06:09:26.876,binance,XRP/USDT:USDT,3.1396,4181.1,3.1395,5811.8,3.1397,28581.8,3.1398,29170.6
1753769366983,06:09:26.983,binance,XRP/USDT:USDT,3.1396,1456.4,3.1395,3159.4,3.1397,28581.8,3.1398,29170.6
1753769367084,06:09:27.084,binance,XRP/USDT:USDT,3.1396,1456.4,3.1395,3159.4,3.1397,28597.7,3.1398,29170.6
1753769367227,06:09:27.227,binance,XRP/USDT:USDT,3.1396,1456.4,3.1395,3159.4,3.1397,28647.7,3.1398,29170.6
1753769367332,06:09:27.332,binance,XRP/USDT:USDT,3.1396,1448.5,3.1395,1037.2,3.1397,29612.5,3.1398,29170.6
1753769367434,06:09:27.434,binance,XRP/USDT:USDT,3.1396,1394.3,3.1395,1093.4,3.1397,29566.9,3.1398,29170.6
1753769367537,06:09:27.537,binance,XRP/USDT:USDT,3.1396,1394.3,3.1395,1091.7,3.1397,29564.4,3.1398,29170.6
1753769367638,06:09:27.638,binance,XRP/USDT:USDT,3.1396,1396.5,3.1395,1093.4,3.1397,29395.6,3.1398,29170.6
1753769367949,06:09:27.949,binance,XRP/USDT:USDT,3.1396,1396.5,3.1395,1301.2,3.1397,29079.1,3.1398,29650.3
1753769368063,06:09:28.063,binance,XRP/USDT:USDT,3.1396,1396.5,3.1395,1301.2,3.1397,29079.1,3.1398,29650.3
1753769368173,06:09:28.173,binance,XRP/USDT:USDT,3.1391,3423.4,3.139,9400.5,3.1392,24768.8,3.1393,28652.4
1753769368275,06:09:28.275,binance,XRP/USDT:USDT,3.1391,3428.7,3.139,6964.5,3.1392,24871.5,3.1393,29132.1
1753769368376,06:09:28.376,binance,XRP/USDT:USDT,3.139,777.1,3.1389,1144.1,3.1391,23122.6,3.1392,27701.4
1753769368477,06:09:28.477,binance,XRP/USDT:USDT,3.139,846.9,3.1389,3004.1,3.1391,23186.9,3.1392,27221.7
1753769368581,06:09:28.581,binance,XRP/USDT:USDT,3.139,846.9,3.1389,3004.1,3.1391,23190.3,3.1392,27701.4
1753769368891,06:09:28.891,binance,XRP/USDT:USDT,3.139,20496.7,3.1389,8086.8,3.1391,6734.4,3.1392,15589.4
1753769368997,06:09:28.997,binance,XRP/USDT:USDT,3.139,21210.1,3.1389,10462.5,3.1391,6743.9,3.1392,15589.4
1753769369098,06:09:29.098,binance,XRP/USDT:USDT,3.139,21210.1,3.1389,8086.8,3.1391,6759.8,3.1392,15589.4
1753769369304,06:09:29.304,binance,XRP/USDT:USDT,3.139,21210.1,3.1389,6189.1,3.1391,2447.6,3.1392,14799.4
1753769369412,06:09:29.412,binance,XRP/USDT:USDT,3.139,21210.1,3.1389,8562.3,3.1391,2447.6,3.1392,5288.2
1753769369517,06:09:29.517,binance,XRP/USDT:USDT,3.139,21212.5,3.1389,11285.0,3.1391,2719.5,3.1392,2558.2
1753769369623,06:09:29.623,binance,XRP/USDT:USDT,3.139,21212.5,3.1389,11285.0,3.1391,2719.5,3.1392,2558.2
1753769369729,06:09:29.729,binance,XRP/USDT:USDT,3.139,21212.5,3.1389,11285.0,3.1391,2728.4,3.1392,4736.2
1753769369868,06:09:29.868,binance,XRP/USDT:USDT,3.139,21212.5,3.1389,11285.0,3.1391,2728.4,3.1392,4736.2
1753769369971,06:09:29.971,binance,XRP/USDT:USDT,3.139,21212.5,3.1389,11285.0,3.1391,2735.3,3.1392,4736.2
1753769370074,06:09:30.074,binance,XRP/USDT:USDT,3.139,21212.5,3.1389,11285.0,3.1391,2735.3,3.1392,4736.2
1753769370177,06:09:30.177,binance,XRP/USDT:USDT,3.139,21212.5,3.1389,11285.0,3.1391,2735.3,3.1392,4736.2
1753769370278,06:09:30.278,binance,XRP/USDT:USDT,3.139,21212.5,3.1389,11285.0,3.1391,2836.9,3.1392,4736.2
1753769370392,06:09:30.392,binance,XRP/USDT:USDT,3.139,21557.9,3.1389,7113.6,3.1391,7536.9,3.1392,4707.8
1753769370515,06:09:30.515,binance,XRP/USDT:USDT,3.139,21627.0,3.1389,7113.6,3.1391,7537.7,3.1392,4707.8
1753769370619,06:09:30.619,binance,XRP/USDT:USDT,3.139,21631.7,3.1389,7113.6,3.1391,7537.6,3.1392,4707.8
1753769370830,06:09:30.830,binance,XRP/USDT:USDT,3.139,4717.1,3.1389,3103.3,3.1391,30443.4,3.1392,7437.8
1753769371032,06:09:31.032,binance,XRP/USDT:USDT,3.1388,12406.4,3.1387,2061.8,3.1389,10299.5,3.139,12027.1
1753769371134,06:09:31.134,binance,XRP/USDT:USDT,3.1388,14681.2,3.1387,2061.8,3.1389,10299.5,3.139,11836.3
1753769371236,06:09:31.236,binance,XRP/USDT:USDT,3.1388,18538.3,3.1387,1115.7,3.1389,12306.8,3.139,12978.8
1753769371338,06:09:31.338,binance,XRP/USDT:USDT,3.1388,18667.9,3.1387,1600.3,3.1389,12311.0,3.139,12863.3
1753769371439,06:09:31.439,binance,XRP/USDT:USDT,3.1388,18667.9,3.1387,2031.7,3.1389,12507.4,3.139,12863.3
1753769371548,06:09:31.548,binance,XRP/USDT:USDT,3.1388,18697.5,3.1387,2527.4,3.1389,15070.2,3.139,12844.2
1753769371662,06:09:31.662,binance,XRP/USDT:USDT,3.1388,12538.2,3.1387,957.4,3.1389,15070.2,3.139,13035.0
1753769371884,06:09:31.884,binance,XRP/USDT:USDT,3.1388,877.5,3.1387,3683.3,3.1389,23996.9,3.139,15646.7
1753769371993,06:09:31.993,binance,XRP/USDT:USDT,3.1388,877.5,3.1387,25.5,3.1389,23996.9,3.139,15455.9
1753769372094,06:09:32.094,binance,XRP/USDT:USDT,3.1386,3682.0,3.1385,33.0,3.1387,29293.1,3.1388,50977.8
1753769372299,06:09:32.299,binance,XRP/USDT:USDT,3.1384,534.0,3.1383,2101.0,3.1385,49901.0,3.1386,62988.1
1753769372400,06:09:32.400,binance,XRP/USDT:USDT,3.1383,6798.3,3.1382,5041.7,3.1384,47307.3,3.1385,45983.9
1753769372820,06:09:32.820,binance,XRP/USDT:USDT,3.1383,4568.3,3.1382,5833.8,3.1384,38870.8,3.1385,37193.2
1753769372924,06:09:32.924,binance,XRP/USDT:USDT,3.1383,5283.5,3.1382,5833.8,3.1384,38870.8,3.1385,37193.2
1753769373095,06:09:33.095,binance,XRP/USDT:USDT,3.1383,11614.6,3.1382,5851.7,3.1384,33989.7,3.1385,28997.9
1753769373196,06:09:33.196,binance,XRP/USDT:USDT,3.1383,14133.0,3.1382,8194.2,3.1384,22617.8,3.1385,22147.5
1753769373300,06:09:33.300,binance,XRP/USDT:USDT,3.1383,11790.5,3.1382,5851.7,3.1384,22711.1,3.1385,22147.5
1753769373407,06:09:33.407,binance,XRP/USDT:USDT,3.1383,11792.2,3.1382,5851.7,3.1384,22717.8,3.1385,22143.4
1753769373510,06:09:33.510,binance,XRP/USDT:USDT,3.1383,11794.6,3.1382,5851.7,3.1384,23168.6,3.1385,22143.4
1753769373614,06:09:33.614,binance,XRP/USDT:USDT,3.1383,11788.6,3.1382,5851.7,3.1384,23168.6,3.1385,22143.4
1753769373715,06:09:33.715,binance,XRP/USDT:USDT,3.1383,11790.8,3.1382,5851.7,3.1384,23179.1,3.1385,22143.4
1753769373819,06:09:33.819,binance,XRP/USDT:USDT,3.1383,11614.9,3.1382,5851.7,3.1384,23179.1,3.1385,22143.4
1753769373922,06:09:33.922,binance,XRP/USDT:USDT,3.1383,11614.9,3.1382,5851.7,3.1384,23179.1,3.1385,22143.4
1753769374024,06:09:34.024,binance,XRP/USDT:USDT,3.1383,5283.8,3.1382,5851.7,3.1384,23357.4,3.1385,24635.8
1753769374125,06:09:34.125,binance,XRP/USDT:USDT,3.1383,5283.8,3.1382,5851.7,3.1384,23374.7,3.1385,24635.8
1753769374649,06:09:34.649,binance,XRP/USDT:USDT,3.138,15315.2,3.1379,6012.7,3.1381,6627.9,3.1382,14547.4
1753769374769,06:09:34.769,binance,XRP/USDT:USDT,3.138,15315.2,3.1379,6012.7,3.1381,6627.9,3.1382,14547.4
1753769374872,06:09:34.872,binance,XRP/USDT:USDT,3.138,15505.2,3.1379,7809.0,3.1381,5585.2,3.1382,14547.4
1753769374986,06:09:34.986,binance,XRP/USDT:USDT,3.138,16234.4,3.1379,10075.4,3.1381,5594.1,3.1382,14547.4
1753769375088,06:09:35.088,binance,XRP/USDT:USDT,3.138,16234.4,3.1379,10075.4,3.1381,5103.6,3.1382,10169.2
1753769375190,06:09:35.190,binance,XRP/USDT:USDT,3.138,16234.4,3.1379,10075.4,3.1381,5103.6,3.1382,9394.1
1753769375293,06:09:35.293,binance,XRP/USDT:USDT,3.138,16234.4,3.1379,10075.4,3.1381,2356.9,3.1382,10152.3
1753769375411,06:09:35.411,binance,XRP/USDT:USDT,3.138,16241.2,3.1379,7809.0,3.1381,2361.4,3.1382,10152.3
1753769375512,06:09:35.512,binance,XRP/USDT:USDT,3.138,16467.9,3.1379,10075.4,3.1381,2457.4,3.1382,10152.3
1753769375826,06:09:35.826,binance,XRP/USDT:USDT,3.138,17443.9,3.1379,15325.5,3.1381,2466.6,3.1382,761.8
1753769375939,06:09:35.939,binance,XRP/USDT:USDT,3.138,17440.9,3.1379,13053.9,3.1381,2466.6,3.1382,761.8
1753769376052,06:09:36.052,binance,XRP/USDT:USDT,3.138,17419.9,3.1379,13134.8,3.1381,2466.6,3.1382,761.8
1753769376162,06:09:36.162,binance,XRP/USDT:USDT,3.138,17419.9,3.1379,13131.3,3.1381,2461.5,3.1382,761.8
1753769376274,06:09:36.274,binance,XRP/USDT:USDT,3.138,17419.9,3.1379,13131.3,3.1381,2468.4,3.1382,761.8
1753769376377,06:09:36.377,binance,XRP/USDT:USDT,3.138,17420.9,3.1379,13131.3,3.1381,2471.0,3.1382,761.8
1753769376479,06:09:36.479,binance,XRP/USDT:USDT,3.138,17487.6,3.1379,13131.3,3.1381,2471.0,3.1382,761.8
1753769376590,06:09:36.590,binance,XRP/USDT:USDT,3.138,17492.5,3.1379,13163.1,3.1381,2403.1,3.1382,761.8
1753769376691,06:09:36.691,binance,XRP/USDT:USDT,3.138,17565.6,3.1379,13163.1,3.1381,2403.1,3.1382,759.9
1753769376799,06:09:36.799,binance,XRP/USDT:USDT,3.138,17565.6,3.1379,13163.1,3.1381,2403.1,3.1382,759.9
1753769376912,06:09:36.912,binance,XRP/USDT:USDT,3.138,17565.6,3.1379,13163.1,3.1381,2403.1,3.1382,759.9
1753769377015,06:09:37.015,binance,XRP/USDT:USDT,3.138,17642.7,3.1379,13163.1,3.1381,2510.0,3.1382,759.9
1753769377117,06:09:37.117,binance,XRP/USDT:USDT,3.138,17642.7,3.1379,15164.6,3.1381,2510.0,3.1382,759.9
1753769377221,06:09:37.221,binance,XRP/USDT:USDT,3.138,17642.5,3.1379,11873.5,3.1381,7672.6,3.1382,1.7
1753769377322,06:09:37.322,binance,XRP/USDT:USDT,3.138,17642.5,3.1379,11873.5,3.1381,7672.7,3.1382,1.7
1753769377426,06:09:37.426,binance,XRP/USDT:USDT,3.138,17646.4,3.1379,11873.5,3.1381,7672.7,3.1382,1.7
1753769377535,06:09:37.535,binance,XRP/USDT:USDT,3.138,17648.8,3.1379,11873.5,3.1381,7675.6,3.1382,2368.1
1753769377638,06:09:37.638,binance,XRP/USDT:USDT,3.138,17648.8,3.1379,11875.4,3.1381,7675.6,3.1382,2368.1
1753769377741,06:09:37.741,binance,XRP/USDT:USDT,3.138,17648.8,3.1379,11875.4,3.1381,7675.6,3.1382,2368.1
1753769377884,06:09:37.884,binance,XRP/USDT:USDT,3.138,17632.9,3.1379,11875.4,3.1381,7675.6,3.1382,2368.1
1753769377988,06:09:37.988,binance,XRP/USDT:USDT,3.138,17632.9,3.1379,11875.4,3.1381,7675.6,3.1382,2368.1
1753769378096,06:09:38.096,binance,XRP/USDT:USDT,3.138,17632.9,3.1379,11875.4,3.1381,7676.1,3.1382,2368.1
1753769378205,06:09:38.205,binance,XRP/USDT:USDT,3.138,17670.2,3.1379,11875.4,3.1381,2511.8,3.1382,3310.8
1753769378310,06:09:38.310,binance,XRP/USDT:USDT,3.138,17670.2,3.1379,11875.4,3.1381,2512.9,3.1382,944.4
1753769378413,06:09:38.413,binance,XRP/USDT:USDT,3.138,17680.4,3.1379,11875.4,3.1381,3291.8,3.1382,944.4
1753769378516,06:09:38.516,binance,XRP/USDT:USDT,3.138,17745.5,3.1379,11875.4,3.1381,3290.3,3.1382,944.4
1753769378619,06:09:38.619,binance,XRP/USDT:USDT,3.138,17745.5,3.1379,11873.5,3.1381,4228.5,3.1382,4996.2
1753769378721,06:09:38.721,binance,XRP/USDT:USDT,3.138,17754.3,3.1379,11873.5,3.1381,6528.5,3.1382,4996.2
1753769378825,06:09:38.825,binance,XRP/USDT:USDT,3.138,17755.9,3.1379,10949.0,3.1381,8856.2,3.1382,4996.2
1753769378927,06:09:38.927,binance,XRP/USDT:USDT,3.138,10261.2,3.1379,3799.8,3.1381,14341.6,3.1382,7043.7
1753769379028,06:09:39.028,binance,XRP/USDT:USDT,3.138,10266.5,3.1379,3687.1,3.1381,14525.2,3.1382,7088.1
1753769379130,06:09:39.130,binance,XRP/USDT:USDT,3.138,12594.2,3.1379,3780.9,3.1381,12194.8,3.1382,6833.8
1753769379233,06:09:39.233,binance,XRP/USDT:USDT,3.138,12594.2,3.1379,3827.7,3.1381,16001.6,3.1382,7024.6
1753769379335,06:09:39.335,binance,XRP/USDT:USDT,3.138,7543.7,3.1379,3780.9,3.1381,16000.7,3.1382,7069.0
1753769379442,06:09:39.442,binance,XRP/USDT:USDT,3.138,2859.4,3.1379,350.5,3.1381,20004.1,3.1382,7069.0
1753769379546,06:09:39.546,binance,XRP/USDT:USDT,3.138,2659.4,3.1379,84.1,3.1381,22234.2,3.1382,13611.4
1753769379647,06:09:39.647,binance,XRP/USDT:USDT,3.138,2659.9,3.1379,84.1,3.1381,21603.1,3.1382,11336.0
1753769379749,06:09:39.749,binance,XRP/USDT:USDT,3.138,2659.9,3.1379,84.1,3.1381,22191.0,3.1382,11526.8
1753769379852,06:09:39.852,binance,XRP/USDT:USDT,3.138,2650.8,3.1379,84.1,3.1381,22165.7,3.1382,11526.8
1753769379969,06:09:39.969,binance,XRP/USDT:USDT,3.138,2681.8,3.1379,84.1,3.1381,19937.2,3.1382,9306.0
1753769380113,06:09:40.113,binance,XRP/USDT:USDT,3.138,2681.8,3.1379,84.1,3.1381,19937.2,3.1382,9306.0
1753769380237,06:09:40.237,binance,XRP/USDT:USDT,3.138,2650.9,3.1379,84.1,3.1381,20953.5,3.1382,9306.0
1753769380340,06:09:40.340,binance,XRP/USDT:USDT,3.138,2656.0,3.1379,84.1,3.1381,19696.0,3.1382,9306.0
1753769380455,06:09:40.455,binance,XRP/USDT:USDT,3.138,2720.7,3.1379,84.1,3.1381,19696.0,3.1382,9337.7
1753769380558,06:09:40.558,binance,XRP/USDT:USDT,3.138,2725.5,3.1379,84.1,3.1381,19681.6,3.1382,9369.5
1753769380659,06:09:40.659,binance,XRP/USDT:USDT,3.138,2725.5,3.1379,84.1,3.1381,19697.1,3.1382,9371.4
1753769380763,06:09:40.763,binance,XRP/USDT:USDT,3.138,11786.6,3.1379,84.1,3.1381,14461.3,3.1382,7113.5
1753769380970,06:09:40.970,binance,XRP/USDT:USDT,3.138,12058.8,3.1379,8215.0,3.1381,13037.6,3.1382,5643.9
1753769381072,06:09:41.072,binance,XRP/USDT:USDT,3.138,12058.8,3.1379,8215.0,3.1381,13037.6,3.1382,5643.9
1753769381173,06:09:41.173,binance,XRP/USDT:USDT,3.138,12058.8,3.1379,8215.0,3.1381,9163.1,3.1382,5434.0
1753769381274,06:09:41.274,binance,XRP/USDT:USDT,3.138,12058.8,3.1379,8215.0,3.1381,9163.1,3.1382,5434.0
1753769381384,06:09:41.384,binance,XRP/USDT:USDT,3.1383,22164.2,3.1382,48684.9,3.1384,2298.9,3.1385,1.7
1753769381486,06:09:41.486,binance,XRP/USDT:USDT,3.1383,22190.1,3.1382,40525.2,3.1384,4778.7,3.1385,3.4
1753769381588,06:09:41.588,binance,XRP/USDT:USDT,3.1383,22431.6,3.1382,39261.7,3.1384,6511.1,3.1385,3.4
1753769381691,06:09:41.691,binance,XRP/USDT:USDT,3.1383,22429.3,3.1382,38800.3,3.1384,6514.4,3.1385,3.4
1753769381910,06:09:41.910,binance,XRP/USDT:USDT,3.1383,22444.8,3.1382,35178.6,3.1384,9880.3,3.1385,3571.0
1753769382014,06:09:42.014,binance,XRP/USDT:USDT,3.1383,11194.1,3.1382,31630.4,3.1384,11455.4,3.1385,6494.0
1753769382577,06:09:42.577,binance,XRP/USDT:USDT,3.1383,1666.0,3.1382,5625.3,3.1384,14830.3,3.1385,11795.1
1753769382680,06:09:42.680,binance,XRP/USDT:USDT,3.1383,1671.2,3.1382,5625.3,3.1384,14830.3,3.1385,11695.6
1753769382839,06:09:42.839,binance,XRP/USDT:USDT,3.1383,1671.2,3.1382,5625.3,3.1384,14832.7,3.1385,11695.6
1753769382965,06:09:42.965,binance,XRP/USDT:USDT,3.1383,1671.2,3.1382,5625.3,3.1384,14832.7,3.1385,11695.6
1753769383066,06:09:43.066,binance,XRP/USDT:USDT,3.1383,1671.2,3.1382,5625.3,3.1384,14832.7,3.1385,11695.6
1753769383179,06:09:43.179,binance,XRP/USDT:USDT,3.1383,1671.2,3.1382,5625.3,3.1384,14844.5,3.1385,11695.6
1753769383280,06:09:43.280,binance,XRP/USDT:USDT,3.1383,1672.7,3.1382,5625.3,3.1384,15588.3,3.1385,11695.6
1753769383389,06:09:43.389,binance,XRP/USDT:USDT,3.1383,1674.8,3.1382,5625.3,3.1384,15588.3,3.1385,11695.6
1753769383500,06:09:43.500,binance,XRP/USDT:USDT,3.1383,1628.8,3.1382,5625.3,3.1384,15616.6,3.1385,11731.2
1753769383604,06:09:43.604,binance,XRP/USDT:USDT,3.1383,1628.8,3.1382,5625.3,3.1384,16359.7,3.1385,11731.2
1753769383707,06:09:43.707,binance,XRP/USDT:USDT,3.1383,2396.9,3.1382,5625.3,3.1384,15545.4,3.1385,11731.2
1753769383810,06:09:43.810,binance,XRP/USDT:USDT,3.1383,2396.9,3.1382,5625.3,3.1384,15545.4,3.1385,11731.2
1753769383914,06:09:43.914,binance,XRP/USDT:USDT,3.1383,2396.9,3.1382,5625.3,3.1384,14056.1,3.1385,11731.2
1753769384025,06:09:44.025,binance,XRP/USDT:USDT,3.1383,2387.3,3.1382,5625.3,3.1384,9356.1,3.1385,7130.7
1753769384129,06:09:44.129,binance,XRP/USDT:USDT,3.1383,15901.0,3.1382,10399.2,3.1384,7783.4,3.1385,4241.5
1753769384236,06:09:44.236,binance,XRP/USDT:USDT,3.1383,16188.2,3.1382,13935.0,3.1384,1062.7,3.1385,1177.2
1753769384339,06:09:44.339,binance,XRP/USDT:USDT,3.1384,43249.8,3.1383,10467.1,3.1385,4385.6,3.1386,4930.5
1753769384440,06:09:44.440,binance,XRP/USDT:USDT,3.1384,38240.1,3.1383,10467.8,3.1385,5354.8,3.1386,3966.6
1753769384554,06:09:44.554,binance,XRP/USDT:USDT,3.1384,38056.3,3.1383,10467.8,3.1385,4323.1,3.1386,4930.5
1753769384656,06:09:44.656,binance,XRP/USDT:USDT,3.1384,38134.8,3.1383,9510.1,3.1385,4323.1,3.1386,4930.5
1753769384761,06:09:44.761,binance,XRP/USDT:USDT,3.1384,37964.6,3.1383,10311.0,3.1385,1178.9,3.1386,4930.5
1753769384864,06:09:44.864,binance,XRP/USDT:USDT,3.1384,37956.7,3.1383,10311.0,3.1385,1174.0,3.1386,4930.5
1753769384974,06:09:44.974,binance,XRP/USDT:USDT,3.1384,37956.7,3.1383,10311.0,3.1385,1174.0,3.1386,4930.5
1753769385087,06:09:45.087,binance,XRP/USDT:USDT,3.1384,37956.7,3.1383,10311.0,3.1385,1194.0,3.1386,3021.0
1753769385193,06:09:45.193,binance,XRP/USDT:USDT,3.1384,37981.0,3.1383,10311.0,3.1385,1194.0,3.1386,3021.0
1753769385295,06:09:45.295,binance,XRP/USDT:USDT,3.1384,38359.9,3.1383,9938.6,3.1385,1175.1,3.1386,3021.0
1753769385399,06:09:45.399,binance,XRP/USDT:USDT,3.1384,39075.6,3.1383,9927.1,3.1385,1175.1,3.1386,3021.0
1753769385525,06:09:45.525,binance,XRP/USDT:USDT,3.1384,39078.2,3.1383,9945.4,3.1385,1175.1,3.1386,3001.9
1753769385705,06:09:45.705,binance,XRP/USDT:USDT,3.1384,39080.5,3.1383,9945.4,3.1385,1175.1,3.1386,3001.9
1753769385810,06:09:45.810,binance,XRP/USDT:USDT,3.1384,39080.5,3.1383,9945.4,3.1385,1175.1,3.1386,3001.9
1753769386042,06:09:46.042,binance,XRP/USDT:USDT,3.1384,39256.4,3.1383,9945.4,3.1385,1175.1,3.1386,3001.9
1753769386147,06:09:46.147,binance,XRP/USDT:USDT,3.1384,25281.9,3.1383,9142.1,3.1385,11244.9,3.1386,7977.8
1753769386250,06:09:46.250,binance,XRP/USDT:USDT,3.1384,15202.0,3.1383,9032.2,3.1385,11244.9,3.1386,9959.6
1753769386358,06:09:46.358,binance,XRP/USDT:USDT,3.1384,3523.2,3.1383,5992.8,3.1385,17888.3,3.1386,10375.3
1753769386459,06:09:46.459,binance,XRP/USDT:USDT,3.1384,1802.2,3.1383,4432.9,3.1385,17907.4,3.1386,10835.9
1753769386564,06:09:46.564,binance,XRP/USDT:USDT,3.1384,1802.2,3.1383,1829.0,3.1385,17859.9,3.1386,10835.9
1753769386667,06:09:46.667,binance,XRP/USDT:USDT,3.1384,1890.7,3.1383,1816.7,3.1385,15814.9,3.1386,9150.8
1753769386778,06:09:46.778,binance,XRP/USDT:USDT,3.1384,1890.9,3.1383,1816.7,3.1385,14563.4,3.1386,9150.8
1753769386887,06:09:46.887,binance,XRP/USDT:USDT,3.1384,1906.4,3.1383,1801.2,3.1385,14558.5,3.1386,9150.8
1753769386993,06:09:46.993,binance,XRP/USDT:USDT,3.1384,1903.2,3.1383,1801.2,3.1385,14558.5,3.1386,9150.8
1753769387094,06:09:47.094,binance,XRP/USDT:USDT,3.1384,1894.3,3.1383,1801.2,3.1385,14558.5,3.1386,9150.8
1753769387205,06:09:47.205,binance,XRP/USDT:USDT,3.1384,2570.3,3.1383,1801.2,3.1385,14558.5,3.1386,12382.5
1753769387309,06:09:47.309,binance,XRP/USDT:USDT,3.1384,2665.1,3.1383,1801.2,3.1385,14549.4,3.1386,12382.5
1753769387413,06:09:47.413,binance,XRP/USDT:USDT,3.1384,2940.2,3.1383,1801.2,3.1385,14547.2,3.1386,12382.5
1753769387526,06:09:47.526,binance,XRP/USDT:USDT,3.1384,2740.2,3.1383,1801.2,3.1385,17285.0,3.1386,19594.7
1753769387630,06:09:47.630,binance,XRP/USDT:USDT,3.1384,2740.2,3.1383,1801.2,3.1385,17285.0,3.1386,16634.6
1753769387734,06:09:47.734,binance,XRP/USDT:USDT,3.1384,5653.8,3.1383,1801.2,3.1385,10862.8,3.1386,7076.3
1753769387843,06:09:47.843,binance,XRP/USDT:USDT,3.1384,16927.1,3.1383,6095.3,3.1385,9122.2,3.1386,7212.3
1753769387949,06:09:47.949,binance,XRP/USDT:USDT,3.1384,21083.1,3.1383,14318.7,3.1385,2545.4,3.1386,4983.2
1753769388053,06:09:48.053,binance,XRP/USDT:USDT,3.1384,21098.7,3.1383,10682.7,3.1385,350.1,3.1386,1095.0
1753769388158,06:09:48.158,binance,XRP/USDT:USDT,3.1385,47863.9,3.1384,26312.1,3.1386,4894.0,3.1387,5718.1
1753769388262,06:09:48.262,binance,XRP/USDT:USDT,3.1385,47882.1,3.1384,26897.2,3.1386,4899.2,3.1387,5718.1
1753769388364,06:09:48.364,binance,XRP/USDT:USDT,3.1385,48383.1,3.1384,19134.3,3.1386,4899.2,3.1387,5371.4
1753769388465,06:09:48.465,binance,XRP/USDT:USDT,3.1385,49621.7,3.1384,17962.4,3.1386,4915.8,3.1387,4013.0
1753769388597,06:09:48.597,binance,XRP/USDT:USDT,3.1386,46336.5,3.1385,36085.1,3.1387,4012.9,3.1388,4278.6
1753769388698,06:09:48.698,binance,XRP/USDT:USDT,3.1386,48440.0,3.1385,34481.7,3.1387,5294.7,3.1388,3233.2
1753769388801,06:09:48.801,binance,XRP/USDT:USDT,3.1386,48447.2,3.1385,34479.8,3.1387,5294.7,3.1388,3233.2
1753769388902,06:09:48.902,binance,XRP/USDT:USDT,3.1386,48447.2,3.1385,34479.8,3.1387,4492.9,3.1388,3233.2
1753769389004,06:09:49.004,binance,XRP/USDT:USDT,3.1386,44955.3,3.1385,34289.0,3.1387,12054.4,3.1388,3392.4
1753769389106,06:09:49.106,binance,XRP/USDT:USDT,3.1386,24580.8,3.1385,34477.4,3.1387,13183.2,3.1388,8898.0
1753769389222,06:09:49.222,binance,XRP/USDT:USDT,3.1386,24734.7,3.1385,27907.0,3.1387,15483.2,3.1388,8898.0
1753769389343,06:09:49.343,binance,XRP/USDT:USDT,3.1386,24852.3,3.1385,27907.0,3.1387,15483.2,3.1388,8092.4
1753769389448,06:09:49.448,binance,XRP/USDT:USDT,3.1386,26038.5,3.1385,26723.6,3.1387,13201.8,3.1388,8092.4
1753769389551,06:09:49.551,binance,XRP/USDT:USDT,3.1386,26042.8,3.1385,26723.6,3.1387,6736.0,3.1388,3392.4
1753769389654,06:09:49.654,binance,XRP/USDT:USDT,3.1386,28726.0,3.1385,28834.4,3.1387,1900.7,3.1388,1992.4
1753769389755,06:09:49.755,binance,XRP/USDT:USDT,3.1387,53095.4,3.1386,25231.8,3.1388,238.3,3.1389,264.5
1753769389858,06:09:49.858,binance,XRP/USDT:USDT,3.139,32498.1,3.1389,48057.5,3.1391,1101.7,3.1392,8108.3
1753769389959,06:09:49.959,binance,XRP/USDT:USDT,3.139,31697.2,3.1389,45573.9,3.1391,4354.4,3.1392,1533.1
1753769390061,06:09:50.061,binance,XRP/USDT:USDT,3.139,31666.0,3.1389,43733.0,3.1391,928.3,3.1392,4020.7
1753769390163,06:09:50.163,binance,XRP/USDT:USDT,3.139,19519.2,3.1389,32764.3,3.1391,8347.0,3.1392,5016.8
1753769390265,06:09:50.265,binance,XRP/USDT:USDT,3.139,18982.7,3.1389,19419.3,3.1391,8695.0,3.1392,11311.6
1753769390368,06:09:50.368,binance,XRP/USDT:USDT,3.139,15620.2,3.1389,19311.1,3.1391,14042.8,3.1392,8872.4
1753769390470,06:09:50.470,binance,XRP/USDT:USDT,3.139,19186.5,3.1389,19311.1,3.1391,9804.7,3.1392,7488.9
1753769390571,06:09:50.571,binance,XRP/USDT:USDT,3.139,21331.2,3.1389,19311.1,3.1391,4942.3,3.1392,8478.4
1753769390673,06:09:50.673,binance,XRP/USDT:USDT,3.139,21338.3,3.1389,19311.1,3.1391,5041.8,3.1392,8478.4
1753769390780,06:09:50.780,binance,XRP/USDT:USDT,3.139,21338.3,3.1389,19311.1,3.1391,5041.8,3.1392,8478.4
1753769390897,06:09:50.897,binance,XRP/USDT:USDT,3.139,21338.3,3.1389,19311.1,3.1391,6122.6,3.1392,8478.4
1753769391000,06:09:51.000,binance,XRP/USDT:USDT,3.139,18820.6,3.1389,19303.2,3.1391,9285.9,3.1392,8478.4
1753769391102,06:09:51.102,binance,XRP/USDT:USDT,3.139,18820.6,3.1389,19303.2,3.1391,13985.9,3.1392,14025.9
1753769391344,06:09:51.344,binance,XRP/USDT:USDT,3.139,20224.4,3.1389,19303.2,3.1391,13026.9,3.1392,13178.4
1753769391464,06:09:51.464,binance,XRP/USDT:USDT,3.139,12043.6,3.1389,15128.1,3.1391,13057.9,3.1392,17727.0
1753769391567,06:09:51.567,binance,XRP/USDT:USDT,3.139,5601.7,3.1389,1145.0,3.1391,20682.2,3.1392,20807.3
1753769391670,06:09:51.670,binance,XRP/USDT:USDT,3.139,5614.3,3.1389,1145.0,3.1391,20701.3,3.1392,20888.0
1753769391772,06:09:51.772,binance,XRP/USDT:USDT,3.139,5626.6,3.1389,1145.0,3.1391,20530.2,3.1392,18648.0
1753769391876,06:09:51.876,binance,XRP/USDT:USDT,3.139,5626.6,3.1389,1145.0,3.1391,20528.4,3.1392,18648.0
1753769391980,06:09:51.980,binance,XRP/USDT:USDT,3.139,5642.1,3.1389,1145.0,3.1391,20528.4,3.1392,18648.0
1753769392083,06:09:52.083,binance,XRP/USDT:USDT,3.139,5642.1,3.1389,1145.0,3.1391,20528.4,3.1392,18648.0
1753769392184,06:09:52.184,binance,XRP/USDT:USDT,3.139,5484.4,3.1389,1145.0,3.1391,21953.0,3.1392,20697.2
1753769392289,06:09:52.289,binance,XRP/USDT:USDT,3.139,5493.1,3.1389,1145.0,3.1391,20660.4,3.1392,20760.8
1753769392392,06:09:52.392,binance,XRP/USDT:USDT,3.139,5503.1,3.1389,1145.0,3.1391,20789.4,3.1392,20760.8
1753769392499,06:09:52.499,binance,XRP/USDT:USDT,3.139,5581.3,3.1389,1145.0,3.1391,20632.4,3.1392,18552.6
1753769392602,06:09:52.602,binance,XRP/USDT:USDT,3.139,5586.1,3.1389,1145.0,3.1391,20374.5,3.1392,18571.7
1753769392703,06:09:52.703,binance,XRP/USDT:USDT,3.139,5584.2,3.1389,1151.9,3.1391,20376.4,3.1392,18571.7
1753769392804,06:09:52.804,binance,XRP/USDT:USDT,3.139,5584.2,3.1389,1151.9,3.1391,20535.2,3.1392,18571.7
1753769392915,06:09:52.915,binance,XRP/USDT:USDT,3.1388,118.2,3.1387,3171.6,3.1389,41859.4,3.139,53328.7
1753769393016,06:09:53.016,binance,XRP/USDT:USDT,3.1386,470.7,3.1385,2638.7,3.1387,43476.5,3.1388,32133.0
1753769393117,06:09:53.117,binance,XRP/USDT:USDT,3.1384,4507.4,3.1383,1046.8,3.1385,24718.3,3.1386,37143.1
1753769393218,06:09:53.218,binance,XRP/USDT:USDT,3.1384,885.7,3.1383,1.7,3.1385,27178.6,3.1386,42273.7
1753769393319,06:09:53.319,binance,XRP/USDT:USDT,3.1384,868.0,3.1383,3.4,3.1385,31353.2,3.1386,41984.8
1753769393420,06:09:53.420,binance,XRP/USDT:USDT,3.1381,376.0,3.138,9758.0,3.1382,24748.0,3.1383,35351.7
1753769393521,06:09:53.521,binance,XRP/USDT:USDT,3.138,7149.6,3.1379,8915.3,3.1381,21326.7,3.1382,25009.8
1753769393622,06:09:53.622,binance,XRP/USDT:USDT,3.138,7154.9,3.1379,8915.3,3.1381,12447.4,3.1382,12022.7
1753769393726,06:09:53.726,binance,XRP/USDT:USDT,3.138,7154.9,3.1379,8915.3,3.1381,13553.2,3.1382,8629.3
1753769393832,06:09:53.832,binance,XRP/USDT:USDT,3.138,7511.3,3.1379,8915.3,3.1381,13560.0,3.1382,8629.3
1753769393935,06:09:53.935,binance,XRP/USDT:USDT,3.138,10998.3,3.1379,13648.7,3.1381,655.2,3.1382,4769.2
1753769394037,06:09:54.037,binance,XRP/USDT:USDT,3.138,10998.3,3.1379,14286.0,3.1381,5784.8,3.1382,4615.9
1753769394139,06:09:54.139,binance,XRP/USDT:USDT,3.138,10961.0,3.1379,9600.7,3.1381,5778.0,3.1382,4615.9
1753769394242,06:09:54.242,binance,XRP/USDT:USDT,3.138,11094.4,3.1379,9600.7,3.1381,5768.0,3.1382,4615.9
1753769394345,06:09:54.345,binance,XRP/USDT:USDT,3.138,11096.1,3.1379,9600.7,3.1381,9403.8,3.1382,4615.9
1753769394452,06:09:54.452,binance,XRP/USDT:USDT,3.138,11169.4,3.1379,9600.7,3.1381,8767.7,3.1382,3646.9
1753769394554,06:09:54.554,binance,XRP/USDT:USDT,3.138,19562.3,3.1379,12633.5,3.1381,4013.2,3.1382,3045.3
1753769394655,06:09:54.655,binance,XRP/USDT:USDT,3.138,19776.6,3.1379,16032.0,3.1381,4035.3,3.1382,194.2
1753769394757,06:09:54.757,binance,XRP/USDT:USDT,3.138,20739.3,3.1379,15082.0,3.1381,512.9,3.1382,194.2
1753769394866,06:09:54.866,binance,XRP/USDT:USDT,3.138,21212.7,3.1379,14602.3,3.1381,774.9,3.1382,194.2
1753769394974,06:09:54.974,binance,XRP/USDT:USDT,3.138,19131.8,3.1379,12519.5,3.1381,774.9,3.1382,194.2
1753769395086,06:09:55.086,binance,XRP/USDT:USDT,3.138,23831.8,3.1379,12519.5,3.1381,774.9,3.1382,194.2
1753769395217,06:09:55.217,binance,XRP/USDT:USDT,3.138,24467.8,3.1379,12519.5,3.1381,797.4,3.1382,194.2
1753769395320,06:09:55.320,binance,XRP/USDT:USDT,3.138,24912.8,3.1379,12519.5,3.1381,797.4,3.1382,194.2
1753769395423,06:09:55.423,binance,XRP/USDT:USDT,3.138,24914.5,3.1379,12519.5,3.1381,1394.4,3.1382,194.2
1753769395525,06:09:55.525,binance,XRP/USDT:USDT,3.138,24910.9,3.1379,12519.5,3.1381,1680.7,3.1382,194.2
1753769395637,06:09:55.637,binance,XRP/USDT:USDT,3.138,20210.6,3.1379,12519.5,3.1381,1680.7,3.1382,194.2
1753769395744,06:09:55.744,binance,XRP/USDT:USDT,3.138,20210.6,3.1379,9147.1,3.1381,1670.7,3.1382,194.2
1753769395851,06:09:55.851,binance,XRP/USDT:USDT,3.138,20210.6,3.1379,9147.1,3.1381,1670.7,3.1382,194.2
1753769395952,06:09:55.952,binance,XRP/USDT:USDT,3.138,20210.6,3.1379,9147.1,3.1381,1677.4,3.1382,866.2
1753769396094,06:09:56.094,binance,XRP/USDT:USDT,3.138,20210.6,3.1379,9147.1,3.1381,1679.1,3.1382,866.2
1753769396197,06:09:56.197,binance,XRP/USDT:USDT,3.138,20210.8,3.1379,10943.4,3.1381,1679.2,3.1382,866.2
