timestamp,time,exchange,symbol,bid1_price,bid1_volume,bid2_price,bid2_volume,ask1_price,ask1_volume,ask2_price,ask2_volume
1753769311015,06:08:31.015,kucoinfutures,ETH/USDT:USDT,3811.78,216.0,3811.63,96.0,3811.79,1223.0,3811.97,290.0
1753769311484,06:08:31.484,kucoinfutures,ETH/USDT:USDT,3811.78,216.0,3811.63,96.0,3811.79,1009.0,3811.97,290.0
1753769311573,06:08:31.573,kucoinfutures,ETH/USDT:USDT,3811.78,216.0,3811.63,96.0,3811.79,1009.0,3811.97,290.0
1753769311577,06:08:31.577,kucoinfutures,ETH/USDT:USDT,3811.78,216.0,3811.63,96.0,3811.79,1055.0,3811.97,290.0
1753769311626,06:08:31.626,kucoinfutures,ETH/USDT:USDT,3811.78,216.0,3811.63,96.0,3811.79,1223.0,3811.97,290.0
1753769311714,06:08:31.714,kucoinfutures,ETH/USDT:USDT,3811.78,216.0,3811.62,296.0,3811.79,1223.0,3811.97,290.0
1753769311749,06:08:31.749,kucoinfutures,ETH/USDT:USDT,3811.78,216.0,3811.62,296.0,3811.79,1223.0,3811.97,290.0
1753769311814,06:08:31.814,kucoinfutures,ETH/USDT:USDT,3811.78,216.0,3811.62,296.0,3811.79,1055.0,3811.97,290.0
1753769311818,06:08:31.818,kucoinfutures,ETH/USDT:USDT,3811.78,216.0,3811.62,296.0,3811.79,1009.0,3811.97,290.0
1753769311856,06:08:31.856,kucoinfutures,ETH/USDT:USDT,3811.78,216.0,3811.62,296.0,3811.79,1009.0,3811.97,290.0
1753769311860,06:08:31.860,kucoinfutures,ETH/USDT:USDT,3811.78,216.0,3811.62,296.0,3811.79,1055.0,3811.97,290.0
1753769311866,06:08:31.866,kucoinfutures,ETH/USDT:USDT,3811.78,216.0,3811.62,296.0,3811.79,1177.0,3811.97,290.0
1753769311993,06:08:31.993,kucoinfutures,ETH/USDT:USDT,3811.78,216.0,3811.62,296.0,3811.79,1177.0,3811.97,290.0
1753769311998,06:08:31.998,kucoinfutures,ETH/USDT:USDT,3811.78,216.0,3811.62,296.0,3811.79,1223.0,3811.97,290.0
1753769312003,06:08:32.003,kucoinfutures,ETH/USDT:USDT,3811.78,216.0,3811.62,296.0,3811.79,1223.0,3811.97,290.0
1753769312040,06:08:32.040,kucoinfutures,ETH/USDT:USDT,3811.78,214.0,3811.62,296.0,3811.79,1223.0,3811.97,290.0
1753769312046,06:08:32.046,kucoinfutures,ETH/USDT:USDT,3811.78,214.0,3811.62,296.0,3811.79,1223.0,3811.97,290.0
1753769312047,06:08:32.047,kucoinfutures,ETH/USDT:USDT,3811.78,214.0,3811.62,296.0,3811.79,1223.0,3811.97,290.0
1753769312048,06:08:32.048,kucoinfutures,ETH/USDT:USDT,3811.78,214.0,3811.62,296.0,3811.79,1223.0,3811.97,290.0
1753769312057,06:08:32.057,kucoinfutures,ETH/USDT:USDT,3811.78,214.0,3811.62,296.0,3811.79,1223.0,3811.97,290.0
1753769312058,06:08:32.058,kucoinfutures,ETH/USDT:USDT,3811.78,214.0,3811.62,296.0,3811.79,1223.0,3811.97,290.0
1753769312068,06:08:32.068,kucoinfutures,ETH/USDT:USDT,3811.78,214.0,3811.62,296.0,3811.79,1223.0,3811.97,290.0
1753769312073,06:08:32.073,kucoinfutures,ETH/USDT:USDT,3811.78,214.0,3811.62,296.0,3811.79,1223.0,3811.97,290.0
1753769312080,06:08:32.080,kucoinfutures,ETH/USDT:USDT,3811.78,214.0,3811.62,296.0,3811.79,1223.0,3811.97,290.0
1753769312119,06:08:32.119,kucoinfutures,ETH/USDT:USDT,3811.78,214.0,3811.62,296.0,3811.79,1223.0,3811.97,290.0
1753769312121,06:08:32.121,kucoinfutures,ETH/USDT:USDT,3811.78,214.0,3811.62,296.0,3811.79,1223.0,3811.97,290.0
1753769312122,06:08:32.122,kucoinfutures,ETH/USDT:USDT,3811.78,214.0,3811.62,296.0,3811.79,1223.0,3811.97,161.0
1753769312124,06:08:32.124,kucoinfutures,ETH/USDT:USDT,3811.78,214.0,3811.62,296.0,3811.79,1223.0,3811.97,161.0
1753769312140,06:08:32.140,kucoinfutures,ETH/USDT:USDT,3811.78,214.0,3811.62,296.0,3811.79,1223.0,3811.97,290.0
1753769312147,06:08:32.147,kucoinfutures,ETH/USDT:USDT,3811.78,214.0,3811.62,296.0,3811.79,1223.0,3811.97,161.0
1753769312152,06:08:32.152,kucoinfutures,ETH/USDT:USDT,3811.78,214.0,3811.62,296.0,3811.79,1223.0,3811.97,161.0
1753769312155,06:08:32.155,kucoinfutures,ETH/USDT:USDT,3811.78,214.0,3811.62,296.0,3811.79,1223.0,3811.97,161.0
1753769312158,06:08:32.158,kucoinfutures,ETH/USDT:USDT,3811.78,214.0,3811.43,16.0,3811.79,1223.0,3811.97,161.0
1753769312160,06:08:32.160,kucoinfutures,ETH/USDT:USDT,3811.78,214.0,3811.43,16.0,3811.79,1223.0,3811.97,161.0
1753769312169,06:08:32.169,kucoinfutures,ETH/USDT:USDT,3811.78,214.0,3811.43,16.0,3811.79,1223.0,3811.97,161.0
1753769312173,06:08:32.173,kucoinfutures,ETH/USDT:USDT,3811.78,214.0,3811.43,16.0,3811.79,1223.0,3811.97,161.0
1753769312188,06:08:32.188,kucoinfutures,ETH/USDT:USDT,3811.78,214.0,3811.43,16.0,3811.79,1223.0,3811.95,79.0
1753769312255,06:08:32.255,kucoinfutures,ETH/USDT:USDT,3811.78,167.0,3811.43,16.0,3811.79,1223.0,3811.95,79.0
1753769312257,06:08:32.257,kucoinfutures,ETH/USDT:USDT,3811.78,162.0,3811.42,96.0,3811.79,1223.0,3811.95,79.0
1753769312323,06:08:32.323,kucoinfutures,ETH/USDT:USDT,3811.78,162.0,3811.42,96.0,3811.79,1223.0,3811.95,79.0
1753769312324,06:08:32.324,kucoinfutures,ETH/USDT:USDT,3811.78,162.0,3811.42,96.0,3811.79,1223.0,3811.95,79.0
1753769312358,06:08:32.358,kucoinfutures,ETH/USDT:USDT,3811.78,36.0,3811.42,96.0,3811.79,1223.0,3811.95,79.0
1753769312389,06:08:32.389,kucoinfutures,ETH/USDT:USDT,3811.78,36.0,3811.42,96.0,3811.79,1223.0,3811.95,79.0
1753769312394,06:08:32.394,kucoinfutures,ETH/USDT:USDT,3811.78,36.0,3811.42,96.0,3811.79,1223.0,3811.95,79.0
1753769312394,06:08:32.394,kucoinfutures,ETH/USDT:USDT,3811.78,36.0,3811.42,96.0,3811.79,1223.0,3811.95,79.0
1753769312396,06:08:32.396,kucoinfutures,ETH/USDT:USDT,3811.78,36.0,3811.42,96.0,3811.79,1223.0,3811.95,79.0
1753769312398,06:08:32.398,kucoinfutures,ETH/USDT:USDT,3811.78,36.0,3811.42,96.0,3811.79,1223.0,3811.95,79.0
1753769312398,06:08:32.398,kucoinfutures,ETH/USDT:USDT,3811.78,36.0,3811.42,96.0,3811.79,1223.0,3811.95,79.0
1753769312398,06:08:32.398,kucoinfutures,ETH/USDT:USDT,3811.78,36.0,3811.42,96.0,3811.79,1223.0,3811.95,79.0
1753769312456,06:08:32.456,kucoinfutures,ETH/USDT:USDT,3811.78,36.0,3811.42,96.0,3811.79,1223.0,3811.95,79.0
1753769312456,06:08:32.456,kucoinfutures,ETH/USDT:USDT,3811.78,36.0,3811.42,96.0,3811.79,1223.0,3811.95,79.0
1753769312460,06:08:32.460,kucoinfutures,ETH/USDT:USDT,3811.78,36.0,3811.42,96.0,3811.79,1223.0,3811.95,79.0
1753769312464,06:08:32.464,kucoinfutures,ETH/USDT:USDT,3811.78,36.0,3811.42,96.0,3811.79,1223.0,3811.95,79.0
1753769312469,06:08:32.469,kucoinfutures,ETH/USDT:USDT,3811.78,36.0,3811.42,96.0,3811.79,1223.0,3811.95,79.0
1753769312497,06:08:32.497,kucoinfutures,ETH/USDT:USDT,3811.78,36.0,3811.42,96.0,3811.79,1223.0,3811.95,79.0
1753769312498,06:08:32.498,kucoinfutures,ETH/USDT:USDT,3811.78,36.0,3811.42,96.0,3811.79,1223.0,3811.95,79.0
1753769312542,06:08:32.542,kucoinfutures,ETH/USDT:USDT,3811.78,36.0,3811.42,96.0,3811.79,1223.0,3811.95,79.0
1753769312739,06:08:32.739,kucoinfutures,ETH/USDT:USDT,3811.78,36.0,3811.42,96.0,3811.79,1223.0,3811.95,79.0
1753769312773,06:08:32.773,kucoinfutures,ETH/USDT:USDT,3811.78,36.0,3811.42,96.0,3811.79,1223.0,3811.95,79.0
1753769312794,06:08:32.794,kucoinfutures,ETH/USDT:USDT,3811.78,36.0,3811.42,96.0,3811.79,1223.0,3811.95,79.0
1753769313355,06:08:33.355,kucoinfutures,ETH/USDT:USDT,3811.78,36.0,3811.42,96.0,3811.79,1223.0,3811.95,79.0
1753769313357,06:08:33.357,kucoinfutures,ETH/USDT:USDT,3811.78,36.0,3811.42,96.0,3811.79,1223.0,3811.95,79.0
1753769313357,06:08:33.357,kucoinfutures,ETH/USDT:USDT,3811.78,36.0,3811.42,96.0,3811.79,1223.0,3811.95,79.0
1753769313362,06:08:33.362,kucoinfutures,ETH/USDT:USDT,3811.78,36.0,3811.42,96.0,3811.79,1223.0,3811.95,79.0
1753769313365,06:08:33.365,kucoinfutures,ETH/USDT:USDT,3811.78,36.0,3811.42,96.0,3811.79,1223.0,3811.95,79.0
1753769313446,06:08:33.446,kucoinfutures,ETH/USDT:USDT,3811.78,36.0,3811.42,96.0,3811.79,1223.0,3811.95,79.0
1753769313510,06:08:33.510,kucoinfutures,ETH/USDT:USDT,3811.78,36.0,3811.42,96.0,3811.79,1237.0,3811.95,79.0
1753769313544,06:08:33.544,kucoinfutures,ETH/USDT:USDT,3811.78,36.0,3811.42,96.0,3811.79,1237.0,3811.94,262.0
1753769313544,06:08:33.544,kucoinfutures,ETH/USDT:USDT,3811.78,36.0,3811.42,96.0,3811.79,1237.0,3811.94,262.0
1753769313546,06:08:33.546,kucoinfutures,ETH/USDT:USDT,3811.78,36.0,3811.42,96.0,3811.79,1237.0,3811.94,262.0
1753769313547,06:08:33.547,kucoinfutures,ETH/USDT:USDT,3811.78,36.0,3811.42,96.0,3811.79,1237.0,3811.93,79.0
1753769313549,06:08:33.549,kucoinfutures,ETH/USDT:USDT,3811.78,36.0,3811.42,96.0,3811.79,1237.0,3811.93,79.0
1753769313553,06:08:33.553,kucoinfutures,ETH/USDT:USDT,3811.78,36.0,3811.42,96.0,3811.79,1237.0,3811.92,262.0
1753769313556,06:08:33.556,kucoinfutures,ETH/USDT:USDT,3811.78,36.0,3811.42,96.0,3811.79,1237.0,3811.91,79.0
1753769313557,06:08:33.557,kucoinfutures,ETH/USDT:USDT,3811.78,36.0,3811.42,96.0,3811.79,1237.0,3811.91,79.0
1753769313563,06:08:33.563,kucoinfutures,ETH/USDT:USDT,3811.78,36.0,3811.42,96.0,3811.79,1237.0,3811.91,79.0
1753769313568,06:08:33.568,kucoinfutures,ETH/USDT:USDT,3811.78,36.0,3811.42,96.0,3811.79,1237.0,3811.91,147.0
1753769313574,06:08:33.574,kucoinfutures,ETH/USDT:USDT,3811.78,36.0,3811.42,96.0,3811.79,1237.0,3811.91,79.0
1753769313675,06:08:33.675,kucoinfutures,ETH/USDT:USDT,3811.78,107.0,3811.42,96.0,3811.79,1237.0,3811.91,79.0
1753769313693,06:08:33.693,kucoinfutures,ETH/USDT:USDT,3811.78,107.0,3811.42,96.0,3811.79,1237.0,3811.91,79.0
1753769313697,06:08:33.697,kucoinfutures,ETH/USDT:USDT,3811.78,107.0,3811.42,96.0,3811.79,1237.0,3811.91,79.0
1753769313847,06:08:33.847,kucoinfutures,ETH/USDT:USDT,3811.78,107.0,3811.42,96.0,3811.79,1237.0,3811.91,79.0
1753769313850,06:08:33.850,kucoinfutures,ETH/USDT:USDT,3811.78,107.0,3811.42,96.0,3811.79,1237.0,3811.91,79.0
1753769313856,06:08:33.856,kucoinfutures,ETH/USDT:USDT,3811.78,107.0,3811.42,96.0,3811.79,1237.0,3811.91,79.0
1753769314003,06:08:34.003,kucoinfutures,ETH/USDT:USDT,3811.78,107.0,3811.42,96.0,3811.79,1237.0,3811.91,79.0
1753769314007,06:08:34.007,kucoinfutures,ETH/USDT:USDT,3811.78,107.0,3811.42,96.0,3811.79,1237.0,3811.91,79.0
1753769314024,06:08:34.024,kucoinfutures,ETH/USDT:USDT,3811.78,38.0,3811.42,96.0,3811.79,1237.0,3811.91,79.0
1753769314053,06:08:34.053,kucoinfutures,ETH/USDT:USDT,3811.78,38.0,3811.42,96.0,3811.79,1237.0,3811.91,79.0
1753769314054,06:08:34.054,kucoinfutures,ETH/USDT:USDT,3811.78,38.0,3811.42,96.0,3811.79,1237.0,3811.91,79.0
1753769314060,06:08:34.060,kucoinfutures,ETH/USDT:USDT,3811.78,38.0,3811.42,96.0,3811.79,1237.0,3811.91,79.0
1753769314248,06:08:34.248,kucoinfutures,ETH/USDT:USDT,3811.78,38.0,3811.42,96.0,3811.79,1237.0,3811.91,79.0
1753769314356,06:08:34.356,kucoinfutures,ETH/USDT:USDT,3811.78,38.0,3811.42,96.0,3811.79,1237.0,3811.91,79.0
1753769314361,06:08:34.361,kucoinfutures,ETH/USDT:USDT,3811.78,38.0,3811.42,96.0,3811.79,1237.0,3811.91,79.0
1753769314366,06:08:34.366,kucoinfutures,ETH/USDT:USDT,3811.78,38.0,3811.42,96.0,3811.79,1237.0,3811.91,79.0
1753769314456,06:08:34.456,kucoinfutures,ETH/USDT:USDT,3811.78,38.0,3811.42,96.0,3811.79,1237.0,3811.97,161.0
1753769314522,06:08:34.522,kucoinfutures,ETH/USDT:USDT,3811.78,38.0,3811.42,96.0,3811.79,1250.0,3811.97,161.0
1753769314526,06:08:34.526,kucoinfutures,ETH/USDT:USDT,3811.78,38.0,3811.42,96.0,3811.79,1250.0,3811.97,161.0
1753769314616,06:08:34.616,kucoinfutures,ETH/USDT:USDT,3811.78,107.0,3811.42,96.0,3811.79,1250.0,3811.97,161.0
1753769314622,06:08:34.622,kucoinfutures,ETH/USDT:USDT,3811.78,107.0,3811.42,96.0,3811.79,1250.0,3811.97,161.0
1753769314691,06:08:34.691,kucoinfutures,ETH/USDT:USDT,3811.78,107.0,3811.42,96.0,3811.79,1250.0,3811.97,161.0
1753769314730,06:08:34.730,kucoinfutures,ETH/USDT:USDT,3811.78,107.0,3811.42,96.0,3811.79,1250.0,3811.97,161.0
1753769314730,06:08:34.730,kucoinfutures,ETH/USDT:USDT,3811.78,107.0,3811.42,96.0,3811.79,1250.0,3811.97,161.0
1753769314733,06:08:34.733,kucoinfutures,ETH/USDT:USDT,3811.78,107.0,3811.42,96.0,3811.79,1250.0,3811.97,161.0
1753769314734,06:08:34.734,kucoinfutures,ETH/USDT:USDT,3811.78,107.0,3811.42,96.0,3811.79,1250.0,3811.97,161.0
1753769314738,06:08:34.738,kucoinfutures,ETH/USDT:USDT,3811.78,107.0,3811.42,96.0,3811.79,1250.0,3811.97,161.0
1753769314755,06:08:34.755,kucoinfutures,ETH/USDT:USDT,3811.78,107.0,3811.42,96.0,3811.79,1250.0,3811.97,161.0
1753769314757,06:08:34.757,kucoinfutures,ETH/USDT:USDT,3811.78,107.0,3811.42,96.0,3811.79,1250.0,3811.97,161.0
1753769314808,06:08:34.808,kucoinfutures,ETH/USDT:USDT,3811.78,107.0,3811.42,96.0,3811.79,1250.0,3811.97,161.0
1753769314861,06:08:34.861,kucoinfutures,ETH/USDT:USDT,3811.78,107.0,3811.42,96.0,3811.79,1250.0,3811.97,161.0
1753769315001,06:08:35.001,kucoinfutures,ETH/USDT:USDT,3811.78,107.0,3811.42,96.0,3811.79,1250.0,3811.97,161.0
1753769315319,06:08:35.319,kucoinfutures,ETH/USDT:USDT,3811.78,107.0,3811.42,96.0,3811.79,1250.0,3811.97,161.0
1753769315356,06:08:35.356,kucoinfutures,ETH/USDT:USDT,3811.78,107.0,3811.42,96.0,3811.79,1250.0,3811.97,161.0
1753769315430,06:08:35.430,kucoinfutures,ETH/USDT:USDT,3811.78,107.0,3811.42,96.0,3811.79,1250.0,3811.97,161.0
1753769315433,06:08:35.433,kucoinfutures,ETH/USDT:USDT,3811.78,107.0,3811.42,96.0,3811.79,1250.0,3811.97,161.0
1753769315435,06:08:35.435,kucoinfutures,ETH/USDT:USDT,3811.78,107.0,3811.42,96.0,3811.79,1250.0,3811.97,161.0
1753769315501,06:08:35.501,kucoinfutures,ETH/USDT:USDT,3811.78,107.0,3811.42,96.0,3811.79,1250.0,3811.97,161.0
1753769315504,06:08:35.504,kucoinfutures,ETH/USDT:USDT,3811.78,107.0,3811.42,96.0,3811.79,1250.0,3811.97,161.0
1753769315505,06:08:35.505,kucoinfutures,ETH/USDT:USDT,3811.78,107.0,3811.42,96.0,3811.79,1263.0,3811.97,290.0
1753769315508,06:08:35.508,kucoinfutures,ETH/USDT:USDT,3811.78,120.0,3811.42,96.0,3811.79,1263.0,3811.97,290.0
1753769315513,06:08:35.513,kucoinfutures,ETH/USDT:USDT,3811.78,120.0,3811.42,96.0,3811.79,1263.0,3811.97,161.0
1753769315513,06:08:35.513,kucoinfutures,ETH/USDT:USDT,3811.78,120.0,3811.42,96.0,3811.79,1263.0,3811.97,161.0
1753769315517,06:08:35.517,kucoinfutures,ETH/USDT:USDT,3811.78,120.0,3811.42,96.0,3811.79,1263.0,3811.97,161.0
1753769315551,06:08:35.551,kucoinfutures,ETH/USDT:USDT,3811.78,120.0,3811.42,96.0,3811.79,1263.0,3811.97,161.0
1753769315551,06:08:35.551,kucoinfutures,ETH/USDT:USDT,3811.78,120.0,3811.42,96.0,3811.79,1263.0,3811.97,161.0
1753769315556,06:08:35.556,kucoinfutures,ETH/USDT:USDT,3811.78,120.0,3811.42,96.0,3811.79,1217.0,3811.97,161.0
1753769315557,06:08:35.557,kucoinfutures,ETH/USDT:USDT,3811.78,120.0,3811.42,96.0,3811.79,1217.0,3811.97,161.0
1753769315664,06:08:35.664,kucoinfutures,ETH/USDT:USDT,3811.78,120.0,3811.42,96.0,3811.79,1217.0,3811.97,161.0
1753769315689,06:08:35.689,kucoinfutures,ETH/USDT:USDT,3811.78,120.0,3811.42,96.0,3811.79,1217.0,3811.97,161.0
1753769315689,06:08:35.689,kucoinfutures,ETH/USDT:USDT,3811.78,120.0,3811.42,96.0,3811.79,1217.0,3811.97,161.0
1753769315814,06:08:35.814,kucoinfutures,ETH/USDT:USDT,3811.78,120.0,3811.42,96.0,3811.79,1263.0,3811.97,161.0
1753769315815,06:08:35.815,kucoinfutures,ETH/USDT:USDT,3811.78,120.0,3811.42,96.0,3811.79,1263.0,3811.97,161.0
1753769315828,06:08:35.828,kucoinfutures,ETH/USDT:USDT,3811.78,120.0,3811.42,96.0,3811.79,1263.0,3811.97,161.0
1753769315843,06:08:35.843,kucoinfutures,ETH/USDT:USDT,3811.78,120.0,3811.42,96.0,3811.79,1263.0,3811.97,161.0
1753769315864,06:08:35.864,kucoinfutures,ETH/USDT:USDT,3811.78,118.0,3811.42,96.0,3811.79,1263.0,3811.97,161.0
1753769315876,06:08:35.876,kucoinfutures,ETH/USDT:USDT,3811.78,49.0,3811.42,96.0,3811.79,1263.0,3811.97,161.0
1753769315879,06:08:35.879,kucoinfutures,ETH/USDT:USDT,3811.78,49.0,3811.42,96.0,3811.79,1557.0,3811.97,161.0
1753769315882,06:08:35.882,kucoinfutures,ETH/USDT:USDT,3811.78,49.0,3811.42,96.0,3811.79,1557.0,3811.97,161.0
1753769315885,06:08:35.885,kucoinfutures,ETH/USDT:USDT,3811.78,49.0,3811.42,96.0,3811.79,1557.0,3811.97,161.0
1753769315894,06:08:35.894,kucoinfutures,ETH/USDT:USDT,3811.78,49.0,3811.42,96.0,3811.79,1557.0,3811.97,161.0
1753769315897,06:08:35.897,kucoinfutures,ETH/USDT:USDT,3811.78,49.0,3811.42,96.0,3811.79,1557.0,3811.97,161.0
1753769315902,06:08:35.902,kucoinfutures,ETH/USDT:USDT,3811.78,49.0,3811.42,96.0,3811.79,1557.0,3811.97,161.0
1753769315926,06:08:35.926,kucoinfutures,ETH/USDT:USDT,3811.78,49.0,3811.42,96.0,3811.79,1557.0,3811.97,161.0
1753769315930,06:08:35.930,kucoinfutures,ETH/USDT:USDT,3811.78,49.0,3811.42,96.0,3811.79,1557.0,3811.97,161.0
1753769315933,06:08:35.933,kucoinfutures,ETH/USDT:USDT,3811.78,49.0,3811.42,96.0,3811.79,1557.0,3811.97,161.0
1753769315935,06:08:35.935,kucoinfutures,ETH/USDT:USDT,3811.78,49.0,3811.42,96.0,3811.79,1557.0,3811.97,161.0
1753769315937,06:08:35.937,kucoinfutures,ETH/USDT:USDT,3811.78,49.0,3811.42,96.0,3811.79,1557.0,3811.97,161.0
1753769315960,06:08:35.960,kucoinfutures,ETH/USDT:USDT,3811.78,49.0,3811.42,96.0,3811.79,1557.0,3811.97,161.0
1753769315969,06:08:35.969,kucoinfutures,ETH/USDT:USDT,3811.78,49.0,3811.42,96.0,3811.79,1557.0,3811.97,161.0
1753769315969,06:08:35.969,kucoinfutures,ETH/USDT:USDT,3811.78,49.0,3811.42,96.0,3811.79,1557.0,3811.97,161.0
1753769315969,06:08:35.969,kucoinfutures,ETH/USDT:USDT,3811.78,49.0,3811.42,96.0,3811.79,1557.0,3811.97,161.0
1753769315973,06:08:35.973,kucoinfutures,ETH/USDT:USDT,3811.78,49.0,3811.42,96.0,3811.79,1557.0,3811.97,161.0
1753769315977,06:08:35.977,kucoinfutures,ETH/USDT:USDT,3811.78,49.0,3811.42,96.0,3811.79,1557.0,3811.97,161.0
1753769315982,06:08:35.982,kucoinfutures,ETH/USDT:USDT,3811.78,49.0,3811.42,96.0,3811.79,1557.0,3811.97,161.0
1753769315985,06:08:35.985,kucoinfutures,ETH/USDT:USDT,3811.78,49.0,3811.42,96.0,3811.79,1557.0,3811.97,161.0
1753769315990,06:08:35.990,kucoinfutures,ETH/USDT:USDT,3811.78,49.0,3811.42,96.0,3811.79,1557.0,3811.97,161.0
1753769315998,06:08:35.998,kucoinfutures,ETH/USDT:USDT,3811.78,49.0,3811.42,96.0,3811.79,1557.0,3811.97,161.0
1753769316002,06:08:36.002,kucoinfutures,ETH/USDT:USDT,3811.78,49.0,3811.42,96.0,3811.79,1557.0,3811.97,161.0
1753769316003,06:08:36.003,kucoinfutures,ETH/USDT:USDT,3811.78,49.0,3811.42,96.0,3811.79,1557.0,3811.97,161.0
1753769316015,06:08:36.015,kucoinfutures,ETH/USDT:USDT,3811.78,51.0,3811.42,96.0,3811.79,1557.0,3811.94,262.0
1753769316027,06:08:36.027,kucoinfutures,ETH/USDT:USDT,3811.78,51.0,3811.42,96.0,3811.79,1557.0,3811.96,262.0
1753769316028,06:08:36.028,kucoinfutures,ETH/USDT:USDT,3811.78,120.0,3811.42,96.0,3811.79,1557.0,3811.95,79.0
1753769316030,06:08:36.030,kucoinfutures,ETH/USDT:USDT,3811.78,120.0,3811.42,96.0,3811.79,1557.0,3811.95,341.0
1753769316032,06:08:36.032,kucoinfutures,ETH/USDT:USDT,3811.78,120.0,3811.42,96.0,3811.79,1557.0,3811.94,157.0
1753769316034,06:08:36.034,kucoinfutures,ETH/USDT:USDT,3811.78,120.0,3811.42,96.0,3811.79,1557.0,3811.94,79.0
1753769316039,06:08:36.039,kucoinfutures,ETH/USDT:USDT,3811.78,120.0,3811.42,96.0,3811.79,1557.0,3811.93,341.0
1753769316041,06:08:36.041,kucoinfutures,ETH/USDT:USDT,3811.78,120.0,3811.42,96.0,3811.79,1557.0,3811.93,79.0
1753769316044,06:08:36.044,kucoinfutures,ETH/USDT:USDT,3811.78,120.0,3811.42,96.0,3811.79,1557.0,3811.92,236.0
1753769316044,06:08:36.044,kucoinfutures,ETH/USDT:USDT,3811.78,120.0,3811.42,96.0,3811.79,1557.0,3811.92,157.0
1753769316057,06:08:36.057,kucoinfutures,ETH/USDT:USDT,3811.78,120.0,3811.42,96.0,3811.79,1557.0,3811.93,79.0
1753769316059,06:08:36.059,kucoinfutures,ETH/USDT:USDT,3811.78,120.0,3811.42,96.0,3811.79,1557.0,3811.93,79.0
1753769316064,06:08:36.064,kucoinfutures,ETH/USDT:USDT,3811.78,120.0,3811.42,96.0,3811.79,1557.0,3811.93,79.0
1753769316068,06:08:36.068,kucoinfutures,ETH/USDT:USDT,3811.78,120.0,3811.42,96.0,3811.79,1557.0,3811.95,79.0
1753769316073,06:08:36.073,kucoinfutures,ETH/USDT:USDT,3811.78,120.0,3811.42,96.0,3811.79,1557.0,3811.94,262.0
1753769316076,06:08:36.076,kucoinfutures,ETH/USDT:USDT,3811.78,120.0,3811.42,96.0,3811.79,1557.0,3811.93,79.0
1753769316082,06:08:36.082,kucoinfutures,ETH/USDT:USDT,3811.78,120.0,3811.42,96.0,3811.79,1557.0,3811.93,79.0
1753769316082,06:08:36.082,kucoinfutures,ETH/USDT:USDT,3811.78,120.0,3811.42,96.0,3811.79,1557.0,3811.93,79.0
1753769316086,06:08:36.086,kucoinfutures,ETH/USDT:USDT,3811.78,120.0,3811.42,96.0,3811.79,1557.0,3811.95,79.0
1753769316094,06:08:36.094,kucoinfutures,ETH/USDT:USDT,3811.78,120.0,3811.42,96.0,3811.79,1557.0,3811.94,262.0
1753769316095,06:08:36.095,kucoinfutures,ETH/USDT:USDT,3811.78,120.0,3811.42,96.0,3811.79,1557.0,3811.93,79.0
1753769316100,06:08:36.100,kucoinfutures,ETH/USDT:USDT,3811.78,120.0,3811.42,96.0,3811.79,1557.0,3811.93,79.0
1753769316104,06:08:36.104,kucoinfutures,ETH/USDT:USDT,3811.78,120.0,3811.42,96.0,3811.79,1557.0,3811.95,79.0
1753769316124,06:08:36.124,kucoinfutures,ETH/USDT:USDT,3811.78,120.0,3811.42,96.0,3811.79,1557.0,3811.95,79.0
1753769316124,06:08:36.124,kucoinfutures,ETH/USDT:USDT,3811.78,120.0,3811.42,96.0,3811.79,1557.0,3811.95,79.0
1753769316244,06:08:36.244,kucoinfutures,ETH/USDT:USDT,3811.78,120.0,3811.42,96.0,3811.79,1557.0,3811.95,79.0
1753769316247,06:08:36.247,kucoinfutures,ETH/USDT:USDT,3811.78,51.0,3811.42,96.0,3811.79,1557.0,3811.95,79.0
1753769316291,06:08:36.291,kucoinfutures,ETH/USDT:USDT,3811.78,51.0,3811.42,96.0,3811.79,1557.0,3811.95,79.0
1753769316301,06:08:36.301,kucoinfutures,ETH/USDT:USDT,3811.78,51.0,3811.42,96.0,3811.79,1557.0,3811.95,79.0
1753769316336,06:08:36.336,kucoinfutures,ETH/USDT:USDT,3811.78,51.0,3811.42,96.0,3811.79,1557.0,3811.95,79.0
1753769316356,06:08:36.356,kucoinfutures,ETH/USDT:USDT,3811.78,51.0,3811.42,96.0,3811.79,1557.0,3811.95,79.0
1753769316392,06:08:36.392,kucoinfutures,ETH/USDT:USDT,3811.78,51.0,3811.42,96.0,3811.79,1557.0,3811.95,79.0
1753769316395,06:08:36.395,kucoinfutures,ETH/USDT:USDT,3811.78,51.0,3811.42,96.0,3811.79,1557.0,3811.95,79.0
1753769316419,06:08:36.419,kucoinfutures,ETH/USDT:USDT,3811.78,51.0,3811.42,96.0,3811.79,1557.0,3811.95,79.0
1753769316419,06:08:36.419,kucoinfutures,ETH/USDT:USDT,3811.78,51.0,3811.42,96.0,3811.79,1557.0,3811.95,79.0
1753769316535,06:08:36.535,kucoinfutures,ETH/USDT:USDT,3811.78,51.0,3811.42,96.0,3811.79,1557.0,3811.95,79.0
1753769316539,06:08:36.539,kucoinfutures,ETH/USDT:USDT,3811.78,51.0,3811.42,96.0,3811.79,1557.0,3811.95,79.0
1753769316577,06:08:36.577,kucoinfutures,ETH/USDT:USDT,3811.78,51.0,3811.42,96.0,3811.79,1557.0,3811.95,79.0
1753769316581,06:08:36.581,kucoinfutures,ETH/USDT:USDT,3811.78,51.0,3811.42,96.0,3811.79,1557.0,3811.95,79.0
1753769316582,06:08:36.582,kucoinfutures,ETH/USDT:USDT,3811.78,51.0,3811.42,96.0,3811.79,1557.0,3811.95,79.0
1753769316582,06:08:36.582,kucoinfutures,ETH/USDT:USDT,3811.78,51.0,3811.42,96.0,3811.79,1557.0,3811.95,79.0
1753769316584,06:08:36.584,kucoinfutures,ETH/USDT:USDT,3811.78,51.0,3811.42,96.0,3811.79,1557.0,3811.95,79.0
1753769316687,06:08:36.687,kucoinfutures,ETH/USDT:USDT,3811.78,51.0,3811.42,96.0,3811.79,1557.0,3811.95,79.0
1753769316774,06:08:36.774,kucoinfutures,ETH/USDT:USDT,3811.78,51.0,3811.42,96.0,3811.79,1557.0,3811.95,79.0
1753769316781,06:08:36.781,kucoinfutures,ETH/USDT:USDT,3811.78,51.0,3811.42,96.0,3811.79,1557.0,3811.95,79.0
1753769316804,06:08:36.804,kucoinfutures,ETH/USDT:USDT,3811.78,51.0,3811.42,96.0,3811.79,1557.0,3811.95,79.0
1753769316815,06:08:36.815,kucoinfutures,ETH/USDT:USDT,3811.78,51.0,3811.42,96.0,3811.79,1557.0,3811.95,79.0
1753769316832,06:08:36.832,kucoinfutures,ETH/USDT:USDT,3811.78,51.0,3811.42,96.0,3811.79,1557.0,3811.97,161.0
1753769316832,06:08:36.832,kucoinfutures,ETH/USDT:USDT,3811.78,51.0,3811.42,96.0,3811.79,1557.0,3811.97,161.0
1753769316833,06:08:36.833,kucoinfutures,ETH/USDT:USDT,3811.78,51.0,3811.42,96.0,3811.79,1557.0,3811.97,161.0
1753769316845,06:08:36.845,kucoinfutures,ETH/USDT:USDT,3811.78,51.0,3811.42,96.0,3811.79,1557.0,3811.97,161.0
1753769316929,06:08:36.929,kucoinfutures,ETH/USDT:USDT,3811.78,51.0,3811.42,96.0,3811.79,1557.0,3811.97,161.0
1753769316936,06:08:36.936,kucoinfutures,ETH/USDT:USDT,3811.78,51.0,3811.42,96.0,3811.79,1557.0,3811.97,161.0
1753769316942,06:08:36.942,kucoinfutures,ETH/USDT:USDT,3811.78,51.0,3811.42,96.0,3811.79,1557.0,3811.97,161.0
1753769316978,06:08:36.978,kucoinfutures,ETH/USDT:USDT,3811.78,51.0,3811.42,96.0,3811.79,1557.0,3811.97,161.0
1753769316978,06:08:36.978,kucoinfutures,ETH/USDT:USDT,3811.78,51.0,3811.42,96.0,3811.79,1557.0,3811.97,161.0
1753769317033,06:08:37.033,kucoinfutures,ETH/USDT:USDT,3811.78,51.0,3811.42,96.0,3811.79,1557.0,3811.97,161.0
1753769317035,06:08:37.035,kucoinfutures,ETH/USDT:USDT,3811.78,51.0,3811.42,96.0,3811.79,1557.0,3811.97,161.0
1753769317124,06:08:37.124,kucoinfutures,ETH/USDT:USDT,3811.78,51.0,3811.42,96.0,3811.79,1557.0,3811.97,161.0
1753769317148,06:08:37.148,kucoinfutures,ETH/USDT:USDT,3811.78,51.0,3811.42,96.0,3811.79,1557.0,3811.97,161.0
1753769317186,06:08:37.186,kucoinfutures,ETH/USDT:USDT,3811.78,51.0,3811.42,96.0,3811.79,1557.0,3811.97,161.0
1753769317186,06:08:37.186,kucoinfutures,ETH/USDT:USDT,3811.78,51.0,3811.42,96.0,3811.79,1557.0,3811.97,161.0
1753769317204,06:08:37.204,kucoinfutures,ETH/USDT:USDT,3811.78,51.0,3811.42,96.0,3811.79,1557.0,3811.97,161.0
1753769317205,06:08:37.205,kucoinfutures,ETH/USDT:USDT,3811.78,51.0,3811.42,96.0,3811.79,1557.0,3811.97,161.0
1753769317256,06:08:37.256,kucoinfutures,ETH/USDT:USDT,3811.78,51.0,3811.42,96.0,3811.79,1557.0,3811.97,161.0
1753769317256,06:08:37.256,kucoinfutures,ETH/USDT:USDT,3811.78,51.0,3811.42,96.0,3811.79,1557.0,3811.97,161.0
1753769317306,06:08:37.306,kucoinfutures,ETH/USDT:USDT,3811.78,51.0,3811.42,96.0,3811.79,1557.0,3811.97,161.0
1753769317308,06:08:37.308,kucoinfutures,ETH/USDT:USDT,3811.78,51.0,3811.42,96.0,3811.79,1557.0,3811.97,161.0
1753769317330,06:08:37.330,kucoinfutures,ETH/USDT:USDT,3811.78,51.0,3811.42,96.0,3811.79,1557.0,3811.97,161.0
1753769317332,06:08:37.332,kucoinfutures,ETH/USDT:USDT,3811.78,51.0,3811.42,96.0,3811.79,1557.0,3811.97,161.0
1753769317336,06:08:37.336,kucoinfutures,ETH/USDT:USDT,3811.78,51.0,3811.42,96.0,3811.79,1557.0,3811.97,161.0
1753769317386,06:08:37.386,kucoinfutures,ETH/USDT:USDT,3811.78,51.0,3811.42,96.0,3811.79,1557.0,3811.97,161.0
1753769317674,06:08:37.674,kucoinfutures,ETH/USDT:USDT,3811.78,51.0,3811.42,96.0,3811.79,1557.0,3811.97,161.0
1753769317677,06:08:37.677,kucoinfutures,ETH/USDT:USDT,3811.78,51.0,3811.42,96.0,3811.79,1557.0,3811.97,161.0
1753769317678,06:08:37.678,kucoinfutures,ETH/USDT:USDT,3811.78,51.0,3811.42,96.0,3811.79,1557.0,3811.97,161.0
1753769317689,06:08:37.689,kucoinfutures,ETH/USDT:USDT,3811.78,51.0,3811.42,96.0,3811.79,1557.0,3811.97,161.0
1753769317692,06:08:37.692,kucoinfutures,ETH/USDT:USDT,3811.78,51.0,3811.42,96.0,3811.79,1557.0,3811.97,161.0
1753769317694,06:08:37.694,kucoinfutures,ETH/USDT:USDT,3811.78,51.0,3811.42,96.0,3811.79,1557.0,3811.97,161.0
1753769317702,06:08:37.702,kucoinfutures,ETH/USDT:USDT,3811.78,51.0,3811.42,96.0,3811.79,1557.0,3811.97,161.0
1753769317702,06:08:37.702,kucoinfutures,ETH/USDT:USDT,3811.78,51.0,3811.42,96.0,3811.79,1557.0,3811.97,161.0
1753769317705,06:08:37.705,kucoinfutures,ETH/USDT:USDT,3811.78,51.0,3811.42,96.0,3811.79,1557.0,3811.97,161.0
1753769317710,06:08:37.710,kucoinfutures,ETH/USDT:USDT,3811.78,51.0,3811.42,96.0,3811.79,1557.0,3811.97,161.0
1753769317716,06:08:37.716,kucoinfutures,ETH/USDT:USDT,3811.78,51.0,3811.42,96.0,3811.79,1557.0,3811.97,161.0
1753769317810,06:08:37.810,kucoinfutures,ETH/USDT:USDT,3811.78,51.0,3811.42,96.0,3811.79,1557.0,3811.97,161.0
1753769317810,06:08:37.810,kucoinfutures,ETH/USDT:USDT,3811.78,51.0,3811.42,96.0,3811.79,1557.0,3811.97,161.0
1753769317830,06:08:37.830,kucoinfutures,ETH/USDT:USDT,3811.78,49.0,3811.42,96.0,3811.79,1557.0,3811.97,161.0
1753769317833,06:08:37.833,kucoinfutures,ETH/USDT:USDT,3811.78,49.0,3811.42,96.0,3811.79,1557.0,3811.97,161.0
1753769317834,06:08:37.834,kucoinfutures,ETH/USDT:USDT,3811.78,49.0,3811.42,96.0,3811.79,1557.0,3811.97,161.0
1753769317836,06:08:37.836,kucoinfutures,ETH/USDT:USDT,3811.78,49.0,3811.42,96.0,3811.79,1557.0,3811.97,161.0
1753769317870,06:08:37.870,kucoinfutures,ETH/USDT:USDT,3811.78,49.0,3811.42,96.0,3811.79,1557.0,3811.97,161.0
1753769317871,06:08:37.871,kucoinfutures,ETH/USDT:USDT,3811.78,49.0,3811.42,96.0,3811.79,1557.0,3811.97,161.0
1753769317874,06:08:37.874,kucoinfutures,ETH/USDT:USDT,3811.78,49.0,3811.42,96.0,3811.79,1557.0,3811.97,292.0
1753769317876,06:08:37.876,kucoinfutures,ETH/USDT:USDT,3811.78,49.0,3811.42,96.0,3811.79,1557.0,3811.97,161.0
1753769317922,06:08:37.922,kucoinfutures,ETH/USDT:USDT,3811.78,49.0,3811.42,96.0,3811.79,1557.0,3811.97,161.0
1753769317926,06:08:37.926,kucoinfutures,ETH/USDT:USDT,3811.78,51.0,3811.42,96.0,3811.79,1557.0,3811.97,161.0
1753769317930,06:08:37.930,kucoinfutures,ETH/USDT:USDT,3811.78,120.0,3811.42,96.0,3811.79,1557.0,3811.97,161.0
1753769317940,06:08:37.940,kucoinfutures,ETH/USDT:USDT,3811.78,120.0,3811.42,96.0,3811.79,1557.0,3811.97,161.0
1753769317981,06:08:37.981,kucoinfutures,ETH/USDT:USDT,3811.78,120.0,3811.42,96.0,3811.79,1557.0,3811.97,161.0
1753769318004,06:08:38.004,kucoinfutures,ETH/USDT:USDT,3811.78,120.0,3811.42,96.0,3811.79,1557.0,3811.97,161.0
1753769318072,06:08:38.072,kucoinfutures,ETH/USDT:USDT,3811.78,120.0,3811.42,96.0,3811.79,1557.0,3811.97,161.0
1753769318078,06:08:38.078,kucoinfutures,ETH/USDT:USDT,3811.78,120.0,3811.42,96.0,3811.79,1557.0,3811.97,161.0
1753769318085,06:08:38.085,kucoinfutures,ETH/USDT:USDT,3811.78,120.0,3811.42,96.0,3811.79,1557.0,3811.97,161.0
1753769318100,06:08:38.100,kucoinfutures,ETH/USDT:USDT,3811.78,120.0,3811.42,96.0,3811.79,1557.0,3811.97,161.0
1753769318102,06:08:38.102,kucoinfutures,ETH/USDT:USDT,3811.78,120.0,3811.42,96.0,3811.79,1557.0,3811.97,161.0
1753769318220,06:08:38.220,kucoinfutures,ETH/USDT:USDT,3811.78,120.0,3811.42,96.0,3811.79,1557.0,3811.97,161.0
1753769318220,06:08:38.220,kucoinfutures,ETH/USDT:USDT,3811.78,120.0,3811.42,96.0,3811.79,1557.0,3811.97,161.0
1753769318221,06:08:38.221,kucoinfutures,ETH/USDT:USDT,3811.78,120.0,3811.42,96.0,3811.79,1557.0,3811.97,161.0
1753769318370,06:08:38.370,kucoinfutures,ETH/USDT:USDT,3811.78,120.0,3811.42,96.0,3811.79,1557.0,3811.97,161.0
1753769318456,06:08:38.456,kucoinfutures,ETH/USDT:USDT,3811.78,120.0,3811.42,96.0,3811.79,1557.0,3811.97,161.0
1753769318457,06:08:38.457,kucoinfutures,ETH/USDT:USDT,3811.78,120.0,3811.42,96.0,3811.79,1557.0,3811.97,161.0
1753769318460,06:08:38.460,kucoinfutures,ETH/USDT:USDT,3811.78,120.0,3811.42,96.0,3811.79,1557.0,3811.97,161.0
1753769318460,06:08:38.460,kucoinfutures,ETH/USDT:USDT,3811.78,120.0,3811.42,96.0,3811.79,1557.0,3811.97,161.0
1753769318461,06:08:38.461,kucoinfutures,ETH/USDT:USDT,3811.78,120.0,3811.42,96.0,3811.79,1557.0,3811.97,161.0
1753769318461,06:08:38.461,kucoinfutures,ETH/USDT:USDT,3811.78,120.0,3811.42,96.0,3811.79,1557.0,3811.97,161.0
1753769318464,06:08:38.464,kucoinfutures,ETH/USDT:USDT,3811.78,120.0,3811.42,96.0,3811.79,1557.0,3811.97,161.0
1753769318465,06:08:38.465,kucoinfutures,ETH/USDT:USDT,3811.78,120.0,3811.42,96.0,3811.79,1557.0,3811.97,161.0
1753769318466,06:08:38.466,kucoinfutures,ETH/USDT:USDT,3811.78,120.0,3811.42,96.0,3811.79,1557.0,3811.97,161.0
1753769318720,06:08:38.720,kucoinfutures,ETH/USDT:USDT,3811.78,120.0,3811.42,96.0,3811.79,1557.0,3811.97,161.0
1753769318723,06:08:38.723,kucoinfutures,ETH/USDT:USDT,3811.78,120.0,3811.42,96.0,3811.79,1557.0,3811.97,161.0
1753769318724,06:08:38.724,kucoinfutures,ETH/USDT:USDT,3811.78,120.0,3811.42,96.0,3811.79,1557.0,3811.97,161.0
1753769318728,06:08:38.728,kucoinfutures,ETH/USDT:USDT,3811.78,120.0,3811.42,96.0,3811.79,1557.0,3811.97,161.0
1753769318730,06:08:38.730,kucoinfutures,ETH/USDT:USDT,3811.78,120.0,3811.42,96.0,3811.79,1557.0,3811.97,161.0
1753769318825,06:08:38.825,kucoinfutures,ETH/USDT:USDT,3811.78,120.0,3811.42,96.0,3811.79,1557.0,3811.97,161.0
1753769318825,06:08:38.825,kucoinfutures,ETH/USDT:USDT,3811.78,120.0,3811.42,96.0,3811.79,1557.0,3811.97,161.0
1753769318825,06:08:38.825,kucoinfutures,ETH/USDT:USDT,3811.78,120.0,3811.42,96.0,3811.79,1557.0,3811.97,161.0
1753769318826,06:08:38.826,kucoinfutures,ETH/USDT:USDT,3811.78,120.0,3811.42,96.0,3811.79,1557.0,3811.97,161.0
1753769318826,06:08:38.826,kucoinfutures,ETH/USDT:USDT,3811.78,120.0,3811.42,96.0,3811.79,1557.0,3811.97,161.0
1753769318828,06:08:38.828,kucoinfutures,ETH/USDT:USDT,3811.78,120.0,3811.42,96.0,3811.79,1557.0,3811.97,161.0
1753769318830,06:08:38.830,kucoinfutures,ETH/USDT:USDT,3811.78,120.0,3811.42,96.0,3811.79,1557.0,3811.97,161.0
1753769318841,06:08:38.841,kucoinfutures,ETH/USDT:USDT,3811.78,120.0,3811.42,96.0,3811.79,1557.0,3811.97,161.0
1753769318843,06:08:38.843,kucoinfutures,ETH/USDT:USDT,3811.78,120.0,3811.42,96.0,3811.79,1557.0,3811.97,161.0
1753769318890,06:08:38.890,kucoinfutures,ETH/USDT:USDT,3811.78,120.0,3811.42,96.0,3811.79,1557.0,3811.97,161.0
1753769318909,06:08:38.909,kucoinfutures,ETH/USDT:USDT,3811.78,120.0,3811.42,96.0,3811.79,1557.0,3811.97,161.0
1753769319039,06:08:39.039,kucoinfutures,ETH/USDT:USDT,3811.78,120.0,3811.42,96.0,3811.79,1557.0,3811.97,161.0
1753769319144,06:08:39.144,kucoinfutures,ETH/USDT:USDT,3811.78,120.0,3811.42,96.0,3811.79,1557.0,3811.97,161.0
1753769319154,06:08:39.154,kucoinfutures,ETH/USDT:USDT,3811.78,120.0,3811.42,96.0,3811.79,1557.0,3811.97,161.0
1753769319357,06:08:39.357,kucoinfutures,ETH/USDT:USDT,3811.78,120.0,3811.42,96.0,3811.79,1557.0,3811.97,161.0
1753769319362,06:08:39.362,kucoinfutures,ETH/USDT:USDT,3811.78,120.0,3811.42,96.0,3811.79,1557.0,3811.97,161.0
1753769319366,06:08:39.366,kucoinfutures,ETH/USDT:USDT,3811.78,120.0,3811.42,96.0,3811.79,1557.0,3811.97,161.0
1753769319455,06:08:39.455,kucoinfutures,ETH/USDT:USDT,3811.78,120.0,3811.42,96.0,3811.79,1557.0,3811.97,161.0
1753769319456,06:08:39.456,kucoinfutures,ETH/USDT:USDT,3811.78,120.0,3811.42,96.0,3811.79,1557.0,3811.97,161.0
1753769319457,06:08:39.457,kucoinfutures,ETH/USDT:USDT,3811.78,120.0,3811.42,96.0,3811.79,1557.0,3811.97,161.0
1753769319457,06:08:39.457,kucoinfutures,ETH/USDT:USDT,3811.78,120.0,3811.42,96.0,3811.79,1557.0,3811.97,161.0
1753769319476,06:08:39.476,kucoinfutures,ETH/USDT:USDT,3811.78,49.0,3811.42,96.0,3811.79,1557.0,3811.97,161.0
1753769319647,06:08:39.647,kucoinfutures,ETH/USDT:USDT,3811.78,49.0,3811.42,96.0,3811.79,1557.0,3811.97,161.0
1753769319653,06:08:39.653,kucoinfutures,ETH/USDT:USDT,3811.78,49.0,3811.42,96.0,3811.79,1557.0,3811.97,161.0
1753769319729,06:08:39.729,kucoinfutures,ETH/USDT:USDT,3811.78,49.0,3811.42,96.0,3811.79,1557.0,3811.97,161.0
1753769319734,06:08:39.734,kucoinfutures,ETH/USDT:USDT,3811.78,49.0,3811.42,96.0,3811.79,1557.0,3811.97,161.0
1753769319967,06:08:39.967,kucoinfutures,ETH/USDT:USDT,3811.78,49.0,3811.42,96.0,3811.79,1557.0,3811.97,161.0
1753769320002,06:08:40.002,kucoinfutures,ETH/USDT:USDT,3811.78,49.0,3811.42,96.0,3811.79,1557.0,3811.97,161.0
1753769320056,06:08:40.056,kucoinfutures,ETH/USDT:USDT,3811.78,49.0,3811.42,96.0,3811.79,1557.0,3811.97,161.0
1753769320056,06:08:40.056,kucoinfutures,ETH/USDT:USDT,3811.78,49.0,3811.42,96.0,3811.79,1557.0,3811.97,161.0
1753769320356,06:08:40.356,kucoinfutures,ETH/USDT:USDT,3811.78,49.0,3811.42,96.0,3811.79,1557.0,3811.97,161.0
1753769320356,06:08:40.356,kucoinfutures,ETH/USDT:USDT,3811.78,49.0,3811.42,96.0,3811.79,1557.0,3811.97,161.0
1753769320369,06:08:40.369,kucoinfutures,ETH/USDT:USDT,3811.78,49.0,3811.42,96.0,3811.79,1557.0,3811.97,161.0
1753769320456,06:08:40.456,kucoinfutures,ETH/USDT:USDT,3811.78,49.0,3811.42,96.0,3811.79,1557.0,3811.97,161.0
1753769320501,06:08:40.501,kucoinfutures,ETH/USDT:USDT,3811.78,49.0,3811.42,96.0,3811.79,1557.0,3811.97,161.0
1753769320505,06:08:40.505,kucoinfutures,ETH/USDT:USDT,3811.78,49.0,3811.42,96.0,3811.79,1557.0,3811.97,161.0
1753769320603,06:08:40.603,kucoinfutures,ETH/USDT:USDT,3811.78,49.0,3811.42,96.0,3811.79,1557.0,3811.97,161.0
1753769320607,06:08:40.607,kucoinfutures,ETH/USDT:USDT,3811.78,49.0,3811.42,96.0,3811.79,1557.0,3811.97,161.0
1753769320693,06:08:40.693,kucoinfutures,ETH/USDT:USDT,3811.78,49.0,3811.42,96.0,3811.79,1557.0,3811.97,161.0
1753769320695,06:08:40.695,kucoinfutures,ETH/USDT:USDT,3811.78,49.0,3811.42,96.0,3811.79,1557.0,3811.97,161.0
1753769320696,06:08:40.696,kucoinfutures,ETH/USDT:USDT,3811.78,49.0,3811.42,96.0,3811.79,1557.0,3811.97,161.0
1753769320704,06:08:40.704,kucoinfutures,ETH/USDT:USDT,3811.78,49.0,3811.42,96.0,3811.79,1557.0,3811.97,161.0
1753769320706,06:08:40.706,kucoinfutures,ETH/USDT:USDT,3811.78,49.0,3811.42,96.0,3811.79,1557.0,3811.97,161.0
1753769320731,06:08:40.731,kucoinfutures,ETH/USDT:USDT,3811.78,49.0,3811.42,96.0,3811.79,1557.0,3811.97,161.0
1753769320735,06:08:40.735,kucoinfutures,ETH/USDT:USDT,3811.78,49.0,3811.42,96.0,3811.79,1557.0,3811.97,161.0
1753769320735,06:08:40.735,kucoinfutures,ETH/USDT:USDT,3811.78,49.0,3811.42,96.0,3811.79,1557.0,3811.97,161.0
1753769320758,06:08:40.758,kucoinfutures,ETH/USDT:USDT,3811.78,49.0,3811.42,96.0,3811.79,1557.0,3811.97,292.0
1753769320762,06:08:40.762,kucoinfutures,ETH/USDT:USDT,3811.78,49.0,3811.42,96.0,3811.79,1557.0,3811.97,292.0
1753769320788,06:08:40.788,kucoinfutures,ETH/USDT:USDT,3811.78,49.0,3811.42,96.0,3811.79,1557.0,3811.97,292.0
1753769320792,06:08:40.792,kucoinfutures,ETH/USDT:USDT,3811.78,49.0,3811.42,96.0,3811.79,1557.0,3811.97,292.0
1753769320806,06:08:40.806,kucoinfutures,ETH/USDT:USDT,3811.78,49.0,3811.42,96.0,3811.79,1557.0,3811.97,292.0
1753769320808,06:08:40.808,kucoinfutures,ETH/USDT:USDT,3811.78,49.0,3811.42,96.0,3811.79,1557.0,3811.97,292.0
1753769320812,06:08:40.812,kucoinfutures,ETH/USDT:USDT,3811.78,49.0,3811.42,96.0,3811.79,1557.0,3811.97,292.0
1753769320828,06:08:40.828,kucoinfutures,ETH/USDT:USDT,3811.78,49.0,3811.42,96.0,3811.79,1557.0,3811.97,292.0
1753769320841,06:08:40.841,kucoinfutures,ETH/USDT:USDT,3811.78,49.0,3811.42,96.0,3811.79,1557.0,3811.97,292.0
1753769320854,06:08:40.854,kucoinfutures,ETH/USDT:USDT,3811.78,49.0,3811.42,96.0,3811.79,1557.0,3811.96,262.0
1753769320854,06:08:40.854,kucoinfutures,ETH/USDT:USDT,3811.78,49.0,3811.42,96.0,3811.79,1557.0,3811.96,262.0
1753769320902,06:08:40.902,kucoinfutures,ETH/USDT:USDT,3811.78,49.0,3811.42,96.0,3811.79,1557.0,3811.95,79.0
1753769320907,06:08:40.907,kucoinfutures,ETH/USDT:USDT,3811.78,49.0,3811.42,96.0,3811.79,1557.0,3811.95,79.0
1753769320907,06:08:40.907,kucoinfutures,ETH/USDT:USDT,3811.78,49.0,3811.42,96.0,3811.79,1557.0,3811.95,79.0
1753769320909,06:08:40.909,kucoinfutures,ETH/USDT:USDT,3811.78,49.0,3811.42,96.0,3811.79,1557.0,3811.95,79.0
1753769320999,06:08:40.999,kucoinfutures,ETH/USDT:USDT,3811.78,49.0,3811.42,96.0,3811.79,1557.0,3811.97,161.0
1753769321004,06:08:41.004,kucoinfutures,ETH/USDT:USDT,3811.78,49.0,3811.42,96.0,3811.79,1557.0,3811.97,161.0
1753769321009,06:08:41.009,kucoinfutures,ETH/USDT:USDT,3811.78,49.0,3811.42,96.0,3811.79,1557.0,3811.97,161.0
1753769321009,06:08:41.009,kucoinfutures,ETH/USDT:USDT,3811.78,49.0,3811.42,96.0,3811.79,1557.0,3811.97,161.0
1753769321155,06:08:41.155,kucoinfutures,ETH/USDT:USDT,3811.78,49.0,3811.42,96.0,3811.79,1557.0,3811.97,161.0
1753769321160,06:08:41.160,kucoinfutures,ETH/USDT:USDT,3811.78,49.0,3811.42,96.0,3811.79,1557.0,3811.97,161.0
1753769321171,06:08:41.171,kucoinfutures,ETH/USDT:USDT,3811.78,49.0,3811.42,96.0,3811.79,1557.0,3811.97,161.0
1753769321172,06:08:41.172,kucoinfutures,ETH/USDT:USDT,3811.78,49.0,3811.42,96.0,3811.79,1557.0,3811.97,161.0
1753769321175,06:08:41.175,kucoinfutures,ETH/USDT:USDT,3811.78,51.0,3811.42,96.0,3811.79,1557.0,3811.97,161.0
1753769321179,06:08:41.179,kucoinfutures,ETH/USDT:USDT,3811.78,120.0,3811.42,96.0,3811.79,1557.0,3811.97,161.0
1753769321181,06:08:41.181,kucoinfutures,ETH/USDT:USDT,3811.78,120.0,3811.42,96.0,3811.79,1557.0,3811.97,161.0
1753769321181,06:08:41.181,kucoinfutures,ETH/USDT:USDT,3811.78,120.0,3811.42,96.0,3811.79,1557.0,3811.97,161.0
1753769321207,06:08:41.207,kucoinfutures,ETH/USDT:USDT,3811.78,120.0,3811.42,96.0,3811.79,1557.0,3811.97,161.0
1753769321261,06:08:41.261,kucoinfutures,ETH/USDT:USDT,3811.78,120.0,3811.42,96.0,3811.79,1557.0,3811.97,161.0
1753769321263,06:08:41.263,kucoinfutures,ETH/USDT:USDT,3811.78,120.0,3811.42,96.0,3811.79,1557.0,3811.97,161.0
1753769321378,06:08:41.378,kucoinfutures,ETH/USDT:USDT,3811.78,120.0,3811.42,96.0,3811.79,1557.0,3811.97,161.0
1753769321384,06:08:41.384,kucoinfutures,ETH/USDT:USDT,3811.78,120.0,3811.42,96.0,3811.79,1557.0,3811.97,161.0
1753769321389,06:08:41.389,kucoinfutures,ETH/USDT:USDT,3811.78,120.0,3811.42,96.0,3811.79,1557.0,3811.97,161.0
1753769321389,06:08:41.389,kucoinfutures,ETH/USDT:USDT,3811.78,120.0,3811.42,96.0,3811.79,1557.0,3811.97,161.0
1753769321460,06:08:41.460,kucoinfutures,ETH/USDT:USDT,3811.78,51.0,3811.42,96.0,3811.79,1557.0,3811.97,161.0
1753769321494,06:08:41.494,kucoinfutures,ETH/USDT:USDT,3811.78,51.0,3811.42,96.0,3811.79,1557.0,3811.97,161.0
1753769321522,06:08:41.522,kucoinfutures,ETH/USDT:USDT,3811.78,51.0,3811.42,96.0,3811.79,1557.0,3811.97,161.0
1753769321805,06:08:41.805,kucoinfutures,ETH/USDT:USDT,3811.78,51.0,3811.42,96.0,3811.79,1557.0,3811.97,161.0
1753769321806,06:08:41.806,kucoinfutures,ETH/USDT:USDT,3811.78,51.0,3811.42,96.0,3811.79,1557.0,3811.97,161.0
1753769321809,06:08:41.809,kucoinfutures,ETH/USDT:USDT,3811.78,51.0,3811.42,96.0,3811.79,1557.0,3811.97,161.0
1753769321816,06:08:41.816,kucoinfutures,ETH/USDT:USDT,3811.78,51.0,3811.42,96.0,3811.79,1557.0,3811.97,161.0
1753769321823,06:08:41.823,kucoinfutures,ETH/USDT:USDT,3811.78,51.0,3811.42,96.0,3811.79,1557.0,3811.97,161.0
1753769321842,06:08:41.842,kucoinfutures,ETH/USDT:USDT,3811.78,51.0,3811.42,96.0,3811.79,1557.0,3811.97,161.0
1753769321856,06:08:41.856,kucoinfutures,ETH/USDT:USDT,3811.78,51.0,3811.42,96.0,3811.79,1557.0,3811.97,161.0
1753769321856,06:08:41.856,kucoinfutures,ETH/USDT:USDT,3811.78,51.0,3811.42,96.0,3811.79,1557.0,3811.97,161.0
1753769321901,06:08:41.901,kucoinfutures,ETH/USDT:USDT,3811.78,51.0,3811.42,96.0,3811.79,1557.0,3811.97,161.0
1753769321962,06:08:41.962,kucoinfutures,ETH/USDT:USDT,3811.78,51.0,3811.42,96.0,3811.79,1557.0,3811.97,161.0
1753769322000,06:08:42.000,kucoinfutures,ETH/USDT:USDT,3811.78,49.0,3811.42,96.0,3811.79,1557.0,3811.97,161.0
1753769322053,06:08:42.053,kucoinfutures,ETH/USDT:USDT,3811.78,49.0,3811.42,96.0,3811.79,1557.0,3811.94,262.0
1753769322060,06:08:42.060,kucoinfutures,ETH/USDT:USDT,3811.78,49.0,3811.42,96.0,3811.79,1557.0,3811.93,236.0
1753769322060,06:08:42.060,kucoinfutures,ETH/USDT:USDT,3811.78,49.0,3811.42,96.0,3811.79,1557.0,3811.93,79.0
1753769322064,06:08:42.064,kucoinfutures,ETH/USDT:USDT,3811.78,49.0,3811.42,96.0,3811.79,1557.0,3811.95,79.0
1753769322065,06:08:42.065,kucoinfutures,ETH/USDT:USDT,3811.78,49.0,3811.42,96.0,3811.79,1557.0,3811.95,341.0
1753769322067,06:08:42.067,kucoinfutures,ETH/USDT:USDT,3811.78,49.0,3811.42,96.0,3811.79,1557.0,3811.95,79.0
1753769322070,06:08:42.070,kucoinfutures,ETH/USDT:USDT,3811.78,49.0,3811.42,96.0,3811.79,1557.0,3811.94,262.0
1753769322075,06:08:42.075,kucoinfutures,ETH/USDT:USDT,3811.78,49.0,3811.42,96.0,3811.79,1557.0,3811.93,79.0
1753769322077,06:08:42.077,kucoinfutures,ETH/USDT:USDT,3811.78,49.0,3811.42,96.0,3811.79,1557.0,3811.93,79.0
1753769322077,06:08:42.077,kucoinfutures,ETH/USDT:USDT,3811.78,49.0,3811.42,96.0,3811.79,1557.0,3811.93,79.0
1753769322080,06:08:42.080,kucoinfutures,ETH/USDT:USDT,3811.78,49.0,3811.42,96.0,3811.79,1557.0,3811.93,147.0
1753769322082,06:08:42.082,kucoinfutures,ETH/USDT:USDT,3811.78,49.0,3811.42,96.0,3811.79,1557.0,3811.93,79.0
1753769322104,06:08:42.104,kucoinfutures,ETH/USDT:USDT,3811.78,49.0,3811.42,96.0,3811.79,1557.0,3811.93,79.0
1753769322111,06:08:42.111,kucoinfutures,ETH/USDT:USDT,3811.78,49.0,3811.42,96.0,3811.79,1557.0,3811.93,79.0
1753769322113,06:08:42.113,kucoinfutures,ETH/USDT:USDT,3811.78,49.0,3811.42,96.0,3811.79,1557.0,3811.92,262.0
1753769322123,06:08:42.123,kucoinfutures,ETH/USDT:USDT,3811.78,49.0,3811.42,96.0,3811.79,1557.0,3811.92,262.0
1753769322125,06:08:42.125,kucoinfutures,ETH/USDT:USDT,3811.78,49.0,3811.4,320.0,3811.79,1557.0,3811.92,262.0
1753769322128,06:08:42.128,kucoinfutures,ETH/USDT:USDT,3811.78,49.0,3811.4,320.0,3811.79,1557.0,3811.96,262.0
1753769322129,06:08:42.129,kucoinfutures,ETH/USDT:USDT,3811.78,49.0,3811.4,320.0,3811.79,1557.0,3811.96,262.0
1753769322130,06:08:42.130,kucoinfutures,ETH/USDT:USDT,3811.78,49.0,3811.4,320.0,3811.79,1557.0,3811.96,262.0
1753769322132,06:08:42.132,kucoinfutures,ETH/USDT:USDT,3811.78,49.0,3811.21,308.0,3811.79,1557.0,3811.96,262.0
1753769322136,06:08:42.136,kucoinfutures,ETH/USDT:USDT,3811.78,49.0,3811.18,96.0,3811.79,1819.0,3811.95,79.0
1753769322139,06:08:42.139,kucoinfutures,ETH/USDT:USDT,3811.78,49.0,3811.18,96.0,3811.79,1819.0,3811.97,161.0
1753769322141,06:08:42.141,kucoinfutures,ETH/USDT:USDT,3811.78,49.0,3811.18,96.0,3811.79,1819.0,3811.97,161.0
1753769322143,06:08:42.143,kucoinfutures,ETH/USDT:USDT,3811.78,49.0,3811.18,96.0,3811.79,1819.0,3811.97,161.0
1753769322144,06:08:42.144,kucoinfutures,ETH/USDT:USDT,3811.78,49.0,3811.18,96.0,3811.79,1819.0,3811.97,161.0
1753769322144,06:08:42.144,kucoinfutures,ETH/USDT:USDT,3811.78,49.0,3811.18,96.0,3811.79,1819.0,3811.97,161.0
1753769322144,06:08:42.144,kucoinfutures,ETH/USDT:USDT,3811.78,49.0,3811.18,96.0,3811.79,1819.0,3811.97,161.0
1753769322149,06:08:42.149,kucoinfutures,ETH/USDT:USDT,3811.78,49.0,3811.18,96.0,3811.79,1819.0,3811.97,161.0
1753769322150,06:08:42.150,kucoinfutures,ETH/USDT:USDT,3811.78,49.0,3811.18,96.0,3811.79,1819.0,3811.97,161.0
1753769322158,06:08:42.158,kucoinfutures,ETH/USDT:USDT,3811.78,49.0,3811.18,96.0,3811.79,1819.0,3811.97,161.0
1753769322168,06:08:42.168,kucoinfutures,ETH/USDT:USDT,3811.78,49.0,3811.18,96.0,3811.79,1819.0,3811.97,161.0
1753769322179,06:08:42.179,kucoinfutures,ETH/USDT:USDT,3811.78,49.0,3811.18,96.0,3811.79,1819.0,3811.97,161.0
1753769322184,06:08:42.184,kucoinfutures,ETH/USDT:USDT,3811.78,49.0,3811.18,96.0,3811.79,1819.0,3811.97,161.0
1753769322184,06:08:42.184,kucoinfutures,ETH/USDT:USDT,3811.78,49.0,3811.18,96.0,3811.79,1819.0,3811.97,161.0
1753769322186,06:08:42.186,kucoinfutures,ETH/USDT:USDT,3811.78,49.0,3811.18,96.0,3811.79,1819.0,3811.97,161.0
1753769322186,06:08:42.186,kucoinfutures,ETH/USDT:USDT,3811.78,49.0,3811.18,96.0,3811.79,1819.0,3811.97,161.0
1753769322189,06:08:42.189,kucoinfutures,ETH/USDT:USDT,3811.78,49.0,3811.18,96.0,3811.79,1557.0,3811.97,161.0
1753769322190,06:08:42.190,kucoinfutures,ETH/USDT:USDT,3811.78,49.0,3811.18,96.0,3811.79,1819.0,3811.97,161.0
1753769322191,06:08:42.191,kucoinfutures,ETH/USDT:USDT,3811.78,49.0,3811.18,96.0,3811.79,1819.0,3811.95,79.0
1753769322193,06:08:42.193,kucoinfutures,ETH/USDT:USDT,3811.18,96.0,3810.89,338.0,3811.19,22.0,3811.79,1819.0
1753769322196,06:08:42.196,kucoinfutures,ETH/USDT:USDT,3811.18,98.0,3810.89,338.0,3811.19,268.0,3811.37,1052.0
1753769322196,06:08:42.196,kucoinfutures,ETH/USDT:USDT,3811.18,168.0,3810.89,338.0,3811.19,826.0,3811.37,1052.0
1753769322196,06:08:42.196,kucoinfutures,ETH/USDT:USDT,3811.18,168.0,3810.86,320.0,3811.19,999.0,3811.37,1052.0
1753769322197,06:08:42.197,kucoinfutures,ETH/USDT:USDT,3811.18,168.0,3810.86,320.0,3811.19,1103.0,3811.37,1052.0
1753769322197,06:08:42.197,kucoinfutures,ETH/USDT:USDT,3811.18,168.0,3810.86,320.0,3811.19,1199.0,3811.37,1052.0
1753769322197,06:08:42.197,kucoinfutures,ETH/USDT:USDT,3811.18,170.0,3810.86,320.0,3811.19,1251.0,3811.37,1052.0
1753769322197,06:08:42.197,kucoinfutures,ETH/USDT:USDT,3811.18,170.0,3810.86,320.0,3811.19,1251.0,3811.21,33.0
1753769322197,06:08:42.197,kucoinfutures,ETH/USDT:USDT,3811.18,170.0,3810.86,320.0,3811.19,1253.0,3811.21,33.0
1753769322197,06:08:42.197,kucoinfutures,ETH/USDT:USDT,3811.18,170.0,3810.86,320.0,3811.19,1342.0,3811.21,33.0
1753769322198,06:08:42.198,kucoinfutures,ETH/USDT:USDT,3811.18,170.0,3810.86,320.0,3811.19,1332.0,3811.2,33.0
1753769322199,06:08:42.199,kucoinfutures,ETH/USDT:USDT,3811.18,170.0,3810.86,320.0,3811.19,1320.0,3811.2,33.0
1753769322203,06:08:42.203,kucoinfutures,ETH/USDT:USDT,3811.18,170.0,3810.86,320.0,3811.19,1614.0,3811.2,33.0
1753769322206,06:08:42.206,kucoinfutures,ETH/USDT:USDT,3811.18,170.0,3810.86,320.0,3811.19,1614.0,3811.2,33.0
1753769322209,06:08:42.209,kucoinfutures,ETH/USDT:USDT,3811.18,170.0,3810.86,320.0,3811.19,1614.0,3811.2,33.0
1753769322213,06:08:42.213,kucoinfutures,ETH/USDT:USDT,3811.18,170.0,3810.86,320.0,3811.19,1614.0,3811.2,33.0
1753769322218,06:08:42.218,kucoinfutures,ETH/USDT:USDT,3811.18,170.0,3810.86,320.0,3811.19,1614.0,3811.2,33.0
1753769322219,06:08:42.219,kucoinfutures,ETH/USDT:USDT,3811.18,170.0,3810.86,320.0,3811.19,1614.0,3811.2,33.0
1753769322227,06:08:42.227,kucoinfutures,ETH/USDT:USDT,3811.18,101.0,3810.86,320.0,3811.19,1608.0,3811.2,33.0
1753769322231,06:08:42.231,kucoinfutures,ETH/USDT:USDT,3811.18,101.0,3810.86,320.0,3811.19,1608.0,3811.2,33.0
1753769322232,06:08:42.232,kucoinfutures,ETH/USDT:USDT,3811.18,101.0,3810.86,320.0,3811.19,1608.0,3811.2,33.0
1753769322233,06:08:42.233,kucoinfutures,ETH/USDT:USDT,3811.18,101.0,3810.86,320.0,3811.19,1608.0,3811.2,33.0
1753769322233,06:08:42.233,kucoinfutures,ETH/USDT:USDT,3811.18,101.0,3810.86,320.0,3811.19,1608.0,3811.2,33.0
1753769322234,06:08:42.234,kucoinfutures,ETH/USDT:USDT,3811.18,101.0,3810.86,320.0,3811.19,1608.0,3811.2,33.0
1753769322236,06:08:42.236,kucoinfutures,ETH/USDT:USDT,3811.18,5.0,3810.86,320.0,3811.19,1608.0,3811.2,33.0
1753769322237,06:08:42.237,kucoinfutures,ETH/USDT:USDT,3811.18,5.0,3810.86,320.0,3811.19,1562.0,3811.2,33.0
1753769322239,06:08:42.239,kucoinfutures,ETH/USDT:USDT,3811.18,5.0,3810.86,320.0,3811.19,1562.0,3811.2,33.0
1753769322240,06:08:42.240,kucoinfutures,ETH/USDT:USDT,3811.18,5.0,3810.86,320.0,3811.19,1562.0,3811.2,33.0
1753769322243,06:08:42.243,kucoinfutures,ETH/USDT:USDT,3811.18,5.0,3810.86,320.0,3811.19,1562.0,3811.2,33.0
1753769322244,06:08:42.244,kucoinfutures,ETH/USDT:USDT,3811.18,5.0,3810.86,320.0,3811.19,1562.0,3811.2,33.0
1753769322245,06:08:42.245,kucoinfutures,ETH/USDT:USDT,3811.18,5.0,3810.86,320.0,3811.19,1562.0,3811.2,33.0
1753769322246,06:08:42.246,kucoinfutures,ETH/USDT:USDT,3811.18,5.0,3810.86,320.0,3811.19,1562.0,3811.2,33.0
1753769322250,06:08:42.250,kucoinfutures,ETH/USDT:USDT,3811.18,5.0,3810.86,320.0,3811.19,1562.0,3811.2,33.0
1753769322250,06:08:42.250,kucoinfutures,ETH/USDT:USDT,3811.18,5.0,3810.86,320.0,3811.19,1562.0,3811.2,33.0
1753769322251,06:08:42.251,kucoinfutures,ETH/USDT:USDT,3811.18,5.0,3810.87,96.0,3811.19,1562.0,3811.2,33.0
1753769322252,06:08:42.252,kucoinfutures,ETH/USDT:USDT,3811.18,5.0,3810.87,96.0,3811.19,1562.0,3811.2,33.0
1753769322256,06:08:42.256,kucoinfutures,ETH/USDT:USDT,3811.18,5.0,3810.87,96.0,3811.19,1562.0,3811.2,33.0
1753769322256,06:08:42.256,kucoinfutures,ETH/USDT:USDT,3811.18,5.0,3810.87,96.0,3811.19,1562.0,3811.2,33.0
1753769322258,06:08:42.258,kucoinfutures,ETH/USDT:USDT,3811.18,5.0,3810.87,96.0,3811.19,1608.0,3811.2,33.0
1753769322268,06:08:42.268,kucoinfutures,ETH/USDT:USDT,3811.18,5.0,3810.87,96.0,3811.19,1608.0,3811.2,33.0
1753769322276,06:08:42.276,kucoinfutures,ETH/USDT:USDT,3811.18,74.0,3810.87,96.0,3811.19,1562.0,3811.2,33.0
1753769322279,06:08:42.279,kucoinfutures,ETH/USDT:USDT,3811.18,74.0,3810.87,96.0,3811.19,1562.0,3811.2,33.0
1753769322279,06:08:42.279,kucoinfutures,ETH/USDT:USDT,3811.18,74.0,3810.87,96.0,3811.19,1562.0,3811.2,33.0
1753769322281,06:08:42.281,kucoinfutures,ETH/USDT:USDT,3811.18,74.0,3810.87,96.0,3811.19,1562.0,3811.2,33.0
1753769322283,06:08:42.283,kucoinfutures,ETH/USDT:USDT,3811.18,74.0,3810.87,96.0,3811.19,1562.0,3811.2,33.0
1753769322286,06:08:42.286,kucoinfutures,ETH/USDT:USDT,3811.18,74.0,3810.87,96.0,3811.19,1562.0,3811.2,33.0
1753769322291,06:08:42.291,kucoinfutures,ETH/USDT:USDT,3811.18,74.0,3810.87,96.0,3811.19,1562.0,3811.2,33.0
1753769322293,06:08:42.293,kucoinfutures,ETH/USDT:USDT,3811.18,74.0,3810.87,96.0,3811.19,1562.0,3811.2,33.0
1753769322299,06:08:42.299,kucoinfutures,ETH/USDT:USDT,3811.18,74.0,3810.87,96.0,3811.19,1562.0,3811.2,33.0
1753769322299,06:08:42.299,kucoinfutures,ETH/USDT:USDT,3811.18,74.0,3810.87,96.0,3811.19,1872.0,3811.2,33.0
1753769322304,06:08:42.304,kucoinfutures,ETH/USDT:USDT,3811.18,74.0,3810.87,96.0,3811.19,1872.0,3811.2,33.0
1753769322306,06:08:42.306,kucoinfutures,ETH/USDT:USDT,3811.18,74.0,3810.87,96.0,3811.19,1872.0,3811.2,33.0
1753769322314,06:08:42.314,kucoinfutures,ETH/USDT:USDT,3811.18,74.0,3810.87,96.0,3811.19,1872.0,3811.2,33.0
1753769322323,06:08:42.323,kucoinfutures,ETH/USDT:USDT,3811.18,74.0,3810.87,96.0,3811.19,1872.0,3811.2,33.0
1753769322329,06:08:42.329,kucoinfutures,ETH/USDT:USDT,3811.18,74.0,3810.87,96.0,3811.19,1872.0,3811.2,33.0
1753769322354,06:08:42.354,kucoinfutures,ETH/USDT:USDT,3811.18,74.0,3810.87,96.0,3811.19,1872.0,3811.2,33.0
1753769322354,06:08:42.354,kucoinfutures,ETH/USDT:USDT,3811.18,74.0,3810.87,96.0,3811.19,1872.0,3811.2,33.0
1753769322529,06:08:42.529,kucoinfutures,ETH/USDT:USDT,3811.18,72.0,3810.87,96.0,3811.19,1868.0,3811.39,169.0
1753769322565,06:08:42.565,kucoinfutures,ETH/USDT:USDT,3811.18,72.0,3810.87,96.0,3811.19,1868.0,3811.39,169.0
1753769322584,06:08:42.584,kucoinfutures,ETH/USDT:USDT,3811.18,3.0,3810.87,96.0,3811.19,1868.0,3811.39,169.0
1753769322585,06:08:42.585,kucoinfutures,ETH/USDT:USDT,3811.18,3.0,3810.87,96.0,3811.19,1914.0,3811.39,169.0
1753769322588,06:08:42.588,kucoinfutures,ETH/USDT:USDT,3811.18,288.0,3810.87,96.0,3811.19,1914.0,3811.39,169.0
1753769322591,06:08:42.591,kucoinfutures,ETH/USDT:USDT,3811.18,285.0,3810.87,96.0,3811.19,1914.0,3811.39,169.0
1753769322592,06:08:42.592,kucoinfutures,ETH/USDT:USDT,3810.87,96.0,3810.86,320.0,3811.19,1914.0,3811.39,169.0
1753769322598,06:08:42.598,kucoinfutures,ETH/USDT:USDT,3810.87,165.0,3810.86,320.0,3810.88,1322.0,3810.99,173.0
1753769322606,06:08:42.606,kucoinfutures,ETH/USDT:USDT,3810.87,1000.0,3810.86,320.0,3810.88,1364.0,3811.18,169.0
1753769322609,06:08:42.609,kucoinfutures,ETH/USDT:USDT,3810.87,1000.0,3810.86,320.0,3810.88,1364.0,3811.18,169.0
1753769322609,06:08:42.609,kucoinfutures,ETH/USDT:USDT,3810.87,1656.0,3810.86,320.0,3810.88,1364.0,3811.18,169.0
1753769322612,06:08:42.612,kucoinfutures,ETH/USDT:USDT,3810.87,1742.0,3810.86,320.0,3810.88,1364.0,3811.18,169.0
1753769322613,06:08:42.613,kucoinfutures,ETH/USDT:USDT,3810.87,1742.0,3810.86,320.0,3810.88,1214.0,3811.18,169.0
1753769322615,06:08:42.615,kucoinfutures,ETH/USDT:USDT,3810.87,1742.0,3810.86,320.0,3810.88,1200.0,3811.18,169.0
1753769322615,06:08:42.615,kucoinfutures,ETH/USDT:USDT,3810.87,1742.0,3810.86,320.0,3810.88,1200.0,3811.18,169.0
1753769322616,06:08:42.616,kucoinfutures,ETH/USDT:USDT,3810.87,1742.0,3810.86,320.0,3810.88,1200.0,3811.18,169.0
1753769322616,06:08:42.616,kucoinfutures,ETH/USDT:USDT,3810.87,1742.0,3810.86,320.0,3810.88,1200.0,3811.18,169.0
1753769322621,06:08:42.621,kucoinfutures,ETH/USDT:USDT,3810.87,1742.0,3810.86,320.0,3810.88,1200.0,3811.18,169.0
1753769322623,06:08:42.623,kucoinfutures,ETH/USDT:USDT,3810.87,1742.0,3810.86,320.0,3810.88,1200.0,3811.18,169.0
1753769322630,06:08:42.630,kucoinfutures,ETH/USDT:USDT,3810.87,1742.0,3810.86,320.0,3810.88,883.0,3811.18,169.0
1753769322637,06:08:42.637,kucoinfutures,ETH/USDT:USDT,3810.87,1742.0,3810.86,320.0,3810.88,883.0,3811.18,169.0
1753769322656,06:08:42.656,kucoinfutures,ETH/USDT:USDT,3810.87,1792.0,3810.86,320.0,3810.88,883.0,3811.18,169.0
1753769322657,06:08:42.657,kucoinfutures,ETH/USDT:USDT,3810.87,1792.0,3810.86,320.0,3810.88,883.0,3811.18,169.0
1753769322660,06:08:42.660,kucoinfutures,ETH/USDT:USDT,3810.87,1792.0,3810.86,320.0,3810.88,883.0,3811.18,169.0
1753769322665,06:08:42.665,kucoinfutures,ETH/USDT:USDT,3810.87,1792.0,3810.86,320.0,3810.88,883.0,3811.18,169.0
1753769322670,06:08:42.670,kucoinfutures,ETH/USDT:USDT,3810.87,1792.0,3810.86,320.0,3810.88,883.0,3811.18,169.0
1753769322699,06:08:42.699,kucoinfutures,ETH/USDT:USDT,3810.87,1562.0,3810.86,320.0,3810.88,883.0,3811.18,169.0
1753769322729,06:08:42.729,kucoinfutures,ETH/USDT:USDT,3810.87,1563.0,3810.86,320.0,3810.88,1178.0,3811.18,169.0
1753769322735,06:08:42.735,kucoinfutures,ETH/USDT:USDT,3810.87,1563.0,3810.86,320.0,3810.88,1178.0,3811.18,169.0
1753769322735,06:08:42.735,kucoinfutures,ETH/USDT:USDT,3810.87,1563.0,3810.86,320.0,3810.88,1178.0,3811.18,169.0
1753769322747,06:08:42.747,kucoinfutures,ETH/USDT:USDT,3810.87,1563.0,3810.86,320.0,3810.88,1178.0,3811.18,169.0
1753769322748,06:08:42.748,kucoinfutures,ETH/USDT:USDT,3810.87,1563.0,3810.86,320.0,3810.88,1178.0,3811.18,169.0
1753769322752,06:08:42.752,kucoinfutures,ETH/USDT:USDT,3810.87,1563.0,3810.86,320.0,3810.88,1178.0,3811.18,169.0
1753769322756,06:08:42.756,kucoinfutures,ETH/USDT:USDT,3810.87,1563.0,3810.86,320.0,3810.88,1178.0,3811.18,169.0
1753769322759,06:08:42.759,kucoinfutures,ETH/USDT:USDT,3810.87,1563.0,3810.86,320.0,3810.88,1178.0,3811.18,169.0
1753769322762,06:08:42.762,kucoinfutures,ETH/USDT:USDT,3810.87,1563.0,3810.86,320.0,3810.88,1178.0,3811.18,169.0
1753769322795,06:08:42.795,kucoinfutures,ETH/USDT:USDT,3810.87,1563.0,3810.86,320.0,3810.88,1178.0,3811.19,35.0
1753769322798,06:08:42.798,kucoinfutures,ETH/USDT:USDT,3810.87,1563.0,3810.86,320.0,3810.88,1178.0,3811.19,35.0
1753769322805,06:08:42.805,kucoinfutures,ETH/USDT:USDT,3810.87,1563.0,3810.86,320.0,3810.88,1178.0,3811.19,33.0
1753769322805,06:08:42.805,kucoinfutures,ETH/USDT:USDT,3810.87,1563.0,3810.86,320.0,3810.88,1174.0,3811.19,33.0
1753769322817,06:08:42.817,kucoinfutures,ETH/USDT:USDT,3810.87,1736.0,3810.86,320.0,3810.88,1174.0,3811.19,33.0
1753769322817,06:08:42.817,kucoinfutures,ETH/USDT:USDT,3810.87,1736.0,3810.86,320.0,3810.88,1174.0,3811.19,33.0
1753769322821,06:08:42.821,kucoinfutures,ETH/USDT:USDT,3810.87,1736.0,3810.86,320.0,3810.88,1174.0,3811.19,33.0
1753769322821,06:08:42.821,kucoinfutures,ETH/USDT:USDT,3810.87,1736.0,3810.86,320.0,3810.88,1174.0,3811.19,33.0
1753769322821,06:08:42.821,kucoinfutures,ETH/USDT:USDT,3810.87,1736.0,3810.86,320.0,3810.88,1174.0,3811.19,33.0
1753769322821,06:08:42.821,kucoinfutures,ETH/USDT:USDT,3810.87,1736.0,3810.86,320.0,3810.88,1001.0,3811.19,33.0
1753769322822,06:08:42.822,kucoinfutures,ETH/USDT:USDT,3810.87,1736.0,3810.86,320.0,3810.88,1001.0,3811.19,33.0
1753769322826,06:08:42.826,kucoinfutures,ETH/USDT:USDT,3810.87,1736.0,3810.86,320.0,3810.88,655.0,3811.19,33.0
1753769322826,06:08:42.826,kucoinfutures,ETH/USDT:USDT,3810.87,1736.0,3810.86,320.0,3810.88,655.0,3811.19,33.0
1753769322831,06:08:42.831,kucoinfutures,ETH/USDT:USDT,3810.87,1736.0,3810.86,320.0,3810.88,655.0,3811.19,33.0
1753769322849,06:08:42.849,kucoinfutures,ETH/USDT:USDT,3810.87,1736.0,3810.86,320.0,3810.88,655.0,3811.19,33.0
1753769322851,06:08:42.851,kucoinfutures,ETH/USDT:USDT,3810.87,1736.0,3810.86,320.0,3810.88,655.0,3811.19,33.0
1753769322854,06:08:42.854,kucoinfutures,ETH/USDT:USDT,3810.87,1736.0,3810.86,320.0,3810.88,655.0,3811.19,33.0
1753769322856,06:08:42.856,kucoinfutures,ETH/USDT:USDT,3810.87,1736.0,3810.86,320.0,3810.88,655.0,3811.19,33.0
1753769322856,06:08:42.856,kucoinfutures,ETH/USDT:USDT,3810.87,1736.0,3810.86,320.0,3810.88,655.0,3811.19,33.0
1753769322869,06:08:42.869,kucoinfutures,ETH/USDT:USDT,3810.87,1563.0,3810.86,320.0,3810.88,828.0,3811.21,41.0
1753769322870,06:08:42.870,kucoinfutures,ETH/USDT:USDT,3810.87,1563.0,3810.86,320.0,3810.88,655.0,3811.21,41.0
1753769322872,06:08:42.872,kucoinfutures,ETH/USDT:USDT,3810.87,1736.0,3810.86,320.0,3810.88,655.0,3811.21,41.0
1753769322878,06:08:42.878,kucoinfutures,ETH/USDT:USDT,3810.87,1736.0,3810.86,320.0,3810.88,655.0,3811.21,41.0
1753769323003,06:08:43.003,kucoinfutures,ETH/USDT:USDT,3810.87,1736.0,3810.86,320.0,3810.88,655.0,3811.21,41.0
1753769323014,06:08:43.014,kucoinfutures,ETH/USDT:USDT,3810.87,1736.0,3810.86,320.0,3810.88,655.0,3811.21,41.0
1753769323016,06:08:43.016,kucoinfutures,ETH/USDT:USDT,3810.87,1736.0,3810.86,320.0,3810.88,655.0,3811.21,41.0
1753769323021,06:08:43.021,kucoinfutures,ETH/USDT:USDT,3810.87,1736.0,3810.86,320.0,3810.88,655.0,3811.21,41.0
1753769323021,06:08:43.021,kucoinfutures,ETH/USDT:USDT,3810.87,1736.0,3810.86,320.0,3810.88,655.0,3811.21,41.0
1753769323021,06:08:43.021,kucoinfutures,ETH/USDT:USDT,3810.87,1736.0,3810.86,320.0,3810.88,655.0,3811.21,41.0
1753769323021,06:08:43.021,kucoinfutures,ETH/USDT:USDT,3810.87,1736.0,3810.86,320.0,3810.88,655.0,3811.21,41.0
1753769323056,06:08:43.056,kucoinfutures,ETH/USDT:USDT,3810.87,1736.0,3810.86,320.0,3810.88,655.0,3811.21,41.0
1753769323056,06:08:43.056,kucoinfutures,ETH/USDT:USDT,3810.87,1736.0,3810.86,320.0,3810.88,655.0,3811.21,41.0
1753769323068,06:08:43.068,kucoinfutures,ETH/USDT:USDT,3810.87,1736.0,3810.86,320.0,3810.88,673.0,3811.21,41.0
1753769323071,06:08:43.071,kucoinfutures,ETH/USDT:USDT,3810.87,1736.0,3810.86,320.0,3810.88,655.0,3811.21,41.0
1753769323130,06:08:43.130,kucoinfutures,ETH/USDT:USDT,3810.87,1736.0,3810.86,320.0,3810.88,655.0,3811.21,41.0
1753769323222,06:08:43.222,kucoinfutures,ETH/USDT:USDT,3810.87,1736.0,3810.86,320.0,3810.88,655.0,3811.21,41.0
1753769323238,06:08:43.238,kucoinfutures,ETH/USDT:USDT,3810.87,1736.0,3810.86,320.0,3810.88,655.0,3811.21,41.0
1753769323239,06:08:43.239,kucoinfutures,ETH/USDT:USDT,3810.87,1736.0,3810.86,320.0,3810.88,655.0,3811.21,41.0
1753769323242,06:08:43.242,kucoinfutures,ETH/USDT:USDT,3810.87,1736.0,3810.86,320.0,3810.88,655.0,3811.21,41.0
1753769323262,06:08:43.262,kucoinfutures,ETH/USDT:USDT,3810.87,1736.0,3810.86,320.0,3810.88,655.0,3811.21,41.0
1753769323277,06:08:43.277,kucoinfutures,ETH/USDT:USDT,3810.87,1736.0,3810.86,320.0,3810.88,655.0,3811.21,41.0
1753769323278,06:08:43.278,kucoinfutures,ETH/USDT:USDT,3810.87,1736.0,3810.86,320.0,3810.88,361.0,3811.21,41.0
1753769323284,06:08:43.284,kucoinfutures,ETH/USDT:USDT,3810.87,1736.0,3810.86,320.0,3810.88,361.0,3811.21,41.0
1753769323289,06:08:43.289,kucoinfutures,ETH/USDT:USDT,3810.87,1736.0,3810.86,320.0,3810.88,361.0,3811.21,41.0
1753769323346,06:08:43.346,kucoinfutures,ETH/USDT:USDT,3810.87,1736.0,3810.86,320.0,3810.88,361.0,3811.21,41.0
1753769323346,06:08:43.346,kucoinfutures,ETH/USDT:USDT,3810.87,1736.0,3810.86,320.0,3810.88,361.0,3811.21,41.0
1753769323402,06:08:43.402,kucoinfutures,ETH/USDT:USDT,3810.87,1736.0,3810.86,320.0,3810.88,401.0,3811.21,41.0
1753769323433,06:08:43.433,kucoinfutures,ETH/USDT:USDT,3810.87,1563.0,3810.86,320.0,3810.88,401.0,3811.21,41.0
1753769323437,06:08:43.437,kucoinfutures,ETH/USDT:USDT,3810.87,1563.0,3810.86,320.0,3810.88,401.0,3811.21,41.0
1753769323437,06:08:43.437,kucoinfutures,ETH/USDT:USDT,3810.87,1563.0,3810.86,320.0,3810.88,401.0,3811.21,41.0
1753769323442,06:08:43.442,kucoinfutures,ETH/USDT:USDT,3810.87,1563.0,3810.86,320.0,3810.88,401.0,3811.2,26.0
1753769323453,06:08:43.453,kucoinfutures,ETH/USDT:USDT,3810.87,1563.0,3810.86,320.0,3810.88,401.0,3811.2,26.0
1753769323454,06:08:43.454,kucoinfutures,ETH/USDT:USDT,3810.87,1563.0,3810.86,320.0,3810.88,401.0,3811.2,26.0
1753769323458,06:08:43.458,kucoinfutures,ETH/USDT:USDT,3810.87,1563.0,3810.86,320.0,3810.88,448.0,3811.2,26.0
1753769323490,06:08:43.490,kucoinfutures,ETH/USDT:USDT,3810.87,1563.0,3810.86,320.0,3810.88,448.0,3811.2,26.0
1753769323517,06:08:43.517,kucoinfutures,ETH/USDT:USDT,3810.87,907.0,3810.86,320.0,3810.88,735.0,3811.2,26.0
1753769323520,06:08:43.520,kucoinfutures,ETH/USDT:USDT,3810.87,907.0,3810.86,320.0,3810.88,735.0,3811.2,26.0
1753769323555,06:08:43.555,kucoinfutures,ETH/USDT:USDT,3810.87,907.0,3810.86,320.0,3810.88,1029.0,3811.2,26.0
1753769323557,06:08:43.557,kucoinfutures,ETH/USDT:USDT,3810.87,907.0,3810.86,320.0,3810.88,1029.0,3811.2,26.0
1753769323566,06:08:43.566,kucoinfutures,ETH/USDT:USDT,3810.87,907.0,3810.86,320.0,3810.88,1029.0,3811.2,26.0
1753769323572,06:08:43.572,kucoinfutures,ETH/USDT:USDT,3810.87,907.0,3810.86,320.0,3810.88,1029.0,3811.2,26.0
1753769323574,06:08:43.574,kucoinfutures,ETH/USDT:USDT,3810.87,907.0,3810.86,320.0,3810.88,1029.0,3811.37,26.0
1753769323574,06:08:43.574,kucoinfutures,ETH/USDT:USDT,3810.87,907.0,3810.86,320.0,3810.88,1029.0,3811.37,26.0
1753769323589,06:08:43.589,kucoinfutures,ETH/USDT:USDT,3810.87,907.0,3810.86,320.0,3810.88,1029.0,3811.37,26.0
1753769323593,06:08:43.593,kucoinfutures,ETH/USDT:USDT,3810.87,907.0,3810.86,320.0,3810.88,1029.0,3811.37,26.0
1753769323594,06:08:43.594,kucoinfutures,ETH/USDT:USDT,3810.87,907.0,3810.86,320.0,3810.88,1029.0,3811.37,26.0
1753769323627,06:08:43.627,kucoinfutures,ETH/USDT:USDT,3810.87,907.0,3810.86,320.0,3810.88,1029.0,3811.07,51.0
1753769323637,06:08:43.637,kucoinfutures,ETH/USDT:USDT,3810.87,907.0,3810.86,320.0,3810.88,1029.0,3811.07,51.0
1753769323654,06:08:43.654,kucoinfutures,ETH/USDT:USDT,3810.87,907.0,3810.86,320.0,3810.88,1029.0,3811.07,51.0
1753769323667,06:08:43.667,kucoinfutures,ETH/USDT:USDT,3810.87,907.0,3810.86,320.0,3810.88,1029.0,3811.07,51.0
1753769323685,06:08:43.685,kucoinfutures,ETH/USDT:USDT,3810.87,907.0,3810.86,320.0,3810.88,1029.0,3811.07,51.0
1753769323716,06:08:43.716,kucoinfutures,ETH/USDT:USDT,3810.87,907.0,3810.86,320.0,3810.88,1029.0,3811.07,51.0
1753769323776,06:08:43.776,kucoinfutures,ETH/USDT:USDT,3810.87,1905.0,3810.86,320.0,3810.88,882.0,3811.28,169.0
1753769323819,06:08:43.819,kucoinfutures,ETH/USDT:USDT,3810.87,1905.0,3810.86,320.0,3810.88,882.0,3811.26,55.0
1753769323823,06:08:43.823,kucoinfutures,ETH/USDT:USDT,3810.87,1905.0,3810.86,320.0,3810.88,882.0,3811.26,55.0
1753769323828,06:08:43.828,kucoinfutures,ETH/USDT:USDT,3810.87,1905.0,3810.86,320.0,3810.88,882.0,3811.26,55.0
1753769323834,06:08:43.834,kucoinfutures,ETH/USDT:USDT,3810.87,1905.0,3810.86,320.0,3810.88,882.0,3811.26,55.0
1753769323835,06:08:43.835,kucoinfutures,ETH/USDT:USDT,3810.87,1905.0,3810.86,320.0,3810.88,882.0,3811.26,55.0
1753769323838,06:08:43.838,kucoinfutures,ETH/USDT:USDT,3810.87,1905.0,3810.86,320.0,3810.88,882.0,3811.26,55.0
1753769323843,06:08:43.843,kucoinfutures,ETH/USDT:USDT,3810.87,1905.0,3810.86,320.0,3810.88,882.0,3811.26,55.0
1753769323850,06:08:43.850,kucoinfutures,ETH/USDT:USDT,3810.87,1905.0,3810.86,320.0,3810.88,882.0,3811.26,55.0
1753769323857,06:08:43.857,kucoinfutures,ETH/USDT:USDT,3810.87,1905.0,3810.86,320.0,3810.88,882.0,3811.26,55.0
1753769323860,06:08:43.860,kucoinfutures,ETH/USDT:USDT,3810.87,1905.0,3810.86,320.0,3810.88,882.0,3811.26,55.0
1753769323864,06:08:43.864,kucoinfutures,ETH/USDT:USDT,3810.87,1905.0,3810.86,320.0,3810.88,882.0,3811.26,55.0
1753769323867,06:08:43.867,kucoinfutures,ETH/USDT:USDT,3810.87,1905.0,3810.86,320.0,3810.88,882.0,3811.26,55.0
1753769323872,06:08:43.872,kucoinfutures,ETH/USDT:USDT,3810.87,1905.0,3810.86,320.0,3810.88,882.0,3811.26,55.0
1753769323872,06:08:43.872,kucoinfutures,ETH/USDT:USDT,3810.87,1905.0,3810.86,320.0,3810.88,882.0,3811.26,55.0
1753769323874,06:08:43.874,kucoinfutures,ETH/USDT:USDT,3810.87,1905.0,3810.86,320.0,3810.88,882.0,3811.26,55.0
1753769323882,06:08:43.882,kucoinfutures,ETH/USDT:USDT,3810.87,1905.0,3810.86,320.0,3810.88,882.0,3811.26,55.0
1753769323903,06:08:43.903,kucoinfutures,ETH/USDT:USDT,3810.87,1905.0,3810.86,320.0,3810.88,882.0,3811.26,55.0
1753769323910,06:08:43.910,kucoinfutures,ETH/USDT:USDT,3810.87,1905.0,3810.86,320.0,3810.88,882.0,3811.26,55.0
1753769323918,06:08:43.918,kucoinfutures,ETH/USDT:USDT,3810.87,1905.0,3810.86,320.0,3810.88,1021.0,3811.26,55.0
1753769323942,06:08:43.942,kucoinfutures,ETH/USDT:USDT,3810.87,1905.0,3810.86,320.0,3810.88,1021.0,3811.26,55.0
1753769324031,06:08:44.031,kucoinfutures,ETH/USDT:USDT,3810.87,1563.0,3810.86,320.0,3810.88,1021.0,3811.26,55.0
1753769324247,06:08:44.247,kucoinfutures,ETH/USDT:USDT,3810.87,907.0,3810.86,320.0,3810.88,1021.0,3811.26,55.0
1753769324248,06:08:44.248,kucoinfutures,ETH/USDT:USDT,3810.87,907.0,3810.86,320.0,3810.88,1021.0,3811.26,55.0
1753769324250,06:08:44.250,kucoinfutures,ETH/USDT:USDT,3810.87,907.0,3810.86,320.0,3810.88,1021.0,3811.26,55.0
1753769324250,06:08:44.250,kucoinfutures,ETH/USDT:USDT,3810.87,907.0,3810.86,320.0,3810.88,1021.0,3811.26,55.0
1753769324251,06:08:44.251,kucoinfutures,ETH/USDT:USDT,3810.87,907.0,3810.86,320.0,3810.88,1021.0,3811.26,55.0
1753769324257,06:08:44.257,kucoinfutures,ETH/USDT:USDT,3810.87,907.0,3810.86,320.0,3810.88,1021.0,3811.26,55.0
1753769324276,06:08:44.276,kucoinfutures,ETH/USDT:USDT,3810.87,907.0,3810.86,320.0,3810.88,1021.0,3811.26,55.0
1753769324319,06:08:44.319,kucoinfutures,ETH/USDT:USDT,3810.87,907.0,3810.86,320.0,3810.88,1021.0,3811.26,55.0
1753769324319,06:08:44.319,kucoinfutures,ETH/USDT:USDT,3810.87,907.0,3810.86,320.0,3810.88,1021.0,3811.26,55.0
1753769324321,06:08:44.321,kucoinfutures,ETH/USDT:USDT,3810.87,907.0,3810.86,320.0,3810.88,1021.0,3811.26,55.0
1753769324324,06:08:44.324,kucoinfutures,ETH/USDT:USDT,3810.87,907.0,3810.86,320.0,3810.88,1021.0,3811.26,55.0
1753769324325,06:08:44.325,kucoinfutures,ETH/USDT:USDT,3810.87,907.0,3810.86,320.0,3810.88,1021.0,3811.26,55.0
1753769324326,06:08:44.326,kucoinfutures,ETH/USDT:USDT,3810.87,907.0,3810.86,320.0,3810.88,1021.0,3811.26,55.0
1753769324329,06:08:44.329,kucoinfutures,ETH/USDT:USDT,3810.87,907.0,3810.86,320.0,3810.88,1021.0,3811.26,55.0
1753769324362,06:08:44.362,kucoinfutures,ETH/USDT:USDT,3810.87,907.0,3810.86,320.0,3810.88,1021.0,3811.26,55.0
1753769324365,06:08:44.365,kucoinfutures,ETH/USDT:USDT,3810.87,907.0,3810.86,320.0,3810.88,1021.0,3811.26,55.0
1753769324384,06:08:44.384,kucoinfutures,ETH/USDT:USDT,3810.87,907.0,3810.86,320.0,3810.88,1021.0,3811.26,55.0
1753769324384,06:08:44.384,kucoinfutures,ETH/USDT:USDT,3810.87,907.0,3810.86,320.0,3810.88,1021.0,3811.26,55.0
1753769324419,06:08:44.419,kucoinfutures,ETH/USDT:USDT,3810.87,907.0,3810.86,320.0,3810.88,1021.0,3811.26,55.0
1753769324419,06:08:44.419,kucoinfutures,ETH/USDT:USDT,3810.87,907.0,3810.86,320.0,3810.88,1021.0,3811.26,55.0
1753769324420,06:08:44.420,kucoinfutures,ETH/USDT:USDT,3810.87,907.0,3810.86,320.0,3810.88,1021.0,3811.26,55.0
1753769324421,06:08:44.421,kucoinfutures,ETH/USDT:USDT,3810.87,907.0,3810.86,320.0,3810.88,1021.0,3811.26,55.0
1753769324494,06:08:44.494,kucoinfutures,ETH/USDT:USDT,3810.87,907.0,3810.86,320.0,3810.88,1021.0,3811.08,169.0
1753769324498,06:08:44.498,kucoinfutures,ETH/USDT:USDT,3810.87,907.0,3810.86,320.0,3810.88,1021.0,3811.07,106.0
1753769324554,06:08:44.554,kucoinfutures,ETH/USDT:USDT,3810.87,907.0,3810.86,320.0,3810.88,1021.0,3811.07,106.0
1753769324627,06:08:44.627,kucoinfutures,ETH/USDT:USDT,3810.87,907.0,3810.86,320.0,3810.88,1021.0,3811.07,106.0
1753769324635,06:08:44.635,kucoinfutures,ETH/USDT:USDT,3810.87,907.0,3810.86,320.0,3810.88,1021.0,3811.07,106.0
1753769324689,06:08:44.689,kucoinfutures,ETH/USDT:USDT,3810.87,907.0,3810.86,320.0,3810.88,1021.0,3811.07,106.0
1753769324724,06:08:44.724,kucoinfutures,ETH/USDT:USDT,3810.87,907.0,3810.86,320.0,3810.88,1021.0,3811.07,106.0
1753769324730,06:08:44.730,kucoinfutures,ETH/USDT:USDT,3810.87,907.0,3810.86,320.0,3810.88,1021.0,3811.07,106.0
1753769324756,06:08:44.756,kucoinfutures,ETH/USDT:USDT,3810.87,907.0,3810.86,320.0,3810.88,1021.0,3811.07,106.0
1753769324765,06:08:44.765,kucoinfutures,ETH/USDT:USDT,3810.87,907.0,3810.86,320.0,3810.88,1021.0,3811.07,106.0
1753769324767,06:08:44.767,kucoinfutures,ETH/USDT:USDT,3810.87,907.0,3810.86,320.0,3810.88,1021.0,3811.07,106.0
1753769324772,06:08:44.772,kucoinfutures,ETH/USDT:USDT,3810.87,907.0,3810.86,320.0,3810.88,1021.0,3811.07,106.0
1753769324772,06:08:44.772,kucoinfutures,ETH/USDT:USDT,3810.87,907.0,3810.86,320.0,3810.88,1021.0,3811.06,26.0
1753769324776,06:08:44.776,kucoinfutures,ETH/USDT:USDT,3810.87,907.0,3810.86,320.0,3810.88,1021.0,3811.05,55.0
1753769324804,06:08:44.804,kucoinfutures,ETH/USDT:USDT,3810.87,907.0,3810.86,320.0,3810.88,1021.0,3811.05,55.0
1753769324816,06:08:44.816,kucoinfutures,ETH/USDT:USDT,3810.87,907.0,3810.86,320.0,3810.88,1021.0,3811.05,55.0
1753769324823,06:08:44.823,kucoinfutures,ETH/USDT:USDT,3810.87,907.0,3810.86,320.0,3810.88,1021.0,3811.05,55.0
1753769324823,06:08:44.823,kucoinfutures,ETH/USDT:USDT,3810.87,907.0,3810.86,320.0,3810.88,1021.0,3811.05,55.0
1753769324826,06:08:44.826,kucoinfutures,ETH/USDT:USDT,3810.87,907.0,3810.86,320.0,3810.88,1021.0,3811.05,55.0
1753769324828,06:08:44.828,kucoinfutures,ETH/USDT:USDT,3810.87,907.0,3810.86,320.0,3810.88,1021.0,3811.05,55.0
1753769324828,06:08:44.828,kucoinfutures,ETH/USDT:USDT,3810.87,907.0,3810.86,320.0,3810.88,1021.0,3811.05,55.0
1753769324828,06:08:44.828,kucoinfutures,ETH/USDT:USDT,3810.87,907.0,3810.86,320.0,3810.88,1021.0,3811.05,55.0
1753769324832,06:08:44.832,kucoinfutures,ETH/USDT:USDT,3810.87,907.0,3810.86,320.0,3810.88,1021.0,3811.05,55.0
1753769324886,06:08:44.886,kucoinfutures,ETH/USDT:USDT,3810.87,907.0,3810.86,320.0,3810.88,1021.0,3811.05,55.0
1753769324888,06:08:44.888,kucoinfutures,ETH/USDT:USDT,3810.87,907.0,3810.86,320.0,3810.88,1021.0,3811.05,55.0
1753769324888,06:08:44.888,kucoinfutures,ETH/USDT:USDT,3810.87,907.0,3810.86,320.0,3810.88,1021.0,3811.05,55.0
1753769324895,06:08:44.895,kucoinfutures,ETH/USDT:USDT,3810.87,907.0,3810.86,320.0,3810.88,1021.0,3811.05,55.0
1753769324901,06:08:44.901,kucoinfutures,ETH/USDT:USDT,3810.87,907.0,3810.86,320.0,3810.88,1021.0,3811.05,55.0
1753769324910,06:08:44.910,kucoinfutures,ETH/USDT:USDT,3810.87,907.0,3810.86,320.0,3810.88,1021.0,3811.05,55.0
1753769324927,06:08:44.927,kucoinfutures,ETH/USDT:USDT,3810.87,907.0,3810.86,320.0,3810.88,1021.0,3811.05,55.0
1753769324938,06:08:44.938,kucoinfutures,ETH/USDT:USDT,3810.87,907.0,3810.86,320.0,3810.88,1021.0,3811.05,55.0
1753769324952,06:08:44.952,kucoinfutures,ETH/USDT:USDT,3810.87,907.0,3810.86,320.0,3810.88,1076.0,3811.07,51.0
1753769324956,06:08:44.956,kucoinfutures,ETH/USDT:USDT,3810.87,907.0,3810.86,320.0,3810.88,1076.0,3811.07,51.0
1753769324978,06:08:44.978,kucoinfutures,ETH/USDT:USDT,3810.87,907.0,3810.86,320.0,3810.88,1076.0,3811.07,51.0
1753769324981,06:08:44.981,kucoinfutures,ETH/USDT:USDT,3810.87,907.0,3810.86,320.0,3810.88,1076.0,3811.07,51.0
1753769325005,06:08:45.005,kucoinfutures,ETH/USDT:USDT,3810.87,907.0,3810.86,320.0,3810.88,1076.0,3811.07,51.0
1753769325014,06:08:45.014,kucoinfutures,ETH/USDT:USDT,3810.87,907.0,3810.86,320.0,3810.88,1076.0,3811.26,26.0
1753769325016,06:08:45.016,kucoinfutures,ETH/USDT:USDT,3810.87,907.0,3810.86,320.0,3810.88,1076.0,3811.26,26.0
1753769325016,06:08:45.016,kucoinfutures,ETH/USDT:USDT,3810.87,907.0,3810.86,320.0,3810.88,1076.0,3811.26,26.0
1753769325020,06:08:45.020,kucoinfutures,ETH/USDT:USDT,3810.87,907.0,3810.86,320.0,3810.88,1076.0,3811.26,26.0
1753769325022,06:08:45.022,kucoinfutures,ETH/USDT:USDT,3810.87,907.0,3810.86,320.0,3810.88,1076.0,3811.26,26.0
1753769325022,06:08:45.022,kucoinfutures,ETH/USDT:USDT,3810.87,907.0,3810.86,320.0,3810.88,1076.0,3811.26,26.0
1753769325023,06:08:45.023,kucoinfutures,ETH/USDT:USDT,3810.87,907.0,3810.86,320.0,3810.88,1076.0,3811.26,26.0
1753769325034,06:08:45.034,kucoinfutures,ETH/USDT:USDT,3810.87,907.0,3810.86,320.0,3810.88,1076.0,3811.26,26.0
1753769325044,06:08:45.044,kucoinfutures,ETH/USDT:USDT,3810.87,907.0,3810.86,320.0,3810.88,1076.0,3811.26,26.0
1753769325094,06:08:45.094,kucoinfutures,ETH/USDT:USDT,3810.87,1073.0,3810.86,320.0,3810.88,1076.0,3811.26,26.0
1753769325097,06:08:45.097,kucoinfutures,ETH/USDT:USDT,3810.87,1729.0,3810.86,320.0,3810.88,1076.0,3811.26,26.0
1753769325097,06:08:45.097,kucoinfutures,ETH/USDT:USDT,3810.87,1729.0,3810.86,320.0,3810.88,1076.0,3811.26,26.0
1753769325099,06:08:45.099,kucoinfutures,ETH/USDT:USDT,3810.87,1073.0,3810.86,320.0,3810.88,1076.0,3811.26,26.0
1753769325102,06:08:45.102,kucoinfutures,ETH/USDT:USDT,3810.87,1073.0,3810.86,320.0,3810.88,1076.0,3811.26,26.0
1753769325134,06:08:45.134,kucoinfutures,ETH/USDT:USDT,3810.87,907.0,3810.86,320.0,3810.88,1076.0,3811.26,26.0
1753769325135,06:08:45.135,kucoinfutures,ETH/USDT:USDT,3810.87,907.0,3810.86,320.0,3810.88,1076.0,3811.08,166.0
1753769325137,06:08:45.137,kucoinfutures,ETH/USDT:USDT,3810.87,907.0,3810.86,320.0,3810.88,1076.0,3811.08,166.0
1753769325138,06:08:45.138,kucoinfutures,ETH/USDT:USDT,3810.87,907.0,3810.86,320.0,3810.88,1076.0,3811.08,166.0
1753769325179,06:08:45.179,kucoinfutures,ETH/USDT:USDT,3810.87,907.0,3810.86,320.0,3810.88,1076.0,3811.08,166.0
1753769325179,06:08:45.179,kucoinfutures,ETH/USDT:USDT,3810.87,907.0,3810.86,320.0,3810.88,1076.0,3811.08,166.0
1753769325180,06:08:45.180,kucoinfutures,ETH/USDT:USDT,3810.87,907.0,3810.86,320.0,3810.88,1076.0,3811.08,166.0
1753769325182,06:08:45.182,kucoinfutures,ETH/USDT:USDT,3810.87,811.0,3810.86,320.0,3810.88,1122.0,3811.08,166.0
1753769325183,06:08:45.183,kucoinfutures,ETH/USDT:USDT,3810.87,811.0,3810.86,320.0,3810.88,1076.0,3811.08,166.0
1753769325185,06:08:45.185,kucoinfutures,ETH/USDT:USDT,3810.87,811.0,3810.86,320.0,3810.88,1076.0,3811.08,166.0
1753769325185,06:08:45.185,kucoinfutures,ETH/USDT:USDT,3810.87,811.0,3810.86,320.0,3810.88,1076.0,3811.08,166.0
1753769325188,06:08:45.188,kucoinfutures,ETH/USDT:USDT,3810.87,811.0,3810.86,320.0,3810.88,1076.0,3811.08,166.0
1753769325189,06:08:45.189,kucoinfutures,ETH/USDT:USDT,3810.87,811.0,3810.86,320.0,3810.88,1076.0,3811.08,166.0
1753769325190,06:08:45.190,kucoinfutures,ETH/USDT:USDT,3810.87,811.0,3810.86,320.0,3810.88,1076.0,3811.08,166.0
1753769325193,06:08:45.193,kucoinfutures,ETH/USDT:USDT,3810.87,502.0,3810.68,16.0,3810.88,1076.0,3811.08,166.0
1753769325195,06:08:45.195,kucoinfutures,ETH/USDT:USDT,3810.87,502.0,3810.68,16.0,3810.88,1076.0,3811.08,166.0
1753769325196,06:08:45.196,kucoinfutures,ETH/USDT:USDT,3810.87,502.0,3810.68,16.0,3810.88,1076.0,3811.08,166.0
1753769325205,06:08:45.205,kucoinfutures,ETH/USDT:USDT,3810.87,502.0,3810.68,16.0,3810.88,1386.0,3811.08,166.0
1753769325208,06:08:45.208,kucoinfutures,ETH/USDT:USDT,3810.87,502.0,3810.68,16.0,3810.88,1386.0,3811.08,166.0
1753769325237,06:08:45.237,kucoinfutures,ETH/USDT:USDT,3810.87,502.0,3810.68,16.0,3810.88,1386.0,3811.08,166.0
1753769325237,06:08:45.237,kucoinfutures,ETH/USDT:USDT,3810.87,502.0,3810.68,16.0,3810.88,1386.0,3811.08,166.0
1753769325238,06:08:45.238,kucoinfutures,ETH/USDT:USDT,3810.87,502.0,3810.68,16.0,3810.88,1076.0,3811.07,26.0
1753769325238,06:08:45.238,kucoinfutures,ETH/USDT:USDT,3810.87,208.0,3810.68,16.0,3810.88,1076.0,3811.07,26.0
1753769325240,06:08:45.240,kucoinfutures,ETH/USDT:USDT,3810.87,208.0,3810.68,16.0,3810.88,1076.0,3811.07,26.0
1753769325240,06:08:45.240,kucoinfutures,ETH/USDT:USDT,3810.87,208.0,3810.68,16.0,3810.88,1076.0,3811.07,26.0
1753769325242,06:08:45.242,kucoinfutures,ETH/USDT:USDT,3810.87,208.0,3810.69,96.0,3810.88,1076.0,3811.07,26.0
1753769325248,06:08:45.248,kucoinfutures,ETH/USDT:USDT,3810.87,208.0,3810.69,96.0,3810.88,1076.0,3811.07,26.0
1753769325253,06:08:45.253,kucoinfutures,ETH/USDT:USDT,3810.87,208.0,3810.69,96.0,3810.88,1076.0,3811.07,26.0
1753769325256,06:08:45.256,kucoinfutures,ETH/USDT:USDT,3810.87,208.0,3810.69,96.0,3810.88,1076.0,3811.07,26.0
1753769325258,06:08:45.258,kucoinfutures,ETH/USDT:USDT,3810.87,208.0,3810.7,16.0,3810.88,1076.0,3811.07,26.0
1753769325262,06:08:45.262,kucoinfutures,ETH/USDT:USDT,3810.87,208.0,3810.7,16.0,3810.88,1076.0,3811.07,26.0
1753769325262,06:08:45.262,kucoinfutures,ETH/USDT:USDT,3810.87,208.0,3810.7,16.0,3810.88,1076.0,3811.07,26.0
1753769325264,06:08:45.264,kucoinfutures,ETH/USDT:USDT,3810.87,208.0,3810.7,16.0,3810.88,1076.0,3811.07,26.0
1753769325266,06:08:45.266,kucoinfutures,ETH/USDT:USDT,3810.87,208.0,3810.7,16.0,3810.88,1076.0,3811.07,26.0
1753769325267,06:08:45.267,kucoinfutures,ETH/USDT:USDT,3810.87,208.0,3810.7,16.0,3810.88,1076.0,3811.07,26.0
1753769325272,06:08:45.272,kucoinfutures,ETH/USDT:USDT,3810.87,208.0,3810.7,16.0,3810.88,1076.0,3811.07,26.0
1753769325276,06:08:45.276,kucoinfutures,ETH/USDT:USDT,3810.87,208.0,3810.7,16.0,3810.88,1076.0,3811.07,26.0
1753769325279,06:08:45.279,kucoinfutures,ETH/USDT:USDT,3810.87,208.0,3810.7,16.0,3810.88,1076.0,3811.07,26.0
1753769325279,06:08:45.279,kucoinfutures,ETH/USDT:USDT,3810.87,208.0,3810.7,16.0,3810.88,1076.0,3811.07,26.0
1753769325281,06:08:45.281,kucoinfutures,ETH/USDT:USDT,3810.87,208.0,3810.7,16.0,3810.88,1076.0,3811.07,26.0
1753769325289,06:08:45.289,kucoinfutures,ETH/USDT:USDT,3810.87,208.0,3810.7,16.0,3810.88,1386.0,3811.07,26.0
1753769325290,06:08:45.290,kucoinfutures,ETH/USDT:USDT,3810.87,208.0,3810.7,16.0,3810.88,1386.0,3811.07,26.0
1753769325295,06:08:45.295,kucoinfutures,ETH/USDT:USDT,3810.87,208.0,3810.71,96.0,3810.88,1386.0,3811.07,26.0
1753769325300,06:08:45.300,kucoinfutures,ETH/USDT:USDT,3810.87,208.0,3810.71,96.0,3810.88,1386.0,3811.07,26.0
1753769325316,06:08:45.316,kucoinfutures,ETH/USDT:USDT,3810.87,208.0,3810.71,96.0,3810.88,1386.0,3811.07,26.0
1753769325319,06:08:45.319,kucoinfutures,ETH/USDT:USDT,3810.87,208.0,3810.71,96.0,3810.88,1386.0,3811.07,26.0
1753769325323,06:08:45.323,kucoinfutures,ETH/USDT:USDT,3810.87,208.0,3810.71,96.0,3810.88,1386.0,3811.07,26.0
1753769325330,06:08:45.330,kucoinfutures,ETH/USDT:USDT,3810.87,208.0,3810.71,96.0,3810.88,1386.0,3811.07,26.0
1753769325333,06:08:45.333,kucoinfutures,ETH/USDT:USDT,3810.87,208.0,3810.71,96.0,3810.88,1386.0,3811.07,26.0
1753769325337,06:08:45.337,kucoinfutures,ETH/USDT:USDT,3810.87,208.0,3810.71,96.0,3810.88,1386.0,3811.07,26.0
1753769325342,06:08:45.342,kucoinfutures,ETH/USDT:USDT,3810.87,208.0,3810.71,96.0,3810.88,1386.0,3811.07,26.0
1753769325354,06:08:45.354,kucoinfutures,ETH/USDT:USDT,3810.87,208.0,3810.71,96.0,3810.88,1386.0,3811.07,26.0
1753769325356,06:08:45.356,kucoinfutures,ETH/USDT:USDT,3810.87,208.0,3810.72,16.0,3810.88,1386.0,3811.07,26.0
1753769325360,06:08:45.360,kucoinfutures,ETH/USDT:USDT,3810.87,208.0,3810.73,96.0,3810.88,1386.0,3811.07,26.0
1753769325360,06:08:45.360,kucoinfutures,ETH/USDT:USDT,3810.87,208.0,3810.73,96.0,3810.88,1386.0,3811.07,26.0
1753769325394,06:08:45.394,kucoinfutures,ETH/USDT:USDT,3810.87,208.0,3810.73,96.0,3810.88,1386.0,3811.07,26.0
1753769325412,06:08:45.412,kucoinfutures,ETH/USDT:USDT,3810.87,477.0,3810.72,16.0,3810.88,1386.0,3811.07,26.0
1753769325421,06:08:45.421,kucoinfutures,ETH/USDT:USDT,3810.87,304.0,3810.72,16.0,3810.88,1386.0,3811.07,26.0
1753769325425,06:08:45.425,kucoinfutures,ETH/USDT:USDT,3810.87,304.0,3810.72,16.0,3810.88,1386.0,3811.07,26.0
1753769325428,06:08:45.428,kucoinfutures,ETH/USDT:USDT,3810.87,304.0,3810.72,16.0,3810.88,1386.0,3811.07,26.0
1753769325434,06:08:45.434,kucoinfutures,ETH/USDT:USDT,3810.87,304.0,3810.72,16.0,3810.88,1386.0,3811.07,26.0
1753769325455,06:08:45.455,kucoinfutures,ETH/USDT:USDT,3810.87,304.0,3810.67,166.0,3810.88,1386.0,3811.07,26.0
1753769325461,06:08:45.461,kucoinfutures,ETH/USDT:USDT,3810.87,304.0,3810.68,16.0,3810.88,1386.0,3811.07,26.0
1753769325499,06:08:45.499,kucoinfutures,ETH/USDT:USDT,3810.87,304.0,3810.68,16.0,3810.88,1386.0,3811.07,26.0
1753769325512,06:08:45.512,kucoinfutures,ETH/USDT:USDT,3810.87,304.0,3810.68,16.0,3810.88,1386.0,3811.07,26.0
1753769325652,06:08:45.652,kucoinfutures,ETH/USDT:USDT,3810.87,304.0,3810.68,16.0,3810.88,1386.0,3811.07,26.0
1753769325662,06:08:45.662,kucoinfutures,ETH/USDT:USDT,3810.87,304.0,3810.68,16.0,3810.88,1386.0,3811.07,26.0
1753769325666,06:08:45.666,kucoinfutures,ETH/USDT:USDT,3810.87,304.0,3810.68,16.0,3810.88,1386.0,3811.07,26.0
1753769325673,06:08:45.673,kucoinfutures,ETH/USDT:USDT,3810.87,304.0,3810.68,16.0,3810.88,1386.0,3811.07,26.0
1753769325685,06:08:45.685,kucoinfutures,ETH/USDT:USDT,3810.87,304.0,3810.68,16.0,3810.88,1386.0,3811.07,26.0
1753769325724,06:08:45.724,kucoinfutures,ETH/USDT:USDT,3810.87,304.0,3810.68,16.0,3810.88,1386.0,3811.07,26.0
1753769325760,06:08:45.760,kucoinfutures,ETH/USDT:USDT,3810.87,598.0,3810.68,16.0,3810.88,1386.0,3811.07,26.0
1753769325760,06:08:45.760,kucoinfutures,ETH/USDT:USDT,3810.87,598.0,3810.68,16.0,3810.88,1386.0,3811.07,26.0
1753769325769,06:08:45.769,kucoinfutures,ETH/USDT:USDT,3810.87,598.0,3810.68,16.0,3810.88,1386.0,3811.07,26.0
1753769325776,06:08:45.776,kucoinfutures,ETH/USDT:USDT,3810.87,598.0,3810.68,16.0,3810.88,1386.0,3811.07,26.0
1753769325787,06:08:45.787,kucoinfutures,ETH/USDT:USDT,3810.87,598.0,3810.68,16.0,3810.88,1386.0,3811.07,26.0
1753769325788,06:08:45.788,kucoinfutures,ETH/USDT:USDT,3810.87,598.0,3810.68,16.0,3810.88,1386.0,3811.07,26.0
1753769325795,06:08:45.795,kucoinfutures,ETH/USDT:USDT,3810.87,598.0,3810.68,16.0,3810.88,1386.0,3811.07,26.0
1753769325806,06:08:45.806,kucoinfutures,ETH/USDT:USDT,3810.87,598.0,3810.68,16.0,3810.88,1386.0,3811.07,26.0
1753769325806,06:08:45.806,kucoinfutures,ETH/USDT:USDT,3810.87,598.0,3810.68,16.0,3810.88,1386.0,3811.07,26.0
1753769325811,06:08:45.811,kucoinfutures,ETH/USDT:USDT,3810.87,598.0,3810.68,16.0,3810.88,1386.0,3811.07,26.0
1753769325818,06:08:45.818,kucoinfutures,ETH/USDT:USDT,3810.87,598.0,3810.68,16.0,3810.88,1386.0,3811.07,26.0
1753769325824,06:08:45.824,kucoinfutures,ETH/USDT:USDT,3810.87,598.0,3810.68,16.0,3810.88,1386.0,3811.07,26.0
1753769325830,06:08:45.830,kucoinfutures,ETH/USDT:USDT,3810.87,598.0,3810.68,16.0,3810.88,1386.0,3811.07,26.0
1753769325936,06:08:45.936,kucoinfutures,ETH/USDT:USDT,3810.87,598.0,3810.68,16.0,3810.88,1386.0,3811.07,26.0
1753769326044,06:08:46.044,kucoinfutures,ETH/USDT:USDT,3810.87,598.0,3810.68,16.0,3810.88,1386.0,3811.07,164.0
1753769326052,06:08:46.052,kucoinfutures,ETH/USDT:USDT,3810.87,598.0,3810.68,16.0,3810.88,1386.0,3811.07,164.0
1753769326083,06:08:46.083,kucoinfutures,ETH/USDT:USDT,3810.87,598.0,3810.68,16.0,3810.88,1386.0,3811.07,164.0
1753769326177,06:08:46.177,kucoinfutures,ETH/USDT:USDT,3810.87,598.0,3810.68,16.0,3810.88,1386.0,3811.07,164.0
1753769326188,06:08:46.188,kucoinfutures,ETH/USDT:USDT,3810.87,598.0,3810.68,16.0,3810.88,1386.0,3811.07,164.0
1753769326188,06:08:46.188,kucoinfutures,ETH/USDT:USDT,3810.87,598.0,3810.68,16.0,3810.88,1386.0,3811.07,164.0
1753769326251,06:08:46.251,kucoinfutures,ETH/USDT:USDT,3810.87,598.0,3810.68,16.0,3810.88,1386.0,3811.07,164.0
1753769326255,06:08:46.255,kucoinfutures,ETH/USDT:USDT,3810.87,598.0,3810.68,16.0,3810.88,1386.0,3811.07,114.0
1753769326264,06:08:46.264,kucoinfutures,ETH/USDT:USDT,3810.87,598.0,3810.68,16.0,3810.88,1386.0,3811.07,88.0
1753769326435,06:08:46.435,kucoinfutures,ETH/USDT:USDT,3810.87,764.0,3810.68,16.0,3810.88,1386.0,3811.07,88.0
1753769326499,06:08:46.499,kucoinfutures,ETH/USDT:USDT,3810.87,1246.0,3810.68,16.0,3810.88,1076.0,3811.07,88.0
1753769326501,06:08:46.501,kucoinfutures,ETH/USDT:USDT,3810.87,1246.0,3810.68,16.0,3810.88,1076.0,3811.07,88.0
1753769326517,06:08:46.517,kucoinfutures,ETH/USDT:USDT,3810.87,1246.0,3810.68,16.0,3810.88,1076.0,3811.07,88.0
1753769326517,06:08:46.517,kucoinfutures,ETH/USDT:USDT,3810.87,1246.0,3810.68,16.0,3810.88,1076.0,3811.07,88.0
1753769326520,06:08:46.520,kucoinfutures,ETH/USDT:USDT,3810.87,1246.0,3810.68,16.0,3810.88,1076.0,3811.07,88.0
1753769326522,06:08:46.522,kucoinfutures,ETH/USDT:USDT,3810.87,1246.0,3810.68,16.0,3810.88,1076.0,3811.07,88.0
1753769326523,06:08:46.523,kucoinfutures,ETH/USDT:USDT,3810.87,1246.0,3810.68,16.0,3810.88,1076.0,3811.07,88.0
1753769326545,06:08:46.545,kucoinfutures,ETH/USDT:USDT,3810.87,1246.0,3810.68,16.0,3810.88,1076.0,3811.07,88.0
1753769326550,06:08:46.550,kucoinfutures,ETH/USDT:USDT,3810.87,1246.0,3810.68,16.0,3810.88,1076.0,3811.07,88.0
1753769326551,06:08:46.551,kucoinfutures,ETH/USDT:USDT,3810.87,1246.0,3810.68,16.0,3810.88,1076.0,3811.07,88.0
1753769326565,06:08:46.565,kucoinfutures,ETH/USDT:USDT,3810.87,1246.0,3810.68,16.0,3810.88,937.0,3811.07,88.0
1753769326608,06:08:46.608,kucoinfutures,ETH/USDT:USDT,3810.87,1246.0,3810.68,16.0,3810.88,937.0,3811.07,88.0
1753769326610,06:08:46.610,kucoinfutures,ETH/USDT:USDT,3810.87,1246.0,3810.78,320.0,3810.88,937.0,3811.07,88.0
1753769326611,06:08:46.611,kucoinfutures,ETH/USDT:USDT,3810.87,1246.0,3810.78,320.0,3810.88,937.0,3811.07,88.0
1753769326620,06:08:46.620,kucoinfutures,ETH/USDT:USDT,3810.87,1246.0,3810.78,320.0,3810.88,937.0,3811.07,88.0
1753769326620,06:08:46.620,kucoinfutures,ETH/USDT:USDT,3810.87,1246.0,3810.78,320.0,3810.88,937.0,3811.07,88.0
1753769326655,06:08:46.655,kucoinfutures,ETH/USDT:USDT,3810.87,1246.0,3810.78,320.0,3810.88,937.0,3811.07,88.0
1753769326661,06:08:46.661,kucoinfutures,ETH/USDT:USDT,3810.87,1246.0,3810.78,320.0,3810.88,937.0,3811.07,88.0
1753769326661,06:08:46.661,kucoinfutures,ETH/USDT:USDT,3810.87,1246.0,3810.78,320.0,3810.88,937.0,3811.07,88.0
1753769326694,06:08:46.694,kucoinfutures,ETH/USDT:USDT,3810.87,1246.0,3810.78,320.0,3810.88,937.0,3811.07,88.0
1753769326765,06:08:46.765,kucoinfutures,ETH/USDT:USDT,3810.87,1246.0,3810.78,320.0,3810.88,937.0,3811.07,88.0
1753769326805,06:08:46.805,kucoinfutures,ETH/USDT:USDT,3810.87,1246.0,3810.78,320.0,3810.88,937.0,3811.07,88.0
1753769326805,06:08:46.805,kucoinfutures,ETH/USDT:USDT,3810.87,1246.0,3810.78,320.0,3810.88,937.0,3811.07,88.0
1753769326808,06:08:46.808,kucoinfutures,ETH/USDT:USDT,3810.87,1246.0,3810.78,320.0,3810.88,937.0,3811.07,88.0
1753769326808,06:08:46.808,kucoinfutures,ETH/USDT:USDT,3810.87,1246.0,3810.78,320.0,3810.88,937.0,3811.07,88.0
1753769326808,06:08:46.808,kucoinfutures,ETH/USDT:USDT,3810.87,1246.0,3810.78,320.0,3810.88,937.0,3811.07,88.0
1753769326808,06:08:46.808,kucoinfutures,ETH/USDT:USDT,3810.87,1246.0,3810.78,320.0,3810.88,937.0,3811.07,88.0
1753769326808,06:08:46.808,kucoinfutures,ETH/USDT:USDT,3810.87,1246.0,3810.78,320.0,3810.88,937.0,3811.07,88.0
1753769326812,06:08:46.812,kucoinfutures,ETH/USDT:USDT,3810.87,1246.0,3810.78,320.0,3810.88,937.0,3811.07,88.0
1753769326866,06:08:46.866,kucoinfutures,ETH/USDT:USDT,3810.87,1246.0,3810.78,320.0,3810.88,937.0,3811.1,26.0
1753769326874,06:08:46.874,kucoinfutures,ETH/USDT:USDT,3810.87,1246.0,3810.78,320.0,3810.88,937.0,3811.27,51.0
1753769326874,06:08:46.874,kucoinfutures,ETH/USDT:USDT,3810.87,1246.0,3810.78,320.0,3810.88,937.0,3811.26,26.0
1753769326925,06:08:46.925,kucoinfutures,ETH/USDT:USDT,3810.87,1246.0,3810.78,320.0,3810.88,937.0,3811.26,26.0
1753769326971,06:08:46.971,kucoinfutures,ETH/USDT:USDT,3810.87,1246.0,3810.78,320.0,3810.88,937.0,3811.26,26.0
1753769326974,06:08:46.974,kucoinfutures,ETH/USDT:USDT,3810.87,1246.0,3810.78,320.0,3810.88,937.0,3811.26,26.0
1753769326994,06:08:46.994,kucoinfutures,ETH/USDT:USDT,3810.87,1246.0,3810.78,320.0,3810.88,937.0,3811.26,26.0
1753769327003,06:08:47.003,kucoinfutures,ETH/USDT:USDT,3810.87,1246.0,3810.78,320.0,3810.88,937.0,3811.26,26.0
1753769327196,06:08:47.196,kucoinfutures,ETH/USDT:USDT,3810.87,1246.0,3810.78,320.0,3810.88,937.0,3811.26,26.0
1753769327200,06:08:47.200,kucoinfutures,ETH/USDT:USDT,3810.87,1246.0,3810.78,320.0,3810.88,937.0,3811.26,26.0
1753769327320,06:08:47.320,kucoinfutures,ETH/USDT:USDT,3810.87,1246.0,3810.78,320.0,3810.88,937.0,3811.26,26.0
1753769327326,06:08:47.326,kucoinfutures,ETH/USDT:USDT,3810.87,1246.0,3810.78,320.0,3810.88,937.0,3811.26,26.0
1753769327566,06:08:47.566,kucoinfutures,ETH/USDT:USDT,3810.87,907.0,3810.78,320.0,3810.88,1110.0,3811.26,26.0
1753769327625,06:08:47.625,kucoinfutures,ETH/USDT:USDT,3810.87,907.0,3810.78,320.0,3810.88,1110.0,3811.26,26.0
1753769327643,06:08:47.643,kucoinfutures,ETH/USDT:USDT,3810.87,907.0,3810.78,320.0,3810.88,1110.0,3811.08,166.0
1753769327650,06:08:47.650,kucoinfutures,ETH/USDT:USDT,3810.87,907.0,3810.78,320.0,3810.88,1110.0,3811.07,76.0
1753769327672,06:08:47.672,kucoinfutures,ETH/USDT:USDT,3810.87,907.0,3810.78,320.0,3810.88,1110.0,3811.07,76.0
1753769327675,06:08:47.675,kucoinfutures,ETH/USDT:USDT,3810.87,907.0,3810.78,320.0,3810.88,1110.0,3811.07,76.0
1753769327678,06:08:47.678,kucoinfutures,ETH/USDT:USDT,3810.87,907.0,3810.78,320.0,3810.88,1110.0,3811.07,76.0
1753769327681,06:08:47.681,kucoinfutures,ETH/USDT:USDT,3810.87,907.0,3810.78,320.0,3810.88,1110.0,3811.07,76.0
1753769327682,06:08:47.682,kucoinfutures,ETH/USDT:USDT,3810.87,907.0,3810.78,320.0,3810.88,1110.0,3811.07,76.0
1753769327685,06:08:47.685,kucoinfutures,ETH/USDT:USDT,3810.87,907.0,3810.78,320.0,3810.88,1110.0,3811.07,76.0
1753769327702,06:08:47.702,kucoinfutures,ETH/USDT:USDT,3810.87,907.0,3810.78,320.0,3810.88,1110.0,3811.07,76.0
1753769327704,06:08:47.704,kucoinfutures,ETH/USDT:USDT,3810.87,907.0,3810.78,320.0,3810.88,1110.0,3811.07,76.0
1753769327715,06:08:47.715,kucoinfutures,ETH/USDT:USDT,3810.87,907.0,3810.78,320.0,3810.88,1110.0,3811.07,76.0
1753769327718,06:08:47.718,kucoinfutures,ETH/USDT:USDT,3810.87,907.0,3810.78,320.0,3810.88,1110.0,3811.07,76.0
1753769327720,06:08:47.720,kucoinfutures,ETH/USDT:USDT,3810.87,907.0,3810.78,320.0,3810.88,1110.0,3811.07,76.0
1753769327722,06:08:47.722,kucoinfutures,ETH/USDT:USDT,3810.87,907.0,3810.78,320.0,3810.88,1110.0,3811.07,76.0
1753769327728,06:08:47.728,kucoinfutures,ETH/USDT:USDT,3810.87,907.0,3810.78,320.0,3810.88,1110.0,3811.07,76.0
1753769327728,06:08:47.728,kucoinfutures,ETH/USDT:USDT,3810.87,907.0,3810.78,320.0,3810.88,1110.0,3811.07,76.0
1753769327755,06:08:47.755,kucoinfutures,ETH/USDT:USDT,3810.87,907.0,3810.78,320.0,3810.88,1110.0,3811.07,76.0
1753769327756,06:08:47.756,kucoinfutures,ETH/USDT:USDT,3810.87,907.0,3810.78,320.0,3810.88,1110.0,3811.07,76.0
1753769327756,06:08:47.756,kucoinfutures,ETH/USDT:USDT,3810.87,907.0,3810.78,320.0,3810.88,1110.0,3811.07,76.0
1753769327766,06:08:47.766,kucoinfutures,ETH/USDT:USDT,3810.87,907.0,3810.78,320.0,3810.88,1110.0,3811.07,76.0
1753769327773,06:08:47.773,kucoinfutures,ETH/USDT:USDT,3810.87,907.0,3810.78,320.0,3810.88,1110.0,3811.07,76.0
1753769327859,06:08:47.859,kucoinfutures,ETH/USDT:USDT,3810.87,907.0,3810.78,320.0,3810.88,1110.0,3811.07,76.0
1753769327900,06:08:47.900,kucoinfutures,ETH/USDT:USDT,3810.87,907.0,3810.78,320.0,3810.88,1110.0,3811.25,26.0
1753769327973,06:08:47.973,kucoinfutures,ETH/USDT:USDT,3810.87,1080.0,3810.78,320.0,3810.88,1110.0,3811.25,26.0
1753769327981,06:08:47.981,kucoinfutures,ETH/USDT:USDT,3810.87,1080.0,3810.78,320.0,3810.88,1110.0,3811.25,26.0
1753769327983,06:08:47.983,kucoinfutures,ETH/USDT:USDT,3810.87,1080.0,3810.78,320.0,3810.88,1110.0,3811.25,26.0
1753769328007,06:08:48.007,kucoinfutures,ETH/USDT:USDT,3810.87,1080.0,3810.78,320.0,3810.88,937.0,3811.25,26.0
1753769328013,06:08:48.013,kucoinfutures,ETH/USDT:USDT,3810.87,1080.0,3810.78,320.0,3810.88,937.0,3811.25,26.0
1753769328070,06:08:48.070,kucoinfutures,ETH/USDT:USDT,3810.87,1080.0,3810.78,320.0,3810.88,937.0,3811.25,26.0
1753769328076,06:08:48.076,kucoinfutures,ETH/USDT:USDT,3810.87,1246.0,3810.78,320.0,3810.88,937.0,3811.25,26.0
1753769328155,06:08:48.155,kucoinfutures,ETH/USDT:USDT,3810.87,1246.0,3810.78,320.0,3810.88,937.0,3811.25,26.0
1753769328157,06:08:48.157,kucoinfutures,ETH/USDT:USDT,3810.87,1246.0,3810.78,320.0,3810.88,937.0,3811.25,26.0
1753769328157,06:08:48.157,kucoinfutures,ETH/USDT:USDT,3810.87,1246.0,3810.78,320.0,3810.88,937.0,3811.25,26.0
1753769328157,06:08:48.157,kucoinfutures,ETH/USDT:USDT,3810.87,1246.0,3810.78,320.0,3810.88,937.0,3811.25,26.0
1753769328193,06:08:48.193,kucoinfutures,ETH/USDT:USDT,3810.87,1246.0,3810.78,320.0,3810.88,937.0,3811.25,26.0
1753769328231,06:08:48.231,kucoinfutures,ETH/USDT:USDT,3810.87,1246.0,3810.78,320.0,3810.88,937.0,3811.25,26.0
1753769328235,06:08:48.235,kucoinfutures,ETH/USDT:USDT,3810.87,1246.0,3810.78,320.0,3810.88,937.0,3811.25,26.0
1753769328236,06:08:48.236,kucoinfutures,ETH/USDT:USDT,3810.87,1246.0,3810.78,320.0,3810.88,937.0,3811.25,26.0
1753769328242,06:08:48.242,kucoinfutures,ETH/USDT:USDT,3810.87,1246.0,3810.78,320.0,3810.88,937.0,3811.25,26.0
1753769328451,06:08:48.451,kucoinfutures,ETH/USDT:USDT,3810.87,1246.0,3810.78,320.0,3810.88,937.0,3811.25,26.0
1753769328460,06:08:48.460,kucoinfutures,ETH/USDT:USDT,3810.87,1246.0,3810.78,320.0,3810.88,937.0,3811.25,26.0
1753769328464,06:08:48.464,kucoinfutures,ETH/USDT:USDT,3810.87,1246.0,3810.78,320.0,3810.88,937.0,3811.25,26.0
1753769328518,06:08:48.518,kucoinfutures,ETH/USDT:USDT,3810.87,1246.0,3810.78,320.0,3810.88,937.0,3811.25,26.0
1753769328669,06:08:48.669,kucoinfutures,ETH/USDT:USDT,3810.87,1246.0,3810.78,320.0,3810.88,937.0,3811.25,26.0
1753769329188,06:08:49.188,kucoinfutures,ETH/USDT:USDT,3810.87,1246.0,3810.78,320.0,3810.88,937.0,3811.26,88.0
1753769329229,06:08:49.229,kucoinfutures,ETH/USDT:USDT,3810.87,1246.0,3810.78,320.0,3810.88,937.0,3811.26,88.0
1753769329232,06:08:49.232,kucoinfutures,ETH/USDT:USDT,3810.87,1246.0,3810.78,320.0,3810.88,937.0,3811.26,88.0
1753769329239,06:08:49.239,kucoinfutures,ETH/USDT:USDT,3810.87,1246.0,3810.78,320.0,3810.88,937.0,3811.26,88.0
1753769329248,06:08:49.248,kucoinfutures,ETH/USDT:USDT,3810.87,1246.0,3810.78,320.0,3810.88,937.0,3811.26,88.0
1753769329346,06:08:49.346,kucoinfutures,ETH/USDT:USDT,3810.87,1246.0,3810.78,320.0,3810.88,937.0,3811.26,88.0
1753769329385,06:08:49.385,kucoinfutures,ETH/USDT:USDT,3810.87,1246.0,3810.78,320.0,3810.88,937.0,3811.26,88.0
1753769329467,06:08:49.467,kucoinfutures,ETH/USDT:USDT,3810.87,1246.0,3810.78,320.0,3810.88,937.0,3811.26,88.0
1753769329470,06:08:49.470,kucoinfutures,ETH/USDT:USDT,3810.87,1246.0,3810.78,320.0,3810.88,937.0,3811.26,88.0
1753769329474,06:08:49.474,kucoinfutures,ETH/USDT:USDT,3810.87,1246.0,3810.78,320.0,3810.88,937.0,3811.26,88.0
1753769330074,06:08:50.074,kucoinfutures,ETH/USDT:USDT,3810.87,1246.0,3810.78,320.0,3810.88,937.0,3811.26,88.0
1753769330236,06:08:50.236,kucoinfutures,ETH/USDT:USDT,3810.87,1246.0,3810.78,320.0,3810.88,937.0,3811.26,88.0
1753769330237,06:08:50.237,kucoinfutures,ETH/USDT:USDT,3810.87,1246.0,3810.78,320.0,3810.88,937.0,3811.26,88.0
1753769330239,06:08:50.239,kucoinfutures,ETH/USDT:USDT,3810.87,1246.0,3810.78,320.0,3810.88,937.0,3811.26,88.0
1753769330283,06:08:50.283,kucoinfutures,ETH/USDT:USDT,3810.87,1246.0,3810.78,320.0,3810.88,937.0,3811.26,88.0
1753769330309,06:08:50.309,kucoinfutures,ETH/USDT:USDT,3810.87,1246.0,3810.78,320.0,3810.88,937.0,3811.26,88.0
1753769330356,06:08:50.356,kucoinfutures,ETH/USDT:USDT,3810.87,1246.0,3810.78,320.0,3810.88,937.0,3811.26,88.0
1753769330654,06:08:50.654,kucoinfutures,ETH/USDT:USDT,3810.87,1246.0,3810.78,320.0,3810.88,937.0,3811.26,88.0
1753769330726,06:08:50.726,kucoinfutures,ETH/USDT:USDT,3810.87,1246.0,3810.78,320.0,3810.88,937.0,3811.26,88.0
1753769330787,06:08:50.787,kucoinfutures,ETH/USDT:USDT,3810.87,1246.0,3810.78,320.0,3810.88,937.0,3811.26,88.0
1753769330796,06:08:50.796,kucoinfutures,ETH/USDT:USDT,3810.87,1246.0,3810.78,320.0,3810.88,937.0,3811.26,88.0
1753769330798,06:08:50.798,kucoinfutures,ETH/USDT:USDT,3810.87,1246.0,3810.78,320.0,3810.88,937.0,3811.26,88.0
1753769330803,06:08:50.803,kucoinfutures,ETH/USDT:USDT,3810.87,1246.0,3810.78,320.0,3810.88,937.0,3811.26,88.0
1753769330830,06:08:50.830,kucoinfutures,ETH/USDT:USDT,3810.87,1246.0,3810.78,320.0,3810.88,937.0,3811.26,88.0
1753769330906,06:08:50.906,kucoinfutures,ETH/USDT:USDT,3810.87,1246.0,3810.78,320.0,3810.88,937.0,3811.26,88.0
1753769330978,06:08:50.978,kucoinfutures,ETH/USDT:USDT,3810.87,1246.0,3810.78,320.0,3810.88,937.0,3811.26,88.0
1753769330981,06:08:50.981,kucoinfutures,ETH/USDT:USDT,3810.87,1246.0,3810.78,320.0,3810.88,937.0,3811.26,88.0
1753769331055,06:08:51.055,kucoinfutures,ETH/USDT:USDT,3810.87,1246.0,3810.78,320.0,3810.88,937.0,3811.26,88.0
1753769331055,06:08:51.055,kucoinfutures,ETH/USDT:USDT,3810.87,1246.0,3810.78,320.0,3810.88,937.0,3811.26,88.0
1753769331060,06:08:51.060,kucoinfutures,ETH/USDT:USDT,3810.87,1246.0,3810.78,320.0,3810.88,937.0,3811.26,88.0
1753769331067,06:08:51.067,kucoinfutures,ETH/USDT:USDT,3810.87,1246.0,3810.78,320.0,3810.88,937.0,3811.26,88.0
1753769331188,06:08:51.188,kucoinfutures,ETH/USDT:USDT,3810.87,1246.0,3810.78,320.0,3810.88,937.0,3811.26,135.0
1753769331267,06:08:51.267,kucoinfutures,ETH/USDT:USDT,3810.87,1246.0,3810.78,320.0,3810.88,937.0,3811.26,135.0
1753769331268,06:08:51.268,kucoinfutures,ETH/USDT:USDT,3810.87,1246.0,3810.78,320.0,3810.88,937.0,3811.26,135.0
1753769331271,06:08:51.271,kucoinfutures,ETH/USDT:USDT,3810.87,1246.0,3810.78,320.0,3810.88,937.0,3811.26,135.0
1753769331271,06:08:51.271,kucoinfutures,ETH/USDT:USDT,3810.87,1246.0,3810.78,320.0,3810.88,937.0,3811.26,255.0
1753769331272,06:08:51.272,kucoinfutures,ETH/USDT:USDT,3810.87,1246.0,3810.78,320.0,3810.88,937.0,3811.26,255.0
1753769331273,06:08:51.273,kucoinfutures,ETH/USDT:USDT,3810.87,1246.0,3810.78,320.0,3810.88,937.0,3811.26,208.0
1753769331278,06:08:51.278,kucoinfutures,ETH/USDT:USDT,3810.87,1246.0,3810.78,320.0,3810.88,937.0,3811.26,208.0
1753769331304,06:08:51.304,kucoinfutures,ETH/USDT:USDT,3810.87,1246.0,3810.78,320.0,3810.88,937.0,3811.26,208.0
