timestamp,time,exchange,symbol,bid1_price,bid1_volume,bid2_price,bid2_volume,ask1_price,ask1_volume,ask2_price,ask2_volume
1753769518042,06:11:58.042,binance,BTC/USDT:USDT,118788.9,18.088,118788.8,0.046,118789.0,6.588,118789.1,0.003
1753769518111,06:11:58.111,binance,BTC/USDT:USDT,118788.9,18.09,118788.8,0.046,118789.0,6.599,118789.1,0.003
1753769518215,06:11:58.215,binance,BTC/USDT:USDT,118788.9,18.09,118788.8,0.046,118789.0,6.597,118789.1,0.003
1753769518318,06:11:58.318,binance,BTC/USDT:USDT,118788.9,18.087,118788.8,0.046,118789.0,6.611,118789.1,0.003
1753769518420,06:11:58.420,binance,BTC/USDT:USDT,118788.9,18.087,118788.8,0.046,118789.0,6.611,118789.1,0.003
1753769519129,06:11:59.129,binance,BTC/USDT:USDT,118788.9,18.118,118788.8,0.046,118789.0,6.635,118789.1,0.003
1753769519231,06:11:59.231,binance,BTC/USDT:USDT,118788.9,18.107,118788.8,0.046,118789.0,6.625,118789.1,0.003
1753769519334,06:11:59.334,binance,BTC/USDT:USDT,118788.9,18.111,118788.8,0.046,118789.0,6.625,118789.1,0.003
1753769519436,06:11:59.436,binance,BTC/USDT:USDT,118788.9,18.109,118788.8,0.046,118789.0,6.626,118789.1,0.003
1753769519538,06:11:59.538,binance,BTC/USDT:USDT,118788.9,18.107,118788.8,0.046,118789.0,6.62,118789.1,0.003
1753769519640,06:11:59.640,binance,BTC/USDT:USDT,118788.9,18.107,118788.8,0.046,118789.0,6.597,118789.1,0.003
1753769519845,06:11:59.845,binance,BTC/USDT:USDT,118788.9,18.108,118788.8,0.046,118789.0,6.592,118789.1,0.003
1753769519946,06:11:59.946,binance,BTC/USDT:USDT,118788.9,18.108,118788.8,0.046,118789.0,6.592,118789.1,0.003
1753769520047,06:12:00.047,binance,BTC/USDT:USDT,118788.9,18.107,118788.8,0.046,118789.0,6.592,118789.1,0.002
1753769520148,06:12:00.148,binance,BTC/USDT:USDT,118788.9,18.009,118788.8,0.046,118789.0,6.592,118789.1,0.003
1753769520251,06:12:00.251,binance,BTC/USDT:USDT,118788.9,18.082,118788.8,0.046,118789.0,6.591,118789.1,0.003
1753769520353,06:12:00.353,binance,BTC/USDT:USDT,118788.9,18.089,118788.8,0.046,118789.0,6.591,118789.1,0.003
1753769520456,06:12:00.456,binance,BTC/USDT:USDT,118788.9,18.089,118788.8,0.046,118789.0,6.591,118789.1,0.003
1753769520762,06:12:00.762,binance,BTC/USDT:USDT,118788.9,18.087,118788.8,0.046,118789.0,6.543,118789.1,0.003
1753769520864,06:12:00.864,binance,BTC/USDT:USDT,118788.9,18.09,118788.8,0.046,118789.0,6.543,118789.1,0.003
1753769520966,06:12:00.966,binance,BTC/USDT:USDT,118788.9,18.09,118788.8,0.046,118789.0,6.538,118789.1,0.003
1753769521068,06:12:01.068,binance,BTC/USDT:USDT,118788.9,18.09,118788.8,0.046,118789.0,6.544,118789.1,0.003
1753769521171,06:12:01.171,binance,BTC/USDT:USDT,118788.9,17.844,118788.8,0.046,118789.0,6.595,118789.1,0.003
1753769521272,06:12:01.272,binance,BTC/USDT:USDT,118788.9,17.973,118788.8,0.046,118789.0,6.584,118789.1,0.003
1753769521374,06:12:01.374,binance,BTC/USDT:USDT,118788.9,17.974,118788.8,0.046,118789.0,6.584,118789.1,0.003
1753769521475,06:12:01.475,binance,BTC/USDT:USDT,118788.9,17.971,118788.8,0.046,118789.0,6.592,118789.1,0.003
1753769521880,06:12:01.880,binance,BTC/USDT:USDT,118788.9,17.969,118788.8,0.046,118789.0,6.043,118789.1,0.003
1753769521983,06:12:01.983,binance,BTC/USDT:USDT,118788.9,18.305,118788.8,0.046,118789.0,6.035,118789.1,0.003
1753769522086,06:12:02.086,binance,BTC/USDT:USDT,118788.9,18.3,118788.8,0.046,118789.0,6.088,118789.1,0.003
1753769522189,06:12:02.189,binance,BTC/USDT:USDT,118788.9,18.3,118788.8,0.046,118789.0,5.971,118789.1,0.003
1753769522803,06:12:02.803,binance,BTC/USDT:USDT,118788.9,18.284,118788.8,0.046,118789.0,6.023,118789.1,0.003
1753769523007,06:12:03.007,binance,BTC/USDT:USDT,118788.9,18.286,118788.8,0.046,118789.0,6.023,118789.1,0.003
1753769523108,06:12:03.108,binance,BTC/USDT:USDT,118788.9,18.328,118788.8,0.046,118789.0,6.023,118789.1,0.003
1753769523209,06:12:03.209,binance,BTC/USDT:USDT,118788.9,18.307,118788.8,0.046,118789.0,6.025,118789.1,0.003
1753769523310,06:12:03.310,binance,BTC/USDT:USDT,118788.9,18.302,118788.8,0.046,118789.0,6.018,118789.1,0.003
1753769523620,06:12:03.620,binance,BTC/USDT:USDT,118788.9,18.272,118788.8,0.046,118789.0,5.995,118789.1,0.003
1753769524029,06:12:04.029,binance,BTC/USDT:USDT,118788.9,18.275,118788.8,0.046,118789.0,5.993,118789.1,0.003
1753769524130,06:12:04.130,binance,BTC/USDT:USDT,118788.9,18.387,118788.8,0.046,118789.0,5.993,118789.1,0.003
1753769524232,06:12:04.232,binance,BTC/USDT:USDT,118788.9,18.406,118788.8,0.046,118789.0,5.993,118789.1,0.003
1753769524335,06:12:04.335,binance,BTC/USDT:USDT,118788.9,18.404,118788.8,0.046,118789.0,6.091,118789.1,0.003
1753769524437,06:12:04.437,binance,BTC/USDT:USDT,118788.9,18.066,118788.8,0.046,118789.0,6.149,118789.1,0.003
1753769524745,06:12:04.745,binance,BTC/USDT:USDT,118788.9,18.067,118788.8,0.05,118789.0,6.149,118789.1,0.003
1753769524847,06:12:04.847,binance,BTC/USDT:USDT,118788.9,18.067,118788.8,0.05,118789.0,6.138,118789.1,0.003
1753769524949,06:12:04.949,binance,BTC/USDT:USDT,118788.9,18.067,118788.8,0.05,118789.0,6.138,118789.1,0.003
1753769525050,06:12:05.050,binance,BTC/USDT:USDT,118788.9,18.403,118788.8,0.05,118789.0,6.138,118789.1,0.003
1753769525152,06:12:05.152,binance,BTC/USDT:USDT,118788.9,18.066,118788.8,0.05,118789.0,6.138,118789.1,0.009
1753769525260,06:12:05.260,binance,BTC/USDT:USDT,118788.9,18.065,118788.8,0.05,118789.0,7.073,118789.1,0.007
1753769525361,06:12:05.361,binance,BTC/USDT:USDT,118788.9,18.095,118788.8,0.05,118789.0,5.984,118789.1,0.003
1753769525463,06:12:05.463,binance,BTC/USDT:USDT,118788.9,18.1,118788.8,0.05,118789.0,5.984,118789.1,0.003
1753769525564,06:12:05.564,binance,BTC/USDT:USDT,118788.9,18.101,118788.8,0.21,118789.0,5.984,118789.1,0.003
1753769525972,06:12:05.972,binance,BTC/USDT:USDT,118788.9,18.437,118788.8,0.05,118789.0,5.984,118789.1,0.003
1753769526076,06:12:06.076,binance,BTC/USDT:USDT,118788.9,18.437,118788.8,0.05,118789.0,5.984,118789.1,0.187
1753769526382,06:12:06.382,binance,BTC/USDT:USDT,118788.9,18.655,118788.8,0.05,118789.0,6.041,118789.1,0.187
1753769526483,06:12:06.483,binance,BTC/USDT:USDT,118788.9,19.645,118788.8,0.05,118789.0,6.041,118789.1,0.187
1753769526585,06:12:06.585,binance,BTC/USDT:USDT,118788.9,19.945,118788.8,0.05,118789.0,4.922,118789.1,0.187
1753769526688,06:12:06.688,binance,BTC/USDT:USDT,118788.9,19.945,118788.8,0.05,118789.0,4.922,118789.1,0.187
1753769526791,06:12:06.791,binance,BTC/USDT:USDT,118788.9,19.938,118788.8,0.05,118789.0,4.922,118789.1,0.187
1753769526895,06:12:06.895,binance,BTC/USDT:USDT,118788.9,19.698,118788.8,0.05,118789.0,4.922,118789.1,0.187
1753769527100,06:12:07.100,binance,BTC/USDT:USDT,118788.9,18.503,118788.8,0.05,118789.0,4.974,118789.1,0.187
1753769527204,06:12:07.204,binance,BTC/USDT:USDT,118788.9,18.503,118788.8,0.05,118789.0,4.974,118789.1,0.187
1753769527305,06:12:07.305,binance,BTC/USDT:USDT,118788.9,18.505,118788.8,0.05,118789.0,4.975,118789.1,0.187
1753769527406,06:12:07.406,binance,BTC/USDT:USDT,118788.9,18.504,118788.8,0.05,118789.0,4.975,118789.1,0.187
1753769527508,06:12:07.508,binance,BTC/USDT:USDT,118788.9,18.506,118788.8,0.05,118789.0,4.975,118789.1,0.187
1753769527609,06:12:07.609,binance,BTC/USDT:USDT,118788.9,18.504,118788.8,0.05,118789.0,4.975,118789.1,0.187
1753769527811,06:12:07.811,binance,BTC/USDT:USDT,118788.9,18.503,118788.8,0.05,118789.0,4.949,118789.1,0.186
1753769528118,06:12:08.118,binance,BTC/USDT:USDT,118788.9,18.504,118788.8,0.05,118789.0,4.949,118789.1,0.187
1753769528220,06:12:08.220,binance,BTC/USDT:USDT,118788.9,18.521,118788.8,0.05,118789.0,4.949,118789.1,0.187
1753769528322,06:12:08.322,binance,BTC/USDT:USDT,118788.9,18.517,118788.8,0.05,118789.0,4.953,118789.1,0.187
1753769528526,06:12:08.526,binance,BTC/USDT:USDT,118788.9,18.715,118788.8,0.05,118789.0,4.956,118789.1,0.187
1753769528630,06:12:08.630,binance,BTC/USDT:USDT,118788.9,18.715,118788.8,0.046,118789.0,4.956,118789.1,0.187
1753769528732,06:12:08.732,binance,BTC/USDT:USDT,118788.9,18.716,118788.8,0.046,118789.0,4.957,118789.1,0.187
1753769528833,06:12:08.833,binance,BTC/USDT:USDT,118788.9,18.38,118788.8,0.046,118789.0,5.052,118789.1,0.191
1753769528934,06:12:08.934,binance,BTC/USDT:USDT,118788.9,18.38,118788.8,0.046,118789.0,5.052,118789.1,0.193
1753769529237,06:12:09.237,binance,BTC/USDT:USDT,118788.9,18.382,118788.8,0.046,118789.0,4.903,118789.1,0.007
1753769529338,06:12:09.338,binance,BTC/USDT:USDT,118788.9,18.389,118788.8,0.046,118789.0,4.994,118789.1,0.007
1753769530049,06:12:10.049,binance,BTC/USDT:USDT,118788.9,18.577,118788.8,0.046,118789.0,4.993,118789.1,0.007
1753769530151,06:12:10.151,binance,BTC/USDT:USDT,118788.9,18.609,118788.8,0.046,118789.0,4.896,118789.1,0.007
1753769530253,06:12:10.253,binance,BTC/USDT:USDT,118788.9,18.607,118788.8,0.046,118789.0,4.896,118789.1,0.007
1753769530354,06:12:10.354,binance,BTC/USDT:USDT,118788.9,18.61,118788.8,0.046,118789.0,4.897,118789.1,0.007
1753769530456,06:12:10.456,binance,BTC/USDT:USDT,118788.9,19.146,118788.8,0.046,118789.0,4.897,118789.1,0.007
1753769530559,06:12:10.559,binance,BTC/USDT:USDT,118788.9,18.549,118788.8,0.046,118789.0,4.899,118789.1,0.007
1753769530660,06:12:10.660,binance,BTC/USDT:USDT,118797.5,0.114,118797.4,4.869,118798.0,0.007,118798.1,0.01
1753769531470,06:12:11.470,binance,BTC/USDT:USDT,118806.0,17.29,118805.9,0.002,118806.1,4.019,118806.2,0.006
1753769531572,06:12:11.572,binance,BTC/USDT:USDT,118806.0,17.471,118805.9,0.002,118806.1,3.137,118806.2,0.006
1753769531673,06:12:11.673,binance,BTC/USDT:USDT,118806.0,17.861,118805.9,0.002,118806.1,2.201,118806.2,0.002
1753769531980,06:12:11.980,binance,BTC/USDT:USDT,118806.0,19.095,118805.9,0.004,118806.1,2.219,118806.2,0.008
1753769532083,06:12:12.083,binance,BTC/USDT:USDT,118806.0,19.112,118805.9,0.004,118806.1,2.219,118806.2,0.006
1753769532186,06:12:12.186,binance,BTC/USDT:USDT,118806.0,19.126,118805.9,0.004,118806.1,2.219,118806.2,0.006
1753769532391,06:12:12.391,binance,BTC/USDT:USDT,118806.0,16.194,118805.9,0.004,118806.1,5.111,118806.2,0.006
1753769532492,06:12:12.492,binance,BTC/USDT:USDT,118806.0,14.903,118805.9,0.004,118806.1,5.4,118806.2,0.006
1753769532593,06:12:12.593,binance,BTC/USDT:USDT,118806.0,14.887,118805.9,0.004,118806.1,5.747,118806.2,0.006
1753769532694,06:12:12.694,binance,BTC/USDT:USDT,118806.0,14.92,118805.9,0.004,118806.1,5.472,118806.2,0.006
1753769533720,06:12:13.720,binance,BTC/USDT:USDT,118806.0,15.124,118805.9,0.004,118806.1,4.926,118806.2,0.007
1753769533822,06:12:13.822,binance,BTC/USDT:USDT,118806.0,15.124,118805.9,0.004,118806.1,5.482,118806.2,0.007
1753769533923,06:12:13.923,binance,BTC/USDT:USDT,118806.0,15.374,118805.9,0.004,118806.1,4.725,118806.2,0.007
1753769534026,06:12:14.026,binance,BTC/USDT:USDT,118806.0,15.375,118805.9,0.005,118806.1,4.724,118806.2,0.007
1753769534127,06:12:14.127,binance,BTC/USDT:USDT,118806.0,15.409,118805.9,0.005,118806.1,4.064,118806.2,0.006
1753769534231,06:12:14.231,binance,BTC/USDT:USDT,118806.0,15.41,118805.9,0.005,118806.1,4.004,118806.2,0.006
1753769534333,06:12:14.333,binance,BTC/USDT:USDT,118806.0,15.412,118805.9,0.005,118806.1,3.981,118806.2,0.006
1753769534434,06:12:14.434,binance,BTC/USDT:USDT,118806.0,15.413,118805.9,0.005,118806.1,3.985,118806.2,0.006
1753769534536,06:12:14.536,binance,BTC/USDT:USDT,118806.0,15.591,118805.9,0.005,118806.1,5.2,118806.2,0.006
1753769535450,06:12:15.450,binance,BTC/USDT:USDT,118806.0,13.779,118805.9,0.005,118806.1,6.988,118806.2,0.006
1753769535551,06:12:15.551,binance,BTC/USDT:USDT,118806.0,14.221,118805.9,0.005,118806.1,6.432,118806.2,0.006
1753769535963,06:12:15.963,binance,BTC/USDT:USDT,118806.0,13.781,118805.9,0.005,118806.1,7.259,118806.2,0.006
1753769536066,06:12:16.066,binance,BTC/USDT:USDT,118806.0,14.02,118805.9,0.005,118806.1,6.428,118806.2,0.031
1753769536169,06:12:16.169,binance,BTC/USDT:USDT,118806.0,14.033,118805.9,0.005,118806.1,6.429,118806.2,0.029
1753769536272,06:12:16.272,binance,BTC/USDT:USDT,118806.0,14.034,118805.9,0.005,118806.1,6.416,118806.2,0.029
1753769536373,06:12:16.373,binance,BTC/USDT:USDT,118806.0,14.122,118805.9,0.005,118806.1,7.248,118806.2,0.029
1753769536476,06:12:16.476,binance,BTC/USDT:USDT,118806.0,14.138,118805.9,0.005,118806.1,6.95,118806.2,0.029
1753769536580,06:12:16.580,binance,BTC/USDT:USDT,118806.0,14.057,118805.9,0.005,118806.1,7.493,118806.2,0.029
1753769536683,06:12:16.683,binance,BTC/USDT:USDT,118806.0,14.057,118805.9,0.005,118806.1,7.519,118806.2,0.029
1753769536786,06:12:16.786,binance,BTC/USDT:USDT,118806.0,14.053,118805.9,0.005,118806.1,6.982,118806.2,0.029
1753769536888,06:12:16.888,binance,BTC/USDT:USDT,118806.0,14.118,118805.9,0.005,118806.1,6.221,118806.2,0.029
1753769537706,06:12:17.706,binance,BTC/USDT:USDT,118822.2,5.899,118821.6,0.019,118822.8,0.038,118822.9,0.002
1753769538009,06:12:18.009,binance,BTC/USDT:USDT,118824.9,18.223,118824.8,0.172,118825.0,3.953,118825.1,0.006
1753769538110,06:12:18.110,binance,BTC/USDT:USDT,118824.9,16.413,118824.8,0.216,118825.0,2.93,118825.1,0.004
1753769538213,06:12:18.213,binance,BTC/USDT:USDT,118824.9,16.346,118824.8,0.216,118825.0,4.139,118825.3,0.002
1753769538316,06:12:18.316,binance,BTC/USDT:USDT,118824.9,16.363,118824.8,0.216,118825.0,4.125,118825.3,0.002
1753769538418,06:12:18.418,binance,BTC/USDT:USDT,118824.9,16.531,118824.8,0.216,118825.0,4.229,118825.3,0.002
1753769538519,06:12:18.519,binance,BTC/USDT:USDT,118824.9,16.566,118824.8,0.216,118825.0,3.951,118825.3,0.002
1753769538622,06:12:18.622,binance,BTC/USDT:USDT,118824.9,16.586,118824.8,0.216,118825.0,3.014,118825.3,0.002
1753769538723,06:12:18.723,binance,BTC/USDT:USDT,118824.9,14.767,118824.8,0.218,118825.0,6.807,118825.1,0.002
1753769538825,06:12:18.825,binance,BTC/USDT:USDT,118824.9,12.053,118824.8,0.218,118825.0,7.545,118825.1,0.002
1753769539232,06:12:19.232,binance,BTC/USDT:USDT,118824.9,5.925,118824.8,0.214,118825.0,11.827,118825.1,0.008
1753769539335,06:12:19.335,binance,BTC/USDT:USDT,118824.9,7.451,118824.8,0.214,118825.0,9.743,118825.1,0.008
1753769539436,06:12:19.436,binance,BTC/USDT:USDT,118824.9,7.482,118824.8,0.214,118825.0,9.14,118825.1,0.008
1753769539538,06:12:19.538,binance,BTC/USDT:USDT,118824.9,7.482,118824.8,0.214,118825.0,9.143,118825.1,0.008
1753769539742,06:12:19.742,binance,BTC/USDT:USDT,118824.9,7.483,118824.8,0.214,118825.0,9.143,118825.1,0.008
1753769540357,06:12:20.357,binance,BTC/USDT:USDT,118824.9,7.526,118824.8,0.216,118825.0,9.13,118825.1,0.008
1753769540561,06:12:20.561,binance,BTC/USDT:USDT,118824.9,8.396,118824.8,0.216,118825.0,5.354,118825.1,0.008
1753769540965,06:12:20.965,binance,BTC/USDT:USDT,118824.9,11.138,118824.8,0.216,118825.0,2.069,118825.1,0.006
1753769541067,06:12:21.067,binance,BTC/USDT:USDT,118824.9,11.138,118824.8,0.218,118825.0,1.955,118825.1,0.006
1753769541170,06:12:21.170,binance,BTC/USDT:USDT,118824.9,11.078,118824.8,0.218,118825.0,2.613,118825.1,0.008
1753769541273,06:12:21.273,binance,BTC/USDT:USDT,118824.9,11.068,118824.8,0.218,118825.0,2.098,118825.1,0.006
1753769541376,06:12:21.376,binance,BTC/USDT:USDT,118824.9,11.071,118824.8,0.218,118825.0,2.182,118825.1,0.006
1753769541477,06:12:21.477,binance,BTC/USDT:USDT,118824.9,11.071,118824.8,0.218,118825.0,2.109,118825.1,0.006
1753769541580,06:12:21.580,binance,BTC/USDT:USDT,118824.9,10.98,118824.8,0.218,118825.0,2.742,118825.1,0.006
1753769541683,06:12:21.683,binance,BTC/USDT:USDT,118824.9,10.71,118824.8,0.218,118825.0,3.985,118825.1,0.006
1753769541785,06:12:21.785,binance,BTC/USDT:USDT,118824.9,10.75,118824.8,0.218,118825.0,3.983,118825.1,0.006
1753769541887,06:12:21.887,binance,BTC/USDT:USDT,118824.9,10.75,118824.8,0.218,118825.0,3.983,118825.1,0.006
1753769541988,06:12:21.988,binance,BTC/USDT:USDT,118824.9,10.708,118824.8,0.218,118825.0,3.983,118825.1,0.008
1753769542090,06:12:22.090,binance,BTC/USDT:USDT,118824.9,9.679,118824.8,0.218,118825.0,7.566,118825.1,0.007
1753769542396,06:12:22.396,binance,BTC/USDT:USDT,118824.0,0.12,118823.9,0.002,118824.1,30.13,118824.2,0.002
1753769542700,06:12:22.700,binance,BTC/USDT:USDT,118824.0,0.18,118823.9,0.002,118824.1,30.192,118824.2,0.002
1753769542905,06:12:22.905,binance,BTC/USDT:USDT,118824.0,1.103,118823.9,0.002,118824.1,28.689,118824.2,0.004
1753769543009,06:12:23.009,binance,BTC/USDT:USDT,118824.0,1.077,118823.9,0.002,118824.1,29.24,118824.2,0.008
1753769543313,06:12:23.313,binance,BTC/USDT:USDT,118824.0,4.241,118823.9,0.006,118824.1,27.636,118824.2,0.007
1753769543416,06:12:23.416,binance,BTC/USDT:USDT,118824.0,4.33,118823.9,0.006,118824.1,27.633,118824.2,0.007
1753769543826,06:12:23.826,binance,BTC/USDT:USDT,118824.0,4.331,118823.9,0.006,118824.1,28.337,118824.2,0.007
1753769543929,06:12:23.929,binance,BTC/USDT:USDT,118824.0,4.331,118823.9,0.006,118824.1,28.326,118824.2,0.007
1753769544031,06:12:24.031,binance,BTC/USDT:USDT,118824.0,4.331,118823.9,0.006,118824.1,27.721,118824.2,0.009
1753769544134,06:12:24.134,binance,BTC/USDT:USDT,118824.0,4.364,118823.9,0.006,118824.1,27.735,118824.2,0.009
1753769544236,06:12:24.236,binance,BTC/USDT:USDT,118824.0,4.364,118823.9,0.006,118824.1,28.63,118824.2,0.007
1753769544337,06:12:24.337,binance,BTC/USDT:USDT,118824.0,4.348,118823.9,0.006,118824.1,28.644,118824.2,0.007
1753769544539,06:12:24.539,binance,BTC/USDT:USDT,118824.0,4.348,118823.9,0.006,118824.1,28.644,118824.2,0.007
1753769544640,06:12:24.640,binance,BTC/USDT:USDT,118824.0,4.374,118823.9,0.006,118824.1,28.643,118824.2,0.007
1753769544742,06:12:24.742,binance,BTC/USDT:USDT,118824.0,4.374,118823.9,0.006,118824.1,28.643,118824.2,0.007
1753769544845,06:12:24.845,binance,BTC/USDT:USDT,118824.0,4.334,118823.9,0.006,118824.1,28.643,118824.2,0.007
1753769544947,06:12:24.947,binance,BTC/USDT:USDT,118824.0,4.334,118823.9,0.006,118824.1,28.639,118824.2,0.007
1753769545050,06:12:25.050,binance,BTC/USDT:USDT,118824.0,4.276,118823.9,0.006,118824.1,28.643,118824.2,0.007
1753769545153,06:12:25.153,binance,BTC/USDT:USDT,118824.0,4.276,118823.9,0.006,118824.1,28.643,118824.2,0.009
1753769545255,06:12:25.255,binance,BTC/USDT:USDT,118824.0,4.376,118823.9,0.006,118824.1,28.643,118824.2,0.007
1753769545357,06:12:25.357,binance,BTC/USDT:USDT,118824.0,4.376,118823.9,0.006,118824.1,28.644,118824.2,0.007
1753769545459,06:12:25.459,binance,BTC/USDT:USDT,118824.0,4.388,118823.9,0.006,118824.1,28.644,118824.2,0.007
1753769545560,06:12:25.560,binance,BTC/USDT:USDT,118824.0,4.393,118823.9,0.006,118824.1,28.64,118824.2,0.007
1753769545663,06:12:25.663,binance,BTC/USDT:USDT,118824.0,4.393,118823.9,0.006,118824.1,28.656,118824.2,0.007
1753769545764,06:12:25.764,binance,BTC/USDT:USDT,118824.0,4.393,118823.9,0.006,118824.1,28.668,118824.2,0.007
1753769545867,06:12:25.867,binance,BTC/USDT:USDT,118824.0,4.837,118823.9,0.006,118824.1,28.655,118824.2,0.007
1753769545970,06:12:25.970,binance,BTC/USDT:USDT,118824.0,4.065,118823.9,0.004,118824.1,28.669,118824.2,0.009
1753769546684,06:12:26.684,binance,BTC/USDT:USDT,118824.0,1.094,118823.9,0.004,118824.1,31.437,118824.2,0.007
1753769546893,06:12:26.893,binance,BTC/USDT:USDT,118824.0,1.094,118823.9,0.004,118824.1,31.49,118824.2,0.009
1753769546996,06:12:26.996,binance,BTC/USDT:USDT,118824.0,1.127,118823.9,0.004,118824.1,31.494,118824.2,0.007
1753769547501,06:12:27.501,binance,BTC/USDT:USDT,118824.0,0.288,118823.9,0.004,118824.1,32.083,118824.2,0.007
1753769547805,06:12:27.805,binance,BTC/USDT:USDT,118824.0,0.307,118823.9,0.004,118824.1,30.473,118824.2,0.007
1753769547908,06:12:27.908,binance,BTC/USDT:USDT,118824.0,0.383,118823.9,0.004,118824.1,30.53,118824.2,0.007
1753769548418,06:12:28.418,binance,BTC/USDT:USDT,118824.0,0.13,118823.9,0.004,118824.1,31.596,118824.2,0.008
1753769548519,06:12:28.519,binance,BTC/USDT:USDT,118824.0,0.13,118823.9,0.004,118824.1,31.64,118824.2,0.008
1753769548620,06:12:28.620,binance,BTC/USDT:USDT,118824.0,0.172,118823.9,0.004,118824.1,31.64,118824.2,0.008
1753769548724,06:12:28.724,binance,BTC/USDT:USDT,118824.0,0.172,118823.9,0.004,118824.1,31.036,118824.2,0.008
1753769549032,06:12:29.032,binance,BTC/USDT:USDT,118824.0,0.105,118823.9,0.004,118824.1,30.986,118824.2,0.008
1753769550354,06:12:30.354,binance,BTC/USDT:USDT,118812.3,0.116,118812.2,0.002,118812.4,30.033,118812.5,0.607
1753769552083,06:12:32.083,binance,BTC/USDT:USDT,118822.7,24.235,118822.6,0.002,118822.8,0.224,118822.9,0.017
1753769552490,06:12:32.490,binance,BTC/USDT:USDT,118822.7,25.689,118822.6,0.002,118822.8,0.251,118822.9,0.017
1753769553102,06:12:33.102,binance,BTC/USDT:USDT,118822.7,27.527,118822.6,0.002,118822.8,0.288,118822.9,0.017
1753769553814,06:12:33.814,binance,BTC/USDT:USDT,118822.7,27.722,118822.6,0.002,118822.8,1.082,118822.9,0.117
1753769553917,06:12:33.917,binance,BTC/USDT:USDT,118822.7,27.723,118822.6,0.002,118822.8,1.088,118822.9,0.117
1753769554018,06:12:34.018,binance,BTC/USDT:USDT,118822.7,27.723,118822.6,0.002,118822.8,1.088,118822.9,0.117
1753769554119,06:12:34.119,binance,BTC/USDT:USDT,118822.7,27.881,118822.6,0.002,118822.8,1.088,118822.9,0.117
1753769554221,06:12:34.221,binance,BTC/USDT:USDT,118822.7,27.891,118822.6,0.002,118822.8,1.848,118822.9,0.117
1753769554323,06:12:34.323,binance,BTC/USDT:USDT,118822.7,27.894,118822.6,0.002,118822.8,1.848,118822.9,0.117
1753769554528,06:12:34.528,binance,BTC/USDT:USDT,118822.7,27.737,118822.6,0.002,118822.8,1.883,118822.9,0.117
1753769554937,06:12:34.937,binance,BTC/USDT:USDT,118822.7,27.936,118822.6,0.002,118822.8,1.877,118822.9,0.117
1753769555041,06:12:35.041,binance,BTC/USDT:USDT,118822.7,27.936,118822.6,0.002,118822.8,2.114,118822.9,0.117
1753769555246,06:12:35.246,binance,BTC/USDT:USDT,118822.7,27.936,118822.6,0.002,118822.8,2.114,118822.9,0.117
1753769555350,06:12:35.350,binance,BTC/USDT:USDT,118822.7,26.924,118822.6,0.002,118822.8,2.383,118822.9,0.117
1753769555451,06:12:35.451,binance,BTC/USDT:USDT,118822.7,24.506,118822.6,0.002,118822.8,4.573,118822.9,0.117
1753769555552,06:12:35.552,binance,BTC/USDT:USDT,118822.7,22.227,118822.6,0.002,118822.8,5.578,118822.9,0.117
1753769555960,06:12:35.960,binance,BTC/USDT:USDT,118822.7,21.998,118822.6,0.002,118822.8,5.207,118822.9,0.117
1753769556063,06:12:36.063,binance,BTC/USDT:USDT,118822.7,23.334,118822.6,0.002,118822.8,5.007,118822.9,0.117
1753769556165,06:12:36.165,binance,BTC/USDT:USDT,118822.7,23.306,118822.6,0.002,118822.8,5.009,118822.9,0.117
1753769556267,06:12:36.267,binance,BTC/USDT:USDT,118822.7,22.327,118822.6,0.002,118822.8,5.067,118822.9,0.117
1753769557185,06:12:37.185,binance,BTC/USDT:USDT,118822.7,21.369,118822.6,0.002,118822.8,7.296,118822.9,0.121
1753769557288,06:12:37.288,binance,BTC/USDT:USDT,118822.7,21.369,118822.6,0.002,118822.8,7.296,118822.9,0.121
1753769557694,06:12:37.694,binance,BTC/USDT:USDT,118822.7,21.363,118822.6,0.002,118822.8,6.711,118822.9,0.121
1753769557898,06:12:37.898,binance,BTC/USDT:USDT,118822.7,21.562,118822.6,0.002,118822.8,6.809,118822.9,0.121
1753769558000,06:12:38.000,binance,BTC/USDT:USDT,118822.7,21.562,118822.6,0.002,118822.8,6.809,118822.9,0.121
1753769558102,06:12:38.102,binance,BTC/USDT:USDT,118822.7,21.562,118822.6,0.002,118822.8,6.808,118822.9,0.121
1753769558203,06:12:38.203,binance,BTC/USDT:USDT,118822.7,21.601,118822.6,0.002,118822.8,6.813,118822.9,0.117
1753769558305,06:12:38.305,binance,BTC/USDT:USDT,118822.7,21.596,118822.6,0.002,118822.8,7.088,118822.9,0.117
1753769558406,06:12:38.406,binance,BTC/USDT:USDT,118822.7,21.574,118822.6,0.002,118822.8,7.088,118822.9,0.117
1753769558507,06:12:38.507,binance,BTC/USDT:USDT,118822.7,21.574,118822.6,0.002,118822.8,7.088,118822.9,0.123
1753769558609,06:12:38.609,binance,BTC/USDT:USDT,118822.7,21.595,118822.6,0.002,118822.8,7.088,118822.9,0.123
1753769558710,06:12:38.710,binance,BTC/USDT:USDT,118822.7,21.794,118822.6,0.002,118822.8,7.088,118822.9,0.123
1753769558811,06:12:38.811,binance,BTC/USDT:USDT,118822.7,21.794,118822.6,0.004,118822.8,6.863,118822.9,0.117
1753769558913,06:12:38.913,binance,BTC/USDT:USDT,118822.7,21.794,118822.6,0.004,118822.8,6.863,118822.9,0.117
1753769559014,06:12:39.014,binance,BTC/USDT:USDT,118822.7,22.13,118822.6,0.004,118822.8,6.81,118822.9,0.117
1753769559218,06:12:39.218,binance,BTC/USDT:USDT,118822.7,22.145,118822.6,0.004,118822.8,6.377,118822.9,0.117
1753769559319,06:12:39.319,binance,BTC/USDT:USDT,118822.7,22.757,118822.6,0.002,118822.8,7.168,118822.9,0.117
1753769559420,06:12:39.420,binance,BTC/USDT:USDT,118822.7,21.757,118822.6,0.004,118822.8,6.711,118822.9,0.117
1753769559522,06:12:39.522,binance,BTC/USDT:USDT,118822.7,21.759,118822.6,0.004,118822.8,6.653,118822.9,0.121
1753769559625,06:12:39.625,binance,BTC/USDT:USDT,118822.7,21.784,118822.6,0.004,118822.8,6.653,118822.9,0.121
1753769559728,06:12:39.728,binance,BTC/USDT:USDT,118822.7,22.974,118822.6,0.004,118822.8,4.864,118822.9,0.121
1753769559831,06:12:39.831,binance,BTC/USDT:USDT,118822.7,22.979,118822.6,0.004,118822.8,4.854,118822.9,0.121
1753769559934,06:12:39.934,binance,BTC/USDT:USDT,118822.7,22.978,118822.6,0.004,118822.8,4.586,118822.9,0.117
1753769560037,06:12:40.037,binance,BTC/USDT:USDT,118822.7,23.314,118822.6,0.004,118822.8,4.586,118822.9,0.117
1753769560138,06:12:40.138,binance,BTC/USDT:USDT,118822.7,23.328,118822.6,0.004,118822.8,4.586,118822.9,0.117
1753769560240,06:12:40.240,binance,BTC/USDT:USDT,118822.7,23.339,118822.6,0.004,118822.8,4.573,118822.9,0.117
1753769560343,06:12:40.343,binance,BTC/USDT:USDT,118822.7,22.212,118822.6,0.004,118822.8,4.573,118822.9,0.117
1753769560447,06:12:40.447,binance,BTC/USDT:USDT,118822.7,21.876,118822.6,0.004,118822.8,4.572,118822.9,0.117
1753769560550,06:12:40.550,binance,BTC/USDT:USDT,118822.7,21.876,118822.6,0.004,118822.8,4.571,118822.9,0.121
1753769560652,06:12:40.652,binance,BTC/USDT:USDT,118822.7,22.212,118822.6,0.004,118822.8,4.57,118822.9,0.121
1753769560753,06:12:40.753,binance,BTC/USDT:USDT,118822.7,22.421,118822.6,0.004,118822.8,4.576,118822.9,0.121
1753769560854,06:12:40.854,binance,BTC/USDT:USDT,118822.7,22.421,118822.6,0.004,118822.8,4.572,118822.9,0.121
1753769560955,06:12:40.955,binance,BTC/USDT:USDT,118822.7,22.42,118822.6,0.441,118822.8,4.572,118822.9,0.121
1753769561058,06:12:41.058,binance,BTC/USDT:USDT,118822.7,22.42,118822.6,0.441,118822.8,4.572,118822.9,0.121
1753769561160,06:12:41.160,binance,BTC/USDT:USDT,118822.7,22.42,118822.6,0.004,118822.8,4.572,118822.9,0.121
1753769561261,06:12:41.261,binance,BTC/USDT:USDT,118822.7,22.42,118822.6,0.004,118822.8,4.584,118822.9,0.121
1753769561363,06:12:41.363,binance,BTC/USDT:USDT,118822.7,22.46,118822.6,0.004,118822.8,4.584,118822.9,0.121
1753769561465,06:12:41.465,binance,BTC/USDT:USDT,118822.7,22.897,118822.6,0.005,118822.8,4.584,118822.9,0.123
1753769561567,06:12:41.567,binance,BTC/USDT:USDT,118822.7,22.897,118822.6,0.005,118822.8,4.584,118822.9,0.123
1753769561669,06:12:41.669,binance,BTC/USDT:USDT,118822.7,22.898,118822.6,0.005,118822.8,4.584,118822.9,0.117
1753769562182,06:12:42.182,binance,BTC/USDT:USDT,118822.7,26.359,118822.6,0.005,118822.8,1.365,118822.9,0.117
1753769562283,06:12:42.283,binance,BTC/USDT:USDT,118822.7,26.942,118822.6,0.005,118822.8,1.352,118822.9,0.117
1753769562386,06:12:42.386,binance,BTC/USDT:USDT,118822.7,26.345,118822.6,0.005,118822.8,1.352,118822.9,0.117
1753769562489,06:12:42.489,binance,BTC/USDT:USDT,118822.7,24.66,118822.6,0.005,118822.8,0.626,118822.9,0.117
1753769562591,06:12:42.591,binance,BTC/USDT:USDT,118822.7,25.259,118822.6,0.005,118822.8,0.625,118822.9,0.117
1753769562796,06:12:42.796,binance,BTC/USDT:USDT,118822.7,24.881,118822.6,0.005,118822.8,0.625,118822.9,0.117
1753769562999,06:12:42.999,binance,BTC/USDT:USDT,118822.7,24.882,118822.6,0.005,118822.8,0.61,118822.9,0.117
1753769563100,06:12:43.100,binance,BTC/USDT:USDT,118822.7,25.645,118822.6,0.005,118822.8,0.61,118822.9,0.117
1753769563201,06:12:43.201,binance,BTC/USDT:USDT,118822.7,25.039,118822.6,0.005,118822.8,0.61,118822.9,0.117
1753769563303,06:12:43.303,binance,BTC/USDT:USDT,118822.7,25.039,118822.6,0.005,118822.8,0.61,118822.9,0.117
1753769563404,06:12:43.404,binance,BTC/USDT:USDT,118822.7,25.034,118822.6,0.005,118822.8,0.61,118822.9,0.117
1753769563507,06:12:43.507,binance,BTC/USDT:USDT,118822.7,25.034,118822.6,0.005,118822.8,0.611,118822.9,0.117
1753769563609,06:12:43.609,binance,BTC/USDT:USDT,118822.7,24.959,118822.6,0.005,118822.8,0.617,118822.9,0.117
1753769563710,06:12:43.710,binance,BTC/USDT:USDT,118822.7,24.959,118822.6,0.005,118822.8,0.617,118822.9,0.117
1753769563813,06:12:43.813,binance,BTC/USDT:USDT,118822.7,25.051,118822.6,0.005,118822.8,0.617,118822.9,0.117
1753769563916,06:12:43.916,binance,BTC/USDT:USDT,118822.7,25.013,118822.6,0.005,118822.8,0.618,118822.9,0.117
1753769564017,06:12:44.017,binance,BTC/USDT:USDT,118822.7,22.028,118822.6,0.005,118822.8,0.878,118822.9,0.117
1753769564118,06:12:44.118,binance,BTC/USDT:USDT,118822.7,22.088,118822.6,0.005,118822.8,0.878,118822.9,0.117
1753769564219,06:12:44.219,binance,BTC/USDT:USDT,118822.7,22.1,118822.6,0.005,118822.8,1.339,118822.9,0.117
1753769564320,06:12:44.320,binance,BTC/USDT:USDT,118822.7,22.097,118822.6,0.005,118822.8,1.326,118822.9,0.117
1753769564423,06:12:44.423,binance,BTC/USDT:USDT,118822.7,23.102,118822.6,0.005,118822.8,1.327,118822.9,0.117
1753769564525,06:12:44.525,binance,BTC/USDT:USDT,118822.7,22.998,118822.6,0.005,118822.8,1.592,118822.9,0.117
1753769564629,06:12:44.629,binance,BTC/USDT:USDT,118822.7,23.005,118822.6,0.005,118822.8,1.58,118822.9,0.117
1753769564732,06:12:44.732,binance,BTC/USDT:USDT,118822.7,23.005,118822.6,0.005,118822.8,1.58,118822.9,0.117
1753769564834,06:12:44.834,binance,BTC/USDT:USDT,118822.7,23.005,118822.6,0.005,118822.8,1.592,118822.9,0.117
1753769564935,06:12:44.935,binance,BTC/USDT:USDT,118822.7,23.243,118822.6,0.005,118822.8,1.332,118822.9,0.102
1753769565036,06:12:45.036,binance,BTC/USDT:USDT,118822.7,23.244,118822.6,0.005,118822.8,1.328,118822.9,0.102
1753769565137,06:12:45.137,binance,BTC/USDT:USDT,118822.7,23.206,118822.6,0.005,118822.8,1.321,118822.9,0.102
1753769565238,06:12:45.238,binance,BTC/USDT:USDT,118822.7,23.185,118822.6,0.005,118822.8,1.32,118822.9,0.102
1753769565339,06:12:45.339,binance,BTC/USDT:USDT,118822.7,21.979,118822.6,0.005,118822.8,1.319,118822.9,0.102
1753769565442,06:12:45.442,binance,BTC/USDT:USDT,118822.7,21.979,118822.6,0.005,118822.8,1.28,118822.9,0.102
1753769565645,06:12:45.645,binance,BTC/USDT:USDT,118822.7,20.968,118822.6,0.005,118822.8,1.36,118822.9,0.102
1753769565747,06:12:45.747,binance,BTC/USDT:USDT,118822.7,20.968,118822.6,0.005,118822.8,1.36,118822.9,0.102
1753769565850,06:12:45.850,binance,BTC/USDT:USDT,118822.7,20.976,118822.6,0.005,118822.8,1.36,118822.9,0.102
1753769565952,06:12:45.952,binance,BTC/USDT:USDT,118822.7,21.136,118822.6,0.005,118822.8,1.294,118822.9,0.102
1753769566055,06:12:46.055,binance,BTC/USDT:USDT,118822.7,22.136,118822.6,0.005,118822.8,1.272,118822.9,0.102
1753769566158,06:12:46.158,binance,BTC/USDT:USDT,118822.7,22.149,118822.6,0.005,118822.8,1.36,118822.9,0.102
1753769566260,06:12:46.260,binance,BTC/USDT:USDT,118822.7,22.136,118822.6,0.005,118822.8,1.348,118822.9,0.102
1753769566363,06:12:46.363,binance,BTC/USDT:USDT,118822.7,22.144,118822.6,0.363,118822.8,1.348,118822.9,0.102
1753769566465,06:12:46.465,binance,BTC/USDT:USDT,118822.7,21.141,118822.6,0.363,118822.8,1.348,118822.9,0.102
1753769566567,06:12:46.567,binance,BTC/USDT:USDT,118822.7,21.134,118822.6,0.363,118822.8,1.327,118822.9,0.102
1753769566773,06:12:46.773,binance,BTC/USDT:USDT,118822.7,21.133,118822.6,0.363,118822.8,1.328,118822.9,0.102
1753769566876,06:12:46.876,binance,BTC/USDT:USDT,118822.7,21.133,118822.6,0.363,118822.8,1.328,118822.9,0.102
1753769566979,06:12:46.979,binance,BTC/USDT:USDT,118822.7,21.133,118822.6,0.363,118822.8,1.324,118822.9,0.102
1753769567081,06:12:47.081,binance,BTC/USDT:USDT,118822.7,21.133,118822.6,0.363,118822.8,1.332,118822.9,0.102
1753769567183,06:12:47.183,binance,BTC/USDT:USDT,118822.7,21.133,118822.6,0.363,118822.8,1.332,118822.9,0.102
1753769567284,06:12:47.284,binance,BTC/USDT:USDT,118822.7,21.133,118822.6,0.363,118822.8,1.331,118822.9,0.102
1753769567386,06:12:47.386,binance,BTC/USDT:USDT,118822.7,21.134,118822.6,0.363,118822.8,1.319,118822.9,0.102
1753769567487,06:12:47.487,binance,BTC/USDT:USDT,118822.7,21.133,118822.6,0.363,118822.8,1.317,118822.9,0.102
1753769567588,06:12:47.588,binance,BTC/USDT:USDT,118822.7,21.133,118822.6,0.363,118822.8,1.311,118822.9,0.102
1753769567690,06:12:47.690,binance,BTC/USDT:USDT,118822.7,21.133,118822.6,0.363,118822.8,1.311,118822.9,0.102
1753769567791,06:12:47.791,binance,BTC/USDT:USDT,118822.7,21.101,118822.6,0.363,118822.8,1.32,118822.9,0.102
1753769567892,06:12:47.892,binance,BTC/USDT:USDT,118822.7,21.104,118822.6,0.363,118822.8,1.282,118822.9,0.102
1753769567994,06:12:47.994,binance,BTC/USDT:USDT,118822.7,21.106,118822.6,0.363,118822.8,1.282,118822.9,0.102
1753769568096,06:12:48.096,binance,BTC/USDT:USDT,118822.7,21.106,118822.6,0.363,118822.8,1.282,118822.9,0.102
1753769568198,06:12:48.198,binance,BTC/USDT:USDT,118822.7,21.12,118822.6,0.363,118822.8,1.283,118822.9,0.102
1753769568403,06:12:48.403,binance,BTC/USDT:USDT,118822.7,21.111,118822.6,0.363,118822.8,1.26,118822.9,0.102
1753769568608,06:12:48.608,binance,BTC/USDT:USDT,118822.7,21.119,118822.6,0.363,118822.8,1.252,118822.9,0.102
1753769568710,06:12:48.710,binance,BTC/USDT:USDT,118822.7,21.119,118822.6,1.363,118822.8,1.252,118822.9,0.102
1753769568914,06:12:48.914,binance,BTC/USDT:USDT,118822.7,20.996,118822.6,0.363,118822.8,1.251,118822.9,0.102
1753769569016,06:12:49.016,binance,BTC/USDT:USDT,118824.9,22.222,118824.8,0.094,118825.0,2.373,118825.1,0.002
1753769569117,06:12:49.117,binance,BTC/USDT:USDT,118824.9,22.436,118824.8,0.094,118825.0,2.395,118825.1,0.006
1753769569218,06:12:49.218,binance,BTC/USDT:USDT,118824.9,22.463,118824.8,0.094,118825.0,2.402,118825.1,0.006
1753769569319,06:12:49.319,binance,BTC/USDT:USDT,118824.9,22.413,118824.8,0.094,118825.0,2.403,118825.1,0.006
1753769569420,06:12:49.420,binance,BTC/USDT:USDT,118824.9,22.542,118824.8,0.094,118825.0,2.404,118825.1,0.006
1753769569522,06:12:49.522,binance,BTC/USDT:USDT,118824.9,22.578,118824.8,0.094,118825.0,2.499,118825.1,0.002
1753769569623,06:12:49.623,binance,BTC/USDT:USDT,118824.9,22.518,118824.8,0.094,118825.0,2.499,118825.1,0.002
1753769569726,06:12:49.726,binance,BTC/USDT:USDT,118824.9,20.701,118824.8,0.094,118825.0,2.499,118825.1,0.002
1753769569827,06:12:49.827,binance,BTC/USDT:USDT,118824.9,20.098,118824.8,0.094,118825.0,2.498,118825.1,0.002
1753769569929,06:12:49.929,binance,BTC/USDT:USDT,118824.9,20.098,118824.8,0.094,118825.0,2.498,118825.1,0.002
1753769570030,06:12:50.030,binance,BTC/USDT:USDT,118824.9,20.098,118824.8,0.094,118825.0,2.5,118825.1,0.002
1753769570133,06:12:50.133,binance,BTC/USDT:USDT,118824.9,20.106,118824.8,0.094,118825.0,2.5,118825.1,0.002
1753769570236,06:12:50.236,binance,BTC/USDT:USDT,118824.9,18.951,118824.8,0.094,118825.0,4.307,118825.1,0.006
1753769570337,06:12:50.337,binance,BTC/USDT:USDT,118824.9,18.876,118824.8,0.094,118825.0,4.307,118825.1,0.008
1753769570438,06:12:50.438,binance,BTC/USDT:USDT,118824.9,18.952,118824.8,0.094,118825.0,4.435,118825.1,0.008
1753769570540,06:12:50.540,binance,BTC/USDT:USDT,118824.9,18.871,118824.8,0.094,118825.0,4.303,118825.1,0.008
1753769570641,06:12:50.641,binance,BTC/USDT:USDT,118824.9,18.952,118824.8,0.094,118825.0,4.307,118825.1,0.008
1753769570743,06:12:50.743,binance,BTC/USDT:USDT,118824.9,18.951,118824.8,0.094,118825.0,4.306,118825.1,0.008
1753769570844,06:12:50.844,binance,BTC/USDT:USDT,118824.9,18.951,118824.8,0.094,118825.0,4.308,118825.1,0.008
1753769570946,06:12:50.946,binance,BTC/USDT:USDT,118824.9,18.951,118824.8,0.094,118825.0,4.371,118825.1,0.008
1753769571048,06:12:51.048,binance,BTC/USDT:USDT,118824.9,18.951,118824.8,0.094,118825.0,4.371,118825.1,0.008
1753769571149,06:12:51.149,binance,BTC/USDT:USDT,118824.9,19.951,118824.8,0.094,118825.0,2.745,118825.1,0.008
1753769571251,06:12:51.251,binance,BTC/USDT:USDT,118824.9,19.947,118824.8,0.094,118825.0,2.47,118825.1,0.008
1753769571352,06:12:51.352,binance,BTC/USDT:USDT,118824.9,19.962,118824.8,0.094,118825.0,2.461,118825.1,0.008
1753769571453,06:12:51.453,binance,BTC/USDT:USDT,118824.9,19.936,118824.8,0.094,118825.0,2.461,118825.1,0.008
1753769571556,06:12:51.556,binance,BTC/USDT:USDT,118824.9,19.936,118824.8,0.094,118825.0,2.461,118825.1,0.004
1753769571658,06:12:51.658,binance,BTC/USDT:USDT,118824.9,20.033,118824.8,0.094,118825.0,2.461,118825.1,0.004
1753769571760,06:12:51.760,binance,BTC/USDT:USDT,118824.9,20.033,118824.8,0.094,118825.0,2.508,118825.1,0.004
1753769571861,06:12:51.861,binance,BTC/USDT:USDT,118824.9,20.094,118824.8,0.094,118825.0,2.189,118825.1,0.004
1753769571962,06:12:51.962,binance,BTC/USDT:USDT,118824.9,20.034,118824.8,0.094,118825.0,2.183,118825.1,0.004
1753769572063,06:12:52.063,binance,BTC/USDT:USDT,118824.9,20.035,118824.8,0.094,118825.0,2.708,118825.1,0.004
1753769572164,06:12:52.164,binance,BTC/USDT:USDT,118824.9,20.043,118824.8,0.094,118825.0,2.736,118825.1,0.004
1753769572265,06:12:52.265,binance,BTC/USDT:USDT,118824.9,19.043,118824.8,0.094,118825.0,4.543,118825.1,0.009
1753769572368,06:12:52.368,binance,BTC/USDT:USDT,118824.9,19.046,118824.8,0.094,118825.0,4.544,118825.1,0.009
1753769572470,06:12:52.470,binance,BTC/USDT:USDT,118824.9,19.04,118824.8,0.094,118825.0,4.544,118825.1,0.009
1753769572571,06:12:52.571,binance,BTC/USDT:USDT,118824.9,19.041,118824.8,1.094,118825.0,2.72,118825.1,0.008
1753769572673,06:12:52.673,binance,BTC/USDT:USDT,118824.9,19.041,118824.8,1.094,118825.0,2.72,118825.1,0.008
1753769572876,06:12:52.876,binance,BTC/USDT:USDT,118824.9,19.041,118824.8,1.094,118825.0,2.452,118825.1,0.008
1753769573080,06:12:53.080,binance,BTC/USDT:USDT,118824.9,19.042,118824.8,1.094,118825.0,2.452,118825.1,0.008
1753769573183,06:12:53.183,binance,BTC/USDT:USDT,118824.9,19.053,118824.8,1.094,118825.0,2.452,118825.1,0.008
1753769573285,06:12:53.285,binance,BTC/USDT:USDT,118824.9,19.053,118824.8,1.094,118825.0,2.46,118825.1,0.008
1753769573388,06:12:53.388,binance,BTC/USDT:USDT,118824.9,19.053,118824.8,0.094,118825.0,2.46,118825.1,0.008
1753769573595,06:12:53.595,binance,BTC/USDT:USDT,118824.9,19.052,118824.8,0.094,118825.0,2.459,118825.1,0.008
1753769573797,06:12:53.797,binance,BTC/USDT:USDT,118824.9,19.05,118824.8,0.094,118825.0,2.487,118825.1,0.008
1753769573900,06:12:53.900,binance,BTC/USDT:USDT,118824.9,19.05,118824.8,0.094,118825.0,2.487,118825.1,0.008
1753769574003,06:12:54.003,binance,BTC/USDT:USDT,118824.9,19.05,118824.8,0.094,118825.0,4.335,118825.1,0.008
1753769574209,06:12:54.209,binance,BTC/USDT:USDT,118824.9,19.069,118824.8,0.094,118825.0,4.337,118825.1,0.008
1753769574414,06:12:54.414,binance,BTC/USDT:USDT,118824.9,19.073,118824.8,0.094,118825.0,4.25,118825.1,0.008
1753769574516,06:12:54.516,binance,BTC/USDT:USDT,118824.9,20.072,118824.8,0.094,118825.0,2.431,118825.1,0.008
1753769574720,06:12:54.720,binance,BTC/USDT:USDT,118824.9,20.079,118824.8,0.094,118825.0,2.696,118825.1,0.008
1753769574822,06:12:54.822,binance,BTC/USDT:USDT,118824.9,19.077,118824.8,0.094,118825.0,2.705,118825.1,0.008
1753769575026,06:12:55.026,binance,BTC/USDT:USDT,118824.9,19.085,118824.8,0.094,118825.0,2.705,118825.1,0.008
1753769575127,06:12:55.127,binance,BTC/USDT:USDT,118824.9,19.105,118824.8,0.094,118825.0,2.705,118825.1,0.008
1753769575230,06:12:55.230,binance,BTC/USDT:USDT,118824.9,19.122,118824.8,0.094,118825.0,2.705,118825.1,0.008
1753769575331,06:12:55.331,binance,BTC/USDT:USDT,118824.9,19.12,118824.8,0.094,118825.0,2.702,118825.1,0.008
1753769575433,06:12:55.433,binance,BTC/USDT:USDT,118824.9,19.118,118824.8,0.094,118825.0,2.703,118825.1,0.008
1753769575535,06:12:55.535,binance,BTC/USDT:USDT,118824.9,19.122,118824.8,0.094,118825.0,2.703,118825.1,0.008
1753769575637,06:12:55.637,binance,BTC/USDT:USDT,118824.9,19.122,118824.8,0.094,118825.0,2.703,118825.1,0.008
1753769575739,06:12:55.739,binance,BTC/USDT:USDT,118824.9,19.123,118824.8,0.094,118825.0,2.703,118825.1,0.008
1753769575842,06:12:55.842,binance,BTC/USDT:USDT,118824.9,19.098,118824.8,0.094,118825.0,2.703,118825.1,0.008
1753769575943,06:12:55.943,binance,BTC/USDT:USDT,118824.9,19.098,118824.8,0.094,118825.0,2.703,118825.1,0.008
1753769576045,06:12:56.045,binance,BTC/USDT:USDT,118824.9,19.098,118824.8,0.094,118825.0,2.699,118825.1,0.008
1753769576147,06:12:56.147,binance,BTC/USDT:USDT,118824.9,19.11,118824.8,0.094,118825.0,2.877,118825.1,0.008
1753769576249,06:12:56.249,binance,BTC/USDT:USDT,118824.9,20.169,118824.8,0.094,118825.0,0.959,118825.1,0.008
1753769576350,06:12:56.350,binance,BTC/USDT:USDT,118824.9,20.175,118824.8,0.094,118825.0,0.691,118825.1,0.008
1753769576453,06:12:56.453,binance,BTC/USDT:USDT,118824.9,20.173,118824.8,0.094,118825.0,0.959,118825.1,0.008
1753769576554,06:12:56.554,binance,BTC/USDT:USDT,118824.9,20.174,118824.8,0.094,118825.0,0.69,118825.1,0.008
1753769576656,06:12:56.656,binance,BTC/USDT:USDT,118824.9,20.174,118824.8,0.094,118825.0,1.048,118825.1,0.008
1753769576759,06:12:56.759,binance,BTC/USDT:USDT,118824.9,20.174,118824.8,0.094,118825.0,1.316,118825.1,0.008
1753769576862,06:12:56.862,binance,BTC/USDT:USDT,118824.9,20.173,118824.8,0.094,118825.0,3.105,118825.1,0.008
1753769576963,06:12:56.963,binance,BTC/USDT:USDT,118824.9,20.032,118824.8,0.094,118825.0,3.308,118825.1,0.008
1753769577064,06:12:57.064,binance,BTC/USDT:USDT,118824.9,20.092,118824.8,0.094,118825.0,2.548,118825.1,0.008
1753769577165,06:12:57.165,binance,BTC/USDT:USDT,118824.9,21.333,118824.8,0.094,118825.0,0.539,118825.1,0.004
1753769577268,06:12:57.268,binance,BTC/USDT:USDT,118824.9,21.337,118824.8,0.094,118825.0,0.685,118825.1,0.004
1753769577372,06:12:57.372,binance,BTC/USDT:USDT,118824.9,21.337,118824.8,0.094,118825.0,0.685,118825.1,0.004
1753769577474,06:12:57.474,binance,BTC/USDT:USDT,118824.9,20.7,118824.8,0.178,118825.0,1.059,118825.1,0.004
1753769577575,06:12:57.575,binance,BTC/USDT:USDT,118824.9,20.035,118824.8,0.178,118825.0,2.576,118825.1,0.004
1753769577677,06:12:57.677,binance,BTC/USDT:USDT,118824.9,20.034,118824.8,0.178,118825.0,2.604,118825.1,0.004
1753769577778,06:12:57.778,binance,BTC/USDT:USDT,118824.9,19.094,118824.8,0.178,118825.0,2.577,118825.1,0.004
1753769577879,06:12:57.879,binance,BTC/USDT:USDT,118824.9,19.094,118824.8,0.178,118825.0,2.577,118825.1,0.004
1753769577980,06:12:57.980,binance,BTC/USDT:USDT,118824.9,19.085,118824.8,0.18,118825.0,2.577,118825.1,0.008
1753769578083,06:12:58.083,binance,BTC/USDT:USDT,118824.9,19.083,118824.8,0.18,118825.0,2.577,118825.1,0.008
1753769578184,06:12:58.184,binance,BTC/USDT:USDT,118824.9,20.096,118824.8,0.18,118825.0,0.794,118825.1,0.006
1753769578287,06:12:58.287,binance,BTC/USDT:USDT,118824.9,20.096,118824.8,0.18,118825.0,1.048,118825.1,0.006
1753769578390,06:12:58.390,binance,BTC/USDT:USDT,118824.9,20.099,118824.8,0.18,118825.0,0.78,118825.1,0.006
1753769578493,06:12:58.493,binance,BTC/USDT:USDT,118824.9,20.099,118824.8,0.18,118825.0,0.936,118825.1,0.006
1753769578596,06:12:58.596,binance,BTC/USDT:USDT,118824.9,21.404,118824.8,0.18,118825.0,0.312,118825.1,0.006
1753769578700,06:12:58.700,binance,BTC/USDT:USDT,118824.9,21.404,118824.8,0.18,118825.0,0.312,118825.1,0.004
1753769578904,06:12:58.904,binance,BTC/USDT:USDT,118824.9,22.138,118824.8,0.18,118825.0,0.31,118825.1,0.004
1753769579109,06:12:59.109,binance,BTC/USDT:USDT,118824.9,21.44,118824.8,0.18,118825.0,0.31,118825.1,0.004
1753769579211,06:12:59.211,binance,BTC/USDT:USDT,118824.9,19.136,118824.8,0.18,118825.0,0.666,118825.1,0.004
1753769579312,06:12:59.312,binance,BTC/USDT:USDT,118824.9,19.31,118824.8,0.18,118825.0,0.666,118825.1,0.004
1753769579416,06:12:59.416,binance,BTC/USDT:USDT,118824.9,21.009,118824.8,0.18,118825.0,0.308,118825.1,0.004
1753769579620,06:12:59.620,binance,BTC/USDT:USDT,118824.9,20.311,118824.8,0.18,118825.0,0.308,118825.1,0.004
1753769579723,06:12:59.723,binance,BTC/USDT:USDT,118824.9,20.311,118824.8,0.18,118825.0,0.308,118825.1,0.004
1753769579824,06:12:59.824,binance,BTC/USDT:USDT,118824.9,20.311,118824.8,0.18,118825.0,0.308,118825.1,0.008
1753769579926,06:12:59.926,binance,BTC/USDT:USDT,118824.9,20.311,118824.8,0.18,118825.0,0.308,118825.1,0.008
1753769580029,06:13:00.029,binance,BTC/USDT:USDT,118824.9,20.312,118824.8,0.18,118825.0,0.308,118825.1,0.008
1753769580132,06:13:00.132,binance,BTC/USDT:USDT,118824.9,20.312,118824.8,0.18,118825.0,0.669,118825.1,0.008
1753769580233,06:13:00.233,binance,BTC/USDT:USDT,118824.9,20.539,118824.8,0.18,118825.0,0.669,118825.1,0.008
1753769580334,06:13:00.334,binance,BTC/USDT:USDT,118824.9,20.513,118824.8,0.18,118825.0,0.311,118825.1,0.004
1753769580437,06:13:00.437,binance,BTC/USDT:USDT,118824.9,21.681,118824.8,0.18,118825.0,0.299,118825.1,0.004
1753769580538,06:13:00.538,binance,BTC/USDT:USDT,118824.9,21.667,118824.8,0.18,118825.0,0.269,118825.1,0.004
1753769580639,06:13:00.639,binance,BTC/USDT:USDT,118824.9,21.671,118824.8,0.18,118825.0,0.248,118825.1,0.004
1753769580740,06:13:00.740,binance,BTC/USDT:USDT,118824.9,21.69,118824.8,0.18,118825.0,0.609,118825.1,0.002
1753769580843,06:13:00.843,binance,BTC/USDT:USDT,118824.9,23.192,118824.8,0.18,118825.0,0.61,118825.1,0.002
1753769580944,06:13:00.944,binance,BTC/USDT:USDT,118824.9,22.142,118824.8,0.18,118825.0,0.497,118825.1,0.002
1753769581149,06:13:01.149,binance,BTC/USDT:USDT,118824.9,22.142,118824.8,0.18,118825.0,0.511,118825.1,0.002
1753769581251,06:13:01.251,binance,BTC/USDT:USDT,118824.9,22.141,118824.8,0.18,118825.0,0.511,118825.1,0.002
1753769581352,06:13:01.352,binance,BTC/USDT:USDT,118824.9,21.988,118824.8,0.18,118825.0,2.263,118825.1,0.002
1753769581453,06:13:01.453,binance,BTC/USDT:USDT,118824.9,20.061,118824.8,0.18,118825.0,4.875,118825.1,0.007
1753769581555,06:13:01.555,binance,BTC/USDT:USDT,118824.9,20.001,118824.8,0.18,118825.0,5.492,118825.1,0.007
1753769581656,06:13:01.656,binance,BTC/USDT:USDT,118824.9,20.001,118824.8,0.18,118825.0,4.578,118825.1,0.007
1753769581757,06:13:01.757,binance,BTC/USDT:USDT,118824.9,18.957,118824.8,0.18,118825.0,6.911,118825.1,0.007
1753769581858,06:13:01.858,binance,BTC/USDT:USDT,118824.9,18.317,118824.8,0.18,118825.0,6.309,118825.1,0.007
1753769581960,06:13:01.960,binance,BTC/USDT:USDT,118824.9,18.316,118824.8,0.18,118825.0,6.314,118825.1,0.007
1753769582061,06:13:02.061,binance,BTC/USDT:USDT,118824.9,18.316,118824.8,0.18,118825.0,6.45,118825.1,0.007
1753769582162,06:13:02.162,binance,BTC/USDT:USDT,118824.9,18.316,118824.8,0.18,118825.0,7.006,118825.1,0.007
1753769582263,06:13:02.263,binance,BTC/USDT:USDT,118824.9,18.311,118824.8,0.18,118825.0,7.006,118825.1,0.007
1753769582365,06:13:02.365,binance,BTC/USDT:USDT,118824.9,18.31,118824.8,0.18,118825.0,6.981,118825.1,0.007
1753769582466,06:13:02.466,binance,BTC/USDT:USDT,118824.9,18.272,118824.8,0.18,118825.0,7.138,118825.1,0.007
1753769582567,06:13:02.567,binance,BTC/USDT:USDT,118824.9,18.001,118824.8,0.18,118825.0,7.139,118825.1,0.007
1753769582670,06:13:02.670,binance,BTC/USDT:USDT,118824.9,18.001,118824.8,0.18,118825.0,7.179,118825.1,0.007
1753769582773,06:13:02.773,binance,BTC/USDT:USDT,118824.9,17.956,118824.8,0.182,118825.0,7.176,118825.1,0.007
1753769582876,06:13:02.876,binance,BTC/USDT:USDT,118824.9,17.956,118824.8,0.182,118825.0,7.19,118825.1,0.007
1753769582978,06:13:02.978,binance,BTC/USDT:USDT,118824.9,17.955,118824.8,0.182,118825.0,7.187,118825.1,0.007
1753769583080,06:13:03.080,binance,BTC/USDT:USDT,118824.9,17.955,118824.8,0.182,118825.0,7.187,118825.1,0.007
1753769583182,06:13:03.182,binance,BTC/USDT:USDT,118824.9,17.955,118824.8,0.182,118825.0,7.184,118825.1,0.007
1753769583284,06:13:03.284,binance,BTC/USDT:USDT,118824.9,19.011,118824.8,0.182,118825.0,7.182,118825.1,0.007
1753769583385,06:13:03.385,binance,BTC/USDT:USDT,118824.9,18.474,118824.8,0.619,118825.0,7.18,118825.1,0.007
1753769583487,06:13:03.487,binance,BTC/USDT:USDT,118824.9,18.475,118824.8,0.619,118825.0,7.191,118825.1,0.007
1753769583589,06:13:03.589,binance,BTC/USDT:USDT,118824.9,18.475,118824.8,0.619,118825.0,7.189,118825.1,0.007
1753769583692,06:13:03.692,binance,BTC/USDT:USDT,118824.9,18.475,118824.8,0.619,118825.0,7.189,118825.1,0.007
1753769583793,06:13:03.793,binance,BTC/USDT:USDT,118824.9,18.535,118824.8,0.619,118825.0,7.189,118825.1,0.007
1753769583894,06:13:03.894,binance,BTC/USDT:USDT,118824.9,18.551,118824.8,0.619,118825.0,7.187,118825.1,0.007
1753769583996,06:13:03.996,binance,BTC/USDT:USDT,118824.9,18.39,118824.8,0.182,118825.0,7.327,118825.1,0.007
1753769584098,06:13:04.098,binance,BTC/USDT:USDT,118824.9,17.715,118824.8,0.182,118825.0,7.327,118825.1,0.007
1753769584200,06:13:04.200,binance,BTC/USDT:USDT,118824.9,18.154,118824.8,0.182,118825.0,7.327,118825.1,0.007
1753769584302,06:13:04.302,binance,BTC/USDT:USDT,118824.9,18.137,118824.8,0.182,118825.0,7.325,118825.1,0.007
1753769584405,06:13:04.405,binance,BTC/USDT:USDT,118824.9,18.334,118824.8,0.182,118825.0,7.325,118825.1,0.007
1753769584506,06:13:04.506,binance,BTC/USDT:USDT,118824.9,18.299,118824.8,0.182,118825.0,7.325,118825.1,0.007
1753769584918,06:13:04.918,binance,BTC/USDT:USDT,118824.9,17.746,118824.8,0.182,118825.0,7.339,118825.1,0.007
1753769585020,06:13:05.020,binance,BTC/USDT:USDT,118824.9,17.746,118824.8,0.182,118825.0,7.335,118825.1,0.007
1753769585122,06:13:05.122,binance,BTC/USDT:USDT,118824.9,17.766,118824.8,0.182,118825.0,7.339,118825.1,0.007
1753769585223,06:13:05.223,binance,BTC/USDT:USDT,118824.9,17.766,118824.8,0.182,118825.0,7.339,118825.1,0.007
1753769585326,06:13:05.326,binance,BTC/USDT:USDT,118824.9,18.047,118824.8,0.182,118825.0,7.309,118825.1,0.007
1753769585429,06:13:05.429,binance,BTC/USDT:USDT,118824.9,18.112,118824.8,0.182,118825.0,7.267,118825.1,0.007
1753769585631,06:13:05.631,binance,BTC/USDT:USDT,118824.9,18.11,118824.8,0.182,118825.0,6.659,118825.1,0.007
1753769585734,06:13:05.734,binance,BTC/USDT:USDT,118824.9,18.11,118824.8,0.182,118825.0,6.659,118825.1,0.007
1753769585835,06:13:05.835,binance,BTC/USDT:USDT,118824.9,17.994,118824.8,0.182,118825.0,6.519,118825.1,0.007
1753769585937,06:13:05.937,binance,BTC/USDT:USDT,118824.9,17.994,118824.8,0.182,118825.0,6.577,118825.1,0.007
1753769586038,06:13:06.038,binance,BTC/USDT:USDT,118824.9,17.996,118824.8,0.182,118825.0,6.577,118825.1,0.007
1753769586139,06:13:06.139,binance,BTC/USDT:USDT,118824.9,18.0,118824.8,0.182,118825.0,6.577,118825.1,0.007
1753769586240,06:13:06.240,binance,BTC/USDT:USDT,118824.9,18.011,118824.8,0.183,118825.0,6.636,118825.1,0.007
1753769586341,06:13:06.341,binance,BTC/USDT:USDT,118824.9,18.011,118824.8,0.183,118825.0,7.19,118825.1,0.007
1753769586442,06:13:06.442,binance,BTC/USDT:USDT,118824.9,18.012,118824.8,0.183,118825.0,7.192,118825.1,0.007
1753769586543,06:13:06.543,binance,BTC/USDT:USDT,118824.9,18.01,118824.8,0.183,118825.0,7.215,118825.1,0.007
1753769586645,06:13:06.645,binance,BTC/USDT:USDT,118824.9,17.91,118824.8,0.183,118825.0,7.215,118825.1,0.007
1753769586748,06:13:06.748,binance,BTC/USDT:USDT,118824.9,17.905,118824.8,0.183,118825.0,7.204,118825.1,0.007
1753769586852,06:13:06.852,binance,BTC/USDT:USDT,118824.9,17.905,118824.8,0.183,118825.0,7.204,118825.1,0.007
1753769586955,06:13:06.955,binance,BTC/USDT:USDT,118824.9,17.905,118824.8,0.183,118825.0,7.204,118825.1,0.007
1753769587057,06:13:07.057,binance,BTC/USDT:USDT,118824.9,17.905,118824.8,0.183,118825.0,7.203,118825.1,0.007
1753769587158,06:13:07.158,binance,BTC/USDT:USDT,118824.9,17.906,118824.8,0.183,118825.0,7.203,118825.1,0.007
1753769587260,06:13:07.260,binance,BTC/USDT:USDT,118824.9,17.906,118824.8,0.183,118825.0,7.203,118825.1,0.007
1753769587363,06:13:07.363,binance,BTC/USDT:USDT,118824.9,17.855,118824.8,0.183,118825.0,7.218,118825.1,0.007
1753769587464,06:13:07.464,binance,BTC/USDT:USDT,118824.9,17.899,118824.8,0.183,118825.0,7.218,118825.1,0.007
1753769587566,06:13:07.566,binance,BTC/USDT:USDT,118824.9,17.898,118824.8,0.183,118825.0,7.23,118825.1,0.007
1753769587667,06:13:07.667,binance,BTC/USDT:USDT,118824.9,17.898,118824.8,0.183,118825.0,7.229,118825.1,0.007
1753769587769,06:13:07.769,binance,BTC/USDT:USDT,118824.9,17.898,118824.8,0.183,118825.0,7.229,118825.1,0.007
1753769587871,06:13:07.871,binance,BTC/USDT:USDT,118824.9,17.983,118824.8,0.183,118825.0,7.229,118825.1,0.007
1753769587972,06:13:07.972,binance,BTC/USDT:USDT,118824.9,17.898,118824.8,0.183,118825.0,7.229,118825.1,0.007
1753769588075,06:13:08.075,binance,BTC/USDT:USDT,118824.9,18.455,118824.8,0.183,118825.0,7.209,118825.1,0.007
1753769588178,06:13:08.178,binance,BTC/USDT:USDT,118824.9,18.905,118824.8,0.183,118825.0,7.214,118825.1,0.007
1753769588280,06:13:08.280,binance,BTC/USDT:USDT,118824.9,18.908,118824.8,0.181,118825.0,7.214,118825.1,0.007
1753769588382,06:13:08.382,binance,BTC/USDT:USDT,118824.9,18.91,118824.8,0.181,118825.0,7.196,118825.1,0.007
1753769588483,06:13:08.483,binance,BTC/USDT:USDT,118824.9,18.91,118824.8,0.181,118825.0,7.208,118825.1,0.007
1753769588585,06:13:08.585,binance,BTC/USDT:USDT,118824.9,18.91,118824.8,0.181,118825.0,7.203,118825.1,0.007
1753769588687,06:13:08.687,binance,BTC/USDT:USDT,118824.9,18.91,118824.8,0.181,118825.0,7.203,118825.1,0.007
1753769588789,06:13:08.789,binance,BTC/USDT:USDT,118824.9,18.91,118824.8,0.181,118825.0,7.203,118825.1,0.007
1753769588891,06:13:08.891,binance,BTC/USDT:USDT,118824.9,18.911,118824.8,0.181,118825.0,7.203,118825.1,0.007
1753769588993,06:13:08.993,binance,BTC/USDT:USDT,118824.9,18.911,118824.8,0.181,118825.0,7.203,118825.1,0.007
1753769589095,06:13:09.095,binance,BTC/USDT:USDT,118824.9,18.923,118824.8,0.181,118825.0,7.15,118825.1,0.007
1753769589196,06:13:09.196,binance,BTC/USDT:USDT,118824.9,16.809,118824.8,0.181,118825.0,7.288,118825.1,0.007
1753769589298,06:13:09.298,binance,BTC/USDT:USDT,118824.9,16.809,118824.8,0.181,118825.0,7.288,118825.1,0.007
1753769589399,06:13:09.399,binance,BTC/USDT:USDT,118824.9,16.809,118824.8,0.181,118825.0,7.213,118825.1,0.007
1753769589601,06:13:09.601,binance,BTC/USDT:USDT,118824.9,16.812,118824.8,0.181,118825.0,7.228,118825.1,0.007
1753769589702,06:13:09.702,binance,BTC/USDT:USDT,118824.9,16.812,118824.8,0.181,118825.0,7.228,118825.1,0.007
1753769589905,06:13:09.905,binance,BTC/USDT:USDT,118824.9,16.811,118824.8,0.181,118825.0,7.228,118825.1,0.007
1753769590007,06:13:10.007,binance,BTC/USDT:USDT,118824.9,16.72,118824.8,0.181,118825.0,7.229,118825.1,0.007
1753769590110,06:13:10.110,binance,BTC/USDT:USDT,118824.9,16.71,118824.8,0.181,118825.0,7.229,118825.1,0.007
1753769590212,06:13:10.212,binance,BTC/USDT:USDT,118824.9,16.422,118824.8,0.181,118825.0,7.229,118825.1,0.007
1753769590315,06:13:10.315,binance,BTC/USDT:USDT,118824.9,16.422,118824.8,0.181,118825.0,7.229,118825.1,0.007
1753769590416,06:13:10.416,binance,BTC/USDT:USDT,118824.9,16.425,118824.8,0.181,118825.0,7.229,118825.1,0.007
1753769590519,06:13:10.519,binance,BTC/USDT:USDT,118824.9,16.337,118824.8,0.181,118825.0,7.273,118825.1,0.007
1753769590621,06:13:10.621,binance,BTC/USDT:USDT,118824.9,16.337,118824.8,0.181,118825.0,7.115,118825.1,0.007
1753769590722,06:13:10.722,binance,BTC/USDT:USDT,118824.9,17.435,118824.8,0.181,118825.0,6.278,118825.1,0.007
1753769590824,06:13:10.824,binance,BTC/USDT:USDT,118824.9,17.697,118824.8,0.181,118825.0,4.573,118825.1,0.007
1753769590927,06:13:10.927,binance,BTC/USDT:USDT,118824.9,17.604,118824.8,0.181,118825.0,5.06,118825.1,0.007
1753769591131,06:13:11.131,binance,BTC/USDT:USDT,118824.9,17.602,118824.8,0.181,118825.0,5.346,118825.1,0.007
1753769591234,06:13:11.234,binance,BTC/USDT:USDT,118824.9,17.606,118824.8,0.181,118825.0,5.346,118825.1,0.007
1753769591538,06:13:11.538,binance,BTC/USDT:USDT,118824.9,17.6,118824.8,0.181,118825.0,5.514,118825.1,0.007
1753769591640,06:13:11.640,binance,BTC/USDT:USDT,118824.9,17.6,118824.8,0.181,118825.0,5.511,118825.1,0.007
1753769591741,06:13:11.741,binance,BTC/USDT:USDT,118824.9,17.599,118824.8,0.181,118825.0,5.511,118825.1,0.007
1753769591843,06:13:11.843,binance,BTC/USDT:USDT,118824.9,16.488,118824.8,0.181,118825.0,5.522,118825.1,0.007
1753769591947,06:13:11.947,binance,BTC/USDT:USDT,118824.9,16.488,118824.8,0.181,118825.0,5.522,118825.1,0.007
1753769592050,06:13:12.050,binance,BTC/USDT:USDT,118824.9,16.488,118824.8,0.181,118825.0,5.522,118825.1,0.007
1753769592151,06:13:12.151,binance,BTC/USDT:USDT,118824.9,16.499,118824.8,0.181,118825.0,5.52,118825.1,0.007
1753769592254,06:13:12.254,binance,BTC/USDT:USDT,118824.9,16.248,118824.8,0.181,118825.0,5.52,118825.1,0.007
1753769592356,06:13:12.356,binance,BTC/USDT:USDT,118824.9,16.19,118824.8,0.181,118825.0,6.306,118825.1,0.007
1753769592458,06:13:12.458,binance,BTC/USDT:USDT,118824.9,16.203,118824.8,0.181,118825.0,6.485,118825.1,0.007
1753769592559,06:13:12.559,binance,BTC/USDT:USDT,118824.9,16.204,118824.8,0.181,118825.0,6.443,118825.1,0.007
1753769592662,06:13:12.662,binance,BTC/USDT:USDT,118824.9,16.204,118824.8,0.181,118825.0,6.486,118825.1,0.007
1753769592764,06:13:12.764,binance,BTC/USDT:USDT,118824.9,16.204,118824.8,0.181,118825.0,6.443,118825.1,0.007
1753769592867,06:13:12.867,binance,BTC/USDT:USDT,118824.9,16.204,118824.8,0.181,118825.0,6.441,118825.1,0.007
1753769592969,06:13:12.969,binance,BTC/USDT:USDT,118824.9,16.204,118824.8,0.266,118825.0,6.489,118825.1,0.007
1753769593070,06:13:13.070,binance,BTC/USDT:USDT,118824.9,16.254,118824.8,0.181,118825.0,6.431,118825.1,0.007
1753769593171,06:13:13.171,binance,BTC/USDT:USDT,118824.9,16.254,118824.8,0.181,118825.0,6.431,118825.1,0.007
1753769593274,06:13:13.274,binance,BTC/USDT:USDT,118824.9,16.25,118824.8,0.181,118825.0,6.515,118825.1,0.007
1753769593378,06:13:13.378,binance,BTC/USDT:USDT,118824.9,15.977,118824.8,0.181,118825.0,6.514,118825.1,0.007
1753769593684,06:13:13.684,binance,BTC/USDT:USDT,118824.9,10.062,118824.8,0.181,118825.0,7.582,118825.1,0.007
1753769593787,06:13:13.787,binance,BTC/USDT:USDT,118824.9,10.487,118824.8,0.181,118825.0,7.7,118825.1,0.007
1753769593889,06:13:13.889,binance,BTC/USDT:USDT,118824.9,10.485,118824.8,0.181,118825.0,7.605,118825.1,0.007
1753769593993,06:13:13.993,binance,BTC/USDT:USDT,118824.9,10.485,118824.8,0.184,118825.0,7.605,118825.1,0.007
1753769594198,06:13:14.198,binance,BTC/USDT:USDT,118824.9,10.732,118824.8,0.184,118825.0,7.616,118825.1,0.007
1753769594301,06:13:14.301,binance,BTC/USDT:USDT,118824.9,10.716,118824.8,0.184,118825.0,7.612,118825.1,0.007
1753769594403,06:13:14.403,binance,BTC/USDT:USDT,118824.9,10.719,118824.8,0.184,118825.0,7.616,118825.1,0.007
1753769594916,06:13:14.916,binance,BTC/USDT:USDT,118824.9,10.479,118824.8,0.184,118825.0,7.871,118825.1,0.007
1753769595017,06:13:15.017,binance,BTC/USDT:USDT,118824.9,10.119,118824.8,0.184,118825.0,7.771,118825.1,0.007
1753769595119,06:13:15.119,binance,BTC/USDT:USDT,118824.9,10.53,118824.8,0.184,118825.0,7.829,118825.1,0.007
1753769595220,06:13:15.220,binance,BTC/USDT:USDT,118824.9,10.513,118824.8,0.184,118825.0,7.955,118825.1,0.007
1753769595322,06:13:15.322,binance,BTC/USDT:USDT,118824.9,10.357,118824.8,0.184,118825.0,7.971,118825.1,0.007
1753769595423,06:13:15.423,binance,BTC/USDT:USDT,118824.9,10.039,118824.8,0.184,118825.0,7.946,118825.1,0.007
1753769595730,06:13:15.730,binance,BTC/USDT:USDT,118824.9,10.368,118824.8,0.184,118825.0,7.945,118825.1,0.007
1753769595832,06:13:15.832,binance,BTC/USDT:USDT,118824.9,10.368,118824.8,0.184,118825.0,7.945,118825.1,0.007
1753769595935,06:13:15.935,binance,BTC/USDT:USDT,118824.9,10.387,118824.8,0.184,118825.0,7.945,118825.1,0.007
1753769596037,06:13:16.037,binance,BTC/USDT:USDT,118824.9,10.387,118824.8,0.184,118825.0,7.945,118825.1,0.007
1753769596241,06:13:16.241,binance,BTC/USDT:USDT,118824.9,10.396,118824.8,0.661,118825.0,7.948,118825.1,0.007
1753769596443,06:13:16.443,binance,BTC/USDT:USDT,118824.9,10.839,118824.8,0.661,118825.0,7.51,118825.1,0.007
1753769596544,06:13:16.544,binance,BTC/USDT:USDT,118824.9,11.011,118824.8,1.495,118825.0,7.499,118825.1,0.007
1753769596646,06:13:16.646,binance,BTC/USDT:USDT,118824.9,11.032,118824.8,1.494,118825.0,7.476,118825.1,0.007
1753769596749,06:13:16.749,binance,BTC/USDT:USDT,118824.9,11.116,118824.8,1.494,118825.0,7.476,118825.1,0.007
1753769596852,06:13:16.852,binance,BTC/USDT:USDT,118824.9,12.065,118824.8,1.494,118825.0,6.839,118825.1,0.007
1753769596955,06:13:16.955,binance,BTC/USDT:USDT,118824.9,12.056,118824.8,1.494,118825.0,6.773,118825.1,0.007
1753769597058,06:13:17.058,binance,BTC/USDT:USDT,118824.9,12.032,118824.8,1.494,118825.0,6.773,118825.1,0.007
1753769597159,06:13:17.159,binance,BTC/USDT:USDT,118824.9,12.052,118824.8,1.494,118825.0,6.7,118825.1,0.007
1753769597260,06:13:17.260,binance,BTC/USDT:USDT,118824.9,12.052,118824.8,1.494,118825.0,6.778,118825.1,0.007
1753769597362,06:13:17.362,binance,BTC/USDT:USDT,118824.9,12.052,118824.8,1.494,118825.0,6.778,118825.1,0.007
1753769597465,06:13:17.465,binance,BTC/USDT:USDT,118824.9,12.052,118824.8,1.494,118825.0,6.709,118825.1,0.007
1753769597668,06:13:17.668,binance,BTC/USDT:USDT,118824.9,10.303,118824.8,1.494,118825.0,6.814,118825.1,0.007
1753769597871,06:13:17.871,binance,BTC/USDT:USDT,118824.9,10.303,118824.8,1.494,118825.0,7.003,118825.1,0.007
1753769597973,06:13:17.973,binance,BTC/USDT:USDT,118824.9,10.323,118824.8,1.494,118825.0,6.945,118825.1,0.007
1753769598075,06:13:18.075,binance,BTC/USDT:USDT,118824.9,10.323,118824.8,2.016,118825.0,6.847,118825.1,0.007
1753769598177,06:13:18.177,binance,BTC/USDT:USDT,118824.9,10.308,118824.8,1.494,118825.0,6.854,118825.1,0.007
1753769598279,06:13:18.279,binance,BTC/USDT:USDT,118824.9,10.297,118824.8,1.494,118825.0,6.942,118825.1,0.007
1753769598383,06:13:18.383,binance,BTC/USDT:USDT,118824.9,9.853,118824.8,1.494,118825.0,7.423,118825.1,0.007
1753769598484,06:13:18.484,binance,BTC/USDT:USDT,118824.9,10.276,118824.8,1.494,118825.0,7.683,118825.1,0.007
1753769598587,06:13:18.587,binance,BTC/USDT:USDT,118824.9,10.277,118824.8,1.494,118825.0,7.772,118825.1,0.007
1753769598688,06:13:18.688,binance,BTC/USDT:USDT,118824.9,9.853,118824.8,1.494,118825.0,8.382,118825.1,0.007
1753769598789,06:13:18.789,binance,BTC/USDT:USDT,118824.9,9.853,118824.8,1.494,118825.0,8.371,118825.1,0.007
1753769598892,06:13:18.892,binance,BTC/USDT:USDT,118824.9,9.853,118824.8,1.494,118825.0,8.382,118825.1,0.007
1753769598995,06:13:18.995,binance,BTC/USDT:USDT,118824.9,9.853,118824.8,1.494,118825.0,8.382,118825.1,0.007
1753769599096,06:13:19.096,binance,BTC/USDT:USDT,118824.9,9.853,118824.8,1.494,118825.0,8.371,118825.1,0.007
1753769599199,06:13:19.199,binance,BTC/USDT:USDT,118824.9,9.853,118824.8,1.494,118825.0,8.382,118825.1,0.007
1753769599300,06:13:19.300,binance,BTC/USDT:USDT,118824.9,9.853,118824.8,1.494,118825.0,8.384,118825.1,0.007
1753769599401,06:13:19.401,binance,BTC/USDT:USDT,118824.9,9.872,118824.8,1.494,118825.0,8.464,118825.1,0.007
1753769599502,06:13:19.502,binance,BTC/USDT:USDT,118824.9,9.875,118824.8,1.494,118825.0,8.463,118825.1,0.007
1753769599603,06:13:19.603,binance,BTC/USDT:USDT,118824.9,9.57,118824.8,1.494,118825.0,8.473,118825.1,0.007
1753769599706,06:13:19.706,binance,BTC/USDT:USDT,118824.9,9.569,118824.8,1.494,118825.0,8.473,118825.1,0.007
1753769599809,06:13:19.809,binance,BTC/USDT:USDT,118824.9,9.569,118824.8,1.494,118825.0,9.483,118825.1,0.007
1753769599912,06:13:19.912,binance,BTC/USDT:USDT,118824.9,9.553,118824.8,1.494,118825.0,8.462,118825.1,0.007
1753769600013,06:13:20.013,binance,BTC/USDT:USDT,118824.9,9.553,118824.8,1.494,118825.0,8.462,118825.1,0.007
1753769600114,06:13:20.114,binance,BTC/USDT:USDT,118824.9,9.532,118824.8,1.494,118825.0,8.473,118825.1,0.007
1753769600216,06:13:20.216,binance,BTC/USDT:USDT,118824.9,9.565,118824.8,1.494,118825.0,8.456,118825.1,0.007
1753769600317,06:13:20.317,binance,BTC/USDT:USDT,118824.9,9.496,118824.8,1.494,118825.0,8.469,118825.1,0.007
1753769600419,06:13:20.419,binance,BTC/USDT:USDT,118824.9,9.496,118824.8,1.494,118825.0,8.469,118825.1,0.007
1753769600521,06:13:20.521,binance,BTC/USDT:USDT,118824.9,9.512,118824.8,1.494,118825.0,8.452,118825.1,0.007
1753769600624,06:13:20.624,binance,BTC/USDT:USDT,118824.9,9.313,118824.8,1.494,118825.0,8.449,118825.1,0.007
1753769600727,06:13:20.727,binance,BTC/USDT:USDT,118824.9,9.314,118824.8,1.494,118825.0,10.125,118825.1,0.007
1753769600828,06:13:20.828,binance,BTC/USDT:USDT,118824.9,9.314,118824.8,1.494,118825.0,10.125,118825.1,0.007
1753769600931,06:13:20.931,binance,BTC/USDT:USDT,118824.9,9.314,118824.8,1.494,118825.0,10.125,118825.1,0.007
1753769601035,06:13:21.035,binance,BTC/USDT:USDT,118824.9,9.314,118824.8,1.494,118825.0,10.043,118825.1,0.007
1753769601237,06:13:21.237,binance,BTC/USDT:USDT,118824.9,9.313,118824.8,1.494,118825.0,9.518,118825.1,0.007
1753769601340,06:13:21.340,binance,BTC/USDT:USDT,118824.9,9.362,118824.8,1.494,118825.0,9.52,118825.1,0.007
1753769601442,06:13:21.442,binance,BTC/USDT:USDT,118824.9,9.359,118824.8,1.494,118825.0,9.52,118825.1,0.007
1753769601853,06:13:21.853,binance,BTC/USDT:USDT,118824.9,9.293,118824.8,1.494,118825.0,9.476,118825.1,0.007
1753769602056,06:13:22.056,binance,BTC/USDT:USDT,118824.9,8.137,118824.8,1.494,118825.0,10.613,118825.1,0.007
1753769602258,06:13:22.258,binance,BTC/USDT:USDT,118824.9,8.187,118824.8,1.494,118825.0,9.531,118825.1,0.007
1753769602359,06:13:22.359,binance,BTC/USDT:USDT,118824.9,8.189,118824.8,1.494,118825.0,9.763,118825.1,0.007
1753769602460,06:13:22.460,binance,BTC/USDT:USDT,118824.9,8.19,118824.8,1.494,118825.0,9.764,118825.1,0.007
1753769602563,06:13:22.563,binance,BTC/USDT:USDT,118824.9,8.189,118824.8,1.494,118825.0,9.506,118825.1,0.007
1753769602666,06:13:22.666,binance,BTC/USDT:USDT,118824.9,8.189,118824.8,1.494,118825.0,9.595,118825.1,0.007
1753769602767,06:13:22.767,binance,BTC/USDT:USDT,118824.9,8.138,118824.8,1.494,118825.0,9.526,118825.1,0.007
1753769602870,06:13:22.870,binance,BTC/USDT:USDT,118824.9,8.138,118824.8,1.494,118825.0,9.526,118825.1,0.007
1753769602973,06:13:22.973,binance,BTC/USDT:USDT,118824.9,8.189,118824.8,1.494,118825.0,9.526,118825.1,0.007
1753769603179,06:13:23.179,binance,BTC/USDT:USDT,118824.9,8.248,118824.8,1.494,118825.0,9.758,118825.1,0.007
1753769603281,06:13:23.281,binance,BTC/USDT:USDT,118824.9,8.253,118824.8,1.494,118825.0,9.758,118825.1,0.007
1753769603384,06:13:23.384,binance,BTC/USDT:USDT,118824.9,8.254,118824.8,1.494,118825.0,9.759,118825.1,0.007
1753769603487,06:13:23.487,binance,BTC/USDT:USDT,118824.9,8.253,118824.8,1.494,118825.0,9.735,118825.1,0.007
1753769603591,06:13:23.591,binance,BTC/USDT:USDT,118824.9,8.253,118824.8,1.494,118825.0,9.76,118825.1,0.007
1753769603693,06:13:23.693,binance,BTC/USDT:USDT,118824.9,8.25,118824.8,1.494,118825.0,8.45,118825.1,0.007
1753769603796,06:13:23.796,binance,BTC/USDT:USDT,118824.9,8.25,118824.8,1.494,118825.0,8.45,118825.1,0.007
1753769603899,06:13:23.899,binance,BTC/USDT:USDT,118824.9,9.74,118824.8,1.494,118825.0,8.156,118825.1,0.007
1753769604000,06:13:24.000,binance,BTC/USDT:USDT,118824.9,9.721,118824.8,1.494,118825.0,7.986,118825.1,0.007
1753769604102,06:13:24.102,binance,BTC/USDT:USDT,118824.9,9.721,118824.8,1.494,118825.0,7.985,118825.1,0.007
1753769604203,06:13:24.203,binance,BTC/USDT:USDT,118824.9,9.748,118824.8,1.494,118825.0,7.973,118825.1,0.007
1753769604304,06:13:24.304,binance,BTC/USDT:USDT,118824.9,9.736,118824.8,1.494,118825.0,7.946,118825.1,0.007
1753769604406,06:13:24.406,binance,BTC/USDT:USDT,118824.9,9.736,118824.8,1.493,118825.0,7.946,118825.1,0.007
1753769604509,06:13:24.509,binance,BTC/USDT:USDT,118824.9,9.735,118824.8,1.493,118825.0,7.946,118825.1,0.007
1753769604610,06:13:24.610,binance,BTC/USDT:USDT,118824.9,9.733,118824.8,1.493,118825.0,7.946,118825.1,0.007
1753769604713,06:13:24.713,binance,BTC/USDT:USDT,118824.9,9.732,118824.8,1.493,118825.0,7.946,118825.1,0.007
1753769604814,06:13:24.814,binance,BTC/USDT:USDT,118824.9,9.732,118824.8,1.493,118825.0,7.967,118825.1,0.007
1753769604916,06:13:24.916,binance,BTC/USDT:USDT,118824.9,9.732,118824.8,1.493,118825.0,8.107,118825.1,0.007
1753769605018,06:13:25.018,binance,BTC/USDT:USDT,118824.9,9.732,118824.8,1.493,118825.0,8.103,118825.1,0.007
1753769605119,06:13:25.119,binance,BTC/USDT:USDT,118824.9,9.309,118824.8,1.493,118825.0,7.559,118825.1,0.007
1753769605220,06:13:25.220,binance,BTC/USDT:USDT,118824.9,9.309,118824.8,1.493,118825.0,7.559,118825.1,0.007
1753769605321,06:13:25.321,binance,BTC/USDT:USDT,118824.9,9.308,118824.8,1.493,118825.0,7.657,118825.1,0.007
1753769605423,06:13:25.423,binance,BTC/USDT:USDT,118824.9,9.309,118824.8,1.493,118825.0,7.657,118825.1,0.007
1753769605733,06:13:25.733,binance,BTC/USDT:USDT,118824.9,9.24,118824.8,1.493,118825.0,7.557,118825.1,0.007
1753769605836,06:13:25.836,binance,BTC/USDT:USDT,118824.9,9.24,118824.8,1.493,118825.0,7.557,118825.1,0.007
1753769605938,06:13:25.938,binance,BTC/USDT:USDT,118824.9,9.236,118824.8,1.493,118825.0,7.444,118825.1,0.007
1753769606039,06:13:26.039,binance,BTC/USDT:USDT,118824.9,9.236,118824.8,1.493,118825.0,7.444,118825.1,0.007
1753769606141,06:13:26.141,binance,BTC/USDT:USDT,118824.9,9.236,118824.8,1.493,118825.0,7.56,118825.1,0.007
1753769606242,06:13:26.242,binance,BTC/USDT:USDT,118824.9,9.25,118824.8,1.493,118825.0,7.56,118825.1,0.007
1753769606344,06:13:26.344,binance,BTC/USDT:USDT,118824.9,9.242,118824.8,1.493,118825.0,7.672,118825.1,0.011
1753769606447,06:13:26.447,binance,BTC/USDT:USDT,118824.9,9.243,118824.8,1.493,118825.0,7.39,118825.1,0.011
1753769606551,06:13:26.551,binance,BTC/USDT:USDT,118824.9,9.224,118824.8,1.493,118825.0,7.142,118825.1,0.011
1753769606653,06:13:26.653,binance,BTC/USDT:USDT,118824.9,9.225,118824.8,1.493,118825.0,7.142,118825.1,0.011
1753769606756,06:13:26.756,binance,BTC/USDT:USDT,118824.9,9.282,118824.8,1.493,118825.0,7.353,118825.1,0.011
1753769606857,06:13:26.857,binance,BTC/USDT:USDT,118824.9,9.305,118824.8,1.493,118825.0,7.357,118825.1,0.011
1753769606959,06:13:26.959,binance,BTC/USDT:USDT,118824.9,9.305,118824.8,1.493,118825.0,7.122,118825.1,0.011
1753769607061,06:13:27.061,binance,BTC/USDT:USDT,118824.9,9.305,118824.8,1.493,118825.0,7.361,118825.1,0.011
1753769607162,06:13:27.162,binance,BTC/USDT:USDT,118824.9,9.305,118824.8,1.493,118825.0,7.361,118825.1,0.011
1753769607264,06:13:27.264,binance,BTC/USDT:USDT,118824.9,9.305,118824.8,1.493,118825.0,7.133,118825.1,0.011
1753769607365,06:13:27.365,binance,BTC/USDT:USDT,118824.9,9.305,118824.8,1.493,118825.0,8.097,118825.1,0.011
1753769607468,06:13:27.468,binance,BTC/USDT:USDT,118824.9,9.308,118824.8,1.493,118825.0,8.097,118825.1,0.011
1753769607569,06:13:27.569,binance,BTC/USDT:USDT,118824.9,9.306,118824.8,1.493,118825.0,8.107,118825.1,0.011
1753769607670,06:13:27.670,binance,BTC/USDT:USDT,118824.9,8.797,118824.8,1.493,118825.0,8.107,118825.1,0.011
1753769607772,06:13:27.772,binance,BTC/USDT:USDT,118824.9,8.797,118824.8,1.493,118825.0,8.106,118825.1,0.011
1753769607873,06:13:27.873,binance,BTC/USDT:USDT,118824.9,8.797,118824.8,1.493,118825.0,8.106,118825.1,0.011
1753769607974,06:13:27.974,binance,BTC/USDT:USDT,118824.9,9.217,118824.8,1.493,118825.0,8.106,118825.1,0.011
1753769608077,06:13:28.077,binance,BTC/USDT:USDT,118824.9,9.217,118824.8,1.493,118825.0,8.095,118825.1,0.011
1753769608180,06:13:28.180,binance,BTC/USDT:USDT,118824.9,9.223,118824.8,1.493,118825.0,8.095,118825.1,0.011
1753769608282,06:13:28.282,binance,BTC/USDT:USDT,118824.9,9.296,118824.8,1.493,118825.0,8.084,118825.1,0.011
1753769608385,06:13:28.385,binance,BTC/USDT:USDT,118824.9,9.144,118824.8,1.493,118825.0,8.096,118825.1,0.011
1753769608487,06:13:28.487,binance,BTC/USDT:USDT,118824.9,9.293,118824.8,1.493,118825.0,8.097,118825.1,0.011
1753769608896,06:13:28.896,binance,BTC/USDT:USDT,118824.9,8.446,118824.8,1.493,118825.0,8.422,118825.1,0.011
1753769609202,06:13:29.202,binance,BTC/USDT:USDT,118824.9,8.334,118824.8,1.493,118825.0,8.465,118825.1,0.011
1753769609304,06:13:29.304,binance,BTC/USDT:USDT,118824.9,8.334,118824.8,1.493,118825.0,9.096,118825.1,0.011
1753769609405,06:13:29.405,binance,BTC/USDT:USDT,118824.9,8.335,118824.8,1.493,118825.0,9.096,118825.1,0.011
1753769609508,06:13:29.508,binance,BTC/USDT:USDT,118824.9,8.334,118824.8,1.493,118825.0,9.098,118825.1,0.011
1753769609609,06:13:29.609,binance,BTC/USDT:USDT,118824.9,8.327,118824.8,1.493,118825.0,9.097,118825.1,0.011
1753769609711,06:13:29.711,binance,BTC/USDT:USDT,118824.9,8.327,118824.8,1.493,118825.0,9.089,118825.1,0.011
1753769609812,06:13:29.812,binance,BTC/USDT:USDT,118824.9,8.327,118824.8,1.493,118825.0,9.089,118825.1,0.011
1753769609915,06:13:29.915,binance,BTC/USDT:USDT,118824.9,8.327,118824.8,1.493,118825.0,9.049,118825.1,0.011
1753769610019,06:13:30.019,binance,BTC/USDT:USDT,118824.9,8.324,118824.8,1.493,118825.0,9.027,118825.1,0.011
1753769610120,06:13:30.120,binance,BTC/USDT:USDT,118824.9,8.327,118824.8,1.493,118825.0,9.123,118825.1,0.011
1753769610221,06:13:30.221,binance,BTC/USDT:USDT,118824.9,8.339,118824.8,1.493,118825.0,9.123,118825.1,0.011
1753769610323,06:13:30.323,binance,BTC/USDT:USDT,118824.9,8.328,118824.8,1.493,118825.0,9.118,118825.1,0.011
1753769610424,06:13:30.424,binance,BTC/USDT:USDT,118824.9,8.325,118824.8,1.493,118825.0,9.616,118825.1,0.011
1753769610527,06:13:30.527,binance,BTC/USDT:USDT,118824.9,8.322,118824.8,1.493,118825.0,9.616,118825.1,0.011
1753769610729,06:13:30.729,binance,BTC/USDT:USDT,118824.9,8.74,118824.8,1.493,118825.0,7.487,118825.1,0.011
1753769610932,06:13:30.932,binance,BTC/USDT:USDT,118824.9,8.587,118824.8,1.493,118825.0,7.648,118825.1,0.011
1753769611033,06:13:31.033,binance,BTC/USDT:USDT,118824.9,8.586,118824.8,1.493,118825.0,7.613,118825.1,0.011
1753769611136,06:13:31.136,binance,BTC/USDT:USDT,118824.9,8.586,118824.8,1.493,118825.0,7.678,118825.1,0.011
1753769611238,06:13:31.238,binance,BTC/USDT:USDT,118824.9,8.146,118824.8,1.493,118825.0,7.853,118825.1,0.011
1753769611440,06:13:31.440,binance,BTC/USDT:USDT,118824.9,8.945,118824.8,1.493,118825.0,7.701,118825.1,0.011
1753769611643,06:13:31.643,binance,BTC/USDT:USDT,118824.9,8.86,118824.8,1.493,118825.0,7.794,118825.1,0.011
1753769611746,06:13:31.746,binance,BTC/USDT:USDT,118824.9,8.861,118824.8,1.493,118825.0,7.794,118825.1,0.011
1753769611847,06:13:31.847,binance,BTC/USDT:USDT,118824.9,8.772,118824.8,1.493,118825.0,7.785,118825.1,0.011
1753769611949,06:13:31.949,binance,BTC/USDT:USDT,118824.9,8.766,118824.8,1.493,118825.0,7.734,118825.1,0.011
1753769612052,06:13:32.052,binance,BTC/USDT:USDT,118824.9,8.75,118824.8,1.493,118825.0,7.785,118825.1,0.011
1753769612154,06:13:32.154,binance,BTC/USDT:USDT,118824.9,8.32,118824.8,1.493,118825.0,7.745,118825.1,0.007
1753769612358,06:13:32.358,binance,BTC/USDT:USDT,118824.9,8.019,118824.8,1.493,118825.0,7.747,118825.1,0.007
1753769612459,06:13:32.459,binance,BTC/USDT:USDT,118824.9,7.996,118824.8,1.493,118825.0,7.806,118825.1,0.007
1753769612560,06:13:32.560,binance,BTC/USDT:USDT,118824.9,7.994,118824.8,1.493,118825.0,7.82,118825.1,0.007
1753769612765,06:13:32.765,binance,BTC/USDT:USDT,118824.9,7.947,118824.8,1.493,118825.0,7.748,118825.1,0.007
1753769612868,06:13:32.868,binance,BTC/USDT:USDT,118824.9,7.947,118824.8,0.659,118825.0,7.748,118825.1,0.007
1753769612970,06:13:32.970,binance,BTC/USDT:USDT,118824.9,7.863,118824.8,0.659,118825.0,7.673,118825.1,0.007
1753769613073,06:13:33.073,binance,BTC/USDT:USDT,118824.9,7.902,118824.8,0.659,118825.0,7.812,118825.1,0.007
1753769613174,06:13:33.174,binance,BTC/USDT:USDT,118824.9,7.902,118824.8,0.659,118825.0,7.805,118825.1,0.007
1753769613379,06:13:33.379,binance,BTC/USDT:USDT,118824.9,7.907,118824.8,0.659,118825.0,7.828,118825.1,0.007
1753769613482,06:13:33.482,binance,BTC/USDT:USDT,118824.9,7.907,118824.8,0.659,118825.0,7.828,118825.1,0.007
1753769613583,06:13:33.583,binance,BTC/USDT:USDT,118824.9,7.906,118824.8,0.659,118825.0,7.827,118825.1,0.007
1753769613686,06:13:33.686,binance,BTC/USDT:USDT,118824.9,8.338,118824.8,0.659,118825.0,7.578,118825.1,0.007
1753769613789,06:13:33.789,binance,BTC/USDT:USDT,118824.9,8.317,118824.8,0.659,118825.0,7.576,118825.1,0.007
1753769613890,06:13:33.890,binance,BTC/USDT:USDT,118824.9,7.896,118824.8,0.659,118825.0,9.64,118825.1,0.007
1753769613991,06:13:33.991,binance,BTC/USDT:USDT,118824.9,7.896,118824.8,0.659,118825.0,9.64,118825.1,0.007
1753769614197,06:13:34.197,binance,BTC/USDT:USDT,118824.9,7.907,118824.8,0.659,118825.0,10.24,118825.1,0.007
1753769614299,06:13:34.299,binance,BTC/USDT:USDT,118824.9,5.656,118824.8,0.659,118825.0,12.994,118825.1,0.007
1753769614400,06:13:34.400,binance,BTC/USDT:USDT,118822.7,0.104,118822.2,0.002,118822.8,37.758,118822.9,4.127
1753769614905,06:13:34.905,binance,BTC/USDT:USDT,118814.8,3.676,118814.7,0.442,118814.9,25.651,118815.0,0.002
1753769615009,06:13:35.009,binance,BTC/USDT:USDT,118814.8,3.676,118814.7,0.442,118814.9,25.651,118815.0,0.002
1753769615111,06:13:35.111,binance,BTC/USDT:USDT,118814.8,3.676,118814.7,0.442,118814.9,25.021,118815.0,0.002
1753769615313,06:13:35.313,binance,BTC/USDT:USDT,118814.8,3.222,118814.7,0.122,118814.9,23.994,118815.0,0.003
1753769615417,06:13:35.417,binance,BTC/USDT:USDT,118814.8,3.222,118814.7,0.122,118814.9,23.993,118815.0,0.003
1753769615520,06:13:35.520,binance,BTC/USDT:USDT,118814.8,3.192,118814.7,0.122,118814.9,24.0,118815.0,0.007
1753769615621,06:13:35.621,binance,BTC/USDT:USDT,118814.8,3.199,118814.7,0.122,118814.9,24.0,118815.0,0.007
1753769615725,06:13:35.725,binance,BTC/USDT:USDT,118814.8,1.183,118814.7,0.122,118814.9,24.037,118815.0,0.007
1753769615829,06:13:35.829,binance,BTC/USDT:USDT,118814.8,1.608,118814.7,0.122,118814.9,24.286,118815.0,0.007
1753769615932,06:13:35.932,binance,BTC/USDT:USDT,118814.8,1.608,118814.7,0.122,118814.9,24.286,118815.0,0.007
1753769616033,06:13:36.033,binance,BTC/USDT:USDT,118814.8,2.16,118814.7,0.956,118814.9,24.262,118815.0,0.007
1753769616135,06:13:36.135,binance,BTC/USDT:USDT,118814.8,3.678,118814.7,0.956,118814.9,24.274,118815.0,0.007
1753769616237,06:13:36.237,binance,BTC/USDT:USDT,118814.8,3.68,118814.7,0.956,118814.9,24.274,118815.0,0.003
1753769616338,06:13:36.338,binance,BTC/USDT:USDT,118814.8,3.745,118814.7,0.956,118814.9,24.276,118815.0,0.003
1753769616439,06:13:36.439,binance,BTC/USDT:USDT,118814.8,3.745,118814.7,0.956,118814.9,24.265,118815.0,0.003
1753769616542,06:13:36.542,binance,BTC/USDT:USDT,118814.8,3.747,118814.7,0.956,118814.9,24.265,118815.0,0.003
1753769616645,06:13:36.645,binance,BTC/USDT:USDT,118814.8,3.747,118814.7,0.956,118814.9,24.265,118815.0,0.003
1753769616748,06:13:36.748,binance,BTC/USDT:USDT,118814.8,3.748,118814.7,0.956,118814.9,24.266,118815.0,0.003
1753769616851,06:13:36.851,binance,BTC/USDT:USDT,118814.8,3.748,118814.7,0.956,118814.9,24.266,118815.0,0.003
1753769616953,06:13:36.953,binance,BTC/USDT:USDT,118814.8,3.748,118814.7,0.956,118814.9,24.266,118815.0,0.009
1753769617057,06:13:37.057,binance,BTC/USDT:USDT,118814.8,3.748,118814.7,0.956,118814.9,24.518,118815.0,0.007
1753769617159,06:13:37.159,binance,BTC/USDT:USDT,118814.8,3.748,118814.7,0.956,118814.9,24.518,118815.0,0.007
1753769617260,06:13:37.260,binance,BTC/USDT:USDT,118814.8,3.748,118814.7,0.956,118814.9,24.518,118815.0,0.007
1753769617567,06:13:37.567,binance,BTC/USDT:USDT,118814.8,3.746,118814.7,0.956,118814.9,24.583,118815.0,0.005
1753769617670,06:13:37.670,binance,BTC/USDT:USDT,118814.8,3.746,118814.7,0.956,118814.9,24.583,118815.0,0.005
1753769617772,06:13:37.772,binance,BTC/USDT:USDT,118814.8,3.746,118814.7,0.956,118814.9,24.586,118815.0,0.005
1753769617873,06:13:37.873,binance,BTC/USDT:USDT,118814.8,3.738,118814.7,0.956,118814.9,24.595,118815.0,0.007
1753769617974,06:13:37.974,binance,BTC/USDT:USDT,118814.8,0.544,118814.7,0.956,118814.9,27.745,118815.0,0.009
1753769618076,06:13:38.076,binance,BTC/USDT:USDT,118814.8,0.544,118814.7,0.956,118814.9,28.78,118815.0,0.007
1753769618177,06:13:38.177,binance,BTC/USDT:USDT,118814.8,0.557,118814.7,0.956,118814.9,28.78,118815.0,0.007
1753769618278,06:13:38.278,binance,BTC/USDT:USDT,118814.8,0.557,118814.7,0.956,118814.9,28.777,118815.0,0.007
1753769618379,06:13:38.379,binance,BTC/USDT:USDT,118814.8,0.558,118814.7,0.956,118814.9,28.783,118815.0,0.007
1753769618480,06:13:38.480,binance,BTC/USDT:USDT,118814.8,0.557,118814.7,0.956,118814.9,29.819,118815.0,0.007
1753769618582,06:13:38.582,binance,BTC/USDT:USDT,118814.8,0.557,118814.7,0.956,118814.9,28.879,118815.0,0.007
1753769618683,06:13:38.683,binance,BTC/USDT:USDT,118814.8,0.557,118814.7,0.956,118814.9,29.889,118815.0,0.007
1753769618786,06:13:38.786,binance,BTC/USDT:USDT,118814.8,0.624,118814.7,0.956,118814.9,29.859,118815.0,0.007
1753769618889,06:13:38.889,binance,BTC/USDT:USDT,118814.8,0.621,118814.7,0.956,118814.9,29.5,118815.0,0.007
1753769618991,06:13:38.991,binance,BTC/USDT:USDT,118814.8,0.554,118814.7,0.956,118814.9,27.557,118815.0,0.007
1753769619092,06:13:39.092,binance,BTC/USDT:USDT,118814.8,0.558,118814.7,0.956,118814.9,28.038,118815.0,0.007
1753769619193,06:13:39.193,binance,BTC/USDT:USDT,118814.8,0.653,118814.7,0.956,118814.9,27.028,118815.0,0.007
1753769619295,06:13:39.295,binance,BTC/USDT:USDT,118814.8,2.661,118814.7,0.956,118814.9,27.317,118815.0,0.007
1753769619397,06:13:39.397,binance,BTC/USDT:USDT,118814.8,2.679,118814.7,0.956,118814.9,27.164,118815.0,0.007
1753769619498,06:13:39.498,binance,BTC/USDT:USDT,118814.8,2.804,118814.7,0.956,118814.9,27.278,118815.0,0.007
1753769619600,06:13:39.600,binance,BTC/USDT:USDT,118814.8,2.804,118814.7,0.956,118814.9,26.315,118815.0,0.007
1753769619702,06:13:39.702,binance,BTC/USDT:USDT,118814.8,2.804,118814.7,0.956,118814.9,26.313,118815.0,0.007
1753769619804,06:13:39.804,binance,BTC/USDT:USDT,118814.8,3.871,118814.7,0.956,118814.9,25.013,118815.0,0.008
1753769619905,06:13:39.905,binance,BTC/USDT:USDT,118814.8,3.972,118814.7,1.276,118814.9,24.038,118815.0,0.004
1753769620007,06:13:40.007,binance,BTC/USDT:USDT,118814.8,3.764,118814.7,1.276,118814.9,23.406,118815.0,0.004
1753769620109,06:13:40.109,binance,BTC/USDT:USDT,118814.8,7.242,118814.7,1.276,118814.9,19.755,118815.0,0.004
1753769620210,06:13:40.210,binance,BTC/USDT:USDT,118814.8,7.307,118814.7,1.277,118814.9,20.198,118815.0,0.004
1753769620311,06:13:40.311,binance,BTC/USDT:USDT,118814.8,7.263,118814.7,1.277,118814.9,20.198,118815.0,0.004
1753769620412,06:13:40.412,binance,BTC/USDT:USDT,118814.8,7.304,118814.7,1.362,118814.9,19.516,118815.0,0.004
1753769620515,06:13:40.515,binance,BTC/USDT:USDT,118814.8,7.145,118814.7,1.277,118814.9,19.527,118815.0,0.004
1753769620617,06:13:40.617,binance,BTC/USDT:USDT,118814.8,7.31,118814.7,1.277,118814.9,19.505,118815.0,0.004
1753769620718,06:13:40.718,binance,BTC/USDT:USDT,118814.8,7.358,118814.7,1.277,118814.9,19.505,118815.0,0.004
1753769620819,06:13:40.819,binance,BTC/USDT:USDT,118814.8,7.966,118814.7,1.277,118814.9,19.46,118815.0,0.004
1753769620920,06:13:40.920,binance,BTC/USDT:USDT,118814.8,7.966,118814.7,1.277,118814.9,19.46,118815.0,0.004
1753769621022,06:13:41.022,binance,BTC/USDT:USDT,118814.8,7.966,118814.7,1.277,118814.9,19.46,118815.0,0.004
1753769621123,06:13:41.123,binance,BTC/USDT:USDT,118814.8,7.965,118814.7,1.277,118814.9,19.946,118815.0,0.004
1753769621224,06:13:41.224,binance,BTC/USDT:USDT,118814.8,7.965,118814.7,1.277,118814.9,19.459,118815.0,0.004
1753769621327,06:13:41.327,binance,BTC/USDT:USDT,118814.8,8.303,118814.7,1.277,118814.9,19.946,118815.0,0.004
1753769621431,06:13:41.431,binance,BTC/USDT:USDT,118814.8,7.881,118814.7,1.277,118814.9,19.474,118815.0,0.004
1753769621533,06:13:41.533,binance,BTC/USDT:USDT,118814.8,7.879,118814.7,1.277,118814.9,19.649,118815.0,0.004
1753769621637,06:13:41.637,binance,BTC/USDT:USDT,118814.8,7.963,118814.7,1.277,118814.9,19.48,118815.0,0.004
1753769621738,06:13:41.738,binance,BTC/USDT:USDT,118814.8,7.878,118814.7,1.277,118814.9,19.683,118815.0,0.004
1753769621839,06:13:41.839,binance,BTC/USDT:USDT,118814.8,7.877,118814.7,1.277,118814.9,19.683,118815.0,0.004
1753769621942,06:13:41.942,binance,BTC/USDT:USDT,118814.8,7.877,118814.7,1.277,118814.9,19.683,118815.0,0.004
1753769622044,06:13:42.044,binance,BTC/USDT:USDT,118814.8,7.683,118814.7,1.277,118814.9,19.965,118815.0,0.004
1753769622147,06:13:42.147,binance,BTC/USDT:USDT,118814.8,7.694,118814.7,1.277,118814.9,19.966,118815.0,0.004
1753769622250,06:13:42.250,binance,BTC/USDT:USDT,118814.8,7.695,118814.7,1.277,118814.9,19.966,118815.0,0.004
1753769622455,06:13:42.455,binance,BTC/USDT:USDT,118814.8,7.648,118814.7,1.277,118814.9,19.978,118815.0,0.004
1753769622863,06:13:42.863,binance,BTC/USDT:USDT,118814.8,7.671,118814.7,0.443,118814.9,19.991,118815.0,0.004
1753769622965,06:13:42.965,binance,BTC/USDT:USDT,118814.8,7.671,118814.7,0.443,118814.9,19.993,118815.0,0.004
1753769623068,06:13:43.068,binance,BTC/USDT:USDT,118814.8,8.094,118814.7,0.443,118814.9,19.787,118815.0,0.004
1753769623170,06:13:43.170,binance,BTC/USDT:USDT,118814.8,8.074,118814.7,0.443,118814.9,19.787,118815.0,0.004
1753769623271,06:13:43.271,binance,BTC/USDT:USDT,118814.8,8.073,118814.7,0.443,118814.9,19.787,118815.0,0.004
1753769623373,06:13:43.373,binance,BTC/USDT:USDT,118814.8,8.073,118814.7,0.443,118814.9,19.784,118815.0,0.004
1753769623476,06:13:43.476,binance,BTC/USDT:USDT,118814.8,8.073,118814.7,0.443,118814.9,19.784,118815.0,0.004
1753769623579,06:13:43.579,binance,BTC/USDT:USDT,118814.8,8.073,118814.7,0.443,118814.9,19.8,118815.0,0.004
1753769623682,06:13:43.682,binance,BTC/USDT:USDT,118814.8,8.071,118814.7,0.443,118814.9,19.8,118815.0,0.004
1753769623783,06:13:43.783,binance,BTC/USDT:USDT,118814.8,8.155,118814.7,0.443,118814.9,19.802,118815.0,0.004
1753769623886,06:13:43.886,binance,BTC/USDT:USDT,118814.8,8.151,118814.7,0.443,118814.9,19.795,118815.0,0.004
1753769623989,06:13:43.989,binance,BTC/USDT:USDT,118814.8,8.151,118814.7,0.443,118814.9,19.792,118815.0,0.004
1753769624194,06:13:44.194,binance,BTC/USDT:USDT,118814.8,8.158,118814.7,0.443,118814.9,19.792,118815.0,0.004
1753769624295,06:13:44.295,binance,BTC/USDT:USDT,118814.8,8.182,118814.7,0.443,118814.9,19.308,118815.0,0.004
1753769624396,06:13:44.396,binance,BTC/USDT:USDT,118814.8,8.185,118814.7,0.443,118814.9,19.31,118815.0,0.004
1753769624499,06:13:44.499,binance,BTC/USDT:USDT,118814.8,8.183,118814.7,0.443,118814.9,19.07,118815.0,0.004
1753769624601,06:13:44.601,binance,BTC/USDT:USDT,118814.8,8.183,118814.7,0.443,118814.9,19.07,118815.0,0.004
1753769624804,06:13:44.804,binance,BTC/USDT:USDT,118814.8,8.183,118814.7,0.443,118814.9,19.079,118815.0,0.004
1753769625011,06:13:45.011,binance,BTC/USDT:USDT,118814.8,8.183,118814.7,0.443,118814.9,18.988,118815.0,0.004
1753769625112,06:13:45.112,binance,BTC/USDT:USDT,118814.8,8.183,118814.7,0.443,118814.9,18.979,118815.0,0.004
1753769625214,06:13:45.214,binance,BTC/USDT:USDT,118814.8,8.188,118814.7,0.443,118814.9,18.977,118815.0,0.004
1753769625318,06:13:45.318,binance,BTC/USDT:USDT,118814.8,8.188,118814.7,0.443,118814.9,18.974,118815.0,0.004
1753769625420,06:13:45.420,binance,BTC/USDT:USDT,118814.8,8.188,118814.7,0.443,118814.9,18.974,118815.0,0.004
1753769625522,06:13:45.522,binance,BTC/USDT:USDT,118814.8,8.191,118814.7,0.443,118814.9,18.969,118815.0,0.004
1753769625623,06:13:45.623,binance,BTC/USDT:USDT,118814.8,8.191,118814.7,0.443,118814.9,18.969,118815.0,0.004
1753769625726,06:13:45.726,binance,BTC/USDT:USDT,118814.8,8.19,118814.7,0.443,118814.9,18.969,118815.0,0.004
1753769625828,06:13:45.828,binance,BTC/USDT:USDT,118814.8,8.085,118814.7,0.443,118814.9,18.969,118815.0,0.004
1753769625931,06:13:45.931,binance,BTC/USDT:USDT,118814.8,8.085,118814.7,0.443,118814.9,18.969,118815.0,0.004
1753769626032,06:13:46.032,binance,BTC/USDT:USDT,118814.8,8.085,118814.7,0.443,118814.9,18.947,118815.0,0.004
1753769626237,06:13:46.237,binance,BTC/USDT:USDT,118814.8,8.097,118814.7,0.443,118814.9,19.417,118815.0,0.004
1753769626338,06:13:46.338,binance,BTC/USDT:USDT,118814.8,8.218,118814.7,0.443,118814.9,19.422,118815.0,0.039
1753769626440,06:13:46.440,binance,BTC/USDT:USDT,118814.8,8.218,118814.7,0.443,118814.9,19.412,118815.0,0.039
1753769626542,06:13:46.542,binance,BTC/USDT:USDT,118814.8,8.218,118814.7,0.443,118814.9,19.412,118815.0,0.039
1753769626643,06:13:46.643,binance,BTC/USDT:USDT,118814.8,8.218,118814.7,0.443,118814.9,19.392,118815.0,0.039
1753769626745,06:13:46.745,binance,BTC/USDT:USDT,118814.8,8.218,118814.7,0.443,118814.9,18.906,118815.0,0.039
1753769626846,06:13:46.846,binance,BTC/USDT:USDT,118814.8,8.22,118814.7,0.443,118814.9,18.878,118815.0,0.039
1753769626948,06:13:46.948,binance,BTC/USDT:USDT,118814.8,8.22,118814.7,0.443,118814.9,18.93,118815.0,0.039
1753769627049,06:13:47.049,binance,BTC/USDT:USDT,118814.8,8.22,118814.7,0.443,118814.9,18.951,118815.0,0.039
1753769627253,06:13:47.253,binance,BTC/USDT:USDT,118814.8,8.218,118814.7,0.443,118814.9,18.9,118815.0,0.039
1753769627456,06:13:47.456,binance,BTC/USDT:USDT,118814.8,8.221,118814.7,0.443,118814.9,18.901,118815.0,0.039
1753769627765,06:13:47.765,binance,BTC/USDT:USDT,118814.8,8.222,118814.7,0.443,118814.9,19.393,118815.0,0.039
1753769627866,06:13:47.866,binance,BTC/USDT:USDT,118814.8,8.222,118814.7,0.443,118814.9,19.372,118815.0,0.039
1753769627967,06:13:47.967,binance,BTC/USDT:USDT,118814.8,8.251,118814.7,0.443,118814.9,18.678,118815.0,0.039
1753769628068,06:13:48.068,binance,BTC/USDT:USDT,118814.8,8.229,118814.7,0.443,118814.9,18.648,118815.0,0.039
1753769628169,06:13:48.169,binance,BTC/USDT:USDT,118814.8,8.242,118814.7,0.443,118814.9,18.648,118815.0,0.039
1753769628271,06:13:48.271,binance,BTC/USDT:USDT,118814.8,8.243,118814.7,0.443,118814.9,18.651,118815.0,0.039
1753769628375,06:13:48.375,binance,BTC/USDT:USDT,118814.8,8.246,118814.7,0.443,118814.9,19.133,118815.0,0.039
1753769628478,06:13:48.478,binance,BTC/USDT:USDT,118814.8,8.249,118814.7,0.443,118814.9,18.646,118815.0,0.039
1753769628579,06:13:48.579,binance,BTC/USDT:USDT,118814.8,8.249,118814.7,0.443,118814.9,18.647,118815.0,0.039
1753769628682,06:13:48.682,binance,BTC/USDT:USDT,118814.8,8.249,118814.7,0.443,118814.9,18.649,118815.0,0.039
1753769628785,06:13:48.785,binance,BTC/USDT:USDT,118814.8,8.249,118814.7,0.443,118814.9,19.135,118815.0,0.039
1753769628888,06:13:48.888,binance,BTC/USDT:USDT,118814.8,8.249,118814.7,0.443,118814.9,18.738,118815.0,0.039
1753769629092,06:13:49.092,binance,BTC/USDT:USDT,118814.8,8.259,118814.7,0.443,118814.9,18.738,118815.0,0.039
1753769629193,06:13:49.193,binance,BTC/USDT:USDT,118814.8,8.259,118814.7,0.443,118814.9,18.738,118815.0,0.039
1753769629295,06:13:49.295,binance,BTC/USDT:USDT,118814.8,8.309,118814.7,0.443,118814.9,18.702,118815.0,0.039
1753769629397,06:13:49.397,binance,BTC/USDT:USDT,118814.8,8.653,118814.7,0.443,118814.9,18.588,118815.0,0.039
1753769629498,06:13:49.498,binance,BTC/USDT:USDT,118814.8,8.652,118814.7,0.443,118814.9,18.611,118815.0,0.039
1753769629599,06:13:49.599,binance,BTC/USDT:USDT,118814.8,8.311,118814.7,0.443,118814.9,19.097,118815.0,0.039
1753769629701,06:13:49.701,binance,BTC/USDT:USDT,118814.8,8.311,118814.7,0.443,118814.9,19.097,118815.0,0.039
1753769629903,06:13:49.903,binance,BTC/USDT:USDT,118814.8,8.294,118814.7,0.443,118814.9,19.045,118815.0,0.039
1753769630007,06:13:50.007,binance,BTC/USDT:USDT,118814.8,8.294,118814.7,0.443,118814.9,19.045,118815.0,0.039
1753769630110,06:13:50.110,binance,BTC/USDT:USDT,118814.8,8.294,118814.7,0.443,118814.9,19.045,118815.0,0.039
1753769630213,06:13:50.213,binance,BTC/USDT:USDT,118814.8,8.306,118814.7,0.443,118814.9,19.045,118815.0,0.039
1753769630316,06:13:50.316,binance,BTC/USDT:USDT,118814.8,8.313,118814.7,0.443,118814.9,19.034,118815.0,0.039
1753769630418,06:13:50.418,binance,BTC/USDT:USDT,118814.8,8.034,118814.7,0.443,118814.9,18.542,118815.0,0.039
1753769630520,06:13:50.520,binance,BTC/USDT:USDT,118814.8,8.079,118814.7,0.443,118814.9,18.914,118815.0,0.039
1753769630723,06:13:50.723,binance,BTC/USDT:USDT,118814.8,6.34,118814.7,0.443,118814.9,19.377,118815.0,0.039
1753769630928,06:13:50.928,binance,BTC/USDT:USDT,118814.8,6.387,118814.7,0.443,118814.9,19.377,118815.0,0.039
1753769631031,06:13:51.031,binance,BTC/USDT:USDT,118814.8,6.387,118814.7,0.443,118814.9,19.379,118815.0,0.039
1753769631133,06:13:51.133,binance,BTC/USDT:USDT,118814.8,6.124,118814.7,0.443,118814.9,18.79,118815.0,0.039
1753769631236,06:13:51.236,binance,BTC/USDT:USDT,118814.8,6.123,118814.7,0.443,118814.9,18.305,118815.0,0.039
1753769631337,06:13:51.337,binance,BTC/USDT:USDT,118814.8,6.124,118814.7,0.443,118814.9,18.791,118815.0,0.039
1753769631439,06:13:51.439,binance,BTC/USDT:USDT,118814.8,6.037,118814.7,0.443,118814.9,18.3,118815.0,0.039
1753769631540,06:13:51.540,binance,BTC/USDT:USDT,118814.8,6.04,118814.7,0.443,118814.9,18.298,118815.0,0.039
1753769631642,06:13:51.642,binance,BTC/USDT:USDT,118814.8,6.04,118814.7,0.443,118814.9,18.3,118815.0,0.039
1753769631846,06:13:51.846,binance,BTC/USDT:USDT,118814.8,6.116,118814.7,0.443,118814.9,18.783,118815.0,0.039
1753769631948,06:13:51.948,binance,BTC/USDT:USDT,118814.8,6.107,118814.7,0.443,118814.9,18.789,118815.0,0.039
1753769632049,06:13:52.049,binance,BTC/USDT:USDT,118814.8,6.118,118814.7,0.443,118814.9,18.789,118815.0,0.039
1753769632150,06:13:52.150,binance,BTC/USDT:USDT,118814.8,6.129,118814.7,0.443,118814.9,18.394,118815.0,0.039
1753769632252,06:13:52.252,binance,BTC/USDT:USDT,118814.8,6.117,118814.7,0.443,118814.9,18.743,118815.0,0.039
1753769632353,06:13:52.353,binance,BTC/USDT:USDT,118814.8,6.036,118814.7,0.443,118814.9,18.743,118815.0,0.039
1753769632456,06:13:52.456,binance,BTC/USDT:USDT,118814.8,5.217,118814.7,0.123,118814.9,18.743,118815.0,0.039
1753769632558,06:13:52.558,binance,BTC/USDT:USDT,118814.8,3.454,118814.7,0.122,118814.9,19.543,118815.0,0.043
1753769632660,06:13:52.660,binance,BTC/USDT:USDT,118814.8,3.514,118814.7,0.122,118814.9,19.434,118815.0,0.043
1753769632761,06:13:52.761,binance,BTC/USDT:USDT,118814.8,5.028,118814.7,0.123,118814.9,19.546,118815.0,0.043
1753769633067,06:13:53.067,binance,BTC/USDT:USDT,118814.8,5.373,118814.7,0.123,118814.9,19.394,118815.0,0.039
1753769633170,06:13:53.170,binance,BTC/USDT:USDT,118814.8,5.426,118814.7,0.123,118814.9,18.908,118815.0,0.039
1753769633273,06:13:53.273,binance,BTC/USDT:USDT,118814.8,5.426,118814.7,0.123,118814.9,19.394,118815.0,0.039
1753769633374,06:13:53.374,binance,BTC/USDT:USDT,118814.8,5.429,118814.7,0.123,118814.9,19.394,118815.0,0.039
1753769633477,06:13:53.477,binance,BTC/USDT:USDT,118814.8,5.427,118814.7,0.123,118814.9,19.394,118815.0,0.039
1753769633580,06:13:53.580,binance,BTC/USDT:USDT,118814.8,5.359,118814.7,0.123,118814.9,18.908,118815.0,0.039
1753769633682,06:13:53.682,binance,BTC/USDT:USDT,118814.8,5.359,118814.7,0.123,118814.9,19.397,118815.0,0.039
1753769633785,06:13:53.785,binance,BTC/USDT:USDT,118814.8,5.358,118814.7,0.123,118814.9,19.398,118815.0,0.039
1753769633991,06:13:53.991,binance,BTC/USDT:USDT,118814.8,5.396,118814.7,0.123,118814.9,18.281,118815.0,0.039
1753769634094,06:13:54.094,binance,BTC/USDT:USDT,118814.8,5.384,118814.7,0.123,118814.9,19.018,118815.0,0.039
1753769634196,06:13:54.196,binance,BTC/USDT:USDT,118814.8,5.367,118814.7,0.123,118814.9,18.532,118815.0,0.039
1753769634298,06:13:54.298,binance,BTC/USDT:USDT,118814.8,5.356,118814.7,0.123,118814.9,19.007,118815.0,0.039
1753769634400,06:13:54.400,binance,BTC/USDT:USDT,118814.8,5.358,118814.7,0.123,118814.9,19.007,118815.0,0.039
1753769634502,06:13:54.502,binance,BTC/USDT:USDT,118814.8,5.327,118814.7,0.123,118814.9,19.006,118815.0,0.039
1753769634604,06:13:54.604,binance,BTC/USDT:USDT,118814.8,5.472,118814.7,0.123,118814.9,18.999,118815.0,0.139
1753769634706,06:13:54.706,binance,BTC/USDT:USDT,118814.8,5.472,118814.7,0.123,118814.9,18.995,118815.0,0.139
1753769634808,06:13:54.808,binance,BTC/USDT:USDT,118814.8,5.433,118814.7,0.123,118814.9,18.995,118815.0,0.139
1753769634909,06:13:54.909,binance,BTC/USDT:USDT,118814.8,5.468,118814.7,0.123,118814.9,18.995,118815.0,0.139
1753769635011,06:13:55.011,binance,BTC/USDT:USDT,118814.8,5.468,118814.7,0.123,118814.9,18.995,118815.0,0.139
1753769635112,06:13:55.112,binance,BTC/USDT:USDT,118814.8,6.943,118814.7,0.123,118814.9,18.149,118815.0,0.139
1753769635215,06:13:55.215,binance,BTC/USDT:USDT,118814.8,7.537,118814.7,0.123,118814.9,18.149,118815.0,0.139
1753769635317,06:13:55.317,binance,BTC/USDT:USDT,118814.8,7.538,118814.7,0.123,118814.9,18.129,118815.0,0.139
1753769635419,06:13:55.419,binance,BTC/USDT:USDT,118814.8,6.949,118814.7,0.123,118814.9,18.608,118815.0,0.139
1753769635522,06:13:55.522,binance,BTC/USDT:USDT,118814.8,7.544,118814.7,0.123,118814.9,18.152,118815.0,0.139
1753769635623,06:13:55.623,binance,BTC/USDT:USDT,118814.8,6.95,118814.7,0.123,118814.9,18.117,118815.0,0.139
1753769635725,06:13:55.725,binance,BTC/USDT:USDT,118814.8,6.95,118814.7,0.123,118814.9,18.117,118815.0,0.139
1753769635827,06:13:55.827,binance,BTC/USDT:USDT,118814.8,7.543,118814.7,0.123,118814.9,18.117,118815.0,0.139
1753769635928,06:13:55.928,binance,BTC/USDT:USDT,118814.8,7.543,118814.7,0.123,118814.9,18.112,118815.0,0.139
1753769636029,06:13:56.029,binance,BTC/USDT:USDT,118814.8,7.543,118814.7,0.123,118814.9,18.112,118815.0,0.139
1753769636233,06:13:56.233,binance,BTC/USDT:USDT,118814.8,9.118,118814.7,0.763,118814.9,6.44,118815.0,0.139
1753769636638,06:13:56.638,binance,BTC/USDT:USDT,118822.0,21.77,118821.9,0.004,118822.1,2.569,118822.2,0.002
1753769636840,06:13:56.840,binance,BTC/USDT:USDT,118822.0,22.168,118821.9,0.004,118822.1,2.213,118822.2,0.002
1753769636942,06:13:56.942,binance,BTC/USDT:USDT,118822.0,21.331,118821.9,0.004,118822.1,2.51,118822.2,0.002
1753769637046,06:13:57.046,binance,BTC/USDT:USDT,118822.0,21.331,118821.9,0.004,118822.1,2.309,118822.2,0.002
1753769637147,06:13:57.147,binance,BTC/USDT:USDT,118822.0,21.292,118821.9,0.004,118822.1,2.516,118822.2,0.002
1753769637250,06:13:57.250,binance,BTC/USDT:USDT,118822.0,20.294,118821.9,0.004,118822.1,2.214,118822.2,0.002
1753769637452,06:13:57.452,binance,BTC/USDT:USDT,118822.0,21.297,118821.9,0.004,118822.1,2.072,118822.2,0.002
1753769637555,06:13:57.555,binance,BTC/USDT:USDT,118822.0,21.3,118821.9,0.004,118822.1,2.071,118822.2,0.002
1753769637657,06:13:57.657,binance,BTC/USDT:USDT,118822.0,21.322,118821.9,0.004,118822.1,2.064,118822.2,0.002
1753769637759,06:13:57.759,binance,BTC/USDT:USDT,118822.0,21.323,118821.9,0.004,118822.1,2.163,118822.2,0.002
1753769637862,06:13:57.862,binance,BTC/USDT:USDT,118822.0,21.323,118821.9,0.004,118822.1,2.163,118822.2,0.002
1753769637965,06:13:57.965,binance,BTC/USDT:USDT,118822.0,21.323,118821.9,0.004,118822.1,2.163,118822.2,0.002
1753769638066,06:13:58.066,binance,BTC/USDT:USDT,118822.0,21.363,118821.9,0.004,118822.1,2.178,118822.2,0.002
1753769638170,06:13:58.170,binance,BTC/USDT:USDT,118822.0,21.378,118821.9,0.004,118822.1,2.178,118822.2,0.002
1753769638273,06:13:58.273,binance,BTC/USDT:USDT,118822.0,22.279,118821.9,0.004,118822.1,2.083,118822.2,0.002
1753769638376,06:13:58.376,binance,BTC/USDT:USDT,118822.0,21.265,118821.9,0.005,118822.1,2.083,118822.2,0.002
1753769638478,06:13:58.478,binance,BTC/USDT:USDT,118822.0,20.265,118821.9,0.005,118822.1,2.202,118822.2,0.002
1753769638579,06:13:58.579,binance,BTC/USDT:USDT,118822.0,20.268,118821.9,0.005,118822.1,2.199,118822.2,0.002
1753769638682,06:13:58.682,binance,BTC/USDT:USDT,118822.0,20.268,118821.9,0.005,118822.1,2.107,118822.2,0.002
1753769638784,06:13:58.784,binance,BTC/USDT:USDT,118822.0,20.246,118821.9,0.005,118822.1,2.107,118822.2,0.002
1753769638886,06:13:58.886,binance,BTC/USDT:USDT,118822.0,20.246,118821.9,0.005,118822.1,2.074,118822.2,0.002
1753769638988,06:13:58.988,binance,BTC/USDT:USDT,118822.0,20.246,118821.9,0.005,118822.1,1.806,118822.2,0.002
1753769639089,06:13:59.089,binance,BTC/USDT:USDT,118822.0,20.242,118821.9,0.005,118822.1,2.079,118822.2,0.002
1753769639191,06:13:59.191,binance,BTC/USDT:USDT,118822.0,20.242,118821.9,0.005,118822.1,2.079,118822.2,0.002
1753769639294,06:13:59.294,binance,BTC/USDT:USDT,118822.0,20.441,118821.9,0.005,118822.1,2.079,118822.2,0.002
1753769639500,06:13:59.500,binance,BTC/USDT:USDT,118822.0,20.437,118821.9,0.005,118822.1,2.082,118822.2,0.002
