timestamp,time,exchange,symbol,bid1_price,bid1_volume,bid2_price,bid2_volume,ask1_price,ask1_volume,ask2_price,ask2_volume
1753769301822,06:08:21.822,bitget,BTC/USDT:USDT,118768.9,0.0022,118766.7,1.3868,118769.0,39.2473,118769.7,0.0065
1753769302023,06:08:22.023,bitget,BTC/USDT:USDT,118768.9,0.2483,118766.7,1.3868,118769.0,39.2344,118769.7,0.0065
1753769302425,06:08:22.425,bitget,BTC/USDT:USDT,118768.9,0.0018,118764.1,0.0271,118769.0,39.2348,118769.7,0.0065
1753769302525,06:08:22.525,bitget,BTC/USDT:USDT,118768.9,0.0022,118764.1,0.0271,118769.0,39.2344,118769.7,0.0065
1753769302625,06:08:22.625,bitget,BTC/USDT:USDT,118768.9,0.0022,118764.1,0.0271,118769.0,40.6079,118769.7,0.0065
1753769302725,06:08:22.725,bitget,BTC/USDT:USDT,118768.9,0.0022,118764.1,0.0271,118769.0,40.6079,118769.7,0.0065
1753769302925,06:08:22.925,bitget,BTC/USDT:USDT,118768.9,0.0022,118764.1,0.0271,118769.0,40.187,118769.7,0.0065
1753769303025,06:08:23.025,bitget,BTC/USDT:USDT,118768.9,0.0022,118764.1,0.0271,118769.0,40.6079,118769.7,0.0065
1753769303827,06:08:23.827,bitget,BTC/USDT:USDT,118768.9,0.002,118764.1,0.0542,118769.0,40.5291,118769.7,0.0065
1753769303927,06:08:23.927,bitget,BTC/USDT:USDT,118768.9,0.002,118764.1,0.0456,118769.0,40.5378,118769.7,0.0065
1753769304027,06:08:24.027,bitget,BTC/USDT:USDT,118768.9,0.002,118764.2,0.0271,118769.0,40.5011,118769.7,0.0065
1753769304128,06:08:24.128,bitget,BTC/USDT:USDT,118768.9,0.002,118764.1,0.0456,118769.0,40.5011,118769.7,0.0065
1753769304228,06:08:24.228,bitget,BTC/USDT:USDT,118768.9,0.002,118764.1,0.0456,118769.0,40.5011,118769.7,0.0065
1753769304328,06:08:24.328,bitget,BTC/USDT:USDT,118768.9,0.002,118764.1,0.0456,118769.0,40.5011,118769.7,0.0065
1753769304428,06:08:24.428,bitget,BTC/USDT:USDT,118768.9,0.002,118764.1,0.0456,118769.0,40.5011,118769.7,0.0065
1753769304629,06:08:24.629,bitget,BTC/USDT:USDT,118763.4,1.3453,118761.1,0.0025,118763.5,41.6618,118764.2,0.3429
1753769304729,06:08:24.729,bitget,BTC/USDT:USDT,118763.4,0.6005,118761.1,0.0025,118763.5,59.7499,118764.1,0.0003
1753769304829,06:08:24.829,bitget,BTC/USDT:USDT,118763.4,0.6004,118761.1,0.0025,118763.5,59.75,118764.1,0.0003
1753769305129,06:08:25.129,bitget,BTC/USDT:USDT,118763.4,1.1775,118761.1,0.0025,118763.5,41.011,118764.1,0.0003
1753769305730,06:08:25.730,bitget,BTC/USDT:USDT,118763.4,13.5607,118761.3,0.01,118763.5,15.8436,118764.1,0.0003
1753769305933,06:08:25.933,bitget,BTC/USDT:USDT,118763.4,12.6265,118761.1,0.0025,118763.5,19.0429,118764.1,0.0003
1753769306036,06:08:26.036,bitget,BTC/USDT:USDT,118763.4,12.2153,118761.1,0.0025,118763.5,19.0429,118764.1,0.0003
1753769306135,06:08:26.135,bitget,BTC/USDT:USDT,118763.4,12.8882,118761.1,0.0025,118763.5,19.0429,118764.1,0.0003
1753769306236,06:08:26.236,bitget,BTC/USDT:USDT,118763.4,12.4339,118761.1,0.0025,118763.5,18.9285,118764.1,0.0003
1753769306440,06:08:26.440,bitget,BTC/USDT:USDT,118763.4,10.1208,118761.1,0.0025,118763.5,18.9285,118764.1,0.0003
1753769306540,06:08:26.540,bitget,BTC/USDT:USDT,118763.4,13.865,118761.1,0.0025,118763.5,18.9285,118764.1,0.0003
1753769306640,06:08:26.640,bitget,BTC/USDT:USDT,118763.4,14.2522,118761.1,0.0025,118763.5,18.9285,118764.1,0.0003
1753769306844,06:08:26.844,bitget,BTC/USDT:USDT,118763.4,14.0552,118761.1,0.0025,118763.5,18.9285,118764.1,0.0003
1753769306946,06:08:26.946,bitget,BTC/USDT:USDT,118763.4,14.0754,118761.1,0.0025,118763.5,18.9285,118764.1,0.0003
1753769307351,06:08:27.351,bitget,BTC/USDT:USDT,118763.4,13.865,118761.1,0.0025,118763.5,18.9285,118764.1,0.0003
1753769307854,06:08:27.854,bitget,BTC/USDT:USDT,118763.4,14.046,118761.1,0.0025,118763.5,18.9284,118764.1,0.0003
1753769307956,06:08:27.956,bitget,BTC/USDT:USDT,118763.4,14.0416,118761.1,0.0025,118763.5,18.9284,118764.1,0.0003
1753769308056,06:08:28.056,bitget,BTC/USDT:USDT,118763.4,14.089,118761.1,0.0025,118763.5,18.9284,118764.1,0.0003
1753769308158,06:08:28.158,bitget,BTC/USDT:USDT,118763.4,15.4505,118761.1,0.0025,118763.5,18.9284,118764.1,0.0003
1753769308259,06:08:28.259,bitget,BTC/USDT:USDT,118763.4,13.9075,118761.1,0.0025,118763.5,18.9284,118764.1,0.0003
1753769308360,06:08:28.360,bitget,BTC/USDT:USDT,118763.4,13.8983,118761.1,0.0025,118763.5,20.8714,118764.1,0.0003
1753769308462,06:08:28.462,bitget,BTC/USDT:USDT,118763.4,8.5988,118761.1,0.8676,118763.5,23.9619,118764.1,0.0003
1753769308563,06:08:28.563,bitget,BTC/USDT:USDT,118763.4,8.2895,118761.1,0.8676,118763.5,24.6714,118764.1,0.0003
1753769308664,06:08:28.664,bitget,BTC/USDT:USDT,118763.4,8.2693,118761.1,0.8676,118763.5,24.6714,118764.1,0.0003
1753769308764,06:08:28.764,bitget,BTC/USDT:USDT,118763.4,8.2693,118761.1,0.8676,118763.5,24.8209,118764.1,0.0003
1753769309066,06:08:29.066,bitget,BTC/USDT:USDT,118763.4,5.309,118761.2,2.9467,118763.5,24.6714,118764.1,0.0003
1753769309668,06:08:29.668,bitget,BTC/USDT:USDT,118763.4,9.5301,118761.1,0.8676,118763.5,23.4424,118764.1,0.0003
1753769309870,06:08:29.870,bitget,BTC/USDT:USDT,118763.4,9.5301,118761.1,0.8676,118763.5,23.4424,118764.1,0.0003
1753769309973,06:08:29.973,bitget,BTC/USDT:USDT,118763.4,9.5639,118761.1,0.8676,118763.5,23.4424,118764.1,0.0003
1753769310074,06:08:30.074,bitget,BTC/USDT:USDT,118763.4,9.5503,118761.2,0.2104,118763.5,23.4424,118764.1,0.0003
1753769310890,06:08:30.890,bitget,BTC/USDT:USDT,118763.4,9.5503,118761.2,0.2104,118763.5,22.9319,118764.1,0.0003
1753769311294,06:08:31.294,bitget,BTC/USDT:USDT,118763.4,9.5301,118761.2,0.2104,118763.5,22.9319,118764.1,0.0003
1753769311394,06:08:31.394,bitget,BTC/USDT:USDT,118763.4,9.5501,118761.2,0.2104,118763.5,22.9319,118764.1,0.0003
1753769311496,06:08:31.496,bitget,BTC/USDT:USDT,118763.4,9.5501,118761.2,0.2104,118763.5,22.9319,118764.1,0.0003
1753769311699,06:08:31.699,bitget,BTC/USDT:USDT,118763.4,9.5299,118761.2,0.2104,118763.5,22.9319,118764.1,0.0003
1753769312103,06:08:32.103,bitget,BTC/USDT:USDT,118763.4,9.5491,118761.2,0.2104,118763.5,22.9041,118764.1,0.0003
1753769312306,06:08:32.306,bitget,BTC/USDT:USDT,118763.4,9.5355,118761.2,0.2104,118763.5,22.9041,118764.1,0.0003
1753769312509,06:08:32.509,bitget,BTC/USDT:USDT,118763.4,9.5355,118761.2,0.2104,118763.5,22.9041,118764.1,0.0003
1753769312609,06:08:32.609,bitget,BTC/USDT:USDT,118763.4,9.5491,118761.2,0.2104,118763.5,22.9041,118764.1,0.0003
1753769312710,06:08:32.710,bitget,BTC/USDT:USDT,118763.4,9.5355,118761.2,0.2104,118763.5,22.9041,118764.1,0.0003
1753769313214,06:08:33.214,bitget,BTC/USDT:USDT,118763.4,9.5289,118761.2,0.2104,118763.5,22.9041,118764.1,0.0003
1753769313317,06:08:33.317,bitget,BTC/USDT:USDT,118763.4,9.489,118761.2,0.2104,118763.5,22.9041,118764.1,0.0003
1753769313417,06:08:33.417,bitget,BTC/USDT:USDT,118763.4,9.4754,118761.2,0.2104,118763.5,22.9041,118764.1,0.0003
1753769313519,06:08:33.519,bitget,BTC/USDT:USDT,118763.4,9.4882,118761.2,0.2104,118763.5,22.9041,118764.1,0.0003
1753769313623,06:08:33.623,bitget,BTC/USDT:USDT,118763.4,9.4746,118761.2,0.2104,118763.5,22.9041,118764.1,0.0003
1753769313724,06:08:33.724,bitget,BTC/USDT:USDT,118763.4,9.4746,118761.2,0.2104,118763.5,22.9041,118764.1,0.0003
1753769313824,06:08:33.824,bitget,BTC/USDT:USDT,118763.4,9.4746,118761.2,0.2104,118763.5,22.9041,118764.1,0.0003
1753769313926,06:08:33.926,bitget,BTC/USDT:USDT,118763.4,11.2343,118761.2,0.2104,118763.5,22.9041,118764.1,0.0003
1753769314025,06:08:34.025,bitget,BTC/USDT:USDT,118763.4,11.2235,118761.2,0.2104,118763.5,22.9041,118764.1,0.0003
1753769314231,06:08:34.231,bitget,BTC/USDT:USDT,118763.4,11.2235,118761.2,0.2104,118763.5,22.9041,118764.1,0.0003
1753769314332,06:08:34.332,bitget,BTC/USDT:USDT,118763.4,11.2235,118761.2,0.2104,118763.5,22.9041,118764.1,0.0003
1753769314433,06:08:34.433,bitget,BTC/USDT:USDT,118763.4,11.2235,118761.2,0.2104,118763.5,22.9041,118764.1,0.0003
1753769314533,06:08:34.533,bitget,BTC/USDT:USDT,118763.4,11.2235,118761.2,0.2104,118763.5,22.9041,118764.1,0.0003
1753769314635,06:08:34.635,bitget,BTC/USDT:USDT,118763.4,11.2235,118761.2,0.2104,118763.5,22.9041,118764.1,0.0003
1753769314737,06:08:34.737,bitget,BTC/USDT:USDT,118763.4,11.2235,118761.2,0.2104,118763.5,22.9041,118764.1,0.0003
1753769314838,06:08:34.838,bitget,BTC/USDT:USDT,118763.4,11.2235,118761.2,0.2104,118763.5,22.9041,118764.1,0.0003
1753769314938,06:08:34.938,bitget,BTC/USDT:USDT,118763.4,11.2235,118761.2,0.2104,118763.5,22.9041,118764.1,0.0003
1753769315041,06:08:35.041,bitget,BTC/USDT:USDT,118763.4,11.2235,118761.2,0.2104,118763.5,22.9041,118764.1,0.0003
1753769315141,06:08:35.141,bitget,BTC/USDT:USDT,118763.4,11.2235,118761.2,0.2104,118763.5,22.9041,118764.1,0.0003
1753769315243,06:08:35.243,bitget,BTC/USDT:USDT,118763.4,11.2235,118761.2,0.2104,118763.5,22.9041,118764.1,0.0003
1753769315344,06:08:35.344,bitget,BTC/USDT:USDT,118763.4,11.2235,118761.2,0.2104,118763.5,22.9041,118764.1,0.0003
1753769315447,06:08:35.447,bitget,BTC/USDT:USDT,118763.4,11.2217,118761.2,0.2104,118763.5,22.9041,118764.1,0.0003
1753769315547,06:08:35.547,bitget,BTC/USDT:USDT,118763.4,11.2217,118761.2,0.2104,118763.5,22.9041,118764.1,0.0003
1753769315648,06:08:35.648,bitget,BTC/USDT:USDT,118763.4,11.2217,118761.2,0.2104,118763.5,22.9041,118764.1,0.0003
1753769315748,06:08:35.748,bitget,BTC/USDT:USDT,118763.4,8.1524,118761.2,1.1658,118763.5,22.9041,118764.1,0.0003
1753769315850,06:08:35.850,bitget,BTC/USDT:USDT,118763.4,8.1954,118761.2,1.1658,118763.5,23.4146,118764.1,0.0003
1753769315950,06:08:35.950,bitget,BTC/USDT:USDT,118763.4,0.3602,118761.3,2.9467,118763.5,25.2508,118764.1,0.0003
1753769316050,06:08:36.050,bitget,BTC/USDT:USDT,118763.4,1.6233,118760.2,0.5868,118763.5,26.2073,118764.1,0.0003
1753769316150,06:08:36.150,bitget,BTC/USDT:USDT,118763.4,1.6237,118760.2,0.5868,118763.5,26.2069,118764.1,0.0003
1753769316350,06:08:36.350,bitget,BTC/USDT:USDT,118763.4,1.6329,118760.2,0.5868,118763.5,26.207,118763.6,0.0001
1753769316650,06:08:36.650,bitget,BTC/USDT:USDT,118763.4,1.6237,118760.2,0.5868,118763.5,26.267,118763.6,0.0001
1753769316750,06:08:36.750,bitget,BTC/USDT:USDT,118763.4,1.6237,118760.3,0.03,118763.5,26.267,118763.6,0.0001
1753769316850,06:08:36.850,bitget,BTC/USDT:USDT,118763.4,1.6237,118760.3,0.03,118763.5,26.267,118763.6,0.0001
1753769316951,06:08:36.951,bitget,BTC/USDT:USDT,118763.4,1.6237,118760.3,0.03,118763.5,26.267,118763.6,0.0001
1753769317051,06:08:37.051,bitget,BTC/USDT:USDT,118763.4,1.6237,118760.3,0.03,118763.5,26.267,118763.6,0.0001
1753769317151,06:08:37.151,bitget,BTC/USDT:USDT,118763.4,1.6237,118760.3,0.03,118763.5,26.267,118763.6,0.0001
1753769317251,06:08:37.251,bitget,BTC/USDT:USDT,118763.4,1.6237,118760.3,0.03,118763.5,26.267,118763.6,0.0001
1753769317352,06:08:37.352,bitget,BTC/USDT:USDT,118763.4,1.6237,118760.3,0.03,118763.5,26.267,118763.6,0.0001
1753769317451,06:08:37.451,bitget,BTC/USDT:USDT,118763.4,1.6237,118760.3,0.03,118763.5,26.267,118763.6,0.0001
1753769317552,06:08:37.552,bitget,BTC/USDT:USDT,118763.4,1.6101,118760.3,0.03,118763.5,26.267,118763.6,0.0001
1753769317652,06:08:37.652,bitget,BTC/USDT:USDT,118763.4,1.6101,118760.3,0.03,118763.5,26.269,118763.6,0.0001
1753769317751,06:08:37.751,bitget,BTC/USDT:USDT,118763.4,1.6237,118760.3,0.03,118763.5,26.2691,118763.6,0.0002
1753769317851,06:08:37.851,bitget,BTC/USDT:USDT,118763.4,1.6237,118760.3,0.03,118763.5,26.2671,118763.6,0.0002
1753769317951,06:08:37.951,bitget,BTC/USDT:USDT,118763.4,1.6237,118760.3,0.03,118763.5,26.2671,118763.6,0.0002
1753769318051,06:08:38.051,bitget,BTC/USDT:USDT,118763.4,1.6329,118760.3,0.03,118763.5,26.2671,118763.6,0.0002
1753769318152,06:08:38.152,bitget,BTC/USDT:USDT,118763.4,1.6281,118760.3,0.03,118763.5,26.2671,118763.6,0.0002
1753769318253,06:08:38.253,bitget,BTC/USDT:USDT,118763.4,1.6218,118760.3,0.03,118763.5,26.2671,118763.6,0.0002
1753769318352,06:08:38.352,bitget,BTC/USDT:USDT,118763.4,1.6446,118760.3,0.03,118763.5,25.8462,118763.6,0.0002
1753769318452,06:08:38.452,bitget,BTC/USDT:USDT,118763.4,1.599,118760.3,0.03,118763.5,25.8462,118763.6,0.0002
1753769318652,06:08:38.652,bitget,BTC/USDT:USDT,118763.4,1.6354,118760.3,0.03,118763.5,26.2671,118763.6,0.0002
1753769318752,06:08:38.752,bitget,BTC/USDT:USDT,118763.4,1.6218,118760.3,0.03,118763.5,26.2671,118763.6,0.0002
1753769318953,06:08:38.953,bitget,BTC/USDT:USDT,118763.4,1.6218,118760.3,0.03,118763.5,26.2653,118763.6,0.0002
1753769319053,06:08:39.053,bitget,BTC/USDT:USDT,118763.4,1.6218,118760.3,0.03,118763.5,26.2653,118763.6,0.0002
1753769319153,06:08:39.153,bitget,BTC/USDT:USDT,118763.4,1.6218,118760.3,0.03,118763.5,25.8444,118763.6,0.0002
1753769319253,06:08:39.253,bitget,BTC/USDT:USDT,118763.4,1.6218,118760.3,0.03,118763.5,25.8444,118763.6,0.0002
1753769319353,06:08:39.353,bitget,BTC/USDT:USDT,118763.4,1.6218,118760.3,0.03,118763.5,25.8444,118763.6,0.0002
1753769319553,06:08:39.553,bitget,BTC/USDT:USDT,118763.4,1.6218,118760.3,0.03,118763.5,25.8444,118763.6,0.0002
1753769319653,06:08:39.653,bitget,BTC/USDT:USDT,118763.4,1.6262,118760.3,0.03,118763.5,25.8444,118763.6,0.0002
1753769319853,06:08:39.853,bitget,BTC/USDT:USDT,118763.4,1.6218,118760.2,0.5868,118763.5,25.8444,118763.6,0.0002
1753769319953,06:08:39.953,bitget,BTC/USDT:USDT,118763.4,0.6136,118762.5,1.379,118763.5,25.8444,118763.6,0.0002
1753769320053,06:08:40.053,bitget,BTC/USDT:USDT,118763.4,0.9149,118760.2,0.5868,118763.5,25.8444,118763.6,0.0002
1753769320154,06:08:40.154,bitget,BTC/USDT:USDT,118763.4,0.9285,118762.5,1.3785,118763.5,25.8444,118763.6,0.0002
1753769320254,06:08:40.254,bitget,BTC/USDT:USDT,118763.4,0.9149,118762.5,1.3785,118763.5,25.8444,118763.6,0.0002
1753769320354,06:08:40.354,bitget,BTC/USDT:USDT,118763.4,0.9149,118762.5,1.3785,118763.5,25.8444,118763.6,0.0002
1753769320455,06:08:40.455,bitget,BTC/USDT:USDT,118763.4,0.9149,118762.5,1.3785,118763.5,25.8444,118763.6,0.0002
1753769320554,06:08:40.554,bitget,BTC/USDT:USDT,118763.4,0.9057,118762.5,1.3785,118763.5,25.8444,118763.6,0.0002
1753769320654,06:08:40.654,bitget,BTC/USDT:USDT,118763.4,0.9377,118762.5,1.3785,118763.5,25.8445,118763.6,0.0002
1753769320755,06:08:40.755,bitget,BTC/USDT:USDT,118758.6,0.004,118758.5,4.596,118758.8,7.0285,118760.3,12.057
1753769320855,06:08:40.855,bitget,BTC/USDT:USDT,118758.5,2.3108,118758.1,0.004,118758.6,11.07,118758.7,35.9881
1753769320956,06:08:40.956,bitget,BTC/USDT:USDT,118758.5,2.2462,118757.5,0.9412,118758.6,62.5413,118758.7,9.3713
1753769321055,06:08:41.055,bitget,BTC/USDT:USDT,118758.5,2.2462,118757.5,0.9412,118758.6,62.5413,118758.7,7.109
1753769321155,06:08:41.155,bitget,BTC/USDT:USDT,118758.5,2.2462,118757.5,0.9412,118758.6,62.5413,118758.7,7.109
1753769321255,06:08:41.255,bitget,BTC/USDT:USDT,118758.5,2.2462,118757.5,0.9412,118758.6,39.6386,118758.7,7.109
1753769321455,06:08:41.455,bitget,BTC/USDT:USDT,118758.5,3.3448,118757.5,0.9412,118758.6,38.7696,118758.7,7.109
1753769321755,06:08:41.755,bitget,BTC/USDT:USDT,118758.5,3.3448,118757.5,1.7088,118758.6,38.7696,118758.7,7.109
1753769321855,06:08:41.855,bitget,BTC/USDT:USDT,118758.5,3.3448,118757.5,1.7088,118758.6,38.7696,118758.7,7.109
1753769321956,06:08:41.956,bitget,BTC/USDT:USDT,118758.5,1.9666,118757.5,1.7088,118758.6,38.7696,118758.7,7.109
1753769322055,06:08:42.055,bitget,BTC/USDT:USDT,118758.5,3.3243,118757.5,0.2607,118758.6,38.7696,118758.7,7.109
1753769322255,06:08:42.255,bitget,BTC/USDT:USDT,118758.5,1.4837,118756.0,0.9436,118758.6,37.0631,118758.7,7.109
1753769322356,06:08:42.356,bitget,BTC/USDT:USDT,118758.5,1.4837,118756.0,0.6828,118758.6,37.0847,118758.7,7.109
1753769322556,06:08:42.556,bitget,BTC/USDT:USDT,118758.5,1.4837,118756.0,0.6828,118758.6,37.0847,118758.7,7.109
1753769322656,06:08:42.656,bitget,BTC/USDT:USDT,118758.5,1.4837,118756.0,0.6828,118758.6,37.0847,118758.7,7.109
1753769322756,06:08:42.756,bitget,BTC/USDT:USDT,118758.5,1.4837,118756.0,0.6828,118758.6,37.0847,118758.7,7.109
1753769322856,06:08:42.856,bitget,BTC/USDT:USDT,118758.5,1.4837,118756.0,1.5479,118758.6,37.0847,118758.7,7.109
1753769322956,06:08:42.956,bitget,BTC/USDT:USDT,118758.5,1.4837,118756.0,1.5479,118758.6,37.0847,118758.7,7.109
1753769323057,06:08:43.057,bitget,BTC/USDT:USDT,118758.5,1.4837,118756.0,1.5479,118758.6,37.0847,118758.7,7.109
1753769323257,06:08:43.257,bitget,BTC/USDT:USDT,118758.5,1.4837,118756.0,1.5479,118758.6,37.0847,118758.7,7.109
1753769323357,06:08:43.357,bitget,BTC/USDT:USDT,118758.5,1.4837,118756.0,1.5479,118758.6,37.0847,118758.7,7.109
1753769323657,06:08:43.657,bitget,BTC/USDT:USDT,118758.5,1.4787,118756.0,1.5479,118758.6,36.2182,118758.7,7.109
1753769323757,06:08:43.757,bitget,BTC/USDT:USDT,118758.5,1.4787,118756.0,1.5479,118758.6,36.2447,118758.7,7.109
1753769323858,06:08:43.858,bitget,BTC/USDT:USDT,118758.5,1.4787,118756.0,1.5479,118758.6,36.2182,118758.7,7.109
1753769324159,06:08:44.159,bitget,BTC/USDT:USDT,118758.5,1.4787,118756.0,1.5479,118758.6,36.2182,118758.7,7.109
1753769324259,06:08:44.259,bitget,BTC/USDT:USDT,118758.5,1.4787,118756.0,1.5479,118758.6,36.2182,118758.7,7.109
1753769324459,06:08:44.459,bitget,BTC/USDT:USDT,118758.5,1.4728,118756.0,1.5479,118758.6,36.2182,118758.7,7.109
1753769324560,06:08:44.560,bitget,BTC/USDT:USDT,118758.5,1.4728,118756.0,1.5479,118758.6,36.2182,118758.7,7.109
1753769324761,06:08:44.761,bitget,BTC/USDT:USDT,118758.5,1.4728,118756.0,1.5479,118758.6,36.2182,118758.7,7.109
1753769324862,06:08:44.862,bitget,BTC/USDT:USDT,118758.5,1.4728,118756.0,1.5479,118758.6,36.2182,118758.7,7.109
1753769324962,06:08:44.962,bitget,BTC/USDT:USDT,118758.5,1.4728,118756.0,1.5479,118758.6,36.2182,118758.7,7.109
1753769325063,06:08:45.063,bitget,BTC/USDT:USDT,118758.5,1.4728,118756.0,1.5479,118758.6,36.2398,118758.7,7.109
1753769325162,06:08:45.162,bitget,BTC/USDT:USDT,118758.5,1.4728,118756.0,1.5479,118758.6,36.2182,118758.7,7.109
1753769325262,06:08:45.262,bitget,BTC/USDT:USDT,118758.5,1.4728,118756.0,1.5479,118758.6,35.2808,118758.7,7.109
1753769325362,06:08:45.362,bitget,BTC/USDT:USDT,118758.5,1.4728,118756.0,1.5479,118758.6,35.2808,118758.7,7.109
1753769325662,06:08:45.662,bitget,BTC/USDT:USDT,118758.5,1.4728,118756.0,1.5479,118758.6,35.2808,118758.7,7.109
1753769325762,06:08:45.762,bitget,BTC/USDT:USDT,118758.5,1.4728,118756.0,1.5479,118758.6,35.2808,118758.7,7.109
1753769325862,06:08:45.862,bitget,BTC/USDT:USDT,118758.5,1.4728,118756.0,1.5479,118758.6,35.2808,118758.7,7.109
1753769325964,06:08:45.964,bitget,BTC/USDT:USDT,118758.5,1.4728,118756.0,1.5479,118758.6,35.2808,118758.7,7.109
1753769326164,06:08:46.164,bitget,BTC/USDT:USDT,118758.5,1.4721,118756.0,1.5479,118758.6,35.2592,118758.7,7.109
1753769326264,06:08:46.264,bitget,BTC/USDT:USDT,118758.5,1.4721,118756.1,0.2636,118758.6,35.2399,118758.7,7.109
1753769326464,06:08:46.464,bitget,BTC/USDT:USDT,118758.5,1.4797,118756.2,0.03,118758.6,35.2784,118758.7,7.109
1753769326564,06:08:46.564,bitget,BTC/USDT:USDT,118758.5,1.4797,118756.3,2.9468,118758.6,35.0949,118758.7,7.109
1753769326664,06:08:46.664,bitget,BTC/USDT:USDT,118758.5,1.8461,118756.4,1.1606,118758.6,35.0949,118758.7,6.0287
1753769326864,06:08:46.864,bitget,BTC/USDT:USDT,118758.5,1.8461,118756.4,2.4491,118758.6,35.0949,118758.7,6.0287
1753769326964,06:08:46.964,bitget,BTC/USDT:USDT,118758.5,1.8461,118756.4,2.4491,118758.6,35.0949,118758.7,6.0287
1753769327164,06:08:47.164,bitget,BTC/USDT:USDT,118758.5,1.8461,118756.4,2.4491,118758.6,35.0949,118758.7,6.0287
1753769327264,06:08:47.264,bitget,BTC/USDT:USDT,118758.5,1.8461,118756.4,2.4491,118758.6,35.0949,118758.7,6.0287
1753769327464,06:08:47.464,bitget,BTC/USDT:USDT,118758.5,1.8461,118756.4,2.4491,118758.6,35.0949,118758.7,6.0287
1753769327564,06:08:47.564,bitget,BTC/USDT:USDT,118758.5,1.8461,118756.4,2.4491,118758.6,35.0949,118758.7,6.0287
1753769327664,06:08:47.664,bitget,BTC/USDT:USDT,118758.5,1.8461,118756.4,2.4491,118758.6,35.0949,118758.7,6.0287
1753769327764,06:08:47.764,bitget,BTC/USDT:USDT,118758.5,1.8461,118756.4,1.1646,118758.6,35.0949,118758.7,6.0287
1753769327864,06:08:47.864,bitget,BTC/USDT:USDT,118758.5,1.8461,118756.4,1.1646,118758.6,35.0949,118758.7,6.0287
1753769327964,06:08:47.964,bitget,BTC/USDT:USDT,118758.5,1.8461,118756.4,1.1646,118758.6,35.0949,118758.7,6.0287
1753769328064,06:08:48.064,bitget,BTC/USDT:USDT,118758.5,1.8461,118756.4,1.1646,118758.6,35.0949,118758.7,6.0287
1753769328164,06:08:48.164,bitget,BTC/USDT:USDT,118758.5,1.8461,118756.4,1.1646,118758.6,35.1165,118758.7,6.0287
1753769328264,06:08:48.264,bitget,BTC/USDT:USDT,118758.5,1.8461,118756.4,1.1606,118758.6,35.0949,118758.7,6.0287
1753769328464,06:08:48.464,bitget,BTC/USDT:USDT,118758.5,1.8461,118756.4,1.1606,118758.6,35.0949,118758.7,6.0287
1753769328764,06:08:48.764,bitget,BTC/USDT:USDT,118758.5,1.8461,118756.4,1.1606,118758.6,35.0684,118758.7,6.0287
1753769329265,06:08:49.265,bitget,BTC/USDT:USDT,118758.5,4.7929,118756.8,1.1557,118758.6,35.0949,118758.7,6.0287
1753769329365,06:08:49.365,bitget,BTC/USDT:USDT,118758.5,4.7929,118756.8,0.2676,118758.6,35.0949,118758.7,6.0287
1753769329465,06:08:49.465,bitget,BTC/USDT:USDT,118758.5,4.7929,118756.8,0.2676,118758.6,35.0949,118758.7,6.0287
1753769329565,06:08:49.565,bitget,BTC/USDT:USDT,118758.5,4.7929,118756.8,0.2676,118758.6,35.0949,118758.7,6.0287
1753769329666,06:08:49.666,bitget,BTC/USDT:USDT,118758.5,1.8461,118756.9,2.9468,118758.6,35.0949,118758.7,6.0287
1753769329965,06:08:49.965,bitget,BTC/USDT:USDT,118758.5,2.9099,118757.2,1.1516,118758.6,35.1214,118758.7,6.0287
1753769330065,06:08:50.065,bitget,BTC/USDT:USDT,118758.5,2.9099,118757.2,1.1516,118758.6,35.0949,118758.7,5.6742
1753769330165,06:08:50.165,bitget,BTC/USDT:USDT,118758.5,2.9099,118757.2,1.1516,118758.6,35.0949,118758.7,5.0442
1753769330465,06:08:50.465,bitget,BTC/USDT:USDT,118758.5,2.9099,118757.4,1.1516,118758.6,35.1214,118758.7,5.0442
1753769330565,06:08:50.565,bitget,BTC/USDT:USDT,118758.5,2.9099,118757.4,1.1516,118758.6,35.0949,118758.7,5.0442
1753769330665,06:08:50.665,bitget,BTC/USDT:USDT,118758.5,2.9099,118757.4,1.1516,118758.6,35.0949,118758.7,5.0442
1753769330765,06:08:50.765,bitget,BTC/USDT:USDT,118758.5,5.8567,118757.4,1.1516,118758.6,35.0684,118758.7,5.0442
1753769331067,06:08:51.067,bitget,BTC/USDT:USDT,118758.5,2.9099,118757.4,1.1187,118758.6,35.0949,118758.7,5.0442
1753769331167,06:08:51.167,bitget,BTC/USDT:USDT,118758.5,2.9099,118757.4,1.1187,118758.6,35.0948,118758.7,5.0442
1753769331267,06:08:51.267,bitget,BTC/USDT:USDT,118758.5,2.3159,118757.4,1.1187,118758.6,35.0948,118758.7,5.0442
1753769331367,06:08:51.367,bitget,BTC/USDT:USDT,118758.5,2.3159,118757.4,1.1187,118758.6,35.0948,118758.7,5.0442
1753769331667,06:08:51.667,bitget,BTC/USDT:USDT,118758.5,2.3159,118757.6,1.1528,118758.6,35.0683,118758.7,5.0442
1753769331867,06:08:51.867,bitget,BTC/USDT:USDT,118758.5,2.3159,118757.6,1.1528,118758.6,35.0948,118758.7,5.0442
1753769331967,06:08:51.967,bitget,BTC/USDT:USDT,118758.5,2.3159,118757.6,1.1528,118758.6,35.0948,118758.7,5.0442
1753769332167,06:08:52.167,bitget,BTC/USDT:USDT,118758.5,2.3145,118757.6,1.1528,118758.6,35.0683,118758.7,5.0442
1753769332268,06:08:52.268,bitget,BTC/USDT:USDT,118758.5,2.3145,118757.6,1.1528,118758.6,35.0948,118758.7,5.0442
1753769332368,06:08:52.368,bitget,BTC/USDT:USDT,118758.5,2.3145,118757.6,1.1528,118758.6,35.0948,118758.7,5.0442
1753769332468,06:08:52.468,bitget,BTC/USDT:USDT,118758.5,2.3145,118757.6,1.1528,118758.6,35.0948,118758.7,5.0442
1753769332568,06:08:52.568,bitget,BTC/USDT:USDT,118758.5,2.3145,118757.6,1.1528,118758.6,35.0948,118758.7,5.0442
1753769332669,06:08:52.669,bitget,BTC/USDT:USDT,118758.5,2.3145,118757.6,1.1528,118758.6,35.0948,118758.7,5.0442
1753769332769,06:08:52.769,bitget,BTC/USDT:USDT,118758.5,2.3145,118757.6,1.1528,118758.6,35.0948,118758.7,5.0442
1753769332869,06:08:52.869,bitget,BTC/USDT:USDT,118758.5,2.3145,118757.6,1.1528,118758.6,35.0948,118758.7,5.0442
1753769332969,06:08:52.969,bitget,BTC/USDT:USDT,118758.5,2.3145,118757.6,1.1528,118758.6,35.1164,118758.7,5.0442
1753769333069,06:08:53.069,bitget,BTC/USDT:USDT,118758.5,2.3127,118757.6,1.1528,118758.6,35.1213,118758.7,5.0442
1753769333169,06:08:53.169,bitget,BTC/USDT:USDT,118758.5,2.3127,118757.6,1.1528,118758.6,35.0948,118758.7,5.0442
1753769333269,06:08:53.269,bitget,BTC/USDT:USDT,118758.5,2.3127,118757.6,1.1528,118758.6,35.1213,118758.7,5.0442
1753769333369,06:08:53.369,bitget,BTC/USDT:USDT,118758.5,1.8129,118756.0,0.8651,118758.6,35.0948,118758.7,5.0442
1753769333469,06:08:53.469,bitget,BTC/USDT:USDT,118758.5,1.8129,118756.0,0.8651,118758.6,35.0948,118758.7,5.0442
1753769333769,06:08:53.769,bitget,BTC/USDT:USDT,118758.5,1.4685,118755.1,0.0228,118758.6,30.905,118758.7,2.2804
1753769333869,06:08:53.869,bitget,BTC/USDT:USDT,118758.5,1.4685,118755.1,0.0228,118758.6,30.905,118758.7,2.2804
1753769334069,06:08:54.069,bitget,BTC/USDT:USDT,118758.5,1.4685,118755.1,0.0136,118758.6,30.905,118758.7,2.2804
1753769334169,06:08:54.169,bitget,BTC/USDT:USDT,118758.5,1.4685,118755.0,0.0228,118758.6,30.905,118758.7,2.2804
1753769334369,06:08:54.369,bitget,BTC/USDT:USDT,118758.5,1.4685,118754.9,0.0092,118758.6,30.8785,118758.7,2.2804
1753769334469,06:08:54.469,bitget,BTC/USDT:USDT,118758.5,1.4685,118754.9,0.0228,118758.6,30.905,118758.7,2.2804
1753769334569,06:08:54.569,bitget,BTC/USDT:USDT,118758.5,1.4685,118754.9,0.0364,118758.6,30.9315,118758.7,2.2804
1753769334669,06:08:54.669,bitget,BTC/USDT:USDT,118758.5,1.4685,118754.9,0.0136,118758.6,30.8826,118758.7,2.2804
1753769334769,06:08:54.769,bitget,BTC/USDT:USDT,118758.5,1.4295,118754.9,0.0228,118758.6,30.9066,118758.7,2.2784
1753769334869,06:08:54.869,bitget,BTC/USDT:USDT,118758.5,1.4295,118754.9,0.0364,118758.6,30.9331,118758.7,2.2784
1753769334969,06:08:54.969,bitget,BTC/USDT:USDT,118758.5,1.4295,118754.9,0.0364,118758.6,30.9331,118758.7,2.2784
1753769335069,06:08:55.069,bitget,BTC/USDT:USDT,118758.5,1.4295,118754.9,0.0228,118758.6,30.9066,118758.7,2.2784
1753769335169,06:08:55.169,bitget,BTC/USDT:USDT,118758.5,1.3368,118754.7,0.0228,118758.6,30.9066,118758.7,2.2784
1753769335269,06:08:55.269,bitget,BTC/USDT:USDT,118758.5,1.4295,118754.6,0.8923,118758.6,30.9115,118758.7,2.2784
1753769335370,06:08:55.370,bitget,BTC/USDT:USDT,118758.5,1.4295,118754.6,0.8879,118758.6,30.9066,118758.7,2.2784
1753769335470,06:08:55.470,bitget,BTC/USDT:USDT,118758.5,1.4295,118754.6,0.8879,118758.6,30.9066,118758.7,2.2784
1753769335570,06:08:55.570,bitget,BTC/USDT:USDT,118758.5,1.4295,118754.6,0.8879,118758.6,30.9066,118758.7,2.2784
1753769335670,06:08:55.670,bitget,BTC/USDT:USDT,118758.5,1.4295,118754.6,0.8879,118758.6,30.9066,118758.7,2.2784
1753769335771,06:08:55.771,bitget,BTC/USDT:USDT,118758.5,1.4295,118754.6,0.8879,118758.6,30.9066,118758.7,2.2784
1753769335871,06:08:55.871,bitget,BTC/USDT:USDT,118758.5,0.0931,118757.7,1.3756,118758.6,30.9596,118758.7,2.2784
1753769335972,06:08:55.972,bitget,BTC/USDT:USDT,118758.5,0.0931,118757.7,1.3756,118758.6,30.9066,118758.7,2.2784
1753769336072,06:08:56.072,bitget,BTC/USDT:USDT,118758.5,0.4293,118757.7,1.3756,118758.6,30.9066,118758.7,2.2784
1753769336172,06:08:56.172,bitget,BTC/USDT:USDT,118758.5,0.4293,118757.7,1.3756,118758.6,30.9066,118758.7,2.2784
1753769336272,06:08:56.272,bitget,BTC/USDT:USDT,118758.5,0.4293,118757.7,1.3756,118758.6,30.9331,118758.7,2.2784
1753769336372,06:08:56.372,bitget,BTC/USDT:USDT,118758.5,0.4293,118757.7,1.3756,118758.6,30.6768,118758.7,2.2784
1753769336472,06:08:56.472,bitget,BTC/USDT:USDT,118758.5,0.4293,118757.7,1.3756,118758.6,30.6768,118758.7,2.2784
1753769336573,06:08:56.573,bitget,BTC/USDT:USDT,118758.5,0.4293,118757.7,1.3756,118758.6,30.6768,118758.7,2.2784
1753769336672,06:08:56.672,bitget,BTC/USDT:USDT,118758.5,0.4293,118757.7,1.3756,118758.6,30.6768,118758.7,2.2784
1753769336772,06:08:56.772,bitget,BTC/USDT:USDT,118758.5,0.4293,118757.7,1.3756,118758.6,30.6768,118758.7,2.2784
1753769336872,06:08:56.872,bitget,BTC/USDT:USDT,118758.5,0.4293,118757.7,1.3756,118758.6,31.4295,118758.7,2.2784
1753769336972,06:08:56.972,bitget,BTC/USDT:USDT,118758.5,0.3366,118757.7,1.3756,118758.6,31.4344,118758.7,2.2784
1753769337172,06:08:57.172,bitget,BTC/USDT:USDT,118758.5,0.1685,118757.7,1.3756,118758.6,31.4344,118758.7,2.2784
1753769337373,06:08:57.373,bitget,BTC/USDT:USDT,118754.5,1.4686,118754.3,2.2722,118754.6,57.8984,118754.8,0.0481
1753769337472,06:08:57.472,bitget,BTC/USDT:USDT,118754.5,1.4686,118754.3,2.2722,118754.6,57.9465,118754.7,0.3367
1753769337672,06:08:57.672,bitget,BTC/USDT:USDT,118754.5,1.4371,118754.3,2.2722,118754.6,28.4142,118755.3,0.007
1753769337772,06:08:57.772,bitget,BTC/USDT:USDT,118754.5,1.4686,118754.3,2.2722,118754.6,28.4142,118755.3,0.007
1753769337872,06:08:57.872,bitget,BTC/USDT:USDT,118754.5,1.4686,118754.3,2.2722,118754.6,28.3946,118755.3,0.007
1753769337972,06:08:57.972,bitget,BTC/USDT:USDT,118754.5,1.4686,118754.3,2.2722,118754.6,28.4378,118755.3,0.007
1753769338072,06:08:58.072,bitget,BTC/USDT:USDT,118754.5,1.4686,118754.2,0.0136,118754.6,28.4162,118755.3,0.007
1753769338272,06:08:58.272,bitget,BTC/USDT:USDT,118754.5,1.4371,118754.2,0.0136,118754.6,28.4162,118755.3,0.007
1753769338372,06:08:58.372,bitget,BTC/USDT:USDT,118754.5,1.4074,118754.2,0.0136,118754.6,28.4162,118755.3,0.007
1753769338472,06:08:58.472,bitget,BTC/USDT:USDT,118754.5,1.4686,118754.2,0.0136,118754.6,28.4162,118755.3,0.007
1753769338572,06:08:58.572,bitget,BTC/USDT:USDT,118754.5,1.4686,118754.2,0.0136,118754.6,28.4162,118755.3,0.007
1753769338872,06:08:58.872,bitget,BTC/USDT:USDT,118754.5,1.4686,118754.2,0.0136,118754.6,28.4162,118755.3,0.007
1753769338972,06:08:58.972,bitget,BTC/USDT:USDT,118754.5,1.4686,118754.2,0.0136,118754.6,28.4162,118755.3,0.007
1753769339072,06:08:59.072,bitget,BTC/USDT:USDT,118754.5,1.4686,118754.2,0.0136,118754.6,28.4162,118755.3,0.007
1753769339173,06:08:59.173,bitget,BTC/USDT:USDT,118754.5,1.4686,118754.2,0.0136,118754.6,28.4162,118755.3,0.007
1753769339274,06:08:59.274,bitget,BTC/USDT:USDT,118754.5,0.0931,118754.2,0.0136,118754.6,28.4162,118755.3,0.007
1753769339374,06:08:59.374,bitget,BTC/USDT:USDT,118754.5,0.0931,118753.5,1.3755,118754.6,28.4162,118755.3,0.007
1753769339474,06:08:59.474,bitget,BTC/USDT:USDT,118754.5,0.0931,118753.6,0.03,118754.6,28.4098,118755.3,0.007
1753769339574,06:08:59.574,bitget,BTC/USDT:USDT,118754.5,0.0931,118753.6,0.03,118754.6,28.4098,118755.3,0.007
1753769339674,06:08:59.674,bitget,BTC/USDT:USDT,118754.5,0.0931,118753.6,0.03,118754.6,28.4098,118755.3,0.007
1753769339774,06:08:59.774,bitget,BTC/USDT:USDT,118754.5,0.5976,118753.6,0.03,118754.6,28.3882,118755.3,0.007
1753769339874,06:08:59.874,bitget,BTC/USDT:USDT,118754.5,0.7657,118753.6,1.5721,118754.6,22.7479,118755.3,0.007
1753769339974,06:08:59.974,bitget,BTC/USDT:USDT,118754.5,0.7657,118753.6,0.03,118754.6,25.6683,118755.3,0.007
1753769340074,06:09:00.074,bitget,BTC/USDT:USDT,118754.5,0.7657,118753.6,0.03,118754.6,25.6948,118755.3,0.007
1753769340174,06:09:00.174,bitget,BTC/USDT:USDT,118754.5,0.7656,118753.6,0.03,118754.6,25.6952,118755.3,0.007
1753769340274,06:09:00.274,bitget,BTC/USDT:USDT,118754.5,0.7656,118753.6,0.03,118754.6,25.6952,118755.3,0.007
1753769340375,06:09:00.375,bitget,BTC/USDT:USDT,118754.5,0.5975,118753.6,0.03,118754.6,25.6952,118755.3,0.007
1753769340475,06:09:00.475,bitget,BTC/USDT:USDT,118754.5,0.5975,118753.6,0.03,118754.6,25.6952,118755.3,0.007
1753769340575,06:09:00.575,bitget,BTC/USDT:USDT,118754.5,0.5975,118753.6,0.03,118754.6,25.6952,118755.3,0.007
1753769340675,06:09:00.675,bitget,BTC/USDT:USDT,118754.5,0.5975,118753.6,0.03,118754.6,25.6736,118755.3,0.007
1753769340775,06:09:00.775,bitget,BTC/USDT:USDT,118754.5,0.7656,118753.6,0.03,118754.6,25.6952,118755.3,0.007
1753769340876,06:09:00.876,bitget,BTC/USDT:USDT,118754.5,0.7656,118753.6,0.03,118754.6,25.6952,118755.3,0.007
1753769340975,06:09:00.975,bitget,BTC/USDT:USDT,118754.5,0.7656,118753.6,0.03,118754.6,25.6952,118755.3,0.007
1753769341075,06:09:01.075,bitget,BTC/USDT:USDT,118754.5,0.7656,118753.6,0.03,118754.6,25.6952,118755.3,0.007
1753769341175,06:09:01.175,bitget,BTC/USDT:USDT,118754.5,0.7655,118753.6,0.03,118754.6,25.6952,118755.3,0.007
1753769341275,06:09:01.275,bitget,BTC/USDT:USDT,118754.5,0.5974,118753.6,0.03,118754.6,25.6736,118755.3,0.007
1753769341375,06:09:01.375,bitget,BTC/USDT:USDT,118754.5,0.7655,118753.6,0.03,118754.6,25.6952,118755.3,0.007
1753769341475,06:09:01.475,bitget,BTC/USDT:USDT,118754.5,0.7655,118753.6,0.03,118754.6,25.7168,118755.3,0.007
1753769341575,06:09:01.575,bitget,BTC/USDT:USDT,118754.5,0.7655,118753.6,0.03,118754.6,25.6952,118755.3,0.007
1753769341676,06:09:01.676,bitget,BTC/USDT:USDT,118754.5,0.7655,118753.6,0.03,118754.6,22.7483,118755.3,0.007
1753769341776,06:09:01.776,bitget,BTC/USDT:USDT,118754.5,0.7655,118753.6,0.03,118754.6,22.7483,118755.3,0.007
1753769341876,06:09:01.876,bitget,BTC/USDT:USDT,118754.5,0.7655,118753.6,0.03,118754.6,22.7483,118755.3,0.007
1753769341977,06:09:01.977,bitget,BTC/USDT:USDT,118754.5,0.7731,118753.6,0.03,118754.6,22.7483,118755.3,0.007
1753769342176,06:09:02.176,bitget,BTC/USDT:USDT,118754.5,0.8031,118753.5,1.3755,118754.6,22.7377,118755.1,2.3009
1753769342377,06:09:02.377,bitget,BTC/USDT:USDT,118754.5,0.7731,118753.5,1.3755,118754.6,25.6846,118755.1,2.3009
1753769342476,06:09:02.476,bitget,BTC/USDT:USDT,118754.5,0.5962,118753.1,0.0136,118754.6,25.663,118755.1,1.3595
1753769342676,06:09:02.676,bitget,BTC/USDT:USDT,118754.5,0.0917,118752.8,0.0136,118754.6,25.7062,118755.1,1.3595
1753769342877,06:09:02.877,bitget,BTC/USDT:USDT,118748.3,0.0132,118747.8,0.0746,118748.4,0.07,118749.4,5.601
1753769343283,06:09:03.283,bitget,BTC/USDT:USDT,118748.3,7.0408,118747.8,0.0746,118748.4,29.9066,118749.4,0.0265
1753769343382,06:09:03.382,bitget,BTC/USDT:USDT,118748.3,7.0408,118747.8,0.0746,118748.4,29.9086,118749.5,0.0216
1753769343585,06:09:03.585,bitget,BTC/USDT:USDT,118748.3,7.0408,118747.8,0.0746,118748.4,29.9086,118748.5,0.0265
1753769343685,06:09:03.685,bitget,BTC/USDT:USDT,118748.3,7.0408,118747.8,0.0746,118748.4,29.9386,118748.5,0.0481
1753769343786,06:09:03.786,bitget,BTC/USDT:USDT,118748.3,7.0408,118747.8,0.0746,118748.4,29.9486,118748.5,0.0481
1753769343888,06:09:03.888,bitget,BTC/USDT:USDT,118748.3,7.0408,118747.8,0.0746,118748.4,29.9486,118748.5,0.0216
1753769343990,06:09:03.990,bitget,BTC/USDT:USDT,118748.3,7.0408,118747.8,0.0746,118748.4,29.9386,118748.5,0.0216
1753769344093,06:09:04.093,bitget,BTC/USDT:USDT,118748.3,5.6589,118747.8,0.0746,118748.4,29.9171,118748.5,0.0481
1753769344193,06:09:04.193,bitget,BTC/USDT:USDT,118748.3,5.6589,118747.8,0.0746,118748.4,29.9471,118748.5,0.0481
1753769344293,06:09:04.293,bitget,BTC/USDT:USDT,118748.3,5.6581,118747.8,0.0746,118748.4,29.9471,118748.5,0.0697
1753769344394,06:09:04.394,bitget,BTC/USDT:USDT,118748.3,5.6581,118747.8,0.0746,118748.4,29.9171,118748.5,0.0481
1753769344701,06:09:04.701,bitget,BTC/USDT:USDT,118748.3,5.6581,118747.8,0.0746,118748.4,29.9171,118748.5,0.0697
1753769344803,06:09:04.803,bitget,BTC/USDT:USDT,118748.3,5.6581,118747.8,0.0746,118748.4,29.9171,118748.5,0.0481
1753769344903,06:09:04.903,bitget,BTC/USDT:USDT,118748.3,5.6581,118747.8,0.0746,118748.4,29.9171,118748.5,0.0265
1753769345004,06:09:05.004,bitget,BTC/USDT:USDT,118748.3,5.6581,118747.8,0.0746,118748.4,29.9171,118748.5,0.0481
1753769345105,06:09:05.105,bitget,BTC/USDT:USDT,118748.3,5.6581,118747.8,0.0746,118748.4,29.9171,118748.5,0.0481
1753769345207,06:09:05.207,bitget,BTC/USDT:USDT,118748.3,5.6581,118747.8,0.0746,118748.4,29.9171,118748.5,0.0481
1753769345308,06:09:05.308,bitget,BTC/USDT:USDT,118748.3,5.6581,118747.8,0.0746,118748.4,29.9171,118748.5,0.0481
1753769345408,06:09:05.408,bitget,BTC/USDT:USDT,118748.3,5.6581,118747.8,0.0746,118748.4,29.9171,118748.5,0.0481
1753769345510,06:09:05.510,bitget,BTC/USDT:USDT,118748.3,6.7523,118747.8,0.0746,118748.4,29.9171,118748.5,0.0481
1753769345611,06:09:05.611,bitget,BTC/USDT:USDT,118748.3,6.7523,118747.8,0.0746,118748.4,29.9171,118748.5,0.0265
1753769345713,06:09:05.713,bitget,BTC/USDT:USDT,118748.3,6.7523,118747.8,0.0746,118748.4,29.9171,118748.5,0.0481
1753769345814,06:09:05.814,bitget,BTC/USDT:USDT,118748.3,6.7523,118747.8,0.0746,118748.4,29.9171,118748.5,0.0697
1753769345914,06:09:05.914,bitget,BTC/USDT:USDT,118748.3,6.7523,118747.8,0.0746,118748.4,29.9171,118748.5,0.0265
1753769346016,06:09:06.016,bitget,BTC/USDT:USDT,118748.3,6.7523,118747.8,0.0746,118748.4,29.9171,118748.5,0.0481
1753769346117,06:09:06.117,bitget,BTC/USDT:USDT,118748.3,6.7523,118747.8,0.0746,118748.4,29.9171,118748.5,0.0265
1753769346219,06:09:06.219,bitget,BTC/USDT:USDT,118748.3,6.7523,118747.8,0.0746,118748.4,29.9171,118748.5,0.0481
1753769346319,06:09:06.319,bitget,BTC/USDT:USDT,118748.3,5.6581,118747.8,0.0746,118748.4,29.8673,118748.5,0.0481
1753769346419,06:09:06.419,bitget,BTC/USDT:USDT,118748.3,5.6581,118747.8,0.0746,118748.4,29.8471,118748.5,0.0481
1753769346519,06:09:06.519,bitget,BTC/USDT:USDT,118748.3,6.7523,118747.8,0.0746,118748.4,29.8471,118748.5,0.0481
1753769346620,06:09:06.620,bitget,BTC/USDT:USDT,118748.3,6.7523,118747.8,0.0746,118748.4,29.8471,118748.5,0.0481
1753769346719,06:09:06.719,bitget,BTC/USDT:USDT,118748.3,5.6581,118747.8,0.0746,118748.4,29.8409,118748.5,0.0481
1753769346821,06:09:06.821,bitget,BTC/USDT:USDT,118748.3,5.6581,118747.8,0.0746,118748.4,29.8409,118748.5,0.0481
1753769346921,06:09:06.921,bitget,BTC/USDT:USDT,118748.3,6.7522,118747.8,0.0746,118748.4,29.8409,118748.5,0.0481
1753769347123,06:09:07.123,bitget,BTC/USDT:USDT,118748.3,6.7513,118747.8,0.0746,118748.4,30.032,118748.5,0.0746
1753769347224,06:09:07.224,bitget,BTC/USDT:USDT,118748.3,5.6572,118747.8,0.0746,118748.4,30.032,118748.5,0.053
1753769347325,06:09:07.325,bitget,BTC/USDT:USDT,118748.3,5.6572,118747.8,0.0746,118748.4,30.032,118748.5,0.0481
1753769347426,06:09:07.426,bitget,BTC/USDT:USDT,118748.3,5.6572,118747.8,0.0746,118748.4,30.032,118748.5,0.0481
1753769347530,06:09:07.530,bitget,BTC/USDT:USDT,118748.3,5.6572,118747.8,0.0746,118748.4,30.032,118748.5,0.0265
1753769347629,06:09:07.629,bitget,BTC/USDT:USDT,118748.3,5.6572,118747.8,0.0746,118748.4,27.0849,118748.5,0.0481
1753769347731,06:09:07.731,bitget,BTC/USDT:USDT,118748.3,5.6572,118747.8,0.0746,118748.4,30.0235,118748.5,0.0746
1753769347832,06:09:07.832,bitget,BTC/USDT:USDT,118748.3,5.6572,118747.8,0.0746,118748.4,30.0235,118748.5,0.0481
1753769347932,06:09:07.932,bitget,BTC/USDT:USDT,118748.3,5.6572,118747.8,0.0746,118748.4,30.0235,118748.5,0.0481
1753769348741,06:09:08.741,bitget,BTC/USDT:USDT,118748.3,5.6562,118747.8,0.0746,118748.4,27.0764,118748.5,0.0481
1753769348842,06:09:08.842,bitget,BTC/USDT:USDT,118748.3,5.6562,118747.8,0.0746,118748.4,27.0764,118748.5,0.0481
1753769348942,06:09:08.942,bitget,BTC/USDT:USDT,118748.3,5.6562,118747.8,0.0746,118748.4,27.0764,118748.5,0.0265
1753769349043,06:09:09.043,bitget,BTC/USDT:USDT,118748.3,5.6562,118747.8,0.0746,118748.4,27.0764,118748.5,0.0481
1753769349144,06:09:09.144,bitget,BTC/USDT:USDT,118748.3,6.7503,118747.8,0.0746,118748.4,27.0764,118748.5,0.0481
1753769349345,06:09:09.345,bitget,BTC/USDT:USDT,118748.3,6.7503,118747.8,0.0746,118748.4,26.8926,118748.5,0.0481
1753769349445,06:09:09.445,bitget,BTC/USDT:USDT,118748.3,6.7503,118747.8,0.0746,118748.4,26.8926,118748.5,0.0697
1753769349545,06:09:09.545,bitget,BTC/USDT:USDT,118748.3,6.7503,118747.8,0.0746,118748.4,26.8926,118748.5,0.0481
1753769349647,06:09:09.647,bitget,BTC/USDT:USDT,118748.3,6.7503,118747.8,0.0746,118748.4,26.8926,118748.5,0.0481
1753769349749,06:09:09.749,bitget,BTC/USDT:USDT,118748.3,6.7503,118747.8,0.0746,118748.4,26.8926,118748.5,0.0481
1753769349851,06:09:09.851,bitget,BTC/USDT:USDT,118748.3,6.7503,118747.8,0.0746,118748.4,26.8926,118748.5,0.0481
1753769349962,06:09:09.962,bitget,BTC/USDT:USDT,118748.3,6.7504,118747.8,0.0746,118748.4,26.8926,118748.5,0.0481
1753769350063,06:09:10.063,bitget,BTC/USDT:USDT,118748.3,6.7504,118747.8,0.0746,118748.4,26.8926,118748.5,0.0481
1753769350164,06:09:10.164,bitget,BTC/USDT:USDT,118748.3,5.6562,118747.8,0.0746,118748.4,26.8926,118748.5,0.0481
1753769350264,06:09:10.264,bitget,BTC/USDT:USDT,118748.3,5.6562,118747.8,0.0746,118748.4,26.8926,118748.5,0.0481
1753769350364,06:09:10.364,bitget,BTC/USDT:USDT,118748.3,5.6562,118747.8,0.0746,118748.4,26.8926,118748.5,0.0481
1753769350464,06:09:10.464,bitget,BTC/USDT:USDT,118748.3,5.6554,118747.8,0.0746,118748.4,26.8926,118748.5,0.0481
1753769350564,06:09:10.564,bitget,BTC/USDT:USDT,118748.3,5.6554,118747.8,0.0746,118748.4,26.8926,118748.5,0.0216
1753769350664,06:09:10.664,bitget,BTC/USDT:USDT,118748.3,6.7495,118747.8,0.0746,118748.4,26.8926,118748.5,0.0481
1753769350765,06:09:10.765,bitget,BTC/USDT:USDT,118748.3,6.7496,118747.8,0.0746,118748.4,26.8926,118748.5,0.0481
1753769350866,06:09:10.866,bitget,BTC/USDT:USDT,118748.3,6.7496,118747.8,0.0746,118748.4,26.9526,118748.5,0.0481
1753769351069,06:09:11.069,bitget,BTC/USDT:USDT,118748.3,5.6554,118747.8,0.0746,118748.4,26.8926,118748.5,0.0746
1753769351170,06:09:11.170,bitget,BTC/USDT:USDT,118748.3,5.663,118747.8,0.0746,118748.4,26.8926,118748.5,0.0481
1753769351272,06:09:11.272,bitget,BTC/USDT:USDT,118748.3,5.663,118747.8,0.0746,118748.4,26.8926,118748.5,0.0481
1753769351472,06:09:11.472,bitget,BTC/USDT:USDT,118748.3,5.663,118747.8,0.0746,118748.4,26.8926,118748.5,0.0481
1753769351577,06:09:11.577,bitget,BTC/USDT:USDT,118748.3,5.6623,118747.8,0.0746,118748.4,26.8926,118748.5,0.0481
1753769351683,06:09:11.683,bitget,BTC/USDT:USDT,118748.3,5.6623,118747.8,0.0746,118748.4,26.8926,118748.5,0.0481
1753769351783,06:09:11.783,bitget,BTC/USDT:USDT,118748.3,5.6623,118747.8,0.0746,118748.4,26.8926,118748.5,0.0481
1753769351883,06:09:11.883,bitget,BTC/USDT:USDT,118748.3,5.4712,118747.8,0.0746,118748.4,26.7015,118748.5,0.0481
1753769351984,06:09:11.984,bitget,BTC/USDT:USDT,118748.3,5.4606,118747.8,0.0746,118748.4,26.7015,118748.5,0.0481
1753769352088,06:09:12.088,bitget,BTC/USDT:USDT,118748.3,5.4606,118747.8,0.0746,118748.4,26.7015,118748.5,0.0481
1753769352188,06:09:12.188,bitget,BTC/USDT:USDT,118748.3,5.4515,118747.8,0.0746,118748.4,26.7015,118748.5,0.0697
1753769352290,06:09:12.290,bitget,BTC/USDT:USDT,118748.3,6.4951,118747.8,0.0746,118748.4,26.7015,118748.5,0.0481
1753769352390,06:09:12.390,bitget,BTC/USDT:USDT,118748.3,6.4951,118747.8,0.0746,118748.4,26.7015,118748.5,0.0265
1753769352491,06:09:12.491,bitget,BTC/USDT:USDT,118748.3,6.4951,118747.8,0.0746,118748.4,26.7015,118748.5,0.0481
1753769352592,06:09:12.592,bitget,BTC/USDT:USDT,118748.3,6.7109,118747.8,0.0746,118748.4,19.9922,118748.5,0.0481
1753769352694,06:09:12.694,bitget,BTC/USDT:USDT,118748.3,13.0463,118747.8,3.0834,118748.4,19.9922,118748.5,0.0481
1753769352797,06:09:12.797,bitget,BTC/USDT:USDT,118748.3,13.4421,118747.8,1.2532,118748.4,19.9922,118748.5,0.0481
1753769352896,06:09:12.896,bitget,BTC/USDT:USDT,118748.3,13.407,118747.8,1.2532,118748.4,19.9922,118748.5,0.0216
1753769353001,06:09:13.001,bitget,BTC/USDT:USDT,118748.3,13.407,118747.8,1.2532,118748.4,19.9922,118748.5,0.0265
1753769353101,06:09:13.101,bitget,BTC/USDT:USDT,118748.3,13.4272,118747.8,1.2532,118748.4,19.9922,118748.5,0.0481
1753769353201,06:09:13.201,bitget,BTC/USDT:USDT,118748.3,13.2217,118747.8,1.2532,118748.4,19.9922,118748.5,0.0746
1753769353304,06:09:13.304,bitget,BTC/USDT:USDT,118748.3,13.2419,118747.8,1.2532,118748.4,19.9922,118748.5,0.0216
1753769353405,06:09:13.405,bitget,BTC/USDT:USDT,118748.3,9.8738,118747.8,1.2532,118748.4,19.9922,118748.5,0.0746
1753769353505,06:09:13.505,bitget,BTC/USDT:USDT,118748.3,9.6431,118747.8,2.2677,118748.4,19.9922,118748.5,0.0481
1753769353606,06:09:13.606,bitget,BTC/USDT:USDT,118748.3,9.6633,118747.8,2.2717,118748.4,19.9922,118748.5,0.0481
1753769353706,06:09:13.706,bitget,BTC/USDT:USDT,118748.3,9.6431,118747.9,0.004,118748.4,19.9922,118748.5,0.0481
1753769353809,06:09:13.809,bitget,BTC/USDT:USDT,118748.3,9.6431,118747.9,0.004,118748.4,19.9922,118748.5,0.0697
1753769353910,06:09:13.910,bitget,BTC/USDT:USDT,118748.3,9.6633,118747.9,0.004,118748.4,20.1027,118748.5,0.0216
1753769354011,06:09:14.011,bitget,BTC/USDT:USDT,118748.3,9.6431,118747.9,0.004,118748.4,20.1027,118748.5,0.0216
1753769354111,06:09:14.111,bitget,BTC/USDT:USDT,118748.3,9.6431,118747.9,0.004,118748.4,20.1027,118748.5,0.0481
1753769354213,06:09:14.213,bitget,BTC/USDT:USDT,118748.3,9.6633,118747.9,0.004,118748.4,20.1027,118748.5,0.0481
1753769354315,06:09:14.315,bitget,BTC/USDT:USDT,118748.3,9.6633,118747.9,0.004,118748.4,20.1027,118748.5,0.0746
1753769354415,06:09:14.415,bitget,BTC/USDT:USDT,118748.3,9.6633,118747.9,0.004,118748.4,20.1027,118748.5,0.0481
1753769354515,06:09:14.515,bitget,BTC/USDT:USDT,118748.3,9.6633,118747.9,0.004,118748.4,20.1027,118748.5,0.0481
1753769354616,06:09:14.616,bitget,BTC/USDT:USDT,118748.3,9.6633,118747.9,0.004,118748.4,20.1027,118748.5,0.0481
1753769354717,06:09:14.717,bitget,BTC/USDT:USDT,118748.3,9.6633,118747.9,0.004,118748.4,20.1027,118748.5,0.0265
1753769354818,06:09:14.818,bitget,BTC/USDT:USDT,118748.3,9.6633,118747.9,0.004,118748.4,20.1027,118748.5,0.0481
1753769354917,06:09:14.917,bitget,BTC/USDT:USDT,118748.3,9.6627,118747.8,2.2677,118748.4,20.1027,118748.5,0.0481
1753769355018,06:09:15.018,bitget,BTC/USDT:USDT,118748.3,9.6627,118747.8,2.2677,118748.4,20.1027,118748.5,0.0481
1753769355118,06:09:15.118,bitget,BTC/USDT:USDT,118748.3,9.6627,118747.8,2.2677,118748.4,20.1027,118748.5,0.0697
1753769355218,06:09:15.218,bitget,BTC/USDT:USDT,118748.3,9.6627,118747.8,2.2677,118748.4,20.1027,118748.5,0.0481
1753769355319,06:09:15.319,bitget,BTC/USDT:USDT,118748.3,9.6627,118747.8,2.2677,118748.4,20.1027,118748.5,0.0481
1753769355419,06:09:15.419,bitget,BTC/USDT:USDT,118748.3,9.6627,118747.8,2.2677,118748.4,20.1027,118748.5,0.0481
1753769355519,06:09:15.519,bitget,BTC/USDT:USDT,118748.3,9.6425,118747.8,2.2677,118748.4,20.1027,118748.5,0.0697
1753769355619,06:09:15.619,bitget,BTC/USDT:USDT,118748.3,9.6425,118747.8,2.2677,118748.4,20.1027,118748.5,0.0481
1753769355724,06:09:15.724,bitget,BTC/USDT:USDT,118748.3,9.6627,118747.8,2.2677,118748.4,20.1027,118748.5,0.0481
1753769355825,06:09:15.825,bitget,BTC/USDT:USDT,118748.3,9.6627,118747.8,2.2677,118748.4,20.1027,118748.5,0.0697
1753769355926,06:09:15.926,bitget,BTC/USDT:USDT,118748.3,9.6425,118747.8,2.2677,118748.4,20.1027,118748.5,0.0481
1753769356026,06:09:16.026,bitget,BTC/USDT:USDT,118748.3,9.6423,118747.8,2.2677,118748.4,20.1027,118748.5,0.0481
1753769356127,06:09:16.127,bitget,BTC/USDT:USDT,118748.3,10.9796,118747.8,2.2677,118748.4,20.6222,118748.5,0.0216
1753769356230,06:09:16.230,bitget,BTC/USDT:USDT,118748.3,11.1901,118747.8,2.0572,118748.4,20.6222,118748.5,0.0481
1753769356333,06:09:16.333,bitget,BTC/USDT:USDT,118748.3,11.1901,118747.8,2.0572,118748.4,20.6222,118748.5,0.0481
1753769356438,06:09:16.438,bitget,BTC/USDT:USDT,118748.3,11.1901,118747.8,2.0572,118748.4,20.6222,118748.5,0.0481
1753769356545,06:09:16.545,bitget,BTC/USDT:USDT,118748.3,11.1901,118747.8,2.0572,118748.4,20.6222,118748.5,0.0481
1753769356645,06:09:16.645,bitget,BTC/USDT:USDT,118748.3,11.1901,118747.8,2.0572,118748.4,20.6222,118748.5,0.0265
1753769356746,06:09:16.746,bitget,BTC/USDT:USDT,118748.3,11.1901,118747.8,2.0572,118748.4,20.6222,118748.5,0.0481
1753769356845,06:09:16.845,bitget,BTC/USDT:USDT,118748.3,11.1901,118747.8,2.0572,118748.4,20.6222,118748.5,0.0265
1753769356949,06:09:16.949,bitget,BTC/USDT:USDT,118748.3,11.1901,118747.8,2.0572,118748.4,20.6222,118748.5,0.0481
1753769357049,06:09:17.049,bitget,BTC/USDT:USDT,118748.3,11.1901,118747.8,2.0572,118748.4,23.9903,118748.5,0.0265
1753769357149,06:09:17.149,bitget,BTC/USDT:USDT,118748.3,10.9796,118747.8,2.0572,118748.4,23.9903,118748.5,0.0481
1753769357250,06:09:17.250,bitget,BTC/USDT:USDT,118748.3,10.9796,118747.8,2.0572,118748.4,23.9903,118748.5,0.0697
1753769357351,06:09:17.351,bitget,BTC/USDT:USDT,118748.3,10.9796,118747.8,2.0572,118748.4,23.9903,118748.5,0.0481
1753769357452,06:09:17.452,bitget,BTC/USDT:USDT,118748.3,10.9796,118747.8,2.0572,118748.4,20.6222,118748.5,0.0481
1753769357553,06:09:17.553,bitget,BTC/USDT:USDT,118748.3,11.1901,118747.8,2.0572,118748.4,20.6222,118748.5,0.0481
1753769357658,06:09:17.658,bitget,BTC/USDT:USDT,118748.3,11.1901,118747.8,2.0572,118748.4,20.6222,118748.5,0.0216
1753769357759,06:09:17.759,bitget,BTC/USDT:USDT,118748.3,11.1901,118747.8,2.0572,118748.4,20.6222,118748.5,0.0481
1753769357861,06:09:17.861,bitget,BTC/USDT:USDT,118748.3,11.1901,118747.8,2.0572,118748.4,20.6222,118748.5,0.0481
1753769358063,06:09:18.063,bitget,BTC/USDT:USDT,118748.3,11.1901,118747.8,2.0572,118748.4,20.6222,118748.5,0.0216
1753769358164,06:09:18.164,bitget,BTC/USDT:USDT,118748.3,11.1901,118747.8,2.0572,118748.4,20.6222,118748.5,0.0481
1753769358265,06:09:18.265,bitget,BTC/USDT:USDT,118748.3,11.1901,118747.8,2.0572,118748.4,23.9903,118748.5,0.0216
1753769358367,06:09:18.367,bitget,BTC/USDT:USDT,118748.3,10.9796,118747.8,2.0572,118748.4,20.6222,118748.5,0.0481
1753769358468,06:09:18.468,bitget,BTC/USDT:USDT,118748.3,11.1901,118747.8,2.0572,118748.4,20.6222,118748.5,0.0481
1753769358672,06:09:18.672,bitget,BTC/USDT:USDT,118748.3,11.1901,118747.8,2.0572,118748.4,20.6222,118748.5,0.0216
1753769358775,06:09:18.775,bitget,BTC/USDT:USDT,118748.3,11.1901,118747.8,2.0572,118748.4,20.6222,118748.5,0.0746
1753769358874,06:09:18.874,bitget,BTC/USDT:USDT,118748.3,11.1901,118747.8,2.0572,118748.4,20.6222,118748.5,0.0265
1753769358977,06:09:18.977,bitget,BTC/USDT:USDT,118748.3,11.1901,118747.8,2.0572,118748.4,20.6222,118748.5,0.0216
1753769359079,06:09:19.079,bitget,BTC/USDT:USDT,118748.3,11.1901,118747.8,2.0572,118748.4,20.6222,118748.5,0.0481
1753769359279,06:09:19.279,bitget,BTC/USDT:USDT,118748.3,11.1901,118747.8,2.0572,118748.4,20.6222,118748.5,0.0481
1753769359379,06:09:19.379,bitget,BTC/USDT:USDT,118748.3,11.1901,118747.8,2.0572,118748.4,20.6222,118748.5,0.0481
1753769359683,06:09:19.683,bitget,BTC/USDT:USDT,118748.3,8.0325,118747.8,2.0572,118748.4,24.9367,118748.5,0.0481
1753769359782,06:09:19.782,bitget,BTC/USDT:USDT,118748.3,8.0325,118747.8,2.0572,118748.4,24.9367,118748.5,0.0481
1753769359882,06:09:19.882,bitget,BTC/USDT:USDT,118748.3,10.9796,118747.8,2.0572,118748.4,24.9367,118748.5,0.0962
1753769359983,06:09:19.983,bitget,BTC/USDT:USDT,118748.3,10.9796,118747.8,2.0572,118748.4,24.9367,118748.5,0.0216
1753769360084,06:09:20.084,bitget,BTC/USDT:USDT,118748.3,10.9796,118747.8,2.0572,118748.4,24.9367,118748.5,0.0481
1753769360186,06:09:20.186,bitget,BTC/USDT:USDT,118748.3,10.9796,118747.8,2.0572,118748.4,24.9367,118748.5,0.0746
1753769360289,06:09:20.289,bitget,BTC/USDT:USDT,118748.3,10.9796,118747.8,2.0572,118748.4,24.9367,118748.5,0.0481
1753769360389,06:09:20.389,bitget,BTC/USDT:USDT,118748.3,10.9998,118747.8,2.0572,118748.4,24.9367,118748.5,0.0962
1753769360490,06:09:20.490,bitget,BTC/USDT:USDT,118748.3,10.9998,118747.9,0.004,118748.4,24.9367,118748.5,0.0481
1753769360590,06:09:20.590,bitget,BTC/USDT:USDT,118748.3,10.9998,118747.9,0.004,118748.4,24.6267,118748.5,0.0216
1753769360690,06:09:20.690,bitget,BTC/USDT:USDT,118748.3,10.9796,118747.9,0.004,118748.4,24.6267,118748.5,0.0746
1753769360791,06:09:20.791,bitget,BTC/USDT:USDT,118748.3,10.9998,118747.9,0.004,118748.4,24.6267,118748.5,0.0481
1753769360892,06:09:20.892,bitget,BTC/USDT:USDT,118748.3,10.9998,118747.9,0.004,118748.4,20.9146,118748.5,0.0746
1753769360993,06:09:20.993,bitget,BTC/USDT:USDT,118748.3,10.9998,118747.9,0.004,118748.4,20.9146,118748.5,0.0481
1753769361095,06:09:21.095,bitget,BTC/USDT:USDT,118748.3,10.9998,118747.9,0.004,118748.4,20.9146,118748.5,0.0746
1753769361196,06:09:21.196,bitget,BTC/USDT:USDT,118748.3,10.9796,118747.9,0.004,118748.4,20.9146,118748.5,0.0746
1753769361300,06:09:21.300,bitget,BTC/USDT:USDT,118748.3,14.5784,118747.9,0.004,118748.4,18.5747,118748.5,0.0481
1753769361403,06:09:21.403,bitget,BTC/USDT:USDT,118748.3,14.5582,118747.9,0.004,118748.4,18.5747,118748.5,0.0481
1753769361506,06:09:21.506,bitget,BTC/USDT:USDT,118748.3,11.1901,118747.9,3.3721,118748.4,18.5747,118748.5,0.0481
1753769361606,06:09:21.606,bitget,BTC/USDT:USDT,118748.3,14.2043,118748.0,1.748,118748.4,18.5747,118748.5,0.0481
1753769361708,06:09:21.708,bitget,BTC/USDT:USDT,118748.3,14.2043,118748.0,1.752,118748.4,18.5747,118748.5,0.0481
1753769361809,06:09:21.809,bitget,BTC/USDT:USDT,118748.3,14.2043,118748.0,1.752,118748.4,18.5747,118748.5,0.0481
1753769361910,06:09:21.910,bitget,BTC/USDT:USDT,118748.3,14.1841,118748.0,1.752,118748.4,18.5747,118748.5,0.0481
1753769362011,06:09:22.011,bitget,BTC/USDT:USDT,118748.3,14.1841,118748.0,1.748,118748.4,18.5747,118748.5,0.0697
1753769362113,06:09:22.113,bitget,BTC/USDT:USDT,118748.3,14.183,118748.0,1.748,118748.4,18.5747,118748.5,0.0481
1753769362213,06:09:22.213,bitget,BTC/USDT:USDT,118748.3,14.2032,118748.0,1.748,118748.4,18.5747,118748.5,0.0481
1753769362315,06:09:22.315,bitget,BTC/USDT:USDT,118748.3,14.183,118748.0,1.748,118748.4,18.5747,118748.5,0.0481
1753769362416,06:09:22.416,bitget,BTC/USDT:USDT,118748.3,14.183,118748.0,1.748,118748.4,18.5747,118748.5,0.0481
1753769362515,06:09:22.515,bitget,BTC/USDT:USDT,118748.3,14.2032,118748.0,1.748,118748.4,18.5747,118748.5,0.0746
1753769362619,06:09:22.619,bitget,BTC/USDT:USDT,118748.3,14.183,118748.0,1.748,118748.4,18.5747,118748.5,0.0481
1753769362718,06:09:22.718,bitget,BTC/USDT:USDT,118748.3,14.2032,118748.0,1.748,118748.4,18.5747,118748.5,0.0481
1753769362821,06:09:22.821,bitget,BTC/USDT:USDT,118748.3,14.2032,118748.0,1.748,118748.4,18.5747,118748.5,0.0481
1753769362922,06:09:22.922,bitget,BTC/USDT:USDT,118748.3,14.2032,118748.0,1.748,118748.4,18.5747,118748.5,0.0481
1753769363023,06:09:23.023,bitget,BTC/USDT:USDT,118748.3,14.2032,118748.0,1.748,118748.4,18.5747,118748.5,0.0481
1753769363125,06:09:23.125,bitget,BTC/USDT:USDT,118748.3,14.2032,118748.0,1.748,118748.4,18.5747,118748.5,0.0481
1753769363226,06:09:23.226,bitget,BTC/USDT:USDT,118748.3,14.2032,118748.0,1.748,118748.4,18.5747,118748.5,0.0481
1753769363327,06:09:23.327,bitget,BTC/USDT:USDT,118748.3,14.183,118748.0,1.748,118748.4,18.5747,118748.5,0.0481
1753769363428,06:09:23.428,bitget,BTC/USDT:USDT,118748.3,14.1539,118748.0,1.748,118748.4,18.5747,118748.5,0.0746
1753769363528,06:09:23.528,bitget,BTC/USDT:USDT,118748.3,14.1741,118748.0,1.748,118748.4,18.5747,118748.5,0.0481
1753769363631,06:09:23.631,bitget,BTC/USDT:USDT,118748.3,14.1741,118748.0,1.748,118748.4,18.5747,118748.5,0.0481
1753769363732,06:09:23.732,bitget,BTC/USDT:USDT,118748.3,14.1741,118748.0,1.748,118748.4,18.5747,118748.5,0.0746
1753769363935,06:09:23.935,bitget,BTC/USDT:USDT,118748.3,14.1539,118748.0,1.748,118748.4,18.5747,118748.5,0.0481
1753769364035,06:09:24.035,bitget,BTC/USDT:USDT,118748.3,14.1741,118748.0,1.748,118748.4,18.5747,118748.5,0.0481
1753769364342,06:09:24.342,bitget,BTC/USDT:USDT,118748.3,14.1741,118748.0,1.748,118748.4,18.5747,118748.5,0.0746
1753769364445,06:09:24.445,bitget,BTC/USDT:USDT,118748.3,14.1539,118748.0,1.748,118748.4,18.5747,118748.5,0.0481
1753769364545,06:09:24.545,bitget,BTC/USDT:USDT,118748.3,14.1741,118748.0,1.748,118748.4,18.5747,118748.5,0.0481
1753769364645,06:09:24.645,bitget,BTC/USDT:USDT,118748.3,14.1741,118748.0,1.748,118748.4,18.5747,118748.5,0.0746
1753769364745,06:09:24.745,bitget,BTC/USDT:USDT,118748.3,14.1539,118748.0,1.748,118748.4,18.5747,118748.5,0.0746
1753769364846,06:09:24.846,bitget,BTC/USDT:USDT,118748.3,14.1539,118748.0,1.748,118748.4,18.5747,118748.5,0.0481
1753769364945,06:09:24.945,bitget,BTC/USDT:USDT,118748.3,14.1539,118748.0,1.748,118748.4,18.5747,118748.5,0.0481
1753769365047,06:09:25.047,bitget,BTC/USDT:USDT,118748.3,14.1741,118748.0,1.748,118748.4,18.5743,118748.5,0.0481
1753769365148,06:09:25.148,bitget,BTC/USDT:USDT,118748.3,14.1539,118748.0,1.748,118748.4,18.5743,118748.5,0.0746
1753769365250,06:09:25.250,bitget,BTC/USDT:USDT,118748.3,14.1741,118748.0,1.748,118748.4,18.5743,118748.5,0.0481
1753769365350,06:09:25.350,bitget,BTC/USDT:USDT,118748.3,14.1741,118748.0,1.748,118748.4,18.5739,118748.5,0.0265
1753769365451,06:09:25.451,bitget,BTC/USDT:USDT,118748.3,14.1539,118748.0,1.748,118748.4,18.4057,118748.5,0.0697
1753769365550,06:09:25.550,bitget,BTC/USDT:USDT,118748.3,9.8978,118748.0,1.748,118748.4,21.6073,118748.5,0.0481
1753769365650,06:09:25.650,bitget,BTC/USDT:USDT,118748.3,3.2542,118748.0,0.8007,118748.4,23.1821,118748.5,0.0216
1753769365750,06:09:25.750,bitget,BTC/USDT:USDT,118748.3,1.6788,118748.0,2.0164,118748.4,23.1817,118748.5,0.0481
1753769365850,06:09:25.850,bitget,BTC/USDT:USDT,118748.3,2.015,118748.0,2.0164,118748.4,23.1813,118748.5,0.0481
1753769365950,06:09:25.950,bitget,BTC/USDT:USDT,118748.3,3.1765,118748.0,2.0164,118748.4,23.1813,118748.5,0.0697
1753769366050,06:09:26.050,bitget,BTC/USDT:USDT,118748.3,3.1765,118748.0,2.0164,118748.4,23.8253,118748.5,0.0481
1753769366150,06:09:26.150,bitget,BTC/USDT:USDT,118748.3,2.1321,118747.8,0.0746,118748.4,23.8253,118748.5,0.0481
1753769366250,06:09:26.250,bitget,BTC/USDT:USDT,118748.3,1.9163,118747.8,0.0746,118748.4,26.8324,118748.5,0.0697
1753769366350,06:09:26.350,bitget,BTC/USDT:USDT,118748.3,0.9096,118747.8,0.0746,118748.4,26.8325,118748.5,0.0001
1753769366450,06:09:26.450,bitget,BTC/USDT:USDT,118748.3,0.512,118747.8,0.0746,118748.4,26.8321,118748.5,0.0482
1753769366550,06:09:26.550,bitget,BTC/USDT:USDT,118748.3,0.3438,118747.8,0.0746,118748.4,26.8321,118748.5,0.0963
1753769366650,06:09:26.650,bitget,BTC/USDT:USDT,118748.3,0.3438,118747.8,0.0746,118748.4,26.8321,118748.5,0.0482
1753769366751,06:09:26.751,bitget,BTC/USDT:USDT,118748.3,0.3438,118747.8,0.0746,118748.4,23.885,118748.5,0.0482
1753769366852,06:09:26.852,bitget,BTC/USDT:USDT,118748.3,0.5546,118747.8,0.0746,118748.4,23.885,118748.5,0.0482
1753769366951,06:09:26.951,bitget,BTC/USDT:USDT,118748.3,0.8484,118747.8,0.0746,118748.4,23.885,118748.5,0.0482
1753769367051,06:09:27.051,bitget,BTC/USDT:USDT,118748.3,0.8484,118747.8,0.0746,118748.4,23.885,118748.5,0.0482
1753769367152,06:09:27.152,bitget,BTC/USDT:USDT,118748.3,0.8484,118747.8,0.0746,118748.4,23.885,118748.5,0.0001
1753769367252,06:09:27.252,bitget,BTC/USDT:USDT,118748.3,0.8484,118747.8,0.0746,118748.4,23.885,118748.5,0.0482
1753769367353,06:09:27.353,bitget,BTC/USDT:USDT,118748.3,0.798,118747.8,0.0746,118748.4,23.8854,118748.5,0.0266
1753769367453,06:09:27.453,bitget,BTC/USDT:USDT,118748.3,0.4616,118747.8,0.0746,118748.4,23.8854,118748.5,0.0482
1753769367554,06:09:27.554,bitget,BTC/USDT:USDT,118748.3,0.4616,118747.8,0.0746,118748.4,23.8854,118748.5,0.0482
1753769367653,06:09:27.653,bitget,BTC/USDT:USDT,118748.3,0.4616,118747.8,0.0746,118748.4,23.8854,118748.5,0.0482
1753769367754,06:09:27.754,bitget,BTC/USDT:USDT,118748.3,0.6298,118747.8,0.0746,118748.4,23.8854,118748.5,0.0482
1753769367954,06:09:27.954,bitget,BTC/USDT:USDT,118748.3,0.6298,118747.8,0.0746,118748.4,23.8854,118748.5,0.0482
1753769368055,06:09:28.055,bitget,BTC/USDT:USDT,118748.3,0.6298,118747.8,0.0746,118748.4,23.8854,118748.5,0.0482
1753769368155,06:09:28.155,bitget,BTC/USDT:USDT,118748.3,0.6298,118747.8,0.0746,118748.4,23.8854,118748.5,0.0482
1753769368255,06:09:28.255,bitget,BTC/USDT:USDT,118748.3,0.6298,118747.8,0.0746,118748.4,23.8854,118748.5,0.0482
1753769368355,06:09:28.355,bitget,BTC/USDT:USDT,118748.3,0.6298,118747.8,0.0746,118748.4,26.8325,118748.5,0.0698
1753769368455,06:09:28.455,bitget,BTC/USDT:USDT,118748.3,0.6298,118747.8,0.0746,118748.4,26.8325,118748.5,0.0796
1753769368555,06:09:28.555,bitget,BTC/USDT:USDT,118748.3,0.6298,118747.8,0.0746,118748.4,26.8325,118748.5,0.0482
1753769368656,06:09:28.656,bitget,BTC/USDT:USDT,118748.3,0.6298,118747.8,0.0746,118748.4,26.8325,118748.5,0.0482
1753769368955,06:09:28.955,bitget,BTC/USDT:USDT,118748.3,0.9555,118747.8,0.0746,118748.4,26.8325,118748.5,0.0482
1753769369056,06:09:29.056,bitget,BTC/USDT:USDT,118748.3,0.9555,118747.8,0.0746,118748.4,23.8854,118748.5,0.0531
1753769369156,06:09:29.156,bitget,BTC/USDT:USDT,118748.3,0.9555,118747.8,0.0746,118748.4,23.8854,118748.5,0.0482
1753769369256,06:09:29.256,bitget,BTC/USDT:USDT,118748.3,0.9555,118747.8,0.0746,118748.4,23.8854,118748.5,0.0217
1753769369356,06:09:29.356,bitget,BTC/USDT:USDT,118748.3,0.9555,118747.8,0.0746,118748.4,23.4772,118748.5,0.0482
1753769369456,06:09:29.456,bitget,BTC/USDT:USDT,118748.3,1.2915,118747.8,0.0746,118748.4,23.8986,118748.5,0.0482
1753769369556,06:09:29.556,bitget,BTC/USDT:USDT,118748.3,1.2915,118747.8,0.0746,118748.4,23.8986,118748.5,0.0217
1753769369656,06:09:29.656,bitget,BTC/USDT:USDT,118748.3,1.0983,118747.8,0.0746,118748.4,26.8453,118748.5,0.0482
1753769369756,06:09:29.756,bitget,BTC/USDT:USDT,118748.3,0.9301,118747.8,0.0746,118748.4,23.8982,118748.5,0.0482
1753769369856,06:09:29.856,bitget,BTC/USDT:USDT,118748.3,0.9301,118747.8,0.0746,118748.4,23.8982,118748.5,0.0482
1753769369956,06:09:29.956,bitget,BTC/USDT:USDT,118748.3,0.9301,118747.8,0.0746,118748.4,23.8982,118748.5,0.0482
1753769370056,06:09:30.056,bitget,BTC/USDT:USDT,118748.3,1.0983,118747.8,0.0746,118748.4,23.8982,118748.5,0.0482
1753769370156,06:09:30.156,bitget,BTC/USDT:USDT,118748.3,1.4683,118747.8,0.0746,118748.4,23.8982,118748.5,0.0482
1753769370256,06:09:30.256,bitget,BTC/USDT:USDT,118748.3,1.4683,118747.8,0.0746,118748.4,23.8982,118748.5,0.0266
1753769370356,06:09:30.356,bitget,BTC/USDT:USDT,118748.3,1.4683,118747.8,0.0746,118748.4,23.8982,118748.5,0.0217
1753769370456,06:09:30.456,bitget,BTC/USDT:USDT,118748.3,1.4667,118747.8,0.0746,118748.4,23.8982,118748.5,0.0698
1753769370556,06:09:30.556,bitget,BTC/USDT:USDT,118748.3,1.2985,118747.8,0.0746,118748.4,23.8982,118748.5,0.0747
1753769370656,06:09:30.656,bitget,BTC/USDT:USDT,118748.3,1.2985,118747.8,0.0746,118748.4,23.4772,118748.5,0.0482
1753769370757,06:09:30.757,bitget,BTC/USDT:USDT,118748.3,1.2985,118747.8,0.0746,118748.4,23.4772,118748.5,0.0482
1753769370857,06:09:30.857,bitget,BTC/USDT:USDT,118740.0,0.0023,118739.2,0.0002,118741.0,1.7266,118741.1,13.0581
1753769370957,06:09:30.957,bitget,BTC/USDT:USDT,118740.0,0.0023,118739.2,0.0002,118740.1,23.8679,118740.4,0.3429
1753769371057,06:09:31.057,bitget,BTC/USDT:USDT,118740.0,0.0023,118739.2,0.0002,118740.1,35.6731,118740.8,6.9521
1753769371157,06:09:31.157,bitget,BTC/USDT:USDT,118740.0,0.0027,118739.2,0.0002,118740.1,35.6735,118740.8,0.2731
1753769371258,06:09:31.258,bitget,BTC/USDT:USDT,118740.0,0.0027,118739.2,0.0002,118740.1,35.6735,118740.4,0.0308
1753769371358,06:09:31.358,bitget,BTC/USDT:USDT,118735.2,1.556,118735.1,0.0072,118735.3,30.9076,118735.5,0.1684
1753769371458,06:09:31.458,bitget,BTC/USDT:USDT,118735.2,2.0283,118735.1,0.0072,118735.3,44.7951,118737.1,0.053
1753769371558,06:09:31.558,bitget,BTC/USDT:USDT,118735.2,1.6919,118735.1,0.0072,118735.3,45.0091,118736.7,0.0265
1753769371659,06:09:31.659,bitget,BTC/USDT:USDT,118735.2,1.2519,118735.1,0.0072,118735.3,39.8473,118736.4,0.0265
1753769371759,06:09:31.759,bitget,BTC/USDT:USDT,118735.2,0.0004,118735.1,0.0072,118735.3,39.8473,118736.0,0.0265
1753769371859,06:09:31.859,bitget,BTC/USDT:USDT,118735.2,0.0004,118735.1,0.0072,118735.3,39.8485,118735.7,0.0265
1753769371960,06:09:31.960,bitget,BTC/USDT:USDT,118735.1,0.0003,118734.7,1.3706,118735.2,55.3543,118735.3,25.5376
1753769372060,06:09:32.060,bitget,BTC/USDT:USDT,118735.1,0.0007,118734.7,1.3706,118735.2,58.4638,118735.3,7.0013
1753769372160,06:09:32.160,bitget,BTC/USDT:USDT,118735.1,0.0003,118733.5,0.0028,118735.2,58.8114,118735.3,7.0321
1753769372261,06:09:32.261,bitget,BTC/USDT:USDT,118733.5,0.0028,118731.8,0.0075,118733.6,0.3343,118734.7,1.3472
1753769372561,06:09:32.561,bitget,BTC/USDT:USDT,118733.5,0.0032,118731.8,0.0075,118733.6,34.3973,118735.0,0.1434
1753769372662,06:09:32.662,bitget,BTC/USDT:USDT,118733.5,0.0032,118731.8,0.0075,118733.6,34.7918,118735.0,0.1434
1753769372763,06:09:32.763,bitget,BTC/USDT:USDT,118733.5,0.0032,118731.8,0.0075,118733.6,34.7918,118735.0,0.0171
1753769372863,06:09:32.863,bitget,BTC/USDT:USDT,118733.5,0.0032,118731.8,0.0075,118733.6,34.7938,118735.0,0.0171
1753769372963,06:09:32.963,bitget,BTC/USDT:USDT,118733.5,0.0032,118731.8,0.0075,118733.6,34.7938,118735.0,0.0171
1753769373063,06:09:33.063,bitget,BTC/USDT:USDT,118733.5,0.0032,118731.8,0.0075,118733.6,34.3728,118734.9,0.421
1753769373164,06:09:33.164,bitget,BTC/USDT:USDT,118733.5,0.0032,118731.8,0.0075,118733.6,34.3728,118734.8,0.421
1753769373264,06:09:33.264,bitget,BTC/USDT:USDT,118731.8,0.0009,118731.7,0.004,118731.9,52.6274,118732.0,0.1682
1753769373364,06:09:33.364,bitget,BTC/USDT:USDT,118731.8,0.0013,118731.7,0.004,118731.9,60.3653,118732.0,0.1146
1753769373464,06:09:33.464,bitget,BTC/USDT:USDT,118731.8,0.0013,118731.7,0.004,118731.9,60.3953,118732.0,0.0573
1753769373564,06:09:33.564,bitget,BTC/USDT:USDT,118731.8,0.0013,118731.7,0.004,118731.9,50.8638,118732.0,0.0573
1753769373664,06:09:33.664,bitget,BTC/USDT:USDT,118731.8,0.0013,118731.7,0.004,118731.9,43.9318,118732.0,0.0573
1753769373764,06:09:33.764,bitget,BTC/USDT:USDT,118731.8,0.0013,118731.7,0.004,118731.9,43.9318,118732.0,0.0573
1753769373865,06:09:33.865,bitget,BTC/USDT:USDT,118731.8,0.0013,118731.7,0.004,118731.9,43.9338,118732.0,0.0573
1753769373965,06:09:33.965,bitget,BTC/USDT:USDT,118731.8,0.0009,118731.7,0.004,118731.9,46.8824,118732.0,0.0265
1753769374066,06:09:34.066,bitget,BTC/USDT:USDT,118731.8,0.0009,118731.7,0.004,118731.9,46.4452,118732.0,0.0573
1753769374668,06:09:34.668,bitget,BTC/USDT:USDT,118731.8,0.0013,118731.7,0.004,118731.9,46.4448,118732.0,0.0573
1753769374767,06:09:34.767,bitget,BTC/USDT:USDT,118731.8,0.0013,118731.7,0.004,118731.9,46.4448,118732.0,0.0573
1753769374868,06:09:34.868,bitget,BTC/USDT:USDT,118731.8,0.0013,118731.7,0.004,118731.9,43.4973,118732.0,0.0573
1753769374969,06:09:34.969,bitget,BTC/USDT:USDT,118731.8,0.0013,118731.7,0.004,118731.9,43.4673,118732.0,0.0573
1753769375069,06:09:35.069,bitget,BTC/USDT:USDT,118731.8,0.0013,118731.7,0.004,118731.9,43.4673,118732.0,0.0573
1753769375169,06:09:35.169,bitget,BTC/USDT:USDT,118731.8,0.0013,118731.7,0.004,118731.9,43.4673,118732.0,0.0573
1753769375269,06:09:35.269,bitget,BTC/USDT:USDT,118731.8,0.0013,118731.7,0.004,118731.9,43.4673,118732.0,0.0573
1753769375369,06:09:35.369,bitget,BTC/USDT:USDT,118731.8,0.0013,118731.7,0.004,118731.9,43.4673,118732.0,0.0881
1753769375469,06:09:35.469,bitget,BTC/USDT:USDT,118731.8,0.0017,118731.7,0.004,118731.9,43.4673,118732.0,0.0573
1753769375771,06:09:35.771,bitget,BTC/USDT:USDT,118731.8,0.6743,118731.7,0.004,118731.9,43.4773,118732.0,0.0573
1753769375871,06:09:35.871,bitget,BTC/USDT:USDT,118731.8,0.6743,118731.7,0.004,118731.9,43.4773,118732.0,0.0573
1753769375971,06:09:35.971,bitget,BTC/USDT:USDT,118731.8,0.6743,118731.7,0.004,118731.9,43.4773,118732.0,0.0573
1753769376071,06:09:36.071,bitget,BTC/USDT:USDT,118731.8,0.6743,118731.7,0.004,118731.9,43.4773,118732.0,0.0573
1753769376172,06:09:36.172,bitget,BTC/USDT:USDT,118731.8,0.6743,118731.7,0.004,118731.9,43.4773,118732.0,0.0573
1753769376272,06:09:36.272,bitget,BTC/USDT:USDT,118731.8,0.6743,118731.7,0.004,118731.9,43.4773,118732.0,0.0573
1753769376372,06:09:36.372,bitget,BTC/USDT:USDT,118731.8,0.6743,118731.7,0.004,118731.9,43.4773,118732.0,0.0573
1753769376472,06:09:36.472,bitget,BTC/USDT:USDT,118731.8,0.6743,118731.7,0.004,118731.9,43.4773,118732.0,0.0573
1753769376572,06:09:36.572,bitget,BTC/USDT:USDT,118731.8,0.6743,118731.7,0.004,118731.9,43.4773,118732.0,0.0881
1753769376672,06:09:36.672,bitget,BTC/USDT:USDT,118731.8,0.6743,118731.7,0.004,118731.9,43.4773,118732.0,0.053
1753769376772,06:09:36.772,bitget,BTC/USDT:USDT,118731.8,0.6743,118731.7,0.004,118731.9,43.4773,118732.0,0.0573
1753769376872,06:09:36.872,bitget,BTC/USDT:USDT,118731.8,0.6743,118731.7,0.004,118731.9,43.4773,118732.0,0.0573
1753769376972,06:09:36.972,bitget,BTC/USDT:USDT,118731.8,0.6743,118731.7,0.004,118731.9,43.4773,118732.0,0.0573
1753769377072,06:09:37.072,bitget,BTC/USDT:USDT,118731.8,0.9843,118731.7,0.004,118731.9,43.4773,118732.0,0.0573
1753769377173,06:09:37.173,bitget,BTC/USDT:USDT,118731.8,0.6743,118731.7,0.004,118731.9,43.4773,118732.0,0.0573
1753769377273,06:09:37.273,bitget,BTC/USDT:USDT,118731.8,0.6743,118731.7,0.004,118731.9,43.4748,118732.0,0.0573
1753769377373,06:09:37.373,bitget,BTC/USDT:USDT,118731.8,0.8425,118731.7,0.004,118731.9,43.5048,118732.0,0.0573
1753769377473,06:09:37.473,bitget,BTC/USDT:USDT,118731.8,0.8425,118731.7,0.004,118731.9,43.5048,118732.0,0.0573
1753769377573,06:09:37.573,bitget,BTC/USDT:USDT,118731.8,0.8425,118731.7,0.004,118731.9,43.4748,118732.0,0.0573
1753769377674,06:09:37.674,bitget,BTC/USDT:USDT,118731.8,0.8078,118731.7,0.004,118731.9,43.4748,118732.0,0.0573
1753769377774,06:09:37.774,bitget,BTC/USDT:USDT,118731.8,0.6397,118731.7,0.004,118731.9,43.4748,118732.0,0.0573
1753769377874,06:09:37.874,bitget,BTC/USDT:USDT,118731.8,0.8078,118731.7,0.004,118731.9,43.4748,118732.0,0.0573
1753769377974,06:09:37.974,bitget,BTC/USDT:USDT,118731.8,0.8078,118731.7,0.004,118731.9,43.4848,118732.0,0.0573
1753769378074,06:09:38.074,bitget,BTC/USDT:USDT,118731.8,0.8078,118731.7,0.004,118731.9,43.4848,118732.0,0.0573
1753769378174,06:09:38.174,bitget,BTC/USDT:USDT,118731.8,0.7548,118731.7,0.004,118731.9,43.4848,118732.0,0.0573
1753769378274,06:09:38.274,bitget,BTC/USDT:USDT,118731.8,0.673,118731.7,0.004,118731.9,43.4848,118732.0,0.0573
1753769378374,06:09:38.374,bitget,BTC/USDT:USDT,118731.8,0.673,118731.7,0.004,118731.9,43.4848,118732.0,0.0573
1753769378474,06:09:38.474,bitget,BTC/USDT:USDT,118731.8,0.673,118731.7,0.004,118731.9,43.4848,118732.0,0.0573
1753769378574,06:09:38.574,bitget,BTC/USDT:USDT,118731.8,0.0004,118731.7,0.004,118731.9,46.4323,118732.0,0.0881
1753769378674,06:09:38.674,bitget,BTC/USDT:USDT,118731.7,0.004,118730.0,0.002,118731.8,42.7609,118731.9,44.6997
1753769378775,06:09:38.775,bitget,BTC/USDT:USDT,118731.7,0.004,118730.0,0.002,118731.8,74.7064,118731.9,9.2562
1753769378874,06:09:38.874,bitget,BTC/USDT:USDT,118730.0,0.002,118729.9,0.1682,118730.1,37.6689,118731.2,0.423
1753769378974,06:09:38.974,bitget,BTC/USDT:USDT,118730.0,0.002,118729.9,0.1682,118730.1,64.218,118731.7,13.1835
1753769379074,06:09:39.074,bitget,BTC/USDT:USDT,118730.0,0.0024,118729.9,0.1682,118730.1,64.2235,118731.6,11.1143
1753769379174,06:09:39.174,bitget,BTC/USDT:USDT,118730.0,0.0024,118729.9,0.1682,118730.1,66.4388,118731.6,8.3221
1753769379274,06:09:39.274,bitget,BTC/USDT:USDT,118730.0,0.0024,118729.9,0.1682,118730.1,48.3948,118731.6,8.3221
1753769379374,06:09:39.374,bitget,BTC/USDT:USDT,118730.0,0.002,118729.9,0.1682,118730.1,48.428,118731.6,8.3221
1753769379774,06:09:39.774,bitget,BTC/USDT:USDT,118723.1,0.062,118720.2,0.6025,118723.2,85.1129,118723.3,0.0838
1753769379874,06:09:39.874,bitget,BTC/USDT:USDT,118723.1,0.062,118720.2,0.6025,118723.2,80.0112,118723.3,0.0308
1753769379974,06:09:39.974,bitget,BTC/USDT:USDT,118723.1,0.062,118720.2,0.6025,118723.2,57.4822,118723.5,0.0065
1753769380074,06:09:40.074,bitget,BTC/USDT:USDT,118723.1,0.062,118720.2,0.6025,118723.2,56.112,118723.3,0.0573
1753769380175,06:09:40.175,bitget,BTC/USDT:USDT,118723.1,0.062,118720.2,0.6025,118723.2,57.4822,118723.3,0.0838
1753769380275,06:09:40.275,bitget,BTC/USDT:USDT,118723.1,0.062,118720.2,0.6025,118723.2,57.4822,118723.3,0.0573
1753769380376,06:09:40.376,bitget,BTC/USDT:USDT,118723.1,0.062,118720.2,0.6025,118723.2,57.4822,118723.3,0.0573
1753769380475,06:09:40.475,bitget,BTC/USDT:USDT,118723.1,0.062,118720.2,0.6025,118723.2,57.4822,118723.3,0.0265
1753769380575,06:09:40.575,bitget,BTC/USDT:USDT,118723.1,0.062,118720.2,0.6025,118723.2,56.6157,118723.3,0.0573
1753769380676,06:09:40.676,bitget,BTC/USDT:USDT,118723.1,0.062,118720.2,0.6025,118723.2,56.6157,118723.5,0.0065
1753769380776,06:09:40.776,bitget,BTC/USDT:USDT,118723.1,0.062,118720.2,0.6025,118723.2,56.6157,118723.5,0.0065
1753769380875,06:09:40.875,bitget,BTC/USDT:USDT,118723.1,0.062,118720.2,0.6025,118723.2,56.6157,118723.3,0.0838
1753769380975,06:09:40.975,bitget,BTC/USDT:USDT,118720.2,0.3337,118720.0,0.002,118720.3,12.5541,118722.0,0.1661
1753769381075,06:09:41.075,bitget,BTC/USDT:USDT,118720.2,0.6043,118720.0,0.002,118720.3,75.9936,118722.0,0.0265
1753769381275,06:09:41.275,bitget,BTC/USDT:USDT,118720.2,0.6043,118720.0,0.002,118720.3,75.9936,118722.0,0.0573
1753769381375,06:09:41.375,bitget,BTC/USDT:USDT,118720.2,0.6043,118720.0,0.002,118720.3,46.8021,118722.0,0.0573
1753769381475,06:09:41.475,bitget,BTC/USDT:USDT,118720.2,0.6043,118720.0,0.002,118720.3,46.8021,118722.0,0.0573
1753769381575,06:09:41.575,bitget,BTC/USDT:USDT,118720.2,0.6046,118720.0,0.002,118720.3,46.8021,118722.0,0.0573
1753769381675,06:09:41.675,bitget,BTC/USDT:USDT,118720.2,0.6046,118720.0,0.002,118720.3,46.8021,118722.0,0.0573
1753769381775,06:09:41.775,bitget,BTC/USDT:USDT,118720.2,0.6046,118720.0,0.002,118720.3,46.8021,118722.0,0.0265
1753769381875,06:09:41.875,bitget,BTC/USDT:USDT,118720.2,0.6046,118720.0,0.002,118720.3,46.8021,118722.0,0.0573
1753769381975,06:09:41.975,bitget,BTC/USDT:USDT,118720.2,0.6046,118720.0,0.002,118720.3,45.0691,118722.7,0.8651
1753769382075,06:09:42.075,bitget,BTC/USDT:USDT,118720.2,0.6039,118720.0,0.002,118720.3,43.1684,118721.7,0.0308
1753769382275,06:09:42.275,bitget,BTC/USDT:USDT,118720.0,0.0024,118719.1,0.605,118720.1,74.0132,118720.2,12.9199
1753769382476,06:09:42.476,bitget,BTC/USDT:USDT,118720.0,0.0024,118719.1,0.605,118720.1,40.2193,118720.2,1.8888
1753769382576,06:09:42.576,bitget,BTC/USDT:USDT,118720.0,0.0024,118719.1,0.605,118720.1,39.3528,118720.2,1.8888
1753769382676,06:09:42.676,bitget,BTC/USDT:USDT,118720.0,0.0024,118719.1,0.605,118720.1,39.3528,118720.2,1.8888
1753769382776,06:09:42.776,bitget,BTC/USDT:USDT,118720.0,0.0024,118719.1,0.605,118720.1,39.3528,118720.2,1.8888
1753769382876,06:09:42.876,bitget,BTC/USDT:USDT,118720.0,0.0024,118719.1,0.605,118720.1,38.4883,118720.2,1.8888
1753769382976,06:09:42.976,bitget,BTC/USDT:USDT,118720.0,0.0024,118719.1,0.605,118720.1,38.4883,118720.2,1.8888
1753769383076,06:09:43.076,bitget,BTC/USDT:USDT,118720.0,0.0024,118719.1,0.605,118720.1,38.4883,118720.2,1.8888
1753769383176,06:09:43.176,bitget,BTC/USDT:USDT,118720.0,0.0024,118719.1,0.605,118720.1,38.4883,118720.2,1.8888
1753769383276,06:09:43.276,bitget,BTC/USDT:USDT,118720.0,0.0024,118719.1,0.605,118720.1,38.4883,118720.2,1.8888
1753769383376,06:09:43.376,bitget,BTC/USDT:USDT,118720.0,0.0024,118719.1,0.605,118720.1,38.4883,118720.2,1.8888
1753769383476,06:09:43.476,bitget,BTC/USDT:USDT,118720.0,0.0024,118719.1,0.605,118720.1,38.4883,118720.2,1.8888
1753769383576,06:09:43.576,bitget,BTC/USDT:USDT,118716.0,0.7916,118715.8,0.8651,118716.1,28.4152,118717.3,0.343
1753769383676,06:09:43.676,bitget,BTC/USDT:USDT,118716.0,1.1722,118715.8,0.8651,118716.1,48.5499,118717.2,2.9479
1753769383776,06:09:43.776,bitget,BTC/USDT:USDT,118716.0,1.1994,118715.8,0.8651,118716.1,48.5504,118717.1,1.172
1753769383876,06:09:43.876,bitget,BTC/USDT:USDT,118716.0,2.7222,118715.9,0.0136,118716.1,48.5524,118717.0,2.9479
1753769383976,06:09:43.976,bitget,BTC/USDT:USDT,118716.0,3.0843,118715.8,0.8651,118716.1,35.6964,118717.9,0.004
1753769384076,06:09:44.076,bitget,BTC/USDT:USDT,118716.0,3.0571,118715.8,0.8651,118716.1,35.6964,118717.9,1.1641
1753769384176,06:09:44.176,bitget,BTC/USDT:USDT,118716.0,3.092,118715.8,0.8697,118716.1,35.6964,118717.9,1.1681
1753769384276,06:09:44.276,bitget,BTC/USDT:USDT,118716.0,3.1037,118715.8,0.8697,118716.1,35.6964,118717.9,1.1681
1753769384476,06:09:44.476,bitget,BTC/USDT:USDT,118716.0,3.3541,118715.8,0.8651,118716.1,35.6964,118717.9,1.1641
1753769384576,06:09:44.576,bitget,BTC/USDT:USDT,118716.0,3.3782,118715.8,0.8651,118716.1,35.6936,118717.9,1.1641
1753769384676,06:09:44.676,bitget,BTC/USDT:USDT,118716.0,3.3782,118715.8,0.8651,118716.1,35.6936,118718.1,0.01
1753769384776,06:09:44.776,bitget,BTC/USDT:USDT,118716.0,3.4072,118715.8,0.8651,118716.1,35.6936,118718.1,0.0365
1753769384876,06:09:44.876,bitget,BTC/USDT:USDT,118716.0,3.3505,118715.8,0.8651,118716.1,35.6936,118718.0,0.0265
1753769384976,06:09:44.976,bitget,BTC/USDT:USDT,118716.0,3.3505,118715.8,0.8651,118716.1,35.6936,118718.0,0.0265
1753769385076,06:09:45.076,bitget,BTC/USDT:USDT,118716.0,3.3516,118715.8,0.8651,118716.1,35.6936,118717.9,0.0265
1753769385176,06:09:45.176,bitget,BTC/USDT:USDT,118716.0,3.3516,118715.8,0.8651,118716.1,35.6936,118717.9,0.0265
1753769385276,06:09:45.276,bitget,BTC/USDT:USDT,118716.0,3.3516,118715.8,0.8651,118716.1,35.6936,118717.9,0.0265
1753769385377,06:09:45.377,bitget,BTC/USDT:USDT,118716.0,3.3391,118715.8,0.8651,118716.1,35.6936,118717.9,0.0265
1753769385477,06:09:45.477,bitget,BTC/USDT:USDT,118716.0,3.3527,118715.8,0.8651,118716.1,35.6936,118717.9,0.0265
1753769385577,06:09:45.577,bitget,BTC/USDT:USDT,118716.0,3.3527,118715.8,0.8651,118716.1,35.6936,118717.8,0.0265
1753769385677,06:09:45.677,bitget,BTC/USDT:USDT,118716.0,3.3527,118715.8,0.8651,118716.1,35.6936,118717.8,0.0265
1753769385777,06:09:45.777,bitget,BTC/USDT:USDT,118716.0,3.3527,118715.8,0.8651,118716.1,35.6936,118717.8,0.0265
1753769385878,06:09:45.878,bitget,BTC/USDT:USDT,118716.0,3.3391,118715.8,0.8651,118716.1,35.6936,118717.8,0.0308
1753769385978,06:09:45.978,bitget,BTC/USDT:USDT,118716.0,3.3825,118715.8,0.8651,118716.1,35.6936,118717.7,0.0265
1753769386078,06:09:46.078,bitget,BTC/USDT:USDT,118716.0,3.3825,118715.8,0.8651,118716.1,35.6936,118717.7,0.0265
1753769386178,06:09:46.178,bitget,BTC/USDT:USDT,118716.0,2.4934,118715.8,0.8651,118716.1,35.2735,118717.7,0.0265
1753769386279,06:09:46.279,bitget,BTC/USDT:USDT,118716.0,3.3431,118715.8,0.8651,118716.1,35.2735,118717.7,0.0573
1753769386378,06:09:46.378,bitget,BTC/USDT:USDT,118716.0,3.3431,118715.8,0.8651,118716.1,35.2735,118717.6,3.0051
1753769386478,06:09:46.478,bitget,BTC/USDT:USDT,118716.0,2.3152,118715.8,0.8651,118716.1,35.2735,118717.7,0.0573
1753769386578,06:09:46.578,bitget,BTC/USDT:USDT,118716.0,2.3139,118715.8,0.8651,118716.1,35.2735,118717.8,0.0573
1753769386678,06:09:46.678,bitget,BTC/USDT:USDT,118716.0,2.8717,118715.8,0.8651,118716.1,35.2735,118717.8,0.0573
1753769386778,06:09:46.778,bitget,BTC/USDT:USDT,118716.0,2.8603,118715.8,0.8651,118716.1,35.2735,118717.8,0.0573
1753769386978,06:09:46.978,bitget,BTC/USDT:USDT,118716.0,3.2604,118715.8,0.8651,118716.1,35.2735,118716.9,0.0003
1753769387178,06:09:47.178,bitget,BTC/USDT:USDT,118716.0,2.8832,118715.8,0.8651,118716.1,35.2735,118716.9,0.0003
1753769387278,06:09:47.278,bitget,BTC/USDT:USDT,118716.0,2.8898,118715.8,0.8651,118716.1,35.2735,118716.9,0.0003
1753769387379,06:09:47.379,bitget,BTC/USDT:USDT,118716.0,2.9034,118715.8,0.8651,118716.1,35.2735,118716.9,0.0003
1753769387479,06:09:47.479,bitget,BTC/USDT:USDT,118716.0,2.8898,118713.3,0.8941,118716.1,35.2735,118716.9,0.0003
1753769387579,06:09:47.579,bitget,BTC/USDT:USDT,118716.0,2.3096,118713.4,0.8651,118716.1,35.2735,118716.9,0.0003
1753769387679,06:09:47.679,bitget,BTC/USDT:USDT,118716.0,2.3919,118713.4,0.8651,118716.1,35.2735,118716.9,0.0003
1753769387779,06:09:47.779,bitget,BTC/USDT:USDT,118716.0,2.411,118713.4,0.8651,118716.1,35.2735,118716.9,0.0003
1753769387879,06:09:47.879,bitget,BTC/USDT:USDT,118716.0,2.7195,118713.4,0.8651,118716.1,35.2541,118716.9,0.0003
1753769387979,06:09:47.979,bitget,BTC/USDT:USDT,118716.0,2.7496,118713.4,0.8651,118716.1,35.2541,118716.9,0.0003
1753769388079,06:09:48.079,bitget,BTC/USDT:USDT,118716.0,2.8297,118713.4,0.8651,118716.1,27.1893,118716.9,0.0003
1753769388179,06:09:48.179,bitget,BTC/USDT:USDT,118716.0,5.0625,118713.4,0.8651,118716.1,26.6007,118716.9,0.0003
1753769388280,06:09:48.280,bitget,BTC/USDT:USDT,118716.0,5.0625,118713.4,0.8651,118716.1,26.1801,118716.9,0.0003
1753769388380,06:09:48.380,bitget,BTC/USDT:USDT,118716.0,5.0625,118713.4,0.8691,118716.1,26.1801,118716.9,0.0003
1753769388480,06:09:48.480,bitget,BTC/USDT:USDT,118716.0,5.0489,118713.4,0.8691,118716.1,26.1801,118716.9,0.0003
1753769388582,06:09:48.582,bitget,BTC/USDT:USDT,118716.0,5.1039,118713.4,0.8691,118716.1,26.1801,118716.9,0.0003
1753769388686,06:09:48.686,bitget,BTC/USDT:USDT,118716.0,5.1261,118713.4,0.8691,118716.1,26.1801,118716.9,0.0003
1753769388786,06:09:48.786,bitget,BTC/USDT:USDT,118716.0,5.0657,118713.4,0.8691,118716.1,26.1801,118716.9,0.0003
1753769388886,06:09:48.886,bitget,BTC/USDT:USDT,118716.0,5.07,118713.4,0.8691,118716.1,26.1801,118716.9,0.0003
1753769388986,06:09:48.986,bitget,BTC/USDT:USDT,118716.0,4.9936,118713.4,0.8691,118716.1,26.1801,118716.9,0.0003
1753769389086,06:09:49.086,bitget,BTC/USDT:USDT,118716.0,5.07,118713.5,0.8902,118716.1,26.1801,118716.9,0.0003
1753769389187,06:09:49.187,bitget,BTC/USDT:USDT,118716.0,3.2941,118713.5,0.8902,118716.1,26.1801,118716.9,0.0003
1753769389287,06:09:49.287,bitget,BTC/USDT:USDT,118716.0,3.2941,118713.5,0.8902,118716.1,26.1801,118716.9,0.0003
1753769389387,06:09:49.387,bitget,BTC/USDT:USDT,118716.0,3.2941,118713.5,0.8902,118716.1,26.1801,118716.9,0.0003
1753769389487,06:09:49.487,bitget,BTC/USDT:USDT,118716.0,3.2837,118713.5,0.8902,118716.1,26.1801,118716.9,0.0003
1753769389587,06:09:49.587,bitget,BTC/USDT:USDT,118716.0,3.259,118713.5,0.8902,118716.1,26.1801,118716.9,0.0003
1753769389688,06:09:49.688,bitget,BTC/USDT:USDT,118716.0,3.309,118713.5,0.8902,118716.1,26.1801,118716.9,0.0003
1753769389787,06:09:49.787,bitget,BTC/USDT:USDT,118716.0,3.309,118713.5,0.8902,118716.1,26.1801,118716.9,0.0003
1753769389887,06:09:49.887,bitget,BTC/USDT:USDT,118716.0,3.4952,118713.4,0.8651,118716.1,26.1801,118716.9,0.0003
1753769389987,06:09:49.987,bitget,BTC/USDT:USDT,118716.0,9.3184,118713.6,3.3691,118716.1,26.1801,118716.9,0.0003
1753769390087,06:09:50.087,bitget,BTC/USDT:USDT,118716.0,9.7079,118713.6,3.3691,118716.1,26.0116,118716.9,0.0003
1753769390187,06:09:50.187,bitget,BTC/USDT:USDT,118716.0,8.8837,118713.7,0.004,118716.1,26.0116,118716.9,0.0003
1753769390287,06:09:50.287,bitget,BTC/USDT:USDT,118716.0,9.5061,118713.7,0.004,118716.1,26.0116,118716.9,0.0003
1753769390388,06:09:50.388,bitget,BTC/USDT:USDT,118716.0,6.5582,118713.8,2.9479,118716.1,26.0116,118716.9,0.0003
1753769390488,06:09:50.488,bitget,BTC/USDT:USDT,118716.0,8.2143,118713.9,0.5868,118716.1,26.0116,118716.9,0.0003
1753769390588,06:09:50.588,bitget,BTC/USDT:USDT,118716.0,11.6706,118713.9,0.5908,118716.1,26.0114,118716.9,0.0003
1753769390689,06:09:50.689,bitget,BTC/USDT:USDT,118716.0,9.5263,118714.0,0.2105,118716.1,25.9385,118716.9,0.0003
1753769390789,06:09:50.789,bitget,BTC/USDT:USDT,118716.0,11.5376,118713.9,0.5868,118716.1,25.77,118716.9,0.0003
1753769390889,06:09:50.889,bitget,BTC/USDT:USDT,118716.0,9.5107,118713.9,0.5868,118716.1,25.77,118716.9,0.0003
1753769390990,06:09:50.990,bitget,BTC/USDT:USDT,118716.0,9.5061,118713.9,0.5868,118716.1,25.77,118716.9,0.0003
1753769391090,06:09:51.090,bitget,BTC/USDT:USDT,118716.0,9.5263,118713.9,0.5868,118716.1,25.77,118716.9,0.0003
1753769391193,06:09:51.193,bitget,BTC/USDT:USDT,118716.0,6.5764,118714.0,2.9479,118716.1,25.77,118716.9,0.0003
1753769391293,06:09:51.293,bitget,BTC/USDT:USDT,118716.0,11.6876,118713.9,0.5868,118716.1,25.77,118716.9,0.0003
1753769391393,06:09:51.393,bitget,BTC/USDT:USDT,118716.0,8.1153,118714.1,2.9519,118716.1,25.77,118716.9,0.0003
1753769391493,06:09:51.493,bitget,BTC/USDT:USDT,118716.0,6.3925,118714.1,2.9479,118716.1,25.77,118716.9,0.0003
1753769391593,06:09:51.593,bitget,BTC/USDT:USDT,118716.0,6.1689,118714.2,0.004,118716.1,25.77,118716.9,0.0003
1753769391693,06:09:51.693,bitget,BTC/USDT:USDT,118716.0,3.278,118714.2,0.7866,118716.1,25.77,118716.9,0.0003
1753769391793,06:09:51.793,bitget,BTC/USDT:USDT,118716.0,3.2396,118714.2,0.7866,118716.1,25.77,118716.9,0.0003
1753769391893,06:09:51.893,bitget,BTC/USDT:USDT,118716.0,3.2532,118714.2,0.7826,118716.1,25.77,118716.9,0.0003
1753769391994,06:09:51.994,bitget,BTC/USDT:USDT,118716.0,3.2396,118714.2,0.7826,118716.1,25.9703,118716.9,0.0003
1753769392095,06:09:52.095,bitget,BTC/USDT:USDT,118716.0,3.2486,118714.2,0.7826,118716.1,25.9704,118716.9,0.0003
1753769392294,06:09:52.294,bitget,BTC/USDT:USDT,118716.0,3.2396,118714.2,0.7826,118716.1,25.9704,118716.9,0.0003
1753769392394,06:09:52.394,bitget,BTC/USDT:USDT,118716.0,3.2532,118714.2,0.7826,118716.1,25.9704,118716.9,0.0003
1753769392494,06:09:52.494,bitget,BTC/USDT:USDT,118716.0,3.0905,118714.2,0.7826,118716.1,25.9704,118716.9,0.0003
1753769392594,06:09:52.594,bitget,BTC/USDT:USDT,118716.0,3.0815,118714.2,0.7826,118716.1,25.9704,118716.9,0.0003
1753769392694,06:09:52.694,bitget,BTC/USDT:USDT,118716.0,3.0905,118714.2,0.7826,118716.1,25.9704,118716.9,0.0003
1753769392794,06:09:52.794,bitget,BTC/USDT:USDT,118716.0,3.0905,118714.2,0.7826,118716.1,25.9704,118716.9,0.0003
1753769392894,06:09:52.894,bitget,BTC/USDT:USDT,118716.0,3.0769,118714.2,0.7826,118716.1,25.9704,118716.9,0.0003
1753769392994,06:09:52.994,bitget,BTC/USDT:USDT,118716.0,0.0479,118714.2,0.7826,118716.1,25.9704,118716.9,0.0003
1753769393095,06:09:53.095,bitget,BTC/USDT:USDT,118716.0,0.7757,118714.2,0.7826,118716.1,25.9704,118716.9,0.0003
1753769393296,06:09:53.296,bitget,BTC/USDT:USDT,118716.0,0.8243,118714.2,0.7826,118716.1,25.9704,118716.9,0.0003
1753769393396,06:09:53.396,bitget,BTC/USDT:USDT,118716.0,0.8243,118714.2,0.7826,118716.1,25.9704,118716.9,0.0003
1753769393496,06:09:53.496,bitget,BTC/USDT:USDT,118716.0,0.8118,118714.2,0.7826,118716.1,25.9704,118716.9,0.0003
1753769393596,06:09:53.596,bitget,BTC/USDT:USDT,118716.0,0.8164,118714.2,0.7826,118716.1,25.9704,118716.9,0.0003
1753769393696,06:09:53.696,bitget,BTC/USDT:USDT,118716.0,1.337,118714.2,0.7826,118716.1,25.8166,118716.9,0.0003
1753769393796,06:09:53.796,bitget,BTC/USDT:USDT,118716.0,1.1407,118714.2,0.7826,118716.1,25.8166,118716.9,0.0003
1753769393898,06:09:53.898,bitget,BTC/USDT:USDT,118716.0,1.1407,118714.2,0.7826,118716.1,25.8166,118716.9,0.0003
1753769393998,06:09:53.998,bitget,BTC/USDT:USDT,118716.0,1.1407,118714.2,0.7826,118716.1,25.8166,118716.9,0.0003
1753769394100,06:09:54.100,bitget,BTC/USDT:USDT,118716.0,1.1271,118714.2,0.7826,118716.1,25.8166,118716.9,0.0003
1753769394199,06:09:54.199,bitget,BTC/USDT:USDT,118716.0,1.1407,118714.2,0.7826,118716.1,25.8166,118716.9,0.0003
1753769394299,06:09:54.299,bitget,BTC/USDT:USDT,118716.0,1.1407,118714.2,0.7826,118716.1,25.8166,118716.9,0.0003
1753769394400,06:09:54.400,bitget,BTC/USDT:USDT,118716.0,1.1383,118714.2,0.7826,118716.1,25.8166,118716.9,0.0003
1753769394500,06:09:54.500,bitget,BTC/USDT:USDT,118716.0,1.1383,118714.2,0.7826,118716.1,25.8166,118716.9,0.0003
1753769394600,06:09:54.600,bitget,BTC/USDT:USDT,118716.0,3.5421,118714.2,0.7826,118716.1,25.8166,118716.9,0.0003
1753769394700,06:09:54.700,bitget,BTC/USDT:USDT,118716.0,3.2622,118714.2,0.7826,118716.1,25.6163,118716.9,0.0003
1753769394800,06:09:54.800,bitget,BTC/USDT:USDT,118716.0,3.2622,118714.2,0.7826,118716.1,25.6163,118716.9,0.0003
1753769394900,06:09:54.900,bitget,BTC/USDT:USDT,118716.0,3.2532,118714.2,0.7826,118716.1,25.6163,118716.9,0.0003
1753769395000,06:09:55.000,bitget,BTC/USDT:USDT,118716.0,3.2622,118714.2,0.7826,118716.1,25.6163,118716.9,0.0003
1753769395101,06:09:55.101,bitget,BTC/USDT:USDT,118716.0,3.2576,118714.2,0.7826,118716.1,25.6163,118716.9,0.0003
1753769395200,06:09:55.200,bitget,BTC/USDT:USDT,118716.0,3.2622,118714.2,0.7826,118716.1,25.6163,118716.9,0.0003
1753769395300,06:09:55.300,bitget,BTC/USDT:USDT,118716.0,3.258,118714.2,0.7826,118716.1,25.6163,118716.9,0.0003
1753769395400,06:09:55.400,bitget,BTC/USDT:USDT,118716.0,3.5452,118714.3,2.9479,118716.1,25.6163,118716.9,0.0003
1753769395501,06:09:55.501,bitget,BTC/USDT:USDT,118716.0,3.5452,118714.2,0.7826,118716.1,25.6163,118716.9,0.0003
1753769395601,06:09:55.601,bitget,BTC/USDT:USDT,118716.0,3.6336,118714.2,0.7826,118716.1,25.6163,118716.9,0.0003
1753769395701,06:09:55.701,bitget,BTC/USDT:USDT,118716.0,3.6304,118714.2,0.7826,118716.1,25.3695,118716.9,0.0003
1753769395801,06:09:55.801,bitget,BTC/USDT:USDT,118716.0,3.6644,118714.2,0.7826,118716.1,25.3695,118716.9,0.0003
1753769395901,06:09:55.901,bitget,BTC/USDT:USDT,118716.0,3.6751,118714.2,0.7826,118716.1,25.3695,118716.9,0.0003
1753769396001,06:09:56.001,bitget,BTC/USDT:USDT,118716.0,3.3654,118714.2,0.7826,118716.1,25.3695,118716.9,0.0003
1753769396101,06:09:56.101,bitget,BTC/USDT:USDT,118716.0,3.3518,118714.2,0.7826,118716.1,25.3695,118716.9,0.0003
