timestamp,time,exchange,symbol,bid1_price,bid1_volume,bid2_price,bid2_volume,ask1_price,ask1_volume,ask2_price,ask2_volume
1753769553805,06:12:33.805,okx,ETH/USDT:USDT,3808.71,1905.23,3808.7,3.21,3808.72,148.12,3808.74,0.03
1753769554105,06:12:34.105,okx,ETH/USDT:USDT,3808.71,1631.29,3808.7,3.21,3808.72,503.86,3808.74,0.03
1753769554205,06:12:34.205,okx,ETH/USDT:USDT,3808.71,1552.49,3808.7,3.21,3808.72,503.86,3808.74,0.03
1753769555005,06:12:35.005,okx,ETH/USDT:USDT,3808.71,1214.08,3808.7,3.21,3808.72,700.93,3808.73,0.38
1753769555205,06:12:35.205,okx,ETH/USDT:USDT,3808.71,1214.08,3808.7,3.21,3808.72,700.9,3808.73,0.38
1753769555305,06:12:35.305,okx,ETH/USDT:USDT,3808.71,1214.7,3808.7,3.21,3808.72,700.99,3808.73,0.38
1753769555505,06:12:35.505,okx,ETH/USDT:USDT,3808.5,403.21,3808.49,0.02,3808.51,1777.99,3808.53,0.03
1753769555605,06:12:35.605,okx,ETH/USDT:USDT,3808.5,341.6,3808.49,0.02,3808.51,1650.57,3808.53,0.03
1753769556105,06:12:36.105,okx,ETH/USDT:USDT,3808.5,896.13,3808.49,0.02,3808.51,258.4,3808.52,3.11
1753769556205,06:12:36.205,okx,ETH/USDT:USDT,3808.5,898.03,3808.49,0.02,3808.51,238.44,3808.52,3.11
1753769556305,06:12:36.305,okx,ETH/USDT:USDT,3808.5,839.27,3808.49,0.02,3808.51,648.81,3808.52,3.11
1753769557005,06:12:37.005,okx,ETH/USDT:USDT,3808.5,636.15,3808.41,1.1,3808.51,703.12,3808.52,6.47
1753769557105,06:12:37.105,okx,ETH/USDT:USDT,3808.5,636.18,3808.47,2.24,3808.51,704.42,3808.52,6.47
1753769557305,06:12:37.305,okx,ETH/USDT:USDT,3808.5,599.55,3808.47,2.24,3808.51,648.04,3808.52,6.47
1753769558105,06:12:38.105,okx,ETH/USDT:USDT,3808.5,601.48,3808.49,0.75,3808.51,649.45,3808.52,6.47
1753769558205,06:12:38.205,okx,ETH/USDT:USDT,3808.5,601.48,3808.49,0.75,3808.51,649.45,3808.52,6.47
1753769559648,06:12:39.648,okx,ETH/USDT:USDT,3808.5,672.71,3808.49,0.75,3808.51,288.65,3808.52,6.47
1753769559708,06:12:39.708,okx,ETH/USDT:USDT,3808.5,611.52,3808.49,0.75,3808.51,635.97,3808.52,6.47
1753769559913,06:12:39.913,okx,ETH/USDT:USDT,3808.5,599.7,3808.49,0.75,3808.51,594.73,3808.52,6.47
1753769560003,06:12:40.003,okx,ETH/USDT:USDT,3808.5,748.44,3808.49,0.75,3808.51,594.73,3808.52,6.47
1753769560203,06:12:40.203,okx,ETH/USDT:USDT,3808.5,727.79,3808.49,0.75,3808.51,594.73,3808.52,6.47
1753769560603,06:12:40.603,okx,ETH/USDT:USDT,3808.5,710.25,3808.49,0.75,3808.51,665.42,3808.52,6.47
1753769560703,06:12:40.703,okx,ETH/USDT:USDT,3808.5,709.38,3808.49,0.75,3808.51,731.31,3808.52,6.47
1753769560803,06:12:40.803,okx,ETH/USDT:USDT,3808.5,709.39,3808.49,0.75,3808.51,665.42,3808.52,6.47
1753769560903,06:12:40.903,okx,ETH/USDT:USDT,3808.5,709.39,3808.49,0.75,3808.51,665.42,3808.52,6.47
1753769561306,06:12:41.306,okx,ETH/USDT:USDT,3808.5,709.61,3808.49,0.87,3808.51,647.44,3808.52,6.47
1753769561506,06:12:41.506,okx,ETH/USDT:USDT,3808.5,709.85,3808.49,0.87,3808.51,647.26,3808.52,6.47
1753769561606,06:12:41.606,okx,ETH/USDT:USDT,3808.5,710.11,3808.49,0.87,3808.51,635.96,3808.52,6.47
1753769561706,06:12:41.706,okx,ETH/USDT:USDT,3808.5,842.83,3808.49,0.87,3808.51,49.77,3808.52,6.47
1753769561806,06:12:41.806,okx,ETH/USDT:USDT,3808.5,1586.23,3808.49,0.87,3808.51,49.77,3808.52,6.47
1753769562006,06:12:42.006,okx,ETH/USDT:USDT,3808.5,1588.14,3808.49,0.87,3808.51,46.3,3808.52,6.47
1753769562106,06:12:42.106,okx,ETH/USDT:USDT,3808.5,1588.15,3808.49,0.87,3808.51,46.3,3808.52,6.47
1753769562506,06:12:42.506,okx,ETH/USDT:USDT,3808.51,4879.45,3808.5,595.12,3808.52,15.76,3808.53,7.3
1753769562606,06:12:42.606,okx,ETH/USDT:USDT,3808.51,4881.36,3808.5,408.91,3808.52,15.76,3808.53,7.3
1753769562806,06:12:42.806,okx,ETH/USDT:USDT,3808.51,4771.36,3808.5,408.91,3808.52,19.24,3808.53,7.35
1753769562906,06:12:42.906,okx,ETH/USDT:USDT,3808.51,4769.45,3808.5,408.91,3808.52,19.24,3808.53,7.35
1753769563206,06:12:43.206,okx,ETH/USDT:USDT,3808.51,4770.82,3808.5,408.91,3808.52,19.29,3808.53,7.35
1753769563306,06:12:43.306,okx,ETH/USDT:USDT,3808.51,4744.42,3808.5,408.91,3808.52,25.53,3808.53,7.35
1753769563406,06:12:43.406,okx,ETH/USDT:USDT,3808.51,4074.55,3808.5,54.19,3808.52,25.53,3808.53,7.35
1753769563506,06:12:43.506,okx,ETH/USDT:USDT,3808.51,4072.56,3808.5,54.19,3808.52,25.53,3808.53,7.35
1753769563606,06:12:43.606,okx,ETH/USDT:USDT,3808.51,4347.81,3808.5,54.19,3808.52,25.53,3808.53,7.35
1753769563706,06:12:43.706,okx,ETH/USDT:USDT,3808.51,4347.81,3808.5,54.19,3808.52,12.35,3808.53,7.35
1753769564006,06:12:44.006,okx,ETH/USDT:USDT,3808.51,4348.81,3808.5,54.19,3808.52,11.61,3808.53,7.35
1753769564106,06:12:44.106,okx,ETH/USDT:USDT,3808.51,4348.81,3808.5,54.19,3808.52,11.61,3808.53,7.35
1753769564306,06:12:44.306,okx,ETH/USDT:USDT,3808.53,3199.79,3808.52,377.31,3808.54,47.25,3808.55,8.4
1753769564706,06:12:44.706,okx,ETH/USDT:USDT,3808.53,3080.59,3808.52,0.28,3808.54,48.1,3808.55,9.56
1753769564906,06:12:44.906,okx,ETH/USDT:USDT,3808.53,3080.59,3808.52,0.28,3808.54,48.1,3808.55,9.56
1753769565106,06:12:45.106,okx,ETH/USDT:USDT,3808.53,3080.59,3808.52,0.28,3808.54,48.1,3808.55,9.56
1753769565306,06:12:45.306,okx,ETH/USDT:USDT,3808.53,3078.68,3808.52,0.28,3808.54,48.13,3808.55,9.56
1753769565406,06:12:45.406,okx,ETH/USDT:USDT,3808.53,3071.84,3808.52,0.28,3808.54,48.13,3808.55,9.56
1753769565706,06:12:45.706,okx,ETH/USDT:USDT,3808.53,3071.57,3808.52,0.28,3808.54,49.1,3808.55,9.56
1753769566006,06:12:46.006,okx,ETH/USDT:USDT,3808.55,3099.36,3808.54,57.75,3808.56,161.58,3808.57,5.72
1753769566206,06:12:46.206,okx,ETH/USDT:USDT,3808.55,3103.34,3808.54,58.01,3808.56,157.63,3808.57,5.72
1753769566306,06:12:46.306,okx,ETH/USDT:USDT,3808.55,3055.09,3808.54,58.01,3808.56,105.2,3808.57,5.72
1753769566406,06:12:46.406,okx,ETH/USDT:USDT,3808.55,3064.96,3808.54,57.98,3808.56,105.2,3808.57,5.72
1753769566806,06:12:46.806,okx,ETH/USDT:USDT,3808.55,2965.72,3808.54,57.98,3808.56,105.22,3808.57,5.72
1753769566906,06:12:46.906,okx,ETH/USDT:USDT,3808.55,2965.72,3808.54,57.98,3808.56,105.22,3808.57,5.72
1753769567006,06:12:47.006,okx,ETH/USDT:USDT,3808.55,2626.09,3808.54,57.98,3808.56,105.22,3808.57,5.72
1753769567206,06:12:47.206,okx,ETH/USDT:USDT,3808.55,2607.18,3808.54,57.98,3808.56,37.44,3808.57,5.72
1753769567806,06:12:47.806,okx,ETH/USDT:USDT,3808.55,2925.69,3808.54,57.98,3808.56,38.31,3808.57,5.72
1753769567906,06:12:47.906,okx,ETH/USDT:USDT,3808.55,2920.13,3808.54,57.98,3808.56,29.79,3808.57,5.72
1753769568206,06:12:48.206,okx,ETH/USDT:USDT,3808.55,2634.16,3808.54,57.98,3808.56,29.79,3808.57,5.72
1753769568406,06:12:48.406,okx,ETH/USDT:USDT,3808.55,2909.16,3808.54,57.98,3808.56,30.37,3808.57,5.72
1753769568706,06:12:48.706,okx,ETH/USDT:USDT,3808.55,3097.59,3808.54,57.98,3808.56,30.37,3808.57,5.72
1753769568806,06:12:48.806,okx,ETH/USDT:USDT,3808.55,3098.11,3808.54,57.98,3808.56,30.37,3808.57,5.72
1753769569106,06:12:49.106,okx,ETH/USDT:USDT,3808.57,5486.71,3808.56,947.58,3808.58,8.65,3808.59,5.82
1753769569206,06:12:49.206,okx,ETH/USDT:USDT,3808.59,4036.97,3808.58,776.86,3808.6,4.96,3808.7,0.01
1753769569406,06:12:49.406,okx,ETH/USDT:USDT,3808.71,2950.48,3808.7,3.76,3808.72,90.32,3808.73,0.38
1753769569606,06:12:49.606,okx,ETH/USDT:USDT,3808.71,2979.37,3808.7,3.76,3808.72,97.25,3808.73,0.38
1753769569806,06:12:49.806,okx,ETH/USDT:USDT,3808.71,2968.24,3808.7,3.76,3808.72,87.25,3808.73,0.38
1753769570106,06:12:50.106,okx,ETH/USDT:USDT,3808.71,2978.08,3808.7,3.76,3808.72,87.2,3808.73,0.38
1753769570206,06:12:50.206,okx,ETH/USDT:USDT,3808.71,2782.03,3808.7,3.76,3808.72,87.2,3808.73,0.38
1753769571005,06:12:51.005,okx,ETH/USDT:USDT,3808.71,2365.6,3808.7,3.74,3808.72,57.87,3808.73,0.38
1753769571305,06:12:51.305,okx,ETH/USDT:USDT,3808.71,2604.57,3808.7,278.76,3808.72,70.36,3808.73,0.38
1753769571405,06:12:51.405,okx,ETH/USDT:USDT,3808.71,2616.32,3808.7,278.76,3808.72,70.42,3808.73,0.38
1753769571505,06:12:51.505,okx,ETH/USDT:USDT,3808.71,2614.32,3808.7,278.76,3808.72,70.42,3808.73,0.38
1753769571605,06:12:51.605,okx,ETH/USDT:USDT,3808.71,2617.79,3808.7,278.76,3808.72,70.42,3808.73,0.38
1753769571705,06:12:51.705,okx,ETH/USDT:USDT,3808.71,2615.79,3808.7,278.76,3808.72,70.42,3808.73,0.38
1753769571805,06:12:51.805,okx,ETH/USDT:USDT,3808.71,2615.79,3808.7,278.76,3808.72,70.42,3808.73,0.38
1753769572105,06:12:52.105,okx,ETH/USDT:USDT,3808.71,2611.88,3808.7,278.74,3808.72,70.42,3808.73,0.38
1753769572505,06:12:52.505,okx,ETH/USDT:USDT,3808.71,2600.7,3808.7,278.74,3808.72,70.95,3808.73,0.38
1753769572705,06:12:52.705,okx,ETH/USDT:USDT,3808.71,2571.86,3808.7,278.74,3808.72,74.57,3808.73,0.38
1753769572905,06:12:52.905,okx,ETH/USDT:USDT,3808.71,2571.41,3808.7,278.74,3808.72,74.61,3808.73,0.38
1753769573205,06:12:53.205,okx,ETH/USDT:USDT,3808.71,2571.48,3808.7,278.74,3808.72,46.37,3808.73,0.38
1753769573305,06:12:53.305,okx,ETH/USDT:USDT,3808.71,2571.48,3808.7,278.74,3808.72,46.37,3808.73,0.38
1753769573505,06:12:53.505,okx,ETH/USDT:USDT,3808.71,2566.32,3808.7,278.74,3808.72,46.35,3808.73,0.38
1753769573805,06:12:53.805,okx,ETH/USDT:USDT,3808.71,2571.48,3808.7,278.74,3808.72,46.35,3808.73,0.38
1753769574105,06:12:54.105,okx,ETH/USDT:USDT,3808.71,2583.09,3808.7,278.74,3808.72,46.35,3808.73,0.38
1753769574305,06:12:54.305,okx,ETH/USDT:USDT,3808.71,2296.36,3808.7,278.74,3808.72,46.51,3808.73,0.38
1753769574705,06:12:54.705,okx,ETH/USDT:USDT,3808.71,2759.48,3808.7,278.76,3808.72,45.87,3808.73,0.38
1753769574805,06:12:54.805,okx,ETH/USDT:USDT,3808.71,2769.32,3808.7,278.76,3808.72,45.87,3808.73,0.38
1753769575005,06:12:55.005,okx,ETH/USDT:USDT,3808.71,2384.06,3808.7,278.76,3808.72,49.43,3808.73,4.46
1753769575105,06:12:55.105,okx,ETH/USDT:USDT,3808.71,2766.32,3808.7,278.74,3808.72,49.43,3808.73,4.46
1753769575205,06:12:55.205,okx,ETH/USDT:USDT,3808.71,2393.9,3808.7,278.74,3808.72,49.43,3808.73,4.46
1753769575305,06:12:55.305,okx,ETH/USDT:USDT,3808.71,2764.32,3808.7,278.74,3808.72,49.43,3808.73,4.46
1753769575605,06:12:55.605,okx,ETH/USDT:USDT,3808.71,2764.32,3808.7,278.74,3808.72,49.43,3808.73,4.46
1753769575705,06:12:55.705,okx,ETH/USDT:USDT,3808.71,2762.41,3808.7,278.74,3808.72,49.43,3808.73,4.46
1753769575905,06:12:55.905,okx,ETH/USDT:USDT,3808.71,2764.32,3808.7,278.74,3808.72,49.46,3808.73,4.46
1753769576105,06:12:56.105,okx,ETH/USDT:USDT,3808.71,2759.16,3808.7,278.76,3808.72,49.46,3808.73,4.46
1753769576405,06:12:56.405,okx,ETH/USDT:USDT,3808.71,2767.34,3808.7,278.76,3808.72,48.31,3808.73,4.46
1753769576505,06:12:56.505,okx,ETH/USDT:USDT,3808.71,2665.54,3808.7,278.76,3808.72,130.1,3808.73,4.46
1753769576605,06:12:56.605,okx,ETH/USDT:USDT,3808.71,2667.45,3808.7,278.76,3808.72,50.26,3808.73,4.46
1753769577005,06:12:57.005,okx,ETH/USDT:USDT,3808.71,890.13,3808.7,3.48,3808.72,645.88,3808.73,4.46
1753769577105,06:12:57.105,okx,ETH/USDT:USDT,3808.71,904.11,3808.7,3.48,3808.72,628.9,3808.73,4.46
1753769577505,06:12:57.505,okx,ETH/USDT:USDT,3808.71,873.69,3808.7,3.58,3808.72,1028.15,3808.73,5.57
1753769577605,06:12:57.605,okx,ETH/USDT:USDT,3808.71,659.67,3808.7,3.58,3808.72,996.29,3808.73,5.57
1753769577705,06:12:57.705,okx,ETH/USDT:USDT,3808.71,650.27,3808.7,3.58,3808.72,996.29,3808.73,5.57
1753769578005,06:12:58.005,okx,ETH/USDT:USDT,3808.71,650.63,3808.7,3.58,3808.72,996.29,3808.73,5.57
1753769578105,06:12:58.105,okx,ETH/USDT:USDT,3808.71,654.16,3808.7,8.1,3808.72,996.34,3808.73,5.57
1753769578405,06:12:58.405,okx,ETH/USDT:USDT,3808.71,654.11,3808.7,8.1,3808.72,604.53,3808.73,5.57
1753769578605,06:12:58.605,okx,ETH/USDT:USDT,3808.71,732.88,3808.7,8.1,3808.72,646.4,3808.73,9.64
1753769578705,06:12:58.705,okx,ETH/USDT:USDT,3808.71,732.88,3808.7,8.1,3808.72,646.39,3808.73,9.64
1753769578805,06:12:58.805,okx,ETH/USDT:USDT,3808.71,986.15,3808.7,8.1,3808.72,389.43,3808.73,9.64
1753769578905,06:12:58.905,okx,ETH/USDT:USDT,3808.71,1022.91,3808.7,8.1,3808.72,389.43,3808.73,9.64
1753769579005,06:12:59.005,okx,ETH/USDT:USDT,3808.71,1008.93,3808.7,8.1,3808.72,389.43,3808.73,9.64
1753769579205,06:12:59.205,okx,ETH/USDT:USDT,3808.71,1009.66,3808.7,8.81,3808.72,389.43,3808.73,9.64
1753769579305,06:12:59.305,okx,ETH/USDT:USDT,3808.71,972.9,3808.7,8.81,3808.72,389.42,3808.73,9.64
1753769579705,06:12:59.705,okx,ETH/USDT:USDT,3808.71,1234.08,3808.7,8.81,3808.72,226.43,3808.73,10.46
1753769579805,06:12:59.805,okx,ETH/USDT:USDT,3808.71,1235.4,3808.7,8.81,3808.72,226.43,3808.73,10.46
1753769580105,06:13:00.105,okx,ETH/USDT:USDT,3808.72,5100.94,3808.71,618.5,3808.73,10.48,3808.74,9.38
1753769580205,06:13:00.205,okx,ETH/USDT:USDT,3808.72,5100.96,3808.71,618.5,3808.73,10.48,3808.74,9.38
1753769580905,06:13:00.905,okx,ETH/USDT:USDT,3808.72,5100.15,3808.71,617.84,3808.73,10.56,3808.74,9.38
1753769581205,06:13:01.205,okx,ETH/USDT:USDT,3808.72,4970.2,3808.71,617.84,3808.73,10.75,3808.74,9.47
1753769581605,06:13:01.605,okx,ETH/USDT:USDT,3808.72,3416.54,3808.71,84.15,3808.73,681.11,3808.74,10.31
1753769581905,06:13:01.905,okx,ETH/USDT:USDT,3808.72,3669.38,3808.71,84.15,3808.73,265.93,3808.74,10.31
1753769582005,06:13:02.005,okx,ETH/USDT:USDT,3808.75,4452.2,3808.74,590.14,3808.76,8.01,3808.77,17.77
1753769582305,06:13:02.305,okx,ETH/USDT:USDT,3808.75,5111.71,3808.74,590.42,3808.76,7.56,3808.77,17.77
1753769582705,06:13:02.705,okx,ETH/USDT:USDT,3808.75,2907.04,3808.74,215.42,3808.76,622.72,3808.77,17.77
1753769582905,06:13:02.905,okx,ETH/USDT:USDT,3808.75,2985.83,3808.74,215.42,3808.76,533.13,3808.77,17.77
1753769583005,06:13:03.005,okx,ETH/USDT:USDT,3808.75,3208.57,3808.74,35.28,3808.76,298.56,3808.77,17.77
1753769583205,06:13:03.205,okx,ETH/USDT:USDT,3808.75,3171.88,3808.74,35.28,3808.76,468.01,3808.77,17.77
1753769583505,06:13:03.505,okx,ETH/USDT:USDT,3808.75,2132.75,3808.74,3.0,3808.76,877.31,3808.77,17.77
1753769583705,06:13:03.705,okx,ETH/USDT:USDT,3808.75,1099.8,3808.74,3.0,3808.76,877.55,3808.77,17.77
1753769583805,06:13:03.805,okx,ETH/USDT:USDT,3808.72,59.52,3808.71,52.86,3808.73,3859.16,3808.74,161.9
1753769583905,06:13:03.905,okx,ETH/USDT:USDT,3808.72,59.54,3808.71,52.86,3808.73,3854.08,3808.74,109.84
1753769584005,06:13:04.005,okx,ETH/USDT:USDT,3808.72,60.08,3808.71,52.86,3808.73,3901.78,3808.74,109.84
1753769584105,06:13:04.105,okx,ETH/USDT:USDT,3808.72,60.08,3808.71,52.86,3808.73,3904.77,3808.74,111.57
1753769584305,06:13:04.305,okx,ETH/USDT:USDT,3808.72,60.08,3808.71,52.86,3808.73,3897.21,3808.74,187.69
1753769584405,06:13:04.405,okx,ETH/USDT:USDT,3808.72,60.08,3808.71,52.86,3808.73,3897.21,3808.74,187.69
1753769584705,06:13:04.705,okx,ETH/USDT:USDT,3808.71,17.75,3808.7,7.97,3808.72,4710.42,3808.73,362.54
1753769584905,06:13:04.905,okx,ETH/USDT:USDT,3808.71,17.75,3808.7,7.97,3808.72,4690.98,3808.73,362.55
1753769585205,06:13:05.205,okx,ETH/USDT:USDT,3808.71,17.81,3808.7,7.97,3808.72,4696.63,3808.73,342.79
1753769585305,06:13:05.305,okx,ETH/USDT:USDT,3808.71,17.81,3808.7,7.97,3808.72,4696.63,3808.73,342.79
1753769585405,06:13:05.405,okx,ETH/USDT:USDT,3808.71,17.81,3808.7,7.97,3808.72,4696.63,3808.73,342.79
1753769585505,06:13:05.505,okx,ETH/USDT:USDT,3808.71,17.81,3808.7,7.97,3808.72,4696.65,3808.73,342.79
1753769585605,06:13:05.605,okx,ETH/USDT:USDT,3808.71,17.81,3808.7,7.97,3808.72,4703.46,3808.73,342.79
1753769586105,06:13:06.105,okx,ETH/USDT:USDT,3808.71,658.52,3808.7,7.96,3808.72,3488.03,3808.73,192.99
1753769586205,06:13:06.205,okx,ETH/USDT:USDT,3808.71,568.51,3808.7,7.96,3808.72,3487.99,3808.73,192.99
1753769586605,06:13:06.605,okx,ETH/USDT:USDT,3808.71,568.51,3808.7,234.97,3808.72,3488.69,3808.73,192.99
1753769587005,06:13:07.005,okx,ETH/USDT:USDT,3808.71,644.12,3808.7,234.97,3808.72,3554.47,3808.73,192.99
1753769587105,06:13:07.105,okx,ETH/USDT:USDT,3808.71,363.05,3808.7,234.97,3808.72,3545.16,3808.73,192.99
1753769587305,06:13:07.305,okx,ETH/USDT:USDT,3808.71,363.05,3808.7,234.97,3808.72,3545.62,3808.73,192.99
1753769587405,06:13:07.405,okx,ETH/USDT:USDT,3808.7,235.27,3808.69,9.69,3808.71,4856.46,3808.72,368.29
1753769587505,06:13:07.505,okx,ETH/USDT:USDT,3808.7,235.27,3808.69,9.69,3808.71,4814.49,3808.72,348.33
1753769587705,06:13:07.705,okx,ETH/USDT:USDT,3808.7,236.29,3808.69,9.69,3808.71,4847.27,3808.72,342.98
1753769587805,06:13:07.805,okx,ETH/USDT:USDT,3808.7,316.15,3808.69,9.69,3808.71,4847.27,3808.72,342.98
1753769588105,06:13:08.105,okx,ETH/USDT:USDT,3808.7,186.32,3808.69,9.69,3808.71,4767.87,3808.72,343.62
1753769588505,06:13:08.505,okx,ETH/USDT:USDT,3808.7,31.86,3808.69,9.69,3808.71,4815.92,3808.72,292.23
1753769588605,06:13:08.605,okx,ETH/USDT:USDT,3808.7,32.01,3808.69,9.69,3808.71,4820.59,3808.72,292.23
1753769588905,06:13:08.905,okx,ETH/USDT:USDT,3808.7,31.99,3808.69,9.69,3808.71,4874.32,3808.72,292.23
1753769589005,06:13:09.005,okx,ETH/USDT:USDT,3808.7,32.01,3808.69,9.69,3808.71,4888.68,3808.72,292.23
1753769589105,06:13:09.105,okx,ETH/USDT:USDT,3808.7,32.01,3808.69,9.69,3808.71,4888.7,3808.72,292.23
1753769589605,06:13:09.605,okx,ETH/USDT:USDT,3808.7,17.18,3808.69,9.69,3808.71,4863.21,3808.72,292.23
1753769590205,06:13:10.205,okx,ETH/USDT:USDT,3808.7,1.55,3808.69,19.69,3808.71,4863.34,3808.72,292.23
1753769590405,06:13:10.405,okx,ETH/USDT:USDT,3808.69,19.97,3808.68,10.15,3808.7,4082.66,3808.71,293.7
1753769590905,06:13:10.905,okx,ETH/USDT:USDT,3808.69,573.18,3808.68,10.15,3808.7,3924.73,3808.71,245.33
1753769591005,06:13:11.005,okx,ETH/USDT:USDT,3808.69,356.39,3808.68,10.15,3808.7,3991.49,3808.71,245.33
1753769591205,06:13:11.205,okx,ETH/USDT:USDT,3808.68,85.95,3808.67,10.84,3808.69,1894.74,3808.7,240.31
1753769591305,06:13:11.305,okx,ETH/USDT:USDT,3808.68,85.98,3808.67,10.84,3808.69,1901.08,3808.7,234.07
1753769591405,06:13:11.405,okx,ETH/USDT:USDT,3808.68,86.21,3808.67,10.84,3808.69,1905.84,3808.7,233.24
1753769591505,06:13:11.505,okx,ETH/USDT:USDT,3808.68,478.39,3808.67,10.84,3808.69,1917.06,3808.7,3.61
1753769591805,06:13:11.805,okx,ETH/USDT:USDT,3808.68,371.49,3808.67,10.84,3808.69,1917.06,3808.7,3.61
1753769592005,06:13:12.005,okx,ETH/USDT:USDT,3808.68,408.31,3808.67,10.84,3808.69,1849.46,3808.7,3.61
1753769592105,06:13:12.105,okx,ETH/USDT:USDT,3808.68,116.56,3808.67,10.84,3808.69,1915.92,3808.7,3.61
1753769592205,06:13:12.205,okx,ETH/USDT:USDT,3808.68,282.83,3808.67,10.84,3808.69,1915.85,3808.7,3.61
1753769592305,06:13:12.305,okx,ETH/USDT:USDT,3808.68,485.84,3808.67,10.84,3808.69,1834.26,3808.7,3.61
1753769592705,06:13:12.705,okx,ETH/USDT:USDT,3808.68,86.26,3808.67,10.84,3808.69,1934.03,3808.7,7.32
1753769593105,06:13:13.105,okx,ETH/USDT:USDT,3808.68,535.5,3808.67,10.84,3808.69,1847.23,3808.7,12.59
1753769593505,06:13:13.505,okx,ETH/USDT:USDT,3808.66,212.19,3808.65,14.35,3808.67,5017.41,3808.68,287.88
1753769594205,06:13:14.205,okx,ETH/USDT:USDT,3808.51,80.58,3808.5,2.64,3808.52,3595.53,3808.53,388.62
1753769594705,06:13:14.705,okx,ETH/USDT:USDT,3808.51,80.58,3808.5,2.64,3808.52,3443.97,3808.53,388.62
1753769594905,06:13:14.905,okx,ETH/USDT:USDT,3808.51,82.15,3808.5,5.51,3808.52,3448.81,3808.53,388.62
1753769595105,06:13:15.105,okx,ETH/USDT:USDT,3808.51,80.3,3808.5,5.77,3808.52,3448.81,3808.53,388.62
1753769595205,06:13:15.205,okx,ETH/USDT:USDT,3808.51,80.35,3808.5,5.77,3808.52,3448.94,3808.53,388.62
1753769595405,06:13:15.405,okx,ETH/USDT:USDT,3808.51,75.59,3808.5,5.77,3808.52,3439.57,3808.53,388.62
1753769595605,06:13:15.605,okx,ETH/USDT:USDT,3808.51,75.59,3808.5,5.77,3808.52,3439.55,3808.53,388.62
1753769595805,06:13:15.805,okx,ETH/USDT:USDT,3808.51,73.8,3808.5,5.77,3808.52,3439.55,3808.53,388.62
1753769595905,06:13:15.905,okx,ETH/USDT:USDT,3808.51,73.64,3808.5,5.77,3808.52,3436.91,3808.53,388.62
1753769596005,06:13:16.005,okx,ETH/USDT:USDT,3808.51,70.12,3808.5,5.77,3808.52,3436.93,3808.53,388.62
1753769596205,06:13:16.205,okx,ETH/USDT:USDT,3808.51,70.12,3808.5,5.77,3808.52,3437.07,3808.53,388.62
1753769596405,06:13:16.405,okx,ETH/USDT:USDT,3808.51,70.12,3808.5,5.77,3808.52,3438.42,3808.53,388.62
1753769596605,06:13:16.605,okx,ETH/USDT:USDT,3808.51,70.12,3808.5,5.77,3808.52,3438.16,3808.53,388.62
1753769596705,06:13:16.705,okx,ETH/USDT:USDT,3808.51,70.12,3808.5,5.77,3808.52,3438.16,3808.53,388.62
1753769596905,06:13:16.905,okx,ETH/USDT:USDT,3808.51,70.12,3808.5,5.77,3808.52,3438.16,3808.53,388.62
1753769597005,06:13:17.005,okx,ETH/USDT:USDT,3808.51,149.98,3808.5,5.77,3808.52,3438.16,3808.53,388.62
1753769597105,06:13:17.105,okx,ETH/USDT:USDT,3808.51,149.96,3808.5,5.77,3808.52,3456.83,3808.53,388.62
1753769597205,06:13:17.205,okx,ETH/USDT:USDT,3808.51,70.12,3808.5,5.77,3808.52,3456.92,3808.53,388.62
1753769597305,06:13:17.305,okx,ETH/USDT:USDT,3808.51,70.12,3808.5,5.77,3808.52,3456.94,3808.53,388.62
1753769597405,06:13:17.405,okx,ETH/USDT:USDT,3808.51,149.98,3808.5,5.77,3808.52,3466.61,3808.53,388.62
1753769597505,06:13:17.505,okx,ETH/USDT:USDT,3808.51,70.12,3808.5,5.77,3808.52,3466.61,3808.53,388.62
1753769598005,06:13:18.005,okx,ETH/USDT:USDT,3808.51,149.98,3808.5,5.77,3808.52,3457.81,3808.53,388.62
1753769598305,06:13:18.305,okx,ETH/USDT:USDT,3808.51,149.98,3808.5,5.77,3808.52,3276.72,3808.53,388.62
1753769598605,06:13:18.605,okx,ETH/USDT:USDT,3808.51,70.12,3808.5,5.77,3808.52,3277.4,3808.53,388.62
1753769598705,06:13:18.705,okx,ETH/USDT:USDT,3808.51,70.12,3808.5,5.77,3808.52,3277.4,3808.53,388.62
1753769598805,06:13:18.805,okx,ETH/USDT:USDT,3808.51,70.12,3808.5,5.77,3808.52,3474.14,3808.53,388.62
1753769599005,06:13:19.005,okx,ETH/USDT:USDT,3808.51,70.12,3808.5,5.77,3808.52,3456.97,3808.53,388.62
1753769599805,06:13:19.805,okx,ETH/USDT:USDT,3808.51,60.12,3808.5,5.77,3808.52,3474.88,3808.53,390.54
1753769599905,06:13:19.905,okx,ETH/USDT:USDT,3808.51,55.44,3808.5,5.77,3808.52,3474.98,3808.53,391.16
1753769600105,06:13:20.105,okx,ETH/USDT:USDT,3808.51,55.5,3808.5,5.77,3808.52,3477.39,3808.53,391.16
1753769600305,06:13:20.305,okx,ETH/USDT:USDT,3808.1,548.21,3808.06,0.01,3808.11,1469.82,3808.17,5.36
1753769600405,06:13:20.405,okx,ETH/USDT:USDT,3808.1,345.4,3808.06,0.01,3808.11,1608.83,3808.17,5.36
1753769600605,06:13:20.605,okx,ETH/USDT:USDT,3808.1,472.6,3808.06,0.01,3808.11,1592.06,3808.12,1.37
1753769600705,06:13:20.705,okx,ETH/USDT:USDT,3808.1,285.46,3808.06,0.01,3808.11,1658.49,3808.12,1.37
1753769601005,06:13:21.005,okx,ETH/USDT:USDT,3808.1,345.39,3808.06,0.01,3808.11,1588.96,3808.12,2.2
1753769601105,06:13:21.105,okx,ETH/USDT:USDT,3808.1,545.2,3808.06,0.01,3808.11,1569.31,3808.12,2.2
1753769601205,06:13:21.205,okx,ETH/USDT:USDT,3808.1,525.2,3808.06,0.01,3808.11,1570.09,3808.12,2.2
1753769601605,06:13:21.605,okx,ETH/USDT:USDT,3808.1,143.81,3808.06,0.01,3808.11,1618.05,3808.12,3.38
1753769601805,06:13:21.805,okx,ETH/USDT:USDT,3808.1,412.67,3808.06,0.01,3808.11,1584.65,3808.12,3.38
1753769602005,06:13:22.005,okx,ETH/USDT:USDT,3808.1,412.69,3808.06,0.01,3808.11,1596.05,3808.12,4.2
1753769602505,06:13:22.505,okx,ETH/USDT:USDT,3807.79,454.06,3807.75,2.2,3807.8,2754.36,3807.89,55.03
1753769602605,06:13:22.605,okx,ETH/USDT:USDT,3807.79,251.25,3807.75,2.2,3807.8,2764.99,3807.89,55.03
1753769602705,06:13:22.705,okx,ETH/USDT:USDT,3807.79,533.41,3807.75,2.2,3807.8,2765.03,3807.81,0.01
1753769603405,06:13:23.405,okx,ETH/USDT:USDT,3807.79,749.04,3807.75,2.2,3807.8,2192.78,3807.89,8.3
1753769604005,06:13:24.005,okx,ETH/USDT:USDT,3807.79,862.79,3807.75,2.2,3807.8,2121.75,3807.81,5.36
1753769604105,06:13:24.105,okx,ETH/USDT:USDT,3807.79,877.19,3807.75,2.2,3807.8,2092.01,3807.81,5.36
1753769604205,06:13:24.205,okx,ETH/USDT:USDT,3807.79,596.13,3807.75,2.2,3807.8,2092.01,3807.81,5.36
1753769604305,06:13:24.305,okx,ETH/USDT:USDT,3807.79,674.92,3807.75,2.46,3807.8,2041.0,3807.81,5.36
1753769604705,06:13:24.705,okx,ETH/USDT:USDT,3807.79,572.92,3807.75,2.46,3807.8,2081.74,3807.81,5.36
1753769605005,06:13:25.005,okx,ETH/USDT:USDT,3807.79,499.26,3807.75,2.46,3807.8,2101.53,3807.81,5.36
1753769605405,06:13:25.405,okx,ETH/USDT:USDT,3807.79,547.7,3807.75,2.46,3807.8,2082.12,3807.81,5.36
1753769605605,06:13:25.605,okx,ETH/USDT:USDT,3807.79,627.37,3807.75,2.46,3807.8,2082.93,3807.81,5.36
1753769605705,06:13:25.705,okx,ETH/USDT:USDT,3807.79,637.63,3807.75,2.46,3807.8,2082.93,3807.81,5.36
1753769606405,06:13:26.405,okx,ETH/USDT:USDT,3807.79,1346.11,3807.75,2.46,3807.8,382.68,3807.81,5.68
1753769606705,06:13:26.705,okx,ETH/USDT:USDT,3807.79,1371.5,3807.75,2.46,3807.8,208.49,3807.81,6.78
1753769606805,06:13:26.805,okx,ETH/USDT:USDT,3807.79,1376.32,3807.75,2.46,3807.8,208.69,3807.81,7.03
1753769607005,06:13:27.005,okx,ETH/USDT:USDT,3807.79,1376.23,3807.75,277.46,3807.8,208.14,3807.81,7.03
1753769607205,06:13:27.205,okx,ETH/USDT:USDT,3807.79,1374.32,3807.75,277.46,3807.8,208.14,3807.81,7.03
1753769607305,06:13:27.305,okx,ETH/USDT:USDT,3807.79,1376.23,3807.75,277.46,3807.8,208.18,3807.81,1.67
1753769607505,06:13:27.505,okx,ETH/USDT:USDT,3807.79,1376.23,3807.75,277.46,3807.8,183.8,3807.81,1.67
1753769607805,06:13:27.805,okx,ETH/USDT:USDT,3807.79,1375.78,3807.75,277.46,3807.8,185.44,3807.81,1.67
1753769607905,06:13:27.905,okx,ETH/USDT:USDT,3807.79,1376.33,3807.75,277.46,3807.8,185.44,3807.81,1.67
1753769608205,06:13:28.205,okx,ETH/USDT:USDT,3807.79,1364.36,3807.75,277.46,3807.8,185.45,3807.81,1.67
1753769608505,06:13:28.505,okx,ETH/USDT:USDT,3807.79,1365.08,3807.75,277.46,3807.8,189.19,3807.81,1.74
1753769609105,06:13:29.105,okx,ETH/USDT:USDT,3807.79,899.43,3807.75,277.46,3807.8,642.86,3807.81,1.74
1753769609705,06:13:29.705,okx,ETH/USDT:USDT,3807.79,653.81,3807.75,2.46,3807.8,657.88,3807.81,3.16
1753769609905,06:13:29.905,okx,ETH/USDT:USDT,3807.79,656.49,3807.75,2.46,3807.8,657.88,3807.81,3.16
1753769610105,06:13:30.105,okx,ETH/USDT:USDT,3807.79,931.9,3807.75,2.46,3807.8,657.88,3807.81,3.16
1753769610405,06:13:30.405,okx,ETH/USDT:USDT,3807.79,931.82,3807.75,2.46,3807.8,657.88,3807.81,3.16
1753769610705,06:13:30.705,okx,ETH/USDT:USDT,3807.79,1876.89,3807.78,280.89,3807.8,186.82,3807.81,8.62
1753769611005,06:13:31.005,okx,ETH/USDT:USDT,3808.11,5408.17,3808.1,384.12,3808.12,4.24,3808.13,3.72
1753769611305,06:13:31.305,okx,ETH/USDT:USDT,3808.11,5395.82,3808.1,384.12,3808.12,4.27,3808.13,3.72
1753769611505,06:13:31.505,okx,ETH/USDT:USDT,3808.13,5053.77,3808.12,1022.94,3808.14,4.77,3808.15,3.86
1753769612005,06:13:32.005,okx,ETH/USDT:USDT,3808.13,5130.31,3808.12,998.44,3808.14,9.22,3808.15,3.86
1753769613405,06:13:33.405,okx,ETH/USDT:USDT,3808.13,4963.0,3808.12,896.44,3808.14,11.68,3808.15,12.06
1753769613605,06:13:33.605,okx,ETH/USDT:USDT,3808.13,4405.84,3808.12,896.44,3808.14,11.34,3808.15,12.06
1753769613805,06:13:33.805,okx,ETH/USDT:USDT,3808.13,4865.96,3808.12,896.44,3808.14,7.62,3808.15,12.06
1753769613905,06:13:33.905,okx,ETH/USDT:USDT,3808.13,4337.08,3808.12,456.82,3808.14,1006.51,3808.15,12.06
1753769614205,06:13:34.205,okx,ETH/USDT:USDT,3808.13,4040.7,3808.12,32.02,3808.14,857.0,3808.15,12.06
1753769614805,06:13:34.805,okx,ETH/USDT:USDT,3808.07,388.59,3808.06,1.52,3808.08,2948.13,3808.09,62.73
1753769614905,06:13:34.905,okx,ETH/USDT:USDT,3808.07,1444.43,3808.06,1.52,3808.08,1091.13,3808.09,31.04
1753769615105,06:13:35.105,okx,ETH/USDT:USDT,3808.07,1560.05,3808.06,1.52,3808.08,944.09,3808.1,3.21
1753769615205,06:13:35.205,okx,ETH/USDT:USDT,3808.07,1769.92,3808.06,1.52,3808.08,179.56,3808.14,42.52
1753769616205,06:13:36.205,okx,ETH/USDT:USDT,3808.13,1463.93,3808.08,100.0,3808.14,329.53,3808.15,13.22
1753769616305,06:13:36.305,okx,ETH/USDT:USDT,3808.13,1464.98,3808.08,100.0,3808.14,249.67,3808.15,13.22
1753769616405,06:13:36.405,okx,ETH/USDT:USDT,3808.13,1464.98,3808.08,100.0,3808.14,329.53,3808.15,13.22
1753769616505,06:13:36.505,okx,ETH/USDT:USDT,3808.13,1649.88,3808.1,3.21,3808.14,9.11,3808.15,13.22
1753769616605,06:13:36.605,okx,ETH/USDT:USDT,3808.13,1649.88,3808.1,3.21,3808.14,9.11,3808.15,13.22
1753769617105,06:13:37.105,okx,ETH/USDT:USDT,3808.13,1710.75,3808.12,0.01,3808.14,9.58,3808.15,13.22
1753769617205,06:13:37.205,okx,ETH/USDT:USDT,3808.13,1908.71,3808.12,0.01,3808.14,13.91,3808.15,13.22
1753769617305,06:13:37.305,okx,ETH/USDT:USDT,3808.13,1908.71,3808.12,0.01,3808.14,13.96,3808.15,13.22
1753769617405,06:13:37.405,okx,ETH/USDT:USDT,3808.13,2095.44,3808.12,0.01,3808.14,13.74,3808.15,13.22
1753769617605,06:13:37.605,okx,ETH/USDT:USDT,3808.13,2095.44,3808.12,2.45,3808.14,13.74,3808.15,13.22
1753769617805,06:13:37.805,okx,ETH/USDT:USDT,3808.13,1735.88,3808.12,2.45,3808.14,13.15,3808.15,13.22
1753769617905,06:13:37.905,okx,ETH/USDT:USDT,3808.13,1708.19,3808.12,2.45,3808.14,13.79,3808.15,14.2
1753769618005,06:13:38.005,okx,ETH/USDT:USDT,3808.13,1515.82,3808.12,2.45,3808.14,883.23,3808.15,14.2
1753769618305,06:13:38.305,okx,ETH/USDT:USDT,3808.13,1025.5,3808.12,2.46,3808.14,741.32,3808.15,18.73
1753769618505,06:13:38.505,okx,ETH/USDT:USDT,3808.13,946.72,3808.12,2.46,3808.14,741.33,3808.15,18.73
1753769618805,06:13:38.805,okx,ETH/USDT:USDT,3808.13,1054.39,3808.12,2.46,3808.14,585.25,3808.15,18.73
1753769619005,06:13:39.005,okx,ETH/USDT:USDT,3808.13,1368.1,3808.12,2.46,3808.14,47.45,3808.15,18.73
1753769619105,06:13:39.105,okx,ETH/USDT:USDT,3808.13,1540.45,3808.12,2.46,3808.14,8.65,3808.15,18.73
1753769619605,06:13:39.605,okx,ETH/USDT:USDT,3808.14,4896.09,3808.13,454.77,3808.15,21.86,3808.16,7.62
1753769619905,06:13:39.905,okx,ETH/USDT:USDT,3808.14,4705.17,3808.13,444.77,3808.15,29.32,3808.16,7.62
1753769620105,06:13:40.105,okx,ETH/USDT:USDT,3808.14,5102.03,3808.13,444.77,3808.15,19.25,3808.16,7.62
1753769620405,06:13:40.405,okx,ETH/USDT:USDT,3808.14,4974.78,3808.13,444.77,3808.15,19.57,3808.16,7.62
1753769620505,06:13:40.505,okx,ETH/USDT:USDT,3808.14,4975.3,3808.13,444.77,3808.15,19.57,3808.16,7.62
1753769620905,06:13:40.905,okx,ETH/USDT:USDT,3808.14,4975.24,3808.13,444.74,3808.15,18.18,3808.16,7.62
1753769621005,06:13:41.005,okx,ETH/USDT:USDT,3808.14,4975.24,3808.13,444.74,3808.15,18.18,3808.16,7.62
1753769621205,06:13:41.205,okx,ETH/USDT:USDT,3808.14,4974.68,3808.13,444.74,3808.15,19.45,3808.16,10.54
1753769621305,06:13:41.305,okx,ETH/USDT:USDT,3808.14,4943.9,3808.13,444.72,3808.15,86.72,3808.16,10.54
1753769621405,06:13:41.405,okx,ETH/USDT:USDT,3808.14,4954.3,3808.13,444.72,3808.15,43.23,3808.16,10.54
1753769621605,06:13:41.605,okx,ETH/USDT:USDT,3808.14,4984.3,3808.13,444.72,3808.15,43.23,3808.16,10.54
1753769622005,06:13:42.005,okx,ETH/USDT:USDT,3808.14,4768.96,3808.13,444.67,3808.15,123.07,3808.16,10.54
1753769622105,06:13:42.105,okx,ETH/USDT:USDT,3808.14,4768.96,3808.13,444.67,3808.15,123.09,3808.16,10.54
1753769622805,06:13:42.805,okx,ETH/USDT:USDT,3808.14,2210.01,3808.13,35.42,3808.15,1194.72,3808.16,10.54
1753769623305,06:13:43.305,okx,ETH/USDT:USDT,3808.15,3195.37,3808.14,318.68,3808.16,11.26,3808.17,20.6
1753769624105,06:13:44.105,okx,ETH/USDT:USDT,3808.15,2137.57,3808.14,305.43,3808.16,423.95,3808.17,20.6
1753769624505,06:13:44.505,okx,ETH/USDT:USDT,3808.15,2169.67,3808.14,305.43,3808.16,56.89,3808.17,21.14
1753769624605,06:13:44.605,okx,ETH/USDT:USDT,3808.15,2169.67,3808.14,305.43,3808.16,136.75,3808.17,21.14
1753769624705,06:13:44.705,okx,ETH/USDT:USDT,3808.15,2210.14,3808.14,305.43,3808.16,56.87,3808.17,21.14
1753769624805,06:13:44.805,okx,ETH/USDT:USDT,3808.15,2207.09,3808.14,305.43,3808.16,56.87,3808.17,21.14
1753769625205,06:13:45.205,okx,ETH/USDT:USDT,3808.15,2355.7,3808.14,305.31,3808.16,53.15,3808.17,21.14
1753769625505,06:13:45.505,okx,ETH/USDT:USDT,3808.15,2351.76,3808.14,305.31,3808.16,85.19,3808.17,21.14
1753769625905,06:13:45.905,okx,ETH/USDT:USDT,3808.15,2335.69,3808.14,305.28,3808.16,85.19,3808.17,21.14
1753769626205,06:13:46.205,okx,ETH/USDT:USDT,3808.15,2337.6,3808.14,305.28,3808.16,85.21,3808.17,21.14
1753769626405,06:13:46.405,okx,ETH/USDT:USDT,3808.15,2357.11,3808.14,305.26,3808.16,169.79,3808.17,21.46
1753769626705,06:13:46.705,okx,ETH/USDT:USDT,3808.15,2339.63,3808.14,305.26,3808.16,169.83,3808.17,21.46
1753769627505,06:13:47.505,okx,ETH/USDT:USDT,3808.15,2339.79,3808.14,309.48,3808.16,170.64,3808.17,23.19
1753769627605,06:13:47.605,okx,ETH/USDT:USDT,3808.15,2339.79,3808.14,309.48,3808.16,170.64,3808.17,23.19
1753769627805,06:13:47.805,okx,ETH/USDT:USDT,3808.15,2337.88,3808.14,314.58,3808.16,170.8,3808.17,23.24
1753769628605,06:13:48.605,okx,ETH/USDT:USDT,3808.15,2357.11,3808.14,314.58,3808.16,77.94,3808.17,24.46
1753769628805,06:13:48.805,okx,ETH/USDT:USDT,3808.15,2428.49,3808.14,314.58,3808.16,77.94,3808.17,24.46
1753769629005,06:13:49.005,okx,ETH/USDT:USDT,3808.15,2430.4,3808.14,314.58,3808.16,77.94,3808.17,24.46
1753769629505,06:13:49.505,okx,ETH/USDT:USDT,3808.15,2447.12,3808.14,314.58,3808.16,73.74,3808.17,28.75
1753769629605,06:13:49.605,okx,ETH/USDT:USDT,3808.15,1804.37,3808.14,39.58,3808.16,627.94,3808.17,28.75
1753769629705,06:13:49.705,okx,ETH/USDT:USDT,3808.15,1552.05,3808.14,39.58,3808.16,627.96,3808.17,28.75
1753769630305,06:13:50.305,okx,ETH/USDT:USDT,3808.15,1360.77,3808.14,39.58,3808.16,468.62,3808.17,30.45
1753769630405,06:13:50.405,okx,ETH/USDT:USDT,3808.15,1688.53,3808.14,39.65,3808.16,157.99,3808.17,30.45
1753769630705,06:13:50.705,okx,ETH/USDT:USDT,3808.15,1638.0,3808.14,39.71,3808.16,588.35,3808.17,30.45
1753769630905,06:13:50.905,okx,ETH/USDT:USDT,3808.15,1636.95,3808.14,39.71,3808.16,561.56,3808.17,30.45
1753769631205,06:13:51.205,okx,ETH/USDT:USDT,3808.15,1648.11,3808.14,39.71,3808.16,506.63,3808.17,30.45
1753769631305,06:13:51.305,okx,ETH/USDT:USDT,3808.15,1650.1,3808.14,39.71,3808.16,428.11,3808.17,31.92
1753769631405,06:13:51.405,okx,ETH/USDT:USDT,3808.15,1648.04,3808.14,39.71,3808.16,428.11,3808.17,31.92
1753769631605,06:13:51.605,okx,ETH/USDT:USDT,3808.15,1649.35,3808.14,39.71,3808.16,428.27,3808.17,31.92
1753769631705,06:13:51.705,okx,ETH/USDT:USDT,3808.15,1649.35,3808.14,39.71,3808.16,429.37,3808.17,31.92
1753769631905,06:13:51.905,okx,ETH/USDT:USDT,3808.15,1649.35,3808.14,39.71,3808.16,429.37,3808.17,31.92
1753769632005,06:13:52.005,okx,ETH/USDT:USDT,3808.15,1649.35,3808.14,39.71,3808.16,429.37,3808.17,31.92
1753769632105,06:13:52.105,okx,ETH/USDT:USDT,3808.15,1647.44,3808.14,39.71,3808.16,429.37,3808.17,31.92
1753769632205,06:13:52.205,okx,ETH/USDT:USDT,3808.15,1646.39,3808.14,39.71,3808.16,413.22,3808.17,31.92
1753769632505,06:13:52.505,okx,ETH/USDT:USDT,3808.15,1290.97,3808.14,39.71,3808.16,636.04,3808.17,31.92
1753769633305,06:13:53.305,okx,ETH/USDT:USDT,3808.15,844.07,3808.14,41.92,3808.16,635.93,3808.17,31.92
1753769633705,06:13:53.705,okx,ETH/USDT:USDT,3808.15,909.0,3808.14,41.99,3808.16,617.96,3808.17,31.92
1753769634705,06:13:54.705,okx,ETH/USDT:USDT,3808.15,1069.09,3808.14,41.99,3808.16,337.29,3808.17,32.35
1753769634805,06:13:54.805,okx,ETH/USDT:USDT,3808.15,1255.3,3808.14,41.99,3808.16,336.39,3808.17,32.35
1753769635105,06:13:55.105,okx,ETH/USDT:USDT,3808.15,1236.15,3808.14,41.99,3808.16,292.14,3808.17,32.35
1753769635305,06:13:55.305,okx,ETH/USDT:USDT,3808.21,1964.53,3808.2,60.89,3808.22,73.68,3808.23,16.72
1753769635405,06:13:55.405,okx,ETH/USDT:USDT,3808.21,1932.71,3808.2,60.89,3808.22,305.84,3808.23,16.72
1753769635805,06:13:55.805,okx,ETH/USDT:USDT,3808.21,1962.37,3808.2,60.89,3808.22,153.69,3808.23,16.72
1753769636405,06:13:56.405,okx,ETH/USDT:USDT,3808.7,4183.8,3808.69,843.14,3808.71,14.75,3808.72,4.98
1753769637105,06:13:57.105,okx,ETH/USDT:USDT,3808.72,5765.59,3808.71,849.67,3808.73,19.66,3808.74,28.62
1753769637305,06:13:57.305,okx,ETH/USDT:USDT,3808.72,5803.22,3808.71,784.77,3808.73,19.75,3808.74,26.39
1753769637405,06:13:57.405,okx,ETH/USDT:USDT,3808.72,5803.22,3808.71,784.77,3808.73,39.58,3808.74,26.39
1753769637505,06:13:57.505,okx,ETH/USDT:USDT,3808.72,5891.35,3808.71,784.77,3808.73,39.58,3808.74,26.39
1753769638605,06:13:58.605,okx,ETH/USDT:USDT,3808.72,5769.96,3808.71,778.71,3808.73,94.57,3808.74,26.39
1753769638705,06:13:58.705,okx,ETH/USDT:USDT,3808.72,5820.0,3808.71,778.71,3808.73,94.57,3808.74,26.39
1753769638805,06:13:58.805,okx,ETH/USDT:USDT,3808.72,5754.16,3808.71,778.71,3808.73,94.57,3808.74,26.39
1753769639005,06:13:59.005,okx,ETH/USDT:USDT,3808.72,5815.54,3808.71,778.71,3808.73,94.57,3808.74,26.39
1753769639205,06:13:59.205,okx,ETH/USDT:USDT,3808.72,5817.51,3808.71,784.93,3808.73,94.57,3808.74,26.39
1753769639305,06:13:59.305,okx,ETH/USDT:USDT,3808.72,5817.51,3808.71,784.93,3808.73,94.57,3808.74,26.39
1753769639505,06:13:59.505,okx,ETH/USDT:USDT,3808.72,5811.97,3808.71,784.99,3808.73,94.56,3808.74,26.39
1753769640305,06:14:00.305,okx,ETH/USDT:USDT,3808.72,2838.58,3808.71,314.18,3808.73,647.77,3808.74,26.41
1753769640405,06:14:00.405,okx,ETH/USDT:USDT,3808.72,2838.6,3808.71,314.2,3808.73,655.81,3808.74,26.41
1753769641105,06:14:01.105,okx,ETH/USDT:USDT,3808.72,2932.71,3808.71,894.03,3808.73,73.25,3808.74,26.39
1753769641305,06:14:01.305,okx,ETH/USDT:USDT,3808.72,2934.44,3808.71,894.03,3808.73,73.45,3808.74,26.39
1753769641405,06:14:01.405,okx,ETH/USDT:USDT,3808.72,2934.67,3808.71,894.03,3808.73,73.45,3808.74,26.39
1753769641805,06:14:01.805,okx,ETH/USDT:USDT,3808.72,2934.13,3808.71,894.03,3808.73,73.45,3808.74,26.39
1753769641905,06:14:01.905,okx,ETH/USDT:USDT,3808.72,2934.13,3808.71,894.03,3808.73,394.29,3808.74,26.39
1753769642205,06:14:02.205,okx,ETH/USDT:USDT,3808.72,2841.36,3808.71,894.03,3808.73,576.68,3808.74,26.39
1753769642305,06:14:02.305,okx,ETH/USDT:USDT,3808.72,2845.19,3808.71,894.03,3808.73,576.7,3808.74,26.39
1753769642705,06:14:02.705,okx,ETH/USDT:USDT,3808.72,2826.91,3808.71,894.09,3808.73,601.74,3808.74,26.39
1753769642805,06:14:02.805,okx,ETH/USDT:USDT,3808.72,2824.36,3808.71,894.09,3808.73,534.14,3808.74,26.39
1753769642905,06:14:02.905,okx,ETH/USDT:USDT,3808.72,2824.36,3808.71,894.09,3808.73,534.14,3808.74,26.39
1753769643005,06:14:03.005,okx,ETH/USDT:USDT,3808.72,2862.17,3808.71,894.09,3808.73,534.14,3808.74,26.39
1753769644105,06:14:04.105,okx,ETH/USDT:USDT,3808.72,2794.86,3808.71,894.15,3808.73,578.75,3808.74,26.39
1753769644305,06:14:04.305,okx,ETH/USDT:USDT,3808.72,2831.62,3808.71,894.15,3808.73,383.44,3808.74,26.39
1753769645205,06:14:05.205,okx,ETH/USDT:USDT,3808.72,2730.76,3808.71,894.27,3808.73,233.36,3808.74,26.39
1753769645305,06:14:05.305,okx,ETH/USDT:USDT,3808.72,2737.94,3808.71,894.27,3808.73,356.25,3808.74,26.39
1753769645905,06:14:05.905,okx,ETH/USDT:USDT,3808.72,3371.85,3808.71,894.27,3808.73,68.07,3808.74,26.39
1753769646105,06:14:06.105,okx,ETH/USDT:USDT,3808.72,3371.85,3808.71,894.27,3808.73,68.07,3808.74,26.39
1753769646505,06:14:06.505,okx,ETH/USDT:USDT,3808.72,3377.54,3808.71,894.27,3808.73,68.1,3808.74,26.39
1753769646805,06:14:06.805,okx,ETH/USDT:USDT,3808.72,3191.33,3808.71,894.27,3808.73,68.1,3808.74,26.39
1753769648005,06:14:08.005,okx,ETH/USDT:USDT,3808.73,4612.48,3808.72,1187.24,3808.74,26.74,3808.75,24.87
1753769648205,06:14:08.205,okx,ETH/USDT:USDT,3808.73,4369.41,3808.72,1187.31,3808.74,106.01,3808.75,24.87
1753769648605,06:14:08.605,okx,ETH/USDT:USDT,3808.73,4368.77,3808.72,1187.31,3808.74,99.23,3808.75,24.87
1753769648805,06:14:08.805,okx,ETH/USDT:USDT,3808.73,3942.12,3808.72,1187.2,3808.74,387.31,3808.75,24.87
1753769649205,06:14:09.205,okx,ETH/USDT:USDT,3808.73,2317.08,3808.72,341.51,3808.74,657.36,3808.75,24.87
1753769649405,06:14:09.405,okx,ETH/USDT:USDT,3808.73,2317.12,3808.72,341.21,3808.74,657.36,3808.75,24.87
1753769649505,06:14:09.505,okx,ETH/USDT:USDT,3808.73,2318.17,3808.72,341.21,3808.74,657.34,3808.75,24.87
1753769649605,06:14:09.605,okx,ETH/USDT:USDT,3808.73,2318.17,3808.72,341.21,3808.74,657.34,3808.75,24.87
1753769649705,06:14:09.705,okx,ETH/USDT:USDT,3808.73,2317.12,3808.72,344.85,3808.74,657.36,3808.75,24.87
1753769650105,06:14:10.105,okx,ETH/USDT:USDT,3808.73,2318.21,3808.72,344.69,3808.74,657.14,3808.75,24.87
1753769650205,06:14:10.205,okx,ETH/USDT:USDT,3808.73,2311.38,3808.72,344.69,3808.74,765.61,3808.75,24.87
1753769650405,06:14:10.405,okx,ETH/USDT:USDT,3808.73,2315.7,3808.72,443.69,3808.74,681.73,3808.75,24.87
1753769650505,06:14:10.505,okx,ETH/USDT:USDT,3808.73,2315.7,3808.72,443.69,3808.74,681.73,3808.75,24.87
1753769650605,06:14:10.605,okx,ETH/USDT:USDT,3808.73,2300.7,3808.72,443.69,3808.74,681.73,3808.75,24.87
1753769651105,06:14:11.105,okx,ETH/USDT:USDT,3808.73,2290.15,3808.72,443.64,3808.74,578.22,3808.75,24.87
1753769651505,06:14:11.505,okx,ETH/USDT:USDT,3808.73,2820.71,3808.72,443.64,3808.74,85.22,3808.75,24.87
1753769651905,06:14:11.905,okx,ETH/USDT:USDT,3808.74,4828.78,3808.73,441.19,3808.75,22.39,3808.76,28.75
1753769652005,06:14:12.005,okx,ETH/USDT:USDT,3808.74,4828.81,3808.73,441.19,3808.75,22.39,3808.76,28.75
1753769652305,06:14:12.305,okx,ETH/USDT:USDT,3808.76,1931.23,3808.75,160.35,3808.77,8.58,3808.78,31.96
1753769652405,06:14:12.405,okx,ETH/USDT:USDT,3808.76,1933.14,3808.75,432.58,3808.77,8.58,3808.78,31.96
1753769652805,06:14:12.805,okx,ETH/USDT:USDT,3808.77,4311.54,3808.76,559.96,3808.78,32.06,3808.79,15.5
1753769653005,06:14:13.005,okx,ETH/USDT:USDT,3808.77,4328.45,3808.76,545.35,3808.78,32.06,3808.79,15.5
1753769653405,06:14:13.405,okx,ETH/USDT:USDT,3808.77,4356.43,3808.76,545.35,3808.78,33.85,3808.79,15.5
1753769653505,06:14:13.505,okx,ETH/USDT:USDT,3808.77,4356.53,3808.76,545.35,3808.78,33.85,3808.79,15.5
1753769653905,06:14:13.905,okx,ETH/USDT:USDT,3808.77,4538.63,3808.76,359.14,3808.78,24.3,3808.79,15.5
1753769654205,06:14:14.205,okx,ETH/USDT:USDT,3808.77,4540.58,3808.76,359.14,3808.78,24.36,3808.79,15.5
1753769654305,06:14:14.305,okx,ETH/USDT:USDT,3808.77,4540.58,3808.76,359.14,3808.78,24.56,3808.79,15.5
1753769654705,06:14:14.705,okx,ETH/USDT:USDT,3808.77,3853.88,3808.76,355.09,3808.78,638.49,3808.79,15.5
1753769654805,06:14:14.805,okx,ETH/USDT:USDT,3808.77,3947.82,3808.76,355.09,3808.78,608.18,3808.79,15.5
1753769655205,06:14:15.205,okx,ETH/USDT:USDT,3808.77,3697.4,3808.76,354.04,3808.78,638.4,3808.79,15.5
1753769655505,06:14:15.505,okx,ETH/USDT:USDT,3808.77,3656.62,3808.76,354.04,3808.78,563.5,3808.79,15.5
1753769655605,06:14:15.605,okx,ETH/USDT:USDT,3808.77,3656.62,3808.76,354.04,3808.78,563.5,3808.79,15.5
1753769655905,06:14:15.905,okx,ETH/USDT:USDT,3808.77,3701.81,3808.76,354.04,3808.78,171.38,3808.79,15.5
1753769656005,06:14:16.005,okx,ETH/USDT:USDT,3808.77,3701.83,3808.76,354.04,3808.78,171.38,3808.79,15.5
1753769656105,06:14:16.105,okx,ETH/USDT:USDT,3808.77,3664.02,3808.76,354.04,3808.78,974.2,3808.79,15.5
1753769656405,06:14:16.405,okx,ETH/USDT:USDT,3808.77,3167.29,3808.76,79.04,3808.78,972.66,3808.79,15.5
1753769656705,06:14:16.705,okx,ETH/USDT:USDT,3808.77,3219.82,3808.76,79.04,3808.78,548.24,3808.79,15.5
1753769656905,06:14:16.905,okx,ETH/USDT:USDT,3808.77,3504.08,3808.76,79.04,3808.78,282.88,3808.79,15.5
