timestamp,time,exchange,symbol,bid1_price,bid1_volume,bid2_price,bid2_volume,ask1_price,ask1_volume,ask2_price,ask2_volume
1753769305897,06:08:25.897,bybit,LTC/USDT:USDT,109.78,105.7,109.77,78.9,109.79,0.1,109.8,90.0
1753769305997,06:08:25.997,bybit,LTC/USDT:USDT,109.78,120.4,109.77,78.9,109.79,0.1,109.8,39.3
1753769306101,06:08:26.101,bybit,LTC/USDT:USDT,109.78,120.4,109.77,78.9,109.79,0.1,109.8,39.3
1753769306298,06:08:26.298,bybit,LTC/USDT:USDT,109.78,114.1,109.77,71.1,109.79,0.1,109.8,39.3
1753769306497,06:08:26.497,bybit,LTC/USDT:USDT,109.78,108.7,109.77,71.1,109.79,0.1,109.8,28.1
1753769306597,06:08:26.597,bybit,LTC/USDT:USDT,109.78,122.7,109.77,72.0,109.79,0.1,109.8,19.3
1753769306697,06:08:26.697,bybit,LTC/USDT:USDT,109.78,117.2,109.77,72.0,109.79,0.1,109.8,19.3
1753769306797,06:08:26.797,bybit,LTC/USDT:USDT,109.78,117.2,109.77,78.8,109.79,0.1,109.8,19.3
1753769306897,06:08:26.897,bybit,LTC/USDT:USDT,109.78,127.2,109.77,78.8,109.79,0.1,109.8,19.3
1753769306997,06:08:26.997,bybit,LTC/USDT:USDT,109.78,127.2,109.77,78.8,109.79,0.1,109.8,19.3
1753769307098,06:08:27.098,bybit,LTC/USDT:USDT,109.78,133.4,109.77,78.8,109.79,0.1,109.8,19.3
1753769307797,06:08:27.797,bybit,LTC/USDT:USDT,109.78,128.3,109.77,78.8,109.79,0.1,109.8,19.3
1753769307897,06:08:27.897,bybit,LTC/USDT:USDT,109.78,128.3,109.77,78.8,109.79,0.1,109.8,19.3
1753769307997,06:08:27.997,bybit,LTC/USDT:USDT,109.78,122.0,109.77,78.8,109.79,0.1,109.8,19.3
1753769308097,06:08:28.097,bybit,LTC/USDT:USDT,109.78,122.0,109.77,78.9,109.79,0.1,109.8,19.3
1753769308196,06:08:28.196,bybit,LTC/USDT:USDT,109.78,128.3,109.77,78.9,109.79,0.1,109.8,19.3
1753769308297,06:08:28.297,bybit,LTC/USDT:USDT,109.78,122.0,109.77,78.9,109.79,0.1,109.8,19.3
1753769308397,06:08:28.397,bybit,LTC/USDT:USDT,109.78,122.0,109.77,78.9,109.79,0.1,109.8,19.3
1753769308497,06:08:28.497,bybit,LTC/USDT:USDT,109.78,97.3,109.77,66.4,109.79,0.1,109.8,19.3
1753769308598,06:08:28.598,bybit,LTC/USDT:USDT,109.78,97.3,109.77,66.4,109.79,0.1,109.8,19.3
1753769308697,06:08:28.697,bybit,LTC/USDT:USDT,109.78,97.3,109.77,72.6,109.79,0.1,109.8,19.3
1753769308797,06:08:28.797,bybit,LTC/USDT:USDT,109.78,97.3,109.77,66.4,109.79,0.1,109.8,19.3
1753769308897,06:08:28.897,bybit,LTC/USDT:USDT,109.78,97.3,109.77,72.6,109.79,0.1,109.8,29.3
1753769309097,06:08:29.097,bybit,LTC/USDT:USDT,109.78,97.3,109.77,66.4,109.79,0.1,109.8,19.3
1753769309897,06:08:29.897,bybit,LTC/USDT:USDT,109.79,11.0,109.78,88.7,109.8,3.4,109.81,77.4
1753769309997,06:08:29.997,bybit,LTC/USDT:USDT,109.79,11.0,109.78,88.7,109.8,3.4,109.81,77.4
1753769310100,06:08:30.100,bybit,LTC/USDT:USDT,109.79,11.0,109.78,88.7,109.8,3.4,109.81,77.4
1753769311397,06:08:31.397,bybit,LTC/USDT:USDT,109.79,14.6,109.78,81.0,109.8,2.7,109.81,45.9
1753769311497,06:08:31.497,bybit,LTC/USDT:USDT,109.79,14.6,109.78,81.0,109.8,2.7,109.81,45.9
1753769311597,06:08:31.597,bybit,LTC/USDT:USDT,109.79,14.6,109.78,81.0,109.8,0.1,109.81,45.9
1753769311698,06:08:31.698,bybit,LTC/USDT:USDT,109.79,14.6,109.78,81.0,109.8,0.1,109.81,45.9
1753769311797,06:08:31.797,bybit,LTC/USDT:USDT,109.79,14.7,109.78,81.0,109.8,0.1,109.81,45.9
1753769311900,06:08:31.900,bybit,LTC/USDT:USDT,109.79,14.7,109.78,87.2,109.8,0.1,109.81,45.9
1753769311997,06:08:31.997,bybit,LTC/USDT:USDT,109.79,14.7,109.78,81.0,109.8,0.1,109.81,45.9
1753769312101,06:08:32.101,bybit,LTC/USDT:USDT,109.79,14.7,109.78,81.0,109.8,13.7,109.81,45.9
1753769312197,06:08:32.197,bybit,LTC/USDT:USDT,109.79,14.7,109.78,81.0,109.8,0.1,109.81,45.9
1753769312297,06:08:32.297,bybit,LTC/USDT:USDT,109.79,14.7,109.78,81.0,109.8,0.1,109.81,45.9
1753769312397,06:08:32.397,bybit,LTC/USDT:USDT,109.79,14.4,109.78,75.0,109.8,3.0,109.81,52.1
1753769312496,06:08:32.496,bybit,LTC/USDT:USDT,109.79,14.4,109.78,73.5,109.8,9.8,109.81,52.1
1753769312703,06:08:32.703,bybit,LTC/USDT:USDT,109.79,14.4,109.78,73.5,109.8,9.8,109.81,52.1
1753769312797,06:08:32.797,bybit,LTC/USDT:USDT,109.79,14.4,109.78,66.8,109.8,9.8,109.81,52.1
1753769313197,06:08:33.197,bybit,LTC/USDT:USDT,109.79,1.1,109.78,46.1,109.8,77.4,109.81,75.8
1753769313297,06:08:33.297,bybit,LTC/USDT:USDT,109.79,1.1,109.78,46.1,109.8,77.4,109.81,75.8
1753769313397,06:08:33.397,bybit,LTC/USDT:USDT,109.79,1.1,109.78,37.1,109.8,77.4,109.81,75.8
1753769313497,06:08:33.497,bybit,LTC/USDT:USDT,109.79,1.1,109.78,27.1,109.8,77.4,109.81,75.8
1753769313597,06:08:33.597,bybit,LTC/USDT:USDT,109.79,1.1,109.78,22.9,109.8,77.4,109.81,75.8
1753769313697,06:08:33.697,bybit,LTC/USDT:USDT,109.79,1.1,109.78,22.9,109.8,77.4,109.81,75.8
1753769313797,06:08:33.797,bybit,LTC/USDT:USDT,109.79,1.1,109.78,22.9,109.8,87.4,109.81,75.8
1753769313897,06:08:33.897,bybit,LTC/USDT:USDT,109.79,1.1,109.78,22.9,109.8,87.4,109.81,75.8
1753769313997,06:08:33.997,bybit,LTC/USDT:USDT,109.79,1.1,109.78,22.9,109.8,99.4,109.81,75.8
1753769314100,06:08:34.100,bybit,LTC/USDT:USDT,109.79,1.1,109.78,22.9,109.8,93.4,109.81,89.8
1753769314197,06:08:34.197,bybit,LTC/USDT:USDT,109.79,1.1,109.78,22.9,109.8,87.2,109.81,89.8
1753769314297,06:08:34.297,bybit,LTC/USDT:USDT,109.79,1.1,109.78,22.9,109.8,99.4,109.81,89.8
1753769314397,06:08:34.397,bybit,LTC/USDT:USDT,109.79,1.1,109.78,22.9,109.8,99.4,109.81,89.8
1753769314497,06:08:34.497,bybit,LTC/USDT:USDT,109.79,1.1,109.78,22.9,109.8,93.4,109.81,135.1
1753769314597,06:08:34.597,bybit,LTC/USDT:USDT,109.79,1.1,109.78,22.9,109.8,88.1,109.81,108.7
1753769314697,06:08:34.697,bybit,LTC/USDT:USDT,109.79,1.3,109.78,22.9,109.8,88.1,109.81,108.7
1753769314797,06:08:34.797,bybit,LTC/USDT:USDT,109.79,1.3,109.78,22.9,109.8,87.2,109.81,110.4
1753769314897,06:08:34.897,bybit,LTC/USDT:USDT,109.79,1.3,109.78,22.9,109.8,87.2,109.81,110.4
1753769315197,06:08:35.197,bybit,LTC/USDT:USDT,109.79,1.3,109.78,22.9,109.8,87.2,109.81,104.2
1753769315297,06:08:35.297,bybit,LTC/USDT:USDT,109.79,1.3,109.78,22.9,109.8,87.2,109.81,104.2
1753769315397,06:08:35.397,bybit,LTC/USDT:USDT,109.79,1.3,109.78,22.9,109.8,87.2,109.81,127.5
1753769315497,06:08:35.497,bybit,LTC/USDT:USDT,109.79,1.3,109.78,22.9,109.8,87.2,109.81,127.5
1753769315596,06:08:35.596,bybit,LTC/USDT:USDT,109.79,1.3,109.78,22.9,109.8,87.2,109.81,127.5
1753769315697,06:08:35.697,bybit,LTC/USDT:USDT,109.79,1.3,109.78,22.9,109.8,88.1,109.81,126.6
1753769315797,06:08:35.797,bybit,LTC/USDT:USDT,109.79,2.3,109.78,21.8,109.8,88.1,109.81,126.6
1753769315897,06:08:35.897,bybit,LTC/USDT:USDT,109.79,2.3,109.78,8.9,109.8,94.3,109.81,126.6
1753769315996,06:08:35.996,bybit,LTC/USDT:USDT,109.79,2.3,109.78,0.5,109.8,94.3,109.81,109.5
1753769316098,06:08:36.098,bybit,LTC/USDT:USDT,109.79,2.3,109.78,7.7,109.8,82.1,109.81,90.6
1753769316197,06:08:36.197,bybit,LTC/USDT:USDT,109.79,2.3,109.78,9.4,109.8,82.1,109.81,122.7
1753769316300,06:08:36.300,bybit,LTC/USDT:USDT,109.78,0.2,109.77,35.3,109.79,39.8,109.8,64.7
1753769316397,06:08:36.397,bybit,LTC/USDT:USDT,109.78,0.2,109.77,35.3,109.79,40.7,109.8,69.8
1753769316497,06:08:36.497,bybit,LTC/USDT:USDT,109.78,0.2,109.77,43.5,109.79,49.7,109.8,69.8
1753769316597,06:08:36.597,bybit,LTC/USDT:USDT,109.78,0.2,109.77,43.5,109.79,49.7,109.8,69.8
1753769316697,06:08:36.697,bybit,LTC/USDT:USDT,109.77,43.5,109.76,83.4,109.79,49.7,109.8,69.8
1753769316797,06:08:36.797,bybit,LTC/USDT:USDT,109.78,5.3,109.77,31.8,109.79,48.8,109.8,69.8
1753769316897,06:08:36.897,bybit,LTC/USDT:USDT,109.78,5.3,109.77,43.4,109.79,48.8,109.8,69.8
1753769316997,06:08:36.997,bybit,LTC/USDT:USDT,109.78,42.7,109.77,43.4,109.79,20.6,109.8,49.8
1753769317097,06:08:37.097,bybit,LTC/USDT:USDT,109.79,34.4,109.78,45.2,109.8,27.7,109.81,109.2
1753769317197,06:08:37.197,bybit,LTC/USDT:USDT,109.79,34.4,109.78,45.2,109.8,27.0,109.81,124.2
1753769317297,06:08:37.297,bybit,LTC/USDT:USDT,109.79,42.8,109.78,45.2,109.8,36.3,109.81,124.2
1753769317397,06:08:37.397,bybit,LTC/USDT:USDT,109.79,8.4,109.78,45.2,109.8,29.4,109.81,112.3
1753769317497,06:08:37.497,bybit,LTC/USDT:USDT,109.79,8.4,109.78,45.2,109.8,29.4,109.81,118.3
1753769317597,06:08:37.597,bybit,LTC/USDT:USDT,109.78,17.1,109.77,35.5,109.79,27.6,109.8,54.9
1753769317696,06:08:37.696,bybit,LTC/USDT:USDT,109.78,16.9,109.77,47.4,109.79,27.6,109.8,54.9
1753769317798,06:08:37.798,bybit,LTC/USDT:USDT,109.78,15.5,109.77,47.4,109.79,27.6,109.8,55.0
1753769317897,06:08:37.897,bybit,LTC/USDT:USDT,109.78,15.5,109.77,47.4,109.79,27.6,109.8,55.0
1753769317997,06:08:37.997,bybit,LTC/USDT:USDT,109.79,5.3,109.78,46.6,109.8,29.4,109.81,111.4
1753769318101,06:08:38.101,bybit,LTC/USDT:USDT,109.79,7.3,109.78,53.6,109.8,29.4,109.81,111.4
1753769318197,06:08:38.197,bybit,LTC/USDT:USDT,109.79,2.0,109.78,53.6,109.8,29.4,109.81,117.4
1753769318297,06:08:38.297,bybit,LTC/USDT:USDT,109.79,2.0,109.78,53.7,109.8,29.4,109.81,117.4
1753769318397,06:08:38.397,bybit,LTC/USDT:USDT,109.79,2.0,109.78,43.2,109.8,29.4,109.81,123.4
1753769318496,06:08:38.496,bybit,LTC/USDT:USDT,109.79,2.0,109.78,43.2,109.8,29.4,109.81,123.4
1753769318597,06:08:38.597,bybit,LTC/USDT:USDT,109.79,2.0,109.78,43.2,109.8,29.3,109.81,117.4
1753769318797,06:08:38.797,bybit,LTC/USDT:USDT,109.79,2.0,109.78,43.2,109.8,29.2,109.81,123.4
1753769318897,06:08:38.897,bybit,LTC/USDT:USDT,109.79,2.0,109.78,43.2,109.8,30.1,109.81,123.4
1753769318996,06:08:38.996,bybit,LTC/USDT:USDT,109.79,2.0,109.78,43.2,109.8,30.1,109.81,123.4
1753769319097,06:08:39.097,bybit,LTC/USDT:USDT,109.79,2.0,109.78,29.2,109.8,30.1,109.81,123.4
1753769319296,06:08:39.296,bybit,LTC/USDT:USDT,109.79,2.0,109.78,29.2,109.8,30.1,109.81,123.4
1753769319496,06:08:39.496,bybit,LTC/USDT:USDT,109.79,2.0,109.78,29.2,109.8,30.1,109.81,123.4
1753769319797,06:08:39.797,bybit,LTC/USDT:USDT,109.79,2.0,109.78,29.2,109.8,30.1,109.81,117.4
1753769319897,06:08:39.897,bybit,LTC/USDT:USDT,109.79,2.0,109.78,29.2,109.8,30.1,109.81,129.3
1753769320297,06:08:40.297,bybit,LTC/USDT:USDT,109.79,2.0,109.78,29.2,109.8,30.1,109.81,123.4
1753769320397,06:08:40.397,bybit,LTC/USDT:USDT,109.79,7.3,109.78,29.2,109.8,20.1,109.81,129.3
1753769320497,06:08:40.497,bybit,LTC/USDT:USDT,109.79,7.3,109.78,29.2,109.8,20.1,109.81,117.4
1753769320596,06:08:40.596,bybit,LTC/USDT:USDT,109.79,7.3,109.78,29.2,109.8,20.1,109.81,123.4
1753769320697,06:08:40.697,bybit,LTC/USDT:USDT,109.79,7.3,109.78,39.2,109.8,20.1,109.81,129.3
1753769320797,06:08:40.797,bybit,LTC/USDT:USDT,109.79,2.0,109.78,39.2,109.8,50.4,109.81,129.3
1753769320897,06:08:40.897,bybit,LTC/USDT:USDT,109.79,2.0,109.78,39.2,109.8,50.4,109.81,123.4
1753769320997,06:08:40.997,bybit,LTC/USDT:USDT,109.79,2.0,109.78,39.2,109.8,50.4,109.81,123.4
1753769321098,06:08:41.098,bybit,LTC/USDT:USDT,109.79,2.0,109.78,39.2,109.8,50.4,109.81,123.4
1753769321197,06:08:41.197,bybit,LTC/USDT:USDT,109.79,2.0,109.78,39.2,109.8,50.4,109.81,123.4
1753769321297,06:08:41.297,bybit,LTC/USDT:USDT,109.79,2.0,109.78,39.2,109.8,50.4,109.81,129.3
1753769321397,06:08:41.397,bybit,LTC/USDT:USDT,109.79,7.3,109.78,39.2,109.8,50.4,109.81,123.3
1753769321497,06:08:41.497,bybit,LTC/USDT:USDT,109.79,8.3,109.78,39.2,109.8,50.4,109.81,123.3
1753769321897,06:08:41.897,bybit,LTC/USDT:USDT,109.79,3.0,109.78,39.2,109.8,25.4,109.81,129.3
1753769322097,06:08:42.097,bybit,LTC/USDT:USDT,109.79,3.0,109.78,29.2,109.8,25.4,109.81,123.4
1753769322197,06:08:42.197,bybit,LTC/USDT:USDT,109.79,1.0,109.78,29.2,109.8,25.4,109.81,129.3
1753769322297,06:08:42.297,bybit,LTC/USDT:USDT,109.79,1.0,109.78,29.2,109.8,50.4,109.81,129.3
1753769322397,06:08:42.397,bybit,LTC/USDT:USDT,109.79,1.0,109.78,29.2,109.8,37.9,109.81,129.3
1753769322697,06:08:42.697,bybit,LTC/USDT:USDT,109.79,1.0,109.78,22.0,109.8,53.6,109.81,129.3
1753769322797,06:08:42.797,bybit,LTC/USDT:USDT,109.79,1.0,109.78,29.2,109.8,53.6,109.81,133.8
1753769322897,06:08:42.897,bybit,LTC/USDT:USDT,109.79,1.0,109.78,29.2,109.8,47.6,109.81,133.8
1753769323097,06:08:43.097,bybit,LTC/USDT:USDT,109.79,1.0,109.78,29.2,109.8,53.6,109.81,133.8
1753769323197,06:08:43.197,bybit,LTC/USDT:USDT,109.79,1.0,109.78,29.2,109.8,53.6,109.81,133.8
1753769323297,06:08:43.297,bybit,LTC/USDT:USDT,109.79,1.0,109.78,29.2,109.8,47.6,109.81,133.8
1753769323496,06:08:43.496,bybit,LTC/USDT:USDT,109.79,1.0,109.78,7.5,109.8,53.6,109.81,133.8
1753769323597,06:08:43.597,bybit,LTC/USDT:USDT,109.78,1.2,109.77,25.5,109.79,89.5,109.8,81.7
1753769323697,06:08:43.697,bybit,LTC/USDT:USDT,109.78,1.2,109.77,16.6,109.79,96.1,109.8,91.1
1753769323897,06:08:43.897,bybit,LTC/USDT:USDT,109.78,1.0,109.77,16.4,109.79,90.4,109.8,145.8
1753769323997,06:08:43.997,bybit,LTC/USDT:USDT,109.78,1.0,109.77,9.8,109.79,90.4,109.8,145.8
1753769324099,06:08:44.099,bybit,LTC/USDT:USDT,109.78,1.0,109.77,9.8,109.79,90.4,109.8,145.8
1753769324197,06:08:44.197,bybit,LTC/USDT:USDT,109.78,1.0,109.77,16.4,109.79,97.1,109.8,139.3
1753769324297,06:08:44.297,bybit,LTC/USDT:USDT,109.78,1.0,109.77,16.4,109.79,97.1,109.8,139.3
1753769324397,06:08:44.397,bybit,LTC/USDT:USDT,109.78,1.0,109.77,16.4,109.79,102.9,109.8,109.8
1753769324497,06:08:44.497,bybit,LTC/USDT:USDT,109.78,2.0,109.77,16.4,109.79,97.1,109.8,109.8
1753769324597,06:08:44.597,bybit,LTC/USDT:USDT,109.78,2.0,109.77,16.4,109.79,97.1,109.8,109.8
1753769324797,06:08:44.797,bybit,LTC/USDT:USDT,109.78,2.0,109.77,16.4,109.79,97.1,109.8,139.5
1753769324897,06:08:44.897,bybit,LTC/USDT:USDT,109.78,2.0,109.77,16.4,109.79,101.6,109.8,135.0
1753769325098,06:08:45.098,bybit,LTC/USDT:USDT,109.78,2.0,109.77,7.0,109.79,107.4,109.8,105.3
1753769325197,06:08:45.197,bybit,LTC/USDT:USDT,109.78,2.0,109.77,7.0,109.79,107.4,109.8,105.3
1753769325297,06:08:45.297,bybit,LTC/USDT:USDT,109.78,2.0,109.77,0.4,109.79,113.1,109.8,105.3
1753769325397,06:08:45.397,bybit,LTC/USDT:USDT,109.78,2.0,109.77,0.4,109.79,101.6,109.8,135.0
1753769325597,06:08:45.597,bybit,LTC/USDT:USDT,109.78,2.0,109.77,0.4,109.79,101.6,109.8,136.8
1753769325697,06:08:45.697,bybit,LTC/USDT:USDT,109.78,2.0,109.77,0.4,109.79,97.1,109.8,136.8
1753769325797,06:08:45.797,bybit,LTC/USDT:USDT,109.78,2.0,109.77,0.4,109.79,97.1,109.8,136.8
1753769325897,06:08:45.897,bybit,LTC/USDT:USDT,109.78,2.0,109.77,0.4,109.79,97.1,109.8,136.8
1753769326097,06:08:46.097,bybit,LTC/USDT:USDT,109.78,2.0,109.77,0.4,109.79,97.1,109.8,136.8
1753769326297,06:08:46.297,bybit,LTC/USDT:USDT,109.78,2.0,109.77,0.4,109.79,97.1,109.8,136.8
1753769326397,06:08:46.397,bybit,LTC/USDT:USDT,109.78,2.0,109.77,0.4,109.79,102.8,109.8,131.1
1753769326497,06:08:46.497,bybit,LTC/USDT:USDT,109.78,2.0,109.77,0.4,109.79,97.3,109.8,125.1
1753769326597,06:08:46.597,bybit,LTC/USDT:USDT,109.78,2.0,109.77,5.7,109.79,87.3,109.8,125.1
1753769326797,06:08:46.797,bybit,LTC/USDT:USDT,109.78,2.0,109.77,15.7,109.79,87.3,109.8,137.7
1753769326897,06:08:46.897,bybit,LTC/USDT:USDT,109.78,2.0,109.77,15.7,109.79,87.3,109.8,137.7
1753769326997,06:08:46.997,bybit,LTC/USDT:USDT,109.78,2.0,109.77,27.3,109.79,87.3,109.8,131.9
1753769327097,06:08:47.097,bybit,LTC/USDT:USDT,109.78,2.0,109.77,27.3,109.79,92.8,109.8,137.7
1753769327197,06:08:47.197,bybit,LTC/USDT:USDT,109.78,2.0,109.77,27.3,109.79,87.3,109.8,137.7
1753769327497,06:08:47.497,bybit,LTC/USDT:USDT,109.78,2.0,109.77,27.3,109.79,87.3,109.8,143.4
1753769327596,06:08:47.596,bybit,LTC/USDT:USDT,109.78,2.0,109.77,15.7,109.79,87.3,109.8,143.4
1753769327697,06:08:47.697,bybit,LTC/USDT:USDT,109.78,2.0,109.77,5.7,109.79,97.3,109.8,143.4
1753769327797,06:08:47.797,bybit,LTC/USDT:USDT,109.78,2.0,109.77,5.7,109.79,97.3,109.8,143.4
1753769327897,06:08:47.897,bybit,LTC/USDT:USDT,109.78,2.0,109.77,5.7,109.79,97.3,109.8,137.7
1753769327997,06:08:47.997,bybit,LTC/USDT:USDT,109.78,2.0,109.77,5.7,109.79,97.3,109.8,137.7
1753769328100,06:08:48.100,bybit,LTC/USDT:USDT,109.78,2.0,109.77,5.7,109.79,97.3,109.8,131.9
1753769328197,06:08:48.197,bybit,LTC/USDT:USDT,109.78,2.0,109.77,33.3,109.79,95.9,109.8,132.8
1753769328297,06:08:48.297,bybit,LTC/USDT:USDT,109.78,2.0,109.77,33.3,109.79,95.9,109.8,131.0
1753769328397,06:08:48.397,bybit,LTC/USDT:USDT,109.78,2.0,109.77,33.3,109.79,95.9,109.8,131.0
1753769328498,06:08:48.498,bybit,LTC/USDT:USDT,109.78,2.0,109.77,33.3,109.79,95.9,109.8,130.1
1753769328597,06:08:48.597,bybit,LTC/USDT:USDT,109.78,2.0,109.77,33.3,109.79,101.4,109.8,135.8
1753769329297,06:08:49.297,bybit,LTC/USDT:USDT,109.78,27.8,109.77,58.6,109.79,13.5,109.8,110.1
1753769329396,06:08:49.396,bybit,LTC/USDT:USDT,109.78,27.8,109.77,58.8,109.79,6.9,109.8,65.1
1753769329498,06:08:49.498,bybit,LTC/USDT:USDT,109.78,16.7,109.77,58.8,109.79,9.8,109.8,65.1
1753769329697,06:08:49.697,bybit,LTC/USDT:USDT,109.78,16.7,109.77,58.8,109.79,9.3,109.8,65.1
1753769329997,06:08:49.997,bybit,LTC/USDT:USDT,109.78,27.8,109.77,58.8,109.79,7.8,109.8,65.1
1753769330098,06:08:50.098,bybit,LTC/USDT:USDT,109.78,22.3,109.77,58.8,109.79,7.8,109.8,65.1
1753769330197,06:08:50.197,bybit,LTC/USDT:USDT,109.78,22.3,109.77,58.8,109.79,7.8,109.8,65.1
1753769330397,06:08:50.397,bybit,LTC/USDT:USDT,109.78,28.3,109.77,58.8,109.79,6.4,109.8,65.1
1753769330497,06:08:50.497,bybit,LTC/USDT:USDT,109.78,28.3,109.77,58.8,109.79,6.4,109.8,65.1
1753769330597,06:08:50.597,bybit,LTC/USDT:USDT,109.78,22.7,109.77,53.0,109.79,9.3,109.8,65.1
1753769330697,06:08:50.697,bybit,LTC/USDT:USDT,109.78,22.7,109.77,58.6,109.79,9.3,109.8,65.1
1753769330997,06:08:50.997,bybit,LTC/USDT:USDT,109.78,22.7,109.77,58.6,109.79,9.3,109.8,65.1
1753769331097,06:08:51.097,bybit,LTC/USDT:USDT,109.78,22.7,109.77,58.6,109.79,9.3,109.8,65.1
1753769331197,06:08:51.197,bybit,LTC/USDT:USDT,109.78,16.7,109.77,53.0,109.79,9.3,109.8,84.7
1753769331297,06:08:51.297,bybit,LTC/USDT:USDT,109.78,11.4,109.77,43.0,109.79,9.3,109.8,84.7
1753769331397,06:08:51.397,bybit,LTC/USDT:USDT,109.78,11.4,109.77,43.0,109.79,9.3,109.8,79.1
1753769331597,06:08:51.597,bybit,LTC/USDT:USDT,109.78,11.4,109.77,58.6,109.79,10.3,109.8,79.1
1753769331697,06:08:51.697,bybit,LTC/USDT:USDT,109.78,11.4,109.77,58.6,109.79,10.3,109.8,79.1
1753769331797,06:08:51.797,bybit,LTC/USDT:USDT,109.78,11.4,109.77,47.5,109.79,10.3,109.8,79.1
1753769331897,06:08:51.897,bybit,LTC/USDT:USDT,109.78,11.5,109.77,47.5,109.79,15.6,109.8,79.1
1753769331996,06:08:51.996,bybit,LTC/USDT:USDT,109.78,11.5,109.77,47.5,109.79,15.6,109.8,79.1
1753769332099,06:08:52.099,bybit,LTC/USDT:USDT,109.78,11.5,109.77,58.6,109.79,15.6,109.8,79.1
1753769332197,06:08:52.197,bybit,LTC/USDT:USDT,109.78,17.1,109.77,58.6,109.79,10.3,109.8,79.1
1753769332297,06:08:52.297,bybit,LTC/USDT:USDT,109.78,16.8,109.77,58.6,109.79,10.2,109.8,79.1
1753769332397,06:08:52.397,bybit,LTC/USDT:USDT,109.78,16.8,109.77,58.6,109.79,10.2,109.8,79.1
1753769332497,06:08:52.497,bybit,LTC/USDT:USDT,109.78,16.8,109.77,53.0,109.79,10.2,109.8,79.1
1753769332597,06:08:52.597,bybit,LTC/USDT:USDT,109.78,16.8,109.77,58.6,109.79,10.2,109.8,79.1
1753769332697,06:08:52.697,bybit,LTC/USDT:USDT,109.78,16.8,109.77,58.6,109.79,10.2,109.8,79.1
1753769332797,06:08:52.797,bybit,LTC/USDT:USDT,109.78,16.8,109.77,54.3,109.79,10.2,109.8,79.1
1753769332896,06:08:52.896,bybit,LTC/USDT:USDT,109.78,16.8,109.77,65.4,109.79,10.2,109.8,79.1
1753769332997,06:08:52.997,bybit,LTC/USDT:USDT,109.78,16.8,109.77,59.9,109.79,10.2,109.8,79.1
1753769333097,06:08:53.097,bybit,LTC/USDT:USDT,109.78,16.8,109.77,59.9,109.79,10.2,109.8,79.1
1753769333297,06:08:53.297,bybit,LTC/USDT:USDT,109.78,16.8,109.77,54.3,109.79,10.2,109.8,79.1
1753769333397,06:08:53.397,bybit,LTC/USDT:USDT,109.78,2.1,109.77,30.3,109.79,29.5,109.8,90.6
1753769333497,06:08:53.497,bybit,LTC/USDT:USDT,109.78,2.1,109.77,23.5,109.79,29.5,109.8,103.0
1753769333797,06:08:53.797,bybit,LTC/USDT:USDT,109.77,0.1,109.76,27.1,109.78,125.3,109.79,95.3
1753769333897,06:08:53.897,bybit,LTC/USDT:USDT,109.77,0.1,109.76,27.1,109.78,125.3,109.79,78.2
1753769333997,06:08:53.997,bybit,LTC/USDT:USDT,109.77,0.1,109.76,27.1,109.78,125.3,109.79,83.7
1753769334097,06:08:54.097,bybit,LTC/USDT:USDT,109.77,0.1,109.76,27.1,109.78,125.3,109.79,83.7
1753769334198,06:08:54.198,bybit,LTC/USDT:USDT,109.77,0.1,109.76,27.1,109.78,125.3,109.79,83.7
1753769334397,06:08:54.397,bybit,LTC/USDT:USDT,109.77,0.1,109.76,27.1,109.78,125.3,109.79,83.7
1753769334497,06:08:54.497,bybit,LTC/USDT:USDT,109.77,0.1,109.76,28.0,109.78,125.3,109.79,83.7
1753769334597,06:08:54.597,bybit,LTC/USDT:USDT,109.77,0.1,109.76,12.4,109.78,136.8,109.79,89.1
1753769334697,06:08:54.697,bybit,LTC/USDT:USDT,109.77,0.1,109.76,12.4,109.78,142.2,109.79,89.1
1753769334897,06:08:54.897,bybit,LTC/USDT:USDT,109.77,0.1,109.76,8.8,109.78,136.2,109.79,118.5
1753769334997,06:08:54.997,bybit,LTC/USDT:USDT,109.77,0.1,109.76,8.8,109.78,131.7,109.79,117.6
1753769335098,06:08:55.098,bybit,LTC/USDT:USDT,109.77,0.1,109.76,8.8,109.78,131.7,109.79,117.6
1753769335197,06:08:55.197,bybit,LTC/USDT:USDT,109.77,0.1,109.76,8.8,109.78,131.7,109.79,117.6
1753769335297,06:08:55.297,bybit,LTC/USDT:USDT,109.77,0.1,109.76,8.8,109.78,131.7,109.79,117.6
1753769335397,06:08:55.397,bybit,LTC/USDT:USDT,109.77,0.1,109.76,8.8,109.78,131.7,109.79,122.1
1753769335497,06:08:55.497,bybit,LTC/USDT:USDT,109.77,0.1,109.76,8.8,109.78,137.1,109.79,122.1
1753769335597,06:08:55.597,bybit,LTC/USDT:USDT,109.77,0.1,109.76,8.8,109.78,131.7,109.79,122.1
1753769335697,06:08:55.697,bybit,LTC/USDT:USDT,109.77,0.1,109.76,8.8,109.78,132.9,109.79,122.1
1753769335797,06:08:55.797,bybit,LTC/USDT:USDT,109.77,0.1,109.76,8.8,109.78,127.4,109.79,122.1
1753769335897,06:08:55.897,bybit,LTC/USDT:USDT,109.77,1.1,109.76,8.8,109.78,132.9,109.79,122.1
1753769335997,06:08:55.997,bybit,LTC/USDT:USDT,109.77,1.1,109.76,8.8,109.78,127.4,109.79,122.1
1753769336297,06:08:56.297,bybit,LTC/USDT:USDT,109.77,1.1,109.76,8.8,109.78,127.4,109.79,122.1
1753769336397,06:08:56.397,bybit,LTC/USDT:USDT,109.77,1.1,109.76,8.8,109.78,127.4,109.79,122.1
1753769336497,06:08:56.497,bybit,LTC/USDT:USDT,109.77,1.1,109.76,8.8,109.78,127.4,109.79,122.1
1753769336605,06:08:56.605,bybit,LTC/USDT:USDT,109.77,1.1,109.76,16.3,109.78,127.4,109.79,122.1
1753769336697,06:08:56.697,bybit,LTC/USDT:USDT,109.76,0.3,109.75,20.3,109.77,145.1,109.78,87.4
1753769336897,06:08:56.897,bybit,LTC/USDT:USDT,109.75,0.1,109.74,25.9,109.76,163.8,109.77,68.3
1753769336997,06:08:56.997,bybit,LTC/USDT:USDT,109.75,0.1,109.74,25.9,109.76,174.8,109.77,82.6
1753769337197,06:08:57.197,bybit,LTC/USDT:USDT,109.75,0.1,109.74,6.0,109.76,169.7,109.77,107.7
1753769337297,06:08:57.297,bybit,LTC/USDT:USDT,109.75,0.1,109.74,0.7,109.76,174.8,109.77,107.7
1753769337397,06:08:57.397,bybit,LTC/USDT:USDT,109.75,0.1,109.74,0.7,109.76,174.8,109.77,107.7
1753769337497,06:08:57.497,bybit,LTC/USDT:USDT,109.75,0.1,109.74,0.7,109.76,174.8,109.77,107.7
1753769337698,06:08:57.698,bybit,LTC/USDT:USDT,109.75,0.1,109.74,0.7,109.76,176.1,109.77,130.4
1753769337898,06:08:57.898,bybit,LTC/USDT:USDT,109.75,0.1,109.74,0.7,109.76,180.6,109.77,125.9
1753769337997,06:08:57.997,bybit,LTC/USDT:USDT,109.75,0.1,109.74,0.7,109.76,180.6,109.77,125.9
1753769338100,06:08:58.100,bybit,LTC/USDT:USDT,109.75,0.1,109.74,0.7,109.76,180.6,109.77,125.9
1753769338197,06:08:58.197,bybit,LTC/USDT:USDT,109.75,0.1,109.74,0.7,109.76,171.1,109.77,130.4
1753769338397,06:08:58.397,bybit,LTC/USDT:USDT,109.75,0.1,109.74,0.7,109.76,166.0,109.77,130.4
1753769338497,06:08:58.497,bybit,LTC/USDT:USDT,109.75,0.1,109.74,0.7,109.76,166.0,109.77,130.4
1753769338696,06:08:58.696,bybit,LTC/USDT:USDT,109.75,0.1,109.74,12.0,109.76,166.0,109.77,119.9
1753769338897,06:08:58.897,bybit,LTC/USDT:USDT,109.75,0.1,109.74,12.0,109.76,166.0,109.77,125.0
1753769339098,06:08:59.098,bybit,LTC/USDT:USDT,109.75,0.1,109.74,12.0,109.76,166.0,109.77,125.0
1753769339197,06:08:59.197,bybit,LTC/USDT:USDT,109.75,0.1,109.74,12.0,109.76,166.0,109.77,125.0
1753769339397,06:08:59.397,bybit,LTC/USDT:USDT,109.75,0.1,109.74,21.9,109.76,166.0,109.77,130.0
1753769339497,06:08:59.497,bybit,LTC/USDT:USDT,109.75,0.1,109.74,31.9,109.76,166.0,109.77,124.9
1753769339597,06:08:59.597,bybit,LTC/USDT:USDT,109.75,0.1,109.74,31.9,109.76,166.0,109.77,124.9
1753769339697,06:08:59.697,bybit,LTC/USDT:USDT,109.75,0.1,109.74,31.9,109.76,166.0,109.77,130.0
1753769339797,06:08:59.797,bybit,LTC/USDT:USDT,109.75,15.5,109.74,31.9,109.76,109.9,109.77,120.7
1753769339897,06:08:59.897,bybit,LTC/USDT:USDT,109.75,15.5,109.74,37.1,109.76,9.8,109.77,82.9
1753769339998,06:08:59.998,bybit,LTC/USDT:USDT,109.75,0.1,109.74,32.1,109.76,40.8,109.77,99.0
1753769340099,06:09:00.099,bybit,LTC/USDT:USDT,109.75,0.1,109.74,16.1,109.76,46.8,109.77,99.0
1753769340197,06:09:00.197,bybit,LTC/USDT:USDT,109.75,0.1,109.74,16.1,109.76,51.8,109.77,99.0
1753769340297,06:09:00.297,bybit,LTC/USDT:USDT,109.75,0.1,109.74,10.8,109.76,42.1,109.77,103.5
1753769340397,06:09:00.397,bybit,LTC/USDT:USDT,109.75,0.1,109.74,10.8,109.76,47.1,109.77,132.0
1753769340498,06:09:00.498,bybit,LTC/USDT:USDT,109.75,0.1,109.74,10.8,109.76,52.1,109.77,132.0
1753769340598,06:09:00.598,bybit,LTC/USDT:USDT,109.75,0.1,109.74,0.7,109.76,52.1,109.77,132.0
1753769340697,06:09:00.697,bybit,LTC/USDT:USDT,109.75,0.1,109.74,0.7,109.76,52.1,109.77,132.0
1753769340797,06:09:00.797,bybit,LTC/USDT:USDT,109.75,0.1,109.74,0.7,109.76,57.2,109.77,132.0
1753769340897,06:09:00.897,bybit,LTC/USDT:USDT,109.75,0.1,109.74,0.7,109.76,53.0,109.77,132.0
1753769340997,06:09:00.997,bybit,LTC/USDT:USDT,109.75,0.1,109.74,0.7,109.76,53.0,109.77,132.0
1753769341097,06:09:01.097,bybit,LTC/USDT:USDT,109.75,0.1,109.74,0.7,109.76,58.1,109.77,132.0
1753769341197,06:09:01.197,bybit,LTC/USDT:USDT,109.75,0.1,109.74,0.7,109.76,53.0,109.77,132.0
1753769341297,06:09:01.297,bybit,LTC/USDT:USDT,109.75,0.1,109.74,0.7,109.76,51.7,109.77,132.0
1753769341397,06:09:01.397,bybit,LTC/USDT:USDT,109.73,0.1,109.72,0.4,109.74,89.6,109.75,90.6
1753769341498,06:09:01.498,bybit,LTC/USDT:USDT,109.73,0.1,109.72,0.4,109.74,95.5,109.75,135.4
1753769341597,06:09:01.597,bybit,LTC/USDT:USDT,109.73,0.1,109.72,8.6,109.74,99.5,109.75,130.3
1753769341696,06:09:01.696,bybit,LTC/USDT:USDT,109.73,2.0,109.72,27.8,109.74,110.3,109.75,81.1
1753769341797,06:09:01.797,bybit,LTC/USDT:USDT,109.73,31.1,109.72,24.9,109.74,28.2,109.75,49.5
1753769341897,06:09:01.897,bybit,LTC/USDT:USDT,109.73,36.3,109.72,24.9,109.74,27.3,109.75,49.5
1753769341997,06:09:01.997,bybit,LTC/USDT:USDT,109.73,36.3,109.72,24.9,109.74,20.8,109.75,49.5
1753769342099,06:09:02.099,bybit,LTC/USDT:USDT,109.73,36.3,109.72,24.9,109.74,20.8,109.75,49.5
1753769342196,06:09:02.196,bybit,LTC/USDT:USDT,109.73,36.3,109.72,24.9,109.74,20.8,109.75,49.5
1753769342297,06:09:02.297,bybit,LTC/USDT:USDT,109.73,36.3,109.72,25.1,109.74,20.8,109.75,49.5
1753769342398,06:09:02.398,bybit,LTC/USDT:USDT,109.73,18.0,109.72,25.4,109.74,20.8,109.75,49.5
1753769342497,06:09:02.497,bybit,LTC/USDT:USDT,109.73,10.8,109.72,30.3,109.74,20.8,109.75,49.5
1753769342597,06:09:02.597,bybit,LTC/USDT:USDT,109.73,0.2,109.72,30.3,109.74,26.1,109.75,66.3
1753769342697,06:09:02.697,bybit,LTC/USDT:USDT,109.73,0.2,109.72,30.3,109.74,26.1,109.75,66.3
1753769342897,06:09:02.897,bybit,LTC/USDT:USDT,109.73,0.2,109.72,9.0,109.74,32.1,109.75,66.3
1753769342997,06:09:02.997,bybit,LTC/USDT:USDT,109.73,0.2,109.72,9.0,109.74,37.2,109.75,94.2
1753769343097,06:09:03.097,bybit,LTC/USDT:USDT,109.73,0.2,109.72,0.6,109.74,43.1,109.75,94.2
1753769343197,06:09:03.197,bybit,LTC/USDT:USDT,109.72,0.4,109.71,27.2,109.73,103.7,109.74,69.6
1753769343296,06:09:03.296,bybit,LTC/USDT:USDT,109.72,0.4,109.71,27.2,109.73,103.7,109.74,69.6
1753769343397,06:09:03.397,bybit,LTC/USDT:USDT,109.72,0.4,109.71,0.5,109.73,114.7,109.74,73.7
1753769343497,06:09:03.497,bybit,LTC/USDT:USDT,109.71,0.3,109.7,24.6,109.72,154.9,109.73,89.1
1753769343598,06:09:03.598,bybit,LTC/USDT:USDT,109.71,0.3,109.7,12.8,109.72,154.9,109.73,84.1
1753769343697,06:09:03.697,bybit,LTC/USDT:USDT,109.71,0.3,109.7,22.3,109.72,163.7,109.73,84.1
1753769343797,06:09:03.797,bybit,LTC/USDT:USDT,109.71,0.3,109.7,22.3,109.72,163.7,109.73,69.5
1753769343898,06:09:03.898,bybit,LTC/USDT:USDT,109.71,0.3,109.7,22.3,109.72,155.6,109.73,69.5
1753769343997,06:09:03.997,bybit,LTC/USDT:USDT,109.71,0.3,109.7,22.3,109.72,155.5,109.73,68.6
1753769344097,06:09:04.097,bybit,LTC/USDT:USDT,109.71,0.3,109.7,22.3,109.72,155.5,109.73,68.6
1753769344197,06:09:04.197,bybit,LTC/USDT:USDT,109.71,7.6,109.7,28.3,109.72,73.2,109.73,68.6
1753769344297,06:09:04.297,bybit,LTC/USDT:USDT,109.71,70.9,109.7,37.6,109.72,1.2,109.73,40.3
1753769344398,06:09:04.398,bybit,LTC/USDT:USDT,109.71,70.9,109.7,38.5,109.72,1.2,109.73,40.4
1753769344497,06:09:04.497,bybit,LTC/USDT:USDT,109.71,63.6,109.7,43.9,109.72,4.1,109.73,50.2
1753769344597,06:09:04.597,bybit,LTC/USDT:USDT,109.71,63.6,109.7,43.9,109.72,4.1,109.73,50.2
1753769344697,06:09:04.697,bybit,LTC/USDT:USDT,109.71,63.6,109.7,43.9,109.72,4.1,109.73,50.2
1753769344797,06:09:04.797,bybit,LTC/USDT:USDT,109.71,63.6,109.7,43.9,109.72,4.1,109.73,50.2
1753769344897,06:09:04.897,bybit,LTC/USDT:USDT,109.71,69.3,109.7,48.5,109.72,1.2,109.73,50.2
1753769344997,06:09:04.997,bybit,LTC/USDT:USDT,109.71,69.3,109.7,48.5,109.72,1.2,109.73,34.9
1753769345097,06:09:05.097,bybit,LTC/USDT:USDT,109.71,69.3,109.7,48.2,109.72,1.2,109.73,9.9
1753769345197,06:09:05.197,bybit,LTC/USDT:USDT,109.71,69.3,109.7,48.2,109.72,1.2,109.73,9.9
1753769345297,06:09:05.297,bybit,LTC/USDT:USDT,109.71,69.3,109.7,48.2,109.72,1.2,109.73,9.9
1753769345397,06:09:05.397,bybit,LTC/USDT:USDT,109.71,69.3,109.7,62.2,109.72,7.2,109.73,9.9
1753769345497,06:09:05.497,bybit,LTC/USDT:USDT,109.71,79.3,109.7,57.6,109.72,7.2,109.73,18.8
1753769345597,06:09:05.597,bybit,LTC/USDT:USDT,109.71,80.1,109.7,62.2,109.72,7.2,109.73,18.8
1753769345697,06:09:05.697,bybit,LTC/USDT:USDT,109.71,80.1,109.7,62.2,109.72,7.2,109.73,18.8
1753769345797,06:09:05.797,bybit,LTC/USDT:USDT,109.71,80.1,109.7,62.2,109.72,7.2,109.73,18.8
1753769345897,06:09:05.897,bybit,LTC/USDT:USDT,109.71,80.1,109.7,62.2,109.72,7.2,109.73,18.8
1753769345997,06:09:05.997,bybit,LTC/USDT:USDT,109.71,80.1,109.7,62.2,109.72,7.2,109.73,18.8
1753769346097,06:09:06.097,bybit,LTC/USDT:USDT,109.71,80.1,109.7,62.2,109.72,7.2,109.73,18.8
1753769346197,06:09:06.197,bybit,LTC/USDT:USDT,109.71,80.1,109.7,62.2,109.72,7.2,109.73,18.8
1753769346297,06:09:06.297,bybit,LTC/USDT:USDT,109.71,80.1,109.7,62.2,109.72,7.2,109.73,18.8
1753769346397,06:09:06.397,bybit,LTC/USDT:USDT,109.71,56.8,109.7,57.6,109.72,7.2,109.73,34.8
1753769346497,06:09:06.497,bybit,LTC/USDT:USDT,109.71,43.6,109.7,52.9,109.72,7.2,109.73,34.8
1753769346597,06:09:06.597,bybit,LTC/USDT:USDT,109.71,33.6,109.7,52.9,109.72,7.2,109.73,34.8
1753769346697,06:09:06.697,bybit,LTC/USDT:USDT,109.71,23.4,109.7,57.5,109.72,7.2,109.73,34.8
1753769346796,06:09:06.796,bybit,LTC/USDT:USDT,109.71,28.2,109.7,62.2,109.72,7.2,109.73,24.8
1753769346897,06:09:06.897,bybit,LTC/USDT:USDT,109.71,28.2,109.7,62.2,109.72,7.2,109.73,24.8
1753769346997,06:09:06.997,bybit,LTC/USDT:USDT,109.71,28.2,109.7,62.2,109.72,7.2,109.73,24.8
1753769347097,06:09:07.097,bybit,LTC/USDT:USDT,109.71,23.5,109.7,57.6,109.72,7.2,109.73,24.8
1753769347197,06:09:07.197,bybit,LTC/USDT:USDT,109.71,28.2,109.7,62.2,109.72,7.2,109.73,24.8
1753769347297,06:09:07.297,bybit,LTC/USDT:USDT,109.71,23.5,109.7,57.6,109.72,7.2,109.73,24.8
1753769347397,06:09:07.397,bybit,LTC/USDT:USDT,109.71,38.2,109.7,62.2,109.72,7.2,109.73,34.8
1753769347496,06:09:07.496,bybit,LTC/USDT:USDT,109.71,33.5,109.7,57.6,109.72,7.2,109.73,34.8
1753769347597,06:09:07.597,bybit,LTC/USDT:USDT,109.71,33.5,109.7,57.6,109.72,7.2,109.73,34.8
1753769347696,06:09:07.696,bybit,LTC/USDT:USDT,109.71,23.5,109.7,52.9,109.72,16.4,109.73,34.8
1753769347797,06:09:07.797,bybit,LTC/USDT:USDT,109.71,9.5,109.7,59.7,109.72,16.4,109.73,39.3
1753769347898,06:09:07.898,bybit,LTC/USDT:USDT,109.71,6.8,109.7,59.7,109.72,16.4,109.73,39.3
1753769347997,06:09:07.997,bybit,LTC/USDT:USDT,109.71,6.8,109.7,64.4,109.72,16.4,109.73,39.3
1753769348100,06:09:08.100,bybit,LTC/USDT:USDT,109.71,16.8,109.7,64.4,109.72,7.2,109.73,39.3
1753769348197,06:09:08.197,bybit,LTC/USDT:USDT,109.71,16.8,109.7,64.4,109.72,7.2,109.73,39.3
1753769348297,06:09:08.297,bybit,LTC/USDT:USDT,109.71,12.1,109.7,59.7,109.72,7.2,109.73,49.0
1753769348397,06:09:08.397,bybit,LTC/USDT:USDT,109.71,22.1,109.7,64.4,109.72,7.2,109.73,39.0
1753769348497,06:09:08.497,bybit,LTC/USDT:USDT,109.71,26.0,109.7,69.0,109.72,7.2,109.73,34.5
1753769348797,06:09:08.797,bybit,LTC/USDT:USDT,109.71,21.3,109.7,59.7,109.72,7.2,109.73,39.0
1753769348897,06:09:08.897,bybit,LTC/USDT:USDT,109.71,21.3,109.7,59.7,109.72,7.2,109.73,39.0
1753769348997,06:09:08.997,bybit,LTC/USDT:USDT,109.71,21.3,109.7,64.4,109.72,7.2,109.73,39.0
1753769349097,06:09:09.097,bybit,LTC/USDT:USDT,109.71,21.3,109.7,69.0,109.72,7.2,109.73,39.0
1753769349197,06:09:09.197,bybit,LTC/USDT:USDT,109.71,26.0,109.7,69.0,109.72,7.2,109.73,38.2
1753769349297,06:09:09.297,bybit,LTC/USDT:USDT,109.71,26.0,109.7,69.0,109.72,7.2,109.73,38.2
1753769349397,06:09:09.397,bybit,LTC/USDT:USDT,109.71,21.3,109.7,69.0,109.72,7.2,109.73,38.2
1753769349497,06:09:09.497,bybit,LTC/USDT:USDT,109.71,21.3,109.7,69.0,109.72,7.2,109.73,38.2
1753769349597,06:09:09.597,bybit,LTC/USDT:USDT,109.71,26.0,109.7,69.0,109.72,7.2,109.73,38.2
1753769349698,06:09:09.698,bybit,LTC/USDT:USDT,109.71,11.3,109.7,59.7,109.72,7.2,109.73,38.2
1753769349797,06:09:09.797,bybit,LTC/USDT:USDT,109.71,11.3,109.7,59.7,109.72,7.2,109.73,38.2
1753769349897,06:09:09.897,bybit,LTC/USDT:USDT,109.71,11.3,109.7,59.7,109.72,7.2,109.73,38.2
1753769349998,06:09:09.998,bybit,LTC/USDT:USDT,109.71,11.3,109.7,59.7,109.72,7.5,109.73,38.2
1753769350100,06:09:10.100,bybit,LTC/USDT:USDT,109.71,11.3,109.7,59.7,109.72,7.5,109.73,38.2
1753769350197,06:09:10.197,bybit,LTC/USDT:USDT,109.71,11.3,109.7,59.7,109.72,7.5,109.73,38.2
1753769350297,06:09:10.297,bybit,LTC/USDT:USDT,109.71,11.3,109.7,59.7,109.72,7.2,109.73,38.2
1753769350497,06:09:10.497,bybit,LTC/USDT:USDT,109.71,11.3,109.7,59.7,109.72,7.2,109.73,48.2
1753769350598,06:09:10.598,bybit,LTC/USDT:USDT,109.71,11.3,109.7,59.7,109.72,7.3,109.73,48.2
1753769350696,06:09:10.696,bybit,LTC/USDT:USDT,109.71,11.3,109.7,59.7,109.72,7.3,109.73,48.2
1753769350797,06:09:10.797,bybit,LTC/USDT:USDT,109.71,11.3,109.7,59.7,109.72,7.3,109.73,48.2
1753769350897,06:09:10.897,bybit,LTC/USDT:USDT,109.71,11.3,109.7,59.7,109.72,7.3,109.73,48.2
1753769350997,06:09:10.997,bybit,LTC/USDT:USDT,109.71,11.3,109.7,59.7,109.72,7.3,109.73,48.2
1753769351097,06:09:11.097,bybit,LTC/USDT:USDT,109.71,16.0,109.7,69.0,109.72,7.3,109.73,38.2
1753769351197,06:09:11.197,bybit,LTC/USDT:USDT,109.71,16.0,109.7,69.0,109.72,7.3,109.73,38.2
1753769351297,06:09:11.297,bybit,LTC/USDT:USDT,109.71,16.0,109.7,69.0,109.72,7.3,109.73,38.2
1753769351398,06:09:11.398,bybit,LTC/USDT:USDT,109.71,26.0,109.7,69.0,109.72,7.3,109.73,38.2
1753769351498,06:09:11.498,bybit,LTC/USDT:USDT,109.71,26.0,109.7,69.0,109.72,7.3,109.73,32.2
1753769351598,06:09:11.598,bybit,LTC/USDT:USDT,109.71,26.0,109.7,69.0,109.72,7.3,109.73,32.2
1753769351697,06:09:11.697,bybit,LTC/USDT:USDT,109.71,26.0,109.7,69.0,109.72,8.8,109.73,32.2
1753769351798,06:09:11.798,bybit,LTC/USDT:USDT,109.71,26.0,109.7,69.0,109.72,8.8,109.73,32.2
1753769351897,06:09:11.897,bybit,LTC/USDT:USDT,109.71,21.3,109.7,64.3,109.72,8.8,109.73,32.2
1753769351997,06:09:11.997,bybit,LTC/USDT:USDT,109.71,21.3,109.7,69.0,109.72,8.8,109.73,32.2
1753769352098,06:09:12.098,bybit,LTC/USDT:USDT,109.71,21.3,109.7,69.0,109.72,8.8,109.73,32.2
1753769352196,06:09:12.196,bybit,LTC/USDT:USDT,109.71,26.0,109.7,69.0,109.72,8.8,109.73,32.2
1753769352296,06:09:12.296,bybit,LTC/USDT:USDT,109.71,32.0,109.7,69.0,109.72,8.8,109.73,32.2
1753769352397,06:09:12.397,bybit,LTC/USDT:USDT,109.71,32.0,109.7,69.0,109.72,8.8,109.73,32.2
1753769352498,06:09:12.498,bybit,LTC/USDT:USDT,109.73,5.3,109.72,55.7,109.74,36.3,109.75,56.3
1753769352697,06:09:12.697,bybit,LTC/USDT:USDT,109.72,30.2,109.71,71.9,109.73,33.0,109.74,42.5
1753769352897,06:09:12.897,bybit,LTC/USDT:USDT,109.72,30.0,109.71,78.7,109.73,33.0,109.74,53.9
1753769352997,06:09:12.997,bybit,LTC/USDT:USDT,109.72,34.6,109.71,78.7,109.73,12.5,109.74,53.9
1753769353097,06:09:13.097,bybit,LTC/USDT:USDT,109.72,61.0,109.71,99.6,109.74,14.1,109.75,69.6
1753769353197,06:09:13.197,bybit,LTC/USDT:USDT,109.72,36.2,109.71,60.8,109.73,2.9,109.74,36.5
1753769353297,06:09:13.297,bybit,LTC/USDT:USDT,109.72,36.2,109.71,60.8,109.73,2.9,109.74,35.4
1753769353397,06:09:13.397,bybit,LTC/USDT:USDT,109.72,36.2,109.71,60.8,109.73,2.9,109.74,35.4
1753769353497,06:09:13.497,bybit,LTC/USDT:USDT,109.72,19.8,109.71,60.8,109.73,2.9,109.74,35.5
1753769353597,06:09:13.597,bybit,LTC/USDT:USDT,109.72,19.8,109.71,70.0,109.73,2.9,109.74,35.5
1753769353697,06:09:13.697,bybit,LTC/USDT:USDT,109.72,19.8,109.71,65.4,109.73,2.9,109.74,35.5
1753769353797,06:09:13.797,bybit,LTC/USDT:USDT,109.72,19.6,109.71,70.0,109.73,2.9,109.74,35.5
1753769353897,06:09:13.897,bybit,LTC/USDT:USDT,109.73,23.6,109.72,53.8,109.74,10.9,109.75,63.6
1753769353997,06:09:13.997,bybit,LTC/USDT:USDT,109.73,4.9,109.72,61.7,109.74,17.7,109.75,52.7
1753769354100,06:09:14.100,bybit,LTC/USDT:USDT,109.73,4.9,109.72,57.1,109.74,12.2,109.75,51.8
1753769354197,06:09:14.197,bybit,LTC/USDT:USDT,109.73,4.9,109.72,57.1,109.74,16.7,109.75,51.8
1753769354297,06:09:14.297,bybit,LTC/USDT:USDT,109.73,4.9,109.72,48.8,109.74,16.7,109.75,51.8
1753769354497,06:09:14.497,bybit,LTC/USDT:USDT,109.73,4.9,109.72,48.9,109.74,16.7,109.75,51.8
1753769354598,06:09:14.598,bybit,LTC/USDT:USDT,109.73,4.9,109.72,48.9,109.74,16.7,109.75,51.8
1753769354697,06:09:14.697,bybit,LTC/USDT:USDT,109.73,4.9,109.72,48.9,109.74,16.7,109.75,51.8
1753769354797,06:09:14.797,bybit,LTC/USDT:USDT,109.73,10.2,109.72,60.2,109.74,16.6,109.75,51.8
1753769354997,06:09:14.997,bybit,LTC/USDT:USDT,109.73,10.2,109.72,60.2,109.74,13.0,109.75,56.3
1753769355197,06:09:15.197,bybit,LTC/USDT:USDT,109.74,137.1,109.73,73.3,109.75,0.3,109.76,17.6
1753769355298,06:09:15.298,bybit,LTC/USDT:USDT,109.74,146.7,109.73,73.3,109.75,0.1,109.76,20.4
1753769355397,06:09:15.397,bybit,LTC/USDT:USDT,109.74,146.7,109.73,73.3,109.75,0.1,109.76,15.2
1753769355497,06:09:15.497,bybit,LTC/USDT:USDT,109.74,146.7,109.73,73.4,109.75,0.1,109.76,15.2
1753769355597,06:09:15.597,bybit,LTC/USDT:USDT,109.74,146.7,109.73,73.4,109.75,0.1,109.76,15.2
1753769355697,06:09:15.697,bybit,LTC/USDT:USDT,109.74,139.1,109.73,73.4,109.75,0.1,109.76,15.2
1753769355797,06:09:15.797,bybit,LTC/USDT:USDT,109.74,139.1,109.73,73.4,109.75,0.1,109.76,15.2
1753769355901,06:09:15.901,bybit,LTC/USDT:USDT,109.74,139.1,109.73,73.4,109.75,0.1,109.76,15.2
1753769355997,06:09:15.997,bybit,LTC/USDT:USDT,109.74,139.1,109.73,74.3,109.75,0.1,109.76,15.2
1753769356197,06:09:16.197,bybit,LTC/USDT:USDT,109.74,143.6,109.73,74.3,109.75,0.1,109.76,15.2
1753769356297,06:09:16.297,bybit,LTC/USDT:USDT,109.74,139.1,109.73,74.3,109.75,0.1,109.76,15.2
1753769356397,06:09:16.397,bybit,LTC/USDT:USDT,109.74,143.6,109.73,73.4,109.75,0.1,109.76,0.5
1753769356497,06:09:16.497,bybit,LTC/USDT:USDT,109.74,144.5,109.73,73.4,109.75,0.1,109.76,0.5
1753769356597,06:09:16.597,bybit,LTC/USDT:USDT,109.74,145.3,109.73,73.4,109.75,0.1,109.76,8.7
1753769356697,06:09:16.697,bybit,LTC/USDT:USDT,109.74,140.8,109.73,73.4,109.75,0.1,109.76,18.4
1753769356797,06:09:16.797,bybit,LTC/USDT:USDT,109.74,145.3,109.73,80.2,109.75,0.1,109.76,18.4
1753769356896,06:09:16.896,bybit,LTC/USDT:USDT,109.74,145.3,109.73,80.2,109.75,0.1,109.76,18.4
1753769356997,06:09:16.997,bybit,LTC/USDT:USDT,109.74,140.8,109.73,80.2,109.75,0.1,109.76,18.4
1753769357098,06:09:17.098,bybit,LTC/USDT:USDT,109.74,140.8,109.73,80.2,109.75,0.1,109.76,18.4
1753769357197,06:09:17.197,bybit,LTC/USDT:USDT,109.74,140.8,109.73,80.2,109.75,0.1,109.76,18.4
1753769357297,06:09:17.297,bybit,LTC/USDT:USDT,109.74,140.8,109.73,80.2,109.75,0.1,109.76,18.4
1753769357397,06:09:17.397,bybit,LTC/USDT:USDT,109.74,145.3,109.73,80.2,109.75,0.1,109.76,18.4
1753769357497,06:09:17.497,bybit,LTC/USDT:USDT,109.74,145.3,109.73,80.2,109.75,0.1,109.76,18.4
1753769357696,06:09:17.696,bybit,LTC/USDT:USDT,109.74,145.3,109.73,80.2,109.75,0.1,109.76,18.4
1753769357797,06:09:17.797,bybit,LTC/USDT:USDT,109.74,140.8,109.73,80.2,109.75,0.1,109.76,18.4
1753769357897,06:09:17.897,bybit,LTC/USDT:USDT,109.74,133.2,109.73,75.6,109.75,0.1,109.76,18.4
1753769357997,06:09:17.997,bybit,LTC/USDT:USDT,109.74,133.2,109.73,75.6,109.75,0.1,109.76,18.4
1753769358197,06:09:18.197,bybit,LTC/USDT:USDT,109.74,137.8,109.73,80.1,109.75,0.1,109.76,18.4
1753769358297,06:09:18.297,bybit,LTC/USDT:USDT,109.74,137.8,109.73,80.1,109.75,0.1,109.76,18.4
1753769358397,06:09:18.397,bybit,LTC/USDT:USDT,109.74,137.8,109.73,80.1,109.75,0.1,109.76,18.4
1753769358507,06:09:18.507,bybit,LTC/USDT:USDT,109.74,142.3,109.73,80.1,109.75,0.1,109.76,18.4
1753769358597,06:09:18.597,bybit,LTC/USDT:USDT,109.74,137.8,109.73,80.1,109.75,0.1,109.76,18.4
1753769358697,06:09:18.697,bybit,LTC/USDT:USDT,109.74,137.8,109.73,80.1,109.75,0.1,109.76,18.4
1753769358797,06:09:18.797,bybit,LTC/USDT:USDT,109.74,137.8,109.73,80.1,109.75,0.1,109.76,18.4
1753769358897,06:09:18.897,bybit,LTC/USDT:USDT,109.74,137.8,109.73,80.1,109.75,0.1,109.76,18.4
1753769358997,06:09:18.997,bybit,LTC/USDT:USDT,109.74,137.8,109.73,80.1,109.75,0.1,109.76,18.4
1753769359097,06:09:19.097,bybit,LTC/USDT:USDT,109.74,137.8,109.73,80.1,109.75,0.1,109.76,18.4
1753769359196,06:09:19.196,bybit,LTC/USDT:USDT,109.74,137.8,109.73,80.1,109.75,0.1,109.76,18.4
1753769359297,06:09:19.297,bybit,LTC/USDT:USDT,109.74,137.8,109.73,80.1,109.75,0.1,109.76,18.4
1753769359397,06:09:19.397,bybit,LTC/USDT:USDT,109.74,133.2,109.73,75.5,109.75,0.1,109.76,18.4
1753769359597,06:09:19.597,bybit,LTC/USDT:USDT,109.74,142.3,109.73,80.1,109.75,0.1,109.76,8.7
1753769359897,06:09:19.897,bybit,LTC/USDT:USDT,109.76,125.7,109.75,72.0,109.77,11.7,109.78,26.4
1753769359997,06:09:19.997,bybit,LTC/USDT:USDT,109.76,125.7,109.75,72.9,109.77,0.2,109.78,16.6
1753769360197,06:09:20.197,bybit,LTC/USDT:USDT,109.77,153.7,109.76,90.1,109.78,0.2,109.79,12.8
1753769360397,06:09:20.397,bybit,LTC/USDT:USDT,109.77,154.6,109.76,89.2,109.78,0.2,109.79,1.2
1753769360497,06:09:20.497,bybit,LTC/USDT:USDT,109.77,154.6,109.76,89.2,109.78,0.2,109.79,0.8
1753769360597,06:09:20.597,bybit,LTC/USDT:USDT,109.77,154.6,109.76,89.2,109.78,0.2,109.79,0.8
1753769360697,06:09:20.697,bybit,LTC/USDT:USDT,109.77,154.6,109.76,89.2,109.78,0.2,109.79,0.8
1753769360797,06:09:20.797,bybit,LTC/USDT:USDT,109.77,154.6,109.76,95.9,109.78,0.2,109.79,0.8
1753769360897,06:09:20.897,bybit,LTC/USDT:USDT,109.77,155.6,109.76,96.0,109.78,0.2,109.79,0.8
1753769360997,06:09:20.997,bybit,LTC/USDT:USDT,109.77,156.3,109.76,96.0,109.78,0.2,109.79,0.8
1753769361097,06:09:21.097,bybit,LTC/USDT:USDT,109.77,156.3,109.76,96.0,109.78,0.2,109.79,0.8
1753769361198,06:09:21.198,bybit,LTC/USDT:USDT,109.78,139.7,109.77,73.5,109.79,0.5,109.8,14.0
1753769361296,06:09:21.296,bybit,LTC/USDT:USDT,109.78,140.6,109.77,72.6,109.79,0.5,109.8,7.2
1753769361398,06:09:21.398,bybit,LTC/USDT:USDT,109.8,32.5,109.79,59.7,109.81,21.2,109.82,83.4
1753769361497,06:09:21.497,bybit,LTC/USDT:USDT,109.8,32.5,109.79,57.0,109.81,6.6,109.82,79.9
1753769361597,06:09:21.597,bybit,LTC/USDT:USDT,109.8,41.7,109.79,44.0,109.81,22.5,109.82,79.9
1753769361697,06:09:21.697,bybit,LTC/USDT:USDT,109.8,41.7,109.79,44.0,109.81,16.1,109.82,79.9
1753769361797,06:09:21.797,bybit,LTC/USDT:USDT,109.8,41.7,109.79,44.0,109.81,16.1,109.82,74.9
1753769361897,06:09:21.897,bybit,LTC/USDT:USDT,109.8,10.0,109.79,44.0,109.81,16.1,109.82,68.5
1753769361997,06:09:21.997,bybit,LTC/USDT:USDT,109.79,10.8,109.78,56.1,109.8,33.2,109.81,73.0
1753769362100,06:09:22.100,bybit,LTC/USDT:USDT,109.79,14.1,109.78,44.1,109.8,30.3,109.81,95.4
1753769362197,06:09:22.197,bybit,LTC/USDT:USDT,109.79,5.3,109.78,51.2,109.8,14.4,109.81,90.9
1753769362297,06:09:22.297,bybit,LTC/USDT:USDT,109.79,2.7,109.78,39.8,109.8,14.4,109.81,90.9
1753769362397,06:09:22.397,bybit,LTC/USDT:USDT,109.79,2.7,109.78,39.8,109.8,14.4,109.81,79.0
1753769362496,06:09:22.496,bybit,LTC/USDT:USDT,109.79,2.7,109.78,51.4,109.8,14.4,109.81,74.5
1753769362597,06:09:22.597,bybit,LTC/USDT:USDT,109.79,4.4,109.78,60.3,109.8,14.4,109.81,74.5
1753769362696,06:09:22.696,bybit,LTC/USDT:USDT,109.79,4.4,109.78,55.9,109.8,14.3,109.81,74.5
1753769362797,06:09:22.797,bybit,LTC/USDT:USDT,109.79,1.7,109.78,58.2,109.8,14.2,109.81,79.1
1753769362897,06:09:22.897,bybit,LTC/USDT:USDT,109.79,1.7,109.78,58.2,109.8,14.2,109.81,79.1
1753769362997,06:09:22.997,bybit,LTC/USDT:USDT,109.79,1.7,109.78,58.2,109.8,14.2,109.81,79.1
1753769363097,06:09:23.097,bybit,LTC/USDT:USDT,109.79,1.7,109.78,58.2,109.8,14.2,109.81,79.1
1753769363197,06:09:23.197,bybit,LTC/USDT:USDT,109.79,1.7,109.78,51.4,109.8,14.2,109.81,79.1
1753769363297,06:09:23.297,bybit,LTC/USDT:USDT,109.79,1.7,109.78,51.4,109.8,14.2,109.81,79.1
1753769363397,06:09:23.397,bybit,LTC/USDT:USDT,109.79,1.7,109.78,51.4,109.8,14.2,109.81,79.1
1753769363498,06:09:23.498,bybit,LTC/USDT:USDT,109.79,1.7,109.78,51.4,109.8,14.2,109.81,74.6
1753769363598,06:09:23.598,bybit,LTC/USDT:USDT,109.79,1.7,109.78,51.4,109.8,14.2,109.81,74.6
1753769363697,06:09:23.697,bybit,LTC/USDT:USDT,109.79,1.7,109.78,51.4,109.8,14.2,109.81,74.6
1753769363797,06:09:23.797,bybit,LTC/USDT:USDT,109.79,1.7,109.78,48.2,109.8,14.2,109.81,74.6
1753769363898,06:09:23.898,bybit,LTC/USDT:USDT,109.78,11.1,109.77,63.4,109.79,25.0,109.8,51.1
1753769363997,06:09:23.997,bybit,LTC/USDT:USDT,109.78,11.1,109.77,67.8,109.79,25.0,109.8,51.1
1753769364097,06:09:24.097,bybit,LTC/USDT:USDT,109.78,11.1,109.77,67.8,109.79,25.0,109.8,51.1
1753769364197,06:09:24.197,bybit,LTC/USDT:USDT,109.78,11.1,109.77,67.8,109.79,25.0,109.8,36.5
1753769364297,06:09:24.297,bybit,LTC/USDT:USDT,109.78,11.1,109.77,72.3,109.79,25.0,109.8,36.5
1753769364397,06:09:24.397,bybit,LTC/USDT:USDT,109.78,16.4,109.77,72.3,109.79,25.0,109.8,36.5
1753769364497,06:09:24.497,bybit,LTC/USDT:USDT,109.78,16.4,109.77,72.3,109.79,25.0,109.8,36.5
1753769364597,06:09:24.597,bybit,LTC/USDT:USDT,109.78,11.1,109.77,57.9,109.79,25.0,109.8,36.5
1753769364697,06:09:24.697,bybit,LTC/USDT:USDT,109.78,1.2,109.77,37.3,109.79,30.3,109.8,49.9
1753769364797,06:09:24.797,bybit,LTC/USDT:USDT,109.78,1.0,109.77,37.3,109.79,36.3,109.8,45.4
1753769364897,06:09:24.897,bybit,LTC/USDT:USDT,109.78,3.7,109.77,50.8,109.79,36.3,109.8,55.0
1753769364997,06:09:24.997,bybit,LTC/USDT:USDT,109.79,13.4,109.78,43.5,109.8,29.1,109.81,132.7
1753769365098,06:09:25.098,bybit,LTC/USDT:USDT,109.79,13.4,109.78,48.2,109.8,23.1,109.81,107.3
1753769365297,06:09:25.297,bybit,LTC/USDT:USDT,109.79,13.4,109.78,37.4,109.8,32.8,109.81,107.3
1753769365398,06:09:25.398,bybit,LTC/USDT:USDT,109.78,19.2,109.77,69.1,109.8,44.4,109.81,107.3
1753769365498,06:09:25.498,bybit,LTC/USDT:USDT,109.79,5.3,109.78,19.2,109.8,44.4,109.81,107.3
1753769365597,06:09:25.597,bybit,LTC/USDT:USDT,109.78,6.5,109.77,56.4,109.79,8.2,109.8,54.9
1753769365696,06:09:25.696,bybit,LTC/USDT:USDT,109.78,11.6,109.77,56.4,109.79,43.2,109.8,62.5
1753769365799,06:09:25.799,bybit,LTC/USDT:USDT,109.78,1.0,109.77,56.4,109.79,43.2,109.8,66.9
1753769365897,06:09:25.897,bybit,LTC/USDT:USDT,109.78,1.0,109.77,56.4,109.79,43.2,109.8,66.9
1753769365997,06:09:25.997,bybit,LTC/USDT:USDT,109.78,17.3,109.77,56.4,109.79,33.2,109.8,72.1
1753769366097,06:09:26.097,bybit,LTC/USDT:USDT,109.78,17.3,109.77,56.4,109.79,33.2,109.8,72.1
1753769366197,06:09:26.197,bybit,LTC/USDT:USDT,109.78,1.0,109.77,56.4,109.79,33.2,109.8,81.0
1753769366297,06:09:26.297,bybit,LTC/USDT:USDT,109.78,1.0,109.77,0.9,109.79,52.6,109.8,76.5
1753769366397,06:09:26.397,bybit,LTC/USDT:USDT,109.78,1.0,109.77,0.9,109.79,52.6,109.8,97.1
1753769366497,06:09:26.497,bybit,LTC/USDT:USDT,109.78,1.0,109.77,9.0,109.79,52.6,109.8,102.1
1753769366597,06:09:26.597,bybit,LTC/USDT:USDT,109.78,1.0,109.77,0.9,109.79,52.6,109.8,102.1
1753769366696,06:09:26.696,bybit,LTC/USDT:USDT,109.78,1.0,109.77,0.9,109.79,43.7,109.8,102.1
1753769366797,06:09:26.797,bybit,LTC/USDT:USDT,109.78,1.0,109.77,0.9,109.79,43.7,109.8,109.8
1753769366897,06:09:26.897,bybit,LTC/USDT:USDT,109.78,1.0,109.77,10.3,109.79,43.7,109.8,139.0
1753769366997,06:09:26.997,bybit,LTC/USDT:USDT,109.78,1.0,109.77,10.3,109.79,43.7,109.8,139.0
1753769367097,06:09:27.097,bybit,LTC/USDT:USDT,109.77,0.1,109.76,60.3,109.78,130.7,109.79,108.3
1753769367198,06:09:27.198,bybit,LTC/USDT:USDT,109.76,14.5,109.75,32.4,109.77,66.4,109.78,86.8
1753769367297,06:09:27.297,bybit,LTC/USDT:USDT,109.76,14.5,109.75,32.4,109.77,66.4,109.78,85.9
1753769367397,06:09:27.397,bybit,LTC/USDT:USDT,109.76,17.1,109.75,32.4,109.77,76.2,109.78,90.1
1753769367497,06:09:27.497,bybit,LTC/USDT:USDT,109.76,17.1,109.75,44.0,109.77,76.2,109.78,78.4
1753769367597,06:09:27.597,bybit,LTC/USDT:USDT,109.76,17.1,109.75,44.0,109.77,76.2,109.78,78.4
1753769367697,06:09:27.697,bybit,LTC/USDT:USDT,109.76,17.1,109.75,50.0,109.77,67.9,109.78,60.8
1753769367797,06:09:27.797,bybit,LTC/USDT:USDT,109.76,16.9,109.75,50.0,109.77,67.9,109.78,60.8
1753769367897,06:09:27.897,bybit,LTC/USDT:USDT,109.76,16.9,109.75,50.0,109.77,67.9,109.78,65.0
1753769367997,06:09:27.997,bybit,LTC/USDT:USDT,109.76,16.9,109.75,50.0,109.77,67.9,109.78,65.0
1753769368096,06:09:28.096,bybit,LTC/USDT:USDT,109.76,16.9,109.75,50.9,109.77,67.9,109.78,60.8
1753769368197,06:09:28.197,bybit,LTC/USDT:USDT,109.76,0.1,109.75,20.9,109.77,77.9,109.78,69.2
1753769368297,06:09:28.297,bybit,LTC/USDT:USDT,109.76,0.1,109.75,20.0,109.77,77.9,109.78,70.1
1753769368397,06:09:28.397,bybit,LTC/USDT:USDT,109.76,11.7,109.75,23.1,109.77,77.9,109.78,69.2
1753769368497,06:09:28.497,bybit,LTC/USDT:USDT,109.76,0.1,109.75,23.1,109.77,82.1,109.78,69.2
1753769368598,06:09:28.598,bybit,LTC/USDT:USDT,109.76,0.1,109.75,23.1,109.77,77.9,109.78,69.2
1753769368897,06:09:28.897,bybit,LTC/USDT:USDT,109.76,0.1,109.75,23.1,109.77,77.9,109.78,69.2
1753769368997,06:09:28.997,bybit,LTC/USDT:USDT,109.76,0.1,109.75,23.1,109.77,77.9,109.78,69.2
1753769369097,06:09:29.097,bybit,LTC/USDT:USDT,109.76,0.1,109.75,23.1,109.77,77.9,109.78,69.2
1753769369197,06:09:29.197,bybit,LTC/USDT:USDT,109.76,0.1,109.75,23.1,109.77,77.9,109.78,69.2
1753769369297,06:09:29.297,bybit,LTC/USDT:USDT,109.76,0.1,109.75,23.1,109.77,77.9,109.78,70.1
1753769369497,06:09:29.497,bybit,LTC/USDT:USDT,109.76,3.0,109.75,23.1,109.77,77.9,109.78,77.2
1753769369597,06:09:29.597,bybit,LTC/USDT:USDT,109.76,0.1,109.75,23.1,109.77,77.9,109.78,77.2
1753769369697,06:09:29.697,bybit,LTC/USDT:USDT,109.76,0.1,109.75,23.1,109.77,77.9,109.78,77.2
1753769369798,06:09:29.798,bybit,LTC/USDT:USDT,109.76,0.1,109.75,23.1,109.77,77.9,109.78,77.2
1753769369897,06:09:29.897,bybit,LTC/USDT:USDT,109.76,0.1,109.75,23.1,109.77,77.9,109.78,73.1
1753769369997,06:09:29.997,bybit,LTC/USDT:USDT,109.76,0.1,109.75,23.1,109.77,77.9,109.78,73.1
1753769370096,06:09:30.096,bybit,LTC/USDT:USDT,109.76,0.1,109.75,23.1,109.77,77.9,109.78,73.1
1753769370197,06:09:30.197,bybit,LTC/USDT:USDT,109.76,0.1,109.75,23.1,109.77,77.9,109.78,73.1
1753769370297,06:09:30.297,bybit,LTC/USDT:USDT,109.76,0.1,109.75,23.1,109.77,77.9,109.78,73.1
1753769370397,06:09:30.397,bybit,LTC/USDT:USDT,109.76,0.1,109.75,23.1,109.77,77.9,109.78,68.9
1753769370497,06:09:30.497,bybit,LTC/USDT:USDT,109.76,0.1,109.75,23.1,109.77,77.9,109.78,68.9
1753769370597,06:09:30.597,bybit,LTC/USDT:USDT,109.76,0.1,109.75,23.1,109.77,77.9,109.78,77.2
1753769370697,06:09:30.697,bybit,LTC/USDT:USDT,109.76,0.1,109.75,23.1,109.77,77.9,109.78,77.2
1753769370797,06:09:30.797,bybit,LTC/USDT:USDT,109.76,0.1,109.75,23.1,109.77,77.9,109.78,84.0
1753769370898,06:09:30.898,bybit,LTC/USDT:USDT,109.76,0.1,109.75,0.9,109.77,97.6,109.78,83.1
1753769371098,06:09:31.098,bybit,LTC/USDT:USDT,109.74,29.6,109.73,44.3,109.75,11.6,109.76,47.1
1753769371197,06:09:31.197,bybit,LTC/USDT:USDT,109.74,29.6,109.73,44.3,109.75,15.8,109.76,27.5
1753769371297,06:09:31.297,bybit,LTC/USDT:USDT,109.74,29.6,109.73,44.3,109.75,17.2,109.76,27.5
1753769371397,06:09:31.397,bybit,LTC/USDT:USDT,109.74,29.6,109.73,44.3,109.75,9.3,109.76,19.8
1753769371496,06:09:31.496,bybit,LTC/USDT:USDT,109.74,29.6,109.73,44.3,109.75,9.3,109.76,31.4
1753769371598,06:09:31.598,bybit,LTC/USDT:USDT,109.74,29.6,109.73,44.3,109.75,9.3,109.76,39.9
1753769371696,06:09:31.696,bybit,LTC/USDT:USDT,109.74,16.2,109.73,44.3,109.75,12.2,109.76,45.9
1753769371797,06:09:31.797,bybit,LTC/USDT:USDT,109.74,9.4,109.73,34.3,109.75,46.5,109.76,45.3
1753769371897,06:09:31.897,bybit,LTC/USDT:USDT,109.74,0.3,109.73,34.3,109.75,42.5,109.76,45.3
1753769371997,06:09:31.997,bybit,LTC/USDT:USDT,109.74,0.3,109.73,34.7,109.75,42.5,109.76,41.5
1753769372099,06:09:32.099,bybit,LTC/USDT:USDT,109.74,0.3,109.73,34.7,109.75,42.5,109.76,45.4
1753769372197,06:09:32.197,bybit,LTC/USDT:USDT,109.74,0.3,109.73,18.0,109.75,70.9,109.76,59.4
1753769372297,06:09:32.297,bybit,LTC/USDT:USDT,109.74,0.3,109.73,1.1,109.75,71.8,109.76,58.5
1753769372597,06:09:32.597,bybit,LTC/USDT:USDT,109.73,0.6,109.72,21.2,109.74,103.7,109.75,82.5
1753769372697,06:09:32.697,bybit,LTC/USDT:USDT,109.73,0.6,109.72,21.2,109.74,111.3,109.75,82.5
1753769372797,06:09:32.797,bybit,LTC/USDT:USDT,109.73,0.6,109.72,21.2,109.74,111.3,109.75,82.5
1753769372897,06:09:32.897,bybit,LTC/USDT:USDT,109.73,0.6,109.72,21.2,109.74,109.5,109.75,82.5
1753769372997,06:09:32.997,bybit,LTC/USDT:USDT,109.73,0.6,109.72,21.2,109.74,101.9,109.75,92.5
1753769373097,06:09:33.097,bybit,LTC/USDT:USDT,109.73,3.5,109.72,27.2,109.74,95.9,109.75,92.5
1753769373297,06:09:33.297,bybit,LTC/USDT:USDT,109.73,12.1,109.72,27.2,109.74,47.3,109.75,84.6
1753769373397,06:09:33.397,bybit,LTC/USDT:USDT,109.73,12.1,109.72,27.2,109.74,47.3,109.75,84.6
1753769373497,06:09:33.497,bybit,LTC/USDT:USDT,109.73,12.1,109.72,27.2,109.74,47.3,109.75,88.4
1753769373697,06:09:33.697,bybit,LTC/USDT:USDT,109.73,12.1,109.72,27.2,109.74,47.3,109.75,88.4
1753769373797,06:09:33.797,bybit,LTC/USDT:USDT,109.73,9.2,109.72,27.2,109.74,47.3,109.75,88.4
1753769373897,06:09:33.897,bybit,LTC/USDT:USDT,109.73,9.2,109.72,27.2,109.74,47.3,109.75,92.1
1753769374097,06:09:34.097,bybit,LTC/USDT:USDT,109.73,0.6,109.72,27.2,109.74,51.1,109.75,92.1
1753769374197,06:09:34.197,bybit,LTC/USDT:USDT,109.73,48.1,109.72,37.2,109.74,19.3,109.75,64.9
1753769374697,06:09:34.697,bybit,LTC/USDT:USDT,109.73,0.6,109.72,19.1,109.74,53.7,109.75,96.1
1753769374797,06:09:34.797,bybit,LTC/USDT:USDT,109.73,0.6,109.72,19.1,109.74,53.7,109.75,96.1
1753769374897,06:09:34.897,bybit,LTC/USDT:USDT,109.73,0.6,109.72,19.1,109.74,49.2,109.75,96.1
1753769374997,06:09:34.997,bybit,LTC/USDT:USDT,109.73,0.6,109.72,19.1,109.74,53.7,109.75,96.1
1753769375097,06:09:35.097,bybit,LTC/USDT:USDT,109.73,0.6,109.72,19.1,109.74,53.7,109.75,96.1
1753769375296,06:09:35.296,bybit,LTC/USDT:USDT,109.73,1.6,109.72,25.1,109.74,44.0,109.75,92.4
1753769375397,06:09:35.397,bybit,LTC/USDT:USDT,109.73,1.6,109.72,25.1,109.74,44.0,109.75,92.4
1753769375497,06:09:35.497,bybit,LTC/USDT:USDT,109.73,1.6,109.72,25.1,109.74,44.0,109.75,92.4
1753769375597,06:09:35.597,bybit,LTC/USDT:USDT,109.73,1.6,109.72,25.1,109.74,30.0,109.75,87.8
1753769375897,06:09:35.897,bybit,LTC/USDT:USDT,109.73,1.6,109.72,25.1,109.74,29.1,109.75,96.9
1753769375997,06:09:35.997,bybit,LTC/USDT:USDT,109.73,1.6,109.72,25.1,109.74,33.7,109.75,96.9
1753769376099,06:09:36.099,bybit,LTC/USDT:USDT,109.73,1.6,109.72,25.1,109.74,33.7,109.75,96.9
1753769376197,06:09:36.197,bybit,LTC/USDT:USDT,109.73,1.6,109.72,25.1,109.74,29.1,109.75,96.9
1753769376397,06:09:36.397,bybit,LTC/USDT:USDT,109.73,1.6,109.72,25.1,109.74,29.1,109.75,96.9
1753769376497,06:09:36.497,bybit,LTC/USDT:USDT,109.73,1.6,109.72,25.1,109.74,29.1,109.75,96.9
1753769376598,06:09:36.598,bybit,LTC/USDT:USDT,109.73,1.6,109.72,25.1,109.74,29.1,109.75,96.9
1753769376697,06:09:36.697,bybit,LTC/USDT:USDT,109.73,1.6,109.72,25.1,109.74,29.1,109.75,96.9
1753769376797,06:09:36.797,bybit,LTC/USDT:USDT,109.73,1.6,109.72,25.1,109.74,29.1,109.75,96.9
1753769376997,06:09:36.997,bybit,LTC/USDT:USDT,109.73,1.6,109.72,25.1,109.74,29.1,109.75,96.9
1753769377196,06:09:37.196,bybit,LTC/USDT:USDT,109.73,1.6,109.72,25.1,109.74,29.1,109.75,96.9
1753769377297,06:09:37.297,bybit,LTC/USDT:USDT,109.73,1.6,109.72,25.1,109.74,38.2,109.75,96.9
1753769377397,06:09:37.397,bybit,LTC/USDT:USDT,109.73,1.6,109.72,0.7,109.74,44.2,109.75,96.9
1753769377598,06:09:37.598,bybit,LTC/USDT:USDT,109.73,1.6,109.72,9.8,109.74,35.1,109.75,96.9
1753769377697,06:09:37.697,bybit,LTC/USDT:USDT,109.73,1.6,109.72,9.8,109.74,35.1,109.75,96.9
1753769377797,06:09:37.797,bybit,LTC/USDT:USDT,109.73,1.6,109.72,9.8,109.74,35.1,109.75,103.7
1753769377899,06:09:37.899,bybit,LTC/USDT:USDT,109.73,1.6,109.72,9.8,109.74,35.1,109.75,103.7
1753769377997,06:09:37.997,bybit,LTC/USDT:USDT,109.73,1.6,109.72,9.8,109.74,35.1,109.75,103.7
1753769378100,06:09:38.100,bybit,LTC/USDT:USDT,109.73,1.6,109.72,17.5,109.74,35.1,109.75,103.7
1753769378197,06:09:38.197,bybit,LTC/USDT:USDT,109.73,1.6,109.72,17.5,109.74,35.1,109.75,103.7
1753769378397,06:09:38.397,bybit,LTC/USDT:USDT,109.73,1.6,109.72,17.5,109.74,35.1,109.75,103.7
1753769378497,06:09:38.497,bybit,LTC/USDT:USDT,109.73,1.6,109.72,17.5,109.74,35.1,109.75,103.7
1753769378597,06:09:38.597,bybit,LTC/USDT:USDT,109.73,1.6,109.72,17.5,109.74,35.1,109.75,103.7
1753769378697,06:09:38.697,bybit,LTC/USDT:USDT,109.73,1.6,109.72,9.8,109.74,35.1,109.75,99.2
1753769378797,06:09:38.797,bybit,LTC/USDT:USDT,109.73,1.6,109.72,0.7,109.74,35.1,109.75,99.2
1753769378997,06:09:38.997,bybit,LTC/USDT:USDT,109.72,0.4,109.71,13.0,109.73,98.3,109.74,65.9
1753769379097,06:09:39.097,bybit,LTC/USDT:USDT,109.72,0.4,109.71,21.9,109.73,98.3,109.74,65.9
1753769379396,06:09:39.396,bybit,LTC/USDT:USDT,109.72,0.4,109.71,17.0,109.73,99.2,109.74,77.8
1753769379797,06:09:39.797,bybit,LTC/USDT:USDT,109.71,0.8,109.7,25.9,109.72,109.2,109.73,67.6
1753769379897,06:09:39.897,bybit,LTC/USDT:USDT,109.71,0.8,109.7,14.3,109.72,108.2,109.73,59.9
1753769380099,06:09:40.099,bybit,LTC/USDT:USDT,109.71,0.8,109.7,14.3,109.72,99.4,109.73,59.9
1753769380197,06:09:40.197,bybit,LTC/USDT:USDT,109.71,0.8,109.7,14.3,109.72,103.8,109.73,59.9
1753769380397,06:09:40.397,bybit,LTC/USDT:USDT,109.71,0.8,109.7,14.3,109.72,103.8,109.73,59.9
1753769380497,06:09:40.497,bybit,LTC/USDT:USDT,109.71,0.8,109.7,20.8,109.72,99.4,109.73,59.9
1753769380597,06:09:40.597,bybit,LTC/USDT:USDT,109.71,0.8,109.7,20.8,109.72,99.4,109.73,59.9
1753769380697,06:09:40.697,bybit,LTC/USDT:USDT,109.71,0.8,109.7,20.8,109.72,101.2,109.73,51.0
1753769380797,06:09:40.797,bybit,LTC/USDT:USDT,109.71,14.1,109.7,26.8,109.72,13.2,109.73,51.0
1753769380897,06:09:40.897,bybit,LTC/USDT:USDT,109.71,14.1,109.7,31.2,109.72,13.2,109.73,51.0
1753769380997,06:09:40.997,bybit,LTC/USDT:USDT,109.71,19.4,109.7,31.4,109.72,11.2,109.73,51.0
1753769381097,06:09:41.097,bybit,LTC/USDT:USDT,109.71,19.4,109.7,41.4,109.72,11.2,109.73,51.0
1753769381197,06:09:41.197,bybit,LTC/USDT:USDT,109.71,19.4,109.7,37.0,109.72,10.3,109.73,55.4
1753769381296,06:09:41.296,bybit,LTC/USDT:USDT,109.71,19.4,109.7,37.0,109.72,10.3,109.73,51.0
1753769381397,06:09:41.397,bybit,LTC/USDT:USDT,109.71,19.4,109.7,37.0,109.72,10.3,109.73,51.0
1753769381497,06:09:41.497,bybit,LTC/USDT:USDT,109.71,19.4,109.7,37.0,109.72,10.3,109.73,51.0
1753769381597,06:09:41.597,bybit,LTC/USDT:USDT,109.71,19.4,109.7,41.3,109.72,10.3,109.73,37.0
1753769381697,06:09:41.697,bybit,LTC/USDT:USDT,109.71,19.4,109.7,41.3,109.72,10.3,109.73,37.0
1753769381797,06:09:41.797,bybit,LTC/USDT:USDT,109.71,19.4,109.7,41.3,109.72,10.3,109.73,37.0
1753769381897,06:09:41.897,bybit,LTC/USDT:USDT,109.71,19.4,109.7,41.3,109.72,10.3,109.73,37.0
1753769381997,06:09:41.997,bybit,LTC/USDT:USDT,109.71,2.8,109.7,37.0,109.72,10.3,109.73,59.5
1753769382597,06:09:42.597,bybit,LTC/USDT:USDT,109.71,0.8,109.7,27.0,109.72,12.3,109.73,59.5
1753769382697,06:09:42.697,bybit,LTC/USDT:USDT,109.71,0.8,109.7,27.0,109.72,12.3,109.73,55.2
1753769382897,06:09:42.897,bybit,LTC/USDT:USDT,109.71,0.8,109.7,27.0,109.72,12.3,109.73,59.5
1753769382998,06:09:42.998,bybit,LTC/USDT:USDT,109.71,0.8,109.7,37.0,109.72,22.3,109.73,59.5
1753769383097,06:09:43.097,bybit,LTC/USDT:USDT,109.71,0.8,109.7,37.0,109.72,22.3,109.73,59.5
1753769383397,06:09:43.397,bybit,LTC/USDT:USDT,109.71,0.8,109.7,37.0,109.72,12.3,109.73,59.5
1753769383496,06:09:43.496,bybit,LTC/USDT:USDT,109.71,0.8,109.7,37.0,109.72,12.3,109.73,59.5
1753769383896,06:09:43.896,bybit,LTC/USDT:USDT,109.71,0.8,109.7,37.0,109.72,12.3,109.73,55.2
1753769383997,06:09:43.997,bybit,LTC/USDT:USDT,109.71,14.0,109.7,41.3,109.72,12.3,109.73,51.0
1753769384197,06:09:44.197,bybit,LTC/USDT:USDT,109.71,19.3,109.7,41.3,109.72,10.3,109.73,37.0
1753769384297,06:09:44.297,bybit,LTC/USDT:USDT,109.71,19.3,109.7,45.5,109.72,11.3,109.73,37.0
1753769384397,06:09:44.397,bybit,LTC/USDT:USDT,109.71,19.3,109.7,41.3,109.72,11.3,109.73,37.0
1753769384497,06:09:44.497,bybit,LTC/USDT:USDT,109.71,19.3,109.7,41.3,109.72,11.3,109.73,37.0
1753769384597,06:09:44.597,bybit,LTC/USDT:USDT,109.71,25.3,109.7,45.5,109.72,2.9,109.73,21.0
1753769384697,06:09:44.697,bybit,LTC/USDT:USDT,109.72,94.2,109.71,73.4,109.73,7.3,109.74,17.9
1753769384798,06:09:44.798,bybit,LTC/USDT:USDT,109.73,62.5,109.72,84.2,109.74,9.7,109.75,80.5
1753769384897,06:09:44.897,bybit,LTC/USDT:USDT,109.73,70.9,109.72,85.1,109.74,0.1,109.75,61.6
1753769384998,06:09:44.998,bybit,LTC/USDT:USDT,109.73,76.7,109.72,85.1,109.74,0.1,109.75,51.5
1753769385097,06:09:45.097,bybit,LTC/USDT:USDT,109.73,76.7,109.72,71.5,109.74,0.1,109.75,51.5
1753769385197,06:09:45.197,bybit,LTC/USDT:USDT,109.73,76.7,109.72,71.5,109.74,0.1,109.75,51.5
1753769385397,06:09:45.397,bybit,LTC/USDT:USDT,109.73,76.7,109.72,71.5,109.74,0.1,109.75,51.5
1753769385497,06:09:45.497,bybit,LTC/USDT:USDT,109.73,76.7,109.72,71.5,109.74,0.1,109.75,51.5
1753769385597,06:09:45.597,bybit,LTC/USDT:USDT,109.73,76.7,109.72,71.5,109.74,0.1,109.75,51.5
1753769385698,06:09:45.698,bybit,LTC/USDT:USDT,109.73,76.7,109.72,71.6,109.74,0.1,109.75,51.5
1753769385898,06:09:45.898,bybit,LTC/USDT:USDT,109.73,43.8,109.72,60.3,109.74,3.0,109.75,51.5
1753769385997,06:09:45.997,bybit,LTC/USDT:USDT,109.73,43.8,109.72,60.3,109.74,3.0,109.75,51.5
1753769386099,06:09:46.099,bybit,LTC/USDT:USDT,109.73,43.8,109.72,60.3,109.74,3.0,109.75,51.5
1753769386197,06:09:46.197,bybit,LTC/USDT:USDT,109.73,9.0,109.72,60.3,109.74,33.3,109.75,62.0
1753769386296,06:09:46.296,bybit,LTC/USDT:USDT,109.72,38.3,109.71,105.1,109.73,0.1,109.74,44.9
1753769386397,06:09:46.397,bybit,LTC/USDT:USDT,109.72,7.5,109.71,62.3,109.73,0.1,109.74,46.0
1753769386497,06:09:46.497,bybit,LTC/USDT:USDT,109.72,6.8,109.71,70.6,109.73,59.7,109.74,46.0
1753769386597,06:09:46.597,bybit,LTC/USDT:USDT,109.72,6.8,109.71,77.0,109.73,59.7,109.74,50.5
1753769386697,06:09:46.697,bybit,LTC/USDT:USDT,109.72,3.0,109.71,81.2,109.73,20.8,109.74,41.0
1753769386797,06:09:46.797,bybit,LTC/USDT:USDT,109.72,7.2,109.71,81.2,109.73,8.3,109.74,41.0
1753769386897,06:09:46.897,bybit,LTC/USDT:USDT,109.72,8.1,109.71,81.2,109.73,8.2,109.74,37.4
1753769386997,06:09:46.997,bybit,LTC/USDT:USDT,109.72,8.1,109.71,84.5,109.73,8.2,109.74,45.6
1753769387097,06:09:47.097,bybit,LTC/USDT:USDT,109.72,8.1,109.71,80.3,109.73,8.2,109.74,45.6
1753769387197,06:09:47.197,bybit,LTC/USDT:USDT,109.72,10.1,109.71,84.5,109.73,8.2,109.74,45.6
1753769387297,06:09:47.297,bybit,LTC/USDT:USDT,109.72,10.1,109.71,80.3,109.73,8.2,109.74,45.6
1753769387397,06:09:47.397,bybit,LTC/USDT:USDT,109.72,10.1,109.71,84.5,109.73,8.2,109.74,45.6
1753769387498,06:09:47.498,bybit,LTC/USDT:USDT,109.71,27.6,109.7,87.6,109.72,6.0,109.73,37.7
1753769387697,06:09:47.697,bybit,LTC/USDT:USDT,109.72,2.9,109.71,37.9,109.73,17.6,109.74,57.0
1753769387797,06:09:47.797,bybit,LTC/USDT:USDT,109.72,2.9,109.71,37.9,109.73,17.6,109.74,65.4
1753769387896,06:09:47.896,bybit,LTC/USDT:USDT,109.72,23.1,109.71,59.7,109.73,8.4,109.74,47.0
1753769387997,06:09:47.997,bybit,LTC/USDT:USDT,109.72,37.3,109.71,78.8,109.73,7.4,109.74,35.6
1753769388097,06:09:48.097,bybit,LTC/USDT:USDT,109.73,34.1,109.72,55.1,109.74,0.2,109.75,164.3
1753769388197,06:09:48.197,bybit,LTC/USDT:USDT,109.73,43.1,109.72,55.1,109.74,8.2,109.75,71.9
1753769388297,06:09:48.297,bybit,LTC/USDT:USDT,109.73,41.5,109.72,55.1,109.74,0.2,109.75,61.9
1753769388397,06:09:48.397,bybit,LTC/USDT:USDT,109.73,41.5,109.72,55.1,109.74,0.2,109.75,61.9
1753769388498,06:09:48.498,bybit,LTC/USDT:USDT,109.73,37.3,109.72,55.1,109.74,0.2,109.75,61.9
1753769388598,06:09:48.598,bybit,LTC/USDT:USDT,109.73,37.3,109.72,55.1,109.74,0.2,109.75,51.9
1753769388697,06:09:48.697,bybit,LTC/USDT:USDT,109.73,37.3,109.72,55.2,109.74,0.2,109.75,51.9
1753769388797,06:09:48.797,bybit,LTC/USDT:USDT,109.73,37.3,109.72,62.0,109.74,0.2,109.75,56.4
1753769388897,06:09:48.897,bybit,LTC/USDT:USDT,109.73,37.3,109.72,62.0,109.74,0.1,109.75,56.4
1753769388997,06:09:48.997,bybit,LTC/USDT:USDT,109.73,47.3,109.72,76.0,109.74,0.1,109.75,56.4
1753769389097,06:09:49.097,bybit,LTC/USDT:USDT,109.73,34.4,109.72,76.9,109.74,3.0,109.75,56.4
1753769389197,06:09:49.197,bybit,LTC/USDT:USDT,109.73,23.3,109.72,72.7,109.74,3.0,109.75,56.4
1753769389297,06:09:49.297,bybit,LTC/USDT:USDT,109.73,27.5,109.72,76.9,109.74,0.1,109.75,56.4
1753769389396,06:09:49.396,bybit,LTC/USDT:USDT,109.73,27.5,109.72,76.9,109.74,0.1,109.75,56.4
1753769389497,06:09:49.497,bybit,LTC/USDT:USDT,109.73,27.5,109.72,76.9,109.74,0.1,109.75,56.4
1753769389597,06:09:49.597,bybit,LTC/USDT:USDT,109.73,27.5,109.72,76.9,109.74,0.1,109.75,56.4
1753769389697,06:09:49.697,bybit,LTC/USDT:USDT,109.73,27.5,109.72,76.9,109.74,0.1,109.75,56.4
1753769389797,06:09:49.797,bybit,LTC/USDT:USDT,109.73,27.5,109.72,76.9,109.74,0.1,109.75,56.4
1753769389897,06:09:49.897,bybit,LTC/USDT:USDT,109.73,27.5,109.72,76.9,109.74,0.1,109.75,45.8
1753769389997,06:09:49.997,bybit,LTC/USDT:USDT,109.73,41.7,109.72,76.9,109.74,0.1,109.75,41.3
1753769390098,06:09:50.098,bybit,LTC/USDT:USDT,109.73,42.6,109.72,76.0,109.74,0.1,109.75,20.6
1753769390197,06:09:50.197,bybit,LTC/USDT:USDT,109.73,38.4,109.72,76.0,109.74,0.1,109.75,20.4
1753769390297,06:09:50.297,bybit,LTC/USDT:USDT,109.73,39.3,109.72,76.0,109.74,0.1,109.75,29.0
1753769390496,06:09:50.496,bybit,LTC/USDT:USDT,109.73,39.3,109.72,76.0,109.74,0.1,109.75,29.0
1753769390598,06:09:50.598,bybit,LTC/USDT:USDT,109.73,39.3,109.72,76.0,109.74,0.1,109.75,29.0
1753769390697,06:09:50.697,bybit,LTC/USDT:USDT,109.73,39.3,109.72,76.0,109.74,0.1,109.75,29.0
1753769390798,06:09:50.798,bybit,LTC/USDT:USDT,109.73,39.3,109.72,76.0,109.74,0.1,109.75,29.0
1753769390997,06:09:50.997,bybit,LTC/USDT:USDT,109.73,39.3,109.72,76.0,109.74,0.1,109.75,29.0
1753769391097,06:09:51.097,bybit,LTC/USDT:USDT,109.73,43.5,109.72,76.0,109.74,0.1,109.75,29.0
1753769391197,06:09:51.197,bybit,LTC/USDT:USDT,109.73,43.5,109.72,76.0,109.74,0.1,109.75,29.0
1753769391298,06:09:51.298,bybit,LTC/USDT:USDT,109.73,39.3,109.72,76.0,109.74,0.1,109.75,29.0
1753769391397,06:09:51.397,bybit,LTC/USDT:USDT,109.73,39.3,109.72,76.0,109.74,0.1,109.75,29.0
1753769391497,06:09:51.497,bybit,LTC/USDT:USDT,109.73,26.1,109.72,67.6,109.74,0.1,109.75,35.0
1753769391598,06:09:51.598,bybit,LTC/USDT:USDT,109.73,26.1,109.72,67.6,109.74,0.1,109.75,49.6
1753769391696,06:09:51.696,bybit,LTC/USDT:USDT,109.73,26.1,109.72,67.6,109.74,0.1,109.75,49.6
1753769391797,06:09:51.797,bybit,LTC/USDT:USDT,109.73,26.1,109.72,67.6,109.74,0.1,109.75,49.6
1753769391896,06:09:51.896,bybit,LTC/USDT:USDT,109.73,26.1,109.72,67.6,109.74,0.1,109.75,59.6
1753769391997,06:09:51.997,bybit,LTC/USDT:USDT,109.73,26.1,109.72,67.6,109.74,0.1,109.75,59.6
1753769392102,06:09:52.102,bybit,LTC/USDT:USDT,109.73,26.1,109.72,67.6,109.74,0.1,109.75,59.6
1753769392197,06:09:52.197,bybit,LTC/USDT:USDT,109.73,26.1,109.72,67.6,109.74,0.1,109.75,59.6
1753769392297,06:09:52.297,bybit,LTC/USDT:USDT,109.73,16.1,109.72,67.6,109.74,3.0,109.75,64.0
1753769392397,06:09:52.397,bybit,LTC/USDT:USDT,109.73,16.1,109.72,67.6,109.74,3.0,109.75,64.0
1753769392497,06:09:52.497,bybit,LTC/USDT:USDT,109.73,16.1,109.72,67.6,109.74,0.1,109.75,64.0
1753769392597,06:09:52.597,bybit,LTC/USDT:USDT,109.73,15.2,109.72,68.5,109.74,0.1,109.75,78.0
1753769392697,06:09:52.697,bybit,LTC/USDT:USDT,109.73,15.2,109.72,68.5,109.74,0.1,109.75,73.8
1753769392797,06:09:52.797,bybit,LTC/USDT:USDT,109.73,15.2,109.72,68.5,109.74,0.1,109.75,78.0
1753769392897,06:09:52.897,bybit,LTC/USDT:USDT,109.73,15.2,109.72,68.5,109.74,3.0,109.75,78.0
1753769392997,06:09:52.997,bybit,LTC/USDT:USDT,109.72,6.1,109.71,46.9,109.73,12.5,109.74,69.0
1753769393097,06:09:53.097,bybit,LTC/USDT:USDT,109.72,12.8,109.71,46.9,109.73,38.2,109.74,74.5
1753769393198,06:09:53.198,bybit,LTC/USDT:USDT,109.72,3.5,109.71,29.4,109.73,57.9,109.74,78.4
1753769393297,06:09:53.297,bybit,LTC/USDT:USDT,109.72,3.5,109.71,29.4,109.73,57.9,109.74,78.4
1753769393397,06:09:53.397,bybit,LTC/USDT:USDT,109.72,0.6,109.71,29.4,109.73,58.2,109.74,68.9
1753769393497,06:09:53.497,bybit,LTC/USDT:USDT,109.72,0.6,109.71,24.1,109.73,66.6,109.74,68.9
1753769393597,06:09:53.597,bybit,LTC/USDT:USDT,109.71,0.8,109.7,12.7,109.72,96.0,109.73,53.9
1753769393697,06:09:53.697,bybit,LTC/USDT:USDT,109.71,3.7,109.7,12.7,109.72,87.1,109.73,78.5
1753769393797,06:09:53.797,bybit,LTC/USDT:USDT,109.71,12.6,109.7,12.7,109.72,84.2,109.73,74.3
1753769393897,06:09:53.897,bybit,LTC/USDT:USDT,109.71,12.6,109.7,27.7,109.72,94.2,109.73,75.2
1753769393997,06:09:53.997,bybit,LTC/USDT:USDT,109.71,12.6,109.7,17.9,109.72,94.2,109.73,79.4
1753769394098,06:09:54.098,bybit,LTC/USDT:USDT,109.71,12.6,109.7,17.9,109.72,94.2,109.73,78.5
1753769394196,06:09:54.196,bybit,LTC/USDT:USDT,109.71,12.6,109.7,17.9,109.72,94.2,109.73,78.5
1753769394397,06:09:54.397,bybit,LTC/USDT:USDT,109.71,12.6,109.7,17.9,109.72,84.2,109.73,78.5
1753769394497,06:09:54.497,bybit,LTC/USDT:USDT,109.71,12.6,109.7,17.9,109.72,84.2,109.73,78.5
1753769394697,06:09:54.697,bybit,LTC/USDT:USDT,109.72,2.9,109.71,44.6,109.73,34.7,109.74,113.4
1753769394797,06:09:54.797,bybit,LTC/USDT:USDT,109.72,2.9,109.71,44.6,109.73,28.2,109.74,92.8
1753769394896,06:09:54.896,bybit,LTC/USDT:USDT,109.72,2.9,109.71,44.6,109.73,28.2,109.74,96.9
1753769394997,06:09:54.997,bybit,LTC/USDT:USDT,109.72,2.9,109.71,44.6,109.73,28.2,109.74,75.2
1753769395197,06:09:55.197,bybit,LTC/USDT:USDT,109.72,2.9,109.71,44.6,109.73,28.2,109.74,71.1
1753769395297,06:09:55.297,bybit,LTC/USDT:USDT,109.72,2.9,109.71,44.6,109.73,28.2,109.74,75.2
1753769395397,06:09:55.397,bybit,LTC/USDT:USDT,109.72,2.9,109.71,44.6,109.73,28.2,109.74,71.1
1753769395497,06:09:55.497,bybit,LTC/USDT:USDT,109.72,2.9,109.71,44.6,109.73,14.2,109.74,71.1
1753769395597,06:09:55.597,bybit,LTC/USDT:USDT,109.72,2.9,109.71,44.6,109.73,14.2,109.74,72.0
1753769395697,06:09:55.697,bybit,LTC/USDT:USDT,109.72,2.9,109.71,44.6,109.73,15.1,109.74,71.1
1753769395797,06:09:55.797,bybit,LTC/USDT:USDT,109.72,2.9,109.71,44.6,109.73,15.1,109.74,82.0
1753769395897,06:09:55.897,bybit,LTC/USDT:USDT,109.72,2.9,109.71,44.6,109.73,25.1,109.74,82.0
1753769396099,06:09:56.099,bybit,LTC/USDT:USDT,109.72,2.9,109.71,44.6,109.73,25.1,109.74,82.0
1753769396297,06:09:56.297,bybit,LTC/USDT:USDT,109.72,2.9,109.71,44.6,109.73,25.1,109.74,82.0
