timestamp,time,exchange,symbol,bid1_price,bid1_volume,bid2_price,bid2_volume,ask1_price,ask1_volume,ask2_price,ask2_volume
1753769521088,06:12:01.088,bitget,ETH/USDT:USDT,3806.41,40.91,3806.35,33.51,3806.42,118.26,3806.44,10.05
1753769521389,06:12:01.389,bitget,ETH/USDT:USDT,3806.41,27.01,3806.36,14.68,3806.42,122.25,3806.55,0.08
1753769521490,06:12:01.490,bitget,ETH/USDT:USDT,3806.41,27.01,3806.36,8.5,3806.42,122.25,3806.55,0.08
1753769521792,06:12:01.792,bitget,ETH/USDT:USDT,3806.41,36.75,3806.36,25.16,3806.42,122.25,3806.55,0.08
1753769521893,06:12:01.893,bitget,ETH/USDT:USDT,3806.41,46.23,3806.36,25.16,3806.42,122.36,3806.55,0.08
1753769521992,06:12:01.992,bitget,ETH/USDT:USDT,3806.41,67.25,3806.37,30.0,3806.42,122.36,3806.55,0.08
1753769522093,06:12:02.093,bitget,ETH/USDT:USDT,3806.41,67.25,3806.38,15.76,3806.42,122.36,3806.55,0.08
1753769522192,06:12:02.192,bitget,ETH/USDT:USDT,3806.41,83.01,3806.37,30.0,3806.42,118.37,3806.55,0.08
1753769522797,06:12:02.797,bitget,ETH/USDT:USDT,3806.41,78.51,3806.37,15.76,3806.42,118.37,3806.55,0.08
1753769522898,06:12:02.898,bitget,ETH/USDT:USDT,3806.41,73.27,3806.37,15.76,3806.42,122.36,3806.55,0.08
1753769522997,06:12:02.997,bitget,ETH/USDT:USDT,3806.41,84.07,3806.38,28.0,3806.42,122.36,3806.55,0.08
1753769523098,06:12:03.098,bitget,ETH/USDT:USDT,3806.41,99.83,3806.39,39.35,3806.42,122.36,3806.55,0.08
1753769523197,06:12:03.197,bitget,ETH/USDT:USDT,3806.41,99.83,3806.39,39.35,3806.42,122.36,3806.55,0.08
1753769523297,06:12:03.297,bitget,ETH/USDT:USDT,3806.41,99.83,3806.39,26.23,3806.42,122.36,3806.55,0.08
1753769523599,06:12:03.599,bitget,ETH/USDT:USDT,3806.41,62.72,3806.39,26.23,3806.42,122.36,3806.55,0.08
1753769524101,06:12:04.101,bitget,ETH/USDT:USDT,3806.41,71.16,3806.39,13.22,3806.42,120.9,3806.55,0.08
1753769524201,06:12:04.201,bitget,ETH/USDT:USDT,3806.41,71.16,3806.39,13.22,3806.42,120.9,3806.55,0.08
1753769524301,06:12:04.301,bitget,ETH/USDT:USDT,3806.41,71.16,3806.39,9.35,3806.42,120.9,3806.55,0.08
1753769524402,06:12:04.402,bitget,ETH/USDT:USDT,3806.41,71.16,3806.39,9.35,3806.42,120.9,3806.55,0.08
1753769524502,06:12:04.502,bitget,ETH/USDT:USDT,3806.41,65.3,3806.39,9.35,3806.42,120.9,3806.55,0.08
1753769524603,06:12:04.603,bitget,ETH/USDT:USDT,3806.41,45.35,3806.39,9.35,3806.42,120.66,3806.55,0.08
1753769524804,06:12:04.804,bitget,ETH/USDT:USDT,3806.41,2.47,3806.26,5.66,3806.42,122.54,3806.55,0.08
1753769524906,06:12:04.906,bitget,ETH/USDT:USDT,3806.41,2.47,3806.27,30.4,3806.42,135.14,3806.55,0.08
1753769525006,06:12:05.006,bitget,ETH/USDT:USDT,3806.41,2.47,3806.27,30.4,3806.42,135.14,3806.55,0.08
1753769525106,06:12:05.106,bitget,ETH/USDT:USDT,3806.41,2.47,3806.27,30.4,3806.42,135.14,3806.55,0.08
1753769525207,06:12:05.207,bitget,ETH/USDT:USDT,3806.41,2.47,3806.1,1.05,3806.42,135.14,3806.55,0.08
1753769525307,06:12:05.307,bitget,ETH/USDT:USDT,3806.1,1.05,3806.0,43.01,3806.11,57.58,3806.13,5.12
1753769525407,06:12:05.407,bitget,ETH/USDT:USDT,3806.1,62.02,3806.01,40.66,3806.11,233.41,3806.26,43.92
1753769525511,06:12:05.511,bitget,ETH/USDT:USDT,3806.1,66.04,3806.01,18.2,3806.11,198.4,3806.25,13.18
1753769525614,06:12:05.614,bitget,ETH/USDT:USDT,3806.1,70.81,3806.01,38.38,3806.11,143.4,3806.25,4.63
1753769526020,06:12:06.020,bitget,ETH/USDT:USDT,3806.1,86.57,3806.03,30.98,3806.11,138.4,3806.22,22.8
1753769526125,06:12:06.125,bitget,ETH/USDT:USDT,3806.1,86.57,3806.03,30.98,3806.11,138.4,3806.22,22.8
1753769526626,06:12:06.626,bitget,ETH/USDT:USDT,3806.1,171.32,3806.04,8.52,3806.11,32.74,3806.21,19.7
1753769526727,06:12:06.727,bitget,ETH/USDT:USDT,3806.1,171.32,3806.04,8.52,3806.11,31.15,3806.22,22.8
1753769526929,06:12:06.929,bitget,ETH/USDT:USDT,3806.1,171.32,3806.04,8.52,3806.11,31.15,3806.22,22.8
1753769527129,06:12:07.129,bitget,ETH/USDT:USDT,3806.1,171.32,3806.04,8.52,3806.11,26.15,3806.22,22.8
1753769527229,06:12:07.229,bitget,ETH/USDT:USDT,3806.1,171.32,3806.04,8.52,3806.11,26.15,3806.22,22.8
1753769527329,06:12:07.329,bitget,ETH/USDT:USDT,3806.1,171.32,3806.04,8.52,3806.11,26.15,3806.22,22.8
1753769527630,06:12:07.630,bitget,ETH/USDT:USDT,3806.1,171.32,3806.04,8.52,3806.11,26.15,3806.22,22.8
1753769527830,06:12:07.830,bitget,ETH/USDT:USDT,3806.1,171.32,3806.04,8.52,3806.11,26.15,3806.22,22.8
1753769528030,06:12:08.030,bitget,ETH/USDT:USDT,3806.1,171.32,3806.04,8.52,3806.11,26.15,3806.22,22.8
1753769528132,06:12:08.132,bitget,ETH/USDT:USDT,3806.1,171.32,3806.04,8.52,3806.11,26.15,3806.22,22.8
1753769528233,06:12:08.233,bitget,ETH/USDT:USDT,3806.1,171.32,3806.04,8.52,3806.11,26.15,3806.22,22.8
1753769528336,06:12:08.336,bitget,ETH/USDT:USDT,3806.1,171.32,3806.04,8.52,3806.11,26.15,3806.22,22.8
1753769528537,06:12:08.537,bitget,ETH/USDT:USDT,3806.1,171.32,3806.04,8.52,3806.11,26.15,3806.22,22.8
1753769528637,06:12:08.637,bitget,ETH/USDT:USDT,3806.1,171.32,3806.04,8.52,3806.11,26.15,3806.22,22.8
1753769528837,06:12:08.837,bitget,ETH/USDT:USDT,3806.1,171.32,3806.04,8.52,3806.11,26.15,3806.22,22.8
1753769528937,06:12:08.937,bitget,ETH/USDT:USDT,3806.1,171.22,3806.04,8.52,3806.11,26.15,3806.22,22.8
1753769529137,06:12:09.137,bitget,ETH/USDT:USDT,3806.1,81.87,3806.06,26.25,3806.11,38.32,3806.14,19.7
1753769529237,06:12:09.237,bitget,ETH/USDT:USDT,3806.1,81.87,3806.06,26.25,3806.11,38.32,3806.14,19.7
1753769530141,06:12:10.141,bitget,ETH/USDT:USDT,3806.1,81.87,3806.09,25.19,3806.11,38.67,3806.14,19.7
1753769530241,06:12:10.241,bitget,ETH/USDT:USDT,3806.1,80.68,3806.09,25.19,3806.11,38.67,3806.14,19.7
1753769530341,06:12:10.341,bitget,ETH/USDT:USDT,3806.1,80.68,3806.09,25.19,3806.11,38.67,3806.14,19.7
1753769530441,06:12:10.441,bitget,ETH/USDT:USDT,3806.1,81.87,3806.09,25.19,3806.11,38.67,3806.14,19.7
1753769530544,06:12:10.544,bitget,ETH/USDT:USDT,3806.1,81.87,3806.09,25.19,3806.11,38.67,3806.14,19.7
1753769530643,06:12:10.643,bitget,ETH/USDT:USDT,3806.1,107.52,3806.09,25.19,3806.11,33.72,3806.24,17.58
1753769531554,06:12:11.554,bitget,ETH/USDT:USDT,3806.41,245.99,3806.34,35.4,3806.42,0.12,3806.54,9.07
1753769531654,06:12:11.654,bitget,ETH/USDT:USDT,3806.41,240.89,3806.34,35.4,3806.42,0.12,3806.54,15.23
1753769531754,06:12:11.754,bitget,ETH/USDT:USDT,3806.41,240.89,3806.34,35.4,3806.42,0.12,3806.55,42.99
1753769531955,06:12:11.955,bitget,ETH/USDT:USDT,3806.41,240.89,3806.34,35.4,3806.42,0.12,3806.55,42.99
1753769532054,06:12:12.054,bitget,ETH/USDT:USDT,3806.41,240.89,3806.34,35.4,3806.42,0.12,3806.54,11.7
1753769532154,06:12:12.154,bitget,ETH/USDT:USDT,3806.41,240.89,3806.34,35.4,3806.42,0.12,3806.54,11.7
1753769532254,06:12:12.254,bitget,ETH/USDT:USDT,3806.41,240.89,3806.34,35.4,3806.42,2.68,3806.54,11.7
1753769532354,06:12:12.354,bitget,ETH/USDT:USDT,3806.41,159.46,3806.34,35.4,3806.42,17.98,3806.54,16.03
1753769532455,06:12:12.455,bitget,ETH/USDT:USDT,3806.41,81.35,3806.35,15.76,3806.42,59.24,3806.53,15.42
1753769532556,06:12:12.556,bitget,ETH/USDT:USDT,3806.41,6.89,3806.32,5.31,3806.42,78.94,3806.52,25.71
1753769532657,06:12:12.657,bitget,ETH/USDT:USDT,3806.41,1.99,3806.32,5.31,3806.42,78.94,3806.51,35.91
1753769532758,06:12:12.758,bitget,ETH/USDT:USDT,3806.41,1.99,3806.32,5.31,3806.42,78.94,3806.51,35.91
1753769533464,06:12:13.464,bitget,ETH/USDT:USDT,3806.41,24.48,3806.33,6.12,3806.42,78.83,3806.5,30.4
1753769533666,06:12:13.666,bitget,ETH/USDT:USDT,3806.41,24.48,3806.33,1.59,3806.42,78.83,3806.5,30.4
1753769533766,06:12:13.766,bitget,ETH/USDT:USDT,3806.41,36.25,3806.33,1.59,3806.42,46.93,3806.51,35.91
1753769533867,06:12:13.867,bitget,ETH/USDT:USDT,3806.41,61.4,3806.33,23.75,3806.42,42.33,3806.51,35.91
1753769533967,06:12:13.967,bitget,ETH/USDT:USDT,3806.41,61.75,3806.33,23.75,3806.42,36.55,3806.51,23.57
1753769534068,06:12:14.068,bitget,ETH/USDT:USDT,3806.41,120.85,3806.33,23.75,3806.42,36.55,3806.51,23.57
1753769534168,06:12:14.168,bitget,ETH/USDT:USDT,3806.41,146.5,3806.33,3.76,3806.42,5.13,3806.51,23.57
1753769534368,06:12:14.368,bitget,ETH/USDT:USDT,3806.54,313.34,3806.52,28.0,3806.55,62.22,3806.56,17.58
1753769534468,06:12:14.468,bitget,ETH/USDT:USDT,3806.54,313.35,3806.44,49.02,3806.55,34.39,3806.56,17.58
1753769534568,06:12:14.568,bitget,ETH/USDT:USDT,3806.54,313.33,3806.45,36.45,3806.55,34.39,3806.56,17.58
1753769535481,06:12:15.481,bitget,ETH/USDT:USDT,3806.55,312.78,3806.54,123.86,3806.56,51.48,3806.62,42.98
1753769535884,06:12:15.884,bitget,ETH/USDT:USDT,3806.55,235.62,3806.54,95.32,3806.56,51.48,3806.62,42.98
1753769536085,06:12:16.085,bitget,ETH/USDT:USDT,3806.55,238.54,3806.54,114.16,3806.56,59.62,3806.61,11.62
1753769536487,06:12:16.487,bitget,ETH/USDT:USDT,3806.55,321.68,3806.54,95.32,3806.56,59.62,3806.62,42.98
1753769536587,06:12:16.587,bitget,ETH/USDT:USDT,3806.55,307.94,3806.54,95.32,3806.56,59.62,3806.62,42.98
1753769536788,06:12:16.788,bitget,ETH/USDT:USDT,3806.55,315.8,3806.54,95.32,3806.56,59.62,3806.62,42.98
1753769536889,06:12:16.889,bitget,ETH/USDT:USDT,3806.55,316.86,3806.54,95.32,3806.56,59.62,3806.62,42.98
1753769537691,06:12:17.691,bitget,ETH/USDT:USDT,3806.61,18.16,3806.56,19.25,3806.65,0.01,3806.88,0.2
1753769538093,06:12:18.093,bitget,ETH/USDT:USDT,3806.87,360.56,3806.82,16.5,3806.88,0.21,3807.12,0.47
1753769538294,06:12:18.294,bitget,ETH/USDT:USDT,3806.87,360.56,3806.82,16.5,3806.88,0.21,3807.12,0.47
1753769538395,06:12:18.395,bitget,ETH/USDT:USDT,3806.87,360.56,3806.82,16.5,3806.88,0.21,3807.12,0.47
1753769538696,06:12:18.696,bitget,ETH/USDT:USDT,3806.87,342.56,3806.82,16.5,3806.88,0.21,3807.12,0.47
1753769538796,06:12:18.796,bitget,ETH/USDT:USDT,3807.1,33.66,3807.04,4.47,3807.11,0.1,3807.12,3.03
1753769539297,06:12:19.297,bitget,ETH/USDT:USDT,3807.1,25.01,3806.98,15.42,3807.11,85.77,3807.12,0.47
1753769539397,06:12:19.397,bitget,ETH/USDT:USDT,3807.1,126.15,3806.98,28.63,3807.11,42.47,3807.12,0.47
1753769539497,06:12:19.497,bitget,ETH/USDT:USDT,3807.1,200.99,3806.98,53.3,3807.11,8.15,3807.12,0.47
1753769539797,06:12:19.797,bitget,ETH/USDT:USDT,3807.1,200.99,3806.99,21.71,3807.11,8.15,3807.12,0.47
1753769540198,06:12:20.198,bitget,ETH/USDT:USDT,3807.11,23.99,3807.1,201.0,3807.12,0.47,3807.28,18.0
1753769540599,06:12:20.599,bitget,ETH/USDT:USDT,3807.11,365.75,3807.1,48.27,3807.12,0.47,3807.28,18.0
1753769541101,06:12:21.101,bitget,ETH/USDT:USDT,3807.11,395.85,3807.1,48.27,3807.12,0.48,3807.28,18.0
1753769541302,06:12:21.302,bitget,ETH/USDT:USDT,3807.11,396.08,3807.1,48.27,3807.12,0.48,3807.28,18.0
1753769541401,06:12:21.401,bitget,ETH/USDT:USDT,3807.11,403.74,3807.1,48.27,3807.12,0.48,3807.28,18.0
1753769541503,06:12:21.503,bitget,ETH/USDT:USDT,3807.11,395.85,3807.1,48.27,3807.12,0.48,3807.28,18.0
1753769541603,06:12:21.603,bitget,ETH/USDT:USDT,3807.11,384.02,3807.1,48.27,3807.12,0.48,3807.28,18.0
1753769541803,06:12:21.803,bitget,ETH/USDT:USDT,3807.11,403.3,3807.1,48.27,3807.12,0.47,3807.33,0.2
1753769541903,06:12:21.903,bitget,ETH/USDT:USDT,3807.11,406.48,3807.1,48.27,3807.12,0.47,3807.33,0.2
1753769542003,06:12:22.003,bitget,ETH/USDT:USDT,3807.11,405.01,3807.1,48.27,3807.12,0.47,3807.33,0.2
1753769542103,06:12:22.103,bitget,ETH/USDT:USDT,3807.11,404.78,3807.1,48.27,3807.12,0.47,3807.33,0.2
1753769542404,06:12:22.404,bitget,ETH/USDT:USDT,3807.11,101.95,3807.1,0.35,3807.12,31.39,3807.21,19.69
1753769542504,06:12:22.504,bitget,ETH/USDT:USDT,3807.11,101.85,3807.1,0.35,3807.12,31.39,3807.2,15.99
1753769542604,06:12:22.604,bitget,ETH/USDT:USDT,3807.11,124.46,3807.1,0.35,3807.12,31.38,3807.2,15.99
1753769542704,06:12:22.704,bitget,ETH/USDT:USDT,3807.11,125.22,3807.1,0.35,3807.12,61.78,3807.2,15.99
1753769542804,06:12:22.804,bitget,ETH/USDT:USDT,3807.11,184.31,3807.1,0.35,3807.12,57.18,3807.2,15.99
1753769543111,06:12:23.111,bitget,ETH/USDT:USDT,3807.11,218.89,3807.1,0.35,3807.12,14.08,3807.2,15.99
1753769543211,06:12:23.211,bitget,ETH/USDT:USDT,3807.11,249.17,3807.1,0.35,3807.12,13.73,3807.3,18.0
1753769543311,06:12:23.311,bitget,ETH/USDT:USDT,3807.11,219.03,3807.1,0.35,3807.12,13.73,3807.29,5.46
1753769543414,06:12:23.414,bitget,ETH/USDT:USDT,3807.11,219.03,3807.1,0.35,3807.12,13.73,3807.29,5.46
1753769543717,06:12:23.717,bitget,ETH/USDT:USDT,3807.11,223.07,3807.1,0.35,3807.12,13.73,3807.28,30.4
1753769544118,06:12:24.118,bitget,ETH/USDT:USDT,3807.11,226.23,3807.1,0.35,3807.12,13.73,3807.27,14.58
1753769544421,06:12:24.421,bitget,ETH/USDT:USDT,3807.11,227.41,3807.1,0.35,3807.12,13.73,3807.27,14.58
1753769544521,06:12:24.521,bitget,ETH/USDT:USDT,3807.11,227.41,3807.1,0.35,3807.12,13.73,3807.27,14.58
1753769544622,06:12:24.622,bitget,ETH/USDT:USDT,3807.11,227.41,3807.1,0.35,3807.12,13.73,3807.27,14.58
1753769544722,06:12:24.722,bitget,ETH/USDT:USDT,3807.11,227.57,3807.1,0.35,3807.12,13.73,3807.26,30.4
1753769544925,06:12:24.925,bitget,ETH/USDT:USDT,3807.11,270.48,3807.1,0.35,3807.12,5.59,3807.25,14.58
1753769545025,06:12:25.025,bitget,ETH/USDT:USDT,3807.11,267.9,3807.1,0.35,3807.12,5.59,3807.25,14.58
1753769545126,06:12:25.126,bitget,ETH/USDT:USDT,3807.11,267.9,3807.1,0.35,3807.12,5.59,3807.25,14.58
1753769545225,06:12:25.225,bitget,ETH/USDT:USDT,3807.11,267.9,3807.1,0.35,3807.12,5.59,3807.25,14.58
1753769545326,06:12:25.326,bitget,ETH/USDT:USDT,3807.11,271.65,3807.1,0.35,3807.12,0.46,3807.3,18.0
1753769545427,06:12:25.427,bitget,ETH/USDT:USDT,3807.11,271.88,3807.1,0.35,3807.12,0.46,3807.3,18.0
1753769545527,06:12:25.527,bitget,ETH/USDT:USDT,3807.11,271.87,3807.1,0.35,3807.12,0.47,3807.3,18.0
1753769545627,06:12:25.627,bitget,ETH/USDT:USDT,3807.11,271.87,3807.1,0.35,3807.12,0.47,3807.3,18.0
1753769545727,06:12:25.727,bitget,ETH/USDT:USDT,3807.11,271.64,3807.1,0.35,3807.12,0.47,3807.3,18.0
1753769545828,06:12:25.828,bitget,ETH/USDT:USDT,3807.11,271.64,3807.1,0.35,3807.12,0.46,3807.3,18.0
1753769546428,06:12:26.428,bitget,ETH/USDT:USDT,3807.11,9.04,3807.1,42.96,3807.12,143.11,3807.18,0.08
1753769546728,06:12:26.728,bitget,ETH/USDT:USDT,3807.11,9.04,3806.98,0.26,3807.12,160.71,3807.18,0.08
1753769546928,06:12:26.928,bitget,ETH/USDT:USDT,3807.11,9.09,3806.98,0.26,3807.12,189.6,3807.18,0.08
1753769547332,06:12:27.332,bitget,ETH/USDT:USDT,3807.11,9.09,3806.98,0.26,3807.12,142.36,3807.18,0.08
1753769547433,06:12:27.433,bitget,ETH/USDT:USDT,3807.11,9.09,3806.98,0.26,3807.12,128.92,3807.18,0.08
1753769547532,06:12:27.532,bitget,ETH/USDT:USDT,3807.11,9.09,3806.98,0.26,3807.12,128.92,3807.18,0.08
1753769547633,06:12:27.633,bitget,ETH/USDT:USDT,3807.11,9.09,3806.98,0.26,3807.12,143.72,3807.18,0.08
1753769547732,06:12:27.732,bitget,ETH/USDT:USDT,3807.11,9.09,3806.98,0.26,3807.12,128.92,3807.18,0.08
1753769548937,06:12:28.937,bitget,ETH/USDT:USDT,3807.11,5.94,3806.98,0.26,3807.12,146.84,3807.18,0.08
1753769549037,06:12:29.037,bitget,ETH/USDT:USDT,3807.11,5.94,3806.98,0.26,3807.12,152.4,3807.18,0.08
1753769549137,06:12:29.137,bitget,ETH/USDT:USDT,3807.11,5.89,3806.98,0.26,3807.12,145.39,3807.18,0.08
1753769550142,06:12:30.142,bitget,ETH/USDT:USDT,3806.6,0.05,3806.5,0.33,3806.61,226.05,3806.63,21.16
1753769550344,06:12:30.344,bitget,ETH/USDT:USDT,3806.6,5.89,3806.5,0.33,3806.61,222.58,3806.63,21.16
1753769551250,06:12:31.250,bitget,ETH/USDT:USDT,3806.6,81.93,3806.5,0.33,3806.61,6.08,3806.76,18.0
1753769552451,06:12:32.451,bitget,ETH/USDT:USDT,3807.29,373.38,3807.13,29.89,3807.3,59.81,3807.33,0.2
1753769552552,06:12:32.552,bitget,ETH/USDT:USDT,3807.29,373.38,3807.13,17.8,3807.3,33.98,3807.33,0.2
1753769553055,06:12:33.055,bitget,ETH/USDT:USDT,3807.29,368.38,3807.13,28.89,3807.3,33.98,3807.33,0.2
1753769553255,06:12:33.255,bitget,ETH/USDT:USDT,3807.32,125.0,3807.3,28.13,3807.33,0.2,3807.53,18.0
1753769553858,06:12:33.858,bitget,ETH/USDT:USDT,3807.71,310.35,3807.69,10.93,3807.72,0.01,3807.92,18.0
1753769553958,06:12:33.958,bitget,ETH/USDT:USDT,3807.91,160.69,3807.89,10.0,3807.92,25.7,3807.96,17.57
1753769554058,06:12:34.058,bitget,ETH/USDT:USDT,3807.91,341.64,3807.9,9.0,3807.92,59.68,3807.96,17.57
1753769554258,06:12:34.258,bitget,ETH/USDT:USDT,3807.91,367.29,3807.73,12.36,3807.92,67.25,3807.96,17.57
1753769554464,06:12:34.464,bitget,ETH/USDT:USDT,3807.91,327.29,3807.73,23.7,3807.92,67.25,3808.0,0.49
1753769554565,06:12:34.565,bitget,ETH/USDT:USDT,3807.91,302.72,3807.73,23.7,3807.92,77.24,3808.0,0.49
1753769554770,06:12:34.770,bitget,ETH/USDT:USDT,3807.91,243.63,3807.75,33.12,3807.92,67.25,3808.0,0.49
1753769554972,06:12:34.972,bitget,ETH/USDT:USDT,3807.91,243.63,3807.75,33.12,3807.92,67.25,3808.0,0.49
1753769555072,06:12:35.072,bitget,ETH/USDT:USDT,3807.91,243.63,3807.75,33.12,3807.92,67.25,3808.0,0.49
1753769555172,06:12:35.172,bitget,ETH/USDT:USDT,3807.91,243.63,3807.75,33.12,3807.92,67.25,3808.0,20.88
1753769555275,06:12:35.275,bitget,ETH/USDT:USDT,3807.91,243.63,3807.75,33.12,3807.92,67.25,3808.0,20.88
1753769555476,06:12:35.476,bitget,ETH/USDT:USDT,3807.91,191.49,3807.76,15.75,3807.92,67.6,3807.99,15.42
1753769555577,06:12:35.577,bitget,ETH/USDT:USDT,3807.91,85.98,3807.75,33.12,3807.92,99.17,3807.98,56.11
1753769555783,06:12:35.783,bitget,ETH/USDT:USDT,3807.91,79.02,3807.75,16.33,3807.92,118.86,3807.97,32.87
1753769555884,06:12:35.884,bitget,ETH/USDT:USDT,3807.91,79.02,3807.75,16.33,3807.92,118.86,3807.97,32.87
1753769555986,06:12:35.986,bitget,ETH/USDT:USDT,3807.91,79.02,3807.75,16.33,3807.92,118.86,3807.97,32.87
1753769556190,06:12:36.190,bitget,ETH/USDT:USDT,3807.91,80.87,3807.75,16.33,3807.92,118.61,3807.97,10.13
1753769557808,06:12:37.808,bitget,ETH/USDT:USDT,3807.91,80.87,3807.75,36.73,3807.92,84.32,3807.97,10.13
1753769557907,06:12:37.907,bitget,ETH/USDT:USDT,3807.91,80.87,3807.75,36.73,3807.92,84.32,3807.97,10.13
1753769558007,06:12:38.007,bitget,ETH/USDT:USDT,3807.91,80.87,3807.75,36.73,3807.92,84.32,3807.97,10.13
1753769558111,06:12:38.111,bitget,ETH/USDT:USDT,3807.91,80.87,3807.75,36.73,3807.92,84.32,3807.97,10.13
1753769558212,06:12:38.212,bitget,ETH/USDT:USDT,3807.91,80.87,3807.75,36.73,3807.92,84.32,3807.97,10.13
1753769558313,06:12:38.313,bitget,ETH/USDT:USDT,3807.91,80.87,3807.75,36.73,3807.92,84.3,3807.97,10.13
1753769558416,06:12:38.416,bitget,ETH/USDT:USDT,3807.91,80.87,3807.75,36.73,3807.92,84.3,3807.97,10.13
1753769558517,06:12:38.517,bitget,ETH/USDT:USDT,3807.91,80.87,3807.76,10.6,3807.92,84.3,3807.97,10.13
1753769558620,06:12:38.620,bitget,ETH/USDT:USDT,3807.91,80.87,3807.75,36.73,3807.92,84.3,3807.97,10.13
1753769558724,06:12:38.724,bitget,ETH/USDT:USDT,3807.91,80.87,3807.76,15.75,3807.92,84.3,3807.97,10.13
1753769558824,06:12:38.824,bitget,ETH/USDT:USDT,3807.91,80.87,3807.75,36.73,3807.92,84.25,3807.97,10.13
1753769558925,06:12:38.925,bitget,ETH/USDT:USDT,3807.91,80.87,3807.76,10.6,3807.92,84.25,3807.97,10.13
1753769559026,06:12:39.026,bitget,ETH/USDT:USDT,3807.91,75.23,3807.75,36.73,3807.92,84.25,3807.97,10.13
1753769559131,06:12:39.131,bitget,ETH/USDT:USDT,3807.91,75.23,3807.75,36.73,3807.92,84.25,3807.97,10.13
1753769559232,06:12:39.232,bitget,ETH/USDT:USDT,3807.91,75.23,3807.75,36.73,3807.92,84.25,3807.97,10.13
1753769559332,06:12:39.332,bitget,ETH/USDT:USDT,3807.91,70.89,3807.61,15.75,3807.92,84.26,3807.97,10.13
1753769559433,06:12:39.433,bitget,ETH/USDT:USDT,3807.91,70.89,3807.62,15.75,3807.92,84.34,3807.97,10.13
1753769559532,06:12:39.532,bitget,ETH/USDT:USDT,3807.91,73.11,3807.63,10.73,3807.92,114.72,3807.97,10.13
1753769559632,06:12:39.632,bitget,ETH/USDT:USDT,3807.91,78.19,3807.64,7.94,3807.92,114.73,3807.97,10.13
1753769559732,06:12:39.732,bitget,ETH/USDT:USDT,3807.91,67.81,3807.64,7.94,3807.92,114.73,3807.97,10.13
1753769559832,06:12:39.832,bitget,ETH/USDT:USDT,3807.91,67.81,3807.64,7.94,3807.92,114.73,3807.97,10.13
1753769559932,06:12:39.932,bitget,ETH/USDT:USDT,3807.91,67.81,3807.64,7.94,3807.92,114.73,3807.97,10.13
1753769560034,06:12:40.034,bitget,ETH/USDT:USDT,3807.91,67.81,3807.64,7.94,3807.92,114.73,3807.97,10.13
1753769560139,06:12:40.139,bitget,ETH/USDT:USDT,3807.91,67.81,3807.64,7.94,3807.92,114.73,3807.97,10.13
1753769560239,06:12:40.239,bitget,ETH/USDT:USDT,3807.91,67.81,3807.64,7.94,3807.92,114.73,3807.97,10.13
1753769560441,06:12:40.441,bitget,ETH/USDT:USDT,3807.91,67.81,3807.64,7.94,3807.92,114.73,3807.97,10.13
1753769560541,06:12:40.541,bitget,ETH/USDT:USDT,3807.91,67.81,3807.65,17.8,3807.92,114.73,3807.97,10.13
1753769560641,06:12:40.641,bitget,ETH/USDT:USDT,3807.91,67.81,3807.66,10.45,3807.92,114.73,3807.97,10.13
1753769560742,06:12:40.742,bitget,ETH/USDT:USDT,3807.91,67.81,3807.66,10.45,3807.92,114.73,3807.97,10.13
1753769560841,06:12:40.841,bitget,ETH/USDT:USDT,3807.91,67.81,3807.66,10.45,3807.92,114.73,3807.97,10.13
1753769560943,06:12:40.943,bitget,ETH/USDT:USDT,3807.91,75.38,3807.66,10.45,3807.92,114.73,3807.97,21.73
1753769561045,06:12:41.045,bitget,ETH/USDT:USDT,3807.91,71.8,3807.66,10.45,3807.92,114.73,3807.97,21.73
1753769561145,06:12:41.145,bitget,ETH/USDT:USDT,3807.91,71.8,3807.66,10.45,3807.92,114.73,3807.97,21.73
1753769561245,06:12:41.245,bitget,ETH/USDT:USDT,3807.91,71.8,3807.66,10.45,3807.92,114.73,3807.97,21.73
1753769561346,06:12:41.346,bitget,ETH/USDT:USDT,3807.91,71.8,3807.66,10.45,3807.92,114.73,3807.97,21.73
1753769561446,06:12:41.446,bitget,ETH/USDT:USDT,3807.91,71.8,3807.67,15.75,3807.92,114.73,3807.97,21.73
1753769561547,06:12:41.547,bitget,ETH/USDT:USDT,3807.91,71.8,3807.68,26.6,3807.92,84.33,3807.97,21.73
1753769561647,06:12:41.647,bitget,ETH/USDT:USDT,3807.91,82.22,3807.69,74.83,3807.92,75.5,3807.97,21.73
1753769561750,06:12:41.750,bitget,ETH/USDT:USDT,3807.91,134.44,3807.74,0.08,3807.92,75.5,3807.97,21.73
1753769561849,06:12:41.849,bitget,ETH/USDT:USDT,3807.91,134.44,3807.74,0.08,3807.92,75.15,3807.97,21.73
1753769561950,06:12:41.950,bitget,ETH/USDT:USDT,3807.91,134.42,3807.74,0.08,3807.92,75.16,3807.97,21.73
1753769562049,06:12:42.049,bitget,ETH/USDT:USDT,3807.91,134.43,3807.74,0.08,3807.92,75.16,3807.97,21.73
1753769562152,06:12:42.152,bitget,ETH/USDT:USDT,3807.91,134.43,3807.74,0.08,3807.92,75.16,3807.97,21.73
1753769562353,06:12:42.353,bitget,ETH/USDT:USDT,3807.91,134.43,3807.74,0.08,3807.92,75.16,3807.97,21.73
1753769562554,06:12:42.554,bitget,ETH/USDT:USDT,3807.91,134.43,3807.74,0.08,3807.92,75.16,3807.97,21.73
1753769562654,06:12:42.654,bitget,ETH/USDT:USDT,3807.91,134.43,3807.74,0.08,3807.92,75.16,3807.97,21.73
1753769562854,06:12:42.854,bitget,ETH/USDT:USDT,3807.91,132.07,3807.74,0.08,3807.92,55.47,3807.97,21.73
1753769562954,06:12:42.954,bitget,ETH/USDT:USDT,3807.91,131.98,3807.74,0.08,3807.92,55.47,3807.97,21.73
1753769563054,06:12:43.054,bitget,ETH/USDT:USDT,3807.91,131.98,3807.74,0.08,3807.92,55.47,3807.97,21.73
1753769563154,06:12:43.154,bitget,ETH/USDT:USDT,3807.91,131.98,3807.74,0.08,3807.92,55.47,3807.97,21.73
1753769563255,06:12:43.255,bitget,ETH/USDT:USDT,3807.91,131.98,3807.74,0.08,3807.92,55.47,3807.97,21.73
1753769563355,06:12:43.355,bitget,ETH/USDT:USDT,3807.91,111.8,3807.74,0.08,3807.92,57.41,3807.97,21.73
1753769563455,06:12:43.455,bitget,ETH/USDT:USDT,3807.91,111.8,3807.74,59.16,3807.92,63.39,3807.93,19.69
1753769563556,06:12:43.556,bitget,ETH/USDT:USDT,3807.91,111.8,3807.75,22.47,3807.92,87.02,3807.97,21.73
1753769563656,06:12:43.656,bitget,ETH/USDT:USDT,3807.91,111.8,3807.75,22.47,3807.92,87.02,3807.97,21.73
1753769563757,06:12:43.757,bitget,ETH/USDT:USDT,3807.91,111.8,3807.75,22.47,3807.92,87.02,3807.97,21.73
1753769563856,06:12:43.856,bitget,ETH/USDT:USDT,3807.91,111.8,3807.75,22.47,3807.92,87.02,3807.97,21.73
1753769564056,06:12:44.056,bitget,ETH/USDT:USDT,3807.91,111.8,3807.76,15.75,3807.92,87.02,3807.97,21.73
1753769564159,06:12:44.159,bitget,ETH/USDT:USDT,3807.91,111.8,3807.76,15.75,3807.92,87.02,3807.97,21.73
1753769564262,06:12:44.262,bitget,ETH/USDT:USDT,3807.91,111.8,3807.76,15.75,3807.92,83.03,3807.97,21.73
1753769564365,06:12:44.365,bitget,ETH/USDT:USDT,3807.91,111.8,3807.76,15.75,3807.92,83.03,3807.97,21.73
1753769564568,06:12:44.568,bitget,ETH/USDT:USDT,3807.91,111.8,3807.76,15.75,3807.92,83.03,3807.97,21.73
1753769564668,06:12:44.668,bitget,ETH/USDT:USDT,3807.91,111.8,3807.76,15.75,3807.92,83.03,3807.97,21.73
1753769564768,06:12:44.768,bitget,ETH/USDT:USDT,3807.91,111.8,3807.76,15.75,3807.92,83.03,3807.97,21.73
1753769564974,06:12:44.974,bitget,ETH/USDT:USDT,3807.91,111.8,3807.76,15.75,3807.92,83.03,3807.97,21.73
1753769565074,06:12:45.074,bitget,ETH/USDT:USDT,3807.91,111.8,3807.76,15.75,3807.92,83.03,3807.97,21.73
1753769565176,06:12:45.176,bitget,ETH/USDT:USDT,3807.91,111.8,3807.76,15.75,3807.92,87.02,3807.97,21.73
1753769565276,06:12:45.276,bitget,ETH/USDT:USDT,3807.91,110.52,3807.76,15.75,3807.92,87.02,3807.97,21.73
1753769565377,06:12:45.377,bitget,ETH/USDT:USDT,3807.91,110.52,3807.76,15.75,3807.92,87.02,3807.97,21.73
1753769565477,06:12:45.477,bitget,ETH/USDT:USDT,3807.91,110.52,3807.76,15.75,3807.92,87.02,3807.97,21.73
1753769565577,06:12:45.577,bitget,ETH/USDT:USDT,3807.91,110.52,3807.76,15.75,3807.92,87.02,3807.97,21.73
1753769565679,06:12:45.679,bitget,ETH/USDT:USDT,3807.91,110.52,3807.76,15.75,3807.92,87.02,3807.97,21.73
1753769565780,06:12:45.780,bitget,ETH/USDT:USDT,3807.91,136.16,3807.76,15.75,3807.92,75.16,3808.0,0.49
1753769565880,06:12:45.880,bitget,ETH/USDT:USDT,3807.91,151.93,3807.77,74.5,3807.92,41.18,3807.96,42.94
1753769565980,06:12:45.980,bitget,ETH/USDT:USDT,3807.91,151.91,3807.78,35.27,3807.92,21.49,3807.96,42.94
1753769566081,06:12:46.081,bitget,ETH/USDT:USDT,3807.91,211.0,3807.78,35.27,3807.92,21.5,3807.96,42.94
1753769566181,06:12:46.181,bitget,ETH/USDT:USDT,3807.91,211.0,3807.79,15.23,3807.92,21.5,3807.96,42.94
1753769566280,06:12:46.280,bitget,ETH/USDT:USDT,3807.91,211.0,3807.79,8.52,3807.92,21.5,3807.96,42.94
1753769566481,06:12:46.481,bitget,ETH/USDT:USDT,3807.91,211.0,3807.79,8.52,3807.92,21.5,3807.96,42.94
1753769566581,06:12:46.581,bitget,ETH/USDT:USDT,3807.91,151.92,3807.8,59.08,3807.92,21.5,3807.96,42.94
1753769566782,06:12:46.782,bitget,ETH/USDT:USDT,3807.91,211.0,3807.79,8.52,3807.92,21.5,3807.96,42.94
1753769566883,06:12:46.883,bitget,ETH/USDT:USDT,3807.91,206.5,3807.79,8.52,3807.92,21.5,3807.96,42.94
1753769566982,06:12:46.982,bitget,ETH/USDT:USDT,3807.91,206.5,3807.79,4.65,3807.92,21.5,3807.96,42.94
1753769567082,06:12:47.082,bitget,ETH/USDT:USDT,3807.91,206.5,3807.79,4.65,3807.92,21.5,3807.96,42.94
1753769567182,06:12:47.182,bitget,ETH/USDT:USDT,3807.91,206.5,3807.79,4.65,3807.92,21.5,3807.96,42.94
1753769567283,06:12:47.283,bitget,ETH/USDT:USDT,3807.91,206.5,3807.79,7.94,3807.92,21.5,3807.96,42.94
1753769567382,06:12:47.382,bitget,ETH/USDT:USDT,3807.91,206.5,3807.79,7.94,3807.92,21.5,3807.96,42.94
1753769567482,06:12:47.482,bitget,ETH/USDT:USDT,3807.91,206.5,3807.79,7.94,3807.92,21.5,3807.96,42.94
1753769567582,06:12:47.582,bitget,ETH/USDT:USDT,3807.91,206.5,3807.79,7.94,3807.92,21.5,3807.96,42.94
1753769567683,06:12:47.683,bitget,ETH/USDT:USDT,3807.91,206.5,3807.79,7.94,3807.92,21.5,3807.96,42.94
1753769567782,06:12:47.782,bitget,ETH/USDT:USDT,3807.91,147.42,3807.8,59.08,3807.92,21.5,3808.0,0.49
1753769567882,06:12:47.882,bitget,ETH/USDT:USDT,3807.91,206.5,3807.81,17.72,3807.92,19.5,3808.0,0.49
1753769567982,06:12:47.982,bitget,ETH/USDT:USDT,3807.91,206.5,3807.79,20.41,3807.92,11.36,3808.0,0.49
1753769568083,06:12:48.083,bitget,ETH/USDT:USDT,3807.91,206.5,3807.8,3.74,3807.92,11.36,3808.0,0.49
1753769568185,06:12:48.185,bitget,ETH/USDT:USDT,3807.91,206.5,3807.8,3.74,3807.92,11.36,3808.0,0.49
1753769568284,06:12:48.284,bitget,ETH/USDT:USDT,3807.91,206.5,3807.8,3.74,3807.92,11.36,3808.0,0.49
1753769568384,06:12:48.384,bitget,ETH/USDT:USDT,3807.91,206.5,3807.8,3.74,3807.92,11.36,3808.0,0.49
1753769568486,06:12:48.486,bitget,ETH/USDT:USDT,3807.91,206.13,3807.8,3.74,3807.92,11.36,3808.0,0.49
1753769568587,06:12:48.587,bitget,ETH/USDT:USDT,3807.91,206.36,3807.8,3.74,3807.92,11.36,3808.0,0.49
1753769568686,06:12:48.686,bitget,ETH/USDT:USDT,3807.91,206.36,3807.8,3.74,3807.92,11.36,3808.0,0.49
1753769568786,06:12:48.786,bitget,ETH/USDT:USDT,3807.91,206.36,3807.8,3.74,3807.92,11.36,3808.0,0.49
1753769568886,06:12:48.886,bitget,ETH/USDT:USDT,3807.91,206.36,3807.8,3.74,3807.92,11.36,3808.0,0.49
1753769568987,06:12:48.987,bitget,ETH/USDT:USDT,3807.91,206.13,3807.79,20.41,3807.92,11.36,3808.0,0.49
1753769569087,06:12:49.087,bitget,ETH/USDT:USDT,3807.91,206.14,3807.79,20.41,3807.92,11.35,3808.0,0.49
1753769569187,06:12:49.187,bitget,ETH/USDT:USDT,3807.91,201.37,3807.79,20.41,3807.92,11.35,3808.0,0.49
1753769569287,06:12:49.287,bitget,ETH/USDT:USDT,3807.91,201.36,3807.79,20.41,3807.92,11.36,3808.0,0.49
1753769569387,06:12:49.387,bitget,ETH/USDT:USDT,3807.91,215.76,3807.79,20.41,3807.92,10.09,3808.0,0.49
1753769569487,06:12:49.487,bitget,ETH/USDT:USDT,3807.91,208.53,3807.79,20.41,3807.92,10.09,3808.0,0.49
1753769569587,06:12:49.587,bitget,ETH/USDT:USDT,3807.91,201.36,3807.79,20.41,3807.92,10.09,3808.0,0.49
1753769569688,06:12:49.688,bitget,ETH/USDT:USDT,3807.91,201.36,3807.79,20.41,3807.92,10.09,3808.0,0.49
1753769569788,06:12:49.788,bitget,ETH/USDT:USDT,3807.91,201.13,3807.79,20.41,3807.92,10.09,3808.0,0.49
1753769569888,06:12:49.888,bitget,ETH/USDT:USDT,3807.91,201.13,3807.79,20.41,3807.92,10.09,3808.0,0.49
1753769569988,06:12:49.988,bitget,ETH/USDT:USDT,3807.91,201.13,3807.79,20.41,3807.92,10.09,3808.0,0.49
1753769570088,06:12:50.088,bitget,ETH/USDT:USDT,3807.91,207.53,3807.79,20.41,3807.92,8.16,3808.0,0.49
1753769570290,06:12:50.290,bitget,ETH/USDT:USDT,3807.91,201.36,3807.87,12.88,3807.92,8.16,3808.0,0.49
1753769570390,06:12:50.390,bitget,ETH/USDT:USDT,3807.91,201.13,3807.87,12.88,3807.92,8.16,3808.0,0.49
1753769570490,06:12:50.490,bitget,ETH/USDT:USDT,3807.91,201.13,3807.87,12.88,3807.92,8.16,3808.0,0.49
1753769570590,06:12:50.590,bitget,ETH/USDT:USDT,3807.91,201.36,3807.87,12.88,3807.92,8.16,3808.0,111.48
1753769570690,06:12:50.690,bitget,ETH/USDT:USDT,3807.91,201.13,3807.87,12.88,3807.92,8.16,3808.0,111.48
1753769570790,06:12:50.790,bitget,ETH/USDT:USDT,3807.91,201.36,3807.87,12.88,3807.92,8.16,3808.0,111.48
1753769570890,06:12:50.890,bitget,ETH/USDT:USDT,3807.91,201.36,3807.87,12.88,3807.92,8.16,3808.0,111.48
1753769570990,06:12:50.990,bitget,ETH/USDT:USDT,3807.91,201.88,3807.87,12.88,3807.92,8.16,3808.0,111.48
1753769571090,06:12:51.090,bitget,ETH/USDT:USDT,3807.91,201.88,3807.87,12.88,3807.92,8.16,3808.0,111.48
1753769571190,06:12:51.190,bitget,ETH/USDT:USDT,3807.91,201.88,3807.87,12.88,3807.92,8.16,3808.0,111.48
1753769571290,06:12:51.290,bitget,ETH/USDT:USDT,3807.91,201.66,3807.87,12.88,3807.92,8.15,3808.0,111.48
1753769571390,06:12:51.390,bitget,ETH/USDT:USDT,3807.91,208.26,3807.87,12.88,3807.92,8.15,3808.0,111.48
1753769571490,06:12:51.490,bitget,ETH/USDT:USDT,3807.91,201.88,3807.87,12.88,3807.92,8.16,3808.0,111.48
1753769571590,06:12:51.590,bitget,ETH/USDT:USDT,3807.91,201.88,3807.87,12.88,3807.92,8.16,3808.0,111.48
1753769571690,06:12:51.690,bitget,ETH/USDT:USDT,3807.91,201.88,3807.87,12.88,3807.92,8.16,3808.0,111.48
1753769571793,06:12:51.793,bitget,ETH/USDT:USDT,3807.91,201.88,3807.87,12.88,3807.92,8.16,3808.0,111.48
1753769571893,06:12:51.893,bitget,ETH/USDT:USDT,3807.91,201.88,3807.87,12.88,3807.92,8.16,3808.0,111.48
1753769571994,06:12:51.994,bitget,ETH/USDT:USDT,3807.91,201.88,3807.87,12.88,3807.92,8.16,3808.0,111.48
1753769572094,06:12:52.094,bitget,ETH/USDT:USDT,3807.91,201.88,3807.87,12.88,3807.92,8.16,3808.0,111.48
1753769572194,06:12:52.194,bitget,ETH/USDT:USDT,3807.91,201.88,3807.87,12.88,3807.92,8.16,3808.0,111.48
1753769572295,06:12:52.295,bitget,ETH/USDT:USDT,3807.91,201.88,3807.87,12.88,3807.92,8.16,3808.0,111.48
1753769572395,06:12:52.395,bitget,ETH/USDT:USDT,3807.91,201.88,3807.87,12.88,3807.92,8.16,3808.0,111.48
1753769572494,06:12:52.494,bitget,ETH/USDT:USDT,3807.91,201.65,3807.87,12.88,3807.92,8.16,3808.0,111.48
1753769572594,06:12:52.594,bitget,ETH/USDT:USDT,3807.91,201.88,3807.87,12.88,3807.92,8.16,3808.0,111.48
1753769572694,06:12:52.694,bitget,ETH/USDT:USDT,3807.91,201.88,3807.87,12.88,3807.92,8.16,3808.0,111.48
1753769572794,06:12:52.794,bitget,ETH/USDT:USDT,3807.91,201.65,3807.87,12.88,3807.92,8.16,3808.0,111.48
1753769572894,06:12:52.894,bitget,ETH/USDT:USDT,3807.91,201.65,3807.87,12.88,3807.92,8.16,3808.0,111.48
1753769572995,06:12:52.995,bitget,ETH/USDT:USDT,3807.91,201.65,3807.87,12.88,3807.92,16.3,3808.0,111.48
1753769573096,06:12:53.096,bitget,ETH/USDT:USDT,3807.91,201.88,3807.87,12.88,3807.92,16.3,3808.0,111.48
1753769573197,06:12:53.197,bitget,ETH/USDT:USDT,3807.91,201.88,3807.87,12.88,3807.92,16.3,3808.0,111.48
1753769573297,06:12:53.297,bitget,ETH/USDT:USDT,3807.91,201.88,3807.87,12.88,3807.92,16.3,3808.0,111.48
1753769573397,06:12:53.397,bitget,ETH/USDT:USDT,3807.91,201.88,3807.87,12.88,3807.92,16.3,3808.0,111.48
1753769573497,06:12:53.497,bitget,ETH/USDT:USDT,3807.91,201.87,3807.87,12.88,3807.92,16.3,3808.0,111.48
1753769573597,06:12:53.597,bitget,ETH/USDT:USDT,3807.91,201.87,3807.87,12.88,3807.92,16.3,3808.0,111.48
1753769573697,06:12:53.697,bitget,ETH/USDT:USDT,3807.91,201.87,3807.87,12.88,3807.92,16.3,3808.0,111.48
1753769573798,06:12:53.798,bitget,ETH/USDT:USDT,3807.91,201.87,3807.87,12.88,3807.92,16.3,3808.0,111.48
1753769573898,06:12:53.898,bitget,ETH/USDT:USDT,3807.91,201.64,3807.87,12.88,3807.92,16.3,3808.0,111.48
1753769573999,06:12:53.999,bitget,ETH/USDT:USDT,3807.91,201.64,3807.87,12.88,3807.92,16.3,3808.0,111.48
1753769574100,06:12:54.100,bitget,ETH/USDT:USDT,3807.91,201.87,3807.87,12.88,3807.92,16.3,3808.0,111.48
1753769574200,06:12:54.200,bitget,ETH/USDT:USDT,3807.99,168.91,3807.92,21.81,3808.0,111.48,3808.02,0.22
1753769574302,06:12:54.302,bitget,ETH/USDT:USDT,3807.99,360.93,3807.93,15.42,3808.0,111.49,3808.02,0.22
1753769574404,06:12:54.404,bitget,ETH/USDT:USDT,3807.99,360.93,3807.93,63.48,3808.0,111.49,3808.02,0.22
1753769574504,06:12:54.504,bitget,ETH/USDT:USDT,3807.99,296.16,3807.93,41.45,3808.0,111.49,3808.02,0.22
1753769574605,06:12:54.605,bitget,ETH/USDT:USDT,3807.99,296.16,3807.94,12.9,3808.0,111.49,3808.02,0.22
1753769574807,06:12:54.807,bitget,ETH/USDT:USDT,3807.99,296.16,3807.94,12.9,3808.0,111.49,3808.02,0.22
1753769574909,06:12:54.909,bitget,ETH/USDT:USDT,3807.99,295.93,3807.94,12.9,3808.0,111.49,3808.02,0.22
1753769575009,06:12:55.009,bitget,ETH/USDT:USDT,3807.99,295.93,3807.94,12.9,3808.0,111.49,3808.02,0.22
1753769575112,06:12:55.112,bitget,ETH/USDT:USDT,3807.99,296.16,3807.94,12.9,3808.0,111.49,3808.02,0.22
1753769575213,06:12:55.213,bitget,ETH/USDT:USDT,3807.99,296.16,3807.94,12.9,3808.0,111.49,3808.02,0.22
1753769575414,06:12:55.414,bitget,ETH/USDT:USDT,3807.99,296.16,3807.94,12.9,3808.0,111.49,3808.02,0.22
1753769575514,06:12:55.514,bitget,ETH/USDT:USDT,3807.99,296.16,3807.94,12.9,3808.0,111.49,3808.02,0.22
1753769575615,06:12:55.615,bitget,ETH/USDT:USDT,3807.99,296.16,3807.94,12.9,3808.0,111.49,3808.02,0.22
1753769575715,06:12:55.715,bitget,ETH/USDT:USDT,3807.99,299.51,3807.94,12.9,3808.0,116.01,3808.02,0.22
1753769575818,06:12:55.818,bitget,ETH/USDT:USDT,3807.99,303.5,3807.96,42.92,3808.0,116.01,3808.02,0.22
1753769575919,06:12:55.919,bitget,ETH/USDT:USDT,3807.99,303.73,3807.97,34.52,3808.0,116.01,3808.02,0.22
1753769576022,06:12:56.022,bitget,ETH/USDT:USDT,3807.99,303.5,3807.97,34.52,3808.0,116.01,3808.02,0.22
1753769576121,06:12:56.121,bitget,ETH/USDT:USDT,3807.99,303.5,3807.97,34.52,3808.0,116.01,3808.02,0.22
1753769576221,06:12:56.221,bitget,ETH/USDT:USDT,3807.99,303.73,3807.97,34.52,3808.0,116.01,3808.02,0.22
1753769576322,06:12:56.322,bitget,ETH/USDT:USDT,3807.99,303.73,3807.97,34.52,3808.0,116.01,3808.02,0.22
1753769576422,06:12:56.422,bitget,ETH/USDT:USDT,3807.99,303.5,3807.97,34.52,3808.0,116.01,3808.02,0.22
1753769576523,06:12:56.523,bitget,ETH/USDT:USDT,3807.99,303.5,3807.97,34.52,3808.0,116.01,3808.02,0.22
1753769576625,06:12:56.625,bitget,ETH/USDT:USDT,3807.99,303.5,3807.97,34.52,3808.0,116.01,3808.02,0.22
1753769576725,06:12:56.725,bitget,ETH/USDT:USDT,3807.99,298.05,3807.97,34.52,3808.0,116.01,3808.02,0.22
1753769576825,06:12:56.825,bitget,ETH/USDT:USDT,3807.99,298.4,3807.97,34.52,3808.0,116.01,3808.02,0.22
1753769577126,06:12:57.126,bitget,ETH/USDT:USDT,3807.99,205.44,3807.97,32.46,3808.0,143.27,3808.02,0.22
1753769577226,06:12:57.226,bitget,ETH/USDT:USDT,3807.99,205.44,3807.97,32.46,3808.0,143.27,3808.01,0.07
1753769577326,06:12:57.326,bitget,ETH/USDT:USDT,3807.99,205.44,3807.97,32.46,3808.0,136.81,3808.01,0.07
1753769577426,06:12:57.426,bitget,ETH/USDT:USDT,3807.99,200.97,3807.97,32.46,3808.0,136.81,3808.01,0.07
1753769577628,06:12:57.628,bitget,ETH/USDT:USDT,3807.99,178.63,3807.97,32.46,3808.0,137.16,3808.01,0.07
1753769577728,06:12:57.728,bitget,ETH/USDT:USDT,3807.99,178.63,3807.97,32.46,3808.0,137.16,3808.01,0.07
1753769577829,06:12:57.829,bitget,ETH/USDT:USDT,3807.99,178.63,3807.97,32.46,3808.0,137.16,3808.01,0.07
1753769577930,06:12:57.930,bitget,ETH/USDT:USDT,3807.99,178.63,3807.97,32.46,3808.0,137.16,3808.01,0.07
1753769578030,06:12:58.030,bitget,ETH/USDT:USDT,3807.99,178.63,3807.97,32.46,3808.0,137.16,3808.01,0.07
1753769578130,06:12:58.130,bitget,ETH/USDT:USDT,3807.99,178.63,3807.97,32.46,3808.0,137.16,3808.01,0.07
1753769578230,06:12:58.230,bitget,ETH/USDT:USDT,3807.99,178.63,3807.97,22.13,3808.0,137.16,3808.01,0.07
1753769578332,06:12:58.332,bitget,ETH/USDT:USDT,3807.99,178.63,3807.97,22.13,3808.0,137.16,3808.01,0.07
1753769578431,06:12:58.431,bitget,ETH/USDT:USDT,3807.99,178.63,3807.97,22.13,3808.0,137.16,3808.01,0.07
1753769578532,06:12:58.532,bitget,ETH/USDT:USDT,3807.99,178.63,3807.97,22.13,3808.0,137.16,3808.01,0.07
1753769578633,06:12:58.633,bitget,ETH/USDT:USDT,3807.99,178.63,3807.97,22.13,3808.0,137.16,3808.01,0.07
1753769578734,06:12:58.734,bitget,ETH/USDT:USDT,3807.99,178.63,3807.97,22.13,3808.0,137.16,3808.01,0.07
1753769578836,06:12:58.836,bitget,ETH/USDT:USDT,3807.99,178.63,3807.97,22.13,3808.0,137.16,3808.01,0.07
1753769578936,06:12:58.936,bitget,ETH/USDT:USDT,3807.99,178.63,3807.97,22.13,3808.0,137.16,3808.01,0.07
1753769579036,06:12:59.036,bitget,ETH/USDT:USDT,3807.99,178.68,3807.97,22.13,3808.0,137.16,3808.01,0.07
1753769579136,06:12:59.136,bitget,ETH/USDT:USDT,3807.99,178.68,3807.97,22.13,3808.0,137.16,3808.01,0.07
1753769579236,06:12:59.236,bitget,ETH/USDT:USDT,3807.99,178.68,3807.97,22.13,3808.0,137.16,3808.01,0.07
1753769579336,06:12:59.336,bitget,ETH/USDT:USDT,3807.99,178.68,3807.97,22.13,3808.0,137.16,3808.01,0.07
1753769579436,06:12:59.436,bitget,ETH/USDT:USDT,3807.99,194.43,3807.97,22.13,3808.0,136.81,3808.01,0.07
1753769579538,06:12:59.538,bitget,ETH/USDT:USDT,3807.99,194.43,3807.97,34.39,3808.0,136.81,3808.01,0.07
1753769579638,06:12:59.638,bitget,ETH/USDT:USDT,3807.99,194.43,3807.97,34.39,3808.0,136.81,3808.02,0.22
1753769579738,06:12:59.738,bitget,ETH/USDT:USDT,3807.99,194.43,3807.97,34.39,3808.0,136.65,3808.01,0.07
1753769579838,06:12:59.838,bitget,ETH/USDT:USDT,3807.99,194.43,3807.97,34.39,3808.0,136.65,3808.01,0.07
1753769579940,06:12:59.940,bitget,ETH/USDT:USDT,3807.99,253.51,3807.97,34.39,3808.0,129.08,3808.02,0.22
1753769580246,06:13:00.246,bitget,ETH/USDT:USDT,3807.99,253.51,3807.97,22.13,3808.0,107.98,3808.02,0.22
1753769580346,06:13:00.346,bitget,ETH/USDT:USDT,3807.99,253.51,3807.97,22.13,3808.0,107.98,3808.02,0.22
1753769580446,06:13:00.446,bitget,ETH/USDT:USDT,3807.99,253.51,3807.97,22.13,3808.0,107.98,3808.02,0.22
1753769580549,06:13:00.549,bitget,ETH/USDT:USDT,3807.99,253.51,3807.97,22.13,3808.0,107.98,3808.02,0.22
1753769580651,06:13:00.651,bitget,ETH/USDT:USDT,3807.99,253.51,3807.97,22.13,3808.0,107.98,3808.02,0.22
1753769580751,06:13:00.751,bitget,ETH/USDT:USDT,3807.99,253.51,3807.97,22.13,3808.0,107.98,3808.02,0.22
1753769580851,06:13:00.851,bitget,ETH/USDT:USDT,3807.99,253.51,3807.97,22.13,3808.0,97.69,3808.02,0.22
1753769580952,06:13:00.952,bitget,ETH/USDT:USDT,3807.99,253.51,3807.97,22.13,3808.0,97.69,3808.02,0.22
1753769581153,06:13:01.153,bitget,ETH/USDT:USDT,3807.99,253.51,3807.97,22.13,3808.0,97.69,3808.02,0.22
1753769581255,06:13:01.255,bitget,ETH/USDT:USDT,3807.99,253.51,3807.97,22.13,3808.0,97.69,3808.02,0.22
1753769581356,06:13:01.356,bitget,ETH/USDT:USDT,3807.99,253.51,3807.97,22.13,3808.0,97.69,3808.02,0.22
1753769581558,06:13:01.558,bitget,ETH/USDT:USDT,3807.99,253.51,3807.97,22.13,3808.0,97.69,3808.01,0.07
1753769581658,06:13:01.658,bitget,ETH/USDT:USDT,3807.99,194.43,3807.97,22.13,3808.0,97.69,3808.01,5.96
1753769581758,06:13:01.758,bitget,ETH/USDT:USDT,3807.99,194.43,3807.97,34.39,3808.0,97.69,3808.02,0.22
1753769581858,06:13:01.858,bitget,ETH/USDT:USDT,3807.99,253.51,3807.97,34.39,3808.0,97.69,3808.02,0.22
1753769581959,06:13:01.959,bitget,ETH/USDT:USDT,3807.99,253.51,3807.97,22.13,3808.0,97.69,3808.02,0.22
1753769582159,06:13:02.159,bitget,ETH/USDT:USDT,3807.99,253.51,3807.97,22.13,3808.0,93.17,3808.02,0.22
1753769582259,06:13:02.259,bitget,ETH/USDT:USDT,3807.99,253.51,3807.97,22.13,3808.0,93.17,3808.02,0.22
1753769582359,06:13:02.359,bitget,ETH/USDT:USDT,3807.99,253.51,3807.97,22.13,3808.0,93.17,3808.02,0.22
1753769582460,06:13:02.460,bitget,ETH/USDT:USDT,3807.99,253.51,3807.97,22.13,3808.0,97.69,3808.02,0.22
1753769582560,06:13:02.560,bitget,ETH/USDT:USDT,3807.99,253.51,3807.97,22.13,3808.0,97.69,3808.02,0.22
1753769582660,06:13:02.660,bitget,ETH/USDT:USDT,3807.99,253.51,3807.97,22.13,3808.0,97.69,3808.02,0.22
1753769582761,06:13:02.761,bitget,ETH/USDT:USDT,3807.99,253.51,3807.97,22.13,3808.0,97.69,3808.02,0.22
1753769582862,06:13:02.862,bitget,ETH/USDT:USDT,3807.99,253.51,3807.97,22.13,3808.0,97.69,3808.02,0.22
1753769582962,06:13:02.962,bitget,ETH/USDT:USDT,3807.99,253.51,3807.97,22.13,3808.0,97.69,3808.02,0.22
1753769583064,06:13:03.064,bitget,ETH/USDT:USDT,3807.99,253.51,3807.97,22.13,3808.0,97.69,3808.02,0.22
1753769583166,06:13:03.166,bitget,ETH/USDT:USDT,3807.99,253.51,3807.97,22.13,3808.0,97.69,3808.02,0.22
1753769583265,06:13:03.265,bitget,ETH/USDT:USDT,3807.99,253.51,3807.97,22.13,3808.0,97.69,3808.02,0.22
1753769583366,06:13:03.366,bitget,ETH/USDT:USDT,3807.99,192.59,3807.97,22.13,3808.0,105.61,3808.02,0.22
1753769583566,06:13:03.566,bitget,ETH/USDT:USDT,3807.99,192.59,3807.97,30.52,3808.0,125.3,3808.01,0.07
1753769583667,06:13:03.667,bitget,ETH/USDT:USDT,3807.99,192.59,3807.97,30.52,3808.0,125.3,3808.01,0.07
1753769583867,06:13:03.867,bitget,ETH/USDT:USDT,3807.99,95.9,3807.96,42.92,3808.0,149.83,3808.01,0.07
1753769583967,06:13:03.967,bitget,ETH/USDT:USDT,3807.99,91.02,3807.96,42.92,3808.0,180.91,3808.01,0.07
1753769584167,06:13:04.167,bitget,ETH/USDT:USDT,3807.99,0.13,3807.96,42.92,3808.0,182.22,3808.01,0.07
1753769584267,06:13:04.267,bitget,ETH/USDT:USDT,3807.96,42.92,3807.91,1.02,3807.97,72.03,3807.99,7.79
1753769584571,06:13:04.571,bitget,ETH/USDT:USDT,3807.96,0.03,3807.91,1.02,3807.97,165.99,3807.98,74.83
1753769585174,06:13:05.174,bitget,ETH/USDT:USDT,3807.91,45.82,3807.86,42.91,3807.92,163.82,3807.96,18.62
1753769585274,06:13:05.274,bitget,ETH/USDT:USDT,3807.91,45.82,3807.86,42.91,3807.92,163.83,3807.96,18.62
1753769585374,06:13:05.374,bitget,ETH/USDT:USDT,3807.91,45.82,3807.86,42.91,3807.92,64.63,3807.96,18.62
1753769585475,06:13:05.475,bitget,ETH/USDT:USDT,3807.91,45.82,3807.86,42.91,3807.92,73.59,3807.96,0.48
1753769585575,06:13:05.575,bitget,ETH/USDT:USDT,3807.91,45.82,3807.86,42.91,3807.92,73.59,3807.96,26.19
1753769585676,06:13:05.676,bitget,ETH/USDT:USDT,3807.91,45.82,3807.86,42.91,3807.92,73.59,3807.98,44.72
1753769585776,06:13:05.776,bitget,ETH/USDT:USDT,3807.91,79.48,3807.87,59.02,3807.92,71.27,3807.98,44.72
1753769585876,06:13:05.876,bitget,ETH/USDT:USDT,3807.91,79.48,3807.88,17.71,3807.92,79.99,3807.98,44.72
1753769585976,06:13:05.976,bitget,ETH/USDT:USDT,3807.91,79.48,3807.88,20.48,3807.92,79.7,3807.98,44.72
1753769586077,06:13:06.077,bitget,ETH/USDT:USDT,3807.91,79.48,3807.89,0.83,3807.92,79.7,3807.98,44.72
1753769586177,06:13:06.177,bitget,ETH/USDT:USDT,3807.91,78.31,3807.76,15.75,3807.92,79.7,3807.98,44.72
1753769586277,06:13:06.277,bitget,ETH/USDT:USDT,3807.91,78.31,3807.77,28.0,3807.92,79.7,3807.98,44.72
1753769586377,06:13:06.377,bitget,ETH/USDT:USDT,3807.91,78.31,3807.77,70.22,3807.92,79.7,3807.98,44.72
1753769586479,06:13:06.479,bitget,ETH/USDT:USDT,3807.91,78.31,3807.77,70.22,3807.92,79.7,3807.98,44.72
1753769586579,06:13:06.579,bitget,ETH/USDT:USDT,3807.91,78.31,3807.77,70.22,3807.92,79.7,3807.98,44.72
1753769586680,06:13:06.680,bitget,ETH/USDT:USDT,3807.91,78.31,3807.77,70.22,3807.92,79.7,3807.98,44.72
1753769586881,06:13:06.881,bitget,ETH/USDT:USDT,3807.91,78.31,3807.79,40.72,3807.92,79.7,3807.98,44.72
1753769586981,06:13:06.981,bitget,ETH/USDT:USDT,3807.91,78.31,3807.79,40.72,3807.92,79.7,3807.98,44.72
1753769587082,06:13:07.082,bitget,ETH/USDT:USDT,3807.91,52.51,3807.79,40.72,3807.92,79.7,3807.98,44.72
1753769587182,06:13:07.182,bitget,ETH/USDT:USDT,3807.91,57.65,3807.8,46.15,3807.92,70.98,3807.98,44.72
1753769587283,06:13:07.283,bitget,ETH/USDT:USDT,3807.91,52.51,3807.81,13.85,3807.92,70.98,3807.98,44.72
1753769587383,06:13:07.383,bitget,ETH/USDT:USDT,3807.91,7.74,3807.81,4.73,3807.92,70.95,3807.98,70.43
1753769587484,06:13:07.484,bitget,ETH/USDT:USDT,3807.91,7.74,3807.79,22.87,3807.92,69.37,3807.98,44.72
1753769587584,06:13:07.584,bitget,ETH/USDT:USDT,3807.91,1.05,3807.79,22.87,3807.92,69.37,3807.98,44.72
1753769587685,06:13:07.685,bitget,ETH/USDT:USDT,3807.91,1.05,3807.8,30.4,3807.92,64.32,3807.98,44.72
1753769587785,06:13:07.785,bitget,ETH/USDT:USDT,3807.91,1.05,3807.81,9.12,3807.92,64.32,3807.98,44.72
1753769587886,06:13:07.886,bitget,ETH/USDT:USDT,3807.91,1.05,3807.81,9.12,3807.92,64.32,3807.98,44.72
1753769587987,06:13:07.987,bitget,ETH/USDT:USDT,3807.91,1.05,3807.81,9.12,3807.92,64.32,3807.98,44.72
1753769588087,06:13:08.087,bitget,ETH/USDT:USDT,3807.91,1.05,3807.81,9.12,3807.92,64.32,3807.98,44.72
1753769588187,06:13:08.187,bitget,ETH/USDT:USDT,3807.91,1.05,3807.81,9.12,3807.92,94.72,3807.97,30.4
1753769588287,06:13:08.287,bitget,ETH/USDT:USDT,3807.91,1.05,3807.81,9.12,3807.92,94.72,3807.97,30.4
1753769588387,06:13:08.387,bitget,ETH/USDT:USDT,3807.91,1.05,3807.81,9.12,3807.92,94.68,3807.97,30.4
1753769588487,06:13:08.487,bitget,ETH/USDT:USDT,3807.91,1.05,3807.81,9.12,3807.92,94.68,3807.97,30.4
1753769588588,06:13:08.588,bitget,ETH/USDT:USDT,3807.91,1.05,3807.81,9.12,3807.92,94.68,3807.97,56.11
1753769588689,06:13:08.689,bitget,ETH/USDT:USDT,3807.91,1.05,3807.81,9.12,3807.92,94.68,3807.96,72.85
1753769588789,06:13:08.789,bitget,ETH/USDT:USDT,3807.91,1.05,3807.81,9.12,3807.92,94.68,3807.96,72.85
1753769588889,06:13:08.889,bitget,ETH/USDT:USDT,3807.91,27.81,3807.9,2.57,3807.92,78.21,3807.99,33.42
1753769588989,06:13:08.989,bitget,ETH/USDT:USDT,3807.91,8.16,3807.89,1.84,3807.92,78.21,3807.98,25.71
1753769589089,06:13:09.089,bitget,ETH/USDT:USDT,3807.91,8.16,3807.81,0.35,3807.92,78.21,3807.98,25.71
1753769589189,06:13:09.189,bitget,ETH/USDT:USDT,3807.91,8.16,3807.82,0.11,3807.92,78.21,3807.97,30.4
1753769589290,06:13:09.290,bitget,ETH/USDT:USDT,3807.91,8.16,3807.82,9.21,3807.92,78.21,3807.97,30.4
1753769589391,06:13:09.391,bitget,ETH/USDT:USDT,3807.91,8.16,3807.82,9.21,3807.92,78.21,3807.97,30.4
1753769589491,06:13:09.491,bitget,ETH/USDT:USDT,3807.91,8.16,3807.82,9.21,3807.92,78.21,3807.97,30.4
1753769589591,06:13:09.591,bitget,ETH/USDT:USDT,3807.91,8.16,3807.82,9.21,3807.92,78.21,3807.97,30.4
1753769589692,06:13:09.692,bitget,ETH/USDT:USDT,3807.91,8.16,3807.82,9.21,3807.92,78.21,3807.97,30.4
1753769589897,06:13:09.897,bitget,ETH/USDT:USDT,3807.91,8.16,3807.82,9.21,3807.92,78.21,3807.97,30.4
1753769589997,06:13:09.997,bitget,ETH/USDT:USDT,3807.91,8.16,3807.82,9.21,3807.92,78.21,3807.97,30.4
1753769590097,06:13:10.097,bitget,ETH/USDT:USDT,3807.91,8.16,3807.82,9.21,3807.92,78.21,3807.97,30.4
1753769590197,06:13:10.197,bitget,ETH/USDT:USDT,3807.91,31.36,3807.82,9.21,3807.92,47.81,3807.99,79.41
1753769590298,06:13:10.298,bitget,ETH/USDT:USDT,3807.91,31.36,3807.82,9.21,3807.92,47.81,3807.99,79.41
1753769590398,06:13:10.398,bitget,ETH/USDT:USDT,3807.91,24.99,3807.82,9.21,3807.92,81.79,3807.98,30.4
1753769590498,06:13:10.498,bitget,ETH/USDT:USDT,3807.91,24.99,3807.82,9.21,3807.92,81.79,3807.99,79.41
1753769590598,06:13:10.598,bitget,ETH/USDT:USDT,3807.91,38.88,3807.82,9.21,3807.92,51.01,3807.99,79.41
1753769590698,06:13:10.698,bitget,ETH/USDT:USDT,3807.91,7.89,3807.82,0.11,3807.92,51.03,3807.98,20.0
1753769590798,06:13:10.798,bitget,ETH/USDT:USDT,3807.91,25.03,3807.82,0.11,3807.92,51.03,3807.98,20.0
1753769590899,06:13:10.899,bitget,ETH/USDT:USDT,3807.91,43.09,3807.82,0.11,3807.92,50.35,3807.98,20.0
1753769590999,06:13:10.999,bitget,ETH/USDT:USDT,3807.91,31.09,3807.82,9.82,3807.92,50.35,3807.98,20.0
1753769591098,06:13:11.098,bitget,ETH/USDT:USDT,3807.91,7.89,3807.83,15.75,3807.92,50.35,3807.98,20.0
1753769591198,06:13:11.198,bitget,ETH/USDT:USDT,3807.91,13.49,3807.82,0.11,3807.92,80.75,3807.98,30.4
1753769591299,06:13:11.299,bitget,ETH/USDT:USDT,3807.91,7.89,3807.82,0.11,3807.92,80.75,3807.98,30.4
1753769591399,06:13:11.399,bitget,ETH/USDT:USDT,3807.91,0.34,3807.82,0.11,3807.92,80.75,3807.98,30.4
1753769591601,06:13:11.601,bitget,ETH/USDT:USDT,3807.91,5.77,3807.75,15.42,3807.92,80.75,3807.98,30.4
1753769591702,06:13:11.702,bitget,ETH/USDT:USDT,3807.91,0.01,3807.75,15.42,3807.92,80.75,3807.98,30.4
1753769591801,06:13:11.801,bitget,ETH/USDT:USDT,3807.91,1.4,3807.75,15.42,3807.92,80.75,3807.98,30.4
1753769591901,06:13:11.901,bitget,ETH/USDT:USDT,3807.91,4.2,3807.75,15.42,3807.92,80.75,3807.98,30.4
1753769592002,06:13:12.002,bitget,ETH/USDT:USDT,3807.91,4.2,3807.75,15.42,3807.92,80.75,3807.98,30.4
1753769592101,06:13:12.101,bitget,ETH/USDT:USDT,3807.91,1.4,3807.75,15.42,3807.92,80.75,3807.98,30.4
1753769592302,06:13:12.302,bitget,ETH/USDT:USDT,3807.91,37.11,3807.77,74.83,3807.92,50.35,3807.99,63.99
1753769592402,06:13:12.402,bitget,ETH/USDT:USDT,3807.91,35.79,3807.78,45.22,3807.92,50.35,3807.98,15.42
1753769592502,06:13:12.502,bitget,ETH/USDT:USDT,3807.91,35.79,3807.78,45.22,3807.92,50.35,3807.98,15.42
1753769592602,06:13:12.602,bitget,ETH/USDT:USDT,3807.91,31.8,3807.78,45.22,3807.92,50.35,3807.98,15.42
1753769592703,06:13:12.703,bitget,ETH/USDT:USDT,3807.91,31.8,3807.78,45.22,3807.92,50.35,3807.98,15.42
1753769592804,06:13:12.804,bitget,ETH/USDT:USDT,3807.91,31.8,3807.78,45.22,3807.92,50.35,3807.98,15.42
1753769592904,06:13:12.904,bitget,ETH/USDT:USDT,3807.91,31.8,3807.78,45.22,3807.92,50.35,3807.98,15.42
1753769593005,06:13:13.005,bitget,ETH/USDT:USDT,3807.91,31.8,3807.78,104.3,3807.92,50.35,3807.98,15.42
1753769593105,06:13:13.105,bitget,ETH/USDT:USDT,3807.91,47.55,3807.79,45.22,3807.92,50.35,3807.98,15.42
1753769593205,06:13:13.205,bitget,ETH/USDT:USDT,3807.91,35.79,3807.8,18.35,3807.92,64.15,3807.97,30.4
1753769593305,06:13:13.305,bitget,ETH/USDT:USDT,3807.91,0.01,3807.68,15.75,3807.92,64.15,3807.97,30.4
1753769593405,06:13:13.405,bitget,ETH/USDT:USDT,3807.91,0.01,3807.69,38.47,3807.92,63.93,3807.97,30.4
1753769593506,06:13:13.506,bitget,ETH/USDT:USDT,3807.69,22.87,3807.67,42.9,3807.7,5.08,3807.82,2.63
1753769593708,06:13:13.708,bitget,ETH/USDT:USDT,3807.53,38.87,3807.5,14.6,3807.54,165.39,3807.55,1.28
1753769593908,06:13:13.908,bitget,ETH/USDT:USDT,3807.53,92.5,3807.36,59.08,3807.54,193.14,3807.62,24.01
1753769594008,06:13:14.008,bitget,ETH/USDT:USDT,3807.53,29.23,3807.37,26.45,3807.54,194.19,3807.62,5.93
1753769594108,06:13:14.108,bitget,ETH/USDT:USDT,3807.53,35.97,3807.38,15.42,3807.54,192.8,3807.62,23.33
1753769594209,06:13:14.209,bitget,ETH/USDT:USDT,3807.53,42.89,3807.38,15.42,3807.54,190.92,3807.62,23.33
1753769594309,06:13:14.309,bitget,ETH/USDT:USDT,3807.53,37.96,3807.38,15.42,3807.54,185.4,3807.62,23.33
1753769594409,06:13:14.409,bitget,ETH/USDT:USDT,3807.53,54.37,3807.39,13.0,3807.54,183.61,3807.62,23.33
1753769594509,06:13:14.509,bitget,ETH/USDT:USDT,3807.53,76.43,3807.39,28.75,3807.54,185.43,3807.62,23.33
1753769594609,06:13:14.609,bitget,ETH/USDT:USDT,3807.53,42.41,3807.39,28.75,3807.54,181.85,3807.62,23.33
1753769594709,06:13:14.709,bitget,ETH/USDT:USDT,3807.53,29.23,3807.39,13.0,3807.54,182.23,3807.62,23.33
1753769594809,06:13:14.809,bitget,ETH/USDT:USDT,3807.53,29.23,3807.39,13.0,3807.54,186.22,3807.62,10.46
1753769594911,06:13:14.911,bitget,ETH/USDT:USDT,3807.53,16.37,3807.37,41.28,3807.54,186.22,3807.62,22.76
1753769595012,06:13:15.012,bitget,ETH/USDT:USDT,3807.53,16.37,3807.37,41.28,3807.54,186.22,3807.62,22.76
1753769595113,06:13:15.113,bitget,ETH/USDT:USDT,3807.53,16.37,3807.38,28.6,3807.54,186.24,3807.62,22.76
1753769595213,06:13:15.213,bitget,ETH/USDT:USDT,3807.53,16.37,3807.38,28.6,3807.54,186.22,3807.62,22.76
1753769595314,06:13:15.314,bitget,ETH/USDT:USDT,3807.53,16.37,3807.38,28.6,3807.54,186.22,3807.62,22.76
1753769595415,06:13:15.415,bitget,ETH/USDT:USDT,3807.53,16.37,3807.37,26.45,3807.54,186.22,3807.62,22.76
1753769595514,06:13:15.514,bitget,ETH/USDT:USDT,3807.53,16.02,3807.37,26.45,3807.54,186.22,3807.62,22.76
1753769595715,06:13:15.715,bitget,ETH/USDT:USDT,3807.53,15.68,3807.37,26.45,3807.54,186.22,3807.62,22.76
1753769595815,06:13:15.815,bitget,ETH/USDT:USDT,3807.53,5.27,3807.37,26.45,3807.54,186.22,3807.62,22.76
1753769595915,06:13:15.915,bitget,ETH/USDT:USDT,3807.53,5.27,3807.37,26.45,3807.54,186.22,3807.62,22.76
1753769596116,06:13:16.116,bitget,ETH/USDT:USDT,3807.53,20.68,3807.37,26.45,3807.54,186.22,3807.62,22.76
1753769596215,06:13:16.215,bitget,ETH/USDT:USDT,3807.53,20.68,3807.37,26.45,3807.54,190.3,3807.62,22.76
1753769596316,06:13:16.316,bitget,ETH/USDT:USDT,3807.53,20.68,3807.37,26.45,3807.54,190.3,3807.62,22.76
1753769596418,06:13:16.418,bitget,ETH/USDT:USDT,3807.53,20.68,3807.37,41.29,3807.54,189.82,3807.62,22.76
1753769596518,06:13:16.518,bitget,ETH/USDT:USDT,3807.53,20.68,3807.37,41.29,3807.54,187.98,3807.62,22.76
1753769596718,06:13:16.718,bitget,ETH/USDT:USDT,3807.53,20.68,3807.38,15.42,3807.54,187.6,3807.62,22.76
1753769596818,06:13:16.818,bitget,ETH/USDT:USDT,3807.53,20.68,3807.38,15.42,3807.54,187.6,3807.62,22.76
1753769596919,06:13:16.919,bitget,ETH/USDT:USDT,3807.53,20.68,3807.38,15.42,3807.54,185.78,3807.62,22.76
1753769597020,06:13:17.020,bitget,ETH/USDT:USDT,3807.53,20.68,3807.38,15.42,3807.54,185.78,3807.62,22.76
1753769597120,06:13:17.120,bitget,ETH/USDT:USDT,3807.53,31.68,3807.38,15.42,3807.54,185.78,3807.62,22.76
1753769597220,06:13:17.220,bitget,ETH/USDT:USDT,3807.53,31.68,3807.38,15.42,3807.54,185.78,3807.62,22.76
1753769597321,06:13:17.321,bitget,ETH/USDT:USDT,3807.53,31.64,3807.38,15.42,3807.54,185.78,3807.62,22.76
1753769597420,06:13:17.420,bitget,ETH/USDT:USDT,3807.53,31.64,3807.38,15.42,3807.54,185.78,3807.62,22.76
1753769597521,06:13:17.521,bitget,ETH/USDT:USDT,3807.53,1.24,3807.38,15.42,3807.54,185.78,3807.62,22.76
1753769597621,06:13:17.621,bitget,ETH/USDT:USDT,3807.53,1.24,3807.38,15.42,3807.54,196.12,3807.62,22.76
1753769597721,06:13:17.721,bitget,ETH/USDT:USDT,3807.53,1.24,3807.38,15.42,3807.54,188.56,3807.62,22.76
1753769597821,06:13:17.821,bitget,ETH/USDT:USDT,3807.38,15.42,3807.37,26.45,3807.39,109.51,3807.45,2.57
1753769597921,06:13:17.921,bitget,ETH/USDT:USDT,3807.38,72.04,3807.37,26.45,3807.39,190.12,3807.53,63.4
1753769598025,06:13:18.025,bitget,ETH/USDT:USDT,3807.38,79.96,3807.37,26.45,3807.39,190.12,3807.52,20.35
1753769598125,06:13:18.125,bitget,ETH/USDT:USDT,3807.38,79.96,3807.37,41.29,3807.39,168.29,3807.52,4.99
1753769598225,06:13:18.225,bitget,ETH/USDT:USDT,3807.38,115.16,3807.37,41.29,3807.39,142.01,3807.52,4.99
1753769598329,06:13:18.329,bitget,ETH/USDT:USDT,3807.38,104.69,3807.37,41.29,3807.39,134.45,3807.52,4.99
1753769598429,06:13:18.429,bitget,ETH/USDT:USDT,3807.38,95.71,3807.37,41.29,3807.39,136.11,3807.52,4.99
1753769598535,06:13:18.535,bitget,ETH/USDT:USDT,3807.38,95.71,3807.37,41.29,3807.39,136.46,3807.52,4.99
1753769598638,06:13:18.638,bitget,ETH/USDT:USDT,3807.38,95.71,3807.37,41.29,3807.39,136.46,3807.52,4.99
1753769598738,06:13:18.738,bitget,ETH/USDT:USDT,3807.38,79.96,3807.37,41.29,3807.39,138.28,3807.52,4.99
1753769598940,06:13:18.940,bitget,ETH/USDT:USDT,3807.38,79.96,3807.37,41.29,3807.39,136.46,3807.52,4.99
1753769599040,06:13:19.040,bitget,ETH/USDT:USDT,3807.38,79.96,3807.37,41.29,3807.39,136.46,3807.52,9.74
1753769599141,06:13:19.141,bitget,ETH/USDT:USDT,3807.38,79.96,3807.37,41.29,3807.39,136.46,3807.52,9.74
1753769599241,06:13:19.241,bitget,ETH/USDT:USDT,3807.38,102.3,3807.37,41.29,3807.39,134.8,3807.52,9.74
1753769599342,06:13:19.342,bitget,ETH/USDT:USDT,3807.38,98.48,3807.37,41.29,3807.39,134.9,3807.52,9.74
1753769599443,06:13:19.443,bitget,ETH/USDT:USDT,3807.38,98.48,3807.37,41.29,3807.39,134.9,3807.52,9.74
1753769599545,06:13:19.545,bitget,ETH/USDT:USDT,3807.38,72.66,3807.37,41.29,3807.39,134.9,3807.52,9.74
1753769599646,06:13:19.646,bitget,ETH/USDT:USDT,3807.38,72.66,3807.37,26.45,3807.39,134.9,3807.52,9.74
1753769599846,06:13:19.846,bitget,ETH/USDT:USDT,3807.38,72.66,3807.37,41.29,3807.39,134.9,3807.52,9.74
1753769599946,06:13:19.946,bitget,ETH/USDT:USDT,3807.38,72.66,3807.37,41.29,3807.39,134.9,3807.52,9.74
1753769600046,06:13:20.046,bitget,ETH/USDT:USDT,3807.38,105.23,3807.37,41.29,3807.39,134.9,3807.52,9.74
1753769600148,06:13:20.148,bitget,ETH/USDT:USDT,3807.38,123.32,3807.37,41.29,3807.39,134.9,3807.52,9.74
1753769600249,06:13:20.249,bitget,ETH/USDT:USDT,3807.38,65.81,3807.37,41.29,3807.39,136.62,3807.52,9.74
1753769600349,06:13:20.349,bitget,ETH/USDT:USDT,3807.38,58.24,3807.37,26.45,3807.39,134.9,3807.52,9.74
1753769600450,06:13:20.450,bitget,ETH/USDT:USDT,3807.38,48.96,3807.33,0.43,3807.39,135.28,3807.52,22.02
1753769600550,06:13:20.550,bitget,ETH/USDT:USDT,3807.38,48.96,3807.33,0.43,3807.39,135.28,3807.52,22.02
1753769600652,06:13:20.652,bitget,ETH/USDT:USDT,3807.38,48.96,3807.33,0.43,3807.39,135.28,3807.52,22.02
1753769600954,06:13:20.954,bitget,ETH/USDT:USDT,3807.38,48.96,3807.33,0.43,3807.39,134.9,3807.52,22.02
1753769601162,06:13:21.162,bitget,ETH/USDT:USDT,3807.38,56.96,3807.33,0.43,3807.39,134.9,3807.52,22.02
1753769601261,06:13:21.261,bitget,ETH/USDT:USDT,3807.38,56.96,3807.33,0.43,3807.39,134.9,3807.52,22.02
1753769601981,06:13:21.981,bitget,ETH/USDT:USDT,3807.38,48.61,3807.33,0.43,3807.39,134.9,3807.52,22.02
1753769602081,06:13:22.081,bitget,ETH/USDT:USDT,3807.23,17.57,3807.15,15.75,3807.34,2.56,3807.35,2.56
1753769602381,06:13:22.381,bitget,ETH/USDT:USDT,3806.96,116.51,3806.85,20.38,3806.97,196.21,3807.02,18.0
1753769602481,06:13:22.481,bitget,ETH/USDT:USDT,3806.96,116.86,3806.85,20.38,3806.97,194.49,3807.01,5.72
1753769602583,06:13:22.583,bitget,ETH/USDT:USDT,3806.96,116.87,3806.85,20.38,3806.97,190.22,3807.01,5.72
1753769602684,06:13:22.684,bitget,ETH/USDT:USDT,3806.96,107.58,3806.85,4.63,3806.97,194.14,3807.01,5.72
1753769602784,06:13:22.784,bitget,ETH/USDT:USDT,3806.96,107.58,3806.85,4.63,3806.97,199.04,3807.01,5.72
1753769602886,06:13:22.886,bitget,ETH/USDT:USDT,3806.96,107.59,3806.85,4.63,3806.97,199.03,3807.01,5.72
1753769602987,06:13:22.987,bitget,ETH/USDT:USDT,3806.96,107.56,3806.85,17.53,3806.97,194.61,3807.01,5.72
1753769603087,06:13:23.087,bitget,ETH/USDT:USDT,3806.96,47.77,3806.85,19.64,3806.97,194.61,3807.01,5.72
1753769603187,06:13:23.187,bitget,ETH/USDT:USDT,3806.96,48.97,3806.85,15.01,3806.97,170.55,3807.01,5.72
1753769603387,06:13:23.387,bitget,ETH/USDT:USDT,3806.96,70.53,3806.95,2.05,3806.97,166.71,3807.01,8.71
1753769603488,06:13:23.488,bitget,ETH/USDT:USDT,3806.96,85.41,3806.95,2.05,3806.97,164.92,3807.01,8.71
1753769603587,06:13:23.587,bitget,ETH/USDT:USDT,3806.96,160.25,3806.95,2.05,3806.97,164.57,3807.01,17.49
1753769603687,06:13:23.687,bitget,ETH/USDT:USDT,3806.96,152.07,3806.95,2.05,3806.97,164.7,3807.01,17.49
1753769604089,06:13:24.089,bitget,ETH/USDT:USDT,3806.96,152.03,3806.95,2.05,3806.97,163.95,3807.01,17.49
1753769604189,06:13:24.189,bitget,ETH/USDT:USDT,3806.96,152.03,3806.95,2.05,3806.97,162.28,3807.01,17.49
1753769604289,06:13:24.289,bitget,ETH/USDT:USDT,3806.96,152.03,3806.95,2.05,3806.97,161.0,3807.01,17.49
1753769604390,06:13:24.390,bitget,ETH/USDT:USDT,3806.96,152.03,3806.95,2.05,3806.97,161.0,3807.01,17.49
1753769604494,06:13:24.494,bitget,ETH/USDT:USDT,3806.96,152.03,3806.95,2.05,3806.97,161.0,3807.01,17.49
1753769604594,06:13:24.594,bitget,ETH/USDT:USDT,3806.96,150.83,3806.95,1.02,3806.97,161.0,3807.01,17.49
1753769604694,06:13:24.694,bitget,ETH/USDT:USDT,3806.96,150.83,3806.88,0.53,3806.97,161.0,3807.01,17.49
1753769604897,06:13:24.897,bitget,ETH/USDT:USDT,3806.96,91.74,3806.9,26.38,3806.97,161.0,3807.01,17.49
1753769604998,06:13:24.998,bitget,ETH/USDT:USDT,3806.96,81.75,3806.9,26.38,3806.97,161.35,3807.01,17.49
1753769605198,06:13:25.198,bitget,ETH/USDT:USDT,3806.96,86.02,3806.9,26.38,3806.97,161.35,3807.01,17.49
1753769605298,06:13:25.298,bitget,ETH/USDT:USDT,3806.96,106.17,3806.9,26.38,3806.97,161.35,3807.01,17.49
1753769605399,06:13:25.399,bitget,ETH/USDT:USDT,3806.96,99.25,3806.9,26.38,3806.97,161.35,3807.01,17.49
1753769605498,06:13:25.498,bitget,ETH/USDT:USDT,3806.96,152.68,3806.9,26.38,3806.97,161.35,3807.01,17.49
1753769605599,06:13:25.599,bitget,ETH/USDT:USDT,3806.96,153.88,3806.9,8.66,3806.97,161.35,3807.01,17.49
1753769605699,06:13:25.699,bitget,ETH/USDT:USDT,3806.96,153.88,3806.9,8.66,3806.97,141.31,3807.0,19.69
1753769605799,06:13:25.799,bitget,ETH/USDT:USDT,3806.96,153.88,3806.9,8.66,3806.97,160.72,3807.01,17.49
1753769605899,06:13:25.899,bitget,ETH/USDT:USDT,3806.96,153.88,3806.9,8.66,3806.97,160.72,3807.01,17.49
1753769606001,06:13:26.001,bitget,ETH/USDT:USDT,3806.96,153.88,3806.9,8.66,3806.97,160.72,3807.01,17.49
1753769606104,06:13:26.104,bitget,ETH/USDT:USDT,3806.96,153.88,3806.9,8.66,3806.97,160.72,3807.01,17.49
1753769606203,06:13:26.203,bitget,ETH/USDT:USDT,3806.96,153.88,3806.9,8.66,3806.97,160.72,3807.01,17.49
1753769606304,06:13:26.304,bitget,ETH/USDT:USDT,3806.96,153.88,3806.9,8.66,3806.97,160.72,3807.01,17.49
1753769606405,06:13:26.405,bitget,ETH/USDT:USDT,3806.96,154.11,3806.9,8.66,3806.97,46.49,3807.01,17.49
1753769606504,06:13:26.504,bitget,ETH/USDT:USDT,3806.96,154.11,3806.9,8.66,3806.97,30.19,3807.02,18.0
1753769606604,06:13:26.604,bitget,ETH/USDT:USDT,3806.96,154.11,3806.9,8.66,3806.97,24.92,3807.02,18.0
1753769606706,06:13:26.706,bitget,ETH/USDT:USDT,3806.96,153.88,3806.9,8.66,3806.97,24.92,3807.02,18.0
1753769606806,06:13:26.806,bitget,ETH/USDT:USDT,3806.96,153.88,3806.9,8.66,3806.97,24.92,3807.02,18.0
1753769606906,06:13:26.906,bitget,ETH/USDT:USDT,3806.96,153.88,3806.9,8.66,3806.97,24.92,3807.02,18.0
1753769607007,06:13:27.007,bitget,ETH/USDT:USDT,3806.96,173.88,3806.9,8.66,3806.97,24.92,3807.02,18.0
1753769607107,06:13:27.107,bitget,ETH/USDT:USDT,3806.96,173.88,3806.9,8.66,3806.97,24.92,3807.02,18.0
1753769607208,06:13:27.208,bitget,ETH/USDT:USDT,3806.96,173.88,3806.9,8.66,3806.97,24.92,3807.02,18.0
1753769607307,06:13:27.307,bitget,ETH/USDT:USDT,3806.96,153.88,3806.9,8.66,3806.97,24.92,3807.02,18.0
1753769607407,06:13:27.407,bitget,ETH/USDT:USDT,3806.96,154.11,3806.9,8.66,3806.97,24.92,3807.02,18.0
1753769607507,06:13:27.507,bitget,ETH/USDT:USDT,3806.96,154.11,3806.9,8.66,3806.97,16.38,3807.02,18.0
1753769607607,06:13:27.607,bitget,ETH/USDT:USDT,3806.96,153.88,3806.9,8.66,3806.97,20.98,3807.02,18.0
1753769607707,06:13:27.707,bitget,ETH/USDT:USDT,3806.96,153.88,3806.9,8.66,3806.97,20.98,3807.02,18.0
1753769607808,06:13:27.808,bitget,ETH/USDT:USDT,3806.96,154.11,3806.9,8.66,3806.97,20.98,3807.02,18.0
1753769607908,06:13:27.908,bitget,ETH/USDT:USDT,3806.96,154.11,3806.9,8.66,3806.97,20.98,3807.02,18.0
1753769608008,06:13:28.008,bitget,ETH/USDT:USDT,3806.96,161.11,3806.9,8.66,3806.97,20.98,3807.02,18.0
1753769608108,06:13:28.108,bitget,ETH/USDT:USDT,3806.96,160.88,3806.9,8.66,3806.97,20.98,3807.02,18.0
1753769608208,06:13:28.208,bitget,ETH/USDT:USDT,3806.96,161.11,3806.9,8.66,3806.97,20.98,3807.02,18.0
1753769608310,06:13:28.310,bitget,ETH/USDT:USDT,3806.96,160.88,3806.9,8.66,3806.97,20.98,3807.02,18.0
1753769608410,06:13:28.410,bitget,ETH/USDT:USDT,3806.96,160.88,3806.9,8.66,3806.97,20.98,3807.02,18.0
1753769608510,06:13:28.510,bitget,ETH/USDT:USDT,3806.96,161.11,3806.9,8.66,3806.97,20.98,3807.02,18.0
1753769608611,06:13:28.611,bitget,ETH/USDT:USDT,3806.96,154.11,3806.9,8.66,3806.97,20.98,3807.02,18.0
1753769608711,06:13:28.711,bitget,ETH/USDT:USDT,3806.96,154.11,3806.9,8.66,3806.97,20.98,3807.02,18.0
1753769608811,06:13:28.811,bitget,ETH/USDT:USDT,3806.96,153.88,3806.9,8.66,3806.97,28.55,3807.02,18.0
1753769608912,06:13:28.912,bitget,ETH/USDT:USDT,3806.96,153.88,3806.9,8.66,3806.97,28.55,3807.01,16.87
1753769609012,06:13:29.012,bitget,ETH/USDT:USDT,3806.96,153.83,3806.9,8.66,3806.97,28.55,3807.01,16.87
1753769609115,06:13:29.115,bitget,ETH/USDT:USDT,3806.96,153.83,3806.9,8.66,3806.97,28.55,3807.01,16.87
1753769609215,06:13:29.215,bitget,ETH/USDT:USDT,3806.96,153.83,3806.9,8.66,3806.97,28.55,3807.01,16.87
1753769609315,06:13:29.315,bitget,ETH/USDT:USDT,3806.96,153.83,3806.9,8.66,3806.97,28.55,3807.01,16.87
1753769609416,06:13:29.416,bitget,ETH/USDT:USDT,3806.96,153.83,3806.9,8.66,3806.97,28.3,3807.01,16.87
1753769609516,06:13:29.516,bitget,ETH/USDT:USDT,3806.96,153.83,3806.9,8.66,3806.97,28.3,3807.01,16.87
1753769609617,06:13:29.617,bitget,ETH/USDT:USDT,3806.96,153.83,3806.9,8.66,3806.97,28.3,3807.01,16.87
1753769609717,06:13:29.717,bitget,ETH/USDT:USDT,3806.96,153.83,3806.9,8.66,3806.97,28.3,3807.01,25.59
1753769609818,06:13:29.818,bitget,ETH/USDT:USDT,3806.96,153.83,3806.9,8.66,3806.97,28.3,3807.01,25.59
1753769609921,06:13:29.921,bitget,ETH/USDT:USDT,3806.96,153.83,3806.9,8.66,3806.97,28.3,3807.01,25.59
1753769610021,06:13:30.021,bitget,ETH/USDT:USDT,3806.96,153.83,3806.9,8.66,3806.97,28.3,3807.01,25.59
1753769610122,06:13:30.122,bitget,ETH/USDT:USDT,3806.96,153.83,3806.9,8.66,3806.97,28.3,3807.01,25.59
1753769610222,06:13:30.222,bitget,ETH/USDT:USDT,3806.96,153.83,3806.9,8.66,3806.97,28.3,3807.01,25.59
1753769610321,06:13:30.321,bitget,ETH/USDT:USDT,3806.96,153.83,3806.9,8.66,3806.97,28.3,3807.01,25.59
1753769610421,06:13:30.421,bitget,ETH/USDT:USDT,3806.96,153.83,3806.9,8.66,3806.97,28.3,3807.01,25.59
1753769610521,06:13:30.521,bitget,ETH/USDT:USDT,3806.96,153.83,3806.9,8.66,3806.97,28.3,3807.01,25.59
1753769610621,06:13:30.621,bitget,ETH/USDT:USDT,3806.96,179.72,3806.9,8.66,3806.97,4.68,3807.05,1.05
1753769610922,06:13:30.922,bitget,ETH/USDT:USDT,3807.63,154.46,3807.62,1.84,3807.64,84.17,3807.73,0.08
1753769611022,06:13:31.022,bitget,ETH/USDT:USDT,3807.63,121.54,3807.57,9.98,3807.64,130.32,3807.73,0.08
1753769611124,06:13:31.124,bitget,ETH/USDT:USDT,3807.63,50.4,3807.58,7.98,3807.64,138.94,3807.73,0.08
1753769611224,06:13:31.224,bitget,ETH/USDT:USDT,3807.63,40.75,3807.58,21.71,3807.64,156.08,3807.73,0.08
1753769611324,06:13:31.324,bitget,ETH/USDT:USDT,3807.63,40.74,3807.58,21.71,3807.64,138.24,3807.73,0.08
1753769611424,06:13:31.424,bitget,ETH/USDT:USDT,3807.63,40.76,3807.58,21.71,3807.64,111.78,3807.73,0.08
1753769611725,06:13:31.725,bitget,ETH/USDT:USDT,3807.63,113.4,3807.6,8.5,3807.64,91.68,3807.73,0.08
1753769611826,06:13:31.826,bitget,ETH/USDT:USDT,3807.63,112.2,3807.6,8.5,3807.64,91.68,3807.73,0.08
1753769612026,06:13:32.026,bitget,ETH/USDT:USDT,3807.63,53.12,3807.6,4.63,3807.64,86.53,3807.73,0.08
1753769612426,06:13:32.426,bitget,ETH/USDT:USDT,3807.63,26.92,3807.6,9.3,3807.64,81.42,3807.73,0.08
1753769612526,06:13:32.526,bitget,ETH/USDT:USDT,3807.63,33.62,3807.6,9.3,3807.64,81.42,3807.73,0.08
1753769613027,06:13:33.027,bitget,ETH/USDT:USDT,3807.63,106.11,3807.6,22.23,3807.64,82.87,3807.73,0.08
1753769613228,06:13:33.228,bitget,ETH/USDT:USDT,3807.63,97.47,3807.61,59.08,3807.64,83.65,3807.73,0.08
1753769613328,06:13:33.328,bitget,ETH/USDT:USDT,3807.63,79.77,3807.62,22.88,3807.64,83.65,3807.73,0.08
1753769613428,06:13:33.428,bitget,ETH/USDT:USDT,3807.63,83.56,3807.62,22.88,3807.64,83.65,3807.73,0.08
1753769613529,06:13:33.529,bitget,ETH/USDT:USDT,3807.63,83.56,3807.62,22.88,3807.64,83.65,3807.73,0.08
1753769613631,06:13:33.631,bitget,ETH/USDT:USDT,3807.63,83.56,3807.62,22.88,3807.64,83.65,3807.73,0.08
1753769613731,06:13:33.731,bitget,ETH/USDT:USDT,3807.63,86.1,3807.62,22.88,3807.64,83.65,3807.73,0.08
1753769613832,06:13:33.832,bitget,ETH/USDT:USDT,3807.63,83.56,3807.62,22.88,3807.64,83.65,3807.73,0.08
1753769614032,06:13:34.032,bitget,ETH/USDT:USDT,3807.63,29.49,3807.62,9.88,3807.64,110.23,3807.73,0.08
1753769614133,06:13:34.133,bitget,ETH/USDT:USDT,3807.63,29.49,3807.62,9.88,3807.64,110.23,3807.73,0.08
1753769614233,06:13:34.233,bitget,ETH/USDT:USDT,3807.63,29.49,3807.62,9.88,3807.64,110.23,3807.73,0.08
1753769614333,06:13:34.333,bitget,ETH/USDT:USDT,3807.63,29.49,3807.62,9.88,3807.64,110.23,3807.73,0.08
1753769614434,06:13:34.434,bitget,ETH/USDT:USDT,3807.44,1.76,3807.38,37.19,3807.62,4.47,3807.63,79.02
1753769615038,06:13:35.038,bitget,ETH/USDT:USDT,3807.26,213.84,3807.09,1.23,3807.27,70.72,3807.42,19.69
1753769615439,06:13:35.439,bitget,ETH/USDT:USDT,3807.26,259.55,3807.09,1.23,3807.27,8.18,3807.45,21.99
1753769615641,06:13:35.641,bitget,ETH/USDT:USDT,3807.26,259.32,3807.09,1.23,3807.27,8.18,3807.45,21.99
1753769615741,06:13:35.741,bitget,ETH/USDT:USDT,3807.26,183.65,3807.1,59.09,3807.27,12.78,3807.45,21.99
1753769615841,06:13:35.841,bitget,ETH/USDT:USDT,3807.26,241.93,3807.11,27.37,3807.27,20.35,3807.44,19.46
1753769615941,06:13:35.941,bitget,ETH/USDT:USDT,3807.26,240.07,3807.11,9.65,3807.27,26.35,3807.43,30.4
1753769616041,06:13:36.041,bitget,ETH/USDT:USDT,3807.26,242.11,3807.11,9.65,3807.27,26.35,3807.42,29.78
1753769616141,06:13:36.141,bitget,ETH/USDT:USDT,3807.26,242.34,3807.11,9.65,3807.27,15.75,3807.42,29.78
1753769616241,06:13:36.241,bitget,ETH/USDT:USDT,3807.26,269.66,3807.11,9.65,3807.27,8.18,3807.42,29.78
1753769616441,06:13:36.441,bitget,ETH/USDT:USDT,3807.41,362.31,3807.28,12.9,3807.42,38.23,3807.45,18.0
1753769616541,06:13:36.541,bitget,ETH/USDT:USDT,3807.41,362.31,3807.28,76.43,3807.42,2.73,3807.45,18.0
1753769616642,06:13:36.642,bitget,ETH/USDT:USDT,3807.41,366.32,3807.28,12.9,3807.42,2.73,3807.45,18.0
1753769616741,06:13:36.741,bitget,ETH/USDT:USDT,3807.41,326.32,3807.28,12.9,3807.42,2.53,3807.45,18.0
1753769616841,06:13:36.841,bitget,ETH/USDT:USDT,3807.41,326.09,3807.28,12.9,3807.42,2.53,3807.45,18.0
1753769616941,06:13:36.941,bitget,ETH/USDT:USDT,3807.41,326.09,3807.28,12.9,3807.42,2.53,3807.45,18.0
1753769617043,06:13:37.043,bitget,ETH/USDT:USDT,3807.41,326.09,3807.28,12.9,3807.42,2.53,3807.45,18.0
1753769617142,06:13:37.142,bitget,ETH/USDT:USDT,3807.41,326.09,3807.28,12.9,3807.42,2.53,3807.45,18.0
1753769617243,06:13:37.243,bitget,ETH/USDT:USDT,3807.41,326.32,3807.28,12.9,3807.42,2.53,3807.45,18.0
1753769617343,06:13:37.343,bitget,ETH/USDT:USDT,3807.41,326.34,3807.28,12.9,3807.42,2.52,3807.45,18.0
1753769617743,06:13:37.743,bitget,ETH/USDT:USDT,3807.41,281.84,3807.28,12.9,3807.42,9.73,3807.45,18.0
1753769617843,06:13:37.843,bitget,ETH/USDT:USDT,3807.41,282.07,3807.28,12.9,3807.42,9.73,3807.45,18.0
1753769617944,06:13:37.944,bitget,ETH/USDT:USDT,3807.41,282.07,3807.28,12.9,3807.42,12.25,3807.45,18.0
1753769618045,06:13:38.045,bitget,ETH/USDT:USDT,3807.41,186.84,3807.29,59.08,3807.42,14.24,3807.45,18.0
1753769618148,06:13:38.148,bitget,ETH/USDT:USDT,3807.41,156.05,3807.29,59.08,3807.42,20.17,3807.44,14.52
1753769618249,06:13:38.249,bitget,ETH/USDT:USDT,3807.41,156.05,3807.3,43.93,3807.42,20.17,3807.44,14.52
1753769618350,06:13:38.350,bitget,ETH/USDT:USDT,3807.41,153.47,3807.3,43.93,3807.42,78.67,3807.43,17.6
1753769618450,06:13:38.450,bitget,ETH/USDT:USDT,3807.41,149.63,3807.3,43.93,3807.42,85.61,3807.43,19.69
1753769618551,06:13:38.551,bitget,ETH/USDT:USDT,3807.41,149.63,3807.3,43.93,3807.42,105.3,3807.44,10.03
1753769618652,06:13:38.652,bitget,ETH/USDT:USDT,3807.41,149.63,3807.3,43.93,3807.42,104.64,3807.44,10.03
1753769618752,06:13:38.752,bitget,ETH/USDT:USDT,3807.41,149.65,3807.3,43.93,3807.42,104.65,3807.44,10.03
1753769618852,06:13:38.852,bitget,ETH/USDT:USDT,3807.41,208.73,3807.3,56.83,3807.42,104.65,3807.44,10.03
1753769618953,06:13:38.953,bitget,ETH/USDT:USDT,3807.41,208.96,3807.3,33.75,3807.42,51.42,3807.45,18.0
1753769619052,06:13:39.052,bitget,ETH/USDT:USDT,3807.41,208.96,3807.3,33.75,3807.42,19.52,3807.45,18.0
1753769619152,06:13:39.152,bitget,ETH/USDT:USDT,3807.41,208.96,3807.3,33.75,3807.42,19.17,3807.45,18.0
1753769619253,06:13:39.253,bitget,ETH/USDT:USDT,3807.41,203.96,3807.3,33.75,3807.42,11.6,3807.45,18.0
1753769619353,06:13:39.353,bitget,ETH/USDT:USDT,3807.41,203.73,3807.3,33.75,3807.42,9.04,3807.45,18.0
1753769619453,06:13:39.453,bitget,ETH/USDT:USDT,3807.41,203.73,3807.3,33.75,3807.42,9.04,3807.45,18.0
1753769619554,06:13:39.554,bitget,ETH/USDT:USDT,3807.41,144.88,3807.31,59.08,3807.42,9.04,3807.45,18.0
1753769619653,06:13:39.653,bitget,ETH/USDT:USDT,3807.41,144.88,3807.32,38.57,3807.42,9.04,3807.45,18.0
1753769619753,06:13:39.753,bitget,ETH/USDT:USDT,3807.41,144.88,3807.32,38.57,3807.42,9.04,3807.45,18.0
1753769619853,06:13:39.853,bitget,ETH/USDT:USDT,3807.41,144.88,3807.32,38.57,3807.42,9.04,3807.45,18.0
1753769619953,06:13:39.953,bitget,ETH/USDT:USDT,3807.41,144.88,3807.32,38.57,3807.42,9.04,3807.45,18.0
1753769620053,06:13:40.053,bitget,ETH/USDT:USDT,3807.41,203.96,3807.32,38.57,3807.42,9.04,3807.45,18.0
1753769620153,06:13:40.153,bitget,ETH/USDT:USDT,3807.41,203.73,3807.32,20.85,3807.42,9.04,3807.45,18.0
1753769620253,06:13:40.253,bitget,ETH/USDT:USDT,3807.41,203.71,3807.32,20.85,3807.42,9.04,3807.45,18.0
1753769620353,06:13:40.353,bitget,ETH/USDT:USDT,3807.41,144.63,3807.37,42.87,3807.42,9.04,3807.45,18.0
1753769620453,06:13:40.453,bitget,ETH/USDT:USDT,3807.41,144.63,3807.38,53.99,3807.42,9.04,3807.45,18.0
1753769620554,06:13:40.554,bitget,ETH/USDT:USDT,3807.41,144.63,3807.39,59.08,3807.42,9.04,3807.45,18.0
1753769620756,06:13:40.756,bitget,ETH/USDT:USDT,3807.41,203.71,3807.4,29.34,3807.42,9.09,3807.45,18.0
1753769620856,06:13:40.856,bitget,ETH/USDT:USDT,3807.41,229.59,3807.4,29.34,3807.42,9.09,3807.45,18.0
1753769620956,06:13:40.956,bitget,ETH/USDT:USDT,3807.41,229.59,3807.4,29.34,3807.42,9.09,3807.45,18.0
1753769621056,06:13:41.056,bitget,ETH/USDT:USDT,3807.41,229.59,3807.4,29.34,3807.42,9.09,3807.45,18.0
1753769621156,06:13:41.156,bitget,ETH/USDT:USDT,3807.41,229.59,3807.4,29.34,3807.42,9.09,3807.45,18.0
1753769621359,06:13:41.359,bitget,ETH/USDT:USDT,3807.41,170.51,3807.4,29.34,3807.42,9.09,3807.45,18.0
1753769621460,06:13:41.460,bitget,ETH/USDT:USDT,3807.41,229.59,3807.4,29.34,3807.42,9.09,3807.45,18.0
1753769621560,06:13:41.560,bitget,ETH/USDT:USDT,3807.41,229.59,3807.4,29.34,3807.42,9.09,3807.45,18.0
1753769621659,06:13:41.659,bitget,ETH/USDT:USDT,3807.41,170.51,3807.4,29.34,3807.42,9.09,3807.45,18.0
1753769621759,06:13:41.759,bitget,ETH/USDT:USDT,3807.41,170.28,3807.4,43.4,3807.42,9.09,3807.45,18.0
1753769621860,06:13:41.860,bitget,ETH/USDT:USDT,3807.41,229.36,3807.4,43.4,3807.42,9.09,3807.45,18.0
1753769621959,06:13:41.959,bitget,ETH/USDT:USDT,3807.41,229.36,3807.4,29.34,3807.42,9.09,3807.45,18.0
1753769622160,06:13:42.160,bitget,ETH/USDT:USDT,3807.41,224.59,3807.4,29.34,3807.42,9.09,3807.45,18.0
1753769622260,06:13:42.260,bitget,ETH/USDT:USDT,3807.41,224.59,3807.4,29.34,3807.42,9.09,3807.45,18.0
1753769622362,06:13:42.362,bitget,ETH/USDT:USDT,3807.41,165.28,3807.4,29.34,3807.42,9.09,3807.45,18.0
1753769622761,06:13:42.761,bitget,ETH/USDT:USDT,3807.41,139.63,3807.4,29.34,3807.42,19.57,3807.44,14.52
1753769622861,06:13:42.861,bitget,ETH/USDT:USDT,3807.41,128.26,3807.4,29.34,3807.42,49.97,3807.43,28.8
1753769622962,06:13:42.962,bitget,ETH/USDT:USDT,3807.41,126.98,3807.4,29.34,3807.42,103.88,3807.44,14.52
1753769623064,06:13:43.064,bitget,ETH/USDT:USDT,3807.41,186.06,3807.4,29.34,3807.42,93.17,3807.44,14.52
1753769623164,06:13:43.164,bitget,ETH/USDT:USDT,3807.41,186.29,3807.4,20.85,3807.42,19.22,3807.45,18.0
1753769623364,06:13:43.364,bitget,ETH/USDT:USDT,3807.41,186.29,3807.4,20.85,3807.42,11.65,3807.45,18.0
1753769623464,06:13:43.464,bitget,ETH/USDT:USDT,3807.41,186.29,3807.4,20.85,3807.42,11.65,3807.45,18.0
1753769623564,06:13:43.564,bitget,ETH/USDT:USDT,3807.41,186.29,3807.4,20.85,3807.42,11.65,3807.45,18.0
1753769623664,06:13:43.664,bitget,ETH/USDT:USDT,3807.41,186.06,3807.4,20.85,3807.42,11.65,3807.45,18.0
1753769623864,06:13:43.864,bitget,ETH/USDT:USDT,3807.41,126.98,3807.4,35.96,3807.42,11.65,3807.45,18.0
1753769624164,06:13:44.164,bitget,ETH/USDT:USDT,3807.41,126.98,3807.4,35.96,3807.42,11.63,3807.45,18.0
1753769624365,06:13:44.365,bitget,ETH/USDT:USDT,3807.41,185.61,3807.4,20.85,3807.42,43.53,3807.45,18.0
1753769624567,06:13:44.567,bitget,ETH/USDT:USDT,3807.41,185.61,3807.4,20.85,3807.42,43.38,3807.45,18.0
1753769624967,06:13:44.967,bitget,ETH/USDT:USDT,3807.41,211.01,3807.4,20.85,3807.42,2.7,3807.45,18.0
1753769625067,06:13:45.067,bitget,ETH/USDT:USDT,3807.41,211.24,3807.4,20.85,3807.42,2.7,3807.45,18.0
1753769625167,06:13:45.167,bitget,ETH/USDT:USDT,3807.41,211.24,3807.4,20.85,3807.42,2.7,3807.45,18.0
1753769625270,06:13:45.270,bitget,ETH/USDT:USDT,3807.41,211.24,3807.4,20.85,3807.42,2.7,3807.45,18.0
1753769625371,06:13:45.371,bitget,ETH/USDT:USDT,3807.41,152.16,3807.4,20.85,3807.42,2.7,3807.45,18.0
1753769625470,06:13:45.470,bitget,ETH/USDT:USDT,3807.41,211.24,3807.4,35.96,3807.42,7.3,3807.45,18.0
1753769625672,06:13:45.672,bitget,ETH/USDT:USDT,3807.41,211.24,3807.4,20.85,3807.42,7.3,3807.45,18.0
1753769625771,06:13:45.771,bitget,ETH/USDT:USDT,3807.41,211.24,3807.4,20.85,3807.42,7.3,3807.45,18.0
1753769625874,06:13:45.874,bitget,ETH/USDT:USDT,3807.41,211.01,3807.4,20.85,3807.42,7.3,3807.45,18.0
1753769625977,06:13:45.977,bitget,ETH/USDT:USDT,3807.41,211.01,3807.4,20.85,3807.42,7.3,3807.45,18.0
1753769626076,06:13:46.076,bitget,ETH/USDT:USDT,3807.41,210.54,3807.4,20.85,3807.42,7.14,3807.45,18.0
1753769626176,06:13:46.176,bitget,ETH/USDT:USDT,3807.41,210.77,3807.4,20.85,3807.42,7.14,3807.45,18.0
1753769626277,06:13:46.277,bitget,ETH/USDT:USDT,3807.41,210.77,3807.4,20.85,3807.42,7.14,3807.45,18.0
1753769626378,06:13:46.378,bitget,ETH/USDT:USDT,3807.41,210.77,3807.4,20.85,3807.42,7.14,3807.45,18.0
1753769626478,06:13:46.478,bitget,ETH/USDT:USDT,3807.41,151.69,3807.4,20.85,3807.42,7.14,3807.45,18.0
1753769626578,06:13:46.578,bitget,ETH/USDT:USDT,3807.41,210.77,3807.4,35.96,3807.42,7.09,3807.45,18.0
1753769626678,06:13:46.678,bitget,ETH/USDT:USDT,3807.41,210.77,3807.4,20.85,3807.42,7.09,3807.45,18.0
1753769626778,06:13:46.778,bitget,ETH/USDT:USDT,3807.41,210.54,3807.4,20.85,3807.42,7.09,3807.45,18.0
1753769626879,06:13:46.879,bitget,ETH/USDT:USDT,3807.41,210.54,3807.4,20.85,3807.42,7.09,3807.45,18.0
1753769626978,06:13:46.978,bitget,ETH/USDT:USDT,3807.41,210.54,3807.4,20.85,3807.42,7.09,3807.45,18.0
1753769627081,06:13:47.081,bitget,ETH/USDT:USDT,3807.41,210.54,3807.4,20.85,3807.42,14.66,3807.45,18.0
1753769627182,06:13:47.182,bitget,ETH/USDT:USDT,3807.41,210.54,3807.4,20.85,3807.42,14.66,3807.45,18.0
1753769627282,06:13:47.282,bitget,ETH/USDT:USDT,3807.41,210.54,3807.4,20.85,3807.42,14.66,3807.45,18.0
1753769627382,06:13:47.382,bitget,ETH/USDT:USDT,3807.41,210.54,3807.4,20.85,3807.42,14.66,3807.45,18.0
1753769627482,06:13:47.482,bitget,ETH/USDT:USDT,3807.41,210.54,3807.4,20.85,3807.42,14.66,3807.45,18.0
1753769627583,06:13:47.583,bitget,ETH/USDT:USDT,3807.41,210.54,3807.4,20.85,3807.42,14.66,3807.45,18.0
1753769627786,06:13:47.786,bitget,ETH/USDT:USDT,3807.41,210.54,3807.4,20.85,3807.42,14.66,3807.45,18.0
1753769627887,06:13:47.887,bitget,ETH/USDT:USDT,3807.41,210.54,3807.4,20.85,3807.42,14.66,3807.45,18.0
1753769627987,06:13:47.987,bitget,ETH/USDT:USDT,3807.41,210.54,3807.4,20.85,3807.42,14.66,3807.45,18.0
1753769628087,06:13:48.087,bitget,ETH/USDT:USDT,3807.41,151.46,3807.4,20.85,3807.42,14.66,3807.45,18.0
1753769628188,06:13:48.188,bitget,ETH/USDT:USDT,3807.41,210.54,3807.4,35.96,3807.42,14.66,3807.45,18.0
1753769628288,06:13:48.288,bitget,ETH/USDT:USDT,3807.41,210.54,3807.4,20.85,3807.42,14.66,3807.45,18.0
1753769628388,06:13:48.388,bitget,ETH/USDT:USDT,3807.41,210.54,3807.4,20.85,3807.42,14.66,3807.45,18.0
1753769628488,06:13:48.488,bitget,ETH/USDT:USDT,3807.41,210.54,3807.4,20.85,3807.42,14.66,3807.45,18.0
1753769628688,06:13:48.688,bitget,ETH/USDT:USDT,3807.41,210.54,3807.4,20.85,3807.42,14.66,3807.45,18.0
1753769628789,06:13:48.789,bitget,ETH/USDT:USDT,3807.41,210.54,3807.4,20.85,3807.42,14.66,3807.45,18.0
1753769628989,06:13:48.989,bitget,ETH/USDT:USDT,3807.41,210.54,3807.4,20.85,3807.42,14.66,3807.45,18.0
1753769629089,06:13:49.089,bitget,ETH/USDT:USDT,3807.41,210.54,3807.4,20.85,3807.42,9.08,3807.45,18.0
1753769629292,06:13:49.292,bitget,ETH/USDT:USDT,3807.41,210.54,3807.4,20.85,3807.42,7.09,3807.45,18.0
1753769629392,06:13:49.392,bitget,ETH/USDT:USDT,3807.41,210.54,3807.4,20.85,3807.42,7.09,3807.45,18.0
1753769629492,06:13:49.492,bitget,ETH/USDT:USDT,3807.41,210.54,3807.4,20.85,3807.42,7.09,3807.45,18.0
1753769629592,06:13:49.592,bitget,ETH/USDT:USDT,3807.41,151.46,3807.4,20.85,3807.42,7.09,3807.45,18.0
1753769629693,06:13:49.693,bitget,ETH/USDT:USDT,3807.41,125.81,3807.4,35.97,3807.42,7.44,3807.44,3.91
1753769629893,06:13:49.893,bitget,ETH/USDT:USDT,3807.41,125.81,3807.4,35.97,3807.42,20.81,3807.44,3.91
1753769629993,06:13:49.993,bitget,ETH/USDT:USDT,3807.41,125.81,3807.4,35.97,3807.42,20.81,3807.44,3.91
1753769630194,06:13:50.194,bitget,ETH/USDT:USDT,3807.41,125.81,3807.4,35.97,3807.42,20.81,3807.44,3.91
1753769630293,06:13:50.293,bitget,ETH/USDT:USDT,3807.41,125.81,3807.4,35.97,3807.42,15.01,3807.44,3.91
1753769630394,06:13:50.394,bitget,ETH/USDT:USDT,3807.41,125.81,3807.4,35.97,3807.42,15.01,3807.44,3.91
1753769630494,06:13:50.494,bitget,ETH/USDT:USDT,3807.41,184.89,3807.4,20.85,3807.42,15.01,3807.44,3.91
1753769630694,06:13:50.694,bitget,ETH/USDT:USDT,3807.41,125.81,3807.4,35.97,3807.42,26.41,3807.44,3.91
1753769630794,06:13:50.794,bitget,ETH/USDT:USDT,3807.41,125.81,3807.4,35.97,3807.42,26.41,3807.44,3.91
1753769630896,06:13:50.896,bitget,ETH/USDT:USDT,3807.41,125.81,3807.4,35.97,3807.42,26.41,3807.44,3.91
1753769630999,06:13:50.999,bitget,ETH/USDT:USDT,3807.41,125.81,3807.4,35.97,3807.42,15.01,3807.44,3.91
1753769631099,06:13:51.099,bitget,ETH/USDT:USDT,3807.41,125.81,3807.4,35.97,3807.42,15.01,3807.44,3.91
1753769631199,06:13:51.199,bitget,ETH/USDT:USDT,3807.41,125.81,3807.4,35.97,3807.42,15.01,3807.44,3.91
1753769631299,06:13:51.299,bitget,ETH/USDT:USDT,3807.41,184.81,3807.4,35.97,3807.42,15.01,3807.44,3.91
1753769631399,06:13:51.399,bitget,ETH/USDT:USDT,3807.41,125.73,3807.4,20.85,3807.42,15.01,3807.44,3.91
1753769631500,06:13:51.500,bitget,ETH/USDT:USDT,3807.41,125.73,3807.4,35.96,3807.42,15.01,3807.44,11.45
1753769631600,06:13:51.600,bitget,ETH/USDT:USDT,3807.41,125.73,3807.4,35.96,3807.42,15.01,3807.44,11.45
1753769631702,06:13:51.702,bitget,ETH/USDT:USDT,3807.41,125.73,3807.4,35.96,3807.42,15.01,3807.44,11.45
1753769631901,06:13:51.901,bitget,ETH/USDT:USDT,3807.41,125.73,3807.4,35.96,3807.42,15.01,3807.44,11.45
1753769632003,06:13:52.003,bitget,ETH/USDT:USDT,3807.41,125.73,3807.4,35.96,3807.42,15.01,3807.44,11.45
1753769632103,06:13:52.103,bitget,ETH/USDT:USDT,3807.41,125.73,3807.4,35.96,3807.42,15.01,3807.44,11.45
1753769632203,06:13:52.203,bitget,ETH/USDT:USDT,3807.41,184.81,3807.4,35.96,3807.42,15.01,3807.44,11.45
1753769632303,06:13:52.303,bitget,ETH/USDT:USDT,3807.41,125.73,3807.4,20.85,3807.42,15.01,3807.44,11.45
1753769632405,06:13:52.405,bitget,ETH/USDT:USDT,3807.41,125.73,3807.4,20.85,3807.42,14.87,3807.44,11.45
1753769632505,06:13:52.505,bitget,ETH/USDT:USDT,3807.41,125.73,3807.4,35.97,3807.42,16.43,3807.44,11.45
1753769632605,06:13:52.605,bitget,ETH/USDT:USDT,3807.41,125.73,3807.4,35.97,3807.42,16.43,3807.44,11.45
1753769633005,06:13:53.005,bitget,ETH/USDT:USDT,3807.41,125.73,3807.4,35.97,3807.42,60.13,3807.44,11.45
1753769633106,06:13:53.106,bitget,ETH/USDT:USDT,3807.41,125.73,3807.4,35.97,3807.42,40.44,3807.44,11.45
1753769633208,06:13:53.208,bitget,ETH/USDT:USDT,3807.41,125.73,3807.4,35.97,3807.42,40.44,3807.44,11.45
1753769633309,06:13:53.309,bitget,ETH/USDT:USDT,3807.41,125.73,3807.4,35.97,3807.42,40.44,3807.44,11.45
1753769633409,06:13:53.409,bitget,ETH/USDT:USDT,3807.41,168.58,3807.4,20.85,3807.42,40.44,3807.44,11.45
1753769633510,06:13:53.510,bitget,ETH/USDT:USDT,3807.41,168.58,3807.4,20.85,3807.42,53.89,3807.44,11.45
1753769633714,06:13:53.714,bitget,ETH/USDT:USDT,3807.41,168.58,3807.4,20.85,3807.42,53.89,3807.44,11.45
1753769633814,06:13:53.814,bitget,ETH/USDT:USDT,3807.41,168.58,3807.4,20.85,3807.42,53.89,3807.44,11.45
1753769633914,06:13:53.914,bitget,ETH/USDT:USDT,3807.41,168.58,3807.4,20.85,3807.42,53.89,3807.44,11.45
1753769634015,06:13:54.015,bitget,ETH/USDT:USDT,3807.41,168.58,3807.4,20.85,3807.42,53.89,3807.44,11.45
1753769634115,06:13:54.115,bitget,ETH/USDT:USDT,3807.41,168.58,3807.4,20.85,3807.42,53.89,3807.44,11.45
1753769634215,06:13:54.215,bitget,ETH/USDT:USDT,3807.41,168.58,3807.4,20.85,3807.42,53.89,3807.44,11.45
1753769634317,06:13:54.317,bitget,ETH/USDT:USDT,3807.41,168.58,3807.4,20.85,3807.42,53.89,3807.44,11.45
1753769634417,06:13:54.417,bitget,ETH/USDT:USDT,3807.41,168.58,3807.4,20.85,3807.42,53.89,3807.44,11.45
1753769634718,06:13:54.718,bitget,ETH/USDT:USDT,3807.41,168.58,3807.4,20.85,3807.42,53.54,3807.44,3.91
1753769634818,06:13:54.818,bitget,ETH/USDT:USDT,3807.41,168.58,3807.4,20.85,3807.42,53.54,3807.44,3.91
1753769634919,06:13:54.919,bitget,ETH/USDT:USDT,3807.41,168.58,3807.4,20.85,3807.42,53.48,3807.44,3.91
1753769635019,06:13:55.019,bitget,ETH/USDT:USDT,3807.41,168.58,3807.4,20.85,3807.42,53.48,3807.44,3.91
1753769635120,06:13:55.120,bitget,ETH/USDT:USDT,3807.41,168.08,3807.4,20.85,3807.42,53.48,3807.44,3.91
1753769635522,06:13:55.522,bitget,ETH/USDT:USDT,3807.41,168.08,3807.4,28.1,3807.42,6.85,3807.45,18.0
1753769635623,06:13:55.623,bitget,ETH/USDT:USDT,3807.41,168.08,3807.4,28.1,3807.42,6.85,3807.45,18.0
1753769635723,06:13:55.723,bitget,ETH/USDT:USDT,3807.41,227.16,3807.4,28.1,3807.42,6.85,3807.45,18.0
1753769635823,06:13:55.823,bitget,ETH/USDT:USDT,3807.41,227.16,3807.4,11.86,3807.42,6.85,3807.45,18.0
1753769635924,06:13:55.924,bitget,ETH/USDT:USDT,3807.41,227.16,3807.4,11.86,3807.42,6.85,3807.45,18.0
1753769636023,06:13:56.023,bitget,ETH/USDT:USDT,3807.41,168.08,3807.4,11.86,3807.42,6.85,3807.45,18.0
1753769636123,06:13:56.123,bitget,ETH/USDT:USDT,3807.74,6.53,3807.59,36.53,3807.75,18.0,3807.79,55.7
1753769636224,06:13:56.224,bitget,ETH/USDT:USDT,3807.74,295.8,3807.64,15.75,3807.75,42.29,3807.8,108.27
1753769636628,06:13:56.628,bitget,ETH/USDT:USDT,3807.79,354.86,3807.77,80.34,3807.8,90.71,3808.0,0.49
1753769636828,06:13:56.828,bitget,ETH/USDT:USDT,3807.79,354.86,3807.77,55.69,3807.8,90.71,3808.0,0.49
1753769636929,06:13:56.929,bitget,ETH/USDT:USDT,3807.79,354.86,3807.77,55.69,3807.8,90.7,3808.0,0.49
1753769637030,06:13:57.030,bitget,ETH/USDT:USDT,3807.79,354.86,3807.77,55.69,3807.8,85.7,3808.0,0.49
1753769637129,06:13:57.129,bitget,ETH/USDT:USDT,3807.79,354.86,3807.77,55.69,3807.8,85.7,3808.0,0.49
1753769637229,06:13:57.229,bitget,ETH/USDT:USDT,3807.79,354.86,3807.77,41.37,3807.8,85.7,3808.0,0.49
1753769637430,06:13:57.430,bitget,ETH/USDT:USDT,3807.79,354.86,3807.77,41.37,3807.8,85.7,3808.0,0.49
1753769637531,06:13:57.531,bitget,ETH/USDT:USDT,3807.79,354.86,3807.77,41.37,3807.8,85.7,3808.0,0.49
1753769637632,06:13:57.632,bitget,ETH/USDT:USDT,3807.79,354.86,3807.77,41.37,3807.8,85.7,3808.0,0.49
1753769637734,06:13:57.734,bitget,ETH/USDT:USDT,3807.79,354.63,3807.77,41.37,3807.8,85.7,3808.0,0.49
1753769637837,06:13:57.837,bitget,ETH/USDT:USDT,3807.79,354.86,3807.77,41.37,3807.8,85.7,3808.0,0.49
1753769638039,06:13:58.039,bitget,ETH/USDT:USDT,3807.79,388.96,3807.77,41.37,3807.8,85.7,3808.0,0.49
1753769638140,06:13:58.140,bitget,ETH/USDT:USDT,3807.79,388.73,3807.77,41.37,3807.8,85.7,3808.0,0.49
1753769638240,06:13:58.240,bitget,ETH/USDT:USDT,3807.79,388.96,3807.77,41.37,3807.8,85.7,3808.0,0.49
1753769638340,06:13:58.340,bitget,ETH/USDT:USDT,3807.79,388.73,3807.77,41.37,3807.8,85.7,3808.0,0.49
1753769638440,06:13:58.440,bitget,ETH/USDT:USDT,3807.79,388.73,3807.77,41.37,3807.8,85.7,3808.0,0.49
1753769638540,06:13:58.540,bitget,ETH/USDT:USDT,3807.79,388.7,3807.77,41.37,3807.8,85.7,3808.0,0.49
1753769638640,06:13:58.640,bitget,ETH/USDT:USDT,3807.79,388.47,3807.77,41.37,3807.8,85.7,3808.0,0.49
1753769638741,06:13:58.741,bitget,ETH/USDT:USDT,3807.79,388.7,3807.77,41.37,3807.8,85.7,3808.0,0.49
1753769638843,06:13:58.843,bitget,ETH/USDT:USDT,3807.79,388.7,3807.77,41.37,3807.8,85.7,3808.0,0.49
1753769638945,06:13:58.945,bitget,ETH/USDT:USDT,3807.79,388.7,3807.77,41.37,3807.8,85.7,3808.0,0.49
1753769639045,06:13:59.045,bitget,ETH/USDT:USDT,3807.79,388.47,3807.77,41.37,3807.8,85.7,3808.0,0.49
1753769639146,06:13:59.146,bitget,ETH/USDT:USDT,3807.79,388.7,3807.77,41.37,3807.8,85.02,3808.0,0.49
1753769639246,06:13:59.246,bitget,ETH/USDT:USDT,3807.79,388.7,3807.77,41.37,3807.8,85.02,3808.0,0.49
1753769639346,06:13:59.346,bitget,ETH/USDT:USDT,3807.79,388.7,3807.77,41.37,3807.8,85.02,3808.0,0.49
1753769639447,06:13:59.447,bitget,ETH/USDT:USDT,3807.79,388.69,3807.77,41.37,3807.8,85.02,3808.0,0.49
1753769639549,06:13:59.549,bitget,ETH/USDT:USDT,3807.79,388.46,3807.77,41.37,3807.8,85.02,3808.0,0.49
1753769639650,06:13:59.650,bitget,ETH/USDT:USDT,3807.79,370.03,3807.77,41.37,3807.8,85.02,3808.0,0.49
1753769639852,06:13:59.852,bitget,ETH/USDT:USDT,3807.79,358.9,3807.77,23.03,3807.8,85.02,3808.0,0.49
1753769639952,06:13:59.952,bitget,ETH/USDT:USDT,3807.79,359.13,3807.77,16.31,3807.8,85.02,3808.0,0.49
1753769640154,06:14:00.154,bitget,ETH/USDT:USDT,3807.79,347.59,3807.77,16.31,3807.8,89.01,3807.99,0.21
1753769640254,06:14:00.254,bitget,ETH/USDT:USDT,3807.79,347.59,3807.77,9.72,3807.8,89.01,3807.99,0.21
1753769640354,06:14:00.354,bitget,ETH/USDT:USDT,3807.79,347.82,3807.77,2.38,3807.8,89.01,3807.99,0.21
1753769640454,06:14:00.454,bitget,ETH/USDT:USDT,3807.79,347.97,3807.77,2.38,3807.8,89.01,3807.99,0.21
1753769640554,06:14:00.554,bitget,ETH/USDT:USDT,3807.79,347.97,3807.77,2.38,3807.8,89.01,3807.99,0.21
1753769640755,06:14:00.755,bitget,ETH/USDT:USDT,3807.79,317.8,3807.77,2.38,3807.8,85.02,3807.99,0.21
1753769640855,06:14:00.855,bitget,ETH/USDT:USDT,3807.79,317.8,3807.77,2.38,3807.8,85.02,3808.0,0.49
1753769641262,06:14:01.262,bitget,ETH/USDT:USDT,3807.79,317.8,3807.77,10.16,3807.8,84.65,3808.0,0.49
1753769641363,06:14:01.363,bitget,ETH/USDT:USDT,3807.79,317.52,3807.77,10.16,3807.8,84.65,3808.0,0.49
1753769641462,06:14:01.462,bitget,ETH/USDT:USDT,3807.79,317.52,3807.77,10.16,3807.8,84.65,3808.0,0.49
1753769641563,06:14:01.563,bitget,ETH/USDT:USDT,3807.79,317.52,3807.77,10.16,3807.8,84.65,3808.0,0.49
1753769641664,06:14:01.664,bitget,ETH/USDT:USDT,3807.79,317.52,3807.77,10.16,3807.8,84.65,3808.0,0.49
1753769641766,06:14:01.766,bitget,ETH/USDT:USDT,3807.79,317.52,3807.77,10.16,3807.8,84.65,3808.0,0.49
1753769641870,06:14:01.870,bitget,ETH/USDT:USDT,3807.79,317.52,3807.77,10.16,3807.8,84.65,3808.0,0.49
1753769641969,06:14:01.969,bitget,ETH/USDT:USDT,3807.79,317.52,3807.77,10.16,3807.8,84.65,3808.0,0.49
1753769642069,06:14:02.069,bitget,ETH/USDT:USDT,3807.79,317.52,3807.77,10.16,3807.8,84.65,3808.0,0.49
1753769642169,06:14:02.169,bitget,ETH/USDT:USDT,3807.79,317.52,3807.77,10.16,3807.8,84.65,3808.0,0.49
1753769642272,06:14:02.272,bitget,ETH/USDT:USDT,3807.79,315.52,3807.77,10.16,3807.8,84.7,3808.0,0.49
1753769642373,06:14:02.373,bitget,ETH/USDT:USDT,3807.79,315.52,3807.77,10.16,3807.8,84.7,3808.0,0.49
1753769642473,06:14:02.473,bitget,ETH/USDT:USDT,3807.79,315.52,3807.77,10.16,3807.8,84.7,3808.0,0.49
1753769642575,06:14:02.575,bitget,ETH/USDT:USDT,3807.79,315.52,3807.77,10.16,3807.8,84.7,3808.0,0.49
1753769642674,06:14:02.674,bitget,ETH/USDT:USDT,3807.79,315.52,3807.77,10.16,3807.8,84.7,3807.99,0.21
1753769642776,06:14:02.776,bitget,ETH/USDT:USDT,3807.79,315.52,3807.77,10.16,3807.8,84.7,3807.99,0.21
1753769642880,06:14:02.880,bitget,ETH/USDT:USDT,3807.79,315.52,3807.77,10.16,3807.8,84.7,3807.99,0.21
1753769642980,06:14:02.980,bitget,ETH/USDT:USDT,3807.79,315.52,3807.77,10.16,3807.8,84.7,3807.99,0.21
1753769643081,06:14:03.081,bitget,ETH/USDT:USDT,3807.79,315.29,3807.77,10.16,3807.8,84.7,3807.99,0.21
1753769643182,06:14:03.182,bitget,ETH/USDT:USDT,3807.79,315.29,3807.77,10.16,3807.8,84.7,3808.0,0.49
1753769643587,06:14:03.587,bitget,ETH/USDT:USDT,3807.79,315.52,3807.77,10.16,3807.8,84.39,3807.99,0.21
1753769643688,06:14:03.688,bitget,ETH/USDT:USDT,3807.79,315.29,3807.77,10.16,3807.8,84.39,3807.99,0.21
1753769643787,06:14:03.787,bitget,ETH/USDT:USDT,3807.79,315.29,3807.77,10.16,3807.8,84.39,3807.99,0.21
1753769643889,06:14:03.889,bitget,ETH/USDT:USDT,3807.79,315.29,3807.77,10.16,3807.8,84.39,3807.99,0.21
1753769643988,06:14:03.988,bitget,ETH/USDT:USDT,3807.79,315.29,3807.77,10.16,3807.8,84.39,3807.99,0.21
1753769644088,06:14:04.088,bitget,ETH/USDT:USDT,3807.79,315.52,3807.77,10.16,3807.8,84.39,3807.99,0.21
1753769644188,06:14:04.188,bitget,ETH/USDT:USDT,3807.79,315.29,3807.77,10.16,3807.8,84.39,3807.99,0.21
1753769644288,06:14:04.288,bitget,ETH/USDT:USDT,3807.79,315.29,3807.77,10.16,3807.8,84.39,3807.99,0.21
1753769644389,06:14:04.389,bitget,ETH/USDT:USDT,3807.79,315.29,3807.77,10.16,3807.8,84.39,3807.99,0.21
1753769644489,06:14:04.489,bitget,ETH/USDT:USDT,3807.79,315.29,3807.77,10.16,3807.8,84.39,3807.99,0.21
1753769644589,06:14:04.589,bitget,ETH/USDT:USDT,3807.79,315.52,3807.77,10.16,3807.8,84.39,3807.99,0.21
1753769644689,06:14:04.689,bitget,ETH/USDT:USDT,3807.79,315.52,3807.77,10.16,3807.8,84.39,3807.99,0.21
1753769644790,06:14:04.790,bitget,ETH/USDT:USDT,3807.79,315.52,3807.77,10.16,3807.8,84.39,3807.99,0.21
1753769644992,06:14:04.992,bitget,ETH/USDT:USDT,3807.79,315.52,3807.77,10.16,3807.8,84.39,3808.0,0.49
1753769645096,06:14:05.096,bitget,ETH/USDT:USDT,3807.79,315.29,3807.77,10.16,3807.8,84.39,3808.0,0.49
1753769645197,06:14:05.197,bitget,ETH/USDT:USDT,3807.79,315.52,3807.77,10.16,3807.8,84.39,3808.0,0.49
1753769645297,06:14:05.297,bitget,ETH/USDT:USDT,3807.79,315.52,3807.77,10.16,3807.8,84.39,3808.0,0.49
1753769645498,06:14:05.498,bitget,ETH/USDT:USDT,3807.79,315.52,3807.77,10.16,3807.8,83.87,3808.0,0.49
1753769645598,06:14:05.598,bitget,ETH/USDT:USDT,3807.79,315.52,3807.77,10.16,3807.8,83.87,3808.0,0.49
1753769645799,06:14:05.799,bitget,ETH/USDT:USDT,3807.79,315.52,3807.77,10.16,3807.8,83.87,3808.0,0.49
1753769645900,06:14:05.900,bitget,ETH/USDT:USDT,3807.79,315.52,3807.77,10.16,3807.8,83.87,3808.0,0.49
1753769645999,06:14:05.999,bitget,ETH/USDT:USDT,3807.79,315.52,3807.77,10.16,3807.8,83.87,3808.0,0.49
1753769646100,06:14:06.100,bitget,ETH/USDT:USDT,3807.79,315.52,3807.77,10.16,3807.8,83.87,3808.0,0.49
1753769646200,06:14:06.200,bitget,ETH/USDT:USDT,3807.79,315.52,3807.77,10.16,3807.8,83.87,3808.0,0.49
1753769646300,06:14:06.300,bitget,ETH/USDT:USDT,3807.79,315.52,3807.77,10.16,3807.8,83.87,3808.0,0.49
1753769646400,06:14:06.400,bitget,ETH/USDT:USDT,3807.79,315.52,3807.77,10.16,3807.8,83.87,3808.0,0.49
1753769646501,06:14:06.501,bitget,ETH/USDT:USDT,3807.79,314.76,3807.77,10.16,3807.8,83.87,3808.0,0.49
1753769646602,06:14:06.602,bitget,ETH/USDT:USDT,3807.79,314.76,3807.77,10.16,3807.8,83.87,3808.0,0.49
1753769646702,06:14:06.702,bitget,ETH/USDT:USDT,3807.79,314.99,3807.77,10.16,3807.8,83.87,3808.0,0.49
1753769646803,06:14:06.803,bitget,ETH/USDT:USDT,3807.79,314.99,3807.77,10.16,3807.8,83.87,3808.0,0.49
1753769647004,06:14:07.004,bitget,ETH/USDT:USDT,3807.79,314.99,3807.77,10.16,3807.8,83.87,3808.0,0.49
1753769647205,06:14:07.205,bitget,ETH/USDT:USDT,3807.79,314.99,3807.77,10.16,3807.8,83.87,3808.0,0.49
1753769647306,06:14:07.306,bitget,ETH/USDT:USDT,3807.79,314.99,3807.77,10.16,3807.8,83.87,3808.0,0.49
1753769647407,06:14:07.407,bitget,ETH/USDT:USDT,3807.79,314.99,3807.77,10.16,3807.8,83.87,3808.0,0.49
1753769647507,06:14:07.507,bitget,ETH/USDT:USDT,3807.79,314.99,3807.77,10.16,3807.8,83.87,3808.0,0.49
1753769647607,06:14:07.607,bitget,ETH/USDT:USDT,3807.79,314.99,3807.77,10.16,3807.8,83.87,3808.0,0.49
1753769647708,06:14:07.708,bitget,ETH/USDT:USDT,3807.79,314.99,3807.77,10.16,3807.8,83.87,3808.0,0.49
1753769647808,06:14:07.808,bitget,ETH/USDT:USDT,3807.79,314.99,3807.77,10.16,3807.8,83.87,3808.0,0.49
1753769647910,06:14:07.910,bitget,ETH/USDT:USDT,3807.79,314.99,3807.77,10.16,3807.8,83.87,3808.0,0.49
1753769648010,06:14:08.010,bitget,ETH/USDT:USDT,3807.79,314.99,3807.77,10.16,3807.8,83.87,3808.0,0.49
1753769648110,06:14:08.110,bitget,ETH/USDT:USDT,3807.79,314.99,3807.77,10.16,3807.8,83.87,3808.0,0.49
1753769648210,06:14:08.210,bitget,ETH/USDT:USDT,3807.79,314.99,3807.77,10.16,3807.8,83.87,3808.0,0.49
1753769648311,06:14:08.311,bitget,ETH/USDT:USDT,3807.79,314.76,3807.77,10.16,3807.8,83.87,3808.0,0.49
1753769648411,06:14:08.411,bitget,ETH/USDT:USDT,3807.79,314.76,3807.77,10.16,3807.8,83.87,3808.0,0.49
1753769648511,06:14:08.511,bitget,ETH/USDT:USDT,3807.79,314.99,3807.77,10.16,3807.8,83.87,3808.0,0.49
1753769648615,06:14:08.615,bitget,ETH/USDT:USDT,3807.79,314.99,3807.77,10.16,3807.8,83.87,3808.0,0.49
1753769648715,06:14:08.715,bitget,ETH/USDT:USDT,3807.79,314.99,3807.77,10.16,3807.8,83.87,3808.0,0.49
1753769648815,06:14:08.815,bitget,ETH/USDT:USDT,3807.79,314.76,3807.77,10.16,3807.8,83.87,3808.0,0.49
1753769648915,06:14:08.915,bitget,ETH/USDT:USDT,3807.79,314.76,3807.77,10.16,3807.8,83.87,3808.0,0.49
1753769649017,06:14:09.017,bitget,ETH/USDT:USDT,3807.79,314.76,3807.77,10.16,3807.8,83.87,3808.0,0.49
1753769649117,06:14:09.117,bitget,ETH/USDT:USDT,3807.79,315.34,3807.77,10.16,3807.8,83.87,3808.0,0.49
1753769649217,06:14:09.217,bitget,ETH/USDT:USDT,3807.79,315.34,3807.77,10.16,3807.8,85.31,3807.99,0.21
1753769649317,06:14:09.317,bitget,ETH/USDT:USDT,3807.79,315.34,3807.77,10.16,3807.8,83.87,3807.99,0.21
1753769649417,06:14:09.417,bitget,ETH/USDT:USDT,3807.79,315.34,3807.77,10.16,3807.8,83.87,3807.99,0.21
1753769649517,06:14:09.517,bitget,ETH/USDT:USDT,3807.79,315.34,3807.77,10.16,3807.8,83.87,3807.99,0.21
1753769649618,06:14:09.618,bitget,ETH/USDT:USDT,3807.79,315.34,3807.77,10.16,3807.8,83.87,3807.99,0.21
1753769649718,06:14:09.718,bitget,ETH/USDT:USDT,3807.79,315.34,3807.77,10.16,3807.8,83.87,3807.99,0.21
1753769649819,06:14:09.819,bitget,ETH/USDT:USDT,3807.79,315.34,3807.77,10.16,3807.8,83.87,3807.99,0.21
1753769649919,06:14:09.919,bitget,ETH/USDT:USDT,3807.79,315.34,3807.77,10.16,3807.8,83.87,3807.99,0.21
1753769650019,06:14:10.019,bitget,ETH/USDT:USDT,3807.79,315.34,3807.77,10.16,3807.8,83.87,3807.99,0.21
1753769650120,06:14:10.120,bitget,ETH/USDT:USDT,3807.79,315.11,3807.77,10.16,3807.8,83.87,3807.99,0.21
1753769650227,06:14:10.227,bitget,ETH/USDT:USDT,3807.79,315.11,3807.77,10.16,3807.8,83.87,3807.99,0.21
1753769650328,06:14:10.328,bitget,ETH/USDT:USDT,3807.79,315.11,3807.77,10.16,3807.8,83.87,3807.97,19.69
1753769650428,06:14:10.428,bitget,ETH/USDT:USDT,3807.79,315.11,3807.77,10.16,3807.8,83.87,3807.96,5.91
1753769650529,06:14:10.529,bitget,ETH/USDT:USDT,3807.79,315.11,3807.77,10.16,3807.8,83.87,3807.96,5.91
1753769650630,06:14:10.630,bitget,ETH/USDT:USDT,3807.79,315.11,3807.77,10.16,3807.8,83.87,3807.96,5.91
1753769650731,06:14:10.731,bitget,ETH/USDT:USDT,3807.79,315.34,3807.77,10.16,3807.8,83.87,3807.96,5.91
1753769650831,06:14:10.831,bitget,ETH/USDT:USDT,3807.79,315.34,3807.77,10.16,3807.8,83.87,3807.96,5.91
1753769650932,06:14:10.932,bitget,ETH/USDT:USDT,3807.79,315.34,3807.77,10.16,3807.8,83.87,3807.96,5.91
1753769651034,06:14:11.034,bitget,ETH/USDT:USDT,3807.79,315.11,3807.77,10.16,3807.8,83.87,3807.96,5.91
1753769651135,06:14:11.135,bitget,ETH/USDT:USDT,3807.79,315.11,3807.77,10.16,3807.8,83.87,3807.97,19.69
1753769651237,06:14:11.237,bitget,ETH/USDT:USDT,3807.79,315.34,3807.77,10.16,3807.8,83.87,3807.97,19.69
1753769651439,06:14:11.439,bitget,ETH/USDT:USDT,3807.79,315.34,3807.77,10.16,3807.8,83.87,3808.0,0.49
1753769651741,06:14:11.741,bitget,ETH/USDT:USDT,3807.79,315.11,3807.77,10.16,3807.8,83.87,3808.0,0.49
1753769652042,06:14:12.042,bitget,ETH/USDT:USDT,3807.79,314.91,3807.77,10.16,3807.8,83.87,3808.0,0.49
