timestamp,time,exchange,symbol,bid1_price,bid1_volume,bid2_price,bid2_volume,ask1_price,ask1_volume,ask2_price,ask2_volume
1753769527396,06:12:07.396,coincatch,BTC/USDT:USDT,118788.9,25.258,118788.8,0.105,118789.0,1.0445,118789.1,0.3927
1753769527798,06:12:07.798,coincatch,BTC/USDT:USDT,118788.9,25.2559,118788.8,0.105,118789.0,1.0447,118789.1,0.3927
1753769528591,06:12:08.591,coincatch,BTC/USDT:USDT,118788.9,25.2551,118788.8,0.105,118789.0,1.0408,118789.1,0.3927
1753769528996,06:12:08.996,coincatch,BTC/USDT:USDT,118788.9,25.2568,118788.8,0.0966,118789.0,1.0609,118789.1,0.4011
1753769529097,06:12:09.097,coincatch,BTC/USDT:USDT,118788.9,25.2582,118788.8,0.0966,118789.0,1.0609,118789.1,0.4011
1753769529245,06:12:09.245,coincatch,BTC/USDT:USDT,118788.9,25.2583,118788.8,0.0966,118789.0,1.0296,118789.1,0.0147
1753769530149,06:12:10.149,coincatch,BTC/USDT:USDT,118788.9,25.256,118788.8,0.0966,118789.0,1.0284,118789.1,0.0147
1753769530250,06:12:10.250,coincatch,BTC/USDT:USDT,118788.9,25.2588,118788.8,0.0966,118789.0,1.0284,118789.1,0.0147
1753769530392,06:12:10.392,coincatch,BTC/USDT:USDT,118788.9,25.2595,118788.8,0.0966,118789.0,1.0284,118789.1,0.0147
1753769530498,06:12:10.498,coincatch,BTC/USDT:USDT,118788.9,25.2568,118788.8,0.0966,118789.0,1.0284,118789.1,0.0147
1753769530649,06:12:10.649,coincatch,BTC/USDT:USDT,118788.9,25.2568,118788.8,0.0966,118793.5,1.0288,118793.6,0.0147
1753769531353,06:12:11.353,coincatch,BTC/USDT:USDT,118799.9,1.7052,118799.8,0.7077,118800.0,0.0013,118806.1,0.4832
1753769531454,06:12:11.454,coincatch,BTC/USDT:USDT,118799.9,1.7052,118799.8,0.7077,118800.0,0.0013,118806.1,0.844
1753769531593,06:12:11.593,coincatch,BTC/USDT:USDT,118799.9,1.7052,118799.8,0.7077,118800.0,0.0013,118806.1,0.844
1753769531701,06:12:11.701,coincatch,BTC/USDT:USDT,118799.9,1.7052,118799.8,0.7077,118800.0,0.0013,118806.1,0.6588
1753769532043,06:12:12.043,coincatch,BTC/USDT:USDT,118799.9,1.7052,118799.8,0.7077,118800.0,0.0013,118806.1,0.4639
1753769532153,06:12:12.153,coincatch,BTC/USDT:USDT,118799.9,1.6989,118799.8,0.7077,118800.0,0.0013,118806.1,0.466
1753769532253,06:12:12.253,coincatch,BTC/USDT:USDT,118799.9,1.6989,118799.8,0.7077,118800.0,0.0013,118806.1,0.466
1753769532493,06:12:12.493,coincatch,BTC/USDT:USDT,118799.9,1.6989,118799.8,0.7077,118800.0,0.0013,118806.1,0.8104
1753769532605,06:12:12.605,coincatch,BTC/USDT:USDT,118799.9,1.6989,118799.8,0.7077,118800.0,0.0013,118806.1,0.8104
1753769532706,06:12:12.706,coincatch,BTC/USDT:USDT,118799.9,1.4049,118799.8,0.01,118800.0,0.0013,118806.1,1.1491
1753769533760,06:12:13.760,coincatch,BTC/USDT:USDT,118799.9,1.4049,118799.8,0.01,118800.0,0.0013,118806.1,1.1512
1753769533909,06:12:13.909,coincatch,BTC/USDT:USDT,118799.9,1.4049,118799.8,0.01,118800.0,0.0013,118806.1,1.1512
1753769534059,06:12:14.059,coincatch,BTC/USDT:USDT,118799.9,1.4049,118799.8,0.01,118800.0,0.0013,118806.1,1.1512
1753769534210,06:12:14.210,coincatch,BTC/USDT:USDT,118799.9,1.4049,118799.8,0.01,118800.0,0.0013,118806.1,0.8534
1753769534410,06:12:14.410,coincatch,BTC/USDT:USDT,118799.9,1.4049,118799.8,0.01,118800.0,0.0013,118806.1,0.836
1753769535110,06:12:15.110,coincatch,BTC/USDT:USDT,118799.9,1.4049,118799.8,0.01,118800.0,0.0013,118806.1,1.4969
1753769535216,06:12:15.216,coincatch,BTC/USDT:USDT,118799.9,1.4049,118799.8,0.01,118800.0,0.0013,118806.1,1.4969
1753769535346,06:12:15.346,coincatch,BTC/USDT:USDT,118799.9,1.4049,118799.8,0.01,118800.0,0.0013,118806.1,1.4969
1753769535463,06:12:15.463,coincatch,BTC/USDT:USDT,118799.9,1.4049,118799.8,0.01,118800.0,0.0013,118806.1,1.5546
1753769535582,06:12:15.582,coincatch,BTC/USDT:USDT,118799.9,1.4049,118799.8,0.01,118800.0,0.0013,118806.1,1.5546
1753769535946,06:12:15.946,coincatch,BTC/USDT:USDT,118799.9,1.4049,118799.8,0.01,118800.0,0.0013,118806.1,1.5244
1753769536061,06:12:16.061,coincatch,BTC/USDT:USDT,118799.9,1.4049,118799.8,0.01,118800.0,0.0013,118806.1,1.5244
1753769536163,06:12:16.163,coincatch,BTC/USDT:USDT,118799.9,1.4049,118799.8,0.01,118800.0,0.0013,118806.1,1.3499
1753769536310,06:12:16.310,coincatch,BTC/USDT:USDT,118799.9,1.4049,118799.8,0.01,118800.0,0.0013,118806.1,1.3499
1753769536547,06:12:16.547,coincatch,BTC/USDT:USDT,118799.9,1.4049,118799.8,0.01,118800.0,0.0013,118806.1,1.3474
1753769536761,06:12:16.761,coincatch,BTC/USDT:USDT,118799.9,1.4049,118799.8,0.01,118800.0,0.0013,118806.1,1.5735
1753769536862,06:12:16.862,coincatch,BTC/USDT:USDT,118799.9,1.4049,118799.8,0.01,118800.0,0.0013,118806.1,1.3064
1753769537713,06:12:17.713,coincatch,BTC/USDT:USDT,118806.0,25.2532,118805.9,0.0105,118819.5,0.4917,118822.8,1.2841
1753769538314,06:12:18.314,coincatch,BTC/USDT:USDT,118819.2,1.3251,118819.1,2.1042,118819.5,0.4917,118825.0,0.7316
1753769538462,06:12:18.462,coincatch,BTC/USDT:USDT,118819.4,0.01,118819.3,1.7157,118819.5,0.4917,118825.0,0.8085
1753769538562,06:12:18.562,coincatch,BTC/USDT:USDT,118819.4,0.01,118819.3,1.7157,118819.5,0.4917,118825.0,0.8085
1753769538662,06:12:18.662,coincatch,BTC/USDT:USDT,118819.4,2.1042,118819.3,1.7157,118819.5,0.4917,118825.0,0.8868
1753769538762,06:12:18.762,coincatch,BTC/USDT:USDT,118819.4,2.1042,118819.3,1.7157,118819.5,0.4917,118825.0,0.8868
1753769539248,06:12:19.248,coincatch,BTC/USDT:USDT,118819.3,0.01,118819.2,1.3251,118819.5,0.4917,118825.0,2.8377
1753769539363,06:12:19.363,coincatch,BTC/USDT:USDT,118819.3,0.01,118819.2,1.3251,118819.5,0.4917,118825.0,2.8377
1753769539463,06:12:19.463,coincatch,BTC/USDT:USDT,118819.3,0.7077,118819.2,1.3251,118819.5,0.4917,118825.0,2.046
1753769539563,06:12:19.563,coincatch,BTC/USDT:USDT,118819.3,0.7077,118819.2,1.3251,118819.5,0.4917,118825.0,2.046
1753769539664,06:12:19.664,coincatch,BTC/USDT:USDT,118819.4,0.01,118819.3,0.7077,118819.5,0.4917,118825.0,1.92
1753769539764,06:12:19.764,coincatch,BTC/USDT:USDT,118819.4,0.01,118819.3,0.7077,118819.5,0.4917,118825.0,1.92
1753769541118,06:12:21.118,coincatch,BTC/USDT:USDT,118819.4,0.01,118819.3,0.7098,118819.5,0.4917,118825.0,0.4822
1753769541267,06:12:21.267,coincatch,BTC/USDT:USDT,118819.4,0.01,118819.3,0.7098,118819.5,0.4917,118825.0,0.4708
1753769541419,06:12:21.419,coincatch,BTC/USDT:USDT,118819.4,0.01,118819.3,0.7098,118819.5,0.4917,118825.0,0.4582
1753769541565,06:12:21.565,coincatch,BTC/USDT:USDT,118819.4,0.01,118819.3,0.7098,118819.5,0.4917,118825.0,0.4582
1753769541668,06:12:21.668,coincatch,BTC/USDT:USDT,118819.4,0.01,118819.3,0.7098,118819.5,0.4917,118825.0,0.8368
1753769541915,06:12:21.915,coincatch,BTC/USDT:USDT,118819.4,0.01,118819.3,0.7098,118819.5,0.4917,118825.0,0.8364
1753769542019,06:12:22.019,coincatch,BTC/USDT:USDT,118819.4,0.01,118819.3,0.7098,118819.5,0.4917,118825.0,0.8364
1753769542618,06:12:22.618,coincatch,BTC/USDT:USDT,118819.3,0.01,118818.9,0.01,118819.5,0.4917,118824.1,6.4693
1753769542719,06:12:22.719,coincatch,BTC/USDT:USDT,118819.4,0.1071,118819.3,0.01,118819.5,0.4917,118824.1,6.3204
1753769542851,06:12:22.851,coincatch,BTC/USDT:USDT,118819.4,0.1071,118819.3,0.01,118819.5,0.4917,118824.1,6.3204
1753769542967,06:12:22.967,coincatch,BTC/USDT:USDT,118819.4,0.1071,118819.3,0.01,118819.5,0.4917,118824.1,6.1717
1753769543272,06:12:23.272,coincatch,BTC/USDT:USDT,118819.4,0.1071,118819.3,0.01,118819.5,0.4917,118824.1,5.6316
1753769543970,06:12:23.970,coincatch,BTC/USDT:USDT,118819.4,0.1071,118819.3,0.01,118819.5,0.4917,118824.1,5.9514
1753769544071,06:12:24.071,coincatch,BTC/USDT:USDT,118819.4,0.1071,118819.3,0.01,118819.5,0.4917,118824.1,5.9514
1753769544202,06:12:24.202,coincatch,BTC/USDT:USDT,118819.4,0.1071,118819.3,0.01,118819.5,0.4917,118824.1,5.8243
1753769544420,06:12:24.420,coincatch,BTC/USDT:USDT,118819.4,0.1071,118819.3,0.01,118819.5,0.4917,118824.1,5.8243
1753769544572,06:12:24.572,coincatch,BTC/USDT:USDT,118819.3,0.01,118819.2,0.9177,118819.5,0.4917,118824.1,6.0123
1753769544676,06:12:24.676,coincatch,BTC/USDT:USDT,118819.3,0.01,118819.2,0.9177,118819.5,0.4917,118824.1,6.0123
1753769544802,06:12:24.802,coincatch,BTC/USDT:USDT,118819.3,0.01,118818.9,0.01,118819.5,0.4917,118824.1,6.015
1753769545019,06:12:25.019,coincatch,BTC/USDT:USDT,118819.3,0.01,118818.9,0.01,118819.5,0.4917,118824.1,6.0142
1753769545119,06:12:25.119,coincatch,BTC/USDT:USDT,118819.3,0.01,118818.9,0.01,118819.5,0.4917,118824.1,6.0142
1753769545233,06:12:25.233,coincatch,BTC/USDT:USDT,118819.3,0.01,118818.9,0.01,118819.5,0.4917,118824.1,6.015
1753769545368,06:12:25.368,coincatch,BTC/USDT:USDT,118819.3,0.01,118818.9,0.01,118819.5,0.4917,118824.1,6.015
1753769545769,06:12:25.769,coincatch,BTC/USDT:USDT,118819.3,0.01,118819.0,0.01,118819.5,0.4917,118824.1,6.0178
1753769546698,06:12:26.698,coincatch,BTC/USDT:USDT,118819.3,0.01,118819.1,0.01,118819.5,0.4917,118824.1,6.5348
1753769546921,06:12:26.921,coincatch,BTC/USDT:USDT,118819.3,0.01,118819.1,0.01,118819.5,0.4917,118824.1,6.6018
1753769547322,06:12:27.322,coincatch,BTC/USDT:USDT,118819.3,0.01,118818.9,0.01,118819.5,0.4917,118824.1,6.611
1753769547572,06:12:27.572,coincatch,BTC/USDT:USDT,118819.3,0.01,118818.9,0.01,118819.5,0.4917,118824.1,6.7574
1753769547708,06:12:27.708,coincatch,BTC/USDT:USDT,118819.3,0.01,118818.9,0.01,118819.5,0.4917,118824.1,6.7574
1753769547821,06:12:27.821,coincatch,BTC/USDT:USDT,118819.3,0.01,118818.9,0.01,118819.5,0.4917,118824.1,6.3995
1753769548222,06:12:28.222,coincatch,BTC/USDT:USDT,118819.3,0.01,118818.9,0.01,118819.5,0.4917,118824.1,6.4741
1753769548370,06:12:28.370,coincatch,BTC/USDT:USDT,118819.3,0.01,118818.9,0.01,118819.5,0.4917,118824.1,6.4741
1753769548473,06:12:28.473,coincatch,BTC/USDT:USDT,118819.3,0.01,118818.9,0.01,118819.5,0.4917,118824.1,6.4741
1753769548855,06:12:28.855,coincatch,BTC/USDT:USDT,118819.3,0.01,118818.9,0.01,118819.5,0.4917,118824.1,6.5176
1753769549125,06:12:29.125,coincatch,BTC/USDT:USDT,118819.3,0.01,118818.9,0.01,118819.5,0.4917,118824.1,6.5071
1753769550373,06:12:30.373,coincatch,BTC/USDT:USDT,118812.3,3.7065,118812.0,0.01,118812.4,6.2026,118812.5,1.2747
1753769550806,06:12:30.806,coincatch,BTC/USDT:USDT,118812.3,4.032,118812.2,0.01,118812.4,6.4585,118812.5,1.2747
1753769551274,06:12:31.274,coincatch,BTC/USDT:USDT,118812.3,18.5892,118812.2,0.01,118812.4,3.1435,118812.5,0.01
1753769553157,06:12:33.157,coincatch,BTC/USDT:USDT,118819.3,0.0882,118819.2,0.01,118819.5,0.4917,118822.8,0.0592
1753769553259,06:12:33.259,coincatch,BTC/USDT:USDT,118819.3,0.0882,118819.2,0.01,118819.5,0.4917,118822.8,0.0592
1753769553506,06:12:33.506,coincatch,BTC/USDT:USDT,118819.3,0.0882,118819.2,0.01,118819.5,0.4917,118822.8,0.2287
1753769553709,06:12:33.709,coincatch,BTC/USDT:USDT,118819.3,0.0882,118819.2,0.01,118819.5,0.4917,118822.8,0.0502
1753769553809,06:12:33.809,coincatch,BTC/USDT:USDT,118819.3,0.0882,118819.2,0.01,118819.5,0.4917,118822.8,0.2272
1753769553958,06:12:33.958,coincatch,BTC/USDT:USDT,118819.3,0.0882,118819.2,0.01,118819.5,0.4917,118822.8,0.2272
1753769554059,06:12:34.059,coincatch,BTC/USDT:USDT,118819.3,0.0882,118819.2,0.01,118819.5,0.4917,118822.8,0.2285
1753769554159,06:12:34.159,coincatch,BTC/USDT:USDT,118819.3,0.0882,118819.2,0.01,118819.5,0.4917,118822.8,0.2285
1753769554259,06:12:34.259,coincatch,BTC/USDT:USDT,118819.3,0.0882,118819.2,0.01,118819.5,0.4917,118822.8,0.2285
1753769554511,06:12:34.511,coincatch,BTC/USDT:USDT,118819.3,0.0882,118819.2,0.01,118819.5,0.4917,118822.8,0.3881
1753769555060,06:12:35.060,coincatch,BTC/USDT:USDT,118819.3,0.0882,118819.2,0.01,118819.5,0.4917,118822.8,0.3942
1753769555161,06:12:35.161,coincatch,BTC/USDT:USDT,118819.3,0.0882,118819.2,0.01,118819.5,0.4917,118822.8,0.4439
1753769555309,06:12:35.309,coincatch,BTC/USDT:USDT,118819.3,0.0882,118819.2,0.01,118819.5,0.4917,118822.8,0.4439
1753769555459,06:12:35.459,coincatch,BTC/USDT:USDT,118819.3,0.0882,118819.2,0.01,118819.5,0.4917,118822.8,0.4441
1753769555564,06:12:35.564,coincatch,BTC/USDT:USDT,118819.3,0.0882,118819.2,0.01,118819.5,0.4917,118822.8,0.4441
1753769555665,06:12:35.665,coincatch,BTC/USDT:USDT,118819.3,0.0882,118819.2,0.01,118819.5,0.4917,118822.8,1.1714
1753769555802,06:12:35.802,coincatch,BTC/USDT:USDT,118819.3,0.0882,118819.2,0.01,118819.5,0.4917,118822.8,1.1714
1753769555909,06:12:35.909,coincatch,BTC/USDT:USDT,118819.3,0.0882,118819.2,0.01,118819.5,0.4917,118822.8,1.1714
1753769556015,06:12:36.015,coincatch,BTC/USDT:USDT,118819.3,0.0882,118819.2,0.01,118819.5,0.4917,118822.8,1.1714
1753769556264,06:12:36.264,coincatch,BTC/USDT:USDT,118819.3,0.0882,118819.2,0.01,118819.5,0.4917,118822.8,1.0515
1753769557118,06:12:37.118,coincatch,BTC/USDT:USDT,118819.3,0.0882,118819.1,0.4536,118819.5,0.4917,118822.8,1.5322
1753769557261,06:12:37.261,coincatch,BTC/USDT:USDT,118819.3,0.0882,118819.1,0.4536,118819.5,0.4917,118822.8,1.5322
1753769558019,06:12:38.019,coincatch,BTC/USDT:USDT,118819.3,0.0882,118819.1,0.4536,118819.5,0.4917,118822.8,1.4114
1753769558161,06:12:38.161,coincatch,BTC/USDT:USDT,118819.3,0.0882,118819.1,0.4536,118819.5,0.4917,118822.8,1.4297
1753769558267,06:12:38.267,coincatch,BTC/USDT:USDT,118819.3,0.0882,118819.1,0.4536,118819.5,0.4917,118822.8,1.4297
1753769558370,06:12:38.370,coincatch,BTC/USDT:USDT,118819.3,0.0882,118819.1,0.4536,118819.5,0.4917,118822.8,1.4885
1753769558519,06:12:38.519,coincatch,BTC/USDT:USDT,118819.3,0.0882,118819.1,0.4536,118819.5,0.4917,118822.8,1.4885
1753769558620,06:12:38.620,coincatch,BTC/USDT:USDT,118819.3,0.0882,118819.1,0.4536,118819.5,0.4917,118822.8,1.4885
1753769558761,06:12:38.761,coincatch,BTC/USDT:USDT,118819.3,0.0882,118819.1,0.4809,118819.5,0.4917,118822.8,1.4885
1753769558911,06:12:38.911,coincatch,BTC/USDT:USDT,118819.3,0.0882,118819.1,0.4809,118819.5,0.4917,118822.8,1.4885
1753769560838,06:12:40.838,coincatch,BTC/USDT:USDT,118819.3,0.0882,118819.1,0.4515,118819.5,0.4917,118822.8,0.9597
1753769561040,06:12:41.040,coincatch,BTC/USDT:USDT,118819.3,0.0882,118819.1,0.4515,118819.5,0.4917,118822.8,0.9601
1753769561140,06:12:41.140,coincatch,BTC/USDT:USDT,118819.3,0.0882,118819.2,2.6502,118819.5,0.4917,118822.8,0.9601
1753769561241,06:12:41.241,coincatch,BTC/USDT:USDT,118819.3,0.0882,118819.2,2.6502,118819.5,0.4917,118822.8,0.9601
1753769561389,06:12:41.389,coincatch,BTC/USDT:USDT,118819.3,0.0882,118819.2,2.6502,118819.5,0.4917,118822.8,0.9626
1753769561490,06:12:41.490,coincatch,BTC/USDT:USDT,118819.3,0.0882,118819.2,2.6502,118819.5,0.4917,118822.8,0.9626
1753769561590,06:12:41.590,coincatch,BTC/USDT:USDT,118819.3,0.0882,118819.2,2.6502,118819.5,0.4917,118822.8,0.9626
1753769561693,06:12:41.693,coincatch,BTC/USDT:USDT,118819.3,0.0882,118819.2,2.6502,118819.5,0.4917,118822.8,0.9626
1753769561839,06:12:41.839,coincatch,BTC/USDT:USDT,118819.3,0.0882,118819.2,2.6502,118819.5,0.4917,118822.8,0.9626
1753769561940,06:12:41.940,coincatch,BTC/USDT:USDT,118819.3,0.0882,118819.1,0.4515,118819.5,0.4917,118822.8,0.7386
1753769562064,06:12:42.064,coincatch,BTC/USDT:USDT,118819.3,0.0882,118819.1,0.4515,118819.5,0.4917,118822.8,0.7386
1753769562189,06:12:42.189,coincatch,BTC/USDT:USDT,118819.3,0.0882,118819.1,0.4515,118819.5,0.4917,118822.8,0.2866
1753769562290,06:12:42.290,coincatch,BTC/USDT:USDT,118819.3,0.0882,118819.1,0.4515,118819.5,0.4917,118822.8,0.2866
1753769562391,06:12:42.391,coincatch,BTC/USDT:USDT,118819.3,0.0882,118819.1,0.4515,118819.5,0.4917,118822.8,0.2866
1753769562514,06:12:42.514,coincatch,BTC/USDT:USDT,118819.3,0.0882,118819.1,0.4515,118819.5,0.4917,118822.8,0.2839
1753769562638,06:12:42.638,coincatch,BTC/USDT:USDT,118819.3,0.0882,118819.1,0.4515,118819.5,0.4917,118822.8,0.2839
1753769562741,06:12:42.741,coincatch,BTC/USDT:USDT,118819.3,0.0882,118819.1,0.4515,118819.5,0.4917,118822.8,0.1312
1753769562844,06:12:42.844,coincatch,BTC/USDT:USDT,118819.3,0.0882,118819.1,0.4515,118819.5,0.4917,118822.8,0.1312
1753769563194,06:12:43.194,coincatch,BTC/USDT:USDT,118819.3,0.0882,118819.1,0.4515,118819.5,0.4917,118822.8,0.1281
1753769563294,06:12:43.294,coincatch,BTC/USDT:USDT,118819.3,0.0882,118819.1,0.4515,118819.5,0.4917,118822.8,0.1281
1753769563395,06:12:43.395,coincatch,BTC/USDT:USDT,118819.3,0.0882,118819.1,0.4515,118819.5,0.4917,118822.8,0.1281
1753769563545,06:12:43.545,coincatch,BTC/USDT:USDT,118819.3,0.0882,118819.1,0.4515,118819.5,0.4917,118822.8,0.1281
1753769563696,06:12:43.696,coincatch,BTC/USDT:USDT,118819.3,0.0882,118819.1,0.4515,118819.5,0.4917,118822.8,0.1296
1753769563797,06:12:43.797,coincatch,BTC/USDT:USDT,118819.3,0.0882,118819.1,0.4515,118819.5,0.4917,118822.8,0.1296
1753769563947,06:12:43.947,coincatch,BTC/USDT:USDT,118819.3,0.0882,118819.1,0.4515,118819.5,0.4917,118822.8,0.1298
1753769564095,06:12:44.095,coincatch,BTC/USDT:USDT,118819.3,0.0882,118819.1,0.4515,118819.5,0.4917,118822.8,0.1298
1753769564246,06:12:44.246,coincatch,BTC/USDT:USDT,118819.3,0.0882,118819.1,0.4515,118819.5,0.4917,118822.8,0.3375
1753769564346,06:12:44.346,coincatch,BTC/USDT:USDT,118819.3,0.0882,118819.1,0.4515,118819.5,0.4917,118822.8,0.3375
1753769564465,06:12:44.465,coincatch,BTC/USDT:USDT,118819.3,0.0882,118819.1,0.4515,118819.5,0.4917,118822.8,0.2787
1753769564597,06:12:44.597,coincatch,BTC/USDT:USDT,118819.3,0.0882,118819.1,0.4515,118819.5,0.4917,118822.8,0.2787
1753769564747,06:12:44.747,coincatch,BTC/USDT:USDT,118819.3,0.0882,118819.1,0.4515,118819.5,0.4917,118822.8,0.3318
1753769564898,06:12:44.898,coincatch,BTC/USDT:USDT,118819.3,0.0882,118819.1,0.4515,118819.5,0.4917,118822.8,0.3318
1753769565047,06:12:45.047,coincatch,BTC/USDT:USDT,118819.3,0.0882,118819.1,0.4515,118819.5,0.4917,118822.8,0.336
1753769565151,06:12:45.151,coincatch,BTC/USDT:USDT,118819.3,0.0882,118819.1,0.4515,118819.5,0.4917,118822.8,0.336
1753769565297,06:12:45.297,coincatch,BTC/USDT:USDT,118819.3,0.0882,118819.1,0.4515,118819.5,0.4917,118822.8,0.2774
1753769565516,06:12:45.516,coincatch,BTC/USDT:USDT,118819.3,0.0882,118819.1,0.4515,118819.5,0.4917,118822.8,0.277
1753769565649,06:12:45.649,coincatch,BTC/USDT:USDT,118819.3,0.0882,118819.1,0.4515,118819.5,0.4917,118822.8,0.277
1753769565799,06:12:45.799,coincatch,BTC/USDT:USDT,118819.3,0.0882,118819.1,0.4515,118819.5,0.4917,118822.8,0.2856
1753769566049,06:12:46.049,coincatch,BTC/USDT:USDT,118819.3,0.0882,118819.1,0.4515,118819.5,0.4917,118822.8,0.2833
1753769566198,06:12:46.198,coincatch,BTC/USDT:USDT,118819.3,0.0882,118819.1,0.4515,118819.5,0.4917,118822.8,0.2671
1753769566304,06:12:46.304,coincatch,BTC/USDT:USDT,118819.3,0.0882,118819.1,0.4515,118819.5,0.4917,118822.8,0.2671
1753769566416,06:12:46.416,coincatch,BTC/USDT:USDT,118819.3,0.0882,118819.1,0.4515,118819.5,0.4917,118822.8,0.2671
1753769566549,06:12:46.549,coincatch,BTC/USDT:USDT,118819.3,0.0882,118819.1,0.4515,118819.5,0.4917,118822.8,0.2831
1753769566649,06:12:46.649,coincatch,BTC/USDT:USDT,118819.3,0.0882,118819.1,0.4515,118819.5,0.4917,118822.8,0.2831
1753769566749,06:12:46.749,coincatch,BTC/USDT:USDT,118819.3,0.0882,118819.1,0.4515,118819.5,0.4917,118822.8,0.2787
1753769566867,06:12:46.867,coincatch,BTC/USDT:USDT,118819.3,0.0882,118819.1,0.4515,118819.5,0.4917,118822.8,0.2787
1753769567100,06:12:47.100,coincatch,BTC/USDT:USDT,118819.3,0.0882,118819.1,0.4515,118819.5,0.4917,118822.8,0.2789
1753769567201,06:12:47.201,coincatch,BTC/USDT:USDT,118819.3,0.0882,118819.1,0.4515,118819.5,0.4917,118822.8,0.2797
1753769567303,06:12:47.303,coincatch,BTC/USDT:USDT,118819.3,0.0882,118819.1,0.4515,118819.5,0.4917,118822.8,0.2797
1753769567444,06:12:47.444,coincatch,BTC/USDT:USDT,118819.3,0.0882,118819.1,0.4515,118819.5,0.4917,118822.8,0.277
1753769567617,06:12:47.617,coincatch,BTC/USDT:USDT,118819.3,0.0882,118819.1,0.4515,118819.5,0.4917,118822.8,0.277
1753769567733,06:12:47.733,coincatch,BTC/USDT:USDT,118819.3,0.0882,118819.1,0.4515,118819.5,0.4917,118822.8,0.277
1753769568002,06:12:48.002,coincatch,BTC/USDT:USDT,118819.3,0.0882,118819.1,0.4515,118819.5,0.4917,118822.8,0.2692
1753769568104,06:12:48.104,coincatch,BTC/USDT:USDT,118819.3,0.0882,118819.1,0.4515,118819.5,0.4917,118822.8,0.2692
1753769568218,06:12:48.218,coincatch,BTC/USDT:USDT,118819.3,0.0882,118819.1,0.4515,118819.5,0.4917,118822.8,0.2692
1753769568353,06:12:48.353,coincatch,BTC/USDT:USDT,118819.3,0.0882,118819.1,0.4515,118819.5,0.4917,118822.8,0.2694
1753769568453,06:12:48.453,coincatch,BTC/USDT:USDT,118819.3,0.0882,118819.1,0.4515,118819.5,0.4917,118822.8,0.2694
1753769568555,06:12:48.555,coincatch,BTC/USDT:USDT,118819.3,0.0882,118819.1,0.4515,118819.5,0.4917,118822.8,0.2646
1753769568805,06:12:48.805,coincatch,BTC/USDT:USDT,118819.3,0.0882,118819.1,0.4515,118819.5,0.4917,118822.8,0.2629
1753769568948,06:12:48.948,coincatch,BTC/USDT:USDT,118819.3,0.0882,118819.1,0.4515,118819.5,0.4917,118822.8,0.2629
1753769569054,06:12:49.054,coincatch,BTC/USDT:USDT,118819.3,0.0882,118819.1,0.4515,118819.5,0.4917,118825.0,0.2627
1753769569203,06:12:49.203,coincatch,BTC/USDT:USDT,118819.3,0.0882,118819.1,0.4515,118819.5,0.4917,118825.0,0.2627
1753769569306,06:12:49.306,coincatch,BTC/USDT:USDT,118819.3,0.01,118819.1,0.4515,118819.5,0.4917,118825.0,0.5042
1753769569418,06:12:49.418,coincatch,BTC/USDT:USDT,118819.3,0.01,118819.1,0.4515,118819.5,0.4917,118825.0,0.5042
1753769569554,06:12:49.554,coincatch,BTC/USDT:USDT,118819.3,0.01,118819.1,0.4515,118819.5,0.4917,118825.0,0.5048
1753769569703,06:12:49.703,coincatch,BTC/USDT:USDT,118819.3,0.01,118819.1,0.4515,118819.5,0.4917,118825.0,0.5048
1753769569807,06:12:49.807,coincatch,BTC/USDT:USDT,118819.3,0.01,118819.1,0.4515,118819.5,0.4917,118825.0,0.5248
1753769569954,06:12:49.954,coincatch,BTC/USDT:USDT,118819.3,0.01,118819.1,0.4515,118819.5,0.4917,118825.0,0.5248
1753769570104,06:12:50.104,coincatch,BTC/USDT:USDT,118819.3,0.01,118819.1,0.4515,118819.5,0.4917,118825.0,0.5246
1753769570211,06:12:50.211,coincatch,BTC/USDT:USDT,118819.3,0.01,118819.1,0.4515,118819.5,0.4917,118825.0,0.848
1753769570319,06:12:50.319,coincatch,BTC/USDT:USDT,118819.3,0.01,118819.1,0.4515,118819.5,0.4917,118825.0,0.848
1753769570455,06:12:50.455,coincatch,BTC/USDT:USDT,118819.3,0.01,118819.1,0.4515,118819.5,0.4917,118825.0,0.9192
1753769570756,06:12:50.756,coincatch,BTC/USDT:USDT,118819.3,0.01,118819.1,0.4515,118819.5,0.4917,118825.0,0.9045
1753769570904,06:12:50.904,coincatch,BTC/USDT:USDT,118819.3,0.01,118819.1,0.4515,118819.5,0.4917,118825.0,0.9045
1753769571005,06:12:51.005,coincatch,BTC/USDT:USDT,118819.3,0.01,118819.1,0.4515,118819.5,0.4917,118825.0,0.9047
1753769571105,06:12:51.105,coincatch,BTC/USDT:USDT,118819.3,0.01,118819.1,0.4515,118819.5,0.4917,118825.0,0.9047
1753769571207,06:12:51.207,coincatch,BTC/USDT:USDT,118819.3,0.01,118819.1,0.4515,118819.5,0.4917,118825.0,0.5764
1753769571310,06:12:51.310,coincatch,BTC/USDT:USDT,118819.3,0.01,118819.1,0.4515,118819.5,0.4917,118825.0,0.5764
1753769571410,06:12:51.410,coincatch,BTC/USDT:USDT,118819.3,0.01,118819.1,0.4515,118819.5,0.4917,118825.0,0.5764
1753769571513,06:12:51.513,coincatch,BTC/USDT:USDT,118819.3,0.01,118819.1,0.4515,118819.5,0.4917,118825.0,0.5168
1753769571663,06:12:51.663,coincatch,BTC/USDT:USDT,118819.3,0.01,118819.1,0.4515,118819.5,0.4917,118825.0,0.5168
1753769571808,06:12:51.808,coincatch,BTC/USDT:USDT,118819.3,0.01,118819.1,0.4515,118819.5,0.4917,118825.0,0.5168
1753769571910,06:12:51.910,coincatch,BTC/USDT:USDT,118819.3,0.01,118819.1,0.4515,118819.5,0.4917,118825.0,0.5168
1753769572052,06:12:52.052,coincatch,BTC/USDT:USDT,118819.3,0.01,118819.1,0.4515,118819.5,0.4917,118825.0,0.4597
1753769572158,06:12:52.158,coincatch,BTC/USDT:USDT,118819.3,0.01,118819.1,0.4515,118819.5,0.4917,118825.0,0.4597
1753769572258,06:12:52.258,coincatch,BTC/USDT:USDT,118819.3,0.01,118819.1,0.4515,118819.5,0.4917,118825.0,0.5746
1753769572409,06:12:52.409,coincatch,BTC/USDT:USDT,118819.3,0.01,118819.1,0.4515,118819.5,0.4917,118825.0,0.5746
1753769572559,06:12:52.559,coincatch,BTC/USDT:USDT,118819.3,0.01,118819.1,0.4515,118819.5,0.4917,118825.0,0.9542
1753769572659,06:12:52.659,coincatch,BTC/USDT:USDT,118819.3,0.01,118819.1,0.4515,118819.5,0.4917,118825.0,0.9542
1753769572760,06:12:52.760,coincatch,BTC/USDT:USDT,118819.3,0.01,118819.1,0.4515,118819.5,0.4917,118825.0,0.5712
1753769572871,06:12:52.871,coincatch,BTC/USDT:USDT,118819.3,0.01,118819.1,0.4515,118819.5,0.4917,118825.0,0.5712
1753769572990,06:12:52.990,coincatch,BTC/USDT:USDT,118819.3,0.01,118819.1,0.4515,118819.5,0.4917,118825.0,0.5149
1753769573109,06:12:53.109,coincatch,BTC/USDT:USDT,118819.3,0.01,118819.1,0.4515,118819.5,0.4917,118825.0,0.5149
1753769573210,06:12:53.210,coincatch,BTC/USDT:USDT,118819.3,0.01,118819.1,0.4515,118819.5,0.4917,118825.0,0.5149
1753769573310,06:12:53.310,coincatch,BTC/USDT:USDT,118819.3,0.01,118819.1,0.4515,118819.5,0.4917,118825.0,0.5149
1753769573413,06:12:53.413,coincatch,BTC/USDT:USDT,118819.3,0.01,118819.1,0.4515,118819.5,0.4917,118825.0,0.5149
1753769573562,06:12:53.562,coincatch,BTC/USDT:USDT,118819.3,0.01,118819.1,0.4515,118819.5,0.4917,118825.0,0.5166
1753769573662,06:12:53.662,coincatch,BTC/USDT:USDT,118819.3,0.01,118819.1,0.4515,118819.5,0.4917,118825.0,0.5166
1753769573910,06:12:53.910,coincatch,BTC/USDT:USDT,118819.3,0.01,118819.1,0.4515,118819.5,0.4917,118825.0,0.5223
1753769574015,06:12:54.015,coincatch,BTC/USDT:USDT,118819.3,0.01,118819.1,0.4515,118819.5,0.4917,118825.0,0.5223
1753769574159,06:12:54.159,coincatch,BTC/USDT:USDT,118819.3,0.01,118819.1,0.4515,118819.5,0.4917,118825.0,0.5223
1753769574512,06:12:54.512,coincatch,BTC/USDT:USDT,118819.3,0.01,118819.1,0.4515,118819.5,0.4917,118825.0,0.8925
1753769574663,06:12:54.663,coincatch,BTC/USDT:USDT,118819.3,0.01,118819.1,0.4515,118819.5,0.4917,118825.0,0.8925
1753769574766,06:12:54.766,coincatch,BTC/USDT:USDT,118819.3,0.01,118819.1,0.4515,118819.5,0.4917,118825.0,0.5097
1753769574912,06:12:54.912,coincatch,BTC/USDT:USDT,118819.3,0.01,118819.1,0.4515,118819.5,0.4917,118825.0,0.568
1753769575013,06:12:55.013,coincatch,BTC/USDT:USDT,118819.3,0.01,118819.1,0.4515,118819.5,0.4917,118825.0,0.568
1753769575113,06:12:55.113,coincatch,BTC/USDT:USDT,118819.3,0.01,118819.1,0.4515,118819.5,0.4917,118825.0,0.568
1753769575216,06:12:55.216,coincatch,BTC/USDT:USDT,118819.3,0.01,118819.1,0.4515,118819.5,0.4917,118825.0,0.568
1753769575316,06:12:55.316,coincatch,BTC/USDT:USDT,118819.3,0.01,118819.1,0.4515,118819.5,0.4917,118825.0,0.568
1753769575422,06:12:55.422,coincatch,BTC/USDT:USDT,118819.3,0.01,118819.1,0.4515,118819.5,0.4917,118825.0,0.5674
1753769575565,06:12:55.565,coincatch,BTC/USDT:USDT,118819.3,0.01,118819.1,0.4515,118819.5,0.4917,118825.0,0.5674
1753769575665,06:12:55.665,coincatch,BTC/USDT:USDT,118819.3,0.01,118819.1,0.4515,118819.5,0.4917,118825.0,0.5676
1753769575783,06:12:55.783,coincatch,BTC/USDT:USDT,118819.3,0.01,118819.1,0.4515,118819.5,0.4917,118825.0,0.5676
1753769575914,06:12:55.914,coincatch,BTC/USDT:USDT,118819.3,0.01,118819.1,0.4515,118819.5,0.4917,118825.0,0.5676
1753769576016,06:12:56.016,coincatch,BTC/USDT:USDT,118819.3,0.01,118819.1,0.4515,118819.5,0.4917,118825.0,0.5676
1753769576165,06:12:56.165,coincatch,BTC/USDT:USDT,118819.3,0.01,118819.1,0.4515,118819.5,0.4917,118825.0,0.5462
1753769576314,06:12:56.314,coincatch,BTC/USDT:USDT,118819.3,0.01,118819.1,0.4515,118819.5,0.4917,118825.0,0.5462
1753769576416,06:12:56.416,coincatch,BTC/USDT:USDT,118819.3,0.01,118819.1,0.4515,118819.5,0.4917,118825.0,0.1451
1753769576516,06:12:56.516,coincatch,BTC/USDT:USDT,118819.3,0.01,118819.1,0.4515,118819.5,0.4917,118825.0,0.1451
1753769576617,06:12:56.617,coincatch,BTC/USDT:USDT,118819.3,0.01,118819.1,0.4515,118819.5,0.4917,118825.0,0.1451
1753769576766,06:12:56.766,coincatch,BTC/USDT:USDT,118819.3,0.01,118819.1,0.4515,118819.5,0.4917,118825.0,0.2201
1753769576870,06:12:56.870,coincatch,BTC/USDT:USDT,118819.3,0.01,118819.1,0.4515,118819.5,0.4917,118825.0,0.2201
1753769577019,06:12:57.019,coincatch,BTC/USDT:USDT,118819.3,0.01,118819.1,0.4515,118819.5,0.4917,118825.0,0.6943
1753769577167,06:12:57.167,coincatch,BTC/USDT:USDT,118819.3,0.01,118819.1,0.4515,118819.5,0.4917,118825.0,0.1132
1753769577267,06:12:57.267,coincatch,BTC/USDT:USDT,118819.3,0.01,118819.1,0.4515,118819.5,0.4917,118825.0,0.1132
1753769577369,06:12:57.369,coincatch,BTC/USDT:USDT,118819.3,0.01,118819.1,0.4515,118819.5,0.4917,118825.0,0.1132
1753769577518,06:12:57.518,coincatch,BTC/USDT:USDT,118819.3,0.01,118819.1,0.4515,118819.5,0.4917,118825.0,0.1438
1753769577667,06:12:57.667,coincatch,BTC/USDT:USDT,118819.3,0.01,118819.1,0.4515,118819.5,0.4917,118825.0,0.541
1753769577768,06:12:57.768,coincatch,BTC/USDT:USDT,118819.3,0.01,118819.1,0.4515,118819.5,0.4917,118825.0,0.541
1753769577870,06:12:57.870,coincatch,BTC/USDT:USDT,118819.3,0.01,118819.1,0.4515,118819.5,0.4917,118825.0,0.541
1753769577974,06:12:57.974,coincatch,BTC/USDT:USDT,118819.3,0.01,118819.1,0.4515,118819.5,0.4917,118825.0,0.5412
1753769578120,06:12:58.120,coincatch,BTC/USDT:USDT,118819.3,0.01,118819.1,0.4515,118819.5,0.4917,118825.0,0.5412
1753769578220,06:12:58.220,coincatch,BTC/USDT:USDT,118819.3,0.01,118819.1,0.4515,118819.5,0.4917,118825.0,0.2228
1753769578320,06:12:58.320,coincatch,BTC/USDT:USDT,118819.3,0.01,118819.1,0.4515,118819.5,0.4917,118825.0,0.2228
1753769578422,06:12:58.422,coincatch,BTC/USDT:USDT,118819.3,0.01,118819.1,0.4515,118819.5,0.4917,118825.0,0.1638
1753769578563,06:12:58.563,coincatch,BTC/USDT:USDT,118819.3,0.01,118819.1,0.4515,118819.5,0.4917,118825.0,0.1638
1753769578671,06:12:58.671,coincatch,BTC/USDT:USDT,118819.3,0.01,118819.1,0.4515,118819.5,0.4917,118825.0,0.0655
1753769578874,06:12:58.874,coincatch,BTC/USDT:USDT,118819.3,0.01,118819.1,0.4515,118819.5,0.4917,118825.0,0.0655
1753769579023,06:12:59.023,coincatch,BTC/USDT:USDT,118819.3,0.01,118819.1,0.4515,118819.5,0.4917,118825.0,0.0651
1753769579171,06:12:59.171,coincatch,BTC/USDT:USDT,118819.3,0.01,118819.1,0.4515,118819.5,0.4917,118825.0,0.0651
1753769579272,06:12:59.272,coincatch,BTC/USDT:USDT,118819.3,0.01,118819.1,0.4515,118819.5,0.4917,118825.0,0.0651
1753769579426,06:12:59.426,coincatch,BTC/USDT:USDT,118819.3,0.01,118819.1,0.4515,118819.5,0.4917,118825.0,0.1399
1753769579570,06:12:59.570,coincatch,BTC/USDT:USDT,118819.3,0.01,118819.1,0.4515,118819.5,0.4917,118825.0,0.1399
1753769579670,06:12:59.670,coincatch,BTC/USDT:USDT,118819.3,0.01,118819.1,0.4515,118819.5,0.4917,118825.0,0.0647
1753769579770,06:12:59.770,coincatch,BTC/USDT:USDT,118819.3,0.01,118819.1,0.4515,118819.5,0.4917,118825.0,0.0647
1753769579871,06:12:59.871,coincatch,BTC/USDT:USDT,118819.3,0.01,118819.1,0.4515,118819.5,0.4917,118825.0,0.0647
1753769579996,06:12:59.996,coincatch,BTC/USDT:USDT,118819.3,0.01,118819.1,0.4515,118819.5,0.4917,118825.0,0.0647
1753769580102,06:13:00.102,coincatch,BTC/USDT:USDT,118819.3,0.01,118819.1,0.4515,118819.5,0.4917,118825.0,0.0647
1753769580225,06:13:00.225,coincatch,BTC/USDT:USDT,118819.3,0.01,118819.1,0.4515,118819.5,0.4917,118825.0,0.1405
1753769580375,06:13:00.375,coincatch,BTC/USDT:USDT,118819.3,0.01,118819.1,0.4515,118819.5,0.4917,118825.0,0.1405
1753769580526,06:13:00.526,coincatch,BTC/USDT:USDT,118819.3,0.01,118819.1,0.4515,118819.5,0.4917,118825.0,0.0626
1753769580672,06:13:00.672,coincatch,BTC/USDT:USDT,118819.3,0.01,118819.1,0.4515,118819.5,0.4917,118825.0,0.0508
1753769580772,06:13:00.772,coincatch,BTC/USDT:USDT,118819.3,0.01,118819.1,0.4515,118819.5,0.4917,118825.0,0.0508
1753769580873,06:13:00.873,coincatch,BTC/USDT:USDT,118819.3,0.01,118819.1,0.4515,118819.5,0.4917,118825.0,0.0508
1753769580976,06:13:00.976,coincatch,BTC/USDT:USDT,118819.3,0.01,118819.1,0.4515,118819.5,0.4917,118825.0,0.047
1753769581123,06:13:01.123,coincatch,BTC/USDT:USDT,118819.3,0.01,118819.1,0.4515,118819.5,0.4917,118825.0,0.047
1753769581224,06:13:01.224,coincatch,BTC/USDT:USDT,118819.3,0.01,118819.1,0.4515,118819.5,0.4917,118825.0,0.1073
1753769581324,06:13:01.324,coincatch,BTC/USDT:USDT,118819.3,0.01,118819.1,0.4515,118819.5,0.4917,118825.0,0.1073
1753769581423,06:13:01.423,coincatch,BTC/USDT:USDT,118819.3,0.01,118819.1,0.4515,118819.5,0.4917,118825.0,0.907
1753769581528,06:13:01.528,coincatch,BTC/USDT:USDT,118819.3,0.01,118819.1,0.4515,118819.5,0.4917,118825.0,0.907
1753769581673,06:13:01.673,coincatch,BTC/USDT:USDT,118819.3,0.01,118819.1,0.4515,118819.5,0.4917,118825.0,1.0781
1753769581775,06:13:01.775,coincatch,BTC/USDT:USDT,118819.3,0.01,118819.1,0.4515,118819.5,0.4917,118825.0,1.0781
1753769581984,06:13:01.984,coincatch,BTC/USDT:USDT,118819.3,0.01,118819.1,0.4515,118819.5,0.4917,118825.0,1.3259
1753769582085,06:13:02.085,coincatch,BTC/USDT:USDT,118819.3,0.01,118819.1,0.4515,118819.5,0.4917,118825.0,1.3259
1753769582327,06:13:02.327,coincatch,BTC/USDT:USDT,118819.3,0.01,118819.1,0.4515,118819.5,0.4917,118825.0,1.4713
1753769582777,06:13:02.777,coincatch,BTC/USDT:USDT,118819.3,0.01,118819.1,0.4515,118819.5,0.4917,118825.0,1.5034
1753769582878,06:13:02.878,coincatch,BTC/USDT:USDT,118819.3,0.01,118819.1,0.4515,118819.5,0.4917,118825.0,1.5034
1753769582979,06:13:02.979,coincatch,BTC/USDT:USDT,118819.3,0.01,118819.1,0.4515,118819.5,0.4917,118825.0,1.5093
1753769583098,06:13:03.098,coincatch,BTC/USDT:USDT,118819.3,0.01,118819.1,0.4515,118819.5,0.4917,118825.0,1.5093
1753769583227,06:13:03.227,coincatch,BTC/USDT:USDT,118819.3,0.01,118819.1,0.4515,118819.5,0.4917,118825.0,1.5093
1753769583377,06:13:03.377,coincatch,BTC/USDT:USDT,118819.3,0.01,118819.1,0.4515,118819.5,0.4917,118825.0,1.5086
1753769583477,06:13:03.477,coincatch,BTC/USDT:USDT,118819.3,0.01,118819.1,0.4515,118819.5,0.4917,118825.0,1.5078
1753769583577,06:13:03.577,coincatch,BTC/USDT:USDT,118819.3,0.01,118819.1,0.4515,118819.5,0.4917,118825.0,1.5078
1753769583678,06:13:03.678,coincatch,BTC/USDT:USDT,118819.3,0.01,118819.1,0.4515,118819.5,0.4917,118825.0,1.5078
1753769583929,06:13:03.929,coincatch,BTC/USDT:USDT,118819.3,0.01,118819.1,0.4515,118819.5,0.4917,118825.0,1.5097
1753769584180,06:13:04.180,coincatch,BTC/USDT:USDT,118819.3,0.01,118819.1,0.4515,118819.5,0.4917,118825.0,1.5093
1753769584306,06:13:04.306,coincatch,BTC/USDT:USDT,118819.3,0.01,118819.2,0.0273,118819.5,0.4917,118825.0,1.5387
1753769584428,06:13:04.428,coincatch,BTC/USDT:USDT,118819.3,0.01,118819.2,0.0273,118819.5,0.4917,118825.0,1.5387
1753769584532,06:13:04.532,coincatch,BTC/USDT:USDT,118819.3,0.01,118819.2,0.0273,118819.5,0.4917,118825.0,1.5382
1753769584781,06:13:04.781,coincatch,BTC/USDT:USDT,118819.3,0.01,118819.2,0.0273,118819.5,0.4917,118825.0,1.5412
1753769585029,06:13:05.029,coincatch,BTC/USDT:USDT,118819.3,0.01,118819.2,0.0273,118819.5,0.4917,118825.0,1.5412
1753769585130,06:13:05.130,coincatch,BTC/USDT:USDT,118819.3,0.01,118819.2,0.0273,118819.5,0.4917,118825.0,1.5412
1753769585240,06:13:05.240,coincatch,BTC/USDT:USDT,118819.3,0.01,118819.2,0.0273,118819.5,0.4917,118825.0,1.5412
1753769585381,06:13:05.381,coincatch,BTC/USDT:USDT,118819.3,0.01,118819.2,0.0273,118819.5,0.4917,118825.0,1.5412
1753769585482,06:13:05.482,coincatch,BTC/USDT:USDT,118819.3,0.01,118819.2,0.0273,118819.5,0.4917,118825.0,1.5261
1753769585582,06:13:05.582,coincatch,BTC/USDT:USDT,118819.3,0.01,118819.2,0.0273,118819.5,0.4917,118825.0,1.5261
1753769585731,06:13:05.731,coincatch,BTC/USDT:USDT,118819.3,0.01,118819.2,0.0273,118819.5,0.4917,118825.0,1.3984
1753769585984,06:13:05.984,coincatch,BTC/USDT:USDT,118819.3,0.01,118819.2,0.0273,118819.5,0.4917,118825.0,1.3812
1753769586231,06:13:06.231,coincatch,BTC/USDT:USDT,118819.3,0.01,118819.2,0.0273,118819.5,0.4917,118825.0,1.3936
1753769586333,06:13:06.333,coincatch,BTC/USDT:USDT,118819.3,0.01,118819.2,0.0273,118819.5,0.4917,118825.0,1.3936
1753769586439,06:13:06.439,coincatch,BTC/USDT:USDT,118819.3,0.01,118819.2,0.0273,118819.5,0.4917,118825.0,1.3936
1753769586588,06:13:06.588,coincatch,BTC/USDT:USDT,118819.3,0.01,118819.2,0.0273,118819.5,0.4917,118825.0,1.5103
1753769586732,06:13:06.732,coincatch,BTC/USDT:USDT,118819.3,0.01,118819.2,0.0273,118819.5,0.4917,118825.0,1.5151
1753769586832,06:13:06.832,coincatch,BTC/USDT:USDT,118819.3,0.01,118819.2,0.0273,118819.5,0.4917,118825.0,1.5151
1753769586932,06:13:06.932,coincatch,BTC/USDT:USDT,118819.3,0.01,118819.2,0.0273,118819.5,0.4917,118825.0,1.5151
1753769587142,06:13:07.142,coincatch,BTC/USDT:USDT,118819.3,0.01,118819.2,0.0273,118819.5,0.4917,118825.0,1.5128
1753769587281,06:13:07.281,coincatch,BTC/USDT:USDT,118819.3,0.01,118819.2,0.0273,118819.5,0.4917,118825.0,1.5126
1753769587382,06:13:07.382,coincatch,BTC/USDT:USDT,118819.3,0.01,118819.2,0.0273,118819.5,0.4917,118825.0,1.5126
1753769587483,06:13:07.483,coincatch,BTC/USDT:USDT,118819.3,0.01,118819.2,0.0273,118819.5,0.4917,118825.0,1.5158
1753769587582,06:13:07.582,coincatch,BTC/USDT:USDT,118819.3,0.01,118819.2,0.0273,118819.5,0.4917,118825.0,1.5158
1753769587684,06:13:07.684,coincatch,BTC/USDT:USDT,118819.3,0.01,118819.2,0.0273,118819.5,0.4917,118825.0,1.5158
1753769587784,06:13:07.784,coincatch,BTC/USDT:USDT,118819.3,0.01,118819.2,0.0273,118819.5,0.4917,118825.0,1.5181
1753769587932,06:13:07.932,coincatch,BTC/USDT:USDT,118819.3,0.01,118819.2,0.0273,118819.5,0.4917,118825.0,1.5181
1753769588032,06:13:08.032,coincatch,BTC/USDT:USDT,118819.3,0.01,118819.2,0.0273,118819.5,0.4917,118825.0,1.5181
1753769588132,06:13:08.132,coincatch,BTC/USDT:USDT,118819.3,0.01,118819.2,0.0273,118819.5,0.4917,118825.0,1.5181
1753769588233,06:13:08.233,coincatch,BTC/USDT:USDT,118819.3,0.01,118819.2,0.0273,118819.5,0.4917,118825.0,1.5181
1753769588333,06:13:08.333,coincatch,BTC/USDT:USDT,118819.3,0.01,118819.2,0.0273,118819.5,0.4917,118825.0,1.5149
1753769588483,06:13:08.483,coincatch,BTC/USDT:USDT,118819.3,0.01,118819.2,0.0273,118819.5,0.4917,118825.0,1.5149
1753769588632,06:13:08.632,coincatch,BTC/USDT:USDT,118819.3,0.01,118819.2,0.0273,118819.5,0.4917,118825.0,1.5137
1753769588733,06:13:08.733,coincatch,BTC/USDT:USDT,118819.3,0.01,118819.2,0.0273,118819.5,0.4917,118825.0,1.5137
1753769588835,06:13:08.835,coincatch,BTC/USDT:USDT,118819.3,0.01,118819.2,0.0273,118819.5,0.4917,118825.0,1.5126
1753769589083,06:13:09.083,coincatch,BTC/USDT:USDT,118819.3,0.01,118819.2,0.0273,118819.5,0.4917,118825.0,1.5126
1753769589184,06:13:09.184,coincatch,BTC/USDT:USDT,118819.3,0.01,118819.2,0.0273,118819.5,0.4917,118825.0,1.5126
1753769589435,06:13:09.435,coincatch,BTC/USDT:USDT,118819.3,0.01,118819.1,0.2835,118819.5,0.4917,118825.0,1.5305
1753769589536,06:13:09.536,coincatch,BTC/USDT:USDT,118819.3,0.01,118819.1,0.2835,118819.5,0.4917,118825.0,1.512
1753769589681,06:13:09.681,coincatch,BTC/USDT:USDT,118819.3,0.01,118819.1,0.2835,118819.5,0.4917,118825.0,1.512
1753769589784,06:13:09.784,coincatch,BTC/USDT:USDT,118819.3,0.01,118819.1,0.2835,118819.5,0.4917,118825.0,1.5179
1753769589886,06:13:09.886,coincatch,BTC/USDT:USDT,118819.3,0.01,118819.1,0.2835,118819.5,0.4917,118825.0,1.5179
1753769590037,06:13:10.037,coincatch,BTC/USDT:USDT,118819.3,0.01,118819.1,0.2835,118819.5,0.4917,118825.0,1.5181
1753769590189,06:13:10.189,coincatch,BTC/USDT:USDT,118819.3,0.01,118819.1,0.2835,118819.5,0.4917,118825.0,1.5181
1753769590385,06:13:10.385,coincatch,BTC/USDT:USDT,118819.3,0.01,118819.1,0.2835,118819.5,0.4917,118825.0,1.5181
1753769590535,06:13:10.535,coincatch,BTC/USDT:USDT,118819.3,0.01,118819.1,0.2835,118819.5,0.4917,118825.0,1.5181
1753769590635,06:13:10.635,coincatch,BTC/USDT:USDT,118819.3,0.01,118819.1,0.2835,118819.5,0.4917,118825.0,1.5181
1753769590784,06:13:10.784,coincatch,BTC/USDT:USDT,118819.3,0.01,118819.1,0.2835,118819.5,0.4917,118825.0,1.3184
1753769590884,06:13:10.884,coincatch,BTC/USDT:USDT,118819.3,0.01,118819.1,0.2835,118819.5,0.4917,118825.0,1.3184
1753769590986,06:13:10.986,coincatch,BTC/USDT:USDT,118819.3,0.01,118819.1,0.2835,118819.5,0.4917,118825.0,1.3184
1753769591137,06:13:11.137,coincatch,BTC/USDT:USDT,118819.3,0.01,118819.1,0.2835,118819.5,0.4917,118825.0,1.1227
1753769591488,06:13:11.488,coincatch,BTC/USDT:USDT,118819.3,0.01,118819.1,0.2835,118819.5,0.4917,118825.0,1.1227
1753769591589,06:13:11.589,coincatch,BTC/USDT:USDT,118819.3,0.01,118819.1,0.2835,118819.5,0.4917,118825.0,1.1325
1753769591747,06:13:11.747,coincatch,BTC/USDT:USDT,118819.3,0.01,118819.1,0.2835,118819.5,0.4917,118825.0,1.1325
1753769591889,06:13:11.889,coincatch,BTC/USDT:USDT,118819.3,0.01,118819.1,0.2835,118819.5,0.4917,118825.0,1.1596
1753769592042,06:13:12.042,coincatch,BTC/USDT:USDT,118819.3,0.01,118819.1,0.2835,118819.5,0.4917,118825.0,1.1596
1753769592153,06:13:12.153,coincatch,BTC/USDT:USDT,118819.3,0.01,118819.1,0.2835,118819.5,0.4917,118825.0,1.1596
1753769592287,06:13:12.287,coincatch,BTC/USDT:USDT,118819.3,0.01,118819.1,0.2835,118819.5,0.4917,118825.0,1.1596
1753769592389,06:13:12.389,coincatch,BTC/USDT:USDT,118819.3,0.01,118819.1,0.2835,118819.5,0.4917,118825.0,1.1592
1753769592535,06:13:12.535,coincatch,BTC/USDT:USDT,118819.3,0.01,118819.1,0.2835,118819.5,0.4917,118825.0,1.1592
1753769592639,06:13:12.639,coincatch,BTC/USDT:USDT,118819.3,0.01,118819.1,0.2835,118819.5,0.4917,118825.0,1.3618
1753769592739,06:13:12.739,coincatch,BTC/USDT:USDT,118819.3,0.01,118819.1,0.2835,118819.5,0.4917,118825.0,1.3618
1753769592840,06:13:12.840,coincatch,BTC/USDT:USDT,118819.3,0.01,118819.1,0.2835,118819.5,0.4917,118825.0,1.353
1753769592985,06:13:12.985,coincatch,BTC/USDT:USDT,118819.3,0.01,118819.1,0.2835,118819.5,0.4917,118825.0,1.353
1753769593089,06:13:13.089,coincatch,BTC/USDT:USDT,118819.3,0.01,118819.1,0.2835,118819.5,0.4917,118825.0,1.3644
1753769593191,06:13:13.191,coincatch,BTC/USDT:USDT,118819.3,0.01,118819.1,0.2835,118819.5,0.4917,118825.0,1.3644
1753769593292,06:13:13.292,coincatch,BTC/USDT:USDT,118819.3,0.01,118819.1,0.2835,118819.5,0.4917,118825.0,1.3644
1753769593436,06:13:13.436,coincatch,BTC/USDT:USDT,118819.3,0.01,118819.1,0.2835,118819.5,0.4917,118825.0,1.3681
1753769593542,06:13:13.542,coincatch,BTC/USDT:USDT,118819.3,0.01,118819.1,0.2835,118819.5,0.4917,118825.0,1.3681
1753769593791,06:13:13.791,coincatch,BTC/USDT:USDT,118819.3,0.01,118819.1,0.021,118819.5,0.4917,118825.0,1.8833
1753769593891,06:13:13.891,coincatch,BTC/USDT:USDT,118819.3,0.01,118819.1,0.021,118819.5,0.4917,118825.0,1.617
1753769594140,06:13:14.140,coincatch,BTC/USDT:USDT,118819.3,0.01,118819.1,0.021,118819.5,0.4917,118825.0,1.5994
1753769594241,06:13:14.241,coincatch,BTC/USDT:USDT,118819.3,0.01,118819.1,0.021,118819.5,0.4917,118825.0,1.5994
1753769594391,06:13:14.391,coincatch,BTC/USDT:USDT,118819.3,0.01,118819.1,0.021,118819.5,0.4917,118825.0,1.5985
1753769594490,06:13:14.490,coincatch,BTC/USDT:USDT,118819.3,0.01,118819.1,0.021,118819.5,0.4917,118825.0,1.5985
1753769594636,06:13:14.636,coincatch,BTC/USDT:USDT,118819.3,0.01,118819.1,0.021,118819.5,0.4917,118825.0,1.5994
1753769594743,06:13:14.743,coincatch,BTC/USDT:USDT,118819.3,0.01,118819.1,0.021,118819.5,0.4917,118825.0,1.5994
1753769594891,06:13:14.891,coincatch,BTC/USDT:USDT,118819.3,0.01,118819.1,0.021,118819.5,0.4917,118825.0,1.6353
1753769594991,06:13:14.991,coincatch,BTC/USDT:USDT,118819.3,0.01,118819.1,0.021,118819.5,0.4917,118825.0,1.6353
1753769595092,06:13:15.092,coincatch,BTC/USDT:USDT,118819.3,0.01,118819.1,0.021,118819.5,0.4917,118825.0,1.6441
1753769595227,06:13:15.227,coincatch,BTC/USDT:USDT,118819.3,0.01,118819.1,0.021,118819.5,0.4917,118825.0,1.6441
1753769595340,06:13:15.340,coincatch,BTC/USDT:USDT,118819.3,0.01,118819.1,0.021,118819.5,0.4917,118825.0,1.6739
1753769595443,06:13:15.443,coincatch,BTC/USDT:USDT,118819.3,0.01,118819.1,0.021,118819.5,0.4917,118825.0,1.6739
1753769595544,06:13:15.544,coincatch,BTC/USDT:USDT,118819.3,0.01,118819.1,0.021,118819.5,0.4917,118825.0,1.6739
1753769595687,06:13:15.687,coincatch,BTC/USDT:USDT,118819.3,0.0294,118819.1,0.021,118819.5,0.4917,118825.0,1.6684
1753769595792,06:13:15.792,coincatch,BTC/USDT:USDT,118819.3,0.0294,118819.1,0.021,118819.5,0.4917,118825.0,1.6684
1753769595894,06:13:15.894,coincatch,BTC/USDT:USDT,118819.3,0.01,118819.1,0.021,118819.5,0.4917,118825.0,1.6684
1753769596043,06:13:16.043,coincatch,BTC/USDT:USDT,118819.3,0.01,118819.1,0.021,118819.5,0.4917,118825.0,1.6684
1753769596191,06:13:16.191,coincatch,BTC/USDT:USDT,118819.3,0.01,118819.1,0.021,118819.5,0.4917,118825.0,1.6684
1753769596291,06:13:16.291,coincatch,BTC/USDT:USDT,118819.3,0.01,118819.1,0.021,118819.5,0.4917,118825.0,1.6684
1753769596438,06:13:16.438,coincatch,BTC/USDT:USDT,118819.3,0.01,118819.1,0.021,118819.5,0.4917,118825.0,1.5773
1753769596541,06:13:16.541,coincatch,BTC/USDT:USDT,118819.3,0.01,118819.1,0.021,118819.5,0.4917,118825.0,1.5773
1753769596642,06:13:16.642,coincatch,BTC/USDT:USDT,118819.4,0.1323,118819.3,0.01,118819.5,0.4917,118825.0,1.5748
1753769596742,06:13:16.742,coincatch,BTC/USDT:USDT,118819.4,0.1323,118819.3,0.01,118819.5,0.4917,118825.0,1.5748
1753769596888,06:13:16.888,coincatch,BTC/USDT:USDT,118819.4,0.1323,118819.3,0.01,118819.5,0.4917,118825.0,1.5748
1753769596993,06:13:16.993,coincatch,BTC/USDT:USDT,118819.4,0.1323,118819.3,0.01,118819.5,0.4917,118825.0,1.57
1753769597137,06:13:17.137,coincatch,BTC/USDT:USDT,118819.4,0.1323,118819.3,0.01,118819.5,0.4917,118825.0,1.57
1753769597244,06:13:17.244,coincatch,BTC/USDT:USDT,118819.4,0.1323,118819.3,0.01,118819.5,0.4917,118825.0,1.4223
1753769597488,06:13:17.488,coincatch,BTC/USDT:USDT,118819.4,0.1323,118819.3,0.01,118819.5,0.4917,118825.0,1.4223
1753769597594,06:13:17.594,coincatch,BTC/USDT:USDT,118819.4,0.1323,118819.3,0.01,118819.5,0.4917,118825.0,1.4234
1753769597749,06:13:17.749,coincatch,BTC/USDT:USDT,118819.4,0.1323,118819.3,0.01,118819.5,0.4917,118825.0,1.4089
1753769597856,06:13:17.856,coincatch,BTC/USDT:USDT,118819.4,0.1323,118819.3,0.01,118819.5,0.4917,118825.0,1.4089
1753769598093,06:13:18.093,coincatch,BTC/USDT:USDT,118819.4,0.1323,118819.3,0.01,118819.5,0.4917,118825.0,1.4719
1753769598194,06:13:18.194,coincatch,BTC/USDT:USDT,118819.4,0.1323,118819.3,0.01,118819.5,0.4917,118825.0,1.4379
1753769598342,06:13:18.342,coincatch,BTC/USDT:USDT,118819.4,0.1323,118819.3,0.01,118819.5,0.4917,118825.0,1.4379
1753769598444,06:13:18.444,coincatch,BTC/USDT:USDT,118819.4,0.1323,118819.3,0.01,118819.5,0.4917,118825.0,1.4883
1753769598545,06:13:18.545,coincatch,BTC/USDT:USDT,118819.4,0.1323,118819.3,0.01,118819.5,0.4917,118825.0,1.4883
1753769598689,06:13:18.689,coincatch,BTC/USDT:USDT,118819.4,0.1323,118819.3,0.01,118819.5,0.4917,118825.0,1.6321
1753769598791,06:13:18.791,coincatch,BTC/USDT:USDT,118819.4,0.1323,118819.3,0.01,118819.5,0.4917,118825.0,1.6321
1753769598941,06:13:18.941,coincatch,BTC/USDT:USDT,118819.4,0.1323,118819.3,0.01,118819.5,0.4917,118825.0,1.7556
1753769599044,06:13:19.044,coincatch,BTC/USDT:USDT,118819.4,0.1323,118819.3,0.01,118819.5,0.4917,118825.0,1.7556
1753769599143,06:13:19.143,coincatch,BTC/USDT:USDT,118819.4,0.1323,118819.3,0.01,118819.5,0.4917,118825.0,1.7579
1753769599274,06:13:19.274,coincatch,BTC/USDT:USDT,118819.4,0.1323,118819.3,0.01,118819.5,0.4917,118825.0,1.7579
1753769599392,06:13:19.392,coincatch,BTC/USDT:USDT,118819.4,0.1323,118819.3,0.01,118819.5,0.4917,118825.0,1.7774
1753769599492,06:13:19.492,coincatch,BTC/USDT:USDT,118819.4,0.1323,118819.3,0.01,118819.5,0.4917,118825.0,1.7774
1753769599593,06:13:19.593,coincatch,BTC/USDT:USDT,118819.4,0.1323,118819.3,0.01,118819.5,0.4917,118825.0,1.7774
1753769599740,06:13:19.740,coincatch,BTC/USDT:USDT,118819.4,0.1323,118819.3,0.01,118819.5,0.4917,118825.0,1.7793
1753769599845,06:13:19.845,coincatch,BTC/USDT:USDT,118819.4,0.1323,118819.3,0.01,118819.5,0.4917,118825.0,1.7793
1753769599989,06:13:19.989,coincatch,BTC/USDT:USDT,118819.3,0.01,118819.1,0.021,118819.5,0.4917,118825.0,1.9914
1753769600093,06:13:20.093,coincatch,BTC/USDT:USDT,118819.3,0.01,118819.1,0.021,118819.5,0.4917,118825.0,1.9914
1753769600195,06:13:20.195,coincatch,BTC/USDT:USDT,118819.3,0.01,118819.1,0.021,118819.5,0.4917,118825.0,1.7793
1753769600296,06:13:20.296,coincatch,BTC/USDT:USDT,118819.3,0.01,118819.1,0.021,118819.5,0.4917,118825.0,1.7793
1753769600446,06:13:20.446,coincatch,BTC/USDT:USDT,118819.3,0.01,118819.1,0.021,118819.5,0.4917,118825.0,1.7785
1753769600593,06:13:20.593,coincatch,BTC/USDT:USDT,118819.3,0.01,118819.1,0.021,118819.5,0.4917,118825.0,1.7785
1753769600696,06:13:20.696,coincatch,BTC/USDT:USDT,118819.3,0.01,118819.1,0.021,118819.5,0.4917,118825.0,1.7743
1753769600843,06:13:20.843,coincatch,BTC/USDT:USDT,118819.3,0.01,118819.1,0.021,118819.5,0.4917,118825.0,1.7743
1753769600946,06:13:20.946,coincatch,BTC/USDT:USDT,118819.3,0.01,118819.1,0.021,118819.5,0.4917,118825.0,2.1262
1753769601091,06:13:21.091,coincatch,BTC/USDT:USDT,118819.3,0.01,118819.1,0.021,118819.5,0.4917,118825.0,2.1262
1753769601193,06:13:21.193,coincatch,BTC/USDT:USDT,118819.3,0.01,118819.1,0.021,118819.5,0.4917,118825.0,2.1262
1753769601293,06:13:21.293,coincatch,BTC/USDT:USDT,118819.3,0.01,118819.1,0.021,118819.5,0.4917,118825.0,2.1262
1753769601394,06:13:21.394,coincatch,BTC/USDT:USDT,118819.3,0.01,118819.1,0.021,118819.5,0.4917,118825.0,2.1262
1753769601644,06:13:21.644,coincatch,BTC/USDT:USDT,118819.3,0.01,118819.1,0.021,118819.5,0.4917,118825.0,1.9992
1753769601795,06:13:21.795,coincatch,BTC/USDT:USDT,118819.3,0.01,118819.1,0.0252,118819.5,0.4917,118825.0,1.9992
1753769601894,06:13:21.894,coincatch,BTC/USDT:USDT,118819.3,0.01,118819.1,0.0252,118819.5,0.4917,118825.0,1.9992
1753769601995,06:13:21.995,coincatch,BTC/USDT:USDT,118819.3,0.01,118819.1,0.021,118819.5,0.4917,118825.0,1.99
1753769602142,06:13:22.142,coincatch,BTC/USDT:USDT,118819.3,0.01,118819.1,0.021,118819.5,0.4917,118825.0,1.99
1753769602246,06:13:22.246,coincatch,BTC/USDT:USDT,118819.3,0.01,118819.2,0.01,118819.5,0.4917,118825.0,2.1002
1753769602396,06:13:22.396,coincatch,BTC/USDT:USDT,118819.3,0.01,118819.2,0.01,118819.5,0.4917,118825.0,2.1002
1753769602495,06:13:22.495,coincatch,BTC/USDT:USDT,118819.3,0.01,118819.2,0.01,118819.5,0.4917,118825.0,2.0502
1753769602597,06:13:22.597,coincatch,BTC/USDT:USDT,118819.3,0.01,118819.2,0.01,118819.5,0.4917,118825.0,2.0502
1753769602742,06:13:22.742,coincatch,BTC/USDT:USDT,118819.3,0.01,118819.2,0.01,118819.5,0.4917,118825.0,2.0149
1753769602845,06:13:22.845,coincatch,BTC/USDT:USDT,118819.3,0.01,118819.2,0.01,118819.5,0.4917,118825.0,2.0149
1753769602995,06:13:22.995,coincatch,BTC/USDT:USDT,118819.3,0.01,118819.2,0.01,118819.5,0.4917,118825.0,2.0005
1753769603102,06:13:23.102,coincatch,BTC/USDT:USDT,118819.3,0.01,118819.2,0.01,118819.5,0.4917,118825.0,2.0005
1753769603246,06:13:23.246,coincatch,BTC/USDT:USDT,118819.3,0.01,118819.1,0.1995,118819.5,0.491,118825.0,2.0492
1753769603347,06:13:23.347,coincatch,BTC/USDT:USDT,118819.3,0.01,118819.1,0.1995,118819.5,0.491,118825.0,2.0492
1753769603493,06:13:23.493,coincatch,BTC/USDT:USDT,118819.3,0.01,118819.1,0.1995,118819.5,0.491,118825.0,2.0494
1753769603596,06:13:23.596,coincatch,BTC/USDT:USDT,118819.3,0.01,118819.1,0.1995,118819.5,0.491,118825.0,2.0494
1753769603745,06:13:23.745,coincatch,BTC/USDT:USDT,118819.3,0.01,118819.1,0.1995,118819.5,0.491,118825.0,1.7745
1753769603846,06:13:23.846,coincatch,BTC/USDT:USDT,118819.3,0.01,118819.1,0.1995,118819.5,0.491,118825.0,1.7745
1753769603994,06:13:23.994,coincatch,BTC/USDT:USDT,118819.3,0.01,118819.1,0.1995,118819.5,0.491,118825.0,1.7132
1753769604095,06:13:24.095,coincatch,BTC/USDT:USDT,118819.3,0.01,118819.1,0.1995,118819.5,0.491,118825.0,1.7132
1753769604196,06:13:24.196,coincatch,BTC/USDT:USDT,118819.3,0.01,118819.1,0.1995,118819.5,0.491,118825.0,1.6768
1753769604331,06:13:24.331,coincatch,BTC/USDT:USDT,118819.3,0.01,118819.1,0.1995,118819.5,0.491,118825.0,1.6768
1753769604446,06:13:24.446,coincatch,BTC/USDT:USDT,118819.3,0.01,118819.1,0.1995,118819.5,0.491,118825.0,1.6687
1753769604547,06:13:24.547,coincatch,BTC/USDT:USDT,118819.3,0.01,118819.1,0.1995,118819.5,0.491,118825.0,1.6687
1753769604694,06:13:24.694,coincatch,BTC/USDT:USDT,118819.3,0.01,118819.1,0.1995,118819.5,0.491,118825.0,1.6687
1753769604796,06:13:24.796,coincatch,BTC/USDT:USDT,118819.3,0.01,118819.1,0.1995,118819.5,0.491,118825.0,1.6687
1753769604895,06:13:24.895,coincatch,BTC/USDT:USDT,118819.3,0.01,118819.1,0.1995,118819.5,0.491,118825.0,1.6687
1753769604997,06:13:24.997,coincatch,BTC/USDT:USDT,118819.3,0.01,118819.1,0.1995,118819.5,0.491,118825.0,1.7025
1753769605098,06:13:25.098,coincatch,BTC/USDT:USDT,118819.3,0.01,118819.1,0.1995,118819.5,0.491,118825.0,1.7025
1753769605246,06:13:25.246,coincatch,BTC/USDT:USDT,118819.3,0.01,118819.1,0.1995,118819.5,0.491,118825.0,1.5874
1753769605348,06:13:25.348,coincatch,BTC/USDT:USDT,118819.3,0.01,118819.1,0.1995,118819.5,0.491,118825.0,1.5874
1753769605495,06:13:25.495,coincatch,BTC/USDT:USDT,118819.3,0.01,118819.1,0.1995,118819.5,0.491,118825.0,1.608
1753769605598,06:13:25.598,coincatch,BTC/USDT:USDT,118819.3,0.01,118819.1,0.1995,118819.5,0.491,118825.0,1.608
1753769605704,06:13:25.704,coincatch,BTC/USDT:USDT,118819.3,0.01,118819.1,0.1995,118819.5,0.491,118825.0,1.5857
1753769605847,06:13:25.847,coincatch,BTC/USDT:USDT,118819.3,0.01,118819.1,0.1995,118819.5,0.491,118825.0,1.5857
1753769605948,06:13:25.948,coincatch,BTC/USDT:USDT,118819.3,0.01,118819.1,0.1995,118819.5,0.491,118825.0,1.5865
1753769606250,06:13:26.250,coincatch,BTC/USDT:USDT,118819.3,0.01,118819.1,0.1995,118819.5,0.491,118825.0,1.5632
1753769606351,06:13:26.351,coincatch,BTC/USDT:USDT,118819.3,0.01,118819.1,0.1995,118819.5,0.491,118825.0,1.5632
1753769606495,06:13:26.495,coincatch,BTC/USDT:USDT,118819.3,0.01,118819.1,0.1995,118819.5,0.491,118825.0,1.5519
1753769606604,06:13:26.604,coincatch,BTC/USDT:USDT,118819.3,0.01,118819.1,0.1995,118819.5,0.491,118825.0,1.5519
1753769606750,06:13:26.750,coincatch,BTC/USDT:USDT,118819.3,0.01,118819.1,0.1995,118819.5,0.491,118825.0,1.4998
1753769606851,06:13:26.851,coincatch,BTC/USDT:USDT,118819.3,0.01,118819.1,0.1995,118819.5,0.491,118825.0,1.4998
1753769606951,06:13:26.951,coincatch,BTC/USDT:USDT,118819.3,0.01,118819.1,0.1995,118819.5,0.491,118825.0,1.545
1753769607096,06:13:27.096,coincatch,BTC/USDT:USDT,118819.3,0.01,118819.1,0.1995,118819.5,0.491,118825.0,1.545
1753769607200,06:13:27.200,coincatch,BTC/USDT:USDT,118819.3,0.01,118819.1,0.1995,118819.5,0.491,118825.0,1.5458
1753769607300,06:13:27.300,coincatch,BTC/USDT:USDT,118819.3,0.01,118819.1,0.1995,118819.5,0.491,118825.0,1.5458
1753769607400,06:13:27.400,coincatch,BTC/USDT:USDT,118819.3,0.01,118819.1,0.1995,118819.5,0.491,118825.0,1.7004
1753769607503,06:13:27.503,coincatch,BTC/USDT:USDT,118819.3,0.01,118819.1,0.1995,118819.5,0.491,118825.0,1.7004
1753769607603,06:13:27.603,coincatch,BTC/USDT:USDT,118819.3,0.01,118819.1,0.1995,118819.5,0.491,118825.0,1.7004
1753769607754,06:13:27.754,coincatch,BTC/USDT:USDT,118819.3,0.01,118819.1,0.1995,118819.5,0.491,118825.0,1.7025
1753769607901,06:13:27.901,coincatch,BTC/USDT:USDT,118819.3,0.01,118819.1,0.1995,118819.5,0.491,118825.0,1.7023
1753769608005,06:13:28.005,coincatch,BTC/USDT:USDT,118819.3,0.01,118819.1,0.1995,118819.5,0.491,118825.0,1.7023
1753769608147,06:13:28.147,coincatch,BTC/USDT:USDT,118819.3,0.01,118819.1,0.1995,118819.5,0.491,118825.0,1.7023
1753769608252,06:13:28.252,coincatch,BTC/USDT:USDT,118819.3,0.01,118819.1,0.1995,118819.5,0.491,118825.0,1.6999
1753769608353,06:13:28.353,coincatch,BTC/USDT:USDT,118819.3,0.01,118819.1,0.1995,118819.5,0.491,118825.0,1.6999
1753769608502,06:13:28.502,coincatch,BTC/USDT:USDT,118819.3,0.01,118819.1,0.1995,118819.5,0.491,118825.0,1.6716
1753769608603,06:13:28.603,coincatch,BTC/USDT:USDT,118819.3,0.01,118819.1,0.1995,118819.5,0.491,118825.0,1.6716
1753769608704,06:13:28.704,coincatch,BTC/USDT:USDT,118819.3,0.01,118819.1,0.1995,118819.5,0.491,118825.0,1.7079
1753769608804,06:13:28.804,coincatch,BTC/USDT:USDT,118819.3,0.01,118819.1,0.1995,118819.5,0.491,118825.0,1.7079
1753769608954,06:13:28.954,coincatch,BTC/USDT:USDT,118819.3,0.01,118819.1,0.1995,118819.5,0.491,118825.0,1.7688
1753769609102,06:13:29.102,coincatch,BTC/USDT:USDT,118819.3,0.01,118819.1,0.1995,118819.5,0.491,118825.0,1.7688
1753769609202,06:13:29.202,coincatch,BTC/USDT:USDT,118819.3,0.01,118819.1,0.1995,118819.5,0.491,118825.0,1.7776
1753769609304,06:13:29.304,coincatch,BTC/USDT:USDT,118819.3,0.01,118819.1,0.1995,118819.5,0.491,118825.0,1.7776
1753769609453,06:13:29.453,coincatch,BTC/USDT:USDT,118819.3,0.01,118819.1,0.1995,118819.5,0.491,118825.0,1.9102
1753769609553,06:13:29.553,coincatch,BTC/USDT:USDT,118819.3,0.01,118819.1,0.1995,118819.5,0.491,118825.0,1.9102
1753769609703,06:13:29.703,coincatch,BTC/USDT:USDT,118819.3,0.01,118819.1,0.1995,118819.5,0.491,118825.0,1.9104
1753769609853,06:13:29.853,coincatch,BTC/USDT:USDT,118819.3,0.01,118819.1,0.1995,118819.5,0.491,118825.0,1.9104
1753769610004,06:13:30.004,coincatch,BTC/USDT:USDT,118819.3,0.01,118819.1,0.1995,118819.5,0.491,118825.0,1.9087
1753769610153,06:13:30.153,coincatch,BTC/USDT:USDT,118819.3,0.01,118819.1,0.1995,118819.5,0.491,118825.0,1.9228
1753769610304,06:13:30.304,coincatch,BTC/USDT:USDT,118819.3,0.01,118819.1,0.1995,118819.5,0.491,118825.0,1.9228
1753769610451,06:13:30.451,coincatch,BTC/USDT:USDT,118819.3,0.01,118819.1,0.1995,118819.5,0.491,118825.0,2.0408
1753769610552,06:13:30.552,coincatch,BTC/USDT:USDT,118819.3,0.01,118819.1,0.1995,118819.5,0.491,118825.0,2.0408
1753769610654,06:13:30.654,coincatch,BTC/USDT:USDT,118819.3,0.01,118819.1,0.1995,118819.5,0.491,118825.0,2.0194
1753769610802,06:13:30.802,coincatch,BTC/USDT:USDT,118819.3,0.01,118819.1,0.1995,118819.5,0.491,118825.0,2.0194
1753769610903,06:13:30.903,coincatch,BTC/USDT:USDT,118819.3,0.01,118819.1,0.1995,118819.5,0.491,118825.0,1.5912
1753769611052,06:13:31.052,coincatch,BTC/USDT:USDT,118819.3,0.01,118819.1,0.1995,118819.5,0.491,118825.0,1.5912
1753769611153,06:13:31.153,coincatch,BTC/USDT:USDT,118819.3,0.01,118819.1,0.1995,118819.5,0.491,118825.0,1.5844
1753769611300,06:13:31.300,coincatch,BTC/USDT:USDT,118819.3,0.01,118819.1,0.1995,118819.5,0.491,118825.0,1.5844
1753769611503,06:13:31.503,coincatch,BTC/USDT:USDT,118819.3,0.01,118819.1,0.1995,118819.5,0.491,118825.0,1.6147
1753769611603,06:13:31.603,coincatch,BTC/USDT:USDT,118819.3,0.01,118819.1,0.1995,118819.5,0.491,118825.0,1.6241
1753769611750,06:13:31.750,coincatch,BTC/USDT:USDT,118819.3,0.01,118819.1,0.1995,118819.5,0.491,118825.0,1.6241
1753769611854,06:13:31.854,coincatch,BTC/USDT:USDT,118819.3,0.01,118819.1,0.1995,118819.5,0.491,118825.0,1.6348
1753769611955,06:13:31.955,coincatch,BTC/USDT:USDT,118819.3,0.01,118819.1,0.1995,118819.5,0.491,118825.0,1.6348
1753769612057,06:13:32.057,coincatch,BTC/USDT:USDT,118819.3,0.01,118819.1,0.1995,118819.5,0.491,118825.0,1.6348
1753769612305,06:13:32.305,coincatch,BTC/USDT:USDT,118819.3,0.01,118819.1,0.1995,118819.5,0.491,118825.0,1.6348
1753769612405,06:13:32.405,coincatch,BTC/USDT:USDT,118819.3,0.01,118819.1,0.1995,118819.5,0.491,118825.0,1.6264
1753769612505,06:13:32.505,coincatch,BTC/USDT:USDT,118819.3,0.01,118819.1,0.1995,118819.5,0.491,118825.0,1.6264
1753769612607,06:13:32.607,coincatch,BTC/USDT:USDT,118819.3,0.01,118819.1,0.1995,118819.5,0.491,118825.0,1.6422
1753769612755,06:13:32.755,coincatch,BTC/USDT:USDT,118819.3,0.01,118819.1,0.1995,118819.5,0.491,118825.0,1.6422
1753769612857,06:13:32.857,coincatch,BTC/USDT:USDT,118819.3,0.01,118819.1,0.1995,118819.5,0.491,118825.0,1.6271
1753769612958,06:13:32.958,coincatch,BTC/USDT:USDT,118819.3,0.01,118819.1,0.1995,118819.5,0.491,118825.0,1.6271
1753769613101,06:13:33.101,coincatch,BTC/USDT:USDT,118819.3,0.01,118819.1,0.1995,118819.5,0.491,118825.0,1.6271
1753769613208,06:13:33.208,coincatch,BTC/USDT:USDT,118819.3,0.01,118819.1,0.1995,118819.5,0.491,118825.0,1.6405
1753769613357,06:13:33.357,coincatch,BTC/USDT:USDT,118819.3,0.01,118819.1,0.1995,118819.5,0.491,118825.0,1.6435
1753769613458,06:13:33.458,coincatch,BTC/USDT:USDT,118819.3,0.01,118819.1,0.1995,118819.5,0.491,118825.0,1.6435
1753769613558,06:13:33.558,coincatch,BTC/USDT:USDT,118819.3,0.01,118819.1,0.1995,118819.5,0.491,118825.0,1.6435
1753769613659,06:13:33.659,coincatch,BTC/USDT:USDT,118819.3,0.01,118819.1,0.1995,118819.5,0.491,118825.0,1.6212
1753769613760,06:13:33.760,coincatch,BTC/USDT:USDT,118819.3,0.01,118819.1,0.1995,118819.5,0.491,118825.0,1.6212
1753769613908,06:13:33.908,coincatch,BTC/USDT:USDT,118819.3,0.01,118819.1,0.1995,118819.5,0.491,118825.0,1.591
1753769614011,06:13:34.011,coincatch,BTC/USDT:USDT,118819.3,0.01,118819.1,0.1995,118819.5,0.491,118825.0,1.591
1753769614152,06:13:34.152,coincatch,BTC/USDT:USDT,118819.3,0.01,118819.1,0.1995,118819.5,0.491,118825.0,2.1504
1753769614259,06:13:34.259,coincatch,BTC/USDT:USDT,118819.3,0.01,118819.1,0.1995,118819.5,0.491,118825.0,2.1504
1753769614361,06:13:34.361,coincatch,BTC/USDT:USDT,118819.3,0.0924,118819.2,0.01,118819.5,0.491,118825.0,2.8612
1753769614709,06:13:34.709,coincatch,BTC/USDT:USDT,118814.8,0.01,118814.7,0.01,118816.8,0.6699,118816.9,17.2746
1753769614958,06:13:34.958,coincatch,BTC/USDT:USDT,118814.8,7.7133,118814.7,0.2562,118814.9,5.3953,118815.0,0.01
1753769615445,06:13:35.445,coincatch,BTC/USDT:USDT,118814.8,6.7662,118814.7,0.2562,118814.9,5.0387,118815.0,0.01
1753769615564,06:13:35.564,coincatch,BTC/USDT:USDT,118814.8,6.7662,118814.7,0.2562,118814.9,5.0387,118815.0,0.01
1753769615712,06:13:35.712,coincatch,BTC/USDT:USDT,118814.8,6.7179,118814.7,0.2562,118814.9,5.04,118815.0,0.0189
1753769615860,06:13:35.860,coincatch,BTC/USDT:USDT,118814.8,3.3768,118814.7,0.2562,118814.9,5.0996,118815.0,0.0147
1753769615962,06:13:35.962,coincatch,BTC/USDT:USDT,118814.8,3.3768,118814.7,0.2562,118814.9,5.0996,118815.0,0.0147
1753769616103,06:13:36.103,coincatch,BTC/USDT:USDT,118814.8,3.3768,118814.7,0.2562,118814.9,5.0996,118815.0,0.0147
1753769616210,06:13:36.210,coincatch,BTC/USDT:USDT,118814.8,7.7196,118814.7,2.0076,118814.9,5.0975,118815.0,0.0147
1753769616310,06:13:36.310,coincatch,BTC/USDT:USDT,118814.8,7.7196,118814.7,2.0076,118814.9,5.0975,118815.0,0.0147
1753769616410,06:13:36.410,coincatch,BTC/USDT:USDT,118814.8,7.8645,118814.7,2.0076,118814.9,5.098,118815.0,0.01
1753769616510,06:13:36.510,coincatch,BTC/USDT:USDT,118814.8,7.8645,118814.7,2.0076,118814.9,5.098,118815.0,0.01
1753769616612,06:13:36.612,coincatch,BTC/USDT:USDT,118814.8,7.8687,118814.7,2.0076,118814.9,5.0956,118815.0,0.01
1753769616762,06:13:36.762,coincatch,BTC/USDT:USDT,118814.8,7.8687,118814.7,2.0076,118814.9,5.0956,118815.0,0.01
1753769616872,06:13:36.872,coincatch,BTC/USDT:USDT,118814.8,7.8708,118814.7,2.0076,118814.9,5.0959,118815.0,0.01
1753769617004,06:13:37.004,coincatch,BTC/USDT:USDT,118814.8,7.8708,118814.7,2.0076,118814.9,5.0959,118815.0,0.01
1753769617114,06:13:37.114,coincatch,BTC/USDT:USDT,118814.8,7.8708,118814.7,2.0076,118814.9,5.1488,118815.0,0.0147
1753769617237,06:13:37.237,coincatch,BTC/USDT:USDT,118814.8,7.8708,118814.7,2.0076,118814.9,5.1488,118815.0,0.0147
1753769617365,06:13:37.365,coincatch,BTC/USDT:USDT,118814.8,7.8708,118814.7,2.0076,118814.9,5.1488,118815.0,0.0147
1753769617516,06:13:37.516,coincatch,BTC/USDT:USDT,118814.8,7.8624,118814.7,2.0076,118814.9,5.1597,118815.0,0.01
1753769617688,06:13:37.688,coincatch,BTC/USDT:USDT,118814.8,7.8666,118814.7,2.0076,118814.9,5.1624,118815.0,0.0105
1753769617813,06:13:37.813,coincatch,BTC/USDT:USDT,118814.8,7.8666,118814.7,2.0076,118814.9,5.1624,118815.0,0.0105
1753769617914,06:13:37.914,coincatch,BTC/USDT:USDT,118814.8,7.8498,118814.7,2.0076,118814.9,5.1649,118815.0,0.0147
1753769618015,06:13:38.015,coincatch,BTC/USDT:USDT,118814.8,7.8498,118814.7,2.0076,118814.9,5.1649,118815.0,0.0147
1753769618416,06:13:38.416,coincatch,BTC/USDT:USDT,118814.8,1.1739,118814.7,2.0076,118814.9,6.0444,118815.0,0.0147
1753769618526,06:13:38.526,coincatch,BTC/USDT:USDT,118814.8,1.1739,118814.7,2.0076,118814.9,6.0444,118815.0,0.0147
1753769618764,06:13:38.764,coincatch,BTC/USDT:USDT,118814.8,1.1697,118814.7,2.0076,118814.9,6.2767,118815.0,0.0147
1753769618866,06:13:38.866,coincatch,BTC/USDT:USDT,118814.8,1.1697,118814.7,2.0076,118814.9,6.2767,118815.0,0.0147
1753769619014,06:13:39.014,coincatch,BTC/USDT:USDT,118814.8,1.302,118814.7,2.0076,118814.9,6.2546,118815.0,0.0147
1753769619114,06:13:39.114,coincatch,BTC/USDT:USDT,118814.8,1.302,118814.7,2.0076,118814.9,6.2546,118815.0,0.0147
1753769619255,06:13:39.255,coincatch,BTC/USDT:USDT,118814.8,1.3734,118814.7,2.0076,118814.9,5.9476,118815.0,0.0147
1753769619362,06:13:39.362,coincatch,BTC/USDT:USDT,118814.8,1.3734,118814.7,2.0076,118814.9,5.9476,118815.0,0.0147
1753769619464,06:13:39.464,coincatch,BTC/USDT:USDT,118814.8,5.6175,118814.7,2.0076,118814.9,5.7366,118815.0,0.0147
1753769619614,06:13:39.614,coincatch,BTC/USDT:USDT,118814.8,5.6175,118814.7,2.0076,118814.9,5.7366,118815.0,0.0147
1753769619714,06:13:39.714,coincatch,BTC/USDT:USDT,118814.8,5.8884,118814.7,2.0076,118814.9,5.5261,118815.0,0.0147
1753769619856,06:13:39.856,coincatch,BTC/USDT:USDT,118814.8,5.8884,118814.7,2.0076,118814.9,5.5261,118815.0,0.0147
1753769619965,06:13:39.965,coincatch,BTC/USDT:USDT,118814.8,8.3412,118814.7,2.6796,118814.9,5.048,118815.0,0.01
1753769620117,06:13:40.117,coincatch,BTC/USDT:USDT,118814.8,8.3412,118814.7,2.6796,118814.9,5.048,118815.0,0.01
1753769620365,06:13:40.365,coincatch,BTC/USDT:USDT,118814.8,15.2082,118814.7,2.6796,118814.9,4.1395,118815.0,0.01
1753769620466,06:13:40.466,coincatch,BTC/USDT:USDT,118814.8,15.2649,118814.7,2.8602,118814.9,4.0992,118815.0,0.01
1753769620606,06:13:40.606,coincatch,BTC/USDT:USDT,118814.8,15.2649,118814.7,2.8602,118814.9,4.0992,118815.0,0.01
1753769620715,06:13:40.715,coincatch,BTC/USDT:USDT,118814.8,15.4476,118814.7,2.6817,118814.9,4.096,118815.0,0.01
1753769620817,06:13:40.817,coincatch,BTC/USDT:USDT,118814.8,15.4476,118814.7,2.6817,118814.9,4.096,118815.0,0.01
1753769620917,06:13:40.917,coincatch,BTC/USDT:USDT,118814.8,16.7286,118814.7,2.6817,118814.9,4.0866,118815.0,0.01
1753769621019,06:13:41.019,coincatch,BTC/USDT:USDT,118814.8,16.7286,118814.7,2.6817,118814.9,4.0866,118815.0,0.01
1753769621166,06:13:41.166,coincatch,BTC/USDT:USDT,118814.8,16.7265,118814.7,2.6817,118814.9,4.0866,118815.0,0.01
1753769621419,06:13:41.419,coincatch,BTC/USDT:USDT,118814.8,16.7265,118814.7,2.6817,118814.9,4.0866,118815.0,0.01
1753769621569,06:13:41.569,coincatch,BTC/USDT:USDT,118814.8,16.5501,118814.7,2.6817,118814.9,4.0866,118815.0,0.01
1753769621669,06:13:41.669,coincatch,BTC/USDT:USDT,118814.8,16.5501,118814.7,2.6817,118814.9,4.0866,118815.0,0.01
1753769621807,06:13:41.807,coincatch,BTC/USDT:USDT,118814.8,16.7223,118814.7,2.6817,118814.9,4.0908,118815.0,0.01
1753769621917,06:13:41.917,coincatch,BTC/USDT:USDT,118814.8,16.7223,118814.7,2.6817,118814.9,4.0908,118815.0,0.01
1753769622017,06:13:42.017,coincatch,BTC/USDT:USDT,118814.8,16.5417,118814.7,2.6817,118814.9,4.1334,118815.0,0.01
1753769622123,06:13:42.123,coincatch,BTC/USDT:USDT,118814.8,16.5417,118814.7,2.6817,118814.9,4.1334,118815.0,0.01
1753769622257,06:13:42.257,coincatch,BTC/USDT:USDT,118814.8,16.1574,118814.7,2.6817,118814.9,4.1929,118815.0,0.01
1753769622375,06:13:42.375,coincatch,BTC/USDT:USDT,118814.8,16.1574,118814.7,2.6817,118814.9,4.1929,118815.0,0.01
1753769622617,06:13:42.617,coincatch,BTC/USDT:USDT,118814.8,16.0608,118814.7,2.6817,118814.9,4.1954,118815.0,0.01
1753769622719,06:13:42.719,coincatch,BTC/USDT:USDT,118814.8,16.1091,118814.7,2.6817,118814.9,4.1981,118815.0,0.01
1753769622819,06:13:42.819,coincatch,BTC/USDT:USDT,118814.8,16.1091,118814.7,2.6817,118814.9,4.1981,118815.0,0.01
1753769622968,06:13:42.968,coincatch,BTC/USDT:USDT,118814.8,16.1091,118814.7,0.9303,118814.9,4.1981,118815.0,0.01
1753769623068,06:13:43.068,coincatch,BTC/USDT:USDT,118814.8,16.1091,118814.7,0.9303,118814.9,4.1981,118815.0,0.01
1753769623168,06:13:43.168,coincatch,BTC/USDT:USDT,118814.8,16.1091,118814.7,0.9303,118814.9,4.1981,118815.0,0.01
1753769623271,06:13:43.271,coincatch,BTC/USDT:USDT,118814.8,16.9554,118814.7,0.9303,118814.9,4.1519,118815.0,0.01
1753769623371,06:13:43.371,coincatch,BTC/USDT:USDT,118814.8,16.9554,118814.7,0.9303,118814.9,4.1519,118815.0,0.01
1753769623519,06:13:43.519,coincatch,BTC/USDT:USDT,118814.8,16.9533,118814.7,0.9303,118814.9,4.1546,118815.0,0.01
1753769623622,06:13:43.622,coincatch,BTC/USDT:USDT,118814.8,16.9533,118814.7,0.9303,118814.9,4.1546,118815.0,0.01
1753769623725,06:13:43.725,coincatch,BTC/USDT:USDT,118814.8,16.9491,118814.7,0.9303,118814.9,4.158,118815.0,0.01
1753769623869,06:13:43.869,coincatch,BTC/USDT:USDT,118814.8,16.9491,118814.7,0.9303,118814.9,4.158,118815.0,0.01
1753769623971,06:13:43.971,coincatch,BTC/USDT:USDT,118814.8,17.1171,118814.7,0.9303,118814.9,4.1569,118815.0,0.01
1753769624072,06:13:44.072,coincatch,BTC/USDT:USDT,118814.8,17.1171,118814.7,0.9303,118814.9,4.1569,118815.0,0.01
1753769624209,06:13:44.209,coincatch,BTC/USDT:USDT,118814.8,17.1171,118814.7,0.9303,118814.9,4.1569,118815.0,0.01
1753769624321,06:13:44.321,coincatch,BTC/USDT:USDT,118814.8,17.1318,118814.7,0.9303,118814.9,4.1563,118815.0,0.01
1753769624533,06:13:44.533,coincatch,BTC/USDT:USDT,118814.8,17.1843,118814.7,0.9303,118814.9,4.0047,118815.0,0.01
1753769624659,06:13:44.659,coincatch,BTC/USDT:USDT,118814.8,17.1843,118814.7,0.9303,118814.9,4.0047,118815.0,0.01
1753769624771,06:13:44.771,coincatch,BTC/USDT:USDT,118814.8,17.1843,118814.7,0.9303,118814.9,4.0066,118815.0,0.01
1753769624871,06:13:44.871,coincatch,BTC/USDT:USDT,118814.8,17.1843,118814.7,0.9303,118814.9,4.0066,118815.0,0.01
1753769624972,06:13:44.972,coincatch,BTC/USDT:USDT,118814.8,17.1843,118814.7,0.9303,118814.9,3.9875,118815.0,0.01
1753769625109,06:13:45.109,coincatch,BTC/USDT:USDT,118814.8,17.1843,118814.7,0.9303,118814.9,3.9875,118815.0,0.01
1753769625221,06:13:45.221,coincatch,BTC/USDT:USDT,118814.8,17.1948,118814.7,0.9303,118814.9,3.9583,118815.0,0.01
1753769625371,06:13:45.371,coincatch,BTC/USDT:USDT,118814.8,17.1948,118814.7,0.9303,118814.9,3.9583,118815.0,0.01
1753769625483,06:13:45.483,coincatch,BTC/USDT:USDT,118814.8,17.1948,118814.7,0.9303,118814.9,3.9583,118815.0,0.01
1753769625621,06:13:45.621,coincatch,BTC/USDT:USDT,118814.8,17.2011,118814.7,0.9303,118814.9,3.9835,118815.0,0.01
1753769625773,06:13:45.773,coincatch,BTC/USDT:USDT,118814.8,17.199,118814.7,0.9303,118814.9,3.9835,118815.0,0.01
1753769625873,06:13:45.873,coincatch,BTC/USDT:USDT,118814.8,17.199,118814.7,0.9303,118814.9,3.9835,118815.0,0.01
1753769625974,06:13:45.974,coincatch,BTC/USDT:USDT,118814.8,17.199,118814.7,0.9303,118814.9,3.9835,118815.0,0.01
1753769626225,06:13:46.225,coincatch,BTC/USDT:USDT,118814.8,16.9785,118814.7,0.9303,118814.9,3.9835,118815.0,0.01
1753769626475,06:13:46.475,coincatch,BTC/USDT:USDT,118814.8,17.0058,118814.7,0.9303,118814.9,3.9763,118815.0,0.01
1753769626610,06:13:46.610,coincatch,BTC/USDT:USDT,118814.8,17.2578,118814.7,0.9303,118814.9,4.0507,118815.0,0.0819
1753769626724,06:13:46.724,coincatch,BTC/USDT:USDT,118814.8,17.2578,118814.7,0.9303,118814.9,4.0507,118815.0,0.0819
1753769626973,06:13:46.973,coincatch,BTC/USDT:USDT,118814.8,17.2578,118814.7,0.9303,118814.9,4.0723,118815.0,0.0819
1753769627073,06:13:47.073,coincatch,BTC/USDT:USDT,118814.8,17.262,118814.7,0.9303,118814.9,3.9753,118815.0,0.0819
1753769627176,06:13:47.176,coincatch,BTC/USDT:USDT,118814.8,17.262,118814.7,0.9303,118814.9,3.9753,118815.0,0.0819
1753769627427,06:13:47.427,coincatch,BTC/USDT:USDT,118814.8,17.2578,118814.7,0.9303,118814.9,3.969,118815.0,0.0819
1753769627561,06:13:47.561,coincatch,BTC/USDT:USDT,118814.8,17.2683,118814.7,0.9303,118814.9,3.9705,118815.0,0.0819
1753769627661,06:13:47.661,coincatch,BTC/USDT:USDT,118814.8,17.2683,118814.7,0.9303,118814.9,3.9705,118815.0,0.0819
1753769627774,06:13:47.774,coincatch,BTC/USDT:USDT,118814.8,17.2662,118814.7,0.9303,118814.9,3.9705,118815.0,0.0819
1753769627874,06:13:47.874,coincatch,BTC/USDT:USDT,118814.8,17.2662,118814.7,0.9303,118814.9,3.9705,118815.0,0.0819
1753769627976,06:13:47.976,coincatch,BTC/USDT:USDT,118814.8,17.2662,118814.7,0.9303,118814.9,3.9705,118815.0,0.0819
1753769628226,06:13:48.226,coincatch,BTC/USDT:USDT,118814.8,17.3271,118814.7,0.9303,118814.9,3.9224,118815.0,0.0819
1753769628475,06:13:48.475,coincatch,BTC/USDT:USDT,118814.8,17.3082,118814.7,0.9303,118814.9,4.0181,118815.0,0.0819
1753769628575,06:13:48.575,coincatch,BTC/USDT:USDT,118814.8,17.3229,118814.7,0.9303,118814.9,4.0177,118815.0,0.0819
1753769628675,06:13:48.675,coincatch,BTC/USDT:USDT,118814.8,17.3229,118814.7,0.9303,118814.9,4.0177,118815.0,0.0819
1753769628778,06:13:48.778,coincatch,BTC/USDT:USDT,118814.8,17.3229,118814.7,0.9303,118814.9,3.9163,118815.0,0.0819
1753769629028,06:13:49.028,coincatch,BTC/USDT:USDT,118814.8,17.3229,118814.7,0.9303,118814.9,3.935,118815.0,0.0819
1753769629275,06:13:49.275,coincatch,BTC/USDT:USDT,118814.8,17.4342,118814.7,0.9303,118814.9,3.9274,118815.0,0.0819
1753769629376,06:13:49.376,coincatch,BTC/USDT:USDT,118814.8,17.4342,118814.7,0.9303,118814.9,3.9274,118815.0,0.0819
1753769629478,06:13:49.478,coincatch,BTC/USDT:USDT,118814.8,17.4342,118814.7,0.9303,118814.9,3.9274,118815.0,0.0819
1753769629580,06:13:49.580,coincatch,BTC/USDT:USDT,118814.8,18.1692,118814.7,0.9303,118814.9,3.9083,118815.0,0.0819
1753769629726,06:13:49.726,coincatch,BTC/USDT:USDT,118814.8,18.1692,118814.7,0.9303,118814.9,3.9083,118815.0,0.0819
1753769629955,06:13:49.955,coincatch,BTC/USDT:USDT,118814.8,17.4531,118814.7,0.9303,118814.9,4.0104,118815.0,0.0819
1753769630063,06:13:50.063,coincatch,BTC/USDT:USDT,118814.8,17.4531,118814.7,0.9303,118814.9,4.0104,118815.0,0.0819
1753769630177,06:13:50.177,coincatch,BTC/USDT:USDT,118814.8,17.4174,118814.7,0.9303,118814.9,3.9994,118815.0,0.0819
1753769630278,06:13:50.278,coincatch,BTC/USDT:USDT,118814.8,17.4174,118814.7,0.9303,118814.9,3.9994,118815.0,0.0819
1753769630378,06:13:50.378,coincatch,BTC/USDT:USDT,118814.8,17.4132,118814.7,0.9303,118814.9,3.9994,118815.0,0.0819
1753769630513,06:13:50.513,coincatch,BTC/USDT:USDT,118814.8,17.4132,118814.7,0.9303,118814.9,3.9994,118815.0,0.0819
1753769630728,06:13:50.728,coincatch,BTC/USDT:USDT,118814.8,16.9722,118814.7,0.9303,118814.9,3.9944,118815.0,0.0819
1753769631128,06:13:51.128,coincatch,BTC/USDT:USDT,118814.8,13.4127,118814.7,0.9303,118814.9,4.0696,118815.0,0.0819
1753769631263,06:13:51.263,coincatch,BTC/USDT:USDT,118814.8,13.4127,118814.7,0.9303,118814.9,4.0696,118815.0,0.0819
1753769631380,06:13:51.380,coincatch,BTC/USDT:USDT,118814.8,12.8604,118814.7,0.9303,118814.9,3.9461,118815.0,0.0819
1753769631488,06:13:51.488,coincatch,BTC/USDT:USDT,118814.8,12.8604,118814.7,0.9303,118814.9,3.9461,118815.0,0.0819
1753769631604,06:13:51.604,coincatch,BTC/USDT:USDT,118814.8,12.684,118814.7,0.9303,118814.9,3.9446,118815.0,0.0819
1753769631715,06:13:51.715,coincatch,BTC/USDT:USDT,118814.8,12.684,118814.7,0.9303,118814.9,3.9446,118815.0,0.0819
1753769631979,06:13:51.979,coincatch,BTC/USDT:USDT,118814.8,12.6819,118814.7,0.9303,118814.9,3.9451,118815.0,0.0819
1753769632079,06:13:52.079,coincatch,BTC/USDT:USDT,118814.8,12.8478,118814.7,0.9303,118814.9,3.9457,118815.0,0.0819
1753769632232,06:13:52.232,coincatch,BTC/USDT:USDT,118814.8,12.8478,118814.7,0.9303,118814.9,3.9457,118815.0,0.0819
1753769632379,06:13:52.379,coincatch,BTC/USDT:USDT,118814.8,12.8499,118814.7,0.9303,118814.9,3.936,118815.0,0.0819
1753769632493,06:13:52.493,coincatch,BTC/USDT:USDT,118814.8,12.8499,118814.7,0.9303,118814.9,3.936,118815.0,0.0819
1753769632829,06:13:52.829,coincatch,BTC/USDT:USDT,118814.8,7.3752,118814.7,0.2562,118814.9,4.1047,118815.0,0.0903
1753769633081,06:13:53.081,coincatch,BTC/USDT:USDT,118814.8,11.2896,118814.7,0.2583,118814.9,4.0727,118815.0,0.0819
1753769633215,06:13:53.215,coincatch,BTC/USDT:USDT,118814.8,11.2896,118814.7,0.2583,118814.9,4.0727,118815.0,0.0819
1753769633365,06:13:53.365,coincatch,BTC/USDT:USDT,118814.8,11.3946,118814.7,0.2583,118814.9,4.0727,118815.0,0.0819
1753769633516,06:13:53.516,coincatch,BTC/USDT:USDT,118814.8,11.3946,118814.7,0.2583,118814.9,4.0727,118815.0,0.0819
1753769633631,06:13:53.631,coincatch,BTC/USDT:USDT,118814.8,11.1111,118814.7,0.2583,118814.9,4.0727,118815.0,0.0819
1753769633732,06:13:53.732,coincatch,BTC/USDT:USDT,118814.8,11.1111,118814.7,0.2583,118814.9,4.0727,118815.0,0.0819
1753769633832,06:13:53.832,coincatch,BTC/USDT:USDT,118814.8,11.2518,118814.7,0.2583,118814.9,4.0734,118815.0,0.0819
1753769634035,06:13:54.035,coincatch,BTC/USDT:USDT,118814.8,11.3316,118814.7,0.2583,118814.9,3.839,118815.0,0.0819
1753769634182,06:13:54.182,coincatch,BTC/USDT:USDT,118814.8,11.3316,118814.7,0.2583,118814.9,3.839,118815.0,0.0819
1753769634483,06:13:54.483,coincatch,BTC/USDT:USDT,118814.8,11.2476,118814.7,0.2583,118814.9,3.9938,118815.0,0.0819
1753769634635,06:13:54.635,coincatch,BTC/USDT:USDT,118814.8,11.2896,118814.7,0.2583,118814.9,3.8314,118815.0,0.0819
1753769634798,06:13:54.798,coincatch,BTC/USDT:USDT,118814.8,11.4912,118814.7,0.2583,118814.9,3.9889,118815.0,0.2919
1753769635032,06:13:55.032,coincatch,BTC/USDT:USDT,118814.8,11.4828,118814.7,0.2583,118814.9,3.9889,118815.0,0.2919
1753769635134,06:13:55.134,coincatch,BTC/USDT:USDT,118814.8,11.4828,118814.7,0.2583,118814.9,3.9889,118815.0,0.2919
1753769635485,06:13:55.485,coincatch,BTC/USDT:USDT,118814.8,14.5782,118814.7,0.2583,118814.9,3.8071,118815.0,0.2919
1753769635617,06:13:55.617,coincatch,BTC/USDT:USDT,118814.8,15.8424,118814.7,0.2583,118814.9,3.8176,118815.0,0.2919
1753769635732,06:13:55.732,coincatch,BTC/USDT:USDT,118814.8,15.8424,118814.7,0.2583,118814.9,3.8176,118815.0,0.2919
1753769635934,06:13:55.934,coincatch,BTC/USDT:USDT,118814.8,14.595,118814.7,0.2583,118814.9,3.8046,118815.0,0.2919
1753769636234,06:13:56.234,coincatch,BTC/USDT:USDT,118814.8,15.8403,118814.7,0.2583,118814.9,3.8035,118815.0,0.2919
1753769636818,06:13:56.818,coincatch,BTC/USDT:USDT,118819.4,0.01,118819.3,2.6502,118819.5,0.491,118822.1,0.529
1753769636935,06:13:56.935,coincatch,BTC/USDT:USDT,118819.4,0.01,118819.3,2.6502,118819.5,0.491,118822.1,0.529
1753769637249,06:13:57.249,coincatch,BTC/USDT:USDT,118819.4,0.01,118819.3,2.6502,118819.5,0.491,118822.1,0.5284
1753769637385,06:13:57.385,coincatch,BTC/USDT:USDT,118819.4,0.01,118819.3,2.6502,118819.5,0.491,118822.1,0.5284
1753769637535,06:13:57.535,coincatch,BTC/USDT:USDT,118819.4,3.0828,118819.3,2.6502,118819.5,0.491,118822.1,0.4351
1753769637677,06:13:57.677,coincatch,BTC/USDT:USDT,118819.4,3.0828,118819.3,2.6502,118819.5,0.491,118822.1,0.4351
1753769637785,06:13:57.785,coincatch,BTC/USDT:USDT,118819.4,3.0828,118819.3,2.6502,118819.5,0.491,118822.1,0.4341
1753769637885,06:13:57.885,coincatch,BTC/USDT:USDT,118819.4,3.0828,118819.3,2.6502,118819.5,0.491,118822.1,0.4341
1753769637985,06:13:57.985,coincatch,BTC/USDT:USDT,118819.4,3.0828,118819.3,2.6502,118819.5,0.491,118822.1,0.4542
1753769638135,06:13:58.135,coincatch,BTC/USDT:USDT,118819.4,3.0828,118819.3,2.6502,118819.5,0.491,118822.1,0.4542
1753769638336,06:13:58.336,coincatch,BTC/USDT:USDT,118819.4,3.0828,118819.3,2.6502,118819.5,0.491,118822.1,0.4574
1753769638436,06:13:58.436,coincatch,BTC/USDT:USDT,118819.4,3.0828,118819.3,2.6502,118819.5,0.491,118822.1,0.4574
1753769638536,06:13:58.536,coincatch,BTC/USDT:USDT,118819.4,3.0828,118819.1,0.01,118819.5,0.491,118822.1,0.4435
1753769638684,06:13:58.684,coincatch,BTC/USDT:USDT,118819.4,3.0828,118819.1,0.01,118819.5,0.491,118822.1,0.4435
1753769638784,06:13:58.784,coincatch,BTC/USDT:USDT,118819.4,3.0786,118819.1,0.01,118819.5,0.491,118822.1,0.4425
1753769638886,06:13:58.886,coincatch,BTC/USDT:USDT,118819.4,3.0786,118819.1,0.01,118819.5,0.491,118822.1,0.4425
1753769638988,06:13:58.988,coincatch,BTC/USDT:USDT,118819.4,3.0786,118819.1,0.01,118819.5,0.491,118822.1,0.3793
1753769639136,06:13:59.136,coincatch,BTC/USDT:USDT,118819.4,3.0786,118819.1,0.01,118819.5,0.491,118822.1,0.3793
1753769639284,06:13:59.284,coincatch,BTC/USDT:USDT,118819.4,3.0786,118819.1,0.01,118819.5,0.491,118822.1,0.4366
1753769639488,06:13:59.488,coincatch,BTC/USDT:USDT,118819.4,3.0786,118819.1,0.01,118819.5,0.491,118822.1,0.4366
1753769639787,06:13:59.787,coincatch,BTC/USDT:USDT,118819.4,3.0786,118819.1,0.01,118819.5,0.491,118822.1,0.4393
1753769639889,06:13:59.889,coincatch,BTC/USDT:USDT,118819.4,3.0786,118819.1,0.01,118819.5,0.491,118822.1,0.4393
1753769640038,06:14:00.038,coincatch,BTC/USDT:USDT,118819.4,3.0786,118819.1,0.01,118819.5,0.491,118822.1,0.4349
1753769640137,06:14:00.137,coincatch,BTC/USDT:USDT,118819.4,3.0786,118819.1,0.01,118819.5,0.491,118822.1,0.4349
1753769640238,06:14:00.238,coincatch,BTC/USDT:USDT,118819.4,3.0786,118819.1,0.01,118819.5,0.491,118822.1,0.4792
1753769640338,06:14:00.338,coincatch,BTC/USDT:USDT,118819.4,3.0786,118819.1,0.01,118819.5,0.491,118822.1,0.4792
1753769640487,06:14:00.487,coincatch,BTC/USDT:USDT,118819.4,3.0786,118819.1,0.01,118819.5,0.491,118822.1,0.3759
1753769640788,06:14:00.788,coincatch,BTC/USDT:USDT,118819.4,3.0786,118819.1,0.01,118819.5,0.491,118822.1,0.0512
1753769640889,06:14:00.889,coincatch,BTC/USDT:USDT,118819.4,3.0786,118819.1,0.01,118819.5,0.491,118822.1,0.0512
1753769641138,06:14:01.138,coincatch,BTC/USDT:USDT,118819.4,3.0786,118819.1,0.01,118819.5,0.491,118822.1,0.05
1753769641344,06:14:01.344,coincatch,BTC/USDT:USDT,118819.4,3.0786,118819.1,0.01,118819.5,0.491,118822.1,0.0502
1753769641480,06:14:01.480,coincatch,BTC/USDT:USDT,118819.4,3.0786,118819.1,0.01,118819.5,0.491,118822.1,0.0502
1753769641587,06:14:01.587,coincatch,BTC/USDT:USDT,118819.4,3.0786,118819.1,0.01,118819.5,0.491,118822.1,0.0609
1753769641687,06:14:01.687,coincatch,BTC/USDT:USDT,118819.4,3.0786,118819.1,0.01,118819.5,0.491,118822.1,0.0609
1753769641788,06:14:01.788,coincatch,BTC/USDT:USDT,118819.4,3.0786,118819.1,0.01,118819.5,0.491,118822.1,0.3784
1753769641889,06:14:01.889,coincatch,BTC/USDT:USDT,118819.4,3.0786,118819.1,0.01,118819.5,0.491,118822.1,0.3784
1753769642046,06:14:02.046,coincatch,BTC/USDT:USDT,118819.4,3.0786,118819.1,0.01,118819.5,0.491,118822.1,0.4906
1753769642188,06:14:02.188,coincatch,BTC/USDT:USDT,118819.4,3.0786,118819.1,0.01,118819.5,0.491,118822.1,0.4906
1753769642338,06:14:02.338,coincatch,BTC/USDT:USDT,118819.4,3.0786,118819.1,0.01,118819.5,0.491,118822.1,0.5508
1753769642438,06:14:02.438,coincatch,BTC/USDT:USDT,118819.4,3.0786,118819.1,0.01,118819.5,0.491,118822.1,0.5508
1753769642538,06:14:02.538,coincatch,BTC/USDT:USDT,118819.4,3.0786,118819.1,0.01,118819.5,0.491,118822.1,0.3784
1753769642639,06:14:02.639,coincatch,BTC/USDT:USDT,118819.4,3.0786,118819.1,0.01,118819.5,0.491,118822.1,0.3784
1753769642741,06:14:02.741,coincatch,BTC/USDT:USDT,118819.4,3.0786,118819.1,0.01,118819.5,0.491,118822.1,0.0388
1753769642887,06:14:02.887,coincatch,BTC/USDT:USDT,118819.4,3.0786,118819.1,0.01,118819.5,0.491,118822.1,0.0388
1753769642990,06:14:02.990,coincatch,BTC/USDT:USDT,118819.4,3.0786,118819.1,0.01,118819.5,0.491,118822.1,0.3622
1753769643132,06:14:03.132,coincatch,BTC/USDT:USDT,118819.4,3.0786,118819.1,0.01,118819.5,0.491,118822.1,0.3622
1753769643391,06:14:03.391,coincatch,BTC/USDT:USDT,118819.4,3.0786,118819.1,0.01,118819.5,0.491,118822.1,0.5227
1753769643495,06:14:03.495,coincatch,BTC/USDT:USDT,118819.4,3.0786,118819.1,0.01,118819.5,0.491,118822.1,0.4725
1753769643738,06:14:03.738,coincatch,BTC/USDT:USDT,118819.4,3.0786,118819.1,0.01,118819.5,0.491,118822.1,0.4908
1753769643838,06:14:03.838,coincatch,BTC/USDT:USDT,118819.4,3.0786,118819.1,0.01,118819.5,0.491,118822.1,0.4908
1753769644040,06:14:04.040,coincatch,BTC/USDT:USDT,118819.4,3.0786,118819.1,0.01,118819.5,0.491,118822.1,0.4185
1753769644182,06:14:04.182,coincatch,BTC/USDT:USDT,118819.4,3.0786,118819.1,0.01,118819.5,0.491,118822.1,0.4185
1753769644286,06:14:04.286,coincatch,BTC/USDT:USDT,118819.4,3.0786,118819.1,0.01,118819.5,0.491,118822.1,0.4185
1753769644537,06:14:04.537,coincatch,BTC/USDT:USDT,118819.4,3.0786,118819.1,0.01,118819.5,0.491,118822.1,0.4105
1753769644639,06:14:04.639,coincatch,BTC/USDT:USDT,118819.4,3.0786,118819.1,0.01,118819.5,0.491,118822.1,0.4105
1753769644940,06:14:04.940,coincatch,BTC/USDT:USDT,118819.4,3.0786,118819.1,0.01,118819.5,0.491,118822.1,0.4118
1753769645083,06:14:05.083,coincatch,BTC/USDT:USDT,118819.4,3.0786,118819.1,0.01,118819.5,0.491,118822.1,0.4118
1753769645191,06:14:05.191,coincatch,BTC/USDT:USDT,118819.4,3.0786,118819.1,0.01,118819.5,0.491,118822.1,0.4118
1753769645391,06:14:05.391,coincatch,BTC/USDT:USDT,118819.4,3.0786,118819.1,0.01,118819.5,0.491,118822.1,0.3534
1753769645492,06:14:05.492,coincatch,BTC/USDT:USDT,118819.4,3.0786,118819.1,0.01,118819.5,0.491,118822.1,0.0447
1753769645592,06:14:05.592,coincatch,BTC/USDT:USDT,118819.4,3.0786,118819.1,0.01,118819.5,0.491,118822.1,0.0447
1753769645833,06:14:05.833,coincatch,BTC/USDT:USDT,118819.4,3.0786,118819.1,0.01,118819.5,0.491,118822.1,0.0376
1753769646092,06:14:06.092,coincatch,BTC/USDT:USDT,118819.4,3.0786,118819.1,0.01,118819.5,0.491,118822.1,0.0422
1753769646192,06:14:06.192,coincatch,BTC/USDT:USDT,118819.4,3.0786,118819.1,0.01,118819.5,0.491,118822.1,0.0422
1753769646292,06:14:06.292,coincatch,BTC/USDT:USDT,118819.4,3.0786,118819.1,0.01,118819.5,0.491,118822.1,0.0422
1753769646394,06:14:06.394,coincatch,BTC/USDT:USDT,118819.4,3.0786,118819.1,0.01,118819.5,0.491,118822.1,0.0422
1753769646494,06:14:06.494,coincatch,BTC/USDT:USDT,118819.4,3.0786,118819.2,0.525,118819.5,0.491,118822.1,0.0435
1753769646643,06:14:06.643,coincatch,BTC/USDT:USDT,118819.4,3.0786,118819.2,0.525,118819.5,0.491,118822.1,0.0435
1753769646745,06:14:06.745,coincatch,BTC/USDT:USDT,118819.4,3.0786,118819.2,0.525,118819.5,0.491,118822.1,0.0435
1753769646995,06:14:06.995,coincatch,BTC/USDT:USDT,118819.4,3.0786,118819.2,0.525,118819.5,0.491,118822.1,0.0435
1753769647344,06:14:07.344,coincatch,BTC/USDT:USDT,118819.4,3.0786,118819.2,0.525,118819.5,0.491,118822.1,0.0433
1753769647484,06:14:07.484,coincatch,BTC/USDT:USDT,118819.4,3.0786,118819.2,0.525,118819.5,0.491,118822.1,0.0433
1753769647593,06:14:07.593,coincatch,BTC/USDT:USDT,118819.4,3.0786,118819.1,0.01,118819.5,0.491,118822.1,0.0433
1753769647693,06:14:07.693,coincatch,BTC/USDT:USDT,118819.4,3.0786,118819.1,0.01,118819.5,0.491,118822.1,0.0433
1753769647796,06:14:07.796,coincatch,BTC/USDT:USDT,118819.4,3.0786,118819.1,0.01,118819.5,0.491,118822.1,0.0441
1753769647935,06:14:07.935,coincatch,BTC/USDT:USDT,118819.4,3.0786,118819.1,0.01,118819.5,0.491,118822.1,0.0441
1753769648143,06:14:08.143,coincatch,BTC/USDT:USDT,118819.4,3.0786,118819.1,0.01,118819.5,0.491,118822.1,0.0441
1753769648243,06:14:08.243,coincatch,BTC/USDT:USDT,118819.4,3.0786,118819.1,0.01,118819.5,0.491,118822.1,0.0441
1753769648445,06:14:08.445,coincatch,BTC/USDT:USDT,118819.4,3.0786,118819.1,0.01,118819.5,0.491,118822.1,0.0441
1753769648595,06:14:08.595,coincatch,BTC/USDT:USDT,118819.4,3.0786,118819.1,0.01,118819.5,0.491,118822.1,0.0485
1753769648749,06:14:08.749,coincatch,BTC/USDT:USDT,118819.4,3.0786,118819.1,0.01,118819.5,0.491,118822.1,0.0485
1753769648896,06:14:08.896,coincatch,BTC/USDT:USDT,118819.4,3.0786,118819.1,0.01,118819.5,0.491,118822.1,0.0485
1753769649045,06:14:09.045,coincatch,BTC/USDT:USDT,118819.4,3.0786,118819.1,0.01,118819.5,0.491,118822.1,0.4299
1753769649195,06:14:09.195,coincatch,BTC/USDT:USDT,118819.4,3.0786,118819.1,0.01,118819.5,0.491,118822.1,0.4299
1753769649297,06:14:09.297,coincatch,BTC/USDT:USDT,118819.4,3.0786,118819.1,0.01,118819.5,0.491,118822.1,0.4103
1753769649436,06:14:09.436,coincatch,BTC/USDT:USDT,118819.4,3.0786,118819.1,0.01,118819.5,0.491,118822.1,0.4103
1753769649548,06:14:09.548,coincatch,BTC/USDT:USDT,118819.4,3.0786,118819.1,0.01,118819.5,0.491,118822.1,0.4152
1753769649648,06:14:09.648,coincatch,BTC/USDT:USDT,118819.4,3.0786,118819.1,0.01,118819.5,0.491,118822.1,0.4152
1753769649798,06:14:09.798,coincatch,BTC/USDT:USDT,118819.4,3.0786,118819.1,0.01,118819.5,0.491,118822.1,0.4187
1753769649897,06:14:09.897,coincatch,BTC/USDT:USDT,118819.4,3.0786,118819.1,0.01,118819.5,0.491,118822.1,0.4187
1753769650036,06:14:10.036,coincatch,BTC/USDT:USDT,118819.4,3.0786,118819.1,0.01,118819.5,0.491,118822.1,0.3652
1753769650148,06:14:10.148,coincatch,BTC/USDT:USDT,118819.4,3.0786,118819.1,0.01,118819.5,0.491,118822.1,0.3652
1753769650248,06:14:10.248,coincatch,BTC/USDT:USDT,118819.4,3.0786,118819.1,0.01,118819.5,0.491,118822.1,0.3675
1753769650348,06:14:10.348,coincatch,BTC/USDT:USDT,118819.4,3.0786,118819.1,0.01,118819.5,0.491,118822.1,0.3675
1753769650487,06:14:10.487,coincatch,BTC/USDT:USDT,118819.4,3.0786,118819.1,0.01,118819.5,0.491,118822.1,0.3675
1753769650598,06:14:10.598,coincatch,BTC/USDT:USDT,118819.4,3.0786,118819.1,0.01,118819.5,0.491,118822.1,0.3652
1753769650751,06:14:10.751,coincatch,BTC/USDT:USDT,118819.4,3.0786,118819.1,0.01,118819.5,0.491,118822.1,0.4227
1753769650900,06:14:10.900,coincatch,BTC/USDT:USDT,118819.4,3.0786,118819.1,0.01,118819.5,0.491,118822.1,0.4227
1753769651150,06:14:11.150,coincatch,BTC/USDT:USDT,118819.4,3.0786,118819.1,0.01,118819.5,0.491,118822.1,0.4227
1753769651300,06:14:11.300,coincatch,BTC/USDT:USDT,118819.4,3.0786,118819.1,0.01,118819.5,0.491,118822.1,0.0504
1753769651400,06:14:11.400,coincatch,BTC/USDT:USDT,118819.4,3.0786,118819.1,0.01,118819.5,0.491,118822.1,0.0504
1753769651537,06:14:11.537,coincatch,BTC/USDT:USDT,118819.4,3.0786,118819.1,0.01,118819.5,0.491,118822.1,0.0441
1753769651671,06:14:11.671,coincatch,BTC/USDT:USDT,118819.4,3.0786,118819.1,0.01,118819.5,0.491,118822.1,0.0441
1753769651800,06:14:11.800,coincatch,BTC/USDT:USDT,118819.4,3.0786,118819.1,0.01,118819.5,0.491,118822.1,0.0475
1753769651901,06:14:11.901,coincatch,BTC/USDT:USDT,118819.4,3.0786,118819.1,0.01,118819.5,0.491,118822.1,0.0475
1753769652002,06:14:12.002,coincatch,BTC/USDT:USDT,118819.4,3.0786,118819.1,0.01,118819.5,0.491,118822.1,0.0399
1753769652138,06:14:12.138,coincatch,BTC/USDT:USDT,118819.4,3.0786,118819.1,0.01,118819.5,0.491,118822.1,0.0399
1753769652249,06:14:12.249,coincatch,BTC/USDT:USDT,118819.4,3.0786,118819.1,0.01,118819.5,0.491,118825.0,0.0399
1753769652349,06:14:12.349,coincatch,BTC/USDT:USDT,118819.4,3.0786,118819.1,0.01,118819.5,0.491,118825.0,0.0399
1753769652451,06:14:12.451,coincatch,BTC/USDT:USDT,118819.4,3.0786,118819.1,0.01,118819.5,0.491,118825.0,0.0399
1753769652552,06:14:12.552,coincatch,BTC/USDT:USDT,118819.4,3.0786,118819.3,0.01,118819.5,0.491,118825.0,0.5323
1753769652702,06:14:12.702,coincatch,BTC/USDT:USDT,118819.4,3.0786,118819.3,0.01,118819.5,0.491,118825.0,0.5323
1753769652802,06:14:12.802,coincatch,BTC/USDT:USDT,118819.4,3.0786,118819.3,0.01,118819.5,0.491,118825.0,0.5855
1753769652901,06:14:12.901,coincatch,BTC/USDT:USDT,118819.4,3.0786,118819.3,0.01,118819.5,0.491,118825.0,0.5855
1753769653003,06:14:13.003,coincatch,BTC/USDT:USDT,118819.4,3.0786,118819.3,0.01,118819.5,0.491,118825.0,0.5319
1753769653103,06:14:13.103,coincatch,BTC/USDT:USDT,118819.4,3.0786,118819.3,0.01,118819.5,0.491,118825.0,0.5319
1753769653250,06:14:13.250,coincatch,BTC/USDT:USDT,118819.4,3.0786,118819.3,0.01,118819.5,0.491,118825.0,0.2136
1753769653352,06:14:13.352,coincatch,BTC/USDT:USDT,118819.4,3.0786,118819.3,0.01,118819.5,0.491,118825.0,0.2136
1753769653488,06:14:13.488,coincatch,BTC/USDT:USDT,118819.4,3.0786,118819.3,0.01,118819.5,0.491,118825.0,0.2136
1753769653638,06:14:13.638,coincatch,BTC/USDT:USDT,118819.4,3.0786,118819.3,0.01,118819.5,0.491,118825.0,0.2136
1753769653752,06:14:13.752,coincatch,BTC/USDT:USDT,118819.4,3.0786,118819.3,0.01,118819.5,0.491,118825.0,0.5365
1753769653852,06:14:13.852,coincatch,BTC/USDT:USDT,118819.4,3.0786,118819.3,0.01,118819.5,0.491,118825.0,0.5365
1753769653953,06:14:13.953,coincatch,BTC/USDT:USDT,118819.4,3.0786,118819.3,0.01,118819.5,0.491,118825.0,0.5365
1753769654189,06:14:14.189,coincatch,BTC/USDT:USDT,118819.4,3.0786,118819.3,0.01,118819.5,0.491,118825.0,0.5351
1753769654303,06:14:14.303,coincatch,BTC/USDT:USDT,118819.4,3.0786,118819.3,0.01,118819.5,0.491,118825.0,0.5773
1753769654455,06:14:14.455,coincatch,BTC/USDT:USDT,118819.4,3.0786,118819.3,0.01,118819.5,0.491,118825.0,0.5773
1753769654603,06:14:14.603,coincatch,BTC/USDT:USDT,118819.4,3.0786,118819.3,0.01,118819.5,0.491,118825.0,0.5836
1753769654754,06:14:14.754,coincatch,BTC/USDT:USDT,118819.4,3.0786,118819.3,0.01,118819.5,0.491,118825.0,0.6107
1753769654855,06:14:14.855,coincatch,BTC/USDT:USDT,118819.4,3.0786,118819.3,0.01,118819.5,0.491,118825.0,0.6107
1753769654990,06:14:14.990,coincatch,BTC/USDT:USDT,118819.4,3.0786,118819.3,0.01,118819.5,0.491,118825.0,0.6684
1753769655103,06:14:15.103,coincatch,BTC/USDT:USDT,118819.4,3.0786,118819.3,0.01,118819.5,0.491,118825.0,0.6684
1753769655204,06:14:15.204,coincatch,BTC/USDT:USDT,118819.4,3.0786,118819.3,0.01,118819.5,0.491,118825.0,0.5785
1753769655305,06:14:15.305,coincatch,BTC/USDT:USDT,118819.4,3.0786,118819.3,0.01,118819.5,0.491,118825.0,0.5785
1753769655406,06:14:15.406,coincatch,BTC/USDT:USDT,118819.4,3.0786,118819.3,0.01,118819.5,0.491,118825.0,0.5785
1753769655552,06:14:15.552,coincatch,BTC/USDT:USDT,118819.4,3.0786,118819.3,0.01,118819.5,0.491,118825.0,0.6812
1753769655653,06:14:15.653,coincatch,BTC/USDT:USDT,118819.4,3.0786,118819.3,0.01,118819.5,0.491,118825.0,0.6812
1753769655756,06:14:15.756,coincatch,BTC/USDT:USDT,118819.4,3.0786,118819.3,0.01,118819.5,0.491,118825.0,0.6031
1753769656010,06:14:16.010,coincatch,BTC/USDT:USDT,118819.4,3.0786,118819.3,0.01,118819.5,0.491,118825.0,0.5727
1753769656155,06:14:16.155,coincatch,BTC/USDT:USDT,118819.4,3.0786,118819.3,0.01,118819.5,0.491,118825.0,0.5727
1753769656306,06:14:16.306,coincatch,BTC/USDT:USDT,118819.4,3.0786,118819.3,0.01,118819.5,0.491,118825.0,1.0046
1753769656454,06:14:16.454,coincatch,BTC/USDT:USDT,118819.4,3.0786,118819.3,0.01,118819.5,0.491,118825.0,1.0164
1753769656555,06:14:16.555,coincatch,BTC/USDT:USDT,118819.4,3.0786,118819.3,0.01,118819.5,0.491,118825.0,1.0164
1753769656654,06:14:16.654,coincatch,BTC/USDT:USDT,118819.4,3.0786,118819.3,0.01,118819.5,0.491,118825.0,1.0164
1753769656756,06:14:16.756,coincatch,BTC/USDT:USDT,118819.4,3.0786,118819.3,0.01,118819.5,0.491,118825.0,0.9038
1753769656899,06:14:16.899,coincatch,BTC/USDT:USDT,118819.4,3.0786,118819.3,0.01,118819.5,0.491,118825.0,0.9038
1753769657004,06:14:17.004,coincatch,BTC/USDT:USDT,118819.4,3.0786,118819.3,0.01,118819.5,0.491,118825.0,0.8137
