timestamp,time,exchange,symbol,bid1_price,bid1_volume,bid2_price,bid2_volume,ask1_price,ask1_volume,ask2_price,ask2_volume
1753769526371,06:12:06.371,bybit,SOL/USDT:USDT,184.66,484.8,184.65,806.9,184.67,123.6,184.68,1.5
1753769526572,06:12:06.572,bybit,SOL/USDT:USDT,184.67,1315.3,184.66,708.0,184.68,1.3,184.69,1.5
1753769526671,06:12:06.671,bybit,SOL/USDT:USDT,184.67,1295.3,184.66,655.6,184.68,1.3,184.69,1.5
1753769526771,06:12:06.771,bybit,SOL/USDT:USDT,184.67,1295.3,184.66,690.2,184.68,1.3,184.69,209.7
1753769526871,06:12:06.871,bybit,SOL/USDT:USDT,184.67,1396.5,184.66,609.0,184.68,1.3,184.69,209.7
1753769526971,06:12:06.971,bybit,SOL/USDT:USDT,184.67,1296.3,184.66,671.0,184.68,1.3,184.69,209.7
1753769527171,06:12:07.171,bybit,SOL/USDT:USDT,184.67,1220.3,184.66,652.8,184.68,1.2,184.69,209.7
1753769527273,06:12:07.273,bybit,SOL/USDT:USDT,184.67,1220.3,184.66,654.6,184.68,1.1,184.69,209.7
1753769527372,06:12:07.372,bybit,SOL/USDT:USDT,184.67,1220.3,184.66,678.2,184.68,1.1,184.69,209.7
1753769527471,06:12:07.471,bybit,SOL/USDT:USDT,184.67,1220.3,184.66,660.0,184.68,1.1,184.69,209.7
1753769527571,06:12:07.571,bybit,SOL/USDT:USDT,184.67,1229.2,184.66,658.2,184.68,1.1,184.69,209.7
1753769527772,06:12:07.772,bybit,SOL/USDT:USDT,184.7,188.1,184.69,408.2,184.71,254.9,184.72,376.0
1753769527872,06:12:07.872,bybit,SOL/USDT:USDT,184.7,131.9,184.69,431.4,184.71,179.9,184.72,403.5
1753769528172,06:12:08.172,bybit,SOL/USDT:USDT,184.7,54.5,184.69,192.0,184.71,255.0,184.72,528.0
1753769528271,06:12:08.271,bybit,SOL/USDT:USDT,184.7,54.0,184.69,197.4,184.71,179.2,184.72,526.1
1753769528371,06:12:08.371,bybit,SOL/USDT:USDT,184.7,33.7,184.69,186.6,184.71,319.7,184.72,565.7
1753769528571,06:12:08.571,bybit,SOL/USDT:USDT,184.7,8.2,184.69,175.8,184.71,640.6,184.72,566.2
1753769528672,06:12:08.672,bybit,SOL/USDT:USDT,184.7,13.4,184.69,77.8,184.71,601.0,184.72,566.2
1753769528771,06:12:08.771,bybit,SOL/USDT:USDT,184.7,13.4,184.69,77.8,184.71,641.6,184.72,566.9
1753769528872,06:12:08.872,bybit,SOL/USDT:USDT,184.69,5.4,184.68,22.5,184.7,809.0,184.71,1203.7
1753769528971,06:12:08.971,bybit,SOL/USDT:USDT,184.69,33.7,184.68,47.2,184.7,769.2,184.71,1164.7
1753769529071,06:12:09.071,bybit,SOL/USDT:USDT,184.69,16.2,184.68,1.1,184.7,680.9,184.71,1125.1
1753769529171,06:12:09.171,bybit,SOL/USDT:USDT,184.69,34.2,184.68,47.2,184.7,390.8,184.71,1060.2
1753769529274,06:12:09.274,bybit,SOL/USDT:USDT,184.69,34.2,184.68,47.2,184.7,391.6,184.71,1060.4
1753769529372,06:12:09.372,bybit,SOL/USDT:USDT,184.69,0.7,184.68,47.2,184.7,391.6,184.71,1139.4
1753769530071,06:12:10.071,bybit,SOL/USDT:USDT,184.69,0.2,184.68,1.1,184.7,396.4,184.71,1099.2
1753769530171,06:12:10.171,bybit,SOL/USDT:USDT,184.69,0.2,184.68,1.1,184.7,395.6,184.71,1059.6
1753769530272,06:12:10.272,bybit,SOL/USDT:USDT,184.69,0.2,184.68,1.1,184.7,398.5,184.71,1139.2
1753769530372,06:12:10.372,bybit,SOL/USDT:USDT,184.69,2.2,184.68,1.1,184.7,398.5,184.71,1139.2
1753769530471,06:12:10.471,bybit,SOL/USDT:USDT,184.69,2.2,184.68,47.2,184.7,398.5,184.71,1060.0
1753769530571,06:12:10.571,bybit,SOL/USDT:USDT,184.69,2.7,184.68,47.2,184.7,398.5,184.71,1060.0
1753769530671,06:12:10.671,bybit,SOL/USDT:USDT,184.69,258.6,184.68,265.4,184.7,11.9,184.71,824.2
1753769531171,06:12:11.171,bybit,SOL/USDT:USDT,184.7,1180.5,184.69,616.8,184.71,729.7,184.72,2.2
1753769531572,06:12:11.572,bybit,SOL/USDT:USDT,184.7,1246.8,184.69,692.4,184.71,724.3,184.72,2.2
1753769531672,06:12:11.672,bybit,SOL/USDT:USDT,184.7,1286.4,184.69,692.4,184.71,724.3,184.72,2.2
1753769531871,06:12:11.871,bybit,SOL/USDT:USDT,184.7,1210.8,184.69,773.6,184.71,724.3,184.72,2.2
1753769531971,06:12:11.971,bybit,SOL/USDT:USDT,184.7,1210.0,184.69,616.8,184.71,724.3,184.72,2.2
1753769532072,06:12:12.072,bybit,SOL/USDT:USDT,184.7,1210.0,184.69,616.8,184.71,724.3,184.72,2.2
1753769532171,06:12:12.171,bybit,SOL/USDT:USDT,184.7,1210.0,184.69,613.5,184.71,724.3,184.72,2.2
1753769532271,06:12:12.271,bybit,SOL/USDT:USDT,184.7,506.1,184.69,595.1,184.71,724.3,184.72,2.2
1753769532372,06:12:12.372,bybit,SOL/USDT:USDT,184.7,508.7,184.69,474.5,184.71,719.9,184.72,2.2
1753769532471,06:12:12.471,bybit,SOL/USDT:USDT,184.7,156.4,184.69,424.8,184.71,741.1,184.72,29.4
1753769532571,06:12:12.571,bybit,SOL/USDT:USDT,184.7,156.8,184.69,414.0,184.71,741.1,184.72,29.4
1753769532671,06:12:12.671,bybit,SOL/USDT:USDT,184.7,102.4,184.69,408.6,184.71,841.1,184.72,29.4
1753769532771,06:12:12.771,bybit,SOL/USDT:USDT,184.7,74.9,184.69,430.7,184.71,841.1,184.72,12.3
1753769533571,06:12:13.571,bybit,SOL/USDT:USDT,184.7,212.1,184.69,448.7,184.71,740.5,184.72,2.2
1753769533671,06:12:13.671,bybit,SOL/USDT:USDT,184.7,212.1,184.69,448.7,184.71,740.5,184.72,2.2
1753769533772,06:12:13.772,bybit,SOL/USDT:USDT,184.7,272.9,184.69,483.3,184.71,740.5,184.72,2.2
1753769533871,06:12:13.871,bybit,SOL/USDT:USDT,184.7,287.5,184.69,562.3,184.71,740.5,184.72,2.2
1753769533972,06:12:13.972,bybit,SOL/USDT:USDT,184.7,287.5,184.69,562.3,184.71,742.0,184.72,2.2
1753769534071,06:12:14.071,bybit,SOL/USDT:USDT,184.7,307.8,184.69,562.3,184.71,742.0,184.72,2.2
1753769534171,06:12:14.171,bybit,SOL/USDT:USDT,184.7,307.8,184.69,602.3,184.71,742.0,184.72,2.2
1753769534271,06:12:14.271,bybit,SOL/USDT:USDT,184.7,307.8,184.69,567.7,184.71,742.0,184.72,2.2
1753769534372,06:12:14.372,bybit,SOL/USDT:USDT,184.7,307.8,184.69,567.7,184.71,742.0,184.72,2.2
1753769534471,06:12:14.471,bybit,SOL/USDT:USDT,184.7,307.8,184.69,567.7,184.71,742.0,184.72,2.2
1753769534571,06:12:14.571,bybit,SOL/USDT:USDT,184.7,296.2,184.69,506.0,184.71,750.6,184.72,2.2
1753769535171,06:12:15.171,bybit,SOL/USDT:USDT,184.7,206.2,184.69,498.8,184.71,719.8,184.72,36.2
1753769535271,06:12:15.271,bybit,SOL/USDT:USDT,184.7,206.2,184.69,498.8,184.71,719.8,184.72,36.2
1753769535372,06:12:15.372,bybit,SOL/USDT:USDT,184.71,418.4,184.7,593.3,184.72,0.1,184.73,118.9
1753769535473,06:12:15.473,bybit,SOL/USDT:USDT,184.72,459.9,184.71,340.9,184.73,0.1,184.74,55.1
1753769535571,06:12:15.571,bybit,SOL/USDT:USDT,184.72,529.5,184.71,340.9,184.73,11.4,184.74,54.9
1753769535672,06:12:15.672,bybit,SOL/USDT:USDT,184.72,457.5,184.71,340.9,184.73,11.4,184.74,54.9
1753769535871,06:12:15.871,bybit,SOL/USDT:USDT,184.72,458.5,184.71,340.7,184.73,73.4,184.74,124.7
1753769535971,06:12:15.971,bybit,SOL/USDT:USDT,184.72,458.5,184.71,340.7,184.73,73.4,184.74,124.8
1753769536072,06:12:16.072,bybit,SOL/USDT:USDT,184.72,456.9,184.71,336.5,184.73,73.4,184.74,124.8
1753769536172,06:12:16.172,bybit,SOL/USDT:USDT,184.72,456.9,184.71,336.5,184.73,66.5,184.74,105.6
1753769536271,06:12:16.271,bybit,SOL/USDT:USDT,184.72,454.3,184.71,336.5,184.73,73.6,184.74,105.6
1753769536371,06:12:16.371,bybit,SOL/USDT:USDT,184.72,454.3,184.71,336.5,184.73,73.6,184.74,105.6
1753769536472,06:12:16.472,bybit,SOL/USDT:USDT,184.72,454.3,184.71,336.5,184.73,73.6,184.74,55.0
1753769536572,06:12:16.572,bybit,SOL/USDT:USDT,184.72,454.3,184.71,336.5,184.73,84.4,184.74,55.0
1753769536671,06:12:16.671,bybit,SOL/USDT:USDT,184.72,454.3,184.71,336.5,184.73,84.4,184.74,55.0
1753769536771,06:12:16.771,bybit,SOL/USDT:USDT,184.72,449.5,184.71,336.5,184.73,73.8,184.74,55.0
1753769536871,06:12:16.871,bybit,SOL/USDT:USDT,184.72,451.3,184.71,336.5,184.73,66.9,184.74,106.9
1753769536971,06:12:16.971,bybit,SOL/USDT:USDT,184.72,451.3,184.71,364.0,184.73,66.9,184.74,106.9
1753769538071,06:12:18.071,bybit,SOL/USDT:USDT,184.74,45.4,184.73,152.1,184.75,358.3,184.76,116.5
1753769538171,06:12:18.171,bybit,SOL/USDT:USDT,184.74,45.4,184.73,150.3,184.75,458.3,184.76,128.1
1753769538272,06:12:18.272,bybit,SOL/USDT:USDT,184.74,45.4,184.73,152.1,184.75,458.3,184.76,128.1
1753769538372,06:12:18.372,bybit,SOL/USDT:USDT,184.74,34.7,184.73,134.9,184.75,458.4,184.76,127.9
1753769538471,06:12:18.471,bybit,SOL/USDT:USDT,184.74,34.7,184.73,134.9,184.75,533.4,184.76,127.9
1753769538571,06:12:18.571,bybit,SOL/USDT:USDT,184.74,45.4,184.73,206.9,184.75,534.4,184.76,202.9
1753769538671,06:12:18.671,bybit,SOL/USDT:USDT,184.74,30.5,184.73,205.1,184.75,535.2,184.76,203.6
1753769538772,06:12:18.772,bybit,SOL/USDT:USDT,184.73,27.8,184.72,13.7,184.74,900.8,184.75,830.1
1753769538872,06:12:18.872,bybit,SOL/USDT:USDT,184.73,27.5,184.72,13.7,184.74,915.9,184.75,831.0
1753769539071,06:12:19.071,bybit,SOL/USDT:USDT,184.72,57.0,184.71,102.3,184.73,688.3,184.74,708.9
1753769539171,06:12:19.171,bybit,SOL/USDT:USDT,184.72,226.7,184.71,107.7,184.73,354.9,184.74,588.1
1753769539273,06:12:19.273,bybit,SOL/USDT:USDT,184.72,226.6,184.71,134.7,184.73,354.9,184.74,588.0
1753769539471,06:12:19.471,bybit,SOL/USDT:USDT,184.72,524.4,184.71,415.1,184.73,287.1,184.74,0.1
1753769539572,06:12:19.572,bybit,SOL/USDT:USDT,184.72,616.7,184.71,496.2,184.73,287.0,184.74,0.1
1753769539671,06:12:19.671,bybit,SOL/USDT:USDT,184.72,577.3,184.71,441.6,184.73,287.0,184.74,0.1
1753769539772,06:12:19.772,bybit,SOL/USDT:USDT,184.72,539.5,184.71,402.1,184.73,287.0,184.74,0.1
1753769540572,06:12:20.572,bybit,SOL/USDT:USDT,184.72,797.5,184.71,441.5,184.73,286.0,184.74,0.1
1753769541071,06:12:21.071,bybit,SOL/USDT:USDT,184.72,632.9,184.71,483.2,184.73,183.3,184.74,0.1
1753769541171,06:12:21.171,bybit,SOL/USDT:USDT,184.72,601.8,184.71,405.5,184.73,183.3,184.74,0.1
1753769541371,06:12:21.371,bybit,SOL/USDT:USDT,184.72,756.2,184.71,414.8,184.73,183.3,184.74,0.1
1753769541472,06:12:21.472,bybit,SOL/USDT:USDT,184.72,720.8,184.71,413.0,184.73,183.3,184.74,0.1
1753769541571,06:12:21.571,bybit,SOL/USDT:USDT,184.72,610.5,184.71,416.4,184.73,183.3,184.74,0.1
1753769541671,06:12:21.671,bybit,SOL/USDT:USDT,184.72,602.8,184.71,451.8,184.73,183.3,184.74,0.1
1753769541871,06:12:21.871,bybit,SOL/USDT:USDT,184.72,813.0,184.71,476.5,184.73,183.3,184.74,0.1
1753769541971,06:12:21.971,bybit,SOL/USDT:USDT,184.72,776.1,184.71,476.5,184.73,183.3,184.74,0.1
1753769542072,06:12:22.072,bybit,SOL/USDT:USDT,184.72,601.9,184.71,484.4,184.73,183.3,184.74,46.2
1753769542671,06:12:22.671,bybit,SOL/USDT:USDT,184.72,30.3,184.71,103.1,184.73,235.0,184.74,121.2
1753769542772,06:12:22.772,bybit,SOL/USDT:USDT,184.72,30.3,184.71,176.7,184.73,139.0,184.74,193.6
1753769542872,06:12:22.872,bybit,SOL/USDT:USDT,184.72,85.5,184.71,176.7,184.73,74.7,184.74,193.6
1753769542971,06:12:22.971,bybit,SOL/USDT:USDT,184.72,85.5,184.71,176.7,184.73,72.9,184.74,193.6
1753769543071,06:12:23.071,bybit,SOL/USDT:USDT,184.72,149.2,184.71,249.0,184.73,68.6,184.74,121.2
1753769543171,06:12:23.171,bybit,SOL/USDT:USDT,184.72,375.3,184.71,376.3,184.73,5.0,184.74,46.2
1753769543371,06:12:23.371,bybit,SOL/USDT:USDT,184.72,275.8,184.71,304.0,184.73,68.6,184.74,46.2
1753769543971,06:12:23.971,bybit,SOL/USDT:USDT,184.72,99.8,184.71,339.4,184.73,68.6,184.74,46.2
1753769544071,06:12:24.071,bybit,SOL/USDT:USDT,184.72,99.8,184.71,339.4,184.73,52.4,184.74,46.2
1753769544272,06:12:24.272,bybit,SOL/USDT:USDT,184.72,374.2,184.71,339.4,184.73,55.5,184.74,46.2
1753769544371,06:12:24.371,bybit,SOL/USDT:USDT,184.72,376.8,184.71,339.4,184.73,6.2,184.74,46.2
1753769544471,06:12:24.471,bybit,SOL/USDT:USDT,184.72,374.2,184.71,312.8,184.73,6.2,184.74,46.2
1753769544571,06:12:24.571,bybit,SOL/USDT:USDT,184.72,265.2,184.71,312.8,184.73,23.7,184.74,46.2
1753769544671,06:12:24.671,bybit,SOL/USDT:USDT,184.72,365.2,184.71,346.6,184.73,69.8,184.74,46.2
1753769544771,06:12:24.771,bybit,SOL/USDT:USDT,184.72,365.2,184.71,346.6,184.73,69.8,184.74,100.2
1753769544871,06:12:24.871,bybit,SOL/USDT:USDT,184.72,365.2,184.71,346.6,184.73,69.8,184.74,100.2
1753769544971,06:12:24.971,bybit,SOL/USDT:USDT,184.72,365.2,184.71,346.6,184.73,69.8,184.74,100.2
1753769545072,06:12:25.072,bybit,SOL/USDT:USDT,184.72,369.6,184.71,348.4,184.73,6.2,184.74,46.2
1753769545171,06:12:25.171,bybit,SOL/USDT:USDT,184.72,369.6,184.71,348.4,184.73,6.2,184.74,46.2
1753769545271,06:12:25.271,bybit,SOL/USDT:USDT,184.72,437.0,184.71,348.4,184.73,6.2,184.74,0.1
1753769545371,06:12:25.371,bybit,SOL/USDT:USDT,184.72,436.8,184.71,381.8,184.73,6.2,184.74,46.2
1753769545471,06:12:25.471,bybit,SOL/USDT:USDT,184.72,403.2,184.71,346.6,184.73,14.5,184.74,46.2
1753769545571,06:12:25.571,bybit,SOL/USDT:USDT,184.72,408.0,184.71,346.6,184.73,14.5,184.74,46.2
1753769545671,06:12:25.671,bybit,SOL/USDT:USDT,184.72,408.0,184.71,346.6,184.73,14.5,184.74,46.2
1753769545772,06:12:25.772,bybit,SOL/USDT:USDT,184.72,408.0,184.71,346.6,184.73,14.5,184.74,46.2
1753769545872,06:12:25.872,bybit,SOL/USDT:USDT,184.72,408.0,184.71,346.6,184.73,14.5,184.74,46.2
1753769545971,06:12:25.971,bybit,SOL/USDT:USDT,184.72,403.6,184.71,312.8,184.73,78.1,184.74,46.2
1753769546972,06:12:26.972,bybit,SOL/USDT:USDT,184.72,10.9,184.71,76.2,184.73,277.4,184.74,321.3
1753769547472,06:12:27.472,bybit,SOL/USDT:USDT,184.72,10.9,184.71,72.5,184.73,367.4,184.74,353.6
1753769547571,06:12:27.571,bybit,SOL/USDT:USDT,184.72,10.9,184.71,0.5,184.73,367.4,184.74,353.6
1753769547772,06:12:27.772,bybit,SOL/USDT:USDT,184.72,10.9,184.71,72.5,184.73,263.5,184.74,321.3
1753769547972,06:12:27.972,bybit,SOL/USDT:USDT,184.72,20.9,184.71,72.5,184.73,363.5,184.74,321.3
1753769548571,06:12:28.571,bybit,SOL/USDT:USDT,184.72,21.1,184.71,72.5,184.73,322.8,184.74,321.7
1753769548971,06:12:28.971,bybit,SOL/USDT:USDT,184.72,21.1,184.71,0.5,184.73,323.4,184.74,321.7
1753769549072,06:12:29.072,bybit,SOL/USDT:USDT,184.72,21.1,184.71,72.5,184.73,218.9,184.74,321.7
1753769549172,06:12:29.172,bybit,SOL/USDT:USDT,184.7,50.0,184.69,303.1,184.71,179.3,184.72,571.5
1753769550271,06:12:30.271,bybit,SOL/USDT:USDT,184.7,28.9,184.69,47.1,184.71,431.7,184.72,659.5
1753769550871,06:12:30.871,bybit,SOL/USDT:USDT,184.7,97.5,184.69,46.6,184.71,269.8,184.72,659.9
1753769552472,06:12:32.472,bybit,SOL/USDT:USDT,184.74,1376.7,184.73,922.0,184.75,0.1,184.76,4.9
1753769552571,06:12:32.571,bybit,SOL/USDT:USDT,184.74,1198.3,184.73,1003.1,184.75,0.1,184.76,4.9
1753769553172,06:12:33.172,bybit,SOL/USDT:USDT,184.76,409.6,184.75,388.5,184.77,8.1,184.78,127.7
1753769553271,06:12:33.271,bybit,SOL/USDT:USDT,184.76,407.8,184.75,682.6,184.77,5.5,184.78,127.7
1753769553771,06:12:33.771,bybit,SOL/USDT:USDT,184.76,415.4,184.75,844.7,184.77,303.3,184.78,0.2
1753769553871,06:12:33.871,bybit,SOL/USDT:USDT,184.76,389.9,184.75,855.5,184.77,303.3,184.78,0.2
1753769553971,06:12:33.971,bybit,SOL/USDT:USDT,184.76,481.3,184.75,914.3,184.77,303.3,184.78,0.2
1753769554071,06:12:34.071,bybit,SOL/USDT:USDT,184.76,481.3,184.75,903.5,184.77,303.3,184.78,0.2
1753769554172,06:12:34.172,bybit,SOL/USDT:USDT,184.76,504.7,184.75,903.5,184.77,303.3,184.78,0.2
1753769554271,06:12:34.271,bybit,SOL/USDT:USDT,184.76,479.5,184.75,903.5,184.77,303.3,184.78,0.2
1753769554371,06:12:34.371,bybit,SOL/USDT:USDT,184.76,505.0,184.75,903.5,184.77,303.3,184.78,0.2
1753769554571,06:12:34.571,bybit,SOL/USDT:USDT,184.76,493.3,184.75,880.1,184.77,303.3,184.78,0.2
1753769554871,06:12:34.871,bybit,SOL/USDT:USDT,184.76,420.2,184.75,860.2,184.77,334.2,184.78,0.2
1753769554972,06:12:34.972,bybit,SOL/USDT:USDT,184.76,345.1,184.75,781.2,184.77,334.2,184.78,0.2
1753769555071,06:12:35.071,bybit,SOL/USDT:USDT,184.76,300.4,184.75,813.6,184.77,334.2,184.78,0.2
1753769555172,06:12:35.172,bybit,SOL/USDT:USDT,184.76,213.1,184.75,781.2,184.77,334.2,184.78,39.0
1753769555271,06:12:35.271,bybit,SOL/USDT:USDT,184.76,213.1,184.75,781.2,184.77,334.2,184.78,39.0
1753769555371,06:12:35.371,bybit,SOL/USDT:USDT,184.76,213.1,184.75,706.2,184.77,334.2,184.78,39.0
1753769555471,06:12:35.471,bybit,SOL/USDT:USDT,184.76,74.9,184.75,705.2,184.77,334.3,184.78,63.2
1753769555571,06:12:35.571,bybit,SOL/USDT:USDT,184.76,41.0,184.75,609.4,184.77,382.0,184.78,148.8
1753769555971,06:12:35.971,bybit,SOL/USDT:USDT,184.76,217.2,184.75,634.6,184.77,334.4,184.78,0.2
1753769556071,06:12:36.071,bybit,SOL/USDT:USDT,184.76,251.1,184.75,658.8,184.77,334.4,184.78,0.2
1753769556172,06:12:36.172,bybit,SOL/USDT:USDT,184.76,253.7,184.75,676.6,184.77,334.4,184.78,0.2
1753769556272,06:12:36.272,bybit,SOL/USDT:USDT,184.76,230.3,184.75,611.2,184.77,334.4,184.78,0.2
1753769557172,06:12:37.172,bybit,SOL/USDT:USDT,184.76,255.3,184.75,634.6,184.77,334.6,184.78,52.3
1753769557273,06:12:37.273,bybit,SOL/USDT:USDT,184.76,279.3,184.75,611.2,184.77,334.6,184.78,52.3
1753769557771,06:12:37.771,bybit,SOL/USDT:USDT,184.76,289.8,184.75,611.2,184.77,334.8,184.78,52.3
1753769557972,06:12:37.972,bybit,SOL/USDT:USDT,184.76,289.8,184.75,611.2,184.77,334.8,184.78,52.3
1753769558071,06:12:38.071,bybit,SOL/USDT:USDT,184.76,289.8,184.75,611.2,184.77,334.8,184.78,52.3
1753769558171,06:12:38.171,bybit,SOL/USDT:USDT,184.76,289.8,184.75,611.2,184.77,334.8,184.78,76.5
1753769558271,06:12:38.271,bybit,SOL/USDT:USDT,184.76,289.8,184.75,611.2,184.77,334.8,184.78,52.3
1753769558371,06:12:38.371,bybit,SOL/USDT:USDT,184.76,289.8,184.75,611.2,184.77,334.8,184.78,0.4
1753769558471,06:12:38.471,bybit,SOL/USDT:USDT,184.76,280.9,184.75,611.2,184.77,334.8,184.78,24.6
1753769558571,06:12:38.571,bybit,SOL/USDT:USDT,184.76,281.1,184.75,611.2,184.77,334.8,184.78,0.4
1753769558671,06:12:38.671,bybit,SOL/USDT:USDT,184.76,281.1,184.75,611.2,184.77,334.8,184.78,0.4
1753769558771,06:12:38.771,bybit,SOL/USDT:USDT,184.76,294.2,184.75,611.2,184.77,331.1,184.78,0.4
1753769558871,06:12:38.871,bybit,SOL/USDT:USDT,184.76,314.4,184.75,651.5,184.77,331.1,184.78,0.4
1753769558971,06:12:38.971,bybit,SOL/USDT:USDT,184.76,314.4,184.75,674.8,184.77,331.1,184.78,0.4
1753769559071,06:12:39.071,bybit,SOL/USDT:USDT,184.76,314.7,184.75,674.8,184.77,331.1,184.78,0.4
1753769559171,06:12:39.171,bybit,SOL/USDT:USDT,184.76,353.7,184.75,674.8,184.77,331.1,184.78,0.4
1753769559271,06:12:39.271,bybit,SOL/USDT:USDT,184.76,331.2,184.75,633.7,184.77,331.1,184.78,0.4
1753769559371,06:12:39.371,bybit,SOL/USDT:USDT,184.76,256.9,184.75,243.3,184.77,343.1,184.78,65.1
1753769559471,06:12:39.471,bybit,SOL/USDT:USDT,184.76,283.5,184.75,290.9,184.77,343.1,184.78,0.4
1753769559571,06:12:39.571,bybit,SOL/USDT:USDT,184.76,317.5,184.75,308.7,184.77,331.1,184.78,0.4
1753769559672,06:12:39.672,bybit,SOL/USDT:USDT,184.76,294.0,184.75,308.7,184.77,331.1,184.78,0.4
1753769559772,06:12:39.772,bybit,SOL/USDT:USDT,184.76,294.0,184.75,267.6,184.77,331.1,184.78,0.4
1753769559871,06:12:39.871,bybit,SOL/USDT:USDT,184.76,294.2,184.75,267.6,184.77,331.1,184.78,0.4
1753769559971,06:12:39.971,bybit,SOL/USDT:USDT,184.76,294.2,184.75,290.9,184.77,331.1,184.78,0.4
1753769560072,06:12:40.072,bybit,SOL/USDT:USDT,184.76,366.2,184.75,607.3,184.77,282.0,184.78,0.4
1753769560171,06:12:40.171,bybit,SOL/USDT:USDT,184.76,366.2,184.75,607.3,184.77,282.0,184.78,0.4
1753769560272,06:12:40.272,bybit,SOL/USDT:USDT,184.76,386.4,184.75,584.0,184.77,282.0,184.78,0.4
1753769560371,06:12:40.371,bybit,SOL/USDT:USDT,184.76,314.7,184.75,561.5,184.77,282.0,184.78,0.4
1753769560471,06:12:40.471,bybit,SOL/USDT:USDT,184.76,294.2,184.75,565.9,184.77,282.0,184.78,0.4
1753769560572,06:12:40.572,bybit,SOL/USDT:USDT,184.76,344.1,184.75,588.8,184.77,282.0,184.78,0.4
1753769560671,06:12:40.671,bybit,SOL/USDT:USDT,184.76,343.8,184.75,588.8,184.77,282.0,184.78,0.4
1753769560771,06:12:40.771,bybit,SOL/USDT:USDT,184.76,364.0,184.75,610.4,184.77,282.0,184.78,0.4
1753769560871,06:12:40.871,bybit,SOL/USDT:USDT,184.76,405.4,184.75,606.8,184.77,282.0,184.78,0.4
1753769560971,06:12:40.971,bybit,SOL/USDT:USDT,184.76,401.6,184.75,588.8,184.77,282.0,184.78,0.4
1753769561071,06:12:41.071,bybit,SOL/USDT:USDT,184.76,401.6,184.75,565.9,184.77,282.0,184.78,0.4
1753769561171,06:12:41.171,bybit,SOL/USDT:USDT,184.76,379.4,184.75,594.7,184.77,282.0,184.78,0.4
1753769561272,06:12:41.272,bybit,SOL/USDT:USDT,184.76,371.7,184.75,570.7,184.77,316.6,184.78,0.4
1753769561371,06:12:41.371,bybit,SOL/USDT:USDT,184.76,374.3,184.75,543.7,184.77,316.6,184.78,0.4
1753769561471,06:12:41.471,bybit,SOL/USDT:USDT,184.76,379.1,184.75,543.7,184.77,316.6,184.78,0.4
1753769561571,06:12:41.571,bybit,SOL/USDT:USDT,184.76,379.4,184.75,545.5,184.77,316.6,184.78,0.4
1753769561671,06:12:41.671,bybit,SOL/USDT:USDT,184.76,384.4,184.75,567.7,184.77,316.6,184.78,0.4
1753769561771,06:12:41.771,bybit,SOL/USDT:USDT,184.76,384.1,184.75,603.7,184.77,317.6,184.78,0.4
1753769561871,06:12:41.871,bybit,SOL/USDT:USDT,184.76,407.2,184.75,626.6,184.77,317.6,184.78,0.4
1753769561971,06:12:41.971,bybit,SOL/USDT:USDT,184.76,385.0,184.75,592.9,184.77,317.6,184.78,0.4
1753769562072,06:12:42.072,bybit,SOL/USDT:USDT,184.76,431.1,184.75,599.6,184.77,317.6,184.78,0.4
1753769562171,06:12:42.171,bybit,SOL/USDT:USDT,184.76,431.1,184.75,588.8,184.77,317.6,184.78,0.4
1753769562272,06:12:42.272,bybit,SOL/USDT:USDT,184.76,502.1,184.75,610.4,184.77,317.6,184.78,0.4
1753769562371,06:12:42.371,bybit,SOL/USDT:USDT,184.76,502.1,184.75,588.8,184.77,317.6,184.78,0.4
1753769562471,06:12:42.471,bybit,SOL/USDT:USDT,184.76,479.5,184.75,588.8,184.77,317.6,184.78,0.4
1753769562571,06:12:42.571,bybit,SOL/USDT:USDT,184.76,502.4,184.75,588.8,184.77,317.6,184.78,0.4
1753769562672,06:12:42.672,bybit,SOL/USDT:USDT,184.76,502.1,184.75,588.8,184.77,317.6,184.78,0.4
1753769562772,06:12:42.772,bybit,SOL/USDT:USDT,184.76,457.0,184.75,592.9,184.77,317.6,184.78,0.4
1753769562872,06:12:42.872,bybit,SOL/USDT:USDT,184.76,453.4,184.75,581.5,184.77,317.6,184.78,0.4
1753769562971,06:12:42.971,bybit,SOL/USDT:USDT,184.76,453.4,184.75,565.3,184.77,305.4,184.78,0.4
1753769563071,06:12:43.071,bybit,SOL/USDT:USDT,184.76,502.7,184.75,587.2,184.77,305.4,184.78,0.4
1753769563172,06:12:43.172,bybit,SOL/USDT:USDT,184.76,459.4,184.75,565.1,184.77,305.4,184.78,0.4
1753769563273,06:12:43.273,bybit,SOL/USDT:USDT,184.76,479.6,184.75,587.2,184.77,307.3,184.78,0.4
1753769563371,06:12:43.371,bybit,SOL/USDT:USDT,184.76,479.6,184.75,565.1,184.77,307.3,184.78,0.4
1753769563472,06:12:43.472,bybit,SOL/USDT:USDT,184.76,581.8,184.75,565.1,184.77,69.0,184.78,0.4
1753769563572,06:12:43.572,bybit,SOL/USDT:USDT,184.76,581.8,184.75,565.3,184.77,69.0,184.78,0.4
1753769563671,06:12:43.671,bybit,SOL/USDT:USDT,184.76,561.0,184.75,565.3,184.77,69.0,184.78,0.4
1753769563771,06:12:43.771,bybit,SOL/USDT:USDT,184.76,561.0,184.75,565.3,184.77,54.8,184.78,0.4
1753769563871,06:12:43.871,bybit,SOL/USDT:USDT,184.76,563.8,184.75,588.5,184.77,54.8,184.78,0.4
1753769563971,06:12:43.971,bybit,SOL/USDT:USDT,184.76,606.0,184.75,586.7,184.77,54.8,184.78,0.4
1753769564071,06:12:44.071,bybit,SOL/USDT:USDT,184.76,583.6,184.75,588.5,184.77,54.8,184.78,0.4
1753769564171,06:12:44.171,bybit,SOL/USDT:USDT,184.76,581.8,184.75,586.7,184.77,53.9,184.78,0.4
1753769564271,06:12:44.271,bybit,SOL/USDT:USDT,184.76,605.2,184.75,588.5,184.77,53.9,184.78,0.4
1753769564371,06:12:44.371,bybit,SOL/USDT:USDT,184.76,606.7,184.75,586.7,184.77,53.9,184.78,0.4
1753769564471,06:12:44.471,bybit,SOL/USDT:USDT,184.76,606.7,184.75,586.7,184.77,53.9,184.78,0.4
1753769564571,06:12:44.571,bybit,SOL/USDT:USDT,184.76,606.7,184.75,586.7,184.77,53.9,184.78,0.4
1753769564671,06:12:44.671,bybit,SOL/USDT:USDT,184.76,605.7,184.75,588.5,184.77,53.9,184.78,0.4
1753769564872,06:12:44.872,bybit,SOL/USDT:USDT,184.76,606.7,184.75,588.5,184.77,53.9,184.78,0.4
1753769564971,06:12:44.971,bybit,SOL/USDT:USDT,184.76,606.7,184.75,626.3,184.77,53.9,184.78,0.4
1753769565071,06:12:45.071,bybit,SOL/USDT:USDT,184.76,606.7,184.75,734.4,184.77,53.9,184.78,0.4
1753769565172,06:12:45.172,bybit,SOL/USDT:USDT,184.8,67.5,184.79,46.4,184.81,452.7,184.82,21.9
1753769565273,06:12:45.273,bybit,SOL/USDT:USDT,184.79,3.2,184.78,329.8,184.8,350.6,184.81,395.2
1753769565372,06:12:45.372,bybit,SOL/USDT:USDT,184.79,19.2,184.78,79.8,184.8,456.1,184.81,444.4
1753769565472,06:12:45.472,bybit,SOL/USDT:USDT,184.79,3.2,184.78,54.5,184.8,456.1,184.81,444.4
1753769565572,06:12:45.572,bybit,SOL/USDT:USDT,184.78,84.5,184.77,531.9,184.79,248.9,184.8,468.4
1753769565671,06:12:45.671,bybit,SOL/USDT:USDT,184.78,69.0,184.77,531.9,184.79,248.4,184.8,468.4
1753769565772,06:12:45.772,bybit,SOL/USDT:USDT,184.78,69.0,184.77,531.9,184.79,248.4,184.8,468.2
1753769565872,06:12:45.872,bybit,SOL/USDT:USDT,184.79,165.8,184.78,337.2,184.8,176.9,184.81,394.7
1753769565972,06:12:45.972,bybit,SOL/USDT:USDT,184.79,63.6,184.78,329.4,184.8,176.8,184.81,394.6
1753769566072,06:12:46.072,bybit,SOL/USDT:USDT,184.79,67.8,184.78,345.6,184.8,176.8,184.81,394.6
1753769566171,06:12:46.171,bybit,SOL/USDT:USDT,184.79,67.8,184.78,318.7,184.8,176.8,184.81,394.8
1753769566272,06:12:46.272,bybit,SOL/USDT:USDT,184.79,67.8,184.78,318.7,184.8,176.8,184.81,394.8
1753769566371,06:12:46.371,bybit,SOL/USDT:USDT,184.79,67.8,184.78,318.7,184.8,176.7,184.81,394.8
1753769566471,06:12:46.471,bybit,SOL/USDT:USDT,184.79,67.8,184.78,318.7,184.8,231.8,184.81,394.8
1753769566571,06:12:46.571,bybit,SOL/USDT:USDT,184.79,73.4,184.78,318.7,184.8,231.8,184.81,394.8
1753769566671,06:12:46.671,bybit,SOL/USDT:USDT,184.79,25.9,184.78,318.7,184.8,331.8,184.81,394.8
1753769566771,06:12:46.771,bybit,SOL/USDT:USDT,184.79,25.9,184.78,317.5,184.8,331.8,184.81,422.8
1753769566871,06:12:46.871,bybit,SOL/USDT:USDT,184.79,25.9,184.78,317.5,184.8,331.8,184.81,395.2
1753769566971,06:12:46.971,bybit,SOL/USDT:USDT,184.79,21.7,184.78,317.5,184.8,331.8,184.81,423.2
1753769567071,06:12:47.071,bybit,SOL/USDT:USDT,184.79,21.7,184.78,239.4,184.8,331.8,184.81,423.2
1753769567172,06:12:47.172,bybit,SOL/USDT:USDT,184.79,39.2,184.78,244.8,184.8,331.8,184.81,395.2
1753769567274,06:12:47.274,bybit,SOL/USDT:USDT,184.79,39.2,184.78,244.8,184.8,331.8,184.81,395.2
1753769567372,06:12:47.372,bybit,SOL/USDT:USDT,184.79,95.8,184.78,250.2,184.8,213.2,184.81,323.0
1753769567471,06:12:47.471,bybit,SOL/USDT:USDT,184.79,322.4,184.78,449.9,184.8,421.0,184.81,123.7
1753769567571,06:12:47.571,bybit,SOL/USDT:USDT,184.79,201.3,184.78,449.9,184.8,421.0,184.81,123.9
1753769567671,06:12:47.671,bybit,SOL/USDT:USDT,184.79,189.2,184.78,471.5,184.8,406.8,184.81,123.9
1753769567771,06:12:47.771,bybit,SOL/USDT:USDT,184.79,189.2,184.78,444.5,184.8,406.8,184.81,123.9
1753769567872,06:12:47.872,bybit,SOL/USDT:USDT,184.79,191.8,184.78,444.5,184.8,406.8,184.81,123.9
1753769567971,06:12:47.971,bybit,SOL/USDT:USDT,184.79,191.8,184.78,444.5,184.8,406.8,184.81,123.9
1753769568072,06:12:48.072,bybit,SOL/USDT:USDT,184.79,191.8,184.78,444.5,184.8,406.8,184.81,123.9
1753769568172,06:12:48.172,bybit,SOL/USDT:USDT,184.79,191.8,184.78,444.5,184.8,406.8,184.81,123.9
1753769568271,06:12:48.271,bybit,SOL/USDT:USDT,184.79,249.8,184.78,444.5,184.8,406.8,184.81,123.9
1753769568372,06:12:48.372,bybit,SOL/USDT:USDT,184.79,165.2,184.78,442.3,184.8,406.8,184.81,123.9
1753769568472,06:12:48.472,bybit,SOL/USDT:USDT,184.79,165.2,184.78,442.1,184.8,406.8,184.81,123.9
1753769568571,06:12:48.571,bybit,SOL/USDT:USDT,184.79,165.2,184.78,440.5,184.8,405.8,184.81,123.9
1753769568671,06:12:48.671,bybit,SOL/USDT:USDT,184.79,205.6,184.78,453.1,184.8,405.8,184.81,123.9
1753769568771,06:12:48.771,bybit,SOL/USDT:USDT,184.79,205.6,184.78,480.1,184.8,414.1,184.81,123.9
1753769568872,06:12:48.872,bybit,SOL/USDT:USDT,184.79,217.6,184.78,505.4,184.8,414.1,184.81,123.9
1753769568972,06:12:48.972,bybit,SOL/USDT:USDT,184.79,228.3,184.78,480.1,184.8,414.1,184.81,123.9
1753769569071,06:12:49.071,bybit,SOL/USDT:USDT,184.79,228.3,184.78,504.9,184.8,614.1,184.81,123.7
1753769569171,06:12:49.171,bybit,SOL/USDT:USDT,184.79,300.3,184.78,519.4,184.8,614.1,184.81,124.0
1753769569272,06:12:49.272,bybit,SOL/USDT:USDT,184.79,300.3,184.78,504.9,184.8,614.1,184.81,124.0
1753769569371,06:12:49.371,bybit,SOL/USDT:USDT,184.79,300.3,184.78,586.2,184.8,614.1,184.81,77.7
1753769569472,06:12:49.472,bybit,SOL/USDT:USDT,184.79,300.3,184.78,560.9,184.8,614.1,184.81,77.9
1753769569572,06:12:49.572,bybit,SOL/USDT:USDT,184.79,362.1,184.78,586.2,184.8,623.8,184.81,0.6
1753769569671,06:12:49.671,bybit,SOL/USDT:USDT,184.79,336.5,184.78,586.2,184.8,623.8,184.81,0.6
1753769569771,06:12:49.771,bybit,SOL/USDT:USDT,184.79,336.5,184.78,560.9,184.8,623.8,184.81,0.6
1753769569872,06:12:49.872,bybit,SOL/USDT:USDT,184.79,331.1,184.78,560.9,184.8,623.8,184.81,0.6
1753769569972,06:12:49.972,bybit,SOL/USDT:USDT,184.79,331.1,184.78,536.1,184.8,623.8,184.81,0.6
1753769570072,06:12:50.072,bybit,SOL/USDT:USDT,184.79,331.1,184.78,560.8,184.8,623.8,184.81,0.6
1753769570172,06:12:50.172,bybit,SOL/USDT:USDT,184.79,330.7,184.78,560.8,184.8,623.8,184.81,0.6
1753769570272,06:12:50.272,bybit,SOL/USDT:USDT,184.79,217.6,184.78,534.3,184.8,935.1,184.81,50.5
1753769570371,06:12:50.371,bybit,SOL/USDT:USDT,184.79,197.4,184.78,525.3,184.8,935.1,184.81,50.5
1753769570471,06:12:50.471,bybit,SOL/USDT:USDT,184.79,197.6,184.78,519.9,184.8,1035.0,184.81,0.6
1753769570572,06:12:50.572,bybit,SOL/USDT:USDT,184.79,193.4,184.78,446.1,184.8,1035.0,184.81,24.2
1753769570671,06:12:50.671,bybit,SOL/USDT:USDT,184.79,193.4,184.78,446.1,184.8,1035.0,184.81,0.6
1753769570771,06:12:50.771,bybit,SOL/USDT:USDT,184.79,193.4,184.78,504.1,184.8,932.6,184.81,0.6
1753769570871,06:12:50.871,bybit,SOL/USDT:USDT,184.79,237.4,184.78,505.9,184.8,1018.7,184.81,0.6
1753769570971,06:12:50.971,bybit,SOL/USDT:USDT,184.79,193.4,184.78,511.3,184.8,1018.7,184.81,0.6
1753769571071,06:12:51.071,bybit,SOL/USDT:USDT,184.79,196.0,184.78,504.1,184.8,1026.2,184.81,0.6
1753769571171,06:12:51.171,bybit,SOL/USDT:USDT,184.79,270.0,184.78,505.9,184.8,1026.2,184.81,0.6
1753769571274,06:12:51.274,bybit,SOL/USDT:USDT,184.79,270.0,184.78,557.1,184.8,1026.2,184.81,0.6
1753769571371,06:12:51.371,bybit,SOL/USDT:USDT,184.79,324.9,184.78,534.0,184.8,1026.2,184.81,0.6
1753769571472,06:12:51.472,bybit,SOL/USDT:USDT,184.79,339.9,184.78,534.0,184.8,926.2,184.81,0.6
1753769571571,06:12:51.571,bybit,SOL/USDT:USDT,184.79,339.9,184.78,507.0,184.8,926.2,184.81,0.6
1753769571671,06:12:51.671,bybit,SOL/USDT:USDT,184.79,367.4,184.78,507.0,184.8,926.2,184.81,0.6
1753769571772,06:12:51.772,bybit,SOL/USDT:USDT,184.79,367.4,184.78,507.0,184.8,928.0,184.81,0.6
1753769571872,06:12:51.872,bybit,SOL/USDT:USDT,184.79,413.2,184.78,530.1,184.8,928.0,184.81,0.6
1753769571971,06:12:51.971,bybit,SOL/USDT:USDT,184.79,413.2,184.78,530.1,184.8,928.0,184.81,0.6
1753769572071,06:12:52.071,bybit,SOL/USDT:USDT,184.79,368.4,184.78,507.0,184.8,927.9,184.81,0.6
1753769572172,06:12:52.172,bybit,SOL/USDT:USDT,184.79,367.4,184.78,507.0,184.8,927.9,184.81,0.6
1753769572272,06:12:52.272,bybit,SOL/USDT:USDT,184.79,354.3,184.78,484.3,184.8,927.9,184.81,23.7
1753769572371,06:12:52.371,bybit,SOL/USDT:USDT,184.79,336.7,184.78,428.3,184.8,927.9,184.81,0.6
1753769572471,06:12:52.471,bybit,SOL/USDT:USDT,184.79,340.9,184.78,428.3,184.8,927.9,184.81,0.6
1753769572571,06:12:52.571,bybit,SOL/USDT:USDT,184.79,328.9,184.78,428.3,184.8,931.0,184.81,0.6
1753769572671,06:12:52.671,bybit,SOL/USDT:USDT,184.79,328.9,184.78,428.3,184.8,931.0,184.81,0.6
1753769572772,06:12:52.772,bybit,SOL/USDT:USDT,184.79,328.9,184.78,428.3,184.8,931.0,184.81,0.6
1753769572871,06:12:52.871,bybit,SOL/USDT:USDT,184.79,373.6,184.78,472.5,184.8,920.2,184.81,0.6
1753769572972,06:12:52.972,bybit,SOL/USDT:USDT,184.79,389.3,184.78,477.2,184.8,920.2,184.81,0.6
1753769573071,06:12:53.071,bybit,SOL/USDT:USDT,184.79,389.3,184.78,482.6,184.8,928.8,184.81,0.6
1753769573171,06:12:53.171,bybit,SOL/USDT:USDT,184.79,411.6,184.78,504.9,184.8,928.8,184.81,0.6
1753769573271,06:12:53.271,bybit,SOL/USDT:USDT,184.79,367.4,184.78,456.3,184.8,928.8,184.81,0.6
1753769573371,06:12:53.371,bybit,SOL/USDT:USDT,184.79,369.6,184.78,456.3,184.8,929.9,184.81,0.6
1753769573471,06:12:53.471,bybit,SOL/USDT:USDT,184.79,444.4,184.78,489.0,184.8,928.9,184.81,0.4
1753769573571,06:12:53.571,bybit,SOL/USDT:USDT,184.79,444.4,184.78,489.0,184.8,928.9,184.81,0.4
1753769573671,06:12:53.671,bybit,SOL/USDT:USDT,184.79,410.5,184.78,461.7,184.8,928.9,184.81,0.4
1753769573771,06:12:53.771,bybit,SOL/USDT:USDT,184.79,391.9,184.78,461.7,184.8,928.9,184.81,0.4
1753769573871,06:12:53.871,bybit,SOL/USDT:USDT,184.79,381.4,184.78,461.7,184.8,928.9,184.81,21.8
1753769573971,06:12:53.971,bybit,SOL/USDT:USDT,184.79,381.4,184.78,461.7,184.8,928.9,184.81,21.8
1753769574071,06:12:54.071,bybit,SOL/USDT:USDT,184.79,381.4,184.78,461.7,184.8,928.9,184.81,21.8
1753769574172,06:12:54.172,bybit,SOL/USDT:USDT,184.79,381.4,184.78,461.7,184.8,929.0,184.81,21.8
1753769574271,06:12:54.271,bybit,SOL/USDT:USDT,184.79,381.3,184.78,461.7,184.8,929.0,184.81,21.8
1753769574371,06:12:54.371,bybit,SOL/USDT:USDT,184.79,381.3,184.78,461.7,184.8,929.9,184.81,21.8
1753769574472,06:12:54.472,bybit,SOL/USDT:USDT,184.79,422.4,184.78,482.5,184.8,929.9,184.81,0.4
1753769574571,06:12:54.571,bybit,SOL/USDT:USDT,184.79,424.4,184.78,482.5,184.8,929.9,184.81,0.4
1753769574672,06:12:54.672,bybit,SOL/USDT:USDT,184.79,208.9,184.78,308.6,184.8,1029.9,184.81,0.4
1753769574772,06:12:54.772,bybit,SOL/USDT:USDT,184.79,240.4,184.78,335.0,184.8,1029.9,184.81,0.4
1753769574872,06:12:54.872,bybit,SOL/USDT:USDT,184.79,191.2,184.78,308.6,184.8,1029.9,184.81,0.4
1753769574972,06:12:54.972,bybit,SOL/USDT:USDT,184.79,221.3,184.78,327.6,184.8,1029.9,184.81,0.4
1753769575071,06:12:55.071,bybit,SOL/USDT:USDT,184.79,232.0,184.78,329.6,184.8,1029.9,184.81,0.4
1753769575171,06:12:55.171,bybit,SOL/USDT:USDT,184.79,338.8,184.78,539.0,184.8,930.3,184.81,0.4
1753769575274,06:12:55.274,bybit,SOL/USDT:USDT,184.79,317.0,184.78,517.8,184.8,931.3,184.81,0.4
1753769575371,06:12:55.371,bybit,SOL/USDT:USDT,184.79,317.0,184.78,517.8,184.8,933.6,184.81,0.4
1753769575471,06:12:55.471,bybit,SOL/USDT:USDT,184.79,330.5,184.78,566.5,184.8,933.6,184.81,0.4
1753769575571,06:12:55.571,bybit,SOL/USDT:USDT,184.79,330.5,184.78,545.3,184.8,933.6,184.81,0.4
1753769575671,06:12:55.671,bybit,SOL/USDT:USDT,184.79,309.7,184.78,545.3,184.8,933.6,184.81,0.4
1753769575772,06:12:55.772,bybit,SOL/USDT:USDT,184.79,235.7,184.78,524.5,184.8,933.6,184.81,0.4
1753769575872,06:12:55.872,bybit,SOL/USDT:USDT,184.79,223.7,184.78,545.3,184.8,933.6,184.81,0.4
1753769575971,06:12:55.971,bybit,SOL/USDT:USDT,184.79,281.8,184.78,568.9,184.8,765.6,184.81,0.4
1753769576071,06:12:56.071,bybit,SOL/USDT:USDT,184.79,281.8,184.78,574.3,184.8,555.1,184.81,0.4
1753769576172,06:12:56.172,bybit,SOL/USDT:USDT,184.79,343.8,184.78,557.3,184.8,555.5,184.81,0.4
1753769576271,06:12:56.271,bybit,SOL/USDT:USDT,184.79,343.8,184.78,557.3,184.8,555.5,184.81,0.4
1753769576371,06:12:56.371,bybit,SOL/USDT:USDT,184.79,281.8,184.78,557.3,184.8,609.6,184.81,0.4
1753769576471,06:12:56.471,bybit,SOL/USDT:USDT,184.79,251.0,184.78,551.9,184.8,609.6,184.81,0.4
1753769576571,06:12:56.571,bybit,SOL/USDT:USDT,184.79,253.6,184.78,551.9,184.8,609.6,184.81,0.4
1753769576672,06:12:56.672,bybit,SOL/USDT:USDT,184.79,164.5,184.78,529.9,184.8,609.6,184.81,22.8
1753769576771,06:12:56.771,bybit,SOL/USDT:USDT,184.79,129.7,184.78,528.1,184.8,609.6,184.81,22.8
1753769576872,06:12:56.872,bybit,SOL/USDT:USDT,184.79,15.4,184.78,383.9,184.8,732.0,184.81,91.4
1753769576971,06:12:56.971,bybit,SOL/USDT:USDT,184.79,15.6,184.78,81.2,184.8,732.0,184.81,91.6
1753769577071,06:12:57.071,bybit,SOL/USDT:USDT,184.79,33.1,184.78,88.9,184.8,709.6,184.81,91.6
1753769577171,06:12:57.171,bybit,SOL/USDT:USDT,184.79,49.1,184.78,88.9,184.8,692.7,184.81,47.2
1753769577271,06:12:57.271,bybit,SOL/USDT:USDT,184.79,49.6,184.78,99.7,184.8,710.0,184.81,34.1
1753769577372,06:12:57.372,bybit,SOL/USDT:USDT,184.79,49.6,184.78,99.7,184.8,709.3,184.81,34.1
1753769577471,06:12:57.471,bybit,SOL/USDT:USDT,184.79,16.1,184.78,81.2,184.8,608.3,184.81,83.0
1753769577571,06:12:57.571,bybit,SOL/USDT:USDT,184.79,16.1,184.78,35.1,184.8,708.3,184.81,83.0
1753769577671,06:12:57.671,bybit,SOL/USDT:USDT,184.79,16.1,184.78,81.2,184.8,708.3,184.81,83.0
1753769577772,06:12:57.772,bybit,SOL/USDT:USDT,184.79,16.1,184.78,81.2,184.8,708.3,184.81,61.6
1753769577872,06:12:57.872,bybit,SOL/USDT:USDT,184.79,16.1,184.78,81.2,184.8,708.3,184.81,61.6
1753769577971,06:12:57.971,bybit,SOL/USDT:USDT,184.79,16.1,184.78,81.2,184.8,708.6,184.81,61.6
1753769578071,06:12:58.071,bybit,SOL/USDT:USDT,184.79,16.1,184.78,81.2,184.8,708.7,184.81,61.6
1753769578171,06:12:58.171,bybit,SOL/USDT:USDT,184.79,48.8,184.78,81.2,184.8,708.7,184.81,61.6
1753769578272,06:12:58.272,bybit,SOL/USDT:USDT,184.79,177.1,184.78,154.8,184.8,608.7,184.81,61.6
1753769578372,06:12:58.372,bybit,SOL/USDT:USDT,184.79,220.1,184.78,154.8,184.8,608.7,184.81,28.1
1753769578471,06:12:58.471,bybit,SOL/USDT:USDT,184.79,220.1,184.78,133.4,184.8,608.7,184.81,28.1
1753769578572,06:12:58.572,bybit,SOL/USDT:USDT,184.79,230.6,184.78,133.4,184.8,608.7,184.81,28.1
1753769578671,06:12:58.671,bybit,SOL/USDT:USDT,184.79,230.6,184.78,133.4,184.8,608.7,184.81,28.1
1753769578771,06:12:58.771,bybit,SOL/USDT:USDT,184.79,230.6,184.78,133.4,184.8,608.7,184.81,27.9
1753769578871,06:12:58.871,bybit,SOL/USDT:USDT,184.79,305.3,184.78,348.4,184.8,608.7,184.81,28.1
1753769578972,06:12:58.972,bybit,SOL/USDT:USDT,184.79,305.3,184.78,359.2,184.8,608.7,184.81,27.9
1753769579071,06:12:59.071,bybit,SOL/USDT:USDT,184.79,262.8,184.78,377.6,184.8,608.7,184.81,27.9
1753769579172,06:12:59.172,bybit,SOL/USDT:USDT,184.79,262.8,184.78,377.6,184.8,608.7,184.81,27.9
1753769579273,06:12:59.273,bybit,SOL/USDT:USDT,184.79,248.2,184.78,375.8,184.8,607.5,184.81,27.9
1753769579371,06:12:59.371,bybit,SOL/USDT:USDT,184.79,248.2,184.78,375.8,184.8,607.5,184.81,27.9
1753769579471,06:12:59.471,bybit,SOL/USDT:USDT,184.79,305.3,184.78,401.7,184.8,607.5,184.81,0.4
1753769579571,06:12:59.571,bybit,SOL/USDT:USDT,184.79,284.2,184.78,407.1,184.8,608.5,184.81,27.9
1753769579672,06:12:59.672,bybit,SOL/USDT:USDT,184.79,321.6,184.78,407.1,184.8,608.5,184.81,27.9
1753769579771,06:12:59.771,bybit,SOL/USDT:USDT,184.79,321.6,184.78,407.1,184.8,608.5,184.81,27.9
1753769579872,06:12:59.872,bybit,SOL/USDT:USDT,184.79,321.3,184.78,407.1,184.8,608.5,184.81,27.9
1753769579971,06:12:59.971,bybit,SOL/USDT:USDT,184.79,321.3,184.78,407.1,184.8,608.5,184.81,27.9
1753769580072,06:13:00.072,bybit,SOL/USDT:USDT,184.79,452.4,184.78,424.9,184.8,608.5,184.81,0.4
1753769580171,06:13:00.171,bybit,SOL/USDT:USDT,184.79,452.4,184.78,407.1,184.8,608.5,184.81,0.4
1753769580271,06:13:00.271,bybit,SOL/USDT:USDT,184.79,426.8,184.78,385.7,184.8,609.3,184.81,0.4
1753769580372,06:13:00.372,bybit,SOL/USDT:USDT,184.79,427.5,184.78,407.1,184.8,609.3,184.81,0.4
1753769580471,06:13:00.471,bybit,SOL/USDT:USDT,184.79,427.5,184.78,385.7,184.8,609.3,184.81,0.4
1753769580571,06:13:00.571,bybit,SOL/USDT:USDT,184.79,406.4,184.78,385.7,184.8,609.3,184.81,0.4
1753769580671,06:13:00.671,bybit,SOL/USDT:USDT,184.79,406.4,184.78,385.7,184.8,610.3,184.81,0.4
1753769580772,06:13:00.772,bybit,SOL/USDT:USDT,184.79,432.0,184.78,364.6,184.8,610.3,184.81,0.4
1753769580871,06:13:00.871,bybit,SOL/USDT:USDT,184.79,432.0,184.78,364.6,184.8,610.3,184.81,0.4
1753769580972,06:13:00.972,bybit,SOL/USDT:USDT,184.79,432.0,184.78,364.6,184.8,610.3,184.81,0.4
1753769581071,06:13:01.071,bybit,SOL/USDT:USDT,184.79,431.0,184.78,364.6,184.8,610.3,184.81,0.4
1753769581171,06:13:01.171,bybit,SOL/USDT:USDT,184.79,451.8,184.78,385.5,184.8,611.4,184.81,0.4
1753769581271,06:13:01.271,bybit,SOL/USDT:USDT,184.79,430.9,184.78,364.6,184.8,611.7,184.81,0.4
1753769581371,06:13:01.371,bybit,SOL/USDT:USDT,184.79,451.8,184.78,385.5,184.8,611.7,184.81,0.4
1753769581471,06:13:01.471,bybit,SOL/USDT:USDT,184.79,243.7,184.78,349.7,184.8,611.7,184.81,21.6
1753769581571,06:13:01.571,bybit,SOL/USDT:USDT,184.79,243.7,184.78,344.3,184.8,611.7,184.81,0.4
1753769581671,06:13:01.671,bybit,SOL/USDT:USDT,184.79,243.7,184.78,344.3,184.8,611.7,184.81,0.4
1753769581772,06:13:01.772,bybit,SOL/USDT:USDT,184.79,243.7,184.78,365.2,184.8,611.7,184.81,0.4
1753769581871,06:13:01.871,bybit,SOL/USDT:USDT,184.79,243.7,184.78,346.1,184.8,611.7,184.81,0.4
1753769581971,06:13:01.971,bybit,SOL/USDT:USDT,184.79,243.7,184.78,367.0,184.8,611.9,184.81,0.4
1753769582072,06:13:02.072,bybit,SOL/USDT:USDT,184.79,393.1,184.78,399.0,184.8,611.9,184.81,0.4
1753769582172,06:13:02.172,bybit,SOL/USDT:USDT,184.79,421.1,184.78,399.0,184.8,611.9,184.81,0.4
1753769582272,06:13:02.272,bybit,SOL/USDT:USDT,184.79,243.5,184.78,356.9,184.8,612.0,184.81,0.4
1753769582373,06:13:02.373,bybit,SOL/USDT:USDT,184.79,263.7,184.78,367.0,184.8,612.0,184.81,0.4
1753769582471,06:13:02.471,bybit,SOL/USDT:USDT,184.79,263.7,184.78,277.5,184.8,612.0,184.81,0.4
1753769582572,06:13:02.572,bybit,SOL/USDT:USDT,184.79,204.5,184.78,275.7,184.8,612.0,184.81,21.6
1753769582671,06:13:02.671,bybit,SOL/USDT:USDT,184.79,262.8,184.78,314.2,184.8,612.0,184.81,0.4
1753769582771,06:13:02.771,bybit,SOL/USDT:USDT,184.79,262.8,184.78,319.6,184.8,612.0,184.81,0.4
1753769582871,06:13:02.871,bybit,SOL/USDT:USDT,184.79,283.7,184.78,319.6,184.8,612.0,184.81,0.4
1753769582971,06:13:02.971,bybit,SOL/USDT:USDT,184.79,304.6,184.78,319.6,184.8,612.0,184.81,0.4
1753769583071,06:13:03.071,bybit,SOL/USDT:USDT,184.79,262.5,184.78,323.2,184.8,612.0,184.81,62.4
1753769583171,06:13:03.171,bybit,SOL/USDT:USDT,184.79,186.2,184.78,275.7,184.8,612.0,184.81,62.4
1753769583273,06:13:03.273,bybit,SOL/USDT:USDT,184.79,17.4,184.78,242.8,184.8,711.7,184.81,83.6
1753769583371,06:13:03.371,bybit,SOL/USDT:USDT,184.79,16.9,184.78,248.7,184.8,711.7,184.81,86.7
1753769583472,06:13:03.472,bybit,SOL/USDT:USDT,184.79,16.9,184.78,248.7,184.8,714.3,184.81,117.8
1753769583571,06:13:03.571,bybit,SOL/USDT:USDT,184.79,16.9,184.78,248.7,184.8,711.7,184.81,117.8
1753769583671,06:13:03.671,bybit,SOL/USDT:USDT,184.79,16.9,184.78,202.6,184.8,711.7,184.81,117.8
1753769583772,06:13:03.772,bybit,SOL/USDT:USDT,184.79,16.9,184.78,202.2,184.8,711.7,184.81,117.8
1753769583871,06:13:03.871,bybit,SOL/USDT:USDT,184.79,5.8,184.78,37.4,184.8,711.7,184.81,138.8
1753769583971,06:13:03.971,bybit,SOL/USDT:USDT,184.79,5.8,184.78,37.4,184.8,733.2,184.81,139.0
1753769584071,06:13:04.071,bybit,SOL/USDT:USDT,184.79,255.1,184.78,259.0,184.8,611.7,184.81,0.7
1753769584172,06:13:04.172,bybit,SOL/USDT:USDT,184.79,255.1,184.78,248.9,184.8,611.7,184.81,28.2
1753769584271,06:13:04.271,bybit,SOL/USDT:USDT,184.79,255.1,184.78,269.8,184.8,611.6,184.81,28.2
1753769584371,06:13:04.371,bybit,SOL/USDT:USDT,184.79,252.5,184.78,269.8,184.8,611.6,184.81,28.2
1753769584471,06:13:04.471,bybit,SOL/USDT:USDT,184.79,298.6,184.78,269.8,184.8,611.6,184.81,28.2
1753769584871,06:13:04.871,bybit,SOL/USDT:USDT,184.79,5.6,184.78,232.7,184.8,714.1,184.81,101.9
1753769584971,06:13:04.971,bybit,SOL/USDT:USDT,184.79,239.0,184.78,267.3,184.8,611.9,184.81,28.2
1753769585171,06:13:05.171,bybit,SOL/USDT:USDT,184.79,86.6,184.78,208.5,184.8,710.9,184.81,102.2
1753769585271,06:13:05.271,bybit,SOL/USDT:USDT,184.79,294.3,184.78,276.4,184.8,610.9,184.81,102.2
1753769585372,06:13:05.372,bybit,SOL/USDT:USDT,184.79,314.5,184.78,292.6,184.8,610.9,184.81,102.2
1753769585471,06:13:05.471,bybit,SOL/USDT:USDT,184.79,317.1,184.78,294.4,184.8,610.9,184.81,28.2
1753769585571,06:13:05.571,bybit,SOL/USDT:USDT,184.79,354.5,184.78,294.4,184.8,610.9,184.81,28.2
1753769585671,06:13:05.671,bybit,SOL/USDT:USDT,184.79,399.6,184.78,294.4,184.8,611.2,184.81,28.5
1753769585771,06:13:05.771,bybit,SOL/USDT:USDT,184.79,399.6,184.78,371.9,184.8,611.8,184.81,28.9
1753769585872,06:13:05.872,bybit,SOL/USDT:USDT,184.79,399.6,184.78,371.9,184.8,611.8,184.81,28.9
1753769585971,06:13:05.971,bybit,SOL/USDT:USDT,184.79,379.6,184.78,371.9,184.8,611.8,184.81,28.9
1753769586071,06:13:06.071,bybit,SOL/USDT:USDT,184.79,430.6,184.78,351.5,184.8,611.8,184.81,28.9
1753769586172,06:13:06.172,bybit,SOL/USDT:USDT,184.79,346.1,184.78,329.7,184.8,611.9,184.81,28.9
1753769586271,06:13:06.271,bybit,SOL/USDT:USDT,184.79,346.1,184.78,329.7,184.8,611.9,184.81,28.9
1753769586372,06:13:06.372,bybit,SOL/USDT:USDT,184.79,370.1,184.78,371.9,184.8,611.9,184.81,28.9
1753769586471,06:13:06.471,bybit,SOL/USDT:USDT,184.79,388.4,184.78,371.9,184.8,611.9,184.81,28.9
1753769586572,06:13:06.572,bybit,SOL/USDT:USDT,184.79,408.6,184.78,371.9,184.8,611.9,184.81,28.9
1753769586671,06:13:06.671,bybit,SOL/USDT:USDT,184.79,368.2,184.78,351.5,184.8,611.9,184.81,28.9
1753769586771,06:13:06.771,bybit,SOL/USDT:USDT,184.79,368.2,184.78,351.5,184.8,611.9,184.81,28.9
1753769586871,06:13:06.871,bybit,SOL/USDT:USDT,184.79,368.2,184.78,371.9,184.8,610.9,184.81,28.9
1753769586971,06:13:06.971,bybit,SOL/USDT:USDT,184.79,368.2,184.78,304.0,184.8,610.9,184.81,28.9
1753769587072,06:13:07.072,bybit,SOL/USDT:USDT,184.79,368.2,184.78,371.9,184.8,610.9,184.81,28.9
1753769587171,06:13:07.171,bybit,SOL/USDT:USDT,184.79,367.2,184.78,351.5,184.8,610.9,184.81,28.9
1753769587273,06:13:07.273,bybit,SOL/USDT:USDT,184.79,367.2,184.78,351.5,184.8,618.0,184.81,28.9
1753769587372,06:13:07.372,bybit,SOL/USDT:USDT,184.79,105.5,184.78,318.9,184.8,718.0,184.81,48.9
1753769587472,06:13:07.472,bybit,SOL/USDT:USDT,184.79,195.5,184.78,286.0,184.8,618.0,184.81,28.9
1753769587571,06:13:07.571,bybit,SOL/USDT:USDT,184.79,226.4,184.78,318.9,184.8,618.0,184.81,28.9
1753769587671,06:13:07.671,bybit,SOL/USDT:USDT,184.79,246.6,184.78,338.9,184.8,618.0,184.81,28.9
1753769587771,06:13:07.771,bybit,SOL/USDT:USDT,184.79,246.6,184.78,338.9,184.8,618.0,184.81,28.9
1753769587872,06:13:07.872,bybit,SOL/USDT:USDT,184.79,246.6,184.78,338.9,184.8,618.0,184.81,28.9
1753769587971,06:13:07.971,bybit,SOL/USDT:USDT,184.79,246.6,184.78,338.9,184.8,618.0,184.81,102.9
1753769588071,06:13:08.071,bybit,SOL/USDT:USDT,184.79,25.8,184.78,286.0,184.8,718.0,184.81,143.3
1753769588171,06:13:08.171,bybit,SOL/USDT:USDT,184.79,63.5,184.78,297.3,184.8,718.0,184.81,102.9
1753769588272,06:13:08.272,bybit,SOL/USDT:USDT,184.79,105.4,184.78,313.5,184.8,718.0,184.81,102.9
1753769588371,06:13:08.371,bybit,SOL/USDT:USDT,184.79,25.8,184.78,313.5,184.8,721.6,184.81,102.9
1753769588471,06:13:08.471,bybit,SOL/USDT:USDT,184.79,25.8,184.78,297.3,184.8,721.6,184.81,102.9
1753769588571,06:13:08.571,bybit,SOL/USDT:USDT,184.79,25.8,184.78,297.3,184.8,721.6,184.81,102.9
1753769588671,06:13:08.671,bybit,SOL/USDT:USDT,184.79,50.8,184.78,297.3,184.8,721.6,184.81,102.9
1753769588771,06:13:08.771,bybit,SOL/USDT:USDT,184.79,50.8,184.78,308.1,184.8,721.9,184.81,102.9
1753769588872,06:13:08.872,bybit,SOL/USDT:USDT,184.79,91.9,184.78,319.1,184.8,721.9,184.81,28.9
1753769588971,06:13:08.971,bybit,SOL/USDT:USDT,184.79,96.9,184.78,397.5,184.8,721.9,184.81,28.9
1753769589071,06:13:09.071,bybit,SOL/USDT:USDT,184.79,96.9,184.78,323.5,184.8,721.9,184.81,28.9
1753769589171,06:13:09.171,bybit,SOL/USDT:USDT,184.79,33.3,184.78,312.7,184.8,724.4,184.81,69.2
1753769589273,06:13:09.273,bybit,SOL/USDT:USDT,184.79,66.0,184.78,352.3,184.8,605.0,184.81,49.3
1753769589371,06:13:09.371,bybit,SOL/USDT:USDT,184.79,50.8,184.78,319.1,184.8,604.9,184.81,48.6
1753769589471,06:13:09.471,bybit,SOL/USDT:USDT,184.79,33.3,184.78,308.3,184.8,704.9,184.81,48.6
1753769589571,06:13:09.571,bybit,SOL/USDT:USDT,184.79,33.3,184.78,308.3,184.8,704.9,184.81,48.6
1753769589671,06:13:09.671,bybit,SOL/USDT:USDT,184.79,33.2,184.78,308.3,184.8,706.0,184.81,48.6
1753769589772,06:13:09.772,bybit,SOL/USDT:USDT,184.79,79.3,184.78,308.3,184.8,713.8,184.81,29.0
1753769589871,06:13:09.871,bybit,SOL/USDT:USDT,184.79,96.8,184.78,319.1,184.8,711.2,184.81,29.0
1753769589971,06:13:09.971,bybit,SOL/USDT:USDT,184.79,96.8,184.78,398.5,184.8,525.4,184.81,29.0
1753769590072,06:13:10.072,bybit,SOL/USDT:USDT,184.79,108.3,184.78,398.5,184.8,525.4,184.81,28.9
1753769590171,06:13:10.171,bybit,SOL/USDT:USDT,184.79,128.5,184.78,398.5,184.8,525.4,184.81,28.9
1753769590272,06:13:10.272,bybit,SOL/USDT:USDT,184.79,128.5,184.78,349.4,184.8,525.4,184.81,28.9
1753769590371,06:13:10.371,bybit,SOL/USDT:USDT,184.79,99.0,184.78,329.9,184.8,525.4,184.81,28.9
1753769590472,06:13:10.472,bybit,SOL/USDT:USDT,184.79,169.7,184.78,442.7,184.8,498.3,184.81,28.9
1753769590571,06:13:10.571,bybit,SOL/USDT:USDT,184.79,325.3,184.78,444.5,184.8,498.3,184.81,28.9
1753769590671,06:13:10.671,bybit,SOL/USDT:USDT,184.79,319.0,184.78,454.6,184.8,498.3,184.81,28.9
1753769590771,06:13:10.771,bybit,SOL/USDT:USDT,184.79,321.6,184.78,454.6,184.8,498.3,184.81,28.8
1753769590872,06:13:10.872,bybit,SOL/USDT:USDT,184.79,300.4,184.78,454.6,184.8,492.9,184.81,28.8
1753769590972,06:13:10.972,bybit,SOL/USDT:USDT,184.79,374.4,184.78,436.0,184.8,492.9,184.81,28.8
1753769591071,06:13:11.071,bybit,SOL/USDT:USDT,184.79,272.2,184.78,414.7,184.8,492.9,184.81,46.7
1753769591171,06:13:11.171,bybit,SOL/USDT:USDT,184.79,261.9,184.78,340.7,184.8,492.9,184.81,28.8
1753769591271,06:13:11.271,bybit,SOL/USDT:USDT,184.79,261.9,184.78,340.7,184.8,492.9,184.81,28.8
1753769591471,06:13:11.471,bybit,SOL/USDT:USDT,184.79,53.2,184.78,115.7,184.8,512.2,184.81,64.3
1753769591572,06:13:11.572,bybit,SOL/USDT:USDT,184.79,13.2,184.78,94.5,184.8,594.3,184.81,111.8
1753769591672,06:13:11.672,bybit,SOL/USDT:USDT,184.79,21.0,184.78,94.5,184.8,594.5,184.81,94.2
1753769591772,06:13:11.772,bybit,SOL/USDT:USDT,184.79,19.0,184.78,94.5,184.8,593.0,184.81,94.2
1753769591871,06:13:11.871,bybit,SOL/USDT:USDT,184.79,19.0,184.78,94.5,184.8,595.1,184.81,94.2
1753769591971,06:13:11.971,bybit,SOL/USDT:USDT,184.79,19.0,184.78,94.5,184.8,596.1,184.81,111.8
1753769592071,06:13:12.071,bybit,SOL/USDT:USDT,184.79,19.0,184.78,94.5,184.8,596.1,184.81,111.8
1753769592171,06:13:12.171,bybit,SOL/USDT:USDT,184.79,19.0,184.78,152.5,184.8,444.0,184.81,94.2
1753769592271,06:13:12.271,bybit,SOL/USDT:USDT,184.79,82.6,184.78,152.5,184.8,544.0,184.81,94.1
1753769592371,06:13:12.371,bybit,SOL/USDT:USDT,184.79,19.0,184.78,110.7,184.8,534.8,184.81,94.2
1753769592471,06:13:12.471,bybit,SOL/USDT:USDT,184.79,19.0,184.78,94.5,184.8,546.3,184.81,129.5
1753769592571,06:13:12.571,bybit,SOL/USDT:USDT,184.79,18.2,184.78,83.4,184.8,564.0,184.81,129.5
1753769592672,06:13:12.672,bybit,SOL/USDT:USDT,184.79,18.2,184.78,83.5,184.8,543.7,184.81,157.1
1753769592771,06:13:12.771,bybit,SOL/USDT:USDT,184.79,18.2,184.78,83.5,184.8,543.7,184.81,157.1
1753769592872,06:13:12.872,bybit,SOL/USDT:USDT,184.79,18.2,184.78,83.5,184.8,442.6,184.81,121.9
1753769592972,06:13:12.972,bybit,SOL/USDT:USDT,184.79,18.2,184.78,83.5,184.8,600.6,184.81,229.6
1753769593072,06:13:13.072,bybit,SOL/USDT:USDT,184.79,12.9,184.78,82.5,184.8,542.6,184.81,121.9
1753769593171,06:13:13.171,bybit,SOL/USDT:USDT,184.79,12.9,184.78,82.5,184.8,543.0,184.81,103.4
1753769593273,06:13:13.273,bybit,SOL/USDT:USDT,184.79,12.9,184.78,409.1,184.8,443.0,184.81,18.4
1753769593371,06:13:13.371,bybit,SOL/USDT:USDT,184.79,13.4,184.78,392.9,184.8,450.8,184.81,89.0
1753769593471,06:13:13.471,bybit,SOL/USDT:USDT,184.79,12.9,184.78,43.5,184.8,523.5,184.81,116.5
1753769593972,06:13:13.972,bybit,SOL/USDT:USDT,184.78,0.1,184.77,85.2,184.79,701.3,184.8,727.3
1753769594071,06:13:14.071,bybit,SOL/USDT:USDT,184.78,0.1,184.77,57.7,184.79,685.2,184.8,710.9
1753769594172,06:13:14.172,bybit,SOL/USDT:USDT,184.78,0.1,184.77,57.7,184.79,687.0,184.8,727.3
1753769594272,06:13:14.272,bybit,SOL/USDT:USDT,184.78,0.1,184.77,57.7,184.79,687.0,184.8,727.3
1753769594371,06:13:14.371,bybit,SOL/USDT:USDT,184.78,0.1,184.77,57.7,184.79,687.0,184.8,727.3
1753769594471,06:13:14.471,bybit,SOL/USDT:USDT,184.78,0.1,184.77,57.7,184.79,706.8,184.8,690.6
1753769594571,06:13:14.571,bybit,SOL/USDT:USDT,184.78,0.1,184.77,57.7,184.79,706.8,184.8,616.3
1753769594671,06:13:14.671,bybit,SOL/USDT:USDT,184.78,0.1,184.77,57.7,184.79,706.8,184.8,616.3
1753769594771,06:13:14.771,bybit,SOL/USDT:USDT,184.78,0.1,184.77,11.6,184.79,706.8,184.8,632.8
1753769594871,06:13:14.871,bybit,SOL/USDT:USDT,184.78,0.1,184.77,11.6,184.79,706.8,184.8,633.2
1753769594972,06:13:14.972,bybit,SOL/USDT:USDT,184.77,1.5,184.76,99.1,184.78,809.4,184.79,893.9
1753769595071,06:13:15.071,bybit,SOL/USDT:USDT,184.77,1.7,184.76,88.1,184.78,986.3,184.79,893.4
1753769595171,06:13:15.171,bybit,SOL/USDT:USDT,184.77,1.7,184.76,88.1,184.78,986.3,184.79,893.4
1753769595273,06:13:15.273,bybit,SOL/USDT:USDT,184.77,85.7,184.76,60.6,184.78,676.0,184.79,712.6
1753769595371,06:13:15.371,bybit,SOL/USDT:USDT,184.77,1.5,184.76,60.6,184.78,753.6,184.79,743.8
1753769595471,06:13:15.471,bybit,SOL/USDT:USDT,184.77,1.7,184.76,140.0,184.78,773.3,184.79,799.0
1753769595571,06:13:15.571,bybit,SOL/USDT:USDT,184.77,1.7,184.76,140.0,184.78,773.3,184.79,767.8
1753769595671,06:13:15.671,bybit,SOL/USDT:USDT,184.77,6.8,184.76,66.0,184.78,773.3,184.79,799.0
1753769595771,06:13:15.771,bybit,SOL/USDT:USDT,184.77,6.8,184.76,66.0,184.78,773.3,184.79,799.0
1753769595871,06:13:15.871,bybit,SOL/USDT:USDT,184.77,6.8,184.76,140.0,184.78,770.7,184.79,783.5
1753769595972,06:13:15.972,bybit,SOL/USDT:USDT,184.77,6.8,184.76,140.0,184.78,770.7,184.79,799.0
1753769596071,06:13:16.071,bybit,SOL/USDT:USDT,184.77,6.8,184.76,140.0,184.78,770.7,184.79,783.5
1753769596171,06:13:16.171,bybit,SOL/USDT:USDT,184.77,6.8,184.76,140.0,184.78,658.7,184.79,767.8
1753769596271,06:13:16.271,bybit,SOL/USDT:USDT,184.77,70.4,184.76,134.6,184.78,635.4,184.79,767.8
1753769596372,06:13:16.372,bybit,SOL/USDT:USDT,184.77,24.3,184.76,134.6,184.78,635.4,184.79,767.8
1753769596472,06:13:16.472,bybit,SOL/USDT:USDT,184.77,6.8,184.76,66.0,184.78,634.7,184.79,798.0
1753769596571,06:13:16.571,bybit,SOL/USDT:USDT,184.77,6.8,184.76,66.0,184.78,634.7,184.79,798.0
1753769596672,06:13:16.672,bybit,SOL/USDT:USDT,184.77,6.8,184.76,66.0,184.78,637.3,184.79,798.0
1753769596772,06:13:16.772,bybit,SOL/USDT:USDT,184.77,6.8,184.76,66.0,184.78,637.3,184.79,798.0
1753769596871,06:13:16.871,bybit,SOL/USDT:USDT,184.77,6.8,184.76,66.0,184.78,741.5,184.79,798.0
1753769596971,06:13:16.971,bybit,SOL/USDT:USDT,184.77,26.5,184.76,66.0,184.78,637.3,184.79,798.0
1753769597071,06:13:17.071,bybit,SOL/USDT:USDT,184.77,26.5,184.76,66.0,184.78,637.3,184.79,798.0
1753769597172,06:13:17.172,bybit,SOL/USDT:USDT,184.77,26.5,184.76,66.0,184.78,537.2,184.79,782.1
1753769597271,06:13:17.271,bybit,SOL/USDT:USDT,184.77,26.5,184.76,73.7,184.78,534.7,184.79,767.8
1753769597371,06:13:17.371,bybit,SOL/USDT:USDT,184.77,26.5,184.76,66.0,184.78,634.7,184.79,767.7
1753769597471,06:13:17.471,bybit,SOL/USDT:USDT,184.77,26.5,184.76,60.6,184.78,634.5,184.79,795.6
1753769597571,06:13:17.571,bybit,SOL/USDT:USDT,184.77,6.6,184.76,14.5,184.78,657.7,184.79,795.6
1753769597771,06:13:17.771,bybit,SOL/USDT:USDT,184.77,6.8,184.76,60.6,184.78,643.7,184.79,767.8
1753769597871,06:13:17.871,bybit,SOL/USDT:USDT,184.77,9.9,184.76,76.8,184.78,643.7,184.79,767.8
1753769597971,06:13:17.971,bybit,SOL/USDT:USDT,184.77,9.9,184.76,66.0,184.78,643.7,184.79,795.6
1753769598072,06:13:18.072,bybit,SOL/USDT:USDT,184.77,27.4,184.76,148.0,184.78,537.6,184.79,740.5
1753769598171,06:13:18.171,bybit,SOL/USDT:USDT,184.77,29.7,184.76,60.7,184.78,908.2,184.79,753.7
1753769598272,06:13:18.272,bybit,SOL/USDT:USDT,184.77,9.7,184.76,55.5,184.78,908.2,184.79,753.8
1753769598371,06:13:18.371,bybit,SOL/USDT:USDT,184.77,9.7,184.76,55.3,184.78,921.5,184.79,767.3
1753769598471,06:13:18.471,bybit,SOL/USDT:USDT,184.77,9.7,184.76,69.0,184.78,908.2,184.79,740.6
1753769598571,06:13:18.571,bybit,SOL/USDT:USDT,184.77,9.7,184.76,69.0,184.78,908.2,184.79,740.6
1753769598671,06:13:18.671,bybit,SOL/USDT:USDT,184.77,9.7,184.76,14.8,184.78,908.2,184.79,740.6
1753769598771,06:13:18.771,bybit,SOL/USDT:USDT,184.77,9.7,184.76,14.8,184.78,908.2,184.79,767.5
1753769598871,06:13:18.871,bybit,SOL/USDT:USDT,184.77,9.7,184.76,14.8,184.78,982.4,184.79,768.5
1753769598971,06:13:18.971,bybit,SOL/USDT:USDT,184.77,9.7,184.76,14.8,184.78,908.4,184.79,768.5
1753769599071,06:13:19.071,bybit,SOL/USDT:USDT,184.77,9.7,184.76,14.8,184.78,908.4,184.79,768.5
1753769599172,06:13:19.172,bybit,SOL/USDT:USDT,184.77,9.7,184.76,60.9,184.78,798.4,184.79,754.8
1753769599273,06:13:19.273,bybit,SOL/USDT:USDT,184.77,9.7,184.76,14.8,184.78,898.4,184.79,741.7
1753769599372,06:13:19.372,bybit,SOL/USDT:USDT,184.77,9.7,184.76,60.9,184.78,898.4,184.79,754.8
1753769599472,06:13:19.472,bybit,SOL/USDT:USDT,184.77,10.0,184.76,14.8,184.78,894.5,184.79,754.8
1753769599571,06:13:19.571,bybit,SOL/USDT:USDT,184.77,10.0,184.76,14.8,184.78,894.5,184.79,754.8
1753769599671,06:13:19.671,bybit,SOL/USDT:USDT,184.77,10.0,184.76,14.8,184.78,894.5,184.79,754.8
1753769599771,06:13:19.771,bybit,SOL/USDT:USDT,184.77,10.0,184.76,14.8,184.78,896.2,184.79,754.8
1753769599871,06:13:19.871,bybit,SOL/USDT:USDT,184.77,10.0,184.76,14.8,184.78,983.3,184.79,767.7
1753769599971,06:13:19.971,bybit,SOL/USDT:USDT,184.77,10.0,184.76,14.8,184.78,896.2,184.79,754.8
1753769600072,06:13:20.072,bybit,SOL/USDT:USDT,184.77,30.3,184.76,60.9,184.78,896.2,184.79,741.5
1753769600171,06:13:20.171,bybit,SOL/USDT:USDT,184.77,30.3,184.76,14.8,184.78,893.6,184.79,741.7
1753769600271,06:13:20.271,bybit,SOL/USDT:USDT,184.77,10.0,184.76,14.8,184.78,896.2,184.79,754.8
1753769600371,06:13:20.371,bybit,SOL/USDT:USDT,184.77,10.0,184.76,14.8,184.78,896.2,184.79,754.8
1753769600471,06:13:20.471,bybit,SOL/USDT:USDT,184.77,10.0,184.76,60.9,184.78,780.6,184.79,754.8
1753769600571,06:13:20.571,bybit,SOL/USDT:USDT,184.77,10.0,184.76,60.9,184.78,894.8,184.79,767.2
1753769600671,06:13:20.671,bybit,SOL/USDT:USDT,184.77,10.0,184.76,60.9,184.78,894.8,184.79,754.8
1753769600771,06:13:20.771,bybit,SOL/USDT:USDT,184.77,10.3,184.76,60.9,184.78,819.8,184.79,741.7
1753769600871,06:13:20.871,bybit,SOL/USDT:USDT,184.77,10.3,184.76,129.5,184.78,819.8,184.79,741.7
1753769600971,06:13:20.971,bybit,SOL/USDT:USDT,184.77,10.3,184.76,149.9,184.78,894.8,184.79,741.7
1753769601071,06:13:21.071,bybit,SOL/USDT:USDT,184.77,10.3,184.76,75.9,184.78,894.8,184.79,741.7
1753769601171,06:13:21.171,bybit,SOL/USDT:USDT,184.77,10.3,184.76,143.7,184.78,793.6,184.79,741.7
1753769601272,06:13:21.272,bybit,SOL/USDT:USDT,184.77,10.3,184.76,141.3,184.78,891.0,184.79,741.7
1753769601371,06:13:21.371,bybit,SOL/USDT:USDT,184.77,73.9,184.76,146.7,184.78,891.0,184.79,741.7
1753769601472,06:13:21.472,bybit,SOL/USDT:USDT,184.77,56.4,184.76,92.1,184.78,894.3,184.79,741.7
1753769601972,06:13:21.972,bybit,SOL/USDT:USDT,184.77,17.6,184.76,155.3,184.78,883.6,184.79,741.7
1753769602071,06:13:22.071,bybit,SOL/USDT:USDT,184.77,17.6,184.76,155.3,184.78,894.6,184.79,741.7
1753769602171,06:13:22.171,bybit,SOL/USDT:USDT,184.77,16.2,184.76,75.7,184.78,894.8,184.79,776.5
1753769602271,06:13:22.271,bybit,SOL/USDT:USDT,184.77,16.2,184.76,75.7,184.78,918.1,184.79,776.5
1753769602371,06:13:22.371,bybit,SOL/USDT:USDT,184.77,16.0,184.76,75.7,184.78,892.6,184.79,776.5
1753769602471,06:13:22.471,bybit,SOL/USDT:USDT,184.77,16.0,184.76,75.7,184.78,894.4,184.79,776.5
1753769602572,06:13:22.572,bybit,SOL/USDT:USDT,184.77,16.0,184.76,75.7,184.78,892.6,184.79,752.5
1753769602671,06:13:22.671,bybit,SOL/USDT:USDT,184.77,16.0,184.76,29.6,184.78,892.6,184.79,764.6
1753769602771,06:13:22.771,bybit,SOL/USDT:USDT,184.77,15.9,184.76,29.6,184.78,890.6,184.79,764.6
1753769602872,06:13:22.872,bybit,SOL/USDT:USDT,184.77,15.9,184.76,29.6,184.78,890.6,184.79,764.6
1753769602971,06:13:22.971,bybit,SOL/USDT:USDT,184.77,15.9,184.76,75.7,184.78,890.6,184.79,752.5
1753769603071,06:13:23.071,bybit,SOL/USDT:USDT,184.77,15.9,184.76,75.7,184.78,890.6,184.79,752.5
1753769603171,06:13:23.171,bybit,SOL/USDT:USDT,184.77,15.9,184.76,75.7,184.78,815.6,184.79,752.5
1753769603271,06:13:23.271,bybit,SOL/USDT:USDT,184.77,79.5,184.76,111.9,184.78,815.4,184.79,666.7
1753769603372,06:13:23.372,bybit,SOL/USDT:USDT,184.77,79.5,184.76,92.1,184.78,777.8,184.79,666.7
1753769603471,06:13:23.471,bybit,SOL/USDT:USDT,184.77,79.5,184.76,92.1,184.78,777.8,184.79,666.7
1753769603572,06:13:23.572,bybit,SOL/USDT:USDT,184.77,84.2,184.76,166.1,184.78,632.8,184.79,666.7
1753769603671,06:13:23.671,bybit,SOL/USDT:USDT,184.77,256.3,184.76,273.9,184.78,426.4,184.79,666.7
1753769603771,06:13:23.771,bybit,SOL/USDT:USDT,184.77,275.9,184.76,273.9,184.78,426.4,184.79,666.6
1753769603871,06:13:23.871,bybit,SOL/USDT:USDT,184.77,275.9,184.76,272.1,184.78,426.4,184.79,666.6
1753769603971,06:13:23.971,bybit,SOL/USDT:USDT,184.77,275.9,184.76,284.4,184.78,426.4,184.79,666.6
1753769604071,06:13:24.071,bybit,SOL/USDT:USDT,184.77,275.9,184.76,286.2,184.78,320.1,184.79,351.1
1753769604172,06:13:24.172,bybit,SOL/USDT:USDT,184.77,291.9,184.76,390.7,184.78,325.8,184.79,351.0
1753769604271,06:13:24.271,bybit,SOL/USDT:USDT,184.77,291.9,184.76,390.7,184.78,325.9,184.79,351.0
1753769604372,06:13:24.372,bybit,SOL/USDT:USDT,184.77,291.9,184.76,512.3,184.78,357.0,184.79,351.0
1753769604471,06:13:24.471,bybit,SOL/USDT:USDT,184.77,291.9,184.76,512.3,184.78,357.0,184.79,351.0
1753769604572,06:13:24.572,bybit,SOL/USDT:USDT,184.77,291.5,184.76,512.3,184.78,355.9,184.79,351.0
1753769604671,06:13:24.671,bybit,SOL/USDT:USDT,184.77,291.5,184.76,512.3,184.78,355.9,184.79,351.0
1753769604772,06:13:24.772,bybit,SOL/USDT:USDT,184.77,291.6,184.76,498.8,184.78,355.9,184.79,351.0
1753769604871,06:13:24.871,bybit,SOL/USDT:USDT,184.77,291.6,184.76,498.8,184.78,355.9,184.79,351.0
1753769604971,06:13:24.971,bybit,SOL/USDT:USDT,184.77,291.6,184.76,510.5,184.78,355.9,184.79,351.0
1753769605072,06:13:25.072,bybit,SOL/USDT:USDT,184.77,303.3,184.76,512.3,184.78,355.9,184.79,351.0
1753769605172,06:13:25.172,bybit,SOL/USDT:USDT,184.77,291.6,184.76,498.8,184.78,355.9,184.79,351.0
1753769605271,06:13:25.271,bybit,SOL/USDT:USDT,184.77,287.0,184.76,498.8,184.78,355.9,184.79,351.0
1753769605372,06:13:25.372,bybit,SOL/USDT:USDT,184.77,287.0,184.76,510.5,184.78,355.9,184.79,304.9
1753769605471,06:13:25.471,bybit,SOL/USDT:USDT,184.77,287.0,184.76,498.8,184.78,355.9,184.79,304.9
1753769605572,06:13:25.572,bybit,SOL/USDT:USDT,184.79,810.0,184.78,553.7,184.8,75.6,184.81,47.9
1753769605671,06:13:25.671,bybit,SOL/USDT:USDT,184.79,810.2,184.78,708.5,184.8,120.5,184.81,47.9
1753769605772,06:13:25.772,bybit,SOL/USDT:USDT,184.79,810.2,184.78,708.1,184.8,102.7,184.81,47.9
1753769605872,06:13:25.872,bybit,SOL/USDT:USDT,184.79,817.0,184.78,708.1,184.8,75.2,184.81,75.4
1753769605972,06:13:25.972,bybit,SOL/USDT:USDT,184.79,817.0,184.78,633.0,184.8,75.2,184.81,75.4
1753769606072,06:13:26.072,bybit,SOL/USDT:USDT,184.79,619.5,184.78,614.7,184.8,121.3,184.81,75.4
1753769606171,06:13:26.171,bybit,SOL/USDT:USDT,184.79,642.3,184.78,614.7,184.8,121.3,184.81,75.4
1753769606271,06:13:26.271,bybit,SOL/USDT:USDT,184.79,642.3,184.78,614.7,184.8,121.3,184.81,75.4
1753769606372,06:13:26.372,bybit,SOL/USDT:USDT,184.79,642.3,184.78,614.7,184.8,76.2,184.81,75.4
1753769606471,06:13:26.471,bybit,SOL/USDT:USDT,184.79,642.3,184.78,614.7,184.8,76.1,184.81,75.4
1753769606571,06:13:26.571,bybit,SOL/USDT:USDT,184.79,642.3,184.78,614.7,184.8,76.1,184.81,75.4
1753769606671,06:13:26.671,bybit,SOL/USDT:USDT,184.79,642.3,184.78,614.7,184.8,77.1,184.81,75.4
1753769606771,06:13:26.771,bybit,SOL/USDT:USDT,184.79,716.6,184.78,629.6,184.8,77.6,184.81,75.4
1753769606871,06:13:26.871,bybit,SOL/USDT:USDT,184.79,642.5,184.78,609.9,184.8,77.6,184.81,75.4
1753769606971,06:13:26.971,bybit,SOL/USDT:USDT,184.79,642.2,184.78,609.9,184.8,77.6,184.81,75.4
1753769607071,06:13:27.071,bybit,SOL/USDT:USDT,184.79,642.2,184.78,609.9,184.8,77.6,184.81,75.4
1753769607171,06:13:27.171,bybit,SOL/USDT:USDT,184.79,642.5,184.78,609.9,184.8,77.6,184.81,75.4
1753769607272,06:13:27.272,bybit,SOL/USDT:USDT,184.79,642.5,184.78,609.9,184.8,78.6,184.81,75.4
1753769607371,06:13:27.371,bybit,SOL/USDT:USDT,184.79,642.5,184.78,609.9,184.8,78.6,184.81,75.4
1753769607471,06:13:27.471,bybit,SOL/USDT:USDT,184.79,642.5,184.78,609.9,184.8,78.6,184.81,75.4
1753769607571,06:13:27.571,bybit,SOL/USDT:USDT,184.79,642.5,184.78,609.9,184.8,78.6,184.81,75.4
1753769607671,06:13:27.671,bybit,SOL/USDT:USDT,184.79,619.7,184.78,535.9,184.8,139.3,184.81,100.5
1753769607771,06:13:27.771,bybit,SOL/USDT:USDT,184.79,619.4,184.78,535.9,184.8,164.4,184.81,174.5
1753769607872,06:13:27.872,bybit,SOL/USDT:USDT,184.79,619.2,184.78,535.9,184.8,151.8,184.81,174.5
1753769607971,06:13:27.971,bybit,SOL/USDT:USDT,184.79,574.8,184.78,535.8,184.8,139.3,184.81,174.5
1753769608072,06:13:28.072,bybit,SOL/USDT:USDT,184.79,574.8,184.78,535.8,184.8,139.3,184.81,174.5
1753769608172,06:13:28.172,bybit,SOL/USDT:USDT,184.79,574.8,184.78,535.8,184.8,139.3,184.81,174.5
1753769608271,06:13:28.271,bybit,SOL/USDT:USDT,184.79,595.0,184.78,535.8,184.8,172.9,184.81,174.5
1753769608372,06:13:28.372,bybit,SOL/USDT:USDT,184.79,203.2,184.78,535.2,184.8,191.7,184.81,192.4
1753769608471,06:13:28.471,bybit,SOL/USDT:USDT,184.79,183.0,184.78,535.2,184.8,191.7,184.81,192.4
1753769608571,06:13:28.571,bybit,SOL/USDT:USDT,184.79,159.0,184.78,535.2,184.8,195.1,184.81,314.8
1753769608672,06:13:28.672,bybit,SOL/USDT:USDT,184.79,7.1,184.78,63.4,184.8,301.5,184.81,430.1
1753769608773,06:13:28.773,bybit,SOL/USDT:USDT,184.77,51.4,184.76,488.9,184.78,224.7,184.79,501.2
1753769608871,06:13:28.871,bybit,SOL/USDT:USDT,184.77,55.6,184.76,393.6,184.78,224.7,184.79,486.1
1753769608971,06:13:28.971,bybit,SOL/USDT:USDT,184.77,55.6,184.76,393.6,184.78,224.7,184.79,486.1
1753769609072,06:13:29.072,bybit,SOL/USDT:USDT,184.77,44.6,184.76,436.3,184.78,125.0,184.79,485.6
1753769609171,06:13:29.171,bybit,SOL/USDT:USDT,184.77,94.6,184.76,425.5,184.78,122.3,184.79,485.6
1753769609273,06:13:29.273,bybit,SOL/USDT:USDT,184.77,44.9,184.76,421.9,184.78,101.6,184.79,613.2
1753769609371,06:13:29.371,bybit,SOL/USDT:USDT,184.77,44.6,184.76,416.5,184.78,101.6,184.79,613.2
1753769609472,06:13:29.472,bybit,SOL/USDT:USDT,184.77,44.6,184.76,416.5,184.78,101.6,184.79,613.2
1753769609572,06:13:29.572,bybit,SOL/USDT:USDT,184.77,67.7,184.76,422.2,184.78,85.5,184.79,597.1
1753769609672,06:13:29.672,bybit,SOL/USDT:USDT,184.77,67.7,184.76,403.5,184.78,85.5,184.79,597.1
1753769609772,06:13:29.772,bybit,SOL/USDT:USDT,184.77,67.7,184.76,477.5,184.78,85.5,184.79,597.1
1753769609871,06:13:29.871,bybit,SOL/USDT:USDT,184.77,67.7,184.76,477.5,184.78,85.5,184.79,597.1
1753769609972,06:13:29.972,bybit,SOL/USDT:USDT,184.77,67.5,184.76,475.7,184.78,85.5,184.79,597.1
1753769610071,06:13:30.071,bybit,SOL/USDT:USDT,184.77,67.5,184.76,475.7,184.78,85.5,184.79,597.1
1753769610171,06:13:30.171,bybit,SOL/USDT:USDT,184.77,24.9,184.76,401.7,184.78,100.7,184.79,621.2
1753769610272,06:13:30.272,bybit,SOL/USDT:USDT,184.77,45.1,184.76,390.9,184.78,100.7,184.79,609.2
1753769610371,06:13:30.371,bybit,SOL/USDT:USDT,184.77,65.3,184.76,398.1,184.78,100.7,184.79,597.1
1753769610471,06:13:30.471,bybit,SOL/USDT:USDT,184.77,67.9,184.76,415.5,184.78,100.7,184.79,597.1
1753769610571,06:13:30.571,bybit,SOL/USDT:USDT,184.77,131.3,184.76,393.9,184.78,71.6,184.79,597.1
1753769610771,06:13:30.771,bybit,SOL/USDT:USDT,184.78,117.4,184.77,521.4,184.79,0.2,184.8,77.1
1753769610971,06:13:30.971,bybit,SOL/USDT:USDT,184.79,115.5,184.78,852.9,184.8,122.8,184.81,75.6
1753769611071,06:13:31.071,bybit,SOL/USDT:USDT,184.79,179.8,184.78,852.9,184.8,122.8,184.81,75.6
1753769611171,06:13:31.171,bybit,SOL/USDT:USDT,184.79,182.1,184.78,840.9,184.8,122.8,184.81,75.6
1753769611273,06:13:31.273,bybit,SOL/USDT:USDT,184.79,211.0,184.78,772.6,184.8,76.7,184.81,75.6
1753769611371,06:13:31.371,bybit,SOL/USDT:USDT,184.79,231.2,184.78,796.7,184.8,76.7,184.81,75.6
1753769611472,06:13:31.472,bybit,SOL/USDT:USDT,184.79,243.3,184.78,796.7,184.8,76.6,184.81,75.4
1753769611571,06:13:31.571,bybit,SOL/USDT:USDT,184.79,233.8,184.78,784.6,184.8,76.6,184.81,47.9
1753769611671,06:13:31.671,bybit,SOL/USDT:USDT,184.79,233.8,184.78,772.6,184.8,77.6,184.81,47.9
1753769611772,06:13:31.772,bybit,SOL/USDT:USDT,184.79,409.9,184.78,772.6,184.8,77.6,184.81,47.9
1753769611871,06:13:31.871,bybit,SOL/USDT:USDT,184.79,331.2,184.78,772.6,184.8,77.6,184.81,47.9
1753769611971,06:13:31.971,bybit,SOL/USDT:USDT,184.79,331.2,184.78,756.5,184.8,77.6,184.81,60.0
1753769612071,06:13:32.071,bybit,SOL/USDT:USDT,184.79,331.2,184.78,756.5,184.8,77.6,184.81,60.0
1753769612272,06:13:32.272,bybit,SOL/USDT:USDT,184.79,331.2,184.78,756.5,184.8,77.6,184.81,60.0
1753769612371,06:13:32.371,bybit,SOL/USDT:USDT,184.79,331.2,184.78,756.5,184.8,77.6,184.81,60.0
1753769612472,06:13:32.472,bybit,SOL/USDT:USDT,184.79,331.2,184.78,756.5,184.8,77.6,184.81,60.0
1753769612571,06:13:32.571,bybit,SOL/USDT:USDT,184.79,331.2,184.78,756.5,184.8,77.6,184.81,60.0
1753769612772,06:13:32.772,bybit,SOL/USDT:USDT,184.79,331.2,184.78,756.5,184.8,77.6,184.81,134.0
1753769612871,06:13:32.871,bybit,SOL/USDT:USDT,184.79,331.2,184.78,756.5,184.8,77.6,184.81,60.0
1753769612971,06:13:32.971,bybit,SOL/USDT:USDT,184.79,331.2,184.78,756.5,184.8,77.6,184.81,60.0
1753769613072,06:13:33.072,bybit,SOL/USDT:USDT,184.79,331.2,184.78,756.5,184.8,77.6,184.81,47.9
1753769613171,06:13:33.171,bybit,SOL/USDT:USDT,184.79,331.2,184.78,756.5,184.8,77.6,184.81,47.9
1753769613271,06:13:33.271,bybit,SOL/USDT:USDT,184.79,331.2,184.78,756.5,184.8,77.6,184.81,60.0
1753769613371,06:13:33.371,bybit,SOL/USDT:USDT,184.79,331.2,184.78,756.5,184.8,52.2,184.81,59.8
1753769613471,06:13:33.471,bybit,SOL/USDT:USDT,184.79,331.5,184.78,756.5,184.8,52.2,184.81,48.1
1753769613571,06:13:33.571,bybit,SOL/USDT:USDT,184.79,331.5,184.78,756.5,184.8,56.1,184.81,48.1
1753769613672,06:13:33.672,bybit,SOL/USDT:USDT,184.79,405.5,184.78,756.5,184.8,56.1,184.81,108.1
1753769613771,06:13:33.771,bybit,SOL/USDT:USDT,184.79,331.2,184.78,756.5,184.8,58.7,184.81,108.1
1753769613875,06:13:33.875,bybit,SOL/USDT:USDT,184.79,201.9,184.78,682.5,184.8,238.2,184.81,209.1
1753769613972,06:13:33.972,bybit,SOL/USDT:USDT,184.77,9.0,184.76,562.6,184.78,24.9,184.79,459.8
1753769614072,06:13:34.072,bybit,SOL/USDT:USDT,184.77,26.5,184.76,494.7,184.78,289.8,184.79,398.2
1753769614172,06:13:34.172,bybit,SOL/USDT:USDT,184.77,109.1,184.76,489.1,184.78,229.4,184.79,574.0
1753769614271,06:13:34.271,bybit,SOL/USDT:USDT,184.77,109.1,184.76,505.3,184.78,229.4,184.79,385.8
1753769614372,06:13:34.372,bybit,SOL/USDT:USDT,184.77,22.1,184.76,374.8,184.78,229.4,184.79,582.5
1753769614772,06:13:34.772,bybit,SOL/USDT:USDT,184.76,9.2,184.75,156.6,184.77,620.7,184.78,544.1
1753769615073,06:13:35.073,bybit,SOL/USDT:USDT,184.77,162.5,184.76,408.8,184.78,127.7,184.79,707.0
1753769615372,06:13:35.372,bybit,SOL/USDT:USDT,184.77,583.6,184.76,746.4,184.78,54.1,184.79,0.3
1753769615472,06:13:35.472,bybit,SOL/USDT:USDT,184.77,508.3,184.76,865.3,184.78,57.9,184.79,0.3
1753769615571,06:13:35.571,bybit,SOL/USDT:USDT,184.77,508.3,184.76,863.9,184.78,57.9,184.79,0.3
1753769615671,06:13:35.671,bybit,SOL/USDT:USDT,184.77,560.6,184.76,842.2,184.78,57.9,184.79,46.4
1753769615772,06:13:35.772,bybit,SOL/USDT:USDT,184.77,242.1,184.76,813.0,184.78,60.5,184.79,93.6
1753769615871,06:13:35.871,bybit,SOL/USDT:USDT,184.77,292.2,184.76,731.9,184.78,104.0,184.79,93.6
1753769615971,06:13:35.971,bybit,SOL/USDT:USDT,184.77,292.2,184.76,731.9,184.78,104.0,184.79,93.6
1753769616072,06:13:36.072,bybit,SOL/USDT:USDT,184.77,294.8,184.76,732.0,184.78,57.9,184.79,46.4
1753769616180,06:13:36.180,bybit,SOL/USDT:USDT,184.77,421.9,184.76,757.3,184.78,57.9,184.79,0.3
1753769616272,06:13:36.272,bybit,SOL/USDT:USDT,184.77,426.7,184.76,838.4,184.78,57.9,184.79,0.3
1753769616371,06:13:36.371,bybit,SOL/USDT:USDT,184.77,427.7,184.76,838.4,184.78,57.9,184.79,0.3
1753769616471,06:13:36.471,bybit,SOL/USDT:USDT,184.77,427.7,184.76,838.8,184.78,57.9,184.79,0.3
1753769616571,06:13:36.571,bybit,SOL/USDT:USDT,184.77,427.7,184.76,859.3,184.78,57.9,184.79,0.3
1753769616671,06:13:36.671,bybit,SOL/USDT:USDT,184.77,479.5,184.76,859.3,184.78,57.9,184.79,0.3
1753769616771,06:13:36.771,bybit,SOL/USDT:USDT,184.77,479.5,184.76,846.6,184.78,57.9,184.79,0.3
1753769616871,06:13:36.871,bybit,SOL/USDT:USDT,184.77,479.5,184.76,846.6,184.78,57.9,184.79,0.3
1753769616971,06:13:36.971,bybit,SOL/USDT:USDT,184.77,479.5,184.76,847.6,184.78,57.9,184.79,0.3
1753769617071,06:13:37.071,bybit,SOL/USDT:USDT,184.77,504.8,184.76,860.3,184.78,57.9,184.79,0.3
1753769617172,06:13:37.172,bybit,SOL/USDT:USDT,184.77,489.3,184.76,860.3,184.78,57.9,184.79,0.3
1753769617273,06:13:37.273,bybit,SOL/USDT:USDT,184.77,503.8,184.76,860.3,184.78,62.0,184.79,0.3
1753769617671,06:13:37.671,bybit,SOL/USDT:USDT,184.77,477.7,184.76,835.0,184.78,60.2,184.79,8.2
1753769617771,06:13:37.771,bybit,SOL/USDT:USDT,184.77,477.7,184.76,847.6,184.78,60.2,184.79,54.2
1753769617871,06:13:37.871,bybit,SOL/USDT:USDT,184.77,477.7,184.76,847.6,184.78,60.2,184.79,54.2
1753769617971,06:13:37.971,bybit,SOL/USDT:USDT,184.77,400.1,184.76,819.0,184.78,123.8,184.79,94.1
1753769618072,06:13:38.072,bybit,SOL/USDT:USDT,184.77,400.1,184.76,737.5,184.78,123.8,184.79,93.6
1753769618171,06:13:38.171,bybit,SOL/USDT:USDT,184.77,370.2,184.76,737.5,184.78,135.8,184.79,93.6
1753769618272,06:13:38.272,bybit,SOL/USDT:USDT,184.77,270.0,184.76,737.5,184.78,135.8,184.79,168.1
1753769618371,06:13:38.371,bybit,SOL/USDT:USDT,184.77,264.3,184.76,745.4,184.78,106.7,184.79,120.5
1753769618471,06:13:38.471,bybit,SOL/USDT:USDT,184.77,364.3,184.76,729.2,184.78,60.6,184.79,120.5
1753769618572,06:13:38.572,bybit,SOL/USDT:USDT,184.77,367.8,184.76,711.7,184.78,60.6,184.79,120.5
1753769618671,06:13:38.671,bybit,SOL/USDT:USDT,184.77,391.9,184.76,723.8,184.78,60.6,184.79,46.5
1753769618771,06:13:38.771,bybit,SOL/USDT:USDT,184.77,391.9,184.76,723.8,184.78,60.6,184.79,46.5
1753769618871,06:13:38.871,bybit,SOL/USDT:USDT,184.77,379.8,184.76,724.2,184.78,60.6,184.79,46.5
1753769618971,06:13:38.971,bybit,SOL/USDT:USDT,184.77,396.7,184.76,724.2,184.78,60.6,184.79,0.4
1753769619071,06:13:39.071,bybit,SOL/USDT:USDT,184.77,471.7,184.76,724.2,184.78,59.0,184.79,0.4
1753769619171,06:13:39.171,bybit,SOL/USDT:USDT,184.77,471.7,184.76,805.3,184.78,59.0,184.79,0.4
1753769619272,06:13:39.272,bybit,SOL/USDT:USDT,184.77,471.7,184.76,805.3,184.78,59.0,184.79,0.4
1753769619372,06:13:39.372,bybit,SOL/USDT:USDT,184.77,459.6,184.76,805.3,184.78,59.0,184.79,0.4
1753769619471,06:13:39.471,bybit,SOL/USDT:USDT,184.77,447.6,184.76,793.2,184.78,59.0,184.79,0.4
1753769619571,06:13:39.571,bybit,SOL/USDT:USDT,184.77,472.7,184.76,806.7,184.78,53.6,184.79,0.4
1753769619672,06:13:39.672,bybit,SOL/USDT:USDT,184.77,461.0,184.76,793.2,184.78,53.6,184.79,0.4
1753769619772,06:13:39.772,bybit,SOL/USDT:USDT,184.77,461.0,184.76,793.2,184.78,53.6,184.79,0.4
1753769619871,06:13:39.871,bybit,SOL/USDT:USDT,184.77,337.4,184.76,804.8,184.78,53.6,184.79,0.4
1753769619972,06:13:39.972,bybit,SOL/USDT:USDT,184.77,462.3,184.76,804.8,184.78,53.6,184.79,0.4
1753769620071,06:13:40.071,bybit,SOL/USDT:USDT,184.77,467.1,184.76,804.8,184.78,53.6,184.79,0.4
1753769620173,06:13:40.173,bybit,SOL/USDT:USDT,184.78,938.1,184.77,653.2,184.79,0.1,184.8,57.7
1753769620271,06:13:40.271,bybit,SOL/USDT:USDT,184.78,1025.0,184.77,560.5,184.79,0.1,184.8,57.5
1753769620371,06:13:40.371,bybit,SOL/USDT:USDT,184.78,1027.8,184.77,559.5,184.79,0.1,184.8,57.5
1753769620471,06:13:40.471,bybit,SOL/USDT:USDT,184.78,1029.1,184.77,559.5,184.79,54.2,184.8,57.5
1753769620571,06:13:40.571,bybit,SOL/USDT:USDT,184.78,1029.1,184.77,559.5,184.79,54.2,184.8,57.5
1753769620671,06:13:40.671,bybit,SOL/USDT:USDT,184.78,928.1,184.77,559.5,184.79,54.2,184.8,57.5
1753769620772,06:13:40.772,bybit,SOL/USDT:USDT,184.78,928.1,184.77,559.5,184.79,54.2,184.8,57.5
1753769620871,06:13:40.871,bybit,SOL/USDT:USDT,184.78,952.8,184.77,653.9,184.79,62.0,184.8,11.4
1753769620971,06:13:40.971,bybit,SOL/USDT:USDT,184.78,952.8,184.77,653.9,184.79,62.0,184.8,11.4
1753769621071,06:13:41.071,bybit,SOL/USDT:USDT,184.78,952.8,184.77,653.9,184.79,62.0,184.8,11.4
1753769621172,06:13:41.172,bybit,SOL/USDT:USDT,184.78,896.8,184.77,688.4,184.79,62.0,184.8,11.3
1753769621272,06:13:41.272,bybit,SOL/USDT:USDT,184.78,886.3,184.77,688.4,184.79,62.0,184.8,11.3
1753769621371,06:13:41.371,bybit,SOL/USDT:USDT,184.78,886.3,184.77,676.9,184.79,62.0,184.8,11.3
1753769621472,06:13:41.472,bybit,SOL/USDT:USDT,184.78,874.9,184.77,676.9,184.79,62.0,184.8,11.3
1753769621572,06:13:41.572,bybit,SOL/USDT:USDT,184.78,870.1,184.77,676.9,184.79,62.0,184.8,11.3
1753769621672,06:13:41.672,bybit,SOL/USDT:USDT,184.78,948.9,184.77,676.9,184.79,62.0,184.8,11.3
1753769621772,06:13:41.772,bybit,SOL/USDT:USDT,184.78,948.9,184.77,676.9,184.79,62.0,184.8,11.3
1753769621872,06:13:41.872,bybit,SOL/USDT:USDT,184.78,948.9,184.77,675.1,184.79,62.1,184.8,11.3
1753769621971,06:13:41.971,bybit,SOL/USDT:USDT,184.78,892.8,184.77,675.1,184.79,62.1,184.8,11.3
1753769622071,06:13:42.071,bybit,SOL/USDT:USDT,184.78,1004.1,184.77,686.5,184.79,63.5,184.8,11.3
1753769622171,06:13:42.171,bybit,SOL/USDT:USDT,184.78,1008.9,184.77,686.5,184.79,63.5,184.8,11.3
1753769622272,06:13:42.272,bybit,SOL/USDT:USDT,184.78,997.6,184.77,675.1,184.79,63.5,184.8,11.3
1753769622371,06:13:42.371,bybit,SOL/USDT:USDT,184.78,923.6,184.77,663.6,184.79,63.5,184.8,57.4
1753769622671,06:13:42.671,bybit,SOL/USDT:USDT,184.78,787.9,184.77,554.0,184.79,65.8,184.8,57.4
1753769622871,06:13:42.871,bybit,SOL/USDT:USDT,184.78,789.8,184.77,554.0,184.79,65.8,184.8,57.4
1753769622971,06:13:42.971,bybit,SOL/USDT:USDT,184.78,790.5,184.77,554.0,184.79,65.8,184.8,57.4
1753769623072,06:13:43.072,bybit,SOL/USDT:USDT,184.78,813.2,184.77,594.5,184.79,65.8,184.8,11.3
1753769623171,06:13:43.171,bybit,SOL/USDT:USDT,184.78,867.3,184.77,675.6,184.79,65.8,184.8,11.3
1753769623271,06:13:43.271,bybit,SOL/USDT:USDT,184.78,856.0,184.77,596.3,184.79,65.8,184.8,57.4
1753769623371,06:13:43.371,bybit,SOL/USDT:USDT,184.78,869.7,184.77,689.5,184.79,66.1,184.8,11.3
1753769623472,06:13:43.472,bybit,SOL/USDT:USDT,184.78,858.3,184.77,689.5,184.79,66.1,184.8,11.3
1753769623571,06:13:43.571,bybit,SOL/USDT:USDT,184.78,921.0,184.77,741.4,184.79,66.1,184.8,11.3
1753769623672,06:13:43.672,bybit,SOL/USDT:USDT,184.8,643.5,184.79,499.1,184.81,46.1,184.82,135.2
1753769623772,06:13:43.772,bybit,SOL/USDT:USDT,184.8,737.6,184.79,501.1,184.81,104.4,184.82,146.9
1753769623871,06:13:43.871,bybit,SOL/USDT:USDT,184.8,740.2,184.79,588.7,184.81,54.1,184.82,124.2
1753769623971,06:13:43.971,bybit,SOL/USDT:USDT,184.8,740.2,184.79,588.7,184.81,54.1,184.82,124.2
1753769624072,06:13:44.072,bybit,SOL/USDT:USDT,184.8,740.2,184.79,588.7,184.81,54.1,184.82,124.2
1753769624171,06:13:44.171,bybit,SOL/USDT:USDT,184.8,740.2,184.79,589.1,184.81,54.1,184.82,124.2
1753769624272,06:13:44.272,bybit,SOL/USDT:USDT,184.8,740.2,184.79,600.8,184.81,69.5,184.82,124.2
1753769624372,06:13:44.372,bybit,SOL/USDT:USDT,184.8,809.9,184.79,732.7,184.81,43.9,184.82,4.1
1753769624471,06:13:44.471,bybit,SOL/USDT:USDT,184.8,810.1,184.79,743.5,184.81,43.9,184.82,3.5
1753769624571,06:13:44.571,bybit,SOL/USDT:USDT,184.8,873.3,184.79,716.5,184.81,50.9,184.82,3.5
1753769624671,06:13:44.671,bybit,SOL/USDT:USDT,184.8,846.3,184.79,741.7,184.81,50.9,184.82,3.5
1753769624771,06:13:44.771,bybit,SOL/USDT:USDT,184.8,838.7,184.79,741.7,184.81,50.9,184.82,3.5
1753769624872,06:13:44.872,bybit,SOL/USDT:USDT,184.8,848.5,184.79,741.5,184.81,50.9,184.82,4.2
1753769624971,06:13:44.971,bybit,SOL/USDT:USDT,184.8,850.3,184.79,741.5,184.81,50.9,184.82,4.2
1753769625071,06:13:45.071,bybit,SOL/USDT:USDT,184.8,850.3,184.79,741.5,184.81,50.9,184.82,4.2
1753769625171,06:13:45.171,bybit,SOL/USDT:USDT,184.8,850.3,184.79,741.5,184.81,50.9,184.82,4.2
1753769625273,06:13:45.273,bybit,SOL/USDT:USDT,184.8,503.0,184.79,730.7,184.81,50.3,184.82,50.3
1753769625372,06:13:45.372,bybit,SOL/USDT:USDT,184.8,503.0,184.79,729.5,184.81,51.3,184.82,4.2
1753769625471,06:13:45.471,bybit,SOL/USDT:USDT,184.8,505.8,184.79,729.5,184.81,51.3,184.82,4.2
1753769625573,06:13:45.573,bybit,SOL/USDT:USDT,184.82,768.3,184.81,1262.9,184.83,64.5,184.84,5.1
1753769625671,06:13:45.671,bybit,SOL/USDT:USDT,184.82,867.5,184.81,1341.2,184.83,64.5,184.84,5.1
1753769625771,06:13:45.771,bybit,SOL/USDT:USDT,184.82,867.5,184.81,1341.2,184.83,64.5,184.84,51.2
1753769625871,06:13:45.871,bybit,SOL/USDT:USDT,184.82,791.7,184.81,1341.2,184.83,64.5,184.84,51.2
1753769625972,06:13:45.972,bybit,SOL/USDT:USDT,184.82,792.5,184.81,1340.8,184.83,64.5,184.84,51.2
1753769626071,06:13:46.071,bybit,SOL/USDT:USDT,184.82,792.5,184.81,1307.7,184.83,64.5,184.84,5.1
1753769626171,06:13:46.171,bybit,SOL/USDT:USDT,184.82,792.5,184.81,1216.6,184.83,64.5,184.84,5.1
1753769626272,06:13:46.272,bybit,SOL/USDT:USDT,184.82,794.3,184.81,1297.7,184.83,65.6,184.84,5.1
1753769626371,06:13:46.371,bybit,SOL/USDT:USDT,184.82,794.3,184.81,1299.9,184.83,65.8,184.84,51.2
1753769626471,06:13:46.471,bybit,SOL/USDT:USDT,184.82,794.3,184.81,1299.9,184.83,65.8,184.84,51.2
1753769626571,06:13:46.571,bybit,SOL/USDT:USDT,184.82,794.3,184.81,1300.0,184.83,65.8,184.84,51.2
1753769626671,06:13:46.671,bybit,SOL/USDT:USDT,184.82,794.3,184.81,1300.0,184.83,65.8,184.84,51.2
1753769626772,06:13:46.772,bybit,SOL/USDT:USDT,184.82,794.3,184.81,1300.0,184.83,65.8,184.84,5.1
1753769626871,06:13:46.871,bybit,SOL/USDT:USDT,184.82,794.3,184.81,1305.0,184.83,65.8,184.84,5.1
1753769626971,06:13:46.971,bybit,SOL/USDT:USDT,184.82,794.3,184.81,1337.4,184.83,65.8,184.84,51.2
1753769627071,06:13:47.071,bybit,SOL/USDT:USDT,184.82,794.3,184.81,1337.4,184.83,65.8,184.84,51.2
1753769627172,06:13:47.172,bybit,SOL/USDT:USDT,184.82,790.9,184.81,1303.1,184.83,65.8,184.84,59.0
1753769627274,06:13:47.274,bybit,SOL/USDT:USDT,184.82,792.4,184.81,1281.5,184.83,65.8,184.84,51.2
1753769627371,06:13:47.371,bybit,SOL/USDT:USDT,184.82,792.4,184.81,1281.5,184.83,65.8,184.84,51.2
1753769627471,06:13:47.471,bybit,SOL/USDT:USDT,184.82,792.4,184.81,1281.5,184.83,73.8,184.84,61.3
1753769627571,06:13:47.571,bybit,SOL/USDT:USDT,184.82,792.7,184.81,1281.5,184.83,73.8,184.84,51.2
1753769627672,06:13:47.672,bybit,SOL/USDT:USDT,184.82,797.2,184.81,1283.3,184.83,74.9,184.84,51.2
1753769627772,06:13:47.772,bybit,SOL/USDT:USDT,184.82,799.8,184.81,1283.3,184.83,74.9,184.84,51.2
1753769627872,06:13:47.872,bybit,SOL/USDT:USDT,184.82,799.8,184.81,1180.8,184.83,74.9,184.84,51.2
1753769627971,06:13:47.971,bybit,SOL/USDT:USDT,184.82,799.8,184.81,1180.8,184.83,74.9,184.84,51.2
1753769628071,06:13:48.071,bybit,SOL/USDT:USDT,184.82,799.8,184.81,1180.8,184.83,74.9,184.84,51.2
1753769628172,06:13:48.172,bybit,SOL/USDT:USDT,184.82,796.0,184.81,1180.8,184.83,74.9,184.84,61.3
1753769628271,06:13:48.271,bybit,SOL/USDT:USDT,184.82,796.2,184.81,1180.8,184.83,74.9,184.84,51.2
1753769628371,06:13:48.371,bybit,SOL/USDT:USDT,184.82,796.2,184.81,1099.7,184.83,74.9,184.84,51.2
1753769628471,06:13:48.471,bybit,SOL/USDT:USDT,184.82,796.2,184.81,1099.7,184.83,74.9,184.84,51.2
1753769628572,06:13:48.572,bybit,SOL/USDT:USDT,184.84,46.1,184.83,409.2,184.85,277.9,184.86,1047.7
1753769628672,06:13:48.672,bybit,SOL/USDT:USDT,184.84,53.8,184.83,311.8,184.85,377.9,184.86,1034.8
1753769628771,06:13:48.771,bybit,SOL/USDT:USDT,184.84,16.0,184.83,215.8,184.85,453.6,184.86,1048.8
1753769628872,06:13:48.872,bybit,SOL/USDT:USDT,184.83,86.1,184.82,391.8,184.84,192.0,184.85,418.5
1753769628971,06:13:48.971,bybit,SOL/USDT:USDT,184.83,74.1,184.82,391.8,184.84,192.0,184.85,418.5
1753769629072,06:13:49.072,bybit,SOL/USDT:USDT,184.83,74.1,184.82,391.8,184.84,192.0,184.85,418.5
1753769629172,06:13:49.172,bybit,SOL/USDT:USDT,184.83,74.1,184.82,391.8,184.84,246.1,184.85,418.5
1753769629273,06:13:49.273,bybit,SOL/USDT:USDT,184.83,74.1,184.82,391.8,184.84,246.1,184.85,404.8
1753769629372,06:13:49.372,bybit,SOL/USDT:USDT,184.83,74.1,184.82,391.8,184.84,246.1,184.85,418.5
1753769629471,06:13:49.471,bybit,SOL/USDT:USDT,184.83,74.1,184.82,390.8,184.84,246.1,184.85,391.1
1753769629571,06:13:49.571,bybit,SOL/USDT:USDT,184.83,36.4,184.82,390.8,184.84,348.7,184.85,540.9
1753769629671,06:13:49.671,bybit,SOL/USDT:USDT,184.83,27.4,184.82,5.3,184.84,376.1,184.85,572.2
1753769629971,06:13:49.971,bybit,SOL/USDT:USDT,184.82,240.1,184.81,458.7,184.83,75.4,184.84,100.5
1753769630071,06:13:50.071,bybit,SOL/USDT:USDT,184.82,241.1,184.81,458.7,184.83,75.4,184.84,100.5
1753769630171,06:13:50.171,bybit,SOL/USDT:USDT,184.82,238.5,184.81,437.1,184.83,75.4,184.84,100.5
1753769630272,06:13:50.272,bybit,SOL/USDT:USDT,184.82,238.5,184.81,437.1,184.83,75.4,184.84,100.5
1753769630371,06:13:50.371,bybit,SOL/USDT:USDT,184.82,241.1,184.81,455.8,184.83,26.7,184.84,100.5
1753769630473,06:13:50.473,bybit,SOL/USDT:USDT,184.83,713.5,184.82,677.7,184.84,54.3,184.85,164.4
1753769630572,06:13:50.572,bybit,SOL/USDT:USDT,184.83,691.5,184.82,661.8,184.84,56.7,184.85,164.4
1753769630672,06:13:50.672,bybit,SOL/USDT:USDT,184.83,691.5,184.82,675.6,184.84,56.7,184.85,128.4
1753769630772,06:13:50.772,bybit,SOL/USDT:USDT,184.83,582.3,184.82,586.1,184.84,107.0,184.85,128.4
1753769630971,06:13:50.971,bybit,SOL/USDT:USDT,184.83,584.9,184.82,585.1,184.84,102.8,184.85,142.1
1753769631072,06:13:51.072,bybit,SOL/USDT:USDT,184.83,584.9,184.82,585.1,184.84,102.8,184.85,128.4
1753769631172,06:13:51.172,bybit,SOL/USDT:USDT,184.83,584.9,184.82,585.1,184.84,113.3,184.85,128.4
1753769631271,06:13:51.271,bybit,SOL/USDT:USDT,184.83,584.9,184.82,567.1,184.84,113.3,184.85,142.1
1753769631372,06:13:51.372,bybit,SOL/USDT:USDT,184.83,584.9,184.82,567.1,184.84,113.3,184.85,142.1
1753769631471,06:13:51.471,bybit,SOL/USDT:USDT,184.83,582.3,184.82,463.6,184.84,113.3,184.85,155.8
1753769631571,06:13:51.571,bybit,SOL/USDT:USDT,184.83,582.3,184.82,463.6,184.84,113.3,184.85,155.8
1753769631671,06:13:51.671,bybit,SOL/USDT:USDT,184.83,582.3,184.82,463.6,184.84,121.1,184.85,155.8
1753769631772,06:13:51.772,bybit,SOL/USDT:USDT,184.83,582.3,184.82,463.6,184.84,121.1,184.85,155.8
1753769631871,06:13:51.871,bybit,SOL/USDT:USDT,184.83,582.3,184.82,463.6,184.84,121.1,184.85,155.8
1753769631971,06:13:51.971,bybit,SOL/USDT:USDT,184.83,582.3,184.82,463.6,184.84,121.1,184.85,155.8
1753769632071,06:13:52.071,bybit,SOL/USDT:USDT,184.83,582.3,184.82,463.6,184.84,121.1,184.85,142.1
1753769632171,06:13:52.171,bybit,SOL/USDT:USDT,184.83,584.9,184.82,463.6,184.84,110.6,184.85,128.4
1753769632272,06:13:52.272,bybit,SOL/USDT:USDT,184.83,584.9,184.82,463.6,184.84,110.6,184.85,142.1
1753769632371,06:13:52.371,bybit,SOL/USDT:USDT,184.83,66.5,184.82,409.7,184.84,266.4,184.85,356.0
1753769632473,06:13:52.473,bybit,SOL/USDT:USDT,184.82,113.4,184.81,541.6,184.83,226.7,184.84,461.4
1753769632571,06:13:52.571,bybit,SOL/USDT:USDT,184.82,61.4,184.81,472.5,184.83,226.8,184.84,361.4
1753769632672,06:13:52.672,bybit,SOL/USDT:USDT,184.82,118.1,184.81,450.5,184.83,102.7,184.84,347.7
1753769632771,06:13:52.771,bybit,SOL/USDT:USDT,184.82,146.0,184.81,434.3,184.83,98.8,184.84,334.0
1753769632971,06:13:52.971,bybit,SOL/USDT:USDT,184.82,192.2,184.81,462.9,184.83,63.5,184.84,247.0
1753769633072,06:13:53.072,bybit,SOL/USDT:USDT,184.82,194.8,184.81,462.9,184.83,63.5,184.84,247.0
1753769633171,06:13:53.171,bybit,SOL/USDT:USDT,184.82,194.8,184.81,462.9,184.83,60.9,184.84,242.8
1753769633273,06:13:53.273,bybit,SOL/USDT:USDT,184.82,191.2,184.81,525.3,184.83,60.9,184.84,242.8
1753769633371,06:13:53.371,bybit,SOL/USDT:USDT,184.82,194.9,184.81,496.7,184.83,60.9,184.84,242.8
1753769633471,06:13:53.471,bybit,SOL/USDT:USDT,184.82,194.9,184.81,496.7,184.83,60.9,184.84,316.8
1753769633571,06:13:53.571,bybit,SOL/USDT:USDT,184.82,194.9,184.81,496.7,184.83,68.5,184.84,316.8
1753769633671,06:13:53.671,bybit,SOL/USDT:USDT,184.82,194.9,184.81,496.7,184.83,68.5,184.84,316.8
1753769633771,06:13:53.771,bybit,SOL/USDT:USDT,184.82,194.9,184.81,496.7,184.83,68.5,184.84,316.8
1753769633871,06:13:53.871,bybit,SOL/USDT:USDT,184.82,194.9,184.81,496.7,184.83,68.5,184.84,316.8
1753769633972,06:13:53.972,bybit,SOL/USDT:USDT,184.82,194.9,184.81,496.7,184.83,68.5,184.84,316.8
1753769634072,06:13:54.072,bybit,SOL/USDT:USDT,184.82,194.9,184.81,496.7,184.83,68.5,184.84,330.5
1753769634172,06:13:54.172,bybit,SOL/USDT:USDT,184.82,194.9,184.81,496.7,184.83,68.5,184.84,316.8
1753769634271,06:13:54.271,bybit,SOL/USDT:USDT,184.82,194.9,184.81,496.7,184.83,68.5,184.84,316.8
1753769634371,06:13:54.371,bybit,SOL/USDT:USDT,184.82,194.9,184.81,496.7,184.83,68.5,184.84,316.8
1753769634471,06:13:54.471,bybit,SOL/USDT:USDT,184.82,194.9,184.81,496.7,184.83,68.5,184.84,242.8
1753769634571,06:13:54.571,bybit,SOL/USDT:USDT,184.82,194.9,184.81,496.7,184.83,60.9,184.84,242.8
1753769634671,06:13:54.671,bybit,SOL/USDT:USDT,184.82,194.9,184.81,496.7,184.83,68.8,184.84,242.8
1753769634772,06:13:54.772,bybit,SOL/USDT:USDT,184.82,195.9,184.81,496.7,184.83,69.9,184.84,242.8
1753769634871,06:13:54.871,bybit,SOL/USDT:USDT,184.82,194.9,184.81,496.7,184.83,69.9,184.84,242.8
1753769634971,06:13:54.971,bybit,SOL/USDT:USDT,184.82,197.5,184.81,496.7,184.83,70.8,184.84,242.8
1753769635071,06:13:55.071,bybit,SOL/USDT:USDT,184.82,200.6,184.81,496.7,184.83,68.2,184.84,242.8
1753769635172,06:13:55.172,bybit,SOL/USDT:USDT,184.82,214.6,184.81,552.8,184.83,22.1,184.84,530.3
1753769635271,06:13:55.271,bybit,SOL/USDT:USDT,184.82,200.6,184.81,539.1,184.83,22.1,184.84,530.3
1753769635472,06:13:55.472,bybit,SOL/USDT:USDT,184.82,273.3,184.81,525.4,184.83,24.8,184.84,483.6
1753769635571,06:13:55.571,bybit,SOL/USDT:USDT,184.82,273.3,184.81,539.1,184.83,24.8,184.84,483.6
1753769635672,06:13:55.672,bybit,SOL/USDT:USDT,184.82,273.3,184.81,525.4,184.83,22.3,184.84,483.6
1753769635772,06:13:55.772,bybit,SOL/USDT:USDT,184.82,273.3,184.81,525.4,184.83,22.3,184.84,483.6
1753769635872,06:13:55.872,bybit,SOL/USDT:USDT,184.82,289.6,184.81,554.6,184.83,32.1,184.84,483.6
1753769635971,06:13:55.971,bybit,SOL/USDT:USDT,184.82,275.9,184.81,539.1,184.83,32.1,184.84,483.6
1753769636071,06:13:56.071,bybit,SOL/USDT:USDT,184.82,289.6,184.81,552.8,184.83,32.1,184.84,483.6
1753769636172,06:13:56.172,bybit,SOL/USDT:USDT,184.82,321.7,184.81,761.8,184.83,40.0,184.84,352.4
1753769636271,06:13:56.271,bybit,SOL/USDT:USDT,184.82,319.9,184.81,832.1,184.83,40.0,184.84,352.4
1753769636771,06:13:56.771,bybit,SOL/USDT:USDT,184.82,442.7,184.81,729.6,184.83,41.7,184.84,352.4
1753769636971,06:13:56.971,bybit,SOL/USDT:USDT,184.82,431.7,184.81,814.8,184.83,59.8,184.84,352.4
1753769637071,06:13:57.071,bybit,SOL/USDT:USDT,184.82,322.1,184.81,733.7,184.83,59.8,184.84,352.4
1753769637171,06:13:57.171,bybit,SOL/USDT:USDT,184.82,322.1,184.81,814.8,184.83,59.8,184.84,352.4
1753769637272,06:13:57.272,bybit,SOL/USDT:USDT,184.82,322.1,184.81,814.8,184.83,59.8,184.84,352.4
1753769637371,06:13:57.371,bybit,SOL/USDT:USDT,184.82,322.1,184.81,814.8,184.83,59.8,184.84,352.4
1753769637472,06:13:57.472,bybit,SOL/USDT:USDT,184.83,1285.5,184.82,681.1,184.84,352.2,184.85,0.5
1753769637571,06:13:57.571,bybit,SOL/USDT:USDT,184.83,1283.9,184.82,679.1,184.84,352.1,184.85,0.5
1753769637672,06:13:57.672,bybit,SOL/USDT:USDT,184.83,1283.9,184.82,679.1,184.84,352.1,184.85,0.5
1753769637772,06:13:57.772,bybit,SOL/USDT:USDT,184.83,889.9,184.82,677.3,184.84,352.1,184.85,14.2
1753769637871,06:13:57.871,bybit,SOL/USDT:USDT,184.83,889.9,184.82,677.3,184.84,352.1,184.85,14.2
1753769637971,06:13:57.971,bybit,SOL/USDT:USDT,184.83,889.9,184.82,677.3,184.84,352.1,184.85,14.2
1753769638071,06:13:58.071,bybit,SOL/USDT:USDT,184.83,889.9,184.82,677.3,184.84,352.1,184.85,0.5
1753769638171,06:13:58.171,bybit,SOL/USDT:USDT,184.83,892.5,184.82,677.3,184.84,352.1,184.85,0.5
1753769638271,06:13:58.271,bybit,SOL/USDT:USDT,184.83,892.5,184.82,677.3,184.84,352.1,184.85,0.5
1753769638372,06:13:58.372,bybit,SOL/USDT:USDT,184.83,889.9,184.82,673.6,184.84,360.9,184.85,14.2
1753769638472,06:13:58.472,bybit,SOL/USDT:USDT,184.83,889.9,184.82,573.6,184.84,360.9,184.85,0.5
1753769638571,06:13:58.571,bybit,SOL/USDT:USDT,184.83,889.9,184.82,573.6,184.84,360.9,184.85,0.5
1753769638671,06:13:58.671,bybit,SOL/USDT:USDT,184.83,892.5,184.82,563.1,184.84,360.9,184.85,0.5
1753769638772,06:13:58.772,bybit,SOL/USDT:USDT,184.83,892.5,184.82,563.1,184.84,360.9,184.85,0.5
1753769638871,06:13:58.871,bybit,SOL/USDT:USDT,184.83,906.3,184.82,501.9,184.84,360.9,184.85,0.4
1753769638971,06:13:58.971,bybit,SOL/USDT:USDT,184.83,906.3,184.82,596.7,184.84,360.9,184.85,0.5
1753769639071,06:13:59.071,bybit,SOL/USDT:USDT,184.83,906.3,184.82,596.7,184.84,360.9,184.85,0.5
1753769639171,06:13:59.171,bybit,SOL/USDT:USDT,184.83,906.3,184.82,515.6,184.84,360.9,184.85,0.5
1753769639271,06:13:59.271,bybit,SOL/USDT:USDT,184.83,895.6,184.82,519.2,184.84,360.9,184.85,0.5
1753769639371,06:13:59.371,bybit,SOL/USDT:USDT,184.83,895.6,184.82,505.4,184.84,360.9,184.85,0.5
1753769639471,06:13:59.471,bybit,SOL/USDT:USDT,184.83,895.6,184.82,505.4,184.84,362.3,184.85,0.5
1753769639571,06:13:59.571,bybit,SOL/USDT:USDT,184.83,893.0,184.82,491.7,184.84,362.3,184.85,0.5
1753769639671,06:13:59.671,bybit,SOL/USDT:USDT,184.83,909.0,184.82,516.7,184.84,349.9,184.85,0.5
1753769639772,06:13:59.772,bybit,SOL/USDT:USDT,184.83,893.1,184.82,489.9,184.84,349.9,184.85,0.5
1753769639871,06:13:59.871,bybit,SOL/USDT:USDT,184.83,819.1,184.82,411.4,184.84,349.9,184.85,0.5
1753769639971,06:13:59.971,bybit,SOL/USDT:USDT,184.83,821.7,184.82,411.4,184.84,349.9,184.85,0.5
1753769640072,06:14:00.072,bybit,SOL/USDT:USDT,184.83,483.6,184.82,381.6,184.84,399.2,184.85,30.7
1753769640172,06:14:00.172,bybit,SOL/USDT:USDT,184.83,483.8,184.82,383.2,184.84,372.3,184.85,30.7
1753769640271,06:14:00.271,bybit,SOL/USDT:USDT,184.83,483.8,184.82,383.2,184.84,372.3,184.85,13.9
1753769640371,06:14:00.371,bybit,SOL/USDT:USDT,184.83,484.8,184.82,383.2,184.84,372.3,184.85,0.5
1753769640472,06:14:00.472,bybit,SOL/USDT:USDT,184.83,485.9,184.82,383.2,184.84,372.3,184.85,0.5
1753769640572,06:14:00.572,bybit,SOL/USDT:USDT,184.83,485.9,184.82,383.2,184.84,372.3,184.85,42.2
1753769640671,06:14:00.671,bybit,SOL/USDT:USDT,184.83,485.9,184.82,383.2,184.84,372.3,184.85,29.3
1753769640771,06:14:00.771,bybit,SOL/USDT:USDT,184.83,485.9,184.82,383.2,184.84,372.3,184.85,42.2
1753769640871,06:14:00.871,bybit,SOL/USDT:USDT,184.83,488.5,184.82,396.1,184.84,349.8,184.85,0.5
1753769640971,06:14:00.971,bybit,SOL/USDT:USDT,184.83,487.5,184.82,396.1,184.84,349.8,184.85,0.5
1753769641271,06:14:01.271,bybit,SOL/USDT:USDT,184.83,578.0,184.82,396.3,184.84,349.8,184.85,0.5
1753769641371,06:14:01.371,bybit,SOL/USDT:USDT,184.83,652.0,184.82,383.4,184.84,356.3,184.85,0.5
1753769641471,06:14:01.471,bybit,SOL/USDT:USDT,184.83,652.0,184.82,409.2,184.84,356.3,184.85,0.5
1753769641571,06:14:01.571,bybit,SOL/USDT:USDT,184.83,652.0,184.82,396.3,184.84,356.3,184.85,0.5
1753769641671,06:14:01.671,bybit,SOL/USDT:USDT,184.83,652.0,184.82,383.4,184.84,356.3,184.85,0.5
1753769641772,06:14:01.772,bybit,SOL/USDT:USDT,184.83,652.0,184.82,383.4,184.84,356.3,184.85,0.5
1753769641871,06:14:01.871,bybit,SOL/USDT:USDT,184.83,652.0,184.82,383.4,184.84,356.3,184.85,0.5
1753769641971,06:14:01.971,bybit,SOL/USDT:USDT,184.83,573.6,184.82,383.4,184.84,356.3,184.85,0.5
1753769642071,06:14:02.071,bybit,SOL/USDT:USDT,184.83,573.6,184.82,383.4,184.84,356.3,184.85,0.5
1753769642171,06:14:02.171,bybit,SOL/USDT:USDT,184.83,572.6,184.82,383.4,184.84,356.3,184.85,0.5
1753769642272,06:14:02.272,bybit,SOL/USDT:USDT,184.83,575.2,184.82,383.4,184.84,356.3,184.85,0.5
1753769642371,06:14:02.371,bybit,SOL/USDT:USDT,184.83,576.2,184.82,383.4,184.84,372.5,184.85,0.5
1753769642472,06:14:02.472,bybit,SOL/USDT:USDT,184.83,576.2,184.82,383.4,184.84,372.5,184.85,0.5
1753769642571,06:14:02.571,bybit,SOL/USDT:USDT,184.83,664.9,184.82,447.2,184.84,122.0,184.85,46.6
1753769642672,06:14:02.672,bybit,SOL/USDT:USDT,184.83,652.0,184.82,429.4,184.84,176.1,184.85,46.6
1753769642771,06:14:02.771,bybit,SOL/USDT:USDT,184.83,652.0,184.82,443.5,184.84,176.1,184.85,46.6
1753769642871,06:14:02.871,bybit,SOL/USDT:USDT,184.83,652.0,184.82,472.6,184.84,87.0,184.85,46.6
1753769642972,06:14:02.972,bybit,SOL/USDT:USDT,184.83,652.0,184.82,457.1,184.84,87.0,184.85,46.6
1753769643072,06:14:03.072,bybit,SOL/USDT:USDT,184.83,652.0,184.82,441.7,184.84,87.0,184.85,46.6
1753769643171,06:14:03.171,bybit,SOL/USDT:USDT,184.83,573.6,184.82,414.7,184.84,89.6,184.85,46.6
1753769643471,06:14:03.471,bybit,SOL/USDT:USDT,184.83,666.7,184.82,419.1,184.84,87.0,184.85,46.6
1753769643572,06:14:03.572,bybit,SOL/USDT:USDT,184.83,682.1,184.82,420.9,184.84,87.0,184.85,46.6
1753769643671,06:14:03.671,bybit,SOL/USDT:USDT,184.83,664.9,184.82,419.1,184.84,87.0,184.85,46.6
1753769643772,06:14:03.772,bybit,SOL/USDT:USDT,184.83,662.3,184.82,419.1,184.84,87.0,184.85,46.6
1753769643872,06:14:03.872,bybit,SOL/USDT:USDT,184.83,662.3,184.82,419.1,184.84,86.9,184.85,46.6
1753769643971,06:14:03.971,bybit,SOL/USDT:USDT,184.83,664.9,184.82,474.6,184.84,86.9,184.85,0.5
1753769644072,06:14:04.072,bybit,SOL/USDT:USDT,184.83,812.8,184.82,559.3,184.84,0.3,184.85,0.5
1753769644172,06:14:04.172,bybit,SOL/USDT:USDT,184.83,791.8,184.82,624.0,184.84,0.3,184.85,46.6
1753769644271,06:14:04.271,bybit,SOL/USDT:USDT,184.83,786.4,184.82,608.8,184.84,0.3,184.85,0.5
1753769644372,06:14:04.372,bybit,SOL/USDT:USDT,184.83,845.3,184.82,607.0,184.84,0.3,184.85,0.5
1753769644471,06:14:04.471,bybit,SOL/USDT:USDT,184.83,771.3,184.82,607.0,184.84,0.3,184.85,0.5
1753769644572,06:14:04.572,bybit,SOL/USDT:USDT,184.83,771.3,184.82,606.5,184.84,2.3,184.85,0.5
1753769644671,06:14:04.671,bybit,SOL/USDT:USDT,184.83,771.3,184.82,590.5,184.84,2.3,184.85,0.5
1753769644771,06:14:04.771,bybit,SOL/USDT:USDT,184.83,771.3,184.82,591.0,184.84,2.3,184.85,46.6
1753769644872,06:14:04.872,bybit,SOL/USDT:USDT,184.83,771.3,184.82,591.0,184.84,2.3,184.85,46.6
1753769644972,06:14:04.972,bybit,SOL/USDT:USDT,184.83,771.3,184.82,591.0,184.84,2.3,184.85,46.6
1753769645071,06:14:05.071,bybit,SOL/USDT:USDT,184.83,771.3,184.82,591.0,184.84,2.3,184.85,46.6
1753769645171,06:14:05.171,bybit,SOL/USDT:USDT,184.83,772.0,184.82,591.0,184.84,2.3,184.85,46.6
1753769645272,06:14:05.272,bybit,SOL/USDT:USDT,184.83,639.4,184.82,572.8,184.84,2.3,184.85,46.6
1753769645371,06:14:05.371,bybit,SOL/USDT:USDT,184.83,664.4,184.82,572.8,184.84,2.3,184.85,46.6
1753769645472,06:14:05.472,bybit,SOL/USDT:USDT,184.83,667.0,184.82,588.9,184.84,2.3,184.85,0.5
1753769645572,06:14:05.572,bybit,SOL/USDT:USDT,184.83,491.2,184.82,592.0,184.84,2.3,184.85,0.5
1753769645672,06:14:05.672,bybit,SOL/USDT:USDT,184.83,591.2,184.82,591.0,184.84,2.3,184.85,0.5
1753769645872,06:14:05.872,bybit,SOL/USDT:USDT,184.83,591.2,184.82,591.2,184.84,56.1,184.85,46.6
1753769645971,06:14:05.971,bybit,SOL/USDT:USDT,184.83,591.2,184.82,591.2,184.84,56.1,184.85,46.6
1753769646071,06:14:06.071,bybit,SOL/USDT:USDT,184.83,591.2,184.82,591.2,184.84,56.1,184.85,46.6
1753769646172,06:14:06.172,bybit,SOL/USDT:USDT,184.83,591.2,184.82,572.4,184.84,56.1,184.85,46.6
1753769646271,06:14:06.271,bybit,SOL/USDT:USDT,184.83,591.2,184.82,572.4,184.84,56.1,184.85,46.6
1753769646375,06:14:06.375,bybit,SOL/USDT:USDT,184.83,662.6,184.82,591.6,184.84,56.1,184.85,46.6
1753769646472,06:14:06.472,bybit,SOL/USDT:USDT,184.83,682.6,184.82,591.6,184.84,56.1,184.85,0.5
1753769646571,06:14:06.571,bybit,SOL/USDT:USDT,184.83,682.6,184.82,591.6,184.84,56.1,184.85,0.5
1753769646671,06:14:06.671,bybit,SOL/USDT:USDT,184.83,665.2,184.82,591.6,184.84,56.1,184.85,0.5
1753769646771,06:14:06.771,bybit,SOL/USDT:USDT,184.83,775.0,184.82,609.0,184.84,56.1,184.85,0.5
1753769646873,06:14:06.873,bybit,SOL/USDT:USDT,184.84,1678.6,184.83,795.1,184.85,0.1,184.86,1.3
1753769646972,06:14:06.972,bybit,SOL/USDT:USDT,184.86,1385.9,184.85,971.2,184.87,2898.0,184.88,47.4
1753769647072,06:14:07.072,bybit,SOL/USDT:USDT,184.86,1393.1,184.85,1243.6,184.87,2898.0,184.88,47.4
1753769647171,06:14:07.171,bybit,SOL/USDT:USDT,184.86,1393.1,184.85,1255.0,184.87,2898.0,184.88,47.4
1753769647272,06:14:07.272,bybit,SOL/USDT:USDT,184.86,1420.5,184.85,1157.0,184.87,2898.0,184.88,47.4
1753769647372,06:14:07.372,bybit,SOL/USDT:USDT,184.86,1621.5,184.85,1119.4,184.87,2530.0,184.88,1.2
1753769647471,06:14:07.471,bybit,SOL/USDT:USDT,184.86,1663.8,184.85,1246.3,184.87,748.5,184.88,1.3
1753769647671,06:14:07.671,bybit,SOL/USDT:USDT,184.86,1693.6,184.85,1258.7,184.87,765.7,184.88,1.3
1753769647772,06:14:07.772,bybit,SOL/USDT:USDT,184.86,1688.6,184.85,1378.5,184.87,765.7,184.88,1.3
1753769647872,06:14:07.872,bybit,SOL/USDT:USDT,184.86,1691.6,184.85,1378.6,184.87,765.7,184.88,1.3
1753769647971,06:14:07.971,bybit,SOL/USDT:USDT,184.86,1638.2,184.85,1349.8,184.87,765.7,184.88,1.3
1753769648071,06:14:08.071,bybit,SOL/USDT:USDT,184.86,1633.4,184.85,1349.8,184.87,765.7,184.88,1.3
1753769648171,06:14:08.171,bybit,SOL/USDT:USDT,184.86,1550.7,184.85,1376.8,184.87,765.7,184.88,1.3
