timestamp,time,exchange,symbol,bid1_price,bid1_volume,bid2_price,bid2_volume,ask1_price,ask1_volume,ask2_price,ask2_volume
1753769275311,06:07:55.311,blofin,SOL/USDT:USDT,184.75,924.64,184.74,1412.0,184.76,2.38,184.77,4.0
1753769276302,06:07:56.302,blofin,SOL/USDT:USDT,184.75,1355.64,184.74,1200.0,184.76,2.38,184.77,13.0
1753769314349,06:08:34.349,blofin,SOL/USDT:USDT,184.75,191.0,184.74,635.0,184.76,689.38,184.77,549.0
1753769314904,06:08:34.904,blofin,SOL/USDT:USDT,184.75,191.0,184.74,635.0,184.76,733.38,184.77,549.0
1753769315406,06:08:35.406,blofin,SOL/USDT:USDT,184.75,269.0,184.74,570.0,184.76,748.38,184.77,548.0
1753769316408,06:08:36.408,blofin,SOL/USDT:USDT,184.75,267.0,184.74,557.0,184.76,723.38,184.77,430.0
1753769316910,06:08:36.910,blofin,SOL/USDT:USDT,184.75,267.0,184.74,557.0,184.76,723.38,184.77,430.0
1753769317410,06:08:37.410,blofin,SOL/USDT:USDT,184.75,208.0,184.74,387.0,184.76,635.38,184.77,711.0
1753769317909,06:08:37.909,blofin,SOL/USDT:USDT,184.75,208.0,184.74,387.0,184.76,635.38,184.77,711.0
1753769318414,06:08:38.414,blofin,SOL/USDT:USDT,184.75,336.0,184.74,537.0,184.76,734.38,184.77,517.0
1753769319411,06:08:39.411,blofin,SOL/USDT:USDT,184.75,567.0,184.74,554.0,184.76,872.38,184.77,482.0
1753769320241,06:08:40.241,blofin,SOL/USDT:USDT,184.75,325.0,184.74,637.0,184.76,710.38,184.77,466.0
1753769320914,06:08:40.914,blofin,SOL/USDT:USDT,184.75,325.0,184.74,637.0,184.76,710.38,184.77,466.0
1753769321413,06:08:41.413,blofin,SOL/USDT:USDT,184.75,333.0,184.74,632.0,184.76,824.38,184.77,682.0
1753769322413,06:08:42.413,blofin,SOL/USDT:USDT,184.75,81.0,184.74,437.0,184.76,934.38,184.77,761.0
1753769323414,06:08:43.414,blofin,SOL/USDT:USDT,184.75,11.0,184.74,553.0,184.76,796.38,184.77,396.0
1753769323915,06:08:43.915,blofin,SOL/USDT:USDT,184.73,187.0,184.72,378.0,184.74,929.0,184.75,710.0
1753769324415,06:08:44.415,blofin,SOL/USDT:USDT,184.73,284.0,184.72,620.0,184.74,578.0,184.75,498.0
1753769325417,06:08:45.417,blofin,SOL/USDT:USDT,184.73,237.0,184.72,496.0,184.74,859.0,184.75,419.0
1753769325894,06:08:45.894,blofin,SOL/USDT:USDT,184.73,236.99,184.72,496.0,184.74,859.0,184.75,419.0
1753769326417,06:08:46.417,blofin,SOL/USDT:USDT,184.73,403.0,184.72,642.0,184.74,832.0,184.75,493.0
1753769327417,06:08:47.417,blofin,SOL/USDT:USDT,184.73,769.0,184.72,459.0,184.74,389.0,184.75,689.0
1753769366215,06:09:26.215,blofin,SOL/USDT:USDT,184.73,769.0,184.72,459.0,184.71,561.0,184.72,587.0
1753769366723,06:09:26.723,blofin,SOL/USDT:USDT,184.73,769.0,184.72,459.0,184.67,1150.99,184.68,575.0
1753769367485,06:09:27.485,blofin,SOL/USDT:USDT,184.73,769.0,184.72,459.0,184.67,37.0,184.68,456.0
1753769368392,06:09:28.392,blofin,SOL/USDT:USDT,184.73,769.0,184.72,459.0,184.67,562.0,184.68,504.0
1753769368940,06:09:28.940,blofin,SOL/USDT:USDT,184.73,769.0,184.72,459.0,184.64,994.99,184.65,461.0
1753769369778,06:09:29.778,blofin,SOL/USDT:USDT,184.73,769.0,184.72,459.0,184.64,413.92,184.65,555.0
1753769370459,06:09:30.459,blofin,SOL/USDT:USDT,184.73,769.0,184.72,459.0,184.64,592.98,184.65,708.0
1753769371269,06:09:31.269,blofin,SOL/USDT:USDT,184.73,769.0,184.72,459.0,184.64,636.0,184.65,411.0
1753769371981,06:09:31.981,blofin,SOL/USDT:USDT,184.73,769.0,184.72,459.0,184.64,635.95,184.65,411.0
1753769372606,06:09:32.606,blofin,SOL/USDT:USDT,184.73,769.0,184.72,459.0,184.63,851.98,184.64,716.0
1753769373494,06:09:33.494,blofin,SOL/USDT:USDT,184.73,769.0,184.72,459.0,184.62,875.99,184.63,585.0
1753769374387,06:09:34.387,blofin,SOL/USDT:USDT,184.73,769.0,184.72,459.0,184.62,781.99,184.63,479.0
