timestamp,time,exchange,symbol,bid1_price,bid1_volume,bid2_price,bid2_volume,ask1_price,ask1_volume,ask2_price,ask2_volume
1753769524116,06:12:04.116,bitmart,XRP/USDT:USDT,3.1397,84263.0,3.1396,15747.0,3.1398,19656.0,3.1399,13752.0
1753769524316,06:12:04.316,bitmart,XRP/USDT:USDT,3.1397,84263.0,3.1396,15747.0,3.1398,19656.0,3.1399,13752.0
1753769524725,06:12:04.725,bitmart,XRP/USDT:USDT,3.1397,84263.0,3.1396,15747.0,3.1398,19656.0,3.1399,13752.0
1753769525924,06:12:05.924,bitmart,XRP/USDT:USDT,3.1397,72668.0,3.1396,15747.0,3.1398,17280.0,3.1399,13752.0
1753769526316,06:12:06.316,bitmart,XRP/USDT:USDT,3.1397,72668.0,3.1396,15747.0,3.1398,17280.0,3.1399,13752.0
1753769526518,06:12:06.518,bitmart,XRP/USDT:USDT,3.1397,72668.0,3.1396,15747.0,3.1398,17280.0,3.1399,13752.0
1753769527120,06:12:07.120,bitmart,XRP/USDT:USDT,3.1397,72668.0,3.1396,15747.0,3.1398,17280.0,3.1399,13752.0
1753769527321,06:12:07.321,bitmart,XRP/USDT:USDT,3.1397,72668.0,3.1396,15747.0,3.1398,17280.0,3.1399,13752.0
1753769527523,06:12:07.523,bitmart,XRP/USDT:USDT,3.1397,108257.0,3.1396,15747.0,3.1398,35108.0,3.1399,13752.0
1753769527719,06:12:07.719,bitmart,XRP/USDT:USDT,3.1397,70630.0,3.1396,15747.0,3.1398,17828.0,3.1399,13752.0
1753769528529,06:12:08.529,bitmart,XRP/USDT:USDT,3.1397,70630.0,3.1396,15747.0,3.1398,17828.0,3.1399,13752.0
1753769529118,06:12:09.118,bitmart,XRP/USDT:USDT,3.1397,56777.0,3.1396,15747.0,3.1398,81486.0,3.1399,13752.0
1753769529323,06:12:09.323,bitmart,XRP/USDT:USDT,3.1397,56777.0,3.1396,15747.0,3.1398,81486.0,3.1399,13752.0
1753769531518,06:12:11.518,bitmart,XRP/USDT:USDT,3.1401,81911.0,3.14,15513.0,3.1402,34600.0,3.1403,15260.0
1753769532320,06:12:12.320,bitmart,XRP/USDT:USDT,3.1401,81911.0,3.14,15513.0,3.1402,20204.0,3.1403,15260.0
1753769533319,06:12:13.319,bitmart,XRP/USDT:USDT,3.1401,23702.0,3.14,15513.0,3.1402,94046.0,3.1403,15260.0
1753769533517,06:12:13.517,bitmart,XRP/USDT:USDT,3.1401,65789.0,3.14,15513.0,3.1402,94046.0,3.1403,15260.0
1753769533923,06:12:13.923,bitmart,XRP/USDT:USDT,3.1401,65789.0,3.14,15513.0,3.1402,94046.0,3.1403,15260.0
1753769534119,06:12:14.119,bitmart,XRP/USDT:USDT,3.1401,65789.0,3.14,15513.0,3.1402,64954.0,3.1403,15260.0
1753769534518,06:12:14.518,bitmart,XRP/USDT:USDT,3.1401,65789.0,3.14,15513.0,3.1402,16737.0,3.1403,15260.0
1753769535125,06:12:15.125,bitmart,XRP/USDT:USDT,3.1401,65789.0,3.14,15513.0,3.1402,48544.0,3.1403,15260.0
1753769536119,06:12:16.119,bitmart,XRP/USDT:USDT,3.1401,65789.0,3.14,15513.0,3.1402,23000.0,3.1403,15260.0
1753769536920,06:12:16.920,bitmart,XRP/USDT:USDT,3.1401,65789.0,3.14,15513.0,3.1402,23000.0,3.1403,15260.0
1753769537719,06:12:17.719,bitmart,XRP/USDT:USDT,3.1401,65789.0,3.14,15513.0,3.1402,4920.0,3.1403,15260.0
1753769537916,06:12:17.916,bitmart,XRP/USDT:USDT,3.1401,24744.0,3.14,26949.0,3.1406,6961.0,3.1407,16218.0
1753769538318,06:12:18.318,bitmart,XRP/USDT:USDT,3.1405,96032.0,3.1404,16625.0,3.1407,33525.0,3.1408,13417.0
1753769539717,06:12:19.717,bitmart,XRP/USDT:USDT,3.1406,105833.0,3.1405,15883.0,3.1407,2467.0,3.1408,13417.0
1753769542319,06:12:22.319,bitmart,XRP/USDT:USDT,3.1408,110367.0,3.1407,14022.0,3.141,17034.0,3.1411,18185.0
1753769543718,06:12:23.718,bitmart,XRP/USDT:USDT,3.1406,44977.0,3.1405,15883.0,3.1407,20316.0,3.1408,16499.0
1753769545330,06:12:25.330,bitmart,XRP/USDT:USDT,3.1406,44977.0,3.1405,15883.0,3.1407,856.0,3.1408,16499.0
1753769545520,06:12:25.520,bitmart,XRP/USDT:USDT,3.1406,93988.0,3.1405,15883.0,3.1408,1288.0,3.1409,15935.0
1753769546320,06:12:26.320,bitmart,XRP/USDT:USDT,3.1407,41420.0,3.1406,18073.0,3.1408,106623.0,3.1409,15935.0
1753769546920,06:12:26.920,bitmart,XRP/USDT:USDT,3.1407,11781.0,3.1406,18073.0,3.1408,106623.0,3.1409,15935.0
1753769547515,06:12:27.515,bitmart,XRP/USDT:USDT,3.1407,38313.0,3.1406,18073.0,3.1408,106623.0,3.1409,15935.0
1753769548516,06:12:28.516,bitmart,XRP/USDT:USDT,3.1407,38313.0,3.1406,18073.0,3.1408,37044.0,3.1409,15935.0
1753769550119,06:12:30.119,bitmart,XRP/USDT:USDT,3.1407,27789.0,3.1406,18073.0,3.1408,95073.0,3.1409,15935.0
1753769550918,06:12:30.918,bitmart,XRP/USDT:USDT,3.1407,25741.0,3.1406,18073.0,3.1408,58863.0,3.1409,15935.0
1753769552122,06:12:32.122,bitmart,XRP/USDT:USDT,3.1414,101993.0,3.1413,15914.0,3.1417,3958.0,3.1418,18171.0
1753769553918,06:12:33.918,bitmart,XRP/USDT:USDT,3.1419,92183.0,3.1418,18018.0,3.142,2892.0,3.1421,13355.0
1753769554317,06:12:34.317,bitmart,XRP/USDT:USDT,3.1419,92183.0,3.1418,18018.0,3.142,28564.0,3.1421,13355.0
1753769555318,06:12:35.318,bitmart,XRP/USDT:USDT,3.142,105258.0,3.1419,15141.0,3.1422,1032.0,3.1423,18296.0
1753769555922,06:12:35.922,bitmart,XRP/USDT:USDT,3.1421,56825.0,3.142,14449.0,3.1422,81093.0,3.1423,18296.0
1753769558119,06:12:38.119,bitmart,XRP/USDT:USDT,3.1421,56825.0,3.142,14449.0,3.1422,81678.0,3.1423,18296.0
1753769558316,06:12:38.316,bitmart,XRP/USDT:USDT,3.1421,77187.0,3.142,14449.0,3.1422,110607.0,3.1423,18296.0
1753769558722,06:12:38.722,bitmart,XRP/USDT:USDT,3.1421,84892.0,3.142,14449.0,3.1422,88181.0,3.1423,18296.0
1753769559319,06:12:39.319,bitmart,XRP/USDT:USDT,3.1421,84892.0,3.142,14449.0,3.1422,88181.0,3.1423,18296.0
1753769559517,06:12:39.517,bitmart,XRP/USDT:USDT,3.1421,27169.0,3.142,14449.0,3.1422,88181.0,3.1423,18296.0
1753769560317,06:12:40.317,bitmart,XRP/USDT:USDT,3.1421,27169.0,3.142,14449.0,3.1422,88181.0,3.1423,18296.0
1753769560522,06:12:40.522,bitmart,XRP/USDT:USDT,3.1421,27169.0,3.142,14449.0,3.1422,88181.0,3.1423,18296.0
1753769560927,06:12:40.927,bitmart,XRP/USDT:USDT,3.1421,27169.0,3.142,14449.0,3.1422,88181.0,3.1423,18296.0
1753769561320,06:12:41.320,bitmart,XRP/USDT:USDT,3.1421,35387.0,3.142,14449.0,3.1422,81608.0,3.1423,18296.0
1753769561517,06:12:41.517,bitmart,XRP/USDT:USDT,3.1421,35387.0,3.142,14449.0,3.1422,81608.0,3.1423,18296.0
1753769562122,06:12:42.122,bitmart,XRP/USDT:USDT,3.1421,35387.0,3.142,14449.0,3.1422,81608.0,3.1423,18296.0
1753769562519,06:12:42.519,bitmart,XRP/USDT:USDT,3.1421,62767.0,3.142,14449.0,3.1422,103278.0,3.1423,18296.0
1753769562721,06:12:42.721,bitmart,XRP/USDT:USDT,3.1421,62767.0,3.142,14449.0,3.1422,103278.0,3.1423,18296.0
1753769562941,06:12:42.941,bitmart,XRP/USDT:USDT,3.1421,27380.0,3.142,14449.0,3.1422,94422.0,3.1423,18296.0
1753769563517,06:12:43.517,bitmart,XRP/USDT:USDT,3.1421,50123.0,3.142,14449.0,3.1422,94422.0,3.1423,18296.0
1753769563720,06:12:43.720,bitmart,XRP/USDT:USDT,3.1421,50123.0,3.142,14449.0,3.1422,94422.0,3.1423,18296.0
1753769563921,06:12:43.921,bitmart,XRP/USDT:USDT,3.1421,50123.0,3.142,14449.0,3.1422,94422.0,3.1423,18296.0
1753769564119,06:12:44.119,bitmart,XRP/USDT:USDT,3.1421,50123.0,3.142,14449.0,3.1422,94422.0,3.1423,18296.0
1753769564325,06:12:44.325,bitmart,XRP/USDT:USDT,3.1421,50123.0,3.142,14449.0,3.1422,94422.0,3.1423,18296.0
1753769564720,06:12:44.720,bitmart,XRP/USDT:USDT,3.1421,50123.0,3.142,14449.0,3.1422,94422.0,3.1423,18296.0
1753769565517,06:12:45.517,bitmart,XRP/USDT:USDT,3.1421,67140.0,3.142,14449.0,3.1422,41575.0,3.1423,18296.0
1753769566118,06:12:46.118,bitmart,XRP/USDT:USDT,3.1421,67140.0,3.142,14449.0,3.1422,41575.0,3.1423,18296.0
1753769566517,06:12:46.517,bitmart,XRP/USDT:USDT,3.1421,67140.0,3.142,14449.0,3.1425,16888.0,3.1426,27426.0
1753769566916,06:12:46.916,bitmart,XRP/USDT:USDT,3.1421,49400.0,3.142,14449.0,3.1422,64013.0,3.1425,9448.0
1753769567117,06:12:47.117,bitmart,XRP/USDT:USDT,3.1421,49400.0,3.142,14449.0,3.1422,64013.0,3.1425,16449.0
1753769568117,06:12:48.117,bitmart,XRP/USDT:USDT,3.1421,49400.0,3.142,14449.0,3.1422,64013.0,3.1425,16528.0
1753769568722,06:12:48.722,bitmart,XRP/USDT:USDT,3.1421,82636.0,3.142,14449.0,3.1422,57284.0,3.1425,13559.0
1753769568920,06:12:48.920,bitmart,XRP/USDT:USDT,3.1421,82636.0,3.142,14449.0,3.1422,21981.0,3.1425,13559.0
1753769569520,06:12:49.520,bitmart,XRP/USDT:USDT,3.1421,82636.0,3.142,14449.0,3.1422,21981.0,3.1425,27869.0
1753769569915,06:12:49.915,bitmart,XRP/USDT:USDT,3.1421,82636.0,3.142,14449.0,3.1422,21981.0,3.1425,28445.0
1753769570324,06:12:50.324,bitmart,XRP/USDT:USDT,3.1421,32103.0,3.142,16206.0,3.1422,26105.0,3.1425,24658.0
1753769570521,06:12:50.521,bitmart,XRP/USDT:USDT,3.1421,84036.0,3.142,16206.0,3.1422,26105.0,3.1425,13559.0
1753769570718,06:12:50.718,bitmart,XRP/USDT:USDT,3.1421,84036.0,3.142,16206.0,3.1422,26105.0,3.1425,13559.0
1753769570919,06:12:50.919,bitmart,XRP/USDT:USDT,3.1421,84036.0,3.142,16206.0,3.1422,26105.0,3.1425,13559.0
1753769571120,06:12:51.120,bitmart,XRP/USDT:USDT,3.1421,84036.0,3.142,16206.0,3.1422,26105.0,3.1425,24458.0
1753769571323,06:12:51.323,bitmart,XRP/USDT:USDT,3.1421,84036.0,3.142,16206.0,3.1422,26105.0,3.1425,13559.0
1753769571717,06:12:51.717,bitmart,XRP/USDT:USDT,3.1421,84036.0,3.142,16206.0,3.1422,26105.0,3.1425,13559.0
1753769571919,06:12:51.919,bitmart,XRP/USDT:USDT,3.1421,84036.0,3.142,16206.0,3.1422,26105.0,3.1425,13559.0
1753769572719,06:12:52.719,bitmart,XRP/USDT:USDT,3.1421,101375.0,3.142,16206.0,3.1424,7195.0,3.1425,13559.0
1753769573116,06:12:53.116,bitmart,XRP/USDT:USDT,3.1421,101375.0,3.142,16206.0,3.1424,22259.0,3.1425,13559.0
1753769573321,06:12:53.321,bitmart,XRP/USDT:USDT,3.1423,96152.0,3.1422,14302.0,3.1424,22259.0,3.1425,13559.0
1753769573521,06:12:53.521,bitmart,XRP/USDT:USDT,3.1423,96152.0,3.1422,14302.0,3.1424,22259.0,3.1425,13559.0
1753769574119,06:12:54.119,bitmart,XRP/USDT:USDT,3.1423,96152.0,3.1422,14302.0,3.1424,22259.0,3.1425,13559.0
1753769574317,06:12:54.317,bitmart,XRP/USDT:USDT,3.1423,96152.0,3.1422,14302.0,3.1424,22259.0,3.1425,13559.0
1753769574518,06:12:54.518,bitmart,XRP/USDT:USDT,3.1423,129516.0,3.1422,14302.0,3.1424,41114.0,3.1425,13559.0
1753769575521,06:12:55.521,bitmart,XRP/USDT:USDT,3.1423,87834.0,3.1422,14302.0,3.1424,7585.0,3.1425,13559.0
1753769575951,06:12:55.951,bitmart,XRP/USDT:USDT,3.1423,87834.0,3.1422,14302.0,3.1424,7585.0,3.1425,13559.0
1753769576518,06:12:56.518,bitmart,XRP/USDT:USDT,3.1423,82363.0,3.1422,14302.0,3.1424,5898.0,3.1425,13559.0
1753769576716,06:12:56.716,bitmart,XRP/USDT:USDT,3.1423,82363.0,3.1422,14302.0,3.1424,5898.0,3.1425,13559.0
1753769576716,06:12:56.716,bitmart,XRP/USDT:USDT,3.1423,82363.0,3.1422,14302.0,3.1424,5898.0,3.1425,13559.0
1753769577116,06:12:57.116,bitmart,XRP/USDT:USDT,3.1423,82363.0,3.1422,14302.0,3.1424,60610.0,3.1425,13559.0
1753769577321,06:12:57.321,bitmart,XRP/USDT:USDT,3.1423,82363.0,3.1422,14302.0,3.1424,60610.0,3.1425,13559.0
1753769578524,06:12:58.524,bitmart,XRP/USDT:USDT,3.1423,82363.0,3.1422,14302.0,3.1424,11752.0,3.1425,13559.0
1753769578717,06:12:58.717,bitmart,XRP/USDT:USDT,3.1423,82363.0,3.1422,14302.0,3.1424,7186.0,3.1425,13559.0
1753769579121,06:12:59.121,bitmart,XRP/USDT:USDT,3.1423,82363.0,3.1422,14302.0,3.1424,7186.0,3.1425,13559.0
1753769579321,06:12:59.321,bitmart,XRP/USDT:USDT,3.1423,82363.0,3.1422,14302.0,3.1424,7186.0,3.1425,13559.0
1753769579724,06:12:59.724,bitmart,XRP/USDT:USDT,3.1423,82363.0,3.1422,14302.0,3.1425,877.0,3.1426,17447.0
1753769580316,06:13:00.316,bitmart,XRP/USDT:USDT,3.1426,88802.0,3.1425,16248.0,3.1427,7462.0,3.1428,18375.0
1753769580517,06:13:00.517,bitmart,XRP/USDT:USDT,3.1426,88802.0,3.1425,16248.0,3.1427,7462.0,3.1428,18375.0
1753769580719,06:13:00.719,bitmart,XRP/USDT:USDT,3.1426,88802.0,3.1425,16248.0,3.1427,1674.0,3.1428,18375.0
1753769581121,06:13:01.121,bitmart,XRP/USDT:USDT,3.1426,88802.0,3.1425,16248.0,3.1428,18375.0,3.1429,18267.0
1753769581323,06:13:01.323,bitmart,XRP/USDT:USDT,3.1426,88802.0,3.1425,16248.0,3.1428,44436.0,3.1429,18267.0
1753769581522,06:13:01.522,bitmart,XRP/USDT:USDT,3.1427,86031.0,3.1426,15506.0,3.1428,44436.0,3.1429,18267.0
1753769581923,06:13:01.923,bitmart,XRP/USDT:USDT,3.1427,5955.0,3.1426,15506.0,3.1428,87928.0,3.1429,18267.0
1753769582521,06:13:02.521,bitmart,XRP/USDT:USDT,3.1427,40515.0,3.1426,15506.0,3.1428,87928.0,3.1429,18267.0
1753769583322,06:13:03.322,bitmart,XRP/USDT:USDT,3.1427,29480.0,3.1426,15506.0,3.1428,87928.0,3.1429,18267.0
1753769583719,06:13:03.719,bitmart,XRP/USDT:USDT,3.1427,29480.0,3.1426,15506.0,3.1428,87928.0,3.1429,18267.0
1753769583927,06:13:03.927,bitmart,XRP/USDT:USDT,3.1427,29480.0,3.1426,15506.0,3.1428,87928.0,3.1429,18267.0
1753769585123,06:13:05.123,bitmart,XRP/USDT:USDT,3.1423,29264.0,3.1422,14302.0,3.1424,109614.0,3.1425,14889.0
1753769585320,06:13:05.320,bitmart,XRP/USDT:USDT,3.1423,29264.0,3.1422,14302.0,3.1424,109614.0,3.1425,14889.0
1753769585516,06:13:05.516,bitmart,XRP/USDT:USDT,3.1423,29264.0,3.1422,14302.0,3.1424,109614.0,3.1425,14889.0
1753769585720,06:13:05.720,bitmart,XRP/USDT:USDT,3.1423,29264.0,3.1422,14302.0,3.1424,109614.0,3.1425,14889.0
1753769586118,06:13:06.118,bitmart,XRP/USDT:USDT,3.1423,80761.0,3.1422,14302.0,3.1424,7216.0,3.1425,14889.0
1753769586318,06:13:06.318,bitmart,XRP/USDT:USDT,3.1423,80761.0,3.1422,14302.0,3.1424,7216.0,3.1425,14889.0
1753769586917,06:13:06.917,bitmart,XRP/USDT:USDT,3.1423,80761.0,3.1422,14302.0,3.1424,5274.0,3.1425,14889.0
1753769587122,06:13:07.122,bitmart,XRP/USDT:USDT,3.1423,80761.0,3.1422,14302.0,3.1425,2737.0,3.1426,14962.0
1753769587318,06:13:07.318,bitmart,XRP/USDT:USDT,3.1423,80761.0,3.1422,14302.0,3.1425,2737.0,3.1426,14962.0
1753769587719,06:13:07.719,bitmart,XRP/USDT:USDT,3.1424,65344.0,3.1423,14079.0,3.1425,67826.0,3.1426,14962.0
1753769588519,06:13:08.519,bitmart,XRP/USDT:USDT,3.1424,29091.0,3.1423,14079.0,3.1425,110985.0,3.1426,14962.0
1753769589517,06:13:09.517,bitmart,XRP/USDT:USDT,3.1424,29091.0,3.1423,14079.0,3.1425,110985.0,3.1426,14962.0
1753769589924,06:13:09.924,bitmart,XRP/USDT:USDT,3.1424,25643.0,3.1423,26633.0,3.1425,31927.0,3.1426,14962.0
1753769590117,06:13:10.117,bitmart,XRP/USDT:USDT,3.1424,25643.0,3.1423,14575.0,3.1425,77520.0,3.1426,14962.0
1753769590322,06:13:10.322,bitmart,XRP/USDT:USDT,3.1424,25643.0,3.1423,14575.0,3.1425,77520.0,3.1426,14962.0
1753769590520,06:13:10.520,bitmart,XRP/USDT:USDT,3.1424,25643.0,3.1423,14575.0,3.1425,77520.0,3.1426,14962.0
1753769591124,06:13:11.124,bitmart,XRP/USDT:USDT,3.1424,68768.0,3.1423,14575.0,3.1425,30414.0,3.1426,14962.0
1753769591519,06:13:11.519,bitmart,XRP/USDT:USDT,3.1424,14240.0,3.1423,14575.0,3.1425,82345.0,3.1426,14962.0
1753769591716,06:13:11.716,bitmart,XRP/USDT:USDT,3.1424,14240.0,3.1423,14575.0,3.1425,82345.0,3.1426,14962.0
1753769591917,06:13:11.917,bitmart,XRP/USDT:USDT,3.1424,14240.0,3.1423,14575.0,3.1425,82345.0,3.1426,14962.0
1753769593319,06:13:13.319,bitmart,XRP/USDT:USDT,3.1424,35386.0,3.1423,14575.0,3.1425,82345.0,3.1426,14962.0
1753769593725,06:13:13.725,bitmart,XRP/USDT:USDT,3.1415,13688.0,3.1414,15802.0,3.1425,82345.0,3.1426,22383.0
1753769594119,06:13:14.119,bitmart,XRP/USDT:USDT,3.1415,13688.0,3.1414,15802.0,3.1418,94739.0,3.1419,23047.0
1753769594532,06:13:14.532,bitmart,XRP/USDT:USDT,3.1412,95651.0,3.1411,14704.0,3.1416,9353.0,3.1417,32116.0
1753769595119,06:13:15.119,bitmart,XRP/USDT:USDT,3.1411,14704.0,3.141,17759.0,3.1413,38123.0,3.1414,13838.0
1753769595320,06:13:15.320,bitmart,XRP/USDT:USDT,3.1412,16039.0,3.1411,14704.0,3.1413,38123.0,3.1414,13838.0
1753769596318,06:13:16.318,bitmart,XRP/USDT:USDT,3.1408,56492.0,3.1407,13293.0,3.1412,29152.0,3.1413,27912.0
1753769596716,06:13:16.716,bitmart,XRP/USDT:USDT,3.1408,102455.0,3.1407,13293.0,3.1409,106533.0,3.141,15540.0
1753769597323,06:13:17.323,bitmart,XRP/USDT:USDT,3.1408,102455.0,3.1407,13293.0,3.1409,106533.0,3.141,15540.0
1753769597516,06:13:17.516,bitmart,XRP/USDT:USDT,3.1408,102455.0,3.1407,13293.0,3.1409,106533.0,3.141,15540.0
1753769598122,06:13:18.122,bitmart,XRP/USDT:USDT,3.1408,22300.0,3.1407,13293.0,3.1409,33525.0,3.141,15540.0
1753769598323,06:13:18.323,bitmart,XRP/USDT:USDT,3.1408,98835.0,3.1407,13293.0,3.1409,83304.0,3.141,15540.0
1753769598519,06:13:18.519,bitmart,XRP/USDT:USDT,3.1408,98835.0,3.1407,13293.0,3.1409,83304.0,3.141,15540.0
1753769598723,06:13:18.723,bitmart,XRP/USDT:USDT,3.1404,13622.0,3.1403,16565.0,3.1409,83304.0,3.141,15540.0
1753769599123,06:13:19.123,bitmart,XRP/USDT:USDT,3.1402,85257.0,3.1401,17816.0,3.1408,109364.0,3.1409,14101.0
1753769600119,06:13:20.119,bitmart,XRP/USDT:USDT,3.1402,85257.0,3.1401,17816.0,3.1403,33005.0,3.1404,16523.0
1753769600522,06:13:20.522,bitmart,XRP/USDT:USDT,3.1402,85257.0,3.1401,17816.0,3.1403,33005.0,3.1404,16523.0
1753769601520,06:13:21.520,bitmart,XRP/USDT:USDT,3.1412,55578.0,3.1411,17166.0,3.1413,95065.0,3.1414,13513.0
1753769602516,06:13:22.516,bitmart,XRP/USDT:USDT,3.1412,23960.0,3.1411,17166.0,3.1413,95065.0,3.1414,13513.0
1753769602719,06:13:22.719,bitmart,XRP/USDT:USDT,3.1412,23960.0,3.1411,17166.0,3.1413,95065.0,3.1414,13513.0
1753769604519,06:13:24.519,bitmart,XRP/USDT:USDT,3.1415,44730.0,3.1414,17686.0,3.1416,84574.0,3.1417,14460.0
1753769604723,06:13:24.723,bitmart,XRP/USDT:USDT,3.1415,44730.0,3.1414,17686.0,3.1416,84574.0,3.1417,14460.0
1753769604918,06:13:24.918,bitmart,XRP/USDT:USDT,3.1415,44730.0,3.1414,17686.0,3.1416,84574.0,3.1417,14460.0
1753769605321,06:13:25.321,bitmart,XRP/USDT:USDT,3.1415,73280.0,3.1414,17686.0,3.1416,103984.0,3.1417,14460.0
1753769605722,06:13:25.722,bitmart,XRP/USDT:USDT,3.1415,28550.0,3.1414,17686.0,3.1416,83353.0,3.1417,14460.0
1753769606121,06:13:26.121,bitmart,XRP/USDT:USDT,3.1415,83245.0,3.1414,17686.0,3.1416,23185.0,3.1417,14460.0
1753769606916,06:13:26.916,bitmart,XRP/USDT:USDT,3.1415,83245.0,3.1414,17686.0,3.1416,23185.0,3.1417,14460.0
1753769608726,06:13:28.726,bitmart,XRP/USDT:USDT,3.1418,90155.0,3.1417,17462.0,3.1419,45827.0,3.142,16015.0
1753769609121,06:13:29.121,bitmart,XRP/USDT:USDT,3.1418,90155.0,3.1417,17462.0,3.1419,105885.0,3.142,16015.0
1753769609719,06:13:29.719,bitmart,XRP/USDT:USDT,3.1418,90155.0,3.1417,17462.0,3.1419,105885.0,3.142,16015.0
1753769610316,06:13:30.316,bitmart,XRP/USDT:USDT,3.1418,21959.0,3.1417,17462.0,3.1419,19622.0,3.142,16015.0
1753769610926,06:13:30.926,bitmart,XRP/USDT:USDT,3.1418,99370.0,3.1417,17462.0,3.1419,43139.0,3.142,16015.0
1753769612723,06:13:32.723,bitmart,XRP/USDT:USDT,3.1418,21695.0,3.1417,17462.0,3.1419,11097.0,3.142,16015.0
1753769613119,06:13:33.119,bitmart,XRP/USDT:USDT,3.1418,85925.0,3.1417,17462.0,3.1419,51090.0,3.142,16015.0
1753769613516,06:13:33.516,bitmart,XRP/USDT:USDT,3.1418,85925.0,3.1417,17462.0,3.1419,51090.0,3.142,16015.0
1753769613718,06:13:33.718,bitmart,XRP/USDT:USDT,3.1418,85925.0,3.1417,17462.0,3.1419,51090.0,3.142,16015.0
1753769613916,06:13:33.916,bitmart,XRP/USDT:USDT,3.1418,85925.0,3.1417,17462.0,3.1419,51090.0,3.142,16015.0
1753769615318,06:13:35.318,bitmart,XRP/USDT:USDT,3.1415,102266.0,3.1414,17686.0,3.1416,72608.0,3.1417,14374.0
1753769615521,06:13:35.521,bitmart,XRP/USDT:USDT,3.1415,102266.0,3.1414,17686.0,3.1416,5694.0,3.1417,14374.0
1753769616716,06:13:36.716,bitmart,XRP/USDT:USDT,3.1415,102266.0,3.1414,17686.0,3.1416,2739.0,3.1417,14374.0
1753769617128,06:13:37.128,bitmart,XRP/USDT:USDT,3.1415,102266.0,3.1414,17686.0,3.1416,2739.0,3.1417,14374.0
1753769617317,06:13:37.317,bitmart,XRP/USDT:USDT,3.1415,102266.0,3.1414,17686.0,3.1416,105290.0,3.1417,14374.0
1753769617725,06:13:37.725,bitmart,XRP/USDT:USDT,3.1415,102266.0,3.1414,17686.0,3.1416,61519.0,3.1417,14374.0
1753769618518,06:13:38.518,bitmart,XRP/USDT:USDT,3.1415,102266.0,3.1414,17686.0,3.1416,67624.0,3.1417,14374.0
1753769618716,06:13:38.716,bitmart,XRP/USDT:USDT,3.1415,102266.0,3.1414,17686.0,3.1416,67624.0,3.1417,14374.0
1753769619316,06:13:39.316,bitmart,XRP/USDT:USDT,3.1415,102266.0,3.1414,17686.0,3.1416,7158.0,3.1417,14374.0
1753769619520,06:13:39.520,bitmart,XRP/USDT:USDT,3.1415,102266.0,3.1414,17686.0,3.1416,7158.0,3.1417,14374.0
1753769620324,06:13:40.324,bitmart,XRP/USDT:USDT,3.1415,102445.0,3.1414,17686.0,3.1416,7072.0,3.1417,14374.0
1753769620921,06:13:40.921,bitmart,XRP/USDT:USDT,3.1415,102445.0,3.1414,17686.0,3.1416,7072.0,3.1417,14374.0
1753769621522,06:13:41.522,bitmart,XRP/USDT:USDT,3.1416,111013.0,3.1415,17227.0,3.1417,14374.0,3.1418,14021.0
1753769622120,06:13:42.120,bitmart,XRP/USDT:USDT,3.1416,111013.0,3.1415,17227.0,3.1417,14374.0,3.1418,14021.0
1753769622918,06:13:42.918,bitmart,XRP/USDT:USDT,3.1416,111013.0,3.1415,17227.0,3.1417,68695.0,3.1418,14021.0
1753769623518,06:13:43.518,bitmart,XRP/USDT:USDT,3.1416,111013.0,3.1415,17227.0,3.1417,13437.0,3.1418,14021.0
1753769623916,06:13:43.916,bitmart,XRP/USDT:USDT,3.1416,111013.0,3.1415,17227.0,3.1417,13437.0,3.1418,14021.0
1753769625317,06:13:45.317,bitmart,XRP/USDT:USDT,3.1416,111013.0,3.1415,17227.0,3.1417,13835.0,3.1418,14021.0
1753769626523,06:13:46.523,bitmart,XRP/USDT:USDT,3.1416,85173.0,3.1415,17227.0,3.1417,9331.0,3.1418,14021.0
1753769626721,06:13:46.721,bitmart,XRP/USDT:USDT,3.1416,85173.0,3.1415,17227.0,3.1417,9331.0,3.1418,14021.0
1753769626915,06:13:46.915,bitmart,XRP/USDT:USDT,3.1416,85173.0,3.1415,17227.0,3.1417,9331.0,3.1418,14021.0
1753769627117,06:13:47.117,bitmart,XRP/USDT:USDT,3.1416,85173.0,3.1415,17227.0,3.1417,9331.0,3.1418,14021.0
1753769627721,06:13:47.721,bitmart,XRP/USDT:USDT,3.1419,97374.0,3.1418,15192.0,3.142,41155.0,3.1421,15455.0
1753769628318,06:13:48.318,bitmart,XRP/USDT:USDT,3.1419,97374.0,3.1418,15192.0,3.1421,15455.0,3.1422,18560.0
1753769628520,06:13:48.520,bitmart,XRP/USDT:USDT,3.142,109704.0,3.1419,17687.0,3.1421,28191.0,3.1422,18560.0
1753769629120,06:13:49.120,bitmart,XRP/USDT:USDT,3.142,109704.0,3.1419,17687.0,3.1423,17665.0,3.1424,13620.0
1753769629343,06:13:49.343,bitmart,XRP/USDT:USDT,3.1422,96086.0,3.1421,15442.0,3.1423,17665.0,3.1424,13620.0
1753769629916,06:13:49.916,bitmart,XRP/USDT:USDT,3.1416,18109.0,3.1415,16912.0,3.1423,108385.0,3.1424,27390.0
1753769630316,06:13:50.316,bitmart,XRP/USDT:USDT,3.1416,98095.0,3.1415,16912.0,3.1417,9734.0,3.1418,17337.0
1753769630921,06:13:50.921,bitmart,XRP/USDT:USDT,3.1416,69952.0,3.1415,29053.0,3.1422,103230.0,3.1423,15715.0
1753769631519,06:13:51.519,bitmart,XRP/USDT:USDT,3.1421,939.0,3.142,14096.0,3.1422,103230.0,3.1423,15715.0
1753769631519,06:13:51.519,bitmart,XRP/USDT:USDT,3.1421,939.0,3.142,14096.0,3.1422,103230.0,3.1423,15715.0
1753769633123,06:13:53.123,bitmart,XRP/USDT:USDT,3.1416,79768.0,3.1415,16912.0,3.1417,16337.0,3.1418,15214.0
1753769634121,06:13:54.121,bitmart,XRP/USDT:USDT,3.1416,59406.0,3.1415,16912.0,3.1417,46058.0,3.1418,15214.0
1753769634716,06:13:54.716,bitmart,XRP/USDT:USDT,3.1416,21241.0,3.1415,16912.0,3.1417,46058.0,3.1418,15214.0
1753769635117,06:13:55.117,bitmart,XRP/USDT:USDT,3.1416,21241.0,3.1415,16912.0,3.1417,46058.0,3.1418,15214.0
1753769635716,06:13:55.716,bitmart,XRP/USDT:USDT,3.1416,60651.0,3.1415,16912.0,3.1417,46058.0,3.1418,15214.0
1753769635921,06:13:55.921,bitmart,XRP/USDT:USDT,3.1416,60651.0,3.1415,16912.0,3.1417,46058.0,3.1418,15214.0
1753769636943,06:13:56.943,bitmart,XRP/USDT:USDT,3.1418,88141.0,3.1417,15049.0,3.1421,19831.0,3.1422,13818.0
1753769637123,06:13:57.123,bitmart,XRP/USDT:USDT,3.142,89278.0,3.1419,18479.0,3.1421,19831.0,3.1422,13818.0
1753769637516,06:13:57.516,bitmart,XRP/USDT:USDT,3.142,89278.0,3.1419,18479.0,3.1421,19831.0,3.1422,13818.0
1753769637720,06:13:57.720,bitmart,XRP/USDT:USDT,3.142,89278.0,3.1419,18479.0,3.1421,19831.0,3.1422,13818.0
1753769637917,06:13:57.917,bitmart,XRP/USDT:USDT,3.142,89278.0,3.1419,18479.0,3.1421,19831.0,3.1422,13818.0
1753769638516,06:13:58.516,bitmart,XRP/USDT:USDT,3.142,122056.0,3.1419,18479.0,3.1421,43294.0,3.1422,13818.0
1753769638717,06:13:58.717,bitmart,XRP/USDT:USDT,3.142,81926.0,3.1419,18479.0,3.1421,23463.0,3.1422,13818.0
1753769639717,06:13:59.717,bitmart,XRP/USDT:USDT,3.1425,87421.0,3.1424,13337.0,3.1426,83622.0,3.1427,15439.0
1753769640322,06:14:00.322,bitmart,XRP/USDT:USDT,3.1421,14939.0,3.142,17556.0,3.1426,83622.0,3.1427,22373.0
1753769640572,06:14:00.572,bitmart,XRP/USDT:USDT,3.1422,40125.0,3.1421,14939.0,3.1426,83622.0,3.1427,22373.0
1753769641520,06:14:01.520,bitmart,XRP/USDT:USDT,3.1423,84047.0,3.1422,13405.0,3.1424,14143.0,3.1425,15488.0
1753769641720,06:14:01.720,bitmart,XRP/USDT:USDT,3.1423,84047.0,3.1422,13405.0,3.1424,14143.0,3.1425,15488.0
1753769641917,06:14:01.917,bitmart,XRP/USDT:USDT,3.1423,84047.0,3.1422,13405.0,3.1424,14143.0,3.1425,15488.0
1753769642523,06:14:02.523,bitmart,XRP/USDT:USDT,3.1423,84047.0,3.1422,13405.0,3.1424,58422.0,3.1425,15488.0
1753769642718,06:14:02.718,bitmart,XRP/USDT:USDT,3.1423,84047.0,3.1422,13405.0,3.1424,25805.0,3.1425,15488.0
1753769642918,06:14:02.918,bitmart,XRP/USDT:USDT,3.1423,84047.0,3.1422,13405.0,3.1424,25805.0,3.1425,15488.0
1753769643317,06:14:03.317,bitmart,XRP/USDT:USDT,3.1423,84047.0,3.1422,13405.0,3.1424,49410.0,3.1425,15488.0
1753769643724,06:14:03.724,bitmart,XRP/USDT:USDT,3.1423,84047.0,3.1422,13405.0,3.1424,49410.0,3.1425,15488.0
1753769643931,06:14:03.931,bitmart,XRP/USDT:USDT,3.1423,84047.0,3.1422,13405.0,3.1424,49410.0,3.1425,15488.0
1753769644119,06:14:04.119,bitmart,XRP/USDT:USDT,3.1423,84047.0,3.1422,13405.0,3.1424,49410.0,3.1425,15488.0
1753769644318,06:14:04.318,bitmart,XRP/USDT:USDT,3.1423,84047.0,3.1422,13405.0,3.1424,49410.0,3.1425,15488.0
1753769644518,06:14:04.518,bitmart,XRP/USDT:USDT,3.1423,84047.0,3.1422,13405.0,3.1424,49410.0,3.1425,15488.0
1753769644718,06:14:04.718,bitmart,XRP/USDT:USDT,3.1423,103498.0,3.1422,13405.0,3.1424,73952.0,3.1425,15488.0
1753769646120,06:14:06.120,bitmart,XRP/USDT:USDT,3.1423,100818.0,3.1422,13405.0,3.1424,21559.0,3.1425,15488.0
1753769647119,06:14:07.119,bitmart,XRP/USDT:USDT,3.1423,100818.0,3.1422,13405.0,3.1428,13991.0,3.1429,18260.0
1753769647320,06:14:07.320,bitmart,XRP/USDT:USDT,3.1423,110298.0,3.1422,22997.0,3.1428,13991.0,3.1429,18260.0
1753769647516,06:14:07.516,bitmart,XRP/USDT:USDT,3.1427,93913.0,3.1426,15828.0,3.1428,13991.0,3.1429,18260.0
1753769647917,06:14:07.917,bitmart,XRP/USDT:USDT,3.1427,93913.0,3.1426,15828.0,3.1428,13991.0,3.1429,18260.0
1753769648317,06:14:08.317,bitmart,XRP/USDT:USDT,3.1427,93913.0,3.1426,15828.0,3.1428,13991.0,3.1429,18260.0
1753769649116,06:14:09.116,bitmart,XRP/USDT:USDT,3.1427,81799.0,3.1426,15828.0,3.1428,9146.0,3.1429,18260.0
1753769649717,06:14:09.717,bitmart,XRP/USDT:USDT,3.1427,81799.0,3.1426,15828.0,3.1428,7558.0,3.1429,18260.0
1753769650722,06:14:10.722,bitmart,XRP/USDT:USDT,3.1427,81799.0,3.1426,15828.0,3.1428,25576.0,3.1429,18260.0
1753769650916,06:14:10.916,bitmart,XRP/USDT:USDT,3.1427,81799.0,3.1426,15828.0,3.1428,25576.0,3.1429,18260.0
1753769651319,06:14:11.319,bitmart,XRP/USDT:USDT,3.1427,81799.0,3.1426,15828.0,3.1429,18260.0,3.143,18202.0
1753769651717,06:14:11.717,bitmart,XRP/USDT:USDT,3.1428,86070.0,3.1427,17399.0,3.143,18202.0,3.1431,18393.0
1753769651917,06:14:11.917,bitmart,XRP/USDT:USDT,3.1429,110528.0,3.1428,14872.0,3.143,18202.0,3.1431,18393.0
1753769652124,06:14:12.124,bitmart,XRP/USDT:USDT,3.1429,110528.0,3.1428,14872.0,3.143,18202.0,3.1431,18393.0
1753769652519,06:14:12.519,bitmart,XRP/USDT:USDT,3.1429,110528.0,3.1428,14872.0,3.143,40260.0,3.1431,18393.0
1753769652715,06:14:12.715,bitmart,XRP/USDT:USDT,3.1429,110528.0,3.1428,14872.0,3.143,29102.0,3.1431,18393.0
1753769653316,06:14:13.316,bitmart,XRP/USDT:USDT,3.1429,110528.0,3.1428,14872.0,3.143,29102.0,3.1431,18393.0
1753769653520,06:14:13.520,bitmart,XRP/USDT:USDT,3.1429,110528.0,3.1428,14872.0,3.143,29102.0,3.1431,18393.0
1753769653918,06:14:13.918,bitmart,XRP/USDT:USDT,3.1429,141076.0,3.1428,14872.0,3.143,29102.0,3.1431,18393.0
1753769654119,06:14:14.119,bitmart,XRP/USDT:USDT,3.1429,141076.0,3.1428,14872.0,3.143,55154.0,3.1431,18393.0
1753769655324,06:14:15.324,bitmart,XRP/USDT:USDT,3.1429,87457.0,3.1428,14872.0,3.143,91531.0,3.1431,18393.0
1753769655916,06:14:15.916,bitmart,XRP/USDT:USDT,3.1429,87457.0,3.1428,14872.0,3.143,91531.0,3.1431,18393.0
1753769656116,06:14:16.116,bitmart,XRP/USDT:USDT,3.1429,87457.0,3.1428,14872.0,3.143,91531.0,3.1431,18393.0
1753769656315,06:14:16.315,bitmart,XRP/USDT:USDT,3.1429,87457.0,3.1428,14872.0,3.143,91531.0,3.1431,18393.0
1753769656920,06:14:16.920,bitmart,XRP/USDT:USDT,3.1429,88837.0,3.1428,14872.0,3.143,96869.0,3.1431,18393.0
