timestamp,time,exchange,symbol,bid1_price,bid1_volume,bid2_price,bid2_volume,ask1_price,ask1_volume,ask2_price,ask2_volume
1753769518369,06:11:58.369,binanceusdm,ETH/USDT:USDT,3806.45,70.052,3806.44,0.047,3806.46,20.991,3806.47,0.01
1753769518472,06:11:58.472,binanceusdm,ETH/USDT:USDT,3806.45,70.052,3806.44,0.047,3806.46,20.988,3806.47,0.01
1753769518685,06:11:58.685,binanceusdm,ETH/USDT:USDT,3806.45,61.186,3806.44,0.047,3806.46,24.985,3806.47,0.01
1753769519203,06:11:59.203,binanceusdm,ETH/USDT:USDT,3806.45,68.276,3806.44,0.055,3806.46,31.939,3806.47,0.01
1753769519305,06:11:59.305,binanceusdm,ETH/USDT:USDT,3806.45,68.276,3806.44,0.055,3806.46,32.647,3806.47,0.01
1753769519406,06:11:59.406,binanceusdm,ETH/USDT:USDT,3806.45,68.276,3806.44,0.055,3806.46,32.675,3806.47,0.01
1753769519509,06:11:59.509,binanceusdm,ETH/USDT:USDT,3806.45,68.276,3806.44,0.055,3806.46,32.669,3806.47,0.01
1753769519610,06:11:59.610,binanceusdm,ETH/USDT:USDT,3806.45,68.249,3806.44,0.055,3806.46,33.9,3806.47,0.01
1753769519711,06:11:59.711,binanceusdm,ETH/USDT:USDT,3806.45,68.197,3806.44,0.055,3806.46,33.906,3806.47,0.01
1753769519813,06:11:59.813,binanceusdm,ETH/USDT:USDT,3806.45,66.84,3806.44,0.055,3806.46,33.906,3806.47,0.01
1753769519915,06:11:59.915,binanceusdm,ETH/USDT:USDT,3806.45,66.84,3806.44,0.055,3806.46,33.906,3806.47,0.01
1753769520119,06:12:00.119,binanceusdm,ETH/USDT:USDT,3806.45,66.792,3806.44,0.065,3806.46,18.315,3806.47,0.01
1753769520223,06:12:00.223,binanceusdm,ETH/USDT:USDT,3806.45,68.052,3806.44,0.08,3806.46,18.65,3806.47,0.01
1753769520428,06:12:00.428,binanceusdm,ETH/USDT:USDT,3806.45,68.599,3806.44,0.08,3806.46,18.939,3806.47,0.01
1753769520737,06:12:00.737,binanceusdm,ETH/USDT:USDT,3806.45,68.624,3806.44,0.552,3806.46,19.185,3806.47,0.01
1753769520838,06:12:00.838,binanceusdm,ETH/USDT:USDT,3806.45,69.244,3806.44,0.552,3806.46,19.184,3806.47,0.01
1753769520941,06:12:00.941,binanceusdm,ETH/USDT:USDT,3806.45,68.242,3806.44,0.552,3806.46,10.427,3806.47,0.01
1753769521042,06:12:01.042,binanceusdm,ETH/USDT:USDT,3806.45,68.242,3806.44,0.552,3806.46,10.427,3806.47,0.01
1753769521147,06:12:01.147,binanceusdm,ETH/USDT:USDT,3806.45,70.212,3806.44,0.552,3806.46,28.315,3806.47,0.01
1753769521248,06:12:01.248,binanceusdm,ETH/USDT:USDT,3806.45,70.206,3806.44,0.552,3806.46,29.923,3806.47,0.01
1753769521349,06:12:01.349,binanceusdm,ETH/USDT:USDT,3806.45,68.162,3806.44,0.552,3806.46,34.127,3806.47,0.024
1753769521450,06:12:01.450,binanceusdm,ETH/USDT:USDT,3806.45,68.22,3806.44,0.552,3806.46,33.864,3806.47,0.024
1753769521865,06:12:01.865,binanceusdm,ETH/USDT:USDT,3806.45,68.188,3806.44,0.552,3806.46,16.818,3806.47,0.047
1753769521968,06:12:01.968,binanceusdm,ETH/USDT:USDT,3806.45,68.713,3806.44,0.552,3806.46,16.818,3806.47,0.047
1753769522070,06:12:02.070,binanceusdm,ETH/USDT:USDT,3806.45,68.727,3806.44,0.552,3806.46,16.706,3806.47,0.047
1753769522181,06:12:02.181,binanceusdm,ETH/USDT:USDT,3806.45,68.727,3806.44,0.552,3806.46,16.824,3806.47,0.047
1753769522284,06:12:02.284,binanceusdm,ETH/USDT:USDT,3806.45,68.727,3806.44,0.552,3806.46,16.822,3806.47,0.058
1753769522693,06:12:02.693,binanceusdm,ETH/USDT:USDT,3806.45,65.563,3806.44,0.552,3806.46,13.674,3806.47,0.073
1753769522796,06:12:02.796,binanceusdm,ETH/USDT:USDT,3806.45,65.601,3806.44,0.552,3806.46,13.237,3806.47,0.073
1753769522899,06:12:02.899,binanceusdm,ETH/USDT:USDT,3806.45,65.594,3806.44,0.552,3806.46,13.237,3806.47,0.073
1753769523009,06:12:03.009,binanceusdm,ETH/USDT:USDT,3806.45,65.594,3806.44,0.552,3806.46,13.308,3806.47,0.073
1753769523111,06:12:03.111,binanceusdm,ETH/USDT:USDT,3806.45,65.115,3806.44,0.552,3806.46,13.308,3806.47,0.073
1753769523213,06:12:03.213,binanceusdm,ETH/USDT:USDT,3806.45,65.088,3806.44,0.552,3806.46,13.314,3806.47,0.073
1753769523315,06:12:03.315,binanceusdm,ETH/USDT:USDT,3806.45,65.082,3806.44,0.552,3806.46,14.817,3806.47,0.073
1753769524163,06:12:04.163,binanceusdm,ETH/USDT:USDT,3806.45,65.885,3806.44,0.552,3806.46,37.585,3806.47,0.073
1753769524264,06:12:04.264,binanceusdm,ETH/USDT:USDT,3806.45,67.562,3806.44,0.552,3806.46,37.594,3806.47,0.073
1753769524577,06:12:04.577,binanceusdm,ETH/USDT:USDT,3806.45,65.468,3806.44,0.552,3806.46,46.071,3806.47,0.073
1753769524781,06:12:04.781,binanceusdm,ETH/USDT:USDT,3806.45,6.728,3806.44,0.055,3806.46,59.983,3806.47,0.088
1753769524885,06:12:04.885,binanceusdm,ETH/USDT:USDT,3806.45,6.728,3806.44,0.055,3806.46,57.952,3806.47,0.088
1753769524987,06:12:04.987,binanceusdm,ETH/USDT:USDT,3806.45,6.731,3806.44,0.055,3806.46,62.659,3806.47,0.088
1753769525090,06:12:05.090,binanceusdm,ETH/USDT:USDT,3806.45,14.506,3806.44,0.055,3806.46,61.061,3806.47,0.088
1753769525192,06:12:05.192,binanceusdm,ETH/USDT:USDT,3806.45,2.539,3806.44,0.055,3806.46,96.552,3806.47,0.088
1753769525293,06:12:05.293,binanceusdm,ETH/USDT:USDT,3806.24,31.814,3806.21,0.006,3806.25,123.852,3806.27,0.006
1753769525394,06:12:05.394,binanceusdm,ETH/USDT:USDT,3806.24,25.866,3806.21,0.006,3806.25,72.151,3806.27,0.012
1753769525496,06:12:05.496,binanceusdm,ETH/USDT:USDT,3806.24,36.491,3806.21,0.006,3806.25,87.04,3806.27,0.012
1753769526004,06:12:06.004,binanceusdm,ETH/USDT:USDT,3806.24,52.28,3806.22,0.011,3806.25,66.975,3806.27,0.012
1753769526105,06:12:06.105,binanceusdm,ETH/USDT:USDT,3806.24,52.28,3806.22,0.011,3806.25,65.671,3806.27,0.012
1753769526511,06:12:06.511,binanceusdm,ETH/USDT:USDT,3806.24,72.055,3806.22,0.011,3806.25,20.528,3806.27,0.012
1753769526613,06:12:06.613,binanceusdm,ETH/USDT:USDT,3806.24,72.163,3806.22,0.011,3806.25,20.079,3806.27,0.006
1753769526716,06:12:06.716,binanceusdm,ETH/USDT:USDT,3806.24,72.173,3806.22,0.011,3806.25,20.069,3806.27,0.006
1753769526820,06:12:06.820,binanceusdm,ETH/USDT:USDT,3806.24,72.162,3806.22,0.011,3806.25,20.069,3806.27,0.006
1753769526923,06:12:06.923,binanceusdm,ETH/USDT:USDT,3806.24,72.162,3806.22,0.011,3806.25,20.069,3806.27,0.006
1753769527128,06:12:07.128,binanceusdm,ETH/USDT:USDT,3806.24,72.168,3806.22,0.011,3806.25,18.154,3806.27,0.006
1753769527240,06:12:07.240,binanceusdm,ETH/USDT:USDT,3806.24,72.563,3806.22,0.011,3806.25,18.238,3806.27,0.006
1753769527341,06:12:07.341,binanceusdm,ETH/USDT:USDT,3806.24,72.523,3806.22,0.011,3806.25,18.23,3806.27,0.006
1753769527444,06:12:07.444,binanceusdm,ETH/USDT:USDT,3806.24,84.517,3806.22,0.011,3806.25,27.037,3806.27,0.006
1753769527546,06:12:07.546,binanceusdm,ETH/USDT:USDT,3806.24,83.317,3806.22,0.011,3806.25,27.045,3806.27,0.006
1753769527648,06:12:07.648,binanceusdm,ETH/USDT:USDT,3806.24,83.317,3806.22,0.011,3806.25,27.198,3806.27,0.006
1753769527750,06:12:07.750,binanceusdm,ETH/USDT:USDT,3806.24,83.317,3806.22,0.011,3806.25,29.168,3806.27,0.006
1753769527851,06:12:07.851,binanceusdm,ETH/USDT:USDT,3806.24,83.515,3806.22,0.011,3806.25,28.299,3806.27,0.012
1753769528168,06:12:08.168,binanceusdm,ETH/USDT:USDT,3806.24,83.521,3806.22,0.021,3806.25,28.851,3806.27,0.012
1753769528272,06:12:08.272,binanceusdm,ETH/USDT:USDT,3806.24,85.247,3806.23,0.01,3806.25,28.851,3806.26,0.03
1753769528376,06:12:08.376,binanceusdm,ETH/USDT:USDT,3806.24,85.049,3806.23,0.01,3806.25,29.133,3806.26,0.03
1753769528478,06:12:08.478,binanceusdm,ETH/USDT:USDT,3806.24,85.049,3806.23,0.01,3806.25,29.133,3806.26,0.03
1753769528581,06:12:08.581,binanceusdm,ETH/USDT:USDT,3806.24,81.441,3806.23,0.01,3806.25,29.591,3806.26,0.03
1753769528689,06:12:08.689,binanceusdm,ETH/USDT:USDT,3806.24,79.55,3806.23,0.01,3806.25,29.698,3806.26,0.03
1753769528792,06:12:08.792,binanceusdm,ETH/USDT:USDT,3806.24,79.55,3806.23,0.01,3806.25,29.698,3806.26,0.03
1753769528894,06:12:08.894,binanceusdm,ETH/USDT:USDT,3806.24,79.19,3806.23,0.01,3806.25,36.984,3806.26,0.03
1753769528996,06:12:08.996,binanceusdm,ETH/USDT:USDT,3806.24,80.529,3806.23,0.01,3806.25,39.797,3806.26,0.03
1753769529097,06:12:09.097,binanceusdm,ETH/USDT:USDT,3806.24,44.747,3806.23,0.042,3806.25,39.759,3806.26,0.03
1753769529198,06:12:09.198,binanceusdm,ETH/USDT:USDT,3806.24,45.049,3806.23,0.042,3806.25,39.783,3806.26,0.03
1753769529299,06:12:09.299,binanceusdm,ETH/USDT:USDT,3806.24,45.52,3806.23,0.042,3806.25,40.589,3806.26,0.03
1753769529913,06:12:09.913,binanceusdm,ETH/USDT:USDT,3806.24,47.249,3806.23,0.042,3806.25,51.434,3806.26,0.03
1753769530119,06:12:10.119,binanceusdm,ETH/USDT:USDT,3806.24,41.923,3806.23,0.042,3806.25,53.564,3806.26,0.03
1753769530222,06:12:10.222,binanceusdm,ETH/USDT:USDT,3806.24,36.827,3806.23,0.042,3806.25,51.457,3806.26,0.03
1753769530325,06:12:10.325,binanceusdm,ETH/USDT:USDT,3806.24,34.226,3806.23,0.032,3806.25,61.105,3806.26,0.03
1753769530426,06:12:10.426,binanceusdm,ETH/USDT:USDT,3806.24,36.773,3806.23,0.032,3806.25,53.855,3806.26,0.058
1753769530528,06:12:10.528,binanceusdm,ETH/USDT:USDT,3806.24,36.752,3806.23,0.032,3806.25,51.87,3806.26,0.058
1753769530629,06:12:10.629,binanceusdm,ETH/USDT:USDT,3806.24,36.752,3806.23,0.032,3806.25,49.731,3806.26,0.058
1753769531336,06:12:11.336,binanceusdm,ETH/USDT:USDT,3806.6,240.579,3806.59,2.071,3806.61,21.616,3806.62,0.218
1753769531541,06:12:11.541,binanceusdm,ETH/USDT:USDT,3806.6,240.68,3806.59,2.071,3806.61,21.73,3806.62,0.218
1753769531647,06:12:11.647,binanceusdm,ETH/USDT:USDT,3806.6,241.665,3806.59,2.071,3806.61,21.74,3806.62,0.218
1753769531750,06:12:11.750,binanceusdm,ETH/USDT:USDT,3806.6,241.665,3806.59,2.071,3806.61,18.801,3806.62,0.218
1753769532057,06:12:12.057,binanceusdm,ETH/USDT:USDT,3806.6,240.444,3806.59,1.113,3806.61,18.794,3806.62,0.228
1753769532361,06:12:12.361,binanceusdm,ETH/USDT:USDT,3806.6,29.502,3806.59,0.032,3806.61,65.372,3806.62,0.228
1753769532462,06:12:12.462,binanceusdm,ETH/USDT:USDT,3806.6,25.597,3806.59,0.032,3806.61,62.058,3806.62,0.228
1753769532563,06:12:12.563,binanceusdm,ETH/USDT:USDT,3806.6,13.188,3806.59,0.032,3806.61,98.273,3806.62,0.228
1753769532664,06:12:12.664,binanceusdm,ETH/USDT:USDT,3806.6,13.255,3806.59,0.032,3806.61,98.284,3806.62,0.228
1753769532765,06:12:12.765,binanceusdm,ETH/USDT:USDT,3806.6,13.255,3806.59,0.032,3806.61,98.273,3806.62,0.228
1753769533692,06:12:13.692,binanceusdm,ETH/USDT:USDT,3806.6,28.441,3806.59,0.032,3806.61,58.83,3806.62,0.228
1753769533795,06:12:13.795,binanceusdm,ETH/USDT:USDT,3806.6,29.7,3806.59,0.032,3806.61,35.259,3806.62,0.228
1753769533898,06:12:13.898,binanceusdm,ETH/USDT:USDT,3806.6,29.7,3806.59,0.032,3806.61,35.315,3806.62,0.228
1753769534000,06:12:14.000,binanceusdm,ETH/USDT:USDT,3806.6,54.012,3806.59,0.032,3806.61,23.056,3806.62,0.228
1753769534101,06:12:14.101,binanceusdm,ETH/USDT:USDT,3806.6,61.893,3806.59,0.065,3806.61,23.044,3806.62,0.228
1753769534202,06:12:14.202,binanceusdm,ETH/USDT:USDT,3806.6,59.036,3806.59,0.065,3806.61,16.004,3806.62,0.228
1753769534303,06:12:14.303,binanceusdm,ETH/USDT:USDT,3806.6,71.056,3806.59,0.065,3806.61,10.389,3806.62,0.228
1753769534406,06:12:14.406,binanceusdm,ETH/USDT:USDT,3806.6,74.136,3806.59,0.065,3806.61,10.455,3806.62,0.228
1753769534508,06:12:14.508,binanceusdm,ETH/USDT:USDT,3806.6,79.505,3806.59,0.065,3806.61,10.451,3806.62,0.228
1753769534609,06:12:14.609,binanceusdm,ETH/USDT:USDT,3806.6,79.397,3806.59,0.065,3806.61,13.319,3806.62,0.228
1753769535325,06:12:15.325,binanceusdm,ETH/USDT:USDT,3806.6,73.921,3806.59,0.065,3806.61,16.889,3806.62,0.228
1753769535428,06:12:15.428,binanceusdm,ETH/USDT:USDT,3806.6,72.137,3806.59,0.065,3806.61,6.949,3806.62,0.228
1753769535531,06:12:15.531,binanceusdm,ETH/USDT:USDT,3806.6,72.137,3806.59,0.065,3806.61,6.962,3806.62,0.228
1753769535632,06:12:15.632,binanceusdm,ETH/USDT:USDT,3806.6,72.111,3806.59,0.065,3806.61,6.975,3806.62,0.228
1753769535943,06:12:15.943,binanceusdm,ETH/USDT:USDT,3806.6,59.997,3806.59,0.065,3806.61,14.351,3806.62,0.228
1753769536045,06:12:16.045,binanceusdm,ETH/USDT:USDT,3806.6,65.339,3806.59,0.065,3806.61,13.651,3806.62,1.422
1753769536148,06:12:16.148,binanceusdm,ETH/USDT:USDT,3806.6,64.332,3806.59,0.065,3806.61,6.418,3806.62,1.422
1753769536251,06:12:16.251,binanceusdm,ETH/USDT:USDT,3806.6,64.332,3806.59,0.065,3806.61,7.384,3806.62,1.422
1753769536353,06:12:16.353,binanceusdm,ETH/USDT:USDT,3806.6,64.8,3806.59,0.065,3806.61,7.384,3806.62,1.422
1753769536456,06:12:16.456,binanceusdm,ETH/USDT:USDT,3806.6,65.107,3806.59,0.065,3806.61,7.675,3806.62,1.422
1753769536561,06:12:16.561,binanceusdm,ETH/USDT:USDT,3806.6,67.281,3806.59,0.065,3806.61,16.103,3806.62,1.422
1753769536662,06:12:16.662,binanceusdm,ETH/USDT:USDT,3806.6,64.481,3806.59,0.065,3806.61,8.501,3806.62,1.422
1753769536764,06:12:16.764,binanceusdm,ETH/USDT:USDT,3806.6,65.7,3806.59,0.065,3806.61,12.644,3806.62,1.422
1753769536867,06:12:16.867,binanceusdm,ETH/USDT:USDT,3806.6,65.366,3806.59,0.065,3806.61,8.501,3806.62,1.432
1753769537794,06:12:17.794,binanceusdm,ETH/USDT:USDT,3807.05,338.651,3807.04,139.386,3807.06,6.982,3807.08,0.032
1753769538097,06:12:18.097,binanceusdm,ETH/USDT:USDT,3807.15,170.937,3807.14,0.006,3807.16,20.476,3807.17,0.085
1753769538199,06:12:18.199,binanceusdm,ETH/USDT:USDT,3807.15,171.304,3807.14,0.006,3807.16,20.51,3807.17,0.085
1753769538301,06:12:18.301,binanceusdm,ETH/USDT:USDT,3807.15,172.269,3807.14,0.006,3807.16,20.46,3807.17,0.085
1753769538402,06:12:18.402,binanceusdm,ETH/USDT:USDT,3807.15,172.269,3807.14,0.006,3807.16,20.531,3807.17,0.085
1753769538505,06:12:18.505,binanceusdm,ETH/USDT:USDT,3807.15,164.398,3807.14,0.006,3807.16,20.534,3807.17,0.085
1753769538708,06:12:18.708,binanceusdm,ETH/USDT:USDT,3807.15,146.237,3807.14,0.006,3807.16,41.933,3807.17,0.085
1753769538809,06:12:18.809,binanceusdm,ETH/USDT:USDT,3807.15,142.366,3807.14,0.006,3807.16,42.498,3807.17,0.085
1753769538913,06:12:18.913,binanceusdm,ETH/USDT:USDT,3807.15,3.668,3807.13,0.032,3807.16,101.263,3807.17,0.085
1753769539115,06:12:19.115,binanceusdm,ETH/USDT:USDT,3807.15,22.668,3807.13,0.032,3807.16,36.936,3807.17,0.085
1753769539216,06:12:19.216,binanceusdm,ETH/USDT:USDT,3807.15,26.868,3807.13,0.032,3807.16,31.965,3807.17,0.085
1753769539318,06:12:19.318,binanceusdm,ETH/USDT:USDT,3807.15,60.036,3807.13,0.225,3807.16,9.745,3807.17,0.085
1753769539421,06:12:19.421,binanceusdm,ETH/USDT:USDT,3807.15,85.174,3807.13,0.235,3807.16,2.544,3807.17,0.085
1753769540434,06:12:20.434,binanceusdm,ETH/USDT:USDT,3807.26,291.499,3807.25,12.516,3807.27,1.704,3807.28,0.032
1753769540535,06:12:20.535,binanceusdm,ETH/USDT:USDT,3807.36,210.882,3807.35,1.346,3807.37,0.378,3807.4,0.038
1753769541040,06:12:21.040,binanceusdm,ETH/USDT:USDT,3807.71,261.96,3807.7,0.015,3807.72,30.324,3807.73,0.08
1753769541141,06:12:21.141,binanceusdm,ETH/USDT:USDT,3807.71,262.186,3807.7,0.021,3807.72,29.658,3807.73,0.08
1753769541242,06:12:21.242,binanceusdm,ETH/USDT:USDT,3807.71,262.186,3807.7,0.021,3807.72,40.43,3807.73,0.08
1753769541344,06:12:21.344,binanceusdm,ETH/USDT:USDT,3807.71,262.758,3807.7,0.021,3807.72,26.681,3807.73,0.08
1753769541448,06:12:21.448,binanceusdm,ETH/USDT:USDT,3807.71,259.607,3807.7,0.021,3807.72,29.841,3807.73,0.08
1753769541551,06:12:21.551,binanceusdm,ETH/USDT:USDT,3807.71,257.623,3807.7,0.021,3807.72,34.046,3807.73,0.08
1753769541859,06:12:21.859,binanceusdm,ETH/USDT:USDT,3807.71,251.757,3807.7,0.021,3807.72,22.429,3807.73,0.088
1753769541960,06:12:21.960,binanceusdm,ETH/USDT:USDT,3807.71,251.551,3807.7,0.021,3807.72,22.453,3807.73,0.088
1753769542369,06:12:22.369,binanceusdm,ETH/USDT:USDT,3807.25,41.035,3807.24,0.032,3807.26,85.638,3807.28,0.03
1753769542573,06:12:22.573,binanceusdm,ETH/USDT:USDT,3807.25,59.194,3807.24,0.032,3807.26,80.387,3807.28,0.03
1753769542674,06:12:22.674,binanceusdm,ETH/USDT:USDT,3807.25,57.961,3807.24,0.032,3807.26,66.955,3807.28,0.03
1753769542775,06:12:22.775,binanceusdm,ETH/USDT:USDT,3807.25,58.906,3807.24,0.032,3807.26,33.704,3807.28,0.03
1753769542876,06:12:22.876,binanceusdm,ETH/USDT:USDT,3807.25,58.906,3807.24,0.032,3807.26,33.704,3807.28,0.03
1753769542977,06:12:22.977,binanceusdm,ETH/USDT:USDT,3807.25,58.906,3807.24,0.032,3807.26,30.75,3807.28,0.03
1753769543182,06:12:23.182,binanceusdm,ETH/USDT:USDT,3807.25,71.545,3807.24,0.032,3807.26,13.645,3807.27,0.008
1753769543284,06:12:23.284,binanceusdm,ETH/USDT:USDT,3807.25,71.833,3807.24,0.032,3807.26,23.971,3807.27,0.008
1753769543388,06:12:23.388,binanceusdm,ETH/USDT:USDT,3807.25,71.538,3807.24,0.04,3807.26,25.087,3807.27,0.008
1753769543798,06:12:23.798,binanceusdm,ETH/USDT:USDT,3807.25,72.428,3807.24,0.04,3807.26,18.419,3807.27,0.008
1753769543900,06:12:23.900,binanceusdm,ETH/USDT:USDT,3807.25,72.421,3807.24,0.04,3807.26,18.037,3807.27,0.008
1753769544006,06:12:24.006,binanceusdm,ETH/USDT:USDT,3807.25,72.472,3807.24,0.04,3807.26,18.043,3807.27,0.008
1753769544109,06:12:24.109,binanceusdm,ETH/USDT:USDT,3807.25,73.463,3807.24,0.04,3807.26,13.814,3807.27,0.008
1753769544210,06:12:24.210,binanceusdm,ETH/USDT:USDT,3807.25,73.385,3807.24,0.04,3807.26,13.702,3807.27,0.008
1753769544519,06:12:24.519,binanceusdm,ETH/USDT:USDT,3807.25,73.406,3807.24,0.04,3807.26,17.439,3807.27,0.008
1753769544621,06:12:24.621,binanceusdm,ETH/USDT:USDT,3807.25,73.406,3807.24,0.04,3807.26,17.499,3807.27,0.008
1753769544724,06:12:24.724,binanceusdm,ETH/USDT:USDT,3807.25,73.412,3807.24,0.04,3807.26,16.323,3807.27,0.008
1753769544828,06:12:24.828,binanceusdm,ETH/USDT:USDT,3807.25,73.412,3807.24,0.04,3807.26,16.563,3807.27,0.008
1753769545031,06:12:25.031,binanceusdm,ETH/USDT:USDT,3807.25,73.871,3807.24,0.04,3807.26,16.571,3807.27,0.008
1753769545132,06:12:25.132,binanceusdm,ETH/USDT:USDT,3807.25,73.871,3807.24,0.04,3807.26,16.584,3807.27,0.036
1753769545539,06:12:25.539,binanceusdm,ETH/USDT:USDT,3807.48,185.065,3807.47,1.665,3807.49,40.801,3807.5,0.059
1753769545640,06:12:25.640,binanceusdm,ETH/USDT:USDT,3807.48,185.098,3807.47,1.665,3807.49,43.833,3807.5,0.07
1753769545743,06:12:25.743,binanceusdm,ETH/USDT:USDT,3807.48,184.703,3807.47,1.665,3807.49,42.626,3807.5,0.07
1753769545844,06:12:25.844,binanceusdm,ETH/USDT:USDT,3807.48,181.707,3807.47,1.665,3807.49,42.626,3807.5,0.07
1753769545946,06:12:25.946,binanceusdm,ETH/USDT:USDT,3807.48,98.708,3807.47,0.345,3807.49,56.642,3807.5,0.07
1753769546454,06:12:26.454,binanceusdm,ETH/USDT:USDT,3807.15,6.265,3807.13,0.406,3807.16,132.197,3807.17,19.051
1753769546870,06:12:26.870,binanceusdm,ETH/USDT:USDT,3807.05,17.744,3807.04,0.012,3807.06,157.972,3807.07,54.229
1753769546973,06:12:26.973,binanceusdm,ETH/USDT:USDT,3807.05,15.237,3807.04,0.012,3807.06,158.262,3807.07,54.229
1753769547499,06:12:27.499,binanceusdm,ETH/USDT:USDT,3807.05,23.204,3807.04,0.012,3807.06,147.443,3807.07,54.229
1753769547600,06:12:27.600,binanceusdm,ETH/USDT:USDT,3807.05,23.204,3807.04,0.012,3807.06,147.968,3807.07,54.229
1753769547702,06:12:27.702,binanceusdm,ETH/USDT:USDT,3807.05,23.204,3807.04,0.012,3807.06,146.116,3807.07,54.229
1753769548523,06:12:28.523,binanceusdm,ETH/USDT:USDT,3807.05,45.649,3807.04,0.027,3807.06,79.209,3807.07,1.51
1753769548933,06:12:28.933,binanceusdm,ETH/USDT:USDT,3807.05,33.01,3807.04,0.027,3807.06,85.483,3807.07,1.51
1753769549037,06:12:29.037,binanceusdm,ETH/USDT:USDT,3807.05,28.86,3807.04,0.027,3807.06,85.489,3807.07,1.51
1753769549140,06:12:29.140,binanceusdm,ETH/USDT:USDT,3807.05,14.998,3807.04,0.012,3807.06,92.17,3807.07,1.51
1753769550266,06:12:30.266,binanceusdm,ETH/USDT:USDT,3806.79,14.883,3806.77,0.012,3806.8,141.03,3806.81,1.321
1753769550367,06:12:30.367,binanceusdm,ETH/USDT:USDT,3806.79,14.734,3806.77,0.012,3806.8,141.466,3806.81,1.321
1753769552100,06:12:32.100,binanceusdm,ETH/USDT:USDT,3807.48,145.942,3807.47,0.02,3807.49,12.121,3807.5,0.116
1753769552306,06:12:32.306,binanceusdm,ETH/USDT:USDT,3807.48,146.012,3807.47,0.02,3807.49,11.244,3807.5,0.116
1753769553031,06:12:33.031,binanceusdm,ETH/USDT:USDT,3807.48,162.78,3807.47,0.02,3807.49,25.047,3807.5,0.116
1753769553134,06:12:33.134,binanceusdm,ETH/USDT:USDT,3807.48,162.786,3807.47,0.02,3807.49,25.1,3807.5,0.116
1753769553238,06:12:33.238,binanceusdm,ETH/USDT:USDT,3807.49,22.324,3807.48,172.173,3807.5,0.116,3807.52,0.012
1753769553745,06:12:33.745,binanceusdm,ETH/USDT:USDT,3807.99,219.164,3807.98,0.098,3808.0,25.338,3808.01,0.046
1753769553847,06:12:33.847,binanceusdm,ETH/USDT:USDT,3807.99,219.472,3807.98,0.098,3808.0,39.028,3808.01,0.046
1753769553948,06:12:33.948,binanceusdm,ETH/USDT:USDT,3807.99,217.872,3807.98,0.098,3808.0,39.022,3808.01,0.046
1753769554051,06:12:34.051,binanceusdm,ETH/USDT:USDT,3807.99,217.872,3807.98,0.098,3808.0,39.022,3808.01,0.046
1753769554153,06:12:34.153,binanceusdm,ETH/USDT:USDT,3807.99,216.887,3807.98,0.098,3808.0,40.589,3808.01,0.046
1753769554256,06:12:34.256,binanceusdm,ETH/USDT:USDT,3807.99,216.887,3807.98,0.098,3808.0,55.553,3808.01,0.046
1753769554563,06:12:34.563,binanceusdm,ETH/USDT:USDT,3807.99,196.798,3807.98,0.098,3808.0,58.614,3808.01,0.046
1753769554980,06:12:34.980,binanceusdm,ETH/USDT:USDT,3807.99,205.469,3807.98,0.098,3808.0,59.377,3808.01,0.096
1753769555085,06:12:35.085,binanceusdm,ETH/USDT:USDT,3807.99,205.469,3807.98,0.098,3808.0,59.377,3808.01,0.096
1753769555188,06:12:35.188,binanceusdm,ETH/USDT:USDT,3807.99,204.17,3807.98,0.098,3808.0,59.5,3808.01,0.119
1753769555290,06:12:35.290,binanceusdm,ETH/USDT:USDT,3807.99,204.17,3807.98,0.133,3808.0,59.5,3808.01,0.119
1753769555399,06:12:35.399,binanceusdm,ETH/USDT:USDT,3807.99,200.309,3807.98,0.133,3808.0,59.5,3808.01,0.119
1753769555602,06:12:35.602,binanceusdm,ETH/USDT:USDT,3807.99,68.551,3807.98,0.127,3808.0,66.764,3808.01,1.433
1753769555804,06:12:35.804,binanceusdm,ETH/USDT:USDT,3807.99,56.309,3807.98,0.127,3808.0,67.394,3808.01,1.433
1753769555906,06:12:35.906,binanceusdm,ETH/USDT:USDT,3807.99,56.348,3807.98,0.127,3808.0,65.39,3808.01,1.433
1753769556008,06:12:36.008,binanceusdm,ETH/USDT:USDT,3807.99,56.408,3807.98,0.127,3808.0,60.0,3808.01,0.119
1753769556213,06:12:36.213,binanceusdm,ETH/USDT:USDT,3807.99,59.49,3807.98,0.127,3808.0,56.487,3808.01,0.119
1753769557135,06:12:37.135,binanceusdm,ETH/USDT:USDT,3807.99,59.346,3807.98,0.127,3808.0,57.12,3808.01,0.142
1753769557238,06:12:37.238,binanceusdm,ETH/USDT:USDT,3807.99,59.245,3807.98,0.127,3808.0,56.024,3808.01,0.142
1753769557853,06:12:37.853,binanceusdm,ETH/USDT:USDT,3807.99,59.322,3807.98,0.127,3808.0,57.151,3808.01,0.142
1753769557954,06:12:37.954,binanceusdm,ETH/USDT:USDT,3807.99,60.109,3807.98,0.127,3808.0,58.108,3808.01,0.142
1753769558057,06:12:38.057,binanceusdm,ETH/USDT:USDT,3807.99,60.109,3807.98,0.127,3808.0,58.108,3808.01,0.142
1753769558160,06:12:38.160,binanceusdm,ETH/USDT:USDT,3807.99,60.642,3807.98,0.127,3808.0,57.042,3808.01,0.142
1753769558263,06:12:38.263,binanceusdm,ETH/USDT:USDT,3807.99,60.499,3807.98,0.127,3808.0,58.685,3808.01,0.142
1753769558370,06:12:38.370,binanceusdm,ETH/USDT:USDT,3807.99,60.487,3807.98,0.127,3808.0,58.685,3808.01,0.142
1753769558474,06:12:38.474,binanceusdm,ETH/USDT:USDT,3807.99,60.487,3807.98,0.127,3808.0,57.96,3808.01,0.142
1753769558577,06:12:38.577,binanceusdm,ETH/USDT:USDT,3807.99,60.746,3807.98,0.127,3808.0,57.95,3808.01,0.142
1753769558680,06:12:38.680,binanceusdm,ETH/USDT:USDT,3807.99,60.746,3807.98,0.127,3808.0,57.95,3808.01,0.142
1753769558783,06:12:38.783,binanceusdm,ETH/USDT:USDT,3807.99,60.824,3807.98,0.127,3808.0,57.95,3808.01,0.142
1753769558886,06:12:38.886,binanceusdm,ETH/USDT:USDT,3807.99,60.824,3807.98,0.127,3808.0,57.95,3808.01,0.142
1753769558990,06:12:38.990,binanceusdm,ETH/USDT:USDT,3807.99,60.152,3807.98,0.127,3808.0,57.906,3808.01,0.142
1753769559093,06:12:39.093,binanceusdm,ETH/USDT:USDT,3807.99,60.152,3807.98,0.127,3808.0,57.906,3808.01,0.142
1753769559202,06:12:39.202,binanceusdm,ETH/USDT:USDT,3807.99,60.151,3807.98,0.127,3808.0,57.933,3808.01,0.142
1753769559306,06:12:39.306,binanceusdm,ETH/USDT:USDT,3807.7,50.831,3807.67,0.032,3807.71,51.269,3807.72,0.015
1753769559407,06:12:39.407,binanceusdm,ETH/USDT:USDT,3807.7,54.542,3807.68,0.006,3807.71,39.202,3807.73,0.032
1753769559509,06:12:39.509,binanceusdm,ETH/USDT:USDT,3807.7,63.177,3807.68,0.021,3807.71,15.938,3807.73,0.032
1753769559611,06:12:39.611,binanceusdm,ETH/USDT:USDT,3807.7,63.177,3807.69,0.536,3807.71,19.102,3807.73,0.032
1753769559712,06:12:39.712,binanceusdm,ETH/USDT:USDT,3807.7,63.194,3807.69,0.536,3807.71,19.053,3807.73,0.032
1753769559813,06:12:39.813,binanceusdm,ETH/USDT:USDT,3807.7,62.842,3807.69,0.536,3807.71,19.206,3807.73,0.032
1753769559917,06:12:39.917,binanceusdm,ETH/USDT:USDT,3807.7,64.089,3807.69,0.536,3807.71,19.5,3807.73,0.032
1753769560018,06:12:40.018,binanceusdm,ETH/USDT:USDT,3807.7,63.503,3807.69,0.536,3807.71,19.486,3807.72,0.013
1753769560121,06:12:40.121,binanceusdm,ETH/USDT:USDT,3807.7,62.584,3807.69,0.536,3807.71,19.483,3807.72,0.013
1753769560222,06:12:40.222,binanceusdm,ETH/USDT:USDT,3807.7,62.576,3807.69,0.536,3807.71,19.485,3807.72,0.013
1753769560324,06:12:40.324,binanceusdm,ETH/USDT:USDT,3807.7,62.745,3807.69,0.536,3807.71,19.727,3807.72,0.013
1753769560427,06:12:40.427,binanceusdm,ETH/USDT:USDT,3807.7,62.769,3807.69,0.536,3807.71,19.721,3807.72,0.013
1753769560631,06:12:40.631,binanceusdm,ETH/USDT:USDT,3807.7,63.009,3807.69,0.536,3807.71,19.666,3807.72,0.013
1753769560732,06:12:40.732,binanceusdm,ETH/USDT:USDT,3807.7,63.659,3807.69,0.536,3807.71,19.733,3807.72,0.013
1753769560833,06:12:40.833,binanceusdm,ETH/USDT:USDT,3807.7,63.659,3807.69,0.536,3807.71,19.58,3807.72,0.013
1753769561037,06:12:41.037,binanceusdm,ETH/USDT:USDT,3807.7,63.636,3807.69,0.536,3807.71,19.32,3807.72,0.013
1753769561140,06:12:41.140,binanceusdm,ETH/USDT:USDT,3807.7,63.636,3807.69,0.536,3807.71,19.348,3807.72,0.013
1753769561243,06:12:41.243,binanceusdm,ETH/USDT:USDT,3807.7,63.636,3807.69,0.536,3807.71,18.391,3807.72,0.013
1753769561361,06:12:41.361,binanceusdm,ETH/USDT:USDT,3807.7,64.62,3807.69,0.536,3807.71,18.416,3807.72,0.013
1753769561468,06:12:41.468,binanceusdm,ETH/USDT:USDT,3807.7,64.62,3807.69,0.583,3807.71,18.548,3807.72,0.013
1753769561571,06:12:41.571,binanceusdm,ETH/USDT:USDT,3807.7,64.62,3807.69,0.583,3807.71,18.443,3807.72,0.013
1753769561773,06:12:41.773,binanceusdm,ETH/USDT:USDT,3807.99,209.621,3807.98,29.471,3808.0,28.523,3808.01,0.153
1753769561874,06:12:41.874,binanceusdm,ETH/USDT:USDT,3807.99,209.841,3807.98,1.693,3808.0,24.578,3808.01,0.17
1753769561978,06:12:41.978,binanceusdm,ETH/USDT:USDT,3807.99,210.115,3807.98,1.693,3808.0,24.599,3808.01,0.17
1753769562080,06:12:42.080,binanceusdm,ETH/USDT:USDT,3807.99,210.115,3807.98,1.693,3808.0,24.599,3808.01,0.17
1753769562183,06:12:42.183,binanceusdm,ETH/USDT:USDT,3807.99,209.315,3807.98,1.693,3808.0,24.599,3808.01,0.17
1753769562285,06:12:42.285,binanceusdm,ETH/USDT:USDT,3807.99,210.4,3807.98,1.693,3808.0,29.397,3808.01,0.17
1753769562388,06:12:42.388,binanceusdm,ETH/USDT:USDT,3807.99,210.4,3807.98,0.976,3808.0,29.504,3808.01,0.17
1753769562795,06:12:42.795,binanceusdm,ETH/USDT:USDT,3807.99,196.407,3807.98,0.976,3808.0,29.994,3808.01,0.17
1753769562897,06:12:42.897,binanceusdm,ETH/USDT:USDT,3807.99,195.515,3807.98,2.795,3808.0,24.718,3808.01,0.17
1753769563000,06:12:43.000,binanceusdm,ETH/USDT:USDT,3807.99,195.515,3807.98,2.795,3808.0,24.718,3808.01,0.17
1753769563101,06:12:43.101,binanceusdm,ETH/USDT:USDT,3807.99,204.377,3807.98,2.795,3808.0,24.608,3808.01,0.18
1753769563309,06:12:43.309,binanceusdm,ETH/USDT:USDT,3807.99,193.356,3807.98,2.795,3808.0,23.845,3808.01,0.18
1753769563411,06:12:43.411,binanceusdm,ETH/USDT:USDT,3807.99,173.982,3807.98,0.976,3808.0,23.879,3808.01,0.18
1753769563514,06:12:43.514,binanceusdm,ETH/USDT:USDT,3807.99,175.346,3807.98,3.505,3808.0,18.118,3808.01,0.18
1753769563617,06:12:43.617,binanceusdm,ETH/USDT:USDT,3807.99,175.364,3807.98,5.196,3808.0,18.118,3808.01,0.18
1753769563732,06:12:43.732,binanceusdm,ETH/USDT:USDT,3807.99,175.325,3807.98,5.196,3808.0,13.334,3808.01,0.18
1753769563834,06:12:43.834,binanceusdm,ETH/USDT:USDT,3807.99,175.324,3807.98,5.196,3808.0,13.865,3808.01,0.18
1753769563935,06:12:43.935,binanceusdm,ETH/USDT:USDT,3807.99,183.165,3807.98,5.196,3808.0,14.639,3808.01,0.18
1753769564038,06:12:44.038,binanceusdm,ETH/USDT:USDT,3807.99,183.165,3807.98,5.196,3808.0,14.639,3808.01,0.228
1753769564140,06:12:44.140,binanceusdm,ETH/USDT:USDT,3807.99,183.172,3807.98,5.196,3808.0,14.635,3808.01,0.228
1753769564243,06:12:44.243,binanceusdm,ETH/USDT:USDT,3807.99,183.183,3807.98,5.211,3808.0,14.403,3808.01,0.228
1753769564346,06:12:44.346,binanceusdm,ETH/USDT:USDT,3807.99,183.083,3807.98,5.211,3808.0,14.538,3808.01,0.238
1753769564449,06:12:44.449,binanceusdm,ETH/USDT:USDT,3807.99,183.089,3807.98,5.211,3808.0,14.526,3808.01,0.238
1753769564552,06:12:44.552,binanceusdm,ETH/USDT:USDT,3807.99,183.057,3807.98,5.196,3808.0,14.913,3808.01,0.238
1753769564666,06:12:44.666,binanceusdm,ETH/USDT:USDT,3807.99,183.081,3807.98,5.196,3808.0,14.939,3808.01,0.238
1753769564770,06:12:44.770,binanceusdm,ETH/USDT:USDT,3807.99,183.081,3807.98,5.196,3808.0,14.939,3808.01,0.238
1753769564873,06:12:44.873,binanceusdm,ETH/USDT:USDT,3807.99,183.081,3807.98,5.196,3808.0,14.953,3808.01,0.238
1753769564975,06:12:44.975,binanceusdm,ETH/USDT:USDT,3807.99,183.081,3807.98,5.196,3808.0,14.927,3808.01,0.238
1753769565078,06:12:45.078,binanceusdm,ETH/USDT:USDT,3807.99,183.081,3807.98,5.196,3808.0,14.927,3808.01,0.238
1753769565181,06:12:45.181,binanceusdm,ETH/USDT:USDT,3807.99,178.83,3807.98,3.186,3808.0,14.961,3808.01,0.238
1753769565283,06:12:45.283,binanceusdm,ETH/USDT:USDT,3807.99,178.812,3807.98,0.978,3808.0,15.101,3808.01,0.199
1753769565384,06:12:45.384,binanceusdm,ETH/USDT:USDT,3807.99,178.818,3807.98,0.978,3808.0,16.032,3808.01,0.199
1753769565487,06:12:45.487,binanceusdm,ETH/USDT:USDT,3807.99,180.931,3807.98,2.991,3808.0,19.765,3808.01,0.199
1753769565589,06:12:45.589,binanceusdm,ETH/USDT:USDT,3807.99,180.931,3807.98,2.991,3808.0,12.68,3808.01,0.176
1753769565692,06:12:45.692,binanceusdm,ETH/USDT:USDT,3807.99,181.335,3807.98,2.991,3808.0,12.68,3808.01,0.176
1753769565794,06:12:45.794,binanceusdm,ETH/USDT:USDT,3808.17,158.896,3808.16,0.006,3808.18,10.056,3808.19,0.755
1753769565895,06:12:45.895,binanceusdm,ETH/USDT:USDT,3808.17,160.78,3808.16,0.006,3808.18,18.9,3808.19,0.755
1753769565997,06:12:45.997,binanceusdm,ETH/USDT:USDT,3808.17,163.278,3808.16,8.51,3808.18,18.915,3808.19,0.15
1753769566099,06:12:46.099,binanceusdm,ETH/USDT:USDT,3808.17,161.95,3808.16,8.51,3808.18,18.391,3808.19,0.161
1753769566213,06:12:46.213,binanceusdm,ETH/USDT:USDT,3808.17,162.978,3808.16,8.51,3808.18,17.63,3808.19,0.161
1753769566316,06:12:46.316,binanceusdm,ETH/USDT:USDT,3808.17,162.551,3808.16,11.736,3808.18,22.745,3808.19,0.161
1753769566419,06:12:46.419,binanceusdm,ETH/USDT:USDT,3808.17,162.551,3808.16,8.51,3808.18,18.272,3808.19,0.176
1753769566520,06:12:46.520,binanceusdm,ETH/USDT:USDT,3808.17,162.322,3808.16,8.51,3808.18,18.218,3808.19,0.176
1753769566621,06:12:46.621,binanceusdm,ETH/USDT:USDT,3808.17,162.322,3808.16,11.736,3808.18,24.951,3808.19,0.176
1753769566722,06:12:46.722,binanceusdm,ETH/USDT:USDT,3808.17,162.322,3808.16,11.736,3808.18,25.084,3808.19,0.176
1753769566824,06:12:46.824,binanceusdm,ETH/USDT:USDT,3808.17,162.322,3808.16,8.51,3808.18,25.203,3808.19,0.176
1753769566927,06:12:46.927,binanceusdm,ETH/USDT:USDT,3808.17,162.322,3808.16,8.51,3808.18,32.007,3808.19,0.176
1753769567044,06:12:47.044,binanceusdm,ETH/USDT:USDT,3808.17,160.771,3808.16,8.51,3808.18,32.022,3808.19,0.176
1753769567146,06:12:47.146,binanceusdm,ETH/USDT:USDT,3808.17,160.777,3808.16,8.51,3808.18,18.392,3808.19,0.176
1753769567248,06:12:47.248,binanceusdm,ETH/USDT:USDT,3808.17,160.777,3808.16,8.51,3808.18,18.626,3808.19,0.176
1753769567350,06:12:47.350,binanceusdm,ETH/USDT:USDT,3808.17,160.789,3808.16,8.51,3808.18,18.802,3808.19,0.176
1753769567560,06:12:47.560,binanceusdm,ETH/USDT:USDT,3808.17,160.149,3808.16,8.51,3808.18,18.789,3808.19,0.176
1753769567762,06:12:47.762,binanceusdm,ETH/USDT:USDT,3808.17,160.084,3808.16,8.51,3808.18,18.728,3808.19,0.226
1753769567864,06:12:47.864,binanceusdm,ETH/USDT:USDT,3808.17,160.084,3808.16,8.51,3808.18,18.728,3808.19,0.226
1753769567967,06:12:47.967,binanceusdm,ETH/USDT:USDT,3808.17,160.077,3808.16,8.51,3808.18,18.728,3808.19,0.226
1753769568069,06:12:48.069,binanceusdm,ETH/USDT:USDT,3808.17,160.077,3808.16,8.51,3808.18,18.678,3808.19,0.226
1753769568171,06:12:48.171,binanceusdm,ETH/USDT:USDT,3808.17,160.059,3808.16,8.51,3808.18,18.741,3808.19,0.226
1753769568273,06:12:48.273,binanceusdm,ETH/USDT:USDT,3808.17,159.92,3808.16,8.51,3808.18,18.662,3808.19,0.226
1753769568374,06:12:48.374,binanceusdm,ETH/USDT:USDT,3808.17,159.907,3808.16,8.51,3808.18,18.798,3808.19,0.226
1753769568475,06:12:48.475,binanceusdm,ETH/USDT:USDT,3808.17,159.907,3808.16,8.51,3808.18,17.569,3808.19,0.226
1753769568577,06:12:48.577,binanceusdm,ETH/USDT:USDT,3808.17,159.973,3808.16,8.51,3808.18,17.362,3808.19,0.215
1753769568681,06:12:48.681,binanceusdm,ETH/USDT:USDT,3808.17,159.973,3808.16,8.51,3808.18,17.366,3808.19,0.215
1753769568783,06:12:48.783,binanceusdm,ETH/USDT:USDT,3808.17,161.206,3808.16,8.51,3808.18,10.027,3808.19,0.215
1753769568884,06:12:48.884,binanceusdm,ETH/USDT:USDT,3808.17,161.206,3808.16,8.51,3808.18,9.945,3808.19,0.215
1753769568986,06:12:48.986,binanceusdm,ETH/USDT:USDT,3808.17,161.206,3808.16,8.51,3808.18,10.018,3808.19,0.215
1753769569090,06:12:49.090,binanceusdm,ETH/USDT:USDT,3808.19,217.317,3808.18,17.463,3808.2,1.191,3808.21,0.012
1753769569191,06:12:49.191,binanceusdm,ETH/USDT:USDT,3808.19,232.548,3808.18,14.573,3808.2,1.219,3808.21,0.012
1753769569292,06:12:49.292,binanceusdm,ETH/USDT:USDT,3808.19,194.494,3808.18,14.573,3808.2,1.42,3808.21,0.012
1753769569393,06:12:49.393,binanceusdm,ETH/USDT:USDT,3808.19,194.589,3808.18,14.573,3808.2,2.211,3808.21,0.012
1753769569497,06:12:49.497,binanceusdm,ETH/USDT:USDT,3808.19,194.589,3808.18,14.573,3808.2,2.242,3808.21,0.012
1753769569599,06:12:49.599,binanceusdm,ETH/USDT:USDT,3808.19,210.352,3808.18,14.573,3808.2,2.142,3808.21,0.012
1753769569701,06:12:49.701,binanceusdm,ETH/USDT:USDT,3808.19,210.382,3808.18,14.573,3808.2,2.154,3808.21,0.012
1753769569904,06:12:49.904,binanceusdm,ETH/USDT:USDT,3808.19,223.575,3808.18,14.673,3808.2,2.154,3808.21,0.012
1753769570005,06:12:50.005,binanceusdm,ETH/USDT:USDT,3808.19,211.366,3808.18,14.673,3808.2,2.154,3808.21,0.012
1753769570106,06:12:50.106,binanceusdm,ETH/USDT:USDT,3808.19,224.559,3808.18,14.673,3808.2,2.423,3808.21,0.012
1753769570207,06:12:50.207,binanceusdm,ETH/USDT:USDT,3808.19,209.557,3808.18,14.673,3808.2,2.415,3808.21,0.012
1753769570308,06:12:50.308,binanceusdm,ETH/USDT:USDT,3808.19,209.557,3808.18,14.673,3808.2,11.395,3808.21,0.049
1753769570409,06:12:50.409,binanceusdm,ETH/USDT:USDT,3808.19,209.557,3808.18,14.673,3808.2,11.672,3808.21,0.049
1753769570510,06:12:50.510,binanceusdm,ETH/USDT:USDT,3808.19,209.557,3808.18,14.659,3808.2,2.594,3808.21,0.049
1753769570611,06:12:50.611,binanceusdm,ETH/USDT:USDT,3808.19,210.55,3808.18,14.659,3808.2,2.786,3808.21,0.049
1753769570818,06:12:50.818,binanceusdm,ETH/USDT:USDT,3808.19,210.55,3808.18,14.649,3808.2,10.689,3808.21,0.049
1753769570919,06:12:50.919,binanceusdm,ETH/USDT:USDT,3808.19,210.637,3808.18,14.643,3808.2,8.706,3808.21,0.043
1753769571022,06:12:51.022,binanceusdm,ETH/USDT:USDT,3808.19,210.637,3808.18,14.666,3808.2,8.706,3808.21,0.043
1753769571123,06:12:51.123,binanceusdm,ETH/USDT:USDT,3808.19,210.637,3808.18,14.666,3808.2,8.811,3808.21,0.043
1753769571328,06:12:51.328,binanceusdm,ETH/USDT:USDT,3808.33,190.434,3808.32,19.149,3808.34,26.165,3808.35,4.323
1753769571430,06:12:51.430,binanceusdm,ETH/USDT:USDT,3808.33,190.44,3808.32,12.749,3808.34,26.188,3808.35,4.323
1753769571531,06:12:51.531,binanceusdm,ETH/USDT:USDT,3808.33,190.44,3808.32,15.379,3808.34,26.194,3808.35,4.323
1753769571633,06:12:51.633,binanceusdm,ETH/USDT:USDT,3808.33,190.55,3808.32,15.379,3808.34,21.41,3808.35,4.323
1753769571734,06:12:51.734,binanceusdm,ETH/USDT:USDT,3808.33,192.585,3808.32,15.379,3808.34,31.222,3808.35,1.097
1753769571836,06:12:51.836,binanceusdm,ETH/USDT:USDT,3808.33,192.632,3808.32,15.379,3808.34,31.232,3808.35,1.097
1753769571938,06:12:51.938,binanceusdm,ETH/USDT:USDT,3808.33,196.123,3808.32,15.379,3808.34,31.107,3808.35,1.097
1753769572039,06:12:52.039,binanceusdm,ETH/USDT:USDT,3808.33,197.587,3808.32,15.379,3808.34,31.185,3808.35,1.097
1753769572140,06:12:52.140,binanceusdm,ETH/USDT:USDT,3808.33,197.581,3808.32,15.379,3808.34,43.407,3808.35,1.097
1753769572243,06:12:52.243,binanceusdm,ETH/USDT:USDT,3808.33,182.121,3808.32,16.588,3808.34,42.567,3808.35,1.097
1753769572344,06:12:52.344,binanceusdm,ETH/USDT:USDT,3808.33,182.148,3808.32,13.362,3808.34,36.741,3808.35,1.097
1753769572446,06:12:52.446,binanceusdm,ETH/USDT:USDT,3808.33,182.148,3808.32,13.362,3808.34,36.751,3808.35,1.097
1753769572548,06:12:52.548,binanceusdm,ETH/USDT:USDT,3808.33,182.229,3808.32,13.362,3808.34,38.92,3808.35,1.097
1753769572650,06:12:52.650,binanceusdm,ETH/USDT:USDT,3808.33,182.229,3808.32,13.362,3808.34,38.528,3808.35,1.097
1753769572754,06:12:52.754,binanceusdm,ETH/USDT:USDT,3808.33,182.229,3808.32,13.362,3808.34,38.528,3808.35,1.097
1753769572861,06:12:52.861,binanceusdm,ETH/USDT:USDT,3808.33,182.229,3808.32,13.362,3808.34,38.528,3808.35,1.097
1753769572964,06:12:52.964,binanceusdm,ETH/USDT:USDT,3808.33,181.214,3808.32,13.362,3808.34,38.528,3808.35,1.097
1753769573068,06:12:53.068,binanceusdm,ETH/USDT:USDT,3808.33,181.214,3808.32,13.362,3808.34,38.489,3808.35,1.097
1753769573172,06:12:53.172,binanceusdm,ETH/USDT:USDT,3808.33,181.233,3808.32,13.362,3808.34,27.448,3808.35,1.097
1753769573375,06:12:53.375,binanceusdm,ETH/USDT:USDT,3808.33,181.195,3808.32,16.588,3808.34,33.757,3808.35,1.097
1753769573478,06:12:53.478,binanceusdm,ETH/USDT:USDT,3808.33,181.195,3808.32,13.362,3808.34,29.081,3808.35,1.097
1753769573581,06:12:53.581,binanceusdm,ETH/USDT:USDT,3808.33,181.196,3808.32,16.588,3808.34,33.943,3808.35,1.097
1753769573690,06:12:53.690,binanceusdm,ETH/USDT:USDT,3808.33,181.196,3808.32,16.588,3808.34,33.959,3808.35,1.097
1753769573798,06:12:53.798,binanceusdm,ETH/USDT:USDT,3808.33,181.196,3808.32,16.588,3808.34,33.959,3808.35,1.097
1753769573900,06:12:53.900,binanceusdm,ETH/USDT:USDT,3808.33,180.92,3808.32,16.588,3808.34,34.27,3808.35,1.097
1753769574005,06:12:54.005,binanceusdm,ETH/USDT:USDT,3808.33,180.92,3808.32,16.588,3808.34,34.191,3808.35,1.097
1753769574106,06:12:54.106,binanceusdm,ETH/USDT:USDT,3808.33,180.947,3808.32,16.588,3808.34,34.244,3808.35,1.097
1753769574208,06:12:54.208,binanceusdm,ETH/USDT:USDT,3808.33,180.947,3808.32,13.362,3808.34,34.535,3808.35,1.097
1753769574310,06:12:54.310,binanceusdm,ETH/USDT:USDT,3808.33,180.966,3808.32,13.362,3808.34,31.455,3808.35,1.097
1753769574518,06:12:54.518,binanceusdm,ETH/USDT:USDT,3808.33,180.912,3808.32,13.362,3808.34,27.214,3808.35,1.097
1753769574619,06:12:54.619,binanceusdm,ETH/USDT:USDT,3808.33,180.831,3808.32,13.362,3808.34,19.198,3808.35,1.082
1753769574721,06:12:54.721,binanceusdm,ETH/USDT:USDT,3808.33,180.867,3808.32,13.362,3808.34,19.198,3808.35,1.103
1753769574824,06:12:54.824,binanceusdm,ETH/USDT:USDT,3808.33,180.827,3808.32,13.362,3808.34,19.198,3808.35,1.103
1753769574931,06:12:54.931,binanceusdm,ETH/USDT:USDT,3808.33,180.827,3808.32,16.588,3808.34,27.467,3808.35,1.092
1753769575035,06:12:55.035,binanceusdm,ETH/USDT:USDT,3808.33,180.827,3808.32,16.588,3808.34,34.3,3808.35,1.092
1753769575137,06:12:55.137,binanceusdm,ETH/USDT:USDT,3808.33,180.817,3808.32,16.588,3808.34,34.284,3808.35,1.092
1753769575247,06:12:55.247,binanceusdm,ETH/USDT:USDT,3808.33,180.756,3808.32,16.588,3808.34,34.284,3808.35,1.092
1753769575348,06:12:55.348,binanceusdm,ETH/USDT:USDT,3808.33,180.756,3808.32,13.362,3808.34,34.74,3808.35,1.092
1753769575449,06:12:55.449,binanceusdm,ETH/USDT:USDT,3808.33,180.754,3808.32,13.362,3808.34,34.784,3808.35,1.092
1753769575551,06:12:55.551,binanceusdm,ETH/USDT:USDT,3808.33,180.754,3808.32,16.588,3808.34,34.683,3808.35,1.092
1753769575655,06:12:55.655,binanceusdm,ETH/USDT:USDT,3808.33,180.754,3808.32,16.588,3808.34,34.683,3808.35,1.092
1753769575761,06:12:55.761,binanceusdm,ETH/USDT:USDT,3808.33,175.745,3808.32,13.362,3808.34,34.683,3808.35,1.092
1753769575864,06:12:55.864,binanceusdm,ETH/USDT:USDT,3808.33,175.688,3808.32,13.362,3808.34,34.683,3808.35,1.092
1753769575965,06:12:55.965,binanceusdm,ETH/USDT:USDT,3808.33,175.796,3808.32,15.388,3808.34,34.683,3808.35,1.092
1753769576066,06:12:56.066,binanceusdm,ETH/USDT:USDT,3808.33,175.796,3808.32,15.388,3808.34,34.683,3808.35,1.092
1753769576170,06:12:56.170,binanceusdm,ETH/USDT:USDT,3808.33,175.794,3808.32,15.388,3808.34,34.787,3808.35,1.092
1753769576273,06:12:56.273,binanceusdm,ETH/USDT:USDT,3808.33,175.594,3808.32,15.388,3808.34,34.753,3808.35,1.092
1753769576375,06:12:56.375,binanceusdm,ETH/USDT:USDT,3808.33,175.593,3808.32,15.388,3808.34,34.779,3808.35,1.092
1753769576477,06:12:56.477,binanceusdm,ETH/USDT:USDT,3808.33,175.593,3808.32,15.388,3808.34,50.88,3808.35,1.092
1753769576581,06:12:56.581,binanceusdm,ETH/USDT:USDT,3808.33,177.027,3808.32,12.162,3808.34,52.03,3808.35,1.092
1753769576685,06:12:56.685,binanceusdm,ETH/USDT:USDT,3808.33,177.027,3808.32,12.162,3808.34,52.03,3808.35,1.092
1753769576788,06:12:56.788,binanceusdm,ETH/USDT:USDT,3808.33,171.312,3808.32,12.162,3808.34,52.03,3808.35,1.092
1753769576889,06:12:56.889,binanceusdm,ETH/USDT:USDT,3808.33,132.852,3808.32,10.595,3808.34,88.26,3808.35,2.405
1753769576990,06:12:56.990,binanceusdm,ETH/USDT:USDT,3808.33,59.632,3808.32,0.016,3808.34,88.26,3808.35,2.416
1753769577091,06:12:57.091,binanceusdm,ETH/USDT:USDT,3808.33,59.632,3808.32,0.016,3808.34,88.634,3808.35,2.416
1753769577192,06:12:57.192,binanceusdm,ETH/USDT:USDT,3808.33,59.632,3808.32,0.016,3808.34,88.268,3808.35,2.416
1753769577295,06:12:57.295,binanceusdm,ETH/USDT:USDT,3808.33,32.129,3808.32,0.016,3808.34,88.111,3808.35,2.439
1753769577396,06:12:57.396,binanceusdm,ETH/USDT:USDT,3808.33,32.141,3808.32,0.016,3808.34,88.53,3808.35,37.439
1753769577497,06:12:57.497,binanceusdm,ETH/USDT:USDT,3808.33,27.184,3808.32,0.016,3808.34,88.531,3808.35,52.491
1753769577600,06:12:57.600,binanceusdm,ETH/USDT:USDT,3808.33,27.179,3808.32,0.016,3808.34,88.531,3808.35,52.491
1753769577702,06:12:57.702,binanceusdm,ETH/USDT:USDT,3808.33,27.179,3808.32,0.016,3808.34,88.924,3808.35,52.491
1753769577809,06:12:57.809,binanceusdm,ETH/USDT:USDT,3808.33,27.179,3808.32,0.016,3808.34,89.171,3808.35,52.491
1753769577913,06:12:57.913,binanceusdm,ETH/USDT:USDT,3808.33,27.179,3808.32,0.016,3808.34,89.161,3808.35,52.505
1753769578016,06:12:58.016,binanceusdm,ETH/USDT:USDT,3808.33,27.179,3808.32,0.016,3808.34,89.161,3808.35,52.505
1753769578118,06:12:58.118,binanceusdm,ETH/USDT:USDT,3808.33,27.179,3808.32,0.016,3808.34,89.161,3808.35,52.505
1753769578220,06:12:58.220,binanceusdm,ETH/USDT:USDT,3808.33,27.166,3808.32,0.016,3808.34,89.134,3808.35,52.505
1753769578323,06:12:58.323,binanceusdm,ETH/USDT:USDT,3808.33,27.13,3808.32,0.016,3808.34,89.968,3808.35,52.505
1753769578425,06:12:58.425,binanceusdm,ETH/USDT:USDT,3808.33,28.619,3808.32,0.016,3808.34,89.972,3808.35,52.505
1753769578539,06:12:58.539,binanceusdm,ETH/USDT:USDT,3808.33,23.847,3808.32,0.016,3808.34,89.972,3808.35,52.505
1753769578644,06:12:58.644,binanceusdm,ETH/USDT:USDT,3808.33,23.847,3808.32,0.016,3808.34,89.972,3808.35,52.505
1753769578746,06:12:58.746,binanceusdm,ETH/USDT:USDT,3808.33,23.847,3808.32,0.016,3808.34,83.145,3808.35,52.505
1753769578848,06:12:58.848,binanceusdm,ETH/USDT:USDT,3808.33,26.917,3808.32,0.016,3808.34,82.732,3808.35,52.494
1753769578949,06:12:58.949,binanceusdm,ETH/USDT:USDT,3808.33,26.78,3808.32,0.016,3808.34,82.552,3808.35,52.505
1753769579055,06:12:59.055,binanceusdm,ETH/USDT:USDT,3808.33,26.78,3808.32,0.016,3808.34,82.552,3808.35,52.505
1753769579158,06:12:59.158,binanceusdm,ETH/USDT:USDT,3808.33,26.781,3808.32,0.016,3808.34,82.572,3808.35,52.505
1753769579259,06:12:59.259,binanceusdm,ETH/USDT:USDT,3808.33,26.652,3808.32,0.016,3808.34,82.971,3808.35,52.505
1753769579364,06:12:59.364,binanceusdm,ETH/USDT:USDT,3808.33,26.664,3808.32,0.016,3808.34,53.908,3808.35,8.998
1753769579466,06:12:59.466,binanceusdm,ETH/USDT:USDT,3808.33,26.664,3808.32,0.016,3808.34,53.521,3808.35,8.998
1753769579670,06:12:59.670,binanceusdm,ETH/USDT:USDT,3808.33,26.585,3808.32,0.016,3808.34,53.988,3808.35,8.998
1753769579772,06:12:59.772,binanceusdm,ETH/USDT:USDT,3808.33,26.585,3808.32,0.016,3808.34,53.988,3808.35,3.745
1753769579874,06:12:59.874,binanceusdm,ETH/USDT:USDT,3808.33,26.585,3808.32,0.016,3808.34,53.988,3808.35,3.745
1753769579976,06:12:59.976,binanceusdm,ETH/USDT:USDT,3808.33,27.83,3808.32,0.016,3808.34,47.043,3808.35,3.745
1753769580077,06:13:00.077,binanceusdm,ETH/USDT:USDT,3808.33,48.186,3808.32,0.016,3808.34,32.734,3808.35,2.432
1753769580178,06:13:00.178,binanceusdm,ETH/USDT:USDT,3808.33,48.695,3808.32,0.016,3808.34,32.706,3808.35,2.432
1753769580281,06:13:00.281,binanceusdm,ETH/USDT:USDT,3808.33,48.928,3808.32,0.016,3808.34,32.706,3808.35,2.432
1753769580384,06:13:00.384,binanceusdm,ETH/USDT:USDT,3808.33,57.267,3808.32,0.016,3808.34,33.262,3808.35,2.462
1753769580489,06:13:00.489,binanceusdm,ETH/USDT:USDT,3808.33,57.314,3808.32,0.016,3808.34,32.762,3808.35,2.462
1753769580590,06:13:00.590,binanceusdm,ETH/USDT:USDT,3808.33,57.314,3808.32,0.016,3808.34,32.769,3808.35,2.462
1753769580697,06:13:00.697,binanceusdm,ETH/USDT:USDT,3808.33,57.299,3808.32,0.016,3808.34,32.706,3808.35,2.462
1753769581103,06:13:01.103,binanceusdm,ETH/USDT:USDT,3808.33,56.936,3808.32,0.016,3808.34,31.714,3808.35,2.462
1753769581204,06:13:01.204,binanceusdm,ETH/USDT:USDT,3808.33,57.231,3808.32,0.016,3808.34,31.736,3808.35,2.462
1753769581306,06:13:01.306,binanceusdm,ETH/USDT:USDT,3808.33,58.95,3808.32,0.016,3808.34,30.185,3808.35,2.462
1753769581410,06:13:01.410,binanceusdm,ETH/USDT:USDT,3808.33,42.471,3808.32,0.016,3808.34,50.395,3808.35,2.462
1753769581511,06:13:01.511,binanceusdm,ETH/USDT:USDT,3808.33,28.73,3808.32,0.016,3808.34,87.588,3808.35,2.462
1753769581613,06:13:01.613,binanceusdm,ETH/USDT:USDT,3808.33,28.807,3808.32,0.016,3808.34,90.335,3808.35,2.462
1753769581715,06:13:01.715,binanceusdm,ETH/USDT:USDT,3808.33,28.852,3808.32,0.016,3808.34,53.225,3808.35,2.462
1753769581817,06:13:01.817,binanceusdm,ETH/USDT:USDT,3808.33,28.852,3808.32,0.016,3808.34,46.292,3808.35,2.472
1753769581919,06:13:01.919,binanceusdm,ETH/USDT:USDT,3808.33,33.241,3808.32,0.016,3808.34,46.292,3808.35,2.472
1753769582025,06:13:02.025,binanceusdm,ETH/USDT:USDT,3808.33,41.33,3808.32,0.016,3808.34,31.939,3808.35,2.461
1753769582128,06:13:02.128,binanceusdm,ETH/USDT:USDT,3808.33,42.266,3808.32,0.016,3808.34,31.944,3808.35,2.461
1753769582230,06:13:02.230,binanceusdm,ETH/USDT:USDT,3808.33,40.588,3808.32,0.016,3808.34,29.991,3808.35,2.461
1753769582331,06:13:02.331,binanceusdm,ETH/USDT:USDT,3808.33,41.464,3808.32,0.016,3808.34,30.002,3808.35,2.461
1753769582432,06:13:02.432,binanceusdm,ETH/USDT:USDT,3808.33,48.379,3808.32,0.016,3808.34,30.369,3808.35,2.461
1753769582533,06:13:02.533,binanceusdm,ETH/USDT:USDT,3808.33,38.718,3808.32,0.016,3808.34,52.917,3808.35,2.461
1753769582634,06:13:02.634,binanceusdm,ETH/USDT:USDT,3808.33,38.182,3808.32,0.016,3808.34,52.859,3808.35,2.461
1753769582739,06:13:02.739,binanceusdm,ETH/USDT:USDT,3808.33,38.586,3808.32,0.016,3808.34,51.616,3808.35,2.461
1753769582840,06:13:02.840,binanceusdm,ETH/USDT:USDT,3808.33,38.741,3808.32,0.016,3808.34,45.086,3808.35,2.461
1753769582944,06:13:02.944,binanceusdm,ETH/USDT:USDT,3808.33,38.445,3808.32,0.016,3808.34,43.095,3808.35,2.489
1753769583046,06:13:03.046,binanceusdm,ETH/USDT:USDT,3808.33,36.031,3808.32,0.016,3808.34,45.46,3808.35,2.489
1753769583149,06:13:03.149,binanceusdm,ETH/USDT:USDT,3808.33,36.06,3808.32,0.016,3808.34,49.665,3808.35,2.489
1753769583250,06:13:03.250,binanceusdm,ETH/USDT:USDT,3808.33,21.386,3808.32,0.016,3808.34,51.842,3808.35,2.489
1753769583352,06:13:03.352,binanceusdm,ETH/USDT:USDT,3808.33,5.774,3808.32,0.016,3808.34,71.337,3808.35,2.5
1753769583453,06:13:03.453,binanceusdm,ETH/USDT:USDT,3808.33,6.338,3808.32,0.016,3808.34,74.211,3808.35,2.5
1753769583557,06:13:03.557,binanceusdm,ETH/USDT:USDT,3808.33,4.501,3808.32,0.016,3808.34,74.394,3808.35,2.5
1753769583660,06:13:03.660,binanceusdm,ETH/USDT:USDT,3808.33,4.501,3808.32,0.016,3808.34,109.388,3808.35,2.5
1753769583761,06:13:03.761,binanceusdm,ETH/USDT:USDT,3808.33,4.498,3808.32,0.016,3808.34,115.853,3808.35,3.796
1753769583964,06:13:03.964,binanceusdm,ETH/USDT:USDT,3808.16,10.451,3808.14,0.415,3808.17,214.559,3808.18,44.41
1753769584065,06:13:04.065,binanceusdm,ETH/USDT:USDT,3808.16,10.053,3808.14,0.415,3808.17,214.314,3808.18,44.41
1753769584168,06:13:04.168,binanceusdm,ETH/USDT:USDT,3808.16,10.053,3808.14,0.415,3808.17,224.101,3808.18,44.41
1753769584270,06:13:04.270,binanceusdm,ETH/USDT:USDT,3808.16,10.053,3808.14,0.415,3808.17,224.35,3808.18,34.41
1753769584371,06:13:04.371,binanceusdm,ETH/USDT:USDT,3808.16,10.93,3808.14,0.415,3808.17,232.425,3808.18,34.41
1753769584472,06:13:04.472,binanceusdm,ETH/USDT:USDT,3808.16,11.068,3808.14,0.415,3808.17,238.874,3808.18,34.41
1753769584576,06:13:04.576,binanceusdm,ETH/USDT:USDT,3808.16,11.341,3808.14,0.415,3808.17,238.922,3808.18,34.41
1753769585097,06:13:05.097,binanceusdm,ETH/USDT:USDT,3808.0,18.437,3807.99,2.906,3808.01,142.184,3808.02,7.508
1753769585199,06:13:05.199,binanceusdm,ETH/USDT:USDT,3808.0,23.536,3807.99,2.906,3808.01,138.464,3808.02,6.413
1753769585301,06:13:05.301,binanceusdm,ETH/USDT:USDT,3808.0,23.547,3807.99,2.906,3808.01,138.665,3808.02,6.413
1753769585402,06:13:05.402,binanceusdm,ETH/USDT:USDT,3808.0,23.653,3807.99,2.906,3808.01,150.775,3808.02,4.557
1753769585505,06:13:05.505,binanceusdm,ETH/USDT:USDT,3808.0,23.653,3807.99,2.906,3808.01,158.882,3808.02,4.557
1753769585606,06:13:05.606,binanceusdm,ETH/USDT:USDT,3808.0,23.653,3807.99,2.906,3808.01,145.126,3808.02,4.557
1753769585709,06:13:05.709,binanceusdm,ETH/USDT:USDT,3808.0,48.154,3807.99,2.906,3808.01,73.353,3808.02,0.591
1753769585811,06:13:05.811,binanceusdm,ETH/USDT:USDT,3808.0,48.154,3807.99,2.906,3808.01,73.36,3808.02,0.591
1753769585912,06:13:05.912,binanceusdm,ETH/USDT:USDT,3808.0,48.207,3807.99,2.906,3808.01,73.36,3808.04,0.032
1753769586013,06:13:06.013,binanceusdm,ETH/USDT:USDT,3808.0,56.104,3807.99,2.906,3808.01,73.031,3808.02,0.011
1753769586118,06:13:06.118,binanceusdm,ETH/USDT:USDT,3808.0,56.098,3807.99,2.906,3808.01,73.037,3808.02,0.011
1753769586222,06:13:06.222,binanceusdm,ETH/USDT:USDT,3808.0,57.131,3807.99,2.939,3808.01,73.037,3808.02,0.011
1753769586328,06:13:06.328,binanceusdm,ETH/USDT:USDT,3808.0,56.331,3807.99,2.939,3808.01,73.037,3808.02,0.011
1753769586430,06:13:06.430,binanceusdm,ETH/USDT:USDT,3808.0,56.331,3807.99,2.939,3808.01,73.215,3808.02,0.011
1753769586532,06:13:06.532,binanceusdm,ETH/USDT:USDT,3808.0,53.743,3807.99,2.939,3808.01,66.435,3808.02,0.011
1753769586633,06:13:06.633,binanceusdm,ETH/USDT:USDT,3808.0,53.743,3807.99,2.939,3808.01,65.908,3808.02,0.011
1753769586734,06:13:06.734,binanceusdm,ETH/USDT:USDT,3808.0,53.743,3807.99,2.939,3808.01,65.865,3808.02,0.011
1753769586836,06:13:06.836,binanceusdm,ETH/USDT:USDT,3808.0,53.743,3807.99,2.939,3808.01,65.865,3808.02,0.011
1753769586939,06:13:06.939,binanceusdm,ETH/USDT:USDT,3808.0,53.743,3807.99,2.939,3808.01,65.865,3808.02,0.011
1753769587043,06:13:07.043,binanceusdm,ETH/USDT:USDT,3808.0,53.728,3807.99,2.939,3808.01,65.865,3808.02,0.011
1753769587144,06:13:07.144,binanceusdm,ETH/USDT:USDT,3808.0,44.987,3807.99,2.939,3808.01,65.688,3808.02,0.026
1753769587247,06:13:07.247,binanceusdm,ETH/USDT:USDT,3808.0,44.987,3807.99,2.939,3808.01,65.832,3808.02,0.026
1753769587350,06:13:07.350,binanceusdm,ETH/USDT:USDT,3808.0,12.362,3807.99,2.945,3808.01,73.046,3808.02,0.026
1753769587451,06:13:07.451,binanceusdm,ETH/USDT:USDT,3808.0,22.651,3807.99,2.945,3808.01,73.007,3808.02,0.026
1753769587553,06:13:07.553,binanceusdm,ETH/USDT:USDT,3808.0,10.917,3807.99,2.945,3808.01,74.393,3808.02,0.026
1753769587654,06:13:07.654,binanceusdm,ETH/USDT:USDT,3808.0,23.768,3807.99,2.945,3808.01,72.746,3808.02,0.026
1753769587755,06:13:07.755,binanceusdm,ETH/USDT:USDT,3808.0,23.768,3807.99,2.945,3808.01,72.746,3808.02,0.026
1753769587858,06:13:07.858,binanceusdm,ETH/USDT:USDT,3808.0,23.78,3807.99,2.945,3808.01,74.566,3808.02,0.026
1753769587959,06:13:07.959,binanceusdm,ETH/USDT:USDT,3808.0,18.783,3807.99,2.945,3808.01,77.642,3808.02,0.026
1753769588062,06:13:08.062,binanceusdm,ETH/USDT:USDT,3808.0,9.317,3807.99,2.945,3808.01,77.718,3808.02,0.026
1753769588163,06:13:08.163,binanceusdm,ETH/USDT:USDT,3808.0,25.043,3807.99,2.945,3808.01,77.718,3808.02,0.026
1753769588264,06:13:08.264,binanceusdm,ETH/USDT:USDT,3808.0,28.125,3807.99,2.945,3808.01,77.78,3808.02,0.026
1753769588374,06:13:08.374,binanceusdm,ETH/USDT:USDT,3808.0,28.137,3807.99,2.945,3808.01,77.797,3808.02,0.026
1753769588481,06:13:08.481,binanceusdm,ETH/USDT:USDT,3808.0,28.137,3807.99,2.945,3808.01,77.973,3808.02,0.026
1753769588582,06:13:08.582,binanceusdm,ETH/USDT:USDT,3808.0,28.033,3807.99,2.945,3808.01,77.973,3808.02,0.026
1753769588683,06:13:08.683,binanceusdm,ETH/USDT:USDT,3808.0,28.033,3807.99,2.945,3808.01,78.072,3808.02,0.026
1753769588784,06:13:08.784,binanceusdm,ETH/USDT:USDT,3808.0,28.033,3807.99,2.945,3808.01,77.679,3808.02,0.026
1753769588885,06:13:08.885,binanceusdm,ETH/USDT:USDT,3808.0,28.033,3807.99,2.945,3808.01,74.889,3808.02,0.026
1753769588988,06:13:08.988,binanceusdm,ETH/USDT:USDT,3808.0,19.235,3807.99,2.945,3808.01,77.663,3808.02,0.026
1753769589090,06:13:09.090,binanceusdm,ETH/USDT:USDT,3808.0,19.235,3807.99,2.945,3808.01,77.663,3808.02,0.026
1753769589193,06:13:09.193,binanceusdm,ETH/USDT:USDT,3808.0,19.235,3807.99,2.945,3808.01,69.779,3808.02,0.032
1753769589295,06:13:09.295,binanceusdm,ETH/USDT:USDT,3808.0,19.235,3807.99,2.945,3808.01,70.131,3808.02,0.032
1753769589400,06:13:09.400,binanceusdm,ETH/USDT:USDT,3808.0,19.235,3807.99,2.945,3808.01,70.144,3808.02,0.032
1753769589706,06:13:09.706,binanceusdm,ETH/USDT:USDT,3808.0,19.241,3807.99,2.945,3808.01,70.451,3808.02,0.032
1753769589810,06:13:09.810,binanceusdm,ETH/USDT:USDT,3808.0,19.241,3807.99,2.945,3808.01,70.427,3808.02,0.032
1753769589912,06:13:09.912,binanceusdm,ETH/USDT:USDT,3808.0,19.241,3807.99,2.945,3808.01,70.452,3808.02,0.032
1753769590014,06:13:10.014,binanceusdm,ETH/USDT:USDT,3808.0,19.241,3807.99,2.945,3808.01,70.452,3808.02,0.032
1753769590216,06:13:10.216,binanceusdm,ETH/USDT:USDT,3808.0,19.248,3807.99,2.945,3808.01,70.482,3808.02,0.032
1753769590317,06:13:10.317,binanceusdm,ETH/USDT:USDT,3808.0,19.248,3807.99,2.945,3808.01,70.967,3808.02,0.032
1753769590520,06:13:10.520,binanceusdm,ETH/USDT:USDT,3808.0,19.702,3807.99,2.945,3808.01,68.023,3808.02,0.032
1753769590622,06:13:10.622,binanceusdm,ETH/USDT:USDT,3808.0,25.312,3807.99,2.945,3808.01,68.007,3808.02,0.032
1753769590828,06:13:10.828,binanceusdm,ETH/USDT:USDT,3808.0,45.609,3807.99,2.939,3808.01,60.048,3808.02,0.032
1753769591033,06:13:11.033,binanceusdm,ETH/USDT:USDT,3808.0,22.598,3807.99,2.939,3808.01,60.038,3808.02,0.032
1753769591239,06:13:11.239,binanceusdm,ETH/USDT:USDT,3808.0,21.423,3807.99,2.939,3808.01,67.461,3808.02,0.026
1753769591444,06:13:11.444,binanceusdm,ETH/USDT:USDT,3808.0,4.178,3807.99,2.939,3808.01,67.629,3808.02,0.026
1753769591647,06:13:11.647,binanceusdm,ETH/USDT:USDT,3808.0,40.871,3807.99,2.954,3808.01,50.028,3808.02,0.026
1753769591850,06:13:11.850,binanceusdm,ETH/USDT:USDT,3808.0,38.638,3807.99,2.954,3808.01,33.995,3808.02,0.026
1753769591954,06:13:11.954,binanceusdm,ETH/USDT:USDT,3808.0,38.638,3807.99,2.954,3808.01,33.995,3808.02,0.026
1753769592057,06:13:12.057,binanceusdm,ETH/USDT:USDT,3808.0,38.638,3807.99,2.954,3808.01,34.27,3808.02,0.026
1753769592158,06:13:12.158,binanceusdm,ETH/USDT:USDT,3808.0,39.871,3807.99,2.954,3808.01,35.048,3808.02,0.026
1753769592261,06:13:12.261,binanceusdm,ETH/USDT:USDT,3808.0,48.121,3807.99,2.954,3808.01,29.163,3808.02,0.032
1753769592364,06:13:12.364,binanceusdm,ETH/USDT:USDT,3808.0,46.888,3807.99,2.954,3808.01,37.995,3808.02,0.026
1753769592467,06:13:12.467,binanceusdm,ETH/USDT:USDT,3808.0,28.13,3807.99,2.954,3808.01,44.019,3808.02,0.026
1753769592569,06:13:12.569,binanceusdm,ETH/USDT:USDT,3808.0,25.756,3807.99,2.954,3808.01,37.903,3808.02,0.026
1753769592671,06:13:12.671,binanceusdm,ETH/USDT:USDT,3808.0,24.311,3807.99,2.954,3808.01,37.893,3808.02,0.076
1753769592774,06:13:12.774,binanceusdm,ETH/USDT:USDT,3808.0,24.311,3807.99,2.954,3808.01,37.893,3808.02,0.076
1753769592877,06:13:12.877,binanceusdm,ETH/USDT:USDT,3808.0,34.299,3807.99,2.954,3808.01,37.893,3808.02,0.076
1753769592978,06:13:12.978,binanceusdm,ETH/USDT:USDT,3808.0,34.299,3807.99,2.954,3808.01,37.901,3808.02,0.076
1753769593080,06:13:13.080,binanceusdm,ETH/USDT:USDT,3808.0,35.949,3807.99,2.954,3808.01,31.455,3808.02,0.076
1753769593181,06:13:13.181,binanceusdm,ETH/USDT:USDT,3808.0,52.386,3807.99,2.954,3808.01,30.379,3808.02,0.124
1753769593283,06:13:13.283,binanceusdm,ETH/USDT:USDT,3808.0,20.554,3807.99,2.939,3808.01,57.298,3808.02,0.124
1753769593385,06:13:13.385,binanceusdm,ETH/USDT:USDT,3808.0,20.554,3807.99,2.939,3808.01,57.349,3808.02,0.124
1753769593589,06:13:13.589,binanceusdm,ETH/USDT:USDT,3807.61,7.64,3807.6,3.208,3807.62,14.094,3807.63,36.224
1753769593690,06:13:13.690,binanceusdm,ETH/USDT:USDT,3807.6,52.778,3807.58,0.123,3807.61,38.086,3807.62,2.899
1753769593895,06:13:13.895,binanceusdm,ETH/USDT:USDT,3807.6,55.986,3807.58,0.138,3807.61,39.185,3807.62,2.899
1753769594100,06:13:14.100,binanceusdm,ETH/USDT:USDT,3807.6,50.486,3807.59,0.016,3807.61,50.943,3807.62,0.04
1753769594506,06:13:14.506,binanceusdm,ETH/USDT:USDT,3807.6,51.843,3807.59,0.016,3807.61,41.369,3807.62,0.04
1753769594608,06:13:14.608,binanceusdm,ETH/USDT:USDT,3807.6,49.902,3807.59,0.016,3807.61,47.619,3807.62,0.04
1753769594709,06:13:14.709,binanceusdm,ETH/USDT:USDT,3807.6,48.708,3807.59,0.016,3807.61,48.018,3807.62,0.04
1753769594810,06:13:14.810,binanceusdm,ETH/USDT:USDT,3807.6,48.708,3807.59,0.036,3807.61,51.513,3807.62,0.04
1753769595224,06:13:15.224,binanceusdm,ETH/USDT:USDT,3807.6,17.914,3807.59,0.036,3807.61,53.652,3807.62,0.04
1753769595327,06:13:15.327,binanceusdm,ETH/USDT:USDT,3807.6,9.322,3807.59,0.036,3807.61,56.967,3807.62,0.04
1753769595429,06:13:15.429,binanceusdm,ETH/USDT:USDT,3807.6,33.664,3807.59,0.036,3807.61,58.323,3807.62,0.119
1753769595535,06:13:15.535,binanceusdm,ETH/USDT:USDT,3807.6,33.69,3807.59,0.044,3807.61,56.959,3807.62,0.119
1753769595741,06:13:15.741,binanceusdm,ETH/USDT:USDT,3807.6,33.687,3807.59,0.044,3807.61,61.31,3807.62,0.119
1753769595845,06:13:15.845,binanceusdm,ETH/USDT:USDT,3807.6,33.687,3807.59,0.044,3807.61,61.31,3807.62,0.119
1753769595964,06:13:15.964,binanceusdm,ETH/USDT:USDT,3807.6,33.714,3807.59,0.044,3807.61,61.31,3807.62,0.119
1753769596065,06:13:16.065,binanceusdm,ETH/USDT:USDT,3807.6,33.714,3807.59,0.044,3807.61,61.31,3807.62,0.119
1753769596168,06:13:16.168,binanceusdm,ETH/USDT:USDT,3807.6,36.543,3807.59,0.044,3807.61,61.48,3807.62,1.314
1753769596279,06:13:16.279,binanceusdm,ETH/USDT:USDT,3807.6,37.749,3807.59,0.044,3807.61,62.016,3807.62,1.314
1753769596381,06:13:16.381,binanceusdm,ETH/USDT:USDT,3807.6,37.718,3807.59,0.044,3807.61,58.409,3807.62,1.314
1753769596489,06:13:16.489,binanceusdm,ETH/USDT:USDT,3807.6,37.718,3807.59,0.044,3807.61,58.412,3807.62,1.314
1753769596591,06:13:16.591,binanceusdm,ETH/USDT:USDT,3807.6,37.218,3807.59,0.044,3807.61,58.57,3807.62,1.314
1753769596694,06:13:16.694,binanceusdm,ETH/USDT:USDT,3807.6,37.212,3807.59,0.044,3807.61,58.314,3807.62,1.314
1753769596796,06:13:16.796,binanceusdm,ETH/USDT:USDT,3807.6,37.212,3807.59,0.044,3807.61,58.314,3807.62,1.314
1753769596900,06:13:16.900,binanceusdm,ETH/USDT:USDT,3807.6,45.748,3807.59,0.024,3807.61,58.314,3807.62,1.314
1753769597003,06:13:17.003,binanceusdm,ETH/USDT:USDT,3807.6,45.748,3807.59,0.024,3807.61,58.314,3807.62,1.314
1753769597105,06:13:17.105,binanceusdm,ETH/USDT:USDT,3807.6,45.748,3807.59,0.024,3807.61,57.028,3807.62,1.321
1753769597207,06:13:17.207,binanceusdm,ETH/USDT:USDT,3807.6,45.748,3807.59,0.024,3807.61,57.03,3807.62,1.321
1753769597317,06:13:17.317,binanceusdm,ETH/USDT:USDT,3807.6,46.981,3807.59,0.024,3807.61,56.76,3807.62,1.321
1753769597418,06:13:17.418,binanceusdm,ETH/USDT:USDT,3807.6,45.748,3807.59,0.024,3807.61,56.734,3807.62,1.321
1753769597529,06:13:17.529,binanceusdm,ETH/USDT:USDT,3807.6,31.713,3807.59,0.024,3807.61,56.756,3807.62,1.321
1753769597630,06:13:17.630,binanceusdm,ETH/USDT:USDT,3807.6,31.698,3807.59,0.024,3807.61,56.749,3807.62,1.321
1753769597735,06:13:17.735,binanceusdm,ETH/USDT:USDT,3807.6,29.567,3807.59,0.024,3807.61,56.749,3807.62,1.321
1753769597836,06:13:17.836,binanceusdm,ETH/USDT:USDT,3807.6,29.567,3807.59,0.024,3807.61,56.749,3807.62,1.321
1753769597938,06:13:17.938,binanceusdm,ETH/USDT:USDT,3807.6,29.593,3807.59,0.024,3807.61,56.749,3807.62,1.321
1753769598041,06:13:18.041,binanceusdm,ETH/USDT:USDT,3807.6,29.6,3807.59,0.024,3807.61,53.678,3807.62,1.321
1753769598143,06:13:18.143,binanceusdm,ETH/USDT:USDT,3807.6,39.366,3807.59,0.024,3807.61,46.277,3807.62,1.321
1753769598244,06:13:18.244,binanceusdm,ETH/USDT:USDT,3807.6,39.36,3807.59,0.024,3807.61,51.284,3807.62,1.321
1753769598446,06:13:18.446,binanceusdm,ETH/USDT:USDT,3807.6,29.574,3807.59,0.024,3807.61,58.619,3807.62,1.321
1753769598548,06:13:18.548,binanceusdm,ETH/USDT:USDT,3807.6,29.6,3807.59,0.024,3807.61,55.407,3807.62,1.321
1753769598650,06:13:18.650,binanceusdm,ETH/USDT:USDT,3807.6,29.6,3807.59,0.024,3807.61,74.064,3807.62,1.321
1753769598752,06:13:18.752,binanceusdm,ETH/USDT:USDT,3807.6,21.982,3807.59,0.024,3807.61,75.0,3807.62,1.321
1753769598856,06:13:18.856,binanceusdm,ETH/USDT:USDT,3807.6,21.992,3807.59,0.024,3807.61,75.0,3807.62,1.321
1753769598960,06:13:18.960,binanceusdm,ETH/USDT:USDT,3807.6,21.977,3807.59,0.024,3807.61,75.0,3807.62,1.321
1753769599067,06:13:19.067,binanceusdm,ETH/USDT:USDT,3807.6,21.977,3807.59,0.024,3807.61,75.0,3807.62,1.321
1753769599170,06:13:19.170,binanceusdm,ETH/USDT:USDT,3807.6,21.977,3807.59,0.024,3807.61,73.322,3807.62,1.321
1753769599272,06:13:19.272,binanceusdm,ETH/USDT:USDT,3807.6,21.972,3807.59,0.024,3807.61,72.852,3807.62,1.321
1753769599378,06:13:19.378,binanceusdm,ETH/USDT:USDT,3807.6,21.98,3807.59,0.024,3807.61,72.981,3807.62,1.321
1753769599481,06:13:19.481,binanceusdm,ETH/USDT:USDT,3807.6,22.111,3807.59,0.024,3807.61,73.004,3807.62,1.321
1753769599583,06:13:19.583,binanceusdm,ETH/USDT:USDT,3807.6,22.084,3807.59,0.024,3807.61,72.788,3807.62,1.321
1753769599686,06:13:19.686,binanceusdm,ETH/USDT:USDT,3807.6,22.096,3807.59,0.024,3807.61,72.788,3807.62,1.321
1753769599789,06:13:19.789,binanceusdm,ETH/USDT:USDT,3807.6,22.096,3807.59,0.024,3807.61,72.788,3807.62,1.321
1753769599891,06:13:19.891,binanceusdm,ETH/USDT:USDT,3807.6,21.816,3807.59,0.024,3807.61,72.788,3807.62,1.321
1753769599994,06:13:19.994,binanceusdm,ETH/USDT:USDT,3807.6,21.988,3807.59,0.024,3807.61,70.248,3807.62,1.321
1753769600096,06:13:20.096,binanceusdm,ETH/USDT:USDT,3807.6,23.194,3807.59,0.024,3807.61,63.287,3807.62,1.321
1753769600203,06:13:20.203,binanceusdm,ETH/USDT:USDT,3807.6,21.974,3807.59,0.024,3807.61,76.116,3807.62,1.336
1753769600305,06:13:20.305,binanceusdm,ETH/USDT:USDT,3807.6,21.974,3807.59,0.024,3807.61,75.464,3807.62,1.336
1753769600408,06:13:20.408,binanceusdm,ETH/USDT:USDT,3807.6,22.54,3807.59,0.024,3807.61,76.103,3807.62,1.336
1753769600510,06:13:20.510,binanceusdm,ETH/USDT:USDT,3807.6,24.701,3807.59,0.024,3807.61,76.338,3807.62,1.252
1753769600611,06:13:20.611,binanceusdm,ETH/USDT:USDT,3807.6,24.701,3807.59,0.024,3807.61,74.075,3807.62,1.252
1753769600712,06:13:20.712,binanceusdm,ETH/USDT:USDT,3807.6,21.985,3807.59,0.024,3807.61,76.423,3807.62,1.252
1753769600815,06:13:20.815,binanceusdm,ETH/USDT:USDT,3807.6,25.049,3807.59,0.024,3807.61,103.028,3807.62,1.267
1753769600917,06:13:20.917,binanceusdm,ETH/USDT:USDT,3807.6,25.103,3807.59,0.024,3807.61,103.037,3807.62,1.252
1753769601019,06:13:21.019,binanceusdm,ETH/USDT:USDT,3807.6,25.103,3807.59,0.024,3807.61,103.037,3807.62,1.252
1753769601223,06:13:21.223,binanceusdm,ETH/USDT:USDT,3807.6,25.103,3807.59,0.024,3807.61,102.619,3807.62,1.252
1753769601328,06:13:21.328,binanceusdm,ETH/USDT:USDT,3807.6,24.229,3807.59,0.024,3807.61,102.705,3807.62,1.252
1753769601943,06:13:21.943,binanceusdm,ETH/USDT:USDT,3807.6,6.282,3807.59,0.024,3807.61,114.368,3807.62,1.267
1753769602046,06:13:22.046,binanceusdm,ETH/USDT:USDT,3807.6,6.298,3807.59,0.024,3807.61,114.377,3807.62,1.267
1753769602147,06:13:22.147,binanceusdm,ETH/USDT:USDT,3807.35,0.001,3807.34,0.044,3807.36,146.055,3807.37,29.744
1753769602248,06:13:22.248,binanceusdm,ETH/USDT:USDT,3807.19,23.144,3807.18,0.006,3807.2,114.72,3807.21,1.32
1753769602349,06:13:22.349,binanceusdm,ETH/USDT:USDT,3807.19,26.249,3807.18,0.006,3807.2,120.679,3807.21,0.006
1753769602450,06:13:22.450,binanceusdm,ETH/USDT:USDT,3807.19,26.249,3807.18,0.006,3807.2,121.834,3807.21,0.006
1753769602551,06:13:22.551,binanceusdm,ETH/USDT:USDT,3807.19,26.257,3807.18,0.006,3807.2,126.288,3807.21,1.32
1753769602655,06:13:22.655,binanceusdm,ETH/USDT:USDT,3807.19,15.529,3807.18,0.006,3807.2,130.93,3807.21,1.32
1753769602756,06:13:22.756,binanceusdm,ETH/USDT:USDT,3807.19,15.041,3807.18,0.006,3807.2,130.93,3807.21,1.327
1753769602857,06:13:22.857,binanceusdm,ETH/USDT:USDT,3807.19,11.561,3807.18,0.006,3807.2,130.93,3807.21,1.327
1753769602962,06:13:22.962,binanceusdm,ETH/USDT:USDT,3807.19,20.557,3807.18,0.006,3807.2,130.93,3807.21,1.327
1753769603065,06:13:23.065,binanceusdm,ETH/USDT:USDT,3807.19,22.019,3807.18,0.006,3807.2,131.18,3807.21,1.327
1753769603166,06:13:23.166,binanceusdm,ETH/USDT:USDT,3807.19,43.454,3807.18,0.006,3807.2,101.665,3807.21,0.013
1753769603267,06:13:23.267,binanceusdm,ETH/USDT:USDT,3807.19,51.339,3807.18,0.021,3807.2,90.671,3807.21,0.013
1753769603368,06:13:23.368,binanceusdm,ETH/USDT:USDT,3807.19,51.328,3807.18,0.021,3807.2,90.774,3807.21,0.013
1753769603472,06:13:23.472,binanceusdm,ETH/USDT:USDT,3807.19,52.404,3807.18,0.021,3807.2,90.343,3807.21,0.013
1753769603575,06:13:23.575,binanceusdm,ETH/USDT:USDT,3807.19,51.696,3807.18,0.021,3807.2,90.331,3807.21,0.013
1753769603683,06:13:23.683,binanceusdm,ETH/USDT:USDT,3807.19,52.924,3807.18,0.006,3807.2,83.533,3807.21,0.013
1753769603784,06:13:23.784,binanceusdm,ETH/USDT:USDT,3807.19,51.691,3807.18,0.006,3807.2,83.533,3807.21,0.013
1753769603887,06:13:23.887,binanceusdm,ETH/USDT:USDT,3807.19,52.88,3807.18,0.006,3807.2,83.533,3807.21,0.013
1753769603988,06:13:23.988,binanceusdm,ETH/USDT:USDT,3807.19,52.88,3807.18,0.006,3807.2,83.533,3807.21,0.013
1753769604089,06:13:24.089,binanceusdm,ETH/USDT:USDT,3807.19,52.88,3807.18,0.006,3807.2,83.533,3807.21,0.013
1753769604192,06:13:24.192,binanceusdm,ETH/USDT:USDT,3807.19,51.647,3807.18,0.006,3807.2,83.681,3807.21,0.013
1753769604293,06:13:24.293,binanceusdm,ETH/USDT:USDT,3807.19,51.647,3807.18,0.006,3807.2,83.707,3807.21,0.013
1753769604598,06:13:24.598,binanceusdm,ETH/USDT:USDT,3807.19,51.505,3807.18,0.006,3807.2,83.773,3807.21,0.013
1753769604700,06:13:24.700,binanceusdm,ETH/USDT:USDT,3807.19,43.68,3807.18,0.006,3807.2,83.782,3807.21,0.013
1753769604802,06:13:24.802,binanceusdm,ETH/USDT:USDT,3807.19,43.68,3807.18,0.006,3807.2,83.782,3807.21,0.013
1753769604905,06:13:24.905,binanceusdm,ETH/USDT:USDT,3807.19,41.354,3807.18,0.006,3807.2,83.787,3807.21,0.013
1753769605006,06:13:25.006,binanceusdm,ETH/USDT:USDT,3807.19,37.163,3807.18,0.006,3807.2,83.697,3807.21,0.013
1753769605217,06:13:25.217,binanceusdm,ETH/USDT:USDT,3807.19,37.248,3807.18,0.032,3807.2,83.69,3807.21,0.013
1753769605319,06:13:25.319,binanceusdm,ETH/USDT:USDT,3807.19,44.459,3807.18,0.032,3807.2,83.725,3807.21,0.013
1753769605422,06:13:25.422,binanceusdm,ETH/USDT:USDT,3807.19,45.743,3807.18,0.032,3807.2,83.754,3807.21,0.013
1753769605525,06:13:25.525,binanceusdm,ETH/USDT:USDT,3807.19,49.278,3807.18,0.032,3807.2,83.823,3807.21,0.013
1753769605631,06:13:25.631,binanceusdm,ETH/USDT:USDT,3807.19,50.511,3807.18,0.032,3807.2,83.842,3807.21,0.013
1753769605734,06:13:25.734,binanceusdm,ETH/USDT:USDT,3807.19,52.575,3807.18,0.032,3807.2,79.7,3807.21,0.013
1753769605838,06:13:25.838,binanceusdm,ETH/USDT:USDT,3807.19,51.342,3807.18,0.032,3807.2,79.71,3807.21,0.013
1753769605941,06:13:25.941,binanceusdm,ETH/USDT:USDT,3807.19,51.369,3807.18,0.032,3807.2,79.71,3807.21,0.013
1753769606144,06:13:26.144,binanceusdm,ETH/USDT:USDT,3807.19,51.369,3807.18,0.032,3807.2,79.716,3807.21,0.013
1753769606247,06:13:26.247,binanceusdm,ETH/USDT:USDT,3807.19,52.602,3807.18,0.032,3807.2,68.866,3807.21,0.013
1753769606451,06:13:26.451,binanceusdm,ETH/USDT:USDT,3807.19,88.32,3807.18,47.771,3807.2,63.049,3807.21,0.013
1753769606658,06:13:26.658,binanceusdm,ETH/USDT:USDT,3807.19,91.5,3807.18,47.771,3807.2,59.928,3807.21,0.013
1753769606759,06:13:26.759,binanceusdm,ETH/USDT:USDT,3807.19,91.308,3807.18,47.771,3807.2,57.88,3807.21,0.013
1753769606860,06:13:26.860,binanceusdm,ETH/USDT:USDT,3807.19,91.308,3807.18,47.771,3807.2,60.357,3807.21,0.013
1753769606963,06:13:26.963,binanceusdm,ETH/USDT:USDT,3807.19,107.053,3807.18,47.771,3807.2,60.346,3807.21,0.013
1753769607273,06:13:27.273,binanceusdm,ETH/USDT:USDT,3807.19,105.683,3807.18,47.771,3807.2,57.93,3807.21,0.013
1753769607375,06:13:27.375,binanceusdm,ETH/USDT:USDT,3807.19,105.683,3807.18,47.8,3807.2,41.416,3807.21,0.013
1753769607476,06:13:27.476,binanceusdm,ETH/USDT:USDT,3807.19,105.683,3807.18,47.8,3807.2,49.339,3807.21,0.013
1753769607782,06:13:27.782,binanceusdm,ETH/USDT:USDT,3807.19,105.676,3807.18,47.8,3807.2,46.509,3807.21,0.013
1753769607886,06:13:27.886,binanceusdm,ETH/USDT:USDT,3807.19,105.676,3807.18,47.8,3807.2,46.595,3807.21,0.013
1753769607987,06:13:27.987,binanceusdm,ETH/USDT:USDT,3807.19,105.676,3807.18,47.8,3807.2,46.595,3807.21,0.013
1753769608089,06:13:28.089,binanceusdm,ETH/USDT:USDT,3807.19,105.676,3807.18,47.8,3807.2,46.582,3807.21,0.013
1753769608193,06:13:28.193,binanceusdm,ETH/USDT:USDT,3807.19,105.676,3807.18,47.8,3807.2,46.843,3807.21,0.013
1753769608295,06:13:28.295,binanceusdm,ETH/USDT:USDT,3807.19,103.303,3807.18,47.8,3807.2,46.918,3807.21,0.013
1753769608397,06:13:28.397,binanceusdm,ETH/USDT:USDT,3807.19,103.303,3807.18,47.8,3807.2,48.428,3807.21,0.013
1753769608500,06:13:28.500,binanceusdm,ETH/USDT:USDT,3807.19,103.691,3807.18,47.8,3807.2,48.428,3807.21,0.013
1753769608704,06:13:28.704,binanceusdm,ETH/USDT:USDT,3807.19,71.141,3807.18,1.65,3807.2,47.164,3807.21,0.013
1753769608805,06:13:28.805,binanceusdm,ETH/USDT:USDT,3807.19,65.103,3807.18,1.65,3807.2,50.056,3807.21,0.013
1753769608906,06:13:28.906,binanceusdm,ETH/USDT:USDT,3807.19,63.258,3807.18,1.65,3807.2,53.015,3807.21,0.013
1753769609009,06:13:29.009,binanceusdm,ETH/USDT:USDT,3807.19,63.258,3807.18,0.061,3807.2,47.924,3807.21,0.013
1753769609112,06:13:29.112,binanceusdm,ETH/USDT:USDT,3807.19,63.258,3807.18,0.061,3807.2,47.924,3807.21,0.013
1753769609215,06:13:29.215,binanceusdm,ETH/USDT:USDT,3807.19,63.609,3807.18,0.061,3807.2,45.144,3807.21,0.013
1753769609316,06:13:29.316,binanceusdm,ETH/USDT:USDT,3807.19,62.376,3807.18,0.061,3807.2,48.303,3807.21,0.013
1753769609417,06:13:29.417,binanceusdm,ETH/USDT:USDT,3807.19,62.376,3807.18,0.061,3807.2,46.094,3807.21,0.013
1753769609518,06:13:29.518,binanceusdm,ETH/USDT:USDT,3807.19,60.143,3807.18,0.061,3807.2,46.154,3807.21,0.013
1753769609629,06:13:29.629,binanceusdm,ETH/USDT:USDT,3807.19,60.428,3807.18,0.061,3807.2,46.631,3807.21,0.013
1753769609731,06:13:29.731,binanceusdm,ETH/USDT:USDT,3807.19,60.428,3807.18,0.061,3807.2,46.959,3807.21,0.013
1753769609833,06:13:29.833,binanceusdm,ETH/USDT:USDT,3807.19,60.428,3807.18,0.061,3807.2,46.959,3807.21,0.013
1753769609934,06:13:29.934,binanceusdm,ETH/USDT:USDT,3807.19,60.435,3807.18,0.061,3807.2,46.953,3807.21,0.013
1753769610052,06:13:30.052,binanceusdm,ETH/USDT:USDT,3807.19,60.409,3807.18,0.061,3807.2,46.959,3807.21,0.013
1753769610153,06:13:30.153,binanceusdm,ETH/USDT:USDT,3807.19,60.435,3807.18,0.061,3807.2,49.091,3807.21,0.013
1753769610254,06:13:30.254,binanceusdm,ETH/USDT:USDT,3807.19,60.435,3807.18,0.061,3807.2,49.091,3807.21,0.013
1753769610357,06:13:30.357,binanceusdm,ETH/USDT:USDT,3807.19,60.435,3807.18,0.061,3807.2,49.122,3807.21,0.013
1753769610458,06:13:30.458,binanceusdm,ETH/USDT:USDT,3807.19,61.668,3807.18,0.061,3807.2,47.055,3807.21,0.013
1753769610564,06:13:30.564,binanceusdm,ETH/USDT:USDT,3807.19,61.668,3807.18,0.061,3807.2,47.055,3807.21,0.013
1753769610667,06:13:30.667,binanceusdm,ETH/USDT:USDT,3807.38,314.335,3807.37,31.538,3807.39,16.919,3807.4,0.006
1753769610770,06:13:30.770,binanceusdm,ETH/USDT:USDT,3807.9,86.047,3807.89,1.314,3807.91,60.906,3807.95,0.032
1753769610871,06:13:30.871,binanceusdm,ETH/USDT:USDT,3807.9,13.581,3807.87,0.038,3807.91,66.498,3807.92,1.314
1753769610972,06:13:30.972,binanceusdm,ETH/USDT:USDT,3807.9,22.829,3807.87,0.053,3807.91,65.379,3807.93,0.006
1753769611074,06:13:31.074,binanceusdm,ETH/USDT:USDT,3807.9,18.045,3807.87,0.053,3807.91,67.941,3807.93,0.006
1753769611177,06:13:31.177,binanceusdm,ETH/USDT:USDT,3807.9,18.021,3807.87,0.038,3807.91,68.406,3807.93,0.006
1753769611279,06:13:31.279,binanceusdm,ETH/USDT:USDT,3807.9,18.098,3807.87,0.038,3807.91,68.412,3807.93,0.006
1753769611380,06:13:31.380,binanceusdm,ETH/USDT:USDT,3807.9,25.341,3807.87,1.352,3807.91,54.339,3807.93,0.006
1753769611481,06:13:31.481,binanceusdm,ETH/USDT:USDT,3807.9,31.413,3807.87,1.352,3807.91,49.352,3807.93,0.006
1753769611685,06:13:31.685,binanceusdm,ETH/USDT:USDT,3807.9,40.202,3807.87,1.352,3807.91,50.263,3807.93,0.006
1753769611786,06:13:31.786,binanceusdm,ETH/USDT:USDT,3807.9,46.845,3807.87,1.352,3807.91,56.513,3807.92,0.007
1753769611889,06:13:31.889,binanceusdm,ETH/USDT:USDT,3807.9,48.055,3807.87,1.352,3807.91,56.513,3807.92,0.007
1753769611992,06:13:31.992,binanceusdm,ETH/USDT:USDT,3807.9,46.822,3807.87,1.352,3807.91,56.513,3807.92,0.007
1753769612301,06:13:32.301,binanceusdm,ETH/USDT:USDT,3807.9,46.921,3807.87,1.352,3807.91,56.865,3807.92,0.045
1753769612402,06:13:32.402,binanceusdm,ETH/USDT:USDT,3807.9,46.921,3807.87,1.352,3807.91,57.174,3807.92,0.045
1753769612504,06:13:32.504,binanceusdm,ETH/USDT:USDT,3807.9,17.134,3807.87,0.038,3807.91,57.845,3807.92,0.045
1753769612605,06:13:32.605,binanceusdm,ETH/USDT:USDT,3807.9,21.66,3807.87,0.038,3807.91,58.116,3807.92,0.045
1753769612708,06:13:32.708,binanceusdm,ETH/USDT:USDT,3807.9,21.66,3807.87,0.038,3807.91,58.378,3807.92,0.045
1753769612811,06:13:32.811,binanceusdm,ETH/USDT:USDT,3807.9,38.654,3807.88,1.314,3807.91,59.223,3807.92,0.045
1753769612915,06:13:32.915,binanceusdm,ETH/USDT:USDT,3807.9,37.432,3807.88,1.329,3807.91,58.172,3807.92,0.045
1753769613017,06:13:33.017,binanceusdm,ETH/USDT:USDT,3807.9,47.743,3807.88,1.329,3807.91,50.579,3807.92,0.045
1753769613118,06:13:33.118,binanceusdm,ETH/USDT:USDT,3807.9,47.718,3807.88,1.329,3807.91,52.576,3807.92,0.045
1753769613220,06:13:33.220,binanceusdm,ETH/USDT:USDT,3807.9,47.718,3807.88,1.329,3807.91,52.637,3807.92,0.045
1753769613323,06:13:33.323,binanceusdm,ETH/USDT:USDT,3807.9,46.776,3807.88,1.329,3807.91,59.618,3807.92,0.045
1753769613424,06:13:33.424,binanceusdm,ETH/USDT:USDT,3807.9,46.828,3807.88,1.329,3807.91,59.629,3807.92,0.045
1753769613528,06:13:33.528,binanceusdm,ETH/USDT:USDT,3807.9,38.964,3807.88,1.329,3807.91,59.838,3807.92,0.045
1753769613638,06:13:33.638,binanceusdm,ETH/USDT:USDT,3807.9,46.826,3807.88,1.329,3807.91,59.838,3807.92,0.045
1753769613749,06:13:33.749,binanceusdm,ETH/USDT:USDT,3807.9,48.065,3807.88,1.329,3807.91,54.204,3807.92,0.045
1753769613851,06:13:33.851,binanceusdm,ETH/USDT:USDT,3807.9,45.632,3807.88,1.329,3807.91,60.992,3807.92,0.045
1753769613952,06:13:33.952,binanceusdm,ETH/USDT:USDT,3807.9,32.959,3807.87,0.038,3807.91,61.265,3807.92,0.06
1753769614055,06:13:34.055,binanceusdm,ETH/USDT:USDT,3807.9,31.959,3807.87,0.038,3807.91,62.321,3807.92,0.06
1753769614157,06:13:34.157,binanceusdm,ETH/USDT:USDT,3807.9,31.803,3807.87,0.038,3807.91,63.262,3807.92,0.06
1753769614261,06:13:34.261,binanceusdm,ETH/USDT:USDT,3807.9,31.844,3807.87,0.038,3807.91,63.256,3807.92,0.06
1753769614364,06:13:34.364,binanceusdm,ETH/USDT:USDT,3807.84,0.012,3807.83,0.128,3807.85,4.914,3807.86,147.294
1753769614971,06:13:34.971,binanceusdm,ETH/USDT:USDT,3807.6,36.014,3807.57,0.017,3807.61,56.557,3807.63,0.006
1753769615276,06:13:35.276,binanceusdm,ETH/USDT:USDT,3807.6,65.821,3807.56,0.006,3807.61,14.894,3807.63,0.014
1753769615479,06:13:35.479,binanceusdm,ETH/USDT:USDT,3807.6,66.763,3807.56,0.006,3807.61,14.901,3807.63,0.014
1753769615683,06:13:35.683,binanceusdm,ETH/USDT:USDT,3807.6,39.908,3807.56,1.05,3807.61,20.722,3807.63,0.006
1753769615785,06:13:35.785,binanceusdm,ETH/USDT:USDT,3807.6,15.359,3807.56,1.061,3807.61,36.862,3807.63,0.006
1753769615886,06:13:35.886,binanceusdm,ETH/USDT:USDT,3807.6,15.359,3807.57,0.006,3807.61,49.301,3807.63,0.006
1753769615989,06:13:35.989,binanceusdm,ETH/USDT:USDT,3807.6,18.195,3807.57,0.006,3807.61,46.57,3807.63,0.006
1753769616093,06:13:36.093,binanceusdm,ETH/USDT:USDT,3807.6,19.434,3807.57,1.32,3807.61,30.248,3807.63,0.006
1753769616196,06:13:36.196,binanceusdm,ETH/USDT:USDT,3807.6,32.291,3807.58,0.015,3807.61,18.395,3807.63,0.006
1753769616299,06:13:36.299,binanceusdm,ETH/USDT:USDT,3807.6,32.231,3807.58,0.015,3807.61,18.583,3807.63,0.006
1753769616402,06:13:36.402,binanceusdm,ETH/USDT:USDT,3807.6,44.168,3807.58,0.015,3807.61,12.461,3807.63,0.006
1753769616504,06:13:36.504,binanceusdm,ETH/USDT:USDT,3807.6,48.042,3807.58,0.015,3807.61,9.402,3807.63,0.006
1753769616708,06:13:36.708,binanceusdm,ETH/USDT:USDT,3807.6,61.275,3807.58,0.015,3807.61,6.809,3807.63,0.006
1753769616811,06:13:36.811,binanceusdm,ETH/USDT:USDT,3807.6,61.307,3807.58,0.015,3807.61,6.821,3807.63,0.006
1753769616916,06:13:36.916,binanceusdm,ETH/USDT:USDT,3807.6,60.258,3807.58,0.015,3807.61,6.821,3807.63,0.006
1753769617017,06:13:37.017,binanceusdm,ETH/USDT:USDT,3807.6,60.258,3807.58,0.015,3807.61,6.343,3807.63,0.006
1753769617120,06:13:37.120,binanceusdm,ETH/USDT:USDT,3807.6,60.265,3807.58,0.015,3807.61,6.343,3807.63,0.006
1753769617223,06:13:37.223,binanceusdm,ETH/USDT:USDT,3807.6,70.584,3807.58,0.015,3807.61,6.949,3807.63,0.006
1753769617326,06:13:37.326,binanceusdm,ETH/USDT:USDT,3807.6,70.66,3807.58,0.015,3807.61,7.509,3807.63,0.006
1753769617739,06:13:37.739,binanceusdm,ETH/USDT:USDT,3807.6,60.933,3807.58,0.047,3807.61,7.653,3807.63,0.006
1753769617842,06:13:37.842,binanceusdm,ETH/USDT:USDT,3807.6,61.228,3807.58,0.047,3807.61,7.653,3807.63,0.006
1753769617945,06:13:37.945,binanceusdm,ETH/USDT:USDT,3807.6,54.107,3807.58,0.032,3807.61,18.991,3807.63,0.006
1753769618047,06:13:38.047,binanceusdm,ETH/USDT:USDT,3807.6,45.31,3807.58,0.032,3807.61,29.44,3807.63,0.017
1753769618148,06:13:38.148,binanceusdm,ETH/USDT:USDT,3807.6,20.261,3807.58,0.032,3807.61,38.247,3807.63,0.006
1753769618251,06:13:38.251,binanceusdm,ETH/USDT:USDT,3807.6,18.004,3807.58,0.032,3807.61,38.312,3807.63,0.006
1753769618354,06:13:38.354,binanceusdm,ETH/USDT:USDT,3807.6,16.051,3807.58,0.032,3807.61,38.444,3807.63,0.006
1753769618456,06:13:38.456,binanceusdm,ETH/USDT:USDT,3807.6,16.051,3807.58,0.032,3807.61,38.444,3807.63,0.006
1753769618558,06:13:38.558,binanceusdm,ETH/USDT:USDT,3807.6,16.05,3807.58,0.032,3807.61,38.391,3807.63,0.006
1753769618791,06:13:38.791,binanceusdm,ETH/USDT:USDT,3807.6,27.305,3807.58,0.047,3807.61,26.125,3807.63,0.006
1753769618899,06:13:38.899,binanceusdm,ETH/USDT:USDT,3807.6,33.462,3807.58,0.047,3807.61,21.341,3807.63,0.006
1753769619000,06:13:39.000,binanceusdm,ETH/USDT:USDT,3807.6,35.719,3807.58,0.047,3807.61,11.537,3807.63,0.006
1753769619101,06:13:39.101,binanceusdm,ETH/USDT:USDT,3807.6,44.518,3807.58,0.047,3807.61,8.455,3807.63,0.006
1753769619204,06:13:39.204,binanceusdm,ETH/USDT:USDT,3807.6,48.116,3807.58,0.047,3807.61,9.496,3807.63,0.006
1753769619305,06:13:39.305,binanceusdm,ETH/USDT:USDT,3807.6,42.716,3807.58,0.157,3807.61,8.791,3807.63,0.006
1753769619410,06:13:39.410,binanceusdm,ETH/USDT:USDT,3807.6,42.743,3807.58,0.157,3807.61,9.106,3807.63,0.006
1753769619513,06:13:39.513,binanceusdm,ETH/USDT:USDT,3807.6,47.599,3807.58,0.157,3807.61,9.138,3807.63,0.006
1753769619614,06:13:39.614,binanceusdm,ETH/USDT:USDT,3807.6,48.182,3807.58,0.157,3807.61,35.674,3807.63,0.006
1753769619717,06:13:39.717,binanceusdm,ETH/USDT:USDT,3807.6,47.625,3807.58,0.157,3807.61,36.432,3807.63,0.006
1753769619820,06:13:39.820,binanceusdm,ETH/USDT:USDT,3807.6,47.625,3807.58,0.157,3807.61,36.432,3807.63,0.006
1753769619935,06:13:39.935,binanceusdm,ETH/USDT:USDT,3807.6,48.238,3807.58,0.157,3807.61,36.432,3807.63,0.006
1753769620038,06:13:40.038,binanceusdm,ETH/USDT:USDT,3807.6,47.672,3807.58,0.157,3807.61,36.332,3807.63,0.006
1753769620139,06:13:40.139,binanceusdm,ETH/USDT:USDT,3807.6,47.832,3807.58,0.157,3807.61,36.332,3807.63,0.006
1753769620242,06:13:40.242,binanceusdm,ETH/USDT:USDT,3807.6,47.832,3807.58,0.157,3807.61,36.628,3807.63,0.006
1753769620346,06:13:40.346,binanceusdm,ETH/USDT:USDT,3807.6,48.351,3807.58,0.157,3807.61,37.369,3807.63,0.006
1753769620448,06:13:40.448,binanceusdm,ETH/USDT:USDT,3807.6,48.38,3807.58,0.157,3807.61,37.633,3807.63,0.006
1753769620554,06:13:40.554,binanceusdm,ETH/USDT:USDT,3807.6,47.427,3807.58,0.157,3807.61,37.609,3807.63,0.006
1753769620861,06:13:40.861,binanceusdm,ETH/USDT:USDT,3807.6,82.208,3807.58,0.157,3807.61,37.644,3807.63,0.006
1753769620964,06:13:40.964,binanceusdm,ETH/USDT:USDT,3807.6,82.235,3807.58,0.157,3807.61,37.644,3807.63,0.006
1753769621066,06:13:41.066,binanceusdm,ETH/USDT:USDT,3807.6,82.235,3807.58,0.167,3807.61,37.644,3807.63,0.006
1753769621270,06:13:41.270,binanceusdm,ETH/USDT:USDT,3807.6,82.235,3807.58,0.167,3807.61,37.637,3807.63,0.006
1753769621378,06:13:41.378,binanceusdm,ETH/USDT:USDT,3807.6,82.235,3807.58,0.167,3807.61,37.727,3807.63,0.006
1753769621480,06:13:41.480,binanceusdm,ETH/USDT:USDT,3807.6,47.235,3807.58,0.167,3807.61,37.727,3807.63,0.006
1753769621583,06:13:41.583,binanceusdm,ETH/USDT:USDT,3807.6,52.392,3807.59,0.01,3807.61,37.649,3807.63,0.006
1753769621686,06:13:41.686,binanceusdm,ETH/USDT:USDT,3807.6,52.392,3807.59,0.01,3807.61,37.649,3807.63,0.006
1753769621788,06:13:41.788,binanceusdm,ETH/USDT:USDT,3807.6,52.135,3807.59,0.01,3807.61,37.646,3807.62,0.05
1753769621891,06:13:41.891,binanceusdm,ETH/USDT:USDT,3807.6,52.135,3807.59,0.01,3807.61,37.653,3807.62,0.05
1753769621994,06:13:41.994,binanceusdm,ETH/USDT:USDT,3807.6,50.709,3807.59,0.01,3807.61,40.735,3807.62,0.05
1753769622097,06:13:42.097,binanceusdm,ETH/USDT:USDT,3807.6,50.709,3807.59,0.01,3807.61,40.735,3807.62,0.05
1753769622198,06:13:42.198,binanceusdm,ETH/USDT:USDT,3807.6,50.709,3807.59,0.01,3807.61,42.047,3807.62,0.05
1753769622709,06:13:42.709,binanceusdm,ETH/USDT:USDT,3807.6,21.935,3807.58,0.142,3807.61,64.718,3807.62,0.051
1753769622916,06:13:42.916,binanceusdm,ETH/USDT:USDT,3807.6,21.935,3807.58,0.142,3807.61,65.957,3807.62,0.051
1753769623019,06:13:43.019,binanceusdm,ETH/USDT:USDT,3807.6,37.435,3807.59,0.015,3807.61,52.432,3807.62,0.051
1753769623120,06:13:43.120,binanceusdm,ETH/USDT:USDT,3807.6,57.996,3807.59,0.038,3807.61,39.961,3807.62,0.051
1753769623223,06:13:43.223,binanceusdm,ETH/USDT:USDT,3807.6,57.996,3807.59,0.038,3807.61,39.961,3807.62,0.051
1753769623326,06:13:43.326,binanceusdm,ETH/USDT:USDT,3807.6,58.001,3807.59,0.038,3807.61,40.017,3807.62,0.051
1753769623429,06:13:43.429,binanceusdm,ETH/USDT:USDT,3807.6,58.001,3807.59,0.038,3807.61,40.077,3807.62,0.051
1753769623633,06:13:43.633,binanceusdm,ETH/USDT:USDT,3807.6,57.997,3807.59,0.038,3807.61,40.269,3807.62,0.051
1753769623738,06:13:43.738,binanceusdm,ETH/USDT:USDT,3807.6,55.416,3807.59,0.038,3807.61,40.294,3807.62,0.051
1753769623849,06:13:43.849,binanceusdm,ETH/USDT:USDT,3807.6,51.828,3807.59,0.038,3807.61,40.294,3807.62,0.051
1753769623952,06:13:43.952,binanceusdm,ETH/USDT:USDT,3807.6,51.943,3807.59,0.038,3807.61,40.287,3807.62,0.051
1753769624053,06:13:44.053,binanceusdm,ETH/USDT:USDT,3807.6,50.16,3807.59,0.038,3807.61,40.287,3807.62,0.051
1753769624154,06:13:44.154,binanceusdm,ETH/USDT:USDT,3807.6,50.186,3807.59,0.038,3807.61,40.318,3807.62,0.051
1753769624256,06:13:44.256,binanceusdm,ETH/USDT:USDT,3807.6,54.059,3807.59,0.038,3807.61,40.418,3807.62,0.051
1753769624361,06:13:44.361,binanceusdm,ETH/USDT:USDT,3807.6,54.059,3807.59,0.038,3807.61,40.506,3807.62,0.051
1753769624463,06:13:44.463,binanceusdm,ETH/USDT:USDT,3807.6,54.059,3807.59,0.038,3807.61,40.777,3807.62,0.051
1753769624564,06:13:44.564,binanceusdm,ETH/USDT:USDT,3807.6,53.967,3807.59,0.038,3807.61,40.914,3807.62,0.051
1753769624665,06:13:44.665,binanceusdm,ETH/USDT:USDT,3807.6,57.991,3807.59,0.038,3807.61,37.711,3807.62,0.051
1753769624768,06:13:44.768,binanceusdm,ETH/USDT:USDT,3807.6,57.991,3807.59,0.038,3807.61,38.445,3807.62,0.051
1753769624871,06:13:44.871,binanceusdm,ETH/USDT:USDT,3807.6,55.776,3807.59,0.038,3807.61,38.43,3807.62,0.051
1753769624973,06:13:44.973,binanceusdm,ETH/USDT:USDT,3807.6,55.786,3807.59,0.048,3807.61,38.43,3807.62,0.051
1753769625076,06:13:45.076,binanceusdm,ETH/USDT:USDT,3807.6,55.841,3807.59,0.048,3807.61,38.459,3807.62,0.051
1753769625289,06:13:45.289,binanceusdm,ETH/USDT:USDT,3807.6,56.825,3807.59,0.048,3807.61,37.719,3807.62,0.051
1753769625391,06:13:45.391,binanceusdm,ETH/USDT:USDT,3807.6,56.76,3807.59,0.048,3807.61,39.61,3807.62,0.051
1753769625493,06:13:45.493,binanceusdm,ETH/USDT:USDT,3807.6,91.765,3807.59,0.048,3807.61,39.742,3807.62,0.051
1753769625697,06:13:45.697,binanceusdm,ETH/USDT:USDT,3807.6,92.325,3807.59,0.048,3807.61,39.939,3807.62,0.051
1753769625798,06:13:45.798,binanceusdm,ETH/USDT:USDT,3807.6,99.329,3807.59,0.048,3807.61,39.916,3807.62,0.051
1753769625899,06:13:45.899,binanceusdm,ETH/USDT:USDT,3807.6,102.218,3807.59,0.048,3807.61,39.916,3807.62,0.948
1753769626001,06:13:46.001,binanceusdm,ETH/USDT:USDT,3807.6,102.218,3807.59,0.048,3807.61,39.916,3807.62,0.948
1753769626102,06:13:46.102,binanceusdm,ETH/USDT:USDT,3807.6,102.198,3807.59,0.048,3807.61,39.922,3807.62,0.948
1753769626210,06:13:46.210,binanceusdm,ETH/USDT:USDT,3807.6,102.198,3807.59,0.048,3807.61,39.913,3807.62,0.948
1753769626315,06:13:46.315,binanceusdm,ETH/USDT:USDT,3807.6,102.188,3807.59,0.048,3807.61,79.539,3807.62,0.948
1753769626418,06:13:46.418,binanceusdm,ETH/USDT:USDT,3807.6,102.188,3807.59,0.048,3807.61,78.565,3807.62,0.948
1753769626521,06:13:46.521,binanceusdm,ETH/USDT:USDT,3807.6,102.188,3807.59,0.048,3807.61,78.973,3807.62,0.948
1753769626623,06:13:46.623,binanceusdm,ETH/USDT:USDT,3807.6,102.188,3807.59,0.048,3807.61,78.952,3807.62,0.948
1753769626724,06:13:46.724,binanceusdm,ETH/USDT:USDT,3807.6,68.109,3807.59,0.048,3807.61,78.952,3807.62,0.948
1753769626825,06:13:46.825,binanceusdm,ETH/USDT:USDT,3807.6,68.109,3807.59,0.048,3807.61,78.952,3807.62,0.948
1753769626929,06:13:46.929,binanceusdm,ETH/USDT:USDT,3807.6,68.109,3807.59,0.048,3807.61,78.952,3807.62,0.948
1753769627032,06:13:47.032,binanceusdm,ETH/USDT:USDT,3807.6,68.109,3807.59,0.048,3807.61,78.952,3807.62,0.948
1753769627237,06:13:47.237,binanceusdm,ETH/USDT:USDT,3807.6,68.109,3807.59,0.048,3807.61,78.454,3807.62,0.948
1753769627338,06:13:47.338,binanceusdm,ETH/USDT:USDT,3807.6,68.151,3807.59,0.048,3807.61,78.184,3807.62,0.948
1753769627447,06:13:47.447,binanceusdm,ETH/USDT:USDT,3807.6,68.151,3807.59,0.048,3807.61,78.229,3807.62,0.948
1753769627550,06:13:47.550,binanceusdm,ETH/USDT:USDT,3807.6,68.099,3807.59,0.048,3807.61,78.229,3807.62,0.948
1753769627652,06:13:47.652,binanceusdm,ETH/USDT:USDT,3807.6,68.099,3807.59,0.048,3807.61,77.523,3807.62,0.948
1753769627973,06:13:47.973,binanceusdm,ETH/USDT:USDT,3807.6,65.29,3807.59,0.048,3807.61,77.543,3807.62,0.948
1753769628075,06:13:48.075,binanceusdm,ETH/USDT:USDT,3807.6,64.868,3807.59,0.033,3807.61,77.537,3807.62,0.948
1753769628288,06:13:48.288,binanceusdm,ETH/USDT:USDT,3807.6,64.881,3807.59,0.033,3807.61,77.547,3807.62,0.948
1753769628394,06:13:48.394,binanceusdm,ETH/USDT:USDT,3807.6,64.87,3807.59,0.033,3807.61,77.553,3807.62,0.948
1753769628495,06:13:48.495,binanceusdm,ETH/USDT:USDT,3807.6,64.839,3807.59,0.033,3807.61,77.755,3807.62,0.948
1753769628599,06:13:48.599,binanceusdm,ETH/USDT:USDT,3807.6,64.85,3807.59,0.033,3807.61,77.761,3807.62,0.948
1753769628700,06:13:48.700,binanceusdm,ETH/USDT:USDT,3807.6,64.778,3807.59,0.033,3807.61,77.544,3807.62,0.948
1753769628801,06:13:48.801,binanceusdm,ETH/USDT:USDT,3807.6,64.778,3807.59,0.033,3807.61,77.544,3807.62,0.948
1753769628902,06:13:48.902,binanceusdm,ETH/USDT:USDT,3807.6,64.778,3807.59,0.033,3807.61,77.371,3807.62,0.948
1753769629011,06:13:49.011,binanceusdm,ETH/USDT:USDT,3807.6,64.898,3807.59,0.033,3807.61,77.371,3807.62,0.948
1753769629114,06:13:49.114,binanceusdm,ETH/USDT:USDT,3807.6,64.898,3807.59,0.033,3807.61,77.361,3807.62,0.948
1753769629217,06:13:49.217,binanceusdm,ETH/USDT:USDT,3807.6,64.898,3807.59,0.033,3807.61,77.361,3807.62,0.948
1753769629320,06:13:49.320,binanceusdm,ETH/USDT:USDT,3807.6,64.898,3807.59,0.033,3807.61,76.253,3807.62,0.948
1753769629421,06:13:49.421,binanceusdm,ETH/USDT:USDT,3807.6,64.888,3807.59,0.033,3807.61,77.783,3807.62,0.971
1753769629524,06:13:49.524,binanceusdm,ETH/USDT:USDT,3807.6,64.888,3807.59,0.033,3807.61,77.862,3807.62,0.981
1753769629625,06:13:49.625,binanceusdm,ETH/USDT:USDT,3807.6,46.596,3807.59,0.023,3807.61,87.194,3807.62,0.981
1753769629726,06:13:49.726,binanceusdm,ETH/USDT:USDT,3807.6,52.043,3807.59,0.023,3807.61,87.202,3807.62,0.992
1753769629827,06:13:49.827,binanceusdm,ETH/USDT:USDT,3807.6,43.984,3807.59,0.023,3807.61,87.29,3807.62,0.992
1753769629929,06:13:49.929,binanceusdm,ETH/USDT:USDT,3807.6,48.182,3807.59,0.023,3807.61,87.29,3807.62,0.992
1753769630030,06:13:50.030,binanceusdm,ETH/USDT:USDT,3807.6,48.188,3807.59,0.023,3807.61,87.29,3807.62,0.992
1753769630131,06:13:50.131,binanceusdm,ETH/USDT:USDT,3807.6,54.174,3807.59,0.023,3807.61,87.25,3807.62,0.992
1753769630232,06:13:50.232,binanceusdm,ETH/USDT:USDT,3807.6,55.587,3807.59,0.023,3807.61,87.034,3807.62,0.992
1753769630333,06:13:50.333,binanceusdm,ETH/USDT:USDT,3807.6,61.973,3807.59,0.023,3807.61,80.774,3807.62,0.992
1753769630437,06:13:50.437,binanceusdm,ETH/USDT:USDT,3807.6,65.302,3807.59,0.023,3807.61,80.772,3807.62,0.992
1753769630539,06:13:50.539,binanceusdm,ETH/USDT:USDT,3807.6,65.308,3807.59,0.023,3807.61,81.946,3807.62,0.992
1753769630641,06:13:50.641,binanceusdm,ETH/USDT:USDT,3807.6,64.075,3807.59,0.023,3807.61,81.98,3807.62,0.992
1753769630744,06:13:50.744,binanceusdm,ETH/USDT:USDT,3807.6,61.355,3807.59,0.023,3807.61,88.224,3807.62,0.992
1753769630950,06:13:50.950,binanceusdm,ETH/USDT:USDT,3807.6,57.232,3807.59,0.023,3807.61,88.23,3807.62,0.992
1753769631051,06:13:51.051,binanceusdm,ETH/USDT:USDT,3807.6,57.232,3807.59,0.023,3807.61,81.98,3807.62,0.992
1753769631152,06:13:51.152,binanceusdm,ETH/USDT:USDT,3807.6,58.352,3807.59,0.023,3807.61,81.986,3807.62,0.992
1753769631254,06:13:51.254,binanceusdm,ETH/USDT:USDT,3807.6,58.484,3807.59,0.023,3807.61,81.98,3807.62,0.992
1753769631356,06:13:51.356,binanceusdm,ETH/USDT:USDT,3807.6,62.189,3807.59,0.023,3807.61,81.981,3807.62,0.992
1753769631457,06:13:51.457,binanceusdm,ETH/USDT:USDT,3807.6,62.276,3807.59,0.023,3807.61,79.762,3807.62,0.992
1753769631558,06:13:51.558,binanceusdm,ETH/USDT:USDT,3807.6,62.276,3807.59,0.023,3807.61,80.346,3807.62,0.992
1753769631659,06:13:51.659,binanceusdm,ETH/USDT:USDT,3807.6,62.276,3807.59,0.023,3807.61,80.391,3807.62,0.992
1753769631760,06:13:51.760,binanceusdm,ETH/USDT:USDT,3807.6,63.509,3807.59,0.023,3807.61,80.391,3807.62,0.992
1753769631861,06:13:51.861,binanceusdm,ETH/USDT:USDT,3807.6,63.509,3807.59,0.023,3807.61,80.391,3807.62,0.992
1753769631964,06:13:51.964,binanceusdm,ETH/USDT:USDT,3807.6,63.509,3807.59,0.023,3807.61,78.273,3807.62,0.992
1753769632067,06:13:52.067,binanceusdm,ETH/USDT:USDT,3807.6,63.209,3807.59,0.023,3807.61,81.273,3807.62,0.942
1753769632170,06:13:52.170,binanceusdm,ETH/USDT:USDT,3807.6,63.209,3807.59,0.023,3807.61,81.259,3807.62,0.942
1753769632273,06:13:52.273,binanceusdm,ETH/USDT:USDT,3807.6,63.193,3807.59,0.023,3807.61,88.14,3807.62,0.942
1753769632376,06:13:52.376,binanceusdm,ETH/USDT:USDT,3807.6,52.313,3807.59,0.023,3807.61,88.11,3807.62,0.972
1753769632477,06:13:52.477,binanceusdm,ETH/USDT:USDT,3807.6,34.624,3807.59,0.023,3807.61,88.11,3807.62,0.972
1753769632578,06:13:52.578,binanceusdm,ETH/USDT:USDT,3807.6,17.963,3807.59,0.023,3807.61,88.498,3807.62,0.972
1753769632680,06:13:52.680,binanceusdm,ETH/USDT:USDT,3807.6,17.963,3807.59,0.023,3807.61,88.509,3807.62,0.972
1753769632987,06:13:52.987,binanceusdm,ETH/USDT:USDT,3807.6,23.099,3807.59,0.023,3807.61,87.195,3807.62,0.972
1753769633089,06:13:53.089,binanceusdm,ETH/USDT:USDT,3807.6,35.157,3807.59,0.023,3807.61,87.181,3807.62,0.972
1753769633192,06:13:53.192,binanceusdm,ETH/USDT:USDT,3807.6,35.183,3807.59,0.023,3807.61,87.181,3807.62,0.972
1753769633293,06:13:53.293,binanceusdm,ETH/USDT:USDT,3807.6,35.165,3807.59,0.023,3807.61,87.24,3807.62,0.972
1753769633396,06:13:53.396,binanceusdm,ETH/USDT:USDT,3807.6,33.52,3807.58,0.032,3807.61,84.224,3807.62,0.972
1753769633498,06:13:53.498,binanceusdm,ETH/USDT:USDT,3807.6,33.47,3807.58,0.032,3807.61,84.182,3807.62,0.972
1753769633600,06:13:53.600,binanceusdm,ETH/USDT:USDT,3807.6,37.68,3807.58,0.032,3807.61,80.749,3807.62,0.972
1753769633703,06:13:53.703,binanceusdm,ETH/USDT:USDT,3807.6,33.376,3807.58,0.032,3807.61,83.738,3807.62,0.972
1753769633806,06:13:53.806,binanceusdm,ETH/USDT:USDT,3807.6,33.204,3807.58,0.032,3807.61,83.738,3807.62,0.972
1753769633912,06:13:53.912,binanceusdm,ETH/USDT:USDT,3807.6,33.523,3807.58,0.032,3807.61,83.744,3807.62,0.972
1753769634029,06:13:54.029,binanceusdm,ETH/USDT:USDT,3807.6,33.523,3807.58,0.032,3807.61,83.744,3807.62,0.972
1753769634130,06:13:54.130,binanceusdm,ETH/USDT:USDT,3807.6,34.967,3807.58,0.032,3807.61,83.646,3807.62,0.972
1753769634256,06:13:54.256,binanceusdm,ETH/USDT:USDT,3807.6,52.38,3807.58,0.032,3807.61,79.851,3807.62,1.051
1753769634462,06:13:54.462,binanceusdm,ETH/USDT:USDT,3807.6,57.361,3807.58,0.047,3807.61,74.293,3807.62,1.051
1753769634564,06:13:54.564,binanceusdm,ETH/USDT:USDT,3807.6,54.403,3807.58,0.073,3807.61,78.041,3807.62,1.051
1753769634668,06:13:54.668,binanceusdm,ETH/USDT:USDT,3807.6,54.455,3807.58,0.073,3807.61,77.931,3807.62,1.051
1753769634771,06:13:54.771,binanceusdm,ETH/USDT:USDT,3807.6,54.455,3807.58,0.073,3807.61,78.042,3807.62,1.051
1753769634873,06:13:54.873,binanceusdm,ETH/USDT:USDT,3807.6,58.124,3807.58,0.073,3807.61,78.001,3807.62,1.051
1753769634980,06:13:54.980,binanceusdm,ETH/USDT:USDT,3807.6,58.15,3807.58,0.073,3807.61,78.001,3807.62,1.051
1753769635083,06:13:55.083,binanceusdm,ETH/USDT:USDT,3807.6,56.148,3807.58,0.073,3807.61,78.001,3807.62,1.051
1753769635286,06:13:55.286,binanceusdm,ETH/USDT:USDT,3807.6,68.043,3807.58,0.073,3807.61,76.639,3807.62,1.051
1753769635488,06:13:55.488,binanceusdm,ETH/USDT:USDT,3807.6,67.732,3807.58,0.058,3807.61,74.171,3807.62,1.051
1753769635589,06:13:55.589,binanceusdm,ETH/USDT:USDT,3807.6,67.732,3807.58,0.058,3807.61,77.983,3807.62,1.051
1753769635694,06:13:55.694,binanceusdm,ETH/USDT:USDT,3807.6,80.29,3807.58,0.073,3807.61,77.983,3807.62,1.051
1753769635796,06:13:55.796,binanceusdm,ETH/USDT:USDT,3807.6,80.29,3807.58,0.073,3807.61,77.983,3807.62,1.051
1753769635899,06:13:55.899,binanceusdm,ETH/USDT:USDT,3807.6,80.135,3807.58,0.083,3807.61,77.983,3807.62,1.12
1753769636000,06:13:56.000,binanceusdm,ETH/USDT:USDT,3807.6,80.135,3807.58,0.083,3807.61,77.983,3807.62,1.12
1753769636101,06:13:56.101,binanceusdm,ETH/USDT:USDT,3807.87,235.208,3807.86,7.885,3807.88,12.467,3807.9,0.018
1753769636202,06:13:56.202,binanceusdm,ETH/USDT:USDT,3807.87,249.208,3807.86,7.885,3807.88,0.522,3807.9,0.018
1753769636808,06:13:56.808,binanceusdm,ETH/USDT:USDT,3808.33,204.88,3808.32,0.012,3808.34,32.0,3808.35,1.082
1753769636911,06:13:56.911,binanceusdm,ETH/USDT:USDT,3808.33,204.88,3808.32,0.012,3808.34,30.69,3808.35,1.082
1753769637014,06:13:57.014,binanceusdm,ETH/USDT:USDT,3808.33,204.891,3808.32,0.012,3808.34,30.69,3808.35,1.082
1753769637115,06:13:57.115,binanceusdm,ETH/USDT:USDT,3808.33,204.891,3808.32,0.012,3808.34,30.69,3808.35,1.11
1753769637217,06:13:57.217,binanceusdm,ETH/USDT:USDT,3808.33,204.891,3808.32,0.012,3808.34,31.049,3808.35,1.11
1753769637318,06:13:57.318,binanceusdm,ETH/USDT:USDT,3808.33,204.93,3808.32,0.012,3808.34,30.359,3808.35,1.11
1753769637420,06:13:57.420,binanceusdm,ETH/USDT:USDT,3808.33,205.904,3808.32,0.012,3808.34,20.032,3808.35,1.11
1753769637522,06:13:57.522,binanceusdm,ETH/USDT:USDT,3808.33,205.975,3808.32,0.012,3808.34,20.032,3808.35,1.11
1753769637728,06:13:57.728,binanceusdm,ETH/USDT:USDT,3808.33,206.07,3808.32,0.012,3808.34,28.31,3808.35,1.11
1753769637831,06:13:57.831,binanceusdm,ETH/USDT:USDT,3808.33,206.07,3808.32,0.012,3808.34,28.31,3808.35,1.11
1753769637941,06:13:57.941,binanceusdm,ETH/USDT:USDT,3808.33,204.357,3808.32,0.012,3808.34,28.31,3808.35,1.11
1753769638043,06:13:58.043,binanceusdm,ETH/USDT:USDT,3808.33,203.379,3808.32,0.012,3808.34,27.661,3808.35,1.11
1753769638146,06:13:58.146,binanceusdm,ETH/USDT:USDT,3808.33,203.392,3808.32,0.012,3808.34,27.667,3808.35,1.11
1753769638248,06:13:58.248,binanceusdm,ETH/USDT:USDT,3808.33,204.37,3808.32,0.012,3808.34,25.242,3808.35,1.11
1753769638350,06:13:58.350,binanceusdm,ETH/USDT:USDT,3808.33,204.299,3808.32,0.045,3808.34,28.669,3808.35,1.11
1753769638451,06:13:58.451,binanceusdm,ETH/USDT:USDT,3808.33,204.226,3808.32,0.045,3808.34,28.672,3808.35,1.11
1753769638552,06:13:58.552,binanceusdm,ETH/USDT:USDT,3808.33,204.268,3808.32,0.045,3808.34,28.672,3808.35,1.11
1753769638660,06:13:58.660,binanceusdm,ETH/USDT:USDT,3808.33,204.268,3808.32,0.045,3808.34,28.663,3808.35,1.11
1753769638763,06:13:58.763,binanceusdm,ETH/USDT:USDT,3808.33,204.268,3808.32,0.045,3808.34,28.688,3808.35,1.11
1753769638864,06:13:58.864,binanceusdm,ETH/USDT:USDT,3808.33,220.016,3808.32,0.045,3808.34,28.68,3808.35,1.11
1753769638965,06:13:58.965,binanceusdm,ETH/USDT:USDT,3808.33,213.728,3808.32,0.045,3808.34,28.688,3808.35,1.125
1753769639068,06:13:59.068,binanceusdm,ETH/USDT:USDT,3808.33,213.718,3808.32,0.045,3808.34,28.688,3808.35,1.125
1753769639170,06:13:59.170,binanceusdm,ETH/USDT:USDT,3808.33,213.527,3808.32,0.045,3808.34,28.711,3808.35,1.125
1753769639271,06:13:59.271,binanceusdm,ETH/USDT:USDT,3808.33,213.515,3808.32,0.045,3808.34,28.759,3808.35,1.125
1753769639372,06:13:59.372,binanceusdm,ETH/USDT:USDT,3808.33,213.521,3808.32,0.045,3808.34,28.861,3808.35,1.125
1753769639474,06:13:59.474,binanceusdm,ETH/USDT:USDT,3808.33,213.521,3808.32,0.045,3808.34,28.867,3808.35,1.125
1753769639576,06:13:59.576,binanceusdm,ETH/USDT:USDT,3808.33,213.393,3808.32,0.045,3808.34,28.829,3808.35,1.125
1753769639694,06:13:59.694,binanceusdm,ETH/USDT:USDT,3808.33,212.439,3808.32,0.045,3808.34,32.714,3808.35,1.125
1753769639796,06:13:59.796,binanceusdm,ETH/USDT:USDT,3808.33,83.555,3808.32,0.039,3808.34,58.81,3808.35,1.125
1753769639897,06:13:59.897,binanceusdm,ETH/USDT:USDT,3808.33,73.374,3808.32,0.039,3808.34,58.81,3808.35,1.125
1753769639998,06:13:59.998,binanceusdm,ETH/USDT:USDT,3808.33,19.595,3808.32,0.039,3808.34,58.81,3808.35,1.125
1753769640099,06:14:00.099,binanceusdm,ETH/USDT:USDT,3808.33,19.43,3808.32,0.039,3808.34,58.81,3808.35,1.136
1753769640200,06:14:00.200,binanceusdm,ETH/USDT:USDT,3808.33,27.796,3808.32,0.039,3808.34,58.903,3808.35,1.136
1753769640301,06:14:00.301,binanceusdm,ETH/USDT:USDT,3808.33,23.176,3808.32,0.039,3808.34,64.911,3808.35,1.136
1753769640403,06:14:00.403,binanceusdm,ETH/USDT:USDT,3808.33,22.176,3808.32,0.039,3808.34,65.26,3808.35,1.136
1753769640709,06:14:00.709,binanceusdm,ETH/USDT:USDT,3808.33,24.112,3808.32,0.039,3808.34,65.287,3808.35,1.136
