timestamp,time,exchange,symbol,bid1_price,bid1_volume,bid2_price,bid2_volume,ask1_price,ask1_volume,ask2_price,ask2_volume
1753769523713,06:12:03.713,bitmex,BTC/USDT:USDT,118839.2,35100.0,118835.8,6200.0,118839.3,6000.0,118842.9,10000.0
1753769524731,06:12:04.731,bitmex,BTC/USDT:USDT,118839.2,35100.0,118835.8,6200.0,118839.3,16000.0,118842.8,6200.0
1753769524780,06:12:04.780,bitmex,BTC/USDT:USDT,118839.2,25800.0,118835.8,6200.0,118839.3,16000.0,118842.8,6200.0
1753769524829,06:12:04.829,bitmex,BTC/USDT:USDT,118839.2,16500.0,118835.8,6200.0,118839.3,16000.0,118842.8,6200.0
1753769524878,06:12:04.878,bitmex,BTC/USDT:USDT,118839.2,16500.0,118835.8,6200.0,118839.3,16000.0,118842.8,6200.0
1753769525130,06:12:05.130,bitmex,BTC/USDT:USDT,118839.2,10300.0,118835.8,6200.0,118839.3,16000.0,118842.8,6200.0
1753769525179,06:12:05.179,bitmex,BTC/USDT:USDT,118839.2,10300.0,118835.8,6200.0,118839.3,16000.0,118842.8,6200.0
1753769525228,06:12:05.228,bitmex,BTC/USDT:USDT,118839.2,10300.0,118835.8,6200.0,118839.3,16000.0,118842.8,6200.0
1753769525277,06:12:05.277,bitmex,BTC/USDT:USDT,118839.2,10300.0,118835.8,6200.0,118839.3,16000.0,118842.8,6200.0
1753769525326,06:12:05.326,bitmex,BTC/USDT:USDT,118839.2,1900.0,118835.9,8400.0,118839.3,16000.0,118842.8,6200.0
1753769525375,06:12:05.375,bitmex,BTC/USDT:USDT,118839.2,187600.0,118835.9,8400.0,118839.3,16000.0,118842.8,6200.0
1753769525424,06:12:05.424,bitmex,BTC/USDT:USDT,118839.2,187600.0,118835.8,6200.0,118839.3,16000.0,118842.8,6200.0
1753769525473,06:12:05.473,bitmex,BTC/USDT:USDT,118839.2,34900.0,118835.8,6200.0,118839.3,16000.0,118842.8,6200.0
1753769526006,06:12:06.006,bitmex,BTC/USDT:USDT,118839.2,191600.0,118835.8,6200.0,118839.3,16000.0,118842.8,6200.0
1753769526056,06:12:06.056,bitmex,BTC/USDT:USDT,118839.2,191600.0,118835.8,6200.0,118839.3,16000.0,118842.8,6200.0
1753769526415,06:12:06.415,bitmex,BTC/USDT:USDT,118839.2,191600.0,118835.8,6200.0,118839.3,16000.0,118842.8,6200.0
1753769526465,06:12:06.465,bitmex,BTC/USDT:USDT,118839.2,191600.0,118835.8,6200.0,118839.3,16000.0,118842.8,6200.0
1753769526514,06:12:06.514,bitmex,BTC/USDT:USDT,118839.2,191600.0,118835.8,6200.0,118839.3,16000.0,118842.8,6200.0
1753769526563,06:12:06.563,bitmex,BTC/USDT:USDT,118839.2,191600.0,118835.8,6200.0,118839.3,6000.0,118842.8,6200.0
1753769526613,06:12:06.613,bitmex,BTC/USDT:USDT,118839.2,191600.0,118835.8,6200.0,118839.3,6000.0,118842.8,6200.0
1753769526662,06:12:06.662,bitmex,BTC/USDT:USDT,118839.2,191600.0,118835.8,6200.0,118839.3,6000.0,118842.8,6200.0
1753769526711,06:12:06.711,bitmex,BTC/USDT:USDT,118839.2,191600.0,118838.2,5100.0,118839.3,6000.0,118842.8,6200.0
1753769526760,06:12:06.760,bitmex,BTC/USDT:USDT,118839.2,191600.0,118838.3,6200.0,118839.3,6000.0,118842.8,6200.0
1753769527108,06:12:07.108,bitmex,BTC/USDT:USDT,118839.2,191600.0,118838.3,6200.0,118839.3,6000.0,118842.8,6200.0
1753769527158,06:12:07.158,bitmex,BTC/USDT:USDT,118839.2,191600.0,118838.3,6200.0,118839.3,6000.0,118842.8,6200.0
1753769527207,06:12:07.207,bitmex,BTC/USDT:USDT,118839.2,191600.0,118838.3,6200.0,118839.3,6000.0,118842.8,6200.0
1753769527256,06:12:07.256,bitmex,BTC/USDT:USDT,118839.2,191600.0,118838.3,6200.0,118839.3,6000.0,118842.8,6200.0
1753769527316,06:12:07.316,bitmex,BTC/USDT:USDT,118839.2,191600.0,118838.3,6200.0,118839.3,6000.0,118842.8,6200.0
1753769527366,06:12:07.366,bitmex,BTC/USDT:USDT,118839.2,191600.0,118838.3,6200.0,118839.3,6000.0,118842.8,6200.0
1753769527729,06:12:07.729,bitmex,BTC/USDT:USDT,118839.2,191600.0,118838.3,6200.0,118839.3,6000.0,118842.8,6200.0
1753769527778,06:12:07.778,bitmex,BTC/USDT:USDT,118839.2,191600.0,118838.3,6200.0,118839.3,6000.0,118842.8,6200.0
1753769528112,06:12:08.112,bitmex,BTC/USDT:USDT,118839.2,191600.0,118838.3,6200.0,118839.3,6000.0,118842.8,6200.0
1753769528161,06:12:08.161,bitmex,BTC/USDT:USDT,118839.2,191600.0,118838.3,6200.0,118839.3,6000.0,118842.8,6200.0
1753769528640,06:12:08.640,bitmex,BTC/USDT:USDT,118839.2,191600.0,118838.3,6200.0,118839.3,6000.0,118842.8,6200.0
1753769528689,06:12:08.689,bitmex,BTC/USDT:USDT,118839.2,191600.0,118838.3,6200.0,118839.3,6000.0,118842.8,6200.0
1753769528738,06:12:08.738,bitmex,BTC/USDT:USDT,118839.2,191600.0,118838.3,6200.0,118839.3,6000.0,118842.8,6200.0
1753769529126,06:12:09.126,bitmex,BTC/USDT:USDT,118839.2,191600.0,118838.3,6200.0,118839.3,6000.0,118842.8,6200.0
1753769530074,06:12:10.074,bitmex,BTC/USDT:USDT,118839.2,191600.0,118838.3,6200.0,118839.3,6000.0,118842.8,6200.0
1753769530124,06:12:10.124,bitmex,BTC/USDT:USDT,118839.2,191600.0,118838.3,6200.0,118839.3,6000.0,118842.8,6200.0
1753769530173,06:12:10.173,bitmex,BTC/USDT:USDT,118839.2,191600.0,118838.3,6200.0,118839.3,6000.0,118842.8,6200.0
1753769530299,06:12:10.299,bitmex,BTC/USDT:USDT,118839.2,191600.0,118838.3,6200.0,118839.3,6000.0,118842.8,6200.0
1753769530348,06:12:10.348,bitmex,BTC/USDT:USDT,118839.2,191600.0,118838.3,6200.0,118839.3,6000.0,118842.8,6200.0
1753769530397,06:12:10.397,bitmex,BTC/USDT:USDT,118839.2,191600.0,118838.3,6200.0,118839.3,6000.0,118842.8,6200.0
1753769530503,06:12:10.503,bitmex,BTC/USDT:USDT,118839.2,191600.0,118838.3,6200.0,118839.3,6000.0,118842.8,6200.0
1753769530565,06:12:10.565,bitmex,BTC/USDT:USDT,118839.2,191600.0,118838.3,6200.0,118839.3,6000.0,118842.8,6200.0
1753769530614,06:12:10.614,bitmex,BTC/USDT:USDT,118839.2,173000.0,118838.3,6200.0,118839.3,6000.0,118842.8,6200.0
1753769531436,06:12:11.436,bitmex,BTC/USDT:USDT,118864.2,11200.0,118861.6,9300.0,118864.3,448600.0,118868.9,49100.0
1753769531486,06:12:11.486,bitmex,BTC/USDT:USDT,118864.2,11200.0,118861.7,6200.0,118864.3,448600.0,118868.9,49100.0
1753769531535,06:12:11.535,bitmex,BTC/USDT:USDT,118864.2,18600.0,118861.7,6200.0,118864.3,448600.0,118868.9,49100.0
1753769531600,06:12:11.600,bitmex,BTC/USDT:USDT,118864.2,18600.0,118861.7,6200.0,118864.3,448600.0,118868.9,49100.0
1753769531650,06:12:11.650,bitmex,BTC/USDT:USDT,118864.2,20500.0,118861.7,6200.0,118864.3,448600.0,118868.9,49100.0
1753769531924,06:12:11.924,bitmex,BTC/USDT:USDT,118864.2,18600.0,118861.7,6200.0,118868.7,185500.0,118868.8,448600.0
1753769532022,06:12:12.022,bitmex,BTC/USDT:USDT,118864.2,18600.0,118861.7,6200.0,118868.7,185500.0,118868.8,448600.0
1753769532071,06:12:12.071,bitmex,BTC/USDT:USDT,118864.3,1900.0,118864.2,18600.0,118868.7,185500.0,118868.8,454800.0
1753769532120,06:12:12.120,bitmex,BTC/USDT:USDT,118864.3,1900.0,118864.2,18600.0,118868.7,185500.0,118868.8,454800.0
1753769532169,06:12:12.169,bitmex,BTC/USDT:USDT,118864.3,1900.0,118864.2,18600.0,118868.7,185500.0,118868.8,454800.0
1753769532218,06:12:12.218,bitmex,BTC/USDT:USDT,118864.3,1900.0,118864.2,18600.0,118868.7,185500.0,118868.8,454800.0
1753769532267,06:12:12.267,bitmex,BTC/USDT:USDT,118864.3,1900.0,118864.2,18600.0,118868.7,185500.0,118868.8,454800.0
1753769532316,06:12:12.316,bitmex,BTC/USDT:USDT,118864.3,1900.0,118864.2,18600.0,118868.7,185500.0,118868.8,454800.0
1753769532389,06:12:12.389,bitmex,BTC/USDT:USDT,118864.3,1900.0,118864.2,9300.0,118868.7,185500.0,118868.8,454800.0
1753769532439,06:12:12.439,bitmex,BTC/USDT:USDT,118861.7,6200.0,118861.1,6200.0,118868.7,185500.0,118868.8,454800.0
1753769532587,06:12:12.587,bitmex,BTC/USDT:USDT,118857.7,11200.0,118857.6,9300.0,118867.8,6200.0,118867.9,53900.0
1753769532636,06:12:12.636,bitmex,BTC/USDT:USDT,118858.1,11200.0,118858.0,9300.0,118867.8,6200.0,118867.9,53900.0
1753769532685,06:12:12.685,bitmex,BTC/USDT:USDT,118858.5,11200.0,118858.4,9300.0,118867.8,6200.0,118867.9,53900.0
1753769533637,06:12:13.637,bitmex,BTC/USDT:USDT,118862.3,11200.0,118862.2,9300.0,118867.1,6200.0,118867.8,6200.0
1753769533686,06:12:13.686,bitmex,BTC/USDT:USDT,118862.3,11200.0,118862.2,9300.0,118867.1,6200.0,118867.8,6200.0
1753769533749,06:12:13.749,bitmex,BTC/USDT:USDT,118862.3,11200.0,118862.2,9300.0,118867.1,6200.0,118867.8,6200.0
1753769533799,06:12:13.799,bitmex,BTC/USDT:USDT,118862.3,11200.0,118862.2,9300.0,118867.1,6200.0,118867.8,6200.0
1753769534005,06:12:14.005,bitmex,BTC/USDT:USDT,118862.3,11200.0,118862.2,9300.0,118867.1,6200.0,118867.8,6200.0
1753769534055,06:12:14.055,bitmex,BTC/USDT:USDT,118862.3,11200.0,118862.2,9300.0,118867.1,6200.0,118867.8,6200.0
1753769534104,06:12:14.104,bitmex,BTC/USDT:USDT,118862.3,11200.0,118862.2,9300.0,118867.1,6200.0,118867.8,6200.0
1753769534189,06:12:14.189,bitmex,BTC/USDT:USDT,118862.3,11200.0,118862.2,9300.0,118867.1,6200.0,118867.8,6200.0
1753769534238,06:12:14.238,bitmex,BTC/USDT:USDT,118862.3,11200.0,118862.2,9300.0,118867.1,6200.0,118867.8,6200.0
1753769534298,06:12:14.298,bitmex,BTC/USDT:USDT,118862.3,11200.0,118862.2,9300.0,118867.1,6200.0,118867.8,6200.0
1753769534347,06:12:14.347,bitmex,BTC/USDT:USDT,118862.5,11200.0,118862.4,9300.0,118867.1,6200.0,118867.8,6200.0
1753769534396,06:12:14.396,bitmex,BTC/USDT:USDT,118862.7,11200.0,118862.6,9300.0,118867.1,6200.0,118867.8,6200.0
1753769534445,06:12:14.445,bitmex,BTC/USDT:USDT,118862.7,11200.0,118862.6,9300.0,118867.1,6200.0,118867.8,6200.0
1753769535230,06:12:15.230,bitmex,BTC/USDT:USDT,118859.8,1900.0,118859.7,15500.0,118866.7,6200.0,118866.9,6200.0
1753769535279,06:12:15.279,bitmex,BTC/USDT:USDT,118860.2,1900.0,118860.1,9300.0,118866.7,6200.0,118866.9,6200.0
1753769535328,06:12:15.328,bitmex,BTC/USDT:USDT,118860.6,11200.0,118860.5,9300.0,118866.7,6200.0,118866.9,6200.0
1753769535377,06:12:15.377,bitmex,BTC/USDT:USDT,118861.1,9300.0,118861.0,11200.0,118866.7,6200.0,118866.9,6200.0
1753769535426,06:12:15.426,bitmex,BTC/USDT:USDT,118861.4,1900.0,118861.3,18600.0,118866.5,6200.0,118866.7,6200.0
1753769535475,06:12:15.475,bitmex,BTC/USDT:USDT,118861.5,24800.0,118859.7,6200.0,118866.5,6200.0,118866.7,6200.0
1753769535524,06:12:15.524,bitmex,BTC/USDT:USDT,118861.8,11200.0,118861.7,9300.0,118866.5,6200.0,118866.7,6200.0
1753769535573,06:12:15.573,bitmex,BTC/USDT:USDT,118862.2,1900.0,118862.1,9300.0,118866.5,6200.0,118866.7,6200.0
1753769535818,06:12:15.818,bitmex,BTC/USDT:USDT,118861.5,6200.0,118859.7,6200.0,118866.5,6200.0,118866.7,6200.0
1753769535818,06:12:15.818,bitmex,BTC/USDT:USDT,118862.8,9300.0,118862.7,11200.0,118866.5,6200.0,118866.7,6200.0
1753769535867,06:12:15.867,bitmex,BTC/USDT:USDT,118863.1,9300.0,118863.0,9300.0,118866.5,6200.0,118866.7,6200.0
1753769535916,06:12:15.916,bitmex,BTC/USDT:USDT,118866.4,1900.0,118863.4,1900.0,118866.5,6200.0,118866.7,6200.0
1753769535965,06:12:15.965,bitmex,BTC/USDT:USDT,118863.6,1900.0,118863.5,18600.0,118866.5,6200.0,118866.7,6200.0
1753769536014,06:12:16.014,bitmex,BTC/USDT:USDT,118863.6,1900.0,118863.5,18600.0,118866.5,6200.0,118866.7,6200.0
1753769536063,06:12:16.063,bitmex,BTC/USDT:USDT,118863.7,18600.0,118861.5,6200.0,118866.5,6200.0,118866.7,6200.0
1753769536112,06:12:16.112,bitmex,BTC/USDT:USDT,118863.7,18600.0,118861.5,6200.0,118866.5,6200.0,118866.7,6200.0
1753769536195,06:12:16.195,bitmex,BTC/USDT:USDT,118863.8,1900.0,118863.7,18600.0,118866.5,6200.0,118866.7,6200.0
1753769536244,06:12:16.244,bitmex,BTC/USDT:USDT,118863.7,18600.0,118861.5,6200.0,118866.5,6200.0,118866.7,6200.0
1753769536381,06:12:16.381,bitmex,BTC/USDT:USDT,118863.7,18600.0,118861.5,6200.0,118866.5,6200.0,118866.7,6200.0
1753769536430,06:12:16.430,bitmex,BTC/USDT:USDT,118863.8,1900.0,118863.7,18600.0,118866.5,6200.0,118866.7,6200.0
1753769536479,06:12:16.479,bitmex,BTC/USDT:USDT,118866.4,1900.0,118863.7,9300.0,118866.5,6200.0,118866.7,6200.0
1753769536528,06:12:16.528,bitmex,BTC/USDT:USDT,118866.4,1900.0,118864.1,9300.0,118866.5,6200.0,118866.7,6200.0
1753769536577,06:12:16.577,bitmex,BTC/USDT:USDT,118864.1,9300.0,118863.7,9300.0,118866.5,6200.0,118866.7,6200.0
1753769536626,06:12:16.626,bitmex,BTC/USDT:USDT,118864.2,1900.0,118864.1,9300.0,118866.5,6200.0,118866.7,6200.0
1753769536759,06:12:16.759,bitmex,BTC/USDT:USDT,118864.2,1900.0,118864.1,9300.0,118866.5,5000.0,118866.7,6200.0
1753769536809,06:12:16.809,bitmex,BTC/USDT:USDT,118864.5,1900.0,118864.4,9300.0,118866.5,5000.0,118866.7,6200.0
1753769536858,06:12:16.858,bitmex,BTC/USDT:USDT,118866.4,20500.0,118864.4,6200.0,118866.5,5000.0,118866.7,6200.0
1753769536907,06:12:16.907,bitmex,BTC/USDT:USDT,118866.4,18600.0,118864.4,6200.0,118866.5,5000.0,118866.7,6200.0
1753769537995,06:12:17.995,bitmex,BTC/USDT:USDT,118877.2,22800.0,118877.0,6200.0,118877.3,6000.0,118878.3,12000.0
1753769538093,06:12:18.093,bitmex,BTC/USDT:USDT,118877.2,43300.0,118877.0,6200.0,118877.3,6000.0,118878.3,12000.0
1753769538093,06:12:18.093,bitmex,BTC/USDT:USDT,118877.2,43300.0,118877.0,6200.0,118877.3,6000.0,118878.3,12000.0
1753769538142,06:12:18.142,bitmex,BTC/USDT:USDT,118877.2,43300.0,118877.0,6200.0,118877.3,6000.0,118878.3,12000.0
1753769538191,06:12:18.191,bitmex,BTC/USDT:USDT,118877.2,43300.0,118877.0,6200.0,118877.3,6000.0,118878.3,12000.0
1753769538254,06:12:18.254,bitmex,BTC/USDT:USDT,118877.2,43300.0,118877.0,6200.0,118877.3,6000.0,118878.3,12000.0
1753769538303,06:12:18.303,bitmex,BTC/USDT:USDT,118877.2,43300.0,118877.0,6200.0,118877.3,6000.0,118878.3,12000.0
1753769538371,06:12:18.371,bitmex,BTC/USDT:USDT,118877.2,43300.0,118877.0,6200.0,118877.3,6000.0,118878.3,12000.0
1753769538666,06:12:18.666,bitmex,BTC/USDT:USDT,118877.2,43300.0,118877.0,6200.0,118877.3,6000.0,118878.3,12000.0
1753769538715,06:12:18.715,bitmex,BTC/USDT:USDT,118877.2,43300.0,118877.0,6200.0,118877.3,6000.0,118878.3,12000.0
1753769538960,06:12:18.960,bitmex,BTC/USDT:USDT,118871.4,28900.0,118871.3,6200.0,118876.8,54400.0,118877.3,6000.0
1753769539206,06:12:19.206,bitmex,BTC/USDT:USDT,118877.2,1900.0,118871.9,9300.0,118877.3,6000.0,118878.3,12000.0
1753769539353,06:12:19.353,bitmex,BTC/USDT:USDT,118877.2,1900.0,118871.6,14600.0,118877.3,6000.0,118878.3,12000.0
1753769539402,06:12:19.402,bitmex,BTC/USDT:USDT,118877.2,20500.0,118871.6,14600.0,118877.3,6000.0,118878.3,12000.0
1753769540521,06:12:20.521,bitmex,BTC/USDT:USDT,118877.2,35100.0,118871.6,6200.0,118877.3,6000.0,118878.3,12000.0
1753769540570,06:12:20.570,bitmex,BTC/USDT:USDT,118877.2,35100.0,118871.6,6200.0,118877.3,6000.0,118878.3,12000.0
1753769540936,06:12:20.936,bitmex,BTC/USDT:USDT,118877.2,35100.0,118871.6,6200.0,118877.3,6000.0,118878.3,12000.0
1753769540985,06:12:20.985,bitmex,BTC/USDT:USDT,118877.2,35100.0,118871.6,6200.0,118877.3,6000.0,118878.3,12000.0
1753769541034,06:12:21.034,bitmex,BTC/USDT:USDT,118877.2,35100.0,118871.6,6200.0,118877.3,6000.0,118878.3,12000.0
1753769541118,06:12:21.118,bitmex,BTC/USDT:USDT,118877.2,35100.0,118871.6,6200.0,118877.3,6000.0,118878.3,12000.0
1753769541168,06:12:21.168,bitmex,BTC/USDT:USDT,118877.2,35100.0,118871.6,6200.0,118877.3,6000.0,118878.3,12000.0
1753769541227,06:12:21.227,bitmex,BTC/USDT:USDT,118877.2,35100.0,118871.6,6200.0,118877.3,6000.0,118878.3,12000.0
1753769541276,06:12:21.276,bitmex,BTC/USDT:USDT,118877.2,35100.0,118871.6,6200.0,118877.3,6000.0,118878.3,12000.0
1753769541325,06:12:21.325,bitmex,BTC/USDT:USDT,118877.2,35100.0,118871.6,6200.0,118877.3,6000.0,118878.3,12000.0
1753769541374,06:12:21.374,bitmex,BTC/USDT:USDT,118877.2,35100.0,118871.6,6200.0,118877.3,6000.0,118878.3,12000.0
1753769541423,06:12:21.423,bitmex,BTC/USDT:USDT,118877.2,35100.0,118871.6,6200.0,118877.3,6000.0,118878.3,12000.0
1753769541489,06:12:21.489,bitmex,BTC/USDT:USDT,118877.2,35100.0,118871.6,6200.0,118877.3,6000.0,118878.3,12000.0
1753769541539,06:12:21.539,bitmex,BTC/USDT:USDT,118877.2,35100.0,118871.6,6200.0,118877.3,6000.0,118878.3,12000.0
1753769541588,06:12:21.588,bitmex,BTC/USDT:USDT,118877.2,35100.0,118871.6,6200.0,118877.3,6000.0,118878.3,12000.0
1753769541698,06:12:21.698,bitmex,BTC/USDT:USDT,118877.2,26700.0,118871.8,6200.0,118877.3,6000.0,118878.3,12000.0
1753769541796,06:12:21.796,bitmex,BTC/USDT:USDT,118877.2,26700.0,118871.8,6200.0,118877.3,6000.0,118878.3,12000.0
1753769541911,06:12:21.911,bitmex,BTC/USDT:USDT,118877.2,26700.0,118871.8,6200.0,118877.3,6000.0,118878.3,12000.0
1753769541960,06:12:21.960,bitmex,BTC/USDT:USDT,118877.2,26700.0,118871.8,6200.0,118877.3,6000.0,118878.3,12000.0
1753769542633,06:12:22.633,bitmex,BTC/USDT:USDT,118871.0,140000.0,118866.7,8400.0,118875.6,54400.0,118877.2,54400.0
1753769542683,06:12:22.683,bitmex,BTC/USDT:USDT,118871.0,140000.0,118866.7,8400.0,118875.5,39600.0,118875.6,54400.0
1753769542781,06:12:22.781,bitmex,BTC/USDT:USDT,118871.0,140000.0,118866.7,8400.0,118875.5,39600.0,118875.6,54400.0
1753769542830,06:12:22.830,bitmex,BTC/USDT:USDT,118871.0,140000.0,118866.7,8400.0,118875.5,39600.0,118875.6,54400.0
1753769542957,06:12:22.957,bitmex,BTC/USDT:USDT,118871.0,140000.0,118866.7,8400.0,118875.5,39600.0,118875.6,54400.0
1753769543006,06:12:23.006,bitmex,BTC/USDT:USDT,118871.0,140000.0,118866.7,8400.0,118877.3,6000.0,118878.3,12000.0
1753769543056,06:12:23.056,bitmex,BTC/USDT:USDT,118871.1,1900.0,118871.0,140000.0,118877.3,6000.0,118878.3,12000.0
1753769543219,06:12:23.219,bitmex,BTC/USDT:USDT,118877.2,1900.0,118871.7,9300.0,118877.3,6000.0,118878.3,12000.0
1753769543268,06:12:23.268,bitmex,BTC/USDT:USDT,118872.0,9300.0,118871.8,9300.0,118877.3,6000.0,118878.3,12000.0
1753769543317,06:12:23.317,bitmex,BTC/USDT:USDT,118872.3,1900.0,118872.2,18600.0,118877.3,6000.0,118878.3,12000.0
1753769543366,06:12:23.366,bitmex,BTC/USDT:USDT,118872.3,20500.0,118871.7,6200.0,118877.3,6000.0,118878.3,12000.0
1753769543850,06:12:23.850,bitmex,BTC/USDT:USDT,118872.3,20500.0,118871.7,6200.0,118877.3,6000.0,118878.3,12000.0
1753769543899,06:12:23.899,bitmex,BTC/USDT:USDT,118872.3,20500.0,118871.7,6200.0,118877.3,6000.0,118878.3,12000.0
1753769544007,06:12:24.007,bitmex,BTC/USDT:USDT,118872.3,20500.0,118871.7,6200.0,118877.3,6000.0,118878.3,12000.0
1753769544057,06:12:24.057,bitmex,BTC/USDT:USDT,118872.3,20500.0,118871.7,6200.0,118877.3,6000.0,118878.3,12000.0
1753769544623,06:12:24.623,bitmex,BTC/USDT:USDT,118872.3,20500.0,118871.7,6200.0,118877.3,6000.0,118878.3,12000.0
1753769544675,06:12:24.675,bitmex,BTC/USDT:USDT,118872.3,20500.0,118871.7,6200.0,118877.3,6000.0,118878.3,12000.0
1753769544764,06:12:24.764,bitmex,BTC/USDT:USDT,118872.3,20500.0,118871.7,6200.0,118877.3,6000.0,118878.3,12000.0
1753769544814,06:12:24.814,bitmex,BTC/USDT:USDT,118872.3,20500.0,118871.7,6200.0,118877.3,6000.0,118878.3,12000.0
1753769544863,06:12:24.863,bitmex,BTC/USDT:USDT,118872.3,20500.0,118871.7,6200.0,118877.3,6000.0,118878.3,12000.0
1753769545001,06:12:25.001,bitmex,BTC/USDT:USDT,118872.3,20500.0,118871.7,6200.0,118877.3,6000.0,118878.3,12000.0
1753769545050,06:12:25.050,bitmex,BTC/USDT:USDT,118872.3,20500.0,118871.7,6200.0,118877.3,6000.0,118878.3,12000.0
1753769545099,06:12:25.099,bitmex,BTC/USDT:USDT,118872.3,20500.0,118871.7,6200.0,118877.3,6000.0,118878.3,12000.0
1753769545305,06:12:25.305,bitmex,BTC/USDT:USDT,118872.3,20500.0,118871.7,6200.0,118877.3,6000.0,118878.3,12000.0
1753769545355,06:12:25.355,bitmex,BTC/USDT:USDT,118872.3,20500.0,118871.7,6200.0,118877.3,6000.0,118878.3,12000.0
1753769545561,06:12:25.561,bitmex,BTC/USDT:USDT,118872.3,20500.0,118871.7,6200.0,118877.3,6000.0,118878.3,12000.0
1753769545610,06:12:25.610,bitmex,BTC/USDT:USDT,118872.3,20500.0,118871.7,6200.0,118877.3,6000.0,118878.3,12000.0
1753769545659,06:12:25.659,bitmex,BTC/USDT:USDT,118872.3,20500.0,118871.7,6200.0,118877.3,6000.0,118878.3,12000.0
1753769545797,06:12:25.797,bitmex,BTC/USDT:USDT,118872.3,20500.0,118871.7,6200.0,118877.3,6000.0,118878.3,12000.0
1753769545847,06:12:25.847,bitmex,BTC/USDT:USDT,118872.3,20500.0,118871.7,6200.0,118877.3,6000.0,118878.3,12000.0
1753769545896,06:12:25.896,bitmex,BTC/USDT:USDT,118872.3,20500.0,118871.7,6200.0,118877.3,6000.0,118878.3,12000.0
1753769546391,06:12:26.391,bitmex,BTC/USDT:USDT,118869.2,8400.0,118869.0,140000.0,118877.3,6000.0,118878.3,12000.0
1753769546749,06:12:26.749,bitmex,BTC/USDT:USDT,118869.2,8400.0,118869.0,140000.0,118872.7,54400.0,118872.8,134500.0
1753769546799,06:12:26.799,bitmex,BTC/USDT:USDT,118869.2,8400.0,118869.0,140000.0,118872.7,54400.0,118872.8,134500.0
1753769546848,06:12:26.848,bitmex,BTC/USDT:USDT,118869.2,8400.0,118869.0,140000.0,118872.7,54400.0,118872.8,134500.0
1753769546897,06:12:26.897,bitmex,BTC/USDT:USDT,118869.2,8400.0,118869.0,140000.0,118872.7,54400.0,118872.8,134500.0
1753769547178,06:12:27.178,bitmex,BTC/USDT:USDT,118869.2,8400.0,118869.0,140000.0,118872.7,54400.0,118872.8,134500.0
1753769547430,06:12:27.430,bitmex,BTC/USDT:USDT,118872.7,1900.0,118869.8,1900.0,118872.8,134500.0,118872.9,448400.0
1753769547479,06:12:27.479,bitmex,BTC/USDT:USDT,118869.7,17700.0,118869.0,140000.0,118872.8,134500.0,118872.9,448400.0
1753769547676,06:12:27.676,bitmex,BTC/USDT:USDT,118870.0,1900.0,118869.0,140000.0,118872.8,134500.0,118872.9,448400.0
1753769547725,06:12:27.725,bitmex,BTC/USDT:USDT,118869.2,1900.0,118869.0,140000.0,118872.8,134500.0,118872.9,448400.0
1753769547872,06:12:27.872,bitmex,BTC/USDT:USDT,118872.8,1900.0,118869.2,14600.0,118872.9,448400.0,118877.3,6000.0
1753769548313,06:12:28.313,bitmex,BTC/USDT:USDT,118871.0,9300.0,118870.8,9300.0,118875.9,55100.0,118876.2,156500.0
1753769548411,06:12:28.411,bitmex,BTC/USDT:USDT,118871.1,1900.0,118871.0,9300.0,118875.9,55100.0,118876.2,156500.0
1753769548460,06:12:28.460,bitmex,BTC/USDT:USDT,118869.6,6200.0,118869.4,6200.0,118875.9,55100.0,118876.2,156500.0
1753769548509,06:12:28.509,bitmex,BTC/USDT:USDT,118869.7,10300.0,118869.6,6200.0,118875.9,55100.0,118876.2,156500.0
1753769549010,06:12:29.010,bitmex,BTC/USDT:USDT,118869.7,10300.0,118869.6,6200.0,118875.9,55100.0,118876.2,156500.0
1753769549060,06:12:29.060,bitmex,BTC/USDT:USDT,118869.7,10300.0,118869.6,6200.0,118875.9,55100.0,118876.2,156500.0
1753769549687,06:12:29.687,bitmex,BTC/USDT:USDT,118866.0,140000.0,118854.2,6200.0,118866.1,55100.0,118869.8,5100.0
1753769550089,06:12:30.089,bitmex,BTC/USDT:USDT,118866.0,140000.0,118854.2,6200.0,118866.1,55100.0,118869.8,5100.0
1753769550346,06:12:30.346,bitmex,BTC/USDT:USDT,118866.0,140000.0,118854.2,6200.0,118866.1,55100.0,118869.8,5100.0
1753769550824,06:12:30.824,bitmex,BTC/USDT:USDT,118866.0,140000.0,118854.2,6200.0,118866.1,55100.0,118869.8,5100.0
1753769553044,06:12:33.044,bitmex,BTC/USDT:USDT,118877.2,49500.0,118869.0,6200.0,118877.3,6000.0,118878.3,12000.0
1753769553434,06:12:33.434,bitmex,BTC/USDT:USDT,118877.2,49500.0,118869.0,6200.0,118877.3,6000.0,118878.3,12000.0
1753769553945,06:12:33.945,bitmex,BTC/USDT:USDT,118877.2,49500.0,118869.0,6200.0,118877.3,6000.0,118878.3,12000.0
1753769554005,06:12:34.005,bitmex,BTC/USDT:USDT,118877.2,49500.0,118869.0,6200.0,118877.3,6000.0,118878.3,12000.0
1753769554078,06:12:34.078,bitmex,BTC/USDT:USDT,118877.2,49500.0,118869.0,6200.0,118877.3,6000.0,118878.3,12000.0
1753769554128,06:12:34.128,bitmex,BTC/USDT:USDT,118877.2,49500.0,118869.0,6200.0,118877.3,6000.0,118878.3,12000.0
1753769554276,06:12:34.276,bitmex,BTC/USDT:USDT,118877.2,49500.0,118869.0,6200.0,118877.3,6000.0,118878.3,12000.0
1753769554857,06:12:34.857,bitmex,BTC/USDT:USDT,118877.2,49500.0,118869.0,6200.0,118877.3,6000.0,118878.3,12000.0
1753769554907,06:12:34.907,bitmex,BTC/USDT:USDT,118877.2,49500.0,118869.0,6200.0,118877.3,6000.0,118878.3,12000.0
1753769555134,06:12:35.134,bitmex,BTC/USDT:USDT,118877.2,49500.0,118869.0,6200.0,118877.3,6000.0,118878.3,12000.0
1753769555183,06:12:35.183,bitmex,BTC/USDT:USDT,118877.2,49500.0,118869.0,6200.0,118877.3,6000.0,118878.3,12000.0
1753769555318,06:12:35.318,bitmex,BTC/USDT:USDT,118877.2,35100.0,118869.0,6200.0,118877.3,6000.0,118878.3,12000.0
1753769555367,06:12:35.367,bitmex,BTC/USDT:USDT,118877.2,35100.0,118871.1,51900.0,118877.3,6000.0,118878.3,12000.0
1753769555880,06:12:35.880,bitmex,BTC/USDT:USDT,118877.2,35100.0,118871.1,51900.0,118877.3,6000.0,118878.3,12000.0
1753769555929,06:12:35.929,bitmex,BTC/USDT:USDT,118877.2,35100.0,118871.1,51900.0,118877.3,6000.0,118878.3,12000.0
1753769556001,06:12:36.001,bitmex,BTC/USDT:USDT,118877.2,35100.0,118871.1,51900.0,118877.3,6000.0,118878.3,12000.0
1753769556051,06:12:36.051,bitmex,BTC/USDT:USDT,118877.2,35100.0,118871.1,51900.0,118877.3,6000.0,118878.3,12000.0
1753769556100,06:12:36.100,bitmex,BTC/USDT:USDT,118877.2,35100.0,118871.1,51900.0,118877.3,6000.0,118878.3,12000.0
1753769556149,06:12:36.149,bitmex,BTC/USDT:USDT,118877.2,35100.0,118871.1,51900.0,118877.3,6000.0,118878.3,12000.0
1753769556235,06:12:36.235,bitmex,BTC/USDT:USDT,118877.2,35100.0,118871.1,51900.0,118877.3,6000.0,118878.3,12000.0
1753769557821,06:12:37.821,bitmex,BTC/USDT:USDT,118877.2,35100.0,118871.1,51900.0,118877.3,6000.0,118878.3,12000.0
1753769557987,06:12:37.987,bitmex,BTC/USDT:USDT,118877.2,35100.0,118871.1,51900.0,118877.3,6000.0,118878.3,12000.0
1753769558037,06:12:38.037,bitmex,BTC/USDT:USDT,118877.2,35100.0,118871.1,51900.0,118877.3,6000.0,118878.3,12000.0
1753769558194,06:12:38.194,bitmex,BTC/USDT:USDT,118877.2,35100.0,118871.1,51900.0,118877.3,6000.0,118878.3,12000.0
1753769558243,06:12:38.243,bitmex,BTC/USDT:USDT,118877.2,35100.0,118871.1,51900.0,118877.3,6000.0,118878.3,12000.0
1753769558547,06:12:38.547,bitmex,BTC/USDT:USDT,118877.2,35100.0,118871.1,51900.0,118877.3,6000.0,118878.3,12000.0
1753769558596,06:12:38.596,bitmex,BTC/USDT:USDT,118877.2,35100.0,118871.1,51900.0,118877.3,6000.0,118878.3,12000.0
1753769559254,06:12:39.254,bitmex,BTC/USDT:USDT,118877.2,35100.0,118871.1,51900.0,118877.3,6000.0,118878.3,12000.0
1753769559304,06:12:39.304,bitmex,BTC/USDT:USDT,118877.2,35100.0,118871.1,51900.0,118877.3,6000.0,118878.3,12000.0
1753769559366,06:12:39.366,bitmex,BTC/USDT:USDT,118877.2,35100.0,118871.1,51900.0,118877.3,6000.0,118878.3,12000.0
1753769559416,06:12:39.416,bitmex,BTC/USDT:USDT,118877.2,35100.0,118871.1,6200.0,118877.3,6000.0,118878.3,12000.0
1753769559465,06:12:39.465,bitmex,BTC/USDT:USDT,118877.2,35100.0,118871.1,50100.0,118877.3,6000.0,118878.3,12000.0
1753769559514,06:12:39.514,bitmex,BTC/USDT:USDT,118877.2,35100.0,118871.1,50100.0,118877.3,6000.0,118878.3,12000.0
1753769559563,06:12:39.563,bitmex,BTC/USDT:USDT,118877.2,35100.0,118871.1,50100.0,118877.3,6000.0,118878.3,12000.0
1753769559709,06:12:39.709,bitmex,BTC/USDT:USDT,118877.2,35100.0,118871.1,50100.0,118877.3,6000.0,118878.3,12000.0
1753769559776,06:12:39.776,bitmex,BTC/USDT:USDT,118877.2,35100.0,118871.1,50100.0,118877.3,6000.0,118878.3,12000.0
1753769559825,06:12:39.825,bitmex,BTC/USDT:USDT,118877.2,35100.0,118871.1,50100.0,118877.3,6000.0,118878.3,12000.0
1753769559874,06:12:39.874,bitmex,BTC/USDT:USDT,118877.2,35100.0,118871.1,50100.0,118877.3,6000.0,118878.3,12000.0
1753769560157,06:12:40.157,bitmex,BTC/USDT:USDT,118877.2,35100.0,118871.1,50100.0,118877.3,6000.0,118878.3,12000.0
1753769560207,06:12:40.207,bitmex,BTC/USDT:USDT,118877.2,35100.0,118871.1,50100.0,118877.3,6000.0,118878.3,12000.0
1753769560383,06:12:40.383,bitmex,BTC/USDT:USDT,118877.2,35100.0,118871.1,50100.0,118877.3,6000.0,118878.3,12000.0
1753769560432,06:12:40.432,bitmex,BTC/USDT:USDT,118877.2,35100.0,118871.1,50100.0,118877.3,6000.0,118878.3,12000.0
1753769560778,06:12:40.778,bitmex,BTC/USDT:USDT,118877.2,35100.0,118871.1,50100.0,118877.3,6000.0,118878.3,12000.0
1753769560827,06:12:40.827,bitmex,BTC/USDT:USDT,118877.2,35100.0,118871.1,50100.0,118877.3,6000.0,118878.3,12000.0
1753769560990,06:12:40.990,bitmex,BTC/USDT:USDT,118877.2,35100.0,118871.1,50100.0,118877.3,6000.0,118878.3,12000.0
1753769561040,06:12:41.040,bitmex,BTC/USDT:USDT,118877.2,35100.0,118871.1,50100.0,118877.3,6000.0,118878.3,12000.0
1753769561148,06:12:41.148,bitmex,BTC/USDT:USDT,118877.2,35100.0,118871.1,50100.0,118877.3,6000.0,118878.3,12000.0
1753769561197,06:12:41.197,bitmex,BTC/USDT:USDT,118877.2,35100.0,118871.1,50100.0,118877.3,6000.0,118878.3,12000.0
1753769561263,06:12:41.263,bitmex,BTC/USDT:USDT,118877.2,35100.0,118871.1,50100.0,118877.3,6000.0,118878.3,12000.0
1753769561313,06:12:41.313,bitmex,BTC/USDT:USDT,118877.2,35100.0,118871.1,50100.0,118877.3,6000.0,118878.3,12000.0
1753769561463,06:12:41.463,bitmex,BTC/USDT:USDT,118877.2,35100.0,118871.1,50100.0,118877.3,6000.0,118878.3,12000.0
1753769561630,06:12:41.630,bitmex,BTC/USDT:USDT,118877.2,35100.0,118871.1,50100.0,118877.3,6000.0,118878.3,12000.0
1753769561680,06:12:41.680,bitmex,BTC/USDT:USDT,118877.2,35100.0,118871.1,50100.0,118877.3,6000.0,118878.3,12000.0
1753769561729,06:12:41.729,bitmex,BTC/USDT:USDT,118877.2,35100.0,118871.1,50100.0,118877.3,6000.0,118878.3,12000.0
1753769561778,06:12:41.778,bitmex,BTC/USDT:USDT,118877.2,35100.0,118871.1,50100.0,118877.3,6000.0,118878.3,12000.0
1753769561827,06:12:41.827,bitmex,BTC/USDT:USDT,118877.2,35100.0,118871.1,50100.0,118877.3,6000.0,118878.3,12000.0
1753769561876,06:12:41.876,bitmex,BTC/USDT:USDT,118877.2,35100.0,118871.1,50100.0,118877.3,6000.0,118878.3,12000.0
1753769561977,06:12:41.977,bitmex,BTC/USDT:USDT,118877.2,35100.0,118871.1,50100.0,118877.3,6000.0,118878.3,12000.0
1753769562027,06:12:42.027,bitmex,BTC/USDT:USDT,118877.2,35100.0,118871.1,50100.0,118877.3,6000.0,118878.3,12000.0
1753769562144,06:12:42.144,bitmex,BTC/USDT:USDT,118877.2,35100.0,118871.1,50100.0,118877.3,6000.0,118878.3,12000.0
1753769562194,06:12:42.194,bitmex,BTC/USDT:USDT,118877.2,35100.0,118871.1,50100.0,118877.3,6000.0,118878.3,12000.0
1753769562335,06:12:42.335,bitmex,BTC/USDT:USDT,118877.2,35100.0,118871.2,149500.0,118877.3,6000.0,118878.3,12000.0
1753769562385,06:12:42.385,bitmex,BTC/USDT:USDT,118877.2,35100.0,118871.3,99200.0,118877.3,6000.0,118878.3,12000.0
1753769562488,06:12:42.488,bitmex,BTC/USDT:USDT,118877.2,35100.0,118871.3,99200.0,118877.3,6000.0,118878.3,12000.0
1753769562538,06:12:42.538,bitmex,BTC/USDT:USDT,118877.2,35100.0,118871.3,99200.0,118877.3,6000.0,118878.3,12000.0
1753769562587,06:12:42.587,bitmex,BTC/USDT:USDT,118877.2,35100.0,118871.3,99200.0,118877.3,6000.0,118878.3,12000.0
1753769562638,06:12:42.638,bitmex,BTC/USDT:USDT,118877.2,35100.0,118871.3,99200.0,118877.3,6000.0,118878.3,12000.0
1753769562688,06:12:42.688,bitmex,BTC/USDT:USDT,118877.2,35100.0,118871.3,99200.0,118877.3,6000.0,118878.3,12000.0
1753769562890,06:12:42.890,bitmex,BTC/USDT:USDT,118877.2,35100.0,118871.3,99200.0,118877.3,6000.0,118878.3,12000.0
1753769562939,06:12:42.939,bitmex,BTC/USDT:USDT,118877.2,35100.0,118871.3,99200.0,118877.3,6000.0,118878.3,12000.0
1753769562988,06:12:42.988,bitmex,BTC/USDT:USDT,118877.2,35100.0,118871.5,6200.0,118877.3,6000.0,118878.3,12000.0
1753769563037,06:12:43.037,bitmex,BTC/USDT:USDT,118877.2,35100.0,118871.5,6200.0,118877.3,6000.0,118878.3,12000.0
1753769563286,06:12:43.286,bitmex,BTC/USDT:USDT,118877.2,35100.0,118871.6,10000.0,118877.3,6000.0,118878.3,12000.0
1753769563335,06:12:43.335,bitmex,BTC/USDT:USDT,118877.2,35100.0,118871.7,6200.0,118877.3,6000.0,118878.3,12000.0
1753769563384,06:12:43.384,bitmex,BTC/USDT:USDT,118877.2,35100.0,118871.7,6200.0,118877.3,6000.0,118878.3,12000.0
1753769563496,06:12:43.496,bitmex,BTC/USDT:USDT,118877.2,35100.0,118871.7,6200.0,118877.3,6000.0,118878.3,12000.0
1753769563545,06:12:43.545,bitmex,BTC/USDT:USDT,118877.2,35100.0,118871.7,6200.0,118877.3,6000.0,118878.3,12000.0
1753769563594,06:12:43.594,bitmex,BTC/USDT:USDT,118877.2,35100.0,118871.7,6200.0,118877.3,6000.0,118878.3,12000.0
1753769563698,06:12:43.698,bitmex,BTC/USDT:USDT,118877.2,35100.0,118871.7,6200.0,118877.3,6000.0,118878.3,12000.0
1753769563803,06:12:43.803,bitmex,BTC/USDT:USDT,118877.2,35100.0,118871.7,6200.0,118877.3,6000.0,118878.3,12000.0
1753769563852,06:12:43.852,bitmex,BTC/USDT:USDT,118877.2,35100.0,118871.9,6200.0,118877.3,6000.0,118878.3,12000.0
1753769563978,06:12:43.978,bitmex,BTC/USDT:USDT,118877.2,35100.0,118871.9,6200.0,118877.3,6000.0,118878.3,12000.0
1753769564027,06:12:44.027,bitmex,BTC/USDT:USDT,118877.2,35100.0,118871.9,6200.0,118877.3,6000.0,118878.3,12000.0
1753769564134,06:12:44.134,bitmex,BTC/USDT:USDT,118877.2,35100.0,118871.9,6200.0,118877.3,6000.0,118878.3,12000.0
1753769564249,06:12:44.249,bitmex,BTC/USDT:USDT,118877.2,35100.0,118871.9,6200.0,118877.3,6000.0,118878.3,12000.0
1753769564298,06:12:44.298,bitmex,BTC/USDT:USDT,118877.2,35100.0,118872.1,6200.0,118877.3,6000.0,118878.3,12000.0
1753769564531,06:12:44.531,bitmex,BTC/USDT:USDT,118877.2,35100.0,118872.1,6200.0,118877.3,6000.0,118878.3,12000.0
1753769564629,06:12:44.629,bitmex,BTC/USDT:USDT,118877.2,35100.0,118872.1,6200.0,118877.3,6000.0,118878.3,12000.0
1753769565021,06:12:45.021,bitmex,BTC/USDT:USDT,118877.2,35100.0,118872.1,6200.0,118877.3,6000.0,118878.3,12000.0
1753769565070,06:12:45.070,bitmex,BTC/USDT:USDT,118877.2,35100.0,118872.1,6200.0,118877.3,6000.0,118878.3,12000.0
1753769565164,06:12:45.164,bitmex,BTC/USDT:USDT,118877.2,35100.0,118872.1,6200.0,118877.3,6000.0,118878.3,12000.0
1753769565214,06:12:45.214,bitmex,BTC/USDT:USDT,118877.2,35100.0,118872.1,6200.0,118877.3,6000.0,118878.3,12000.0
1753769565571,06:12:45.571,bitmex,BTC/USDT:USDT,118877.2,35100.0,118872.1,6200.0,118877.3,6000.0,118878.3,12000.0
1753769565621,06:12:45.621,bitmex,BTC/USDT:USDT,118877.2,35100.0,118872.1,6200.0,118877.3,6000.0,118878.3,12000.0
1753769565847,06:12:45.847,bitmex,BTC/USDT:USDT,118877.2,35100.0,118872.1,6200.0,118877.3,6000.0,118878.3,12000.0
1753769565899,06:12:45.899,bitmex,BTC/USDT:USDT,118877.2,35100.0,118872.1,6200.0,118877.3,6000.0,118878.3,12000.0
1753769565977,06:12:45.977,bitmex,BTC/USDT:USDT,118877.2,35100.0,118872.1,6200.0,118877.3,6000.0,118878.3,12000.0
1753769566106,06:12:46.106,bitmex,BTC/USDT:USDT,118877.2,35100.0,118872.1,6200.0,118877.3,6000.0,118878.3,12000.0
1753769566156,06:12:46.156,bitmex,BTC/USDT:USDT,118877.2,35100.0,118872.1,6200.0,118877.3,6000.0,118878.3,12000.0
1753769566253,06:12:46.253,bitmex,BTC/USDT:USDT,118877.2,35100.0,118872.1,6200.0,118877.3,6000.0,118878.2,10000.0
1753769566321,06:12:46.321,bitmex,BTC/USDT:USDT,118877.2,35100.0,118872.1,6200.0,118877.3,6000.0,118878.2,10000.0
1753769566402,06:12:46.402,bitmex,BTC/USDT:USDT,118877.2,35100.0,118872.1,6200.0,118877.3,6000.0,118878.2,10000.0
1753769566555,06:12:46.555,bitmex,BTC/USDT:USDT,118877.2,35100.0,118872.1,6200.0,118877.3,6000.0,118878.2,10000.0
1753769566604,06:12:46.604,bitmex,BTC/USDT:USDT,118877.2,35100.0,118872.1,6200.0,118877.3,6000.0,118878.2,10000.0
1753769567192,06:12:47.192,bitmex,BTC/USDT:USDT,118877.2,35100.0,118872.1,6200.0,118877.3,6000.0,118878.2,10000.0
1753769567241,06:12:47.241,bitmex,BTC/USDT:USDT,118877.2,35100.0,118872.1,6200.0,118877.3,6000.0,118878.2,10000.0
1753769567522,06:12:47.522,bitmex,BTC/USDT:USDT,118877.2,35100.0,118872.1,6200.0,118877.3,6000.0,118878.2,10000.0
1753769567571,06:12:47.571,bitmex,BTC/USDT:USDT,118877.2,35100.0,118872.1,6200.0,118877.3,6000.0,118878.2,10000.0
1753769567750,06:12:47.750,bitmex,BTC/USDT:USDT,118877.2,35100.0,118872.1,6200.0,118877.3,6000.0,118878.2,10000.0
1753769567800,06:12:47.800,bitmex,BTC/USDT:USDT,118877.2,35100.0,118872.1,6200.0,118877.3,6000.0,118878.2,10000.0
1753769567888,06:12:47.888,bitmex,BTC/USDT:USDT,118877.2,35100.0,118872.1,6200.0,118877.3,6000.0,118878.2,10000.0
1753769567938,06:12:47.938,bitmex,BTC/USDT:USDT,118877.2,35100.0,118872.1,6200.0,118877.3,6000.0,118878.2,10000.0
1753769568531,06:12:48.531,bitmex,BTC/USDT:USDT,118877.2,35100.0,118872.1,6200.0,118877.3,6000.0,118878.2,10000.0
1753769568642,06:12:48.642,bitmex,BTC/USDT:USDT,118877.2,35100.0,118872.1,6200.0,118877.3,6000.0,118878.2,10000.0
1753769568691,06:12:48.691,bitmex,BTC/USDT:USDT,118877.2,35100.0,118872.1,6200.0,118877.3,6000.0,118878.2,10000.0
1753769568740,06:12:48.740,bitmex,BTC/USDT:USDT,118877.2,35100.0,118872.1,6200.0,118877.3,6000.0,118878.2,10000.0
1753769568816,06:12:48.816,bitmex,BTC/USDT:USDT,118877.2,35100.0,118872.1,6200.0,118877.3,6000.0,118878.2,10000.0
1753769568865,06:12:48.865,bitmex,BTC/USDT:USDT,118877.2,35100.0,118872.1,6200.0,118877.3,6000.0,118878.2,10000.0
1753769569019,06:12:49.019,bitmex,BTC/USDT:USDT,118877.2,35100.0,118872.1,6200.0,118877.3,6000.0,118878.2,10000.0
1753769569069,06:12:49.069,bitmex,BTC/USDT:USDT,118877.2,35100.0,118872.1,6200.0,118877.3,6000.0,118878.3,12000.0
1753769569118,06:12:49.118,bitmex,BTC/USDT:USDT,118877.2,35100.0,118872.1,6200.0,118877.3,6000.0,118878.3,12000.0
1753769569167,06:12:49.167,bitmex,BTC/USDT:USDT,118877.2,35100.0,118872.1,6200.0,118877.3,6000.0,118878.3,12000.0
1753769569301,06:12:49.301,bitmex,BTC/USDT:USDT,118877.2,35100.0,118872.1,6200.0,118877.3,6000.0,118878.3,12000.0
1753769569628,06:12:49.628,bitmex,BTC/USDT:USDT,118877.2,35100.0,118872.1,6200.0,118877.3,6000.0,118878.3,12000.0
1753769569677,06:12:49.677,bitmex,BTC/USDT:USDT,118877.2,35100.0,118872.1,6200.0,118877.3,6000.0,118878.3,12000.0
1753769569726,06:12:49.726,bitmex,BTC/USDT:USDT,118877.2,35100.0,118872.1,6200.0,118877.3,6000.0,118878.3,12000.0
1753769569775,06:12:49.775,bitmex,BTC/USDT:USDT,118877.2,35100.0,118872.1,6200.0,118877.3,6000.0,118878.3,12000.0
1753769570191,06:12:50.191,bitmex,BTC/USDT:USDT,118877.2,35100.0,118872.1,6200.0,118877.3,6000.0,118878.3,12000.0
1753769570240,06:12:50.240,bitmex,BTC/USDT:USDT,118877.2,35100.0,118872.1,6200.0,118877.3,6000.0,118878.3,12000.0
1753769570295,06:12:50.295,bitmex,BTC/USDT:USDT,118877.2,35100.0,118872.1,6200.0,118877.3,6000.0,118878.3,12000.0
1753769570345,06:12:50.345,bitmex,BTC/USDT:USDT,118877.2,35100.0,118872.1,6200.0,118877.3,6000.0,118878.3,12000.0
1753769570396,06:12:50.396,bitmex,BTC/USDT:USDT,118877.2,35100.0,118872.1,6200.0,118877.3,6000.0,118878.3,12000.0
1753769570446,06:12:50.446,bitmex,BTC/USDT:USDT,118877.2,35100.0,118872.1,6200.0,118877.3,6000.0,118878.3,12000.0
1753769570618,06:12:50.618,bitmex,BTC/USDT:USDT,118877.2,35100.0,118872.1,6200.0,118877.3,6000.0,118878.3,12000.0
1753769570668,06:12:50.668,bitmex,BTC/USDT:USDT,118877.2,35100.0,118872.1,6200.0,118877.3,6000.0,118878.3,12000.0
1753769570717,06:12:50.717,bitmex,BTC/USDT:USDT,118877.2,35100.0,118872.1,6200.0,118877.3,6000.0,118878.3,12000.0
1753769570766,06:12:50.766,bitmex,BTC/USDT:USDT,118877.2,35100.0,118872.1,6200.0,118877.3,6000.0,118878.3,12000.0
1753769570864,06:12:50.864,bitmex,BTC/USDT:USDT,118877.2,35100.0,118872.1,6200.0,118877.3,6000.0,118878.3,12000.0
1753769570913,06:12:50.913,bitmex,BTC/USDT:USDT,118877.2,35100.0,118872.1,6200.0,118877.3,6000.0,118878.3,12000.0
1753769570962,06:12:50.962,bitmex,BTC/USDT:USDT,118877.2,35100.0,118872.1,6200.0,118877.3,6000.0,118878.3,12000.0
1753769571011,06:12:51.011,bitmex,BTC/USDT:USDT,118877.2,35100.0,118872.1,6200.0,118877.3,6000.0,118878.3,12000.0
1753769571060,06:12:51.060,bitmex,BTC/USDT:USDT,118877.2,35100.0,118872.1,6200.0,118877.3,6000.0,118878.3,12000.0
1753769571109,06:12:51.109,bitmex,BTC/USDT:USDT,118877.2,35100.0,118872.1,6200.0,118877.3,6000.0,118878.3,12000.0
1753769571158,06:12:51.158,bitmex,BTC/USDT:USDT,118877.2,35100.0,118872.1,6200.0,118877.3,6000.0,118878.3,12000.0
1753769571248,06:12:51.248,bitmex,BTC/USDT:USDT,118877.2,35100.0,118872.1,6200.0,118877.3,6000.0,118878.3,12000.0
1753769571297,06:12:51.297,bitmex,BTC/USDT:USDT,118877.2,35100.0,118872.1,6200.0,118877.3,6000.0,118878.3,12000.0
1753769571611,06:12:51.611,bitmex,BTC/USDT:USDT,118877.2,35100.0,118872.1,6200.0,118877.3,6000.0,118878.3,12000.0
1753769571661,06:12:51.661,bitmex,BTC/USDT:USDT,118877.2,35100.0,118872.1,6200.0,118877.3,6000.0,118878.3,12000.0
1753769571710,06:12:51.710,bitmex,BTC/USDT:USDT,118877.2,35100.0,118872.1,6200.0,118877.3,6000.0,118878.3,12000.0
1753769571939,06:12:51.939,bitmex,BTC/USDT:USDT,118877.2,35100.0,118872.1,6200.0,118877.3,6000.0,118878.3,12000.0
1753769571988,06:12:51.988,bitmex,BTC/USDT:USDT,118877.2,35100.0,118872.1,6200.0,118877.3,6000.0,118878.3,12000.0
1753769572037,06:12:52.037,bitmex,BTC/USDT:USDT,118877.2,35100.0,118872.1,6200.0,118877.3,6000.0,118878.3,12000.0
1753769572704,06:12:52.704,bitmex,BTC/USDT:USDT,118877.2,35100.0,118872.1,6200.0,118877.3,6000.0,118878.3,12000.0
1753769572922,06:12:52.922,bitmex,BTC/USDT:USDT,118877.2,35100.0,118872.1,6200.0,118877.3,6000.0,118878.3,12000.0
1753769572972,06:12:52.972,bitmex,BTC/USDT:USDT,118877.2,35100.0,118872.1,6200.0,118877.3,6000.0,118878.3,12000.0
1753769573021,06:12:53.021,bitmex,BTC/USDT:USDT,118877.2,35100.0,118872.1,6200.0,118877.3,6000.0,118878.3,12000.0
1753769573243,06:12:53.243,bitmex,BTC/USDT:USDT,118877.2,35100.0,118872.1,6200.0,118877.3,6000.0,118878.3,12000.0
1753769573395,06:12:53.395,bitmex,BTC/USDT:USDT,118877.2,35100.0,118872.1,6200.0,118877.3,6000.0,118878.3,12000.0
1753769573445,06:12:53.445,bitmex,BTC/USDT:USDT,118877.2,35100.0,118872.1,6200.0,118877.3,6000.0,118878.3,12000.0
1753769573695,06:12:53.695,bitmex,BTC/USDT:USDT,118877.2,35100.0,118872.1,6200.0,118877.3,6000.0,118878.3,12000.0
1753769573745,06:12:53.745,bitmex,BTC/USDT:USDT,118877.2,35100.0,118872.1,6200.0,118877.3,6000.0,118878.3,12000.0
1753769573912,06:12:53.912,bitmex,BTC/USDT:USDT,118877.2,35100.0,118872.1,6200.0,118877.3,6000.0,118878.3,12000.0
1753769573962,06:12:53.962,bitmex,BTC/USDT:USDT,118877.2,35100.0,118872.1,6200.0,118877.3,6000.0,118878.3,12000.0
1753769574058,06:12:54.058,bitmex,BTC/USDT:USDT,118877.2,35100.0,118872.1,6200.0,118877.3,6000.0,118878.3,12000.0
1753769574108,06:12:54.108,bitmex,BTC/USDT:USDT,118877.2,35100.0,118872.1,6200.0,118877.3,6000.0,118878.3,12000.0
1753769574316,06:12:54.316,bitmex,BTC/USDT:USDT,118877.2,35100.0,118872.1,6200.0,118877.3,6000.0,118878.3,12000.0
1753769574365,06:12:54.365,bitmex,BTC/USDT:USDT,118877.2,35100.0,118872.1,6200.0,118877.3,6000.0,118878.3,12000.0
1753769574690,06:12:54.690,bitmex,BTC/USDT:USDT,118877.2,35100.0,118872.1,6200.0,118877.3,6000.0,118878.3,12000.0
1753769575073,06:12:55.073,bitmex,BTC/USDT:USDT,118877.2,35100.0,118872.1,6200.0,118877.3,6000.0,118878.3,12000.0
1753769575123,06:12:55.123,bitmex,BTC/USDT:USDT,118877.2,35100.0,118872.1,6200.0,118877.3,6000.0,118878.3,12000.0
1753769575236,06:12:55.236,bitmex,BTC/USDT:USDT,118877.2,35100.0,118872.1,6200.0,118877.3,6000.0,118878.3,12000.0
1753769575435,06:12:55.435,bitmex,BTC/USDT:USDT,118877.2,35100.0,118872.1,6200.0,118877.3,6000.0,118878.3,12000.0
1753769575750,06:12:55.750,bitmex,BTC/USDT:USDT,118877.2,35100.0,118872.1,6200.0,118877.3,6000.0,118878.3,12000.0
1753769575965,06:12:55.965,bitmex,BTC/USDT:USDT,118877.2,35100.0,118872.1,6200.0,118877.3,6000.0,118878.3,12000.0
1753769576112,06:12:56.112,bitmex,BTC/USDT:USDT,118877.2,35100.0,118872.1,6200.0,118877.3,6000.0,118878.3,12000.0
1753769576161,06:12:56.161,bitmex,BTC/USDT:USDT,118877.2,35100.0,118872.1,6200.0,118877.3,6000.0,118878.3,12000.0
1753769576248,06:12:56.248,bitmex,BTC/USDT:USDT,118877.2,35100.0,118872.1,6200.0,118877.3,6000.0,118878.3,12000.0
1753769577014,06:12:57.014,bitmex,BTC/USDT:USDT,118877.2,35100.0,118872.1,6200.0,118877.3,6000.0,118878.3,12000.0
1753769577063,06:12:57.063,bitmex,BTC/USDT:USDT,118877.2,35100.0,118872.1,6200.0,118877.3,6000.0,118878.3,12000.0
1753769577140,06:12:57.140,bitmex,BTC/USDT:USDT,118877.2,35100.0,118872.1,6200.0,118877.3,6000.0,118878.3,12000.0
1753769577189,06:12:57.189,bitmex,BTC/USDT:USDT,118877.2,35100.0,118872.1,6200.0,118877.3,6000.0,118878.3,12000.0
1753769577238,06:12:57.238,bitmex,BTC/USDT:USDT,118877.2,35100.0,118872.1,6200.0,118877.3,6000.0,118878.3,12000.0
1753769577342,06:12:57.342,bitmex,BTC/USDT:USDT,118877.2,35100.0,118872.1,6200.0,118877.3,6000.0,118878.3,12000.0
1753769577392,06:12:57.392,bitmex,BTC/USDT:USDT,118877.2,35100.0,118872.1,6200.0,118877.3,6000.0,118878.3,12000.0
1753769577445,06:12:57.445,bitmex,BTC/USDT:USDT,118877.2,35100.0,118872.1,6200.0,118877.3,6000.0,118878.3,12000.0
1753769577550,06:12:57.550,bitmex,BTC/USDT:USDT,118877.2,35100.0,118872.1,6200.0,118877.3,6000.0,118878.3,12000.0
1753769577599,06:12:57.599,bitmex,BTC/USDT:USDT,118877.2,35100.0,118872.1,6200.0,118877.3,6000.0,118878.3,12000.0
1753769577707,06:12:57.707,bitmex,BTC/USDT:USDT,118877.2,35100.0,118872.1,6200.0,118877.3,6000.0,118878.3,12000.0
1753769577757,06:12:57.757,bitmex,BTC/USDT:USDT,118877.2,35100.0,118872.1,6200.0,118877.3,6000.0,118878.3,12000.0
1753769577806,06:12:57.806,bitmex,BTC/USDT:USDT,118877.2,35100.0,118872.1,6200.0,118877.3,6000.0,118878.3,12000.0
1753769578551,06:12:58.551,bitmex,BTC/USDT:USDT,118877.2,35100.0,118872.1,6200.0,118877.3,6000.0,118878.3,12000.0
1753769578600,06:12:58.600,bitmex,BTC/USDT:USDT,118877.2,35100.0,118872.1,6200.0,118877.3,6000.0,118878.3,12000.0
1753769578859,06:12:58.859,bitmex,BTC/USDT:USDT,118877.2,35100.0,118872.1,6200.0,118877.3,6000.0,118878.3,12000.0
1753769578908,06:12:58.908,bitmex,BTC/USDT:USDT,118877.2,35100.0,118872.1,6200.0,118877.3,6000.0,118878.3,12000.0
1753769579007,06:12:59.007,bitmex,BTC/USDT:USDT,118877.2,35100.0,118872.1,6200.0,118877.3,6000.0,118878.3,12000.0
1753769579057,06:12:59.057,bitmex,BTC/USDT:USDT,118877.2,35100.0,118872.1,6200.0,118877.3,6000.0,118878.3,12000.0
1753769579363,06:12:59.363,bitmex,BTC/USDT:USDT,118877.2,35100.0,118872.1,6200.0,118877.3,6000.0,118878.3,12000.0
1753769579412,06:12:59.412,bitmex,BTC/USDT:USDT,118877.2,35100.0,118872.1,6200.0,118877.3,6000.0,118878.3,12000.0
1753769579911,06:12:59.911,bitmex,BTC/USDT:USDT,118877.2,35100.0,118872.1,6200.0,118877.3,6000.0,118878.3,12000.0
1753769579960,06:12:59.960,bitmex,BTC/USDT:USDT,118877.2,35100.0,118872.1,6200.0,118877.3,6000.0,118878.3,12000.0
1753769580009,06:13:00.009,bitmex,BTC/USDT:USDT,118877.2,35100.0,118872.1,6200.0,118877.3,6000.0,118878.3,12000.0
1753769580153,06:13:00.153,bitmex,BTC/USDT:USDT,118877.2,35100.0,118872.1,6200.0,118877.3,6000.0,118878.3,12000.0
1753769580202,06:13:00.202,bitmex,BTC/USDT:USDT,118877.2,35100.0,118872.1,6200.0,118877.3,6000.0,118878.3,12000.0
1753769580498,06:13:00.498,bitmex,BTC/USDT:USDT,118877.2,35100.0,118872.1,6200.0,118877.3,6000.0,118878.3,12000.0
1753769580699,06:13:00.699,bitmex,BTC/USDT:USDT,118877.2,35100.0,118872.1,6200.0,118877.3,6000.0,118878.3,12000.0
1753769580749,06:13:00.749,bitmex,BTC/USDT:USDT,118877.2,35100.0,118873.6,6200.0,118877.3,6000.0,118878.3,12000.0
1753769580798,06:13:00.798,bitmex,BTC/USDT:USDT,118877.2,35100.0,118873.6,6200.0,118877.3,6000.0,118878.3,12000.0
1753769581043,06:13:01.043,bitmex,BTC/USDT:USDT,118877.2,35100.0,118873.6,6200.0,118877.3,6000.0,118878.3,12000.0
1753769581133,06:13:01.133,bitmex,BTC/USDT:USDT,118877.2,35100.0,118873.6,6200.0,118877.3,6000.0,118878.3,12000.0
1753769581183,06:13:01.183,bitmex,BTC/USDT:USDT,118877.2,35100.0,118873.6,6200.0,118877.3,6000.0,118878.3,12000.0
1753769581232,06:13:01.232,bitmex,BTC/USDT:USDT,118877.2,35100.0,118873.6,6200.0,118877.3,6000.0,118878.3,12000.0
1753769581330,06:13:01.330,bitmex,BTC/USDT:USDT,118877.2,35100.0,118873.6,6200.0,118877.3,6000.0,118878.3,12000.0
1753769581379,06:13:01.379,bitmex,BTC/USDT:USDT,118877.2,35100.0,118873.6,6200.0,118877.3,6000.0,118878.3,12000.0
1753769581428,06:13:01.428,bitmex,BTC/USDT:USDT,118877.2,35100.0,118873.6,6200.0,118877.3,6000.0,118878.3,12000.0
1753769581477,06:13:01.477,bitmex,BTC/USDT:USDT,118877.2,35100.0,118873.6,6200.0,118877.3,6000.0,118878.3,12000.0
1753769581526,06:13:01.526,bitmex,BTC/USDT:USDT,118877.2,35100.0,118873.6,6200.0,118877.3,6000.0,118878.3,12000.0
1753769581575,06:13:01.575,bitmex,BTC/USDT:USDT,118877.2,35100.0,118873.6,6200.0,118877.3,6000.0,118878.3,12000.0
1753769581624,06:13:01.624,bitmex,BTC/USDT:USDT,118877.2,35100.0,118873.6,6200.0,118877.3,6000.0,118878.3,12000.0
1753769581673,06:13:01.673,bitmex,BTC/USDT:USDT,118877.2,35100.0,118873.6,6200.0,118877.3,6000.0,118878.3,12000.0
1753769581722,06:13:01.722,bitmex,BTC/USDT:USDT,118877.2,35100.0,118873.6,6200.0,118877.3,6000.0,118878.3,12000.0
1753769581771,06:13:01.771,bitmex,BTC/USDT:USDT,118877.2,35100.0,118873.6,6200.0,118877.3,6000.0,118878.3,12000.0
1753769581870,06:13:01.870,bitmex,BTC/USDT:USDT,118877.2,35100.0,118873.6,6200.0,118877.3,6000.0,118878.3,12000.0
1753769581968,06:13:01.968,bitmex,BTC/USDT:USDT,118877.2,16500.0,118873.6,6200.0,118877.3,6000.0,118878.3,12000.0
1753769582017,06:13:02.017,bitmex,BTC/USDT:USDT,118877.2,35100.0,118873.6,6200.0,118877.3,6000.0,118878.3,12000.0
1753769582231,06:13:02.231,bitmex,BTC/USDT:USDT,118877.2,35100.0,118873.6,6200.0,118877.3,6000.0,118878.3,12000.0
1753769582281,06:13:02.281,bitmex,BTC/USDT:USDT,118877.2,35100.0,118873.6,6200.0,118877.3,6000.0,118878.3,12000.0
1753769582497,06:13:02.497,bitmex,BTC/USDT:USDT,118877.2,35100.0,118873.6,6200.0,118877.3,6000.0,118878.3,12000.0
1753769582546,06:13:02.546,bitmex,BTC/USDT:USDT,118877.2,35100.0,118873.6,6200.0,118877.3,6000.0,118878.3,12000.0
1753769582595,06:13:02.595,bitmex,BTC/USDT:USDT,118877.2,35100.0,118873.6,6200.0,118877.3,6000.0,118878.3,12000.0
1753769582644,06:13:02.644,bitmex,BTC/USDT:USDT,118877.2,33200.0,118873.6,6200.0,118877.3,6000.0,118878.3,12000.0
1753769582693,06:13:02.693,bitmex,BTC/USDT:USDT,118877.2,14600.0,118873.6,6200.0,118877.3,6000.0,118878.3,12000.0
1753769582742,06:13:02.742,bitmex,BTC/USDT:USDT,118877.2,16500.0,118873.6,6200.0,118877.3,6000.0,118878.3,12000.0
1753769582791,06:13:02.791,bitmex,BTC/USDT:USDT,118877.2,16500.0,118873.6,6200.0,118877.3,6000.0,118878.3,12000.0
1753769582908,06:13:02.908,bitmex,BTC/USDT:USDT,118877.2,16500.0,118873.6,6200.0,118877.3,6000.0,118878.3,12000.0
1753769582957,06:13:02.957,bitmex,BTC/USDT:USDT,118877.2,16500.0,118873.6,6200.0,118877.3,6000.0,118878.3,12000.0
1753769583055,06:13:03.055,bitmex,BTC/USDT:USDT,118877.2,16500.0,118873.6,6200.0,118877.3,6000.0,118878.3,12000.0
1753769583105,06:13:03.105,bitmex,BTC/USDT:USDT,118877.2,16500.0,118873.6,6200.0,118877.3,6000.0,118878.3,12000.0
1753769583154,06:13:03.154,bitmex,BTC/USDT:USDT,118877.2,14600.0,118873.6,6200.0,118877.3,6000.0,118878.3,12000.0
1753769583203,06:13:03.203,bitmex,BTC/USDT:USDT,118877.2,14600.0,118873.6,6200.0,118877.3,6000.0,118878.3,12000.0
1753769583263,06:13:03.263,bitmex,BTC/USDT:USDT,118877.2,8400.0,118873.6,6200.0,118877.3,6000.0,118878.3,12000.0
1753769583312,06:13:03.312,bitmex,BTC/USDT:USDT,118877.2,10300.0,118873.6,6200.0,118877.3,6000.0,118878.3,12000.0
1753769583426,06:13:03.426,bitmex,BTC/USDT:USDT,118873.7,8400.0,118873.6,6200.0,118877.3,6000.0,118878.3,12000.0
1753769583475,06:13:03.475,bitmex,BTC/USDT:USDT,118877.2,20500.0,118873.9,6200.0,118877.3,6000.0,118878.3,12000.0
1753769583583,06:13:03.583,bitmex,BTC/USDT:USDT,118877.2,20500.0,118873.9,6200.0,118877.3,6000.0,118878.3,12000.0
1753769583681,06:13:03.681,bitmex,BTC/USDT:USDT,118877.2,28900.0,118873.9,6200.0,118877.3,6000.0,118878.3,12000.0
1753769583730,06:13:03.730,bitmex,BTC/USDT:USDT,118877.2,28900.0,118873.9,6200.0,118877.3,6000.0,118878.3,12000.0
1753769583913,06:13:03.913,bitmex,BTC/USDT:USDT,118877.2,28900.0,118873.9,6200.0,118877.3,6000.0,118878.3,12000.0
1753769584012,06:13:04.012,bitmex,BTC/USDT:USDT,118877.2,28900.0,118873.9,6200.0,118877.3,6000.0,118878.3,12000.0
1753769584061,06:13:04.061,bitmex,BTC/USDT:USDT,118877.2,27000.0,118873.9,6200.0,118877.3,6000.0,118878.3,12000.0
1753769584211,06:13:04.211,bitmex,BTC/USDT:USDT,118877.2,10300.0,118873.9,6200.0,118877.3,6000.0,118878.3,12000.0
1753769584331,06:13:04.331,bitmex,BTC/USDT:USDT,118877.2,1900.0,118874.0,8400.0,118877.3,6000.0,118878.3,12000.0
1753769584380,06:13:04.380,bitmex,BTC/USDT:USDT,118877.2,20500.0,118874.2,6200.0,118877.3,6000.0,118878.3,12000.0
1753769584429,06:13:04.429,bitmex,BTC/USDT:USDT,118877.2,18600.0,118874.2,6200.0,118877.3,6000.0,118878.3,12000.0
1753769584840,06:13:04.840,bitmex,BTC/USDT:USDT,118877.2,27000.0,118874.2,6200.0,118877.3,6000.0,118878.3,12000.0
1753769585010,06:13:05.010,bitmex,BTC/USDT:USDT,118877.2,27000.0,118874.2,6200.0,118877.3,6000.0,118878.3,12000.0
1753769585060,06:13:05.060,bitmex,BTC/USDT:USDT,118877.2,28900.0,118874.2,6200.0,118877.3,6000.0,118878.3,12000.0
1753769585211,06:13:05.211,bitmex,BTC/USDT:USDT,118877.2,28900.0,118874.2,6200.0,118877.3,6000.0,118878.3,12000.0
1753769585363,06:13:05.363,bitmex,BTC/USDT:USDT,118877.2,28900.0,118874.2,6200.0,118877.3,6000.0,118878.3,12000.0
1753769585413,06:13:05.413,bitmex,BTC/USDT:USDT,118877.2,28900.0,118874.2,6200.0,118877.3,6000.0,118878.3,12000.0
1753769585466,06:13:05.466,bitmex,BTC/USDT:USDT,118877.2,28900.0,118874.2,6200.0,118877.3,6000.0,118878.3,12000.0
1753769585515,06:13:05.515,bitmex,BTC/USDT:USDT,118877.2,28900.0,118874.2,6200.0,118877.3,6000.0,118878.3,12000.0
1753769585741,06:13:05.741,bitmex,BTC/USDT:USDT,118877.2,28900.0,118874.2,6200.0,118877.3,6000.0,118878.3,12000.0
1753769585790,06:13:05.790,bitmex,BTC/USDT:USDT,118877.2,28900.0,118874.2,6200.0,118877.3,6000.0,118878.3,12000.0
1753769585855,06:13:05.855,bitmex,BTC/USDT:USDT,118877.2,28900.0,118874.2,6200.0,118877.3,6000.0,118878.3,12000.0
1753769585904,06:13:05.904,bitmex,BTC/USDT:USDT,118877.2,28900.0,118874.2,6200.0,118877.3,6000.0,118878.3,12000.0
1753769585987,06:13:05.987,bitmex,BTC/USDT:USDT,118877.2,28900.0,118874.2,6200.0,118877.3,6000.0,118878.3,12000.0
1753769586241,06:13:06.241,bitmex,BTC/USDT:USDT,118877.2,28900.0,118874.2,6200.0,118877.3,6000.0,118878.3,12000.0
1753769586308,06:13:06.308,bitmex,BTC/USDT:USDT,118877.2,28900.0,118874.2,6200.0,118877.3,6000.0,118878.3,12000.0
1753769586357,06:13:06.357,bitmex,BTC/USDT:USDT,118877.2,28900.0,118874.2,6200.0,118877.3,6000.0,118878.3,12000.0
1753769586706,06:13:06.706,bitmex,BTC/USDT:USDT,118877.2,28900.0,118874.2,6200.0,118877.3,6000.0,118878.3,12000.0
1753769586755,06:13:06.755,bitmex,BTC/USDT:USDT,118877.2,28900.0,118874.2,6200.0,118877.3,6000.0,118878.3,12000.0
1753769586804,06:13:06.804,bitmex,BTC/USDT:USDT,118877.2,28900.0,118874.2,6200.0,118877.3,6000.0,118878.3,12000.0
1753769586978,06:13:06.978,bitmex,BTC/USDT:USDT,118877.2,28900.0,118874.2,6200.0,118877.3,6000.0,118878.3,12000.0
1753769587128,06:13:07.128,bitmex,BTC/USDT:USDT,118877.2,28900.0,118874.2,6200.0,118877.3,6000.0,118878.3,12000.0
1753769587177,06:13:07.177,bitmex,BTC/USDT:USDT,118877.2,28900.0,118874.2,6200.0,118877.3,6000.0,118878.3,12000.0
1753769587412,06:13:07.412,bitmex,BTC/USDT:USDT,118877.2,28900.0,118874.2,6200.0,118877.3,6000.0,118878.3,12000.0
1753769587624,06:13:07.624,bitmex,BTC/USDT:USDT,118877.2,28900.0,118874.2,6200.0,118877.3,6000.0,118878.3,12000.0
1753769587673,06:13:07.673,bitmex,BTC/USDT:USDT,118877.2,28900.0,118874.2,6200.0,118877.3,6000.0,118878.3,12000.0
1753769587726,06:13:07.726,bitmex,BTC/USDT:USDT,118877.2,28900.0,118874.2,6200.0,118877.3,6000.0,118878.3,12000.0
1753769587775,06:13:07.775,bitmex,BTC/USDT:USDT,118877.2,28900.0,118874.2,6200.0,118877.3,6000.0,118878.3,12000.0
1753769588006,06:13:08.006,bitmex,BTC/USDT:USDT,118877.2,28900.0,118874.2,6200.0,118877.3,6000.0,118878.3,12000.0
1753769588055,06:13:08.055,bitmex,BTC/USDT:USDT,118877.2,28900.0,118874.2,6200.0,118877.3,6000.0,118878.3,12000.0
1753769588104,06:13:08.104,bitmex,BTC/USDT:USDT,118877.2,27000.0,118874.2,6200.0,118877.3,6000.0,118878.3,12000.0
1753769588153,06:13:08.153,bitmex,BTC/USDT:USDT,118877.2,28900.0,118874.2,6200.0,118877.3,6000.0,118878.3,12000.0
1753769588202,06:13:08.202,bitmex,BTC/USDT:USDT,118877.2,28900.0,118874.2,6200.0,118877.3,6000.0,118878.3,12000.0
1753769588459,06:13:08.459,bitmex,BTC/USDT:USDT,118877.2,28900.0,118874.2,6200.0,118877.3,6000.0,118878.3,12000.0
1753769588509,06:13:08.509,bitmex,BTC/USDT:USDT,118877.2,28900.0,118874.2,6200.0,118877.3,6000.0,118878.3,12000.0
1753769588672,06:13:08.672,bitmex,BTC/USDT:USDT,118877.2,28900.0,118874.2,6200.0,118877.3,6000.0,118878.3,12000.0
1753769589015,06:13:09.015,bitmex,BTC/USDT:USDT,118877.2,28900.0,118874.2,6200.0,118877.3,6000.0,118878.3,12000.0
1753769589064,06:13:09.064,bitmex,BTC/USDT:USDT,118877.2,28900.0,118874.2,6200.0,118877.3,6000.0,118878.3,12000.0
1753769589113,06:13:09.113,bitmex,BTC/USDT:USDT,118877.2,28900.0,118874.2,6200.0,118877.3,6000.0,118878.3,12000.0
1753769589162,06:13:09.162,bitmex,BTC/USDT:USDT,118877.2,28900.0,118874.2,6200.0,118877.3,6000.0,118878.3,12000.0
1753769589212,06:13:09.212,bitmex,BTC/USDT:USDT,118874.3,8400.0,118874.2,6200.0,118877.3,6000.0,118878.3,12000.0
1753769589261,06:13:09.261,bitmex,BTC/USDT:USDT,118874.4,1900.0,118874.3,8400.0,118877.3,6000.0,118878.3,12000.0
1753769589310,06:13:09.310,bitmex,BTC/USDT:USDT,118877.2,10300.0,118874.2,6200.0,118877.3,6000.0,118878.3,12000.0
1753769589408,06:13:09.408,bitmex,BTC/USDT:USDT,118877.2,1900.0,118874.3,8400.0,118877.3,6000.0,118878.3,12000.0
1753769589463,06:13:09.463,bitmex,BTC/USDT:USDT,118877.2,1900.0,118874.3,8400.0,118877.3,6000.0,118878.3,12000.0
1753769589912,06:13:09.912,bitmex,BTC/USDT:USDT,118877.2,1900.0,118874.3,8400.0,118877.3,6000.0,118878.3,12000.0
1753769589976,06:13:09.976,bitmex,BTC/USDT:USDT,118877.2,1900.0,118874.3,8400.0,118877.3,6000.0,118878.3,12000.0
1753769590025,06:13:10.025,bitmex,BTC/USDT:USDT,118877.2,1900.0,118874.3,8400.0,118877.3,6000.0,118878.3,12000.0
1753769590243,06:13:10.243,bitmex,BTC/USDT:USDT,118877.2,1900.0,118874.3,8400.0,118877.3,6000.0,118878.3,12000.0
1753769590293,06:13:10.293,bitmex,BTC/USDT:USDT,118877.2,1900.0,118874.3,8400.0,118877.3,6000.0,118878.3,12000.0
1753769590570,06:13:10.570,bitmex,BTC/USDT:USDT,118877.2,1900.0,118874.3,8400.0,118877.3,6000.0,118878.3,12000.0
1753769590619,06:13:10.619,bitmex,BTC/USDT:USDT,118877.2,20500.0,118874.4,6200.0,118877.3,6000.0,118878.3,12000.0
1753769590707,06:13:10.707,bitmex,BTC/USDT:USDT,118877.2,20500.0,118874.4,6200.0,118877.3,6000.0,118878.3,12000.0
1753769590757,06:13:10.757,bitmex,BTC/USDT:USDT,118877.2,28900.0,118874.4,6200.0,118877.3,6000.0,118878.3,12000.0
1753769590806,06:13:10.806,bitmex,BTC/USDT:USDT,118877.2,28900.0,118874.4,6200.0,118877.3,6000.0,118878.3,12000.0
1753769590855,06:13:10.855,bitmex,BTC/USDT:USDT,118877.2,28900.0,118874.4,6200.0,118877.3,6000.0,118878.3,12000.0
1753769590904,06:13:10.904,bitmex,BTC/USDT:USDT,118877.2,28900.0,118874.4,6200.0,118877.3,6000.0,118878.3,12000.0
1753769590953,06:13:10.953,bitmex,BTC/USDT:USDT,118877.2,28900.0,118874.4,6200.0,118877.3,6000.0,118878.3,12000.0
1753769591003,06:13:11.003,bitmex,BTC/USDT:USDT,118877.2,28900.0,118874.4,6200.0,118877.3,6000.0,118878.3,12000.0
1753769591108,06:13:11.108,bitmex,BTC/USDT:USDT,118877.2,28900.0,118874.4,6200.0,118877.3,6000.0,118878.3,12000.0
1753769591157,06:13:11.157,bitmex,BTC/USDT:USDT,118877.2,28900.0,118874.4,6200.0,118877.3,6000.0,118878.3,12000.0
1753769591429,06:13:11.429,bitmex,BTC/USDT:USDT,118877.2,28900.0,118874.4,6200.0,118877.3,6000.0,118878.3,12000.0
1753769591533,06:13:11.533,bitmex,BTC/USDT:USDT,118877.2,28900.0,118874.4,6200.0,118877.3,6000.0,118878.3,12000.0
1753769591583,06:13:11.583,bitmex,BTC/USDT:USDT,118877.2,28900.0,118874.4,6200.0,118877.3,6000.0,118878.3,12000.0
1753769591736,06:13:11.736,bitmex,BTC/USDT:USDT,118877.2,28900.0,118874.4,6200.0,118877.3,6000.0,118878.3,12000.0
1753769591785,06:13:11.785,bitmex,BTC/USDT:USDT,118877.2,28900.0,118874.4,6200.0,118877.3,6000.0,118878.3,12000.0
1753769591834,06:13:11.834,bitmex,BTC/USDT:USDT,118877.2,28900.0,118874.4,6200.0,118877.3,6000.0,118878.3,12000.0
1753769591963,06:13:11.963,bitmex,BTC/USDT:USDT,118877.2,28900.0,118874.4,6200.0,118877.3,16000.0,118878.3,12000.0
1753769592012,06:13:12.012,bitmex,BTC/USDT:USDT,118877.2,8400.0,118874.4,6200.0,118877.3,16000.0,118878.3,12000.0
1753769592142,06:13:12.142,bitmex,BTC/USDT:USDT,118874.5,8400.0,118874.4,6200.0,118877.3,16000.0,118878.3,12000.0
1753769592191,06:13:12.191,bitmex,BTC/USDT:USDT,118874.5,8400.0,118874.4,6200.0,118877.3,16000.0,118878.3,12000.0
1753769592240,06:13:12.240,bitmex,BTC/USDT:USDT,118877.2,20500.0,118874.5,14600.0,118877.3,16000.0,118878.3,12000.0
1753769592324,06:13:12.324,bitmex,BTC/USDT:USDT,118877.2,20500.0,118874.5,6200.0,118877.3,16000.0,118878.3,12000.0
1753769592373,06:13:12.373,bitmex,BTC/USDT:USDT,118877.2,20500.0,118874.5,6200.0,118877.3,16000.0,118878.3,12000.0
1753769592422,06:13:12.422,bitmex,BTC/USDT:USDT,118877.2,28900.0,118874.5,6200.0,118877.3,16000.0,118878.3,12000.0
1753769592471,06:13:12.471,bitmex,BTC/USDT:USDT,118877.2,20500.0,118874.6,8400.0,118877.3,16000.0,118878.3,12000.0
1753769592553,06:13:12.553,bitmex,BTC/USDT:USDT,118877.2,20500.0,118874.6,8400.0,118877.3,16000.0,118878.3,12000.0
1753769592602,06:13:12.602,bitmex,BTC/USDT:USDT,118877.2,20500.0,118874.6,8400.0,118877.3,16000.0,118878.3,12000.0
1753769592651,06:13:12.651,bitmex,BTC/USDT:USDT,118877.2,18600.0,118874.6,8400.0,118877.3,16000.0,118878.3,12000.0
1753769593009,06:13:13.009,bitmex,BTC/USDT:USDT,118877.2,18600.0,118874.6,8400.0,118877.3,16000.0,118878.3,12000.0
1753769593059,06:13:13.059,bitmex,BTC/USDT:USDT,118877.2,28900.0,118874.7,6200.0,118877.3,16000.0,118878.3,12000.0
1753769593108,06:13:13.108,bitmex,BTC/USDT:USDT,118877.2,28900.0,118874.7,6200.0,118877.3,16000.0,118878.3,12000.0
1753769593157,06:13:13.157,bitmex,BTC/USDT:USDT,118877.2,28900.0,118874.7,6200.0,118877.3,16000.0,118878.3,12000.0
1753769593206,06:13:13.206,bitmex,BTC/USDT:USDT,118877.2,28900.0,118874.7,6200.0,118877.3,16000.0,118878.3,12000.0
1753769593258,06:13:13.258,bitmex,BTC/USDT:USDT,118877.2,28900.0,118874.7,6200.0,118877.3,16000.0,118878.3,12000.0
1753769593308,06:13:13.308,bitmex,BTC/USDT:USDT,118877.2,20500.0,118874.8,8400.0,118877.3,16000.0,118878.3,12000.0
1753769593357,06:13:13.357,bitmex,BTC/USDT:USDT,118877.2,20500.0,118874.8,14600.0,118877.3,16000.0,118878.3,12000.0
1753769593807,06:13:13.807,bitmex,BTC/USDT:USDT,118871.4,8400.0,118871.0,140000.0,118877.3,16000.0,118878.3,12000.0
1753769593856,06:13:13.856,bitmex,BTC/USDT:USDT,118871.4,8400.0,118871.0,140000.0,118877.3,16000.0,118878.3,12000.0
1753769593905,06:13:13.905,bitmex,BTC/USDT:USDT,118871.5,8400.0,118871.0,140000.0,118877.3,16000.0,118878.3,12000.0
1753769593954,06:13:13.954,bitmex,BTC/USDT:USDT,118871.6,20500.0,118871.5,8400.0,118877.3,16000.0,118878.3,12000.0
1753769594009,06:13:14.009,bitmex,BTC/USDT:USDT,118871.6,20500.0,118871.5,8400.0,118877.3,16000.0,118878.3,12000.0
1753769594108,06:13:14.108,bitmex,BTC/USDT:USDT,118871.6,18600.0,118871.4,8400.0,118877.3,16000.0,118878.3,12000.0
1753769594157,06:13:14.157,bitmex,BTC/USDT:USDT,118871.9,11200.0,118871.7,8400.0,118877.3,16000.0,118878.3,12000.0
1753769594206,06:13:14.206,bitmex,BTC/USDT:USDT,118875.5,16300.0,118875.4,8400.0,118877.3,16000.0,118878.3,12000.0
1753769594255,06:13:14.255,bitmex,BTC/USDT:USDT,118875.7,1900.0,118872.3,9300.0,118877.3,16000.0,118878.3,12000.0
1753769594304,06:13:14.304,bitmex,BTC/USDT:USDT,118872.5,18600.0,118871.7,8400.0,118877.3,16000.0,118878.3,12000.0
1753769594353,06:13:14.353,bitmex,BTC/USDT:USDT,118872.9,33000.0,118872.8,1900.0,118877.3,16000.0,118878.3,12000.0
1753769594402,06:13:14.402,bitmex,BTC/USDT:USDT,118877.2,14400.0,118875.7,8400.0,118877.3,16000.0,118878.3,12000.0
1753769594451,06:13:14.451,bitmex,BTC/USDT:USDT,118877.2,14400.0,118872.4,8400.0,118877.3,16000.0,118878.3,12000.0
1753769594500,06:13:14.500,bitmex,BTC/USDT:USDT,118877.2,14400.0,118872.4,8400.0,118877.3,16000.0,118878.3,12000.0
1753769594549,06:13:14.549,bitmex,BTC/USDT:USDT,118877.2,14400.0,118873.2,8400.0,118877.3,16000.0,118878.3,12000.0
1753769594598,06:13:14.598,bitmex,BTC/USDT:USDT,118877.2,14400.0,118871.1,8400.0,118877.3,16000.0,118878.3,12000.0
1753769594647,06:13:14.647,bitmex,BTC/USDT:USDT,118877.2,14400.0,118871.1,8400.0,118877.3,16000.0,118878.3,12000.0
1753769594898,06:13:14.898,bitmex,BTC/USDT:USDT,118877.2,14400.0,118871.2,6200.0,118877.3,16000.0,118878.3,12000.0
1753769594955,06:13:14.955,bitmex,BTC/USDT:USDT,118877.2,14400.0,118871.2,6200.0,118877.3,16000.0,118878.3,12000.0
1753769595053,06:13:15.053,bitmex,BTC/USDT:USDT,118877.2,14400.0,118871.2,6200.0,118877.3,16000.0,118878.3,12000.0
1753769595102,06:13:15.102,bitmex,BTC/USDT:USDT,118877.2,14400.0,118871.2,6200.0,118877.3,16000.0,118878.3,12000.0
1753769595309,06:13:15.309,bitmex,BTC/USDT:USDT,118877.2,14400.0,118871.2,6200.0,118877.3,16000.0,118878.3,12000.0
1753769595359,06:13:15.359,bitmex,BTC/USDT:USDT,118877.2,14400.0,118871.2,6200.0,118877.3,16000.0,118878.3,12000.0
1753769595408,06:13:15.408,bitmex,BTC/USDT:USDT,118871.4,9300.0,118871.3,19600.0,118877.3,16000.0,118878.3,12000.0
1753769595635,06:13:15.635,bitmex,BTC/USDT:USDT,118871.9,9300.0,118871.8,17700.0,118875.3,5100.0,118877.3,16000.0
1753769595684,06:13:15.684,bitmex,BTC/USDT:USDT,118872.2,9300.0,118872.1,9300.0,118875.3,5100.0,118877.3,16000.0
1753769595733,06:13:15.733,bitmex,BTC/USDT:USDT,118872.4,9300.0,118872.3,9300.0,118875.3,5100.0,118877.3,16000.0
1753769595868,06:13:15.868,bitmex,BTC/USDT:USDT,118872.5,11200.0,118872.4,9300.0,118875.3,5100.0,118877.3,6000.0
1753769595917,06:13:15.917,bitmex,BTC/USDT:USDT,118872.8,9300.0,118872.7,9300.0,118875.3,5100.0,118877.3,6000.0
1753769595966,06:13:15.966,bitmex,BTC/USDT:USDT,118875.2,1900.0,118872.8,9300.0,118875.3,5100.0,118877.3,6000.0
1753769596015,06:13:16.015,bitmex,BTC/USDT:USDT,118875.2,1900.0,118872.8,9300.0,118875.3,5100.0,118877.3,6000.0
1753769596218,06:13:16.218,bitmex,BTC/USDT:USDT,118875.2,1900.0,118872.8,9300.0,118875.3,5100.0,118877.3,6000.0
1753769596268,06:13:16.268,bitmex,BTC/USDT:USDT,118875.2,1900.0,118872.8,9300.0,118875.3,5100.0,118877.3,6000.0
1753769596441,06:13:16.441,bitmex,BTC/USDT:USDT,118875.2,1900.0,118872.8,9300.0,118875.3,5100.0,118877.3,6000.0
1753769596540,06:13:16.540,bitmex,BTC/USDT:USDT,118875.2,1900.0,118872.8,9300.0,118875.3,5100.0,118877.3,6000.0
1753769596589,06:13:16.589,bitmex,BTC/USDT:USDT,118875.2,1900.0,118872.8,9300.0,118875.3,5100.0,118877.3,6000.0
1753769596692,06:13:16.692,bitmex,BTC/USDT:USDT,118875.2,1900.0,118872.8,9300.0,118875.3,5100.0,118877.3,6000.0
1753769596879,06:13:16.879,bitmex,BTC/USDT:USDT,118875.2,1900.0,118872.8,9300.0,118875.3,5100.0,118877.3,6000.0
1753769596929,06:13:16.929,bitmex,BTC/USDT:USDT,118875.2,20500.0,118872.5,14600.0,118875.3,5100.0,118877.3,6000.0
1753769597010,06:13:17.010,bitmex,BTC/USDT:USDT,118875.2,20500.0,118872.5,14600.0,118875.3,5100.0,118877.3,6000.0
1753769597059,06:13:17.059,bitmex,BTC/USDT:USDT,118875.2,28900.0,118872.5,6200.0,118875.3,5100.0,118877.3,6000.0
1753769597171,06:13:17.171,bitmex,BTC/USDT:USDT,118875.2,28900.0,118872.5,6200.0,118875.3,5100.0,118877.3,6000.0
1753769597220,06:13:17.220,bitmex,BTC/USDT:USDT,118875.2,28900.0,118872.5,6200.0,118875.3,5100.0,118877.3,6000.0
1753769597611,06:13:17.611,bitmex,BTC/USDT:USDT,118875.2,28900.0,118872.5,6200.0,118875.3,5100.0,118877.3,6000.0
1753769597660,06:13:17.660,bitmex,BTC/USDT:USDT,118875.2,27000.0,118872.5,6200.0,118875.3,5100.0,118877.3,6000.0
1753769597709,06:13:17.709,bitmex,BTC/USDT:USDT,118875.2,27000.0,118872.5,6200.0,118875.3,5100.0,118877.3,6000.0
1753769597779,06:13:17.779,bitmex,BTC/USDT:USDT,118875.2,27000.0,118872.5,6200.0,118875.3,5100.0,118877.3,6000.0
1753769597829,06:13:17.829,bitmex,BTC/USDT:USDT,118875.2,27000.0,118872.5,6200.0,118875.3,5100.0,118877.3,6000.0
1753769597878,06:13:17.878,bitmex,BTC/USDT:USDT,118875.2,27000.0,118872.5,6200.0,118875.3,5100.0,118877.3,6000.0
1753769598006,06:13:18.006,bitmex,BTC/USDT:USDT,118875.2,27000.0,118872.5,6200.0,118875.3,5100.0,118877.3,6000.0
1753769598056,06:13:18.056,bitmex,BTC/USDT:USDT,118875.2,27000.0,118872.5,6200.0,118875.3,5100.0,118877.3,6000.0
1753769598105,06:13:18.105,bitmex,BTC/USDT:USDT,118875.2,28900.0,118872.5,6200.0,118875.3,5100.0,118877.3,6000.0
1753769598154,06:13:18.154,bitmex,BTC/USDT:USDT,118875.2,28900.0,118872.5,6200.0,118875.3,5100.0,118877.3,6000.0
1753769598407,06:13:18.407,bitmex,BTC/USDT:USDT,118875.2,28900.0,118872.5,6200.0,118875.3,5100.0,118877.3,6000.0
1753769598456,06:13:18.456,bitmex,BTC/USDT:USDT,118875.2,28900.0,118872.5,6200.0,118875.3,5100.0,118877.3,6000.0
1753769598505,06:13:18.505,bitmex,BTC/USDT:USDT,118875.2,8400.0,118872.5,6200.0,118875.3,5100.0,118877.3,6000.0
1753769598554,06:13:18.554,bitmex,BTC/USDT:USDT,118875.2,8400.0,118872.5,6200.0,118875.3,5100.0,118877.3,6000.0
1753769598640,06:13:18.640,bitmex,BTC/USDT:USDT,118872.6,8400.0,118872.5,6200.0,118875.3,5100.0,118877.3,6000.0
1753769598689,06:13:18.689,bitmex,BTC/USDT:USDT,118875.2,20500.0,118873.0,6200.0,118875.3,5100.0,118877.3,6000.0
1753769598738,06:13:18.738,bitmex,BTC/USDT:USDT,118875.2,18600.0,118873.0,6200.0,118875.3,5100.0,118877.3,6000.0
1753769598796,06:13:18.796,bitmex,BTC/USDT:USDT,118875.2,18600.0,118873.0,6200.0,118875.3,5100.0,118877.3,6000.0
1753769598845,06:13:18.845,bitmex,BTC/USDT:USDT,118875.2,27000.0,118873.0,6200.0,118875.3,5100.0,118877.3,6000.0
1753769598894,06:13:18.894,bitmex,BTC/USDT:USDT,118875.2,28900.0,118873.0,6200.0,118875.3,5100.0,118877.3,6000.0
1753769599005,06:13:19.005,bitmex,BTC/USDT:USDT,118875.2,28900.0,118873.0,6200.0,118875.3,5100.0,118877.3,6000.0
1753769599331,06:13:19.331,bitmex,BTC/USDT:USDT,118875.2,28900.0,118873.0,6200.0,118875.3,5100.0,118877.3,6000.0
1753769599381,06:13:19.381,bitmex,BTC/USDT:USDT,118875.2,28900.0,118873.0,6200.0,118875.3,5100.0,118877.3,6000.0
1753769599580,06:13:19.580,bitmex,BTC/USDT:USDT,118875.2,28900.0,118873.0,6200.0,118875.3,5100.0,118877.3,6000.0
1753769599630,06:13:19.630,bitmex,BTC/USDT:USDT,118875.2,28900.0,118873.0,6200.0,118875.3,5100.0,118877.3,6000.0
1753769599795,06:13:19.795,bitmex,BTC/USDT:USDT,118875.2,8400.0,118873.0,6200.0,118875.3,5100.0,118877.3,6000.0
1753769599844,06:13:19.844,bitmex,BTC/USDT:USDT,118875.2,8400.0,118873.0,6200.0,118875.3,5100.0,118877.3,6000.0
1753769599893,06:13:19.893,bitmex,BTC/USDT:USDT,118873.2,1900.0,118873.1,8400.0,118875.3,5100.0,118877.3,6000.0
1753769599942,06:13:19.942,bitmex,BTC/USDT:USDT,118873.2,1900.0,118873.1,8400.0,118875.3,5100.0,118877.3,6000.0
1753769599991,06:13:19.991,bitmex,BTC/USDT:USDT,118875.2,1900.0,118873.2,14400.0,118877.3,6000.0,118878.3,12000.0
1753769600040,06:13:20.040,bitmex,BTC/USDT:USDT,118877.2,1900.0,118875.3,18600.0,118877.3,6000.0,118878.3,12000.0
1753769600116,06:13:20.116,bitmex,BTC/USDT:USDT,118877.2,1900.0,118875.3,18600.0,118877.3,6000.0,118878.3,12000.0
1753769600166,06:13:20.166,bitmex,BTC/USDT:USDT,118875.3,18600.0,118873.1,14600.0,118877.3,6000.0,118878.3,12000.0
1753769600233,06:13:20.233,bitmex,BTC/USDT:USDT,118875.3,18600.0,118873.1,14600.0,118877.3,6000.0,118878.3,12000.0
1753769600282,06:13:20.282,bitmex,BTC/USDT:USDT,118875.7,9300.0,118875.6,1900.0,118877.3,6000.0,118878.3,12000.0
1753769600331,06:13:20.331,bitmex,BTC/USDT:USDT,118875.7,18600.0,118875.4,8400.0,118877.3,6000.0,118878.3,12000.0
1753769600442,06:13:20.442,bitmex,BTC/USDT:USDT,118875.7,9300.0,118875.4,8400.0,118877.3,6000.0,118878.3,12000.0
1753769600491,06:13:20.491,bitmex,BTC/USDT:USDT,118875.5,1900.0,118873.2,8400.0,118877.3,6000.0,118878.3,12000.0
1753769600540,06:13:20.540,bitmex,BTC/USDT:USDT,118875.5,1900.0,118873.2,8400.0,118877.3,6000.0,118878.3,12000.0
1753769600589,06:13:20.589,bitmex,BTC/USDT:USDT,118875.6,18600.0,118873.2,14600.0,118877.3,6000.0,118878.3,12000.0
1753769600638,06:13:20.638,bitmex,BTC/USDT:USDT,118875.7,1900.0,118875.6,18600.0,118877.3,6000.0,118878.3,12000.0
1753769600739,06:13:20.739,bitmex,BTC/USDT:USDT,118875.7,1900.0,118875.6,18600.0,118876.1,56000.0,118877.3,6000.0
1753769600789,06:13:20.789,bitmex,BTC/USDT:USDT,118873.3,8400.0,118873.2,6200.0,118877.3,6000.0,118878.3,12000.0
1753769600838,06:13:20.838,bitmex,BTC/USDT:USDT,118873.4,1900.0,118873.3,8400.0,118877.3,6000.0,118878.3,12000.0
1753769600887,06:13:20.887,bitmex,BTC/USDT:USDT,118873.4,1900.0,118873.3,8400.0,118877.3,6000.0,118878.3,12000.0
1753769600948,06:13:20.948,bitmex,BTC/USDT:USDT,118873.4,1900.0,118873.3,8400.0,118877.1,56000.0,118877.3,6000.0
1753769600997,06:13:20.997,bitmex,BTC/USDT:USDT,118873.4,1900.0,118873.3,8400.0,118877.3,6000.0,118878.3,12000.0
1753769601091,06:13:21.091,bitmex,BTC/USDT:USDT,118873.4,1900.0,118873.3,8400.0,118877.3,6000.0,118878.3,12000.0
1753769601190,06:13:21.190,bitmex,BTC/USDT:USDT,118873.4,1900.0,118873.3,8400.0,118877.2,56000.0,118877.3,6000.0
1753769601239,06:13:21.239,bitmex,BTC/USDT:USDT,118873.3,8400.0,118873.2,6200.0,118877.3,6000.0,118878.3,12000.0
1753769601288,06:13:21.288,bitmex,BTC/USDT:USDT,118873.3,8400.0,118873.2,6200.0,118877.3,6000.0,118878.3,12000.0
1753769601337,06:13:21.337,bitmex,BTC/USDT:USDT,118873.4,20500.0,118873.3,8400.0,118877.3,62000.0,118878.3,12000.0
1753769601386,06:13:21.386,bitmex,BTC/USDT:USDT,118873.4,1900.0,118873.3,8400.0,118877.3,6000.0,118878.3,12000.0
1753769601761,06:13:21.761,bitmex,BTC/USDT:USDT,118869.3,9300.0,118869.2,8400.0,118876.9,56000.0,118877.3,6000.0
1753769601859,06:13:21.859,bitmex,BTC/USDT:USDT,118870.3,9300.0,118870.2,16300.0,118876.9,56000.0,118877.3,6000.0
1753769601908,06:13:21.908,bitmex,BTC/USDT:USDT,118873.5,16300.0,118870.7,18600.0,118876.7,56000.0,118877.3,6000.0
1753769601957,06:13:21.957,bitmex,BTC/USDT:USDT,118873.7,16300.0,118870.7,18600.0,118876.9,56000.0,118877.3,6000.0
1753769602006,06:13:22.006,bitmex,BTC/USDT:USDT,118873.7,14400.0,118870.7,18600.0,118876.9,56000.0,118877.3,6000.0
1753769602055,06:13:22.055,bitmex,BTC/USDT:USDT,118873.7,14400.0,118873.6,8400.0,118876.9,56000.0,118877.3,6000.0
1753769602104,06:13:22.104,bitmex,BTC/USDT:USDT,118874.0,11200.0,118873.9,9300.0,118876.9,23700.0,118877.3,6000.0
1753769602202,06:13:22.202,bitmex,BTC/USDT:USDT,118873.8,10300.0,118870.8,6200.0,118876.8,56000.0,118877.3,6000.0
1753769602251,06:13:22.251,bitmex,BTC/USDT:USDT,118870.9,11200.0,118870.8,23900.0,118876.8,56000.0,118877.3,6000.0
1753769602300,06:13:22.300,bitmex,BTC/USDT:USDT,118874.1,8400.0,118871.1,9300.0,118877.3,6000.0,118878.3,12000.0
1753769602349,06:13:22.349,bitmex,BTC/USDT:USDT,118871.1,9300.0,118871.0,9300.0,118877.3,6000.0,118878.3,12000.0
1753769602398,06:13:22.398,bitmex,BTC/USDT:USDT,118871.5,25600.0,118871.4,9300.0,118877.3,6000.0,118878.3,12000.0
1753769602447,06:13:22.447,bitmex,BTC/USDT:USDT,118872.1,14400.0,118872.0,9300.0,118877.3,6000.0,118878.3,12000.0
1753769602496,06:13:22.496,bitmex,BTC/USDT:USDT,118877.2,1900.0,118872.6,9300.0,118877.3,6000.0,118878.3,12000.0
1753769602545,06:13:22.545,bitmex,BTC/USDT:USDT,118872.8,1900.0,118871.1,18600.0,118877.3,6000.0,118878.3,12000.0
1753769602594,06:13:22.594,bitmex,BTC/USDT:USDT,118873.3,14400.0,118873.2,20500.0,118877.3,6000.0,118878.3,12000.0
1753769602692,06:13:22.692,bitmex,BTC/USDT:USDT,118874.0,1900.0,118873.9,18600.0,118877.3,6000.0,118878.3,12000.0
1753769602741,06:13:22.741,bitmex,BTC/USDT:USDT,118874.0,1900.0,118873.9,9300.0,118877.3,6000.0,118878.3,12000.0
1753769602790,06:13:22.790,bitmex,BTC/USDT:USDT,118874.0,10300.0,118873.9,9300.0,118877.3,6000.0,118878.3,12000.0
1753769602859,06:13:22.859,bitmex,BTC/USDT:USDT,118874.0,10300.0,118873.9,9300.0,118877.3,6000.0,118878.3,12000.0
1753769602908,06:13:22.908,bitmex,BTC/USDT:USDT,118874.1,9300.0,118874.0,8400.0,118877.3,6000.0,118878.3,12000.0
1753769602957,06:13:22.957,bitmex,BTC/USDT:USDT,118874.2,1900.0,118874.1,9300.0,118877.3,62000.0,118878.3,12000.0
1753769603055,06:13:23.055,bitmex,BTC/USDT:USDT,118874.1,1900.0,118874.0,8400.0,118877.3,6000.0,118878.3,12000.0
1753769603112,06:13:23.112,bitmex,BTC/USDT:USDT,118874.1,1900.0,118874.0,8400.0,118877.1,56000.0,118877.3,6000.0
1753769603210,06:13:23.210,bitmex,BTC/USDT:USDT,118871.8,20500.0,118871.4,6200.0,118877.3,6000.0,118878.3,12000.0
1753769603308,06:13:23.308,bitmex,BTC/USDT:USDT,118877.2,1900.0,118872.2,9300.0,118877.3,6000.0,118878.3,12000.0
1753769603357,06:13:23.357,bitmex,BTC/USDT:USDT,118871.4,6200.0,118871.2,6200.0,118877.3,6000.0,118878.3,12000.0
1753769603406,06:13:23.406,bitmex,BTC/USDT:USDT,118877.2,1900.0,118872.8,14400.0,118877.3,6000.0,118878.3,12000.0
1753769603455,06:13:23.455,bitmex,BTC/USDT:USDT,118877.2,1900.0,118873.0,9300.0,118877.3,6000.0,118878.3,12000.0
1753769603504,06:13:23.504,bitmex,BTC/USDT:USDT,118877.2,1900.0,118871.5,14600.0,118877.3,6000.0,118878.3,12000.0
1753769603553,06:13:23.553,bitmex,BTC/USDT:USDT,118871.7,6200.0,118871.5,14600.0,118877.3,6000.0,118878.3,12000.0
1753769603604,06:13:23.604,bitmex,BTC/USDT:USDT,118871.8,9300.0,118871.7,6200.0,118877.3,6000.0,118878.3,12000.0
1753769603653,06:13:23.653,bitmex,BTC/USDT:USDT,118877.2,1900.0,118872.0,9300.0,118877.3,6000.0,118878.3,12000.0
1753769603702,06:13:23.702,bitmex,BTC/USDT:USDT,118877.2,1900.0,118872.3,9300.0,118877.3,6000.0,118878.3,12000.0
1753769603751,06:13:23.751,bitmex,BTC/USDT:USDT,118872.1,6200.0,118871.9,6200.0,118877.3,6000.0,118878.3,12000.0
1753769603800,06:13:23.800,bitmex,BTC/USDT:USDT,118877.2,1900.0,118872.9,9300.0,118877.3,6000.0,118878.3,12000.0
1753769604009,06:13:24.009,bitmex,BTC/USDT:USDT,118877.2,1900.0,118873.7,9300.0,118877.3,6000.0,118878.3,12000.0
1753769604058,06:13:24.058,bitmex,BTC/USDT:USDT,118877.2,1900.0,118873.7,9300.0,118877.3,6000.0,118878.3,12000.0
1753769604107,06:13:24.107,bitmex,BTC/USDT:USDT,118877.2,1900.0,118873.7,9300.0,118877.3,6000.0,118878.3,12000.0
1753769604513,06:13:24.513,bitmex,BTC/USDT:USDT,118877.2,1900.0,118873.7,9300.0,118877.3,62000.0,118878.3,12000.0
1753769604563,06:13:24.563,bitmex,BTC/USDT:USDT,118877.2,1900.0,118873.8,8400.0,118877.3,6000.0,118878.3,12000.0
1753769604612,06:13:24.612,bitmex,BTC/USDT:USDT,118877.2,1900.0,118873.8,8400.0,118877.3,6000.0,118878.3,12000.0
1753769604669,06:13:24.669,bitmex,BTC/USDT:USDT,118877.2,1900.0,118873.7,9300.0,118877.3,6000.0,118878.3,12000.0
1753769604719,06:13:24.719,bitmex,BTC/USDT:USDT,118874.1,14400.0,118874.0,18600.0,118877.3,6000.0,118878.3,12000.0
1753769604768,06:13:24.768,bitmex,BTC/USDT:USDT,118874.3,1900.0,118874.2,18600.0,118877.3,6000.0,118878.3,12000.0
1753769604817,06:13:24.817,bitmex,BTC/USDT:USDT,118874.3,1900.0,118874.2,18600.0,118877.3,62000.0,118878.3,12000.0
1753769604866,06:13:24.866,bitmex,BTC/USDT:USDT,118877.2,1900.0,118874.4,18600.0,118877.3,6000.0,118878.3,12000.0
1753769604915,06:13:24.915,bitmex,BTC/USDT:USDT,118874.5,1900.0,118874.4,18600.0,118877.3,6000.0,118878.3,12000.0
1753769604964,06:13:24.964,bitmex,BTC/USDT:USDT,118874.6,18600.0,118873.9,8400.0,118877.3,6000.0,118878.3,12000.0
1753769605013,06:13:25.013,bitmex,BTC/USDT:USDT,118877.2,1900.0,118874.6,18600.0,118877.3,6000.0,118878.3,12000.0
1753769605062,06:13:25.062,bitmex,BTC/USDT:USDT,118874.7,1900.0,118873.9,8400.0,118877.3,6000.0,118878.3,12000.0
1753769605111,06:13:25.111,bitmex,BTC/USDT:USDT,118877.2,1900.0,118874.7,8400.0,118877.3,62000.0,118878.3,12000.0
1753769605160,06:13:25.160,bitmex,BTC/USDT:USDT,118876.8,1900.0,118874.7,8400.0,118876.9,56000.0,118877.3,6000.0
1753769605209,06:13:25.209,bitmex,BTC/USDT:USDT,118876.8,1900.0,118874.7,8400.0,118876.9,56000.0,118877.3,6000.0
1753769605258,06:13:25.258,bitmex,BTC/USDT:USDT,118873.2,6200.0,118873.1,6200.0,118876.9,56000.0,118877.3,6000.0
1753769605307,06:13:25.307,bitmex,BTC/USDT:USDT,118873.5,1900.0,118873.4,9300.0,118876.6,56000.0,118877.3,6000.0
1753769605356,06:13:25.356,bitmex,BTC/USDT:USDT,118873.9,9300.0,118873.8,11200.0,118876.6,56000.0,118877.3,6000.0
1753769605405,06:13:25.405,bitmex,BTC/USDT:USDT,118874.2,9300.0,118874.1,11200.0,118876.6,56000.0,118877.3,6000.0
1753769605454,06:13:25.454,bitmex,BTC/USDT:USDT,118874.4,1900.0,118874.3,18600.0,118876.6,56000.0,118877.3,6000.0
1753769605503,06:13:25.503,bitmex,BTC/USDT:USDT,118876.5,1900.0,118874.3,18600.0,118876.6,56000.0,118877.3,6000.0
1753769605552,06:13:25.552,bitmex,BTC/USDT:USDT,118874.4,1900.0,118874.1,8400.0,118876.6,56000.0,118877.3,6000.0
1753769605702,06:13:25.702,bitmex,BTC/USDT:USDT,118874.4,8400.0,118873.2,6200.0,118876.2,56000.0,118877.3,6000.0
1753769605751,06:13:25.751,bitmex,BTC/USDT:USDT,118876.1,1900.0,118873.3,8400.0,118876.2,56000.0,118877.3,6000.0
1753769605849,06:13:25.849,bitmex,BTC/USDT:USDT,118876.1,1900.0,118873.2,6200.0,118876.2,66000.0,118877.3,6000.0
1753769606007,06:13:26.007,bitmex,BTC/USDT:USDT,118876.1,1900.0,118873.2,6200.0,118876.2,66000.0,118877.3,6000.0
1753769606056,06:13:26.056,bitmex,BTC/USDT:USDT,118876.1,1900.0,118873.2,6200.0,118876.2,66000.0,118877.3,6000.0
1753769606484,06:13:26.484,bitmex,BTC/USDT:USDT,118876.1,1900.0,118873.2,6200.0,118876.2,66000.0,118877.3,6000.0
1753769606588,06:13:26.588,bitmex,BTC/USDT:USDT,118876.1,1900.0,118873.2,6200.0,118876.2,10000.0,118877.3,6000.0
1753769606761,06:13:26.761,bitmex,BTC/USDT:USDT,118876.1,1900.0,118873.2,6200.0,118876.2,10000.0,118877.3,6000.0
1753769606810,06:13:26.810,bitmex,BTC/USDT:USDT,118876.1,1900.0,118873.2,6200.0,118876.2,10000.0,118877.3,6000.0
1753769607187,06:13:27.187,bitmex,BTC/USDT:USDT,118876.1,1900.0,118873.2,6200.0,118876.2,10000.0,118877.3,6000.0
1753769607236,06:13:27.236,bitmex,BTC/USDT:USDT,118876.1,1900.0,118873.2,6200.0,118876.2,10000.0,118877.3,6000.0
1753769607348,06:13:27.348,bitmex,BTC/USDT:USDT,118876.1,1900.0,118873.2,6200.0,118876.2,10000.0,118877.3,6000.0
1753769607397,06:13:27.397,bitmex,BTC/USDT:USDT,118876.1,1900.0,118873.2,6200.0,118876.2,10000.0,118877.3,6000.0
1753769607594,06:13:27.594,bitmex,BTC/USDT:USDT,118876.1,1900.0,118873.2,6200.0,118876.2,10000.0,118877.3,6000.0
1753769607643,06:13:27.643,bitmex,BTC/USDT:USDT,118877.2,1900.0,118873.2,6200.0,118877.3,6000.0,118878.2,10000.0
1753769607692,06:13:27.692,bitmex,BTC/USDT:USDT,118877.2,1900.0,118873.2,6200.0,118877.3,6000.0,118878.2,10000.0
1753769607868,06:13:27.868,bitmex,BTC/USDT:USDT,118877.2,1900.0,118873.8,9300.0,118877.3,6000.0,118878.2,10000.0
1753769607966,06:13:27.966,bitmex,BTC/USDT:USDT,118874.1,18600.0,118873.3,8400.0,118877.3,6000.0,118878.2,10000.0
1753769608064,06:13:28.064,bitmex,BTC/USDT:USDT,118877.2,1900.0,118874.1,18600.0,118877.3,6000.0,118878.2,10000.0
1753769608113,06:13:28.113,bitmex,BTC/USDT:USDT,118877.2,1900.0,118874.1,18600.0,118877.3,6000.0,118878.2,10000.0
1753769608211,06:13:28.211,bitmex,BTC/USDT:USDT,118877.2,1900.0,118874.1,18600.0,118877.3,6000.0,118878.2,10000.0
1753769608270,06:13:28.270,bitmex,BTC/USDT:USDT,118877.2,1900.0,118874.1,18600.0,118877.3,6000.0,118878.2,10000.0
1753769608319,06:13:28.319,bitmex,BTC/USDT:USDT,118877.2,1900.0,118874.1,18600.0,118877.3,6000.0,118878.2,10000.0
1753769608368,06:13:28.368,bitmex,BTC/USDT:USDT,118877.2,1900.0,118874.1,18600.0,118877.3,6000.0,118878.2,10000.0
1753769608417,06:13:28.417,bitmex,BTC/USDT:USDT,118874.1,18600.0,118873.3,8400.0,118877.3,6000.0,118878.2,10000.0
1753769608589,06:13:28.589,bitmex,BTC/USDT:USDT,118874.1,18600.0,118873.3,8400.0,118877.3,6000.0,118878.2,10000.0
1753769608687,06:13:28.687,bitmex,BTC/USDT:USDT,118877.2,1900.0,118874.3,9300.0,118877.3,6000.0,118878.2,10000.0
1753769608736,06:13:28.736,bitmex,BTC/USDT:USDT,118874.3,9300.0,118874.2,8400.0,118877.3,6000.0,118878.2,10000.0
1753769608785,06:13:28.785,bitmex,BTC/USDT:USDT,118874.3,9300.0,118874.2,8400.0,118877.3,6000.0,118878.2,10000.0
1753769608984,06:13:28.984,bitmex,BTC/USDT:USDT,118874.4,8400.0,118873.2,6200.0,118877.3,6000.0,118878.2,10000.0
1753769609088,06:13:29.088,bitmex,BTC/USDT:USDT,118874.4,8400.0,118873.2,6200.0,118877.3,6000.0,118878.2,10000.0
1753769609186,06:13:29.186,bitmex,BTC/USDT:USDT,118874.5,1900.0,118874.4,8400.0,118877.3,6000.0,118878.2,10000.0
1753769609235,06:13:29.235,bitmex,BTC/USDT:USDT,118874.5,1900.0,118874.4,8400.0,118877.3,6000.0,118878.2,10000.0
1753769609306,06:13:29.306,bitmex,BTC/USDT:USDT,118874.5,1900.0,118874.4,8400.0,118876.0,55700.0,118877.3,6000.0
1753769609356,06:13:29.356,bitmex,BTC/USDT:USDT,118874.5,1900.0,118874.4,8400.0,118876.6,55700.0,118877.3,6000.0
1753769609405,06:13:29.405,bitmex,BTC/USDT:USDT,118874.4,8400.0,118873.2,6200.0,118876.6,55700.0,118877.3,6000.0
1753769609454,06:13:29.454,bitmex,BTC/USDT:USDT,118874.5,1900.0,118874.4,8400.0,118877.3,6000.0,118878.2,10000.0
1753769609552,06:13:29.552,bitmex,BTC/USDT:USDT,118874.4,8400.0,118873.2,6200.0,118876.5,55700.0,118877.3,6000.0
1753769609705,06:13:29.705,bitmex,BTC/USDT:USDT,118874.4,8400.0,118873.2,6200.0,118876.5,55700.0,118877.3,6000.0
1753769609757,06:13:29.757,bitmex,BTC/USDT:USDT,118874.4,8400.0,118873.2,6200.0,118877.3,6000.0,118878.2,10000.0
1753769609809,06:13:29.809,bitmex,BTC/USDT:USDT,118874.4,8400.0,118873.2,6200.0,118877.3,6000.0,118878.2,10000.0
1753769609861,06:13:29.861,bitmex,BTC/USDT:USDT,118874.4,8400.0,118873.2,6200.0,118877.2,55700.0,118877.3,6000.0
1753769609910,06:13:29.910,bitmex,BTC/USDT:USDT,118874.5,1900.0,118874.4,8400.0,118876.5,55700.0,118877.3,6000.0
1753769609959,06:13:29.959,bitmex,BTC/USDT:USDT,118874.5,1900.0,118874.4,8400.0,118876.5,55700.0,118877.3,6000.0
1753769610262,06:13:30.262,bitmex,BTC/USDT:USDT,118874.5,1900.0,118874.4,8400.0,118876.5,55700.0,118878.2,10000.0
1753769610312,06:13:30.312,bitmex,BTC/USDT:USDT,118874.5,1900.0,118874.4,8400.0,118876.5,55700.0,118878.2,10000.0
1753769610392,06:13:30.392,bitmex,BTC/USDT:USDT,118874.5,1900.0,118874.4,8400.0,118876.5,55700.0,118878.2,10000.0
1753769610492,06:13:30.492,bitmex,BTC/USDT:USDT,118874.5,1900.0,118874.4,8400.0,118876.5,55700.0,118878.2,10000.0
1753769610541,06:13:30.541,bitmex,BTC/USDT:USDT,118874.5,1900.0,118874.4,8400.0,118876.5,55700.0,118878.2,10000.0
1753769610653,06:13:30.653,bitmex,BTC/USDT:USDT,118874.5,1900.0,118874.4,8400.0,118876.5,55700.0,118878.2,10000.0
1753769610802,06:13:30.802,bitmex,BTC/USDT:USDT,118874.4,8400.0,118873.2,6200.0,118878.2,10000.0,118878.3,12000.0
1753769610950,06:13:30.950,bitmex,BTC/USDT:USDT,118878.1,1900.0,118874.5,18600.0,118878.2,10000.0,118878.3,12000.0
1753769611058,06:13:31.058,bitmex,BTC/USDT:USDT,118878.1,1900.0,118874.5,18600.0,118878.2,10000.0,118878.3,12000.0
1753769611127,06:13:31.127,bitmex,BTC/USDT:USDT,118878.1,1900.0,118874.5,18600.0,118878.2,10000.0,118878.3,12000.0
1753769611176,06:13:31.176,bitmex,BTC/USDT:USDT,118878.1,1900.0,118874.5,18600.0,118878.2,10000.0,118878.3,12000.0
1753769611225,06:13:31.225,bitmex,BTC/USDT:USDT,118878.1,1900.0,118874.5,18600.0,118878.2,10000.0,118878.3,12000.0
1753769611277,06:13:31.277,bitmex,BTC/USDT:USDT,118874.5,18600.0,118873.3,8400.0,118878.2,10000.0,118878.3,12000.0
1753769611326,06:13:31.326,bitmex,BTC/USDT:USDT,118878.1,1900.0,118874.5,18600.0,118878.2,10000.0,118878.3,12000.0
1753769611475,06:13:31.475,bitmex,BTC/USDT:USDT,118878.1,1900.0,118874.5,18600.0,118878.2,10000.0,118878.3,12000.0
1753769611627,06:13:31.627,bitmex,BTC/USDT:USDT,118878.1,20500.0,118874.6,6200.0,118878.2,10000.0,118878.3,12000.0
1753769611676,06:13:31.676,bitmex,BTC/USDT:USDT,118878.1,1900.0,118874.6,6200.0,118878.2,10000.0,118878.3,12000.0
1753769611753,06:13:31.753,bitmex,BTC/USDT:USDT,118878.1,1900.0,118874.6,6200.0,118878.2,10000.0,118878.3,12000.0
1753769611802,06:13:31.802,bitmex,BTC/USDT:USDT,118878.1,1900.0,118874.6,6200.0,118878.2,10000.0,118878.3,12000.0
1753769611884,06:13:31.884,bitmex,BTC/USDT:USDT,118878.1,1900.0,118874.6,6200.0,118878.2,10000.0,118878.3,12000.0
1753769611933,06:13:31.933,bitmex,BTC/USDT:USDT,118874.6,6200.0,118873.4,6200.0,118878.2,10000.0,118878.3,12000.0
1753769612007,06:13:32.007,bitmex,BTC/USDT:USDT,118874.6,6200.0,118873.4,6200.0,118878.2,10000.0,118878.3,12000.0
1753769612331,06:13:32.331,bitmex,BTC/USDT:USDT,118878.1,1900.0,118874.6,6200.0,118878.2,10000.0,118878.3,12000.0
1753769612380,06:13:32.380,bitmex,BTC/USDT:USDT,118874.7,1900.0,118874.6,6200.0,118878.2,10000.0,118878.3,12000.0
1753769612429,06:13:32.429,bitmex,BTC/USDT:USDT,118874.7,1900.0,118874.6,6200.0,118878.2,10000.0,118878.3,12000.0
1753769612512,06:13:32.512,bitmex,BTC/USDT:USDT,118874.7,1900.0,118874.6,6200.0,118878.2,10000.0,118878.3,12000.0
1753769612612,06:13:32.612,bitmex,BTC/USDT:USDT,118874.7,1900.0,118874.6,6200.0,118878.2,10000.0,118878.3,12000.0
1753769612661,06:13:32.661,bitmex,BTC/USDT:USDT,118874.7,1900.0,118874.6,6200.0,118878.2,10000.0,118878.3,12000.0
1753769612920,06:13:32.920,bitmex,BTC/USDT:USDT,118874.7,1900.0,118874.6,6200.0,118878.2,10000.0,118878.3,12000.0
1753769612969,06:13:32.969,bitmex,BTC/USDT:USDT,118878.1,1900.0,118874.8,18600.0,118878.2,10000.0,118878.3,12000.0
1753769613018,06:13:33.018,bitmex,BTC/USDT:USDT,118874.8,18600.0,118874.6,6200.0,118878.2,10000.0,118878.3,12000.0
1753769613067,06:13:33.067,bitmex,BTC/USDT:USDT,118878.1,1900.0,118874.6,6200.0,118878.2,10000.0,118878.3,12000.0
1753769613116,06:13:33.116,bitmex,BTC/USDT:USDT,118874.6,6200.0,118873.4,6200.0,118878.2,10000.0,118878.3,12000.0
1753769613165,06:13:33.165,bitmex,BTC/USDT:USDT,118874.6,6200.0,118873.4,6200.0,118878.2,10000.0,118878.3,12000.0
1753769613214,06:13:33.214,bitmex,BTC/USDT:USDT,118874.6,6200.0,118873.4,6200.0,118878.2,10000.0,118878.3,12000.0
1753769613265,06:13:33.265,bitmex,BTC/USDT:USDT,118874.6,6200.0,118873.4,6200.0,118878.2,10000.0,118878.3,12000.0
1753769613314,06:13:33.314,bitmex,BTC/USDT:USDT,118874.7,1900.0,118874.6,6200.0,118878.2,10000.0,118878.3,12000.0
1753769613427,06:13:33.427,bitmex,BTC/USDT:USDT,118874.7,1900.0,118874.6,6200.0,118878.2,10000.0,118878.3,12000.0
1753769613476,06:13:33.476,bitmex,BTC/USDT:USDT,118874.7,1900.0,118874.6,6200.0,118878.2,10000.0,118878.3,12000.0
1753769613689,06:13:33.689,bitmex,BTC/USDT:USDT,118874.7,1900.0,118874.6,6200.0,118878.2,10000.0,118878.3,12000.0
1753769613738,06:13:33.738,bitmex,BTC/USDT:USDT,118878.1,1900.0,118874.8,18600.0,118878.2,10000.0,118878.3,12000.0
1753769613787,06:13:33.787,bitmex,BTC/USDT:USDT,118878.1,1900.0,118874.8,18600.0,118878.2,10000.0,118878.3,12000.0
1753769613943,06:13:33.943,bitmex,BTC/USDT:USDT,118878.1,1900.0,118874.8,18600.0,118878.2,65700.0,118878.3,12000.0
1753769613993,06:13:33.993,bitmex,BTC/USDT:USDT,118869.4,14400.0,118869.3,18600.0,118878.1,23300.0,118878.2,10000.0
1753769614042,06:13:34.042,bitmex,BTC/USDT:USDT,118873.5,1900.0,118869.7,24800.0,118878.2,10000.0,118878.3,12000.0
1753769614091,06:13:34.091,bitmex,BTC/USDT:USDT,118873.5,1900.0,118869.7,24800.0,118878.2,10000.0,118878.3,12000.0
1753769614140,06:13:34.140,bitmex,BTC/USDT:USDT,118873.5,1900.0,118869.7,24800.0,118878.2,10000.0,118878.3,12000.0
1753769614189,06:13:34.189,bitmex,BTC/USDT:USDT,118870.1,9300.0,118870.0,16300.0,118877.8,55700.0,118877.9,23300.0
1753769614238,06:13:34.238,bitmex,BTC/USDT:USDT,118870.6,1900.0,118870.5,33000.0,118878.2,10000.0,118878.3,12000.0
1753769614287,06:13:34.287,bitmex,BTC/USDT:USDT,118871.2,16300.0,118871.1,18600.0,118878.2,10000.0,118878.3,12000.0
1753769614975,06:13:34.975,bitmex,BTC/USDT:USDT,118860.0,234400.0,118855.7,6200.0,118860.1,5100.0,118873.4,157700.0
1753769615171,06:13:35.171,bitmex,BTC/USDT:USDT,118860.0,213900.0,118855.7,6200.0,118860.1,200.0,118864.1,5100.0
1753769615269,06:13:35.269,bitmex,BTC/USDT:USDT,118860.0,215800.0,118855.7,6200.0,118860.1,200.0,118864.1,5100.0
1753769615416,06:13:35.416,bitmex,BTC/USDT:USDT,118864.0,1900.0,118860.0,213900.0,118864.1,5100.0,118873.4,157700.0
1753769615465,06:13:35.465,bitmex,BTC/USDT:USDT,118864.0,1900.0,118860.0,213900.0,118864.1,5100.0,118873.4,157700.0
1753769615514,06:13:35.514,bitmex,BTC/USDT:USDT,118864.0,1900.0,118860.0,213900.0,118864.1,5100.0,118873.4,157700.0
1753769615563,06:13:35.563,bitmex,BTC/USDT:USDT,118860.0,213900.0,118855.7,6200.0,118860.1,200.0,118864.1,5100.0
1753769615612,06:13:35.612,bitmex,BTC/USDT:USDT,118860.0,215800.0,118855.7,6200.0,118860.1,200.0,118864.1,5100.0
1753769615713,06:13:35.713,bitmex,BTC/USDT:USDT,118860.0,215800.0,118855.7,6200.0,118860.1,200.0,118864.1,5100.0
1753769615762,06:13:35.762,bitmex,BTC/USDT:USDT,118860.0,215800.0,118855.7,6200.0,118860.1,200.0,118864.1,5100.0
1753769615811,06:13:35.811,bitmex,BTC/USDT:USDT,118860.0,215800.0,118855.7,6200.0,118860.1,200.0,118864.1,5100.0
1753769615860,06:13:35.860,bitmex,BTC/USDT:USDT,118860.0,215800.0,118855.7,6200.0,118860.1,200.0,118864.1,5100.0
1753769615922,06:13:35.922,bitmex,BTC/USDT:USDT,118860.0,215800.0,118855.7,6200.0,118860.1,200.0,118864.1,5100.0
1753769615972,06:13:35.972,bitmex,BTC/USDT:USDT,118860.0,215800.0,118855.7,6200.0,118860.1,200.0,118864.1,5100.0
1753769616021,06:13:36.021,bitmex,BTC/USDT:USDT,118860.0,215800.0,118855.7,6200.0,118860.1,200.0,118864.1,5100.0
1753769616227,06:13:36.227,bitmex,BTC/USDT:USDT,118860.0,215800.0,118855.7,6200.0,118860.1,200.0,118864.1,5100.0
1753769616328,06:13:36.328,bitmex,BTC/USDT:USDT,118860.0,215800.0,118855.7,6200.0,118860.1,200.0,118864.1,5100.0
1753769616378,06:13:36.378,bitmex,BTC/USDT:USDT,118860.0,215800.0,118855.7,6200.0,118860.1,200.0,118864.1,5100.0
1753769616475,06:13:36.475,bitmex,BTC/USDT:USDT,118860.0,215800.0,118855.7,6200.0,118860.1,200.0,118864.1,5100.0
1753769616524,06:13:36.524,bitmex,BTC/USDT:USDT,118860.0,215800.0,118855.7,6200.0,118860.1,200.0,118864.1,5100.0
1753769616584,06:13:36.584,bitmex,BTC/USDT:USDT,118860.0,215800.0,118855.7,6200.0,118873.5,110800.0,118876.4,55700.0
1753769616633,06:13:36.633,bitmex,BTC/USDT:USDT,118863.3,1900.0,118863.2,9300.0,118873.4,40000.0,118873.5,110800.0
1753769616682,06:13:36.682,bitmex,BTC/USDT:USDT,118863.4,25600.0,118860.1,6200.0,118863.5,5100.0,118873.4,40000.0
1753769616731,06:13:36.731,bitmex,BTC/USDT:USDT,118863.4,25600.0,118860.1,6200.0,118863.5,5100.0,118873.4,40000.0
1753769616780,06:13:36.780,bitmex,BTC/USDT:USDT,118863.4,25600.0,118860.1,6200.0,118863.5,5100.0,118873.4,40000.0
1753769616829,06:13:36.829,bitmex,BTC/USDT:USDT,118863.4,34000.0,118860.1,6200.0,118863.5,5100.0,118873.4,40000.0
1753769616878,06:13:36.878,bitmex,BTC/USDT:USDT,118863.4,34000.0,118860.1,6200.0,118863.5,5100.0,118873.4,40000.0
1753769617018,06:13:37.018,bitmex,BTC/USDT:USDT,118863.4,34000.0,118860.1,6200.0,118863.5,5100.0,118873.4,40000.0
1753769617067,06:13:37.067,bitmex,BTC/USDT:USDT,118863.4,34000.0,118860.1,6200.0,118863.5,5100.0,118873.4,40000.0
1753769617116,06:13:37.116,bitmex,BTC/USDT:USDT,118863.4,34000.0,118860.1,6200.0,118863.5,5100.0,118873.4,40000.0
1753769617165,06:13:37.165,bitmex,BTC/USDT:USDT,118863.4,34000.0,118860.1,6200.0,118863.5,5100.0,118873.4,40000.0
1753769617589,06:13:37.589,bitmex,BTC/USDT:USDT,118864.1,16300.0,118863.8,9300.0,118864.2,5100.0,118873.4,40000.0
1753769617638,06:13:37.638,bitmex,BTC/USDT:USDT,118864.1,24700.0,118863.8,9300.0,118864.2,5100.0,118873.4,40000.0
1753769617714,06:13:37.714,bitmex,BTC/USDT:USDT,118864.1,24700.0,118863.8,9300.0,118864.2,5100.0,118873.4,40000.0
1753769617763,06:13:37.763,bitmex,BTC/USDT:USDT,118864.1,24700.0,118863.8,9300.0,118864.2,5100.0,118873.4,40000.0
1753769617812,06:13:37.812,bitmex,BTC/USDT:USDT,118864.1,22800.0,118863.8,9300.0,118864.2,5100.0,118873.4,40000.0
1753769617955,06:13:37.955,bitmex,BTC/USDT:USDT,118864.1,14400.0,118863.8,9300.0,118864.2,5100.0,118873.4,40000.0
1753769618005,06:13:38.005,bitmex,BTC/USDT:USDT,118860.0,207400.0,118855.7,6200.0,118864.2,5100.0,118873.4,40000.0
1753769618054,06:13:38.054,bitmex,BTC/USDT:USDT,118860.2,8400.0,118860.0,205500.0,118864.2,5100.0,118873.4,40000.0
1753769618201,06:13:38.201,bitmex,BTC/USDT:USDT,118860.3,1900.0,118860.2,8400.0,118864.2,5100.0,118871.9,41000.0
1753769618289,06:13:38.289,bitmex,BTC/USDT:USDT,118860.3,1900.0,118860.2,8400.0,118864.2,5100.0,118871.9,41000.0
1753769618339,06:13:38.339,bitmex,BTC/USDT:USDT,118855.9,1900.0,118855.8,8400.0,118864.2,5100.0,118871.9,41000.0
1753769618388,06:13:38.388,bitmex,BTC/USDT:USDT,118856.5,16300.0,118856.4,9300.0,118864.2,5100.0,118871.9,41000.0
1753769618486,06:13:38.486,bitmex,BTC/USDT:USDT,118857.8,18600.0,118857.7,16300.0,118864.2,5100.0,118871.9,41000.0
1753769618535,06:13:38.535,bitmex,BTC/USDT:USDT,118858.4,33000.0,118858.3,1900.0,118864.2,5100.0,118871.9,41000.0
1753769618584,06:13:38.584,bitmex,BTC/USDT:USDT,118858.9,16300.0,118858.8,9300.0,118864.2,5100.0,118871.9,41000.0
1753769618633,06:13:38.633,bitmex,BTC/USDT:USDT,118864.1,16300.0,118859.5,1900.0,118864.2,5100.0,118871.9,41000.0
1753769618731,06:13:38.731,bitmex,BTC/USDT:USDT,118864.1,14400.0,118855.9,6200.0,118864.2,5100.0,118871.9,41000.0
1753769618780,06:13:38.780,bitmex,BTC/USDT:USDT,118864.1,14400.0,118855.9,6200.0,118864.2,5100.0,118871.9,41000.0
1753769618869,06:13:38.869,bitmex,BTC/USDT:USDT,118864.1,14400.0,118855.9,6200.0,118864.2,5100.0,118871.9,41000.0
1753769618919,06:13:38.919,bitmex,BTC/USDT:USDT,118864.1,14400.0,118855.9,6200.0,118864.2,5100.0,118871.9,41000.0
1753769618968,06:13:38.968,bitmex,BTC/USDT:USDT,118855.9,6200.0,118855.8,14600.0,118864.2,5100.0,118871.9,41000.0
1753769619017,06:13:39.017,bitmex,BTC/USDT:USDT,118856.3,14400.0,118856.2,20500.0,118864.2,5100.0,118871.9,41000.0
1753769619066,06:13:39.066,bitmex,BTC/USDT:USDT,118856.9,14400.0,118856.8,18600.0,118864.2,5100.0,118871.9,41000.0
1753769619115,06:13:39.115,bitmex,BTC/USDT:USDT,118857.2,9300.0,118857.1,17400.0,118864.2,5100.0,118871.9,41000.0
1753769619164,06:13:39.164,bitmex,BTC/USDT:USDT,118864.1,1900.0,118857.4,9300.0,118864.2,5100.0,118871.9,41000.0
1753769619213,06:13:39.213,bitmex,BTC/USDT:USDT,118857.3,9300.0,118857.2,6200.0,118864.2,5100.0,118871.9,41000.0
1753769619262,06:13:39.262,bitmex,BTC/USDT:USDT,118857.3,6200.0,118857.2,6200.0,118864.2,5100.0,118871.9,41000.0
1753769619311,06:13:39.311,bitmex,BTC/USDT:USDT,118864.1,16300.0,118857.6,9300.0,118864.2,5100.0,118871.9,41000.0
1753769619360,06:13:39.360,bitmex,BTC/USDT:USDT,118864.1,16300.0,118857.6,6200.0,118864.2,5100.0,118871.9,41000.0
1753769619462,06:13:39.462,bitmex,BTC/USDT:USDT,118864.1,24700.0,118857.6,6200.0,118864.2,5100.0,118871.9,41000.0
1753769619511,06:13:39.511,bitmex,BTC/USDT:USDT,118864.1,24700.0,118857.6,6200.0,118864.2,5100.0,118871.9,41000.0
1753769619935,06:13:39.935,bitmex,BTC/USDT:USDT,118864.1,24700.0,118857.6,6200.0,118864.2,5100.0,118871.9,41000.0
1753769619985,06:13:39.985,bitmex,BTC/USDT:USDT,118864.1,43300.0,118857.6,6200.0,118864.2,5100.0,118871.9,41000.0
1753769620083,06:13:40.083,bitmex,BTC/USDT:USDT,118864.1,43300.0,118857.6,6200.0,118864.2,5100.0,118871.9,41000.0
1753769620182,06:13:40.182,bitmex,BTC/USDT:USDT,118864.1,43300.0,118857.6,6200.0,118864.2,5100.0,118871.9,41000.0
1753769620231,06:13:40.231,bitmex,BTC/USDT:USDT,118864.1,43300.0,118857.6,6200.0,118864.2,5100.0,118871.9,41000.0
1753769620280,06:13:40.280,bitmex,BTC/USDT:USDT,118864.1,43300.0,118857.6,6200.0,118864.2,5100.0,118871.9,41000.0
1753769620444,06:13:40.444,bitmex,BTC/USDT:USDT,118864.1,43300.0,118857.6,6200.0,118864.2,5100.0,118871.9,41000.0
1753769620493,06:13:40.493,bitmex,BTC/USDT:USDT,118864.1,28900.0,118857.6,6200.0,118864.2,5100.0,118871.9,41000.0
1753769620542,06:13:40.542,bitmex,BTC/USDT:USDT,118864.1,28900.0,118857.6,6200.0,118864.2,5100.0,118871.9,41000.0
1753769620591,06:13:40.591,bitmex,BTC/USDT:USDT,118864.1,28900.0,118857.6,6200.0,118864.2,5100.0,118871.9,41000.0
1753769620954,06:13:40.954,bitmex,BTC/USDT:USDT,118864.1,28900.0,118857.6,6200.0,118864.2,5100.0,118871.9,41000.0
1753769621004,06:13:41.004,bitmex,BTC/USDT:USDT,118868.3,9300.0,118864.2,20600.0,118868.4,5100.0,118871.9,41000.0
1753769621053,06:13:41.053,bitmex,BTC/USDT:USDT,118868.3,20500.0,118864.2,6200.0,118868.4,5100.0,118871.9,41000.0
1753769621102,06:13:41.102,bitmex,BTC/USDT:USDT,118868.3,20500.0,118864.2,6200.0,118868.4,5100.0,118871.9,41000.0
1753769621156,06:13:41.156,bitmex,BTC/USDT:USDT,118868.3,20500.0,118864.2,6200.0,118868.4,5100.0,118871.9,41000.0
1753769621206,06:13:41.206,bitmex,BTC/USDT:USDT,118868.3,20500.0,118864.2,6200.0,118868.4,5100.0,118871.9,41000.0
1753769621436,06:13:41.436,bitmex,BTC/USDT:USDT,118868.3,20500.0,118864.2,6200.0,118868.4,5100.0,118871.9,41000.0
1753769621659,06:13:41.659,bitmex,BTC/USDT:USDT,118868.3,20500.0,118864.2,6200.0,118868.4,5100.0,118871.9,41000.0
1753769621708,06:13:41.708,bitmex,BTC/USDT:USDT,118868.3,20500.0,118864.2,6200.0,118868.4,5100.0,118871.9,41000.0
1753769622060,06:13:42.060,bitmex,BTC/USDT:USDT,118868.3,20500.0,118864.2,6200.0,118868.4,5100.0,118871.9,41000.0
1753769622110,06:13:42.110,bitmex,BTC/USDT:USDT,118868.3,1900.0,118864.3,9300.0,118868.4,5100.0,118871.9,41000.0
1753769622159,06:13:42.159,bitmex,BTC/USDT:USDT,118868.3,1900.0,118864.2,6200.0,118868.4,5100.0,118871.9,41000.0
1753769622245,06:13:42.245,bitmex,BTC/USDT:USDT,118868.3,1900.0,118864.2,6200.0,118868.4,5100.0,118871.9,41000.0
1753769622295,06:13:42.295,bitmex,BTC/USDT:USDT,118868.3,1900.0,118864.2,6200.0,118868.4,5100.0,118871.9,41000.0
1753769622787,06:13:42.787,bitmex,BTC/USDT:USDT,118868.3,14400.0,118865.8,9300.0,118868.4,5100.0,118871.9,41000.0
1753769622836,06:13:42.836,bitmex,BTC/USDT:USDT,118868.3,34900.0,118865.9,6200.0,118868.4,5100.0,118871.9,41000.0
