timestamp,time,exchange,symbol,bid1_price,bid1_volume,bid2_price,bid2_volume,ask1_price,ask1_volume,ask2_price,ask2_volume
1753769307666,06:08:27.666,coincatch,ETH/USDT:USDT,3809.88,108.55,3809.87,16.19,3810.13,2.93,3810.14,1.02
1753769307766,06:08:27.766,coincatch,ETH/USDT:USDT,3809.88,108.55,3809.87,16.19,3810.13,2.93,3810.14,1.33
1753769307914,06:08:27.914,coincatch,ETH/USDT:USDT,3809.88,108.55,3809.87,16.19,3810.13,2.93,3810.14,1.19
1753769308018,06:08:28.018,coincatch,ETH/USDT:USDT,3809.88,108.77,3809.87,16.19,3810.13,3.5,3810.14,1.04
1753769308136,06:08:28.136,coincatch,ETH/USDT:USDT,3809.88,108.77,3809.87,16.19,3810.13,3.5,3810.14,1.15
1753769308263,06:08:28.263,coincatch,ETH/USDT:USDT,3809.88,108.77,3809.87,16.19,3810.13,3.5,3810.14,1.04
1753769308366,06:08:28.366,coincatch,ETH/USDT:USDT,3809.88,108.77,3809.87,16.19,3810.13,3.5,3810.14,1.04
1753769308586,06:08:28.586,coincatch,ETH/USDT:USDT,3809.88,100.1,3809.87,15.92,3810.13,6.65,3810.14,1.27
1753769308717,06:08:28.717,coincatch,ETH/USDT:USDT,3809.88,100.1,3809.87,15.92,3810.13,6.65,3810.14,1.38
1753769308864,06:08:28.864,coincatch,ETH/USDT:USDT,3809.88,99.96,3809.87,15.92,3810.13,13.74,3810.14,1.04
1753769309067,06:08:29.067,coincatch,ETH/USDT:USDT,3809.88,81.51,3809.87,10.63,3810.13,14.36,3810.14,82.43
1753769309765,06:08:29.765,coincatch,ETH/USDT:USDT,3809.88,83.87,3809.87,20.45,3810.13,12.44,3810.14,82.58
1753769309868,06:08:29.868,coincatch,ETH/USDT:USDT,3809.88,83.87,3809.87,20.45,3810.13,12.44,3810.14,82.58
1753769309989,06:08:29.989,coincatch,ETH/USDT:USDT,3809.88,83.87,3809.87,20.45,3810.13,12.44,3810.14,82.58
1753769310114,06:08:30.114,coincatch,ETH/USDT:USDT,3809.88,83.87,3809.87,17.03,3810.13,12.44,3810.14,82.58
1753769310619,06:08:30.619,coincatch,ETH/USDT:USDT,3809.88,82.89,3809.87,17.03,3810.13,12.56,3810.14,82.58
1753769310768,06:08:30.768,coincatch,ETH/USDT:USDT,3809.88,82.89,3809.87,17.03,3810.13,12.56,3810.14,82.58
1753769310988,06:08:30.988,coincatch,ETH/USDT:USDT,3809.88,82.89,3809.87,17.03,3810.13,12.56,3810.14,82.58
1753769311368,06:08:31.368,coincatch,ETH/USDT:USDT,3809.88,78.23,3809.87,11.38,3810.13,11.56,3810.14,82.58
1753769311471,06:08:31.471,coincatch,ETH/USDT:USDT,3809.88,78.52,3809.87,11.38,3810.13,11.56,3810.14,82.58
1753769311588,06:08:31.588,coincatch,ETH/USDT:USDT,3809.88,78.52,3809.87,11.38,3810.13,12.41,3810.14,82.58
1753769311721,06:08:31.721,coincatch,ETH/USDT:USDT,3809.88,78.52,3809.87,11.38,3810.13,12.41,3810.14,82.58
1753769311822,06:08:31.822,coincatch,ETH/USDT:USDT,3809.88,78.52,3809.87,11.38,3810.13,12.41,3810.14,82.58
1753769311927,06:08:31.927,coincatch,ETH/USDT:USDT,3809.88,77.27,3809.87,17.06,3810.13,12.81,3810.14,82.58
1753769312174,06:08:32.174,coincatch,ETH/USDT:USDT,3809.88,74.39,3809.87,15.94,3810.13,13.17,3810.14,82.58
1753769312320,06:08:32.320,coincatch,ETH/USDT:USDT,3809.88,66.41,3809.87,15.94,3810.13,13.17,3810.14,82.58
1753769312420,06:08:32.420,coincatch,ETH/USDT:USDT,3809.88,66.41,3809.87,15.94,3810.13,14.76,3810.14,82.58
1753769312523,06:08:32.523,coincatch,ETH/USDT:USDT,3809.88,66.41,3809.87,15.94,3810.13,14.76,3810.14,82.58
1753769312640,06:08:32.640,coincatch,ETH/USDT:USDT,3809.88,66.41,3809.87,11.0,3810.13,14.76,3810.14,82.58
1753769312765,06:08:32.765,coincatch,ETH/USDT:USDT,3809.88,66.52,3809.87,11.0,3810.13,14.65,3810.14,82.7
1753769313073,06:08:33.073,coincatch,ETH/USDT:USDT,3809.88,66.52,3809.87,11.0,3810.13,14.65,3810.14,82.85
1753769313173,06:08:33.173,coincatch,ETH/USDT:USDT,3809.88,66.52,3809.87,11.0,3810.13,14.65,3810.14,82.85
1753769313389,06:08:33.389,coincatch,ETH/USDT:USDT,3809.88,66.52,3809.87,11.0,3810.13,16.6,3810.14,82.85
1753769313524,06:08:33.524,coincatch,ETH/USDT:USDT,3809.88,66.73,3809.87,11.0,3810.13,16.42,3810.14,82.85
1753769313672,06:08:33.672,coincatch,ETH/USDT:USDT,3809.88,66.73,3809.87,11.0,3810.13,16.42,3810.14,82.85
1753769313774,06:08:33.774,coincatch,ETH/USDT:USDT,3809.88,66.73,3809.87,11.0,3810.13,16.42,3810.14,82.85
1753769313990,06:08:33.990,coincatch,ETH/USDT:USDT,3809.88,66.09,3809.87,11.0,3810.13,15.79,3810.14,82.85
1753769314127,06:08:34.127,coincatch,ETH/USDT:USDT,3809.88,65.27,3809.87,11.0,3810.13,15.79,3810.14,82.85
1753769314256,06:08:34.256,coincatch,ETH/USDT:USDT,3809.88,65.99,3809.87,11.0,3810.13,15.79,3810.14,82.85
1753769314377,06:08:34.377,coincatch,ETH/USDT:USDT,3809.88,65.8,3809.87,11.0,3810.13,16.65,3810.14,82.85
1753769314529,06:08:34.529,coincatch,ETH/USDT:USDT,3809.88,65.8,3809.87,11.0,3810.13,16.65,3810.14,82.85
1753769314678,06:08:34.678,coincatch,ETH/USDT:USDT,3809.88,65.8,3809.87,11.0,3810.13,15.41,3810.14,82.85
1753769314778,06:08:34.778,coincatch,ETH/USDT:USDT,3809.88,65.8,3809.87,11.0,3810.13,15.41,3810.14,82.85
1753769314878,06:08:34.878,coincatch,ETH/USDT:USDT,3809.88,65.8,3809.87,11.0,3810.13,15.41,3810.14,82.85
1753769314986,06:08:34.986,coincatch,ETH/USDT:USDT,3809.88,65.06,3809.87,11.0,3810.13,15.9,3810.14,82.85
1753769315123,06:08:35.123,coincatch,ETH/USDT:USDT,3809.88,65.06,3809.87,11.0,3810.13,15.9,3810.14,82.85
1753769315228,06:08:35.228,coincatch,ETH/USDT:USDT,3809.88,67.78,3809.87,11.0,3810.13,15.9,3810.14,82.85
1753769315341,06:08:35.341,coincatch,ETH/USDT:USDT,3809.88,67.78,3809.87,11.0,3810.13,15.9,3810.14,82.85
1753769315476,06:08:35.476,coincatch,ETH/USDT:USDT,3809.88,67.89,3809.87,11.0,3810.13,16.32,3810.14,82.85
1753769315577,06:08:35.577,coincatch,ETH/USDT:USDT,3809.88,67.89,3809.87,11.0,3810.13,16.32,3810.14,82.85
1753769315791,06:08:35.791,coincatch,ETH/USDT:USDT,3809.88,68.78,3809.87,11.0,3810.13,16.32,3810.14,82.96
1753769315928,06:08:35.928,coincatch,ETH/USDT:USDT,3809.88,68.78,3809.87,11.0,3810.13,16.32,3810.14,82.96
1753769316037,06:08:36.037,coincatch,ETH/USDT:USDT,3809.88,65.88,3809.87,11.0,3810.13,19.29,3810.14,82.96
1753769316196,06:08:36.196,coincatch,ETH/USDT:USDT,3809.88,66.7,3809.87,11.0,3810.13,19.29,3810.14,82.96
1753769316328,06:08:36.328,coincatch,ETH/USDT:USDT,3809.88,66.01,3809.87,11.0,3810.13,17.04,3810.14,82.96
1753769316475,06:08:36.475,coincatch,ETH/USDT:USDT,3809.88,66.01,3809.87,11.0,3810.13,17.04,3810.14,82.96
1753769316675,06:08:36.675,coincatch,ETH/USDT:USDT,3809.88,65.16,3809.87,11.0,3810.13,17.04,3810.14,82.96
1753769316777,06:08:36.777,coincatch,ETH/USDT:USDT,3809.88,65.16,3809.87,11.0,3810.13,17.04,3810.14,82.96
1753769316977,06:08:36.977,coincatch,ETH/USDT:USDT,3809.88,66.4,3809.87,11.0,3810.13,16.8,3810.14,83.54
1753769317126,06:08:37.126,coincatch,ETH/USDT:USDT,3809.88,66.96,3809.87,11.0,3810.13,16.8,3810.14,83.54
1753769317227,06:08:37.227,coincatch,ETH/USDT:USDT,3809.88,66.96,3809.87,11.0,3810.13,16.8,3810.14,83.54
1753769317328,06:08:37.328,coincatch,ETH/USDT:USDT,3809.88,66.96,3809.87,11.0,3810.13,16.8,3810.14,83.54
1753769317429,06:08:37.429,coincatch,ETH/USDT:USDT,3809.88,66.02,3809.87,11.0,3810.13,15.9,3810.14,83.54
1753769317529,06:08:37.529,coincatch,ETH/USDT:USDT,3809.88,66.02,3809.87,11.0,3810.13,15.9,3810.14,83.54
1753769317629,06:08:37.629,coincatch,ETH/USDT:USDT,3809.88,66.02,3809.87,11.0,3810.13,15.9,3810.14,83.54
1753769317743,06:08:37.743,coincatch,ETH/USDT:USDT,3809.88,66.02,3809.87,11.0,3810.13,16.13,3810.14,83.42
1753769317881,06:08:37.881,coincatch,ETH/USDT:USDT,3809.88,66.02,3809.87,11.0,3810.13,16.13,3810.14,83.42
1753769317981,06:08:37.981,coincatch,ETH/USDT:USDT,3809.88,65.83,3809.87,11.0,3810.13,15.91,3810.14,83.42
1753769318134,06:08:38.134,coincatch,ETH/USDT:USDT,3809.88,65.83,3809.87,11.0,3810.13,15.91,3810.14,83.42
1753769318280,06:08:38.280,coincatch,ETH/USDT:USDT,3809.88,60.27,3809.87,11.11,3810.13,15.77,3810.14,83.42
1753769318433,06:08:38.433,coincatch,ETH/USDT:USDT,3809.88,62.18,3809.87,11.11,3810.13,15.77,3810.14,83.42
1753769318580,06:08:38.580,coincatch,ETH/USDT:USDT,3809.88,62.18,3809.87,11.11,3810.13,16.46,3810.14,83.42
1753769318681,06:08:38.681,coincatch,ETH/USDT:USDT,3809.88,62.18,3809.87,11.11,3810.13,16.46,3810.14,83.42
1753769318782,06:08:38.782,coincatch,ETH/USDT:USDT,3809.88,62.18,3809.87,11.11,3810.13,16.46,3810.14,83.42
1753769318883,06:08:38.883,coincatch,ETH/USDT:USDT,3809.88,59.5,3809.87,11.11,3810.13,16.29,3810.14,83.42
1753769319033,06:08:39.033,coincatch,ETH/USDT:USDT,3809.88,57.59,3809.87,11.11,3810.13,16.29,3810.14,83.42
1753769319134,06:08:39.134,coincatch,ETH/USDT:USDT,3809.88,57.59,3809.87,11.11,3810.13,16.4,3810.14,83.42
1753769319236,06:08:39.236,coincatch,ETH/USDT:USDT,3809.88,57.59,3809.87,11.11,3810.13,16.4,3810.14,83.42
1753769319384,06:08:39.384,coincatch,ETH/USDT:USDT,3809.88,56.58,3809.87,11.11,3810.13,16.4,3810.14,83.42
1753769319532,06:08:39.532,coincatch,ETH/USDT:USDT,3809.88,56.58,3809.87,11.11,3810.13,16.4,3810.14,83.42
1753769319634,06:08:39.634,coincatch,ETH/USDT:USDT,3809.88,56.58,3809.87,11.11,3810.13,16.78,3810.14,83.42
1753769319735,06:08:39.735,coincatch,ETH/USDT:USDT,3809.88,56.58,3809.87,10.93,3810.13,16.78,3810.14,83.42
1753769319835,06:08:39.835,coincatch,ETH/USDT:USDT,3809.88,56.58,3809.87,10.93,3810.13,16.78,3810.14,83.42
1753769319936,06:08:39.936,coincatch,ETH/USDT:USDT,3809.88,52.47,3809.87,10.93,3810.13,16.36,3810.14,83.42
1753769320037,06:08:40.037,coincatch,ETH/USDT:USDT,3809.88,52.47,3809.87,10.93,3810.13,16.36,3810.14,83.42
1753769320138,06:08:40.138,coincatch,ETH/USDT:USDT,3809.88,52.47,3809.87,10.93,3810.13,16.36,3810.14,83.42
1753769320293,06:08:40.293,coincatch,ETH/USDT:USDT,3809.88,52.47,3809.87,10.93,3810.13,16.74,3810.14,83.42
1753769320434,06:08:40.434,coincatch,ETH/USDT:USDT,3809.88,52.47,3809.87,10.93,3810.13,16.74,3810.14,83.42
1753769320537,06:08:40.537,coincatch,ETH/USDT:USDT,3809.88,52.47,3809.87,11.11,3810.13,16.74,3810.14,83.42
1753769320638,06:08:40.638,coincatch,ETH/USDT:USDT,3809.88,52.47,3809.87,11.11,3810.13,16.74,3810.14,83.42
1753769320840,06:08:40.840,coincatch,ETH/USDT:USDT,3809.88,46.53,3809.87,11.11,3810.13,21.25,3810.14,83.42
1753769320942,06:08:40.942,coincatch,ETH/USDT:USDT,3809.88,46.53,3809.87,11.11,3810.13,21.25,3810.14,83.42
1753769321190,06:08:41.190,coincatch,ETH/USDT:USDT,3809.88,46.53,3809.87,10.93,3810.13,20.18,3810.14,83.42
1753769321340,06:08:41.340,coincatch,ETH/USDT:USDT,3809.88,48.66,3809.87,11.09,3810.13,17.0,3810.14,83.42
1753769321440,06:08:41.440,coincatch,ETH/USDT:USDT,3809.88,48.66,3809.87,11.09,3810.13,17.0,3810.14,83.42
1753769321541,06:08:41.541,coincatch,ETH/USDT:USDT,3809.88,48.66,3809.87,12.06,3810.13,17.0,3810.14,83.42
1753769321643,06:08:41.643,coincatch,ETH/USDT:USDT,3809.88,51.72,3809.87,12.06,3810.13,17.48,3810.14,83.42
1753769321848,06:08:41.848,coincatch,ETH/USDT:USDT,3809.88,51.72,3809.87,10.91,3810.13,17.48,3810.14,83.42
1753769321990,06:08:41.990,coincatch,ETH/USDT:USDT,3809.88,47.5,3809.87,10.91,3810.13,17.64,3810.14,83.42
1753769322092,06:08:42.092,coincatch,ETH/USDT:USDT,3809.88,47.5,3809.87,10.91,3810.13,17.64,3810.14,83.42
1753769322194,06:08:42.194,coincatch,ETH/USDT:USDT,3809.81,45.15,3809.8,10.91,3810.13,19.09,3810.14,83.42
1753769322343,06:08:42.343,coincatch,ETH/USDT:USDT,3809.6,45.97,3809.59,10.91,3810.13,19.09,3810.14,83.42
1753769322492,06:08:42.492,coincatch,ETH/USDT:USDT,3809.48,17.22,3809.47,16.28,3809.73,17.02,3809.74,59.53
1753769322592,06:08:42.592,coincatch,ETH/USDT:USDT,3809.48,24.15,3809.47,10.49,3809.73,17.02,3809.74,59.53
1753769322695,06:08:42.695,coincatch,ETH/USDT:USDT,3809.48,15.6,3809.47,7.0,3809.73,17.49,3809.74,97.82
1753769322839,06:08:42.839,coincatch,ETH/USDT:USDT,3809.48,15.43,3809.47,1.41,3809.73,17.49,3809.74,97.82
1753769322944,06:08:42.944,coincatch,ETH/USDT:USDT,3809.48,15.43,3809.47,1.31,3809.73,17.49,3809.74,97.82
1753769323082,06:08:43.082,coincatch,ETH/USDT:USDT,3809.48,21.56,3809.47,7.14,3809.73,17.49,3809.74,97.82
1753769323194,06:08:43.194,coincatch,ETH/USDT:USDT,3809.48,21.56,3809.47,13.85,3809.73,17.49,3809.74,97.82
1753769323296,06:08:43.296,coincatch,ETH/USDT:USDT,3809.48,22.01,3809.47,13.85,3809.73,17.49,3809.74,97.82
1753769323443,06:08:43.443,coincatch,ETH/USDT:USDT,3809.48,22.17,3809.47,13.85,3809.73,17.49,3809.74,97.82
1753769323545,06:08:43.545,coincatch,ETH/USDT:USDT,3809.43,12.35,3809.42,13.85,3809.73,17.49,3809.74,97.82
1753769323694,06:08:43.694,coincatch,ETH/USDT:USDT,3809.42,12.18,3809.41,7.14,3809.73,17.49,3809.74,97.82
1753769323795,06:08:43.795,coincatch,ETH/USDT:USDT,3809.42,12.18,3809.41,7.14,3809.73,17.49,3809.74,97.82
1753769323896,06:08:43.896,coincatch,ETH/USDT:USDT,3809.3,43.75,3809.29,1.34,3809.55,9.85,3809.56,130.09
1753769324196,06:08:44.196,coincatch,ETH/USDT:USDT,3809.3,21.33,3809.29,1.18,3809.55,12.42,3809.56,114.79
1753769324448,06:08:44.448,coincatch,ETH/USDT:USDT,3809.3,18.21,3809.29,1.08,3809.55,12.61,3809.56,112.38
1753769324593,06:08:44.593,coincatch,ETH/USDT:USDT,3809.3,18.21,3809.29,1.19,3809.55,12.61,3809.56,112.38
1753769324694,06:08:44.694,coincatch,ETH/USDT:USDT,3809.3,18.35,3809.29,1.0,3809.55,12.95,3809.56,112.38
1753769324794,06:08:44.794,coincatch,ETH/USDT:USDT,3809.3,18.35,3809.29,1.23,3809.55,12.95,3809.56,112.38
1753769324896,06:08:44.896,coincatch,ETH/USDT:USDT,3809.3,14.51,3809.29,1.24,3809.55,12.95,3809.56,112.38
1753769325043,06:08:45.043,coincatch,ETH/USDT:USDT,3809.3,4.27,3809.29,1.01,3809.55,13.37,3809.56,112.38
1753769325145,06:08:45.145,coincatch,ETH/USDT:USDT,3809.3,4.27,3809.29,1.48,3809.55,13.37,3809.56,112.38
1753769325246,06:08:45.246,coincatch,ETH/USDT:USDT,3809.28,8.5,3809.27,3.12,3809.55,13.02,3809.56,112.38
1753769325348,06:08:45.348,coincatch,ETH/USDT:USDT,3809.28,8.5,3809.27,3.12,3809.55,13.02,3809.56,112.38
1753769325448,06:08:45.448,coincatch,ETH/USDT:USDT,3809.28,5.15,3809.27,2.1,3809.55,13.02,3809.56,112.38
1753769325548,06:08:45.548,coincatch,ETH/USDT:USDT,3809.16,19.33,3809.15,1.57,3809.41,17.12,3809.42,97.91
1753769325658,06:08:45.658,coincatch,ETH/USDT:USDT,3809.16,19.33,3809.15,1.57,3809.41,17.12,3809.42,97.91
1753769325801,06:08:45.801,coincatch,ETH/USDT:USDT,3809.16,19.33,3809.15,1.09,3809.41,18.03,3809.42,86.9
1753769326050,06:08:46.050,coincatch,ETH/USDT:USDT,3809.16,16.18,3809.15,1.12,3809.41,18.03,3809.42,86.9
1753769326199,06:08:46.199,coincatch,ETH/USDT:USDT,3809.16,16.18,3809.15,1.12,3809.41,18.03,3809.42,86.9
1753769326301,06:08:46.301,coincatch,ETH/USDT:USDT,3809.16,16.18,3809.15,1.37,3809.41,18.03,3809.42,86.9
1753769326551,06:08:46.551,coincatch,ETH/USDT:USDT,3809.16,23.57,3809.15,1.24,3809.41,16.29,3809.42,86.9
1753769326699,06:08:46.699,coincatch,ETH/USDT:USDT,3809.16,47.59,3809.15,1.45,3809.41,15.44,3809.42,86.9
1753769326800,06:08:46.800,coincatch,ETH/USDT:USDT,3809.16,47.59,3809.15,1.0,3809.41,15.44,3809.42,86.9
1753769326903,06:08:46.903,coincatch,ETH/USDT:USDT,3809.16,48.39,3809.15,1.26,3809.41,15.44,3809.42,86.9
1753769327048,06:08:47.048,coincatch,ETH/USDT:USDT,3809.16,48.39,3809.15,1.33,3809.41,15.44,3809.42,86.9
1753769327151,06:08:47.151,coincatch,ETH/USDT:USDT,3809.16,47.59,3809.15,1.35,3809.41,15.16,3809.42,86.9
1753769327251,06:08:47.251,coincatch,ETH/USDT:USDT,3809.16,47.59,3809.15,1.43,3809.41,15.16,3809.42,86.9
1753769327502,06:08:47.502,coincatch,ETH/USDT:USDT,3809.16,47.59,3809.15,1.14,3809.41,15.83,3809.42,86.9
1753769327603,06:08:47.603,coincatch,ETH/USDT:USDT,3809.16,47.59,3809.15,1.42,3809.41,15.83,3809.42,86.9
1753769327950,06:08:47.950,coincatch,ETH/USDT:USDT,3809.16,31.29,3809.15,1.42,3809.41,18.03,3809.42,86.9
1753769328153,06:08:48.153,coincatch,ETH/USDT:USDT,3809.16,38.34,3809.15,1.19,3809.41,17.78,3809.42,86.9
1753769328304,06:08:48.304,coincatch,ETH/USDT:USDT,3809.16,60.34,3809.15,1.29,3809.41,15.59,3809.42,86.9
1753769328454,06:08:48.454,coincatch,ETH/USDT:USDT,3809.16,60.34,3809.15,1.06,3809.41,15.59,3809.42,86.9
1753769328855,06:08:48.855,coincatch,ETH/USDT:USDT,3809.16,72.4,3809.15,1.44,3809.41,9.77,3809.42,14.99
1753769329105,06:08:49.105,coincatch,ETH/USDT:USDT,3809.16,72.4,3809.15,1.36,3809.41,9.61,3809.42,14.99
1753769329361,06:08:49.361,coincatch,ETH/USDT:USDT,3809.16,72.4,3809.15,1.5,3809.41,9.61,3809.42,14.99
1753769329502,06:08:49.502,coincatch,ETH/USDT:USDT,3809.16,62.72,3809.15,1.03,3809.41,9.15,3809.42,14.99
1753769329602,06:08:49.602,coincatch,ETH/USDT:USDT,3809.16,53.78,3809.15,1.49,3809.41,9.15,3809.42,14.99
1753769329702,06:08:49.702,coincatch,ETH/USDT:USDT,3809.16,53.53,3809.15,1.12,3809.41,10.11,3809.42,14.99
1753769329909,06:08:49.909,coincatch,ETH/USDT:USDT,3809.16,53.53,3809.15,1.28,3809.41,10.11,3809.42,14.99
1753769330155,06:08:50.155,coincatch,ETH/USDT:USDT,3809.16,53.53,3809.15,1.12,3809.41,10.46,3809.42,14.99
1753769330305,06:08:50.305,coincatch,ETH/USDT:USDT,3809.16,53.4,3809.15,1.02,3809.41,9.77,3809.42,14.99
1753769330455,06:08:50.455,coincatch,ETH/USDT:USDT,3809.16,53.4,3809.15,1.11,3809.41,9.77,3809.42,14.99
1753769330600,06:08:50.600,coincatch,ETH/USDT:USDT,3809.16,109.46,3809.15,1.11,3809.41,10.7,3809.42,14.99
1753769330703,06:08:50.703,coincatch,ETH/USDT:USDT,3809.16,109.46,3809.15,1.42,3809.41,10.7,3809.42,14.99
1753769330855,06:08:50.855,coincatch,ETH/USDT:USDT,3809.16,109.46,3809.15,1.25,3809.41,10.49,3809.42,14.99
1753769330955,06:08:50.955,coincatch,ETH/USDT:USDT,3809.16,109.46,3809.15,1.35,3809.41,10.49,3809.42,14.99
1753769331101,06:08:51.101,coincatch,ETH/USDT:USDT,3809.16,109.46,3809.15,1.35,3809.41,10.36,3809.42,14.99
1753769331204,06:08:51.204,coincatch,ETH/USDT:USDT,3809.16,109.46,3809.15,1.01,3809.41,10.36,3809.42,14.99
1753769331305,06:08:51.305,coincatch,ETH/USDT:USDT,3809.16,101.76,3809.15,1.01,3809.41,12.79,3809.42,14.99
1753769331405,06:08:51.405,coincatch,ETH/USDT:USDT,3809.16,101.76,3809.15,1.41,3809.41,12.79,3809.42,14.99
1753769331551,06:08:51.551,coincatch,ETH/USDT:USDT,3809.16,101.76,3809.15,1.3,3809.41,12.79,3809.42,14.99
1753769331656,06:08:51.656,coincatch,ETH/USDT:USDT,3809.16,100.66,3809.15,1.42,3809.41,13.77,3809.42,14.99
1753769331757,06:08:51.757,coincatch,ETH/USDT:USDT,3809.16,100.66,3809.15,1.2,3809.41,13.77,3809.42,14.99
1753769331859,06:08:51.859,coincatch,ETH/USDT:USDT,3809.16,100.66,3809.15,1.01,3809.41,13.77,3809.42,14.99
1753769332001,06:08:52.001,coincatch,ETH/USDT:USDT,3809.16,83.65,3809.15,1.37,3809.41,19.72,3809.42,14.99
1753769332106,06:08:52.106,coincatch,ETH/USDT:USDT,3809.16,83.65,3809.15,1.37,3809.41,19.72,3809.42,14.99
1753769332210,06:08:52.210,coincatch,ETH/USDT:USDT,3809.16,79.12,3809.15,1.37,3809.41,19.72,3809.42,91.32
1753769332460,06:08:52.460,coincatch,ETH/USDT:USDT,3809.16,78.97,3809.15,2.88,3809.41,19.72,3809.42,91.49
1753769332560,06:08:52.560,coincatch,ETH/USDT:USDT,3809.16,78.97,3809.15,2.88,3809.41,19.72,3809.42,91.49
1753769332708,06:08:52.708,coincatch,ETH/USDT:USDT,3809.16,78.97,3809.15,2.88,3809.41,19.97,3809.42,91.49
1753769332808,06:08:52.808,coincatch,ETH/USDT:USDT,3809.16,78.97,3809.15,2.88,3809.41,19.97,3809.42,91.49
1753769332910,06:08:52.910,coincatch,ETH/USDT:USDT,3809.16,78.97,3809.15,2.88,3809.41,19.97,3809.42,91.49
1753769333153,06:08:53.153,coincatch,ETH/USDT:USDT,3809.16,78.97,3809.15,2.88,3809.41,19.97,3809.42,91.62
1753769333259,06:08:53.259,coincatch,ETH/USDT:USDT,3809.16,77.34,3809.15,2.88,3809.41,20.81,3809.42,91.62
1753769333408,06:08:53.408,coincatch,ETH/USDT:USDT,3809.16,77.34,3809.15,1.34,3809.41,20.81,3809.42,91.62
1753769333532,06:08:53.532,coincatch,ETH/USDT:USDT,3808.86,72.14,3808.85,1.14,3809.41,20.81,3809.42,91.62
1753769333755,06:08:53.755,coincatch,ETH/USDT:USDT,3808.75,1.35,3808.74,23.61,3809.02,4.58,3809.03,23.22
1753769333859,06:08:53.859,coincatch,ETH/USDT:USDT,3808.68,16.18,3808.67,11.38,3808.93,20.11,3808.94,1.13
1753769333959,06:08:53.959,coincatch,ETH/USDT:USDT,3808.68,27.18,3808.67,7.6,3808.93,20.11,3808.94,1.38
1753769334060,06:08:54.060,coincatch,ETH/USDT:USDT,3808.68,27.18,3808.67,1.25,3808.93,20.11,3808.94,1.01
1753769334163,06:08:54.163,coincatch,ETH/USDT:USDT,3808.68,13.89,3808.67,1.36,3808.93,26.07,3808.94,59.51
1753769334263,06:08:54.263,coincatch,ETH/USDT:USDT,3808.68,14.46,3808.67,1.36,3808.93,26.07,3808.94,59.51
1753769334509,06:08:54.509,coincatch,ETH/USDT:USDT,3808.68,12.36,3808.67,1.31,3808.93,25.66,3808.94,59.51
1753769334659,06:08:54.659,coincatch,ETH/USDT:USDT,3808.39,40.58,3808.38,50.33,3808.64,8.81,3808.66,1.15
1753769334759,06:08:54.759,coincatch,ETH/USDT:USDT,3808.39,41.21,3808.38,50.33,3808.64,8.81,3808.66,1.03
1753769334860,06:08:54.860,coincatch,ETH/USDT:USDT,3808.39,43.12,3808.38,49.24,3808.64,8.81,3808.66,1.19
1753769334961,06:08:54.961,coincatch,ETH/USDT:USDT,3808.39,39.16,3808.38,49.24,3808.64,12.17,3808.66,1.27
1753769335110,06:08:55.110,coincatch,ETH/USDT:USDT,3808.39,37.25,3808.38,50.12,3808.64,12.17,3808.66,1.39
1753769335213,06:08:55.213,coincatch,ETH/USDT:USDT,3808.39,32.74,3808.38,50.23,3808.64,16.63,3808.65,1.09
1753769335360,06:08:55.360,coincatch,ETH/USDT:USDT,3808.39,32.74,3808.38,50.23,3808.64,16.63,3808.65,1.09
1753769335511,06:08:55.511,coincatch,ETH/USDT:USDT,3808.39,33.65,3808.38,51.98,3808.64,23.85,3808.65,1.09
1753769335659,06:08:55.659,coincatch,ETH/USDT:USDT,3808.39,33.65,3808.38,51.98,3808.64,23.85,3808.65,1.09
1753769335761,06:08:55.761,coincatch,ETH/USDT:USDT,3808.39,30.38,3808.38,57.66,3808.64,23.85,3808.65,1.09
1753769335862,06:08:55.862,coincatch,ETH/USDT:USDT,3808.39,31.16,3808.38,57.66,3808.64,24.36,3808.65,1.09
1753769335962,06:08:55.962,coincatch,ETH/USDT:USDT,3808.39,31.16,3808.38,57.66,3808.64,24.36,3808.65,1.09
1753769336112,06:08:56.112,coincatch,ETH/USDT:USDT,3808.39,30.4,3808.38,57.66,3808.64,25.0,3808.65,1.14
1753769336212,06:08:56.212,coincatch,ETH/USDT:USDT,3808.39,30.4,3808.38,57.66,3808.64,25.0,3808.65,1.14
1753769336354,06:08:56.354,coincatch,ETH/USDT:USDT,3808.39,30.4,3808.38,57.66,3808.64,25.0,3808.65,1.06
1753769336461,06:08:56.461,coincatch,ETH/USDT:USDT,3808.39,28.43,3808.38,57.66,3808.64,25.16,3808.65,1.35
1753769336610,06:08:56.610,coincatch,ETH/USDT:USDT,3808.28,24.84,3808.27,51.99,3808.64,24.05,3808.65,1.35
1753769336710,06:08:56.710,coincatch,ETH/USDT:USDT,3808.21,24.84,3808.2,51.99,3808.64,24.05,3808.65,1.2
1753769336812,06:08:56.812,coincatch,ETH/USDT:USDT,3807.98,32.84,3807.97,9.73,3808.64,24.05,3808.65,1.32
1753769336912,06:08:56.912,coincatch,ETH/USDT:USDT,3807.86,11.37,3807.85,14.17,3808.11,14.43,3808.12,55.18
1753769337160,06:08:57.160,coincatch,ETH/USDT:USDT,3807.86,24.97,3807.85,14.17,3808.11,14.43,3808.12,55.18
1753769337364,06:08:57.364,coincatch,ETH/USDT:USDT,3807.81,14.27,3807.8,10.37,3808.06,20.43,3808.07,102.66
1753769337464,06:08:57.464,coincatch,ETH/USDT:USDT,3807.81,20.85,3807.8,10.37,3808.06,20.43,3808.07,102.66
1753769337705,06:08:57.705,coincatch,ETH/USDT:USDT,3807.81,26.33,3807.8,10.37,3808.06,26.65,3808.07,102.66
1753769337963,06:08:57.963,coincatch,ETH/USDT:USDT,3807.81,5.82,3807.8,7.06,3808.06,26.65,3808.07,91.46
1753769338065,06:08:58.065,coincatch,ETH/USDT:USDT,3807.81,1.11,3807.8,7.06,3808.06,26.65,3808.07,91.46
1753769338305,06:08:58.305,coincatch,ETH/USDT:USDT,3807.76,28.89,3807.75,6.01,3808.01,21.09,3808.02,1.16
1753769338516,06:08:58.516,coincatch,ETH/USDT:USDT,3807.76,35.72,3807.75,6.01,3808.01,25.95,3808.02,1.34
1753769338816,06:08:58.816,coincatch,ETH/USDT:USDT,3807.76,46.24,3807.75,6.75,3808.01,16.51,3808.02,1.02
1753769338965,06:08:58.965,coincatch,ETH/USDT:USDT,3807.76,55.26,3807.75,6.75,3808.01,15.5,3808.02,1.46
1753769339065,06:08:59.065,coincatch,ETH/USDT:USDT,3807.76,55.26,3807.75,6.75,3808.01,15.5,3808.02,1.15
1753769339204,06:08:59.204,coincatch,ETH/USDT:USDT,3807.76,55.26,3807.75,6.75,3808.01,15.5,3808.02,1.04
1753769339316,06:08:59.316,coincatch,ETH/USDT:USDT,3807.76,55.4,3807.75,6.75,3808.01,15.66,3808.02,1.45
1753769339465,06:08:59.465,coincatch,ETH/USDT:USDT,3807.76,55.99,3807.75,6.75,3808.01,15.66,3808.02,1.22
1753769339569,06:08:59.569,coincatch,ETH/USDT:USDT,3807.76,62.41,3807.75,6.75,3808.01,14.74,3808.02,1.16
1753769339715,06:08:59.715,coincatch,ETH/USDT:USDT,3807.76,62.41,3807.75,6.75,3808.01,14.74,3808.02,1.05
1753769339865,06:08:59.865,coincatch,ETH/USDT:USDT,3807.76,48.18,3807.75,6.01,3808.35,14.73,3808.36,1.04
1753769340106,06:09:00.106,coincatch,ETH/USDT:USDT,3808.22,13.89,3808.21,1.02,3808.47,13.16,3808.48,84.85
1753769340207,06:09:00.207,coincatch,ETH/USDT:USDT,3808.22,13.89,3808.21,1.42,3808.47,13.16,3808.48,84.85
1753769340318,06:09:00.318,coincatch,ETH/USDT:USDT,3808.22,17.26,3808.21,1.29,3808.47,13.57,3808.48,84.85
1753769340466,06:09:00.466,coincatch,ETH/USDT:USDT,3808.22,5.93,3808.21,1.08,3808.47,13.57,3808.48,84.85
1753769340566,06:09:00.566,coincatch,ETH/USDT:USDT,3808.22,5.93,3808.21,1.33,3808.47,13.57,3808.48,84.85
1753769340669,06:09:00.669,coincatch,ETH/USDT:USDT,3808.22,6.3,3808.21,1.38,3808.47,13.57,3808.48,84.85
1753769340769,06:09:00.769,coincatch,ETH/USDT:USDT,3808.22,6.3,3808.21,1.17,3808.47,13.57,3808.48,84.85
1753769340918,06:09:00.918,coincatch,ETH/USDT:USDT,3808.22,6.0,3808.21,1.31,3808.47,14.47,3808.48,84.85
1753769341019,06:09:01.019,coincatch,ETH/USDT:USDT,3808.22,8.98,3808.21,1.38,3808.47,14.47,3808.48,84.85
1753769341124,06:09:01.124,coincatch,ETH/USDT:USDT,3808.22,8.98,3808.21,1.01,3808.47,14.47,3808.48,84.85
1753769341372,06:09:01.372,coincatch,ETH/USDT:USDT,3808.22,6.01,3808.21,1.05,3808.47,14.47,3808.48,84.85
1753769341523,06:09:01.523,coincatch,ETH/USDT:USDT,3808.22,13.02,3808.21,1.01,3808.47,13.75,3808.48,87.59
1753769341637,06:09:01.637,coincatch,ETH/USDT:USDT,3808.22,13.02,3808.21,1.33,3808.47,13.75,3808.48,87.59
1753769341758,06:09:01.758,coincatch,ETH/USDT:USDT,3808.22,28.01,3808.21,1.33,3808.47,12.8,3808.48,87.59
1753769341876,06:09:01.876,coincatch,ETH/USDT:USDT,3808.22,28.01,3808.21,1.27,3808.47,12.8,3808.48,87.59
1753769341975,06:09:01.975,coincatch,ETH/USDT:USDT,3808.22,49.75,3808.21,1.11,3808.47,5.17,3808.48,1.01
1753769342225,06:09:02.225,coincatch,ETH/USDT:USDT,3808.22,49.75,3808.21,1.41,3808.47,5.17,3808.48,1.01
1753769342326,06:09:02.326,coincatch,ETH/USDT:USDT,3808.22,42.41,3808.21,1.02,3808.47,5.17,3808.48,1.01
1753769342577,06:09:02.577,coincatch,ETH/USDT:USDT,3807.93,2.75,3807.92,6.46,3808.33,19.37,3808.34,1.29
1753769342679,06:09:02.679,coincatch,ETH/USDT:USDT,3807.93,2.75,3807.92,6.46,3808.33,19.37,3808.34,1.22
1753769342779,06:09:02.779,coincatch,ETH/USDT:USDT,3807.93,2.75,3807.92,2.96,3808.33,19.37,3808.34,1.32
1753769342926,06:09:02.926,coincatch,ETH/USDT:USDT,3807.81,27.98,3807.8,1.34,3808.06,19.71,3808.07,36.06
1753769343128,06:09:03.128,coincatch,ETH/USDT:USDT,3807.81,7.34,3807.8,1.11,3808.06,18.69,3808.07,95.56
1753769343239,06:09:03.239,coincatch,ETH/USDT:USDT,3807.81,7.34,3807.8,1.37,3808.06,18.69,3808.07,95.56
1753769343378,06:09:03.378,coincatch,ETH/USDT:USDT,3807.77,12.62,3807.76,1.24,3808.02,22.97,3808.03,33.78
1753769343526,06:09:03.526,coincatch,ETH/USDT:USDT,3807.72,3.59,3807.71,1.05,3808.02,22.97,3808.03,33.78
1753769343627,06:09:03.627,coincatch,ETH/USDT:USDT,3807.65,5.33,3807.64,1.27,3808.02,22.97,3808.03,33.78
1753769343729,06:09:03.729,coincatch,ETH/USDT:USDT,3807.53,11.84,3807.52,6.74,3807.78,22.73,3807.79,59.86
1753769343859,06:09:03.859,coincatch,ETH/USDT:USDT,3807.53,4.84,3807.52,8.04,3807.78,22.73,3807.79,59.86
1753769343979,06:09:03.979,coincatch,ETH/USDT:USDT,3807.5,1.35,3807.49,5.37,3807.78,22.52,3807.79,88.47
1753769344128,06:09:04.128,coincatch,ETH/USDT:USDT,3807.5,1.12,3807.49,5.37,3807.78,22.52,3807.79,88.47
1753769344228,06:09:04.228,coincatch,ETH/USDT:USDT,3807.38,31.02,3807.37,22.07,3807.63,7.13,3807.64,1.11
1753769344377,06:09:04.377,coincatch,ETH/USDT:USDT,3807.38,31.02,3807.37,22.07,3807.63,7.13,3807.64,1.09
1753769344478,06:09:04.478,coincatch,ETH/USDT:USDT,3807.38,26.82,3807.37,16.11,3807.63,8.62,3807.64,1.2
1753769344579,06:09:04.579,coincatch,ETH/USDT:USDT,3807.38,26.82,3807.37,16.11,3807.63,8.62,3807.64,1.01
1753769344729,06:09:04.729,coincatch,ETH/USDT:USDT,3807.38,26.82,3807.37,16.11,3807.63,8.62,3807.64,1.32
1753769344829,06:09:04.829,coincatch,ETH/USDT:USDT,3807.38,23.69,3807.37,16.11,3807.63,12.23,3807.64,1.25
1753769344974,06:09:04.974,coincatch,ETH/USDT:USDT,3807.38,23.69,3807.37,16.11,3807.63,12.23,3807.64,1.25
1753769345079,06:09:05.079,coincatch,ETH/USDT:USDT,3807.38,25.12,3807.37,16.11,3807.63,11.85,3807.64,1.24
1753769345210,06:09:05.210,coincatch,ETH/USDT:USDT,3807.38,25.12,3807.37,11.51,3807.63,11.85,3807.64,1.13
1753769345329,06:09:05.329,coincatch,ETH/USDT:USDT,3807.38,37.41,3807.37,11.51,3807.63,9.72,3807.64,1.34
1753769345429,06:09:05.429,coincatch,ETH/USDT:USDT,3807.38,37.41,3807.37,11.51,3807.63,9.72,3807.64,1.19
1753769345533,06:09:05.533,coincatch,ETH/USDT:USDT,3807.38,37.41,3807.37,11.51,3807.63,9.72,3807.64,1.47
1753769346029,06:09:06.029,coincatch,ETH/USDT:USDT,3807.38,33.69,3807.37,11.51,3807.63,9.34,3807.64,1.29
1753769346130,06:09:06.130,coincatch,ETH/USDT:USDT,3807.38,34.43,3807.37,11.51,3807.63,9.34,3807.64,1.07
1753769346260,06:09:06.260,coincatch,ETH/USDT:USDT,3807.38,33.13,3807.37,11.51,3807.63,10.95,3807.64,1.25
1753769346381,06:09:06.381,coincatch,ETH/USDT:USDT,3807.38,32.39,3807.37,11.51,3807.63,10.95,3807.64,1.07
1753769346630,06:09:06.630,coincatch,ETH/USDT:USDT,3807.38,19.83,3807.37,11.35,3807.63,12.09,3807.64,1.42
1753769346732,06:09:06.732,coincatch,ETH/USDT:USDT,3807.38,11.81,3807.37,11.35,3807.63,12.09,3807.64,1.23
1753769346861,06:09:06.861,coincatch,ETH/USDT:USDT,3807.38,11.81,3807.37,11.35,3807.63,12.09,3807.64,1.16
1753769346982,06:09:06.982,coincatch,ETH/USDT:USDT,3807.38,26.08,3807.37,11.35,3807.63,11.7,3807.64,1.26
1753769347083,06:09:07.083,coincatch,ETH/USDT:USDT,3807.38,24.16,3807.37,11.35,3807.63,11.7,3807.64,1.38
1753769347183,06:09:07.183,coincatch,ETH/USDT:USDT,3807.38,24.16,3807.37,11.51,3807.63,11.7,3807.64,1.49
1753769347284,06:09:07.284,coincatch,ETH/USDT:USDT,3807.38,24.16,3807.37,11.51,3807.63,11.48,3807.64,1.06
1753769347430,06:09:07.430,coincatch,ETH/USDT:USDT,3807.38,24.16,3807.37,11.51,3807.63,11.48,3807.64,1.14
1753769347537,06:09:07.537,coincatch,ETH/USDT:USDT,3807.38,16.3,3807.37,11.51,3807.63,11.59,3807.64,1.14
1753769347684,06:09:07.684,coincatch,ETH/USDT:USDT,3807.38,16.3,3807.37,11.51,3807.63,11.59,3807.64,1.14
1753769347788,06:09:07.788,coincatch,ETH/USDT:USDT,3807.38,16.3,3807.37,11.51,3807.63,11.59,3807.64,1.14
1753769347911,06:09:07.911,coincatch,ETH/USDT:USDT,3807.38,1.56,3807.37,11.35,3807.63,18.3,3807.64,2.41
1753769348590,06:09:08.590,coincatch,ETH/USDT:USDT,3807.38,18.9,3807.37,11.51,3807.63,10.2,3807.64,1.49
1753769348736,06:09:08.736,coincatch,ETH/USDT:USDT,3807.38,21.88,3807.37,11.51,3807.63,10.46,3807.64,1.49
1753769348839,06:09:08.839,coincatch,ETH/USDT:USDT,3807.38,21.88,3807.37,11.51,3807.63,10.46,3807.64,1.49
1753769348962,06:09:08.962,coincatch,ETH/USDT:USDT,3807.38,22.71,3807.37,11.51,3807.63,10.46,3807.64,1.23
1753769349089,06:09:09.089,coincatch,ETH/USDT:USDT,3807.38,22.71,3807.37,11.35,3807.63,10.46,3807.64,1.19
1753769349389,06:09:09.389,coincatch,ETH/USDT:USDT,3807.38,22.71,3807.37,11.51,3807.63,10.46,3807.64,1.47
1753769349489,06:09:09.489,coincatch,ETH/USDT:USDT,3807.38,22.11,3807.37,11.51,3807.63,12.03,3807.64,1.15
1753769349592,06:09:09.592,coincatch,ETH/USDT:USDT,3807.38,22.11,3807.37,11.51,3807.63,12.03,3807.64,1.33
1753769349713,06:09:09.713,coincatch,ETH/USDT:USDT,3807.37,22.11,3807.36,11.51,3807.63,12.03,3807.64,1.2
1753769349838,06:09:09.838,coincatch,ETH/USDT:USDT,3807.25,26.43,3807.24,2.07,3807.5,25.52,3807.51,101.44
1753769349940,06:09:09.940,coincatch,ETH/USDT:USDT,3807.25,25.95,3807.24,2.07,3807.5,25.52,3807.51,101.44
1753769350042,06:09:10.042,coincatch,ETH/USDT:USDT,3807.19,12.64,3807.18,1.06,3807.44,23.55,3807.45,1.41
1753769350142,06:09:10.142,coincatch,ETH/USDT:USDT,3807.19,12.64,3807.18,1.06,3807.44,23.55,3807.45,1.44
1753769350242,06:09:10.242,coincatch,ETH/USDT:USDT,3807.19,12.64,3807.18,1.86,3807.44,23.55,3807.45,1.46
1753769350389,06:09:10.389,coincatch,ETH/USDT:USDT,3807.19,9.97,3807.18,1.64,3807.44,25.44,3807.45,1.32
1753769350492,06:09:10.492,coincatch,ETH/USDT:USDT,3807.19,9.97,3807.18,1.64,3807.44,25.44,3807.45,1.28
1753769350592,06:09:10.592,coincatch,ETH/USDT:USDT,3807.19,14.7,3807.18,8.35,3807.44,25.71,3807.45,1.16
1753769350692,06:09:10.692,coincatch,ETH/USDT:USDT,3807.19,14.7,3807.18,8.35,3807.44,25.71,3807.45,1.07
1753769350792,06:09:10.792,coincatch,ETH/USDT:USDT,3807.19,14.7,3807.18,8.35,3807.44,25.71,3807.45,1.17
1753769350913,06:09:10.913,coincatch,ETH/USDT:USDT,3807.19,10.9,3807.18,8.35,3807.44,18.24,3807.45,1.3
1753769351041,06:09:11.041,coincatch,ETH/USDT:USDT,3807.19,10.9,3807.18,8.35,3807.44,18.24,3807.45,1.39
1753769351142,06:09:11.142,coincatch,ETH/USDT:USDT,3807.19,10.9,3807.18,7.98,3807.44,18.24,3807.45,1.47
1753769351242,06:09:11.242,coincatch,ETH/USDT:USDT,3807.19,24.92,3807.18,7.98,3807.44,11.27,3807.45,1.44
1753769351364,06:09:11.364,coincatch,ETH/USDT:USDT,3807.19,24.92,3807.18,7.98,3807.44,11.27,3807.45,1.44
1753769351492,06:09:11.492,coincatch,ETH/USDT:USDT,3807.19,31.73,3807.18,7.98,3807.44,11.27,3807.45,1.3
1753769351593,06:09:11.593,coincatch,ETH/USDT:USDT,3807.19,31.73,3807.18,7.98,3807.44,11.27,3807.45,1.17
1753769351742,06:09:11.742,coincatch,ETH/USDT:USDT,3807.19,40.49,3807.18,7.98,3807.44,9.79,3807.45,1.13
1753769351891,06:09:11.891,coincatch,ETH/USDT:USDT,3807.19,40.49,3807.18,7.98,3807.44,9.79,3807.45,1.19
1753769351992,06:09:11.992,coincatch,ETH/USDT:USDT,3807.19,32.3,3807.18,7.98,3807.44,9.79,3807.45,1.2
1753769352194,06:09:12.194,coincatch,ETH/USDT:USDT,3807.19,32.3,3807.18,7.98,3807.44,9.79,3807.45,1.2
1753769352345,06:09:12.345,coincatch,ETH/USDT:USDT,3807.19,37.81,3807.18,7.98,3807.44,10.09,3807.45,1.14
1753769352494,06:09:12.494,coincatch,ETH/USDT:USDT,3807.19,37.81,3807.18,7.98,3807.58,10.09,3807.59,1.24
1753769352644,06:09:12.644,coincatch,ETH/USDT:USDT,3807.45,54.28,3807.44,40.6,3807.7,1.22,3807.71,1.02
1753769352745,06:09:12.745,coincatch,ETH/USDT:USDT,3807.45,54.28,3807.44,73.2,3807.73,1.34,3807.74,1.12
1753769352865,06:09:12.865,coincatch,ETH/USDT:USDT,3807.6,157.9,3807.59,8.2,3807.85,3.02,3807.86,1.22
1753769352994,06:09:12.994,coincatch,ETH/USDT:USDT,3807.6,157.79,3807.59,11.76,3807.85,3.02,3807.86,1.29
1753769353145,06:09:13.145,coincatch,ETH/USDT:USDT,3807.6,137.78,3807.59,11.76,3807.85,3.29,3807.86,1.01
1753769353292,06:09:13.292,coincatch,ETH/USDT:USDT,3807.6,137.78,3807.59,11.76,3807.85,3.29,3807.86,1.29
1753769353396,06:09:13.396,coincatch,ETH/USDT:USDT,3807.6,141.48,3807.59,11.76,3807.85,3.48,3807.86,1.05
1753769353595,06:09:13.595,coincatch,ETH/USDT:USDT,3807.6,142.79,3807.59,7.99,3807.85,3.48,3807.86,1.49
1753769353697,06:09:13.697,coincatch,ETH/USDT:USDT,3807.6,142.26,3807.59,5.77,3807.85,4.76,3807.86,1.14
1753769353844,06:09:13.844,coincatch,ETH/USDT:USDT,3807.6,142.26,3807.59,5.77,3807.85,4.76,3807.86,1.14
1753769353945,06:09:13.945,coincatch,ETH/USDT:USDT,3807.6,137.92,3807.59,5.77,3807.85,4.46,3807.86,1.41
1753769354045,06:09:14.045,coincatch,ETH/USDT:USDT,3807.6,123.6,3807.59,5.62,3807.85,4.46,3807.86,1.16
1753769354146,06:09:14.146,coincatch,ETH/USDT:USDT,3807.6,123.6,3807.59,5.62,3807.85,4.46,3807.86,1.4
1753769354294,06:09:14.294,coincatch,ETH/USDT:USDT,3807.6,182.49,3807.59,5.62,3807.85,5.62,3807.86,1.21
1753769354400,06:09:14.400,coincatch,ETH/USDT:USDT,3807.6,182.49,3807.59,5.62,3807.85,5.62,3807.86,1.47
1753769354499,06:09:14.499,coincatch,ETH/USDT:USDT,3807.6,182.03,3807.59,5.62,3807.85,5.62,3807.86,1.17
1753769354647,06:09:14.647,coincatch,ETH/USDT:USDT,3807.6,182.03,3807.59,6.88,3807.85,5.62,3807.86,1.46
1753769354749,06:09:14.749,coincatch,ETH/USDT:USDT,3807.6,182.03,3807.59,6.88,3807.85,5.62,3807.86,1.19
1753769354902,06:09:14.902,coincatch,ETH/USDT:USDT,3807.6,182.03,3807.59,5.63,3807.85,4.7,3807.86,1.13
1753769355002,06:09:15.002,coincatch,ETH/USDT:USDT,3807.6,182.03,3807.59,5.63,3807.85,4.7,3807.86,1.19
1753769355116,06:09:15.116,coincatch,ETH/USDT:USDT,3807.6,121.23,3807.59,5.63,3807.85,4.06,3807.86,1.48
1753769355250,06:09:15.250,coincatch,ETH/USDT:USDT,3807.6,121.23,3807.59,5.63,3807.85,4.06,3807.86,1.03
1753769355350,06:09:15.350,coincatch,ETH/USDT:USDT,3807.6,121.65,3807.59,5.63,3807.85,4.2,3807.86,1.25
1753769355450,06:09:15.450,coincatch,ETH/USDT:USDT,3807.6,121.65,3807.59,5.63,3807.85,4.2,3807.86,1.25
1753769355699,06:09:15.699,coincatch,ETH/USDT:USDT,3807.6,121.0,3807.59,5.63,3807.85,2.91,3807.86,1.41
1753769355801,06:09:15.801,coincatch,ETH/USDT:USDT,3807.6,121.0,3807.59,5.63,3807.85,2.91,3807.86,1.12
1753769355951,06:09:15.951,coincatch,ETH/USDT:USDT,3807.6,121.0,3807.59,5.63,3807.85,4.38,3807.86,1.32
1753769356102,06:09:16.102,coincatch,ETH/USDT:USDT,3807.6,121.0,3807.59,5.63,3807.85,4.38,3807.86,1.11
1753769356248,06:09:16.248,coincatch,ETH/USDT:USDT,3807.6,121.0,3807.59,5.63,3807.85,4.38,3807.86,1.23
1753769356350,06:09:16.350,coincatch,ETH/USDT:USDT,3807.6,121.0,3807.59,5.63,3807.85,4.38,3807.86,1.06
1753769356452,06:09:16.452,coincatch,ETH/USDT:USDT,3807.6,121.75,3807.59,5.63,3807.85,5.13,3807.86,1.39
1753769356603,06:09:16.603,coincatch,ETH/USDT:USDT,3807.6,121.75,3807.59,5.63,3807.85,5.13,3807.86,1.42
1753769356753,06:09:16.753,coincatch,ETH/USDT:USDT,3807.6,120.36,3807.59,5.63,3807.85,4.08,3807.86,1.18
1753769356902,06:09:16.902,coincatch,ETH/USDT:USDT,3807.6,120.36,3807.59,5.63,3807.85,4.08,3807.86,1.47
1753769357004,06:09:17.004,coincatch,ETH/USDT:USDT,3807.6,120.36,3807.59,5.63,3807.85,4.08,3807.86,1.47
1753769357151,06:09:17.151,coincatch,ETH/USDT:USDT,3807.6,120.36,3807.59,5.63,3807.85,4.08,3807.86,1.04
1753769357253,06:09:17.253,coincatch,ETH/USDT:USDT,3807.6,120.36,3807.59,5.63,3807.85,4.08,3807.86,1.0
1753769357500,06:09:17.500,coincatch,ETH/USDT:USDT,3807.6,123.44,3807.59,5.63,3807.85,4.08,3807.86,1.29
1753769357601,06:09:17.601,coincatch,ETH/USDT:USDT,3807.6,122.24,3807.59,5.63,3807.85,4.08,3807.86,1.46
1753769357705,06:09:17.705,coincatch,ETH/USDT:USDT,3807.6,122.24,3807.59,5.63,3807.85,4.08,3807.86,1.05
1753769357818,06:09:17.818,coincatch,ETH/USDT:USDT,3807.6,122.24,3807.59,5.63,3807.85,4.08,3807.86,1.0
1753769357954,06:09:17.954,coincatch,ETH/USDT:USDT,3807.6,122.24,3807.59,5.63,3807.85,3.86,3807.86,1.35
1753769358105,06:09:18.105,coincatch,ETH/USDT:USDT,3807.6,121.29,3807.59,5.63,3807.85,4.04,3807.86,1.48
1753769358205,06:09:18.205,coincatch,ETH/USDT:USDT,3807.6,121.29,3807.59,5.63,3807.85,4.04,3807.86,1.18
1753769358348,06:09:18.348,coincatch,ETH/USDT:USDT,3807.6,121.29,3807.59,5.63,3807.85,4.04,3807.86,1.18
1753769358455,06:09:18.455,coincatch,ETH/USDT:USDT,3807.6,121.0,3807.59,5.63,3807.85,4.57,3807.86,1.07
1753769358568,06:09:18.568,coincatch,ETH/USDT:USDT,3807.6,121.0,3807.59,5.63,3807.85,4.57,3807.86,1.07
1753769358702,06:09:18.702,coincatch,ETH/USDT:USDT,3807.6,111.34,3807.59,5.63,3807.85,4.29,3807.86,1.08
1753769358803,06:09:18.803,coincatch,ETH/USDT:USDT,3807.6,111.34,3807.59,16.18,3807.85,4.29,3807.86,1.39
1753769358903,06:09:18.903,coincatch,ETH/USDT:USDT,3807.6,111.34,3807.59,16.18,3807.85,4.29,3807.86,1.42
1753769359004,06:09:19.004,coincatch,ETH/USDT:USDT,3807.6,111.34,3807.59,16.18,3807.85,5.9,3807.86,1.46
1753769359105,06:09:19.105,coincatch,ETH/USDT:USDT,3807.6,111.34,3807.59,5.63,3807.85,5.9,3807.86,1.07
1753769359205,06:09:19.205,coincatch,ETH/USDT:USDT,3807.6,111.34,3807.59,5.63,3807.85,5.9,3807.86,1.26
1753769359306,06:09:19.306,coincatch,ETH/USDT:USDT,3807.6,103.32,3807.59,5.63,3807.85,5.9,3807.86,1.12
1753769359453,06:09:19.453,coincatch,ETH/USDT:USDT,3807.6,103.32,3807.59,5.63,3807.85,5.9,3807.86,1.18
1753769359564,06:09:19.564,coincatch,ETH/USDT:USDT,3807.6,103.32,3807.59,5.07,3807.85,6.35,3807.86,1.37
1753769359706,06:09:19.706,coincatch,ETH/USDT:USDT,3807.6,103.32,3807.59,5.07,3807.85,6.35,3807.86,1.37
1753769359806,06:09:19.806,coincatch,ETH/USDT:USDT,3807.6,108.45,3807.59,5.07,3807.85,5.94,3807.86,1.28
1753769359909,06:09:19.909,coincatch,ETH/USDT:USDT,3807.6,108.45,3807.59,5.07,3807.86,5.94,3807.87,1.04
1753769360061,06:09:20.061,coincatch,ETH/USDT:USDT,3807.85,103.02,3807.84,25.71,3808.1,1.05,3808.11,1.21
1753769360206,06:09:20.206,coincatch,ETH/USDT:USDT,3807.85,103.02,3807.84,24.99,3808.1,1.41,3808.11,1.39
1753769360354,06:09:20.354,coincatch,ETH/USDT:USDT,3807.85,103.02,3807.84,24.99,3808.1,1.41,3808.11,1.39
1753769360455,06:09:20.455,coincatch,ETH/USDT:USDT,3807.89,196.34,3807.88,23.48,3808.14,1.99,3808.17,1.16
1753769360604,06:09:20.604,coincatch,ETH/USDT:USDT,3807.89,196.56,3807.88,23.48,3808.14,2.32,3808.17,1.44
1753769360705,06:09:20.705,coincatch,ETH/USDT:USDT,3807.89,196.56,3807.88,23.48,3808.14,2.32,3808.17,1.36
1753769360805,06:09:20.805,coincatch,ETH/USDT:USDT,3807.89,196.56,3807.88,23.48,3808.14,2.32,3808.17,1.36
1753769360907,06:09:20.907,coincatch,ETH/USDT:USDT,3807.89,185.07,3807.88,19.64,3808.14,2.32,3808.15,1.47
1753769361057,06:09:21.057,coincatch,ETH/USDT:USDT,3807.89,185.07,3807.88,19.64,3808.14,2.32,3808.15,1.25
1753769361209,06:09:21.209,coincatch,ETH/USDT:USDT,3807.89,185.07,3807.88,19.64,3808.25,2.36,3808.26,1.29
1753769361357,06:09:21.357,coincatch,ETH/USDT:USDT,3807.89,185.07,3807.88,19.64,3808.35,2.36,3808.36,1.03
1753769361459,06:09:21.459,coincatch,ETH/USDT:USDT,3808.22,99.81,3808.21,1.38,3808.47,3.28,3808.48,1.07
1753769361559,06:09:21.559,coincatch,ETH/USDT:USDT,3808.22,99.81,3808.21,1.28,3808.47,3.28,3808.48,1.27
1753769361708,06:09:21.708,coincatch,ETH/USDT:USDT,3808.22,99.48,3808.21,1.36,3808.47,3.28,3808.48,1.06
1753769361810,06:09:21.810,coincatch,ETH/USDT:USDT,3808.22,99.74,3808.21,7.89,3808.47,3.28,3808.48,1.23
1753769361959,06:09:21.959,coincatch,ETH/USDT:USDT,3808.22,99.74,3808.21,7.89,3808.47,3.28,3808.48,1.01
1753769362109,06:09:22.109,coincatch,ETH/USDT:USDT,3808.22,82.9,3808.21,1.37,3808.47,4.54,3808.48,1.43
1753769362210,06:09:22.210,coincatch,ETH/USDT:USDT,3808.22,83.72,3808.21,1.75,3808.47,4.54,3808.48,1.21
1753769362310,06:09:22.310,coincatch,ETH/USDT:USDT,3808.22,79.09,3808.21,1.01,3808.47,12.28,3808.48,1.43
1753769362458,06:09:22.458,coincatch,ETH/USDT:USDT,3808.22,78.28,3808.21,1.01,3808.47,12.28,3808.48,1.15
1753769362558,06:09:22.558,coincatch,ETH/USDT:USDT,3808.22,76.85,3808.21,1.01,3808.47,12.03,3808.48,1.04
1753769362710,06:09:22.710,coincatch,ETH/USDT:USDT,3808.22,76.85,3808.21,1.45,3808.47,12.03,3808.48,1.42
1753769362857,06:09:22.857,coincatch,ETH/USDT:USDT,3808.22,76.85,3808.21,1.38,3808.47,12.36,3808.48,1.29
1753769362960,06:09:22.960,coincatch,ETH/USDT:USDT,3808.22,76.85,3808.21,1.46,3808.47,12.36,3808.48,1.43
1753769363071,06:09:23.071,coincatch,ETH/USDT:USDT,3808.22,76.85,3808.21,1.23,3808.47,12.36,3808.48,1.43
1753769363218,06:09:23.218,coincatch,ETH/USDT:USDT,3808.22,76.85,3808.21,1.28,3808.47,14.68,3808.48,1.12
1753769363360,06:09:23.360,coincatch,ETH/USDT:USDT,3808.22,74.78,3808.21,1.28,3808.47,14.68,3808.48,1.39
1753769363509,06:09:23.509,coincatch,ETH/USDT:USDT,3808.22,71.54,3808.21,1.13,3808.47,12.98,3808.48,1.39
1753769363610,06:09:23.610,coincatch,ETH/USDT:USDT,3808.22,70.67,3808.21,1.33,3808.47,12.98,3808.48,1.46
1753769363758,06:09:23.758,coincatch,ETH/USDT:USDT,3808.22,50.94,3808.21,1.21,3808.47,16.65,3808.48,1.28
1753769363860,06:09:23.860,coincatch,ETH/USDT:USDT,3808.22,50.13,3808.21,1.23,3808.47,16.65,3808.48,1.17
1753769363972,06:09:23.972,coincatch,ETH/USDT:USDT,3808.22,21.53,3808.21,1.11,3808.47,23.39,3808.48,59.6
1753769364108,06:09:24.108,coincatch,ETH/USDT:USDT,3808.22,16.5,3808.21,8.83,3808.47,23.39,3808.48,59.6
1753769364209,06:09:24.209,coincatch,ETH/USDT:USDT,3808.22,16.5,3808.21,13.24,3808.47,23.39,3808.48,59.6
1753769364309,06:09:24.309,coincatch,ETH/USDT:USDT,3808.22,15.75,3808.21,13.24,3808.47,23.11,3808.48,59.6
1753769364411,06:09:24.411,coincatch,ETH/USDT:USDT,3808.22,16.53,3808.21,13.24,3808.47,23.11,3808.48,59.6
1753769364513,06:09:24.513,coincatch,ETH/USDT:USDT,3808.22,16.53,3808.21,13.24,3808.47,23.11,3808.48,82.36
1753769364615,06:09:24.615,coincatch,ETH/USDT:USDT,3808.22,16.31,3808.21,8.92,3808.47,23.11,3808.48,82.36
1753769364715,06:09:24.715,coincatch,ETH/USDT:USDT,3808.22,16.31,3808.21,8.92,3808.47,23.11,3808.48,82.36
1753769364865,06:09:24.865,coincatch,ETH/USDT:USDT,3808.18,14.7,3808.17,1.23,3808.43,36.91,3808.44,1.21
1753769365022,06:09:25.022,coincatch,ETH/USDT:USDT,3808.18,9.87,3808.17,1.05,3808.43,36.91,3808.44,1.31
1753769365164,06:09:25.164,coincatch,ETH/USDT:USDT,3808.18,9.64,3808.17,2.95,3808.43,37.06,3808.44,1.31
1753769365265,06:09:25.265,coincatch,ETH/USDT:USDT,3808.18,14.35,3808.17,3.31,3808.43,37.06,3808.44,1.31
1753769365365,06:09:25.365,coincatch,ETH/USDT:USDT,3808.18,14.35,3808.17,3.31,3808.43,36.75,3808.44,59.82
1753769365473,06:09:25.473,coincatch,ETH/USDT:USDT,3808.18,9.9,3808.17,1.14,3808.43,36.75,3808.44,59.82
1753769365615,06:09:25.615,coincatch,ETH/USDT:USDT,3807.97,1.9,3807.96,18.17,3808.22,26.03,3808.23,1.15
1753769365717,06:09:25.717,coincatch,ETH/USDT:USDT,3807.97,1.08,3807.96,18.17,3808.22,26.03,3808.23,1.3
1753769365868,06:09:25.868,coincatch,ETH/USDT:USDT,3807.89,10.54,3807.88,2.8,3808.22,26.03,3808.23,1.21
1753769366018,06:09:26.018,coincatch,ETH/USDT:USDT,3807.77,15.0,3807.76,1.44,3808.02,27.27,3808.03,87.14
1753769366167,06:09:26.167,coincatch,ETH/USDT:USDT,3807.77,19.32,3807.76,1.41,3808.02,18.11,3808.03,27.63
1753769366317,06:09:26.317,coincatch,ETH/USDT:USDT,3807.77,19.32,3807.76,1.42,3808.02,18.11,3808.03,27.63
1753769366417,06:09:26.417,coincatch,ETH/USDT:USDT,3807.77,19.32,3807.76,1.42,3808.02,18.11,3808.03,27.63
1753769366518,06:09:26.518,coincatch,ETH/USDT:USDT,3807.66,1.49,3807.65,18.05,3807.98,28.25,3807.99,59.5
1753769366667,06:09:26.667,coincatch,ETH/USDT:USDT,3807.64,1.01,3807.63,2.65,3807.98,28.25,3807.99,59.5
1753769366817,06:09:26.817,coincatch,ETH/USDT:USDT,3807.52,23.82,3807.51,1.23,3807.77,23.35,3807.78,40.32
1753769366918,06:09:26.918,coincatch,ETH/USDT:USDT,3807.52,23.82,3807.51,1.61,3807.77,23.35,3807.78,40.32
1753769367018,06:09:27.018,coincatch,ETH/USDT:USDT,3807.52,23.28,3807.51,1.61,3807.77,20.9,3807.78,17.97
1753769367124,06:09:27.124,coincatch,ETH/USDT:USDT,3807.52,23.28,3807.51,1.61,3807.77,20.9,3807.78,17.97
1753769367265,06:09:27.265,coincatch,ETH/USDT:USDT,3807.52,23.28,3807.51,1.61,3807.77,20.9,3807.78,17.97
1753769367366,06:09:27.366,coincatch,ETH/USDT:USDT,3807.52,19.3,3807.51,1.61,3807.77,21.14,3807.78,17.97
1753769367468,06:09:27.468,coincatch,ETH/USDT:USDT,3807.52,19.3,3807.51,1.61,3807.77,21.14,3807.78,17.97
1753769367574,06:09:27.574,coincatch,ETH/USDT:USDT,3807.52,6.37,3807.51,1.61,3807.77,21.14,3807.78,17.97
1753769367718,06:09:27.718,coincatch,ETH/USDT:USDT,3807.52,6.37,3807.51,1.35,3807.77,21.14,3807.78,17.97
1753769367819,06:09:27.819,coincatch,ETH/USDT:USDT,3807.52,6.37,3807.51,1.35,3807.77,21.14,3807.78,17.97
1753769367951,06:09:27.951,coincatch,ETH/USDT:USDT,3807.52,16.15,3807.51,1.35,3807.77,18.86,3807.78,12.7
1753769368069,06:09:28.069,coincatch,ETH/USDT:USDT,3807.52,16.15,3807.51,1.35,3807.77,18.86,3807.78,12.7
1753769368271,06:09:28.271,coincatch,ETH/USDT:USDT,3807.52,10.13,3807.51,1.35,3807.77,17.95,3807.78,12.7
1753769368418,06:09:28.418,coincatch,ETH/USDT:USDT,3807.51,1.04,3807.5,1.35,3807.77,23.91,3807.78,12.7
1753769368671,06:09:28.671,coincatch,ETH/USDT:USDT,3807.39,62.83,3807.38,12.94,3807.64,14.14,3807.65,1.2
1753769368775,06:09:28.775,coincatch,ETH/USDT:USDT,3807.39,62.38,3807.38,13.45,3807.64,14.14,3807.65,1.48
1753769368921,06:09:28.921,coincatch,ETH/USDT:USDT,3807.39,61.26,3807.38,13.45,3807.64,14.14,3807.65,1.1
1753769369069,06:09:29.069,coincatch,ETH/USDT:USDT,3807.39,58.92,3807.38,13.45,3807.64,21.25,3807.65,1.42
1753769369171,06:09:29.171,coincatch,ETH/USDT:USDT,3807.39,58.92,3807.38,13.45,3807.64,21.25,3807.65,1.01
1753769369272,06:09:29.272,coincatch,ETH/USDT:USDT,3807.39,58.92,3807.38,13.33,3807.64,20.28,3807.65,1.23
1753769369523,06:09:29.523,coincatch,ETH/USDT:USDT,3807.39,58.66,3807.38,13.33,3807.64,18.85,3807.65,1.14
1753769369670,06:09:29.670,coincatch,ETH/USDT:USDT,3807.39,58.66,3807.38,13.33,3807.64,18.85,3807.65,1.42
1753769369770,06:09:29.770,coincatch,ETH/USDT:USDT,3807.39,58.66,3807.38,13.33,3807.64,18.85,3807.65,1.0
1753769369873,06:09:29.873,coincatch,ETH/USDT:USDT,3807.39,63.1,3807.38,13.33,3807.64,21.06,3807.65,1.33
1753769370123,06:09:30.123,coincatch,ETH/USDT:USDT,3807.39,62.25,3807.38,13.33,3807.64,21.06,3807.65,1.42
1753769370270,06:09:30.270,coincatch,ETH/USDT:USDT,3807.39,62.25,3807.38,13.33,3807.64,21.06,3807.65,1.43
1753769370373,06:09:30.373,coincatch,ETH/USDT:USDT,3807.39,62.81,3807.38,13.33,3807.64,21.17,3807.65,1.42
1753769370526,06:09:30.526,coincatch,ETH/USDT:USDT,3807.39,62.81,3807.38,13.33,3807.64,21.17,3807.65,1.04
1753769370676,06:09:30.676,coincatch,ETH/USDT:USDT,3807.39,57.15,3807.38,13.33,3807.64,21.17,3807.65,1.26
1753769370824,06:09:30.824,coincatch,ETH/USDT:USDT,3807.39,57.15,3807.38,13.33,3807.64,21.17,3807.65,1.32
1753769370972,06:09:30.972,coincatch,ETH/USDT:USDT,3807.39,24.5,3807.38,13.33,3807.64,23.85,3807.65,2.28
1753769371072,06:09:31.072,coincatch,ETH/USDT:USDT,3807.39,24.03,3807.38,12.43,3807.64,23.85,3807.65,2.28
1753769371175,06:09:31.175,coincatch,ETH/USDT:USDT,3807.32,9.59,3807.31,1.12,3807.57,29.55,3807.58,59.58
1753769371324,06:09:31.324,coincatch,ETH/USDT:USDT,3807.32,9.59,3807.31,1.44,3807.57,29.55,3807.58,59.58
1753769371452,06:09:31.452,coincatch,ETH/USDT:USDT,3807.32,9.59,3807.31,1.32,3807.57,29.55,3807.58,59.58
1753769371572,06:09:31.572,coincatch,ETH/USDT:USDT,3807.32,9.59,3807.31,1.24,3807.57,37.26,3807.58,59.58
1753769371672,06:09:31.672,coincatch,ETH/USDT:USDT,3807.32,9.59,3807.31,1.36,3807.57,37.26,3807.58,59.58
1753769371773,06:09:31.773,coincatch,ETH/USDT:USDT,3807.1,36.14,3807.09,25.85,3807.35,18.56,3807.36,1.37
1753769371927,06:09:31.927,coincatch,ETH/USDT:USDT,3807.1,36.14,3807.09,25.85,3807.35,18.56,3807.36,1.04
1753769372074,06:09:32.074,coincatch,ETH/USDT:USDT,3807.1,34.03,3807.09,25.85,3807.35,31.96,3807.36,1.36
1753769372274,06:09:32.274,coincatch,ETH/USDT:USDT,3807.1,25.48,3807.09,31.52,3807.35,31.96,3807.36,1.45
1753769372523,06:09:32.523,coincatch,ETH/USDT:USDT,3807.0,8.24,3806.99,16.34,3807.35,36.25,3807.36,78.15
1753769372624,06:09:32.624,coincatch,ETH/USDT:USDT,3806.88,291.02,3806.87,1.3,3807.13,31.77,3807.14,114.95
1753769372725,06:09:32.725,coincatch,ETH/USDT:USDT,3806.88,291.02,3806.87,1.3,3807.13,31.77,3807.14,114.95
1753769372827,06:09:32.827,coincatch,ETH/USDT:USDT,3806.88,291.02,3806.87,1.3,3807.13,31.77,3807.14,114.95
1753769372969,06:09:32.969,coincatch,ETH/USDT:USDT,3806.88,290.08,3806.87,1.3,3807.13,31.42,3807.14,114.95
1753769373075,06:09:33.075,coincatch,ETH/USDT:USDT,3806.88,290.08,3806.87,1.3,3807.13,31.42,3807.14,114.95
1753769373175,06:09:33.175,coincatch,ETH/USDT:USDT,3806.88,288.06,3806.87,1.09,3807.13,31.42,3807.14,114.95
1753769373278,06:09:33.278,coincatch,ETH/USDT:USDT,3806.88,288.06,3806.87,1.45,3807.13,31.42,3807.14,114.95
1753769373427,06:09:33.427,coincatch,ETH/USDT:USDT,3806.88,286.53,3806.87,1.0,3807.13,34.41,3807.14,115.08
1753769373727,06:09:33.727,coincatch,ETH/USDT:USDT,3806.88,286.53,3806.87,1.47,3807.13,36.65,3807.14,115.08
1753769373975,06:09:33.975,coincatch,ETH/USDT:USDT,3806.88,286.53,3806.87,1.21,3807.13,36.65,3807.14,115.08
1753769374075,06:09:34.075,coincatch,ETH/USDT:USDT,3806.88,286.53,3806.87,1.19,3807.13,36.65,3807.14,115.08
1753769374772,06:09:34.772,coincatch,ETH/USDT:USDT,3806.29,1.34,3806.28,34.93,3806.55,30.78,3806.57,1.33
1753769374874,06:09:34.874,coincatch,ETH/USDT:USDT,3806.17,32.4,3806.16,3.14,3806.42,16.26,3806.44,1.3
1753769375024,06:09:35.024,coincatch,ETH/USDT:USDT,3806.17,32.4,3806.16,2.32,3806.42,16.26,3806.44,1.3
1753769375124,06:09:35.124,coincatch,ETH/USDT:USDT,3806.17,32.4,3806.16,2.32,3806.42,29.13,3806.44,1.3
1753769375224,06:09:35.224,coincatch,ETH/USDT:USDT,3806.17,32.4,3806.16,2.32,3806.42,29.13,3806.44,1.3
1753769375327,06:09:35.327,coincatch,ETH/USDT:USDT,3806.17,32.4,3806.16,1.13,3806.42,29.13,3806.44,1.3
1753769375427,06:09:35.427,coincatch,ETH/USDT:USDT,3806.17,30.42,3806.16,1.12,3806.42,30.16,3806.44,1.3
1753769375529,06:09:35.529,coincatch,ETH/USDT:USDT,3806.17,30.42,3806.16,1.12,3806.42,30.16,3806.44,1.3
1753769375776,06:09:35.776,coincatch,ETH/USDT:USDT,3806.17,41.09,3806.16,1.43,3806.42,23.38,3806.44,1.3
1753769375924,06:09:35.924,coincatch,ETH/USDT:USDT,3806.17,37.21,3806.16,1.39,3806.42,23.38,3806.43,1.13
1753769376030,06:09:36.030,coincatch,ETH/USDT:USDT,3806.17,37.21,3806.16,1.09,3806.42,23.38,3806.43,1.15
1753769376176,06:09:36.176,coincatch,ETH/USDT:USDT,3806.17,37.21,3806.16,1.48,3806.42,23.38,3806.43,1.01
1753769376529,06:09:36.529,coincatch,ETH/USDT:USDT,3806.17,31.16,3806.16,1.17,3806.42,25.95,3806.43,1.2
1753769376677,06:09:36.677,coincatch,ETH/USDT:USDT,3806.17,31.16,3806.16,1.0,3806.42,25.95,3806.43,1.27
1753769376778,06:09:36.778,coincatch,ETH/USDT:USDT,3806.17,28.33,3806.16,1.43,3806.42,25.95,3806.43,1.27
1753769376880,06:09:36.880,coincatch,ETH/USDT:USDT,3806.17,28.33,3806.16,1.07,3806.42,25.95,3806.43,1.05
1753769377026,06:09:37.026,coincatch,ETH/USDT:USDT,3806.17,31.22,3806.16,1.26,3806.42,25.22,3806.43,1.29
1753769377128,06:09:37.128,coincatch,ETH/USDT:USDT,3806.17,31.22,3806.16,1.15,3806.42,25.22,3806.43,1.5
1753769377277,06:09:37.277,coincatch,ETH/USDT:USDT,3806.17,31.22,3806.16,1.15,3806.42,25.22,3806.43,1.13
1753769377379,06:09:37.379,coincatch,ETH/USDT:USDT,3806.17,25.01,3806.16,1.01,3806.42,27.14,3806.43,1.44
1753769377480,06:09:37.480,coincatch,ETH/USDT:USDT,3806.08,27.55,3806.07,7.62,3806.42,27.14,3806.43,1.36
1753769377630,06:09:37.630,coincatch,ETH/USDT:USDT,3805.96,20.5,3805.95,1.36,3806.21,18.36,3806.22,1.17
1753769377880,06:09:37.880,coincatch,ETH/USDT:USDT,3805.96,19.31,3805.95,1.03,3806.21,24.66,3806.22,1.07
1753769378033,06:09:38.033,coincatch,ETH/USDT:USDT,3805.96,19.31,3805.95,1.03,3806.21,24.66,3806.22,1.41
1753769378177,06:09:38.177,coincatch,ETH/USDT:USDT,3805.96,25.1,3805.95,1.42,3806.21,32.04,3806.22,1.26
1753769378281,06:09:38.281,coincatch,ETH/USDT:USDT,3805.96,25.1,3805.95,1.15,3806.21,32.04,3806.22,1.36
1753769378481,06:09:38.481,coincatch,ETH/USDT:USDT,3805.96,22.33,3805.95,8.63,3806.21,31.51,3806.22,1.23
1753769378633,06:09:38.633,coincatch,ETH/USDT:USDT,3805.96,22.33,3805.95,8.63,3806.21,31.51,3806.22,1.23
1753769378780,06:09:38.780,coincatch,ETH/USDT:USDT,3805.96,8.34,3805.95,8.63,3806.21,31.51,3806.22,60.45
1753769378928,06:09:38.928,coincatch,ETH/USDT:USDT,3805.96,8.34,3805.95,8.63,3806.21,31.51,3806.22,60.45
1753769379030,06:09:39.030,coincatch,ETH/USDT:USDT,3805.88,295.21,3805.87,1.11,3806.13,31.52,3806.15,1.3
1753769379131,06:09:39.131,coincatch,ETH/USDT:USDT,3805.88,295.21,3805.87,1.11,3806.13,31.52,3806.15,1.3
1753769379280,06:09:39.280,coincatch,ETH/USDT:USDT,3805.88,295.1,3805.87,1.29,3806.13,33.71,3806.15,1.3
1753769379381,06:09:39.381,coincatch,ETH/USDT:USDT,3805.88,295.92,3805.87,2.91,3806.13,33.71,3806.15,1.3
1753769379511,06:09:39.511,coincatch,ETH/USDT:USDT,3805.71,295.1,3805.7,1.26,3806.13,33.71,3806.15,1.3
1753769379732,06:09:39.732,coincatch,ETH/USDT:USDT,3805.51,11.09,3805.5,8.07,3805.9,1.58,3805.91,28.92
1753769379982,06:09:39.982,coincatch,ETH/USDT:USDT,3805.39,46.94,3805.38,24.09,3805.64,11.77,3805.65,1.3
1753769380131,06:09:40.131,coincatch,ETH/USDT:USDT,3805.39,46.94,3805.38,24.09,3805.64,20.14,3805.65,1.3
1753769380281,06:09:40.281,coincatch,ETH/USDT:USDT,3805.39,46.94,3805.38,24.27,3805.64,20.14,3805.65,1.3
1753769380482,06:09:40.482,coincatch,ETH/USDT:USDT,3805.39,46.94,3805.38,26.03,3805.64,20.14,3805.65,1.3
1753769380582,06:09:40.582,coincatch,ETH/USDT:USDT,3805.39,46.94,3805.38,26.03,3805.64,20.14,3805.65,1.3
1753769380682,06:09:40.682,coincatch,ETH/USDT:USDT,3805.39,50.35,3805.38,26.03,3805.64,20.14,3805.65,1.3
1753769380932,06:09:40.932,coincatch,ETH/USDT:USDT,3805.39,64.75,3805.38,25.85,3805.64,18.63,3805.65,1.3
1753769381082,06:09:41.082,coincatch,ETH/USDT:USDT,3805.39,64.75,3805.38,26.2,3805.64,18.63,3805.65,1.3
1753769381233,06:09:41.233,coincatch,ETH/USDT:USDT,3805.39,64.98,3805.38,24.44,3805.64,18.63,3805.65,1.3
1753769381383,06:09:41.383,coincatch,ETH/USDT:USDT,3805.39,64.48,3805.38,12.54,3805.64,18.63,3805.65,1.3
1753769381523,06:09:41.523,coincatch,ETH/USDT:USDT,3805.39,64.48,3805.38,12.54,3805.64,18.63,3805.65,1.3
1753769381633,06:09:41.633,coincatch,ETH/USDT:USDT,3805.39,64.76,3805.38,12.54,3805.64,18.63,3805.65,1.3
1753769381783,06:09:41.783,coincatch,ETH/USDT:USDT,3805.39,64.16,3805.38,12.54,3805.64,18.63,3805.65,1.44
1753769381888,06:09:41.888,coincatch,ETH/USDT:USDT,3805.39,64.16,3805.38,12.54,3805.64,18.63,3805.65,1.44
1753769382132,06:09:42.132,coincatch,ETH/USDT:USDT,3805.39,64.16,3805.38,13.16,3805.64,18.63,3805.65,1.44
1753769382484,06:09:42.484,coincatch,ETH/USDT:USDT,3805.39,44.97,3805.38,14.55,3805.64,20.88,3805.65,2.39
1753769382732,06:09:42.732,coincatch,ETH/USDT:USDT,3805.39,42.15,3805.38,14.55,3805.64,20.88,3805.65,2.95
1753769382833,06:09:42.833,coincatch,ETH/USDT:USDT,3805.39,42.15,3805.38,14.55,3805.64,20.88,3805.65,2.95
1753769382933,06:09:42.933,coincatch,ETH/USDT:USDT,3805.39,35.18,3805.38,14.55,3805.64,21.11,3805.65,2.95
1753769383034,06:09:43.034,coincatch,ETH/USDT:USDT,3805.39,35.18,3805.38,14.55,3805.64,21.11,3805.65,2.95
1753769383135,06:09:43.135,coincatch,ETH/USDT:USDT,3805.39,27.05,3805.38,14.55,3805.64,21.11,3805.65,2.95
1753769383531,06:09:43.531,coincatch,ETH/USDT:USDT,3805.39,29.28,3805.38,14.6,3805.64,13.92,3805.65,2.95
1753769383635,06:09:43.635,coincatch,ETH/USDT:USDT,3805.39,29.28,3805.38,14.6,3805.64,13.92,3805.65,2.95
1753769383737,06:09:43.737,coincatch,ETH/USDT:USDT,3805.39,24.1,3805.38,14.6,3805.64,21.13,3805.65,2.95
1753769383989,06:09:43.989,coincatch,ETH/USDT:USDT,3805.39,33.97,3805.38,14.6,3805.64,21.13,3805.65,2.95
1753769384286,06:09:44.286,coincatch,ETH/USDT:USDT,3805.39,53.21,3805.38,14.6,3805.64,19.16,3805.65,2.39
1753769384535,06:09:44.535,coincatch,ETH/USDT:USDT,3805.39,52.96,3805.38,14.35,3805.64,19.16,3805.65,2.39
1753769384635,06:09:44.635,coincatch,ETH/USDT:USDT,3805.39,53.46,3805.38,14.35,3805.64,19.82,3805.65,2.39
1753769384737,06:09:44.737,coincatch,ETH/USDT:USDT,3805.39,53.46,3805.38,14.35,3805.64,19.82,3805.65,2.39
1753769384839,06:09:44.839,coincatch,ETH/USDT:USDT,3805.39,54.2,3805.38,14.35,3805.64,22.02,3805.65,2.39
1753769385087,06:09:45.087,coincatch,ETH/USDT:USDT,3805.39,55.56,3805.38,14.52,3805.64,22.19,3805.65,2.39
1753769385235,06:09:45.235,coincatch,ETH/USDT:USDT,3805.39,55.56,3805.38,14.52,3805.64,22.19,3805.65,2.39
1753769385335,06:09:45.335,coincatch,ETH/USDT:USDT,3805.39,55.56,3805.38,14.52,3805.64,22.19,3805.65,2.39
1753769385637,06:09:45.637,coincatch,ETH/USDT:USDT,3805.39,55.56,3805.38,14.52,3805.64,26.53,3805.65,2.39
1753769385738,06:09:45.738,coincatch,ETH/USDT:USDT,3805.39,54.2,3805.38,14.52,3805.64,26.71,3805.65,2.39
1753769385886,06:09:45.886,coincatch,ETH/USDT:USDT,3805.39,54.2,3805.38,14.52,3805.64,26.71,3805.65,2.39
1753769386036,06:09:46.036,coincatch,ETH/USDT:USDT,3805.39,48.53,3805.38,14.37,3805.64,26.71,3805.65,2.39
1753769386138,06:09:46.138,coincatch,ETH/USDT:USDT,3805.39,48.53,3805.38,14.37,3805.64,26.71,3805.65,2.39
1753769386285,06:09:46.285,coincatch,ETH/USDT:USDT,3805.39,22.57,3805.38,14.37,3805.64,30.39,3805.65,4.62
1753769386393,06:09:46.393,coincatch,ETH/USDT:USDT,3805.39,22.57,3805.38,14.37,3805.64,30.39,3805.65,4.62
1753769386536,06:09:46.536,coincatch,ETH/USDT:USDT,3805.38,14.87,3805.37,1.05,3805.63,26.36,3805.64,185.15
1753769386636,06:09:46.636,coincatch,ETH/USDT:USDT,3805.38,14.87,3805.37,1.17,3805.63,26.36,3805.64,185.15
1753769386738,06:09:46.738,coincatch,ETH/USDT:USDT,3805.38,12.96,3805.37,1.16,3805.63,26.36,3805.64,185.15
1753769386841,06:09:46.841,coincatch,ETH/USDT:USDT,3805.38,13.13,3805.37,1.44,3805.63,32.45,3805.64,137.32
1753769386988,06:09:46.988,coincatch,ETH/USDT:USDT,3805.38,13.13,3805.37,1.44,3805.63,32.45,3805.64,137.32
1753769387135,06:09:47.135,coincatch,ETH/USDT:USDT,3805.23,28.71,3805.22,1.28,3805.63,32.7,3805.64,103.83
1753769387340,06:09:47.340,coincatch,ETH/USDT:USDT,3805.17,61.05,3805.16,57.76,3805.42,9.17,3805.44,1.42
1753769387490,06:09:47.490,coincatch,ETH/USDT:USDT,3805.17,61.05,3805.16,57.76,3805.42,9.17,3805.44,1.06
1753769387639,06:09:47.639,coincatch,ETH/USDT:USDT,3805.17,24.89,3805.16,5.3,3805.42,23.88,3805.44,1.47
1753769388137,06:09:48.137,coincatch,ETH/USDT:USDT,3805.17,51.82,3805.16,10.45,3805.75,23.92,3805.77,1.44
1753769388238,06:09:48.238,coincatch,ETH/USDT:USDT,3805.62,180.75,3805.61,4.8,3805.87,4.55,3805.89,1.04
1753769388340,06:09:48.340,coincatch,ETH/USDT:USDT,3805.62,180.75,3805.61,4.8,3805.87,4.55,3805.89,1.32
1753769388642,06:09:48.642,coincatch,ETH/USDT:USDT,3805.62,179.72,3805.61,2.72,3805.87,1.71,3805.89,1.38
1753769388788,06:09:48.788,coincatch,ETH/USDT:USDT,3805.62,123.08,3805.61,2.72,3805.87,1.71,3805.89,1.45
1753769388888,06:09:48.888,coincatch,ETH/USDT:USDT,3805.62,123.08,3805.61,2.72,3805.87,1.71,3805.89,1.1
1753769389093,06:09:49.093,coincatch,ETH/USDT:USDT,3805.62,123.08,3805.61,2.72,3805.87,3.38,3805.88,1.33
1753769389238,06:09:49.238,coincatch,ETH/USDT:USDT,3805.62,83.96,3805.61,2.72,3805.87,3.38,3805.88,1.42
1753769389338,06:09:49.338,coincatch,ETH/USDT:USDT,3805.62,47.36,3805.61,1.46,3805.87,6.95,3805.88,1.42
1753769389442,06:09:49.442,coincatch,ETH/USDT:USDT,3805.62,47.36,3805.61,6.15,3805.87,6.95,3805.88,1.42
1753769389544,06:09:49.544,coincatch,ETH/USDT:USDT,3805.62,51.21,3805.61,6.15,3805.87,3.43,3805.88,1.01
1753769389893,06:09:49.893,coincatch,ETH/USDT:USDT,3805.62,63.67,3805.61,1.46,3805.92,2.16,3805.93,1.4
1753769390294,06:09:50.294,coincatch,ETH/USDT:USDT,3806.0,111.45,3805.99,8.53,3806.25,1.53,3806.26,1.3
1753769390394,06:09:50.394,coincatch,ETH/USDT:USDT,3806.0,74.72,3805.99,8.53,3806.25,5.46,3806.26,1.19
1753769390539,06:09:50.539,coincatch,ETH/USDT:USDT,3806.0,74.72,3805.99,8.53,3806.25,5.46,3806.26,1.17
1753769390841,06:09:50.841,coincatch,ETH/USDT:USDT,3806.0,74.72,3805.99,8.53,3806.25,5.46,3806.26,1.18
1753769390944,06:09:50.944,coincatch,ETH/USDT:USDT,3806.0,69.85,3805.99,8.53,3806.25,5.46,3806.26,1.11
1753769391094,06:09:51.094,coincatch,ETH/USDT:USDT,3806.0,69.85,3805.99,8.53,3806.25,5.46,3806.26,1.29
1753769391244,06:09:51.244,coincatch,ETH/USDT:USDT,3806.0,69.85,3805.99,8.53,3806.25,5.46,3806.26,1.12
1753769391393,06:09:51.393,coincatch,ETH/USDT:USDT,3806.0,69.85,3805.99,8.53,3806.25,5.46,3806.26,1.12
1753769391495,06:09:51.495,coincatch,ETH/USDT:USDT,3806.0,10.71,3805.99,8.53,3806.25,9.74,3806.26,1.31
1753769391608,06:09:51.608,coincatch,ETH/USDT:USDT,3806.0,10.71,3805.99,8.53,3806.25,9.74,3806.26,1.02
1753769391740,06:09:51.740,coincatch,ETH/USDT:USDT,3806.0,10.71,3805.99,8.53,3806.25,9.74,3806.26,1.44
1753769391845,06:09:51.845,coincatch,ETH/USDT:USDT,3806.0,11.79,3805.99,8.53,3806.25,11.5,3806.26,1.16
1753769391994,06:09:51.994,coincatch,ETH/USDT:USDT,3806.0,11.79,3805.99,8.53,3806.25,11.5,3806.26,1.35
1753769392297,06:09:52.297,coincatch,ETH/USDT:USDT,3805.88,11.77,3805.87,8.61,3806.25,11.5,3806.26,1.11
1753769392446,06:09:52.446,coincatch,ETH/USDT:USDT,3805.76,9.79,3805.75,3.62,3806.01,20.84,3806.02,41.19
1753769392697,06:09:52.697,coincatch,ETH/USDT:USDT,3805.76,10.1,3805.75,3.62,3806.01,21.16,3806.02,41.19
1753769392799,06:09:52.799,coincatch,ETH/USDT:USDT,3805.76,10.1,3805.75,3.62,3806.01,21.16,3806.02,41.19
1753769392940,06:09:52.940,coincatch,ETH/USDT:USDT,3805.76,1.37,3805.75,3.62,3806.01,27.92,3806.02,40.95
1753769393046,06:09:53.046,coincatch,ETH/USDT:USDT,3805.56,1.08,3805.55,3.62,3806.01,27.92,3806.02,40.95
1753769393146,06:09:53.146,coincatch,ETH/USDT:USDT,3805.56,1.34,3805.55,5.23,3806.01,27.92,3806.02,40.95
1753769393248,06:09:53.248,coincatch,ETH/USDT:USDT,3805.35,1.55,3805.34,1.0,3805.69,21.64,3805.7,1.05
1753769393348,06:09:53.348,coincatch,ETH/USDT:USDT,3805.35,1.55,3805.34,1.02,3805.69,21.64,3805.7,1.05
1753769393450,06:09:53.450,coincatch,ETH/USDT:USDT,3805.23,23.41,3805.22,26.82,3805.48,16.96,3805.5,1.5
1753769393691,06:09:53.691,coincatch,ETH/USDT:USDT,3805.23,23.41,3805.22,26.82,3805.48,16.96,3805.5,1.38
1753769393800,06:09:53.800,coincatch,ETH/USDT:USDT,3805.23,16.84,3805.22,26.82,3805.48,18.43,3805.5,1.07
1753769393902,06:09:53.902,coincatch,ETH/USDT:USDT,3805.23,16.84,3805.22,26.82,3805.48,18.43,3805.5,1.46
1753769394049,06:09:54.049,coincatch,ETH/USDT:USDT,3805.23,14.08,3805.22,26.82,3805.48,16.39,3805.5,1.13
1753769394156,06:09:54.156,coincatch,ETH/USDT:USDT,3805.23,14.08,3805.22,26.82,3805.48,16.39,3805.5,1.46
1753769394291,06:09:54.291,coincatch,ETH/USDT:USDT,3805.23,14.08,3805.22,26.82,3805.48,16.39,3805.5,1.16
1753769394403,06:09:54.403,coincatch,ETH/USDT:USDT,3805.23,22.31,3805.22,27.06,3805.48,15.63,3805.5,1.41
1753769394550,06:09:54.550,coincatch,ETH/USDT:USDT,3805.23,40.39,3805.22,37.83,3805.58,5.76,3805.6,1.3
1753769394650,06:09:54.650,coincatch,ETH/USDT:USDT,3805.23,40.39,3805.22,37.83,3805.7,5.76,3805.72,1.22
1753769394752,06:09:54.752,coincatch,ETH/USDT:USDT,3805.23,65.05,3805.22,26.82,3805.7,5.76,3805.72,1.46
1753769394892,06:09:54.892,coincatch,ETH/USDT:USDT,3805.57,149.26,3805.56,8.51,3805.82,2.83,3805.83,1.5
1753769394998,06:09:54.998,coincatch,ETH/USDT:USDT,3805.57,99.54,3805.56,18.11,3805.82,2.83,3805.83,1.17
1753769395100,06:09:55.100,coincatch,ETH/USDT:USDT,3805.57,98.44,3805.56,18.11,3805.82,2.83,3805.83,1.06
1753769395205,06:09:55.205,coincatch,ETH/USDT:USDT,3805.57,98.44,3805.56,9.61,3805.82,2.83,3805.83,1.11
1753769395342,06:09:55.342,coincatch,ETH/USDT:USDT,3805.57,98.44,3805.56,9.61,3805.82,2.83,3805.83,1.11
1753769395451,06:09:55.451,coincatch,ETH/USDT:USDT,3805.57,94.92,3805.56,8.16,3805.82,2.94,3805.83,1.22
1753769395552,06:09:55.552,coincatch,ETH/USDT:USDT,3805.57,94.92,3805.56,8.16,3805.82,2.94,3805.83,1.09
1753769395902,06:09:55.902,coincatch,ETH/USDT:USDT,3805.57,142.91,3805.56,10.14,3805.82,2.94,3805.83,1.33
1753769396050,06:09:56.050,coincatch,ETH/USDT:USDT,3805.57,141.98,3805.56,2.95,3805.82,2.72,3805.83,1.19
1753769396150,06:09:56.150,coincatch,ETH/USDT:USDT,3805.57,141.98,3805.56,2.95,3805.82,2.72,3805.83,1.3
1753769396252,06:09:56.252,coincatch,ETH/USDT:USDT,3805.57,141.81,3805.56,2.95,3805.82,2.72,3805.83,1.46
