timestamp,time,exchange,symbol,bid1_price,bid1_volume,bid2_price,bid2_volume,ask1_price,ask1_volume,ask2_price,ask2_volume
1753769524122,06:12:04.122,bitmart,ETH/USDT:USDT,3806.45,114549.0,3806.44,23900.0,3806.46,37004.0,3806.47,10600.0
1753769524319,06:12:04.319,bitmart,ETH/USDT:USDT,3806.45,146274.0,3806.44,23900.0,3806.46,111827.0,3806.47,10600.0
1753769524924,06:12:04.924,bitmart,ETH/USDT:USDT,3806.45,44853.0,3806.44,23900.0,3806.46,118450.0,3806.47,10600.0
1753769525322,06:12:05.322,bitmart,ETH/USDT:USDT,3806.45,31142.0,3806.44,23900.0,3806.46,117294.0,3806.47,10600.0
1753769526924,06:12:06.924,bitmart,ETH/USDT:USDT,3806.24,119684.0,3806.23,23779.0,3806.25,48892.0,3806.26,15455.0
1753769527119,06:12:07.119,bitmart,ETH/USDT:USDT,3806.24,145745.0,3806.23,23779.0,3806.25,79662.0,3806.26,15455.0
1753769527517,06:12:07.517,bitmart,ETH/USDT:USDT,3806.24,119684.0,3806.23,23779.0,3806.25,48892.0,3806.26,15455.0
1753769528523,06:12:08.523,bitmart,ETH/USDT:USDT,3806.24,149435.0,3806.23,23779.0,3806.25,73372.0,3806.26,11793.0
1753769530118,06:12:10.118,bitmart,ETH/USDT:USDT,3806.24,91736.0,3806.23,23779.0,3806.25,95978.0,3806.26,11793.0
1753769530318,06:12:10.318,bitmart,ETH/USDT:USDT,3806.24,91736.0,3806.23,23779.0,3806.25,95978.0,3806.26,11793.0
1753769531517,06:12:11.517,bitmart,ETH/USDT:USDT,3806.6,291523.0,3806.59,23831.0,3806.61,68058.0,3806.62,11563.0
1753769531716,06:12:11.716,bitmart,ETH/USDT:USDT,3806.6,285708.0,3806.59,23831.0,3806.61,65637.0,3806.62,11563.0
1753769532122,06:12:12.122,bitmart,ETH/USDT:USDT,3806.6,292568.0,3806.59,23831.0,3806.61,63993.0,3806.62,11563.0
1753769532319,06:12:12.319,bitmart,ETH/USDT:USDT,3806.6,260729.0,3806.59,23831.0,3806.61,37405.0,3806.62,11563.0
1753769532517,06:12:12.517,bitmart,ETH/USDT:USDT,3806.6,260729.0,3806.59,23831.0,3806.61,37405.0,3806.62,8673.0
1753769533917,06:12:13.917,bitmart,ETH/USDT:USDT,3806.6,53611.0,3806.59,23831.0,3806.61,146637.0,3806.62,11930.0
1753769534317,06:12:14.317,bitmart,ETH/USDT:USDT,3806.6,124496.0,3806.59,23831.0,3806.61,78218.0,3806.62,11930.0
1753769535324,06:12:15.324,bitmart,ETH/USDT:USDT,3806.6,100967.0,3806.59,23831.0,3806.61,30137.0,3806.62,10434.0
1753769535522,06:12:15.522,bitmart,ETH/USDT:USDT,3806.6,126368.0,3806.59,23831.0,3806.61,54361.0,3806.62,10434.0
1753769535720,06:12:15.720,bitmart,ETH/USDT:USDT,3806.6,100967.0,3806.59,23831.0,3806.61,30137.0,3806.62,10434.0
1753769535932,06:12:15.932,bitmart,ETH/USDT:USDT,3806.6,100967.0,3806.59,23831.0,3806.61,14895.0,3806.62,10434.0
1753769536122,06:12:16.122,bitmart,ETH/USDT:USDT,3806.6,100967.0,3806.59,23831.0,3806.61,14895.0,3806.62,10434.0
1753769536717,06:12:16.717,bitmart,ETH/USDT:USDT,3806.6,130220.0,3806.59,23831.0,3806.61,52250.0,3806.62,8652.0
1753769538320,06:12:18.320,bitmart,ETH/USDT:USDT,3806.72,87.0,3806.7,47.0,3807.16,8044.0,3807.17,6670.0
1753769539123,06:12:19.123,bitmart,ETH/USDT:USDT,3807.15,136682.0,3807.14,20412.0,3807.16,106678.0,3807.17,6670.0
1753769539323,06:12:19.323,bitmart,ETH/USDT:USDT,3807.15,82867.0,3807.14,20412.0,3807.16,105882.0,3807.17,8685.0
1753769540318,06:12:20.318,bitmart,ETH/USDT:USDT,3807.15,174858.0,3807.14,20412.0,3807.16,4194.0,3807.17,7377.0
1753769540921,06:12:20.921,bitmart,ETH/USDT:USDT,3807.26,338406.0,3807.25,23661.0,3807.37,25936.0,3807.38,1784.0
1753769541323,06:12:21.323,bitmart,ETH/USDT:USDT,3807.31,324863.0,3807.3,20511.0,3807.72,41785.0,3807.73,6048.0
1753769541516,06:12:21.516,bitmart,ETH/USDT:USDT,3807.71,313245.0,3807.7,23536.0,3807.72,71880.0,3807.73,7012.0
1753769543321,06:12:23.321,bitmart,ETH/USDT:USDT,3807.25,140956.0,3807.24,21912.0,3807.26,76590.0,3807.27,12855.0
1753769544316,06:12:24.316,bitmart,ETH/USDT:USDT,3807.25,117211.0,3807.24,21912.0,3807.26,29186.0,3807.27,12855.0
1753769544522,06:12:24.522,bitmart,ETH/USDT:USDT,3807.25,117211.0,3807.24,21912.0,3807.26,29186.0,3807.27,12855.0
1753769544717,06:12:24.717,bitmart,ETH/USDT:USDT,3807.25,117211.0,3807.24,21912.0,3807.26,29186.0,3807.27,10717.0
1753769545322,06:12:25.322,bitmart,ETH/USDT:USDT,3807.25,147252.0,3807.24,21912.0,3807.26,52716.0,3807.27,10717.0
1753769545721,06:12:25.721,bitmart,ETH/USDT:USDT,3807.48,29981.0,3807.47,2090.0,3807.49,97420.0,3807.5,9433.0
1753769546930,06:12:26.930,bitmart,ETH/USDT:USDT,3807.04,1916.0,3807.03,1986.0,3807.16,224757.0,3807.17,21321.0
1753769547721,06:12:27.721,bitmart,ETH/USDT:USDT,3807.05,60662.0,3807.04,22615.0,3807.06,309988.0,3807.07,22682.0
1753769547916,06:12:27.916,bitmart,ETH/USDT:USDT,3807.05,59255.0,3807.04,22615.0,3807.06,312365.0,3807.07,22682.0
1753769548316,06:12:28.316,bitmart,ETH/USDT:USDT,3807.05,61931.0,3807.04,22615.0,3807.06,311542.0,3807.07,22682.0
1753769548521,06:12:28.521,bitmart,ETH/USDT:USDT,3807.05,31399.0,3807.04,22615.0,3807.06,285768.0,3807.07,22682.0
1753769549120,06:12:29.120,bitmart,ETH/USDT:USDT,3807.05,79851.0,3807.04,22615.0,3807.06,180620.0,3807.07,22682.0
1753769549522,06:12:29.522,bitmart,ETH/USDT:USDT,3807.05,23020.0,3807.04,22615.0,3807.06,149714.0,3807.07,22682.0
1753769552517,06:12:32.517,bitmart,ETH/USDT:USDT,3807.48,297141.0,3807.47,21744.0,3807.49,39690.0,3807.5,24927.0
1753769552925,06:12:32.925,bitmart,ETH/USDT:USDT,3807.48,265205.0,3807.47,21744.0,3807.49,38821.0,3807.5,24927.0
1753769553520,06:12:33.520,bitmart,ETH/USDT:USDT,3807.48,292127.0,3807.47,21744.0,3807.49,60998.0,3807.5,24927.0
1753769554119,06:12:34.119,bitmart,ETH/USDT:USDT,3807.83,31490.0,3807.82,1737.0,3807.97,6250.0,3808.0,77592.0
1753769554721,06:12:34.721,bitmart,ETH/USDT:USDT,3807.96,326126.0,3807.95,24597.0,3807.97,6250.0,3808.0,109383.0
1753769554918,06:12:34.918,bitmart,ETH/USDT:USDT,3807.96,353663.0,3807.95,24597.0,3807.97,6250.0,3808.0,136839.0
1753769555117,06:12:35.117,bitmart,ETH/USDT:USDT,3807.96,350400.0,3807.95,24597.0,3807.97,6250.0,3808.0,134692.0
1753769555720,06:12:35.720,bitmart,ETH/USDT:USDT,3807.96,355435.0,3807.95,24597.0,3807.97,6250.0,3808.0,134425.0
1753769556716,06:12:36.716,bitmart,ETH/USDT:USDT,3807.96,152448.0,3807.95,24597.0,3807.97,6250.0,3808.0,132937.0
1753769557125,06:12:37.125,bitmart,ETH/USDT:USDT,3807.96,127119.0,3807.95,24597.0,3807.97,6250.0,3808.0,109383.0
1753769557724,06:12:37.724,bitmart,ETH/USDT:USDT,3807.96,162174.0,3807.95,24597.0,3807.97,6250.0,3808.0,145517.0
1753769557919,06:12:37.919,bitmart,ETH/USDT:USDT,3807.96,163221.0,3807.95,24597.0,3807.97,6250.0,3808.0,146853.0
1753769558122,06:12:38.122,bitmart,ETH/USDT:USDT,3807.96,159017.0,3807.95,24597.0,3807.97,6250.0,3808.0,146605.0
1753769558716,06:12:38.716,bitmart,ETH/USDT:USDT,3807.96,28335.0,3807.95,24597.0,3807.97,6250.0,3808.0,26504.0
1753769558916,06:12:38.916,bitmart,ETH/USDT:USDT,3807.96,125892.0,3807.95,24597.0,3807.97,6250.0,3808.0,143257.0
1753769559125,06:12:39.125,bitmart,ETH/USDT:USDT,3807.96,119752.0,3807.95,24597.0,3807.97,6250.0,3808.0,142496.0
1753769559519,06:12:39.519,bitmart,ETH/USDT:USDT,3807.48,244484.0,3807.39,114.0,3807.97,6250.0,3808.0,115383.0
1753769559721,06:12:39.721,bitmart,ETH/USDT:USDT,3807.7,113998.0,3807.69,21224.0,3807.71,24277.0,3807.72,14474.0
1753769559922,06:12:39.922,bitmart,ETH/USDT:USDT,3807.7,142374.0,3807.69,21224.0,3807.71,53705.0,3807.72,14474.0
1753769560517,06:12:40.517,bitmart,ETH/USDT:USDT,3807.7,141599.0,3807.69,21224.0,3807.71,49200.0,3807.72,14474.0
1753769560719,06:12:40.719,bitmart,ETH/USDT:USDT,3807.7,113998.0,3807.69,21224.0,3807.71,24067.0,3807.72,14474.0
1753769560934,06:12:40.934,bitmart,ETH/USDT:USDT,3807.7,137658.0,3807.69,21224.0,3807.71,55553.0,3807.72,14474.0
1753769561122,06:12:41.122,bitmart,ETH/USDT:USDT,3807.7,113998.0,3807.69,21224.0,3807.71,24067.0,3807.72,14474.0
1753769562121,06:12:42.121,bitmart,ETH/USDT:USDT,3807.7,296853.0,3807.69,21224.0,3807.97,6250.0,3808.0,77895.0
1753769562322,06:12:42.322,bitmart,ETH/USDT:USDT,3807.7,292629.0,3807.69,21224.0,3807.97,6250.0,3808.0,46320.0
1753769562920,06:12:42.920,bitmart,ETH/USDT:USDT,3807.96,353120.0,3807.95,24408.0,3807.97,6250.0,3808.0,69594.0
1753769563120,06:12:43.120,bitmart,ETH/USDT:USDT,3807.96,326085.0,3807.95,24408.0,3807.97,6250.0,3808.0,46320.0
1753769563320,06:12:43.320,bitmart,ETH/USDT:USDT,3807.96,355329.0,3807.95,24408.0,3807.97,6250.0,3808.0,71583.0
1753769563724,06:12:43.724,bitmart,ETH/USDT:USDT,3807.96,349376.0,3807.95,24408.0,3807.97,6250.0,3808.0,69626.0
1753769564520,06:12:44.520,bitmart,ETH/USDT:USDT,3807.96,326085.0,3807.95,24408.0,3807.97,6250.0,3808.0,33989.0
1753769564717,06:12:44.717,bitmart,ETH/USDT:USDT,3807.96,355397.0,3807.95,24408.0,3807.97,6250.0,3808.0,57812.0
1753769565123,06:12:45.123,bitmart,ETH/USDT:USDT,3807.96,355749.0,3807.95,24408.0,3807.97,6250.0,3808.0,57088.0
1753769565517,06:12:45.517,bitmart,ETH/USDT:USDT,3807.96,357530.0,3807.95,24408.0,3807.97,6250.0,3808.0,60445.0
1753769565720,06:12:45.720,bitmart,ETH/USDT:USDT,3807.96,326085.0,3807.95,24408.0,3807.97,6250.0,3808.0,33989.0
1753769566532,06:12:46.532,bitmart,ETH/USDT:USDT,3807.96,352840.0,3807.95,24408.0,3808.18,73412.0,3808.19,10706.0
1753769566719,06:12:46.719,bitmart,ETH/USDT:USDT,3808.17,299805.0,3808.16,25324.0,3808.18,75221.0,3808.19,10706.0
1753769568725,06:12:48.725,bitmart,ETH/USDT:USDT,3808.17,278978.0,3808.16,25324.0,3808.18,34832.0,3808.19,10706.0
1753769569318,06:12:49.318,bitmart,ETH/USDT:USDT,3808.17,304082.0,3808.16,25324.0,3808.2,11263.0,3808.21,9608.0
1753769570520,06:12:50.520,bitmart,ETH/USDT:USDT,3808.19,303391.0,3808.18,20388.0,3808.2,9384.0,3808.21,7950.0
1753769570723,06:12:50.723,bitmart,ETH/USDT:USDT,3808.19,273816.0,3808.18,20388.0,3808.2,22294.0,3808.21,7950.0
1753769570917,06:12:50.917,bitmart,ETH/USDT:USDT,3808.19,297503.0,3808.18,20388.0,3808.2,9184.0,3808.21,7950.0
1753769571122,06:12:51.122,bitmart,ETH/USDT:USDT,3808.19,302502.0,3808.18,20388.0,3808.2,45880.0,3808.21,7950.0
1753769571518,06:12:51.518,bitmart,ETH/USDT:USDT,3808.19,273816.0,3808.18,20388.0,3808.28,2092.0,3808.29,1689.0
1753769571723,06:12:51.723,bitmart,ETH/USDT:USDT,3808.19,300220.0,3808.18,20388.0,3808.34,69113.0,3808.35,8734.0
1753769572320,06:12:52.320,bitmart,ETH/USDT:USDT,3808.33,356633.0,3808.32,24630.0,3808.34,73058.0,3808.35,8734.0
1753769572719,06:12:52.719,bitmart,ETH/USDT:USDT,3808.33,327104.0,3808.32,24630.0,3808.34,43066.0,3808.35,8734.0
1753769573117,06:12:53.117,bitmart,ETH/USDT:USDT,3808.33,354134.0,3808.32,24630.0,3808.34,72948.0,3808.35,11593.0
1753769573720,06:12:53.720,bitmart,ETH/USDT:USDT,3808.33,350226.0,3808.32,24630.0,3808.34,68667.0,3808.35,11593.0
1753769574922,06:12:54.922,bitmart,ETH/USDT:USDT,3808.33,356024.0,3808.32,24630.0,3808.34,68131.0,3808.35,11593.0
1753769575318,06:12:55.318,bitmart,ETH/USDT:USDT,3808.33,327104.0,3808.32,24630.0,3808.34,43066.0,3808.35,11593.0
1753769575521,06:12:55.521,bitmart,ETH/USDT:USDT,3808.33,357619.0,3808.32,24630.0,3808.34,69370.0,3808.35,11593.0
1753769576122,06:12:56.122,bitmart,ETH/USDT:USDT,3808.33,350634.0,3808.32,24630.0,3808.34,68686.0,3808.35,11593.0
1753769576319,06:12:56.319,bitmart,ETH/USDT:USDT,3808.33,358441.0,3808.32,24630.0,3808.34,66604.0,3808.35,11593.0
1753769576720,06:12:56.720,bitmart,ETH/USDT:USDT,3808.33,327104.0,3808.32,24630.0,3808.34,84830.0,3808.35,11593.0
1753769577124,06:12:57.124,bitmart,ETH/USDT:USDT,3808.33,354263.0,3808.32,24630.0,3808.34,183650.0,3808.35,14781.0
1753769577521,06:12:57.521,bitmart,ETH/USDT:USDT,3808.33,139283.0,3808.32,24630.0,3808.34,185002.0,3808.35,14781.0
1753769578121,06:12:58.121,bitmart,ETH/USDT:USDT,3808.33,101251.0,3808.32,24630.0,3808.34,192548.0,3808.35,23158.0
1753769578318,06:12:58.318,bitmart,ETH/USDT:USDT,3808.33,72881.0,3808.32,24630.0,3808.34,160548.0,3808.35,23158.0
1753769578720,06:12:58.720,bitmart,ETH/USDT:USDT,3808.33,72881.0,3808.32,24630.0,3808.34,160548.0,3808.35,23158.0
1753769578917,06:12:58.917,bitmart,ETH/USDT:USDT,3808.33,64527.0,3808.32,24630.0,3808.34,187250.0,3808.35,23158.0
1753769579720,06:12:59.720,bitmart,ETH/USDT:USDT,3808.33,68724.0,3808.32,24630.0,3808.34,119704.0,3808.35,23158.0
1753769580124,06:13:00.124,bitmart,ETH/USDT:USDT,3808.33,37808.0,3808.32,24630.0,3808.34,91296.0,3808.35,23158.0
1753769580317,06:13:00.317,bitmart,ETH/USDT:USDT,3808.33,37808.0,3808.32,24630.0,3808.34,91296.0,3808.35,23158.0
1753769580716,06:13:00.716,bitmart,ETH/USDT:USDT,3808.33,139120.0,3808.32,24630.0,3808.34,122380.0,3808.35,23158.0
1753769581120,06:13:01.120,bitmart,ETH/USDT:USDT,3808.33,108732.0,3808.32,24630.0,3808.34,91296.0,3808.35,23158.0
1753769581319,06:13:01.319,bitmart,ETH/USDT:USDT,3808.33,108732.0,3808.32,24630.0,3808.34,91296.0,3808.35,23158.0
1753769581530,06:13:01.530,bitmart,ETH/USDT:USDT,3808.33,159920.0,3808.32,24630.0,3808.34,130001.0,3808.35,23158.0
1753769581716,06:13:01.716,bitmart,ETH/USDT:USDT,3808.33,81975.0,3808.32,24630.0,3808.34,100789.0,3808.35,23158.0
1753769581924,06:13:01.924,bitmart,ETH/USDT:USDT,3808.33,81975.0,3808.32,24630.0,3808.34,100789.0,3808.35,23158.0
1753769582118,06:13:02.118,bitmart,ETH/USDT:USDT,3808.33,105662.0,3808.32,24630.0,3808.34,129331.0,3808.35,23158.0
1753769582320,06:13:02.320,bitmart,ETH/USDT:USDT,3808.33,112005.0,3808.32,24630.0,3808.34,81265.0,3808.35,23158.0
1753769582523,06:13:02.523,bitmart,ETH/USDT:USDT,3808.33,114133.0,3808.32,24630.0,3808.34,73417.0,3808.35,23158.0
1753769582920,06:13:02.920,bitmart,ETH/USDT:USDT,3808.33,81975.0,3808.32,24630.0,3808.34,94653.0,3808.35,23158.0
1753769583123,06:13:03.123,bitmart,ETH/USDT:USDT,3808.33,110286.0,3808.32,24630.0,3808.34,124824.0,3808.35,23158.0
1753769584321,06:13:04.321,bitmart,ETH/USDT:USDT,3808.16,18340.0,3808.15,17152.0,3808.34,232403.0,3808.35,21468.0
1753769584717,06:13:04.717,bitmart,ETH/USDT:USDT,3808.16,40728.0,3808.15,18966.0,3808.17,288883.0,3808.18,23228.0
1753769585116,06:13:05.116,bitmart,ETH/USDT:USDT,3808.16,37879.0,3808.15,18966.0,3808.17,291151.0,3808.18,23228.0
1753769585922,06:13:05.922,bitmart,ETH/USDT:USDT,3808.0,145017.0,3807.99,16473.0,3808.01,254047.0,3808.02,24135.0
1753769586120,06:13:06.120,bitmart,ETH/USDT:USDT,3808.0,146179.0,3807.99,16473.0,3808.01,197241.0,3808.02,24135.0
1753769586941,06:13:06.941,bitmart,ETH/USDT:USDT,3808.0,114297.0,3807.99,16473.0,3808.01,166873.0,3808.02,24135.0
1753769587917,06:13:07.917,bitmart,ETH/USDT:USDT,3808.0,20448.0,3807.99,23936.0,3808.01,166873.0,3808.02,24135.0
1753769588123,06:13:08.123,bitmart,ETH/USDT:USDT,3808.0,83718.0,3807.99,23936.0,3808.01,191553.0,3808.02,24135.0
1753769588923,06:13:08.923,bitmart,ETH/USDT:USDT,3808.0,77782.0,3807.99,20250.0,3808.01,193045.0,3808.02,24135.0
1753769589322,06:13:09.322,bitmart,ETH/USDT:USDT,3808.0,77038.0,3807.99,17952.0,3808.01,197746.0,3808.02,24135.0
1753769589717,06:13:09.717,bitmart,ETH/USDT:USDT,3808.0,75681.0,3807.99,17952.0,3808.01,195773.0,3808.02,24135.0
1753769589916,06:13:09.916,bitmart,ETH/USDT:USDT,3808.0,51130.0,3807.99,17952.0,3808.01,166873.0,3808.02,24135.0
1753769591118,06:13:11.118,bitmart,ETH/USDT:USDT,3808.0,78233.0,3807.99,15551.0,3808.01,197679.0,3808.02,24135.0
1753769591722,06:13:11.722,bitmart,ETH/USDT:USDT,3808.0,81166.0,3807.99,15551.0,3808.01,196112.0,3808.02,24135.0
1753769591917,06:13:11.917,bitmart,ETH/USDT:USDT,3808.0,51130.0,3807.99,15551.0,3808.01,91493.0,3808.02,24135.0
1753769592319,06:13:12.319,bitmart,ETH/USDT:USDT,3808.0,51130.0,3807.99,15551.0,3808.01,91493.0,3808.02,24135.0
1753769592518,06:13:12.518,bitmart,ETH/USDT:USDT,3808.0,82910.0,3807.99,15551.0,3808.01,76702.0,3808.02,20587.0
1753769592723,06:13:12.723,bitmart,ETH/USDT:USDT,3808.0,79927.0,3807.99,20078.0,3808.01,77657.0,3808.02,20587.0
1753769592922,06:13:12.922,bitmart,ETH/USDT:USDT,3808.0,51130.0,3807.99,20078.0,3808.01,53336.0,3808.02,20587.0
1753769593116,06:13:13.116,bitmart,ETH/USDT:USDT,3808.0,81943.0,3807.99,20078.0,3808.01,77703.0,3808.02,20587.0
1753769594539,06:13:14.539,bitmart,ETH/USDT:USDT,3807.6,136884.0,3807.59,19422.0,3807.61,104955.0,3807.62,20092.0
1753769595723,06:13:15.723,bitmart,ETH/USDT:USDT,3807.6,57305.0,3807.59,19422.0,3807.61,108203.0,3807.62,20092.0
1753769595918,06:13:15.918,bitmart,ETH/USDT:USDT,3807.6,60990.0,3807.59,19422.0,3807.61,101147.0,3807.62,20092.0
1753769596923,06:13:16.923,bitmart,ETH/USDT:USDT,3807.6,112344.0,3807.59,19422.0,3807.61,146401.0,3807.62,20092.0
1753769597119,06:13:17.119,bitmart,ETH/USDT:USDT,3807.6,82908.0,3807.59,19422.0,3807.61,120118.0,3807.62,20092.0
1753769597719,06:13:17.719,bitmart,ETH/USDT:USDT,3807.6,114830.0,3807.59,19422.0,3807.61,145255.0,3807.62,20092.0
1753769598321,06:13:18.321,bitmart,ETH/USDT:USDT,3807.6,82908.0,3807.59,19422.0,3807.61,120118.0,3807.62,20092.0
1753769598517,06:13:18.517,bitmart,ETH/USDT:USDT,3807.6,113879.0,3807.59,19422.0,3807.61,146028.0,3807.62,20092.0
1753769599916,06:13:19.916,bitmart,ETH/USDT:USDT,3807.6,65104.0,3807.59,19422.0,3807.61,120118.0,3807.62,20092.0
1753769600516,06:13:20.516,bitmart,ETH/USDT:USDT,3807.6,66336.0,3807.59,19422.0,3807.61,146098.0,3807.62,20092.0
1753769600717,06:13:20.717,bitmart,ETH/USDT:USDT,3807.6,65111.0,3807.59,19422.0,3807.61,143776.0,3807.62,20092.0
1753769600918,06:13:20.918,bitmart,ETH/USDT:USDT,3807.6,65007.0,3807.59,19422.0,3807.61,151539.0,3807.62,20092.0
1753769601317,06:13:21.317,bitmart,ETH/USDT:USDT,3807.6,35239.0,3807.59,14594.0,3807.61,120118.0,3807.62,20092.0
1753769601922,06:13:21.922,bitmart,ETH/USDT:USDT,3807.6,12227.0,3807.59,14594.0,3807.61,120118.0,3807.62,20092.0
1753769602921,06:13:22.921,bitmart,ETH/USDT:USDT,3807.19,72870.0,3807.18,15789.0,3807.2,326538.0,3807.21,21378.0
1753769603134,06:13:23.134,bitmart,ETH/USDT:USDT,3807.19,42112.0,3807.18,15789.0,3807.2,300353.0,3807.21,21378.0
1753769603517,06:13:23.517,bitmart,ETH/USDT:USDT,3807.19,136561.0,3807.18,11979.0,3807.2,243720.0,3807.21,21378.0
1753769603719,06:13:23.719,bitmart,ETH/USDT:USDT,3807.19,113463.0,3807.18,11979.0,3807.2,218107.0,3807.21,21378.0
1753769603916,06:13:23.916,bitmart,ETH/USDT:USDT,3807.19,137759.0,3807.18,11979.0,3807.2,245982.0,3807.21,21378.0
1753769604320,06:13:24.320,bitmart,ETH/USDT:USDT,3807.19,144461.0,3807.18,16104.0,3807.2,248931.0,3807.21,21378.0
1753769604921,06:13:24.921,bitmart,ETH/USDT:USDT,3807.19,136987.0,3807.18,16104.0,3807.2,245507.0,3807.21,21378.0
1753769605117,06:13:25.117,bitmart,ETH/USDT:USDT,3807.19,137118.0,3807.18,16104.0,3807.2,243593.0,3807.21,21378.0
1753769605517,06:13:25.517,bitmart,ETH/USDT:USDT,3807.19,95456.0,3807.18,16104.0,3807.2,248717.0,3807.21,21378.0
1753769605917,06:13:25.917,bitmart,ETH/USDT:USDT,3807.19,96176.0,3807.18,16104.0,3807.2,140521.0,3807.21,21378.0
1753769606119,06:13:26.119,bitmart,ETH/USDT:USDT,3807.19,89646.0,3807.18,16104.0,3807.2,141677.0,3807.21,21378.0
1753769606320,06:13:26.320,bitmart,ETH/USDT:USDT,3807.19,94615.0,3807.18,16104.0,3807.2,137590.0,3807.21,21378.0
1753769607116,06:13:27.116,bitmart,ETH/USDT:USDT,3807.19,245677.0,3807.18,21219.0,3807.2,138333.0,3807.21,21378.0
1753769608324,06:13:28.324,bitmart,ETH/USDT:USDT,3807.19,216369.0,3807.18,21219.0,3807.2,113579.0,3807.21,21378.0
1753769608516,06:13:28.516,bitmart,ETH/USDT:USDT,3807.19,216369.0,3807.18,21219.0,3807.2,50740.0,3807.21,21378.0
1753769608730,06:13:28.730,bitmart,ETH/USDT:USDT,3807.19,216369.0,3807.18,21219.0,3807.2,50740.0,3807.21,21378.0
1753769609326,06:13:29.326,bitmart,ETH/USDT:USDT,3807.19,121782.0,3807.18,21219.0,3807.2,50740.0,3807.21,16459.0
1753769609516,06:13:29.516,bitmart,ETH/USDT:USDT,3807.19,148896.0,3807.18,21219.0,3807.2,79953.0,3807.21,16459.0
1753769609917,06:13:29.917,bitmart,ETH/USDT:USDT,3807.19,151831.0,3807.18,21219.0,3807.2,77530.0,3807.21,16459.0
1753769610718,06:13:30.718,bitmart,ETH/USDT:USDT,3807.19,121782.0,3807.18,21219.0,3807.61,161589.0,3807.78,193705.0
1753769611924,06:13:31.924,bitmart,ETH/USDT:USDT,3807.9,93307.0,3807.89,24799.0,3807.91,143259.0,3807.92,16173.0
1753769612517,06:13:32.517,bitmart,ETH/USDT:USDT,3807.9,68576.0,3807.89,24799.0,3807.91,114664.0,3807.92,16173.0
1753769613920,06:13:33.920,bitmart,ETH/USDT:USDT,3807.9,79641.0,3807.89,24799.0,3807.91,114664.0,3807.92,16173.0
1753769614330,06:13:34.330,bitmart,ETH/USDT:USDT,3807.9,44091.0,3807.89,65251.0,3807.91,57502.0,3807.92,16173.0
1753769615322,06:13:35.322,bitmart,ETH/USDT:USDT,3807.6,94389.0,3807.59,18091.0,3807.61,135395.0,3807.62,20524.0
1753769616519,06:13:36.519,bitmart,ETH/USDT:USDT,3807.6,67676.0,3807.59,18091.0,3807.61,54288.0,3807.62,15062.0
1753769616723,06:13:36.723,bitmart,ETH/USDT:USDT,3807.6,129159.0,3807.59,18091.0,3807.61,48913.0,3807.62,15062.0
1753769616920,06:13:36.920,bitmart,ETH/USDT:USDT,3807.6,129964.0,3807.59,18091.0,3807.61,24220.0,3807.62,15062.0
1753769617521,06:13:37.521,bitmart,ETH/USDT:USDT,3807.6,103638.0,3807.59,18091.0,3807.61,10477.0,3807.62,13428.0
1753769618922,06:13:38.922,bitmart,ETH/USDT:USDT,3807.6,59190.0,3807.59,18091.0,3807.61,62424.0,3807.62,8644.0
1753769620123,06:13:40.123,bitmart,ETH/USDT:USDT,3807.6,63660.0,3807.59,18091.0,3807.61,54403.0,3807.62,8644.0
1753769620717,06:13:40.717,bitmart,ETH/USDT:USDT,3807.6,87976.0,3807.59,18091.0,3807.61,78147.0,3807.62,8644.0
1753769620916,06:13:40.916,bitmart,ETH/USDT:USDT,3807.6,93982.0,3807.59,18091.0,3807.61,77476.0,3807.62,8644.0
1753769621526,06:13:41.526,bitmart,ETH/USDT:USDT,3807.6,160816.0,3807.59,18091.0,3807.61,78923.0,3807.62,8644.0
1753769621923,06:13:41.923,bitmart,ETH/USDT:USDT,3807.6,135759.0,3807.59,18091.0,3807.61,54403.0,3807.62,8644.0
1753769623319,06:13:43.319,bitmart,ETH/USDT:USDT,3807.6,87324.0,3807.59,18091.0,3807.61,137086.0,3807.62,11974.0
1753769623520,06:13:43.520,bitmart,ETH/USDT:USDT,3807.6,86724.0,3807.59,18091.0,3807.61,137583.0,3807.62,11974.0
1753769623740,06:13:43.740,bitmart,ETH/USDT:USDT,3807.6,59123.0,3807.59,18091.0,3807.61,110541.0,3807.62,11974.0
1753769624319,06:13:44.319,bitmart,ETH/USDT:USDT,3807.6,88752.0,3807.59,18091.0,3807.61,141526.0,3807.62,11974.0
1753769625916,06:13:45.916,bitmart,ETH/USDT:USDT,3807.6,142393.0,3807.59,18091.0,3807.61,78321.0,3807.62,11974.0
1753769626322,06:13:46.322,bitmart,ETH/USDT:USDT,3807.6,171767.0,3807.59,18091.0,3807.61,102950.0,3807.62,11974.0
1753769626518,06:13:46.518,bitmart,ETH/USDT:USDT,3807.6,142393.0,3807.59,18091.0,3807.61,78321.0,3807.62,11974.0
1753769626918,06:13:46.918,bitmart,ETH/USDT:USDT,3807.6,142393.0,3807.59,18091.0,3807.61,126280.0,3807.62,11974.0
1753769627319,06:13:47.319,bitmart,ETH/USDT:USDT,3807.6,142393.0,3807.59,17967.0,3807.61,126280.0,3807.62,11510.0
1753769627523,06:13:47.523,bitmart,ETH/USDT:USDT,3807.6,170042.0,3807.59,17967.0,3807.61,150820.0,3807.62,11510.0
1753769627718,06:13:47.718,bitmart,ETH/USDT:USDT,3807.6,172517.0,3807.59,17967.0,3807.61,154346.0,3807.62,11510.0
1753769627922,06:13:47.922,bitmart,ETH/USDT:USDT,3807.6,172517.0,3807.59,17967.0,3807.61,154346.0,3807.62,11510.0
1753769628721,06:13:48.721,bitmart,ETH/USDT:USDT,3807.6,142393.0,3807.59,17967.0,3807.61,126280.0,3807.62,11510.0
1753769629117,06:13:49.117,bitmart,ETH/USDT:USDT,3807.6,173982.0,3807.59,17967.0,3807.61,152290.0,3807.62,11510.0
1753769629918,06:13:49.918,bitmart,ETH/USDT:USDT,3807.6,142393.0,3807.59,17967.0,3807.61,126280.0,3807.62,16253.0
1753769630123,06:13:50.123,bitmart,ETH/USDT:USDT,3807.6,142393.0,3807.59,17967.0,3807.61,126280.0,3807.62,16253.0
1753769630517,06:13:50.517,bitmart,ETH/USDT:USDT,3807.6,130048.0,3807.59,17967.0,3807.61,153453.0,3807.62,16253.0
1753769630716,06:13:50.716,bitmart,ETH/USDT:USDT,3807.6,130921.0,3807.59,17967.0,3807.61,157140.0,3807.62,16253.0
1753769632116,06:13:52.116,bitmart,ETH/USDT:USDT,3807.6,103974.0,3807.59,17967.0,3807.61,126280.0,3807.62,16253.0
1753769632520,06:13:52.520,bitmart,ETH/USDT:USDT,3807.6,133909.0,3807.59,17967.0,3807.61,156407.0,3807.62,16253.0
1753769632716,06:13:52.716,bitmart,ETH/USDT:USDT,3807.6,41361.0,3807.59,17967.0,3807.61,126280.0,3807.62,16253.0
1753769633323,06:13:53.323,bitmart,ETH/USDT:USDT,3807.6,41361.0,3807.59,17967.0,3807.61,126280.0,3807.62,16253.0
1753769633723,06:13:53.723,bitmart,ETH/USDT:USDT,3807.6,41361.0,3807.59,17967.0,3807.61,126280.0,3807.62,16253.0
1753769634117,06:13:54.117,bitmart,ETH/USDT:USDT,3807.6,69636.0,3807.59,17967.0,3807.61,156158.0,3807.62,16253.0
1753769634318,06:13:54.318,bitmart,ETH/USDT:USDT,3807.6,69073.0,3807.59,17967.0,3807.61,154619.0,3807.62,16253.0
1753769634719,06:13:54.719,bitmart,ETH/USDT:USDT,3807.6,126800.0,3807.59,17967.0,3807.61,126280.0,3807.62,16253.0
1753769635316,06:13:55.316,bitmart,ETH/USDT:USDT,3807.6,151486.0,3807.59,17967.0,3807.61,150856.0,3807.62,16253.0
1753769635518,06:13:55.518,bitmart,ETH/USDT:USDT,3807.6,126800.0,3807.59,17967.0,3807.61,126280.0,3807.62,16253.0
1753769636318,06:13:56.318,bitmart,ETH/USDT:USDT,3807.6,289404.0,3807.59,17967.0,3807.61,30169.0,3807.62,1696.0
1753769636516,06:13:56.516,bitmart,ETH/USDT:USDT,3807.63,10.0,3807.6,290843.0,3808.28,21.0,3808.29,1826.0
1753769637316,06:13:57.316,bitmart,ETH/USDT:USDT,3808.33,316709.0,3808.32,23000.0,3808.34,88116.0,3808.35,17822.0
1753769637522,06:13:57.522,bitmart,ETH/USDT:USDT,3808.33,285830.0,3808.32,23000.0,3808.34,56432.0,3808.35,17822.0
1753769637728,06:13:57.728,bitmart,ETH/USDT:USDT,3808.33,285830.0,3808.32,23000.0,3808.34,56432.0,3808.35,17822.0
1753769637916,06:13:57.916,bitmart,ETH/USDT:USDT,3808.33,285830.0,3808.32,23000.0,3808.34,56432.0,3808.35,17822.0
1753769638322,06:13:58.322,bitmart,ETH/USDT:USDT,3808.33,285830.0,3808.32,23000.0,3808.34,56432.0,3808.35,17822.0
1753769638725,06:13:58.725,bitmart,ETH/USDT:USDT,3808.33,314764.0,3808.32,23000.0,3808.34,82512.0,3808.35,17822.0
1753769639318,06:13:59.318,bitmart,ETH/USDT:USDT,3808.33,285830.0,3808.32,23000.0,3808.34,56432.0,3808.35,17822.0
1753769639518,06:13:59.518,bitmart,ETH/USDT:USDT,3808.33,285830.0,3808.32,23000.0,3808.34,56432.0,3808.35,17822.0
1753769639924,06:13:59.924,bitmart,ETH/USDT:USDT,3808.33,317543.0,3808.32,23000.0,3808.34,82015.0,3808.35,17822.0
1753769640118,06:14:00.118,bitmart,ETH/USDT:USDT,3808.33,200473.0,3808.32,23000.0,3808.34,150893.0,3808.35,17822.0
1753769640716,06:14:00.716,bitmart,ETH/USDT:USDT,3808.33,71845.0,3808.32,23000.0,3808.34,147773.0,3808.35,17822.0
1753769641320,06:14:01.320,bitmart,ETH/USDT:USDT,3808.33,161343.0,3808.32,23000.0,3808.34,81487.0,3808.35,17822.0
1753769642323,06:14:02.323,bitmart,ETH/USDT:USDT,3808.33,94606.0,3808.32,23000.0,3808.34,79371.0,3808.35,17822.0
1753769642717,06:14:02.717,bitmart,ETH/USDT:USDT,3808.33,90453.0,3808.32,23000.0,3808.34,83678.0,3808.35,17822.0
1753769642925,06:14:02.925,bitmart,ETH/USDT:USDT,3808.33,94114.0,3808.32,23000.0,3808.34,148042.0,3808.35,17822.0
1753769643717,06:14:03.717,bitmart,ETH/USDT:USDT,3808.33,92415.0,3808.32,23000.0,3808.34,144613.0,3808.35,17822.0
1753769643923,06:14:03.923,bitmart,ETH/USDT:USDT,3808.33,63983.0,3808.32,23000.0,3808.34,119402.0,3808.35,17822.0
1753769645520,06:14:05.520,bitmart,ETH/USDT:USDT,3808.33,38516.0,3808.32,23000.0,3808.34,97110.0,3808.35,17822.0
1753769645927,06:14:05.927,bitmart,ETH/USDT:USDT,3808.33,91912.0,3808.32,23000.0,3808.34,97110.0,3808.35,17822.0
1753769646118,06:14:06.118,bitmart,ETH/USDT:USDT,3808.33,123440.0,3808.32,23000.0,3808.34,120480.0,3808.35,17822.0
1753769647117,06:14:07.117,bitmart,ETH/USDT:USDT,3808.33,91912.0,3808.32,23000.0,3808.34,53050.0,3808.35,17822.0
1753769647719,06:14:07.719,bitmart,ETH/USDT:USDT,3808.33,120767.0,3808.32,23000.0,3808.34,79402.0,3808.35,17822.0
1753769647916,06:14:07.916,bitmart,ETH/USDT:USDT,3808.33,91912.0,3808.32,23000.0,3808.34,53050.0,3808.35,17822.0
1753769648124,06:14:08.124,bitmart,ETH/USDT:USDT,3808.33,91912.0,3808.32,23000.0,3808.34,53050.0,3808.35,17822.0
1753769648722,06:14:08.722,bitmart,ETH/USDT:USDT,3808.33,123620.0,3808.32,23000.0,3808.34,80023.0,3808.35,17822.0
1753769648916,06:14:08.916,bitmart,ETH/USDT:USDT,3808.33,116873.0,3808.32,23000.0,3808.34,77185.0,3808.35,17822.0
1753769649122,06:14:09.122,bitmart,ETH/USDT:USDT,3808.33,122218.0,3808.32,23000.0,3808.34,76135.0,3808.35,17822.0
1753769649317,06:14:09.317,bitmart,ETH/USDT:USDT,3808.33,82685.0,3808.32,23000.0,3808.34,159969.0,3808.35,17822.0
1753769649517,06:14:09.517,bitmart,ETH/USDT:USDT,3808.33,81927.0,3808.32,23000.0,3808.34,168609.0,3808.35,17822.0
1753769650720,06:14:10.720,bitmart,ETH/USDT:USDT,3808.33,57834.0,3808.32,23000.0,3808.34,160363.0,3808.35,17822.0
1753769651120,06:14:11.120,bitmart,ETH/USDT:USDT,3808.33,77035.0,3808.32,17531.0,3808.34,161953.0,3808.35,17822.0
1753769651326,06:14:11.326,bitmart,ETH/USDT:USDT,3808.33,74232.0,3808.32,17531.0,3808.34,166272.0,3808.35,17822.0
1753769651530,06:14:11.530,bitmart,ETH/USDT:USDT,3808.33,79211.0,3808.32,17531.0,3808.34,136788.0,3808.35,17822.0
1753769652516,06:14:12.516,bitmart,ETH/USDT:USDT,3808.33,139841.0,3808.32,17531.0,3808.34,121714.0,3808.35,17822.0
1753769653129,06:14:13.129,bitmart,ETH/USDT:USDT,3808.33,116082.0,3808.32,17531.0,3808.34,94749.0,3808.35,17822.0
1753769653319,06:14:13.319,bitmart,ETH/USDT:USDT,3808.33,146041.0,3808.32,17531.0,3808.34,126535.0,3808.35,17822.0
1753769654517,06:14:14.517,bitmart,ETH/USDT:USDT,3808.33,158107.0,3808.32,17531.0,3808.34,107939.0,3808.35,17822.0
1753769654726,06:14:14.726,bitmart,ETH/USDT:USDT,3808.33,150666.0,3808.32,17531.0,3808.34,103142.0,3808.35,17822.0
1753769655117,06:14:15.117,bitmart,ETH/USDT:USDT,3808.33,151990.0,3808.32,17531.0,3808.34,101618.0,3808.35,17822.0
1753769655317,06:14:15.317,bitmart,ETH/USDT:USDT,3808.33,84257.0,3808.32,17531.0,3808.34,77140.0,3808.35,17822.0
1753769655522,06:14:15.522,bitmart,ETH/USDT:USDT,3808.33,84257.0,3808.32,17531.0,3808.34,77140.0,3808.35,17822.0
1753769656122,06:14:16.122,bitmart,ETH/USDT:USDT,3808.33,84257.0,3808.32,17531.0,3808.34,77140.0,3808.35,17822.0
1753769656723,06:14:16.723,bitmart,ETH/USDT:USDT,3808.33,84257.0,3808.32,17531.0,3808.34,103559.0,3808.35,17822.0
