timestamp,time,exchange,symbol,bid1_price,bid1_volume,bid2_price,bid2_volume,ask1_price,ask1_volume,ask2_price,ask2_volume
1753769525714,06:12:05.714,blofin,SOL/USDT:USDT,184.53,462.0,184.52,387.0,184.54,548.99,184.55,508.0
1753769526392,06:12:06.392,blofin,SOL/USDT:USDT,184.53,845.0,184.52,550.0,184.54,129.0,184.55,487.0
1753769527680,06:12:07.680,blofin,SOL/USDT:USDT,184.54,839.0,184.53,675.0,184.55,17.0,184.56,532.0
1753769528399,06:12:08.399,blofin,SOL/USDT:USDT,184.55,1126.0,184.54,523.0,184.56,20.0,184.57,424.0
1753769529717,06:12:09.717,blofin,SOL/USDT:USDT,184.55,381.0,184.54,433.0,184.56,418.0,184.57,402.0
1753769531165,06:12:11.165,blofin,SOL/USDT:USDT,184.58,1318.0,184.57,637.0,184.59,179.99,184.6,713.0
1753769531720,06:12:11.720,blofin,SOL/USDT:USDT,184.58,752.98,184.57,623.0,184.59,338.0,184.6,714.0
1753769533352,06:12:13.352,blofin,SOL/USDT:USDT,184.58,124.0,184.57,417.0,184.59,569.0,184.6,444.0
1753769533722,06:12:13.722,blofin,SOL/USDT:USDT,184.58,124.0,184.57,417.0,184.59,569.0,184.6,444.0
1753769535725,06:12:15.725,blofin,SOL/USDT:USDT,184.58,45.0,184.57,461.0,184.59,680.0,184.6,583.0
1753769536515,06:12:16.515,blofin,SOL/USDT:USDT,184.58,626.0,184.57,694.0,184.59,168.0,184.6,615.0
1753769537511,06:12:17.511,blofin,SOL/USDT:USDT,184.58,772.0,184.57,489.0,184.59,120.0,184.6,726.0
1753769538233,06:12:18.233,blofin,SOL/USDT:USDT,184.6,757.0,184.59,557.0,184.61,81.0,184.62,486.0
1753769538785,06:12:18.785,blofin,SOL/USDT:USDT,184.6,1852.0,184.59,559.0,184.61,399.99,184.62,716.0
1753769539733,06:12:19.733,blofin,SOL/USDT:USDT,184.6,333.0,184.59,570.0,184.61,329.0,184.62,451.0
1753769540734,06:12:20.734,blofin,SOL/USDT:USDT,184.6,606.0,184.59,542.0,184.61,618.0,184.62,734.0
1753769541463,06:12:21.463,blofin,SOL/USDT:USDT,184.6,560.0,184.59,430.0,184.61,94.0,184.62,511.0
1753769541891,06:12:21.891,blofin,SOL/USDT:USDT,184.61,577.0,184.6,404.0,184.62,103.0,184.63,538.0
1753769542740,06:12:22.740,blofin,SOL/USDT:USDT,184.61,2.0,184.6,653.0,184.62,725.0,184.63,620.0
1753769543527,06:12:23.527,blofin,SOL/USDT:USDT,184.61,70.0,184.6,677.0,184.62,634.0,184.63,675.0
1753769544240,06:12:24.240,blofin,SOL/USDT:USDT,184.61,70.0,184.6,677.0,184.62,634.0,184.63,675.0
1753769544743,06:12:24.743,blofin,SOL/USDT:USDT,184.61,56.0,184.6,672.0,184.62,550.0,184.63,642.0
1753769545486,06:12:25.486,blofin,SOL/USDT:USDT,184.61,83.0,184.6,510.0,184.62,639.0,184.63,685.0
1753769546748,06:12:26.748,blofin,SOL/USDT:USDT,184.6,6.0,184.59,656.0,184.61,657.99,184.62,664.0
1753769548483,06:12:28.483,blofin,SOL/USDT:USDT,184.6,65.0,184.59,508.0,184.61,990.0,184.62,472.0
1753769551754,06:12:31.754,blofin,SOL/USDT:USDT,184.62,1707.0,184.61,507.0,184.63,44.0,184.64,655.0
1753769553429,06:12:33.429,blofin,SOL/USDT:USDT,184.62,1836.0,184.61,700.0,184.63,29.0,184.64,674.0
1753769554188,06:12:34.188,blofin,SOL/USDT:USDT,184.64,1558.0,184.63,391.0,184.65,2.0,184.66,447.0
1753769554757,06:12:34.757,blofin,SOL/USDT:USDT,184.64,1395.0,184.63,610.0,184.65,165.0,184.66,409.0
1753769555531,06:12:35.531,blofin,SOL/USDT:USDT,184.64,428.0,184.63,469.0,184.65,736.0,184.66,639.0
1753769556646,06:12:36.646,blofin,SOL/USDT:USDT,184.64,110.0,184.63,453.0,184.65,669.0,184.66,588.0
1753769557372,06:12:37.372,blofin,SOL/USDT:USDT,184.63,713.0,184.62,588.0,184.64,554.0,184.65,663.0
1753769557763,06:12:37.763,blofin,SOL/USDT:USDT,184.63,713.0,184.62,588.0,184.64,554.0,184.65,663.0
1753769558764,06:12:38.764,blofin,SOL/USDT:USDT,184.63,502.0,184.62,524.0,184.64,556.0,184.65,540.0
1753769559267,06:12:39.267,blofin,SOL/USDT:USDT,184.63,502.0,184.62,524.0,184.64,556.0,184.65,540.0
1753769559767,06:12:39.767,blofin,SOL/USDT:USDT,184.63,812.0,184.62,383.0,184.64,182.0,184.65,678.0
1753769560539,06:12:40.539,blofin,SOL/USDT:USDT,184.63,380.0,184.62,628.0,184.64,346.0,184.65,613.0
1753769561426,06:12:41.426,blofin,SOL/USDT:USDT,184.65,154.0,184.64,585.0,184.66,720.0,184.67,484.0
1753769561769,06:12:41.769,blofin,SOL/USDT:USDT,184.65,154.0,184.64,585.0,184.66,720.0,184.67,484.0
1753769562771,06:12:42.771,blofin,SOL/USDT:USDT,184.65,445.0,184.64,423.0,184.66,346.0,184.67,437.0
1753769563773,06:12:43.773,blofin,SOL/USDT:USDT,184.65,491.0,184.64,659.0,184.66,379.0,184.67,596.0
1753769564542,06:12:44.542,blofin,SOL/USDT:USDT,184.65,524.0,184.64,652.0,184.66,275.0,184.67,473.0
1753769565430,06:12:45.430,blofin,SOL/USDT:USDT,184.65,391.0,184.64,621.0,184.66,286.0,184.67,661.0
1753769565779,06:12:45.779,blofin,SOL/USDT:USDT,184.65,391.0,184.64,621.0,184.66,286.0,184.67,661.0
1753769566780,06:12:46.780,blofin,SOL/USDT:USDT,184.65,569.0,184.64,693.0,184.66,135.0,184.67,508.0
1753769567542,06:12:47.542,blofin,SOL/USDT:USDT,184.65,710.0,184.64,619.0,184.66,119.0,184.67,733.0
1753769568378,06:12:48.378,blofin,SOL/USDT:USDT,184.65,713.0,184.64,606.0,184.66,7.0,184.67,614.0
1753769568967,06:12:48.967,blofin,SOL/USDT:USDT,184.66,794.0,184.65,684.0,184.67,12.0,184.68,448.0
1753769569785,06:12:49.785,blofin,SOL/USDT:USDT,184.66,1365.0,184.65,598.0,184.67,71.0,184.68,554.0
1753769570537,06:12:50.537,blofin,SOL/USDT:USDT,184.66,1179.0,184.65,633.0,184.67,66.0,184.68,661.0
1753769571285,06:12:51.285,blofin,SOL/USDT:USDT,184.66,1179.0,184.65,633.0,184.67,66.0,184.68,661.0
1753769571786,06:12:51.786,blofin,SOL/USDT:USDT,184.66,1525.0,184.65,653.0,184.67,145.0,184.68,480.0
1753769572673,06:12:52.673,blofin,SOL/USDT:USDT,184.66,925.98,184.65,648.0,184.67,93.0,184.68,588.0
1753769573382,06:12:53.382,blofin,SOL/USDT:USDT,184.66,1450.0,184.65,487.0,184.67,8.0,184.68,683.0
1753769573790,06:12:53.790,blofin,SOL/USDT:USDT,184.66,1450.0,184.65,487.0,184.67,8.0,184.68,683.0
1753769574791,06:12:54.791,blofin,SOL/USDT:USDT,184.66,1401.0,184.65,503.0,184.67,105.0,184.68,554.0
1753769575558,06:12:55.558,blofin,SOL/USDT:USDT,184.66,620.0,184.65,518.0,184.67,166.0,184.68,471.0
1753769576496,06:12:56.496,blofin,SOL/USDT:USDT,184.66,870.0,184.65,493.0,184.67,96.0,184.68,614.0
1753769577070,06:12:57.070,blofin,SOL/USDT:USDT,184.66,870.0,184.65,493.0,184.67,87.98,184.68,614.0
1753769577794,06:12:57.794,blofin,SOL/USDT:USDT,184.66,169.0,184.65,410.0,184.67,459.0,184.68,617.0
1753769578555,06:12:58.555,blofin,SOL/USDT:USDT,184.66,353.0,184.65,687.0,184.67,249.0,184.68,420.0
1753769579299,06:12:59.299,blofin,SOL/USDT:USDT,184.66,353.0,184.65,687.0,184.67,249.0,184.68,420.0
1753769579800,06:12:59.800,blofin,SOL/USDT:USDT,184.66,666.0,184.65,468.0,184.67,278.0,184.68,569.0
1753769580798,06:13:00.798,blofin,SOL/USDT:USDT,184.67,568.0,184.66,643.0,184.68,3.0,184.69,542.01
1753769581495,06:13:01.495,blofin,SOL/USDT:USDT,184.67,1395.0,184.66,613.0,184.68,258.0,184.69,642.01
1753769581801,06:13:01.801,blofin,SOL/USDT:USDT,184.67,1395.0,184.66,613.0,184.68,258.0,184.69,642.01
1753769582802,06:13:02.802,blofin,SOL/USDT:USDT,184.67,510.0,184.66,597.0,184.68,324.0,184.69,450.01
1753769583804,06:13:03.804,blofin,SOL/USDT:USDT,184.67,77.0,184.66,489.0,184.68,634.0,184.69,655.01
1753769585306,06:13:05.306,blofin,SOL/USDT:USDT,184.66,233.0,184.65,413.0,184.67,615.0,184.68,608.0
1753769585806,06:13:05.806,blofin,SOL/USDT:USDT,184.66,649.0,184.65,550.0,184.67,641.0,184.68,728.0
1753769586808,06:13:06.808,blofin,SOL/USDT:USDT,184.66,625.0,184.65,595.0,184.67,8.0,184.68,647.0
1753769587557,06:13:07.557,blofin,SOL/USDT:USDT,184.66,975.0,184.65,564.0,184.67,8.0,184.68,420.0
1753769588309,06:13:08.309,blofin,SOL/USDT:USDT,184.66,975.0,184.65,564.0,184.67,8.0,184.68,420.0
1753769588810,06:13:08.810,blofin,SOL/USDT:USDT,184.66,377.0,184.65,394.0,184.67,247.0,184.68,428.0
1753769589557,06:13:09.557,blofin,SOL/USDT:USDT,184.66,302.0,184.65,665.0,184.67,351.0,184.68,718.0
1753769590460,06:13:10.460,blofin,SOL/USDT:USDT,184.66,376.0,184.65,644.0,184.67,334.0,184.68,544.0
1753769590815,06:13:10.815,blofin,SOL/USDT:USDT,184.66,376.0,184.65,644.0,184.67,334.0,184.68,544.0
1753769591813,06:13:11.813,blofin,SOL/USDT:USDT,184.66,427.0,184.65,455.0,184.67,248.0,184.68,418.0
1753769592573,06:13:12.573,blofin,SOL/USDT:USDT,184.66,74.0,184.65,573.0,184.67,563.0,184.68,722.0
1753769593817,06:13:13.817,blofin,SOL/USDT:USDT,184.65,790.0,184.64,572.0,184.66,159.0,184.67,745.0
1753769594818,06:13:14.818,blofin,SOL/USDT:USDT,184.65,16.0,184.64,633.0,184.66,709.0,184.67,542.0
1753769595571,06:13:15.571,blofin,SOL/USDT:USDT,184.65,4.0,184.64,434.0,184.66,855.0,184.67,526.0
1753769596514,06:13:16.514,blofin,SOL/USDT:USDT,184.65,5.0,184.64,378.0,184.66,920.0,184.67,458.0
1753769596822,06:13:16.822,blofin,SOL/USDT:USDT,184.65,5.0,184.64,378.0,184.66,920.0,184.67,458.0
1753769597823,06:13:17.823,blofin,SOL/USDT:USDT,184.64,8.0,184.63,515.0,184.65,1375.0,184.66,641.0
1753769598576,06:13:18.576,blofin,SOL/USDT:USDT,184.64,7.0,184.63,660.0,184.65,942.0,184.66,626.0
1753769599324,06:13:19.324,blofin,SOL/USDT:USDT,184.64,7.0,184.63,660.0,184.65,942.0,184.66,626.0
1753769599826,06:13:19.826,blofin,SOL/USDT:USDT,184.64,9.0,184.63,567.0,184.65,1034.0,184.66,728.0
1753769600568,06:13:20.568,blofin,SOL/USDT:USDT,184.64,7.0,184.63,497.0,184.65,1437.0,184.66,618.0
1753769602140,06:13:22.140,blofin,SOL/USDT:USDT,184.63,3.0,184.62,636.0,184.64,1203.0,184.65,688.0
1753769602832,06:13:22.832,blofin,SOL/USDT:USDT,184.63,553.97,184.62,402.0,184.64,1558.0,184.65,521.0
1753769603832,06:13:23.832,blofin,SOL/USDT:USDT,184.63,798.0,184.62,407.0,184.64,539.0,184.65,445.0
1753769604573,06:13:24.573,blofin,SOL/USDT:USDT,184.63,867.0,184.62,496.0,184.64,148.0,184.65,694.0
1753769604834,06:13:24.834,blofin,SOL/USDT:USDT,184.63,867.0,184.62,496.0,184.64,148.0,184.65,694.0
1753769605834,06:13:25.834,blofin,SOL/USDT:USDT,184.64,842.0,184.63,443.0,184.65,30.0,184.66,698.0
1753769606566,06:13:26.566,blofin,SOL/USDT:USDT,184.64,1105.0,184.63,666.0,184.65,15.0,184.66,654.0
1753769606835,06:13:26.835,blofin,SOL/USDT:USDT,184.64,1105.0,184.63,666.0,184.65,15.0,184.66,654.0
1753769607836,06:13:27.836,blofin,SOL/USDT:USDT,184.64,1615.0,184.63,434.0,184.65,24.0,184.66,434.0
1753769608570,06:13:28.570,blofin,SOL/USDT:USDT,184.64,1252.0,184.63,579.0,184.65,103.0,184.66,705.0
1753769609339,06:13:29.339,blofin,SOL/USDT:USDT,184.64,1252.0,184.63,579.0,184.65,103.0,184.66,705.0
1753769609840,06:13:29.840,blofin,SOL/USDT:USDT,184.64,217.0,184.63,453.0,184.65,443.0,184.66,539.0
1753769610561,06:13:30.561,blofin,SOL/USDT:USDT,184.64,245.0,184.63,443.0,184.65,627.0,184.66,476.0
1753769611342,06:13:31.342,blofin,SOL/USDT:USDT,184.65,730.0,184.64,586.0,184.66,113.0,184.67,619.0
1753769612574,06:13:32.574,blofin,SOL/USDT:USDT,184.65,2075.0,184.64,551.0,184.66,144.0,184.67,634.0
1753769613467,06:13:33.467,blofin,SOL/USDT:USDT,184.65,1811.0,184.64,398.0,184.66,132.0,184.67,601.0
1753769614855,06:13:34.855,blofin,SOL/USDT:USDT,184.62,68.0,184.61,614.0,184.63,1287.46,184.64,505.0
1753769615525,06:13:35.525,blofin,SOL/USDT:USDT,184.65,1050.0,184.64,544.0,184.66,72.0,184.67,640.0
1753769615857,06:13:35.857,blofin,SOL/USDT:USDT,184.65,1050.0,184.64,544.0,184.66,72.0,184.67,640.0
1753769616856,06:13:36.856,blofin,SOL/USDT:USDT,184.65,406.0,184.64,553.0,184.66,216.0,184.67,613.0
1753769617579,06:13:37.579,blofin,SOL/USDT:USDT,184.65,757.0,184.64,468.0,184.66,422.0,184.67,525.0
1753769617860,06:13:37.860,blofin,SOL/USDT:USDT,184.65,757.0,184.64,468.0,184.66,422.0,184.67,525.0
1753769618860,06:13:38.860,blofin,SOL/USDT:USDT,184.65,221.0,184.64,406.0,184.66,485.0,184.67,595.0
1753769619582,06:13:39.582,blofin,SOL/USDT:USDT,184.65,483.0,184.64,493.0,184.66,176.0,184.67,597.0
1753769620861,06:13:40.861,blofin,SOL/USDT:USDT,184.65,589.0,184.64,507.0,184.66,73.0,184.67,402.0
1753769621589,06:13:41.589,blofin,SOL/USDT:USDT,184.67,1203.0,184.66,704.0,184.68,363.0,184.69,662.01
1753769621863,06:13:41.863,blofin,SOL/USDT:USDT,184.67,1203.0,184.66,704.0,184.68,363.0,184.69,662.01
1753769623581,06:13:43.581,blofin,SOL/USDT:USDT,184.67,586.0,184.66,457.0,184.68,740.0,184.69,707.01
1753769623880,06:13:43.880,blofin,SOL/USDT:USDT,184.67,586.0,184.66,457.0,184.68,740.0,184.69,707.01
1753769624867,06:13:44.867,blofin,SOL/USDT:USDT,184.67,587.0,184.66,402.0,184.68,296.0,184.69,522.01
1753769625586,06:13:45.586,blofin,SOL/USDT:USDT,184.67,572.38,184.66,677.0,184.68,415.0,184.69,722.01
1753769625868,06:13:45.868,blofin,SOL/USDT:USDT,184.67,572.38,184.66,677.0,184.68,415.0,184.69,722.01
1753769626870,06:13:46.870,blofin,SOL/USDT:USDT,184.68,1545.0,184.67,484.0,184.69,35.01,184.7,639.0
1753769627593,06:13:47.593,blofin,SOL/USDT:USDT,184.68,1622.0,184.67,701.0,184.69,34.01,184.7,636.0
1753769627872,06:13:47.872,blofin,SOL/USDT:USDT,184.68,1622.0,184.67,701.0,184.69,34.01,184.7,636.0
1753769628873,06:13:48.873,blofin,SOL/USDT:USDT,184.68,1524.0,184.67,502.0,184.69,24.0,184.7,654.0
1753769629597,06:13:49.597,blofin,SOL/USDT:USDT,184.68,1374.0,184.67,407.0,184.69,20.0,184.7,493.0
1753769630375,06:13:50.375,blofin,SOL/USDT:USDT,184.68,1374.0,184.67,407.0,184.69,20.0,184.7,493.0
1753769630876,06:13:50.876,blofin,SOL/USDT:USDT,184.68,1140.0,184.67,417.0,184.69,85.0,184.7,423.0
1753769631594,06:13:51.594,blofin,SOL/USDT:USDT,184.68,1424.0,184.67,493.0,184.69,20.0,184.7,456.0
1753769632393,06:13:52.393,blofin,SOL/USDT:USDT,184.68,1424.0,184.67,493.0,184.69,20.0,184.7,456.0
1753769632889,06:13:52.889,blofin,SOL/USDT:USDT,184.68,1641.0,184.67,614.0,184.69,24.0,184.7,712.0
1753769633594,06:13:53.594,blofin,SOL/USDT:USDT,184.68,1313.0,184.67,545.0,184.69,98.0,184.7,649.0
1753769634443,06:13:54.443,blofin,SOL/USDT:USDT,184.68,1188.0,184.67,562.0,184.69,124.0,184.7,596.0
1753769634884,06:13:54.884,blofin,SOL/USDT:USDT,184.68,1188.0,184.67,562.0,184.69,123.99,184.7,596.0
1753769635561,06:13:55.561,blofin,SOL/USDT:USDT,184.68,1489.0,184.67,443.0,184.69,34.0,184.7,651.0
1753769636442,06:13:56.442,blofin,SOL/USDT:USDT,184.69,2006.0,184.68,571.0,184.7,129.0,184.71,612.0
1753769637561,06:13:57.561,blofin,SOL/USDT:USDT,184.69,1748.0,184.68,705.0,184.7,126.0,184.71,512.0
1753769638444,06:13:58.444,blofin,SOL/USDT:USDT,184.69,1324.0,184.68,505.0,184.7,553.0,184.71,522.0
1753769638948,06:13:58.948,blofin,SOL/USDT:USDT,184.69,1408.0,184.68,554.0,184.71,383.0,184.72,447.0
1753769639548,06:13:59.548,blofin,SOL/USDT:USDT,184.7,1448.0,184.69,598.0,184.71,44.0,184.72,636.0
1753769639888,06:13:59.888,blofin,SOL/USDT:USDT,184.7,1448.0,184.69,598.0,184.71,44.0,184.72,636.0
1753769640890,06:14:00.890,blofin,SOL/USDT:USDT,184.7,1766.0,184.69,533.0,184.71,419.99,184.72,395.0
1753769641613,06:14:01.613,blofin,SOL/USDT:USDT,184.7,1284.0,184.69,391.0,184.71,42.0,184.72,541.0
1753769642558,06:14:02.558,blofin,SOL/USDT:USDT,184.7,1430.0,184.69,409.0,184.71,520.0,184.72,724.0
1753769642896,06:14:02.896,blofin,SOL/USDT:USDT,184.7,1430.0,184.69,409.0,184.71,520.0,184.72,724.0
1753769643901,06:14:03.901,blofin,SOL/USDT:USDT,184.71,1612.0,184.7,691.0,184.72,21.0,184.73,551.0
1753769644899,06:14:04.899,blofin,SOL/USDT:USDT,184.71,727.0,184.7,514.0,184.72,298.0,184.73,649.0
1753769645557,06:14:05.557,blofin,SOL/USDT:USDT,184.71,431.0,184.7,518.0,184.72,333.0,184.73,457.0
1753769645901,06:14:05.901,blofin,SOL/USDT:USDT,184.71,431.0,184.7,518.0,184.72,333.0,184.73,457.0
1753769646903,06:14:06.903,blofin,SOL/USDT:USDT,184.72,517.0,184.71,567.0,184.73,290.0,184.74,501.0
1753769647607,06:14:07.607,blofin,SOL/USDT:USDT,184.74,611.0,184.73,955.0,184.75,0.11,184.76,22.38
1753769648565,06:14:08.565,blofin,SOL/USDT:USDT,184.74,406.0,184.73,913.0,184.75,0.11,184.76,288.38
1753769649011,06:14:09.011,blofin,SOL/USDT:USDT,184.74,406.0,184.73,913.0,184.75,42.11,184.76,288.38
1753769649513,06:14:09.513,blofin,SOL/USDT:USDT,184.74,505.0,184.73,981.0,184.75,268.11,184.76,649.38
1753769649908,06:14:09.908,blofin,SOL/USDT:USDT,184.74,505.0,184.73,981.0,184.75,443.11,184.76,649.38
1753769650574,06:14:10.574,blofin,SOL/USDT:USDT,184.74,441.0,184.73,811.0,184.75,267.11,184.76,515.38
1753769651409,06:14:11.409,blofin,SOL/USDT:USDT,184.74,441.0,184.73,811.0,184.75,38.11,184.76,515.38
1753769651911,06:14:11.911,blofin,SOL/USDT:USDT,184.74,512.0,184.73,1376.0,184.75,38.11,184.76,289.38
1753769652574,06:14:12.574,blofin,SOL/USDT:USDT,184.74,633.0,184.73,1050.0,184.75,57.11,184.76,410.38
1753769653466,06:14:13.466,blofin,SOL/USDT:USDT,184.74,575.0,184.73,1389.0,184.75,57.11,184.76,255.38
1753769654072,06:14:14.072,blofin,SOL/USDT:USDT,184.74,575.0,184.73,1389.0,184.75,57.11,184.76,255.38
1753769654912,06:14:14.912,blofin,SOL/USDT:USDT,184.74,389.0,184.73,910.0,184.75,19.11,184.76,153.38
1753769655587,06:14:15.587,blofin,SOL/USDT:USDT,184.74,625.0,184.73,992.0,184.75,19.11,184.76,529.38
1753769656413,06:14:16.413,blofin,SOL/USDT:USDT,184.74,625.0,184.73,992.0,184.75,280.11,184.76,548.38
