timestamp,time,exchange,symbol,bid1_price,bid1_volume,bid2_price,bid2_volume,ask1_price,ask1_volume,ask2_price,ask2_volume
1753769305705,06:08:25.705,bitmex,SOL/USDT:USDT,185.01,16000.0,185.0,130000.0,185.03,17000.0,185.04,17000.0
1753769305758,06:08:25.758,bitmex,SOL/USDT:USDT,185.01,16000.0,185.0,130000.0,185.03,14000.0,185.06,113000.0
1753769305812,06:08:25.812,bitmex,SOL/USDT:USDT,185.02,16000.0,185.0,130000.0,185.06,113000.0,185.07,17000.0
1753769305866,06:08:25.866,bitmex,SOL/USDT:USDT,185.0,130000.0,184.98,602000.0,185.04,17000.0,185.06,23000.0
1753769305915,06:08:25.915,bitmex,SOL/USDT:USDT,185.0,130000.0,184.98,602000.0,185.04,17000.0,185.06,136000.0
1753769305994,06:08:25.994,bitmex,SOL/USDT:USDT,185.0,130000.0,184.98,602000.0,185.04,17000.0,185.06,136000.0
1753769306043,06:08:26.043,bitmex,SOL/USDT:USDT,185.01,16000.0,185.0,130000.0,185.03,14000.0,185.05,20000.0
1753769306092,06:08:26.092,bitmex,SOL/USDT:USDT,185.02,16000.0,185.0,130000.0,185.05,20000.0,185.06,23000.0
1753769306142,06:08:26.142,bitmex,SOL/USDT:USDT,185.02,16000.0,185.01,583000.0,185.05,20000.0,185.06,23000.0
1753769306322,06:08:26.322,bitmex,SOL/USDT:USDT,185.02,16000.0,185.01,583000.0,185.05,20000.0,185.06,23000.0
1753769306425,06:08:26.425,bitmex,SOL/USDT:USDT,185.02,187000.0,185.01,583000.0,185.05,34000.0,185.06,23000.0
1753769306474,06:08:26.474,bitmex,SOL/USDT:USDT,185.02,171000.0,185.01,612000.0,185.05,34000.0,185.06,23000.0
1753769306616,06:08:26.616,bitmex,SOL/USDT:USDT,185.02,171000.0,185.01,612000.0,185.05,34000.0,185.06,23000.0
1753769306665,06:08:26.665,bitmex,SOL/USDT:USDT,185.02,187000.0,185.01,612000.0,185.05,34000.0,185.07,113000.0
1753769306718,06:08:26.718,bitmex,SOL/USDT:USDT,185.02,187000.0,185.01,612000.0,185.05,34000.0,185.07,113000.0
1753769306799,06:08:26.799,bitmex,SOL/USDT:USDT,185.02,187000.0,185.01,612000.0,185.05,34000.0,185.07,113000.0
1753769306848,06:08:26.848,bitmex,SOL/USDT:USDT,185.02,187000.0,185.01,612000.0,185.05,34000.0,185.07,113000.0
1753769306909,06:08:26.909,bitmex,SOL/USDT:USDT,185.02,187000.0,185.01,612000.0,185.05,34000.0,185.07,140000.0
1753769307056,06:08:27.056,bitmex,SOL/USDT:USDT,185.02,187000.0,185.01,612000.0,185.05,34000.0,185.07,140000.0
1753769307105,06:08:27.105,bitmex,SOL/USDT:USDT,185.02,187000.0,185.01,612000.0,185.05,34000.0,185.07,113000.0
1753769307676,06:08:27.676,bitmex,SOL/USDT:USDT,185.02,187000.0,185.01,612000.0,185.05,34000.0,185.07,113000.0
1753769307998,06:08:27.998,bitmex,SOL/USDT:USDT,185.02,187000.0,185.01,612000.0,185.05,34000.0,185.07,113000.0
1753769308047,06:08:28.047,bitmex,SOL/USDT:USDT,185.02,187000.0,185.01,662000.0,185.05,34000.0,185.07,113000.0
1753769308306,06:08:28.306,bitmex,SOL/USDT:USDT,185.02,187000.0,185.01,662000.0,185.05,34000.0,185.07,113000.0
1753769308356,06:08:28.356,bitmex,SOL/USDT:USDT,185.02,187000.0,185.01,662000.0,185.05,34000.0,185.07,113000.0
1753769308449,06:08:28.449,bitmex,SOL/USDT:USDT,185.02,187000.0,185.01,662000.0,185.05,34000.0,185.07,113000.0
1753769308498,06:08:28.498,bitmex,SOL/USDT:USDT,185.02,187000.0,185.01,662000.0,185.05,34000.0,185.07,113000.0
1753769308547,06:08:28.547,bitmex,SOL/USDT:USDT,185.02,187000.0,185.01,662000.0,185.05,34000.0,185.07,113000.0
1753769308596,06:08:28.596,bitmex,SOL/USDT:USDT,185.02,187000.0,185.01,656000.0,185.05,34000.0,185.07,113000.0
1753769308689,06:08:28.689,bitmex,SOL/USDT:USDT,185.02,187000.0,185.01,656000.0,185.05,34000.0,185.07,113000.0
1753769308747,06:08:28.747,bitmex,SOL/USDT:USDT,185.02,187000.0,185.01,656000.0,185.05,34000.0,185.07,113000.0
1753769308796,06:08:28.796,bitmex,SOL/USDT:USDT,185.02,171000.0,185.01,656000.0,185.05,34000.0,185.07,113000.0
1753769308845,06:08:28.845,bitmex,SOL/USDT:USDT,185.02,171000.0,185.01,656000.0,185.05,34000.0,185.07,113000.0
1753769308992,06:08:28.992,bitmex,SOL/USDT:USDT,185.02,191000.0,185.01,656000.0,185.05,20000.0,185.06,27000.0
1753769309041,06:08:29.041,bitmex,SOL/USDT:USDT,185.02,191000.0,185.01,656000.0,185.04,14000.0,185.05,20000.0
1753769309709,06:08:29.709,bitmex,SOL/USDT:USDT,185.02,175000.0,185.01,656000.0,185.04,14000.0,185.05,20000.0
1753769309758,06:08:29.758,bitmex,SOL/USDT:USDT,185.02,191000.0,185.01,656000.0,185.04,14000.0,185.05,20000.0
1753769309835,06:08:29.835,bitmex,SOL/USDT:USDT,185.02,191000.0,185.01,656000.0,185.04,14000.0,185.05,20000.0
1753769309884,06:08:29.884,bitmex,SOL/USDT:USDT,185.03,16000.0,185.02,175000.0,185.04,14000.0,185.05,20000.0
1753769309991,06:08:29.991,bitmex,SOL/USDT:USDT,185.03,16000.0,185.02,175000.0,185.04,14000.0,185.05,20000.0
1753769310768,06:08:30.768,bitmex,SOL/USDT:USDT,185.03,16000.0,185.02,175000.0,185.05,34000.0,185.07,113000.0
1753769310818,06:08:30.818,bitmex,SOL/USDT:USDT,185.03,16000.0,185.02,175000.0,185.05,34000.0,185.06,27000.0
1753769310867,06:08:30.867,bitmex,SOL/USDT:USDT,185.03,16000.0,185.02,175000.0,185.05,34000.0,185.06,27000.0
1753769311439,06:08:31.439,bitmex,SOL/USDT:USDT,185.02,191000.0,185.01,656000.0,185.04,14000.0,185.05,20000.0
1753769311488,06:08:31.488,bitmex,SOL/USDT:USDT,185.03,16000.0,185.02,175000.0,185.04,14000.0,185.05,20000.0
1753769311674,06:08:31.674,bitmex,SOL/USDT:USDT,185.03,16000.0,185.02,175000.0,185.04,14000.0,185.05,20000.0
1753769311723,06:08:31.723,bitmex,SOL/USDT:USDT,185.03,16000.0,185.02,175000.0,185.04,14000.0,185.05,20000.0
1753769311796,06:08:31.796,bitmex,SOL/USDT:USDT,185.03,16000.0,185.02,175000.0,185.04,14000.0,185.05,20000.0
1753769311845,06:08:31.845,bitmex,SOL/USDT:USDT,185.03,16000.0,185.02,175000.0,185.04,14000.0,185.05,20000.0
1753769311968,06:08:31.968,bitmex,SOL/USDT:USDT,185.03,16000.0,185.02,175000.0,185.04,14000.0,185.05,20000.0
1753769312023,06:08:32.023,bitmex,SOL/USDT:USDT,185.03,16000.0,185.02,175000.0,185.04,14000.0,185.05,20000.0
1753769312121,06:08:32.121,bitmex,SOL/USDT:USDT,185.01,656000.0,185.0,254000.0,185.03,14000.0,185.04,14000.0
1753769312219,06:08:32.219,bitmex,SOL/USDT:USDT,185.01,16000.0,185.0,176000.0,185.02,17000.0,185.04,113000.0
1753769312317,06:08:32.317,bitmex,SOL/USDT:USDT,185.01,598000.0,185.0,176000.0,185.03,14000.0,185.05,49000.0
1753769312375,06:08:32.375,bitmex,SOL/USDT:USDT,185.01,598000.0,185.0,176000.0,185.03,14000.0,185.05,49000.0
1753769312425,06:08:32.425,bitmex,SOL/USDT:USDT,185.01,627000.0,185.0,176000.0,185.03,14000.0,185.05,49000.0
1753769312573,06:08:32.573,bitmex,SOL/USDT:USDT,185.01,627000.0,185.0,176000.0,185.03,14000.0,185.05,49000.0
1753769312623,06:08:32.623,bitmex,SOL/USDT:USDT,185.01,627000.0,185.0,176000.0,185.03,14000.0,185.05,49000.0
1753769313090,06:08:33.090,bitmex,SOL/USDT:USDT,185.01,582000.0,185.0,176000.0,185.02,14000.0,185.04,113000.0
1753769313139,06:08:33.139,bitmex,SOL/USDT:USDT,185.01,582000.0,185.0,176000.0,185.02,14000.0,185.04,113000.0
1753769313231,06:08:33.231,bitmex,SOL/USDT:USDT,185.01,582000.0,185.0,176000.0,185.02,14000.0,185.04,113000.0
1753769313281,06:08:33.281,bitmex,SOL/USDT:USDT,185.01,627000.0,185.0,176000.0,185.04,35000.0,185.05,20000.0
1753769313330,06:08:33.330,bitmex,SOL/USDT:USDT,185.01,627000.0,185.0,176000.0,185.03,14000.0,185.05,20000.0
1753769313461,06:08:33.461,bitmex,SOL/USDT:USDT,185.01,627000.0,185.0,176000.0,185.05,20000.0,185.06,136000.0
1753769313510,06:08:33.510,bitmex,SOL/USDT:USDT,185.01,598000.0,185.0,176000.0,185.02,14000.0,185.04,113000.0
1753769313559,06:08:33.559,bitmex,SOL/USDT:USDT,185.01,582000.0,185.0,147000.0,185.02,31000.0,185.04,113000.0
1753769313608,06:08:33.608,bitmex,SOL/USDT:USDT,185.01,582000.0,185.0,147000.0,185.02,31000.0,185.04,137000.0
1753769313657,06:08:33.657,bitmex,SOL/USDT:USDT,185.01,582000.0,185.0,147000.0,185.02,31000.0,185.04,137000.0
1753769313755,06:08:33.755,bitmex,SOL/USDT:USDT,185.0,147000.0,184.98,270000.0,185.02,31000.0,185.04,137000.0
1753769313804,06:08:33.804,bitmex,SOL/USDT:USDT,185.0,309000.0,184.99,582000.0,185.02,14000.0,185.04,113000.0
1753769313853,06:08:33.853,bitmex,SOL/USDT:USDT,185.01,16000.0,185.0,322000.0,185.02,14000.0,185.04,113000.0
1753769313902,06:08:33.902,bitmex,SOL/USDT:USDT,185.01,16000.0,185.0,322000.0,185.02,14000.0,185.04,113000.0
1753769313952,06:08:33.952,bitmex,SOL/USDT:USDT,185.0,322000.0,184.99,582000.0,185.02,31000.0,185.04,113000.0
1753769314141,06:08:34.141,bitmex,SOL/USDT:USDT,185.0,338000.0,184.99,582000.0,185.02,31000.0,185.04,113000.0
1753769314191,06:08:34.191,bitmex,SOL/USDT:USDT,185.0,338000.0,184.99,582000.0,185.02,31000.0,185.04,113000.0
1753769314240,06:08:34.240,bitmex,SOL/USDT:USDT,185.0,338000.0,184.99,582000.0,185.02,31000.0,185.04,113000.0
1753769314289,06:08:34.289,bitmex,SOL/USDT:USDT,185.0,163000.0,184.99,582000.0,185.01,14000.0,185.04,113000.0
1753769314338,06:08:34.338,bitmex,SOL/USDT:USDT,185.0,163000.0,184.99,582000.0,185.01,14000.0,185.03,113000.0
1753769314387,06:08:34.387,bitmex,SOL/USDT:USDT,185.0,338000.0,184.99,582000.0,185.02,14000.0,185.05,49000.0
1753769314436,06:08:34.436,bitmex,SOL/USDT:USDT,185.0,338000.0,184.99,582000.0,185.02,14000.0,185.04,113000.0
1753769314485,06:08:34.485,bitmex,SOL/USDT:USDT,185.0,338000.0,184.99,582000.0,185.02,14000.0,185.04,113000.0
1753769314569,06:08:34.569,bitmex,SOL/USDT:USDT,185.0,338000.0,184.99,582000.0,185.02,14000.0,185.04,113000.0
1753769314619,06:08:34.619,bitmex,SOL/USDT:USDT,185.0,338000.0,184.99,582000.0,185.02,14000.0,185.04,113000.0
1753769314698,06:08:34.698,bitmex,SOL/USDT:USDT,185.0,338000.0,184.99,582000.0,185.02,14000.0,185.04,113000.0
1753769314747,06:08:34.747,bitmex,SOL/USDT:USDT,185.0,338000.0,184.99,582000.0,185.02,14000.0,185.04,113000.0
1753769314838,06:08:34.838,bitmex,SOL/USDT:USDT,185.0,338000.0,184.99,582000.0,185.02,14000.0,185.04,113000.0
1753769314992,06:08:34.992,bitmex,SOL/USDT:USDT,185.0,338000.0,184.99,582000.0,185.02,14000.0,185.04,113000.0
1753769315074,06:08:35.074,bitmex,SOL/USDT:USDT,185.0,338000.0,184.99,582000.0,185.02,14000.0,185.04,113000.0
1753769315124,06:08:35.124,bitmex,SOL/USDT:USDT,185.0,338000.0,184.99,582000.0,185.02,14000.0,185.04,113000.0
1753769315173,06:08:35.173,bitmex,SOL/USDT:USDT,185.0,338000.0,184.99,582000.0,185.02,14000.0,185.04,113000.0
1753769315222,06:08:35.222,bitmex,SOL/USDT:USDT,185.01,45000.0,185.0,322000.0,185.02,14000.0,185.03,14000.0
1753769315271,06:08:35.271,bitmex,SOL/USDT:USDT,185.01,16000.0,185.0,322000.0,185.02,14000.0,185.04,113000.0
1753769315426,06:08:35.426,bitmex,SOL/USDT:USDT,185.01,16000.0,185.0,322000.0,185.04,113000.0,185.05,31000.0
1753769315476,06:08:35.476,bitmex,SOL/USDT:USDT,185.01,16000.0,185.0,322000.0,185.02,31000.0,185.04,113000.0
1753769315616,06:08:35.616,bitmex,SOL/USDT:USDT,185.01,16000.0,185.0,322000.0,185.02,14000.0,185.04,113000.0
1753769315666,06:08:35.666,bitmex,SOL/USDT:USDT,185.01,16000.0,185.0,322000.0,185.02,17000.0,185.03,14000.0
1753769315764,06:08:35.764,bitmex,SOL/USDT:USDT,185.01,16000.0,185.0,322000.0,185.02,31000.0,185.04,113000.0
1753769315937,06:08:35.937,bitmex,SOL/USDT:USDT,185.01,16000.0,185.0,322000.0,185.02,31000.0,185.04,113000.0
1753769315987,06:08:35.987,bitmex,SOL/USDT:USDT,185.0,338000.0,184.99,582000.0,185.02,31000.0,185.04,113000.0
1753769316095,06:08:36.095,bitmex,SOL/USDT:USDT,185.0,338000.0,184.99,582000.0,185.02,31000.0,185.04,113000.0
1753769316144,06:08:36.144,bitmex,SOL/USDT:USDT,185.0,338000.0,184.99,582000.0,185.02,31000.0,185.04,113000.0
1753769316267,06:08:36.267,bitmex,SOL/USDT:USDT,185.0,338000.0,184.99,582000.0,185.02,31000.0,185.04,113000.0
1753769316316,06:08:36.316,bitmex,SOL/USDT:USDT,185.01,16000.0,185.0,322000.0,185.02,17000.0,185.04,113000.0
1753769316377,06:08:36.377,bitmex,SOL/USDT:USDT,185.01,16000.0,185.0,322000.0,185.02,31000.0,185.04,113000.0
1753769316427,06:08:36.427,bitmex,SOL/USDT:USDT,185.0,322000.0,184.99,582000.0,185.02,31000.0,185.04,113000.0
1753769316476,06:08:36.476,bitmex,SOL/USDT:USDT,185.0,338000.0,184.99,582000.0,185.02,31000.0,185.04,113000.0
1753769316673,06:08:36.673,bitmex,SOL/USDT:USDT,185.0,338000.0,184.99,582000.0,185.02,31000.0,185.04,113000.0
1753769316723,06:08:36.723,bitmex,SOL/USDT:USDT,185.0,338000.0,184.99,582000.0,185.02,14000.0,185.04,113000.0
1753769316786,06:08:36.786,bitmex,SOL/USDT:USDT,185.0,338000.0,184.99,582000.0,185.02,14000.0,185.04,113000.0
1753769316835,06:08:36.835,bitmex,SOL/USDT:USDT,185.0,338000.0,184.99,582000.0,185.02,14000.0,185.04,113000.0
1753769316884,06:08:36.884,bitmex,SOL/USDT:USDT,185.0,338000.0,184.99,582000.0,185.02,14000.0,185.04,113000.0
1753769317114,06:08:37.114,bitmex,SOL/USDT:USDT,185.0,338000.0,184.99,582000.0,185.02,14000.0,185.04,113000.0
1753769317163,06:08:37.163,bitmex,SOL/USDT:USDT,185.0,338000.0,184.99,582000.0,185.02,14000.0,185.04,113000.0
1753769317212,06:08:37.212,bitmex,SOL/USDT:USDT,185.0,338000.0,184.99,582000.0,185.02,14000.0,185.04,113000.0
1753769317356,06:08:37.356,bitmex,SOL/USDT:USDT,185.0,338000.0,184.99,582000.0,185.02,14000.0,185.04,113000.0
1753769317640,06:08:37.640,bitmex,SOL/USDT:USDT,185.0,338000.0,184.99,582000.0,185.02,14000.0,185.04,113000.0
1753769317689,06:08:37.689,bitmex,SOL/USDT:USDT,185.0,338000.0,184.99,582000.0,185.01,17000.0,185.02,14000.0
1753769317738,06:08:37.738,bitmex,SOL/USDT:USDT,185.0,192000.0,184.99,582000.0,185.01,17000.0,185.02,14000.0
1753769317787,06:08:37.787,bitmex,SOL/USDT:USDT,185.0,334000.0,184.99,582000.0,185.02,14000.0,185.04,17000.0
1753769317836,06:08:37.836,bitmex,SOL/USDT:USDT,185.0,334000.0,184.99,582000.0,185.02,14000.0,185.04,113000.0
1753769317885,06:08:37.885,bitmex,SOL/USDT:USDT,185.0,334000.0,184.99,582000.0,185.02,14000.0,185.04,113000.0
1753769317979,06:08:37.979,bitmex,SOL/USDT:USDT,185.0,334000.0,184.99,582000.0,185.02,14000.0,185.04,113000.0
1753769318042,06:08:38.042,bitmex,SOL/USDT:USDT,185.0,334000.0,184.99,582000.0,185.04,113000.0,185.05,55000.0
1753769318091,06:08:38.091,bitmex,SOL/USDT:USDT,185.01,16000.0,185.0,318000.0,185.02,17000.0,185.03,14000.0
1753769318140,06:08:38.140,bitmex,SOL/USDT:USDT,185.01,16000.0,185.0,318000.0,185.02,17000.0,185.03,14000.0
1753769318189,06:08:38.189,bitmex,SOL/USDT:USDT,185.01,16000.0,185.0,318000.0,185.02,17000.0,185.03,14000.0
1753769318769,06:08:38.769,bitmex,SOL/USDT:USDT,185.01,16000.0,185.0,318000.0,185.02,17000.0,185.03,14000.0
1753769318868,06:08:38.868,bitmex,SOL/USDT:USDT,185.0,334000.0,184.99,582000.0,185.02,31000.0,185.04,113000.0
1753769319072,06:08:39.072,bitmex,SOL/USDT:USDT,185.0,318000.0,184.99,582000.0,185.02,17000.0,185.04,113000.0
1753769319122,06:08:39.122,bitmex,SOL/USDT:USDT,185.0,334000.0,184.99,582000.0,185.02,14000.0,185.04,113000.0
1753769319171,06:08:39.171,bitmex,SOL/USDT:USDT,185.0,334000.0,184.99,582000.0,185.02,14000.0,185.04,113000.0
1753769319547,06:08:39.547,bitmex,SOL/USDT:USDT,185.0,334000.0,184.99,582000.0,185.02,14000.0,185.04,113000.0
1753769319600,06:08:39.600,bitmex,SOL/USDT:USDT,185.0,334000.0,184.99,582000.0,185.02,14000.0,185.04,113000.0
1753769319901,06:08:39.901,bitmex,SOL/USDT:USDT,185.0,334000.0,184.99,582000.0,185.02,14000.0,185.04,113000.0
1753769319951,06:08:39.951,bitmex,SOL/USDT:USDT,185.0,334000.0,184.99,582000.0,185.02,14000.0,185.04,113000.0
1753769320000,06:08:40.000,bitmex,SOL/USDT:USDT,185.0,334000.0,184.99,582000.0,185.02,14000.0,185.04,113000.0
1753769320316,06:08:40.316,bitmex,SOL/USDT:USDT,185.0,334000.0,184.99,582000.0,185.02,14000.0,185.04,113000.0
1753769320424,06:08:40.424,bitmex,SOL/USDT:USDT,185.0,334000.0,184.99,582000.0,185.02,14000.0,185.04,113000.0
1753769320473,06:08:40.473,bitmex,SOL/USDT:USDT,185.0,334000.0,184.99,582000.0,185.02,14000.0,185.04,113000.0
1753769320678,06:08:40.678,bitmex,SOL/USDT:USDT,185.0,334000.0,184.99,582000.0,185.02,14000.0,185.04,113000.0
1753769320727,06:08:40.727,bitmex,SOL/USDT:USDT,185.0,334000.0,184.99,582000.0,185.02,14000.0,185.04,113000.0
1753769320825,06:08:40.825,bitmex,SOL/USDT:USDT,185.0,187000.0,184.99,582000.0,185.02,14000.0,185.04,113000.0
1753769320874,06:08:40.874,bitmex,SOL/USDT:USDT,185.0,187000.0,184.99,582000.0,185.02,14000.0,185.03,20000.0
1753769321030,06:08:41.030,bitmex,SOL/USDT:USDT,185.0,187000.0,184.99,582000.0,185.02,14000.0,185.03,20000.0
1753769321186,06:08:41.186,bitmex,SOL/USDT:USDT,185.0,187000.0,184.99,582000.0,185.02,14000.0,185.03,20000.0
1753769321235,06:08:41.235,bitmex,SOL/USDT:USDT,185.0,187000.0,184.99,582000.0,185.02,14000.0,185.03,20000.0
1753769321351,06:08:41.351,bitmex,SOL/USDT:USDT,185.0,187000.0,184.99,582000.0,185.02,14000.0,185.03,20000.0
1753769321400,06:08:41.400,bitmex,SOL/USDT:USDT,185.01,16000.0,185.0,171000.0,185.03,34000.0,185.05,55000.0
1753769321449,06:08:41.449,bitmex,SOL/USDT:USDT,185.0,171000.0,184.99,582000.0,185.02,14000.0,185.03,20000.0
1753769321547,06:08:41.547,bitmex,SOL/USDT:USDT,185.01,16000.0,185.0,171000.0,185.02,14000.0,185.03,20000.0
1753769321694,06:08:41.694,bitmex,SOL/USDT:USDT,185.0,171000.0,184.99,582000.0,185.02,14000.0,185.03,20000.0
1753769321833,06:08:41.833,bitmex,SOL/USDT:USDT,185.01,16000.0,185.0,171000.0,185.02,14000.0,185.03,20000.0
1753769322069,06:08:42.069,bitmex,SOL/USDT:USDT,185.0,171000.0,184.99,582000.0,185.02,14000.0,185.03,20000.0
1753769322119,06:08:42.119,bitmex,SOL/USDT:USDT,185.01,16000.0,185.0,187000.0,185.02,14000.0,185.03,20000.0
1753769322168,06:08:42.168,bitmex,SOL/USDT:USDT,184.99,598000.0,184.98,29000.0,185.01,31000.0,185.03,133000.0
1753769322217,06:08:42.217,bitmex,SOL/USDT:USDT,185.0,16000.0,184.99,582000.0,185.01,17000.0,185.03,133000.0
1753769322266,06:08:42.266,bitmex,SOL/USDT:USDT,185.0,16000.0,184.99,582000.0,185.01,31000.0,185.03,133000.0
1753769322315,06:08:42.315,bitmex,SOL/USDT:USDT,185.0,16000.0,184.99,582000.0,185.01,31000.0,185.03,133000.0
1753769322448,06:08:42.448,bitmex,SOL/USDT:USDT,185.0,191000.0,184.99,582000.0,185.03,55000.0,185.05,55000.0
1753769322717,06:08:42.717,bitmex,SOL/USDT:USDT,185.0,191000.0,184.99,582000.0,185.02,14000.0,185.03,20000.0
1753769322782,06:08:42.782,bitmex,SOL/USDT:USDT,185.0,191000.0,184.99,582000.0,185.03,20000.0,185.04,113000.0
1753769322832,06:08:42.832,bitmex,SOL/USDT:USDT,184.99,582000.0,184.98,29000.0,185.01,14000.0,185.03,137000.0
1753769322881,06:08:42.881,bitmex,SOL/USDT:USDT,184.99,598000.0,184.98,29000.0,185.01,14000.0,185.03,137000.0
1753769322930,06:08:42.930,bitmex,SOL/USDT:USDT,184.99,582000.0,184.98,29000.0,185.05,84000.0,185.06,1313000.0
1753769322930,06:08:42.930,bitmex,SOL/USDT:USDT,185.0,195000.0,184.99,582000.0,185.02,34000.0,185.04,113000.0
1753769322979,06:08:42.979,bitmex,SOL/USDT:USDT,185.0,16000.0,184.99,582000.0,185.01,14000.0,185.02,20000.0
1753769323068,06:08:43.068,bitmex,SOL/USDT:USDT,185.0,16000.0,184.99,582000.0,185.01,14000.0,185.02,20000.0
1753769323117,06:08:43.117,bitmex,SOL/USDT:USDT,185.0,16000.0,184.99,582000.0,185.01,14000.0,185.02,34000.0
1753769323166,06:08:43.166,bitmex,SOL/USDT:USDT,185.0,16000.0,184.99,582000.0,185.01,14000.0,185.02,20000.0
1753769323277,06:08:43.277,bitmex,SOL/USDT:USDT,185.0,16000.0,184.99,582000.0,185.02,20000.0,185.03,113000.0
1753769323327,06:08:43.327,bitmex,SOL/USDT:USDT,185.0,191000.0,184.99,582000.0,185.02,34000.0,185.04,113000.0
1753769323446,06:08:43.446,bitmex,SOL/USDT:USDT,185.0,191000.0,184.99,582000.0,185.02,20000.0,185.04,113000.0
1753769323496,06:08:43.496,bitmex,SOL/USDT:USDT,185.0,16000.0,184.99,582000.0,185.01,14000.0,185.02,20000.0
1753769323545,06:08:43.545,bitmex,SOL/USDT:USDT,185.0,16000.0,184.99,582000.0,185.01,14000.0,185.02,20000.0
1753769323594,06:08:43.594,bitmex,SOL/USDT:USDT,185.0,16000.0,184.99,582000.0,185.01,14000.0,185.02,20000.0
1753769323643,06:08:43.643,bitmex,SOL/USDT:USDT,184.99,598000.0,184.98,29000.0,185.01,14000.0,185.02,20000.0
1753769323692,06:08:43.692,bitmex,SOL/USDT:USDT,184.99,582000.0,184.98,29000.0,185.0,31000.0,185.02,20000.0
1753769323741,06:08:43.741,bitmex,SOL/USDT:USDT,184.99,16000.0,184.98,29000.0,185.0,14000.0,185.02,20000.0
1753769323790,06:08:43.790,bitmex,SOL/USDT:USDT,184.99,16000.0,184.98,29000.0,185.0,31000.0,185.01,34000.0
1753769323839,06:08:43.839,bitmex,SOL/USDT:USDT,184.99,581000.0,184.98,45000.0,185.0,31000.0,185.01,20000.0
1753769323888,06:08:43.888,bitmex,SOL/USDT:USDT,184.99,597000.0,184.98,29000.0,185.0,17000.0,185.01,20000.0
1753769323937,06:08:43.937,bitmex,SOL/USDT:USDT,184.99,597000.0,184.98,29000.0,185.01,34000.0,185.02,20000.0
1753769323986,06:08:43.986,bitmex,SOL/USDT:USDT,184.99,597000.0,184.98,29000.0,185.01,34000.0,185.02,20000.0
1753769324035,06:08:44.035,bitmex,SOL/USDT:USDT,184.99,597000.0,184.98,29000.0,185.01,34000.0,185.02,20000.0
1753769324084,06:08:44.084,bitmex,SOL/USDT:USDT,184.99,597000.0,184.98,29000.0,185.0,14000.0,185.01,20000.0
1753769324384,06:08:44.384,bitmex,SOL/USDT:USDT,184.99,597000.0,184.98,29000.0,185.0,14000.0,185.01,20000.0
1753769324753,06:08:44.753,bitmex,SOL/USDT:USDT,184.99,597000.0,184.98,29000.0,185.0,14000.0,185.01,20000.0
1753769324803,06:08:44.803,bitmex,SOL/USDT:USDT,184.99,581000.0,184.98,29000.0,185.0,14000.0,185.02,20000.0
1753769324852,06:08:44.852,bitmex,SOL/USDT:USDT,184.99,581000.0,184.98,29000.0,185.0,14000.0,185.02,20000.0
1753769324901,06:08:44.901,bitmex,SOL/USDT:USDT,184.99,581000.0,184.98,29000.0,185.0,14000.0,185.02,20000.0
1753769324999,06:08:44.999,bitmex,SOL/USDT:USDT,184.99,581000.0,184.98,29000.0,185.0,14000.0,185.02,20000.0
1753769325070,06:08:45.070,bitmex,SOL/USDT:USDT,184.99,581000.0,184.98,29000.0,185.0,14000.0,185.02,20000.0
1753769325120,06:08:45.120,bitmex,SOL/USDT:USDT,184.99,581000.0,184.98,29000.0,185.0,14000.0,185.02,20000.0
1753769325225,06:08:45.225,bitmex,SOL/USDT:USDT,184.99,581000.0,184.98,29000.0,185.0,14000.0,185.02,20000.0
1753769325275,06:08:45.275,bitmex,SOL/USDT:USDT,184.99,581000.0,184.98,29000.0,185.0,14000.0,185.02,20000.0
1753769325324,06:08:45.324,bitmex,SOL/USDT:USDT,184.99,597000.0,184.98,29000.0,185.02,20000.0,185.03,157000.0
1753769325374,06:08:45.374,bitmex,SOL/USDT:USDT,184.99,597000.0,184.98,29000.0,185.01,14000.0,185.02,20000.0
1753769325423,06:08:45.423,bitmex,SOL/USDT:USDT,184.99,597000.0,184.98,29000.0,185.01,14000.0,185.02,20000.0
1753769325472,06:08:45.472,bitmex,SOL/USDT:USDT,184.99,597000.0,184.98,29000.0,185.01,14000.0,185.02,20000.0
1753769326325,06:08:46.325,bitmex,SOL/USDT:USDT,184.99,597000.0,184.98,29000.0,185.01,14000.0,185.02,20000.0
1753769326374,06:08:46.374,bitmex,SOL/USDT:USDT,184.99,597000.0,184.98,29000.0,185.01,14000.0,185.02,20000.0
1753769326462,06:08:46.462,bitmex,SOL/USDT:USDT,184.99,597000.0,184.98,29000.0,185.01,14000.0,185.02,20000.0
1753769326628,06:08:46.628,bitmex,SOL/USDT:USDT,184.99,597000.0,184.98,29000.0,185.01,14000.0,185.02,20000.0
1753769326677,06:08:46.677,bitmex,SOL/USDT:USDT,184.99,597000.0,184.98,29000.0,185.01,14000.0,185.02,20000.0
1753769326726,06:08:46.726,bitmex,SOL/USDT:USDT,184.99,597000.0,184.98,29000.0,185.01,14000.0,185.02,20000.0
1753769326927,06:08:46.927,bitmex,SOL/USDT:USDT,184.99,597000.0,184.98,29000.0,185.01,14000.0,185.02,20000.0
1753769326977,06:08:46.977,bitmex,SOL/USDT:USDT,184.99,597000.0,184.98,29000.0,185.01,14000.0,185.02,20000.0
1753769327026,06:08:47.026,bitmex,SOL/USDT:USDT,184.99,597000.0,184.98,29000.0,185.01,14000.0,185.02,20000.0
1753769327292,06:08:47.292,bitmex,SOL/USDT:USDT,184.99,597000.0,184.98,29000.0,185.01,14000.0,185.02,20000.0
1753769327702,06:08:47.702,bitmex,SOL/USDT:USDT,184.99,597000.0,184.98,29000.0,185.01,14000.0,185.02,20000.0
1753769327832,06:08:47.832,bitmex,SOL/USDT:USDT,184.99,597000.0,184.98,29000.0,185.01,14000.0,185.02,20000.0
1753769327881,06:08:47.881,bitmex,SOL/USDT:USDT,184.99,597000.0,184.98,29000.0,185.01,14000.0,185.02,20000.0
1753769327930,06:08:47.930,bitmex,SOL/USDT:USDT,184.99,597000.0,184.98,29000.0,185.01,14000.0,185.02,20000.0
1753769328022,06:08:48.022,bitmex,SOL/USDT:USDT,184.99,597000.0,184.98,29000.0,185.01,14000.0,185.02,20000.0
1753769328071,06:08:48.071,bitmex,SOL/USDT:USDT,184.99,597000.0,184.98,29000.0,185.01,14000.0,185.02,20000.0
1753769328308,06:08:48.308,bitmex,SOL/USDT:USDT,184.99,597000.0,184.98,29000.0,185.01,14000.0,185.02,20000.0
1753769328358,06:08:48.358,bitmex,SOL/USDT:USDT,185.0,195000.0,184.99,581000.0,185.02,34000.0,185.03,20000.0
1753769328735,06:08:48.735,bitmex,SOL/USDT:USDT,185.0,195000.0,184.99,581000.0,185.02,14000.0,185.03,20000.0
1753769329168,06:08:49.168,bitmex,SOL/USDT:USDT,185.0,195000.0,184.99,581000.0,185.02,14000.0,185.03,20000.0
1753769329374,06:08:49.374,bitmex,SOL/USDT:USDT,185.0,195000.0,184.99,581000.0,185.02,14000.0,185.03,20000.0
1753769329423,06:08:49.423,bitmex,SOL/USDT:USDT,185.0,195000.0,184.99,581000.0,185.02,14000.0,185.03,20000.0
1753769329540,06:08:49.540,bitmex,SOL/USDT:USDT,185.0,195000.0,184.99,581000.0,185.02,14000.0,185.03,20000.0
1753769329914,06:08:49.914,bitmex,SOL/USDT:USDT,185.0,195000.0,184.99,581000.0,185.02,14000.0,185.03,20000.0
1753769330012,06:08:50.012,bitmex,SOL/USDT:USDT,185.0,195000.0,184.99,581000.0,185.02,14000.0,185.03,20000.0
1753769330061,06:08:50.061,bitmex,SOL/USDT:USDT,185.0,195000.0,184.99,581000.0,185.02,14000.0,185.03,20000.0
1753769330170,06:08:50.170,bitmex,SOL/USDT:USDT,185.0,195000.0,184.99,581000.0,185.02,14000.0,185.03,20000.0
1753769330219,06:08:50.219,bitmex,SOL/USDT:USDT,185.0,195000.0,184.99,581000.0,185.02,14000.0,185.03,20000.0
1753769330392,06:08:50.392,bitmex,SOL/USDT:USDT,185.0,195000.0,184.99,581000.0,185.02,14000.0,185.03,20000.0
1753769330441,06:08:50.441,bitmex,SOL/USDT:USDT,185.0,195000.0,184.99,581000.0,185.02,14000.0,185.03,20000.0
1753769330933,06:08:50.933,bitmex,SOL/USDT:USDT,185.0,195000.0,184.99,581000.0,185.02,14000.0,185.03,20000.0
1753769330982,06:08:50.982,bitmex,SOL/USDT:USDT,185.0,16000.0,184.99,581000.0,185.01,19000.0,185.02,14000.0
1753769331031,06:08:51.031,bitmex,SOL/USDT:USDT,184.99,597000.0,184.98,29000.0,185.01,33000.0,185.03,133000.0
1753769331088,06:08:51.088,bitmex,SOL/USDT:USDT,184.99,597000.0,184.98,29000.0,185.01,33000.0,185.03,133000.0
1753769331137,06:08:51.137,bitmex,SOL/USDT:USDT,185.0,16000.0,184.99,581000.0,185.01,19000.0,185.03,133000.0
1753769331648,06:08:51.648,bitmex,SOL/USDT:USDT,184.99,597000.0,184.98,29000.0,185.01,33000.0,185.03,157000.0
1753769331697,06:08:51.697,bitmex,SOL/USDT:USDT,184.99,597000.0,184.98,29000.0,185.01,33000.0,185.03,157000.0
1753769331917,06:08:51.917,bitmex,SOL/USDT:USDT,184.99,597000.0,184.98,29000.0,185.01,33000.0,185.03,157000.0
1753769332143,06:08:52.143,bitmex,SOL/USDT:USDT,184.99,597000.0,184.98,29000.0,185.01,33000.0,185.03,157000.0
1753769332193,06:08:52.193,bitmex,SOL/USDT:USDT,184.99,597000.0,184.98,29000.0,185.01,33000.0,185.03,157000.0
1753769332242,06:08:52.242,bitmex,SOL/USDT:USDT,184.99,597000.0,184.98,29000.0,185.01,33000.0,185.03,157000.0
1753769332504,06:08:52.504,bitmex,SOL/USDT:USDT,184.99,597000.0,184.98,29000.0,185.01,33000.0,185.03,157000.0
1753769332553,06:08:52.553,bitmex,SOL/USDT:USDT,184.99,597000.0,184.98,29000.0,185.01,33000.0,185.03,157000.0
1753769332602,06:08:52.602,bitmex,SOL/USDT:USDT,184.99,581000.0,184.98,29000.0,185.0,14000.0,185.03,168000.0
1753769332651,06:08:52.651,bitmex,SOL/USDT:USDT,184.99,581000.0,184.98,29000.0,185.0,14000.0,185.03,168000.0
1753769332700,06:08:52.700,bitmex,SOL/USDT:USDT,184.99,581000.0,184.98,29000.0,185.0,14000.0,185.03,168000.0
1753769332749,06:08:52.749,bitmex,SOL/USDT:USDT,184.99,581000.0,184.98,29000.0,185.0,14000.0,185.03,168000.0
1753769332798,06:08:52.798,bitmex,SOL/USDT:USDT,184.99,581000.0,184.98,29000.0,185.0,14000.0,185.03,168000.0
1753769332847,06:08:52.847,bitmex,SOL/USDT:USDT,184.99,597000.0,184.98,29000.0,185.0,14000.0,185.03,168000.0
1753769332907,06:08:52.907,bitmex,SOL/USDT:USDT,184.99,597000.0,184.98,29000.0,185.0,14000.0,185.03,168000.0
1753769332956,06:08:52.956,bitmex,SOL/USDT:USDT,184.99,597000.0,184.98,29000.0,185.0,14000.0,185.03,168000.0
1753769333005,06:08:53.005,bitmex,SOL/USDT:USDT,184.99,597000.0,184.98,29000.0,185.0,14000.0,185.03,168000.0
1753769333070,06:08:53.070,bitmex,SOL/USDT:USDT,184.99,581000.0,184.98,29000.0,185.0,14000.0,185.03,168000.0
1753769333120,06:08:53.120,bitmex,SOL/USDT:USDT,184.99,581000.0,184.98,29000.0,185.0,14000.0,185.03,168000.0
1753769333169,06:08:53.169,bitmex,SOL/USDT:USDT,184.99,581000.0,184.98,29000.0,185.0,14000.0,185.03,168000.0
1753769333495,06:08:53.495,bitmex,SOL/USDT:USDT,184.99,581000.0,184.97,146000.0,185.0,14000.0,185.03,168000.0
1753769333544,06:08:53.544,bitmex,SOL/USDT:USDT,184.99,581000.0,184.98,29000.0,185.0,14000.0,185.03,168000.0
1753769333594,06:08:53.594,bitmex,SOL/USDT:USDT,184.97,146000.0,184.96,29000.0,185.0,56000.0,185.02,29000.0
1753769333644,06:08:53.644,bitmex,SOL/USDT:USDT,184.97,162000.0,184.95,156000.0,184.98,19000.0,185.0,113000.0
1753769333693,06:08:53.693,bitmex,SOL/USDT:USDT,184.97,162000.0,184.95,156000.0,184.98,19000.0,185.0,113000.0
1753769333742,06:08:53.742,bitmex,SOL/USDT:USDT,184.97,162000.0,184.95,156000.0,184.98,19000.0,185.0,113000.0
1753769333841,06:08:53.841,bitmex,SOL/USDT:USDT,184.97,742000.0,184.95,156000.0,184.98,19000.0,185.0,113000.0
1753769333891,06:08:53.891,bitmex,SOL/USDT:USDT,184.97,742000.0,184.95,156000.0,184.98,19000.0,185.0,113000.0
1753769333940,06:08:53.940,bitmex,SOL/USDT:USDT,184.97,742000.0,184.95,156000.0,185.0,53000.0,185.02,406000.0
1753769333989,06:08:53.989,bitmex,SOL/USDT:USDT,184.97,742000.0,184.95,156000.0,185.0,53000.0,185.01,11000.0
1753769334038,06:08:54.038,bitmex,SOL/USDT:USDT,184.97,742000.0,184.94,38000.0,185.0,53000.0,185.01,11000.0
1753769334207,06:08:54.207,bitmex,SOL/USDT:USDT,184.97,742000.0,184.94,11000.0,184.98,33000.0,185.0,136000.0
1753769334256,06:08:54.256,bitmex,SOL/USDT:USDT,184.97,742000.0,184.94,11000.0,184.98,33000.0,185.0,136000.0
1753769334305,06:08:54.305,bitmex,SOL/USDT:USDT,184.97,742000.0,184.93,23000.0,184.98,33000.0,185.0,136000.0
1753769334417,06:08:54.417,bitmex,SOL/USDT:USDT,184.97,742000.0,184.93,23000.0,184.98,33000.0,185.0,136000.0
1753769334467,06:08:54.467,bitmex,SOL/USDT:USDT,184.97,742000.0,184.93,155000.0,184.98,33000.0,185.0,136000.0
1753769334532,06:08:54.532,bitmex,SOL/USDT:USDT,184.97,742000.0,184.93,155000.0,184.98,33000.0,185.0,136000.0
1753769334650,06:08:54.650,bitmex,SOL/USDT:USDT,184.97,742000.0,184.93,155000.0,184.98,19000.0,185.0,136000.0
1753769334749,06:08:54.749,bitmex,SOL/USDT:USDT,184.97,742000.0,184.93,155000.0,184.98,19000.0,184.99,14000.0
1753769334798,06:08:54.798,bitmex,SOL/USDT:USDT,184.97,742000.0,184.93,155000.0,184.98,19000.0,184.99,14000.0
1753769334847,06:08:54.847,bitmex,SOL/USDT:USDT,184.97,742000.0,184.93,155000.0,184.98,19000.0,184.99,14000.0
1753769334914,06:08:54.914,bitmex,SOL/USDT:USDT,184.97,742000.0,184.93,155000.0,184.98,19000.0,184.99,14000.0
1753769335125,06:08:55.125,bitmex,SOL/USDT:USDT,184.97,742000.0,184.93,155000.0,184.98,19000.0,184.99,14000.0
1753769335175,06:08:55.175,bitmex,SOL/USDT:USDT,184.97,742000.0,184.93,155000.0,184.98,33000.0,185.0,133000.0
1753769335224,06:08:55.224,bitmex,SOL/USDT:USDT,184.97,742000.0,184.93,155000.0,184.98,33000.0,185.0,133000.0
1753769335273,06:08:55.273,bitmex,SOL/USDT:USDT,184.97,742000.0,184.93,155000.0,184.98,33000.0,185.0,133000.0
1753769335398,06:08:55.398,bitmex,SOL/USDT:USDT,184.97,742000.0,184.93,155000.0,184.98,33000.0,185.0,133000.0
1753769335448,06:08:55.448,bitmex,SOL/USDT:USDT,184.97,726000.0,184.93,155000.0,184.98,33000.0,185.0,133000.0
1753769335570,06:08:55.570,bitmex,SOL/USDT:USDT,184.97,726000.0,184.93,155000.0,184.98,33000.0,185.0,133000.0
1753769335620,06:08:55.620,bitmex,SOL/USDT:USDT,184.97,726000.0,184.93,155000.0,184.98,33000.0,185.0,133000.0
1753769335669,06:08:55.669,bitmex,SOL/USDT:USDT,184.97,726000.0,184.93,155000.0,184.98,33000.0,185.0,133000.0
1753769335718,06:08:55.718,bitmex,SOL/USDT:USDT,184.97,742000.0,184.93,155000.0,184.98,14000.0,185.0,133000.0
1753769335767,06:08:55.767,bitmex,SOL/USDT:USDT,184.97,742000.0,184.93,155000.0,184.98,14000.0,185.0,133000.0
1753769335816,06:08:55.816,bitmex,SOL/USDT:USDT,184.97,742000.0,184.93,155000.0,184.98,19000.0,184.99,14000.0
1753769335865,06:08:55.865,bitmex,SOL/USDT:USDT,184.97,742000.0,184.93,155000.0,184.98,19000.0,184.99,14000.0
1753769335928,06:08:55.928,bitmex,SOL/USDT:USDT,184.97,742000.0,184.93,155000.0,184.98,19000.0,184.99,14000.0
1753769335977,06:08:55.977,bitmex,SOL/USDT:USDT,184.97,726000.0,184.93,155000.0,184.98,33000.0,185.0,133000.0
1753769336026,06:08:56.026,bitmex,SOL/USDT:USDT,184.97,726000.0,184.93,155000.0,184.98,33000.0,185.0,133000.0
1753769336117,06:08:56.117,bitmex,SOL/USDT:USDT,184.97,726000.0,184.93,155000.0,184.98,33000.0,185.0,133000.0
1753769336274,06:08:56.274,bitmex,SOL/USDT:USDT,184.97,726000.0,184.93,155000.0,184.98,33000.0,185.0,133000.0
1753769336323,06:08:56.323,bitmex,SOL/USDT:USDT,184.97,726000.0,184.93,155000.0,184.98,33000.0,185.0,133000.0
1753769336372,06:08:56.372,bitmex,SOL/USDT:USDT,184.97,726000.0,184.93,155000.0,184.98,33000.0,185.0,133000.0
1753769336672,06:08:56.672,bitmex,SOL/USDT:USDT,184.97,726000.0,184.93,132000.0,184.98,33000.0,185.0,133000.0
1753769336869,06:08:56.869,bitmex,SOL/USDT:USDT,184.93,16000.0,184.92,29000.0,184.96,53000.0,184.97,20000.0
1753769337114,06:08:57.114,bitmex,SOL/USDT:USDT,184.92,16000.0,184.91,580000.0,184.95,14000.0,184.97,31000.0
1753769337163,06:08:57.163,bitmex,SOL/USDT:USDT,184.92,186000.0,184.91,580000.0,184.94,33000.0,184.96,136000.0
1753769337261,06:08:57.261,bitmex,SOL/USDT:USDT,184.91,580000.0,184.9,29000.0,184.93,14000.0,184.96,136000.0
1753769337310,06:08:57.310,bitmex,SOL/USDT:USDT,184.91,596000.0,184.9,29000.0,184.93,14000.0,184.96,136000.0
1753769337412,06:08:57.412,bitmex,SOL/USDT:USDT,184.92,16000.0,184.91,580000.0,184.93,33000.0,184.96,113000.0
1753769337461,06:08:57.461,bitmex,SOL/USDT:USDT,184.92,16000.0,184.91,580000.0,184.96,39000.0,184.97,31000.0
1753769337559,06:08:57.559,bitmex,SOL/USDT:USDT,184.92,186000.0,184.91,580000.0,184.94,33000.0,184.96,113000.0
1753769337608,06:08:57.608,bitmex,SOL/USDT:USDT,184.92,186000.0,184.91,580000.0,184.94,33000.0,184.96,113000.0
1753769337657,06:08:57.657,bitmex,SOL/USDT:USDT,184.91,580000.0,184.9,299000.0,184.93,14000.0,184.96,113000.0
1753769337706,06:08:57.706,bitmex,SOL/USDT:USDT,184.91,596000.0,184.9,299000.0,184.93,14000.0,184.96,113000.0
1753769337841,06:08:57.841,bitmex,SOL/USDT:USDT,184.91,596000.0,184.9,299000.0,184.93,14000.0,184.96,113000.0
1753769337890,06:08:57.890,bitmex,SOL/USDT:USDT,184.91,596000.0,184.9,299000.0,184.93,14000.0,184.96,113000.0
1753769337939,06:08:57.939,bitmex,SOL/USDT:USDT,184.91,596000.0,184.9,299000.0,184.93,14000.0,184.96,113000.0
1753769337988,06:08:57.988,bitmex,SOL/USDT:USDT,184.91,596000.0,184.88,87000.0,184.93,14000.0,184.96,113000.0
1753769338037,06:08:58.037,bitmex,SOL/USDT:USDT,184.91,596000.0,184.88,87000.0,184.94,14000.0,184.96,23000.0
1753769338086,06:08:58.086,bitmex,SOL/USDT:USDT,184.91,596000.0,184.88,87000.0,184.94,14000.0,184.96,136000.0
1753769338356,06:08:58.356,bitmex,SOL/USDT:USDT,184.91,596000.0,184.88,234000.0,184.94,14000.0,184.96,136000.0
1753769338405,06:08:58.405,bitmex,SOL/USDT:USDT,184.91,596000.0,184.89,62000.0,184.93,14000.0,184.96,136000.0
1753769338497,06:08:58.497,bitmex,SOL/USDT:USDT,184.91,596000.0,184.89,62000.0,184.93,14000.0,184.96,136000.0
1753769338546,06:08:58.546,bitmex,SOL/USDT:USDT,184.91,596000.0,184.89,189000.0,184.93,14000.0,184.96,136000.0
1753769338660,06:08:58.660,bitmex,SOL/USDT:USDT,184.91,596000.0,184.89,189000.0,184.93,14000.0,184.96,113000.0
1753769338709,06:08:58.709,bitmex,SOL/USDT:USDT,184.91,596000.0,184.89,189000.0,184.93,14000.0,184.96,113000.0
1753769338758,06:08:58.758,bitmex,SOL/USDT:USDT,184.92,190000.0,184.91,580000.0,184.95,33000.0,184.97,227000.0
1753769338807,06:08:58.807,bitmex,SOL/USDT:USDT,184.92,190000.0,184.91,580000.0,184.95,33000.0,184.97,340000.0
1753769338905,06:08:58.905,bitmex,SOL/USDT:USDT,184.92,190000.0,184.91,580000.0,184.95,33000.0,184.97,144000.0
1753769339078,06:08:59.078,bitmex,SOL/USDT:USDT,184.92,190000.0,184.91,580000.0,184.95,33000.0,184.97,144000.0
1753769339127,06:08:59.127,bitmex,SOL/USDT:USDT,184.92,190000.0,184.91,580000.0,184.95,33000.0,184.97,144000.0
1753769339516,06:08:59.516,bitmex,SOL/USDT:USDT,184.92,190000.0,184.91,580000.0,184.95,33000.0,184.97,144000.0
1753769339566,06:08:59.566,bitmex,SOL/USDT:USDT,184.92,190000.0,184.91,650000.0,184.95,33000.0,184.97,144000.0
1753769339625,06:08:59.625,bitmex,SOL/USDT:USDT,184.92,190000.0,184.91,650000.0,184.95,33000.0,184.97,144000.0
1753769339675,06:08:59.675,bitmex,SOL/USDT:USDT,184.92,190000.0,184.91,650000.0,184.95,33000.0,184.97,144000.0
1753769339771,06:08:59.771,bitmex,SOL/USDT:USDT,184.92,190000.0,184.91,650000.0,184.94,19000.0,184.95,33000.0
1753769339821,06:08:59.821,bitmex,SOL/USDT:USDT,184.92,190000.0,184.91,650000.0,184.94,14000.0,184.96,113000.0
1753769339870,06:08:59.870,bitmex,SOL/USDT:USDT,184.92,190000.0,184.91,650000.0,184.95,14000.0,184.97,144000.0
1753769339969,06:08:59.969,bitmex,SOL/USDT:USDT,184.92,190000.0,184.91,650000.0,184.95,19000.0,184.96,14000.0
1753769340018,06:09:00.018,bitmex,SOL/USDT:USDT,184.92,190000.0,184.91,650000.0,184.95,33000.0,184.97,144000.0
1753769340165,06:09:00.165,bitmex,SOL/USDT:USDT,184.92,190000.0,184.91,650000.0,184.95,33000.0,184.97,144000.0
1753769340218,06:09:00.218,bitmex,SOL/USDT:USDT,184.92,190000.0,184.91,650000.0,184.95,33000.0,184.97,144000.0
1753769340267,06:09:00.267,bitmex,SOL/USDT:USDT,184.92,190000.0,184.91,650000.0,184.95,33000.0,184.97,144000.0
1753769340402,06:09:00.402,bitmex,SOL/USDT:USDT,184.92,190000.0,184.91,650000.0,184.95,33000.0,184.97,144000.0
1753769340452,06:09:00.452,bitmex,SOL/USDT:USDT,184.92,190000.0,184.91,650000.0,184.95,33000.0,184.97,144000.0
1753769340535,06:09:00.535,bitmex,SOL/USDT:USDT,184.92,190000.0,184.91,650000.0,184.95,33000.0,184.97,144000.0
1753769340585,06:09:00.585,bitmex,SOL/USDT:USDT,184.92,190000.0,184.91,650000.0,184.95,33000.0,184.97,144000.0
1753769340634,06:09:00.634,bitmex,SOL/USDT:USDT,184.92,174000.0,184.91,650000.0,184.95,33000.0,184.97,167000.0
1753769340683,06:09:00.683,bitmex,SOL/USDT:USDT,184.92,190000.0,184.91,650000.0,184.95,33000.0,184.97,167000.0
1753769340732,06:09:00.732,bitmex,SOL/USDT:USDT,184.92,190000.0,184.91,650000.0,184.95,33000.0,184.97,167000.0
1753769340795,06:09:00.795,bitmex,SOL/USDT:USDT,184.92,174000.0,184.91,650000.0,184.95,33000.0,184.97,167000.0
1753769340903,06:09:00.903,bitmex,SOL/USDT:USDT,184.92,174000.0,184.91,650000.0,184.95,33000.0,184.97,167000.0
1753769340953,06:09:00.953,bitmex,SOL/USDT:USDT,184.92,174000.0,184.91,650000.0,184.95,33000.0,184.97,397000.0
1753769341060,06:09:01.060,bitmex,SOL/USDT:USDT,184.92,174000.0,184.91,650000.0,184.95,56000.0,184.97,397000.0
1753769341109,06:09:01.109,bitmex,SOL/USDT:USDT,184.92,174000.0,184.91,650000.0,184.95,56000.0,184.97,397000.0
1753769341258,06:09:01.258,bitmex,SOL/USDT:USDT,184.92,190000.0,184.91,580000.0,184.95,33000.0,184.97,397000.0
1753769341349,06:09:01.349,bitmex,SOL/USDT:USDT,184.92,174000.0,184.91,580000.0,184.95,33000.0,184.97,397000.0
1753769341399,06:09:01.399,bitmex,SOL/USDT:USDT,184.92,174000.0,184.91,580000.0,184.95,33000.0,184.97,691000.0
1753769341448,06:09:01.448,bitmex,SOL/USDT:USDT,184.92,190000.0,184.91,580000.0,184.95,33000.0,184.97,691000.0
1753769341497,06:09:01.497,bitmex,SOL/USDT:USDT,184.92,174000.0,184.91,580000.0,184.95,33000.0,184.97,691000.0
1753769341546,06:09:01.546,bitmex,SOL/USDT:USDT,184.92,174000.0,184.91,580000.0,184.95,33000.0,184.97,691000.0
1753769341595,06:09:01.595,bitmex,SOL/USDT:USDT,184.92,190000.0,184.91,580000.0,184.95,33000.0,184.97,691000.0
1753769341644,06:09:01.644,bitmex,SOL/USDT:USDT,184.92,190000.0,184.91,580000.0,184.95,33000.0,184.97,691000.0
1753769341693,06:09:01.693,bitmex,SOL/USDT:USDT,184.92,190000.0,184.91,580000.0,184.95,14000.0,184.97,668000.0
1753769341742,06:09:01.742,bitmex,SOL/USDT:USDT,184.92,190000.0,184.91,580000.0,184.95,14000.0,184.97,144000.0
1753769341791,06:09:01.791,bitmex,SOL/USDT:USDT,184.92,190000.0,184.91,580000.0,184.95,14000.0,184.97,144000.0
1753769341840,06:09:01.840,bitmex,SOL/USDT:USDT,184.92,190000.0,184.91,580000.0,184.95,14000.0,184.97,144000.0
1753769341930,06:09:01.930,bitmex,SOL/USDT:USDT,184.92,190000.0,184.91,580000.0,184.95,14000.0,184.97,144000.0
1753769341980,06:09:01.980,bitmex,SOL/USDT:USDT,184.92,190000.0,184.91,580000.0,184.95,14000.0,184.97,144000.0
1753769342029,06:09:02.029,bitmex,SOL/USDT:USDT,184.92,190000.0,184.91,580000.0,184.95,14000.0,184.97,144000.0
1753769342078,06:09:02.078,bitmex,SOL/USDT:USDT,184.92,190000.0,184.91,580000.0,184.95,14000.0,184.97,144000.0
1753769342127,06:09:02.127,bitmex,SOL/USDT:USDT,184.92,190000.0,184.91,580000.0,184.95,14000.0,184.97,144000.0
1753769342316,06:09:02.316,bitmex,SOL/USDT:USDT,184.92,190000.0,184.91,580000.0,184.95,14000.0,184.97,144000.0
1753769342463,06:09:02.463,bitmex,SOL/USDT:USDT,184.92,174000.0,184.91,580000.0,184.95,14000.0,184.97,167000.0
1753769342512,06:09:02.512,bitmex,SOL/USDT:USDT,184.92,174000.0,184.91,580000.0,184.95,14000.0,184.97,486000.0
1753769342610,06:09:02.610,bitmex,SOL/USDT:USDT,184.92,174000.0,184.91,580000.0,184.95,14000.0,184.97,486000.0
1753769342708,06:09:02.708,bitmex,SOL/USDT:USDT,184.92,190000.0,184.91,580000.0,184.95,14000.0,184.97,486000.0
1753769342778,06:09:02.778,bitmex,SOL/USDT:USDT,184.92,190000.0,184.91,580000.0,184.95,37000.0,184.97,486000.0
1753769342828,06:09:02.828,bitmex,SOL/USDT:USDT,184.92,174000.0,184.91,580000.0,184.95,37000.0,184.97,486000.0
1753769342878,06:09:02.878,bitmex,SOL/USDT:USDT,184.92,174000.0,184.91,580000.0,184.95,37000.0,184.97,486000.0
1753769342927,06:09:02.927,bitmex,SOL/USDT:USDT,184.91,580000.0,184.89,27000.0,184.93,33000.0,184.95,24000.0
1753769342976,06:09:02.976,bitmex,SOL/USDT:USDT,184.91,596000.0,184.88,64000.0,184.93,33000.0,184.95,24000.0
1753769343025,06:09:03.025,bitmex,SOL/USDT:USDT,184.91,596000.0,184.88,64000.0,184.93,33000.0,184.95,24000.0
1753769343074,06:09:03.074,bitmex,SOL/USDT:USDT,184.91,580000.0,184.88,53000.0,184.92,33000.0,184.93,14000.0
1753769343123,06:09:03.123,bitmex,SOL/USDT:USDT,184.91,580000.0,184.89,239000.0,184.92,57000.0,184.94,113000.0
1753769343221,06:09:03.221,bitmex,SOL/USDT:USDT,184.88,24000.0,184.84,11000.0,184.89,19000.0,184.9,14000.0
1753769343271,06:09:03.271,bitmex,SOL/USDT:USDT,184.88,24000.0,184.84,11000.0,184.89,19000.0,184.93,11000.0
1753769343271,06:09:03.271,bitmex,SOL/USDT:USDT,184.88,24000.0,184.84,11000.0,184.89,33000.0,184.91,24000.0
1753769343320,06:09:03.320,bitmex,SOL/USDT:USDT,184.88,24000.0,184.84,11000.0,184.89,33000.0,184.91,137000.0
1753769343369,06:09:03.369,bitmex,SOL/USDT:USDT,184.88,24000.0,184.84,11000.0,184.89,33000.0,184.91,137000.0
1753769343418,06:09:03.418,bitmex,SOL/USDT:USDT,184.88,604000.0,184.84,11000.0,184.89,33000.0,184.91,137000.0
1753769343467,06:09:03.467,bitmex,SOL/USDT:USDT,184.88,580000.0,184.84,11000.0,184.89,33000.0,184.91,137000.0
1753769343516,06:09:03.516,bitmex,SOL/USDT:USDT,184.88,580000.0,184.84,156000.0,184.89,33000.0,184.91,137000.0
1753769343663,06:09:03.663,bitmex,SOL/USDT:USDT,184.88,580000.0,184.84,145000.0,184.89,33000.0,184.91,148000.0
1753769343712,06:09:03.712,bitmex,SOL/USDT:USDT,184.88,580000.0,184.85,29000.0,184.89,33000.0,184.91,148000.0
1753769343761,06:09:03.761,bitmex,SOL/USDT:USDT,184.88,580000.0,184.85,29000.0,184.89,33000.0,184.91,148000.0
1753769344008,06:09:04.008,bitmex,SOL/USDT:USDT,184.88,580000.0,184.85,29000.0,184.89,33000.0,184.91,148000.0
1753769344177,06:09:04.177,bitmex,SOL/USDT:USDT,184.88,580000.0,184.85,29000.0,184.89,33000.0,184.91,148000.0
1753769344226,06:09:04.226,bitmex,SOL/USDT:USDT,184.88,580000.0,184.85,29000.0,184.89,33000.0,184.91,148000.0
1753769344275,06:09:04.275,bitmex,SOL/USDT:USDT,184.88,596000.0,184.85,29000.0,184.89,19000.0,184.9,14000.0
1753769344324,06:09:04.324,bitmex,SOL/USDT:USDT,184.88,596000.0,184.85,29000.0,184.89,19000.0,184.91,11000.0
1753769344373,06:09:04.373,bitmex,SOL/USDT:USDT,184.88,596000.0,184.85,29000.0,184.89,19000.0,184.91,124000.0
1753769344425,06:09:04.425,bitmex,SOL/USDT:USDT,184.88,596000.0,184.85,29000.0,184.89,19000.0,184.91,124000.0
1753769344475,06:09:04.475,bitmex,SOL/USDT:USDT,184.88,596000.0,184.85,29000.0,184.89,19000.0,184.91,124000.0
1753769344524,06:09:04.524,bitmex,SOL/USDT:USDT,184.88,596000.0,184.85,29000.0,184.89,19000.0,184.91,124000.0
1753769344573,06:09:04.573,bitmex,SOL/USDT:USDT,184.88,596000.0,184.85,29000.0,184.89,19000.0,184.91,124000.0
1753769344622,06:09:04.622,bitmex,SOL/USDT:USDT,184.88,596000.0,184.85,29000.0,184.89,19000.0,184.91,124000.0
1753769344671,06:09:04.671,bitmex,SOL/USDT:USDT,184.88,596000.0,184.85,29000.0,184.89,19000.0,184.91,148000.0
1753769344720,06:09:04.720,bitmex,SOL/USDT:USDT,184.88,596000.0,184.85,29000.0,184.89,33000.0,184.91,148000.0
1753769344940,06:09:04.940,bitmex,SOL/USDT:USDT,184.88,580000.0,184.85,29000.0,184.89,33000.0,184.91,148000.0
1753769344989,06:09:04.989,bitmex,SOL/USDT:USDT,184.88,580000.0,184.85,29000.0,184.89,33000.0,184.91,124000.0
1753769345131,06:09:05.131,bitmex,SOL/USDT:USDT,184.88,596000.0,184.85,29000.0,184.89,33000.0,184.91,124000.0
1753769345267,06:09:05.267,bitmex,SOL/USDT:USDT,184.88,596000.0,184.85,29000.0,184.89,19000.0,184.91,124000.0
1753769345326,06:09:05.326,bitmex,SOL/USDT:USDT,184.88,596000.0,184.85,29000.0,184.89,19000.0,184.91,124000.0
1753769345375,06:09:05.375,bitmex,SOL/USDT:USDT,184.88,596000.0,184.85,29000.0,184.89,19000.0,184.9,14000.0
1753769345424,06:09:05.424,bitmex,SOL/USDT:USDT,184.88,596000.0,184.85,29000.0,184.89,19000.0,184.9,14000.0
1753769345600,06:09:05.600,bitmex,SOL/USDT:USDT,184.88,596000.0,184.85,29000.0,184.89,19000.0,184.91,124000.0
1753769345650,06:09:05.650,bitmex,SOL/USDT:USDT,184.88,596000.0,184.85,29000.0,184.89,33000.0,184.91,124000.0
1753769345921,06:09:05.921,bitmex,SOL/USDT:USDT,184.88,580000.0,184.85,29000.0,184.89,33000.0,184.91,124000.0
1753769346212,06:09:06.212,bitmex,SOL/USDT:USDT,184.88,580000.0,184.85,29000.0,184.89,33000.0,184.91,124000.0
1753769346386,06:09:06.386,bitmex,SOL/USDT:USDT,184.88,580000.0,184.85,29000.0,184.89,33000.0,184.91,148000.0
1753769346435,06:09:06.435,bitmex,SOL/USDT:USDT,184.88,580000.0,184.85,29000.0,184.89,33000.0,184.91,148000.0
1753769346484,06:09:06.484,bitmex,SOL/USDT:USDT,184.88,580000.0,184.85,29000.0,184.89,33000.0,184.91,148000.0
1753769346533,06:09:06.533,bitmex,SOL/USDT:USDT,184.88,580000.0,184.85,29000.0,184.89,33000.0,184.91,148000.0
1753769346582,06:09:06.582,bitmex,SOL/USDT:USDT,184.88,580000.0,184.85,29000.0,184.89,14000.0,184.91,148000.0
1753769346631,06:09:06.631,bitmex,SOL/USDT:USDT,184.88,580000.0,184.85,29000.0,184.89,14000.0,184.91,148000.0
1753769346680,06:09:06.680,bitmex,SOL/USDT:USDT,184.88,596000.0,184.85,146000.0,184.91,113000.0,184.93,24000.0
1753769346729,06:09:06.729,bitmex,SOL/USDT:USDT,184.88,596000.0,184.85,146000.0,184.9,14000.0,184.93,137000.0
1753769346850,06:09:06.850,bitmex,SOL/USDT:USDT,184.88,596000.0,184.85,146000.0,184.9,14000.0,184.93,137000.0
1753769346980,06:09:06.980,bitmex,SOL/USDT:USDT,184.88,596000.0,184.85,146000.0,184.9,14000.0,184.93,6088000.0
1753769347030,06:09:07.030,bitmex,SOL/USDT:USDT,184.88,596000.0,184.85,146000.0,184.9,14000.0,184.93,6088000.0
1753769347418,06:09:07.418,bitmex,SOL/USDT:USDT,184.88,596000.0,184.85,146000.0,184.9,14000.0,184.93,6088000.0
1753769347652,06:09:07.652,bitmex,SOL/USDT:USDT,184.88,580000.0,184.85,146000.0,184.9,14000.0,184.93,6088000.0
1753769347702,06:09:07.702,bitmex,SOL/USDT:USDT,184.88,580000.0,184.85,146000.0,184.89,33000.0,184.91,113000.0
1753769347751,06:09:07.751,bitmex,SOL/USDT:USDT,184.88,580000.0,184.85,146000.0,184.89,33000.0,184.91,137000.0
1753769347849,06:09:07.849,bitmex,SOL/USDT:USDT,184.88,580000.0,184.85,146000.0,184.89,33000.0,184.91,137000.0
1753769348035,06:09:08.035,bitmex,SOL/USDT:USDT,184.85,146000.0,184.84,476000.0,184.89,33000.0,184.91,137000.0
1753769348084,06:09:08.084,bitmex,SOL/USDT:USDT,184.86,16000.0,184.85,146000.0,184.89,33000.0,184.91,113000.0
1753769348133,06:09:08.133,bitmex,SOL/USDT:USDT,184.86,16000.0,184.85,146000.0,184.89,33000.0,184.91,113000.0
1753769348182,06:09:08.182,bitmex,SOL/USDT:USDT,184.87,195000.0,184.86,579000.0,184.89,33000.0,184.91,113000.0
1753769348255,06:09:08.255,bitmex,SOL/USDT:USDT,184.87,195000.0,184.86,579000.0,184.89,33000.0,184.91,113000.0
1753769348304,06:09:08.304,bitmex,SOL/USDT:USDT,184.87,195000.0,184.86,579000.0,184.89,33000.0,184.91,113000.0
1753769348353,06:09:08.353,bitmex,SOL/USDT:USDT,184.87,195000.0,184.86,579000.0,184.89,14000.0,184.91,113000.0
1753769348451,06:09:08.451,bitmex,SOL/USDT:USDT,184.87,195000.0,184.86,579000.0,184.89,14000.0,184.91,113000.0
1753769348500,06:09:08.500,bitmex,SOL/USDT:USDT,184.87,195000.0,184.86,579000.0,184.89,14000.0,184.91,113000.0
1753769348559,06:09:08.559,bitmex,SOL/USDT:USDT,184.87,195000.0,184.86,579000.0,184.89,14000.0,184.91,113000.0
1753769348658,06:09:08.658,bitmex,SOL/USDT:USDT,184.85,162000.0,184.84,476000.0,184.88,14000.0,184.9,113000.0
1753769348707,06:09:08.707,bitmex,SOL/USDT:USDT,184.87,190000.0,184.86,579000.0,184.9,39000.0,184.92,432000.0
1753769348756,06:09:08.756,bitmex,SOL/USDT:USDT,184.87,190000.0,184.86,579000.0,184.89,14000.0,184.91,113000.0
1753769349108,06:09:09.108,bitmex,SOL/USDT:USDT,184.87,190000.0,184.86,579000.0,184.89,14000.0,184.91,113000.0
1753769349172,06:09:09.172,bitmex,SOL/USDT:USDT,184.87,190000.0,184.86,579000.0,184.89,14000.0,184.91,113000.0
1753769349222,06:09:09.222,bitmex,SOL/USDT:USDT,184.87,190000.0,184.86,579000.0,184.89,14000.0,184.91,113000.0
1753769349271,06:09:09.271,bitmex,SOL/USDT:USDT,184.87,190000.0,184.86,579000.0,184.89,14000.0,184.91,113000.0
1753769349406,06:09:09.406,bitmex,SOL/USDT:USDT,184.87,174000.0,184.86,579000.0,184.89,14000.0,184.91,113000.0
1753769349456,06:09:09.456,bitmex,SOL/USDT:USDT,184.88,16000.0,184.87,174000.0,184.9,14000.0,184.92,432000.0
1753769349505,06:09:09.505,bitmex,SOL/USDT:USDT,184.88,16000.0,184.87,174000.0,184.9,14000.0,184.91,20000.0
1753769349554,06:09:09.554,bitmex,SOL/USDT:USDT,184.88,16000.0,184.87,174000.0,184.9,14000.0,184.91,20000.0
1753769349603,06:09:09.603,bitmex,SOL/USDT:USDT,184.88,16000.0,184.87,174000.0,184.9,14000.0,184.91,20000.0
1753769349731,06:09:09.731,bitmex,SOL/USDT:USDT,184.88,16000.0,184.87,174000.0,184.9,14000.0,184.91,20000.0
1753769349780,06:09:09.780,bitmex,SOL/USDT:USDT,184.88,16000.0,184.87,174000.0,184.9,14000.0,184.91,20000.0
1753769349829,06:09:09.829,bitmex,SOL/USDT:USDT,184.88,16000.0,184.87,174000.0,184.9,14000.0,184.91,20000.0
1753769349968,06:09:09.968,bitmex,SOL/USDT:USDT,184.87,190000.0,184.86,579000.0,184.89,14000.0,184.91,133000.0
1753769350066,06:09:10.066,bitmex,SOL/USDT:USDT,184.88,16000.0,184.87,174000.0,184.9,14000.0,184.91,20000.0
1753769350195,06:09:10.195,bitmex,SOL/USDT:USDT,184.88,16000.0,184.87,174000.0,184.9,14000.0,184.91,20000.0
1753769350245,06:09:10.245,bitmex,SOL/USDT:USDT,184.88,16000.0,184.87,174000.0,184.9,14000.0,184.91,20000.0
1753769350294,06:09:10.294,bitmex,SOL/USDT:USDT,184.88,16000.0,184.87,174000.0,184.9,14000.0,184.91,20000.0
1753769350446,06:09:10.446,bitmex,SOL/USDT:USDT,184.88,16000.0,184.87,174000.0,184.9,14000.0,184.91,20000.0
1753769350534,06:09:10.534,bitmex,SOL/USDT:USDT,184.88,16000.0,184.87,174000.0,184.9,14000.0,184.91,20000.0
1753769350583,06:09:10.583,bitmex,SOL/USDT:USDT,184.88,16000.0,184.87,174000.0,184.9,14000.0,184.91,20000.0
1753769350828,06:09:10.828,bitmex,SOL/USDT:USDT,184.88,16000.0,184.87,174000.0,184.9,14000.0,184.91,20000.0
1753769350878,06:09:10.878,bitmex,SOL/USDT:USDT,184.88,16000.0,184.87,174000.0,184.89,14000.0,184.91,20000.0
1753769350927,06:09:10.927,bitmex,SOL/USDT:USDT,184.88,16000.0,184.87,174000.0,184.89,14000.0,184.91,133000.0
1753769350976,06:09:10.976,bitmex,SOL/USDT:USDT,184.88,16000.0,184.87,174000.0,184.89,14000.0,184.91,133000.0
1753769351029,06:09:11.029,bitmex,SOL/USDT:USDT,184.88,16000.0,184.87,174000.0,184.91,133000.0,184.92,432000.0
1753769351079,06:09:11.079,bitmex,SOL/USDT:USDT,184.88,16000.0,184.87,174000.0,184.89,19000.0,184.9,14000.0
1753769351184,06:09:11.184,bitmex,SOL/USDT:USDT,184.88,16000.0,184.87,174000.0,184.89,19000.0,184.9,14000.0
1753769351282,06:09:11.282,bitmex,SOL/USDT:USDT,184.89,16000.0,184.87,174000.0,184.91,34000.0,184.93,6064000.0
1753769351331,06:09:11.331,bitmex,SOL/USDT:USDT,184.87,174000.0,184.86,579000.0,184.9,14000.0,184.91,20000.0
1753769351380,06:09:11.380,bitmex,SOL/USDT:USDT,184.88,16000.0,184.87,174000.0,184.9,33000.0,184.91,20000.0
1753769351478,06:09:11.478,bitmex,SOL/USDT:USDT,184.88,16000.0,184.87,174000.0,184.9,33000.0,184.93,6064000.0
1753769351615,06:09:11.615,bitmex,SOL/USDT:USDT,184.88,16000.0,184.87,174000.0,184.9,33000.0,184.93,6064000.0
1753769351664,06:09:11.664,bitmex,SOL/USDT:USDT,184.88,16000.0,184.87,174000.0,184.9,33000.0,184.93,6064000.0
1753769351792,06:09:11.792,bitmex,SOL/USDT:USDT,184.88,16000.0,184.87,174000.0,184.9,33000.0,184.93,6064000.0
1753769351842,06:09:11.842,bitmex,SOL/USDT:USDT,184.88,16000.0,184.87,174000.0,184.9,33000.0,184.93,6064000.0
1753769352047,06:09:12.047,bitmex,SOL/USDT:USDT,184.88,16000.0,184.87,174000.0,184.9,14000.0,184.93,6064000.0
1753769352096,06:09:12.096,bitmex,SOL/USDT:USDT,184.87,174000.0,184.86,579000.0,184.9,33000.0,184.93,6025000.0
1753769352145,06:09:12.145,bitmex,SOL/USDT:USDT,184.88,16000.0,184.87,174000.0,184.9,33000.0,184.93,6025000.0
1753769352194,06:09:12.194,bitmex,SOL/USDT:USDT,184.88,16000.0,184.87,174000.0,184.9,33000.0,184.93,6025000.0
1753769352243,06:09:12.243,bitmex,SOL/USDT:USDT,184.88,16000.0,184.87,174000.0,184.9,33000.0,184.93,6025000.0
1753769352316,06:09:12.316,bitmex,SOL/USDT:USDT,184.88,16000.0,184.87,174000.0,184.9,33000.0,184.93,6025000.0
1753769352478,06:09:12.478,bitmex,SOL/USDT:USDT,184.88,40000.0,184.87,174000.0,184.9,33000.0,184.93,6025000.0
1753769352577,06:09:12.577,bitmex,SOL/USDT:USDT,184.89,16000.0,184.87,198000.0,184.9,19000.0,184.93,113000.0
1753769352626,06:09:12.626,bitmex,SOL/USDT:USDT,184.89,16000.0,184.87,198000.0,184.9,19000.0,184.93,113000.0
1753769352740,06:09:12.740,bitmex,SOL/USDT:USDT,184.89,16000.0,184.87,198000.0,184.9,19000.0,184.93,113000.0
1753769353368,06:09:13.368,bitmex,SOL/USDT:USDT,184.87,198000.0,184.86,579000.0,184.9,33000.0,184.93,113000.0
1753769353417,06:09:13.417,bitmex,SOL/USDT:USDT,184.88,16000.0,184.87,174000.0,184.9,33000.0,184.93,113000.0
1753769353550,06:09:13.550,bitmex,SOL/USDT:USDT,184.88,16000.0,184.87,174000.0,184.9,33000.0,184.93,113000.0
1753769353600,06:09:13.600,bitmex,SOL/USDT:USDT,184.88,16000.0,184.87,174000.0,184.9,33000.0,184.93,113000.0
1753769353649,06:09:13.649,bitmex,SOL/USDT:USDT,184.88,16000.0,184.87,174000.0,184.92,14000.0,184.93,23000.0
1753769353698,06:09:13.698,bitmex,SOL/USDT:USDT,184.88,16000.0,184.87,174000.0,184.92,14000.0,184.93,23000.0
1753769353747,06:09:13.747,bitmex,SOL/USDT:USDT,184.88,16000.0,184.87,174000.0,184.92,14000.0,184.93,52000.0
1753769353796,06:09:13.796,bitmex,SOL/USDT:USDT,184.88,16000.0,184.87,174000.0,184.92,14000.0,184.93,52000.0
1753769353845,06:09:13.845,bitmex,SOL/USDT:USDT,184.88,16000.0,184.87,174000.0,184.92,14000.0,184.93,52000.0
1753769353894,06:09:13.894,bitmex,SOL/USDT:USDT,184.88,16000.0,184.87,174000.0,184.92,14000.0,184.93,52000.0
1753769354050,06:09:14.050,bitmex,SOL/USDT:USDT,184.88,16000.0,184.87,174000.0,184.92,14000.0,184.93,52000.0
1753769354150,06:09:14.150,bitmex,SOL/USDT:USDT,184.88,16000.0,184.87,174000.0,184.92,14000.0,184.93,52000.0
1753769354512,06:09:14.512,bitmex,SOL/USDT:USDT,184.88,16000.0,184.87,174000.0,184.92,14000.0,184.93,52000.0
1753769354604,06:09:14.604,bitmex,SOL/USDT:USDT,184.88,16000.0,184.87,174000.0,184.92,14000.0,184.93,52000.0
1753769354742,06:09:14.742,bitmex,SOL/USDT:USDT,184.88,16000.0,184.87,174000.0,184.92,14000.0,184.93,52000.0
1753769354840,06:09:14.840,bitmex,SOL/USDT:USDT,184.88,16000.0,184.87,174000.0,184.92,14000.0,184.93,29000.0
1753769354889,06:09:14.889,bitmex,SOL/USDT:USDT,184.88,16000.0,184.87,174000.0,184.92,14000.0,184.93,29000.0
1753769354938,06:09:14.938,bitmex,SOL/USDT:USDT,184.88,16000.0,184.87,174000.0,184.92,14000.0,184.93,29000.0
1753769355041,06:09:15.041,bitmex,SOL/USDT:USDT,184.88,16000.0,184.87,174000.0,184.92,14000.0,184.93,29000.0
1753769355091,06:09:15.091,bitmex,SOL/USDT:USDT,184.88,16000.0,184.87,174000.0,184.92,14000.0,184.93,29000.0
1753769355141,06:09:15.141,bitmex,SOL/USDT:USDT,184.88,39000.0,184.87,174000.0,184.92,14000.0,184.93,29000.0
1753769355190,06:09:15.190,bitmex,SOL/USDT:USDT,184.88,39000.0,184.87,174000.0,184.92,14000.0,184.93,29000.0
1753769355239,06:09:15.239,bitmex,SOL/USDT:USDT,184.88,39000.0,184.87,174000.0,184.92,14000.0,184.93,29000.0
1753769355288,06:09:15.288,bitmex,SOL/USDT:USDT,184.88,16000.0,184.87,174000.0,184.92,14000.0,184.93,29000.0
1753769355371,06:09:15.371,bitmex,SOL/USDT:USDT,184.88,16000.0,184.87,174000.0,184.92,14000.0,184.94,1359000.0
1753769355420,06:09:15.420,bitmex,SOL/USDT:USDT,184.88,16000.0,184.87,174000.0,184.92,14000.0,184.94,1359000.0
1753769355469,06:09:15.469,bitmex,SOL/USDT:USDT,184.88,16000.0,184.87,174000.0,184.92,14000.0,184.94,1359000.0
1753769355701,06:09:15.701,bitmex,SOL/USDT:USDT,184.88,16000.0,184.87,174000.0,184.92,14000.0,184.93,27000.0
1753769355750,06:09:15.750,bitmex,SOL/USDT:USDT,184.88,16000.0,184.87,174000.0,184.92,14000.0,184.93,27000.0
1753769355799,06:09:15.799,bitmex,SOL/USDT:USDT,184.88,16000.0,184.87,174000.0,184.92,14000.0,184.93,27000.0
1753769355848,06:09:15.848,bitmex,SOL/USDT:USDT,184.88,16000.0,184.87,174000.0,184.92,14000.0,184.94,1359000.0
1753769356399,06:09:16.399,bitmex,SOL/USDT:USDT,184.88,16000.0,184.87,174000.0,184.92,14000.0,184.94,1359000.0
1753769356448,06:09:16.448,bitmex,SOL/USDT:USDT,184.88,16000.0,184.87,174000.0,184.92,14000.0,184.94,1359000.0
1753769356497,06:09:16.497,bitmex,SOL/USDT:USDT,184.88,16000.0,184.87,174000.0,184.91,19000.0,184.92,14000.0
1753769356546,06:09:16.546,bitmex,SOL/USDT:USDT,184.89,16000.0,184.87,174000.0,184.93,14000.0,184.94,1285000.0
1753769356595,06:09:16.595,bitmex,SOL/USDT:USDT,184.89,16000.0,184.87,174000.0,184.9,19000.0,184.93,113000.0
1753769357151,06:09:17.151,bitmex,SOL/USDT:USDT,184.89,16000.0,184.87,174000.0,184.9,19000.0,184.93,113000.0
1753769357200,06:09:17.200,bitmex,SOL/USDT:USDT,184.89,16000.0,184.87,174000.0,184.9,19000.0,184.93,113000.0
1753769357317,06:09:17.317,bitmex,SOL/USDT:USDT,184.89,16000.0,184.87,174000.0,184.9,19000.0,184.93,113000.0
1753769357366,06:09:17.366,bitmex,SOL/USDT:USDT,184.89,16000.0,184.87,174000.0,184.9,19000.0,184.93,113000.0
1753769357425,06:09:17.425,bitmex,SOL/USDT:USDT,184.89,16000.0,184.87,174000.0,184.9,19000.0,184.93,113000.0
1753769357475,06:09:17.475,bitmex,SOL/USDT:USDT,184.89,16000.0,184.87,174000.0,184.9,19000.0,184.93,113000.0
1753769357725,06:09:17.725,bitmex,SOL/USDT:USDT,184.89,16000.0,184.87,174000.0,184.93,113000.0,184.94,1246000.0
1753769357774,06:09:17.774,bitmex,SOL/USDT:USDT,184.89,16000.0,184.87,174000.0,184.9,19000.0,184.93,113000.0
1753769357823,06:09:17.823,bitmex,SOL/USDT:USDT,184.89,16000.0,184.87,174000.0,184.9,19000.0,184.93,113000.0
1753769357906,06:09:17.906,bitmex,SOL/USDT:USDT,184.89,16000.0,184.87,174000.0,184.9,19000.0,184.93,113000.0
1753769357956,06:09:17.956,bitmex,SOL/USDT:USDT,184.89,16000.0,184.87,174000.0,184.9,19000.0,184.93,113000.0
1753769358005,06:09:18.005,bitmex,SOL/USDT:USDT,184.89,16000.0,184.87,174000.0,184.9,19000.0,184.93,113000.0
1753769358156,06:09:18.156,bitmex,SOL/USDT:USDT,184.89,16000.0,184.87,174000.0,184.9,19000.0,184.93,113000.0
1753769358205,06:09:18.205,bitmex,SOL/USDT:USDT,184.89,16000.0,184.87,174000.0,184.9,19000.0,184.93,113000.0
1753769358332,06:09:18.332,bitmex,SOL/USDT:USDT,184.89,16000.0,184.87,174000.0,184.9,19000.0,184.93,113000.0
1753769358382,06:09:18.382,bitmex,SOL/USDT:USDT,184.89,16000.0,184.87,174000.0,184.9,19000.0,184.93,113000.0
1753769358747,06:09:18.747,bitmex,SOL/USDT:USDT,184.89,16000.0,184.87,174000.0,184.93,113000.0,184.94,1273000.0
1753769358797,06:09:18.797,bitmex,SOL/USDT:USDT,184.89,16000.0,184.87,174000.0,184.9,19000.0,184.94,1273000.0
1753769358846,06:09:18.846,bitmex,SOL/USDT:USDT,184.89,16000.0,184.87,174000.0,184.9,19000.0,184.93,113000.0
1753769358895,06:09:18.895,bitmex,SOL/USDT:USDT,184.89,16000.0,184.87,174000.0,184.9,19000.0,184.93,113000.0
1753769358944,06:09:18.944,bitmex,SOL/USDT:USDT,184.89,16000.0,184.87,174000.0,184.9,19000.0,184.93,113000.0
1753769359597,06:09:19.597,bitmex,SOL/USDT:USDT,184.89,16000.0,184.87,174000.0,184.92,33000.0,184.94,1386000.0
1753769359646,06:09:19.646,bitmex,SOL/USDT:USDT,184.89,16000.0,184.87,174000.0,184.92,33000.0,184.94,1386000.0
1753769359695,06:09:19.695,bitmex,SOL/USDT:USDT,184.89,16000.0,184.87,174000.0,184.92,33000.0,184.94,1386000.0
1753769359744,06:09:19.744,bitmex,SOL/USDT:USDT,184.89,16000.0,184.87,174000.0,184.92,33000.0,184.94,1386000.0
1753769359793,06:09:19.793,bitmex,SOL/USDT:USDT,184.89,16000.0,184.87,174000.0,184.92,33000.0,184.94,1386000.0
1753769359863,06:09:19.863,bitmex,SOL/USDT:USDT,184.89,16000.0,184.87,174000.0,184.92,33000.0,184.94,1386000.0
1753769359916,06:09:19.916,bitmex,SOL/USDT:USDT,184.89,39000.0,184.87,174000.0,184.92,33000.0,184.94,1386000.0
1753769359965,06:09:19.965,bitmex,SOL/USDT:USDT,184.91,16000.0,184.89,23000.0,184.94,41000.0,184.96,113000.0
1753769360014,06:09:20.014,bitmex,SOL/USDT:USDT,184.91,16000.0,184.89,23000.0,184.94,27000.0,184.99,39000.0
1753769360063,06:09:20.063,bitmex,SOL/USDT:USDT,184.91,16000.0,184.9,579000.0,184.94,41000.0,184.97,113000.0
1753769360112,06:09:20.112,bitmex,SOL/USDT:USDT,184.91,16000.0,184.9,579000.0,184.94,41000.0,184.96,113000.0
1753769360161,06:09:20.161,bitmex,SOL/USDT:USDT,184.91,16000.0,184.9,579000.0,184.94,41000.0,184.96,113000.0
1753769360210,06:09:20.210,bitmex,SOL/USDT:USDT,184.91,16000.0,184.9,579000.0,184.94,41000.0,184.96,113000.0
1753769360370,06:09:20.370,bitmex,SOL/USDT:USDT,184.91,16000.0,184.9,579000.0,184.94,41000.0,184.96,113000.0
1753769360419,06:09:20.419,bitmex,SOL/USDT:USDT,184.91,45000.0,184.9,579000.0,184.94,41000.0,184.96,113000.0
1753769360468,06:09:20.468,bitmex,SOL/USDT:USDT,184.91,186000.0,184.9,579000.0,184.94,41000.0,184.96,113000.0
1753769360566,06:09:20.566,bitmex,SOL/USDT:USDT,184.91,186000.0,184.9,579000.0,184.94,14000.0,184.96,113000.0
1753769360687,06:09:20.687,bitmex,SOL/USDT:USDT,184.91,186000.0,184.9,579000.0,184.96,113000.0,184.97,174000.0
1753769360736,06:09:20.736,bitmex,SOL/USDT:USDT,184.91,186000.0,184.9,579000.0,184.97,174000.0,184.98,1536000.0
1753769360785,06:09:20.785,bitmex,SOL/USDT:USDT,184.93,16000.0,184.92,29000.0,184.96,14000.0,184.98,113000.0
1753769360834,06:09:20.834,bitmex,SOL/USDT:USDT,184.93,16000.0,184.92,29000.0,184.98,14000.0,184.99,700000.0
1753769360883,06:09:20.883,bitmex,SOL/USDT:USDT,184.93,16000.0,184.92,29000.0,184.96,14000.0,184.99,23000.0
1753769360932,06:09:20.932,bitmex,SOL/USDT:USDT,184.93,16000.0,184.92,29000.0,184.96,14000.0,184.98,113000.0
1753769360981,06:09:20.981,bitmex,SOL/USDT:USDT,184.93,16000.0,184.92,29000.0,184.96,14000.0,184.98,113000.0
1753769361030,06:09:21.030,bitmex,SOL/USDT:USDT,184.93,16000.0,184.92,29000.0,184.97,19000.0,184.98,14000.0
1753769361079,06:09:21.079,bitmex,SOL/USDT:USDT,184.92,29000.0,184.91,300000.0,184.99,27000.0,185.0,142000.0
1753769361079,06:09:21.079,bitmex,SOL/USDT:USDT,184.96,16000.0,184.95,170000.0,184.97,14000.0,184.99,27000.0
1753769361128,06:09:21.128,bitmex,SOL/USDT:USDT,184.96,16000.0,184.95,170000.0,184.98,14000.0,185.0,29000.0
1753769361177,06:09:21.177,bitmex,SOL/USDT:USDT,184.96,16000.0,184.95,170000.0,184.98,14000.0,185.0,290000.0
1753769361230,06:09:21.230,bitmex,SOL/USDT:USDT,184.96,16000.0,184.95,170000.0,184.98,14000.0,185.0,290000.0
1753769361280,06:09:21.280,bitmex,SOL/USDT:USDT,184.97,16000.0,184.95,170000.0,185.0,113000.0,185.01,23000.0
1753769361329,06:09:21.329,bitmex,SOL/USDT:USDT,184.96,16000.0,184.95,277000.0,185.01,136000.0,185.02,133000.0
1753769361378,06:09:21.378,bitmex,SOL/USDT:USDT,184.97,16000.0,184.95,277000.0,185.0,33000.0,185.01,23000.0
1753769361428,06:09:21.428,bitmex,SOL/USDT:USDT,184.97,16000.0,184.95,277000.0,185.0,33000.0,185.01,23000.0
1753769361477,06:09:21.477,bitmex,SOL/USDT:USDT,184.97,16000.0,184.96,29000.0,185.0,33000.0,185.01,23000.0
1753769361526,06:09:21.526,bitmex,SOL/USDT:USDT,184.97,16000.0,184.96,29000.0,185.0,33000.0,185.01,23000.0
1753769361632,06:09:21.632,bitmex,SOL/USDT:USDT,184.97,16000.0,184.96,29000.0,185.0,33000.0,185.01,23000.0
1753769361843,06:09:21.843,bitmex,SOL/USDT:USDT,184.97,16000.0,184.96,29000.0,185.0,33000.0,185.01,23000.0
1753769361892,06:09:21.892,bitmex,SOL/USDT:USDT,184.97,16000.0,184.96,29000.0,185.0,33000.0,185.01,23000.0
1753769361941,06:09:21.941,bitmex,SOL/USDT:USDT,184.96,45000.0,184.95,277000.0,184.98,33000.0,185.01,23000.0
1753769361990,06:09:21.990,bitmex,SOL/USDT:USDT,184.95,277000.0,184.94,579000.0,184.97,33000.0,185.0,113000.0
1753769362137,06:09:22.137,bitmex,SOL/USDT:USDT,184.95,293000.0,184.94,579000.0,184.97,33000.0,185.0,113000.0
1753769362186,06:09:22.186,bitmex,SOL/USDT:USDT,184.95,293000.0,184.94,579000.0,184.97,33000.0,185.0,113000.0
1753769362235,06:09:22.235,bitmex,SOL/USDT:USDT,184.96,45000.0,184.95,277000.0,184.99,14000.0,185.0,39000.0
1753769362284,06:09:22.284,bitmex,SOL/USDT:USDT,184.96,45000.0,184.95,277000.0,184.98,33000.0,185.0,113000.0
1753769362333,06:09:22.333,bitmex,SOL/USDT:USDT,184.96,45000.0,184.95,277000.0,184.98,33000.0,185.0,113000.0
1753769362382,06:09:22.382,bitmex,SOL/USDT:USDT,184.96,45000.0,184.95,277000.0,184.98,33000.0,185.0,140000.0
1753769362431,06:09:22.431,bitmex,SOL/USDT:USDT,184.96,45000.0,184.95,277000.0,184.98,33000.0,185.0,140000.0
1753769362480,06:09:22.480,bitmex,SOL/USDT:USDT,184.96,45000.0,184.95,277000.0,184.98,33000.0,185.0,140000.0
1753769362529,06:09:22.529,bitmex,SOL/USDT:USDT,184.96,45000.0,184.95,277000.0,184.98,33000.0,185.0,140000.0
1753769362581,06:09:22.581,bitmex,SOL/USDT:USDT,184.96,45000.0,184.95,277000.0,184.98,33000.0,185.0,140000.0
1753769362631,06:09:22.631,bitmex,SOL/USDT:USDT,184.96,45000.0,184.95,277000.0,184.98,33000.0,185.0,113000.0
1753769362680,06:09:22.680,bitmex,SOL/USDT:USDT,184.96,45000.0,184.95,277000.0,184.98,33000.0,185.0,113000.0
1753769362821,06:09:22.821,bitmex,SOL/USDT:USDT,184.96,45000.0,184.95,277000.0,184.98,33000.0,185.0,113000.0
1753769362871,06:09:22.871,bitmex,SOL/USDT:USDT,184.96,45000.0,184.95,277000.0,184.98,33000.0,185.0,113000.0
1753769362920,06:09:22.920,bitmex,SOL/USDT:USDT,184.96,45000.0,184.95,277000.0,184.98,33000.0,185.0,113000.0
1753769362969,06:09:22.969,bitmex,SOL/USDT:USDT,184.96,45000.0,184.95,277000.0,184.98,33000.0,185.0,113000.0
1753769363018,06:09:23.018,bitmex,SOL/USDT:USDT,184.96,45000.0,184.95,277000.0,184.98,33000.0,185.0,113000.0
1753769363086,06:09:23.086,bitmex,SOL/USDT:USDT,184.96,45000.0,184.95,277000.0,184.98,33000.0,185.0,113000.0
1753769363135,06:09:23.135,bitmex,SOL/USDT:USDT,184.96,45000.0,184.95,277000.0,184.98,33000.0,185.0,113000.0
1753769363184,06:09:23.184,bitmex,SOL/USDT:USDT,184.96,45000.0,184.95,277000.0,184.98,33000.0,185.0,113000.0
1753769363257,06:09:23.257,bitmex,SOL/USDT:USDT,184.96,45000.0,184.95,277000.0,184.98,33000.0,185.0,113000.0
1753769363306,06:09:23.306,bitmex,SOL/USDT:USDT,184.96,45000.0,184.95,277000.0,184.98,33000.0,185.0,113000.0
1753769363414,06:09:23.414,bitmex,SOL/USDT:USDT,184.96,45000.0,184.95,277000.0,184.98,14000.0,185.0,113000.0
1753769363463,06:09:23.463,bitmex,SOL/USDT:USDT,184.96,45000.0,184.95,277000.0,184.98,14000.0,185.0,113000.0
1753769363512,06:09:23.512,bitmex,SOL/USDT:USDT,184.97,16000.0,184.96,29000.0,184.98,14000.0,185.0,140000.0
1753769363634,06:09:23.634,bitmex,SOL/USDT:USDT,184.96,29000.0,184.95,277000.0,184.98,14000.0,185.0,140000.0
1753769363683,06:09:23.683,bitmex,SOL/USDT:USDT,184.96,45000.0,184.95,277000.0,184.98,14000.0,185.0,140000.0
1753769363732,06:09:23.732,bitmex,SOL/USDT:USDT,184.96,29000.0,184.95,277000.0,184.98,14000.0,185.0,140000.0
1753769363781,06:09:23.781,bitmex,SOL/USDT:USDT,184.97,16000.0,184.96,29000.0,184.98,14000.0,185.0,140000.0
1753769363830,06:09:23.830,bitmex,SOL/USDT:USDT,184.97,16000.0,184.96,29000.0,184.98,14000.0,185.0,140000.0
1753769363977,06:09:23.977,bitmex,SOL/USDT:USDT,184.95,293000.0,184.94,579000.0,184.97,14000.0,185.0,163000.0
1753769364132,06:09:24.132,bitmex,SOL/USDT:USDT,184.95,293000.0,184.94,579000.0,184.97,14000.0,185.0,163000.0
1753769364182,06:09:24.182,bitmex,SOL/USDT:USDT,184.96,45000.0,184.95,277000.0,184.98,33000.0,185.0,124000.0
1753769364255,06:09:24.255,bitmex,SOL/USDT:USDT,184.96,45000.0,184.95,277000.0,184.98,33000.0,185.0,97000.0
1753769364305,06:09:24.305,bitmex,SOL/USDT:USDT,184.96,45000.0,184.95,277000.0,184.98,33000.0,185.0,97000.0
1753769364354,06:09:24.354,bitmex,SOL/USDT:USDT,184.96,45000.0,184.95,277000.0,184.98,33000.0,185.0,97000.0
1753769364415,06:09:24.415,bitmex,SOL/USDT:USDT,184.96,45000.0,184.95,277000.0,184.98,33000.0,185.0,97000.0
1753769364467,06:09:24.467,bitmex,SOL/USDT:USDT,184.96,45000.0,184.95,277000.0,184.98,33000.0,185.0,97000.0
1753769364516,06:09:24.516,bitmex,SOL/USDT:USDT,184.96,45000.0,184.95,277000.0,184.98,33000.0,185.0,97000.0
1753769364736,06:09:24.736,bitmex,SOL/USDT:USDT,184.95,186000.0,184.94,579000.0,184.97,14000.0,185.0,97000.0
1753769364785,06:09:24.785,bitmex,SOL/USDT:USDT,184.95,186000.0,184.94,579000.0,184.97,14000.0,185.0,97000.0
1753769364849,06:09:24.849,bitmex,SOL/USDT:USDT,184.95,170000.0,184.94,579000.0,184.97,14000.0,185.0,97000.0
1753769364899,06:09:24.899,bitmex,SOL/USDT:USDT,184.96,16000.0,184.95,170000.0,184.98,33000.0,185.0,136000.0
1753769364948,06:09:24.948,bitmex,SOL/USDT:USDT,184.96,16000.0,184.95,170000.0,184.97,14000.0,185.0,136000.0
1753769364997,06:09:24.997,bitmex,SOL/USDT:USDT,184.96,16000.0,184.95,170000.0,184.97,14000.0,185.0,136000.0
1753769365070,06:09:25.070,bitmex,SOL/USDT:USDT,184.96,16000.0,184.95,170000.0,184.97,14000.0,185.0,136000.0
1753769365169,06:09:25.169,bitmex,SOL/USDT:USDT,184.96,16000.0,184.95,170000.0,184.97,14000.0,185.0,136000.0
1753769365219,06:09:25.219,bitmex,SOL/USDT:USDT,184.96,16000.0,184.95,170000.0,184.97,14000.0,185.0,136000.0
1753769365268,06:09:25.268,bitmex,SOL/USDT:USDT,184.96,16000.0,184.95,170000.0,184.97,14000.0,185.0,136000.0
1753769365338,06:09:25.338,bitmex,SOL/USDT:USDT,184.96,16000.0,184.95,170000.0,184.97,14000.0,185.0,136000.0
1753769365387,06:09:25.387,bitmex,SOL/USDT:USDT,184.96,16000.0,184.95,170000.0,184.98,33000.0,185.0,136000.0
1753769365436,06:09:25.436,bitmex,SOL/USDT:USDT,184.96,16000.0,184.95,170000.0,184.99,14000.0,185.0,62000.0
1753769365485,06:09:25.485,bitmex,SOL/USDT:USDT,184.96,16000.0,184.95,170000.0,184.97,14000.0,185.0,136000.0
1753769365534,06:09:25.534,bitmex,SOL/USDT:USDT,184.96,16000.0,184.95,170000.0,184.98,33000.0,185.0,136000.0
1753769365583,06:09:25.583,bitmex,SOL/USDT:USDT,184.96,16000.0,184.95,170000.0,184.98,33000.0,185.0,136000.0
1753769365634,06:09:25.634,bitmex,SOL/USDT:USDT,184.96,16000.0,184.95,170000.0,184.98,33000.0,185.0,136000.0
1753769365683,06:09:25.683,bitmex,SOL/USDT:USDT,184.95,186000.0,184.94,579000.0,184.97,14000.0,185.0,136000.0
1753769365781,06:09:25.781,bitmex,SOL/USDT:USDT,184.95,186000.0,184.94,579000.0,184.97,14000.0,185.0,163000.0
1753769365830,06:09:25.830,bitmex,SOL/USDT:USDT,184.95,186000.0,184.94,579000.0,184.97,14000.0,185.0,163000.0
1753769365879,06:09:25.879,bitmex,SOL/USDT:USDT,184.95,186000.0,184.94,579000.0,184.97,14000.0,185.0,163000.0
1753769365933,06:09:25.933,bitmex,SOL/USDT:USDT,184.95,186000.0,184.94,579000.0,184.97,14000.0,185.0,163000.0
1753769365983,06:09:25.983,bitmex,SOL/USDT:USDT,184.95,186000.0,184.94,579000.0,184.97,14000.0,185.0,163000.0
1753769366032,06:09:26.032,bitmex,SOL/USDT:USDT,184.96,16000.0,184.95,170000.0,185.0,163000.0,185.02,1211000.0
1753769366081,06:09:26.081,bitmex,SOL/USDT:USDT,184.96,16000.0,184.95,170000.0,184.98,33000.0,185.0,50000.0
1753769366130,06:09:26.130,bitmex,SOL/USDT:USDT,184.96,16000.0,184.95,170000.0,184.97,14000.0,184.98,33000.0
1753769366179,06:09:26.179,bitmex,SOL/USDT:USDT,184.95,186000.0,184.94,579000.0,184.97,14000.0,185.0,136000.0
1753769366228,06:09:26.228,bitmex,SOL/USDT:USDT,184.95,186000.0,184.94,579000.0,184.97,14000.0,185.0,136000.0
1753769366277,06:09:26.277,bitmex,SOL/USDT:USDT,184.95,186000.0,184.94,579000.0,184.97,14000.0,185.0,136000.0
1753769366326,06:09:26.326,bitmex,SOL/USDT:USDT,184.92,29000.0,184.91,269000.0,184.95,42000.0,184.99,23000.0
1753769366375,06:09:26.375,bitmex,SOL/USDT:USDT,184.91,269000.0,184.9,925000.0,184.93,19000.0,184.94,33000.0
1753769366424,06:09:26.424,bitmex,SOL/USDT:USDT,184.91,269000.0,184.9,925000.0,184.93,19000.0,184.94,33000.0
1753769366424,06:09:26.424,bitmex,SOL/USDT:USDT,184.92,16000.0,184.91,269000.0,184.93,19000.0,184.94,14000.0
1753769366522,06:09:26.522,bitmex,SOL/USDT:USDT,184.92,16000.0,184.91,269000.0,184.94,14000.0,184.96,136000.0
1753769366620,06:09:26.620,bitmex,SOL/USDT:USDT,184.92,16000.0,184.9,29000.0,184.94,14000.0,184.96,136000.0
1753769366669,06:09:26.669,bitmex,SOL/USDT:USDT,184.91,578000.0,184.9,29000.0,184.96,62000.0,184.98,1410000.0
1753769366718,06:09:26.718,bitmex,SOL/USDT:USDT,184.91,594000.0,184.9,29000.0,184.93,33000.0,184.96,23000.0
1753769366767,06:09:26.767,bitmex,SOL/USDT:USDT,184.91,594000.0,184.9,29000.0,184.93,33000.0,184.96,136000.0
1753769366816,06:09:26.816,bitmex,SOL/USDT:USDT,184.92,45000.0,184.91,578000.0,184.94,33000.0,184.96,113000.0
1753769366865,06:09:26.865,bitmex,SOL/USDT:USDT,184.92,45000.0,184.91,578000.0,184.94,33000.0,184.96,113000.0
1753769366914,06:09:26.914,bitmex,SOL/USDT:USDT,184.93,16000.0,184.92,170000.0,184.94,14000.0,184.96,113000.0
1753769366963,06:09:26.963,bitmex,SOL/USDT:USDT,184.93,16000.0,184.92,170000.0,184.95,14000.0,184.98,1410000.0
1753769367012,06:09:27.012,bitmex,SOL/USDT:USDT,184.93,16000.0,184.92,170000.0,184.95,14000.0,184.97,113000.0
1753769367289,06:09:27.289,bitmex,SOL/USDT:USDT,184.92,170000.0,184.91,578000.0,184.95,14000.0,184.97,113000.0
1753769367339,06:09:27.339,bitmex,SOL/USDT:USDT,184.92,186000.0,184.91,578000.0,184.94,33000.0,184.96,113000.0
1753769367388,06:09:27.388,bitmex,SOL/USDT:USDT,184.93,16000.0,184.92,170000.0,184.94,33000.0,184.96,113000.0
1753769367437,06:09:27.437,bitmex,SOL/USDT:USDT,184.92,186000.0,184.91,578000.0,184.94,33000.0,184.96,113000.0
1753769367486,06:09:27.486,bitmex,SOL/USDT:USDT,184.92,186000.0,184.91,578000.0,184.94,33000.0,184.96,113000.0
1753769367535,06:09:27.535,bitmex,SOL/USDT:USDT,184.92,186000.0,184.91,578000.0,184.94,33000.0,184.96,113000.0
1753769367927,06:09:27.927,bitmex,SOL/USDT:USDT,184.92,186000.0,184.91,578000.0,184.94,14000.0,184.96,113000.0
1753769367976,06:09:27.976,bitmex,SOL/USDT:USDT,184.92,186000.0,184.91,578000.0,184.94,14000.0,184.96,136000.0
1753769368025,06:09:28.025,bitmex,SOL/USDT:USDT,184.92,16000.0,184.91,578000.0,184.93,14000.0,184.96,62000.0
1753769368074,06:09:28.074,bitmex,SOL/USDT:USDT,184.91,578000.0,184.9,29000.0,184.93,33000.0,184.96,136000.0
1753769368123,06:09:28.123,bitmex,SOL/USDT:USDT,184.91,594000.0,184.9,29000.0,184.93,33000.0,184.96,136000.0
1753769368193,06:09:28.193,bitmex,SOL/USDT:USDT,184.91,594000.0,184.9,29000.0,184.93,33000.0,184.96,136000.0
1753769368242,06:09:28.242,bitmex,SOL/USDT:USDT,184.91,594000.0,184.9,29000.0,184.93,14000.0,184.96,136000.0
1753769368291,06:09:28.291,bitmex,SOL/USDT:USDT,184.92,16000.0,184.91,578000.0,184.93,14000.0,184.96,136000.0
1753769368340,06:09:28.340,bitmex,SOL/USDT:USDT,184.9,29000.0,184.89,279000.0,184.93,14000.0,184.96,136000.0
1753769368389,06:09:28.389,bitmex,SOL/USDT:USDT,184.9,29000.0,184.89,279000.0,184.92,33000.0,184.94,23000.0
1753769368439,06:09:28.439,bitmex,SOL/USDT:USDT,184.89,172000.0,184.88,464000.0,184.9,33000.0,184.92,23000.0
1753769368488,06:09:28.488,bitmex,SOL/USDT:USDT,184.89,172000.0,184.88,464000.0,184.9,33000.0,184.92,23000.0
1753769368684,06:09:28.684,bitmex,SOL/USDT:USDT,184.89,145000.0,184.88,607000.0,184.9,33000.0,184.92,23000.0
1753769368976,06:09:28.976,bitmex,SOL/USDT:USDT,184.89,145000.0,184.88,607000.0,184.9,33000.0,184.93,113000.0
1753769369025,06:09:29.025,bitmex,SOL/USDT:USDT,184.89,145000.0,184.88,607000.0,184.9,33000.0,184.93,113000.0
1753769369074,06:09:29.074,bitmex,SOL/USDT:USDT,184.89,145000.0,184.88,607000.0,184.9,33000.0,184.93,113000.0
1753769369149,06:09:29.149,bitmex,SOL/USDT:USDT,184.89,145000.0,184.88,607000.0,184.9,14000.0,184.93,113000.0
1753769369248,06:09:29.248,bitmex,SOL/USDT:USDT,184.89,334000.0,184.88,607000.0,184.91,33000.0,184.93,113000.0
1753769369297,06:09:29.297,bitmex,SOL/USDT:USDT,184.89,334000.0,184.88,607000.0,184.91,33000.0,184.93,113000.0
1753769369444,06:09:29.444,bitmex,SOL/USDT:USDT,184.89,334000.0,184.88,607000.0,184.91,14000.0,184.93,113000.0
1753769369493,06:09:29.493,bitmex,SOL/USDT:USDT,184.89,334000.0,184.88,607000.0,184.91,14000.0,184.93,113000.0
1753769369542,06:09:29.542,bitmex,SOL/USDT:USDT,184.89,334000.0,184.88,607000.0,184.91,14000.0,184.93,113000.0
1753769369591,06:09:29.591,bitmex,SOL/USDT:USDT,184.89,334000.0,184.88,607000.0,184.91,14000.0,184.93,113000.0
1753769369640,06:09:29.640,bitmex,SOL/USDT:USDT,184.89,334000.0,184.88,607000.0,184.91,14000.0,184.93,113000.0
1753769369745,06:09:29.745,bitmex,SOL/USDT:USDT,184.89,334000.0,184.88,607000.0,184.91,14000.0,184.93,113000.0
1753769369903,06:09:29.903,bitmex,SOL/USDT:USDT,184.89,334000.0,184.88,607000.0,184.91,14000.0,184.93,113000.0
1753769370052,06:09:30.052,bitmex,SOL/USDT:USDT,184.89,334000.0,184.88,607000.0,184.91,14000.0,184.93,113000.0
1753769370138,06:09:30.138,bitmex,SOL/USDT:USDT,184.89,334000.0,184.88,607000.0,184.91,14000.0,184.93,113000.0
1753769370188,06:09:30.188,bitmex,SOL/USDT:USDT,184.89,334000.0,184.88,607000.0,184.91,14000.0,184.93,113000.0
1753769370377,06:09:30.377,bitmex,SOL/USDT:USDT,184.89,334000.0,184.88,607000.0,184.91,14000.0,184.93,113000.0
1753769370556,06:09:30.556,bitmex,SOL/USDT:USDT,184.89,334000.0,184.88,607000.0,184.91,14000.0,184.93,113000.0
1753769370606,06:09:30.606,bitmex,SOL/USDT:USDT,184.89,334000.0,184.88,607000.0,184.91,14000.0,184.93,113000.0
1753769370655,06:09:30.655,bitmex,SOL/USDT:USDT,184.89,334000.0,184.88,607000.0,184.91,14000.0,184.93,113000.0
1753769370704,06:09:30.704,bitmex,SOL/USDT:USDT,184.89,334000.0,184.88,607000.0,184.91,14000.0,184.93,113000.0
1753769370893,06:09:30.893,bitmex,SOL/USDT:USDT,184.89,334000.0,184.88,607000.0,184.91,14000.0,184.93,113000.0
1753769370945,06:09:30.945,bitmex,SOL/USDT:USDT,184.88,623000.0,184.85,24000.0,184.9,14000.0,184.93,39000.0
1753769370994,06:09:30.994,bitmex,SOL/USDT:USDT,184.88,578000.0,184.85,24000.0,184.89,14000.0,184.93,113000.0
1753769371043,06:09:31.043,bitmex,SOL/USDT:USDT,184.88,578000.0,184.85,24000.0,184.91,39000.0,184.93,6064000.0
1753769371092,06:09:31.092,bitmex,SOL/USDT:USDT,184.88,594000.0,184.86,23000.0,184.93,39000.0,184.94,5974000.0
1753769371142,06:09:31.142,bitmex,SOL/USDT:USDT,184.88,594000.0,184.86,23000.0,184.93,39000.0,184.94,5974000.0
1753769371191,06:09:31.191,bitmex,SOL/USDT:USDT,184.89,16000.0,184.88,578000.0,184.94,5974000.0,184.95,29000.0
1753769371240,06:09:31.240,bitmex,SOL/USDT:USDT,184.88,578000.0,184.86,23000.0,184.93,14000.0,184.94,5974000.0
1753769371289,06:09:31.289,bitmex,SOL/USDT:USDT,184.88,594000.0,184.86,23000.0,184.9,14000.0,184.94,23000.0
1753769371338,06:09:31.338,bitmex,SOL/USDT:USDT,184.89,45000.0,184.88,578000.0,184.91,33000.0,184.95,6007000.0
1753769371387,06:09:31.387,bitmex,SOL/USDT:USDT,184.89,186000.0,184.88,578000.0,184.91,33000.0,184.93,113000.0
1753769371436,06:09:31.436,bitmex,SOL/USDT:USDT,184.88,594000.0,184.86,52000.0,184.9,14000.0,184.93,113000.0
1753769371617,06:09:31.617,bitmex,SOL/USDT:USDT,184.88,594000.0,184.86,52000.0,184.9,14000.0,184.93,113000.0
1753769371666,06:09:31.666,bitmex,SOL/USDT:USDT,184.88,594000.0,184.86,52000.0,184.9,14000.0,184.93,113000.0
1753769371715,06:09:31.715,bitmex,SOL/USDT:USDT,184.88,594000.0,184.86,52000.0,184.9,14000.0,184.93,113000.0
1753769371764,06:09:31.764,bitmex,SOL/USDT:USDT,184.88,594000.0,184.86,52000.0,184.9,14000.0,184.93,113000.0
1753769371813,06:09:31.813,bitmex,SOL/USDT:USDT,184.88,594000.0,184.86,29000.0,184.89,14000.0,184.93,62000.0
1753769371862,06:09:31.862,bitmex,SOL/USDT:USDT,184.88,578000.0,184.86,29000.0,184.89,14000.0,184.91,113000.0
1753769372009,06:09:32.009,bitmex,SOL/USDT:USDT,184.88,578000.0,184.86,29000.0,184.89,14000.0,184.91,113000.0
1753769372308,06:09:32.308,bitmex,SOL/USDT:USDT,184.88,578000.0,184.86,29000.0,184.89,14000.0,184.91,113000.0
1753769372511,06:09:32.511,bitmex,SOL/USDT:USDT,184.86,45000.0,184.85,170000.0,184.88,33000.0,184.9,113000.0
1753769372560,06:09:32.560,bitmex,SOL/USDT:USDT,184.86,623000.0,184.85,170000.0,184.88,33000.0,184.9,113000.0
1753769372609,06:09:32.609,bitmex,SOL/USDT:USDT,184.86,623000.0,184.85,170000.0,184.88,33000.0,184.9,113000.0
1753769372730,06:09:32.730,bitmex,SOL/USDT:USDT,184.86,623000.0,184.85,199000.0,184.88,33000.0,184.9,113000.0
1753769372779,06:09:32.779,bitmex,SOL/USDT:USDT,184.86,623000.0,184.85,294000.0,184.88,33000.0,184.9,113000.0
1753769372990,06:09:32.990,bitmex,SOL/USDT:USDT,184.86,623000.0,184.85,294000.0,184.88,33000.0,184.9,113000.0
1753769373150,06:09:33.150,bitmex,SOL/USDT:USDT,184.87,16000.0,184.86,607000.0,184.88,14000.0,184.9,113000.0
1753769373345,06:09:33.345,bitmex,SOL/USDT:USDT,184.86,607000.0,184.85,170000.0,184.88,14000.0,184.9,113000.0
1753769373395,06:09:33.395,bitmex,SOL/USDT:USDT,184.86,623000.0,184.85,170000.0,184.88,14000.0,184.9,113000.0
1753769373444,06:09:33.444,bitmex,SOL/USDT:USDT,184.86,623000.0,184.85,170000.0,184.88,14000.0,184.9,113000.0
1753769373493,06:09:33.493,bitmex,SOL/USDT:USDT,184.86,623000.0,184.85,170000.0,184.88,14000.0,184.9,113000.0
1753769373571,06:09:33.571,bitmex,SOL/USDT:USDT,184.86,623000.0,184.85,170000.0,184.88,14000.0,184.9,113000.0
1753769373620,06:09:33.620,bitmex,SOL/USDT:USDT,184.86,623000.0,184.85,170000.0,184.88,14000.0,184.9,113000.0
1753769373669,06:09:33.669,bitmex,SOL/USDT:USDT,184.86,623000.0,184.85,170000.0,184.88,14000.0,184.9,113000.0
1753769373718,06:09:33.718,bitmex,SOL/USDT:USDT,184.86,623000.0,184.85,170000.0,184.88,14000.0,184.9,113000.0
1753769374021,06:09:34.021,bitmex,SOL/USDT:USDT,184.86,623000.0,184.85,170000.0,184.88,14000.0,184.9,113000.0
1753769374070,06:09:34.070,bitmex,SOL/USDT:USDT,184.86,623000.0,184.85,170000.0,184.88,14000.0,184.9,113000.0
1753769374119,06:09:34.119,bitmex,SOL/USDT:USDT,184.86,623000.0,184.85,170000.0,184.88,14000.0,184.9,113000.0
1753769374168,06:09:34.168,bitmex,SOL/USDT:USDT,184.86,623000.0,184.85,170000.0,184.88,14000.0,184.9,113000.0
1753769374688,06:09:34.688,bitmex,SOL/USDT:USDT,184.86,578000.0,184.85,170000.0,184.87,14000.0,184.9,136000.0
1753769374737,06:09:34.737,bitmex,SOL/USDT:USDT,184.86,578000.0,184.85,170000.0,184.87,14000.0,184.9,136000.0
1753769374786,06:09:34.786,bitmex,SOL/USDT:USDT,184.86,578000.0,184.85,170000.0,184.87,14000.0,184.9,136000.0
1753769374835,06:09:34.835,bitmex,SOL/USDT:USDT,184.86,578000.0,184.85,170000.0,184.87,14000.0,184.9,136000.0
1753769374884,06:09:34.884,bitmex,SOL/USDT:USDT,184.86,594000.0,184.85,170000.0,184.87,14000.0,184.9,136000.0
1753769375013,06:09:35.013,bitmex,SOL/USDT:USDT,184.86,594000.0,184.85,170000.0,184.87,14000.0,184.9,136000.0
1753769375063,06:09:35.063,bitmex,SOL/USDT:USDT,184.86,594000.0,184.85,170000.0,184.87,14000.0,184.9,136000.0
1753769375161,06:09:35.161,bitmex,SOL/USDT:USDT,184.86,578000.0,184.85,170000.0,184.87,14000.0,184.9,113000.0
1753769375210,06:09:35.210,bitmex,SOL/USDT:USDT,184.86,578000.0,184.85,170000.0,184.87,14000.0,184.9,113000.0
1753769375259,06:09:35.259,bitmex,SOL/USDT:USDT,184.86,578000.0,184.85,170000.0,184.87,14000.0,184.9,113000.0
1753769375323,06:09:35.323,bitmex,SOL/USDT:USDT,184.86,578000.0,184.85,170000.0,184.87,14000.0,184.9,113000.0
1753769375380,06:09:35.380,bitmex,SOL/USDT:USDT,184.86,594000.0,184.85,170000.0,184.87,14000.0,184.9,113000.0
1753769375430,06:09:35.430,bitmex,SOL/USDT:USDT,184.86,594000.0,184.85,170000.0,184.87,14000.0,184.9,113000.0
1753769375479,06:09:35.479,bitmex,SOL/USDT:USDT,184.86,594000.0,184.85,170000.0,184.87,14000.0,184.9,113000.0
1753769375739,06:09:35.739,bitmex,SOL/USDT:USDT,184.86,594000.0,184.85,170000.0,184.87,14000.0,184.9,113000.0
1753769375788,06:09:35.788,bitmex,SOL/USDT:USDT,184.86,594000.0,184.85,170000.0,184.87,14000.0,184.9,113000.0
1753769375840,06:09:35.840,bitmex,SOL/USDT:USDT,184.86,578000.0,184.85,170000.0,184.87,14000.0,184.9,113000.0
1753769375913,06:09:35.913,bitmex,SOL/USDT:USDT,184.86,578000.0,184.85,170000.0,184.87,14000.0,184.9,113000.0
1753769375963,06:09:35.963,bitmex,SOL/USDT:USDT,184.86,578000.0,184.85,170000.0,184.87,14000.0,184.9,113000.0
1753769376012,06:09:36.012,bitmex,SOL/USDT:USDT,184.86,578000.0,184.85,170000.0,184.87,14000.0,184.9,113000.0
1753769376061,06:09:36.061,bitmex,SOL/USDT:USDT,184.86,578000.0,184.85,170000.0,184.87,14000.0,184.9,113000.0
1753769376159,06:09:36.159,bitmex,SOL/USDT:USDT,184.86,578000.0,184.85,170000.0,184.87,14000.0,184.9,113000.0
1753769376208,06:09:36.208,bitmex,SOL/USDT:USDT,184.86,578000.0,184.85,170000.0,184.87,14000.0,184.9,113000.0
1753769376563,06:09:36.563,bitmex,SOL/USDT:USDT,184.86,578000.0,184.85,170000.0,184.87,14000.0,184.9,113000.0
1753769376661,06:09:36.661,bitmex,SOL/USDT:USDT,184.86,578000.0,184.85,170000.0,184.87,14000.0,184.9,113000.0
1753769376769,06:09:36.769,bitmex,SOL/USDT:USDT,184.86,578000.0,184.85,170000.0,184.87,14000.0,184.9,113000.0
1753769376818,06:09:36.818,bitmex,SOL/USDT:USDT,184.86,578000.0,184.85,170000.0,184.87,14000.0,184.9,113000.0
1753769377097,06:09:37.097,bitmex,SOL/USDT:USDT,184.86,578000.0,184.85,170000.0,184.87,14000.0,184.9,113000.0
1753769377183,06:09:37.183,bitmex,SOL/USDT:USDT,184.86,578000.0,184.85,170000.0,184.87,14000.0,184.9,113000.0
1753769377232,06:09:37.232,bitmex,SOL/USDT:USDT,184.86,578000.0,184.85,170000.0,184.87,14000.0,184.89,20000.0
1753769377374,06:09:37.374,bitmex,SOL/USDT:USDT,184.86,578000.0,184.85,170000.0,184.87,14000.0,184.89,20000.0
1753769377473,06:09:37.473,bitmex,SOL/USDT:USDT,184.86,578000.0,184.85,146000.0,184.87,14000.0,184.89,43000.0
1753769377523,06:09:37.523,bitmex,SOL/USDT:USDT,184.86,578000.0,184.85,146000.0,184.87,14000.0,184.89,43000.0
1753769377572,06:09:37.572,bitmex,SOL/USDT:USDT,184.86,578000.0,184.85,146000.0,184.87,14000.0,184.89,43000.0
1753769377621,06:09:37.621,bitmex,SOL/USDT:USDT,184.86,578000.0,184.85,146000.0,184.87,14000.0,184.89,20000.0
1753769377699,06:09:37.699,bitmex,SOL/USDT:USDT,184.86,578000.0,184.85,146000.0,184.87,14000.0,184.89,20000.0
1753769377749,06:09:37.749,bitmex,SOL/USDT:USDT,184.86,578000.0,184.85,146000.0,184.87,14000.0,184.89,20000.0
1753769378012,06:09:38.012,bitmex,SOL/USDT:USDT,184.86,578000.0,184.85,146000.0,184.87,14000.0,184.89,20000.0
1753769378062,06:09:38.062,bitmex,SOL/USDT:USDT,184.86,578000.0,184.85,146000.0,184.87,14000.0,184.89,20000.0
1753769378226,06:09:38.226,bitmex,SOL/USDT:USDT,184.86,578000.0,184.85,146000.0,184.87,14000.0,184.89,20000.0
1753769378325,06:09:38.325,bitmex,SOL/USDT:USDT,184.86,623000.0,184.85,146000.0,184.88,14000.0,184.89,20000.0
1753769378374,06:09:38.374,bitmex,SOL/USDT:USDT,184.86,623000.0,184.85,146000.0,184.88,14000.0,184.89,20000.0
1753769378423,06:09:38.423,bitmex,SOL/USDT:USDT,184.86,623000.0,184.85,146000.0,184.88,14000.0,184.89,20000.0
1753769378472,06:09:38.472,bitmex,SOL/USDT:USDT,184.86,578000.0,184.85,146000.0,184.87,14000.0,184.89,20000.0
1753769378577,06:09:38.577,bitmex,SOL/USDT:USDT,184.86,578000.0,184.85,146000.0,184.87,14000.0,184.89,20000.0
1753769378626,06:09:38.626,bitmex,SOL/USDT:USDT,184.86,578000.0,184.85,146000.0,184.87,14000.0,184.89,20000.0
1753769378676,06:09:38.676,bitmex,SOL/USDT:USDT,184.86,578000.0,184.85,146000.0,184.87,14000.0,184.89,20000.0
1753769378842,06:09:38.842,bitmex,SOL/USDT:USDT,184.86,578000.0,184.85,146000.0,184.87,14000.0,184.89,43000.0
1753769378892,06:09:38.892,bitmex,SOL/USDT:USDT,184.86,578000.0,184.85,146000.0,184.87,14000.0,184.89,43000.0
1753769378941,06:09:38.941,bitmex,SOL/USDT:USDT,184.86,578000.0,184.85,146000.0,184.87,33000.0,184.89,72000.0
1753769378990,06:09:38.990,bitmex,SOL/USDT:USDT,184.85,146000.0,184.81,1066000.0,184.86,33000.0,184.88,113000.0
1753769379040,06:09:39.040,bitmex,SOL/USDT:USDT,184.85,146000.0,184.82,27000.0,184.86,33000.0,184.88,113000.0
1753769379089,06:09:39.089,bitmex,SOL/USDT:USDT,184.85,146000.0,184.84,578000.0,184.86,33000.0,184.88,113000.0
1753769379191,06:09:39.191,bitmex,SOL/USDT:USDT,184.85,146000.0,184.84,578000.0,184.86,33000.0,184.88,113000.0
1753769379240,06:09:39.240,bitmex,SOL/USDT:USDT,184.85,146000.0,184.84,578000.0,184.86,33000.0,184.88,113000.0
1753769379289,06:09:39.289,bitmex,SOL/USDT:USDT,184.85,146000.0,184.84,578000.0,184.86,33000.0,184.88,113000.0
1753769379613,06:09:39.613,bitmex,SOL/USDT:USDT,184.85,146000.0,184.82,29000.0,184.86,33000.0,184.88,113000.0
1753769379662,06:09:39.662,bitmex,SOL/USDT:USDT,184.85,146000.0,184.82,29000.0,184.86,33000.0,184.88,113000.0
1753769379711,06:09:39.711,bitmex,SOL/USDT:USDT,184.85,146000.0,184.82,29000.0,184.86,33000.0,184.88,113000.0
1753769379760,06:09:39.760,bitmex,SOL/USDT:USDT,184.83,578000.0,184.82,29000.0,184.86,33000.0,184.88,113000.0
1753769379809,06:09:39.809,bitmex,SOL/USDT:USDT,184.83,578000.0,184.82,29000.0,184.84,33000.0,184.86,19000.0
1753769379858,06:09:39.858,bitmex,SOL/USDT:USDT,184.83,578000.0,184.82,29000.0,184.84,33000.0,184.86,19000.0
1753769379907,06:09:39.907,bitmex,SOL/USDT:USDT,184.83,578000.0,184.82,29000.0,184.84,33000.0,184.86,19000.0
1753769379956,06:09:39.956,bitmex,SOL/USDT:USDT,184.83,578000.0,184.82,29000.0,184.84,33000.0,184.86,19000.0
1753769380005,06:09:40.005,bitmex,SOL/USDT:USDT,184.83,594000.0,184.82,29000.0,184.84,33000.0,184.86,19000.0
1753769380054,06:09:40.054,bitmex,SOL/USDT:USDT,184.83,594000.0,184.82,29000.0,184.86,19000.0,184.88,113000.0
1753769380103,06:09:40.103,bitmex,SOL/USDT:USDT,184.83,594000.0,184.82,29000.0,184.84,14000.0,184.87,142000.0
1753769380152,06:09:40.152,bitmex,SOL/USDT:USDT,184.83,594000.0,184.82,29000.0,184.86,14000.0,184.89,1467000.0
1753769380201,06:09:40.201,bitmex,SOL/USDT:USDT,184.83,594000.0,184.82,29000.0,184.87,113000.0,184.89,1467000.0
1753769380250,06:09:40.250,bitmex,SOL/USDT:USDT,184.83,594000.0,184.82,29000.0,184.85,33000.0,184.87,113000.0
1753769380299,06:09:40.299,bitmex,SOL/USDT:USDT,184.83,594000.0,184.82,29000.0,184.85,19000.0,184.87,113000.0
1753769380348,06:09:40.348,bitmex,SOL/USDT:USDT,184.83,578000.0,184.82,29000.0,184.84,14000.0,184.87,113000.0
1753769380397,06:09:40.397,bitmex,SOL/USDT:USDT,184.83,578000.0,184.82,29000.0,184.84,14000.0,184.87,113000.0
1753769380475,06:09:40.475,bitmex,SOL/USDT:USDT,184.83,578000.0,184.82,29000.0,184.84,14000.0,184.87,113000.0
1753769380658,06:09:40.658,bitmex,SOL/USDT:USDT,184.83,578000.0,184.82,29000.0,184.87,113000.0,184.89,1494000.0
1753769380708,06:09:40.708,bitmex,SOL/USDT:USDT,184.83,578000.0,184.82,29000.0,184.84,14000.0,184.87,113000.0
1753769380757,06:09:40.757,bitmex,SOL/USDT:USDT,184.83,578000.0,184.82,29000.0,184.84,14000.0,184.87,113000.0
1753769380904,06:09:40.904,bitmex,SOL/USDT:USDT,184.83,594000.0,184.82,29000.0,184.86,14000.0,184.88,113000.0
1753769381002,06:09:41.002,bitmex,SOL/USDT:USDT,184.84,194000.0,184.83,578000.0,184.86,14000.0,184.88,113000.0
1753769381100,06:09:41.100,bitmex,SOL/USDT:USDT,184.84,194000.0,184.83,578000.0,184.86,14000.0,184.88,113000.0
1753769381214,06:09:41.214,bitmex,SOL/USDT:USDT,184.84,194000.0,184.83,578000.0,184.86,14000.0,184.88,113000.0
1753769381263,06:09:41.263,bitmex,SOL/USDT:USDT,184.84,194000.0,184.83,578000.0,184.85,14000.0,184.88,113000.0
1753769381313,06:09:41.313,bitmex,SOL/USDT:USDT,184.83,594000.0,184.82,29000.0,184.85,14000.0,184.87,113000.0
1753769381362,06:09:41.362,bitmex,SOL/USDT:USDT,184.83,594000.0,184.82,29000.0,184.85,14000.0,184.87,113000.0
1753769381427,06:09:41.427,bitmex,SOL/USDT:USDT,184.83,594000.0,184.82,29000.0,184.85,14000.0,184.87,113000.0
1753769381575,06:09:41.575,bitmex,SOL/USDT:USDT,184.84,16000.0,184.83,578000.0,184.85,14000.0,184.87,113000.0
1753769381742,06:09:41.742,bitmex,SOL/USDT:USDT,184.84,16000.0,184.83,578000.0,184.85,14000.0,184.87,113000.0
1753769381791,06:09:41.791,bitmex,SOL/USDT:USDT,184.84,16000.0,184.83,578000.0,184.85,14000.0,184.87,113000.0
1753769381926,06:09:41.926,bitmex,SOL/USDT:USDT,184.84,16000.0,184.83,578000.0,184.85,14000.0,184.87,113000.0
1753769381976,06:09:41.976,bitmex,SOL/USDT:USDT,184.84,16000.0,184.83,578000.0,184.85,14000.0,184.87,113000.0
1753769382025,06:09:42.025,bitmex,SOL/USDT:USDT,184.83,578000.0,184.82,29000.0,184.85,14000.0,184.87,113000.0
1753769382222,06:09:42.222,bitmex,SOL/USDT:USDT,184.83,35000.0,184.79,23000.0,184.86,14000.0,184.88,6530000.0
1753769382320,06:09:42.320,bitmex,SOL/USDT:USDT,184.84,19000.0,184.81,113000.0,184.85,14000.0,184.88,6530000.0
1753769382418,06:09:42.418,bitmex,SOL/USDT:USDT,184.84,19000.0,184.82,29000.0,184.85,14000.0,184.88,6531000.0
1753769382467,06:09:42.467,bitmex,SOL/USDT:USDT,184.84,19000.0,184.82,29000.0,184.85,14000.0,184.88,6531000.0
1753769382565,06:09:42.565,bitmex,SOL/USDT:USDT,184.84,19000.0,184.82,29000.0,184.85,14000.0,184.88,578000.0
1753769382849,06:09:42.849,bitmex,SOL/USDT:USDT,184.84,19000.0,184.82,29000.0,184.85,14000.0,184.88,578000.0
1753769383083,06:09:43.083,bitmex,SOL/USDT:USDT,184.84,19000.0,184.82,29000.0,184.85,14000.0,184.88,578000.0
1753769383133,06:09:43.133,bitmex,SOL/USDT:USDT,184.84,19000.0,184.82,29000.0,184.85,14000.0,184.88,578000.0
1753769383182,06:09:43.182,bitmex,SOL/USDT:USDT,184.84,19000.0,184.82,29000.0,184.85,14000.0,184.87,173000.0
1753769383326,06:09:43.326,bitmex,SOL/USDT:USDT,184.82,29000.0,184.81,113000.0,184.85,14000.0,184.87,173000.0
1753769383376,06:09:43.376,bitmex,SOL/USDT:USDT,184.82,16000.0,184.8,177000.0,184.85,14000.0,184.87,173000.0
1753769383425,06:09:43.425,bitmex,SOL/USDT:USDT,184.82,16000.0,184.81,29000.0,184.85,14000.0,184.87,173000.0
1753769383683,06:09:43.683,bitmex,SOL/USDT:USDT,184.82,16000.0,184.81,29000.0,184.85,14000.0,184.87,173000.0
1753769383732,06:09:43.732,bitmex,SOL/USDT:USDT,184.82,16000.0,184.81,29000.0,184.85,14000.0,184.87,173000.0
1753769383781,06:09:43.781,bitmex,SOL/USDT:USDT,184.82,16000.0,184.81,29000.0,184.85,14000.0,184.87,173000.0
1753769383830,06:09:43.830,bitmex,SOL/USDT:USDT,184.82,16000.0,184.81,29000.0,184.85,14000.0,184.87,173000.0
1753769383904,06:09:43.904,bitmex,SOL/USDT:USDT,184.82,16000.0,184.81,29000.0,184.85,14000.0,184.87,173000.0
1753769383954,06:09:43.954,bitmex,SOL/USDT:USDT,184.82,16000.0,184.81,29000.0,184.85,14000.0,184.86,27000.0
1753769384017,06:09:44.017,bitmex,SOL/USDT:USDT,184.82,40000.0,184.81,29000.0,184.85,14000.0,184.86,27000.0
1753769384067,06:09:44.067,bitmex,SOL/USDT:USDT,184.82,40000.0,184.81,29000.0,184.85,14000.0,184.86,27000.0
1753769384116,06:09:44.116,bitmex,SOL/USDT:USDT,184.82,40000.0,184.81,29000.0,184.85,14000.0,184.86,27000.0
1753769384165,06:09:44.165,bitmex,SOL/USDT:USDT,184.82,40000.0,184.81,29000.0,184.85,14000.0,184.86,27000.0
1753769384225,06:09:44.225,bitmex,SOL/USDT:USDT,184.82,40000.0,184.81,29000.0,184.86,27000.0,184.87,173000.0
1753769384275,06:09:44.275,bitmex,SOL/USDT:USDT,184.84,35000.0,184.82,53000.0,184.86,14000.0,184.87,173000.0
1753769384324,06:09:44.324,bitmex,SOL/USDT:USDT,184.84,35000.0,184.82,53000.0,184.86,14000.0,184.88,607000.0
1753769384373,06:09:44.373,bitmex,SOL/USDT:USDT,184.84,35000.0,184.82,53000.0,184.86,14000.0,184.88,607000.0
1753769384466,06:09:44.466,bitmex,SOL/USDT:USDT,184.84,35000.0,184.82,53000.0,184.88,607000.0,184.89,1142000.0
1753769384515,06:09:44.515,bitmex,SOL/USDT:USDT,184.84,35000.0,184.82,29000.0,184.85,14000.0,184.88,607000.0
1753769384610,06:09:44.610,bitmex,SOL/USDT:USDT,184.84,35000.0,184.82,53000.0,184.85,14000.0,184.88,607000.0
1753769384708,06:09:44.708,bitmex,SOL/USDT:USDT,184.84,35000.0,184.82,53000.0,184.88,607000.0,184.89,1119000.0
1753769384759,06:09:44.759,bitmex,SOL/USDT:USDT,184.84,35000.0,184.82,53000.0,184.87,14000.0,184.88,607000.0
1753769384894,06:09:44.894,bitmex,SOL/USDT:USDT,184.84,35000.0,184.82,53000.0,184.87,14000.0,184.88,607000.0
1753769384944,06:09:44.944,bitmex,SOL/USDT:USDT,184.84,35000.0,184.82,53000.0,184.87,14000.0,184.88,607000.0
1753769385340,06:09:45.340,bitmex,SOL/USDT:USDT,184.84,35000.0,184.82,53000.0,184.87,14000.0,184.88,607000.0
1753769385389,06:09:45.389,bitmex,SOL/USDT:USDT,184.84,35000.0,184.82,53000.0,184.87,14000.0,184.88,607000.0
1753769385438,06:09:45.438,bitmex,SOL/USDT:USDT,184.84,35000.0,184.82,53000.0,184.87,14000.0,184.88,607000.0
1753769385487,06:09:45.487,bitmex,SOL/USDT:USDT,184.84,35000.0,184.82,53000.0,184.87,14000.0,184.88,607000.0
1753769385601,06:09:45.601,bitmex,SOL/USDT:USDT,184.84,16000.0,184.82,53000.0,184.87,14000.0,184.88,607000.0
1753769385808,06:09:45.808,bitmex,SOL/USDT:USDT,184.84,16000.0,184.82,53000.0,184.87,14000.0,184.88,607000.0
1753769386136,06:09:46.136,bitmex,SOL/USDT:USDT,184.84,16000.0,184.82,53000.0,184.87,14000.0,184.88,607000.0
1753769386186,06:09:46.186,bitmex,SOL/USDT:USDT,184.84,16000.0,184.82,53000.0,184.87,14000.0,184.88,607000.0
1753769386271,06:09:46.271,bitmex,SOL/USDT:USDT,184.84,16000.0,184.82,53000.0,184.87,14000.0,184.88,607000.0
1753769386391,06:09:46.391,bitmex,SOL/USDT:USDT,184.84,16000.0,184.82,53000.0,184.87,14000.0,184.88,607000.0
1753769386441,06:09:46.441,bitmex,SOL/USDT:USDT,184.84,16000.0,184.82,29000.0,184.87,14000.0,184.88,607000.0
1753769386490,06:09:46.490,bitmex,SOL/USDT:USDT,184.83,16000.0,184.8,177000.0,184.87,187000.0,184.88,1353000.0
1753769386539,06:09:46.539,bitmex,SOL/USDT:USDT,184.83,19000.0,184.82,19000.0,184.87,187000.0,184.88,1353000.0
1753769386588,06:09:46.588,bitmex,SOL/USDT:USDT,184.84,19000.0,184.83,16000.0,184.87,187000.0,184.88,1353000.0
1753769386637,06:09:46.637,bitmex,SOL/USDT:USDT,184.84,35000.0,184.82,29000.0,184.87,187000.0,184.88,1353000.0
1753769386686,06:09:46.686,bitmex,SOL/USDT:USDT,184.84,35000.0,184.82,29000.0,184.87,187000.0,184.88,1353000.0
1753769387125,06:09:47.125,bitmex,SOL/USDT:USDT,184.84,16000.0,184.82,29000.0,184.87,187000.0,184.88,1353000.0
1753769387186,06:09:47.186,bitmex,SOL/USDT:USDT,184.84,16000.0,184.82,29000.0,184.87,187000.0,184.88,1353000.0
1753769387235,06:09:47.235,bitmex,SOL/USDT:USDT,184.84,16000.0,184.82,29000.0,184.87,187000.0,184.88,1353000.0
1753769387284,06:09:47.284,bitmex,SOL/USDT:USDT,184.8,177000.0,184.79,630000.0,184.87,187000.0,184.88,1353000.0
1753769387333,06:09:47.333,bitmex,SOL/USDT:USDT,184.84,19000.0,184.83,16000.0,184.87,187000.0,184.88,1353000.0
1753769387382,06:09:47.382,bitmex,SOL/USDT:USDT,184.84,19000.0,184.83,16000.0,184.87,187000.0,184.88,1353000.0
1753769387431,06:09:47.431,bitmex,SOL/USDT:USDT,184.84,35000.0,184.82,29000.0,184.87,187000.0,184.88,1353000.0
1753769387500,06:09:47.500,bitmex,SOL/USDT:USDT,184.84,35000.0,184.82,29000.0,184.87,187000.0,184.88,1353000.0
1753769387599,06:09:47.599,bitmex,SOL/USDT:USDT,184.84,19000.0,184.83,16000.0,184.87,187000.0,184.88,1894000.0
1753769387648,06:09:47.648,bitmex,SOL/USDT:USDT,184.84,19000.0,184.83,16000.0,184.87,187000.0,184.88,1894000.0
1753769387697,06:09:47.697,bitmex,SOL/USDT:USDT,184.84,35000.0,184.82,29000.0,184.87,187000.0,184.88,1894000.0
1753769387922,06:09:47.922,bitmex,SOL/USDT:USDT,184.84,35000.0,184.82,53000.0,184.87,187000.0,184.88,1894000.0
1753769387971,06:09:47.971,bitmex,SOL/USDT:USDT,184.84,35000.0,184.82,53000.0,184.87,187000.0,184.88,1894000.0
1753769388020,06:09:48.020,bitmex,SOL/USDT:USDT,184.84,35000.0,184.82,53000.0,184.87,14000.0,184.88,1894000.0
1753769388118,06:09:48.118,bitmex,SOL/USDT:USDT,184.84,35000.0,184.82,53000.0,184.87,14000.0,184.88,1894000.0
