timestamp,time,exchange,symbol,bid1_price,bid1_volume,bid2_price,bid2_volume,ask1_price,ask1_volume,ask2_price,ask2_volume
1753769527293,06:12:07.293,coincatch,XRP/USDT:USDT,3.1397,17441.0,3.1396,15412.0,3.1398,9287.0,3.1399,9233.0
1753769527594,06:12:07.594,coincatch,XRP/USDT:USDT,3.1397,18029.0,3.1396,15412.0,3.1398,10413.0,3.1399,9699.0
1753769528194,06:12:08.194,coincatch,XRP/USDT:USDT,3.1397,18279.0,3.1396,17049.0,3.1398,9536.0,3.1399,9341.0
1753769528794,06:12:08.794,coincatch,XRP/USDT:USDT,3.1397,17670.0,3.1396,17407.0,3.1398,13693.0,3.1399,12897.0
1753769529095,06:12:09.095,coincatch,XRP/USDT:USDT,3.1397,10224.0,3.1396,14527.0,3.1398,23191.0,3.1399,17402.0
1753769529695,06:12:09.695,coincatch,XRP/USDT:USDT,3.1397,12440.0,3.1396,14273.0,3.1398,21485.0,3.1399,14373.0
1753769529995,06:12:09.995,coincatch,XRP/USDT:USDT,3.1397,10464.0,3.1396,14273.0,3.1398,21195.0,3.1399,14373.0
1753769530295,06:12:10.295,coincatch,XRP/USDT:USDT,3.1397,12782.0,3.1396,15023.0,3.1398,20856.0,3.1399,14268.0
1753769530596,06:12:10.596,coincatch,XRP/USDT:USDT,3.1397,12975.0,3.1396,15149.0,3.1398,13787.0,3.1399,13372.0
1753769531496,06:12:11.496,coincatch,XRP/USDT:USDT,3.1401,49414.0,3.14,70915.0,3.1402,16467.0,3.1403,17941.0
1753769531796,06:12:11.796,coincatch,XRP/USDT:USDT,3.1401,49900.0,3.14,69821.0,3.1402,19964.0,3.1403,19912.0
1753769532096,06:12:12.096,coincatch,XRP/USDT:USDT,3.1401,50621.0,3.14,75623.0,3.1402,16202.0,3.1403,17562.0
1753769532397,06:12:12.397,coincatch,XRP/USDT:USDT,3.1401,42107.0,3.14,68301.0,3.1402,21656.0,3.1403,18059.0
1753769532697,06:12:12.697,coincatch,XRP/USDT:USDT,3.1401,8032.0,3.14,11135.0,3.1402,28506.0,3.1403,27678.0
1753769533597,06:12:13.597,coincatch,XRP/USDT:USDT,3.1401,20184.0,3.14,18506.0,3.1402,20966.0,3.1403,24018.0
1753769533898,06:12:13.898,coincatch,XRP/USDT:USDT,3.1401,20882.0,3.14,18506.0,3.1402,21039.0,3.1403,24018.0
1753769534198,06:12:14.198,coincatch,XRP/USDT:USDT,3.1401,24669.0,3.14,27017.0,3.1402,19825.0,3.1403,22211.0
1753769534498,06:12:14.498,coincatch,XRP/USDT:USDT,3.1401,24862.0,3.14,27709.0,3.1402,16299.0,3.1403,21017.0
1753769535999,06:12:15.999,coincatch,XRP/USDT:USDT,3.1401,22097.0,3.14,27448.0,3.1402,14004.0,3.1403,19679.0
1753769536299,06:12:16.299,coincatch,XRP/USDT:USDT,3.1401,21970.0,3.14,27735.0,3.1402,12706.0,3.1403,19679.0
1753769536599,06:12:16.599,coincatch,XRP/USDT:USDT,3.1401,26479.0,3.14,28248.0,3.1402,11337.0,3.1403,19571.0
1753769536900,06:12:16.900,coincatch,XRP/USDT:USDT,3.1401,26479.0,3.14,28248.0,3.1402,10906.0,3.1403,19571.0
1753769538100,06:12:18.100,coincatch,XRP/USDT:USDT,3.1406,53842.0,3.1405,69812.0,3.1407,6332.0,3.1408,9527.0
1753769538701,06:12:18.701,coincatch,XRP/USDT:USDT,3.1406,43673.0,3.1405,47433.0,3.1407,6800.0,3.1408,21357.0
1753769539301,06:12:19.301,coincatch,XRP/USDT:USDT,3.1403,33472.0,3.1402,20373.0,3.1407,10398.0,3.1408,7740.0
1753769539601,06:12:19.601,coincatch,XRP/USDT:USDT,3.1406,61494.0,3.1405,57083.0,3.1407,6883.0,3.1408,15425.0
1753769541102,06:12:21.102,coincatch,XRP/USDT:USDT,3.1408,77367.0,3.1407,53934.0,3.1409,2643.0,3.141,10789.0
1753769541402,06:12:21.402,coincatch,XRP/USDT:USDT,3.1408,74701.0,3.1407,53934.0,3.1409,2643.0,3.141,10801.0
1753769542003,06:12:22.003,coincatch,XRP/USDT:USDT,3.1409,68348.0,3.1408,63742.0,3.141,5884.0,3.1411,8898.0
1753769542603,06:12:22.603,coincatch,XRP/USDT:USDT,3.1406,9955.0,3.1405,13373.0,3.1407,21078.0,3.1408,25324.0
1753769543203,06:12:23.203,coincatch,XRP/USDT:USDT,3.1406,11970.0,3.1405,17898.0,3.1407,3344.0,3.1408,10669.0
1753769543804,06:12:23.804,coincatch,XRP/USDT:USDT,3.1406,13725.0,3.1405,17403.0,3.1407,5539.0,3.1408,11371.0
1753769544104,06:12:24.104,coincatch,XRP/USDT:USDT,3.1406,13639.0,3.1405,16361.0,3.1407,5539.0,3.1408,12390.0
1753769544704,06:12:24.704,coincatch,XRP/USDT:USDT,3.1406,8774.0,3.1405,17797.0,3.1407,6567.0,3.1408,16362.0
1753769545005,06:12:25.005,coincatch,XRP/USDT:USDT,3.1406,8863.0,3.1405,17797.0,3.1407,6435.0,3.1408,15931.0
1753769545305,06:12:25.305,coincatch,XRP/USDT:USDT,3.1406,9042.0,3.1405,17827.0,3.1408,3264.0,3.1409,15815.0
1753769545605,06:12:25.605,coincatch,XRP/USDT:USDT,3.1407,33612.0,3.1406,16723.0,3.1408,13337.0,3.1409,12297.0
1753769545905,06:12:25.905,coincatch,XRP/USDT:USDT,3.1407,33656.0,3.1406,16810.0,3.1408,13272.0,3.1409,12297.0
1753769547406,06:12:27.406,coincatch,XRP/USDT:USDT,3.1407,12832.0,3.1406,13281.0,3.1408,22642.0,3.1409,9396.0
1753769547706,06:12:27.706,coincatch,XRP/USDT:USDT,3.1407,15515.0,3.1406,10913.0,3.1408,21944.0,3.1409,9396.0
1753769548607,06:12:28.607,coincatch,XRP/USDT:USDT,3.1407,17451.0,3.1406,10938.0,3.1408,15203.0,3.1409,10892.0
1753769549207,06:12:29.207,coincatch,XRP/USDT:USDT,3.1407,14835.0,3.1406,10448.0,3.1408,16628.0,3.1409,11942.0
1753769550108,06:12:30.108,coincatch,XRP/USDT:USDT,3.1407,12981.0,3.1406,8845.0,3.1408,19489.0,3.1409,5859.0
1753769552509,06:12:32.509,coincatch,XRP/USDT:USDT,3.1417,54740.0,3.1416,69390.0,3.1418,13216.0,3.1419,12238.0
1753769552809,06:12:32.809,coincatch,XRP/USDT:USDT,3.1417,42529.0,3.1416,59549.0,3.1418,18390.0,3.1419,12685.0
1753769554010,06:12:34.010,coincatch,XRP/USDT:USDT,3.1419,73781.0,3.1418,70314.0,3.142,8515.0,3.1421,11213.0
1753769554310,06:12:34.310,coincatch,XRP/USDT:USDT,3.1419,73781.0,3.1418,70314.0,3.142,10742.0,3.1421,11213.0
1753769554910,06:12:34.910,coincatch,XRP/USDT:USDT,3.142,82263.0,3.1419,51260.0,3.1421,5663.0,3.1422,15442.0
1753769555211,06:12:35.211,coincatch,XRP/USDT:USDT,3.142,83510.0,3.1419,51260.0,3.1422,4266.0,3.1423,13550.0
1753769555511,06:12:35.511,coincatch,XRP/USDT:USDT,3.1421,54814.0,3.142,67714.0,3.1422,16669.0,3.1423,13728.0
1753769556111,06:12:36.111,coincatch,XRP/USDT:USDT,3.1421,10433.0,3.142,27171.0,3.1422,22918.0,3.1423,16632.0
1753769557012,06:12:37.012,coincatch,XRP/USDT:USDT,3.1421,17060.0,3.142,21335.0,3.1422,23235.0,3.1423,18330.0
1753769557912,06:12:37.912,coincatch,XRP/USDT:USDT,3.1421,19731.0,3.142,23037.0,3.1422,21741.0,3.1423,17821.0
1753769558212,06:12:38.212,coincatch,XRP/USDT:USDT,3.1421,19873.0,3.142,21616.0,3.1422,21887.0,3.1423,17821.0
1753769558512,06:12:38.512,coincatch,XRP/USDT:USDT,3.1421,19828.0,3.142,18103.0,3.1422,24460.0,3.1423,18671.0
1753769558813,06:12:38.813,coincatch,XRP/USDT:USDT,3.1421,20093.0,3.142,18103.0,3.1422,25216.0,3.1423,18671.0
1753769559113,06:12:39.113,coincatch,XRP/USDT:USDT,3.1421,19937.0,3.142,17973.0,3.1422,26461.0,3.1423,19101.0
1753769559413,06:12:39.413,coincatch,XRP/USDT:USDT,3.1421,19937.0,3.142,18091.0,3.1422,26461.0,3.1423,19060.0
1753769559713,06:12:39.713,coincatch,XRP/USDT:USDT,3.1421,14125.0,3.142,8683.0,3.1422,28338.0,3.1423,20150.0
1753769560314,06:12:40.314,coincatch,XRP/USDT:USDT,3.1421,14917.0,3.142,9801.0,3.1422,29081.0,3.1423,20150.0
1753769560614,06:12:40.614,coincatch,XRP/USDT:USDT,3.1421,14990.0,3.142,8535.0,3.1422,30440.0,3.1423,20900.0
1753769560914,06:12:40.914,coincatch,XRP/USDT:USDT,3.1421,15167.0,3.142,8416.0,3.1422,29749.0,3.1423,21619.0
1753769561214,06:12:41.214,coincatch,XRP/USDT:USDT,3.1421,15139.0,3.142,8416.0,3.1422,30248.0,3.1423,21635.0
1753769561514,06:12:41.514,coincatch,XRP/USDT:USDT,3.1421,15396.0,3.142,8416.0,3.1422,28438.0,3.1423,21635.0
1753769561814,06:12:41.814,coincatch,XRP/USDT:USDT,3.1421,15536.0,3.142,8416.0,3.1422,27196.0,3.1423,21619.0
1753769562115,06:12:42.115,coincatch,XRP/USDT:USDT,3.1421,19364.0,3.142,12263.0,3.1422,25917.0,3.1423,21179.0
1753769562415,06:12:42.415,coincatch,XRP/USDT:USDT,3.1421,18087.0,3.142,11065.0,3.1422,23573.0,3.1423,21385.0
1753769562715,06:12:42.715,coincatch,XRP/USDT:USDT,3.1421,18129.0,3.142,11065.0,3.1422,24347.0,3.1423,21385.0
1753769563015,06:12:43.015,coincatch,XRP/USDT:USDT,3.1421,20779.0,3.142,11065.0,3.1422,25887.0,3.1423,21385.0
1753769563315,06:12:43.315,coincatch,XRP/USDT:USDT,3.1421,17783.0,3.142,12232.0,3.1422,25800.0,3.1423,21385.0
1753769563615,06:12:43.615,coincatch,XRP/USDT:USDT,3.1421,17116.0,3.142,10994.0,3.1422,24063.0,3.1423,21385.0
1753769563916,06:12:43.916,coincatch,XRP/USDT:USDT,3.1421,16691.0,3.142,10893.0,3.1422,25655.0,3.1423,16306.0
1753769564216,06:12:44.216,coincatch,XRP/USDT:USDT,3.1421,18274.0,3.142,10893.0,3.1422,24980.0,3.1423,16306.0
1753769564516,06:12:44.516,coincatch,XRP/USDT:USDT,3.1421,18319.0,3.142,10893.0,3.1422,25025.0,3.1423,21385.0
1753769564816,06:12:44.816,coincatch,XRP/USDT:USDT,3.1421,18319.0,3.142,10893.0,3.1422,25291.0,3.1423,21385.0
1753769565116,06:12:45.116,coincatch,XRP/USDT:USDT,3.1421,18258.0,3.142,12033.0,3.1422,25910.0,3.1423,18846.0
1753769565417,06:12:45.417,coincatch,XRP/USDT:USDT,3.1415,21187.0,3.1414,12181.0,3.1428,19391.0,3.1429,21281.0
1753769565717,06:12:45.717,coincatch,XRP/USDT:USDT,3.1415,19937.0,3.1414,11036.0,3.1428,18397.0,3.1429,21281.0
1753769566017,06:12:46.017,coincatch,XRP/USDT:USDT,3.1415,19937.0,3.1414,11036.0,3.1428,20033.0,3.1429,21281.0
1753769566317,06:12:46.317,coincatch,XRP/USDT:USDT,3.1415,20008.0,3.1414,11550.0,3.1428,19980.0,3.1429,19187.0
1753769566617,06:12:46.617,coincatch,XRP/USDT:USDT,3.1415,19765.0,3.1414,11407.0,3.1428,20410.0,3.1429,18708.0
1753769566917,06:12:46.917,coincatch,XRP/USDT:USDT,3.1415,19552.0,3.1414,11407.0,3.1428,20514.0,3.1429,18708.0
1753769567218,06:12:47.218,coincatch,XRP/USDT:USDT,3.1415,19552.0,3.1414,11407.0,3.1428,20514.0,3.1429,18750.0
1753769567518,06:12:47.518,coincatch,XRP/USDT:USDT,3.1415,23220.0,3.1414,12688.0,3.1428,20514.0,3.1429,18708.0
1753769567818,06:12:47.818,coincatch,XRP/USDT:USDT,3.1415,23665.0,3.1414,12688.0,3.1428,21032.0,3.1429,18708.0
1753769568118,06:12:48.118,coincatch,XRP/USDT:USDT,3.1415,23665.0,3.1414,12657.0,3.1428,19748.0,3.1429,18708.0
1753769568418,06:12:48.418,coincatch,XRP/USDT:USDT,3.1415,23621.0,3.1414,11550.0,3.1428,20887.0,3.1429,18715.0
1753769568719,06:12:48.719,coincatch,XRP/USDT:USDT,3.1415,23603.0,3.1414,13058.0,3.1428,17693.0,3.1429,13955.0
1753769569019,06:12:49.019,coincatch,XRP/USDT:USDT,3.1415,27740.0,3.1414,16211.0,3.1428,15369.0,3.1429,17262.0
1753769569319,06:12:49.319,coincatch,XRP/USDT:USDT,3.1415,27727.0,3.1414,17136.0,3.1428,13921.0,3.1429,18501.0
1753769569619,06:12:49.619,coincatch,XRP/USDT:USDT,3.1415,27082.0,3.1414,16085.0,3.1428,13671.0,3.1429,18501.0
1753769569919,06:12:49.919,coincatch,XRP/USDT:USDT,3.1415,27037.0,3.1414,16085.0,3.1428,13908.0,3.1429,18501.0
1753769570220,06:12:50.220,coincatch,XRP/USDT:USDT,3.1415,26689.0,3.1414,17325.0,3.1428,11359.0,3.1429,8270.0
1753769570520,06:12:50.520,coincatch,XRP/USDT:USDT,3.1415,26435.0,3.1414,16234.0,3.1428,12438.0,3.1429,11599.0
1753769570820,06:12:50.820,coincatch,XRP/USDT:USDT,3.1415,26553.0,3.1414,16234.0,3.1428,12419.0,3.1429,11599.0
1753769571120,06:12:51.120,coincatch,XRP/USDT:USDT,3.1415,26553.0,3.1414,16234.0,3.1428,12419.0,3.1429,11599.0
1753769571420,06:12:51.420,coincatch,XRP/USDT:USDT,3.1415,26553.0,3.1414,14236.0,3.1428,12405.0,3.1429,11593.0
1753769571720,06:12:51.720,coincatch,XRP/USDT:USDT,3.1415,27695.0,3.1414,15314.0,3.1428,12860.0,3.1429,11593.0
1753769572021,06:12:52.021,coincatch,XRP/USDT:USDT,3.1415,26387.0,3.1414,14236.0,3.1428,12596.0,3.1429,11377.0
1753769572321,06:12:52.321,coincatch,XRP/USDT:USDT,3.1415,26502.0,3.1414,14236.0,3.1428,12596.0,3.1429,11377.0
1753769572621,06:12:52.621,coincatch,XRP/USDT:USDT,3.1415,31730.0,3.1414,16475.0,3.1428,14223.0,3.1429,11034.0
1753769572921,06:12:52.921,coincatch,XRP/USDT:USDT,3.1417,33336.0,3.1416,31522.0,3.143,5278.0,3.1431,16076.0
1753769573221,06:12:53.221,coincatch,XRP/USDT:USDT,3.1417,25677.0,3.1416,30694.0,3.143,4572.0,3.1431,14353.0
1753769573522,06:12:53.522,coincatch,XRP/USDT:USDT,3.1417,25997.0,3.1416,32169.0,3.143,5219.0,3.1431,13539.0
1753769573822,06:12:53.822,coincatch,XRP/USDT:USDT,3.1417,28261.0,3.1416,37457.0,3.143,5133.0,3.1431,9022.0
1753769574122,06:12:54.122,coincatch,XRP/USDT:USDT,3.1417,28261.0,3.1416,36415.0,3.143,5133.0,3.1431,8620.0
1753769574422,06:12:54.422,coincatch,XRP/USDT:USDT,3.1417,26950.0,3.1416,35177.0,3.143,5122.0,3.1431,8691.0
1753769574722,06:12:54.722,coincatch,XRP/USDT:USDT,3.1417,27497.0,3.1416,35050.0,3.143,5732.0,3.1431,8416.0
1753769575023,06:12:55.023,coincatch,XRP/USDT:USDT,3.1417,26548.0,3.1416,35050.0,3.143,4338.0,3.1431,8037.0
1753769575323,06:12:55.323,coincatch,XRP/USDT:USDT,3.1417,28155.0,3.1416,34686.0,3.143,6583.0,3.1431,9222.0
1753769575623,06:12:55.623,coincatch,XRP/USDT:USDT,3.1417,28668.0,3.1416,35905.0,3.143,6583.0,3.1431,9222.0
1753769575923,06:12:55.923,coincatch,XRP/USDT:USDT,3.1417,27839.0,3.1416,35320.0,3.143,6537.0,3.1431,7209.0
1753769576223,06:12:56.223,coincatch,XRP/USDT:USDT,3.1417,29163.0,3.1416,35840.0,3.143,6537.0,3.1431,7196.0
1753769576524,06:12:56.524,coincatch,XRP/USDT:USDT,3.1417,27842.0,3.1416,35172.0,3.143,6505.0,3.1431,7196.0
1753769576824,06:12:56.824,coincatch,XRP/USDT:USDT,3.1417,27578.0,3.1416,33378.0,3.143,6505.0,3.1431,8759.0
1753769577424,06:12:57.424,coincatch,XRP/USDT:USDT,3.1417,14207.0,3.1416,23004.0,3.143,18789.0,3.1431,11177.0
1753769577724,06:12:57.724,coincatch,XRP/USDT:USDT,3.1417,14315.0,3.1416,23004.0,3.143,12797.0,3.1431,11514.0
1753769578024,06:12:58.024,coincatch,XRP/USDT:USDT,3.1417,15393.0,3.1416,24448.0,3.143,12746.0,3.1431,11609.0
1753769578325,06:12:58.325,coincatch,XRP/USDT:USDT,3.1417,15663.0,3.1416,24448.0,3.143,12503.0,3.1431,11303.0
1753769578625,06:12:58.625,coincatch,XRP/USDT:USDT,3.1417,20577.0,3.1416,25025.0,3.143,6689.0,3.1431,10099.0
1753769578925,06:12:58.925,coincatch,XRP/USDT:USDT,3.1417,20500.0,3.1416,25025.0,3.143,6689.0,3.1431,10099.0
1753769579225,06:12:59.225,coincatch,XRP/USDT:USDT,3.1417,20066.0,3.1416,25718.0,3.143,4210.0,3.1431,8682.0
1753769579826,06:12:59.826,coincatch,XRP/USDT:USDT,3.1419,56591.0,3.1418,48853.0,3.1432,13445.0,3.1433,12872.0
1753769580126,06:13:00.126,coincatch,XRP/USDT:USDT,3.142,66673.0,3.1419,49373.0,3.1433,10232.0,3.1434,26119.0
1753769580426,06:13:00.426,coincatch,XRP/USDT:USDT,3.142,70561.0,3.1419,49945.0,3.1433,11210.0,3.1434,27426.0
1753769580726,06:13:00.726,coincatch,XRP/USDT:USDT,3.142,73071.0,3.1419,49945.0,3.1433,11591.0,3.1434,27426.0
1753769581627,06:13:01.627,coincatch,XRP/USDT:USDT,3.1421,1785.0,3.142,10759.0,3.1434,27018.0,3.1435,19784.0
1753769581927,06:13:01.927,coincatch,XRP/USDT:USDT,3.1421,15539.0,3.142,10462.0,3.1434,25406.0,3.1435,17615.0
1753769582227,06:13:02.227,coincatch,XRP/USDT:USDT,3.1421,18574.0,3.142,10368.0,3.1434,23546.0,3.1435,20684.0
1753769582527,06:13:02.527,coincatch,XRP/USDT:USDT,3.1421,13230.0,3.142,10368.0,3.1434,23559.0,3.1435,21398.0
1753769582827,06:13:02.827,coincatch,XRP/USDT:USDT,3.1421,7088.0,3.142,8275.0,3.1434,22526.0,3.1435,20878.0
1753769583428,06:13:03.428,coincatch,XRP/USDT:USDT,3.1421,10253.0,3.142,24.0,3.1434,23213.0,3.1435,22718.0
1753769583728,06:13:03.728,coincatch,XRP/USDT:USDT,3.1421,10451.0,3.142,24.0,3.1434,22803.0,3.1435,17359.0
1753769584028,06:13:04.028,coincatch,XRP/USDT:USDT,3.1418,4342.0,3.1417,9746.0,3.1431,37571.0,3.1432,27951.0
1753769584328,06:13:04.328,coincatch,XRP/USDT:USDT,3.1418,9031.0,3.1417,7649.0,3.1431,33914.0,3.1432,25736.0
1753769584929,06:13:04.929,coincatch,XRP/USDT:USDT,3.1417,4689.0,3.1416,7687.0,3.143,42619.0,3.1431,22609.0
1753769585229,06:13:05.229,coincatch,XRP/USDT:USDT,3.1417,4555.0,3.1416,7687.0,3.143,43217.0,3.1431,22609.0
1753769585529,06:13:05.529,coincatch,XRP/USDT:USDT,3.1417,4515.0,3.1416,7687.0,3.143,45168.0,3.1431,22310.0
1753769585829,06:13:05.829,coincatch,XRP/USDT:USDT,3.1417,16450.0,3.1416,8813.0,3.143,8938.0,3.1431,7014.0
1753769586130,06:13:06.130,coincatch,XRP/USDT:USDT,3.1417,20165.0,3.1416,11901.0,3.143,8193.0,3.1431,4875.0
1753769586430,06:13:06.430,coincatch,XRP/USDT:USDT,3.1417,20038.0,3.1416,11901.0,3.143,8193.0,3.1431,5177.0
1753769587457,06:13:07.457,coincatch,XRP/USDT:USDT,3.1418,20246.0,3.1417,14984.0,3.1431,10436.0,3.1432,16091.0
1753769588081,06:13:08.081,coincatch,XRP/USDT:USDT,3.1418,11373.0,3.1417,11021.0,3.1431,11604.0,3.1432,16140.0
1753769588381,06:13:08.381,coincatch,XRP/USDT:USDT,3.1418,7735.0,3.1417,6993.0,3.1431,24895.0,3.1432,18221.0
1753769588681,06:13:08.681,coincatch,XRP/USDT:USDT,3.1418,5457.0,3.1417,6294.0,3.1431,21554.0,3.1432,18722.0
1753769588982,06:13:08.982,coincatch,XRP/USDT:USDT,3.1418,9750.0,3.1417,6999.0,3.1431,19821.0,3.1432,19279.0
1753769589608,06:13:09.608,coincatch,XRP/USDT:USDT,3.1418,5653.0,3.1417,6021.0,3.1431,19918.0,3.1432,20604.0
1753769589959,06:13:09.959,coincatch,XRP/USDT:USDT,3.1418,7914.0,3.1417,6021.0,3.1431,21346.0,3.1432,20372.0
1753769590310,06:13:10.310,coincatch,XRP/USDT:USDT,3.1418,7817.0,3.1417,6161.0,3.1431,21224.0,3.1432,20756.0
1753769590610,06:13:10.610,coincatch,XRP/USDT:USDT,3.1418,8016.0,3.1417,6525.0,3.1431,21224.0,3.1432,19667.0
1753769590933,06:13:10.933,coincatch,XRP/USDT:USDT,3.1418,15076.0,3.1417,9473.0,3.1431,11057.0,3.1432,16164.0
1753769591233,06:13:11.233,coincatch,XRP/USDT:USDT,3.1418,12954.0,3.1417,8842.0,3.1431,7153.0,3.1432,16580.0
1753769591534,06:13:11.534,coincatch,XRP/USDT:USDT,3.1418,4059.0,3.1417,5818.0,3.1431,25411.0,3.1432,25936.0
1753769591834,06:13:11.834,coincatch,XRP/USDT:USDT,3.1418,4595.0,3.1417,3583.0,3.1431,27472.0,3.1432,25212.0
1753769592134,06:13:12.134,coincatch,XRP/USDT:USDT,3.1418,4595.0,3.1417,3333.0,3.1431,27472.0,3.1432,25808.0
1753769592434,06:13:12.434,coincatch,XRP/USDT:USDT,3.1418,4595.0,3.1417,3333.0,3.1431,27534.0,3.1432,28058.0
1753769592734,06:13:12.734,coincatch,XRP/USDT:USDT,3.1418,6007.0,3.1417,1129.0,3.1431,24593.0,3.1432,28058.0
1753769593035,06:13:13.035,coincatch,XRP/USDT:USDT,3.1418,6007.0,3.1417,2695.0,3.1431,24004.0,3.1432,28058.0
1753769593635,06:13:13.635,coincatch,XRP/USDT:USDT,3.1414,10506.0,3.1413,1144.0,3.1427,49130.0,3.1428,47218.0
1753769593935,06:13:13.935,coincatch,XRP/USDT:USDT,3.1409,383.0,3.1408,2794.0,3.1422,48917.0,3.1423,37605.0
1753769594536,06:13:14.536,coincatch,XRP/USDT:USDT,3.1406,35549.0,3.1405,5023.0,3.1419,12501.0,3.142,28691.0
1753769594836,06:13:14.836,coincatch,XRP/USDT:USDT,3.1406,31822.0,3.1405,1598.0,3.1419,20275.0,3.142,29353.0
1753769595136,06:13:15.136,coincatch,XRP/USDT:USDT,3.1406,6435.0,3.1405,1559.0,3.1419,22033.0,3.142,31118.0
1753769595436,06:13:15.436,coincatch,XRP/USDT:USDT,3.1406,16594.0,3.1405,2141.0,3.1419,20489.0,3.142,25780.0
1753769595736,06:13:15.736,coincatch,XRP/USDT:USDT,3.1403,397.0,3.1402,12888.0,3.1416,40766.0,3.1417,34313.0
1753769596337,06:13:16.337,coincatch,XRP/USDT:USDT,3.1402,24817.0,3.1401,4854.0,3.1415,45849.0,3.1416,34233.0
1753769596637,06:13:16.637,coincatch,XRP/USDT:USDT,3.1402,22585.0,3.1401,3793.0,3.1415,40696.0,3.1416,32650.0
1753769596937,06:13:16.937,coincatch,XRP/USDT:USDT,3.1402,22585.0,3.1401,3793.0,3.1415,41395.0,3.1416,33142.0
1753769597237,06:13:17.237,coincatch,XRP/USDT:USDT,3.1402,20651.0,3.1401,3813.0,3.1415,41547.0,3.1416,33154.0
1753769597537,06:13:17.537,coincatch,XRP/USDT:USDT,3.1402,20689.0,3.1401,6298.0,3.1415,41535.0,3.1416,32677.0
1753769597838,06:13:17.838,coincatch,XRP/USDT:USDT,3.1402,22009.0,3.1401,6283.0,3.1415,42252.0,3.1416,32423.0
1753769598138,06:13:18.138,coincatch,XRP/USDT:USDT,3.1402,24269.0,3.1401,6269.0,3.1415,41793.0,3.1416,31971.0
1753769598438,06:13:18.438,coincatch,XRP/USDT:USDT,3.1402,26519.0,3.1401,6283.0,3.1415,41841.0,3.1416,31995.0
1753769598738,06:13:18.738,coincatch,XRP/USDT:USDT,3.1401,366.0,3.14,148.0,3.1414,66102.0,3.1415,45305.0
1753769599348,06:13:19.348,coincatch,XRP/USDT:USDT,3.1396,12482.0,3.1395,4873.0,3.1409,13219.0,3.141,13320.0
1753769599649,06:13:19.649,coincatch,XRP/USDT:USDT,3.1396,12096.0,3.1395,4181.0,3.1409,11532.0,3.141,8946.0
1753769599950,06:13:19.950,coincatch,XRP/USDT:USDT,3.1396,12226.0,3.1395,2181.0,3.1409,14699.0,3.141,9433.0
1753769600250,06:13:20.250,coincatch,XRP/USDT:USDT,3.1396,10918.0,3.1395,2181.0,3.1409,15779.0,3.141,11325.0
1753769600551,06:13:20.551,coincatch,XRP/USDT:USDT,3.1396,11623.0,3.1395,2181.0,3.1409,16396.0,3.141,11479.0
1753769600851,06:13:20.851,coincatch,XRP/USDT:USDT,3.1396,11034.0,3.1395,2151.0,3.1412,17604.0,3.1413,10893.0
1753769601151,06:13:21.151,coincatch,XRP/USDT:USDT,3.1406,14383.0,3.1405,14073.0,3.1419,15116.0,3.142,10513.0
1753769601452,06:13:21.452,coincatch,XRP/USDT:USDT,3.1406,17257.0,3.1405,13575.0,3.1419,10238.0,3.142,11617.0
1753769602052,06:13:22.052,coincatch,XRP/USDT:USDT,3.1406,13917.0,3.1405,13575.0,3.1419,13486.0,3.142,17172.0
1753769602352,06:13:22.352,coincatch,XRP/USDT:USDT,3.1406,13917.0,3.1405,13575.0,3.1419,13486.0,3.142,16346.0
1753769602653,06:13:22.653,coincatch,XRP/USDT:USDT,3.1406,8644.0,3.1405,8910.0,3.1419,14885.0,3.142,18240.0
1753769603253,06:13:23.253,coincatch,XRP/USDT:USDT,3.1406,20696.0,3.1405,16831.0,3.1419,8571.0,3.142,15257.0
1753769603554,06:13:23.554,coincatch,XRP/USDT:USDT,3.1406,21534.0,3.1405,22073.0,3.1419,1149.0,3.142,12096.0
1753769604154,06:13:24.154,coincatch,XRP/USDT:USDT,3.1409,13609.0,3.1408,12596.0,3.1422,14252.0,3.1423,8960.0
1753769604454,06:13:24.454,coincatch,XRP/USDT:USDT,3.1409,17101.0,3.1408,12596.0,3.1422,13761.0,3.1423,4377.0
1753769604755,06:13:24.755,coincatch,XRP/USDT:USDT,3.1409,17367.0,3.1408,14370.0,3.1422,13761.0,3.1423,4377.0
1753769605056,06:13:25.056,coincatch,XRP/USDT:USDT,3.1409,12992.0,3.1408,14370.0,3.1422,16807.0,3.1423,9284.0
1753769605386,06:13:25.386,coincatch,XRP/USDT:USDT,3.1409,12992.0,3.1408,14370.0,3.1422,16587.0,3.1423,9432.0
1753769605735,06:13:25.735,coincatch,XRP/USDT:USDT,3.1409,22798.0,3.1408,27291.0,3.1422,7746.0,3.1423,4370.0
1753769606086,06:13:26.086,coincatch,XRP/USDT:USDT,3.1409,22798.0,3.1408,15770.0,3.1422,7702.0,3.1423,6015.0
1753769606406,06:13:26.406,coincatch,XRP/USDT:USDT,3.1409,25389.0,3.1408,15770.0,3.1422,8414.0,3.1423,6015.0
1753769606706,06:13:26.706,coincatch,XRP/USDT:USDT,3.1409,25520.0,3.1408,15770.0,3.1422,8414.0,3.1423,4578.0
1753769607006,06:13:27.006,coincatch,XRP/USDT:USDT,3.1411,57123.0,3.141,50226.0,3.1424,10931.0,3.1425,6151.0
1753769607307,06:13:27.307,coincatch,XRP/USDT:USDT,3.1412,48229.0,3.1411,44867.0,3.1425,3249.0,3.1426,10257.0
1753769607907,06:13:27.907,coincatch,XRP/USDT:USDT,3.1412,44085.0,3.1411,32894.0,3.1425,6221.0,3.1426,8414.0
1753769608207,06:13:28.207,coincatch,XRP/USDT:USDT,3.1412,44102.0,3.1411,33163.0,3.1425,6221.0,3.1426,10569.0
1753769608507,06:13:28.507,coincatch,XRP/USDT:USDT,3.1412,45613.0,3.1411,33163.0,3.1425,5798.0,3.1426,10569.0
1753769609108,06:13:29.108,coincatch,XRP/USDT:USDT,3.1412,20844.0,3.1411,23587.0,3.1425,16973.0,3.1426,14073.0
1753769609408,06:13:29.408,coincatch,XRP/USDT:USDT,3.1412,19894.0,3.1411,23587.0,3.1425,16973.0,3.1426,14706.0
1753769609709,06:13:29.709,coincatch,XRP/USDT:USDT,3.1412,20754.0,3.1411,23587.0,3.1425,16100.0,3.1426,13169.0
1753769610909,06:13:30.909,coincatch,XRP/USDT:USDT,3.1412,23774.0,3.1411,26496.0,3.1425,4863.0,3.1426,12571.0
1753769611210,06:13:31.210,coincatch,XRP/USDT:USDT,3.1412,22640.0,3.1411,24368.0,3.1425,3200.0,3.1426,11508.0
1753769611510,06:13:31.510,coincatch,XRP/USDT:USDT,3.1412,22971.0,3.1411,24738.0,3.1425,2796.0,3.1426,11388.0
1753769611810,06:13:31.810,coincatch,XRP/USDT:USDT,3.1412,23142.0,3.1411,24738.0,3.1425,3009.0,3.1426,11228.0
1753769612110,06:13:32.110,coincatch,XRP/USDT:USDT,3.1412,24825.0,3.1411,26295.0,3.1425,2968.0,3.1426,11398.0
1753769612411,06:13:32.411,coincatch,XRP/USDT:USDT,3.1412,21408.0,3.1411,24220.0,3.1425,6618.0,3.1426,11807.0
1753769612711,06:13:32.711,coincatch,XRP/USDT:USDT,3.1412,21495.0,3.1411,24220.0,3.1425,5760.0,3.1426,11407.0
1753769613011,06:13:33.011,coincatch,XRP/USDT:USDT,3.1412,21511.0,3.1411,23735.0,3.1425,12374.0,3.1426,13165.0
1753769613311,06:13:33.311,coincatch,XRP/USDT:USDT,3.1412,21523.0,3.1411,23918.0,3.1425,10478.0,3.1426,12011.0
1753769613611,06:13:33.611,coincatch,XRP/USDT:USDT,3.1412,22483.0,3.1411,23918.0,3.1425,9923.0,3.1426,11623.0
1753769614212,06:13:34.212,coincatch,XRP/USDT:USDT,3.1411,5871.0,3.141,15425.0,3.1424,50341.0,3.1425,19032.0
1753769614813,06:13:34.813,coincatch,XRP/USDT:USDT,3.1409,75482.0,3.1408,732.0,3.1422,50708.0,3.1423,31185.0
1753769615113,06:13:35.113,coincatch,XRP/USDT:USDT,3.1409,46896.0,3.1408,8605.0,3.1422,27900.0,3.1423,25842.0
1753769615714,06:13:35.714,coincatch,XRP/USDT:USDT,3.1409,45894.0,3.1408,7201.0,3.1422,16226.0,3.1423,18005.0
1753769616014,06:13:36.014,coincatch,XRP/USDT:USDT,3.1409,42191.0,3.1408,5712.0,3.1422,26931.0,3.1423,15410.0
1753769616916,06:13:36.916,coincatch,XRP/USDT:USDT,3.1409,44839.0,3.1408,6118.0,3.1422,17147.0,3.1423,13974.0
1753769617216,06:13:37.216,coincatch,XRP/USDT:USDT,3.1409,44822.0,3.1408,6077.0,3.1422,36438.0,3.1423,14801.0
1753769617816,06:13:37.816,coincatch,XRP/USDT:USDT,3.1409,43209.0,3.1408,4896.0,3.1422,20526.0,3.1423,14609.0
1753769618116,06:13:38.116,coincatch,XRP/USDT:USDT,3.1409,42196.0,3.1408,4769.0,3.1422,26272.0,3.1423,15524.0
1753769618717,06:13:38.717,coincatch,XRP/USDT:USDT,3.1409,41741.0,3.1408,5128.0,3.1422,27332.0,3.1423,14507.0
1753769619317,06:13:39.317,coincatch,XRP/USDT:USDT,3.1409,45132.0,3.1408,8009.0,3.1422,16312.0,3.1423,7848.0
1753769619917,06:13:39.917,coincatch,XRP/USDT:USDT,3.1409,45293.0,3.1408,6616.0,3.1422,16343.0,3.1423,7848.0
1753769620218,06:13:40.218,coincatch,XRP/USDT:USDT,3.1409,45101.0,3.1408,6616.0,3.1422,17239.0,3.1423,11382.0
1753769620518,06:13:40.518,coincatch,XRP/USDT:USDT,3.1409,44955.0,3.1408,6616.0,3.1422,16811.0,3.1423,8186.0
1753769621719,06:13:41.719,coincatch,XRP/USDT:USDT,3.141,87989.0,3.1409,48186.0,3.1423,4649.0,3.1424,7992.0
1753769622319,06:13:42.319,coincatch,XRP/USDT:USDT,3.141,92213.0,3.1409,48843.0,3.1423,4649.0,3.1424,7992.0
1753769622919,06:13:42.919,coincatch,XRP/USDT:USDT,3.141,38594.0,3.1409,44584.0,3.1423,14100.0,3.1424,13954.0
1753769623220,06:13:43.220,coincatch,XRP/USDT:USDT,3.141,47436.0,3.1409,48446.0,3.1423,5363.0,3.1424,8760.0
1753769623821,06:13:43.821,coincatch,XRP/USDT:USDT,3.141,47607.0,3.1409,44658.0,3.1423,10112.0,3.1424,12090.0
1753769624121,06:13:44.121,coincatch,XRP/USDT:USDT,3.141,47607.0,3.1409,44615.0,3.1423,10186.0,3.1424,12446.0
1753769624421,06:13:44.421,coincatch,XRP/USDT:USDT,3.141,47607.0,3.1409,44615.0,3.1423,7041.0,3.1424,12446.0
1753769624721,06:13:44.721,coincatch,XRP/USDT:USDT,3.141,51025.0,3.1409,48003.0,3.1423,5444.0,3.1424,8209.0
1753769625021,06:13:45.021,coincatch,XRP/USDT:USDT,3.141,51287.0,3.1409,48885.0,3.1423,5444.0,3.1424,8311.0
1753769625922,06:13:45.922,coincatch,XRP/USDT:USDT,3.141,49365.0,3.1409,47963.0,3.1423,5136.0,3.1424,8437.0
1753769626223,06:13:46.223,coincatch,XRP/USDT:USDT,3.141,49365.0,3.1409,47963.0,3.1423,5136.0,3.1424,8054.0
1753769626523,06:13:46.523,coincatch,XRP/USDT:USDT,3.141,49365.0,3.1409,46392.0,3.1423,5136.0,3.1424,8054.0
1753769626824,06:13:46.824,coincatch,XRP/USDT:USDT,3.141,49433.0,3.1409,49379.0,3.1423,5361.0,3.1424,6298.0
1753769627124,06:13:47.124,coincatch,XRP/USDT:USDT,3.141,44995.0,3.1409,50020.0,3.1423,5361.0,3.1424,7220.0
1753769627424,06:13:47.424,coincatch,XRP/USDT:USDT,3.1413,88643.0,3.1412,36129.0,3.1426,12112.0,3.1427,12529.0
1753769628024,06:13:48.024,coincatch,XRP/USDT:USDT,3.1413,84923.0,3.1412,37085.0,3.1426,6491.0,3.1427,8399.0
1753769628324,06:13:48.324,coincatch,XRP/USDT:USDT,3.1414,55331.0,3.1413,54073.0,3.1427,12835.0,3.1428,11869.0
1753769628625,06:13:48.625,coincatch,XRP/USDT:USDT,3.1414,55935.0,3.1413,39445.0,3.1427,11843.0,3.1428,13151.0
1753769628925,06:13:48.925,coincatch,XRP/USDT:USDT,3.1414,55962.0,3.1413,39959.0,3.1427,8632.0,3.1428,10090.0
1753769629225,06:13:49.225,coincatch,XRP/USDT:USDT,3.1416,84619.0,3.1415,48497.0,3.1429,8234.0,3.143,16307.0
1753769630126,06:13:50.126,coincatch,XRP/USDT:USDT,3.141,17483.0,3.1409,48073.0,3.1423,29593.0,3.1424,32829.0
1753769631026,06:13:51.026,coincatch,XRP/USDT:USDT,3.1415,360.0,3.1414,8374.0,3.1428,23250.0,3.1429,19562.0
1753769631326,06:13:51.326,coincatch,XRP/USDT:USDT,3.1415,332.0,3.1414,32.0,3.1428,24906.0,3.1429,16677.0
1753769631627,06:13:51.627,coincatch,XRP/USDT:USDT,3.1414,6361.0,3.1413,8385.0,3.1427,30166.0,3.1428,20960.0
1753769631927,06:13:51.927,coincatch,XRP/USDT:USDT,3.1413,15809.0,3.1412,19814.0,3.1426,14114.0,3.1427,12282.0
1753769632227,06:13:52.227,coincatch,XRP/USDT:USDT,3.1413,14016.0,3.1412,13967.0,3.1426,14114.0,3.1427,12442.0
1753769632527,06:13:52.527,coincatch,XRP/USDT:USDT,3.1413,11720.0,3.1412,12187.0,3.1426,15419.0,3.1427,12814.0
1753769633127,06:13:53.127,coincatch,XRP/USDT:USDT,3.141,31786.0,3.1409,50095.0,3.1423,30169.0,3.1424,29235.0
1753769633428,06:13:53.428,coincatch,XRP/USDT:USDT,3.141,26195.0,3.1409,49791.0,3.1423,25915.0,3.1424,24151.0
1753769633728,06:13:53.728,coincatch,XRP/USDT:USDT,3.141,23315.0,3.1409,47485.0,3.1423,27803.0,3.1424,23580.0
1753769634028,06:13:54.028,coincatch,XRP/USDT:USDT,3.141,20879.0,3.1409,47242.0,3.1423,25933.0,3.1424,23428.0
1753769634328,06:13:54.328,coincatch,XRP/USDT:USDT,3.141,8374.0,3.1409,40621.0,3.1423,29369.0,3.1424,23617.0
1753769634628,06:13:54.628,coincatch,XRP/USDT:USDT,3.141,8374.0,3.1409,40532.0,3.1423,29369.0,3.1424,23672.0
1753769634928,06:13:54.928,coincatch,XRP/USDT:USDT,3.141,9910.0,3.1409,41320.0,3.1423,29090.0,3.1424,23595.0
1753769635229,06:13:55.229,coincatch,XRP/USDT:USDT,3.141,10207.0,3.1409,41716.0,3.1423,24977.0,3.1424,23296.0
1753769635529,06:13:55.529,coincatch,XRP/USDT:USDT,3.141,19846.0,3.1409,48528.0,3.1423,24775.0,3.1424,24607.0
1753769635829,06:13:55.829,coincatch,XRP/USDT:USDT,3.141,19887.0,3.1409,49082.0,3.1423,22867.0,3.1424,24192.0
1753769636129,06:13:56.129,coincatch,XRP/USDT:USDT,3.141,20022.0,3.1409,49451.0,3.1423,22867.0,3.1424,24192.0
1753769636429,06:13:56.429,coincatch,XRP/USDT:USDT,3.141,24164.0,3.1409,56929.0,3.1423,560.0,3.1424,2620.0
1753769636730,06:13:56.730,coincatch,XRP/USDT:USDT,3.1414,63801.0,3.1413,44322.0,3.1427,5180.0,3.1428,12430.0
1753769637030,06:13:57.030,coincatch,XRP/USDT:USDT,3.1414,56446.0,3.1413,40688.0,3.1427,7134.0,3.1428,14236.0
1753769637630,06:13:57.630,coincatch,XRP/USDT:USDT,3.1414,56876.0,3.1413,45915.0,3.1427,7134.0,3.1428,14263.0
1753769637930,06:13:57.930,coincatch,XRP/USDT:USDT,3.1414,37000.0,3.1413,36079.0,3.1427,8442.0,3.1428,13185.0
1753769638231,06:13:58.231,coincatch,XRP/USDT:USDT,3.1414,36756.0,3.1413,35907.0,3.1427,6192.0,3.1428,12473.0
1753769638831,06:13:58.831,coincatch,XRP/USDT:USDT,3.1414,37777.0,3.1413,35891.0,3.1427,8743.0,3.1428,15421.0
1753769639131,06:13:59.131,coincatch,XRP/USDT:USDT,3.1419,28088.0,3.1418,60085.0,3.1432,23629.0,3.1433,8621.0
1753769639431,06:13:59.431,coincatch,XRP/USDT:USDT,3.1419,28149.0,3.1418,60085.0,3.1432,21090.0,3.1433,11893.0
1753769639732,06:13:59.732,coincatch,XRP/USDT:USDT,3.1419,22004.0,3.1418,47761.0,3.1432,22446.0,3.1433,8776.0
1753769640332,06:14:00.332,coincatch,XRP/USDT:USDT,3.1416,7686.0,3.1415,18991.0,3.1429,24030.0,3.143,24318.0
1753769640632,06:14:00.632,coincatch,XRP/USDT:USDT,3.1416,23729.0,3.1415,23488.0,3.1429,10669.0,3.143,21678.0
1753769641233,06:14:01.233,coincatch,XRP/USDT:USDT,3.1417,81325.0,3.1416,58173.0,3.143,10269.0,3.1431,14615.0
1753769641533,06:14:01.533,coincatch,XRP/USDT:USDT,3.1417,71963.0,3.1416,37707.0,3.143,11500.0,3.1431,16815.0
1753769641833,06:14:01.833,coincatch,XRP/USDT:USDT,3.1417,73402.0,3.1416,37761.0,3.143,12796.0,3.1431,16815.0
1753769642434,06:14:02.434,coincatch,XRP/USDT:USDT,3.1417,42903.0,3.1416,32906.0,3.143,22498.0,3.1431,22963.0
1753769642734,06:14:02.734,coincatch,XRP/USDT:USDT,3.1417,42903.0,3.1416,32906.0,3.143,14719.0,3.1431,17158.0
1753769643034,06:14:03.034,coincatch,XRP/USDT:USDT,3.1417,42903.0,3.1416,32906.0,3.143,14719.0,3.1431,17158.0
1753769643335,06:14:03.335,coincatch,XRP/USDT:USDT,3.1417,42647.0,3.1416,32906.0,3.143,20969.0,3.1431,23754.0
1753769643635,06:14:03.635,coincatch,XRP/USDT:USDT,3.1417,37204.0,3.1416,29606.0,3.143,19177.0,3.1431,19751.0
1753769643935,06:14:03.935,coincatch,XRP/USDT:USDT,3.1417,37494.0,3.1416,22974.0,3.143,18310.0,3.1431,16309.0
1753769644235,06:14:04.235,coincatch,XRP/USDT:USDT,3.1417,36744.0,3.1416,22023.0,3.143,18863.0,3.1431,15992.0
1753769644535,06:14:04.535,coincatch,XRP/USDT:USDT,3.1417,36744.0,3.1416,22011.0,3.143,17404.0,3.1431,13788.0
1753769644835,06:14:04.835,coincatch,XRP/USDT:USDT,3.1417,37011.0,3.1416,22449.0,3.143,17374.0,3.1431,16047.0
1753769645136,06:14:05.136,coincatch,XRP/USDT:USDT,3.1417,37059.0,3.1416,22449.0,3.143,17739.0,3.1431,18489.0
1753769645736,06:14:05.736,coincatch,XRP/USDT:USDT,3.1417,38172.0,3.1416,23493.0,3.143,14175.0,3.1431,14781.0
1753769646036,06:14:06.036,coincatch,XRP/USDT:USDT,3.1417,37869.0,3.1416,23428.0,3.143,13820.0,3.1431,15877.0
1753769646336,06:14:06.336,coincatch,XRP/USDT:USDT,3.1417,37859.0,3.1416,22374.0,3.143,13716.0,3.1431,15890.0
1753769646637,06:14:06.637,coincatch,XRP/USDT:USDT,3.1417,37838.0,3.1416,23566.0,3.143,13260.0,3.1431,14690.0
1753769646937,06:14:06.937,coincatch,XRP/USDT:USDT,3.1417,37838.0,3.1416,23902.0,3.143,13260.0,3.1431,14690.0
1753769647837,06:14:07.837,coincatch,XRP/USDT:USDT,3.1421,65859.0,3.142,75264.0,3.1434,5011.0,3.1435,4094.0
1753769648137,06:14:08.137,coincatch,XRP/USDT:USDT,3.1421,66145.0,3.142,74978.0,3.1434,5070.0,3.1435,4094.0
1753769648738,06:14:08.738,coincatch,XRP/USDT:USDT,3.1421,68105.0,3.142,74978.0,3.1434,4353.0,3.1435,4094.0
1753769649638,06:14:09.638,coincatch,XRP/USDT:USDT,3.1421,38864.0,3.142,51041.0,3.1434,10085.0,3.1435,7304.0
1753769650239,06:14:10.239,coincatch,XRP/USDT:USDT,3.1421,39440.0,3.142,51338.0,3.1434,5218.0,3.1435,4094.0
1753769650839,06:14:10.839,coincatch,XRP/USDT:USDT,3.1421,40320.0,3.142,51338.0,3.1434,6482.0,3.1435,6323.0
1753769651439,06:14:11.439,coincatch,XRP/USDT:USDT,3.1422,65229.0,3.1421,33731.0,3.1435,136.0,3.1436,13888.0
1753769651740,06:14:11.740,coincatch,XRP/USDT:USDT,3.1423,73758.0,3.1422,67842.0,3.1436,11856.0,3.1437,17559.0
1753769652040,06:14:12.040,coincatch,XRP/USDT:USDT,3.1423,73758.0,3.1422,62788.0,3.1436,11856.0,3.1437,17559.0
1753769652640,06:14:12.640,coincatch,XRP/USDT:USDT,3.1423,74920.0,3.1422,58895.0,3.1436,10538.0,3.1437,15621.0
1753769653241,06:14:13.241,coincatch,XRP/USDT:USDT,3.1423,74932.0,3.1422,58895.0,3.1436,10341.0,3.1437,15621.0
1753769653841,06:14:13.841,coincatch,XRP/USDT:USDT,3.1423,75214.0,3.1422,58895.0,3.1436,9269.0,3.1437,14470.0
1753769654441,06:14:14.441,coincatch,XRP/USDT:USDT,3.1423,75214.0,3.1422,53648.0,3.1436,11809.0,3.1437,14545.0
1753769654741,06:14:14.741,coincatch,XRP/USDT:USDT,3.1423,75225.0,3.1422,53648.0,3.1436,13985.0,3.1437,13570.0
1753769655042,06:14:15.042,coincatch,XRP/USDT:USDT,3.1423,36620.0,3.1422,53648.0,3.1436,20674.0,3.1437,21712.0
1753769655342,06:14:15.342,coincatch,XRP/USDT:USDT,3.1423,34095.0,3.1422,49319.0,3.1436,21329.0,3.1437,15121.0
1753769655642,06:14:15.642,coincatch,XRP/USDT:USDT,3.1423,33941.0,3.1422,43342.0,3.1436,23986.0,3.1437,16751.0
1753769655942,06:14:15.942,coincatch,XRP/USDT:USDT,3.1423,35116.0,3.1422,43635.0,3.1436,18721.0,3.1437,15076.0
1753769656242,06:14:16.242,coincatch,XRP/USDT:USDT,3.1423,35116.0,3.1422,44139.0,3.1436,18721.0,3.1437,14298.0
1753769656843,06:14:16.843,coincatch,XRP/USDT:USDT,3.1423,29806.0,3.1422,43853.0,3.1436,20211.0,3.1437,14393.0
