timestamp,time,exchange,symbol,bid1_price,bid1_volume,bid2_price,bid2_volume,ask1_price,ask1_volume,ask2_price,ask2_volume
1753769521256,06:12:01.256,bitget,BTC/USDT:USDT,118783.7,27.815,118782.9,0.0114,118783.8,4.6936,118783.9,1.3677
1753769521356,06:12:01.356,bitget,BTC/USDT:USDT,118783.7,27.815,118782.9,0.0444,118783.8,4.6936,118783.9,1.3677
1753769521456,06:12:01.456,bitget,BTC/USDT:USDT,118783.7,27.8025,118782.9,0.0888,118783.8,4.7223,118783.9,1.3677
1753769521856,06:12:01.856,bitget,BTC/USDT:USDT,118783.7,27.8025,118782.9,0.0444,118783.8,4.5265,118783.9,1.3677
1753769521956,06:12:01.956,bitget,BTC/USDT:USDT,118783.7,27.7823,118782.9,0.0228,118783.8,4.5552,118783.9,1.3677
1753769522156,06:12:02.156,bitget,BTC/USDT:USDT,118783.7,27.8025,118782.9,0.0444,118783.8,4.5265,118783.9,1.3677
1753769522758,06:12:02.758,bitget,BTC/USDT:USDT,118783.7,27.8025,118782.9,0.0444,118783.8,4.5299,118783.9,1.3677
1753769522865,06:12:02.865,bitget,BTC/USDT:USDT,118783.7,27.8025,118782.9,0.033,118783.8,4.5012,118783.9,1.3677
1753769522966,06:12:02.966,bitget,BTC/USDT:USDT,118783.7,27.8025,118782.9,0.0444,118783.8,4.5299,118783.9,1.3677
1753769523166,06:12:03.166,bitget,BTC/USDT:USDT,118783.7,27.8025,118782.9,0.0444,118783.8,4.5299,118783.9,1.3677
1753769523266,06:12:03.266,bitget,BTC/USDT:USDT,118783.7,27.8025,118782.9,0.0444,118783.8,4.5299,118783.9,1.3677
1753769523667,06:12:03.667,bitget,BTC/USDT:USDT,118783.7,27.8025,118782.9,0.0444,118783.8,4.5299,118783.9,1.3677
1753769524066,06:12:04.066,bitget,BTC/USDT:USDT,118783.7,27.8025,118782.9,0.0444,118783.8,4.5003,118783.9,1.3677
1753769524166,06:12:04.166,bitget,BTC/USDT:USDT,118783.7,27.77,118782.2,0.004,118783.8,4.4716,118784.0,0.0029
1753769524266,06:12:04.266,bitget,BTC/USDT:USDT,118783.7,26.8683,118782.9,0.0444,118783.8,4.5003,118784.0,0.0029
1753769524366,06:12:04.366,bitget,BTC/USDT:USDT,118783.7,26.8885,118782.9,0.0444,118783.8,4.5003,118784.0,0.0029
1753769524768,06:12:04.768,bitget,BTC/USDT:USDT,118783.7,26.8885,118782.9,0.0444,118783.8,4.5003,118784.0,0.0029
1753769524868,06:12:04.868,bitget,BTC/USDT:USDT,118783.7,26.8885,118782.9,0.0444,118783.8,4.5003,118784.0,0.0029
1753769524968,06:12:04.968,bitget,BTC/USDT:USDT,118783.7,26.8885,118782.9,0.0444,118783.8,4.5003,118784.0,0.0029
1753769525068,06:12:05.068,bitget,BTC/USDT:USDT,118783.7,26.8062,118782.9,0.0444,118783.8,4.5003,118784.0,0.0029
1753769525168,06:12:05.168,bitget,BTC/USDT:USDT,118783.7,26.8062,118782.9,0.0444,118783.8,4.7234,118784.0,0.0029
1753769525269,06:12:05.269,bitget,BTC/USDT:USDT,118783.7,26.8062,118783.0,0.0444,118783.8,4.8714,118784.0,0.0029
1753769525368,06:12:05.368,bitget,BTC/USDT:USDT,118783.7,26.8062,118783.0,0.033,118783.8,0.592,118784.0,0.0029
1753769526071,06:12:06.071,bitget,BTC/USDT:USDT,118783.7,26.9177,118782.9,0.0444,118783.8,2.0202,118784.0,0.0029
1753769526371,06:12:06.371,bitget,BTC/USDT:USDT,118783.7,26.8878,118782.9,0.0444,118783.8,2.0202,118784.0,0.0029
1753769526471,06:12:06.471,bitget,BTC/USDT:USDT,118783.7,26.8878,118782.8,0.066,118783.8,1.9915,118784.0,0.0029
1753769526571,06:12:06.571,bitget,BTC/USDT:USDT,118783.7,26.7878,118782.8,0.0444,118783.8,0.7602,118784.0,0.0029
1753769526771,06:12:06.771,bitget,BTC/USDT:USDT,118783.7,26.7878,118782.8,0.0558,118783.8,0.7889,118784.0,0.0029
1753769526871,06:12:06.871,bitget,BTC/USDT:USDT,118783.7,26.7878,118782.8,0.0444,118783.8,0.7602,118784.0,0.0029
1753769526971,06:12:06.971,bitget,BTC/USDT:USDT,118783.7,26.7878,118782.8,0.033,118783.8,0.7442,118784.0,0.0029
1753769527071,06:12:07.071,bitget,BTC/USDT:USDT,118783.7,26.7878,118782.8,0.033,118783.8,0.7442,118784.0,0.0029
1753769527171,06:12:07.171,bitget,BTC/USDT:USDT,118783.7,26.7878,118782.8,0.033,118783.8,0.7728,118784.0,0.0029
1753769527272,06:12:07.272,bitget,BTC/USDT:USDT,118783.7,26.7878,118782.8,0.033,118783.8,1.6688,118784.0,0.0029
1753769527372,06:12:07.372,bitget,BTC/USDT:USDT,118783.7,26.7878,118782.8,0.033,118783.8,1.6688,118784.0,0.0029
1753769527472,06:12:07.472,bitget,BTC/USDT:USDT,118783.7,26.7878,118782.8,0.033,118783.8,1.6688,118784.0,0.0029
1753769527572,06:12:07.572,bitget,BTC/USDT:USDT,118783.7,26.7878,118782.8,0.033,118783.8,1.6688,118784.0,0.0029
1753769527772,06:12:07.772,bitget,BTC/USDT:USDT,118783.7,26.7878,118782.8,0.033,118783.8,1.6688,118784.0,0.0029
1753769527872,06:12:07.872,bitget,BTC/USDT:USDT,118783.7,26.7878,118782.9,0.0444,118783.8,1.6688,118784.0,0.0029
1753769528174,06:12:08.174,bitget,BTC/USDT:USDT,118783.7,26.7878,118782.8,0.033,118783.8,1.6975,118784.0,0.0029
1753769528274,06:12:08.274,bitget,BTC/USDT:USDT,118783.7,26.7878,118782.8,0.033,118783.8,1.6688,118784.0,0.0029
1753769528375,06:12:08.375,bitget,BTC/USDT:USDT,118783.7,26.7878,118782.8,0.033,118783.8,1.6688,118784.0,0.0029
1753769528475,06:12:08.475,bitget,BTC/USDT:USDT,118783.7,26.7878,118782.8,0.033,118783.8,1.6401,118784.0,0.0029
1753769528575,06:12:08.575,bitget,BTC/USDT:USDT,118783.7,26.7878,118782.8,0.0444,118783.8,1.6688,118784.0,0.0029
1753769528676,06:12:08.676,bitget,BTC/USDT:USDT,118783.7,26.7878,118782.8,0.033,118783.8,1.6401,118784.0,0.0029
1753769528776,06:12:08.776,bitget,BTC/USDT:USDT,118783.7,26.7878,118782.8,0.0444,118783.8,1.6688,118784.0,0.0029
1753769528876,06:12:08.876,bitget,BTC/USDT:USDT,118783.7,26.7878,118782.8,0.033,118783.8,1.6688,118784.0,0.0029
1753769528976,06:12:08.976,bitget,BTC/USDT:USDT,118783.7,26.7878,118782.8,0.0444,118783.8,1.6688,118784.0,0.0029
1753769529076,06:12:09.076,bitget,BTC/USDT:USDT,118783.7,26.7878,118782.9,0.0114,118783.8,1.6688,118783.9,0.0001
1753769529176,06:12:09.176,bitget,BTC/USDT:USDT,118783.7,26.7878,118782.9,0.0444,118783.8,1.6688,118783.9,0.0001
1753769529276,06:12:09.276,bitget,BTC/USDT:USDT,118783.7,26.7878,118782.9,0.0444,118783.8,1.6688,118783.9,0.0001
1753769529879,06:12:09.879,bitget,BTC/USDT:USDT,118783.7,26.7878,118782.9,0.0444,118783.8,1.6678,118783.9,0.0001
1753769530079,06:12:10.079,bitget,BTC/USDT:USDT,118783.7,26.7036,118782.9,0.0444,118783.8,1.6678,118783.9,0.0001
1753769530179,06:12:10.179,bitget,BTC/USDT:USDT,118783.7,26.7036,118782.9,0.0444,118783.8,1.6678,118783.9,0.0001
1753769530279,06:12:10.279,bitget,BTC/USDT:USDT,118783.7,26.7036,118782.9,0.0444,118783.8,1.4997,118783.9,0.0001
1753769530379,06:12:10.379,bitget,BTC/USDT:USDT,118783.7,26.7036,118782.9,0.0114,118783.8,1.4997,118783.9,0.0001
1753769530480,06:12:10.480,bitget,BTC/USDT:USDT,118783.7,26.7036,118782.9,0.0114,118783.8,1.4997,118783.9,0.0001
1753769530580,06:12:10.580,bitget,BTC/USDT:USDT,118783.7,26.7036,118782.8,0.0444,118783.8,1.4997,118783.9,0.0001
1753769530680,06:12:10.680,bitget,BTC/USDT:USDT,118790.0,16.0981,118789.9,9.7477,118793.3,0.005,118795.9,3.6351
1753769531482,06:12:11.482,bitget,BTC/USDT:USDT,118793.2,37.0432,118793.1,1.554,118793.3,0.0054,118797.7,0.0019
1753769531582,06:12:11.582,bitget,BTC/USDT:USDT,118793.2,37.0432,118793.1,0.8232,118793.3,0.0054,118797.7,0.0019
1753769531683,06:12:11.683,bitget,BTC/USDT:USDT,118793.2,37.0432,118793.1,0.8232,118793.3,0.0054,118797.7,0.0019
1753769531983,06:12:11.983,bitget,BTC/USDT:USDT,118793.2,36.9097,118793.1,1.1424,118793.3,0.0054,118797.7,0.0019
1753769532083,06:12:12.083,bitget,BTC/USDT:USDT,118793.2,36.9097,118793.1,1.1424,118793.3,0.0054,118797.7,0.0019
1753769532183,06:12:12.183,bitget,BTC/USDT:USDT,118793.2,36.9097,118793.1,1.1424,118793.3,0.0054,118797.7,0.0019
1753769532483,06:12:12.483,bitget,BTC/USDT:USDT,118793.2,36.2433,118793.1,0.6025,118793.3,0.0714,118797.7,0.0019
1753769532583,06:12:12.583,bitget,BTC/USDT:USDT,118793.2,36.2763,118793.1,0.6025,118793.3,0.0054,118797.7,0.0019
1753769532684,06:12:12.684,bitget,BTC/USDT:USDT,118793.2,36.2763,118793.1,0.6025,118793.3,0.0054,118797.7,0.0019
1753769533683,06:12:13.683,bitget,BTC/USDT:USDT,118793.2,36.6624,118793.1,0.6025,118793.3,0.0054,118797.7,0.0019
1753769533783,06:12:13.783,bitget,BTC/USDT:USDT,118793.2,36.6954,118793.1,0.6025,118793.3,0.0316,118797.7,0.0019
1753769533984,06:12:13.984,bitget,BTC/USDT:USDT,118793.2,36.6954,118793.1,0.6025,118793.3,0.0054,118797.7,0.0019
1753769534083,06:12:14.083,bitget,BTC/USDT:USDT,118793.2,36.7284,118793.1,0.6025,118793.3,0.0054,118797.7,0.0019
1753769534284,06:12:14.284,bitget,BTC/USDT:USDT,118793.2,36.2763,118793.1,0.6025,118793.3,0.0054,118797.7,0.0019
1753769534384,06:12:14.384,bitget,BTC/USDT:USDT,118793.2,36.2763,118793.1,0.6025,118793.3,0.0054,118797.7,0.0019
1753769534484,06:12:14.484,bitget,BTC/USDT:USDT,118793.2,36.2433,118793.1,0.6025,118793.3,0.0054,118797.7,0.0019
1753769534584,06:12:14.584,bitget,BTC/USDT:USDT,118793.2,35.8047,118793.1,0.6025,118793.3,0.0054,118797.7,0.0019
1753769535185,06:12:15.185,bitget,BTC/USDT:USDT,118793.2,36.2746,118793.1,0.6025,118793.3,0.0714,118797.7,0.0019
1753769535285,06:12:15.285,bitget,BTC/USDT:USDT,118793.2,36.2746,118793.1,0.6025,118793.3,0.0454,118797.7,0.0019
1753769535486,06:12:15.486,bitget,BTC/USDT:USDT,118793.2,35.8521,118793.1,0.6025,118793.3,0.0454,118797.7,0.0019
1753769535585,06:12:15.585,bitget,BTC/USDT:USDT,118793.2,35.8521,118793.1,0.6025,118793.3,0.0454,118797.7,0.0019
1753769535885,06:12:15.885,bitget,BTC/USDT:USDT,118793.2,35.8521,118793.1,0.6025,118793.3,0.1081,118797.7,0.0019
1753769535986,06:12:15.986,bitget,BTC/USDT:USDT,118793.2,35.8521,118793.1,0.6025,118793.3,0.0421,118797.7,0.0019
1753769536186,06:12:16.186,bitget,BTC/USDT:USDT,118793.2,35.8519,118793.1,0.6025,118793.3,0.1081,118797.7,0.0019
1753769536286,06:12:16.286,bitget,BTC/USDT:USDT,118793.2,35.8519,118793.1,0.6025,118793.3,0.2562,118797.7,0.0019
1753769536385,06:12:16.385,bitget,BTC/USDT:USDT,118793.2,35.8536,118793.1,0.6025,118793.3,0.9479,118797.7,0.0019
1753769536586,06:12:16.586,bitget,BTC/USDT:USDT,118793.2,35.8536,118793.1,0.6025,118793.3,0.8819,118797.7,0.0019
1753769536686,06:12:16.686,bitget,BTC/USDT:USDT,118793.2,35.8536,118793.1,0.6025,118793.3,0.9479,118797.7,0.0019
1753769536786,06:12:16.786,bitget,BTC/USDT:USDT,118793.2,35.8536,118793.1,0.6025,118793.3,0.9081,118797.7,0.0019
1753769536887,06:12:16.887,bitget,BTC/USDT:USDT,118793.2,36.2744,118793.1,0.6025,118793.3,0.9081,118797.7,0.0019
1753769537787,06:12:17.787,bitget,BTC/USDT:USDT,118822.8,17.3137,118820.4,0.8651,118822.9,5.6335,118823.0,0.4
1753769537886,06:12:17.886,bitget,BTC/USDT:USDT,118822.8,32.2535,118822.6,1.367,118822.9,5.8032,118823.0,0.4
1753769538187,06:12:18.187,bitget,BTC/USDT:USDT,118822.8,25.1688,118822.6,1.367,118822.9,9.1695,118823.0,0.4
1753769538289,06:12:18.289,bitget,BTC/USDT:USDT,118822.8,25.1688,118822.6,1.367,118822.9,9.1695,118823.0,0.4
1753769538390,06:12:18.390,bitget,BTC/USDT:USDT,118822.8,25.1688,118822.6,1.367,118822.9,10.433,118823.0,0.4
1753769538490,06:12:18.490,bitget,BTC/USDT:USDT,118822.8,25.1688,118822.6,1.367,118822.9,10.433,118823.0,0.4
1753769538590,06:12:18.590,bitget,BTC/USDT:USDT,118822.8,25.1688,118822.6,1.367,118822.9,10.433,118823.0,0.4
1753769538690,06:12:18.690,bitget,BTC/USDT:USDT,118822.8,23.7691,118822.6,1.367,118822.9,10.433,118823.0,0.4
1753769538792,06:12:18.792,bitget,BTC/USDT:USDT,118822.8,23.7893,118822.6,1.367,118822.9,11.3565,118823.0,0.4
1753769538892,06:12:18.892,bitget,BTC/USDT:USDT,118822.8,3.5317,118822.0,1.367,118822.9,11.9502,118823.0,0.4
1753769539293,06:12:19.293,bitget,BTC/USDT:USDT,118822.8,4.2314,118820.2,2.9453,118822.9,16.6574,118823.0,0.4
1753769539595,06:12:19.595,bitget,BTC/USDT:USDT,118822.8,7.9744,118820.1,1.3835,118822.9,14.8619,118823.0,0.4
1753769539695,06:12:19.695,bitget,BTC/USDT:USDT,118822.8,10.2232,118820.4,0.8651,118822.9,14.8619,118823.0,0.4
1753769540402,06:12:20.402,bitget,BTC/USDT:USDT,118822.8,9.9232,118820.4,0.8651,118822.9,14.6831,118823.0,0.4
1753769540502,06:12:20.502,bitget,BTC/USDT:USDT,118822.8,11.3026,118820.4,0.8651,118822.9,14.6831,118823.0,0.4
1753769540805,06:12:20.805,bitget,BTC/USDT:USDT,118822.8,11.3026,118820.5,3.5763,118822.9,11.1191,118823.0,0.4
1753769541005,06:12:21.005,bitget,BTC/USDT:USDT,118822.8,11.3027,118820.6,0.004,118822.9,11.1191,118823.0,0.4
1753769541106,06:12:21.106,bitget,BTC/USDT:USDT,118822.8,11.3027,118820.6,0.004,118822.9,11.1191,118823.0,0.4
1753769541205,06:12:21.205,bitget,BTC/USDT:USDT,118822.8,11.3027,118820.6,0.004,118822.9,11.1191,118823.0,0.4
1753769541306,06:12:21.306,bitget,BTC/USDT:USDT,118822.8,11.3027,118820.6,0.004,118822.9,11.1191,118823.0,0.4
1753769541406,06:12:21.406,bitget,BTC/USDT:USDT,118822.8,11.2825,118820.6,0.004,118822.9,11.1191,118823.0,0.4
1753769541507,06:12:21.507,bitget,BTC/USDT:USDT,118822.8,11.3027,118820.4,0.8651,118822.9,11.1191,118823.0,0.4
1753769541607,06:12:21.607,bitget,BTC/USDT:USDT,118822.8,9.9233,118820.4,0.8651,118822.9,11.3038,118823.0,0.4
1753769541808,06:12:21.808,bitget,BTC/USDT:USDT,118822.8,10.2528,118820.5,1.6475,118822.9,11.3038,118823.0,0.4
1753769542009,06:12:22.009,bitget,BTC/USDT:USDT,118822.8,10.2528,118820.5,1.6475,118822.9,11.3917,118823.0,0.4
1753769542712,06:12:22.712,bitget,BTC/USDT:USDT,118822.8,0.0005,118818.1,0.004,118822.9,20.0969,118823.0,0.4
1753769542914,06:12:22.914,bitget,BTC/USDT:USDT,118822.8,0.0005,118818.1,0.004,118822.9,20.0969,118823.0,0.4
1753769543313,06:12:23.313,bitget,BTC/USDT:USDT,118822.8,1.6842,118817.9,0.033,118822.9,19.7153,118823.0,0.4
1753769543815,06:12:23.815,bitget,BTC/USDT:USDT,118822.8,1.544,118817.9,0.033,118822.9,19.7153,118823.0,0.4
1753769543915,06:12:23.915,bitget,BTC/USDT:USDT,118822.8,1.6842,118817.9,0.033,118822.9,19.7153,118823.0,0.4
1753769544016,06:12:24.016,bitget,BTC/USDT:USDT,118822.8,1.6842,118817.9,0.033,118822.9,19.7153,118823.0,0.4
1753769544116,06:12:24.116,bitget,BTC/USDT:USDT,118822.8,1.6842,118817.9,0.033,118822.9,19.7153,118823.0,0.4
1753769544216,06:12:24.216,bitget,BTC/USDT:USDT,118822.8,1.6842,118818.0,1.26,118822.9,19.7153,118823.0,0.4
1753769544517,06:12:24.517,bitget,BTC/USDT:USDT,118822.8,1.6842,118818.0,1.26,118822.9,19.6525,118823.0,0.4
1753769544618,06:12:24.618,bitget,BTC/USDT:USDT,118822.8,1.6842,118818.0,1.26,118822.9,19.2303,118823.0,0.4017
1753769544718,06:12:24.718,bitget,BTC/USDT:USDT,118822.8,1.6842,118818.0,1.26,118822.9,19.1303,118823.0,0.4017
1753769544818,06:12:24.818,bitget,BTC/USDT:USDT,118822.8,1.6842,118818.0,1.26,118822.9,19.1303,118823.0,0.4017
1753769544918,06:12:24.918,bitget,BTC/USDT:USDT,118822.8,1.6842,118818.0,1.26,118822.9,19.1303,118823.0,0.4017
1753769545018,06:12:25.018,bitget,BTC/USDT:USDT,118822.8,1.1878,118818.0,1.26,118822.9,19.1336,118823.0,0.4017
1753769545118,06:12:25.118,bitget,BTC/USDT:USDT,118822.8,1.6816,118818.0,1.26,118822.9,19.1336,118823.0,0.4017
1753769545219,06:12:25.219,bitget,BTC/USDT:USDT,118822.8,1.6816,118818.0,1.26,118822.9,19.1336,118823.0,0.4017
1753769545318,06:12:25.318,bitget,BTC/USDT:USDT,118822.8,1.3204,118818.0,1.26,118822.9,19.1336,118823.0,0.4017
1753769545418,06:12:25.418,bitget,BTC/USDT:USDT,118822.8,1.674,118818.0,1.26,118822.9,19.1335,118823.0,0.4017
1753769545518,06:12:25.518,bitget,BTC/USDT:USDT,118822.8,1.0186,118818.0,1.26,118822.9,19.1335,118823.0,0.4017
1753769545619,06:12:25.619,bitget,BTC/USDT:USDT,118822.8,1.6816,118818.0,1.26,118822.9,19.1335,118823.0,0.4017
1753769545719,06:12:25.719,bitget,BTC/USDT:USDT,118822.8,1.6816,118818.0,1.26,118822.9,19.1335,118823.0,0.4017
1753769545820,06:12:25.820,bitget,BTC/USDT:USDT,118822.8,1.1878,118818.0,1.26,118822.9,19.1335,118823.0,0.4017
1753769545919,06:12:25.919,bitget,BTC/USDT:USDT,118822.8,1.3204,118818.0,1.26,118822.9,19.1334,118823.0,0.4017
1753769546921,06:12:26.921,bitget,BTC/USDT:USDT,118822.8,1.2519,118817.4,0.066,118822.9,21.2974,118823.0,0.4017
1753769547622,06:12:27.622,bitget,BTC/USDT:USDT,118822.8,1.2519,118817.5,0.033,118822.9,20.8467,118823.0,0.4017
1753769547722,06:12:27.722,bitget,BTC/USDT:USDT,118822.8,1.2519,118817.5,0.033,118822.9,20.8467,118823.0,0.4017
1753769547922,06:12:27.922,bitget,BTC/USDT:USDT,118822.8,2.0033,118817.5,0.066,118822.9,20.8468,118823.0,0.4018
1753769548322,06:12:28.322,bitget,BTC/USDT:USDT,118822.8,1.3403,118817.4,0.066,118822.9,23.5287,118823.0,0.4018
1753769548522,06:12:28.522,bitget,BTC/USDT:USDT,118822.8,1.6497,118817.2,0.2172,118822.9,23.148,118823.0,0.4018
1753769548622,06:12:28.622,bitget,BTC/USDT:USDT,118822.8,1.6497,118817.3,0.033,118822.9,23.148,118823.0,0.4018
1753769548922,06:12:28.922,bitget,BTC/USDT:USDT,118822.8,1.0911,118817.2,0.1842,118822.9,23.148,118823.0,0.4018
1753769549123,06:12:29.123,bitget,BTC/USDT:USDT,118822.8,1.6733,118817.2,0.004,118822.9,23.5687,118823.0,0.4018
1753769550225,06:12:30.225,bitget,BTC/USDT:USDT,118808.3,0.8262,118805.5,0.9,118808.4,44.4872,118809.9,0.2252
1753769550325,06:12:30.325,bitget,BTC/USDT:USDT,118808.3,0.6418,118805.4,1.9397,118808.4,44.4772,118809.9,0.2252
1753769552433,06:12:32.433,bitget,BTC/USDT:USDT,118822.7,44.0288,118822.6,19.8879,118822.8,1.3691,118823.0,0.4017
1753769553034,06:12:33.034,bitget,BTC/USDT:USDT,118822.7,26.1523,118818.1,1.3665,118822.8,4.3139,118822.9,0.0001
1753769553134,06:12:33.134,bitget,BTC/USDT:USDT,118822.7,26.1523,118818.1,1.3665,118822.8,4.2664,118822.9,0.0001
1753769553234,06:12:33.234,bitget,BTC/USDT:USDT,118822.7,26.1548,118818.1,1.3665,118822.8,4.274,118822.9,0.0001
1753769553834,06:12:33.834,bitget,BTC/USDT:USDT,118822.7,26.1548,118818.1,1.3665,118822.8,4.1442,118823.0,0.4017
1753769553935,06:12:33.935,bitget,BTC/USDT:USDT,118822.7,26.1548,118818.1,1.3665,118822.8,4.1442,118823.0,0.4017
1753769554035,06:12:34.035,bitget,BTC/USDT:USDT,118822.7,26.1548,118817.0,0.4207,118822.8,4.1442,118823.0,0.4017
1753769554135,06:12:34.135,bitget,BTC/USDT:USDT,118822.7,26.1548,118818.3,1.3665,118822.8,4.1442,118823.0,0.4017
1753769554236,06:12:34.236,bitget,BTC/USDT:USDT,118822.7,26.1346,118818.3,1.3665,118822.8,4.1442,118823.0,0.4017
1753769554336,06:12:34.336,bitget,BTC/USDT:USDT,118822.7,26.1548,118818.3,1.3665,118822.8,4.1442,118823.0,0.4017
1753769554536,06:12:34.536,bitget,BTC/USDT:USDT,118822.7,26.1548,118818.3,1.3665,118822.8,4.1442,118823.0,0.4017
1753769554836,06:12:34.836,bitget,BTC/USDT:USDT,118822.7,26.1548,118817.5,1.3665,118822.8,4.1331,118823.0,0.4017
1753769554937,06:12:34.937,bitget,BTC/USDT:USDT,118822.7,26.1346,118817.5,1.3665,118822.8,4.1331,118823.0,0.4017
1753769555038,06:12:35.038,bitget,BTC/USDT:USDT,118822.7,26.1548,118817.5,1.3665,118822.8,4.1331,118823.0,0.4017
1753769555139,06:12:35.139,bitget,BTC/USDT:USDT,118822.7,25.9445,118817.6,0.2103,118822.8,4.1331,118823.0,0.4017
1753769555239,06:12:35.239,bitget,BTC/USDT:USDT,118822.7,25.9445,118817.6,0.2103,118822.8,4.1331,118823.0,0.4017
1753769555339,06:12:35.339,bitget,BTC/USDT:USDT,118822.7,25.9445,118817.6,0.2103,118822.8,4.1347,118823.0,0.4017
1753769555439,06:12:35.439,bitget,BTC/USDT:USDT,118822.7,25.9446,118817.6,0.2103,118822.8,4.1347,118823.0,0.4017
1753769555539,06:12:35.539,bitget,BTC/USDT:USDT,118822.7,22.242,118817.6,3.5763,118822.8,7.6797,118823.0,0.4017
1753769555943,06:12:35.943,bitget,BTC/USDT:USDT,118822.7,22.0737,118819.9,3.5763,118822.8,9.4907,118823.0,0.4017
1753769556043,06:12:36.043,bitget,BTC/USDT:USDT,118822.7,22.0737,118819.9,3.5763,118822.8,9.4896,118823.0,0.4017
1753769556143,06:12:36.143,bitget,BTC/USDT:USDT,118822.7,22.0737,118820.0,0.004,118822.8,9.3106,118823.0,0.4017
1753769556245,06:12:36.245,bitget,BTC/USDT:USDT,118822.7,22.0535,118820.0,0.004,118822.8,9.3106,118823.0,0.4017
1753769557048,06:12:37.048,bitget,BTC/USDT:USDT,118822.7,22.0696,118819.8,0.5868,118822.8,9.4912,118823.0,0.4017
1753769557248,06:12:37.248,bitget,BTC/USDT:USDT,118822.7,22.0494,118819.8,0.5868,118822.8,9.4912,118823.0,0.4017
1753769557751,06:12:37.751,bitget,BTC/USDT:USDT,118822.7,22.0696,118819.8,0.5868,118822.8,9.4922,118823.0,0.4017
1753769558052,06:12:38.052,bitget,BTC/USDT:USDT,118822.7,22.0696,118819.8,0.5868,118822.8,9.4922,118823.0,0.4017
1753769558152,06:12:38.152,bitget,BTC/USDT:USDT,118822.7,22.0696,118819.8,0.5868,118822.8,9.4922,118823.0,0.4017
1753769558252,06:12:38.252,bitget,BTC/USDT:USDT,118822.7,22.0696,118819.8,0.5868,118822.8,9.4922,118823.0,0.4017
1753769558352,06:12:38.352,bitget,BTC/USDT:USDT,118822.7,22.0696,118819.8,0.5868,118822.8,9.4922,118823.0,0.4017
1753769558452,06:12:38.452,bitget,BTC/USDT:USDT,118822.7,22.0696,118819.8,0.5868,118822.8,9.4922,118823.0,0.4017
1753769558552,06:12:38.552,bitget,BTC/USDT:USDT,118822.7,22.0696,118819.9,3.3661,118822.8,9.4922,118823.0,0.4017
1753769558653,06:12:38.653,bitget,BTC/USDT:USDT,118822.7,22.0684,118820.0,0.004,118822.8,10.8586,118823.0,0.4017
1753769558758,06:12:38.758,bitget,BTC/USDT:USDT,118822.7,22.0684,118820.0,0.004,118822.8,10.8586,118823.0,0.4017
1753769558864,06:12:38.864,bitget,BTC/USDT:USDT,118822.7,22.0684,118820.0,0.004,118822.8,10.8586,118823.0,0.4017
1753769558968,06:12:38.968,bitget,BTC/USDT:USDT,118822.7,22.0684,118820.0,0.004,118822.8,10.8586,118823.0,0.4017
1753769559068,06:12:39.068,bitget,BTC/USDT:USDT,118822.7,22.0684,118820.0,0.004,118822.8,10.6796,118823.0,0.4017
1753769559173,06:12:39.173,bitget,BTC/USDT:USDT,118822.7,22.0642,118820.0,0.004,118822.8,9.4161,118823.0,0.4017
1753769559274,06:12:39.274,bitget,BTC/USDT:USDT,118822.7,22.0642,118820.0,0.2143,118822.8,9.4161,118823.0,0.4017
1753769559374,06:12:39.374,bitget,BTC/USDT:USDT,118822.7,21.1908,118817.6,3.5764,118822.8,9.5951,118823.0,0.4017
1753769559475,06:12:39.475,bitget,BTC/USDT:USDT,118822.7,21.2162,118819.4,0.8651,118822.8,10.5477,118823.0,0.4017
1753769559576,06:12:39.576,bitget,BTC/USDT:USDT,118822.7,21.2162,118819.5,3.3661,118822.8,10.5477,118823.0,0.4017
1753769559680,06:12:39.680,bitget,BTC/USDT:USDT,118822.7,21.2162,118819.5,3.3661,118822.8,10.5477,118823.0,0.4017
1753769559781,06:12:39.781,bitget,BTC/USDT:USDT,118822.7,21.196,118819.5,3.3661,118822.8,10.5477,118823.0,0.4017
1753769559881,06:12:39.881,bitget,BTC/USDT:USDT,118822.7,21.2162,118819.6,0.004,118822.8,10.5477,118823.0,0.4017
1753769559981,06:12:39.981,bitget,BTC/USDT:USDT,118822.7,21.4608,118819.6,0.004,118822.8,10.5477,118823.0,0.4017
1753769560082,06:12:40.082,bitget,BTC/USDT:USDT,118822.7,21.4608,118819.6,0.004,118822.8,10.5477,118823.0,0.4017
1753769560186,06:12:40.186,bitget,BTC/USDT:USDT,118822.7,21.4588,118819.8,0.5868,118822.8,10.5476,118823.0,0.4017
1753769560288,06:12:40.288,bitget,BTC/USDT:USDT,118822.7,21.4386,118819.9,0.2103,118822.8,10.5476,118823.0,0.4017
1753769560388,06:12:40.388,bitget,BTC/USDT:USDT,118822.7,21.4386,118819.9,0.2103,118822.8,10.5476,118823.0,0.4017
1753769560490,06:12:40.490,bitget,BTC/USDT:USDT,118822.7,21.4588,118819.9,3.5763,118822.8,10.5476,118823.0,0.4017
1753769560590,06:12:40.590,bitget,BTC/USDT:USDT,118822.7,21.4386,118819.9,3.5763,118822.8,10.5476,118823.0,0.4017
1753769560690,06:12:40.690,bitget,BTC/USDT:USDT,118822.7,21.4588,118820.0,0.004,118822.8,10.5477,118823.0,0.4018
1753769560790,06:12:40.790,bitget,BTC/USDT:USDT,118822.7,21.4588,118820.0,0.004,118822.8,10.5477,118822.9,0.0001
1753769560991,06:12:40.991,bitget,BTC/USDT:USDT,118822.7,21.4588,118820.0,0.004,118822.8,10.5477,118822.9,0.0001
1753769561092,06:12:41.092,bitget,BTC/USDT:USDT,118822.7,21.4571,118820.0,0.004,118822.8,10.5436,118822.9,0.0001
1753769561197,06:12:41.197,bitget,BTC/USDT:USDT,118822.7,21.4571,118820.0,0.004,118822.8,10.5436,118822.9,0.0001
1753769561300,06:12:41.300,bitget,BTC/USDT:USDT,118822.7,21.4571,118820.0,0.004,118822.8,10.5436,118822.9,0.0001
1753769561400,06:12:41.400,bitget,BTC/USDT:USDT,118822.7,21.457,118819.9,3.366,118822.8,10.5436,118822.9,0.0001
1753769561502,06:12:41.502,bitget,BTC/USDT:USDT,118822.7,21.457,118819.9,3.366,118822.8,10.5436,118822.9,0.0001
1753769561602,06:12:41.602,bitget,BTC/USDT:USDT,118822.7,21.457,118819.9,3.366,118822.8,10.5436,118822.9,0.0001
1753769561805,06:12:41.805,bitget,BTC/USDT:USDT,118822.7,21.457,118819.9,3.366,118822.8,10.5436,118822.9,0.0001
1753769562006,06:12:42.006,bitget,BTC/USDT:USDT,118822.7,24.823,118820.0,0.004,118822.8,6.6301,118822.9,0.0001
1753769562106,06:12:42.106,bitget,BTC/USDT:USDT,118822.7,24.823,118820.0,0.004,118822.8,6.6301,118822.9,0.0001
1753769562208,06:12:42.208,bitget,BTC/USDT:USDT,118822.7,25.0131,118820.0,0.004,118822.8,6.6301,118822.9,0.0001
1753769562308,06:12:42.308,bitget,BTC/USDT:USDT,118822.7,25.0333,118819.8,0.5868,118822.8,6.6301,118822.9,0.0001
1753769562408,06:12:42.408,bitget,BTC/USDT:USDT,118822.7,25.0333,118819.8,0.5868,118822.8,6.6301,118822.9,0.0001
1753769562509,06:12:42.509,bitget,BTC/USDT:USDT,118822.7,25.0131,118819.8,0.5868,118822.8,6.6301,118822.9,0.0001
1753769562614,06:12:42.614,bitget,BTC/USDT:USDT,118822.7,25.0333,118819.8,0.5868,118822.8,6.6301,118822.9,0.0001
1753769562716,06:12:42.716,bitget,BTC/USDT:USDT,118822.7,25.0333,118819.8,0.5868,118822.8,6.6301,118822.9,0.0001
1753769562817,06:12:42.817,bitget,BTC/USDT:USDT,118822.7,25.0333,118819.8,0.5868,118822.8,6.6301,118822.9,0.0001
1753769562919,06:12:42.919,bitget,BTC/USDT:USDT,118822.7,25.0333,118819.8,0.5868,118822.8,6.6301,118822.9,0.0001
1753769563020,06:12:43.020,bitget,BTC/USDT:USDT,118822.7,25.0333,118819.8,0.5868,118822.8,5.4985,118822.9,0.0001
1753769563120,06:12:43.120,bitget,BTC/USDT:USDT,118822.7,25.0333,118819.8,0.5868,118822.8,5.4985,118822.9,0.0001
1753769563223,06:12:43.223,bitget,BTC/USDT:USDT,118822.7,25.0293,118819.8,0.5868,118822.8,5.4985,118822.9,0.0001
1753769563323,06:12:43.323,bitget,BTC/USDT:USDT,118822.7,24.819,118819.8,0.5868,118822.8,5.4985,118822.9,0.0001
1753769563426,06:12:43.426,bitget,BTC/USDT:USDT,118822.7,24.819,118819.9,0.2103,118822.8,5.4985,118822.9,0.0001
1753769563526,06:12:43.526,bitget,BTC/USDT:USDT,118822.7,24.7988,118819.9,0.2103,118822.8,5.4985,118822.9,0.0001
1753769563626,06:12:43.626,bitget,BTC/USDT:USDT,118822.7,24.7988,118819.9,0.2103,118822.8,5.4985,118822.9,0.0001
1753769563727,06:12:43.727,bitget,BTC/USDT:USDT,118822.7,24.819,118819.9,0.2103,118822.8,5.9361,118822.9,0.0001
1753769563827,06:12:43.827,bitget,BTC/USDT:USDT,118822.7,24.819,118819.9,0.2103,118822.8,5.9361,118822.9,0.0001
1753769563927,06:12:43.927,bitget,BTC/USDT:USDT,118822.7,24.7988,118819.9,0.2103,118822.8,5.9361,118822.9,0.0001
1753769564027,06:12:44.027,bitget,BTC/USDT:USDT,118822.7,24.7988,118819.9,0.2103,118822.8,7.2932,118822.9,0.0001
1753769564127,06:12:44.127,bitget,BTC/USDT:USDT,118822.7,24.819,118819.9,0.2103,118822.8,7.2932,118822.9,0.0001
1753769564228,06:12:44.228,bitget,BTC/USDT:USDT,118822.7,24.819,118819.9,0.2103,118822.8,7.2932,118822.9,0.0001
1753769564336,06:12:44.336,bitget,BTC/USDT:USDT,118822.7,24.819,118819.9,0.2103,118822.8,7.2932,118822.9,0.0001
1753769564436,06:12:44.436,bitget,BTC/USDT:USDT,118822.7,24.819,118819.9,0.2103,118822.8,7.2932,118822.9,0.0001
1753769564536,06:12:44.536,bitget,BTC/USDT:USDT,118822.7,24.819,118819.9,0.2103,118822.8,7.2932,118822.9,0.0001
1753769564636,06:12:44.636,bitget,BTC/USDT:USDT,118822.7,24.819,118819.9,0.2103,118822.8,7.2932,118822.9,0.0001
1753769564736,06:12:44.736,bitget,BTC/USDT:USDT,118822.7,24.819,118819.9,0.2103,118822.8,7.2932,118822.9,0.0001
1753769564842,06:12:44.842,bitget,BTC/USDT:USDT,118822.7,24.819,118819.9,0.2103,118822.8,7.2932,118822.9,0.0001
1753769564942,06:12:44.942,bitget,BTC/USDT:USDT,118822.7,24.819,118819.9,0.2103,118822.8,7.2932,118822.9,0.0001
1753769565043,06:12:45.043,bitget,BTC/USDT:USDT,118822.7,24.819,118819.9,0.2103,118822.8,7.2842,118822.9,0.0001
1753769565145,06:12:45.145,bitget,BTC/USDT:USDT,118822.7,24.7988,118819.9,0.2103,118822.8,7.2842,118822.9,0.0001
1753769565247,06:12:45.247,bitget,BTC/USDT:USDT,118822.7,24.819,118819.9,0.2103,118822.8,7.2842,118822.9,0.0001
1753769565346,06:12:45.346,bitget,BTC/USDT:USDT,118822.7,24.819,118819.9,0.2103,118822.8,7.2842,118822.9,0.0001
1753769565547,06:12:45.547,bitget,BTC/USDT:USDT,118822.7,24.7988,118820.3,1.3662,118822.8,5.9101,118822.9,0.0002
1753769565648,06:12:45.648,bitget,BTC/USDT:USDT,118822.7,24.819,118820.3,1.3662,118822.8,5.9101,118822.9,0.0002
1753769565749,06:12:45.749,bitget,BTC/USDT:USDT,118822.7,24.819,118820.3,1.3662,118822.8,5.9101,118822.9,0.0002
1753769565853,06:12:45.853,bitget,BTC/USDT:USDT,118822.7,24.819,118820.3,1.3662,118822.8,5.9101,118822.9,0.0002
1753769565954,06:12:45.954,bitget,BTC/USDT:USDT,118822.7,24.819,118820.3,1.3662,118822.8,5.9101,118822.9,0.0002
1753769566054,06:12:46.054,bitget,BTC/USDT:USDT,118822.7,24.819,118820.2,1.3661,118822.8,5.9101,118822.9,0.0002
1753769566155,06:12:46.155,bitget,BTC/USDT:USDT,118822.7,24.7287,118820.2,1.3661,118822.8,5.9101,118822.9,0.0002
1753769566256,06:12:46.256,bitget,BTC/USDT:USDT,118822.7,24.7489,118820.2,1.3661,118822.8,5.9101,118822.9,0.0002
1753769566359,06:12:46.359,bitget,BTC/USDT:USDT,118822.7,24.7489,118820.2,1.3661,118822.8,5.9101,118822.9,0.0002
1753769566459,06:12:46.459,bitget,BTC/USDT:USDT,118822.7,24.7489,118820.2,1.3661,118822.8,5.9101,118822.9,0.0002
1753769566561,06:12:46.561,bitget,BTC/USDT:USDT,118822.7,24.7489,118820.2,1.3661,118822.8,5.9101,118822.9,0.0002
1753769566660,06:12:46.660,bitget,BTC/USDT:USDT,118822.7,24.7489,118820.2,1.3661,118822.8,5.9101,118822.9,0.0002
1753769566763,06:12:46.763,bitget,BTC/USDT:USDT,118822.7,24.7489,118820.2,1.3661,118822.8,5.9101,118822.9,0.0002
1753769566864,06:12:46.864,bitget,BTC/USDT:USDT,118822.7,24.9592,118820.2,1.3661,118822.8,5.9101,118822.9,0.0002
1753769566964,06:12:46.964,bitget,BTC/USDT:USDT,118822.7,24.9592,118820.2,1.3661,118822.8,4.7252,118822.9,0.0002
1753769567164,06:12:47.164,bitget,BTC/USDT:USDT,118822.7,23.4407,118820.2,1.3661,118822.8,4.7252,118822.9,0.0002
1753769567264,06:12:47.264,bitget,BTC/USDT:USDT,118822.7,23.4407,118820.2,1.3661,118822.8,4.7229,118822.9,0.0002
1753769567364,06:12:47.364,bitget,BTC/USDT:USDT,118822.7,23.4407,118820.2,1.3661,118822.8,4.7229,118822.9,0.0002
1753769567464,06:12:47.464,bitget,BTC/USDT:USDT,118822.7,23.4407,118820.2,1.3661,118822.8,4.7229,118822.9,0.0002
1753769567564,06:12:47.564,bitget,BTC/USDT:USDT,118822.7,23.4407,118820.2,1.3661,118822.8,4.7229,118822.9,0.0002
1753769567664,06:12:47.664,bitget,BTC/USDT:USDT,118822.7,23.4407,118820.2,1.3661,118822.8,4.7229,118822.9,0.0002
1753769567764,06:12:47.764,bitget,BTC/USDT:USDT,118822.7,23.4205,118820.2,1.3661,118822.8,4.7228,118822.9,0.0002
1753769567964,06:12:47.964,bitget,BTC/USDT:USDT,118822.7,23.4407,118820.2,1.3661,118822.8,4.7228,118822.9,0.0002
1753769568064,06:12:48.064,bitget,BTC/USDT:USDT,118822.7,23.4407,118820.2,1.3661,118822.8,4.7228,118822.9,0.0002
1753769568164,06:12:48.164,bitget,BTC/USDT:USDT,118822.7,23.4407,118820.2,1.3661,118822.8,4.7228,118822.9,0.0002
1753769568364,06:12:48.364,bitget,BTC/USDT:USDT,118822.7,23.4407,118820.2,1.3661,118822.8,4.7021,118822.9,0.0002
1753769568464,06:12:48.464,bitget,BTC/USDT:USDT,118822.7,23.4407,118820.2,1.3661,118822.8,4.7021,118822.9,0.0002
1753769568565,06:12:48.565,bitget,BTC/USDT:USDT,118822.7,23.4006,118820.2,1.3661,118822.8,4.7021,118822.9,0.0002
1753769568665,06:12:48.665,bitget,BTC/USDT:USDT,118822.7,23.4006,118820.2,1.3661,118822.8,4.7021,118822.9,0.0002
1753769568765,06:12:48.765,bitget,BTC/USDT:USDT,118822.7,23.3804,118820.2,1.3661,118822.8,4.7021,118822.9,0.0002
1753769569065,06:12:49.065,bitget,BTC/USDT:USDT,118822.7,23.4014,118820.2,1.3661,118822.8,3.3279,118822.9,0.0002
1753769569165,06:12:49.165,bitget,BTC/USDT:USDT,118822.7,23.401,118820.2,1.3661,118822.8,3.3283,118822.9,0.0002
1753769569265,06:12:49.265,bitget,BTC/USDT:USDT,118822.7,23.401,118820.2,1.3661,118822.8,3.3283,118822.9,0.0002
1753769569365,06:12:49.365,bitget,BTC/USDT:USDT,118822.7,23.3224,118820.2,1.3661,118822.8,3.3283,118822.9,0.0002
1753769569565,06:12:49.565,bitget,BTC/USDT:USDT,118822.7,23.3022,118820.2,1.3661,118822.8,3.3298,118822.9,0.0002
1753769569665,06:12:49.665,bitget,BTC/USDT:USDT,118822.7,23.3224,118820.2,1.3661,118822.8,3.3298,118822.9,0.0002
1753769569765,06:12:49.765,bitget,BTC/USDT:USDT,118822.7,23.3224,118820.2,1.3661,118822.8,3.3298,118822.9,0.0002
1753769569865,06:12:49.865,bitget,BTC/USDT:USDT,118822.7,23.3224,118820.2,1.3661,118822.8,3.3298,118822.9,0.0002
1753769569965,06:12:49.965,bitget,BTC/USDT:USDT,118822.7,23.3224,118820.2,1.3661,118822.8,3.3299,118822.9,0.0003
1753769570065,06:12:50.065,bitget,BTC/USDT:USDT,118822.7,23.3224,118820.2,1.3661,118822.8,3.3299,118822.9,0.0003
1753769570166,06:12:50.166,bitget,BTC/USDT:USDT,118822.7,23.3224,118820.2,1.3661,118822.8,3.3299,118822.9,0.0003
1753769570266,06:12:50.266,bitget,BTC/USDT:USDT,118822.7,23.3022,118821.5,1.366,118822.8,3.3299,118822.9,0.0003
1753769570366,06:12:50.366,bitget,BTC/USDT:USDT,118822.7,23.3224,118821.5,1.366,118822.8,3.3299,118822.9,0.0003
1753769570466,06:12:50.466,bitget,BTC/USDT:USDT,118822.7,23.3224,118821.5,1.366,118822.8,3.3299,118822.9,0.0003
1753769570566,06:12:50.566,bitget,BTC/USDT:USDT,118822.7,23.3224,118821.5,1.366,118822.8,3.3299,118822.9,0.0003
1753769570666,06:12:50.666,bitget,BTC/USDT:USDT,118822.7,23.3224,118821.5,1.366,118822.8,3.3299,118822.9,0.0003
1753769570766,06:12:50.766,bitget,BTC/USDT:USDT,118822.7,23.3224,118821.5,1.366,118822.8,3.3299,118822.9,0.0003
1753769570866,06:12:50.866,bitget,BTC/USDT:USDT,118822.7,23.3224,118821.5,1.366,118822.8,3.3299,118822.9,0.0003
1753769570966,06:12:50.966,bitget,BTC/USDT:USDT,118822.7,23.3224,118821.5,1.366,118822.8,3.3299,118822.9,0.0003
1753769571066,06:12:51.066,bitget,BTC/USDT:USDT,118822.7,23.3224,118821.5,1.366,118822.8,3.3299,118822.9,0.0003
1753769571168,06:12:51.168,bitget,BTC/USDT:USDT,118822.7,23.3224,118821.5,1.366,118822.8,3.3299,118822.9,0.0003
1753769571267,06:12:51.267,bitget,BTC/USDT:USDT,118822.7,23.1065,118821.5,1.366,118822.8,3.3299,118822.9,0.0003
1753769571367,06:12:51.367,bitget,BTC/USDT:USDT,118822.7,23.1065,118821.5,1.366,118822.8,3.3299,118822.9,0.0003
1753769571467,06:12:51.467,bitget,BTC/USDT:USDT,118822.7,23.1065,118821.5,1.366,118822.8,3.3299,118822.9,0.0003
1753769571568,06:12:51.568,bitget,BTC/USDT:USDT,118822.7,23.1065,118821.5,1.366,118822.8,3.3299,118822.9,0.0003
1753769571668,06:12:51.668,bitget,BTC/USDT:USDT,118822.7,23.1065,118821.5,1.366,118822.8,3.3299,118822.9,0.0003
1753769571768,06:12:51.768,bitget,BTC/USDT:USDT,118822.7,23.1065,118821.5,1.366,118822.8,3.3299,118822.9,0.0003
1753769571868,06:12:51.868,bitget,BTC/USDT:USDT,118822.7,23.1065,118821.5,1.366,118822.8,3.3299,118822.9,0.0003
1753769571969,06:12:51.969,bitget,BTC/USDT:USDT,118822.7,23.1065,118821.5,1.366,118822.8,3.3299,118822.9,0.0003
1753769572068,06:12:52.068,bitget,BTC/USDT:USDT,118822.7,23.1065,118821.7,1.366,118822.8,3.3299,118822.9,0.0003
1753769572169,06:12:52.169,bitget,BTC/USDT:USDT,118822.7,23.1065,118821.7,1.366,118822.8,3.3299,118822.9,0.0003
1753769572369,06:12:52.369,bitget,BTC/USDT:USDT,118822.7,23.1065,118821.7,1.366,118822.8,3.3299,118822.9,0.0003
1753769572469,06:12:52.469,bitget,BTC/USDT:USDT,118822.7,23.1065,118821.7,1.366,118822.8,3.3299,118822.9,0.0003
1753769572569,06:12:52.569,bitget,BTC/USDT:USDT,118822.7,23.0237,118821.7,1.366,118822.8,3.3299,118822.9,0.0003
1753769572669,06:12:52.669,bitget,BTC/USDT:USDT,118822.7,23.0237,118821.7,1.366,118822.8,3.3299,118822.9,0.0003
1753769572869,06:12:52.869,bitget,BTC/USDT:USDT,118822.7,23.0035,118821.7,1.366,118822.8,3.3299,118822.9,0.0003
1753769572969,06:12:52.969,bitget,BTC/USDT:USDT,118822.7,23.0237,118821.7,1.366,118822.8,3.3299,118822.9,0.0003
1753769573069,06:12:53.069,bitget,BTC/USDT:USDT,118822.7,23.0237,118821.7,1.366,118822.8,3.3299,118822.9,0.0003
1753769573169,06:12:53.169,bitget,BTC/USDT:USDT,118822.7,23.0237,118821.7,1.366,118822.8,3.3299,118822.9,0.0003
1753769573270,06:12:53.270,bitget,BTC/USDT:USDT,118822.7,23.0237,118821.7,1.366,118822.8,3.3299,118822.9,0.0003
1753769573370,06:12:53.370,bitget,BTC/USDT:USDT,118822.7,23.0237,118821.7,1.366,118822.8,3.3299,118822.9,0.0003
1753769573469,06:12:53.469,bitget,BTC/USDT:USDT,118822.7,23.0237,118821.7,1.366,118822.8,3.3299,118822.9,0.0003
1753769573570,06:12:53.570,bitget,BTC/USDT:USDT,118822.7,23.0237,118821.7,1.366,118822.8,3.3299,118822.9,0.0003
1753769573669,06:12:53.669,bitget,BTC/USDT:USDT,118822.7,23.0237,118821.7,1.366,118822.8,3.3299,118822.9,0.0003
1753769573769,06:12:53.769,bitget,BTC/USDT:USDT,118822.7,23.0237,118821.7,1.366,118822.8,3.3299,118822.9,0.0003
1753769573869,06:12:53.869,bitget,BTC/USDT:USDT,118822.7,23.0237,118821.7,1.366,118822.8,3.3299,118822.9,0.0003
1753769573969,06:12:53.969,bitget,BTC/USDT:USDT,118822.7,23.0218,118821.7,1.366,118822.8,3.3299,118822.9,0.0003
1753769574069,06:12:54.069,bitget,BTC/USDT:USDT,118822.7,23.0218,118821.7,1.366,118822.8,3.3299,118822.9,0.0003
1753769574169,06:12:54.169,bitget,BTC/USDT:USDT,118822.7,23.0218,118821.7,1.366,118822.8,3.3299,118822.9,0.0003
1753769574271,06:12:54.271,bitget,BTC/USDT:USDT,118822.7,23.0218,118821.7,1.366,118822.8,3.3299,118822.9,0.0003
1753769574371,06:12:54.371,bitget,BTC/USDT:USDT,118822.7,23.0218,118821.7,1.366,118822.8,3.3299,118822.9,0.0003
1753769574471,06:12:54.471,bitget,BTC/USDT:USDT,118822.7,23.0218,118821.7,1.366,118822.8,3.3299,118822.9,0.0003
1753769574571,06:12:54.571,bitget,BTC/USDT:USDT,118822.7,23.0218,118821.7,1.366,118822.8,3.3299,118822.9,0.0003
1753769574771,06:12:54.771,bitget,BTC/USDT:USDT,118822.7,23.0016,118821.7,1.366,118822.8,3.3299,118822.9,0.0003
1753769574871,06:12:54.871,bitget,BTC/USDT:USDT,118822.7,23.0218,118821.7,1.366,118822.8,3.3299,118822.9,0.0003
1753769574971,06:12:54.971,bitget,BTC/USDT:USDT,118822.7,23.0218,118821.7,1.366,118822.8,3.3299,118822.9,0.0003
1753769575071,06:12:55.071,bitget,BTC/USDT:USDT,118822.7,23.0218,118821.7,1.366,118822.8,3.3299,118822.9,0.0003
1753769575171,06:12:55.171,bitget,BTC/USDT:USDT,118822.7,23.0218,118821.7,1.366,118822.8,3.3299,118822.9,0.0003
1753769575271,06:12:55.271,bitget,BTC/USDT:USDT,118822.7,23.0218,118821.7,1.366,118822.8,3.3299,118822.9,0.0003
1753769575372,06:12:55.372,bitget,BTC/USDT:USDT,118822.7,23.0218,118821.7,1.366,118822.8,3.3299,118822.9,0.0003
1753769575472,06:12:55.472,bitget,BTC/USDT:USDT,118822.7,23.0218,118821.7,1.366,118822.8,3.3299,118822.9,0.0003
1753769575572,06:12:55.572,bitget,BTC/USDT:USDT,118822.7,23.0218,118821.7,1.366,118822.8,3.3299,118822.9,0.0003
1753769575673,06:12:55.673,bitget,BTC/USDT:USDT,118822.7,23.0218,118821.7,1.366,118822.8,3.3299,118822.9,0.0003
1753769575773,06:12:55.773,bitget,BTC/USDT:USDT,118822.7,23.0218,118821.7,1.366,118822.8,3.3279,118822.9,0.0003
1753769575873,06:12:55.873,bitget,BTC/USDT:USDT,118822.7,23.0016,118821.7,1.366,118822.8,3.3279,118822.9,0.0003
1753769575973,06:12:55.973,bitget,BTC/USDT:USDT,118822.7,23.0218,118821.7,1.366,118822.8,3.3279,118822.9,0.0003
1753769576073,06:12:56.073,bitget,BTC/USDT:USDT,118822.7,23.0218,118822.4,1.3659,118822.8,3.3279,118822.9,0.0003
1753769576273,06:12:56.273,bitget,BTC/USDT:USDT,118822.7,23.0218,118822.4,1.3659,118822.8,3.3207,118822.9,0.0003
1753769576374,06:12:56.374,bitget,BTC/USDT:USDT,118822.7,23.0218,118822.4,1.3659,118822.8,3.3207,118822.9,0.0003
1753769576474,06:12:56.474,bitget,BTC/USDT:USDT,118822.7,23.0218,118822.4,1.3659,118822.8,3.3207,118822.9,0.0003
1753769576574,06:12:56.574,bitget,BTC/USDT:USDT,118822.7,23.0187,118822.4,1.3659,118822.8,3.3207,118822.9,0.0003
1753769576674,06:12:56.674,bitget,BTC/USDT:USDT,118822.7,23.0187,118822.1,1.3659,118822.8,3.3207,118822.9,0.0003
1753769576775,06:12:56.775,bitget,BTC/USDT:USDT,118822.7,23.0187,118822.1,1.3659,118822.8,3.3207,118822.9,0.0003
1753769576877,06:12:56.877,bitget,BTC/USDT:USDT,118822.7,23.0187,118822.1,1.3659,118822.8,3.3207,118822.9,0.0003
1753769576976,06:12:56.976,bitget,BTC/USDT:USDT,118822.7,22.9985,118822.1,1.3659,118822.8,3.3207,118822.9,0.0003
1753769577076,06:12:57.076,bitget,BTC/USDT:USDT,118822.7,23.0187,118822.1,1.3659,118822.8,3.3207,118822.9,0.0003
1753769577176,06:12:57.176,bitget,BTC/USDT:USDT,118822.7,23.0187,118822.1,1.3659,118822.8,3.3207,118822.9,0.0003
1753769577276,06:12:57.276,bitget,BTC/USDT:USDT,118822.7,23.0187,118822.1,1.3659,118822.8,3.3207,118822.9,0.0003
1753769577376,06:12:57.376,bitget,BTC/USDT:USDT,118822.7,23.0187,118822.1,1.3659,118822.8,3.3207,118822.9,0.0003
1753769577476,06:12:57.476,bitget,BTC/USDT:USDT,118822.7,23.0187,118822.1,1.3659,118822.8,3.3207,118822.9,0.0003
1753769577576,06:12:57.576,bitget,BTC/USDT:USDT,118822.7,23.0187,118822.1,1.3659,118822.8,3.3207,118822.9,0.0003
1753769577776,06:12:57.776,bitget,BTC/USDT:USDT,118822.7,23.0187,118822.1,1.3659,118822.8,3.3207,118822.9,0.0003
1753769577876,06:12:57.876,bitget,BTC/USDT:USDT,118822.7,23.0187,118822.1,1.3659,118822.8,3.3207,118822.9,0.0003
1753769577976,06:12:57.976,bitget,BTC/USDT:USDT,118822.7,22.9985,118822.1,1.3659,118822.8,3.3207,118822.9,0.0003
1753769578077,06:12:58.077,bitget,BTC/USDT:USDT,118822.7,23.0187,118822.1,1.3659,118822.8,3.3207,118822.9,0.0003
1753769578176,06:12:58.176,bitget,BTC/USDT:USDT,118822.7,23.0159,118822.1,1.3659,118822.8,3.3207,118822.9,0.0003
1753769578277,06:12:58.277,bitget,BTC/USDT:USDT,118822.7,23.0159,118822.1,1.3659,118822.8,3.3207,118822.9,0.0003
1753769578376,06:12:58.376,bitget,BTC/USDT:USDT,118822.7,23.0159,118822.1,1.3659,118822.8,3.3207,118822.9,0.0003
1753769578477,06:12:58.477,bitget,BTC/USDT:USDT,118822.7,23.0159,118822.1,1.3659,118822.8,3.3207,118822.9,0.0003
1753769578577,06:12:58.577,bitget,BTC/USDT:USDT,118822.7,23.0159,118822.1,1.3659,118822.8,3.3207,118822.9,0.0003
1753769578677,06:12:58.677,bitget,BTC/USDT:USDT,118822.7,23.0159,118822.1,1.3659,118822.8,3.3207,118822.9,0.0003
1753769578777,06:12:58.777,bitget,BTC/USDT:USDT,118822.7,23.0159,118822.1,1.3659,118822.8,3.3207,118822.9,0.0003
1753769578877,06:12:58.877,bitget,BTC/USDT:USDT,118822.7,23.0159,118822.1,1.3659,118822.8,3.3207,118822.9,0.0003
1753769578977,06:12:58.977,bitget,BTC/USDT:USDT,118822.7,23.0159,118822.1,1.3659,118822.8,3.3207,118822.9,0.0003
1753769579077,06:12:59.077,bitget,BTC/USDT:USDT,118822.7,23.0159,118822.1,1.3659,118822.8,3.3207,118822.9,0.0003
1753769579177,06:12:59.177,bitget,BTC/USDT:USDT,118822.7,22.9957,118822.1,1.3659,118822.8,3.3207,118822.9,0.0003
1753769579277,06:12:59.277,bitget,BTC/USDT:USDT,118822.7,22.9957,118822.1,1.3659,118822.8,3.3207,118822.9,0.0003
1753769579377,06:12:59.377,bitget,BTC/USDT:USDT,118822.7,23.0159,118822.1,1.3659,118822.8,3.3207,118822.9,0.0003
1753769579477,06:12:59.477,bitget,BTC/USDT:USDT,118822.7,23.0159,118822.1,1.3659,118822.8,3.3207,118822.9,0.0003
1753769579678,06:12:59.678,bitget,BTC/USDT:USDT,118822.7,22.9957,118822.1,1.3659,118822.8,3.3128,118822.9,0.0003
1753769579778,06:12:59.778,bitget,BTC/USDT:USDT,118822.7,23.0159,118822.1,1.3659,118822.8,3.3128,118822.9,0.0003
1753769579878,06:12:59.878,bitget,BTC/USDT:USDT,118822.7,23.0159,118822.1,1.3659,118822.8,3.3128,118822.9,0.0003
1753769579978,06:12:59.978,bitget,BTC/USDT:USDT,118822.7,23.0159,118822.1,1.3659,118822.8,3.3143,118822.9,0.0003
1753769580081,06:13:00.081,bitget,BTC/USDT:USDT,118822.7,23.0159,118822.1,1.3659,118822.8,3.3143,118822.9,0.0003
1753769580180,06:13:00.180,bitget,BTC/USDT:USDT,118822.7,23.0159,118822.1,1.3659,118822.8,3.3143,118822.9,0.0003
1753769580480,06:13:00.480,bitget,BTC/USDT:USDT,118822.7,23.0159,118822.1,1.3659,118822.8,3.2938,118822.9,0.0003
1753769580580,06:13:00.580,bitget,BTC/USDT:USDT,118822.7,23.0159,118822.1,1.3659,118822.8,3.2938,118822.9,0.0003
1753769580680,06:13:00.680,bitget,BTC/USDT:USDT,118822.7,23.0159,118822.1,1.3659,118822.8,3.2938,118822.9,0.0003
1753769580780,06:13:00.780,bitget,BTC/USDT:USDT,118822.7,23.0159,118822.1,1.3659,118822.8,3.2938,118822.9,0.0003
1753769580981,06:13:00.981,bitget,BTC/USDT:USDT,118822.7,23.0159,118822.1,1.3659,118822.8,3.2938,118822.9,0.0003
1753769581081,06:13:01.081,bitget,BTC/USDT:USDT,118822.7,23.0159,118822.1,1.3659,118822.8,3.2938,118822.9,0.0003
1753769581181,06:13:01.181,bitget,BTC/USDT:USDT,118822.7,23.0159,118822.1,1.3659,118822.8,3.1928,118822.9,0.0003
1753769581282,06:13:01.282,bitget,BTC/USDT:USDT,118822.7,23.0159,118822.1,1.3659,118822.8,3.1928,118822.9,0.0003
1753769581481,06:13:01.481,bitget,BTC/USDT:USDT,118822.7,23.0159,118822.1,1.3659,118822.8,3.1928,118822.9,0.0003
1753769581581,06:13:01.581,bitget,BTC/USDT:USDT,118822.7,23.0159,118822.1,1.3659,118822.8,3.1928,118822.9,0.0003
1753769581681,06:13:01.681,bitget,BTC/USDT:USDT,118822.7,23.0159,118822.1,1.3659,118822.8,3.1928,118822.9,0.0003
1753769581781,06:13:01.781,bitget,BTC/USDT:USDT,118822.7,22.7854,118822.2,0.2103,118822.8,3.1928,118822.9,0.0003
1753769581881,06:13:01.881,bitget,BTC/USDT:USDT,118822.7,23.0159,118822.1,1.3659,118822.8,3.1928,118822.9,0.0003
1753769581982,06:13:01.982,bitget,BTC/USDT:USDT,118822.7,23.0159,118822.1,1.3659,118822.8,3.0773,118822.9,0.0003
1753769582182,06:13:02.182,bitget,BTC/USDT:USDT,118822.7,23.0159,118822.1,1.3659,118822.8,3.0773,118822.9,0.0003
1753769582282,06:13:02.282,bitget,BTC/USDT:USDT,118822.7,23.0159,118822.1,1.3659,118822.8,3.0773,118822.9,0.0003
1753769582382,06:13:02.382,bitget,BTC/USDT:USDT,118822.7,23.0159,118822.1,1.3659,118822.8,3.0773,118822.9,0.0003
1753769582482,06:13:02.482,bitget,BTC/USDT:USDT,118822.7,19.4396,118822.2,3.366,118822.8,3.0773,118822.9,0.0003
1753769582582,06:13:02.582,bitget,BTC/USDT:USDT,118822.7,19.4396,118822.1,1.3659,118822.8,4.0623,118822.9,0.0003
1753769582683,06:13:02.683,bitget,BTC/USDT:USDT,118822.7,19.4396,118821.8,1.3657,118822.8,7.4305,118822.9,0.0003
1753769582784,06:13:02.784,bitget,BTC/USDT:USDT,118822.7,19.4396,118821.8,1.3657,118822.8,7.4305,118822.9,0.0003
1753769582884,06:13:02.884,bitget,BTC/USDT:USDT,118822.7,19.4396,118821.8,1.3657,118822.8,7.4305,118822.9,0.0003
1753769582985,06:13:02.985,bitget,BTC/USDT:USDT,118822.7,19.4396,118821.8,1.3657,118822.8,7.4025,118822.9,0.0003
1753769583085,06:13:03.085,bitget,BTC/USDT:USDT,118822.7,19.4396,118821.8,1.3657,118822.8,8.666,118822.9,0.0003
1753769583185,06:13:03.185,bitget,BTC/USDT:USDT,118822.7,19.4396,118821.8,1.3657,118822.8,8.666,118822.9,0.0003
1753769583287,06:13:03.287,bitget,BTC/USDT:USDT,118822.7,19.4357,118821.8,1.3657,118822.8,8.666,118822.9,0.0003
1753769583386,06:13:03.386,bitget,BTC/USDT:USDT,118822.7,19.2473,118821.8,1.3657,118822.8,8.846,118822.9,0.0003
1753769583486,06:13:03.486,bitget,BTC/USDT:USDT,118822.7,19.267,118821.8,1.3657,118822.8,8.5646,118822.9,0.0003
1753769583587,06:13:03.587,bitget,BTC/USDT:USDT,118822.7,19.2468,118821.8,1.3657,118822.8,8.5646,118822.9,0.0003
1753769583788,06:13:03.788,bitget,BTC/USDT:USDT,118822.7,19.267,118821.8,1.3657,118822.8,8.4804,118822.9,0.0003
1753769583889,06:13:03.889,bitget,BTC/USDT:USDT,118822.7,19.267,118821.8,1.3657,118822.8,8.6604,118822.9,0.0003
1753769583991,06:13:03.991,bitget,BTC/USDT:USDT,118822.7,19.2468,118821.8,1.3657,118822.8,8.6604,118822.9,0.0003
1753769584092,06:13:04.092,bitget,BTC/USDT:USDT,118822.7,19.2468,118821.8,1.3657,118822.8,8.6995,118822.9,0.0003
1753769584193,06:13:04.193,bitget,BTC/USDT:USDT,118822.7,19.267,118821.8,1.3657,118822.8,8.6995,118822.9,0.0003
1753769584295,06:13:04.295,bitget,BTC/USDT:USDT,118822.7,19.267,118821.8,1.3657,118822.8,8.6995,118822.9,0.0003
1753769584395,06:13:04.395,bitget,BTC/USDT:USDT,118822.7,19.267,118821.8,1.3657,118822.8,8.6995,118822.9,0.0003
1753769584495,06:13:04.495,bitget,BTC/USDT:USDT,118822.7,19.267,118821.8,1.3657,118822.8,8.6995,118822.9,0.0003
1753769585001,06:13:05.001,bitget,BTC/USDT:USDT,118822.7,19.2058,118821.8,1.3657,118822.8,7.9977,118822.9,0.0003
1753769585101,06:13:05.101,bitget,BTC/USDT:USDT,118822.7,19.1979,118821.8,1.3657,118822.8,7.9977,118822.9,0.0003
1753769585203,06:13:05.203,bitget,BTC/USDT:USDT,118822.7,19.1979,118821.8,1.3657,118822.8,7.9977,118822.9,0.0003
1753769585304,06:13:05.304,bitget,BTC/USDT:USDT,118822.7,19.1979,118821.8,1.3657,118822.8,7.9977,118822.9,0.0003
1753769585404,06:13:05.404,bitget,BTC/USDT:USDT,118822.7,19.1979,118821.8,1.3657,118822.8,7.9977,118822.9,0.0003
1753769585505,06:13:05.505,bitget,BTC/USDT:USDT,118822.7,19.1979,118821.8,1.3657,118822.8,7.9977,118822.9,0.0003
1753769585606,06:13:05.606,bitget,BTC/USDT:USDT,118822.7,19.1979,118821.8,1.3657,118822.8,6.5542,118822.9,0.0003
1753769585706,06:13:05.706,bitget,BTC/USDT:USDT,118822.7,19.1979,118821.9,3.366,118822.8,3.1882,118822.9,0.0003
1753769585806,06:13:05.806,bitget,BTC/USDT:USDT,118822.7,18.9331,118821.9,3.5763,118822.8,2.2032,118822.9,0.0003
1753769585906,06:13:05.906,bitget,BTC/USDT:USDT,118822.7,18.9331,118822.0,0.004,118822.8,2.2069,118822.9,0.0003
1753769586006,06:13:06.006,bitget,BTC/USDT:USDT,118822.7,18.9533,118822.0,0.004,118822.8,2.2069,118822.9,0.0003
1753769586106,06:13:06.106,bitget,BTC/USDT:USDT,118822.7,18.9533,118822.0,0.004,118822.8,2.2069,118822.9,0.0003
1753769586206,06:13:06.206,bitget,BTC/USDT:USDT,118822.7,18.9533,118822.0,0.004,118822.8,2.2069,118822.9,0.0003
1753769586306,06:13:06.306,bitget,BTC/USDT:USDT,118822.7,18.9533,118822.0,0.004,118822.8,2.2069,118822.9,3.3663
1753769586406,06:13:06.406,bitget,BTC/USDT:USDT,118822.7,18.9533,118822.0,0.004,118822.8,5.5729,118822.9,0.0003
1753769586506,06:13:06.506,bitget,BTC/USDT:USDT,118822.7,18.9533,118821.6,0.004,118822.8,5.5729,118822.9,0.0003
1753769586606,06:13:06.606,bitget,BTC/USDT:USDT,118822.7,18.9533,118821.6,0.004,118822.8,5.5729,118822.9,0.0003
1753769586706,06:13:06.706,bitget,BTC/USDT:USDT,118822.7,18.9331,118821.6,0.004,118822.8,2.3869,118822.9,0.0003
1753769586806,06:13:06.806,bitget,BTC/USDT:USDT,118822.7,18.9533,118821.6,0.004,118822.8,2.3869,118822.9,0.0003
1753769586907,06:13:06.907,bitget,BTC/USDT:USDT,118822.7,18.9331,118821.6,0.004,118822.8,2.3869,118822.9,0.0003
1753769587007,06:13:07.007,bitget,BTC/USDT:USDT,118822.7,18.9533,118821.6,0.004,118822.8,2.3869,118822.9,0.0003
1753769587210,06:13:07.210,bitget,BTC/USDT:USDT,118822.7,18.9533,118821.6,0.004,118822.8,2.3869,118822.9,0.0003
1753769587310,06:13:07.310,bitget,BTC/USDT:USDT,118822.7,18.9533,118821.6,0.004,118822.8,2.3869,118822.9,0.0003
1753769587412,06:13:07.412,bitget,BTC/USDT:USDT,118822.7,18.9533,118821.6,0.004,118822.8,8.0014,118822.9,0.0003
1753769587514,06:13:07.514,bitget,BTC/USDT:USDT,118822.7,18.9533,118821.6,0.004,118822.8,7.9223,118822.9,0.0003
1753769587619,06:13:07.619,bitget,BTC/USDT:USDT,118822.7,18.9533,118821.6,0.004,118822.8,7.9223,118822.9,0.0003
1753769587720,06:13:07.720,bitget,BTC/USDT:USDT,118822.7,18.9533,118821.6,0.004,118822.8,7.9223,118822.9,0.0003
1753769587821,06:13:07.821,bitget,BTC/USDT:USDT,118822.7,18.9533,118821.6,0.004,118822.8,7.9223,118822.9,0.0003
1753769587922,06:13:07.922,bitget,BTC/USDT:USDT,118822.7,18.9533,118821.6,0.004,118822.8,7.9223,118822.9,0.0003
1753769588023,06:13:08.023,bitget,BTC/USDT:USDT,118822.7,18.9533,118821.6,0.004,118822.8,7.9223,118822.9,0.0003
1753769588123,06:13:08.123,bitget,BTC/USDT:USDT,118822.7,18.9533,118821.6,0.004,118822.8,7.9223,118822.9,0.0003
1753769588223,06:13:08.223,bitget,BTC/USDT:USDT,118822.7,18.9533,118821.6,0.004,118822.8,7.9223,118822.9,0.0003
1753769588323,06:13:08.323,bitget,BTC/USDT:USDT,118822.7,18.9533,118821.6,0.004,118822.8,7.9223,118822.9,0.0003
1753769588425,06:13:08.425,bitget,BTC/USDT:USDT,118822.7,18.9533,118821.6,0.004,118822.8,7.9223,118822.9,0.0003
1753769588525,06:13:08.525,bitget,BTC/USDT:USDT,118822.7,18.9533,118821.6,0.004,118822.8,7.9223,118822.9,0.0003
1753769588627,06:13:08.627,bitget,BTC/USDT:USDT,118822.7,18.9533,118821.6,0.004,118822.8,7.9223,118822.9,0.0003
1753769588727,06:13:08.727,bitget,BTC/USDT:USDT,118822.7,18.9298,118820.6,0.002,118822.8,7.9223,118822.9,0.0003
1753769588827,06:13:08.827,bitget,BTC/USDT:USDT,118822.7,18.9298,118820.6,0.004,118822.8,7.9223,118822.9,0.0003
1753769588928,06:13:08.928,bitget,BTC/USDT:USDT,118822.7,18.9298,118820.6,0.004,118822.8,7.9223,118822.9,0.0003
1753769589028,06:13:09.028,bitget,BTC/USDT:USDT,118822.7,18.9298,118820.6,0.004,118822.8,7.9223,118822.9,0.0003
1753769589128,06:13:09.128,bitget,BTC/USDT:USDT,118822.7,18.9096,118820.6,0.004,118822.8,7.9223,118822.9,0.0003
1753769589229,06:13:09.229,bitget,BTC/USDT:USDT,118822.7,18.9096,118820.6,0.004,118822.8,7.9223,118822.9,0.0003
1753769589330,06:13:09.330,bitget,BTC/USDT:USDT,118822.7,18.9298,118820.6,0.004,118822.8,7.9223,118822.9,0.0003
1753769589433,06:13:09.433,bitget,BTC/USDT:USDT,118822.7,18.9298,118820.6,0.004,118822.8,7.9223,118822.9,0.0003
1753769589533,06:13:09.533,bitget,BTC/USDT:USDT,118822.7,18.9298,118820.6,0.004,118822.8,7.9223,118822.9,0.0003
1753769589633,06:13:09.633,bitget,BTC/USDT:USDT,118822.7,18.9298,118820.6,0.004,118822.8,7.9223,118822.9,0.0003
1753769589733,06:13:09.733,bitget,BTC/USDT:USDT,118822.7,18.9298,118820.6,0.004,118822.8,7.9223,118822.9,0.0003
1753769589833,06:13:09.833,bitget,BTC/USDT:USDT,118822.7,18.9298,118820.6,0.004,118822.8,7.9223,118822.9,0.0003
1753769589933,06:13:09.933,bitget,BTC/USDT:USDT,118822.7,18.9277,118820.6,0.004,118822.8,7.9223,118822.9,0.0003
1753769590035,06:13:10.035,bitget,BTC/USDT:USDT,118822.7,18.9075,118820.6,0.004,118822.8,7.9223,118822.9,0.0003
1753769590139,06:13:10.139,bitget,BTC/USDT:USDT,118822.7,18.9277,118820.6,0.004,118822.8,7.9219,118822.9,1.3659
1753769590239,06:13:10.239,bitget,BTC/USDT:USDT,118822.7,18.9075,118820.6,0.004,118822.8,7.9219,118822.9,1.3659
1753769590440,06:13:10.440,bitget,BTC/USDT:USDT,118822.7,18.9075,118820.6,0.004,118822.8,7.9219,118822.9,1.3659
1753769590641,06:13:10.641,bitget,BTC/USDT:USDT,118822.7,18.9277,118820.6,0.004,118822.8,3.0389,118822.9,1.3659
1753769590741,06:13:10.741,bitget,BTC/USDT:USDT,118822.7,18.9074,118820.6,0.004,118822.8,3.0389,118822.9,1.3659
1753769590842,06:13:10.842,bitget,BTC/USDT:USDT,118822.7,18.9074,118820.6,0.004,118822.8,2.8589,118822.9,1.3659
1753769590941,06:13:10.941,bitget,BTC/USDT:USDT,118822.7,18.8872,118820.6,0.004,118822.8,2.8589,118822.9,1.3659
1753769591041,06:13:11.041,bitget,BTC/USDT:USDT,118822.7,18.9074,118820.6,0.004,118822.8,3.0389,118822.9,0.0003
1753769591142,06:13:11.142,bitget,BTC/USDT:USDT,118822.7,18.9074,118821.1,1.3655,118822.8,3.0389,118822.9,0.0003
1753769591441,06:13:11.441,bitget,BTC/USDT:USDT,118822.7,18.8978,118821.2,0.2103,118822.8,4.2989,118822.9,0.0003
1753769591542,06:13:11.542,bitget,BTC/USDT:USDT,118822.7,18.8978,118821.2,0.2103,118822.8,4.2989,118822.9,0.0003
1753769591643,06:13:11.643,bitget,BTC/USDT:USDT,118822.7,18.8978,118821.2,0.2103,118822.8,4.2989,118822.9,0.0003
1753769591744,06:13:11.744,bitget,BTC/USDT:USDT,118822.7,18.8978,118821.2,0.2103,118822.8,4.3006,118822.9,0.0003
1753769591844,06:13:11.844,bitget,BTC/USDT:USDT,118822.7,18.8776,118821.2,0.2103,118822.8,4.3006,118822.9,0.0003
1753769592047,06:13:12.047,bitget,BTC/USDT:USDT,118822.7,18.8978,118821.2,3.5763,118822.8,4.3006,118822.9,0.0003
1753769592147,06:13:12.147,bitget,BTC/USDT:USDT,118822.7,18.8978,118821.2,3.5763,118822.8,4.3006,118822.9,0.0003
1753769592247,06:13:12.247,bitget,BTC/USDT:USDT,118822.7,18.8776,118821.2,3.5763,118822.8,4.3006,118822.9,0.0003
1753769592347,06:13:12.347,bitget,BTC/USDT:USDT,118822.7,18.8978,118821.3,0.004,118822.8,7.6491,118822.9,0.0003
1753769592448,06:13:12.448,bitget,BTC/USDT:USDT,118822.7,18.8978,118821.3,0.004,118822.8,8.9126,118822.9,0.0003
1753769592648,06:13:12.648,bitget,BTC/USDT:USDT,118822.7,18.8964,118821.2,3.366,118822.8,8.9126,118822.9,0.0003
1753769592748,06:13:12.748,bitget,BTC/USDT:USDT,118822.7,18.8964,118821.2,3.366,118822.8,8.9126,118822.9,0.0003
1753769592849,06:13:12.849,bitget,BTC/USDT:USDT,118822.7,18.8964,118821.2,3.366,118822.8,8.9126,118822.9,0.0003
1753769592950,06:13:12.950,bitget,BTC/USDT:USDT,118822.7,18.8964,118821.2,3.366,118822.8,8.9126,118822.9,0.0003
1753769593050,06:13:13.050,bitget,BTC/USDT:USDT,118822.7,18.8964,118821.3,0.2103,118822.8,5.5466,118822.9,0.0003
1753769593150,06:13:13.150,bitget,BTC/USDT:USDT,118822.7,18.8964,118821.3,3.5763,118822.8,5.5527,118822.9,0.0003
1753769593250,06:13:13.250,bitget,BTC/USDT:USDT,118822.7,18.8964,118820.8,3.5763,118822.8,8.9187,118822.9,0.0003
1753769593350,06:13:13.350,bitget,BTC/USDT:USDT,118822.7,18.8762,118820.8,3.5763,118822.8,8.9187,118822.9,0.0003
1753769593452,06:13:13.452,bitget,BTC/USDT:USDT,118822.7,18.8964,118820.8,3.5763,118822.8,8.9187,118822.9,0.0003
1753769593861,06:13:13.861,bitget,BTC/USDT:USDT,118822.7,18.7108,118820.7,1.3655,118822.8,15.2642,118822.9,0.0003
1753769593963,06:13:13.963,bitget,BTC/USDT:USDT,118822.7,18.6486,118820.7,1.3655,118822.8,15.2642,118822.9,0.0003
1753769594164,06:13:14.164,bitget,BTC/USDT:USDT,118822.7,18.6486,118820.0,0.002,118822.8,15.2642,118822.9,0.0003
1753769594468,06:13:14.468,bitget,BTC/USDT:USDT,118822.7,18.6486,118820.0,0.002,118822.8,15.1567,118822.9,0.0003
1753769594670,06:13:14.670,bitget,BTC/USDT:USDT,118822.7,18.6688,118820.0,0.002,118822.8,13.3386,118822.9,0.0003
1753769594772,06:13:14.772,bitget,BTC/USDT:USDT,118822.7,18.6668,118820.0,0.002,118822.8,13.3386,118822.9,0.0003
1753769594974,06:13:14.974,bitget,BTC/USDT:USDT,118822.7,18.6405,118820.0,0.002,118822.8,13.3386,118822.9,0.0003
1753769595076,06:13:15.076,bitget,BTC/USDT:USDT,118822.7,18.6607,118820.8,0.01,118822.8,13.3386,118822.9,0.0003
1753769595278,06:13:15.278,bitget,BTC/USDT:USDT,118822.7,18.6597,118820.8,0.01,118822.8,13.3386,118822.9,0.0003
1753769595380,06:13:15.380,bitget,BTC/USDT:USDT,118822.7,18.6597,118820.8,0.01,118822.8,13.3386,118822.9,0.0003
1753769595481,06:13:15.481,bitget,BTC/USDT:USDT,118822.7,18.6597,118820.8,0.01,118822.8,13.6326,118822.9,0.0003
1753769595684,06:13:15.684,bitget,BTC/USDT:USDT,118822.7,18.6395,118820.8,0.01,118822.8,13.6326,118822.9,0.0003
1753769595784,06:13:15.784,bitget,BTC/USDT:USDT,118822.7,18.6395,118820.8,0.01,118822.8,13.6326,118822.9,0.0003
1753769595885,06:13:15.885,bitget,BTC/USDT:USDT,118822.7,18.6597,118820.8,0.01,118822.8,13.6326,118822.9,0.0003
1753769595985,06:13:15.985,bitget,BTC/USDT:USDT,118822.7,18.6597,118820.8,0.01,118822.8,13.6326,118822.9,0.0003
1753769596089,06:13:16.089,bitget,BTC/USDT:USDT,118822.7,18.6597,118820.8,0.01,118822.8,14.998,118822.9,0.0003
1753769596188,06:13:16.188,bitget,BTC/USDT:USDT,118822.7,18.6597,118820.8,0.01,118822.8,14.8565,118822.9,0.3724
1753769596289,06:13:16.289,bitget,BTC/USDT:USDT,118822.7,18.6597,118820.8,0.01,118822.8,14.567,118822.9,0.3724
1753769596491,06:13:16.491,bitget,BTC/USDT:USDT,118822.7,18.6597,118820.8,0.01,118822.8,14.567,118822.9,0.3724
1753769596591,06:13:16.591,bitget,BTC/USDT:USDT,118822.7,18.6597,118820.8,0.01,118822.8,14.567,118822.9,0.3724
1753769596693,06:13:16.693,bitget,BTC/USDT:USDT,118822.7,18.6462,118820.8,0.01,118822.8,14.567,118822.9,0.3724
1753769596795,06:13:16.795,bitget,BTC/USDT:USDT,118822.7,18.6462,118820.8,0.01,118822.8,14.567,118822.9,0.3724
1753769596895,06:13:16.895,bitget,BTC/USDT:USDT,118822.7,18.626,118820.8,0.01,118822.8,14.0205,118822.9,0.0003
1753769596995,06:13:16.995,bitget,BTC/USDT:USDT,118822.7,18.626,118820.8,0.01,118822.8,14.0205,118822.9,0.0003
1753769597095,06:13:17.095,bitget,BTC/USDT:USDT,118822.7,18.626,118820.8,0.01,118822.8,14.0205,118822.9,0.0003
1753769597200,06:13:17.200,bitget,BTC/USDT:USDT,118822.7,18.5548,118820.8,0.01,118822.8,14.0205,118822.9,0.0003
1753769597299,06:13:17.299,bitget,BTC/USDT:USDT,118822.7,18.5624,118820.8,0.01,118822.8,14.0205,118822.9,0.0003
1753769597400,06:13:17.400,bitget,BTC/USDT:USDT,118822.7,18.5624,118820.8,0.01,118822.8,14.0205,118822.9,0.0003
1753769597501,06:13:17.501,bitget,BTC/USDT:USDT,118822.7,18.5422,118820.8,0.01,118822.8,14.0205,118822.9,0.0003
1753769597701,06:13:17.701,bitget,BTC/USDT:USDT,118822.7,18.5624,118820.8,0.01,118822.8,14.0205,118822.9,0.3724
1753769597805,06:13:17.805,bitget,BTC/USDT:USDT,118822.7,18.5624,118820.8,0.01,118822.8,14.0205,118822.9,0.3724
1753769597906,06:13:17.906,bitget,BTC/USDT:USDT,118822.7,18.5624,118820.8,0.01,118822.8,14.0221,118822.9,0.3724
1753769598007,06:13:18.007,bitget,BTC/USDT:USDT,118822.7,18.5624,118820.8,0.01,118822.8,14.0221,118822.9,0.0003
1753769598213,06:13:18.213,bitget,BTC/USDT:USDT,118822.7,18.5624,118820.8,0.01,118822.8,14.0221,118822.9,0.0003
1753769598316,06:13:18.316,bitget,BTC/USDT:USDT,118822.7,18.5624,118820.8,0.01,118822.8,14.0221,118822.9,0.3944
1753769598416,06:13:18.416,bitget,BTC/USDT:USDT,118822.7,18.5624,118820.8,0.01,118822.8,14.0221,118822.9,0.0003
1753769598517,06:13:18.517,bitget,BTC/USDT:USDT,118822.7,18.5624,118820.8,0.01,118822.8,14.4791,118822.9,0.3944
1753769598617,06:13:18.617,bitget,BTC/USDT:USDT,118822.7,18.5624,118820.8,0.01,118822.8,14.4791,118822.9,0.3944
1753769598821,06:13:18.821,bitget,BTC/USDT:USDT,118822.7,18.5422,118820.8,0.01,118822.8,14.4791,118822.9,0.3944
1753769598923,06:13:18.923,bitget,BTC/USDT:USDT,118822.7,18.5624,118820.8,0.01,118822.8,14.4791,118822.9,0.3944
1753769599023,06:13:19.023,bitget,BTC/USDT:USDT,118822.7,18.5624,118820.8,0.01,118822.8,14.4791,118822.9,0.3944
1753769599125,06:13:19.125,bitget,BTC/USDT:USDT,118822.7,18.5624,118820.8,0.01,118822.8,14.4791,118822.9,0.3944
1753769599226,06:13:19.226,bitget,BTC/USDT:USDT,118822.7,18.5624,118820.8,0.01,118822.8,14.4791,118822.9,0.3944
1753769599429,06:13:19.429,bitget,BTC/USDT:USDT,118822.7,18.5624,118820.8,0.01,118822.8,14.4791,118822.9,0.3944
1753769599631,06:13:19.631,bitget,BTC/USDT:USDT,118822.7,18.5422,118820.8,0.01,118822.8,14.4596,118822.9,0.3944
1753769599733,06:13:19.733,bitget,BTC/USDT:USDT,118822.7,18.5422,118820.8,0.01,118822.8,14.5661,118822.9,0.3944
1753769599934,06:13:19.934,bitget,BTC/USDT:USDT,118822.7,18.5397,118820.8,0.01,118822.8,15.1636,118822.9,0.3944
1753769600035,06:13:20.035,bitget,BTC/USDT:USDT,118822.7,18.5397,118820.8,0.01,118822.8,15.1636,118822.9,0.3944
1753769600239,06:13:20.239,bitget,BTC/USDT:USDT,118822.7,18.5397,118820.8,0.01,118822.8,15.1636,118822.9,0.3944
1753769600339,06:13:20.339,bitget,BTC/USDT:USDT,118822.7,18.5397,118820.8,0.01,118822.8,15.1636,118822.9,0.3944
1753769600441,06:13:20.441,bitget,BTC/USDT:USDT,118822.7,18.5397,118820.8,0.01,118822.8,15.1636,118822.9,0.3944
1753769600543,06:13:20.543,bitget,BTC/USDT:USDT,118822.7,18.5397,118820.8,0.01,118822.8,15.1636,118822.9,0.3944
1753769600644,06:13:20.644,bitget,BTC/USDT:USDT,118822.7,18.5397,118820.8,0.01,118822.8,15.1636,118822.9,0.3944
1753769600744,06:13:20.744,bitget,BTC/USDT:USDT,118822.7,18.5321,118820.8,0.01,118822.8,15.1636,118822.9,0.3944
1753769600845,06:13:20.845,bitget,BTC/USDT:USDT,118822.7,18.4321,118820.8,0.01,118822.8,15.1636,118822.9,0.3944
1753769600944,06:13:20.944,bitget,BTC/USDT:USDT,118822.7,18.4321,118820.8,0.01,118822.8,15.1636,118822.9,0.3944
1753769601044,06:13:21.044,bitget,BTC/USDT:USDT,118822.7,18.4321,118820.8,0.01,118822.8,15.1636,118822.9,0.3944
1753769601146,06:13:21.146,bitget,BTC/USDT:USDT,118822.7,18.4321,118820.8,0.01,118822.8,15.1636,118822.9,0.3944
1753769601246,06:13:21.246,bitget,BTC/USDT:USDT,118822.7,18.4321,118820.8,0.01,118822.8,15.1636,118822.9,0.3944
1753769601352,06:13:21.352,bitget,BTC/USDT:USDT,118822.7,18.4321,118820.8,0.01,118822.8,15.1636,118822.9,0.3944
1753769601452,06:13:21.452,bitget,BTC/USDT:USDT,118822.7,18.4321,118820.8,0.01,118822.8,15.1636,118822.9,0.3944
1753769601958,06:13:21.958,bitget,BTC/USDT:USDT,118822.7,18.4321,118820.8,0.01,118822.8,15.1336,118822.9,0.3944
1753769602058,06:13:22.058,bitget,BTC/USDT:USDT,118822.7,18.4307,118820.8,0.01,118822.8,15.1334,118822.9,0.3944
1753769602158,06:13:22.158,bitget,BTC/USDT:USDT,118822.7,18.4307,118820.8,0.01,118822.8,15.7584,118822.9,0.3944
1753769602261,06:13:22.261,bitget,BTC/USDT:USDT,118822.7,18.4312,118820.8,0.01,118822.8,15.7584,118822.9,0.3944
1753769602363,06:13:22.363,bitget,BTC/USDT:USDT,118822.7,18.4312,118820.8,0.01,118822.8,15.7584,118822.9,0.3944
1753769602463,06:13:22.463,bitget,BTC/USDT:USDT,118822.7,18.4312,118820.8,0.01,118822.8,15.7584,118822.9,0.3944
1753769602567,06:13:22.567,bitget,BTC/USDT:USDT,118822.7,18.4312,118820.8,0.01,118822.8,15.7584,118822.9,0.3944
1753769602668,06:13:22.668,bitget,BTC/USDT:USDT,118822.7,18.4312,118820.8,0.01,118822.8,15.7584,118822.9,0.3944
1753769602868,06:13:22.868,bitget,BTC/USDT:USDT,118822.7,18.4312,118820.8,0.01,118822.8,15.7584,118822.9,0.3944
1753769602969,06:13:22.969,bitget,BTC/USDT:USDT,118822.7,18.4312,118820.8,0.01,118822.8,15.7584,118822.9,0.3944
1753769603069,06:13:23.069,bitget,BTC/USDT:USDT,118822.7,18.4312,118820.8,0.01,118822.8,15.7584,118822.9,0.3944
1753769603170,06:13:23.170,bitget,BTC/USDT:USDT,118822.7,18.4312,118820.8,0.01,118822.8,15.7584,118822.9,0.3944
1753769603270,06:13:23.270,bitget,BTC/USDT:USDT,118822.7,18.4312,118820.8,0.01,118822.8,15.7584,118822.9,0.3944
1753769603373,06:13:23.373,bitget,BTC/USDT:USDT,118822.7,18.4312,118820.8,0.01,118822.8,15.7584,118822.9,0.3944
1753769603474,06:13:23.474,bitget,BTC/USDT:USDT,118822.7,18.4312,118820.8,0.01,118822.8,15.7584,118822.9,0.3944
1753769603575,06:13:23.575,bitget,BTC/USDT:USDT,118822.7,18.4312,118820.8,0.01,118822.8,15.7584,118822.9,0.3944
1753769603677,06:13:23.677,bitget,BTC/USDT:USDT,118822.7,18.4288,118820.8,0.01,118822.8,15.7584,118822.9,0.3944
1753769603782,06:13:23.782,bitget,BTC/USDT:USDT,118822.7,18.4288,118820.8,0.01,118822.8,15.7584,118822.9,0.3944
1753769603883,06:13:23.883,bitget,BTC/USDT:USDT,118822.7,18.4288,118820.8,0.01,118822.8,15.2029,118822.9,0.3944
1753769603983,06:13:23.983,bitget,BTC/USDT:USDT,118822.7,18.4288,118820.8,0.01,118822.8,15.1334,118822.9,0.3944
1753769604083,06:13:24.083,bitget,BTC/USDT:USDT,118822.7,18.4288,118820.8,0.01,118822.8,15.1334,118822.9,0.3944
1753769604183,06:13:24.183,bitget,BTC/USDT:USDT,118822.7,18.4288,118820.8,0.01,118822.8,15.1334,118822.9,0.3944
1753769604283,06:13:24.283,bitget,BTC/USDT:USDT,118822.7,18.4288,118820.8,0.01,118822.8,15.1334,118822.9,0.3944
1753769604384,06:13:24.384,bitget,BTC/USDT:USDT,118822.7,18.4288,118820.8,0.01,118822.8,15.1334,118822.9,0.3944
1753769604484,06:13:24.484,bitget,BTC/USDT:USDT,118822.7,18.4288,118820.8,0.01,118822.8,15.1334,118822.9,0.3944
1753769604584,06:13:24.584,bitget,BTC/USDT:USDT,118822.7,18.4288,118820.8,0.01,118822.8,15.1334,118822.9,0.3944
1753769604684,06:13:24.684,bitget,BTC/USDT:USDT,118822.7,18.4288,118820.8,0.01,118822.8,15.1334,118822.9,0.3944
1753769604788,06:13:24.788,bitget,BTC/USDT:USDT,118822.7,18.4288,118820.8,0.01,118822.8,13.7682,118822.9,0.3944
1753769604888,06:13:24.888,bitget,BTC/USDT:USDT,118822.7,18.449,118820.8,0.01,118822.8,15.1333,118822.9,0.3944
1753769604990,06:13:24.990,bitget,BTC/USDT:USDT,118822.7,18.449,118820.8,0.01,118822.8,15.1333,118822.9,0.3944
1753769605090,06:13:25.090,bitget,BTC/USDT:USDT,118822.7,18.4288,118820.8,0.01,118822.8,15.1333,118822.9,0.3944
1753769605197,06:13:25.197,bitget,BTC/USDT:USDT,118822.7,18.4288,118820.8,0.01,118822.8,15.1333,118822.9,0.3944
1753769605609,06:13:25.609,bitget,BTC/USDT:USDT,118822.7,18.4288,118820.8,0.01,118822.8,15.1151,118822.9,0.3944
1753769605711,06:13:25.711,bitget,BTC/USDT:USDT,118822.7,18.4288,118820.8,0.01,118822.8,15.1151,118822.9,0.3944
1753769605810,06:13:25.810,bitget,BTC/USDT:USDT,118822.7,18.4288,118820.8,0.01,118822.8,15.1151,118822.9,0.3944
1753769605913,06:13:25.913,bitget,BTC/USDT:USDT,118822.7,18.4288,118820.8,0.01,118822.8,15.1151,118822.9,0.3944
1753769606013,06:13:26.013,bitget,BTC/USDT:USDT,118822.7,18.4288,118820.8,0.01,118822.8,15.1151,118822.9,0.3944
1753769606215,06:13:26.215,bitget,BTC/USDT:USDT,118822.7,18.4288,118820.8,0.01,118822.8,15.1151,118822.9,0.3944
1753769606314,06:13:26.314,bitget,BTC/USDT:USDT,118822.7,18.4288,118820.8,0.01,118822.8,15.1151,118822.9,0.3944
1753769606414,06:13:26.414,bitget,BTC/USDT:USDT,118822.7,18.4288,118820.8,0.01,118822.8,14.5176,118822.9,0.3944
1753769606515,06:13:26.515,bitget,BTC/USDT:USDT,118822.7,18.4288,118820.8,0.01,118822.8,14.3154,118822.9,0.3944
1753769606718,06:13:26.718,bitget,BTC/USDT:USDT,118822.7,18.4364,118820.8,0.01,118822.8,14.3154,118822.9,0.3944
1753769606818,06:13:26.818,bitget,BTC/USDT:USDT,118822.7,18.4364,118820.8,0.01,118822.8,14.3154,118822.9,0.3944
1753769606920,06:13:26.920,bitget,BTC/USDT:USDT,118822.7,18.4364,118820.8,0.01,118822.8,14.3154,118822.9,0.3944
1753769607021,06:13:27.021,bitget,BTC/USDT:USDT,118822.7,18.4364,118820.8,0.01,118822.8,14.3154,118822.9,0.3944
1753769607224,06:13:27.224,bitget,BTC/USDT:USDT,118822.7,18.4566,118820.8,0.01,118822.8,14.3154,118822.9,0.3944
1753769607327,06:13:27.327,bitget,BTC/USDT:USDT,118822.7,18.4566,118820.8,0.01,118822.8,14.3154,118822.9,0.3944
1753769607427,06:13:27.427,bitget,BTC/USDT:USDT,118822.7,18.4566,118820.8,0.01,118822.8,14.3154,118822.9,0.3944
1753769607729,06:13:27.729,bitget,BTC/USDT:USDT,118822.7,18.4566,118820.8,0.01,118822.8,14.3154,118822.9,0.3944
1753769607830,06:13:27.830,bitget,BTC/USDT:USDT,118822.7,18.4566,118820.8,0.01,118822.8,14.3154,118822.9,0.3944
1753769607930,06:13:27.930,bitget,BTC/USDT:USDT,118822.7,18.4566,118820.8,0.01,118822.8,14.3154,118822.9,0.3944
1753769608030,06:13:28.030,bitget,BTC/USDT:USDT,118822.7,18.4566,118820.8,0.01,118822.8,14.3154,118822.9,0.3944
1753769608132,06:13:28.132,bitget,BTC/USDT:USDT,118822.7,18.4566,118820.8,0.01,118822.8,14.3153,118822.9,0.3944
1753769608234,06:13:28.234,bitget,BTC/USDT:USDT,118822.7,18.4566,118820.8,0.01,118822.8,14.3153,118822.9,0.3944
1753769608335,06:13:28.335,bitget,BTC/USDT:USDT,118822.7,18.4566,118820.8,0.01,118822.8,14.3153,118822.9,0.3944
1753769608435,06:13:28.435,bitget,BTC/USDT:USDT,118822.7,18.4566,118820.8,0.01,118822.8,14.3153,118822.9,0.3944
1753769608540,06:13:28.540,bitget,BTC/USDT:USDT,118822.7,18.4364,118820.8,0.01,118822.8,14.3153,118822.9,0.3944
1753769608640,06:13:28.640,bitget,BTC/USDT:USDT,118822.7,18.4364,118820.8,0.01,118822.8,14.3153,118822.9,0.3944
1753769608742,06:13:28.742,bitget,BTC/USDT:USDT,118822.7,18.4364,118820.8,0.01,118822.8,14.3153,118822.9,0.3944
1753769608843,06:13:28.843,bitget,BTC/USDT:USDT,118822.7,18.4364,118820.8,0.01,118822.8,14.3153,118822.9,0.3944
1753769608944,06:13:28.944,bitget,BTC/USDT:USDT,118822.7,18.4364,118820.8,0.01,118822.8,14.9258,118822.9,0.3944
1753769609046,06:13:29.046,bitget,BTC/USDT:USDT,118822.7,18.4359,118820.8,0.01,118822.8,14.9258,118822.9,0.3944
1753769609145,06:13:29.145,bitget,BTC/USDT:USDT,118822.7,18.4359,118820.8,0.01,118822.8,14.9251,118822.9,0.3944
1753769609246,06:13:29.246,bitget,BTC/USDT:USDT,118822.7,18.4359,118820.8,0.01,118822.8,14.9251,118822.9,0.3944
1753769609346,06:13:29.346,bitget,BTC/USDT:USDT,118822.7,18.4359,118820.8,0.01,118822.8,14.9251,118822.9,0.3944
1753769609451,06:13:29.451,bitget,BTC/USDT:USDT,118822.7,18.4359,118820.8,0.01,118822.8,14.9251,118822.9,0.3944
1753769609552,06:13:29.552,bitget,BTC/USDT:USDT,118822.7,18.4359,118820.8,0.01,118822.8,14.9251,118822.9,0.3944
1753769609653,06:13:29.653,bitget,BTC/USDT:USDT,118822.7,18.4359,118820.8,0.01,118822.8,14.9251,118822.9,0.3944
1753769609753,06:13:29.753,bitget,BTC/USDT:USDT,118822.7,18.4359,118820.8,0.01,118822.8,14.9251,118822.9,0.3944
1753769609856,06:13:29.856,bitget,BTC/USDT:USDT,118822.7,18.4359,118820.8,0.01,118822.8,14.9251,118822.9,0.3944
1753769609957,06:13:29.957,bitget,BTC/USDT:USDT,118822.7,18.4359,118820.8,0.01,118822.8,14.9251,118822.9,0.3944
1753769610058,06:13:30.058,bitget,BTC/USDT:USDT,118822.7,18.4359,118820.8,0.01,118822.8,14.9251,118822.9,0.3944
1753769610160,06:13:30.160,bitget,BTC/USDT:USDT,118822.7,18.4359,118820.8,0.01,118822.8,14.9251,118822.9,0.3944
1753769610260,06:13:30.260,bitget,BTC/USDT:USDT,118822.7,18.4359,118820.8,0.01,118822.8,14.9251,118822.9,0.3944
1753769610362,06:13:30.362,bitget,BTC/USDT:USDT,118822.7,18.4359,118820.8,0.01,118822.8,14.9251,118822.9,0.3944
1753769610463,06:13:30.463,bitget,BTC/USDT:USDT,118822.7,18.3476,118820.8,0.01,118822.8,14.9251,118822.9,0.3944
1753769610565,06:13:30.565,bitget,BTC/USDT:USDT,118822.7,18.3476,118820.8,0.01,118822.8,14.9251,118822.9,0.3944
1753769610665,06:13:30.665,bitget,BTC/USDT:USDT,118822.7,18.3476,118820.8,0.01,118822.8,13.7511,118822.9,0.0003
1753769610766,06:13:30.766,bitget,BTC/USDT:USDT,118822.7,18.3476,118820.8,0.01,118822.8,12.3861,118822.9,0.0003
1753769610866,06:13:30.866,bitget,BTC/USDT:USDT,118822.7,18.3476,118820.8,0.01,118822.8,12.3861,118822.9,0.0003
1753769610970,06:13:30.970,bitget,BTC/USDT:USDT,118822.7,18.3437,118820.8,0.01,118822.8,12.3861,118822.9,0.0003
1753769611070,06:13:31.070,bitget,BTC/USDT:USDT,118822.7,18.3437,118820.8,0.01,118822.8,12.3861,118822.9,0.0003
1753769611169,06:13:31.169,bitget,BTC/USDT:USDT,118822.7,18.3437,118820.8,0.01,118822.8,12.3861,118822.9,0.0003
1753769611269,06:13:31.269,bitget,BTC/USDT:USDT,118822.7,18.3437,118820.8,0.01,118822.8,12.3861,118822.9,0.0003
1753769611373,06:13:31.373,bitget,BTC/USDT:USDT,118822.7,18.3437,118820.8,0.01,118822.8,12.3861,118822.9,0.0003
1753769611474,06:13:31.474,bitget,BTC/USDT:USDT,118822.7,18.3437,118820.8,0.01,118822.8,12.3861,118822.9,0.0003
1753769611575,06:13:31.575,bitget,BTC/USDT:USDT,118822.7,18.3437,118820.8,0.01,118822.8,12.8431,118822.9,0.0003
1753769611678,06:13:31.678,bitget,BTC/USDT:USDT,118822.7,18.3437,118820.8,0.01,118822.8,12.8431,118822.9,0.0003
1753769611779,06:13:31.779,bitget,BTC/USDT:USDT,118822.7,18.3437,118820.8,0.01,118822.8,12.8431,118822.9,0.0003
1753769611880,06:13:31.880,bitget,BTC/USDT:USDT,118822.7,18.3437,118820.8,0.01,118822.8,12.8431,118822.9,0.0003
1753769611982,06:13:31.982,bitget,BTC/USDT:USDT,118822.7,18.3437,118820.8,0.01,118822.8,12.8431,118822.9,0.0003
1753769612487,06:13:32.487,bitget,BTC/USDT:USDT,118822.7,18.2894,118820.8,0.01,118822.8,12.9521,118822.9,0.0003
1753769612589,06:13:32.589,bitget,BTC/USDT:USDT,118822.7,18.2894,118820.8,0.01,118822.8,12.9521,118822.9,0.0003
1753769612792,06:13:32.792,bitget,BTC/USDT:USDT,118822.7,18.2894,118820.8,0.01,118822.8,14.317,118822.9,0.0003
1753769612892,06:13:32.892,bitget,BTC/USDT:USDT,118822.7,18.3096,118820.8,0.01,118822.8,14.317,118822.9,0.3944
1753769612992,06:13:32.992,bitget,BTC/USDT:USDT,118822.7,18.3096,118820.8,0.01,118822.8,14.317,118822.9,0.3944
1753769613094,06:13:33.094,bitget,BTC/USDT:USDT,118822.7,18.3096,118820.8,0.01,118822.8,14.317,118822.9,0.3944
1753769613194,06:13:33.194,bitget,BTC/USDT:USDT,118822.7,18.3096,118820.8,0.01,118822.8,14.317,118822.9,0.3944
1753769613296,06:13:33.296,bitget,BTC/USDT:USDT,118822.7,18.3096,118820.8,0.01,118822.8,14.317,118822.9,0.3944
1753769613397,06:13:33.397,bitget,BTC/USDT:USDT,118822.7,18.3096,118820.8,0.01,118822.8,14.317,118822.9,0.3944
1753769613496,06:13:33.496,bitget,BTC/USDT:USDT,118822.7,18.3096,118820.8,0.01,118822.8,14.317,118822.9,0.3944
1753769613599,06:13:33.599,bitget,BTC/USDT:USDT,118822.7,18.2894,118820.8,0.01,118822.8,14.9245,118822.9,0.3944
1753769613703,06:13:33.703,bitget,BTC/USDT:USDT,118822.7,18.2894,118820.8,0.01,118822.8,14.9245,118822.9,0.3944
1753769613802,06:13:33.802,bitget,BTC/USDT:USDT,118822.7,18.2894,118820.8,0.01,118822.8,14.9245,118822.9,0.3944
1753769613903,06:13:33.903,bitget,BTC/USDT:USDT,118822.7,18.2894,118820.8,0.01,118822.8,14.9245,118822.9,0.3944
1753769614005,06:13:34.005,bitget,BTC/USDT:USDT,118822.7,18.2894,118820.8,0.01,118822.8,15.48,118822.9,0.3944
1753769614107,06:13:34.107,bitget,BTC/USDT:USDT,118822.7,18.2894,118820.8,0.01,118822.8,15.4799,118822.9,0.3944
1753769614208,06:13:34.208,bitget,BTC/USDT:USDT,118822.7,18.2894,118820.8,0.01,118822.8,15.4799,118822.9,0.3944
1753769614308,06:13:34.308,bitget,BTC/USDT:USDT,118822.7,8.15,118820.9,2.9452,118822.8,15.4799,118822.9,0.3944
1753769614809,06:13:34.809,bitget,BTC/USDT:USDT,118820.0,0.0073,118818.3,0.042,118820.1,42.5606,118820.6,0.0102
1753769615009,06:13:35.009,bitget,BTC/USDT:USDT,118820.0,0.0043,118818.3,0.042,118820.1,42.1316,118820.6,0.0102
1753769615309,06:13:35.309,bitget,BTC/USDT:USDT,118820.0,0.0043,118818.3,0.042,118820.1,41.9212,118820.7,8.8877
1753769615409,06:13:35.409,bitget,BTC/USDT:USDT,118820.0,0.0043,118818.3,0.042,118820.1,41.9152,118820.7,8.8877
1753769615509,06:13:35.509,bitget,BTC/USDT:USDT,118820.0,0.0043,118818.3,0.042,118820.1,41.9212,118820.7,8.8877
1753769615610,06:13:35.610,bitget,BTC/USDT:USDT,118820.0,0.0043,118818.3,0.042,118820.1,41.9212,118820.7,8.8877
1753769615710,06:13:35.710,bitget,BTC/USDT:USDT,118820.0,0.0043,118818.3,0.042,118820.1,41.9212,118820.7,8.8877
1753769615810,06:13:35.810,bitget,BTC/USDT:USDT,118820.0,0.0043,118818.3,0.042,118820.1,41.9212,118820.7,8.8877
1753769615910,06:13:35.910,bitget,BTC/USDT:USDT,118820.0,0.0043,118818.3,0.042,118820.1,41.9212,118820.7,8.8877
1753769616010,06:13:36.010,bitget,BTC/USDT:USDT,118820.0,0.0043,118818.3,0.042,118820.1,41.9212,118820.7,8.8877
1753769616110,06:13:36.110,bitget,BTC/USDT:USDT,118820.0,0.0043,118818.3,0.042,118820.1,41.9212,118820.7,8.8877
1753769616210,06:13:36.210,bitget,BTC/USDT:USDT,118820.0,0.0043,118818.3,0.042,118820.1,41.9212,118820.7,8.8877
1753769616310,06:13:36.310,bitget,BTC/USDT:USDT,118820.0,0.0043,118818.3,0.042,118820.1,41.9212,118820.7,8.8877
1753769616410,06:13:36.410,bitget,BTC/USDT:USDT,118820.0,0.0043,118818.3,0.042,118820.1,41.9212,118820.7,8.8877
1753769616511,06:13:36.511,bitget,BTC/USDT:USDT,118820.0,0.0043,118818.3,0.042,118820.1,41.9212,118820.7,8.8877
1753769616611,06:13:36.611,bitget,BTC/USDT:USDT,118820.0,0.0043,118818.3,0.042,118820.1,41.9212,118820.7,8.8877
1753769616711,06:13:36.711,bitget,BTC/USDT:USDT,118820.0,0.0043,118818.3,0.042,118820.1,41.9212,118820.7,8.8877
1753769616812,06:13:36.812,bitget,BTC/USDT:USDT,118820.0,0.0043,118818.3,0.042,118820.1,41.9212,118820.7,8.8877
1753769616912,06:13:36.912,bitget,BTC/USDT:USDT,118820.0,0.0043,118818.3,0.042,118820.1,41.9212,118820.7,8.8877
1753769617012,06:13:37.012,bitget,BTC/USDT:USDT,118820.0,0.0043,118818.3,0.042,118820.1,41.9212,118820.7,8.8877
1753769617113,06:13:37.113,bitget,BTC/USDT:USDT,118820.0,0.0043,118818.3,0.042,118820.1,41.9212,118820.7,8.8877
1753769617212,06:13:37.212,bitget,BTC/USDT:USDT,118820.0,0.0043,118818.3,0.042,118820.1,41.9212,118820.7,8.8877
1753769617312,06:13:37.312,bitget,BTC/USDT:USDT,118820.0,0.0043,118818.3,0.042,118820.1,41.9212,118820.7,8.8877
1753769617412,06:13:37.412,bitget,BTC/USDT:USDT,118820.0,0.0043,118818.3,0.042,118820.1,41.9212,118820.7,8.8877
1753769617612,06:13:37.612,bitget,BTC/USDT:USDT,118820.0,0.0043,118818.3,0.042,118820.1,41.9212,118820.7,8.8877
1753769617712,06:13:37.712,bitget,BTC/USDT:USDT,118820.0,0.0043,118818.3,0.042,118820.1,41.9212,118820.7,8.8877
1753769617812,06:13:37.812,bitget,BTC/USDT:USDT,118820.0,0.0043,118818.3,0.042,118820.1,41.9212,118820.7,8.8877
1753769618014,06:13:38.014,bitget,BTC/USDT:USDT,118820.0,0.0043,118818.3,0.042,118820.1,42.3419,118820.7,8.8877
1753769618113,06:13:38.113,bitget,BTC/USDT:USDT,118818.3,0.5463,118810.0,0.002,118818.4,56.8413,118820.0,6.6996
1753769618314,06:13:38.314,bitget,BTC/USDT:USDT,118818.3,0.0424,118810.0,0.002,118818.4,72.3173,118819.9,13.8874
1753769618413,06:13:38.413,bitget,BTC/USDT:USDT,118818.3,0.0424,118810.0,0.002,118818.4,58.0335,118819.9,9.2019
1753769618514,06:13:38.514,bitget,BTC/USDT:USDT,118808.9,5.859,118808.8,0.033,118809.0,23.0256,118809.1,0.4206
1753769618615,06:13:38.615,bitget,BTC/USDT:USDT,118808.9,9.7895,118808.3,0.0664,118809.0,36.1569,118811.4,0.8651
1753769618714,06:13:38.714,bitget,BTC/USDT:USDT,118808.9,9.7895,118808.3,0.0664,118809.0,36.9804,118811.3,2.9455
1753769618814,06:13:38.814,bitget,BTC/USDT:USDT,118808.9,9.7895,118808.3,0.0664,118809.0,36.9864,118811.3,2.9455
1753769618914,06:13:38.914,bitget,BTC/USDT:USDT,118808.9,9.7895,118808.3,0.0664,118809.0,36.9864,118811.2,0.0002
1753769619016,06:13:39.016,bitget,BTC/USDT:USDT,118808.9,9.7895,118808.3,0.0664,118809.0,36.9864,118811.2,0.0002
1753769619217,06:13:39.217,bitget,BTC/USDT:USDT,118808.9,9.7653,118808.3,0.1324,118809.0,36.9864,118811.2,0.0002
1753769619317,06:13:39.317,bitget,BTC/USDT:USDT,118808.9,9.7653,118808.8,0.066,118809.0,36.9864,118811.2,0.0002
1753769619417,06:13:39.417,bitget,BTC/USDT:USDT,118808.9,9.7653,118808.8,0.066,118809.0,36.9864,118811.2,0.0002
1753769619518,06:13:39.518,bitget,BTC/USDT:USDT,118808.9,9.7653,118808.8,0.066,118809.0,36.9864,118811.2,0.0002
1753769619618,06:13:39.618,bitget,BTC/USDT:USDT,118808.9,9.7653,118808.8,0.066,118809.0,36.9864,118811.2,2.6077
1753769619718,06:13:39.718,bitget,BTC/USDT:USDT,118808.9,9.7653,118808.8,0.066,118809.0,36.9864,118811.2,2.6077
1753769619818,06:13:39.818,bitget,BTC/USDT:USDT,118808.9,9.7653,118808.8,0.066,118809.0,36.9864,118811.2,2.6077
1753769619918,06:13:39.918,bitget,BTC/USDT:USDT,118808.9,9.8313,118808.3,0.0916,118809.0,36.2069,118811.2,2.6077
1753769620018,06:13:40.018,bitget,BTC/USDT:USDT,118808.9,9.8389,118808.3,0.0916,118809.0,35.6524,118811.1,0.0002
1753769620118,06:13:40.118,bitget,BTC/USDT:USDT,118808.9,11.8631,118808.6,0.066,118809.0,33.5408,118811.1,0.0002
1753769620219,06:13:40.219,bitget,BTC/USDT:USDT,118808.9,14.8087,118808.8,0.066,118809.0,26.8592,118811.1,0.0002
1753769620320,06:13:40.320,bitget,BTC/USDT:USDT,118808.9,15.019,118808.8,0.066,118809.0,26.4386,118811.1,0.0002
1753769620419,06:13:40.419,bitget,BTC/USDT:USDT,118808.9,15.019,118808.8,0.066,118809.0,26.018,118811.3,1.0625
1753769620520,06:13:40.520,bitget,BTC/USDT:USDT,118808.9,15.019,118808.8,0.066,118809.0,26.018,118811.3,1.0625
1753769620621,06:13:40.621,bitget,BTC/USDT:USDT,118808.9,15.019,118808.8,0.066,118809.0,26.018,118811.3,1.0625
1753769620722,06:13:40.722,bitget,BTC/USDT:USDT,118808.9,15.019,118808.8,0.066,118809.0,26.018,118811.3,1.0625
1753769620821,06:13:40.821,bitget,BTC/USDT:USDT,118808.9,14.5814,118808.8,0.033,118809.0,26.018,118811.3,1.0625
1753769620922,06:13:40.922,bitget,BTC/USDT:USDT,118808.9,14.5814,118808.8,0.066,118809.0,26.018,118811.3,1.0625
1753769621025,06:13:41.025,bitget,BTC/USDT:USDT,118808.9,14.5814,118808.8,0.066,118809.0,26.018,118811.3,1.0625
1753769621126,06:13:41.126,bitget,BTC/USDT:USDT,118808.9,14.5814,118808.8,0.066,118809.0,26.018,118811.3,1.0625
1753769621228,06:13:41.228,bitget,BTC/USDT:USDT,118808.9,14.6474,118808.3,0.0916,118809.0,26.018,118811.3,1.0625
1753769621328,06:13:41.328,bitget,BTC/USDT:USDT,118808.9,14.6474,118808.3,0.0916,118809.0,24.5894,118811.3,1.0625
1753769621430,06:13:41.430,bitget,BTC/USDT:USDT,118808.9,14.6474,118808.3,0.0916,118809.0,24.5894,118811.3,1.0625
1753769621531,06:13:41.531,bitget,BTC/USDT:USDT,118808.9,14.6474,118808.3,0.0916,118809.0,24.5894,118811.3,1.0625
1753769621634,06:13:41.634,bitget,BTC/USDT:USDT,118808.9,14.6474,118808.3,0.0916,118809.0,24.5894,118811.3,1.0625
1753769621734,06:13:41.734,bitget,BTC/USDT:USDT,118808.9,14.6474,118808.3,0.0916,118809.0,24.5894,118811.3,1.0625
1753769621835,06:13:41.835,bitget,BTC/USDT:USDT,118808.9,14.6474,118808.3,0.0916,118809.0,24.5894,118811.3,1.0625
1753769621936,06:13:41.936,bitget,BTC/USDT:USDT,118808.9,14.5814,118808.8,0.066,118809.0,24.5894,118811.3,1.0625
1753769622038,06:13:42.038,bitget,BTC/USDT:USDT,118808.9,14.6474,118808.3,0.0916,118809.0,24.5894,118811.3,1.0625
1753769622139,06:13:42.139,bitget,BTC/USDT:USDT,118808.9,14.5814,118808.8,0.033,118809.0,24.5894,118811.3,1.0625
1753769622238,06:13:42.238,bitget,BTC/USDT:USDT,118808.9,14.6144,118808.3,0.0916,118809.0,24.5894,118811.3,1.0625
1753769622341,06:13:42.341,bitget,BTC/USDT:USDT,118808.9,14.6804,118808.3,0.0916,118809.0,24.1693,118811.3,1.0625
1753769622644,06:13:42.644,bitget,BTC/USDT:USDT,118808.9,14.5814,118808.8,0.033,118809.0,24.1661,118811.3,1.0625
1753769622844,06:13:42.844,bitget,BTC/USDT:USDT,118808.9,14.5814,118808.7,0.066,118809.0,24.1661,118811.3,1.0625
1753769622949,06:13:42.949,bitget,BTC/USDT:USDT,118808.9,14.5814,118808.7,0.066,118809.0,24.1661,118811.3,1.0625
1753769623050,06:13:43.050,bitget,BTC/USDT:USDT,118808.9,14.5814,118808.8,0.066,118809.0,24.1661,118811.3,1.0625
1753769623149,06:13:43.149,bitget,BTC/USDT:USDT,118808.9,14.5814,118808.8,0.033,118809.0,24.1661,118811.3,1.0625
1753769623250,06:13:43.250,bitget,BTC/USDT:USDT,118808.9,14.5814,118808.8,0.033,118809.0,24.1661,118811.3,1.0625
1753769623350,06:13:43.350,bitget,BTC/USDT:USDT,118808.9,14.5814,118808.8,0.033,118809.0,24.1661,118811.3,1.0625
1753769623452,06:13:43.452,bitget,BTC/USDT:USDT,118808.9,14.5814,118808.8,0.099,118809.0,24.1661,118811.3,1.0625
1753769623554,06:13:43.554,bitget,BTC/USDT:USDT,118808.9,14.5814,118808.8,0.033,118809.0,24.1661,118811.3,1.0625
1753769623654,06:13:43.654,bitget,BTC/USDT:USDT,118808.9,14.6144,118808.8,0.033,118809.0,24.1661,118811.3,1.0625
1753769623756,06:13:43.756,bitget,BTC/USDT:USDT,118808.9,14.6144,118808.3,0.0916,118809.0,24.1661,118811.3,1.0625
1753769623856,06:13:43.856,bitget,BTC/USDT:USDT,118808.9,14.6804,118808.3,0.0916,118809.0,24.1661,118811.3,1.0625
1753769623957,06:13:43.957,bitget,BTC/USDT:USDT,118808.9,14.6474,118808.3,0.0916,118809.0,24.1678,118811.3,1.0625
1753769624059,06:13:44.059,bitget,BTC/USDT:USDT,118808.9,14.6144,118808.3,0.0916,118809.0,24.1678,118811.3,1.0625
1753769624160,06:13:44.160,bitget,BTC/USDT:USDT,118808.9,14.6144,118808.3,0.0916,118809.0,24.1678,118811.3,1.0625
1753769624260,06:13:44.260,bitget,BTC/USDT:USDT,118808.9,14.6804,118808.3,0.0916,118809.0,24.1678,118811.3,1.0625
1753769624362,06:13:44.362,bitget,BTC/USDT:USDT,118808.9,14.6144,118808.3,0.0916,118809.0,24.1678,118811.3,1.0625
1753769624462,06:13:44.462,bitget,BTC/USDT:USDT,118808.9,14.6121,118808.3,0.0916,118809.0,24.1678,118811.3,1.0625
1753769624563,06:13:44.563,bitget,BTC/USDT:USDT,118808.9,14.6121,118808.3,0.0916,118809.0,24.1678,118811.3,1.0625
1753769624663,06:13:44.663,bitget,BTC/USDT:USDT,118808.9,14.6451,118808.3,0.0916,118809.0,24.1678,118811.3,1.0625
1753769624766,06:13:44.766,bitget,BTC/USDT:USDT,118808.9,14.5791,118808.8,0.033,118809.0,24.1678,118811.3,1.0625
1753769624867,06:13:44.867,bitget,BTC/USDT:USDT,118808.9,14.5791,118808.8,0.033,118809.0,24.1678,118811.3,1.0625
1753769625276,06:13:45.276,bitget,BTC/USDT:USDT,118808.9,14.5791,118808.8,0.033,118809.0,24.1678,118811.3,1.0625
1753769625378,06:13:45.378,bitget,BTC/USDT:USDT,118808.9,14.5791,118808.8,0.033,118809.0,24.1678,118811.3,1.0625
1753769625479,06:13:45.479,bitget,BTC/USDT:USDT,118808.9,14.5783,118808.8,0.033,118809.0,24.1678,118811.3,1.0625
1753769625580,06:13:45.580,bitget,BTC/USDT:USDT,118808.9,14.5695,118808.8,0.033,118809.0,24.1678,118811.3,1.0625
1753769625682,06:13:45.682,bitget,BTC/USDT:USDT,118808.9,18.3205,118808.8,0.033,118809.0,24.1678,118811.3,1.0625
1753769625783,06:13:45.783,bitget,BTC/USDT:USDT,118808.9,18.3865,118808.3,0.0916,118809.0,24.1678,118811.3,1.0625
1753769625984,06:13:45.984,bitget,BTC/USDT:USDT,118808.9,18.3865,118808.3,0.0916,118809.0,24.1678,118811.3,1.0625
1753769626084,06:13:46.084,bitget,BTC/USDT:USDT,118808.9,18.1972,118808.3,0.0916,118809.0,24.1676,118811.3,1.0625
1753769626188,06:13:46.188,bitget,BTC/USDT:USDT,118808.9,18.1203,118808.3,0.0916,118809.0,24.1676,118811.3,0.4356
1753769626290,06:13:46.290,bitget,BTC/USDT:USDT,118808.9,18.1203,118808.3,0.0916,118809.0,24.1676,118811.3,1.063
1753769626389,06:13:46.389,bitget,BTC/USDT:USDT,118808.9,18.1203,118808.3,0.0916,118809.0,24.1676,118811.3,1.063
1753769626491,06:13:46.491,bitget,BTC/USDT:USDT,118808.9,18.1203,118808.3,0.0916,118809.0,24.1676,118811.3,1.063
1753769626592,06:13:46.592,bitget,BTC/USDT:USDT,118808.9,18.1203,118808.3,0.0916,118809.0,24.1676,118811.3,1.063
1753769626694,06:13:46.694,bitget,BTC/USDT:USDT,118808.9,18.1203,118808.3,0.0916,118809.0,24.3578,118811.3,1.063
1753769626794,06:13:46.794,bitget,BTC/USDT:USDT,118808.9,18.1175,118808.3,0.0916,118809.0,23.8203,118811.3,1.063
1753769626897,06:13:46.897,bitget,BTC/USDT:USDT,118808.9,18.1175,118808.3,0.0916,118809.0,23.8203,118811.3,1.063
1753769626996,06:13:46.996,bitget,BTC/USDT:USDT,118808.9,18.1175,118808.3,0.0916,118809.0,23.8203,118811.3,1.063
1753769627099,06:13:47.099,bitget,BTC/USDT:USDT,118808.9,18.1175,118808.3,0.0916,118809.0,23.8203,118811.3,1.063
1753769627200,06:13:47.200,bitget,BTC/USDT:USDT,118808.9,18.1175,118808.3,0.0916,118809.0,23.8203,118811.3,1.063
1753769627401,06:13:47.401,bitget,BTC/USDT:USDT,118808.9,18.1707,118808.3,0.0916,118809.0,23.8203,118811.3,1.063
1753769627502,06:13:47.502,bitget,BTC/USDT:USDT,118808.9,18.1377,118808.3,0.0916,118809.0,23.8203,118811.3,1.063
1753769627604,06:13:47.604,bitget,BTC/USDT:USDT,118808.9,18.1175,118808.3,0.0916,118809.0,23.8203,118811.3,1.063
1753769627704,06:13:47.704,bitget,BTC/USDT:USDT,118808.9,18.0845,118808.3,0.0916,118809.0,23.8203,118811.3,1.063
1753769627807,06:13:47.807,bitget,BTC/USDT:USDT,118808.9,18.1047,118808.3,0.0916,118809.0,23.8203,118811.3,1.063
1753769627909,06:13:47.909,bitget,BTC/USDT:USDT,118808.9,18.1377,118808.3,0.0916,118809.0,23.8203,118811.3,1.063
1753769628009,06:13:48.009,bitget,BTC/USDT:USDT,118808.9,18.1175,118808.3,0.0916,118809.0,23.8189,118811.3,1.063
1753769628210,06:13:48.210,bitget,BTC/USDT:USDT,118808.9,18.0515,118808.8,0.099,118809.0,23.8189,118811.3,1.063
1753769628313,06:13:48.313,bitget,BTC/USDT:USDT,118808.9,18.0717,118808.8,0.099,118809.0,23.8189,118811.3,1.063
1753769628414,06:13:48.414,bitget,BTC/USDT:USDT,118808.9,18.0717,118808.8,0.033,118809.0,23.8189,118811.4,0.8651
1753769628514,06:13:48.514,bitget,BTC/USDT:USDT,118808.9,18.0699,118808.8,0.066,118809.0,23.8189,118811.4,0.8651
1753769628713,06:13:48.713,bitget,BTC/USDT:USDT,118808.9,18.0699,118808.8,0.066,118809.0,23.7778,118811.4,0.8651
1753769628818,06:13:48.818,bitget,BTC/USDT:USDT,118808.9,18.0699,118808.8,0.066,118809.0,23.7778,118811.4,0.8651
1753769628919,06:13:48.919,bitget,BTC/USDT:USDT,118808.9,18.0699,118808.8,0.033,118809.0,23.7778,118811.4,0.8651
1753769629020,06:13:49.020,bitget,BTC/USDT:USDT,118808.9,18.0699,118808.8,0.033,118809.0,23.7778,118811.4,0.8651
1753769629121,06:13:49.121,bitget,BTC/USDT:USDT,118808.9,18.0699,118808.8,0.033,118809.0,23.7778,118811.4,0.8651
1753769629224,06:13:49.224,bitget,BTC/USDT:USDT,118808.9,18.0699,118808.8,0.066,118809.0,23.7778,118811.4,0.8651
1753769629324,06:13:49.324,bitget,BTC/USDT:USDT,118808.9,18.0699,118808.8,0.099,118809.0,23.7778,118811.4,0.8651
1753769629424,06:13:49.424,bitget,BTC/USDT:USDT,118808.9,18.1029,118808.3,0.0916,118809.0,23.7695,118811.4,0.8651
1753769629525,06:13:49.525,bitget,BTC/USDT:USDT,118808.9,18.1689,118808.3,0.0916,118809.0,23.7695,118811.4,0.8651
1753769629627,06:13:49.627,bitget,BTC/USDT:USDT,118808.9,18.1689,118808.3,0.0916,118809.0,23.7695,118811.4,0.8651
1753769629727,06:13:49.727,bitget,BTC/USDT:USDT,118808.9,18.1359,118808.3,0.0916,118809.0,23.7695,118811.4,0.8651
1753769629828,06:13:49.828,bitget,BTC/USDT:USDT,118808.9,18.1689,118808.3,0.0916,118809.0,23.7695,118811.3,1.1175
1753769629929,06:13:49.929,bitget,BTC/USDT:USDT,118808.9,18.0827,118808.3,0.0916,118809.0,23.7695,118811.3,1.1175
1753769630030,06:13:50.030,bitget,BTC/USDT:USDT,118808.9,18.1029,118808.3,0.0916,118809.0,23.7695,118811.3,1.1175
1753769630131,06:13:50.131,bitget,BTC/USDT:USDT,118808.9,18.1029,118808.3,0.0916,118809.0,23.7695,118811.3,1.1175
1753769630233,06:13:50.233,bitget,BTC/USDT:USDT,118808.9,18.1689,118808.3,0.0916,118809.0,23.7695,118811.3,1.1175
1753769630334,06:13:50.334,bitget,BTC/USDT:USDT,118808.9,18.0699,118808.8,0.033,118809.0,23.7695,118811.3,1.1175
1753769630439,06:13:50.439,bitget,BTC/USDT:USDT,118808.9,18.1359,118808.3,0.0916,118809.0,23.7695,118811.4,0.8651
1753769630642,06:13:50.642,bitget,BTC/USDT:USDT,118808.9,18.1944,118808.3,0.0916,118809.0,23.7695,118811.4,0.8651
1753769630742,06:13:50.742,bitget,BTC/USDT:USDT,118808.9,18.1742,118808.3,0.0916,118809.0,23.7695,118811.4,0.8651
1753769630946,06:13:50.946,bitget,BTC/USDT:USDT,118808.9,18.1742,118808.3,0.0916,118809.0,23.7695,118811.4,0.8651
1753769631046,06:13:51.046,bitget,BTC/USDT:USDT,118808.9,18.1742,118808.3,0.0916,118809.0,23.7695,118811.4,0.8651
1753769631148,06:13:51.148,bitget,BTC/USDT:USDT,118808.9,18.1742,118808.3,0.0916,118809.0,23.7695,118811.4,0.8651
1753769631249,06:13:51.249,bitget,BTC/USDT:USDT,118808.9,18.1742,118808.3,0.0916,118809.0,23.7695,118811.4,0.8651
1753769631350,06:13:51.350,bitget,BTC/USDT:USDT,118808.9,18.1371,118808.3,0.0916,118809.0,23.7695,118811.4,0.8651
1753769631452,06:13:51.452,bitget,BTC/USDT:USDT,118808.9,18.1371,118808.3,0.0916,118809.0,23.7695,118811.4,0.8651
1753769631552,06:13:51.552,bitget,BTC/USDT:USDT,118808.9,18.1371,118808.3,0.0916,118809.0,23.7695,118811.4,0.8651
1753769631755,06:13:51.755,bitget,BTC/USDT:USDT,118808.9,18.1573,118808.3,0.0916,118809.0,23.7695,118811.4,0.8651
1753769631856,06:13:51.856,bitget,BTC/USDT:USDT,118808.9,18.1243,118808.8,0.033,118809.0,23.7695,118811.4,0.8651
1753769631958,06:13:51.958,bitget,BTC/USDT:USDT,118808.9,18.1573,118808.3,0.0916,118809.0,23.7695,118811.4,0.8651
1753769632059,06:13:52.059,bitget,BTC/USDT:USDT,118808.9,18.1345,118808.3,0.0916,118809.0,23.7468,118811.4,0.8651
1753769632160,06:13:52.160,bitget,BTC/USDT:USDT,118808.9,18.0685,118808.6,0.066,118809.0,23.7467,118811.4,0.8651
1753769632262,06:13:52.262,bitget,BTC/USDT:USDT,118808.9,18.0685,118808.6,0.066,118809.0,23.7468,118809.1,0.0001
1753769632363,06:13:52.363,bitget,BTC/USDT:USDT,118808.9,18.0688,118808.7,0.066,118809.0,23.7468,118809.1,0.0001
1753769632462,06:13:52.462,bitget,BTC/USDT:USDT,118808.9,18.08,118808.3,0.0916,118809.0,23.7468,118809.1,0.0001
1753769632564,06:13:52.564,bitget,BTC/USDT:USDT,118808.9,15.0992,118808.3,0.0916,118809.0,26.1863,118809.1,0.0001
1753769632665,06:13:52.665,bitget,BTC/USDT:USDT,118808.9,14.6621,118808.8,0.099,118809.0,26.3798,118809.1,0.0001
1753769632767,06:13:52.767,bitget,BTC/USDT:USDT,118808.9,14.7281,118808.3,0.0916,118809.0,26.3798,118809.1,0.0001
1753769632867,06:13:52.867,bitget,BTC/USDT:USDT,118808.9,14.7079,118808.3,0.0916,118809.0,26.3798,118809.1,0.0001
1753769632967,06:13:52.967,bitget,BTC/USDT:USDT,118808.9,14.7079,118808.3,0.0916,118809.0,26.3798,118809.1,0.0001
1753769633168,06:13:53.168,bitget,BTC/USDT:USDT,118808.9,14.7079,118808.3,0.0916,118809.0,26.3649,118809.1,0.0001
1753769633268,06:13:53.268,bitget,BTC/USDT:USDT,118808.9,14.7281,118808.3,0.0916,118809.0,26.3649,118809.1,0.0001
1753769633370,06:13:53.370,bitget,BTC/USDT:USDT,118808.9,14.7281,118808.3,0.0916,118809.0,26.3649,118809.1,0.0001
1753769633476,06:13:53.476,bitget,BTC/USDT:USDT,118808.9,14.7203,118808.3,0.0916,118809.0,26.3649,118809.1,0.0001
1753769633578,06:13:53.578,bitget,BTC/USDT:USDT,118808.9,14.7203,118808.3,0.0916,118809.0,26.3649,118809.1,0.0001
1753769633679,06:13:53.679,bitget,BTC/USDT:USDT,118808.9,14.7203,118808.3,0.0916,118809.0,26.3649,118809.1,0.0001
1753769633780,06:13:53.780,bitget,BTC/USDT:USDT,118808.9,14.7203,118808.3,0.0916,118809.0,26.3649,118809.1,0.0001
1753769633881,06:13:53.881,bitget,BTC/USDT:USDT,118808.9,14.9463,118808.8,0.099,118809.0,25.3489,118809.1,0.0001
1753769633982,06:13:53.982,bitget,BTC/USDT:USDT,118808.9,15.8598,118808.5,0.033,118809.0,25.3489,118809.1,0.0001
1753769634083,06:13:54.083,bitget,BTC/USDT:USDT,118808.9,15.8598,118808.5,0.099,118809.0,25.3489,118809.1,0.0001
1753769634183,06:13:54.183,bitget,BTC/USDT:USDT,118808.9,15.8598,118808.6,0.033,118809.0,25.3489,118809.1,0.0001
1753769634285,06:13:54.285,bitget,BTC/USDT:USDT,118808.9,15.8928,118808.3,0.0916,118809.0,25.3489,118809.1,0.0001
1753769634387,06:13:54.387,bitget,BTC/USDT:USDT,118808.9,15.8598,118808.8,0.033,118809.0,25.3489,118809.1,0.0001
1753769634488,06:13:54.488,bitget,BTC/USDT:USDT,118808.9,15.8598,118808.8,0.033,118809.0,25.3489,118809.1,0.0001
1753769634689,06:13:54.689,bitget,BTC/USDT:USDT,118808.9,15.8598,118808.8,0.066,118809.0,25.3489,118809.1,0.0001
1753769634790,06:13:54.790,bitget,BTC/USDT:USDT,118808.9,15.9258,118808.3,0.0916,118809.0,25.3489,118809.1,0.0001
1753769634995,06:13:54.995,bitget,BTC/USDT:USDT,118808.9,15.9244,118808.3,0.0916,118809.0,25.3489,118809.1,0.0001
1753769635096,06:13:55.096,bitget,BTC/USDT:USDT,118808.9,15.8584,118808.8,0.033,118809.0,24.6694,118809.1,0.0001
1753769635197,06:13:55.197,bitget,BTC/USDT:USDT,118808.9,15.8584,118808.6,0.066,118809.0,24.2694,118809.1,0.0001
1753769635499,06:13:55.499,bitget,BTC/USDT:USDT,118808.9,15.8584,118808.6,0.033,118809.0,23.9254,118809.1,0.0001
1753769635601,06:13:55.601,bitget,BTC/USDT:USDT,118808.9,15.8584,118808.6,0.033,118809.0,23.9254,118809.1,0.0001
1753769635702,06:13:55.702,bitget,BTC/USDT:USDT,118808.9,15.8584,118808.6,0.033,118809.0,23.9254,118809.1,0.0001
1753769635803,06:13:55.803,bitget,BTC/USDT:USDT,118808.9,15.8382,118808.6,0.066,118809.0,23.9254,118809.1,0.0001
1753769635906,06:13:55.906,bitget,BTC/USDT:USDT,118808.9,15.8382,118808.6,0.066,118809.0,23.9254,118809.1,0.0001
1753769636007,06:13:56.007,bitget,BTC/USDT:USDT,118808.9,15.8584,118808.6,0.066,118809.0,23.9254,118809.1,0.0001
1753769636108,06:13:56.108,bitget,BTC/USDT:USDT,118808.9,15.8584,118808.7,0.033,118809.0,23.9254,118809.1,0.0001
1753769636209,06:13:56.209,bitget,BTC/USDT:USDT,118808.9,15.8584,118808.8,0.033,118809.0,14.4932,118809.1,0.0001
1753769636408,06:13:56.408,bitget,BTC/USDT:USDT,118808.9,16.8733,118808.8,0.005,118809.0,0.0019,118809.1,0.0001
1753769636708,06:13:56.708,bitget,BTC/USDT:USDT,118809.1,28.1955,118809.0,11.0051,118809.2,0.0005,118809.3,0.0001
1753769636808,06:13:56.808,bitget,BTC/USDT:USDT,118809.1,28.2015,118809.0,10.4861,118809.2,0.0004,118809.3,0.0001
1753769636908,06:13:56.908,bitget,BTC/USDT:USDT,118809.2,10.0827,118809.1,28.2015,118809.3,0.0001,118809.4,0.0001
1753769637008,06:13:57.008,bitget,BTC/USDT:USDT,118809.2,33.6496,118809.1,5.3283,118809.3,0.0004,118809.4,0.0001
1753769637108,06:13:57.108,bitget,BTC/USDT:USDT,118809.4,15.8838,118809.3,25.6219,118809.5,0.0001,118809.6,0.0001
1753769637209,06:13:57.209,bitget,BTC/USDT:USDT,118809.4,30.0059,118809.3,7.4154,118809.5,0.0004,118809.6,0.0001
1753769637413,06:13:57.413,bitget,BTC/USDT:USDT,118809.5,37.3833,118809.4,5.1456,118809.6,0.0005,118809.7,0.0001
1753769637513,06:13:57.513,bitget,BTC/USDT:USDT,118809.5,36.9626,118809.4,5.1416,118809.6,0.0005,118809.7,0.0001
1753769637614,06:13:57.614,bitget,BTC/USDT:USDT,118809.5,36.9626,118809.4,5.1416,118809.6,0.0005,118809.7,0.0001
1753769637713,06:13:57.713,bitget,BTC/USDT:USDT,118809.5,36.9626,118809.4,5.1416,118809.6,0.0005,118809.7,0.0001
1753769637813,06:13:57.813,bitget,BTC/USDT:USDT,118809.5,36.9646,118809.4,5.1416,118809.6,0.0005,118809.7,0.0001
1753769637914,06:13:57.914,bitget,BTC/USDT:USDT,118809.5,36.9646,118809.4,5.1416,118809.6,0.0005,118809.7,0.0001
1753769638013,06:13:58.013,bitget,BTC/USDT:USDT,118809.5,36.9646,118809.4,5.1416,118809.6,0.0006,118809.7,0.0002
1753769638114,06:13:58.114,bitget,BTC/USDT:USDT,118809.5,37.9276,118809.4,5.1416,118809.6,0.0006,118809.7,0.0002
1753769638215,06:13:58.215,bitget,BTC/USDT:USDT,118809.5,40.1988,118809.4,5.1416,118809.6,0.0006,118809.7,0.0002
1753769638315,06:13:58.315,bitget,BTC/USDT:USDT,118809.5,40.1988,118809.4,5.1416,118809.6,0.0006,118809.7,0.0002
1753769638415,06:13:58.415,bitget,BTC/USDT:USDT,118809.5,40.1988,118809.4,5.1416,118809.6,0.0006,118809.7,0.0002
1753769638515,06:13:58.515,bitget,BTC/USDT:USDT,118809.5,40.1988,118809.4,5.1416,118809.6,0.0006,118809.7,0.0002
1753769638615,06:13:58.615,bitget,BTC/USDT:USDT,118809.5,40.1988,118809.4,5.1416,118809.6,0.0006,118809.7,0.0002
1753769638715,06:13:58.715,bitget,BTC/USDT:USDT,118809.5,40.6195,118809.4,5.1416,118809.6,0.0006,118809.7,0.0002
1753769638816,06:13:58.816,bitget,BTC/USDT:USDT,118809.5,40.6525,118809.4,5.1416,118809.6,0.0006,118809.7,0.0002
1753769638916,06:13:58.916,bitget,BTC/USDT:USDT,118809.5,40.5865,118809.4,5.1416,118809.6,0.0006,118809.7,0.0002
1753769639016,06:13:59.016,bitget,BTC/USDT:USDT,118809.5,40.6195,118809.4,5.1416,118809.6,0.0006,118809.7,0.0002
1753769639116,06:13:59.116,bitget,BTC/USDT:USDT,118809.5,40.6195,118809.4,5.1416,118809.6,0.0006,118809.7,0.0002
1753769639217,06:13:59.217,bitget,BTC/USDT:USDT,118809.5,40.6195,118809.4,5.1416,118809.6,0.0005,118809.7,0.0002
1753769639317,06:13:59.317,bitget,BTC/USDT:USDT,118809.5,40.1988,118809.4,5.1416,118809.6,0.0005,118809.7,0.0002
1753769639418,06:13:59.418,bitget,BTC/USDT:USDT,118809.5,40.1988,118809.4,5.1416,118809.6,0.0005,118809.7,0.0002
1753769639519,06:13:59.519,bitget,BTC/USDT:USDT,118809.5,40.1456,118809.4,5.1416,118809.6,0.0005,118809.7,0.0002
