timestamp,time,exchange,symbol,bid1_price,bid1_volume,bid2_price,bid2_volume,ask1_price,ask1_volume,ask2_price,ask2_volume
1753769314905,06:08:34.905,okxus,BTC/USDT:USDT,118811.6,575.77,118811.5,101.0,118811.7,435.48,118811.8,3.49
1753769315005,06:08:35.005,okxus,BTC/USDT:USDT,118811.6,578.41,118811.5,102.0,118811.7,443.19,118811.8,3.49
1753769315805,06:08:35.805,okxus,BTC/USDT:USDT,118811.6,396.45,118810.8,161.96,118811.7,444.34,118811.8,6.03
1753769316005,06:08:36.005,okxus,BTC/USDT:USDT,118811.6,321.19,118810.8,1.57,118811.7,521.21,118811.8,6.03
1753769316105,06:08:36.105,okxus,BTC/USDT:USDT,118811.6,322.18,118810.8,1.57,118811.7,521.21,118811.8,6.03
1753769316205,06:08:36.205,okxus,BTC/USDT:USDT,118811.6,288.72,118810.8,1.15,118811.7,521.31,118811.8,6.03
1753769316705,06:08:36.705,okxus,BTC/USDT:USDT,118811.6,283.54,118810.8,0.02,118811.7,524.58,118811.8,6.03
1753769317105,06:08:37.105,okxus,BTC/USDT:USDT,118811.6,283.48,118810.8,0.02,118811.7,523.88,118811.8,6.03
1753769317205,06:08:37.205,okxus,BTC/USDT:USDT,118811.6,283.48,118810.8,0.02,118811.7,523.87,118811.8,6.03
1753769317405,06:08:37.405,okxus,BTC/USDT:USDT,118811.6,285.34,118810.8,0.02,118811.7,523.97,118811.8,6.17
1753769317605,06:08:37.605,okxus,BTC/USDT:USDT,118811.6,285.34,118810.8,0.02,118811.7,524.21,118811.8,6.34
1753769317905,06:08:37.905,okxus,BTC/USDT:USDT,118811.6,285.34,118810.8,0.02,118811.7,524.21,118811.8,6.34
1753769318005,06:08:38.005,okxus,BTC/USDT:USDT,118811.6,284.65,118810.8,0.02,118811.7,524.21,118811.8,6.34
1753769318105,06:08:38.105,okxus,BTC/USDT:USDT,118811.6,284.65,118810.8,0.02,118811.7,524.21,118811.8,6.34
1753769318205,06:08:38.205,okxus,BTC/USDT:USDT,118811.6,285.34,118810.8,0.02,118811.7,523.52,118811.8,6.34
1753769318305,06:08:38.305,okxus,BTC/USDT:USDT,118811.6,304.29,118810.8,0.02,118811.7,523.6,118811.8,6.34
1753769318405,06:08:38.405,okxus,BTC/USDT:USDT,118811.6,247.53,118810.8,0.02,118811.7,523.6,118811.8,6.34
1753769318605,06:08:38.605,okxus,BTC/USDT:USDT,118811.6,245.86,118810.8,0.02,118811.7,523.95,118811.8,6.62
1753769318805,06:08:38.805,okxus,BTC/USDT:USDT,118811.6,245.92,118810.8,0.02,118811.7,522.24,118811.8,6.62
1753769318905,06:08:38.905,okxus,BTC/USDT:USDT,118811.6,245.92,118810.8,0.02,118811.7,522.24,118811.8,6.62
1753769319105,06:08:39.105,okxus,BTC/USDT:USDT,118811.6,245.87,118810.8,0.02,118811.7,522.24,118811.8,6.62
1753769319205,06:08:39.205,okxus,BTC/USDT:USDT,118811.6,245.87,118810.8,0.02,118811.7,522.2,118811.8,6.62
1753769319505,06:08:39.505,okxus,BTC/USDT:USDT,118811.6,243.2,118810.8,0.02,118811.7,522.21,118811.8,6.62
1753769319605,06:08:39.605,okxus,BTC/USDT:USDT,118811.6,243.2,118810.8,0.02,118811.7,522.21,118811.8,6.62
1753769319705,06:08:39.705,okxus,BTC/USDT:USDT,118811.6,243.2,118810.8,0.02,118811.7,522.23,118811.8,6.62
1753769319805,06:08:39.805,okxus,BTC/USDT:USDT,118811.6,243.2,118810.8,0.02,118811.7,522.23,118811.8,6.62
1753769320105,06:08:40.105,okxus,BTC/USDT:USDT,118811.6,234.83,118810.8,0.02,118811.7,575.29,118811.8,6.62
1753769320505,06:08:40.505,okxus,BTC/USDT:USDT,118811.6,230.23,118810.8,0.02,118811.7,521.68,118811.8,6.62
1753769320605,06:08:40.605,okxus,BTC/USDT:USDT,118811.6,229.59,118810.8,0.02,118811.7,521.74,118811.8,6.62
1753769320905,06:08:40.905,okxus,BTC/USDT:USDT,118811.6,182.6,118811.4,9.09,118811.7,714.05,118811.8,6.62
1753769321105,06:08:41.105,okxus,BTC/USDT:USDT,118811.6,167.4,118811.4,1.14,118811.7,712.98,118811.8,6.62
1753769321205,06:08:41.205,okxus,BTC/USDT:USDT,118811.6,188.26,118811.4,10.17,118811.7,685.34,118811.8,8.31
1753769321305,06:08:41.305,okxus,BTC/USDT:USDT,118811.6,289.44,118811.4,1.14,118811.7,631.28,118811.8,8.31
1753769321805,06:08:41.805,okxus,BTC/USDT:USDT,118811.6,309.44,118811.4,1.14,118811.7,666.78,118811.8,9.05
1753769321905,06:08:41.905,okxus,BTC/USDT:USDT,118811.6,309.44,118811.4,1.14,118811.7,666.78,118811.8,9.05
1753769322005,06:08:42.005,okxus,BTC/USDT:USDT,118811.6,309.44,118811.4,1.14,118811.7,671.39,118811.8,9.05
1753769322205,06:08:42.205,okxus,BTC/USDT:USDT,118811.6,118.45,118811.3,8.77,118811.7,675.13,118811.8,9.05
1753769322305,06:08:42.305,okxus,BTC/USDT:USDT,118811.6,171.68,118810.1,1.14,118811.7,674.38,118811.8,9.05
1753769322405,06:08:42.405,okxus,BTC/USDT:USDT,118811.6,166.55,118810.1,1.14,118811.7,668.77,118811.8,9.05
1753769322505,06:08:42.505,okxus,BTC/USDT:USDT,118811.6,165.54,118810.1,1.14,118811.7,667.7,118811.8,9.05
1753769322705,06:08:42.705,okxus,BTC/USDT:USDT,118811.6,76.04,118810.7,10.29,118811.7,662.42,118811.8,9.05
1753769322805,06:08:42.805,okxus,BTC/USDT:USDT,118811.6,76.04,118810.7,1.14,118811.7,756.44,118811.8,9.05
1753769323005,06:08:43.005,okxus,BTC/USDT:USDT,118811.6,144.12,118811.4,9.45,118811.7,694.91,118811.8,9.55
1753769323105,06:08:43.105,okxus,BTC/USDT:USDT,118811.6,144.1,118811.4,9.45,118811.7,693.84,118811.8,9.7
1753769323205,06:08:43.205,okxus,BTC/USDT:USDT,118811.6,144.12,118811.4,2.43,118811.7,710.69,118811.8,9.7
1753769323305,06:08:43.305,okxus,BTC/USDT:USDT,118811.6,144.13,118811.4,2.43,118811.7,705.07,118811.8,9.7
1753769323505,06:08:43.505,okxus,BTC/USDT:USDT,118811.6,93.09,118810.1,9.5,118811.7,706.68,118811.8,9.7
1753769323805,06:08:43.805,okxus,BTC/USDT:USDT,118811.6,181.35,118811.1,1.13,118811.7,697.65,118811.8,9.7
1753769324105,06:08:44.105,okxus,BTC/USDT:USDT,118811.6,148.23,118810.1,1.13,118811.7,708.4,118811.8,10.0
1753769324205,06:08:44.205,okxus,BTC/USDT:USDT,118811.6,149.25,118810.1,1.13,118811.7,709.41,118811.8,10.28
1753769324405,06:08:44.405,okxus,BTC/USDT:USDT,118811.6,149.79,118810.1,1.13,118811.7,706.23,118811.8,10.28
1753769324505,06:08:44.505,okxus,BTC/USDT:USDT,118811.6,148.77,118810.1,1.13,118811.7,704.23,118811.8,10.28
1753769324805,06:08:44.805,okxus,BTC/USDT:USDT,118811.6,93.07,118810.1,1.13,118811.7,705.68,118811.8,10.28
1753769325105,06:08:45.105,okxus,BTC/USDT:USDT,118811.6,117.68,118810.1,1.13,118811.7,703.64,118811.8,10.28
1753769325205,06:08:45.205,okxus,BTC/USDT:USDT,118811.6,76.21,118810.1,1.13,118811.7,711.24,118811.8,10.28
1753769325405,06:08:45.405,okxus,BTC/USDT:USDT,118811.6,93.02,118810.1,1.13,118811.7,706.02,118811.8,10.28
1753769325505,06:08:45.505,okxus,BTC/USDT:USDT,118811.6,93.01,118810.7,9.49,118811.7,704.02,118811.8,10.28
1753769326005,06:08:46.005,okxus,BTC/USDT:USDT,118811.6,170.73,118810.7,1.13,118811.7,711.52,118811.8,10.28
1753769326405,06:08:46.405,okxus,BTC/USDT:USDT,118811.6,198.05,118810.7,1.13,118811.7,704.27,118811.8,10.28
1753769327005,06:08:47.005,okxus,BTC/USDT:USDT,118811.6,298.09,118810.7,1.13,118811.7,454.76,118811.8,11.24
1753769327305,06:08:47.305,okxus,BTC/USDT:USDT,118811.6,298.08,118810.7,1.13,118811.7,418.66,118811.8,12.76
1753769327405,06:08:47.405,okxus,BTC/USDT:USDT,118811.6,298.08,118810.7,1.13,118811.7,467.91,118811.8,12.76
1753769327505,06:08:47.505,okxus,BTC/USDT:USDT,118811.6,298.08,118810.7,1.13,118811.7,465.91,118811.8,12.76
1753769327705,06:08:47.705,okxus,BTC/USDT:USDT,118811.6,298.08,118810.7,1.13,118811.7,624.72,118811.8,12.76
1753769327805,06:08:47.805,okxus,BTC/USDT:USDT,118811.6,298.73,118810.7,1.13,118811.7,621.11,118811.8,12.76
1753769328005,06:08:48.005,okxus,BTC/USDT:USDT,118811.6,298.73,118810.7,1.13,118811.7,568.01,118811.8,12.76
1753769328705,06:08:48.705,okxus,BTC/USDT:USDT,118811.6,280.52,118810.7,9.33,118811.7,450.8,118811.8,13.06
1753769329105,06:08:49.105,okxus,BTC/USDT:USDT,118811.6,280.51,118810.7,9.33,118811.7,320.61,118811.8,13.06
1753769329205,06:08:49.205,okxus,BTC/USDT:USDT,118811.6,280.51,118810.7,9.33,118811.7,398.48,118811.8,13.06
1753769329305,06:08:49.305,okxus,BTC/USDT:USDT,118811.6,280.51,118810.7,9.33,118811.7,399.48,118811.8,13.06
1753769329405,06:08:49.405,okxus,BTC/USDT:USDT,118811.6,280.51,118810.7,9.33,118811.7,399.07,118811.8,13.06
1753769329805,06:08:49.805,okxus,BTC/USDT:USDT,118811.6,281.15,118810.7,9.33,118811.7,400.29,118811.8,13.34
1753769329905,06:08:49.905,okxus,BTC/USDT:USDT,118811.6,281.15,118810.7,9.33,118811.7,402.29,118811.8,13.34
1753769330205,06:08:50.205,okxus,BTC/USDT:USDT,118811.6,281.49,118810.7,9.33,118811.7,405.27,118811.8,13.34
1753769330505,06:08:50.505,okxus,BTC/USDT:USDT,118811.6,281.05,118810.7,9.33,118811.7,404.55,118811.8,13.34
1753769330705,06:08:50.705,okxus,BTC/USDT:USDT,118811.6,311.14,118810.7,9.33,118811.7,391.01,118811.8,13.34
1753769330805,06:08:50.805,okxus,BTC/USDT:USDT,118811.6,280.47,118810.7,9.33,118811.7,391.01,118811.8,13.34
1753769330905,06:08:50.905,okxus,BTC/USDT:USDT,118811.6,280.43,118810.7,9.33,118811.7,391.4,118811.8,13.34
1753769331005,06:08:51.005,okxus,BTC/USDT:USDT,118811.6,279.63,118810.7,9.33,118811.7,389.4,118811.8,13.34
1753769331305,06:08:51.305,okxus,BTC/USDT:USDT,118811.6,279.63,118810.7,9.33,118811.7,557.99,118811.8,13.34
1753769331505,06:08:51.505,okxus,BTC/USDT:USDT,118811.6,279.63,118810.7,9.33,118811.7,534.02,118811.8,13.34
1753769331605,06:08:51.605,okxus,BTC/USDT:USDT,118811.6,279.63,118810.7,9.33,118811.7,535.02,118811.8,13.34
1753769331705,06:08:51.705,okxus,BTC/USDT:USDT,118811.6,279.63,118810.7,9.33,118811.7,535.02,118811.8,13.34
1753769332005,06:08:52.005,okxus,BTC/USDT:USDT,118811.6,279.63,118810.7,9.33,118811.7,534.06,118811.8,13.34
1753769332105,06:08:52.105,okxus,BTC/USDT:USDT,118811.6,279.63,118810.7,9.33,118811.7,534.06,118811.8,13.34
1753769332205,06:08:52.205,okxus,BTC/USDT:USDT,118811.6,280.64,118810.7,9.33,118811.7,544.06,118811.8,13.34
1753769332305,06:08:52.305,okxus,BTC/USDT:USDT,118811.6,281.24,118810.7,9.33,118811.7,544.54,118811.8,13.34
1753769332505,06:08:52.505,okxus,BTC/USDT:USDT,118811.6,280.82,118810.7,9.33,118811.7,548.98,118811.8,13.34
1753769333005,06:08:53.005,okxus,BTC/USDT:USDT,118811.6,280.19,118810.7,9.33,118811.7,542.48,118811.8,15.03
1753769333105,06:08:53.105,okxus,BTC/USDT:USDT,118811.6,280.19,118810.7,9.33,118811.7,542.43,118811.8,15.03
1753769333205,06:08:53.205,okxus,BTC/USDT:USDT,118811.6,280.19,118810.7,9.33,118811.7,548.04,118811.8,15.03
1753769333305,06:08:53.305,okxus,BTC/USDT:USDT,118811.6,259.37,118810.7,9.33,118811.7,549.04,118811.8,15.03
1753769333405,06:08:53.405,okxus,BTC/USDT:USDT,118811.6,232.69,118810.0,31.42,118811.7,673.68,118811.8,15.03
1753769333505,06:08:53.505,okxus,BTC/USDT:USDT,118811.6,42.71,118810.0,31.42,118811.7,673.8,118811.8,15.03
1753769334405,06:08:54.405,okxus,BTC/USDT:USDT,118811.6,50.84,118810.0,31.42,118811.7,699.66,118811.8,15.5
1753769334505,06:08:54.505,okxus,BTC/USDT:USDT,118811.6,51.45,118810.0,31.42,118811.7,699.59,118811.8,15.5
1753769334805,06:08:54.805,okxus,BTC/USDT:USDT,118811.6,50.9,118810.0,31.42,118811.7,704.55,118811.8,15.5
1753769335105,06:08:55.105,okxus,BTC/USDT:USDT,118811.6,50.84,118810.0,31.42,118811.7,700.4,118811.8,15.5
1753769335405,06:08:55.405,okxus,BTC/USDT:USDT,118811.6,43.13,118810.0,31.42,118811.7,704.53,118811.8,16.09
1753769335505,06:08:55.505,okxus,BTC/USDT:USDT,118811.6,43.13,118810.0,31.42,118811.7,704.35,118811.8,16.09
1753769335605,06:08:55.605,okxus,BTC/USDT:USDT,118811.6,43.13,118810.0,31.42,118811.7,705.84,118811.8,16.09
1753769335705,06:08:55.705,okxus,BTC/USDT:USDT,118811.6,43.13,118810.0,31.42,118811.7,705.84,118811.8,16.09
1753769335905,06:08:55.905,okxus,BTC/USDT:USDT,118811.6,51.52,118810.0,31.42,118811.7,710.94,118811.8,16.09
1753769336005,06:08:56.005,okxus,BTC/USDT:USDT,118811.6,50.84,118810.0,31.42,118811.7,702.33,118811.8,16.09
1753769336505,06:08:56.505,okxus,BTC/USDT:USDT,118811.6,68.07,118810.0,31.42,118811.7,701.63,118811.8,16.09
1753769336605,06:08:56.605,okxus,BTC/USDT:USDT,118811.6,50.66,118810.0,31.42,118811.7,701.65,118811.8,16.09
1753769336805,06:08:56.805,okxus,BTC/USDT:USDT,118811.6,50.71,118810.0,31.42,118811.7,682.26,118811.8,116.09
1753769337205,06:08:57.205,okxus,BTC/USDT:USDT,118810.0,31.42,118809.7,0.05,118810.1,1718.07,118810.2,0.01
1753769337505,06:08:57.505,okxus,BTC/USDT:USDT,118810.0,39.56,118809.7,0.05,118810.1,1667.86,118810.2,0.01
1753769337805,06:08:57.805,okxus,BTC/USDT:USDT,118810.0,27.44,118809.7,0.05,118810.1,1793.01,118810.2,0.01
1753769338105,06:08:58.105,okxus,BTC/USDT:USDT,118810.0,28.24,118809.7,0.05,118810.1,1786.44,118810.2,101.22
1753769338305,06:08:58.305,okxus,BTC/USDT:USDT,118810.0,8.92,118809.7,0.05,118810.1,1793.18,118810.2,101.22
1753769338405,06:08:58.405,okxus,BTC/USDT:USDT,118810.0,9.54,118809.7,0.05,118810.1,1792.27,118810.2,101.22
1753769338805,06:08:58.805,okxus,BTC/USDT:USDT,118810.0,17.67,118809.7,0.05,118810.1,1653.65,118810.2,101.22
1753769338905,06:08:58.905,okxus,BTC/USDT:USDT,118810.0,8.03,118809.7,0.05,118810.1,1634.8,118810.2,101.22
1753769339005,06:08:59.005,okxus,BTC/USDT:USDT,118810.0,8.39,118809.7,0.05,118810.1,1626.19,118810.2,101.22
1753769339105,06:08:59.105,okxus,BTC/USDT:USDT,118810.0,8.39,118809.7,0.05,118810.1,1626.19,118810.2,101.22
1753769339205,06:08:59.205,okxus,BTC/USDT:USDT,118810.0,8.39,118809.7,0.05,118810.1,1625.21,118810.2,101.22
1753769339305,06:08:59.305,okxus,BTC/USDT:USDT,118810.0,8.39,118809.7,0.05,118810.1,1635.19,118810.2,101.22
1753769339505,06:08:59.505,okxus,BTC/USDT:USDT,118810.0,21.19,118809.7,0.05,118810.1,1660.55,118810.2,101.45
1753769339705,06:08:59.705,okxus,BTC/USDT:USDT,118810.0,21.19,118809.7,0.05,118810.1,1655.93,118810.2,101.45
1753769340005,06:09:00.005,okxus,BTC/USDT:USDT,118810.0,29.0,118809.7,0.05,118810.1,1549.77,118810.2,101.45
1753769340405,06:09:00.405,okxus,BTC/USDT:USDT,118810.0,18.27,118809.7,0.05,118810.1,1602.58,118810.2,101.45
1753769340505,06:09:00.505,okxus,BTC/USDT:USDT,118810.0,18.29,118809.7,0.05,118810.1,1610.16,118810.2,101.45
1753769340605,06:09:00.605,okxus,BTC/USDT:USDT,118810.0,34.27,118809.7,0.05,118810.1,1604.55,118810.2,101.45
1753769340905,06:09:00.905,okxus,BTC/USDT:USDT,118810.0,17.44,118809.7,0.05,118810.1,1613.16,118810.2,101.74
1753769341005,06:09:01.005,okxus,BTC/USDT:USDT,118810.0,17.46,118809.7,0.05,118810.1,1582.92,118810.2,101.74
1753769341205,06:09:01.205,okxus,BTC/USDT:USDT,118810.0,25.18,118809.7,0.05,118810.1,1603.04,118810.2,101.74
1753769341805,06:09:01.805,okxus,BTC/USDT:USDT,118810.0,282.15,118809.7,0.05,118810.1,1606.79,118810.2,101.74
1753769341905,06:09:01.905,okxus,BTC/USDT:USDT,118810.0,282.15,118809.7,0.05,118810.1,1610.79,118810.2,101.74
1753769342005,06:09:02.005,okxus,BTC/USDT:USDT,118810.0,302.97,118809.7,0.05,118810.1,1571.45,118810.2,101.74
1753769342105,06:09:02.105,okxus,BTC/USDT:USDT,118810.0,302.98,118809.7,0.05,118810.1,1579.06,118810.2,101.74
1753769342405,06:09:02.405,okxus,BTC/USDT:USDT,118804.8,147.12,118804.5,33.22,118804.9,1138.61,118805.4,0.01
1753769342905,06:09:02.905,okxus,BTC/USDT:USDT,118800.0,304.31,118799.7,0.01,118800.1,1327.03,118800.2,100.23
1753769343305,06:09:03.305,okxus,BTC/USDT:USDT,118800.0,177.84,118799.7,0.01,118800.1,1511.05,118800.2,100.23
1753769343505,06:09:03.505,okxus,BTC/USDT:USDT,118800.0,72.79,118799.7,0.01,118800.1,1516.39,118800.2,100.23
1753769343705,06:09:03.705,okxus,BTC/USDT:USDT,118800.0,72.79,118799.7,0.01,118800.1,1516.39,118800.2,100.23
1753769343805,06:09:03.805,okxus,BTC/USDT:USDT,118800.0,72.79,118799.7,0.01,118800.1,1517.61,118800.2,100.23
1753769343905,06:09:03.905,okxus,BTC/USDT:USDT,118800.0,72.79,118799.7,0.01,118800.1,1518.34,118800.2,101.48
1753769344005,06:09:04.005,okxus,BTC/USDT:USDT,118800.0,37.67,118799.7,0.01,118800.1,1518.81,118800.2,101.48
1753769344105,06:09:04.105,okxus,BTC/USDT:USDT,118800.0,37.67,118799.7,0.01,118800.1,1518.81,118800.2,101.48
1753769344205,06:09:04.205,okxus,BTC/USDT:USDT,118800.0,271.82,118799.7,0.01,118800.1,1517.12,118800.2,101.48
1753769344405,06:09:04.405,okxus,BTC/USDT:USDT,118800.0,93.61,118799.7,0.01,118800.1,1517.15,118800.2,101.48
1753769344605,06:09:04.605,okxus,BTC/USDT:USDT,118800.0,87.83,118799.7,0.01,118800.1,1511.62,118800.2,101.48
1753769344705,06:09:04.705,okxus,BTC/USDT:USDT,118800.0,87.83,118799.7,0.01,118800.1,1511.62,118800.2,101.48
1753769344805,06:09:04.805,okxus,BTC/USDT:USDT,118800.0,87.83,118799.7,0.01,118800.1,1511.62,118800.2,101.48
1753769345005,06:09:05.005,okxus,BTC/USDT:USDT,118800.0,276.26,118799.7,0.01,118800.1,1517.08,118800.2,101.81
1753769345105,06:09:05.105,okxus,BTC/USDT:USDT,118800.0,276.26,118799.7,0.01,118800.1,1520.7,118800.2,101.88
1753769345305,06:09:05.305,okxus,BTC/USDT:USDT,118800.0,297.08,118799.7,0.01,118800.1,1521.31,118800.2,101.88
1753769345405,06:09:05.405,okxus,BTC/USDT:USDT,118800.0,323.74,118799.7,0.01,118800.1,1490.61,118800.2,101.88
1753769345705,06:09:05.705,okxus,BTC/USDT:USDT,118800.0,276.26,118799.7,0.01,118800.1,1490.76,118800.2,101.88
1753769345905,06:09:05.905,okxus,BTC/USDT:USDT,118800.0,251.59,118799.7,0.01,118800.1,1496.37,118800.2,101.88
1753769346005,06:09:06.005,okxus,BTC/USDT:USDT,118800.0,251.59,118799.7,0.01,118800.1,1490.76,118800.2,101.88
1753769346205,06:09:06.205,okxus,BTC/USDT:USDT,118800.0,251.59,118799.7,0.01,118800.1,1496.37,118800.2,101.88
1753769346405,06:09:06.405,okxus,BTC/USDT:USDT,118800.0,45.88,118799.7,0.01,118800.1,1496.38,118800.2,101.88
1753769346705,06:09:06.705,okxus,BTC/USDT:USDT,118800.0,201.01,118799.9,29.26,118800.1,1492.11,118800.2,101.88
1753769346805,06:09:06.805,okxus,BTC/USDT:USDT,118800.0,318.51,118799.9,29.26,118800.1,1472.07,118800.2,101.88
1753769346905,06:09:06.905,okxus,BTC/USDT:USDT,118800.0,333.35,118799.9,29.26,118800.1,1446.8,118800.2,101.88
1753769347005,06:09:07.005,okxus,BTC/USDT:USDT,118800.0,333.35,118799.9,29.26,118800.1,1441.19,118800.2,101.88
1753769347105,06:09:07.105,okxus,BTC/USDT:USDT,118800.0,333.35,118799.9,29.26,118800.1,1376.44,118800.2,101.88
1753769347505,06:09:07.505,okxus,BTC/USDT:USDT,118800.0,334.02,118799.9,29.26,118800.1,1387.61,118800.2,102.44
1753769348005,06:09:08.005,okxus,BTC/USDT:USDT,118800.0,360.75,118799.9,29.26,118800.1,1416.74,118800.2,102.44
1753769348105,06:09:08.105,okxus,BTC/USDT:USDT,118800.0,360.75,118799.9,29.26,118800.1,1416.74,118800.2,102.44
1753769348205,06:09:08.205,okxus,BTC/USDT:USDT,118800.0,360.75,118799.9,29.26,118800.1,1408.62,118800.2,102.44
1753769348505,06:09:08.505,okxus,BTC/USDT:USDT,118800.0,360.76,118799.9,29.26,118800.1,1394.04,118800.2,102.44
1753769348905,06:09:08.905,okxus,BTC/USDT:USDT,118800.0,360.76,118799.9,29.26,118800.1,1399.65,118800.2,102.44
1753769349005,06:09:09.005,okxus,BTC/USDT:USDT,118800.0,361.78,118799.9,29.26,118800.1,1399.65,118800.2,102.44
1753769349305,06:09:09.305,okxus,BTC/USDT:USDT,118800.0,370.04,118799.9,29.26,118800.1,1389.59,118800.2,102.44
1753769349405,06:09:09.405,okxus,BTC/USDT:USDT,118800.0,364.38,118799.9,29.26,118800.1,1414.07,118800.2,102.44
1753769349705,06:09:09.705,okxus,BTC/USDT:USDT,118800.0,335.83,118799.9,29.26,118800.1,1422.77,118800.2,102.44
1753769349805,06:09:09.805,okxus,BTC/USDT:USDT,118800.0,335.83,118799.9,29.26,118800.1,1417.18,118800.2,102.44
1753769349905,06:09:09.905,okxus,BTC/USDT:USDT,118800.0,340.53,118799.9,29.26,118800.1,1447.27,118800.2,103.41
1753769350005,06:09:10.005,okxus,BTC/USDT:USDT,118800.0,361.35,118799.9,29.26,118800.1,1430.02,118800.2,103.41
1753769350105,06:09:10.105,okxus,BTC/USDT:USDT,118800.0,361.36,118799.9,29.26,118800.1,1436.37,118800.2,103.41
1753769350505,06:09:10.505,okxus,BTC/USDT:USDT,118800.0,387.02,118799.9,29.26,118800.1,1431.1,118800.2,104.98
1753769350605,06:09:10.605,okxus,BTC/USDT:USDT,118800.0,387.02,118799.9,29.26,118800.1,1436.55,118800.2,104.98
1753769350805,06:09:10.805,okxus,BTC/USDT:USDT,118800.0,380.07,118799.9,29.26,118800.1,1439.3,118800.2,105.31
1753769350905,06:09:10.905,okxus,BTC/USDT:USDT,118800.0,353.63,118799.9,29.26,118800.1,1436.77,118800.2,105.31
1753769351005,06:09:11.005,okxus,BTC/USDT:USDT,118800.0,375.51,118799.9,29.26,118800.1,1436.77,118800.2,105.31
1753769351105,06:09:11.105,okxus,BTC/USDT:USDT,118800.0,375.36,118799.9,29.26,118800.1,1428.65,118800.2,105.19
1753769351205,06:09:11.205,okxus,BTC/USDT:USDT,118800.0,375.36,118799.9,29.26,118800.1,1328.59,118800.2,5.26
1753769351305,06:09:11.305,okxus,BTC/USDT:USDT,118800.0,383.77,118799.9,29.26,118800.1,1328.59,118800.2,5.26
1753769352005,06:09:12.005,okxus,BTC/USDT:USDT,118800.0,384.49,118799.9,29.26,118800.1,1313.02,118800.2,5.26
1753769352105,06:09:12.105,okxus,BTC/USDT:USDT,118800.0,384.49,118799.9,29.26,118800.1,1318.63,118800.2,5.26
1753769352405,06:09:12.405,okxus,BTC/USDT:USDT,118800.0,360.36,118799.9,29.26,118800.1,1320.93,118800.2,5.26
1753769352505,06:09:12.505,okxus,BTC/USDT:USDT,118800.0,471.77,118799.9,29.26,118800.1,1045.04,118800.2,5.26
1753769352705,06:09:12.705,okxus,BTC/USDT:USDT,118800.0,697.97,118799.9,29.26,118800.1,866.57,118800.2,5.44
1753769352905,06:09:12.905,okxus,BTC/USDT:USDT,118800.0,697.62,118799.9,29.26,118800.1,869.69,118800.2,5.72
1753769353005,06:09:13.005,okxus,BTC/USDT:USDT,118800.0,703.87,118799.9,29.26,118800.1,864.08,118800.2,5.72
1753769353205,06:09:13.205,okxus,BTC/USDT:USDT,118800.0,718.47,118799.9,29.26,118800.1,861.98,118800.2,5.72
1753769353505,06:09:13.505,okxus,BTC/USDT:USDT,118800.0,624.83,118799.9,29.26,118800.1,877.64,118800.2,5.71
1753769354005,06:09:14.005,okxus,BTC/USDT:USDT,118800.0,593.68,118799.9,29.26,118800.1,876.27,118800.2,5.72
1753769354105,06:09:14.105,okxus,BTC/USDT:USDT,118800.0,593.68,118799.9,29.26,118800.1,870.66,118800.2,5.72
1753769354205,06:09:14.205,okxus,BTC/USDT:USDT,118800.0,593.68,118799.9,29.26,118800.1,876.27,118800.2,5.72
1753769354305,06:09:14.305,okxus,BTC/USDT:USDT,118800.0,593.68,118799.9,29.26,118800.1,876.37,118800.2,5.72
1753769354405,06:09:14.405,okxus,BTC/USDT:USDT,118800.0,593.68,118799.9,29.26,118800.1,876.37,118800.2,5.72
1753769354505,06:09:14.505,okxus,BTC/USDT:USDT,118800.0,568.68,118799.9,29.26,118800.1,860.82,118800.2,5.72
1753769354805,06:09:14.805,okxus,BTC/USDT:USDT,118800.0,585.52,118799.9,29.26,118800.1,926.67,118800.2,5.72
1753769355005,06:09:15.005,okxus,BTC/USDT:USDT,118800.0,586.67,118799.9,29.26,118800.1,926.67,118800.2,5.72
1753769355105,06:09:15.105,okxus,BTC/USDT:USDT,118800.0,587.27,118799.9,29.26,118800.1,921.06,118800.2,5.72
1753769355205,06:09:15.205,okxus,BTC/USDT:USDT,118800.0,587.28,118799.9,29.26,118800.1,921.09,118800.2,5.72
1753769355305,06:09:15.305,okxus,BTC/USDT:USDT,118800.0,587.28,118799.9,29.26,118800.1,926.71,118800.2,5.72
1753769355405,06:09:15.405,okxus,BTC/USDT:USDT,118800.0,587.33,118799.9,29.26,118800.1,925.02,118800.2,5.72
1753769355505,06:09:15.505,okxus,BTC/USDT:USDT,118800.0,587.58,118799.9,29.26,118800.1,925.03,118800.2,6.66
1753769355605,06:09:15.605,okxus,BTC/USDT:USDT,118800.0,587.58,118799.9,29.26,118800.1,925.15,118800.2,6.66
1753769355705,06:09:15.705,okxus,BTC/USDT:USDT,118800.0,587.58,118799.9,29.26,118800.1,925.15,118800.2,6.66
1753769355905,06:09:15.905,okxus,BTC/USDT:USDT,118800.0,587.58,118799.9,29.26,118800.1,925.15,118800.2,6.66
1753769356005,06:09:16.005,okxus,BTC/USDT:USDT,118800.0,587.58,118799.9,29.26,118800.1,925.93,118800.2,8.15
1753769356105,06:09:16.105,okxus,BTC/USDT:USDT,118800.0,570.49,118799.9,29.26,118800.1,925.93,118800.2,8.15
1753769356205,06:09:16.205,okxus,BTC/USDT:USDT,118800.0,570.49,118799.9,29.26,118800.1,925.81,118800.2,8.15
1753769356305,06:09:16.305,okxus,BTC/USDT:USDT,118800.0,570.49,118799.9,29.26,118800.1,920.2,118800.2,8.15
1753769356405,06:09:16.405,okxus,BTC/USDT:USDT,118800.0,568.81,118799.9,29.26,118800.1,925.79,118800.2,8.15
1753769356705,06:09:16.705,okxus,BTC/USDT:USDT,118800.0,468.81,118799.9,29.26,118800.1,924.48,118800.2,8.65
1753769356805,06:09:16.805,okxus,BTC/USDT:USDT,118800.0,570.82,118799.9,29.26,118800.1,924.55,118800.2,8.65
1753769357005,06:09:17.005,okxus,BTC/USDT:USDT,118800.0,572.44,118799.9,29.26,118800.1,924.55,118800.2,8.65
1753769357205,06:09:17.205,okxus,BTC/USDT:USDT,118800.0,572.44,118799.9,29.26,118800.1,924.54,118800.2,8.65
1753769357305,06:09:17.305,okxus,BTC/USDT:USDT,118800.0,572.48,118799.9,29.26,118800.1,930.19,118800.2,8.65
1753769357505,06:09:17.505,okxus,BTC/USDT:USDT,118800.0,573.13,118799.9,29.26,118800.1,828.39,118800.2,8.65
1753769357605,06:09:17.605,okxus,BTC/USDT:USDT,118800.0,573.09,118799.9,29.26,118800.1,930.33,118800.2,8.65
1753769357705,06:09:17.705,okxus,BTC/USDT:USDT,118800.0,573.09,118799.9,29.26,118800.1,924.72,118800.2,8.65
1753769357905,06:09:17.905,okxus,BTC/USDT:USDT,118800.0,572.41,118799.9,29.26,118800.1,927.19,118800.2,8.65
1753769358005,06:09:18.005,okxus,BTC/USDT:USDT,118800.0,572.41,118799.9,29.26,118800.1,921.58,118800.2,8.65
1753769358205,06:09:18.205,okxus,BTC/USDT:USDT,118800.0,572.65,118799.9,29.26,118800.1,925.35,118800.2,8.65
1753769358405,06:09:18.405,okxus,BTC/USDT:USDT,118800.0,589.24,118799.9,29.26,118800.1,918.23,118800.2,9.23
1753769358605,06:09:18.605,okxus,BTC/USDT:USDT,118800.0,572.4,118799.9,29.26,118800.1,918.1,118800.2,9.23
1753769358805,06:09:18.805,okxus,BTC/USDT:USDT,118800.0,572.51,118799.9,29.26,118800.1,918.1,118800.2,9.23
1753769358905,06:09:18.905,okxus,BTC/USDT:USDT,118800.0,572.51,118799.9,29.26,118800.1,915.59,118800.2,9.23
1753769359005,06:09:19.005,okxus,BTC/USDT:USDT,118800.0,574.15,118799.9,29.26,118800.1,915.59,118800.2,9.23
1753769359105,06:09:19.105,okxus,BTC/USDT:USDT,118800.0,574.4,118799.9,29.26,118800.1,919.27,118800.2,9.23
1753769359205,06:09:19.205,okxus,BTC/USDT:USDT,118800.0,574.06,118799.9,29.26,118800.1,919.27,118800.2,9.23
1753769359305,06:09:19.305,okxus,BTC/USDT:USDT,118800.0,572.77,118799.9,29.26,118800.1,919.05,118800.2,9.23
1753769359605,06:09:19.605,okxus,BTC/USDT:USDT,118800.0,540.04,118799.9,29.26,118800.1,884.32,118800.2,9.23
1753769359805,06:09:19.805,okxus,BTC/USDT:USDT,118800.0,539.36,118799.9,29.26,118800.1,888.48,118800.2,9.23
1753769360005,06:09:20.005,okxus,BTC/USDT:USDT,118800.0,593.43,118799.9,129.26,118800.1,877.99,118800.2,9.23
1753769360205,06:09:20.205,okxus,BTC/USDT:USDT,118800.0,593.44,118799.9,129.26,118800.1,877.89,118800.2,9.23
1753769360605,06:09:20.605,okxus,BTC/USDT:USDT,118800.0,667.1,118799.9,129.26,118800.1,878.78,118800.2,9.23
1753769361005,06:09:21.005,okxus,BTC/USDT:USDT,118800.0,646.4,118799.9,129.26,118800.1,878.29,118800.2,8.74
1753769361205,06:09:21.205,okxus,BTC/USDT:USDT,118800.0,648.14,118799.9,129.26,118800.1,869.7,118800.2,7.77
1753769361505,06:09:21.505,okxus,BTC/USDT:USDT,118800.0,705.75,118799.9,129.26,118800.1,860.22,118800.2,8.27
1753769362105,06:09:22.105,okxus,BTC/USDT:USDT,118800.0,653.54,118799.9,129.26,118800.1,865.58,118800.2,6.74
1753769362205,06:09:22.205,okxus,BTC/USDT:USDT,118800.0,683.83,118799.9,129.26,118800.1,870.67,118800.2,5.97
1753769362505,06:09:22.505,okxus,BTC/USDT:USDT,118800.0,690.18,118799.9,129.26,118800.1,870.5,118800.2,6.39
1753769362605,06:09:22.605,okxus,BTC/USDT:USDT,118800.0,689.28,118799.9,129.26,118800.1,862.22,118800.2,6.06
1753769362705,06:09:22.705,okxus,BTC/USDT:USDT,118800.0,688.94,118799.9,129.26,118800.1,862.22,118800.2,6.23
1753769363005,06:09:23.005,okxus,BTC/USDT:USDT,118800.0,682.79,118799.9,129.26,118800.1,852.95,118800.2,6.31
1753769363205,06:09:23.205,okxus,BTC/USDT:USDT,118800.0,675.26,118799.9,129.26,118800.1,860.8,118800.2,6.31
1753769363305,06:09:23.305,okxus,BTC/USDT:USDT,118800.0,674.58,118799.9,129.26,118800.1,860.79,118800.2,6.31
1753769363405,06:09:23.405,okxus,BTC/USDT:USDT,118800.0,684.13,118799.9,129.26,118800.1,851.44,118800.2,6.31
1753769363505,06:09:23.505,okxus,BTC/USDT:USDT,118800.0,684.8,118799.9,129.26,118800.1,851.43,118800.2,6.31
1753769363605,06:09:23.605,okxus,BTC/USDT:USDT,118800.0,684.76,118799.9,129.26,118800.1,867.26,118800.2,6.31
1753769363905,06:09:23.905,okxus,BTC/USDT:USDT,118800.0,571.16,118799.9,129.26,118800.1,866.45,118800.2,6.31
1753769364105,06:09:24.105,okxus,BTC/USDT:USDT,118800.0,548.92,118799.9,129.26,118800.1,858.55,118800.2,6.59
1753769364205,06:09:24.205,okxus,BTC/USDT:USDT,118800.0,540.54,118799.9,129.26,118800.1,866.77,118800.2,6.59
1753769364505,06:09:24.505,okxus,BTC/USDT:USDT,118800.0,614.18,118799.9,129.26,118800.1,866.95,118800.2,6.59
1753769364805,06:09:24.805,okxus,BTC/USDT:USDT,118800.0,527.58,118799.9,129.26,118800.1,871.18,118800.2,6.59
1753769364905,06:09:24.905,okxus,BTC/USDT:USDT,118800.0,625.85,118799.9,129.26,118800.1,776.88,118800.2,6.59
1753769365405,06:09:25.405,okxus,BTC/USDT:USDT,118800.0,550.26,118799.9,129.26,118800.1,717.23,118800.2,6.58
1753769365505,06:09:25.505,okxus,BTC/USDT:USDT,118800.0,545.62,118799.9,129.26,118800.1,716.64,118800.2,6.58
1753769365705,06:09:25.705,okxus,BTC/USDT:USDT,118800.0,347.83,118799.9,29.26,118800.1,761.0,118800.2,6.58
1753769365805,06:09:25.805,okxus,BTC/USDT:USDT,118800.0,309.5,118799.9,29.26,118800.1,812.74,118800.2,6.58
1753769365905,06:09:25.905,okxus,BTC/USDT:USDT,118800.0,315.26,118799.9,29.26,118800.1,809.05,118800.2,6.58
1753769366205,06:09:26.205,okxus,BTC/USDT:USDT,118800.0,216.22,118799.9,29.26,118800.1,857.65,118800.2,6.59
1753769366305,06:09:26.305,okxus,BTC/USDT:USDT,118800.0,43.05,118799.9,29.26,118800.1,909.52,118800.2,6.59
1753769366605,06:09:26.605,okxus,BTC/USDT:USDT,118800.0,44.73,118799.7,0.01,118800.1,934.76,118800.2,106.59
1753769366805,06:09:26.805,okxus,BTC/USDT:USDT,118800.0,264.17,118799.7,0.01,118800.1,909.25,118800.2,106.59
1753769366905,06:09:26.905,okxus,BTC/USDT:USDT,118800.0,264.44,118799.7,0.01,118800.1,909.25,118800.2,106.59
1753769367205,06:09:27.205,okxus,BTC/USDT:USDT,118800.0,206.77,118799.7,0.01,118800.1,909.26,118800.2,106.59
1753769367405,06:09:27.405,okxus,BTC/USDT:USDT,118800.0,206.82,118799.7,0.01,118800.1,852.61,118800.2,106.59
1753769367705,06:09:27.705,okxus,BTC/USDT:USDT,118800.0,227.62,118799.7,0.01,118800.1,902.1,118800.2,106.59
1753769367805,06:09:27.805,okxus,BTC/USDT:USDT,118800.0,227.62,118799.7,0.01,118800.1,907.67,118800.2,106.59
1753769367905,06:09:27.905,okxus,BTC/USDT:USDT,118800.0,206.8,118799.7,0.01,118800.1,911.22,118800.2,106.59
1753769368005,06:09:28.005,okxus,BTC/USDT:USDT,118800.0,233.46,118799.7,0.01,118800.1,893.65,118800.2,106.59
1753769368405,06:09:28.405,okxus,BTC/USDT:USDT,118800.0,176.09,118799.7,0.01,118800.1,985.09,118800.2,106.59
1753769369005,06:09:29.005,okxus,BTC/USDT:USDT,118800.0,71.36,118799.7,0.01,118800.1,977.64,118800.2,106.59
1753769369205,06:09:29.205,okxus,BTC/USDT:USDT,118800.0,252.13,118799.7,0.01,118800.1,879.48,118800.2,106.59
1753769369805,06:09:29.805,okxus,BTC/USDT:USDT,118800.0,204.46,118799.7,0.01,118800.1,916.47,118800.2,107.18
1753769370005,06:09:30.005,okxus,BTC/USDT:USDT,118800.0,204.47,118799.7,0.01,118800.1,918.85,118800.2,107.18
1753769370105,06:09:30.105,okxus,BTC/USDT:USDT,118800.0,204.48,118799.7,0.01,118800.1,913.24,118800.2,107.18
1753769370205,06:09:30.205,okxus,BTC/USDT:USDT,118800.0,204.48,118799.7,0.01,118800.1,915.89,118800.2,107.18
1753769370505,06:09:30.505,okxus,BTC/USDT:USDT,118800.0,231.13,118799.7,0.01,118800.1,907.51,118800.2,107.18
1753769370705,06:09:30.705,okxus,BTC/USDT:USDT,118800.0,251.95,118799.7,0.01,118800.1,923.51,118800.2,107.18
1753769371005,06:09:31.005,okxus,BTC/USDT:USDT,118786.9,237.89,118786.0,0.2,118787.0,1741.27,118787.1,100.11
1753769371205,06:09:31.205,okxus,BTC/USDT:USDT,118786.9,266.66,118786.0,0.2,118787.0,1746.22,118787.1,100.11
1753769371405,06:09:31.405,okxus,BTC/USDT:USDT,118786.9,266.7,118786.0,0.2,118787.0,1873.09,118787.1,100.11
1753769371505,06:09:31.505,okxus,BTC/USDT:USDT,118786.9,240.82,118786.0,0.2,118787.0,1881.32,118787.1,100.11
1753769372205,06:09:32.205,okxus,BTC/USDT:USDT,118786.9,4.76,118786.0,0.2,118787.0,1895.91,118787.1,100.11
1753769372305,06:09:32.305,okxus,BTC/USDT:USDT,118778.6,3.39,118778.4,0.1,118778.7,514.29,118778.8,71.67
1753769372805,06:09:32.805,okxus,BTC/USDT:USDT,118778.6,400.77,118778.4,0.06,118778.7,479.59,118779.2,0.06
1753769373005,06:09:33.005,okxus,BTC/USDT:USDT,118778.6,408.03,118778.4,0.06,118778.7,405.19,118778.8,0.47
1753769373205,06:09:33.205,okxus,BTC/USDT:USDT,118778.6,417.03,118778.4,0.06,118778.7,358.39,118778.8,0.47
1753769373405,06:09:33.405,okxus,BTC/USDT:USDT,118778.6,411.47,118778.4,0.06,118778.7,380.19,118778.8,0.47
1753769373505,06:09:33.505,okxus,BTC/USDT:USDT,118778.6,417.71,118778.4,0.06,118778.7,380.19,118778.8,0.47
1753769373705,06:09:33.705,okxus,BTC/USDT:USDT,118778.6,403.1,118778.4,0.06,118778.7,380.31,118778.8,0.47
1753769374605,06:09:34.605,okxus,BTC/USDT:USDT,118778.6,197.44,118778.4,0.06,118778.7,404.93,118778.8,0.54
1753769374705,06:09:34.705,okxus,BTC/USDT:USDT,118778.6,197.44,118778.4,0.06,118778.7,410.54,118778.8,0.54
1753769374805,06:09:34.805,okxus,BTC/USDT:USDT,118778.6,297.44,118778.4,0.06,118778.7,404.93,118778.8,0.54
1753769374905,06:09:34.905,okxus,BTC/USDT:USDT,118778.6,297.45,118778.4,0.06,118778.7,410.54,118778.8,0.54
1753769375105,06:09:35.105,okxus,BTC/USDT:USDT,118778.6,299.12,118778.4,0.06,118778.7,412.22,118778.8,0.54
1753769375205,06:09:35.205,okxus,BTC/USDT:USDT,118778.6,298.51,118778.4,0.06,118778.7,409.69,118778.8,0.54
1753769375605,06:09:35.605,okxus,BTC/USDT:USDT,118778.6,296.64,118778.4,0.08,118778.7,410.87,118778.8,0.54
1753769375705,06:09:35.705,okxus,BTC/USDT:USDT,118778.6,296.64,118778.4,0.08,118778.7,411.87,118778.8,0.54
1753769375805,06:09:35.805,okxus,BTC/USDT:USDT,118778.6,296.64,118778.4,0.08,118778.7,427.31,118778.8,0.54
1753769375905,06:09:35.905,okxus,BTC/USDT:USDT,118778.6,296.64,118778.4,0.08,118778.7,432.92,118778.8,0.54
1753769376005,06:09:36.005,okxus,BTC/USDT:USDT,118778.6,296.64,118778.4,0.08,118778.7,432.92,118778.8,0.54
1753769376105,06:09:36.105,okxus,BTC/USDT:USDT,118778.6,296.64,118778.4,0.08,118778.7,427.31,118778.8,0.54
1753769376205,06:09:36.205,okxus,BTC/USDT:USDT,118778.6,296.64,118778.4,0.08,118778.7,432.93,118778.8,0.54
1753769376305,06:09:36.305,okxus,BTC/USDT:USDT,118778.6,296.64,118778.4,0.08,118778.7,427.33,118778.8,0.54
1753769376405,06:09:36.405,okxus,BTC/USDT:USDT,118778.6,296.64,118778.4,0.08,118778.7,427.34,118778.8,0.54
1753769376605,06:09:36.605,okxus,BTC/USDT:USDT,118778.6,296.46,118778.4,0.08,118778.7,432.66,118778.8,0.54
1753769376905,06:09:36.905,okxus,BTC/USDT:USDT,118778.6,296.46,118778.4,0.08,118778.7,432.66,118778.8,0.54
1753769377405,06:09:37.405,okxus,BTC/USDT:USDT,118778.6,298.17,118778.4,0.08,118778.7,430.97,118778.8,0.54
1753769377705,06:09:37.705,okxus,BTC/USDT:USDT,118778.6,304.31,118778.4,0.08,118778.7,430.94,118778.8,0.54
1753769377805,06:09:37.805,okxus,BTC/USDT:USDT,118778.6,304.31,118778.4,0.08,118778.7,430.94,118778.8,0.54
1753769377907,06:09:37.907,okxus,BTC/USDT:USDT,118778.6,304.31,118778.4,0.08,118778.7,430.94,118778.8,0.54
1753769378107,06:09:38.107,okxus,BTC/USDT:USDT,118778.6,309.92,118778.4,0.08,118778.7,430.94,118778.8,0.54
1753769378207,06:09:38.207,okxus,BTC/USDT:USDT,118778.6,309.92,118778.4,0.08,118778.7,431.03,118778.8,0.54
1753769378307,06:09:38.307,okxus,BTC/USDT:USDT,118778.6,309.92,118778.4,0.08,118778.7,431.04,118778.8,0.54
1753769378407,06:09:38.407,okxus,BTC/USDT:USDT,118778.6,304.31,118778.4,0.08,118778.7,425.43,118778.8,0.54
1753769378507,06:09:38.507,okxus,BTC/USDT:USDT,118778.6,304.31,118778.4,0.08,118778.7,416.33,118778.8,0.54
1753769378607,06:09:38.607,okxus,BTC/USDT:USDT,118778.6,282.74,118778.4,0.08,118778.7,454.36,118778.8,0.54
1753769379607,06:09:39.607,okxus,BTC/USDT:USDT,118766.9,292.81,118766.7,0.4,118767.0,810.14,118767.5,0.1
1753769379707,06:09:39.707,okxus,BTC/USDT:USDT,118766.9,292.89,118766.7,0.4,118767.0,964.86,118767.5,0.1
1753769379907,06:09:39.907,okxus,BTC/USDT:USDT,118766.9,293.53,118766.7,0.4,118767.0,982.16,118767.1,0.07
1753769380007,06:09:40.007,okxus,BTC/USDT:USDT,118766.9,293.53,118766.2,212.11,118767.0,968.5,118767.1,0.08
1753769380207,06:09:40.207,okxus,BTC/USDT:USDT,118766.9,293.21,118766.2,212.11,118767.0,970.07,118767.1,0.08
1753769380607,06:09:40.607,okxus,BTC/USDT:USDT,118766.9,291.93,118766.2,212.11,118767.0,975.93,118767.1,0.08
1753769380807,06:09:40.807,okxus,BTC/USDT:USDT,118766.9,291.93,118766.2,212.11,118767.0,951.39,118767.1,0.08
1753769381007,06:09:41.007,okxus,BTC/USDT:USDT,118766.9,293.6,118766.2,212.11,118767.0,938.32,118767.1,0.08
1753769381207,06:09:41.207,okxus,BTC/USDT:USDT,118766.9,293.67,118766.2,212.11,118767.0,902.18,118767.1,0.37
1753769381307,06:09:41.307,okxus,BTC/USDT:USDT,118766.9,293.71,118766.2,212.11,118767.0,902.01,118767.1,0.37
1753769381607,06:09:41.607,okxus,BTC/USDT:USDT,118766.9,293.71,118766.2,212.11,118767.0,903.01,118767.1,0.37
1753769381707,06:09:41.707,okxus,BTC/USDT:USDT,118766.9,347.74,118766.2,212.11,118767.0,903.01,118767.1,0.37
1753769381807,06:09:41.807,okxus,BTC/USDT:USDT,118766.9,347.74,118766.2,212.11,118767.0,911.7,118767.1,0.37
1753769382207,06:09:42.207,okxus,BTC/USDT:USDT,118766.9,273.64,118766.2,212.11,118767.0,900.84,118767.1,0.37
1753769382307,06:09:42.307,okxus,BTC/USDT:USDT,118766.9,273.64,118766.2,212.11,118767.0,870.1,118767.1,0.37
1753769382507,06:09:42.507,okxus,BTC/USDT:USDT,118766.9,273.64,118766.2,212.11,118767.0,875.71,118767.1,0.37
1753769382607,06:09:42.607,okxus,BTC/USDT:USDT,118766.9,273.44,118766.2,212.11,118767.0,906.35,118767.1,0.37
1753769382807,06:09:42.807,okxus,BTC/USDT:USDT,118766.9,274.24,118766.2,212.11,118767.0,900.74,118767.1,0.37
1753769383107,06:09:43.107,okxus,BTC/USDT:USDT,118766.9,275.84,118766.2,212.11,118767.0,905.98,118767.1,0.37
1753769383207,06:09:43.207,okxus,BTC/USDT:USDT,118766.9,275.84,118766.2,212.11,118767.0,895.42,118767.1,0.37
1753769383307,06:09:43.307,okxus,BTC/USDT:USDT,118766.9,275.84,118766.2,212.11,118767.0,869.73,118767.1,0.37
1753769383607,06:09:43.607,okxus,BTC/USDT:USDT,118766.9,326.47,118766.2,7.32,118767.0,927.67,118767.1,0.37
1753769383707,06:09:43.707,okxus,BTC/USDT:USDT,118766.9,326.47,118766.2,7.32,118767.0,896.99,118767.1,0.37
1753769383807,06:09:43.807,okxus,BTC/USDT:USDT,118766.9,325.97,118766.2,7.32,118767.0,897.48,118767.1,0.37
1753769383907,06:09:43.907,okxus,BTC/USDT:USDT,118766.9,325.97,118766.2,7.32,118767.0,874.18,118767.1,0.37
1753769384107,06:09:44.107,okxus,BTC/USDT:USDT,118766.9,325.97,118766.2,7.32,118767.0,874.17,118767.1,0.37
1753769384207,06:09:44.207,okxus,BTC/USDT:USDT,118766.9,342.82,118766.2,7.32,118767.0,874.17,118767.1,0.37
1753769384407,06:09:44.407,okxus,BTC/USDT:USDT,118766.9,325.98,118766.3,92.63,118767.0,874.15,118767.1,0.37
1753769384707,06:09:44.707,okxus,BTC/USDT:USDT,118766.9,515.12,118766.3,192.63,118767.0,839.57,118767.1,0.36
1753769385007,06:09:45.007,okxus,BTC/USDT:USDT,118766.9,510.08,118766.3,192.63,118767.0,839.21,118767.1,0.36
1753769385207,06:09:45.207,okxus,BTC/USDT:USDT,118766.9,532.72,118766.3,192.63,118767.0,840.14,118767.1,0.39
1753769385307,06:09:45.307,okxus,BTC/USDT:USDT,118766.9,502.12,118766.3,192.63,118767.0,840.14,118767.1,0.39
1753769385507,06:09:45.507,okxus,BTC/USDT:USDT,118766.9,502.17,118766.3,192.63,118767.0,840.13,118767.1,0.39
1753769386107,06:09:46.107,okxus,BTC/USDT:USDT,118766.9,481.22,118766.3,192.63,118767.0,840.25,118767.1,0.46
1753769386207,06:09:46.207,okxus,BTC/USDT:USDT,118766.9,391.95,118766.3,192.63,118767.0,840.25,118767.1,0.46
1753769386407,06:09:46.407,okxus,BTC/USDT:USDT,118766.9,324.47,118766.3,192.63,118767.0,891.46,118767.1,0.46
1753769386507,06:09:46.507,okxus,BTC/USDT:USDT,118766.9,324.47,118766.3,192.63,118767.0,873.29,118767.1,0.47
1753769386707,06:09:46.707,okxus,BTC/USDT:USDT,118766.9,328.96,118766.3,192.63,118767.0,873.26,118767.1,0.47
1753769386907,06:09:46.907,okxus,BTC/USDT:USDT,118766.9,359.65,118766.3,192.63,118767.0,873.26,118767.1,0.47
1753769387007,06:09:47.007,okxus,BTC/USDT:USDT,118766.9,361.25,118766.3,192.63,118767.0,867.65,118767.1,0.47
1753769387207,06:09:47.207,okxus,BTC/USDT:USDT,118766.9,330.61,118766.3,192.63,118767.0,874.62,118767.1,0.47
1753769387307,06:09:47.307,okxus,BTC/USDT:USDT,118766.9,330.71,118766.3,192.63,118767.0,874.64,118767.1,0.47
1753769387407,06:09:47.407,okxus,BTC/USDT:USDT,118766.9,330.71,118766.3,192.63,118767.0,874.72,118767.1,0.47
1753769387607,06:09:47.607,okxus,BTC/USDT:USDT,118766.9,331.34,118766.3,192.63,118767.0,869.12,118767.1,0.46
1753769387707,06:09:47.707,okxus,BTC/USDT:USDT,118766.9,361.98,118766.3,192.63,118767.0,869.12,118767.1,0.46
1753769388007,06:09:48.007,okxus,BTC/USDT:USDT,118766.9,384.79,118766.3,192.63,118767.0,840.27,118767.1,0.46
1753769388207,06:09:48.207,okxus,BTC/USDT:USDT,118766.9,571.49,118766.3,192.63,118767.0,776.1,118767.1,0.46
1753769388507,06:09:48.507,okxus,BTC/USDT:USDT,118766.9,581.07,118766.3,192.63,118767.0,772.37,118767.1,0.46
1753769388907,06:09:48.907,okxus,BTC/USDT:USDT,118766.9,566.58,118766.3,192.63,118767.0,780.01,118767.1,0.46
1753769389007,06:09:49.007,okxus,BTC/USDT:USDT,118766.9,448.08,118766.3,192.63,118767.0,780.01,118767.1,0.46
1753769389307,06:09:49.307,okxus,BTC/USDT:USDT,118766.9,368.1,118766.3,192.63,118767.0,780.56,118767.1,0.46
1753769389407,06:09:49.407,okxus,BTC/USDT:USDT,118766.9,368.1,118766.3,192.63,118767.0,786.17,118767.1,0.46
1753769389607,06:09:49.607,okxus,BTC/USDT:USDT,118766.9,446.34,118766.3,192.63,118767.0,781.03,118767.1,1.4
1753769389907,06:09:49.907,okxus,BTC/USDT:USDT,118766.9,500.43,118766.3,192.63,118767.0,738.69,118767.1,1.4
1753769390007,06:09:50.007,okxus,BTC/USDT:USDT,118766.9,498.05,118766.3,192.63,118767.0,738.69,118767.1,1.4
1753769390207,06:09:50.207,okxus,BTC/USDT:USDT,118766.9,498.01,118766.3,192.63,118767.0,743.39,118767.1,1.4
1753769390307,06:09:50.307,okxus,BTC/USDT:USDT,118766.9,497.88,118766.3,192.63,118767.0,742.9,118767.1,1.4
1753769390407,06:09:50.407,okxus,BTC/USDT:USDT,118766.9,496.88,118766.3,192.63,118767.0,742.9,118767.1,1.4
1753769390607,06:09:50.607,okxus,BTC/USDT:USDT,118766.9,483.27,118766.3,192.63,118767.0,743.06,118767.1,1.57
1753769390807,06:09:50.807,okxus,BTC/USDT:USDT,118766.9,488.88,118766.3,192.63,118767.0,731.07,118767.1,2.81
1753769391007,06:09:51.007,okxus,BTC/USDT:USDT,118766.9,485.9,118766.3,192.63,118767.0,743.59,118767.1,4.3
1753769391207,06:09:51.207,okxus,BTC/USDT:USDT,118766.9,487.82,118766.3,192.63,118767.0,743.59,118767.1,4.38
1753769391307,06:09:51.307,okxus,BTC/USDT:USDT,118766.9,487.86,118766.3,192.63,118767.0,743.26,118767.1,4.38
1753769391607,06:09:51.607,okxus,BTC/USDT:USDT,118766.9,346.89,118766.3,192.63,118767.0,746.54,118767.1,4.38
1753769391907,06:09:51.907,okxus,BTC/USDT:USDT,118766.9,237.55,118766.3,192.63,118767.0,750.81,118767.1,4.38
1753769392107,06:09:52.107,okxus,BTC/USDT:USDT,118766.9,237.55,118766.3,192.63,118767.0,756.08,118767.1,4.38
1753769392807,06:09:52.807,okxus,BTC/USDT:USDT,118766.9,237.86,118766.3,192.63,118767.0,755.5,118767.1,4.66
1753769393107,06:09:53.107,okxus,BTC/USDT:USDT,118766.9,238.47,118766.3,192.63,118767.0,761.78,118767.1,4.66
1753769393707,06:09:53.707,okxus,BTC/USDT:USDT,118766.9,315.24,118766.3,192.63,118767.0,762.86,118767.1,4.66
1753769393907,06:09:53.907,okxus,BTC/USDT:USDT,118766.9,315.24,118766.3,192.63,118767.0,762.81,118767.1,4.66
1753769394107,06:09:54.107,okxus,BTC/USDT:USDT,118766.9,315.24,118766.3,192.63,118767.0,767.67,118767.1,4.66
1753769394407,06:09:54.407,okxus,BTC/USDT:USDT,118766.9,315.12,118766.3,192.63,118767.0,787.51,118767.1,4.66
1753769394507,06:09:54.507,okxus,BTC/USDT:USDT,118766.9,315.12,118766.3,192.63,118767.0,763.96,118767.1,4.66
1753769394607,06:09:54.607,okxus,BTC/USDT:USDT,118766.9,345.76,118766.3,192.63,118767.0,769.22,118767.1,4.66
1753769394807,06:09:54.807,okxus,BTC/USDT:USDT,118766.9,315.13,118766.3,192.63,118767.0,769.22,118767.1,4.66
1753769395207,06:09:55.207,okxus,BTC/USDT:USDT,118766.9,323.56,118766.3,192.63,118767.0,769.8,118767.1,5.16
1753769395307,06:09:55.307,okxus,BTC/USDT:USDT,118766.9,324.39,118766.3,192.63,118767.0,749.44,118767.1,5.16
1753769395707,06:09:55.707,okxus,BTC/USDT:USDT,118766.9,335.21,118766.3,192.63,118767.0,748.17,118767.1,5.16
1753769395907,06:09:55.907,okxus,BTC/USDT:USDT,118766.9,365.2,118766.3,192.63,118767.0,748.17,118767.1,5.16
1753769396007,06:09:56.007,okxus,BTC/USDT:USDT,118766.9,334.56,118766.3,192.63,118767.0,748.29,118767.1,5.16
1753769396107,06:09:56.107,okxus,BTC/USDT:USDT,118766.9,334.56,118766.3,192.63,118767.0,747.65,118767.1,5.33
