timestamp,time,exchange,symbol,bid1_price,bid1_volume,bid2_price,bid2_volume,ask1_price,ask1_volume,ask2_price,ask2_volume
1753769545439,06:12:25.439,kucoinfutures,XRP/USDT:USDT,3.14265,783.0,3.14249,113.0,3.14266,285.0,3.14292,7.0
1753769545539,06:12:25.539,kucoinfutures,XRP/USDT:USDT,3.14265,783.0,3.14249,113.0,3.14266,285.0,3.14292,7.0
1753769545542,06:12:25.542,kucoinfutures,XRP/USDT:USDT,3.14265,783.0,3.14249,113.0,3.14266,285.0,3.14292,7.0
1753769545548,06:12:25.548,kucoinfutures,XRP/USDT:USDT,3.14265,783.0,3.14249,113.0,3.14266,285.0,3.14292,7.0
1753769545679,06:12:25.679,kucoinfutures,XRP/USDT:USDT,3.14265,783.0,3.14249,113.0,3.14266,285.0,3.14292,7.0
1753769545795,06:12:25.795,kucoinfutures,XRP/USDT:USDT,3.14265,783.0,3.14249,113.0,3.14266,285.0,3.14292,7.0
1753769545872,06:12:25.872,kucoinfutures,XRP/USDT:USDT,3.14265,783.0,3.14249,113.0,3.14266,285.0,3.14292,7.0
1753769546705,06:12:26.705,kucoinfutures,XRP/USDT:USDT,3.14265,245.0,3.14238,14.0,3.14266,292.0,3.1429,7.0
1753769546812,06:12:26.812,kucoinfutures,XRP/USDT:USDT,3.14265,245.0,3.14238,14.0,3.14266,292.0,3.1429,7.0
1753769546976,06:12:26.976,kucoinfutures,XRP/USDT:USDT,3.14265,245.0,3.14238,14.0,3.14266,292.0,3.14291,110.0
1753769546976,06:12:26.976,kucoinfutures,XRP/USDT:USDT,3.14265,245.0,3.14238,14.0,3.14266,292.0,3.14291,110.0
1753769547450,06:12:27.450,kucoinfutures,XRP/USDT:USDT,3.14265,308.0,3.1425,14.0,3.14266,188.0,3.14292,7.0
1753769547458,06:12:27.458,kucoinfutures,XRP/USDT:USDT,3.14265,308.0,3.1425,14.0,3.14266,275.0,3.14292,7.0
1753769547458,06:12:27.458,kucoinfutures,XRP/USDT:USDT,3.14265,245.0,3.1425,14.0,3.14266,275.0,3.14292,7.0
1753769547484,06:12:27.484,kucoinfutures,XRP/USDT:USDT,3.14265,245.0,3.1425,14.0,3.14266,275.0,3.14292,7.0
1753769547492,06:12:27.492,kucoinfutures,XRP/USDT:USDT,3.14265,245.0,3.1425,14.0,3.14266,275.0,3.14292,7.0
1753769547497,06:12:27.497,kucoinfutures,XRP/USDT:USDT,3.14265,245.0,3.1425,14.0,3.14266,275.0,3.14292,7.0
1753769547505,06:12:27.505,kucoinfutures,XRP/USDT:USDT,3.14265,245.0,3.14238,14.0,3.14266,275.0,3.14292,7.0
1753769547581,06:12:27.581,kucoinfutures,XRP/USDT:USDT,3.14265,245.0,3.14238,14.0,3.14266,275.0,3.14292,7.0
1753769547623,06:12:27.623,kucoinfutures,XRP/USDT:USDT,3.14265,245.0,3.14238,14.0,3.14266,275.0,3.14292,7.0
1753769547705,06:12:27.705,kucoinfutures,XRP/USDT:USDT,3.14265,245.0,3.1425,14.0,3.14266,275.0,3.14292,7.0
1753769547709,06:12:27.709,kucoinfutures,XRP/USDT:USDT,3.14265,245.0,3.1425,14.0,3.14266,275.0,3.14292,7.0
1753769547710,06:12:27.710,kucoinfutures,XRP/USDT:USDT,3.14265,245.0,3.1425,14.0,3.14266,275.0,3.14292,7.0
1753769547803,06:12:27.803,kucoinfutures,XRP/USDT:USDT,3.14265,245.0,3.1425,14.0,3.14266,223.0,3.14292,7.0
1753769547805,06:12:27.805,kucoinfutures,XRP/USDT:USDT,3.14265,308.0,3.1425,14.0,3.14266,223.0,3.14292,7.0
1753769548610,06:12:28.610,kucoinfutures,XRP/USDT:USDT,3.14265,430.0,3.14238,14.0,3.14266,248.0,3.14292,7.0
1753769548864,06:12:28.864,kucoinfutures,XRP/USDT:USDT,3.14265,430.0,3.14238,14.0,3.14266,311.0,3.14292,7.0
1753769548969,06:12:28.969,kucoinfutures,XRP/USDT:USDT,3.14265,430.0,3.14255,32.0,3.14266,343.0,3.14292,7.0
1753769548969,06:12:28.969,kucoinfutures,XRP/USDT:USDT,3.14265,430.0,3.14255,32.0,3.14266,343.0,3.14292,7.0
1753769548973,06:12:28.973,kucoinfutures,XRP/USDT:USDT,3.14265,430.0,3.14255,32.0,3.14266,343.0,3.14292,7.0
1753769548976,06:12:28.976,kucoinfutures,XRP/USDT:USDT,3.14265,430.0,3.14255,32.0,3.14266,343.0,3.14292,7.0
1753769548987,06:12:28.987,kucoinfutures,XRP/USDT:USDT,3.14265,430.0,3.14255,32.0,3.14266,343.0,3.14292,7.0
1753769549100,06:12:29.100,kucoinfutures,XRP/USDT:USDT,3.14265,430.0,3.14255,32.0,3.14266,280.0,3.14292,7.0
1753769549100,06:12:29.100,kucoinfutures,XRP/USDT:USDT,3.14265,493.0,3.14255,32.0,3.14266,280.0,3.14292,7.0
1753769549102,06:12:29.102,kucoinfutures,XRP/USDT:USDT,3.14265,430.0,3.14255,32.0,3.14266,280.0,3.14292,7.0
1753769549106,06:12:29.106,kucoinfutures,XRP/USDT:USDT,3.14265,430.0,3.14255,32.0,3.14266,280.0,3.14292,7.0
1753769549113,06:12:29.113,kucoinfutures,XRP/USDT:USDT,3.14265,430.0,3.14255,32.0,3.14266,343.0,3.14292,7.0
1753769549125,06:12:29.125,kucoinfutures,XRP/USDT:USDT,3.14265,493.0,3.14255,32.0,3.14266,280.0,3.14292,7.0
1753769550306,06:12:30.306,kucoinfutures,XRP/USDT:USDT,3.14265,428.0,3.1424,14.0,3.14266,383.0,3.14288,7.0
1753769550384,06:12:30.384,kucoinfutures,XRP/USDT:USDT,3.14265,428.0,3.1424,14.0,3.14266,383.0,3.14288,7.0
1753769552221,06:12:32.221,kucoinfutures,XRP/USDT:USDT,3.14334,917.0,3.14317,117.0,3.14335,1.0,3.14378,47.0
1753769552431,06:12:32.431,kucoinfutures,XRP/USDT:USDT,3.14334,917.0,3.14317,117.0,3.14335,1.0,3.14378,47.0
1753769552440,06:12:32.440,kucoinfutures,XRP/USDT:USDT,3.14334,917.0,3.14317,117.0,3.14335,1.0,3.14378,47.0
1753769552471,06:12:32.471,kucoinfutures,XRP/USDT:USDT,3.14334,917.0,3.14317,117.0,3.14335,1.0,3.14378,47.0
1753769552476,06:12:32.476,kucoinfutures,XRP/USDT:USDT,3.14334,917.0,3.14317,117.0,3.14335,1.0,3.14378,47.0
1753769553510,06:12:33.510,kucoinfutures,XRP/USDT:USDT,3.14377,862.0,3.14362,14.0,3.14378,53.0,3.14392,7.0
1753769553926,06:12:33.926,kucoinfutures,XRP/USDT:USDT,3.14377,862.0,3.14362,14.0,3.14378,53.0,3.14392,7.0
1753769553931,06:12:33.931,kucoinfutures,XRP/USDT:USDT,3.14377,862.0,3.14362,14.0,3.14378,53.0,3.14392,7.0
1753769554050,06:12:34.050,kucoinfutures,XRP/USDT:USDT,3.14377,862.0,3.14362,14.0,3.14378,53.0,3.14392,7.0
1753769554050,06:12:34.050,kucoinfutures,XRP/USDT:USDT,3.14377,862.0,3.14362,14.0,3.14378,53.0,3.14392,7.0
1753769554053,06:12:34.053,kucoinfutures,XRP/USDT:USDT,3.14377,862.0,3.14362,14.0,3.14378,53.0,3.14392,7.0
1753769554056,06:12:34.056,kucoinfutures,XRP/USDT:USDT,3.14377,862.0,3.14362,14.0,3.14378,53.0,3.14392,7.0
1753769554075,06:12:34.075,kucoinfutures,XRP/USDT:USDT,3.14377,862.0,3.14362,14.0,3.14378,53.0,3.14392,7.0
1753769554116,06:12:34.116,kucoinfutures,XRP/USDT:USDT,3.14377,862.0,3.14362,14.0,3.14378,53.0,3.14392,7.0
1753769554124,06:12:34.124,kucoinfutures,XRP/USDT:USDT,3.14377,862.0,3.14362,14.0,3.14378,53.0,3.14392,7.0
1753769554131,06:12:34.131,kucoinfutures,XRP/USDT:USDT,3.14377,862.0,3.14362,14.0,3.14378,53.0,3.14392,7.0
1753769554139,06:12:34.139,kucoinfutures,XRP/USDT:USDT,3.14377,862.0,3.14362,14.0,3.14378,53.0,3.14392,7.0
1753769554207,06:12:34.207,kucoinfutures,XRP/USDT:USDT,3.14377,862.0,3.14362,14.0,3.14378,53.0,3.14392,7.0
1753769554208,06:12:34.208,kucoinfutures,XRP/USDT:USDT,3.14377,862.0,3.14362,14.0,3.14378,53.0,3.14392,7.0
1753769554215,06:12:34.215,kucoinfutures,XRP/USDT:USDT,3.14377,862.0,3.14362,14.0,3.14378,53.0,3.14392,7.0
1753769554326,06:12:34.326,kucoinfutures,XRP/USDT:USDT,3.14377,862.0,3.14362,14.0,3.14378,53.0,3.14392,7.0
1753769554568,06:12:34.568,kucoinfutures,XRP/USDT:USDT,3.14377,862.0,3.14362,14.0,3.14378,53.0,3.14392,7.0
1753769554570,06:12:34.570,kucoinfutures,XRP/USDT:USDT,3.14377,862.0,3.14362,14.0,3.14378,53.0,3.14392,7.0
1753769554889,06:12:34.889,kucoinfutures,XRP/USDT:USDT,3.14377,862.0,3.14362,177.0,3.14378,53.0,3.14392,7.0
1753769554960,06:12:34.960,kucoinfutures,XRP/USDT:USDT,3.14377,862.0,3.14362,177.0,3.14378,53.0,3.14392,7.0
1753769555018,06:12:35.018,kucoinfutures,XRP/USDT:USDT,3.14377,862.0,3.14362,177.0,3.14378,53.0,3.14392,7.0
1753769555034,06:12:35.034,kucoinfutures,XRP/USDT:USDT,3.14377,862.0,3.14362,177.0,3.14378,53.0,3.14392,7.0
1753769555052,06:12:35.052,kucoinfutures,XRP/USDT:USDT,3.14377,862.0,3.14362,177.0,3.14378,53.0,3.14392,7.0
1753769555058,06:12:35.058,kucoinfutures,XRP/USDT:USDT,3.14377,862.0,3.14362,177.0,3.14378,53.0,3.14392,7.0
1753769555071,06:12:35.071,kucoinfutures,XRP/USDT:USDT,3.14377,862.0,3.14362,177.0,3.14378,53.0,3.14392,7.0
1753769555077,06:12:35.077,kucoinfutures,XRP/USDT:USDT,3.14377,862.0,3.14362,177.0,3.14378,53.0,3.14392,7.0
1753769555086,06:12:35.086,kucoinfutures,XRP/USDT:USDT,3.14377,862.0,3.14362,177.0,3.14378,53.0,3.14392,7.0
1753769555095,06:12:35.095,kucoinfutures,XRP/USDT:USDT,3.14377,862.0,3.14362,177.0,3.14378,53.0,3.14392,7.0
1753769555097,06:12:35.097,kucoinfutures,XRP/USDT:USDT,3.14377,862.0,3.14362,177.0,3.14378,53.0,3.14392,7.0
1753769555101,06:12:35.101,kucoinfutures,XRP/USDT:USDT,3.14377,862.0,3.14362,177.0,3.14378,53.0,3.14392,7.0
1753769555105,06:12:35.105,kucoinfutures,XRP/USDT:USDT,3.14391,51.0,3.14377,862.0,3.14397,76.0,3.14416,89.0
1753769555107,06:12:35.107,kucoinfutures,XRP/USDT:USDT,3.14391,51.0,3.14377,862.0,3.14416,89.0,3.14419,103.0
1753769555113,06:12:35.113,kucoinfutures,XRP/USDT:USDT,3.14415,103.0,3.14412,63.0,3.14416,89.0,3.14419,103.0
1753769555158,06:12:35.158,kucoinfutures,XRP/USDT:USDT,3.14415,310.0,3.1441,9.0,3.14416,147.0,3.14418,271.0
1753769555160,06:12:35.160,kucoinfutures,XRP/USDT:USDT,3.14415,310.0,3.1441,9.0,3.14416,147.0,3.14418,271.0
1753769555181,06:12:35.181,kucoinfutures,XRP/USDT:USDT,3.14415,310.0,3.1441,9.0,3.14416,147.0,3.14418,271.0
1753769555248,06:12:35.248,kucoinfutures,XRP/USDT:USDT,3.14415,223.0,3.1441,9.0,3.14416,263.0,3.14418,271.0
1753769555251,06:12:35.251,kucoinfutures,XRP/USDT:USDT,3.14415,223.0,3.1441,9.0,3.14416,263.0,3.14418,271.0
1753769555253,06:12:35.253,kucoinfutures,XRP/USDT:USDT,3.14415,223.0,3.1441,9.0,3.14416,263.0,3.14418,271.0
1753769555307,06:12:35.307,kucoinfutures,XRP/USDT:USDT,3.14415,223.0,3.1441,9.0,3.14416,263.0,3.14418,271.0
1753769555310,06:12:35.310,kucoinfutures,XRP/USDT:USDT,3.14415,223.0,3.1441,9.0,3.14416,263.0,3.14418,271.0
1753769555314,06:12:35.314,kucoinfutures,XRP/USDT:USDT,3.14415,223.0,3.1441,9.0,3.14416,263.0,3.14418,271.0
1753769555318,06:12:35.318,kucoinfutures,XRP/USDT:USDT,3.14415,223.0,3.1441,9.0,3.14416,263.0,3.14418,271.0
1753769555324,06:12:35.324,kucoinfutures,XRP/USDT:USDT,3.14415,223.0,3.1441,9.0,3.14416,263.0,3.14418,271.0
1753769555332,06:12:35.332,kucoinfutures,XRP/USDT:USDT,3.14415,223.0,3.1441,9.0,3.14416,263.0,3.14418,271.0
1753769555437,06:12:35.437,kucoinfutures,XRP/USDT:USDT,3.14415,427.0,3.1441,9.0,3.14416,90.0,3.14419,103.0
1753769555441,06:12:35.441,kucoinfutures,XRP/USDT:USDT,3.14415,427.0,3.1441,9.0,3.14416,90.0,3.14419,103.0
1753769555446,06:12:35.446,kucoinfutures,XRP/USDT:USDT,3.14415,427.0,3.1441,9.0,3.14416,90.0,3.14419,103.0
1753769555467,06:12:35.467,kucoinfutures,XRP/USDT:USDT,3.14415,427.0,3.1441,9.0,3.14416,90.0,3.14419,103.0
1753769555467,06:12:35.467,kucoinfutures,XRP/USDT:USDT,3.14415,427.0,3.1441,9.0,3.14416,90.0,3.14419,103.0
1753769555474,06:12:35.474,kucoinfutures,XRP/USDT:USDT,3.14415,427.0,3.1441,9.0,3.14416,90.0,3.14419,103.0
1753769555509,06:12:35.509,kucoinfutures,XRP/USDT:USDT,3.14415,427.0,3.1441,9.0,3.14416,207.0,3.14419,103.0
1753769555514,06:12:35.514,kucoinfutures,XRP/USDT:USDT,3.14415,247.0,3.1441,9.0,3.14416,270.0,3.14419,103.0
1753769555525,06:12:35.525,kucoinfutures,XRP/USDT:USDT,3.14415,149.0,3.1441,9.0,3.14416,270.0,3.14419,103.0
1753769555528,06:12:35.528,kucoinfutures,XRP/USDT:USDT,3.14415,149.0,3.1441,9.0,3.14416,270.0,3.14419,103.0
1753769555540,06:12:35.540,kucoinfutures,XRP/USDT:USDT,3.14415,149.0,3.1441,9.0,3.14416,270.0,3.14419,103.0
1753769555545,06:12:35.545,kucoinfutures,XRP/USDT:USDT,3.14415,149.0,3.1441,9.0,3.14416,270.0,3.14419,103.0
1753769555557,06:12:35.557,kucoinfutures,XRP/USDT:USDT,3.14415,149.0,3.1441,9.0,3.14416,270.0,3.14419,103.0
1753769555565,06:12:35.565,kucoinfutures,XRP/USDT:USDT,3.14415,149.0,3.1441,9.0,3.14416,270.0,3.14419,103.0
1753769555568,06:12:35.568,kucoinfutures,XRP/USDT:USDT,3.14415,149.0,3.1441,9.0,3.14416,270.0,3.14419,103.0
1753769555578,06:12:35.578,kucoinfutures,XRP/USDT:USDT,3.14415,149.0,3.1441,9.0,3.14416,270.0,3.14419,103.0
1753769555581,06:12:35.581,kucoinfutures,XRP/USDT:USDT,3.14415,149.0,3.1441,9.0,3.14416,270.0,3.14419,103.0
1753769555605,06:12:35.605,kucoinfutures,XRP/USDT:USDT,3.14415,149.0,3.1441,9.0,3.14416,270.0,3.14419,103.0
1753769555607,06:12:35.607,kucoinfutures,XRP/USDT:USDT,3.14415,149.0,3.1441,9.0,3.14416,270.0,3.14419,103.0
1753769555865,06:12:35.865,kucoinfutures,XRP/USDT:USDT,3.14415,82.0,3.1441,9.0,3.14416,444.0,3.14419,103.0
1753769555886,06:12:35.886,kucoinfutures,XRP/USDT:USDT,3.14415,82.0,3.1441,9.0,3.14416,444.0,3.14419,103.0
1753769555911,06:12:35.911,kucoinfutures,XRP/USDT:USDT,3.14415,82.0,3.1441,9.0,3.14416,444.0,3.14419,103.0
1753769555924,06:12:35.924,kucoinfutures,XRP/USDT:USDT,3.14415,82.0,3.1441,9.0,3.14416,444.0,3.14419,103.0
1753769555932,06:12:35.932,kucoinfutures,XRP/USDT:USDT,3.14415,82.0,3.1441,9.0,3.14416,444.0,3.14419,103.0
1753769555992,06:12:35.992,kucoinfutures,XRP/USDT:USDT,3.14415,82.0,3.1441,9.0,3.14416,444.0,3.14419,103.0
1753769555992,06:12:35.992,kucoinfutures,XRP/USDT:USDT,3.14415,82.0,3.1441,9.0,3.14416,444.0,3.14419,103.0
1753769555996,06:12:35.996,kucoinfutures,XRP/USDT:USDT,3.14415,82.0,3.1441,9.0,3.14416,444.0,3.14419,103.0
1753769556003,06:12:36.003,kucoinfutures,XRP/USDT:USDT,3.14415,82.0,3.1441,9.0,3.14416,444.0,3.14419,103.0
1753769556011,06:12:36.011,kucoinfutures,XRP/USDT:USDT,3.14415,82.0,3.1441,9.0,3.14416,444.0,3.14419,103.0
1753769556013,06:12:36.013,kucoinfutures,XRP/USDT:USDT,3.14415,82.0,3.1441,9.0,3.14416,444.0,3.14419,103.0
1753769556016,06:12:36.016,kucoinfutures,XRP/USDT:USDT,3.14415,82.0,3.1441,9.0,3.14416,444.0,3.14419,103.0
1753769556019,06:12:36.019,kucoinfutures,XRP/USDT:USDT,3.14415,82.0,3.1441,9.0,3.14416,444.0,3.14419,103.0
1753769556023,06:12:36.023,kucoinfutures,XRP/USDT:USDT,3.14415,82.0,3.1441,9.0,3.14416,444.0,3.14419,103.0
1753769556026,06:12:36.026,kucoinfutures,XRP/USDT:USDT,3.14415,82.0,3.1441,9.0,3.14416,444.0,3.14419,103.0
1753769556029,06:12:36.029,kucoinfutures,XRP/USDT:USDT,3.14415,82.0,3.1441,9.0,3.14416,444.0,3.14419,103.0
1753769556070,06:12:36.070,kucoinfutures,XRP/USDT:USDT,3.14415,82.0,3.1441,9.0,3.14416,444.0,3.14419,103.0
1753769556074,06:12:36.074,kucoinfutures,XRP/USDT:USDT,3.14415,82.0,3.1441,9.0,3.14416,444.0,3.14419,103.0
1753769556075,06:12:36.075,kucoinfutures,XRP/USDT:USDT,3.14415,82.0,3.1441,9.0,3.14416,444.0,3.14419,103.0
1753769556078,06:12:36.078,kucoinfutures,XRP/USDT:USDT,3.14415,82.0,3.1441,9.0,3.14416,444.0,3.14419,103.0
1753769556114,06:12:36.114,kucoinfutures,XRP/USDT:USDT,3.14415,82.0,3.1441,9.0,3.14416,444.0,3.14419,103.0
1753769556141,06:12:36.141,kucoinfutures,XRP/USDT:USDT,3.14415,82.0,3.1441,9.0,3.14416,444.0,3.14419,103.0
1753769556148,06:12:36.148,kucoinfutures,XRP/USDT:USDT,3.14415,82.0,3.1441,9.0,3.14416,444.0,3.14419,103.0
1753769556223,06:12:36.223,kucoinfutures,XRP/USDT:USDT,3.14415,82.0,3.1441,9.0,3.14416,444.0,3.14419,103.0
1753769556225,06:12:36.225,kucoinfutures,XRP/USDT:USDT,3.14415,82.0,3.1441,9.0,3.14416,444.0,3.14419,103.0
1753769556229,06:12:36.229,kucoinfutures,XRP/USDT:USDT,3.14415,82.0,3.1441,9.0,3.14416,444.0,3.14419,103.0
1753769556230,06:12:36.230,kucoinfutures,XRP/USDT:USDT,3.14415,82.0,3.1441,9.0,3.14416,444.0,3.14419,103.0
1753769556231,06:12:36.231,kucoinfutures,XRP/USDT:USDT,3.14415,82.0,3.1441,9.0,3.14416,444.0,3.14419,103.0
1753769556235,06:12:36.235,kucoinfutures,XRP/USDT:USDT,3.14415,82.0,3.1441,9.0,3.14416,444.0,3.14419,103.0
1753769556248,06:12:36.248,kucoinfutures,XRP/USDT:USDT,3.14415,82.0,3.1441,9.0,3.14416,444.0,3.14419,103.0
1753769556306,06:12:36.306,kucoinfutures,XRP/USDT:USDT,3.14415,82.0,3.1441,9.0,3.14416,444.0,3.14419,103.0
1753769557241,06:12:37.241,kucoinfutures,XRP/USDT:USDT,3.14415,180.0,3.1441,9.0,3.14416,444.0,3.14419,103.0
1753769557969,06:12:37.969,kucoinfutures,XRP/USDT:USDT,3.14415,180.0,3.1441,9.0,3.14416,444.0,3.14419,103.0
1753769557973,06:12:37.973,kucoinfutures,XRP/USDT:USDT,3.14415,180.0,3.1441,9.0,3.14416,444.0,3.14419,103.0
1753769557973,06:12:37.973,kucoinfutures,XRP/USDT:USDT,3.14415,180.0,3.1441,9.0,3.14416,444.0,3.14419,103.0
1753769557979,06:12:37.979,kucoinfutures,XRP/USDT:USDT,3.14415,180.0,3.1441,9.0,3.14416,444.0,3.14419,103.0
1753769557983,06:12:37.983,kucoinfutures,XRP/USDT:USDT,3.14415,180.0,3.1441,9.0,3.14416,444.0,3.14419,103.0
1753769558104,06:12:38.104,kucoinfutures,XRP/USDT:USDT,3.14415,243.0,3.1441,9.0,3.14416,381.0,3.14419,103.0
1753769558110,06:12:38.110,kucoinfutures,XRP/USDT:USDT,3.14415,243.0,3.1441,9.0,3.14416,381.0,3.14419,103.0
1753769558113,06:12:38.113,kucoinfutures,XRP/USDT:USDT,3.14415,243.0,3.1441,9.0,3.14416,381.0,3.14419,103.0
1753769558129,06:12:38.129,kucoinfutures,XRP/USDT:USDT,3.14415,243.0,3.1441,9.0,3.14416,381.0,3.14419,103.0
1753769558135,06:12:38.135,kucoinfutures,XRP/USDT:USDT,3.14415,243.0,3.1441,9.0,3.14416,381.0,3.14419,103.0
1753769558140,06:12:38.140,kucoinfutures,XRP/USDT:USDT,3.14415,243.0,3.1441,9.0,3.14416,381.0,3.14419,103.0
1753769558249,06:12:38.249,kucoinfutures,XRP/USDT:USDT,3.14415,243.0,3.1441,9.0,3.14416,381.0,3.14419,103.0
1753769558252,06:12:38.252,kucoinfutures,XRP/USDT:USDT,3.14415,243.0,3.1441,9.0,3.14416,381.0,3.14419,103.0
1753769558499,06:12:38.499,kucoinfutures,XRP/USDT:USDT,3.14415,243.0,3.1441,9.0,3.14416,381.0,3.14419,103.0
1753769558588,06:12:38.588,kucoinfutures,XRP/USDT:USDT,3.14415,180.0,3.1441,9.0,3.14416,444.0,3.14419,103.0
1753769558614,06:12:38.614,kucoinfutures,XRP/USDT:USDT,3.14415,180.0,3.1441,9.0,3.14416,444.0,3.14419,103.0
1753769558725,06:12:38.725,kucoinfutures,XRP/USDT:USDT,3.14415,156.0,3.1441,9.0,3.14416,444.0,3.14419,103.0
1753769559075,06:12:39.075,kucoinfutures,XRP/USDT:USDT,3.14415,156.0,3.1441,9.0,3.14416,444.0,3.14419,103.0
1753769559076,06:12:39.076,kucoinfutures,XRP/USDT:USDT,3.14415,156.0,3.1441,9.0,3.14416,444.0,3.14419,103.0
1753769559216,06:12:39.216,kucoinfutures,XRP/USDT:USDT,3.14415,180.0,3.1441,9.0,3.14416,444.0,3.14419,103.0
1753769559217,06:12:39.217,kucoinfutures,XRP/USDT:USDT,3.14415,180.0,3.1441,9.0,3.14416,444.0,3.14419,103.0
1753769559217,06:12:39.217,kucoinfutures,XRP/USDT:USDT,3.14415,180.0,3.1441,9.0,3.14416,444.0,3.14419,103.0
1753769559220,06:12:39.220,kucoinfutures,XRP/USDT:USDT,3.14415,243.0,3.1441,9.0,3.14416,381.0,3.14419,103.0
1753769559305,06:12:39.305,kucoinfutures,XRP/USDT:USDT,3.14415,53.0,3.1441,9.0,3.14416,444.0,3.14419,103.0
1753769559319,06:12:39.319,kucoinfutures,XRP/USDT:USDT,3.14415,53.0,3.1441,9.0,3.14416,444.0,3.14419,103.0
1753769559323,06:12:39.323,kucoinfutures,XRP/USDT:USDT,3.14415,53.0,3.1441,9.0,3.14416,444.0,3.14419,103.0
1753769559327,06:12:39.327,kucoinfutures,XRP/USDT:USDT,3.14415,53.0,3.1441,9.0,3.14416,444.0,3.14419,103.0
1753769559334,06:12:39.334,kucoinfutures,XRP/USDT:USDT,3.14415,53.0,3.1441,9.0,3.14416,444.0,3.14419,103.0
1753769559335,06:12:39.335,kucoinfutures,XRP/USDT:USDT,3.14415,53.0,3.1441,9.0,3.14416,444.0,3.14419,103.0
1753769559338,06:12:39.338,kucoinfutures,XRP/USDT:USDT,3.14415,53.0,3.1441,9.0,3.14416,444.0,3.14419,103.0
1753769559343,06:12:39.343,kucoinfutures,XRP/USDT:USDT,3.14415,53.0,3.1441,9.0,3.14416,444.0,3.14419,103.0
1753769559347,06:12:39.347,kucoinfutures,XRP/USDT:USDT,3.14415,53.0,3.1441,9.0,3.14416,444.0,3.14419,103.0
1753769559353,06:12:39.353,kucoinfutures,XRP/USDT:USDT,3.14415,53.0,3.1441,9.0,3.14416,444.0,3.14419,103.0
1753769559416,06:12:39.416,kucoinfutures,XRP/USDT:USDT,3.14385,203.0,3.14377,253.0,3.14386,18.0,3.14395,63.0
1753769559416,06:12:39.416,kucoinfutures,XRP/USDT:USDT,3.14385,203.0,3.14377,253.0,3.14386,150.0,3.14395,63.0
1753769559429,06:12:39.429,kucoinfutures,XRP/USDT:USDT,3.14385,373.0,3.14377,253.0,3.14386,102.0,3.14402,28.0
1753769559430,06:12:39.430,kucoinfutures,XRP/USDT:USDT,3.14385,373.0,3.14377,253.0,3.14386,102.0,3.14402,28.0
1753769559433,06:12:39.433,kucoinfutures,XRP/USDT:USDT,3.14385,373.0,3.14377,253.0,3.14386,102.0,3.14402,28.0
1753769559449,06:12:39.449,kucoinfutures,XRP/USDT:USDT,3.14385,373.0,3.14377,253.0,3.14386,102.0,3.14402,28.0
1753769559464,06:12:39.464,kucoinfutures,XRP/USDT:USDT,3.14385,310.0,3.14377,253.0,3.14386,155.0,3.14402,28.0
1753769559466,06:12:39.466,kucoinfutures,XRP/USDT:USDT,3.14385,310.0,3.14377,253.0,3.14386,134.0,3.14402,28.0
1753769559467,06:12:39.467,kucoinfutures,XRP/USDT:USDT,3.14385,310.0,3.14377,253.0,3.14386,129.0,3.14402,28.0
1753769559470,06:12:39.470,kucoinfutures,XRP/USDT:USDT,3.14385,373.0,3.14377,253.0,3.14386,129.0,3.14402,28.0
1753769559473,06:12:39.473,kucoinfutures,XRP/USDT:USDT,3.14385,373.0,3.14377,253.0,3.14386,134.0,3.14402,28.0
1753769559504,06:12:39.504,kucoinfutures,XRP/USDT:USDT,3.14385,373.0,3.14377,253.0,3.14386,134.0,3.14402,28.0
1753769559506,06:12:39.506,kucoinfutures,XRP/USDT:USDT,3.14385,426.0,3.14377,253.0,3.14386,134.0,3.14402,28.0
1753769559506,06:12:39.506,kucoinfutures,XRP/USDT:USDT,3.14385,426.0,3.14377,253.0,3.14386,134.0,3.14402,28.0
1753769559515,06:12:39.515,kucoinfutures,XRP/USDT:USDT,3.14385,426.0,3.14377,253.0,3.14386,134.0,3.14402,28.0
1753769559518,06:12:39.518,kucoinfutures,XRP/USDT:USDT,3.14385,426.0,3.14377,253.0,3.14386,134.0,3.14402,28.0
1753769559521,06:12:39.521,kucoinfutures,XRP/USDT:USDT,3.14385,426.0,3.14377,253.0,3.14386,129.0,3.14402,28.0
1753769559522,06:12:39.522,kucoinfutures,XRP/USDT:USDT,3.14385,426.0,3.14377,253.0,3.14386,119.0,3.14402,28.0
1753769559611,06:12:39.611,kucoinfutures,XRP/USDT:USDT,3.14385,426.0,3.14377,253.0,3.14386,119.0,3.14402,28.0
1753769559827,06:12:39.827,kucoinfutures,XRP/USDT:USDT,3.14385,426.0,3.14377,253.0,3.14386,119.0,3.14402,28.0
1753769559832,06:12:39.832,kucoinfutures,XRP/USDT:USDT,3.14385,426.0,3.14377,253.0,3.14386,124.0,3.14402,28.0
1753769559838,06:12:39.838,kucoinfutures,XRP/USDT:USDT,3.14385,363.0,3.14377,253.0,3.14386,173.0,3.14402,28.0
1753769559842,06:12:39.842,kucoinfutures,XRP/USDT:USDT,3.14385,426.0,3.14377,253.0,3.14386,119.0,3.14402,28.0
1753769559871,06:12:39.871,kucoinfutures,XRP/USDT:USDT,3.14385,426.0,3.14377,253.0,3.14386,119.0,3.14402,28.0
1753769559872,06:12:39.872,kucoinfutures,XRP/USDT:USDT,3.14385,426.0,3.14377,253.0,3.14386,119.0,3.14402,28.0
1753769559874,06:12:39.874,kucoinfutures,XRP/USDT:USDT,3.14385,426.0,3.14377,253.0,3.14386,124.0,3.14402,28.0
1753769559878,06:12:39.878,kucoinfutures,XRP/USDT:USDT,3.14385,363.0,3.14377,253.0,3.14386,124.0,3.14402,28.0
1753769559878,06:12:39.878,kucoinfutures,XRP/USDT:USDT,3.14385,363.0,3.14377,253.0,3.14386,127.0,3.14402,28.0
1753769559885,06:12:39.885,kucoinfutures,XRP/USDT:USDT,3.14385,426.0,3.14377,253.0,3.14386,119.0,3.14402,28.0
1753769559907,06:12:39.907,kucoinfutures,XRP/USDT:USDT,3.14385,426.0,3.14377,253.0,3.14386,119.0,3.14402,28.0
1753769560030,06:12:40.030,kucoinfutures,XRP/USDT:USDT,3.14385,369.0,3.14377,253.0,3.14386,125.0,3.14402,28.0
1753769560033,06:12:40.033,kucoinfutures,XRP/USDT:USDT,3.14385,432.0,3.14377,253.0,3.14386,125.0,3.14402,28.0
1753769560111,06:12:40.111,kucoinfutures,XRP/USDT:USDT,3.14385,432.0,3.14377,253.0,3.14386,125.0,3.14402,28.0
1753769560111,06:12:40.111,kucoinfutures,XRP/USDT:USDT,3.14385,432.0,3.14377,253.0,3.14386,125.0,3.14402,28.0
1753769560114,06:12:40.114,kucoinfutures,XRP/USDT:USDT,3.14385,432.0,3.14377,253.0,3.14386,125.0,3.14402,28.0
1753769560114,06:12:40.114,kucoinfutures,XRP/USDT:USDT,3.14385,432.0,3.14377,253.0,3.14386,125.0,3.14402,28.0
1753769560115,06:12:40.115,kucoinfutures,XRP/USDT:USDT,3.14385,432.0,3.14377,253.0,3.14386,125.0,3.14402,28.0
1753769560116,06:12:40.116,kucoinfutures,XRP/USDT:USDT,3.14385,432.0,3.14377,253.0,3.14386,125.0,3.14402,28.0
1753769560120,06:12:40.120,kucoinfutures,XRP/USDT:USDT,3.14385,432.0,3.14377,253.0,3.14386,125.0,3.14402,28.0
1753769560123,06:12:40.123,kucoinfutures,XRP/USDT:USDT,3.14385,432.0,3.14377,253.0,3.14386,125.0,3.14402,28.0
1753769560126,06:12:40.126,kucoinfutures,XRP/USDT:USDT,3.14385,432.0,3.14377,253.0,3.14386,125.0,3.14402,28.0
1753769560132,06:12:40.132,kucoinfutures,XRP/USDT:USDT,3.14385,432.0,3.14377,253.0,3.14386,125.0,3.14402,28.0
1753769560262,06:12:40.262,kucoinfutures,XRP/USDT:USDT,3.14385,432.0,3.14377,253.0,3.14386,125.0,3.14402,28.0
1753769560265,06:12:40.265,kucoinfutures,XRP/USDT:USDT,3.14385,432.0,3.14377,253.0,3.14386,125.0,3.14402,28.0
1753769560332,06:12:40.332,kucoinfutures,XRP/USDT:USDT,3.14385,622.0,3.14368,14.0,3.14386,335.0,3.14402,28.0
1753769560338,06:12:40.338,kucoinfutures,XRP/USDT:USDT,3.14385,685.0,3.14368,14.0,3.14386,335.0,3.14402,28.0
1753769560408,06:12:40.408,kucoinfutures,XRP/USDT:USDT,3.14385,685.0,3.14368,14.0,3.14386,242.0,3.14402,28.0
1753769560705,06:12:40.705,kucoinfutures,XRP/USDT:USDT,3.14385,685.0,3.14368,14.0,3.14386,242.0,3.14402,28.0
1753769560709,06:12:40.709,kucoinfutures,XRP/USDT:USDT,3.14385,685.0,3.14368,14.0,3.14386,242.0,3.14402,1.0
1753769560717,06:12:40.717,kucoinfutures,XRP/USDT:USDT,3.14385,685.0,3.14368,14.0,3.14386,242.0,3.14402,1.0
1753769560725,06:12:40.725,kucoinfutures,XRP/USDT:USDT,3.14385,685.0,3.14368,14.0,3.14386,242.0,3.14402,1.0
1753769560798,06:12:40.798,kucoinfutures,XRP/USDT:USDT,3.14385,685.0,3.14368,14.0,3.14386,242.0,3.14402,1.0
1753769560832,06:12:40.832,kucoinfutures,XRP/USDT:USDT,3.14385,685.0,3.14368,14.0,3.14386,242.0,3.14402,1.0
1753769560848,06:12:40.848,kucoinfutures,XRP/USDT:USDT,3.14385,685.0,3.14368,14.0,3.14386,242.0,3.14402,1.0
1753769560890,06:12:40.890,kucoinfutures,XRP/USDT:USDT,3.14385,685.0,3.14368,14.0,3.14386,242.0,3.14402,1.0
1753769560906,06:12:40.906,kucoinfutures,XRP/USDT:USDT,3.14385,685.0,3.14368,14.0,3.14386,242.0,3.14402,1.0
1753769561080,06:12:41.080,kucoinfutures,XRP/USDT:USDT,3.14385,685.0,3.14368,14.0,3.14386,242.0,3.14402,1.0
1753769561175,06:12:41.175,kucoinfutures,XRP/USDT:USDT,3.14385,685.0,3.14368,14.0,3.14386,242.0,3.14402,1.0
1753769561177,06:12:41.177,kucoinfutures,XRP/USDT:USDT,3.14385,685.0,3.14368,14.0,3.14386,242.0,3.14402,1.0
1753769561179,06:12:41.179,kucoinfutures,XRP/USDT:USDT,3.14385,685.0,3.14368,14.0,3.14386,242.0,3.14402,1.0
1753769561300,06:12:41.300,kucoinfutures,XRP/USDT:USDT,3.14385,685.0,3.14368,14.0,3.14386,242.0,3.14402,1.0
1753769561305,06:12:41.305,kucoinfutures,XRP/USDT:USDT,3.14385,685.0,3.14368,14.0,3.14386,242.0,3.14402,1.0
1753769561350,06:12:41.350,kucoinfutures,XRP/USDT:USDT,3.14385,685.0,3.14368,14.0,3.14386,242.0,3.14402,1.0
1753769561413,06:12:41.413,kucoinfutures,XRP/USDT:USDT,3.14385,685.0,3.14368,14.0,3.14386,242.0,3.14402,1.0
1753769561450,06:12:41.450,kucoinfutures,XRP/USDT:USDT,3.14385,685.0,3.14368,14.0,3.14386,242.0,3.14402,1.0
1753769561613,06:12:41.613,kucoinfutures,XRP/USDT:USDT,3.14385,685.0,3.14368,14.0,3.14386,24.0,3.14402,1.0
1753769561640,06:12:41.640,kucoinfutures,XRP/USDT:USDT,3.14385,685.0,3.14368,14.0,3.14386,24.0,3.14402,1.0
1753769561653,06:12:41.653,kucoinfutures,XRP/USDT:USDT,3.14385,685.0,3.14368,14.0,3.14386,24.0,3.14402,1.0
1753769561685,06:12:41.685,kucoinfutures,XRP/USDT:USDT,3.14385,685.0,3.14368,14.0,3.14386,24.0,3.14402,1.0
1753769561705,06:12:41.705,kucoinfutures,XRP/USDT:USDT,3.14385,685.0,3.14368,14.0,3.14386,24.0,3.14402,1.0
1753769561801,06:12:41.801,kucoinfutures,XRP/USDT:USDT,3.14385,685.0,3.14368,14.0,3.14386,24.0,3.14402,1.0
1753769561806,06:12:41.806,kucoinfutures,XRP/USDT:USDT,3.14385,685.0,3.14368,14.0,3.14386,29.0,3.14402,28.0
1753769561818,06:12:41.818,kucoinfutures,XRP/USDT:USDT,3.14385,685.0,3.14368,14.0,3.14386,24.0,3.14402,28.0
1753769561970,06:12:41.970,kucoinfutures,XRP/USDT:USDT,3.14385,685.0,3.14368,14.0,3.14386,24.0,3.14402,28.0
1753769562185,06:12:42.185,kucoinfutures,XRP/USDT:USDT,3.14385,685.0,3.14368,14.0,3.14386,19.0,3.14402,28.0
1753769562190,06:12:42.190,kucoinfutures,XRP/USDT:USDT,3.14385,685.0,3.14368,14.0,3.14386,19.0,3.14402,28.0
1753769562861,06:12:42.861,kucoinfutures,XRP/USDT:USDT,3.14385,685.0,3.14368,14.0,3.14386,19.0,3.14402,28.0
1753769562865,06:12:42.865,kucoinfutures,XRP/USDT:USDT,3.14385,685.0,3.14368,14.0,3.14386,19.0,3.14402,28.0
1753769563220,06:12:43.220,kucoinfutures,XRP/USDT:USDT,3.14385,685.0,3.14368,14.0,3.14386,19.0,3.14402,28.0
1753769563223,06:12:43.223,kucoinfutures,XRP/USDT:USDT,3.14385,685.0,3.14368,14.0,3.14386,19.0,3.14402,28.0
1753769563424,06:12:43.424,kucoinfutures,XRP/USDT:USDT,3.14385,685.0,3.14368,14.0,3.14386,19.0,3.14402,28.0
1753769563427,06:12:43.427,kucoinfutures,XRP/USDT:USDT,3.14385,685.0,3.14368,14.0,3.14386,19.0,3.14402,28.0
1753769563440,06:12:43.440,kucoinfutures,XRP/USDT:USDT,3.14385,685.0,3.14368,14.0,3.14386,19.0,3.14402,28.0
1753769563499,06:12:43.499,kucoinfutures,XRP/USDT:USDT,3.14385,685.0,3.14368,14.0,3.14386,19.0,3.14402,28.0
1753769563505,06:12:43.505,kucoinfutures,XRP/USDT:USDT,3.14385,685.0,3.14368,14.0,3.14386,19.0,3.14402,28.0
1753769563507,06:12:43.507,kucoinfutures,XRP/USDT:USDT,3.14385,685.0,3.14368,14.0,3.14386,19.0,3.14402,28.0
1753769563508,06:12:43.508,kucoinfutures,XRP/USDT:USDT,3.14385,685.0,3.14368,14.0,3.14386,19.0,3.14402,28.0
1753769563595,06:12:43.595,kucoinfutures,XRP/USDT:USDT,3.14385,685.0,3.14368,14.0,3.14386,19.0,3.14402,28.0
1753769563598,06:12:43.598,kucoinfutures,XRP/USDT:USDT,3.14385,685.0,3.14368,14.0,3.14386,19.0,3.14402,28.0
1753769563601,06:12:43.601,kucoinfutures,XRP/USDT:USDT,3.14385,685.0,3.14368,14.0,3.14386,19.0,3.14402,28.0
1753769563606,06:12:43.606,kucoinfutures,XRP/USDT:USDT,3.14385,685.0,3.14368,14.0,3.14386,19.0,3.14402,28.0
1753769563610,06:12:43.610,kucoinfutures,XRP/USDT:USDT,3.14385,685.0,3.14368,14.0,3.14386,19.0,3.14402,28.0
1753769563615,06:12:43.615,kucoinfutures,XRP/USDT:USDT,3.14385,685.0,3.14368,14.0,3.14386,19.0,3.14402,28.0
1753769563630,06:12:43.630,kucoinfutures,XRP/USDT:USDT,3.14385,685.0,3.14368,14.0,3.14386,19.0,3.14402,28.0
1753769563636,06:12:43.636,kucoinfutures,XRP/USDT:USDT,3.14385,685.0,3.14368,14.0,3.14386,19.0,3.14402,28.0
1753769563637,06:12:43.637,kucoinfutures,XRP/USDT:USDT,3.14385,685.0,3.14368,14.0,3.14386,19.0,3.14402,28.0
1753769563641,06:12:43.641,kucoinfutures,XRP/USDT:USDT,3.14385,685.0,3.14368,14.0,3.14386,19.0,3.14402,28.0
1753769563759,06:12:43.759,kucoinfutures,XRP/USDT:USDT,3.14385,685.0,3.14368,14.0,3.14386,19.0,3.14402,1.0
1753769563863,06:12:43.863,kucoinfutures,XRP/USDT:USDT,3.14385,685.0,3.14368,14.0,3.14386,19.0,3.14402,1.0
1753769564048,06:12:44.048,kucoinfutures,XRP/USDT:USDT,3.14385,685.0,3.14368,14.0,3.14386,19.0,3.14402,1.0
1753769564162,06:12:44.162,kucoinfutures,XRP/USDT:USDT,3.14385,685.0,3.14368,14.0,3.14386,19.0,3.14402,1.0
1753769564167,06:12:44.167,kucoinfutures,XRP/USDT:USDT,3.14385,685.0,3.14368,14.0,3.14386,19.0,3.14402,1.0
1753769564235,06:12:44.235,kucoinfutures,XRP/USDT:USDT,3.14385,685.0,3.14368,14.0,3.14386,19.0,3.14402,1.0
1753769564335,06:12:44.335,kucoinfutures,XRP/USDT:USDT,3.14385,685.0,3.14368,14.0,3.14386,19.0,3.14402,1.0
1753769564346,06:12:44.346,kucoinfutures,XRP/USDT:USDT,3.14385,685.0,3.14368,14.0,3.14386,19.0,3.14402,1.0
1753769564405,06:12:44.405,kucoinfutures,XRP/USDT:USDT,3.14385,685.0,3.14368,14.0,3.14386,19.0,3.14402,1.0
1753769564586,06:12:44.586,kucoinfutures,XRP/USDT:USDT,3.14385,685.0,3.14368,14.0,3.14386,19.0,3.14402,1.0
1753769564684,06:12:44.684,kucoinfutures,XRP/USDT:USDT,3.14385,685.0,3.14368,14.0,3.14386,19.0,3.14402,1.0
1753769564716,06:12:44.716,kucoinfutures,XRP/USDT:USDT,3.14385,685.0,3.14368,14.0,3.14386,19.0,3.14402,1.0
1753769564752,06:12:44.752,kucoinfutures,XRP/USDT:USDT,3.14385,685.0,3.14368,14.0,3.14386,19.0,3.14402,1.0
1753769565059,06:12:45.059,kucoinfutures,XRP/USDT:USDT,3.14385,685.0,3.14368,14.0,3.14386,19.0,3.14402,1.0
1753769565059,06:12:45.059,kucoinfutures,XRP/USDT:USDT,3.14385,685.0,3.14368,14.0,3.14386,19.0,3.14402,1.0
1753769565104,06:12:45.104,kucoinfutures,XRP/USDT:USDT,3.14385,685.0,3.14368,14.0,3.14386,19.0,3.14402,1.0
1753769565105,06:12:45.105,kucoinfutures,XRP/USDT:USDT,3.14385,685.0,3.14368,14.0,3.14386,19.0,3.14402,1.0
1753769565127,06:12:45.127,kucoinfutures,XRP/USDT:USDT,3.14385,685.0,3.14368,14.0,3.14386,19.0,3.14402,1.0
1753769565129,06:12:45.129,kucoinfutures,XRP/USDT:USDT,3.14385,685.0,3.14368,14.0,3.14386,19.0,3.14402,1.0
1753769565182,06:12:45.182,kucoinfutures,XRP/USDT:USDT,3.14385,685.0,3.14368,14.0,3.14386,19.0,3.14402,1.0
1753769565242,06:12:45.242,kucoinfutures,XRP/USDT:USDT,3.14385,685.0,3.14368,14.0,3.14386,19.0,3.14402,1.0
1753769565332,06:12:45.332,kucoinfutures,XRP/USDT:USDT,3.14385,685.0,3.14368,14.0,3.14386,19.0,3.14402,1.0
1753769565336,06:12:45.336,kucoinfutures,XRP/USDT:USDT,3.14385,685.0,3.14368,14.0,3.14386,19.0,3.14402,1.0
1753769565350,06:12:45.350,kucoinfutures,XRP/USDT:USDT,3.14385,685.0,3.14368,14.0,3.14386,19.0,3.14402,1.0
1753769565353,06:12:45.353,kucoinfutures,XRP/USDT:USDT,3.14385,685.0,3.14368,14.0,3.14386,19.0,3.14402,1.0
1753769565455,06:12:45.455,kucoinfutures,XRP/USDT:USDT,3.14385,685.0,3.14368,14.0,3.14386,19.0,3.14402,1.0
1753769565487,06:12:45.487,kucoinfutures,XRP/USDT:USDT,3.14385,685.0,3.14368,14.0,3.14386,19.0,3.14402,1.0
1753769565520,06:12:45.520,kucoinfutures,XRP/USDT:USDT,3.14385,685.0,3.14368,14.0,3.14386,19.0,3.14402,1.0
1753769565561,06:12:45.561,kucoinfutures,XRP/USDT:USDT,3.14385,685.0,3.14368,14.0,3.14386,19.0,3.14402,1.0
1753769565563,06:12:45.563,kucoinfutures,XRP/USDT:USDT,3.14385,685.0,3.14368,14.0,3.14386,19.0,3.14402,1.0
1753769565570,06:12:45.570,kucoinfutures,XRP/USDT:USDT,3.14385,685.0,3.14368,14.0,3.14386,19.0,3.14402,1.0
1753769565572,06:12:45.572,kucoinfutures,XRP/USDT:USDT,3.14385,685.0,3.14368,14.0,3.14386,19.0,3.14402,1.0
1753769565623,06:12:45.623,kucoinfutures,XRP/USDT:USDT,3.14385,685.0,3.14368,14.0,3.14386,19.0,3.14402,1.0
1753769565746,06:12:45.746,kucoinfutures,XRP/USDT:USDT,3.14385,685.0,3.14368,14.0,3.14386,19.0,3.14402,1.0
1753769565748,06:12:45.748,kucoinfutures,XRP/USDT:USDT,3.14385,685.0,3.14368,14.0,3.14386,19.0,3.14402,1.0
1753769565764,06:12:45.764,kucoinfutures,XRP/USDT:USDT,3.14385,685.0,3.14368,14.0,3.14386,19.0,3.14402,82.0
1753769565779,06:12:45.779,kucoinfutures,XRP/USDT:USDT,3.14385,685.0,3.14368,14.0,3.14386,19.0,3.14402,52.0
1753769565806,06:12:45.806,kucoinfutures,XRP/USDT:USDT,3.14385,685.0,3.14368,14.0,3.14386,19.0,3.14401,7.0
1753769565829,06:12:45.829,kucoinfutures,XRP/USDT:USDT,3.14385,685.0,3.14368,14.0,3.14386,19.0,3.14401,7.0
1753769565880,06:12:45.880,kucoinfutures,XRP/USDT:USDT,3.14385,685.0,3.14368,14.0,3.14386,19.0,3.14401,7.0
1753769565902,06:12:45.902,kucoinfutures,XRP/USDT:USDT,3.14385,685.0,3.14368,14.0,3.14386,19.0,3.14401,7.0
1753769565927,06:12:45.927,kucoinfutures,XRP/USDT:USDT,3.14385,685.0,3.14368,14.0,3.14386,19.0,3.14401,7.0
1753769566032,06:12:46.032,kucoinfutures,XRP/USDT:USDT,3.14385,685.0,3.14368,14.0,3.14386,19.0,3.14401,7.0
1753769566034,06:12:46.034,kucoinfutures,XRP/USDT:USDT,3.14385,685.0,3.14368,14.0,3.14386,19.0,3.14401,7.0
1753769566042,06:12:46.042,kucoinfutures,XRP/USDT:USDT,3.14385,685.0,3.14368,14.0,3.14386,19.0,3.14401,7.0
1753769566131,06:12:46.131,kucoinfutures,XRP/USDT:USDT,3.14385,685.0,3.14368,14.0,3.14386,19.0,3.14401,7.0
1753769566251,06:12:46.251,kucoinfutures,XRP/USDT:USDT,3.14385,685.0,3.14368,14.0,3.14386,19.0,3.14401,7.0
1753769566255,06:12:46.255,kucoinfutures,XRP/USDT:USDT,3.14385,685.0,3.14368,14.0,3.14386,19.0,3.14401,7.0
1753769566569,06:12:46.569,kucoinfutures,XRP/USDT:USDT,3.14385,685.0,3.14368,14.0,3.14386,19.0,3.14401,7.0
1753769566571,06:12:46.571,kucoinfutures,XRP/USDT:USDT,3.14385,685.0,3.14368,14.0,3.14386,19.0,3.14401,7.0
1753769566609,06:12:46.609,kucoinfutures,XRP/USDT:USDT,3.14385,685.0,3.14368,14.0,3.14386,19.0,3.14401,7.0
1753769566622,06:12:46.622,kucoinfutures,XRP/USDT:USDT,3.14385,685.0,3.14368,14.0,3.14386,19.0,3.14401,7.0
1753769566625,06:12:46.625,kucoinfutures,XRP/USDT:USDT,3.14385,685.0,3.14368,14.0,3.14386,19.0,3.14401,7.0
1753769566627,06:12:46.627,kucoinfutures,XRP/USDT:USDT,3.14385,685.0,3.14368,14.0,3.14386,19.0,3.14401,7.0
1753769566734,06:12:46.734,kucoinfutures,XRP/USDT:USDT,3.14385,685.0,3.14368,14.0,3.14386,19.0,3.14401,7.0
1753769566744,06:12:46.744,kucoinfutures,XRP/USDT:USDT,3.14385,685.0,3.14368,14.0,3.14386,19.0,3.14401,7.0
1753769566747,06:12:46.747,kucoinfutures,XRP/USDT:USDT,3.14385,685.0,3.14368,14.0,3.14386,19.0,3.14401,7.0
1753769566749,06:12:46.749,kucoinfutures,XRP/USDT:USDT,3.14385,685.0,3.14368,14.0,3.14386,19.0,3.14401,7.0
1753769566832,06:12:46.832,kucoinfutures,XRP/USDT:USDT,3.14385,685.0,3.14368,14.0,3.14386,19.0,3.14402,1.0
1753769566890,06:12:46.890,kucoinfutures,XRP/USDT:USDT,3.14385,685.0,3.14368,14.0,3.14386,19.0,3.14402,1.0
1753769566978,06:12:46.978,kucoinfutures,XRP/USDT:USDT,3.14385,685.0,3.14368,14.0,3.14386,19.0,3.14402,1.0
1753769567067,06:12:47.067,kucoinfutures,XRP/USDT:USDT,3.14385,685.0,3.14368,14.0,3.14386,19.0,3.14402,1.0
1753769567133,06:12:47.133,kucoinfutures,XRP/USDT:USDT,3.14385,685.0,3.14368,14.0,3.14386,19.0,3.14402,1.0
1753769567136,06:12:47.136,kucoinfutures,XRP/USDT:USDT,3.14385,685.0,3.14368,14.0,3.14386,19.0,3.14408,7.0
1753769567140,06:12:47.140,kucoinfutures,XRP/USDT:USDT,3.14385,685.0,3.14368,14.0,3.14386,19.0,3.14408,7.0
1753769567204,06:12:47.204,kucoinfutures,XRP/USDT:USDT,3.14385,685.0,3.14368,14.0,3.14386,6.0,3.14408,7.0
1753769567209,06:12:47.209,kucoinfutures,XRP/USDT:USDT,3.14385,685.0,3.14368,14.0,3.14386,99.0,3.14408,7.0
1753769567210,06:12:47.210,kucoinfutures,XRP/USDT:USDT,3.14385,685.0,3.14368,14.0,3.14386,99.0,3.14415,45.0
1753769567212,06:12:47.212,kucoinfutures,XRP/USDT:USDT,3.14385,685.0,3.14368,14.0,3.14386,6.0,3.14415,45.0
1753769567213,06:12:47.213,kucoinfutures,XRP/USDT:USDT,3.14385,685.0,3.14368,14.0,3.14386,6.0,3.14415,45.0
1753769567214,06:12:47.214,kucoinfutures,XRP/USDT:USDT,3.14407,5.0,3.14385,685.0,3.14415,45.0,3.14417,28.0
1753769567215,06:12:47.215,kucoinfutures,XRP/USDT:USDT,3.14414,1.0,3.14407,6.0,3.14415,45.0,3.14417,28.0
1753769567216,06:12:47.216,kucoinfutures,XRP/USDT:USDT,3.14414,1.0,3.14407,57.0,3.14415,45.0,3.14417,28.0
1753769567217,06:12:47.217,kucoinfutures,XRP/USDT:USDT,3.14414,2.0,3.14407,57.0,3.14415,45.0,3.14417,28.0
1753769567217,06:12:47.217,kucoinfutures,XRP/USDT:USDT,3.14414,2.0,3.14407,57.0,3.14415,45.0,3.14417,28.0
1753769567218,06:12:47.218,kucoinfutures,XRP/USDT:USDT,3.14414,19.0,3.14407,57.0,3.14415,45.0,3.14416,27.0
1753769567219,06:12:47.219,kucoinfutures,XRP/USDT:USDT,3.14414,43.0,3.14408,12.0,3.14415,55.0,3.14416,27.0
1753769567219,06:12:47.219,kucoinfutures,XRP/USDT:USDT,3.14414,243.0,3.1441,9.0,3.14415,55.0,3.14416,27.0
1753769567221,06:12:47.221,kucoinfutures,XRP/USDT:USDT,3.14414,428.0,3.1441,9.0,3.14415,55.0,3.1442,83.0
1753769567223,06:12:47.223,kucoinfutures,XRP/USDT:USDT,3.14414,427.0,3.1441,9.0,3.14415,60.0,3.1442,83.0
1753769567223,06:12:47.223,kucoinfutures,XRP/USDT:USDT,3.14414,427.0,3.1441,9.0,3.14415,133.0,3.1442,83.0
1753769567225,06:12:47.225,kucoinfutures,XRP/USDT:USDT,3.14414,426.0,3.1441,9.0,3.14415,177.0,3.1442,83.0
1753769567228,06:12:47.228,kucoinfutures,XRP/USDT:USDT,3.14414,363.0,3.1441,9.0,3.14415,178.0,3.1442,83.0
1753769567229,06:12:47.229,kucoinfutures,XRP/USDT:USDT,3.14414,363.0,3.1441,9.0,3.14415,178.0,3.1442,83.0
1753769567231,06:12:47.231,kucoinfutures,XRP/USDT:USDT,3.14414,363.0,3.1441,9.0,3.14415,200.0,3.1442,83.0
1753769567231,06:12:47.231,kucoinfutures,XRP/USDT:USDT,3.14414,363.0,3.1441,9.0,3.14415,200.0,3.1442,83.0
1753769567234,06:12:47.234,kucoinfutures,XRP/USDT:USDT,3.14414,363.0,3.1441,9.0,3.14415,200.0,3.1442,83.0
1753769567237,06:12:47.237,kucoinfutures,XRP/USDT:USDT,3.14414,362.0,3.1441,9.0,3.14415,200.0,3.1442,83.0
1753769567304,06:12:47.304,kucoinfutures,XRP/USDT:USDT,3.14414,362.0,3.1441,9.0,3.14415,255.0,3.1442,83.0
1753769567304,06:12:47.304,kucoinfutures,XRP/USDT:USDT,3.14414,362.0,3.1441,9.0,3.14415,255.0,3.1442,83.0
1753769567307,06:12:47.307,kucoinfutures,XRP/USDT:USDT,3.14414,362.0,3.1441,9.0,3.14415,255.0,3.1442,83.0
1753769567435,06:12:47.435,kucoinfutures,XRP/USDT:USDT,3.14414,362.0,3.1441,9.0,3.14415,255.0,3.1442,83.0
1753769567505,06:12:47.505,kucoinfutures,XRP/USDT:USDT,3.14414,362.0,3.1441,9.0,3.14415,255.0,3.1442,83.0
1753769567507,06:12:47.507,kucoinfutures,XRP/USDT:USDT,3.14414,362.0,3.1441,9.0,3.14415,255.0,3.1442,83.0
1753769567536,06:12:47.536,kucoinfutures,XRP/USDT:USDT,3.14414,425.0,3.1441,9.0,3.14415,254.0,3.1442,83.0
1753769567551,06:12:47.551,kucoinfutures,XRP/USDT:USDT,3.14414,425.0,3.1441,9.0,3.14415,254.0,3.1442,83.0
1753769567556,06:12:47.556,kucoinfutures,XRP/USDT:USDT,3.14414,425.0,3.1441,9.0,3.14415,254.0,3.1442,83.0
1753769567642,06:12:47.642,kucoinfutures,XRP/USDT:USDT,3.14414,425.0,3.1441,9.0,3.14415,254.0,3.1442,83.0
1753769567656,06:12:47.656,kucoinfutures,XRP/USDT:USDT,3.14414,425.0,3.1441,9.0,3.14415,254.0,3.1442,83.0
1753769567721,06:12:47.721,kucoinfutures,XRP/USDT:USDT,3.14414,425.0,3.1441,9.0,3.14415,254.0,3.1442,83.0
1753769567880,06:12:47.880,kucoinfutures,XRP/USDT:USDT,3.14414,425.0,3.1441,9.0,3.14415,254.0,3.1442,83.0
1753769568006,06:12:48.006,kucoinfutures,XRP/USDT:USDT,3.14414,425.0,3.1441,9.0,3.14415,254.0,3.1442,83.0
1753769568121,06:12:48.121,kucoinfutures,XRP/USDT:USDT,3.14414,425.0,3.1441,9.0,3.14415,254.0,3.1442,83.0
1753769568229,06:12:48.229,kucoinfutures,XRP/USDT:USDT,3.14414,425.0,3.1441,9.0,3.14415,254.0,3.1442,83.0
1753769568233,06:12:48.233,kucoinfutures,XRP/USDT:USDT,3.14414,425.0,3.1441,9.0,3.14415,254.0,3.1442,83.0
1753769568250,06:12:48.250,kucoinfutures,XRP/USDT:USDT,3.14414,425.0,3.1441,9.0,3.14415,254.0,3.1442,83.0
1753769568253,06:12:48.253,kucoinfutures,XRP/USDT:USDT,3.14414,425.0,3.1441,9.0,3.14415,254.0,3.1442,83.0
1753769568322,06:12:48.322,kucoinfutures,XRP/USDT:USDT,3.14414,425.0,3.1441,9.0,3.14415,254.0,3.1442,83.0
1753769568326,06:12:48.326,kucoinfutures,XRP/USDT:USDT,3.14414,425.0,3.1441,9.0,3.14415,254.0,3.1442,83.0
1753769568327,06:12:48.327,kucoinfutures,XRP/USDT:USDT,3.14414,425.0,3.1441,9.0,3.14415,254.0,3.1442,83.0
1753769568329,06:12:48.329,kucoinfutures,XRP/USDT:USDT,3.14414,425.0,3.1441,9.0,3.14415,254.0,3.1442,83.0
1753769568331,06:12:48.331,kucoinfutures,XRP/USDT:USDT,3.14414,425.0,3.1441,9.0,3.14415,254.0,3.1442,83.0
1753769568333,06:12:48.333,kucoinfutures,XRP/USDT:USDT,3.14414,425.0,3.1441,9.0,3.14415,254.0,3.1442,83.0
1753769568368,06:12:48.368,kucoinfutures,XRP/USDT:USDT,3.14414,425.0,3.1441,9.0,3.14415,254.0,3.1442,83.0
1753769568442,06:12:48.442,kucoinfutures,XRP/USDT:USDT,3.14414,425.0,3.1441,9.0,3.14415,254.0,3.1442,83.0
1753769568500,06:12:48.500,kucoinfutures,XRP/USDT:USDT,3.14414,362.0,3.1441,9.0,3.14415,317.0,3.1442,83.0
1753769568523,06:12:48.523,kucoinfutures,XRP/USDT:USDT,3.14414,362.0,3.1441,9.0,3.14415,317.0,3.1442,83.0
1753769568531,06:12:48.531,kucoinfutures,XRP/USDT:USDT,3.14414,362.0,3.1441,9.0,3.14415,317.0,3.1442,83.0
1753769568591,06:12:48.591,kucoinfutures,XRP/USDT:USDT,3.14414,362.0,3.1441,9.0,3.14415,317.0,3.1442,83.0
1753769568633,06:12:48.633,kucoinfutures,XRP/USDT:USDT,3.14414,362.0,3.1441,9.0,3.14415,317.0,3.1442,83.0
1753769568640,06:12:48.640,kucoinfutures,XRP/USDT:USDT,3.14414,362.0,3.1441,9.0,3.14415,317.0,3.1442,83.0
1753769568670,06:12:48.670,kucoinfutures,XRP/USDT:USDT,3.14414,362.0,3.1441,9.0,3.14415,317.0,3.1442,83.0
1753769568690,06:12:48.690,kucoinfutures,XRP/USDT:USDT,3.14414,545.0,3.1441,9.0,3.14415,317.0,3.1442,83.0
1753769568694,06:12:48.694,kucoinfutures,XRP/USDT:USDT,3.14414,608.0,3.1441,9.0,3.14415,317.0,3.1442,83.0
1753769568694,06:12:48.694,kucoinfutures,XRP/USDT:USDT,3.14414,608.0,3.1441,9.0,3.14415,254.0,3.1442,83.0
1753769568741,06:12:48.741,kucoinfutures,XRP/USDT:USDT,3.14414,608.0,3.1441,9.0,3.14415,254.0,3.1442,83.0
1753769568871,06:12:48.871,kucoinfutures,XRP/USDT:USDT,3.14414,608.0,3.1441,9.0,3.14415,254.0,3.1442,83.0
1753769568920,06:12:48.920,kucoinfutures,XRP/USDT:USDT,3.14414,608.0,3.1441,9.0,3.14415,254.0,3.1442,83.0
1753769569260,06:12:49.260,kucoinfutures,XRP/USDT:USDT,3.14414,608.0,3.1441,9.0,3.14415,249.0,3.1442,83.0
1753769569352,06:12:49.352,kucoinfutures,XRP/USDT:USDT,3.14414,608.0,3.1441,9.0,3.14415,249.0,3.1442,83.0
1753769569491,06:12:49.491,kucoinfutures,XRP/USDT:USDT,3.14414,608.0,3.1441,9.0,3.14415,249.0,3.1442,83.0
1753769569496,06:12:49.496,kucoinfutures,XRP/USDT:USDT,3.14414,608.0,3.1441,9.0,3.14415,249.0,3.1442,83.0
1753769569501,06:12:49.501,kucoinfutures,XRP/USDT:USDT,3.14414,608.0,3.1441,9.0,3.14415,249.0,3.1442,83.0
1753769569505,06:12:49.505,kucoinfutures,XRP/USDT:USDT,3.14414,608.0,3.1441,9.0,3.14415,254.0,3.1442,83.0
1753769569569,06:12:49.569,kucoinfutures,XRP/USDT:USDT,3.14414,608.0,3.1441,9.0,3.14415,254.0,3.1442,83.0
1753769569570,06:12:49.570,kucoinfutures,XRP/USDT:USDT,3.14414,608.0,3.1441,9.0,3.14415,254.0,3.1442,83.0
1753769569886,06:12:49.886,kucoinfutures,XRP/USDT:USDT,3.14414,608.0,3.1441,9.0,3.14415,254.0,3.1442,83.0
1753769569896,06:12:49.896,kucoinfutures,XRP/USDT:USDT,3.14414,861.0,3.1441,9.0,3.14415,254.0,3.1442,83.0
1753769569905,06:12:49.905,kucoinfutures,XRP/USDT:USDT,3.14414,861.0,3.1441,9.0,3.14415,254.0,3.1442,83.0
1753769569980,06:12:49.980,kucoinfutures,XRP/USDT:USDT,3.14414,861.0,3.1441,9.0,3.14415,254.0,3.1442,83.0
1753769570155,06:12:50.155,kucoinfutures,XRP/USDT:USDT,3.14414,861.0,3.1441,9.0,3.14415,254.0,3.1442,83.0
1753769570158,06:12:50.158,kucoinfutures,XRP/USDT:USDT,3.14414,861.0,3.1441,9.0,3.14415,254.0,3.1442,83.0
1753769570160,06:12:50.160,kucoinfutures,XRP/USDT:USDT,3.14414,861.0,3.1441,9.0,3.14415,254.0,3.1442,83.0
1753769570163,06:12:50.163,kucoinfutures,XRP/USDT:USDT,3.14414,861.0,3.1441,9.0,3.14415,254.0,3.1442,83.0
1753769570164,06:12:50.164,kucoinfutures,XRP/USDT:USDT,3.14414,861.0,3.1441,9.0,3.14415,254.0,3.1442,83.0
1753769570165,06:12:50.165,kucoinfutures,XRP/USDT:USDT,3.14414,861.0,3.1441,9.0,3.14415,254.0,3.1442,83.0
1753769570171,06:12:50.171,kucoinfutures,XRP/USDT:USDT,3.14414,861.0,3.1441,9.0,3.14415,254.0,3.1442,83.0
1753769570173,06:12:50.173,kucoinfutures,XRP/USDT:USDT,3.14414,861.0,3.1441,9.0,3.14415,254.0,3.1442,83.0
1753769570186,06:12:50.186,kucoinfutures,XRP/USDT:USDT,3.14414,608.0,3.1441,9.0,3.14415,254.0,3.1442,83.0
1753769570283,06:12:50.283,kucoinfutures,XRP/USDT:USDT,3.14414,608.0,3.1441,9.0,3.14415,254.0,3.1442,83.0
1753769570287,06:12:50.287,kucoinfutures,XRP/USDT:USDT,3.14414,608.0,3.1441,9.0,3.14415,254.0,3.1442,83.0
1753769570305,06:12:50.305,kucoinfutures,XRP/USDT:USDT,3.14414,608.0,3.1441,9.0,3.14415,254.0,3.1442,83.0
1753769570423,06:12:50.423,kucoinfutures,XRP/USDT:USDT,3.14414,608.0,3.1441,9.0,3.14415,254.0,3.1442,83.0
1753769570561,06:12:50.561,kucoinfutures,XRP/USDT:USDT,3.14414,608.0,3.1441,9.0,3.14415,254.0,3.1442,83.0
1753769570751,06:12:50.751,kucoinfutures,XRP/USDT:USDT,3.14414,608.0,3.1441,9.0,3.14415,254.0,3.1442,83.0
1753769570794,06:12:50.794,kucoinfutures,XRP/USDT:USDT,3.14414,608.0,3.1441,9.0,3.14415,254.0,3.1442,83.0
1753769571006,06:12:51.006,kucoinfutures,XRP/USDT:USDT,3.14414,608.0,3.1441,9.0,3.14415,254.0,3.1442,83.0
1753769571006,06:12:51.006,kucoinfutures,XRP/USDT:USDT,3.14414,608.0,3.1441,9.0,3.14415,254.0,3.1442,83.0
1753769571008,06:12:51.008,kucoinfutures,XRP/USDT:USDT,3.14414,608.0,3.1441,9.0,3.14415,254.0,3.1442,83.0
1753769571015,06:12:51.015,kucoinfutures,XRP/USDT:USDT,3.14414,608.0,3.1441,9.0,3.14415,254.0,3.1442,83.0
1753769571019,06:12:51.019,kucoinfutures,XRP/USDT:USDT,3.14414,608.0,3.1441,9.0,3.14415,254.0,3.1442,83.0
1753769571025,06:12:51.025,kucoinfutures,XRP/USDT:USDT,3.14414,608.0,3.1441,9.0,3.14415,254.0,3.1442,83.0
1753769571105,06:12:51.105,kucoinfutures,XRP/USDT:USDT,3.14414,608.0,3.1441,9.0,3.14415,254.0,3.1442,83.0
1753769571344,06:12:51.344,kucoinfutures,XRP/USDT:USDT,3.14414,608.0,3.1441,9.0,3.14415,254.0,3.1442,83.0
1753769571371,06:12:51.371,kucoinfutures,XRP/USDT:USDT,3.14414,608.0,3.1441,9.0,3.14415,254.0,3.1442,83.0
1753769571377,06:12:51.377,kucoinfutures,XRP/USDT:USDT,3.14414,608.0,3.1441,9.0,3.14415,254.0,3.1442,83.0
1753769571772,06:12:51.772,kucoinfutures,XRP/USDT:USDT,3.14414,608.0,3.1441,9.0,3.14415,239.0,3.1442,83.0
1753769571783,06:12:51.783,kucoinfutures,XRP/USDT:USDT,3.14414,608.0,3.1441,9.0,3.14415,239.0,3.1442,83.0
1753769571787,06:12:51.787,kucoinfutures,XRP/USDT:USDT,3.14414,608.0,3.1441,9.0,3.14415,239.0,3.1442,83.0
1753769571789,06:12:51.789,kucoinfutures,XRP/USDT:USDT,3.14414,608.0,3.1441,9.0,3.14415,239.0,3.1442,83.0
1753769571792,06:12:51.792,kucoinfutures,XRP/USDT:USDT,3.14414,608.0,3.1441,9.0,3.14415,239.0,3.1442,83.0
1753769571793,06:12:51.793,kucoinfutures,XRP/USDT:USDT,3.14414,608.0,3.1441,9.0,3.14415,239.0,3.1442,83.0
1753769571794,06:12:51.794,kucoinfutures,XRP/USDT:USDT,3.14414,608.0,3.1441,9.0,3.14415,239.0,3.1442,83.0
1753769572112,06:12:52.112,kucoinfutures,XRP/USDT:USDT,3.14414,608.0,3.1441,9.0,3.14415,239.0,3.1442,83.0
1753769572123,06:12:52.123,kucoinfutures,XRP/USDT:USDT,3.14414,608.0,3.1441,9.0,3.14415,239.0,3.1442,83.0
1753769572487,06:12:52.487,kucoinfutures,XRP/USDT:USDT,3.14414,608.0,3.1441,9.0,3.14415,122.0,3.1442,83.0
1753769572487,06:12:52.487,kucoinfutures,XRP/USDT:USDT,3.14414,608.0,3.1441,9.0,3.14415,55.0,3.1442,83.0
1753769572493,06:12:52.493,kucoinfutures,XRP/USDT:USDT,3.14414,861.0,3.1441,9.0,3.14415,55.0,3.1442,83.0
1753769572503,06:12:52.503,kucoinfutures,XRP/USDT:USDT,3.14414,861.0,3.1441,9.0,3.14415,55.0,3.14424,76.0
1753769572505,06:12:52.505,kucoinfutures,XRP/USDT:USDT,3.14414,861.0,3.1441,9.0,3.14415,55.0,3.14447,114.0
1753769572506,06:12:52.506,kucoinfutures,XRP/USDT:USDT,3.14414,861.0,3.1441,9.0,3.14415,55.0,3.14447,114.0
1753769572506,06:12:52.506,kucoinfutures,XRP/USDT:USDT,3.14414,861.0,3.1441,9.0,3.14447,114.0,3.14459,11.0
1753769572510,06:12:52.510,kucoinfutures,XRP/USDT:USDT,3.14446,2.0,3.14439,1.0,3.14447,114.0,3.14459,11.0
1753769572513,06:12:52.513,kucoinfutures,XRP/USDT:USDT,3.14446,410.0,3.14439,1.0,3.14447,114.0,3.14459,11.0
1753769572518,06:12:52.518,kucoinfutures,XRP/USDT:USDT,3.14446,312.0,3.14439,1.0,3.14447,119.0,3.14459,11.0
1753769572519,06:12:52.519,kucoinfutures,XRP/USDT:USDT,3.14446,312.0,3.14439,1.0,3.14447,119.0,3.14459,11.0
1753769572522,06:12:52.522,kucoinfutures,XRP/USDT:USDT,3.14446,495.0,3.14439,1.0,3.14447,119.0,3.14459,11.0
1753769572522,06:12:52.522,kucoinfutures,XRP/USDT:USDT,3.14446,495.0,3.14439,1.0,3.14447,119.0,3.14459,11.0
1753769572524,06:12:52.524,kucoinfutures,XRP/USDT:USDT,3.14446,495.0,3.14439,1.0,3.14447,119.0,3.14459,11.0
1753769572524,06:12:52.524,kucoinfutures,XRP/USDT:USDT,3.14446,495.0,3.14439,1.0,3.14447,119.0,3.14459,11.0
1753769572525,06:12:52.525,kucoinfutures,XRP/USDT:USDT,3.14446,495.0,3.14439,1.0,3.14447,119.0,3.14459,11.0
1753769572527,06:12:52.527,kucoinfutures,XRP/USDT:USDT,3.14446,495.0,3.14439,1.0,3.14447,119.0,3.14459,11.0
1753769572533,06:12:52.533,kucoinfutures,XRP/USDT:USDT,3.14446,495.0,3.14439,1.0,3.14447,119.0,3.14459,11.0
1753769572533,06:12:52.533,kucoinfutures,XRP/USDT:USDT,3.14446,495.0,3.14439,1.0,3.14447,119.0,3.14459,11.0
1753769572534,06:12:52.534,kucoinfutures,XRP/USDT:USDT,3.14446,495.0,3.14439,1.0,3.14447,119.0,3.14459,11.0
1753769572535,06:12:52.535,kucoinfutures,XRP/USDT:USDT,3.14446,495.0,3.14439,1.0,3.14447,119.0,3.14459,11.0
1753769572536,06:12:52.536,kucoinfutures,XRP/USDT:USDT,3.14446,495.0,3.14439,1.0,3.14447,119.0,3.14459,11.0
1753769572537,06:12:52.537,kucoinfutures,XRP/USDT:USDT,3.14446,495.0,3.14439,1.0,3.14447,119.0,3.14459,11.0
1753769572537,06:12:52.537,kucoinfutures,XRP/USDT:USDT,3.14446,495.0,3.14439,1.0,3.14447,119.0,3.14459,11.0
1753769572538,06:12:52.538,kucoinfutures,XRP/USDT:USDT,3.14446,494.0,3.14439,1.0,3.14447,119.0,3.14459,11.0
1753769572539,06:12:52.539,kucoinfutures,XRP/USDT:USDT,3.14446,494.0,3.14439,1.0,3.14447,119.0,3.14459,158.0
1753769572540,06:12:52.540,kucoinfutures,XRP/USDT:USDT,3.14446,494.0,3.14429,114.0,3.14447,119.0,3.14459,158.0
1753769572543,06:12:52.543,kucoinfutures,XRP/USDT:USDT,3.14446,494.0,3.14429,114.0,3.14447,119.0,3.14458,48.0
1753769572548,06:12:52.548,kucoinfutures,XRP/USDT:USDT,3.14446,494.0,3.14429,114.0,3.14447,119.0,3.14458,48.0
1753769572549,06:12:52.549,kucoinfutures,XRP/USDT:USDT,3.14446,494.0,3.14429,114.0,3.14447,119.0,3.14458,48.0
1753769572565,06:12:52.565,kucoinfutures,XRP/USDT:USDT,3.14446,494.0,3.14429,114.0,3.14447,119.0,3.14458,48.0
1753769572566,06:12:52.566,kucoinfutures,XRP/USDT:USDT,3.14446,494.0,3.14429,114.0,3.14447,119.0,3.14458,48.0
1753769572567,06:12:52.567,kucoinfutures,XRP/USDT:USDT,3.14446,494.0,3.14429,114.0,3.14447,141.0,3.14458,48.0
1753769572568,06:12:52.568,kucoinfutures,XRP/USDT:USDT,3.14446,494.0,3.14429,114.0,3.14447,141.0,3.14458,48.0
1753769572578,06:12:52.578,kucoinfutures,XRP/USDT:USDT,3.14446,494.0,3.14429,114.0,3.14447,141.0,3.14458,48.0
1753769572582,06:12:52.582,kucoinfutures,XRP/USDT:USDT,3.14446,494.0,3.14429,114.0,3.14447,141.0,3.14458,48.0
1753769572586,06:12:52.586,kucoinfutures,XRP/USDT:USDT,3.14446,494.0,3.14429,114.0,3.14447,141.0,3.14458,48.0
1753769572589,06:12:52.589,kucoinfutures,XRP/USDT:USDT,3.14446,494.0,3.14429,114.0,3.14447,141.0,3.14455,614.0
1753769572593,06:12:52.593,kucoinfutures,XRP/USDT:USDT,3.14446,494.0,3.14429,114.0,3.14447,141.0,3.14454,232.0
1753769572601,06:12:52.601,kucoinfutures,XRP/USDT:USDT,3.14446,431.0,3.14429,114.0,3.14447,214.0,3.14454,232.0
1753769572607,06:12:52.607,kucoinfutures,XRP/USDT:USDT,3.14446,431.0,3.1443,299.0,3.14447,269.0,3.14453,76.0
1753769572610,06:12:52.610,kucoinfutures,XRP/USDT:USDT,3.14446,431.0,3.1443,177.0,3.14447,269.0,3.14453,76.0
1753769572612,06:12:52.612,kucoinfutures,XRP/USDT:USDT,3.14446,431.0,3.1443,177.0,3.14447,269.0,3.14453,76.0
1753769572615,06:12:52.615,kucoinfutures,XRP/USDT:USDT,3.14446,431.0,3.1443,177.0,3.14447,269.0,3.14453,76.0
1753769572624,06:12:52.624,kucoinfutures,XRP/USDT:USDT,3.14446,431.0,3.1443,177.0,3.14447,269.0,3.14453,76.0
1753769572626,06:12:52.626,kucoinfutures,XRP/USDT:USDT,3.14446,431.0,3.1443,177.0,3.14447,269.0,3.14453,76.0
1753769572628,06:12:52.628,kucoinfutures,XRP/USDT:USDT,3.14446,431.0,3.1443,177.0,3.14447,269.0,3.14453,76.0
1753769572629,06:12:52.629,kucoinfutures,XRP/USDT:USDT,3.14446,431.0,3.1443,177.0,3.14447,269.0,3.14453,76.0
1753769572637,06:12:52.637,kucoinfutures,XRP/USDT:USDT,3.14446,248.0,3.1443,177.0,3.14447,269.0,3.14453,76.0
1753769572640,06:12:52.640,kucoinfutures,XRP/USDT:USDT,3.14446,248.0,3.1443,177.0,3.14447,269.0,3.14453,76.0
1753769572645,06:12:52.645,kucoinfutures,XRP/USDT:USDT,3.14446,248.0,3.1443,177.0,3.14447,269.0,3.14453,76.0
1753769572647,06:12:52.647,kucoinfutures,XRP/USDT:USDT,3.14446,248.0,3.1443,177.0,3.14447,269.0,3.14453,76.0
1753769572648,06:12:52.648,kucoinfutures,XRP/USDT:USDT,3.14446,248.0,3.1443,177.0,3.14447,269.0,3.14453,76.0
1753769572651,06:12:52.651,kucoinfutures,XRP/USDT:USDT,3.14446,248.0,3.1443,177.0,3.14447,269.0,3.14453,76.0
1753769572658,06:12:52.658,kucoinfutures,XRP/USDT:USDT,3.14446,138.0,3.1443,177.0,3.14447,443.0,3.14453,76.0
1753769572660,06:12:52.660,kucoinfutures,XRP/USDT:USDT,3.14446,138.0,3.1443,177.0,3.14447,443.0,3.14453,76.0
1753769572667,06:12:52.667,kucoinfutures,XRP/USDT:USDT,3.14446,138.0,3.1443,177.0,3.14447,443.0,3.14453,76.0
1753769572670,06:12:52.670,kucoinfutures,XRP/USDT:USDT,3.14446,138.0,3.1443,177.0,3.14447,443.0,3.14453,76.0
1753769572671,06:12:52.671,kucoinfutures,XRP/USDT:USDT,3.14446,138.0,3.1443,177.0,3.14447,443.0,3.14453,76.0
1753769572672,06:12:52.672,kucoinfutures,XRP/USDT:USDT,3.14446,138.0,3.1443,177.0,3.14447,443.0,3.14453,76.0
1753769572675,06:12:52.675,kucoinfutures,XRP/USDT:USDT,3.14446,138.0,3.1443,177.0,3.14447,443.0,3.14453,76.0
1753769572678,06:12:52.678,kucoinfutures,XRP/USDT:USDT,3.14446,72.0,3.1443,177.0,3.14447,443.0,3.14453,76.0
1753769572681,06:12:52.681,kucoinfutures,XRP/USDT:USDT,3.14446,84.0,3.1443,177.0,3.14447,443.0,3.14453,76.0
1753769572682,06:12:52.682,kucoinfutures,XRP/USDT:USDT,3.14446,84.0,3.1443,177.0,3.14447,443.0,3.14453,76.0
1753769572684,06:12:52.684,kucoinfutures,XRP/USDT:USDT,3.14446,84.0,3.1443,177.0,3.14447,443.0,3.14453,76.0
1753769572701,06:12:52.701,kucoinfutures,XRP/USDT:USDT,3.14446,84.0,3.1443,289.0,3.14447,443.0,3.14453,76.0
1753769572710,06:12:52.710,kucoinfutures,XRP/USDT:USDT,3.14446,84.0,3.1443,112.0,3.14447,443.0,3.14453,76.0
1753769572712,06:12:52.712,kucoinfutures,XRP/USDT:USDT,3.14446,84.0,3.1443,112.0,3.14447,443.0,3.14453,76.0
1753769572714,06:12:52.714,kucoinfutures,XRP/USDT:USDT,3.14446,84.0,3.14431,14.0,3.14447,443.0,3.14453,76.0
1753769572719,06:12:52.719,kucoinfutures,XRP/USDT:USDT,3.14446,108.0,3.14431,14.0,3.14447,443.0,3.14453,76.0
1753769572732,06:12:52.732,kucoinfutures,XRP/USDT:USDT,3.14446,245.0,3.14431,14.0,3.14447,380.0,3.14453,76.0
1753769572735,06:12:52.735,kucoinfutures,XRP/USDT:USDT,3.14446,245.0,3.14431,14.0,3.14447,380.0,3.14453,76.0
1753769572784,06:12:52.784,kucoinfutures,XRP/USDT:USDT,3.14446,245.0,3.14431,14.0,3.14447,380.0,3.14453,76.0
1753769572806,06:12:52.806,kucoinfutures,XRP/USDT:USDT,3.14446,245.0,3.14431,14.0,3.14447,380.0,3.14453,76.0
1753769572830,06:12:52.830,kucoinfutures,XRP/USDT:USDT,3.14446,245.0,3.14431,14.0,3.14447,380.0,3.14453,76.0
1753769572832,06:12:52.832,kucoinfutures,XRP/USDT:USDT,3.14446,245.0,3.14431,14.0,3.14447,380.0,3.14453,76.0
1753769572843,06:12:52.843,kucoinfutures,XRP/USDT:USDT,3.14446,245.0,3.14431,14.0,3.14447,380.0,3.14453,76.0
1753769572893,06:12:52.893,kucoinfutures,XRP/USDT:USDT,3.14446,245.0,3.14431,14.0,3.14447,380.0,3.14453,76.0
1753769572900,06:12:52.900,kucoinfutures,XRP/USDT:USDT,3.14446,245.0,3.14431,14.0,3.14447,380.0,3.14453,76.0
1753769572901,06:12:52.901,kucoinfutures,XRP/USDT:USDT,3.14446,182.0,3.14431,14.0,3.14447,443.0,3.14453,76.0
1753769572917,06:12:52.917,kucoinfutures,XRP/USDT:USDT,3.14446,182.0,3.14431,14.0,3.14447,443.0,3.14453,76.0
1753769572953,06:12:52.953,kucoinfutures,XRP/USDT:USDT,3.14446,182.0,3.14431,14.0,3.14447,443.0,3.14453,76.0
1753769573018,06:12:53.018,kucoinfutures,XRP/USDT:USDT,3.14446,182.0,3.14431,14.0,3.14447,443.0,3.14453,76.0
1753769573022,06:12:53.022,kucoinfutures,XRP/USDT:USDT,3.14446,182.0,3.14431,14.0,3.14447,443.0,3.14453,76.0
1753769573029,06:12:53.029,kucoinfutures,XRP/USDT:USDT,3.14446,182.0,3.14431,14.0,3.14447,269.0,3.14453,76.0
1753769573032,06:12:53.032,kucoinfutures,XRP/USDT:USDT,3.14446,245.0,3.14431,14.0,3.14447,269.0,3.14453,76.0
1753769573032,06:12:53.032,kucoinfutures,XRP/USDT:USDT,3.14446,245.0,3.14431,14.0,3.14447,206.0,3.14453,76.0
1753769573033,06:12:53.033,kucoinfutures,XRP/USDT:USDT,3.14446,245.0,3.14431,14.0,3.14447,206.0,3.14453,76.0
1753769573037,06:12:53.037,kucoinfutures,XRP/USDT:USDT,3.14446,245.0,3.14431,14.0,3.14447,206.0,3.14453,76.0
1753769573037,06:12:53.037,kucoinfutures,XRP/USDT:USDT,3.14446,245.0,3.14431,14.0,3.14447,206.0,3.14453,76.0
1753769573047,06:12:53.047,kucoinfutures,XRP/USDT:USDT,3.14446,245.0,3.14431,14.0,3.14447,206.0,3.14453,76.0
1753769573058,06:12:53.058,kucoinfutures,XRP/USDT:USDT,3.14446,245.0,3.14431,14.0,3.14447,206.0,3.14453,76.0
1753769573105,06:12:53.105,kucoinfutures,XRP/USDT:USDT,3.14446,245.0,3.14431,14.0,3.14447,206.0,3.14453,76.0
1753769573110,06:12:53.110,kucoinfutures,XRP/USDT:USDT,3.14446,245.0,3.14431,14.0,3.14447,206.0,3.14453,76.0
1753769573161,06:12:53.161,kucoinfutures,XRP/USDT:USDT,3.14446,245.0,3.14431,14.0,3.14447,206.0,3.14453,76.0
1753769573169,06:12:53.169,kucoinfutures,XRP/USDT:USDT,3.14446,245.0,3.14431,14.0,3.14447,206.0,3.14453,76.0
1753769573231,06:12:53.231,kucoinfutures,XRP/USDT:USDT,3.14446,245.0,3.14431,14.0,3.14447,206.0,3.14453,76.0
1753769573402,06:12:53.402,kucoinfutures,XRP/USDT:USDT,3.14446,245.0,3.14431,14.0,3.14447,206.0,3.14453,76.0
1753769573522,06:12:53.522,kucoinfutures,XRP/USDT:USDT,3.14446,245.0,3.14431,14.0,3.14447,206.0,3.14453,76.0
1753769573525,06:12:53.525,kucoinfutures,XRP/USDT:USDT,3.14446,245.0,3.14431,14.0,3.14447,206.0,3.14453,76.0
1753769573526,06:12:53.526,kucoinfutures,XRP/USDT:USDT,3.14446,245.0,3.14431,14.0,3.14447,206.0,3.14453,76.0
1753769573634,06:12:53.634,kucoinfutures,XRP/USDT:USDT,3.14446,182.0,3.14431,14.0,3.14447,269.0,3.14453,76.0
1753769573641,06:12:53.641,kucoinfutures,XRP/USDT:USDT,3.14446,182.0,3.14431,14.0,3.14447,269.0,3.14453,76.0
1753769573645,06:12:53.645,kucoinfutures,XRP/USDT:USDT,3.14446,182.0,3.14431,14.0,3.14447,269.0,3.14453,76.0
1753769573668,06:12:53.668,kucoinfutures,XRP/USDT:USDT,3.14446,182.0,3.14431,14.0,3.14447,269.0,3.14453,76.0
1753769573690,06:12:53.690,kucoinfutures,XRP/USDT:USDT,3.14446,182.0,3.14431,14.0,3.14447,269.0,3.14453,76.0
1753769573694,06:12:53.694,kucoinfutures,XRP/USDT:USDT,3.14446,182.0,3.14431,14.0,3.14447,269.0,3.14453,76.0
1753769573704,06:12:53.704,kucoinfutures,XRP/USDT:USDT,3.14446,182.0,3.14431,14.0,3.14447,269.0,3.14453,76.0
1753769573705,06:12:53.705,kucoinfutures,XRP/USDT:USDT,3.14446,182.0,3.14431,14.0,3.14447,269.0,3.14453,76.0
1753769573708,06:12:53.708,kucoinfutures,XRP/USDT:USDT,3.14446,182.0,3.14431,14.0,3.14447,269.0,3.14453,76.0
1753769573711,06:12:53.711,kucoinfutures,XRP/USDT:USDT,3.14446,182.0,3.14431,14.0,3.14447,269.0,3.14453,76.0
1753769573886,06:12:53.886,kucoinfutures,XRP/USDT:USDT,3.14446,182.0,3.14431,14.0,3.14447,269.0,3.14453,76.0
1753769573992,06:12:53.992,kucoinfutures,XRP/USDT:USDT,3.14446,182.0,3.14431,14.0,3.14447,269.0,3.14453,76.0
1753769574077,06:12:54.077,kucoinfutures,XRP/USDT:USDT,3.14446,182.0,3.14431,14.0,3.14447,269.0,3.14453,76.0
1753769574151,06:12:54.151,kucoinfutures,XRP/USDT:USDT,3.14446,182.0,3.14431,14.0,3.14447,269.0,3.14453,76.0
1753769574152,06:12:54.152,kucoinfutures,XRP/USDT:USDT,3.14446,182.0,3.14431,14.0,3.14447,269.0,3.14453,76.0
1753769574209,06:12:54.209,kucoinfutures,XRP/USDT:USDT,3.14446,182.0,3.14431,14.0,3.14447,269.0,3.14453,76.0
1753769574217,06:12:54.217,kucoinfutures,XRP/USDT:USDT,3.14446,182.0,3.14431,14.0,3.14447,269.0,3.14453,76.0
1753769574225,06:12:54.225,kucoinfutures,XRP/USDT:USDT,3.14446,182.0,3.14431,14.0,3.14447,269.0,3.14453,76.0
1753769574232,06:12:54.232,kucoinfutures,XRP/USDT:USDT,3.14446,182.0,3.14431,14.0,3.14447,269.0,3.14453,76.0
1753769574292,06:12:54.292,kucoinfutures,XRP/USDT:USDT,3.14446,182.0,3.14431,14.0,3.14447,269.0,3.14453,76.0
1753769574549,06:12:54.549,kucoinfutures,XRP/USDT:USDT,3.14446,245.0,3.14431,14.0,3.14447,206.0,3.14453,76.0
1753769574551,06:12:54.551,kucoinfutures,XRP/USDT:USDT,3.14446,245.0,3.14431,14.0,3.14447,206.0,3.14453,76.0
1753769574637,06:12:54.637,kucoinfutures,XRP/USDT:USDT,3.14446,245.0,3.14431,14.0,3.14447,206.0,3.14453,76.0
1753769574639,06:12:54.639,kucoinfutures,XRP/USDT:USDT,3.14446,245.0,3.14431,14.0,3.14447,206.0,3.14453,76.0
1753769574641,06:12:54.641,kucoinfutures,XRP/USDT:USDT,3.14446,245.0,3.14431,14.0,3.14447,196.0,3.14453,76.0
1753769574642,06:12:54.642,kucoinfutures,XRP/USDT:USDT,3.14446,245.0,3.14431,14.0,3.14447,196.0,3.14453,76.0
1753769574646,06:12:54.646,kucoinfutures,XRP/USDT:USDT,3.14446,245.0,3.14431,14.0,3.14447,196.0,3.14453,76.0
1753769574648,06:12:54.648,kucoinfutures,XRP/USDT:USDT,3.14446,245.0,3.14431,14.0,3.14447,196.0,3.14453,76.0
1753769574652,06:12:54.652,kucoinfutures,XRP/USDT:USDT,3.14446,245.0,3.14431,14.0,3.14447,196.0,3.14453,76.0
1753769574666,06:12:54.666,kucoinfutures,XRP/USDT:USDT,3.14446,245.0,3.14431,14.0,3.14447,196.0,3.14453,76.0
1753769574669,06:12:54.669,kucoinfutures,XRP/USDT:USDT,3.14446,245.0,3.14431,14.0,3.14447,196.0,3.14453,76.0
1753769574675,06:12:54.675,kucoinfutures,XRP/USDT:USDT,3.14446,245.0,3.14431,14.0,3.14447,196.0,3.14453,76.0
1753769574681,06:12:54.681,kucoinfutures,XRP/USDT:USDT,3.14446,245.0,3.14431,14.0,3.14447,196.0,3.14453,76.0
1753769574690,06:12:54.690,kucoinfutures,XRP/USDT:USDT,3.14446,245.0,3.14431,14.0,3.14447,196.0,3.14453,76.0
1753769574722,06:12:54.722,kucoinfutures,XRP/USDT:USDT,3.14446,245.0,3.14431,14.0,3.14447,196.0,3.14453,76.0
1753769574722,06:12:54.722,kucoinfutures,XRP/USDT:USDT,3.14446,245.0,3.14431,14.0,3.14447,196.0,3.14453,76.0
1753769574837,06:12:54.837,kucoinfutures,XRP/USDT:USDT,3.14446,245.0,3.14431,14.0,3.14447,191.0,3.14453,76.0
1753769574847,06:12:54.847,kucoinfutures,XRP/USDT:USDT,3.14446,245.0,3.14431,14.0,3.14447,191.0,3.14453,76.0
1753769574847,06:12:54.847,kucoinfutures,XRP/USDT:USDT,3.14446,245.0,3.14431,14.0,3.14447,191.0,3.14453,76.0
1753769574969,06:12:54.969,kucoinfutures,XRP/USDT:USDT,3.14446,245.0,3.14431,14.0,3.14447,191.0,3.14453,76.0
1753769574969,06:12:54.969,kucoinfutures,XRP/USDT:USDT,3.14446,245.0,3.14431,14.0,3.14447,191.0,3.14453,76.0
1753769575168,06:12:55.168,kucoinfutures,XRP/USDT:USDT,3.14446,245.0,3.14431,14.0,3.14447,191.0,3.14453,76.0
1753769575362,06:12:55.362,kucoinfutures,XRP/USDT:USDT,3.14446,245.0,3.14431,14.0,3.14447,191.0,3.14453,76.0
1753769575362,06:12:55.362,kucoinfutures,XRP/USDT:USDT,3.14446,245.0,3.14431,14.0,3.14447,191.0,3.14453,76.0
1753769575408,06:12:55.408,kucoinfutures,XRP/USDT:USDT,3.14446,182.0,3.14431,14.0,3.14447,254.0,3.14453,76.0
1753769575411,06:12:55.411,kucoinfutures,XRP/USDT:USDT,3.14446,182.0,3.14431,14.0,3.14447,191.0,3.14453,76.0
1753769575412,06:12:55.412,kucoinfutures,XRP/USDT:USDT,3.14446,182.0,3.14431,14.0,3.14447,196.0,3.14453,76.0
1753769575415,06:12:55.415,kucoinfutures,XRP/USDT:USDT,3.14446,182.0,3.14431,14.0,3.14447,206.0,3.14453,76.0
1753769575415,06:12:55.415,kucoinfutures,XRP/USDT:USDT,3.14446,182.0,3.14431,14.0,3.14447,206.0,3.14453,76.0
1753769575417,06:12:55.417,kucoinfutures,XRP/USDT:USDT,3.14446,182.0,3.14431,14.0,3.14447,269.0,3.14453,76.0
1753769575419,06:12:55.419,kucoinfutures,XRP/USDT:USDT,3.14446,245.0,3.14431,14.0,3.14447,206.0,3.14453,76.0
1753769575420,06:12:55.420,kucoinfutures,XRP/USDT:USDT,3.14446,245.0,3.14431,14.0,3.14447,206.0,3.14453,76.0
1753769575420,06:12:55.420,kucoinfutures,XRP/USDT:USDT,3.14446,182.0,3.14431,14.0,3.14447,206.0,3.14453,76.0
1753769575424,06:12:55.424,kucoinfutures,XRP/USDT:USDT,3.14446,182.0,3.14431,14.0,3.14447,206.0,3.14453,76.0
1753769575426,06:12:55.426,kucoinfutures,XRP/USDT:USDT,3.14446,245.0,3.14431,14.0,3.14447,206.0,3.14453,76.0
1753769575428,06:12:55.428,kucoinfutures,XRP/USDT:USDT,3.14446,182.0,3.14431,14.0,3.14447,206.0,3.14453,76.0
1753769575429,06:12:55.429,kucoinfutures,XRP/USDT:USDT,3.14446,182.0,3.14431,14.0,3.14447,201.0,3.14453,76.0
1753769575432,06:12:55.432,kucoinfutures,XRP/USDT:USDT,3.14446,245.0,3.14431,14.0,3.14447,201.0,3.14453,76.0
1753769575435,06:12:55.435,kucoinfutures,XRP/USDT:USDT,3.14446,182.0,3.14431,14.0,3.14447,206.0,3.14453,76.0
1753769575437,06:12:55.437,kucoinfutures,XRP/USDT:USDT,3.14446,182.0,3.14431,14.0,3.14447,269.0,3.14453,76.0
1753769575440,06:12:55.440,kucoinfutures,XRP/USDT:USDT,3.14446,245.0,3.14431,14.0,3.14447,206.0,3.14453,76.0
1753769575441,06:12:55.441,kucoinfutures,XRP/USDT:USDT,3.14446,182.0,3.14431,14.0,3.14447,191.0,3.14453,76.0
1753769575446,06:12:55.446,kucoinfutures,XRP/USDT:USDT,3.14446,245.0,3.14431,14.0,3.14447,191.0,3.14453,76.0
1753769575448,06:12:55.448,kucoinfutures,XRP/USDT:USDT,3.14446,182.0,3.14431,14.0,3.14447,191.0,3.14453,76.0
1753769575452,06:12:55.452,kucoinfutures,XRP/USDT:USDT,3.14446,182.0,3.14431,14.0,3.14447,259.0,3.14453,76.0
1753769575461,06:12:55.461,kucoinfutures,XRP/USDT:USDT,3.14446,245.0,3.14431,14.0,3.14447,191.0,3.14453,76.0
1753769575462,06:12:55.462,kucoinfutures,XRP/USDT:USDT,3.14446,245.0,3.14431,14.0,3.14447,196.0,3.14453,76.0
1753769575464,06:12:55.464,kucoinfutures,XRP/USDT:USDT,3.14446,428.0,3.14431,14.0,3.14447,196.0,3.14453,76.0
1753769575466,06:12:55.466,kucoinfutures,XRP/USDT:USDT,3.14446,365.0,3.14431,14.0,3.14447,259.0,3.14453,76.0
1753769575467,06:12:55.467,kucoinfutures,XRP/USDT:USDT,3.14446,365.0,3.14431,14.0,3.14447,196.0,3.14453,76.0
1753769575469,06:12:55.469,kucoinfutures,XRP/USDT:USDT,3.14446,365.0,3.14431,14.0,3.14447,196.0,3.14453,76.0
1753769575470,06:12:55.470,kucoinfutures,XRP/USDT:USDT,3.14446,428.0,3.14431,14.0,3.14447,196.0,3.14453,76.0
1753769575564,06:12:55.564,kucoinfutures,XRP/USDT:USDT,3.14446,428.0,3.14431,14.0,3.14447,196.0,3.14453,76.0
1753769575568,06:12:55.568,kucoinfutures,XRP/USDT:USDT,3.14446,428.0,3.14431,14.0,3.14447,196.0,3.14453,76.0
1753769575610,06:12:55.610,kucoinfutures,XRP/USDT:USDT,3.14446,428.0,3.14431,14.0,3.14447,196.0,3.14453,76.0
1753769575612,06:12:55.612,kucoinfutures,XRP/USDT:USDT,3.14446,428.0,3.14431,14.0,3.14447,196.0,3.14453,76.0
1753769575612,06:12:55.612,kucoinfutures,XRP/USDT:USDT,3.14446,428.0,3.14431,14.0,3.14447,196.0,3.14453,76.0
1753769575617,06:12:55.617,kucoinfutures,XRP/USDT:USDT,3.14446,428.0,3.14431,14.0,3.14447,196.0,3.14453,76.0
1753769575634,06:12:55.634,kucoinfutures,XRP/USDT:USDT,3.14446,365.0,3.14431,14.0,3.14447,212.0,3.14453,76.0
1753769575637,06:12:55.637,kucoinfutures,XRP/USDT:USDT,3.14446,365.0,3.14431,14.0,3.14447,207.0,3.14453,76.0
1753769575640,06:12:55.640,kucoinfutures,XRP/USDT:USDT,3.14446,428.0,3.14431,14.0,3.14447,191.0,3.14453,76.0
1753769575679,06:12:55.679,kucoinfutures,XRP/USDT:USDT,3.14446,428.0,3.14431,14.0,3.14447,191.0,3.14453,76.0
1753769575683,06:12:55.683,kucoinfutures,XRP/USDT:USDT,3.14446,428.0,3.14431,14.0,3.14447,196.0,3.14453,76.0
1753769575809,06:12:55.809,kucoinfutures,XRP/USDT:USDT,3.14446,365.0,3.14431,14.0,3.14447,225.0,3.14453,76.0
1753769575813,06:12:55.813,kucoinfutures,XRP/USDT:USDT,3.14446,365.0,3.14431,14.0,3.14447,225.0,3.14453,76.0
1753769575830,06:12:55.830,kucoinfutures,XRP/USDT:USDT,3.14446,365.0,3.14431,14.0,3.14447,225.0,3.14453,76.0
1753769575881,06:12:55.881,kucoinfutures,XRP/USDT:USDT,3.14446,365.0,3.14431,14.0,3.14447,225.0,3.14453,76.0
1753769575881,06:12:55.881,kucoinfutures,XRP/USDT:USDT,3.14446,365.0,3.14431,14.0,3.14447,225.0,3.14453,76.0
1753769575910,06:12:55.910,kucoinfutures,XRP/USDT:USDT,3.14446,365.0,3.14431,14.0,3.14447,220.0,3.14453,76.0
1753769575914,06:12:55.914,kucoinfutures,XRP/USDT:USDT,3.14446,428.0,3.14431,14.0,3.14447,191.0,3.14453,76.0
1753769575919,06:12:55.919,kucoinfutures,XRP/USDT:USDT,3.14446,428.0,3.14431,14.0,3.14447,196.0,3.14453,76.0
1753769575923,06:12:55.923,kucoinfutures,XRP/USDT:USDT,3.14446,365.0,3.14431,14.0,3.14447,219.0,3.14453,76.0
1753769575924,06:12:55.924,kucoinfutures,XRP/USDT:USDT,3.14446,365.0,3.14431,14.0,3.14447,219.0,3.14453,76.0
1753769575962,06:12:55.962,kucoinfutures,XRP/USDT:USDT,3.14446,428.0,3.14431,14.0,3.14447,191.0,3.14453,76.0
1753769576012,06:12:56.012,kucoinfutures,XRP/USDT:USDT,3.14446,428.0,3.14431,14.0,3.14447,191.0,3.14453,76.0
1753769576131,06:12:56.131,kucoinfutures,XRP/USDT:USDT,3.14446,428.0,3.14431,14.0,3.14447,191.0,3.14453,76.0
1753769576176,06:12:56.176,kucoinfutures,XRP/USDT:USDT,3.14446,428.0,3.14431,14.0,3.14447,191.0,3.14453,76.0
1753769576180,06:12:56.180,kucoinfutures,XRP/USDT:USDT,3.14446,428.0,3.14431,14.0,3.14447,191.0,3.14453,76.0
1753769576327,06:12:56.327,kucoinfutures,XRP/USDT:USDT,3.14446,428.0,3.14431,14.0,3.14447,196.0,3.14453,76.0
1753769576330,06:12:56.330,kucoinfutures,XRP/USDT:USDT,3.14446,365.0,3.14431,14.0,3.14447,201.0,3.14453,76.0
1753769576356,06:12:56.356,kucoinfutures,XRP/USDT:USDT,3.14446,365.0,3.14431,14.0,3.14447,211.0,3.14453,76.0
1753769576362,06:12:56.362,kucoinfutures,XRP/USDT:USDT,3.14446,365.0,3.14431,14.0,3.14447,211.0,3.14453,76.0
1753769576412,06:12:56.412,kucoinfutures,XRP/USDT:USDT,3.14446,365.0,3.14431,14.0,3.14447,211.0,3.14453,76.0
1753769576480,06:12:56.480,kucoinfutures,XRP/USDT:USDT,3.14446,428.0,3.14431,14.0,3.14447,206.0,3.14453,76.0
1753769576575,06:12:56.575,kucoinfutures,XRP/USDT:USDT,3.14446,365.0,3.14431,14.0,3.14447,250.0,3.14453,76.0
1753769576578,06:12:56.578,kucoinfutures,XRP/USDT:USDT,3.14446,365.0,3.14431,14.0,3.14447,206.0,3.14453,76.0
1753769576581,06:12:56.581,kucoinfutures,XRP/USDT:USDT,3.14446,428.0,3.14431,14.0,3.14447,206.0,3.14453,76.0
1753769576592,06:12:56.592,kucoinfutures,XRP/USDT:USDT,3.14446,428.0,3.14431,14.0,3.14447,206.0,3.14453,76.0
1753769576594,06:12:56.594,kucoinfutures,XRP/USDT:USDT,3.14446,428.0,3.14431,14.0,3.14447,206.0,3.14453,76.0
1753769576618,06:12:56.618,kucoinfutures,XRP/USDT:USDT,3.14446,428.0,3.14431,14.0,3.14447,256.0,3.14453,76.0
1753769576620,06:12:56.620,kucoinfutures,XRP/USDT:USDT,3.14446,365.0,3.14431,14.0,3.14447,206.0,3.14453,76.0
1753769576624,06:12:56.624,kucoinfutures,XRP/USDT:USDT,3.14446,365.0,3.14431,14.0,3.14447,269.0,3.14453,76.0
1753769576629,06:12:56.629,kucoinfutures,XRP/USDT:USDT,3.14446,428.0,3.14431,14.0,3.14447,206.0,3.14453,76.0
1753769576638,06:12:56.638,kucoinfutures,XRP/USDT:USDT,3.14446,428.0,3.14431,14.0,3.14447,264.0,3.14453,76.0
1753769576640,06:12:56.640,kucoinfutures,XRP/USDT:USDT,3.14446,365.0,3.14431,14.0,3.14447,206.0,3.14453,76.0
1753769576648,06:12:56.648,kucoinfutures,XRP/USDT:USDT,3.14446,428.0,3.14431,14.0,3.14447,206.0,3.14453,76.0
1753769576653,06:12:56.653,kucoinfutures,XRP/USDT:USDT,3.14446,428.0,3.14431,14.0,3.14447,206.0,3.14453,76.0
1753769576709,06:12:56.709,kucoinfutures,XRP/USDT:USDT,3.14446,428.0,3.14431,14.0,3.14447,206.0,3.14453,76.0
1753769576712,06:12:56.712,kucoinfutures,XRP/USDT:USDT,3.14446,428.0,3.14431,14.0,3.14447,206.0,3.14453,76.0
1753769576741,06:12:56.741,kucoinfutures,XRP/USDT:USDT,3.14446,428.0,3.14431,14.0,3.14447,206.0,3.14453,76.0
1753769576785,06:12:56.785,kucoinfutures,XRP/USDT:USDT,3.14446,353.0,3.14431,14.0,3.14447,206.0,3.14453,76.0
1753769576797,06:12:56.797,kucoinfutures,XRP/USDT:USDT,3.14446,416.0,3.14431,14.0,3.14447,206.0,3.14453,76.0
1753769576806,06:12:56.806,kucoinfutures,XRP/USDT:USDT,3.14446,233.0,3.14424,14.0,3.14447,206.0,3.14453,76.0
1753769576809,06:12:56.809,kucoinfutures,XRP/USDT:USDT,3.14446,170.0,3.14424,14.0,3.14447,269.0,3.14453,76.0
1753769576814,06:12:56.814,kucoinfutures,XRP/USDT:USDT,3.14446,170.0,3.1443,122.0,3.14447,269.0,3.14453,76.0
1753769576861,06:12:56.861,kucoinfutures,XRP/USDT:USDT,3.14446,170.0,3.1443,122.0,3.14447,269.0,3.14453,76.0
1753769576863,06:12:56.863,kucoinfutures,XRP/USDT:USDT,3.14446,170.0,3.1443,122.0,3.14447,269.0,3.14453,76.0
1753769576876,06:12:56.876,kucoinfutures,XRP/USDT:USDT,3.14446,146.0,3.1443,122.0,3.14447,269.0,3.14453,76.0
1753769576906,06:12:56.906,kucoinfutures,XRP/USDT:USDT,3.14446,146.0,3.14431,14.0,3.14447,269.0,3.14453,76.0
1753769576913,06:12:56.913,kucoinfutures,XRP/USDT:USDT,3.14446,146.0,3.14431,14.0,3.14447,269.0,3.14453,76.0
1753769576918,06:12:56.918,kucoinfutures,XRP/USDT:USDT,3.14446,146.0,3.14431,14.0,3.14447,269.0,3.14453,76.0
1753769577007,06:12:57.007,kucoinfutures,XRP/USDT:USDT,3.14446,146.0,3.14431,14.0,3.14447,269.0,3.14453,76.0
1753769577030,06:12:57.030,kucoinfutures,XRP/USDT:USDT,3.14446,146.0,3.14431,14.0,3.14447,269.0,3.14453,76.0
1753769577082,06:12:57.082,kucoinfutures,XRP/USDT:USDT,3.14446,146.0,3.14431,14.0,3.14447,269.0,3.14453,76.0
1753769577084,06:12:57.084,kucoinfutures,XRP/USDT:USDT,3.14446,146.0,3.14431,14.0,3.14447,269.0,3.14453,76.0
1753769577088,06:12:57.088,kucoinfutures,XRP/USDT:USDT,3.14446,146.0,3.14431,14.0,3.14447,269.0,3.14453,76.0
1753769577103,06:12:57.103,kucoinfutures,XRP/USDT:USDT,3.14446,158.0,3.14431,14.0,3.14447,269.0,3.14453,76.0
1753769577145,06:12:57.145,kucoinfutures,XRP/USDT:USDT,3.14446,158.0,3.14431,14.0,3.14447,269.0,3.14453,76.0
1753769577180,06:12:57.180,kucoinfutures,XRP/USDT:USDT,3.14446,245.0,3.14431,14.0,3.14447,206.0,3.14453,76.0
1753769577266,06:12:57.266,kucoinfutures,XRP/USDT:USDT,3.14446,182.0,3.14431,14.0,3.14447,269.0,3.14453,76.0
1753769577518,06:12:57.518,kucoinfutures,XRP/USDT:USDT,3.14446,182.0,3.14431,14.0,3.14447,269.0,3.14453,76.0
1753769577522,06:12:57.522,kucoinfutures,XRP/USDT:USDT,3.14446,182.0,3.14431,14.0,3.14447,269.0,3.14453,76.0
1753769577713,06:12:57.713,kucoinfutures,XRP/USDT:USDT,3.14446,245.0,3.14431,14.0,3.14447,206.0,3.14453,76.0
1753769577717,06:12:57.717,kucoinfutures,XRP/USDT:USDT,3.14446,245.0,3.14431,14.0,3.14447,206.0,3.14453,76.0
1753769577718,06:12:57.718,kucoinfutures,XRP/USDT:USDT,3.14446,245.0,3.14431,14.0,3.14447,206.0,3.14453,76.0
1753769577721,06:12:57.721,kucoinfutures,XRP/USDT:USDT,3.14446,245.0,3.14431,14.0,3.14447,206.0,3.14453,76.0
1753769577723,06:12:57.723,kucoinfutures,XRP/USDT:USDT,3.14446,245.0,3.14431,14.0,3.14447,206.0,3.14453,76.0
1753769577830,06:12:57.830,kucoinfutures,XRP/USDT:USDT,3.14446,245.0,3.14431,14.0,3.14447,206.0,3.14453,76.0
1753769577955,06:12:57.955,kucoinfutures,XRP/USDT:USDT,3.14446,245.0,3.14431,14.0,3.14447,206.0,3.14453,76.0
1753769577962,06:12:57.962,kucoinfutures,XRP/USDT:USDT,3.14446,245.0,3.14431,14.0,3.14447,206.0,3.14453,76.0
1753769577966,06:12:57.966,kucoinfutures,XRP/USDT:USDT,3.14446,245.0,3.14431,14.0,3.14447,206.0,3.14453,76.0
1753769577970,06:12:57.970,kucoinfutures,XRP/USDT:USDT,3.14446,245.0,3.14431,14.0,3.14447,206.0,3.14453,76.0
1753769578083,06:12:58.083,kucoinfutures,XRP/USDT:USDT,3.14446,245.0,3.14431,14.0,3.14447,206.0,3.14453,76.0
1753769578083,06:12:58.083,kucoinfutures,XRP/USDT:USDT,3.14446,245.0,3.14431,14.0,3.14447,206.0,3.14453,76.0
1753769578095,06:12:58.095,kucoinfutures,XRP/USDT:USDT,3.14446,182.0,3.14431,14.0,3.14447,269.0,3.14453,76.0
1753769578190,06:12:58.190,kucoinfutures,XRP/USDT:USDT,3.14446,182.0,3.14431,14.0,3.14447,269.0,3.14453,76.0
1753769578226,06:12:58.226,kucoinfutures,XRP/USDT:USDT,3.14446,182.0,3.14431,14.0,3.14447,269.0,3.14453,76.0
1753769578229,06:12:58.229,kucoinfutures,XRP/USDT:USDT,3.14446,182.0,3.14431,14.0,3.14447,269.0,3.14453,76.0
1753769578301,06:12:58.301,kucoinfutures,XRP/USDT:USDT,3.14446,182.0,3.14431,14.0,3.14447,269.0,3.14453,76.0
1753769578342,06:12:58.342,kucoinfutures,XRP/USDT:USDT,3.14446,182.0,3.14431,14.0,3.14447,269.0,3.14453,76.0
1753769578361,06:12:58.361,kucoinfutures,XRP/USDT:USDT,3.14446,182.0,3.14431,14.0,3.14447,269.0,3.14453,76.0
1753769578364,06:12:58.364,kucoinfutures,XRP/USDT:USDT,3.14446,182.0,3.14431,14.0,3.14447,269.0,3.14453,76.0
1753769578385,06:12:58.385,kucoinfutures,XRP/USDT:USDT,3.14446,182.0,3.14431,14.0,3.14447,269.0,3.14453,76.0
1753769578406,06:12:58.406,kucoinfutures,XRP/USDT:USDT,3.14446,182.0,3.14431,14.0,3.14447,269.0,3.14453,76.0
1753769578412,06:12:58.412,kucoinfutures,XRP/USDT:USDT,3.14446,182.0,3.14431,14.0,3.14447,269.0,3.14453,76.0
1753769578424,06:12:58.424,kucoinfutures,XRP/USDT:USDT,3.14446,182.0,3.14431,14.0,3.14447,269.0,3.14453,76.0
1753769578474,06:12:58.474,kucoinfutures,XRP/USDT:USDT,3.14446,428.0,3.14431,14.0,3.14447,206.0,3.14453,76.0
1753769578516,06:12:58.516,kucoinfutures,XRP/USDT:USDT,3.14446,428.0,3.14431,14.0,3.14447,206.0,3.14453,76.0
1753769578581,06:12:58.581,kucoinfutures,XRP/USDT:USDT,3.14446,428.0,3.14431,14.0,3.14447,206.0,3.14453,76.0
1753769578606,06:12:58.606,kucoinfutures,XRP/USDT:USDT,3.14446,428.0,3.14431,14.0,3.14447,206.0,3.14453,76.0
1753769578608,06:12:58.608,kucoinfutures,XRP/USDT:USDT,3.14446,428.0,3.14431,14.0,3.14447,206.0,3.14453,76.0
1753769578690,06:12:58.690,kucoinfutures,XRP/USDT:USDT,3.14446,428.0,3.14431,14.0,3.14447,206.0,3.14453,76.0
1753769578691,06:12:58.691,kucoinfutures,XRP/USDT:USDT,3.14446,428.0,3.14431,14.0,3.14447,206.0,3.14453,76.0
1753769578809,06:12:58.809,kucoinfutures,XRP/USDT:USDT,3.14446,428.0,3.14431,14.0,3.14447,206.0,3.14453,76.0
1753769578812,06:12:58.812,kucoinfutures,XRP/USDT:USDT,3.14446,428.0,3.14431,14.0,3.14447,206.0,3.14453,76.0
1753769578852,06:12:58.852,kucoinfutures,XRP/USDT:USDT,3.14446,428.0,3.14431,14.0,3.14447,206.0,3.14453,76.0
1753769578855,06:12:58.855,kucoinfutures,XRP/USDT:USDT,3.14446,428.0,3.14431,14.0,3.14447,206.0,3.14453,76.0
1753769578925,06:12:58.925,kucoinfutures,XRP/USDT:USDT,3.14446,428.0,3.14431,14.0,3.14447,206.0,3.14453,76.0
1753769578926,06:12:58.926,kucoinfutures,XRP/USDT:USDT,3.14446,428.0,3.14431,14.0,3.14447,206.0,3.14453,76.0
1753769579010,06:12:59.010,kucoinfutures,XRP/USDT:USDT,3.14446,428.0,3.14431,14.0,3.14447,206.0,3.14453,76.0
1753769579119,06:12:59.119,kucoinfutures,XRP/USDT:USDT,3.14446,365.0,3.14431,14.0,3.14447,269.0,3.14453,76.0
1753769579145,06:12:59.145,kucoinfutures,XRP/USDT:USDT,3.14446,428.0,3.14431,14.0,3.14447,206.0,3.14453,76.0
1753769579181,06:12:59.181,kucoinfutures,XRP/USDT:USDT,3.14446,428.0,3.14431,14.0,3.14447,191.0,3.14453,76.0
1753769579184,06:12:59.184,kucoinfutures,XRP/USDT:USDT,3.14446,428.0,3.14431,14.0,3.14447,191.0,3.14453,76.0
1753769579185,06:12:59.185,kucoinfutures,XRP/USDT:USDT,3.14446,428.0,3.14431,14.0,3.14447,191.0,3.14453,76.0
1753769579188,06:12:59.188,kucoinfutures,XRP/USDT:USDT,3.14446,428.0,3.14431,14.0,3.14447,191.0,3.14453,76.0
1753769579205,06:12:59.205,kucoinfutures,XRP/USDT:USDT,3.14446,428.0,3.14431,14.0,3.14447,191.0,3.14453,76.0
1753769579213,06:12:59.213,kucoinfutures,XRP/USDT:USDT,3.14446,428.0,3.14431,14.0,3.14447,191.0,3.14453,76.0
1753769579237,06:12:59.237,kucoinfutures,XRP/USDT:USDT,3.14446,428.0,3.14431,14.0,3.14447,191.0,3.14453,76.0
1753769579269,06:12:59.269,kucoinfutures,XRP/USDT:USDT,3.14446,428.0,3.14431,14.0,3.14447,191.0,3.14453,76.0
1753769579311,06:12:59.311,kucoinfutures,XRP/USDT:USDT,3.14446,428.0,3.14431,14.0,3.14447,191.0,3.14453,76.0
1753769579428,06:12:59.428,kucoinfutures,XRP/USDT:USDT,3.14446,428.0,3.14431,14.0,3.14447,77.0,3.14453,76.0
1753769579437,06:12:59.437,kucoinfutures,XRP/USDT:USDT,3.14446,680.0,3.14431,14.0,3.14447,77.0,3.14453,76.0
1753769579441,06:12:59.441,kucoinfutures,XRP/USDT:USDT,3.14446,680.0,3.14431,14.0,3.14447,77.0,3.14453,76.0
1753769579631,06:12:59.631,kucoinfutures,XRP/USDT:USDT,3.14446,680.0,3.14431,14.0,3.14447,55.0,3.14453,76.0
1753769579650,06:12:59.650,kucoinfutures,XRP/USDT:USDT,3.14446,680.0,3.14431,14.0,3.14447,55.0,3.14453,76.0
1753769579651,06:12:59.651,kucoinfutures,XRP/USDT:USDT,3.14446,680.0,3.14431,14.0,3.14447,55.0,3.14453,76.0
1753769579654,06:12:59.654,kucoinfutures,XRP/USDT:USDT,3.14446,680.0,3.14431,14.0,3.14447,55.0,3.14453,76.0
1753769579654,06:12:59.654,kucoinfutures,XRP/USDT:USDT,3.14446,680.0,3.14431,14.0,3.14447,55.0,3.14453,76.0
1753769579655,06:12:59.655,kucoinfutures,XRP/USDT:USDT,3.14446,680.0,3.14431,14.0,3.14447,55.0,3.14453,76.0
1753769579661,06:12:59.661,kucoinfutures,XRP/USDT:USDT,3.14446,680.0,3.14431,14.0,3.14447,55.0,3.14453,76.0
1753769579668,06:12:59.668,kucoinfutures,XRP/USDT:USDT,3.14446,680.0,3.14431,14.0,3.14447,55.0,3.14453,76.0
1753769579673,06:12:59.673,kucoinfutures,XRP/USDT:USDT,3.14446,680.0,3.14431,14.0,3.14447,55.0,3.14453,76.0
1753769579680,06:12:59.680,kucoinfutures,XRP/USDT:USDT,3.14446,680.0,3.14431,14.0,3.14447,55.0,3.14453,76.0
1753769579699,06:12:59.699,kucoinfutures,XRP/USDT:USDT,3.14446,680.0,3.14431,14.0,3.14447,55.0,3.14453,76.0
1753769579701,06:12:59.701,kucoinfutures,XRP/USDT:USDT,3.14446,680.0,3.14431,14.0,3.14447,55.0,3.14453,76.0
1753769579710,06:12:59.710,kucoinfutures,XRP/USDT:USDT,3.14446,680.0,3.14431,14.0,3.14447,55.0,3.14453,76.0
1753769579711,06:12:59.711,kucoinfutures,XRP/USDT:USDT,3.14446,680.0,3.14431,14.0,3.14447,55.0,3.14453,76.0
1753769579712,06:12:59.712,kucoinfutures,XRP/USDT:USDT,3.14446,680.0,3.14431,14.0,3.14447,55.0,3.14453,76.0
1753769579713,06:12:59.713,kucoinfutures,XRP/USDT:USDT,3.14446,680.0,3.14431,14.0,3.14447,55.0,3.14453,76.0
1753769579714,06:12:59.714,kucoinfutures,XRP/USDT:USDT,3.14446,680.0,3.14431,14.0,3.14447,55.0,3.14453,76.0
1753769579716,06:12:59.716,kucoinfutures,XRP/USDT:USDT,3.14446,680.0,3.14431,14.0,3.14447,55.0,3.14453,76.0
1753769579717,06:12:59.717,kucoinfutures,XRP/USDT:USDT,3.14446,680.0,3.14431,14.0,3.14447,55.0,3.14453,76.0
1753769579720,06:12:59.720,kucoinfutures,XRP/USDT:USDT,3.14446,680.0,3.14431,14.0,3.14447,55.0,3.14453,76.0
1753769579722,06:12:59.722,kucoinfutures,XRP/USDT:USDT,3.14446,680.0,3.14431,14.0,3.14447,55.0,3.14453,76.0
1753769579722,06:12:59.722,kucoinfutures,XRP/USDT:USDT,3.14446,680.0,3.14431,14.0,3.14447,55.0,3.14453,76.0
1753769579726,06:12:59.726,kucoinfutures,XRP/USDT:USDT,3.14446,680.0,3.14431,14.0,3.14447,55.0,3.14453,76.0
1753769579728,06:12:59.728,kucoinfutures,XRP/USDT:USDT,3.14446,680.0,3.14431,14.0,3.14447,55.0,3.14453,76.0
1753769579729,06:12:59.729,kucoinfutures,XRP/USDT:USDT,3.14446,680.0,3.14431,14.0,3.14447,55.0,3.14453,76.0
1753769579751,06:12:59.751,kucoinfutures,XRP/USDT:USDT,3.14446,680.0,3.14431,14.0,3.14447,55.0,3.14453,76.0
1753769579752,06:12:59.752,kucoinfutures,XRP/USDT:USDT,3.14446,680.0,3.14431,14.0,3.14447,55.0,3.14453,76.0
1753769579754,06:12:59.754,kucoinfutures,XRP/USDT:USDT,3.14446,680.0,3.14431,14.0,3.14447,55.0,3.14453,76.0
1753769579755,06:12:59.755,kucoinfutures,XRP/USDT:USDT,3.14446,680.0,3.14431,14.0,3.14447,55.0,3.14453,76.0
1753769579755,06:12:59.755,kucoinfutures,XRP/USDT:USDT,3.14446,680.0,3.14431,14.0,3.14447,55.0,3.14453,76.0
1753769579778,06:12:59.778,kucoinfutures,XRP/USDT:USDT,3.14446,680.0,3.14431,14.0,3.14447,55.0,3.14453,76.0
1753769579784,06:12:59.784,kucoinfutures,XRP/USDT:USDT,3.14446,680.0,3.14431,14.0,3.14447,55.0,3.14453,76.0
1753769579786,06:12:59.786,kucoinfutures,XRP/USDT:USDT,3.14446,680.0,3.14431,14.0,3.14447,55.0,3.14453,76.0
1753769579787,06:12:59.787,kucoinfutures,XRP/USDT:USDT,3.14446,680.0,3.14431,14.0,3.14447,55.0,3.14453,76.0
1753769579789,06:12:59.789,kucoinfutures,XRP/USDT:USDT,3.14446,680.0,3.14431,14.0,3.14447,55.0,3.14453,76.0
1753769579796,06:12:59.796,kucoinfutures,XRP/USDT:USDT,3.14446,680.0,3.14431,14.0,3.14447,55.0,3.14453,76.0
1753769579801,06:12:59.801,kucoinfutures,XRP/USDT:USDT,3.14446,680.0,3.14431,14.0,3.14447,55.0,3.14453,76.0
1753769579806,06:12:59.806,kucoinfutures,XRP/USDT:USDT,3.14446,680.0,3.14431,14.0,3.14447,55.0,3.14453,76.0
1753769579806,06:12:59.806,kucoinfutures,XRP/USDT:USDT,3.14446,680.0,3.14431,14.0,3.14447,55.0,3.14454,76.0
1753769579809,06:12:59.809,kucoinfutures,XRP/USDT:USDT,3.14446,680.0,3.14431,14.0,3.14447,55.0,3.14454,76.0
1753769579810,06:12:59.810,kucoinfutures,XRP/USDT:USDT,3.14446,680.0,3.14431,14.0,3.14447,55.0,3.14454,76.0
1753769579811,06:12:59.811,kucoinfutures,XRP/USDT:USDT,3.14446,680.0,3.14431,14.0,3.14447,55.0,3.14454,76.0
1753769579814,06:12:59.814,kucoinfutures,XRP/USDT:USDT,3.14446,680.0,3.14431,14.0,3.14447,55.0,3.14454,76.0
1753769579815,06:12:59.815,kucoinfutures,XRP/USDT:USDT,3.14446,680.0,3.14431,14.0,3.14447,55.0,3.14454,76.0
1753769579816,06:12:59.816,kucoinfutures,XRP/USDT:USDT,3.14446,680.0,3.14431,14.0,3.14447,55.0,3.14454,76.0
1753769579818,06:12:59.818,kucoinfutures,XRP/USDT:USDT,3.14446,680.0,3.14431,14.0,3.14447,55.0,3.14454,76.0
1753769579821,06:12:59.821,kucoinfutures,XRP/USDT:USDT,3.14446,680.0,3.14431,14.0,3.14447,55.0,3.14454,76.0
1753769579823,06:12:59.823,kucoinfutures,XRP/USDT:USDT,3.14446,680.0,3.14431,14.0,3.14447,55.0,3.14454,76.0
1753769579847,06:12:59.847,kucoinfutures,XRP/USDT:USDT,3.14446,680.0,3.14431,14.0,3.14447,55.0,3.14454,76.0
1753769579854,06:12:59.854,kucoinfutures,XRP/USDT:USDT,3.14446,680.0,3.14431,14.0,3.14447,55.0,3.14454,76.0
1753769579855,06:12:59.855,kucoinfutures,XRP/USDT:USDT,3.14446,680.0,3.14431,14.0,3.14447,55.0,3.14454,76.0
1753769579878,06:12:59.878,kucoinfutures,XRP/USDT:USDT,3.14446,680.0,3.14431,14.0,3.14447,55.0,3.14454,76.0
1753769579882,06:12:59.882,kucoinfutures,XRP/USDT:USDT,3.14446,680.0,3.14431,14.0,3.14447,55.0,3.14454,260.0
1753769579884,06:12:59.884,kucoinfutures,XRP/USDT:USDT,3.14446,680.0,3.14431,14.0,3.14447,55.0,3.14454,260.0
1753769579891,06:12:59.891,kucoinfutures,XRP/USDT:USDT,3.14446,680.0,3.14431,14.0,3.14447,55.0,3.14454,260.0
1753769579906,06:12:59.906,kucoinfutures,XRP/USDT:USDT,3.14446,680.0,3.14431,14.0,3.14447,55.0,3.14454,260.0
1753769579910,06:12:59.910,kucoinfutures,XRP/USDT:USDT,3.14446,680.0,3.14431,14.0,3.14447,55.0,3.14454,260.0
1753769579914,06:12:59.914,kucoinfutures,XRP/USDT:USDT,3.14446,680.0,3.14431,14.0,3.14447,55.0,3.14454,260.0
1753769579918,06:12:59.918,kucoinfutures,XRP/USDT:USDT,3.14446,680.0,3.14431,14.0,3.14447,55.0,3.14454,260.0
1753769579927,06:12:59.927,kucoinfutures,XRP/USDT:USDT,3.14446,680.0,3.14431,14.0,3.14447,55.0,3.14454,260.0
1753769579945,06:12:59.945,kucoinfutures,XRP/USDT:USDT,3.14446,680.0,3.14431,14.0,3.14447,55.0,3.14454,260.0
1753769579957,06:12:59.957,kucoinfutures,XRP/USDT:USDT,3.14446,680.0,3.14431,14.0,3.14447,55.0,3.14454,260.0
1753769579973,06:12:59.973,kucoinfutures,XRP/USDT:USDT,3.14446,680.0,3.14431,14.0,3.14447,55.0,3.14454,260.0
1753769580008,06:13:00.008,kucoinfutures,XRP/USDT:USDT,3.14446,680.0,3.14431,14.0,3.14447,55.0,3.14454,260.0
1753769580008,06:13:00.008,kucoinfutures,XRP/USDT:USDT,3.14446,680.0,3.14431,14.0,3.14447,55.0,3.14454,260.0
1753769580010,06:13:00.010,kucoinfutures,XRP/USDT:USDT,3.14446,680.0,3.14431,14.0,3.14447,55.0,3.14454,260.0
1753769580013,06:13:00.013,kucoinfutures,XRP/USDT:USDT,3.14446,680.0,3.14431,14.0,3.14447,55.0,3.14454,260.0
1753769580017,06:13:00.017,kucoinfutures,XRP/USDT:USDT,3.14446,680.0,3.14431,14.0,3.14447,55.0,3.14454,260.0
1753769580022,06:13:00.022,kucoinfutures,XRP/USDT:USDT,3.14446,680.0,3.14431,14.0,3.14447,55.0,3.14454,260.0
1753769580151,06:13:00.151,kucoinfutures,XRP/USDT:USDT,3.14446,680.0,3.14431,14.0,3.14447,55.0,3.14454,260.0
1753769580162,06:13:00.162,kucoinfutures,XRP/USDT:USDT,3.14446,680.0,3.14431,14.0,3.14447,55.0,3.14454,260.0
1753769580210,06:13:00.210,kucoinfutures,XRP/USDT:USDT,3.14446,680.0,3.14431,14.0,3.14447,55.0,3.14454,260.0
1753769580217,06:13:00.217,kucoinfutures,XRP/USDT:USDT,3.14446,680.0,3.14431,14.0,3.14447,55.0,3.14454,260.0
1753769580224,06:13:00.224,kucoinfutures,XRP/USDT:USDT,3.14446,680.0,3.14431,14.0,3.14447,55.0,3.14454,260.0
1753769580226,06:13:00.226,kucoinfutures,XRP/USDT:USDT,3.14446,680.0,3.14431,14.0,3.14447,55.0,3.14454,260.0
1753769580231,06:13:00.231,kucoinfutures,XRP/USDT:USDT,3.14446,680.0,3.14431,14.0,3.14447,55.0,3.14454,260.0
1753769580358,06:13:00.358,kucoinfutures,XRP/USDT:USDT,3.14446,680.0,3.14431,14.0,3.14447,55.0,3.14454,260.0
1753769580370,06:13:00.370,kucoinfutures,XRP/USDT:USDT,3.14446,680.0,3.14431,14.0,3.14447,55.0,3.14454,260.0
1753769580374,06:13:00.374,kucoinfutures,XRP/USDT:USDT,3.14446,680.0,3.14431,14.0,3.14447,55.0,3.14454,260.0
1753769580485,06:13:00.485,kucoinfutures,XRP/USDT:USDT,3.14446,680.0,3.14431,14.0,3.14447,55.0,3.14454,260.0
1753769580516,06:13:00.516,kucoinfutures,XRP/USDT:USDT,3.14446,680.0,3.14431,14.0,3.14447,55.0,3.14454,260.0
1753769580518,06:13:00.518,kucoinfutures,XRP/USDT:USDT,3.14446,680.0,3.14431,14.0,3.14447,55.0,3.14454,260.0
1753769580548,06:13:00.548,kucoinfutures,XRP/USDT:USDT,3.14446,680.0,3.14431,14.0,3.14447,55.0,3.14454,260.0
1753769580583,06:13:00.583,kucoinfutures,XRP/USDT:USDT,3.14446,680.0,3.14431,14.0,3.14447,55.0,3.14454,260.0
1753769580607,06:13:00.607,kucoinfutures,XRP/USDT:USDT,3.14446,680.0,3.14431,14.0,3.14447,55.0,3.14454,260.0
1753769580651,06:13:00.651,kucoinfutures,XRP/USDT:USDT,3.14446,680.0,3.14431,14.0,3.14447,55.0,3.14454,260.0
1753769580652,06:13:00.652,kucoinfutures,XRP/USDT:USDT,3.14446,680.0,3.14431,14.0,3.14447,55.0,3.14454,260.0
1753769580872,06:13:00.872,kucoinfutures,XRP/USDT:USDT,3.14446,680.0,3.14436,79.0,3.14447,55.0,3.14454,76.0
1753769580906,06:13:00.906,kucoinfutures,XRP/USDT:USDT,3.14446,680.0,3.14436,79.0,3.14447,55.0,3.14454,76.0
1753769580926,06:13:00.926,kucoinfutures,XRP/USDT:USDT,3.14446,680.0,3.14436,79.0,3.14447,55.0,3.14454,260.0
1753769581034,06:13:01.034,kucoinfutures,XRP/USDT:USDT,3.14446,680.0,3.14436,79.0,3.14447,55.0,3.14454,76.0
1753769581038,06:13:01.038,kucoinfutures,XRP/USDT:USDT,3.14446,680.0,3.14444,32.0,3.14447,55.0,3.14454,76.0
1753769581073,06:13:01.073,kucoinfutures,XRP/USDT:USDT,3.14446,680.0,3.14444,32.0,3.14447,55.0,3.14454,76.0
1753769581077,06:13:01.077,kucoinfutures,XRP/USDT:USDT,3.14446,680.0,3.14444,32.0,3.14447,55.0,3.14454,76.0
1753769581084,06:13:01.084,kucoinfutures,XRP/USDT:USDT,3.14446,680.0,3.14444,32.0,3.14447,55.0,3.14454,76.0
1753769581106,06:13:01.106,kucoinfutures,XRP/USDT:USDT,3.14446,680.0,3.14444,32.0,3.14447,55.0,3.1447,7.0
1753769581106,06:13:01.106,kucoinfutures,XRP/USDT:USDT,3.14446,680.0,3.14444,32.0,3.14447,55.0,3.1447,7.0
1753769581132,06:13:01.132,kucoinfutures,XRP/USDT:USDT,3.14446,680.0,3.14444,32.0,3.14447,55.0,3.1447,7.0
1753769581146,06:13:01.146,kucoinfutures,XRP/USDT:USDT,3.14446,680.0,3.14444,32.0,3.14447,55.0,3.1447,7.0
1753769581168,06:13:01.168,kucoinfutures,XRP/USDT:USDT,3.14446,680.0,3.14444,32.0,3.14447,55.0,3.1447,7.0
1753769581170,06:13:01.170,kucoinfutures,XRP/USDT:USDT,3.14446,680.0,3.14444,32.0,3.14447,55.0,3.1447,7.0
1753769581183,06:13:01.183,kucoinfutures,XRP/USDT:USDT,3.14446,680.0,3.14444,32.0,3.14447,55.0,3.1447,7.0
1753769581187,06:13:01.187,kucoinfutures,XRP/USDT:USDT,3.14446,680.0,3.14444,32.0,3.14447,55.0,3.1447,7.0
1753769581192,06:13:01.192,kucoinfutures,XRP/USDT:USDT,3.14446,680.0,3.14444,32.0,3.14447,55.0,3.14463,1.0
1753769581193,06:13:01.193,kucoinfutures,XRP/USDT:USDT,3.14446,680.0,3.14444,32.0,3.14447,55.0,3.14463,1.0
1753769581198,06:13:01.198,kucoinfutures,XRP/USDT:USDT,3.14446,680.0,3.14444,32.0,3.14447,55.0,3.14463,1.0
1753769581204,06:13:01.204,kucoinfutures,XRP/USDT:USDT,3.14446,680.0,3.14444,32.0,3.14447,55.0,3.14463,1.0
1753769581238,06:13:01.238,kucoinfutures,XRP/USDT:USDT,3.14446,680.0,3.14444,32.0,3.14447,55.0,3.14463,1.0
1753769581242,06:13:01.242,kucoinfutures,XRP/USDT:USDT,3.14446,680.0,3.14444,32.0,3.14447,55.0,3.14463,1.0
1753769581306,06:13:01.306,kucoinfutures,XRP/USDT:USDT,3.14446,680.0,3.14444,32.0,3.14447,55.0,3.14463,1.0
1753769581311,06:13:01.311,kucoinfutures,XRP/USDT:USDT,3.14446,680.0,3.14444,32.0,3.14447,55.0,3.14463,1.0
1753769581370,06:13:01.370,kucoinfutures,XRP/USDT:USDT,3.14446,680.0,3.14444,32.0,3.14447,92.0,3.14462,34.0
1753769581407,06:13:01.407,kucoinfutures,XRP/USDT:USDT,3.14446,680.0,3.14444,32.0,3.14447,92.0,3.14461,7.0
1753769581414,06:13:01.414,kucoinfutures,XRP/USDT:USDT,3.14446,680.0,3.14436,79.0,3.14447,77.0,3.14461,7.0
1753769581416,06:13:01.416,kucoinfutures,XRP/USDT:USDT,3.14446,680.0,3.14436,79.0,3.14447,77.0,3.14461,7.0
1753769581421,06:13:01.421,kucoinfutures,XRP/USDT:USDT,3.14446,680.0,3.14436,79.0,3.14447,82.0,3.14461,7.0
1753769581421,06:13:01.421,kucoinfutures,XRP/USDT:USDT,3.14446,680.0,3.14436,79.0,3.14447,82.0,3.14461,7.0
1753769581521,06:13:01.521,kucoinfutures,XRP/USDT:USDT,3.14446,680.0,3.14436,79.0,3.14447,82.0,3.14461,7.0
1753769581523,06:13:01.523,kucoinfutures,XRP/USDT:USDT,3.14446,680.0,3.14436,79.0,3.14447,82.0,3.14461,7.0
1753769581526,06:13:01.526,kucoinfutures,XRP/USDT:USDT,3.14446,680.0,3.14436,79.0,3.14447,77.0,3.14461,7.0
1753769581565,06:13:01.565,kucoinfutures,XRP/USDT:USDT,3.14446,680.0,3.14436,79.0,3.14447,55.0,3.14461,7.0
1753769581569,06:13:01.569,kucoinfutures,XRP/USDT:USDT,3.14446,680.0,3.14436,79.0,3.14447,55.0,3.14461,7.0
1753769581573,06:13:01.573,kucoinfutures,XRP/USDT:USDT,3.14446,680.0,3.14436,79.0,3.14447,55.0,3.14461,7.0
1753769581580,06:13:01.580,kucoinfutures,XRP/USDT:USDT,3.14446,680.0,3.14436,79.0,3.14447,55.0,3.14461,7.0
1753769581583,06:13:01.583,kucoinfutures,XRP/USDT:USDT,3.14446,680.0,3.14436,79.0,3.14447,55.0,3.14461,7.0
1753769581627,06:13:01.627,kucoinfutures,XRP/USDT:USDT,3.14446,680.0,3.14436,79.0,3.14447,55.0,3.14463,28.0
1753769581649,06:13:01.649,kucoinfutures,XRP/USDT:USDT,3.14446,680.0,3.14436,79.0,3.14447,55.0,3.14463,28.0
1753769581654,06:13:01.654,kucoinfutures,XRP/USDT:USDT,3.14446,680.0,3.14436,79.0,3.14447,55.0,3.14463,28.0
1753769581707,06:13:01.707,kucoinfutures,XRP/USDT:USDT,3.14446,680.0,3.14436,79.0,3.14447,55.0,3.14463,28.0
1753769581761,06:13:01.761,kucoinfutures,XRP/USDT:USDT,3.14446,680.0,3.14436,79.0,3.14447,55.0,3.14463,28.0
1753769581804,06:13:01.804,kucoinfutures,XRP/USDT:USDT,3.14446,680.0,3.14436,79.0,3.14447,55.0,3.14463,28.0
1753769581806,06:13:01.806,kucoinfutures,XRP/USDT:USDT,3.14446,680.0,3.14436,79.0,3.14447,55.0,3.14463,28.0
1753769581806,06:13:01.806,kucoinfutures,XRP/USDT:USDT,3.14446,680.0,3.14436,79.0,3.14447,55.0,3.14463,28.0
1753769581872,06:13:01.872,kucoinfutures,XRP/USDT:USDT,3.14446,680.0,3.14436,79.0,3.14447,55.0,3.14463,28.0
1753769582104,06:13:02.104,kucoinfutures,XRP/USDT:USDT,3.14446,680.0,3.14436,79.0,3.14447,55.0,3.14449,4.0
1753769582109,06:13:02.109,kucoinfutures,XRP/USDT:USDT,3.14446,680.0,3.14436,79.0,3.14447,55.0,3.14449,4.0
1753769582112,06:13:02.112,kucoinfutures,XRP/USDT:USDT,3.14446,680.0,3.14436,79.0,3.14447,55.0,3.14449,4.0
1753769582115,06:13:02.115,kucoinfutures,XRP/USDT:USDT,3.14446,680.0,3.14436,79.0,3.14447,55.0,3.14449,4.0
1753769582147,06:13:02.147,kucoinfutures,XRP/USDT:USDT,3.14446,680.0,3.14436,79.0,3.14447,55.0,3.14449,4.0
1753769582249,06:13:02.249,kucoinfutures,XRP/USDT:USDT,3.14446,680.0,3.14436,79.0,3.14447,55.0,3.14449,4.0
1753769582253,06:13:02.253,kucoinfutures,XRP/USDT:USDT,3.14446,680.0,3.14436,79.0,3.14447,55.0,3.14449,4.0
1753769582276,06:13:02.276,kucoinfutures,XRP/USDT:USDT,3.14446,680.0,3.14436,79.0,3.14447,55.0,3.14449,4.0
1753769582279,06:13:02.279,kucoinfutures,XRP/USDT:USDT,3.14446,680.0,3.14436,79.0,3.14447,55.0,3.14449,4.0
1753769582303,06:13:02.303,kucoinfutures,XRP/USDT:USDT,3.14446,680.0,3.14436,79.0,3.14447,55.0,3.14449,4.0
1753769582352,06:13:02.352,kucoinfutures,XRP/USDT:USDT,3.14446,680.0,3.14436,79.0,3.14447,55.0,3.14449,4.0
1753769582411,06:13:02.411,kucoinfutures,XRP/USDT:USDT,3.14446,680.0,3.14436,79.0,3.14447,55.0,3.14449,4.0
1753769582417,06:13:02.417,kucoinfutures,XRP/USDT:USDT,3.14446,680.0,3.14436,79.0,3.14447,55.0,3.14449,4.0
1753769582542,06:13:02.542,kucoinfutures,XRP/USDT:USDT,3.14446,680.0,3.14436,79.0,3.14447,55.0,3.14449,4.0
1753769582548,06:13:02.548,kucoinfutures,XRP/USDT:USDT,3.14446,680.0,3.14436,79.0,3.14447,55.0,3.14449,4.0
1753769582551,06:13:02.551,kucoinfutures,XRP/USDT:USDT,3.14446,680.0,3.14436,79.0,3.14447,55.0,3.14449,4.0
1753769582567,06:13:02.567,kucoinfutures,XRP/USDT:USDT,3.14446,680.0,3.14436,79.0,3.14447,60.0,3.14449,4.0
1753769582572,06:13:02.572,kucoinfutures,XRP/USDT:USDT,3.14446,680.0,3.14436,79.0,3.14447,55.0,3.14449,4.0
1753769582640,06:13:02.640,kucoinfutures,XRP/USDT:USDT,3.14446,680.0,3.14436,79.0,3.14447,55.0,3.14449,4.0
1753769582699,06:13:02.699,kucoinfutures,XRP/USDT:USDT,3.14446,680.0,3.14436,79.0,3.14447,55.0,3.14449,4.0
1753769582864,06:13:02.864,kucoinfutures,XRP/USDT:USDT,3.14446,680.0,3.14436,79.0,3.14447,55.0,3.14449,4.0
1753769582868,06:13:02.868,kucoinfutures,XRP/USDT:USDT,3.14446,680.0,3.14436,79.0,3.14447,55.0,3.14449,4.0
1753769583401,06:13:03.401,kucoinfutures,XRP/USDT:USDT,3.14446,680.0,3.14436,79.0,3.14447,60.0,3.14449,4.0
1753769583402,06:13:03.402,kucoinfutures,XRP/USDT:USDT,3.14446,680.0,3.14436,79.0,3.14447,60.0,3.14449,4.0
1753769583459,06:13:03.459,kucoinfutures,XRP/USDT:USDT,3.14446,680.0,3.14436,79.0,3.14447,60.0,3.14449,4.0
1753769583460,06:13:03.460,kucoinfutures,XRP/USDT:USDT,3.14446,680.0,3.14436,79.0,3.14447,60.0,3.14449,4.0
1753769583462,06:13:03.462,kucoinfutures,XRP/USDT:USDT,3.14446,680.0,3.14436,79.0,3.14447,60.0,3.14449,4.0
1753769583472,06:13:03.472,kucoinfutures,XRP/USDT:USDT,3.14446,680.0,3.14436,79.0,3.14447,60.0,3.14449,4.0
1753769583710,06:13:03.710,kucoinfutures,XRP/USDT:USDT,3.14446,680.0,3.14436,79.0,3.14447,60.0,3.14449,4.0
1753769583837,06:13:03.837,kucoinfutures,XRP/USDT:USDT,3.14446,651.0,3.14436,79.0,3.14447,183.0,3.14449,4.0
1753769583841,06:13:03.841,kucoinfutures,XRP/USDT:USDT,3.14446,301.0,3.14436,79.0,3.14447,221.0,3.14449,4.0
1753769583843,06:13:03.843,kucoinfutures,XRP/USDT:USDT,3.14446,238.0,3.14436,79.0,3.14447,221.0,3.14449,4.0
1753769583845,06:13:03.845,kucoinfutures,XRP/USDT:USDT,3.14446,238.0,3.14436,79.0,3.14447,221.0,3.14449,4.0
1753769583848,06:13:03.848,kucoinfutures,XRP/USDT:USDT,3.14446,55.0,3.14416,163.0,3.14447,221.0,3.14449,4.0
1753769583852,06:13:03.852,kucoinfutures,XRP/USDT:USDT,3.14446,72.0,3.14416,163.0,3.14447,401.0,3.14449,4.0
1753769583857,06:13:03.857,kucoinfutures,XRP/USDT:USDT,3.14446,72.0,3.14416,163.0,3.14447,401.0,3.14449,4.0
1753769583858,06:13:03.858,kucoinfutures,XRP/USDT:USDT,3.14446,72.0,3.14416,163.0,3.14447,401.0,3.14449,4.0
1753769583862,06:13:03.862,kucoinfutures,XRP/USDT:USDT,3.14446,72.0,3.14416,163.0,3.14447,401.0,3.14449,4.0
1753769583863,06:13:03.863,kucoinfutures,XRP/USDT:USDT,3.14446,72.0,3.14416,163.0,3.14447,401.0,3.14449,4.0
1753769583867,06:13:03.867,kucoinfutures,XRP/USDT:USDT,3.14446,72.0,3.14416,163.0,3.14447,401.0,3.14449,4.0
1753769583869,06:13:03.869,kucoinfutures,XRP/USDT:USDT,3.14446,72.0,3.14416,163.0,3.14447,401.0,3.14449,4.0
