timestamp,time,exchange,symbol,bid1_price,bid1_volume,bid2_price,bid2_volume,ask1_price,ask1_volume,ask2_price,ask2_volume
1753769526396,06:12:06.396,bybit,LTC/USDT:USDT,109.74,29.9,109.73,28.0,109.75,8.2,109.76,39.6
1753769526497,06:12:06.497,bybit,LTC/USDT:USDT,109.74,34.2,109.73,43.6,109.75,8.2,109.76,20.2
1753769526597,06:12:06.597,bybit,LTC/USDT:USDT,109.74,29.9,109.73,43.6,109.75,8.2,109.76,26.6
1753769526797,06:12:06.797,bybit,LTC/USDT:USDT,109.74,23.5,109.73,43.6,109.75,8.2,109.76,26.6
1753769526897,06:12:06.897,bybit,LTC/USDT:USDT,109.74,23.5,109.73,43.6,109.75,8.2,109.76,31.1
1753769526997,06:12:06.997,bybit,LTC/USDT:USDT,109.74,23.5,109.73,35.9,109.75,8.2,109.76,31.1
1753769527097,06:12:07.097,bybit,LTC/USDT:USDT,109.74,23.5,109.73,35.9,109.75,8.2,109.76,31.1
1753769527198,06:12:07.198,bybit,LTC/USDT:USDT,109.74,23.5,109.73,35.9,109.75,8.2,109.76,31.1
1753769527297,06:12:07.297,bybit,LTC/USDT:USDT,109.74,23.5,109.73,35.9,109.75,8.2,109.76,31.1
1753769527397,06:12:07.397,bybit,LTC/USDT:USDT,109.74,23.5,109.73,35.9,109.75,8.2,109.76,41.1
1753769527497,06:12:07.497,bybit,LTC/USDT:USDT,109.74,23.5,109.73,35.9,109.75,8.2,109.76,41.1
1753769527597,06:12:07.597,bybit,LTC/USDT:USDT,109.74,23.5,109.73,35.9,109.75,8.2,109.76,45.4
1753769527797,06:12:07.797,bybit,LTC/USDT:USDT,109.74,23.5,109.73,35.9,109.75,8.2,109.76,31.1
1753769527897,06:12:07.897,bybit,LTC/USDT:USDT,109.74,23.5,109.73,49.9,109.75,12.7,109.76,26.6
1753769528100,06:12:08.100,bybit,LTC/USDT:USDT,109.74,23.5,109.73,49.9,109.75,12.7,109.76,35.3
1753769528197,06:12:08.197,bybit,LTC/USDT:USDT,109.74,23.5,109.73,49.9,109.75,12.7,109.76,31.0
1753769528297,06:12:08.297,bybit,LTC/USDT:USDT,109.74,23.5,109.73,49.9,109.75,12.7,109.76,31.0
1753769528397,06:12:08.397,bybit,LTC/USDT:USDT,109.74,23.5,109.73,49.9,109.75,12.7,109.76,45.3
1753769528497,06:12:08.497,bybit,LTC/USDT:USDT,109.74,13.5,109.73,49.9,109.75,12.7,109.76,45.3
1753769528598,06:12:08.598,bybit,LTC/USDT:USDT,109.74,13.5,109.73,49.9,109.75,12.7,109.76,45.3
1753769528696,06:12:08.696,bybit,LTC/USDT:USDT,109.74,0.1,109.73,35.0,109.75,12.7,109.76,45.3
1753769528798,06:12:08.798,bybit,LTC/USDT:USDT,109.74,0.1,109.73,28.6,109.75,23.4,109.76,46.2
1753769528897,06:12:08.897,bybit,LTC/USDT:USDT,109.74,0.1,109.73,10.7,109.75,28.6,109.76,56.5
1753769528997,06:12:08.997,bybit,LTC/USDT:USDT,109.74,0.1,109.73,0.4,109.75,28.6,109.76,56.5
1753769529098,06:12:09.098,bybit,LTC/USDT:USDT,109.74,0.1,109.73,0.4,109.75,24.3,109.76,70.5
1753769529197,06:12:09.197,bybit,LTC/USDT:USDT,109.74,0.1,109.73,0.4,109.75,24.3,109.76,70.5
1753769529297,06:12:09.297,bybit,LTC/USDT:USDT,109.74,0.1,109.73,0.4,109.75,24.3,109.76,70.5
1753769530297,06:12:10.297,bybit,LTC/USDT:USDT,109.74,0.1,109.73,0.4,109.75,30.0,109.76,61.9
1753769530397,06:12:10.397,bybit,LTC/USDT:USDT,109.74,0.1,109.73,0.4,109.75,30.0,109.76,70.5
1753769530497,06:12:10.497,bybit,LTC/USDT:USDT,109.74,0.1,109.73,0.4,109.75,30.0,109.76,61.9
1753769530597,06:12:10.597,bybit,LTC/USDT:USDT,109.74,0.1,109.73,0.4,109.75,30.0,109.76,70.5
1753769530697,06:12:10.697,bybit,LTC/USDT:USDT,109.74,15.8,109.73,25.9,109.75,13.6,109.76,14.8
1753769531596,06:12:11.596,bybit,LTC/USDT:USDT,109.74,25.8,109.73,40.2,109.75,12.7,109.76,36.7
1753769531697,06:12:11.697,bybit,LTC/USDT:USDT,109.74,30.1,109.73,40.2,109.75,12.7,109.76,26.7
1753769531797,06:12:11.797,bybit,LTC/USDT:USDT,109.74,30.1,109.73,40.2,109.75,12.7,109.76,26.7
1753769531997,06:12:11.997,bybit,LTC/USDT:USDT,109.74,25.8,109.73,54.2,109.75,12.7,109.76,26.7
1753769532197,06:12:12.197,bybit,LTC/USDT:USDT,109.74,25.8,109.73,54.2,109.75,12.7,109.76,26.7
1753769532297,06:12:12.297,bybit,LTC/USDT:USDT,109.74,15.8,109.73,49.9,109.75,12.7,109.76,36.7
1753769532397,06:12:12.397,bybit,LTC/USDT:USDT,109.74,0.1,109.73,31.6,109.75,12.7,109.76,45.3
1753769532498,06:12:12.498,bybit,LTC/USDT:USDT,109.74,0.1,109.73,31.6,109.75,17.0,109.76,46.2
1753769532597,06:12:12.597,bybit,LTC/USDT:USDT,109.74,0.1,109.73,31.6,109.75,19.1,109.76,46.2
1753769532797,06:12:12.797,bybit,LTC/USDT:USDT,109.74,0.1,109.73,41.4,109.75,19.1,109.76,54.6
1753769533397,06:12:13.397,bybit,LTC/USDT:USDT,109.74,3.0,109.73,41.4,109.75,19.1,109.76,54.6
1753769533797,06:12:13.797,bybit,LTC/USDT:USDT,109.74,7.3,109.73,45.7,109.75,12.7,109.76,60.0
1753769533900,06:12:13.900,bybit,LTC/USDT:USDT,109.74,7.3,109.73,50.0,109.75,12.7,109.76,60.0
1753769533997,06:12:13.997,bybit,LTC/USDT:USDT,109.74,11.6,109.73,50.0,109.75,12.7,109.76,60.0
1753769534100,06:12:14.100,bybit,LTC/USDT:USDT,109.74,11.6,109.73,50.0,109.75,12.7,109.76,60.0
1753769534197,06:12:14.197,bybit,LTC/USDT:USDT,109.74,7.3,109.73,50.0,109.75,12.7,109.76,60.0
1753769534297,06:12:14.297,bybit,LTC/USDT:USDT,109.74,23.6,109.73,50.0,109.75,12.7,109.76,46.0
1753769534397,06:12:14.397,bybit,LTC/USDT:USDT,109.74,19.3,109.73,50.0,109.75,12.7,109.76,46.0
1753769534497,06:12:14.497,bybit,LTC/USDT:USDT,109.74,19.3,109.73,50.0,109.75,12.7,109.76,46.0
1753769534598,06:12:14.598,bybit,LTC/USDT:USDT,109.74,19.3,109.73,50.0,109.75,12.7,109.76,46.0
1753769535197,06:12:15.197,bybit,LTC/USDT:USDT,109.74,19.3,109.73,50.0,109.75,12.7,109.76,46.0
1753769535396,06:12:15.396,bybit,LTC/USDT:USDT,109.74,23.6,109.73,50.0,109.75,12.7,109.76,36.0
1753769535497,06:12:15.497,bybit,LTC/USDT:USDT,109.74,23.6,109.73,64.0,109.75,12.7,109.76,36.0
1753769535697,06:12:15.697,bybit,LTC/USDT:USDT,109.74,23.6,109.73,64.0,109.75,12.7,109.76,36.0
1753769535997,06:12:15.997,bybit,LTC/USDT:USDT,109.74,23.6,109.73,64.0,109.75,12.7,109.76,36.0
1753769536197,06:12:16.197,bybit,LTC/USDT:USDT,109.74,23.6,109.73,64.0,109.75,12.7,109.76,36.0
1753769536296,06:12:16.296,bybit,LTC/USDT:USDT,109.74,23.6,109.73,64.0,109.75,12.7,109.76,36.0
1753769536397,06:12:16.397,bybit,LTC/USDT:USDT,109.74,23.6,109.73,64.0,109.75,12.7,109.76,36.0
1753769536497,06:12:16.497,bybit,LTC/USDT:USDT,109.74,23.6,109.73,64.0,109.75,12.7,109.76,27.6
1753769536597,06:12:16.597,bybit,LTC/USDT:USDT,109.74,23.6,109.73,64.0,109.75,12.7,109.76,27.6
1753769536797,06:12:16.797,bybit,LTC/USDT:USDT,109.74,19.3,109.73,64.9,109.75,12.7,109.76,26.7
1753769536897,06:12:16.897,bybit,LTC/USDT:USDT,109.74,23.6,109.73,64.9,109.75,12.7,109.76,26.7
1753769537797,06:12:17.797,bybit,LTC/USDT:USDT,109.76,62.6,109.75,71.7,109.77,13.9,109.78,27.7
1753769537998,06:12:17.998,bybit,LTC/USDT:USDT,109.76,2.9,109.75,62.5,109.77,23.1,109.78,45.0
1753769538100,06:12:18.100,bybit,LTC/USDT:USDT,109.76,4.3,109.75,23.7,109.77,42.7,109.78,55.3
1753769538197,06:12:18.197,bybit,LTC/USDT:USDT,109.76,4.5,109.75,23.9,109.77,23.1,109.78,52.8
1753769538297,06:12:18.297,bybit,LTC/USDT:USDT,109.76,4.5,109.75,23.9,109.77,23.1,109.78,48.6
1753769538397,06:12:18.397,bybit,LTC/USDT:USDT,109.76,4.3,109.75,35.6,109.77,23.1,109.78,48.6
1753769538497,06:12:18.497,bybit,LTC/USDT:USDT,109.76,4.3,109.75,42.0,109.77,23.1,109.78,48.6
1753769538697,06:12:18.697,bybit,LTC/USDT:USDT,109.76,7.2,109.75,30.3,109.77,24.0,109.78,73.3
1753769538798,06:12:18.798,bybit,LTC/USDT:USDT,109.75,23.7,109.74,52.4,109.76,2.7,109.77,63.6
1753769539297,06:12:19.297,bybit,LTC/USDT:USDT,109.76,10.9,109.75,49.1,109.77,29.3,109.78,77.8
1753769539497,06:12:19.497,bybit,LTC/USDT:USDT,109.76,28.5,109.75,49.1,109.77,6.5,109.78,77.8
1753769539597,06:12:19.597,bybit,LTC/USDT:USDT,109.76,28.5,109.75,49.1,109.77,6.5,109.78,86.7
1753769539797,06:12:19.797,bybit,LTC/USDT:USDT,109.76,28.5,109.75,48.5,109.77,7.4,109.78,53.0
1753769540497,06:12:20.497,bybit,LTC/USDT:USDT,109.76,29.1,109.75,56.4,109.77,6.5,109.78,29.0
1753769540597,06:12:20.597,bybit,LTC/USDT:USDT,109.76,29.1,109.75,48.0,109.77,6.5,109.78,29.0
1753769540997,06:12:20.997,bybit,LTC/USDT:USDT,109.77,91.5,109.76,68.1,109.78,0.5,109.79,40.6
1753769541097,06:12:21.097,bybit,LTC/USDT:USDT,109.77,91.5,109.76,68.1,109.78,0.5,109.79,40.6
1753769541198,06:12:21.198,bybit,LTC/USDT:USDT,109.77,91.5,109.76,56.0,109.78,0.5,109.79,40.6
1753769541297,06:12:21.297,bybit,LTC/USDT:USDT,109.77,91.5,109.76,60.2,109.78,0.4,109.79,40.6
1753769541397,06:12:21.397,bybit,LTC/USDT:USDT,109.77,91.5,109.76,60.2,109.78,0.4,109.79,40.6
1753769541496,06:12:21.496,bybit,LTC/USDT:USDT,109.77,91.5,109.76,60.2,109.78,0.4,109.79,40.6
1753769541597,06:12:21.597,bybit,LTC/USDT:USDT,109.77,91.5,109.76,60.2,109.78,0.4,109.79,40.6
1753769541797,06:12:21.797,bybit,LTC/USDT:USDT,109.77,98.9,109.76,64.7,109.78,0.2,109.79,30.6
1753769541897,06:12:21.897,bybit,LTC/USDT:USDT,109.77,98.9,109.76,64.7,109.78,0.2,109.79,30.6
1753769541997,06:12:21.997,bybit,LTC/USDT:USDT,109.77,98.9,109.76,64.7,109.78,0.2,109.79,30.6
1753769542597,06:12:22.597,bybit,LTC/USDT:USDT,109.77,14.4,109.76,39.1,109.78,16.9,109.79,47.0
1753769542697,06:12:22.697,bybit,LTC/USDT:USDT,109.77,14.4,109.76,39.1,109.78,8.6,109.79,47.0
1753769542797,06:12:22.797,bybit,LTC/USDT:USDT,109.77,14.4,109.76,39.1,109.78,11.5,109.79,47.0
1753769542897,06:12:22.897,bybit,LTC/USDT:USDT,109.77,14.4,109.76,39.1,109.78,8.6,109.79,47.0
1753769542997,06:12:22.997,bybit,LTC/USDT:USDT,109.77,14.4,109.76,39.1,109.78,8.6,109.79,47.0
1753769543098,06:12:23.098,bybit,LTC/USDT:USDT,109.77,35.7,109.76,43.3,109.78,0.2,109.79,47.0
1753769543197,06:12:23.197,bybit,LTC/USDT:USDT,109.77,45.7,109.76,43.3,109.78,0.2,109.79,37.0
1753769543397,06:12:23.397,bybit,LTC/USDT:USDT,109.77,45.7,109.76,53.1,109.78,3.1,109.79,46.8
1753769544297,06:12:24.297,bybit,LTC/USDT:USDT,109.77,49.9,109.76,57.3,109.78,0.2,109.79,46.8
1753769544497,06:12:24.497,bybit,LTC/USDT:USDT,109.77,45.7,109.76,57.3,109.78,0.2,109.79,46.8
1753769544697,06:12:24.697,bybit,LTC/USDT:USDT,109.77,45.7,109.76,57.3,109.78,0.2,109.79,46.8
1753769544797,06:12:24.797,bybit,LTC/USDT:USDT,109.77,45.7,109.76,53.1,109.78,0.2,109.79,46.8
1753769544897,06:12:24.897,bybit,LTC/USDT:USDT,109.77,49.9,109.76,57.3,109.78,0.2,109.79,46.8
1753769544997,06:12:24.997,bybit,LTC/USDT:USDT,109.77,49.9,109.76,57.3,109.78,0.2,109.79,46.8
1753769545098,06:12:25.098,bybit,LTC/USDT:USDT,109.77,54.1,109.76,57.3,109.78,0.2,109.79,46.8
1753769545397,06:12:25.397,bybit,LTC/USDT:USDT,109.77,54.1,109.76,57.3,109.78,0.2,109.79,30.9
1753769545597,06:12:25.597,bybit,LTC/USDT:USDT,109.77,46.7,109.76,57.3,109.78,0.2,109.79,30.9
1753769545696,06:12:25.696,bybit,LTC/USDT:USDT,109.77,46.7,109.76,57.3,109.78,0.2,109.79,30.9
1753769545797,06:12:25.797,bybit,LTC/USDT:USDT,109.77,46.7,109.76,53.1,109.78,0.2,109.79,30.9
1753769546997,06:12:26.997,bybit,LTC/USDT:USDT,109.77,9.2,109.76,34.9,109.78,16.6,109.79,55.5
1753769547196,06:12:27.196,bybit,LTC/USDT:USDT,109.77,9.2,109.76,34.9,109.78,16.6,109.79,51.3
1753769547397,06:12:27.397,bybit,LTC/USDT:USDT,109.77,9.2,109.76,34.9,109.78,16.6,109.79,51.3
1753769547497,06:12:27.497,bybit,LTC/USDT:USDT,109.77,9.2,109.76,34.9,109.78,16.6,109.79,51.3
1753769547597,06:12:27.597,bybit,LTC/USDT:USDT,109.77,9.2,109.76,34.9,109.78,16.6,109.79,55.5
1753769547797,06:12:27.797,bybit,LTC/USDT:USDT,109.77,9.2,109.76,34.9,109.78,16.6,109.79,55.5
1753769548496,06:12:28.496,bybit,LTC/USDT:USDT,109.77,9.2,109.76,34.9,109.78,16.6,109.79,65.5
1753769548597,06:12:28.597,bybit,LTC/USDT:USDT,109.77,9.2,109.76,34.9,109.78,16.6,109.79,65.5
1753769548896,06:12:28.896,bybit,LTC/USDT:USDT,109.77,1.0,109.76,34.9,109.78,16.6,109.79,69.7
1753769548997,06:12:28.997,bybit,LTC/USDT:USDT,109.77,1.0,109.76,34.9,109.78,16.6,109.79,65.5
1753769549098,06:12:29.098,bybit,LTC/USDT:USDT,109.77,1.0,109.76,34.9,109.78,16.6,109.79,65.5
1753769551597,06:12:31.597,bybit,LTC/USDT:USDT,109.78,93.3,109.77,67.6,109.79,7.2,109.8,55.8
1753769552297,06:12:32.297,bybit,LTC/USDT:USDT,109.78,97.5,109.77,67.7,109.79,1.4,109.8,26.3
1753769553296,06:12:33.296,bybit,LTC/USDT:USDT,109.79,4.9,109.78,102.5,109.8,17.4,109.81,136.7
1753769553996,06:12:33.996,bybit,LTC/USDT:USDT,109.79,93.4,109.78,73.4,109.8,15.5,109.81,33.0
1753769554097,06:12:34.097,bybit,LTC/USDT:USDT,109.79,93.4,109.78,73.4,109.8,15.4,109.81,38.5
1753769554197,06:12:34.197,bybit,LTC/USDT:USDT,109.79,90.2,109.78,69.3,109.8,14.1,109.81,44.9
1753769554297,06:12:34.297,bybit,LTC/USDT:USDT,109.79,90.2,109.78,69.3,109.8,14.1,109.81,44.9
1753769554397,06:12:34.397,bybit,LTC/USDT:USDT,109.79,59.9,109.78,69.3,109.8,14.1,109.81,44.9
1753769554597,06:12:34.597,bybit,LTC/USDT:USDT,109.79,59.9,109.78,69.3,109.8,14.1,109.81,49.0
1753769555097,06:12:35.097,bybit,LTC/USDT:USDT,109.79,4.9,109.78,69.3,109.8,5.4,109.81,53.1
1753769555297,06:12:35.297,bybit,LTC/USDT:USDT,109.79,9.2,109.78,78.1,109.8,5.3,109.81,44.9
1753769555397,06:12:35.397,bybit,LTC/USDT:USDT,109.79,9.2,109.78,78.1,109.8,5.3,109.81,44.9
1753769555497,06:12:35.497,bybit,LTC/USDT:USDT,109.79,9.2,109.78,78.1,109.8,5.3,109.81,49.0
1753769555597,06:12:35.597,bybit,LTC/USDT:USDT,109.79,3.0,109.78,75.2,109.8,8.2,109.81,67.1
1753769555997,06:12:35.997,bybit,LTC/USDT:USDT,109.79,11.2,109.78,79.3,109.8,5.3,109.81,58.9
1753769556100,06:12:36.100,bybit,LTC/USDT:USDT,109.79,25.3,109.78,79.3,109.8,5.3,109.81,58.9
1753769556197,06:12:36.197,bybit,LTC/USDT:USDT,109.79,21.2,109.78,75.2,109.8,5.3,109.81,58.9
1753769556297,06:12:36.297,bybit,LTC/USDT:USDT,109.79,21.2,109.78,79.3,109.8,5.3,109.81,58.9
1753769557097,06:12:37.097,bybit,LTC/USDT:USDT,109.79,11.2,109.78,75.2,109.8,5.3,109.81,58.9
1753769557297,06:12:37.297,bybit,LTC/USDT:USDT,109.79,11.2,109.78,75.2,109.8,5.3,109.81,63.4
1753769557901,06:12:37.901,bybit,LTC/USDT:USDT,109.79,11.2,109.78,79.3,109.8,5.3,109.81,63.4
1753769557997,06:12:37.997,bybit,LTC/USDT:USDT,109.79,11.2,109.78,79.3,109.8,5.3,109.81,63.4
1753769558100,06:12:38.100,bybit,LTC/USDT:USDT,109.79,11.2,109.78,79.3,109.8,5.3,109.81,63.4
1753769558198,06:12:38.198,bybit,LTC/USDT:USDT,109.79,11.2,109.78,75.2,109.8,5.3,109.81,63.4
1753769558297,06:12:38.297,bybit,LTC/USDT:USDT,109.79,11.2,109.78,75.2,109.8,5.3,109.81,63.4
1753769558397,06:12:38.397,bybit,LTC/USDT:USDT,109.79,11.2,109.78,75.2,109.8,5.3,109.81,63.4
1753769558497,06:12:38.497,bybit,LTC/USDT:USDT,109.79,11.2,109.78,75.2,109.8,5.3,109.81,63.4
1753769558597,06:12:38.597,bybit,LTC/USDT:USDT,109.79,11.2,109.78,75.2,109.8,5.3,109.81,63.4
1753769558697,06:12:38.697,bybit,LTC/USDT:USDT,109.79,11.2,109.78,75.2,109.8,5.3,109.81,63.4
1753769558797,06:12:38.797,bybit,LTC/USDT:USDT,109.79,11.2,109.78,75.2,109.8,5.3,109.81,63.4
1753769558897,06:12:38.897,bybit,LTC/USDT:USDT,109.79,11.3,109.78,75.2,109.8,5.3,109.81,63.4
1753769559098,06:12:39.098,bybit,LTC/USDT:USDT,109.79,21.3,109.78,75.2,109.8,5.3,109.81,63.4
1753769559197,06:12:39.197,bybit,LTC/USDT:USDT,109.79,21.3,109.78,75.2,109.8,5.3,109.81,63.4
1753769559297,06:12:39.297,bybit,LTC/USDT:USDT,109.79,21.3,109.78,75.2,109.8,5.3,109.81,63.4
1753769559397,06:12:39.397,bybit,LTC/USDT:USDT,109.79,2.1,109.78,43.4,109.8,18.9,109.81,67.5
1753769559497,06:12:39.497,bybit,LTC/USDT:USDT,109.79,2.1,109.78,43.4,109.8,18.9,109.81,67.5
1753769559597,06:12:39.597,bybit,LTC/USDT:USDT,109.79,2.1,109.78,43.4,109.8,18.9,109.81,67.5
1753769559698,06:12:39.698,bybit,LTC/USDT:USDT,109.79,2.1,109.78,43.4,109.8,18.9,109.81,67.5
1753769559797,06:12:39.797,bybit,LTC/USDT:USDT,109.79,5.0,109.78,43.4,109.8,8.0,109.81,63.4
1753769559897,06:12:39.897,bybit,LTC/USDT:USDT,109.79,5.0,109.78,43.4,109.8,8.0,109.81,63.4
1753769559997,06:12:39.997,bybit,LTC/USDT:USDT,109.79,5.0,109.78,57.4,109.8,7.8,109.81,63.4
1753769560097,06:12:40.097,bybit,LTC/USDT:USDT,109.79,5.0,109.78,57.4,109.8,5.1,109.81,63.4
1753769560597,06:12:40.597,bybit,LTC/USDT:USDT,109.79,5.1,109.78,43.4,109.8,8.0,109.81,67.5
1753769560697,06:12:40.697,bybit,LTC/USDT:USDT,109.79,5.1,109.78,43.4,109.8,8.0,109.81,63.4
1753769560797,06:12:40.797,bybit,LTC/USDT:USDT,109.79,5.1,109.78,50.2,109.8,8.0,109.81,63.4
1753769560897,06:12:40.897,bybit,LTC/USDT:USDT,109.79,5.1,109.78,50.2,109.8,8.0,109.81,63.4
1753769560997,06:12:40.997,bybit,LTC/USDT:USDT,109.79,2.2,109.78,43.4,109.8,18.0,109.81,67.5
1753769561098,06:12:41.098,bybit,LTC/USDT:USDT,109.79,2.2,109.78,43.4,109.8,18.0,109.81,67.5
1753769561197,06:12:41.197,bybit,LTC/USDT:USDT,109.79,2.2,109.78,43.4,109.8,18.0,109.81,67.5
1753769561297,06:12:41.297,bybit,LTC/USDT:USDT,109.79,2.2,109.78,43.4,109.8,18.0,109.81,67.5
1753769561397,06:12:41.397,bybit,LTC/USDT:USDT,109.79,2.2,109.78,43.4,109.8,18.0,109.81,67.5
1753769561497,06:12:41.497,bybit,LTC/USDT:USDT,109.79,2.2,109.78,43.4,109.8,18.0,109.81,67.5
1753769561598,06:12:41.598,bybit,LTC/USDT:USDT,109.79,2.2,109.78,43.4,109.8,18.0,109.81,67.5
1753769561797,06:12:41.797,bybit,LTC/USDT:USDT,109.79,5.1,109.78,57.4,109.8,7.8,109.81,70.2
1753769561897,06:12:41.897,bybit,LTC/USDT:USDT,109.79,13.8,109.78,57.4,109.8,7.8,109.81,70.2
1753769561998,06:12:41.998,bybit,LTC/USDT:USDT,109.79,23.8,109.78,57.4,109.8,5.1,109.81,63.4
1753769562197,06:12:42.197,bybit,LTC/USDT:USDT,109.79,23.8,109.78,57.4,109.8,5.1,109.81,63.4
1753769562296,06:12:42.296,bybit,LTC/USDT:USDT,109.79,23.8,109.78,57.4,109.8,5.1,109.81,63.4
1753769562398,06:12:42.398,bybit,LTC/USDT:USDT,109.79,23.8,109.78,57.4,109.8,5.1,109.81,63.4
1753769562508,06:12:42.508,bybit,LTC/USDT:USDT,109.79,23.8,109.78,57.4,109.8,5.1,109.81,63.4
1753769562597,06:12:42.597,bybit,LTC/USDT:USDT,109.79,23.8,109.78,61.5,109.8,5.1,109.81,63.4
1753769562697,06:12:42.697,bybit,LTC/USDT:USDT,109.79,23.8,109.78,61.5,109.8,5.1,109.81,63.4
1753769562797,06:12:42.797,bybit,LTC/USDT:USDT,109.79,23.8,109.78,68.3,109.8,5.1,109.81,63.4
1753769562897,06:12:42.897,bybit,LTC/USDT:USDT,109.79,23.8,109.78,64.2,109.8,5.1,109.81,63.4
1753769562997,06:12:42.997,bybit,LTC/USDT:USDT,109.79,23.8,109.78,68.3,109.8,5.1,109.81,63.4
1753769563098,06:12:43.098,bybit,LTC/USDT:USDT,109.79,23.8,109.78,64.2,109.8,5.1,109.81,63.4
1753769563197,06:12:43.197,bybit,LTC/USDT:USDT,109.79,23.8,109.78,64.2,109.8,5.1,109.81,63.4
1753769563297,06:12:43.297,bybit,LTC/USDT:USDT,109.79,23.8,109.78,64.2,109.8,5.1,109.81,63.4
1753769563397,06:12:43.397,bybit,LTC/USDT:USDT,109.79,13.8,109.78,64.2,109.8,5.1,109.81,67.5
1753769563498,06:12:43.498,bybit,LTC/USDT:USDT,109.79,13.8,109.78,64.2,109.8,5.1,109.81,63.4
1753769563598,06:12:43.598,bybit,LTC/USDT:USDT,109.79,13.8,109.78,64.2,109.8,5.1,109.81,63.4
1753769563697,06:12:43.697,bybit,LTC/USDT:USDT,109.79,13.8,109.78,64.2,109.8,5.1,109.81,63.4
1753769563797,06:12:43.797,bybit,LTC/USDT:USDT,109.79,13.8,109.78,64.2,109.8,5.1,109.81,63.4
1753769564197,06:12:44.197,bybit,LTC/USDT:USDT,109.79,26.9,109.78,64.2,109.8,5.1,109.81,63.4
1753769564297,06:12:44.297,bybit,LTC/USDT:USDT,109.79,26.9,109.78,64.2,109.8,5.1,109.81,63.4
1753769564397,06:12:44.397,bybit,LTC/USDT:USDT,109.79,26.9,109.78,64.2,109.8,5.1,109.81,63.4
1753769564497,06:12:44.497,bybit,LTC/USDT:USDT,109.79,26.9,109.78,64.2,109.8,5.1,109.81,63.4
1753769564597,06:12:44.597,bybit,LTC/USDT:USDT,109.79,26.9,109.78,64.2,109.8,5.1,109.81,49.4
1753769564696,06:12:44.696,bybit,LTC/USDT:USDT,109.79,26.9,109.78,64.2,109.8,5.1,109.81,49.4
1753769564797,06:12:44.797,bybit,LTC/USDT:USDT,109.79,26.9,109.78,68.3,109.8,5.1,109.81,49.4
1753769564897,06:12:44.897,bybit,LTC/USDT:USDT,109.79,26.9,109.78,64.2,109.8,5.1,109.81,49.4
1753769564998,06:12:44.998,bybit,LTC/USDT:USDT,109.79,26.9,109.78,68.3,109.8,5.1,109.81,49.4
1753769565097,06:12:45.097,bybit,LTC/USDT:USDT,109.79,26.9,109.78,64.2,109.8,5.1,109.81,49.4
1753769565197,06:12:45.197,bybit,LTC/USDT:USDT,109.79,26.9,109.78,68.3,109.8,5.1,109.81,49.4
1753769565297,06:12:45.297,bybit,LTC/USDT:USDT,109.79,26.9,109.78,68.3,109.8,5.1,109.81,49.4
1753769565397,06:12:45.397,bybit,LTC/USDT:USDT,109.79,26.9,109.78,64.2,109.8,5.1,109.81,49.4
1753769565497,06:12:45.497,bybit,LTC/USDT:USDT,109.79,33.3,109.78,68.3,109.8,5.1,109.81,43.0
1753769565596,06:12:45.596,bybit,LTC/USDT:USDT,109.79,26.9,109.78,64.2,109.8,5.1,109.81,49.4
1753769565697,06:12:45.697,bybit,LTC/USDT:USDT,109.79,26.9,109.78,64.2,109.8,5.1,109.81,49.4
1753769565796,06:12:45.796,bybit,LTC/USDT:USDT,109.79,26.9,109.78,64.2,109.8,5.1,109.81,49.4
1753769565897,06:12:45.897,bybit,LTC/USDT:USDT,109.79,26.9,109.78,64.2,109.8,5.1,109.81,39.4
1753769565997,06:12:45.997,bybit,LTC/USDT:USDT,109.79,26.9,109.78,64.2,109.8,5.1,109.81,39.4
1753769566099,06:12:46.099,bybit,LTC/USDT:USDT,109.79,26.9,109.78,64.2,109.8,5.1,109.81,39.4
1753769566197,06:12:46.197,bybit,LTC/USDT:USDT,109.79,26.9,109.78,64.2,109.8,5.1,109.81,39.4
1753769566297,06:12:46.297,bybit,LTC/USDT:USDT,109.79,26.9,109.78,64.2,109.8,5.1,109.81,39.4
1753769566396,06:12:46.396,bybit,LTC/USDT:USDT,109.79,26.9,109.78,64.2,109.8,5.1,109.81,39.4
1753769566497,06:12:46.497,bybit,LTC/USDT:USDT,109.79,26.9,109.78,68.3,109.8,5.1,109.81,33.0
1753769566598,06:12:46.598,bybit,LTC/USDT:USDT,109.79,26.9,109.78,64.2,109.8,5.1,109.81,33.0
1753769566697,06:12:46.697,bybit,LTC/USDT:USDT,109.79,26.9,109.78,64.2,109.8,5.1,109.81,39.4
1753769566797,06:12:46.797,bybit,LTC/USDT:USDT,109.79,26.9,109.78,64.2,109.8,5.1,109.81,39.4
1753769566897,06:12:46.897,bybit,LTC/USDT:USDT,109.79,26.9,109.78,64.2,109.8,5.1,109.81,39.4
1753769566997,06:12:46.997,bybit,LTC/USDT:USDT,109.79,26.9,109.78,64.2,109.8,5.1,109.81,49.4
1753769567097,06:12:47.097,bybit,LTC/USDT:USDT,109.79,26.9,109.78,64.2,109.8,5.1,109.81,39.4
1753769567197,06:12:47.197,bybit,LTC/USDT:USDT,109.79,26.9,109.78,64.2,109.8,5.1,109.81,39.4
1753769567297,06:12:47.297,bybit,LTC/USDT:USDT,109.79,26.9,109.78,64.2,109.8,5.1,109.81,39.4
1753769567397,06:12:47.397,bybit,LTC/USDT:USDT,109.79,26.9,109.78,64.2,109.8,5.1,109.81,39.4
1753769567497,06:12:47.497,bybit,LTC/USDT:USDT,109.79,26.9,109.78,64.2,109.8,5.1,109.81,39.4
1753769567597,06:12:47.597,bybit,LTC/USDT:USDT,109.79,26.9,109.78,64.2,109.8,5.1,109.81,39.4
1753769567697,06:12:47.697,bybit,LTC/USDT:USDT,109.79,26.9,109.78,64.2,109.8,5.1,109.81,39.4
1753769567897,06:12:47.897,bybit,LTC/USDT:USDT,109.79,26.9,109.78,64.2,109.8,5.1,109.81,39.4
1753769567997,06:12:47.997,bybit,LTC/USDT:USDT,109.79,26.9,109.78,64.2,109.8,5.1,109.81,39.4
1753769568097,06:12:48.097,bybit,LTC/USDT:USDT,109.79,26.9,109.78,68.3,109.8,5.1,109.81,39.4
1753769568197,06:12:48.197,bybit,LTC/USDT:USDT,109.79,26.9,109.78,64.2,109.8,5.1,109.81,39.4
1753769568297,06:12:48.297,bybit,LTC/USDT:USDT,109.79,26.9,109.78,68.3,109.8,5.1,109.81,39.4
1753769568397,06:12:48.397,bybit,LTC/USDT:USDT,109.79,26.9,109.78,68.3,109.8,5.1,109.81,39.4
1753769568496,06:12:48.496,bybit,LTC/USDT:USDT,109.79,26.9,109.78,64.2,109.8,5.1,109.81,39.4
1753769568597,06:12:48.597,bybit,LTC/USDT:USDT,109.79,26.9,109.78,68.3,109.8,5.1,109.81,39.4
1753769568696,06:12:48.696,bybit,LTC/USDT:USDT,109.79,26.9,109.78,68.3,109.8,5.1,109.81,39.4
1753769568797,06:12:48.797,bybit,LTC/USDT:USDT,109.79,23.8,109.78,68.5,109.8,9.8,109.81,39.4
1753769568897,06:12:48.897,bybit,LTC/USDT:USDT,109.79,23.8,109.78,68.5,109.8,9.8,109.81,39.4
1753769568997,06:12:48.997,bybit,LTC/USDT:USDT,109.79,23.8,109.78,64.4,109.8,9.8,109.81,39.4
1753769569098,06:12:49.098,bybit,LTC/USDT:USDT,109.79,23.8,109.78,64.4,109.8,9.8,109.81,39.4
1753769569197,06:12:49.197,bybit,LTC/USDT:USDT,109.79,23.8,109.78,68.5,109.8,9.8,109.81,39.4
1753769569296,06:12:49.296,bybit,LTC/USDT:USDT,109.79,23.8,109.78,64.4,109.8,9.8,109.81,39.4
1753769569497,06:12:49.497,bybit,LTC/USDT:USDT,109.79,23.8,109.78,64.4,109.8,9.8,109.81,39.4
1753769569697,06:12:49.697,bybit,LTC/USDT:USDT,109.79,23.8,109.78,64.4,109.8,9.8,109.81,39.4
1753769569897,06:12:49.897,bybit,LTC/USDT:USDT,109.79,23.3,109.78,64.4,109.8,9.8,109.81,39.4
1753769569997,06:12:49.997,bybit,LTC/USDT:USDT,109.79,23.3,109.78,68.4,109.8,9.6,109.81,39.4
1753769570097,06:12:50.097,bybit,LTC/USDT:USDT,109.79,23.3,109.78,68.4,109.8,9.6,109.81,39.4
1753769570197,06:12:50.197,bybit,LTC/USDT:USDT,109.79,23.3,109.78,68.4,109.8,9.6,109.81,39.4
1753769570296,06:12:50.296,bybit,LTC/USDT:USDT,109.79,23.3,109.78,64.4,109.8,10.3,109.81,39.4
1753769570397,06:12:50.397,bybit,LTC/USDT:USDT,109.79,23.3,109.78,64.4,109.8,10.3,109.81,39.4
1753769570498,06:12:50.498,bybit,LTC/USDT:USDT,109.79,23.3,109.78,64.4,109.8,10.3,109.81,39.4
1753769570598,06:12:50.598,bybit,LTC/USDT:USDT,109.79,23.3,109.78,64.4,109.8,10.3,109.81,39.4
1753769570696,06:12:50.696,bybit,LTC/USDT:USDT,109.79,22.8,109.78,64.4,109.8,10.3,109.81,53.4
1753769570797,06:12:50.797,bybit,LTC/USDT:USDT,109.79,22.8,109.78,64.4,109.8,10.3,109.81,53.4
1753769570897,06:12:50.897,bybit,LTC/USDT:USDT,109.79,22.8,109.78,64.4,109.8,10.3,109.81,53.4
1753769570997,06:12:50.997,bybit,LTC/USDT:USDT,109.79,22.8,109.78,64.4,109.8,10.3,109.81,53.4
1753769571097,06:12:51.097,bybit,LTC/USDT:USDT,109.79,22.8,109.78,64.4,109.8,10.3,109.81,53.4
1753769571196,06:12:51.196,bybit,LTC/USDT:USDT,109.79,22.8,109.78,64.4,109.8,10.3,109.81,53.4
1753769571297,06:12:51.297,bybit,LTC/USDT:USDT,109.79,22.8,109.78,64.4,109.8,10.3,109.81,39.4
1753769571497,06:12:51.497,bybit,LTC/USDT:USDT,109.79,22.8,109.78,64.4,109.8,10.3,109.81,39.4
1753769571597,06:12:51.597,bybit,LTC/USDT:USDT,109.79,22.8,109.78,64.4,109.8,10.3,109.81,39.4
1753769571697,06:12:51.697,bybit,LTC/USDT:USDT,109.79,22.8,109.78,64.4,109.8,10.3,109.81,39.4
1753769571796,06:12:51.796,bybit,LTC/USDT:USDT,109.79,22.8,109.78,64.4,109.8,10.3,109.81,39.4
1753769571897,06:12:51.897,bybit,LTC/USDT:USDT,109.79,22.8,109.78,64.4,109.8,10.3,109.81,39.4
1753769571997,06:12:51.997,bybit,LTC/USDT:USDT,109.79,22.8,109.78,64.4,109.8,10.3,109.81,39.4
1753769572099,06:12:52.099,bybit,LTC/USDT:USDT,109.79,22.8,109.78,64.4,109.8,10.3,109.81,39.4
1753769572197,06:12:52.197,bybit,LTC/USDT:USDT,109.79,22.8,109.78,64.4,109.8,10.3,109.81,39.4
1753769572297,06:12:52.297,bybit,LTC/USDT:USDT,109.79,22.8,109.78,64.4,109.8,10.3,109.81,39.4
1753769572397,06:12:52.397,bybit,LTC/USDT:USDT,109.79,22.8,109.78,64.4,109.8,10.3,109.81,39.4
1753769572497,06:12:52.497,bybit,LTC/USDT:USDT,109.79,22.8,109.78,64.4,109.8,5.6,109.81,39.4
1753769572597,06:12:52.597,bybit,LTC/USDT:USDT,109.79,22.8,109.78,64.4,109.8,10.1,109.81,39.4
1753769572697,06:12:52.697,bybit,LTC/USDT:USDT,109.79,22.8,109.78,64.4,109.8,10.1,109.81,39.4
1753769572797,06:12:52.797,bybit,LTC/USDT:USDT,109.79,22.8,109.78,64.4,109.8,10.1,109.81,39.4
1753769573097,06:12:53.097,bybit,LTC/USDT:USDT,109.79,22.8,109.78,64.4,109.8,10.1,109.81,39.4
1753769573198,06:12:53.198,bybit,LTC/USDT:USDT,109.79,22.8,109.78,64.4,109.8,10.1,109.81,39.4
1753769573297,06:12:53.297,bybit,LTC/USDT:USDT,109.79,22.8,109.78,64.4,109.8,10.1,109.81,39.4
1753769573397,06:12:53.397,bybit,LTC/USDT:USDT,109.79,22.8,109.78,64.4,109.8,10.1,109.81,39.4
1753769573497,06:12:53.497,bybit,LTC/USDT:USDT,109.79,23.8,109.78,64.4,109.8,10.1,109.81,39.4
1753769573697,06:12:53.697,bybit,LTC/USDT:USDT,109.79,23.8,109.78,64.4,109.8,10.1,109.81,39.4
1753769573797,06:12:53.797,bybit,LTC/USDT:USDT,109.79,23.8,109.78,64.4,109.8,10.1,109.81,39.4
1753769573896,06:12:53.896,bybit,LTC/USDT:USDT,109.79,23.8,109.78,64.4,109.8,10.1,109.81,39.4
1753769573997,06:12:53.997,bybit,LTC/USDT:USDT,109.79,23.8,109.78,64.4,109.8,10.1,109.81,39.4
1753769574097,06:12:54.097,bybit,LTC/USDT:USDT,109.79,23.8,109.78,64.4,109.8,10.1,109.81,39.4
1753769574197,06:12:54.197,bybit,LTC/USDT:USDT,109.79,23.8,109.78,64.4,109.8,10.1,109.81,43.4
1753769574297,06:12:54.297,bybit,LTC/USDT:USDT,109.79,23.8,109.78,64.4,109.8,10.1,109.81,43.4
1753769574396,06:12:54.396,bybit,LTC/USDT:USDT,109.79,23.8,109.78,64.4,109.8,10.1,109.81,43.4
1753769574497,06:12:54.497,bybit,LTC/USDT:USDT,109.79,23.9,109.78,64.4,109.8,10.1,109.81,39.4
1753769574597,06:12:54.597,bybit,LTC/USDT:USDT,109.79,23.9,109.78,64.4,109.8,10.1,109.81,39.4
1753769574697,06:12:54.697,bybit,LTC/USDT:USDT,109.79,23.9,109.78,64.4,109.8,10.1,109.81,39.4
1753769574797,06:12:54.797,bybit,LTC/USDT:USDT,109.79,23.9,109.78,64.4,109.8,10.1,109.81,39.4
1753769574897,06:12:54.897,bybit,LTC/USDT:USDT,109.79,23.9,109.78,64.4,109.8,10.1,109.81,39.4
1753769574997,06:12:54.997,bybit,LTC/USDT:USDT,109.79,23.9,109.78,64.4,109.8,10.1,109.81,39.4
1753769575097,06:12:55.097,bybit,LTC/USDT:USDT,109.79,23.9,109.78,64.4,109.8,10.1,109.81,39.4
1753769575197,06:12:55.197,bybit,LTC/USDT:USDT,109.79,23.9,109.78,64.4,109.8,10.1,109.81,39.4
1753769575297,06:12:55.297,bybit,LTC/USDT:USDT,109.79,23.9,109.78,64.4,109.8,10.1,109.81,39.4
1753769575497,06:12:55.497,bybit,LTC/USDT:USDT,109.79,23.9,109.78,64.4,109.8,10.1,109.81,39.4
1753769575597,06:12:55.597,bybit,LTC/USDT:USDT,109.79,23.9,109.78,64.4,109.8,9.8,109.81,39.4
1753769575697,06:12:55.697,bybit,LTC/USDT:USDT,109.79,23.9,109.78,64.4,109.8,9.8,109.81,19.7
1753769575798,06:12:55.798,bybit,LTC/USDT:USDT,109.81,47.5,109.8,48.4,109.82,22.2,109.83,76.8
1753769575897,06:12:55.897,bybit,LTC/USDT:USDT,109.81,44.3,109.8,58.1,109.82,22.2,109.83,91.5
1753769575997,06:12:55.997,bybit,LTC/USDT:USDT,109.81,53.0,109.8,58.1,109.82,30.2,109.83,91.5
1753769576096,06:12:56.096,bybit,LTC/USDT:USDT,109.81,53.0,109.8,58.1,109.82,30.2,109.83,91.5
1753769576197,06:12:56.197,bybit,LTC/USDT:USDT,109.81,53.0,109.8,48.6,109.82,31.5,109.83,91.5
1753769576297,06:12:56.297,bybit,LTC/USDT:USDT,109.81,53.0,109.8,48.6,109.82,31.5,109.83,91.5
1753769576397,06:12:56.397,bybit,LTC/USDT:USDT,109.81,53.0,109.8,48.6,109.82,31.5,109.83,91.5
1753769576497,06:12:56.497,bybit,LTC/USDT:USDT,109.81,53.0,109.8,48.6,109.82,31.5,109.83,91.5
1753769576597,06:12:56.597,bybit,LTC/USDT:USDT,109.81,53.0,109.8,48.6,109.82,31.5,109.83,91.5
1753769576697,06:12:56.697,bybit,LTC/USDT:USDT,109.81,53.0,109.8,48.6,109.82,31.5,109.83,91.5
1753769576797,06:12:56.797,bybit,LTC/USDT:USDT,109.81,37.6,109.8,48.7,109.82,31.5,109.83,95.4
1753769576897,06:12:56.897,bybit,LTC/USDT:USDT,109.8,16.3,109.79,57.4,109.81,12.9,109.82,66.3
1753769577097,06:12:57.097,bybit,LTC/USDT:USDT,109.8,16.3,109.79,67.3,109.81,12.9,109.82,62.3
1753769577197,06:12:57.197,bybit,LTC/USDT:USDT,109.8,16.2,109.79,67.3,109.81,2.9,109.82,44.5
1753769577297,06:12:57.297,bybit,LTC/USDT:USDT,109.8,16.2,109.79,67.3,109.81,2.9,109.82,44.5
1753769577397,06:12:57.397,bybit,LTC/USDT:USDT,109.8,16.1,109.79,67.3,109.81,2.9,109.82,44.5
1753769577497,06:12:57.497,bybit,LTC/USDT:USDT,109.8,16.1,109.79,67.3,109.81,2.9,109.82,48.5
1753769577597,06:12:57.597,bybit,LTC/USDT:USDT,109.8,22.0,109.79,61.6,109.81,2.9,109.82,48.5
1753769577697,06:12:57.697,bybit,LTC/USDT:USDT,109.8,22.0,109.79,61.6,109.81,2.9,109.82,48.5
1753769577797,06:12:57.797,bybit,LTC/USDT:USDT,109.8,22.0,109.79,68.3,109.81,12.9,109.82,48.5
1753769577897,06:12:57.897,bybit,LTC/USDT:USDT,109.8,12.4,109.79,68.3,109.81,12.9,109.82,54.9
1753769577997,06:12:57.997,bybit,LTC/USDT:USDT,109.8,12.4,109.79,68.3,109.81,12.9,109.82,54.9
1753769578098,06:12:58.098,bybit,LTC/USDT:USDT,109.8,12.4,109.79,68.3,109.81,12.9,109.82,54.7
1753769578198,06:12:58.198,bybit,LTC/USDT:USDT,109.8,12.4,109.79,68.3,109.81,2.9,109.82,50.7
1753769578296,06:12:58.296,bybit,LTC/USDT:USDT,109.8,12.4,109.79,68.3,109.81,2.9,109.82,50.7
1753769578396,06:12:58.396,bybit,LTC/USDT:USDT,109.8,12.4,109.79,68.3,109.81,2.9,109.82,50.7
1753769578497,06:12:58.497,bybit,LTC/USDT:USDT,109.8,12.4,109.79,68.3,109.81,2.9,109.82,50.7
1753769578597,06:12:58.597,bybit,LTC/USDT:USDT,109.8,12.4,109.79,68.3,109.81,2.9,109.82,50.7
1753769578697,06:12:58.697,bybit,LTC/USDT:USDT,109.8,12.4,109.79,68.3,109.81,2.9,109.82,50.7
1753769578797,06:12:58.797,bybit,LTC/USDT:USDT,109.8,12.4,109.79,68.3,109.81,2.9,109.82,50.7
1753769578897,06:12:58.897,bybit,LTC/USDT:USDT,109.8,12.4,109.79,72.3,109.81,2.9,109.82,50.7
1753769578997,06:12:58.997,bybit,LTC/USDT:USDT,109.8,12.4,109.79,72.3,109.81,2.9,109.82,50.7
1753769579098,06:12:59.098,bybit,LTC/USDT:USDT,109.8,12.4,109.79,68.3,109.81,2.9,109.82,50.7
1753769579197,06:12:59.197,bybit,LTC/USDT:USDT,109.8,12.4,109.79,68.3,109.81,2.9,109.82,50.7
1753769579297,06:12:59.297,bybit,LTC/USDT:USDT,109.8,12.4,109.79,68.3,109.81,2.9,109.82,50.7
1753769579397,06:12:59.397,bybit,LTC/USDT:USDT,109.8,12.6,109.79,65.7,109.82,50.5,109.83,97.5
1753769579597,06:12:59.597,bybit,LTC/USDT:USDT,109.8,12.6,109.79,61.7,109.81,2.9,109.82,50.6
1753769579697,06:12:59.697,bybit,LTC/USDT:USDT,109.8,12.6,109.79,61.7,109.81,2.9,109.82,66.8
1753769579797,06:12:59.797,bybit,LTC/USDT:USDT,109.8,12.6,109.79,61.7,109.81,2.9,109.82,66.8
1753769579897,06:12:59.897,bybit,LTC/USDT:USDT,109.8,12.6,109.79,61.7,109.81,2.9,109.82,50.6
1753769580099,06:13:00.099,bybit,LTC/USDT:USDT,109.8,12.6,109.79,61.7,109.81,2.9,109.82,50.6
1753769580197,06:13:00.197,bybit,LTC/USDT:USDT,109.81,13.1,109.8,38.3,109.82,36.4,109.83,96.0
1753769580297,06:13:00.297,bybit,LTC/USDT:USDT,109.81,8.8,109.8,24.5,109.82,36.4,109.83,96.0
1753769580397,06:13:00.397,bybit,LTC/USDT:USDT,109.81,8.8,109.8,24.6,109.82,26.3,109.83,99.9
1753769580497,06:13:00.497,bybit,LTC/USDT:USDT,109.8,12.6,109.79,44.9,109.81,37.8,109.82,40.3
1753769580597,06:13:00.597,bybit,LTC/USDT:USDT,109.8,12.6,109.79,44.9,109.81,37.8,109.82,40.3
1753769580697,06:13:00.697,bybit,LTC/USDT:USDT,109.8,21.4,109.79,58.0,109.81,2.9,109.82,40.0
1753769580797,06:13:00.797,bybit,LTC/USDT:USDT,109.8,21.4,109.79,64.8,109.81,2.9,109.82,40.2
1753769580897,06:13:00.897,bybit,LTC/USDT:USDT,109.8,21.4,109.79,64.8,109.81,2.9,109.82,40.2
1753769581097,06:13:01.097,bybit,LTC/USDT:USDT,109.8,21.4,109.79,64.8,109.81,2.9,109.82,40.2
1753769581197,06:13:01.197,bybit,LTC/USDT:USDT,109.8,21.3,109.79,64.8,109.81,2.9,109.82,40.2
1753769581297,06:13:01.297,bybit,LTC/USDT:USDT,109.8,21.3,109.79,64.8,109.81,2.9,109.82,40.2
1753769581396,06:13:01.396,bybit,LTC/USDT:USDT,109.8,21.2,109.79,65.7,109.81,2.9,109.82,40.3
1753769581496,06:13:01.496,bybit,LTC/USDT:USDT,109.8,12.4,109.79,65.7,109.81,2.9,109.82,62.8
1753769581596,06:13:01.596,bybit,LTC/USDT:USDT,109.8,12.4,109.79,65.7,109.81,2.9,109.82,58.8
1753769581696,06:13:01.696,bybit,LTC/USDT:USDT,109.8,20.9,109.79,69.8,109.81,3.4,109.82,40.3
1753769581797,06:13:01.797,bybit,LTC/USDT:USDT,109.8,20.9,109.79,69.8,109.81,3.4,109.82,40.3
1753769581897,06:13:01.897,bybit,LTC/USDT:USDT,109.8,20.9,109.79,69.8,109.81,3.4,109.82,40.3
1753769581997,06:13:01.997,bybit,LTC/USDT:USDT,109.8,20.9,109.79,69.8,109.81,3.4,109.82,40.3
1753769582099,06:13:02.099,bybit,LTC/USDT:USDT,109.8,24.9,109.79,69.8,109.81,3.4,109.82,40.3
1753769582197,06:13:02.197,bybit,LTC/USDT:USDT,109.8,24.9,109.79,69.8,109.81,3.4,109.82,40.3
1753769582298,06:13:02.298,bybit,LTC/USDT:USDT,109.8,24.9,109.79,69.8,109.81,3.2,109.82,40.3
1753769582496,06:13:02.496,bybit,LTC/USDT:USDT,109.8,20.9,109.79,69.8,109.81,3.2,109.82,40.3
1753769582596,06:13:02.596,bybit,LTC/USDT:USDT,109.8,20.9,109.79,69.8,109.81,3.2,109.82,40.3
1753769582697,06:13:02.697,bybit,LTC/USDT:USDT,109.8,20.9,109.79,65.8,109.81,4.8,109.82,54.3
1753769582797,06:13:02.797,bybit,LTC/USDT:USDT,109.8,20.9,109.79,69.8,109.81,4.8,109.82,54.3
1753769582897,06:13:02.897,bybit,LTC/USDT:USDT,109.8,20.9,109.79,65.8,109.81,4.8,109.82,54.3
1753769582997,06:13:02.997,bybit,LTC/USDT:USDT,109.8,20.9,109.79,69.8,109.81,4.8,109.82,54.3
1753769583197,06:13:03.197,bybit,LTC/USDT:USDT,109.8,20.9,109.79,65.8,109.81,4.8,109.82,54.3
1753769583298,06:13:03.298,bybit,LTC/USDT:USDT,109.8,20.9,109.79,65.8,109.81,4.8,109.82,58.3
1753769583397,06:13:03.397,bybit,LTC/USDT:USDT,109.8,16.6,109.79,65.8,109.81,4.8,109.82,58.3
1753769583497,06:13:03.497,bybit,LTC/USDT:USDT,109.8,16.6,109.79,65.8,109.81,4.8,109.82,58.3
1753769583597,06:13:03.597,bybit,LTC/USDT:USDT,109.8,16.6,109.79,65.8,109.81,4.8,109.82,58.3
1753769583696,06:13:03.696,bybit,LTC/USDT:USDT,109.8,16.6,109.79,65.8,109.81,4.8,109.82,54.3
1753769583797,06:13:03.797,bybit,LTC/USDT:USDT,109.8,6.1,109.79,42.1,109.81,14.8,109.82,73.5
1753769583897,06:13:03.897,bybit,LTC/USDT:USDT,109.8,5.9,109.79,1.9,109.81,57.8,109.82,89.1
1753769583997,06:13:03.997,bybit,LTC/USDT:USDT,109.8,5.9,109.79,1.9,109.81,57.8,109.82,84.6
1753769584097,06:13:04.097,bybit,LTC/USDT:USDT,109.8,5.9,109.79,1.9,109.81,57.8,109.82,85.5
1753769584197,06:13:04.197,bybit,LTC/USDT:USDT,109.8,5.9,109.79,1.9,109.81,62.3,109.82,118.6
1753769584297,06:13:04.297,bybit,LTC/USDT:USDT,109.8,5.9,109.79,1.9,109.81,62.3,109.82,118.6
1753769584397,06:13:04.397,bybit,LTC/USDT:USDT,109.8,5.9,109.79,1.9,109.81,58.4,109.82,118.6
1753769584497,06:13:04.497,bybit,LTC/USDT:USDT,109.8,5.9,109.79,1.9,109.81,54.4,109.82,118.6
1753769585197,06:13:05.197,bybit,LTC/USDT:USDT,109.8,5.9,109.79,8.3,109.81,43.5,109.82,118.3
1753769585297,06:13:05.297,bybit,LTC/USDT:USDT,109.8,5.9,109.79,8.3,109.81,43.5,109.82,118.3
1753769585397,06:13:05.397,bybit,LTC/USDT:USDT,109.8,5.9,109.79,8.3,109.81,43.5,109.82,114.3
1753769585497,06:13:05.497,bybit,LTC/USDT:USDT,109.8,5.9,109.79,18.9,109.81,43.5,109.82,114.3
1753769585597,06:13:05.597,bybit,LTC/USDT:USDT,109.8,5.9,109.79,18.9,109.81,43.5,109.82,114.3
1753769585697,06:13:05.697,bybit,LTC/USDT:USDT,109.8,14.0,109.79,28.9,109.81,33.5,109.82,114.3
1753769585797,06:13:05.797,bybit,LTC/USDT:USDT,109.8,14.0,109.79,28.9,109.81,4.8,109.82,69.1
1753769585896,06:13:05.896,bybit,LTC/USDT:USDT,109.8,14.0,109.79,28.9,109.81,4.8,109.82,64.5
1753769585997,06:13:05.997,bybit,LTC/USDT:USDT,109.8,14.0,109.79,32.9,109.81,4.8,109.82,64.5
1753769586097,06:13:06.097,bybit,LTC/USDT:USDT,109.8,14.0,109.79,32.9,109.81,4.8,109.82,64.5
1753769586206,06:13:06.206,bybit,LTC/USDT:USDT,109.8,14.0,109.79,28.9,109.81,4.8,109.82,91.4
1753769586296,06:13:06.296,bybit,LTC/USDT:USDT,109.8,5.9,109.79,28.9,109.81,4.8,109.82,106.1
1753769586397,06:13:06.397,bybit,LTC/USDT:USDT,109.8,5.9,109.79,28.9,109.81,4.8,109.82,102.2
1753769586497,06:13:06.497,bybit,LTC/USDT:USDT,109.8,5.9,109.79,28.9,109.81,4.8,109.82,72.4
1753769586597,06:13:06.597,bybit,LTC/USDT:USDT,109.8,5.9,109.79,37.5,109.81,4.8,109.82,72.4
1753769586697,06:13:06.697,bybit,LTC/USDT:USDT,109.8,5.9,109.79,37.5,109.81,14.8,109.82,88.4
1753769586797,06:13:06.797,bybit,LTC/USDT:USDT,109.8,5.9,109.79,37.5,109.81,14.8,109.82,95.2
1753769586897,06:13:06.897,bybit,LTC/USDT:USDT,109.8,5.9,109.79,37.5,109.81,14.8,109.82,95.2
1753769587097,06:13:07.097,bybit,LTC/USDT:USDT,109.8,5.9,109.79,27.5,109.81,14.8,109.82,95.2
1753769587298,06:13:07.298,bybit,LTC/USDT:USDT,109.8,15.3,109.79,41.5,109.81,4.8,109.82,57.3
1753769587397,06:13:07.397,bybit,LTC/USDT:USDT,109.8,15.3,109.79,41.5,109.81,6.8,109.82,61.3
1753769587496,06:13:07.496,bybit,LTC/USDT:USDT,109.8,5.9,109.79,41.5,109.81,6.8,109.82,72.0
1753769587597,06:13:07.597,bybit,LTC/USDT:USDT,109.8,5.9,109.79,41.5,109.81,6.8,109.82,72.0
1753769587697,06:13:07.697,bybit,LTC/USDT:USDT,109.8,5.9,109.79,27.5,109.81,26.7,109.82,81.2
1753769587797,06:13:07.797,bybit,LTC/USDT:USDT,109.8,5.9,109.79,27.5,109.81,26.7,109.82,81.2
1753769587897,06:13:07.897,bybit,LTC/USDT:USDT,109.8,5.9,109.79,27.5,109.81,26.7,109.82,81.2
1753769587997,06:13:07.997,bybit,LTC/USDT:USDT,109.8,5.9,109.79,27.5,109.81,26.7,109.82,81.2
1753769588099,06:13:08.099,bybit,LTC/USDT:USDT,109.8,5.9,109.79,27.5,109.81,34.6,109.82,81.2
1753769588197,06:13:08.197,bybit,LTC/USDT:USDT,109.8,5.9,109.79,27.5,109.81,34.6,109.82,81.2
1753769588297,06:13:08.297,bybit,LTC/USDT:USDT,109.8,5.9,109.79,27.5,109.81,34.6,109.82,81.2
1753769588497,06:13:08.497,bybit,LTC/USDT:USDT,109.8,5.9,109.79,27.5,109.81,34.6,109.82,111.0
1753769588597,06:13:08.597,bybit,LTC/USDT:USDT,109.8,5.9,109.79,27.5,109.81,26.7,109.82,125.0
1753769588697,06:13:08.697,bybit,LTC/USDT:USDT,109.8,5.9,109.79,27.5,109.81,34.6,109.82,95.2
1753769588796,06:13:08.796,bybit,LTC/USDT:USDT,109.8,5.9,109.79,27.5,109.81,26.7,109.82,95.2
1753769588897,06:13:08.897,bybit,LTC/USDT:USDT,109.8,5.9,109.79,27.5,109.81,34.6,109.82,95.2
1753769588997,06:13:08.997,bybit,LTC/USDT:USDT,109.8,5.9,109.79,27.5,109.81,34.6,109.82,125.2
1753769589097,06:13:09.097,bybit,LTC/USDT:USDT,109.8,5.9,109.79,27.5,109.81,34.6,109.82,95.2
1753769589197,06:13:09.197,bybit,LTC/USDT:USDT,109.8,5.9,109.79,27.5,109.81,34.6,109.82,125.2
1753769589298,06:13:09.298,bybit,LTC/USDT:USDT,109.8,6.0,109.79,27.5,109.81,34.6,109.82,95.2
1753769589397,06:13:09.397,bybit,LTC/USDT:USDT,109.8,6.0,109.79,27.5,109.81,16.8,109.82,95.2
1753769589497,06:13:09.497,bybit,LTC/USDT:USDT,109.8,6.0,109.79,27.5,109.81,20.7,109.82,95.2
1753769589597,06:13:09.597,bybit,LTC/USDT:USDT,109.8,6.0,109.79,27.5,109.81,24.7,109.82,126.3
1753769589697,06:13:09.697,bybit,LTC/USDT:USDT,109.8,6.0,109.79,27.5,109.81,24.7,109.82,126.3
1753769589796,06:13:09.796,bybit,LTC/USDT:USDT,109.8,6.0,109.79,27.5,109.81,20.7,109.82,126.3
1753769589897,06:13:09.897,bybit,LTC/USDT:USDT,109.8,6.0,109.79,27.5,109.81,16.8,109.82,126.3
1753769589997,06:13:09.997,bybit,LTC/USDT:USDT,109.8,6.0,109.79,27.5,109.81,16.8,109.82,126.3
1753769590197,06:13:10.197,bybit,LTC/USDT:USDT,109.8,6.0,109.79,27.5,109.81,16.8,109.82,126.3
1753769590297,06:13:10.297,bybit,LTC/USDT:USDT,109.8,6.0,109.79,27.5,109.81,16.8,109.82,87.3
1753769590397,06:13:10.397,bybit,LTC/USDT:USDT,109.8,6.0,109.79,27.5,109.81,16.8,109.82,95.2
1753769590497,06:13:10.497,bybit,LTC/USDT:USDT,109.8,6.0,109.79,27.5,109.81,16.8,109.82,95.2
1753769590597,06:13:10.597,bybit,LTC/USDT:USDT,109.8,6.0,109.79,27.5,109.81,6.8,109.82,88.4
1753769590697,06:13:10.697,bybit,LTC/USDT:USDT,109.8,6.0,109.79,37.5,109.81,6.8,109.82,88.4
1753769590897,06:13:10.897,bybit,LTC/USDT:USDT,109.8,6.0,109.79,37.5,109.81,6.8,109.82,84.4
1753769590997,06:13:10.997,bybit,LTC/USDT:USDT,109.8,6.0,109.79,37.5,109.81,6.8,109.82,88.4
1753769591097,06:13:11.097,bybit,LTC/USDT:USDT,109.8,6.0,109.79,37.5,109.81,6.8,109.82,118.7
1753769591197,06:13:11.197,bybit,LTC/USDT:USDT,109.8,6.0,109.79,37.5,109.81,6.8,109.82,88.4
1753769591697,06:13:11.697,bybit,LTC/USDT:USDT,109.8,6.0,109.79,27.5,109.81,17.6,109.82,95.2
1753769591797,06:13:11.797,bybit,LTC/USDT:USDT,109.8,6.0,109.79,27.5,109.81,17.6,109.82,126.0
1753769591898,06:13:11.898,bybit,LTC/USDT:USDT,109.8,6.0,109.79,27.5,109.81,17.6,109.82,125.8
1753769591997,06:13:11.997,bybit,LTC/USDT:USDT,109.8,6.0,109.79,27.5,109.81,17.6,109.82,95.2
1753769592197,06:13:12.197,bybit,LTC/USDT:USDT,109.8,6.0,109.79,27.5,109.81,17.6,109.82,95.2
1753769592296,06:13:12.296,bybit,LTC/USDT:USDT,109.8,6.0,109.79,27.5,109.81,17.6,109.82,91.3
1753769592396,06:13:12.396,bybit,LTC/USDT:USDT,109.8,6.0,109.79,27.5,109.81,17.6,109.82,95.2
1753769592497,06:13:12.497,bybit,LTC/USDT:USDT,109.8,6.0,109.79,27.5,109.81,21.6,109.82,95.2
1753769592597,06:13:12.597,bybit,LTC/USDT:USDT,109.8,7.0,109.79,27.5,109.81,17.6,109.82,125.8
1753769592696,06:13:12.696,bybit,LTC/USDT:USDT,109.8,7.0,109.79,27.5,109.81,17.6,109.82,95.2
1753769592797,06:13:12.797,bybit,LTC/USDT:USDT,109.8,7.0,109.79,27.5,109.81,17.6,109.82,125.8
1753769592897,06:13:12.897,bybit,LTC/USDT:USDT,109.8,7.0,109.79,27.5,109.81,17.6,109.82,125.8
1753769592997,06:13:12.997,bybit,LTC/USDT:USDT,109.8,7.0,109.79,27.5,109.81,17.6,109.82,125.8
1753769593297,06:13:13.297,bybit,LTC/USDT:USDT,109.8,7.0,109.79,27.5,109.81,17.6,109.82,125.8
1753769593397,06:13:13.397,bybit,LTC/USDT:USDT,109.8,7.0,109.79,27.5,109.81,17.6,109.82,125.8
1753769593597,06:13:13.597,bybit,LTC/USDT:USDT,109.78,2.9,109.77,26.7,109.79,77.6,109.8,87.4
1753769593997,06:13:13.997,bybit,LTC/USDT:USDT,109.78,2.9,109.77,36.1,109.79,85.4,109.8,93.3
1753769594397,06:13:14.397,bybit,LTC/USDT:USDT,109.78,2.9,109.77,36.1,109.79,86.0,109.8,93.3
1753769594497,06:13:14.497,bybit,LTC/USDT:USDT,109.78,3.8,109.77,36.1,109.79,89.9,109.8,94.2
1753769594797,06:13:14.797,bybit,LTC/USDT:USDT,109.78,3.8,109.77,36.1,109.79,93.1,109.8,93.4
1753769594997,06:13:14.997,bybit,LTC/USDT:USDT,109.78,3.8,109.77,18.1,109.79,96.9,109.8,93.4
1753769595197,06:13:15.197,bybit,LTC/USDT:USDT,109.78,3.8,109.77,18.1,109.79,100.8,109.8,93.4
1753769595297,06:13:15.297,bybit,LTC/USDT:USDT,109.78,3.8,109.77,18.1,109.79,96.9,109.8,93.4
1753769595396,06:13:15.396,bybit,LTC/USDT:USDT,109.78,3.8,109.77,0.5,109.79,102.6,109.8,98.0
1753769595497,06:13:15.497,bybit,LTC/USDT:USDT,109.78,3.8,109.77,0.5,109.79,102.6,109.8,98.0
1753769595700,06:13:15.700,bybit,LTC/USDT:USDT,109.77,0.2,109.76,41.4,109.78,108.4,109.79,83.6
1753769595797,06:13:15.797,bybit,LTC/USDT:USDT,109.77,0.2,109.76,22.2,109.78,109.3,109.79,80.9
1753769595897,06:13:15.897,bybit,LTC/USDT:USDT,109.77,0.2,109.76,2.9,109.78,119.5,109.79,80.9
1753769595997,06:13:15.997,bybit,LTC/USDT:USDT,109.77,0.2,109.76,0.9,109.78,115.7,109.79,80.9
1753769596100,06:13:16.100,bybit,LTC/USDT:USDT,109.77,0.2,109.76,0.9,109.78,115.7,109.79,80.9
1753769596197,06:13:16.197,bybit,LTC/USDT:USDT,109.77,0.2,109.76,0.9,109.78,115.7,109.79,80.9
1753769596497,06:13:16.497,bybit,LTC/USDT:USDT,109.77,0.1,109.76,0.9,109.78,115.7,109.79,80.9
1753769596797,06:13:16.797,bybit,LTC/USDT:USDT,109.77,0.1,109.76,0.9,109.78,109.0,109.79,87.7
1753769597097,06:13:17.097,bybit,LTC/USDT:USDT,109.77,0.1,109.76,0.9,109.78,105.2,109.79,87.7
1753769597197,06:13:17.197,bybit,LTC/USDT:USDT,109.77,0.1,109.76,0.9,109.78,105.2,109.79,87.7
1753769597297,06:13:17.297,bybit,LTC/USDT:USDT,109.77,0.1,109.76,9.0,109.78,105.2,109.79,87.7
1753769597396,06:13:17.396,bybit,LTC/USDT:USDT,109.77,0.1,109.76,9.0,109.78,105.2,109.79,87.7
1753769597597,06:13:17.597,bybit,LTC/USDT:USDT,109.77,0.1,109.76,0.9,109.78,112.6,109.79,87.7
1753769597797,06:13:17.797,bybit,LTC/USDT:USDT,109.77,0.1,109.76,0.9,109.78,105.2,109.79,87.7
1753769597897,06:13:17.897,bybit,LTC/USDT:USDT,109.77,0.1,109.76,0.9,109.78,105.2,109.79,87.7
1753769597997,06:13:17.997,bybit,LTC/USDT:USDT,109.77,0.1,109.76,0.9,109.78,108.9,109.79,87.7
1753769598100,06:13:18.100,bybit,LTC/USDT:USDT,109.77,0.1,109.76,0.9,109.78,105.2,109.79,87.7
1753769598197,06:13:18.197,bybit,LTC/USDT:USDT,109.77,0.1,109.76,0.9,109.78,105.2,109.79,87.7
1753769598297,06:13:18.297,bybit,LTC/USDT:USDT,109.77,0.1,109.76,0.9,109.78,112.6,109.79,87.7
1753769598397,06:13:18.397,bybit,LTC/USDT:USDT,109.77,0.1,109.76,0.9,109.78,112.6,109.79,116.5
1753769598497,06:13:18.497,bybit,LTC/USDT:USDT,109.77,0.1,109.76,0.9,109.78,112.6,109.79,133.7
1753769598797,06:13:18.797,bybit,LTC/USDT:USDT,109.75,0.2,109.74,32.2,109.76,72.2,109.77,106.3
1753769598997,06:13:18.997,bybit,LTC/USDT:USDT,109.75,0.2,109.74,32.2,109.76,81.4,109.77,96.5
1753769599097,06:13:19.097,bybit,LTC/USDT:USDT,109.75,0.2,109.74,32.2,109.76,85.9,109.77,96.5
1753769599197,06:13:19.197,bybit,LTC/USDT:USDT,109.75,0.2,109.74,32.2,109.76,85.9,109.77,96.5
1753769599297,06:13:19.297,bybit,LTC/USDT:USDT,109.75,0.2,109.74,32.2,109.76,85.9,109.77,96.5
1753769599397,06:13:19.397,bybit,LTC/USDT:USDT,109.75,0.2,109.74,32.2,109.76,85.9,109.77,89.3
1753769599497,06:13:19.497,bybit,LTC/USDT:USDT,109.75,0.2,109.74,32.2,109.76,85.9,109.77,96.5
1753769599696,06:13:19.696,bybit,LTC/USDT:USDT,109.75,0.2,109.74,32.2,109.76,85.9,109.77,97.4
1753769599797,06:13:19.797,bybit,LTC/USDT:USDT,109.75,0.2,109.74,32.2,109.76,85.9,109.77,93.9
1753769599897,06:13:19.897,bybit,LTC/USDT:USDT,109.75,0.2,109.74,32.2,109.76,85.9,109.77,93.9
1753769599997,06:13:19.997,bybit,LTC/USDT:USDT,109.75,0.2,109.74,32.2,109.76,85.9,109.77,90.3
1753769600100,06:13:20.100,bybit,LTC/USDT:USDT,109.75,0.2,109.74,32.2,109.76,85.9,109.77,90.3
1753769600196,06:13:20.196,bybit,LTC/USDT:USDT,109.75,0.2,109.74,32.2,109.76,85.9,109.77,90.3
1753769600297,06:13:20.297,bybit,LTC/USDT:USDT,109.75,0.2,109.74,32.2,109.76,85.9,109.77,90.3
1753769600396,06:13:20.396,bybit,LTC/USDT:USDT,109.75,0.2,109.74,32.2,109.76,85.9,109.77,90.3
1753769600597,06:13:20.597,bybit,LTC/USDT:USDT,109.75,0.2,109.74,32.2,109.76,85.9,109.77,90.3
1753769600697,06:13:20.697,bybit,LTC/USDT:USDT,109.75,0.2,109.74,32.2,109.76,85.9,109.77,93.9
1753769600997,06:13:20.997,bybit,LTC/USDT:USDT,109.75,7.2,109.74,42.2,109.76,86.7,109.77,83.5
1753769601097,06:13:21.097,bybit,LTC/USDT:USDT,109.75,4.3,109.74,42.2,109.76,86.7,109.77,83.5
1753769601197,06:13:21.197,bybit,LTC/USDT:USDT,109.75,4.3,109.74,38.6,109.76,86.7,109.77,83.5
1753769601297,06:13:21.297,bybit,LTC/USDT:USDT,109.75,4.3,109.74,38.6,109.76,86.7,109.77,83.5
1753769601397,06:13:21.397,bybit,LTC/USDT:USDT,109.75,4.3,109.74,38.6,109.76,86.7,109.77,83.5
1753769601497,06:13:21.497,bybit,LTC/USDT:USDT,109.75,4.3,109.74,38.6,109.76,86.7,109.77,83.5
1753769601697,06:13:21.697,bybit,LTC/USDT:USDT,109.75,0.2,109.74,38.6,109.76,86.7,109.77,90.3
1753769602100,06:13:22.100,bybit,LTC/USDT:USDT,109.75,0.2,109.74,32.2,109.76,86.7,109.77,97.5
1753769602397,06:13:22.397,bybit,LTC/USDT:USDT,109.75,0.2,109.74,32.2,109.76,86.7,109.77,97.5
1753769602498,06:13:22.498,bybit,LTC/USDT:USDT,109.75,0.2,109.74,32.2,109.76,86.7,109.77,93.9
1753769602597,06:13:22.597,bybit,LTC/USDT:USDT,109.75,0.2,109.74,32.2,109.76,86.7,109.77,90.3
1753769602696,06:13:22.696,bybit,LTC/USDT:USDT,109.75,0.2,109.74,32.2,109.76,86.7,109.77,90.3
1753769602797,06:13:22.797,bybit,LTC/USDT:USDT,109.75,0.2,109.74,32.2,109.76,86.7,109.77,90.3
1753769602897,06:13:22.897,bybit,LTC/USDT:USDT,109.75,0.2,109.74,32.2,109.76,86.7,109.77,90.3
1753769602997,06:13:22.997,bybit,LTC/USDT:USDT,109.75,0.2,109.74,32.2,109.76,86.7,109.77,90.3
1753769603197,06:13:23.197,bybit,LTC/USDT:USDT,109.75,12.7,109.74,56.2,109.76,45.5,109.77,74.2
1753769603296,06:13:23.296,bybit,LTC/USDT:USDT,109.75,12.7,109.74,56.2,109.76,14.5,109.77,57.4
1753769603397,06:13:23.397,bybit,LTC/USDT:USDT,109.75,12.7,109.74,57.1,109.76,14.5,109.77,56.5
1753769603497,06:13:23.497,bybit,LTC/USDT:USDT,109.75,22.7,109.74,57.1,109.76,14.5,109.77,56.5
1753769603597,06:13:23.597,bybit,LTC/USDT:USDT,109.75,22.7,109.74,53.5,109.76,14.5,109.77,56.5
1753769603697,06:13:23.697,bybit,LTC/USDT:USDT,109.75,22.7,109.74,53.5,109.76,14.5,109.77,56.5
1753769603797,06:13:23.797,bybit,LTC/USDT:USDT,109.75,22.7,109.74,53.5,109.76,15.2,109.77,56.5
1753769603897,06:13:23.897,bybit,LTC/USDT:USDT,109.75,22.7,109.74,53.5,109.76,15.2,109.77,56.5
1753769603997,06:13:23.997,bybit,LTC/USDT:USDT,109.75,22.7,109.74,53.5,109.76,15.2,109.77,56.5
1753769604197,06:13:24.197,bybit,LTC/USDT:USDT,109.75,22.7,109.74,53.5,109.76,15.2,109.77,56.5
1753769604297,06:13:24.297,bybit,LTC/USDT:USDT,109.75,22.7,109.74,53.5,109.76,15.2,109.77,56.5
1753769604397,06:13:24.397,bybit,LTC/USDT:USDT,109.75,22.7,109.74,53.5,109.76,15.2,109.77,56.5
1753769604497,06:13:24.497,bybit,LTC/USDT:USDT,109.75,22.7,109.74,53.5,109.76,15.2,109.77,56.5
1753769604598,06:13:24.598,bybit,LTC/USDT:USDT,109.75,22.7,109.74,53.5,109.76,15.2,109.77,56.5
1753769604697,06:13:24.697,bybit,LTC/USDT:USDT,109.75,22.7,109.74,53.5,109.76,15.2,109.77,56.5
1753769604797,06:13:24.797,bybit,LTC/USDT:USDT,109.75,22.7,109.74,57.1,109.76,15.2,109.77,56.5
1753769604897,06:13:24.897,bybit,LTC/USDT:USDT,109.75,22.7,109.74,57.1,109.76,15.2,109.77,56.5
1753769604997,06:13:24.997,bybit,LTC/USDT:USDT,109.75,22.7,109.74,57.1,109.76,15.2,109.77,56.5
1753769605097,06:13:25.097,bybit,LTC/USDT:USDT,109.75,22.7,109.74,57.1,109.76,15.2,109.77,56.5
1753769605197,06:13:25.197,bybit,LTC/USDT:USDT,109.75,26.9,109.74,57.1,109.76,15.2,109.77,56.5
1753769605297,06:13:25.297,bybit,LTC/USDT:USDT,109.75,26.9,109.74,57.1,109.76,15.2,109.77,56.5
1753769605396,06:13:25.396,bybit,LTC/USDT:USDT,109.75,26.9,109.74,57.1,109.76,15.2,109.77,56.5
1753769605497,06:13:25.497,bybit,LTC/USDT:USDT,109.75,26.9,109.74,57.1,109.76,15.7,109.77,56.5
1753769605597,06:13:25.597,bybit,LTC/USDT:USDT,109.75,33.3,109.74,57.1,109.76,2.0,109.77,27.1
1753769605697,06:13:25.697,bybit,LTC/USDT:USDT,109.75,33.3,109.74,57.1,109.76,2.0,109.77,27.1
1753769605797,06:13:25.797,bybit,LTC/USDT:USDT,109.75,33.3,109.74,57.1,109.76,2.0,109.77,35.6
1753769605897,06:13:25.897,bybit,LTC/USDT:USDT,109.75,33.3,109.74,57.1,109.76,2.0,109.77,35.6
1753769605997,06:13:25.997,bybit,LTC/USDT:USDT,109.75,33.3,109.74,57.1,109.76,2.0,109.77,35.6
1753769606297,06:13:26.297,bybit,LTC/USDT:USDT,109.75,33.3,109.74,57.1,109.76,2.0,109.77,35.6
1753769606397,06:13:26.397,bybit,LTC/USDT:USDT,109.75,33.3,109.74,57.1,109.76,2.0,109.77,30.8
1753769606497,06:13:26.497,bybit,LTC/USDT:USDT,109.75,34.1,109.74,57.1,109.76,2.0,109.77,30.8
1753769606598,06:13:26.598,bybit,LTC/USDT:USDT,109.75,34.1,109.74,57.1,109.76,2.0,109.77,30.8
1753769606797,06:13:26.797,bybit,LTC/USDT:USDT,109.75,34.1,109.74,63.9,109.76,2.0,109.77,30.8
1753769606898,06:13:26.898,bybit,LTC/USDT:USDT,109.75,34.1,109.74,63.9,109.76,2.6,109.77,21.2
1753769607397,06:13:27.397,bybit,LTC/USDT:USDT,109.75,34.1,109.74,63.9,109.76,2.6,109.77,21.2
1753769607497,06:13:27.497,bybit,LTC/USDT:USDT,109.75,34.1,109.74,63.9,109.76,2.6,109.77,21.2
1753769607797,06:13:27.797,bybit,LTC/USDT:USDT,109.75,34.1,109.74,63.9,109.76,2.6,109.77,21.2
1753769607901,06:13:27.901,bybit,LTC/USDT:USDT,109.75,34.1,109.74,63.9,109.76,2.6,109.77,21.2
1753769607997,06:13:27.997,bybit,LTC/USDT:USDT,109.75,34.1,109.74,63.9,109.76,2.6,109.77,21.2
1753769608101,06:13:28.101,bybit,LTC/USDT:USDT,109.75,34.1,109.74,63.9,109.76,2.6,109.77,21.2
1753769608297,06:13:28.297,bybit,LTC/USDT:USDT,109.75,34.1,109.74,63.9,109.76,2.6,109.77,21.2
1753769608397,06:13:28.397,bybit,LTC/USDT:USDT,109.75,34.1,109.74,63.9,109.76,2.6,109.77,21.2
1753769608497,06:13:28.497,bybit,LTC/USDT:USDT,109.75,34.1,109.74,63.9,109.76,2.6,109.77,21.2
1753769608597,06:13:28.597,bybit,LTC/USDT:USDT,109.75,34.1,109.74,63.9,109.76,2.6,109.77,21.2
1753769608697,06:13:28.697,bybit,LTC/USDT:USDT,109.75,34.1,109.74,63.9,109.76,2.6,109.77,21.2
1753769608897,06:13:28.897,bybit,LTC/USDT:USDT,109.75,14.1,109.74,60.3,109.76,9.0,109.77,40.9
1753769608997,06:13:28.997,bybit,LTC/USDT:USDT,109.75,14.1,109.74,55.7,109.76,9.0,109.77,40.9
1753769609098,06:13:29.098,bybit,LTC/USDT:USDT,109.75,14.1,109.74,55.7,109.76,7.1,109.77,40.9
1753769609197,06:13:29.197,bybit,LTC/USDT:USDT,109.75,14.1,109.74,59.3,109.76,7.1,109.77,33.7
1753769609296,06:13:29.296,bybit,LTC/USDT:USDT,109.75,14.1,109.74,58.4,109.76,7.1,109.77,33.7
1753769609497,06:13:29.497,bybit,LTC/USDT:USDT,109.75,23.3,109.74,58.4,109.76,7.1,109.77,43.7
1753769609598,06:13:29.598,bybit,LTC/USDT:USDT,109.75,23.3,109.74,58.4,109.76,7.1,109.77,43.7
1753769609697,06:13:29.697,bybit,LTC/USDT:USDT,109.75,23.3,109.74,58.4,109.76,7.1,109.77,43.7
1753769609796,06:13:29.796,bybit,LTC/USDT:USDT,109.75,23.3,109.74,58.4,109.76,7.1,109.77,43.7
1753769609997,06:13:29.997,bybit,LTC/USDT:USDT,109.75,23.3,109.74,58.4,109.76,7.1,109.77,43.7
1753769610097,06:13:30.097,bybit,LTC/USDT:USDT,109.75,26.9,109.74,58.4,109.76,7.1,109.77,43.7
1753769610197,06:13:30.197,bybit,LTC/USDT:USDT,109.75,26.9,109.74,59.3,109.76,7.1,109.77,43.7
1753769610308,06:13:30.308,bybit,LTC/USDT:USDT,109.75,26.9,109.74,59.3,109.76,7.1,109.77,43.7
1753769610397,06:13:30.397,bybit,LTC/USDT:USDT,109.75,0.8,109.74,34.0,109.76,39.8,109.77,50.9
1753769610497,06:13:30.497,bybit,LTC/USDT:USDT,109.75,3.7,109.74,34.0,109.76,30.5,109.77,60.6
1753769610597,06:13:30.597,bybit,LTC/USDT:USDT,109.75,3.7,109.74,34.0,109.76,30.5,109.77,60.6
1753769610897,06:13:30.897,bybit,LTC/USDT:USDT,109.75,23.6,109.74,37.6,109.76,2.6,109.77,27.3
1753769611297,06:13:31.297,bybit,LTC/USDT:USDT,109.75,27.2,109.74,37.6,109.76,2.6,109.77,27.3
1753769611397,06:13:31.397,bybit,LTC/USDT:USDT,109.75,27.2,109.74,38.5,109.76,2.6,109.77,27.3
1753769611497,06:13:31.497,bybit,LTC/USDT:USDT,109.75,38.0,109.74,52.5,109.76,2.6,109.77,27.3
1753769611597,06:13:31.597,bybit,LTC/USDT:USDT,109.75,38.0,109.74,52.5,109.76,2.6,109.77,27.3
1753769611696,06:13:31.696,bybit,LTC/USDT:USDT,109.75,38.0,109.74,52.5,109.76,2.6,109.77,27.3
1753769611797,06:13:31.797,bybit,LTC/USDT:USDT,109.75,38.0,109.74,52.5,109.76,2.6,109.77,27.3
1753769612397,06:13:32.397,bybit,LTC/USDT:USDT,109.77,72.2,109.76,76.0,109.78,3.6,109.79,33.3
1753769612497,06:13:32.497,bybit,LTC/USDT:USDT,109.77,73.0,109.76,76.0,109.78,3.5,109.79,33.3
1753769612597,06:13:32.597,bybit,LTC/USDT:USDT,109.77,73.0,109.76,76.0,109.78,3.5,109.79,21.1
1753769612897,06:13:32.897,bybit,LTC/USDT:USDT,109.77,73.0,109.76,82.8,109.78,3.5,109.79,9.4
1753769613098,06:13:33.098,bybit,LTC/USDT:USDT,109.77,73.0,109.76,82.8,109.78,3.5,109.79,9.4
1753769613196,06:13:33.196,bybit,LTC/USDT:USDT,109.77,73.0,109.76,82.9,109.78,3.5,109.79,9.4
1753769613297,06:13:33.297,bybit,LTC/USDT:USDT,109.77,73.0,109.76,82.9,109.78,3.5,109.79,9.4
1753769613397,06:13:33.397,bybit,LTC/USDT:USDT,109.77,73.0,109.76,82.9,109.78,3.5,109.79,9.4
1753769613497,06:13:33.497,bybit,LTC/USDT:USDT,109.77,73.0,109.76,82.9,109.78,3.5,109.79,9.4
1753769613697,06:13:33.697,bybit,LTC/USDT:USDT,109.77,73.0,109.76,82.9,109.78,3.5,109.79,9.4
1753769613897,06:13:33.897,bybit,LTC/USDT:USDT,109.77,73.0,109.76,82.9,109.78,3.5,109.79,9.4
1753769614197,06:13:34.197,bybit,LTC/USDT:USDT,109.77,12.8,109.76,68.9,109.78,5.4,109.79,33.5
1753769614296,06:13:34.296,bybit,LTC/USDT:USDT,109.77,12.8,109.76,68.9,109.78,5.4,109.79,33.5
1753769614397,06:13:34.397,bybit,LTC/USDT:USDT,109.76,1.0,109.75,41.2,109.77,18.2,109.78,34.8
1753769614997,06:13:34.997,bybit,LTC/USDT:USDT,109.75,12.0,109.74,46.2,109.76,46.7,109.77,44.5
1753769615096,06:13:35.096,bybit,LTC/USDT:USDT,109.75,12.0,109.74,42.6,109.76,46.7,109.77,44.5
1753769615498,06:13:35.498,bybit,LTC/USDT:USDT,109.76,22.2,109.75,30.5,109.77,13.1,109.78,41.4
1753769615597,06:13:35.597,bybit,LTC/USDT:USDT,109.76,23.2,109.75,30.5,109.77,13.1,109.78,41.4
1753769615697,06:13:35.697,bybit,LTC/USDT:USDT,109.76,13.8,109.75,30.5,109.77,21.1,109.78,48.6
1753769615797,06:13:35.797,bybit,LTC/USDT:USDT,109.76,1.0,109.75,30.5,109.77,21.1,109.78,55.4
1753769615897,06:13:35.897,bybit,LTC/USDT:USDT,109.76,1.0,109.75,30.5,109.77,21.1,109.78,55.4
1753769615996,06:13:35.996,bybit,LTC/USDT:USDT,109.76,1.0,109.75,30.5,109.77,21.1,109.78,55.4
1753769616100,06:13:36.100,bybit,LTC/USDT:USDT,109.76,1.0,109.75,30.5,109.77,21.1,109.78,55.4
1753769616197,06:13:36.197,bybit,LTC/USDT:USDT,109.76,3.9,109.75,30.5,109.77,21.1,109.78,55.4
1753769616297,06:13:36.297,bybit,LTC/USDT:USDT,109.76,12.9,109.75,36.9,109.77,14.7,109.78,41.4
1753769616396,06:13:36.396,bybit,LTC/USDT:USDT,109.76,12.9,109.75,36.9,109.77,14.7,109.78,41.4
1753769616497,06:13:36.497,bybit,LTC/USDT:USDT,109.76,12.9,109.75,36.9,109.77,14.7,109.78,41.4
1753769616597,06:13:36.597,bybit,LTC/USDT:USDT,109.76,12.9,109.75,36.9,109.77,14.7,109.78,41.4
1753769616697,06:13:36.697,bybit,LTC/USDT:USDT,109.76,12.9,109.75,36.9,109.77,12.7,109.78,55.4
1753769616797,06:13:36.797,bybit,LTC/USDT:USDT,109.76,12.9,109.75,37.0,109.77,12.7,109.78,62.2
1753769616997,06:13:36.997,bybit,LTC/USDT:USDT,109.76,12.9,109.75,37.0,109.77,12.7,109.78,62.2
1753769617097,06:13:37.097,bybit,LTC/USDT:USDT,109.76,12.9,109.75,37.0,109.77,12.7,109.78,62.2
1753769617197,06:13:37.197,bybit,LTC/USDT:USDT,109.76,12.9,109.75,37.0,109.77,12.7,109.78,65.8
1753769617297,06:13:37.297,bybit,LTC/USDT:USDT,109.76,12.9,109.75,37.0,109.77,26.7,109.78,69.4
1753769617797,06:13:37.797,bybit,LTC/USDT:USDT,109.76,10.0,109.75,37.0,109.77,26.7,109.78,69.4
1753769617897,06:13:37.897,bybit,LTC/USDT:USDT,109.76,1.0,109.75,37.0,109.77,30.3,109.78,76.2
1753769617996,06:13:37.996,bybit,LTC/USDT:USDT,109.76,1.0,109.75,30.6,109.77,33.1,109.78,76.2
1753769618097,06:13:38.097,bybit,LTC/USDT:USDT,109.76,1.0,109.75,26.2,109.77,36.7,109.78,76.2
1753769618197,06:13:38.197,bybit,LTC/USDT:USDT,109.76,1.0,109.75,26.2,109.77,33.1,109.78,76.2
1753769618297,06:13:38.297,bybit,LTC/USDT:USDT,109.76,1.0,109.75,26.2,109.77,33.1,109.78,76.2
1753769618396,06:13:38.396,bybit,LTC/USDT:USDT,109.76,1.0,109.75,26.2,109.77,46.7,109.78,76.2
1753769618597,06:13:38.597,bybit,LTC/USDT:USDT,109.76,1.0,109.75,26.2,109.77,46.7,109.78,76.2
1753769618696,06:13:38.696,bybit,LTC/USDT:USDT,109.76,1.0,109.75,26.2,109.77,43.1,109.78,76.2
1753769618797,06:13:38.797,bybit,LTC/USDT:USDT,109.76,1.0,109.75,26.2,109.77,43.1,109.78,76.2
1753769618897,06:13:38.897,bybit,LTC/USDT:USDT,109.76,1.0,109.75,26.2,109.77,43.1,109.78,76.2
1753769618997,06:13:38.997,bybit,LTC/USDT:USDT,109.76,1.0,109.75,26.2,109.77,43.1,109.78,76.2
1753769619098,06:13:39.098,bybit,LTC/USDT:USDT,109.76,1.0,109.75,26.2,109.77,33.1,109.78,76.2
1753769619197,06:13:39.197,bybit,LTC/USDT:USDT,109.76,1.0,109.75,26.2,109.77,33.1,109.78,76.2
1753769619297,06:13:39.297,bybit,LTC/USDT:USDT,109.76,1.0,109.75,26.2,109.77,33.1,109.78,76.2
1753769619397,06:13:39.397,bybit,LTC/USDT:USDT,109.76,1.0,109.75,38.3,109.77,19.1,109.78,69.4
1753769619497,06:13:39.497,bybit,LTC/USDT:USDT,109.76,1.0,109.75,38.5,109.77,19.1,109.78,69.4
1753769619597,06:13:39.597,bybit,LTC/USDT:USDT,109.76,1.0,109.75,38.5,109.77,19.1,109.78,69.4
1753769619697,06:13:39.697,bybit,LTC/USDT:USDT,109.76,1.0,109.75,50.2,109.77,19.1,109.78,65.8
1753769619797,06:13:39.797,bybit,LTC/USDT:USDT,109.76,1.0,109.75,50.2,109.77,19.1,109.78,72.6
1753769619898,06:13:39.898,bybit,LTC/USDT:USDT,109.76,1.0,109.75,50.2,109.77,19.1,109.78,76.2
1753769619996,06:13:39.996,bybit,LTC/USDT:USDT,109.76,1.0,109.75,50.2,109.77,19.1,109.78,72.6
1753769620101,06:13:40.101,bybit,LTC/USDT:USDT,109.76,4.2,109.75,50.2,109.77,19.1,109.78,69.0
1753769620297,06:13:40.297,bybit,LTC/USDT:USDT,109.76,4.2,109.75,60.2,109.77,12.7,109.78,62.2
1753769620397,06:13:40.397,bybit,LTC/USDT:USDT,109.76,4.2,109.75,56.7,109.77,12.7,109.78,62.2
1753769620597,06:13:40.597,bybit,LTC/USDT:USDT,109.76,4.2,109.75,56.7,109.77,12.7,109.78,62.2
1753769620796,06:13:40.796,bybit,LTC/USDT:USDT,109.76,4.2,109.75,56.7,109.77,12.7,109.78,62.2
1753769620898,06:13:40.898,bybit,LTC/USDT:USDT,109.76,8.3,109.75,60.5,109.77,8.2,109.78,59.9
1753769621098,06:13:41.098,bybit,LTC/USDT:USDT,109.76,50.5,109.75,60.5,109.78,10.2,109.79,88.9
1753769621297,06:13:41.297,bybit,LTC/USDT:USDT,109.77,8.4,109.76,54.1,109.78,21.2,109.79,93.4
1753769621397,06:13:41.397,bybit,LTC/USDT:USDT,109.77,8.4,109.76,50.8,109.78,21.2,109.79,93.4
1753769621497,06:13:41.497,bybit,LTC/USDT:USDT,109.77,8.4,109.76,50.8,109.78,21.1,109.79,82.2
1753769621597,06:13:41.597,bybit,LTC/USDT:USDT,109.77,8.4,109.76,50.8,109.78,21.1,109.79,82.2
1753769621697,06:13:41.697,bybit,LTC/USDT:USDT,109.77,8.4,109.76,50.8,109.78,21.1,109.79,82.2
1753769621797,06:13:41.797,bybit,LTC/USDT:USDT,109.77,8.4,109.76,57.6,109.78,22.0,109.79,85.8
1753769621897,06:13:41.897,bybit,LTC/USDT:USDT,109.77,8.4,109.76,57.6,109.78,22.0,109.79,89.4
1753769621997,06:13:41.997,bybit,LTC/USDT:USDT,109.77,8.4,109.76,57.6,109.78,22.0,109.79,89.4
1753769622197,06:13:42.197,bybit,LTC/USDT:USDT,109.77,8.4,109.76,57.6,109.78,22.0,109.79,82.2
1753769622297,06:13:42.297,bybit,LTC/USDT:USDT,109.77,8.4,109.76,57.6,109.78,22.0,109.79,82.2
1753769622597,06:13:42.597,bybit,LTC/USDT:USDT,109.76,4.2,109.75,46.3,109.77,36.1,109.78,61.8
1753769622896,06:13:42.896,bybit,LTC/USDT:USDT,109.76,4.2,109.75,58.8,109.77,23.8,109.78,54.6
1753769622997,06:13:42.997,bybit,LTC/USDT:USDT,109.76,11.9,109.75,58.8,109.77,14.4,109.78,54.6
1753769623097,06:13:43.097,bybit,LTC/USDT:USDT,109.77,30.9,109.76,36.5,109.78,26.7,109.79,89.9
1753769623196,06:13:43.196,bybit,LTC/USDT:USDT,109.77,29.0,109.76,39.1,109.78,18.0,109.79,82.2
1753769623397,06:13:43.397,bybit,LTC/USDT:USDT,109.77,29.0,109.76,35.5,109.78,19.3,109.79,82.2
1753769623497,06:13:43.497,bybit,LTC/USDT:USDT,109.77,29.0,109.76,35.6,109.78,19.3,109.79,82.2
1753769623597,06:13:43.597,bybit,LTC/USDT:USDT,109.77,9.3,109.76,35.6,109.78,20.1,109.79,85.8
1753769623897,06:13:43.897,bybit,LTC/USDT:USDT,109.77,9.3,109.76,42.4,109.78,20.1,109.79,85.8
1753769624198,06:13:44.198,bybit,LTC/USDT:USDT,109.77,9.3,109.76,42.4,109.78,20.1,109.79,89.4
1753769624397,06:13:44.397,bybit,LTC/USDT:USDT,109.77,9.3,109.76,42.4,109.78,20.1,109.79,82.2
1753769624597,06:13:44.597,bybit,LTC/USDT:USDT,109.77,9.3,109.76,42.4,109.78,20.1,109.79,85.8
1753769624798,06:13:44.798,bybit,LTC/USDT:USDT,109.77,10.7,109.76,56.4,109.78,20.1,109.79,82.2
1753769625097,06:13:45.097,bybit,LTC/USDT:USDT,109.77,10.7,109.76,60.0,109.78,20.1,109.79,80.0
1753769625197,06:13:45.197,bybit,LTC/USDT:USDT,109.77,10.7,109.76,60.0,109.78,20.1,109.79,80.0
1753769625297,06:13:45.297,bybit,LTC/USDT:USDT,109.77,10.7,109.76,60.0,109.78,20.7,109.79,80.0
1753769625497,06:13:45.497,bybit,LTC/USDT:USDT,109.77,10.7,109.76,56.4,109.78,20.7,109.79,83.6
1753769625597,06:13:45.597,bybit,LTC/USDT:USDT,109.77,10.7,109.76,56.4,109.78,20.7,109.79,83.6
1753769625998,06:13:45.998,bybit,LTC/USDT:USDT,109.77,10.7,109.76,56.4,109.78,21.2,109.79,80.0
1753769626197,06:13:46.197,bybit,LTC/USDT:USDT,109.77,10.7,109.76,56.4,109.78,21.2,109.79,83.6
1753769626297,06:13:46.297,bybit,LTC/USDT:USDT,109.77,10.7,109.76,56.4,109.78,21.2,109.79,83.6
1753769626397,06:13:46.397,bybit,LTC/USDT:USDT,109.77,10.7,109.76,56.4,109.78,21.2,109.79,83.6
1753769626497,06:13:46.497,bybit,LTC/USDT:USDT,109.77,10.7,109.76,56.4,109.78,21.2,109.79,83.6
1753769626597,06:13:46.597,bybit,LTC/USDT:USDT,109.77,10.7,109.76,56.4,109.78,21.2,109.79,83.6
1753769626697,06:13:46.697,bybit,LTC/USDT:USDT,109.77,10.7,109.76,56.4,109.78,21.2,109.79,83.6
1753769626797,06:13:46.797,bybit,LTC/USDT:USDT,109.77,10.7,109.76,56.4,109.78,21.2,109.79,86.8
1753769626997,06:13:46.997,bybit,LTC/USDT:USDT,109.77,10.7,109.76,56.4,109.78,21.2,109.79,90.4
1753769627097,06:13:47.097,bybit,LTC/USDT:USDT,109.77,10.7,109.76,56.4,109.78,21.2,109.79,96.2
1753769627297,06:13:47.297,bybit,LTC/USDT:USDT,109.77,10.7,109.76,56.4,109.78,21.2,109.79,92.6
1753769627698,06:13:47.698,bybit,LTC/USDT:USDT,109.77,10.7,109.76,49.6,109.78,22.2,109.79,96.2
1753769627797,06:13:47.797,bybit,LTC/USDT:USDT,109.77,10.7,109.76,49.6,109.78,22.2,109.79,96.2
1753769627897,06:13:47.897,bybit,LTC/USDT:USDT,109.77,10.7,109.76,49.6,109.78,22.2,109.79,96.2
1753769628100,06:13:48.100,bybit,LTC/USDT:USDT,109.77,2.4,109.76,35.6,109.78,25.8,109.79,103.0
1753769628297,06:13:48.297,bybit,LTC/USDT:USDT,109.77,11.3,109.76,35.6,109.78,22.2,109.79,103.0
1753769628397,06:13:48.397,bybit,LTC/USDT:USDT,109.77,11.3,109.76,35.6,109.78,22.2,109.79,96.2
1753769628497,06:13:48.497,bybit,LTC/USDT:USDT,109.77,11.3,109.76,35.6,109.78,22.2,109.79,96.2
1753769628797,06:13:48.797,bybit,LTC/USDT:USDT,109.77,11.3,109.76,35.6,109.78,22.2,109.79,96.2
1753769628897,06:13:48.897,bybit,LTC/USDT:USDT,109.77,11.3,109.76,35.6,109.78,22.2,109.79,96.2
1753769629097,06:13:49.097,bybit,LTC/USDT:USDT,109.77,11.3,109.76,35.6,109.78,29.4,109.79,96.2
1753769629297,06:13:49.297,bybit,LTC/USDT:USDT,109.77,11.3,109.76,35.6,109.78,22.2,109.79,103.0
1753769629497,06:13:49.497,bybit,LTC/USDT:USDT,109.77,11.3,109.76,35.6,109.78,22.2,109.79,96.2
1753769629698,06:13:49.698,bybit,LTC/USDT:USDT,109.77,2.4,109.76,6.8,109.78,35.8,109.79,103.0
1753769630099,06:13:50.099,bybit,LTC/USDT:USDT,109.77,2.4,109.76,15.1,109.78,35.8,109.79,103.0
1753769630197,06:13:50.197,bybit,LTC/USDT:USDT,109.77,2.4,109.76,25.5,109.78,38.6,109.79,103.0
1753769630297,06:13:50.297,bybit,LTC/USDT:USDT,109.77,2.4,109.76,25.5,109.78,38.6,109.79,99.4
1753769630497,06:13:50.497,bybit,LTC/USDT:USDT,109.77,2.4,109.76,25.5,109.78,20.9,109.79,103.0
1753769630996,06:13:50.996,bybit,LTC/USDT:USDT,109.77,2.4,109.76,25.5,109.78,22.2,109.79,95.8
1753769631197,06:13:51.197,bybit,LTC/USDT:USDT,109.77,2.4,109.76,25.5,109.78,32.2,109.79,95.8
1753769631297,06:13:51.297,bybit,LTC/USDT:USDT,109.77,2.4,109.76,29.1,109.78,32.2,109.79,95.8
1753769631397,06:13:51.397,bybit,LTC/USDT:USDT,109.76,25.5,109.75,79.1,109.78,32.2,109.79,99.4
1753769631497,06:13:51.497,bybit,LTC/USDT:USDT,109.76,14.8,109.75,58.9,109.77,7.4,109.78,61.9
1753769631598,06:13:51.598,bybit,LTC/USDT:USDT,109.76,14.7,109.75,58.9,109.77,7.4,109.78,61.9
1753769631697,06:13:51.697,bybit,LTC/USDT:USDT,109.76,18.8,109.75,62.5,109.77,5.5,109.78,61.9
1753769631797,06:13:51.797,bybit,LTC/USDT:USDT,109.76,18.8,109.75,58.9,109.77,5.5,109.78,51.5
1753769631897,06:13:51.897,bybit,LTC/USDT:USDT,109.76,18.8,109.75,62.5,109.77,5.5,109.78,51.5
1753769631998,06:13:51.998,bybit,LTC/USDT:USDT,109.76,18.8,109.75,62.5,109.77,5.5,109.78,51.5
1753769632100,06:13:52.100,bybit,LTC/USDT:USDT,109.76,18.8,109.75,63.4,109.77,5.5,109.78,51.5
1753769632197,06:13:52.197,bybit,LTC/USDT:USDT,109.76,30.6,109.75,63.4,109.77,5.5,109.78,51.5
1753769632296,06:13:52.296,bybit,LTC/USDT:USDT,109.76,20.6,109.75,63.4,109.77,5.5,109.78,51.5
1753769632397,06:13:52.397,bybit,LTC/USDT:USDT,109.76,10.1,109.75,59.8,109.77,8.4,109.78,75.5
1753769632497,06:13:52.497,bybit,LTC/USDT:USDT,109.76,10.1,109.75,59.8,109.77,37.1,109.78,79.1
1753769632597,06:13:52.597,bybit,LTC/USDT:USDT,109.76,1.8,109.75,28.5,109.77,43.5,109.78,85.9
1753769632797,06:13:52.797,bybit,LTC/USDT:USDT,109.76,1.8,109.75,28.5,109.77,43.5,109.78,86.8
1753769632897,06:13:52.897,bybit,LTC/USDT:USDT,109.76,1.8,109.75,36.6,109.77,43.5,109.78,86.8
1753769633197,06:13:53.197,bybit,LTC/USDT:USDT,109.76,1.8,109.75,36.6,109.77,53.5,109.78,86.8
1753769633297,06:13:53.297,bybit,LTC/USDT:USDT,109.76,1.8,109.75,36.6,109.77,53.5,109.78,86.8
1753769633397,06:13:53.397,bybit,LTC/USDT:USDT,109.76,1.8,109.75,36.6,109.77,53.5,109.78,86.8
1753769633597,06:13:53.597,bybit,LTC/USDT:USDT,109.76,1.8,109.75,36.6,109.77,53.5,109.78,83.2
1753769633697,06:13:53.697,bybit,LTC/USDT:USDT,109.76,1.8,109.75,36.6,109.77,53.5,109.78,79.6
1753769633898,06:13:53.898,bybit,LTC/USDT:USDT,109.76,1.8,109.75,24.0,109.77,53.5,109.78,86.8
1753769634097,06:13:54.097,bybit,LTC/USDT:USDT,109.76,1.8,109.75,24.0,109.77,53.5,109.78,83.2
1753769634201,06:13:54.201,bybit,LTC/USDT:USDT,109.76,1.8,109.75,24.0,109.77,53.5,109.78,86.8
1753769634298,06:13:54.298,bybit,LTC/USDT:USDT,109.76,1.8,109.75,24.0,109.77,53.5,109.78,86.8
1753769634497,06:13:54.497,bybit,LTC/USDT:USDT,109.76,4.7,109.75,27.6,109.77,24.7,109.78,79.6
1753769634597,06:13:54.597,bybit,LTC/USDT:USDT,109.76,4.7,109.75,27.6,109.77,24.7,109.78,79.6
1753769634696,06:13:54.696,bybit,LTC/USDT:USDT,109.76,4.7,109.75,27.6,109.77,24.7,109.78,79.6
1753769634798,06:13:54.798,bybit,LTC/USDT:USDT,109.76,21.0,109.75,48.0,109.77,5.5,109.78,72.8
1753769634897,06:13:54.897,bybit,LTC/USDT:USDT,109.76,24.6,109.75,48.0,109.77,5.5,109.78,71.9
1753769635097,06:13:55.097,bybit,LTC/USDT:USDT,109.76,24.6,109.75,48.0,109.77,5.5,109.78,71.9
1753769635497,06:13:55.497,bybit,LTC/USDT:USDT,109.76,31.6,109.75,58.3,109.77,3.2,109.78,56.0
1753769635597,06:13:55.597,bybit,LTC/USDT:USDT,109.76,31.6,109.75,58.3,109.77,3.2,109.78,56.0
1753769635697,06:13:55.697,bybit,LTC/USDT:USDT,109.76,31.6,109.75,58.3,109.77,3.2,109.78,56.0
1753769635797,06:13:55.797,bybit,LTC/USDT:USDT,109.76,31.6,109.75,58.3,109.77,3.2,109.78,56.0
1753769635997,06:13:55.997,bybit,LTC/USDT:USDT,109.76,35.2,109.75,58.3,109.77,3.2,109.78,56.0
1753769636101,06:13:56.101,bybit,LTC/USDT:USDT,109.76,39.3,109.75,58.3,109.77,3.2,109.78,20.4
1753769636397,06:13:56.397,bybit,LTC/USDT:USDT,109.76,39.3,109.75,58.3,109.77,3.2,109.78,22.4
1753769636797,06:13:56.797,bybit,LTC/USDT:USDT,109.76,39.6,109.75,58.3,109.77,3.2,109.78,29.6
1753769636897,06:13:56.897,bybit,LTC/USDT:USDT,109.76,39.6,109.75,58.3,109.77,3.2,109.78,29.6
1753769637197,06:13:57.197,bybit,LTC/USDT:USDT,109.76,39.6,109.75,58.3,109.77,3.2,109.78,25.1
1753769637296,06:13:57.296,bybit,LTC/USDT:USDT,109.76,39.6,109.75,58.3,109.77,3.2,109.78,25.1
1753769637497,06:13:57.497,bybit,LTC/USDT:USDT,109.76,39.6,109.75,58.3,109.77,3.2,109.78,25.1
1753769637697,06:13:57.697,bybit,LTC/USDT:USDT,109.76,39.7,109.75,58.3,109.77,3.2,109.78,25.1
1753769637797,06:13:57.797,bybit,LTC/USDT:USDT,109.76,39.7,109.75,58.3,109.77,3.2,109.78,25.1
1753769637897,06:13:57.897,bybit,LTC/USDT:USDT,109.76,36.1,109.75,58.3,109.77,3.2,109.78,25.1
1753769637997,06:13:57.997,bybit,LTC/USDT:USDT,109.76,36.1,109.75,58.3,109.77,3.2,109.78,25.1
1753769638097,06:13:58.097,bybit,LTC/USDT:USDT,109.76,36.1,109.75,58.3,109.77,3.2,109.78,25.1
1753769638197,06:13:58.197,bybit,LTC/USDT:USDT,109.76,36.0,109.75,58.3,109.77,3.2,109.78,25.1
1753769638297,06:13:58.297,bybit,LTC/USDT:USDT,109.76,36.0,109.75,58.3,109.77,3.2,109.78,25.1
1753769638397,06:13:58.397,bybit,LTC/USDT:USDT,109.76,36.0,109.75,58.3,109.77,3.3,109.78,25.1
1753769638497,06:13:58.497,bybit,LTC/USDT:USDT,109.76,36.0,109.75,58.3,109.77,3.3,109.78,29.6
1753769638597,06:13:58.597,bybit,LTC/USDT:USDT,109.76,36.0,109.75,58.3,109.77,3.3,109.78,29.6
1753769638697,06:13:58.697,bybit,LTC/USDT:USDT,109.76,39.6,109.75,58.3,109.77,3.3,109.78,29.6
1753769638997,06:13:58.997,bybit,LTC/USDT:USDT,109.76,39.6,109.75,65.1,109.77,3.3,109.78,29.6
1753769639097,06:13:59.097,bybit,LTC/USDT:USDT,109.76,39.6,109.75,65.1,109.77,3.3,109.78,29.6
1753769639197,06:13:59.197,bybit,LTC/USDT:USDT,109.76,39.6,109.75,65.1,109.77,3.3,109.78,29.6
1753769639297,06:13:59.297,bybit,LTC/USDT:USDT,109.76,39.6,109.75,65.1,109.77,3.3,109.78,29.6
1753769639497,06:13:59.497,bybit,LTC/USDT:USDT,109.76,39.6,109.75,65.1,109.77,3.3,109.78,29.6
1753769639597,06:13:59.597,bybit,LTC/USDT:USDT,109.76,39.6,109.75,65.1,109.77,3.3,109.78,29.6
1753769639797,06:13:59.797,bybit,LTC/USDT:USDT,109.76,36.0,109.75,61.5,109.77,3.3,109.78,29.6
1753769639896,06:13:59.896,bybit,LTC/USDT:USDT,109.76,36.0,109.75,61.5,109.77,3.3,109.78,29.6
1753769640097,06:14:00.097,bybit,LTC/USDT:USDT,109.76,26.0,109.75,61.5,109.77,3.3,109.78,49.6
1753769640197,06:14:00.197,bybit,LTC/USDT:USDT,109.76,26.0,109.75,61.5,109.77,3.1,109.78,60.0
1753769640397,06:14:00.397,bybit,LTC/USDT:USDT,109.76,26.0,109.75,61.7,109.77,3.1,109.78,46.0
1753769640598,06:14:00.598,bybit,LTC/USDT:USDT,109.76,29.6,109.75,65.3,109.77,3.1,109.78,46.0
1753769640697,06:14:00.697,bybit,LTC/USDT:USDT,109.76,29.6,109.75,65.3,109.77,3.1,109.78,46.0
1753769640797,06:14:00.797,bybit,LTC/USDT:USDT,109.76,29.6,109.75,65.3,109.77,3.1,109.78,36.0
1753769641197,06:14:01.197,bybit,LTC/USDT:USDT,109.76,39.6,109.75,65.3,109.77,3.1,109.78,36.0
1753769641296,06:14:01.296,bybit,LTC/USDT:USDT,109.76,39.6,109.75,65.3,109.77,3.1,109.78,36.0
1753769641397,06:14:01.397,bybit,LTC/USDT:USDT,109.76,39.6,109.75,65.3,109.77,3.1,109.78,36.0
1753769641497,06:14:01.497,bybit,LTC/USDT:USDT,109.76,39.6,109.75,65.3,109.77,3.1,109.78,36.0
1753769641598,06:14:01.598,bybit,LTC/USDT:USDT,109.76,39.6,109.75,65.3,109.77,3.1,109.78,36.0
1753769641697,06:14:01.697,bybit,LTC/USDT:USDT,109.76,39.6,109.75,65.3,109.77,3.1,109.78,36.0
1753769641797,06:14:01.797,bybit,LTC/USDT:USDT,109.76,39.6,109.75,65.3,109.77,3.1,109.78,36.0
1753769641897,06:14:01.897,bybit,LTC/USDT:USDT,109.76,39.6,109.75,65.3,109.77,3.1,109.78,36.0
1753769641997,06:14:01.997,bybit,LTC/USDT:USDT,109.76,39.6,109.75,65.3,109.77,3.1,109.78,36.0
1753769642297,06:14:02.297,bybit,LTC/USDT:USDT,109.76,39.6,109.75,65.3,109.77,3.1,109.78,36.0
1753769642397,06:14:02.397,bybit,LTC/USDT:USDT,109.76,39.6,109.75,65.3,109.77,3.1,109.78,31.5
1753769642497,06:14:02.497,bybit,LTC/USDT:USDT,109.76,39.6,109.75,65.3,109.77,3.1,109.78,31.5
1753769642598,06:14:02.598,bybit,LTC/USDT:USDT,109.76,36.0,109.75,65.3,109.77,3.1,109.78,31.5
1753769642697,06:14:02.697,bybit,LTC/USDT:USDT,109.76,39.6,109.75,65.3,109.77,3.1,109.78,31.5
1753769642797,06:14:02.797,bybit,LTC/USDT:USDT,109.76,39.6,109.75,65.3,109.77,3.1,109.78,36.0
1753769642897,06:14:02.897,bybit,LTC/USDT:USDT,109.76,39.6,109.75,65.3,109.77,3.1,109.78,36.0
1753769643197,06:14:03.197,bybit,LTC/USDT:USDT,109.76,36.0,109.75,65.3,109.77,3.1,109.78,29.6
1753769643598,06:14:03.598,bybit,LTC/USDT:USDT,109.76,39.6,109.75,65.3,109.77,3.1,109.78,29.6
1753769643797,06:14:03.797,bybit,LTC/USDT:USDT,109.76,39.6,109.75,65.3,109.77,3.1,109.78,17.9
1753769643999,06:14:03.999,bybit,LTC/USDT:USDT,109.76,39.6,109.75,65.3,109.77,3.1,109.78,17.9
1753769644097,06:14:04.097,bybit,LTC/USDT:USDT,109.76,39.6,109.75,65.3,109.77,0.2,109.78,17.9
1753769644297,06:14:04.297,bybit,LTC/USDT:USDT,109.77,91.4,109.76,73.2,109.78,5.7,109.79,41.6
1753769644397,06:14:04.397,bybit,LTC/USDT:USDT,109.77,92.3,109.76,72.3,109.78,2.4,109.79,20.3
1753769644497,06:14:04.497,bybit,LTC/USDT:USDT,109.77,92.3,109.76,72.3,109.78,2.4,109.79,20.3
1753769644597,06:14:04.597,bybit,LTC/USDT:USDT,109.77,92.3,109.76,72.3,109.78,2.3,109.79,20.3
1753769644698,06:14:04.698,bybit,LTC/USDT:USDT,109.78,57.0,109.77,68.2,109.79,9.1,109.8,37.7
1753769644797,06:14:04.797,bybit,LTC/USDT:USDT,109.78,57.0,109.77,75.1,109.79,9.1,109.8,37.7
1753769644997,06:14:04.997,bybit,LTC/USDT:USDT,109.78,71.6,109.77,75.1,109.79,9.1,109.8,53.7
1753769645097,06:14:05.097,bybit,LTC/USDT:USDT,109.78,75.2,109.77,75.1,109.79,9.1,109.8,53.7
1753769645197,06:14:05.197,bybit,LTC/USDT:USDT,109.78,75.2,109.77,75.1,109.79,0.4,109.8,53.7
1753769645297,06:14:05.297,bybit,LTC/USDT:USDT,109.78,75.2,109.77,75.1,109.79,0.4,109.8,47.3
1753769645397,06:14:05.397,bybit,LTC/USDT:USDT,109.78,75.2,109.77,75.1,109.79,0.4,109.8,47.3
1753769645497,06:14:05.497,bybit,LTC/USDT:USDT,109.78,81.6,109.77,75.1,109.79,0.4,109.8,44.4
1753769645597,06:14:05.597,bybit,LTC/USDT:USDT,109.78,81.6,109.77,75.1,109.79,0.4,109.8,34.4
1753769645797,06:14:05.797,bybit,LTC/USDT:USDT,109.78,83.7,109.77,75.1,109.79,0.4,109.8,34.4
1753769645897,06:14:05.897,bybit,LTC/USDT:USDT,109.78,83.7,109.77,75.1,109.79,0.9,109.8,34.4
1753769645997,06:14:05.997,bybit,LTC/USDT:USDT,109.78,83.7,109.77,75.1,109.79,0.9,109.8,34.4
1753769646099,06:14:06.099,bybit,LTC/USDT:USDT,109.78,93.7,109.77,75.1,109.79,0.9,109.8,44.4
1753769646197,06:14:06.197,bybit,LTC/USDT:USDT,109.78,93.7,109.77,75.1,109.79,0.9,109.8,44.4
1753769646297,06:14:06.297,bybit,LTC/USDT:USDT,109.78,93.7,109.77,75.1,109.79,0.9,109.8,44.4
1753769646496,06:14:06.496,bybit,LTC/USDT:USDT,109.78,93.7,109.77,75.1,109.79,0.9,109.8,34.4
1753769646797,06:14:06.797,bybit,LTC/USDT:USDT,109.78,83.7,109.77,75.1,109.79,0.9,109.8,34.4
1753769646897,06:14:06.897,bybit,LTC/USDT:USDT,109.78,87.3,109.77,75.1,109.79,0.9,109.8,24.8
1753769647197,06:14:07.197,bybit,LTC/USDT:USDT,109.79,91.8,109.78,96.9,109.8,4.4,109.81,15.3
1753769647297,06:14:07.297,bybit,LTC/USDT:USDT,109.79,91.8,109.78,88.1,109.8,4.4,109.81,15.3
1753769647497,06:14:07.497,bybit,LTC/USDT:USDT,109.79,91.8,109.78,88.1,109.8,4.3,109.81,15.3
1753769647697,06:14:07.697,bybit,LTC/USDT:USDT,109.79,91.8,109.78,88.1,109.8,4.2,109.81,15.3
1753769647797,06:14:07.797,bybit,LTC/USDT:USDT,109.79,91.8,109.78,88.1,109.8,4.2,109.81,15.3
1753769647997,06:14:07.997,bybit,LTC/USDT:USDT,109.79,92.6,109.78,88.1,109.8,4.2,109.81,15.3
1753769648099,06:14:08.099,bybit,LTC/USDT:USDT,109.79,92.6,109.78,88.1,109.8,4.2,109.81,15.3
1753769648197,06:14:08.197,bybit,LTC/USDT:USDT,109.79,92.6,109.78,88.1,109.8,4.2,109.81,15.3
1753769648297,06:14:08.297,bybit,LTC/USDT:USDT,109.79,92.6,109.78,88.1,109.8,4.2,109.81,15.3
1753769648497,06:14:08.497,bybit,LTC/USDT:USDT,109.79,92.6,109.78,88.1,109.8,4.2,109.81,15.3
1753769648597,06:14:08.597,bybit,LTC/USDT:USDT,109.79,92.6,109.78,88.1,109.8,4.2,109.81,15.3
1753769648697,06:14:08.697,bybit,LTC/USDT:USDT,109.79,92.6,109.78,88.1,109.8,4.2,109.81,15.3
1753769648797,06:14:08.797,bybit,LTC/USDT:USDT,109.79,92.6,109.78,94.9,109.8,3.4,109.81,15.3
1753769648897,06:14:08.897,bybit,LTC/USDT:USDT,109.79,92.6,109.78,94.9,109.8,3.4,109.81,15.3
1753769648996,06:14:08.996,bybit,LTC/USDT:USDT,109.79,92.6,109.78,94.9,109.8,3.4,109.81,25.3
1753769649196,06:14:09.196,bybit,LTC/USDT:USDT,109.79,75.9,109.78,91.3,109.8,12.5,109.81,26.2
1753769649298,06:14:09.298,bybit,LTC/USDT:USDT,109.79,75.9,109.78,91.3,109.8,12.5,109.81,26.2
1753769649597,06:14:09.597,bybit,LTC/USDT:USDT,109.79,79.3,109.78,94.7,109.8,3.4,109.81,34.7
1753769649797,06:14:09.797,bybit,LTC/USDT:USDT,109.79,79.3,109.78,94.7,109.8,3.4,109.81,34.7
1753769649997,06:14:09.997,bybit,LTC/USDT:USDT,109.79,89.3,109.78,94.7,109.8,3.4,109.81,34.7
1753769650097,06:14:10.097,bybit,LTC/USDT:USDT,109.79,89.3,109.78,94.7,109.8,3.4,109.81,34.7
1753769650296,06:14:10.296,bybit,LTC/USDT:USDT,109.79,89.3,109.78,94.7,109.8,3.4,109.81,34.7
1753769650497,06:14:10.497,bybit,LTC/USDT:USDT,109.79,89.3,109.78,94.7,109.8,3.4,109.81,34.7
1753769650897,06:14:10.897,bybit,LTC/USDT:USDT,109.79,89.3,109.78,94.7,109.8,3.4,109.81,34.7
1753769650997,06:14:10.997,bybit,LTC/USDT:USDT,109.79,89.3,109.78,94.7,109.8,3.4,109.81,34.7
1753769651097,06:14:11.097,bybit,LTC/USDT:USDT,109.79,89.3,109.78,94.7,109.8,4.0,109.81,34.7
1753769651197,06:14:11.197,bybit,LTC/USDT:USDT,109.79,89.3,109.78,94.7,109.8,4.0,109.81,24.7
1753769651297,06:14:11.297,bybit,LTC/USDT:USDT,109.79,89.3,109.78,94.7,109.8,4.0,109.81,24.7
1753769652397,06:14:12.397,bybit,LTC/USDT:USDT,109.79,89.3,109.78,94.7,109.8,4.0,109.81,24.7
1753769652497,06:14:12.497,bybit,LTC/USDT:USDT,109.79,85.9,109.78,94.7,109.8,4.0,109.81,24.7
1753769652597,06:14:12.597,bybit,LTC/USDT:USDT,109.79,89.2,109.78,94.7,109.8,3.9,109.81,24.7
1753769652697,06:14:12.697,bybit,LTC/USDT:USDT,109.79,89.2,109.78,94.7,109.8,3.9,109.81,24.7
1753769652797,06:14:12.797,bybit,LTC/USDT:USDT,109.79,89.2,109.78,94.7,109.8,3.9,109.81,24.7
1753769653097,06:14:13.097,bybit,LTC/USDT:USDT,109.79,85.9,109.78,94.7,109.8,3.9,109.81,24.7
1753769653197,06:14:13.197,bybit,LTC/USDT:USDT,109.79,86.9,109.78,94.7,109.8,3.9,109.81,24.7
1753769653297,06:14:13.297,bybit,LTC/USDT:USDT,109.79,90.2,109.78,94.7,109.8,3.9,109.81,24.7
1753769653397,06:14:13.397,bybit,LTC/USDT:USDT,109.79,90.2,109.78,94.7,109.8,3.9,109.81,24.7
1753769653497,06:14:13.497,bybit,LTC/USDT:USDT,109.79,86.9,109.78,94.7,109.8,3.9,109.81,24.7
1753769653997,06:14:13.997,bybit,LTC/USDT:USDT,109.79,86.9,109.78,94.7,109.8,3.9,109.81,24.7
1753769654099,06:14:14.099,bybit,LTC/USDT:USDT,109.79,89.4,109.78,92.6,109.8,3.9,109.81,24.7
1753769654497,06:14:14.497,bybit,LTC/USDT:USDT,109.79,89.4,109.78,92.6,109.8,3.9,109.81,24.7
1753769654597,06:14:14.597,bybit,LTC/USDT:USDT,109.79,89.4,109.78,92.6,109.8,3.9,109.81,24.7
1753769654697,06:14:14.697,bybit,LTC/USDT:USDT,109.79,89.4,109.78,89.2,109.8,3.9,109.81,24.7
1753769654797,06:14:14.797,bybit,LTC/USDT:USDT,109.79,89.4,109.78,89.2,109.8,3.9,109.81,24.7
1753769654897,06:14:14.897,bybit,LTC/USDT:USDT,109.79,89.4,109.78,89.2,109.8,3.9,109.81,24.7
1753769655097,06:14:15.097,bybit,LTC/USDT:USDT,109.79,92.7,109.78,92.5,109.8,3.9,109.81,34.7
1753769655297,06:14:15.297,bybit,LTC/USDT:USDT,109.79,92.7,109.78,92.5,109.8,3.9,109.81,34.7
1753769655397,06:14:15.397,bybit,LTC/USDT:USDT,109.79,89.4,109.78,89.2,109.8,3.9,109.81,34.7
1753769655497,06:14:15.497,bybit,LTC/USDT:USDT,109.79,89.4,109.78,89.2,109.8,3.9,109.81,34.7
1753769655597,06:14:15.597,bybit,LTC/USDT:USDT,109.79,89.7,109.78,89.2,109.8,3.9,109.81,38.0
1753769655697,06:14:15.697,bybit,LTC/USDT:USDT,109.79,90.7,109.78,89.2,109.8,3.9,109.81,38.0
1753769655797,06:14:15.797,bybit,LTC/USDT:USDT,109.79,89.9,109.78,89.2,109.8,3.9,109.81,38.0
1753769655897,06:14:15.897,bybit,LTC/USDT:USDT,109.79,89.9,109.78,89.2,109.8,3.9,109.81,34.7
1753769656100,06:14:16.100,bybit,LTC/USDT:USDT,109.79,89.9,109.78,89.2,109.8,3.9,109.81,38.0
1753769656197,06:14:16.197,bybit,LTC/USDT:USDT,109.79,89.9,109.78,89.2,109.8,3.9,109.81,38.0
1753769656497,06:14:16.497,bybit,LTC/USDT:USDT,109.79,89.9,109.78,82.8,109.8,3.9,109.81,39.2
1753769656797,06:14:16.797,bybit,LTC/USDT:USDT,109.79,89.9,109.78,86.1,109.8,3.9,109.81,34.7
