timestamp,time,exchange,symbol,bid1_price,bid1_volume,bid2_price,bid2_volume,ask1_price,ask1_volume,ask2_price,ask2_volume
1753769524708,06:12:04.708,bitmex,ETH/USDT:USDT,3808.37,25000.0,3808.06,20000.0,3808.66,210000.0,3808.85,318000.0
1753769524757,06:12:04.757,bitmex,ETH/USDT:USDT,3808.37,25000.0,3808.06,20000.0,3808.66,210000.0,3808.84,95000.0
1753769524806,06:12:04.806,bitmex,ETH/USDT:USDT,3808.37,25000.0,3808.06,20000.0,3808.66,210000.0,3808.84,95000.0
1753769524855,06:12:04.855,bitmex,ETH/USDT:USDT,3808.37,25000.0,3808.06,20000.0,3808.66,210000.0,3808.84,95000.0
1753769524904,06:12:04.904,bitmex,ETH/USDT:USDT,3808.37,25000.0,3808.06,20000.0,3808.66,210000.0,3808.84,95000.0
1753769524953,06:12:04.953,bitmex,ETH/USDT:USDT,3808.37,25000.0,3808.06,20000.0,3808.38,27000.0,3808.66,210000.0
1753769525002,06:12:05.002,bitmex,ETH/USDT:USDT,3808.37,25000.0,3808.06,20000.0,3808.38,27000.0,3808.66,210000.0
1753769525051,06:12:05.051,bitmex,ETH/USDT:USDT,3808.37,25000.0,3808.06,20000.0,3808.38,27000.0,3808.66,210000.0
1753769525117,06:12:05.117,bitmex,ETH/USDT:USDT,3808.37,25000.0,3808.06,20000.0,3808.38,27000.0,3808.66,210000.0
1753769525167,06:12:05.167,bitmex,ETH/USDT:USDT,3808.37,25000.0,3808.06,20000.0,3808.38,27000.0,3808.66,210000.0
1753769525216,06:12:05.216,bitmex,ETH/USDT:USDT,3808.37,25000.0,3808.06,20000.0,3808.38,27000.0,3808.65,63000.0
1753769525265,06:12:05.265,bitmex,ETH/USDT:USDT,3808.37,27000.0,3808.06,20000.0,3808.38,25000.0,3808.65,63000.0
1753769525314,06:12:05.314,bitmex,ETH/USDT:USDT,3808.37,25000.0,3808.05,20000.0,3808.38,25000.0,3808.65,63000.0
1753769525363,06:12:05.363,bitmex,ETH/USDT:USDT,3808.37,27000.0,3808.05,206000.0,3808.38,27000.0,3808.65,63000.0
1753769525412,06:12:05.412,bitmex,ETH/USDT:USDT,3808.37,25000.0,3808.05,20000.0,3808.38,25000.0,3808.65,63000.0
1753769525479,06:12:05.479,bitmex,ETH/USDT:USDT,3808.37,25000.0,3808.05,20000.0,3808.38,25000.0,3808.65,63000.0
1753769525936,06:12:05.936,bitmex,ETH/USDT:USDT,3808.37,25000.0,3808.05,20000.0,3808.38,27000.0,3808.65,63000.0
1753769525985,06:12:05.985,bitmex,ETH/USDT:USDT,3808.37,25000.0,3808.05,20000.0,3808.38,27000.0,3808.65,63000.0
1753769526058,06:12:06.058,bitmex,ETH/USDT:USDT,3808.37,25000.0,3808.05,20000.0,3808.38,27000.0,3808.65,63000.0
1753769526303,06:12:06.303,bitmex,ETH/USDT:USDT,3808.37,25000.0,3808.05,20000.0,3808.38,27000.0,3808.65,63000.0
1753769526450,06:12:06.450,bitmex,ETH/USDT:USDT,3808.37,25000.0,3808.05,206000.0,3808.58,27000.0,3808.66,210000.0
1753769526597,06:12:06.597,bitmex,ETH/USDT:USDT,3808.37,25000.0,3808.05,206000.0,3808.38,27000.0,3808.66,210000.0
1753769526646,06:12:06.646,bitmex,ETH/USDT:USDT,3808.37,25000.0,3808.05,206000.0,3808.38,27000.0,3808.66,210000.0
1753769526695,06:12:06.695,bitmex,ETH/USDT:USDT,3808.37,27000.0,3808.05,206000.0,3808.38,25000.0,3808.66,210000.0
1753769526744,06:12:06.744,bitmex,ETH/USDT:USDT,3808.37,25000.0,3808.05,206000.0,3808.38,27000.0,3808.66,210000.0
1753769526881,06:12:06.881,bitmex,ETH/USDT:USDT,3808.37,27000.0,3808.05,206000.0,3808.38,27000.0,3808.66,210000.0
1753769527029,06:12:07.029,bitmex,ETH/USDT:USDT,3808.37,25000.0,3808.05,206000.0,3808.38,27000.0,3808.66,210000.0
1753769527078,06:12:07.078,bitmex,ETH/USDT:USDT,3808.37,25000.0,3808.05,206000.0,3808.38,27000.0,3808.66,210000.0
1753769527127,06:12:07.127,bitmex,ETH/USDT:USDT,3808.37,27000.0,3808.05,206000.0,3808.38,25000.0,3808.66,210000.0
1753769527176,06:12:07.176,bitmex,ETH/USDT:USDT,3808.37,25000.0,3808.05,206000.0,3808.38,27000.0,3808.66,210000.0
1753769527225,06:12:07.225,bitmex,ETH/USDT:USDT,3808.37,27000.0,3808.05,206000.0,3808.38,25000.0,3808.66,210000.0
1753769527274,06:12:07.274,bitmex,ETH/USDT:USDT,3808.37,27000.0,3808.05,206000.0,3808.38,25000.0,3808.66,210000.0
1753769527323,06:12:07.323,bitmex,ETH/USDT:USDT,3808.37,25000.0,3808.05,206000.0,3808.38,25000.0,3808.66,210000.0
1753769527424,06:12:07.424,bitmex,ETH/USDT:USDT,3808.37,25000.0,3808.05,206000.0,3808.38,25000.0,3808.66,210000.0
1753769527541,06:12:07.541,bitmex,ETH/USDT:USDT,3808.37,25000.0,3808.05,206000.0,3808.38,25000.0,3808.66,210000.0
1753769527724,06:12:07.724,bitmex,ETH/USDT:USDT,3808.37,25000.0,3808.05,206000.0,3808.66,210000.0,3808.84,95000.0
1753769528016,06:12:08.016,bitmex,ETH/USDT:USDT,3808.37,25000.0,3808.05,206000.0,3808.38,25000.0,3808.66,210000.0
1753769528065,06:12:08.065,bitmex,ETH/USDT:USDT,3808.37,27000.0,3808.05,206000.0,3808.38,25000.0,3808.66,210000.0
1753769528119,06:12:08.119,bitmex,ETH/USDT:USDT,3808.37,27000.0,3808.05,206000.0,3808.38,25000.0,3808.66,210000.0
1753769528168,06:12:08.168,bitmex,ETH/USDT:USDT,3808.37,25000.0,3808.05,206000.0,3808.38,27000.0,3808.66,210000.0
1753769528217,06:12:08.217,bitmex,ETH/USDT:USDT,3808.37,25000.0,3808.05,206000.0,3808.38,27000.0,3808.66,210000.0
1753769528312,06:12:08.312,bitmex,ETH/USDT:USDT,3808.37,25000.0,3808.05,206000.0,3808.38,25000.0,3808.66,210000.0
1753769528361,06:12:08.361,bitmex,ETH/USDT:USDT,3808.37,27000.0,3808.05,206000.0,3808.38,25000.0,3808.66,210000.0
1753769528451,06:12:08.451,bitmex,ETH/USDT:USDT,3808.37,25000.0,3808.05,206000.0,3808.38,25000.0,3808.66,210000.0
1753769528500,06:12:08.500,bitmex,ETH/USDT:USDT,3808.37,25000.0,3808.05,206000.0,3808.38,27000.0,3808.66,210000.0
1753769528549,06:12:08.549,bitmex,ETH/USDT:USDT,3808.37,25000.0,3808.05,206000.0,3808.38,27000.0,3808.66,210000.0
1753769528598,06:12:08.598,bitmex,ETH/USDT:USDT,3808.37,25000.0,3808.05,206000.0,3808.38,27000.0,3808.66,210000.0
1753769528647,06:12:08.647,bitmex,ETH/USDT:USDT,3808.37,25000.0,3808.05,206000.0,3808.38,27000.0,3808.66,210000.0
1753769528696,06:12:08.696,bitmex,ETH/USDT:USDT,3808.37,25000.0,3808.05,206000.0,3808.38,27000.0,3808.66,210000.0
1753769528893,06:12:08.893,bitmex,ETH/USDT:USDT,3808.37,27000.0,3808.05,206000.0,3808.38,27000.0,3808.66,210000.0
1753769528943,06:12:08.943,bitmex,ETH/USDT:USDT,3808.37,25000.0,3808.05,206000.0,3808.38,27000.0,3808.66,210000.0
1753769528992,06:12:08.992,bitmex,ETH/USDT:USDT,3808.37,25000.0,3808.05,206000.0,3808.46,2000.0,3808.66,210000.0
1753769529044,06:12:09.044,bitmex,ETH/USDT:USDT,3808.37,25000.0,3808.05,206000.0,3808.46,2000.0,3808.66,210000.0
1753769529093,06:12:09.093,bitmex,ETH/USDT:USDT,3808.37,25000.0,3808.05,206000.0,3808.38,2000.0,3808.46,25000.0
1753769529142,06:12:09.142,bitmex,ETH/USDT:USDT,3808.37,25000.0,3808.05,206000.0,3808.38,25000.0,3808.65,63000.0
1753769529191,06:12:09.191,bitmex,ETH/USDT:USDT,3808.37,25000.0,3808.05,206000.0,3808.38,25000.0,3808.66,210000.0
1753769529240,06:12:09.240,bitmex,ETH/USDT:USDT,3808.37,27000.0,3808.05,206000.0,3808.38,25000.0,3808.66,210000.0
1753769529289,06:12:09.289,bitmex,ETH/USDT:USDT,3808.37,25000.0,3808.05,206000.0,3808.38,27000.0,3808.66,210000.0
1753769529936,06:12:09.936,bitmex,ETH/USDT:USDT,3808.37,25000.0,3808.05,206000.0,3808.38,25000.0,3808.66,210000.0
1753769530029,06:12:10.029,bitmex,ETH/USDT:USDT,3808.37,25000.0,3808.05,206000.0,3808.38,27000.0,3808.66,210000.0
1753769530079,06:12:10.079,bitmex,ETH/USDT:USDT,3808.37,25000.0,3808.05,206000.0,3808.38,25000.0,3808.66,210000.0
1753769530128,06:12:10.128,bitmex,ETH/USDT:USDT,3808.37,25000.0,3808.05,206000.0,3808.38,25000.0,3808.65,63000.0
1753769530277,06:12:10.277,bitmex,ETH/USDT:USDT,3808.37,25000.0,3808.05,206000.0,3808.38,27000.0,3808.65,63000.0
1753769530326,06:12:10.326,bitmex,ETH/USDT:USDT,3808.37,25000.0,3808.05,206000.0,3808.38,27000.0,3808.65,63000.0
1753769530375,06:12:10.375,bitmex,ETH/USDT:USDT,3808.37,25000.0,3808.05,144000.0,3808.38,27000.0,3808.57,210000.0
1753769530424,06:12:10.424,bitmex,ETH/USDT:USDT,3808.37,27000.0,3808.05,144000.0,3808.38,25000.0,3808.57,210000.0
1753769530473,06:12:10.473,bitmex,ETH/USDT:USDT,3808.37,27000.0,3808.05,144000.0,3808.38,27000.0,3808.57,210000.0
1753769530523,06:12:10.523,bitmex,ETH/USDT:USDT,3808.37,25000.0,3808.05,144000.0,3808.38,27000.0,3808.57,210000.0
1753769530572,06:12:10.572,bitmex,ETH/USDT:USDT,3808.37,27000.0,3808.05,144000.0,3808.38,25000.0,3808.57,210000.0
1753769531383,06:12:11.383,bitmex,ETH/USDT:USDT,3808.58,2000.0,3808.38,17000.0,3808.84,25000.0,3808.85,318000.0
1753769531432,06:12:11.432,bitmex,ETH/USDT:USDT,3808.38,17000.0,3808.37,25000.0,3808.84,25000.0,3808.85,318000.0
1753769531481,06:12:11.481,bitmex,ETH/USDT:USDT,3808.37,25000.0,3808.05,144000.0,3808.84,25000.0,3808.85,318000.0
1753769531530,06:12:11.530,bitmex,ETH/USDT:USDT,3808.58,2000.0,3808.38,17000.0,3808.85,318000.0,3809.18,45000.0
1753769531579,06:12:11.579,bitmex,ETH/USDT:USDT,3808.37,25000.0,3808.05,144000.0,3808.63,2000.0,3808.83,25000.0
1753769531628,06:12:11.628,bitmex,ETH/USDT:USDT,3808.58,2000.0,3808.57,2000.0,3808.83,25000.0,3808.84,25000.0
1753769531903,06:12:11.903,bitmex,ETH/USDT:USDT,3808.58,2000.0,3808.38,17000.0,3808.83,25000.0,3808.85,318000.0
1753769532001,06:12:12.001,bitmex,ETH/USDT:USDT,3808.58,17000.0,3808.37,25000.0,3808.59,27000.0,3808.85,318000.0
1753769532050,06:12:12.050,bitmex,ETH/USDT:USDT,3808.58,17000.0,3808.37,25000.0,3808.59,27000.0,3808.85,318000.0
1753769532148,06:12:12.148,bitmex,ETH/USDT:USDT,3808.58,17000.0,3808.37,25000.0,3808.59,27000.0,3808.85,318000.0
1753769532197,06:12:12.197,bitmex,ETH/USDT:USDT,3808.37,25000.0,3808.05,144000.0,3808.59,27000.0,3808.85,318000.0
1753769532246,06:12:12.246,bitmex,ETH/USDT:USDT,3808.57,2000.0,3808.38,17000.0,3808.85,318000.0,3809.18,45000.0
1753769532295,06:12:12.295,bitmex,ETH/USDT:USDT,3808.38,17000.0,3808.37,25000.0,3808.84,25000.0,3808.85,318000.0
1753769532393,06:12:12.393,bitmex,ETH/USDT:USDT,3808.38,17000.0,3808.37,25000.0,3808.83,25000.0,3808.85,318000.0
1753769532442,06:12:12.442,bitmex,ETH/USDT:USDT,3808.37,25000.0,3808.05,144000.0,3808.83,25000.0,3808.85,318000.0
1753769532491,06:12:12.491,bitmex,ETH/USDT:USDT,3808.37,25000.0,3808.05,144000.0,3808.83,25000.0,3808.84,95000.0
1753769532589,06:12:12.589,bitmex,ETH/USDT:USDT,3808.37,25000.0,3808.05,144000.0,3808.83,25000.0,3808.84,95000.0
1753769532638,06:12:12.638,bitmex,ETH/USDT:USDT,3808.37,25000.0,3808.05,144000.0,3808.83,25000.0,3808.84,95000.0
1753769532687,06:12:12.687,bitmex,ETH/USDT:USDT,3808.37,25000.0,3808.05,144000.0,3808.83,25000.0,3808.84,95000.0
1753769533380,06:12:13.380,bitmex,ETH/USDT:USDT,3808.37,25000.0,3808.05,144000.0,3808.63,25000.0,3808.84,95000.0
1753769533517,06:12:13.517,bitmex,ETH/USDT:USDT,3808.37,25000.0,3808.05,144000.0,3808.84,95000.0,3808.85,318000.0
1753769533624,06:12:13.624,bitmex,ETH/USDT:USDT,3808.37,25000.0,3808.05,144000.0,3808.84,95000.0,3808.85,318000.0
1753769533754,06:12:13.754,bitmex,ETH/USDT:USDT,3808.37,25000.0,3808.05,144000.0,3808.84,95000.0,3808.85,318000.0
1753769533852,06:12:13.852,bitmex,ETH/USDT:USDT,3808.38,17000.0,3808.37,25000.0,3808.84,25000.0,3808.85,318000.0
1753769533901,06:12:13.901,bitmex,ETH/USDT:USDT,3808.38,17000.0,3808.37,25000.0,3808.84,25000.0,3808.85,318000.0
1753769533950,06:12:13.950,bitmex,ETH/USDT:USDT,3808.58,2000.0,3808.38,17000.0,3808.64,2000.0,3808.83,25000.0
1753769533999,06:12:13.999,bitmex,ETH/USDT:USDT,3808.38,17000.0,3808.37,25000.0,3808.85,318000.0,3809.18,45000.0
1753769534048,06:12:14.048,bitmex,ETH/USDT:USDT,3808.38,17000.0,3808.37,25000.0,3808.85,318000.0,3809.18,45000.0
1753769534097,06:12:14.097,bitmex,ETH/USDT:USDT,3808.38,17000.0,3808.37,25000.0,3808.85,318000.0,3809.18,45000.0
1753769534146,06:12:14.146,bitmex,ETH/USDT:USDT,3808.38,17000.0,3808.37,25000.0,3808.85,318000.0,3809.18,45000.0
1753769534195,06:12:14.195,bitmex,ETH/USDT:USDT,3808.37,25000.0,3808.05,144000.0,3808.65,2000.0,3808.85,318000.0
1753769534244,06:12:14.244,bitmex,ETH/USDT:USDT,3808.58,17000.0,3808.37,25000.0,3808.83,25000.0,3808.85,318000.0
1753769534293,06:12:14.293,bitmex,ETH/USDT:USDT,3808.58,17000.0,3808.37,25000.0,3808.85,318000.0,3809.18,45000.0
1753769534342,06:12:14.342,bitmex,ETH/USDT:USDT,3808.58,17000.0,3808.37,25000.0,3808.85,318000.0,3809.19,64000.0
1753769534391,06:12:14.391,bitmex,ETH/USDT:USDT,3808.58,17000.0,3808.37,25000.0,3808.85,318000.0,3809.19,64000.0
1753769534440,06:12:14.440,bitmex,ETH/USDT:USDT,3808.38,17000.0,3808.37,25000.0,3808.85,318000.0,3809.19,64000.0
1753769534489,06:12:14.489,bitmex,ETH/USDT:USDT,3808.59,17000.0,3808.58,20000.0,3808.79,2000.0,3808.85,318000.0
1753769534538,06:12:14.538,bitmex,ETH/USDT:USDT,3808.58,20000.0,3808.37,25000.0,3808.85,318000.0,3809.19,64000.0
1753769535186,06:12:15.186,bitmex,ETH/USDT:USDT,3808.59,17000.0,3808.37,25000.0,3808.85,318000.0,3809.19,64000.0
1753769535261,06:12:15.261,bitmex,ETH/USDT:USDT,3808.59,17000.0,3808.37,25000.0,3808.85,318000.0,3809.19,64000.0
1753769535395,06:12:15.395,bitmex,ETH/USDT:USDT,3808.59,17000.0,3808.37,25000.0,3808.85,318000.0,3809.19,64000.0
1753769535444,06:12:15.444,bitmex,ETH/USDT:USDT,3808.37,25000.0,3808.05,144000.0,3808.84,25000.0,3808.85,318000.0
1753769535493,06:12:15.493,bitmex,ETH/USDT:USDT,3808.59,17000.0,3808.37,25000.0,3808.84,25000.0,3808.85,318000.0
1753769535576,06:12:15.576,bitmex,ETH/USDT:USDT,3808.79,2000.0,3808.59,17000.0,3808.84,25000.0,3808.85,318000.0
1753769535871,06:12:15.871,bitmex,ETH/USDT:USDT,3808.59,17000.0,3808.37,25000.0,3808.78,25000.0,3808.85,318000.0
1753769535932,06:12:15.932,bitmex,ETH/USDT:USDT,3808.59,17000.0,3808.37,25000.0,3808.78,25000.0,3808.85,318000.0
1753769536031,06:12:16.031,bitmex,ETH/USDT:USDT,3808.59,17000.0,3808.37,25000.0,3808.85,318000.0,3809.19,64000.0
1753769536165,06:12:16.165,bitmex,ETH/USDT:USDT,3808.38,17000.0,3808.37,25000.0,3808.82,25000.0,3808.85,318000.0
1753769536214,06:12:16.214,bitmex,ETH/USDT:USDT,3808.79,2000.0,3808.59,17000.0,3808.81,25000.0,3808.85,318000.0
1753769536263,06:12:16.263,bitmex,ETH/USDT:USDT,3808.58,17000.0,3808.37,25000.0,3808.84,25000.0,3808.85,318000.0
1753769536312,06:12:16.312,bitmex,ETH/USDT:USDT,3808.58,17000.0,3808.37,25000.0,3808.64,2000.0,3808.85,318000.0
1753769536361,06:12:16.361,bitmex,ETH/USDT:USDT,3808.37,25000.0,3808.17,192000.0,3808.83,25000.0,3808.99,318000.0
1753769536410,06:12:16.410,bitmex,ETH/USDT:USDT,3808.59,17000.0,3808.37,25000.0,3808.81,25000.0,3808.82,25000.0
1753769536459,06:12:16.459,bitmex,ETH/USDT:USDT,3808.6,17000.0,3808.37,25000.0,3808.99,318000.0,3809.19,64000.0
1753769536508,06:12:16.508,bitmex,ETH/USDT:USDT,3808.58,17000.0,3808.38,17000.0,3808.98,25000.0,3808.99,318000.0
1753769536557,06:12:16.557,bitmex,ETH/USDT:USDT,3808.38,17000.0,3808.37,25000.0,3808.97,25000.0,3808.99,318000.0
1753769536606,06:12:16.606,bitmex,ETH/USDT:USDT,3808.37,25000.0,3808.17,192000.0,3808.79,2000.0,3808.98,25000.0
1753769536655,06:12:16.655,bitmex,ETH/USDT:USDT,3808.59,17000.0,3808.37,25000.0,3808.78,25000.0,3808.99,318000.0
1753769536704,06:12:16.704,bitmex,ETH/USDT:USDT,3808.38,17000.0,3808.37,25000.0,3808.97,25000.0,3808.98,25000.0
1753769536753,06:12:16.753,bitmex,ETH/USDT:USDT,3808.38,17000.0,3808.37,25000.0,3808.97,25000.0,3808.99,318000.0
1753769536802,06:12:16.802,bitmex,ETH/USDT:USDT,3808.37,25000.0,3808.17,192000.0,3808.94,25000.0,3808.99,318000.0
1753769536851,06:12:16.851,bitmex,ETH/USDT:USDT,3808.38,17000.0,3808.37,25000.0,3808.93,25000.0,3808.99,318000.0
1753769536900,06:12:16.900,bitmex,ETH/USDT:USDT,3808.38,17000.0,3808.37,25000.0,3808.93,25000.0,3808.99,318000.0
1753769537454,06:12:17.454,bitmex,ETH/USDT:USDT,3808.59,17000.0,3808.37,25000.0,3808.74,25000.0,3808.99,318000.0
1753769537790,06:12:17.790,bitmex,ETH/USDT:USDT,3808.59,17000.0,3808.41,315000.0,3809.19,64000.0,3810.48,569000.0
1753769537993,06:12:17.993,bitmex,ETH/USDT:USDT,3808.99,17000.0,3808.73,208000.0,3809.72,25000.0,3809.75,210000.0
1753769538042,06:12:18.042,bitmex,ETH/USDT:USDT,3808.73,208000.0,3808.6,411000.0,3809.7,25000.0,3809.75,210000.0
1753769538091,06:12:18.091,bitmex,ETH/USDT:USDT,3808.73,208000.0,3808.6,411000.0,3809.69,25000.0,3809.75,210000.0
1753769538140,06:12:18.140,bitmex,ETH/USDT:USDT,3808.73,208000.0,3808.6,411000.0,3809.69,25000.0,3809.75,210000.0
1753769538189,06:12:18.189,bitmex,ETH/USDT:USDT,3808.73,208000.0,3808.6,411000.0,3809.69,25000.0,3809.75,210000.0
1753769538272,06:12:18.272,bitmex,ETH/USDT:USDT,3808.73,208000.0,3808.6,411000.0,3809.69,25000.0,3809.75,210000.0
1753769538322,06:12:18.322,bitmex,ETH/USDT:USDT,3808.74,17000.0,3808.73,208000.0,3809.68,25000.0,3809.75,210000.0
1753769538420,06:12:18.420,bitmex,ETH/USDT:USDT,3808.74,203000.0,3808.73,208000.0,3809.67,25000.0,3809.75,210000.0
1753769538469,06:12:18.469,bitmex,ETH/USDT:USDT,3808.95,17000.0,3808.74,186000.0,3809.66,25000.0,3809.75,210000.0
1753769538518,06:12:18.518,bitmex,ETH/USDT:USDT,3808.95,19000.0,3808.94,2000.0,3809.43,25000.0,3809.75,210000.0
1753769538567,06:12:18.567,bitmex,ETH/USDT:USDT,3808.95,17000.0,3808.74,186000.0,3809.37,25000.0,3809.38,210000.0
1753769538616,06:12:18.616,bitmex,ETH/USDT:USDT,3808.75,17000.0,3808.74,186000.0,3809.32,25000.0,3809.33,25000.0
1753769538665,06:12:18.665,bitmex,ETH/USDT:USDT,3808.75,17000.0,3808.74,186000.0,3809.67,210000.0,3809.85,95000.0
1753769538763,06:12:18.763,bitmex,ETH/USDT:USDT,3808.75,17000.0,3808.74,186000.0,3809.67,210000.0,3809.85,95000.0
1753769538812,06:12:18.812,bitmex,ETH/USDT:USDT,3808.75,17000.0,3808.74,186000.0,3809.65,25000.0,3809.66,63000.0
1753769539069,06:12:19.069,bitmex,ETH/USDT:USDT,3808.74,186000.0,3808.73,208000.0,3810.09,14000.0,3810.49,14000.0
1753769539167,06:12:19.167,bitmex,ETH/USDT:USDT,3808.75,17000.0,3808.74,186000.0,3809.22,25000.0,3809.28,210000.0
1753769539314,06:12:19.314,bitmex,ETH/USDT:USDT,3808.95,17000.0,3808.74,186000.0,3809.28,210000.0,3809.47,318000.0
1753769539363,06:12:19.363,bitmex,ETH/USDT:USDT,3808.95,17000.0,3808.74,186000.0,3809.28,210000.0,3809.47,318000.0
1753769539461,06:12:19.461,bitmex,ETH/USDT:USDT,3809.16,17000.0,3808.74,186000.0,3809.28,210000.0,3809.47,318000.0
1753769539717,06:12:19.717,bitmex,ETH/USDT:USDT,3808.75,17000.0,3808.74,186000.0,3809.28,210000.0,3809.47,318000.0
1753769539766,06:12:19.766,bitmex,ETH/USDT:USDT,3808.75,17000.0,3808.74,186000.0,3809.28,210000.0,3809.47,318000.0
1753769540206,06:12:20.206,bitmex,ETH/USDT:USDT,3808.96,17000.0,3808.74,186000.0,3809.28,210000.0,3809.47,318000.0
1753769540491,06:12:20.491,bitmex,ETH/USDT:USDT,3809.17,17000.0,3808.94,2000.0,3809.28,210000.0,3809.47,318000.0
1753769540540,06:12:20.540,bitmex,ETH/USDT:USDT,3809.27,17000.0,3808.74,186000.0,3809.28,210000.0,3809.47,318000.0
1753769540981,06:12:20.981,bitmex,ETH/USDT:USDT,3809.28,79000.0,3809.27,208000.0,3810.14,25000.0,3810.17,210000.0
1753769541030,06:12:21.030,bitmex,ETH/USDT:USDT,3809.28,79000.0,3809.27,208000.0,3810.14,25000.0,3810.17,210000.0
1753769541079,06:12:21.079,bitmex,ETH/USDT:USDT,3809.28,79000.0,3809.27,208000.0,3810.14,25000.0,3810.17,210000.0
1753769541128,06:12:21.128,bitmex,ETH/USDT:USDT,3809.28,79000.0,3809.27,208000.0,3810.14,25000.0,3810.17,210000.0
1753769541282,06:12:21.282,bitmex,ETH/USDT:USDT,3809.48,2000.0,3809.28,79000.0,3810.14,25000.0,3810.17,210000.0
1753769541331,06:12:21.331,bitmex,ETH/USDT:USDT,3809.49,17000.0,3809.28,62000.0,3810.13,25000.0,3810.17,210000.0
1753769541397,06:12:21.397,bitmex,ETH/USDT:USDT,3809.69,2000.0,3809.49,17000.0,3810.13,25000.0,3810.17,210000.0
1753769541446,06:12:21.446,bitmex,ETH/USDT:USDT,3809.7,2000.0,3809.5,17000.0,3810.09,25000.0,3810.17,210000.0
1753769541495,06:12:21.495,bitmex,ETH/USDT:USDT,3809.28,62000.0,3809.27,208000.0,3810.17,210000.0,3810.35,95000.0
1753769541495,06:12:21.495,bitmex,ETH/USDT:USDT,3809.5,17000.0,3809.28,62000.0,3809.85,25000.0,3809.86,25000.0
1753769541544,06:12:21.544,bitmex,ETH/USDT:USDT,3809.5,17000.0,3809.28,62000.0,3810.16,25000.0,3810.17,210000.0
1753769541780,06:12:21.780,bitmex,ETH/USDT:USDT,3809.5,17000.0,3809.28,62000.0,3810.16,25000.0,3810.17,210000.0
1753769541829,06:12:21.829,bitmex,ETH/USDT:USDT,3809.5,17000.0,3809.28,62000.0,3810.16,25000.0,3810.17,210000.0
1753769541883,06:12:21.883,bitmex,ETH/USDT:USDT,3809.5,17000.0,3809.28,62000.0,3810.16,25000.0,3810.17,210000.0
1753769541933,06:12:21.933,bitmex,ETH/USDT:USDT,3809.5,17000.0,3809.28,62000.0,3810.16,25000.0,3810.17,210000.0
1753769541982,06:12:21.982,bitmex,ETH/USDT:USDT,3809.5,17000.0,3809.28,62000.0,3809.96,2000.0,3810.16,25000.0
1753769542031,06:12:22.031,bitmex,ETH/USDT:USDT,3809.74,17000.0,3809.28,62000.0,3810.16,25000.0,3810.17,210000.0
1753769542522,06:12:22.522,bitmex,ETH/USDT:USDT,3809.08,619000.0,3808.89,315000.0,3809.52,210000.0,3809.71,318000.0
1753769542522,06:12:22.522,bitmex,ETH/USDT:USDT,3809.08,619000.0,3808.9,95000.0,3809.52,210000.0,3809.71,318000.0
1753769542571,06:12:22.571,bitmex,ETH/USDT:USDT,3809.08,619000.0,3808.9,95000.0,3809.52,210000.0,3809.7,95000.0
1753769542620,06:12:22.620,bitmex,ETH/USDT:USDT,3809.08,619000.0,3808.9,95000.0,3809.52,210000.0,3809.7,95000.0
1753769542669,06:12:22.669,bitmex,ETH/USDT:USDT,3809.08,619000.0,3808.9,95000.0,3809.52,210000.0,3809.7,95000.0
1753769542843,06:12:22.843,bitmex,ETH/USDT:USDT,3809.09,203000.0,3809.08,619000.0,3809.51,25000.0,3809.52,210000.0
1753769542893,06:12:22.893,bitmex,ETH/USDT:USDT,3809.09,203000.0,3809.08,619000.0,3809.51,25000.0,3809.52,210000.0
1753769542942,06:12:22.942,bitmex,ETH/USDT:USDT,3809.09,203000.0,3809.08,619000.0,3809.51,25000.0,3809.52,210000.0
1753769542991,06:12:22.991,bitmex,ETH/USDT:USDT,3809.09,203000.0,3809.08,619000.0,3809.51,25000.0,3809.52,210000.0
1753769543089,06:12:23.089,bitmex,ETH/USDT:USDT,3809.09,203000.0,3809.08,619000.0,3809.51,25000.0,3809.52,210000.0
1753769543138,06:12:23.138,bitmex,ETH/USDT:USDT,3809.09,203000.0,3809.08,619000.0,3809.51,25000.0,3809.52,210000.0
1753769543187,06:12:23.187,bitmex,ETH/USDT:USDT,3809.09,203000.0,3809.08,619000.0,3809.52,210000.0,3809.71,318000.0
1753769543285,06:12:23.285,bitmex,ETH/USDT:USDT,3809.09,203000.0,3809.08,619000.0,3809.52,210000.0,3809.71,318000.0
1753769543334,06:12:23.334,bitmex,ETH/USDT:USDT,3809.09,203000.0,3809.08,619000.0,3809.52,210000.0,3809.71,318000.0
1753769543823,06:12:23.823,bitmex,ETH/USDT:USDT,3809.1,17000.0,3809.09,186000.0,3809.52,210000.0,3809.71,318000.0
1753769543974,06:12:23.974,bitmex,ETH/USDT:USDT,3809.3,2000.0,3809.1,17000.0,3809.52,210000.0,3809.71,318000.0
1753769544024,06:12:24.024,bitmex,ETH/USDT:USDT,3809.09,186000.0,3809.08,619000.0,3809.5,25000.0,3809.52,210000.0
1753769544073,06:12:24.073,bitmex,ETH/USDT:USDT,3809.1,17000.0,3809.09,186000.0,3809.46,25000.0,3809.47,25000.0
1753769544122,06:12:24.122,bitmex,ETH/USDT:USDT,3809.1,17000.0,3809.09,186000.0,3809.46,25000.0,3809.52,210000.0
1753769544183,06:12:24.183,bitmex,ETH/USDT:USDT,3809.3,2000.0,3809.1,17000.0,3809.46,25000.0,3809.52,210000.0
1753769544331,06:12:24.331,bitmex,ETH/USDT:USDT,3809.09,186000.0,3809.08,619000.0,3809.31,2000.0,3809.52,210000.0
1753769544439,06:12:24.439,bitmex,ETH/USDT:USDT,3809.3,2000.0,3809.1,17000.0,3809.51,25000.0,3809.52,210000.0
1753769544488,06:12:24.488,bitmex,ETH/USDT:USDT,3809.3,2000.0,3809.09,186000.0,3809.51,25000.0,3809.52,210000.0
1753769544622,06:12:24.622,bitmex,ETH/USDT:USDT,3809.3,2000.0,3809.09,186000.0,3809.31,2000.0,3809.51,25000.0
1753769545028,06:12:25.028,bitmex,ETH/USDT:USDT,3809.1,17000.0,3809.09,186000.0,3809.51,25000.0,3809.52,210000.0
1753769545077,06:12:25.077,bitmex,ETH/USDT:USDT,3809.1,17000.0,3809.09,186000.0,3809.51,25000.0,3809.52,210000.0
1753769545126,06:12:25.126,bitmex,ETH/USDT:USDT,3809.3,2000.0,3809.1,17000.0,3809.51,25000.0,3809.52,210000.0
1753769545175,06:12:25.175,bitmex,ETH/USDT:USDT,3809.1,17000.0,3809.09,186000.0,3809.49,25000.0,3809.52,210000.0
1753769545224,06:12:25.224,bitmex,ETH/USDT:USDT,3809.1,17000.0,3809.09,186000.0,3809.49,25000.0,3809.52,210000.0
1753769545273,06:12:25.273,bitmex,ETH/USDT:USDT,3809.1,17000.0,3809.09,186000.0,3809.49,25000.0,3809.52,210000.0
1753769545322,06:12:25.322,bitmex,ETH/USDT:USDT,3809.1,17000.0,3809.09,186000.0,3809.52,210000.0,3809.71,318000.0
1753769545371,06:12:25.371,bitmex,ETH/USDT:USDT,3809.1,17000.0,3809.09,186000.0,3809.52,210000.0,3809.71,318000.0
1753769545420,06:12:25.420,bitmex,ETH/USDT:USDT,3809.1,17000.0,3809.09,186000.0,3809.52,210000.0,3809.71,318000.0
1753769545472,06:12:25.472,bitmex,ETH/USDT:USDT,3809.3,2000.0,3809.1,17000.0,3809.52,210000.0,3809.71,318000.0
1753769545522,06:12:25.522,bitmex,ETH/USDT:USDT,3809.09,186000.0,3809.08,619000.0,3809.52,210000.0,3809.71,318000.0
1753769545571,06:12:25.571,bitmex,ETH/USDT:USDT,3809.1,17000.0,3809.09,186000.0,3809.52,210000.0,3809.71,318000.0
1753769545620,06:12:25.620,bitmex,ETH/USDT:USDT,3809.1,17000.0,3809.09,186000.0,3809.52,210000.0,3809.71,318000.0
1753769545669,06:12:25.669,bitmex,ETH/USDT:USDT,3809.51,2000.0,3809.09,186000.0,3809.52,210000.0,3809.71,318000.0
1753769545723,06:12:25.723,bitmex,ETH/USDT:USDT,3809.51,2000.0,3809.09,186000.0,3809.52,212000.0,3809.71,318000.0
1753769545773,06:12:25.773,bitmex,ETH/USDT:USDT,3809.1,17000.0,3809.09,186000.0,3809.52,210000.0,3809.71,318000.0
1753769545822,06:12:25.822,bitmex,ETH/USDT:USDT,3809.3,17000.0,3809.1,17000.0,3809.52,210000.0,3809.71,318000.0
1753769546683,06:12:26.683,bitmex,ETH/USDT:USDT,3809.08,619000.0,3808.89,315000.0,3809.5,25000.0,3809.51,63000.0
1753769546782,06:12:26.782,bitmex,ETH/USDT:USDT,3809.08,619000.0,3808.89,315000.0,3809.5,25000.0,3809.51,63000.0
1753769546831,06:12:26.831,bitmex,ETH/USDT:USDT,3809.08,208000.0,3808.89,315000.0,3809.09,25000.0,3809.5,25000.0
1753769546880,06:12:26.880,bitmex,ETH/USDT:USDT,3809.08,208000.0,3808.89,315000.0,3809.09,25000.0,3809.5,25000.0
1753769546929,06:12:26.929,bitmex,ETH/USDT:USDT,3809.08,208000.0,3808.89,315000.0,3809.09,25000.0,3809.5,25000.0
1753769547286,06:12:27.286,bitmex,ETH/USDT:USDT,3809.08,208000.0,3808.89,726000.0,3809.51,63000.0,3809.52,210000.0
1753769547335,06:12:27.335,bitmex,ETH/USDT:USDT,3809.08,208000.0,3808.89,726000.0,3809.51,63000.0,3809.52,210000.0
1753769547384,06:12:27.384,bitmex,ETH/USDT:USDT,3809.08,208000.0,3808.89,726000.0,3809.51,63000.0,3809.52,210000.0
1753769547433,06:12:27.433,bitmex,ETH/USDT:USDT,3809.08,208000.0,3808.89,726000.0,3809.31,2000.0,3809.51,63000.0
1753769547482,06:12:27.482,bitmex,ETH/USDT:USDT,3809.08,208000.0,3808.89,726000.0,3809.51,63000.0,3809.52,210000.0
1753769547531,06:12:27.531,bitmex,ETH/USDT:USDT,3809.08,208000.0,3808.89,726000.0,3809.31,2000.0,3809.51,63000.0
1753769547580,06:12:27.580,bitmex,ETH/USDT:USDT,3809.08,208000.0,3808.89,726000.0,3809.51,63000.0,3809.52,210000.0
1753769547629,06:12:27.629,bitmex,ETH/USDT:USDT,3809.08,208000.0,3808.89,726000.0,3809.51,63000.0,3809.52,210000.0
1753769547678,06:12:27.678,bitmex,ETH/USDT:USDT,3809.08,208000.0,3808.89,726000.0,3809.51,63000.0,3809.52,210000.0
1753769547727,06:12:27.727,bitmex,ETH/USDT:USDT,3809.08,208000.0,3808.89,726000.0,3809.31,2000.0,3809.51,63000.0
1753769547874,06:12:27.874,bitmex,ETH/USDT:USDT,3809.08,208000.0,3808.89,726000.0,3809.3,2000.0,3809.5,25000.0
1753769548480,06:12:28.480,bitmex,ETH/USDT:USDT,3809.08,208000.0,3808.89,726000.0,3809.31,2000.0,3809.51,63000.0
1753769548579,06:12:28.579,bitmex,ETH/USDT:USDT,3809.08,208000.0,3808.9,218000.0,3809.3,25000.0,3809.51,63000.0
1753769548833,06:12:28.833,bitmex,ETH/USDT:USDT,3809.08,208000.0,3808.9,218000.0,3809.29,25000.0,3809.51,63000.0
1753769548909,06:12:28.909,bitmex,ETH/USDT:USDT,3809.08,208000.0,3808.9,218000.0,3809.29,25000.0,3809.51,63000.0
1753769548959,06:12:28.959,bitmex,ETH/USDT:USDT,3809.08,208000.0,3808.9,218000.0,3809.29,25000.0,3809.51,63000.0
1753769549008,06:12:29.008,bitmex,ETH/USDT:USDT,3809.08,208000.0,3808.9,218000.0,3809.51,63000.0,3809.52,210000.0
1753769549057,06:12:29.057,bitmex,ETH/USDT:USDT,3809.08,208000.0,3808.9,218000.0,3809.1,2000.0,3809.3,25000.0
1753769549159,06:12:29.159,bitmex,ETH/USDT:USDT,3809.08,208000.0,3808.9,218000.0,3809.09,25000.0,3809.5,25000.0
1753769550287,06:12:30.287,bitmex,ETH/USDT:USDT,3808.39,17000.0,3808.38,411000.0,3808.82,63000.0,3808.83,210000.0
1753769550336,06:12:30.336,bitmex,ETH/USDT:USDT,3808.39,17000.0,3808.38,411000.0,3808.82,63000.0,3808.83,210000.0
1753769551324,06:12:31.324,bitmex,ETH/USDT:USDT,3808.4,17000.0,3808.39,131000.0,3808.83,210000.0,3809.02,318000.0
1753769552348,06:12:32.348,bitmex,ETH/USDT:USDT,3809.01,17000.0,3808.9,411000.0,3810.86,52000.0,3811.21,14000.0
1753769552348,06:12:32.348,bitmex,ETH/USDT:USDT,3809.01,17000.0,3808.9,411000.0,3810.86,52000.0,3811.21,14000.0
1753769552397,06:12:32.397,bitmex,ETH/USDT:USDT,3809.01,17000.0,3808.9,411000.0,3810.86,52000.0,3811.21,14000.0
1753769552519,06:12:32.519,bitmex,ETH/USDT:USDT,3809.01,17000.0,3808.9,411000.0,3810.86,52000.0,3811.21,14000.0
1753769553728,06:12:33.728,bitmex,ETH/USDT:USDT,3809.51,123000.0,3809.5,411000.0,3810.12,25000.0,3810.13,2000.0
1753769553777,06:12:33.777,bitmex,ETH/USDT:USDT,3810.0,17000.0,3809.51,123000.0,3810.01,210000.0,3810.2,318000.0
1753769553875,06:12:33.875,bitmex,ETH/USDT:USDT,3810.0,17000.0,3809.51,123000.0,3810.01,210000.0,3810.2,318000.0
1753769553989,06:12:33.989,bitmex,ETH/USDT:USDT,3810.0,17000.0,3809.51,123000.0,3810.01,212000.0,3810.2,318000.0
1753769554038,06:12:34.038,bitmex,ETH/USDT:USDT,3810.0,19000.0,3809.51,123000.0,3810.01,210000.0,3810.2,318000.0
1753769554087,06:12:34.087,bitmex,ETH/USDT:USDT,3810.0,17000.0,3809.51,123000.0,3810.01,212000.0,3810.2,318000.0
1753769554139,06:12:34.139,bitmex,ETH/USDT:USDT,3810.0,17000.0,3809.51,123000.0,3810.01,210000.0,3810.2,318000.0
1753769554189,06:12:34.189,bitmex,ETH/USDT:USDT,3810.0,19000.0,3809.51,123000.0,3810.01,210000.0,3810.2,318000.0
1753769554243,06:12:34.243,bitmex,ETH/USDT:USDT,3810.0,19000.0,3809.51,123000.0,3810.01,212000.0,3810.2,318000.0
1753769554292,06:12:34.292,bitmex,ETH/USDT:USDT,3810.0,17000.0,3809.51,123000.0,3810.01,212000.0,3810.2,318000.0
1753769554406,06:12:34.406,bitmex,ETH/USDT:USDT,3810.0,17000.0,3809.51,123000.0,3810.01,212000.0,3810.2,318000.0
1753769554455,06:12:34.455,bitmex,ETH/USDT:USDT,3810.0,19000.0,3809.51,123000.0,3810.01,210000.0,3810.2,318000.0
1753769554510,06:12:34.510,bitmex,ETH/USDT:USDT,3810.0,19000.0,3809.51,123000.0,3810.01,212000.0,3810.2,318000.0
1753769554833,06:12:34.833,bitmex,ETH/USDT:USDT,3810.0,17000.0,3809.51,123000.0,3810.01,212000.0,3810.2,318000.0
1753769554882,06:12:34.882,bitmex,ETH/USDT:USDT,3810.0,17000.0,3809.51,123000.0,3810.01,212000.0,3810.2,318000.0
1753769554931,06:12:34.931,bitmex,ETH/USDT:USDT,3810.0,19000.0,3809.51,123000.0,3810.01,210000.0,3810.2,318000.0
1753769554980,06:12:34.980,bitmex,ETH/USDT:USDT,3810.0,17000.0,3809.51,123000.0,3810.01,212000.0,3810.2,318000.0
1753769555224,06:12:35.224,bitmex,ETH/USDT:USDT,3810.0,17000.0,3809.51,123000.0,3810.01,212000.0,3810.2,318000.0
1753769555273,06:12:35.273,bitmex,ETH/USDT:USDT,3810.0,17000.0,3809.51,123000.0,3810.01,212000.0,3810.2,318000.0
1753769555510,06:12:35.510,bitmex,ETH/USDT:USDT,3810.0,19000.0,3809.51,123000.0,3810.01,212000.0,3810.2,318000.0
1753769555559,06:12:35.559,bitmex,ETH/USDT:USDT,3809.51,123000.0,3809.5,411000.0,3810.01,212000.0,3810.2,318000.0
1753769555706,06:12:35.706,bitmex,ETH/USDT:USDT,3809.72,17000.0,3809.51,123000.0,3809.93,2000.0,3810.0,25000.0
1753769555804,06:12:35.804,bitmex,ETH/USDT:USDT,3809.51,123000.0,3809.5,411000.0,3810.0,25000.0,3810.01,210000.0
1753769555853,06:12:35.853,bitmex,ETH/USDT:USDT,3809.72,19000.0,3809.51,123000.0,3809.97,25000.0,3810.01,210000.0
1753769555902,06:12:35.902,bitmex,ETH/USDT:USDT,3809.52,17000.0,3809.51,123000.0,3809.94,25000.0,3810.01,210000.0
1753769555965,06:12:35.965,bitmex,ETH/USDT:USDT,3809.72,2000.0,3809.52,17000.0,3809.94,25000.0,3810.01,210000.0
1753769556015,06:12:36.015,bitmex,ETH/USDT:USDT,3809.92,2000.0,3809.51,123000.0,3809.94,25000.0,3810.01,210000.0
1753769556113,06:12:36.113,bitmex,ETH/USDT:USDT,3809.52,17000.0,3809.51,123000.0,3810.01,210000.0,3810.2,318000.0
1753769556162,06:12:36.162,bitmex,ETH/USDT:USDT,3809.72,2000.0,3809.52,17000.0,3810.01,210000.0,3810.2,318000.0
1753769556211,06:12:36.211,bitmex,ETH/USDT:USDT,3809.72,2000.0,3809.52,17000.0,3810.0,25000.0,3810.01,210000.0
1753769557414,06:12:37.414,bitmex,ETH/USDT:USDT,3809.73,17000.0,3809.59,186000.0,3810.01,210000.0,3810.2,318000.0
1753769557882,06:12:37.882,bitmex,ETH/USDT:USDT,3809.73,17000.0,3809.59,186000.0,3810.01,210000.0,3810.2,318000.0
1753769557932,06:12:37.932,bitmex,ETH/USDT:USDT,3809.73,17000.0,3809.59,186000.0,3810.01,210000.0,3810.2,318000.0
1753769558013,06:12:38.013,bitmex,ETH/USDT:USDT,3809.73,17000.0,3809.59,186000.0,3810.01,210000.0,3810.2,318000.0
1753769558063,06:12:38.063,bitmex,ETH/USDT:USDT,3809.73,17000.0,3809.59,186000.0,3810.01,210000.0,3810.2,318000.0
1753769558475,06:12:38.475,bitmex,ETH/USDT:USDT,3809.73,17000.0,3809.59,186000.0,3810.01,210000.0,3810.2,318000.0
1753769558525,06:12:38.525,bitmex,ETH/USDT:USDT,3809.59,186000.0,3809.58,208000.0,3809.94,2000.0,3810.0,25000.0
1753769558574,06:12:38.574,bitmex,ETH/USDT:USDT,3809.8,2000.0,3809.59,186000.0,3810.01,210000.0,3810.2,318000.0
1753769558665,06:12:38.665,bitmex,ETH/USDT:USDT,3809.59,186000.0,3809.58,208000.0,3810.01,210000.0,3810.2,318000.0
1753769558714,06:12:38.714,bitmex,ETH/USDT:USDT,3809.8,2000.0,3809.59,186000.0,3810.0,25000.0,3810.01,210000.0
1753769558763,06:12:38.763,bitmex,ETH/USDT:USDT,3809.8,2000.0,3809.59,186000.0,3810.01,210000.0,3810.2,318000.0
1753769558812,06:12:38.812,bitmex,ETH/USDT:USDT,3810.0,2000.0,3809.59,186000.0,3810.01,210000.0,3810.2,318000.0
1753769558861,06:12:38.861,bitmex,ETH/USDT:USDT,3809.8,2000.0,3809.59,186000.0,3809.99,25000.0,3810.01,210000.0
1753769558910,06:12:38.910,bitmex,ETH/USDT:USDT,3809.8,17000.0,3809.59,186000.0,3810.01,212000.0,3810.2,318000.0
1753769558959,06:12:38.959,bitmex,ETH/USDT:USDT,3809.79,2000.0,3809.59,186000.0,3810.0,25000.0,3810.01,210000.0
1753769559008,06:12:39.008,bitmex,ETH/USDT:USDT,3809.59,186000.0,3809.58,208000.0,3809.8,2000.0,3810.0,25000.0
1753769559057,06:12:39.057,bitmex,ETH/USDT:USDT,3809.79,2000.0,3809.59,186000.0,3810.01,210000.0,3810.2,318000.0
1753769559106,06:12:39.106,bitmex,ETH/USDT:USDT,3809.8,2000.0,3809.59,186000.0,3810.01,210000.0,3810.2,318000.0
1753769559155,06:12:39.155,bitmex,ETH/USDT:USDT,3809.6,17000.0,3809.59,186000.0,3810.0,25000.0,3810.01,210000.0
1753769559204,06:12:39.204,bitmex,ETH/USDT:USDT,3809.59,186000.0,3809.58,208000.0,3809.99,27000.0,3810.01,210000.0
1753769559253,06:12:39.253,bitmex,ETH/USDT:USDT,3809.79,17000.0,3809.59,186000.0,3810.01,210000.0,3810.2,318000.0
1753769559302,06:12:39.302,bitmex,ETH/USDT:USDT,3809.6,17000.0,3809.59,186000.0,3809.8,2000.0,3810.0,25000.0
1753769559351,06:12:39.351,bitmex,ETH/USDT:USDT,3809.6,17000.0,3809.59,186000.0,3809.99,25000.0,3810.01,210000.0
1753769559400,06:12:39.400,bitmex,ETH/USDT:USDT,3809.58,208000.0,3809.29,95000.0,3809.59,37000.0,3809.98,25000.0
1753769559449,06:12:39.449,bitmex,ETH/USDT:USDT,3809.58,208000.0,3809.29,95000.0,3809.59,39000.0,3809.98,25000.0
1753769559449,06:12:39.449,bitmex,ETH/USDT:USDT,3809.58,208000.0,3809.29,95000.0,3809.59,39000.0,3809.98,25000.0
1753769559498,06:12:39.498,bitmex,ETH/USDT:USDT,3809.58,636000.0,3809.29,95000.0,3809.98,25000.0,3810.01,210000.0
1753769559547,06:12:39.547,bitmex,ETH/USDT:USDT,3809.6,17000.0,3809.59,191000.0,3809.97,25000.0,3810.01,210000.0
1753769559596,06:12:39.596,bitmex,ETH/USDT:USDT,3809.59,191000.0,3809.58,619000.0,3809.96,25000.0,3810.01,210000.0
1753769559645,06:12:39.645,bitmex,ETH/USDT:USDT,3809.6,17000.0,3809.59,191000.0,3809.93,25000.0,3810.01,210000.0
1753769559694,06:12:39.694,bitmex,ETH/USDT:USDT,3809.79,2000.0,3809.59,191000.0,3809.92,25000.0,3810.01,210000.0
1753769559743,06:12:39.743,bitmex,ETH/USDT:USDT,3809.79,2000.0,3809.59,191000.0,3809.92,25000.0,3810.01,210000.0
1753769559792,06:12:39.792,bitmex,ETH/USDT:USDT,3809.79,2000.0,3809.59,191000.0,3810.0,25000.0,3810.01,210000.0
1753769559841,06:12:39.841,bitmex,ETH/USDT:USDT,3809.6,17000.0,3809.59,191000.0,3810.01,210000.0,3810.2,318000.0
1753769559890,06:12:39.890,bitmex,ETH/USDT:USDT,3809.79,2000.0,3809.59,191000.0,3809.99,25000.0,3810.01,210000.0
1753769559939,06:12:39.939,bitmex,ETH/USDT:USDT,3809.59,208000.0,3809.58,619000.0,3809.98,25000.0,3810.01,210000.0
1753769559988,06:12:39.988,bitmex,ETH/USDT:USDT,3809.59,208000.0,3809.58,619000.0,3809.97,25000.0,3810.01,210000.0
1753769560037,06:12:40.037,bitmex,ETH/USDT:USDT,3809.59,208000.0,3809.58,619000.0,3809.97,25000.0,3810.01,210000.0
1753769560086,06:12:40.086,bitmex,ETH/USDT:USDT,3809.59,208000.0,3809.58,619000.0,3809.97,25000.0,3810.01,210000.0
1753769560368,06:12:40.368,bitmex,ETH/USDT:USDT,3809.59,208000.0,3809.58,619000.0,3809.79,25000.0,3810.01,210000.0
1753769560516,06:12:40.516,bitmex,ETH/USDT:USDT,3809.78,2000.0,3809.59,208000.0,3809.79,25000.0,3810.01,210000.0
1753769560614,06:12:40.614,bitmex,ETH/USDT:USDT,3809.78,2000.0,3809.59,191000.0,3809.79,25000.0,3810.01,210000.0
1753769560663,06:12:40.663,bitmex,ETH/USDT:USDT,3809.78,2000.0,3809.59,208000.0,3809.79,25000.0,3810.01,210000.0
1753769560722,06:12:40.722,bitmex,ETH/USDT:USDT,3809.59,208000.0,3809.58,619000.0,3809.79,25000.0,3810.01,210000.0
1753769560771,06:12:40.771,bitmex,ETH/USDT:USDT,3809.59,191000.0,3809.58,619000.0,3809.79,27000.0,3810.01,210000.0
1753769560820,06:12:40.820,bitmex,ETH/USDT:USDT,3809.78,2000.0,3809.59,191000.0,3809.79,25000.0,3810.01,210000.0
1753769560869,06:12:40.869,bitmex,ETH/USDT:USDT,3809.59,191000.0,3809.58,619000.0,3809.79,25000.0,3810.01,210000.0
1753769560967,06:12:40.967,bitmex,ETH/USDT:USDT,3809.59,191000.0,3809.58,619000.0,3810.0,25000.0,3810.01,210000.0
1753769561016,06:12:41.016,bitmex,ETH/USDT:USDT,3809.59,191000.0,3809.58,619000.0,3810.0,25000.0,3810.01,210000.0
1753769561114,06:12:41.114,bitmex,ETH/USDT:USDT,3809.8,2000.0,3809.6,17000.0,3809.99,25000.0,3810.0,25000.0
1753769561163,06:12:41.163,bitmex,ETH/USDT:USDT,3809.8,2000.0,3809.59,191000.0,3810.0,25000.0,3810.01,210000.0
1753769561239,06:12:41.239,bitmex,ETH/USDT:USDT,3809.8,2000.0,3809.59,191000.0,3809.81,2000.0,3810.0,25000.0
1753769561289,06:12:41.289,bitmex,ETH/USDT:USDT,3809.6,17000.0,3809.59,191000.0,3810.0,25000.0,3810.01,210000.0
1753769561338,06:12:41.338,bitmex,ETH/USDT:USDT,3809.8,2000.0,3809.79,2000.0,3809.96,25000.0,3810.01,210000.0
1753769561387,06:12:41.387,bitmex,ETH/USDT:USDT,3809.6,17000.0,3809.59,191000.0,3809.93,25000.0,3810.01,210000.0
1753769561436,06:12:41.436,bitmex,ETH/USDT:USDT,3809.8,2000.0,3809.59,191000.0,3810.0,25000.0,3810.01,210000.0
1753769561485,06:12:41.485,bitmex,ETH/USDT:USDT,3809.6,17000.0,3809.59,191000.0,3809.99,25000.0,3810.01,210000.0
1753769561568,06:12:41.568,bitmex,ETH/USDT:USDT,3809.8,2000.0,3809.6,17000.0,3809.99,25000.0,3810.01,210000.0
1753769561618,06:12:41.618,bitmex,ETH/USDT:USDT,3809.6,17000.0,3809.59,191000.0,3809.8,2000.0,3810.01,210000.0
1753769561667,06:12:41.667,bitmex,ETH/USDT:USDT,3809.59,191000.0,3809.58,619000.0,3809.8,2000.0,3810.01,210000.0
1753769561716,06:12:41.716,bitmex,ETH/USDT:USDT,3809.59,191000.0,3809.58,619000.0,3810.01,210000.0,3810.2,318000.0
1753769561765,06:12:41.765,bitmex,ETH/USDT:USDT,3809.8,17000.0,3809.59,191000.0,3810.01,210000.0,3810.2,318000.0
1753769561885,06:12:41.885,bitmex,ETH/USDT:USDT,3810.0,17000.0,3809.59,191000.0,3810.01,210000.0,3810.2,318000.0
1753769561934,06:12:41.934,bitmex,ETH/USDT:USDT,3809.6,17000.0,3809.59,191000.0,3810.01,210000.0,3810.2,318000.0
1753769562001,06:12:42.001,bitmex,ETH/USDT:USDT,3809.6,17000.0,3809.59,191000.0,3810.01,210000.0,3810.2,318000.0
1753769562050,06:12:42.050,bitmex,ETH/USDT:USDT,3809.6,17000.0,3809.59,191000.0,3810.01,210000.0,3810.2,318000.0
1753769562099,06:12:42.099,bitmex,ETH/USDT:USDT,3809.6,17000.0,3809.59,191000.0,3810.01,210000.0,3810.2,318000.0
1753769562230,06:12:42.230,bitmex,ETH/USDT:USDT,3809.6,17000.0,3809.59,191000.0,3810.01,210000.0,3810.2,318000.0
1753769562280,06:12:42.280,bitmex,ETH/USDT:USDT,3809.6,17000.0,3809.59,191000.0,3810.01,210000.0,3810.2,318000.0
1753769562329,06:12:42.329,bitmex,ETH/USDT:USDT,3809.6,17000.0,3809.59,191000.0,3810.01,210000.0,3810.2,318000.0
1753769562562,06:12:42.562,bitmex,ETH/USDT:USDT,3809.6,17000.0,3809.59,191000.0,3810.01,210000.0,3810.2,318000.0
1753769562611,06:12:42.611,bitmex,ETH/USDT:USDT,3809.6,17000.0,3809.59,191000.0,3810.01,210000.0,3810.2,318000.0
1753769562660,06:12:42.660,bitmex,ETH/USDT:USDT,3809.6,17000.0,3809.59,191000.0,3810.01,210000.0,3810.2,318000.0
1753769562660,06:12:42.660,bitmex,ETH/USDT:USDT,3809.6,17000.0,3809.59,191000.0,3810.01,210000.0,3810.2,318000.0
1753769562944,06:12:42.944,bitmex,ETH/USDT:USDT,3809.6,17000.0,3809.59,191000.0,3810.01,210000.0,3810.2,318000.0
1753769563042,06:12:43.042,bitmex,ETH/USDT:USDT,3809.61,20000.0,3809.59,191000.0,3810.01,210000.0,3810.2,318000.0
1753769563091,06:12:43.091,bitmex,ETH/USDT:USDT,3809.62,37000.0,3809.61,20000.0,3810.01,210000.0,3810.2,318000.0
1753769563140,06:12:43.140,bitmex,ETH/USDT:USDT,3809.62,37000.0,3809.61,20000.0,3810.01,210000.0,3810.2,318000.0
1753769563189,06:12:43.189,bitmex,ETH/USDT:USDT,3809.62,37000.0,3809.61,20000.0,3810.01,210000.0,3810.2,318000.0
1753769563238,06:12:43.238,bitmex,ETH/USDT:USDT,3809.62,37000.0,3809.61,20000.0,3810.01,210000.0,3810.2,318000.0
1753769563287,06:12:43.287,bitmex,ETH/USDT:USDT,3809.62,37000.0,3809.61,20000.0,3810.01,210000.0,3810.2,318000.0
1753769563385,06:12:43.385,bitmex,ETH/USDT:USDT,3809.62,37000.0,3809.61,20000.0,3810.01,210000.0,3810.2,318000.0
1753769563434,06:12:43.434,bitmex,ETH/USDT:USDT,3809.62,37000.0,3809.61,20000.0,3810.01,210000.0,3810.2,318000.0
1753769563483,06:12:43.483,bitmex,ETH/USDT:USDT,3809.62,37000.0,3809.61,20000.0,3810.01,210000.0,3810.2,318000.0
1753769563532,06:12:43.532,bitmex,ETH/USDT:USDT,3809.62,37000.0,3809.61,20000.0,3810.01,210000.0,3810.2,318000.0
1753769563636,06:12:43.636,bitmex,ETH/USDT:USDT,3809.82,2000.0,3809.62,37000.0,3810.01,210000.0,3810.2,318000.0
1753769563686,06:12:43.686,bitmex,ETH/USDT:USDT,3809.83,17000.0,3809.82,20000.0,3810.0,25000.0,3810.01,210000.0
1753769563756,06:12:43.756,bitmex,ETH/USDT:USDT,3809.99,2000.0,3809.83,17000.0,3810.0,25000.0,3810.01,210000.0
1753769563805,06:12:43.805,bitmex,ETH/USDT:USDT,3809.99,22000.0,3809.62,20000.0,3810.0,25000.0,3810.01,210000.0
1753769563854,06:12:43.854,bitmex,ETH/USDT:USDT,3809.99,20000.0,3809.62,20000.0,3810.0,27000.0,3810.01,210000.0
1753769563903,06:12:43.903,bitmex,ETH/USDT:USDT,3809.99,22000.0,3809.6,20000.0,3810.0,25000.0,3810.01,210000.0
1753769563952,06:12:43.952,bitmex,ETH/USDT:USDT,3809.99,20000.0,3809.6,20000.0,3810.0,27000.0,3810.01,210000.0
1753769564001,06:12:44.001,bitmex,ETH/USDT:USDT,3809.99,20000.0,3809.6,20000.0,3810.0,25000.0,3810.01,210000.0
1753769564084,06:12:44.084,bitmex,ETH/USDT:USDT,3809.99,20000.0,3809.6,20000.0,3810.0,27000.0,3810.01,210000.0
1753769564185,06:12:44.185,bitmex,ETH/USDT:USDT,3809.99,22000.0,3809.6,20000.0,3810.0,25000.0,3810.01,210000.0
1753769564234,06:12:44.234,bitmex,ETH/USDT:USDT,3809.99,20000.0,3809.6,20000.0,3810.0,27000.0,3810.01,210000.0
1753769564283,06:12:44.283,bitmex,ETH/USDT:USDT,3810.0,22000.0,3809.6,20000.0,3810.01,210000.0,3810.2,318000.0
1753769564332,06:12:44.332,bitmex,ETH/USDT:USDT,3810.0,20000.0,3809.6,20000.0,3810.01,210000.0,3810.2,318000.0
1753769564381,06:12:44.381,bitmex,ETH/USDT:USDT,3810.0,20000.0,3809.6,20000.0,3810.01,212000.0,3810.2,318000.0
1753769564479,06:12:44.479,bitmex,ETH/USDT:USDT,3810.0,20000.0,3809.6,20000.0,3810.01,212000.0,3810.2,318000.0
1753769564528,06:12:44.528,bitmex,ETH/USDT:USDT,3810.0,20000.0,3809.6,20000.0,3810.01,212000.0,3810.2,318000.0
1753769564577,06:12:44.577,bitmex,ETH/USDT:USDT,3810.0,20000.0,3809.6,20000.0,3810.01,212000.0,3810.2,318000.0
1753769564626,06:12:44.626,bitmex,ETH/USDT:USDT,3810.0,22000.0,3809.6,20000.0,3810.01,210000.0,3810.2,318000.0
1753769564675,06:12:44.675,bitmex,ETH/USDT:USDT,3810.0,22000.0,3809.6,20000.0,3810.01,210000.0,3810.2,318000.0
1753769564724,06:12:44.724,bitmex,ETH/USDT:USDT,3810.0,20000.0,3809.6,20000.0,3810.01,212000.0,3810.2,318000.0
1753769564773,06:12:44.773,bitmex,ETH/USDT:USDT,3810.0,20000.0,3809.6,20000.0,3810.01,212000.0,3810.2,318000.0
1753769564852,06:12:44.852,bitmex,ETH/USDT:USDT,3810.0,20000.0,3809.6,20000.0,3810.01,212000.0,3810.2,318000.0
1753769564901,06:12:44.901,bitmex,ETH/USDT:USDT,3810.0,39000.0,3809.6,20000.0,3810.01,210000.0,3810.2,318000.0
1753769564950,06:12:44.950,bitmex,ETH/USDT:USDT,3810.0,37000.0,3809.6,20000.0,3810.01,212000.0,3810.2,318000.0
1753769564999,06:12:44.999,bitmex,ETH/USDT:USDT,3810.0,37000.0,3809.6,20000.0,3810.01,210000.0,3810.2,318000.0
1753769565048,06:12:45.048,bitmex,ETH/USDT:USDT,3810.0,37000.0,3809.6,20000.0,3810.01,212000.0,3810.2,318000.0
1753769565097,06:12:45.097,bitmex,ETH/USDT:USDT,3810.0,39000.0,3809.6,20000.0,3810.01,210000.0,3810.2,318000.0
1753769565146,06:12:45.146,bitmex,ETH/USDT:USDT,3810.0,37000.0,3809.6,20000.0,3810.01,212000.0,3810.2,318000.0
1753769565219,06:12:45.219,bitmex,ETH/USDT:USDT,3810.0,37000.0,3809.6,20000.0,3810.01,210000.0,3810.2,318000.0
1753769565268,06:12:45.268,bitmex,ETH/USDT:USDT,3810.0,37000.0,3809.6,20000.0,3810.01,212000.0,3810.2,318000.0
1753769565317,06:12:45.317,bitmex,ETH/USDT:USDT,3810.0,39000.0,3809.6,20000.0,3810.01,210000.0,3810.2,318000.0
1753769565366,06:12:45.366,bitmex,ETH/USDT:USDT,3810.0,37000.0,3809.6,20000.0,3810.01,212000.0,3810.2,318000.0
1753769565415,06:12:45.415,bitmex,ETH/USDT:USDT,3810.0,37000.0,3809.6,20000.0,3810.01,212000.0,3810.2,318000.0
1753769565506,06:12:45.506,bitmex,ETH/USDT:USDT,3810.0,37000.0,3809.6,20000.0,3810.01,212000.0,3810.2,318000.0
1753769565556,06:12:45.556,bitmex,ETH/USDT:USDT,3810.0,39000.0,3809.6,20000.0,3810.01,210000.0,3810.2,318000.0
1753769565840,06:12:45.840,bitmex,ETH/USDT:USDT,3810.0,17000.0,3809.6,20000.0,3810.01,212000.0,3810.2,318000.0
1753769565890,06:12:45.890,bitmex,ETH/USDT:USDT,3810.0,17000.0,3809.6,20000.0,3810.01,210000.0,3810.2,318000.0
1753769565939,06:12:45.939,bitmex,ETH/USDT:USDT,3810.0,17000.0,3809.6,20000.0,3810.01,210000.0,3810.2,318000.0
1753769565988,06:12:45.988,bitmex,ETH/USDT:USDT,3810.0,17000.0,3809.6,20000.0,3810.01,210000.0,3810.2,318000.0
1753769566037,06:12:46.037,bitmex,ETH/USDT:USDT,3810.0,17000.0,3809.6,20000.0,3810.01,210000.0,3810.2,318000.0
1753769566086,06:12:46.086,bitmex,ETH/USDT:USDT,3810.0,17000.0,3809.76,208000.0,3810.2,210000.0,3810.39,318000.0
1753769566136,06:12:46.136,bitmex,ETH/USDT:USDT,3810.0,17000.0,3809.77,62000.0,3810.2,210000.0,3810.39,318000.0
1753769566185,06:12:46.185,bitmex,ETH/USDT:USDT,3810.0,17000.0,3809.77,62000.0,3810.2,210000.0,3810.39,318000.0
1753769566234,06:12:46.234,bitmex,ETH/USDT:USDT,3810.19,2000.0,3810.0,17000.0,3810.2,210000.0,3810.39,318000.0
1753769566283,06:12:46.283,bitmex,ETH/USDT:USDT,3809.98,20000.0,3809.78,20000.0,3810.17,25000.0,3810.2,210000.0
1753769566332,06:12:46.332,bitmex,ETH/USDT:USDT,3810.15,2000.0,3809.99,17000.0,3810.16,25000.0,3810.2,210000.0
1753769566381,06:12:46.381,bitmex,ETH/USDT:USDT,3809.99,17000.0,3809.98,20000.0,3810.14,25000.0,3810.2,210000.0
1753769566430,06:12:46.430,bitmex,ETH/USDT:USDT,3810.13,17000.0,3809.98,20000.0,3810.14,27000.0,3810.2,210000.0
1753769566479,06:12:46.479,bitmex,ETH/USDT:USDT,3810.13,19000.0,3809.98,20000.0,3810.14,25000.0,3810.2,210000.0
1753769566586,06:12:46.586,bitmex,ETH/USDT:USDT,3810.13,17000.0,3809.98,20000.0,3810.14,27000.0,3810.2,210000.0
1753769566635,06:12:46.635,bitmex,ETH/USDT:USDT,3810.12,2000.0,3809.99,17000.0,3810.13,25000.0,3810.2,210000.0
1753769566684,06:12:46.684,bitmex,ETH/USDT:USDT,3810.11,2000.0,3809.98,20000.0,3810.12,25000.0,3810.2,210000.0
1753769566789,06:12:46.789,bitmex,ETH/USDT:USDT,3810.1,2000.0,3809.98,20000.0,3810.11,25000.0,3810.2,210000.0
1753769566838,06:12:46.838,bitmex,ETH/USDT:USDT,3809.78,20000.0,3809.77,62000.0,3810.1,25000.0,3810.11,25000.0
1753769566937,06:12:46.937,bitmex,ETH/USDT:USDT,3809.78,20000.0,3809.77,62000.0,3810.1,25000.0,3810.2,210000.0
1753769566987,06:12:46.987,bitmex,ETH/USDT:USDT,3810.09,2000.0,3809.78,20000.0,3810.1,25000.0,3810.2,210000.0
1753769567036,06:12:47.036,bitmex,ETH/USDT:USDT,3810.09,2000.0,3809.78,20000.0,3810.1,25000.0,3810.2,210000.0
1753769567085,06:12:47.085,bitmex,ETH/USDT:USDT,3810.09,2000.0,3809.78,20000.0,3810.1,25000.0,3810.2,210000.0
1753769567134,06:12:47.134,bitmex,ETH/USDT:USDT,3809.98,2000.0,3809.79,17000.0,3810.1,25000.0,3810.2,210000.0
1753769567183,06:12:47.183,bitmex,ETH/USDT:USDT,3809.99,2000.0,3809.79,17000.0,3810.1,25000.0,3810.2,210000.0
1753769567232,06:12:47.232,bitmex,ETH/USDT:USDT,3810.09,17000.0,3809.78,20000.0,3810.1,25000.0,3810.2,210000.0
1753769567281,06:12:47.281,bitmex,ETH/USDT:USDT,3810.09,19000.0,3809.78,20000.0,3810.1,25000.0,3810.2,210000.0
1753769567342,06:12:47.342,bitmex,ETH/USDT:USDT,3810.09,19000.0,3809.78,20000.0,3810.1,25000.0,3810.2,210000.0
1753769567498,06:12:47.498,bitmex,ETH/USDT:USDT,3810.09,17000.0,3809.78,20000.0,3810.1,25000.0,3810.2,210000.0
1753769567589,06:12:47.589,bitmex,ETH/USDT:USDT,3810.09,19000.0,3809.78,20000.0,3810.1,25000.0,3810.2,210000.0
1753769567641,06:12:47.641,bitmex,ETH/USDT:USDT,3810.09,17000.0,3809.78,20000.0,3810.1,25000.0,3810.2,210000.0
1753769567825,06:12:47.825,bitmex,ETH/USDT:USDT,3810.09,17000.0,3809.78,20000.0,3810.1,25000.0,3810.2,210000.0
1753769567874,06:12:47.874,bitmex,ETH/USDT:USDT,3810.09,19000.0,3809.78,20000.0,3810.2,210000.0,3810.39,318000.0
1753769567923,06:12:47.923,bitmex,ETH/USDT:USDT,3810.17,2000.0,3809.99,17000.0,3810.18,25000.0,3810.2,210000.0
1753769567972,06:12:47.972,bitmex,ETH/USDT:USDT,3810.0,17000.0,3809.78,20000.0,3810.15,25000.0,3810.2,210000.0
1753769568021,06:12:48.021,bitmex,ETH/USDT:USDT,3810.14,19000.0,3809.78,20000.0,3810.15,25000.0,3810.2,210000.0
1753769568119,06:12:48.119,bitmex,ETH/USDT:USDT,3810.14,17000.0,3809.78,20000.0,3810.15,27000.0,3810.2,210000.0
1753769568278,06:12:48.278,bitmex,ETH/USDT:USDT,3810.14,17000.0,3809.78,20000.0,3810.15,25000.0,3810.2,210000.0
1753769568327,06:12:48.327,bitmex,ETH/USDT:USDT,3810.14,17000.0,3809.78,20000.0,3810.15,25000.0,3810.2,210000.0
1753769568376,06:12:48.376,bitmex,ETH/USDT:USDT,3809.78,20000.0,3809.77,62000.0,3810.15,25000.0,3810.2,210000.0
1753769568426,06:12:48.426,bitmex,ETH/USDT:USDT,3809.79,17000.0,3809.78,20000.0,3810.15,25000.0,3810.2,210000.0
1753769568475,06:12:48.475,bitmex,ETH/USDT:USDT,3809.79,17000.0,3809.78,20000.0,3810.2,210000.0,3810.39,318000.0
1753769568524,06:12:48.524,bitmex,ETH/USDT:USDT,3809.79,17000.0,3809.78,20000.0,3810.2,210000.0,3810.39,318000.0
1753769568585,06:12:48.585,bitmex,ETH/USDT:USDT,3809.79,17000.0,3809.78,20000.0,3810.2,210000.0,3810.39,318000.0
1753769568634,06:12:48.634,bitmex,ETH/USDT:USDT,3809.79,17000.0,3809.78,20000.0,3810.2,210000.0,3810.39,318000.0
1753769568794,06:12:48.794,bitmex,ETH/USDT:USDT,3810.19,19000.0,3809.78,20000.0,3810.2,210000.0,3810.39,318000.0
1753769568843,06:12:48.843,bitmex,ETH/USDT:USDT,3810.19,17000.0,3809.78,20000.0,3810.2,210000.0,3810.39,318000.0
1753769568892,06:12:48.892,bitmex,ETH/USDT:USDT,3810.19,17000.0,3809.78,20000.0,3810.2,210000.0,3810.39,318000.0
1753769568941,06:12:48.941,bitmex,ETH/USDT:USDT,3810.19,17000.0,3809.78,20000.0,3810.2,212000.0,3810.39,318000.0
1753769568990,06:12:48.990,bitmex,ETH/USDT:USDT,3810.19,19000.0,3809.78,20000.0,3810.2,210000.0,3810.39,318000.0
1753769569039,06:12:49.039,bitmex,ETH/USDT:USDT,3809.79,17000.0,3809.78,20000.0,3810.2,210000.0,3810.39,318000.0
1753769569088,06:12:49.088,bitmex,ETH/USDT:USDT,3809.99,2000.0,3809.79,17000.0,3810.2,210000.0,3810.39,318000.0
1753769569137,06:12:49.137,bitmex,ETH/USDT:USDT,3809.99,17000.0,3809.98,2000.0,3810.2,210000.0,3810.39,318000.0
1753769569186,06:12:49.186,bitmex,ETH/USDT:USDT,3810.19,17000.0,3809.78,20000.0,3810.2,210000.0,3810.39,318000.0
1753769569239,06:12:49.239,bitmex,ETH/USDT:USDT,3810.19,17000.0,3809.78,20000.0,3810.2,210000.0,3810.39,318000.0
1753769569288,06:12:49.288,bitmex,ETH/USDT:USDT,3810.19,17000.0,3809.78,20000.0,3810.2,212000.0,3810.39,318000.0
1753769569337,06:12:49.337,bitmex,ETH/USDT:USDT,3809.78,20000.0,3809.77,62000.0,3810.39,212000.0,3810.58,318000.0
1753769569386,06:12:49.386,bitmex,ETH/USDT:USDT,3810.21,17000.0,3809.78,20000.0,3810.37,25000.0,3810.39,210000.0
1753769569435,06:12:49.435,bitmex,ETH/USDT:USDT,3810.21,17000.0,3809.78,20000.0,3810.37,25000.0,3810.39,210000.0
1753769569484,06:12:49.484,bitmex,ETH/USDT:USDT,3810.21,17000.0,3809.78,20000.0,3810.22,2000.0,3810.39,210000.0
1753769569533,06:12:49.533,bitmex,ETH/USDT:USDT,3809.78,20000.0,3809.77,62000.0,3810.39,210000.0,3810.58,318000.0
1753769569582,06:12:49.582,bitmex,ETH/USDT:USDT,3809.79,17000.0,3809.78,20000.0,3810.39,210000.0,3810.58,318000.0
1753769569631,06:12:49.631,bitmex,ETH/USDT:USDT,3809.99,2000.0,3809.79,17000.0,3810.39,210000.0,3810.58,318000.0
1753769569680,06:12:49.680,bitmex,ETH/USDT:USDT,3809.99,2000.0,3809.79,17000.0,3810.36,25000.0,3810.37,25000.0
1753769569729,06:12:49.729,bitmex,ETH/USDT:USDT,3809.79,17000.0,3809.78,20000.0,3810.35,25000.0,3810.39,210000.0
1753769569778,06:12:49.778,bitmex,ETH/USDT:USDT,3809.78,20000.0,3809.77,62000.0,3810.33,25000.0,3810.39,210000.0
1753769569827,06:12:49.827,bitmex,ETH/USDT:USDT,3809.78,20000.0,3809.77,62000.0,3810.3,25000.0,3810.39,210000.0
1753769569876,06:12:49.876,bitmex,ETH/USDT:USDT,3809.78,20000.0,3809.77,62000.0,3810.28,25000.0,3810.39,210000.0
1753769569925,06:12:49.925,bitmex,ETH/USDT:USDT,3810.0,17000.0,3809.78,20000.0,3810.28,25000.0,3810.39,210000.0
1753769569974,06:12:49.974,bitmex,ETH/USDT:USDT,3809.78,20000.0,3809.77,62000.0,3810.27,25000.0,3810.39,210000.0
1753769570023,06:12:50.023,bitmex,ETH/USDT:USDT,3810.2,2000.0,3809.78,20000.0,3810.27,25000.0,3810.39,210000.0
1753769570072,06:12:50.072,bitmex,ETH/USDT:USDT,3810.2,2000.0,3810.0,17000.0,3810.25,25000.0,3810.39,210000.0
1753769570121,06:12:50.121,bitmex,ETH/USDT:USDT,3810.2,2000.0,3809.78,20000.0,3810.25,25000.0,3810.39,210000.0
1753769570170,06:12:50.170,bitmex,ETH/USDT:USDT,3809.99,2000.0,3809.79,17000.0,3810.25,25000.0,3810.39,210000.0
1753769570219,06:12:50.219,bitmex,ETH/USDT:USDT,3810.2,17000.0,3809.78,20000.0,3810.25,25000.0,3810.39,210000.0
1753769570268,06:12:50.268,bitmex,ETH/USDT:USDT,3810.2,19000.0,3809.78,20000.0,3810.39,210000.0,3810.58,318000.0
1753769570317,06:12:50.317,bitmex,ETH/USDT:USDT,3810.2,17000.0,3809.78,20000.0,3810.39,210000.0,3810.58,318000.0
1753769570366,06:12:50.366,bitmex,ETH/USDT:USDT,3810.38,2000.0,3810.2,17000.0,3810.39,210000.0,3810.58,318000.0
1753769570415,06:12:50.415,bitmex,ETH/USDT:USDT,3809.99,2000.0,3809.79,17000.0,3810.37,25000.0,3810.39,210000.0
1753769570464,06:12:50.464,bitmex,ETH/USDT:USDT,3809.79,17000.0,3809.78,20000.0,3810.35,25000.0,3810.39,210000.0
1753769570514,06:12:50.514,bitmex,ETH/USDT:USDT,3809.79,17000.0,3809.78,20000.0,3810.34,25000.0,3810.39,210000.0
1753769570563,06:12:50.563,bitmex,ETH/USDT:USDT,3809.79,17000.0,3809.78,20000.0,3810.33,25000.0,3810.39,210000.0
1753769570612,06:12:50.612,bitmex,ETH/USDT:USDT,3810.0,17000.0,3809.78,20000.0,3810.32,25000.0,3810.39,210000.0
1753769570661,06:12:50.661,bitmex,ETH/USDT:USDT,3809.79,17000.0,3809.78,20000.0,3810.3,25000.0,3810.39,210000.0
1753769570710,06:12:50.710,bitmex,ETH/USDT:USDT,3810.19,2000.0,3809.99,17000.0,3810.28,25000.0,3810.29,25000.0
1753769570759,06:12:50.759,bitmex,ETH/USDT:USDT,3809.79,17000.0,3809.78,20000.0,3810.26,25000.0,3810.39,210000.0
1753769570808,06:12:50.808,bitmex,ETH/USDT:USDT,3809.79,17000.0,3809.78,20000.0,3810.26,25000.0,3810.39,210000.0
1753769570901,06:12:50.901,bitmex,ETH/USDT:USDT,3809.99,2000.0,3809.79,17000.0,3810.26,25000.0,3810.39,210000.0
1753769570951,06:12:50.951,bitmex,ETH/USDT:USDT,3809.78,20000.0,3809.77,62000.0,3810.24,25000.0,3810.39,210000.0
1753769571000,06:12:51.000,bitmex,ETH/USDT:USDT,3810.2,2000.0,3809.78,20000.0,3810.22,25000.0,3810.39,210000.0
1753769571049,06:12:51.049,bitmex,ETH/USDT:USDT,3809.79,17000.0,3809.78,20000.0,3810.2,25000.0,3810.39,210000.0
1753769571111,06:12:51.111,bitmex,ETH/USDT:USDT,3809.99,2000.0,3809.79,17000.0,3810.2,25000.0,3810.39,210000.0
1753769571160,06:12:51.160,bitmex,ETH/USDT:USDT,3810.0,17000.0,3809.78,20000.0,3810.19,25000.0,3810.39,210000.0
1753769571298,06:12:51.298,bitmex,ETH/USDT:USDT,3810.37,2000.0,3809.78,20000.0,3810.38,25000.0,3810.39,210000.0
1753769571347,06:12:51.347,bitmex,ETH/USDT:USDT,3810.2,17000.0,3809.78,20000.0,3810.37,25000.0,3810.39,210000.0
1753769571419,06:12:51.419,bitmex,ETH/USDT:USDT,3810.2,17000.0,3809.78,20000.0,3810.37,25000.0,3810.39,210000.0
1753769571468,06:12:51.468,bitmex,ETH/USDT:USDT,3809.78,20000.0,3809.77,62000.0,3810.37,25000.0,3810.39,210000.0
1753769571468,06:12:51.468,bitmex,ETH/USDT:USDT,3810.36,2000.0,3809.78,20000.0,3810.37,25000.0,3810.39,210000.0
1753769571517,06:12:51.517,bitmex,ETH/USDT:USDT,3810.36,2000.0,3809.78,20000.0,3810.37,25000.0,3810.39,210000.0
1753769571566,06:12:51.566,bitmex,ETH/USDT:USDT,3810.2,2000.0,3810.0,17000.0,3810.34,25000.0,3810.39,210000.0
1753769571615,06:12:51.615,bitmex,ETH/USDT:USDT,3809.78,20000.0,3809.77,62000.0,3810.32,25000.0,3810.39,210000.0
1753769571664,06:12:51.664,bitmex,ETH/USDT:USDT,3809.79,17000.0,3809.78,20000.0,3810.2,25000.0,3810.31,25000.0
1753769571713,06:12:51.713,bitmex,ETH/USDT:USDT,3809.79,17000.0,3809.78,20000.0,3810.2,25000.0,3810.39,210000.0
1753769571762,06:12:51.762,bitmex,ETH/USDT:USDT,3810.19,19000.0,3809.78,20000.0,3810.2,25000.0,3810.39,210000.0
1753769571823,06:12:51.823,bitmex,ETH/USDT:USDT,3810.19,19000.0,3809.78,20000.0,3810.2,25000.0,3810.39,210000.0
1753769571873,06:12:51.873,bitmex,ETH/USDT:USDT,3810.19,17000.0,3809.78,20000.0,3810.2,27000.0,3810.39,210000.0
1753769571991,06:12:51.991,bitmex,ETH/USDT:USDT,3810.19,17000.0,3809.78,20000.0,3810.2,25000.0,3810.39,210000.0
1753769572041,06:12:52.041,bitmex,ETH/USDT:USDT,3810.19,17000.0,3809.78,20000.0,3810.2,25000.0,3810.39,210000.0
1753769572095,06:12:52.095,bitmex,ETH/USDT:USDT,3810.19,19000.0,3809.78,20000.0,3810.2,25000.0,3810.39,210000.0
1753769572144,06:12:52.144,bitmex,ETH/USDT:USDT,3810.19,17000.0,3809.78,20000.0,3810.2,25000.0,3810.39,210000.0
1753769572258,06:12:52.258,bitmex,ETH/USDT:USDT,3810.19,17000.0,3809.78,20000.0,3810.2,25000.0,3810.39,210000.0
1753769572307,06:12:52.307,bitmex,ETH/USDT:USDT,3810.19,17000.0,3809.78,20000.0,3810.2,27000.0,3810.39,210000.0
1753769572356,06:12:52.356,bitmex,ETH/USDT:USDT,3810.19,17000.0,3809.78,20000.0,3810.2,27000.0,3810.39,210000.0
1753769572405,06:12:52.405,bitmex,ETH/USDT:USDT,3810.19,19000.0,3809.78,20000.0,3810.2,25000.0,3810.39,210000.0
1753769572469,06:12:52.469,bitmex,ETH/USDT:USDT,3810.19,19000.0,3809.78,20000.0,3810.2,25000.0,3810.39,210000.0
1753769572518,06:12:52.518,bitmex,ETH/USDT:USDT,3810.19,17000.0,3809.78,20000.0,3810.2,27000.0,3810.39,210000.0
1753769572567,06:12:52.567,bitmex,ETH/USDT:USDT,3810.19,17000.0,3809.78,20000.0,3810.2,27000.0,3810.39,210000.0
1753769572616,06:12:52.616,bitmex,ETH/USDT:USDT,3810.19,17000.0,3809.78,20000.0,3810.2,25000.0,3810.39,210000.0
1753769572665,06:12:52.665,bitmex,ETH/USDT:USDT,3810.19,19000.0,3809.78,20000.0,3810.39,210000.0,3810.58,318000.0
1753769572754,06:12:52.754,bitmex,ETH/USDT:USDT,3810.19,19000.0,3809.78,20000.0,3810.39,210000.0,3810.58,318000.0
1753769572803,06:12:52.803,bitmex,ETH/USDT:USDT,3810.19,17000.0,3809.78,20000.0,3810.39,210000.0,3810.58,318000.0
1753769572967,06:12:52.967,bitmex,ETH/USDT:USDT,3810.19,17000.0,3809.78,20000.0,3810.39,210000.0,3810.58,318000.0
1753769573017,06:12:53.017,bitmex,ETH/USDT:USDT,3809.99,2000.0,3809.79,17000.0,3810.19,25000.0,3810.39,210000.0
1753769573066,06:12:53.066,bitmex,ETH/USDT:USDT,3810.18,2000.0,3809.78,20000.0,3810.19,25000.0,3810.39,210000.0
1753769573115,06:12:53.115,bitmex,ETH/USDT:USDT,3810.18,2000.0,3809.78,20000.0,3810.19,25000.0,3810.39,210000.0
1753769573180,06:12:53.180,bitmex,ETH/USDT:USDT,3810.18,2000.0,3809.78,20000.0,3810.19,25000.0,3810.39,210000.0
1753769573229,06:12:53.229,bitmex,ETH/USDT:USDT,3810.18,19000.0,3809.78,20000.0,3810.19,25000.0,3810.39,210000.0
1753769573389,06:12:53.389,bitmex,ETH/USDT:USDT,3810.18,19000.0,3809.78,20000.0,3810.19,25000.0,3810.39,210000.0
1753769573490,06:12:53.490,bitmex,ETH/USDT:USDT,3810.18,19000.0,3809.78,20000.0,3810.19,25000.0,3810.39,210000.0
1753769573540,06:12:53.540,bitmex,ETH/USDT:USDT,3810.18,19000.0,3809.78,20000.0,3810.19,25000.0,3810.39,210000.0
1753769573589,06:12:53.589,bitmex,ETH/USDT:USDT,3810.18,19000.0,3809.78,20000.0,3810.19,25000.0,3810.39,210000.0
1753769573638,06:12:53.638,bitmex,ETH/USDT:USDT,3810.18,17000.0,3809.78,20000.0,3810.19,27000.0,3810.39,210000.0
1753769573689,06:12:53.689,bitmex,ETH/USDT:USDT,3810.18,17000.0,3809.78,20000.0,3810.19,25000.0,3810.39,210000.0
1753769573738,06:12:53.738,bitmex,ETH/USDT:USDT,3810.18,17000.0,3809.78,20000.0,3810.19,25000.0,3810.39,210000.0
1753769573787,06:12:53.787,bitmex,ETH/USDT:USDT,3810.18,17000.0,3809.78,20000.0,3810.19,27000.0,3810.39,210000.0
1753769573998,06:12:53.998,bitmex,ETH/USDT:USDT,3810.18,19000.0,3809.78,20000.0,3810.19,27000.0,3810.39,210000.0
1753769574048,06:12:54.048,bitmex,ETH/USDT:USDT,3810.38,2000.0,3809.78,20000.0,3810.39,210000.0,3810.58,318000.0
1753769574097,06:12:54.097,bitmex,ETH/USDT:USDT,3809.79,17000.0,3809.78,20000.0,3810.38,25000.0,3810.39,212000.0
1753769574195,06:12:54.195,bitmex,ETH/USDT:USDT,3810.16,2000.0,3810.0,17000.0,3810.17,25000.0,3810.39,210000.0
1753769574244,06:12:54.244,bitmex,ETH/USDT:USDT,3810.16,17000.0,3809.78,20000.0,3810.17,27000.0,3810.39,210000.0
1753769574391,06:12:54.391,bitmex,ETH/USDT:USDT,3810.16,17000.0,3809.78,20000.0,3810.17,27000.0,3810.39,210000.0
1753769574440,06:12:54.440,bitmex,ETH/USDT:USDT,3810.16,19000.0,3809.78,20000.0,3810.17,27000.0,3810.39,210000.0
1753769574490,06:12:54.490,bitmex,ETH/USDT:USDT,3810.16,19000.0,3809.78,20000.0,3810.17,25000.0,3810.39,210000.0
1753769574539,06:12:54.539,bitmex,ETH/USDT:USDT,3810.16,17000.0,3809.78,20000.0,3810.17,25000.0,3810.39,210000.0
1753769574588,06:12:54.588,bitmex,ETH/USDT:USDT,3810.16,17000.0,3809.78,20000.0,3810.39,210000.0,3810.58,318000.0
1753769574637,06:12:54.637,bitmex,ETH/USDT:USDT,3810.38,2000.0,3809.78,20000.0,3810.39,210000.0,3810.58,318000.0
1753769574686,06:12:54.686,bitmex,ETH/USDT:USDT,3810.38,2000.0,3809.78,20000.0,3810.39,210000.0,3810.58,318000.0
1753769574735,06:12:54.735,bitmex,ETH/USDT:USDT,3810.19,2000.0,3809.99,17000.0,3810.37,25000.0,3810.39,210000.0
1753769574784,06:12:54.784,bitmex,ETH/USDT:USDT,3810.2,17000.0,3809.78,20000.0,3810.36,25000.0,3810.39,210000.0
1753769574833,06:12:54.833,bitmex,ETH/USDT:USDT,3810.35,2000.0,3809.78,20000.0,3810.36,25000.0,3810.39,210000.0
1753769574882,06:12:54.882,bitmex,ETH/USDT:USDT,3810.35,2000.0,3809.78,20000.0,3810.36,25000.0,3810.39,210000.0
1753769574931,06:12:54.931,bitmex,ETH/USDT:USDT,3809.79,17000.0,3809.78,20000.0,3810.34,25000.0,3810.39,210000.0
1753769574980,06:12:54.980,bitmex,ETH/USDT:USDT,3810.2,17000.0,3809.78,20000.0,3810.21,2000.0,3810.39,210000.0
1753769575029,06:12:55.029,bitmex,ETH/USDT:USDT,3810.38,2000.0,3809.78,20000.0,3810.39,210000.0,3810.58,318000.0
1753769575195,06:12:55.195,bitmex,ETH/USDT:USDT,3810.38,2000.0,3809.78,20000.0,3810.39,212000.0,3810.58,318000.0
1753769575244,06:12:55.244,bitmex,ETH/USDT:USDT,3809.78,20000.0,3809.77,62000.0,3810.21,2000.0,3810.39,210000.0
1753769575293,06:12:55.293,bitmex,ETH/USDT:USDT,3809.78,20000.0,3809.77,62000.0,3810.2,25000.0,3810.21,2000.0
1753769575342,06:12:55.342,bitmex,ETH/USDT:USDT,3810.18,17000.0,3809.78,20000.0,3810.19,27000.0,3810.29,210000.0
1753769575520,06:12:55.520,bitmex,ETH/USDT:USDT,3810.18,19000.0,3809.78,20000.0,3810.19,27000.0,3810.29,210000.0
1753769575570,06:12:55.570,bitmex,ETH/USDT:USDT,3810.18,19000.0,3809.78,20000.0,3810.19,25000.0,3810.29,210000.0
1753769575570,06:12:55.570,bitmex,ETH/USDT:USDT,3810.18,19000.0,3809.78,20000.0,3810.19,25000.0,3810.29,210000.0
1753769575699,06:12:55.699,bitmex,ETH/USDT:USDT,3810.18,17000.0,3809.78,20000.0,3810.19,25000.0,3810.29,210000.0
1753769575749,06:12:55.749,bitmex,ETH/USDT:USDT,3810.18,17000.0,3809.78,20000.0,3810.19,27000.0,3810.29,210000.0
1753769575967,06:12:55.967,bitmex,ETH/USDT:USDT,3810.18,19000.0,3809.78,20000.0,3810.19,25000.0,3810.29,210000.0
1753769576017,06:12:56.017,bitmex,ETH/USDT:USDT,3810.18,19000.0,3809.78,20000.0,3810.19,25000.0,3810.29,210000.0
1753769576066,06:12:56.066,bitmex,ETH/USDT:USDT,3810.18,17000.0,3809.78,20000.0,3810.19,27000.0,3810.29,210000.0
1753769576115,06:12:56.115,bitmex,ETH/USDT:USDT,3810.18,17000.0,3809.78,20000.0,3810.19,27000.0,3810.29,210000.0
1753769576318,06:12:56.318,bitmex,ETH/USDT:USDT,3810.18,17000.0,3809.78,20000.0,3810.19,25000.0,3810.29,210000.0
1753769576367,06:12:56.367,bitmex,ETH/USDT:USDT,3809.99,2000.0,3809.79,17000.0,3810.18,25000.0,3810.29,210000.0
1753769576416,06:12:56.416,bitmex,ETH/USDT:USDT,3810.17,17000.0,3809.78,20000.0,3810.18,25000.0,3810.29,210000.0
1753769576537,06:12:56.537,bitmex,ETH/USDT:USDT,3810.17,17000.0,3809.78,20000.0,3810.18,27000.0,3810.29,210000.0
1753769576600,06:12:56.600,bitmex,ETH/USDT:USDT,3810.17,17000.0,3809.78,20000.0,3810.18,27000.0,3810.29,210000.0
1753769576923,06:12:56.923,bitmex,ETH/USDT:USDT,3809.78,20000.0,3809.77,62000.0,3810.17,25000.0,3810.18,2000.0
1753769576972,06:12:56.972,bitmex,ETH/USDT:USDT,3809.78,20000.0,3809.77,62000.0,3810.15,27000.0,3810.29,210000.0
1753769577021,06:12:57.021,bitmex,ETH/USDT:USDT,3809.99,2000.0,3809.79,17000.0,3810.29,210000.0,3810.58,318000.0
1753769577119,06:12:57.119,bitmex,ETH/USDT:USDT,3809.99,2000.0,3809.79,17000.0,3810.07,25000.0,3810.29,210000.0
1753769577168,06:12:57.168,bitmex,ETH/USDT:USDT,3809.78,20000.0,3809.77,62000.0,3810.28,25000.0,3810.29,210000.0
1753769577217,06:12:57.217,bitmex,ETH/USDT:USDT,3809.99,19000.0,3809.98,2000.0,3810.24,25000.0,3810.25,25000.0
1753769577266,06:12:57.266,bitmex,ETH/USDT:USDT,3810.2,2000.0,3810.0,17000.0,3810.21,25000.0,3810.22,25000.0
1753769577315,06:12:57.315,bitmex,ETH/USDT:USDT,3810.18,2000.0,3810.0,17000.0,3810.19,25000.0,3810.29,210000.0
1753769577364,06:12:57.364,bitmex,ETH/USDT:USDT,3809.78,20000.0,3809.77,62000.0,3810.18,25000.0,3810.19,25000.0
1753769577413,06:12:57.413,bitmex,ETH/USDT:USDT,3809.99,2000.0,3809.79,17000.0,3810.17,25000.0,3810.29,210000.0
1753769577462,06:12:57.462,bitmex,ETH/USDT:USDT,3809.79,17000.0,3809.78,20000.0,3810.29,210000.0,3810.57,95000.0
1753769577511,06:12:57.511,bitmex,ETH/USDT:USDT,3810.0,17000.0,3809.78,20000.0,3810.29,210000.0,3810.57,95000.0
1753769577560,06:12:57.560,bitmex,ETH/USDT:USDT,3810.0,17000.0,3809.78,20000.0,3810.29,210000.0,3810.57,95000.0
1753769577609,06:12:57.609,bitmex,ETH/USDT:USDT,3810.0,17000.0,3809.78,20000.0,3810.09,2000.0,3810.29,210000.0
1753769577658,06:12:57.658,bitmex,ETH/USDT:USDT,3810.0,17000.0,3809.78,20000.0,3810.09,2000.0,3810.29,210000.0
1753769577707,06:12:57.707,bitmex,ETH/USDT:USDT,3809.79,17000.0,3809.78,20000.0,3810.09,2000.0,3810.29,210000.0
1753769577855,06:12:57.855,bitmex,ETH/USDT:USDT,3809.79,17000.0,3809.78,20000.0,3810.25,25000.0,3810.29,210000.0
1753769578033,06:12:58.033,bitmex,ETH/USDT:USDT,3809.79,17000.0,3809.78,20000.0,3810.25,25000.0,3810.29,210000.0
1753769578083,06:12:58.083,bitmex,ETH/USDT:USDT,3809.99,2000.0,3809.79,17000.0,3810.25,25000.0,3810.29,210000.0
1753769578132,06:12:58.132,bitmex,ETH/USDT:USDT,3809.79,17000.0,3809.78,20000.0,3810.29,210000.0,3810.57,95000.0
1753769578334,06:12:58.334,bitmex,ETH/USDT:USDT,3809.79,17000.0,3809.78,20000.0,3810.29,210000.0,3810.57,95000.0
1753769578383,06:12:58.383,bitmex,ETH/USDT:USDT,3809.79,17000.0,3809.78,20000.0,3810.29,210000.0,3810.57,95000.0
1753769578432,06:12:58.432,bitmex,ETH/USDT:USDT,3809.79,17000.0,3809.78,20000.0,3810.29,210000.0,3810.57,95000.0
1753769578495,06:12:58.495,bitmex,ETH/USDT:USDT,3809.99,2000.0,3809.79,17000.0,3810.29,210000.0,3810.57,95000.0
1753769578544,06:12:58.544,bitmex,ETH/USDT:USDT,3809.79,17000.0,3809.78,20000.0,3810.27,25000.0,3810.29,210000.0
1753769578593,06:12:58.593,bitmex,ETH/USDT:USDT,3809.79,17000.0,3809.78,20000.0,3810.26,25000.0,3810.29,210000.0
1753769578642,06:12:58.642,bitmex,ETH/USDT:USDT,3809.99,2000.0,3809.79,17000.0,3810.26,25000.0,3810.29,210000.0
1753769578691,06:12:58.691,bitmex,ETH/USDT:USDT,3809.79,17000.0,3809.78,20000.0,3810.23,25000.0,3810.29,210000.0
1753769578740,06:12:58.740,bitmex,ETH/USDT:USDT,3809.79,17000.0,3809.78,20000.0,3810.02,2000.0,3810.29,210000.0
1753769578789,06:12:58.789,bitmex,ETH/USDT:USDT,3809.79,17000.0,3809.78,20000.0,3810.26,25000.0,3810.29,210000.0
1753769578838,06:12:58.838,bitmex,ETH/USDT:USDT,3809.79,17000.0,3809.78,20000.0,3810.26,25000.0,3810.29,210000.0
1753769578887,06:12:58.887,bitmex,ETH/USDT:USDT,3809.79,17000.0,3809.78,20000.0,3810.26,25000.0,3810.29,210000.0
1753769578936,06:12:58.936,bitmex,ETH/USDT:USDT,3809.79,17000.0,3809.78,20000.0,3810.26,25000.0,3810.29,210000.0
1753769579108,06:12:59.108,bitmex,ETH/USDT:USDT,3809.79,17000.0,3809.78,20000.0,3810.25,25000.0,3810.29,210000.0
1753769579157,06:12:59.157,bitmex,ETH/USDT:USDT,3809.78,20000.0,3809.77,62000.0,3810.22,25000.0,3810.29,210000.0
1753769579206,06:12:59.206,bitmex,ETH/USDT:USDT,3809.98,2000.0,3809.79,17000.0,3810.19,25000.0,3810.29,210000.0
1753769579255,06:12:59.255,bitmex,ETH/USDT:USDT,3809.99,2000.0,3809.79,17000.0,3810.29,210000.0,3810.57,95000.0
1753769579304,06:12:59.304,bitmex,ETH/USDT:USDT,3809.78,20000.0,3809.77,62000.0,3810.09,2000.0,3810.29,210000.0
1753769579353,06:12:59.353,bitmex,ETH/USDT:USDT,3809.99,2000.0,3809.78,20000.0,3810.29,210000.0,3810.57,95000.0
1753769579402,06:12:59.402,bitmex,ETH/USDT:USDT,3809.79,17000.0,3809.78,20000.0,3810.07,2000.0,3810.29,210000.0
1753769579549,06:12:59.549,bitmex,ETH/USDT:USDT,3809.79,17000.0,3809.78,20000.0,3810.29,210000.0,3810.58,318000.0
1753769579598,06:12:59.598,bitmex,ETH/USDT:USDT,3809.78,20000.0,3809.77,62000.0,3810.21,27000.0,3810.29,210000.0
1753769579647,06:12:59.647,bitmex,ETH/USDT:USDT,3810.19,2000.0,3809.78,20000.0,3810.2,25000.0,3810.29,210000.0
1753769579696,06:12:59.696,bitmex,ETH/USDT:USDT,3809.78,20000.0,3809.77,62000.0,3810.19,25000.0,3810.2,25000.0
1753769579745,06:12:59.745,bitmex,ETH/USDT:USDT,3809.79,17000.0,3809.78,20000.0,3810.18,25000.0,3810.29,210000.0
1753769579916,06:12:59.916,bitmex,ETH/USDT:USDT,3809.79,17000.0,3809.78,20000.0,3810.18,25000.0,3810.29,210000.0
1753769579965,06:12:59.965,bitmex,ETH/USDT:USDT,3810.17,2000.0,3810.0,17000.0,3810.18,25000.0,3810.29,210000.0
1753769580014,06:13:00.014,bitmex,ETH/USDT:USDT,3810.0,17000.0,3809.99,2000.0,3810.18,25000.0,3810.29,210000.0
1753769580063,06:13:00.063,bitmex,ETH/USDT:USDT,3810.17,2000.0,3809.78,20000.0,3810.18,25000.0,3810.29,210000.0
1753769580112,06:13:00.112,bitmex,ETH/USDT:USDT,3810.28,2000.0,3810.17,17000.0,3810.29,210000.0,3810.58,318000.0
1753769580161,06:13:00.161,bitmex,ETH/USDT:USDT,3810.28,2000.0,3809.78,20000.0,3810.29,210000.0,3810.58,318000.0
1753769580210,06:13:00.210,bitmex,ETH/USDT:USDT,3810.28,2000.0,3809.78,20000.0,3810.29,210000.0,3810.58,318000.0
1753769580259,06:13:00.259,bitmex,ETH/USDT:USDT,3809.79,17000.0,3809.78,20000.0,3810.27,25000.0,3810.29,210000.0
1753769580308,06:13:00.308,bitmex,ETH/USDT:USDT,3809.78,20000.0,3809.77,62000.0,3810.26,25000.0,3810.27,2000.0
1753769580357,06:13:00.357,bitmex,ETH/USDT:USDT,3810.2,2000.0,3809.78,20000.0,3810.24,25000.0,3810.25,25000.0
1753769580406,06:13:00.406,bitmex,ETH/USDT:USDT,3810.19,17000.0,3809.98,2000.0,3810.22,25000.0,3810.29,210000.0
1753769580455,06:13:00.455,bitmex,ETH/USDT:USDT,3809.79,17000.0,3809.78,20000.0,3810.19,25000.0,3810.29,210000.0
1753769580530,06:13:00.530,bitmex,ETH/USDT:USDT,3809.99,2000.0,3809.79,17000.0,3810.19,25000.0,3810.29,210000.0
1753769580580,06:13:00.580,bitmex,ETH/USDT:USDT,3810.0,17000.0,3809.78,20000.0,3810.18,25000.0,3810.29,210000.0
1753769580630,06:13:00.630,bitmex,ETH/USDT:USDT,3810.0,17000.0,3809.78,20000.0,3810.18,25000.0,3810.29,210000.0
1753769580795,06:13:00.795,bitmex,ETH/USDT:USDT,3810.17,2000.0,3809.78,20000.0,3810.18,25000.0,3810.29,210000.0
1753769580844,06:13:00.844,bitmex,ETH/USDT:USDT,3809.78,20000.0,3809.77,62000.0,3810.17,25000.0,3810.18,25000.0
1753769580893,06:13:00.893,bitmex,ETH/USDT:USDT,3810.0,17000.0,3809.78,20000.0,3810.15,25000.0,3810.29,210000.0
1753769580942,06:13:00.942,bitmex,ETH/USDT:USDT,3810.0,17000.0,3809.78,20000.0,3810.15,25000.0,3810.29,210000.0
1753769581040,06:13:01.040,bitmex,ETH/USDT:USDT,3809.79,17000.0,3809.78,20000.0,3810.13,25000.0,3810.29,210000.0
1753769581089,06:13:01.089,bitmex,ETH/USDT:USDT,3810.11,17000.0,3809.78,20000.0,3810.12,25000.0,3810.29,210000.0
1753769581138,06:13:01.138,bitmex,ETH/USDT:USDT,3810.11,17000.0,3809.78,20000.0,3810.12,25000.0,3810.29,210000.0
1753769581187,06:13:01.187,bitmex,ETH/USDT:USDT,3810.11,19000.0,3809.78,20000.0,3810.12,25000.0,3810.29,210000.0
1753769581285,06:13:01.285,bitmex,ETH/USDT:USDT,3810.11,17000.0,3809.92,62000.0,3810.12,25000.0,3810.29,210000.0
1753769581348,06:13:01.348,bitmex,ETH/USDT:USDT,3810.11,19000.0,3809.92,62000.0,3810.12,25000.0,3810.29,210000.0
1753769581397,06:13:01.397,bitmex,ETH/USDT:USDT,3810.11,17000.0,3809.92,62000.0,3810.12,25000.0,3810.29,210000.0
1753769581495,06:13:01.495,bitmex,ETH/USDT:USDT,3809.92,62000.0,3809.91,208000.0,3810.12,27000.0,3810.29,210000.0
1753769581544,06:13:01.544,bitmex,ETH/USDT:USDT,3809.92,62000.0,3809.91,208000.0,3810.11,25000.0,3810.29,210000.0
1753769581593,06:13:01.593,bitmex,ETH/USDT:USDT,3809.93,17000.0,3809.92,62000.0,3810.1,25000.0,3810.29,210000.0
1753769581642,06:13:01.642,bitmex,ETH/USDT:USDT,3809.93,17000.0,3809.92,62000.0,3810.1,25000.0,3810.29,210000.0
1753769581691,06:13:01.691,bitmex,ETH/USDT:USDT,3809.93,17000.0,3809.92,62000.0,3810.1,25000.0,3810.29,210000.0
1753769581782,06:13:01.782,bitmex,ETH/USDT:USDT,3809.93,17000.0,3809.92,62000.0,3810.29,210000.0,3810.58,318000.0
1753769581855,06:13:01.855,bitmex,ETH/USDT:USDT,3809.93,17000.0,3809.92,62000.0,3810.29,210000.0,3810.58,318000.0
1753769581904,06:13:01.904,bitmex,ETH/USDT:USDT,3809.93,17000.0,3809.92,62000.0,3810.29,210000.0,3810.58,318000.0
1753769581995,06:13:01.995,bitmex,ETH/USDT:USDT,3810.13,2000.0,3809.93,17000.0,3810.29,210000.0,3810.58,318000.0
1753769582044,06:13:02.044,bitmex,ETH/USDT:USDT,3810.13,2000.0,3809.93,17000.0,3810.29,210000.0,3810.58,318000.0
1753769582093,06:13:02.093,bitmex,ETH/USDT:USDT,3809.93,17000.0,3809.92,62000.0,3810.29,210000.0,3810.58,318000.0
1753769582142,06:13:02.142,bitmex,ETH/USDT:USDT,3810.13,2000.0,3809.93,17000.0,3810.29,210000.0,3810.58,318000.0
1753769582191,06:13:02.191,bitmex,ETH/USDT:USDT,3810.28,2000.0,3809.92,62000.0,3810.29,210000.0,3810.58,318000.0
1753769582240,06:13:02.240,bitmex,ETH/USDT:USDT,3810.13,2000.0,3809.93,17000.0,3810.28,25000.0,3810.29,210000.0
1753769582289,06:13:02.289,bitmex,ETH/USDT:USDT,3809.92,62000.0,3809.91,208000.0,3810.26,25000.0,3810.29,210000.0
1753769582338,06:13:02.338,bitmex,ETH/USDT:USDT,3809.93,17000.0,3809.92,62000.0,3810.24,25000.0,3810.29,210000.0
1753769582387,06:13:02.387,bitmex,ETH/USDT:USDT,3810.13,2000.0,3809.93,17000.0,3810.23,25000.0,3810.29,210000.0
1753769582485,06:13:02.485,bitmex,ETH/USDT:USDT,3809.92,62000.0,3809.91,208000.0,3810.21,25000.0,3810.29,210000.0
1753769582534,06:13:02.534,bitmex,ETH/USDT:USDT,3809.93,17000.0,3809.92,62000.0,3810.29,210000.0,3810.58,318000.0
1753769582583,06:13:02.583,bitmex,ETH/USDT:USDT,3809.92,62000.0,3809.91,208000.0,3810.29,210000.0,3810.58,318000.0
1753769582632,06:13:02.632,bitmex,ETH/USDT:USDT,3809.93,17000.0,3809.92,62000.0,3810.28,25000.0,3810.29,210000.0
1753769582681,06:13:02.681,bitmex,ETH/USDT:USDT,3809.93,17000.0,3809.92,62000.0,3810.29,210000.0,3810.58,318000.0
1753769582730,06:13:02.730,bitmex,ETH/USDT:USDT,3809.93,17000.0,3809.92,62000.0,3810.14,2000.0,3810.29,210000.0
1753769582779,06:13:02.779,bitmex,ETH/USDT:USDT,3809.93,17000.0,3809.92,62000.0,3810.28,25000.0,3810.29,210000.0
1753769583093,06:13:03.093,bitmex,ETH/USDT:USDT,3810.13,2000.0,3809.93,17000.0,3810.21,25000.0,3810.29,210000.0
1753769583142,06:13:03.142,bitmex,ETH/USDT:USDT,3809.93,17000.0,3809.92,62000.0,3810.18,25000.0,3810.29,210000.0
1753769583191,06:13:03.191,bitmex,ETH/USDT:USDT,3809.93,17000.0,3809.92,62000.0,3810.15,25000.0,3810.29,210000.0
1753769583292,06:13:03.292,bitmex,ETH/USDT:USDT,3809.93,17000.0,3809.92,62000.0,3810.15,25000.0,3810.29,210000.0
1753769583341,06:13:03.341,bitmex,ETH/USDT:USDT,3809.93,17000.0,3809.92,62000.0,3810.15,25000.0,3810.29,210000.0
1753769583390,06:13:03.390,bitmex,ETH/USDT:USDT,3809.91,208000.0,3809.6,20000.0,3810.29,210000.0,3810.57,95000.0
1753769583439,06:13:03.439,bitmex,ETH/USDT:USDT,3809.92,62000.0,3809.91,208000.0,3810.28,25000.0,3810.29,210000.0
1753769583488,06:13:03.488,bitmex,ETH/USDT:USDT,3809.92,62000.0,3809.91,208000.0,3810.28,25000.0,3810.29,210000.0
1753769583537,06:13:03.537,bitmex,ETH/USDT:USDT,3809.92,62000.0,3809.91,208000.0,3810.27,25000.0,3810.29,210000.0
1753769583586,06:13:03.586,bitmex,ETH/USDT:USDT,3809.92,62000.0,3809.91,208000.0,3810.27,25000.0,3810.29,210000.0
1753769583635,06:13:03.635,bitmex,ETH/USDT:USDT,3809.92,62000.0,3809.91,208000.0,3810.27,25000.0,3810.29,210000.0
1753769583744,06:13:03.744,bitmex,ETH/USDT:USDT,3809.92,62000.0,3809.91,208000.0,3810.07,2000.0,3810.27,25000.0
1753769583794,06:13:03.794,bitmex,ETH/USDT:USDT,3809.92,62000.0,3809.91,208000.0,3810.28,25000.0,3810.29,210000.0
1753769583843,06:13:03.843,bitmex,ETH/USDT:USDT,3809.92,62000.0,3809.91,208000.0,3810.28,25000.0,3810.29,210000.0
1753769583893,06:13:03.893,bitmex,ETH/USDT:USDT,3809.91,208000.0,3809.6,20000.0,3810.28,25000.0,3810.29,210000.0
1753769583992,06:13:03.992,bitmex,ETH/USDT:USDT,3809.91,208000.0,3809.6,20000.0,3809.92,25000.0,3810.28,88000.0
1753769584093,06:13:04.093,bitmex,ETH/USDT:USDT,3809.91,210000.0,3809.6,20000.0,3809.92,25000.0,3810.28,88000.0
1753769584143,06:13:04.143,bitmex,ETH/USDT:USDT,3809.91,208000.0,3809.6,20000.0,3809.92,25000.0,3810.28,88000.0
1753769584203,06:13:04.203,bitmex,ETH/USDT:USDT,3809.91,208000.0,3809.6,20000.0,3809.92,25000.0,3810.28,88000.0
1753769584302,06:13:04.302,bitmex,ETH/USDT:USDT,3809.91,208000.0,3809.6,20000.0,3810.08,2000.0,3810.28,63000.0
1753769584351,06:13:04.351,bitmex,ETH/USDT:USDT,3809.91,208000.0,3809.6,20000.0,3809.92,25000.0,3810.28,63000.0
1753769584400,06:13:04.400,bitmex,ETH/USDT:USDT,3809.91,210000.0,3809.6,20000.0,3809.92,25000.0,3810.28,63000.0
1753769584449,06:13:04.449,bitmex,ETH/USDT:USDT,3809.91,208000.0,3809.6,20000.0,3809.92,27000.0,3810.28,63000.0
1753769585042,06:13:05.042,bitmex,ETH/USDT:USDT,3809.91,208000.0,3809.6,20000.0,3809.92,27000.0,3810.28,63000.0
1753769585091,06:13:05.091,bitmex,ETH/USDT:USDT,3809.91,208000.0,3809.6,20000.0,3809.92,25000.0,3810.28,63000.0
1753769585140,06:13:05.140,bitmex,ETH/USDT:USDT,3809.91,208000.0,3809.6,20000.0,3809.92,25000.0,3810.28,63000.0
1753769585189,06:13:05.189,bitmex,ETH/USDT:USDT,3809.91,208000.0,3809.6,20000.0,3809.92,25000.0,3810.28,63000.0
1753769585246,06:13:05.246,bitmex,ETH/USDT:USDT,3809.91,208000.0,3809.6,20000.0,3809.92,27000.0,3810.28,63000.0
1753769585296,06:13:05.296,bitmex,ETH/USDT:USDT,3809.91,208000.0,3809.6,20000.0,3809.92,27000.0,3810.28,63000.0
1753769585345,06:13:05.345,bitmex,ETH/USDT:USDT,3809.91,208000.0,3809.6,20000.0,3809.92,27000.0,3810.28,63000.0
1753769585394,06:13:05.394,bitmex,ETH/USDT:USDT,3809.91,208000.0,3809.6,20000.0,3810.28,63000.0,3810.29,210000.0
1753769585394,06:13:05.394,bitmex,ETH/USDT:USDT,3809.91,208000.0,3809.6,20000.0,3810.08,2000.0,3810.28,63000.0
1753769585443,06:13:05.443,bitmex,ETH/USDT:USDT,3809.91,208000.0,3809.6,20000.0,3810.28,63000.0,3810.29,210000.0
1753769585492,06:13:05.492,bitmex,ETH/USDT:USDT,3809.91,208000.0,3809.6,20000.0,3809.92,27000.0,3810.28,63000.0
1753769585541,06:13:05.541,bitmex,ETH/USDT:USDT,3809.91,208000.0,3809.6,20000.0,3809.92,27000.0,3810.28,63000.0
1753769585590,06:13:05.590,bitmex,ETH/USDT:USDT,3809.91,210000.0,3809.6,20000.0,3809.92,25000.0,3810.28,63000.0
1753769585639,06:13:05.639,bitmex,ETH/USDT:USDT,3809.91,210000.0,3809.6,20000.0,3809.92,25000.0,3810.28,63000.0
1753769585688,06:13:05.688,bitmex,ETH/USDT:USDT,3809.91,210000.0,3809.6,20000.0,3809.92,25000.0,3810.28,63000.0
1753769585737,06:13:05.737,bitmex,ETH/USDT:USDT,3809.91,208000.0,3809.6,20000.0,3810.28,63000.0,3810.29,210000.0
1753769585786,06:13:05.786,bitmex,ETH/USDT:USDT,3809.91,208000.0,3809.6,20000.0,3810.29,210000.0,3810.57,95000.0
1753769585835,06:13:05.835,bitmex,ETH/USDT:USDT,3809.91,208000.0,3809.6,20000.0,3810.08,25000.0,3810.09,2000.0
1753769585884,06:13:05.884,bitmex,ETH/USDT:USDT,3809.91,208000.0,3809.6,20000.0,3810.29,210000.0,3810.57,95000.0
1753769585942,06:13:05.942,bitmex,ETH/USDT:USDT,3809.91,208000.0,3809.6,20000.0,3810.29,210000.0,3810.57,95000.0
1753769586040,06:13:06.040,bitmex,ETH/USDT:USDT,3809.91,208000.0,3809.6,20000.0,3810.29,210000.0,3810.57,95000.0
1753769586089,06:13:06.089,bitmex,ETH/USDT:USDT,3809.91,208000.0,3809.6,20000.0,3809.92,2000.0,3810.29,210000.0
1753769586190,06:13:06.190,bitmex,ETH/USDT:USDT,3809.91,208000.0,3809.6,20000.0,3810.29,210000.0,3810.57,95000.0
1753769586239,06:13:06.239,bitmex,ETH/USDT:USDT,3809.91,208000.0,3809.6,20000.0,3810.09,2000.0,3810.29,210000.0
1753769586288,06:13:06.288,bitmex,ETH/USDT:USDT,3809.91,208000.0,3809.6,20000.0,3810.09,2000.0,3810.29,210000.0
1753769586337,06:13:06.337,bitmex,ETH/USDT:USDT,3809.91,208000.0,3809.6,20000.0,3810.29,210000.0,3810.57,95000.0
1753769586399,06:13:06.399,bitmex,ETH/USDT:USDT,3809.91,208000.0,3809.6,20000.0,3810.09,2000.0,3810.29,210000.0
1753769586449,06:13:06.449,bitmex,ETH/USDT:USDT,3809.91,208000.0,3809.6,20000.0,3810.29,210000.0,3810.57,95000.0
1753769586547,06:13:06.547,bitmex,ETH/USDT:USDT,3809.91,208000.0,3809.6,20000.0,3810.09,2000.0,3810.29,210000.0
1753769586596,06:13:06.596,bitmex,ETH/USDT:USDT,3809.91,208000.0,3809.6,20000.0,3810.12,25000.0,3810.29,210000.0
1753769586645,06:13:06.645,bitmex,ETH/USDT:USDT,3809.91,208000.0,3809.6,20000.0,3810.12,25000.0,3810.29,210000.0
1753769586867,06:13:06.867,bitmex,ETH/USDT:USDT,3809.91,208000.0,3809.6,20000.0,3810.12,25000.0,3810.29,210000.0
1753769587019,06:13:07.019,bitmex,ETH/USDT:USDT,3809.91,208000.0,3809.6,20000.0,3810.12,25000.0,3810.29,210000.0
1753769587068,06:13:07.068,bitmex,ETH/USDT:USDT,3809.91,208000.0,3809.6,20000.0,3809.92,2000.0,3810.29,210000.0
1753769587117,06:13:07.117,bitmex,ETH/USDT:USDT,3809.91,210000.0,3809.6,20000.0,3810.29,210000.0,3810.57,95000.0
1753769587166,06:13:07.166,bitmex,ETH/USDT:USDT,3809.91,208000.0,3809.6,20000.0,3810.12,25000.0,3810.29,210000.0
1753769587215,06:13:07.215,bitmex,ETH/USDT:USDT,3809.91,208000.0,3809.6,20000.0,3810.11,25000.0,3810.29,210000.0
1753769587265,06:13:07.265,bitmex,ETH/USDT:USDT,3809.6,20000.0,3809.59,222000.0,3810.11,25000.0,3810.2,210000.0
1753769587314,06:13:07.314,bitmex,ETH/USDT:USDT,3809.61,17000.0,3809.6,20000.0,3810.19,25000.0,3810.2,210000.0
1753769587363,06:13:07.363,bitmex,ETH/USDT:USDT,3809.6,20000.0,3809.59,222000.0,3810.16,25000.0,3810.2,210000.0
1753769587462,06:13:07.462,bitmex,ETH/USDT:USDT,3809.6,17000.0,3809.59,202000.0,3809.91,25000.0,3809.92,25000.0
1753769587511,06:13:07.511,bitmex,ETH/USDT:USDT,3809.59,202000.0,3809.58,411000.0,3809.81,2000.0,3810.2,210000.0
1753769587560,06:13:07.560,bitmex,ETH/USDT:USDT,3809.79,2000.0,3809.6,17000.0,3809.98,25000.0,3810.2,210000.0
1753769587609,06:13:07.609,bitmex,ETH/USDT:USDT,3809.6,17000.0,3809.59,202000.0,3809.97,25000.0,3810.2,210000.0
1753769587658,06:13:07.658,bitmex,ETH/USDT:USDT,3809.6,17000.0,3809.59,202000.0,3809.97,25000.0,3810.2,210000.0
1753769587707,06:13:07.707,bitmex,ETH/USDT:USDT,3809.6,17000.0,3809.59,202000.0,3809.81,2000.0,3810.2,210000.0
1753769587756,06:13:07.756,bitmex,ETH/USDT:USDT,3809.6,17000.0,3809.59,202000.0,3809.99,2000.0,3810.19,25000.0
1753769587805,06:13:07.805,bitmex,ETH/USDT:USDT,3809.59,202000.0,3809.58,411000.0,3809.81,2000.0,3810.2,210000.0
1753769587854,06:13:07.854,bitmex,ETH/USDT:USDT,3809.79,2000.0,3809.6,17000.0,3809.99,25000.0,3810.2,210000.0
1753769587903,06:13:07.903,bitmex,ETH/USDT:USDT,3809.79,2000.0,3809.59,202000.0,3809.99,25000.0,3810.2,210000.0
1753769588019,06:13:08.019,bitmex,ETH/USDT:USDT,3809.79,2000.0,3809.59,202000.0,3810.2,210000.0,3810.38,95000.0
1753769588068,06:13:08.068,bitmex,ETH/USDT:USDT,3809.6,17000.0,3809.59,202000.0,3809.99,25000.0,3810.2,210000.0
1753769588117,06:13:08.117,bitmex,ETH/USDT:USDT,3809.59,202000.0,3809.58,411000.0,3809.98,25000.0,3810.2,210000.0
1753769588215,06:13:08.215,bitmex,ETH/USDT:USDT,3809.6,17000.0,3809.59,202000.0,3810.2,210000.0,3810.38,95000.0
1753769588264,06:13:08.264,bitmex,ETH/USDT:USDT,3809.6,17000.0,3809.59,202000.0,3810.2,210000.0,3810.38,95000.0
1753769588313,06:13:08.313,bitmex,ETH/USDT:USDT,3809.6,17000.0,3809.59,202000.0,3810.2,210000.0,3810.38,95000.0
1753769588362,06:13:08.362,bitmex,ETH/USDT:USDT,3809.6,17000.0,3809.59,202000.0,3810.2,210000.0,3810.38,95000.0
1753769588411,06:13:08.411,bitmex,ETH/USDT:USDT,3809.6,17000.0,3809.59,202000.0,3810.2,210000.0,3810.38,95000.0
1753769588525,06:13:08.525,bitmex,ETH/USDT:USDT,3809.6,17000.0,3809.59,202000.0,3810.2,210000.0,3810.38,95000.0
1753769588574,06:13:08.574,bitmex,ETH/USDT:USDT,3809.6,17000.0,3809.59,202000.0,3810.2,210000.0,3810.38,95000.0
1753769588772,06:13:08.772,bitmex,ETH/USDT:USDT,3809.6,17000.0,3809.59,202000.0,3810.2,210000.0,3810.38,95000.0
1753769588821,06:13:08.821,bitmex,ETH/USDT:USDT,3809.6,17000.0,3809.59,202000.0,3810.2,210000.0,3810.38,95000.0
1753769588870,06:13:08.870,bitmex,ETH/USDT:USDT,3809.6,17000.0,3809.59,202000.0,3810.2,210000.0,3810.38,95000.0
1753769588919,06:13:08.919,bitmex,ETH/USDT:USDT,3809.6,17000.0,3809.59,202000.0,3810.2,210000.0,3810.38,95000.0
1753769589065,06:13:09.065,bitmex,ETH/USDT:USDT,3809.6,17000.0,3809.59,202000.0,3810.2,210000.0,3810.38,95000.0
1753769589114,06:13:09.114,bitmex,ETH/USDT:USDT,3809.6,17000.0,3809.59,202000.0,3810.2,210000.0,3810.38,95000.0
1753769589185,06:13:09.185,bitmex,ETH/USDT:USDT,3809.8,2000.0,3809.6,17000.0,3810.2,210000.0,3810.38,95000.0
1753769589234,06:13:09.234,bitmex,ETH/USDT:USDT,3809.59,219000.0,3809.58,411000.0,3809.99,25000.0,3810.2,210000.0
1753769589283,06:13:09.283,bitmex,ETH/USDT:USDT,3809.79,2000.0,3809.59,219000.0,3809.99,25000.0,3810.2,210000.0
1753769589332,06:13:09.332,bitmex,ETH/USDT:USDT,3809.8,2000.0,3809.6,17000.0,3810.2,210000.0,3810.38,95000.0
1753769589381,06:13:09.381,bitmex,ETH/USDT:USDT,3809.8,2000.0,3809.59,202000.0,3809.98,25000.0,3810.2,210000.0
1753769589430,06:13:09.430,bitmex,ETH/USDT:USDT,3809.8,2000.0,3809.6,17000.0,3810.19,25000.0,3810.2,210000.0
1753769589479,06:13:09.479,bitmex,ETH/USDT:USDT,3809.6,17000.0,3809.59,202000.0,3809.98,25000.0,3810.2,210000.0
1753769589528,06:13:09.528,bitmex,ETH/USDT:USDT,3809.6,17000.0,3809.59,202000.0,3809.98,25000.0,3810.2,210000.0
1753769589577,06:13:09.577,bitmex,ETH/USDT:USDT,3809.8,2000.0,3809.6,17000.0,3809.98,25000.0,3810.2,210000.0
1753769589626,06:13:09.626,bitmex,ETH/USDT:USDT,3809.8,2000.0,3809.59,202000.0,3809.98,25000.0,3810.2,210000.0
1753769589675,06:13:09.675,bitmex,ETH/USDT:USDT,3809.59,202000.0,3809.58,411000.0,3809.98,25000.0,3810.2,210000.0
1753769589725,06:13:09.725,bitmex,ETH/USDT:USDT,3809.6,17000.0,3809.59,202000.0,3809.98,25000.0,3809.99,2000.0
1753769589774,06:13:09.774,bitmex,ETH/USDT:USDT,3809.6,17000.0,3809.59,202000.0,3810.2,210000.0,3810.38,95000.0
1753769589823,06:13:09.823,bitmex,ETH/USDT:USDT,3809.6,17000.0,3809.59,202000.0,3810.2,210000.0,3810.38,95000.0
1753769589872,06:13:09.872,bitmex,ETH/USDT:USDT,3809.6,17000.0,3809.59,202000.0,3810.2,210000.0,3810.38,95000.0
1753769589954,06:13:09.954,bitmex,ETH/USDT:USDT,3809.6,17000.0,3809.59,202000.0,3810.2,210000.0,3810.38,95000.0
1753769590004,06:13:10.004,bitmex,ETH/USDT:USDT,3809.6,17000.0,3809.59,202000.0,3810.2,210000.0,3810.38,95000.0
1753769590122,06:13:10.122,bitmex,ETH/USDT:USDT,3809.6,17000.0,3809.59,202000.0,3810.2,210000.0,3810.38,95000.0
1753769590172,06:13:10.172,bitmex,ETH/USDT:USDT,3809.6,17000.0,3809.59,202000.0,3810.2,210000.0,3810.38,95000.0
1753769590221,06:13:10.221,bitmex,ETH/USDT:USDT,3809.6,17000.0,3809.59,202000.0,3810.2,210000.0,3810.38,95000.0
1753769590281,06:13:10.281,bitmex,ETH/USDT:USDT,3809.6,17000.0,3809.59,202000.0,3810.2,210000.0,3810.38,95000.0
1753769590330,06:13:10.330,bitmex,ETH/USDT:USDT,3809.6,17000.0,3809.59,202000.0,3810.2,210000.0,3810.38,95000.0
1753769590382,06:13:10.382,bitmex,ETH/USDT:USDT,3809.6,17000.0,3809.59,202000.0,3810.2,210000.0,3810.38,95000.0
1753769590431,06:13:10.431,bitmex,ETH/USDT:USDT,3809.6,17000.0,3809.59,202000.0,3810.2,210000.0,3810.38,95000.0
1753769590527,06:13:10.527,bitmex,ETH/USDT:USDT,3809.6,17000.0,3809.59,202000.0,3810.2,210000.0,3810.38,95000.0
1753769590577,06:13:10.577,bitmex,ETH/USDT:USDT,3809.6,17000.0,3809.59,202000.0,3810.2,210000.0,3810.38,95000.0
1753769590626,06:13:10.626,bitmex,ETH/USDT:USDT,3809.59,202000.0,3809.58,411000.0,3810.19,25000.0,3810.2,210000.0
1753769590675,06:13:10.675,bitmex,ETH/USDT:USDT,3809.6,17000.0,3809.59,202000.0,3810.17,25000.0,3810.2,210000.0
1753769590724,06:13:10.724,bitmex,ETH/USDT:USDT,3809.79,2000.0,3809.59,202000.0,3810.15,25000.0,3810.16,25000.0
1753769590773,06:13:10.773,bitmex,ETH/USDT:USDT,3809.6,17000.0,3809.59,202000.0,3810.14,25000.0,3810.2,210000.0
1753769590822,06:13:10.822,bitmex,ETH/USDT:USDT,3809.6,17000.0,3809.59,202000.0,3810.12,25000.0,3810.2,210000.0
1753769590871,06:13:10.871,bitmex,ETH/USDT:USDT,3809.59,202000.0,3809.58,411000.0,3810.08,25000.0,3810.09,25000.0
1753769590920,06:13:10.920,bitmex,ETH/USDT:USDT,3809.8,2000.0,3809.6,17000.0,3810.19,25000.0,3810.2,210000.0
1753769590969,06:13:10.969,bitmex,ETH/USDT:USDT,3809.8,2000.0,3809.6,17000.0,3810.0,25000.0,3810.2,210000.0
1753769591018,06:13:11.018,bitmex,ETH/USDT:USDT,3809.6,17000.0,3809.59,202000.0,3809.99,25000.0,3810.2,210000.0
1753769591067,06:13:11.067,bitmex,ETH/USDT:USDT,3809.59,202000.0,3809.58,411000.0,3809.98,25000.0,3809.99,25000.0
1753769591166,06:13:11.166,bitmex,ETH/USDT:USDT,3809.6,17000.0,3809.59,202000.0,3809.96,25000.0,3810.2,210000.0
1753769591215,06:13:11.215,bitmex,ETH/USDT:USDT,3809.6,17000.0,3809.59,202000.0,3809.96,25000.0,3810.2,210000.0
1753769591318,06:13:11.318,bitmex,ETH/USDT:USDT,3809.6,17000.0,3809.59,202000.0,3809.96,25000.0,3810.2,210000.0
1753769591516,06:13:11.516,bitmex,ETH/USDT:USDT,3809.8,2000.0,3809.6,17000.0,3809.96,25000.0,3810.2,210000.0
1753769591615,06:13:11.615,bitmex,ETH/USDT:USDT,3809.6,20000.0,3809.59,202000.0,3810.18,25000.0,3810.2,210000.0
1753769591848,06:13:11.848,bitmex,ETH/USDT:USDT,3809.61,17000.0,3809.6,20000.0,3810.17,25000.0,3810.2,210000.0
1753769591897,06:13:11.897,bitmex,ETH/USDT:USDT,3809.61,17000.0,3809.6,20000.0,3810.17,25000.0,3810.2,210000.0
1753769591946,06:13:11.946,bitmex,ETH/USDT:USDT,3809.61,17000.0,3809.6,20000.0,3810.17,25000.0,3810.2,210000.0
1753769592131,06:13:12.131,bitmex,ETH/USDT:USDT,3809.6,20000.0,3809.59,202000.0,3810.15,25000.0,3810.2,210000.0
1753769592180,06:13:12.180,bitmex,ETH/USDT:USDT,3809.61,17000.0,3809.6,20000.0,3810.11,25000.0,3810.2,210000.0
1753769592229,06:13:12.229,bitmex,ETH/USDT:USDT,3809.6,20000.0,3809.59,202000.0,3810.08,25000.0,3810.2,210000.0
1753769592278,06:13:12.278,bitmex,ETH/USDT:USDT,3809.61,17000.0,3809.6,20000.0,3810.06,25000.0,3810.2,210000.0
1753769592338,06:13:12.338,bitmex,ETH/USDT:USDT,3809.81,2000.0,3809.61,17000.0,3810.06,25000.0,3810.2,210000.0
1753769592388,06:13:12.388,bitmex,ETH/USDT:USDT,3809.6,20000.0,3809.59,202000.0,3810.02,2000.0,3810.2,210000.0
1753769592437,06:13:12.437,bitmex,ETH/USDT:USDT,3809.6,20000.0,3809.59,202000.0,3809.98,25000.0,3809.99,2000.0
1753769592486,06:13:12.486,bitmex,ETH/USDT:USDT,3809.6,20000.0,3809.59,202000.0,3809.82,2000.0,3809.97,25000.0
1753769592535,06:13:12.535,bitmex,ETH/USDT:USDT,3809.61,17000.0,3809.6,20000.0,3809.99,25000.0,3810.0,2000.0
1753769592584,06:13:12.584,bitmex,ETH/USDT:USDT,3809.81,2000.0,3809.61,17000.0,3809.99,25000.0,3810.2,210000.0
1753769592633,06:13:12.633,bitmex,ETH/USDT:USDT,3809.6,20000.0,3809.59,202000.0,3810.19,25000.0,3810.2,210000.0
1753769592682,06:13:12.682,bitmex,ETH/USDT:USDT,3809.61,17000.0,3809.6,20000.0,3810.17,25000.0,3810.2,210000.0
1753769592731,06:13:12.731,bitmex,ETH/USDT:USDT,3809.6,20000.0,3809.59,202000.0,3809.95,25000.0,3809.96,2000.0
1753769592780,06:13:12.780,bitmex,ETH/USDT:USDT,3809.81,2000.0,3809.61,17000.0,3810.2,210000.0,3810.38,95000.0
1753769592829,06:13:12.829,bitmex,ETH/USDT:USDT,3809.6,20000.0,3809.59,202000.0,3809.81,2000.0,3809.96,25000.0
1753769592878,06:13:12.878,bitmex,ETH/USDT:USDT,3809.6,20000.0,3809.59,202000.0,3809.81,2000.0,3810.2,210000.0
1753769592927,06:13:12.927,bitmex,ETH/USDT:USDT,3809.61,17000.0,3809.6,20000.0,3810.18,25000.0,3810.19,25000.0
1753769592976,06:13:12.976,bitmex,ETH/USDT:USDT,3809.61,17000.0,3809.6,20000.0,3810.18,25000.0,3810.2,210000.0
1753769593025,06:13:13.025,bitmex,ETH/USDT:USDT,3809.81,2000.0,3809.61,17000.0,3810.18,25000.0,3810.2,210000.0
1753769593074,06:13:13.074,bitmex,ETH/USDT:USDT,3809.81,2000.0,3809.6,20000.0,3809.96,25000.0,3810.2,210000.0
1753769593123,06:13:13.123,bitmex,ETH/USDT:USDT,3809.61,17000.0,3809.6,20000.0,3810.19,25000.0,3810.2,210000.0
1753769593172,06:13:13.172,bitmex,ETH/USDT:USDT,3809.61,17000.0,3809.6,20000.0,3810.16,25000.0,3810.2,210000.0
1753769593221,06:13:13.221,bitmex,ETH/USDT:USDT,3809.61,17000.0,3809.6,20000.0,3810.13,25000.0,3810.2,210000.0
1753769593270,06:13:13.270,bitmex,ETH/USDT:USDT,3809.61,17000.0,3809.6,20000.0,3810.05,25000.0,3810.06,210000.0
1753769593319,06:13:13.319,bitmex,ETH/USDT:USDT,3809.61,17000.0,3809.59,202000.0,3810.05,25000.0,3810.06,210000.0
1753769593368,06:13:13.368,bitmex,ETH/USDT:USDT,3809.61,17000.0,3809.59,202000.0,3810.05,25000.0,3810.06,210000.0
1753769594086,06:13:14.086,bitmex,ETH/USDT:USDT,3809.56,619000.0,3809.37,315000.0,3810.05,88000.0,3810.06,210000.0
1753769594233,06:13:14.233,bitmex,ETH/USDT:USDT,3809.56,619000.0,3809.38,95000.0,3809.85,2000.0,3810.05,63000.0
1753769594282,06:13:14.282,bitmex,ETH/USDT:USDT,3809.56,619000.0,3809.38,95000.0,3809.77,25000.0,3810.05,63000.0
1753769594380,06:13:14.380,bitmex,ETH/USDT:USDT,3809.76,2000.0,3809.56,619000.0,3809.77,25000.0,3810.05,63000.0
1753769594429,06:13:14.429,bitmex,ETH/USDT:USDT,3809.56,619000.0,3809.38,95000.0,3809.77,25000.0,3810.05,63000.0
1753769594576,06:13:14.576,bitmex,ETH/USDT:USDT,3809.56,619000.0,3809.38,95000.0,3809.85,2000.0,3810.05,63000.0
1753769594625,06:13:14.625,bitmex,ETH/USDT:USDT,3809.56,619000.0,3809.38,95000.0,3809.57,2000.0,3809.76,25000.0
1753769594674,06:13:14.674,bitmex,ETH/USDT:USDT,3809.56,619000.0,3809.38,95000.0,3810.05,63000.0,3810.06,210000.0
1753769594723,06:13:14.723,bitmex,ETH/USDT:USDT,3809.56,619000.0,3809.38,95000.0,3809.85,2000.0,3810.05,63000.0
1753769594772,06:13:14.772,bitmex,ETH/USDT:USDT,3809.56,619000.0,3809.38,95000.0,3809.85,2000.0,3810.05,63000.0
1753769595033,06:13:15.033,bitmex,ETH/USDT:USDT,3809.56,619000.0,3809.38,95000.0,3810.05,63000.0,3810.06,210000.0
1753769595137,06:13:15.137,bitmex,ETH/USDT:USDT,3809.56,619000.0,3809.38,95000.0,3810.05,63000.0,3810.06,210000.0
1753769595212,06:13:15.212,bitmex,ETH/USDT:USDT,3809.56,619000.0,3809.38,95000.0,3810.05,63000.0,3810.06,210000.0
1753769595373,06:13:15.373,bitmex,ETH/USDT:USDT,3809.56,619000.0,3809.38,95000.0,3810.05,63000.0,3810.06,210000.0
1753769595423,06:13:15.423,bitmex,ETH/USDT:USDT,3809.56,619000.0,3809.38,95000.0,3810.05,63000.0,3810.06,210000.0
1753769595472,06:13:15.472,bitmex,ETH/USDT:USDT,3809.56,619000.0,3809.38,95000.0,3810.05,63000.0,3810.06,210000.0
1753769595628,06:13:15.628,bitmex,ETH/USDT:USDT,3809.56,619000.0,3809.38,95000.0,3810.05,63000.0,3810.06,210000.0
1753769595678,06:13:15.678,bitmex,ETH/USDT:USDT,3809.56,619000.0,3809.38,95000.0,3810.05,63000.0,3810.06,210000.0
1753769595727,06:13:15.727,bitmex,ETH/USDT:USDT,3809.56,621000.0,3809.38,95000.0,3809.57,2000.0,3810.05,63000.0
1753769595776,06:13:15.776,bitmex,ETH/USDT:USDT,3809.56,619000.0,3809.38,95000.0,3809.85,2000.0,3810.05,63000.0
1753769595825,06:13:15.825,bitmex,ETH/USDT:USDT,3809.56,619000.0,3809.38,95000.0,3809.57,2000.0,3810.05,63000.0
1753769595874,06:13:15.874,bitmex,ETH/USDT:USDT,3809.56,619000.0,3809.38,95000.0,3809.57,2000.0,3810.05,63000.0
1753769595923,06:13:15.923,bitmex,ETH/USDT:USDT,3809.63,2000.0,3809.56,619000.0,3810.05,63000.0,3810.06,210000.0
1753769595972,06:13:15.972,bitmex,ETH/USDT:USDT,3809.56,619000.0,3809.38,95000.0,3809.83,25000.0,3809.84,2000.0
1753769596021,06:13:16.021,bitmex,ETH/USDT:USDT,3809.56,619000.0,3809.38,95000.0,3810.05,63000.0,3810.06,210000.0
1753769596070,06:13:16.070,bitmex,ETH/USDT:USDT,3809.56,619000.0,3809.38,95000.0,3809.77,25000.0,3810.05,63000.0
1753769596119,06:13:16.119,bitmex,ETH/USDT:USDT,3809.56,619000.0,3809.38,95000.0,3809.76,25000.0,3809.77,25000.0
1753769596168,06:13:16.168,bitmex,ETH/USDT:USDT,3809.56,619000.0,3809.38,95000.0,3809.76,25000.0,3810.05,63000.0
1753769596405,06:13:16.405,bitmex,ETH/USDT:USDT,3809.56,619000.0,3809.38,95000.0,3809.76,25000.0,3810.05,63000.0
1753769596529,06:13:16.529,bitmex,ETH/USDT:USDT,3809.56,619000.0,3809.38,95000.0,3809.76,25000.0,3810.05,63000.0
1753769596579,06:13:16.579,bitmex,ETH/USDT:USDT,3809.56,619000.0,3809.38,95000.0,3809.57,2000.0,3810.05,63000.0
1753769596628,06:13:16.628,bitmex,ETH/USDT:USDT,3809.56,621000.0,3809.38,95000.0,3810.05,63000.0,3810.06,210000.0
1753769596677,06:13:16.677,bitmex,ETH/USDT:USDT,3809.56,619000.0,3809.38,95000.0,3809.85,2000.0,3810.05,63000.0
1753769596726,06:13:16.726,bitmex,ETH/USDT:USDT,3809.63,2000.0,3809.56,619000.0,3810.05,63000.0,3810.06,210000.0
1753769596775,06:13:16.775,bitmex,ETH/USDT:USDT,3809.56,619000.0,3809.38,95000.0,3810.04,25000.0,3810.05,63000.0
1753769596899,06:13:16.899,bitmex,ETH/USDT:USDT,3809.56,619000.0,3809.38,95000.0,3810.04,25000.0,3810.05,63000.0
1753769596949,06:13:16.949,bitmex,ETH/USDT:USDT,3809.56,619000.0,3809.38,95000.0,3810.04,25000.0,3810.05,63000.0
1753769597064,06:13:17.064,bitmex,ETH/USDT:USDT,3809.56,619000.0,3809.38,95000.0,3810.04,25000.0,3810.05,63000.0
1753769597171,06:13:17.171,bitmex,ETH/USDT:USDT,3809.56,619000.0,3809.38,95000.0,3810.04,25000.0,3810.05,63000.0
1753769597281,06:13:17.281,bitmex,ETH/USDT:USDT,3809.56,619000.0,3809.38,95000.0,3810.05,63000.0,3810.06,210000.0
1753769597331,06:13:17.331,bitmex,ETH/USDT:USDT,3809.56,619000.0,3809.38,95000.0,3810.05,63000.0,3810.06,210000.0
1753769597597,06:13:17.597,bitmex,ETH/USDT:USDT,3809.56,619000.0,3809.38,95000.0,3810.05,63000.0,3810.06,210000.0
1753769597646,06:13:17.646,bitmex,ETH/USDT:USDT,3809.56,619000.0,3809.38,95000.0,3810.04,25000.0,3810.05,63000.0
1753769597695,06:13:17.695,bitmex,ETH/USDT:USDT,3809.56,619000.0,3809.38,95000.0,3810.04,25000.0,3810.05,63000.0
1753769597744,06:13:17.744,bitmex,ETH/USDT:USDT,3809.56,619000.0,3809.38,95000.0,3809.77,25000.0,3809.83,25000.0
1753769597842,06:13:17.842,bitmex,ETH/USDT:USDT,3809.56,619000.0,3809.38,95000.0,3809.63,2000.0,3809.83,25000.0
1753769597891,06:13:17.891,bitmex,ETH/USDT:USDT,3809.56,619000.0,3809.38,95000.0,3810.05,63000.0,3810.06,210000.0
1753769597940,06:13:17.940,bitmex,ETH/USDT:USDT,3809.56,619000.0,3809.38,95000.0,3810.05,63000.0,3810.06,210000.0
1753769597989,06:13:17.989,bitmex,ETH/USDT:USDT,3809.56,619000.0,3809.38,95000.0,3810.05,63000.0,3810.06,210000.0
1753769598038,06:13:18.038,bitmex,ETH/USDT:USDT,3809.56,619000.0,3809.38,95000.0,3810.05,63000.0,3810.06,210000.0
1753769598136,06:13:18.136,bitmex,ETH/USDT:USDT,3809.56,619000.0,3809.38,95000.0,3810.04,25000.0,3810.05,63000.0
1753769598185,06:13:18.185,bitmex,ETH/USDT:USDT,3809.56,619000.0,3809.38,95000.0,3809.85,2000.0,3810.05,63000.0
1753769598234,06:13:18.234,bitmex,ETH/USDT:USDT,3809.56,619000.0,3809.38,95000.0,3810.05,63000.0,3810.06,210000.0
1753769598283,06:13:18.283,bitmex,ETH/USDT:USDT,3809.56,619000.0,3809.38,95000.0,3810.05,63000.0,3810.06,210000.0
1753769598332,06:13:18.332,bitmex,ETH/USDT:USDT,3809.56,619000.0,3809.38,95000.0,3810.05,63000.0,3810.06,210000.0
