timestamp,time,exchange,symbol,bid1_price,bid1_volume,bid2_price,bid2_volume,ask1_price,ask1_volume,ask2_price,ask2_volume
1753769306932,06:08:26.932,coincatch,XRP/USDT:USDT,3.1386,33814.0,3.1385,7836.0,3.1399,17920.0,3.14,27031.0
1753769307832,06:08:27.832,coincatch,XRP/USDT:USDT,3.1386,14896.0,3.1385,6167.0,3.1399,18281.0,3.14,26937.0
1753769308132,06:08:28.132,coincatch,XRP/USDT:USDT,3.1387,39157.0,3.1386,36223.0,3.14,21159.0,3.1401,7999.0
1753769308433,06:08:28.433,coincatch,XRP/USDT:USDT,3.1387,50485.0,3.1386,36374.0,3.14,13692.0,3.1401,6029.0
1753769308733,06:08:28.733,coincatch,XRP/USDT:USDT,3.1387,2813.0,3.1386,14795.0,3.14,24017.0,3.1401,8033.0
1753769309033,06:08:29.033,coincatch,XRP/USDT:USDT,3.1387,8765.0,3.1386,17905.0,3.14,24851.0,3.1401,8055.0
1753769309933,06:08:29.933,coincatch,XRP/USDT:USDT,3.1387,46399.0,3.1386,15405.0,3.14,4554.0,3.1401,4588.0
1753769310834,06:08:30.834,coincatch,XRP/USDT:USDT,3.1387,39983.0,3.1386,10896.0,3.14,6929.0,3.1401,4285.0
1753769311735,06:08:31.735,coincatch,XRP/USDT:USDT,3.1387,40531.0,3.1386,10616.0,3.14,4351.0,3.1401,4073.0
1753769312035,06:08:32.035,coincatch,XRP/USDT:USDT,3.1387,39894.0,3.1386,10473.0,3.14,4591.0,3.1401,4055.0
1753769312335,06:08:32.335,coincatch,XRP/USDT:USDT,3.1387,38123.0,3.1386,8998.0,3.14,6855.0,3.1401,9762.0
1753769312635,06:08:32.635,coincatch,XRP/USDT:USDT,3.1387,27748.0,3.1386,8724.0,3.14,9231.0,3.1401,6588.0
1753769313236,06:08:33.236,coincatch,XRP/USDT:USDT,3.1387,30468.0,3.1386,8960.0,3.14,6447.0,3.1401,4685.0
1753769313536,06:08:33.536,coincatch,XRP/USDT:USDT,3.1387,30550.0,3.1386,8940.0,3.14,6447.0,3.1401,4685.0
1753769313836,06:08:33.836,coincatch,XRP/USDT:USDT,3.1387,29435.0,3.1386,8788.0,3.14,8317.0,3.1401,5111.0
1753769314136,06:08:34.136,coincatch,XRP/USDT:USDT,3.1387,36133.0,3.1386,12287.0,3.14,5801.0,3.1401,4059.0
1753769314436,06:08:34.436,coincatch,XRP/USDT:USDT,3.1387,35847.0,3.1386,11700.0,3.14,5801.0,3.1401,4059.0
1753769314736,06:08:34.736,coincatch,XRP/USDT:USDT,3.1387,32016.0,3.1386,11700.0,3.14,6320.0,3.1401,4616.0
1753769315037,06:08:35.037,coincatch,XRP/USDT:USDT,3.1387,40416.0,3.1386,11286.0,3.14,5950.0,3.1401,4616.0
1753769315337,06:08:35.337,coincatch,XRP/USDT:USDT,3.1388,40838.0,3.1387,29623.0,3.1401,7976.0,3.1402,16090.0
1753769315637,06:08:35.637,coincatch,XRP/USDT:USDT,3.1389,21128.0,3.1388,39716.0,3.1402,19503.0,3.1403,12531.0
1753769315937,06:08:35.937,coincatch,XRP/USDT:USDT,3.1391,17753.0,3.139,28593.0,3.1404,24540.0,3.1405,6283.0
1753769316237,06:08:36.237,coincatch,XRP/USDT:USDT,3.1391,13561.0,3.139,30416.0,3.1404,24779.0,3.1405,7962.0
1753769316838,06:08:36.838,coincatch,XRP/USDT:USDT,3.1391,21361.0,3.139,30837.0,3.1404,18888.0,3.1405,12141.0
1753769317138,06:08:37.138,coincatch,XRP/USDT:USDT,3.1391,25764.0,3.139,27304.0,3.1404,20263.0,3.1405,10900.0
1753769317738,06:08:37.738,coincatch,XRP/USDT:USDT,3.1391,26063.0,3.139,28654.0,3.1404,22913.0,3.1405,11073.0
1753769318039,06:08:38.039,coincatch,XRP/USDT:USDT,3.1391,21714.0,3.139,28614.0,3.1404,22913.0,3.1405,11733.0
1753769318339,06:08:38.339,coincatch,XRP/USDT:USDT,3.1391,22651.0,3.139,29034.0,3.1404,17703.0,3.1405,13494.0
1753769318939,06:08:38.939,coincatch,XRP/USDT:USDT,3.1391,22997.0,3.139,32075.0,3.1404,17470.0,3.1405,12871.0
1753769319239,06:08:39.239,coincatch,XRP/USDT:USDT,3.1391,23072.0,3.139,29346.0,3.1404,17470.0,3.1405,12911.0
1753769320440,06:08:40.440,coincatch,XRP/USDT:USDT,3.1393,88721.0,3.1392,49850.0,3.1406,11189.0,3.1407,5540.0
1753769320740,06:08:40.740,coincatch,XRP/USDT:USDT,3.1396,64630.0,3.1395,39725.0,3.1409,5378.0,3.141,5038.0
1753769321040,06:08:41.040,coincatch,XRP/USDT:USDT,3.1396,58721.0,3.1395,23507.0,3.1409,9351.0,3.141,7830.0
1753769321941,06:08:41.941,coincatch,XRP/USDT:USDT,3.1397,48122.0,3.1396,51079.0,3.141,6411.0,3.1411,2748.0
1753769322241,06:08:42.241,coincatch,XRP/USDT:USDT,3.1397,28993.0,3.1396,48097.0,3.141,16894.0,3.1411,10213.0
1753769322541,06:08:42.541,coincatch,XRP/USDT:USDT,3.1397,30455.0,3.1396,42665.0,3.141,17897.0,3.1411,10631.0
1753769322841,06:08:42.841,coincatch,XRP/USDT:USDT,3.1397,30455.0,3.1396,42079.0,3.141,18010.0,3.1411,10273.0
1753769323142,06:08:43.142,coincatch,XRP/USDT:USDT,3.1397,30455.0,3.1396,40449.0,3.141,17368.0,3.1411,9790.0
1753769323442,06:08:43.442,coincatch,XRP/USDT:USDT,3.1397,31321.0,3.1396,40940.0,3.141,17368.0,3.1411,9674.0
1753769323742,06:08:43.742,coincatch,XRP/USDT:USDT,3.1397,17445.0,3.1396,34905.0,3.141,19215.0,3.1411,14274.0
1753769324042,06:08:44.042,coincatch,XRP/USDT:USDT,3.1394,19218.0,3.1393,8579.0,3.1407,9914.0,3.1408,18944.0
1753769324343,06:08:44.343,coincatch,XRP/USDT:USDT,3.1394,10526.0,3.1393,8436.0,3.1407,15928.0,3.1408,20283.0
1753769324643,06:08:44.643,coincatch,XRP/USDT:USDT,3.1394,9258.0,3.1393,8436.0,3.1407,22497.0,3.1408,22543.0
1753769324943,06:08:44.943,coincatch,XRP/USDT:USDT,3.1394,7210.0,3.1393,8105.0,3.1407,22497.0,3.1408,22543.0
1753769325243,06:08:45.243,coincatch,XRP/USDT:USDT,3.1394,7210.0,3.1393,8105.0,3.1407,21824.0,3.1408,22543.0
1753769325543,06:08:45.543,coincatch,XRP/USDT:USDT,3.1394,4402.0,3.1393,9698.0,3.1407,25694.0,3.1408,24707.0
1753769325843,06:08:45.843,coincatch,XRP/USDT:USDT,3.1394,4466.0,3.1393,9698.0,3.1407,25018.0,3.1408,24707.0
1753769326144,06:08:46.144,coincatch,XRP/USDT:USDT,3.1394,7459.0,3.1393,9698.0,3.1407,24334.0,3.1408,24031.0
1753769326444,06:08:46.444,coincatch,XRP/USDT:USDT,3.1394,7459.0,3.1393,9698.0,3.1407,24334.0,3.1408,23341.0
1753769326744,06:08:46.744,coincatch,XRP/USDT:USDT,3.1394,13907.0,3.1393,15881.0,3.1407,12341.0,3.1408,23333.0
1753769327044,06:08:47.044,coincatch,XRP/USDT:USDT,3.1394,13907.0,3.1393,13010.0,3.1407,12341.0,3.1408,23333.0
1753769327344,06:08:47.344,coincatch,XRP/USDT:USDT,3.1394,16880.0,3.1393,15881.0,3.1407,12341.0,3.1408,21146.0
1753769327644,06:08:47.644,coincatch,XRP/USDT:USDT,3.1394,12458.0,3.1393,13517.0,3.1407,12341.0,3.1408,21146.0
1753769327945,06:08:47.945,coincatch,XRP/USDT:USDT,3.1394,12174.0,3.1393,10348.0,3.1407,12922.0,3.1408,21746.0
1753769328245,06:08:48.245,coincatch,XRP/USDT:USDT,3.1394,12174.0,3.1393,10348.0,3.1407,12318.0,3.1408,21146.0
1753769328545,06:08:48.545,coincatch,XRP/USDT:USDT,3.1394,12361.0,3.1393,10348.0,3.1407,12318.0,3.1408,21229.0
1753769329145,06:08:49.145,coincatch,XRP/USDT:USDT,3.1394,12371.0,3.1393,13373.0,3.1407,12304.0,3.1408,21229.0
1753769329445,06:08:49.445,coincatch,XRP/USDT:USDT,3.1394,12372.0,3.1393,10348.0,3.1407,12304.0,3.1408,21229.0
1753769329745,06:08:49.745,coincatch,XRP/USDT:USDT,3.1394,12418.0,3.1393,10348.0,3.1407,12557.0,3.1408,23180.0
1753769330046,06:08:50.046,coincatch,XRP/USDT:USDT,3.1394,12418.0,3.1393,10348.0,3.1407,12557.0,3.1408,22591.0
1753769330346,06:08:50.346,coincatch,XRP/USDT:USDT,3.1394,12418.0,3.1393,10348.0,3.1407,15370.0,3.1408,22591.0
1753769330646,06:08:50.646,coincatch,XRP/USDT:USDT,3.1394,12508.0,3.1393,10497.0,3.1407,15374.0,3.1408,22591.0
1753769330946,06:08:50.946,coincatch,XRP/USDT:USDT,3.1394,12508.0,3.1393,10497.0,3.1407,15902.0,3.1408,23162.0
1753769331247,06:08:51.247,coincatch,XRP/USDT:USDT,3.1394,12508.0,3.1393,10497.0,3.1407,16465.0,3.1408,23677.0
1753769331547,06:08:51.547,coincatch,XRP/USDT:USDT,3.1394,3957.0,3.1393,10354.0,3.1407,30796.0,3.1408,21806.0
1753769331847,06:08:51.847,coincatch,XRP/USDT:USDT,3.1394,2008.0,3.1393,9265.0,3.1407,26563.0,3.1408,22500.0
1753769332147,06:08:52.147,coincatch,XRP/USDT:USDT,3.1394,2186.0,3.1393,7671.0,3.1407,26523.0,3.1408,25013.0
1753769332447,06:08:52.447,coincatch,XRP/USDT:USDT,3.1394,2174.0,3.1393,9447.0,3.1407,26072.0,3.1408,22500.0
1753769332748,06:08:52.748,coincatch,XRP/USDT:USDT,3.1394,2174.0,3.1393,9447.0,3.1407,26992.0,3.1408,22500.0
1753769333048,06:08:53.048,coincatch,XRP/USDT:USDT,3.1394,2266.0,3.1393,9324.0,3.1407,25848.0,3.1408,26542.0
1753769333348,06:08:53.348,coincatch,XRP/USDT:USDT,3.1393,6600.0,3.1392,20423.0,3.1406,54691.0,3.1407,27848.0
1753769333648,06:08:53.648,coincatch,XRP/USDT:USDT,3.1389,6990.0,3.1388,18843.0,3.1402,11299.0,3.1403,14104.0
1753769333948,06:08:53.948,coincatch,XRP/USDT:USDT,3.1388,12227.0,3.1387,7692.0,3.1401,45851.0,3.1402,63925.0
1753769334248,06:08:54.248,coincatch,XRP/USDT:USDT,3.1386,2292.0,3.1385,16125.0,3.1399,64209.0,3.14,72867.0
1753769334549,06:08:54.549,coincatch,XRP/USDT:USDT,3.1385,13037.0,3.1384,15954.0,3.1398,55533.0,3.1399,49549.0
1753769334849,06:08:54.849,coincatch,XRP/USDT:USDT,3.1384,14827.0,3.1383,3772.0,3.1397,66414.0,3.1398,69402.0
1753769335149,06:08:55.149,coincatch,XRP/USDT:USDT,3.1384,15285.0,3.1383,3758.0,3.1397,60093.0,3.1398,60721.0
1753769335449,06:08:55.449,coincatch,XRP/USDT:USDT,3.1384,15269.0,3.1383,3758.0,3.1397,58082.0,3.1398,66894.0
1753769335749,06:08:55.749,coincatch,XRP/USDT:USDT,3.1384,15325.0,3.1383,3758.0,3.1397,55318.0,3.1398,66894.0
1753769336050,06:08:56.050,coincatch,XRP/USDT:USDT,3.1384,9556.0,3.1383,3758.0,3.1397,59953.0,3.1398,66894.0
1753769336350,06:08:56.350,coincatch,XRP/USDT:USDT,3.1384,3836.0,3.1383,3758.0,3.1397,59953.0,3.1398,66894.0
1753769336650,06:08:56.650,coincatch,XRP/USDT:USDT,3.1384,3879.0,3.1383,825.0,3.1397,59953.0,3.1398,66894.0
1753769336950,06:08:56.950,coincatch,XRP/USDT:USDT,3.138,2985.0,3.1379,7439.0,3.1393,83038.0,3.1394,63554.0
1753769337250,06:08:57.250,coincatch,XRP/USDT:USDT,3.1379,7952.0,3.1378,3015.0,3.1392,59682.0,3.1393,59787.0
1753769337550,06:08:57.550,coincatch,XRP/USDT:USDT,3.1379,4785.0,3.1378,3015.0,3.1392,51050.0,3.1393,54649.0
1753769337851,06:08:57.851,coincatch,XRP/USDT:USDT,3.1378,3015.0,3.1377,6338.0,3.1391,61298.0,3.1392,49479.0
1753769338151,06:08:58.151,coincatch,XRP/USDT:USDT,3.1377,3675.0,3.1376,5432.0,3.139,61102.0,3.1391,53768.0
1753769338451,06:08:58.451,coincatch,XRP/USDT:USDT,3.1377,5215.0,3.1376,6348.0,3.139,57246.0,3.1391,53452.0
1753769338751,06:08:58.751,coincatch,XRP/USDT:USDT,3.1377,6042.0,3.1376,6348.0,3.139,57509.0,3.1391,52966.0
1753769339052,06:08:59.052,coincatch,XRP/USDT:USDT,3.1381,37848.0,3.138,77801.0,3.1394,30627.0,3.1395,24505.0
1753769339352,06:08:59.352,coincatch,XRP/USDT:USDT,3.1382,30897.0,3.1381,19730.0,3.1395,17173.0,3.1396,35882.0
1753769339652,06:08:59.652,coincatch,XRP/USDT:USDT,3.1384,30861.0,3.1383,21124.0,3.1397,9390.0,3.1398,24824.0
1753769339952,06:08:59.952,coincatch,XRP/USDT:USDT,3.1384,28662.0,3.1383,17580.0,3.1397,5872.0,3.1398,17244.0
1753769340252,06:09:00.252,coincatch,XRP/USDT:USDT,3.1384,29821.0,3.1383,17841.0,3.1397,6087.0,3.1398,14690.0
1753769340552,06:09:00.552,coincatch,XRP/USDT:USDT,3.1384,3724.0,3.1383,8170.0,3.1397,26799.0,3.1398,23777.0
1753769340853,06:09:00.853,coincatch,XRP/USDT:USDT,3.1384,5694.0,3.1383,6330.0,3.1397,25375.0,3.1398,22632.0
1753769341153,06:09:01.153,coincatch,XRP/USDT:USDT,3.1384,3402.0,3.1383,6330.0,3.1397,25503.0,3.1398,27502.0
1753769341453,06:09:01.453,coincatch,XRP/USDT:USDT,3.1384,479.0,3.1383,3038.0,3.1397,23062.0,3.1398,26634.0
1753769341753,06:09:01.753,coincatch,XRP/USDT:USDT,3.1384,549.0,3.1383,3005.0,3.1397,22684.0,3.1398,27102.0
1753769342053,06:09:02.053,coincatch,XRP/USDT:USDT,3.1384,11752.0,3.1383,13509.0,3.1397,7686.0,3.1398,18324.0
1753769342354,06:09:02.354,coincatch,XRP/USDT:USDT,3.1384,11752.0,3.1383,12947.0,3.1397,7059.0,3.1398,18677.0
1753769342654,06:09:02.654,coincatch,XRP/USDT:USDT,3.1384,5005.0,3.1383,3528.0,3.1397,12918.0,3.1398,25615.0
1753769342954,06:09:02.954,coincatch,XRP/USDT:USDT,3.1381,7892.0,3.138,23239.0,3.1394,20240.0,3.1395,25906.0
1753769343254,06:09:03.254,coincatch,XRP/USDT:USDT,3.1381,10465.0,3.138,39821.0,3.1394,25105.0,3.1395,17975.0
1753769343554,06:09:03.554,coincatch,XRP/USDT:USDT,3.1377,13631.0,3.1376,5992.0,3.139,22522.0,3.1391,48830.0
1753769343854,06:09:03.854,coincatch,XRP/USDT:USDT,3.1376,6493.0,3.1375,1705.0,3.1389,43431.0,3.139,37462.0
1753769344155,06:09:04.155,coincatch,XRP/USDT:USDT,3.1377,24038.0,3.1376,12766.0,3.139,29998.0,3.1391,23006.0
1753769344455,06:09:04.455,coincatch,XRP/USDT:USDT,3.1377,19622.0,3.1376,9796.0,3.139,23234.0,3.1391,19966.0
1753769344755,06:09:04.755,coincatch,XRP/USDT:USDT,3.1377,19935.0,3.1376,9796.0,3.139,24885.0,3.1391,22331.0
1753769345055,06:09:05.055,coincatch,XRP/USDT:USDT,3.1377,17935.0,3.1376,9796.0,3.139,27151.0,3.1391,22097.0
1753769345355,06:09:05.355,coincatch,XRP/USDT:USDT,3.1377,20273.0,3.1376,16974.0,3.139,18754.0,3.1391,16297.0
1753769345656,06:09:05.656,coincatch,XRP/USDT:USDT,3.1377,18534.0,3.1376,17357.0,3.139,17515.0,3.1391,13901.0
1753769345956,06:09:05.956,coincatch,XRP/USDT:USDT,3.1377,20740.0,3.1376,19456.0,3.139,15517.0,3.1391,13648.0
1753769346256,06:09:06.256,coincatch,XRP/USDT:USDT,3.1377,20755.0,3.1376,21826.0,3.139,15569.0,3.1391,14056.0
1753769346556,06:09:06.556,coincatch,XRP/USDT:USDT,3.1377,16071.0,3.1376,19143.0,3.139,15703.0,3.1391,14653.0
1753769346856,06:09:06.856,coincatch,XRP/USDT:USDT,3.1377,16071.0,3.1376,15955.0,3.139,18919.0,3.1391,20022.0
1753769347156,06:09:07.156,coincatch,XRP/USDT:USDT,3.1377,16201.0,3.1376,16648.0,3.139,16060.0,3.1391,13679.0
1753769347457,06:09:07.457,coincatch,XRP/USDT:USDT,3.1377,16201.0,3.1376,18245.0,3.139,15954.0,3.1391,16083.0
1753769347757,06:09:07.757,coincatch,XRP/USDT:USDT,3.1377,17323.0,3.1376,18582.0,3.139,15527.0,3.1391,16598.0
1753769348057,06:09:08.057,coincatch,XRP/USDT:USDT,3.1377,16441.0,3.1376,12672.0,3.139,16825.0,3.1391,22136.0
1753769348657,06:09:08.657,coincatch,XRP/USDT:USDT,3.1377,16627.0,3.1376,13527.0,3.139,18310.0,3.1391,19205.0
1753769348958,06:09:08.958,coincatch,XRP/USDT:USDT,3.1377,16644.0,3.1376,11334.0,3.139,18624.0,3.1391,19300.0
1753769349258,06:09:09.258,coincatch,XRP/USDT:USDT,3.1377,16644.0,3.1376,12519.0,3.139,16544.0,3.1391,17476.0
1753769349558,06:09:09.558,coincatch,XRP/USDT:USDT,3.1377,20680.0,3.1376,14700.0,3.139,15745.0,3.1391,16993.0
1753769349858,06:09:09.858,coincatch,XRP/USDT:USDT,3.1377,19934.0,3.1376,12003.0,3.139,15849.0,3.1391,22140.0
1753769350158,06:09:10.158,coincatch,XRP/USDT:USDT,3.1377,20591.0,3.1376,12316.0,3.139,16545.0,3.1391,20119.0
1753769350459,06:09:10.459,coincatch,XRP/USDT:USDT,3.1377,20285.0,3.1376,14891.0,3.139,16088.0,3.1391,18919.0
1753769350759,06:09:10.759,coincatch,XRP/USDT:USDT,3.1377,20492.0,3.1376,15039.0,3.139,17650.0,3.1391,19133.0
1753769351059,06:09:11.059,coincatch,XRP/USDT:USDT,3.1377,20463.0,3.1376,12864.0,3.139,17869.0,3.1391,22295.0
1753769351359,06:09:11.359,coincatch,XRP/USDT:USDT,3.1377,22365.0,3.1376,22503.0,3.139,24189.0,3.1391,24127.0
1753769351659,06:09:11.659,coincatch,XRP/USDT:USDT,3.1385,61081.0,3.1384,50282.0,3.1398,13441.0,3.1399,10625.0
1753769351959,06:09:11.959,coincatch,XRP/USDT:USDT,3.1385,61405.0,3.1384,51189.0,3.1398,12502.0,3.1399,4756.0
1753769352260,06:09:12.260,coincatch,XRP/USDT:USDT,3.1385,61405.0,3.1384,50636.0,3.1398,12502.0,3.1399,10178.0
1753769352560,06:09:12.560,coincatch,XRP/USDT:USDT,3.1385,61377.0,3.1384,50872.0,3.1398,12952.0,3.1399,10178.0
1753769352860,06:09:12.860,coincatch,XRP/USDT:USDT,3.1388,52580.0,3.1387,52824.0,3.1401,8994.0,3.1402,13708.0
1753769353160,06:09:13.160,coincatch,XRP/USDT:USDT,3.1391,77322.0,3.139,50810.0,3.1404,13576.0,3.1405,10576.0
1753769353460,06:09:13.460,coincatch,XRP/USDT:USDT,3.1391,61942.0,3.139,43347.0,3.1404,16335.0,3.1405,12429.0
1753769353761,06:09:13.761,coincatch,XRP/USDT:USDT,3.1391,17216.0,3.139,32399.0,3.1404,22141.0,3.1405,21103.0
1753769354061,06:09:14.061,coincatch,XRP/USDT:USDT,3.1391,13815.0,3.139,25519.0,3.1404,21765.0,3.1405,19994.0
1753769354361,06:09:14.361,coincatch,XRP/USDT:USDT,3.1391,13815.0,3.139,25297.0,3.1404,22370.0,3.1405,17918.0
1753769354661,06:09:14.661,coincatch,XRP/USDT:USDT,3.1391,13935.0,3.139,25818.0,3.1404,21814.0,3.1405,17939.0
1753769354961,06:09:14.961,coincatch,XRP/USDT:USDT,3.1391,19813.0,3.139,26052.0,3.1404,20611.0,3.1405,14171.0
1753769355261,06:09:15.261,coincatch,XRP/USDT:USDT,3.1391,26978.0,3.139,27290.0,3.1404,17501.0,3.1405,10536.0
1753769355562,06:09:15.562,coincatch,XRP/USDT:USDT,3.1391,27239.0,3.139,27156.0,3.1404,14624.0,3.1405,10925.0
1753769355862,06:09:15.862,coincatch,XRP/USDT:USDT,3.1391,27570.0,3.139,27379.0,3.1404,18113.0,3.1405,15766.0
1753769356162,06:09:16.162,coincatch,XRP/USDT:USDT,3.1391,14516.0,3.139,25985.0,3.1404,23927.0,3.1405,19759.0
1753769356462,06:09:16.462,coincatch,XRP/USDT:USDT,3.1391,13431.0,3.139,16933.0,3.1404,24076.0,3.1405,19900.0
1753769356762,06:09:16.762,coincatch,XRP/USDT:USDT,3.1391,5661.0,3.139,12679.0,3.1404,28915.0,3.1405,19842.0
1753769357063,06:09:17.063,coincatch,XRP/USDT:USDT,3.1391,5661.0,3.139,13202.0,3.1404,28766.0,3.1405,15646.0
1753769357363,06:09:17.363,coincatch,XRP/USDT:USDT,3.1391,5661.0,3.139,13220.0,3.1404,28172.0,3.1405,17971.0
1753769357663,06:09:17.663,coincatch,XRP/USDT:USDT,3.1391,5661.0,3.139,13220.0,3.1404,26534.0,3.1405,20640.0
1753769357963,06:09:17.963,coincatch,XRP/USDT:USDT,3.1391,5661.0,3.139,13731.0,3.1404,26196.0,3.1405,16650.0
1753769358263,06:09:18.263,coincatch,XRP/USDT:USDT,3.1391,5678.0,3.139,13742.0,3.1404,26550.0,3.1405,19296.0
1753769358563,06:09:18.563,coincatch,XRP/USDT:USDT,3.1391,5678.0,3.139,13742.0,3.1404,27614.0,3.1405,18084.0
1753769358864,06:09:18.864,coincatch,XRP/USDT:USDT,3.139,3244.0,3.1389,1849.0,3.1403,37264.0,3.1404,30337.0
1753769359164,06:09:19.164,coincatch,XRP/USDT:USDT,3.139,3259.0,3.1389,1849.0,3.1403,39244.0,3.1404,30929.0
1753769359764,06:09:19.764,coincatch,XRP/USDT:USDT,3.139,5812.0,3.1389,1209.0,3.1403,21250.0,3.1404,21694.0
1753769360365,06:09:20.365,coincatch,XRP/USDT:USDT,3.1392,102064.0,3.1391,47486.0,3.1405,4385.0,3.1406,15275.0
1753769360665,06:09:20.665,coincatch,XRP/USDT:USDT,3.1392,69617.0,3.1391,33768.0,3.1405,749.0,3.1406,10110.0
1753769360965,06:09:20.965,coincatch,XRP/USDT:USDT,3.1396,80633.0,3.1395,66066.0,3.1409,9024.0,3.141,12181.0
1753769361265,06:09:21.265,coincatch,XRP/USDT:USDT,3.1397,87355.0,3.1396,39983.0,3.141,14056.0,3.1411,16844.0
1753769361565,06:09:21.565,coincatch,XRP/USDT:USDT,3.1397,73839.0,3.1396,42185.0,3.141,17373.0,3.1411,19114.0
1753769361866,06:09:21.866,coincatch,XRP/USDT:USDT,3.1397,73417.0,3.1396,50223.0,3.141,15732.0,3.1411,23165.0
1753769362166,06:09:22.166,coincatch,XRP/USDT:USDT,3.1397,31591.0,3.1396,33082.0,3.141,16759.0,3.1411,24456.0
1753769362766,06:09:22.766,coincatch,XRP/USDT:USDT,3.1397,16215.0,3.1396,29579.0,3.141,20533.0,3.1411,26816.0
1753769363066,06:09:23.066,coincatch,XRP/USDT:USDT,3.1397,16215.0,3.1396,29579.0,3.141,20533.0,3.1411,26816.0
1753769363366,06:09:23.366,coincatch,XRP/USDT:USDT,3.1397,16273.0,3.1396,29744.0,3.141,18112.0,3.1411,14754.0
1753769363667,06:09:23.667,coincatch,XRP/USDT:USDT,3.1397,28499.0,3.1396,33465.0,3.141,10994.0,3.1411,13626.0
1753769363967,06:09:23.967,coincatch,XRP/USDT:USDT,3.1397,25012.0,3.1396,31045.0,3.141,14440.0,3.1411,13626.0
1753769364267,06:09:24.267,coincatch,XRP/USDT:USDT,3.1397,18640.0,3.1396,26131.0,3.141,14708.0,3.1411,15987.0
1753769364567,06:09:24.567,coincatch,XRP/USDT:USDT,3.1397,19185.0,3.1396,26131.0,3.141,16953.0,3.1411,16178.0
1753769364867,06:09:24.867,coincatch,XRP/USDT:USDT,3.1397,1652.0,3.1396,9375.0,3.141,19045.0,3.1411,18881.0
1753769365468,06:09:25.468,coincatch,XRP/USDT:USDT,3.1395,10053.0,3.1394,21627.0,3.1408,22330.0,3.1409,24393.0
1753769365768,06:09:25.768,coincatch,XRP/USDT:USDT,3.1394,5036.0,3.1393,13051.0,3.1407,33804.0,3.1408,25118.0
1753769366068,06:09:26.068,coincatch,XRP/USDT:USDT,3.1393,5382.0,3.1392,10895.0,3.1406,33689.0,3.1407,25205.0
1753769366368,06:09:26.368,coincatch,XRP/USDT:USDT,3.139,6391.0,3.1389,2382.0,3.1403,73348.0,3.1404,58005.0
1753769366969,06:09:26.969,coincatch,XRP/USDT:USDT,3.139,1168.0,3.1389,2416.0,3.1403,48241.0,3.1404,36821.0
1753769367569,06:09:27.569,coincatch,XRP/USDT:USDT,3.139,1182.0,3.1389,824.0,3.1403,46256.0,3.1404,39050.0
1753769367869,06:09:27.869,coincatch,XRP/USDT:USDT,3.139,1128.0,3.1389,867.0,3.1403,45578.0,3.1404,39118.0
1753769368169,06:09:28.169,coincatch,XRP/USDT:USDT,3.139,1128.0,3.1389,1022.0,3.1403,45933.0,3.1404,39437.0
1753769368470,06:09:28.470,coincatch,XRP/USDT:USDT,3.1385,6732.0,3.1384,10881.0,3.1398,37153.0,3.1399,47742.0
1753769369370,06:09:29.370,coincatch,XRP/USDT:USDT,3.1384,16618.0,3.1383,7832.0,3.1397,38586.0,3.1398,49073.0
1753769369970,06:09:29.970,coincatch,XRP/USDT:USDT,3.1384,16618.0,3.1383,11654.0,3.1397,35506.0,3.1398,40858.0
1753769370571,06:09:30.571,coincatch,XRP/USDT:USDT,3.1384,16879.0,3.1383,8525.0,3.1397,39131.0,3.1398,40838.0
1753769370871,06:09:30.871,coincatch,XRP/USDT:USDT,3.1384,16931.0,3.1383,8525.0,3.1397,39122.0,3.1398,40981.0
1753769371171,06:09:31.171,coincatch,XRP/USDT:USDT,3.1382,11960.0,3.1381,4632.0,3.1395,23163.0,3.1396,41431.0
1753769371471,06:09:31.471,coincatch,XRP/USDT:USDT,3.1382,17604.0,3.1381,6065.0,3.1395,23503.0,3.1396,41861.0
1753769371772,06:09:31.772,coincatch,XRP/USDT:USDT,3.1382,17626.0,3.1381,3329.0,3.1395,25583.0,3.1396,41846.0
1753769372072,06:09:32.072,coincatch,XRP/USDT:USDT,3.1382,2397.0,3.1381,4556.0,3.1395,32296.0,3.1396,43939.0
1753769372372,06:09:32.372,coincatch,XRP/USDT:USDT,3.138,3031.0,3.1379,7359.0,3.1393,40142.0,3.1394,39714.0
1753769372672,06:09:32.672,coincatch,XRP/USDT:USDT,3.1377,5170.0,3.1376,5665.0,3.139,51653.0,3.1391,32575.0
1753769372972,06:09:32.972,coincatch,XRP/USDT:USDT,3.1377,3494.0,3.1376,6294.0,3.139,45155.0,3.1391,33886.0
1753769373273,06:09:33.273,coincatch,XRP/USDT:USDT,3.1377,10667.0,3.1376,8064.0,3.139,32387.0,3.1391,26606.0
1753769373573,06:09:33.573,coincatch,XRP/USDT:USDT,3.1377,8910.0,3.1376,6307.0,3.139,32608.0,3.1391,26209.0
1753769373873,06:09:33.873,coincatch,XRP/USDT:USDT,3.1377,8910.0,3.1376,6307.0,3.139,32541.0,3.1391,26492.0
1753769374173,06:09:34.173,coincatch,XRP/USDT:USDT,3.1377,8779.0,3.1376,6307.0,3.139,33362.0,3.1391,26767.0
1753769375074,06:09:35.074,coincatch,XRP/USDT:USDT,3.1374,15459.0,3.1373,8666.0,3.1387,30386.0,3.1388,48597.0
1753769375374,06:09:35.374,coincatch,XRP/USDT:USDT,3.1374,16006.0,3.1373,10584.0,3.1387,23738.0,3.1388,44693.0
1753769375674,06:09:35.674,coincatch,XRP/USDT:USDT,3.1374,16006.0,3.1373,10584.0,3.1387,23567.0,3.1388,44324.0
1753769376274,06:09:36.274,coincatch,XRP/USDT:USDT,3.1374,16982.0,3.1373,11764.0,3.1387,16509.0,3.1388,25687.0
1753769376574,06:09:36.574,coincatch,XRP/USDT:USDT,3.1374,16982.0,3.1373,11822.0,3.1387,16992.0,3.1388,26625.0
1753769376875,06:09:36.875,coincatch,XRP/USDT:USDT,3.1374,17091.0,3.1373,11846.0,3.1387,16466.0,3.1388,26155.0
1753769377175,06:09:37.175,coincatch,XRP/USDT:USDT,3.1374,17149.0,3.1373,11726.0,3.1387,17000.0,3.1388,26611.0
1753769377775,06:09:37.775,coincatch,XRP/USDT:USDT,3.1374,15714.0,3.1373,10759.0,3.1387,20871.0,3.1388,27349.0
1753769378075,06:09:38.075,coincatch,XRP/USDT:USDT,3.1374,17142.0,3.1373,10759.0,3.1387,20416.0,3.1388,27349.0
1753769378376,06:09:38.376,coincatch,XRP/USDT:USDT,3.1374,17142.0,3.1373,10759.0,3.1387,20417.0,3.1388,27349.0
1753769378676,06:09:38.676,coincatch,XRP/USDT:USDT,3.1374,17226.0,3.1373,10759.0,3.1387,17127.0,3.1388,26281.0
1753769378976,06:09:38.976,coincatch,XRP/USDT:USDT,3.1374,10818.0,3.1373,6792.0,3.1387,27092.0,3.1388,29894.0
1753769379276,06:09:39.276,coincatch,XRP/USDT:USDT,3.1374,10112.0,3.1373,4814.0,3.1387,28694.0,3.1388,31274.0
1753769379576,06:09:39.576,coincatch,XRP/USDT:USDT,3.1374,2226.0,3.1373,4692.0,3.1387,28960.0,3.1388,31307.0
1753769379877,06:09:39.877,coincatch,XRP/USDT:USDT,3.1374,2075.0,3.1373,185.0,3.1387,46908.0,3.1388,47551.0
1753769380177,06:09:40.177,coincatch,XRP/USDT:USDT,3.1374,2092.0,3.1373,185.0,3.1387,44780.0,3.1388,46280.0
1753769380477,06:09:40.477,coincatch,XRP/USDT:USDT,3.1374,2068.0,3.1373,185.0,3.1387,45543.0,3.1388,42749.0
1753769380777,06:09:40.777,coincatch,XRP/USDT:USDT,3.1374,2121.0,3.1373,185.0,3.1387,44294.0,3.1388,44594.0
1753769381378,06:09:41.378,coincatch,XRP/USDT:USDT,3.1374,9707.0,3.1373,7958.0,3.1387,36696.0,3.1388,26904.0
1753769381678,06:09:41.678,coincatch,XRP/USDT:USDT,3.1377,33285.0,3.1376,40859.0,3.139,9736.0,3.1391,5143.0
1753769381978,06:09:41.978,coincatch,XRP/USDT:USDT,3.1377,33644.0,3.1376,36432.0,3.139,17295.0,3.1391,6942.0
1753769382278,06:09:42.278,coincatch,XRP/USDT:USDT,3.1377,6498.0,3.1376,14580.0,3.139,26758.0,3.1391,15543.0
1753769382579,06:09:42.579,coincatch,XRP/USDT:USDT,3.1377,2394.0,3.1376,7331.0,3.139,24025.0,3.1391,12531.0
1753769382879,06:09:42.879,coincatch,XRP/USDT:USDT,3.1377,2499.0,3.1376,6561.0,3.139,24183.0,3.1391,12270.0
1753769383180,06:09:43.180,coincatch,XRP/USDT:USDT,3.1377,2499.0,3.1376,6550.0,3.139,24302.0,3.1391,12220.0
1753769383480,06:09:43.480,coincatch,XRP/USDT:USDT,3.1377,2499.0,3.1376,7272.0,3.139,24680.0,3.1391,17300.0
1753769383780,06:09:43.780,coincatch,XRP/USDT:USDT,3.1377,2443.0,3.1376,6584.0,3.139,25373.0,3.1391,16873.0
1753769384080,06:09:44.080,coincatch,XRP/USDT:USDT,3.1377,3581.0,3.1376,7441.0,3.139,21143.0,3.1391,16072.0
1753769384380,06:09:44.380,coincatch,XRP/USDT:USDT,3.1377,23858.0,3.1376,16001.0,3.139,15337.0,3.1391,13071.0
1753769384681,06:09:44.681,coincatch,XRP/USDT:USDT,3.1378,57360.0,3.1377,15416.0,3.1391,9832.0,3.1392,12666.0
1753769385281,06:09:45.281,coincatch,XRP/USDT:USDT,3.1378,43609.0,3.1377,12725.0,3.1391,2852.0,3.1392,12504.0
1753769385581,06:09:45.581,coincatch,XRP/USDT:USDT,3.1378,44461.0,3.1377,12530.0,3.1391,2816.0,3.1392,12504.0
1753769385882,06:09:45.882,coincatch,XRP/USDT:USDT,3.1378,44461.0,3.1377,12439.0,3.1391,2816.0,3.1392,12504.0
1753769386182,06:09:46.182,coincatch,XRP/USDT:USDT,3.1378,44514.0,3.1377,12541.0,3.1391,1181.0,3.1392,12846.0
1753769386482,06:09:46.482,coincatch,XRP/USDT:USDT,3.1378,6891.0,3.1377,8768.0,3.1391,12295.0,3.1392,18284.0
1753769386782,06:09:46.782,coincatch,XRP/USDT:USDT,3.1378,2836.0,3.1377,2725.0,3.1391,13848.0,3.1392,17851.0
1753769387082,06:09:47.082,coincatch,XRP/USDT:USDT,3.1378,2836.0,3.1377,2725.0,3.1391,16262.0,3.1392,17782.0
1753769387383,06:09:47.383,coincatch,XRP/USDT:USDT,3.1378,3855.0,3.1377,2702.0,3.1391,16262.0,3.1392,19398.0
1753769387683,06:09:47.683,coincatch,XRP/USDT:USDT,3.1378,4110.0,3.1377,2702.0,3.1391,18668.0,3.1392,18398.0
1753769387983,06:09:47.983,coincatch,XRP/USDT:USDT,3.1378,8481.0,3.1377,2702.0,3.1391,10812.0,3.1392,15530.0
1753769388283,06:09:48.283,coincatch,XRP/USDT:USDT,3.1378,23852.0,3.1377,17864.0,3.1391,1570.0,3.1392,2845.0
1753769388583,06:09:48.583,coincatch,XRP/USDT:USDT,3.1379,52651.0,3.1378,18318.0,3.1392,12332.0,3.1393,12025.0
1753769389184,06:09:49.184,coincatch,XRP/USDT:USDT,3.138,72633.0,3.1379,41330.0,3.1393,11100.0,3.1394,24413.0
1753769389484,06:09:49.484,coincatch,XRP/USDT:USDT,3.138,37278.0,3.1379,35087.0,3.1393,15139.0,3.1394,26967.0
1753769389784,06:09:49.784,coincatch,XRP/USDT:USDT,3.138,42803.0,3.1379,41413.0,3.1393,6548.0,3.1394,23365.0
1753769390084,06:09:50.084,coincatch,XRP/USDT:USDT,3.1384,43533.0,3.1383,68642.0,3.1397,6301.0,3.1398,23411.0
1753769390385,06:09:50.385,coincatch,XRP/USDT:USDT,3.1384,28474.0,3.1383,21660.0,3.1397,12261.0,3.1398,26775.0
1753769390685,06:09:50.685,coincatch,XRP/USDT:USDT,3.1384,26922.0,3.1383,22050.0,3.1397,16777.0,3.1398,26222.0
1753769390985,06:09:50.985,coincatch,XRP/USDT:USDT,3.1384,32007.0,3.1383,22919.0,3.1397,12277.0,3.1398,26025.0
1753769391285,06:09:51.285,coincatch,XRP/USDT:USDT,3.1384,28231.0,3.1383,20567.0,3.1397,19452.0,3.1398,29791.0
1753769391886,06:09:51.886,coincatch,XRP/USDT:USDT,3.1384,8440.0,3.1383,1211.0,3.1397,22517.0,3.1398,31099.0
1753769392486,06:09:52.486,coincatch,XRP/USDT:USDT,3.1384,8227.0,3.1383,983.0,3.1397,23218.0,3.1398,32224.0
1753769392786,06:09:52.786,coincatch,XRP/USDT:USDT,3.1384,8372.0,3.1383,969.0,3.1397,23339.0,3.1398,31150.0
1753769393087,06:09:53.087,coincatch,XRP/USDT:USDT,3.1384,8372.0,3.1383,1728.0,3.1397,23298.0,3.1398,35556.0
1753769393387,06:09:53.387,coincatch,XRP/USDT:USDT,3.1378,670.0,3.1377,1876.0,3.1391,37918.0,3.1392,49986.0
1753769393687,06:09:53.687,coincatch,XRP/USDT:USDT,3.1374,8927.0,3.1373,6808.0,3.1387,29246.0,3.1388,44199.0
1753769393987,06:09:53.987,coincatch,XRP/USDT:USDT,3.1374,9194.0,3.1373,6808.0,3.1387,29978.0,3.1388,32759.0
1753769394287,06:09:54.287,coincatch,XRP/USDT:USDT,3.1374,16154.0,3.1373,7320.0,3.1387,18667.0,3.1388,27536.0
1753769394588,06:09:54.588,coincatch,XRP/USDT:USDT,3.1374,16310.0,3.1373,7320.0,3.1387,19780.0,3.1388,26946.0
1753769394888,06:09:54.888,coincatch,XRP/USDT:USDT,3.1374,26406.0,3.1373,14225.0,3.1387,11026.0,3.1388,37164.0
1753769395188,06:09:55.188,coincatch,XRP/USDT:USDT,3.1374,28867.0,3.1373,12443.0,3.1387,7831.0,3.1388,31866.0
1753769395488,06:09:55.488,coincatch,XRP/USDT:USDT,3.1374,29818.0,3.1373,12381.0,3.1387,8158.0,3.1388,29616.0
1753769395788,06:09:55.788,coincatch,XRP/USDT:USDT,3.1374,25370.0,3.1373,12381.0,3.1387,8301.0,3.1388,29616.0
1753769396089,06:09:56.089,coincatch,XRP/USDT:USDT,3.1374,25370.0,3.1373,7573.0,3.1387,8301.0,3.1388,20348.0
1753769396389,06:09:56.389,coincatch,XRP/USDT:USDT,3.1374,25353.0,3.1373,8920.0,3.1387,12594.0,3.1388,20557.0
