timestamp,time,exchange,symbol,bid1_price,bid1_volume,bid2_price,bid2_volume,ask1_price,ask1_volume,ask2_price,ask2_volume
1753769302042,06:08:22.042,bitget,SOL/USDT:USDT,184.905,1486.1,184.904,2.2,184.906,30.1,184.921,32.3
1753769302793,06:08:22.793,bitget,SOL/USDT:USDT,184.905,857.0,184.904,2.2,184.906,292.1,184.92,7.4
1753769302943,06:08:22.943,bitget,SOL/USDT:USDT,184.905,857.0,184.904,2.2,184.906,292.0,184.92,7.4
1753769303693,06:08:23.693,bitget,SOL/USDT:USDT,184.905,819.8,184.904,2.2,184.906,135.5,184.919,7.4
1753769303843,06:08:23.843,bitget,SOL/USDT:USDT,184.905,819.8,184.904,2.2,184.906,135.5,184.919,7.4
1753769303993,06:08:23.993,bitget,SOL/USDT:USDT,184.905,819.8,184.904,2.2,184.906,156.3,184.919,7.4
1753769304143,06:08:24.143,bitget,SOL/USDT:USDT,184.905,819.8,184.904,2.2,184.906,156.3,184.919,7.4
1753769304293,06:08:24.293,bitget,SOL/USDT:USDT,184.905,819.8,184.904,2.2,184.906,156.3,184.919,7.4
1753769304443,06:08:24.443,bitget,SOL/USDT:USDT,184.905,819.8,184.902,98.2,184.906,156.4,184.919,7.4
1753769305644,06:08:25.644,bitget,SOL/USDT:USDT,184.909,30.0,184.908,71.6,184.916,464.1,184.92,24.7
1753769305944,06:08:25.944,bitget,SOL/USDT:USDT,184.93,417.3,184.927,9.3,184.931,52.8,184.945,63.4
1753769306094,06:08:26.094,bitget,SOL/USDT:USDT,184.944,94.1,184.938,21.6,184.945,7.8,184.946,26.0
1753769306245,06:08:26.245,bitget,SOL/USDT:USDT,184.944,394.7,184.939,6.5,184.945,198.0,184.946,26.0
1753769306545,06:08:26.545,bitget,SOL/USDT:USDT,184.944,383.4,184.939,181.6,184.945,353.5,184.949,17.8
1753769306694,06:08:26.694,bitget,SOL/USDT:USDT,184.948,278.7,184.945,247.7,184.949,35.5,184.95,24.7
1753769306844,06:08:26.844,bitget,SOL/USDT:USDT,184.948,683.4,184.946,134.2,184.949,310.2,184.95,24.7
1753769307595,06:08:27.595,bitget,SOL/USDT:USDT,184.954,602.2,184.95,14.2,184.955,466.2,184.956,20.0
1753769307745,06:08:27.745,bitget,SOL/USDT:USDT,184.954,602.2,184.95,14.2,184.955,466.2,184.956,29.3
1753769307896,06:08:27.896,bitget,SOL/USDT:USDT,184.954,602.2,184.95,14.2,184.955,466.2,184.956,29.3
1753769308046,06:08:28.046,bitget,SOL/USDT:USDT,184.954,602.2,184.95,14.2,184.955,466.2,184.956,29.3
1753769308195,06:08:28.195,bitget,SOL/USDT:USDT,184.954,602.2,184.95,14.2,184.955,466.2,184.956,32.3
1753769308346,06:08:28.346,bitget,SOL/USDT:USDT,184.954,602.2,184.95,14.2,184.955,466.2,184.956,31.1
1753769308495,06:08:28.495,bitget,SOL/USDT:USDT,184.954,271.6,184.951,2.2,184.955,456.2,184.956,31.1
1753769308646,06:08:28.646,bitget,SOL/USDT:USDT,184.954,246.7,184.951,2.2,184.955,456.2,184.956,82.7
1753769308796,06:08:28.796,bitget,SOL/USDT:USDT,184.954,40.2,184.95,3.4,184.955,322.4,184.956,216.7
1753769309847,06:08:29.847,bitget,SOL/USDT:USDT,184.954,336.7,184.951,2.2,184.955,351.2,184.956,17.7
1753769310898,06:08:30.898,bitget,SOL/USDT:USDT,184.954,336.7,184.951,2.2,184.955,363.0,184.956,21.4
1753769311498,06:08:31.498,bitget,SOL/USDT:USDT,184.954,336.7,184.951,2.2,184.955,351.2,184.957,119.4
1753769311648,06:08:31.648,bitget,SOL/USDT:USDT,184.954,336.7,184.953,2.2,184.955,351.2,184.957,119.4
1753769311798,06:08:31.798,bitget,SOL/USDT:USDT,184.954,336.7,184.953,2.2,184.955,351.2,184.957,119.4
1753769311948,06:08:31.948,bitget,SOL/USDT:USDT,184.954,336.7,184.953,2.2,184.955,351.2,184.957,119.4
1753769312398,06:08:32.398,bitget,SOL/USDT:USDT,184.95,49.6,184.948,3.4,184.951,418.8,184.953,183.9
1753769312549,06:08:32.549,bitget,SOL/USDT:USDT,184.95,49.6,184.948,3.4,184.951,418.9,184.952,80.4
1753769312698,06:08:32.698,bitget,SOL/USDT:USDT,184.95,13.5,184.948,3.4,184.951,418.9,184.952,80.4
1753769313149,06:08:33.149,bitget,SOL/USDT:USDT,184.95,13.5,184.948,3.4,184.951,418.9,184.952,80.4
1753769313299,06:08:33.299,bitget,SOL/USDT:USDT,184.95,49.6,184.948,3.4,184.951,418.9,184.952,80.4
1753769313599,06:08:33.599,bitget,SOL/USDT:USDT,184.95,10.0,184.933,80.4,184.951,540.0,184.952,80.4
1753769313749,06:08:33.749,bitget,SOL/USDT:USDT,184.95,10.0,184.933,80.4,184.951,573.3,184.952,488.1
1753769313900,06:08:33.900,bitget,SOL/USDT:USDT,184.95,13.5,184.934,2.2,184.951,465.2,184.952,488.1
1753769314200,06:08:34.200,bitget,SOL/USDT:USDT,184.95,13.5,184.934,2.2,184.951,915.6,184.952,488.1
1753769314350,06:08:34.350,bitget,SOL/USDT:USDT,184.95,13.5,184.934,126.2,184.951,922.2,184.952,282.8
1753769314500,06:08:34.500,bitget,SOL/USDT:USDT,184.95,13.5,184.935,2.2,184.951,922.2,184.952,282.8
1753769314650,06:08:34.650,bitget,SOL/USDT:USDT,184.95,13.5,184.934,126.2,184.951,920.8,184.952,282.8
1753769314950,06:08:34.950,bitget,SOL/USDT:USDT,184.95,13.5,184.934,126.2,184.951,920.8,184.952,282.8
1753769315100,06:08:35.100,bitget,SOL/USDT:USDT,184.95,49.6,184.934,126.2,184.951,415.6,184.952,282.8
1753769315250,06:08:35.250,bitget,SOL/USDT:USDT,184.95,13.5,184.938,2.2,184.951,415.6,184.952,781.3
1753769315400,06:08:35.400,bitget,SOL/USDT:USDT,184.95,49.6,184.939,2.2,184.951,415.6,184.952,781.3
1753769315701,06:08:35.701,bitget,SOL/USDT:USDT,184.95,49.6,184.94,2.2,184.951,415.6,184.952,781.3
1753769315851,06:08:35.851,bitget,SOL/USDT:USDT,184.95,49.6,184.94,2.2,184.951,415.6,184.952,781.3
1753769316151,06:08:36.151,bitget,SOL/USDT:USDT,184.95,10.1,184.934,124.0,184.951,656.6,184.952,781.3
1753769316301,06:08:36.301,bitget,SOL/USDT:USDT,184.95,10.1,184.938,2.2,184.951,652.3,184.952,781.3
1753769316601,06:08:36.601,bitget,SOL/USDT:USDT,184.95,49.6,184.938,2.2,184.951,654.3,184.952,781.3
1753769316901,06:08:36.901,bitget,SOL/USDT:USDT,184.95,49.6,184.938,2.2,184.951,652.3,184.952,781.3
1753769317201,06:08:37.201,bitget,SOL/USDT:USDT,184.95,13.5,184.94,2.2,184.951,630.7,184.952,781.3
1753769317351,06:08:37.351,bitget,SOL/USDT:USDT,184.95,49.6,184.94,2.2,184.951,635.0,184.952,781.3
1753769317502,06:08:37.502,bitget,SOL/USDT:USDT,184.95,49.6,184.94,2.2,184.951,635.0,184.952,781.3
1753769317652,06:08:37.652,bitget,SOL/USDT:USDT,184.95,49.6,184.94,2.2,184.951,635.0,184.952,781.3
1753769317801,06:08:37.801,bitget,SOL/USDT:USDT,184.95,46.2,184.938,2.2,184.951,641.6,184.952,781.3
1753769317952,06:08:37.952,bitget,SOL/USDT:USDT,184.95,10.1,184.938,2.2,184.951,635.0,184.952,781.3
1753769318102,06:08:38.102,bitget,SOL/USDT:USDT,184.95,56.8,184.942,2.2,184.951,599.5,184.952,781.3
1753769318402,06:08:38.402,bitget,SOL/USDT:USDT,184.95,56.8,184.934,124.0,184.951,561.1,184.952,781.3
1753769318552,06:08:38.552,bitget,SOL/USDT:USDT,184.95,56.8,184.936,2.2,184.951,561.1,184.952,781.3
1753769318702,06:08:38.702,bitget,SOL/USDT:USDT,184.95,56.8,184.936,2.2,184.951,561.1,184.952,781.3
1753769318853,06:08:38.853,bitget,SOL/USDT:USDT,184.95,56.8,184.937,2.2,184.951,561.1,184.952,781.3
1753769319003,06:08:39.003,bitget,SOL/USDT:USDT,184.95,56.8,184.938,2.2,184.951,561.1,184.952,781.3
1753769319153,06:08:39.153,bitget,SOL/USDT:USDT,184.95,13.5,184.938,2.2,184.951,561.1,184.952,781.3
1753769319303,06:08:39.303,bitget,SOL/USDT:USDT,184.95,13.5,184.938,2.2,184.951,561.1,184.952,781.3
1753769319453,06:08:39.453,bitget,SOL/USDT:USDT,184.95,49.6,184.938,2.2,184.951,561.1,184.952,781.3
1753769319603,06:08:39.603,bitget,SOL/USDT:USDT,184.95,13.5,184.938,2.2,184.951,545.2,184.952,781.3
1753769319753,06:08:39.753,bitget,SOL/USDT:USDT,184.95,37.8,184.938,2.2,184.951,545.2,184.952,781.3
1753769319903,06:08:39.903,bitget,SOL/USDT:USDT,184.95,37.8,184.938,2.2,184.951,545.2,184.952,781.3
1753769320053,06:08:40.053,bitget,SOL/USDT:USDT,184.95,37.8,184.938,2.2,184.951,545.2,184.952,781.3
1753769320203,06:08:40.203,bitget,SOL/USDT:USDT,184.95,37.8,184.938,2.2,184.951,545.2,184.952,781.3
1753769320354,06:08:40.354,bitget,SOL/USDT:USDT,184.95,37.8,184.938,2.2,184.951,561.2,184.952,781.3
1753769320504,06:08:40.504,bitget,SOL/USDT:USDT,184.95,37.8,184.938,2.2,184.951,423.8,184.952,781.3
1753769320804,06:08:40.804,bitget,SOL/USDT:USDT,184.95,37.8,184.934,124.0,184.951,393.7,184.952,781.3
1753769320954,06:08:40.954,bitget,SOL/USDT:USDT,184.95,13.5,184.934,124.0,184.951,393.7,184.952,781.3
1753769321104,06:08:41.104,bitget,SOL/USDT:USDT,184.95,13.5,184.934,124.0,184.951,393.7,184.952,781.3
1753769321405,06:08:41.405,bitget,SOL/USDT:USDT,184.95,60.4,184.941,2.2,184.951,393.7,184.952,781.3
1753769321555,06:08:41.555,bitget,SOL/USDT:USDT,184.95,49.6,184.941,2.2,184.951,433.5,184.952,726.6
1753769321855,06:08:41.855,bitget,SOL/USDT:USDT,184.95,49.6,184.941,2.2,184.951,392.2,184.952,726.6
1753769322005,06:08:42.005,bitget,SOL/USDT:USDT,184.95,49.6,184.941,2.2,184.951,392.2,184.952,726.6
1753769322305,06:08:42.305,bitget,SOL/USDT:USDT,184.95,10.1,184.929,80.4,184.951,1004.6,184.952,228.1
1753769322605,06:08:42.605,bitget,SOL/USDT:USDT,184.95,10.1,184.929,80.4,184.951,950.6,184.952,304.6
1753769322755,06:08:42.755,bitget,SOL/USDT:USDT,184.95,10.1,184.929,80.4,184.951,950.6,184.952,304.6
1753769322905,06:08:42.905,bitget,SOL/USDT:USDT,184.95,10.1,184.929,80.4,184.951,934.0,184.952,304.6
1753769323055,06:08:43.055,bitget,SOL/USDT:USDT,184.95,10.1,184.929,80.4,184.951,934.0,184.952,304.6
1753769323206,06:08:43.206,bitget,SOL/USDT:USDT,184.95,10.1,184.929,80.4,184.951,1006.0,184.952,304.6
1753769323356,06:08:43.356,bitget,SOL/USDT:USDT,184.95,10.1,184.929,80.4,184.951,952.0,184.952,304.6
1753769323506,06:08:43.506,bitget,SOL/USDT:USDT,184.95,10.1,184.929,80.4,184.951,1880.4,184.952,308.9
1753769323656,06:08:43.656,bitget,SOL/USDT:USDT,184.929,80.4,184.917,85.8,184.93,336.3,184.933,87.3
1753769323806,06:08:43.806,bitget,SOL/USDT:USDT,184.917,94.6,184.915,124.0,184.918,250.0,184.921,80.4
1753769323956,06:08:43.956,bitget,SOL/USDT:USDT,184.917,94.7,184.915,124.0,184.918,417.8,184.921,80.4
1753769324106,06:08:44.106,bitget,SOL/USDT:USDT,184.917,94.7,184.91,2.2,184.918,292.0,184.921,80.4
1753769324407,06:08:44.407,bitget,SOL/USDT:USDT,184.917,94.7,184.91,2.2,184.918,292.0,184.92,94.0
1753769324556,06:08:44.556,bitget,SOL/USDT:USDT,184.917,94.7,184.91,2.2,184.918,292.0,184.92,94.0
1753769324706,06:08:44.706,bitget,SOL/USDT:USDT,184.917,94.7,184.91,2.2,184.918,292.0,184.92,94.0
1753769324857,06:08:44.857,bitget,SOL/USDT:USDT,184.917,94.7,184.91,2.2,184.918,292.0,184.92,94.0
1753769325007,06:08:45.007,bitget,SOL/USDT:USDT,184.917,94.7,184.91,2.2,184.918,292.0,184.92,94.0
1753769325157,06:08:45.157,bitget,SOL/USDT:USDT,184.917,94.7,184.908,19.7,184.918,168.0,184.92,94.0
1753769325307,06:08:45.307,bitget,SOL/USDT:USDT,184.917,251.2,184.908,19.7,184.918,292.0,184.92,94.0
1753769325457,06:08:45.457,bitget,SOL/USDT:USDT,184.917,94.7,184.908,19.7,184.918,292.0,184.92,94.0
1753769325607,06:08:45.607,bitget,SOL/USDT:USDT,184.917,94.7,184.908,19.7,184.918,292.0,184.92,94.0
1753769325757,06:08:45.757,bitget,SOL/USDT:USDT,184.917,251.2,184.908,19.7,184.918,280.6,184.92,94.0
1753769326057,06:08:46.057,bitget,SOL/USDT:USDT,184.917,251.2,184.908,19.7,184.918,280.6,184.92,94.0
1753769326207,06:08:46.207,bitget,SOL/USDT:USDT,184.917,251.2,184.908,19.7,184.918,280.6,184.92,94.0
1753769326357,06:08:46.357,bitget,SOL/USDT:USDT,184.917,251.2,184.908,21.9,184.918,280.6,184.92,94.0
1753769326508,06:08:46.508,bitget,SOL/USDT:USDT,184.917,251.2,184.916,2.2,184.918,280.6,184.92,94.0
1753769326658,06:08:46.658,bitget,SOL/USDT:USDT,184.917,251.2,184.916,2.2,184.918,280.6,184.92,94.0
1753769326958,06:08:46.958,bitget,SOL/USDT:USDT,184.917,251.2,184.914,4.3,184.918,280.6,184.92,94.0
1753769327258,06:08:47.258,bitget,SOL/USDT:USDT,184.917,375.2,184.913,2.2,184.918,280.6,184.92,94.0
1753769327558,06:08:47.558,bitget,SOL/USDT:USDT,184.917,375.2,184.911,2.2,184.918,280.6,184.92,94.0
1753769327708,06:08:47.708,bitget,SOL/USDT:USDT,184.917,375.2,184.911,2.2,184.918,280.6,184.92,94.0
1753769328008,06:08:48.008,bitget,SOL/USDT:USDT,184.917,375.2,184.914,2.2,184.918,280.6,184.92,94.0
1753769328159,06:08:48.159,bitget,SOL/USDT:USDT,184.917,375.2,184.914,6.5,184.918,280.6,184.92,94.0
1753769328309,06:08:48.309,bitget,SOL/USDT:USDT,184.917,375.2,184.914,6.5,184.918,0.1,184.921,80.4
1753769328459,06:08:48.459,bitget,SOL/USDT:USDT,184.917,375.2,184.914,6.5,184.918,21.8,184.92,168.4
1753769328909,06:08:48.909,bitget,SOL/USDT:USDT,184.917,375.3,184.914,6.6,184.918,0.1,184.92,95.2
1753769329359,06:08:49.359,bitget,SOL/USDT:USDT,184.917,375.3,184.914,6.6,184.918,302.3,184.92,95.2
1753769329509,06:08:49.509,bitget,SOL/USDT:USDT,184.917,375.2,184.914,6.5,184.918,302.3,184.92,95.2
1753769329659,06:08:49.659,bitget,SOL/USDT:USDT,184.917,375.2,184.914,6.5,184.918,302.3,184.92,64.1
1753769329810,06:08:49.810,bitget,SOL/USDT:USDT,184.917,375.2,184.914,6.5,184.918,302.3,184.92,64.1
1753769329960,06:08:49.960,bitget,SOL/USDT:USDT,184.917,375.2,184.914,6.5,184.918,302.3,184.92,64.1
1753769330110,06:08:50.110,bitget,SOL/USDT:USDT,184.917,375.2,184.914,6.5,184.918,302.3,184.92,64.1
1753769330260,06:08:50.260,bitget,SOL/USDT:USDT,184.917,375.2,184.914,2.2,184.918,145.8,184.919,94.0
1753769330410,06:08:50.410,bitget,SOL/USDT:USDT,184.917,375.2,184.914,2.2,184.918,145.8,184.919,94.0
1753769330560,06:08:50.560,bitget,SOL/USDT:USDT,184.917,375.2,184.914,2.2,184.918,213.8,184.919,94.0
1753769330860,06:08:50.860,bitget,SOL/USDT:USDT,184.917,375.2,184.914,2.2,184.918,159.1,184.919,94.0
1753769331010,06:08:51.010,bitget,SOL/USDT:USDT,184.917,375.2,184.914,2.2,184.918,194.6,184.919,94.0
1753769331160,06:08:51.160,bitget,SOL/USDT:USDT,184.917,386.4,184.914,2.2,184.918,194.6,184.919,94.0
1753769331310,06:08:51.310,bitget,SOL/USDT:USDT,184.917,375.2,184.914,2.2,184.918,194.6,184.919,94.0
1753769331462,06:08:51.462,bitget,SOL/USDT:USDT,184.917,375.2,184.914,2.2,184.918,229.0,184.919,94.0
1753769331760,06:08:51.760,bitget,SOL/USDT:USDT,184.917,375.2,184.914,2.2,184.918,229.0,184.919,94.0
1753769331911,06:08:51.911,bitget,SOL/USDT:USDT,184.917,375.2,184.914,2.2,184.918,229.0,184.919,94.0
1753769332060,06:08:52.060,bitget,SOL/USDT:USDT,184.917,375.2,184.914,2.2,184.918,229.0,184.919,94.0
1753769332211,06:08:52.211,bitget,SOL/USDT:USDT,184.917,375.2,184.912,124.0,184.918,211.0,184.919,94.0
1753769332361,06:08:52.361,bitget,SOL/USDT:USDT,184.917,375.2,184.912,124.0,184.918,231.3,184.919,94.0
1753769332511,06:08:52.511,bitget,SOL/USDT:USDT,184.917,375.2,184.912,124.0,184.918,231.3,184.919,94.0
1753769332661,06:08:52.661,bitget,SOL/USDT:USDT,184.917,83.9,184.908,19.7,184.918,231.3,184.919,94.0
1753769332811,06:08:52.811,bitget,SOL/USDT:USDT,184.917,240.4,184.908,19.7,184.918,181.3,184.919,94.0
1753769332962,06:08:52.962,bitget,SOL/USDT:USDT,184.917,240.4,184.908,19.7,184.918,237.4,184.919,94.0
1753769333111,06:08:53.111,bitget,SOL/USDT:USDT,184.917,354.4,184.908,19.7,184.918,237.4,184.919,94.0
1753769333262,06:08:53.262,bitget,SOL/USDT:USDT,184.917,354.4,184.908,19.7,184.918,258.6,184.919,94.0
1753769333412,06:08:53.412,bitget,SOL/USDT:USDT,184.917,83.9,184.908,19.7,184.918,300.5,184.919,94.0
1753769333561,06:08:53.561,bitget,SOL/USDT:USDT,184.917,0.1,184.908,19.7,184.918,228.6,184.919,94.0
1753769333711,06:08:53.711,bitget,SOL/USDT:USDT,184.906,3.5,184.889,1245.3,184.907,14.2,184.908,367.3
1753769333862,06:08:53.862,bitget,SOL/USDT:USDT,184.906,43.0,184.898,497.0,184.907,474.3,184.908,580.3
1753769334012,06:08:54.012,bitget,SOL/USDT:USDT,184.906,149.1,184.898,497.0,184.907,321.1,184.908,386.9
1753769334162,06:08:54.162,bitget,SOL/USDT:USDT,184.906,0.1,184.892,497.1,184.907,477.6,184.908,386.9
1753769334312,06:08:54.312,bitget,SOL/USDT:USDT,184.895,7.3,184.891,497.1,184.896,89.1,184.898,67.3
1753769334462,06:08:54.462,bitget,SOL/USDT:USDT,184.895,11.0,184.891,497.1,184.896,447.2,184.898,45.1
1753769334612,06:08:54.612,bitget,SOL/USDT:USDT,184.895,167.5,184.891,497.1,184.896,489.8,184.898,9.0
1753769334762,06:08:54.762,bitget,SOL/USDT:USDT,184.895,170.7,184.891,497.1,184.896,489.8,184.897,2.7
1753769334913,06:08:54.913,bitget,SOL/USDT:USDT,184.895,170.7,184.891,497.1,184.896,489.8,184.905,283.9
1753769335063,06:08:55.063,bitget,SOL/USDT:USDT,184.895,170.7,184.892,124.0,184.896,489.8,184.905,283.9
1753769335213,06:08:55.213,bitget,SOL/USDT:USDT,184.895,170.7,184.892,124.0,184.896,489.8,184.905,283.9
1753769335363,06:08:55.363,bitget,SOL/USDT:USDT,184.895,170.7,184.891,497.1,184.896,495.2,184.905,283.9
1753769335513,06:08:55.513,bitget,SOL/USDT:USDT,184.895,170.7,184.891,497.1,184.896,495.2,184.905,283.9
1753769335663,06:08:55.663,bitget,SOL/USDT:USDT,184.895,170.7,184.891,497.1,184.896,489.8,184.905,283.9
1753769335813,06:08:55.813,bitget,SOL/USDT:USDT,184.895,170.7,184.891,497.1,184.896,476.9,184.905,283.9
1753769335963,06:08:55.963,bitget,SOL/USDT:USDT,184.895,170.7,184.891,497.1,184.896,482.3,184.905,283.9
1753769336264,06:08:56.264,bitget,SOL/USDT:USDT,184.895,170.6,184.892,124.0,184.896,482.3,184.905,283.9
1753769336564,06:08:56.564,bitget,SOL/USDT:USDT,184.895,170.6,184.891,497.1,184.896,476.9,184.905,283.9
1753769336714,06:08:56.714,bitget,SOL/USDT:USDT,184.891,497.1,184.886,0.1,184.892,30.0,184.895,48.2
1753769336864,06:08:56.864,bitget,SOL/USDT:USDT,184.884,0.1,184.882,496.9,184.885,185.6,184.886,23.0
1753769337165,06:08:57.165,bitget,SOL/USDT:USDT,184.861,237.0,184.858,497.0,184.862,481.1,184.865,6.9
1753769337314,06:08:57.314,bitget,SOL/USDT:USDT,184.858,497.0,184.854,1245.4,184.859,30.0,184.861,84.4
1753769337464,06:08:57.464,bitget,SOL/USDT:USDT,184.858,500.4,184.854,1245.4,184.859,546.1,184.861,152.0
1753769337615,06:08:57.615,bitget,SOL/USDT:USDT,184.858,500.5,184.854,1245.4,184.859,546.2,184.86,45.7
1753769337915,06:08:57.915,bitget,SOL/USDT:USDT,184.858,156.6,184.852,496.9,184.859,546.2,184.86,2.3
1753769338064,06:08:58.064,bitget,SOL/USDT:USDT,184.858,156.6,184.852,496.9,184.859,546.2,184.86,2.3
1753769338364,06:08:58.364,bitget,SOL/USDT:USDT,184.858,156.6,184.853,124.0,184.859,551.6,184.86,2.3
1753769338514,06:08:58.514,bitget,SOL/USDT:USDT,184.858,156.6,184.853,124.0,184.859,551.6,184.861,7.7
1753769338665,06:08:58.665,bitget,SOL/USDT:USDT,184.858,156.6,184.853,124.0,184.859,551.6,184.86,2.3
1753769338815,06:08:58.815,bitget,SOL/USDT:USDT,184.858,163.8,184.853,124.0,184.859,378.4,184.86,2.3
1753769338965,06:08:58.965,bitget,SOL/USDT:USDT,184.858,170.8,184.853,124.0,184.859,372.1,184.86,2.3
1753769339116,06:08:59.116,bitget,SOL/USDT:USDT,184.858,294.8,184.853,124.0,184.859,372.1,184.86,96.3
1753769339416,06:08:59.416,bitget,SOL/USDT:USDT,184.858,294.8,184.856,2.2,184.859,385.3,184.86,124.2
1753769339566,06:08:59.566,bitget,SOL/USDT:USDT,184.858,294.8,184.856,2.2,184.859,374.1,184.86,124.2
1753769340016,06:09:00.016,bitget,SOL/USDT:USDT,184.858,294.8,184.857,2.2,184.859,314.0,184.867,28.2
1753769340166,06:09:00.166,bitget,SOL/USDT:USDT,184.858,294.8,184.857,2.2,184.859,314.0,184.867,28.2
1753769340317,06:09:00.317,bitget,SOL/USDT:USDT,184.858,294.8,184.857,2.2,184.859,325.3,184.867,28.2
1753769340467,06:09:00.467,bitget,SOL/USDT:USDT,184.858,294.8,184.857,2.2,184.859,325.3,184.867,28.2
1753769340617,06:09:00.617,bitget,SOL/USDT:USDT,184.858,294.8,184.853,124.0,184.859,325.3,184.867,28.2
1753769340917,06:09:00.917,bitget,SOL/USDT:USDT,184.858,0.1,184.852,496.9,184.859,330.7,184.866,98.4
1753769341067,06:09:01.067,bitget,SOL/USDT:USDT,184.858,0.1,184.852,496.9,184.859,325.3,184.865,167.9
1753769341217,06:09:01.217,bitget,SOL/USDT:USDT,184.858,0.1,184.852,496.9,184.859,325.3,184.864,94.8
1753769341367,06:09:01.367,bitget,SOL/USDT:USDT,184.858,156.6,184.852,496.9,184.859,330.7,184.864,94.8
1753769341517,06:09:01.517,bitget,SOL/USDT:USDT,184.858,0.1,184.852,496.9,184.859,330.7,184.864,63.8
1753769341667,06:09:01.667,bitget,SOL/USDT:USDT,184.858,170.8,184.852,496.9,184.859,162.9,184.864,63.8
1753769341817,06:09:01.817,bitget,SOL/USDT:USDT,184.858,182.1,184.855,4.3,184.859,35.5,184.864,63.8
1753769341967,06:09:01.967,bitget,SOL/USDT:USDT,184.858,294.8,184.857,2.2,184.859,297.3,184.864,63.8
1753769342118,06:09:02.118,bitget,SOL/USDT:USDT,184.858,306.1,184.857,2.2,184.859,124.1,184.864,41.6
1753769342268,06:09:02.268,bitget,SOL/USDT:USDT,184.858,305.2,184.857,2.2,184.859,124.3,184.864,58.6
1753769342418,06:09:02.418,bitget,SOL/USDT:USDT,184.858,293.9,184.857,2.2,184.859,200.6,184.864,58.6
1753769342718,06:09:02.718,bitget,SOL/USDT:USDT,184.858,163.8,184.852,496.9,184.859,204.0,184.862,4.3
1753769343018,06:09:03.018,bitget,SOL/USDT:USDT,184.852,504.1,184.843,2.2,184.853,800.6,184.857,93.9
1753769343168,06:09:03.168,bitget,SOL/USDT:USDT,184.827,5.4,184.825,1246.3,184.852,84.4,184.853,977.2
1753769343318,06:09:03.318,bitget,SOL/USDT:USDT,184.825,0.8,184.809,1245.5,184.826,303.4,184.827,440.1
1753769343469,06:09:03.469,bitget,SOL/USDT:USDT,184.8,1.5,184.79,24.3,184.81,365.6,184.816,156.5
1753769343618,06:09:03.618,bitget,SOL/USDT:USDT,184.794,1245.2,184.79,0.5,184.801,440.3,184.804,23.1
1753769343768,06:09:03.768,bitget,SOL/USDT:USDT,184.794,1245.2,184.79,0.5,184.795,443.6,184.8,73.0
1753769343920,06:09:03.920,bitget,SOL/USDT:USDT,184.794,1756.3,184.79,24.7,184.795,455.0,184.799,56.2
1753769344069,06:09:04.069,bitget,SOL/USDT:USDT,184.794,1912.8,184.792,2.2,184.795,479.7,184.799,5.7
1753769344219,06:09:04.219,bitget,SOL/USDT:USDT,184.794,1912.8,184.792,2.2,184.795,18.6,184.799,5.7
1753769344519,06:09:04.519,bitget,SOL/USDT:USDT,184.794,2036.8,184.792,2.2,184.795,18.5,184.808,37.2
1753769344669,06:09:04.669,bitget,SOL/USDT:USDT,184.794,1912.8,184.792,2.2,184.795,92.1,184.808,37.2
1753769344819,06:09:04.819,bitget,SOL/USDT:USDT,184.794,1912.8,184.792,2.2,184.795,103.4,184.808,59.0
1753769344969,06:09:04.969,bitget,SOL/USDT:USDT,184.794,1912.8,184.792,2.2,184.795,90.6,184.808,59.0
1753769345120,06:09:05.120,bitget,SOL/USDT:USDT,184.794,2036.8,184.792,2.2,184.795,126.5,184.808,59.0
1753769345270,06:09:05.270,bitget,SOL/USDT:USDT,184.794,2036.8,184.792,2.2,184.795,126.5,184.808,59.0
1753769345420,06:09:05.420,bitget,SOL/USDT:USDT,184.794,2036.8,184.792,2.2,184.795,126.5,184.808,59.0
1753769345570,06:09:05.570,bitget,SOL/USDT:USDT,184.794,2036.8,184.793,81.8,184.795,126.5,184.808,59.0
1753769345719,06:09:05.719,bitget,SOL/USDT:USDT,184.794,2036.8,184.793,81.8,184.795,126.5,184.808,59.0
1753769345870,06:09:05.870,bitget,SOL/USDT:USDT,184.794,2036.8,184.793,157.0,184.795,126.5,184.808,59.0
1753769346020,06:09:06.020,bitget,SOL/USDT:USDT,184.794,2036.8,184.793,157.0,184.795,124.1,184.807,110.0
1753769346170,06:09:06.170,bitget,SOL/USDT:USDT,184.794,791.7,184.793,157.0,184.795,124.1,184.806,96.6
1753769346320,06:09:06.320,bitget,SOL/USDT:USDT,184.794,667.7,184.793,157.0,184.795,280.6,184.806,96.6
1753769346471,06:09:06.471,bitget,SOL/USDT:USDT,184.794,667.7,184.793,536.9,184.795,284.0,184.807,110.0
1753769346622,06:09:06.622,bitget,SOL/USDT:USDT,184.794,667.7,184.793,81.8,184.795,108.4,184.806,96.6
1753769346774,06:09:06.774,bitget,SOL/USDT:USDT,184.794,667.7,184.793,81.8,184.795,108.4,184.806,96.6
1753769347077,06:09:07.077,bitget,SOL/USDT:USDT,184.794,791.7,184.793,81.8,184.795,108.5,184.806,96.6
1753769347227,06:09:07.227,bitget,SOL/USDT:USDT,184.794,791.7,184.793,81.8,184.795,108.5,184.806,96.6
1753769347378,06:09:07.378,bitget,SOL/USDT:USDT,184.794,791.7,184.793,81.8,184.795,108.5,184.806,96.6
1753769347529,06:09:07.529,bitget,SOL/USDT:USDT,184.794,791.7,184.793,81.8,184.795,108.5,184.806,96.6
1753769347838,06:09:07.838,bitget,SOL/USDT:USDT,184.794,664.1,184.793,81.8,184.795,268.4,184.806,96.6
1753769347989,06:09:07.989,bitget,SOL/USDT:USDT,184.794,788.1,184.793,81.8,184.795,319.2,184.805,94.0
1753769348290,06:09:08.290,bitget,SOL/USDT:USDT,184.794,788.1,184.793,81.8,184.795,319.2,184.803,80.4
1753769348748,06:09:08.748,bitget,SOL/USDT:USDT,184.794,663.8,184.793,81.8,184.795,128.5,184.801,5.4
1753769348900,06:09:08.900,bitget,SOL/USDT:USDT,184.794,667.4,184.793,81.8,184.795,131.9,184.801,5.4
1753769349055,06:09:09.055,bitget,SOL/USDT:USDT,184.794,791.4,184.793,81.8,184.795,124.5,184.801,5.4
1753769349208,06:09:09.208,bitget,SOL/USDT:USDT,184.794,791.4,184.793,81.8,184.795,124.5,184.801,5.4
1753769349357,06:09:09.357,bitget,SOL/USDT:USDT,184.794,791.4,184.793,81.8,184.795,124.5,184.802,112.4
1753769349660,06:09:09.660,bitget,SOL/USDT:USDT,184.794,791.4,184.793,81.8,184.795,281.0,184.802,112.4
1753769349811,06:09:09.811,bitget,SOL/USDT:USDT,184.794,791.4,184.793,81.8,184.795,275.8,184.802,52.3
1753769350574,06:09:10.574,bitget,SOL/USDT:USDT,184.794,667.4,184.793,81.8,184.795,124.5,184.8,127.5
1753769350727,06:09:10.727,bitget,SOL/USDT:USDT,184.794,667.4,184.793,81.8,184.795,281.0,184.8,127.5
1753769350881,06:09:10.881,bitget,SOL/USDT:USDT,184.794,667.4,184.793,81.8,184.795,281.0,184.8,127.5
1753769351031,06:09:11.031,bitget,SOL/USDT:USDT,184.794,791.4,184.793,81.8,184.795,173.0,184.8,127.5
1753769351182,06:09:11.182,bitget,SOL/USDT:USDT,184.794,791.4,184.793,81.8,184.795,16.4,184.8,127.5
1753769351335,06:09:11.335,bitget,SOL/USDT:USDT,184.794,791.4,184.793,81.8,184.795,16.4,184.801,94.0
1753769351489,06:09:11.489,bitget,SOL/USDT:USDT,184.794,791.4,184.793,81.8,184.795,16.4,184.801,94.0
1753769351641,06:09:11.641,bitget,SOL/USDT:USDT,184.794,791.4,184.793,81.8,184.795,16.4,184.801,94.0
1753769351794,06:09:11.794,bitget,SOL/USDT:USDT,184.794,791.4,184.793,81.8,184.795,16.4,184.801,94.0
1753769351948,06:09:11.948,bitget,SOL/USDT:USDT,184.794,791.4,184.793,81.8,184.795,16.4,184.801,94.0
1753769352099,06:09:12.099,bitget,SOL/USDT:USDT,184.794,791.4,184.793,81.8,184.795,16.4,184.801,94.0
1753769352250,06:09:12.250,bitget,SOL/USDT:USDT,184.794,791.4,184.793,81.8,184.795,16.4,184.801,94.0
1753769352399,06:09:12.399,bitget,SOL/USDT:USDT,184.794,791.4,184.793,81.8,184.795,16.4,184.801,94.0
1753769352551,06:09:12.551,bitget,SOL/USDT:USDT,184.794,791.4,184.793,81.8,184.795,16.4,184.801,94.0
1753769352702,06:09:12.702,bitget,SOL/USDT:USDT,184.794,825.3,184.793,81.8,184.795,16.4,184.801,94.0
1753769352855,06:09:12.855,bitget,SOL/USDT:USDT,184.794,825.3,184.793,81.8,184.795,16.4,184.801,94.0
1753769353009,06:09:13.009,bitget,SOL/USDT:USDT,184.794,791.4,184.793,81.8,184.795,0.4,184.801,94.0
1753769353158,06:09:13.158,bitget,SOL/USDT:USDT,184.8,95.8,184.799,21.6,184.801,94.0,184.802,108.0
1753769353313,06:09:13.313,bitget,SOL/USDT:USDT,184.8,964.6,184.795,131.7,184.801,217.5,184.802,108.0
1753769353464,06:09:13.464,bitget,SOL/USDT:USDT,184.8,848.0,184.795,131.7,184.801,326.7,184.802,108.0
1753769353617,06:09:13.617,bitget,SOL/USDT:USDT,184.8,848.0,184.799,2.2,184.801,326.7,184.802,108.0
1753769353771,06:09:13.771,bitget,SOL/USDT:USDT,184.8,838.0,184.798,2.2,184.801,217.5,184.802,108.0
1753769354074,06:09:14.074,bitget,SOL/USDT:USDT,184.8,838.0,184.799,2.2,184.801,281.5,184.802,108.0
1753769354228,06:09:14.228,bitget,SOL/USDT:USDT,184.8,838.0,184.799,2.2,184.801,308.2,184.802,108.0
1753769354382,06:09:14.382,bitget,SOL/USDT:USDT,184.8,838.0,184.795,131.7,184.801,308.2,184.802,108.0
1753769354533,06:09:14.533,bitget,SOL/USDT:USDT,184.8,838.0,184.795,133.9,184.801,308.2,184.802,108.0
1753769354687,06:09:14.687,bitget,SOL/USDT:USDT,184.8,838.0,184.795,131.7,184.801,281.5,184.802,108.0
1753769354839,06:09:14.839,bitget,SOL/USDT:USDT,184.8,838.0,184.799,4.3,184.801,125.0,184.802,108.0
1753769354989,06:09:14.989,bitget,SOL/USDT:USDT,184.8,838.0,184.799,4.3,184.801,64.3,184.802,108.0
1753769355142,06:09:15.142,bitget,SOL/USDT:USDT,184.8,838.0,184.799,4.3,184.801,64.3,184.802,108.0
1753769355294,06:09:15.294,bitget,SOL/USDT:USDT,184.8,838.0,184.799,4.3,184.801,64.3,184.802,108.0
1753769355447,06:09:15.447,bitget,SOL/USDT:USDT,184.8,838.0,184.799,4.3,184.801,64.3,184.802,108.0
1753769355599,06:09:15.599,bitget,SOL/USDT:USDT,184.8,838.0,184.799,4.3,184.801,64.3,184.802,108.0
1753769355754,06:09:15.754,bitget,SOL/USDT:USDT,184.8,838.0,184.799,4.3,184.801,64.3,184.802,108.0
1753769355907,06:09:15.907,bitget,SOL/USDT:USDT,184.8,838.0,184.799,4.3,184.801,64.3,184.802,108.0
1753769356058,06:09:16.058,bitget,SOL/USDT:USDT,184.8,838.0,184.799,4.3,184.801,64.3,184.802,108.0
1753769356210,06:09:16.210,bitget,SOL/USDT:USDT,184.8,838.0,184.795,131.7,184.801,64.3,184.802,108.0
1753769356360,06:09:16.360,bitget,SOL/USDT:USDT,184.8,838.0,184.795,131.7,184.801,64.3,184.802,108.0
1753769356513,06:09:16.513,bitget,SOL/USDT:USDT,184.8,838.0,184.799,2.2,184.801,64.3,184.802,108.0
1753769356666,06:09:16.666,bitget,SOL/USDT:USDT,184.8,838.0,184.799,2.2,184.801,64.3,184.802,108.0
1753769356819,06:09:16.819,bitget,SOL/USDT:USDT,184.8,838.0,184.799,2.2,184.801,64.3,184.802,108.0
1753769356970,06:09:16.970,bitget,SOL/USDT:USDT,184.8,838.0,184.799,2.2,184.801,64.3,184.813,23.7
1753769357121,06:09:17.121,bitget,SOL/USDT:USDT,184.8,838.0,184.799,2.2,184.801,64.3,184.813,23.7
1753769357272,06:09:17.272,bitget,SOL/USDT:USDT,184.8,838.0,184.799,2.2,184.801,64.3,184.813,23.7
1753769357425,06:09:17.425,bitget,SOL/USDT:USDT,184.8,838.0,184.799,2.2,184.801,64.3,184.813,23.7
1753769357575,06:09:17.575,bitget,SOL/USDT:USDT,184.8,838.0,184.799,2.2,184.801,64.3,184.813,23.7
1753769357727,06:09:17.727,bitget,SOL/USDT:USDT,184.8,838.0,184.799,2.2,184.801,64.3,184.813,23.7
1753769357877,06:09:17.877,bitget,SOL/USDT:USDT,184.8,838.0,184.799,2.2,184.801,64.3,184.813,23.7
1753769358028,06:09:18.028,bitget,SOL/USDT:USDT,184.8,838.0,184.799,2.2,184.801,64.3,184.813,23.7
1753769358178,06:09:18.178,bitget,SOL/USDT:USDT,184.8,838.0,184.799,2.2,184.801,64.3,184.813,23.7
1753769358328,06:09:18.328,bitget,SOL/USDT:USDT,184.8,808.0,184.799,2.2,184.801,64.3,184.813,23.7
1753769358628,06:09:18.628,bitget,SOL/USDT:USDT,184.8,808.0,184.799,2.2,184.801,64.3,184.813,23.7
1753769358928,06:09:18.928,bitget,SOL/USDT:USDT,184.8,808.0,184.799,2.2,184.801,0.3,184.813,23.7
1753769359078,06:09:19.078,bitget,SOL/USDT:USDT,184.8,808.0,184.799,2.2,184.801,0.3,184.813,23.7
1753769359228,06:09:19.228,bitget,SOL/USDT:USDT,184.8,808.0,184.799,2.2,184.801,0.3,184.813,23.7
1753769359678,06:09:19.678,bitget,SOL/USDT:USDT,184.8,808.0,184.799,2.2,184.801,0.3,184.813,23.7
1753769359828,06:09:19.828,bitget,SOL/USDT:USDT,184.8,808.0,184.799,2.2,184.801,0.3,184.813,10.3
1753769359978,06:09:19.978,bitget,SOL/USDT:USDT,184.825,31.3,184.824,31.3,184.826,573.9,184.836,553.9
1753769360128,06:09:20.128,bitget,SOL/USDT:USDT,184.839,31.3,184.836,31.3,184.842,161.7,184.846,274.8
1753769360278,06:09:20.278,bitget,SOL/USDT:USDT,184.841,1469.0,184.84,42.1,184.842,82.5,184.845,82.4
1753769360429,06:09:20.429,bitget,SOL/USDT:USDT,184.841,1150.1,184.84,510.3,184.842,144.0,184.845,2.0
1753769360579,06:09:20.579,bitget,SOL/USDT:USDT,184.841,876.1,184.84,510.3,184.842,144.0,184.845,2.0
1753769360729,06:09:20.729,bitget,SOL/USDT:USDT,184.841,876.1,184.84,510.3,184.842,144.0,184.845,2.0
1753769360879,06:09:20.879,bitget,SOL/USDT:USDT,184.853,58.0,184.851,141.2,184.856,17.6,184.866,1.1
1753769361029,06:09:21.029,bitget,SOL/USDT:USDT,184.865,177.3,184.86,21.6,184.866,4.8,184.87,132.6
1753769361179,06:09:21.179,bitget,SOL/USDT:USDT,184.873,51.3,184.869,114.5,184.874,5.0,184.875,30.2
1753769361330,06:09:21.330,bitget,SOL/USDT:USDT,184.878,95.1,184.875,43.2,184.888,105.7,184.895,80.4
1753769361480,06:09:21.480,bitget,SOL/USDT:USDT,184.895,240.7,184.894,72.1,184.896,172.8,184.897,5.0
1753769361780,06:09:21.780,bitget,SOL/USDT:USDT,184.895,403.6,184.894,10.8,184.896,353.2,184.897,5.0
1753769361930,06:09:21.930,bitget,SOL/USDT:USDT,184.895,299.3,184.894,10.8,184.896,353.2,184.897,5.0
1753769362080,06:09:22.080,bitget,SOL/USDT:USDT,184.895,57.3,184.892,495.9,184.896,595.9,184.897,5.0
1753769362230,06:09:22.230,bitget,SOL/USDT:USDT,184.895,26.0,184.893,496.0,184.896,595.9,184.897,5.0
1753769362380,06:09:22.380,bitget,SOL/USDT:USDT,184.895,26.0,184.888,496.0,184.896,528.6,184.897,5.0
1753769362530,06:09:22.530,bitget,SOL/USDT:USDT,184.895,26.0,184.888,496.0,184.896,586.8,184.897,5.0
1753769362680,06:09:22.680,bitget,SOL/USDT:USDT,184.895,26.0,184.888,496.0,184.896,584.8,184.897,5.0
1753769362831,06:09:22.831,bitget,SOL/USDT:USDT,184.895,26.0,184.889,124.0,184.896,591.5,184.897,5.0
1753769362980,06:09:22.980,bitget,SOL/USDT:USDT,184.895,26.0,184.889,124.0,184.896,590.2,184.897,5.0
1753769363131,06:09:23.131,bitget,SOL/USDT:USDT,184.895,26.0,184.889,124.0,184.896,590.2,184.897,5.0
1753769363281,06:09:23.281,bitget,SOL/USDT:USDT,184.895,26.0,184.888,496.0,184.896,589.5,184.897,5.0
1753769363430,06:09:23.430,bitget,SOL/USDT:USDT,184.895,182.5,184.888,496.0,184.896,589.5,184.897,5.0
1753769363581,06:09:23.581,bitget,SOL/USDT:USDT,184.895,182.5,184.888,496.0,184.896,574.6,184.897,5.0
1753769363881,06:09:23.881,bitget,SOL/USDT:USDT,184.895,26.0,184.888,496.0,184.896,574.6,184.897,5.0
1753769364031,06:09:24.031,bitget,SOL/USDT:USDT,184.895,26.0,184.888,496.0,184.896,574.6,184.897,5.0
1753769364181,06:09:24.181,bitget,SOL/USDT:USDT,184.895,182.5,184.888,496.0,184.896,574.6,184.897,5.0
1753769364331,06:09:24.331,bitget,SOL/USDT:USDT,184.895,182.5,184.888,496.0,184.896,574.6,184.897,5.0
1753769364482,06:09:24.482,bitget,SOL/USDT:USDT,184.895,182.5,184.889,124.0,184.896,574.1,184.897,5.0
1753769364632,06:09:24.632,bitget,SOL/USDT:USDT,184.895,5.9,184.888,496.0,184.896,574.1,184.897,5.0
1753769364782,06:09:24.782,bitget,SOL/USDT:USDT,184.895,5.9,184.888,496.0,184.896,574.1,184.897,5.0
1753769364932,06:09:24.932,bitget,SOL/USDT:USDT,184.895,5.9,184.888,496.0,184.896,574.1,184.897,5.0
1753769365081,06:09:25.081,bitget,SOL/USDT:USDT,184.895,5.9,184.889,124.0,184.896,574.1,184.897,5.0
1753769365233,06:09:25.233,bitget,SOL/USDT:USDT,184.895,5.9,184.889,124.0,184.896,574.1,184.897,5.0
1753769365382,06:09:25.382,bitget,SOL/USDT:USDT,184.895,5.9,184.889,124.0,184.896,574.1,184.897,5.0
1753769365532,06:09:25.532,bitget,SOL/USDT:USDT,184.895,5.9,184.889,124.0,184.896,574.1,184.897,5.0
1753769365682,06:09:25.682,bitget,SOL/USDT:USDT,184.895,5.9,184.888,496.0,184.896,574.1,184.897,5.0
1753769365832,06:09:25.832,bitget,SOL/USDT:USDT,184.895,5.9,184.888,496.0,184.896,574.1,184.897,5.0
1753769365982,06:09:25.982,bitget,SOL/USDT:USDT,184.895,5.9,184.888,496.0,184.896,574.1,184.897,5.0
1753769366132,06:09:26.132,bitget,SOL/USDT:USDT,184.895,5.9,184.888,496.0,184.896,574.1,184.897,5.0
1753769366283,06:09:26.283,bitget,SOL/USDT:USDT,184.888,496.0,184.875,1246.0,184.889,30.0,184.895,90.3
1753769366432,06:09:26.432,bitget,SOL/USDT:USDT,184.846,1245.9,184.841,80.5,184.85,30.1,184.851,110.8
1753769366732,06:09:26.732,bitget,SOL/USDT:USDT,184.849,182.4,184.845,495.6,184.85,319.9,184.851,29.0
1753769366883,06:09:26.883,bitget,SOL/USDT:USDT,184.849,193.1,184.848,124.0,184.85,159.9,184.851,89.0
1753769367033,06:09:27.033,bitget,SOL/USDT:USDT,184.849,196.7,184.848,124.0,184.85,135.6,184.851,89.0
1753769367183,06:09:27.183,bitget,SOL/USDT:USDT,184.849,196.7,184.848,124.0,184.85,135.6,184.851,89.0
1753769367333,06:09:27.333,bitget,SOL/USDT:USDT,184.849,196.7,184.848,124.0,184.85,292.1,184.851,60.0
1753769367483,06:09:27.483,bitget,SOL/USDT:USDT,184.849,196.7,184.847,124.0,184.85,291.6,184.851,60.0
1753769367634,06:09:27.634,bitget,SOL/USDT:USDT,184.849,196.7,184.848,2.2,184.85,295.0,184.851,60.0
1753769367934,06:09:27.934,bitget,SOL/USDT:USDT,184.849,151.4,184.848,2.2,184.85,295.0,184.862,60.0
1753769368084,06:09:28.084,bitget,SOL/USDT:USDT,184.849,0.1,184.845,495.6,184.85,299.3,184.851,0.1
1753769368233,06:09:28.233,bitget,SOL/USDT:USDT,184.849,0.1,184.845,495.6,184.85,299.3,184.851,0.1
1753769368384,06:09:28.384,bitget,SOL/USDT:USDT,184.826,5.4,184.823,6.9,184.827,23.1,184.828,23.1
1753769368534,06:09:28.534,bitget,SOL/USDT:USDT,184.803,1245.8,184.802,69.6,184.822,23.1,184.823,37.3
1753769368834,06:09:28.834,bitget,SOL/USDT:USDT,184.807,223.0,184.804,935.4,184.808,361.2,184.811,53.9
1753769368984,06:09:28.984,bitget,SOL/USDT:USDT,184.807,379.5,184.804,633.7,184.808,375.9,184.819,24.1
1753769369134,06:09:29.134,bitget,SOL/USDT:USDT,184.807,379.5,184.805,2.2,184.808,375.9,184.819,24.1
1753769369285,06:09:29.285,bitget,SOL/USDT:USDT,184.807,379.5,184.805,406.0,184.808,0.3,184.819,24.1
1753769369435,06:09:29.435,bitget,SOL/USDT:USDT,184.807,379.5,184.805,633.9,184.808,43.6,184.819,24.1
1753769369584,06:09:29.584,bitget,SOL/USDT:USDT,184.807,379.5,184.805,2.2,184.808,80.4,184.819,24.1
1753769369885,06:09:29.885,bitget,SOL/USDT:USDT,184.807,379.5,184.805,685.7,184.808,167.6,184.819,24.1
1753769370035,06:09:30.035,bitget,SOL/USDT:USDT,184.807,379.5,184.805,685.7,184.808,167.6,184.819,24.1
1753769370335,06:09:30.335,bitget,SOL/USDT:USDT,184.807,874.9,184.805,163.3,184.808,167.6,184.819,24.1
1753769370485,06:09:30.485,bitget,SOL/USDT:USDT,184.807,874.9,184.805,516.9,184.808,167.6,184.819,24.1
1753769370635,06:09:30.635,bitget,SOL/USDT:USDT,184.807,874.9,184.805,516.9,184.808,43.6,184.819,24.1
1753769370785,06:09:30.785,bitget,SOL/USDT:USDT,184.807,874.9,184.805,516.9,184.808,167.6,184.819,24.1
1753769371085,06:09:31.085,bitget,SOL/USDT:USDT,184.807,671.4,184.801,81.8,184.808,175.4,184.813,4.4
1753769371236,06:09:31.236,bitget,SOL/USDT:USDT,184.807,674.9,184.801,81.8,184.808,327.5,184.812,1.3
1753769371386,06:09:31.386,bitget,SOL/USDT:USDT,184.807,674.9,184.801,81.8,184.808,167.6,184.819,24.1
1753769371535,06:09:31.535,bitget,SOL/USDT:USDT,184.807,674.9,184.801,81.8,184.808,315.5,184.819,24.1
1753769371686,06:09:31.686,bitget,SOL/USDT:USDT,184.807,798.9,184.801,81.8,184.808,326.8,184.819,24.1
1753769371836,06:09:31.836,bitget,SOL/USDT:USDT,184.807,667.9,184.801,81.8,184.808,368.3,184.818,60.0
1753769371986,06:09:31.986,bitget,SOL/USDT:USDT,184.807,511.4,184.801,81.8,184.808,368.3,184.817,43.4
1753769372136,06:09:32.136,bitget,SOL/USDT:USDT,184.807,497.5,184.801,81.8,184.808,545.0,184.817,96.8
1753769372286,06:09:32.286,bitget,SOL/USDT:USDT,184.807,497.5,184.801,81.8,184.808,590.3,184.817,96.8
1753769372586,06:09:32.586,bitget,SOL/USDT:USDT,184.8,90.9,184.795,495.2,184.801,670.1,184.802,4.3
1753769372886,06:09:32.886,bitget,SOL/USDT:USDT,184.8,87.6,184.795,495.2,184.801,676.8,184.802,4.3
1753769373037,06:09:33.037,bitget,SOL/USDT:USDT,184.8,87.6,184.795,495.2,184.801,676.8,184.802,4.3
1753769373187,06:09:33.187,bitget,SOL/USDT:USDT,184.8,244.1,184.795,495.2,184.801,676.8,184.805,342.2
1753769373336,06:09:33.336,bitget,SOL/USDT:USDT,184.8,87.6,184.795,495.2,184.801,669.9,184.805,342.2
1753769373487,06:09:33.487,bitget,SOL/USDT:USDT,184.8,87.6,184.795,495.2,184.801,669.9,184.805,342.2
1753769373637,06:09:33.637,bitget,SOL/USDT:USDT,184.8,87.6,184.795,495.2,184.801,669.9,184.805,342.2
1753769373787,06:09:33.787,bitget,SOL/USDT:USDT,184.8,87.6,184.795,495.2,184.801,669.9,184.805,342.2
1753769373937,06:09:33.937,bitget,SOL/USDT:USDT,184.8,87.6,184.795,495.2,184.801,669.9,184.805,342.2
1753769374087,06:09:34.087,bitget,SOL/USDT:USDT,184.8,87.6,184.795,495.2,184.801,669.9,184.805,342.2
1753769374537,06:09:34.537,bitget,SOL/USDT:USDT,184.788,8.8,184.78,80.4,184.789,614.0,184.791,156.6
1753769374838,06:09:34.838,bitget,SOL/USDT:USDT,184.788,244.7,184.78,80.4,184.789,616.2,184.79,63.6
1753769374987,06:09:34.987,bitget,SOL/USDT:USDT,184.788,248.1,184.78,80.4,184.789,616.2,184.79,63.6
1753769375138,06:09:35.138,bitget,SOL/USDT:USDT,184.788,240.9,184.78,80.4,184.789,616.2,184.79,63.6
1753769375288,06:09:35.288,bitget,SOL/USDT:USDT,184.788,240.9,184.78,80.4,184.789,571.5,184.79,63.6
1753769375438,06:09:35.438,bitget,SOL/USDT:USDT,184.788,179.6,184.78,80.4,184.789,571.5,184.79,63.6
1753769375738,06:09:35.738,bitget,SOL/USDT:USDT,184.788,179.6,184.781,126.2,184.789,571.5,184.79,63.6
1753769375889,06:09:35.889,bitget,SOL/USDT:USDT,184.788,179.6,184.781,126.2,184.789,571.5,184.79,63.6
1753769376038,06:09:36.038,bitget,SOL/USDT:USDT,184.788,157.0,184.78,80.4,184.789,656.2,184.79,63.6
1753769376189,06:09:36.189,bitget,SOL/USDT:USDT,184.788,0.5,184.78,80.4,184.789,656.2,184.79,63.6
1753769376340,06:09:36.340,bitget,SOL/USDT:USDT,184.788,8.9,184.78,80.4,184.789,651.9,184.79,365.2
1753769376488,06:09:36.488,bitget,SOL/USDT:USDT,184.788,8.9,184.78,80.4,184.789,651.9,184.79,365.2
1753769376639,06:09:36.639,bitget,SOL/USDT:USDT,184.788,8.9,184.781,124.0,184.789,651.9,184.79,365.2
1753769376788,06:09:36.788,bitget,SOL/USDT:USDT,184.788,8.9,184.781,124.0,184.789,431.2,184.79,365.2
1753769376939,06:09:36.939,bitget,SOL/USDT:USDT,184.788,8.9,184.781,124.0,184.789,324.0,184.79,365.2
1753769377089,06:09:37.089,bitget,SOL/USDT:USDT,184.788,8.9,184.781,124.0,184.789,324.0,184.79,365.2
1753769377239,06:09:37.239,bitget,SOL/USDT:USDT,184.788,8.9,184.781,124.0,184.789,324.0,184.79,365.2
1753769377389,06:09:37.389,bitget,SOL/USDT:USDT,184.788,0.5,184.78,80.4,184.789,328.3,184.79,365.2
1753769377539,06:09:37.539,bitget,SOL/USDT:USDT,184.788,8.9,184.78,80.4,184.789,328.3,184.79,365.2
1753769377689,06:09:37.689,bitget,SOL/USDT:USDT,184.788,165.4,184.784,2.2,184.789,324.0,184.79,365.2
1753769377839,06:09:37.839,bitget,SOL/USDT:USDT,184.788,165.4,184.781,124.0,184.789,324.0,184.79,365.2
1753769377990,06:09:37.990,bitget,SOL/USDT:USDT,184.788,165.4,184.781,124.0,184.789,324.0,184.79,365.2
1753769378140,06:09:38.140,bitget,SOL/USDT:USDT,184.788,165.4,184.781,124.0,184.789,324.0,184.79,365.2
1753769378290,06:09:38.290,bitget,SOL/USDT:USDT,184.788,176.2,184.781,124.0,184.789,312.7,184.79,365.2
1753769378440,06:09:38.440,bitget,SOL/USDT:USDT,184.788,176.2,184.781,124.0,184.789,324.3,184.79,365.2
1753769378590,06:09:38.590,bitget,SOL/USDT:USDT,184.788,16.1,184.78,80.4,184.789,324.3,184.79,260.6
1753769378740,06:09:38.740,bitget,SOL/USDT:USDT,184.788,16.1,184.78,80.4,184.789,324.3,184.79,260.6
1753769378890,06:09:38.890,bitget,SOL/USDT:USDT,184.788,0.5,184.779,19.6,184.789,378.4,184.79,260.6
1753769379040,06:09:39.040,bitget,SOL/USDT:USDT,184.788,0.5,184.779,19.6,184.789,378.4,184.79,260.6
1753769379190,06:09:39.190,bitget,SOL/USDT:USDT,184.788,0.5,184.779,19.6,184.789,324.3,184.79,260.6
1753769379341,06:09:39.341,bitget,SOL/USDT:USDT,184.788,0.5,184.779,19.6,184.789,324.3,184.79,260.6
1753769379491,06:09:39.491,bitget,SOL/USDT:USDT,184.766,1245.9,184.76,80.4,184.767,0.5,184.769,0.5
1753769379641,06:09:39.641,bitget,SOL/USDT:USDT,184.757,1.7,184.756,1.9,184.761,22.0,184.763,0.5
1753769379791,06:09:39.791,bitget,SOL/USDT:USDT,184.757,17.4,184.756,1.9,184.758,561.3,184.766,342.9
1753769380091,06:09:40.091,bitget,SOL/USDT:USDT,184.757,177.5,184.756,1.9,184.758,561.3,184.765,65.1
1753769380241,06:09:40.241,bitget,SOL/USDT:USDT,184.757,177.5,184.756,1.9,184.758,554.4,184.765,374.9
1753769380391,06:09:40.391,bitget,SOL/USDT:USDT,184.757,177.5,184.756,1.9,184.758,554.4,184.765,374.9
1753769380541,06:09:40.541,bitget,SOL/USDT:USDT,184.757,177.5,184.756,1.9,184.758,554.4,184.765,374.9
1753769380691,06:09:40.691,bitget,SOL/USDT:USDT,184.757,301.5,184.756,1.9,184.758,551.9,184.765,374.9
1753769380841,06:09:40.841,bitget,SOL/USDT:USDT,184.757,189.1,184.756,1.9,184.758,304.0,184.765,269.9
1753769381142,06:09:41.142,bitget,SOL/USDT:USDT,184.757,230.2,184.756,549.0,184.758,30.3,184.765,71.7
1753769381292,06:09:41.292,bitget,SOL/USDT:USDT,184.757,230.2,184.756,549.0,184.758,30.3,184.765,71.7
1753769381442,06:09:41.442,bitget,SOL/USDT:USDT,184.757,230.2,184.756,549.0,184.758,30.3,184.765,71.7
1753769381592,06:09:41.592,bitget,SOL/USDT:USDT,184.757,338.0,184.756,549.0,184.758,133.9,184.765,71.7
1753769381742,06:09:41.742,bitget,SOL/USDT:USDT,184.757,338.0,184.756,549.0,184.758,133.9,184.765,71.7
1753769382042,06:09:42.042,bitget,SOL/USDT:USDT,184.757,304.9,184.756,1.9,184.758,133.9,184.765,71.7
1753769382192,06:09:42.192,bitget,SOL/USDT:USDT,184.725,15.2,184.717,11.5,184.732,71.1,184.738,210.9
1753769382342,06:09:42.342,bitget,SOL/USDT:USDT,184.737,161.2,184.732,244.8,184.738,78.2,184.741,74.2
1753769382492,06:09:42.492,bitget,SOL/USDT:USDT,184.737,321.2,184.735,156.5,184.738,63.8,184.74,47.7
1753769382642,06:09:42.642,bitget,SOL/USDT:USDT,184.737,336.4,184.735,156.5,184.738,220.3,184.741,24.1
1753769382792,06:09:42.792,bitget,SOL/USDT:USDT,184.737,336.4,184.735,156.5,184.738,220.3,184.741,24.1
1753769382943,06:09:42.943,bitget,SOL/USDT:USDT,184.737,336.4,184.735,156.5,184.738,220.3,184.741,24.1
1753769383093,06:09:43.093,bitget,SOL/USDT:USDT,184.737,336.4,184.735,156.5,184.738,220.3,184.741,24.1
1753769383242,06:09:43.242,bitget,SOL/USDT:USDT,184.737,336.4,184.735,156.5,184.738,220.3,184.741,24.1
1753769383393,06:09:43.393,bitget,SOL/USDT:USDT,184.737,336.4,184.735,156.5,184.738,223.7,184.741,24.1
1753769383543,06:09:43.543,bitget,SOL/USDT:USDT,184.737,336.4,184.736,126.2,184.738,223.7,184.741,24.1
1753769383843,06:09:43.843,bitget,SOL/USDT:USDT,184.737,369.4,184.736,126.2,184.738,223.7,184.741,24.1
1753769383993,06:09:43.993,bitget,SOL/USDT:USDT,184.737,369.4,184.736,126.2,184.738,223.7,184.742,80.4
1753769384143,06:09:44.143,bitget,SOL/USDT:USDT,184.737,386.4,184.736,126.2,184.738,0.4,184.747,19.6
1753769384294,06:09:44.294,bitget,SOL/USDT:USDT,184.746,83.2,184.741,21.6,184.747,19.6,184.754,80.4
1753769384443,06:09:44.443,bitget,SOL/USDT:USDT,184.753,245.2,184.751,21.6,184.754,80.4,184.755,196.1
1753769384594,06:09:44.594,bitget,SOL/USDT:USDT,184.753,531.2,184.752,124.0,184.754,240.7,184.755,196.1
1753769384744,06:09:44.744,bitget,SOL/USDT:USDT,184.753,439.2,184.752,124.0,184.754,240.7,184.755,196.1
1753769384893,06:09:44.893,bitget,SOL/USDT:USDT,184.753,439.2,184.752,124.0,184.754,240.7,184.755,196.1
1753769385044,06:09:45.044,bitget,SOL/USDT:USDT,184.753,439.2,184.752,124.0,184.754,240.7,184.755,196.1
1753769385344,06:09:45.344,bitget,SOL/USDT:USDT,184.753,439.2,184.752,124.0,184.754,240.7,184.755,196.1
1753769385494,06:09:45.494,bitget,SOL/USDT:USDT,184.753,405.8,184.75,2.2,184.754,240.7,184.755,196.1
1753769385644,06:09:45.644,bitget,SOL/USDT:USDT,184.753,405.8,184.75,2.2,184.754,240.7,184.755,196.1
1753769385795,06:09:45.795,bitget,SOL/USDT:USDT,184.753,405.8,184.752,2.2,184.754,240.7,184.755,196.1
1753769385944,06:09:45.944,bitget,SOL/USDT:USDT,184.753,405.8,184.752,2.2,184.754,240.7,184.755,196.1
1753769386095,06:09:46.095,bitget,SOL/USDT:USDT,184.753,405.8,184.752,2.2,184.754,240.7,184.755,196.1
1753769386245,06:09:46.245,bitget,SOL/USDT:USDT,184.753,372.6,184.752,2.2,184.754,240.7,184.755,196.1
1753769386395,06:09:46.395,bitget,SOL/USDT:USDT,184.753,92.1,184.747,40.5,184.754,305.5,184.755,196.1
1753769386695,06:09:46.695,bitget,SOL/USDT:USDT,184.748,122.6,184.746,14.2,184.749,461.9,184.753,311.4
1753769386845,06:09:46.845,bitget,SOL/USDT:USDT,184.748,122.6,184.747,2.2,184.749,461.9,184.753,311.4
1753769386995,06:09:46.995,bitget,SOL/USDT:USDT,184.748,279.1,184.747,2.2,184.749,461.9,184.753,311.4
1753769387145,06:09:47.145,bitget,SOL/USDT:USDT,184.748,282.5,184.747,2.2,184.749,461.9,184.753,311.4
1753769387295,06:09:47.295,bitget,SOL/USDT:USDT,184.748,282.5,184.746,14.2,184.749,461.9,184.753,311.4
1753769387445,06:09:47.445,bitget,SOL/USDT:USDT,184.748,282.5,184.746,14.2,184.749,461.9,184.753,311.4
1753769387595,06:09:47.595,bitget,SOL/USDT:USDT,184.748,168.2,184.746,7.2,184.749,461.9,184.753,311.4
1753769387746,06:09:47.746,bitget,SOL/USDT:USDT,184.748,163.8,184.746,7.2,184.749,461.9,184.753,311.4
1753769387896,06:09:47.896,bitget,SOL/USDT:USDT,184.748,175.4,184.746,7.2,184.749,461.9,184.753,311.4
1753769388046,06:09:48.046,bitget,SOL/USDT:USDT,184.748,182.4,184.746,7.2,184.749,461.9,184.753,311.4
1753769388196,06:09:48.196,bitget,SOL/USDT:USDT,184.748,219.9,184.747,2.2,184.749,77.2,184.753,7.7
1753769388346,06:09:48.346,bitget,SOL/USDT:USDT,184.748,219.9,184.747,2.2,184.749,27.0,184.754,80.5
1753769388496,06:09:48.496,bitget,SOL/USDT:USDT,184.748,219.9,184.747,2.2,184.749,27.0,184.754,80.5
1753769388646,06:09:48.646,bitget,SOL/USDT:USDT,184.748,343.9,184.747,2.2,184.749,183.5,184.754,80.5
1753769388796,06:09:48.796,bitget,SOL/USDT:USDT,184.748,343.9,184.747,2.2,184.749,183.5,184.754,80.5
1753769388946,06:09:48.946,bitget,SOL/USDT:USDT,184.748,343.9,184.747,2.2,184.749,183.5,184.754,80.5
1753769389096,06:09:49.096,bitget,SOL/USDT:USDT,184.748,343.9,184.747,2.2,184.749,183.5,184.754,80.5
1753769389246,06:09:49.246,bitget,SOL/USDT:USDT,184.748,306.4,184.747,2.2,184.749,183.5,184.754,80.5
1753769389546,06:09:49.546,bitget,SOL/USDT:USDT,184.748,306.4,184.747,2.2,184.749,183.5,184.754,80.5
1753769389697,06:09:49.697,bitget,SOL/USDT:USDT,184.748,306.4,184.747,2.2,184.749,183.5,184.754,80.5
1753769389846,06:09:49.846,bitget,SOL/USDT:USDT,184.755,1002.8,184.754,309.3,184.756,94.2,184.766,47.9
1753769389997,06:09:49.997,bitget,SOL/USDT:USDT,184.775,6.3,184.774,6.2,184.776,292.9,184.779,270.9
1753769390146,06:09:50.146,bitget,SOL/USDT:USDT,184.775,967.5,184.772,23.3,184.779,24.7,184.786,495.3
1753769390296,06:09:50.296,bitget,SOL/USDT:USDT,184.778,497.5,184.776,314.3,184.779,28.6,184.785,139.1
1753769390447,06:09:50.447,bitget,SOL/USDT:USDT,184.778,489.8,184.776,10.8,184.779,196.7,184.785,139.1
1753769390597,06:09:50.597,bitget,SOL/USDT:USDT,184.778,487.3,184.776,10.8,184.779,209.1,184.783,4.3
1753769390747,06:09:50.747,bitget,SOL/USDT:USDT,184.778,490.7,184.776,10.8,184.779,209.1,184.784,47.6
1753769390898,06:09:50.898,bitget,SOL/USDT:USDT,184.778,490.7,184.776,10.8,184.779,209.1,184.784,20.6
1753769391047,06:09:51.047,bitget,SOL/USDT:USDT,184.778,490.7,184.776,10.8,184.779,209.1,184.786,11.8
1753769391348,06:09:51.348,bitget,SOL/USDT:USDT,184.778,490.7,184.776,91.7,184.779,209.1,184.786,2.0
1753769391499,06:09:51.499,bitget,SOL/USDT:USDT,184.778,490.7,184.776,10.8,184.779,209.1,184.786,65.0
1753769391651,06:09:51.651,bitget,SOL/USDT:USDT,184.778,490.7,184.776,10.8,184.779,220.7,184.785,33.7
1753769391801,06:09:51.801,bitget,SOL/USDT:USDT,184.778,469.1,184.776,10.8,184.779,220.7,184.785,33.7
1753769391952,06:09:51.952,bitget,SOL/USDT:USDT,184.778,469.1,184.776,10.8,184.779,220.7,184.785,33.7
1753769392104,06:09:52.104,bitget,SOL/USDT:USDT,184.778,201.8,184.776,10.8,184.779,225.0,184.784,4.3
1753769392256,06:09:52.256,bitget,SOL/USDT:USDT,184.778,26.3,184.775,204.4,184.779,225.0,184.782,0.1
1753769392411,06:09:52.411,bitget,SOL/USDT:USDT,184.778,20.0,184.775,2.2,184.779,757.9,184.78,51.7
1753769392560,06:09:52.560,bitget,SOL/USDT:USDT,184.778,20.0,184.755,80.4,184.779,788.0,184.78,27.0
1753769392713,06:09:52.713,bitget,SOL/USDT:USDT,184.778,20.1,184.755,80.4,184.779,787.9,184.78,27.0
1753769392864,06:09:52.864,bitget,SOL/USDT:USDT,184.778,20.1,184.755,80.4,184.779,787.9,184.78,27.0
1753769393014,06:09:53.014,bitget,SOL/USDT:USDT,184.731,20.1,184.73,495.3,184.743,0.5,184.744,0.5
1753769393317,06:09:53.317,bitget,SOL/USDT:USDT,184.725,15.2,184.716,10.9,184.726,112.1,184.727,232.0
1753769393467,06:09:53.467,bitget,SOL/USDT:USDT,184.725,15.0,184.716,10.9,184.726,349.0,184.727,390.9
1753769393620,06:09:53.620,bitget,SOL/USDT:USDT,184.725,10.8,184.716,10.9,184.726,1128.1,184.727,770.5
1753769393770,06:09:53.770,bitget,SOL/USDT:USDT,184.725,10.8,184.716,10.9,184.726,1149.3,184.727,747.2
1753769393925,06:09:53.925,bitget,SOL/USDT:USDT,184.716,10.9,184.698,8.3,184.717,641.7,184.718,36.1
1753769394074,06:09:54.074,bitget,SOL/USDT:USDT,184.716,10.9,184.698,8.3,184.717,1196.7,184.724,2.5
1753769394228,06:09:54.228,bitget,SOL/USDT:USDT,184.698,16.8,184.694,2.2,184.699,571.1,184.701,24.8
1753769394379,06:09:54.379,bitget,SOL/USDT:USDT,184.698,173.3,184.691,124.0,184.699,727.6,184.701,24.8
1753769394530,06:09:54.530,bitget,SOL/USDT:USDT,184.698,308.1,184.691,124.0,184.699,727.6,184.702,24.8
1753769394680,06:09:54.680,bitget,SOL/USDT:USDT,184.699,117.1,184.698,492.4,184.716,903.1,184.717,3.4
1753769394830,06:09:54.830,bitget,SOL/USDT:USDT,184.716,459.5,184.715,467.3,184.717,46.7,184.725,318.6
1753769394985,06:09:54.985,bitget,SOL/USDT:USDT,184.724,83.0,184.72,99.0,184.727,156.0,184.728,495.3
1753769395137,06:09:55.137,bitget,SOL/USDT:USDT,184.727,164.0,184.726,334.2,184.731,24.8,184.734,391.9
1753769395288,06:09:55.288,bitget,SOL/USDT:USDT,184.73,755.0,184.729,21.6,184.731,24.8,184.734,38.3
1753769395442,06:09:55.442,bitget,SOL/USDT:USDT,184.735,33.0,184.733,74.0,184.741,24.8,184.743,227.0
1753769395593,06:09:55.593,bitget,SOL/USDT:USDT,184.74,563.0,184.736,75.0,184.741,24.8,184.743,148.6
1753769395743,06:09:55.743,bitget,SOL/USDT:USDT,184.74,79.4,184.73,94.6,184.741,196.8,184.743,229.0
1753769395896,06:09:55.896,bitget,SOL/USDT:USDT,184.74,48.0,184.73,94.6,184.741,196.8,184.743,229.0
1753769396048,06:09:56.048,bitget,SOL/USDT:USDT,184.74,30.0,184.73,94.6,184.741,196.8,184.743,229.0
1753769396200,06:09:56.200,bitget,SOL/USDT:USDT,184.74,30.0,184.73,94.6,184.741,196.8,184.743,358.7
