timestamp,time,exchange,symbol,bid1_price,bid1_volume,bid2_price,bid2_volume,ask1_price,ask1_volume,ask2_price,ask2_volume
1753769554201,06:12:34.201,okxus,XRP/USDT:USDT,3.1417,245.01,3.1416,58.42,3.1418,4.57,3.1419,0.82
1753769554901,06:12:34.901,okxus,XRP/USDT:USDT,3.1417,288.78,3.1416,77.77,3.1418,2.97,3.1419,0.79
1753769555001,06:12:35.001,okxus,XRP/USDT:USDT,3.1417,288.8,3.1416,77.77,3.1418,0.44,3.1419,0.79
1753769555201,06:12:35.201,okxus,XRP/USDT:USDT,3.1417,287.11,3.1416,75.87,3.1418,3.45,3.1419,0.79
1753769555301,06:12:35.301,okxus,XRP/USDT:USDT,3.1417,309.85,3.1416,56.31,3.1418,3.46,3.1419,0.79
1753769555401,06:12:35.401,okxus,XRP/USDT:USDT,3.1417,313.7,3.1416,56.31,3.1418,3.46,3.1419,0.79
1753769555601,06:12:35.601,okxus,XRP/USDT:USDT,3.1421,2.78,3.142,1.65,3.1422,111.52,3.1423,30.86
1753769555701,06:12:35.701,okxus,XRP/USDT:USDT,3.1421,3.28,3.142,1.65,3.1422,114.55,3.1423,30.86
1753769555801,06:12:35.801,okxus,XRP/USDT:USDT,3.1421,3.28,3.142,9.45,3.1422,114.46,3.1423,28.5
1753769555901,06:12:35.901,okxus,XRP/USDT:USDT,3.1421,8.44,3.142,9.45,3.1422,114.46,3.1423,39.27
1753769556001,06:12:36.001,okxus,XRP/USDT:USDT,3.1421,30.44,3.142,9.45,3.1422,114.51,3.1423,39.27
1753769556101,06:12:36.101,okxus,XRP/USDT:USDT,3.1421,30.71,3.142,8.29,3.1422,114.52,3.1423,39.27
1753769556701,06:12:36.701,okxus,XRP/USDT:USDT,3.1421,81.92,3.142,8.26,3.1422,80.34,3.1423,39.27
1753769557001,06:12:37.001,okxus,XRP/USDT:USDT,3.1421,84.41,3.142,8.26,3.1422,80.34,3.1423,39.27
1753769557101,06:12:37.101,okxus,XRP/USDT:USDT,3.1421,84.41,3.142,10.13,3.1422,80.34,3.1423,39.27
1753769557601,06:12:37.601,okxus,XRP/USDT:USDT,3.1421,105.92,3.142,8.26,3.1422,89.94,3.1423,39.27
1753769558001,06:12:38.001,okxus,XRP/USDT:USDT,3.1421,112.85,3.142,10.13,3.1422,101.78,3.1423,39.27
1753769558101,06:12:38.101,okxus,XRP/USDT:USDT,3.1421,111.36,3.142,10.13,3.1422,101.78,3.1423,39.27
1753769558201,06:12:38.201,okxus,XRP/USDT:USDT,3.1421,109.1,3.142,10.13,3.1422,101.78,3.1423,39.27
1753769558301,06:12:38.301,okxus,XRP/USDT:USDT,3.1421,106.11,3.142,8.26,3.1422,114.65,3.1423,56.26
1753769558401,06:12:38.401,okxus,XRP/USDT:USDT,3.1421,106.32,3.142,8.26,3.1422,130.44,3.1423,56.26
1753769558501,06:12:38.501,okxus,XRP/USDT:USDT,3.1421,106.43,3.142,9.94,3.1422,130.41,3.1423,56.26
1753769558601,06:12:38.601,okxus,XRP/USDT:USDT,3.1421,108.11,3.142,9.94,3.1422,129.92,3.1423,56.26
1753769558701,06:12:38.701,okxus,XRP/USDT:USDT,3.1421,108.11,3.142,9.94,3.1422,129.92,3.1423,56.26
1753769558801,06:12:38.801,okxus,XRP/USDT:USDT,3.1421,106.43,3.142,8.26,3.1422,129.92,3.1423,56.26
1753769558901,06:12:38.901,okxus,XRP/USDT:USDT,3.1421,106.43,3.142,8.26,3.1422,129.92,3.1423,56.26
1753769559001,06:12:39.001,okxus,XRP/USDT:USDT,3.1421,106.43,3.142,9.84,3.1422,129.92,3.1423,56.26
1753769559201,06:12:39.201,okxus,XRP/USDT:USDT,3.1421,106.43,3.142,9.84,3.1422,129.92,3.1423,56.26
1753769559401,06:12:39.401,okxus,XRP/USDT:USDT,3.1421,132.16,3.142,0.01,3.1422,168.61,3.1423,79.57
1753769559501,06:12:39.501,okxus,XRP/USDT:USDT,3.1421,132.16,3.142,0.01,3.1422,150.4,3.1423,77.99
1753769559601,06:12:39.601,okxus,XRP/USDT:USDT,3.1421,132.17,3.142,1.59,3.1422,150.41,3.1423,77.04
1753769559701,06:12:39.701,okxus,XRP/USDT:USDT,3.1421,132.17,3.142,1.59,3.1422,158.69,3.1423,77.04
1753769559901,06:12:39.901,okxus,XRP/USDT:USDT,3.1421,132.17,3.142,1.59,3.1422,158.44,3.1423,77.04
1753769560001,06:12:40.001,okxus,XRP/USDT:USDT,3.1421,136.11,3.142,1.59,3.1422,158.44,3.1423,77.04
1753769560201,06:12:40.201,okxus,XRP/USDT:USDT,3.1421,136.8,3.142,1.59,3.1422,158.45,3.1423,77.04
1753769560301,06:12:40.301,okxus,XRP/USDT:USDT,3.1421,134.34,3.142,1.49,3.1422,155.97,3.1423,77.04
1753769560401,06:12:40.401,okxus,XRP/USDT:USDT,3.1421,134.53,3.142,1.49,3.1422,155.85,3.1423,77.04
1753769560601,06:12:40.601,okxus,XRP/USDT:USDT,3.1421,133.06,3.142,0.01,3.1422,155.66,3.1423,77.04
1753769560801,06:12:40.801,okxus,XRP/USDT:USDT,3.1421,133.06,3.142,0.01,3.1422,155.66,3.1423,77.04
1753769560901,06:12:40.901,okxus,XRP/USDT:USDT,3.1421,133.06,3.142,0.01,3.1422,155.66,3.1423,77.04
1753769561001,06:12:41.001,okxus,XRP/USDT:USDT,3.1421,133.06,3.142,0.01,3.1422,155.66,3.1423,77.04
1753769561101,06:12:41.101,okxus,XRP/USDT:USDT,3.1421,133.06,3.142,0.01,3.1422,155.66,3.1423,77.04
1753769561201,06:12:41.201,okxus,XRP/USDT:USDT,3.1421,133.06,3.142,0.01,3.1422,156.98,3.1423,78.36
1753769561301,06:12:41.301,okxus,XRP/USDT:USDT,3.1421,133.06,3.142,0.01,3.1422,156.99,3.1423,79.19
1753769561401,06:12:41.401,okxus,XRP/USDT:USDT,3.1421,136.5,3.142,0.01,3.1422,113.94,3.1423,77.04
1753769561601,06:12:41.601,okxus,XRP/USDT:USDT,3.1421,136.5,3.142,0.01,3.1422,115.8,3.1423,77.04
1753769561701,06:12:41.701,okxus,XRP/USDT:USDT,3.1421,136.5,3.142,0.01,3.1422,106.17,3.1423,77.04
1753769561801,06:12:41.801,okxus,XRP/USDT:USDT,3.1421,136.5,3.142,1.44,3.1422,105.93,3.1423,77.04
1753769561901,06:12:41.901,okxus,XRP/USDT:USDT,3.1421,136.5,3.142,1.44,3.1422,103.63,3.1423,77.04
1753769562001,06:12:42.001,okxus,XRP/USDT:USDT,3.1421,138.06,3.142,2.3,3.1422,103.63,3.1423,77.04
1753769562101,06:12:42.101,okxus,XRP/USDT:USDT,3.1421,138.24,3.142,1.44,3.1422,103.64,3.1423,77.04
1753769562201,06:12:42.201,okxus,XRP/USDT:USDT,3.1421,137.02,3.142,2.3,3.1422,103.64,3.1423,77.04
1753769563408,06:12:43.408,okxus,XRP/USDT:USDT,3.1421,138.34,3.142,1.36,3.1422,68.89,3.1423,77.04
1753769563508,06:12:43.508,okxus,XRP/USDT:USDT,3.1421,137.24,3.142,0.01,3.1422,98.86,3.1423,77.04
1753769563902,06:12:43.902,okxus,XRP/USDT:USDT,3.1421,138.5,3.142,1.28,3.1422,99.04,3.1423,77.04
1753769564002,06:12:44.002,okxus,XRP/USDT:USDT,3.1421,137.26,3.142,0.01,3.1422,99.04,3.1423,77.04
1753769564102,06:12:44.102,okxus,XRP/USDT:USDT,3.1421,137.63,3.142,0.01,3.1422,99.03,3.1423,77.04
1753769564202,06:12:44.202,okxus,XRP/USDT:USDT,3.1421,137.87,3.142,0.01,3.1422,99.03,3.1423,77.04
1753769564302,06:12:44.302,okxus,XRP/USDT:USDT,3.1421,137.87,3.142,0.01,3.1422,99.03,3.1423,77.04
1753769564802,06:12:44.802,okxus,XRP/USDT:USDT,3.1421,139.49,3.142,0.01,3.1422,98.16,3.1423,77.04
1753769565002,06:12:45.002,okxus,XRP/USDT:USDT,3.1421,139.28,3.142,0.01,3.1422,97.71,3.1423,77.04
1753769565502,06:12:45.502,okxus,XRP/USDT:USDT,3.1421,142.36,3.142,0.01,3.1422,95.45,3.1423,77.04
1753769565702,06:12:45.702,okxus,XRP/USDT:USDT,3.1421,142.37,3.142,0.01,3.1422,95.45,3.1423,77.04
1753769565802,06:12:45.802,okxus,XRP/USDT:USDT,3.1421,142.48,3.142,0.01,3.1422,94.02,3.1423,77.04
1753769566202,06:12:46.202,okxus,XRP/USDT:USDT,3.1421,142.97,3.142,0.01,3.1422,94.59,3.1423,77.04
1753769566502,06:12:46.502,okxus,XRP/USDT:USDT,3.1421,142.52,3.142,0.01,3.1422,94.16,3.1423,77.04
1753769566902,06:12:46.902,okxus,XRP/USDT:USDT,3.1421,137.49,3.142,0.01,3.1422,95.24,3.1423,77.04
1753769567002,06:12:47.002,okxus,XRP/USDT:USDT,3.1421,137.49,3.142,0.01,3.1422,95.24,3.1423,77.87
1753769567502,06:12:47.502,okxus,XRP/USDT:USDT,3.1421,143.41,3.142,0.01,3.1422,95.23,3.1423,77.04
1753769567802,06:12:47.802,okxus,XRP/USDT:USDT,3.1421,143.13,3.142,0.01,3.1422,93.79,3.1423,77.04
1753769567902,06:12:47.902,okxus,XRP/USDT:USDT,3.1421,143.13,3.142,0.01,3.1422,94.95,3.1423,77.04
1753769568202,06:12:48.202,okxus,XRP/USDT:USDT,3.1421,143.35,3.142,0.01,3.1422,94.95,3.1423,77.04
1753769568302,06:12:48.302,okxus,XRP/USDT:USDT,3.1421,142.84,3.142,0.01,3.1422,94.95,3.1423,77.04
1753769569002,06:12:49.002,okxus,XRP/USDT:USDT,3.1421,142.61,3.142,0.01,3.1422,85.69,3.1423,77.04
1753769569102,06:12:49.102,okxus,XRP/USDT:USDT,3.1421,142.61,3.142,0.46,3.1422,86.23,3.1423,77.04
1753769569202,06:12:49.202,okxus,XRP/USDT:USDT,3.1421,142.61,3.142,0.46,3.1422,86.01,3.1423,77.04
1753769569402,06:12:49.402,okxus,XRP/USDT:USDT,3.1421,142.59,3.142,0.46,3.1422,86.01,3.1423,77.04
1753769569502,06:12:49.502,okxus,XRP/USDT:USDT,3.1421,142.84,3.142,0.46,3.1422,86.01,3.1423,77.04
1753769569602,06:12:49.602,okxus,XRP/USDT:USDT,3.1421,142.6,3.142,0.46,3.1422,87.37,3.1423,77.04
1753769569702,06:12:49.702,okxus,XRP/USDT:USDT,3.1421,144.4,3.142,0.46,3.1422,87.37,3.1423,77.04
1753769569802,06:12:49.802,okxus,XRP/USDT:USDT,3.1421,144.39,3.142,0.46,3.1422,87.35,3.1423,77.04
1753769569902,06:12:49.902,okxus,XRP/USDT:USDT,3.1421,144.52,3.142,0.46,3.1422,86.87,3.1423,77.04
1753769570302,06:12:50.302,okxus,XRP/USDT:USDT,3.1421,142.44,3.142,0.46,3.1422,75.52,3.1423,77.04
1753769570602,06:12:50.602,okxus,XRP/USDT:USDT,3.1421,142.21,3.142,0.46,3.1422,75.3,3.1423,77.04
1753769570802,06:12:50.802,okxus,XRP/USDT:USDT,3.1421,142.21,3.142,0.46,3.1422,75.07,3.1423,77.04
1753769571102,06:12:51.102,okxus,XRP/USDT:USDT,3.1421,142.21,3.142,1.25,3.1422,73.21,3.1423,77.8
1753769571202,06:12:51.202,okxus,XRP/USDT:USDT,3.1421,142.21,3.142,1.25,3.1422,73.21,3.1423,77.8
1753769571302,06:12:51.302,okxus,XRP/USDT:USDT,3.1421,142.22,3.142,1.25,3.1422,73.21,3.1423,77.8
1753769571602,06:12:51.602,okxus,XRP/USDT:USDT,3.1421,141.6,3.142,1.25,3.1422,72.73,3.1423,77.8
1753769572302,06:12:52.302,okxus,XRP/USDT:USDT,3.1421,141.8,3.142,1.25,3.1422,72.45,3.1423,73.47
1753769572602,06:12:52.602,okxus,XRP/USDT:USDT,3.1425,27.66,3.1424,8.25,3.1426,111.68,3.1427,21.21
1753769572902,06:12:52.902,okxus,XRP/USDT:USDT,3.1424,40.84,3.1423,12.98,3.1425,232.16,3.1426,60.31
1753769573002,06:12:53.002,okxus,XRP/USDT:USDT,3.1424,72.84,3.1423,12.98,3.1425,215.75,3.1426,60.31
1753769573302,06:12:53.302,okxus,XRP/USDT:USDT,3.1424,77.15,3.1423,12.98,3.1425,215.9,3.1426,60.31
1753769573502,06:12:53.502,okxus,XRP/USDT:USDT,3.1424,171.3,3.1423,37.55,3.1425,227.84,3.1426,60.31
1753769573802,06:12:53.802,okxus,XRP/USDT:USDT,3.1424,194.88,3.1423,37.55,3.1425,115.69,3.1426,60.31
1753769574002,06:12:54.002,okxus,XRP/USDT:USDT,3.1424,167.97,3.1423,35.31,3.1425,107.64,3.1426,60.31
1753769574102,06:12:54.102,okxus,XRP/USDT:USDT,3.1424,167.97,3.1423,21.35,3.1425,107.63,3.1426,60.31
1753769574202,06:12:54.202,okxus,XRP/USDT:USDT,3.1424,152.61,3.1423,13.01,3.1425,107.69,3.1426,60.31
1753769574602,06:12:54.602,okxus,XRP/USDT:USDT,3.1424,168.52,3.1423,33.73,3.1425,94.64,3.1426,59.55
1753769574902,06:12:54.902,okxus,XRP/USDT:USDT,3.1424,152.61,3.1423,33.15,3.1425,78.15,3.1426,60.31
1753769575002,06:12:55.002,okxus,XRP/USDT:USDT,3.1424,180.65,3.1423,33.15,3.1425,78.16,3.1426,60.31
1753769575202,06:12:55.202,okxus,XRP/USDT:USDT,3.1424,168.54,3.1423,13.77,3.1425,78.15,3.1426,60.31
1753769575302,06:12:55.302,okxus,XRP/USDT:USDT,3.1424,167.38,3.1423,13.77,3.1425,78.15,3.1426,60.31
1753769575402,06:12:55.402,okxus,XRP/USDT:USDT,3.1424,180.91,3.1423,33.15,3.1425,77.9,3.1426,60.31
1753769575502,06:12:55.502,okxus,XRP/USDT:USDT,3.1424,180.92,3.1423,33.15,3.1425,43.36,3.1426,60.31
1753769575602,06:12:55.602,okxus,XRP/USDT:USDT,3.1424,168.81,3.1423,13.77,3.1425,47.68,3.1426,60.31
1753769575802,06:12:55.802,okxus,XRP/USDT:USDT,3.1424,169.42,3.1423,13.77,3.1425,47.68,3.1426,59.55
1753769575902,06:12:55.902,okxus,XRP/USDT:USDT,3.1424,170.61,3.1423,31.42,3.1425,47.41,3.1426,59.55
1753769576202,06:12:56.202,okxus,XRP/USDT:USDT,3.1424,170.19,3.1423,19.53,3.1425,47.41,3.1426,59.55
1753769576302,06:12:56.302,okxus,XRP/USDT:USDT,3.1424,170.19,3.1423,13.77,3.1425,47.41,3.1426,59.55
1753769576902,06:12:56.902,okxus,XRP/USDT:USDT,3.1424,135.12,3.1423,13.77,3.1425,136.37,3.1426,98.26
1753769577102,06:12:57.102,okxus,XRP/USDT:USDT,3.1424,130.79,3.1423,12.98,3.1425,136.37,3.1426,99.02
1753769577202,06:12:57.202,okxus,XRP/USDT:USDT,3.1424,139.99,3.1423,12.98,3.1425,96.61,3.1426,89.43
1753769577302,06:12:57.302,okxus,XRP/USDT:USDT,3.1424,158.25,3.1423,12.98,3.1425,110.02,3.1426,93.48
1753769577402,06:12:57.402,okxus,XRP/USDT:USDT,3.1424,168.22,3.1423,12.98,3.1425,96.61,3.1426,85.1
1753769577602,06:12:57.602,okxus,XRP/USDT:USDT,3.1424,168.22,3.1423,12.98,3.1425,108.54,3.1426,85.1
1753769577702,06:12:57.702,okxus,XRP/USDT:USDT,3.1424,168.22,3.1423,12.98,3.1425,108.54,3.1426,80.07
1753769577802,06:12:57.802,okxus,XRP/USDT:USDT,3.1424,168.22,3.1423,21.36,3.1425,108.28,3.1426,80.07
1753769577902,06:12:57.902,okxus,XRP/USDT:USDT,3.1424,168.34,3.1423,17.57,3.1425,108.28,3.1426,80.07
1753769578002,06:12:58.002,okxus,XRP/USDT:USDT,3.1424,168.63,3.1423,17.57,3.1425,108.28,3.1426,80.07
1753769578202,06:12:58.202,okxus,XRP/USDT:USDT,3.1424,168.84,3.1423,25.23,3.1425,108.28,3.1426,80.07
1753769578302,06:12:58.302,okxus,XRP/USDT:USDT,3.1424,176.5,3.1423,25.23,3.1425,101.11,3.1426,80.07
1753769578402,06:12:58.402,okxus,XRP/USDT:USDT,3.1424,197.05,3.1423,25.23,3.1425,94.93,3.1426,80.07
1753769578502,06:12:58.502,okxus,XRP/USDT:USDT,3.1424,192.46,3.1423,25.23,3.1425,94.68,3.1426,80.07
1753769578602,06:12:58.602,okxus,XRP/USDT:USDT,3.1424,191.81,3.1423,24.2,3.1425,94.9,3.1426,80.07
1753769578902,06:12:58.902,okxus,XRP/USDT:USDT,3.1424,191.51,3.1423,23.9,3.1425,66.38,3.1426,80.07
1753769579102,06:12:59.102,okxus,XRP/USDT:USDT,3.1424,184.8,3.1423,17.19,3.1425,66.41,3.1426,80.07
1753769579202,06:12:59.202,okxus,XRP/USDT:USDT,3.1424,195.54,3.1423,23.72,3.1425,66.41,3.1426,80.07
1753769579402,06:12:59.402,okxus,XRP/USDT:USDT,3.1424,195.65,3.1423,24.51,3.1425,62.26,3.1426,79.31
1753769579502,06:12:59.502,okxus,XRP/USDT:USDT,3.1424,196.24,3.1423,24.51,3.1425,42.39,3.1426,59.67
1753769579602,06:12:59.602,okxus,XRP/USDT:USDT,3.1424,196.2,3.1423,24.51,3.1425,42.39,3.1426,59.67
1753769579702,06:12:59.702,okxus,XRP/USDT:USDT,3.1424,196.2,3.1423,24.51,3.1425,5.62,3.1426,47.01
1753769579802,06:12:59.802,okxus,XRP/USDT:USDT,3.1424,217.33,3.1423,44.92,3.1425,2.71,3.1426,10.61
1753769579902,06:12:59.902,okxus,XRP/USDT:USDT,3.1424,217.33,3.1423,45.87,3.1425,2.38,3.1426,1.15
1753769580002,06:13:00.002,okxus,XRP/USDT:USDT,3.1424,217.46,3.1423,45.87,3.1425,2.36,3.1426,1.15
1753769580102,06:13:00.102,okxus,XRP/USDT:USDT,3.1424,217.46,3.1423,45.87,3.1425,2.36,3.1426,1.15
1753769580202,06:13:00.202,okxus,XRP/USDT:USDT,3.1424,217.21,3.1423,45.87,3.1425,2.36,3.1426,1.15
1753769580302,06:13:00.302,okxus,XRP/USDT:USDT,3.1424,217.27,3.1423,45.9,3.1425,2.23,3.1426,1.15
1753769580502,06:13:00.502,okxus,XRP/USDT:USDT,3.1424,217.17,3.1423,45.9,3.1425,1.49,3.1426,1.15
1753769580602,06:13:00.602,okxus,XRP/USDT:USDT,3.1425,152.31,3.1424,214.45,3.1426,1.37,3.1427,34.58
1753769580902,06:13:00.902,okxus,XRP/USDT:USDT,3.1425,152.03,3.1424,199.92,3.1426,1.37,3.1427,34.58
1753769581002,06:13:01.002,okxus,XRP/USDT:USDT,3.1425,152.03,3.1424,199.92,3.1426,1.38,3.1427,34.58
1753769581202,06:13:01.202,okxus,XRP/USDT:USDT,3.1425,163.07,3.1424,199.92,3.1426,1.37,3.1427,34.58
1753769581302,06:13:01.302,okxus,XRP/USDT:USDT,3.1425,167.03,3.1424,181.77,3.1426,1.37,3.1427,34.58
1753769581402,06:13:01.402,okxus,XRP/USDT:USDT,3.1425,118.71,3.1424,121.53,3.1426,69.82,3.1427,46.3
1753769581502,06:13:01.502,okxus,XRP/USDT:USDT,3.1425,164.26,3.1424,70.89,3.1426,64.34,3.1427,46.26
1753769581602,06:13:01.602,okxus,XRP/USDT:USDT,3.1425,173.41,3.1424,70.89,3.1426,61.18,3.1427,42.58
1753769581702,06:13:01.702,okxus,XRP/USDT:USDT,3.1425,196.41,3.1424,49.97,3.1426,52.98,3.1427,42.58
1753769581802,06:13:01.802,okxus,XRP/USDT:USDT,3.1425,217.86,3.1424,53.43,3.1426,45.81,3.1427,38.58
1753769582002,06:13:02.002,okxus,XRP/USDT:USDT,3.1425,217.94,3.1424,50.25,3.1426,36.4,3.1427,38.58
1753769582102,06:13:02.102,okxus,XRP/USDT:USDT,3.1425,217.75,3.1424,50.25,3.1426,38.88,3.1427,38.58
1753769582202,06:13:02.202,okxus,XRP/USDT:USDT,3.1425,217.98,3.1424,50.25,3.1426,38.88,3.1427,38.58
1753769582302,06:13:02.302,okxus,XRP/USDT:USDT,3.1425,217.66,3.1424,50.25,3.1426,48.07,3.1427,38.58
1753769582402,06:13:02.402,okxus,XRP/USDT:USDT,3.1425,217.65,3.1424,50.25,3.1426,4.12,3.1427,31.41
1753769582502,06:13:02.502,okxus,XRP/USDT:USDT,3.1425,195.56,3.1424,43.14,3.1426,91.79,3.1427,38.58
1753769582602,06:13:02.602,okxus,XRP/USDT:USDT,3.1425,196.32,3.1424,43.14,3.1426,92.04,3.1427,38.58
1753769582702,06:13:02.702,okxus,XRP/USDT:USDT,3.1425,196.32,3.1424,43.14,3.1426,92.09,3.1427,38.58
1753769582802,06:13:02.802,okxus,XRP/USDT:USDT,3.1425,195.69,3.1424,43.14,3.1426,91.85,3.1427,38.58
1753769582902,06:13:02.902,okxus,XRP/USDT:USDT,3.1425,200.39,3.1424,47.84,3.1426,61.85,3.1427,38.58
1753769583002,06:13:03.002,okxus,XRP/USDT:USDT,3.1425,200.39,3.1424,47.84,3.1426,61.85,3.1427,38.58
1753769583202,06:13:03.202,okxus,XRP/USDT:USDT,3.1425,180.89,3.1424,43.14,3.1426,72.73,3.1427,45.45
1753769583368,06:13:03.368,okxus,XRP/USDT:USDT,3.1425,180.82,3.1424,33.14,3.1426,72.03,3.1427,66.65
1753769583408,06:13:03.408,okxus,XRP/USDT:USDT,3.1425,176.8,3.1424,33.14,3.1426,74.97,3.1427,85.39
1753769583508,06:13:03.508,okxus,XRP/USDT:USDT,3.1425,181.83,3.1424,33.14,3.1426,64.45,3.1427,82.45
1753769583608,06:13:03.608,okxus,XRP/USDT:USDT,3.1425,176.8,3.1424,32.9,3.1426,75.31,3.1427,82.45
1753769583908,06:13:03.908,okxus,XRP/USDT:USDT,3.1425,134.18,3.1424,24.64,3.1426,163.52,3.1427,92.17
1753769584108,06:13:04.108,okxus,XRP/USDT:USDT,3.1425,134.07,3.1424,24.39,3.1426,175.47,3.1427,92.17
1753769585108,06:13:05.108,okxus,XRP/USDT:USDT,3.1425,134.29,3.1424,23.88,3.1426,191.81,3.1427,91.39
1753769585208,06:13:05.208,okxus,XRP/USDT:USDT,3.1425,134.29,3.1424,23.88,3.1426,191.85,3.1427,91.39
1753769585308,06:13:05.308,okxus,XRP/USDT:USDT,3.1425,134.29,3.1424,23.88,3.1426,186.22,3.1427,91.39
1753769585408,06:13:05.408,okxus,XRP/USDT:USDT,3.1425,134.95,3.1424,23.88,3.1426,184.34,3.1427,88.79
1753769585508,06:13:05.508,okxus,XRP/USDT:USDT,3.1425,134.97,3.1424,23.88,3.1426,172.06,3.1427,90.86
1753769585908,06:13:05.908,okxus,XRP/USDT:USDT,3.1425,162.59,3.1424,26.94,3.1426,41.12,3.1427,63.38
1753769586008,06:13:06.008,okxus,XRP/USDT:USDT,3.1425,162.43,3.1424,26.94,3.1426,45.27,3.1427,63.38
1753769586208,06:13:06.208,okxus,XRP/USDT:USDT,3.1425,165.57,3.1424,26.76,3.1426,45.31,3.1427,63.38
1753769586408,06:13:06.408,okxus,XRP/USDT:USDT,3.1425,165.36,3.1424,26.53,3.1426,75.31,3.1427,91.62
1753769586808,06:13:06.808,okxus,XRP/USDT:USDT,3.1426,82.23,3.1425,175.88,3.1427,52.57,3.1428,46.63
1753769586908,06:13:06.908,okxus,XRP/USDT:USDT,3.1426,82.17,3.1425,173.6,3.1427,58.05,3.1428,72.53
1753769587108,06:13:07.108,okxus,XRP/USDT:USDT,3.1426,14.99,3.1425,156.42,3.1427,148.52,3.1428,76.75
1753769587208,06:13:07.208,okxus,XRP/USDT:USDT,3.1425,156.42,3.1424,29.33,3.1426,97.87,3.1427,205.2
1753769587508,06:13:07.508,okxus,XRP/USDT:USDT,3.1425,140.44,3.1424,23.43,3.1426,126.51,3.1427,205.96
1753769587608,06:13:07.608,okxus,XRP/USDT:USDT,3.1425,139.97,3.1424,23.15,3.1426,131.93,3.1427,211.07
1753769587708,06:13:07.708,okxus,XRP/USDT:USDT,3.1425,139.97,3.1424,23.15,3.1426,132.09,3.1427,211.07
1753769588108,06:13:08.108,okxus,XRP/USDT:USDT,3.1425,139.96,3.1424,22.9,3.1426,140.41,3.1427,208.62
1753769588208,06:13:08.208,okxus,XRP/USDT:USDT,3.1425,98.71,3.1424,22.9,3.1426,140.71,3.1427,208.62
1753769588408,06:13:08.408,okxus,XRP/USDT:USDT,3.1425,145.97,3.1424,22.68,3.1426,149.91,3.1427,209.38
1753769588508,06:13:08.508,okxus,XRP/USDT:USDT,3.1425,127.59,3.1424,22.45,3.1426,161.84,3.1427,209.38
1753769588608,06:13:08.608,okxus,XRP/USDT:USDT,3.1425,147.29,3.1424,22.45,3.1426,155.49,3.1427,205.45
1753769588908,06:13:08.908,okxus,XRP/USDT:USDT,3.1425,147.29,3.1424,22.45,3.1426,154.87,3.1427,202.15
1753769589008,06:13:09.008,okxus,XRP/USDT:USDT,3.1425,147.29,3.1424,22.45,3.1426,159.52,3.1427,206.8
1753769589108,06:13:09.108,okxus,XRP/USDT:USDT,3.1425,147.29,3.1424,22.45,3.1426,154.87,3.1427,207.56
1753769589308,06:13:09.308,okxus,XRP/USDT:USDT,3.1425,147.29,3.1424,22.45,3.1426,144.25,3.1427,207.56
1753769589708,06:13:09.708,okxus,XRP/USDT:USDT,3.1425,146.6,3.1424,22.45,3.1426,144.26,3.1427,207.56
1753769590308,06:13:10.308,okxus,XRP/USDT:USDT,3.1425,146.6,3.1424,22.45,3.1426,147.28,3.1427,207.56
1753769590408,06:13:10.408,okxus,XRP/USDT:USDT,3.1425,147.11,3.1424,22.06,3.1426,144.37,3.1427,207.56
1753769590508,06:13:10.508,okxus,XRP/USDT:USDT,3.1425,151.61,3.1424,22.06,3.1426,144.37,3.1427,204.65
1753769591608,06:13:11.608,okxus,XRP/USDT:USDT,3.1425,121.13,3.1424,22.06,3.1426,215.95,3.1427,145.87
1753769591708,06:13:11.708,okxus,XRP/USDT:USDT,3.1425,121.13,3.1424,22.06,3.1426,219.6,3.1427,145.87
1753769591808,06:13:11.808,okxus,XRP/USDT:USDT,3.1425,121.13,3.1424,22.06,3.1426,219.6,3.1427,145.87
1753769591908,06:13:11.908,okxus,XRP/USDT:USDT,3.1425,121.13,3.1424,22.06,3.1426,231.53,3.1427,145.87
1753769592008,06:13:12.008,okxus,XRP/USDT:USDT,3.1425,121.13,3.1424,22.06,3.1426,231.53,3.1427,145.87
1753769592408,06:13:12.408,okxus,XRP/USDT:USDT,3.1425,122.55,3.1424,22.06,3.1426,230.13,3.1427,144.96
1753769592608,06:13:12.608,okxus,XRP/USDT:USDT,3.1425,122.55,3.1424,22.06,3.1426,226.48,3.1427,144.96
1753769593008,06:13:13.008,okxus,XRP/USDT:USDT,3.1425,122.55,3.1424,22.06,3.1426,227.11,3.1427,141.31
1753769594208,06:13:14.208,okxus,XRP/USDT:USDT,3.1412,151.57,3.1411,4.58,3.1413,10.02,3.1414,90.65
1753769594308,06:13:14.308,okxus,XRP/USDT:USDT,3.1412,151.57,3.1411,1.25,3.1413,21.81,3.1414,90.65
1753769595208,06:13:15.208,okxus,XRP/USDT:USDT,3.1412,55.09,3.1411,1.2,3.1413,93.25,3.1414,96.97
1753769595308,06:13:15.308,okxus,XRP/USDT:USDT,3.1411,1.11,3.141,33.98,3.1412,351.03,3.1413,116.19
1753769595408,06:13:15.408,okxus,XRP/USDT:USDT,3.1411,1.11,3.141,0.18,3.1412,363.52,3.1413,119.64
1753769595608,06:13:15.608,okxus,XRP/USDT:USDT,3.1411,1.13,3.141,0.08,3.1412,373.97,3.1413,123.37
1753769595808,06:13:15.808,okxus,XRP/USDT:USDT,3.1411,1.13,3.141,0.08,3.1412,385.6,3.1413,119.37
1753769596008,06:13:16.008,okxus,XRP/USDT:USDT,3.1411,1.13,3.141,0.08,3.1412,383.2,3.1413,122.38
1753769596108,06:13:16.108,okxus,XRP/USDT:USDT,3.1411,1.13,3.141,0.08,3.1412,382.53,3.1413,118.47
1753769596308,06:13:16.308,okxus,XRP/USDT:USDT,3.1411,1.13,3.141,0.08,3.1412,357.94,3.1413,122.38
1753769596408,06:13:16.408,okxus,XRP/USDT:USDT,3.1411,1.13,3.141,0.08,3.1412,346.01,3.1413,122.38
1753769596708,06:13:16.708,okxus,XRP/USDT:USDT,3.1411,1.13,3.141,0.08,3.1412,347.87,3.1413,122.38
1753769597008,06:13:17.008,okxus,XRP/USDT:USDT,3.1411,1.12,3.141,0.08,3.1412,365.5,3.1413,122.26
1753769597808,06:13:17.808,okxus,XRP/USDT:USDT,3.1411,3.52,3.141,0.08,3.1412,362.38,3.1413,118.8
1753769598008,06:13:18.008,okxus,XRP/USDT:USDT,3.1411,3.52,3.141,0.08,3.1412,360.34,3.1413,119.53
1753769598208,06:13:18.208,okxus,XRP/USDT:USDT,3.1411,3.52,3.141,0.08,3.1412,360.58,3.1413,119.29
1753769598308,06:13:18.308,okxus,XRP/USDT:USDT,3.1411,3.51,3.141,0.08,3.1412,363.0,3.1413,116.87
1753769598808,06:13:18.808,okxus,XRP/USDT:USDT,3.1402,73.03,3.1401,23.94,3.1403,75.86,3.1404,63.81
1753769599008,06:13:19.008,okxus,XRP/USDT:USDT,3.1402,73.03,3.1401,23.94,3.1403,43.92,3.1404,43.08
1753769600108,06:13:20.108,okxus,XRP/USDT:USDT,3.1402,80.95,3.1401,23.94,3.1403,39.23,3.1404,54.04
1753769600308,06:13:20.308,okxus,XRP/USDT:USDT,3.1402,80.95,3.1401,23.94,3.1403,43.34,3.1404,54.04
1753769600408,06:13:20.408,okxus,XRP/USDT:USDT,3.1402,65.03,3.1401,23.94,3.1403,38.11,3.1404,56.82
1753769600608,06:13:20.608,okxus,XRP/USDT:USDT,3.1402,65.03,3.1401,23.94,3.1403,47.7,3.1404,54.04
1753769600808,06:13:20.808,okxus,XRP/USDT:USDT,3.141,203.11,3.1409,112.37,3.1411,25.51,3.1412,88.02
1753769600908,06:13:20.908,okxus,XRP/USDT:USDT,3.141,40.28,3.1409,67.83,3.1411,51.39,3.1412,95.82
1753769601108,06:13:21.108,okxus,XRP/USDT:USDT,3.141,65.47,3.1409,63.9,3.1411,9.71,3.1412,108.68
1753769601708,06:13:21.708,okxus,XRP/USDT:USDT,3.141,60.91,3.1409,44.6,3.1411,22.52,3.1412,103.12
1753769601908,06:13:21.908,okxus,XRP/USDT:USDT,3.141,60.62,3.1409,44.6,3.1411,37.97,3.1412,127.32
1753769602008,06:13:22.008,okxus,XRP/USDT:USDT,3.141,78.92,3.1409,44.6,3.1411,23.01,3.1412,119.29
1753769602408,06:13:22.408,okxus,XRP/USDT:USDT,3.141,62.41,3.1409,34.83,3.1411,43.04,3.1412,145.45
1753769602708,06:13:22.708,okxus,XRP/USDT:USDT,3.141,62.41,3.1409,34.83,3.1411,43.24,3.1412,153.38
1753769603108,06:13:23.108,okxus,XRP/USDT:USDT,3.141,99.48,3.1409,67.53,3.1411,23.27,3.1412,116.73
1753769603308,06:13:23.308,okxus,XRP/USDT:USDT,3.141,150.29,3.1409,79.37,3.1411,5.55,3.1412,74.38
1753769603708,06:13:23.708,okxus,XRP/USDT:USDT,3.1413,89.97,3.1412,203.52,3.1414,3.37,3.1415,45.42
1753769603908,06:13:23.908,okxus,XRP/USDT:USDT,3.1413,18.56,3.1412,76.41,3.1414,88.99,3.1415,79.37
1753769604108,06:13:24.108,okxus,XRP/USDT:USDT,3.1413,54.47,3.1412,87.99,3.1414,48.37,3.1415,79.37
1753769604208,06:13:24.208,okxus,XRP/USDT:USDT,3.1413,47.23,3.1412,87.99,3.1414,48.37,3.1415,70.5
1753769604508,06:13:24.508,okxus,XRP/USDT:USDT,3.1413,47.16,3.1412,80.75,3.1414,48.38,3.1415,70.5
1753769604708,06:13:24.708,okxus,XRP/USDT:USDT,3.1413,42.88,3.1412,76.41,3.1414,48.39,3.1415,70.5
1753769604808,06:13:24.808,okxus,XRP/USDT:USDT,3.1413,42.88,3.1412,76.41,3.1414,48.39,3.1415,70.5
1753769605308,06:13:25.308,okxus,XRP/USDT:USDT,3.1413,54.15,3.1412,83.45,3.1414,51.81,3.1415,81.66
1753769605808,06:13:25.808,okxus,XRP/USDT:USDT,3.1413,110.32,3.1412,87.67,3.1414,7.41,3.1416,15.8
1753769606008,06:13:26.008,okxus,XRP/USDT:USDT,3.1413,103.28,3.1412,87.67,3.1414,7.48,3.1416,30.05
1753769606708,06:13:26.708,okxus,XRP/USDT:USDT,3.1413,153.06,3.1412,146.06,3.1414,7.49,3.1416,0.07
1753769606908,06:13:26.908,okxus,XRP/USDT:USDT,3.1417,141.35,3.1416,102.8,3.1418,0.21,3.1419,0.86
1753769607608,06:13:27.608,okxus,XRP/USDT:USDT,3.1418,105.87,3.1417,80.79,3.1419,9.21,3.142,29.0
1753769607908,06:13:27.908,okxus,XRP/USDT:USDT,3.1418,92.67,3.1417,70.96,3.1419,17.78,3.142,29.0
1753769608108,06:13:28.108,okxus,XRP/USDT:USDT,3.1418,112.82,3.1417,70.96,3.1419,9.31,3.142,29.0
1753769608308,06:13:28.308,okxus,XRP/USDT:USDT,3.1418,112.57,3.1417,70.91,3.1419,9.31,3.142,29.0
1753769608408,06:13:28.408,okxus,XRP/USDT:USDT,3.1418,110.17,3.1417,76.79,3.1419,9.35,3.142,29.0
1753769608508,06:13:28.508,okxus,XRP/USDT:USDT,3.1418,110.17,3.1417,70.91,3.1419,12.87,3.142,29.0
1753769608808,06:13:28.808,okxus,XRP/USDT:USDT,3.1418,58.78,3.1417,67.38,3.1419,71.89,3.142,51.28
1753769608908,06:13:28.908,okxus,XRP/USDT:USDT,3.1418,58.78,3.1417,67.38,3.1419,75.42,3.142,51.72
1753769609008,06:13:29.008,okxus,XRP/USDT:USDT,3.1418,46.12,3.1417,67.38,3.1419,75.42,3.142,51.72
1753769609108,06:13:29.108,okxus,XRP/USDT:USDT,3.1418,46.12,3.1417,67.38,3.1419,75.43,3.142,64.38
1753769609308,06:13:29.308,okxus,XRP/USDT:USDT,3.1418,49.07,3.1417,67.38,3.1419,71.9,3.142,64.38
1753769609508,06:13:29.508,okxus,XRP/USDT:USDT,3.1418,58.27,3.1417,67.38,3.1419,72.14,3.142,64.38
1753769609608,06:13:29.608,okxus,XRP/USDT:USDT,3.1418,58.27,3.1417,67.38,3.1419,81.65,3.142,62.43
1753769609808,06:13:29.808,okxus,XRP/USDT:USDT,3.1418,58.27,3.1417,67.38,3.1419,65.48,3.142,58.9
1753769610308,06:13:30.308,okxus,XRP/USDT:USDT,3.1418,40.6,3.1417,67.38,3.1419,92.11,3.142,79.39
1753769610508,06:13:30.508,okxus,XRP/USDT:USDT,3.1418,49.98,3.1417,67.38,3.1419,73.17,3.142,79.39
1753769610908,06:13:30.908,okxus,XRP/USDT:USDT,3.1418,88.18,3.1417,75.81,3.1419,16.3,3.142,39.25
1753769611208,06:13:31.208,okxus,XRP/USDT:USDT,3.1418,93.86,3.1417,80.75,3.1419,8.19,3.142,39.25
1753769611608,06:13:31.608,okxus,XRP/USDT:USDT,3.1418,93.51,3.1417,80.75,3.1419,8.74,3.142,39.25
1753769612308,06:13:32.308,okxus,XRP/USDT:USDT,3.1418,70.27,3.1417,73.84,3.1419,41.9,3.142,39.25
1753769612708,06:13:32.708,okxus,XRP/USDT:USDT,3.1418,71.19,3.1417,67.38,3.1419,48.88,3.142,58.42
1753769612908,06:13:32.908,okxus,XRP/USDT:USDT,3.1418,71.19,3.1417,67.38,3.1419,23.36,3.142,55.94
1753769613008,06:13:33.008,okxus,XRP/USDT:USDT,3.1418,71.19,3.1417,67.38,3.1419,23.36,3.142,55.94
1753769613308,06:13:33.308,okxus,XRP/USDT:USDT,3.1418,76.22,3.1417,69.81,3.1419,19.23,3.142,43.18
1753769613508,06:13:33.508,okxus,XRP/USDT:USDT,3.1418,73.89,3.1417,69.81,3.1419,19.18,3.142,43.18
1753769613808,06:13:33.808,okxus,XRP/USDT:USDT,3.1418,73.89,3.1417,69.81,3.1419,30.62,3.142,58.89
1753769614108,06:13:34.108,okxus,XRP/USDT:USDT,3.1418,36.09,3.1416,27.83,3.1419,127.17,3.142,111.6
1753769614708,06:13:34.708,okxus,XRP/USDT:USDT,3.1413,15.33,3.1412,73.11,3.1414,243.95,3.1415,99.23
1753769615208,06:13:35.208,okxus,XRP/USDT:USDT,3.1415,94.14,3.1414,64.76,3.1416,32.3,3.1417,89.15
1753769615308,06:13:35.308,okxus,XRP/USDT:USDT,3.1415,98.13,3.1414,64.76,3.1416,27.48,3.1417,89.15
1753769615508,06:13:35.508,okxus,XRP/USDT:USDT,3.1415,94.2,3.1414,64.76,3.1416,5.33,3.1417,89.15
1753769615908,06:13:35.908,okxus,XRP/USDT:USDT,3.1415,46.63,3.1414,44.9,3.1416,76.24,3.1417,124.48
1753769616108,06:13:36.108,okxus,XRP/USDT:USDT,3.1415,46.63,3.1414,37.73,3.1416,91.74,3.1417,124.41
1753769616208,06:13:36.208,okxus,XRP/USDT:USDT,3.1415,84.6,3.1414,43.49,3.1416,30.45,3.1417,114.28
1753769616308,06:13:36.308,okxus,XRP/USDT:USDT,3.1415,90.36,3.1414,56.15,3.1416,13.49,3.1417,114.28
1753769616408,06:13:36.408,okxus,XRP/USDT:USDT,3.1415,84.6,3.1414,56.15,3.1416,13.49,3.1417,114.28
1753769616508,06:13:36.508,okxus,XRP/USDT:USDT,3.1415,84.6,3.1414,50.39,3.1416,13.8,3.1417,114.28
1753769616608,06:13:36.608,okxus,XRP/USDT:USDT,3.1415,84.6,3.1414,50.39,3.1416,20.23,3.1417,120.04
1753769616808,06:13:36.808,okxus,XRP/USDT:USDT,3.1415,84.6,3.1414,50.39,3.1416,20.23,3.1417,120.04
1753769616908,06:13:36.908,okxus,XRP/USDT:USDT,3.1415,84.6,3.1414,50.39,3.1416,29.48,3.1417,118.67
1753769617108,06:13:37.108,okxus,XRP/USDT:USDT,3.1415,84.81,3.1414,50.39,3.1416,16.63,3.1417,112.91
1753769617508,06:13:37.508,okxus,XRP/USDT:USDT,3.1415,61.8,3.1414,37.73,3.1416,91.19,3.1417,129.38
1753769618108,06:13:38.108,okxus,XRP/USDT:USDT,3.1415,48.29,3.1414,34.12,3.1416,77.89,3.1417,131.54
1753769619208,06:13:39.208,okxus,XRP/USDT:USDT,3.1415,86.65,3.1414,56.11,3.1416,10.05,3.1417,48.21
1753769619608,06:13:39.608,okxus,XRP/USDT:USDT,3.1415,86.9,3.1414,60.04,3.1416,10.22,3.1417,48.21
1753769619908,06:13:39.908,okxus,XRP/USDT:USDT,3.1415,84.33,3.1414,57.88,3.1416,21.62,3.1417,63.92
1753769620108,06:13:40.108,okxus,XRP/USDT:USDT,3.1415,84.09,3.1414,57.88,3.1416,10.08,3.1417,55.38
1753769620208,06:13:40.208,okxus,XRP/USDT:USDT,3.1415,84.09,3.1414,57.88,3.1416,10.08,3.1417,48.21
1753769620308,06:13:40.308,okxus,XRP/USDT:USDT,3.1415,84.09,3.1414,57.88,3.1416,10.3,3.1417,50.28
1753769620608,06:13:40.608,okxus,XRP/USDT:USDT,3.1415,84.25,3.1414,57.88,3.1416,10.93,3.1417,51.67
1753769620908,06:13:40.908,okxus,XRP/USDT:USDT,3.1415,116.6,3.1414,71.36,3.1416,10.93,3.1418,0.06
1753769621008,06:13:41.008,okxus,XRP/USDT:USDT,3.1415,116.86,3.1414,71.36,3.1416,10.93,3.1418,0.06
1753769621608,06:13:41.608,okxus,XRP/USDT:USDT,3.1415,103.48,3.1414,71.36,3.1416,11.12,3.1418,36.85
1753769622508,06:13:42.508,okxus,XRP/USDT:USDT,3.1415,69.62,3.1414,65.83,3.1416,59.29,3.1417,60.08
1753769622808,06:13:42.808,okxus,XRP/USDT:USDT,3.1415,69.62,3.1414,61.9,3.1416,47.52,3.1417,44.23
1753769623008,06:13:43.008,okxus,XRP/USDT:USDT,3.1415,91.07,3.1414,67.43,3.1416,11.35,3.1417,35.69
1753769623608,06:13:43.608,okxus,XRP/USDT:USDT,3.1415,98.37,3.1414,63.97,3.1416,12.61,3.1418,34.34
1753769623808,06:13:43.808,okxus,XRP/USDT:USDT,3.1415,70.12,3.1414,61.9,3.1416,60.78,3.1417,65.63
1753769624008,06:13:44.008,okxus,XRP/USDT:USDT,3.1415,70.12,3.1414,61.9,3.1416,52.24,3.1417,63.56
1753769624208,06:13:44.208,okxus,XRP/USDT:USDT,3.1415,70.12,3.1414,61.9,3.1416,48.78,3.1417,60.1
1753769624408,06:13:44.408,okxus,XRP/USDT:USDT,3.1415,94.24,3.1414,67.43,3.1416,12.61,3.1418,47.0
1753769624908,06:13:44.908,okxus,XRP/USDT:USDT,3.1415,106.0,3.1414,71.36,3.1416,12.61,3.1418,36.42
1753769625108,06:13:45.108,okxus,XRP/USDT:USDT,3.1415,106.0,3.1414,71.36,3.1416,9.55,3.1418,36.42
1753769625608,06:13:45.608,okxus,XRP/USDT:USDT,3.1415,94.72,3.1414,71.36,3.1416,12.03,3.1418,48.44
1753769625708,06:13:45.708,okxus,XRP/USDT:USDT,3.1415,94.75,3.1414,71.36,3.1416,12.03,3.1418,48.44
1753769625808,06:13:45.808,okxus,XRP/USDT:USDT,3.1415,94.75,3.1414,71.36,3.1416,12.03,3.1418,40.78
1753769626008,06:13:46.008,okxus,XRP/USDT:USDT,3.1415,94.75,3.1414,71.36,3.1416,12.01,3.1418,40.78
1753769626208,06:13:46.208,okxus,XRP/USDT:USDT,3.1415,94.75,3.1414,71.36,3.1416,12.01,3.1418,40.78
1753769626308,06:13:46.308,okxus,XRP/USDT:USDT,3.1415,94.75,3.1414,71.36,3.1416,12.01,3.1418,40.78
1753769626408,06:13:46.408,okxus,XRP/USDT:USDT,3.1415,94.73,3.1414,71.36,3.1416,12.01,3.1418,40.78
1753769626508,06:13:46.508,okxus,XRP/USDT:USDT,3.1415,92.73,3.1414,71.46,3.1416,12.01,3.1418,40.78
1753769626808,06:13:46.808,okxus,XRP/USDT:USDT,3.1415,117.65,3.1414,131.51,3.1416,12.86,3.1418,0.04
1753769627208,06:13:47.208,okxus,XRP/USDT:USDT,3.1418,119.61,3.1417,130.97,3.1419,1.94,3.142,23.96
1753769627308,06:13:47.308,okxus,XRP/USDT:USDT,3.1418,120.02,3.1417,127.11,3.1419,1.94,3.142,23.96
1753769627608,06:13:47.608,okxus,XRP/USDT:USDT,3.1418,134.98,3.1417,130.36,3.1419,1.18,3.142,23.96
1753769627708,06:13:47.708,okxus,XRP/USDT:USDT,3.1418,134.96,3.1417,130.36,3.1419,1.18,3.142,0.5
1753769627808,06:13:47.808,okxus,XRP/USDT:USDT,3.1418,134.8,3.1417,130.36,3.1419,13.07,3.142,0.47
1753769628108,06:13:48.108,okxus,XRP/USDT:USDT,3.1418,131.64,3.1417,138.96,3.1419,1.25,3.142,0.47
1753769628908,06:13:48.908,okxus,XRP/USDT:USDT,3.1419,188.72,3.1418,134.05,3.142,0.54,3.1421,0.12
1753769629108,06:13:49.108,okxus,XRP/USDT:USDT,3.1419,188.72,3.1418,134.05,3.142,0.55,3.1421,0.12
1753769629308,06:13:49.308,okxus,XRP/USDT:USDT,3.1419,185.32,3.1418,131.47,3.142,0.55,3.1421,0.12
1753769629408,06:13:49.408,okxus,XRP/USDT:USDT,3.1419,187.54,3.1418,133.93,3.142,0.63,3.1421,0.12
1753769629808,06:13:49.808,okxus,XRP/USDT:USDT,3.1417,36.2,3.1416,7.83,3.1418,249.19,3.1419,214.45
1753769630008,06:13:50.008,okxus,XRP/USDT:USDT,3.1417,35.02,3.1416,7.83,3.1418,249.19,3.1419,138.15
1753769630108,06:13:50.108,okxus,XRP/USDT:USDT,3.1417,47.68,3.1416,9.02,3.1418,81.94,3.1419,112.98
1753769630308,06:13:50.308,okxus,XRP/USDT:USDT,3.1417,47.68,3.1416,9.02,3.1418,81.95,3.1419,112.98
1753769630508,06:13:50.508,okxus,XRP/USDT:USDT,3.1417,81.96,3.1416,11.38,3.1418,42.53,3.1419,83.08
1753769630608,06:13:50.608,okxus,XRP/USDT:USDT,3.1417,81.96,3.1416,8.63,3.1418,42.53,3.1419,83.08
1753769630708,06:13:50.708,okxus,XRP/USDT:USDT,3.1419,77.56,3.1418,129.82,3.142,46.93,3.1421,3.79
1753769631108,06:13:51.108,okxus,XRP/USDT:USDT,3.1419,25.33,3.1418,70.67,3.142,78.58,3.1421,21.17
1753769631308,06:13:51.308,okxus,XRP/USDT:USDT,3.1419,25.86,3.1418,70.67,3.142,82.39,3.1421,50.84
1753769631408,06:13:51.408,okxus,XRP/USDT:USDT,3.1419,25.86,3.1418,70.67,3.142,84.43,3.1421,52.88
1753769631508,06:13:51.508,okxus,XRP/USDT:USDT,3.1419,25.88,3.1418,66.74,3.142,75.89,3.1421,52.88
1753769631708,06:13:51.708,okxus,XRP/USDT:USDT,3.1419,43.5,3.1418,71.92,3.142,53.97,3.1421,47.44
1753769631908,06:13:51.908,okxus,XRP/USDT:USDT,3.1419,43.5,3.1418,72.5,3.142,53.97,3.1421,47.44
1753769632008,06:13:52.008,okxus,XRP/USDT:USDT,3.1419,38.54,3.1418,69.4,3.142,53.98,3.1421,47.44
1753769632308,06:13:52.308,okxus,XRP/USDT:USDT,3.1419,38.54,3.1418,67.54,3.142,73.05,3.1421,52.29
1753769633008,06:13:53.008,okxus,XRP/USDT:USDT,3.1415,88.79,3.1414,12.39,3.1416,5.51,3.1417,89.62
1753769633108,06:13:53.108,okxus,XRP/USDT:USDT,3.1415,89.1,3.1414,12.39,3.1416,5.51,3.1417,89.62
1753769633208,06:13:53.208,okxus,XRP/USDT:USDT,3.1415,89.54,3.1414,12.39,3.1416,5.51,3.1417,89.62
1753769633308,06:13:53.308,okxus,XRP/USDT:USDT,3.1415,89.37,3.1414,12.39,3.1416,6.56,3.1417,89.62
1753769633508,06:13:53.508,okxus,XRP/USDT:USDT,3.1415,84.26,3.1414,8.22,3.1416,16.59,3.1417,94.15
1753769633608,06:13:53.608,okxus,XRP/USDT:USDT,3.1415,84.26,3.1414,12.57,3.1416,25.59,3.1417,89.62
1753769633808,06:13:53.808,okxus,XRP/USDT:USDT,3.1415,68.34,3.1414,8.22,3.1416,25.17,3.1417,89.62
1753769633908,06:13:53.908,okxus,XRP/USDT:USDT,3.1415,68.32,3.1414,8.22,3.1416,57.72,3.1417,92.17
1753769634108,06:13:54.108,okxus,XRP/USDT:USDT,3.1415,37.33,3.1414,8.22,3.1416,100.71,3.1417,93.7
1753769634408,06:13:54.408,okxus,XRP/USDT:USDT,3.1415,37.3,3.1414,9.41,3.1416,96.68,3.1417,93.61
1753769634508,06:13:54.508,okxus,XRP/USDT:USDT,3.1415,38.52,3.1414,13.4,3.1416,71.17,3.1417,89.62
1753769634908,06:13:54.908,okxus,XRP/USDT:USDT,3.1415,50.03,3.1414,13.4,3.1416,32.42,3.1417,89.62
1753769635608,06:13:55.608,okxus,XRP/USDT:USDT,3.1415,74.32,3.1414,16.45,3.1416,5.3,3.1417,89.62
1753769635908,06:13:55.908,okxus,XRP/USDT:USDT,3.1415,74.32,3.1414,29.11,3.1416,4.54,3.1417,89.62
1753769636308,06:13:56.308,okxus,XRP/USDT:USDT,3.1418,104.59,3.1417,66.39,3.1419,0.48,3.142,1.45
1753769636408,06:13:56.408,okxus,XRP/USDT:USDT,3.1419,175.75,3.1418,80.03,3.142,0.45,3.1421,0.15
1753769637008,06:13:57.008,okxus,XRP/USDT:USDT,3.1419,154.2,3.1418,55.0,3.142,0.53,3.1421,30.12
1753769637808,06:13:57.808,okxus,XRP/USDT:USDT,3.1421,32.03,3.142,109.87,3.1422,61.7,3.1423,49.46
1753769637908,06:13:57.908,okxus,XRP/USDT:USDT,3.1421,32.03,3.142,109.87,3.1422,61.7,3.1423,51.52
1753769638008,06:13:58.008,okxus,XRP/USDT:USDT,3.1421,32.03,3.142,109.87,3.1422,61.7,3.1423,51.52
1753769638308,06:13:58.308,okxus,XRP/USDT:USDT,3.1421,61.41,3.142,127.33,3.1422,41.29,3.1423,4.11
1753769638508,06:13:58.508,okxus,XRP/USDT:USDT,3.1421,64.39,3.142,125.27,3.1422,50.54,3.1423,6.17
1753769638608,06:13:58.608,okxus,XRP/USDT:USDT,3.1421,64.37,3.142,125.27,3.1422,53.11,3.1423,6.17
1753769639108,06:13:59.108,okxus,XRP/USDT:USDT,3.1421,138.53,3.142,164.29,3.1422,1.42,3.1423,0.08
1753769639708,06:13:59.708,okxus,XRP/USDT:USDT,3.1421,132.26,3.142,164.69,3.1422,1.46,3.1423,0.08
1753769640008,06:14:00.008,okxus,XRP/USDT:USDT,3.1421,121.97,3.142,156.45,3.1422,1.26,3.1423,0.08
1753769640308,06:14:00.308,okxus,XRP/USDT:USDT,3.1421,34.44,3.142,68.19,3.1422,53.48,3.1423,27.62
1753769641808,06:14:01.808,okxus,XRP/USDT:USDT,3.1421,104.92,3.142,137.73,3.1422,2.79,3.1423,0.1
1753769642308,06:14:02.308,okxus,XRP/USDT:USDT,3.1421,58.73,3.142,128.62,3.1422,24.14,3.1423,30.05
1753769642408,06:14:02.408,okxus,XRP/USDT:USDT,3.1421,76.47,3.142,131.55,3.1422,4.22,3.1423,0.1
1753769642908,06:14:02.908,okxus,XRP/USDT:USDT,3.1421,86.42,3.142,128.62,3.1422,4.53,3.1423,0.1
1753769643608,06:14:03.608,okxus,XRP/USDT:USDT,3.1422,141.74,3.1421,58.79,3.1423,25.09,3.1424,54.6
1753769643708,06:14:03.708,okxus,XRP/USDT:USDT,3.1422,109.27,3.1421,64.7,3.1423,44.49,3.1424,54.47
1753769643908,06:14:03.908,okxus,XRP/USDT:USDT,3.1422,109.27,3.1421,64.7,3.1423,39.03,3.1424,36.89
1753769644208,06:14:04.208,okxus,XRP/USDT:USDT,3.1422,96.39,3.1421,64.64,3.1423,38.74,3.1424,36.89
1753769644308,06:14:04.308,okxus,XRP/USDT:USDT,3.1422,96.39,3.1421,66.45,3.1423,38.74,3.1424,36.89
1753769644408,06:14:04.408,okxus,XRP/USDT:USDT,3.1422,96.39,3.1421,63.56,3.1423,40.55,3.1424,38.7
1753769644508,06:14:04.508,okxus,XRP/USDT:USDT,3.1422,102.24,3.1421,64.76,3.1423,38.74,3.1424,36.89
1753769644708,06:14:04.708,okxus,XRP/USDT:USDT,3.1422,99.34,3.1421,64.75,3.1423,38.97,3.1424,36.89
1753769644808,06:14:04.808,okxus,XRP/USDT:USDT,3.1422,101.15,3.1421,64.75,3.1423,38.97,3.1424,43.62
1753769645108,06:14:05.108,okxus,XRP/USDT:USDT,3.1422,99.34,3.1421,62.62,3.1423,54.86,3.1424,43.62
1753769645208,06:14:05.208,okxus,XRP/USDT:USDT,3.1422,100.27,3.1421,60.97,3.1423,53.39,3.1424,45.38
1753769645408,06:14:05.408,okxus,XRP/USDT:USDT,3.1422,100.27,3.1421,59.48,3.1423,45.16,3.1424,45.38
1753769645508,06:14:05.508,okxus,XRP/USDT:USDT,3.1422,117.21,3.1421,60.32,3.1423,2.16,3.1424,35.12
1753769645708,06:14:05.708,okxus,XRP/USDT:USDT,3.1422,118.92,3.1421,62.04,3.1423,0.99,3.1424,35.12
1753769645808,06:14:05.808,okxus,XRP/USDT:USDT,3.1422,116.15,3.1421,60.31,3.1423,0.99,3.1424,41.04
1753769646108,06:14:06.108,okxus,XRP/USDT:USDT,3.1422,101.24,3.1421,61.97,3.1423,20.91,3.1424,41.04
1753769646208,06:14:06.208,okxus,XRP/USDT:USDT,3.1422,101.24,3.1421,61.97,3.1423,20.91,3.1424,41.04
1753769646308,06:14:06.308,okxus,XRP/USDT:USDT,3.1422,102.9,3.1421,61.97,3.1423,20.91,3.1424,41.04
1753769646808,06:14:06.808,okxus,XRP/USDT:USDT,3.1424,187.98,3.1423,127.06,3.1425,2.6,3.1426,1.65
1753769647108,06:14:07.108,okxus,XRP/USDT:USDT,3.1424,214.27,3.1423,103.24,3.1425,2.62,3.1426,1.65
1753769647708,06:14:07.708,okxus,XRP/USDT:USDT,3.1424,238.13,3.1423,108.61,3.1425,2.34,3.1426,1.65
1753769648008,06:14:08.008,okxus,XRP/USDT:USDT,3.1425,260.95,3.1424,170.37,3.1426,1.73,3.1427,0.05
1753769648108,06:14:08.108,okxus,XRP/USDT:USDT,3.1425,258.95,3.1424,170.47,3.1426,1.73,3.1427,0.05
1753769648208,06:14:08.208,okxus,XRP/USDT:USDT,3.1425,261.4,3.1424,166.83,3.1426,1.73,3.1427,0.05
1753769648408,06:14:08.408,okxus,XRP/USDT:USDT,3.1425,261.44,3.1424,166.83,3.1426,1.73,3.1427,0.05
1753769648508,06:14:08.508,okxus,XRP/USDT:USDT,3.1425,261.44,3.1424,166.83,3.1426,1.73,3.1427,0.05
1753769648608,06:14:08.608,okxus,XRP/USDT:USDT,3.1425,263.44,3.1424,166.83,3.1426,1.97,3.1427,0.05
1753769648808,06:14:08.808,okxus,XRP/USDT:USDT,3.1425,263.64,3.1424,166.83,3.1426,1.97,3.1427,0.05
1753769648908,06:14:08.908,okxus,XRP/USDT:USDT,3.1425,263.64,3.1424,166.83,3.1426,1.97,3.1427,0.05
1753769649008,06:14:09.008,okxus,XRP/USDT:USDT,3.1425,266.64,3.1424,163.83,3.1426,1.97,3.1427,0.05
1753769649908,06:14:09.908,okxus,XRP/USDT:USDT,3.1425,219.25,3.1424,163.8,3.1426,2.06,3.1427,0.05
1753769650108,06:14:10.108,okxus,XRP/USDT:USDT,3.1425,222.57,3.1424,162.16,3.1426,3.57,3.1427,1.69
1753769650208,06:14:10.208,okxus,XRP/USDT:USDT,3.1425,221.26,3.1424,162.16,3.1426,3.57,3.1427,0.05
1753769650408,06:14:10.408,okxus,XRP/USDT:USDT,3.1425,217.05,3.1424,159.83,3.1426,3.57,3.1427,0.05
1753769650608,06:14:10.608,okxus,XRP/USDT:USDT,3.1425,205.28,3.1424,151.88,3.1426,3.77,3.1427,1.56
1753769651108,06:14:11.108,okxus,XRP/USDT:USDT,3.1425,225.56,3.1424,154.2,3.1426,3.47,3.1427,0.05
1753769651508,06:14:11.508,okxus,XRP/USDT:USDT,3.1425,230.78,3.1424,177.11,3.1426,3.47,3.1427,0.05
1753769651908,06:14:11.908,okxus,XRP/USDT:USDT,3.1425,241.5,3.1424,177.11,3.1426,3.47,3.1427,0.05
1753769652308,06:14:12.308,okxus,XRP/USDT:USDT,3.1425,242.67,3.1424,167.57,3.1426,3.47,3.1427,0.05
1753769652508,06:14:12.508,okxus,XRP/USDT:USDT,3.1425,242.67,3.1424,167.57,3.1426,3.47,3.1427,0.05
1753769652708,06:14:12.708,okxus,XRP/USDT:USDT,3.1425,252.21,3.1424,167.57,3.1426,3.47,3.1427,0.05
1753769652908,06:14:12.908,okxus,XRP/USDT:USDT,3.1425,252.24,3.1424,167.57,3.1426,3.47,3.1427,0.05
1753769653108,06:14:13.108,okxus,XRP/USDT:USDT,3.1425,252.24,3.1424,167.57,3.1426,3.47,3.1427,0.05
1753769653708,06:14:13.708,okxus,XRP/USDT:USDT,3.1427,140.22,3.1426,217.72,3.1428,4.4,3.1429,30.38
1753769653908,06:14:13.908,okxus,XRP/USDT:USDT,3.1427,140.22,3.1426,188.65,3.1428,4.4,3.1429,30.38
1753769654008,06:14:14.008,okxus,XRP/USDT:USDT,3.1427,117.47,3.1426,187.15,3.1428,4.4,3.1429,30.38
1753769654608,06:14:14.608,okxus,XRP/USDT:USDT,3.1427,119.51,3.1426,189.72,3.1428,31.74,3.1429,32.78
1753769654708,06:14:14.708,okxus,XRP/USDT:USDT,3.1427,59.94,3.1426,175.72,3.1428,45.27,3.1429,32.75
1753769655908,06:14:15.908,okxus,XRP/USDT:USDT,3.1427,91.8,3.1426,176.72,3.1428,5.97,3.1429,0.35
1753769656008,06:14:16.008,okxus,XRP/USDT:USDT,3.1427,91.8,3.1426,176.72,3.1428,5.97,3.1429,0.35
1753769656308,06:14:16.308,okxus,XRP/USDT:USDT,3.1427,64.23,3.1426,169.77,3.1428,44.1,3.1429,34.65
1753769656908,06:14:16.908,okxus,XRP/USDT:USDT,3.1427,93.55,3.1426,172.15,3.1428,8.07,3.1429,0.35
