timestamp,time,exchange,symbol,bid1_price,bid1_volume,bid2_price,bid2_volume,ask1_price,ask1_volume,ask2_price,ask2_volume
1753769554203,06:12:34.203,okxus,SOL/USDT:USDT,184.77,1144.62,184.76,1222.18,184.78,153.96,184.79,131.5
1753769554803,06:12:34.803,okxus,SOL/USDT:USDT,184.77,1192.37,184.76,1241.73,184.78,155.28,184.79,104.15
1753769555103,06:12:35.103,okxus,SOL/USDT:USDT,184.77,456.74,184.76,1114.75,184.78,404.66,184.79,109.31
1753769555803,06:12:35.803,okxus,SOL/USDT:USDT,184.77,130.02,184.76,624.79,184.78,596.94,184.79,200.5
1753769555903,06:12:35.903,okxus,SOL/USDT:USDT,184.77,130.02,184.76,624.79,184.78,597.75,184.79,200.5
1753769557803,06:12:37.803,okxus,SOL/USDT:USDT,184.76,603.67,184.75,802.13,184.77,470.61,184.78,374.32
1753769558103,06:12:38.103,okxus,SOL/USDT:USDT,184.76,583.39,184.75,786.15,184.77,534.29,184.78,374.32
1753769558603,06:12:38.603,okxus,SOL/USDT:USDT,184.76,399.45,184.75,802.05,184.77,473.97,184.78,374.32
1753769558703,06:12:38.703,okxus,SOL/USDT:USDT,184.76,399.45,184.75,802.05,184.77,473.18,184.78,374.32
1753769558903,06:12:38.903,okxus,SOL/USDT:USDT,184.76,435.66,184.75,802.05,184.77,309.33,184.78,374.32
1753769559103,06:12:39.103,okxus,SOL/USDT:USDT,184.76,678.52,184.75,802.05,184.77,205.95,184.78,362.32
1753769559203,06:12:39.203,okxus,SOL/USDT:USDT,184.76,662.59,184.75,802.07,184.77,205.99,184.78,362.32
1753769559303,06:12:39.303,okxus,SOL/USDT:USDT,184.76,679.44,184.75,802.07,184.77,205.63,184.78,362.32
1753769559403,06:12:39.403,okxus,SOL/USDT:USDT,184.76,299.44,184.75,785.32,184.77,456.26,184.78,362.32
1753769560472,06:12:40.472,okxus,SOL/USDT:USDT,184.76,683.39,184.75,788.85,184.77,106.51,184.78,256.82
1753769560502,06:12:40.502,okxus,SOL/USDT:USDT,184.76,705.04,184.75,788.85,184.77,106.5,184.78,256.75
1753769560603,06:12:40.603,okxus,SOL/USDT:USDT,184.76,758.81,184.75,788.87,184.77,19.01,184.78,256.75
1753769560703,06:12:40.703,okxus,SOL/USDT:USDT,184.76,758.88,184.75,788.87,184.77,19.14,184.78,247.81
1753769561103,06:12:41.103,okxus,SOL/USDT:USDT,184.78,751.1,184.77,798.01,184.79,581.88,184.8,209.01
1753769561203,06:12:41.203,okxus,SOL/USDT:USDT,184.78,402.67,184.77,748.01,184.79,682.69,184.8,309.02
1753769561403,06:12:41.403,okxus,SOL/USDT:USDT,184.78,244.47,184.77,516.44,184.79,682.7,184.8,390.01
1753769561503,06:12:41.503,okxus,SOL/USDT:USDT,184.78,244.47,184.77,516.44,184.79,681.89,184.8,390.01
1753769561603,06:12:41.603,okxus,SOL/USDT:USDT,184.78,244.83,184.77,516.44,184.79,681.89,184.8,390.01
1753769561703,06:12:41.703,okxus,SOL/USDT:USDT,184.78,244.83,184.77,516.44,184.79,490.12,184.8,384.72
1753769561803,06:12:41.803,okxus,SOL/USDT:USDT,184.78,428.83,184.77,516.44,184.79,435.37,184.8,384.72
1753769561903,06:12:41.903,okxus,SOL/USDT:USDT,184.78,435.64,184.77,516.44,184.79,515.04,184.8,384.72
1753769562203,06:12:42.203,okxus,SOL/USDT:USDT,184.78,445.28,184.77,506.01,184.79,351.71,184.8,384.72
1753769562303,06:12:42.303,okxus,SOL/USDT:USDT,184.78,444.99,184.77,506.01,184.79,352.48,184.8,384.72
1753769562403,06:12:42.403,okxus,SOL/USDT:USDT,184.78,445.11,184.77,506.01,184.79,352.48,184.8,384.72
1753769562503,06:12:42.503,okxus,SOL/USDT:USDT,184.78,445.11,184.77,506.01,184.79,351.65,184.8,384.72
1753769562603,06:12:42.603,okxus,SOL/USDT:USDT,184.78,445.11,184.77,506.01,184.79,351.65,184.8,384.72
1753769562703,06:12:42.703,okxus,SOL/USDT:USDT,184.78,445.11,184.77,506.01,184.79,354.62,184.8,389.04
1753769562903,06:12:42.903,okxus,SOL/USDT:USDT,184.78,439.01,184.77,506.01,184.79,354.55,184.8,389.22
1753769563003,06:12:43.003,okxus,SOL/USDT:USDT,184.78,439.01,184.77,506.01,184.79,353.82,184.8,389.22
1753769563103,06:12:43.103,okxus,SOL/USDT:USDT,184.78,439.01,184.77,506.01,184.79,353.82,184.8,389.22
1753769563303,06:12:43.303,okxus,SOL/USDT:USDT,184.78,439.03,184.77,506.01,184.79,356.59,184.8,389.6
1753769563403,06:12:43.403,okxus,SOL/USDT:USDT,184.78,256.2,184.77,506.01,184.79,356.71,184.8,389.6
1753769563603,06:12:43.603,okxus,SOL/USDT:USDT,184.78,256.45,184.77,506.01,184.79,357.61,184.8,389.6
1753769563703,06:12:43.703,okxus,SOL/USDT:USDT,184.78,256.45,184.77,506.01,184.79,357.61,184.8,389.6
1753769563903,06:12:43.903,okxus,SOL/USDT:USDT,184.78,257.32,184.77,506.01,184.79,357.61,184.8,389.6
1753769564003,06:12:44.003,okxus,SOL/USDT:USDT,184.78,257.34,184.77,506.01,184.79,357.61,184.8,389.44
1753769564503,06:12:44.503,okxus,SOL/USDT:USDT,184.78,441.42,184.77,510.37,184.79,357.73,184.8,387.28
1753769564803,06:12:44.803,okxus,SOL/USDT:USDT,184.78,449.2,184.77,510.35,184.79,342.14,184.8,385.12
1753769564903,06:12:44.903,okxus,SOL/USDT:USDT,184.78,449.25,184.77,510.35,184.79,328.52,184.8,385.12
1753769565103,06:12:45.103,okxus,SOL/USDT:USDT,184.78,613.69,184.77,520.93,184.79,268.17,184.8,385.12
1753769565203,06:12:45.203,okxus,SOL/USDT:USDT,184.78,701.66,184.77,595.79,184.79,90.38,184.8,15.68
1753769565303,06:12:45.303,okxus,SOL/USDT:USDT,184.78,546.96,184.77,608.37,184.79,316.83,184.8,231.81
1753769565703,06:12:45.703,okxus,SOL/USDT:USDT,184.78,561.93,184.77,623.27,184.79,274.78,184.8,240.91
1753769565903,06:12:45.903,okxus,SOL/USDT:USDT,184.78,595.33,184.77,623.27,184.79,146.64,184.8,233.15
1753769566003,06:12:46.003,okxus,SOL/USDT:USDT,184.78,633.07,184.77,623.27,184.79,148.16,184.8,233.15
1753769566103,06:12:46.103,okxus,SOL/USDT:USDT,184.78,653.37,184.77,623.27,184.79,148.16,184.8,233.15
1753769566203,06:12:46.203,okxus,SOL/USDT:USDT,184.78,653.39,184.77,623.27,184.79,148.16,184.8,233.15
1753769566303,06:12:46.303,okxus,SOL/USDT:USDT,184.78,653.4,184.77,623.27,184.79,148.16,184.8,233.15
1753769566603,06:12:46.603,okxus,SOL/USDT:USDT,184.78,638.56,184.77,612.66,184.79,151.52,184.8,236.63
1753769566903,06:12:46.903,okxus,SOL/USDT:USDT,184.78,649.25,184.77,623.37,184.79,179.06,184.8,245.18
1753769567003,06:12:47.003,okxus,SOL/USDT:USDT,184.78,596.7,184.77,619.08,184.79,377.84,184.8,245.18
1753769567103,06:12:47.103,okxus,SOL/USDT:USDT,184.78,618.37,184.77,623.37,184.79,166.3,184.8,245.18
1753769567203,06:12:47.203,okxus,SOL/USDT:USDT,184.78,622.66,184.77,623.37,184.79,166.3,184.8,245.18
1753769567403,06:12:47.403,okxus,SOL/USDT:USDT,184.78,685.48,184.77,885.83,184.79,9.22,184.8,20.5
1753769567503,06:12:47.503,okxus,SOL/USDT:USDT,184.78,685.49,184.77,885.83,184.79,9.44,184.8,20.5
1753769567603,06:12:47.603,okxus,SOL/USDT:USDT,184.78,688.21,184.77,885.83,184.79,9.44,184.8,20.5
1753769567703,06:12:47.703,okxus,SOL/USDT:USDT,184.78,688.22,184.77,723.47,184.79,9.44,184.8,20.5
1753769568003,06:12:48.003,okxus,SOL/USDT:USDT,184.78,688.26,184.77,626.07,184.79,9.44,184.8,204.5
1753769568103,06:12:48.103,okxus,SOL/USDT:USDT,184.78,688.09,184.77,626.07,184.79,9.44,184.8,204.5
1753769568203,06:12:48.203,okxus,SOL/USDT:USDT,184.78,688.09,184.77,626.07,184.79,9.44,184.8,204.5
1753769568403,06:12:48.403,okxus,SOL/USDT:USDT,184.78,686.13,184.77,626.89,184.79,94.62,184.8,199.02
1753769568503,06:12:48.503,okxus,SOL/USDT:USDT,184.78,686.13,184.77,626.89,184.79,94.62,184.8,199.02
1753769568703,06:12:48.703,okxus,SOL/USDT:USDT,184.78,690.41,184.77,789.25,184.79,9.35,184.8,15.02
1753769568803,06:12:48.803,okxus,SOL/USDT:USDT,184.78,690.42,184.77,789.25,184.79,9.35,184.8,15.02
1753769568903,06:12:48.903,okxus,SOL/USDT:USDT,184.79,1471.01,184.78,743.32,184.8,15.05,184.81,173.87
1753769569503,06:12:49.503,okxus,SOL/USDT:USDT,184.79,1515.66,184.78,585.82,184.8,4.21,184.81,102.71
1753769569603,06:12:49.603,okxus,SOL/USDT:USDT,184.79,1519.32,184.78,558.34,184.8,7.37,184.81,102.71
1753769570003,06:12:50.003,okxus,SOL/USDT:USDT,184.79,1505.05,184.78,558.34,184.8,7.77,184.81,102.74
1753769570103,06:12:50.103,okxus,SOL/USDT:USDT,184.79,1515.81,184.78,558.34,184.8,7.41,184.81,102.74
1753769570403,06:12:50.403,okxus,SOL/USDT:USDT,184.79,1339.86,184.78,554.07,184.8,107.83,184.81,158.18
1753769570903,06:12:50.903,okxus,SOL/USDT:USDT,184.79,1279.82,184.78,558.34,184.8,210.92,184.81,167.26
1753769571003,06:12:51.003,okxus,SOL/USDT:USDT,184.79,1279.83,184.78,558.34,184.8,394.9,184.81,167.26
1753769571303,06:12:51.303,okxus,SOL/USDT:USDT,184.79,1262.11,184.78,585.81,184.8,118.74,184.81,167.26
1753769571403,06:12:51.403,okxus,SOL/USDT:USDT,184.79,1272.72,184.78,515.89,184.8,93.14,184.81,111.82
1753769571503,06:12:51.503,okxus,SOL/USDT:USDT,184.79,1273.04,184.78,678.24,184.8,7.75,184.81,102.64
1753769571603,06:12:51.603,okxus,SOL/USDT:USDT,184.79,1273.04,184.78,678.24,184.8,7.75,184.81,102.64
1753769571903,06:12:51.903,okxus,SOL/USDT:USDT,184.79,1273.04,184.78,515.89,184.8,7.75,184.81,102.87
1753769572103,06:12:52.103,okxus,SOL/USDT:USDT,184.79,1274.85,184.78,678.24,184.8,7.39,184.81,102.87
1753769572203,06:12:52.203,okxus,SOL/USDT:USDT,184.79,1263.16,184.78,585.63,184.8,7.75,184.81,102.87
1753769572403,06:12:52.403,okxus,SOL/USDT:USDT,184.79,1278.86,184.78,585.63,184.8,95.59,184.81,102.87
1753769572503,06:12:52.503,okxus,SOL/USDT:USDT,184.79,1275.29,184.78,585.63,184.8,95.59,184.81,102.87
1753769572803,06:12:52.803,okxus,SOL/USDT:USDT,184.79,1279.56,184.78,585.56,184.8,9.78,184.81,102.87
1753769572903,06:12:52.903,okxus,SOL/USDT:USDT,184.79,1279.56,184.78,678.16,184.8,9.42,184.81,102.87
1753769573403,06:12:53.403,okxus,SOL/USDT:USDT,184.79,1279.31,184.78,515.81,184.8,9.42,184.81,10.67
1753769573503,06:12:53.503,okxus,SOL/USDT:USDT,184.79,1279.63,184.78,678.16,184.8,9.42,184.81,10.67
1753769573603,06:12:53.603,okxus,SOL/USDT:USDT,184.79,1279.63,184.78,678.16,184.8,9.42,184.81,10.65
1753769573703,06:12:53.703,okxus,SOL/USDT:USDT,184.79,1264.75,184.78,500.93,184.8,9.78,184.81,102.85
1753769573803,06:12:53.803,okxus,SOL/USDT:USDT,184.79,1264.75,184.78,500.93,184.8,97.64,184.81,102.85
1753769574003,06:12:54.003,okxus,SOL/USDT:USDT,184.79,1264.75,184.78,500.93,184.8,97.64,184.81,102.85
1753769574403,06:12:54.403,okxus,SOL/USDT:USDT,184.79,1122.44,184.78,500.91,184.8,97.62,184.81,158.29
1753769574603,06:12:54.603,okxus,SOL/USDT:USDT,184.79,934.71,184.78,563.81,184.8,217.96,184.81,168.5
1753769574703,06:12:54.703,okxus,SOL/USDT:USDT,184.79,944.46,184.78,578.69,184.8,217.9,184.81,168.5
1753769575603,06:12:55.603,okxus,SOL/USDT:USDT,184.79,859.64,184.78,551.22,184.8,189.79,184.81,168.5
1753769575703,06:12:55.703,okxus,SOL/USDT:USDT,184.79,859.64,184.78,551.22,184.8,189.79,184.81,168.5
1753769575903,06:12:55.903,okxus,SOL/USDT:USDT,184.79,859.64,184.78,540.61,184.8,373.79,184.81,168.5
1753769576103,06:12:56.103,okxus,SOL/USDT:USDT,184.79,881.31,184.78,555.17,184.8,97.23,184.81,102.85
1753769576203,06:12:56.203,okxus,SOL/USDT:USDT,184.79,876.53,184.78,555.16,184.8,98.1,184.81,102.85
1753769576303,06:12:56.303,okxus,SOL/USDT:USDT,184.79,880.8,184.78,555.16,184.8,98.1,184.81,102.85
1753769576503,06:12:56.503,okxus,SOL/USDT:USDT,184.79,880.87,184.78,555.16,184.8,98.17,184.81,286.85
1753769576603,06:12:56.603,okxus,SOL/USDT:USDT,184.79,876.6,184.78,555.09,184.8,190.37,184.81,342.29
1753769576903,06:12:56.903,okxus,SOL/USDT:USDT,184.79,436.06,184.78,468.82,184.8,589.38,184.81,167.2
1753769577003,06:12:57.003,okxus,SOL/USDT:USDT,184.79,117.34,184.78,448.82,184.8,635.13,184.81,167.31
1753769577103,06:12:57.103,okxus,SOL/USDT:USDT,184.79,217.36,184.78,462.31,184.8,627.36,184.81,167.31
1753769577603,06:12:57.603,okxus,SOL/USDT:USDT,184.79,123.75,184.78,480.02,184.8,357.49,184.81,167.3
1753769577703,06:12:57.703,okxus,SOL/USDT:USDT,184.79,127.66,184.78,480.02,184.8,367.87,184.81,158.39
1753769577803,06:12:57.803,okxus,SOL/USDT:USDT,184.79,127.66,184.78,480.02,184.8,367.87,184.81,158.39
1753769577903,06:12:57.903,okxus,SOL/USDT:USDT,184.79,305.66,184.78,480.02,184.8,564.47,184.81,158.39
1753769578303,06:12:58.303,okxus,SOL/USDT:USDT,184.79,371.01,184.78,490.61,184.8,276.09,184.81,158.39
1753769578503,06:12:58.503,okxus,SOL/USDT:USDT,184.79,413.64,184.78,490.61,184.8,220.57,184.81,168.22
1753769578803,06:12:58.803,okxus,SOL/USDT:USDT,184.79,547.76,184.78,490.55,184.8,182.54,184.81,168.22
1753769579003,06:12:59.003,okxus,SOL/USDT:USDT,184.79,537.17,184.78,490.57,184.8,171.72,184.81,170.59
1753769579103,06:12:59.103,okxus,SOL/USDT:USDT,184.79,537.17,184.78,490.55,184.8,171.83,184.81,170.59
1753769579303,06:12:59.303,okxus,SOL/USDT:USDT,184.79,537.17,184.78,490.55,184.8,214.67,184.81,170.59
1753769579603,06:12:59.603,okxus,SOL/USDT:USDT,184.79,580.58,184.78,652.92,184.8,3.1,184.81,105.22
1753769579703,06:12:59.703,okxus,SOL/USDT:USDT,184.79,580.58,184.78,491.38,184.8,3.1,184.81,105.22
1753769580003,06:13:00.003,okxus,SOL/USDT:USDT,184.79,585.62,184.78,491.38,184.8,2.97,184.81,105.13
1753769580503,06:13:00.503,okxus,SOL/USDT:USDT,184.79,591.33,184.78,727.82,184.8,3.16,184.81,105.02
1753769580603,06:13:00.603,okxus,SOL/USDT:USDT,184.79,580.72,184.78,727.82,184.8,3.16,184.81,105.02
1753769580703,06:13:00.703,okxus,SOL/USDT:USDT,184.8,1085.63,184.79,606.39,184.81,200.39,184.82,161.41
1753769581003,06:13:01.003,okxus,SOL/USDT:USDT,184.8,1082.06,184.79,377.53,184.81,320.35,184.82,170.81
1753769581103,06:13:01.103,okxus,SOL/USDT:USDT,184.8,1082.08,184.79,372.18,184.81,320.35,184.82,170.81
1753769581503,06:13:01.503,okxus,SOL/USDT:USDT,184.8,667.59,184.79,338.9,184.81,469.48,184.82,161.44
1753769581603,06:13:01.603,okxus,SOL/USDT:USDT,184.8,669.18,184.79,338.9,184.81,469.42,184.82,161.7
1753769581703,06:13:01.703,okxus,SOL/USDT:USDT,184.8,669.18,184.79,338.9,184.81,468.61,184.82,161.7
1753769581803,06:13:01.803,okxus,SOL/USDT:USDT,184.8,668.79,184.79,349.51,184.81,495.45,184.82,161.7
1753769581903,06:13:01.903,okxus,SOL/USDT:USDT,184.8,668.79,184.79,353.78,184.81,495.45,184.82,161.7
1753769582203,06:13:02.203,okxus,SOL/USDT:USDT,184.8,691.57,184.79,353.78,184.81,325.61,184.82,175.81
1753769582403,06:13:02.403,okxus,SOL/USDT:USDT,184.8,478.01,184.79,348.95,184.81,415.62,184.82,175.81
1753769582537,06:13:02.537,okxus,SOL/USDT:USDT,184.8,386.12,184.79,348.38,184.81,415.63,184.82,170.33
1753769582907,06:13:02.907,okxus,SOL/USDT:USDT,184.8,391.62,184.79,363.12,184.81,579.33,184.82,340.55
1753769583207,06:13:03.207,okxus,SOL/USDT:USDT,184.8,362.45,184.79,348.24,184.81,596.21,184.82,331.92
1753769583307,06:13:03.307,okxus,SOL/USDT:USDT,184.8,71.31,184.79,256.04,184.81,597.02,184.82,331.92
1753769583707,06:13:03.707,okxus,SOL/USDT:USDT,184.8,55.31,184.79,174.89,184.81,630.87,184.82,366.75
1753769583807,06:13:03.807,okxus,SOL/USDT:USDT,184.8,53.78,184.79,76.21,184.81,630.87,184.82,366.93
1753769583907,06:13:03.907,okxus,SOL/USDT:USDT,184.8,56.49,184.79,69.2,184.81,633.22,184.82,364.96
1753769584207,06:13:04.207,okxus,SOL/USDT:USDT,184.8,182.37,184.79,255.38,184.81,522.03,184.82,395.74
1753769584307,06:13:04.307,okxus,SOL/USDT:USDT,184.8,182.37,184.79,217.91,184.81,522.03,184.82,396.28
1753769584407,06:13:04.407,okxus,SOL/USDT:USDT,184.8,182.37,184.79,205.7,184.81,522.03,184.82,396.28
1753769584907,06:13:04.907,okxus,SOL/USDT:USDT,184.79,354.47,184.78,331.16,184.8,1144.82,184.81,274.06
1753769585007,06:13:05.007,okxus,SOL/USDT:USDT,184.79,573.57,184.78,322.26,184.8,504.89,184.81,261.37
1753769585207,06:13:05.207,okxus,SOL/USDT:USDT,184.79,584.05,184.78,294.79,184.8,505.28,184.81,261.3
1753769585307,06:13:05.307,okxus,SOL/USDT:USDT,184.79,647.1,184.78,322.26,184.8,505.28,184.81,261.3
1753769585607,06:13:05.607,okxus,SOL/USDT:USDT,184.79,771.72,184.78,495.22,184.8,7.06,184.81,216.19
1753769585707,06:13:05.707,okxus,SOL/USDT:USDT,184.79,788.32,184.78,496.24,184.8,7.07,184.81,37.86
1753769586107,06:13:06.107,okxus,SOL/USDT:USDT,184.79,771.92,184.78,488.33,184.8,6.91,184.81,221.5
1753769586207,06:13:06.207,okxus,SOL/USDT:USDT,184.79,772.84,184.78,498.94,184.8,6.91,184.81,221.5
1753769586507,06:13:06.507,okxus,SOL/USDT:USDT,184.79,609.51,184.78,570.36,184.8,6.91,184.81,221.5
1753769586607,06:13:06.607,okxus,SOL/USDT:USDT,184.79,598.89,184.78,397.4,184.8,190.91,184.81,37.5
1753769586707,06:13:06.707,okxus,SOL/USDT:USDT,184.79,598.89,184.78,570.36,184.8,191.04,184.81,37.5
1753769586907,06:13:06.907,okxus,SOL/USDT:USDT,184.79,750.99,184.78,570.36,184.8,7.04,184.81,129.7
1753769587007,06:13:07.007,okxus,SOL/USDT:USDT,184.79,745.58,184.78,532.28,184.8,7.06,184.81,129.7
1753769587107,06:13:07.107,okxus,SOL/USDT:USDT,184.79,772.5,184.78,532.28,184.8,7.17,184.81,129.7
1753769587307,06:13:07.307,okxus,SOL/USDT:USDT,184.79,788.33,184.78,542.89,184.8,7.17,184.81,129.7
1753769587407,06:13:07.407,okxus,SOL/USDT:USDT,184.79,551.75,184.78,362.32,184.8,468.61,184.81,258.85
1753769587507,06:13:07.507,okxus,SOL/USDT:USDT,184.79,539.83,184.78,377.96,184.8,453.85,184.81,253.63
1753769587707,06:13:07.707,okxus,SOL/USDT:USDT,184.79,598.87,184.78,367.37,184.8,259.04,184.81,253.64
1753769587807,06:13:07.807,okxus,SOL/USDT:USDT,184.79,598.87,184.78,367.37,184.8,259.05,184.81,253.64
1753769588007,06:13:08.007,okxus,SOL/USDT:USDT,184.79,598.87,184.78,367.25,184.8,259.06,184.81,253.65
1753769588207,06:13:08.207,okxus,SOL/USDT:USDT,184.79,349.03,184.78,366.95,184.8,296.87,184.81,264.13
1753769588307,06:13:08.307,okxus,SOL/USDT:USDT,184.79,349.03,184.78,361.9,184.8,304.86,184.81,269.59
1753769588407,06:13:08.407,okxus,SOL/USDT:USDT,184.79,349.03,184.78,361.9,184.8,348.04,184.81,269.59
1753769588507,06:13:08.507,okxus,SOL/USDT:USDT,184.79,369.32,184.78,361.9,184.8,348.76,184.81,269.33
1753769588607,06:13:08.607,okxus,SOL/USDT:USDT,184.79,367.95,184.78,366.95,184.8,348.76,184.81,264.54
1753769588807,06:13:08.807,okxus,SOL/USDT:USDT,184.79,318.21,184.78,394.41,184.8,306.29,184.81,264.54
1753769589207,06:13:09.207,okxus,SOL/USDT:USDT,184.79,289.45,184.78,389.36,184.8,384.48,184.81,270.96
1753769589307,06:13:09.307,okxus,SOL/USDT:USDT,184.79,288.37,184.78,388.28,184.8,383.76,184.81,270.96
1753769589407,06:13:09.407,okxus,SOL/USDT:USDT,184.79,288.37,184.78,388.28,184.8,383.8,184.81,270.96
1753769589607,06:13:09.607,okxus,SOL/USDT:USDT,184.79,288.37,184.78,388.28,184.8,392.1,184.81,266.37
1753769589707,06:13:09.707,okxus,SOL/USDT:USDT,184.79,288.36,184.78,388.28,184.8,384.33,184.81,266.37
1753769589807,06:13:09.807,okxus,SOL/USDT:USDT,184.79,230.25,184.78,388.28,184.8,391.58,184.81,266.37
1753769589907,06:13:09.907,okxus,SOL/USDT:USDT,184.79,230.25,184.78,392.55,184.8,391.58,184.81,266.37
1753769590007,06:13:10.007,okxus,SOL/USDT:USDT,184.79,365.9,184.78,392.55,184.8,316.94,184.81,266.37
1753769590107,06:13:10.107,okxus,SOL/USDT:USDT,184.79,365.89,184.78,392.55,184.8,304.94,184.81,266.37
1753769590207,06:13:10.207,okxus,SOL/USDT:USDT,184.79,361.68,184.78,392.55,184.8,305.02,184.81,266.37
1753769590407,06:13:10.407,okxus,SOL/USDT:USDT,184.79,381.97,184.78,392.55,184.8,305.06,184.81,266.37
1753769590707,06:13:10.707,okxus,SOL/USDT:USDT,184.79,449.02,184.78,556.8,184.8,24.57,184.81,187.46
1753769590807,06:13:10.807,okxus,SOL/USDT:USDT,184.79,461.04,184.78,567.41,184.8,24.21,184.81,187.46
1753769590907,06:13:10.907,okxus,SOL/USDT:USDT,184.79,446.16,184.78,556.8,184.8,24.22,184.81,187.46
1753769591507,06:13:11.507,okxus,SOL/USDT:USDT,184.79,70.58,184.78,306.54,184.8,437.96,184.81,336.14
1753769591807,06:13:11.807,okxus,SOL/USDT:USDT,184.79,96.73,184.78,318.12,184.8,483.53,184.81,418.2
1753769591907,06:13:11.907,okxus,SOL/USDT:USDT,184.79,96.73,184.78,318.12,184.8,472.83,184.81,418.2
1753769592007,06:13:12.007,okxus,SOL/USDT:USDT,184.79,8.87,184.78,323.12,184.8,492.86,184.81,444.5
1753769592107,06:13:12.107,okxus,SOL/USDT:USDT,184.79,96.73,184.78,327.39,184.8,492.01,184.81,444.5
1753769592307,06:13:12.307,okxus,SOL/USDT:USDT,184.79,96.88,184.78,327.39,184.8,491.84,184.81,444.53
1753769592607,06:13:12.607,okxus,SOL/USDT:USDT,184.78,310.01,184.77,578.48,184.79,1250.56,184.8,431.74
1753769592707,06:13:12.707,okxus,SOL/USDT:USDT,184.78,371.82,184.77,604.72,184.79,1177.07,184.8,414.93
1753769592907,06:13:12.907,okxus,SOL/USDT:USDT,184.78,405.94,184.77,583.86,184.79,1184.64,184.8,407.24
1753769593007,06:13:13.007,okxus,SOL/USDT:USDT,184.78,414.03,184.77,594.47,184.79,1189.8,184.8,396.61
1753769593207,06:13:13.207,okxus,SOL/USDT:USDT,184.78,733.75,184.77,751.52,184.79,135.01,184.8,241.95
1753769593907,06:13:13.907,okxus,SOL/USDT:USDT,184.78,13.25,184.77,364.84,184.79,569.81,184.8,442.83
1753769594307,06:13:14.307,okxus,SOL/USDT:USDT,184.78,16.05,184.77,355.21,184.79,703.74,184.8,443.37
1753769594507,06:13:14.507,okxus,SOL/USDT:USDT,184.78,16.06,184.77,355.21,184.79,725.68,184.8,443.38
1753769595107,06:13:15.107,okxus,SOL/USDT:USDT,184.78,4.56,184.77,3.75,184.79,748.4,184.8,449.79
1753769595307,06:13:15.307,okxus,SOL/USDT:USDT,184.78,4.56,184.77,3.75,184.79,749.24,184.8,450.3
1753769595507,06:13:15.507,okxus,SOL/USDT:USDT,184.78,4.56,184.77,3.75,184.79,750.37,184.8,450.81
1753769595707,06:13:15.707,okxus,SOL/USDT:USDT,184.78,4.56,184.77,3.75,184.79,750.37,184.8,450.81
1753769596007,06:13:16.007,okxus,SOL/USDT:USDT,184.78,4.56,184.77,3.75,184.79,750.46,184.8,455.23
1753769596307,06:13:16.307,okxus,SOL/USDT:USDT,184.78,4.62,184.77,3.75,184.79,750.62,184.8,455.35
1753769596607,06:13:16.607,okxus,SOL/USDT:USDT,184.77,187.59,184.76,454.37,184.78,1046.49,184.79,627.75
1753769596807,06:13:16.807,okxus,SOL/USDT:USDT,184.77,3.59,184.76,444.94,184.78,1177.27,184.79,496.88
1753769597007,06:13:17.007,okxus,SOL/USDT:USDT,184.77,3.59,184.76,444.94,184.78,1178.85,184.79,491.91
1753769597107,06:13:17.107,okxus,SOL/USDT:USDT,184.77,3.79,184.76,444.94,184.78,1187.78,184.79,493.45
1753769597207,06:13:17.207,okxus,SOL/USDT:USDT,184.77,3.79,184.76,444.94,184.78,1187.82,184.79,493.45
1753769597407,06:13:17.407,okxus,SOL/USDT:USDT,184.77,7.29,184.76,451.27,184.78,1181.49,184.79,490.4
1753769597507,06:13:17.507,okxus,SOL/USDT:USDT,184.77,7.29,184.76,193.08,184.78,1176.41,184.79,496.73
1753769597607,06:13:17.607,okxus,SOL/USDT:USDT,184.77,7.29,184.76,147.76,184.78,1181.73,184.79,492.74
1753769597707,06:13:17.707,okxus,SOL/USDT:USDT,184.77,7.29,184.76,271.76,184.78,1181.73,184.79,492.74
1753769598107,06:13:18.107,okxus,SOL/USDT:USDT,184.77,102.15,184.76,277.9,184.78,1176.13,184.79,496.72
1753769598607,06:13:18.607,okxus,SOL/USDT:USDT,184.77,7.25,184.76,197.41,184.78,1182.74,184.79,631.43
1753769598707,06:13:18.707,okxus,SOL/USDT:USDT,184.77,7.25,184.76,189.41,184.78,1188.07,184.79,637.57
1753769598907,06:13:18.907,okxus,SOL/USDT:USDT,184.77,7.25,184.76,189.41,184.78,1188.34,184.79,637.57
1753769599007,06:13:19.007,okxus,SOL/USDT:USDT,184.77,7.25,184.76,189.41,184.78,1187.08,184.79,637.57
1753769599107,06:13:19.107,okxus,SOL/USDT:USDT,184.77,7.25,184.76,197.41,184.78,1187.28,184.79,637.47
1753769599307,06:13:19.307,okxus,SOL/USDT:USDT,184.77,7.24,184.76,197.41,184.78,1181.3,184.79,631.61
1753769599507,06:13:19.507,okxus,SOL/USDT:USDT,184.77,7.24,184.76,197.41,184.78,1181.77,184.79,638.03
1753769599707,06:13:19.707,okxus,SOL/USDT:USDT,184.77,7.24,184.76,381.41,184.78,1183.86,184.79,640.46
1753769600007,06:13:20.007,okxus,SOL/USDT:USDT,184.77,7.24,184.76,197.41,184.78,1192.97,184.79,642.24
1753769600107,06:13:20.107,okxus,SOL/USDT:USDT,184.77,7.3,184.76,197.41,184.78,1180.63,184.79,637.38
1753769600507,06:13:20.507,okxus,SOL/USDT:USDT,184.77,3.85,184.76,200.91,184.78,1196.24,184.79,646.62
1753769600707,06:13:20.707,okxus,SOL/USDT:USDT,184.77,3.85,184.76,200.91,184.78,1197.09,184.79,643.48
1753769601007,06:13:21.007,okxus,SOL/USDT:USDT,184.77,3.85,184.76,200.91,184.78,1140.43,184.79,637.62
1753769601107,06:13:21.107,okxus,SOL/USDT:USDT,184.77,3.85,184.76,200.91,184.78,1140.47,184.79,637.58
1753769601807,06:13:21.807,okxus,SOL/USDT:USDT,184.77,3.67,184.76,270.41,184.78,1107.59,184.79,633.28
1753769602207,06:13:22.207,okxus,SOL/USDT:USDT,184.76,117.73,184.75,714.32,184.77,1098.26,184.78,811.4
1753769602307,06:13:22.307,okxus,SOL/USDT:USDT,184.76,445.74,184.75,714.32,184.77,1225.05,184.78,674.63
1753769602607,06:13:22.607,okxus,SOL/USDT:USDT,184.76,271.91,184.75,720.37,184.77,1335.82,184.78,670.87
1753769602807,06:13:22.807,okxus,SOL/USDT:USDT,184.76,272.12,184.75,720.37,184.77,1327.24,184.78,670.86
1753769603207,06:13:23.207,okxus,SOL/USDT:USDT,184.76,613.14,184.75,730.98,184.77,516.38,184.78,478.0
1753769603407,06:13:23.407,okxus,SOL/USDT:USDT,184.76,598.63,184.75,722.07,184.77,514.85,184.78,473.85
1753769603507,06:13:23.507,okxus,SOL/USDT:USDT,184.76,598.63,184.75,711.46,184.77,514.85,184.78,473.85
1753769603707,06:13:23.707,okxus,SOL/USDT:USDT,184.76,796.45,184.75,789.61,184.77,306.9,184.78,373.85
1753769604007,06:13:24.007,okxus,SOL/USDT:USDT,184.76,807.06,184.75,793.43,184.77,220.45,184.78,373.85
1753769604407,06:13:24.407,okxus,SOL/USDT:USDT,184.76,808.21,184.75,791.81,184.77,148.22,184.78,173.72
1753769604607,06:13:24.607,okxus,SOL/USDT:USDT,184.76,802.16,184.75,791.81,184.77,148.24,184.78,357.7
1753769604707,06:13:24.707,okxus,SOL/USDT:USDT,184.76,790.47,184.75,781.2,184.77,148.78,184.78,357.7
1753769604807,06:13:24.807,okxus,SOL/USDT:USDT,184.76,790.47,184.75,783.9,184.77,148.83,184.78,357.7
1753769604907,06:13:24.907,okxus,SOL/USDT:USDT,184.76,791.55,184.75,783.9,184.77,148.84,184.78,357.7
1753769605107,06:13:25.107,okxus,SOL/USDT:USDT,184.76,791.55,184.75,783.9,184.77,149.39,184.78,174.18
1753769605207,06:13:25.207,okxus,SOL/USDT:USDT,184.76,791.55,184.75,794.72,184.77,143.45,184.78,174.18
1753769605307,06:13:25.307,okxus,SOL/USDT:USDT,184.76,809.13,184.75,957.1,184.77,149.1,184.78,174.18
1753769605407,06:13:25.407,okxus,SOL/USDT:USDT,184.76,791.82,184.75,957.1,184.77,148.75,184.78,174.26
1753769605507,06:13:25.507,okxus,SOL/USDT:USDT,184.77,1001.81,184.76,1174.05,184.78,23.59,184.79,26.76
1753769605607,06:13:25.607,okxus,SOL/USDT:USDT,184.77,1333.1,184.76,789.55,184.78,18.81,184.79,27.02
1753769605707,06:13:25.707,okxus,SOL/USDT:USDT,184.77,1337.31,184.76,785.34,184.78,18.81,184.79,27.02
1753769605807,06:13:25.807,okxus,SOL/USDT:USDT,184.77,1337.31,184.76,786.15,184.78,18.97,184.79,27.02
1753769605907,06:13:25.907,okxus,SOL/USDT:USDT,184.77,1324.97,184.76,785.07,184.78,18.97,184.79,27.02
1753769606007,06:13:26.007,okxus,SOL/USDT:USDT,184.77,1324.97,184.76,785.07,184.78,18.97,184.79,27.02
1753769606107,06:13:26.107,okxus,SOL/USDT:USDT,184.77,1341.46,184.76,785.07,184.78,19.06,184.79,27.02
1753769606307,06:13:26.307,okxus,SOL/USDT:USDT,184.77,1342.0,184.76,785.07,184.78,19.48,184.79,27.02
1753769606407,06:13:26.407,okxus,SOL/USDT:USDT,184.77,1328.78,184.76,785.07,184.78,19.87,184.79,27.02
1753769606507,06:13:26.507,okxus,SOL/USDT:USDT,184.77,1329.32,184.76,785.07,184.78,19.87,184.79,27.02
1753769606607,06:13:26.607,okxus,SOL/USDT:USDT,184.77,1343.0,184.76,785.16,184.78,19.87,184.79,27.02
1753769606807,06:13:26.807,okxus,SOL/USDT:USDT,184.77,1376.05,184.76,759.26,184.78,19.38,184.79,27.02
1753769607007,06:13:27.007,okxus,SOL/USDT:USDT,184.77,1376.05,184.76,770.04,184.78,19.48,184.79,27.02
1753769607107,06:13:27.107,okxus,SOL/USDT:USDT,184.77,1363.21,184.76,770.04,184.78,19.48,184.79,30.65
1753769607207,06:13:27.207,okxus,SOL/USDT:USDT,184.77,1378.58,184.76,770.04,184.78,19.48,184.79,30.65
1753769607307,06:13:27.307,okxus,SOL/USDT:USDT,184.77,1378.58,184.76,770.58,184.78,19.41,184.79,30.65
1753769607607,06:13:27.607,okxus,SOL/USDT:USDT,184.77,1378.8,184.76,770.58,184.78,23.01,184.79,30.65
1753769607807,06:13:27.807,okxus,SOL/USDT:USDT,184.77,1250.39,184.76,850.67,184.78,110.87,184.79,30.65
1753769608007,06:13:28.007,okxus,SOL/USDT:USDT,184.77,1347.79,184.76,765.74,184.78,23.01,184.79,30.65
1753769608107,06:13:28.107,okxus,SOL/USDT:USDT,184.77,1347.84,184.76,765.74,184.78,23.01,184.79,30.65
1753769608307,06:13:28.307,okxus,SOL/USDT:USDT,184.77,1347.84,184.76,753.27,184.78,124.59,184.79,30.87
1753769608507,06:13:28.507,okxus,SOL/USDT:USDT,184.77,1253.61,184.76,863.15,184.78,126.21,184.79,31.74
1753769608707,06:13:28.707,okxus,SOL/USDT:USDT,184.77,751.67,184.76,577.74,184.78,428.67,184.79,197.49
1753769609207,06:13:29.207,okxus,SOL/USDT:USDT,184.77,330.72,184.76,556.76,184.78,502.67,184.79,187.03
1753769609307,06:13:29.307,okxus,SOL/USDT:USDT,184.77,225.91,184.76,556.76,184.78,510.15,184.79,187.03
1753769609707,06:13:29.707,okxus,SOL/USDT:USDT,184.77,300.7,184.76,584.22,184.78,676.63,184.79,186.97
1753769609807,06:13:29.807,okxus,SOL/USDT:USDT,184.77,300.7,184.76,584.22,184.78,676.63,184.79,186.97
1753769609907,06:13:29.907,okxus,SOL/USDT:USDT,184.77,300.7,184.76,584.22,184.78,676.89,184.79,186.97
1753769610107,06:13:30.107,okxus,SOL/USDT:USDT,184.77,300.73,184.76,591.63,184.78,676.08,184.79,186.97
1753769610207,06:13:30.207,okxus,SOL/USDT:USDT,184.77,231.67,184.76,584.22,184.78,683.49,184.79,186.97
1753769610407,06:13:30.407,okxus,SOL/USDT:USDT,184.77,458.37,184.76,591.48,184.78,487.08,184.79,179.55
1753769610607,06:13:30.607,okxus,SOL/USDT:USDT,184.77,445.21,184.76,603.36,184.78,262.15,184.79,179.61
1753769610807,06:13:30.807,okxus,SOL/USDT:USDT,184.78,1604.53,184.77,730.16,184.79,115.8,184.8,262.93
1753769611107,06:13:31.107,okxus,SOL/USDT:USDT,184.78,1666.81,184.77,696.88,184.79,115.82,184.8,262.93
1753769611307,06:13:31.307,okxus,SOL/USDT:USDT,184.78,1654.35,184.77,696.88,184.79,116.63,184.8,262.93
1753769611507,06:13:31.507,okxus,SOL/USDT:USDT,184.78,1667.8,184.77,512.88,184.79,28.03,184.8,354.73
1753769611707,06:13:31.707,okxus,SOL/USDT:USDT,184.78,1667.71,184.77,512.88,184.79,30.3,184.8,354.73
1753769612307,06:13:32.307,okxus,SOL/USDT:USDT,184.78,1614.13,184.77,483.76,184.79,118.67,184.8,355.42
1753769612407,06:13:32.407,okxus,SOL/USDT:USDT,184.78,1614.11,184.77,483.76,184.79,118.67,184.8,355.42
1753769613107,06:13:33.107,okxus,SOL/USDT:USDT,184.78,1617.58,184.77,483.24,184.79,119.22,184.8,355.52
1753769613207,06:13:33.207,okxus,SOL/USDT:USDT,184.78,1610.65,184.77,483.24,184.79,120.03,184.8,355.52
1753769613407,06:13:33.407,okxus,SOL/USDT:USDT,184.78,1612.71,184.77,483.24,184.79,120.37,184.8,355.52
1753769613607,06:13:33.607,okxus,SOL/USDT:USDT,184.78,1632.01,184.77,494.79,184.79,119.52,184.8,355.52
1753769614107,06:13:34.107,okxus,SOL/USDT:USDT,184.78,10.46,184.77,58.26,184.79,688.1,184.8,356.77
1753769614307,06:13:34.307,okxus,SOL/USDT:USDT,184.78,10.46,184.77,151.59,184.79,687.36,184.8,261.89
1753769614907,06:13:34.907,okxus,SOL/USDT:USDT,184.75,672.52,184.74,548.31,184.76,95.21,184.77,417.05
1753769615507,06:13:35.507,okxus,SOL/USDT:USDT,184.78,1341.98,184.77,751.39,184.79,145.37,184.8,393.85
1753769615707,06:13:35.707,okxus,SOL/USDT:USDT,184.78,923.0,184.77,679.54,184.79,380.55,184.8,404.18
1753769615807,06:13:35.807,okxus,SOL/USDT:USDT,184.78,452.45,184.77,636.82,184.79,392.55,184.8,404.18
1753769616007,06:13:36.007,okxus,SOL/USDT:USDT,184.78,192.45,184.77,578.89,184.79,584.33,184.8,223.79
1753769616507,06:13:36.507,okxus,SOL/USDT:USDT,184.78,693.34,184.77,585.98,184.79,411.86,184.8,217.82
1753769617007,06:13:37.007,okxus,SOL/USDT:USDT,184.78,693.34,184.77,585.71,184.79,413.15,184.8,217.6
1753769617207,06:13:37.207,okxus,SOL/USDT:USDT,184.78,714.31,184.77,597.13,184.79,413.25,184.8,217.6
1753769617607,06:13:37.607,okxus,SOL/USDT:USDT,184.78,709.05,184.77,579.02,184.79,351.28,184.8,184.81
1753769617907,06:13:37.907,okxus,SOL/USDT:USDT,184.78,506.95,184.77,579.0,184.79,370.18,184.8,184.98
1753769618207,06:13:38.207,okxus,SOL/USDT:USDT,184.78,186.66,184.77,561.25,184.79,440.06,184.8,184.98
1753769618507,06:13:38.507,okxus,SOL/USDT:USDT,184.78,385.28,184.77,568.04,184.79,438.46,184.8,178.19
1753769618607,06:13:38.607,okxus,SOL/USDT:USDT,184.78,385.28,184.77,568.04,184.79,439.78,184.8,178.19
1753769618707,06:13:38.707,okxus,SOL/USDT:USDT,184.78,445.36,184.77,589.75,184.79,428.59,184.8,178.19
1753769618807,06:13:38.807,okxus,SOL/USDT:USDT,184.78,441.86,184.77,593.25,184.79,428.59,184.8,178.19
1753769618907,06:13:38.907,okxus,SOL/USDT:USDT,184.78,453.18,184.77,593.25,184.79,428.59,184.8,178.19
1753769619007,06:13:39.007,okxus,SOL/USDT:USDT,184.78,482.6,184.77,593.25,184.79,243.78,184.8,178.19
1753769619307,06:13:39.307,okxus,SOL/USDT:USDT,184.78,542.66,184.77,582.88,184.79,170.88,184.8,178.52
1753769619407,06:13:39.407,okxus,SOL/USDT:USDT,184.78,502.9,184.77,564.75,184.79,366.48,184.8,187.39
1753769619507,06:13:39.507,okxus,SOL/USDT:USDT,184.78,531.66,184.77,582.86,184.79,183.29,184.8,187.39
1753769619707,06:13:39.707,okxus,SOL/USDT:USDT,184.78,531.66,184.77,571.54,184.79,183.38,184.8,187.72
1753769620207,06:13:40.207,okxus,SOL/USDT:USDT,184.78,597.85,184.77,691.92,184.79,76.33,184.8,175.33
1753769620707,06:13:40.707,okxus,SOL/USDT:USDT,184.78,592.08,184.77,679.92,184.79,77.03,184.8,175.36
1753769620807,06:13:40.807,okxus,SOL/USDT:USDT,184.78,598.9,184.77,691.31,184.79,12.88,184.8,175.36
1753769621207,06:13:41.207,okxus,SOL/USDT:USDT,184.8,1197.06,184.79,903.44,184.81,413.27,184.82,319.72
1753769621307,06:13:41.307,okxus,SOL/USDT:USDT,184.8,1205.33,184.79,712.51,184.81,413.29,184.82,319.72
1753769621407,06:13:41.407,okxus,SOL/USDT:USDT,184.8,1205.33,184.79,667.91,184.81,828.44,184.82,292.28
1753769621507,06:13:41.507,okxus,SOL/USDT:USDT,184.8,828.64,184.79,667.91,184.81,828.44,184.82,302.49
1753769621807,06:13:41.807,okxus,SOL/USDT:USDT,184.8,828.96,184.79,667.91,184.81,831.97,184.82,299.01
1753769622107,06:13:42.107,okxus,SOL/USDT:USDT,184.8,829.14,184.79,679.38,184.81,829.12,184.82,302.51
1753769622707,06:13:42.707,okxus,SOL/USDT:USDT,184.8,81.0,184.79,562.66,184.81,889.09,184.82,295.55
1753769623107,06:13:43.107,okxus,SOL/USDT:USDT,184.8,380.68,184.79,562.66,184.81,692.28,184.82,290.89
1753769623307,06:13:43.307,okxus,SOL/USDT:USDT,184.8,452.15,184.79,562.66,184.81,622.78,184.82,291.49
1753769623707,06:13:43.707,okxus,SOL/USDT:USDT,184.8,452.15,184.79,562.66,184.81,833.64,184.82,298.1
1753769623807,06:13:43.807,okxus,SOL/USDT:USDT,184.8,473.68,184.79,562.66,184.81,565.58,184.82,279.96
1753769623907,06:13:43.907,okxus,SOL/USDT:USDT,184.8,503.18,184.79,638.81,184.81,565.14,184.82,282.38
1753769624207,06:13:44.207,okxus,SOL/USDT:USDT,184.8,520.14,184.79,632.77,184.81,565.7,184.82,282.38
1753769624307,06:13:44.307,okxus,SOL/USDT:USDT,184.8,530.14,184.79,632.67,184.81,375.95,184.82,286.21
1753769625107,06:13:45.107,okxus,SOL/USDT:USDT,184.8,746.75,184.79,788.83,184.81,320.1,184.82,107.74
1753769625407,06:13:45.407,okxus,SOL/USDT:USDT,184.8,735.64,184.79,788.5,184.81,322.9,184.82,109.36
1753769625607,06:13:45.607,okxus,SOL/USDT:USDT,184.81,1664.65,184.8,807.81,184.82,65.68,184.83,98.52
1753769625907,06:13:45.907,okxus,SOL/USDT:USDT,184.81,1678.21,184.8,795.62,184.82,57.91,184.83,98.52
1753769626107,06:13:46.107,okxus,SOL/USDT:USDT,184.81,1706.06,184.8,795.62,184.82,50.14,184.83,98.52
1753769626407,06:13:46.407,okxus,SOL/USDT:USDT,184.81,1717.25,184.8,613.16,184.82,28.69,184.83,100.88
1753769626607,06:13:46.607,okxus,SOL/USDT:USDT,184.81,1717.55,184.8,613.16,184.82,30.85,184.83,100.88
1753769627007,06:13:47.007,okxus,SOL/USDT:USDT,184.81,1747.75,184.8,579.97,184.82,31.03,184.83,101.02
1753769627107,06:13:47.107,okxus,SOL/USDT:USDT,184.81,1727.32,184.8,563.23,184.82,31.11,184.83,101.15
1753769627207,06:13:47.207,okxus,SOL/USDT:USDT,184.81,1727.62,184.8,570.26,184.82,31.76,184.83,101.15
1753769627607,06:13:47.607,okxus,SOL/USDT:USDT,184.81,1740.08,184.8,580.47,184.82,31.4,184.83,101.15
1753769627707,06:13:47.707,okxus,SOL/USDT:USDT,184.81,1740.08,184.8,580.47,184.82,22.44,184.83,101.15
1753769627807,06:13:47.807,okxus,SOL/USDT:USDT,184.81,1567.23,184.8,736.46,184.82,22.44,184.83,101.16
1753769627907,06:13:47.907,okxus,SOL/USDT:USDT,184.81,1577.84,184.8,742.31,184.82,22.44,184.83,101.16
1753769628207,06:13:48.207,okxus,SOL/USDT:USDT,184.81,1567.29,184.8,725.55,184.82,22.78,184.83,101.16
1753769628307,06:13:48.307,okxus,SOL/USDT:USDT,184.81,1567.29,184.8,725.55,184.82,22.78,184.83,101.16
1753769628407,06:13:48.407,okxus,SOL/USDT:USDT,184.81,1577.93,184.8,742.31,184.82,22.78,184.83,101.08
1753769628507,06:13:48.507,okxus,SOL/USDT:USDT,184.81,1577.93,184.8,742.31,184.82,22.46,184.83,101.08
1753769628607,06:13:48.607,okxus,SOL/USDT:USDT,184.81,1741.16,184.8,580.86,184.82,22.41,184.83,101.03
1753769628907,06:13:48.907,okxus,SOL/USDT:USDT,184.81,1481.46,184.8,840.17,184.82,22.4,184.83,101.03
1753769629007,06:13:49.007,okxus,SOL/USDT:USDT,184.81,1470.84,184.8,824.01,184.82,22.4,184.83,101.03
1753769629107,06:13:49.107,okxus,SOL/USDT:USDT,184.81,1470.81,184.8,829.47,184.82,22.4,184.83,101.03
1753769629307,06:13:49.307,okxus,SOL/USDT:USDT,184.81,1481.41,184.8,839.82,184.82,22.4,184.83,101.03
1753769629507,06:13:49.507,okxus,SOL/USDT:USDT,184.81,1485.65,184.8,839.82,184.82,23.19,184.83,101.03
1753769630007,06:13:50.007,okxus,SOL/USDT:USDT,184.81,875.77,184.8,734.55,184.82,76.16,184.83,259.0
1753769630407,06:13:50.407,okxus,SOL/USDT:USDT,184.81,1324.29,184.8,829.24,184.82,23.19,184.83,101.03
1753769630807,06:13:50.807,okxus,SOL/USDT:USDT,184.81,1421.75,184.8,831.03,184.82,23.12,184.83,101.03
1753769631007,06:13:51.007,okxus,SOL/USDT:USDT,184.81,1313.76,184.8,928.41,184.82,23.14,184.83,101.03
1753769631607,06:13:51.607,okxus,SOL/USDT:USDT,184.81,1407.31,184.8,830.62,184.82,25.82,184.83,101.07
1753769631707,06:13:51.707,okxus,SOL/USDT:USDT,184.81,1407.31,184.8,830.62,184.82,25.82,184.83,101.07
1753769631807,06:13:51.807,okxus,SOL/USDT:USDT,184.81,1407.31,184.8,830.62,184.82,25.82,184.83,101.07
1753769631907,06:13:51.907,okxus,SOL/USDT:USDT,184.81,1407.31,184.8,830.62,184.82,25.82,184.83,101.07
1753769632007,06:13:52.007,okxus,SOL/USDT:USDT,184.81,1314.54,184.8,928.0,184.82,25.82,184.83,101.07
1753769632107,06:13:52.107,okxus,SOL/USDT:USDT,184.81,1411.98,184.8,830.62,184.82,25.82,184.83,101.07
1753769632207,06:13:52.207,okxus,SOL/USDT:USDT,184.81,1411.98,184.8,830.62,184.82,25.82,184.83,101.07
1753769632407,06:13:52.407,okxus,SOL/USDT:USDT,184.81,1183.26,184.8,753.11,184.82,169.97,184.83,202.87
1753769632907,06:13:52.907,okxus,SOL/USDT:USDT,184.81,1119.13,184.8,834.18,184.82,114.23,184.83,202.87
1753769633007,06:13:53.007,okxus,SOL/USDT:USDT,184.81,1109.6,184.8,931.57,184.82,114.23,184.83,202.87
1753769633207,06:13:53.207,okxus,SOL/USDT:USDT,184.81,1109.6,184.8,920.96,184.82,114.73,184.83,202.89
1753769633407,06:13:53.407,okxus,SOL/USDT:USDT,184.81,925.07,184.8,931.57,184.82,114.73,184.83,202.89
1753769633607,06:13:53.607,okxus,SOL/USDT:USDT,184.81,925.07,184.8,920.96,184.82,114.47,184.83,202.89
1753769633707,06:13:53.707,okxus,SOL/USDT:USDT,184.81,935.68,184.8,931.57,184.82,114.47,184.83,202.89
1753769634107,06:13:54.107,okxus,SOL/USDT:USDT,184.81,924.99,184.8,930.89,184.82,115.16,184.83,203.27
1753769634207,06:13:54.207,okxus,SOL/USDT:USDT,184.81,924.8,184.8,930.89,184.82,115.16,184.83,203.27
1753769634307,06:13:54.307,okxus,SOL/USDT:USDT,184.81,1108.8,184.8,930.84,184.82,115.16,184.83,203.27
1753769634607,06:13:54.607,okxus,SOL/USDT:USDT,184.81,1111.87,184.8,917.53,184.82,115.28,184.83,203.27
1753769634907,06:13:54.907,okxus,SOL/USDT:USDT,184.81,1122.48,184.8,928.14,184.82,115.28,184.83,203.27
1753769635007,06:13:55.007,okxus,SOL/USDT:USDT,184.81,1111.87,184.8,928.14,184.82,115.28,184.83,203.27
1753769635407,06:13:55.407,okxus,SOL/USDT:USDT,184.81,1134.51,184.8,917.52,184.82,82.67,184.83,195.99
1753769635507,06:13:55.507,okxus,SOL/USDT:USDT,184.81,1139.13,184.8,917.52,184.82,83.02,184.83,195.99
1753769635807,06:13:55.807,okxus,SOL/USDT:USDT,184.81,1149.74,184.8,928.13,184.82,30.05,184.83,195.99
1753769637107,06:13:57.107,okxus,SOL/USDT:USDT,184.82,1496.82,184.81,887.81,184.83,105.65,184.84,96.43
1753769637307,06:13:57.307,okxus,SOL/USDT:USDT,184.82,1497.12,184.81,606.43,184.83,103.06,184.84,96.43
1753769638107,06:13:58.107,okxus,SOL/USDT:USDT,184.82,1461.52,184.81,678.89,184.83,425.72,184.84,96.78
1753769638407,06:13:58.407,okxus,SOL/USDT:USDT,184.82,1561.2,184.81,778.61,184.83,442.53,184.84,104.06
1753769639007,06:13:59.007,okxus,SOL/USDT:USDT,184.83,1531.76,184.82,855.66,184.84,35.48,184.85,185.62
1753769639307,06:13:59.307,okxus,SOL/USDT:USDT,184.83,1556.06,184.82,686.6,184.84,34.82,184.85,369.62
1753769639507,06:13:59.507,okxus,SOL/USDT:USDT,184.83,1556.06,184.82,686.6,184.84,35.48,184.85,369.62
1753769639607,06:13:59.607,okxus,SOL/USDT:USDT,184.83,1556.06,184.82,656.1,184.84,88.81,184.85,369.62
1753769639907,06:13:59.907,okxus,SOL/USDT:USDT,184.83,1543.38,184.82,656.1,184.84,414.17,184.85,226.28
1753769640107,06:14:00.107,okxus,SOL/USDT:USDT,184.83,1373.43,184.82,556.1,184.84,444.76,184.85,226.28
1753769640207,06:14:00.207,okxus,SOL/USDT:USDT,184.83,1379.53,184.82,499.92,184.84,406.93,184.85,226.28
1753769640907,06:14:00.907,okxus,SOL/USDT:USDT,184.83,1444.74,184.82,498.85,184.84,206.71,184.85,196.49
1753769641207,06:14:01.207,okxus,SOL/USDT:USDT,184.83,1474.58,184.82,571.6,184.84,35.63,184.85,370.33
1753769641407,06:14:01.407,okxus,SOL/USDT:USDT,184.83,1574.52,184.82,642.43,184.84,37.66,184.85,382.21
1753769641507,06:14:01.507,okxus,SOL/USDT:USDT,184.83,1574.52,184.82,653.15,184.84,37.66,184.85,371.49
1753769641607,06:14:01.607,okxus,SOL/USDT:USDT,184.83,1574.52,184.82,642.43,184.84,37.66,184.85,382.21
1753769641707,06:14:01.707,okxus,SOL/USDT:USDT,184.83,1574.52,184.82,642.43,184.84,90.61,184.85,382.21
1753769642007,06:14:02.007,okxus,SOL/USDT:USDT,184.83,1544.93,184.82,645.13,184.84,194.9,184.85,409.33
1753769642207,06:14:02.207,okxus,SOL/USDT:USDT,184.83,1538.77,184.82,645.13,184.84,410.71,184.85,225.33
1753769642407,06:14:02.407,okxus,SOL/USDT:USDT,184.83,1544.92,184.82,645.13,184.84,199.02,184.85,207.47
1753769642507,06:14:02.507,okxus,SOL/USDT:USDT,184.83,1545.24,184.82,645.13,184.84,199.02,184.85,224.84
1753769642707,06:14:02.707,okxus,SOL/USDT:USDT,184.83,1547.94,184.82,642.43,184.84,90.87,184.85,197.91
1753769642807,06:14:02.807,okxus,SOL/USDT:USDT,184.83,1547.94,184.82,642.43,184.84,91.93,184.85,197.91
1753769642907,06:14:02.907,okxus,SOL/USDT:USDT,184.83,1547.94,184.82,642.43,184.84,91.93,184.85,215.28
1753769643207,06:14:03.207,okxus,SOL/USDT:USDT,184.83,1545.24,184.82,645.13,184.84,161.22,184.85,197.93
1753769643407,06:14:03.407,okxus,SOL/USDT:USDT,184.84,1242.33,184.83,890.73,184.85,266.88,184.86,279.96
1753769643507,06:14:03.507,okxus,SOL/USDT:USDT,184.84,1129.01,184.83,889.34,184.85,251.82,184.86,279.96
1753769643807,06:14:03.807,okxus,SOL/USDT:USDT,184.84,958.8,184.83,872.37,184.85,516.99,184.86,279.96
1753769644007,06:14:04.007,okxus,SOL/USDT:USDT,184.84,968.24,184.83,868.59,184.85,205.37,184.86,280.0
1753769644107,06:14:04.107,okxus,SOL/USDT:USDT,184.84,480.79,184.83,939.88,184.85,257.87,184.86,264.96
1753769644207,06:14:04.207,okxus,SOL/USDT:USDT,184.84,672.56,184.83,939.88,184.85,257.87,184.86,264.96
1753769644507,06:14:04.507,okxus,SOL/USDT:USDT,184.84,664.48,184.83,938.38,184.85,241.58,184.86,264.56
1753769644607,06:14:04.607,okxus,SOL/USDT:USDT,184.84,667.11,184.83,938.38,184.85,241.58,184.86,264.56
1753769644907,06:14:04.907,okxus,SOL/USDT:USDT,184.84,480.79,184.83,871.27,184.85,241.62,184.86,264.61
1753769645207,06:14:05.207,okxus,SOL/USDT:USDT,184.84,615.9,184.83,871.29,184.85,425.7,184.86,272.86
1753769645307,06:14:05.307,okxus,SOL/USDT:USDT,184.84,361.86,184.83,871.29,184.85,460.5,184.86,272.86
1753769646007,06:14:06.007,okxus,SOL/USDT:USDT,184.84,691.11,184.83,871.29,184.85,295.77,184.86,264.61
1753769646507,06:14:06.507,okxus,SOL/USDT:USDT,184.84,695.06,184.83,871.29,184.85,295.77,184.86,264.61
1753769646607,06:14:06.607,okxus,SOL/USDT:USDT,184.84,695.06,184.83,871.29,184.85,295.77,184.86,264.61
1753769646907,06:14:06.907,okxus,SOL/USDT:USDT,184.85,1110.62,184.84,746.07,184.86,19.08,184.87,43.89
1753769647007,06:14:07.007,okxus,SOL/USDT:USDT,184.85,1073.48,184.84,1005.66,184.86,19.08,184.87,43.89
1753769647807,06:14:07.807,okxus,SOL/USDT:USDT,184.88,751.15,184.87,539.37,184.89,344.33,184.9,183.54
1753769648707,06:14:08.707,okxus,SOL/USDT:USDT,184.88,613.34,184.87,486.95,184.89,502.34,184.9,266.8
1753769649307,06:14:09.307,okxus,SOL/USDT:USDT,184.88,321.43,184.87,275.59,184.89,492.3,184.9,326.57
1753769649407,06:14:09.407,okxus,SOL/USDT:USDT,184.88,302.59,184.87,303.02,184.89,465.86,184.9,326.57
1753769649607,06:14:09.607,okxus,SOL/USDT:USDT,184.88,302.61,184.87,303.02,184.89,466.67,184.9,324.41
1753769650007,06:14:10.007,okxus,SOL/USDT:USDT,184.88,302.97,184.87,303.02,184.89,569.38,184.9,420.94
1753769650307,06:14:10.307,okxus,SOL/USDT:USDT,184.88,293.97,184.87,293.17,184.89,596.81,184.9,421.24
1753769650507,06:14:10.507,okxus,SOL/USDT:USDT,184.88,214.7,184.87,293.17,184.89,597.08,184.9,437.11
1753769650707,06:14:10.707,okxus,SOL/USDT:USDT,184.88,214.7,184.87,293.17,184.89,598.97,184.9,423.67
1753769650907,06:14:10.907,okxus,SOL/USDT:USDT,184.88,314.61,184.87,293.17,184.89,571.72,184.9,395.07
1753769651007,06:14:11.007,okxus,SOL/USDT:USDT,184.88,314.63,184.87,293.17,184.89,571.72,184.9,395.07
1753769651407,06:14:11.407,okxus,SOL/USDT:USDT,184.88,671.06,184.87,494.19,184.89,307.51,184.9,316.23
1753769651607,06:14:11.607,okxus,SOL/USDT:USDT,184.88,693.42,184.87,494.19,184.89,317.65,184.9,288.8
1753769651707,06:14:11.707,okxus,SOL/USDT:USDT,184.88,666.76,184.87,478.63,184.89,317.65,184.9,288.8
1753769651807,06:14:11.807,okxus,SOL/USDT:USDT,184.88,666.76,184.87,478.63,184.89,317.65,184.9,288.8
1753769651907,06:14:11.907,okxus,SOL/USDT:USDT,184.88,692.69,184.87,478.63,184.89,317.65,184.9,288.8
1753769652007,06:14:12.007,okxus,SOL/USDT:USDT,184.88,666.76,184.87,478.63,184.89,317.65,184.9,288.8
1753769652107,06:14:12.107,okxus,SOL/USDT:USDT,184.88,694.39,184.87,494.19,184.89,317.65,184.9,288.8
1753769652207,06:14:12.207,okxus,SOL/USDT:USDT,184.88,665.67,184.87,448.37,184.89,317.65,184.9,314.73
1753769652407,06:14:12.407,okxus,SOL/USDT:USDT,184.88,645.58,184.87,448.37,184.89,323.04,184.9,303.67
1753769652607,06:14:12.607,okxus,SOL/USDT:USDT,184.88,634.76,184.87,448.37,184.89,356.93,184.9,328.71
1753769653007,06:14:13.007,okxus,SOL/USDT:USDT,184.88,634.76,184.87,448.37,184.89,332.15,184.9,313.84
1753769653207,06:14:13.207,okxus,SOL/USDT:USDT,184.88,634.73,184.87,448.37,184.89,321.26,184.9,289.06
1753769653307,06:14:13.307,okxus,SOL/USDT:USDT,184.88,649.97,184.87,488.02,184.89,322.13,184.9,289.06
1753769653407,06:14:13.407,okxus,SOL/USDT:USDT,184.88,645.32,184.87,473.07,184.89,322.13,184.9,289.06
1753769653607,06:14:13.607,okxus,SOL/USDT:USDT,184.88,706.51,184.87,498.21,184.89,58.23,184.9,189.06
1753769653807,06:14:13.807,okxus,SOL/USDT:USDT,184.88,675.81,184.87,452.69,184.89,58.1,184.9,185.56
1753769654307,06:14:14.307,okxus,SOL/USDT:USDT,184.88,668.04,184.87,479.07,184.89,150.5,184.9,189.06
1753769654607,06:14:14.607,okxus,SOL/USDT:USDT,184.88,387.73,184.87,448.35,184.89,395.76,184.9,296.13
1753769654807,06:14:14.807,okxus,SOL/USDT:USDT,184.88,353.65,184.87,448.35,184.89,396.74,184.9,296.2
1753769654907,06:14:14.907,okxus,SOL/USDT:USDT,184.88,322.89,184.87,119.79,184.89,440.83,184.9,393.6
1753769655007,06:14:15.007,okxus,SOL/USDT:USDT,184.88,322.89,184.87,319.97,184.89,421.6,184.9,342.32
1753769655107,06:14:15.107,okxus,SOL/USDT:USDT,184.88,322.88,184.87,319.97,184.89,402.9,184.9,342.32
1753769655207,06:14:15.207,okxus,SOL/USDT:USDT,184.88,322.88,184.87,319.97,184.89,451.23,184.9,342.32
1753769655307,06:14:15.307,okxus,SOL/USDT:USDT,184.88,320.75,184.87,319.97,184.89,482.17,184.9,492.28
1753769655407,06:14:15.407,okxus,SOL/USDT:USDT,184.88,312.15,184.87,319.97,184.89,450.65,184.9,492.28
1753769655507,06:14:15.507,okxus,SOL/USDT:USDT,184.88,332.43,184.87,319.97,184.89,499.77,184.9,492.28
1753769655607,06:14:15.607,okxus,SOL/USDT:USDT,184.88,332.43,184.87,319.97,184.89,451.68,184.9,492.34
1753769655807,06:14:15.807,okxus,SOL/USDT:USDT,184.88,332.79,184.87,375.41,184.89,401.85,184.9,446.72
1753769656007,06:14:16.007,okxus,SOL/USDT:USDT,184.88,332.79,184.87,375.41,184.89,401.04,184.9,495.84
1753769656107,06:14:16.107,okxus,SOL/USDT:USDT,184.88,332.43,184.87,375.41,184.89,431.74,184.9,495.84
1753769656607,06:14:16.607,okxus,SOL/USDT:USDT,184.88,332.88,184.87,378.11,184.89,462.77,184.9,496.15
1753769656807,06:14:16.807,okxus,SOL/USDT:USDT,184.88,333.24,184.87,378.11,184.89,463.58,184.9,446.72
