timestamp,time,exchange,symbol,bid1_price,bid1_volume,bid2_price,bid2_volume,ask1_price,ask1_volume,ask2_price,ask2_volume
1753769305874,06:08:25.874,bybit,SOL/USDT:USDT,184.87,1803.3,184.86,1699.8,184.88,184.9,184.89,0.6
1753769305971,06:08:25.971,bybit,SOL/USDT:USDT,184.87,1801.3,184.86,1495.4,184.88,184.9,184.89,0.6
1753769306073,06:08:26.073,bybit,SOL/USDT:USDT,184.88,1452.4,184.87,1417.3,184.89,0.1,184.9,0.9
1753769306271,06:08:26.271,bybit,SOL/USDT:USDT,184.89,1076.1,184.88,1209.7,184.9,17.7,184.91,119.6
1753769306371,06:08:26.371,bybit,SOL/USDT:USDT,184.89,911.6,184.88,1052.9,184.9,33.7,184.91,159.2
1753769306471,06:08:26.471,bybit,SOL/USDT:USDT,184.89,942.3,184.88,1036.9,184.9,165.5,184.91,159.2
1753769306571,06:08:26.571,bybit,SOL/USDT:USDT,184.89,944.9,184.88,1054.7,184.9,17.7,184.91,119.6
1753769306671,06:08:26.671,bybit,SOL/USDT:USDT,184.89,966.9,184.88,1036.3,184.9,1.6,184.91,1.5
1753769306771,06:08:26.771,bybit,SOL/USDT:USDT,184.89,968.5,184.88,1034.5,184.9,1.6,184.91,1.5
1753769306871,06:08:26.871,bybit,SOL/USDT:USDT,184.89,1043.5,184.88,1036.3,184.9,9.8,184.91,1.5
1753769306971,06:08:26.971,bybit,SOL/USDT:USDT,184.89,1101.7,184.88,1036.3,184.9,9.8,184.91,1.5
1753769307172,06:08:27.172,bybit,SOL/USDT:USDT,184.89,1017.9,184.88,1016.7,184.9,25.9,184.91,86.7
1753769307771,06:08:27.771,bybit,SOL/USDT:USDT,184.89,1043.7,184.88,1034.6,184.9,42.6,184.91,47.2
1753769307872,06:08:27.872,bybit,SOL/USDT:USDT,184.89,1042.2,184.88,1016.8,184.9,48.2,184.91,94.9
1753769307972,06:08:27.972,bybit,SOL/USDT:USDT,184.89,1046.0,184.88,1016.8,184.9,48.2,184.91,47.2
1753769308071,06:08:28.071,bybit,SOL/USDT:USDT,184.89,1023.2,184.88,1016.8,184.9,48.2,184.91,47.2
1753769308171,06:08:28.171,bybit,SOL/USDT:USDT,184.89,1025.8,184.88,1018.6,184.9,45.9,184.91,47.2
1753769308271,06:08:28.271,bybit,SOL/USDT:USDT,184.89,1023.0,184.88,1018.6,184.9,45.9,184.91,47.2
1753769308371,06:08:28.371,bybit,SOL/USDT:USDT,184.89,1025.2,184.88,1018.6,184.9,45.9,184.91,47.2
1753769308472,06:08:28.472,bybit,SOL/USDT:USDT,184.89,387.8,184.88,1012.1,184.9,285.2,184.91,47.2
1753769308571,06:08:28.571,bybit,SOL/USDT:USDT,184.89,392.6,184.88,1011.9,184.9,285.2,184.91,106.1
1753769308672,06:08:28.672,bybit,SOL/USDT:USDT,184.89,310.7,184.88,1010.1,184.9,285.2,184.91,106.1
1753769308772,06:08:28.772,bybit,SOL/USDT:USDT,184.89,310.7,184.88,924.1,184.9,285.2,184.91,106.1
1753769308872,06:08:28.872,bybit,SOL/USDT:USDT,184.89,288.2,184.88,924.1,184.9,285.2,184.91,117.9
1753769308971,06:08:28.971,bybit,SOL/USDT:USDT,184.89,247.1,184.88,897.9,184.9,89.6,184.91,47.4
1753769309071,06:08:29.071,bybit,SOL/USDT:USDT,184.89,242.2,184.88,880.3,184.9,100.7,184.91,94.7
1753769309771,06:08:29.771,bybit,SOL/USDT:USDT,184.89,466.1,184.88,974.9,184.9,31.5,184.91,47.2
1753769309871,06:08:29.871,bybit,SOL/USDT:USDT,184.89,466.1,184.88,973.1,184.9,32.0,184.91,47.2
1753769309971,06:08:29.971,bybit,SOL/USDT:USDT,184.89,464.1,184.88,973.1,184.9,30.0,184.91,47.2
1753769310071,06:08:30.071,bybit,SOL/USDT:USDT,184.89,464.1,184.88,973.1,184.9,30.0,184.91,47.2
1753769310671,06:08:30.671,bybit,SOL/USDT:USDT,184.89,454.7,184.88,973.1,184.9,27.7,184.91,47.2
1753769311572,06:08:31.572,bybit,SOL/USDT:USDT,184.89,401.2,184.88,974.9,184.9,28.6,184.91,97.2
1753769311671,06:08:31.671,bybit,SOL/USDT:USDT,184.89,400.9,184.88,973.1,184.9,28.6,184.91,97.2
1753769311772,06:08:31.772,bybit,SOL/USDT:USDT,184.89,396.1,184.88,955.3,184.9,28.6,184.91,97.2
1753769311871,06:08:31.871,bybit,SOL/USDT:USDT,184.89,421.4,184.88,955.3,184.9,28.6,184.91,97.2
1753769311971,06:08:31.971,bybit,SOL/USDT:USDT,184.89,421.4,184.88,955.7,184.9,28.6,184.91,97.2
1753769312071,06:08:32.071,bybit,SOL/USDT:USDT,184.89,9.5,184.88,790.6,184.9,466.1,184.91,235.3
1753769312172,06:08:32.172,bybit,SOL/USDT:USDT,184.88,98.4,184.87,195.6,184.89,236.4,184.9,419.5
1753769312371,06:08:32.371,bybit,SOL/USDT:USDT,184.88,160.9,184.87,261.0,184.89,236.4,184.9,419.5
1753769312471,06:08:32.471,bybit,SOL/USDT:USDT,184.88,160.9,184.87,261.0,184.89,236.4,184.9,419.5
1753769312571,06:08:32.571,bybit,SOL/USDT:USDT,184.88,101.4,184.87,243.4,184.89,236.4,184.9,419.5
1753769312671,06:08:32.671,bybit,SOL/USDT:USDT,184.88,101.4,184.87,195.6,184.89,257.3,184.9,406.8
1753769312772,06:08:32.772,bybit,SOL/USDT:USDT,184.88,101.2,184.87,267.6,184.89,256.6,184.9,406.8
1753769313272,06:08:33.272,bybit,SOL/USDT:USDT,184.88,101.2,184.87,311.9,184.89,271.1,184.9,391.7
1753769313372,06:08:33.372,bybit,SOL/USDT:USDT,184.88,94.9,184.87,299.0,184.89,371.1,184.9,391.7
1753769313472,06:08:33.472,bybit,SOL/USDT:USDT,184.88,73.8,184.87,193.4,184.89,371.1,184.9,529.3
1753769313572,06:08:33.572,bybit,SOL/USDT:USDT,184.87,38.3,184.86,569.0,184.88,194.7,184.89,560.5
1753769313672,06:08:33.672,bybit,SOL/USDT:USDT,184.87,70.8,184.86,334.6,184.88,190.8,184.89,560.2
1753769313772,06:08:33.772,bybit,SOL/USDT:USDT,184.87,141.0,184.86,396.9,184.88,57.0,184.89,327.5
1753769313873,06:08:33.873,bybit,SOL/USDT:USDT,184.88,116.3,184.87,332.2,184.89,238.5,184.9,498.4
1753769313971,06:08:33.971,bybit,SOL/USDT:USDT,184.88,112.1,184.87,284.1,184.89,246.6,184.9,498.4
1753769314071,06:08:34.071,bybit,SOL/USDT:USDT,184.88,69.3,184.87,163.0,184.89,346.6,184.9,599.3
1753769314171,06:08:34.171,bybit,SOL/USDT:USDT,184.88,69.3,184.87,163.0,184.89,346.6,184.9,611.9
1753769314271,06:08:34.271,bybit,SOL/USDT:USDT,184.88,22.2,184.87,163.0,184.89,346.6,184.9,627.1
1753769314371,06:08:34.371,bybit,SOL/USDT:USDT,184.88,39.7,184.87,163.0,184.89,346.6,184.9,612.1
1753769314471,06:08:34.471,bybit,SOL/USDT:USDT,184.88,39.7,184.87,164.8,184.89,347.8,184.9,611.1
1753769314571,06:08:34.571,bybit,SOL/USDT:USDT,184.88,39.7,184.87,164.8,184.89,347.8,184.9,611.1
1753769314671,06:08:34.671,bybit,SOL/USDT:USDT,184.88,39.7,184.87,164.8,184.89,347.8,184.9,611.1
1753769314772,06:08:34.772,bybit,SOL/USDT:USDT,184.88,22.2,184.87,163.0,184.89,347.8,184.9,626.3
1753769314871,06:08:34.871,bybit,SOL/USDT:USDT,184.88,21.3,184.87,164.8,184.89,347.9,184.9,626.0
1753769314972,06:08:34.972,bybit,SOL/USDT:USDT,184.88,21.3,184.87,103.4,184.89,347.9,184.9,640.9
1753769315071,06:08:35.071,bybit,SOL/USDT:USDT,184.88,89.1,184.87,165.4,184.89,275.9,184.9,513.1
1753769315171,06:08:35.171,bybit,SOL/USDT:USDT,184.88,99.6,184.87,291.1,184.89,175.7,184.9,485.4
1753769315271,06:08:35.271,bybit,SOL/USDT:USDT,184.88,99.6,184.87,291.1,184.89,175.7,184.9,485.4
1753769315372,06:08:35.372,bybit,SOL/USDT:USDT,184.88,99.6,184.87,276.7,184.89,175.7,184.9,485.4
1753769315471,06:08:35.471,bybit,SOL/USDT:USDT,184.88,99.6,184.87,291.3,184.89,175.7,184.9,485.4
1753769315572,06:08:35.572,bybit,SOL/USDT:USDT,184.88,99.6,184.87,261.8,184.89,176.1,184.9,485.4
1753769315671,06:08:35.671,bybit,SOL/USDT:USDT,184.88,99.6,184.87,261.8,184.89,176.1,184.9,485.4
1753769315771,06:08:35.771,bybit,SOL/USDT:USDT,184.88,99.6,184.87,261.6,184.89,176.1,184.9,485.2
1753769315872,06:08:35.872,bybit,SOL/USDT:USDT,184.88,99.8,184.87,261.6,184.89,161.5,184.9,485.2
1753769315971,06:08:35.971,bybit,SOL/USDT:USDT,184.88,5.5,184.87,69.1,184.89,278.1,184.9,621.4
1753769316072,06:08:36.072,bybit,SOL/USDT:USDT,184.88,73.3,184.87,69.1,184.89,278.1,184.9,662.3
1753769316171,06:08:36.171,bybit,SOL/USDT:USDT,184.88,83.8,184.87,141.1,184.89,272.8,184.9,662.3
1753769316271,06:08:36.271,bybit,SOL/USDT:USDT,184.88,83.8,184.87,213.5,184.89,170.8,184.9,562.3
1753769316371,06:08:36.371,bybit,SOL/USDT:USDT,184.88,83.8,184.87,213.5,184.89,170.8,184.9,562.3
1753769316471,06:08:36.471,bybit,SOL/USDT:USDT,184.88,83.8,184.87,213.5,184.89,171.9,184.9,562.3
1753769316571,06:08:36.571,bybit,SOL/USDT:USDT,184.88,83.8,184.87,141.1,184.89,175.6,184.9,576.9
1753769316671,06:08:36.671,bybit,SOL/USDT:USDT,184.88,73.3,184.87,141.1,184.89,175.6,184.9,576.9
1753769316771,06:08:36.771,bybit,SOL/USDT:USDT,184.88,75.5,184.87,141.1,184.89,175.6,184.9,562.3
1753769316871,06:08:36.871,bybit,SOL/USDT:USDT,184.88,75.5,184.87,149.0,184.89,175.6,184.9,562.3
1753769316971,06:08:36.971,bybit,SOL/USDT:USDT,184.88,86.0,184.87,213.0,184.89,172.5,184.9,562.3
1753769317071,06:08:37.071,bybit,SOL/USDT:USDT,184.88,86.0,184.87,184.8,184.89,172.5,184.9,576.9
1753769317171,06:08:37.171,bybit,SOL/USDT:USDT,184.88,75.5,184.87,139.3,184.89,173.8,184.9,591.5
1753769317272,06:08:37.272,bybit,SOL/USDT:USDT,184.88,75.5,184.87,139.3,184.89,173.8,184.9,591.5
1753769317371,06:08:37.371,bybit,SOL/USDT:USDT,184.88,77.1,184.87,141.1,184.89,172.8,184.9,576.9
1753769317472,06:08:37.472,bybit,SOL/USDT:USDT,184.88,77.1,184.87,205.7,184.89,172.8,184.9,562.3
1753769317571,06:08:37.571,bybit,SOL/USDT:USDT,184.88,77.1,184.87,205.7,184.89,172.8,184.9,562.3
1753769317671,06:08:37.671,bybit,SOL/USDT:USDT,184.88,25.5,184.87,67.3,184.89,294.5,184.9,696.1
1753769317771,06:08:37.771,bybit,SOL/USDT:USDT,184.88,25.5,184.87,67.3,184.89,280.2,184.9,577.2
1753769317871,06:08:37.871,bybit,SOL/USDT:USDT,184.88,8.6,184.87,75.3,184.89,280.2,184.9,562.6
1753769317971,06:08:37.971,bybit,SOL/USDT:USDT,184.88,98.6,184.87,142.7,184.89,180.8,184.9,562.3
1753769318071,06:08:38.071,bybit,SOL/USDT:USDT,184.88,125.4,184.87,329.0,184.89,174.8,184.9,562.3
1753769318171,06:08:38.171,bybit,SOL/USDT:USDT,184.88,122.8,184.87,314.4,184.89,174.8,184.9,562.3
1753769318271,06:08:38.271,bybit,SOL/USDT:USDT,184.88,122.8,184.87,314.4,184.89,174.8,184.9,562.3
1753769318371,06:08:38.371,bybit,SOL/USDT:USDT,184.88,122.8,184.87,314.4,184.89,174.8,184.9,562.3
1753769318471,06:08:38.471,bybit,SOL/USDT:USDT,184.88,98.8,184.87,246.7,184.89,177.2,184.9,577.2
1753769318571,06:08:38.571,bybit,SOL/USDT:USDT,184.88,98.8,184.87,246.7,184.89,177.2,184.9,577.2
1753769318671,06:08:38.671,bybit,SOL/USDT:USDT,184.88,81.3,184.87,174.7,184.89,177.2,184.9,591.8
1753769318771,06:08:38.771,bybit,SOL/USDT:USDT,184.88,81.3,184.87,248.5,184.89,177.1,184.9,576.9
1753769318872,06:08:38.872,bybit,SOL/USDT:USDT,184.88,81.3,184.87,277.0,184.89,177.1,184.9,562.3
1753769318971,06:08:38.971,bybit,SOL/USDT:USDT,184.88,81.3,184.87,277.0,184.89,177.2,184.9,576.4
1753769319071,06:08:39.071,bybit,SOL/USDT:USDT,184.88,81.3,184.87,248.5,184.89,177.2,184.9,576.4
1753769319171,06:08:39.171,bybit,SOL/USDT:USDT,184.88,81.3,184.87,248.5,184.89,177.2,184.9,576.4
1753769319273,06:08:39.273,bybit,SOL/USDT:USDT,184.88,81.3,184.87,248.5,184.89,177.2,184.9,590.5
1753769319372,06:08:39.372,bybit,SOL/USDT:USDT,184.88,82.2,184.87,248.5,184.89,177.2,184.9,576.4
1753769319471,06:08:39.471,bybit,SOL/USDT:USDT,184.88,82.2,184.87,248.5,184.89,177.2,184.9,590.5
1753769319572,06:08:39.572,bybit,SOL/USDT:USDT,184.88,82.1,184.87,167.0,184.89,177.2,184.9,590.5
1753769319671,06:08:39.671,bybit,SOL/USDT:USDT,184.88,82.1,184.87,167.0,184.89,177.2,184.9,590.5
1753769319771,06:08:39.771,bybit,SOL/USDT:USDT,184.88,71.6,184.87,168.8,184.89,177.2,184.9,576.4
1753769319871,06:08:39.871,bybit,SOL/USDT:USDT,184.88,71.6,184.87,223.9,184.89,177.2,184.9,562.3
1753769319971,06:08:39.971,bybit,SOL/USDT:USDT,184.88,71.6,184.87,192.5,184.89,190.5,184.9,576.7
1753769320071,06:08:40.071,bybit,SOL/USDT:USDT,184.88,71.6,184.87,167.0,184.89,362.5,184.9,576.7
1753769320171,06:08:40.171,bybit,SOL/USDT:USDT,184.88,72.6,184.87,167.0,184.89,362.5,184.9,576.7
1753769320272,06:08:40.272,bybit,SOL/USDT:USDT,184.88,72.6,184.87,269.1,184.89,189.1,184.9,562.3
1753769320371,06:08:40.371,bybit,SOL/USDT:USDT,184.88,87.9,184.87,269.1,184.89,189.1,184.9,562.3
1753769320471,06:08:40.471,bybit,SOL/USDT:USDT,184.88,87.9,184.87,269.1,184.89,189.1,184.9,562.3
1753769320571,06:08:40.571,bybit,SOL/USDT:USDT,184.88,87.9,184.87,240.8,184.89,189.1,184.9,562.3
1753769320671,06:08:40.671,bybit,SOL/USDT:USDT,184.88,87.9,184.87,240.8,184.89,189.1,184.9,562.3
1753769320771,06:08:40.771,bybit,SOL/USDT:USDT,184.88,31.1,184.87,167.2,184.89,289.7,184.9,719.0
1753769320871,06:08:40.871,bybit,SOL/USDT:USDT,184.88,31.1,184.87,167.2,184.89,289.7,184.9,591.7
1753769320972,06:08:40.972,bybit,SOL/USDT:USDT,184.88,72.4,184.87,239.2,184.89,290.0,184.9,590.4
1753769321071,06:08:41.071,bybit,SOL/USDT:USDT,184.88,72.4,184.87,167.2,184.89,290.0,184.9,590.4
1753769321171,06:08:41.171,bybit,SOL/USDT:USDT,184.88,77.2,184.87,167.2,184.89,290.0,184.9,562.8
1753769321274,06:08:41.274,bybit,SOL/USDT:USDT,184.88,53.4,184.87,167.2,184.89,303.5,184.9,590.4
1753769321371,06:08:41.371,bybit,SOL/USDT:USDT,184.88,135.9,184.87,544.1,184.89,65.9,184.9,490.3
1753769321471,06:08:41.471,bybit,SOL/USDT:USDT,184.88,127.1,184.87,554.8,184.89,60.8,184.9,490.3
1753769321571,06:08:41.571,bybit,SOL/USDT:USDT,184.88,111.0,184.87,510.0,184.89,159.2,184.9,490.3
1753769321872,06:08:41.872,bybit,SOL/USDT:USDT,184.88,86.3,184.87,563.1,184.89,147.0,184.9,490.3
1753769321971,06:08:41.971,bybit,SOL/USDT:USDT,184.88,86.3,184.87,563.1,184.89,147.0,184.9,503.0
1753769322072,06:08:42.072,bybit,SOL/USDT:USDT,184.88,29.7,184.87,338.5,184.89,351.8,184.9,516.0
1753769322171,06:08:42.171,bybit,SOL/USDT:USDT,184.88,3.0,184.87,5.2,184.89,367.1,184.9,516.0
1753769322271,06:08:42.271,bybit,SOL/USDT:USDT,184.88,7.8,184.87,47.1,184.89,426.9,184.9,626.0
1753769322371,06:08:42.371,bybit,SOL/USDT:USDT,184.88,8.3,184.87,47.1,184.89,411.6,184.9,613.3
1753769322472,06:08:42.472,bybit,SOL/USDT:USDT,184.88,25.8,184.87,47.3,184.89,411.6,184.9,600.6
1753769322572,06:08:42.572,bybit,SOL/USDT:USDT,184.88,25.8,184.87,47.3,184.89,411.6,184.9,600.6
1753769322672,06:08:42.672,bybit,SOL/USDT:USDT,184.88,7.8,184.87,1.0,184.89,411.6,184.9,613.3
1753769322772,06:08:42.772,bybit,SOL/USDT:USDT,184.87,0.3,184.86,332.1,184.88,729.7,184.89,482.1
1753769322871,06:08:42.871,bybit,SOL/USDT:USDT,184.87,35.2,184.86,375.4,184.88,664.6,184.89,482.2
1753769322971,06:08:42.971,bybit,SOL/USDT:USDT,184.87,40.0,184.86,447.4,184.88,664.1,184.89,471.4
1753769323071,06:08:43.071,bybit,SOL/USDT:USDT,184.87,23.1,184.86,363.4,184.88,680.0,184.89,455.6
1753769323171,06:08:43.171,bybit,SOL/USDT:USDT,184.87,22.6,184.86,363.4,184.88,680.0,184.89,455.6
1753769323273,06:08:43.273,bybit,SOL/USDT:USDT,184.87,27.3,184.86,363.9,184.88,608.0,184.89,383.6
1753769323371,06:08:43.371,bybit,SOL/USDT:USDT,184.87,27.3,184.86,351.4,184.88,608.0,184.89,383.6
1753769323472,06:08:43.472,bybit,SOL/USDT:USDT,184.87,5.1,184.86,351.4,184.88,544.5,184.89,360.6
1753769323572,06:08:43.572,bybit,SOL/USDT:USDT,184.87,0.3,184.86,80.3,184.88,720.4,184.89,402.0
1753769323672,06:08:43.672,bybit,SOL/USDT:USDT,184.86,27.9,184.85,47.0,184.87,713.7,184.88,787.3
1753769323771,06:08:43.771,bybit,SOL/USDT:USDT,184.86,18.6,184.85,64.8,184.87,811.1,184.88,787.6
1753769323872,06:08:43.872,bybit,SOL/USDT:USDT,184.86,91.4,184.85,125.7,184.87,280.9,184.88,602.3
1753769323971,06:08:43.971,bybit,SOL/USDT:USDT,184.86,18.2,184.85,164.6,184.87,380.9,184.88,602.7
1753769324071,06:08:44.071,bybit,SOL/USDT:USDT,184.86,17.7,184.85,92.6,184.87,395.7,184.88,586.4
1753769324171,06:08:44.171,bybit,SOL/USDT:USDT,184.86,18.2,184.85,92.6,184.87,395.7,184.88,586.4
1753769324271,06:08:44.271,bybit,SOL/USDT:USDT,184.86,18.2,184.85,92.6,184.87,396.8,184.88,586.4
1753769324371,06:08:44.371,bybit,SOL/USDT:USDT,184.86,0.7,184.85,92.6,184.87,396.7,184.88,586.4
1753769324471,06:08:44.471,bybit,SOL/USDT:USDT,184.86,0.7,184.85,74.8,184.87,396.7,184.88,586.4
1753769324571,06:08:44.571,bybit,SOL/USDT:USDT,184.86,0.1,184.85,92.6,184.87,472.1,184.88,586.4
1753769324771,06:08:44.771,bybit,SOL/USDT:USDT,184.86,0.1,184.85,28.7,184.87,472.1,184.88,586.4
1753769324871,06:08:44.871,bybit,SOL/USDT:USDT,184.86,17.6,184.85,92.6,184.87,471.7,184.88,586.4
1753769324972,06:08:44.972,bybit,SOL/USDT:USDT,184.86,0.1,184.85,128.8,184.87,544.7,184.88,586.4
1753769325071,06:08:45.071,bybit,SOL/USDT:USDT,184.86,0.1,184.85,146.6,184.87,544.7,184.88,586.5
1753769325172,06:08:45.172,bybit,SOL/USDT:USDT,184.86,0.6,184.85,128.8,184.87,543.7,184.88,586.5
1753769325273,06:08:45.273,bybit,SOL/USDT:USDT,184.86,0.1,184.85,100.5,184.87,555.7,184.88,586.5
1753769325371,06:08:45.371,bybit,SOL/USDT:USDT,184.86,0.1,184.85,100.5,184.87,553.9,184.88,586.5
1753769325471,06:08:45.471,bybit,SOL/USDT:USDT,184.86,0.1,184.85,100.5,184.87,455.8,184.88,586.4
1753769325571,06:08:45.571,bybit,SOL/USDT:USDT,184.86,0.1,184.85,100.5,184.87,555.8,184.88,586.5
1753769325671,06:08:45.671,bybit,SOL/USDT:USDT,184.86,0.1,184.85,82.7,184.87,555.8,184.88,586.5
1753769325771,06:08:45.771,bybit,SOL/USDT:USDT,184.86,0.1,184.85,100.5,184.87,555.8,184.88,586.5
1753769325871,06:08:45.871,bybit,SOL/USDT:USDT,184.86,0.1,184.85,146.6,184.87,555.8,184.88,586.5
1753769325971,06:08:45.971,bybit,SOL/USDT:USDT,184.86,0.1,184.85,128.8,184.87,555.8,184.88,586.5
1753769326071,06:08:46.071,bybit,SOL/USDT:USDT,184.86,0.6,184.85,146.6,184.87,555.8,184.88,586.5
1753769326171,06:08:46.171,bybit,SOL/USDT:USDT,184.86,0.6,184.85,166.2,184.87,555.8,184.88,586.5
1753769326271,06:08:46.271,bybit,SOL/USDT:USDT,184.86,18.1,184.85,154.8,184.87,484.7,184.88,586.5
1753769326371,06:08:46.371,bybit,SOL/USDT:USDT,184.86,18.1,184.85,218.6,184.87,421.9,184.88,549.7
1753769326471,06:08:46.471,bybit,SOL/USDT:USDT,184.86,64.2,184.85,299.1,184.87,329.2,184.88,549.5
1753769326571,06:08:46.571,bybit,SOL/USDT:USDT,184.86,219.2,184.85,927.0,184.87,223.8,184.88,533.1
1753769326671,06:08:46.671,bybit,SOL/USDT:USDT,184.86,229.7,184.85,927.0,184.87,140.9,184.88,533.3
1753769326772,06:08:46.772,bybit,SOL/USDT:USDT,184.86,229.9,184.85,937.2,184.87,141.1,184.88,533.3
1753769326871,06:08:46.871,bybit,SOL/USDT:USDT,184.86,225.1,184.85,925.6,184.87,141.1,184.88,533.3
1753769326972,06:08:46.972,bybit,SOL/USDT:USDT,184.86,297.2,184.85,925.6,184.87,141.0,184.88,533.3
1753769327071,06:08:47.071,bybit,SOL/USDT:USDT,184.86,302.0,184.85,925.6,184.87,141.0,184.88,533.3
1753769327171,06:08:47.171,bybit,SOL/USDT:USDT,184.86,230.0,184.85,937.2,184.87,141.0,184.88,533.3
1753769327273,06:08:47.273,bybit,SOL/USDT:USDT,184.86,198.5,184.85,925.6,184.87,141.7,184.88,533.3
1753769327371,06:08:47.371,bybit,SOL/USDT:USDT,184.86,140.7,184.85,925.6,184.87,141.7,184.88,533.3
1753769327471,06:08:47.471,bybit,SOL/USDT:USDT,184.86,145.5,184.85,937.7,184.87,150.5,184.88,533.3
1753769327571,06:08:47.571,bybit,SOL/USDT:USDT,184.86,145.5,184.85,937.2,184.87,150.5,184.88,533.3
1753769327671,06:08:47.671,bybit,SOL/USDT:USDT,184.86,93.3,184.85,889.3,184.87,154.5,184.88,533.3
1753769327771,06:08:47.771,bybit,SOL/USDT:USDT,184.86,22.5,184.85,858.8,184.87,248.0,184.88,568.5
1753769327871,06:08:47.871,bybit,SOL/USDT:USDT,184.86,0.8,184.85,736.4,184.87,248.2,184.88,568.5
1753769327972,06:08:47.972,bybit,SOL/USDT:USDT,184.86,64.4,184.85,754.2,184.87,247.5,184.88,568.2
1753769328072,06:08:48.072,bybit,SOL/USDT:USDT,184.86,65.3,184.85,767.6,184.87,247.5,184.88,568.2
1753769328172,06:08:48.172,bybit,SOL/USDT:USDT,184.86,93.1,184.85,808.5,184.87,157.3,184.88,564.0
1753769328271,06:08:48.271,bybit,SOL/USDT:USDT,184.86,152.4,184.85,796.9,184.87,157.2,184.88,564.2
1753769328371,06:08:48.371,bybit,SOL/USDT:USDT,184.86,404.5,184.85,1432.0,184.87,101.6,184.88,303.6
1753769328472,06:08:48.472,bybit,SOL/USDT:USDT,184.86,393.3,184.85,1431.2,184.87,101.5,184.88,303.6
1753769328572,06:08:48.572,bybit,SOL/USDT:USDT,184.86,393.3,184.85,1431.2,184.87,101.5,184.88,303.6
1753769329071,06:08:49.071,bybit,SOL/USDT:USDT,184.86,427.6,184.85,1441.9,184.87,79.3,184.88,130.3
1753769329171,06:08:49.171,bybit,SOL/USDT:USDT,184.86,425.0,184.85,1441.9,184.87,79.3,184.88,130.3
1753769329272,06:08:49.272,bybit,SOL/USDT:USDT,184.86,413.7,184.85,1441.9,184.87,79.3,184.88,84.4
1753769329371,06:08:49.371,bybit,SOL/USDT:USDT,184.86,416.3,184.85,1431.1,184.87,79.6,184.88,84.4
1753769329471,06:08:49.471,bybit,SOL/USDT:USDT,184.86,416.3,184.85,1441.9,184.87,79.6,184.88,84.4
1753769329571,06:08:49.571,bybit,SOL/USDT:USDT,184.86,413.7,184.85,1430.6,184.87,79.6,184.88,84.4
1753769329671,06:08:49.671,bybit,SOL/USDT:USDT,184.86,413.7,184.85,1430.6,184.87,79.6,184.88,84.4
1753769329771,06:08:49.771,bybit,SOL/USDT:USDT,184.86,393.5,184.85,1441.9,184.87,79.6,184.88,84.4
1753769329871,06:08:49.871,bybit,SOL/USDT:USDT,184.86,393.5,184.85,1441.9,184.87,79.6,184.88,156.4
1753769329972,06:08:49.972,bybit,SOL/USDT:USDT,184.86,393.5,184.85,1441.9,184.87,79.6,184.88,156.4
1753769330071,06:08:50.071,bybit,SOL/USDT:USDT,184.86,393.5,184.85,1441.9,184.87,79.6,184.88,156.4
1753769330171,06:08:50.171,bybit,SOL/USDT:USDT,184.86,413.7,184.85,1430.6,184.87,79.6,184.88,84.4
1753769330271,06:08:50.271,bybit,SOL/USDT:USDT,184.86,413.7,184.85,1430.6,184.87,79.6,184.88,84.4
1753769330371,06:08:50.371,bybit,SOL/USDT:USDT,184.86,413.7,184.85,1441.9,184.87,79.6,184.88,84.4
1753769330471,06:08:50.471,bybit,SOL/USDT:USDT,184.86,413.7,184.85,1441.9,184.87,79.6,184.88,84.4
1753769330571,06:08:50.571,bybit,SOL/USDT:USDT,184.86,413.7,184.85,1441.9,184.87,79.6,184.88,84.4
1753769330672,06:08:50.672,bybit,SOL/USDT:USDT,184.86,413.7,184.85,1441.9,184.87,79.6,184.88,84.4
1753769330771,06:08:50.771,bybit,SOL/USDT:USDT,184.86,413.7,184.85,1441.9,184.87,79.6,184.88,84.4
1753769330871,06:08:50.871,bybit,SOL/USDT:USDT,184.86,413.7,184.85,1441.9,184.87,79.6,184.88,84.4
1753769330972,06:08:50.972,bybit,SOL/USDT:USDT,184.86,408.9,184.85,1430.6,184.87,79.6,184.88,130.5
1753769331072,06:08:51.072,bybit,SOL/USDT:USDT,184.86,408.9,184.85,1430.6,184.87,79.6,184.88,130.5
1753769331171,06:08:51.171,bybit,SOL/USDT:USDT,184.86,391.1,184.85,1430.6,184.87,79.6,184.88,130.5
1753769331271,06:08:51.271,bybit,SOL/USDT:USDT,184.86,70.1,184.85,1310.4,184.87,191.3,184.88,341.8
1753769331371,06:08:51.371,bybit,SOL/USDT:USDT,184.86,70.1,184.85,1310.4,184.87,191.7,184.88,330.5
1753769331471,06:08:51.471,bybit,SOL/USDT:USDT,184.86,70.1,184.85,1312.2,184.87,174.2,184.88,330.2
1753769331572,06:08:51.572,bybit,SOL/USDT:USDT,184.86,70.1,184.85,1312.2,184.87,174.2,184.88,330.2
1753769331671,06:08:51.671,bybit,SOL/USDT:USDT,184.86,70.1,184.85,1312.2,184.87,174.2,184.88,330.2
1753769331771,06:08:51.771,bybit,SOL/USDT:USDT,184.86,70.1,184.85,1310.4,184.87,220.3,184.88,330.5
1753769331871,06:08:51.871,bybit,SOL/USDT:USDT,184.86,69.9,184.85,1177.1,184.87,220.4,184.88,413.8
1753769331971,06:08:51.971,bybit,SOL/USDT:USDT,184.86,69.9,184.85,1177.3,184.87,295.6,184.88,489.0
1753769332071,06:08:52.071,bybit,SOL/USDT:USDT,184.86,69.9,184.85,1177.3,184.87,295.6,184.88,477.7
1753769332172,06:08:52.172,bybit,SOL/USDT:USDT,184.86,69.9,184.85,1177.3,184.87,293.0,184.88,477.5
1753769332271,06:08:52.271,bybit,SOL/USDT:USDT,184.86,69.9,184.85,1177.3,184.87,292.9,184.88,477.5
1753769332371,06:08:52.371,bybit,SOL/USDT:USDT,184.86,69.9,184.85,1177.3,184.87,292.8,184.88,477.4
1753769332472,06:08:52.472,bybit,SOL/USDT:USDT,184.86,69.9,184.85,1177.3,184.87,3203.9,184.88,477.4
1753769332573,06:08:52.573,bybit,SOL/USDT:USDT,184.85,261.6,184.84,3974.8,184.86,504.2,184.87,3214.8
1753769332672,06:08:52.672,bybit,SOL/USDT:USDT,184.85,261.5,184.84,3974.8,184.86,504.2,184.87,3215.1
1753769332771,06:08:52.771,bybit,SOL/USDT:USDT,184.85,261.5,184.84,3974.8,184.86,341.6,184.87,3268.9
1753769332871,06:08:52.871,bybit,SOL/USDT:USDT,184.85,126.6,184.84,3975.8,184.86,341.7,184.87,3268.9
1753769332971,06:08:52.971,bybit,SOL/USDT:USDT,184.85,126.6,184.84,3970.4,184.86,341.7,184.87,3268.9
1753769333071,06:08:53.071,bybit,SOL/USDT:USDT,184.85,126.6,184.84,3970.4,184.86,341.7,184.87,3268.9
1753769333171,06:08:53.171,bybit,SOL/USDT:USDT,184.85,126.6,184.84,3970.4,184.86,341.7,184.87,3268.9
1753769333272,06:08:53.272,bybit,SOL/USDT:USDT,184.85,126.6,184.84,3970.4,184.86,324.2,184.87,3269.2
1753769333371,06:08:53.371,bybit,SOL/USDT:USDT,184.85,126.6,184.84,3970.4,184.86,324.2,184.87,3269.2
1753769333471,06:08:53.471,bybit,SOL/USDT:USDT,184.85,46.1,184.84,3959.4,184.86,334.1,184.87,3269.2
1753769333572,06:08:53.572,bybit,SOL/USDT:USDT,184.84,3977.1,184.83,77.2,184.85,307.3,184.86,588.2
1753769333672,06:08:53.672,bybit,SOL/USDT:USDT,184.84,3977.1,184.83,30.6,184.85,261.0,184.86,496.4
1753769333772,06:08:53.772,bybit,SOL/USDT:USDT,184.84,4004.6,184.83,30.6,184.85,265.7,184.86,496.6
1753769333871,06:08:53.871,bybit,SOL/USDT:USDT,184.84,4004.6,184.83,131.3,184.85,269.3,184.86,496.6
1753769333971,06:08:53.971,bybit,SOL/USDT:USDT,184.84,4004.6,184.83,131.3,184.85,269.3,184.86,496.6
1753769334071,06:08:54.071,bybit,SOL/USDT:USDT,184.84,3983.4,184.83,119.5,184.85,297.3,184.86,519.4
1753769334171,06:08:54.171,bybit,SOL/USDT:USDT,184.84,3983.4,184.83,119.7,184.85,314.8,184.86,519.9
1753769334271,06:08:54.271,bybit,SOL/USDT:USDT,184.84,4002.6,184.83,119.7,184.85,317.4,184.86,520.5
1753769334371,06:08:54.371,bybit,SOL/USDT:USDT,184.84,4002.6,184.83,119.7,184.85,350.4,184.86,508.1
1753769334471,06:08:54.471,bybit,SOL/USDT:USDT,184.84,4002.6,184.83,117.9,184.85,396.9,184.86,512.2
1753769334571,06:08:54.571,bybit,SOL/USDT:USDT,184.84,4002.6,184.83,119.7,184.85,339.5,184.86,500.8
1753769334671,06:08:54.671,bybit,SOL/USDT:USDT,184.84,4002.6,184.83,119.7,184.85,339.5,184.86,500.8
1753769334772,06:08:54.772,bybit,SOL/USDT:USDT,184.84,4002.6,184.83,119.7,184.85,339.5,184.86,501.2
1753769334871,06:08:54.871,bybit,SOL/USDT:USDT,184.84,4002.6,184.83,119.7,184.85,339.5,184.86,501.2
1753769334971,06:08:54.971,bybit,SOL/USDT:USDT,184.84,4002.6,184.83,119.7,184.85,339.5,184.86,501.2
1753769335071,06:08:55.071,bybit,SOL/USDT:USDT,184.84,4002.6,184.83,119.7,184.85,340.6,184.86,489.4
1753769335171,06:08:55.171,bybit,SOL/USDT:USDT,184.84,4002.6,184.83,119.7,184.85,316.6,184.86,501.2
1753769335273,06:08:55.273,bybit,SOL/USDT:USDT,184.84,4002.6,184.83,119.7,184.85,359.1,184.86,513.0
1753769335371,06:08:55.371,bybit,SOL/USDT:USDT,184.84,4002.6,184.83,119.7,184.85,360.6,184.86,513.0
1753769335471,06:08:55.471,bybit,SOL/USDT:USDT,184.84,4002.6,184.83,119.7,184.85,386.9,184.86,513.0
1753769335572,06:08:55.572,bybit,SOL/USDT:USDT,184.84,4002.6,184.83,119.7,184.85,363.3,184.86,513.0
1753769335672,06:08:55.672,bybit,SOL/USDT:USDT,184.84,4002.6,184.83,119.7,184.85,309.2,184.86,489.4
1753769335771,06:08:55.771,bybit,SOL/USDT:USDT,184.84,4002.6,184.83,119.7,184.85,237.2,184.86,489.4
1753769335871,06:08:55.871,bybit,SOL/USDT:USDT,184.84,4002.6,184.83,119.7,184.85,285.2,184.86,513.8
1753769335972,06:08:55.972,bybit,SOL/USDT:USDT,184.84,4002.6,184.83,119.7,184.85,237.2,184.86,501.6
1753769336072,06:08:56.072,bybit,SOL/USDT:USDT,184.84,4002.6,184.83,119.7,184.85,241.5,184.86,524.7
1753769336172,06:08:56.172,bybit,SOL/USDT:USDT,184.84,4002.6,184.83,119.7,184.85,241.5,184.86,524.7
1753769336272,06:08:56.272,bybit,SOL/USDT:USDT,184.84,4002.6,184.83,119.7,184.85,241.5,184.86,524.7
1753769336371,06:08:56.371,bybit,SOL/USDT:USDT,184.84,4002.6,184.83,119.7,184.85,241.6,184.86,500.3
1753769336471,06:08:56.471,bybit,SOL/USDT:USDT,184.84,4002.6,184.83,119.7,184.85,241.7,184.86,500.3
1753769336571,06:08:56.571,bybit,SOL/USDT:USDT,184.84,4002.6,184.83,119.7,184.85,241.7,184.86,524.7
1753769336672,06:08:56.672,bybit,SOL/USDT:USDT,184.84,1909.7,184.83,1.0,184.85,372.0,184.86,1522.4
1753769336772,06:08:56.772,bybit,SOL/USDT:USDT,184.84,1882.1,184.83,0.9,184.85,656.7,184.86,1522.9
1753769336872,06:08:56.872,bybit,SOL/USDT:USDT,184.82,19.4,184.81,97.0,184.83,375.0,184.84,739.0
1753769336972,06:08:56.972,bybit,SOL/USDT:USDT,184.82,17.7,184.81,0.8,184.83,523.2,184.84,1017.8
1753769337173,06:08:57.173,bybit,SOL/USDT:USDT,184.81,73.8,184.8,79.3,184.82,667.1,184.83,687.7
1753769337275,06:08:57.275,bybit,SOL/USDT:USDT,184.81,27.7,184.8,79.3,184.82,739.4,184.83,462.6
1753769337372,06:08:57.372,bybit,SOL/USDT:USDT,184.81,107.4,184.8,79.3,184.82,636.9,184.83,438.1
1753769337472,06:08:57.472,bybit,SOL/USDT:USDT,184.81,46.2,184.8,106.9,184.82,780.3,184.83,490.0
1753769337571,06:08:57.571,bybit,SOL/USDT:USDT,184.81,0.1,184.8,106.9,184.82,782.9,184.83,595.7
1753769337672,06:08:57.672,bybit,SOL/USDT:USDT,184.81,0.1,184.8,60.8,184.82,807.2,184.83,595.7
1753769337771,06:08:57.771,bybit,SOL/USDT:USDT,184.81,0.1,184.8,60.8,184.82,807.2,184.83,595.7
1753769337872,06:08:57.872,bybit,SOL/USDT:USDT,184.81,0.1,184.8,60.8,184.82,729.1,184.83,595.7
1753769337972,06:08:57.972,bybit,SOL/USDT:USDT,184.81,0.1,184.8,106.9,184.82,829.1,184.83,596.1
1753769338072,06:08:58.072,bybit,SOL/USDT:USDT,184.81,0.1,184.8,106.9,184.82,904.1,184.83,596.1
1753769338171,06:08:58.171,bybit,SOL/USDT:USDT,184.81,0.1,184.8,106.9,184.82,880.1,184.83,596.2
1753769338271,06:08:58.271,bybit,SOL/USDT:USDT,184.81,0.1,184.8,106.9,184.82,853.2,184.83,596.2
1753769338371,06:08:58.371,bybit,SOL/USDT:USDT,184.81,0.1,184.8,106.9,184.82,853.2,184.83,596.2
1753769338471,06:08:58.471,bybit,SOL/USDT:USDT,184.81,0.1,184.8,106.9,184.82,897.0,184.83,595.9
1753769338572,06:08:58.572,bybit,SOL/USDT:USDT,184.81,0.1,184.8,106.9,184.82,897.0,184.83,571.6
1753769338671,06:08:58.671,bybit,SOL/USDT:USDT,184.81,64.2,184.8,106.9,184.82,897.0,184.83,547.3
1753769338772,06:08:58.772,bybit,SOL/USDT:USDT,184.81,84.5,184.8,106.9,184.82,822.0,184.83,547.6
1753769338871,06:08:58.871,bybit,SOL/USDT:USDT,184.81,203.1,184.8,117.7,184.82,612.9,184.83,518.7
1753769338971,06:08:58.971,bybit,SOL/USDT:USDT,184.81,64.2,184.8,106.9,184.82,687.9,184.83,519.0
1753769339071,06:08:59.071,bybit,SOL/USDT:USDT,184.81,64.2,184.8,106.9,184.82,1038.1,184.83,519.2
1753769339172,06:08:59.172,bybit,SOL/USDT:USDT,184.81,64.2,184.8,106.9,184.82,1038.1,184.83,519.2
1753769339272,06:08:59.272,bybit,SOL/USDT:USDT,184.81,46.2,184.8,106.9,184.82,1038.1,184.83,567.2
1753769339372,06:08:59.372,bybit,SOL/USDT:USDT,184.81,64.2,184.8,106.9,184.82,1038.1,184.83,519.2
1753769339472,06:08:59.472,bybit,SOL/USDT:USDT,184.81,175.0,184.8,231.1,184.82,891.3,184.83,351.2
1753769339571,06:08:59.571,bybit,SOL/USDT:USDT,184.81,199.0,184.8,229.3,184.82,820.8,184.83,351.1
1753769339671,06:08:59.671,bybit,SOL/USDT:USDT,184.81,199.0,184.8,229.3,184.82,709.2,184.83,362.0
1753769339772,06:08:59.772,bybit,SOL/USDT:USDT,184.81,159.3,184.8,229.3,184.82,781.2,184.83,385.7
1753769339871,06:08:59.871,bybit,SOL/USDT:USDT,184.81,330.4,184.8,552.5,184.82,532.2,184.83,92.8
1753769339972,06:08:59.972,bybit,SOL/USDT:USDT,184.81,287.9,184.8,474.9,184.82,532.4,184.83,151.3
1753769340071,06:09:00.071,bybit,SOL/USDT:USDT,184.81,84.5,184.8,474.9,184.82,632.2,184.83,312.0
1753769340172,06:09:00.172,bybit,SOL/USDT:USDT,184.81,84.5,184.8,417.6,184.82,532.0,184.83,335.5
1753769340272,06:09:00.272,bybit,SOL/USDT:USDT,184.81,84.5,184.8,417.6,184.82,632.2,184.83,346.3
1753769340371,06:09:00.371,bybit,SOL/USDT:USDT,184.81,84.5,184.8,417.6,184.82,733.0,184.83,346.4
1753769340472,06:09:00.472,bybit,SOL/USDT:USDT,184.81,69.1,184.8,417.6,184.82,732.8,184.83,323.0
1753769340572,06:09:00.572,bybit,SOL/USDT:USDT,184.81,0.8,184.8,79.3,184.82,822.0,184.83,421.1
1753769340671,06:09:00.671,bybit,SOL/USDT:USDT,184.81,0.8,184.8,79.3,184.82,833.1,184.83,410.2
1753769340772,06:09:00.772,bybit,SOL/USDT:USDT,184.81,0.8,184.8,79.3,184.82,904.5,184.83,410.3
1753769340871,06:09:00.871,bybit,SOL/USDT:USDT,184.81,0.8,184.8,79.3,184.82,986.1,184.83,410.3
1753769340971,06:09:00.971,bybit,SOL/USDT:USDT,184.81,0.8,184.8,33.2,184.82,962.7,184.83,410.4
1753769341071,06:09:01.071,bybit,SOL/USDT:USDT,184.81,161.6,184.8,33.2,184.82,965.0,184.83,410.4
1753769341171,06:09:01.171,bybit,SOL/USDT:USDT,184.81,161.5,184.8,79.3,184.82,962.4,184.83,363.6
1753769341271,06:09:01.271,bybit,SOL/USDT:USDT,184.81,161.5,184.8,79.3,184.82,904.5,184.83,408.6
1753769341371,06:09:01.371,bybit,SOL/USDT:USDT,184.81,161.5,184.8,79.3,184.82,904.5,184.83,363.6
1753769341472,06:09:01.472,bybit,SOL/USDT:USDT,184.81,161.5,184.8,79.3,184.82,803.5,184.83,409.4
1753769341571,06:09:01.571,bybit,SOL/USDT:USDT,184.81,165.7,184.8,79.3,184.82,803.7,184.83,409.4
1753769341671,06:09:01.671,bybit,SOL/USDT:USDT,184.81,219.6,184.8,225.8,184.82,756.7,184.83,335.2
1753769341771,06:09:01.771,bybit,SOL/USDT:USDT,184.81,266.4,184.8,413.1,184.82,756.7,184.83,93.8
1753769341872,06:09:01.872,bybit,SOL/USDT:USDT,184.81,207.6,184.8,318.8,184.82,756.7,184.83,116.0
1753769341972,06:09:01.972,bybit,SOL/USDT:USDT,184.81,208.7,184.8,378.0,184.82,655.9,184.83,93.7
1753769342071,06:09:02.071,bybit,SOL/USDT:USDT,184.81,267.5,184.8,378.0,184.82,748.5,184.83,93.7
1753769342171,06:09:02.171,bybit,SOL/USDT:USDT,184.81,264.1,184.8,388.8,184.82,648.5,184.83,93.6
1753769342271,06:09:02.271,bybit,SOL/USDT:USDT,184.81,259.9,184.8,318.8,184.82,666.0,184.83,115.5
1753769342371,06:09:02.371,bybit,SOL/USDT:USDT,184.81,205.3,184.8,317.0,184.82,1142.9,184.83,137.7
1753769342471,06:09:02.471,bybit,SOL/USDT:USDT,184.81,159.2,184.8,79.3,184.82,1064.2,184.83,356.2
1753769342572,06:09:02.572,bybit,SOL/USDT:USDT,184.81,159.2,184.8,79.3,184.82,1163.8,184.83,356.2
1753769342671,06:09:02.671,bybit,SOL/USDT:USDT,184.81,159.6,184.8,79.3,184.82,1120.2,184.83,356.2
1753769342771,06:09:02.771,bybit,SOL/USDT:USDT,184.81,159.6,184.8,33.2,184.82,1236.1,184.83,356.2
1753769342871,06:09:02.871,bybit,SOL/USDT:USDT,184.8,32.9,184.79,92.7,184.81,793.1,184.82,1421.8
1753769342972,06:09:02.972,bybit,SOL/USDT:USDT,184.8,32.6,184.79,92.7,184.81,867.0,184.82,1245.8
1753769343072,06:09:03.072,bybit,SOL/USDT:USDT,184.78,0.7,184.77,77.8,184.79,503.2,184.8,1145.3
1753769343172,06:09:03.172,bybit,SOL/USDT:USDT,184.77,31.0,184.76,4.4,184.78,1007.2,184.79,1161.8
1753769343272,06:09:03.272,bybit,SOL/USDT:USDT,184.77,31.2,184.76,4.4,184.78,1221.8,184.79,1061.8
1753769343371,06:09:03.371,bybit,SOL/USDT:USDT,184.77,8.0,184.76,4.4,184.78,1220.9,184.79,886.9
1753769343472,06:09:03.472,bybit,SOL/USDT:USDT,184.75,47.2,184.74,18.8,184.76,912.5,184.77,1211.5
1753769343572,06:09:03.572,bybit,SOL/USDT:USDT,184.75,1.1,184.74,64.9,184.76,1027.7,184.77,1239.3
1753769343671,06:09:03.671,bybit,SOL/USDT:USDT,184.75,3.5,184.74,92.5,184.76,1026.6,184.77,1202.7
1753769343771,06:09:03.771,bybit,SOL/USDT:USDT,184.75,71.3,184.74,94.3,184.76,1044.2,184.77,1068.7
1753769343872,06:09:03.872,bybit,SOL/USDT:USDT,184.75,73.9,184.74,94.3,184.76,946.2,184.77,1068.2
1753769343971,06:09:03.971,bybit,SOL/USDT:USDT,184.75,49.6,184.74,64.9,184.76,989.6,184.77,1068.5
1753769344071,06:09:04.071,bybit,SOL/USDT:USDT,184.75,103.2,184.74,64.9,184.76,989.6,184.77,1068.5
1753769344171,06:09:04.171,bybit,SOL/USDT:USDT,184.75,212.1,184.74,64.9,184.76,756.1,184.77,996.2
1753769344272,06:09:04.272,bybit,SOL/USDT:USDT,184.75,247.0,184.74,244.4,184.76,295.6,184.77,499.2
1753769344371,06:09:04.371,bybit,SOL/USDT:USDT,184.75,235.0,184.74,203.2,184.76,295.6,184.77,499.2
1753769344471,06:09:04.471,bybit,SOL/USDT:USDT,184.75,219.0,184.74,185.8,184.76,295.6,184.77,499.2
1753769344571,06:09:04.571,bybit,SOL/USDT:USDT,184.75,67.2,184.74,133.6,184.76,298.6,184.77,515.9
1753769344671,06:09:04.671,bybit,SOL/USDT:USDT,184.75,67.2,184.74,133.6,184.76,398.6,184.77,516.2
1753769344772,06:09:04.772,bybit,SOL/USDT:USDT,184.75,67.2,184.74,128.2,184.76,398.6,184.77,545.4
1753769344871,06:09:04.871,bybit,SOL/USDT:USDT,184.75,66.6,184.74,128.2,184.76,398.6,184.77,545.4
1753769344971,06:09:04.971,bybit,SOL/USDT:USDT,184.75,123.9,184.74,133.6,184.76,398.6,184.77,499.2
1753769345072,06:09:05.072,bybit,SOL/USDT:USDT,184.75,212.6,184.74,333.0,184.76,222.6,184.77,499.2
1753769345171,06:09:05.171,bybit,SOL/USDT:USDT,184.75,215.2,184.74,343.8,184.76,229.7,184.77,499.2
1753769345273,06:09:05.273,bybit,SOL/USDT:USDT,184.75,212.6,184.74,341.7,184.76,229.7,184.77,430.8
1753769345371,06:09:05.371,bybit,SOL/USDT:USDT,184.75,212.6,184.74,341.7,184.76,229.8,184.77,430.8
1753769345471,06:09:05.471,bybit,SOL/USDT:USDT,184.75,232.9,184.74,341.7,184.76,229.8,184.77,430.3
1753769345572,06:09:05.572,bybit,SOL/USDT:USDT,184.75,232.9,184.74,341.7,184.76,234.2,184.77,726.9
1753769345671,06:09:05.671,bybit,SOL/USDT:USDT,184.75,248.3,184.74,375.1,184.76,234.2,184.77,726.9
1753769345771,06:09:05.771,bybit,SOL/USDT:USDT,184.75,299.1,184.74,413.7,184.76,234.2,184.77,726.9
1753769345872,06:09:05.872,bybit,SOL/USDT:USDT,184.75,209.7,184.74,413.7,184.76,234.2,184.77,726.9
1753769345972,06:09:05.972,bybit,SOL/USDT:USDT,184.75,102.1,184.74,379.2,184.76,309.2,184.77,726.9
1753769346072,06:09:06.072,bybit,SOL/USDT:USDT,184.75,101.3,184.74,379.2,184.76,309.7,184.77,726.9
1753769346171,06:09:06.171,bybit,SOL/USDT:USDT,184.75,81.5,184.74,377.4,184.76,309.7,184.77,726.9
1753769346271,06:09:06.271,bybit,SOL/USDT:USDT,184.75,81.5,184.74,377.4,184.76,309.7,184.77,742.8
1753769346371,06:09:06.371,bybit,SOL/USDT:USDT,184.75,39.9,184.74,177.6,184.76,410.2,184.77,880.8
1753769346471,06:09:06.471,bybit,SOL/USDT:USDT,184.75,61.6,184.74,172.2,184.76,334.7,184.77,880.8
1753769346571,06:09:06.571,bybit,SOL/USDT:USDT,184.75,62.1,184.74,172.2,184.76,410.0,184.77,849.6
1753769346672,06:09:06.672,bybit,SOL/USDT:USDT,184.75,179.3,184.74,340.3,184.76,234.8,184.77,849.3
1753769346771,06:09:06.771,bybit,SOL/USDT:USDT,184.75,258.4,184.74,411.0,184.76,235.0,184.77,746.8
1753769346871,06:09:06.871,bybit,SOL/USDT:USDT,184.75,284.0,184.74,411.1,184.76,235.0,184.77,746.8
1753769346971,06:09:06.971,bybit,SOL/USDT:USDT,184.75,327.9,184.74,560.9,184.76,235.0,184.77,515.1
1753769347071,06:09:07.071,bybit,SOL/USDT:USDT,184.75,240.2,184.74,498.1,184.76,235.0,184.77,487.8
1753769347171,06:09:07.171,bybit,SOL/USDT:USDT,184.75,237.5,184.74,499.9,184.76,235.0,184.77,487.5
1753769347271,06:09:07.271,bybit,SOL/USDT:USDT,184.75,237.5,184.74,499.9,184.76,235.0,184.77,487.5
1753769347372,06:09:07.372,bybit,SOL/USDT:USDT,184.75,237.5,184.74,499.9,184.76,245.3,184.77,487.7
1753769347471,06:09:07.471,bybit,SOL/USDT:USDT,184.75,211.9,184.74,498.1,184.76,234.8,184.77,487.7
1753769347572,06:09:07.572,bybit,SOL/USDT:USDT,184.75,211.9,184.74,499.9,184.76,235.7,184.77,487.7
1753769347671,06:09:07.671,bybit,SOL/USDT:USDT,184.75,51.9,184.74,274.5,184.76,457.0,184.77,1054.1
1753769347772,06:09:07.772,bybit,SOL/USDT:USDT,184.75,10.9,184.74,64.9,184.76,457.0,184.77,1023.9
1753769347871,06:09:07.871,bybit,SOL/USDT:USDT,184.75,48.5,184.74,64.9,184.76,457.0,184.77,1023.9
1753769347971,06:09:07.971,bybit,SOL/USDT:USDT,184.75,78.6,184.74,64.9,184.76,457.0,184.77,1023.9
1753769348072,06:09:08.072,bybit,SOL/USDT:USDT,184.75,78.6,184.74,64.9,184.76,457.0,184.77,1023.9
1753769348171,06:09:08.171,bybit,SOL/USDT:USDT,184.75,61.1,184.74,64.9,184.76,457.0,184.77,1023.9
1753769348271,06:09:08.271,bybit,SOL/USDT:USDT,184.75,118.6,184.74,64.9,184.76,457.0,184.77,1533.6
1753769348372,06:09:08.372,bybit,SOL/USDT:USDT,184.75,109.2,184.74,147.4,184.76,382.0,184.77,1194.6
1753769348472,06:09:08.472,bybit,SOL/USDT:USDT,184.75,78.6,184.74,159.0,184.76,382.0,184.77,1194.9
1753769348571,06:09:08.571,bybit,SOL/USDT:USDT,184.74,81.2,184.73,611.5,184.75,172.0,184.76,436.5
1753769348671,06:09:08.671,bybit,SOL/USDT:USDT,184.74,100.5,184.73,423.9,184.75,190.0,184.76,479.7
1753769348771,06:09:08.771,bybit,SOL/USDT:USDT,184.74,110.6,184.73,434.7,184.75,190.0,184.76,479.7
1753769348871,06:09:08.871,bybit,SOL/USDT:USDT,184.74,161.4,184.73,549.4,184.75,190.0,184.76,407.7
1753769348971,06:09:08.971,bybit,SOL/USDT:USDT,184.74,164.8,184.73,578.5,184.75,170.0,184.76,390.1
1753769349071,06:09:09.071,bybit,SOL/USDT:USDT,184.74,164.8,184.73,578.5,184.75,170.0,184.76,390.1
1753769349171,06:09:09.171,bybit,SOL/USDT:USDT,184.74,189.8,184.73,608.0,184.75,53.4,184.76,390.1
1753769349271,06:09:09.271,bybit,SOL/USDT:USDT,184.74,200.3,184.73,608.1,184.75,53.3,184.76,258.2
1753769349372,06:09:09.372,bybit,SOL/USDT:USDT,184.74,210.8,184.73,608.1,184.75,53.3,184.76,247.7
1753769349471,06:09:09.471,bybit,SOL/USDT:USDT,184.74,222.7,184.73,608.5,184.75,53.3,184.76,201.6
1753769349572,06:09:09.572,bybit,SOL/USDT:USDT,184.74,223.6,184.73,685.6,184.75,103.4,184.76,151.6
1753769349672,06:09:09.672,bybit,SOL/USDT:USDT,184.74,157.5,184.73,619.5,184.75,114.0,184.76,197.7
1753769349772,06:09:09.772,bybit,SOL/USDT:USDT,184.74,204.9,184.73,636.7,184.75,103.5,184.76,197.7
1753769349871,06:09:09.871,bybit,SOL/USDT:USDT,184.74,165.9,184.73,648.6,184.75,103.5,184.76,197.7
1753769349971,06:09:09.971,bybit,SOL/USDT:USDT,184.74,176.8,184.73,619.1,184.75,157.8,184.76,320.1
1753769350071,06:09:10.071,bybit,SOL/USDT:USDT,184.74,200.8,184.73,636.7,184.75,114.0,184.76,320.1
1753769350171,06:09:10.171,bybit,SOL/USDT:USDT,184.74,200.8,184.73,666.1,184.75,103.5,184.76,197.5
1753769350271,06:09:10.271,bybit,SOL/USDT:USDT,184.74,200.8,184.73,666.5,184.75,103.5,184.76,197.5
1753769350372,06:09:10.372,bybit,SOL/USDT:USDT,184.74,234.8,184.73,684.1,184.75,103.8,184.76,197.7
1753769350471,06:09:10.471,bybit,SOL/USDT:USDT,184.74,205.2,184.73,648.5,184.75,103.8,184.76,197.7
1753769350571,06:09:10.571,bybit,SOL/USDT:USDT,184.74,206.2,184.73,648.5,184.75,103.8,184.76,197.7
1753769350671,06:09:10.671,bybit,SOL/USDT:USDT,184.74,206.2,184.73,648.5,184.75,119.5,184.76,197.7
1753769350771,06:09:10.771,bybit,SOL/USDT:USDT,184.74,184.0,184.73,648.3,184.75,190.0,184.76,197.7
1753769350871,06:09:10.871,bybit,SOL/USDT:USDT,184.74,155.5,184.73,607.1,184.75,190.0,184.76,320.1
1753769350972,06:09:10.972,bybit,SOL/USDT:USDT,184.74,162.3,184.73,624.7,184.75,119.5,184.76,320.1
1753769351071,06:09:11.071,bybit,SOL/USDT:USDT,184.74,216.0,184.73,653.7,184.75,109.0,184.76,151.6
1753769351172,06:09:11.172,bybit,SOL/USDT:USDT,184.74,264.5,184.73,673.1,184.75,109.1,184.76,151.6
1753769351272,06:09:11.272,bybit,SOL/USDT:USDT,184.74,264.7,184.73,671.1,184.75,109.1,184.76,151.4
1753769351371,06:09:11.371,bybit,SOL/USDT:USDT,184.74,272.1,184.73,673.3,184.75,109.1,184.76,151.4
1753769351471,06:09:11.471,bybit,SOL/USDT:USDT,184.74,272.1,184.73,673.3,184.75,109.1,184.76,151.4
1753769351572,06:09:11.572,bybit,SOL/USDT:USDT,184.74,285.7,184.73,655.3,184.75,109.6,184.76,151.4
1753769351672,06:09:11.672,bybit,SOL/USDT:USDT,184.74,264.1,184.73,655.3,184.75,109.6,184.76,151.4
1753769351771,06:09:11.771,bybit,SOL/USDT:USDT,184.74,295.1,184.73,655.3,184.75,109.6,184.76,151.4
1753769351871,06:09:11.871,bybit,SOL/USDT:USDT,184.74,309.0,184.73,653.7,184.75,108.9,184.76,151.4
1753769351972,06:09:11.972,bybit,SOL/USDT:USDT,184.74,277.3,184.73,653.7,184.75,108.9,184.76,151.4
1753769352072,06:09:12.072,bybit,SOL/USDT:USDT,184.74,317.4,184.73,664.7,184.75,108.9,184.76,151.4
1753769352171,06:09:12.171,bybit,SOL/USDT:USDT,184.74,317.4,184.73,664.7,184.75,108.9,184.76,151.4
1753769352272,06:09:12.272,bybit,SOL/USDT:USDT,184.74,278.6,184.73,646.0,184.75,108.9,184.76,151.4
1753769352371,06:09:12.371,bybit,SOL/USDT:USDT,184.74,276.8,184.73,629.3,184.75,108.9,184.76,151.4
1753769352472,06:09:12.472,bybit,SOL/USDT:USDT,184.75,1366.7,184.74,610.0,184.76,151.0,184.77,806.9
1753769352571,06:09:12.571,bybit,SOL/USDT:USDT,184.75,1469.0,184.74,464.5,184.76,151.0,184.77,807.1
1753769352672,06:09:12.672,bybit,SOL/USDT:USDT,184.75,1469.0,184.74,423.3,184.76,151.0,184.77,806.9
1753769352771,06:09:12.771,bybit,SOL/USDT:USDT,184.75,1469.0,184.74,452.0,184.76,150.9,184.77,807.1
1753769352872,06:09:12.872,bybit,SOL/USDT:USDT,184.75,1469.0,184.74,462.8,184.76,150.9,184.77,807.1
1753769352972,06:09:12.972,bybit,SOL/USDT:USDT,184.75,1469.0,184.74,441.2,184.76,150.9,184.77,807.1
1753769353071,06:09:13.071,bybit,SOL/USDT:USDT,184.75,1469.0,184.74,423.3,184.76,150.9,184.77,806.9
1753769353171,06:09:13.171,bybit,SOL/USDT:USDT,184.75,1469.0,184.74,423.3,184.76,150.9,184.77,806.9
1753769353273,06:09:13.273,bybit,SOL/USDT:USDT,184.75,233.2,184.74,423.3,184.76,150.9,184.77,806.9
1753769353372,06:09:13.372,bybit,SOL/USDT:USDT,184.75,64.5,184.74,465.5,184.76,392.8,184.77,929.5
1753769353471,06:09:13.471,bybit,SOL/USDT:USDT,184.75,63.0,184.74,463.3,184.76,438.9,184.77,929.5
1753769353571,06:09:13.571,bybit,SOL/USDT:USDT,184.75,51.2,184.74,448.0,184.76,438.9,184.77,964.2
1753769353671,06:09:13.671,bybit,SOL/USDT:USDT,184.75,51.2,184.74,448.2,184.76,438.9,184.77,929.8
1753769353771,06:09:13.771,bybit,SOL/USDT:USDT,184.75,51.2,184.74,448.2,184.76,438.2,184.77,929.8
1753769353871,06:09:13.871,bybit,SOL/USDT:USDT,184.75,67.8,184.74,448.2,184.76,272.4,184.77,929.5
1753769353971,06:09:13.971,bybit,SOL/USDT:USDT,184.75,67.8,184.74,448.2,184.76,339.1,184.77,946.8
1753769354071,06:09:14.071,bybit,SOL/USDT:USDT,184.75,97.3,184.74,448.2,184.76,341.0,184.77,929.5
1753769354171,06:09:14.171,bybit,SOL/USDT:USDT,184.75,96.8,184.74,450.0,184.76,341.0,184.77,929.5
1753769354272,06:09:14.272,bybit,SOL/USDT:USDT,184.75,117.0,184.74,453.6,184.76,341.0,184.77,945.9
1753769354371,06:09:14.371,bybit,SOL/USDT:USDT,184.75,117.0,184.74,453.6,184.76,402.6,184.77,1007.4
1753769354471,06:09:14.471,bybit,SOL/USDT:USDT,184.75,117.0,184.74,453.6,184.76,402.6,184.77,974.6
1753769354572,06:09:14.572,bybit,SOL/USDT:USDT,184.75,224.0,184.74,473.3,184.76,236.3,184.77,974.6
1753769354672,06:09:14.672,bybit,SOL/USDT:USDT,184.75,312.0,184.74,588.6,184.76,125.1,184.77,852.2
1753769354771,06:09:14.771,bybit,SOL/USDT:USDT,184.75,312.1,184.74,577.8,184.76,114.6,184.77,852.2
1753769354871,06:09:14.871,bybit,SOL/USDT:USDT,184.75,312.1,184.74,545.0,184.76,114.7,184.77,852.2
1753769354971,06:09:14.971,bybit,SOL/USDT:USDT,184.75,312.1,184.74,545.0,184.76,114.7,184.77,852.2
1753769355071,06:09:15.071,bybit,SOL/USDT:USDT,184.75,374.3,184.74,600.4,184.76,114.7,184.77,852.2
1753769355172,06:09:15.172,bybit,SOL/USDT:USDT,184.75,392.5,184.74,604.0,184.76,114.7,184.77,852.2
1753769355274,06:09:15.274,bybit,SOL/USDT:USDT,184.75,376.1,184.74,587.6,184.76,114.7,184.77,852.2
1753769355371,06:09:15.371,bybit,SOL/USDT:USDT,184.75,359.7,184.74,587.6,184.76,114.7,184.77,852.2
1753769355471,06:09:15.471,bybit,SOL/USDT:USDT,184.75,359.7,184.74,571.2,184.76,114.7,184.77,852.2
1753769355571,06:09:15.571,bybit,SOL/USDT:USDT,184.75,359.7,184.74,571.2,184.76,114.7,184.77,852.2
1753769355671,06:09:15.671,bybit,SOL/USDT:USDT,184.75,359.7,184.74,569.4,184.76,115.1,184.77,852.2
1753769355771,06:09:15.771,bybit,SOL/USDT:USDT,184.75,359.7,184.74,569.4,184.76,115.1,184.77,852.2
1753769355872,06:09:15.872,bybit,SOL/USDT:USDT,184.75,359.7,184.74,569.4,184.76,115.1,184.77,852.2
1753769355971,06:09:15.971,bybit,SOL/USDT:USDT,184.75,359.7,184.74,585.8,184.76,115.1,184.77,852.2
1753769356072,06:09:16.072,bybit,SOL/USDT:USDT,184.75,360.2,184.74,569.2,184.76,115.1,184.77,852.2
1753769356172,06:09:16.172,bybit,SOL/USDT:USDT,184.75,360.2,184.74,585.0,184.76,115.1,184.77,852.2
1753769356272,06:09:16.272,bybit,SOL/USDT:USDT,184.75,358.4,184.74,585.0,184.76,116.1,184.77,852.2
1753769356372,06:09:16.372,bybit,SOL/USDT:USDT,184.75,358.4,184.74,569.4,184.76,116.1,184.77,852.2
1753769356472,06:09:16.472,bybit,SOL/USDT:USDT,184.75,358.4,184.74,567.6,184.76,114.5,184.77,852.2
1753769356571,06:09:16.571,bybit,SOL/USDT:USDT,184.75,358.4,184.74,567.6,184.76,114.5,184.77,852.2
1753769356671,06:09:16.671,bybit,SOL/USDT:USDT,184.75,358.4,184.74,567.6,184.76,114.5,184.77,852.2
1753769356772,06:09:16.772,bybit,SOL/USDT:USDT,184.75,386.0,184.74,583.2,184.76,114.5,184.77,852.2
1753769356871,06:09:16.871,bybit,SOL/USDT:USDT,184.75,386.0,184.74,583.2,184.76,114.5,184.77,852.2
1753769356971,06:09:16.971,bybit,SOL/USDT:USDT,184.75,386.0,184.74,583.2,184.76,114.5,184.77,852.2
1753769357071,06:09:17.071,bybit,SOL/USDT:USDT,184.75,386.0,184.74,583.2,184.76,114.5,184.77,852.2
1753769357171,06:09:17.171,bybit,SOL/USDT:USDT,184.75,386.0,184.74,598.8,184.76,114.5,184.77,852.2
1753769357273,06:09:17.273,bybit,SOL/USDT:USDT,184.75,386.0,184.74,598.8,184.76,114.5,184.77,852.2
1753769357371,06:09:17.371,bybit,SOL/USDT:USDT,184.75,386.0,184.74,567.6,184.76,114.5,184.77,852.2
1753769357471,06:09:17.471,bybit,SOL/USDT:USDT,184.75,386.0,184.74,567.6,184.76,114.5,184.77,852.2
1753769357572,06:09:17.572,bybit,SOL/USDT:USDT,184.75,386.0,184.74,567.6,184.76,114.5,184.77,852.2
1753769357671,06:09:17.671,bybit,SOL/USDT:USDT,184.75,386.0,184.74,567.6,184.76,114.5,184.77,852.2
1753769357772,06:09:17.772,bybit,SOL/USDT:USDT,184.75,387.8,184.74,567.6,184.76,115.1,184.77,852.2
1753769357871,06:09:17.871,bybit,SOL/USDT:USDT,184.75,387.8,184.74,567.6,184.76,115.1,184.77,852.2
1753769357971,06:09:17.971,bybit,SOL/USDT:USDT,184.75,387.8,184.74,567.6,184.76,115.1,184.77,852.2
1753769358071,06:09:18.071,bybit,SOL/USDT:USDT,184.75,387.8,184.74,567.6,184.76,115.1,184.77,852.2
1753769358171,06:09:18.171,bybit,SOL/USDT:USDT,184.75,387.8,184.74,567.6,184.76,115.1,184.77,852.2
1753769358272,06:09:18.272,bybit,SOL/USDT:USDT,184.75,387.8,184.74,567.4,184.76,115.1,184.77,852.2
1753769358371,06:09:18.371,bybit,SOL/USDT:USDT,184.75,387.8,184.74,573.0,184.76,115.1,184.77,852.2
1753769358471,06:09:18.471,bybit,SOL/USDT:USDT,184.75,315.8,184.74,583.8,184.76,115.1,184.77,852.2
1753769358571,06:09:18.571,bybit,SOL/USDT:USDT,184.75,386.0,184.74,567.6,184.76,115.1,184.77,852.2
1753769358671,06:09:18.671,bybit,SOL/USDT:USDT,184.75,386.0,184.74,567.6,184.76,111.5,184.77,852.2
1753769358771,06:09:18.771,bybit,SOL/USDT:USDT,184.75,401.4,184.74,600.2,184.76,111.5,184.77,852.2
1753769358972,06:09:18.972,bybit,SOL/USDT:USDT,184.75,401.4,184.74,600.2,184.76,111.5,184.77,852.2
1753769359071,06:09:19.071,bybit,SOL/USDT:USDT,184.75,401.4,184.74,600.2,184.76,111.5,184.77,852.2
1753769359171,06:09:19.171,bybit,SOL/USDT:USDT,184.75,314.0,184.74,583.0,184.76,111.5,184.77,852.2
1753769359271,06:09:19.271,bybit,SOL/USDT:USDT,184.75,314.3,184.74,567.6,184.76,122.0,184.77,867.6
1753769359371,06:09:19.371,bybit,SOL/USDT:USDT,184.75,314.3,184.74,571.2,184.76,134.0,184.77,852.2
1753769359472,06:09:19.472,bybit,SOL/USDT:USDT,184.75,295.9,184.74,586.6,184.76,111.5,184.77,852.2
1753769359771,06:09:19.771,bybit,SOL/USDT:USDT,184.75,386.3,184.74,586.6,184.76,111.5,184.77,852.2
1753769359872,06:09:19.872,bybit,SOL/USDT:USDT,184.76,938.1,184.75,672.9,184.77,823.8,184.78,353.6
1753769359971,06:09:19.971,bybit,SOL/USDT:USDT,184.78,1098.1,184.77,1448.8,184.79,0.5,184.8,1.1
1753769360071,06:09:20.071,bybit,SOL/USDT:USDT,184.78,1138.5,184.77,1402.5,184.79,0.5,184.8,1.1
1753769360172,06:09:20.172,bybit,SOL/USDT:USDT,184.78,1133.8,184.77,1408.2,184.79,7.6,184.8,1.1
1753769360272,06:09:20.272,bybit,SOL/USDT:USDT,184.78,1130.0,184.77,1383.3,184.79,7.6,184.8,1.1
1753769360372,06:09:20.372,bybit,SOL/USDT:USDT,184.78,1134.8,184.77,1383.3,184.79,8.6,184.8,1.1
1753769360471,06:09:20.471,bybit,SOL/USDT:USDT,184.78,1134.8,184.77,1383.3,184.79,8.6,184.8,1.1
1753769360571,06:09:20.571,bybit,SOL/USDT:USDT,184.78,1134.8,184.77,1383.3,184.79,8.6,184.8,1.1
1753769360672,06:09:20.672,bybit,SOL/USDT:USDT,184.78,1134.8,184.77,1433.4,184.79,8.6,184.8,1.3
1753769360772,06:09:20.772,bybit,SOL/USDT:USDT,184.8,1092.2,184.79,1251.9,184.81,7.8,184.82,1.6
1753769360872,06:09:20.872,bybit,SOL/USDT:USDT,184.8,1190.9,184.79,1285.1,184.81,7.8,184.82,1.6
1753769360972,06:09:20.972,bybit,SOL/USDT:USDT,184.83,162.9,184.82,296.1,184.84,144.9,184.85,119.4
1753769361072,06:09:21.072,bybit,SOL/USDT:USDT,184.83,165.5,184.82,277.1,184.84,160.9,184.85,120.9
1753769361171,06:09:21.171,bybit,SOL/USDT:USDT,184.83,202.6,184.82,295.4,184.84,85.1,184.85,121.6
1753769361274,06:09:21.274,bybit,SOL/USDT:USDT,184.83,239.7,184.82,602.8,184.84,17.7,184.85,93.1
1753769361372,06:09:21.372,bybit,SOL/USDT:USDT,184.83,389.2,184.82,493.8,184.84,9.1,184.85,29.1
1753769361472,06:09:21.472,bybit,SOL/USDT:USDT,184.83,367.7,184.82,493.8,184.84,25.0,184.85,40.6
1753769361571,06:09:21.571,bybit,SOL/USDT:USDT,184.83,387.9,184.82,569.2,184.84,25.0,184.85,112.6
1753769361671,06:09:21.671,bybit,SOL/USDT:USDT,184.83,387.9,184.82,569.2,184.84,32.6,184.85,112.6
1753769361771,06:09:21.771,bybit,SOL/USDT:USDT,184.83,387.9,184.82,569.2,184.84,32.6,184.85,112.6
1753769361872,06:09:21.872,bybit,SOL/USDT:USDT,184.83,252.9,184.82,523.2,184.84,89.0,184.85,112.6
1753769361972,06:09:21.972,bybit,SOL/USDT:USDT,184.83,106.3,184.82,436.6,184.84,611.1,184.85,142.4
1753769362072,06:09:22.072,bybit,SOL/USDT:USDT,184.83,106.3,184.82,413.8,184.84,611.1,184.85,116.1
1753769362171,06:09:22.171,bybit,SOL/USDT:USDT,184.83,106.3,184.82,415.6,184.84,511.0,184.85,112.6
1753769362271,06:09:22.271,bybit,SOL/USDT:USDT,184.83,107.3,184.82,413.8,184.84,611.0,184.85,112.6
1753769362371,06:09:22.371,bybit,SOL/USDT:USDT,184.83,107.3,184.82,413.8,184.84,611.0,184.85,112.7
1753769362472,06:09:22.472,bybit,SOL/USDT:USDT,184.83,107.3,184.82,413.8,184.84,611.0,184.85,113.1
1753769362572,06:09:22.572,bybit,SOL/USDT:USDT,184.83,107.3,184.82,413.8,184.84,611.0,184.85,113.1
1753769362672,06:09:22.672,bybit,SOL/USDT:USDT,184.83,107.3,184.82,413.8,184.84,620.7,184.85,139.0
1753769362772,06:09:22.772,bybit,SOL/USDT:USDT,184.83,107.1,184.82,413.8,184.84,620.7,184.85,139.0
1753769362871,06:09:22.871,bybit,SOL/USDT:USDT,184.83,107.3,184.82,413.8,184.84,620.7,184.85,164.6
1753769362971,06:09:22.971,bybit,SOL/USDT:USDT,184.83,107.3,184.82,439.4,184.84,620.7,184.85,113.4
1753769363071,06:09:23.071,bybit,SOL/USDT:USDT,184.83,106.3,184.82,465.0,184.84,620.7,184.85,113.1
1753769363171,06:09:23.171,bybit,SOL/USDT:USDT,184.83,106.3,184.82,439.4,184.84,620.7,184.85,113.1
1753769363273,06:09:23.273,bybit,SOL/USDT:USDT,184.83,106.3,184.82,413.8,184.84,623.6,184.85,113.4
1753769363371,06:09:23.371,bybit,SOL/USDT:USDT,184.83,109.2,184.82,411.5,184.84,623.6,184.85,113.4
1753769363471,06:09:23.471,bybit,SOL/USDT:USDT,184.83,153.4,184.82,476.5,184.84,242.9,184.85,113.0
1753769363572,06:09:23.572,bybit,SOL/USDT:USDT,184.83,153.4,184.82,476.5,184.84,242.9,184.85,113.0
1753769363671,06:09:23.671,bybit,SOL/USDT:USDT,184.83,153.3,184.82,427.7,184.84,245.0,184.85,113.3
1753769363771,06:09:23.771,bybit,SOL/USDT:USDT,184.83,153.3,184.82,449.2,184.84,245.0,184.85,113.0
1753769363871,06:09:23.871,bybit,SOL/USDT:USDT,184.83,98.9,184.82,411.5,184.84,245.0,184.85,289.1
1753769363972,06:09:23.972,bybit,SOL/USDT:USDT,184.83,98.9,184.82,442.1,184.84,245.0,184.85,235.7
1753769364071,06:09:24.071,bybit,SOL/USDT:USDT,184.83,98.9,184.82,417.0,184.84,245.0,184.85,235.7
1753769364171,06:09:24.171,bybit,SOL/USDT:USDT,184.83,109.4,184.82,417.0,184.84,245.0,184.85,235.7
1753769364271,06:09:24.271,bybit,SOL/USDT:USDT,184.83,98.9,184.82,417.0,184.84,245.0,184.85,235.7
1753769364371,06:09:24.371,bybit,SOL/USDT:USDT,184.83,101.5,184.82,417.0,184.84,244.2,184.85,235.7
1753769364472,06:09:24.472,bybit,SOL/USDT:USDT,184.83,98.9,184.82,446.6,184.84,244.2,184.85,235.7
1753769364572,06:09:24.572,bybit,SOL/USDT:USDT,184.83,98.9,184.82,417.0,184.84,300.2,184.85,235.7
1753769364672,06:09:24.672,bybit,SOL/USDT:USDT,184.83,34.5,184.82,216.9,184.84,400.7,184.85,341.5
1753769364771,06:09:24.771,bybit,SOL/USDT:USDT,184.83,34.5,184.82,216.9,184.84,400.7,184.85,390.3
1753769364872,06:09:24.872,bybit,SOL/USDT:USDT,184.83,52.0,184.82,354.5,184.84,296.8,184.85,312.9
1753769364971,06:09:24.971,bybit,SOL/USDT:USDT,184.83,98.1,184.82,354.5,184.84,240.8,184.85,312.9
1753769365072,06:09:25.072,bybit,SOL/USDT:USDT,184.83,98.1,184.82,354.5,184.84,240.8,184.85,312.9
1753769365172,06:09:25.172,bybit,SOL/USDT:USDT,184.83,108.6,184.82,325.2,184.84,240.8,184.85,312.9
1753769365271,06:09:25.271,bybit,SOL/USDT:USDT,184.83,108.6,184.82,359.3,184.84,240.8,184.85,312.9
1753769365371,06:09:25.371,bybit,SOL/USDT:USDT,184.83,108.6,184.82,335.6,184.84,240.8,184.85,312.9
1753769365472,06:09:25.472,bybit,SOL/USDT:USDT,184.83,108.6,184.82,369.3,184.84,243.9,184.85,312.9
1753769365572,06:09:25.572,bybit,SOL/USDT:USDT,184.83,44.8,184.82,297.3,184.84,243.9,184.85,312.9
1753769365671,06:09:25.671,bybit,SOL/USDT:USDT,184.83,34.3,184.82,257.8,184.84,367.8,184.85,408.8
1753769365771,06:09:25.771,bybit,SOL/USDT:USDT,184.83,34.5,184.82,257.8,184.84,367.8,184.85,408.8
1753769365871,06:09:25.871,bybit,SOL/USDT:USDT,184.83,34.5,184.82,257.8,184.84,344.1,184.85,384.8
1753769365971,06:09:25.971,bybit,SOL/USDT:USDT,184.83,118.3,184.82,281.5,184.84,344.1,184.85,361.1
1753769366071,06:09:26.071,bybit,SOL/USDT:USDT,184.83,108.6,184.82,257.8,184.84,244.1,184.85,336.8
1753769366172,06:09:26.172,bybit,SOL/USDT:USDT,184.83,34.5,184.82,257.8,184.84,368.4,184.85,408.0
1753769366272,06:09:26.272,bybit,SOL/USDT:USDT,184.8,69.3,184.79,426.3,184.81,568.3,184.82,775.5
1753769366371,06:09:26.371,bybit,SOL/USDT:USDT,184.8,66.3,184.79,47.2,184.81,708.5,184.82,1160.5
1753769366472,06:09:26.472,bybit,SOL/USDT:USDT,184.8,0.3,184.79,53.1,184.81,685.9,184.82,1160.5
1753769366571,06:09:26.571,bybit,SOL/USDT:USDT,184.8,0.3,184.79,79.9,184.81,708.5,184.82,1183.1
1753769366671,06:09:26.671,bybit,SOL/USDT:USDT,184.8,0.3,184.79,74.4,184.81,777.8,184.82,1062.3
1753769366772,06:09:26.772,bybit,SOL/USDT:USDT,184.8,33.8,184.79,74.4,184.81,755.2,184.82,977.7
1753769366871,06:09:26.871,bybit,SOL/USDT:USDT,184.8,152.8,184.79,182.6,184.81,555.9,184.82,726.9
1753769366971,06:09:26.971,bybit,SOL/USDT:USDT,184.8,82.8,184.79,249.2,184.81,173.3,184.82,716.3
1753769367071,06:09:27.071,bybit,SOL/USDT:USDT,184.8,82.8,184.79,249.2,184.81,173.3,184.82,716.3
1753769367171,06:09:27.171,bybit,SOL/USDT:USDT,184.8,82.8,184.79,220.1,184.81,173.3,184.82,716.3
1753769367272,06:09:27.272,bybit,SOL/USDT:USDT,184.8,63.7,184.79,92.1,184.81,358.4,184.82,761.8
1753769367371,06:09:27.371,bybit,SOL/USDT:USDT,184.8,0.1,184.79,74.3,184.81,332.6,184.82,761.8
1753769367472,06:09:27.472,bybit,SOL/USDT:USDT,184.8,17.6,184.79,74.3,184.81,482.0,184.82,761.2
1753769367571,06:09:27.571,bybit,SOL/USDT:USDT,184.8,17.6,184.79,74.3,184.81,482.0,184.82,761.2
1753769367671,06:09:27.671,bybit,SOL/USDT:USDT,184.8,63.9,184.79,74.1,184.81,479.0,184.82,716.3
1753769367871,06:09:27.871,bybit,SOL/USDT:USDT,184.8,0.3,184.79,28.0,184.81,516.0,184.82,760.6
1753769367972,06:09:27.972,bybit,SOL/USDT:USDT,184.8,0.1,184.79,28.2,184.81,515.5,184.82,948.3
1753769368071,06:09:28.071,bybit,SOL/USDT:USDT,184.8,0.1,184.79,28.0,184.81,540.1,184.82,948.3
1753769368171,06:09:28.171,bybit,SOL/USDT:USDT,184.8,0.1,184.79,28.2,184.81,532.0,184.82,948.3
1753769368272,06:09:28.272,bybit,SOL/USDT:USDT,184.8,0.1,184.79,0.5,184.81,532.0,184.82,948.6
1753769368372,06:09:28.372,bybit,SOL/USDT:USDT,184.77,6.1,184.76,85.8,184.78,1149.1,184.79,1048.2
1753769368471,06:09:28.471,bybit,SOL/USDT:USDT,184.77,0.5,184.76,18.5,184.78,1141.7,184.79,1076.4
1753769368572,06:09:28.572,bybit,SOL/USDT:USDT,184.77,0.5,184.76,51.6,184.78,1245.0,184.79,1076.4
1753769368871,06:09:28.871,bybit,SOL/USDT:USDT,184.77,0.5,184.76,24.1,184.78,1249.0,184.79,972.6
1753769368971,06:09:28.971,bybit,SOL/USDT:USDT,184.77,0.5,184.76,24.1,184.78,1249.0,184.79,972.6
1753769369071,06:09:29.071,bybit,SOL/USDT:USDT,184.77,46.7,184.76,70.2,184.78,538.5,184.79,952.4
1753769369171,06:09:29.171,bybit,SOL/USDT:USDT,184.77,68.4,184.76,125.4,184.78,562.5,184.79,932.1
1753769369272,06:09:29.272,bybit,SOL/USDT:USDT,184.77,68.4,184.76,78.1,184.78,562.5,184.79,932.2
1753769369371,06:09:29.371,bybit,SOL/USDT:USDT,184.77,68.4,184.76,97.8,184.78,474.5,184.79,931.8
1753769369471,06:09:29.471,bybit,SOL/USDT:USDT,184.77,0.6,184.76,78.1,184.78,372.0,184.79,932.1
1753769369572,06:09:29.572,bybit,SOL/USDT:USDT,184.77,0.1,184.76,70.2,184.78,472.0,184.79,951.1
1753769369671,06:09:29.671,bybit,SOL/USDT:USDT,184.77,0.1,184.76,70.2,184.78,472.0,184.79,951.1
1753769369772,06:09:29.772,bybit,SOL/USDT:USDT,184.77,33.7,184.76,77.8,184.78,473.5,184.79,932.1
1753769369871,06:09:29.871,bybit,SOL/USDT:USDT,184.77,34.2,184.76,77.8,184.78,363.3,184.79,932.1
1753769369971,06:09:29.971,bybit,SOL/USDT:USDT,184.77,17.6,184.76,64.6,184.78,535.3,184.79,932.1
1753769370071,06:09:30.071,bybit,SOL/USDT:USDT,184.77,17.6,184.76,72.2,184.78,535.3,184.79,932.1
1753769370171,06:09:30.171,bybit,SOL/USDT:USDT,184.77,17.6,184.76,72.2,184.78,535.3,184.79,932.1
1753769370271,06:09:30.271,bybit,SOL/USDT:USDT,184.77,17.6,184.76,72.2,184.78,535.3,184.79,932.1
1753769370371,06:09:30.371,bybit,SOL/USDT:USDT,184.77,17.6,184.76,72.2,184.78,535.3,184.79,932.1
1753769370471,06:09:30.471,bybit,SOL/USDT:USDT,184.77,63.7,184.76,72.2,184.78,463.3,184.79,932.1
1753769370571,06:09:30.571,bybit,SOL/USDT:USDT,184.77,63.7,184.76,72.2,184.78,463.3,184.79,932.1
1753769370671,06:09:30.671,bybit,SOL/USDT:USDT,184.77,63.7,184.76,72.2,184.78,463.3,184.79,932.1
1753769370771,06:09:30.771,bybit,SOL/USDT:USDT,184.77,0.6,184.76,72.2,184.78,466.9,184.79,932.1
1753769370871,06:09:30.871,bybit,SOL/USDT:USDT,184.76,0.4,184.75,88.5,184.77,1006.0,184.78,722.2
1753769370972,06:09:30.972,bybit,SOL/USDT:USDT,184.76,18.3,184.75,78.7,184.77,1096.5,184.78,720.0
1753769371072,06:09:31.072,bybit,SOL/USDT:USDT,184.76,64.2,184.75,80.5,184.77,840.8,184.78,477.8
1753769371171,06:09:31.171,bybit,SOL/USDT:USDT,184.76,36.0,184.75,51.2,184.77,682.0,184.78,460.5
1753769371274,06:09:31.274,bybit,SOL/USDT:USDT,184.76,106.6,184.75,53.2,184.77,536.9,184.78,370.4
1753769371371,06:09:31.371,bybit,SOL/USDT:USDT,184.76,106.6,184.75,135.0,184.77,536.9,184.78,367.8
1753769371471,06:09:31.471,bybit,SOL/USDT:USDT,184.76,82.1,184.75,151.1,184.77,559.3,184.78,383.6
1753769371571,06:09:31.571,bybit,SOL/USDT:USDT,184.76,36.0,184.75,151.1,184.77,559.3,184.78,401.2
1753769371671,06:09:31.671,bybit,SOL/USDT:USDT,184.76,18.5,184.75,51.4,184.77,559.3,184.78,401.2
1753769371771,06:09:31.771,bybit,SOL/USDT:USDT,184.76,0.1,184.75,5.3,184.77,630.8,184.78,610.3
1753769371871,06:09:31.871,bybit,SOL/USDT:USDT,184.76,0.1,184.75,5.3,184.77,613.2,184.78,620.8
1753769371971,06:09:31.971,bybit,SOL/USDT:USDT,184.76,0.1,184.75,5.3,184.77,612.6,184.78,620.8
1753769372071,06:09:32.071,bybit,SOL/USDT:USDT,184.76,0.1,184.75,5.3,184.77,612.6,184.78,620.8
1753769372172,06:09:32.172,bybit,SOL/USDT:USDT,184.75,4.6,184.74,74.2,184.76,908.3,184.77,735.3
1753769372271,06:09:32.271,bybit,SOL/USDT:USDT,184.75,4.6,184.74,82.4,184.76,993.5,184.77,735.7
1753769372372,06:09:32.372,bybit,SOL/USDT:USDT,184.74,46.3,184.73,68.7,184.75,767.8,184.76,1046.9
1753769372472,06:09:32.472,bybit,SOL/USDT:USDT,184.74,46.2,184.73,47.1,184.75,868.4,184.76,1044.6
1753769372571,06:09:32.571,bybit,SOL/USDT:USDT,184.74,46.2,184.73,128.9,184.75,867.9,184.76,977.0
1753769372672,06:09:32.672,bybit,SOL/USDT:USDT,184.74,47.2,184.73,101.4,184.75,867.9,184.76,977.0
1753769372772,06:09:32.772,bybit,SOL/USDT:USDT,184.74,1.1,184.73,101.4,184.75,897.6,184.76,993.8
1753769372872,06:09:32.872,bybit,SOL/USDT:USDT,184.74,19.6,184.73,101.4,184.75,897.6,184.76,993.8
1753769372971,06:09:32.971,bybit,SOL/USDT:USDT,184.74,19.6,184.73,101.4,184.75,897.6,184.76,959.9
1753769373071,06:09:33.071,bybit,SOL/USDT:USDT,184.74,83.2,184.73,101.4,184.75,825.1,184.76,959.4
1753769373172,06:09:33.172,bybit,SOL/USDT:USDT,184.74,83.7,184.73,47.3,184.75,824.7,184.76,798.1
1753769373273,06:09:33.273,bybit,SOL/USDT:USDT,184.74,83.2,184.73,47.3,184.75,824.7,184.76,798.1
1753769373371,06:09:33.371,bybit,SOL/USDT:USDT,184.74,19.6,184.73,47.3,184.75,827.3,184.76,983.6
1753769373471,06:09:33.471,bybit,SOL/USDT:USDT,184.74,19.6,184.73,47.3,184.75,827.3,184.76,814.9
1753769373571,06:09:33.571,bybit,SOL/USDT:USDT,184.74,19.8,184.73,47.1,184.75,827.3,184.76,814.7
1753769373671,06:09:33.671,bybit,SOL/USDT:USDT,184.74,20.3,184.73,47.1,184.75,829.6,184.76,966.7
1753769373771,06:09:33.771,bybit,SOL/USDT:USDT,184.74,37.3,184.73,47.1,184.75,836.0,184.76,983.5
1753769373872,06:09:33.872,bybit,SOL/USDT:USDT,184.74,37.3,184.73,47.1,184.75,836.0,184.76,983.5
1753769373971,06:09:33.971,bybit,SOL/USDT:USDT,184.74,19.8,184.73,47.1,184.75,852.8,184.76,983.5
1753769374071,06:09:34.071,bybit,SOL/USDT:USDT,184.74,1.3,184.73,47.1,184.75,852.8,184.76,983.5
1753769374172,06:09:34.172,bybit,SOL/USDT:USDT,184.74,1.3,184.73,64.9,184.75,852.8,184.76,1000.3
1753769374273,06:09:34.273,bybit,SOL/USDT:USDT,184.73,17.9,184.72,96.8,184.74,1003.9,184.75,841.0
1753769374772,06:09:34.772,bybit,SOL/USDT:USDT,184.73,81.5,184.72,47.9,184.74,892.3,184.75,563.1
1753769374871,06:09:34.871,bybit,SOL/USDT:USDT,184.73,64.0,184.72,47.9,184.74,906.6,184.75,563.1
1753769374971,06:09:34.971,bybit,SOL/USDT:USDT,184.73,64.0,184.72,47.9,184.74,906.6,184.75,563.1
1753769375071,06:09:35.071,bybit,SOL/USDT:USDT,184.73,81.5,184.72,47.9,184.74,906.6,184.75,563.1
1753769375172,06:09:35.172,bybit,SOL/USDT:USDT,184.73,81.5,184.72,47.9,184.74,835.7,184.75,563.1
1753769375271,06:09:35.271,bybit,SOL/USDT:USDT,184.73,81.5,184.72,47.9,184.74,836.6,184.75,579.6
1753769375371,06:09:35.371,bybit,SOL/USDT:USDT,184.73,81.7,184.72,47.9,184.74,835.7,184.75,579.6
1753769375471,06:09:35.471,bybit,SOL/USDT:USDT,184.73,81.7,184.72,47.9,184.74,835.7,184.75,563.1
1753769375571,06:09:35.571,bybit,SOL/USDT:USDT,184.73,81.7,184.72,47.9,184.74,835.7,184.75,563.1
1753769375771,06:09:35.771,bybit,SOL/USDT:USDT,184.73,81.7,184.72,47.9,184.74,835.2,184.75,563.1
1753769375871,06:09:35.871,bybit,SOL/USDT:USDT,184.73,17.9,184.72,47.7,184.74,835.9,184.75,563.1
1753769375972,06:09:35.972,bybit,SOL/USDT:USDT,184.73,17.9,184.72,47.7,184.74,871.8,184.75,819.2
1753769376071,06:09:36.071,bybit,SOL/USDT:USDT,184.73,35.6,184.72,47.9,184.74,835.9,184.75,802.7
1753769376171,06:09:36.171,bybit,SOL/USDT:USDT,184.73,35.6,184.72,47.9,184.74,835.9,184.75,786.2
1753769376271,06:09:36.271,bybit,SOL/USDT:USDT,184.73,35.6,184.72,47.9,184.74,835.9,184.75,786.2
1753769376372,06:09:36.372,bybit,SOL/USDT:USDT,184.73,35.6,184.72,47.9,184.74,907.9,184.75,819.6
1753769376471,06:09:36.471,bybit,SOL/USDT:USDT,184.73,18.1,184.72,47.9,184.74,907.9,184.75,819.6
1753769376571,06:09:36.571,bybit,SOL/USDT:USDT,184.73,18.1,184.72,47.9,184.74,907.9,184.75,819.6
1753769376671,06:09:36.671,bybit,SOL/USDT:USDT,184.73,18.1,184.72,47.9,184.74,907.9,184.75,819.6
1753769376772,06:09:36.772,bybit,SOL/USDT:USDT,184.73,17.9,184.72,47.9,184.74,907.9,184.75,819.6
1753769376872,06:09:36.872,bybit,SOL/USDT:USDT,184.73,17.9,184.72,47.9,184.74,908.8,184.75,819.6
1753769376971,06:09:36.971,bybit,SOL/USDT:USDT,184.73,17.9,184.72,47.9,184.74,908.8,184.75,819.6
1753769377072,06:09:37.072,bybit,SOL/USDT:USDT,184.73,17.9,184.72,47.9,184.74,908.8,184.75,819.8
1753769377171,06:09:37.171,bybit,SOL/USDT:USDT,184.73,17.9,184.72,47.9,184.74,908.8,184.75,819.8
1753769377271,06:09:37.271,bybit,SOL/USDT:USDT,184.73,17.9,184.72,47.9,184.74,941.8,184.75,819.8
1753769377372,06:09:37.372,bybit,SOL/USDT:USDT,184.73,17.9,184.72,1.8,184.74,944.6,184.75,819.8
1753769377472,06:09:37.472,bybit,SOL/USDT:USDT,184.73,17.9,184.72,47.7,184.74,908.8,184.75,819.8
1753769377571,06:09:37.571,bybit,SOL/USDT:USDT,184.73,17.9,184.72,47.9,184.74,908.8,184.75,803.3
1753769377672,06:09:37.672,bybit,SOL/USDT:USDT,184.73,17.9,184.72,55.6,184.74,715.2,184.75,786.6
1753769377771,06:09:37.771,bybit,SOL/USDT:USDT,184.73,17.9,184.72,55.6,184.74,815.2,184.75,786.6
1753769377871,06:09:37.871,bybit,SOL/USDT:USDT,184.73,17.9,184.72,47.9,184.74,815.8,184.75,786.6
1753769377971,06:09:37.971,bybit,SOL/USDT:USDT,184.73,17.9,184.72,47.9,184.74,815.8,184.75,786.6
1753769378071,06:09:38.071,bybit,SOL/USDT:USDT,184.73,17.9,184.72,47.9,184.74,815.8,184.75,786.6
1753769378172,06:09:38.172,bybit,SOL/USDT:USDT,184.73,17.9,184.72,55.7,184.74,815.8,184.75,786.6
1753769378271,06:09:38.271,bybit,SOL/USDT:USDT,184.73,81.5,184.72,55.7,184.74,815.8,184.75,536.0
1753769378371,06:09:38.371,bybit,SOL/USDT:USDT,184.73,64.0,184.72,47.9,184.74,815.8,184.75,536.0
1753769378472,06:09:38.472,bybit,SOL/USDT:USDT,184.73,64.0,184.72,47.9,184.74,815.8,184.75,536.0
1753769378571,06:09:38.571,bybit,SOL/USDT:USDT,184.73,64.0,184.72,47.9,184.74,815.8,184.75,536.0
1753769378672,06:09:38.672,bybit,SOL/USDT:USDT,184.73,17.9,184.72,47.9,184.74,815.8,184.75,827.1
1753769378771,06:09:38.771,bybit,SOL/USDT:USDT,184.73,17.9,184.72,1.8,184.74,832.0,184.75,827.1
1753769378871,06:09:38.871,bybit,SOL/USDT:USDT,184.72,1.3,184.71,111.2,184.73,955.7,184.74,768.8
1753769378973,06:09:38.973,bybit,SOL/USDT:USDT,184.72,19.5,184.71,100.4,184.73,990.2,184.74,780.5
1753769379071,06:09:39.071,bybit,SOL/USDT:USDT,184.72,83.1,184.71,100.2,184.73,1090.2,184.74,597.7
1753769379171,06:09:39.171,bybit,SOL/USDT:USDT,184.72,65.6,184.71,100.2,184.73,1090.2,184.74,597.7
1753769379274,06:09:39.274,bybit,SOL/USDT:USDT,184.72,19.5,184.71,100.2,184.73,1106.3,184.74,629.9
1753769379372,06:09:39.372,bybit,SOL/USDT:USDT,184.72,19.5,184.71,100.2,184.73,1106.3,184.74,641.1
1753769379471,06:09:39.471,bybit,SOL/USDT:USDT,184.72,19.5,184.71,53.7,184.73,1108.9,184.74,657.2
1753769379573,06:09:39.573,bybit,SOL/USDT:USDT,184.7,72.9,184.69,64.7,184.71,970.7,184.72,746.8
1753769379672,06:09:39.672,bybit,SOL/USDT:USDT,184.7,90.3,184.69,48.5,184.71,959.6,184.72,739.9
1753769379772,06:09:39.772,bybit,SOL/USDT:USDT,184.7,73.0,184.69,76.0,184.71,1059.6,184.72,739.9
1753769379871,06:09:39.871,bybit,SOL/USDT:USDT,184.7,73.0,184.69,76.0,184.71,1080.0,184.72,739.9
1753769379971,06:09:39.971,bybit,SOL/USDT:USDT,184.7,73.0,184.69,76.0,184.71,1080.0,184.72,739.9
1753769380072,06:09:40.072,bybit,SOL/USDT:USDT,184.7,90.5,184.69,93.9,184.71,1080.0,184.72,739.9
1753769380171,06:09:40.171,bybit,SOL/USDT:USDT,184.7,73.0,184.69,93.9,184.71,1080.0,184.72,739.9
1753769380272,06:09:40.272,bybit,SOL/USDT:USDT,184.7,90.5,184.69,93.9,184.71,1080.0,184.72,739.9
1753769380371,06:09:40.371,bybit,SOL/USDT:USDT,184.7,90.5,184.69,93.9,184.71,1080.0,184.72,739.9
1753769380471,06:09:40.471,bybit,SOL/USDT:USDT,184.7,73.0,184.69,93.9,184.71,1080.0,184.72,739.9
1753769380571,06:09:40.571,bybit,SOL/USDT:USDT,184.7,90.5,184.69,93.9,184.71,1080.0,184.72,739.9
1753769380671,06:09:40.671,bybit,SOL/USDT:USDT,184.7,91.5,184.69,93.9,184.71,1080.0,184.72,739.9
1753769380772,06:09:40.772,bybit,SOL/USDT:USDT,184.7,249.7,184.69,247.1,184.71,112.4,184.72,587.5
1753769380872,06:09:40.872,bybit,SOL/USDT:USDT,184.7,288.8,184.69,390.0,184.71,129.5,184.72,441.1
1753769380971,06:09:40.971,bybit,SOL/USDT:USDT,184.7,303.1,184.69,395.4,184.71,129.5,184.72,441.1
1753769381072,06:09:41.072,bybit,SOL/USDT:USDT,184.7,223.6,184.69,438.4,184.71,128.3,184.72,441.1
1753769381172,06:09:41.172,bybit,SOL/USDT:USDT,184.7,207.7,184.69,422.3,184.71,128.3,184.72,441.1
1753769381272,06:09:41.272,bybit,SOL/USDT:USDT,184.7,177.9,184.69,350.3,184.71,128.3,184.72,441.1
1753769381371,06:09:41.371,bybit,SOL/USDT:USDT,184.7,210.2,184.69,335.2,184.71,128.3,184.72,513.1
1753769381471,06:09:41.471,bybit,SOL/USDT:USDT,184.7,183.5,184.69,324.4,184.71,140.3,184.72,513.1
1753769381572,06:09:41.572,bybit,SOL/USDT:USDT,184.7,183.5,184.69,313.6,184.71,140.3,184.72,513.1
1753769381671,06:09:41.671,bybit,SOL/USDT:USDT,184.7,183.5,184.69,313.6,184.71,140.3,184.72,513.1
1753769381772,06:09:41.772,bybit,SOL/USDT:USDT,184.7,187.7,184.69,313.6,184.71,140.3,184.72,513.1
1753769381871,06:09:41.871,bybit,SOL/USDT:USDT,184.7,187.7,184.69,328.5,184.71,142.1,184.72,513.1
1753769381971,06:09:41.971,bybit,SOL/USDT:USDT,184.7,183.5,184.69,313.6,184.71,142.0,184.72,473.7
1753769382072,06:09:42.072,bybit,SOL/USDT:USDT,184.68,31.8,184.67,4.6,184.69,519.6,184.7,704.8
1753769382472,06:09:42.472,bybit,SOL/USDT:USDT,184.69,41.1,184.68,377.0,184.7,397.4,184.71,388.2
1753769382571,06:09:42.571,bybit,SOL/USDT:USDT,184.69,87.2,184.68,377.0,184.7,397.4,184.71,388.2
1753769382672,06:09:42.672,bybit,SOL/USDT:USDT,184.69,87.2,184.68,377.0,184.7,298.4,184.71,388.2
1753769382772,06:09:42.772,bybit,SOL/USDT:USDT,184.69,87.2,184.68,306.6,184.7,298.4,184.71,388.2
1753769382872,06:09:42.872,bybit,SOL/USDT:USDT,184.69,102.4,184.68,306.6,184.7,329.9,184.71,386.0
1753769382971,06:09:42.971,bybit,SOL/USDT:USDT,184.69,69.9,184.68,235.9,184.7,501.9,184.71,386.0
1753769383072,06:09:43.072,bybit,SOL/USDT:USDT,184.69,69.9,184.68,235.9,184.7,487.5,184.71,386.0
1753769383171,06:09:43.171,bybit,SOL/USDT:USDT,184.69,72.5,184.68,236.2,184.7,487.5,184.71,386.2
1753769383273,06:09:43.273,bybit,SOL/USDT:USDT,184.69,69.9,184.68,236.2,184.7,487.5,184.71,386.2
1753769383371,06:09:43.371,bybit,SOL/USDT:USDT,184.69,69.9,184.68,236.2,184.7,541.0,184.71,386.2
1753769383471,06:09:43.471,bybit,SOL/USDT:USDT,184.69,174.8,184.68,236.2,184.7,280.2,184.71,371.8
1753769383571,06:09:43.571,bybit,SOL/USDT:USDT,184.69,177.4,184.68,284.8,184.7,252.7,184.71,357.1
1753769383671,06:09:43.671,bybit,SOL/USDT:USDT,184.69,158.8,184.68,257.8,184.7,252.7,184.71,357.1
1753769383771,06:09:43.771,bybit,SOL/USDT:USDT,184.69,158.8,184.68,257.8,184.7,252.7,184.71,357.1
1753769383872,06:09:43.872,bybit,SOL/USDT:USDT,184.69,191.7,184.68,375.3,184.7,159.3,184.71,330.6
1753769383971,06:09:43.971,bybit,SOL/USDT:USDT,184.69,191.8,184.68,519.1,184.7,84.2,184.71,330.6
1753769384071,06:09:44.071,bybit,SOL/USDT:USDT,184.69,196.5,184.68,657.7,184.7,84.1,184.71,140.7
1753769384172,06:09:44.172,bybit,SOL/USDT:USDT,184.69,216.0,184.68,742.8,184.7,84.1,184.71,57.7
1753769384271,06:09:44.271,bybit,SOL/USDT:USDT,184.69,389.8,184.68,755.4,184.7,84.1,184.71,57.7
1753769384371,06:09:44.371,bybit,SOL/USDT:USDT,184.69,373.0,184.68,755.4,184.7,84.1,184.71,57.7
1753769384471,06:09:44.471,bybit,SOL/USDT:USDT,184.69,375.6,184.68,726.0,184.7,84.1,184.71,103.8
1753769384571,06:09:44.571,bybit,SOL/USDT:USDT,184.69,390.3,184.68,755.4,184.7,84.1,184.71,57.7
1753769384671,06:09:44.671,bybit,SOL/USDT:USDT,184.69,395.1,184.68,757.3,184.7,84.1,184.71,57.7
1753769384772,06:09:44.772,bybit,SOL/USDT:USDT,184.69,395.1,184.68,782.8,184.7,84.1,184.71,57.7
1753769384871,06:09:44.871,bybit,SOL/USDT:USDT,184.69,375.6,184.68,768.1,184.7,82.9,184.71,57.7
1753769384971,06:09:44.971,bybit,SOL/USDT:USDT,184.69,375.9,184.68,726.4,184.7,102.8,184.71,38.0
1753769385071,06:09:45.071,bybit,SOL/USDT:USDT,184.69,375.9,184.68,741.1,184.7,102.8,184.71,38.0
1753769385172,06:09:45.172,bybit,SOL/USDT:USDT,184.69,375.6,184.68,726.4,184.7,102.8,184.71,38.0
1753769385271,06:09:45.271,bybit,SOL/USDT:USDT,184.69,380.4,184.68,741.1,184.7,102.8,184.71,38.0
1753769385371,06:09:45.371,bybit,SOL/USDT:USDT,184.69,395.1,184.68,741.1,184.7,102.8,184.71,38.0
1753769385472,06:09:45.472,bybit,SOL/USDT:USDT,184.69,395.4,184.68,768.6,184.7,102.8,184.71,38.0
1753769385571,06:09:45.571,bybit,SOL/USDT:USDT,184.69,380.7,184.68,753.9,184.7,102.8,184.71,38.0
1753769385671,06:09:45.671,bybit,SOL/USDT:USDT,184.69,380.7,184.68,783.3,184.7,102.8,184.71,38.0
1753769385772,06:09:45.772,bybit,SOL/USDT:USDT,184.69,395.4,184.68,783.3,184.7,102.8,184.71,38.0
1753769385872,06:09:45.872,bybit,SOL/USDT:USDT,184.69,378.9,184.68,753.9,184.7,102.8,184.71,10.5
1753769385971,06:09:45.971,bybit,SOL/USDT:USDT,184.69,380.7,184.68,753.9,184.7,102.9,184.71,10.5
1753769386071,06:09:46.071,bybit,SOL/USDT:USDT,184.69,373.8,184.68,753.9,184.7,102.9,184.71,10.5
1753769386171,06:09:46.171,bybit,SOL/USDT:USDT,184.69,301.6,184.68,753.9,184.7,102.9,184.71,56.6
1753769386271,06:09:46.271,bybit,SOL/USDT:USDT,184.69,290.8,184.68,753.9,184.7,103.1,184.71,143.3
1753769386371,06:09:46.371,bybit,SOL/USDT:USDT,184.69,177.6,184.68,748.1,184.7,115.1,184.71,143.3
1753769386471,06:09:46.471,bybit,SOL/USDT:USDT,184.69,81.8,184.68,699.6,184.7,115.1,184.71,183.2
1753769386571,06:09:46.571,bybit,SOL/USDT:USDT,184.69,148.0,184.68,701.4,184.7,115.1,184.71,168.2
1753769386672,06:09:46.672,bybit,SOL/USDT:USDT,184.69,167.1,184.68,735.4,184.7,115.1,184.71,56.6
1753769386771,06:09:46.771,bybit,SOL/USDT:USDT,184.69,167.1,184.68,713.8,184.7,115.1,184.71,56.6
1753769386871,06:09:46.871,bybit,SOL/USDT:USDT,184.69,167.1,184.68,713.8,184.7,115.1,184.71,56.6
1753769386972,06:09:46.972,bybit,SOL/USDT:USDT,184.69,187.4,184.68,728.1,184.7,108.9,184.71,56.6
1753769387071,06:09:47.071,bybit,SOL/USDT:USDT,184.69,182.6,184.68,713.8,184.7,115.3,184.71,56.6
1753769387171,06:09:47.171,bybit,SOL/USDT:USDT,184.69,179.4,184.68,657.7,184.7,115.3,184.71,70.5
1753769387271,06:09:47.271,bybit,SOL/USDT:USDT,184.69,182.0,184.68,657.7,184.7,128.9,184.71,142.5
1753769387371,06:09:47.371,bybit,SOL/USDT:USDT,184.69,182.0,184.68,657.7,184.7,115.3,184.71,142.5
1753769387472,06:09:47.472,bybit,SOL/USDT:USDT,184.68,623.0,184.67,571.8,184.69,111.7,184.7,323.9
1753769387572,06:09:47.572,bybit,SOL/USDT:USDT,184.68,500.5,184.67,464.7,184.69,14.6,184.7,193.2
1753769387672,06:09:47.672,bybit,SOL/USDT:USDT,184.68,442.1,184.67,517.1,184.69,14.6,184.7,181.2
1753769387771,06:09:47.771,bybit,SOL/USDT:USDT,184.68,632.6,184.67,657.3,184.69,10.4,184.7,175.1
1753769387872,06:09:47.872,bybit,SOL/USDT:USDT,184.68,656.0,184.67,674.9,184.69,10.4,184.7,105.3
1753769387971,06:09:47.971,bybit,SOL/USDT:USDT,184.68,656.0,184.67,895.9,184.69,32.6,184.7,83.2
1753769388071,06:09:48.071,bybit,SOL/USDT:USDT,184.69,81.2,184.68,636.4,184.7,83.2,184.71,10.6
1753769388172,06:09:48.172,bybit,SOL/USDT:USDT,184.69,1468.8,184.68,825.7,184.7,82.8,184.71,5.9
1753769388272,06:09:48.272,bybit,SOL/USDT:USDT,184.69,1573.4,184.68,783.8,184.7,82.8,184.71,6.0
1753769388371,06:09:48.371,bybit,SOL/USDT:USDT,184.69,1573.4,184.68,783.8,184.7,85.1,184.71,3.7
1753769388471,06:09:48.471,bybit,SOL/USDT:USDT,184.69,1557.6,184.68,750.8,184.7,85.2,184.71,3.7
1753769388571,06:09:48.571,bybit,SOL/USDT:USDT,184.69,1558.6,184.68,751.5,184.7,85.2,184.71,3.7
1753769388671,06:09:48.671,bybit,SOL/USDT:USDT,184.69,1324.6,184.68,751.5,184.7,85.2,184.71,3.7
1753769388771,06:09:48.771,bybit,SOL/USDT:USDT,184.69,1324.8,184.68,751.5,184.7,85.2,184.71,3.7
1753769388872,06:09:48.872,bybit,SOL/USDT:USDT,184.69,1329.6,184.68,751.5,184.7,85.2,184.71,3.7
1753769388971,06:09:48.971,bybit,SOL/USDT:USDT,184.69,1350.5,184.68,751.5,184.7,88.0,184.71,62.6
1753769389071,06:09:49.071,bybit,SOL/USDT:USDT,184.69,1253.7,184.68,741.0,184.7,88.0,184.71,78.4
1753769389171,06:09:49.171,bybit,SOL/USDT:USDT,184.69,1057.0,184.68,741.0,184.7,103.2,184.71,78.4
1753769389274,06:09:49.274,bybit,SOL/USDT:USDT,184.69,1064.4,184.68,741.0,184.7,99.0,184.71,118.8
1753769389372,06:09:49.372,bybit,SOL/USDT:USDT,184.69,1064.4,184.68,751.8,184.7,99.0,184.71,118.8
1753769389472,06:09:49.472,bybit,SOL/USDT:USDT,184.69,997.8,184.68,762.6,184.7,99.0,184.71,0.7
1753769389572,06:09:49.572,bybit,SOL/USDT:USDT,184.69,996.0,184.68,762.6,184.7,88.0,184.71,0.7
1753769389672,06:09:49.672,bybit,SOL/USDT:USDT,184.69,996.0,184.68,794.2,184.7,88.0,184.71,0.7
1753769389772,06:09:49.772,bybit,SOL/USDT:USDT,184.71,166.1,184.7,1296.8,184.72,2.4,184.73,79.6
1753769389871,06:09:49.871,bybit,SOL/USDT:USDT,184.72,775.9,184.71,704.9,184.73,1.7,184.74,85.2
1753769389971,06:09:49.971,bybit,SOL/USDT:USDT,184.72,680.5,184.71,827.5,184.73,1.7,184.74,7.9
1753769390071,06:09:50.071,bybit,SOL/USDT:USDT,184.72,769.1,184.71,822.1,184.73,1.7,184.74,7.9
1753769390171,06:09:50.171,bybit,SOL/USDT:USDT,184.72,695.3,184.71,566.4,184.73,35.6,184.74,92.8
1753769390271,06:09:50.271,bybit,SOL/USDT:USDT,184.72,630.4,184.71,474.8,184.73,23.0,184.74,188.4
1753769390372,06:09:50.372,bybit,SOL/USDT:USDT,184.72,268.6,184.71,442.3,184.73,227.5,184.74,196.4
1753769390472,06:09:50.472,bybit,SOL/USDT:USDT,184.72,271.0,184.71,442.3,184.73,209.8,184.74,180.6
1753769390571,06:09:50.571,bybit,SOL/USDT:USDT,184.72,397.9,184.71,494.8,184.73,19.2,184.74,125.9
1753769390671,06:09:50.671,bybit,SOL/USDT:USDT,184.72,397.9,184.71,515.6,184.73,1.7,184.74,79.8
1753769390771,06:09:50.771,bybit,SOL/USDT:USDT,184.72,393.1,184.71,475.0,184.73,20.4,184.74,48.2
1753769390871,06:09:50.871,bybit,SOL/USDT:USDT,184.72,393.1,184.71,473.6,184.73,2.9,184.74,7.8
1753769390971,06:09:50.971,bybit,SOL/USDT:USDT,184.72,397.9,184.71,473.6,184.73,2.9,184.74,54.6
1753769391071,06:09:51.071,bybit,SOL/USDT:USDT,184.72,397.9,184.71,473.6,184.73,2.9,184.74,7.8
1753769391171,06:09:51.171,bybit,SOL/USDT:USDT,184.72,397.9,184.71,473.6,184.73,13.9,184.74,116.6
1753769391271,06:09:51.271,bybit,SOL/USDT:USDT,184.72,397.9,184.71,486.2,184.73,13.9,184.74,125.9
1753769391372,06:09:51.372,bybit,SOL/USDT:USDT,184.72,391.1,184.71,428.3,184.73,72.0,184.74,188.5
1753769391472,06:09:51.472,bybit,SOL/USDT:USDT,184.72,391.3,184.71,445.7,184.73,91.5,184.74,180.8
1753769391572,06:09:51.572,bybit,SOL/USDT:USDT,184.72,373.2,184.71,427.9,184.73,91.5,184.74,180.8
1753769391671,06:09:51.671,bybit,SOL/USDT:USDT,184.72,273.2,184.71,426.8,184.73,136.5,184.74,196.3
1753769391771,06:09:51.771,bybit,SOL/USDT:USDT,184.72,373.2,184.71,426.8,184.73,134.4,184.74,180.8
1753769391871,06:09:51.871,bybit,SOL/USDT:USDT,184.72,273.4,184.71,426.8,184.73,134.4,184.74,180.8
1753769391971,06:09:51.971,bybit,SOL/USDT:USDT,184.72,127.0,184.71,349.8,184.73,290.9,184.74,232.2
1753769392071,06:09:52.071,bybit,SOL/USDT:USDT,184.72,54.0,184.71,297.3,184.73,275.5,184.74,366.1
1753769392171,06:09:52.171,bybit,SOL/USDT:USDT,184.72,36.3,184.71,67.1,184.73,379.6,184.74,366.1
1753769392272,06:09:52.272,bybit,SOL/USDT:USDT,184.72,2.0,184.71,0.5,184.73,482.2,184.74,413.4
1753769392372,06:09:52.372,bybit,SOL/USDT:USDT,184.7,53.0,184.69,474.0,184.71,430.8,184.72,721.2
1753769392472,06:09:52.472,bybit,SOL/USDT:USDT,184.7,52.9,184.69,501.5,184.71,605.9,184.72,688.2
1753769392571,06:09:52.571,bybit,SOL/USDT:USDT,184.7,52.9,184.69,445.8,184.71,533.9,184.72,534.8
1753769392672,06:09:52.672,bybit,SOL/USDT:USDT,184.7,52.9,184.69,445.8,184.71,533.9,184.72,534.8
1753769392772,06:09:52.772,bybit,SOL/USDT:USDT,184.7,52.9,184.69,445.8,184.71,533.9,184.72,549.9
1753769392871,06:09:52.871,bybit,SOL/USDT:USDT,184.7,0.1,184.69,49.5,184.71,566.7,184.72,696.3
1753769392971,06:09:52.971,bybit,SOL/USDT:USDT,184.69,0.1,184.68,104.7,184.7,1158.6,184.71,716.9
1753769393073,06:09:53.073,bybit,SOL/USDT:USDT,184.68,0.5,184.67,53.6,184.69,479.3,184.7,905.9
1753769393171,06:09:53.171,bybit,SOL/USDT:USDT,184.68,0.5,184.67,4.6,184.69,471.2,184.7,905.9
1753769393275,06:09:53.275,bybit,SOL/USDT:USDT,184.67,25.1,184.66,82.0,184.68,1144.3,184.69,628.4
1753769393371,06:09:53.371,bybit,SOL/USDT:USDT,184.67,25.1,184.66,81.8,184.68,1144.5,184.69,625.4
1753769393471,06:09:53.471,bybit,SOL/USDT:USDT,184.66,35.4,184.65,33.6,184.67,1082.0,184.68,1387.8
1753769393573,06:09:53.573,bybit,SOL/USDT:USDT,184.66,35.2,184.65,29.4,184.67,1157.6,184.68,859.1
1753769393672,06:09:53.672,bybit,SOL/USDT:USDT,184.66,35.2,184.65,48.0,184.67,1272.7,184.68,858.8
1753769393771,06:09:53.771,bybit,SOL/USDT:USDT,184.66,35.2,184.65,1.7,184.67,1272.7,184.68,858.8
1753769393872,06:09:53.872,bybit,SOL/USDT:USDT,184.66,35.2,184.65,1.7,184.67,1300.2,184.68,858.8
1753769393972,06:09:53.972,bybit,SOL/USDT:USDT,184.66,35.2,184.65,1.7,184.67,1272.8,184.68,858.8
1753769394072,06:09:54.072,bybit,SOL/USDT:USDT,184.65,80.7,184.64,49.1,184.66,786.5,184.67,1054.0
1753769394172,06:09:54.172,bybit,SOL/USDT:USDT,184.65,1.1,184.64,49.3,184.66,958.5,184.67,1054.1
1753769394272,06:09:54.272,bybit,SOL/USDT:USDT,184.65,55.4,184.64,121.3,184.66,761.0,184.67,977.9
1753769394371,06:09:54.371,bybit,SOL/USDT:USDT,184.65,55.4,184.64,55.7,184.66,861.0,184.67,977.9
1753769394472,06:09:54.472,bybit,SOL/USDT:USDT,184.65,55.4,184.64,55.7,184.66,861.0,184.67,977.4
1753769394571,06:09:54.571,bybit,SOL/USDT:USDT,184.66,44.4,184.65,522.3,184.67,77.3,184.68,185.8
1753769394672,06:09:54.672,bybit,SOL/USDT:USDT,184.66,1439.3,184.65,761.7,184.67,1.7,184.68,1.6
1753769394772,06:09:54.772,bybit,SOL/USDT:USDT,184.66,1358.1,184.65,770.6,184.67,1.7,184.68,1.6
1753769394872,06:09:54.872,bybit,SOL/USDT:USDT,184.66,1380.2,184.65,745.4,184.67,1.7,184.68,1.6
1753769394971,06:09:54.971,bybit,SOL/USDT:USDT,184.66,1407.7,184.65,745.6,184.67,1.7,184.68,1.6
1753769395072,06:09:55.072,bybit,SOL/USDT:USDT,184.69,164.4,184.68,473.2,184.7,89.4,184.71,485.8
1753769395171,06:09:55.171,bybit,SOL/USDT:USDT,184.69,128.4,184.68,426.9,184.7,192.8,184.71,479.2
1753769395271,06:09:55.271,bybit,SOL/USDT:USDT,184.69,128.4,184.68,413.7,184.7,192.8,184.71,479.2
1753769395372,06:09:55.372,bybit,SOL/USDT:USDT,184.69,128.4,184.68,329.3,184.7,192.8,184.71,493.1
1753769395472,06:09:55.472,bybit,SOL/USDT:USDT,184.69,163.0,184.68,383.4,184.7,107.3,184.71,345.3
1753769395571,06:09:55.571,bybit,SOL/USDT:USDT,184.69,163.0,184.68,334.7,184.7,200.9,184.71,345.3
1753769395672,06:09:55.672,bybit,SOL/USDT:USDT,184.68,71.5,184.67,716.2,184.69,562.6,184.7,311.4
1753769395771,06:09:55.771,bybit,SOL/USDT:USDT,184.68,106.7,184.67,705.4,184.69,536.1,184.7,311.6
1753769395871,06:09:55.871,bybit,SOL/USDT:USDT,184.68,106.7,184.67,705.4,184.69,536.1,184.7,467.3
1753769395971,06:09:55.971,bybit,SOL/USDT:USDT,184.68,107.7,184.67,705.4,184.69,536.1,184.7,480.2
1753769396072,06:09:56.072,bybit,SOL/USDT:USDT,184.68,107.7,184.67,705.4,184.69,536.1,184.7,403.7
1753769396171,06:09:56.171,bybit,SOL/USDT:USDT,184.68,107.7,184.67,700.0,184.69,611.1,184.7,403.7
1753769396271,06:09:56.271,bybit,SOL/USDT:USDT,184.68,107.7,184.67,694.6,184.69,611.2,184.7,416.8
