timestamp,time,exchange,symbol,bid1_price,bid1_volume,bid2_price,bid2_volume,ask1_price,ask1_volume,ask2_price,ask2_volume
1753769515893,06:11:55.893,apex,BTC/USDT:USDT,118887.5,8.134,118887.3,2.312,118887.9,1.578,118888.0,1.209
1753769515893,06:11:55.893,apex,BTC/USDT:USDT,118887.5,8.134,118887.3,2.312,118887.9,1.578,118888.0,1.209
1753769515992,06:11:55.992,apex,BTC/USDT:USDT,118887.5,8.134,118887.4,2.555,118887.8,1.165,118887.9,1.578
1753769515992,06:11:55.992,apex,BTC/USDT:USDT,118887.5,8.134,118887.4,2.555,118887.8,1.165,118887.9,1.578
1753769515992,06:11:55.992,apex,BTC/USDT:USDT,118887.5,8.134,118887.4,2.555,118887.8,1.165,118887.9,1.578
1753769515992,06:11:55.992,apex,BTC/USDT:USDT,118887.5,8.134,118887.4,2.555,118887.8,1.165,118887.9,1.578
1753769515992,06:11:55.992,apex,BTC/USDT:USDT,118887.5,8.134,118887.4,2.555,118887.8,1.165,118887.9,1.578
1753769516093,06:11:56.093,apex,BTC/USDT:USDT,118887.5,8.134,118887.4,2.555,118887.8,1.165,118887.9,1.578
1753769516093,06:11:56.093,apex,BTC/USDT:USDT,118887.5,8.134,118887.4,2.555,118887.8,1.165,118887.9,1.578
1753769516093,06:11:56.093,apex,BTC/USDT:USDT,118887.5,8.134,118887.4,2.555,118887.8,1.165,118887.9,1.578
1753769516093,06:11:56.093,apex,BTC/USDT:USDT,118887.5,8.134,118887.4,2.555,118887.8,1.165,118887.9,1.578
1753769516093,06:11:56.093,apex,BTC/USDT:USDT,118887.5,8.134,118887.4,2.555,118887.8,1.165,118887.9,1.578
1753769516093,06:11:56.093,apex,BTC/USDT:USDT,118887.5,8.134,118887.4,2.555,118887.8,1.165,118887.9,1.578
1753769516093,06:11:56.093,apex,BTC/USDT:USDT,118887.5,8.134,118887.4,2.555,118887.8,1.165,118887.9,1.578
1753769516293,06:11:56.293,apex,BTC/USDT:USDT,118887.5,8.134,118887.4,2.555,118887.8,1.165,118887.9,1.578
1753769516342,06:11:56.342,apex,BTC/USDT:USDT,118887.5,8.134,118887.4,2.555,118887.8,1.165,118887.9,1.578
1753769516342,06:11:56.342,apex,BTC/USDT:USDT,118887.5,8.134,118887.4,2.555,118887.8,1.165,118887.9,1.578
1753769516393,06:11:56.393,apex,BTC/USDT:USDT,118887.5,8.134,118887.4,2.555,118887.8,1.165,118887.9,1.578
1753769516393,06:11:56.393,apex,BTC/USDT:USDT,118887.5,8.134,118887.4,2.555,118887.8,1.165,118887.9,1.578
1753769516393,06:11:56.393,apex,BTC/USDT:USDT,118887.5,8.134,118887.4,2.555,118887.8,1.165,118887.9,1.578
1753769516393,06:11:56.393,apex,BTC/USDT:USDT,118887.5,8.134,118887.4,2.555,118887.8,1.165,118887.9,1.578
1753769516393,06:11:56.393,apex,BTC/USDT:USDT,118887.5,8.134,118887.4,2.555,118887.8,1.165,118887.9,1.578
1753769516393,06:11:56.393,apex,BTC/USDT:USDT,118887.5,8.134,118887.4,2.555,118887.8,1.165,118887.9,1.578
1753769517593,06:11:57.593,apex,BTC/USDT:USDT,118887.6,7.683,118887.5,8.134,118887.8,3.165,118887.9,1.578
1753769518042,06:11:58.042,binance,BTC/USDT:USDT,118788.9,18.088,118788.8,0.046,118789.0,6.588,118789.1,0.003
1753769518111,06:11:58.111,binance,BTC/USDT:USDT,118788.9,18.09,118788.8,0.046,118789.0,6.599,118789.1,0.003
1753769518215,06:11:58.215,binance,BTC/USDT:USDT,118788.9,18.09,118788.8,0.046,118789.0,6.597,118789.1,0.003
1753769518239,06:11:58.239,binanceusdm,BTC/USDT:USDT,118788.9,18.09,118788.8,0.046,118789.0,6.597,118789.1,0.003
1753769518318,06:11:58.318,binance,BTC/USDT:USDT,118788.9,18.087,118788.8,0.046,118789.0,6.611,118789.1,0.003
1753769518318,06:11:58.318,binanceusdm,BTC/USDT:USDT,118788.9,18.087,118788.8,0.046,118789.0,6.611,118789.1,0.003
1753769518220,06:11:58.220,ascendex,BTC/USDT:USDT,118788.8,11.12325,118788.7,1.41525,118789.1,10.07745,118789.2,1.8423
1753769518420,06:11:58.420,binanceusdm,BTC/USDT:USDT,118788.9,18.087,118788.8,0.046,118789.0,6.611,118789.1,0.003
1753769518420,06:11:58.420,binance,BTC/USDT:USDT,118788.9,18.087,118788.8,0.046,118789.0,6.611,118789.1,0.003
1753769518561,06:11:58.561,ascendex,BTC/USDT:USDT,118788.8,10.76265,118788.7,1.6431,118789.1,12.04005,118789.2,3.48015
1753769518919,06:11:58.919,ascendex,BTC/USDT:USDT,118788.8,10.37745,118788.7,1.6431,118789.1,12.29385,118789.2,1.63785
1753769519129,06:11:59.129,binance,BTC/USDT:USDT,118788.9,18.118,118788.8,0.046,118789.0,6.635,118789.1,0.003
1753769519231,06:11:59.231,binance,BTC/USDT:USDT,118788.9,18.107,118788.8,0.046,118789.0,6.625,118789.1,0.003
1753769519231,06:11:59.231,binanceusdm,BTC/USDT:USDT,118788.9,18.107,118788.8,0.046,118789.0,6.625,118789.1,0.003
1753769519240,06:11:59.240,ascendex,BTC/USDT:USDT,118788.8,11.01345,118788.7,3.22485,118789.1,13.18035,118789.2,1.63785
1753769519334,06:11:59.334,binanceusdm,BTC/USDT:USDT,118788.9,18.111,118788.8,0.046,118789.0,6.625,118789.1,0.003
1753769519334,06:11:59.334,binance,BTC/USDT:USDT,118788.9,18.111,118788.8,0.046,118789.0,6.625,118789.1,0.003
1753769519436,06:11:59.436,binanceusdm,BTC/USDT:USDT,118788.9,18.109,118788.8,0.046,118789.0,6.626,118789.1,0.003
1753769519436,06:11:59.436,binance,BTC/USDT:USDT,118788.9,18.109,118788.8,0.046,118789.0,6.626,118789.1,0.003
1753769519538,06:11:59.538,binance,BTC/USDT:USDT,118788.9,18.107,118788.8,0.046,118789.0,6.62,118789.1,0.003
1753769519538,06:11:59.538,binanceusdm,BTC/USDT:USDT,118788.9,18.107,118788.8,0.046,118789.0,6.62,118789.1,0.003
1753769519553,06:11:59.553,ascendex,BTC/USDT:USDT,118788.8,12.945,118788.7,3.22485,118789.1,17.44365,118789.2,1.63785
1753769519640,06:11:59.640,binanceusdm,BTC/USDT:USDT,118788.9,18.107,118788.8,0.046,118789.0,6.597,118789.1,0.003
1753769519640,06:11:59.640,binance,BTC/USDT:USDT,118788.9,18.107,118788.8,0.046,118789.0,6.597,118789.1,0.003
1753769519845,06:11:59.845,binance,BTC/USDT:USDT,118788.9,18.108,118788.8,0.046,118789.0,6.592,118789.1,0.003
1753769519845,06:11:59.845,binanceusdm,BTC/USDT:USDT,118788.9,18.108,118788.8,0.046,118789.0,6.592,118789.1,0.003
1753769519846,06:11:59.846,ascendex,BTC/USDT:USDT,118788.8,14.2374,118788.7,3.22485,118789.1,18.83265,118789.2,3.0702
1753769519946,06:11:59.946,binance,BTC/USDT:USDT,118788.9,18.108,118788.8,0.046,118789.0,6.592,118789.1,0.003
1753769519946,06:11:59.946,binanceusdm,BTC/USDT:USDT,118788.9,18.108,118788.8,0.046,118789.0,6.592,118789.1,0.003
1753769520047,06:12:00.047,binance,BTC/USDT:USDT,118788.9,18.107,118788.8,0.046,118789.0,6.592,118789.1,0.002
1753769520047,06:12:00.047,binanceusdm,BTC/USDT:USDT,118788.9,18.107,118788.8,0.046,118789.0,6.592,118789.1,0.002
1753769520148,06:12:00.148,binance,BTC/USDT:USDT,118788.9,18.009,118788.8,0.046,118789.0,6.592,118789.1,0.003
1753769520148,06:12:00.148,binanceusdm,BTC/USDT:USDT,118788.9,18.009,118788.8,0.046,118789.0,6.592,118789.1,0.003
1753769520171,06:12:00.171,ascendex,BTC/USDT:USDT,118788.8,17.7735,118788.7,3.22485,118789.1,22.5507,118789.2,3.0702
1753769520251,06:12:00.251,binanceusdm,BTC/USDT:USDT,118788.9,18.082,118788.8,0.046,118789.0,6.591,118789.1,0.003
1753769520251,06:12:00.251,binance,BTC/USDT:USDT,118788.9,18.082,118788.8,0.046,118789.0,6.591,118789.1,0.003
1753769520353,06:12:00.353,binanceusdm,BTC/USDT:USDT,118788.9,18.089,118788.8,0.046,118789.0,6.591,118789.1,0.003
1753769520353,06:12:00.353,binance,BTC/USDT:USDT,118788.9,18.089,118788.8,0.046,118789.0,6.591,118789.1,0.003
1753769520456,06:12:00.456,binanceusdm,BTC/USDT:USDT,118788.9,18.089,118788.8,0.046,118789.0,6.591,118789.1,0.003
1753769520456,06:12:00.456,binance,BTC/USDT:USDT,118788.9,18.089,118788.8,0.046,118789.0,6.591,118789.1,0.003
1753769520453,06:12:00.453,ascendex,BTC/USDT:USDT,118788.8,19.84425,118788.7,3.22485,118789.1,24.26895,118789.2,3.0702
1753769520762,06:12:00.762,binanceusdm,BTC/USDT:USDT,118788.9,18.087,118788.8,0.046,118789.0,6.543,118789.1,0.003
1753769520762,06:12:00.762,binance,BTC/USDT:USDT,118788.9,18.087,118788.8,0.046,118789.0,6.543,118789.1,0.003
1753769520798,06:12:00.798,ascendex,BTC/USDT:USDT,118788.8,21.9282,118788.7,3.22485,118789.1,26.29815,118789.2,3.0702
1753769520864,06:12:00.864,binance,BTC/USDT:USDT,118788.9,18.09,118788.8,0.046,118789.0,6.543,118789.1,0.003
1753769520864,06:12:00.864,binanceusdm,BTC/USDT:USDT,118788.9,18.09,118788.8,0.046,118789.0,6.543,118789.1,0.003
1753769520966,06:12:00.966,binance,BTC/USDT:USDT,118788.9,18.09,118788.8,0.046,118789.0,6.538,118789.1,0.003
1753769520966,06:12:00.966,binanceusdm,BTC/USDT:USDT,118788.9,18.09,118788.8,0.046,118789.0,6.538,118789.1,0.003
1753769521068,06:12:01.068,binanceusdm,BTC/USDT:USDT,118788.9,18.09,118788.8,0.046,118789.0,6.544,118789.1,0.003
1753769521068,06:12:01.068,binance,BTC/USDT:USDT,118788.9,18.09,118788.8,0.046,118789.0,6.544,118789.1,0.003
1753769521119,06:12:01.119,ascendex,BTC/USDT:USDT,118788.8,21.80385,118788.7,3.22485,118789.1,25.7007,118789.2,3.0702
1753769521171,06:12:01.171,binance,BTC/USDT:USDT,118788.9,17.844,118788.8,0.046,118789.0,6.595,118789.1,0.003
1753769521171,06:12:01.171,binanceusdm,BTC/USDT:USDT,118788.9,17.844,118788.8,0.046,118789.0,6.595,118789.1,0.003
1753769521272,06:12:01.272,binance,BTC/USDT:USDT,118788.9,17.973,118788.8,0.046,118789.0,6.584,118789.1,0.003
1753769521272,06:12:01.272,binanceusdm,BTC/USDT:USDT,118788.9,17.973,118788.8,0.046,118789.0,6.584,118789.1,0.003
1753769521256,06:12:01.256,bitget,BTC/USDT:USDT,118783.7,27.815,118782.9,0.0114,118783.8,4.6936,118783.9,1.3677
1753769521356,06:12:01.356,bitget,BTC/USDT:USDT,118783.7,27.815,118782.9,0.0444,118783.8,4.6936,118783.9,1.3677
1753769521374,06:12:01.374,binanceusdm,BTC/USDT:USDT,118788.9,17.974,118788.8,0.046,118789.0,6.584,118789.1,0.003
1753769521374,06:12:01.374,binance,BTC/USDT:USDT,118788.9,17.974,118788.8,0.046,118789.0,6.584,118789.1,0.003
1753769521456,06:12:01.456,bitget,BTC/USDT:USDT,118783.7,27.8025,118782.9,0.0888,118783.8,4.7223,118783.9,1.3677
1753769521462,06:12:01.462,ascendex,BTC/USDT:USDT,118788.8,21.84495,118788.7,3.22485,118789.1,26.05635,118789.2,3.0702
1753769521475,06:12:01.475,binanceusdm,BTC/USDT:USDT,118788.9,17.971,118788.8,0.046,118789.0,6.592,118789.1,0.003
1753769521475,06:12:01.475,binance,BTC/USDT:USDT,118788.9,17.971,118788.8,0.046,118789.0,6.592,118789.1,0.003
1753769521737,06:12:01.737,ascendex,BTC/USDT:USDT,118788.8,21.76305,118788.7,3.26115,118789.1,25.74585,118789.2,3.0702
1753769521856,06:12:01.856,bitget,BTC/USDT:USDT,118783.7,27.8025,118782.9,0.0444,118783.8,4.5265,118783.9,1.3677
1753769521880,06:12:01.880,binance,BTC/USDT:USDT,118788.9,17.969,118788.8,0.046,118789.0,6.043,118789.1,0.003
1753769521880,06:12:01.880,binanceusdm,BTC/USDT:USDT,118788.9,17.969,118788.8,0.046,118789.0,6.043,118789.1,0.003
1753769521956,06:12:01.956,bitget,BTC/USDT:USDT,118783.7,27.7823,118782.9,0.0228,118783.8,4.5552,118783.9,1.3677
1753769521983,06:12:01.983,binance,BTC/USDT:USDT,118788.9,18.305,118788.8,0.046,118789.0,6.035,118789.1,0.003
1753769521983,06:12:01.983,binanceusdm,BTC/USDT:USDT,118788.9,18.305,118788.8,0.046,118789.0,6.035,118789.1,0.003
1753769522086,06:12:02.086,binanceusdm,BTC/USDT:USDT,118788.9,18.3,118788.8,0.046,118789.0,6.088,118789.1,0.003
1753769522086,06:12:02.086,binance,BTC/USDT:USDT,118788.9,18.3,118788.8,0.046,118789.0,6.088,118789.1,0.003
1753769522076,06:12:02.076,ascendex,BTC/USDT:USDT,118788.8,21.88065,118788.7,3.26115,118789.1,26.36085,118789.2,3.0702
1753769522156,06:12:02.156,bitget,BTC/USDT:USDT,118783.7,27.8025,118782.9,0.0444,118783.8,4.5265,118783.9,1.3677
1753769522189,06:12:02.189,binanceusdm,BTC/USDT:USDT,118788.9,18.3,118788.8,0.046,118789.0,5.971,118789.1,0.003
1753769522189,06:12:02.189,binance,BTC/USDT:USDT,118788.9,18.3,118788.8,0.046,118789.0,5.971,118789.1,0.003
1753769522285,06:12:02.285,bitfinex,BTC/USDT:USDT,118920.0,1.0018134,118910.0,0.8600954,118930.0,0.16055,118940.0,0.51565554
1753769522406,06:12:02.406,ascendex,BTC/USDT:USDT,118788.8,21.88065,118788.7,3.26115,118789.1,29.66535,118789.2,3.0702
1753769522676,06:12:02.676,ascendex,BTC/USDT:USDT,118788.8,23.82495,118788.7,3.26115,118789.1,28.15305,118789.2,3.0702
1753769522758,06:12:02.758,bitget,BTC/USDT:USDT,118783.7,27.8025,118782.9,0.0444,118783.8,4.5299,118783.9,1.3677
1753769522803,06:12:02.803,binanceusdm,BTC/USDT:USDT,118788.9,18.284,118788.8,0.046,118789.0,6.023,118789.1,0.003
1753769522803,06:12:02.803,binance,BTC/USDT:USDT,118788.9,18.284,118788.8,0.046,118789.0,6.023,118789.1,0.003
1753769522865,06:12:02.865,bitget,BTC/USDT:USDT,118783.7,27.8025,118782.9,0.033,118783.8,4.5012,118783.9,1.3677
1753769522966,06:12:02.966,bitget,BTC/USDT:USDT,118783.7,27.8025,118782.9,0.0444,118783.8,4.5299,118783.9,1.3677
1753769523007,06:12:03.007,binance,BTC/USDT:USDT,118788.9,18.286,118788.8,0.046,118789.0,6.023,118789.1,0.003
1753769523007,06:12:03.007,binanceusdm,BTC/USDT:USDT,118788.9,18.286,118788.8,0.046,118789.0,6.023,118789.1,0.003
1753769523028,06:12:03.028,ascendex,BTC/USDT:USDT,118788.8,23.3262,118788.7,3.26115,118789.1,28.4265,118789.2,3.0702
1753769523108,06:12:03.108,binanceusdm,BTC/USDT:USDT,118788.9,18.328,118788.8,0.046,118789.0,6.023,118789.1,0.003
1753769523108,06:12:03.108,binance,BTC/USDT:USDT,118788.9,18.328,118788.8,0.046,118789.0,6.023,118789.1,0.003
1753769523185,06:12:03.185,bitfinex,BTC/USDT:USDT,118920.0,1.0018134,118910.0,0.8600954,118930.0,0.16055,118940.0,0.51565554
1753769523186,06:12:03.186,bitfinex,BTC/USDT:USDT,118920.0,1.0018134,118910.0,0.8600954,118930.0,0.16055,118940.0,0.51565554
1753769523166,06:12:03.166,bitget,BTC/USDT:USDT,118783.7,27.8025,118782.9,0.0444,118783.8,4.5299,118783.9,1.3677
1753769523209,06:12:03.209,binanceusdm,BTC/USDT:USDT,118788.9,18.307,118788.8,0.046,118789.0,6.025,118789.1,0.003
1753769523209,06:12:03.209,binance,BTC/USDT:USDT,118788.9,18.307,118788.8,0.046,118789.0,6.025,118789.1,0.003
1753769523266,06:12:03.266,bitget,BTC/USDT:USDT,118783.7,27.8025,118782.9,0.0444,118783.8,4.5299,118783.9,1.3677
1753769523310,06:12:03.310,binanceusdm,BTC/USDT:USDT,118788.9,18.302,118788.8,0.046,118789.0,6.018,118789.1,0.003
1753769523310,06:12:03.310,binance,BTC/USDT:USDT,118788.9,18.302,118788.8,0.046,118789.0,6.018,118789.1,0.003
1753769523619,06:12:03.619,bitfinex,BTC/USDT:USDT,118920.0,1.0018134,118910.0,0.8600954,118930.0,0.16055,118940.0,0.47361254
1753769523622,06:12:03.622,bitfinex,BTC/USDT:USDT,118920.0,1.0018134,118910.0,0.8600954,118930.0,0.16055,118940.0,0.47361254
1753769523286,06:12:03.286,ascendex,BTC/USDT:USDT,118788.8,23.34045,118788.7,3.26115,118789.1,28.0938,118789.2,2.85555
1753769523620,06:12:03.620,binance,BTC/USDT:USDT,118788.9,18.272,118788.8,0.046,118789.0,5.995,118789.1,0.003
1753769523620,06:12:03.620,binanceusdm,BTC/USDT:USDT,118788.9,18.272,118788.8,0.046,118789.0,5.995,118789.1,0.003
1753769523667,06:12:03.667,bitget,BTC/USDT:USDT,118783.7,27.8025,118782.9,0.0444,118783.8,4.5299,118783.9,1.3677
1753769523660,06:12:03.660,ascendex,BTC/USDT:USDT,118788.8,23.50305,118788.7,1.6794,118789.1,28.27935,118789.2,2.85555
1753769524141,06:12:04.141,bitfinex,BTC/USDT:USDT,118920.0,1.0018134,118910.0,0.8600954,118930.0,0.16055,118940.0,0.47361254
1753769524143,06:12:04.143,bitfinex,BTC/USDT:USDT,118920.0,1.0018134,118910.0,0.8600954,118930.0,0.16055,118940.0,0.47361254
1753769523890,06:12:03.890,ascendex,BTC/USDT:USDT,118788.8,23.4348,118788.7,3.1647,118789.1,27.7686,118789.2,2.85555
1753769524066,06:12:04.066,bitget,BTC/USDT:USDT,118783.7,27.8025,118782.9,0.0444,118783.8,4.5003,118783.9,1.3677
1753769524029,06:12:04.029,binance,BTC/USDT:USDT,118788.9,18.275,118788.8,0.046,118789.0,5.993,118789.1,0.003
1753769524149,06:12:04.149,bitfinex,BTC/USDT:USDT,118920.0,1.0018134,118910.0,0.8600954,118930.0,0.16055,118940.0,0.47361254
1753769524130,06:12:04.130,binanceusdm,BTC/USDT:USDT,118788.9,18.387,118788.8,0.046,118789.0,5.993,118789.1,0.003
1753769524130,06:12:04.130,binance,BTC/USDT:USDT,118788.9,18.387,118788.8,0.046,118789.0,5.993,118789.1,0.003
1753769524166,06:12:04.166,bitget,BTC/USDT:USDT,118783.7,27.77,118782.2,0.004,118783.8,4.4716,118784.0,0.0029
1753769524232,06:12:04.232,binanceusdm,BTC/USDT:USDT,118788.9,18.406,118788.8,0.046,118789.0,5.993,118789.1,0.003
1753769524232,06:12:04.232,binance,BTC/USDT:USDT,118788.9,18.406,118788.8,0.046,118789.0,5.993,118789.1,0.003
1753769524287,06:12:04.287,bitfinex,BTC/USDT:USDT,118920.0,1.0018134,118910.0,0.8600954,118930.0,0.16055,118940.0,0.47361254
1753769524287,06:12:04.287,bitfinex,BTC/USDT:USDT,118920.0,1.0018134,118910.0,0.8600954,118930.0,0.16055,118940.0,0.47361254
1753769524288,06:12:04.288,bitfinex,BTC/USDT:USDT,118920.0,1.0018134,118910.0,0.8600954,118930.0,0.16055,118940.0,0.47361254
1753769524266,06:12:04.266,bitget,BTC/USDT:USDT,118783.7,26.8683,118782.9,0.0444,118783.8,4.5003,118784.0,0.0029
1753769524230,06:12:04.230,ascendex,BTC/USDT:USDT,118788.8,23.40225,118788.7,3.1647,118789.1,28.16535,118789.2,2.85555
1753769524335,06:12:04.335,binanceusdm,BTC/USDT:USDT,118788.9,18.404,118788.8,0.046,118789.0,6.091,118789.1,0.003
1753769524335,06:12:04.335,binance,BTC/USDT:USDT,118788.9,18.404,118788.8,0.046,118789.0,6.091,118789.1,0.003
1753769524366,06:12:04.366,bitget,BTC/USDT:USDT,118783.7,26.8885,118782.9,0.0444,118783.8,4.5003,118784.0,0.0029
1753769524437,06:12:04.437,binanceusdm,BTC/USDT:USDT,118788.9,18.066,118788.8,0.046,118789.0,6.149,118789.1,0.003
1753769524437,06:12:04.437,binance,BTC/USDT:USDT,118788.9,18.066,118788.8,0.046,118789.0,6.149,118789.1,0.003
1753769524485,06:12:04.485,bitfinex,BTC/USDT:USDT,118920.0,1.01017019,118910.0,0.8600954,118930.0,0.16055,118940.0,0.47361254
1753769523713,06:12:03.713,bitmex,BTC/USDT:USDT,118839.2,35100.0,118835.8,6200.0,118839.3,6000.0,118842.9,10000.0
1753769524729,06:12:04.729,bitfinex,BTC/USDT:USDT,118920.0,1.01017019,118910.0,0.8600954,118930.0,0.16055,118940.0,0.51565554
1753769524519,06:12:04.519,bitmart,BTC/USDT:USDT,118788.9,14015.0,118788.8,653.0,118789.0,16145.0,118789.1,652.0
1753769524505,06:12:04.505,ascendex,BTC/USDT:USDT,118788.8,23.33415,118788.7,3.1647,118789.1,28.1469,118789.2,2.85555
1753769524642,06:12:04.642,binanceusdm,BTC/USDT:USDT,118788.9,18.066,118788.8,0.05,118789.0,6.149,118789.1,0.003
1753769524745,06:12:04.745,binanceusdm,BTC/USDT:USDT,118788.9,18.067,118788.8,0.05,118789.0,6.149,118789.1,0.003
1753769524745,06:12:04.745,binance,BTC/USDT:USDT,118788.9,18.067,118788.8,0.05,118789.0,6.149,118789.1,0.003
1753769524768,06:12:04.768,bitget,BTC/USDT:USDT,118783.7,26.8885,118782.9,0.0444,118783.8,4.5003,118784.0,0.0029
1753769524731,06:12:04.731,bitmex,BTC/USDT:USDT,118839.2,35100.0,118835.8,6200.0,118839.3,16000.0,118842.8,6200.0
1753769524780,06:12:04.780,bitmex,BTC/USDT:USDT,118839.2,25800.0,118835.8,6200.0,118839.3,16000.0,118842.8,6200.0
1753769524847,06:12:04.847,binanceusdm,BTC/USDT:USDT,118788.9,18.067,118788.8,0.05,118789.0,6.138,118789.1,0.003
1753769524847,06:12:04.847,binance,BTC/USDT:USDT,118788.9,18.067,118788.8,0.05,118789.0,6.138,118789.1,0.003
1753769524868,06:12:04.868,bitget,BTC/USDT:USDT,118783.7,26.8885,118782.9,0.0444,118783.8,4.5003,118784.0,0.0029
1753769524829,06:12:04.829,bitmex,BTC/USDT:USDT,118839.2,16500.0,118835.8,6200.0,118839.3,16000.0,118842.8,6200.0
1753769524911,06:12:04.911,ascendex,BTC/USDT:USDT,118788.8,23.9304,118788.7,3.1647,118789.1,26.36085,118789.2,2.85555
1753769524878,06:12:04.878,bitmex,BTC/USDT:USDT,118839.2,16500.0,118835.8,6200.0,118839.3,16000.0,118842.8,6200.0
1753769524916,06:12:04.916,bitmart,BTC/USDT:USDT,118788.9,7026.0,118788.8,653.0,118789.0,16145.0,118789.1,652.0
1753769524949,06:12:04.949,binance,BTC/USDT:USDT,118788.9,18.067,118788.8,0.05,118789.0,6.138,118789.1,0.003
1753769524949,06:12:04.949,binanceusdm,BTC/USDT:USDT,118788.9,18.067,118788.8,0.05,118789.0,6.138,118789.1,0.003
1753769524968,06:12:04.968,bitget,BTC/USDT:USDT,118783.7,26.8885,118782.9,0.0444,118783.8,4.5003,118784.0,0.0029
1753769525050,06:12:05.050,binance,BTC/USDT:USDT,118788.9,18.403,118788.8,0.05,118789.0,6.138,118789.1,0.003
1753769525050,06:12:05.050,binanceusdm,BTC/USDT:USDT,118788.9,18.403,118788.8,0.05,118789.0,6.138,118789.1,0.003
1753769525068,06:12:05.068,bitget,BTC/USDT:USDT,118783.7,26.8062,118782.9,0.0444,118783.8,4.5003,118784.0,0.0029
1753769525152,06:12:05.152,binanceusdm,BTC/USDT:USDT,118788.9,18.066,118788.8,0.05,118789.0,6.138,118789.1,0.009
1753769525152,06:12:05.152,binance,BTC/USDT:USDT,118788.9,18.066,118788.8,0.05,118789.0,6.138,118789.1,0.009
1753769525168,06:12:05.168,bitget,BTC/USDT:USDT,118783.7,26.8062,118782.9,0.0444,118783.8,4.7234,118784.0,0.0029
1753769525130,06:12:05.130,bitmex,BTC/USDT:USDT,118839.2,10300.0,118835.8,6200.0,118839.3,16000.0,118842.8,6200.0
1753769525162,06:12:05.162,ascendex,BTC/USDT:USDT,118788.8,23.70255,118788.7,3.1647,118789.1,28.12845,118789.2,2.85555
1753769525179,06:12:05.179,bitmex,BTC/USDT:USDT,118839.2,10300.0,118835.8,6200.0,118839.3,16000.0,118842.8,6200.0
1753769525260,06:12:05.260,binance,BTC/USDT:USDT,118788.9,18.065,118788.8,0.05,118789.0,7.073,118789.1,0.007
1753769525260,06:12:05.260,binanceusdm,BTC/USDT:USDT,118788.9,18.065,118788.8,0.05,118789.0,7.073,118789.1,0.007
1753769525269,06:12:05.269,bitget,BTC/USDT:USDT,118783.7,26.8062,118783.0,0.0444,118783.8,4.8714,118784.0,0.0029
1753769525228,06:12:05.228,bitmex,BTC/USDT:USDT,118839.2,10300.0,118835.8,6200.0,118839.3,16000.0,118842.8,6200.0
1753769525316,06:12:05.316,bitmart,BTC/USDT:USDT,118788.9,13621.0,118788.8,653.0,118789.0,15565.0,118789.1,652.0
1753769525277,06:12:05.277,bitmex,BTC/USDT:USDT,118839.2,10300.0,118835.8,6200.0,118839.3,16000.0,118842.8,6200.0
1753769525361,06:12:05.361,binanceusdm,BTC/USDT:USDT,118788.9,18.095,118788.8,0.05,118789.0,5.984,118789.1,0.003
1753769525361,06:12:05.361,binance,BTC/USDT:USDT,118788.9,18.095,118788.8,0.05,118789.0,5.984,118789.1,0.003
1753769525368,06:12:05.368,bitget,BTC/USDT:USDT,118783.7,26.8062,118783.0,0.033,118783.8,0.592,118784.0,0.0029
1753769525326,06:12:05.326,bitmex,BTC/USDT:USDT,118839.2,1900.0,118835.9,8400.0,118839.3,16000.0,118842.8,6200.0
1753769525375,06:12:05.375,bitmex,BTC/USDT:USDT,118839.2,187600.0,118835.9,8400.0,118839.3,16000.0,118842.8,6200.0
1753769525488,06:12:05.488,bitfinex,BTC/USDT:USDT,118920.0,1.01017019,118910.0,0.8600954,118930.0,0.11404,118940.0,0.31829554
1753769525463,06:12:05.463,binanceusdm,BTC/USDT:USDT,118788.9,18.1,118788.8,0.05,118789.0,5.984,118789.1,0.003
1753769525463,06:12:05.463,binance,BTC/USDT:USDT,118788.9,18.1,118788.8,0.05,118789.0,5.984,118789.1,0.003
1753769525424,06:12:05.424,bitmex,BTC/USDT:USDT,118839.2,187600.0,118835.8,6200.0,118839.3,16000.0,118842.8,6200.0
1753769525473,06:12:05.473,bitmex,BTC/USDT:USDT,118839.2,34900.0,118835.8,6200.0,118839.3,16000.0,118842.8,6200.0
1753769525519,06:12:05.519,bitmart,BTC/USDT:USDT,118788.9,13950.0,118788.8,653.0,118789.0,15176.0,118789.1,652.0
1753769525533,06:12:05.533,ascendex,BTC/USDT:USDT,118788.8,23.27235,118788.7,3.1647,118789.1,28.01895,118789.2,1.4232
1753769525564,06:12:05.564,binanceusdm,BTC/USDT:USDT,118788.9,18.101,118788.8,0.21,118789.0,5.984,118789.1,0.003
1753769525564,06:12:05.564,binance,BTC/USDT:USDT,118788.9,18.101,118788.8,0.21,118789.0,5.984,118789.1,0.003
1753769525716,06:12:05.716,bitfinex,BTC/USDT:USDT,118920.0,1.01017019,118910.0,0.8600954,118930.0,0.16055,118940.0,0.31829554
1753769525086,06:12:05.086,blofin,BTC/USDT:USDT,118816.6,12969.0,118816.5,470.0,118816.7,3426.0,118816.8,157.0
1753769525723,06:12:05.723,bitfinex,BTC/USDT:USDT,118920.0,1.01017019,118910.0,0.8600954,118930.0,0.16055,118940.0,0.40194254
1753769526067,06:12:06.067,bitfinex,BTC/USDT:USDT,118920.0,1.01017019,118910.0,0.8600954,118930.0,0.16055,118940.0,0.40194254
1753769525849,06:12:05.849,ascendex,BTC/USDT:USDT,118788.8,23.9751,118788.7,3.1647,118789.1,27.8955,118789.2,2.69685
1753769525972,06:12:05.972,binance,BTC/USDT:USDT,118788.9,18.437,118788.8,0.05,118789.0,5.984,118789.1,0.003
1753769526006,06:12:06.006,bitmex,BTC/USDT:USDT,118839.2,191600.0,118835.8,6200.0,118839.3,16000.0,118842.8,6200.0
1753769526071,06:12:06.071,bitget,BTC/USDT:USDT,118783.7,26.9177,118782.9,0.0444,118783.8,2.0202,118784.0,0.0029
1753769526076,06:12:06.076,binanceusdm,BTC/USDT:USDT,118788.9,18.437,118788.8,0.05,118789.0,5.984,118789.1,0.187
1753769526076,06:12:06.076,binance,BTC/USDT:USDT,118788.9,18.437,118788.8,0.05,118789.0,5.984,118789.1,0.187
1753769526056,06:12:06.056,bitmex,BTC/USDT:USDT,118839.2,191600.0,118835.8,6200.0,118839.3,16000.0,118842.8,6200.0
1753769526141,06:12:06.141,bybit,BTC/USDT:USDT,118820.9,12.982,118820.8,0.312,118821.0,10.988,118821.1,0.001
1753769526430,06:12:06.430,bitfinex,BTC/USDT:USDT,118920.0,1.01017019,118910.0,0.8600954,118930.0,0.16055,118940.0,0.47361254
1753769526139,06:12:06.139,ascendex,BTC/USDT:USDT,118788.8,23.78835,118788.7,3.1647,118789.1,28.3686,118789.2,2.69685
1753769525733,06:12:05.733,blofin,BTC/USDT:USDT,118824.8,10530.0,118824.7,489.0,118824.9,4894.0,118825.0,193.0
1753769526382,06:12:06.382,binance,BTC/USDT:USDT,118788.9,18.655,118788.8,0.05,118789.0,6.041,118789.1,0.187
1753769526371,06:12:06.371,bitget,BTC/USDT:USDT,118783.7,26.8878,118782.9,0.0444,118783.8,2.0202,118784.0,0.0029
1753769526441,06:12:06.441,bybit,BTC/USDT:USDT,118820.9,12.983,118820.8,0.312,118821.0,11.073,118821.1,0.001
1753769526415,06:12:06.415,bitmex,BTC/USDT:USDT,118839.2,191600.0,118835.8,6200.0,118839.3,16000.0,118842.8,6200.0
1753769526471,06:12:06.471,bitget,BTC/USDT:USDT,118783.7,26.8878,118782.8,0.066,118783.8,1.9915,118784.0,0.0029
1753769526483,06:12:06.483,binance,BTC/USDT:USDT,118788.9,19.645,118788.8,0.05,118789.0,6.041,118789.1,0.187
1753769526483,06:12:06.483,binanceusdm,BTC/USDT:USDT,118788.9,19.645,118788.8,0.05,118789.0,6.041,118789.1,0.187
1753769526452,06:12:06.452,ascendex,BTC/USDT:USDT,118788.8,23.9583,118788.7,3.1647,118789.1,28.41,118789.2,2.69685
1753769526541,06:12:06.541,bybit,BTC/USDT:USDT,118820.9,12.983,118820.8,0.312,118821.0,11.073,118821.1,0.001
1753769526465,06:12:06.465,bitmex,BTC/USDT:USDT,118839.2,191600.0,118835.8,6200.0,118839.3,16000.0,118842.8,6200.0
1753769526514,06:12:06.514,bitmex,BTC/USDT:USDT,118839.2,191600.0,118835.8,6200.0,118839.3,16000.0,118842.8,6200.0
1753769526571,06:12:06.571,bitget,BTC/USDT:USDT,118783.7,26.7878,118782.8,0.0444,118783.8,0.7602,118784.0,0.0029
1753769526585,06:12:06.585,binanceusdm,BTC/USDT:USDT,118788.9,19.945,118788.8,0.05,118789.0,4.922,118789.1,0.187
1753769526585,06:12:06.585,binance,BTC/USDT:USDT,118788.9,19.945,118788.8,0.05,118789.0,4.922,118789.1,0.187
1753769526642,06:12:06.642,bybit,BTC/USDT:USDT,118820.9,12.983,118820.8,1.052,118821.0,11.073,118821.1,0.001
1753769526563,06:12:06.563,bitmex,BTC/USDT:USDT,118839.2,191600.0,118835.8,6200.0,118839.3,6000.0,118842.8,6200.0
1753769526613,06:12:06.613,bitmex,BTC/USDT:USDT,118839.2,191600.0,118835.8,6200.0,118839.3,6000.0,118842.8,6200.0
1753769526688,06:12:06.688,binanceusdm,BTC/USDT:USDT,118788.9,19.945,118788.8,0.05,118789.0,4.922,118789.1,0.187
1753769526688,06:12:06.688,binance,BTC/USDT:USDT,118788.9,19.945,118788.8,0.05,118789.0,4.922,118789.1,0.187
1753769526741,06:12:06.741,bybit,BTC/USDT:USDT,118820.9,12.983,118820.8,0.549,118821.0,11.074,118821.1,0.001
1753769526662,06:12:06.662,bitmex,BTC/USDT:USDT,118839.2,191600.0,118835.8,6200.0,118839.3,6000.0,118842.8,6200.0
1753769526733,06:12:06.733,bitmart,BTC/USDT:USDT,118788.9,9469.0,118788.8,653.0,118789.0,9415.0,118789.1,652.0
1753769526711,06:12:06.711,bitmex,BTC/USDT:USDT,118839.2,191600.0,118838.2,5100.0,118839.3,6000.0,118842.8,6200.0
1753769526771,06:12:06.771,bitget,BTC/USDT:USDT,118783.7,26.7878,118782.8,0.0558,118783.8,0.7889,118784.0,0.0029
1753769526791,06:12:06.791,binanceusdm,BTC/USDT:USDT,118788.9,19.938,118788.8,0.05,118789.0,4.922,118789.1,0.187
1753769526791,06:12:06.791,binance,BTC/USDT:USDT,118788.9,19.938,118788.8,0.05,118789.0,4.922,118789.1,0.187
1753769526841,06:12:06.841,bybit,BTC/USDT:USDT,118820.9,12.983,118820.8,0.549,118821.0,11.074,118821.1,0.001
1753769526760,06:12:06.760,bitmex,BTC/USDT:USDT,118839.2,191600.0,118838.3,6200.0,118839.3,6000.0,118842.8,6200.0
1753769526754,06:12:06.754,ascendex,BTC/USDT:USDT,118788.8,21.88065,118788.7,1.4853,118789.1,28.11795,118789.2,2.76135
1753769526895,06:12:06.895,bitfinex,BTC/USDT:USDT,118920.0,1.01017019,118910.0,0.8600954,118930.0,0.16055,118940.0,0.47361254
1753769526896,06:12:06.896,bitfinex,BTC/USDT:USDT,118920.0,1.07994676,118910.0,0.93559808,118930.0,0.16055,118940.0,0.47361254
1753769526896,06:12:06.896,bitfinex,BTC/USDT:USDT,118920.0,1.07994676,118910.0,0.93559808,118930.0,0.16055,118940.0,0.47361254
1753769526871,06:12:06.871,bitget,BTC/USDT:USDT,118783.7,26.7878,118782.8,0.0444,118783.8,0.7602,118784.0,0.0029
1753769526335,06:12:06.335,blofin,BTC/USDT:USDT,118824.8,4283.0,118824.7,219.0,118824.9,11233.0,118825.0,274.0
1753769526895,06:12:06.895,binanceusdm,BTC/USDT:USDT,118788.9,19.698,118788.8,0.05,118789.0,4.922,118789.1,0.187
1753769526895,06:12:06.895,binance,BTC/USDT:USDT,118788.9,19.698,118788.8,0.05,118789.0,4.922,118789.1,0.187
1753769526941,06:12:06.941,bybit,BTC/USDT:USDT,118820.9,12.983,118820.8,0.549,118821.0,11.074,118821.1,0.001
1753769526971,06:12:06.971,bitget,BTC/USDT:USDT,118783.7,26.7878,118782.8,0.033,118783.8,0.7442,118784.0,0.0029
1753769527041,06:12:07.041,bybit,BTC/USDT:USDT,118820.9,12.983,118820.8,0.549,118821.0,11.076,118821.1,0.001
1753769527093,06:12:07.093,bitfinex,BTC/USDT:USDT,118920.0,1.07994676,118910.0,0.93559808,118930.0,0.16055,118940.0,0.47361254
1753769527094,06:12:07.094,bitfinex,BTC/USDT:USDT,118920.0,1.07994676,118910.0,0.93559808,118930.0,0.16055,118940.0,0.47361254
1753769527094,06:12:07.094,bitfinex,BTC/USDT:USDT,118920.0,1.07994676,118910.0,0.93559808,118930.0,0.16055,118940.0,0.47361254
1753769527071,06:12:07.071,bitget,BTC/USDT:USDT,118783.7,26.7878,118782.8,0.033,118783.8,0.7442,118784.0,0.0029
1753769527100,06:12:07.100,binanceusdm,BTC/USDT:USDT,118788.9,18.503,118788.8,0.05,118789.0,4.974,118789.1,0.187
1753769527100,06:12:07.100,binance,BTC/USDT:USDT,118788.9,18.503,118788.8,0.05,118789.0,4.974,118789.1,0.187
1753769527141,06:12:07.141,bybit,BTC/USDT:USDT,118820.9,12.983,118820.8,0.549,118821.0,11.076,118821.1,0.001
1753769527067,06:12:07.067,ascendex,BTC/USDT:USDT,118788.8,24.09045,118788.7,1.4853,118789.1,28.5207,118789.2,2.76135
1753769527108,06:12:07.108,bitmex,BTC/USDT:USDT,118839.2,191600.0,118838.3,6200.0,118839.3,6000.0,118842.8,6200.0
1753769527171,06:12:07.171,bitget,BTC/USDT:USDT,118783.7,26.7878,118782.8,0.033,118783.8,0.7728,118784.0,0.0029
1753769527204,06:12:07.204,binance,BTC/USDT:USDT,118788.9,18.503,118788.8,0.05,118789.0,4.974,118789.1,0.187
1753769527204,06:12:07.204,binanceusdm,BTC/USDT:USDT,118788.9,18.503,118788.8,0.05,118789.0,4.974,118789.1,0.187
1753769527241,06:12:07.241,bybit,BTC/USDT:USDT,118820.9,12.983,118820.8,0.549,118821.0,11.076,118821.1,0.001
1753769527158,06:12:07.158,bitmex,BTC/USDT:USDT,118839.2,191600.0,118838.3,6200.0,118839.3,6000.0,118842.8,6200.0
1753769527207,06:12:07.207,bitmex,BTC/USDT:USDT,118839.2,191600.0,118838.3,6200.0,118839.3,6000.0,118842.8,6200.0
1753769527272,06:12:07.272,bitget,BTC/USDT:USDT,118783.7,26.7878,118782.8,0.033,118783.8,1.6688,118784.0,0.0029
1753769527305,06:12:07.305,binanceusdm,BTC/USDT:USDT,118788.9,18.505,118788.8,0.05,118789.0,4.975,118789.1,0.187
1753769527305,06:12:07.305,binance,BTC/USDT:USDT,118788.9,18.505,118788.8,0.05,118789.0,4.975,118789.1,0.187
1753769527341,06:12:07.341,bybit,BTC/USDT:USDT,118820.9,12.983,118820.8,0.549,118821.0,11.076,118821.1,0.001
1753769527256,06:12:07.256,bitmex,BTC/USDT:USDT,118839.2,191600.0,118838.3,6200.0,118839.3,6000.0,118842.8,6200.0
1753769527392,06:12:07.392,bitfinex,BTC/USDT:USDT,118920.0,1.07994676,118910.0,0.93559808,118930.0,0.16055,118940.0,0.47361254
1753769527393,06:12:07.393,bitfinex,BTC/USDT:USDT,118920.0,1.07994676,118910.0,0.93559808,118930.0,0.16055,118940.0,0.47361254
1753769527393,06:12:07.393,bitfinex,BTC/USDT:USDT,118920.0,1.07994676,118910.0,0.93559808,118930.0,0.16055,118940.0,0.47361254
1753769527316,06:12:07.316,bitmex,BTC/USDT:USDT,118839.2,191600.0,118838.3,6200.0,118839.3,6000.0,118842.8,6200.0
1753769527372,06:12:07.372,bitget,BTC/USDT:USDT,118783.7,26.7878,118782.8,0.033,118783.8,1.6688,118784.0,0.0029
1753769527406,06:12:07.406,binance,BTC/USDT:USDT,118788.9,18.504,118788.8,0.05,118789.0,4.975,118789.1,0.187
1753769527441,06:12:07.441,bybit,BTC/USDT:USDT,118820.9,12.983,118820.8,0.549,118821.0,11.078,118821.1,0.001
1753769527366,06:12:07.366,bitmex,BTC/USDT:USDT,118839.2,191600.0,118838.3,6200.0,118839.3,6000.0,118842.8,6200.0
1753769527396,06:12:07.396,coincatch,BTC/USDT:USDT,118788.9,25.258,118788.8,0.105,118789.0,1.0445,118789.1,0.3927
1753769527411,06:12:07.411,ascendex,BTC/USDT:USDT,118788.8,24.12405,118788.7,1.4853,118789.1,28.2741,118789.2,2.76135
1753769527472,06:12:07.472,bitget,BTC/USDT:USDT,118783.7,26.7878,118782.8,0.033,118783.8,1.6688,118784.0,0.0029
1753769527541,06:12:07.541,bybit,BTC/USDT:USDT,118820.9,12.983,118820.8,0.549,118821.0,11.078,118821.1,0.001
1753769527508,06:12:07.508,binance,BTC/USDT:USDT,118788.9,18.506,118788.8,0.05,118789.0,4.975,118789.1,0.187
1753769527508,06:12:07.508,binanceusdm,BTC/USDT:USDT,118788.9,18.506,118788.8,0.05,118789.0,4.975,118789.1,0.187
1753769527572,06:12:07.572,bitget,BTC/USDT:USDT,118783.7,26.7878,118782.8,0.033,118783.8,1.6688,118784.0,0.0029
1753769527043,06:12:07.043,blofin,BTC/USDT:USDT,118824.8,4283.0,118824.7,219.0,118824.9,11233.0,118825.0,274.0
1753769527642,06:12:07.642,bybit,BTC/USDT:USDT,118820.9,12.983,118820.8,0.549,118821.0,11.077,118821.1,0.001
1753769527609,06:12:07.609,binanceusdm,BTC/USDT:USDT,118788.9,18.504,118788.8,0.05,118789.0,4.975,118789.1,0.187
1753769527609,06:12:07.609,binance,BTC/USDT:USDT,118788.9,18.504,118788.8,0.05,118789.0,4.975,118789.1,0.187
1753769527763,06:12:07.763,ascendex,BTC/USDT:USDT,118788.8,25.0692,118788.7,1.4853,118789.1,28.5336,118789.2,2.76135
1753769527772,06:12:07.772,bitget,BTC/USDT:USDT,118783.7,26.7878,118782.8,0.033,118783.8,1.6688,118784.0,0.0029
1753769527729,06:12:07.729,bitmex,BTC/USDT:USDT,118839.2,191600.0,118838.3,6200.0,118839.3,6000.0,118842.8,6200.0
1753769527842,06:12:07.842,bybit,BTC/USDT:USDT,118820.9,13.067,118820.8,0.549,118821.0,11.077,118821.1,0.001
1753769527811,06:12:07.811,binance,BTC/USDT:USDT,118788.9,18.503,118788.8,0.05,118789.0,4.949,118789.1,0.186
1753769527811,06:12:07.811,binanceusdm,BTC/USDT:USDT,118788.9,18.503,118788.8,0.05,118789.0,4.949,118789.1,0.186
1753769527798,06:12:07.798,coincatch,BTC/USDT:USDT,118788.9,25.2559,118788.8,0.105,118789.0,1.0447,118789.1,0.3927
1753769527778,06:12:07.778,bitmex,BTC/USDT:USDT,118839.2,191600.0,118838.3,6200.0,118839.3,6000.0,118842.8,6200.0
1753769527872,06:12:07.872,bitget,BTC/USDT:USDT,118783.7,26.7878,118782.9,0.0444,118783.8,1.6688,118784.0,0.0029
1753769528155,06:12:08.155,bitfinex,BTC/USDT:USDT,118920.0,1.07994676,118910.0,0.93559808,118930.0,0.16055,118940.0,0.47361254
1753769528011,06:12:08.011,ascendex,BTC/USDT:USDT,118788.8,23.26155,118788.7,1.4853,118789.1,28.4238,118789.2,2.76135
1753769527916,06:12:07.916,bitmart,BTC/USDT:USDT,118788.9,5636.0,118788.8,653.0,118789.0,5853.0,118789.1,652.0
1753769528016,06:12:08.016,binanceusdm,BTC/USDT:USDT,118788.9,18.501,118788.8,0.05,118789.0,4.949,118789.1,0.187
1753769528118,06:12:08.118,binanceusdm,BTC/USDT:USDT,118788.9,18.504,118788.8,0.05,118789.0,4.949,118789.1,0.187
1753769528118,06:12:08.118,binance,BTC/USDT:USDT,118788.9,18.504,118788.8,0.05,118789.0,4.949,118789.1,0.187
1753769528141,06:12:08.141,bybit,BTC/USDT:USDT,118820.9,13.067,118820.8,0.549,118821.0,11.024,118821.1,0.001
1753769528112,06:12:08.112,bitmex,BTC/USDT:USDT,118839.2,191600.0,118838.3,6200.0,118839.3,6000.0,118842.8,6200.0
1753769528174,06:12:08.174,bitget,BTC/USDT:USDT,118783.7,26.7878,118782.8,0.033,118783.8,1.6975,118784.0,0.0029
1753769528242,06:12:08.242,bybit,BTC/USDT:USDT,118820.9,13.067,118820.8,0.549,118821.0,11.025,118821.1,0.001
1753769528161,06:12:08.161,bitmex,BTC/USDT:USDT,118839.2,191600.0,118838.3,6200.0,118839.3,6000.0,118842.8,6200.0
1753769528220,06:12:08.220,binanceusdm,BTC/USDT:USDT,118788.9,18.521,118788.8,0.05,118789.0,4.949,118789.1,0.187
1753769528220,06:12:08.220,binance,BTC/USDT:USDT,118788.9,18.521,118788.8,0.05,118789.0,4.949,118789.1,0.187
1753769528291,06:12:08.291,bitfinex,BTC/USDT:USDT,118920.0,1.07994676,118910.0,0.93559808,118930.0,0.16055,118940.0,0.47361254
1753769528293,06:12:08.293,bitfinex,BTC/USDT:USDT,118920.0,1.07994676,118910.0,0.8600954,118930.0,0.16055,118940.0,0.47361254
1753769528294,06:12:08.294,bitfinex,BTC/USDT:USDT,118920.0,1.07994676,118910.0,0.8600954,118930.0,0.16055,118940.0,0.47361254
1753769528296,06:12:08.296,bitfinex,BTC/USDT:USDT,118920.0,1.07994676,118910.0,0.8600954,118930.0,0.16055,118940.0,0.47361254
1753769528300,06:12:08.300,bitfinex,BTC/USDT:USDT,118920.0,1.07994676,118910.0,0.8600954,118930.0,0.16055,118940.0,0.47361254
1753769527655,06:12:07.655,blofin,BTC/USDT:USDT,118824.8,5316.0,118824.7,241.0,118824.9,10231.0,118825.0,312.0
1753769528274,06:12:08.274,bitget,BTC/USDT:USDT,118783.7,26.7878,118782.8,0.033,118783.8,1.6688,118784.0,0.0029
1753769528341,06:12:08.341,bybit,BTC/USDT:USDT,118820.9,13.067,118820.8,0.549,118821.0,11.025,118821.1,0.001
1753769528322,06:12:08.322,binanceusdm,BTC/USDT:USDT,118788.9,18.517,118788.8,0.05,118789.0,4.953,118789.1,0.187
1753769528322,06:12:08.322,binance,BTC/USDT:USDT,118788.9,18.517,118788.8,0.05,118789.0,4.953,118789.1,0.187
1753769528375,06:12:08.375,bitget,BTC/USDT:USDT,118783.7,26.7878,118782.8,0.033,118783.8,1.6688,118784.0,0.0029
1753769528361,06:12:08.361,ascendex,BTC/USDT:USDT,118788.8,21.88065,118788.6,3.73845,118789.1,28.4787,118789.2,2.76135
1753769528442,06:12:08.442,bybit,BTC/USDT:USDT,118820.9,13.067,118820.8,0.549,118821.0,11.025,118821.1,0.001
1753769528498,06:12:08.498,bitfinex,BTC/USDT:USDT,118920.0,1.07994676,118910.0,0.8600954,118930.0,0.16055,118940.0,0.47361254
1753769528499,06:12:08.499,bitfinex,BTC/USDT:USDT,118920.0,1.07994676,118910.0,0.8600954,118930.0,0.16055,118940.0,0.47361254
1753769528475,06:12:08.475,bitget,BTC/USDT:USDT,118783.7,26.7878,118782.8,0.033,118783.8,1.6401,118784.0,0.0029
1753769528541,06:12:08.541,bybit,BTC/USDT:USDT,118820.9,13.067,118820.8,0.549,118821.0,11.025,118821.1,0.001
1753769528526,06:12:08.526,binanceusdm,BTC/USDT:USDT,118788.9,18.715,118788.8,0.05,118789.0,4.956,118789.1,0.187
1753769528526,06:12:08.526,binance,BTC/USDT:USDT,118788.9,18.715,118788.8,0.05,118789.0,4.956,118789.1,0.187
1753769528575,06:12:08.575,bitget,BTC/USDT:USDT,118783.7,26.7878,118782.8,0.0444,118783.8,1.6688,118784.0,0.0029
1753769528362,06:12:08.362,blofin,BTC/USDT:USDT,118824.8,5101.0,118824.7,299.0,118824.9,10249.0,118825.0,252.0
1753769528591,06:12:08.591,coincatch,BTC/USDT:USDT,118788.9,25.2551,118788.8,0.105,118789.0,1.0408,118789.1,0.3927
1753769528641,06:12:08.641,bybit,BTC/USDT:USDT,118820.9,13.067,118820.8,0.549,118821.0,11.025,118821.1,0.001
1753769528630,06:12:08.630,binanceusdm,BTC/USDT:USDT,118788.9,18.715,118788.8,0.046,118789.0,4.956,118789.1,0.187
1753769528630,06:12:08.630,binance,BTC/USDT:USDT,118788.9,18.715,118788.8,0.046,118789.0,4.956,118789.1,0.187
1753769528689,06:12:08.689,bitfinex,BTC/USDT:USDT,118920.0,1.07994676,118910.0,0.8600954,118930.0,0.16055,118940.0,0.47361254
1753769528689,06:12:08.689,bitfinex,BTC/USDT:USDT,118920.0,1.07994676,118910.0,0.8600954,118930.0,0.16055,118940.0,0.47361254
1753769528676,06:12:08.676,bitget,BTC/USDT:USDT,118783.7,26.7878,118782.8,0.033,118783.8,1.6401,118784.0,0.0029
1753769528640,06:12:08.640,bitmex,BTC/USDT:USDT,118839.2,191600.0,118838.3,6200.0,118839.3,6000.0,118842.8,6200.0
1753769528741,06:12:08.741,bybit,BTC/USDT:USDT,118820.9,13.067,118820.8,0.549,118821.0,11.025,118821.1,0.001
1753769528632,06:12:08.632,ascendex,BTC/USDT:USDT,118788.8,24.9384,118788.6,3.27525,118789.1,29.7,118789.2,2.76135
1753769528732,06:12:08.732,binanceusdm,BTC/USDT:USDT,118788.9,18.716,118788.8,0.046,118789.0,4.957,118789.1,0.187
1753769528732,06:12:08.732,binance,BTC/USDT:USDT,118788.9,18.716,118788.8,0.046,118789.0,4.957,118789.1,0.187
1753769528689,06:12:08.689,bitmex,BTC/USDT:USDT,118839.2,191600.0,118838.3,6200.0,118839.3,6000.0,118842.8,6200.0
1753769528776,06:12:08.776,bitget,BTC/USDT:USDT,118783.7,26.7878,118782.8,0.0444,118783.8,1.6688,118784.0,0.0029
1753769528738,06:12:08.738,bitmex,BTC/USDT:USDT,118839.2,191600.0,118838.3,6200.0,118839.3,6000.0,118842.8,6200.0
1753769528841,06:12:08.841,bybit,BTC/USDT:USDT,118820.9,13.067,118820.8,0.549,118821.0,11.025,118821.1,0.001
1753769528833,06:12:08.833,binance,BTC/USDT:USDT,118788.9,18.38,118788.8,0.046,118789.0,5.052,118789.1,0.191
1753769528833,06:12:08.833,binanceusdm,BTC/USDT:USDT,118788.9,18.38,118788.8,0.046,118789.0,5.052,118789.1,0.191
1753769528876,06:12:08.876,bitget,BTC/USDT:USDT,118783.7,26.7878,118782.8,0.033,118783.8,1.6688,118784.0,0.0029
1753769528941,06:12:08.941,bybit,BTC/USDT:USDT,118820.9,12.983,118820.8,0.238,118821.0,11.029,118821.1,0.001
1753769528934,06:12:08.934,binanceusdm,BTC/USDT:USDT,118788.9,18.38,118788.8,0.046,118789.0,5.052,118789.1,0.193
1753769528934,06:12:08.934,binance,BTC/USDT:USDT,118788.9,18.38,118788.8,0.046,118789.0,5.052,118789.1,0.193
1753769528993,06:12:08.993,bitfinex,BTC/USDT:USDT,118920.0,1.07994676,118910.0,0.8600954,118930.0,0.16055,118940.0,0.51565554
1753769528993,06:12:08.993,bitfinex,BTC/USDT:USDT,118920.0,1.07994676,118910.0,0.8600954,118930.0,0.16055,118940.0,0.51565554
1753769528976,06:12:08.976,bitget,BTC/USDT:USDT,118783.7,26.7878,118782.8,0.0444,118783.8,1.6688,118784.0,0.0029
1753769528996,06:12:08.996,coincatch,BTC/USDT:USDT,118788.9,25.2568,118788.8,0.0966,118789.0,1.0609,118789.1,0.4011
1753769529041,06:12:09.041,bybit,BTC/USDT:USDT,118820.9,12.983,118820.8,0.238,118821.0,11.025,118821.1,0.001
1753769528970,06:12:08.970,ascendex,BTC/USDT:USDT,118788.8,25.3992,118788.6,3.27525,118789.1,29.4414,118789.2,2.76135
1753769529076,06:12:09.076,bitget,BTC/USDT:USDT,118783.7,26.7878,118782.9,0.0114,118783.8,1.6688,118783.9,0.0001
1753769529097,06:12:09.097,coincatch,BTC/USDT:USDT,118788.9,25.2582,118788.8,0.0966,118789.0,1.0609,118789.1,0.4011
1753769529141,06:12:09.141,bybit,BTC/USDT:USDT,118820.9,13.068,118820.8,0.238,118821.0,11.024,118821.1,0.001
1753769529126,06:12:09.126,bitmex,BTC/USDT:USDT,118839.2,191600.0,118838.3,6200.0,118839.3,6000.0,118842.8,6200.0
1753769529176,06:12:09.176,bitget,BTC/USDT:USDT,118783.7,26.7878,118782.9,0.0444,118783.8,1.6688,118783.9,0.0001
1753769529241,06:12:09.241,bybit,BTC/USDT:USDT,118820.9,13.068,118820.8,0.238,118821.0,11.024,118821.1,0.001
1753769529237,06:12:09.237,binanceusdm,BTC/USDT:USDT,118788.9,18.382,118788.8,0.046,118789.0,4.903,118789.1,0.007
1753769529237,06:12:09.237,binance,BTC/USDT:USDT,118788.9,18.382,118788.8,0.046,118789.0,4.903,118789.1,0.007
1753769529245,06:12:09.245,coincatch,BTC/USDT:USDT,118788.9,25.2583,118788.8,0.0966,118789.0,1.0296,118789.1,0.0147
1753769529292,06:12:09.292,bitfinex,BTC/USDT:USDT,118920.0,1.07994676,118910.0,0.8600954,118930.0,0.16055,118940.0,0.51565554
1753769529293,06:12:09.293,bitfinex,BTC/USDT:USDT,118920.0,1.07994676,118910.0,0.8600954,118930.0,0.16055,118940.0,0.47361254
1753769529293,06:12:09.293,bitfinex,BTC/USDT:USDT,118920.0,1.07994676,118910.0,0.8600954,118930.0,0.16055,118940.0,0.47361254
1753769529067,06:12:09.067,blofin,BTC/USDT:USDT,118824.8,5101.0,118824.7,299.0,118824.9,10249.0,118825.0,252.0
1753769529276,06:12:09.276,bitget,BTC/USDT:USDT,118783.7,26.7878,118782.9,0.0444,118783.8,1.6688,118783.9,0.0001
1753769529341,06:12:09.341,bybit,BTC/USDT:USDT,118820.9,12.983,118820.8,0.238,118821.0,11.028,118821.1,0.001
1753769529338,06:12:09.338,binanceusdm,BTC/USDT:USDT,118788.9,18.389,118788.8,0.046,118789.0,4.994,118789.1,0.007
1753769529338,06:12:09.338,binance,BTC/USDT:USDT,118788.9,18.389,118788.8,0.046,118789.0,4.994,118789.1,0.007
1753769529584,06:12:09.584,ascendex,BTC/USDT:USDT,118788.8,24.7866,118788.6,3.27525,118789.1,29.5986,118789.2,3.4674
1753769530078,06:12:10.078,bitfinex,BTC/USDT:USDT,118920.0,1.07994676,118910.0,0.8600954,118930.0,0.16055,118940.0,0.47361254
1753769529879,06:12:09.879,bitget,BTC/USDT:USDT,118783.7,26.7878,118782.9,0.0444,118783.8,1.6678,118783.9,0.0001
1753769530098,06:12:10.098,bitfinex,BTC/USDT:USDT,118920.0,1.07994676,118910.0,0.8600954,118930.0,0.16055,118940.0,0.47361254
1753769529934,06:12:09.934,ascendex,BTC/USDT:USDT,118788.8,24.9798,118788.6,3.27525,118789.1,29.6892,118789.2,3.4674
1753769530049,06:12:10.049,binanceusdm,BTC/USDT:USDT,118788.9,18.577,118788.8,0.046,118789.0,4.993,118789.1,0.007
1753769530049,06:12:10.049,binance,BTC/USDT:USDT,118788.9,18.577,118788.8,0.046,118789.0,4.993,118789.1,0.007
1753769530079,06:12:10.079,bitget,BTC/USDT:USDT,118783.7,26.7036,118782.9,0.0444,118783.8,1.6678,118783.9,0.0001
1753769530142,06:12:10.142,bybit,BTC/USDT:USDT,118820.9,12.98,118820.8,0.238,118821.0,11.015,118821.1,0.001
1753769530074,06:12:10.074,bitmex,BTC/USDT:USDT,118839.2,191600.0,118838.3,6200.0,118839.3,6000.0,118842.8,6200.0
1753769530151,06:12:10.151,binance,BTC/USDT:USDT,118788.9,18.609,118788.8,0.046,118789.0,4.896,118789.1,0.007
1753769530151,06:12:10.151,binanceusdm,BTC/USDT:USDT,118788.9,18.609,118788.8,0.046,118789.0,4.896,118789.1,0.007
1753769530149,06:12:10.149,coincatch,BTC/USDT:USDT,118788.9,25.256,118788.8,0.0966,118789.0,1.0284,118789.1,0.0147
1753769530124,06:12:10.124,bitmex,BTC/USDT:USDT,118839.2,191600.0,118838.3,6200.0,118839.3,6000.0,118842.8,6200.0
1753769530179,06:12:10.179,bitget,BTC/USDT:USDT,118783.7,26.7036,118782.9,0.0444,118783.8,1.6678,118783.9,0.0001
1753769530242,06:12:10.242,bybit,BTC/USDT:USDT,118820.9,13.083,118820.8,0.238,118821.0,11.015,118821.1,0.001
1753769530173,06:12:10.173,bitmex,BTC/USDT:USDT,118839.2,191600.0,118838.3,6200.0,118839.3,6000.0,118842.8,6200.0
1753769530253,06:12:10.253,binanceusdm,BTC/USDT:USDT,118788.9,18.607,118788.8,0.046,118789.0,4.896,118789.1,0.007
1753769530253,06:12:10.253,binance,BTC/USDT:USDT,118788.9,18.607,118788.8,0.046,118789.0,4.896,118789.1,0.007
1753769530250,06:12:10.250,coincatch,BTC/USDT:USDT,118788.9,25.2588,118788.8,0.0966,118789.0,1.0284,118789.1,0.0147
1753769530303,06:12:10.303,bitfinex,BTC/USDT:USDT,118920.0,1.07994676,118910.0,0.8600954,118930.0,0.16055,118940.0,0.47361254
1753769530304,06:12:10.304,bitfinex,BTC/USDT:USDT,118920.0,1.07994676,118910.0,0.8600954,118930.0,0.16055,118940.0,0.47361254
1753769530307,06:12:10.307,bitfinex,BTC/USDT:USDT,118920.0,1.07994676,118910.0,0.8600954,118930.0,0.16055,118940.0,0.47361254
1753769530233,06:12:10.233,deribit,BTC/USDT:USDT,118796.0,0.223,118783.0,0.727,118901.0,0.223,118940.0,0.727
1753769530279,06:12:10.279,bitget,BTC/USDT:USDT,118783.7,26.7036,118782.9,0.0444,118783.8,1.4997,118783.9,0.0001
1753769530262,06:12:10.262,ascendex,BTC/USDT:USDT,118788.8,25.30485,118788.6,3.27525,118789.1,29.79915,118789.2,3.4674
1753769530341,06:12:10.341,bybit,BTC/USDT:USDT,118820.9,13.083,118820.8,0.238,118821.0,11.012,118821.1,0.001
1753769530316,06:12:10.316,bitmart,BTC/USDT:USDT,118788.9,15021.0,118788.8,653.0,118789.0,13823.0,118789.1,652.0
1753769530299,06:12:10.299,bitmex,BTC/USDT:USDT,118839.2,191600.0,118838.3,6200.0,118839.3,6000.0,118842.8,6200.0
1753769530354,06:12:10.354,binanceusdm,BTC/USDT:USDT,118788.9,18.61,118788.8,0.046,118789.0,4.897,118789.1,0.007
1753769530354,06:12:10.354,binance,BTC/USDT:USDT,118788.9,18.61,118788.8,0.046,118789.0,4.897,118789.1,0.007
1753769530379,06:12:10.379,bitget,BTC/USDT:USDT,118783.7,26.7036,118782.9,0.0114,118783.8,1.4997,118783.9,0.0001
1753769530348,06:12:10.348,bitmex,BTC/USDT:USDT,118839.2,191600.0,118838.3,6200.0,118839.3,6000.0,118842.8,6200.0
1753769530392,06:12:10.392,coincatch,BTC/USDT:USDT,118788.9,25.2595,118788.8,0.0966,118789.0,1.0284,118789.1,0.0147
1753769530441,06:12:10.441,bybit,BTC/USDT:USDT,118820.9,13.0,118820.8,0.238,118821.0,11.012,118821.1,0.001
1753769530397,06:12:10.397,bitmex,BTC/USDT:USDT,118839.2,191600.0,118838.3,6200.0,118839.3,6000.0,118842.8,6200.0
1753769530456,06:12:10.456,binanceusdm,BTC/USDT:USDT,118788.9,19.146,118788.8,0.046,118789.0,4.897,118789.1,0.007
1753769530456,06:12:10.456,binance,BTC/USDT:USDT,118788.9,19.146,118788.8,0.046,118789.0,4.897,118789.1,0.007
1753769530480,06:12:10.480,bitget,BTC/USDT:USDT,118783.7,26.7036,118782.9,0.0114,118783.8,1.4997,118783.9,0.0001
1753769530498,06:12:10.498,coincatch,BTC/USDT:USDT,118788.9,25.2568,118788.8,0.0966,118789.0,1.0284,118789.1,0.0147
1753769530541,06:12:10.541,bybit,BTC/USDT:USDT,118820.9,13.0,118820.8,0.238,118821.0,11.021,118821.1,0.001
1753769530520,06:12:10.520,bitmart,BTC/USDT:USDT,118788.9,15021.0,118788.8,653.0,118789.0,13823.0,118789.1,652.0
1753769530593,06:12:10.593,bitfinex,BTC/USDT:USDT,118920.0,1.07994676,118910.0,0.8600954,118930.0,0.16055,118940.0,0.47361254
1753769530593,06:12:10.593,bitfinex,BTC/USDT:USDT,118920.0,1.07994676,118910.0,0.8600954,118930.0,0.16055,118940.0,0.47361254
1753769530503,06:12:10.503,bitmex,BTC/USDT:USDT,118839.2,191600.0,118838.3,6200.0,118839.3,6000.0,118842.8,6200.0
1753769530559,06:12:10.559,binanceusdm,BTC/USDT:USDT,118788.9,18.549,118788.8,0.046,118789.0,4.899,118789.1,0.007
1753769530559,06:12:10.559,binance,BTC/USDT:USDT,118788.9,18.549,118788.8,0.046,118789.0,4.899,118789.1,0.007
1753769530580,06:12:10.580,bitget,BTC/USDT:USDT,118783.7,26.7036,118782.8,0.0444,118783.8,1.4997,118783.9,0.0001
1753769530641,06:12:10.641,bybit,BTC/USDT:USDT,118824.4,0.214,118824.2,0.619,118826.8,0.001,118827.9,0.026
1753769530581,06:12:10.581,ascendex,BTC/USDT:USDT,118788.8,26.60475,118788.6,3.27525,118789.1,30.1374,118789.2,1.9797
1753769530565,06:12:10.565,bitmex,BTC/USDT:USDT,118839.2,191600.0,118838.3,6200.0,118839.3,6000.0,118842.8,6200.0
1753769530479,06:12:10.479,blofin,BTC/USDT:USDT,118824.8,2788.0,118824.7,320.0,118824.9,7133.0,118825.0,288.0
1753769530649,06:12:10.649,coincatch,BTC/USDT:USDT,118788.9,25.2568,118788.8,0.0966,118793.5,1.0288,118793.6,0.0147
1753769530660,06:12:10.660,binance,BTC/USDT:USDT,118797.5,0.114,118797.4,4.869,118798.0,0.007,118798.1,0.01
1753769530660,06:12:10.660,binanceusdm,BTC/USDT:USDT,118797.5,0.114,118797.4,4.869,118798.0,0.007,118798.1,0.01
1753769530614,06:12:10.614,bitmex,BTC/USDT:USDT,118839.2,173000.0,118838.3,6200.0,118839.3,6000.0,118842.8,6200.0
1753769530680,06:12:10.680,bitget,BTC/USDT:USDT,118790.0,16.0981,118789.9,9.7477,118793.3,0.005,118795.9,3.6351
1753769531327,06:12:11.327,bitfinex,BTC/USDT:USDT,118920.0,1.49812276,118910.0,0.8600954,118930.0,0.16055,118940.0,0.47361254
1753769531353,06:12:11.353,bitfinex,BTC/USDT:USDT,118920.0,2.12846593,118910.0,0.93559808,118930.0,0.1100001,118940.0,4e-05
1753769530914,06:12:10.914,ascendex,BTC/USDT:USDT,118788.8,26.57385,118788.6,3.27525,118789.6,12.98595,118800.6,1.7691
1753769531404,06:12:11.404,bitfinex,BTC/USDT:USDT,118920.0,1.57362544,118910.0,0.8600954,118930.0,1e-07,118940.0,4e-05
1753769531223,06:12:11.223,ascendex,BTC/USDT:USDT,118805.9,2.15715,118805.8,3.207,118806.2,3.97575,118806.3,2.874
1753769531477,06:12:11.477,bitfinex,BTC/USDT:USDT,118930.0,0.2144027,118920.0,1.25851214,118940.0,4e-05,118950.0,0.04651
1753769531341,06:12:11.341,bybit,BTC/USDT:USDT,118839.8,25.976,118839.7,0.001,118839.9,3.854,118840.0,0.002
1753769531184,06:12:11.184,blofin,BTC/USDT:USDT,118841.5,1970.0,118841.4,1937.0,118841.6,1.1,118843.9,10473.5
1753769531316,06:12:11.316,bitmart,BTC/USDT:USDT,118806.0,13928.0,118805.9,561.0,118806.1,8735.0,118806.2,629.0
1753769531492,06:12:11.492,bitfinex,BTC/USDT:USDT,118930.0,0.2144027,118920.0,1.25851214,118940.0,4e-05,118950.0,0.04651
1753769531353,06:12:11.353,coincatch,BTC/USDT:USDT,118799.9,1.7052,118799.8,0.7077,118800.0,0.0013,118806.1,0.4832
1753769531454,06:12:11.454,coincatch,BTC/USDT:USDT,118799.9,1.7052,118799.8,0.7077,118800.0,0.0013,118806.1,0.844
1753769531470,06:12:11.470,binanceusdm,BTC/USDT:USDT,118806.0,17.29,118805.9,0.002,118806.1,4.019,118806.2,0.006
1753769531470,06:12:11.470,binance,BTC/USDT:USDT,118806.0,17.29,118805.9,0.002,118806.1,4.019,118806.2,0.006
1753769531436,06:12:11.436,bitmex,BTC/USDT:USDT,118864.2,11200.0,118861.6,9300.0,118864.3,448600.0,118868.9,49100.0
1753769531482,06:12:11.482,bitget,BTC/USDT:USDT,118793.2,37.0432,118793.1,1.554,118793.3,0.0054,118797.7,0.0019
1753769531541,06:12:11.541,bybit,BTC/USDT:USDT,118839.8,25.994,118839.7,0.001,118839.9,3.619,118840.0,0.002
1753769531521,06:12:11.521,bitmart,BTC/USDT:USDT,118806.0,13198.0,118805.9,561.0,118806.1,9220.0,118806.2,629.0
1753769531486,06:12:11.486,bitmex,BTC/USDT:USDT,118864.2,11200.0,118861.7,6200.0,118864.3,448600.0,118868.9,49100.0
1753769531590,06:12:11.590,bitfinex,BTC/USDT:USDT,118930.0,1.37640148,118920.0,1.25851214,118940.0,4e-05,118950.0,0.04651
1753769531591,06:12:11.591,bitfinex,BTC/USDT:USDT,118930.0,1.37640148,118920.0,0.63032096,118940.0,0.11004,118950.0,0.04651
1753769531591,06:12:11.591,bitfinex,BTC/USDT:USDT,118930.0,1.37640148,118920.0,0.63032096,118940.0,0.11004,118950.0,0.04651
1753769531543,06:12:11.543,ascendex,BTC/USDT:USDT,118805.9,1.4772,118805.8,3.207,118806.2,1.884,118806.3,2.874
1753769531572,06:12:11.572,binance,BTC/USDT:USDT,118806.0,17.471,118805.9,0.002,118806.1,3.137,118806.2,0.006
1753769531572,06:12:11.572,binanceusdm,BTC/USDT:USDT,118806.0,17.471,118805.9,0.002,118806.1,3.137,118806.2,0.006
1753769531582,06:12:11.582,bitget,BTC/USDT:USDT,118793.2,37.0432,118793.1,0.8232,118793.3,0.0054,118797.7,0.0019
1753769531535,06:12:11.535,bitmex,BTC/USDT:USDT,118864.2,18600.0,118861.7,6200.0,118864.3,448600.0,118868.9,49100.0
1753769531593,06:12:11.593,coincatch,BTC/USDT:USDT,118799.9,1.7052,118799.8,0.7077,118800.0,0.0013,118806.1,0.844
1753769531642,06:12:11.642,bybit,BTC/USDT:USDT,118839.8,25.976,118839.7,0.001,118839.9,3.449,118840.0,0.002
1753769531600,06:12:11.600,bitmex,BTC/USDT:USDT,118864.2,18600.0,118861.7,6200.0,118864.3,448600.0,118868.9,49100.0
1753769531673,06:12:11.673,binanceusdm,BTC/USDT:USDT,118806.0,17.861,118805.9,0.002,118806.1,2.201,118806.2,0.002
1753769531673,06:12:11.673,binance,BTC/USDT:USDT,118806.0,17.861,118805.9,0.002,118806.1,2.201,118806.2,0.002
1753769531683,06:12:11.683,bitget,BTC/USDT:USDT,118793.2,37.0432,118793.1,0.8232,118793.3,0.0054,118797.7,0.0019
1753769531650,06:12:11.650,bitmex,BTC/USDT:USDT,118864.2,20500.0,118861.7,6200.0,118864.3,448600.0,118868.9,49100.0
1753769531742,06:12:11.742,bybit,BTC/USDT:USDT,118839.8,26.061,118839.7,0.001,118839.9,3.071,118840.0,0.002
1753769531701,06:12:11.701,coincatch,BTC/USDT:USDT,118799.9,1.7052,118799.8,0.7077,118800.0,0.0013,118806.1,0.6588
1753769531793,06:12:11.793,bitfinex,BTC/USDT:USDT,118930.0,1.37640148,118920.0,0.63032096,118940.0,0.11004,118950.0,0.04651
1753769531794,06:12:11.794,bitfinex,BTC/USDT:USDT,118930.0,1.56336932,118920.0,0.46215296,118940.0,0.11004,118950.0,0.11452678
1753769531795,06:12:11.795,bitfinex,BTC/USDT:USDT,118930.0,1.56336932,118920.0,0.46215296,118940.0,0.11004,118950.0,0.11452678
1753769531839,06:12:11.839,ascendex,BTC/USDT:USDT,118805.9,1.69425,118805.8,3.207,118806.2,1.76625,118806.3,2.874
1753769531921,06:12:11.921,bitmart,BTC/USDT:USDT,118806.0,8808.0,118805.9,561.0,118806.1,5321.0,118806.2,629.0
1753769531997,06:12:11.997,bitfinex,BTC/USDT:USDT,118930.0,1.56336932,118920.0,0.46215296,118940.0,0.11004,118950.0,0.11452678
1753769532000,06:12:12.000,bitfinex,BTC/USDT:USDT,118930.0,1.56336932,118920.0,0.46215296,118940.0,0.11004,118950.0,0.11452678
1753769531924,06:12:11.924,bitmex,BTC/USDT:USDT,118864.2,18600.0,118861.7,6200.0,118868.7,185500.0,118868.8,448600.0
1753769531980,06:12:11.980,binanceusdm,BTC/USDT:USDT,118806.0,19.095,118805.9,0.004,118806.1,2.219,118806.2,0.008
1753769531980,06:12:11.980,binance,BTC/USDT:USDT,118806.0,19.095,118805.9,0.004,118806.1,2.219,118806.2,0.008
1753769531983,06:12:11.983,bitget,BTC/USDT:USDT,118793.2,36.9097,118793.1,1.1424,118793.3,0.0054,118797.7,0.0019
1753769532043,06:12:12.043,coincatch,BTC/USDT:USDT,118799.9,1.7052,118799.8,0.7077,118800.0,0.0013,118806.1,0.4639
1753769532022,06:12:12.022,bitmex,BTC/USDT:USDT,118864.2,18600.0,118861.7,6200.0,118868.7,185500.0,118868.8,448600.0
1753769532083,06:12:12.083,binance,BTC/USDT:USDT,118806.0,19.112,118805.9,0.004,118806.1,2.219,118806.2,0.006
1753769532083,06:12:12.083,binanceusdm,BTC/USDT:USDT,118806.0,19.112,118805.9,0.004,118806.1,2.219,118806.2,0.006
1753769532083,06:12:12.083,bitget,BTC/USDT:USDT,118793.2,36.9097,118793.1,1.1424,118793.3,0.0054,118797.7,0.0019
1753769532141,06:12:12.141,bybit,BTC/USDT:USDT,118839.8,26.081,118839.7,0.001,118839.9,3.071,118840.0,0.339
1753769531991,06:12:11.991,blofin,BTC/USDT:USDT,118841.5,1970.0,118841.4,1937.0,118841.6,1037.1,118841.9,253.0
1753769532071,06:12:12.071,bitmex,BTC/USDT:USDT,118864.3,1900.0,118864.2,18600.0,118868.7,185500.0,118868.8,454800.0
1753769532153,06:12:12.153,coincatch,BTC/USDT:USDT,118799.9,1.6989,118799.8,0.7077,118800.0,0.0013,118806.1,0.466
1753769532120,06:12:12.120,bitmex,BTC/USDT:USDT,118864.3,1900.0,118864.2,18600.0,118868.7,185500.0,118868.8,454800.0
1753769532095,06:12:12.095,ascendex,BTC/USDT:USDT,118805.9,1.8666,118805.8,3.207,118806.2,1.413,118806.3,2.874
1753769532183,06:12:12.183,bitget,BTC/USDT:USDT,118793.2,36.9097,118793.1,1.1424,118793.3,0.0054,118797.7,0.0019
1753769532186,06:12:12.186,binanceusdm,BTC/USDT:USDT,118806.0,19.126,118805.9,0.004,118806.1,2.219,118806.2,0.006
1753769532186,06:12:12.186,binance,BTC/USDT:USDT,118806.0,19.126,118805.9,0.004,118806.1,2.219,118806.2,0.006
1753769532241,06:12:12.241,bybit,BTC/USDT:USDT,118839.8,26.058,118839.7,0.001,118839.9,3.072,118840.0,0.339
1753769532169,06:12:12.169,bitmex,BTC/USDT:USDT,118864.3,1900.0,118864.2,18600.0,118868.7,185500.0,118868.8,454800.0
1753769532325,06:12:12.325,bitfinex,BTC/USDT:USDT,118930.0,1.56336932,118920.0,0.46215296,118940.0,0.11004,118950.0,0.11452678
1753769532329,06:12:12.329,bitfinex,BTC/USDT:USDT,118930.0,1.56336932,118920.0,0.46215296,118940.0,0.11004,118950.0,0.11452678
1753769532334,06:12:12.334,bitfinex,BTC/USDT:USDT,118930.0,1.56336932,118920.0,0.46215296,118940.0,0.11004,118950.0,0.11452678
1753769532253,06:12:12.253,coincatch,BTC/USDT:USDT,118799.9,1.6989,118799.8,0.7077,118800.0,0.0013,118806.1,0.466
1753769532218,06:12:12.218,bitmex,BTC/USDT:USDT,118864.3,1900.0,118864.2,18600.0,118868.7,185500.0,118868.8,454800.0
1753769532341,06:12:12.341,bybit,BTC/USDT:USDT,118839.8,23.484,118839.7,0.001,118839.9,4.011,118840.0,0.339
1753769532267,06:12:12.267,bitmex,BTC/USDT:USDT,118864.3,1900.0,118864.2,18600.0,118868.7,185500.0,118868.8,454800.0
1753769532316,06:12:12.316,bitmex,BTC/USDT:USDT,118864.3,1900.0,118864.2,18600.0,118868.7,185500.0,118868.8,454800.0
1753769532391,06:12:12.391,binanceusdm,BTC/USDT:USDT,118806.0,16.194,118805.9,0.004,118806.1,5.111,118806.2,0.006
1753769532391,06:12:12.391,binance,BTC/USDT:USDT,118806.0,16.194,118805.9,0.004,118806.1,5.111,118806.2,0.006
1753769532389,06:12:12.389,bitmex,BTC/USDT:USDT,118864.3,1900.0,118864.2,9300.0,118868.7,185500.0,118868.8,454800.0
1753769532504,06:12:12.504,bitfinex,BTC/USDT:USDT,118930.0,1.56336932,118920.0,0.46215296,118940.0,0.11004,118950.0,0.11452678
1753769532504,06:12:12.504,bitfinex,BTC/USDT:USDT,118930.0,1.56336932,118920.0,0.46215296,118940.0,0.11004,118950.0,0.11452678
1753769532505,06:12:12.505,bitfinex,BTC/USDT:USDT,118930.0,1.56336932,118920.0,0.46215296,118940.0,0.11004,118950.0,0.11452678
1753769532483,06:12:12.483,bitget,BTC/USDT:USDT,118793.2,36.2433,118793.1,0.6025,118793.3,0.0714,118797.7,0.0019
1753769532439,06:12:12.439,bitmex,BTC/USDT:USDT,118861.7,6200.0,118861.1,6200.0,118868.7,185500.0,118868.8,454800.0
1753769532492,06:12:12.492,binance,BTC/USDT:USDT,118806.0,14.903,118805.9,0.004,118806.1,5.4,118806.2,0.006
1753769532492,06:12:12.492,binanceusdm,BTC/USDT:USDT,118806.0,14.903,118805.9,0.004,118806.1,5.4,118806.2,0.006
1753769532467,06:12:12.467,ascendex,BTC/USDT:USDT,118805.9,1.4343,118805.8,3.207,118806.2,1.53975,118806.3,2.874
1753769532493,06:12:12.493,coincatch,BTC/USDT:USDT,118799.9,1.6989,118799.8,0.7077,118800.0,0.0013,118806.1,0.8104
1753769532541,06:12:12.541,bybit,BTC/USDT:USDT,118839.8,17.704,118839.5,0.123,118839.9,10.176,118840.0,0.34
1753769532583,06:12:12.583,bitget,BTC/USDT:USDT,118793.2,36.2763,118793.1,0.6025,118793.3,0.0054,118797.7,0.0019
1753769532593,06:12:12.593,binance,BTC/USDT:USDT,118806.0,14.887,118805.9,0.004,118806.1,5.747,118806.2,0.006
1753769532593,06:12:12.593,binanceusdm,BTC/USDT:USDT,118806.0,14.887,118805.9,0.004,118806.1,5.747,118806.2,0.006
1753769532641,06:12:12.641,bybit,BTC/USDT:USDT,118839.8,17.704,118839.5,0.123,118839.9,10.176,118840.0,0.34
1753769532605,06:12:12.605,coincatch,BTC/USDT:USDT,118799.9,1.6989,118799.8,0.7077,118800.0,0.0013,118806.1,0.8104
1753769532587,06:12:12.587,bitmex,BTC/USDT:USDT,118857.7,11200.0,118857.6,9300.0,118867.8,6200.0,118867.9,53900.0
1753769532684,06:12:12.684,bitget,BTC/USDT:USDT,118793.2,36.2763,118793.1,0.6025,118793.3,0.0054,118797.7,0.0019
1753769532636,06:12:12.636,bitmex,BTC/USDT:USDT,118858.1,11200.0,118858.0,9300.0,118867.8,6200.0,118867.9,53900.0
1753769532694,06:12:12.694,binance,BTC/USDT:USDT,118806.0,14.92,118805.9,0.004,118806.1,5.472,118806.2,0.006
1753769532694,06:12:12.694,binanceusdm,BTC/USDT:USDT,118806.0,14.92,118805.9,0.004,118806.1,5.472,118806.2,0.006
1753769532741,06:12:12.741,bybit,BTC/USDT:USDT,118839.8,17.704,118839.5,0.123,118839.9,10.209,118840.0,0.34
1753769532706,06:12:12.706,coincatch,BTC/USDT:USDT,118799.9,1.4049,118799.8,0.01,118800.0,0.0013,118806.1,1.1491
1753769532718,06:12:12.718,bitmart,BTC/USDT:USDT,118806.0,13338.0,118805.9,561.0,118806.1,14945.0,118806.2,629.0
1753769532685,06:12:12.685,bitmex,BTC/USDT:USDT,118858.5,11200.0,118858.4,9300.0,118867.8,6200.0,118867.9,53900.0
1753769532801,06:12:12.801,bitfinex,BTC/USDT:USDT,118930.0,1.56336932,118920.0,0.46215296,118940.0,0.15655,118950.0,0.11452678
1753769532802,06:12:12.802,bitfinex,BTC/USDT:USDT,118930.0,1.56336932,118920.0,0.46215296,118940.0,0.15655,118950.0,0.06801678
1753769532803,06:12:12.803,bitfinex,BTC/USDT:USDT,118930.0,1.56336932,118920.0,0.46215296,118940.0,0.15655,118950.0,0.06801678
1753769533395,06:12:13.395,ascendex,BTC/USDT:USDT,118805.9,2.06325,118805.8,3.207,118806.2,1.4526,118806.3,2.874
1753769533619,06:12:13.619,bitfinex,BTC/USDT:USDT,118930.0,1.56336932,118920.0,0.46215296,118940.0,0.15655,118950.0,0.06801678
1753769533412,06:12:13.412,binanceusdm,BTC/USDT:USDT,118806.0,15.12,118805.9,0.004,118806.1,5.474,118806.2,0.007
1753769533643,06:12:13.643,bitfinex,BTC/USDT:USDT,118930.0,1.56760932,118920.0,0.46215296,118940.0,0.15655,118950.0,0.06801678
1753769533653,06:12:13.653,bitfinex,BTC/USDT:USDT,118930.0,1.56760932,118920.0,0.46215296,118940.0,0.15655,118950.0,0.06801678
1753769533260,06:12:13.260,blofin,BTC/USDT:USDT,118841.5,909.0,118841.4,1392.0,118841.6,361.1,118842.0,932.0
1753769533637,06:12:13.637,bitmex,BTC/USDT:USDT,118862.3,11200.0,118862.2,9300.0,118867.1,6200.0,118867.8,6200.0
1753769533683,06:12:13.683,bitget,BTC/USDT:USDT,118793.2,36.6624,118793.1,0.6025,118793.3,0.0054,118797.7,0.0019
1753769533743,06:12:13.743,bybit,BTC/USDT:USDT,118839.8,17.066,118839.7,0.002,118839.9,11.084,118840.0,0.34
1753769533720,06:12:13.720,binanceusdm,BTC/USDT:USDT,118806.0,15.124,118805.9,0.004,118806.1,4.926,118806.2,0.007
1753769533720,06:12:13.720,binance,BTC/USDT:USDT,118806.0,15.124,118805.9,0.004,118806.1,4.926,118806.2,0.007
1753769533717,06:12:13.717,bitmart,BTC/USDT:USDT,118806.0,13513.0,118805.9,561.0,118806.1,14478.0,118806.2,629.0
1753769533686,06:12:13.686,bitmex,BTC/USDT:USDT,118862.3,11200.0,118862.2,9300.0,118867.1,6200.0,118867.8,6200.0
1753769533794,06:12:13.794,bitfinex,BTC/USDT:USDT,118930.0,1.39944932,118920.0,0.46215296,118940.0,0.15655,118950.0,0.06801678
1753769533795,06:12:13.795,bitfinex,BTC/USDT:USDT,118930.0,1.39944932,118920.0,0.46215296,118940.0,0.15655,118950.0,0.06801678
1753769533796,06:12:13.796,bitfinex,BTC/USDT:USDT,118930.0,1.39944932,118920.0,0.46215296,118940.0,0.15655,118950.0,0.06801678
1753769533728,06:12:13.728,ascendex,BTC/USDT:USDT,118805.9,1.4046,118805.8,3.207,118806.2,1.4298,118806.3,2.874
1753769533760,06:12:13.760,coincatch,BTC/USDT:USDT,118799.9,1.4049,118799.8,0.01,118800.0,0.0013,118806.1,1.1512
1753769533783,06:12:13.783,bitget,BTC/USDT:USDT,118793.2,36.6954,118793.1,0.6025,118793.3,0.0316,118797.7,0.0019
1753769533749,06:12:13.749,bitmex,BTC/USDT:USDT,118862.3,11200.0,118862.2,9300.0,118867.1,6200.0,118867.8,6200.0
1753769533841,06:12:13.841,bybit,BTC/USDT:USDT,118839.8,17.066,118839.7,0.002,118839.9,10.737,118840.0,0.34
1753769533822,06:12:13.822,binance,BTC/USDT:USDT,118806.0,15.124,118805.9,0.004,118806.1,5.482,118806.2,0.007
1753769533822,06:12:13.822,binanceusdm,BTC/USDT:USDT,118806.0,15.124,118805.9,0.004,118806.1,5.482,118806.2,0.007
1753769533799,06:12:13.799,bitmex,BTC/USDT:USDT,118862.3,11200.0,118862.2,9300.0,118867.1,6200.0,118867.8,6200.0
1753769533941,06:12:13.941,bybit,BTC/USDT:USDT,118839.8,17.066,118839.7,0.002,118839.9,10.737,118840.0,0.34
1753769533909,06:12:13.909,coincatch,BTC/USDT:USDT,118799.9,1.4049,118799.8,0.01,118800.0,0.0013,118806.1,1.1512
1753769533923,06:12:13.923,binanceusdm,BTC/USDT:USDT,118806.0,15.374,118805.9,0.004,118806.1,4.725,118806.2,0.007
1753769533923,06:12:13.923,binance,BTC/USDT:USDT,118806.0,15.374,118805.9,0.004,118806.1,4.725,118806.2,0.007
1753769533984,06:12:13.984,bitget,BTC/USDT:USDT,118793.2,36.6954,118793.1,0.6025,118793.3,0.0054,118797.7,0.0019
1753769534042,06:12:14.042,bybit,BTC/USDT:USDT,118839.8,17.066,118839.7,0.002,118839.9,10.737,118840.0,0.34
1753769534026,06:12:14.026,binanceusdm,BTC/USDT:USDT,118806.0,15.375,118805.9,0.005,118806.1,4.724,118806.2,0.007
1753769534026,06:12:14.026,binance,BTC/USDT:USDT,118806.0,15.375,118805.9,0.005,118806.1,4.724,118806.2,0.007
1753769534005,06:12:14.005,bitmex,BTC/USDT:USDT,118862.3,11200.0,118862.2,9300.0,118867.1,6200.0,118867.8,6200.0
1753769534095,06:12:14.095,bitfinex,BTC/USDT:USDT,118930.0,1.39944932,118920.0,0.46215296,118940.0,0.15655,118950.0,0.06801678
1753769534095,06:12:14.095,bitfinex,BTC/USDT:USDT,118930.0,1.39944932,118920.0,0.46215296,118940.0,0.15655,118950.0,0.06801678
1753769534096,06:12:14.096,bitfinex,BTC/USDT:USDT,118930.0,1.39944932,118920.0,0.46215296,118940.0,0.15655,118950.0,0.06801678
1753769534059,06:12:14.059,coincatch,BTC/USDT:USDT,118799.9,1.4049,118799.8,0.01,118800.0,0.0013,118806.1,1.1512
1753769534067,06:12:14.067,ascendex,BTC/USDT:USDT,118805.9,1.8399,118805.8,3.207,118806.2,2.1117,118806.3,2.874
1753769534083,06:12:14.083,bitget,BTC/USDT:USDT,118793.2,36.7284,118793.1,0.6025,118793.3,0.0054,118797.7,0.0019
1753769534055,06:12:14.055,bitmex,BTC/USDT:USDT,118862.3,11200.0,118862.2,9300.0,118867.1,6200.0,118867.8,6200.0
1753769534141,06:12:14.141,bybit,BTC/USDT:USDT,118839.8,17.066,118839.7,0.002,118839.9,10.411,118840.0,0.34
1753769534127,06:12:14.127,binanceusdm,BTC/USDT:USDT,118806.0,15.409,118805.9,0.005,118806.1,4.064,118806.2,0.006
1753769534127,06:12:14.127,binance,BTC/USDT:USDT,118806.0,15.409,118805.9,0.005,118806.1,4.064,118806.2,0.006
1753769534104,06:12:14.104,bitmex,BTC/USDT:USDT,118862.3,11200.0,118862.2,9300.0,118867.1,6200.0,118867.8,6200.0
1753769534128,06:12:14.128,bitmart,BTC/USDT:USDT,118806.0,8808.0,118805.9,561.0,118806.1,10225.0,118806.2,629.0
1753769534008,06:12:14.008,blofin,BTC/USDT:USDT,118841.5,909.0,118841.4,1392.0,118841.6,964.1,118842.0,932.0
1753769534241,06:12:14.241,bybit,BTC/USDT:USDT,118839.8,17.066,118839.7,0.002,118839.9,10.411,118840.0,0.34
1753769534210,06:12:14.210,coincatch,BTC/USDT:USDT,118799.9,1.4049,118799.8,0.01,118800.0,0.0013,118806.1,0.8534
1753769534231,06:12:14.231,binance,BTC/USDT:USDT,118806.0,15.41,118805.9,0.005,118806.1,4.004,118806.2,0.006
1753769534231,06:12:14.231,binanceusdm,BTC/USDT:USDT,118806.0,15.41,118805.9,0.005,118806.1,4.004,118806.2,0.006
1753769534189,06:12:14.189,bitmex,BTC/USDT:USDT,118862.3,11200.0,118862.2,9300.0,118867.1,6200.0,118867.8,6200.0
1753769534238,06:12:14.238,bitmex,BTC/USDT:USDT,118862.3,11200.0,118862.2,9300.0,118867.1,6200.0,118867.8,6200.0
1753769534284,06:12:14.284,bitget,BTC/USDT:USDT,118793.2,36.2763,118793.1,0.6025,118793.3,0.0054,118797.7,0.0019
1753769534341,06:12:14.341,bybit,BTC/USDT:USDT,118839.8,17.066,118839.7,0.002,118839.9,10.41,118840.0,0.34
1753769534326,06:12:14.326,bitmart,BTC/USDT:USDT,118806.0,1348.0,118805.9,561.0,118806.1,2509.0,118806.2,629.0
1753769534333,06:12:14.333,binance,BTC/USDT:USDT,118806.0,15.412,118805.9,0.005,118806.1,3.981,118806.2,0.006
1753769534333,06:12:14.333,binanceusdm,BTC/USDT:USDT,118806.0,15.412,118805.9,0.005,118806.1,3.981,118806.2,0.006
1753769534298,06:12:14.298,bitmex,BTC/USDT:USDT,118862.3,11200.0,118862.2,9300.0,118867.1,6200.0,118867.8,6200.0
1753769534403,06:12:14.403,bitfinex,BTC/USDT:USDT,118930.0,1.39944932,118920.0,0.46215296,118940.0,0.15655,118950.0,0.06801678
1753769534404,06:12:14.404,bitfinex,BTC/USDT:USDT,118930.0,1.39944932,118920.0,0.46215296,118940.0,0.15655,118950.0,0.06801678
1753769534404,06:12:14.404,bitfinex,BTC/USDT:USDT,118930.0,1.39944932,118920.0,0.46215296,118940.0,0.15655,118950.0,0.06801678
1753769534384,06:12:14.384,bitget,BTC/USDT:USDT,118793.2,36.2763,118793.1,0.6025,118793.3,0.0054,118797.7,0.0019
1753769534347,06:12:14.347,bitmex,BTC/USDT:USDT,118862.5,11200.0,118862.4,9300.0,118867.1,6200.0,118867.8,6200.0
1753769534340,06:12:14.340,ascendex,BTC/USDT:USDT,118805.9,2.92065,118805.8,3.207,118806.2,3.4209,118806.3,2.874
1753769534441,06:12:14.441,bybit,BTC/USDT:USDT,118839.8,17.066,118839.7,0.002,118839.9,10.41,118840.0,0.34
1753769534410,06:12:14.410,coincatch,BTC/USDT:USDT,118799.9,1.4049,118799.8,0.01,118800.0,0.0013,118806.1,0.836
1753769534434,06:12:14.434,binanceusdm,BTC/USDT:USDT,118806.0,15.413,118805.9,0.005,118806.1,3.985,118806.2,0.006
1753769534434,06:12:14.434,binance,BTC/USDT:USDT,118806.0,15.413,118805.9,0.005,118806.1,3.985,118806.2,0.006
1753769534396,06:12:14.396,bitmex,BTC/USDT:USDT,118862.7,11200.0,118862.6,9300.0,118867.1,6200.0,118867.8,6200.0
1753769534484,06:12:14.484,bitget,BTC/USDT:USDT,118793.2,36.2433,118793.1,0.6025,118793.3,0.0054,118797.7,0.0019
1753769534445,06:12:14.445,bitmex,BTC/USDT:USDT,118862.7,11200.0,118862.6,9300.0,118867.1,6200.0,118867.8,6200.0
1753769534542,06:12:14.542,bybit,BTC/USDT:USDT,118839.8,17.066,118839.7,0.002,118839.9,10.408,118840.0,0.34
1753769534522,06:12:14.522,bitmart,BTC/USDT:USDT,118806.0,13151.0,118805.9,561.0,118806.1,13617.0,118806.2,629.0
1753769534536,06:12:14.536,binance,BTC/USDT:USDT,118806.0,15.591,118805.9,0.005,118806.1,5.2,118806.2,0.006
1753769534536,06:12:14.536,binanceusdm,BTC/USDT:USDT,118806.0,15.591,118805.9,0.005,118806.1,5.2,118806.2,0.006
1753769534584,06:12:14.584,bitget,BTC/USDT:USDT,118793.2,35.8047,118793.1,0.6025,118793.3,0.0054,118797.7,0.0019
1753769534642,06:12:14.642,bybit,BTC/USDT:USDT,118839.8,17.066,118839.7,0.002,118839.9,10.408,118840.0,0.34
1753769535258,06:12:15.258,bitfinex,BTC/USDT:USDT,118930.0,1.26607886,118920.0,0.53211689,118940.0,0.15655,118950.0,0.06801678
1753769534682,06:12:14.682,ascendex,BTC/USDT:USDT,118805.9,3.32475,118805.8,1.6536,118806.2,3.4422,118806.3,2.874
1753769535110,06:12:15.110,coincatch,BTC/USDT:USDT,118799.9,1.4049,118799.8,0.01,118800.0,0.0013,118806.1,1.4969
1753769535145,06:12:15.145,binanceusdm,BTC/USDT:USDT,118806.0,13.37,118805.9,0.005,118806.1,7.128,118806.2,0.006
1753769535009,06:12:15.009,ascendex,BTC/USDT:USDT,118805.9,3.40215,118805.8,3.4953,118806.2,3.44355,118806.3,2.9406
1753769535282,06:12:15.282,bitfinex,BTC/USDT:USDT,118930.0,1.26607886,118920.0,0.53211689,118940.0,0.15655,118950.0,0.06801678
1753769535216,06:12:15.216,coincatch,BTC/USDT:USDT,118799.9,1.4049,118799.8,0.01,118800.0,0.0013,118806.1,1.4969
1753769535185,06:12:15.185,bitget,BTC/USDT:USDT,118793.2,36.2746,118793.1,0.6025,118793.3,0.0714,118797.7,0.0019
1753769535230,06:12:15.230,bitmex,BTC/USDT:USDT,118859.8,1900.0,118859.7,15500.0,118866.7,6200.0,118866.9,6200.0
1753769535285,06:12:15.285,bitget,BTC/USDT:USDT,118793.2,36.2746,118793.1,0.6025,118793.3,0.0454,118797.7,0.0019
1753769535341,06:12:15.341,bybit,BTC/USDT:USDT,118839.8,16.571,118839.7,0.002,118839.9,10.545,118840.0,0.34
1753769535033,06:12:15.033,deribit,BTC/USDT:USDT,118826.0,0.223,118783.0,0.727,118914.0,0.223,118940.0,0.727
1753769535317,06:12:15.317,bitmart,BTC/USDT:USDT,118806.0,8695.0,118805.9,561.0,118806.1,9046.0,118806.2,629.0
1753769535279,06:12:15.279,bitmex,BTC/USDT:USDT,118860.2,1900.0,118860.1,9300.0,118866.7,6200.0,118866.9,6200.0
1753769535317,06:12:15.317,ascendex,BTC/USDT:USDT,118805.9,3.5616,118805.8,3.4953,118806.2,3.25845,118806.3,2.9406
1753769535400,06:12:15.400,bitfinex,BTC/USDT:USDT,118930.0,1.26607886,118920.0,0.53211689,118940.0,0.15655,118950.0,0.06801678
1753769535401,06:12:15.401,bitfinex,BTC/USDT:USDT,118930.0,1.26607886,118920.0,0.53211689,118940.0,0.15655,118950.0,0.19175678
1753769535403,06:12:15.403,bitfinex,BTC/USDT:USDT,118930.0,1.26607886,118920.0,0.53211689,118940.0,0.15655,118950.0,0.19175678
1753769535346,06:12:15.346,coincatch,BTC/USDT:USDT,118799.9,1.4049,118799.8,0.01,118800.0,0.0013,118806.1,1.4969
1753769535328,06:12:15.328,bitmex,BTC/USDT:USDT,118860.6,11200.0,118860.5,9300.0,118866.7,6200.0,118866.9,6200.0
1753769535377,06:12:15.377,bitmex,BTC/USDT:USDT,118861.1,9300.0,118861.0,11200.0,118866.7,6200.0,118866.9,6200.0
1753769535450,06:12:15.450,binanceusdm,BTC/USDT:USDT,118806.0,13.779,118805.9,0.005,118806.1,6.988,118806.2,0.006
1753769535450,06:12:15.450,binance,BTC/USDT:USDT,118806.0,13.779,118805.9,0.005,118806.1,6.988,118806.2,0.006
1753769535463,06:12:15.463,coincatch,BTC/USDT:USDT,118799.9,1.4049,118799.8,0.01,118800.0,0.0013,118806.1,1.5546
1753769535426,06:12:15.426,bitmex,BTC/USDT:USDT,118861.4,1900.0,118861.3,18600.0,118866.5,6200.0,118866.7,6200.0
1753769535486,06:12:15.486,bitget,BTC/USDT:USDT,118793.2,35.8521,118793.1,0.6025,118793.3,0.0454,118797.7,0.0019
1753769535541,06:12:15.541,bybit,BTC/USDT:USDT,118839.8,16.581,118839.7,0.002,118839.9,10.461,118840.0,0.34
1753769535475,06:12:15.475,bitmex,BTC/USDT:USDT,118861.5,24800.0,118859.7,6200.0,118866.5,6200.0,118866.7,6200.0
1753769535519,06:12:15.519,bitmart,BTC/USDT:USDT,118806.0,8695.0,118805.9,561.0,118806.1,9046.0,118806.2,629.0
1753769535551,06:12:15.551,binanceusdm,BTC/USDT:USDT,118806.0,14.221,118805.9,0.005,118806.1,6.432,118806.2,0.006
1753769535551,06:12:15.551,binance,BTC/USDT:USDT,118806.0,14.221,118805.9,0.005,118806.1,6.432,118806.2,0.006
1753769535318,06:12:15.318,blofin,BTC/USDT:USDT,118841.5,1227.0,118841.4,1364.0,118841.6,943.1,118841.9,593.0
1753769535605,06:12:15.605,bitfinex,BTC/USDT:USDT,118930.0,1.26607886,118920.0,0.53211689,118940.0,0.15655,118950.0,0.19175678
1753769535607,06:12:15.607,bitfinex,BTC/USDT:USDT,118930.0,1.26607886,118920.0,0.53211689,118940.0,0.15655,118950.0,0.19175678
1753769535524,06:12:15.524,bitmex,BTC/USDT:USDT,118861.8,11200.0,118861.7,9300.0,118866.5,6200.0,118866.7,6200.0
1753769535582,06:12:15.582,coincatch,BTC/USDT:USDT,118799.9,1.4049,118799.8,0.01,118800.0,0.0013,118806.1,1.5546
1753769535585,06:12:15.585,bitget,BTC/USDT:USDT,118793.2,35.8521,118793.1,0.6025,118793.3,0.0454,118797.7,0.0019
1753769535641,06:12:15.641,bybit,BTC/USDT:USDT,118839.8,16.581,118839.7,0.002,118839.9,10.41,118840.0,0.34
1753769535573,06:12:15.573,bitmex,BTC/USDT:USDT,118862.2,1900.0,118862.1,9300.0,118866.5,6200.0,118866.7,6200.0
1753769535643,06:12:15.643,ascendex,BTC/USDT:USDT,118805.9,2.9739,118805.8,3.3228,118806.2,3.6159,118806.3,2.9406
1753769535900,06:12:15.900,bitfinex,BTC/USDT:USDT,118930.0,1.26607886,118920.0,0.53211689,118940.0,0.15655,118950.0,0.19175678
1753769535818,06:12:15.818,bitmex,BTC/USDT:USDT,118861.5,6200.0,118859.7,6200.0,118866.5,6200.0,118866.7,6200.0
1753769535860,06:12:15.860,binanceusdm,BTC/USDT:USDT,118806.0,13.783,118805.9,0.005,118806.1,7.259,118806.2,0.008
1753769535818,06:12:15.818,bitmex,BTC/USDT:USDT,118862.8,9300.0,118862.7,11200.0,118866.5,6200.0,118866.7,6200.0
1753769535885,06:12:15.885,bitget,BTC/USDT:USDT,118793.2,35.8521,118793.1,0.6025,118793.3,0.1081,118797.7,0.0019
1753769535942,06:12:15.942,bybit,BTC/USDT:USDT,118839.8,16.581,118839.7,0.002,118839.9,10.37,118840.0,0.34
1753769535867,06:12:15.867,bitmex,BTC/USDT:USDT,118863.1,9300.0,118863.0,9300.0,118866.5,6200.0,118866.7,6200.0
1753769535927,06:12:15.927,bitmart,BTC/USDT:USDT,118806.0,16770.0,118805.9,671.0,118806.1,15048.0,118806.2,629.0
1753769535946,06:12:15.946,coincatch,BTC/USDT:USDT,118799.9,1.4049,118799.8,0.01,118800.0,0.0013,118806.1,1.5244
1753769535963,06:12:15.963,binanceusdm,BTC/USDT:USDT,118806.0,13.781,118805.9,0.005,118806.1,7.259,118806.2,0.006
1753769535963,06:12:15.963,binance,BTC/USDT:USDT,118806.0,13.781,118805.9,0.005,118806.1,7.259,118806.2,0.006
1753769536000,06:12:16.000,bitfinex,BTC/USDT:USDT,118930.0,1.26607886,118920.0,0.53211689,118940.0,0.15655,118950.0,0.19175678
1753769535916,06:12:15.916,bitmex,BTC/USDT:USDT,118866.4,1900.0,118863.4,1900.0,118866.5,6200.0,118866.7,6200.0
1753769535968,06:12:15.968,ascendex,BTC/USDT:USDT,118805.9,3.5592,118805.8,3.3228,118806.2,1.54695,118806.3,2.9406
1753769535986,06:12:15.986,bitget,BTC/USDT:USDT,118793.2,35.8521,118793.1,0.6025,118793.3,0.0421,118797.7,0.0019
1753769535965,06:12:15.965,bitmex,BTC/USDT:USDT,118863.6,1900.0,118863.5,18600.0,118866.5,6200.0,118866.7,6200.0
1753769536014,06:12:16.014,bitmex,BTC/USDT:USDT,118863.6,1900.0,118863.5,18600.0,118866.5,6200.0,118866.7,6200.0
1753769536066,06:12:16.066,binance,BTC/USDT:USDT,118806.0,14.02,118805.9,0.005,118806.1,6.428,118806.2,0.031
1753769536066,06:12:16.066,binanceusdm,BTC/USDT:USDT,118806.0,14.02,118805.9,0.005,118806.1,6.428,118806.2,0.031
1753769536061,06:12:16.061,coincatch,BTC/USDT:USDT,118799.9,1.4049,118799.8,0.01,118800.0,0.0013,118806.1,1.5244
1753769536000,06:12:16.000,gate,BTC/USDT:USDT,118783.1,9642.0,118782.8,1946.0,118783.2,17081.0,118783.3,1.0
1753769536141,06:12:16.141,bybit,BTC/USDT:USDT,118839.8,16.581,118839.7,0.002,118839.9,10.37,118840.0,0.34
1753769536063,06:12:16.063,bitmex,BTC/USDT:USDT,118863.7,18600.0,118861.5,6200.0,118866.5,6200.0,118866.7,6200.0
1753769536121,06:12:16.121,gate,BTC/USDT:USDT,118783.1,92560.0,118782.8,1946.0,118783.2,17081.0,118783.3,1.0
1753769536112,06:12:16.112,bitmex,BTC/USDT:USDT,118863.7,18600.0,118861.5,6200.0,118866.5,6200.0,118866.7,6200.0
1753769535924,06:12:15.924,blofin,BTC/USDT:USDT,118841.5,1227.0,118841.4,1364.0,118841.6,901.1,118841.9,143.0
1753769536169,06:12:16.169,binance,BTC/USDT:USDT,118806.0,14.033,118805.9,0.005,118806.1,6.429,118806.2,0.029
1753769536169,06:12:16.169,binanceusdm,BTC/USDT:USDT,118806.0,14.033,118805.9,0.005,118806.1,6.429,118806.2,0.029
1753769536208,06:12:16.208,bitfinex,BTC/USDT:USDT,118930.0,1.26607886,118920.0,0.53211689,118940.0,0.15655,118950.0,0.19175678
1753769536209,06:12:16.209,bitfinex,BTC/USDT:USDT,118930.0,1.26607886,118920.0,0.53211689,118940.0,0.15655,118950.0,0.19175678
1753769536209,06:12:16.209,bitfinex,BTC/USDT:USDT,118930.0,1.26607886,118920.0,0.53211689,118940.0,0.15655,118950.0,0.19175678
1753769536163,06:12:16.163,coincatch,BTC/USDT:USDT,118799.9,1.4049,118799.8,0.01,118800.0,0.0013,118806.1,1.3499
1753769536186,06:12:16.186,bitget,BTC/USDT:USDT,118793.2,35.8519,118793.1,0.6025,118793.3,0.1081,118797.7,0.0019
1753769536241,06:12:16.241,bybit,BTC/USDT:USDT,118839.8,16.581,118839.7,0.002,118839.9,10.37,118840.0,0.34
1753769536218,06:12:16.218,gate,BTC/USDT:USDT,118783.1,9642.0,118782.8,1946.0,118783.2,17081.0,118783.3,1.0
1753769536195,06:12:16.195,bitmex,BTC/USDT:USDT,118863.8,1900.0,118863.7,18600.0,118866.5,6200.0,118866.7,6200.0
1753769536272,06:12:16.272,binance,BTC/USDT:USDT,118806.0,14.034,118805.9,0.005,118806.1,6.416,118806.2,0.029
1753769536272,06:12:16.272,binanceusdm,BTC/USDT:USDT,118806.0,14.034,118805.9,0.005,118806.1,6.416,118806.2,0.029
1753769536286,06:12:16.286,bitget,BTC/USDT:USDT,118793.2,35.8519,118793.1,0.6025,118793.3,0.2562,118797.7,0.0019
1753769536244,06:12:16.244,bitmex,BTC/USDT:USDT,118863.7,18600.0,118861.5,6200.0,118866.5,6200.0,118866.7,6200.0
1753769536226,06:12:16.226,ascendex,BTC/USDT:USDT,118805.9,3.06375,118805.8,3.3228,118806.2,3.03735,118806.3,2.9406
1753769536342,06:12:16.342,bybit,BTC/USDT:USDT,118839.8,16.581,118839.7,0.002,118839.9,10.37,118840.0,0.34
1753769536310,06:12:16.310,coincatch,BTC/USDT:USDT,118799.9,1.4049,118799.8,0.01,118800.0,0.0013,118806.1,1.3499
1753769536309,06:12:16.309,gate,BTC/USDT:USDT,118783.1,9642.0,118782.8,1946.0,118783.2,17081.0,118783.3,1.0
1753769536373,06:12:16.373,binanceusdm,BTC/USDT:USDT,118806.0,14.122,118805.9,0.005,118806.1,7.248,118806.2,0.029
1753769536373,06:12:16.373,binance,BTC/USDT:USDT,118806.0,14.122,118805.9,0.005,118806.1,7.248,118806.2,0.029
1753769536385,06:12:16.385,bitget,BTC/USDT:USDT,118793.2,35.8536,118793.1,0.6025,118793.3,0.9479,118797.7,0.0019
1753769536442,06:12:16.442,bybit,BTC/USDT:USDT,118839.8,16.581,118839.7,0.002,118839.9,10.38,118840.0,0.34
1753769536420,06:12:16.420,gate,BTC/USDT:USDT,118783.1,78857.0,118782.8,1947.0,118783.2,17081.0,118783.3,1.0
1753769536381,06:12:16.381,bitmex,BTC/USDT:USDT,118863.7,18600.0,118861.5,6200.0,118866.5,6200.0,118866.7,6200.0
1753769536504,06:12:16.504,bitfinex,BTC/USDT:USDT,118930.0,1.26607886,118920.0,0.53211689,118940.0,0.15655,118950.0,0.19175678
1753769536505,06:12:16.505,bitfinex,BTC/USDT:USDT,118930.0,1.26607886,118920.0,0.53211689,118940.0,0.15655,118950.0,0.19175678
1753769536505,06:12:16.505,bitfinex,BTC/USDT:USDT,118930.0,1.26607886,118920.0,0.53211689,118940.0,0.15655,118950.0,0.19175678
1753769536476,06:12:16.476,binance,BTC/USDT:USDT,118806.0,14.138,118805.9,0.005,118806.1,6.95,118806.2,0.029
1753769536476,06:12:16.476,binanceusdm,BTC/USDT:USDT,118806.0,14.138,118805.9,0.005,118806.1,6.95,118806.2,0.029
1753769536430,06:12:16.430,bitmex,BTC/USDT:USDT,118863.8,1900.0,118863.7,18600.0,118866.5,6200.0,118866.7,6200.0
1753769536520,06:12:16.520,gate,BTC/USDT:USDT,118783.1,9646.0,118782.8,1947.0,118783.2,17081.0,118783.3,1.0
1753769536541,06:12:16.541,bybit,BTC/USDT:USDT,118839.8,16.581,118839.7,0.002,118839.9,10.38,118840.0,0.34
1753769536479,06:12:16.479,bitmex,BTC/USDT:USDT,118866.4,1900.0,118863.7,9300.0,118866.5,6200.0,118866.7,6200.0
1753769536547,06:12:16.547,coincatch,BTC/USDT:USDT,118799.9,1.4049,118799.8,0.01,118800.0,0.0013,118806.1,1.3474
1753769536528,06:12:16.528,bitmex,BTC/USDT:USDT,118866.4,1900.0,118864.1,9300.0,118866.5,6200.0,118866.7,6200.0
1753769536580,06:12:16.580,binance,BTC/USDT:USDT,118806.0,14.057,118805.9,0.005,118806.1,7.493,118806.2,0.029
1753769536580,06:12:16.580,binanceusdm,BTC/USDT:USDT,118806.0,14.057,118805.9,0.005,118806.1,7.493,118806.2,0.029
1753769536586,06:12:16.586,bitget,BTC/USDT:USDT,118793.2,35.8536,118793.1,0.6025,118793.3,0.8819,118797.7,0.0019
1753769536641,06:12:16.641,bybit,BTC/USDT:USDT,118839.8,16.581,118839.7,0.002,118839.9,10.38,118840.0,0.34
1753769536586,06:12:16.586,ascendex,BTC/USDT:USDT,118805.9,3.24975,118805.8,3.3228,118806.2,2.9574,118806.3,3.16485
1753769536615,06:12:16.615,gate,BTC/USDT:USDT,118783.1,9646.0,118782.8,610.0,118783.2,17081.0,118783.3,1.0
1753769536577,06:12:16.577,bitmex,BTC/USDT:USDT,118864.1,9300.0,118863.7,9300.0,118866.5,6200.0,118866.7,6200.0
1753769536626,06:12:16.626,bitmex,BTC/USDT:USDT,118864.2,1900.0,118864.1,9300.0,118866.5,6200.0,118866.7,6200.0
1753769536683,06:12:16.683,binance,BTC/USDT:USDT,118806.0,14.057,118805.9,0.005,118806.1,7.519,118806.2,0.029
1753769536683,06:12:16.683,binanceusdm,BTC/USDT:USDT,118806.0,14.057,118805.9,0.005,118806.1,7.519,118806.2,0.029
1753769536686,06:12:16.686,bitget,BTC/USDT:USDT,118793.2,35.8536,118793.1,0.6025,118793.3,0.9479,118797.7,0.0019
1753769536741,06:12:16.741,bybit,BTC/USDT:USDT,118839.8,16.581,118839.7,0.002,118839.9,10.335,118840.0,0.34
1753769536715,06:12:16.715,gate,BTC/USDT:USDT,118783.1,9646.0,118782.8,610.0,118783.2,17081.0,118783.3,1.0
1753769536761,06:12:16.761,coincatch,BTC/USDT:USDT,118799.9,1.4049,118799.8,0.01,118800.0,0.0013,118806.1,1.5735
1753769536786,06:12:16.786,binanceusdm,BTC/USDT:USDT,118806.0,14.053,118805.9,0.005,118806.1,6.982,118806.2,0.029
1753769536786,06:12:16.786,binance,BTC/USDT:USDT,118806.0,14.053,118805.9,0.005,118806.1,6.982,118806.2,0.029
1753769536786,06:12:16.786,bitget,BTC/USDT:USDT,118793.2,35.8536,118793.1,0.6025,118793.3,0.9081,118797.7,0.0019
1753769536841,06:12:16.841,bybit,BTC/USDT:USDT,118839.8,16.581,118839.7,0.002,118839.9,10.335,118840.0,0.34
1753769536759,06:12:16.759,bitmex,BTC/USDT:USDT,118864.2,1900.0,118864.1,9300.0,118866.5,5000.0,118866.7,6200.0
1753769536820,06:12:16.820,gate,BTC/USDT:USDT,118783.1,10165.0,118782.8,610.0,118783.2,17081.0,118783.3,1.0
1753769536628,06:12:16.628,blofin,BTC/USDT:USDT,118841.5,896.0,118841.4,1005.0,118841.6,869.1,118841.9,399.0
1753769536809,06:12:16.809,bitmex,BTC/USDT:USDT,118864.5,1900.0,118864.4,9300.0,118866.5,5000.0,118866.7,6200.0
1753769536903,06:12:16.903,bitfinex,BTC/USDT:USDT,118930.0,1.26607886,118920.0,0.53211689,118940.0,0.15655,118950.0,0.19175678
1753769536862,06:12:16.862,coincatch,BTC/USDT:USDT,118799.9,1.4049,118799.8,0.01,118800.0,0.0013,118806.1,1.3064
1753769536888,06:12:16.888,binanceusdm,BTC/USDT:USDT,118806.0,14.118,118805.9,0.005,118806.1,6.221,118806.2,0.029
1753769536888,06:12:16.888,binance,BTC/USDT:USDT,118806.0,14.118,118805.9,0.005,118806.1,6.221,118806.2,0.029
1753769536887,06:12:16.887,bitget,BTC/USDT:USDT,118793.2,36.2744,118793.1,0.6025,118793.3,0.9081,118797.7,0.0019
1753769536942,06:12:16.942,bybit,BTC/USDT:USDT,118839.8,16.581,118839.7,0.002,118839.9,10.335,118840.0,0.34
1753769536858,06:12:16.858,bitmex,BTC/USDT:USDT,118866.4,20500.0,118864.4,6200.0,118866.5,5000.0,118866.7,6200.0
1753769536852,06:12:16.852,ascendex,BTC/USDT:USDT,118805.9,3.2538,118805.8,3.3228,118806.2,3.42375,118806.3,3.16485
1753769536911,06:12:16.911,gate,BTC/USDT:USDT,118783.1,10165.0,118782.8,1887.0,118783.2,17081.0,118783.3,1.0
1753769536907,06:12:16.907,bitmex,BTC/USDT:USDT,118866.4,18600.0,118864.4,6200.0,118866.5,5000.0,118866.7,6200.0
1753769537744,06:12:17.744,bitfinex,BTC/USDT:USDT,118930.0,1.26607886,118920.0,0.53211689,118940.0,0.15655,118950.0,0.19175678
1753769537644,06:12:17.644,bybit,BTC/USDT:USDT,118849.9,17.921,118849.8,0.046,118850.0,0.011,118850.1,0.006
1753769537606,06:12:17.606,gate,BTC/USDT:USDT,118783.1,15622.0,118782.8,1887.0,118783.2,17081.0,118783.3,1.0
1753769537197,06:12:17.197,ascendex,BTC/USDT:USDT,118805.9,3.07455,118805.8,3.3228,118806.2,2.96145,118806.3,3.16485
1753769537516,06:12:17.516,bitmart,BTC/USDT:USDT,118806.0,16165.0,118805.9,671.0,118806.1,14830.0,118806.2,629.0
1753769537529,06:12:17.529,ascendex,BTC/USDT:USDT,118805.9,3.34545,118805.8,3.3228,118806.2,3.53565,118806.3,3.16485
1753769537721,06:12:17.721,gate,BTC/USDT:USDT,118802.3,13966.0,118802.0,2364.0,118802.4,8608.0,118803.1,80.0
1753769537900,06:12:17.900,bitfinex,BTC/USDT:USDT,118930.0,1.68423886,118920.0,0.53211689,118940.0,0.11,118970.0,0.144
1753769537706,06:12:17.706,binance,BTC/USDT:USDT,118822.2,5.899,118821.6,0.019,118822.8,0.038,118822.9,0.002
1753769537713,06:12:17.713,coincatch,BTC/USDT:USDT,118806.0,25.2532,118805.9,0.0105,118819.5,0.4917,118822.8,1.2841
1753769537954,06:12:17.954,bitfinex,BTC/USDT:USDT,118930.0,1.68423886,118920.0,0.53211689,118940.0,0.11,118970.0,0.144
1753769537822,06:12:17.822,gate,BTC/USDT:USDT,118811.5,105.0,118808.0,164.0,118811.6,25237.0,118812.1,462.0
1753769537787,06:12:17.787,bitget,BTC/USDT:USDT,118822.8,17.3137,118820.4,0.8651,118822.9,5.6335,118823.0,0.4
1753769537534,06:12:17.534,blofin,BTC/USDT:USDT,118841.5,1071.0,118841.4,1248.0,118841.6,530.1,118841.9,639.0
1753769537908,06:12:17.908,binanceusdm,BTC/USDT:USDT,118824.9,5.617,118824.7,1.241,118825.0,0.326,118825.3,0.002
1753769537844,06:12:17.844,bybit,BTC/USDT:USDT,118862.1,3.769,118861.1,0.096,118862.2,10.421,118869.2,0.15
1753769537811,06:12:17.811,ascendex,BTC/USDT:USDT,118822.9,1.77795,118822.8,1.44075,118823.3,3.0282,118823.4,2.67885
1753769537921,06:12:17.921,gate,BTC/USDT:USDT,118811.5,1376.0,118810.0,164.0,118811.6,26383.0,118812.1,462.0
1753769537886,06:12:17.886,bitget,BTC/USDT:USDT,118822.8,32.2535,118822.6,1.367,118822.9,5.8032,118823.0,0.4
1753769538041,06:12:18.041,bitfinex,BTC/USDT:USDT,118940.0,0.0420375,118930.0,1.83821718,118970.0,0.05247,118980.0,0.2102371
1753769538059,06:12:18.059,bitfinex,BTC/USDT:USDT,118940.0,0.0420375,118930.0,1.83821718,118970.0,0.05247,118980.0,0.2102371
1753769538020,06:12:18.020,gate,BTC/USDT:USDT,118811.5,105.0,118808.0,164.0,118811.6,27583.0,118812.1,462.0
1753769538042,06:12:18.042,bybit,BTC/USDT:USDT,118862.1,3.73,118861.1,0.096,118862.2,10.56,118862.3,0.001
1753769538009,06:12:18.009,binance,BTC/USDT:USDT,118824.9,18.223,118824.8,0.172,118825.0,3.953,118825.1,0.006
1753769538009,06:12:18.009,binanceusdm,BTC/USDT:USDT,118824.9,18.223,118824.8,0.172,118825.0,3.953,118825.1,0.006
1753769537995,06:12:17.995,bitmex,BTC/USDT:USDT,118877.2,22800.0,118877.0,6200.0,118877.3,6000.0,118878.3,12000.0
1753769538142,06:12:18.142,bybit,BTC/USDT:USDT,118862.1,4.237,118861.1,0.096,118862.2,11.144,118862.3,0.001
1753769538110,06:12:18.110,binanceusdm,BTC/USDT:USDT,118824.9,16.413,118824.8,0.216,118825.0,2.93,118825.1,0.004
1753769538110,06:12:18.110,binance,BTC/USDT:USDT,118824.9,16.413,118824.8,0.216,118825.0,2.93,118825.1,0.004
1753769538113,06:12:18.113,gate,BTC/USDT:USDT,118811.5,1063.0,118808.0,164.0,118811.6,26374.0,118812.1,462.0
1753769538120,06:12:18.120,bitmart,BTC/USDT:USDT,118824.5,4444.0,118824.4,207.0,118825.0,6751.0,118825.1,693.0
1753769538093,06:12:18.093,bitmex,BTC/USDT:USDT,118877.2,43300.0,118877.0,6200.0,118877.3,6000.0,118878.3,12000.0
1753769538093,06:12:18.093,bitmex,BTC/USDT:USDT,118877.2,43300.0,118877.0,6200.0,118877.3,6000.0,118878.3,12000.0
1753769538218,06:12:18.218,bitfinex,BTC/USDT:USDT,118960.0,0.44820862,118950.0,0.7989428,118970.0,0.24181,118980.0,0.2522641
1753769538219,06:12:18.219,bitfinex,BTC/USDT:USDT,118960.0,0.44820862,118950.0,0.7989428,118970.0,0.24181,118980.0,0.2522641
1753769538138,06:12:18.138,ascendex,BTC/USDT:USDT,118824.8,1.9395,118824.7,2.1048,118825.1,1.72755,118825.2,3.47325
1753769538142,06:12:18.142,bitmex,BTC/USDT:USDT,118877.2,43300.0,118877.0,6200.0,118877.3,6000.0,118878.3,12000.0
1753769538187,06:12:18.187,bitget,BTC/USDT:USDT,118822.8,25.1688,118822.6,1.367,118822.9,9.1695,118823.0,0.4
1753769538242,06:12:18.242,bybit,BTC/USDT:USDT,118862.1,4.294,118861.1,0.096,118862.2,11.059,118862.3,0.001
1753769538213,06:12:18.213,binanceusdm,BTC/USDT:USDT,118824.9,16.346,118824.8,0.216,118825.0,4.139,118825.3,0.002
1753769538213,06:12:18.213,binance,BTC/USDT:USDT,118824.9,16.346,118824.8,0.216,118825.0,4.139,118825.3,0.002
1753769538216,06:12:18.216,gate,BTC/USDT:USDT,118811.5,1063.0,118808.0,164.0,118811.6,27225.0,118812.1,462.0
1753769538191,06:12:18.191,bitmex,BTC/USDT:USDT,118877.2,43300.0,118877.0,6200.0,118877.3,6000.0,118878.3,12000.0
1753769538289,06:12:18.289,bitget,BTC/USDT:USDT,118822.8,25.1688,118822.6,1.367,118822.9,9.1695,118823.0,0.4
1753769538254,06:12:18.254,bitmex,BTC/USDT:USDT,118877.2,43300.0,118877.0,6200.0,118877.3,6000.0,118878.3,12000.0
1753769538342,06:12:18.342,bybit,BTC/USDT:USDT,118862.1,4.578,118861.1,0.096,118862.2,11.067,118862.3,0.001
1753769538316,06:12:18.316,binance,BTC/USDT:USDT,118824.9,16.363,118824.8,0.216,118825.0,4.125,118825.3,0.002
1753769538316,06:12:18.316,binanceusdm,BTC/USDT:USDT,118824.9,16.363,118824.8,0.216,118825.0,4.125,118825.3,0.002
1753769538314,06:12:18.314,coincatch,BTC/USDT:USDT,118819.2,1.3251,118819.1,2.1042,118819.5,0.4917,118825.0,0.7316
1753769538204,06:12:18.204,deribit,BTC/USDT:USDT,118826.0,0.223,118783.0,0.727,118939.0,0.223,118940.0,0.727
1753769538321,06:12:18.321,gate,BTC/USDT:USDT,118811.5,105.0,118808.0,166.0,118811.6,27225.0,118812.1,462.0
1753769538303,06:12:18.303,bitmex,BTC/USDT:USDT,118877.2,43300.0,118877.0,6200.0,118877.3,6000.0,118878.3,12000.0
1753769538409,06:12:18.409,bitfinex,BTC/USDT:USDT,118960.0,0.44820862,118950.0,0.8409789,118970.0,0.24181,118980.0,0.2522641
1753769538410,06:12:18.410,bitfinex,BTC/USDT:USDT,118960.0,0.44820862,118950.0,0.8409789,118970.0,0.51733,118980.0,0.2522641
1753769538390,06:12:18.390,bitget,BTC/USDT:USDT,118822.8,25.1688,118822.6,1.367,118822.9,10.433,118823.0,0.4
1753769538441,06:12:18.441,bybit,BTC/USDT:USDT,118862.1,4.578,118861.1,0.096,118862.2,11.067,118862.3,0.001
1753769538418,06:12:18.418,binance,BTC/USDT:USDT,118824.9,16.531,118824.8,0.216,118825.0,4.229,118825.3,0.002
1753769538418,06:12:18.418,binanceusdm,BTC/USDT:USDT,118824.9,16.531,118824.8,0.216,118825.0,4.229,118825.3,0.002
1753769538418,06:12:18.418,gate,BTC/USDT:USDT,118811.5,105.0,118808.0,164.0,118811.6,26504.0,118812.1,462.0
1753769538371,06:12:18.371,bitmex,BTC/USDT:USDT,118877.2,43300.0,118877.0,6200.0,118877.3,6000.0,118878.3,12000.0
1753769538462,06:12:18.462,coincatch,BTC/USDT:USDT,118819.4,0.01,118819.3,1.7157,118819.5,0.4917,118825.0,0.8085
1753769538490,06:12:18.490,bitget,BTC/USDT:USDT,118822.8,25.1688,118822.6,1.367,118822.9,10.433,118823.0,0.4
1753769538452,06:12:18.452,ascendex,BTC/USDT:USDT,118824.8,1.96635,118824.7,2.1048,118825.1,1.7088,118825.2,3.47325
1753769538541,06:12:18.541,bybit,BTC/USDT:USDT,118862.1,4.578,118861.1,0.096,118862.2,11.067,118862.3,0.001
1753769538259,06:12:18.259,blofin,BTC/USDT:USDT,118870.8,1114.0,118870.7,236.0,118870.9,7632.0,118871.0,292.0
1753769538514,06:12:18.514,gate,BTC/USDT:USDT,118811.5,1063.0,118808.0,164.0,118811.6,27704.0,118812.1,462.0
1753769538519,06:12:18.519,binance,BTC/USDT:USDT,118824.9,16.566,118824.8,0.216,118825.0,3.951,118825.3,0.002
1753769538519,06:12:18.519,binanceusdm,BTC/USDT:USDT,118824.9,16.566,118824.8,0.216,118825.0,3.951,118825.3,0.002
1753769538516,06:12:18.516,bitmart,BTC/USDT:USDT,118824.9,16579.0,118824.8,578.0,118825.0,12701.0,118825.1,693.0
1753769538562,06:12:18.562,coincatch,BTC/USDT:USDT,118819.4,0.01,118819.3,1.7157,118819.5,0.4917,118825.0,0.8085
1753769538590,06:12:18.590,bitget,BTC/USDT:USDT,118822.8,25.1688,118822.6,1.367,118822.9,10.433,118823.0,0.4
1753769538641,06:12:18.641,bybit,BTC/USDT:USDT,118862.1,4.5,118861.1,0.096,118862.2,11.067,118862.3,0.001
1753769538622,06:12:18.622,binanceusdm,BTC/USDT:USDT,118824.9,16.586,118824.8,0.216,118825.0,3.014,118825.3,0.002
1753769538622,06:12:18.622,binance,BTC/USDT:USDT,118824.9,16.586,118824.8,0.216,118825.0,3.014,118825.3,0.002
1753769538619,06:12:18.619,gate,BTC/USDT:USDT,118811.5,75251.0,118808.0,164.0,118811.6,26504.0,118812.1,462.0
1753769538492,06:12:18.492,deribit,BTC/USDT:USDT,118826.0,0.223,118783.0,0.727,118939.0,0.223,118940.0,0.727
1753769538711,06:12:18.711,bitfinex,BTC/USDT:USDT,118960.0,0.44820862,118950.0,0.8409789,118970.0,0.51733,118980.0,0.2522641
1753769538712,06:12:18.712,bitfinex,BTC/USDT:USDT,118960.0,0.44820862,118950.0,0.8409789,118970.0,0.51733,118980.0,0.2522641
1753769538714,06:12:18.714,bitfinex,BTC/USDT:USDT,118960.0,0.44820862,118950.0,0.8409789,118970.0,0.51733,118980.0,0.2522641
1753769538662,06:12:18.662,coincatch,BTC/USDT:USDT,118819.4,2.1042,118819.3,1.7157,118819.5,0.4917,118825.0,0.8868
1753769538690,06:12:18.690,bitget,BTC/USDT:USDT,118822.8,23.7691,118822.6,1.367,118822.9,10.433,118823.0,0.4
1753769538742,06:12:18.742,bybit,BTC/USDT:USDT,118862.1,1.94,118861.0,0.001,118862.2,12.065,118862.3,0.001
1753769538666,06:12:18.666,bitmex,BTC/USDT:USDT,118877.2,43300.0,118877.0,6200.0,118877.3,6000.0,118878.3,12000.0
1753769538723,06:12:18.723,binanceusdm,BTC/USDT:USDT,118824.9,14.767,118824.8,0.218,118825.0,6.807,118825.1,0.002
1753769538723,06:12:18.723,binance,BTC/USDT:USDT,118824.9,14.767,118824.8,0.218,118825.0,6.807,118825.1,0.002
1753769538720,06:12:18.720,gate,BTC/USDT:USDT,118805.7,2229.0,118804.0,164.0,118805.8,31047.0,118808.0,11023.0
1753769538719,06:12:18.719,bitmart,BTC/USDT:USDT,118824.9,15812.0,118824.8,578.0,118825.0,12883.0,118825.1,693.0
1753769538715,06:12:18.715,bitmex,BTC/USDT:USDT,118877.2,43300.0,118877.0,6200.0,118877.3,6000.0,118878.3,12000.0
1753769538762,06:12:18.762,coincatch,BTC/USDT:USDT,118819.4,2.1042,118819.3,1.7157,118819.5,0.4917,118825.0,0.8868
1753769538792,06:12:18.792,bitget,BTC/USDT:USDT,118822.8,23.7893,118822.6,1.367,118822.9,11.3565,118823.0,0.4
1753769538841,06:12:18.841,bybit,BTC/USDT:USDT,118862.1,0.253,118861.0,0.001,118862.2,12.075,118862.3,0.001
1753769538746,06:12:18.746,ascendex,BTC/USDT:USDT,118824.8,1.3401,118824.7,2.1048,118825.1,1.4463,118825.2,3.47325
1753769538820,06:12:18.820,gate,BTC/USDT:USDT,118805.2,151.0,118803.3,182.0,118805.3,21995.0,118805.6,14958.0
1753769538825,06:12:18.825,binanceusdm,BTC/USDT:USDT,118824.9,12.053,118824.8,0.218,118825.0,7.545,118825.1,0.002
1753769538825,06:12:18.825,binance,BTC/USDT:USDT,118824.9,12.053,118824.8,0.218,118825.0,7.545,118825.1,0.002
1753769538928,06:12:18.928,bitfinex,BTC/USDT:USDT,118960.0,0.44820862,118950.0,0.8409789,118970.0,1.2243861,118980.0,0.1261809
1753769538932,06:12:18.932,bitfinex,BTC/USDT:USDT,118960.0,0.44820862,118950.0,0.8409789,118970.0,1.2243861,118980.0,0.1261809
1753769538892,06:12:18.892,bitget,BTC/USDT:USDT,118822.8,3.5317,118822.0,1.367,118822.9,11.9502,118823.0,0.4
1753769538921,06:12:18.921,gate,BTC/USDT:USDT,118803.3,2.0,118799.8,60.0,118803.4,38629.0,118805.1,7087.0
1753769538960,06:12:18.960,bitmex,BTC/USDT:USDT,118871.4,28900.0,118871.3,6200.0,118876.8,54400.0,118877.3,6000.0
1753769539020,06:12:19.020,gate,BTC/USDT:USDT,118803.3,153.0,118799.8,60.0,118803.4,34996.0,118805.1,7087.0
1753769539197,06:12:19.197,bitfinex,BTC/USDT:USDT,118960.0,0.44820862,118950.0,0.8409789,118970.0,1.2243861,118980.0,0.1261809
1753769539221,06:12:19.221,bitfinex,BTC/USDT:USDT,118960.0,0.44820862,118950.0,0.8409789,118970.0,1.2243861,118980.0,0.40625922
1753769539118,06:12:19.118,gate,BTC/USDT:USDT,118803.3,2382.0,118800.0,164.0,118803.4,32285.0,118805.1,7087.0
1753769539072,06:12:19.072,ascendex,BTC/USDT:USDT,118824.8,3.9669,118824.7,2.1048,118825.1,3.5031,118825.2,3.47325
1753769538959,06:12:18.959,blofin,BTC/USDT:USDT,118863.2,312.0,118863.1,152.0,118863.3,13703.0,118863.4,344.0
1753769539232,06:12:19.232,binance,BTC/USDT:USDT,118824.9,5.925,118824.8,0.214,118825.0,11.827,118825.1,0.008
1753769539218,06:12:19.218,gate,BTC/USDT:USDT,118803.3,85677.0,118802.0,164.0,118803.4,32484.0,118805.1,7087.0
1753769539248,06:12:19.248,coincatch,BTC/USDT:USDT,118819.3,0.01,118819.2,1.3251,118819.5,0.4917,118825.0,2.8377
1753769539206,06:12:19.206,bitmex,BTC/USDT:USDT,118877.2,1900.0,118871.9,9300.0,118877.3,6000.0,118878.3,12000.0
1753769539312,06:12:19.312,bitfinex,BTC/USDT:USDT,118960.0,0.44820862,118950.0,0.8409789,118970.0,1.2243861,118980.0,0.40625922
1753769539313,06:12:19.313,bitfinex,BTC/USDT:USDT,118960.0,0.44820862,118950.0,0.8409789,118970.0,1.2243861,118980.0,0.40625922
1753769539293,06:12:19.293,bitget,BTC/USDT:USDT,118822.8,4.2314,118820.2,2.9453,118822.9,16.6574,118823.0,0.4
1753769539343,06:12:19.343,bybit,BTC/USDT:USDT,118861.0,3.579,118860.0,0.166,118861.1,5.891,118861.9,1.151
1753769539321,06:12:19.321,gate,BTC/USDT:USDT,118803.3,2548.0,118802.0,164.0,118803.4,30669.0,118805.1,7087.0
1753769539335,06:12:19.335,binanceusdm,BTC/USDT:USDT,118824.9,7.451,118824.8,0.214,118825.0,9.743,118825.1,0.008
1753769539335,06:12:19.335,binance,BTC/USDT:USDT,118824.9,7.451,118824.8,0.214,118825.0,9.743,118825.1,0.008
1753769539363,06:12:19.363,coincatch,BTC/USDT:USDT,118819.3,0.01,118819.2,1.3251,118819.5,0.4917,118825.0,2.8377
1753769539353,06:12:19.353,bitmex,BTC/USDT:USDT,118877.2,1900.0,118871.6,14600.0,118877.3,6000.0,118878.3,12000.0
1753769539441,06:12:19.441,bybit,BTC/USDT:USDT,118861.0,6.067,118860.0,0.166,118861.1,5.999,118861.9,1.151
1753769539419,06:12:19.419,gate,BTC/USDT:USDT,118803.3,3586.0,118802.0,164.0,118803.4,30470.0,118805.1,7087.0
