timestamp,time,exchange,symbol,bid1_price,bid1_volume,bid2_price,bid2_volume,ask1_price,ask1_volume,ask2_price,ask2_volume
1753769298899,06:08:18.899,binance,BTC/USDT:USDT,118773.9,0.312,118773.8,0.004,118774.0,31.643,118774.1,0.002
1753769299000,06:08:19.000,binance,BTC/USDT:USDT,118773.7,0.062,118773.3,0.002,118773.8,34.764,118773.9,6.455
1753769299101,06:08:19.101,binance,BTC/USDT:USDT,118773.7,0.115,118773.3,0.002,118773.8,31.924,118773.9,1.04
1753769299101,06:08:19.101,binanceusdm,BTC/USDT:USDT,118773.7,0.115,118773.3,0.002,118773.8,31.924,118773.9,1.04
1753769299202,06:08:19.202,binanceusdm,BTC/USDT:USDT,118773.7,0.128,118773.3,0.002,118773.8,30.733,118773.9,0.892
1753769299202,06:08:19.202,binance,BTC/USDT:USDT,118773.7,0.128,118773.3,0.002,118773.8,30.733,118773.9,0.892
1753769299304,06:08:19.304,binanceusdm,BTC/USDT:USDT,118773.7,0.078,118773.3,0.002,118773.8,33.35,118773.9,1.238
1753769299304,06:08:19.304,binance,BTC/USDT:USDT,118773.7,0.078,118773.3,0.002,118773.8,33.35,118773.9,1.238
1753769299405,06:08:19.405,binanceusdm,BTC/USDT:USDT,118773.7,0.132,118773.6,0.006,118773.8,31.17,118773.9,1.238
1753769299405,06:08:19.405,binance,BTC/USDT:USDT,118773.7,0.132,118773.6,0.006,118773.8,31.17,118773.9,1.238
1753769299506,06:08:19.506,binanceusdm,BTC/USDT:USDT,118773.7,0.154,118773.6,0.006,118773.8,31.154,118773.9,1.238
1753769299506,06:08:19.506,binance,BTC/USDT:USDT,118773.7,0.154,118773.6,0.006,118773.8,31.154,118773.9,1.238
1753769299607,06:08:19.607,binanceusdm,BTC/USDT:USDT,118773.7,0.159,118773.6,0.006,118773.8,31.154,118773.9,1.238
1753769299607,06:08:19.607,binance,BTC/USDT:USDT,118773.7,0.159,118773.6,0.006,118773.8,31.154,118773.9,1.238
1753769300119,06:08:20.119,binanceusdm,BTC/USDT:USDT,118772.1,0.138,118772.0,0.034,118772.2,29.072,118772.3,0.975
1753769300119,06:08:20.119,binance,BTC/USDT:USDT,118772.1,0.138,118772.0,0.034,118772.2,29.072,118772.3,0.975
1753769300220,06:08:20.220,binanceusdm,BTC/USDT:USDT,118772.1,0.14,118772.0,0.034,118772.2,28.283,118772.3,0.748
1753769300220,06:08:20.220,binance,BTC/USDT:USDT,118772.1,0.14,118772.0,0.034,118772.2,28.283,118772.3,0.748
1753769300323,06:08:20.323,binanceusdm,BTC/USDT:USDT,118772.1,0.14,118772.0,0.034,118772.2,28.334,118772.3,0.75
1753769300323,06:08:20.323,binance,BTC/USDT:USDT,118772.1,0.14,118772.0,0.034,118772.2,28.334,118772.3,0.75
1753769300426,06:08:20.426,binanceusdm,BTC/USDT:USDT,118772.1,0.146,118772.0,0.034,118772.2,28.721,118772.3,0.754
1753769300426,06:08:20.426,binance,BTC/USDT:USDT,118772.1,0.146,118772.0,0.034,118772.2,28.721,118772.3,0.754
1753769300528,06:08:20.528,binanceusdm,BTC/USDT:USDT,118772.1,0.161,118772.0,0.034,118772.2,29.371,118772.3,0.752
1753769300528,06:08:20.528,binance,BTC/USDT:USDT,118772.1,0.161,118772.0,0.034,118772.2,29.371,118772.3,0.752
1753769300631,06:08:20.631,binanceusdm,BTC/USDT:USDT,118772.1,0.161,118772.0,0.034,118772.2,28.819,118772.3,0.752
1753769300631,06:08:20.631,binance,BTC/USDT:USDT,118772.1,0.161,118772.0,0.034,118772.2,28.819,118772.3,0.752
1753769300734,06:08:20.734,binanceusdm,BTC/USDT:USDT,118772.1,0.098,118772.0,0.034,118772.2,29.401,118772.3,0.752
1753769300734,06:08:20.734,binance,BTC/USDT:USDT,118772.1,0.098,118772.0,0.034,118772.2,29.401,118772.3,0.752
1753769300835,06:08:20.835,binance,BTC/USDT:USDT,118772.1,0.098,118772.0,0.034,118772.2,29.676,118772.3,0.752
1753769300936,06:08:20.936,binanceusdm,BTC/USDT:USDT,118772.1,0.132,118772.0,0.034,118772.2,28.834,118772.3,0.752
1753769300936,06:08:20.936,binance,BTC/USDT:USDT,118772.1,0.132,118772.0,0.034,118772.2,28.834,118772.3,0.752
1753769301242,06:08:21.242,binanceusdm,BTC/USDT:USDT,118772.1,0.146,118772.0,0.034,118772.2,29.088,118772.3,0.656
1753769301242,06:08:21.242,binance,BTC/USDT:USDT,118772.1,0.146,118772.0,0.034,118772.2,29.088,118772.3,0.656
1753769301344,06:08:21.344,binanceusdm,BTC/USDT:USDT,118771.8,0.001,118771.7,0.242,118771.9,3.736,118772.1,5.806
1753769301344,06:08:21.344,binance,BTC/USDT:USDT,118771.8,0.001,118771.7,0.242,118771.9,3.736,118772.1,5.806
1753769301445,06:08:21.445,binanceusdm,BTC/USDT:USDT,118771.7,0.248,118771.6,0.002,118771.8,38.902,118771.9,0.946
1753769301445,06:08:21.445,binance,BTC/USDT:USDT,118771.7,0.248,118771.6,0.002,118771.8,38.902,118771.9,0.946
1753769301546,06:08:21.546,binanceusdm,BTC/USDT:USDT,118771.7,0.249,118771.6,0.002,118771.8,37.248,118771.9,0.945
1753769301546,06:08:21.546,binance,BTC/USDT:USDT,118771.7,0.249,118771.6,0.002,118771.8,37.248,118771.9,0.945
1753769301647,06:08:21.647,binanceusdm,BTC/USDT:USDT,118771.7,0.249,118771.6,0.006,118771.8,37.52,118771.9,0.945
1753769301647,06:08:21.647,binance,BTC/USDT:USDT,118771.7,0.249,118771.6,0.006,118771.8,37.52,118771.9,0.945
1753769301748,06:08:21.748,binanceusdm,BTC/USDT:USDT,118771.7,0.121,118771.6,0.006,118771.8,36.417,118771.9,1.262
1753769301748,06:08:21.748,binance,BTC/USDT:USDT,118771.7,0.121,118771.6,0.006,118771.8,36.417,118771.9,1.262
1753769301850,06:08:21.850,binanceusdm,BTC/USDT:USDT,118771.7,0.121,118771.6,0.006,118771.8,36.421,118771.9,1.262
1753769301850,06:08:21.850,binance,BTC/USDT:USDT,118771.7,0.121,118771.6,0.006,118771.8,36.421,118771.9,1.262
1753769301951,06:08:21.951,binanceusdm,BTC/USDT:USDT,118771.7,0.118,118771.6,0.006,118771.8,37.043,118771.9,1.262
1753769301951,06:08:21.951,binance,BTC/USDT:USDT,118771.7,0.118,118771.6,0.006,118771.8,37.043,118771.9,1.262
1753769301822,06:08:21.822,bitget,BTC/USDT:USDT,118768.9,0.0022,118766.7,1.3868,118769.0,39.2473,118769.7,0.0065
1753769302023,06:08:22.023,bitget,BTC/USDT:USDT,118768.9,0.2483,118766.7,1.3868,118769.0,39.2344,118769.7,0.0065
1753769302054,06:08:22.054,binanceusdm,BTC/USDT:USDT,118771.7,0.118,118771.6,0.006,118771.8,37.043,118771.9,1.264
1753769302054,06:08:22.054,binance,BTC/USDT:USDT,118771.7,0.118,118771.6,0.006,118771.8,37.043,118771.9,1.264
1753769302425,06:08:22.425,bitget,BTC/USDT:USDT,118768.9,0.0018,118764.1,0.0271,118769.0,39.2348,118769.7,0.0065
1753769302525,06:08:22.525,bitget,BTC/USDT:USDT,118768.9,0.0022,118764.1,0.0271,118769.0,39.2344,118769.7,0.0065
1753769302562,06:08:22.562,binanceusdm,BTC/USDT:USDT,118770.3,0.163,118770.2,0.045,118770.4,33.005,118770.5,0.006
1753769302562,06:08:22.562,binance,BTC/USDT:USDT,118770.3,0.163,118770.2,0.045,118770.4,33.005,118770.5,0.006
1753769302625,06:08:22.625,bitget,BTC/USDT:USDT,118768.9,0.0022,118764.1,0.0271,118769.0,40.6079,118769.7,0.0065
1753769302663,06:08:22.663,binanceusdm,BTC/USDT:USDT,118770.3,0.163,118770.2,0.045,118770.4,32.635,118770.5,0.006
1753769302663,06:08:22.663,binance,BTC/USDT:USDT,118770.3,0.163,118770.2,0.045,118770.4,32.635,118770.5,0.006
1753769302725,06:08:22.725,bitget,BTC/USDT:USDT,118768.9,0.0022,118764.1,0.0271,118769.0,40.6079,118769.7,0.0065
1753769302765,06:08:22.765,binanceusdm,BTC/USDT:USDT,118770.3,0.163,118770.2,0.045,118770.4,33.257,118770.5,0.006
1753769302765,06:08:22.765,binance,BTC/USDT:USDT,118770.3,0.163,118770.2,0.045,118770.4,33.257,118770.5,0.006
1753769302868,06:08:22.868,binanceusdm,BTC/USDT:USDT,118770.3,0.163,118770.2,0.045,118770.4,32.204,118770.5,0.006
1753769302868,06:08:22.868,binance,BTC/USDT:USDT,118770.3,0.163,118770.2,0.045,118770.4,32.204,118770.5,0.006
1753769302925,06:08:22.925,bitget,BTC/USDT:USDT,118768.9,0.0022,118764.1,0.0271,118769.0,40.187,118769.7,0.0065
1753769302971,06:08:22.971,binanceusdm,BTC/USDT:USDT,118770.3,0.161,118770.2,0.045,118770.4,32.759,118770.5,0.006
1753769302971,06:08:22.971,binance,BTC/USDT:USDT,118770.3,0.161,118770.2,0.045,118770.4,32.759,118770.5,0.006
1753769303025,06:08:23.025,bitget,BTC/USDT:USDT,118768.9,0.0022,118764.1,0.0271,118769.0,40.6079,118769.7,0.0065
1753769303073,06:08:23.073,binanceusdm,BTC/USDT:USDT,118770.3,0.11,118770.2,0.045,118770.4,32.859,118770.5,0.008
1753769303073,06:08:23.073,binance,BTC/USDT:USDT,118770.3,0.11,118770.2,0.045,118770.4,32.859,118770.5,0.008
1753769303788,06:08:23.788,binanceusdm,BTC/USDT:USDT,118770.3,0.162,118770.2,0.045,118770.4,32.408,118770.5,0.008
1753769303788,06:08:23.788,binance,BTC/USDT:USDT,118770.3,0.162,118770.2,0.045,118770.4,32.408,118770.5,0.008
1753769303827,06:08:23.827,bitget,BTC/USDT:USDT,118768.9,0.002,118764.1,0.0542,118769.0,40.5291,118769.7,0.0065
1753769303927,06:08:23.927,bitget,BTC/USDT:USDT,118768.9,0.002,118764.1,0.0456,118769.0,40.5378,118769.7,0.0065
1753769303992,06:08:23.992,binanceusdm,BTC/USDT:USDT,118770.3,0.174,118770.2,0.045,118770.4,32.402,118770.5,0.008
1753769303992,06:08:23.992,binance,BTC/USDT:USDT,118770.3,0.174,118770.2,0.045,118770.4,32.402,118770.5,0.008
1753769304027,06:08:24.027,bitget,BTC/USDT:USDT,118768.9,0.002,118764.2,0.0271,118769.0,40.5011,118769.7,0.0065
1753769304094,06:08:24.094,binanceusdm,BTC/USDT:USDT,118770.3,0.174,118770.2,0.045,118770.4,32.645,118770.5,0.008
1753769304094,06:08:24.094,binance,BTC/USDT:USDT,118770.3,0.174,118770.2,0.045,118770.4,32.645,118770.5,0.008
1753769304128,06:08:24.128,bitget,BTC/USDT:USDT,118768.9,0.002,118764.1,0.0456,118769.0,40.5011,118769.7,0.0065
1753769304197,06:08:24.197,binanceusdm,BTC/USDT:USDT,118770.3,0.174,118770.2,0.045,118770.4,32.645,118770.5,0.008
1753769304197,06:08:24.197,binance,BTC/USDT:USDT,118770.3,0.174,118770.2,0.045,118770.4,32.645,118770.5,0.008
1753769304228,06:08:24.228,bitget,BTC/USDT:USDT,118768.9,0.002,118764.1,0.0456,118769.0,40.5011,118769.7,0.0065
1753769304300,06:08:24.300,binanceusdm,BTC/USDT:USDT,118770.3,0.174,118770.2,0.045,118770.4,32.645,118770.5,0.008
1753769304300,06:08:24.300,binance,BTC/USDT:USDT,118770.3,0.174,118770.2,0.045,118770.4,32.645,118770.5,0.008
1753769304328,06:08:24.328,bitget,BTC/USDT:USDT,118768.9,0.002,118764.1,0.0456,118769.0,40.5011,118769.7,0.0065
1753769304402,06:08:24.402,binanceusdm,BTC/USDT:USDT,118770.3,0.178,118770.2,0.045,118770.4,32.645,118770.5,0.01
1753769304402,06:08:24.402,binance,BTC/USDT:USDT,118770.3,0.178,118770.2,0.045,118770.4,32.645,118770.5,0.01
1753769304428,06:08:24.428,bitget,BTC/USDT:USDT,118768.9,0.002,118764.1,0.0456,118769.0,40.5011,118769.7,0.0065
1753769274919,06:07:54.919,blofin,BTC/USDT:USDT,118831.2,3844.0,118831.1,364.0,118831.3,5959.0,118831.4,281.0
1753769304610,06:08:24.610,binanceusdm,BTC/USDT:USDT,118770.3,0.238,118770.2,0.045,118770.4,32.683,118770.5,0.008
1753769304610,06:08:24.610,binance,BTC/USDT:USDT,118770.3,0.238,118770.2,0.045,118770.4,32.683,118770.5,0.008
1753769304629,06:08:24.629,bitget,BTC/USDT:USDT,118763.4,1.3453,118761.1,0.0025,118763.5,41.6618,118764.2,0.3429
1753769304714,06:08:24.714,binanceusdm,BTC/USDT:USDT,118770.3,0.238,118770.2,0.045,118770.4,32.682,118770.5,0.008
1753769304714,06:08:24.714,binance,BTC/USDT:USDT,118770.3,0.238,118770.2,0.045,118770.4,32.682,118770.5,0.008
1753769304729,06:08:24.729,bitget,BTC/USDT:USDT,118763.4,0.6005,118761.1,0.0025,118763.5,59.7499,118764.1,0.0003
1753769304817,06:08:24.817,binanceusdm,BTC/USDT:USDT,118770.3,0.238,118770.2,0.045,118770.4,32.682,118770.5,0.008
1753769304829,06:08:24.829,bitget,BTC/USDT:USDT,118763.4,0.6004,118761.1,0.0025,118763.5,59.75,118764.1,0.0003
1753769305154,06:08:25.154,bitmart,BTC/USDT:USDT,118770.3,928.0,118770.2,357.0,118770.4,12569.0,118770.5,503.0
1753769305129,06:08:25.129,bitget,BTC/USDT:USDT,118763.4,1.1775,118761.1,0.0025,118763.5,41.011,118764.1,0.0003
1753769304471,06:08:24.471,bitmex,BTC/USDT:USDT,118809.1,14900.0,118808.7,29300.0,118809.2,17400.0,118814.5,6200.0
1753769305632,06:08:25.632,binance,BTC/USDT:USDT,118770.3,13.338,118770.2,0.043,118770.4,15.171,118770.5,0.004
1753769305603,06:08:25.603,bitmex,BTC/USDT:USDT,118809.1,79400.0,118808.7,29300.0,118809.2,15500.0,118814.5,6200.0
1753769305660,06:08:25.660,bitmex,BTC/USDT:USDT,118814.4,29100.0,118809.4,55200.0,118814.7,6200.0,118822.0,136700.0
1753769305733,06:08:25.733,binanceusdm,BTC/USDT:USDT,118770.3,11.495,118770.2,0.043,118770.4,14.197,118770.5,0.004
1753769275571,06:07:55.571,blofin,BTC/USDT:USDT,118831.2,3844.0,118831.1,364.0,118831.3,5959.0,118831.4,281.0
1753769305730,06:08:25.730,bitget,BTC/USDT:USDT,118763.4,13.5607,118761.3,0.01,118763.5,15.8436,118764.1,0.0003
1753769305743,06:08:25.743,bybit,BTC/USDT:USDT,118792.0,8.927,118791.1,0.001,118792.1,0.602,118793.5,0.002
1753769305834,06:08:25.834,binanceusdm,BTC/USDT:USDT,118770.3,11.453,118770.2,0.043,118770.4,13.276,118770.5,0.004
1753769305785,06:08:25.785,bitmex,BTC/USDT:USDT,118820.9,5100.0,118814.7,10000.0,118821.0,1900.0,118822.0,136700.0
1753769305834,06:08:25.834,bitmex,BTC/USDT:USDT,118814.8,24200.0,118814.7,10000.0,118821.9,19300.0,118822.0,136700.0
1753769305941,06:08:25.941,bybit,BTC/USDT:USDT,118792.0,8.927,118791.1,0.001,118792.1,0.604,118793.5,0.002
1753769305883,06:08:25.883,bitmex,BTC/USDT:USDT,118820.9,5100.0,118814.8,10000.0,118821.9,19300.0,118822.0,136700.0
1753769305935,06:08:25.935,binance,BTC/USDT:USDT,118770.3,11.413,118770.2,0.043,118770.4,13.313,118770.5,0.004
1753769305933,06:08:25.933,bitget,BTC/USDT:USDT,118763.4,12.6265,118761.1,0.0025,118763.5,19.0429,118764.1,0.0003
1753769305961,06:08:25.961,bitmart,BTC/USDT:USDT,118770.3,10238.0,118770.2,394.0,118770.4,12636.0,118770.5,503.0
1753769305932,06:08:25.932,bitmex,BTC/USDT:USDT,118820.9,5100.0,118814.8,10000.0,118821.0,9300.0,118821.8,6200.0
1753769306041,06:08:26.041,bybit,BTC/USDT:USDT,118792.0,9.096,118791.1,0.001,118792.1,0.604,118793.5,0.002
1753769305981,06:08:25.981,bitmex,BTC/USDT:USDT,118820.9,5100.0,118814.8,10000.0,118821.0,9300.0,118821.8,6200.0
1753769306037,06:08:26.037,binanceusdm,BTC/USDT:USDT,118770.3,12.132,118770.2,0.043,118770.4,13.312,118770.5,0.004
1753769306037,06:08:26.037,binance,BTC/USDT:USDT,118770.3,12.132,118770.2,0.043,118770.4,13.312,118770.5,0.004
1753769306036,06:08:26.036,bitget,BTC/USDT:USDT,118763.4,12.2153,118761.1,0.0025,118763.5,19.0429,118764.1,0.0003
1753769306030,06:08:26.030,bitmex,BTC/USDT:USDT,118820.9,5100.0,118814.8,10000.0,118821.0,11200.0,118821.8,6200.0
1753769306141,06:08:26.141,bybit,BTC/USDT:USDT,118792.0,9.096,118791.1,0.001,118792.1,0.604,118793.5,0.002
1753769306079,06:08:26.079,bitmex,BTC/USDT:USDT,118820.9,5100.0,118814.8,10000.0,118821.0,11200.0,118821.8,6200.0
1753769306138,06:08:26.138,binanceusdm,BTC/USDT:USDT,118770.3,11.717,118770.2,0.048,118770.4,13.311,118770.5,0.004
1753769306138,06:08:26.138,binance,BTC/USDT:USDT,118770.3,11.717,118770.2,0.048,118770.4,13.311,118770.5,0.004
1753769306135,06:08:26.135,bitget,BTC/USDT:USDT,118763.4,12.8882,118761.1,0.0025,118763.5,19.0429,118764.1,0.0003
1753769306160,06:08:26.160,bitmart,BTC/USDT:USDT,118770.3,10407.0,118770.2,394.0,118770.4,12653.0,118770.5,503.0
1753769306128,06:08:26.128,bitmex,BTC/USDT:USDT,118820.9,5600.0,118814.8,10000.0,118821.0,11200.0,118821.8,6200.0
1753769306241,06:08:26.241,bybit,BTC/USDT:USDT,118792.0,9.096,118791.9,0.001,118792.1,0.604,118793.5,0.002
1753769306240,06:08:26.240,binanceusdm,BTC/USDT:USDT,118770.3,11.081,118770.2,0.048,118770.4,13.296,118770.5,0.004
1753769306240,06:08:26.240,binance,BTC/USDT:USDT,118770.3,11.081,118770.2,0.048,118770.4,13.296,118770.5,0.004
1753769306236,06:08:26.236,bitget,BTC/USDT:USDT,118763.4,12.4339,118761.1,0.0025,118763.5,18.9285,118764.1,0.0003
1753769306226,06:08:26.226,bitmex,BTC/USDT:USDT,118820.9,5600.0,118809.5,39700.0,118821.0,11200.0,118821.8,6200.0
1753769306341,06:08:26.341,bybit,BTC/USDT:USDT,118792.0,9.101,118791.1,0.001,118792.1,0.39,118793.5,0.002
1753769306341,06:08:26.341,binanceusdm,BTC/USDT:USDT,118770.3,9.512,118770.2,0.048,118770.4,13.296,118770.5,0.004
1753769306341,06:08:26.341,binance,BTC/USDT:USDT,118770.3,9.512,118770.2,0.048,118770.4,13.296,118770.5,0.004
1753769306443,06:08:26.443,binanceusdm,BTC/USDT:USDT,118770.3,9.261,118770.2,0.048,118770.4,13.275,118770.5,0.004
1753769306443,06:08:26.443,binance,BTC/USDT:USDT,118770.3,9.261,118770.2,0.048,118770.4,13.275,118770.5,0.004
1753769306440,06:08:26.440,bitget,BTC/USDT:USDT,118763.4,10.1208,118761.1,0.0025,118763.5,18.9285,118764.1,0.0003
1753769306427,06:08:26.427,bitmex,BTC/USDT:USDT,118820.9,5600.0,118809.5,39700.0,118821.0,11200.0,118821.8,6200.0
1753769306541,06:08:26.541,bybit,BTC/USDT:USDT,118792.0,9.101,118791.8,0.001,118792.1,0.603,118793.5,0.002
1753769306476,06:08:26.476,bitmex,BTC/USDT:USDT,118820.9,5600.0,118809.5,39700.0,118821.0,11200.0,118821.8,6200.0
1753769306540,06:08:26.540,bitget,BTC/USDT:USDT,118763.4,13.865,118761.1,0.0025,118763.5,18.9285,118764.1,0.0003
1753769306547,06:08:26.547,binanceusdm,BTC/USDT:USDT,118770.3,9.303,118770.2,0.048,118770.4,13.235,118770.5,0.004
1753769306547,06:08:26.547,binance,BTC/USDT:USDT,118770.3,9.303,118770.2,0.048,118770.4,13.235,118770.5,0.004
1753769306641,06:08:26.641,bybit,BTC/USDT:USDT,118792.0,9.097,118791.1,0.001,118792.1,0.603,118793.5,0.002
1753769306648,06:08:26.648,binanceusdm,BTC/USDT:USDT,118770.3,9.56,118770.2,0.048,118770.4,13.237,118770.5,0.004
1753769306648,06:08:26.648,binance,BTC/USDT:USDT,118770.3,9.56,118770.2,0.048,118770.4,13.237,118770.5,0.004
1753769306640,06:08:26.640,bitget,BTC/USDT:USDT,118763.4,14.2522,118761.1,0.0025,118763.5,18.9285,118764.1,0.0003
1753769306749,06:08:26.749,binanceusdm,BTC/USDT:USDT,118770.3,9.403,118770.2,0.048,118770.4,13.237,118770.5,0.004
1753769306749,06:08:26.749,binance,BTC/USDT:USDT,118770.3,9.403,118770.2,0.048,118770.4,13.237,118770.5,0.004
1753769306712,06:08:26.712,bitmex,BTC/USDT:USDT,118820.9,500.0,118809.5,39700.0,118821.0,11200.0,118821.8,6200.0
1753769306841,06:08:26.841,bybit,BTC/USDT:USDT,118792.0,9.038,118791.9,1.001,118792.1,0.602,118793.5,0.002
1753769306761,06:08:26.761,bitmex,BTC/USDT:USDT,118820.9,500.0,118809.5,39700.0,118821.0,11200.0,118821.8,6200.0
1753769306844,06:08:26.844,bitget,BTC/USDT:USDT,118763.4,14.0552,118761.1,0.0025,118763.5,18.9285,118764.1,0.0003
1753769306850,06:08:26.850,binanceusdm,BTC/USDT:USDT,118770.3,9.107,118770.2,0.048,118770.4,13.237,118770.5,0.004
1753769306850,06:08:26.850,binance,BTC/USDT:USDT,118770.3,9.107,118770.2,0.048,118770.4,13.237,118770.5,0.004
1753769306810,06:08:26.810,bitmex,BTC/USDT:USDT,118820.9,500.0,118809.5,39700.0,118821.0,11200.0,118821.8,6200.0
1753769306832,06:08:26.832,coincatch,BTC/USDT:USDT,118770.3,19.5363,118770.2,0.1008,118770.4,2.7793,118770.5,0.01
1753769306859,06:08:26.859,bitmex,BTC/USDT:USDT,118820.9,500.0,118809.5,39700.0,118821.0,11200.0,118821.8,6200.0
1753769306941,06:08:26.941,bybit,BTC/USDT:USDT,118792.0,9.038,118791.9,1.001,118792.1,0.639,118793.5,0.002
1753769306954,06:08:26.954,binanceusdm,BTC/USDT:USDT,118770.3,9.633,118770.2,0.048,118770.4,12.319,118770.5,0.004
1753769306954,06:08:26.954,binance,BTC/USDT:USDT,118770.3,9.633,118770.2,0.048,118770.4,12.319,118770.5,0.004
1753769306946,06:08:26.946,bitget,BTC/USDT:USDT,118763.4,14.0754,118761.1,0.0025,118763.5,18.9285,118764.1,0.0003
1753769306954,06:08:26.954,bitmart,BTC/USDT:USDT,118770.3,10243.0,118770.2,394.0,118770.4,12560.0,118770.5,503.0
1753769307041,06:08:27.041,bybit,BTC/USDT:USDT,118792.0,9.038,118791.9,1.001,118792.1,0.696,118793.5,0.002
1753769307141,06:08:27.141,bybit,BTC/USDT:USDT,118792.0,9.038,118791.9,1.001,118792.1,0.639,118793.5,0.002
1753769307130,06:08:27.130,coincatch,BTC/USDT:USDT,118770.3,18.8139,118770.2,0.1008,118770.4,2.6687,118770.5,0.01
1753769307158,06:08:27.158,binanceusdm,BTC/USDT:USDT,118770.3,8.976,118770.2,0.048,118770.4,12.725,118770.5,0.004
1753769307158,06:08:27.158,binance,BTC/USDT:USDT,118770.3,8.976,118770.2,0.048,118770.4,12.725,118770.5,0.004
1753769307359,06:08:27.359,bitmart,BTC/USDT:USDT,118770.3,9139.0,118770.2,394.0,118770.4,11469.0,118770.5,503.0
1753769307363,06:08:27.363,bitmex,BTC/USDT:USDT,118809.8,9800.0,118809.7,19100.0,118821.0,17400.0,118821.8,52100.0
1753769307362,06:08:27.362,binanceusdm,BTC/USDT:USDT,118770.3,8.988,118770.2,0.048,118770.4,12.776,118770.5,0.004
1753769307362,06:08:27.362,binance,BTC/USDT:USDT,118770.3,8.988,118770.2,0.048,118770.4,12.776,118770.5,0.004
1753769307351,06:08:27.351,bitget,BTC/USDT:USDT,118763.4,13.865,118761.1,0.0025,118763.5,18.9285,118764.1,0.0003
1753769307533,06:08:27.533,bitmex,BTC/USDT:USDT,118809.8,18200.0,118809.5,10000.0,118821.0,17400.0,118821.8,6200.0
1753769307731,06:08:27.731,coincatch,BTC/USDT:USDT,118770.3,18.8643,118770.2,0.1008,118770.4,2.68,118770.5,0.01
1753769307756,06:08:27.756,bitmart,BTC/USDT:USDT,118770.3,13186.0,118770.2,509.0,118770.4,9670.0,118770.5,503.0
1753769307771,06:08:27.771,binanceusdm,BTC/USDT:USDT,118770.3,8.979,118770.2,0.048,118770.4,12.759,118770.5,0.004
1753769307771,06:08:27.771,binance,BTC/USDT:USDT,118770.3,8.979,118770.2,0.048,118770.4,12.759,118770.5,0.004
1753769307734,06:08:27.734,bitmex,BTC/USDT:USDT,118810.0,9800.0,118809.9,22100.0,118821.0,17400.0,118821.8,6200.0
1753769307841,06:08:27.841,bybit,BTC/USDT:USDT,118792.0,9.001,118791.9,1.001,118792.1,0.65,118793.5,0.002
1753769307854,06:08:27.854,bitget,BTC/USDT:USDT,118763.4,14.046,118761.1,0.0025,118763.5,18.9284,118764.1,0.0003
1753769307873,06:08:27.873,binanceusdm,BTC/USDT:USDT,118770.3,8.979,118770.2,0.048,118770.4,12.759,118770.5,0.004
1753769307873,06:08:27.873,binance,BTC/USDT:USDT,118770.3,8.979,118770.2,0.048,118770.4,12.759,118770.5,0.004
1753769307879,06:08:27.879,coincatch,BTC/USDT:USDT,118770.3,18.8559,118770.2,0.1008,118770.4,2.6794,118770.5,0.01
1753769307849,06:08:27.849,bitmex,BTC/USDT:USDT,118810.0,18200.0,118809.9,13700.0,118821.0,17400.0,118821.8,6200.0
1753769307941,06:08:27.941,bybit,BTC/USDT:USDT,118792.0,9.085,118791.9,1.001,118792.1,0.65,118793.5,0.002
1753769307898,06:08:27.898,bitmex,BTC/USDT:USDT,118810.0,18200.0,118809.9,13700.0,118821.0,17400.0,118821.8,6200.0
1753769307956,06:08:27.956,bitget,BTC/USDT:USDT,118763.4,14.0416,118761.1,0.0025,118763.5,18.9284,118764.1,0.0003
1753769307976,06:08:27.976,binanceusdm,BTC/USDT:USDT,118770.3,8.979,118770.2,0.048,118770.4,12.76,118770.5,0.004
1753769307976,06:08:27.976,binance,BTC/USDT:USDT,118770.3,8.979,118770.2,0.048,118770.4,12.76,118770.5,0.004
1753769307963,06:08:27.963,bitmart,BTC/USDT:USDT,118770.3,13197.0,118770.2,509.0,118770.4,9810.0,118770.5,503.0
1753769307980,06:08:27.980,coincatch,BTC/USDT:USDT,118770.3,18.8559,118770.2,0.1008,118770.4,2.6794,118770.5,0.01
1753769276276,06:07:56.276,blofin,BTC/USDT:USDT,118831.2,5266.0,118831.1,262.0,118831.3,6442.0,118831.4,238.0
1753769307947,06:08:27.947,bitmex,BTC/USDT:USDT,118810.0,18200.0,118809.9,13700.0,118821.0,17400.0,118821.8,6200.0
1753769308041,06:08:28.041,bybit,BTC/USDT:USDT,118792.0,8.921,118791.9,1.001,118792.1,0.65,118793.5,0.002
1753769307996,06:08:27.996,bitmex,BTC/USDT:USDT,118810.0,18200.0,118809.9,13700.0,118821.0,17400.0,118821.8,6200.0
1753769308056,06:08:28.056,bitget,BTC/USDT:USDT,118763.4,14.089,118761.1,0.0025,118763.5,18.9284,118764.1,0.0003
1753769308079,06:08:28.079,binanceusdm,BTC/USDT:USDT,118770.3,8.981,118770.2,0.048,118770.4,12.749,118770.5,0.004
1753769308079,06:08:28.079,binance,BTC/USDT:USDT,118770.3,8.981,118770.2,0.048,118770.4,12.749,118770.5,0.004
1753769308079,06:08:28.079,coincatch,BTC/USDT:USDT,118770.3,18.8559,118770.2,0.1008,118770.4,2.6794,118770.5,0.01
1753769308045,06:08:28.045,bitmex,BTC/USDT:USDT,118810.0,18200.0,118809.9,13700.0,118821.0,17400.0,118821.8,6200.0
1753769308141,06:08:28.141,bybit,BTC/USDT:USDT,118792.0,8.921,118791.9,1.001,118792.1,0.65,118793.5,0.002
1753769308158,06:08:28.158,bitget,BTC/USDT:USDT,118763.4,15.4505,118761.1,0.0025,118763.5,18.9284,118764.1,0.0003
1753769308181,06:08:28.181,binanceusdm,BTC/USDT:USDT,118770.3,8.981,118770.2,0.049,118770.4,12.749,118770.5,0.006
1753769308181,06:08:28.181,binance,BTC/USDT:USDT,118770.3,8.981,118770.2,0.049,118770.4,12.749,118770.5,0.006
1753769308179,06:08:28.179,coincatch,BTC/USDT:USDT,118770.3,18.8559,118770.2,0.1008,118770.4,2.6796,118770.5,0.01
1753769308241,06:08:28.241,bybit,BTC/USDT:USDT,118792.0,8.921,118791.9,1.001,118792.1,0.65,118793.5,0.002
1753769308259,06:08:28.259,bitget,BTC/USDT:USDT,118763.4,13.9075,118761.1,0.0025,118763.5,18.9284,118764.1,0.0003
1753769308282,06:08:28.282,binanceusdm,BTC/USDT:USDT,118770.3,9.016,118770.2,0.049,118770.4,12.749,118770.5,0.006
1753769308282,06:08:28.282,binance,BTC/USDT:USDT,118770.3,9.016,118770.2,0.049,118770.4,12.749,118770.5,0.006
1753769308279,06:08:28.279,coincatch,BTC/USDT:USDT,118770.3,18.8559,118770.2,0.1008,118770.4,2.6796,118770.5,0.01
1753769308341,06:08:28.341,bybit,BTC/USDT:USDT,118792.0,8.395,118791.9,1.001,118792.1,0.707,118793.5,0.002
1753769308270,06:08:28.270,bitmex,BTC/USDT:USDT,118810.0,18200.0,118809.9,13700.0,118821.0,17400.0,118821.8,6200.0
1753769308360,06:08:28.360,bitget,BTC/USDT:USDT,118763.4,13.8983,118761.1,0.0025,118763.5,20.8714,118764.1,0.0003
1753769308359,06:08:28.359,bitmart,BTC/USDT:USDT,118770.3,13197.0,118770.2,509.0,118770.4,9755.0,118770.5,503.0
1753769308320,06:08:28.320,bitmex,BTC/USDT:USDT,118810.0,18200.0,118809.9,13700.0,118821.0,17400.0,118821.8,52100.0
1753769308383,06:08:28.383,binanceusdm,BTC/USDT:USDT,118770.3,6.377,118770.2,0.049,118770.4,14.787,118770.5,0.01
1753769308383,06:08:28.383,binance,BTC/USDT:USDT,118770.3,6.377,118770.2,0.049,118770.4,14.787,118770.5,0.01
1753769308382,06:08:28.382,coincatch,BTC/USDT:USDT,118770.3,18.2322,118770.2,0.1029,118770.4,2.6773,118770.5,0.0126
1753769308441,06:08:28.441,bybit,BTC/USDT:USDT,118792.0,8.355,118791.9,1.0,118792.1,1.936,118793.5,0.002
1753769308388,06:08:28.388,bitmex,BTC/USDT:USDT,118810.0,18200.0,118809.9,13700.0,118821.0,17400.0,118821.8,52100.0
1753769308462,06:08:28.462,bitget,BTC/USDT:USDT,118763.4,8.5988,118761.1,0.8676,118763.5,23.9619,118764.1,0.0003
1753769308484,06:08:28.484,binanceusdm,BTC/USDT:USDT,118770.3,5.661,118770.2,0.049,118770.4,14.787,118770.5,0.01
1753769308484,06:08:28.484,binance,BTC/USDT:USDT,118770.3,5.661,118770.2,0.049,118770.4,14.787,118770.5,0.01
1753769308443,06:08:28.443,bitmex,BTC/USDT:USDT,118810.0,18200.0,118809.9,13700.0,118821.0,17400.0,118821.8,52100.0
1753769308542,06:08:28.542,bybit,BTC/USDT:USDT,118792.0,8.348,118791.9,1.0,118792.1,1.929,118793.5,0.002
1753769308492,06:08:28.492,bitmex,BTC/USDT:USDT,118810.0,18200.0,118809.9,13700.0,118821.0,17400.0,118821.8,52100.0
1753769308563,06:08:28.563,bitget,BTC/USDT:USDT,118763.4,8.2895,118761.1,0.8676,118763.5,24.6714,118764.1,0.0003
1753769308587,06:08:28.587,binanceusdm,BTC/USDT:USDT,118770.3,5.553,118770.2,0.049,118770.4,14.788,118770.5,0.012
1753769308587,06:08:28.587,binance,BTC/USDT:USDT,118770.3,5.553,118770.2,0.049,118770.4,14.788,118770.5,0.012
1753769308642,06:08:28.642,bybit,BTC/USDT:USDT,118792.0,8.338,118791.9,1.0,118792.1,1.329,118793.5,0.002
1753769308579,06:08:28.579,bitmex,BTC/USDT:USDT,118810.0,18200.0,118809.9,13700.0,118821.0,17400.0,118821.8,52100.0
1753769308630,06:08:28.630,coincatch,BTC/USDT:USDT,118770.3,11.6613,118770.2,0.1029,118770.4,3.1055,118770.5,0.0252
1753769308664,06:08:28.664,bitget,BTC/USDT:USDT,118763.4,8.2693,118761.1,0.8676,118763.5,24.6714,118764.1,0.0003
1753769308628,06:08:28.628,bitmex,BTC/USDT:USDT,118810.0,18200.0,118809.9,13700.0,118821.0,17400.0,118821.8,52100.0
1753769308688,06:08:28.688,binanceusdm,BTC/USDT:USDT,118770.3,4.837,118770.2,0.049,118770.4,14.82,118770.5,0.01
1753769308688,06:08:28.688,binance,BTC/USDT:USDT,118770.3,4.837,118770.2,0.049,118770.4,14.82,118770.5,0.01
1753769308741,06:08:28.741,bybit,BTC/USDT:USDT,118792.0,8.338,118791.9,1.0,118792.1,2.15,118793.5,0.002
1753769308677,06:08:28.677,bitmex,BTC/USDT:USDT,118810.0,18200.0,118809.9,13700.0,118821.0,17400.0,118821.8,52100.0
1753769308764,06:08:28.764,bitget,BTC/USDT:USDT,118763.4,8.2693,118761.1,0.8676,118763.5,24.8209,118764.1,0.0003
1753769308726,06:08:28.726,bitmex,BTC/USDT:USDT,118810.0,18200.0,118809.9,13700.0,118821.0,17400.0,118821.8,52100.0
1753769308790,06:08:28.790,binanceusdm,BTC/USDT:USDT,118770.3,4.737,118770.2,0.049,118770.4,15.116,118770.5,0.01
1753769308790,06:08:28.790,binance,BTC/USDT:USDT,118770.3,4.737,118770.2,0.049,118770.4,15.116,118770.5,0.01
1753769308841,06:08:28.841,bybit,BTC/USDT:USDT,118792.0,8.757,118791.9,1.0,118792.1,2.137,118793.5,0.002
1753769308775,06:08:28.775,bitmex,BTC/USDT:USDT,118810.0,18200.0,118809.9,13700.0,118821.0,17400.0,118821.8,52100.0
1753769308824,06:08:28.824,bitmex,BTC/USDT:USDT,118810.0,18200.0,118809.9,13700.0,118821.0,17400.0,118821.8,52100.0
1753769308891,06:08:28.891,binanceusdm,BTC/USDT:USDT,118770.3,4.737,118770.2,0.049,118770.4,14.841,118770.5,0.01
1753769308891,06:08:28.891,binance,BTC/USDT:USDT,118770.3,4.737,118770.2,0.049,118770.4,14.841,118770.5,0.01
1753769308930,06:08:28.930,coincatch,BTC/USDT:USDT,118770.3,9.9477,118770.2,0.1029,118770.4,3.1166,118770.5,0.021
1753769308993,06:08:28.993,binanceusdm,BTC/USDT:USDT,118770.3,4.675,118770.2,0.049,118770.4,14.841,118770.5,0.01
1753769308993,06:08:28.993,binance,BTC/USDT:USDT,118770.3,4.675,118770.2,0.049,118770.4,14.841,118770.5,0.01
1753769309042,06:08:29.042,bybit,BTC/USDT:USDT,118792.0,8.34,118791.9,1.0,118792.1,1.866,118793.5,0.002
1753769309020,06:08:29.020,bitmex,BTC/USDT:USDT,118810.0,18200.0,118809.9,13700.0,118821.0,17400.0,118821.8,52100.0
1753769309066,06:08:29.066,bitget,BTC/USDT:USDT,118763.4,5.309,118761.2,2.9467,118763.5,24.6714,118764.1,0.0003
1753769309080,06:08:29.080,coincatch,BTC/USDT:USDT,118770.3,9.9477,118770.2,0.1029,118770.4,3.1166,118770.5,0.021
1753769309095,06:08:29.095,binance,BTC/USDT:USDT,118770.3,4.681,118770.2,0.049,118770.4,14.809,118770.5,0.01
1753769309095,06:08:29.095,binanceusdm,BTC/USDT:USDT,118770.3,4.681,118770.2,0.049,118770.4,14.809,118770.5,0.01
1753769309544,06:08:29.544,coincatch,BTC/USDT:USDT,118770.3,13.3791,118770.2,0.2793,118770.4,2.8612,118770.5,0.0126
1753769309605,06:08:29.605,binance,BTC/USDT:USDT,118770.3,6.096,118770.2,0.133,118770.4,13.632,118770.5,0.006
1753769309553,06:08:29.553,bitmart,BTC/USDT:USDT,118770.3,8843.0,118770.2,509.0,118770.4,12846.0,118770.5,503.0
1753769309668,06:08:29.668,bitget,BTC/USDT:USDT,118763.4,9.5301,118761.1,0.8676,118763.5,23.4424,118764.1,0.0003
1753769309741,06:08:29.741,bybit,BTC/USDT:USDT,118792.0,8.763,118791.9,1.001,118792.1,0.729,118793.0,0.025
1753769309706,06:08:29.706,binanceusdm,BTC/USDT:USDT,118770.3,6.096,118770.2,0.133,118770.4,13.632,118770.5,0.006
1753769309677,06:08:29.677,bitmex,BTC/USDT:USDT,118810.1,80700.0,118810.0,149800.0,118820.9,51500.0,118821.0,17400.0
1753769309782,06:08:29.782,coincatch,BTC/USDT:USDT,118770.3,12.8016,118770.2,0.2793,118770.4,2.8627,118770.5,0.0126
1753769309841,06:08:29.841,bybit,BTC/USDT:USDT,118792.0,8.763,118791.9,1.001,118792.1,0.709,118793.0,0.025
1753769309809,06:08:29.809,binanceusdm,BTC/USDT:USDT,118770.3,6.096,118770.2,0.133,118770.4,13.632,118770.5,0.006
1753769309809,06:08:29.809,binance,BTC/USDT:USDT,118770.3,6.096,118770.2,0.133,118770.4,13.632,118770.5,0.006
1753769309775,06:08:29.775,bitmex,BTC/USDT:USDT,118810.2,9800.0,118810.1,66500.0,118820.8,17400.0,118820.9,57700.0
1753769309824,06:08:29.824,bitmex,BTC/USDT:USDT,118810.2,9800.0,118810.1,66500.0,118820.8,17400.0,118820.9,57700.0
1753769309870,06:08:29.870,bitget,BTC/USDT:USDT,118763.4,9.5301,118761.1,0.8676,118763.5,23.4424,118764.1,0.0003
1753769309941,06:08:29.941,bybit,BTC/USDT:USDT,118792.0,8.763,118791.9,1.001,118792.1,0.709,118793.0,0.025
1753769309912,06:08:29.912,binanceusdm,BTC/USDT:USDT,118770.3,6.096,118770.2,0.133,118770.4,13.632,118770.5,0.006
1753769309912,06:08:29.912,binance,BTC/USDT:USDT,118770.3,6.096,118770.2,0.133,118770.4,13.632,118770.5,0.006
1753769309873,06:08:29.873,bitmex,BTC/USDT:USDT,118810.2,18200.0,118810.1,58100.0,118820.8,17400.0,118820.9,57700.0
1753769309929,06:08:29.929,coincatch,BTC/USDT:USDT,118770.3,12.8016,118770.2,0.2793,118770.4,2.8627,118770.5,0.0126
1753769309973,06:08:29.973,bitget,BTC/USDT:USDT,118763.4,9.5639,118761.1,0.8676,118763.5,23.4424,118764.1,0.0003
1753769310041,06:08:30.041,bybit,BTC/USDT:USDT,118792.0,8.763,118791.9,1.001,118792.1,0.71,118793.0,0.025
1753769310014,06:08:30.014,binanceusdm,BTC/USDT:USDT,118770.3,6.096,118770.2,0.133,118770.4,13.632,118770.5,0.006
1753769310014,06:08:30.014,binance,BTC/USDT:USDT,118770.3,6.096,118770.2,0.133,118770.4,13.632,118770.5,0.006
1753769309975,06:08:29.975,bitmex,BTC/USDT:USDT,118810.2,18200.0,118810.1,58100.0,118820.8,17400.0,118820.9,57700.0
1753769310031,06:08:30.031,coincatch,BTC/USDT:USDT,118770.3,12.8016,118770.2,0.2793,118770.4,2.8627,118770.5,0.0126
1753769310074,06:08:30.074,bitget,BTC/USDT:USDT,118763.4,9.5503,118761.2,0.2104,118763.5,23.4424,118764.1,0.0003
1753769310024,06:08:30.024,bitmex,BTC/USDT:USDT,118810.2,18200.0,118810.1,58100.0,118820.8,17400.0,118820.9,57700.0
1753769310141,06:08:30.141,bybit,BTC/USDT:USDT,118792.0,8.763,118791.9,1.001,118792.1,0.71,118793.0,0.025
1753769310117,06:08:30.117,binance,BTC/USDT:USDT,118770.3,6.098,118770.2,0.133,118770.4,13.632,118770.5,0.006
1753769310754,06:08:30.754,bitmart,BTC/USDT:USDT,118770.3,7870.0,118770.2,509.0,118770.4,11555.0,118770.5,503.0
1753769310733,06:08:30.733,binance,BTC/USDT:USDT,118770.3,8.109,118770.2,0.14,118770.4,13.007,118770.5,0.006
1753769310742,06:08:30.742,bybit,BTC/USDT:USDT,118792.0,8.847,118791.9,1.001,118792.1,0.714,118793.0,0.025
1753769310841,06:08:30.841,bybit,BTC/USDT:USDT,118792.0,8.847,118791.9,1.001,118792.1,0.714,118793.0,0.025
1753769310890,06:08:30.890,bitget,BTC/USDT:USDT,118763.4,9.5503,118761.2,0.2104,118763.5,22.9319,118764.1,0.0003
1753769310941,06:08:30.941,bybit,BTC/USDT:USDT,118792.0,8.847,118791.9,1.001,118792.1,0.714,118793.0,0.025
1753769310895,06:08:30.895,coincatch,BTC/USDT:USDT,118770.3,17.0289,118770.2,0.294,118770.4,2.7315,118770.5,0.0126
1753769310874,06:08:30.874,bitmex,BTC/USDT:USDT,118810.2,18200.0,118810.1,58100.0,118820.8,17400.0,118820.9,57700.0
1753769311294,06:08:31.294,bitget,BTC/USDT:USDT,118763.4,9.5301,118761.2,0.2104,118763.5,22.9319,118764.1,0.0003
1753769311340,06:08:31.340,binance,BTC/USDT:USDT,118770.3,7.486,118770.2,0.14,118770.4,12.995,118770.5,0.006
1753769311394,06:08:31.394,bitget,BTC/USDT:USDT,118763.4,9.5501,118761.2,0.2104,118763.5,22.9319,118764.1,0.0003
1753769311443,06:08:31.443,bybit,BTC/USDT:USDT,118792.0,8.801,118791.9,1.001,118792.1,0.711,118793.0,0.025
1753769311430,06:08:31.430,coincatch,BTC/USDT:USDT,118770.3,17.0457,118770.2,0.294,118770.4,2.7151,118770.5,0.0126
1753769311408,06:08:31.408,bitmex,BTC/USDT:USDT,118810.2,18200.0,118810.1,58100.0,118820.8,17400.0,118820.9,57700.0
1753769311459,06:08:31.459,kucoinfutures,BTC/USDT:USDT,118800.8,735.0,118800.0,2.0,118800.9,1113.0,118801.0,122.0
1753769311461,06:08:31.461,kucoinfutures,BTC/USDT:USDT,118800.8,735.0,118800.0,2.0,118800.9,1113.0,118801.0,122.0
1753769311496,06:08:31.496,bitget,BTC/USDT:USDT,118763.4,9.5501,118761.2,0.2104,118763.5,22.9319,118764.1,0.0003
1753769311507,06:08:31.507,kucoinfutures,BTC/USDT:USDT,118800.8,735.0,118800.0,2.0,118800.9,1113.0,118801.0,122.0
1753769311507,06:08:31.507,kucoinfutures,BTC/USDT:USDT,118800.8,735.0,118800.0,2.0,118800.9,1113.0,118801.0,122.0
1753769311541,06:08:31.541,bybit,BTC/USDT:USDT,118792.0,8.848,118791.9,1.001,118792.1,0.711,118793.0,0.025
1753769311508,06:08:31.508,kucoinfutures,BTC/USDT:USDT,118800.8,735.0,118800.0,2.0,118800.9,1113.0,118801.0,122.0
1753769311513,06:08:31.513,kucoinfutures,BTC/USDT:USDT,118800.8,735.0,118800.0,2.0,118800.9,1113.0,118801.0,122.0
1753769311516,06:08:31.516,kucoinfutures,BTC/USDT:USDT,118800.8,735.0,118800.0,2.0,118800.9,1113.0,118801.0,122.0
1753769311518,06:08:31.518,kucoinfutures,BTC/USDT:USDT,118800.8,735.0,118800.0,2.0,118800.9,1113.0,118801.0,122.0
1753769311519,06:08:31.519,kucoinfutures,BTC/USDT:USDT,118800.8,735.0,118800.0,2.0,118800.9,1113.0,118801.0,122.0
1753769311519,06:08:31.519,kucoinfutures,BTC/USDT:USDT,118800.8,735.0,118800.0,2.0,118800.9,1113.0,118801.0,122.0
1753769311521,06:08:31.521,kucoinfutures,BTC/USDT:USDT,118800.8,735.0,118800.0,2.0,118800.9,1113.0,118801.0,122.0
1753769311543,06:08:31.543,binanceusdm,BTC/USDT:USDT,118770.3,8.073,118770.2,0.14,118770.4,12.971,118770.5,0.015
1753769311543,06:08:31.543,binance,BTC/USDT:USDT,118770.3,8.073,118770.2,0.14,118770.4,12.971,118770.5,0.015
1753769311555,06:08:31.555,kucoinfutures,BTC/USDT:USDT,118800.8,735.0,118800.0,2.0,118800.9,1113.0,118801.0,122.0
1753769311560,06:08:31.560,kucoinfutures,BTC/USDT:USDT,118800.8,735.0,118800.0,2.0,118800.9,1113.0,118801.0,122.0
1753769311570,06:08:31.570,kucoinfutures,BTC/USDT:USDT,118800.8,735.0,118800.0,2.0,118800.9,1113.0,118801.0,122.0
1753769311583,06:08:31.583,coincatch,BTC/USDT:USDT,118770.3,16.9659,118770.2,0.294,118770.4,2.7296,118770.5,0.0126
1753769311641,06:08:31.641,bybit,BTC/USDT:USDT,118792.0,10.537,118791.9,1.001,118792.1,0.711,118793.0,0.025
1753769311607,06:08:31.607,kucoinfutures,BTC/USDT:USDT,118800.8,735.0,118800.0,2.0,118800.9,1113.0,118801.0,122.0
1753769311609,06:08:31.609,kucoinfutures,BTC/USDT:USDT,118800.8,735.0,118800.0,2.0,118800.9,1113.0,118801.0,122.0
1753769311612,06:08:31.612,kucoinfutures,BTC/USDT:USDT,118800.8,735.0,118800.0,2.0,118800.9,1113.0,118801.0,122.0
1753769311613,06:08:31.613,kucoinfutures,BTC/USDT:USDT,118800.8,735.0,118800.0,2.0,118800.9,1113.0,118801.0,122.0
1753769311615,06:08:31.615,kucoinfutures,BTC/USDT:USDT,118800.8,735.0,118800.0,2.0,118800.9,1113.0,118801.0,122.0
1753769311622,06:08:31.622,kucoinfutures,BTC/USDT:USDT,118800.8,735.0,118800.0,2.0,118800.9,1113.0,118801.0,122.0
1753769311629,06:08:31.629,kucoinfutures,BTC/USDT:USDT,118800.8,735.0,118800.0,2.0,118800.9,1113.0,118801.0,122.0
1753769311636,06:08:31.636,kucoinfutures,BTC/USDT:USDT,118800.8,735.0,118800.0,2.0,118800.9,1113.0,118801.0,122.0
1753769311646,06:08:31.646,binanceusdm,BTC/USDT:USDT,118770.3,7.536,118770.2,0.14,118770.4,12.971,118770.5,0.015
1753769311646,06:08:31.646,binance,BTC/USDT:USDT,118770.3,7.536,118770.2,0.14,118770.4,12.971,118770.5,0.015
1753769311665,06:08:31.665,kucoinfutures,BTC/USDT:USDT,118800.8,735.0,118800.0,2.0,118800.9,1113.0,118801.0,122.0
1753769311699,06:08:31.699,bitget,BTC/USDT:USDT,118763.4,9.5299,118761.2,0.2104,118763.5,22.9319,118764.1,0.0003
1753769311707,06:08:31.707,kucoinfutures,BTC/USDT:USDT,118800.8,735.0,118800.0,2.0,118800.9,1113.0,118801.0,122.0
1753769311743,06:08:31.743,bybit,BTC/USDT:USDT,118792.0,10.451,118791.9,1.001,118792.1,0.711,118793.0,0.025
1753769311709,06:08:31.709,kucoinfutures,BTC/USDT:USDT,118800.8,735.0,118800.0,2.0,118800.9,1113.0,118801.0,122.0
1753769311731,06:08:31.731,coincatch,BTC/USDT:USDT,118770.3,15.8256,118770.2,0.294,118770.4,2.7239,118770.5,0.0315
1753769311750,06:08:31.750,binanceusdm,BTC/USDT:USDT,118770.3,7.536,118770.2,0.14,118770.4,12.971,118770.5,0.015
1753769311750,06:08:31.750,binance,BTC/USDT:USDT,118770.3,7.536,118770.2,0.14,118770.4,12.971,118770.5,0.015
1753769311751,06:08:31.751,kucoinfutures,BTC/USDT:USDT,118800.8,755.0,118800.0,2.0,118800.9,1113.0,118801.0,122.0
1753769311756,06:08:31.756,bitmart,BTC/USDT:USDT,118770.3,12083.0,118770.2,452.0,118770.4,10663.0,118770.5,503.0
1753769311809,06:08:31.809,kucoinfutures,BTC/USDT:USDT,118800.8,755.0,118800.0,2.0,118800.9,1113.0,118801.0,122.0
1753769311831,06:08:31.831,coincatch,BTC/USDT:USDT,118770.3,15.8256,118770.2,0.294,118770.4,2.7239,118770.5,0.0315
1753769311852,06:08:31.852,binanceusdm,BTC/USDT:USDT,118770.3,8.073,118770.2,0.14,118770.4,12.937,118770.5,0.015
1753769311852,06:08:31.852,binance,BTC/USDT:USDT,118770.3,8.073,118770.2,0.14,118770.4,12.937,118770.5,0.015
1753769311805,06:08:31.805,okx,BTC/USDT:USDT,118811.6,497.38,118810.8,191.98,118811.7,344.64,118811.8,2.93
1753769311844,06:08:31.844,bitmex,BTC/USDT:USDT,118810.2,18200.0,118810.1,58100.0,118820.8,17400.0,118820.9,57700.0
1753769311906,06:08:31.906,kucoinfutures,BTC/USDT:USDT,118800.8,755.0,118800.0,2.0,118800.9,1113.0,118801.0,122.0
1753769311941,06:08:31.941,bybit,BTC/USDT:USDT,118792.0,10.707,118791.9,1.001,118792.1,0.711,118793.0,0.025
1753769311908,06:08:31.908,kucoinfutures,BTC/USDT:USDT,118800.8,755.0,118800.0,2.0,118800.9,1113.0,118801.0,122.0
1753769311913,06:08:31.913,kucoinfutures,BTC/USDT:USDT,118800.8,755.0,118800.0,2.0,118800.9,1113.0,118801.0,122.0
1753769311932,06:08:31.932,coincatch,BTC/USDT:USDT,118770.3,15.8256,118770.2,0.294,118770.4,2.7239,118770.5,0.0315
1753769311893,06:08:31.893,bitmex,BTC/USDT:USDT,118810.2,18200.0,118810.1,58100.0,118820.8,17400.0,118820.9,57700.0
1753769311950,06:08:31.950,kucoinfutures,BTC/USDT:USDT,118800.8,755.0,118800.0,2.0,118800.9,1113.0,118801.0,122.0
1753769311954,06:08:31.954,binance,BTC/USDT:USDT,118770.3,7.48,118770.2,0.14,118770.4,12.937,118770.5,0.015
1753769311954,06:08:31.954,binanceusdm,BTC/USDT:USDT,118770.3,7.48,118770.2,0.14,118770.4,12.937,118770.5,0.015
1753769311961,06:08:31.961,kucoinfutures,BTC/USDT:USDT,118800.8,755.0,118800.0,2.0,118800.9,1113.0,118801.0,122.0
1753769311955,06:08:31.955,bitmart,BTC/USDT:USDT,118770.3,12011.0,118770.2,452.0,118770.4,10767.0,118770.5,503.0
1753769311975,06:08:31.975,kucoinfutures,BTC/USDT:USDT,118800.8,755.0,118800.0,2.0,118800.9,1113.0,118801.0,122.0
1753769312005,06:08:32.005,okx,BTC/USDT:USDT,118811.6,498.68,118810.8,191.96,118811.7,336.93,118811.8,2.93
1753769312005,06:08:32.005,kucoinfutures,BTC/USDT:USDT,118800.8,755.0,118800.0,2.0,118800.9,1113.0,118801.0,122.0
1753769312041,06:08:32.041,bybit,BTC/USDT:USDT,118792.0,10.707,118791.9,1.001,118792.1,0.711,118793.0,0.025
1753769312006,06:08:32.006,kucoinfutures,BTC/USDT:USDT,118800.8,755.0,118800.0,2.0,118800.9,1113.0,118801.0,122.0
1753769312010,06:08:32.010,kucoinfutures,BTC/USDT:USDT,118800.8,755.0,118800.0,2.0,118800.9,1113.0,118801.0,122.0
1753769312011,06:08:32.011,kucoinfutures,BTC/USDT:USDT,118800.8,755.0,118800.0,2.0,118800.9,1113.0,118801.0,122.0
1753769312033,06:08:32.033,coincatch,BTC/USDT:USDT,118770.3,16.9533,118770.2,0.294,118770.4,2.7168,118770.5,0.0315
1753769312049,06:08:32.049,kucoinfutures,BTC/USDT:USDT,118800.8,755.0,118800.0,2.0,118800.9,1113.0,118801.0,122.0
1753769312053,06:08:32.053,kucoinfutures,BTC/USDT:USDT,118800.8,755.0,118800.0,2.0,118800.9,1113.0,118801.0,122.0
1753769312053,06:08:32.053,kucoinfutures,BTC/USDT:USDT,118800.8,755.0,118800.0,2.0,118800.9,1113.0,118801.0,122.0
1753769312055,06:08:32.055,binanceusdm,BTC/USDT:USDT,118770.3,7.393,118770.2,0.055,118770.4,12.934,118770.5,0.015
1753769312055,06:08:32.055,binance,BTC/USDT:USDT,118770.3,7.393,118770.2,0.055,118770.4,12.934,118770.5,0.015
1753769312055,06:08:32.055,kucoinfutures,BTC/USDT:USDT,118800.8,755.0,118800.0,2.0,118800.9,1113.0,118801.0,122.0
1753769312009,06:08:32.009,bitmex,BTC/USDT:USDT,118810.2,18200.0,118810.1,58100.0,118820.8,17400.0,118820.9,57700.0
1753769312095,06:08:32.095,kucoinfutures,BTC/USDT:USDT,118800.8,755.0,118800.0,2.0,118800.9,1113.0,118801.0,122.0
1753769312100,06:08:32.100,kucoinfutures,BTC/USDT:USDT,118800.8,755.0,118800.0,2.0,118800.9,1113.0,118801.0,122.0
1753769312103,06:08:32.103,kucoinfutures,BTC/USDT:USDT,118800.8,755.0,118800.0,2.0,118800.9,1113.0,118801.0,122.0
1753769312105,06:08:32.105,kucoinfutures,BTC/USDT:USDT,118800.8,755.0,118800.0,2.0,118800.9,1113.0,118801.0,122.0
1753769312107,06:08:32.107,kucoinfutures,BTC/USDT:USDT,118800.8,755.0,118800.0,2.0,118800.9,1113.0,118801.0,122.0
1753769312141,06:08:32.141,bybit,BTC/USDT:USDT,118792.0,10.451,118791.9,1.001,118792.1,0.807,118793.0,0.025
1753769312112,06:08:32.112,kucoinfutures,BTC/USDT:USDT,118800.8,755.0,118800.0,2.0,118800.9,1113.0,118801.0,122.0
1753769312058,06:08:32.058,bitmex,BTC/USDT:USDT,118810.2,18200.0,118810.1,58100.0,118820.8,17400.0,118820.9,57700.0
1753769312103,06:08:32.103,bitget,BTC/USDT:USDT,118763.4,9.5491,118761.2,0.2104,118763.5,22.9041,118764.1,0.0003
1753769312157,06:08:32.157,binanceusdm,BTC/USDT:USDT,118770.3,6.854,118770.2,0.055,118770.4,12.938,118770.5,0.015
1753769312157,06:08:32.157,binance,BTC/USDT:USDT,118770.3,6.854,118770.2,0.055,118770.4,12.938,118770.5,0.015
1753769312152,06:08:32.152,coincatch,BTC/USDT:USDT,118770.3,16.9533,118770.2,0.294,118770.4,2.7168,118770.5,0.0315
1753769312241,06:08:32.241,bybit,BTC/USDT:USDT,118792.0,10.451,118791.9,1.001,118792.1,0.807,118793.0,0.025
1753769312260,06:08:32.260,binanceusdm,BTC/USDT:USDT,118770.3,6.326,118770.2,0.055,118770.4,12.938,118770.5,0.015
1753769312260,06:08:32.260,binance,BTC/USDT:USDT,118770.3,6.326,118770.2,0.055,118770.4,12.938,118770.5,0.015
1753769312305,06:08:32.305,okx,BTC/USDT:USDT,118811.6,394.25,118810.8,191.96,118811.7,344.66,118811.8,3.49
1753769312282,06:08:32.282,coincatch,BTC/USDT:USDT,118770.3,14.3934,118770.2,0.1155,118770.4,2.717,118770.5,0.0315
1753769312306,06:08:32.306,kucoinfutures,BTC/USDT:USDT,118800.8,755.0,118800.0,2.0,118800.9,1113.0,118801.0,122.0
1753769312341,06:08:32.341,bybit,BTC/USDT:USDT,118792.0,10.451,118791.9,1.001,118792.1,0.807,118793.0,0.025
1753769312312,06:08:32.312,kucoinfutures,BTC/USDT:USDT,118800.8,755.0,118800.0,2.0,118800.9,1113.0,118801.0,122.0
1753769312306,06:08:32.306,bitget,BTC/USDT:USDT,118763.4,9.5355,118761.2,0.2104,118763.5,22.9041,118764.1,0.0003
1753769312318,06:08:32.318,kucoinfutures,BTC/USDT:USDT,118800.8,755.0,118800.0,2.0,118800.9,1113.0,118801.0,122.0
1753769312362,06:08:32.362,binanceusdm,BTC/USDT:USDT,118770.3,6.329,118770.2,0.055,118770.4,12.938,118770.5,0.015
1753769312362,06:08:32.362,binance,BTC/USDT:USDT,118770.3,6.329,118770.2,0.055,118770.4,12.938,118770.5,0.015
1753769312357,06:08:32.357,bitmart,BTC/USDT:USDT,118770.3,12119.0,118770.2,452.0,118770.4,10881.0,118770.5,503.0
1753769312405,06:08:32.405,okx,BTC/USDT:USDT,118811.6,425.23,118810.8,191.96,118811.7,344.74,118811.8,3.49
1753769312382,06:08:32.382,coincatch,BTC/USDT:USDT,118770.3,14.3934,118770.2,0.1155,118770.4,2.717,118770.5,0.0315
1753769312441,06:08:32.441,bybit,BTC/USDT:USDT,118792.0,10.448,118791.9,1.001,118792.1,0.851,118793.0,0.025
1753769312409,06:08:32.409,kucoinfutures,BTC/USDT:USDT,118800.8,755.0,118800.0,2.0,118800.9,1113.0,118801.0,122.0
1753769312464,06:08:32.464,binanceusdm,BTC/USDT:USDT,118770.3,6.33,118770.2,0.055,118770.4,12.935,118770.5,0.015
1753769312464,06:08:32.464,binance,BTC/USDT:USDT,118770.3,6.33,118770.2,0.055,118770.4,12.935,118770.5,0.015
1753769312505,06:08:32.505,okx,BTC/USDT:USDT,118811.6,476.96,118810.8,191.96,118811.7,345.04,118811.8,3.49
1753769312484,06:08:32.484,coincatch,BTC/USDT:USDT,118770.3,13.293,118770.2,0.1155,118770.4,2.7163,118770.5,0.0315
1753769312506,06:08:32.506,kucoinfutures,BTC/USDT:USDT,118800.8,755.0,118800.0,2.0,118800.9,1113.0,118801.0,122.0
1753769312541,06:08:32.541,bybit,BTC/USDT:USDT,118792.0,10.451,118791.9,1.001,118792.1,0.851,118792.4,0.011
1753769312509,06:08:32.509,kucoinfutures,BTC/USDT:USDT,118800.8,755.0,118800.0,2.0,118800.9,1113.0,118801.0,122.0
1753769312509,06:08:32.509,bitget,BTC/USDT:USDT,118763.4,9.5355,118761.2,0.2104,118763.5,22.9041,118764.1,0.0003
1753769312554,06:08:32.554,bitmart,BTC/USDT:USDT,118770.3,14260.0,118770.2,452.0,118770.4,12515.0,118770.5,503.0
1753769312566,06:08:32.566,binanceusdm,BTC/USDT:USDT,118770.3,7.536,118770.2,0.055,118770.4,12.878,118770.5,0.015
1753769312566,06:08:32.566,binance,BTC/USDT:USDT,118770.3,7.536,118770.2,0.055,118770.4,12.878,118770.5,0.015
1753769312429,06:08:32.429,deribit,BTC/USDT:USDT,118784.0,0.224,118752.0,0.726,118916.0,0.727,118917.0,0.224
1753769312605,06:08:32.605,okx,BTC/USDT:USDT,118811.6,478.96,118810.8,191.96,118811.7,345.06,118811.8,3.49
1753769312605,06:08:32.605,kucoinfutures,BTC/USDT:USDT,118800.8,755.0,118800.0,2.0,118800.9,1113.0,118801.0,122.0
1753769312607,06:08:32.607,kucoinfutures,BTC/USDT:USDT,118800.8,755.0,118800.0,2.0,118800.9,1113.0,118801.0,122.0
1753769312641,06:08:32.641,bybit,BTC/USDT:USDT,118792.0,10.45,118791.9,1.001,118792.1,0.742,118792.4,0.011
1753769312607,06:08:32.607,kucoinfutures,BTC/USDT:USDT,118800.8,755.0,118800.0,2.0,118800.9,1113.0,118801.0,122.0
1753769312607,06:08:32.607,kucoinfutures,BTC/USDT:USDT,118800.8,755.0,118800.0,2.0,118800.9,1113.0,118801.0,122.0
1753769312611,06:08:32.611,kucoinfutures,BTC/USDT:USDT,118800.8,755.0,118800.0,2.0,118800.9,1113.0,118801.0,122.0
1753769312613,06:08:32.613,kucoinfutures,BTC/USDT:USDT,118800.8,755.0,118800.0,2.0,118800.9,1113.0,118801.0,122.0
1753769312609,06:08:32.609,bitget,BTC/USDT:USDT,118763.4,9.5491,118761.2,0.2104,118763.5,22.9041,118764.1,0.0003
1753769312618,06:08:32.618,kucoinfutures,BTC/USDT:USDT,118800.8,755.0,118800.0,2.0,118800.9,1113.0,118801.0,122.0
1753769312619,06:08:32.619,kucoinfutures,BTC/USDT:USDT,118800.8,755.0,118800.0,2.0,118800.9,1113.0,118801.0,122.0
1753769312619,06:08:32.619,kucoinfutures,BTC/USDT:USDT,118800.8,755.0,118800.0,2.0,118800.9,1113.0,118801.0,122.0
1753769312622,06:08:32.622,kucoinfutures,BTC/USDT:USDT,118800.8,755.0,118800.0,2.0,118800.9,1113.0,118801.0,122.0
1753769312623,06:08:32.623,kucoinfutures,BTC/USDT:USDT,118800.8,755.0,118800.0,2.0,118800.9,1113.0,118801.0,122.0
1753769312625,06:08:32.625,kucoinfutures,BTC/USDT:USDT,118800.8,755.0,118800.0,2.0,118800.9,1113.0,118801.0,122.0
1753769312628,06:08:32.628,kucoinfutures,BTC/USDT:USDT,118800.8,755.0,118800.0,2.0,118800.9,1113.0,118801.0,122.0
1753769312631,06:08:32.631,kucoinfutures,BTC/USDT:USDT,118800.8,755.0,118800.0,2.0,118800.9,1113.0,118801.0,122.0
1753769312637,06:08:32.637,kucoinfutures,BTC/USDT:USDT,118800.8,755.0,118800.0,2.0,118800.9,1113.0,118801.0,122.0
1753769312632,06:08:32.632,coincatch,BTC/USDT:USDT,118770.3,13.293,118770.2,0.1155,118770.4,2.7163,118770.5,0.0315
1753769312643,06:08:32.643,kucoinfutures,BTC/USDT:USDT,118800.8,755.0,118800.0,2.0,118800.9,1113.0,118801.0,122.0
1753769312668,06:08:32.668,binanceusdm,BTC/USDT:USDT,118770.3,7.536,118770.2,0.055,118770.4,12.878,118770.5,0.015
1753769312668,06:08:32.668,binance,BTC/USDT:USDT,118770.3,7.536,118770.2,0.055,118770.4,12.878,118770.5,0.015
1753769312621,06:08:32.621,bitmex,BTC/USDT:USDT,118810.2,18200.0,118810.1,58100.0,118820.8,17400.0,118820.9,57700.0
1753769312705,06:08:32.705,kucoinfutures,BTC/USDT:USDT,118800.8,755.0,118800.0,2.0,118800.9,1113.0,118801.0,122.0
1753769312706,06:08:32.706,kucoinfutures,BTC/USDT:USDT,118800.8,755.0,118800.0,2.0,118800.9,1113.0,118801.0,122.0
1753769312741,06:08:32.741,bybit,BTC/USDT:USDT,118792.0,10.45,118791.9,1.001,118792.1,0.742,118792.4,0.011
1753769312707,06:08:32.707,kucoinfutures,BTC/USDT:USDT,118800.8,755.0,118800.0,2.0,118800.9,1113.0,118801.0,122.0
1753769312707,06:08:32.707,kucoinfutures,BTC/USDT:USDT,118800.8,755.0,118800.0,2.0,118800.9,1113.0,118801.0,122.0
1753769312711,06:08:32.711,kucoinfutures,BTC/USDT:USDT,118800.8,755.0,118800.0,2.0,118800.9,1113.0,118801.0,122.0
1753769312710,06:08:32.710,bitget,BTC/USDT:USDT,118763.4,9.5355,118761.2,0.2104,118763.5,22.9041,118764.1,0.0003
1753769312670,06:08:32.670,bitmex,BTC/USDT:USDT,118810.2,18200.0,118810.1,58100.0,118820.8,17400.0,118820.9,57700.0
1753769312733,06:08:32.733,coincatch,BTC/USDT:USDT,118770.3,15.8256,118770.2,0.1155,118770.4,2.7044,118770.5,0.0315
1753769312744,06:08:32.744,kucoinfutures,BTC/USDT:USDT,118800.8,755.0,118800.0,2.0,118800.9,1113.0,118801.0,122.0
1753769312744,06:08:32.744,kucoinfutures,BTC/USDT:USDT,118800.8,755.0,118800.0,2.0,118800.9,1113.0,118801.0,122.0
1753769312748,06:08:32.748,kucoinfutures,BTC/USDT:USDT,118800.8,755.0,118800.0,2.0,118800.9,1113.0,118801.0,122.0
1753769312756,06:08:32.756,bitmart,BTC/USDT:USDT,118770.3,10339.0,118770.2,452.0,118770.4,12654.0,118770.5,503.0
1753769312771,06:08:32.771,binanceusdm,BTC/USDT:USDT,118770.3,7.576,118770.2,0.055,118770.4,12.883,118770.5,0.015
1753769312771,06:08:32.771,binance,BTC/USDT:USDT,118770.3,7.576,118770.2,0.055,118770.4,12.883,118770.5,0.015
1753769312775,06:08:32.775,kucoinfutures,BTC/USDT:USDT,118800.8,755.0,118800.0,2.0,118800.9,1113.0,118801.0,122.0
1753769312777,06:08:32.777,kucoinfutures,BTC/USDT:USDT,118800.8,755.0,118800.0,2.0,118800.9,1113.0,118801.0,122.0
1753769312777,06:08:32.777,kucoinfutures,BTC/USDT:USDT,118800.8,755.0,118800.0,2.0,118800.9,1113.0,118801.0,122.0
1753769312777,06:08:32.777,kucoinfutures,BTC/USDT:USDT,118800.8,755.0,118800.0,2.0,118800.9,1113.0,118801.0,122.0
1753769312777,06:08:32.777,kucoinfutures,BTC/USDT:USDT,118800.8,755.0,118800.0,2.0,118800.9,1113.0,118801.0,122.0
1753769312777,06:08:32.777,kucoinfutures,BTC/USDT:USDT,118800.8,755.0,118800.0,2.0,118800.9,1113.0,118801.0,122.0
1753769312781,06:08:32.781,kucoinfutures,BTC/USDT:USDT,118800.8,755.0,118800.0,2.0,118800.9,1113.0,118801.0,122.0
1753769312782,06:08:32.782,kucoinfutures,BTC/USDT:USDT,118800.8,755.0,118800.0,2.0,118800.9,1113.0,118801.0,122.0
1753769312805,06:08:32.805,okx,BTC/USDT:USDT,118811.6,479.02,118810.8,191.96,118811.7,348.16,118811.8,3.49
1753769312851,06:08:32.851,kucoinfutures,BTC/USDT:USDT,118800.8,755.0,118800.0,2.0,118800.9,1113.0,118801.0,122.0
1753769313141,06:08:33.141,bybit,BTC/USDT:USDT,118792.0,10.54,118791.9,1.001,118792.1,0.742,118792.4,0.011
1753769312953,06:08:32.953,bitmart,BTC/USDT:USDT,118770.3,10240.0,118770.2,452.0,118770.4,12536.0,118770.5,503.0
1753769313206,06:08:33.206,kucoinfutures,BTC/USDT:USDT,118800.8,735.0,118800.0,2.0,118800.9,1113.0,118801.0,122.0
1753769313241,06:08:33.241,bybit,BTC/USDT:USDT,118792.0,10.54,118791.9,1.001,118792.1,0.742,118792.4,0.011
1753769313211,06:08:33.211,kucoinfutures,BTC/USDT:USDT,118800.8,735.0,118800.0,2.0,118800.9,1113.0,118801.0,122.0
1753769313212,06:08:33.212,kucoinfutures,BTC/USDT:USDT,118800.8,735.0,118800.0,2.0,118800.9,1113.0,118801.0,122.0
1753769313213,06:08:33.213,kucoinfutures,BTC/USDT:USDT,118800.8,735.0,118800.0,2.0,118800.9,1113.0,118801.0,122.0
1753769313213,06:08:33.213,kucoinfutures,BTC/USDT:USDT,118800.8,735.0,118800.0,2.0,118800.9,1113.0,118801.0,122.0
1753769313214,06:08:33.214,kucoinfutures,BTC/USDT:USDT,118800.8,735.0,118800.0,2.0,118800.9,1113.0,118801.0,122.0
1753769313214,06:08:33.214,bitget,BTC/USDT:USDT,118763.4,9.5289,118761.2,0.2104,118763.5,22.9041,118764.1,0.0003
1753769313224,06:08:33.224,kucoinfutures,BTC/USDT:USDT,118800.8,735.0,118800.0,2.0,118800.9,1113.0,118801.0,122.0
1753769313184,06:08:33.184,bitmex,BTC/USDT:USDT,118810.2,18200.0,118810.1,58100.0,118820.8,17400.0,118820.9,57700.0
1753769313232,06:08:33.232,coincatch,BTC/USDT:USDT,118770.3,16.1091,118770.2,0.1155,118770.4,2.7084,118770.5,0.0315
1753769313282,06:08:33.282,binanceusdm,BTC/USDT:USDT,118770.3,7.671,118770.2,0.055,118770.4,12.897,118770.5,0.015
1753769313282,06:08:33.282,binance,BTC/USDT:USDT,118770.3,7.671,118770.2,0.055,118770.4,12.897,118770.5,0.015
1753769313305,06:08:33.305,okx,BTC/USDT:USDT,118811.6,571.08,118811.5,101.0,118811.7,348.16,118811.8,3.49
1753769313341,06:08:33.341,bybit,BTC/USDT:USDT,118792.0,10.54,118791.9,1.001,118792.1,0.742,118792.4,0.011
1753769313306,06:08:33.306,kucoinfutures,BTC/USDT:USDT,118800.8,735.0,118800.0,2.0,118800.9,1113.0,118801.0,122.0
1753769313307,06:08:33.307,kucoinfutures,BTC/USDT:USDT,118800.8,735.0,118800.0,2.0,118800.9,1113.0,118801.0,122.0
1753769313311,06:08:33.311,kucoinfutures,BTC/USDT:USDT,118800.8,735.0,118800.0,2.0,118800.9,1113.0,118801.0,122.0
1753769313317,06:08:33.317,bitget,BTC/USDT:USDT,118763.4,9.489,118761.2,0.2104,118763.5,22.9041,118764.1,0.0003
1753769313334,06:08:33.334,coincatch,BTC/USDT:USDT,118770.3,16.1091,118770.2,0.1155,118770.4,2.7084,118770.5,0.0315
1753769313355,06:08:33.355,kucoinfutures,BTC/USDT:USDT,118800.8,735.0,118800.0,2.0,118800.9,1113.0,118801.0,122.0
1753769313360,06:08:33.360,kucoinfutures,BTC/USDT:USDT,118800.8,735.0,118800.0,2.0,118800.9,1113.0,118801.0,122.0
1753769313360,06:08:33.360,kucoinfutures,BTC/USDT:USDT,118800.8,735.0,118800.0,2.0,118800.9,1113.0,118801.0,122.0
1753769313356,06:08:33.356,bitmart,BTC/USDT:USDT,118770.3,9130.0,118770.2,452.0,118770.4,11423.0,118770.5,503.0
1753769313384,06:08:33.384,kucoinfutures,BTC/USDT:USDT,118800.8,735.0,118800.0,2.0,118800.9,1113.0,118801.0,122.0
1753769313385,06:08:33.385,binanceusdm,BTC/USDT:USDT,118770.3,7.463,118770.2,0.055,118770.4,12.898,118770.5,0.015
1753769313385,06:08:33.385,binance,BTC/USDT:USDT,118770.3,7.463,118770.2,0.055,118770.4,12.898,118770.5,0.015
1753769313385,06:08:33.385,kucoinfutures,BTC/USDT:USDT,118800.8,735.0,118800.0,2.0,118800.9,1113.0,118801.0,122.0
1753769313392,06:08:33.392,kucoinfutures,BTC/USDT:USDT,118800.8,735.0,118800.0,2.0,118800.9,1113.0,118801.0,122.0
1753769313405,06:08:33.405,okx,BTC/USDT:USDT,118811.6,576.57,118811.5,101.0,118811.7,348.16,118811.8,3.49
1753769313441,06:08:33.441,bybit,BTC/USDT:USDT,118792.0,10.54,118791.9,1.001,118792.1,0.742,118792.4,0.011
1753769313412,06:08:33.412,kucoinfutures,BTC/USDT:USDT,118800.8,735.0,118800.0,2.0,118800.9,1113.0,118801.0,122.0
1753769313415,06:08:33.415,kucoinfutures,BTC/USDT:USDT,118800.8,735.0,118800.0,2.0,118800.9,1113.0,118801.0,122.0
1753769313420,06:08:33.420,kucoinfutures,BTC/USDT:USDT,118800.8,735.0,118800.0,2.0,118800.9,1113.0,118801.0,122.0
1753769313417,06:08:33.417,bitget,BTC/USDT:USDT,118763.4,9.4754,118761.2,0.2104,118763.5,22.9041,118764.1,0.0003
1753769313442,06:08:33.442,kucoinfutures,BTC/USDT:USDT,118800.8,735.0,118800.0,2.0,118800.9,1113.0,118801.0,122.0
1753769313442,06:08:33.442,kucoinfutures,BTC/USDT:USDT,118800.8,735.0,118800.0,2.0,118800.9,1113.0,118801.0,122.0
1753769313435,06:08:33.435,coincatch,BTC/USDT:USDT,118770.3,16.1091,118770.2,0.1155,118770.4,2.7084,118770.5,0.0315
1753769313447,06:08:33.447,kucoinfutures,BTC/USDT:USDT,118800.8,735.0,118800.0,2.0,118800.9,1113.0,118801.0,122.0
1753769313447,06:08:33.447,kucoinfutures,BTC/USDT:USDT,118800.8,735.0,118800.0,2.0,118800.9,1113.0,118801.0,122.0
1753769313462,06:08:33.462,kucoinfutures,BTC/USDT:USDT,118800.8,735.0,118800.0,2.0,118800.9,1113.0,118801.0,122.0
1753769313472,06:08:33.472,kucoinfutures,BTC/USDT:USDT,118800.8,735.0,118800.0,2.0,118800.9,1113.0,118801.0,122.0
1753769313488,06:08:33.488,binanceusdm,BTC/USDT:USDT,118770.3,7.006,118770.2,0.055,118770.4,12.898,118770.5,0.015
1753769313488,06:08:33.488,binance,BTC/USDT:USDT,118770.3,7.006,118770.2,0.055,118770.4,12.898,118770.5,0.015
1753769313492,06:08:33.492,kucoinfutures,BTC/USDT:USDT,118800.8,735.0,118800.0,2.0,118800.9,1113.0,118801.0,122.0
1753769313506,06:08:33.506,kucoinfutures,BTC/USDT:USDT,118800.8,735.0,118800.0,2.0,118800.9,1113.0,118801.0,122.0
1753769313507,06:08:33.507,kucoinfutures,BTC/USDT:USDT,118800.8,735.0,118800.0,2.0,118800.9,1113.0,118801.0,122.0
1753769313541,06:08:33.541,bybit,BTC/USDT:USDT,118792.0,10.449,118791.9,1.001,118792.1,0.742,118792.4,0.011
1753769313521,06:08:33.521,kucoinfutures,BTC/USDT:USDT,118800.8,735.0,118800.0,2.0,118800.9,1113.0,118801.0,122.0
1753769313521,06:08:33.521,kucoinfutures,BTC/USDT:USDT,118800.8,735.0,118800.0,2.0,118800.9,1113.0,118801.0,122.0
1753769313519,06:08:33.519,bitget,BTC/USDT:USDT,118763.4,9.4882,118761.2,0.2104,118763.5,22.9041,118764.1,0.0003
1753769313554,06:08:33.554,bitmart,BTC/USDT:USDT,118770.3,9130.0,118770.2,452.0,118770.4,11423.0,118770.5,503.0
1753769313590,06:08:33.590,binanceusdm,BTC/USDT:USDT,118770.3,7.003,118770.2,0.055,118770.4,12.898,118770.5,0.015
1753769313605,06:08:33.605,okx,BTC/USDT:USDT,118811.6,577.57,118811.5,101.0,118811.7,348.16,118811.8,3.49
1753769313590,06:08:33.590,binance,BTC/USDT:USDT,118770.3,7.003,118770.2,0.055,118770.4,12.898,118770.5,0.015
1753769313588,06:08:33.588,coincatch,BTC/USDT:USDT,118770.3,15.9999,118770.2,0.1155,118770.4,2.7086,118770.5,0.0315
1753769313607,06:08:33.607,kucoinfutures,BTC/USDT:USDT,118800.8,735.0,118800.0,2.0,118800.9,1113.0,118801.0,122.0
1753769313641,06:08:33.641,bybit,BTC/USDT:USDT,118792.0,10.449,118791.9,1.001,118792.1,0.742,118792.4,0.011
1753769313610,06:08:33.610,kucoinfutures,BTC/USDT:USDT,118800.8,735.0,118800.0,2.0,118800.9,1113.0,118801.0,122.0
1753769313611,06:08:33.611,kucoinfutures,BTC/USDT:USDT,118800.8,735.0,118800.0,2.0,118800.9,1113.0,118801.0,122.0
1753769313626,06:08:33.626,kucoinfutures,BTC/USDT:USDT,118800.8,735.0,118800.0,2.0,118800.9,1113.0,118801.0,122.0
1753769313623,06:08:33.623,bitget,BTC/USDT:USDT,118763.4,9.4746,118761.2,0.2104,118763.5,22.9041,118764.1,0.0003
1753769313629,06:08:33.629,kucoinfutures,BTC/USDT:USDT,118800.8,735.0,118800.0,2.0,118800.9,1113.0,118801.0,122.0
1753769313631,06:08:33.631,kucoinfutures,BTC/USDT:USDT,118800.8,735.0,118800.0,2.0,118800.9,1113.0,118801.0,122.0
1753769313631,06:08:33.631,kucoinfutures,BTC/USDT:USDT,118800.8,735.0,118800.0,2.0,118800.9,1113.0,118801.0,122.0
1753769313632,06:08:33.632,kucoinfutures,BTC/USDT:USDT,118800.8,735.0,118800.0,2.0,118800.9,1113.0,118801.0,122.0
1753769313634,06:08:33.634,kucoinfutures,BTC/USDT:USDT,118800.8,735.0,118800.0,2.0,118800.9,1113.0,118801.0,122.0
1753769313637,06:08:33.637,kucoinfutures,BTC/USDT:USDT,118800.8,735.0,118800.0,2.0,118800.9,1113.0,118801.0,122.0
1753769313646,06:08:33.646,kucoinfutures,BTC/USDT:USDT,118800.8,735.0,118800.0,2.0,118800.9,1113.0,118801.0,122.0
1753769313649,06:08:33.649,kucoinfutures,BTC/USDT:USDT,118800.8,735.0,118800.0,2.0,118800.9,1113.0,118801.0,122.0
1753769313658,06:08:33.658,kucoinfutures,BTC/USDT:USDT,118800.8,735.0,118800.0,2.0,118800.9,1113.0,118801.0,122.0
1753769313660,06:08:33.660,kucoinfutures,BTC/USDT:USDT,118800.8,735.0,118800.0,2.0,118800.9,1113.0,118801.0,122.0
1753769313705,06:08:33.705,okx,BTC/USDT:USDT,118811.6,576.58,118811.5,101.0,118811.7,348.15,118811.8,3.49
1753769313693,06:08:33.693,binanceusdm,BTC/USDT:USDT,118770.3,7.003,118770.2,0.055,118770.4,12.899,118770.5,0.015
1753769313693,06:08:33.693,binance,BTC/USDT:USDT,118770.3,7.003,118770.2,0.055,118770.4,12.899,118770.5,0.015
1753769313708,06:08:33.708,kucoinfutures,BTC/USDT:USDT,118800.8,735.0,118800.0,2.0,118800.9,1113.0,118801.0,122.0
1753769313741,06:08:33.741,bybit,BTC/USDT:USDT,118792.0,10.449,118791.9,1.001,118792.1,0.736,118792.4,0.011
1753769313720,06:08:33.720,kucoinfutures,BTC/USDT:USDT,118800.8,735.0,118800.0,2.0,118800.9,1113.0,118801.0,122.0
1753769313724,06:08:33.724,kucoinfutures,BTC/USDT:USDT,118800.8,735.0,118800.0,2.0,118800.9,1113.0,118801.0,122.0
1753769313727,06:08:33.727,kucoinfutures,BTC/USDT:USDT,118800.8,735.0,118800.0,2.0,118800.9,1113.0,118801.0,122.0
1753769313724,06:08:33.724,bitget,BTC/USDT:USDT,118763.4,9.4746,118761.2,0.2104,118763.5,22.9041,118764.1,0.0003
1753769313736,06:08:33.736,coincatch,BTC/USDT:USDT,118770.3,14.7063,118770.2,0.1155,118770.4,2.7086,118770.5,0.0315
1753769313756,06:08:33.756,bitmart,BTC/USDT:USDT,118770.3,10363.0,118770.2,452.0,118770.4,12505.0,118770.5,503.0
1753769313774,06:08:33.774,kucoinfutures,BTC/USDT:USDT,118800.8,735.0,118800.0,2.0,118800.9,1113.0,118801.0,122.0
1753769313790,06:08:33.790,kucoinfutures,BTC/USDT:USDT,118800.8,735.0,118800.0,2.0,118800.9,1113.0,118801.0,122.0
1753769313797,06:08:33.797,binanceusdm,BTC/USDT:USDT,118770.3,7.708,118770.2,0.055,118770.4,12.899,118770.5,0.015
1753769313797,06:08:33.797,binance,BTC/USDT:USDT,118770.3,7.708,118770.2,0.055,118770.4,12.899,118770.5,0.015
1753769313841,06:08:33.841,bybit,BTC/USDT:USDT,118792.0,10.535,118791.9,1.001,118792.1,0.736,118792.4,0.011
1753769313776,06:08:33.776,bitmex,BTC/USDT:USDT,118810.2,18200.0,118810.1,58100.0,118820.8,17400.0,118820.9,57700.0
1753769313824,06:08:33.824,bitget,BTC/USDT:USDT,118763.4,9.4746,118761.2,0.2104,118763.5,22.9041,118764.1,0.0003
1753769313825,06:08:33.825,bitmex,BTC/USDT:USDT,118810.2,18200.0,118810.1,58100.0,118820.8,17400.0,118820.9,57700.0
1753769313876,06:08:33.876,kucoinfutures,BTC/USDT:USDT,118800.8,735.0,118800.0,2.0,118800.9,1113.0,118801.0,122.0
1753769313878,06:08:33.878,kucoinfutures,BTC/USDT:USDT,118800.8,735.0,118800.0,2.0,118800.9,1113.0,118801.0,122.0
1753769313883,06:08:33.883,kucoinfutures,BTC/USDT:USDT,118800.8,735.0,118800.0,2.0,118800.9,1113.0,118801.0,122.0
1753769313898,06:08:33.898,binanceusdm,BTC/USDT:USDT,118770.3,8.007,118770.2,0.055,118770.4,12.899,118770.5,0.015
1753769313898,06:08:33.898,binance,BTC/USDT:USDT,118770.3,8.007,118770.2,0.055,118770.4,12.899,118770.5,0.015
1753769313905,06:08:33.905,kucoinfutures,BTC/USDT:USDT,118800.8,735.0,118800.0,2.0,118800.9,1113.0,118801.0,122.0
1753769313941,06:08:33.941,bybit,BTC/USDT:USDT,118792.0,10.535,118791.9,1.001,118792.1,0.736,118792.4,0.011
1753769313922,06:08:33.922,kucoinfutures,BTC/USDT:USDT,118800.8,735.0,118800.0,2.0,118800.9,1113.0,118801.0,122.0
1753769313924,06:08:33.924,kucoinfutures,BTC/USDT:USDT,118800.8,735.0,118800.0,2.0,118800.9,1113.0,118801.0,122.0
1753769313926,06:08:33.926,bitget,BTC/USDT:USDT,118763.4,11.2343,118761.2,0.2104,118763.5,22.9041,118764.1,0.0003
1753769313964,06:08:33.964,kucoinfutures,BTC/USDT:USDT,118800.8,735.0,118800.0,2.0,118800.9,1113.0,118801.0,122.0
1753769314005,06:08:34.005,okx,BTC/USDT:USDT,118811.6,578.28,118811.5,101.0,118811.7,388.45,118811.8,3.49
1753769313986,06:08:33.986,coincatch,BTC/USDT:USDT,118770.3,16.7727,118770.2,0.1155,118770.4,2.7088,118770.5,0.0315
1753769313999,06:08:33.999,binanceusdm,BTC/USDT:USDT,118770.3,7.576,118770.2,0.055,118770.4,12.899,118770.5,0.015
1753769313999,06:08:33.999,binance,BTC/USDT:USDT,118770.3,7.576,118770.2,0.055,118770.4,12.899,118770.5,0.015
1753769313948,06:08:33.948,bitmex,BTC/USDT:USDT,118810.2,18200.0,118810.1,58100.0,118820.8,17400.0,118820.9,57700.0
1753769314041,06:08:34.041,bybit,BTC/USDT:USDT,118792.0,10.534,118791.9,1.001,118792.1,0.736,118792.4,0.011
1753769314025,06:08:34.025,bitget,BTC/USDT:USDT,118763.4,11.2235,118761.2,0.2104,118763.5,22.9041,118764.1,0.0003
1753769313998,06:08:33.998,bitmex,BTC/USDT:USDT,118810.2,18200.0,118810.1,58100.0,118820.8,17400.0,118820.9,57700.0
1753769314102,06:08:34.102,binanceusdm,BTC/USDT:USDT,118770.3,8.26,118770.2,0.055,118770.4,12.899,118770.5,0.015
1753769314102,06:08:34.102,binance,BTC/USDT:USDT,118770.3,8.26,118770.2,0.055,118770.4,12.899,118770.5,0.015
1753769314141,06:08:34.141,bybit,BTC/USDT:USDT,118792.0,10.559,118791.9,1.001,118792.1,0.705,118792.4,0.011
1753769314121,06:08:34.121,kucoinfutures,BTC/USDT:USDT,118800.8,735.0,118800.0,2.0,118800.9,1113.0,118801.0,122.0
1753769314121,06:08:34.121,kucoinfutures,BTC/USDT:USDT,118800.8,735.0,118800.0,2.0,118800.9,1113.0,118801.0,122.0
1753769314128,06:08:34.128,kucoinfutures,BTC/USDT:USDT,118800.8,735.0,118800.0,2.0,118800.9,1113.0,118801.0,122.0
1753769314132,06:08:34.132,kucoinfutures,BTC/USDT:USDT,118800.8,735.0,118800.0,2.0,118800.9,1113.0,118801.0,122.0
1753769314139,06:08:34.139,kucoinfutures,BTC/USDT:USDT,118800.8,735.0,118800.0,2.0,118800.9,1113.0,118801.0,122.0
1753769314141,06:08:34.141,kucoinfutures,BTC/USDT:USDT,118800.8,735.0,118800.0,2.0,118800.9,1113.0,118801.0,122.0
1753769314131,06:08:34.131,coincatch,BTC/USDT:USDT,118770.3,16.7727,118770.2,0.1155,118770.4,2.7088,118770.5,0.0315
1753769314102,06:08:34.102,bitmex,BTC/USDT:USDT,118810.2,18200.0,118810.1,58100.0,118820.8,17400.0,118820.9,57700.0
1753769314176,06:08:34.176,kucoinfutures,BTC/USDT:USDT,118800.8,735.0,118800.0,2.0,118800.9,1113.0,118801.0,122.0
1753769314205,06:08:34.205,okx,BTC/USDT:USDT,118811.6,564.97,118811.5,101.0,118811.7,430.23,118811.8,3.49
1753769314161,06:08:34.161,bitmart,BTC/USDT:USDT,118770.3,12305.0,118770.2,452.0,118770.4,12463.0,118770.5,503.0
1753769314152,06:08:34.152,bitmex,BTC/USDT:USDT,118810.2,18200.0,118810.1,58100.0,118820.8,17400.0,118820.9,57700.0
1753769314203,06:08:34.203,binanceusdm,BTC/USDT:USDT,118770.3,8.26,118770.2,0.055,118770.4,12.899,118770.5,0.015
1753769314203,06:08:34.203,binance,BTC/USDT:USDT,118770.3,8.26,118770.2,0.055,118770.4,12.899,118770.5,0.015
1753769314241,06:08:34.241,bybit,BTC/USDT:USDT,118792.0,10.559,118791.9,1.001,118792.1,0.705,118792.4,0.011
1753769314211,06:08:34.211,kucoinfutures,BTC/USDT:USDT,118800.8,735.0,118800.0,2.0,118800.9,1113.0,118801.0,122.0
1753769314231,06:08:34.231,bitget,BTC/USDT:USDT,118763.4,11.2235,118761.2,0.2104,118763.5,22.9041,118764.1,0.0003
1753769314233,06:08:34.233,coincatch,BTC/USDT:USDT,118770.3,17.346,118770.2,0.1155,118770.4,2.7088,118770.5,0.0315
1753769314205,06:08:34.205,bitmex,BTC/USDT:USDT,118810.2,18200.0,118810.1,58100.0,118820.8,17400.0,118820.9,57700.0
1753769314261,06:08:34.261,kucoinfutures,BTC/USDT:USDT,118800.8,735.0,118800.0,2.0,118800.9,1113.0,118801.0,122.0
1753769314262,06:08:34.262,kucoinfutures,BTC/USDT:USDT,118800.8,735.0,118800.0,2.0,118800.9,1113.0,118801.0,122.0
1753769314262,06:08:34.262,kucoinfutures,BTC/USDT:USDT,118800.8,861.0,118800.0,2.0,118800.9,1113.0,118801.0,122.0
1753769314266,06:08:34.266,kucoinfutures,BTC/USDT:USDT,118800.8,861.0,118800.0,2.0,118800.9,1113.0,118801.0,122.0
1753769314266,06:08:34.266,kucoinfutures,BTC/USDT:USDT,118800.8,861.0,118800.0,2.0,118800.9,1113.0,118801.0,122.0
1753769314290,06:08:34.290,kucoinfutures,BTC/USDT:USDT,118800.8,735.0,118800.0,2.0,118800.9,1113.0,118801.0,122.0
1753769314255,06:08:34.255,bitmex,BTC/USDT:USDT,118810.2,18200.0,118810.1,58100.0,118820.8,17400.0,118820.9,57700.0
1753769314304,06:08:34.304,binanceusdm,BTC/USDT:USDT,118770.3,8.26,118770.2,0.055,118770.4,12.899,118770.5,0.015
1753769314304,06:08:34.304,binance,BTC/USDT:USDT,118770.3,8.26,118770.2,0.055,118770.4,12.899,118770.5,0.015
1753769314305,06:08:34.305,kucoinfutures,BTC/USDT:USDT,118800.8,735.0,118800.0,2.0,118800.9,1113.0,118801.0,122.0
1753769314307,06:08:34.307,kucoinfutures,BTC/USDT:USDT,118800.8,735.0,118800.0,2.0,118800.9,1113.0,118801.0,122.0
1753769314307,06:08:34.307,kucoinfutures,BTC/USDT:USDT,118800.8,735.0,118800.0,2.0,118800.9,1113.0,118801.0,122.0
1753769314341,06:08:34.341,bybit,BTC/USDT:USDT,118792.0,10.559,118791.9,1.002,118792.1,0.705,118792.4,0.011
1753769314310,06:08:34.310,kucoinfutures,BTC/USDT:USDT,118800.8,735.0,118800.0,2.0,118800.9,1113.0,118801.0,122.0
1753769314336,06:08:34.336,coincatch,BTC/USDT:USDT,118770.3,17.346,118770.2,0.1155,118770.4,2.7088,118770.5,0.0315
1753769314332,06:08:34.332,bitget,BTC/USDT:USDT,118763.4,11.2235,118761.2,0.2104,118763.5,22.9041,118764.1,0.0003
1753769314304,06:08:34.304,bitmex,BTC/USDT:USDT,118810.2,18200.0,118810.1,58100.0,118820.8,17400.0,118820.9,57700.0
1753769314304,06:08:34.304,bitmex,BTC/USDT:USDT,118810.2,18200.0,118810.1,58100.0,118820.8,17400.0,118820.9,57700.0
1753769314405,06:08:34.405,binance,BTC/USDT:USDT,118770.3,7.643,118770.2,0.055,118770.4,12.9,118770.5,0.015
1753769314441,06:08:34.441,bybit,BTC/USDT:USDT,118792.0,10.837,118791.9,1.001,118792.1,0.708,118792.4,0.011
1753769314353,06:08:34.353,bitmex,BTC/USDT:USDT,118810.2,18200.0,118810.1,58100.0,118820.8,17400.0,118820.9,57700.0
1753769314433,06:08:34.433,bitget,BTC/USDT:USDT,118763.4,11.2235,118761.2,0.2104,118763.5,22.9041,118764.1,0.0003
1753769314402,06:08:34.402,bitmex,BTC/USDT:USDT,118810.2,18200.0,118810.1,58100.0,118820.8,17400.0,118820.9,57700.0
1753769314484,06:08:34.484,coincatch,BTC/USDT:USDT,118770.3,16.0545,118770.2,0.1155,118770.4,2.709,118770.5,0.0315
1753769314506,06:08:34.506,binanceusdm,BTC/USDT:USDT,118770.3,7.646,118770.2,0.055,118770.4,12.9,118770.5,0.015
1753769314506,06:08:34.506,binance,BTC/USDT:USDT,118770.3,7.646,118770.2,0.055,118770.4,12.9,118770.5,0.015
1753769314507,06:08:34.507,kucoinfutures,BTC/USDT:USDT,118800.8,735.0,118800.0,2.0,118800.9,1113.0,118801.0,122.0
1753769314541,06:08:34.541,bybit,BTC/USDT:USDT,118792.0,10.837,118791.9,1.001,118792.1,0.708,118792.4,0.011
1753769314511,06:08:34.511,kucoinfutures,BTC/USDT:USDT,118800.8,735.0,118800.0,2.0,118800.9,1113.0,118801.0,122.0
1753769314465,06:08:34.465,bitmex,BTC/USDT:USDT,118810.2,18200.0,118810.1,58100.0,118820.8,17400.0,118820.9,57700.0
1753769314533,06:08:34.533,bitget,BTC/USDT:USDT,118763.4,11.2235,118761.2,0.2104,118763.5,22.9041,118764.1,0.0003
1753769314556,06:08:34.556,bitmart,BTC/USDT:USDT,118770.3,12373.0,118770.2,452.0,118770.4,12424.0,118770.5,503.0
1753769314515,06:08:34.515,bitmex,BTC/USDT:USDT,118810.2,18200.0,118810.1,58100.0,118820.8,17400.0,118820.9,57700.0
1753769314605,06:08:34.605,okx,BTC/USDT:USDT,118811.6,565.64,118811.5,101.0,118811.7,444.72,118811.8,3.49
1753769314607,06:08:34.607,kucoinfutures,BTC/USDT:USDT,118800.8,735.0,118800.0,2.0,118800.9,1113.0,118801.0,122.0
1753769314641,06:08:34.641,bybit,BTC/USDT:USDT,118792.0,10.751,118791.9,1.002,118792.1,0.708,118792.4,0.011
1753769314611,06:08:34.611,kucoinfutures,BTC/USDT:USDT,118800.8,735.0,118800.0,2.0,118800.9,1113.0,118801.0,122.0
1753769314611,06:08:34.611,binanceusdm,BTC/USDT:USDT,118770.3,7.625,118770.2,0.055,118770.4,12.9,118770.5,0.015
1753769314611,06:08:34.611,binance,BTC/USDT:USDT,118770.3,7.625,118770.2,0.055,118770.4,12.9,118770.5,0.015
1753769314614,06:08:34.614,kucoinfutures,BTC/USDT:USDT,118800.8,735.0,118800.0,2.0,118800.9,1113.0,118801.0,122.0
1753769314628,06:08:34.628,kucoinfutures,BTC/USDT:USDT,118800.8,735.0,118800.0,2.0,118800.9,1113.0,118801.0,122.0
1753769314633,06:08:34.633,kucoinfutures,BTC/USDT:USDT,118800.8,735.0,118800.0,2.0,118800.9,1113.0,118801.0,122.0
1753769314639,06:08:34.639,kucoinfutures,BTC/USDT:USDT,118800.8,735.0,118800.0,2.0,118800.9,1113.0,118801.0,122.0
1753769314644,06:08:34.644,kucoinfutures,BTC/USDT:USDT,118800.8,735.0,118800.0,2.0,118800.9,1113.0,118801.0,122.0
1753769314635,06:08:34.635,bitget,BTC/USDT:USDT,118763.4,11.2235,118761.2,0.2104,118763.5,22.9041,118764.1,0.0003
1753769314636,06:08:34.636,coincatch,BTC/USDT:USDT,118770.3,16.0545,118770.2,0.1155,118770.4,2.709,118770.5,0.0315
1753769314674,06:08:34.674,kucoinfutures,BTC/USDT:USDT,118800.8,735.0,118800.0,2.0,118800.9,1113.0,118801.0,122.0
1753769314679,06:08:34.679,kucoinfutures,BTC/USDT:USDT,118800.8,735.0,118800.0,2.0,118800.9,1113.0,118801.0,122.0
1753769314683,06:08:34.683,kucoinfutures,BTC/USDT:USDT,118800.8,735.0,118800.0,2.0,118800.9,1113.0,118801.0,122.0
1753769314637,06:08:34.637,bitmex,BTC/USDT:USDT,118810.2,18200.0,118810.1,58100.0,118820.8,17400.0,118820.9,57700.0
1753769314705,06:08:34.705,okx,BTC/USDT:USDT,118811.6,573.76,118811.5,101.0,118811.7,443.8,118811.8,3.49
1753769314706,06:08:34.706,kucoinfutures,BTC/USDT:USDT,118800.8,735.0,118800.0,2.0,118800.9,1113.0,118801.0,122.0
1753769314706,06:08:34.706,kucoinfutures,BTC/USDT:USDT,118800.8,735.0,118800.0,2.0,118800.9,1113.0,118801.0,122.0
1753769314741,06:08:34.741,bybit,BTC/USDT:USDT,118792.0,10.751,118791.9,1.001,118792.1,0.708,118792.4,0.011
1753769314710,06:08:34.710,kucoinfutures,BTC/USDT:USDT,118800.8,735.0,118800.0,2.0,118800.9,1113.0,118801.0,122.0
1753769314714,06:08:34.714,binanceusdm,BTC/USDT:USDT,118770.3,7.633,118770.2,0.055,118770.4,12.897,118770.5,0.015
1753769314714,06:08:34.714,binance,BTC/USDT:USDT,118770.3,7.633,118770.2,0.055,118770.4,12.897,118770.5,0.015
1753769314687,06:08:34.687,bitmex,BTC/USDT:USDT,118810.2,18200.0,118810.1,58100.0,118820.8,17400.0,118820.9,57700.0
1753769314737,06:08:34.737,bitget,BTC/USDT:USDT,118763.4,11.2235,118761.2,0.2104,118763.5,22.9041,118764.1,0.0003
1753769314785,06:08:34.785,coincatch,BTC/USDT:USDT,118770.3,16.0125,118770.2,0.1155,118770.4,2.709,118770.5,0.0315
1753769314805,06:08:34.805,okx,BTC/USDT:USDT,118811.6,577.77,118811.5,101.0,118811.7,443.8,118811.8,3.49
1753769314806,06:08:34.806,kucoinfutures,BTC/USDT:USDT,118800.8,735.0,118800.0,2.0,118800.9,1113.0,118801.0,122.0
1753769314841,06:08:34.841,bybit,BTC/USDT:USDT,118792.0,10.751,118791.9,1.002,118792.1,0.708,118792.4,0.011
1753769314812,06:08:34.812,kucoinfutures,BTC/USDT:USDT,118800.8,735.0,118800.0,2.0,118800.9,1113.0,118801.0,122.0
1753769314816,06:08:34.816,binanceusdm,BTC/USDT:USDT,118770.3,7.633,118770.2,0.055,118770.4,12.897,118770.5,0.015
1753769314816,06:08:34.816,binance,BTC/USDT:USDT,118770.3,7.633,118770.2,0.055,118770.4,12.897,118770.5,0.015
1753769314820,06:08:34.820,kucoinfutures,BTC/USDT:USDT,118800.8,735.0,118800.0,2.0,118800.9,1113.0,118801.0,122.0
1753769314838,06:08:34.838,bitget,BTC/USDT:USDT,118763.4,11.2235,118761.2,0.2104,118763.5,22.9041,118764.1,0.0003
1753769314808,06:08:34.808,bitmex,BTC/USDT:USDT,118810.2,18200.0,118810.1,58100.0,118820.8,17400.0,118820.9,57700.0
1753769314881,06:08:34.881,kucoinfutures,BTC/USDT:USDT,118800.8,735.0,118800.0,2.0,118800.9,1113.0,118801.0,122.0
1753769314883,06:08:34.883,kucoinfutures,BTC/USDT:USDT,118800.8,735.0,118800.0,2.0,118800.9,1113.0,118801.0,122.0
1753769314905,06:08:34.905,okx,BTC/USDT:USDT,118811.6,575.77,118811.5,101.0,118811.7,435.48,118811.8,3.49
1753769314906,06:08:34.906,kucoinfutures,BTC/USDT:USDT,118800.8,735.0,118800.0,2.0,118800.9,1113.0,118801.0,122.0
1753769314941,06:08:34.941,bybit,BTC/USDT:USDT,118792.0,10.838,118791.9,1.001,118792.1,0.705,118792.4,0.011
1753769314857,06:08:34.857,bitmex,BTC/USDT:USDT,118810.2,18200.0,118810.1,58100.0,118820.8,17400.0,118820.9,57700.0
1753769314917,06:08:34.917,binanceusdm,BTC/USDT:USDT,118770.3,8.226,118770.2,0.055,118770.4,12.897,118770.5,0.015
1753769314917,06:08:34.917,binance,BTC/USDT:USDT,118770.3,8.226,118770.2,0.055,118770.4,12.897,118770.5,0.015
1753769314938,06:08:34.938,kucoinfutures,BTC/USDT:USDT,118800.8,861.0,118800.0,2.0,118800.9,1113.0,118801.0,122.0
1753769314939,06:08:34.939,kucoinfutures,BTC/USDT:USDT,118800.8,861.0,118800.0,2.0,118800.9,1113.0,118801.0,122.0
1753769314938,06:08:34.938,bitget,BTC/USDT:USDT,118763.4,11.2235,118761.2,0.2104,118763.5,22.9041,118764.1,0.0003
1753769314934,06:08:34.934,coincatch,BTC/USDT:USDT,118770.3,16.0125,118770.2,0.1155,118770.4,2.709,118770.5,0.0315
1753769314968,06:08:34.968,kucoinfutures,BTC/USDT:USDT,118800.8,735.0,118800.0,2.0,118800.9,1113.0,118801.0,122.0
1753769314937,06:08:34.937,bitmex,BTC/USDT:USDT,118810.2,18200.0,118810.1,58100.0,118820.8,17400.0,118820.9,57700.0
1753769315005,06:08:35.005,okx,BTC/USDT:USDT,118811.6,578.41,118811.5,102.0,118811.7,443.19,118811.8,3.49
1753769315006,06:08:35.006,kucoinfutures,BTC/USDT:USDT,118800.8,735.0,118800.0,2.0,118800.9,1113.0,118801.0,122.0
1753769315041,06:08:35.041,bybit,BTC/USDT:USDT,118792.0,10.839,118791.9,1.001,118792.1,0.705,118792.4,0.011
1753769315018,06:08:35.018,binanceusdm,BTC/USDT:USDT,118770.3,8.819,118770.2,0.055,118770.4,12.897,118770.5,0.015
1753769315018,06:08:35.018,binance,BTC/USDT:USDT,118770.3,8.819,118770.2,0.055,118770.4,12.897,118770.5,0.015
1753769314986,06:08:34.986,bitmex,BTC/USDT:USDT,118810.2,18200.0,118810.1,58100.0,118820.8,17400.0,118820.9,57700.0
1753769315040,06:08:35.040,kucoinfutures,BTC/USDT:USDT,118800.8,735.0,118800.0,2.0,118800.9,1113.0,118801.0,122.0
1753769314905,06:08:34.905,okxus,BTC/USDT:USDT,118811.6,575.77,118811.5,101.0,118811.7,435.48,118811.8,3.49
1753769315034,06:08:35.034,coincatch,BTC/USDT:USDT,118770.3,17.2746,118770.2,0.1155,118770.4,2.7084,118770.5,0.0315
1753769315041,06:08:35.041,bitget,BTC/USDT:USDT,118763.4,11.2235,118761.2,0.2104,118763.5,22.9041,118764.1,0.0003
1753769315058,06:08:35.058,kucoinfutures,BTC/USDT:USDT,118800.8,735.0,118800.0,2.0,118800.9,1113.0,118801.0,122.0
1753769315076,06:08:35.076,kucoinfutures,BTC/USDT:USDT,118800.8,735.0,118800.0,2.0,118800.9,1113.0,118801.0,122.0
1753769315035,06:08:35.035,bitmex,BTC/USDT:USDT,118810.2,18200.0,118810.1,58100.0,118820.8,17400.0,118820.9,57700.0
1753769315105,06:08:35.105,okx,BTC/USDT:USDT,118811.6,577.47,118811.5,102.0,118811.7,435.48,118811.8,3.49
1753769315141,06:08:35.141,bybit,BTC/USDT:USDT,118792.0,10.838,118791.9,1.001,118792.1,0.706,118792.4,0.011
1753769315119,06:08:35.119,binanceusdm,BTC/USDT:USDT,118770.3,8.819,118770.2,0.055,118770.4,12.897,118770.5,0.015
1753769315119,06:08:35.119,binance,BTC/USDT:USDT,118770.3,8.819,118770.2,0.055,118770.4,12.897,118770.5,0.015
1753769315122,06:08:35.122,kucoinfutures,BTC/USDT:USDT,118800.8,735.0,118800.0,2.0,118800.9,1113.0,118801.0,122.0
1753769315124,06:08:35.124,kucoinfutures,BTC/USDT:USDT,118800.8,735.0,118800.0,2.0,118800.9,1113.0,118801.0,122.0
1753769315137,06:08:35.137,coincatch,BTC/USDT:USDT,118770.3,17.2746,118770.2,0.1155,118770.4,2.7084,118770.5,0.0315
1753769315141,06:08:35.141,bitget,BTC/USDT:USDT,118763.4,11.2235,118761.2,0.2104,118763.5,22.9041,118764.1,0.0003
1753769315005,06:08:35.005,okxus,BTC/USDT:USDT,118811.6,578.41,118811.5,102.0,118811.7,443.19,118811.8,3.49
1753769315174,06:08:35.174,kucoinfutures,BTC/USDT:USDT,118800.8,735.0,118800.0,2.0,118800.9,1113.0,118801.0,122.0
1753769315205,06:08:35.205,okx,BTC/USDT:USDT,118811.6,578.49,118811.5,101.0,118811.7,443.19,118811.8,3.49
1753769315149,06:08:35.149,bitmex,BTC/USDT:USDT,118810.2,18200.0,118810.1,58100.0,118820.8,17400.0,118820.9,57700.0
1753769315206,06:08:35.206,kucoinfutures,BTC/USDT:USDT,118800.8,735.0,118800.0,2.0,118800.9,1113.0,118801.0,122.0
1753769315206,06:08:35.206,kucoinfutures,BTC/USDT:USDT,118800.8,735.0,118800.0,2.0,118800.9,1113.0,118801.0,122.0
1753769315241,06:08:35.241,bybit,BTC/USDT:USDT,118792.0,10.838,118791.9,1.001,118792.1,0.745,118792.4,0.011
1753769315211,06:08:35.211,kucoinfutures,BTC/USDT:USDT,118800.8,735.0,118800.0,2.0,118800.9,1113.0,118801.0,122.0
1753769315220,06:08:35.220,binanceusdm,BTC/USDT:USDT,118770.3,7.643,118770.2,0.055,118770.4,12.888,118770.5,0.015
1753769315220,06:08:35.220,binance,BTC/USDT:USDT,118770.3,7.643,118770.2,0.055,118770.4,12.888,118770.5,0.015
1753769315226,06:08:35.226,kucoinfutures,BTC/USDT:USDT,118800.8,735.0,118800.0,2.0,118800.9,1113.0,118801.0,122.0
1753769315237,06:08:35.237,coincatch,BTC/USDT:USDT,118770.3,18.5199,118770.2,0.1155,118770.4,2.7084,118770.5,0.0315
1753769315199,06:08:35.199,bitmex,BTC/USDT:USDT,118810.2,18200.0,118810.1,58100.0,118820.8,17400.0,118820.9,57700.0
1753769315243,06:08:35.243,bitget,BTC/USDT:USDT,118763.4,11.2235,118761.2,0.2104,118763.5,22.9041,118764.1,0.0003
1753769315289,06:08:35.289,kucoinfutures,BTC/USDT:USDT,118800.8,735.0,118800.0,2.0,118800.9,1113.0,118801.0,122.0
1753769315305,06:08:35.305,okx,BTC/USDT:USDT,118811.6,593.32,118811.5,101.0,118811.7,443.19,118811.8,3.49
1753769315305,06:08:35.305,kucoinfutures,BTC/USDT:USDT,118800.8,735.0,118800.0,2.0,118800.9,1113.0,118801.0,122.0
1753769315307,06:08:35.307,kucoinfutures,BTC/USDT:USDT,118800.8,735.0,118800.0,2.0,118800.9,1113.0,118801.0,122.0
1753769315341,06:08:35.341,bybit,BTC/USDT:USDT,118792.0,10.838,118791.9,1.001,118792.1,0.745,118792.4,0.011
1753769315312,06:08:35.312,kucoinfutures,BTC/USDT:USDT,118800.8,735.0,118800.0,2.0,118800.9,1113.0,118801.0,122.0
1753769315313,06:08:35.313,kucoinfutures,BTC/USDT:USDT,118800.8,735.0,118800.0,2.0,118800.9,1113.0,118801.0,122.0
1753769315313,06:08:35.313,kucoinfutures,BTC/USDT:USDT,118800.8,861.0,118800.0,2.0,118800.9,1113.0,118801.0,122.0
1753769315322,06:08:35.322,binanceusdm,BTC/USDT:USDT,118770.3,8.236,118770.2,0.055,118770.4,12.889,118770.5,0.015
1753769315322,06:08:35.322,binance,BTC/USDT:USDT,118770.3,8.236,118770.2,0.055,118770.4,12.889,118770.5,0.015
1753769315340,06:08:35.340,kucoinfutures,BTC/USDT:USDT,118800.8,735.0,118800.0,2.0,118800.9,1113.0,118801.0,122.0
1753769315344,06:08:35.344,bitget,BTC/USDT:USDT,118763.4,11.2235,118761.2,0.2104,118763.5,22.9041,118764.1,0.0003
1753769315405,06:08:35.405,okx,BTC/USDT:USDT,118811.6,593.39,118811.5,101.0,118811.7,435.48,118811.8,3.49
1753769315441,06:08:35.441,bybit,BTC/USDT:USDT,118792.0,10.838,118791.9,1.001,118792.1,0.745,118792.4,0.011
1753769315410,06:08:35.410,kucoinfutures,BTC/USDT:USDT,118800.8,735.0,118800.0,2.0,118800.9,1113.0,118801.0,122.0
1753769315370,06:08:35.370,bitmex,BTC/USDT:USDT,118810.2,18200.0,118810.1,58100.0,118820.8,17400.0,118820.9,57700.0
1753769315424,06:08:35.424,binanceusdm,BTC/USDT:USDT,118770.3,8.34,118770.2,0.055,118770.4,12.889,118770.5,0.015
1753769315424,06:08:35.424,binance,BTC/USDT:USDT,118770.3,8.34,118770.2,0.055,118770.4,12.889,118770.5,0.015
1753769315447,06:08:35.447,bitget,BTC/USDT:USDT,118763.4,11.2217,118761.2,0.2104,118763.5,22.9041,118764.1,0.0003
1753769315488,06:08:35.488,kucoinfutures,BTC/USDT:USDT,118800.8,735.0,118800.0,2.0,118800.9,1113.0,118801.0,122.0
1753769315489,06:08:35.489,kucoinfutures,BTC/USDT:USDT,118800.8,735.0,118800.0,2.0,118800.9,1113.0,118801.0,122.0
1753769315490,06:08:35.490,kucoinfutures,BTC/USDT:USDT,118800.8,735.0,118800.0,2.0,118800.9,1113.0,118801.0,122.0
1753769315490,06:08:35.490,kucoinfutures,BTC/USDT:USDT,118800.8,735.0,118800.0,2.0,118800.9,1113.0,118801.0,122.0
1753769315505,06:08:35.505,okx,BTC/USDT:USDT,118811.6,575.56,118811.5,101.0,118811.7,443.21,118811.8,5.03
1753769315541,06:08:35.541,bybit,BTC/USDT:USDT,118792.0,11.006,118791.9,1.001,118792.1,0.745,118792.4,0.011
1753769315511,06:08:35.511,kucoinfutures,BTC/USDT:USDT,118800.8,735.0,118800.0,2.0,118800.9,1113.0,118801.0,122.0
1753769315511,06:08:35.511,kucoinfutures,BTC/USDT:USDT,118800.8,735.0,118800.0,2.0,118800.9,1113.0,118801.0,122.0
1753769315515,06:08:35.515,kucoinfutures,BTC/USDT:USDT,118800.8,735.0,118800.0,2.0,118800.9,1113.0,118801.0,122.0
1753769315520,06:08:35.520,kucoinfutures,BTC/USDT:USDT,118800.8,735.0,118800.0,2.0,118800.9,1113.0,118801.0,122.0
1753769315525,06:08:35.525,binanceusdm,BTC/USDT:USDT,118770.3,7.755,118770.2,0.055,118770.4,12.889,118770.5,0.015
1753769315525,06:08:35.525,kucoinfutures,BTC/USDT:USDT,118800.8,735.0,118800.0,2.0,118800.9,1113.0,118801.0,122.0
1753769315525,06:08:35.525,binance,BTC/USDT:USDT,118770.3,7.755,118770.2,0.055,118770.4,12.889,118770.5,0.015
1753769315486,06:08:35.486,coincatch,BTC/USDT:USDT,118770.3,17.5329,118770.2,0.1155,118770.4,2.7067,118770.5,0.0315
1753769315493,06:08:35.493,bitmex,BTC/USDT:USDT,118810.2,18200.0,118810.1,58100.0,118820.8,17400.0,118820.9,57700.0
1753769315547,06:08:35.547,bitget,BTC/USDT:USDT,118763.4,11.2217,118761.2,0.2104,118763.5,22.9041,118764.1,0.0003
1753769315552,06:08:35.552,bitmart,BTC/USDT:USDT,118770.3,12301.0,118770.2,452.0,118770.4,12406.0,118770.5,503.0
1753769315552,06:08:35.552,bitmart,BTC/USDT:USDT,118770.3,12301.0,118770.2,452.0,118770.4,12423.0,118770.5,503.0
1753769315568,06:08:35.568,kucoinfutures,BTC/USDT:USDT,118800.8,735.0,118800.0,2.0,118800.9,1113.0,118801.0,122.0
1753769315568,06:08:35.568,kucoinfutures,BTC/USDT:USDT,118800.8,735.0,118800.0,2.0,118800.9,1113.0,118801.0,122.0
1753769315582,06:08:35.582,kucoinfutures,BTC/USDT:USDT,118800.8,861.0,118800.0,2.0,118800.9,1113.0,118801.0,122.0
1753769315543,06:08:35.543,bitmex,BTC/USDT:USDT,118810.2,18200.0,118810.1,58100.0,118820.8,17400.0,118820.9,57700.0
1753769315588,06:08:35.588,coincatch,BTC/USDT:USDT,118770.3,17.5329,118770.2,0.1155,118770.4,2.7067,118770.5,0.0315
1753769315606,06:08:35.606,kucoinfutures,BTC/USDT:USDT,118800.8,861.0,118800.0,2.0,118800.9,1113.0,118801.0,122.0
1753769315641,06:08:35.641,bybit,BTC/USDT:USDT,118792.0,10.919,118791.9,1.001,118792.1,0.745,118792.4,0.011
1753769315625,06:08:35.625,kucoinfutures,BTC/USDT:USDT,118800.8,735.0,118800.0,2.0,118800.9,1113.0,118801.0,122.0
1753769315628,06:08:35.628,binanceusdm,BTC/USDT:USDT,118770.3,8.736,118770.2,0.055,118770.4,12.886,118770.5,0.015
1753769315628,06:08:35.628,binance,BTC/USDT:USDT,118770.3,8.736,118770.2,0.055,118770.4,12.886,118770.5,0.015
1753769315630,06:08:35.630,kucoinfutures,BTC/USDT:USDT,118800.8,735.0,118800.0,2.0,118800.9,1113.0,118801.0,122.0
1753769315630,06:08:35.630,kucoinfutures,BTC/USDT:USDT,118800.8,735.0,118800.0,2.0,118800.9,1113.0,118801.0,122.0
1753769315630,06:08:35.630,kucoinfutures,BTC/USDT:USDT,118800.8,735.0,118800.0,2.0,118800.9,1113.0,118801.0,122.0
1753769315632,06:08:35.632,kucoinfutures,BTC/USDT:USDT,118800.8,861.0,118800.0,2.0,118800.9,1113.0,118801.0,122.0
1753769315634,06:08:35.634,kucoinfutures,BTC/USDT:USDT,118800.8,861.0,118800.0,2.0,118800.9,1113.0,118801.0,122.0
1753769315634,06:08:35.634,kucoinfutures,BTC/USDT:USDT,118800.8,861.0,118800.0,2.0,118800.9,1113.0,118801.0,122.0
1753769315634,06:08:35.634,kucoinfutures,BTC/USDT:USDT,118800.8,861.0,118800.0,2.0,118800.9,1113.0,118801.0,122.0
1753769315648,06:08:35.648,kucoinfutures,BTC/USDT:USDT,118800.8,861.0,118800.0,2.0,118800.9,1113.0,118801.0,122.0
1753769315648,06:08:35.648,bitget,BTC/USDT:USDT,118763.4,11.2217,118761.2,0.2104,118763.5,22.9041,118764.1,0.0003
1753769315657,06:08:35.657,kucoinfutures,BTC/USDT:USDT,118800.8,735.0,118800.0,2.0,118800.9,1113.0,118801.0,122.0
1753769315663,06:08:35.663,kucoinfutures,BTC/USDT:USDT,118800.8,735.0,118800.0,2.0,118800.9,1113.0,118801.0,122.0
1753769315705,06:08:35.705,okx,BTC/USDT:USDT,118811.6,571.27,118811.5,101.0,118811.7,436.68,118811.8,6.03
1753769315706,06:08:35.706,kucoinfutures,BTC/USDT:USDT,118800.8,735.0,118800.0,2.0,118800.9,1113.0,118801.0,122.0
1753769315743,06:08:35.743,bybit,BTC/USDT:USDT,118792.0,10.845,118791.9,1.001,118792.1,0.745,118792.4,0.011
1753769315714,06:08:35.714,kucoinfutures,BTC/USDT:USDT,118800.8,735.0,118800.0,2.0,118800.9,1113.0,118801.0,122.0
1753769315719,06:08:35.719,kucoinfutures,BTC/USDT:USDT,118800.8,735.0,118800.0,2.0,118800.9,1316.0,118801.0,122.0
1753769315721,06:08:35.721,kucoinfutures,BTC/USDT:USDT,118800.8,735.0,118800.0,2.0,118800.9,1316.0,118801.0,122.0
1753769315731,06:08:35.731,binanceusdm,BTC/USDT:USDT,118770.3,6.665,118770.2,0.055,118770.4,14.879,118770.5,0.015
1753769315731,06:08:35.731,binance,BTC/USDT:USDT,118770.3,6.665,118770.2,0.055,118770.4,14.879,118770.5,0.015
1753769315689,06:08:35.689,bitmex,BTC/USDT:USDT,118810.2,18200.0,118810.1,58100.0,118820.8,17400.0,118820.9,57700.0
1753769315746,06:08:35.746,kucoinfutures,BTC/USDT:USDT,118800.8,735.0,118800.0,2.0,118800.9,1316.0,118801.0,122.0
1753769315746,06:08:35.746,kucoinfutures,BTC/USDT:USDT,118800.8,735.0,118800.0,2.0,118800.9,1316.0,118801.0,122.0
1753769315748,06:08:35.748,bitget,BTC/USDT:USDT,118763.4,8.1524,118761.2,1.1658,118763.5,22.9041,118764.1,0.0003
1753769315758,06:08:35.758,bitmart,BTC/USDT:USDT,118770.3,12199.0,118770.2,452.0,118770.4,12511.0,118770.5,503.0
1753769315787,06:08:35.787,kucoinfutures,BTC/USDT:USDT,118800.8,735.0,118800.0,2.0,118800.9,1316.0,118801.0,122.0
1753769315738,06:08:35.738,bitmex,BTC/USDT:USDT,118810.2,18200.0,118810.1,58100.0,118820.8,17400.0,118820.9,57700.0
1753769315796,06:08:35.796,kucoinfutures,BTC/USDT:USDT,118800.8,735.0,118800.0,2.0,118800.9,1316.0,118801.0,122.0
1753769315806,06:08:35.806,kucoinfutures,BTC/USDT:USDT,118800.8,735.0,118800.0,2.0,118800.9,1316.0,118801.0,122.0
1753769315841,06:08:35.841,bybit,BTC/USDT:USDT,118792.0,10.738,118791.9,1.001,118792.1,0.841,118792.4,0.011
1753769315807,06:08:35.807,kucoinfutures,BTC/USDT:USDT,118800.8,735.0,118800.0,2.0,118800.9,1316.0,118801.0,122.0
1753769315811,06:08:35.811,kucoinfutures,BTC/USDT:USDT,118800.8,735.0,118800.0,2.0,118800.9,1316.0,118801.0,122.0
1753769315820,06:08:35.820,kucoinfutures,BTC/USDT:USDT,118800.8,735.0,118800.0,2.0,118800.9,1316.0,118801.0,122.0
1753769315824,06:08:35.824,kucoinfutures,BTC/USDT:USDT,118800.8,735.0,118800.0,2.0,118800.9,1316.0,118801.0,122.0
1753769315835,06:08:35.835,binanceusdm,BTC/USDT:USDT,118770.3,6.647,118770.2,0.055,118770.4,14.876,118770.5,0.015
1753769315835,06:08:35.835,binance,BTC/USDT:USDT,118770.3,6.647,118770.2,0.055,118770.4,14.876,118770.5,0.015
1753769315837,06:08:35.837,coincatch,BTC/USDT:USDT,118770.3,15.855,118770.2,0.1155,118770.4,2.7061,118770.5,0.0315
1753769315795,06:08:35.795,bitmex,BTC/USDT:USDT,118810.2,18200.0,118810.1,58100.0,118820.8,17400.0,118820.9,57700.0
1753769315859,06:08:35.859,kucoinfutures,BTC/USDT:USDT,118800.8,455.0,118800.0,2.0,118800.9,1821.0,118801.0,122.0
1753769315859,06:08:35.859,kucoinfutures,BTC/USDT:USDT,118800.8,377.0,118800.0,2.0,118800.9,1821.0,118801.0,122.0
1753769315859,06:08:35.859,kucoinfutures,BTC/USDT:USDT,118800.8,377.0,118800.0,2.0,118800.9,2326.0,118801.0,122.0
1753769315860,06:08:35.860,kucoinfutures,BTC/USDT:USDT,118800.8,286.0,118800.0,2.0,118800.9,2326.0,118801.0,122.0
1753769315861,06:08:35.861,kucoinfutures,BTC/USDT:USDT,118800.8,124.0,118800.0,2.0,118800.9,2872.0,118801.0,122.0
1753769315862,06:08:35.862,kucoinfutures,BTC/USDT:USDT,118800.8,123.0,118800.0,2.0,118800.9,2872.0,118801.0,122.0
1753769315863,06:08:35.863,kucoinfutures,BTC/USDT:USDT,118800.8,113.0,118800.0,2.0,118800.9,2872.0,118801.0,122.0
1753769315864,06:08:35.864,kucoinfutures,BTC/USDT:USDT,118800.8,113.0,118800.0,2.0,118800.9,2872.0,118801.0,122.0
1753769315864,06:08:35.864,kucoinfutures,BTC/USDT:USDT,118800.8,113.0,118800.0,2.0,118800.9,2872.0,118801.0,122.0
1753769315866,06:08:35.866,kucoinfutures,BTC/USDT:USDT,118800.8,113.0,118800.0,2.0,118800.9,2872.0,118801.0,122.0
1753769315868,06:08:35.868,kucoinfutures,BTC/USDT:USDT,118800.8,113.0,118800.0,2.0,118800.9,2872.0,118801.0,122.0
1753769315850,06:08:35.850,bitget,BTC/USDT:USDT,118763.4,8.1954,118761.2,1.1658,118763.5,23.4146,118764.1,0.0003
1753769315876,06:08:35.876,kucoinfutures,BTC/USDT:USDT,118800.8,113.0,118800.0,2.0,118800.9,2872.0,118801.0,122.0
1753769315877,06:08:35.877,kucoinfutures,BTC/USDT:USDT,118800.8,113.0,118800.0,2.0,118800.9,2872.0,118801.0,122.0
1753769315882,06:08:35.882,kucoinfutures,BTC/USDT:USDT,118800.8,113.0,118800.0,2.0,118800.9,2872.0,118801.0,122.0
1753769315890,06:08:35.890,kucoinfutures,BTC/USDT:USDT,118800.8,113.0,118800.0,2.0,118800.9,2872.0,118801.0,122.0
1753769315890,06:08:35.890,kucoinfutures,BTC/USDT:USDT,118800.8,113.0,118800.0,2.0,118800.9,2872.0,118801.0,122.0
1753769315892,06:08:35.892,kucoinfutures,BTC/USDT:USDT,118800.8,113.0,118800.0,2.0,118800.9,2872.0,118801.0,122.0
1753769315845,06:08:35.845,bitmex,BTC/USDT:USDT,118810.2,18200.0,118810.1,58100.0,118820.8,17400.0,118820.9,57700.0
1753769315906,06:08:35.906,kucoinfutures,BTC/USDT:USDT,118800.8,112.0,118800.0,2.0,118800.9,2872.0,118801.0,122.0
1753769315907,06:08:35.907,kucoinfutures,BTC/USDT:USDT,118800.8,112.0,118800.0,2.0,118800.9,2872.0,118801.0,122.0
1753769315909,06:08:35.909,kucoinfutures,BTC/USDT:USDT,118800.8,112.0,118800.0,2.0,118800.9,2872.0,118801.0,122.0
1753769315942,06:08:35.942,bybit,BTC/USDT:USDT,118792.0,7.018,118791.9,0.001,118792.1,14.58,118792.4,0.011
1753769315911,06:08:35.911,kucoinfutures,BTC/USDT:USDT,118800.8,80.0,118800.0,2.0,118800.9,2872.0,118801.0,122.0
1753769315913,06:08:35.913,kucoinfutures,BTC/USDT:USDT,118800.8,80.0,118800.0,2.0,118800.9,2872.0,118801.0,122.0
1753769315917,06:08:35.917,kucoinfutures,BTC/USDT:USDT,118800.8,81.0,118800.0,2.0,118800.9,2872.0,118801.0,122.0
1753769315924,06:08:35.924,kucoinfutures,BTC/USDT:USDT,118800.8,81.0,118800.0,2.0,118800.9,2872.0,118801.0,122.0
1753769315928,06:08:35.928,kucoinfutures,BTC/USDT:USDT,118800.8,81.0,118800.0,2.0,118800.9,2872.0,118801.0,122.0
1753769315929,06:08:35.929,kucoinfutures,BTC/USDT:USDT,118800.8,81.0,118800.0,2.0,118800.9,2872.0,118801.0,122.0
1753769315929,06:08:35.929,kucoinfutures,BTC/USDT:USDT,118800.8,81.0,118800.0,2.0,118800.9,2872.0,118801.0,122.0
1753769315932,06:08:35.932,kucoinfutures,BTC/USDT:USDT,118800.8,81.0,118800.0,2.0,118800.9,2872.0,118801.0,122.0
1753769315938,06:08:35.938,binanceusdm,BTC/USDT:USDT,118770.3,0.315,118770.2,0.054,118770.4,17.107,118770.5,0.019
1753769315938,06:08:35.938,binance,BTC/USDT:USDT,118770.3,0.315,118770.2,0.054,118770.4,17.107,118770.5,0.019
1753769315805,06:08:35.805,okxus,BTC/USDT:USDT,118811.6,396.45,118810.8,161.96,118811.7,444.34,118811.8,6.03
1753769315894,06:08:35.894,bitmex,BTC/USDT:USDT,118810.2,18200.0,118810.1,58100.0,118820.8,17400.0,118820.9,57700.0
1753769315954,06:08:35.954,kucoinfutures,BTC/USDT:USDT,118800.8,164.0,118800.0,2.0,118800.9,2880.0,118801.0,122.0
1753769315950,06:08:35.950,bitget,BTC/USDT:USDT,118763.4,0.3602,118761.3,2.9467,118763.5,25.2508,118764.1,0.0003
1753769315962,06:08:35.962,kucoinfutures,BTC/USDT:USDT,118800.8,164.0,118800.0,2.0,118800.9,2880.0,118801.0,122.0
1753769315956,06:08:35.956,bitmart,BTC/USDT:USDT,118770.3,14540.0,118770.2,452.0,118770.4,14392.0,118770.5,503.0
1753769315968,06:08:35.968,kucoinfutures,BTC/USDT:USDT,118800.8,164.0,118800.0,2.0,118800.9,2876.0,118801.0,122.0
1753769315969,06:08:35.969,kucoinfutures,BTC/USDT:USDT,118800.8,164.0,118800.0,2.0,118800.9,2876.0,118801.0,122.0
1753769315973,06:08:35.973,kucoinfutures,BTC/USDT:USDT,118800.8,164.0,118800.0,2.0,118800.9,2876.0,118801.0,122.0
1753769315978,06:08:35.978,kucoinfutures,BTC/USDT:USDT,118800.8,164.0,118800.0,2.0,118800.9,2876.0,118801.0,122.0
1753769315978,06:08:35.978,kucoinfutures,BTC/USDT:USDT,118800.8,164.0,118800.0,2.0,118800.9,2876.0,118801.0,122.0
1753769315983,06:08:35.983,kucoinfutures,BTC/USDT:USDT,118800.8,164.0,118800.0,2.0,118800.9,2876.0,118801.0,122.0
1753769315986,06:08:35.986,kucoinfutures,BTC/USDT:USDT,118800.8,164.0,118800.0,2.0,118800.9,2872.0,118801.0,122.0
1753769315989,06:08:35.989,kucoinfutures,BTC/USDT:USDT,118800.8,81.0,118800.0,2.0,118800.9,2872.0,118801.0,122.0
1753769315992,06:08:35.992,kucoinfutures,BTC/USDT:USDT,118800.8,81.0,118800.0,2.0,118800.9,2872.0,118801.0,122.0
1753769315943,06:08:35.943,bitmex,BTC/USDT:USDT,118810.2,9800.0,118810.0,140000.0,118819.6,16200.0,118819.7,53900.0
1753769316007,06:08:36.007,kucoinfutures,BTC/USDT:USDT,118800.8,81.0,118800.0,2.0,118800.9,2872.0,118801.0,122.0
1753769316009,06:08:36.009,kucoinfutures,BTC/USDT:USDT,118800.8,81.0,118800.0,2.0,118800.9,2872.0,118801.0,122.0
1753769316042,06:08:36.042,bybit,BTC/USDT:USDT,118792.0,6.733,118791.1,0.004,118792.1,14.623,118792.2,0.002
1753769316014,06:08:36.014,kucoinfutures,BTC/USDT:USDT,118800.8,81.0,118800.0,2.0,118800.9,2872.0,118801.0,122.0
1753769316015,06:08:36.015,kucoinfutures,BTC/USDT:USDT,118800.8,81.0,118800.0,2.0,118800.9,2872.0,118801.0,122.0
1753769316017,06:08:36.017,kucoinfutures,BTC/USDT:USDT,118800.8,81.0,118800.0,2.0,118800.9,2872.0,118801.0,122.0
1753769316017,06:08:36.017,kucoinfutures,BTC/USDT:USDT,118800.8,81.0,118800.0,2.0,118800.9,2872.0,118801.0,122.0
1753769316019,06:08:36.019,kucoinfutures,BTC/USDT:USDT,118800.8,81.0,118800.0,2.0,118800.9,2872.0,118801.0,122.0
1753769316020,06:08:36.020,kucoinfutures,BTC/USDT:USDT,118800.8,81.0,118800.0,2.0,118800.9,2872.0,118801.0,122.0
1753769316023,06:08:36.023,kucoinfutures,BTC/USDT:USDT,118800.8,81.0,118800.0,2.0,118800.9,2872.0,118801.0,122.0
1753769316024,06:08:36.024,kucoinfutures,BTC/USDT:USDT,118800.8,81.0,118800.0,2.0,118800.9,2872.0,118801.0,122.0
1753769316025,06:08:36.025,kucoinfutures,BTC/USDT:USDT,118800.8,81.0,118800.0,2.0,118800.9,2872.0,118801.0,122.0
1753769316025,06:08:36.025,kucoinfutures,BTC/USDT:USDT,118800.8,81.0,118800.0,2.0,118800.9,2872.0,118801.0,122.0
1753769316026,06:08:36.026,kucoinfutures,BTC/USDT:USDT,118800.8,81.0,118800.0,2.0,118800.9,2872.0,118801.0,122.0
1753769316028,06:08:36.028,kucoinfutures,BTC/USDT:USDT,118800.8,81.0,118800.0,2.0,118800.9,2872.0,118801.0,122.0
1753769316032,06:08:36.032,kucoinfutures,BTC/USDT:USDT,118800.8,81.0,118800.0,2.0,118800.9,2872.0,118801.0,122.0
1753769316035,06:08:36.035,kucoinfutures,BTC/USDT:USDT,118800.8,81.0,118800.0,2.0,118800.9,2872.0,118801.0,122.0
1753769316040,06:08:36.040,binanceusdm,BTC/USDT:USDT,118770.3,0.315,118770.2,0.054,118770.4,17.848,118770.5,0.019
1753769316040,06:08:36.040,binance,BTC/USDT:USDT,118770.3,0.315,118770.2,0.054,118770.4,17.848,118770.5,0.019
1753769315992,06:08:35.992,bitmex,BTC/USDT:USDT,118810.2,500.0,118810.0,140000.0,118810.3,11200.0,118818.1,21400.0
1753769316049,06:08:36.049,kucoinfutures,BTC/USDT:USDT,118800.8,81.0,118800.0,2.0,118800.9,2872.0,118801.0,122.0
1753769316050,06:08:36.050,bitget,BTC/USDT:USDT,118763.4,1.6233,118760.2,0.5868,118763.5,26.2073,118764.1,0.0003
1753769316063,06:08:36.063,kucoinfutures,BTC/USDT:USDT,118800.8,81.0,118800.0,2.0,118800.9,2872.0,118801.0,122.0
1753769316074,06:08:36.074,kucoinfutures,BTC/USDT:USDT,118800.8,81.0,118800.0,2.0,118800.9,2872.0,118801.0,122.0
1753769316074,06:08:36.074,kucoinfutures,BTC/USDT:USDT,118800.8,81.0,118800.0,2.0,118800.9,2872.0,118801.0,122.0
1753769316075,06:08:36.075,kucoinfutures,BTC/USDT:USDT,118800.8,81.0,118800.0,2.0,118800.9,2872.0,118801.0,122.0
1753769316081,06:08:36.081,kucoinfutures,BTC/USDT:USDT,118800.8,81.0,118800.0,2.0,118800.9,2872.0,118801.0,122.0
1753769316081,06:08:36.081,kucoinfutures,BTC/USDT:USDT,118800.8,81.0,118800.0,2.0,118800.9,2872.0,118801.0,122.0
1753769316081,06:08:36.081,kucoinfutures,BTC/USDT:USDT,118800.8,81.0,118800.0,2.0,118800.9,2872.0,118801.0,122.0
1753769316083,06:08:36.083,kucoinfutures,BTC/USDT:USDT,118800.8,81.0,118800.0,2.0,118800.9,2872.0,118801.0,122.0
