timestamp,time,exchange,symbol,bid1_price,bid1_volume,bid2_price,bid2_volume,ask1_price,ask1_volume,ask2_price,ask2_volume
1753769515809,06:11:55.809,apex,ETH/USDT:USDT,3809.03,14.26,3808.88,18.08,3809.31,18.47,3809.43,11.28
1753769515809,06:11:55.809,apex,ETH/USDT:USDT,3809.03,14.26,3808.88,18.08,3809.31,18.47,3809.43,11.28
1753769515809,06:11:55.809,apex,ETH/USDT:USDT,3809.03,14.26,3808.88,18.08,3809.31,18.47,3809.43,11.28
1753769516006,06:11:56.006,apex,ETH/USDT:USDT,3809.03,14.26,3808.88,18.08,3809.31,18.47,3809.43,11.28
1753769516006,06:11:56.006,apex,ETH/USDT:USDT,3809.03,14.26,3808.88,18.08,3809.31,18.47,3809.43,11.28
1753769516006,06:11:56.006,apex,ETH/USDT:USDT,3809.03,14.26,3808.88,18.08,3809.31,18.47,3809.43,11.28
1753769516006,06:11:56.006,apex,ETH/USDT:USDT,3809.03,14.26,3808.88,18.08,3809.31,18.47,3809.43,11.28
1753769516006,06:11:56.006,apex,ETH/USDT:USDT,3809.03,14.26,3808.88,18.08,3809.31,18.47,3809.43,11.28
1753769516006,06:11:56.006,apex,ETH/USDT:USDT,3809.03,14.26,3808.88,18.08,3809.31,18.47,3809.43,11.28
1753769516006,06:11:56.006,apex,ETH/USDT:USDT,3809.03,14.26,3808.88,18.08,3809.31,18.47,3809.43,11.28
1753769516006,06:11:56.006,apex,ETH/USDT:USDT,3809.03,14.26,3808.88,18.08,3809.31,18.47,3809.43,11.28
1753769516006,06:11:56.006,apex,ETH/USDT:USDT,3809.03,14.26,3808.88,18.08,3809.31,18.47,3809.43,11.28
1753769516006,06:11:56.006,apex,ETH/USDT:USDT,3809.03,14.26,3808.88,18.08,3809.31,18.47,3809.43,11.28
1753769516006,06:11:56.006,apex,ETH/USDT:USDT,3809.03,14.26,3808.88,18.08,3809.31,18.47,3809.43,11.28
1753769516006,06:11:56.006,apex,ETH/USDT:USDT,3809.03,14.26,3808.88,18.08,3809.31,18.47,3809.43,11.28
1753769516355,06:11:56.355,apex,ETH/USDT:USDT,3809.03,14.26,3808.88,18.08,3809.31,18.47,3809.43,11.28
1753769516406,06:11:56.406,apex,ETH/USDT:USDT,3809.03,14.26,3808.88,18.08,3809.31,18.47,3809.43,11.28
1753769516406,06:11:56.406,apex,ETH/USDT:USDT,3809.03,14.26,3808.88,18.08,3809.31,18.47,3809.43,11.28
1753769516406,06:11:56.406,apex,ETH/USDT:USDT,3809.03,14.26,3808.88,18.08,3809.31,18.47,3809.43,11.28
1753769516406,06:11:56.406,apex,ETH/USDT:USDT,3809.03,14.26,3808.88,18.08,3809.31,18.47,3809.43,11.28
1753769516406,06:11:56.406,apex,ETH/USDT:USDT,3809.03,14.26,3808.88,18.08,3809.31,18.47,3809.43,11.28
1753769516406,06:11:56.406,apex,ETH/USDT:USDT,3809.03,14.26,3808.88,18.08,3809.31,18.47,3809.43,11.28
1753769517555,06:11:57.555,apex,ETH/USDT:USDT,3809.03,14.26,3808.88,18.08,3809.13,24.25,3809.23,4.99
1753769518062,06:11:58.062,binance,ETH/USDT:USDT,3806.45,56.982,3806.44,0.032,3806.46,36.296,3806.47,0.01
1753769518164,06:11:58.164,binance,ETH/USDT:USDT,3806.45,61.186,3806.44,0.047,3806.46,19.285,3806.47,0.01
1753769518265,06:11:58.265,binance,ETH/USDT:USDT,3806.45,61.186,3806.44,0.047,3806.46,19.727,3806.47,0.01
1753769517549,06:11:57.549,ascendex,ETH/USDT:USDT,3806.44,90.345,3806.43,79.68,3806.47,101.865,3806.48,90.87
1753769518369,06:11:58.369,binanceusdm,ETH/USDT:USDT,3806.45,70.052,3806.44,0.047,3806.46,20.991,3806.47,0.01
1753769518369,06:11:58.369,binance,ETH/USDT:USDT,3806.45,70.052,3806.44,0.047,3806.46,20.991,3806.47,0.01
1753769518472,06:11:58.472,binanceusdm,ETH/USDT:USDT,3806.45,70.052,3806.44,0.047,3806.46,20.988,3806.47,0.01
1753769518472,06:11:58.472,binance,ETH/USDT:USDT,3806.45,70.052,3806.44,0.047,3806.46,20.988,3806.47,0.01
1753769518685,06:11:58.685,binanceusdm,ETH/USDT:USDT,3806.45,61.186,3806.44,0.047,3806.46,24.985,3806.47,0.01
1753769517549,06:11:57.549,ascendex,ETH/USDT:USDT,3806.44,90.345,3806.43,79.68,3806.47,101.865,3806.48,90.87
1753769517549,06:11:57.549,ascendex,ETH/USDT:USDT,3806.44,90.345,3806.43,79.68,3806.47,101.865,3806.48,90.87
1753769519203,06:11:59.203,binanceusdm,ETH/USDT:USDT,3806.45,68.276,3806.44,0.055,3806.46,31.939,3806.47,0.01
1753769519203,06:11:59.203,binance,ETH/USDT:USDT,3806.45,68.276,3806.44,0.055,3806.46,31.939,3806.47,0.01
1753769519305,06:11:59.305,binance,ETH/USDT:USDT,3806.45,68.276,3806.44,0.055,3806.46,32.647,3806.47,0.01
1753769519305,06:11:59.305,binanceusdm,ETH/USDT:USDT,3806.45,68.276,3806.44,0.055,3806.46,32.647,3806.47,0.01
1753769519406,06:11:59.406,binance,ETH/USDT:USDT,3806.45,68.276,3806.44,0.055,3806.46,32.675,3806.47,0.01
1753769519406,06:11:59.406,binanceusdm,ETH/USDT:USDT,3806.45,68.276,3806.44,0.055,3806.46,32.675,3806.47,0.01
1753769519509,06:11:59.509,binance,ETH/USDT:USDT,3806.45,68.276,3806.44,0.055,3806.46,32.669,3806.47,0.01
1753769519509,06:11:59.509,binanceusdm,ETH/USDT:USDT,3806.45,68.276,3806.44,0.055,3806.46,32.669,3806.47,0.01
1753769517549,06:11:57.549,ascendex,ETH/USDT:USDT,3806.44,90.345,3806.43,79.68,3806.47,101.865,3806.48,90.87
1753769519610,06:11:59.610,binanceusdm,ETH/USDT:USDT,3806.45,68.249,3806.44,0.055,3806.46,33.9,3806.47,0.01
1753769519610,06:11:59.610,binance,ETH/USDT:USDT,3806.45,68.249,3806.44,0.055,3806.46,33.9,3806.47,0.01
1753769519711,06:11:59.711,binanceusdm,ETH/USDT:USDT,3806.45,68.197,3806.44,0.055,3806.46,33.906,3806.47,0.01
1753769519711,06:11:59.711,binance,ETH/USDT:USDT,3806.45,68.197,3806.44,0.055,3806.46,33.906,3806.47,0.01
1753769519813,06:11:59.813,binanceusdm,ETH/USDT:USDT,3806.45,66.84,3806.44,0.055,3806.46,33.906,3806.47,0.01
1753769519813,06:11:59.813,binance,ETH/USDT:USDT,3806.45,66.84,3806.44,0.055,3806.46,33.906,3806.47,0.01
1753769517549,06:11:57.549,ascendex,ETH/USDT:USDT,3806.44,90.345,3806.43,79.68,3806.47,101.865,3806.48,90.87
1753769519915,06:11:59.915,binance,ETH/USDT:USDT,3806.45,66.84,3806.44,0.055,3806.46,33.906,3806.47,0.01
1753769519915,06:11:59.915,binanceusdm,ETH/USDT:USDT,3806.45,66.84,3806.44,0.055,3806.46,33.906,3806.47,0.01
1753769520119,06:12:00.119,binance,ETH/USDT:USDT,3806.45,66.792,3806.44,0.065,3806.46,18.315,3806.47,0.01
1753769520119,06:12:00.119,binanceusdm,ETH/USDT:USDT,3806.45,66.792,3806.44,0.065,3806.46,18.315,3806.47,0.01
1753769517549,06:11:57.549,ascendex,ETH/USDT:USDT,3806.44,90.345,3806.43,79.68,3806.47,101.865,3806.48,90.87
1753769520223,06:12:00.223,binanceusdm,ETH/USDT:USDT,3806.45,68.052,3806.44,0.08,3806.46,18.65,3806.47,0.01
1753769520223,06:12:00.223,binance,ETH/USDT:USDT,3806.45,68.052,3806.44,0.08,3806.46,18.65,3806.47,0.01
1753769520428,06:12:00.428,binanceusdm,ETH/USDT:USDT,3806.45,68.599,3806.44,0.08,3806.46,18.939,3806.47,0.01
1753769520428,06:12:00.428,binance,ETH/USDT:USDT,3806.45,68.599,3806.44,0.08,3806.46,18.939,3806.47,0.01
1753769517549,06:11:57.549,ascendex,ETH/USDT:USDT,3806.44,90.345,3806.43,79.68,3806.47,101.865,3806.48,90.87
1753769520737,06:12:00.737,binanceusdm,ETH/USDT:USDT,3806.45,68.624,3806.44,0.552,3806.46,19.185,3806.47,0.01
1753769517549,06:11:57.549,ascendex,ETH/USDT:USDT,3806.44,90.345,3806.43,79.68,3806.47,101.865,3806.48,90.87
1753769520838,06:12:00.838,binance,ETH/USDT:USDT,3806.45,69.244,3806.44,0.552,3806.46,19.184,3806.47,0.01
1753769520838,06:12:00.838,binanceusdm,ETH/USDT:USDT,3806.45,69.244,3806.44,0.552,3806.46,19.184,3806.47,0.01
1753769520941,06:12:00.941,binanceusdm,ETH/USDT:USDT,3806.45,68.242,3806.44,0.552,3806.46,10.427,3806.47,0.01
1753769520941,06:12:00.941,binance,ETH/USDT:USDT,3806.45,68.242,3806.44,0.552,3806.46,10.427,3806.47,0.01
1753769521042,06:12:01.042,binance,ETH/USDT:USDT,3806.45,68.242,3806.44,0.552,3806.46,10.427,3806.47,0.01
1753769521042,06:12:01.042,binanceusdm,ETH/USDT:USDT,3806.45,68.242,3806.44,0.552,3806.46,10.427,3806.47,0.01
1753769521147,06:12:01.147,binanceusdm,ETH/USDT:USDT,3806.45,70.212,3806.44,0.552,3806.46,28.315,3806.47,0.01
1753769521147,06:12:01.147,binance,ETH/USDT:USDT,3806.45,70.212,3806.44,0.552,3806.46,28.315,3806.47,0.01
1753769517549,06:11:57.549,ascendex,ETH/USDT:USDT,3806.44,90.345,3806.43,79.68,3806.47,101.865,3806.48,90.87
1753769521248,06:12:01.248,binanceusdm,ETH/USDT:USDT,3806.45,70.206,3806.44,0.552,3806.46,29.923,3806.47,0.01
1753769521248,06:12:01.248,binance,ETH/USDT:USDT,3806.45,70.206,3806.44,0.552,3806.46,29.923,3806.47,0.01
1753769521088,06:12:01.088,bitget,ETH/USDT:USDT,3806.41,40.91,3806.35,33.51,3806.42,118.26,3806.44,10.05
1753769521349,06:12:01.349,binanceusdm,ETH/USDT:USDT,3806.45,68.162,3806.44,0.552,3806.46,34.127,3806.47,0.024
1753769521349,06:12:01.349,binance,ETH/USDT:USDT,3806.45,68.162,3806.44,0.552,3806.46,34.127,3806.47,0.024
1753769521389,06:12:01.389,bitget,ETH/USDT:USDT,3806.41,27.01,3806.36,14.68,3806.42,122.25,3806.55,0.08
1753769521450,06:12:01.450,binance,ETH/USDT:USDT,3806.45,68.22,3806.44,0.552,3806.46,33.864,3806.47,0.024
1753769521450,06:12:01.450,binanceusdm,ETH/USDT:USDT,3806.45,68.22,3806.44,0.552,3806.46,33.864,3806.47,0.024
1753769517549,06:11:57.549,ascendex,ETH/USDT:USDT,3806.44,90.345,3806.43,79.68,3806.47,101.865,3806.48,90.87
1753769521490,06:12:01.490,bitget,ETH/USDT:USDT,3806.41,27.01,3806.36,8.5,3806.42,122.25,3806.55,0.08
1753769517549,06:11:57.549,ascendex,ETH/USDT:USDT,3806.44,90.345,3806.43,79.68,3806.47,101.865,3806.48,90.87
1753769521792,06:12:01.792,bitget,ETH/USDT:USDT,3806.41,36.75,3806.36,25.16,3806.42,122.25,3806.55,0.08
1753769521761,06:12:01.761,binance,ETH/USDT:USDT,3806.45,68.188,3806.44,0.552,3806.46,16.818,3806.47,0.024
1753769521865,06:12:01.865,binanceusdm,ETH/USDT:USDT,3806.45,68.188,3806.44,0.552,3806.46,16.818,3806.47,0.047
1753769521865,06:12:01.865,binance,ETH/USDT:USDT,3806.45,68.188,3806.44,0.552,3806.46,16.818,3806.47,0.047
1753769521893,06:12:01.893,bitget,ETH/USDT:USDT,3806.41,46.23,3806.36,25.16,3806.42,122.36,3806.55,0.08
1753769521968,06:12:01.968,binanceusdm,ETH/USDT:USDT,3806.45,68.713,3806.44,0.552,3806.46,16.818,3806.47,0.047
1753769521968,06:12:01.968,binance,ETH/USDT:USDT,3806.45,68.713,3806.44,0.552,3806.46,16.818,3806.47,0.047
1753769521992,06:12:01.992,bitget,ETH/USDT:USDT,3806.41,67.25,3806.37,30.0,3806.42,122.36,3806.55,0.08
1753769522070,06:12:02.070,binance,ETH/USDT:USDT,3806.45,68.727,3806.44,0.552,3806.46,16.706,3806.47,0.047
1753769522070,06:12:02.070,binanceusdm,ETH/USDT:USDT,3806.45,68.727,3806.44,0.552,3806.46,16.706,3806.47,0.047
1753769522093,06:12:02.093,bitget,ETH/USDT:USDT,3806.41,67.25,3806.38,15.76,3806.42,122.36,3806.55,0.08
1753769517549,06:11:57.549,ascendex,ETH/USDT:USDT,3806.44,90.345,3806.43,79.68,3806.47,101.865,3806.48,90.87
1753769522214,06:12:02.214,bitfinex,ETH/USDT:USDT,3809.5,22.40262,3809.1,0.65343937,3809.6,1.78131,3809.8,0.4212
1753769522181,06:12:02.181,binance,ETH/USDT:USDT,3806.45,68.727,3806.44,0.552,3806.46,16.824,3806.47,0.047
1753769522181,06:12:02.181,binanceusdm,ETH/USDT:USDT,3806.45,68.727,3806.44,0.552,3806.46,16.824,3806.47,0.047
1753769522192,06:12:02.192,bitget,ETH/USDT:USDT,3806.41,83.01,3806.37,30.0,3806.42,118.37,3806.55,0.08
1753769522284,06:12:02.284,binanceusdm,ETH/USDT:USDT,3806.45,68.727,3806.44,0.552,3806.46,16.822,3806.47,0.058
1753769522284,06:12:02.284,binance,ETH/USDT:USDT,3806.45,68.727,3806.44,0.552,3806.46,16.822,3806.47,0.058
1753769517549,06:11:57.549,ascendex,ETH/USDT:USDT,3806.44,90.345,3806.43,79.68,3806.47,101.865,3806.48,90.87
1753769522732,06:12:02.732,bitfinex,ETH/USDT:USDT,3809.5,22.40262,3809.1,0.65343937,3809.6,1.78131,3809.8,0.4212
1753769522591,06:12:02.591,binance,ETH/USDT:USDT,3806.45,65.563,3806.44,0.552,3806.46,13.674,3806.47,0.073
1753769522740,06:12:02.740,bitfinex,ETH/USDT:USDT,3809.5,22.40262,3809.1,0.65343937,3809.6,1.78131,3809.8,0.4212
1753769522693,06:12:02.693,binanceusdm,ETH/USDT:USDT,3806.45,65.563,3806.44,0.552,3806.46,13.674,3806.47,0.073
1753769522796,06:12:02.796,binance,ETH/USDT:USDT,3806.45,65.601,3806.44,0.552,3806.46,13.237,3806.47,0.073
1753769522796,06:12:02.796,binanceusdm,ETH/USDT:USDT,3806.45,65.601,3806.44,0.552,3806.46,13.237,3806.47,0.073
1753769522797,06:12:02.797,bitget,ETH/USDT:USDT,3806.41,78.51,3806.37,15.76,3806.42,118.37,3806.55,0.08
1753769522899,06:12:02.899,binance,ETH/USDT:USDT,3806.45,65.594,3806.44,0.552,3806.46,13.237,3806.47,0.073
1753769522899,06:12:02.899,binanceusdm,ETH/USDT:USDT,3806.45,65.594,3806.44,0.552,3806.46,13.237,3806.47,0.073
1753769522898,06:12:02.898,bitget,ETH/USDT:USDT,3806.41,73.27,3806.37,15.76,3806.42,122.36,3806.55,0.08
1753769522997,06:12:02.997,bitget,ETH/USDT:USDT,3806.41,84.07,3806.38,28.0,3806.42,122.36,3806.55,0.08
1753769523009,06:12:03.009,binance,ETH/USDT:USDT,3806.45,65.594,3806.44,0.552,3806.46,13.308,3806.47,0.073
1753769523009,06:12:03.009,binanceusdm,ETH/USDT:USDT,3806.45,65.594,3806.44,0.552,3806.46,13.308,3806.47,0.073
1753769523098,06:12:03.098,bitget,ETH/USDT:USDT,3806.41,99.83,3806.39,39.35,3806.42,122.36,3806.55,0.08
1753769523111,06:12:03.111,binance,ETH/USDT:USDT,3806.45,65.115,3806.44,0.552,3806.46,13.308,3806.47,0.073
1753769523111,06:12:03.111,binanceusdm,ETH/USDT:USDT,3806.45,65.115,3806.44,0.552,3806.46,13.308,3806.47,0.073
1753769523197,06:12:03.197,bitget,ETH/USDT:USDT,3806.41,99.83,3806.39,39.35,3806.42,122.36,3806.55,0.08
1753769523213,06:12:03.213,binanceusdm,ETH/USDT:USDT,3806.45,65.088,3806.44,0.552,3806.46,13.314,3806.47,0.073
1753769523213,06:12:03.213,binance,ETH/USDT:USDT,3806.45,65.088,3806.44,0.552,3806.46,13.314,3806.47,0.073
1753769523317,06:12:03.317,bitfinex,ETH/USDT:USDT,3809.5,22.40262,3809.1,0.65343937,3809.6,1.78131,3809.8,0.4212
1753769523317,06:12:03.317,bitfinex,ETH/USDT:USDT,3809.5,22.40262,3809.1,1.96610937,3809.6,1.78131,3809.8,0.4212
1753769523319,06:12:03.319,bitfinex,ETH/USDT:USDT,3809.5,22.40262,3809.1,1.96610937,3809.6,1.78131,3809.8,0.4212
1753769523297,06:12:03.297,bitget,ETH/USDT:USDT,3806.41,99.83,3806.39,26.23,3806.42,122.36,3806.55,0.08
1753769523315,06:12:03.315,binance,ETH/USDT:USDT,3806.45,65.082,3806.44,0.552,3806.46,14.817,3806.47,0.073
1753769523315,06:12:03.315,binanceusdm,ETH/USDT:USDT,3806.45,65.082,3806.44,0.552,3806.46,14.817,3806.47,0.073
1753769523623,06:12:03.623,bitfinex,ETH/USDT:USDT,3809.5,21.8776,3809.4,0.52502,3809.6,1.78131,3809.8,0.4212
1753769523628,06:12:03.628,bitfinex,ETH/USDT:USDT,3809.5,21.8776,3809.4,0.52502,3809.6,1.78131,3809.8,0.4212
1753769523599,06:12:03.599,bitget,ETH/USDT:USDT,3806.41,62.72,3806.39,26.23,3806.42,122.36,3806.55,0.08
1753769517549,06:11:57.549,ascendex,ETH/USDT:USDT,3806.44,90.345,3806.43,79.68,3806.47,101.865,3806.48,90.87
1753769517549,06:11:57.549,ascendex,ETH/USDT:USDT,3806.44,90.345,3806.43,79.68,3806.47,101.865,3806.48,90.87
1753769524143,06:12:04.143,bitfinex,ETH/USDT:USDT,3809.5,21.8776,3809.4,0.52502,3809.6,1.78131,3809.8,0.4212
1753769524101,06:12:04.101,bitget,ETH/USDT:USDT,3806.41,71.16,3806.39,13.22,3806.42,120.9,3806.55,0.08
1753769524122,06:12:04.122,bitmart,ETH/USDT:USDT,3806.45,114549.0,3806.44,23900.0,3806.46,37004.0,3806.47,10600.0
1753769524163,06:12:04.163,binance,ETH/USDT:USDT,3806.45,65.885,3806.44,0.552,3806.46,37.585,3806.47,0.073
1753769524163,06:12:04.163,binanceusdm,ETH/USDT:USDT,3806.45,65.885,3806.44,0.552,3806.46,37.585,3806.47,0.073
1753769524201,06:12:04.201,bitget,ETH/USDT:USDT,3806.41,71.16,3806.39,13.22,3806.42,120.9,3806.55,0.08
1753769524264,06:12:04.264,binanceusdm,ETH/USDT:USDT,3806.45,67.562,3806.44,0.552,3806.46,37.594,3806.47,0.073
1753769524264,06:12:04.264,binance,ETH/USDT:USDT,3806.45,67.562,3806.44,0.552,3806.46,37.594,3806.47,0.073
1753769524308,06:12:04.308,bitfinex,ETH/USDT:USDT,3809.5,21.8776,3809.4,0.52502,3809.6,1.78131,3809.9,1.51244
1753769524309,06:12:04.309,bitfinex,ETH/USDT:USDT,3809.5,21.8776,3809.4,0.52502,3809.6,2.50261,3809.9,1.51244
1753769524310,06:12:04.310,bitfinex,ETH/USDT:USDT,3809.5,21.8776,3809.4,0.52502,3809.6,2.50261,3809.9,1.51244
1753769517549,06:11:57.549,ascendex,ETH/USDT:USDT,3806.44,90.345,3806.43,79.68,3806.47,101.865,3806.48,90.87
1753769524301,06:12:04.301,bitget,ETH/USDT:USDT,3806.41,71.16,3806.39,9.35,3806.42,120.9,3806.55,0.08
1753769524319,06:12:04.319,bitmart,ETH/USDT:USDT,3806.45,146274.0,3806.44,23900.0,3806.46,111827.0,3806.47,10600.0
1753769524402,06:12:04.402,bitget,ETH/USDT:USDT,3806.41,71.16,3806.39,9.35,3806.42,120.9,3806.55,0.08
1753769524696,06:12:04.696,bitfinex,ETH/USDT:USDT,3809.5,21.8776,3809.4,0.52502,3809.6,2.50261,3809.9,1.51244
1753769524699,06:12:04.699,bitfinex,ETH/USDT:USDT,3809.5,21.8776,3809.4,0.52502,3809.6,2.50261,3809.9,1.51244
1753769524502,06:12:04.502,bitget,ETH/USDT:USDT,3806.41,65.3,3806.39,9.35,3806.42,120.9,3806.55,0.08
1753769524577,06:12:04.577,binanceusdm,ETH/USDT:USDT,3806.45,65.468,3806.44,0.552,3806.46,46.071,3806.47,0.073
1753769517549,06:11:57.549,ascendex,ETH/USDT:USDT,3806.44,90.345,3806.43,79.68,3806.47,101.865,3806.48,90.87
1753769524603,06:12:04.603,bitget,ETH/USDT:USDT,3806.41,45.35,3806.39,9.35,3806.42,120.66,3806.55,0.08
1753769524680,06:12:04.680,binance,ETH/USDT:USDT,3806.45,12.734,3806.44,0.055,3806.46,57.731,3806.47,0.073
1753769524708,06:12:04.708,bitmex,ETH/USDT:USDT,3808.37,25000.0,3808.06,20000.0,3808.66,210000.0,3808.85,318000.0
1753769524781,06:12:04.781,binanceusdm,ETH/USDT:USDT,3806.45,6.728,3806.44,0.055,3806.46,59.983,3806.47,0.088
1753769524781,06:12:04.781,binance,ETH/USDT:USDT,3806.45,6.728,3806.44,0.055,3806.46,59.983,3806.47,0.088
1753769524757,06:12:04.757,bitmex,ETH/USDT:USDT,3808.37,25000.0,3808.06,20000.0,3808.66,210000.0,3808.84,95000.0
1753769524804,06:12:04.804,bitget,ETH/USDT:USDT,3806.41,2.47,3806.26,5.66,3806.42,122.54,3806.55,0.08
1753769524806,06:12:04.806,bitmex,ETH/USDT:USDT,3808.37,25000.0,3808.06,20000.0,3808.66,210000.0,3808.84,95000.0
1753769524915,06:12:04.915,bitfinex,ETH/USDT:USDT,3809.5,21.8776,3809.1,0.65343937,3809.6,2.50261,3809.9,1.51244
1753769524915,06:12:04.915,bitfinex,ETH/USDT:USDT,3809.5,21.8776,3809.1,0.65343937,3809.6,2.50261,3809.9,1.51244
1753769524885,06:12:04.885,binance,ETH/USDT:USDT,3806.45,6.728,3806.44,0.055,3806.46,57.952,3806.47,0.088
1753769524885,06:12:04.885,binanceusdm,ETH/USDT:USDT,3806.45,6.728,3806.44,0.055,3806.46,57.952,3806.47,0.088
1753769524855,06:12:04.855,bitmex,ETH/USDT:USDT,3808.37,25000.0,3808.06,20000.0,3808.66,210000.0,3808.84,95000.0
1753769524906,06:12:04.906,bitget,ETH/USDT:USDT,3806.41,2.47,3806.27,30.4,3806.42,135.14,3806.55,0.08
1753769517549,06:11:57.549,ascendex,ETH/USDT:USDT,3806.44,90.345,3806.43,79.68,3806.47,101.865,3806.48,90.87
1753769524924,06:12:04.924,bitmart,ETH/USDT:USDT,3806.45,44853.0,3806.44,23900.0,3806.46,118450.0,3806.47,10600.0
1753769524904,06:12:04.904,bitmex,ETH/USDT:USDT,3808.37,25000.0,3808.06,20000.0,3808.66,210000.0,3808.84,95000.0
1753769524987,06:12:04.987,binanceusdm,ETH/USDT:USDT,3806.45,6.731,3806.44,0.055,3806.46,62.659,3806.47,0.088
1753769524987,06:12:04.987,binance,ETH/USDT:USDT,3806.45,6.731,3806.44,0.055,3806.46,62.659,3806.47,0.088
1753769524953,06:12:04.953,bitmex,ETH/USDT:USDT,3808.37,25000.0,3808.06,20000.0,3808.38,27000.0,3808.66,210000.0
1753769525006,06:12:05.006,bitget,ETH/USDT:USDT,3806.41,2.47,3806.27,30.4,3806.42,135.14,3806.55,0.08
1753769525002,06:12:05.002,bitmex,ETH/USDT:USDT,3808.37,25000.0,3808.06,20000.0,3808.38,27000.0,3808.66,210000.0
1753769525090,06:12:05.090,binanceusdm,ETH/USDT:USDT,3806.45,14.506,3806.44,0.055,3806.46,61.061,3806.47,0.088
1753769525090,06:12:05.090,binance,ETH/USDT:USDT,3806.45,14.506,3806.44,0.055,3806.46,61.061,3806.47,0.088
1753769525051,06:12:05.051,bitmex,ETH/USDT:USDT,3808.37,25000.0,3808.06,20000.0,3808.38,27000.0,3808.66,210000.0
1753769525106,06:12:05.106,bitget,ETH/USDT:USDT,3806.41,2.47,3806.27,30.4,3806.42,135.14,3806.55,0.08
1753769525117,06:12:05.117,bitmex,ETH/USDT:USDT,3808.37,25000.0,3808.06,20000.0,3808.38,27000.0,3808.66,210000.0
1753769524789,06:12:04.789,blofin,ETH/USDT:USDT,3805.44,3962.0,3805.43,1240.0,3805.45,13126.0,3805.46,1455.0
1753769525227,06:12:05.227,bitfinex,ETH/USDT:USDT,3809.5,21.8776,3809.1,0.65343937,3809.6,2.50261,3809.9,1.51244
1753769525228,06:12:05.228,bitfinex,ETH/USDT:USDT,3809.5,21.8776,3809.1,0.65343937,3809.6,2.50261,3809.9,1.51244
1753769525192,06:12:05.192,binanceusdm,ETH/USDT:USDT,3806.45,2.539,3806.44,0.055,3806.46,96.552,3806.47,0.088
1753769525192,06:12:05.192,binance,ETH/USDT:USDT,3806.45,2.539,3806.44,0.055,3806.46,96.552,3806.47,0.088
1753769525207,06:12:05.207,bitget,ETH/USDT:USDT,3806.41,2.47,3806.1,1.05,3806.42,135.14,3806.55,0.08
1753769525167,06:12:05.167,bitmex,ETH/USDT:USDT,3808.37,25000.0,3808.06,20000.0,3808.38,27000.0,3808.66,210000.0
1753769517549,06:11:57.549,ascendex,ETH/USDT:USDT,3806.44,90.345,3806.43,79.68,3806.47,101.865,3806.48,90.87
1753769525216,06:12:05.216,bitmex,ETH/USDT:USDT,3808.37,25000.0,3808.06,20000.0,3808.38,27000.0,3808.65,63000.0
1753769525293,06:12:05.293,binance,ETH/USDT:USDT,3806.24,31.814,3806.21,0.006,3806.25,123.852,3806.27,0.006
1753769525293,06:12:05.293,binanceusdm,ETH/USDT:USDT,3806.24,31.814,3806.21,0.006,3806.25,123.852,3806.27,0.006
1753769525307,06:12:05.307,bitget,ETH/USDT:USDT,3806.1,1.05,3806.0,43.01,3806.11,57.58,3806.13,5.12
1753769525265,06:12:05.265,bitmex,ETH/USDT:USDT,3808.37,27000.0,3808.06,20000.0,3808.38,25000.0,3808.65,63000.0
1753769525322,06:12:05.322,bitmart,ETH/USDT:USDT,3806.45,31142.0,3806.44,23900.0,3806.46,117294.0,3806.47,10600.0
1753769525437,06:12:05.437,bitfinex,ETH/USDT:USDT,3809.5,21.8776,3808.8,1.31279,3809.6,2.50261,3809.9,1.51244
1753769525439,06:12:05.439,bitfinex,ETH/USDT:USDT,3809.5,21.171,3808.9,0.4191,3809.6,2.50261,3809.9,1.51244
1753769525314,06:12:05.314,bitmex,ETH/USDT:USDT,3808.37,25000.0,3808.05,20000.0,3808.38,25000.0,3808.65,63000.0
1753769525443,06:12:05.443,bitfinex,ETH/USDT:USDT,3809.5,21.171,3808.9,0.4191,3809.6,2.50261,3809.9,1.51244
1753769525394,06:12:05.394,binance,ETH/USDT:USDT,3806.24,25.866,3806.21,0.006,3806.25,72.151,3806.27,0.012
1753769525394,06:12:05.394,binanceusdm,ETH/USDT:USDT,3806.24,25.866,3806.21,0.006,3806.25,72.151,3806.27,0.012
1753769525407,06:12:05.407,bitget,ETH/USDT:USDT,3806.1,62.02,3806.01,40.66,3806.11,233.41,3806.26,43.92
1753769525363,06:12:05.363,bitmex,ETH/USDT:USDT,3808.37,27000.0,3808.05,206000.0,3808.38,27000.0,3808.65,63000.0
1753769525412,06:12:05.412,bitmex,ETH/USDT:USDT,3808.37,25000.0,3808.05,20000.0,3808.38,25000.0,3808.65,63000.0
1753769525496,06:12:05.496,binanceusdm,ETH/USDT:USDT,3806.24,36.491,3806.21,0.006,3806.25,87.04,3806.27,0.012
1753769525496,06:12:05.496,binance,ETH/USDT:USDT,3806.24,36.491,3806.21,0.006,3806.25,87.04,3806.27,0.012
1753769525511,06:12:05.511,bitget,ETH/USDT:USDT,3806.1,66.04,3806.01,18.2,3806.11,198.4,3806.25,13.18
1753769525479,06:12:05.479,bitmex,ETH/USDT:USDT,3808.37,25000.0,3808.05,20000.0,3808.38,25000.0,3808.65,63000.0
1753769517549,06:11:57.549,ascendex,ETH/USDT:USDT,3806.44,90.345,3806.43,79.68,3806.47,101.865,3806.48,90.87
1753769525597,06:12:05.597,bitfinex,ETH/USDT:USDT,3809.5,21.171,3808.8,1.96622937,3809.6,2.50261,3809.9,1.51244
1753769525599,06:12:05.599,bitfinex,ETH/USDT:USDT,3809.5,21.171,3809.2,0.52505,3809.6,2.50261,3809.8,0.65343937
1753769525599,06:12:05.599,bitfinex,ETH/USDT:USDT,3809.5,21.171,3809.2,0.52505,3809.6,2.50261,3809.8,0.65343937
1753769525614,06:12:05.614,bitget,ETH/USDT:USDT,3806.1,70.81,3806.01,38.38,3806.11,143.4,3806.25,4.63
1753769526064,06:12:06.064,bitfinex,ETH/USDT:USDT,3809.5,21.171,3809.2,0.52505,3809.6,2.50261,3809.8,0.65343937
1753769517549,06:11:57.549,ascendex,ETH/USDT:USDT,3806.44,90.345,3806.43,79.68,3806.47,101.865,3806.48,90.87
1753769526067,06:12:06.067,bitfinex,ETH/USDT:USDT,3809.5,21.171,3809.3,0.52505,3809.6,2.50261,3809.8,0.65343937
1753769525936,06:12:05.936,bitmex,ETH/USDT:USDT,3808.37,25000.0,3808.05,20000.0,3808.38,27000.0,3808.65,63000.0
1753769526004,06:12:06.004,binanceusdm,ETH/USDT:USDT,3806.24,52.28,3806.22,0.011,3806.25,66.975,3806.27,0.012
1753769526004,06:12:06.004,binance,ETH/USDT:USDT,3806.24,52.28,3806.22,0.011,3806.25,66.975,3806.27,0.012
1753769526020,06:12:06.020,bitget,ETH/USDT:USDT,3806.1,86.57,3806.03,30.98,3806.11,138.4,3806.22,22.8
1753769525985,06:12:05.985,bitmex,ETH/USDT:USDT,3808.37,25000.0,3808.05,20000.0,3808.38,27000.0,3808.65,63000.0
1753769526105,06:12:06.105,binanceusdm,ETH/USDT:USDT,3806.24,52.28,3806.22,0.011,3806.25,65.671,3806.27,0.012
1753769526105,06:12:06.105,binance,ETH/USDT:USDT,3806.24,52.28,3806.22,0.011,3806.25,65.671,3806.27,0.012
1753769526058,06:12:06.058,bitmex,ETH/USDT:USDT,3808.37,25000.0,3808.05,20000.0,3808.38,27000.0,3808.65,63000.0
1753769526125,06:12:06.125,bitget,ETH/USDT:USDT,3806.1,86.57,3806.03,30.98,3806.11,138.4,3806.22,22.8
1753769517549,06:11:57.549,ascendex,ETH/USDT:USDT,3806.44,90.345,3806.43,79.68,3806.47,101.865,3806.48,90.87
1753769526431,06:12:06.431,bitfinex,ETH/USDT:USDT,3809.5,21.171,3809.2,0.94415,3809.6,2.50261,3809.8,0.65343937
1753769526303,06:12:06.303,bitmex,ETH/USDT:USDT,3808.37,25000.0,3808.05,20000.0,3808.38,27000.0,3808.65,63000.0
1753769526473,06:12:06.473,bitfinex,ETH/USDT:USDT,3809.5,21.171,3809.2,0.52505,3809.6,2.50261,3809.8,0.65343937
1753769526519,06:12:06.519,bybit,ETH/USDT:USDT,3807.0,107.38,3806.99,0.01,3807.01,5.1,3807.08,0.02
1753769526450,06:12:06.450,bitmex,ETH/USDT:USDT,3808.37,25000.0,3808.05,206000.0,3808.58,27000.0,3808.66,210000.0
1753769526511,06:12:06.511,binanceusdm,ETH/USDT:USDT,3806.24,72.055,3806.22,0.011,3806.25,20.528,3806.27,0.012
1753769526511,06:12:06.511,binance,ETH/USDT:USDT,3806.24,72.055,3806.22,0.011,3806.25,20.528,3806.27,0.012
1753769526604,06:12:06.604,bitfinex,ETH/USDT:USDT,3809.5,21.171,3808.8,1.96621937,3809.6,2.50261,3809.8,0.65343937
1753769526605,06:12:06.605,bitfinex,ETH/USDT:USDT,3809.5,21.8776,3808.9,1.31273,3809.6,2.50261,3809.9,1.51244
1753769526606,06:12:06.606,bitfinex,ETH/USDT:USDT,3809.5,21.8776,3808.9,1.31273,3809.6,2.50261,3809.9,1.51244
1753769526619,06:12:06.619,bybit,ETH/USDT:USDT,3807.0,107.38,3806.99,0.01,3807.01,5.1,3807.08,0.02
1753769526613,06:12:06.613,binanceusdm,ETH/USDT:USDT,3806.24,72.163,3806.22,0.011,3806.25,20.079,3806.27,0.006
1753769526613,06:12:06.613,binance,ETH/USDT:USDT,3806.24,72.163,3806.22,0.011,3806.25,20.079,3806.27,0.006
1753769526626,06:12:06.626,bitget,ETH/USDT:USDT,3806.1,171.32,3806.04,8.52,3806.11,32.74,3806.21,19.7
1753769526597,06:12:06.597,bitmex,ETH/USDT:USDT,3808.37,25000.0,3808.05,206000.0,3808.38,27000.0,3808.66,210000.0
1753769526718,06:12:06.718,bybit,ETH/USDT:USDT,3807.0,107.38,3806.99,0.01,3807.01,5.1,3807.08,0.02
1753769526646,06:12:06.646,bitmex,ETH/USDT:USDT,3808.37,25000.0,3808.05,206000.0,3808.38,27000.0,3808.66,210000.0
1753769526716,06:12:06.716,binance,ETH/USDT:USDT,3806.24,72.173,3806.22,0.011,3806.25,20.069,3806.27,0.006
1753769526716,06:12:06.716,binanceusdm,ETH/USDT:USDT,3806.24,72.173,3806.22,0.011,3806.25,20.069,3806.27,0.006
1753769526727,06:12:06.727,bitget,ETH/USDT:USDT,3806.1,171.32,3806.04,8.52,3806.11,31.15,3806.22,22.8
1753769526695,06:12:06.695,bitmex,ETH/USDT:USDT,3808.37,27000.0,3808.05,206000.0,3808.38,25000.0,3808.66,210000.0
1753769526806,06:12:06.806,bitfinex,ETH/USDT:USDT,3809.5,21.8776,3808.9,1.31273,3809.6,2.50261,3809.9,1.51244
1753769526807,06:12:06.807,bitfinex,ETH/USDT:USDT,3809.5,21.8776,3809.4,0.52503,3809.6,2.50261,3809.9,1.51244
1753769526808,06:12:06.808,bitfinex,ETH/USDT:USDT,3809.5,21.8776,3809.4,0.52503,3809.6,2.50261,3809.9,1.51244
1753769526819,06:12:06.819,bybit,ETH/USDT:USDT,3807.0,107.38,3806.99,0.01,3807.01,5.1,3807.05,0.02
1753769526744,06:12:06.744,bitmex,ETH/USDT:USDT,3808.37,25000.0,3808.05,206000.0,3808.38,27000.0,3808.66,210000.0
1753769526820,06:12:06.820,binance,ETH/USDT:USDT,3806.24,72.162,3806.22,0.011,3806.25,20.069,3806.27,0.006
1753769526820,06:12:06.820,binanceusdm,ETH/USDT:USDT,3806.24,72.162,3806.22,0.011,3806.25,20.069,3806.27,0.006
1753769517549,06:11:57.549,ascendex,ETH/USDT:USDT,3806.44,90.345,3806.43,79.68,3806.47,101.865,3806.48,90.87
1753769526918,06:12:06.918,bybit,ETH/USDT:USDT,3807.0,107.38,3806.99,0.01,3807.01,5.1,3807.05,0.02
1753769526349,06:12:06.349,blofin,ETH/USDT:USDT,3805.1,9313.0,3805.09,1772.0,3805.11,26431.0,3805.12,1102.0
1753769526923,06:12:06.923,binanceusdm,ETH/USDT:USDT,3806.24,72.162,3806.22,0.011,3806.25,20.069,3806.27,0.006
1753769526923,06:12:06.923,binance,ETH/USDT:USDT,3806.24,72.162,3806.22,0.011,3806.25,20.069,3806.27,0.006
1753769526929,06:12:06.929,bitget,ETH/USDT:USDT,3806.1,171.32,3806.04,8.52,3806.11,31.15,3806.22,22.8
1753769526924,06:12:06.924,bitmart,ETH/USDT:USDT,3806.24,119684.0,3806.23,23779.0,3806.25,48892.0,3806.26,15455.0
1753769526881,06:12:06.881,bitmex,ETH/USDT:USDT,3808.37,27000.0,3808.05,206000.0,3808.38,27000.0,3808.66,210000.0
1753769527004,06:12:07.004,bitfinex,ETH/USDT:USDT,3809.5,21.8776,3809.1,0.65343937,3809.6,2.50261,3809.9,1.51244
1753769527005,06:12:07.005,bitfinex,ETH/USDT:USDT,3809.5,21.8776,3809.3,0.52504,3809.6,2.50261,3809.9,1.51244
1753769527005,06:12:07.005,bitfinex,ETH/USDT:USDT,3809.5,21.8776,3809.3,0.52504,3809.6,2.50261,3809.9,1.51244
1753769527029,06:12:07.029,bitmex,ETH/USDT:USDT,3808.37,25000.0,3808.05,206000.0,3808.38,27000.0,3808.66,210000.0
1753769527118,06:12:07.118,bybit,ETH/USDT:USDT,3807.0,107.38,3806.99,0.01,3807.01,5.1,3807.05,0.02
1753769527119,06:12:07.119,bitmart,ETH/USDT:USDT,3806.24,145745.0,3806.23,23779.0,3806.25,79662.0,3806.26,15455.0
1753769527128,06:12:07.128,binanceusdm,ETH/USDT:USDT,3806.24,72.168,3806.22,0.011,3806.25,18.154,3806.27,0.006
1753769527128,06:12:07.128,binance,ETH/USDT:USDT,3806.24,72.168,3806.22,0.011,3806.25,18.154,3806.27,0.006
1753769527078,06:12:07.078,bitmex,ETH/USDT:USDT,3808.37,25000.0,3808.05,206000.0,3808.38,27000.0,3808.66,210000.0
1753769527129,06:12:07.129,bitget,ETH/USDT:USDT,3806.1,171.32,3806.04,8.52,3806.11,26.15,3806.22,22.8
1753769527127,06:12:07.127,bitmex,ETH/USDT:USDT,3808.37,27000.0,3808.05,206000.0,3808.38,25000.0,3808.66,210000.0
1753769527218,06:12:07.218,bybit,ETH/USDT:USDT,3807.0,107.38,3806.99,0.01,3807.01,5.1,3807.05,0.02
1753769527176,06:12:07.176,bitmex,ETH/USDT:USDT,3808.37,25000.0,3808.05,206000.0,3808.38,27000.0,3808.66,210000.0
1753769527229,06:12:07.229,bitget,ETH/USDT:USDT,3806.1,171.32,3806.04,8.52,3806.11,26.15,3806.22,22.8
1753769527240,06:12:07.240,binance,ETH/USDT:USDT,3806.24,72.563,3806.22,0.011,3806.25,18.238,3806.27,0.006
1753769527240,06:12:07.240,binanceusdm,ETH/USDT:USDT,3806.24,72.563,3806.22,0.011,3806.25,18.238,3806.27,0.006
1753769527311,06:12:07.311,bitfinex,ETH/USDT:USDT,3809.5,21.8776,3809.3,0.52504,3809.6,2.50261,3809.9,1.51244
1753769527312,06:12:07.312,bitfinex,ETH/USDT:USDT,3809.5,21.8776,3809.3,0.52504,3809.6,2.50261,3809.9,1.51244
1753769527313,06:12:07.313,bitfinex,ETH/USDT:USDT,3809.5,21.8776,3809.3,0.52504,3809.6,2.50261,3809.9,1.51244
1753769527225,06:12:07.225,bitmex,ETH/USDT:USDT,3808.37,27000.0,3808.05,206000.0,3808.38,25000.0,3808.66,210000.0
1753769527319,06:12:07.319,bybit,ETH/USDT:USDT,3807.0,96.07,3806.99,0.01,3807.01,5.11,3807.05,0.02
1753769527274,06:12:07.274,bitmex,ETH/USDT:USDT,3808.37,27000.0,3808.05,206000.0,3808.38,25000.0,3808.66,210000.0
1753769527329,06:12:07.329,bitget,ETH/USDT:USDT,3806.1,171.32,3806.04,8.52,3806.11,26.15,3806.22,22.8
1753769527341,06:12:07.341,binance,ETH/USDT:USDT,3806.24,72.523,3806.22,0.011,3806.25,18.23,3806.27,0.006
1753769527341,06:12:07.341,binanceusdm,ETH/USDT:USDT,3806.24,72.523,3806.22,0.011,3806.25,18.23,3806.27,0.006
1753769527323,06:12:07.323,bitmex,ETH/USDT:USDT,3808.37,25000.0,3808.05,206000.0,3808.38,25000.0,3808.66,210000.0
1753769527418,06:12:07.418,bybit,ETH/USDT:USDT,3807.0,96.07,3806.99,0.01,3807.01,5.11,3807.05,0.02
1753769527444,06:12:07.444,binanceusdm,ETH/USDT:USDT,3806.24,84.517,3806.22,0.011,3806.25,27.037,3806.27,0.006
1753769527444,06:12:07.444,binance,ETH/USDT:USDT,3806.24,84.517,3806.22,0.011,3806.25,27.037,3806.27,0.006
1753769527510,06:12:07.510,bitfinex,ETH/USDT:USDT,3809.5,21.8776,3809.3,0.52504,3809.6,2.50261,3809.9,1.51244
1753769527510,06:12:07.510,bitfinex,ETH/USDT:USDT,3809.5,21.8776,3809.3,0.52504,3809.6,2.50261,3809.9,1.51244
1753769527424,06:12:07.424,bitmex,ETH/USDT:USDT,3808.37,25000.0,3808.05,206000.0,3808.38,25000.0,3808.66,210000.0
1753769527519,06:12:07.519,bybit,ETH/USDT:USDT,3807.0,83.43,3806.99,0.01,3807.01,5.11,3807.05,0.02
1753769527517,06:12:07.517,bitmart,ETH/USDT:USDT,3806.24,119684.0,3806.23,23779.0,3806.25,48892.0,3806.26,15455.0
1753769527546,06:12:07.546,binanceusdm,ETH/USDT:USDT,3806.24,83.317,3806.22,0.011,3806.25,27.045,3806.27,0.006
1753769527546,06:12:07.546,binance,ETH/USDT:USDT,3806.24,83.317,3806.22,0.011,3806.25,27.045,3806.27,0.006
1753769527054,06:12:07.054,blofin,ETH/USDT:USDT,3805.1,14338.0,3805.09,2096.0,3805.11,1933.0,3805.12,1409.0
1753769527619,06:12:07.619,bybit,ETH/USDT:USDT,3807.0,83.43,3806.99,0.01,3807.01,5.11,3807.05,0.02
1753769527541,06:12:07.541,bitmex,ETH/USDT:USDT,3808.37,25000.0,3808.05,206000.0,3808.38,25000.0,3808.66,210000.0
1753769527595,06:12:07.595,coincatch,ETH/USDT:USDT,3806.12,115.47,3806.11,45.97,3806.37,4.6,3806.39,1.16
1753769527630,06:12:07.630,bitget,ETH/USDT:USDT,3806.1,171.32,3806.04,8.52,3806.11,26.15,3806.22,22.8
1753769527718,06:12:07.718,bybit,ETH/USDT:USDT,3807.0,94.74,3806.99,0.01,3807.01,5.11,3807.05,0.02
1753769527648,06:12:07.648,binance,ETH/USDT:USDT,3806.24,83.317,3806.22,0.011,3806.25,27.198,3806.27,0.006
1753769527648,06:12:07.648,binanceusdm,ETH/USDT:USDT,3806.24,83.317,3806.22,0.011,3806.25,27.198,3806.27,0.006
1753769527750,06:12:07.750,binanceusdm,ETH/USDT:USDT,3806.24,83.317,3806.22,0.011,3806.25,29.168,3806.27,0.006
1753769527750,06:12:07.750,binance,ETH/USDT:USDT,3806.24,83.317,3806.22,0.011,3806.25,29.168,3806.27,0.006
1753769527739,06:12:07.739,coincatch,ETH/USDT:USDT,3806.12,115.47,3806.11,45.97,3806.37,4.6,3806.39,1.47
1753769517549,06:11:57.549,ascendex,ETH/USDT:USDT,3806.44,90.345,3806.43,79.68,3806.47,101.865,3806.48,90.87
1753769527724,06:12:07.724,bitmex,ETH/USDT:USDT,3808.37,25000.0,3808.05,206000.0,3808.66,210000.0,3808.84,95000.0
1753769527819,06:12:07.819,bybit,ETH/USDT:USDT,3807.0,94.74,3806.99,0.01,3807.01,5.11,3807.05,0.02
1753769527830,06:12:07.830,bitget,ETH/USDT:USDT,3806.1,171.32,3806.04,8.52,3806.11,26.15,3806.22,22.8
1753769527851,06:12:07.851,binanceusdm,ETH/USDT:USDT,3806.24,83.515,3806.22,0.011,3806.25,28.299,3806.27,0.012
1753769527851,06:12:07.851,binance,ETH/USDT:USDT,3806.24,83.515,3806.22,0.011,3806.25,28.299,3806.27,0.012
1753769527846,06:12:07.846,coincatch,ETH/USDT:USDT,3806.12,114.45,3806.11,45.97,3806.37,4.96,3806.39,1.18
1753769517549,06:11:57.549,ascendex,ETH/USDT:USDT,3806.44,90.345,3806.43,79.68,3806.47,101.865,3806.48,90.87
1753769528016,06:12:08.016,bitmex,ETH/USDT:USDT,3808.37,25000.0,3808.05,206000.0,3808.38,25000.0,3808.66,210000.0
1753769528154,06:12:08.154,bitfinex,ETH/USDT:USDT,3809.5,21.8776,3809.4,0.52503,3809.6,2.50261,3809.9,1.51244
1753769528030,06:12:08.030,bitget,ETH/USDT:USDT,3806.1,171.32,3806.04,8.52,3806.11,26.15,3806.22,22.8
1753769528065,06:12:08.065,bitmex,ETH/USDT:USDT,3808.37,27000.0,3808.05,206000.0,3808.38,25000.0,3808.66,210000.0
1753769528132,06:12:08.132,bitget,ETH/USDT:USDT,3806.1,171.32,3806.04,8.52,3806.11,26.15,3806.22,22.8
1753769528168,06:12:08.168,binance,ETH/USDT:USDT,3806.24,83.521,3806.22,0.021,3806.25,28.851,3806.27,0.012
1753769528168,06:12:08.168,binanceusdm,ETH/USDT:USDT,3806.24,83.521,3806.22,0.021,3806.25,28.851,3806.27,0.012
1753769528119,06:12:08.119,bitmex,ETH/USDT:USDT,3808.37,27000.0,3808.05,206000.0,3808.38,25000.0,3808.66,210000.0
1753769528219,06:12:08.219,bybit,ETH/USDT:USDT,3807.0,84.03,3806.99,0.01,3807.01,3.8,3807.05,0.02
1753769528168,06:12:08.168,bitmex,ETH/USDT:USDT,3808.37,25000.0,3808.05,206000.0,3808.38,27000.0,3808.66,210000.0
1753769528233,06:12:08.233,bitget,ETH/USDT:USDT,3806.1,171.32,3806.04,8.52,3806.11,26.15,3806.22,22.8
1753769528245,06:12:08.245,coincatch,ETH/USDT:USDT,3806.12,131.57,3806.11,45.97,3806.37,4.96,3806.39,1.48
1753769528217,06:12:08.217,bitmex,ETH/USDT:USDT,3808.37,25000.0,3808.05,206000.0,3808.38,27000.0,3808.66,210000.0
1753769528308,06:12:08.308,bitfinex,ETH/USDT:USDT,3809.5,21.8776,3809.4,0.52503,3809.6,2.50261,3809.9,1.51244
1753769528309,06:12:08.309,bitfinex,ETH/USDT:USDT,3809.5,21.8776,3809.4,0.52503,3809.6,2.50261,3809.9,1.51244
1753769528272,06:12:08.272,binanceusdm,ETH/USDT:USDT,3806.24,85.247,3806.23,0.01,3806.25,28.851,3806.26,0.03
1753769528272,06:12:08.272,binance,ETH/USDT:USDT,3806.24,85.247,3806.23,0.01,3806.25,28.851,3806.26,0.03
1753769528318,06:12:08.318,bybit,ETH/USDT:USDT,3807.0,84.03,3806.99,0.01,3807.01,3.78,3807.05,0.02
1753769527735,06:12:07.735,blofin,ETH/USDT:USDT,3805.1,14941.0,3805.09,1875.0,3805.11,11429.0,3805.12,1699.0
1753769528336,06:12:08.336,bitget,ETH/USDT:USDT,3806.1,171.32,3806.04,8.52,3806.11,26.15,3806.22,22.8
1753769528312,06:12:08.312,bitmex,ETH/USDT:USDT,3808.37,25000.0,3808.05,206000.0,3808.38,25000.0,3808.66,210000.0
1753769528345,06:12:08.345,coincatch,ETH/USDT:USDT,3806.12,133.05,3806.11,30.65,3806.37,4.96,3806.38,1.38
1753769528376,06:12:08.376,binance,ETH/USDT:USDT,3806.24,85.049,3806.23,0.01,3806.25,29.133,3806.26,0.03
1753769528376,06:12:08.376,binanceusdm,ETH/USDT:USDT,3806.24,85.049,3806.23,0.01,3806.25,29.133,3806.26,0.03
1753769528418,06:12:08.418,bybit,ETH/USDT:USDT,3807.0,84.03,3806.99,0.01,3807.01,3.78,3807.05,0.02
1753769517549,06:11:57.549,ascendex,ETH/USDT:USDT,3806.44,90.345,3806.43,79.68,3806.47,101.865,3806.48,90.87
1753769528361,06:12:08.361,bitmex,ETH/USDT:USDT,3808.37,27000.0,3808.05,206000.0,3808.38,25000.0,3808.66,210000.0
1753769528505,06:12:08.505,bitfinex,ETH/USDT:USDT,3809.5,21.8776,3809.4,0.52503,3809.6,2.50261,3809.9,1.51244
1753769528505,06:12:08.505,bitfinex,ETH/USDT:USDT,3809.5,21.8776,3809.4,0.52503,3809.6,2.50261,3809.9,1.51244
1753769528478,06:12:08.478,binanceusdm,ETH/USDT:USDT,3806.24,85.049,3806.23,0.01,3806.25,29.133,3806.26,0.03
1753769528478,06:12:08.478,binance,ETH/USDT:USDT,3806.24,85.049,3806.23,0.01,3806.25,29.133,3806.26,0.03
1753769528519,06:12:08.519,bybit,ETH/USDT:USDT,3807.0,84.03,3806.99,0.01,3807.01,3.79,3807.05,0.02
1753769528451,06:12:08.451,bitmex,ETH/USDT:USDT,3808.37,25000.0,3808.05,206000.0,3808.38,25000.0,3808.66,210000.0
1753769528490,06:12:08.490,coincatch,ETH/USDT:USDT,3806.12,133.05,3806.11,30.65,3806.37,4.96,3806.38,1.41
1753769528523,06:12:08.523,bitmart,ETH/USDT:USDT,3806.24,149435.0,3806.23,23779.0,3806.25,73372.0,3806.26,11793.0
1753769528537,06:12:08.537,bitget,ETH/USDT:USDT,3806.1,171.32,3806.04,8.52,3806.11,26.15,3806.22,22.8
1753769528500,06:12:08.500,bitmex,ETH/USDT:USDT,3808.37,25000.0,3808.05,206000.0,3808.38,27000.0,3808.66,210000.0
1753769528581,06:12:08.581,binanceusdm,ETH/USDT:USDT,3806.24,81.441,3806.23,0.01,3806.25,29.591,3806.26,0.03
1753769528581,06:12:08.581,binance,ETH/USDT:USDT,3806.24,81.441,3806.23,0.01,3806.25,29.591,3806.26,0.03
1753769528618,06:12:08.618,bybit,ETH/USDT:USDT,3807.0,84.03,3806.99,0.01,3807.01,3.79,3807.05,0.02
1753769528549,06:12:08.549,bitmex,ETH/USDT:USDT,3808.37,25000.0,3808.05,206000.0,3808.38,27000.0,3808.66,210000.0
1753769528593,06:12:08.593,coincatch,ETH/USDT:USDT,3806.12,133.43,3806.11,30.65,3806.37,4.96,3806.38,1.06
1753769528637,06:12:08.637,bitget,ETH/USDT:USDT,3806.1,171.32,3806.04,8.52,3806.11,26.15,3806.22,22.8
1753769528598,06:12:08.598,bitmex,ETH/USDT:USDT,3808.37,25000.0,3808.05,206000.0,3808.38,27000.0,3808.66,210000.0
1753769528711,06:12:08.711,bitfinex,ETH/USDT:USDT,3809.5,21.8776,3809.1,0.65343937,3809.6,2.50261,3809.9,1.51244
1753769528711,06:12:08.711,bitfinex,ETH/USDT:USDT,3809.5,21.8776,3809.3,0.52504,3809.6,2.50261,3809.9,1.51244
1753769528718,06:12:08.718,bybit,ETH/USDT:USDT,3807.0,84.03,3806.99,0.01,3807.01,3.79,3807.05,0.02
1753769528689,06:12:08.689,binance,ETH/USDT:USDT,3806.24,79.55,3806.23,0.01,3806.25,29.698,3806.26,0.03
1753769528689,06:12:08.689,binanceusdm,ETH/USDT:USDT,3806.24,79.55,3806.23,0.01,3806.25,29.698,3806.26,0.03
1753769528647,06:12:08.647,bitmex,ETH/USDT:USDT,3808.37,25000.0,3808.05,206000.0,3808.38,27000.0,3808.66,210000.0
1753769528697,06:12:08.697,coincatch,ETH/USDT:USDT,3806.12,130.2,3806.11,30.65,3806.37,4.96,3806.38,1.47
1753769517549,06:11:57.549,ascendex,ETH/USDT:USDT,3806.44,90.345,3806.43,79.68,3806.47,101.865,3806.48,90.87
1753769528696,06:12:08.696,bitmex,ETH/USDT:USDT,3808.37,25000.0,3808.05,206000.0,3808.38,27000.0,3808.66,210000.0
1753769528818,06:12:08.818,bybit,ETH/USDT:USDT,3807.0,84.03,3806.99,0.01,3807.01,3.79,3807.05,0.02
1753769528792,06:12:08.792,binanceusdm,ETH/USDT:USDT,3806.24,79.55,3806.23,0.01,3806.25,29.698,3806.26,0.03
1753769528792,06:12:08.792,binance,ETH/USDT:USDT,3806.24,79.55,3806.23,0.01,3806.25,29.698,3806.26,0.03
1753769528837,06:12:08.837,bitget,ETH/USDT:USDT,3806.1,171.32,3806.04,8.52,3806.11,26.15,3806.22,22.8
1753769528844,06:12:08.844,coincatch,ETH/USDT:USDT,3806.12,130.2,3806.11,30.65,3806.37,4.96,3806.38,1.29
1753769528909,06:12:08.909,bitfinex,ETH/USDT:USDT,3809.5,21.8776,3809.1,0.65343937,3809.6,2.50261,3809.9,1.51244
1753769528909,06:12:08.909,bitfinex,ETH/USDT:USDT,3809.5,21.8776,3809.2,0.52506,3809.6,2.50261,3809.9,1.51244
1753769528910,06:12:08.910,bitfinex,ETH/USDT:USDT,3809.5,21.8776,3809.2,0.52506,3809.6,2.50261,3809.9,1.51244
1753769528918,06:12:08.918,bybit,ETH/USDT:USDT,3807.0,81.31,3806.99,0.01,3807.01,5.69,3807.05,0.02
1753769528894,06:12:08.894,binanceusdm,ETH/USDT:USDT,3806.24,79.19,3806.23,0.01,3806.25,36.984,3806.26,0.03
1753769528894,06:12:08.894,binance,ETH/USDT:USDT,3806.24,79.19,3806.23,0.01,3806.25,36.984,3806.26,0.03
1753769528937,06:12:08.937,bitget,ETH/USDT:USDT,3806.1,171.22,3806.04,8.52,3806.11,26.15,3806.22,22.8
1753769528893,06:12:08.893,bitmex,ETH/USDT:USDT,3808.37,27000.0,3808.05,206000.0,3808.38,27000.0,3808.66,210000.0
1753769528945,06:12:08.945,coincatch,ETH/USDT:USDT,3806.12,128.29,3806.11,30.65,3806.37,6.29,3806.38,1.29
1753769529018,06:12:09.018,bybit,ETH/USDT:USDT,3807.0,83.93,3806.99,0.01,3807.01,3.79,3807.05,0.02
1753769528943,06:12:08.943,bitmex,ETH/USDT:USDT,3808.37,25000.0,3808.05,206000.0,3808.38,27000.0,3808.66,210000.0
1753769528996,06:12:08.996,binance,ETH/USDT:USDT,3806.24,80.529,3806.23,0.01,3806.25,39.797,3806.26,0.03
1753769528996,06:12:08.996,binanceusdm,ETH/USDT:USDT,3806.24,80.529,3806.23,0.01,3806.25,39.797,3806.26,0.03
1753769517549,06:11:57.549,ascendex,ETH/USDT:USDT,3806.44,90.345,3806.43,79.68,3806.47,101.865,3806.48,90.87
1753769528992,06:12:08.992,bitmex,ETH/USDT:USDT,3808.37,25000.0,3808.05,206000.0,3808.46,2000.0,3808.66,210000.0
1753769529046,06:12:09.046,coincatch,ETH/USDT:USDT,3806.12,128.29,3806.11,30.65,3806.37,6.29,3806.38,1.3
1753769529109,06:12:09.109,bitfinex,ETH/USDT:USDT,3809.5,21.8776,3809.1,0.65343937,3809.6,2.50261,3809.9,1.51244
1753769529110,06:12:09.110,bitfinex,ETH/USDT:USDT,3809.5,21.8776,3809.1,1.17850937,3809.6,2.50261,3809.9,1.51244
1753769529110,06:12:09.110,bitfinex,ETH/USDT:USDT,3809.5,21.8776,3809.1,1.17850937,3809.6,2.50261,3809.9,1.51244
1753769529119,06:12:09.119,bybit,ETH/USDT:USDT,3807.0,66.13,3806.99,0.01,3807.01,28.96,3807.05,0.02
1753769529097,06:12:09.097,binanceusdm,ETH/USDT:USDT,3806.24,44.747,3806.23,0.042,3806.25,39.759,3806.26,0.03
1753769529097,06:12:09.097,binance,ETH/USDT:USDT,3806.24,44.747,3806.23,0.042,3806.25,39.759,3806.26,0.03
1753769529044,06:12:09.044,bitmex,ETH/USDT:USDT,3808.37,25000.0,3808.05,206000.0,3808.46,2000.0,3808.66,210000.0
1753769529137,06:12:09.137,bitget,ETH/USDT:USDT,3806.1,81.87,3806.06,26.25,3806.11,38.32,3806.14,19.7
1753769529093,06:12:09.093,bitmex,ETH/USDT:USDT,3808.37,25000.0,3808.05,206000.0,3808.38,2000.0,3808.46,25000.0
1753769529146,06:12:09.146,coincatch,ETH/USDT:USDT,3806.12,128.29,3806.11,30.65,3806.37,6.29,3806.38,1.14
1753769529218,06:12:09.218,bybit,ETH/USDT:USDT,3807.0,67.88,3806.99,0.01,3807.01,30.8,3807.05,0.02
1753769529142,06:12:09.142,bitmex,ETH/USDT:USDT,3808.37,25000.0,3808.05,206000.0,3808.38,25000.0,3808.65,63000.0
1753769529198,06:12:09.198,binanceusdm,ETH/USDT:USDT,3806.24,45.049,3806.23,0.042,3806.25,39.783,3806.26,0.03
1753769529198,06:12:09.198,binance,ETH/USDT:USDT,3806.24,45.049,3806.23,0.042,3806.25,39.783,3806.26,0.03
1753769529237,06:12:09.237,bitget,ETH/USDT:USDT,3806.1,81.87,3806.06,26.25,3806.11,38.32,3806.14,19.7
1753769529191,06:12:09.191,bitmex,ETH/USDT:USDT,3808.37,25000.0,3808.05,206000.0,3808.38,25000.0,3808.66,210000.0
1753769529247,06:12:09.247,coincatch,ETH/USDT:USDT,3806.12,99.26,3806.11,30.65,3806.37,6.54,3806.38,1.38
1753769529071,06:12:09.071,blofin,ETH/USDT:USDT,3805.1,18671.0,3805.09,2243.0,3805.11,9491.8,3805.12,1467.0
1753769529316,06:12:09.316,bitfinex,ETH/USDT:USDT,3809.5,21.8776,3809.1,1.17850937,3809.6,2.50261,3809.9,1.51244
1753769529316,06:12:09.316,bitfinex,ETH/USDT:USDT,3809.5,21.8776,3809.1,1.17850937,3809.6,2.50261,3809.9,1.51244
1753769529318,06:12:09.318,bitfinex,ETH/USDT:USDT,3809.5,21.8776,3809.1,1.17850937,3809.6,2.50261,3809.9,1.51244
1753769529319,06:12:09.319,bybit,ETH/USDT:USDT,3807.0,67.88,3806.99,0.01,3807.01,30.8,3807.05,0.02
1753769529240,06:12:09.240,bitmex,ETH/USDT:USDT,3808.37,27000.0,3808.05,206000.0,3808.38,25000.0,3808.66,210000.0
1753769529299,06:12:09.299,binanceusdm,ETH/USDT:USDT,3806.24,45.52,3806.23,0.042,3806.25,40.589,3806.26,0.03
1753769529299,06:12:09.299,binance,ETH/USDT:USDT,3806.24,45.52,3806.23,0.042,3806.25,40.589,3806.26,0.03
1753769529289,06:12:09.289,bitmex,ETH/USDT:USDT,3808.37,25000.0,3808.05,206000.0,3808.38,27000.0,3808.66,210000.0
1753769517549,06:11:57.549,ascendex,ETH/USDT:USDT,3806.44,90.345,3806.43,79.68,3806.47,101.865,3806.48,90.87
1753769517549,06:11:57.549,ascendex,ETH/USDT:USDT,3806.44,90.345,3806.43,79.68,3806.47,101.865,3806.48,90.87
1753769530077,06:12:10.077,bitfinex,ETH/USDT:USDT,3809.5,21.8776,3809.1,1.17850937,3809.6,2.50261,3809.9,1.51244
1753769529913,06:12:09.913,binanceusdm,ETH/USDT:USDT,3806.24,47.249,3806.23,0.042,3806.25,51.434,3806.26,0.03
1753769530020,06:12:10.020,bybit,ETH/USDT:USDT,3807.0,69.23,3806.99,0.01,3807.01,42.59,3807.05,0.02
1753769529936,06:12:09.936,bitmex,ETH/USDT:USDT,3808.37,25000.0,3808.05,206000.0,3808.38,25000.0,3808.66,210000.0
1753769517549,06:11:57.549,ascendex,ETH/USDT:USDT,3806.44,90.345,3806.43,79.68,3806.47,101.865,3806.48,90.87
1753769530018,06:12:10.018,binance,ETH/USDT:USDT,3806.24,39.862,3806.23,0.042,3806.25,53.564,3806.26,0.03
1753769530119,06:12:10.119,bybit,ETH/USDT:USDT,3807.0,63.08,3806.99,0.01,3807.01,44.66,3807.05,0.02
1753769530029,06:12:10.029,bitmex,ETH/USDT:USDT,3808.37,25000.0,3808.05,206000.0,3808.38,27000.0,3808.66,210000.0
1753769530094,06:12:10.094,coincatch,ETH/USDT:USDT,3806.12,101.13,3806.11,30.65,3806.37,8.74,3806.38,1.31
1753769530119,06:12:10.119,binanceusdm,ETH/USDT:USDT,3806.24,41.923,3806.23,0.042,3806.25,53.564,3806.26,0.03
1753769530119,06:12:10.119,binance,ETH/USDT:USDT,3806.24,41.923,3806.23,0.042,3806.25,53.564,3806.26,0.03
1753769530079,06:12:10.079,bitmex,ETH/USDT:USDT,3808.37,25000.0,3808.05,206000.0,3808.38,25000.0,3808.66,210000.0
1753769530118,06:12:10.118,bitmart,ETH/USDT:USDT,3806.24,91736.0,3806.23,23779.0,3806.25,95978.0,3806.26,11793.0
1753769530141,06:12:10.141,bitget,ETH/USDT:USDT,3806.1,81.87,3806.09,25.19,3806.11,38.67,3806.14,19.7
1753769530204,06:12:10.204,bitfinex,ETH/USDT:USDT,3809.5,21.8776,3809.1,1.17850937,3809.6,2.50261,3809.9,1.51244
1753769530205,06:12:10.205,bitfinex,ETH/USDT:USDT,3809.5,21.8776,3809.1,1.17850937,3809.6,2.50261,3809.9,1.51244
1753769530205,06:12:10.205,bitfinex,ETH/USDT:USDT,3809.5,21.8776,3809.1,1.17850937,3809.6,2.50261,3809.9,1.51244
1753769530128,06:12:10.128,bitmex,ETH/USDT:USDT,3808.37,25000.0,3808.05,206000.0,3808.38,25000.0,3808.65,63000.0
1753769530219,06:12:10.219,bybit,ETH/USDT:USDT,3807.0,63.08,3806.99,0.01,3807.01,44.67,3807.05,0.02
1753769530198,06:12:10.198,coincatch,ETH/USDT:USDT,3806.12,101.13,3806.11,30.65,3806.37,8.74,3806.38,1.05
1753769530222,06:12:10.222,binanceusdm,ETH/USDT:USDT,3806.24,36.827,3806.23,0.042,3806.25,51.457,3806.26,0.03
1753769530222,06:12:10.222,binance,ETH/USDT:USDT,3806.24,36.827,3806.23,0.042,3806.25,51.457,3806.26,0.03
1753769530241,06:12:10.241,bitget,ETH/USDT:USDT,3806.1,80.68,3806.09,25.19,3806.11,38.67,3806.14,19.7
1753769528895,06:12:08.895,deribit,ETH/USDT:USDT,3807.3,0.1,3807.1,0.25,3808.3,0.1,3808.4,0.1
1753769530319,06:12:10.319,bybit,ETH/USDT:USDT,3807.0,60.38,3806.99,0.01,3807.01,44.67,3807.05,0.02
1753769517549,06:11:57.549,ascendex,ETH/USDT:USDT,3806.44,90.345,3806.43,79.68,3806.47,101.865,3806.48,90.87
1753769530298,06:12:10.298,coincatch,ETH/USDT:USDT,3806.12,91.23,3806.11,30.65,3806.37,8.74,3806.38,1.28
1753769530325,06:12:10.325,binanceusdm,ETH/USDT:USDT,3806.24,34.226,3806.23,0.032,3806.25,61.105,3806.26,0.03
1753769530325,06:12:10.325,binance,ETH/USDT:USDT,3806.24,34.226,3806.23,0.032,3806.25,61.105,3806.26,0.03
1753769530318,06:12:10.318,bitmart,ETH/USDT:USDT,3806.24,91736.0,3806.23,23779.0,3806.25,95978.0,3806.26,11793.0
1753769530277,06:12:10.277,bitmex,ETH/USDT:USDT,3808.37,25000.0,3808.05,206000.0,3808.38,27000.0,3808.65,63000.0
1753769530341,06:12:10.341,bitget,ETH/USDT:USDT,3806.1,80.68,3806.09,25.19,3806.11,38.67,3806.14,19.7
1753769530404,06:12:10.404,bitfinex,ETH/USDT:USDT,3809.5,21.8776,3809.1,1.17849937,3809.6,2.50261,3809.9,1.51244
1753769530405,06:12:10.405,bitfinex,ETH/USDT:USDT,3809.5,21.8776,3809.1,1.17849937,3809.6,2.50261,3809.9,1.51244
1753769530326,06:12:10.326,bitmex,ETH/USDT:USDT,3808.37,25000.0,3808.05,206000.0,3808.38,27000.0,3808.65,63000.0
1753769530419,06:12:10.419,bybit,ETH/USDT:USDT,3807.0,63.26,3806.99,0.01,3807.01,44.67,3807.05,0.02
1753769530375,06:12:10.375,bitmex,ETH/USDT:USDT,3808.37,25000.0,3808.05,144000.0,3808.38,27000.0,3808.57,210000.0
1753769530426,06:12:10.426,binanceusdm,ETH/USDT:USDT,3806.24,36.773,3806.23,0.032,3806.25,53.855,3806.26,0.058
1753769530426,06:12:10.426,binance,ETH/USDT:USDT,3806.24,36.773,3806.23,0.032,3806.25,53.855,3806.26,0.058
1753769530441,06:12:10.441,coincatch,ETH/USDT:USDT,3806.12,91.23,3806.11,30.65,3806.37,8.74,3806.38,1.28
1753769530424,06:12:10.424,bitmex,ETH/USDT:USDT,3808.37,27000.0,3808.05,144000.0,3808.38,25000.0,3808.57,210000.0
1753769530441,06:12:10.441,bitget,ETH/USDT:USDT,3806.1,81.87,3806.09,25.19,3806.11,38.67,3806.14,19.7
1753769530518,06:12:10.518,bybit,ETH/USDT:USDT,3807.0,66.28,3806.99,0.01,3807.01,38.04,3807.05,0.02
1753769530473,06:12:10.473,bitmex,ETH/USDT:USDT,3808.37,27000.0,3808.05,144000.0,3808.38,27000.0,3808.57,210000.0
1753769530528,06:12:10.528,binanceusdm,ETH/USDT:USDT,3806.24,36.752,3806.23,0.032,3806.25,51.87,3806.26,0.058
1753769530528,06:12:10.528,binance,ETH/USDT:USDT,3806.24,36.752,3806.23,0.032,3806.25,51.87,3806.26,0.058
1753769530544,06:12:10.544,bitget,ETH/USDT:USDT,3806.1,81.87,3806.09,25.19,3806.11,38.67,3806.14,19.7
1753769530550,06:12:10.550,coincatch,ETH/USDT:USDT,3806.12,91.23,3806.11,30.65,3806.37,8.74,3806.38,1.09
1753769530608,06:12:10.608,bitfinex,ETH/USDT:USDT,3809.5,21.8776,3809.1,1.17849937,3809.6,2.50261,3809.9,1.51244
1753769530608,06:12:10.608,bitfinex,ETH/USDT:USDT,3809.5,21.8776,3809.1,1.17849937,3809.6,2.50261,3809.9,1.51244
1753769530609,06:12:10.609,bitfinex,ETH/USDT:USDT,3809.5,21.8776,3809.1,1.17849937,3809.6,2.50261,3809.9,1.51244
1753769530523,06:12:10.523,bitmex,ETH/USDT:USDT,3808.37,25000.0,3808.05,144000.0,3808.38,27000.0,3808.57,210000.0
1753769530619,06:12:10.619,bybit,ETH/USDT:USDT,3807.0,60.33,3806.99,0.01,3807.01,38.05,3807.05,0.02
1753769517549,06:11:57.549,ascendex,ETH/USDT:USDT,3806.44,90.345,3806.43,79.68,3806.47,101.865,3806.48,90.87
1753769530572,06:12:10.572,bitmex,ETH/USDT:USDT,3808.37,27000.0,3808.05,144000.0,3808.38,25000.0,3808.57,210000.0
1753769530629,06:12:10.629,binanceusdm,ETH/USDT:USDT,3806.24,36.752,3806.23,0.032,3806.25,49.731,3806.26,0.058
1753769530629,06:12:10.629,binance,ETH/USDT:USDT,3806.24,36.752,3806.23,0.032,3806.25,49.731,3806.26,0.058
1753769530643,06:12:10.643,bitget,ETH/USDT:USDT,3806.1,107.52,3806.09,25.19,3806.11,33.72,3806.24,17.58
1753769530479,06:12:10.479,blofin,ETH/USDT:USDT,3805.1,14148.0,3805.09,1868.0,3805.11,11710.0,3805.12,1163.0
1753769530722,06:12:10.722,bybit,ETH/USDT:USDT,3807.68,117.72,3807.67,0.01,3807.69,58.87,3807.7,0.34
1753769517549,06:11:57.549,ascendex,ETH/USDT:USDT,3806.44,90.345,3806.43,79.68,3806.47,101.865,3806.48,90.87
1753769531354,06:12:11.354,bitfinex,ETH/USDT:USDT,3809.5,22.40261,3809.4,0.65343937,3809.6,0.3198,3809.9,0.6462
1753769531396,06:12:11.396,bitfinex,ETH/USDT:USDT,3809.5,22.40261,3809.4,0.65343937,3809.6,0.3198,3809.9,0.6462
1753769531102,06:12:11.102,coincatch,ETH/USDT:USDT,3806.25,212.16,3806.24,20.69,3806.61,1.44,3806.62,1.28
1753769530849,06:12:10.849,deribit,ETH/USDT:USDT,3807.3,0.11,3807.1,0.25,3808.3,0.1,3808.6,0.1
1753769531405,06:12:11.405,bitfinex,ETH/USDT:USDT,3809.5,22.40261,3809.4,0.65343937,3809.6,0.3198,3809.9,0.6462
1753769517549,06:11:57.549,ascendex,ETH/USDT:USDT,3806.44,90.345,3806.43,79.68,3806.47,101.865,3806.48,90.87
1753769531432,06:12:11.432,bitfinex,ETH/USDT:USDT,3809.5,22.40261,3809.4,0.65343937,3809.6,0.3198,3809.9,0.6462
1753769531336,06:12:11.336,binanceusdm,ETH/USDT:USDT,3806.6,240.579,3806.59,2.071,3806.61,21.616,3806.62,0.218
1753769531419,06:12:11.419,bybit,ETH/USDT:USDT,3807.68,66.89,3807.67,0.01,3807.69,60.05,3807.7,0.34
1753769531383,06:12:11.383,bitmex,ETH/USDT:USDT,3808.58,2000.0,3808.38,17000.0,3808.84,25000.0,3808.85,318000.0
1753769531512,06:12:11.512,bitfinex,ETH/USDT:USDT,3809.5,22.40261,3809.4,0.65343937,3809.6,0.3198,3809.9,0.6462
1753769531515,06:12:11.515,bitfinex,ETH/USDT:USDT,3809.5,22.40261,3809.4,0.65343937,3809.6,0.3198,3809.9,0.6462
1753769531432,06:12:11.432,bitmex,ETH/USDT:USDT,3808.38,17000.0,3808.37,25000.0,3808.84,25000.0,3808.85,318000.0
1753769531519,06:12:11.519,bybit,ETH/USDT:USDT,3807.68,66.99,3807.67,0.01,3807.69,60.05,3807.7,0.34
1753769531517,06:12:11.517,bitmart,ETH/USDT:USDT,3806.6,291523.0,3806.59,23831.0,3806.61,68058.0,3806.62,11563.0
1753769531481,06:12:11.481,bitmex,ETH/USDT:USDT,3808.37,25000.0,3808.05,144000.0,3808.84,25000.0,3808.85,318000.0
1753769531541,06:12:11.541,binanceusdm,ETH/USDT:USDT,3806.6,240.68,3806.59,2.071,3806.61,21.73,3806.62,0.218
1753769531541,06:12:11.541,binance,ETH/USDT:USDT,3806.6,240.68,3806.59,2.071,3806.61,21.73,3806.62,0.218
1753769531554,06:12:11.554,bitget,ETH/USDT:USDT,3806.41,245.99,3806.34,35.4,3806.42,0.12,3806.54,9.07
1753769517549,06:11:57.549,ascendex,ETH/USDT:USDT,3806.44,90.345,3806.43,79.68,3806.47,101.865,3806.48,90.87
1753769531530,06:12:11.530,bitmex,ETH/USDT:USDT,3808.58,2000.0,3808.38,17000.0,3808.85,318000.0,3809.18,45000.0
1753769531619,06:12:11.619,bybit,ETH/USDT:USDT,3807.68,49.08,3807.67,0.01,3807.69,57.92,3807.7,0.34
1753769531579,06:12:11.579,bitmex,ETH/USDT:USDT,3808.37,25000.0,3808.05,144000.0,3808.63,2000.0,3808.83,25000.0
1753769531647,06:12:11.647,binance,ETH/USDT:USDT,3806.6,241.665,3806.59,2.071,3806.61,21.74,3806.62,0.218
1753769531647,06:12:11.647,binanceusdm,ETH/USDT:USDT,3806.6,241.665,3806.59,2.071,3806.61,21.74,3806.62,0.218
1753769531654,06:12:11.654,bitget,ETH/USDT:USDT,3806.41,240.89,3806.34,35.4,3806.42,0.12,3806.54,15.23
1753769531657,06:12:11.657,coincatch,ETH/USDT:USDT,3806.48,144.42,3806.47,5.95,3806.73,3.67,3806.74,1.06
1753769531712,06:12:11.712,bitfinex,ETH/USDT:USDT,3809.5,22.40261,3809.4,0.65343937,3809.6,0.3198,3809.9,0.6462
1753769531712,06:12:11.712,bitfinex,ETH/USDT:USDT,3809.5,22.40261,3809.4,0.65343937,3809.6,0.5284,3809.9,0.6462
1753769531714,06:12:11.714,bitfinex,ETH/USDT:USDT,3809.5,22.40261,3809.4,0.65343937,3809.6,0.5284,3809.9,0.2
1753769531628,06:12:11.628,bitmex,ETH/USDT:USDT,3808.58,2000.0,3808.57,2000.0,3808.83,25000.0,3808.84,25000.0
1753769531719,06:12:11.719,bybit,ETH/USDT:USDT,3807.68,50.83,3807.67,0.01,3807.69,57.92,3807.7,0.34
1753769531716,06:12:11.716,bitmart,ETH/USDT:USDT,3806.6,285708.0,3806.59,23831.0,3806.61,65637.0,3806.62,11563.0
1753769531750,06:12:11.750,binanceusdm,ETH/USDT:USDT,3806.6,241.665,3806.59,2.071,3806.61,18.801,3806.62,0.218
1753769531750,06:12:11.750,binance,ETH/USDT:USDT,3806.6,241.665,3806.59,2.071,3806.61,18.801,3806.62,0.218
1753769531754,06:12:11.754,bitget,ETH/USDT:USDT,3806.41,240.89,3806.34,35.4,3806.42,0.12,3806.55,42.99
1753769531757,06:12:11.757,coincatch,ETH/USDT:USDT,3806.48,145.07,3806.47,5.95,3806.73,3.67,3806.74,1.18
1753769531974,06:12:11.974,bitfinex,ETH/USDT:USDT,3809.5,22.40261,3809.4,0.65343937,3809.6,0.5284,3809.8,0.4462
1753769517549,06:11:57.549,ascendex,ETH/USDT:USDT,3806.44,90.345,3806.43,79.68,3806.47,101.865,3806.48,90.87
1753769531986,06:12:11.986,bitfinex,ETH/USDT:USDT,3809.5,22.40261,3809.4,0.65343937,3809.6,0.5284,3809.8,0.4462
1753769531955,06:12:11.955,bitget,ETH/USDT:USDT,3806.41,240.89,3806.34,35.4,3806.42,0.12,3806.55,42.99
1753769531903,06:12:11.903,bitmex,ETH/USDT:USDT,3808.58,2000.0,3808.38,17000.0,3808.83,25000.0,3808.85,318000.0
1753769532020,06:12:12.020,bybit,ETH/USDT:USDT,3807.68,46.33,3807.67,0.01,3807.69,57.95,3807.7,0.34
1753769532004,06:12:12.004,coincatch,ETH/USDT:USDT,3806.48,145.07,3806.47,5.41,3806.73,3.19,3806.74,1.07
1753769532001,06:12:12.001,bitmex,ETH/USDT:USDT,3808.58,17000.0,3808.37,25000.0,3808.59,27000.0,3808.85,318000.0
1753769532057,06:12:12.057,binanceusdm,ETH/USDT:USDT,3806.6,240.444,3806.59,1.113,3806.61,18.794,3806.62,0.228
1753769532057,06:12:12.057,binance,ETH/USDT:USDT,3806.6,240.444,3806.59,1.113,3806.61,18.794,3806.62,0.228
1753769532054,06:12:12.054,bitget,ETH/USDT:USDT,3806.41,240.89,3806.34,35.4,3806.42,0.12,3806.54,11.7
1753769532111,06:12:12.111,bitfinex,ETH/USDT:USDT,3809.5,22.40261,3809.4,0.65343937,3809.6,0.5284,3809.9,0.2
1753769532112,06:12:12.112,bitfinex,ETH/USDT:USDT,3809.5,22.40261,3809.4,0.65343937,3809.6,1.05341,3809.9,0.2
1753769532113,06:12:12.113,bitfinex,ETH/USDT:USDT,3809.5,22.40261,3809.4,0.65343937,3809.6,1.05341,3809.9,0.2
1753769532119,06:12:12.119,bybit,ETH/USDT:USDT,3807.68,48.1,3807.67,0.01,3807.69,57.95,3807.7,0.34
1753769532050,06:12:12.050,bitmex,ETH/USDT:USDT,3808.58,17000.0,3808.37,25000.0,3808.59,27000.0,3808.85,318000.0
1753769532106,06:12:12.106,coincatch,ETH/USDT:USDT,3806.48,145.07,3806.47,5.41,3806.73,3.19,3806.74,1.44
1753769531986,06:12:11.986,blofin,ETH/USDT:USDT,3805.1,27319.0,3805.09,1644.0,3805.11,900.0,3805.12,1391.0
1753769532122,06:12:12.122,bitmart,ETH/USDT:USDT,3806.6,292568.0,3806.59,23831.0,3806.61,63993.0,3806.62,11563.0
1753769532154,06:12:12.154,bitget,ETH/USDT:USDT,3806.41,240.89,3806.34,35.4,3806.42,0.12,3806.54,11.7
1753769517549,06:11:57.549,ascendex,ETH/USDT:USDT,3806.44,90.345,3806.43,79.68,3806.47,101.865,3806.48,90.87
1753769532218,06:12:12.218,bybit,ETH/USDT:USDT,3807.68,48.1,3807.67,0.01,3807.69,57.95,3807.7,0.34
1753769532148,06:12:12.148,bitmex,ETH/USDT:USDT,3808.58,17000.0,3808.37,25000.0,3808.59,27000.0,3808.85,318000.0
1753769532197,06:12:12.197,bitmex,ETH/USDT:USDT,3808.37,25000.0,3808.05,144000.0,3808.59,27000.0,3808.85,318000.0
1753769532242,06:12:12.242,coincatch,ETH/USDT:USDT,3806.48,145.07,3806.47,5.41,3806.73,3.19,3806.74,1.22
1753769532254,06:12:12.254,bitget,ETH/USDT:USDT,3806.41,240.89,3806.34,35.4,3806.42,2.68,3806.54,11.7
1753769532246,06:12:12.246,bitmex,ETH/USDT:USDT,3808.57,2000.0,3808.38,17000.0,3808.85,318000.0,3809.18,45000.0
1753769532319,06:12:12.319,bitmart,ETH/USDT:USDT,3806.6,260729.0,3806.59,23831.0,3806.61,37405.0,3806.62,11563.0
1753769532295,06:12:12.295,bitmex,ETH/USDT:USDT,3808.38,17000.0,3808.37,25000.0,3808.84,25000.0,3808.85,318000.0
1753769532354,06:12:12.354,bitget,ETH/USDT:USDT,3806.41,159.46,3806.34,35.4,3806.42,17.98,3806.54,16.03
1753769532361,06:12:12.361,binanceusdm,ETH/USDT:USDT,3806.6,29.502,3806.59,0.032,3806.61,65.372,3806.62,0.228
1753769532361,06:12:12.361,binance,ETH/USDT:USDT,3806.6,29.502,3806.59,0.032,3806.61,65.372,3806.62,0.228
1753769532355,06:12:12.355,coincatch,ETH/USDT:USDT,3806.48,144.52,3806.47,5.41,3806.73,3.78,3806.74,1.07
1753769532406,06:12:12.406,bitfinex,ETH/USDT:USDT,3809.5,22.40261,3809.4,0.65343937,3809.6,1.05341,3809.9,0.2
1753769532407,06:12:12.407,bitfinex,ETH/USDT:USDT,3809.5,22.40261,3809.4,0.65343937,3809.6,1.49961,3809.9,1.51243
1753769532407,06:12:12.407,bitfinex,ETH/USDT:USDT,3809.5,22.40261,3809.4,0.65343937,3809.6,1.49961,3809.9,1.51243
1753769532420,06:12:12.420,bybit,ETH/USDT:USDT,3807.34,0.01,3807.32,0.02,3807.35,2.4,3807.36,39.84
1753769532393,06:12:12.393,bitmex,ETH/USDT:USDT,3808.38,17000.0,3808.37,25000.0,3808.83,25000.0,3808.85,318000.0
1753769532455,06:12:12.455,bitget,ETH/USDT:USDT,3806.41,81.35,3806.35,15.76,3806.42,59.24,3806.53,15.42
1753769532462,06:12:12.462,binanceusdm,ETH/USDT:USDT,3806.6,25.597,3806.59,0.032,3806.61,62.058,3806.62,0.228
1753769532462,06:12:12.462,binance,ETH/USDT:USDT,3806.6,25.597,3806.59,0.032,3806.61,62.058,3806.62,0.228
1753769532455,06:12:12.455,coincatch,ETH/USDT:USDT,3806.48,144.52,3806.47,5.41,3806.73,3.78,3806.74,1.49
1753769532520,06:12:12.520,bybit,ETH/USDT:USDT,3807.34,21.82,3807.32,0.02,3807.35,174.32,3807.36,27.65
1753769517549,06:11:57.549,ascendex,ETH/USDT:USDT,3806.44,90.345,3806.43,79.68,3806.47,101.865,3806.48,90.87
1753769532442,06:12:12.442,bitmex,ETH/USDT:USDT,3808.37,25000.0,3808.05,144000.0,3808.83,25000.0,3808.85,318000.0
1753769532517,06:12:12.517,bitmart,ETH/USDT:USDT,3806.6,260729.0,3806.59,23831.0,3806.61,37405.0,3806.62,8673.0
1753769532491,06:12:12.491,bitmex,ETH/USDT:USDT,3808.37,25000.0,3808.05,144000.0,3808.83,25000.0,3808.84,95000.0
1753769532556,06:12:12.556,bitget,ETH/USDT:USDT,3806.41,6.89,3806.32,5.31,3806.42,78.94,3806.52,25.71
1753769532563,06:12:12.563,binance,ETH/USDT:USDT,3806.6,13.188,3806.59,0.032,3806.61,98.273,3806.62,0.228
1753769532563,06:12:12.563,binanceusdm,ETH/USDT:USDT,3806.6,13.188,3806.59,0.032,3806.61,98.273,3806.62,0.228
1753769532614,06:12:12.614,bitfinex,ETH/USDT:USDT,3809.5,22.40261,3809.1,1.31268,3809.6,1.49961,3809.9,1.51243
1753769532618,06:12:12.618,bitfinex,ETH/USDT:USDT,3809.5,21.8776,3809.1,0.65343937,3809.6,1.78131,3809.8,0.4212
1753769532618,06:12:12.618,bybit,ETH/USDT:USDT,3807.34,8.41,3807.32,0.02,3807.35,174.32,3807.36,4.53
1753769532471,06:12:12.471,deribit,ETH/USDT:USDT,3807.3,0.1,3807.1,0.25,3808.3,0.1,3808.6,0.1
1753769532589,06:12:12.589,bitmex,ETH/USDT:USDT,3808.37,25000.0,3808.05,144000.0,3808.83,25000.0,3808.84,95000.0
1753769532657,06:12:12.657,bitget,ETH/USDT:USDT,3806.41,1.99,3806.32,5.31,3806.42,78.94,3806.51,35.91
1753769532664,06:12:12.664,binance,ETH/USDT:USDT,3806.6,13.255,3806.59,0.032,3806.61,98.284,3806.62,0.228
1753769532664,06:12:12.664,binanceusdm,ETH/USDT:USDT,3806.6,13.255,3806.59,0.032,3806.61,98.284,3806.62,0.228
1753769532719,06:12:12.719,bybit,ETH/USDT:USDT,3807.34,29.82,3807.32,0.02,3807.35,174.3,3807.36,4.53
1753769532638,06:12:12.638,bitmex,ETH/USDT:USDT,3808.37,25000.0,3808.05,144000.0,3808.83,25000.0,3808.84,95000.0
1753769532707,06:12:12.707,coincatch,ETH/USDT:USDT,3806.48,7.7,3806.47,15.35,3806.73,16.5,3806.74,1.23
1753769532687,06:12:12.687,bitmex,ETH/USDT:USDT,3808.37,25000.0,3808.05,144000.0,3808.83,25000.0,3808.84,95000.0
1753769532758,06:12:12.758,bitget,ETH/USDT:USDT,3806.41,1.99,3806.32,5.31,3806.42,78.94,3806.51,35.91
1753769532765,06:12:12.765,binanceusdm,ETH/USDT:USDT,3806.6,13.255,3806.59,0.032,3806.61,98.273,3806.62,0.228
1753769532765,06:12:12.765,binance,ETH/USDT:USDT,3806.6,13.255,3806.59,0.032,3806.61,98.273,3806.62,0.228
1753769532811,06:12:12.811,bitfinex,ETH/USDT:USDT,3809.5,21.8776,3809.1,0.65343937,3809.6,1.78131,3809.8,0.4212
1753769532812,06:12:12.812,bitfinex,ETH/USDT:USDT,3809.5,21.8776,3809.2,0.52505,3809.6,2.50261,3809.9,1.51243
1753769532812,06:12:12.812,bitfinex,ETH/USDT:USDT,3809.5,21.8776,3809.2,0.52505,3809.6,2.50261,3809.9,1.51243
1753769517549,06:11:57.549,ascendex,ETH/USDT:USDT,3806.44,90.345,3806.43,79.68,3806.47,101.865,3806.48,90.87
1753769533380,06:12:13.380,bitmex,ETH/USDT:USDT,3808.37,25000.0,3808.05,144000.0,3808.63,25000.0,3808.84,95000.0
1753769517549,06:11:57.549,ascendex,ETH/USDT:USDT,3806.44,90.345,3806.43,79.68,3806.47,101.865,3806.48,90.87
1753769533618,06:12:13.618,bitfinex,ETH/USDT:USDT,3809.5,21.8776,3809.3,0.52505,3809.6,2.50261,3809.9,1.51243
1753769533464,06:12:13.464,bitget,ETH/USDT:USDT,3806.41,24.48,3806.33,6.12,3806.42,78.83,3806.5,30.4
1753769533633,06:12:13.633,bitfinex,ETH/USDT:USDT,3809.5,21.8776,3809.3,0.52505,3809.6,2.50261,3809.9,1.51243
1753769532714,06:12:12.714,blofin,ETH/USDT:USDT,3805.1,16814.0,3805.09,1401.0,3805.11,11381.0,3805.12,1297.0
1753769533517,06:12:13.517,bitmex,ETH/USDT:USDT,3808.37,25000.0,3808.05,144000.0,3808.84,95000.0,3808.85,318000.0
1753769533619,06:12:13.619,bybit,ETH/USDT:USDT,3807.34,42.25,3807.32,0.02,3807.35,100.0,3807.36,2.57
1753769533578,06:12:13.578,deribit,ETH/USDT:USDT,3807.3,0.1,3807.1,0.25,3808.3,0.1,3808.6,0.1
1753769533666,06:12:13.666,bitget,ETH/USDT:USDT,3806.41,24.48,3806.33,1.59,3806.42,78.83,3806.5,30.4
1753769533624,06:12:13.624,bitmex,ETH/USDT:USDT,3808.37,25000.0,3808.05,144000.0,3808.84,95000.0,3808.85,318000.0
1753769533721,06:12:13.721,bitfinex,ETH/USDT:USDT,3809.5,21.8776,3809.3,0.52505,3809.6,2.50261,3809.9,1.51243
1753769533722,06:12:13.722,bitfinex,ETH/USDT:USDT,3809.5,21.8776,3809.3,0.52505,3809.6,2.50261,3809.9,1.51243
1753769533723,06:12:13.723,bitfinex,ETH/USDT:USDT,3809.5,21.8776,3809.3,0.52505,3809.6,2.50261,3809.9,1.51243
1753769533718,06:12:13.718,bybit,ETH/USDT:USDT,3807.34,67.83,3807.32,0.02,3807.35,67.54,3807.36,2.57
1753769533682,06:12:13.682,coincatch,ETH/USDT:USDT,3806.48,10.01,3806.47,15.18,3806.73,10.71,3806.74,1.49
1753769533692,06:12:13.692,binance,ETH/USDT:USDT,3806.6,28.441,3806.59,0.032,3806.61,58.83,3806.62,0.228
1753769533692,06:12:13.692,binanceusdm,ETH/USDT:USDT,3806.6,28.441,3806.59,0.032,3806.61,58.83,3806.62,0.228
1753769533766,06:12:13.766,bitget,ETH/USDT:USDT,3806.41,36.25,3806.33,1.59,3806.42,46.93,3806.51,35.91
1753769533819,06:12:13.819,bybit,ETH/USDT:USDT,3807.34,77.43,3807.32,0.02,3807.35,65.78,3807.36,1.56
1753769533795,06:12:13.795,binance,ETH/USDT:USDT,3806.6,29.7,3806.59,0.032,3806.61,35.259,3806.62,0.228
1753769533795,06:12:13.795,binanceusdm,ETH/USDT:USDT,3806.6,29.7,3806.59,0.032,3806.61,35.259,3806.62,0.228
1753769533754,06:12:13.754,bitmex,ETH/USDT:USDT,3808.37,25000.0,3808.05,144000.0,3808.84,95000.0,3808.85,318000.0
1753769533867,06:12:13.867,bitget,ETH/USDT:USDT,3806.41,61.4,3806.33,23.75,3806.42,42.33,3806.51,35.91
1753769533898,06:12:13.898,binance,ETH/USDT:USDT,3806.6,29.7,3806.59,0.032,3806.61,35.315,3806.62,0.228
1753769533898,06:12:13.898,binanceusdm,ETH/USDT:USDT,3806.6,29.7,3806.59,0.032,3806.61,35.315,3806.62,0.228
1753769533852,06:12:13.852,bitmex,ETH/USDT:USDT,3808.38,17000.0,3808.37,25000.0,3808.84,25000.0,3808.85,318000.0
1753769533917,06:12:13.917,bitmart,ETH/USDT:USDT,3806.6,53611.0,3806.59,23831.0,3806.61,146637.0,3806.62,11930.0
1753769533901,06:12:13.901,bitmex,ETH/USDT:USDT,3808.38,17000.0,3808.37,25000.0,3808.84,25000.0,3808.85,318000.0
1753769533804,06:12:13.804,deribit,ETH/USDT:USDT,3807.3,0.1,3807.1,0.25,3808.3,0.1,3808.6,0.1
1753769534012,06:12:14.012,bitfinex,ETH/USDT:USDT,3809.5,21.8776,3809.1,0.65343937,3809.6,2.50261,3809.9,1.51243
1753769534013,06:12:14.013,bitfinex,ETH/USDT:USDT,3809.5,21.8776,3809.4,0.52503,3809.6,2.50261,3809.9,1.51243
1753769534013,06:12:14.013,bitfinex,ETH/USDT:USDT,3809.5,21.8776,3809.4,0.52503,3809.6,2.50261,3809.9,1.51243
1753769533967,06:12:13.967,bitget,ETH/USDT:USDT,3806.41,61.75,3806.33,23.75,3806.42,36.55,3806.51,23.57
1753769534020,06:12:14.020,bybit,ETH/USDT:USDT,3807.34,89.72,3807.32,0.02,3807.35,15.17,3807.43,0.02
1753769534000,06:12:14.000,binance,ETH/USDT:USDT,3806.6,54.012,3806.59,0.032,3806.61,23.056,3806.62,0.228
1753769534000,06:12:14.000,binanceusdm,ETH/USDT:USDT,3806.6,54.012,3806.59,0.032,3806.61,23.056,3806.62,0.228
1753769533950,06:12:13.950,bitmex,ETH/USDT:USDT,3808.58,2000.0,3808.38,17000.0,3808.64,2000.0,3808.83,25000.0
1753769533999,06:12:13.999,bitmex,ETH/USDT:USDT,3808.38,17000.0,3808.37,25000.0,3808.85,318000.0,3809.18,45000.0
1753769534043,06:12:14.043,coincatch,ETH/USDT:USDT,3806.48,18.42,3806.47,15.18,3806.73,6.0,3806.74,1.0
1753769534068,06:12:14.068,bitget,ETH/USDT:USDT,3806.41,120.85,3806.33,23.75,3806.42,36.55,3806.51,23.57
1753769517549,06:11:57.549,ascendex,ETH/USDT:USDT,3806.44,90.345,3806.43,79.68,3806.47,101.865,3806.48,90.87
1753769534118,06:12:14.118,bybit,ETH/USDT:USDT,3807.34,89.82,3807.32,0.02,3807.35,3.29,3807.43,0.02
1753769534101,06:12:14.101,binance,ETH/USDT:USDT,3806.6,61.893,3806.59,0.065,3806.61,23.044,3806.62,0.228
1753769534101,06:12:14.101,binanceusdm,ETH/USDT:USDT,3806.6,61.893,3806.59,0.065,3806.61,23.044,3806.62,0.228
1753769534048,06:12:14.048,bitmex,ETH/USDT:USDT,3808.38,17000.0,3808.37,25000.0,3808.85,318000.0,3809.18,45000.0
1753769534097,06:12:14.097,bitmex,ETH/USDT:USDT,3808.38,17000.0,3808.37,25000.0,3808.85,318000.0,3809.18,45000.0
1753769534157,06:12:14.157,coincatch,ETH/USDT:USDT,3806.48,18.42,3806.47,15.18,3806.73,6.0,3806.74,1.12
1753769534168,06:12:14.168,bitget,ETH/USDT:USDT,3806.41,146.5,3806.33,3.76,3806.42,5.13,3806.51,23.57
1753769534003,06:12:14.003,blofin,ETH/USDT:USDT,3805.1,15911.0,3805.09,1418.0,3805.11,7958.0,3805.12,1669.0
1753769534217,06:12:14.217,bitfinex,ETH/USDT:USDT,3809.5,21.8776,3809.1,0.65343937,3809.6,2.50261,3809.9,1.51243
1753769534219,06:12:14.219,bitfinex,ETH/USDT:USDT,3809.5,22.40262,3809.1,0.65343937,3809.6,2.50261,3809.9,1.51243
1753769534220,06:12:14.220,bitfinex,ETH/USDT:USDT,3809.5,22.40262,3809.1,0.65343937,3809.6,2.50261,3809.9,1.51243
1753769534220,06:12:14.220,bybit,ETH/USDT:USDT,3807.54,96.52,3807.53,10.76,3807.55,31.88,3807.58,0.02
1753769534146,06:12:14.146,bitmex,ETH/USDT:USDT,3808.38,17000.0,3808.37,25000.0,3808.85,318000.0,3809.18,45000.0
1753769534202,06:12:14.202,binanceusdm,ETH/USDT:USDT,3806.6,59.036,3806.59,0.065,3806.61,16.004,3806.62,0.228
1753769534202,06:12:14.202,binance,ETH/USDT:USDT,3806.6,59.036,3806.59,0.065,3806.61,16.004,3806.62,0.228
1753769534195,06:12:14.195,bitmex,ETH/USDT:USDT,3808.37,25000.0,3808.05,144000.0,3808.65,2000.0,3808.85,318000.0
1753769534260,06:12:14.260,coincatch,ETH/USDT:USDT,3806.48,41.69,3806.47,4.74,3806.73,3.4,3806.74,1.03
1753769534319,06:12:14.319,bybit,ETH/USDT:USDT,3807.59,110.52,3807.58,93.05,3807.6,10.97,3807.62,0.02
1753769534178,06:12:14.178,deribit,ETH/USDT:USDT,3807.3,0.11,3807.1,0.25,3808.3,0.1,3808.6,0.1
1753769534244,06:12:14.244,bitmex,ETH/USDT:USDT,3808.58,17000.0,3808.37,25000.0,3808.83,25000.0,3808.85,318000.0
1753769534303,06:12:14.303,binance,ETH/USDT:USDT,3806.6,71.056,3806.59,0.065,3806.61,10.389,3806.62,0.228
1753769534303,06:12:14.303,binanceusdm,ETH/USDT:USDT,3806.6,71.056,3806.59,0.065,3806.61,10.389,3806.62,0.228
1753769534317,06:12:14.317,bitmart,ETH/USDT:USDT,3806.6,124496.0,3806.59,23831.0,3806.61,78218.0,3806.62,11930.0
1753769534293,06:12:14.293,bitmex,ETH/USDT:USDT,3808.58,17000.0,3808.37,25000.0,3808.85,318000.0,3809.18,45000.0
1753769534368,06:12:14.368,bitget,ETH/USDT:USDT,3806.54,313.34,3806.52,28.0,3806.55,62.22,3806.56,17.58
1753769534414,06:12:14.414,bitfinex,ETH/USDT:USDT,3809.5,22.40262,3809.1,0.65343937,3809.6,2.50261,3809.9,1.51243
1753769534415,06:12:14.415,bitfinex,ETH/USDT:USDT,3809.5,22.40262,3809.4,0.65343937,3809.6,1.78131,3809.8,0.4143
1753769534416,06:12:14.416,bitfinex,ETH/USDT:USDT,3809.5,22.40262,3809.4,0.65343937,3809.6,1.78131,3809.8,0.4143
1753769534419,06:12:14.419,bybit,ETH/USDT:USDT,3807.59,109.76,3807.58,10.13,3807.6,1.12,3807.62,0.02
1753769534342,06:12:14.342,bitmex,ETH/USDT:USDT,3808.58,17000.0,3808.37,25000.0,3808.85,318000.0,3809.19,64000.0
1753769517549,06:11:57.549,ascendex,ETH/USDT:USDT,3806.44,90.345,3806.43,79.68,3806.47,101.865,3806.48,90.87
1753769534406,06:12:14.406,binanceusdm,ETH/USDT:USDT,3806.6,74.136,3806.59,0.065,3806.61,10.455,3806.62,0.228
1753769534406,06:12:14.406,binance,ETH/USDT:USDT,3806.6,74.136,3806.59,0.065,3806.61,10.455,3806.62,0.228
1753769534408,06:12:14.408,coincatch,ETH/USDT:USDT,3806.48,41.69,3806.47,4.74,3806.73,3.4,3806.74,1.08
1753769534391,06:12:14.391,bitmex,ETH/USDT:USDT,3808.58,17000.0,3808.37,25000.0,3808.85,318000.0,3809.19,64000.0
1753769534468,06:12:14.468,bitget,ETH/USDT:USDT,3806.54,313.35,3806.44,49.02,3806.55,34.39,3806.56,17.58
1753769534519,06:12:14.519,bybit,ETH/USDT:USDT,3807.59,110.74,3807.58,10.13,3807.6,10.79,3807.62,0.02
1753769534440,06:12:14.440,bitmex,ETH/USDT:USDT,3808.38,17000.0,3808.37,25000.0,3808.85,318000.0,3809.19,64000.0
1753769534508,06:12:14.508,binanceusdm,ETH/USDT:USDT,3806.6,79.505,3806.59,0.065,3806.61,10.451,3806.62,0.228
1753769534508,06:12:14.508,binance,ETH/USDT:USDT,3806.6,79.505,3806.59,0.065,3806.61,10.451,3806.62,0.228
1753769534511,06:12:14.511,coincatch,ETH/USDT:USDT,3806.48,51.13,3806.47,4.74,3806.73,1.07,3806.74,1.26
1753769534489,06:12:14.489,bitmex,ETH/USDT:USDT,3808.59,17000.0,3808.58,20000.0,3808.79,2000.0,3808.85,318000.0
1753769534568,06:12:14.568,bitget,ETH/USDT:USDT,3806.54,313.33,3806.45,36.45,3806.55,34.39,3806.56,17.58
1753769534619,06:12:14.619,bybit,ETH/USDT:USDT,3807.59,106.95,3807.58,7.91,3807.6,28.91,3807.62,0.02
1753769534538,06:12:14.538,bitmex,ETH/USDT:USDT,3808.58,20000.0,3808.37,25000.0,3808.85,318000.0,3809.19,64000.0
1753769534609,06:12:14.609,binanceusdm,ETH/USDT:USDT,3806.6,79.397,3806.59,0.065,3806.61,13.319,3806.62,0.228
1753769534609,06:12:14.609,binance,ETH/USDT:USDT,3806.6,79.397,3806.59,0.065,3806.61,13.319,3806.62,0.228
1753769517549,06:11:57.549,ascendex,ETH/USDT:USDT,3806.44,90.345,3806.43,79.68,3806.47,101.865,3806.48,90.87
1753769535258,06:12:15.258,bitfinex,ETH/USDT:USDT,3809.5,22.40262,3809.4,0.65343937,3809.6,0.84481,3809.9,1.51243
1753769517549,06:11:57.549,ascendex,ETH/USDT:USDT,3806.44,90.345,3806.43,79.68,3806.47,101.865,3806.48,90.87
1753769535277,06:12:15.277,bitfinex,ETH/USDT:USDT,3809.5,22.40262,3809.4,0.65343937,3809.6,0.84481,3809.9,1.51243
1753769535222,06:12:15.222,binance,ETH/USDT:USDT,3806.6,72.432,3806.59,0.065,3806.61,16.995,3806.62,0.228
1753769535186,06:12:15.186,bitmex,ETH/USDT:USDT,3808.59,17000.0,3808.37,25000.0,3808.85,318000.0,3809.19,64000.0
1753769535313,06:12:15.313,bitfinex,ETH/USDT:USDT,3809.5,22.40262,3809.4,0.65343937,3809.6,0.84481,3809.9,1.51243
1753769535314,06:12:15.314,bitfinex,ETH/USDT:USDT,3809.5,22.40262,3809.4,0.65343937,3809.6,0.84481,3809.9,1.95953
1753769535318,06:12:15.318,bybit,ETH/USDT:USDT,3807.59,105.87,3807.58,3.88,3807.6,46.09,3807.62,0.02
1753769535261,06:12:15.261,bitmex,ETH/USDT:USDT,3808.59,17000.0,3808.37,25000.0,3808.85,318000.0,3809.19,64000.0
1753769535315,06:12:15.315,coincatch,ETH/USDT:USDT,3806.48,41.26,3806.47,4.74,3806.73,2.89,3806.74,1.4
1753769535325,06:12:15.325,binance,ETH/USDT:USDT,3806.6,73.921,3806.59,0.065,3806.61,16.889,3806.62,0.228
1753769535325,06:12:15.325,binanceusdm,ETH/USDT:USDT,3806.6,73.921,3806.59,0.065,3806.61,16.889,3806.62,0.228
1753769535324,06:12:15.324,bitmart,ETH/USDT:USDT,3806.6,100967.0,3806.59,23831.0,3806.61,30137.0,3806.62,10434.0
1753769517549,06:11:57.549,ascendex,ETH/USDT:USDT,3806.44,90.345,3806.43,79.68,3806.47,101.865,3806.48,90.87
1753769535419,06:12:15.419,bybit,ETH/USDT:USDT,3807.59,109.6,3807.58,3.88,3807.6,18.69,3807.62,0.02
1753769535415,06:12:15.415,coincatch,ETH/USDT:USDT,3806.48,41.26,3806.47,4.74,3806.73,2.89,3806.74,1.39
1753769535428,06:12:15.428,binanceusdm,ETH/USDT:USDT,3806.6,72.137,3806.59,0.065,3806.61,6.949,3806.62,0.228
1753769535428,06:12:15.428,binance,ETH/USDT:USDT,3806.6,72.137,3806.59,0.065,3806.61,6.949,3806.62,0.228
1753769535395,06:12:15.395,bitmex,ETH/USDT:USDT,3808.59,17000.0,3808.37,25000.0,3808.85,318000.0,3809.19,64000.0
1753769535514,06:12:15.514,bitfinex,ETH/USDT:USDT,3809.5,22.40262,3809.4,0.65343937,3809.6,0.84481,3809.9,1.95953
1753769535515,06:12:15.515,bitfinex,ETH/USDT:USDT,3809.5,22.40262,3809.4,0.65343937,3809.6,0.84481,3809.9,1.95953
1753769535515,06:12:15.515,bitfinex,ETH/USDT:USDT,3809.5,22.40262,3809.4,0.65343937,3809.6,0.84481,3809.9,1.95953
1753769535481,06:12:15.481,bitget,ETH/USDT:USDT,3806.55,312.78,3806.54,123.86,3806.56,51.48,3806.62,42.98
1753769535519,06:12:15.519,bybit,ETH/USDT:USDT,3807.59,109.72,3807.58,3.88,3807.6,5.22,3807.62,0.02
1753769535444,06:12:15.444,bitmex,ETH/USDT:USDT,3808.37,25000.0,3808.05,144000.0,3808.84,25000.0,3808.85,318000.0
1753769535522,06:12:15.522,bitmart,ETH/USDT:USDT,3806.6,126368.0,3806.59,23831.0,3806.61,54361.0,3806.62,10434.0
1753769535531,06:12:15.531,binanceusdm,ETH/USDT:USDT,3806.6,72.137,3806.59,0.065,3806.61,6.962,3806.62,0.228
1753769535531,06:12:15.531,binance,ETH/USDT:USDT,3806.6,72.137,3806.59,0.065,3806.61,6.962,3806.62,0.228
1753769535493,06:12:15.493,bitmex,ETH/USDT:USDT,3808.59,17000.0,3808.37,25000.0,3808.84,25000.0,3808.85,318000.0
1753769535544,06:12:15.544,coincatch,ETH/USDT:USDT,3806.48,41.26,3806.47,4.74,3806.73,2.89,3806.74,1.33
1753769535311,06:12:15.311,blofin,ETH/USDT:USDT,3805.48,29037.0,3805.47,1816.0,3805.49,6844.0,3805.5,1504.0
1753769535618,06:12:15.618,bybit,ETH/USDT:USDT,3807.59,109.72,3807.58,3.88,3807.6,5.22,3807.62,0.02
1753769535576,06:12:15.576,bitmex,ETH/USDT:USDT,3808.79,2000.0,3808.59,17000.0,3808.84,25000.0,3808.85,318000.0
1753769535632,06:12:15.632,binance,ETH/USDT:USDT,3806.6,72.111,3806.59,0.065,3806.61,6.975,3806.62,0.228
1753769535632,06:12:15.632,binanceusdm,ETH/USDT:USDT,3806.6,72.111,3806.59,0.065,3806.61,6.975,3806.62,0.228
1753769517549,06:11:57.549,ascendex,ETH/USDT:USDT,3806.44,90.345,3806.43,79.68,3806.47,101.865,3806.48,90.87
1753769535888,06:12:15.888,bitfinex,ETH/USDT:USDT,3809.5,22.40262,3809.4,0.65343937,3809.6,0.84481,3809.9,1.95953
1753769535899,06:12:15.899,bitfinex,ETH/USDT:USDT,3809.5,22.40262,3809.4,0.65343937,3809.6,0.84481,3809.9,1.95953
1753769535813,06:12:15.813,coincatch,ETH/USDT:USDT,3806.48,41.07,3806.47,4.74,3806.73,1.18,3806.74,1.28
1753769535720,06:12:15.720,bitmart,ETH/USDT:USDT,3806.6,100967.0,3806.59,23831.0,3806.61,30137.0,3806.62,10434.0
1753769535913,06:12:15.913,bitfinex,ETH/USDT:USDT,3809.5,22.40262,3809.4,0.65343937,3809.6,0.84481,3809.9,1.95953
1753769535840,06:12:15.840,binance,ETH/USDT:USDT,3806.6,60.188,3806.59,0.065,3806.61,11.303,3806.62,0.228
1753769535919,06:12:15.919,bybit,ETH/USDT:USDT,3807.59,97.41,3807.58,2.44,3807.6,35.06,3807.62,0.02
1753769535884,06:12:15.884,bitget,ETH/USDT:USDT,3806.55,235.62,3806.54,95.32,3806.56,51.48,3806.62,42.98
1753769535871,06:12:15.871,bitmex,ETH/USDT:USDT,3808.59,17000.0,3808.37,25000.0,3808.78,25000.0,3808.85,318000.0
1753769535932,06:12:15.932,bitmart,ETH/USDT:USDT,3806.6,100967.0,3806.59,23831.0,3806.61,14895.0,3806.62,10434.0
1753769535943,06:12:15.943,binance,ETH/USDT:USDT,3806.6,59.997,3806.59,0.065,3806.61,14.351,3806.62,0.228
1753769535943,06:12:15.943,binanceusdm,ETH/USDT:USDT,3806.6,59.997,3806.59,0.065,3806.61,14.351,3806.62,0.228
1753769535962,06:12:15.962,coincatch,ETH/USDT:USDT,3806.48,34.29,3806.47,21.77,3806.73,1.92,3806.74,1.14
1753769535932,06:12:15.932,bitmex,ETH/USDT:USDT,3808.59,17000.0,3808.37,25000.0,3808.78,25000.0,3808.85,318000.0
1753769517549,06:11:57.549,ascendex,ETH/USDT:USDT,3806.44,90.345,3806.43,79.68,3806.47,101.865,3806.48,90.87
1753769536020,06:12:16.020,bybit,ETH/USDT:USDT,3807.59,97.41,3807.58,2.44,3807.6,35.06,3807.62,0.02
1753769536045,06:12:16.045,binanceusdm,ETH/USDT:USDT,3806.6,65.339,3806.59,0.065,3806.61,13.651,3806.62,1.422
1753769536045,06:12:16.045,binance,ETH/USDT:USDT,3806.6,65.339,3806.59,0.065,3806.61,13.651,3806.62,1.422
1753769536000,06:12:16.000,gate,ETH/USDT:USDT,3807.5,4966.0,3807.45,77.0,3807.55,3194.0,3807.6,620.0
1753769536031,06:12:16.031,bitmex,ETH/USDT:USDT,3808.59,17000.0,3808.37,25000.0,3808.85,318000.0,3809.19,64000.0
1753769536119,06:12:16.119,bybit,ETH/USDT:USDT,3807.59,108.72,3807.58,2.44,3807.6,26.91,3807.62,0.02
1753769536085,06:12:16.085,bitget,ETH/USDT:USDT,3806.55,238.54,3806.54,114.16,3806.56,59.62,3806.61,11.62
1753769536086,06:12:16.086,gate,ETH/USDT:USDT,3807.5,4966.0,3807.45,77.0,3807.55,3194.0,3807.6,620.0
1753769536112,06:12:16.112,coincatch,ETH/USDT:USDT,3806.48,34.29,3806.47,21.77,3806.73,1.92,3806.74,1.01
1753769536122,06:12:16.122,bitmart,ETH/USDT:USDT,3806.6,100967.0,3806.59,23831.0,3806.61,14895.0,3806.62,10434.0
1753769536148,06:12:16.148,binanceusdm,ETH/USDT:USDT,3806.6,64.332,3806.59,0.065,3806.61,6.418,3806.62,1.422
1753769536148,06:12:16.148,binance,ETH/USDT:USDT,3806.6,64.332,3806.59,0.065,3806.61,6.418,3806.62,1.422
1753769536210,06:12:16.210,bitfinex,ETH/USDT:USDT,3809.5,22.40262,3809.4,0.65343937,3809.6,0.84481,3809.9,1.95953
1753769536211,06:12:16.211,bitfinex,ETH/USDT:USDT,3809.5,22.40262,3809.4,0.65343937,3809.6,0.84481,3809.9,1.95953
1753769536015,06:12:16.015,blofin,ETH/USDT:USDT,3805.48,36849.0,3805.47,1627.0,3805.49,3918.0,3805.5,1716.0
1753769536218,06:12:16.218,bybit,ETH/USDT:USDT,3807.59,124.82,3807.58,2.44,3807.6,25.01,3807.62,0.02
1753769536186,06:12:16.186,gate,ETH/USDT:USDT,3807.5,4966.0,3807.45,77.0,3807.55,3194.0,3807.6,620.0
1753769536165,06:12:16.165,bitmex,ETH/USDT:USDT,3808.38,17000.0,3808.37,25000.0,3808.82,25000.0,3808.85,318000.0
1753769536213,06:12:16.213,coincatch,ETH/USDT:USDT,3806.48,36.8,3806.47,21.77,3806.73,1.8,3806.74,2.42
1753769536251,06:12:16.251,binanceusdm,ETH/USDT:USDT,3806.6,64.332,3806.59,0.065,3806.61,7.384,3806.62,1.422
1753769536251,06:12:16.251,binance,ETH/USDT:USDT,3806.6,64.332,3806.59,0.065,3806.61,7.384,3806.62,1.422
1753769536214,06:12:16.214,bitmex,ETH/USDT:USDT,3808.79,2000.0,3808.59,17000.0,3808.81,25000.0,3808.85,318000.0
1753769536319,06:12:16.319,bybit,ETH/USDT:USDT,3807.59,124.82,3807.58,2.44,3807.6,21.21,3807.62,0.02
1753769536258,06:12:16.258,gate,ETH/USDT:USDT,3807.5,4966.0,3807.45,77.0,3807.55,3194.0,3807.6,620.0
1753769517549,06:11:57.549,ascendex,ETH/USDT:USDT,3806.44,90.345,3806.43,79.68,3806.47,101.865,3806.48,90.87
1753769536263,06:12:16.263,bitmex,ETH/USDT:USDT,3808.58,17000.0,3808.37,25000.0,3808.84,25000.0,3808.85,318000.0
1753769536314,06:12:16.314,coincatch,ETH/USDT:USDT,3806.48,36.8,3806.47,10.43,3806.73,1.8,3806.74,2.42
1753769536353,06:12:16.353,binance,ETH/USDT:USDT,3806.6,64.8,3806.59,0.065,3806.61,7.384,3806.62,1.422
1753769536353,06:12:16.353,binanceusdm,ETH/USDT:USDT,3806.6,64.8,3806.59,0.065,3806.61,7.384,3806.62,1.422
1753769536312,06:12:16.312,bitmex,ETH/USDT:USDT,3808.58,17000.0,3808.37,25000.0,3808.64,2000.0,3808.85,318000.0
1753769536414,06:12:16.414,bitfinex,ETH/USDT:USDT,3809.5,22.40262,3809.4,0.65343937,3809.6,0.84481,3809.9,1.95953
1753769536414,06:12:16.414,bitfinex,ETH/USDT:USDT,3809.5,22.40262,3809.4,0.65343937,3809.6,0.84481,3809.9,1.95953
1753769536415,06:12:16.415,bitfinex,ETH/USDT:USDT,3809.5,22.40262,3809.4,0.65343937,3809.6,0.84481,3809.9,1.95953
1753769536418,06:12:16.418,bybit,ETH/USDT:USDT,3807.59,124.82,3807.58,2.44,3807.6,21.21,3807.62,0.02
1753769536383,06:12:16.383,gate,ETH/USDT:USDT,3807.5,4966.0,3807.45,77.0,3807.55,3194.0,3807.6,620.0
1753769536361,06:12:16.361,bitmex,ETH/USDT:USDT,3808.37,25000.0,3808.17,192000.0,3808.83,25000.0,3808.99,318000.0
1753769536414,06:12:16.414,coincatch,ETH/USDT:USDT,3806.48,36.91,3806.47,10.43,3806.73,1.26,3806.74,2.42
1753769536456,06:12:16.456,binanceusdm,ETH/USDT:USDT,3806.6,65.107,3806.59,0.065,3806.61,7.675,3806.62,1.422
1753769536456,06:12:16.456,binance,ETH/USDT:USDT,3806.6,65.107,3806.59,0.065,3806.61,7.675,3806.62,1.422
1753769536410,06:12:16.410,bitmex,ETH/USDT:USDT,3808.59,17000.0,3808.37,25000.0,3808.81,25000.0,3808.82,25000.0
1753769536518,06:12:16.518,bybit,ETH/USDT:USDT,3807.59,124.82,3807.58,2.44,3807.6,21.21,3807.62,0.02
1753769536485,06:12:16.485,gate,ETH/USDT:USDT,3807.5,4966.0,3807.45,77.0,3807.55,3194.0,3807.6,620.0
1753769536487,06:12:16.487,bitget,ETH/USDT:USDT,3806.55,321.68,3806.54,95.32,3806.56,59.62,3806.62,42.98
1753769536459,06:12:16.459,bitmex,ETH/USDT:USDT,3808.6,17000.0,3808.37,25000.0,3808.99,318000.0,3809.19,64000.0
1753769536561,06:12:16.561,binanceusdm,ETH/USDT:USDT,3806.6,67.281,3806.59,0.065,3806.61,16.103,3806.62,1.422
1753769536561,06:12:16.561,binance,ETH/USDT:USDT,3806.6,67.281,3806.59,0.065,3806.61,16.103,3806.62,1.422
1753769536508,06:12:16.508,bitmex,ETH/USDT:USDT,3808.58,17000.0,3808.38,17000.0,3808.98,25000.0,3808.99,318000.0
1753769536564,06:12:16.564,coincatch,ETH/USDT:USDT,3806.48,36.91,3806.47,4.77,3806.73,1.26,3806.74,2.42
1753769536614,06:12:16.614,bitfinex,ETH/USDT:USDT,3809.5,22.40262,3809.4,0.65343937,3809.6,0.84481,3809.9,1.95953
1753769536615,06:12:16.615,bitfinex,ETH/USDT:USDT,3809.5,22.40262,3809.4,0.65343937,3809.6,0.84481,3809.9,1.95953
1753769536616,06:12:16.616,bitfinex,ETH/USDT:USDT,3809.5,22.40262,3809.4,0.65343937,3809.6,0.84481,3809.9,1.95953
1753769536618,06:12:16.618,bybit,ETH/USDT:USDT,3807.59,123.74,3807.58,2.44,3807.6,21.21,3807.62,0.02
1753769536577,06:12:16.577,gate,ETH/USDT:USDT,3807.5,4966.0,3807.45,77.0,3807.55,4085.0,3807.6,620.0
1753769536587,06:12:16.587,bitget,ETH/USDT:USDT,3806.55,307.94,3806.54,95.32,3806.56,59.62,3806.62,42.98
1753769536557,06:12:16.557,bitmex,ETH/USDT:USDT,3808.38,17000.0,3808.37,25000.0,3808.97,25000.0,3808.99,318000.0
1753769517549,06:11:57.549,ascendex,ETH/USDT:USDT,3806.44,90.345,3806.43,79.68,3806.47,101.865,3806.48,90.87
1753769536403,06:12:16.403,deribit,ETH/USDT:USDT,3807.5,0.21,3807.1,0.15,3808.3,0.1,3808.6,0.1
1753769536606,06:12:16.606,bitmex,ETH/USDT:USDT,3808.37,25000.0,3808.17,192000.0,3808.79,2000.0,3808.98,25000.0
1753769536662,06:12:16.662,binanceusdm,ETH/USDT:USDT,3806.6,64.481,3806.59,0.065,3806.61,8.501,3806.62,1.422
1753769536662,06:12:16.662,binance,ETH/USDT:USDT,3806.6,64.481,3806.59,0.065,3806.61,8.501,3806.62,1.422
1753769536718,06:12:16.718,bybit,ETH/USDT:USDT,3807.59,123.74,3807.58,2.44,3807.6,21.21,3807.62,0.02
1753769536674,06:12:16.674,gate,ETH/USDT:USDT,3807.5,4966.0,3807.45,77.0,3807.55,3194.0,3807.6,620.0
1753769536655,06:12:16.655,bitmex,ETH/USDT:USDT,3808.59,17000.0,3808.37,25000.0,3808.78,25000.0,3808.99,318000.0
1753769536717,06:12:16.717,bitmart,ETH/USDT:USDT,3806.6,130220.0,3806.59,23831.0,3806.61,52250.0,3806.62,8652.0
1753769536704,06:12:16.704,bitmex,ETH/USDT:USDT,3808.38,17000.0,3808.37,25000.0,3808.97,25000.0,3808.98,25000.0
1753769536764,06:12:16.764,binanceusdm,ETH/USDT:USDT,3806.6,65.7,3806.59,0.065,3806.61,12.644,3806.62,1.422
1753769536764,06:12:16.764,binance,ETH/USDT:USDT,3806.6,65.7,3806.59,0.065,3806.61,12.644,3806.62,1.422
1753769536801,06:12:16.801,bitfinex,ETH/USDT:USDT,3809.5,22.40262,3809.4,0.65343937,3809.6,0.84481,3809.9,1.95953
1753769536802,06:12:16.802,bitfinex,ETH/USDT:USDT,3809.5,22.40262,3809.4,0.65343937,3809.6,0.84481,3809.9,1.95953
1753769536802,06:12:16.802,bitfinex,ETH/USDT:USDT,3809.5,22.40262,3809.4,0.65343937,3809.6,0.84481,3809.9,1.95953
1753769536818,06:12:16.818,bybit,ETH/USDT:USDT,3807.59,124.72,3807.58,2.44,3807.6,21.21,3807.62,0.02
1753769536777,06:12:16.777,gate,ETH/USDT:USDT,3807.5,4966.0,3807.45,77.0,3807.55,3194.0,3807.6,620.0
1753769536788,06:12:16.788,bitget,ETH/USDT:USDT,3806.55,315.8,3806.54,95.32,3806.56,59.62,3806.62,42.98
1753769536753,06:12:16.753,bitmex,ETH/USDT:USDT,3808.38,17000.0,3808.37,25000.0,3808.97,25000.0,3808.99,318000.0
1753769536821,06:12:16.821,coincatch,ETH/USDT:USDT,3806.48,36.73,3806.47,4.77,3806.73,1.44,3806.74,2.42
1753769536675,06:12:16.675,blofin,ETH/USDT:USDT,3805.48,28540.0,3805.47,1437.0,3805.49,5501.0,3805.5,1433.0
1753769536802,06:12:16.802,bitmex,ETH/USDT:USDT,3808.37,25000.0,3808.17,192000.0,3808.94,25000.0,3808.99,318000.0
1753769536867,06:12:16.867,binanceusdm,ETH/USDT:USDT,3806.6,65.366,3806.59,0.065,3806.61,8.501,3806.62,1.432
1753769536867,06:12:16.867,binance,ETH/USDT:USDT,3806.6,65.366,3806.59,0.065,3806.61,8.501,3806.62,1.432
1753769536919,06:12:16.919,bybit,ETH/USDT:USDT,3807.59,124.82,3807.58,2.44,3807.6,9.47,3807.62,0.02
1753769536878,06:12:16.878,gate,ETH/USDT:USDT,3807.5,4966.0,3807.45,77.0,3807.55,3194.0,3807.6,620.0
1753769536889,06:12:16.889,bitget,ETH/USDT:USDT,3806.55,316.86,3806.54,95.32,3806.56,59.62,3806.62,42.98
1753769536851,06:12:16.851,bitmex,ETH/USDT:USDT,3808.38,17000.0,3808.37,25000.0,3808.93,25000.0,3808.99,318000.0
1753769517549,06:11:57.549,ascendex,ETH/USDT:USDT,3806.44,90.345,3806.43,79.68,3806.47,101.865,3806.48,90.87
1753769536900,06:12:16.900,bitmex,ETH/USDT:USDT,3808.38,17000.0,3808.37,25000.0,3808.93,25000.0,3808.99,318000.0
1753769537723,06:12:17.723,bitfinex,ETH/USDT:USDT,3809.5,22.40262,3809.4,0.65343937,3809.6,0.84481,3809.9,1.95953
1753769537744,06:12:17.744,bitfinex,ETH/USDT:USDT,3809.5,22.40262,3809.4,0.65343937,3809.6,0.84481,3809.9,1.95953
1753769536981,06:12:16.981,gate,ETH/USDT:USDT,3807.5,4966.0,3807.45,77.0,3807.55,3194.0,3807.6,620.0
1753769517549,06:11:57.549,ascendex,ETH/USDT:USDT,3806.44,90.345,3806.43,79.68,3806.47,101.865,3806.48,90.87
1753769537685,06:12:17.685,gate,ETH/USDT:USDT,3808.0,10595.0,3807.95,312.0,3808.05,192.0,3808.2,1.0
1753769517549,06:11:57.549,ascendex,ETH/USDT:USDT,3806.44,90.345,3806.43,79.68,3806.47,101.865,3806.48,90.87
1753769537832,06:12:17.832,bitfinex,ETH/USDT:USDT,3809.5,22.40262,3809.4,0.65343937,3809.6,0.84481,3809.9,1.95953
1753769537691,06:12:17.691,bitget,ETH/USDT:USDT,3806.61,18.16,3806.56,19.25,3806.65,0.01,3806.88,0.2
1753769537454,06:12:17.454,bitmex,ETH/USDT:USDT,3808.59,17000.0,3808.37,25000.0,3808.74,25000.0,3808.99,318000.0
1753769537893,06:12:17.893,bitfinex,ETH/USDT:USDT,3809.5,22.40262,3809.4,0.65343937,3809.6,0.84481,3809.9,1.95953
1753769537786,06:12:17.786,gate,ETH/USDT:USDT,3808.0,6191.0,3807.95,520.0,3808.05,4327.0,3808.1,63484.0
1753769537794,06:12:17.794,binanceusdm,ETH/USDT:USDT,3807.05,338.651,3807.04,139.386,3807.06,6.982,3807.08,0.032
1753769537790,06:12:17.790,bitmex,ETH/USDT:USDT,3808.59,17000.0,3808.41,315000.0,3809.19,64000.0,3810.48,569000.0
1753769517549,06:11:57.549,ascendex,ETH/USDT:USDT,3806.44,90.345,3806.43,79.68,3806.47,101.865,3806.48,90.87
1753769538004,06:12:18.004,bitfinex,ETH/USDT:USDT,3809.5,22.40262,3809.4,0.65343937,3809.6,0.84481,3809.9,1.95953
1753769537887,06:12:17.887,gate,ETH/USDT:USDT,3808.0,6157.0,3807.95,451.0,3808.05,3252.0,3808.15,246.0
1753769537818,06:12:17.818,coincatch,ETH/USDT:USDT,3806.93,49.0,3806.92,90.28,3807.18,1.19,3807.19,1.19
1753769538012,06:12:18.012,bitfinex,ETH/USDT:USDT,3809.9,0.4299,3809.8,0.2963,3810.4,0.94060439,3810.6,1.41254827
1753769537918,06:12:17.918,coincatch,ETH/USDT:USDT,3806.93,49.0,3806.92,90.28,3807.18,1.19,3807.19,1.19
1753769537986,06:12:17.986,gate,ETH/USDT:USDT,3808.0,6157.0,3807.95,451.0,3808.05,3979.0,3808.15,658.0
1753769537996,06:12:17.996,binance,ETH/USDT:USDT,3807.15,208.365,3807.14,9.549,3807.16,6.87,3807.18,0.012
1753769537913,06:12:17.913,deribit,ETH/USDT:USDT,3808.3,0.1,3808.2,0.1,3809.4,0.2,3809.6,6.46
1753769537993,06:12:17.993,bitmex,ETH/USDT:USDT,3808.99,17000.0,3808.73,208000.0,3809.72,25000.0,3809.75,210000.0
1753769538082,06:12:18.082,gate,ETH/USDT:USDT,3808.0,6157.0,3807.95,451.0,3808.05,4222.0,3808.15,412.0
1753769538065,06:12:18.065,coincatch,ETH/USDT:USDT,3807.03,120.31,3807.02,9.14,3807.28,1.17,3807.3,1.23
1753769538042,06:12:18.042,bitmex,ETH/USDT:USDT,3808.73,208000.0,3808.6,411000.0,3809.7,25000.0,3809.75,210000.0
1753769538097,06:12:18.097,binance,ETH/USDT:USDT,3807.15,170.937,3807.14,0.006,3807.16,20.476,3807.17,0.085
1753769538097,06:12:18.097,binanceusdm,ETH/USDT:USDT,3807.15,170.937,3807.14,0.006,3807.16,20.476,3807.17,0.085
1753769538093,06:12:18.093,bitget,ETH/USDT:USDT,3806.87,360.56,3806.82,16.5,3806.88,0.21,3807.12,0.47
1753769538091,06:12:18.091,bitmex,ETH/USDT:USDT,3808.73,208000.0,3808.6,411000.0,3809.69,25000.0,3809.75,210000.0
1753769538183,06:12:18.183,bitfinex,ETH/USDT:USDT,3809.8,0.2963,3809.5,27.48353,3810.4,0.94060439,3810.6,1.41254827
1753769538185,06:12:18.185,bitfinex,ETH/USDT:USDT,3810.1,1.37963937,3810.0,21.67894,3810.2,0.52494,3810.3,0.69139887
1753769538218,06:12:18.218,bybit,ETH/USDT:USDT,3808.07,133.89,3808.01,2.38,3808.08,42.15,3808.09,0.16
1753769517549,06:11:57.549,ascendex,ETH/USDT:USDT,3806.44,90.345,3806.43,79.68,3806.47,101.865,3806.48,90.87
1753769538175,06:12:18.175,gate,ETH/USDT:USDT,3808.0,6157.0,3807.95,451.0,3808.05,4222.0,3808.15,412.0
1753769538140,06:12:18.140,bitmex,ETH/USDT:USDT,3808.73,208000.0,3808.6,411000.0,3809.69,25000.0,3809.75,210000.0
1753769538199,06:12:18.199,binanceusdm,ETH/USDT:USDT,3807.15,171.304,3807.14,0.006,3807.16,20.51,3807.17,0.085
1753769538199,06:12:18.199,binance,ETH/USDT:USDT,3807.15,171.304,3807.14,0.006,3807.16,20.51,3807.17,0.085
1753769538189,06:12:18.189,bitmex,ETH/USDT:USDT,3808.73,208000.0,3808.6,411000.0,3809.69,25000.0,3809.75,210000.0
1753769538268,06:12:18.268,coincatch,ETH/USDT:USDT,3807.03,120.31,3807.02,14.35,3807.28,1.17,3807.3,1.03
1753769538318,06:12:18.318,bybit,ETH/USDT:USDT,3808.07,133.89,3808.01,2.38,3808.08,42.25,3808.09,0.16
1753769538273,06:12:18.273,gate,ETH/USDT:USDT,3808.0,6157.0,3807.95,451.0,3808.05,4222.0,3808.15,412.0
1753769538294,06:12:18.294,bitget,ETH/USDT:USDT,3806.87,360.56,3806.82,16.5,3806.88,0.21,3807.12,0.47
1753769538301,06:12:18.301,binanceusdm,ETH/USDT:USDT,3807.15,172.269,3807.14,0.006,3807.16,20.46,3807.17,0.085
1753769538301,06:12:18.301,binance,ETH/USDT:USDT,3807.15,172.269,3807.14,0.006,3807.16,20.46,3807.17,0.085
1753769538272,06:12:18.272,bitmex,ETH/USDT:USDT,3808.73,208000.0,3808.6,411000.0,3809.69,25000.0,3809.75,210000.0
1753769538320,06:12:18.320,bitmart,ETH/USDT:USDT,3806.72,87.0,3806.7,47.0,3807.16,8044.0,3807.17,6670.0
1753769538322,06:12:18.322,bitmex,ETH/USDT:USDT,3808.74,17000.0,3808.73,208000.0,3809.68,25000.0,3809.75,210000.0
1753769538412,06:12:18.412,bitfinex,ETH/USDT:USDT,3810.1,1.37963937,3810.0,21.67894,3810.2,0.52494,3810.3,0.69139887
1753769538413,06:12:18.413,bitfinex,ETH/USDT:USDT,3810.1,21.8792,3810.0,0.52494,3810.2,2.50213887,3810.5,1.35490439
1753769538414,06:12:18.414,bitfinex,ETH/USDT:USDT,3810.1,21.8792,3810.0,0.52494,3810.2,2.50213887,3810.5,1.35490439
1753769538418,06:12:18.418,bybit,ETH/USDT:USDT,3808.07,133.89,3808.01,2.38,3808.08,42.25,3808.09,0.16
1753769538375,06:12:18.375,gate,ETH/USDT:USDT,3808.0,6157.0,3807.95,451.0,3808.05,4222.0,3808.15,412.0
1753769538395,06:12:18.395,bitget,ETH/USDT:USDT,3806.87,360.56,3806.82,16.5,3806.88,0.21,3807.12,0.47
1753769538402,06:12:18.402,binance,ETH/USDT:USDT,3807.15,172.269,3807.14,0.006,3807.16,20.531,3807.17,0.085
1753769538402,06:12:18.402,binanceusdm,ETH/USDT:USDT,3807.15,172.269,3807.14,0.006,3807.16,20.531,3807.17,0.085
1753769538396,06:12:18.396,coincatch,ETH/USDT:USDT,3807.03,100.6,3807.02,8.94,3807.28,3.48,3807.29,1.47
1753769538420,06:12:18.420,bitmex,ETH/USDT:USDT,3808.74,203000.0,3808.73,208000.0,3809.67,25000.0,3809.75,210000.0
1753769538519,06:12:18.519,bybit,ETH/USDT:USDT,3808.07,132.81,3808.01,2.38,3808.08,43.87,3808.09,0.16
1753769538487,06:12:18.487,gate,ETH/USDT:USDT,3808.0,6136.0,3807.95,165.0,3808.05,4307.0,3808.15,412.0
1753769517549,06:11:57.549,ascendex,ETH/USDT:USDT,3806.44,90.345,3806.43,79.68,3806.47,101.865,3806.48,90.87
1753769538505,06:12:18.505,binance,ETH/USDT:USDT,3807.15,164.398,3807.14,0.006,3807.16,20.534,3807.17,0.085
1753769538505,06:12:18.505,binanceusdm,ETH/USDT:USDT,3807.15,164.398,3807.14,0.006,3807.16,20.534,3807.17,0.085
1753769538469,06:12:18.469,bitmex,ETH/USDT:USDT,3808.95,17000.0,3808.74,186000.0,3809.66,25000.0,3809.75,210000.0
1753769538519,06:12:18.519,coincatch,ETH/USDT:USDT,3807.03,100.6,3807.02,8.94,3807.28,3.48,3807.29,1.2
1753769538617,06:12:18.617,bitfinex,ETH/USDT:USDT,3810.1,21.8792,3810.0,0.52494,3810.2,1.81074,3810.5,0.4143
1753769538624,06:12:18.624,bitfinex,ETH/USDT:USDT,3810.1,21.8792,3810.0,0.52494,3810.2,1.81074,3810.5,0.4143
1753769538518,06:12:18.518,bitmex,ETH/USDT:USDT,3808.95,19000.0,3808.94,2000.0,3809.43,25000.0,3809.75,210000.0
1753769538576,06:12:18.576,gate,ETH/USDT:USDT,3808.0,6136.0,3807.95,165.0,3808.05,4307.0,3808.15,412.0
1753769538619,06:12:18.619,bybit,ETH/USDT:USDT,3808.07,130.45,3808.01,0.02,3808.08,43.87,3808.09,0.16
1753769538567,06:12:18.567,bitmex,ETH/USDT:USDT,3808.95,17000.0,3808.74,186000.0,3809.37,25000.0,3809.38,210000.0
1753769538322,06:12:18.322,deribit,ETH/USDT:USDT,3808.3,0.1,3808.2,0.1,3809.4,0.2,3809.6,6.46
1753769538616,06:12:18.616,bitmex,ETH/USDT:USDT,3808.75,17000.0,3808.74,186000.0,3809.32,25000.0,3809.33,25000.0
1753769538718,06:12:18.718,bybit,ETH/USDT:USDT,3808.07,131.68,3808.01,0.02,3808.08,45.02,3808.09,0.16
1753769538682,06:12:18.682,gate,ETH/USDT:USDT,3808.0,6068.0,3807.95,199.0,3808.05,4307.0,3808.15,412.0
1753769538696,06:12:18.696,bitget,ETH/USDT:USDT,3806.87,342.56,3806.82,16.5,3806.88,0.21,3807.12,0.47
1753769538708,06:12:18.708,binance,ETH/USDT:USDT,3807.15,146.237,3807.14,0.006,3807.16,41.933,3807.17,0.085
1753769538708,06:12:18.708,binanceusdm,ETH/USDT:USDT,3807.15,146.237,3807.14,0.006,3807.16,41.933,3807.17,0.085
1753769538665,06:12:18.665,bitmex,ETH/USDT:USDT,3808.75,17000.0,3808.74,186000.0,3809.67,210000.0,3809.85,95000.0
1753769538809,06:12:18.809,bitfinex,ETH/USDT:USDT,3810.1,21.8792,3810.0,0.52494,3810.2,1.81074,3810.5,0.4143
1753769538810,06:12:18.810,bitfinex,ETH/USDT:USDT,3810.1,21.8792,3810.0,0.52494,3810.2,1.81074,3810.5,0.4143
1753769538810,06:12:18.810,bitfinex,ETH/USDT:USDT,3810.1,21.8792,3810.0,0.52494,3810.2,1.81074,3810.5,0.4143
1753769538819,06:12:18.819,bybit,ETH/USDT:USDT,3808.07,128.95,3808.01,0.02,3808.08,46.62,3808.09,0.16
1753769538787,06:12:18.787,gate,ETH/USDT:USDT,3808.0,6033.0,3807.95,79.0,3808.05,4250.0,3808.2,1.0
1753769538781,06:12:18.781,coincatch,ETH/USDT:USDT,3807.03,96.17,3807.02,8.94,3807.28,3.48,3807.29,1.11
1753769538796,06:12:18.796,bitget,ETH/USDT:USDT,3807.1,33.66,3807.04,4.47,3807.11,0.1,3807.12,3.03
1753769538809,06:12:18.809,binance,ETH/USDT:USDT,3807.15,142.366,3807.14,0.006,3807.16,42.498,3807.17,0.085
1753769538809,06:12:18.809,binanceusdm,ETH/USDT:USDT,3807.15,142.366,3807.14,0.006,3807.16,42.498,3807.17,0.085
1753769538763,06:12:18.763,bitmex,ETH/USDT:USDT,3808.75,17000.0,3808.74,186000.0,3809.67,210000.0,3809.85,95000.0
1753769517549,06:11:57.549,ascendex,ETH/USDT:USDT,3806.44,90.345,3806.43,79.68,3806.47,101.865,3806.48,90.87
1753769538812,06:12:18.812,bitmex,ETH/USDT:USDT,3808.75,17000.0,3808.74,186000.0,3809.65,25000.0,3809.66,63000.0
1753769538886,06:12:18.886,gate,ETH/USDT:USDT,3808.0,81.0,3807.85,79.0,3808.05,5594.0,3808.2,477.0
1753769538919,06:12:18.919,bybit,ETH/USDT:USDT,3808.07,12.82,3808.01,0.02,3808.08,49.51,3808.09,0.16
1753769538986,06:12:18.986,gate,ETH/USDT:USDT,3808.0,800.0,3807.95,60.0,3808.05,5162.0,3808.2,503.0
1753769538913,06:12:18.913,binanceusdm,ETH/USDT:USDT,3807.15,3.668,3807.13,0.032,3807.16,101.263,3807.17,0.085
1753769538913,06:12:18.913,binance,ETH/USDT:USDT,3807.15,3.668,3807.13,0.032,3807.16,101.263,3807.17,0.085
1753769538913,06:12:18.913,deribit,ETH/USDT:USDT,3808.3,0.1,3808.2,0.1,3809.4,0.2,3809.6,6.46
1753769539071,06:12:19.071,gate,ETH/USDT:USDT,3808.0,800.0,3807.95,60.0,3808.05,5162.0,3808.2,351.0
1753769538996,06:12:18.996,coincatch,ETH/USDT:USDT,3807.03,96.17,3807.02,8.94,3807.28,3.48,3807.29,1.24
1753769539069,06:12:19.069,bitmex,ETH/USDT:USDT,3808.74,186000.0,3808.73,208000.0,3810.09,14000.0,3810.49,14000.0
1753769539221,06:12:19.221,bitfinex,ETH/USDT:USDT,3810.1,21.8792,3809.5,0.65343937,3810.2,2.50144,3810.6,1.3122
1753769539240,06:12:19.240,bitfinex,ETH/USDT:USDT,3810.1,21.8792,3809.5,0.65343937,3810.2,2.50144,3810.6,1.3122
1753769517549,06:11:57.549,ascendex,ETH/USDT:USDT,3806.44,90.345,3806.43,79.68,3806.47,101.865,3806.48,90.87
1753769539182,06:12:19.182,gate,ETH/USDT:USDT,3808.0,800.0,3807.95,60.0,3808.05,5162.0,3808.2,351.0
1753769539123,06:12:19.123,bitmart,ETH/USDT:USDT,3807.15,136682.0,3807.14,20412.0,3807.16,106678.0,3807.17,6670.0
1753769539115,06:12:19.115,binanceusdm,ETH/USDT:USDT,3807.15,22.668,3807.13,0.032,3807.16,36.936,3807.17,0.085
1753769539115,06:12:19.115,binance,ETH/USDT:USDT,3807.15,22.668,3807.13,0.032,3807.16,36.936,3807.17,0.085
1753769539114,06:12:19.114,coincatch,ETH/USDT:USDT,3807.03,50.06,3807.02,9.44,3807.28,9.11,3807.29,1.46
