timestamp,time,exchange,symbol,bid1_price,bid1_volume,bid2_price,bid2_volume,ask1_price,ask1_volume,ask2_price,ask2_volume
1753769299009,06:08:19.009,binance,ETH/USDT:USDT,3809.04,16.431,3809.02,0.006,3809.05,122.255,3809.06,60.367
1753769299111,06:08:19.111,binance,ETH/USDT:USDT,3809.04,15.431,3809.02,0.006,3809.05,121.252,3809.06,60.367
1753769299111,06:08:19.111,binanceusdm,ETH/USDT:USDT,3809.04,15.431,3809.02,0.006,3809.05,121.252,3809.06,60.367
1753769299213,06:08:19.213,binanceusdm,ETH/USDT:USDT,3809.04,15.438,3809.02,0.006,3809.05,121.737,3809.06,60.367
1753769299213,06:08:19.213,binance,ETH/USDT:USDT,3809.04,15.438,3809.02,0.006,3809.05,121.737,3809.06,60.367
1753769299314,06:08:19.314,binanceusdm,ETH/USDT:USDT,3809.04,15.186,3809.02,0.006,3809.05,99.432,3809.06,60.367
1753769299314,06:08:19.314,binance,ETH/USDT:USDT,3809.04,15.186,3809.02,0.006,3809.05,99.432,3809.06,60.367
1753769299415,06:08:19.415,binanceusdm,ETH/USDT:USDT,3809.04,16.119,3809.02,0.006,3809.05,123.057,3809.06,60.367
1753769299415,06:08:19.415,binance,ETH/USDT:USDT,3809.04,16.119,3809.02,0.006,3809.05,123.057,3809.06,60.367
1753769299518,06:08:19.518,binanceusdm,ETH/USDT:USDT,3809.04,16.126,3809.02,0.006,3809.05,123.139,3809.06,60.367
1753769299518,06:08:19.518,binance,ETH/USDT:USDT,3809.04,16.126,3809.02,0.006,3809.05,123.139,3809.06,60.367
1753769300031,06:08:20.031,binance,ETH/USDT:USDT,3809.04,15.882,3809.01,0.038,3809.05,124.153,3809.06,60.43
1753769300132,06:08:20.132,binanceusdm,ETH/USDT:USDT,3809.04,16.618,3809.01,0.038,3809.05,124.159,3809.06,60.43
1753769300132,06:08:20.132,binance,ETH/USDT:USDT,3809.04,16.618,3809.01,0.038,3809.05,124.159,3809.06,60.43
1753769300235,06:08:20.235,binanceusdm,ETH/USDT:USDT,3809.04,16.625,3809.01,0.038,3809.05,125.444,3809.06,60.43
1753769300235,06:08:20.235,binance,ETH/USDT:USDT,3809.04,16.625,3809.01,0.038,3809.05,125.444,3809.06,60.43
1753769300337,06:08:20.337,binanceusdm,ETH/USDT:USDT,3809.04,16.008,3809.01,0.038,3809.05,125.454,3809.06,60.44
1753769300337,06:08:20.337,binance,ETH/USDT:USDT,3809.04,16.008,3809.01,0.038,3809.05,125.454,3809.06,60.44
1753769300439,06:08:20.439,binanceusdm,ETH/USDT:USDT,3809.04,16.471,3809.01,0.038,3809.05,126.459,3809.06,60.487
1753769300439,06:08:20.439,binance,ETH/USDT:USDT,3809.04,16.471,3809.01,0.038,3809.05,126.459,3809.06,60.487
1753769300542,06:08:20.542,binanceusdm,ETH/USDT:USDT,3809.04,16.471,3809.01,0.038,3809.05,127.885,3809.06,60.487
1753769300542,06:08:20.542,binance,ETH/USDT:USDT,3809.04,16.471,3809.01,0.038,3809.05,127.885,3809.06,60.487
1753769300644,06:08:20.644,binanceusdm,ETH/USDT:USDT,3809.04,3.123,3809.01,0.038,3809.05,126.54,3809.06,60.487
1753769300644,06:08:20.644,binance,ETH/USDT:USDT,3809.04,3.123,3809.01,0.038,3809.05,126.54,3809.06,60.487
1753769300746,06:08:20.746,binanceusdm,ETH/USDT:USDT,3809.04,3.123,3809.01,0.038,3809.05,126.54,3809.06,60.487
1753769300746,06:08:20.746,binance,ETH/USDT:USDT,3809.04,3.123,3809.01,0.038,3809.05,126.54,3809.06,60.487
1753769300948,06:08:20.948,binanceusdm,ETH/USDT:USDT,3809.04,3.15,3809.01,0.038,3809.05,126.64,3809.06,60.487
1753769300948,06:08:20.948,binance,ETH/USDT:USDT,3809.04,3.15,3809.01,0.038,3809.05,126.64,3809.06,60.487
1753769301155,06:08:21.155,binance,ETH/USDT:USDT,3809.04,1.044,3809.02,0.006,3809.05,124.78,3809.06,60.487
1753769301257,06:08:21.257,binanceusdm,ETH/USDT:USDT,3809.04,1.044,3809.02,0.006,3809.05,127.959,3809.06,60.487
1753769301257,06:08:21.257,binance,ETH/USDT:USDT,3809.04,1.044,3809.02,0.006,3809.05,127.959,3809.06,60.487
1753769301360,06:08:21.360,binanceusdm,ETH/USDT:USDT,3808.82,3.083,3808.81,3.887,3808.83,62.483,3808.84,0.056
1753769301360,06:08:21.360,binance,ETH/USDT:USDT,3808.82,3.083,3808.81,3.887,3808.83,62.483,3808.84,0.056
1753769301461,06:08:21.461,binanceusdm,ETH/USDT:USDT,3808.51,17.725,3808.5,0.023,3808.52,8.668,3808.57,5.516
1753769301461,06:08:21.461,binance,ETH/USDT:USDT,3808.51,17.725,3808.5,0.023,3808.52,8.668,3808.57,5.516
1753769301562,06:08:21.562,binanceusdm,ETH/USDT:USDT,3808.51,20.625,3808.5,0.034,3808.52,50.5,3808.53,0.06
1753769301562,06:08:21.562,binance,ETH/USDT:USDT,3808.51,20.625,3808.5,0.034,3808.52,50.5,3808.53,0.06
1753769301663,06:08:21.663,binanceusdm,ETH/USDT:USDT,3808.51,25.432,3808.5,0.034,3808.52,43.676,3808.53,0.06
1753769301663,06:08:21.663,binance,ETH/USDT:USDT,3808.51,25.432,3808.5,0.034,3808.52,43.676,3808.53,0.06
1753769301764,06:08:21.764,binanceusdm,ETH/USDT:USDT,3808.51,25.432,3808.5,0.034,3808.52,40.601,3808.53,0.078
1753769301764,06:08:21.764,binance,ETH/USDT:USDT,3808.51,25.432,3808.5,0.034,3808.52,40.601,3808.53,0.078
1753769301866,06:08:21.866,binanceusdm,ETH/USDT:USDT,3808.51,25.276,3808.5,0.034,3808.52,63.09,3808.53,0.078
1753769301866,06:08:21.866,binance,ETH/USDT:USDT,3808.51,25.276,3808.5,0.034,3808.52,63.09,3808.53,0.078
1753769301968,06:08:21.968,binanceusdm,ETH/USDT:USDT,3808.51,25.284,3808.5,0.034,3808.52,64.744,3808.53,0.078
1753769301968,06:08:21.968,binance,ETH/USDT:USDT,3808.51,25.284,3808.5,0.034,3808.52,64.744,3808.53,0.078
1753769302064,06:08:22.064,bitget,ETH/USDT:USDT,3808.49,0.08,3808.38,17.57,3808.5,82.7,3808.51,6.79
1753769302070,06:08:22.070,binanceusdm,ETH/USDT:USDT,3808.51,8.411,3808.5,0.045,3808.52,115.008,3808.53,0.078
1753769302070,06:08:22.070,binance,ETH/USDT:USDT,3808.51,8.411,3808.5,0.045,3808.52,115.008,3808.53,0.078
1753769302373,06:08:22.373,binance,ETH/USDT:USDT,3808.35,8.471,3808.34,0.091,3808.36,140.783,3808.37,0.015
1753769302475,06:08:22.475,binanceusdm,ETH/USDT:USDT,3808.35,8.321,3808.34,0.091,3808.36,140.307,3808.37,0.015
1753769302475,06:08:22.475,binance,ETH/USDT:USDT,3808.35,8.321,3808.34,0.091,3808.36,140.307,3808.37,0.015
1753769302578,06:08:22.578,binanceusdm,ETH/USDT:USDT,3808.35,8.321,3808.34,0.091,3808.36,95.672,3808.37,0.025
1753769302578,06:08:22.578,binance,ETH/USDT:USDT,3808.35,8.321,3808.34,0.091,3808.36,95.672,3808.37,0.025
1753769302567,06:08:22.567,bitget,ETH/USDT:USDT,3807.77,127.06,3807.76,41.12,3807.78,131.47,3807.81,21.02
1753769302668,06:08:22.668,bitget,ETH/USDT:USDT,3807.77,127.06,3807.76,41.12,3807.78,126.36,3807.82,0.01
1753769302680,06:08:22.680,binanceusdm,ETH/USDT:USDT,3808.35,7.992,3808.34,0.091,3808.36,91.137,3808.37,0.025
1753769302680,06:08:22.680,binance,ETH/USDT:USDT,3808.35,7.992,3808.34,0.091,3808.36,91.137,3808.37,0.025
1753769302781,06:08:22.781,binanceusdm,ETH/USDT:USDT,3808.35,8.003,3808.34,0.091,3808.36,91.137,3808.37,0.025
1753769302781,06:08:22.781,binance,ETH/USDT:USDT,3808.35,8.003,3808.34,0.091,3808.36,91.137,3808.37,0.025
1753769302767,06:08:22.767,bitget,ETH/USDT:USDT,3807.77,127.06,3807.76,41.12,3807.78,128.55,3807.82,0.01
1753769302868,06:08:22.868,bitget,ETH/USDT:USDT,3807.77,127.06,3807.76,41.12,3807.78,128.55,3807.82,0.01
1753769302884,06:08:22.884,binanceusdm,ETH/USDT:USDT,3808.35,7.99,3808.33,0.006,3808.36,91.215,3808.37,0.089
1753769302884,06:08:22.884,binance,ETH/USDT:USDT,3808.35,7.99,3808.33,0.006,3808.36,91.215,3808.37,0.089
1753769302970,06:08:22.970,bitget,ETH/USDT:USDT,3807.77,127.06,3807.76,41.12,3807.78,128.55,3807.82,0.01
1753769302987,06:08:22.987,binanceusdm,ETH/USDT:USDT,3808.35,7.979,3808.33,0.006,3808.36,91.215,3808.37,0.089
1753769302987,06:08:22.987,binance,ETH/USDT:USDT,3808.35,7.979,3808.33,0.006,3808.36,91.215,3808.37,0.089
1753769303071,06:08:23.071,bitget,ETH/USDT:USDT,3807.77,127.06,3807.76,41.12,3807.78,128.55,3807.82,0.01
1753769303599,06:08:23.599,binance,ETH/USDT:USDT,3808.35,7.836,3808.32,0.006,3808.36,102.454,3808.37,0.135
1753769303702,06:08:23.702,binance,ETH/USDT:USDT,3808.35,7.836,3808.32,0.006,3808.36,99.484,3808.37,0.135
1753769303775,06:08:23.775,bitget,ETH/USDT:USDT,3807.77,71.37,3807.76,41.12,3807.78,128.87,3807.82,0.01
1753769303805,06:08:23.805,binanceusdm,ETH/USDT:USDT,3808.35,7.266,3808.32,0.006,3808.36,99.49,3808.37,0.135
1753769303805,06:08:23.805,binance,ETH/USDT:USDT,3808.35,7.266,3808.32,0.006,3808.36,99.49,3808.37,0.135
1753769303876,06:08:23.876,bitget,ETH/USDT:USDT,3807.77,118.34,3807.76,41.12,3807.78,91.42,3807.82,0.01
1753769303976,06:08:23.976,bitget,ETH/USDT:USDT,3807.77,118.34,3807.76,41.12,3807.78,91.42,3807.82,0.01
1753769304011,06:08:24.011,binanceusdm,ETH/USDT:USDT,3808.35,7.961,3808.32,0.006,3808.36,111.327,3808.37,0.145
1753769304011,06:08:24.011,binance,ETH/USDT:USDT,3808.35,7.961,3808.32,0.006,3808.36,111.327,3808.37,0.145
1753769304077,06:08:24.077,bitget,ETH/USDT:USDT,3807.77,118.34,3807.76,41.12,3807.78,91.42,3807.82,0.01
1753769304113,06:08:24.113,binanceusdm,ETH/USDT:USDT,3808.35,7.95,3808.32,0.006,3808.36,111.206,3808.37,0.145
1753769304113,06:08:24.113,binance,ETH/USDT:USDT,3808.35,7.95,3808.32,0.006,3808.36,111.206,3808.37,0.145
1753769304177,06:08:24.177,bitget,ETH/USDT:USDT,3807.77,118.34,3807.76,41.12,3807.78,91.42,3807.82,0.01
1753769304216,06:08:24.216,binanceusdm,ETH/USDT:USDT,3808.35,7.95,3808.32,0.006,3808.36,111.59,3808.37,0.145
1753769304216,06:08:24.216,binance,ETH/USDT:USDT,3808.35,7.95,3808.32,0.006,3808.36,111.59,3808.37,0.145
1753769304278,06:08:24.278,bitget,ETH/USDT:USDT,3807.77,118.34,3807.76,41.12,3807.78,91.42,3807.82,0.01
1753769304317,06:08:24.317,binanceusdm,ETH/USDT:USDT,3808.35,7.95,3808.32,0.006,3808.36,111.59,3808.37,0.145
1753769304317,06:08:24.317,binance,ETH/USDT:USDT,3808.35,7.95,3808.32,0.006,3808.36,111.59,3808.37,0.145
1753769304379,06:08:24.379,bitget,ETH/USDT:USDT,3807.77,118.34,3807.76,41.12,3807.78,91.42,3807.82,0.01
1753769304418,06:08:24.418,binanceusdm,ETH/USDT:USDT,3808.35,6.13,3808.32,0.006,3808.36,111.59,3808.37,0.145
1753769304418,06:08:24.418,binance,ETH/USDT:USDT,3808.35,6.13,3808.32,0.006,3808.36,111.59,3808.37,0.145
1753769304682,06:08:24.682,bitget,ETH/USDT:USDT,3807.77,118.34,3807.76,41.12,3807.78,90.85,3807.82,0.01
1753769304724,06:08:24.724,binanceusdm,ETH/USDT:USDT,3808.35,6.192,3808.32,0.006,3808.36,110.728,3808.37,0.145
1753769304724,06:08:24.724,binance,ETH/USDT:USDT,3808.35,6.192,3808.32,0.006,3808.36,110.728,3808.37,0.145
1753769305085,06:08:25.085,bitget,ETH/USDT:USDT,3807.77,131.24,3807.76,41.12,3807.78,90.85,3807.82,0.01
1753769305137,06:08:25.137,binance,ETH/USDT:USDT,3808.35,6.192,3808.32,0.006,3808.36,110.728,3808.37,0.145
1753769305588,06:08:25.588,bitget,ETH/USDT:USDT,3809.3,13.16,3809.27,1.05,3809.33,1.26,3809.5,16.29
1753769305681,06:08:25.681,bitmex,ETH/USDT:USDT,3810.05,20000.0,3809.85,252000.0,3813.85,10000.0,3814.63,111000.0
1753769305681,06:08:25.681,bitmex,ETH/USDT:USDT,3811.43,2000.0,3811.24,17000.0,3812.44,25000.0,3813.85,10000.0
1753769305753,06:08:25.753,bitmart,ETH/USDT:USDT,3808.35,632.0,3808.34,7667.0,3810.09,197238.0,3810.2,239110.0
1753769305723,06:08:25.723,bybit,ETH/USDT:USDT,3810.87,124.25,3810.84,2.71,3810.88,0.27,3810.89,0.01
1753769305788,06:08:25.788,bitget,ETH/USDT:USDT,3810.06,50.58,3810.05,2.57,3810.07,52.09,3810.22,2.47
1753769305820,06:08:25.820,bybit,ETH/USDT:USDT,3810.87,87.32,3810.84,2.71,3810.88,42.09,3810.89,0.01
1753769275628,06:07:55.628,blofin,ETH/USDT:USDT,3808.28,18686.0,3808.27,2483.0,3808.29,12497.0,3808.3,1592.0
1753769305812,06:08:25.812,bitmex,ETH/USDT:USDT,3811.67,208000.0,3811.48,315000.0,3812.94,25000.0,3812.95,210000.0
1753769305919,06:08:25.919,bybit,ETH/USDT:USDT,3810.87,91.79,3810.84,2.71,3810.88,44.88,3810.89,0.01
1753769305888,06:08:25.888,bitget,ETH/USDT:USDT,3810.06,19.96,3810.03,3.2,3810.07,91.68,3810.12,0.05
1753769305861,06:08:25.861,bitmex,ETH/USDT:USDT,3811.67,208000.0,3811.48,315000.0,3812.51,25000.0,3812.52,210000.0
1753769305950,06:08:25.950,binanceusdm,ETH/USDT:USDT,3810.0,244.895,3809.99,0.012,3810.01,61.602,3810.05,0.459
1753769305950,06:08:25.950,binance,ETH/USDT:USDT,3810.0,244.895,3809.99,0.012,3810.01,61.602,3810.05,0.459
1753769305910,06:08:25.910,bitmex,ETH/USDT:USDT,3811.67,208000.0,3811.48,315000.0,3812.52,210000.0,3812.71,318000.0
1753769305910,06:08:25.910,bitmex,ETH/USDT:USDT,3811.68,17000.0,3811.67,208000.0,3812.49,25000.0,3812.5,25000.0
1753769306020,06:08:26.020,bybit,ETH/USDT:USDT,3810.87,74.69,3810.84,2.71,3810.88,40.47,3810.89,0.01
1753769305989,06:08:25.989,bitget,ETH/USDT:USDT,3809.7,5.29,3809.69,0.35,3810.04,7.62,3810.06,32.52
1753769305959,06:08:25.959,bitmex,ETH/USDT:USDT,3811.68,17000.0,3811.67,208000.0,3812.49,25000.0,3812.52,210000.0
1753769306051,06:08:26.051,binanceusdm,ETH/USDT:USDT,3810.0,250.021,3809.99,0.006,3810.01,61.62,3810.05,0.459
1753769306051,06:08:26.051,binance,ETH/USDT:USDT,3810.0,250.021,3809.99,0.006,3810.01,61.62,3810.05,0.459
1753769306008,06:08:26.008,bitmex,ETH/USDT:USDT,3811.68,17000.0,3811.67,208000.0,3812.49,25000.0,3812.52,210000.0
1753769306119,06:08:26.119,bybit,ETH/USDT:USDT,3810.87,74.69,3810.84,2.71,3810.88,40.47,3810.89,0.01
1753769306089,06:08:26.089,bitget,ETH/USDT:USDT,3809.88,3.85,3809.85,2.56,3809.89,1.28,3809.9,2.62
1753769306058,06:08:26.058,bitmex,ETH/USDT:USDT,3811.88,2000.0,3811.68,17000.0,3812.48,25000.0,3812.49,25000.0
1753769306108,06:08:26.108,bitmex,ETH/USDT:USDT,3812.06,2000.0,3811.86,420000.0,3812.1,25000.0,3812.47,25000.0
1753769306153,06:08:26.153,bitmart,ETH/USDT:USDT,3810.0,355193.0,3809.99,21630.0,3810.01,194611.0,3810.02,25161.0
1753769306191,06:08:26.191,bitget,ETH/USDT:USDT,3809.88,68.25,3809.71,37.42,3809.89,153.06,3809.9,2.62
1753769306157,06:08:26.157,bitmex,ETH/USDT:USDT,3812.06,2000.0,3811.86,420000.0,3812.07,25000.0,3812.26,210000.0
1753769306256,06:08:26.256,binanceusdm,ETH/USDT:USDT,3810.0,250.077,3809.99,0.006,3810.01,61.645,3810.02,0.007
1753769306256,06:08:26.256,binance,ETH/USDT:USDT,3810.0,250.077,3809.99,0.006,3810.01,61.645,3810.02,0.007
1753769306206,06:08:26.206,bitmex,ETH/USDT:USDT,3811.86,420000.0,3811.67,208000.0,3811.87,25000.0,3812.07,27000.0
1753769306319,06:08:26.319,bybit,ETH/USDT:USDT,3810.87,73.48,3810.84,2.71,3810.88,37.36,3810.89,0.01
1753769306296,06:08:26.296,bitget,ETH/USDT:USDT,3809.88,71.06,3809.72,30.6,3809.89,147.94,3809.95,18.0
1753769306255,06:08:26.255,bitmex,ETH/USDT:USDT,3811.86,437000.0,3811.67,208000.0,3811.87,25000.0,3812.26,210000.0
1753769306357,06:08:26.357,binance,ETH/USDT:USDT,3810.0,215.81,3809.99,0.102,3810.01,67.895,3810.02,0.017
1753769306402,06:08:26.402,bitmex,ETH/USDT:USDT,3811.86,437000.0,3811.68,62000.0,3811.87,27000.0,3812.26,210000.0
1753769306458,06:08:26.458,binanceusdm,ETH/USDT:USDT,3810.0,206.625,3809.99,0.102,3810.01,67.895,3810.02,0.017
1753769306458,06:08:26.458,binance,ETH/USDT:USDT,3810.0,206.625,3809.99,0.102,3810.01,67.895,3810.02,0.017
1753769306519,06:08:26.519,bybit,ETH/USDT:USDT,3810.87,66.14,3810.84,0.08,3810.88,49.43,3810.89,0.01
1753769306451,06:08:26.451,bitmex,ETH/USDT:USDT,3811.86,420000.0,3811.68,62000.0,3812.07,27000.0,3812.26,210000.0
1753769306498,06:08:26.498,bitget,ETH/USDT:USDT,3809.88,2.92,3809.72,1.98,3809.89,154.88,3809.95,18.0
1753769306559,06:08:26.559,binanceusdm,ETH/USDT:USDT,3810.0,208.649,3809.99,0.102,3810.01,35.754,3810.02,0.023
1753769306559,06:08:26.559,binance,ETH/USDT:USDT,3810.0,208.649,3809.99,0.102,3810.01,35.754,3810.02,0.023
1753769306559,06:08:26.559,bitmart,ETH/USDT:USDT,3810.0,353737.0,3809.99,21630.0,3810.01,186814.0,3810.02,25161.0
1753769306500,06:08:26.500,bitmex,ETH/USDT:USDT,3811.86,422000.0,3811.68,62000.0,3811.87,25000.0,3812.26,210000.0
1753769306618,06:08:26.618,bybit,ETH/USDT:USDT,3810.87,71.86,3810.84,0.08,3810.88,12.43,3810.89,0.01
1753769306549,06:08:26.549,bitmex,ETH/USDT:USDT,3811.86,420000.0,3811.68,62000.0,3812.26,210000.0,3812.45,318000.0
1753769306549,06:08:26.549,bitmex,ETH/USDT:USDT,3811.87,126000.0,3811.86,420000.0,3812.25,25000.0,3812.26,210000.0
1753769306599,06:08:26.599,bitget,ETH/USDT:USDT,3809.88,2.92,3809.72,1.98,3809.89,147.94,3809.95,18.0
1753769306598,06:08:26.598,bitmex,ETH/USDT:USDT,3811.87,143000.0,3811.86,420000.0,3812.25,25000.0,3812.26,210000.0
1753769306660,06:08:26.660,binanceusdm,ETH/USDT:USDT,3810.0,209.63,3809.99,0.102,3810.01,24.968,3810.02,0.023
1753769306660,06:08:26.660,binance,ETH/USDT:USDT,3810.0,209.63,3809.99,0.102,3810.01,24.968,3810.02,0.023
1753769306719,06:08:26.719,bybit,ETH/USDT:USDT,3810.87,71.86,3810.84,0.08,3810.88,3.83,3810.89,0.01
1753769306647,06:08:26.647,bitmex,ETH/USDT:USDT,3811.87,126000.0,3811.86,420000.0,3812.23,25000.0,3812.26,210000.0
1753769306699,06:08:26.699,bitget,ETH/USDT:USDT,3809.88,3.27,3809.72,1.98,3809.89,148.29,3809.95,18.0
1753769306696,06:08:26.696,bitmex,ETH/USDT:USDT,3811.88,17000.0,3811.87,126000.0,3812.22,25000.0,3812.26,210000.0
1753769306763,06:08:26.763,binanceusdm,ETH/USDT:USDT,3810.0,217.519,3809.99,0.102,3810.01,25.243,3810.02,0.023
1753769306763,06:08:26.763,binance,ETH/USDT:USDT,3810.0,217.519,3809.99,0.102,3810.01,25.243,3810.02,0.023
1753769306818,06:08:26.818,bybit,ETH/USDT:USDT,3810.87,71.86,3810.84,0.08,3810.88,2.83,3810.89,0.01
1753769306745,06:08:26.745,bitmex,ETH/USDT:USDT,3811.88,17000.0,3811.87,126000.0,3812.22,25000.0,3812.26,210000.0
1753769306799,06:08:26.799,bitget,ETH/USDT:USDT,3809.88,31.8,3809.72,1.98,3809.89,141.99,3809.95,18.0
1753769306794,06:08:26.794,bitmex,ETH/USDT:USDT,3811.88,17000.0,3811.87,126000.0,3812.19,25000.0,3812.26,210000.0
1753769306865,06:08:26.865,binanceusdm,ETH/USDT:USDT,3810.0,218.503,3809.99,0.102,3810.01,25.243,3810.02,0.023
1753769306865,06:08:26.865,binance,ETH/USDT:USDT,3810.0,218.503,3809.99,0.102,3810.01,25.243,3810.02,0.023
1753769306918,06:08:26.918,bybit,ETH/USDT:USDT,3810.87,72.03,3810.84,0.08,3810.88,3.45,3810.89,0.01
1753769306843,06:08:26.843,bitmex,ETH/USDT:USDT,3811.88,17000.0,3811.87,126000.0,3812.19,25000.0,3812.26,210000.0
1753769306900,06:08:26.900,bitget,ETH/USDT:USDT,3809.88,75.99,3809.76,43.88,3809.89,73.54,3809.95,18.0
1753769306892,06:08:26.892,bitmex,ETH/USDT:USDT,3811.88,17000.0,3811.87,126000.0,3812.19,25000.0,3812.26,210000.0
1753769306958,06:08:26.958,bitmart,ETH/USDT:USDT,3810.0,323285.0,3809.99,21630.0,3810.01,69109.0,3810.02,25161.0
1753769306958,06:08:26.958,bitmart,ETH/USDT:USDT,3810.0,323285.0,3809.99,21630.0,3810.01,69109.0,3810.02,25161.0
1753769306968,06:08:26.968,binanceusdm,ETH/USDT:USDT,3810.0,218.509,3809.99,0.102,3810.01,22.992,3810.02,0.023
1753769306968,06:08:26.968,binance,ETH/USDT:USDT,3810.0,218.509,3809.99,0.102,3810.01,22.992,3810.02,0.023
1753769306990,06:08:26.990,bitmex,ETH/USDT:USDT,3811.88,17000.0,3811.87,126000.0,3812.18,25000.0,3812.26,210000.0
1753769307071,06:08:27.071,binanceusdm,ETH/USDT:USDT,3810.0,168.973,3809.99,0.102,3810.01,26.08,3810.02,0.023
1753769307071,06:08:27.071,binance,ETH/USDT:USDT,3810.0,168.973,3809.99,0.102,3810.01,26.08,3810.02,0.023
1753769307119,06:08:27.119,bybit,ETH/USDT:USDT,3810.87,72.03,3810.84,0.08,3810.88,15.02,3810.89,0.01
1753769307039,06:08:27.039,bitmex,ETH/USDT:USDT,3811.88,17000.0,3811.87,126000.0,3812.26,210000.0,3812.45,318000.0
1753769307039,06:08:27.039,bitmex,ETH/USDT:USDT,3811.88,17000.0,3811.87,126000.0,3812.26,210000.0,3812.45,318000.0
1753769307101,06:08:27.101,bitget,ETH/USDT:USDT,3809.88,50.01,3809.77,37.82,3809.89,49.44,3809.95,18.0
1753769307088,06:08:27.088,bitmex,ETH/USDT:USDT,3811.88,17000.0,3811.87,126000.0,3812.26,210000.0,3812.45,318000.0
1753769307666,06:08:27.666,coincatch,ETH/USDT:USDT,3809.88,108.55,3809.87,16.19,3810.13,2.93,3810.14,1.02
1753769307719,06:08:27.719,bybit,ETH/USDT:USDT,3810.87,71.81,3810.84,0.08,3810.88,4.54,3810.89,0.01
1753769307682,06:08:27.682,binanceusdm,ETH/USDT:USDT,3810.0,168.442,3809.99,0.108,3810.01,17.52,3810.02,0.039
1753769307682,06:08:27.682,binance,ETH/USDT:USDT,3810.0,168.442,3809.99,0.108,3810.01,17.52,3810.02,0.039
1753769307704,06:08:27.704,bitget,ETH/USDT:USDT,3809.88,72.78,3809.78,32.37,3809.89,47.73,3809.95,18.0
1753769307760,06:08:27.760,bitmart,ETH/USDT:USDT,3810.0,323285.0,3809.99,21630.0,3810.01,40107.0,3810.02,25161.0
1753769307725,06:08:27.725,bitmex,ETH/USDT:USDT,3812.02,17000.0,3811.87,126000.0,3812.03,25000.0,3812.26,210000.0
1753769307725,06:08:27.725,bitmex,ETH/USDT:USDT,3812.02,17000.0,3811.87,126000.0,3812.03,25000.0,3812.26,210000.0
1753769307766,06:08:27.766,coincatch,ETH/USDT:USDT,3809.88,108.55,3809.87,16.19,3810.13,2.93,3810.14,1.33
1753769307785,06:08:27.785,binanceusdm,ETH/USDT:USDT,3810.0,169.361,3809.99,0.108,3810.01,20.602,3810.02,0.039
1753769307818,06:08:27.818,bybit,ETH/USDT:USDT,3810.87,71.81,3810.84,0.08,3810.88,20.73,3810.89,0.01
1753769307785,06:08:27.785,binance,ETH/USDT:USDT,3810.0,169.361,3809.99,0.108,3810.01,20.602,3810.02,0.039
1753769307804,06:08:27.804,bitget,ETH/USDT:USDT,3809.88,69.5,3809.78,32.37,3809.89,49.32,3809.95,18.0
1753769307774,06:08:27.774,bitmex,ETH/USDT:USDT,3812.02,17000.0,3811.87,126000.0,3812.03,25000.0,3812.26,210000.0
1753769307823,06:08:27.823,bitmex,ETH/USDT:USDT,3812.02,17000.0,3811.87,126000.0,3812.03,25000.0,3812.26,210000.0
1753769307918,06:08:27.918,bybit,ETH/USDT:USDT,3810.87,71.81,3810.84,0.08,3810.88,21.43,3810.89,0.01
1753769307888,06:08:27.888,binanceusdm,ETH/USDT:USDT,3810.0,169.361,3809.99,0.108,3810.01,20.602,3810.02,0.039
1753769307888,06:08:27.888,binance,ETH/USDT:USDT,3810.0,169.361,3809.99,0.108,3810.01,20.602,3810.02,0.039
1753769307904,06:08:27.904,bitget,ETH/USDT:USDT,3809.88,63.3,3809.78,32.37,3809.89,49.32,3809.95,18.0
1753769307914,06:08:27.914,coincatch,ETH/USDT:USDT,3809.88,108.55,3809.87,16.19,3810.13,2.93,3810.14,1.19
1753769307872,06:08:27.872,bitmex,ETH/USDT:USDT,3812.02,17000.0,3811.87,126000.0,3812.03,25000.0,3812.26,210000.0
1753769307921,06:08:27.921,bitmex,ETH/USDT:USDT,3812.02,17000.0,3811.87,126000.0,3812.03,25000.0,3812.26,210000.0
1753769307921,06:08:27.921,bitmex,ETH/USDT:USDT,3812.02,17000.0,3811.87,126000.0,3812.03,25000.0,3812.26,210000.0
1753769307968,06:08:27.968,bitmart,ETH/USDT:USDT,3810.0,354226.0,3809.99,21630.0,3810.01,65773.0,3810.02,25161.0
1753769308019,06:08:28.019,bybit,ETH/USDT:USDT,3810.87,71.81,3810.84,0.08,3810.88,21.43,3810.89,0.01
1753769307990,06:08:27.990,binanceusdm,ETH/USDT:USDT,3810.0,169.361,3809.99,0.108,3810.01,20.727,3810.02,0.039
1753769307990,06:08:27.990,binance,ETH/USDT:USDT,3810.0,169.361,3809.99,0.108,3810.01,20.727,3810.02,0.039
1753769308006,06:08:28.006,bitget,ETH/USDT:USDT,3809.88,63.26,3809.78,32.37,3809.89,49.32,3809.94,12.9
1753769307970,06:08:27.970,bitmex,ETH/USDT:USDT,3812.02,17000.0,3811.87,126000.0,3812.03,25000.0,3812.26,210000.0
1753769308018,06:08:28.018,coincatch,ETH/USDT:USDT,3809.88,108.77,3809.87,16.19,3810.13,3.5,3810.14,1.04
1753769308033,06:08:28.033,bitmex,ETH/USDT:USDT,3812.02,17000.0,3811.87,126000.0,3812.03,27000.0,3812.26,210000.0
1753769308118,06:08:28.118,bybit,ETH/USDT:USDT,3810.87,71.78,3810.84,0.08,3810.88,21.47,3810.89,0.01
1753769308093,06:08:28.093,binanceusdm,ETH/USDT:USDT,3810.0,168.377,3809.99,0.108,3810.01,20.727,3810.02,0.039
1753769308093,06:08:28.093,binance,ETH/USDT:USDT,3810.0,168.377,3809.99,0.108,3810.01,20.727,3810.02,0.039
1753769308082,06:08:28.082,bitmex,ETH/USDT:USDT,3811.87,126000.0,3811.86,420000.0,3812.03,25000.0,3812.26,210000.0
1753769276363,06:07:56.363,blofin,ETH/USDT:USDT,3808.28,18686.0,3808.27,2483.0,3808.29,12497.0,3808.3,1592.0
1753769308136,06:08:28.136,coincatch,ETH/USDT:USDT,3809.88,108.77,3809.87,16.19,3810.13,3.5,3810.14,1.15
1753769308131,06:08:28.131,bitmex,ETH/USDT:USDT,3811.88,17000.0,3811.87,126000.0,3812.02,25000.0,3812.26,210000.0
1753769308218,06:08:28.218,bybit,ETH/USDT:USDT,3810.87,71.78,3810.84,0.08,3810.88,19.47,3810.89,0.01
1753769308195,06:08:28.195,binanceusdm,ETH/USDT:USDT,3810.0,169.36,3809.99,0.108,3810.01,20.771,3810.02,0.039
1753769308195,06:08:28.195,binance,ETH/USDT:USDT,3810.0,169.36,3809.99,0.108,3810.01,20.771,3810.02,0.039
1753769308209,06:08:28.209,bitget,ETH/USDT:USDT,3809.88,63.28,3809.78,32.37,3809.89,49.32,3809.94,12.9
1753769308229,06:08:28.229,bitmex,ETH/USDT:USDT,3811.88,17000.0,3811.87,126000.0,3812.02,25000.0,3812.26,210000.0
1753769308263,06:08:28.263,coincatch,ETH/USDT:USDT,3809.88,108.77,3809.87,16.19,3810.13,3.5,3810.14,1.04
1753769308319,06:08:28.319,bybit,ETH/USDT:USDT,3810.87,71.57,3810.84,0.08,3810.88,22.26,3810.89,0.01
1753769308296,06:08:28.296,binanceusdm,ETH/USDT:USDT,3810.0,159.067,3809.99,0.108,3810.01,24.456,3810.02,0.045
1753769308296,06:08:28.296,binance,ETH/USDT:USDT,3810.0,159.067,3809.99,0.108,3810.01,24.456,3810.02,0.045
1753769308309,06:08:28.309,bitget,ETH/USDT:USDT,3809.88,15.57,3809.78,32.37,3809.89,51.04,3809.94,12.9
1753769308352,06:08:28.352,bitmart,ETH/USDT:USDT,3810.0,387843.0,3809.99,21630.0,3810.01,50342.0,3810.02,25161.0
1753769308366,06:08:28.366,coincatch,ETH/USDT:USDT,3809.88,108.77,3809.87,16.19,3810.13,3.5,3810.14,1.04
1753769308419,06:08:28.419,bybit,ETH/USDT:USDT,3810.87,59.97,3810.84,0.08,3810.88,39.06,3810.89,0.01
1753769308397,06:08:28.397,binanceusdm,ETH/USDT:USDT,3810.0,157.362,3809.99,0.108,3810.01,30.606,3810.02,0.045
1753769308397,06:08:28.397,binance,ETH/USDT:USDT,3810.0,157.362,3809.99,0.108,3810.01,30.606,3810.02,0.045
1753769308414,06:08:28.414,bitget,ETH/USDT:USDT,3809.88,0.1,3809.78,32.37,3809.89,79.84,3809.93,30.4
1753769308519,06:08:28.519,bybit,ETH/USDT:USDT,3810.87,57.01,3810.84,0.08,3810.88,42.09,3810.89,0.01
1753769308499,06:08:28.499,binanceusdm,ETH/USDT:USDT,3810.0,154.054,3809.99,0.108,3810.01,39.183,3810.02,0.045
1753769308499,06:08:28.499,binance,ETH/USDT:USDT,3810.0,154.054,3809.99,0.108,3810.01,39.183,3810.02,0.045
1753769308514,06:08:28.514,bitget,ETH/USDT:USDT,3809.88,0.1,3809.78,16.75,3809.89,89.94,3809.92,20.02
1753769308489,06:08:28.489,bitmex,ETH/USDT:USDT,3811.88,17000.0,3811.87,126000.0,3811.89,2000.0,3812.0,25000.0
1753769308559,06:08:28.559,bitmart,ETH/USDT:USDT,3810.0,285966.0,3809.99,21630.0,3810.01,57330.0,3810.02,25161.0
1753769308619,06:08:28.619,bybit,ETH/USDT:USDT,3810.87,56.96,3810.84,0.08,3810.88,43.83,3810.89,0.01
1753769308539,06:08:28.539,bitmex,ETH/USDT:USDT,3811.86,420000.0,3811.68,62000.0,3811.87,25000.0,3812.26,210000.0
1753769308586,06:08:28.586,coincatch,ETH/USDT:USDT,3809.88,100.1,3809.87,15.92,3810.13,6.65,3810.14,1.27
1753769308601,06:08:28.601,binanceusdm,ETH/USDT:USDT,3810.0,154.054,3809.99,0.108,3810.01,80.854,3810.02,0.045
1753769308601,06:08:28.601,binance,ETH/USDT:USDT,3810.0,154.054,3809.99,0.108,3810.01,80.854,3810.02,0.045
1753769308614,06:08:28.614,bitget,ETH/USDT:USDT,3809.88,0.1,3809.78,16.75,3809.89,95.5,3809.92,20.02
1753769308625,06:08:28.625,bitmex,ETH/USDT:USDT,3811.86,420000.0,3811.68,62000.0,3811.87,25000.0,3812.26,210000.0
1753769308718,06:08:28.718,bybit,ETH/USDT:USDT,3810.87,51.37,3810.84,0.08,3810.88,56.13,3810.89,0.01
1753769308702,06:08:28.702,binanceusdm,ETH/USDT:USDT,3810.0,154.054,3809.99,0.108,3810.01,80.854,3810.02,0.052
1753769308702,06:08:28.702,binance,ETH/USDT:USDT,3810.0,154.054,3809.99,0.108,3810.01,80.854,3810.02,0.052
1753769308717,06:08:28.717,coincatch,ETH/USDT:USDT,3809.88,100.1,3809.87,15.92,3810.13,6.65,3810.14,1.38
1753769308819,06:08:28.819,bybit,ETH/USDT:USDT,3810.87,51.37,3810.84,0.08,3810.88,56.13,3810.89,0.01
1753769308805,06:08:28.805,binanceusdm,ETH/USDT:USDT,3810.0,154.054,3809.99,0.108,3810.01,80.887,3810.02,0.052
1753769308805,06:08:28.805,binance,ETH/USDT:USDT,3810.0,154.054,3809.99,0.108,3810.01,80.887,3810.02,0.052
1753769308815,06:08:28.815,bitget,ETH/USDT:USDT,3809.88,0.1,3809.78,16.75,3809.89,116.74,3809.92,20.02
1753769308772,06:08:28.772,bitmex,ETH/USDT:USDT,3811.87,126000.0,3811.86,420000.0,3812.05,25000.0,3812.26,210000.0
1753769308821,06:08:28.821,bitmex,ETH/USDT:USDT,3812.04,2000.0,3811.87,126000.0,3812.05,25000.0,3812.26,210000.0
1753769308864,06:08:28.864,coincatch,ETH/USDT:USDT,3809.88,99.96,3809.87,15.92,3810.13,13.74,3810.14,1.04
1753769308918,06:08:28.918,bybit,ETH/USDT:USDT,3810.87,22.64,3810.84,0.08,3810.88,57.72,3810.89,0.01
1753769308908,06:08:28.908,binance,ETH/USDT:USDT,3810.0,149.412,3809.99,0.108,3810.01,80.887,3810.02,0.052
1753769308915,06:08:28.915,bitget,ETH/USDT:USDT,3809.76,43.88,3809.71,1.06,3809.79,26.79,3809.84,2.56
1753769308919,06:08:28.919,bitmex,ETH/USDT:USDT,3811.87,126000.0,3811.86,420000.0,3812.25,25000.0,3812.26,210000.0
1753769309009,06:08:29.009,binanceusdm,ETH/USDT:USDT,3810.0,121.803,3809.99,0.102,3810.01,84.466,3810.02,48.489
1753769309009,06:08:29.009,binance,ETH/USDT:USDT,3810.0,121.803,3809.99,0.102,3810.01,84.466,3810.02,48.489
1753769309016,06:08:29.016,bitget,ETH/USDT:USDT,3809.76,45.23,3809.71,1.06,3809.77,207.24,3809.78,19.45
1753769308968,06:08:28.968,bitmex,ETH/USDT:USDT,3811.87,126000.0,3811.86,420000.0,3812.25,25000.0,3812.26,210000.0
1753769309017,06:08:29.017,bitmex,ETH/USDT:USDT,3811.87,126000.0,3811.86,420000.0,3812.25,25000.0,3812.26,210000.0
1753769309067,06:08:29.067,coincatch,ETH/USDT:USDT,3809.88,81.51,3809.87,10.63,3810.13,14.36,3810.14,82.43
1753769309119,06:08:29.119,bybit,ETH/USDT:USDT,3810.84,0.08,3810.81,0.02,3810.85,244.73,3810.86,3.15
1753769309721,06:08:29.721,binance,ETH/USDT:USDT,3810.0,125.512,3809.99,1.415,3810.01,73.171,3810.02,48.578
1753769309765,06:08:29.765,coincatch,ETH/USDT:USDT,3809.88,83.87,3809.87,20.45,3810.13,12.44,3810.14,82.58
1753769309818,06:08:29.818,bybit,ETH/USDT:USDT,3810.84,56.38,3810.81,0.02,3810.85,69.92,3810.86,2.28
1753769309822,06:08:29.822,binanceusdm,ETH/USDT:USDT,3810.0,125.512,3809.99,1.415,3810.01,73.171,3810.02,48.578
1753769309822,06:08:29.822,binance,ETH/USDT:USDT,3810.0,125.512,3809.99,1.415,3810.01,73.171,3810.02,48.578
1753769309824,06:08:29.824,bitget,ETH/USDT:USDT,3809.71,94.17,3809.66,8.97,3809.72,20.66,3809.75,8.46
1753769309868,06:08:29.868,coincatch,ETH/USDT:USDT,3809.88,83.87,3809.87,20.45,3810.13,12.44,3810.14,82.58
1753769309834,06:08:29.834,bitmex,ETH/USDT:USDT,3811.94,2000.0,3811.74,210000.0,3812.19,25000.0,3812.26,210000.0
1753769309918,06:08:29.918,bybit,ETH/USDT:USDT,3810.84,56.38,3810.81,0.02,3810.85,73.73,3810.86,2.28
1753769309926,06:08:29.926,binanceusdm,ETH/USDT:USDT,3810.0,125.512,3809.99,1.415,3810.01,73.171,3810.02,48.578
1753769309923,06:08:29.923,bitget,ETH/USDT:USDT,3809.71,94.17,3809.66,8.97,3809.72,20.66,3809.75,8.46
1753769309926,06:08:29.926,binance,ETH/USDT:USDT,3810.0,125.512,3809.99,1.415,3810.01,73.171,3810.02,48.578
1753769309933,06:08:29.933,bitmex,ETH/USDT:USDT,3811.75,17000.0,3811.74,193000.0,3812.24,25000.0,3812.26,210000.0
1753769310020,06:08:30.020,bybit,ETH/USDT:USDT,3810.84,47.52,3810.81,0.02,3810.85,73.73,3810.86,2.28
1753769309989,06:08:29.989,coincatch,ETH/USDT:USDT,3809.88,83.87,3809.87,20.45,3810.13,12.44,3810.14,82.58
1753769310024,06:08:30.024,bitget,ETH/USDT:USDT,3809.71,94.17,3809.66,8.97,3809.72,31.07,3809.75,0.59
1753769310029,06:08:30.029,binanceusdm,ETH/USDT:USDT,3810.0,121.202,3809.99,1.415,3810.01,73.896,3810.02,48.578
1753769310029,06:08:30.029,binance,ETH/USDT:USDT,3810.0,121.202,3809.99,1.415,3810.01,73.896,3810.02,48.578
1753769309982,06:08:29.982,bitmex,ETH/USDT:USDT,3811.75,17000.0,3811.74,193000.0,3812.23,25000.0,3812.26,210000.0
1753769310119,06:08:30.119,bybit,ETH/USDT:USDT,3810.84,45.08,3810.81,0.02,3810.85,75.3,3810.86,2.28
1753769310132,06:08:30.132,binanceusdm,ETH/USDT:USDT,3810.0,121.189,3809.99,1.415,3810.01,73.87,3810.02,48.578
1753769310072,06:08:30.072,bitmex,ETH/USDT:USDT,3811.75,17000.0,3811.74,193000.0,3812.23,25000.0,3812.26,210000.0
1753769310114,06:08:30.114,coincatch,ETH/USDT:USDT,3809.88,83.87,3809.87,17.03,3810.13,12.44,3810.14,82.58
1753769309525,06:08:29.525,deribit,ETH/USDT:USDT,3811.1,0.1,3810.9,0.1,3812.1,0.1,3812.2,0.1
1753769310645,06:08:30.645,binanceusdm,ETH/USDT:USDT,3810.0,119.901,3809.99,1.44,3810.01,73.58,3810.02,48.578
1753769310645,06:08:30.645,binance,ETH/USDT:USDT,3810.0,119.901,3809.99,1.44,3810.01,73.58,3810.02,48.578
1753769310619,06:08:30.619,coincatch,ETH/USDT:USDT,3809.88,82.89,3809.87,17.03,3810.13,12.56,3810.14,82.58
1753769310733,06:08:30.733,bitmex,ETH/USDT:USDT,3811.94,2000.0,3811.74,193000.0,3812.26,210000.0,3812.44,95000.0
1753769310725,06:08:30.725,bitget,ETH/USDT:USDT,3809.71,90.24,3809.66,8.97,3809.72,67.27,3809.76,12.03
1753769310768,06:08:30.768,coincatch,ETH/USDT:USDT,3809.88,82.89,3809.87,17.03,3810.13,12.56,3810.14,82.58
1753769310757,06:08:30.757,bitmart,ETH/USDT:USDT,3810.0,246226.0,3809.99,21630.0,3810.01,185389.0,3810.02,25161.0
1753769310825,06:08:30.825,bitget,ETH/USDT:USDT,3809.71,90.24,3809.66,8.97,3809.72,67.15,3809.76,12.03
1753769310918,06:08:30.918,bybit,ETH/USDT:USDT,3810.84,45.38,3810.81,0.02,3810.85,68.06,3810.86,5.3
1753769310926,06:08:30.926,bitget,ETH/USDT:USDT,3809.71,90.24,3809.66,8.97,3809.72,68.89,3809.76,12.03
1753769311015,06:08:31.015,kucoinfutures,ETH/USDT:USDT,3811.78,216.0,3811.63,96.0,3811.79,1223.0,3811.97,290.0
1753769311018,06:08:31.018,bybit,ETH/USDT:USDT,3810.84,37.51,3810.81,0.02,3810.85,68.06,3810.86,5.3
1753769310988,06:08:30.988,coincatch,ETH/USDT:USDT,3809.88,82.89,3809.87,17.03,3810.13,12.56,3810.14,82.58
1753769311368,06:08:31.368,coincatch,ETH/USDT:USDT,3809.88,78.23,3809.87,11.38,3810.13,11.56,3810.14,82.58
1753769311465,06:08:31.465,binanceusdm,ETH/USDT:USDT,3810.0,115.911,3809.99,1.44,3810.01,71.786,3810.02,48.578
1753769311465,06:08:31.465,binance,ETH/USDT:USDT,3810.0,115.911,3809.99,1.44,3810.01,71.786,3810.02,48.578
1753769311484,06:08:31.484,kucoinfutures,ETH/USDT:USDT,3811.78,216.0,3811.63,96.0,3811.79,1009.0,3811.97,290.0
1753769311519,06:08:31.519,bybit,ETH/USDT:USDT,3810.84,27.64,3810.81,0.02,3810.85,68.06,3810.86,5.3
1753769311471,06:08:31.471,coincatch,ETH/USDT:USDT,3809.88,78.52,3809.87,11.38,3810.13,11.56,3810.14,82.58
1753769311530,06:08:31.530,bitget,ETH/USDT:USDT,3809.71,90.24,3809.66,8.97,3809.72,30.98,3809.76,3.32
1753769311566,06:08:31.566,binanceusdm,ETH/USDT:USDT,3810.0,114.416,3809.99,1.44,3810.01,73.007,3810.02,48.578
1753769311566,06:08:31.566,binance,ETH/USDT:USDT,3810.0,114.416,3809.99,1.44,3810.01,73.007,3810.02,48.578
1753769311573,06:08:31.573,kucoinfutures,ETH/USDT:USDT,3811.78,216.0,3811.63,96.0,3811.79,1009.0,3811.97,290.0
1753769311577,06:08:31.577,kucoinfutures,ETH/USDT:USDT,3811.78,216.0,3811.63,96.0,3811.79,1055.0,3811.97,290.0
1753769311618,06:08:31.618,bybit,ETH/USDT:USDT,3810.84,27.64,3810.81,0.02,3810.85,69.06,3810.86,5.3
1753769311588,06:08:31.588,coincatch,ETH/USDT:USDT,3809.88,78.52,3809.87,11.38,3810.13,12.41,3810.14,82.58
1753769311573,06:08:31.573,bitmex,ETH/USDT:USDT,3811.94,2000.0,3811.74,193000.0,3812.26,210000.0,3812.44,95000.0
1753769311626,06:08:31.626,kucoinfutures,ETH/USDT:USDT,3811.78,216.0,3811.63,96.0,3811.79,1223.0,3811.97,290.0
1753769311632,06:08:31.632,bitget,ETH/USDT:USDT,3809.71,90.24,3809.66,8.97,3809.72,32.58,3809.76,3.32
1753769311667,06:08:31.667,binanceusdm,ETH/USDT:USDT,3810.0,114.416,3809.99,1.44,3810.01,73.013,3810.02,48.578
1753769311667,06:08:31.667,binance,ETH/USDT:USDT,3810.0,114.416,3809.99,1.44,3810.01,73.013,3810.02,48.578
1753769311623,06:08:31.623,bitmex,ETH/USDT:USDT,3811.94,2000.0,3811.74,193000.0,3812.26,210000.0,3812.44,95000.0
1753769311718,06:08:31.718,bybit,ETH/USDT:USDT,3810.84,21.1,3810.81,0.02,3810.85,69.06,3810.86,5.3
1753769311714,06:08:31.714,kucoinfutures,ETH/USDT:USDT,3811.78,216.0,3811.62,296.0,3811.79,1223.0,3811.97,290.0
1753769311682,06:08:31.682,bitmex,ETH/USDT:USDT,3811.94,2000.0,3811.74,193000.0,3812.26,210000.0,3812.44,95000.0
1753769311721,06:08:31.721,coincatch,ETH/USDT:USDT,3809.88,78.52,3809.87,11.38,3810.13,12.41,3810.14,82.58
1753769311732,06:08:31.732,bitget,ETH/USDT:USDT,3809.71,90.24,3809.66,8.97,3809.72,32.58,3809.76,14.0
1753769311749,06:08:31.749,kucoinfutures,ETH/USDT:USDT,3811.78,216.0,3811.62,296.0,3811.79,1223.0,3811.97,290.0
1753769311754,06:08:31.754,bitmart,ETH/USDT:USDT,3810.0,272703.0,3809.99,21630.0,3810.01,181943.0,3810.02,25161.0
1753769311769,06:08:31.769,binanceusdm,ETH/USDT:USDT,3810.0,113.798,3809.99,1.44,3810.01,75.33,3810.02,48.578
1753769311769,06:08:31.769,binance,ETH/USDT:USDT,3810.0,113.798,3809.99,1.44,3810.01,75.33,3810.02,48.578
1753769311819,06:08:31.819,bybit,ETH/USDT:USDT,3810.84,10.6,3810.81,0.02,3810.85,70.63,3810.86,5.3
1753769311814,06:08:31.814,kucoinfutures,ETH/USDT:USDT,3811.78,216.0,3811.62,296.0,3811.79,1055.0,3811.97,290.0
1753769311818,06:08:31.818,kucoinfutures,ETH/USDT:USDT,3811.78,216.0,3811.62,296.0,3811.79,1009.0,3811.97,290.0
1753769311822,06:08:31.822,coincatch,ETH/USDT:USDT,3809.88,78.52,3809.87,11.38,3810.13,12.41,3810.14,82.58
1753769311834,06:08:31.834,bitget,ETH/USDT:USDT,3809.71,90.24,3809.66,8.97,3809.72,30.98,3809.76,14.0
1753769311856,06:08:31.856,kucoinfutures,ETH/USDT:USDT,3811.78,216.0,3811.62,296.0,3811.79,1009.0,3811.97,290.0
1753769311860,06:08:31.860,kucoinfutures,ETH/USDT:USDT,3811.78,216.0,3811.62,296.0,3811.79,1055.0,3811.97,290.0
1753769311805,06:08:31.805,okx,ETH/USDT:USDT,3810.38,1043.52,3810.3,0.02,3810.39,885.52,3810.4,3.21
1753769311866,06:08:31.866,kucoinfutures,ETH/USDT:USDT,3811.78,216.0,3811.62,296.0,3811.79,1177.0,3811.97,290.0
1753769311870,06:08:31.870,binanceusdm,ETH/USDT:USDT,3810.0,111.798,3809.99,1.44,3810.01,74.854,3810.02,48.578
1753769311870,06:08:31.870,binance,ETH/USDT:USDT,3810.0,111.798,3809.99,1.44,3810.01,74.854,3810.02,48.578
1753769311919,06:08:31.919,bybit,ETH/USDT:USDT,3810.84,34.22,3810.81,0.02,3810.85,69.06,3810.86,5.3
1753769311927,06:08:31.927,coincatch,ETH/USDT:USDT,3809.88,77.27,3809.87,17.06,3810.13,12.81,3810.14,82.58
1753769311934,06:08:31.934,bitget,ETH/USDT:USDT,3809.71,90.24,3809.66,8.97,3809.72,32.48,3809.76,14.0
1753769311971,06:08:31.971,binanceusdm,ETH/USDT:USDT,3810.0,111.798,3809.99,1.44,3810.01,74.854,3810.02,48.578
1753769311971,06:08:31.971,binance,ETH/USDT:USDT,3810.0,111.798,3809.99,1.44,3810.01,74.854,3810.02,48.578
1753769312020,06:08:32.020,bybit,ETH/USDT:USDT,3810.84,11.2,3810.81,0.02,3810.85,70.75,3810.86,5.3
1753769311993,06:08:31.993,kucoinfutures,ETH/USDT:USDT,3811.78,216.0,3811.62,296.0,3811.79,1177.0,3811.97,290.0
1753769311998,06:08:31.998,kucoinfutures,ETH/USDT:USDT,3811.78,216.0,3811.62,296.0,3811.79,1223.0,3811.97,290.0
1753769312003,06:08:32.003,kucoinfutures,ETH/USDT:USDT,3811.78,216.0,3811.62,296.0,3811.79,1223.0,3811.97,290.0
1753769312040,06:08:32.040,kucoinfutures,ETH/USDT:USDT,3811.78,214.0,3811.62,296.0,3811.79,1223.0,3811.97,290.0
1753769312046,06:08:32.046,kucoinfutures,ETH/USDT:USDT,3811.78,214.0,3811.62,296.0,3811.79,1223.0,3811.97,290.0
1753769312047,06:08:32.047,kucoinfutures,ETH/USDT:USDT,3811.78,214.0,3811.62,296.0,3811.79,1223.0,3811.97,290.0
1753769312048,06:08:32.048,kucoinfutures,ETH/USDT:USDT,3811.78,214.0,3811.62,296.0,3811.79,1223.0,3811.97,290.0
1753769312057,06:08:32.057,kucoinfutures,ETH/USDT:USDT,3811.78,214.0,3811.62,296.0,3811.79,1223.0,3811.97,290.0
1753769312058,06:08:32.058,kucoinfutures,ETH/USDT:USDT,3811.78,214.0,3811.62,296.0,3811.79,1223.0,3811.97,290.0
1753769312068,06:08:32.068,kucoinfutures,ETH/USDT:USDT,3811.78,214.0,3811.62,296.0,3811.79,1223.0,3811.97,290.0
1753769312074,06:08:32.074,binance,ETH/USDT:USDT,3810.0,108.722,3809.99,0.127,3810.01,77.498,3810.02,48.578
1753769312074,06:08:32.074,binanceusdm,ETH/USDT:USDT,3810.0,108.722,3809.99,0.127,3810.01,77.498,3810.02,48.578
1753769312073,06:08:32.073,kucoinfutures,ETH/USDT:USDT,3811.78,214.0,3811.62,296.0,3811.79,1223.0,3811.97,290.0
1753769312080,06:08:32.080,kucoinfutures,ETH/USDT:USDT,3811.78,214.0,3811.62,296.0,3811.79,1223.0,3811.97,290.0
1753769312119,06:08:32.119,bybit,ETH/USDT:USDT,3810.84,16.67,3810.81,0.02,3810.85,70.75,3810.86,5.3
1753769312036,06:08:32.036,bitget,ETH/USDT:USDT,3809.71,90.24,3809.66,8.97,3809.72,32.09,3809.76,14.0
1753769312105,06:08:32.105,okx,ETH/USDT:USDT,3810.38,325.14,3810.3,0.02,3810.39,899.92,3810.4,3.21
1753769312119,06:08:32.119,kucoinfutures,ETH/USDT:USDT,3811.78,214.0,3811.62,296.0,3811.79,1223.0,3811.97,290.0
1753769312121,06:08:32.121,kucoinfutures,ETH/USDT:USDT,3811.78,214.0,3811.62,296.0,3811.79,1223.0,3811.97,290.0
1753769312122,06:08:32.122,kucoinfutures,ETH/USDT:USDT,3811.78,214.0,3811.62,296.0,3811.79,1223.0,3811.97,161.0
1753769312124,06:08:32.124,kucoinfutures,ETH/USDT:USDT,3811.78,214.0,3811.62,296.0,3811.79,1223.0,3811.97,161.0
1753769312140,06:08:32.140,kucoinfutures,ETH/USDT:USDT,3811.78,214.0,3811.62,296.0,3811.79,1223.0,3811.97,290.0
1753769312147,06:08:32.147,kucoinfutures,ETH/USDT:USDT,3811.78,214.0,3811.62,296.0,3811.79,1223.0,3811.97,161.0
1753769312152,06:08:32.152,kucoinfutures,ETH/USDT:USDT,3811.78,214.0,3811.62,296.0,3811.79,1223.0,3811.97,161.0
1753769312155,06:08:32.155,kucoinfutures,ETH/USDT:USDT,3811.78,214.0,3811.62,296.0,3811.79,1223.0,3811.97,161.0
1753769312158,06:08:32.158,kucoinfutures,ETH/USDT:USDT,3811.78,214.0,3811.43,16.0,3811.79,1223.0,3811.97,161.0
1753769312160,06:08:32.160,kucoinfutures,ETH/USDT:USDT,3811.78,214.0,3811.43,16.0,3811.79,1223.0,3811.97,161.0
1753769312154,06:08:32.154,bitmart,ETH/USDT:USDT,3810.0,292079.0,3809.99,21630.0,3810.01,142749.0,3810.02,25161.0
1753769312116,06:08:32.116,bitmex,ETH/USDT:USDT,3811.94,2000.0,3811.74,193000.0,3812.26,210000.0,3812.44,95000.0
1753769312169,06:08:32.169,kucoinfutures,ETH/USDT:USDT,3811.78,214.0,3811.43,16.0,3811.79,1223.0,3811.97,161.0
1753769312173,06:08:32.173,kucoinfutures,ETH/USDT:USDT,3811.78,214.0,3811.43,16.0,3811.79,1223.0,3811.97,161.0
1753769312175,06:08:32.175,binance,ETH/USDT:USDT,3810.0,108.699,3809.99,0.127,3810.01,101.477,3810.02,48.578
1753769312175,06:08:32.175,binanceusdm,ETH/USDT:USDT,3810.0,108.699,3809.99,0.127,3810.01,101.477,3810.02,48.578
1753769312174,06:08:32.174,coincatch,ETH/USDT:USDT,3809.88,74.39,3809.87,15.94,3810.13,13.17,3810.14,82.58
1753769312218,06:08:32.218,bybit,ETH/USDT:USDT,3810.84,2.22,3810.81,0.02,3810.85,76.66,3810.86,8.91
1753769312188,06:08:32.188,kucoinfutures,ETH/USDT:USDT,3811.78,214.0,3811.43,16.0,3811.79,1223.0,3811.95,79.0
1753769312205,06:08:32.205,okx,ETH/USDT:USDT,3810.27,440.4,3810.25,100.0,3810.28,1687.56,3810.29,101.72
1753769312202,06:08:32.202,deribit,ETH/USDT:USDT,3811.1,0.1,3810.9,0.1,3812.1,0.1,3812.2,0.1
1753769312255,06:08:32.255,kucoinfutures,ETH/USDT:USDT,3811.78,167.0,3811.43,16.0,3811.79,1223.0,3811.95,79.0
1753769312257,06:08:32.257,kucoinfutures,ETH/USDT:USDT,3811.78,162.0,3811.42,96.0,3811.79,1223.0,3811.95,79.0
1753769312236,06:08:32.236,bitget,ETH/USDT:USDT,3809.71,1.06,3809.66,5.82,3809.72,35.76,3809.75,15.42
1753769312276,06:08:32.276,binanceusdm,ETH/USDT:USDT,3810.0,108.699,3809.99,0.127,3810.01,86.379,3810.02,48.578
1753769312276,06:08:32.276,binance,ETH/USDT:USDT,3810.0,108.699,3809.99,0.127,3810.01,86.379,3810.02,48.578
1753769312319,06:08:32.319,bybit,ETH/USDT:USDT,3810.84,2.77,3810.81,0.02,3810.85,76.66,3810.86,8.91
1753769312323,06:08:32.323,kucoinfutures,ETH/USDT:USDT,3811.78,162.0,3811.42,96.0,3811.79,1223.0,3811.95,79.0
1753769312263,06:08:32.263,bitmex,ETH/USDT:USDT,3811.94,2000.0,3811.68,62000.0,3811.95,25000.0,3812.26,210000.0
1753769312324,06:08:32.324,kucoinfutures,ETH/USDT:USDT,3811.78,162.0,3811.42,96.0,3811.79,1223.0,3811.95,79.0
1753769312320,06:08:32.320,coincatch,ETH/USDT:USDT,3809.88,66.41,3809.87,15.94,3810.13,13.17,3810.14,82.58
1753769312336,06:08:32.336,bitget,ETH/USDT:USDT,3809.71,44.85,3809.67,6.2,3809.72,85.84,3809.74,30.4
1753769312358,06:08:32.358,kucoinfutures,ETH/USDT:USDT,3811.78,36.0,3811.42,96.0,3811.79,1223.0,3811.95,79.0
1753769312312,06:08:32.312,bitmex,ETH/USDT:USDT,3811.94,2000.0,3811.9,419000.0,3811.95,25000.0,3812.26,210000.0
1753769312378,06:08:32.378,binanceusdm,ETH/USDT:USDT,3810.0,108.699,3809.99,0.127,3810.01,87.418,3810.02,48.578
1753769312378,06:08:32.378,binance,ETH/USDT:USDT,3810.0,108.699,3809.99,0.127,3810.01,87.418,3810.02,48.578
1753769312420,06:08:32.420,bybit,ETH/USDT:USDT,3810.66,22.57,3810.62,0.02,3810.67,75.44,3810.7,0.33
1753769312389,06:08:32.389,kucoinfutures,ETH/USDT:USDT,3811.78,36.0,3811.42,96.0,3811.79,1223.0,3811.95,79.0
1753769312394,06:08:32.394,kucoinfutures,ETH/USDT:USDT,3811.78,36.0,3811.42,96.0,3811.79,1223.0,3811.95,79.0
1753769312394,06:08:32.394,kucoinfutures,ETH/USDT:USDT,3811.78,36.0,3811.42,96.0,3811.79,1223.0,3811.95,79.0
1753769312396,06:08:32.396,kucoinfutures,ETH/USDT:USDT,3811.78,36.0,3811.42,96.0,3811.79,1223.0,3811.95,79.0
1753769312398,06:08:32.398,kucoinfutures,ETH/USDT:USDT,3811.78,36.0,3811.42,96.0,3811.79,1223.0,3811.95,79.0
1753769312398,06:08:32.398,kucoinfutures,ETH/USDT:USDT,3811.78,36.0,3811.42,96.0,3811.79,1223.0,3811.95,79.0
1753769312398,06:08:32.398,kucoinfutures,ETH/USDT:USDT,3811.78,36.0,3811.42,96.0,3811.79,1223.0,3811.95,79.0
1753769312361,06:08:32.361,bitmex,ETH/USDT:USDT,3811.94,2000.0,3811.9,419000.0,3811.95,25000.0,3812.26,210000.0
1753769312420,06:08:32.420,coincatch,ETH/USDT:USDT,3809.88,66.41,3809.87,15.94,3810.13,14.76,3810.14,82.58
1753769312438,06:08:32.438,bitget,ETH/USDT:USDT,3809.71,44.85,3809.66,5.82,3809.72,87.72,3809.73,26.75
1753769312456,06:08:32.456,kucoinfutures,ETH/USDT:USDT,3811.78,36.0,3811.42,96.0,3811.79,1223.0,3811.95,79.0
1753769312456,06:08:32.456,kucoinfutures,ETH/USDT:USDT,3811.78,36.0,3811.42,96.0,3811.79,1223.0,3811.95,79.0
1753769312460,06:08:32.460,kucoinfutures,ETH/USDT:USDT,3811.78,36.0,3811.42,96.0,3811.79,1223.0,3811.95,79.0
1753769312464,06:08:32.464,kucoinfutures,ETH/USDT:USDT,3811.78,36.0,3811.42,96.0,3811.79,1223.0,3811.95,79.0
1753769312469,06:08:32.469,kucoinfutures,ETH/USDT:USDT,3811.78,36.0,3811.42,96.0,3811.79,1223.0,3811.95,79.0
1753769312484,06:08:32.484,binanceusdm,ETH/USDT:USDT,3810.0,108.654,3809.99,0.127,3810.01,106.143,3810.02,48.578
1753769312484,06:08:32.484,binance,ETH/USDT:USDT,3810.0,108.654,3809.99,0.127,3810.01,106.143,3810.02,48.578
1753769312519,06:08:32.519,bybit,ETH/USDT:USDT,3810.66,22.59,3810.62,0.02,3810.67,75.54,3810.7,0.33
1753769312443,06:08:32.443,bitmex,ETH/USDT:USDT,3811.94,2000.0,3811.9,419000.0,3811.95,25000.0,3812.26,210000.0
1753769312497,06:08:32.497,kucoinfutures,ETH/USDT:USDT,3811.78,36.0,3811.42,96.0,3811.79,1223.0,3811.95,79.0
1753769312498,06:08:32.498,kucoinfutures,ETH/USDT:USDT,3811.78,36.0,3811.42,96.0,3811.79,1223.0,3811.95,79.0
1753769312523,06:08:32.523,coincatch,ETH/USDT:USDT,3809.88,66.41,3809.87,15.94,3810.13,14.76,3810.14,82.58
1753769312493,06:08:32.493,bitmex,ETH/USDT:USDT,3811.94,2000.0,3811.9,419000.0,3811.95,25000.0,3812.26,210000.0
1753769312542,06:08:32.542,kucoinfutures,ETH/USDT:USDT,3811.78,36.0,3811.42,96.0,3811.79,1223.0,3811.95,79.0
1753769312541,06:08:32.541,bitget,ETH/USDT:USDT,3809.71,44.73,3809.66,5.82,3809.72,87.42,3809.73,13.66
1753769312559,06:08:32.559,bitmart,ETH/USDT:USDT,3810.0,266443.0,3809.99,21630.0,3810.01,112261.0,3810.02,25161.0
1753769312302,06:08:32.302,deribit,ETH/USDT:USDT,3811.1,0.1,3810.9,0.1,3812.1,0.1,3812.2,0.1
1753769312618,06:08:32.618,bybit,ETH/USDT:USDT,3810.66,31.95,3810.62,0.02,3810.67,73.97,3810.7,0.33
1753769312587,06:08:32.587,binanceusdm,ETH/USDT:USDT,3810.0,108.654,3809.99,0.127,3810.01,86.157,3810.02,48.647
1753769312587,06:08:32.587,binance,ETH/USDT:USDT,3810.0,108.654,3809.99,0.127,3810.01,86.157,3810.02,48.647
1753769312581,06:08:32.581,bitmex,ETH/USDT:USDT,3811.94,2000.0,3811.9,419000.0,3811.95,25000.0,3812.26,210000.0
1753769312642,06:08:32.642,bitget,ETH/USDT:USDT,3809.71,44.73,3809.66,5.82,3809.72,87.42,3809.73,4.54
1753769312640,06:08:32.640,coincatch,ETH/USDT:USDT,3809.88,66.41,3809.87,11.0,3810.13,14.76,3810.14,82.58
1753769312630,06:08:32.630,bitmex,ETH/USDT:USDT,3811.94,2000.0,3811.9,419000.0,3811.95,25000.0,3812.25,63000.0
1753769312718,06:08:32.718,bybit,ETH/USDT:USDT,3810.66,31.95,3810.62,0.02,3810.67,76.9,3810.7,0.33
1753769312688,06:08:32.688,binanceusdm,ETH/USDT:USDT,3810.0,108.916,3809.99,0.127,3810.01,86.204,3810.02,48.647
1753769312688,06:08:32.688,binance,ETH/USDT:USDT,3810.0,108.916,3809.99,0.127,3810.01,86.204,3810.02,48.647
1753769312705,06:08:32.705,okx,ETH/USDT:USDT,3810.27,382.43,3810.24,0.01,3810.28,1402.7,3810.3,3.22
1753769312679,06:08:32.679,bitmex,ETH/USDT:USDT,3811.94,2000.0,3811.9,419000.0,3811.95,25000.0,3812.26,210000.0
1753769312739,06:08:32.739,kucoinfutures,ETH/USDT:USDT,3811.78,36.0,3811.42,96.0,3811.79,1223.0,3811.95,79.0
1753769312742,06:08:32.742,bitget,ETH/USDT:USDT,3809.71,44.73,3809.66,5.82,3809.72,87.42,3809.73,3.32
1753769312754,06:08:32.754,bitmart,ETH/USDT:USDT,3810.0,266443.0,3809.99,21630.0,3810.01,112261.0,3810.02,25161.0
1753769312773,06:08:32.773,kucoinfutures,ETH/USDT:USDT,3811.78,36.0,3811.42,96.0,3811.79,1223.0,3811.95,79.0
1753769312765,06:08:32.765,coincatch,ETH/USDT:USDT,3809.88,66.52,3809.87,11.0,3810.13,14.65,3810.14,82.7
1753769312728,06:08:32.728,bitmex,ETH/USDT:USDT,3811.94,2000.0,3811.9,419000.0,3811.95,25000.0,3812.26,210000.0
1753769312818,06:08:32.818,bybit,ETH/USDT:USDT,3810.66,39.82,3810.62,0.02,3810.67,76.9,3810.7,0.33
1753769312789,06:08:32.789,binanceusdm,ETH/USDT:USDT,3810.0,108.916,3809.99,0.127,3810.01,86.198,3810.02,48.647
1753769312789,06:08:32.789,binance,ETH/USDT:USDT,3810.0,108.916,3809.99,0.127,3810.01,86.198,3810.02,48.647
1753769312794,06:08:32.794,kucoinfutures,ETH/USDT:USDT,3811.78,36.0,3811.42,96.0,3811.79,1223.0,3811.95,79.0
1753769312842,06:08:32.842,bitget,ETH/USDT:USDT,3809.71,44.73,3809.66,5.82,3809.72,87.42,3809.73,3.32
1753769313094,06:08:33.094,binance,ETH/USDT:USDT,3810.0,108.916,3809.99,0.127,3810.01,86.187,3810.02,48.733
1753769313073,06:08:33.073,coincatch,ETH/USDT:USDT,3809.88,66.52,3809.87,11.0,3810.13,14.65,3810.14,82.85
1753769313173,06:08:33.173,coincatch,ETH/USDT:USDT,3809.88,66.52,3809.87,11.0,3810.13,14.65,3810.14,82.85
1753769313219,06:08:33.219,bybit,ETH/USDT:USDT,3810.66,40.8,3810.62,0.02,3810.67,45.39,3810.7,0.33
1753769313205,06:08:33.205,okx,ETH/USDT:USDT,3810.27,499.05,3810.24,0.01,3810.28,1402.73,3810.3,3.22
1753769313197,06:08:33.197,binanceusdm,ETH/USDT:USDT,3810.0,108.922,3809.99,0.127,3810.01,97.655,3810.02,48.733
1753769313197,06:08:33.197,binance,ETH/USDT:USDT,3810.0,108.922,3809.99,0.127,3810.01,97.655,3810.02,48.733
1753769313242,06:08:33.242,bitget,ETH/USDT:USDT,3809.71,44.73,3809.66,5.82,3809.72,86.67,3809.73,3.32
1753769313318,06:08:33.318,bybit,ETH/USDT:USDT,3810.66,40.8,3810.62,0.02,3810.67,45.39,3810.7,0.33
1753769313298,06:08:33.298,binanceusdm,ETH/USDT:USDT,3810.0,108.91,3809.99,0.127,3810.01,94.438,3810.02,48.751
1753769313298,06:08:33.298,binance,ETH/USDT:USDT,3810.0,108.91,3809.99,0.127,3810.01,94.438,3810.02,48.751
1753769313345,06:08:33.345,bitget,ETH/USDT:USDT,3809.71,44.73,3809.66,5.82,3809.72,86.67,3809.73,3.32
1753769313355,06:08:33.355,kucoinfutures,ETH/USDT:USDT,3811.78,36.0,3811.42,96.0,3811.79,1223.0,3811.95,79.0
1753769313357,06:08:33.357,kucoinfutures,ETH/USDT:USDT,3811.78,36.0,3811.42,96.0,3811.79,1223.0,3811.95,79.0
1753769313357,06:08:33.357,kucoinfutures,ETH/USDT:USDT,3811.78,36.0,3811.42,96.0,3811.79,1223.0,3811.95,79.0
1753769313362,06:08:33.362,kucoinfutures,ETH/USDT:USDT,3811.78,36.0,3811.42,96.0,3811.79,1223.0,3811.95,79.0
1753769313365,06:08:33.365,kucoinfutures,ETH/USDT:USDT,3811.78,36.0,3811.42,96.0,3811.79,1223.0,3811.95,79.0
1753769313418,06:08:33.418,bybit,ETH/USDT:USDT,3810.66,40.8,3810.62,0.02,3810.67,45.63,3810.7,0.33
1753769313337,06:08:33.337,bitmex,ETH/USDT:USDT,3811.94,2000.0,3811.9,419000.0,3812.26,210000.0,3812.44,95000.0
1753769313389,06:08:33.389,coincatch,ETH/USDT:USDT,3809.88,66.52,3809.87,11.0,3810.13,16.6,3810.14,82.85
1753769313386,06:08:33.386,bitmex,ETH/USDT:USDT,3811.94,2000.0,3811.9,419000.0,3812.26,210000.0,3812.44,95000.0
1753769313446,06:08:33.446,kucoinfutures,ETH/USDT:USDT,3811.78,36.0,3811.42,96.0,3811.79,1223.0,3811.95,79.0
1753769313444,06:08:33.444,bitget,ETH/USDT:USDT,3809.71,44.73,3809.66,5.82,3809.72,81.38,3809.73,3.32
1753769313518,06:08:33.518,bybit,ETH/USDT:USDT,3810.66,40.8,3810.62,0.02,3810.67,45.63,3810.7,0.33
1753769313505,06:08:33.505,okx,ETH/USDT:USDT,3810.27,381.81,3810.24,0.01,3810.28,1403.57,3810.3,3.22
1753769313502,06:08:33.502,binanceusdm,ETH/USDT:USDT,3810.0,108.701,3809.99,0.127,3810.01,96.581,3810.02,48.751
1753769313502,06:08:33.502,binance,ETH/USDT:USDT,3810.0,108.701,3809.99,0.127,3810.01,96.581,3810.02,48.751
1753769313510,06:08:33.510,kucoinfutures,ETH/USDT:USDT,3811.78,36.0,3811.42,96.0,3811.79,1237.0,3811.95,79.0
1753769313524,06:08:33.524,coincatch,ETH/USDT:USDT,3809.88,66.73,3809.87,11.0,3810.13,16.42,3810.14,82.85
1753769313544,06:08:33.544,kucoinfutures,ETH/USDT:USDT,3811.78,36.0,3811.42,96.0,3811.79,1237.0,3811.94,262.0
1753769313544,06:08:33.544,kucoinfutures,ETH/USDT:USDT,3811.78,36.0,3811.42,96.0,3811.79,1237.0,3811.94,262.0
1753769313546,06:08:33.546,kucoinfutures,ETH/USDT:USDT,3811.78,36.0,3811.42,96.0,3811.79,1237.0,3811.94,262.0
1753769313547,06:08:33.547,kucoinfutures,ETH/USDT:USDT,3811.78,36.0,3811.42,96.0,3811.79,1237.0,3811.93,79.0
1753769313549,06:08:33.549,kucoinfutures,ETH/USDT:USDT,3811.78,36.0,3811.42,96.0,3811.79,1237.0,3811.93,79.0
1753769313553,06:08:33.553,kucoinfutures,ETH/USDT:USDT,3811.78,36.0,3811.42,96.0,3811.79,1237.0,3811.92,262.0
1753769313544,06:08:33.544,bitget,ETH/USDT:USDT,3809.71,44.73,3809.66,5.82,3809.72,81.38,3809.73,3.32
1753769313556,06:08:33.556,kucoinfutures,ETH/USDT:USDT,3811.78,36.0,3811.42,96.0,3811.79,1237.0,3811.91,79.0
1753769313557,06:08:33.557,kucoinfutures,ETH/USDT:USDT,3811.78,36.0,3811.42,96.0,3811.79,1237.0,3811.91,79.0
1753769313563,06:08:33.563,kucoinfutures,ETH/USDT:USDT,3811.78,36.0,3811.42,96.0,3811.79,1237.0,3811.91,79.0
1753769313559,06:08:33.559,bitmart,ETH/USDT:USDT,3810.0,291161.0,3809.99,21630.0,3810.01,139586.0,3810.02,25161.0
1753769313568,06:08:33.568,kucoinfutures,ETH/USDT:USDT,3811.78,36.0,3811.42,96.0,3811.79,1237.0,3811.91,147.0
1753769313574,06:08:33.574,kucoinfutures,ETH/USDT:USDT,3811.78,36.0,3811.42,96.0,3811.79,1237.0,3811.91,79.0
1753769313618,06:08:33.618,bybit,ETH/USDT:USDT,3810.66,40.8,3810.62,0.02,3810.67,45.63,3810.7,0.33
1753769313540,06:08:33.540,bitmex,ETH/USDT:USDT,3811.94,2000.0,3811.9,419000.0,3812.26,210000.0,3812.44,95000.0
1753769313603,06:08:33.603,binanceusdm,ETH/USDT:USDT,3810.0,108.701,3809.99,0.127,3810.01,96.359,3810.02,48.751
1753769313590,06:08:33.590,bitmex,ETH/USDT:USDT,3811.94,2000.0,3811.9,419000.0,3812.26,210000.0,3812.44,95000.0
1753769313645,06:08:33.645,bitget,ETH/USDT:USDT,3809.71,44.73,3809.66,5.82,3809.72,81.38,3809.73,3.32
1753769313675,06:08:33.675,kucoinfutures,ETH/USDT:USDT,3811.78,107.0,3811.42,96.0,3811.79,1237.0,3811.91,79.0
1753769313672,06:08:33.672,coincatch,ETH/USDT:USDT,3809.88,66.73,3809.87,11.0,3810.13,16.42,3810.14,82.85
1753769313718,06:08:33.718,bybit,ETH/USDT:USDT,3810.66,40.8,3810.62,0.02,3810.67,45.63,3810.7,0.33
1753769313693,06:08:33.693,kucoinfutures,ETH/USDT:USDT,3811.78,107.0,3811.42,96.0,3811.79,1237.0,3811.91,79.0
1753769313697,06:08:33.697,kucoinfutures,ETH/USDT:USDT,3811.78,107.0,3811.42,96.0,3811.79,1237.0,3811.91,79.0
1753769313706,06:08:33.706,binanceusdm,ETH/USDT:USDT,3810.0,106.701,3809.99,0.127,3810.01,93.218,3810.02,48.751
1753769313706,06:08:33.706,binance,ETH/USDT:USDT,3810.0,106.701,3809.99,0.127,3810.01,93.218,3810.02,48.751
1753769313745,06:08:33.745,bitget,ETH/USDT:USDT,3809.71,46.5,3809.66,5.82,3809.72,81.38,3809.73,3.32
1753769313754,06:08:33.754,bitmart,ETH/USDT:USDT,3810.0,319371.0,3809.99,21630.0,3810.01,161613.0,3810.02,25161.0
1753769313731,06:08:33.731,bitmex,ETH/USDT:USDT,3811.94,2000.0,3811.9,419000.0,3812.26,210000.0,3812.44,95000.0
1753769313774,06:08:33.774,coincatch,ETH/USDT:USDT,3809.88,66.73,3809.87,11.0,3810.13,16.42,3810.14,82.85
1753769313818,06:08:33.818,bybit,ETH/USDT:USDT,3810.66,43.57,3810.62,0.02,3810.67,42.86,3810.7,0.33
1753769313805,06:08:33.805,okx,ETH/USDT:USDT,3810.27,1101.43,3810.24,0.01,3810.28,1154.45,3810.3,3.22
1753769313809,06:08:33.809,binanceusdm,ETH/USDT:USDT,3810.0,106.701,3809.99,0.127,3810.01,96.057,3810.02,48.751
1753769313809,06:08:33.809,binance,ETH/USDT:USDT,3810.0,106.701,3809.99,0.127,3810.01,96.057,3810.02,48.751
1753769313780,06:08:33.780,bitmex,ETH/USDT:USDT,3811.9,419000.0,3811.68,62000.0,3812.11,2000.0,3812.25,25000.0
1753769313847,06:08:33.847,kucoinfutures,ETH/USDT:USDT,3811.78,107.0,3811.42,96.0,3811.79,1237.0,3811.91,79.0
1753769313850,06:08:33.850,kucoinfutures,ETH/USDT:USDT,3811.78,107.0,3811.42,96.0,3811.79,1237.0,3811.91,79.0
1753769313845,06:08:33.845,bitget,ETH/USDT:USDT,3809.71,46.5,3809.66,5.82,3809.72,81.38,3809.73,3.32
1753769313856,06:08:33.856,kucoinfutures,ETH/USDT:USDT,3811.78,107.0,3811.42,96.0,3811.79,1237.0,3811.91,79.0
1753769313829,06:08:33.829,bitmex,ETH/USDT:USDT,3811.9,419000.0,3811.68,62000.0,3812.05,2000.0,3812.26,210000.0
1753769313919,06:08:33.919,bybit,ETH/USDT:USDT,3810.66,43.55,3810.62,0.02,3810.67,34.62,3810.7,0.33
1753769313905,06:08:33.905,okx,ETH/USDT:USDT,3810.27,1103.36,3810.24,0.01,3810.28,1006.84,3810.3,3.22
1753769313878,06:08:33.878,bitmex,ETH/USDT:USDT,3811.9,419000.0,3811.68,62000.0,3812.05,2000.0,3812.11,2000.0
1753769313946,06:08:33.946,bitget,ETH/USDT:USDT,3809.71,46.5,3809.66,5.82,3809.72,81.38,3809.73,3.32
1753769313927,06:08:33.927,bitmex,ETH/USDT:USDT,3811.9,419000.0,3811.68,62000.0,3811.91,2000.0,3812.03,25000.0
1753769314020,06:08:34.020,bybit,ETH/USDT:USDT,3810.66,40.97,3810.62,0.02,3810.67,46.98,3810.7,0.33
1753769313990,06:08:33.990,coincatch,ETH/USDT:USDT,3809.88,66.09,3809.87,11.0,3810.13,15.79,3810.14,82.85
1753769314003,06:08:34.003,kucoinfutures,ETH/USDT:USDT,3811.78,107.0,3811.42,96.0,3811.79,1237.0,3811.91,79.0
1753769314007,06:08:34.007,kucoinfutures,ETH/USDT:USDT,3811.78,107.0,3811.42,96.0,3811.79,1237.0,3811.91,79.0
1753769314013,06:08:34.013,binanceusdm,ETH/USDT:USDT,3810.0,106.657,3809.99,0.127,3810.01,95.088,3810.02,48.751
1753769314013,06:08:34.013,binance,ETH/USDT:USDT,3810.0,106.657,3809.99,0.127,3810.01,95.088,3810.02,48.751
1753769314024,06:08:34.024,kucoinfutures,ETH/USDT:USDT,3811.78,38.0,3811.42,96.0,3811.79,1237.0,3811.91,79.0
1753769313976,06:08:33.976,bitmex,ETH/USDT:USDT,3811.9,419000.0,3811.68,62000.0,3811.91,2000.0,3812.26,210000.0
1753769314053,06:08:34.053,kucoinfutures,ETH/USDT:USDT,3811.78,38.0,3811.42,96.0,3811.79,1237.0,3811.91,79.0
1753769314054,06:08:34.054,kucoinfutures,ETH/USDT:USDT,3811.78,38.0,3811.42,96.0,3811.79,1237.0,3811.91,79.0
1753769314046,06:08:34.046,bitget,ETH/USDT:USDT,3809.71,46.5,3809.66,5.82,3809.72,81.38,3809.73,3.32
1753769314060,06:08:34.060,kucoinfutures,ETH/USDT:USDT,3811.78,38.0,3811.42,96.0,3811.79,1237.0,3811.91,79.0
1753769314025,06:08:34.025,bitmex,ETH/USDT:USDT,3811.9,419000.0,3811.68,62000.0,3812.05,2000.0,3812.26,210000.0
1753769314119,06:08:34.119,bybit,ETH/USDT:USDT,3810.66,42.38,3810.62,0.02,3810.67,43.31,3810.7,0.33
1753769314114,06:08:34.114,binanceusdm,ETH/USDT:USDT,3810.0,108.122,3809.99,0.127,3810.01,95.716,3810.02,48.751
1753769314114,06:08:34.114,binance,ETH/USDT:USDT,3810.0,108.122,3809.99,0.127,3810.01,95.716,3810.02,48.751
1753769314074,06:08:34.074,bitmex,ETH/USDT:USDT,3811.9,419000.0,3811.68,62000.0,3811.91,2000.0,3812.26,210000.0
1753769314127,06:08:34.127,coincatch,ETH/USDT:USDT,3809.88,65.27,3809.87,11.0,3810.13,15.79,3810.14,82.85
1753769314146,06:08:34.146,bitget,ETH/USDT:USDT,3809.71,46.5,3809.66,5.82,3809.72,79.5,3809.73,3.32
1753769314123,06:08:34.123,bitmex,ETH/USDT:USDT,3812.1,2000.0,3811.9,419000.0,3812.26,210000.0,3812.44,95000.0
1753769314153,06:08:34.153,bitmart,ETH/USDT:USDT,3810.0,199844.0,3809.99,21630.0,3810.01,78461.0,3810.02,25161.0
1753769314219,06:08:34.219,bybit,ETH/USDT:USDT,3810.66,43.82,3810.62,0.02,3810.67,52.28,3810.7,0.33
1753769314215,06:08:34.215,binanceusdm,ETH/USDT:USDT,3810.0,107.636,3809.99,0.127,3810.01,96.093,3810.02,48.751
1753769314215,06:08:34.215,binance,ETH/USDT:USDT,3810.0,107.636,3809.99,0.127,3810.01,96.093,3810.02,48.751
1753769314172,06:08:34.172,bitmex,ETH/USDT:USDT,3812.1,2000.0,3811.9,419000.0,3812.26,210000.0,3812.44,95000.0
1753769314248,06:08:34.248,kucoinfutures,ETH/USDT:USDT,3811.78,38.0,3811.42,96.0,3811.79,1237.0,3811.91,79.0
1753769314247,06:08:34.247,bitget,ETH/USDT:USDT,3809.71,46.5,3809.66,5.82,3809.72,81.06,3809.73,3.32
1753769314256,06:08:34.256,coincatch,ETH/USDT:USDT,3809.88,65.99,3809.87,11.0,3810.13,15.79,3810.14,82.85
1753769314221,06:08:34.221,bitmex,ETH/USDT:USDT,3811.9,419000.0,3811.68,62000.0,3812.26,210000.0,3812.44,95000.0
1753769314221,06:08:34.221,bitmex,ETH/USDT:USDT,3811.9,419000.0,3811.68,62000.0,3811.91,2000.0,3812.1,25000.0
1753769314319,06:08:34.319,bybit,ETH/USDT:USDT,3810.66,41.18,3810.62,0.02,3810.67,52.28,3810.7,0.33
1753769314305,06:08:34.305,okx,ETH/USDT:USDT,3810.27,1093.44,3810.24,0.01,3810.28,876.19,3810.3,3.22
1753769314316,06:08:34.316,binanceusdm,ETH/USDT:USDT,3810.0,107.642,3809.99,0.127,3810.01,96.799,3810.02,48.751
1753769314316,06:08:34.316,binance,ETH/USDT:USDT,3810.0,107.642,3809.99,0.127,3810.01,96.799,3810.02,48.751
1753769314270,06:08:34.270,bitmex,ETH/USDT:USDT,3811.9,419000.0,3811.68,62000.0,3811.91,2000.0,3812.26,210000.0
1753769314356,06:08:34.356,kucoinfutures,ETH/USDT:USDT,3811.78,38.0,3811.42,96.0,3811.79,1237.0,3811.91,79.0
1753769314361,06:08:34.361,kucoinfutures,ETH/USDT:USDT,3811.78,38.0,3811.42,96.0,3811.79,1237.0,3811.91,79.0
1753769314366,06:08:34.366,kucoinfutures,ETH/USDT:USDT,3811.78,38.0,3811.42,96.0,3811.79,1237.0,3811.91,79.0
1753769314319,06:08:34.319,bitmex,ETH/USDT:USDT,3811.9,419000.0,3811.68,62000.0,3811.91,2000.0,3812.26,210000.0
1753769314419,06:08:34.419,bybit,ETH/USDT:USDT,3810.66,43.25,3810.62,0.02,3810.67,51.72,3810.7,0.33
1753769314377,06:08:34.377,coincatch,ETH/USDT:USDT,3809.88,65.8,3809.87,11.0,3810.13,16.65,3810.14,82.85
1753769314417,06:08:34.417,binanceusdm,ETH/USDT:USDT,3810.0,107.708,3809.99,0.127,3810.01,94.096,3810.02,48.751
1753769314417,06:08:34.417,binance,ETH/USDT:USDT,3810.0,107.708,3809.99,0.127,3810.01,94.096,3810.02,48.751
1753769314368,06:08:34.368,bitmex,ETH/USDT:USDT,3811.9,419000.0,3811.68,62000.0,3811.91,2000.0,3812.26,210000.0
1753769314449,06:08:34.449,bitget,ETH/USDT:USDT,3809.71,46.5,3809.66,5.82,3809.72,81.06,3809.73,9.76
1753769314456,06:08:34.456,kucoinfutures,ETH/USDT:USDT,3811.78,38.0,3811.42,96.0,3811.79,1237.0,3811.97,161.0
1753769314428,06:08:34.428,bitmex,ETH/USDT:USDT,3811.9,421000.0,3811.68,62000.0,3811.91,2000.0,3812.26,210000.0
1753769314518,06:08:34.518,bybit,ETH/USDT:USDT,3810.66,43.25,3810.62,0.02,3810.67,51.72,3810.7,0.33
1753769314519,06:08:34.519,binanceusdm,ETH/USDT:USDT,3810.0,107.708,3809.99,0.127,3810.01,94.134,3810.02,48.751
1753769314519,06:08:34.519,binance,ETH/USDT:USDT,3810.0,107.708,3809.99,0.127,3810.01,94.134,3810.02,48.751
1753769314522,06:08:34.522,kucoinfutures,ETH/USDT:USDT,3811.78,38.0,3811.42,96.0,3811.79,1250.0,3811.97,161.0
1753769314526,06:08:34.526,kucoinfutures,ETH/USDT:USDT,3811.78,38.0,3811.42,96.0,3811.79,1250.0,3811.97,161.0
1753769314477,06:08:34.477,bitmex,ETH/USDT:USDT,3811.9,419000.0,3811.68,62000.0,3812.05,2000.0,3812.26,210000.0
1753769314529,06:08:34.529,coincatch,ETH/USDT:USDT,3809.88,65.8,3809.87,11.0,3810.13,16.65,3810.14,82.85
1753769314550,06:08:34.550,bitget,ETH/USDT:USDT,3809.71,46.5,3809.66,5.82,3809.72,81.06,3809.73,9.76
1753769314553,06:08:34.553,bitmart,ETH/USDT:USDT,3810.0,199844.0,3809.99,21630.0,3810.01,170069.0,3810.02,25161.0
1753769314526,06:08:34.526,bitmex,ETH/USDT:USDT,3811.9,419000.0,3811.68,62000.0,3811.91,2000.0,3812.26,210000.0
1753769314618,06:08:34.618,bybit,ETH/USDT:USDT,3810.66,47.72,3810.62,0.02,3810.67,46.72,3810.7,0.33
1753769314616,06:08:34.616,kucoinfutures,ETH/USDT:USDT,3811.78,107.0,3811.42,96.0,3811.79,1250.0,3811.97,161.0
1753769314622,06:08:34.622,binanceusdm,ETH/USDT:USDT,3810.0,107.595,3809.99,0.127,3810.01,94.134,3810.02,48.751
1753769314622,06:08:34.622,binance,ETH/USDT:USDT,3810.0,107.595,3809.99,0.127,3810.01,94.134,3810.02,48.751
1753769314622,06:08:34.622,kucoinfutures,ETH/USDT:USDT,3811.78,107.0,3811.42,96.0,3811.79,1250.0,3811.97,161.0
1753769314592,06:08:34.592,bitmex,ETH/USDT:USDT,3811.9,421000.0,3811.68,62000.0,3811.91,2000.0,3812.26,210000.0
1753769314719,06:08:34.719,bybit,ETH/USDT:USDT,3810.66,44.89,3810.62,0.02,3810.67,46.74,3810.7,0.33
1753769314678,06:08:34.678,coincatch,ETH/USDT:USDT,3809.88,65.8,3809.87,11.0,3810.13,15.41,3810.14,82.85
1753769314641,06:08:34.641,bitmex,ETH/USDT:USDT,3811.9,419000.0,3811.68,62000.0,3812.26,210000.0,3812.44,95000.0
1753769314641,06:08:34.641,bitmex,ETH/USDT:USDT,3811.9,419000.0,3811.68,62000.0,3811.91,2000.0,3812.26,210000.0
1753769314691,06:08:34.691,kucoinfutures,ETH/USDT:USDT,3811.78,107.0,3811.42,96.0,3811.79,1250.0,3811.97,161.0
1753769314724,06:08:34.724,binanceusdm,ETH/USDT:USDT,3810.0,107.65,3809.99,0.127,3810.01,94.004,3810.02,48.751
1753769314724,06:08:34.724,binance,ETH/USDT:USDT,3810.0,107.65,3809.99,0.127,3810.01,94.004,3810.02,48.751
1753769314730,06:08:34.730,kucoinfutures,ETH/USDT:USDT,3811.78,107.0,3811.42,96.0,3811.79,1250.0,3811.97,161.0
1753769314730,06:08:34.730,kucoinfutures,ETH/USDT:USDT,3811.78,107.0,3811.42,96.0,3811.79,1250.0,3811.97,161.0
1753769314733,06:08:34.733,kucoinfutures,ETH/USDT:USDT,3811.78,107.0,3811.42,96.0,3811.79,1250.0,3811.97,161.0
1753769314734,06:08:34.734,kucoinfutures,ETH/USDT:USDT,3811.78,107.0,3811.42,96.0,3811.79,1250.0,3811.97,161.0
1753769314738,06:08:34.738,kucoinfutures,ETH/USDT:USDT,3811.78,107.0,3811.42,96.0,3811.79,1250.0,3811.97,161.0
1753769314690,06:08:34.690,bitmex,ETH/USDT:USDT,3811.9,419000.0,3811.68,62000.0,3811.91,2000.0,3812.26,210000.0
1753769314205,06:08:34.205,okxus,ETH/USDT:USDT,3810.27,1095.87,3810.24,0.01,3810.28,876.08,3810.3,3.22
1753769314749,06:08:34.749,bitget,ETH/USDT:USDT,3809.71,46.5,3809.66,5.82,3809.72,81.06,3809.73,9.76
1753769314755,06:08:34.755,kucoinfutures,ETH/USDT:USDT,3811.78,107.0,3811.42,96.0,3811.79,1250.0,3811.97,161.0
1753769314757,06:08:34.757,kucoinfutures,ETH/USDT:USDT,3811.78,107.0,3811.42,96.0,3811.79,1250.0,3811.97,161.0
1753769314818,06:08:34.818,bybit,ETH/USDT:USDT,3810.66,44.89,3810.62,0.02,3810.67,49.3,3810.7,0.33
1753769314778,06:08:34.778,coincatch,ETH/USDT:USDT,3809.88,65.8,3809.87,11.0,3810.13,15.41,3810.14,82.85
1753769314739,06:08:34.739,bitmex,ETH/USDT:USDT,3811.9,421000.0,3811.68,62000.0,3812.1,210000.0,3812.44,95000.0
1753769314808,06:08:34.808,kucoinfutures,ETH/USDT:USDT,3811.78,107.0,3811.42,96.0,3811.79,1250.0,3811.97,161.0
1753769314827,06:08:34.827,binanceusdm,ETH/USDT:USDT,3810.0,107.65,3809.99,0.127,3810.01,94.004,3810.02,48.751
1753769314827,06:08:34.827,binance,ETH/USDT:USDT,3810.0,107.65,3809.99,0.127,3810.01,94.004,3810.02,48.751
1753769314788,06:08:34.788,bitmex,ETH/USDT:USDT,3811.9,421000.0,3811.68,62000.0,3812.1,210000.0,3812.44,95000.0
1753769314850,06:08:34.850,bitget,ETH/USDT:USDT,3809.71,46.5,3809.66,5.82,3809.72,81.06,3809.73,9.76
1753769314861,06:08:34.861,kucoinfutures,ETH/USDT:USDT,3811.78,107.0,3811.42,96.0,3811.79,1250.0,3811.97,161.0
1753769314919,06:08:34.919,bybit,ETH/USDT:USDT,3810.66,44.89,3810.62,0.02,3810.67,49.3,3810.7,0.33
1753769314837,06:08:34.837,bitmex,ETH/USDT:USDT,3811.9,419000.0,3811.68,62000.0,3812.09,25000.0,3812.1,210000.0
1753769314878,06:08:34.878,coincatch,ETH/USDT:USDT,3809.88,65.8,3809.87,11.0,3810.13,15.41,3810.14,82.85
1753769314928,06:08:34.928,binanceusdm,ETH/USDT:USDT,3810.0,108.356,3809.99,0.127,3810.01,93.504,3810.02,48.751
1753769314928,06:08:34.928,binance,ETH/USDT:USDT,3810.0,108.356,3809.99,0.127,3810.01,93.504,3810.02,48.751
1753769314886,06:08:34.886,bitmex,ETH/USDT:USDT,3811.9,419000.0,3811.68,62000.0,3811.91,2000.0,3812.1,210000.0
1753769314305,06:08:34.305,okxus,ETH/USDT:USDT,3810.27,1093.44,3810.24,0.01,3810.28,876.19,3810.3,3.22
1753769314935,06:08:34.935,bitmex,ETH/USDT:USDT,3811.9,419000.0,3811.68,62000.0,3812.1,210000.0,3812.44,95000.0
1753769314935,06:08:34.935,bitmex,ETH/USDT:USDT,3812.09,2000.0,3811.9,419000.0,3812.1,210000.0,3812.44,95000.0
1753769315018,06:08:35.018,bybit,ETH/USDT:USDT,3810.66,44.89,3810.62,0.02,3810.67,49.38,3810.7,0.33
1753769314986,06:08:34.986,coincatch,ETH/USDT:USDT,3809.88,65.06,3809.87,11.0,3810.13,15.9,3810.14,82.85
1753769315001,06:08:35.001,kucoinfutures,ETH/USDT:USDT,3811.78,107.0,3811.42,96.0,3811.79,1250.0,3811.97,161.0
1753769315032,06:08:35.032,binanceusdm,ETH/USDT:USDT,3810.0,109.356,3809.99,0.127,3810.01,93.504,3810.02,48.751
1753769315032,06:08:35.032,binance,ETH/USDT:USDT,3810.0,109.356,3809.99,0.127,3810.01,93.504,3810.02,48.751
1753769314984,06:08:34.984,bitmex,ETH/USDT:USDT,3811.9,419000.0,3811.68,62000.0,3812.09,25000.0,3812.1,210000.0
1753769314905,06:08:34.905,okxus,ETH/USDT:USDT,3810.27,1074.65,3810.24,0.01,3810.28,903.77,3810.3,3.22
1753769315050,06:08:35.050,bitget,ETH/USDT:USDT,3809.71,45.84,3809.66,5.82,3809.72,81.06,3809.73,9.76
1753769315119,06:08:35.119,bybit,ETH/USDT:USDT,3810.66,50.47,3810.62,0.02,3810.67,46.82,3810.7,0.33
1753769315123,06:08:35.123,coincatch,ETH/USDT:USDT,3809.88,65.06,3809.87,11.0,3810.13,15.9,3810.14,82.85
1753769315134,06:08:35.134,binanceusdm,ETH/USDT:USDT,3810.0,109.35,3809.99,0.127,3810.01,93.646,3810.02,48.751
1753769315134,06:08:35.134,binance,ETH/USDT:USDT,3810.0,109.35,3809.99,0.127,3810.01,93.646,3810.02,48.751
1753769315154,06:08:35.154,bitmart,ETH/USDT:USDT,3810.0,224116.0,3809.99,21630.0,3810.01,201640.0,3810.02,25161.0
1753769315218,06:08:35.218,bybit,ETH/USDT:USDT,3810.66,50.47,3810.62,0.02,3810.67,46.82,3810.7,0.33
1753769315228,06:08:35.228,coincatch,ETH/USDT:USDT,3809.88,67.78,3809.87,11.0,3810.13,15.9,3810.14,82.85
1753769315237,06:08:35.237,binanceusdm,ETH/USDT:USDT,3810.0,109.558,3809.99,0.127,3810.01,95.757,3810.02,48.751
1753769315237,06:08:35.237,binance,ETH/USDT:USDT,3810.0,109.558,3809.99,0.127,3810.01,95.757,3810.02,48.751
1753769315105,06:08:35.105,okxus,ETH/USDT:USDT,3810.27,1070.38,3810.24,0.01,3810.28,903.77,3810.3,3.22
1753769315223,06:08:35.223,bitmex,ETH/USDT:USDT,3811.9,419000.0,3811.68,62000.0,3811.91,2000.0,3812.09,25000.0
1753769315319,06:08:35.319,bybit,ETH/USDT:USDT,3810.66,53.76,3810.62,0.02,3810.67,46.82,3810.7,0.33
1753769315319,06:08:35.319,kucoinfutures,ETH/USDT:USDT,3811.78,107.0,3811.42,96.0,3811.79,1250.0,3811.97,161.0
1753769315272,06:08:35.272,bitmex,ETH/USDT:USDT,3811.9,419000.0,3811.68,62000.0,3811.91,2000.0,3812.1,210000.0
1753769315338,06:08:35.338,binanceusdm,ETH/USDT:USDT,3810.0,109.558,3809.99,0.127,3810.01,95.98,3810.02,48.751
1753769315338,06:08:35.338,binance,ETH/USDT:USDT,3810.0,109.558,3809.99,0.127,3810.01,95.98,3810.02,48.751
1753769315205,06:08:35.205,okxus,ETH/USDT:USDT,3810.27,1070.38,3810.24,0.01,3810.28,903.77,3810.3,3.22
1753769315341,06:08:35.341,coincatch,ETH/USDT:USDT,3809.88,67.78,3809.87,11.0,3810.13,15.9,3810.14,82.85
1753769315350,06:08:35.350,bitget,ETH/USDT:USDT,3809.71,52.04,3809.66,5.82,3809.72,81.06,3809.73,5.32
1753769315356,06:08:35.356,kucoinfutures,ETH/USDT:USDT,3811.78,107.0,3811.42,96.0,3811.79,1250.0,3811.97,161.0
1753769315357,06:08:35.357,bitmart,ETH/USDT:USDT,3810.0,225596.0,3809.99,21630.0,3810.01,170069.0,3810.02,25161.0
1753769315322,06:08:35.322,bitmex,ETH/USDT:USDT,3811.9,419000.0,3811.68,62000.0,3811.91,2000.0,3812.1,210000.0
1753769315418,06:08:35.418,bybit,ETH/USDT:USDT,3810.66,53.86,3810.62,0.02,3810.67,46.82,3810.7,0.33
1753769315372,06:08:35.372,bitmex,ETH/USDT:USDT,3811.9,419000.0,3811.68,62000.0,3811.91,2000.0,3812.1,210000.0
1753769315430,06:08:35.430,kucoinfutures,ETH/USDT:USDT,3811.78,107.0,3811.42,96.0,3811.79,1250.0,3811.97,161.0
1753769315433,06:08:35.433,kucoinfutures,ETH/USDT:USDT,3811.78,107.0,3811.42,96.0,3811.79,1250.0,3811.97,161.0
1753769315435,06:08:35.435,kucoinfutures,ETH/USDT:USDT,3811.78,107.0,3811.42,96.0,3811.79,1250.0,3811.97,161.0
1753769315439,06:08:35.439,binanceusdm,ETH/USDT:USDT,3810.0,109.547,3809.99,0.127,3810.01,95.975,3810.02,48.751
1753769315439,06:08:35.439,binance,ETH/USDT:USDT,3810.0,109.547,3809.99,0.127,3810.01,95.975,3810.02,48.751
1753769315305,06:08:35.305,okxus,ETH/USDT:USDT,3810.27,1070.38,3810.24,0.01,3810.28,903.77,3810.3,3.22
1753769315519,06:08:35.519,bybit,ETH/USDT:USDT,3810.66,53.86,3810.62,0.02,3810.67,48.82,3810.7,5.33
1753769315476,06:08:35.476,coincatch,ETH/USDT:USDT,3809.88,67.89,3809.87,11.0,3810.13,16.32,3810.14,82.85
1753769315501,06:08:35.501,kucoinfutures,ETH/USDT:USDT,3811.78,107.0,3811.42,96.0,3811.79,1250.0,3811.97,161.0
1753769315504,06:08:35.504,kucoinfutures,ETH/USDT:USDT,3811.78,107.0,3811.42,96.0,3811.79,1250.0,3811.97,161.0
1753769315505,06:08:35.505,kucoinfutures,ETH/USDT:USDT,3811.78,107.0,3811.42,96.0,3811.79,1263.0,3811.97,290.0
1753769315508,06:08:35.508,kucoinfutures,ETH/USDT:USDT,3811.78,120.0,3811.42,96.0,3811.79,1263.0,3811.97,290.0
1753769315513,06:08:35.513,kucoinfutures,ETH/USDT:USDT,3811.78,120.0,3811.42,96.0,3811.79,1263.0,3811.97,161.0
1753769315513,06:08:35.513,kucoinfutures,ETH/USDT:USDT,3811.78,120.0,3811.42,96.0,3811.79,1263.0,3811.97,161.0
1753769315517,06:08:35.517,kucoinfutures,ETH/USDT:USDT,3811.78,120.0,3811.42,96.0,3811.79,1263.0,3811.97,161.0
1753769315542,06:08:35.542,binanceusdm,ETH/USDT:USDT,3810.0,109.547,3809.99,0.127,3810.01,95.967,3810.02,48.751
1753769315542,06:08:35.542,binance,ETH/USDT:USDT,3810.0,109.547,3809.99,0.127,3810.01,95.967,3810.02,48.751
1753769315405,06:08:35.405,okxus,ETH/USDT:USDT,3810.27,1070.38,3810.24,0.01,3810.28,913.0,3810.3,3.22
1753769315551,06:08:35.551,kucoinfutures,ETH/USDT:USDT,3811.78,120.0,3811.42,96.0,3811.79,1263.0,3811.97,161.0
1753769315551,06:08:35.551,kucoinfutures,ETH/USDT:USDT,3811.78,120.0,3811.42,96.0,3811.79,1263.0,3811.97,161.0
1753769315550,06:08:35.550,bitget,ETH/USDT:USDT,3809.71,45.84,3809.66,5.82,3809.72,49.1,3809.73,5.32
1753769315556,06:08:35.556,kucoinfutures,ETH/USDT:USDT,3811.78,120.0,3811.42,96.0,3811.79,1217.0,3811.97,161.0
1753769315557,06:08:35.557,kucoinfutures,ETH/USDT:USDT,3811.78,120.0,3811.42,96.0,3811.79,1217.0,3811.97,161.0
1753769315619,06:08:35.619,bybit,ETH/USDT:USDT,3810.66,51.66,3810.62,0.02,3810.67,48.82,3810.69,1.7
1753769315605,06:08:35.605,okx,ETH/USDT:USDT,3810.27,1256.61,3810.24,0.01,3810.28,913.01,3810.3,3.22
1753769315577,06:08:35.577,coincatch,ETH/USDT:USDT,3809.88,67.89,3809.87,11.0,3810.13,16.32,3810.14,82.85
1753769315578,06:08:35.578,bitmex,ETH/USDT:USDT,3811.9,419000.0,3811.68,62000.0,3812.1,210000.0,3812.44,95000.0
1753769315644,06:08:35.644,binanceusdm,ETH/USDT:USDT,3810.0,109.782,3809.99,0.127,3810.01,95.954,3810.02,48.802
1753769315644,06:08:35.644,binance,ETH/USDT:USDT,3810.0,109.782,3809.99,0.127,3810.01,95.954,3810.02,48.802
1753769315664,06:08:35.664,kucoinfutures,ETH/USDT:USDT,3811.78,120.0,3811.42,96.0,3811.79,1217.0,3811.97,161.0
1753769315628,06:08:35.628,bitmex,ETH/USDT:USDT,3811.9,419000.0,3811.68,62000.0,3812.1,212000.0,3812.44,95000.0
1753769315719,06:08:35.719,bybit,ETH/USDT:USDT,3810.66,51.66,3810.62,0.02,3810.67,48.82,3810.69,1.7
1753769315689,06:08:35.689,kucoinfutures,ETH/USDT:USDT,3811.78,120.0,3811.42,96.0,3811.79,1217.0,3811.97,161.0
1753769315689,06:08:35.689,kucoinfutures,ETH/USDT:USDT,3811.78,120.0,3811.42,96.0,3811.79,1217.0,3811.97,161.0
1753769315677,06:08:35.677,bitmex,ETH/USDT:USDT,3811.9,419000.0,3811.68,62000.0,3812.09,25000.0,3812.1,210000.0
1753769315605,06:08:35.605,okxus,ETH/USDT:USDT,3810.27,1256.61,3810.24,0.01,3810.28,913.01,3810.3,3.22
1753769315745,06:08:35.745,binanceusdm,ETH/USDT:USDT,3810.0,111.044,3809.99,0.127,3810.01,95.79,3810.02,48.802
1753769315745,06:08:35.745,binance,ETH/USDT:USDT,3810.0,111.044,3809.99,0.127,3810.01,95.79,3810.02,48.802
1753769315750,06:08:35.750,bitget,ETH/USDT:USDT,3809.71,52.04,3809.66,5.82,3809.72,48.91,3809.73,3.32
1753769315752,06:08:35.752,bitmart,ETH/USDT:USDT,3810.0,226371.0,3809.99,21630.0,3810.01,201885.0,3810.02,25161.0
1753769315726,06:08:35.726,bitmex,ETH/USDT:USDT,3811.9,419000.0,3811.68,62000.0,3812.09,25000.0,3812.1,210000.0
1753769315818,06:08:35.818,bybit,ETH/USDT:USDT,3810.66,39.43,3810.62,0.02,3810.67,51.38,3810.69,1.7
1753769315805,06:08:35.805,okx,ETH/USDT:USDT,3810.27,1174.84,3810.24,0.01,3810.28,848.92,3810.3,3.22
1753769315791,06:08:35.791,coincatch,ETH/USDT:USDT,3809.88,68.78,3809.87,11.0,3810.13,16.32,3810.14,82.96
1753769315814,06:08:35.814,kucoinfutures,ETH/USDT:USDT,3811.78,120.0,3811.42,96.0,3811.79,1263.0,3811.97,161.0
1753769315815,06:08:35.815,kucoinfutures,ETH/USDT:USDT,3811.78,120.0,3811.42,96.0,3811.79,1263.0,3811.97,161.0
1753769315775,06:08:35.775,bitmex,ETH/USDT:USDT,3811.9,419000.0,3811.68,62000.0,3812.09,25000.0,3812.1,210000.0
1753769315828,06:08:35.828,kucoinfutures,ETH/USDT:USDT,3811.78,120.0,3811.42,96.0,3811.79,1263.0,3811.97,161.0
1753769315843,06:08:35.843,kucoinfutures,ETH/USDT:USDT,3811.78,120.0,3811.42,96.0,3811.79,1263.0,3811.97,161.0
1753769315848,06:08:35.848,binanceusdm,ETH/USDT:USDT,3810.0,111.044,3809.99,0.127,3810.01,95.868,3810.02,48.802
1753769315848,06:08:35.848,binance,ETH/USDT:USDT,3810.0,111.044,3809.99,0.127,3810.01,95.868,3810.02,48.802
1753769315850,06:08:35.850,bitget,ETH/USDT:USDT,3809.71,45.84,3809.66,5.82,3809.72,48.91,3809.73,3.32
1753769315864,06:08:35.864,kucoinfutures,ETH/USDT:USDT,3811.78,118.0,3811.42,96.0,3811.79,1263.0,3811.97,161.0
1753769315824,06:08:35.824,bitmex,ETH/USDT:USDT,3811.9,419000.0,3811.68,62000.0,3812.09,25000.0,3812.1,210000.0
1753769315876,06:08:35.876,kucoinfutures,ETH/USDT:USDT,3811.78,49.0,3811.42,96.0,3811.79,1263.0,3811.97,161.0
1753769315879,06:08:35.879,kucoinfutures,ETH/USDT:USDT,3811.78,49.0,3811.42,96.0,3811.79,1557.0,3811.97,161.0
1753769315882,06:08:35.882,kucoinfutures,ETH/USDT:USDT,3811.78,49.0,3811.42,96.0,3811.79,1557.0,3811.97,161.0
1753769315919,06:08:35.919,bybit,ETH/USDT:USDT,3810.66,30.18,3810.62,0.02,3810.67,51.38,3810.69,1.7
1753769315885,06:08:35.885,kucoinfutures,ETH/USDT:USDT,3811.78,49.0,3811.42,96.0,3811.79,1557.0,3811.97,161.0
1753769315905,06:08:35.905,okx,ETH/USDT:USDT,3810.27,166.59,3810.24,0.01,3810.28,1015.32,3810.3,3.22
1753769315894,06:08:35.894,kucoinfutures,ETH/USDT:USDT,3811.78,49.0,3811.42,96.0,3811.79,1557.0,3811.97,161.0
1753769315897,06:08:35.897,kucoinfutures,ETH/USDT:USDT,3811.78,49.0,3811.42,96.0,3811.79,1557.0,3811.97,161.0
1753769315902,06:08:35.902,kucoinfutures,ETH/USDT:USDT,3811.78,49.0,3811.42,96.0,3811.79,1557.0,3811.97,161.0
1753769315926,06:08:35.926,kucoinfutures,ETH/USDT:USDT,3811.78,49.0,3811.42,96.0,3811.79,1557.0,3811.97,161.0
1753769315930,06:08:35.930,kucoinfutures,ETH/USDT:USDT,3811.78,49.0,3811.42,96.0,3811.79,1557.0,3811.97,161.0
1753769315933,06:08:35.933,kucoinfutures,ETH/USDT:USDT,3811.78,49.0,3811.42,96.0,3811.79,1557.0,3811.97,161.0
1753769315935,06:08:35.935,kucoinfutures,ETH/USDT:USDT,3811.78,49.0,3811.42,96.0,3811.79,1557.0,3811.97,161.0
1753769315928,06:08:35.928,coincatch,ETH/USDT:USDT,3809.88,68.78,3809.87,11.0,3810.13,16.32,3810.14,82.96
1753769315937,06:08:35.937,kucoinfutures,ETH/USDT:USDT,3811.78,49.0,3811.42,96.0,3811.79,1557.0,3811.97,161.0
1753769315949,06:08:35.949,binanceusdm,ETH/USDT:USDT,3810.0,107.787,3809.99,0.127,3810.01,113.491,3810.02,48.802
1753769315949,06:08:35.949,binance,ETH/USDT:USDT,3810.0,107.787,3809.99,0.127,3810.01,113.491,3810.02,48.802
1753769315960,06:08:35.960,kucoinfutures,ETH/USDT:USDT,3811.78,49.0,3811.42,96.0,3811.79,1557.0,3811.97,161.0
1753769315969,06:08:35.969,kucoinfutures,ETH/USDT:USDT,3811.78,49.0,3811.42,96.0,3811.79,1557.0,3811.97,161.0
1753769315969,06:08:35.969,kucoinfutures,ETH/USDT:USDT,3811.78,49.0,3811.42,96.0,3811.79,1557.0,3811.97,161.0
1753769315969,06:08:35.969,kucoinfutures,ETH/USDT:USDT,3811.78,49.0,3811.42,96.0,3811.79,1557.0,3811.97,161.0
1753769315973,06:08:35.973,kucoinfutures,ETH/USDT:USDT,3811.78,49.0,3811.42,96.0,3811.79,1557.0,3811.97,161.0
1753769315977,06:08:35.977,kucoinfutures,ETH/USDT:USDT,3811.78,49.0,3811.42,96.0,3811.79,1557.0,3811.97,161.0
1753769315982,06:08:35.982,kucoinfutures,ETH/USDT:USDT,3811.78,49.0,3811.42,96.0,3811.79,1557.0,3811.97,161.0
1753769315985,06:08:35.985,kucoinfutures,ETH/USDT:USDT,3811.78,49.0,3811.42,96.0,3811.79,1557.0,3811.97,161.0
1753769316019,06:08:36.019,bybit,ETH/USDT:USDT,3810.66,29.63,3810.62,0.02,3810.67,50.7,3810.69,1.7
1753769315990,06:08:35.990,kucoinfutures,ETH/USDT:USDT,3811.78,49.0,3811.42,96.0,3811.79,1557.0,3811.97,161.0
1753769315943,06:08:35.943,bitmex,ETH/USDT:USDT,3811.9,419000.0,3811.67,208000.0,3812.09,25000.0,3812.1,210000.0
1753769316005,06:08:36.005,okx,ETH/USDT:USDT,3810.27,576.95,3810.24,0.01,3810.28,1015.32,3810.3,3.22
1753769315998,06:08:35.998,kucoinfutures,ETH/USDT:USDT,3811.78,49.0,3811.42,96.0,3811.79,1557.0,3811.97,161.0
1753769316002,06:08:36.002,kucoinfutures,ETH/USDT:USDT,3811.78,49.0,3811.42,96.0,3811.79,1557.0,3811.97,161.0
1753769316003,06:08:36.003,kucoinfutures,ETH/USDT:USDT,3811.78,49.0,3811.42,96.0,3811.79,1557.0,3811.97,161.0
1753769316015,06:08:36.015,kucoinfutures,ETH/USDT:USDT,3811.78,51.0,3811.42,96.0,3811.79,1557.0,3811.94,262.0
1753769316027,06:08:36.027,kucoinfutures,ETH/USDT:USDT,3811.78,51.0,3811.42,96.0,3811.79,1557.0,3811.96,262.0
1753769316028,06:08:36.028,kucoinfutures,ETH/USDT:USDT,3811.78,120.0,3811.42,96.0,3811.79,1557.0,3811.95,79.0
1753769316030,06:08:36.030,kucoinfutures,ETH/USDT:USDT,3811.78,120.0,3811.42,96.0,3811.79,1557.0,3811.95,341.0
1753769316032,06:08:36.032,kucoinfutures,ETH/USDT:USDT,3811.78,120.0,3811.42,96.0,3811.79,1557.0,3811.94,157.0
1753769316034,06:08:36.034,kucoinfutures,ETH/USDT:USDT,3811.78,120.0,3811.42,96.0,3811.79,1557.0,3811.94,79.0
1753769316039,06:08:36.039,kucoinfutures,ETH/USDT:USDT,3811.78,120.0,3811.42,96.0,3811.79,1557.0,3811.93,341.0
1753769316041,06:08:36.041,kucoinfutures,ETH/USDT:USDT,3811.78,120.0,3811.42,96.0,3811.79,1557.0,3811.93,79.0
1753769316044,06:08:36.044,kucoinfutures,ETH/USDT:USDT,3811.78,120.0,3811.42,96.0,3811.79,1557.0,3811.92,236.0
1753769316044,06:08:36.044,kucoinfutures,ETH/USDT:USDT,3811.78,120.0,3811.42,96.0,3811.79,1557.0,3811.92,157.0
1753769316037,06:08:36.037,coincatch,ETH/USDT:USDT,3809.88,65.88,3809.87,11.0,3810.13,19.29,3810.14,82.96
1753769315905,06:08:35.905,okxus,ETH/USDT:USDT,3810.27,166.59,3810.24,0.01,3810.28,1015.32,3810.3,3.22
1753769316051,06:08:36.051,binanceusdm,ETH/USDT:USDT,3810.0,107.828,3809.99,0.127,3810.01,99.414,3810.02,48.802
1753769316051,06:08:36.051,binance,ETH/USDT:USDT,3810.0,107.828,3809.99,0.127,3810.01,99.414,3810.02,48.802
1753769316057,06:08:36.057,kucoinfutures,ETH/USDT:USDT,3811.78,120.0,3811.42,96.0,3811.79,1557.0,3811.93,79.0
1753769316059,06:08:36.059,kucoinfutures,ETH/USDT:USDT,3811.78,120.0,3811.42,96.0,3811.79,1557.0,3811.93,79.0
1753769316064,06:08:36.064,kucoinfutures,ETH/USDT:USDT,3811.78,120.0,3811.42,96.0,3811.79,1557.0,3811.93,79.0
1753769316068,06:08:36.068,kucoinfutures,ETH/USDT:USDT,3811.78,120.0,3811.42,96.0,3811.79,1557.0,3811.95,79.0
1753769316073,06:08:36.073,kucoinfutures,ETH/USDT:USDT,3811.78,120.0,3811.42,96.0,3811.79,1557.0,3811.94,262.0
1753769316076,06:08:36.076,kucoinfutures,ETH/USDT:USDT,3811.78,120.0,3811.42,96.0,3811.79,1557.0,3811.93,79.0
1753769316082,06:08:36.082,kucoinfutures,ETH/USDT:USDT,3811.78,120.0,3811.42,96.0,3811.79,1557.0,3811.93,79.0
1753769316082,06:08:36.082,kucoinfutures,ETH/USDT:USDT,3811.78,120.0,3811.42,96.0,3811.79,1557.0,3811.93,79.0
1753769316118,06:08:36.118,bybit,ETH/USDT:USDT,3810.66,33.04,3810.62,0.02,3810.67,50.7,3810.69,1.7
1753769316086,06:08:36.086,kucoinfutures,ETH/USDT:USDT,3811.78,120.0,3811.42,96.0,3811.79,1557.0,3811.95,79.0
1753769316041,06:08:36.041,bitmex,ETH/USDT:USDT,3811.67,208000.0,3811.49,95000.0,3812.08,25000.0,3812.1,210000.0
1753769316105,06:08:36.105,okx,ETH/USDT:USDT,3810.27,778.65,3810.24,0.01,3810.28,1000.92,3810.3,3.22
1753769316094,06:08:36.094,kucoinfutures,ETH/USDT:USDT,3811.78,120.0,3811.42,96.0,3811.79,1557.0,3811.94,262.0
1753769316095,06:08:36.095,kucoinfutures,ETH/USDT:USDT,3811.78,120.0,3811.42,96.0,3811.79,1557.0,3811.93,79.0
1753769316100,06:08:36.100,kucoinfutures,ETH/USDT:USDT,3811.78,120.0,3811.42,96.0,3811.79,1557.0,3811.93,79.0
1753769316104,06:08:36.104,kucoinfutures,ETH/USDT:USDT,3811.78,120.0,3811.42,96.0,3811.79,1557.0,3811.95,79.0
1753769315983,06:08:35.983,deribit,ETH/USDT:USDT,3811.1,0.1,3810.9,0.1,3812.1,0.1,3812.2,0.1
1753769316124,06:08:36.124,kucoinfutures,ETH/USDT:USDT,3811.78,120.0,3811.42,96.0,3811.79,1557.0,3811.95,79.0
1753769316124,06:08:36.124,kucoinfutures,ETH/USDT:USDT,3811.78,120.0,3811.42,96.0,3811.79,1557.0,3811.95,79.0
1753769316090,06:08:36.090,bitmex,ETH/USDT:USDT,3811.68,62000.0,3811.67,208000.0,3812.07,25000.0,3812.1,210000.0
1753769316154,06:08:36.154,binanceusdm,ETH/USDT:USDT,3810.0,107.673,3809.99,0.127,3810.01,99.414,3810.02,48.802
1753769316154,06:08:36.154,binance,ETH/USDT:USDT,3810.0,107.673,3809.99,0.127,3810.01,99.414,3810.02,48.802
1753769316160,06:08:36.160,bitmart,ETH/USDT:USDT,3810.0,71362.0,3809.99,21630.0,3810.01,67548.0,3810.02,22285.0
1753769316218,06:08:36.218,bybit,ETH/USDT:USDT,3810.66,33.21,3810.62,0.02,3810.67,50.7,3810.69,1.7
1753769316139,06:08:36.139,bitmex,ETH/USDT:USDT,3811.69,418000.0,3811.68,62000.0,3812.06,25000.0,3812.1,210000.0
1753769316205,06:08:36.205,okx,ETH/USDT:USDT,3810.27,778.65,3810.24,0.01,3810.28,1000.92,3810.3,3.22
1753769316196,06:08:36.196,coincatch,ETH/USDT:USDT,3809.88,66.7,3809.87,11.0,3810.13,19.29,3810.14,82.96
1753769316188,06:08:36.188,bitmex,ETH/USDT:USDT,3811.69,418000.0,3811.68,62000.0,3812.06,25000.0,3812.1,210000.0
1753769316244,06:08:36.244,kucoinfutures,ETH/USDT:USDT,3811.78,120.0,3811.42,96.0,3811.79,1557.0,3811.95,79.0
1753769316247,06:08:36.247,kucoinfutures,ETH/USDT:USDT,3811.78,51.0,3811.42,96.0,3811.79,1557.0,3811.95,79.0
1753769316258,06:08:36.258,binanceusdm,ETH/USDT:USDT,3810.0,107.684,3809.99,0.127,3810.01,100.267,3810.02,48.802
1753769316258,06:08:36.258,binance,ETH/USDT:USDT,3810.0,107.684,3809.99,0.127,3810.01,100.267,3810.02,48.802
1753769316252,06:08:36.252,bitget,ETH/USDT:USDT,3809.71,8.25,3809.67,15.91,3809.72,58.91,3809.73,3.32
1753769316318,06:08:36.318,bybit,ETH/USDT:USDT,3810.66,34.78,3810.62,0.02,3810.67,50.7,3810.69,1.7
1753769316291,06:08:36.291,kucoinfutures,ETH/USDT:USDT,3811.78,51.0,3811.42,96.0,3811.79,1557.0,3811.95,79.0
1753769316301,06:08:36.301,kucoinfutures,ETH/USDT:USDT,3811.78,51.0,3811.42,96.0,3811.79,1557.0,3811.95,79.0
1753769316336,06:08:36.336,kucoinfutures,ETH/USDT:USDT,3811.78,51.0,3811.42,96.0,3811.79,1557.0,3811.95,79.0
1753769316286,06:08:36.286,bitmex,ETH/USDT:USDT,3811.69,418000.0,3811.68,62000.0,3812.06,25000.0,3812.1,210000.0
1753769316328,06:08:36.328,coincatch,ETH/USDT:USDT,3809.88,66.01,3809.87,11.0,3810.13,17.04,3810.14,82.96
1753769316356,06:08:36.356,kucoinfutures,ETH/USDT:USDT,3811.78,51.0,3811.42,96.0,3811.79,1557.0,3811.95,79.0
1753769316361,06:08:36.361,binanceusdm,ETH/USDT:USDT,3810.0,107.684,3809.99,0.127,3810.01,100.273,3810.02,48.82
1753769316361,06:08:36.361,binance,ETH/USDT:USDT,3810.0,107.684,3809.99,0.127,3810.01,100.273,3810.02,48.82
1753769316352,06:08:36.352,bitmart,ETH/USDT:USDT,3810.0,274743.0,3809.99,21630.0,3810.01,217805.0,3810.02,22285.0
1753769316336,06:08:36.336,bitmex,ETH/USDT:USDT,3811.69,418000.0,3811.68,62000.0,3812.06,25000.0,3812.1,210000.0
1753769316418,06:08:36.418,bybit,ETH/USDT:USDT,3810.66,43.65,3810.62,0.02,3810.67,48.14,3810.69,1.7
1753769316392,06:08:36.392,kucoinfutures,ETH/USDT:USDT,3811.78,51.0,3811.42,96.0,3811.79,1557.0,3811.95,79.0
1753769316395,06:08:36.395,kucoinfutures,ETH/USDT:USDT,3811.78,51.0,3811.42,96.0,3811.79,1557.0,3811.95,79.0
1753769316419,06:08:36.419,kucoinfutures,ETH/USDT:USDT,3811.78,51.0,3811.42,96.0,3811.79,1557.0,3811.95,79.0
1753769316419,06:08:36.419,kucoinfutures,ETH/USDT:USDT,3811.78,51.0,3811.42,96.0,3811.79,1557.0,3811.95,79.0
1753769316385,06:08:36.385,bitmex,ETH/USDT:USDT,3811.68,62000.0,3811.67,208000.0,3812.05,25000.0,3812.1,210000.0
1753769316305,06:08:36.305,okxus,ETH/USDT:USDT,3810.27,749.49,3810.24,0.01,3810.28,896.92,3810.3,3.22
1753769316452,06:08:36.452,bitget,ETH/USDT:USDT,3809.71,8.25,3809.67,49.02,3809.72,59.02,3809.73,12.1
1753769316463,06:08:36.463,binanceusdm,ETH/USDT:USDT,3810.0,107.814,3809.99,0.127,3810.01,100.273,3810.02,48.82
1753769316463,06:08:36.463,binance,ETH/USDT:USDT,3810.0,107.814,3809.99,0.127,3810.01,100.273,3810.02,48.82
1753769316519,06:08:36.519,bybit,ETH/USDT:USDT,3810.66,43.65,3810.62,0.02,3810.67,48.14,3810.69,1.7
1753769316475,06:08:36.475,coincatch,ETH/USDT:USDT,3809.88,66.01,3809.87,11.0,3810.13,17.04,3810.14,82.96
1753769316505,06:08:36.505,okx,ETH/USDT:USDT,3810.27,781.66,3810.26,100.0,3810.28,839.56,3810.3,3.22
1753769316450,06:08:36.450,bitmex,ETH/USDT:USDT,3811.69,418000.0,3811.68,62000.0,3812.05,25000.0,3812.1,210000.0
1753769316535,06:08:36.535,kucoinfutures,ETH/USDT:USDT,3811.78,51.0,3811.42,96.0,3811.79,1557.0,3811.95,79.0
1753769316539,06:08:36.539,kucoinfutures,ETH/USDT:USDT,3811.78,51.0,3811.42,96.0,3811.79,1557.0,3811.95,79.0
1753769316405,06:08:36.405,okxus,ETH/USDT:USDT,3810.27,781.66,3810.26,100.0,3810.28,896.84,3810.3,3.22
1753769316552,06:08:36.552,bitmart,ETH/USDT:USDT,3810.0,274743.0,3809.99,21630.0,3810.01,217805.0,3810.02,22285.0
1753769316500,06:08:36.500,bitmex,ETH/USDT:USDT,3811.7,17000.0,3811.69,418000.0,3812.05,25000.0,3812.1,210000.0
1753769316564,06:08:36.564,binanceusdm,ETH/USDT:USDT,3810.0,106.19,3809.99,0.127,3810.01,100.273,3810.02,48.82
1753769316564,06:08:36.564,binance,ETH/USDT:USDT,3810.0,106.19,3809.99,0.127,3810.01,100.273,3810.02,48.82
1753769316577,06:08:36.577,kucoinfutures,ETH/USDT:USDT,3811.78,51.0,3811.42,96.0,3811.79,1557.0,3811.95,79.0
1753769316581,06:08:36.581,kucoinfutures,ETH/USDT:USDT,3811.78,51.0,3811.42,96.0,3811.79,1557.0,3811.95,79.0
1753769316582,06:08:36.582,kucoinfutures,ETH/USDT:USDT,3811.78,51.0,3811.42,96.0,3811.79,1557.0,3811.95,79.0
1753769316582,06:08:36.582,kucoinfutures,ETH/USDT:USDT,3811.78,51.0,3811.42,96.0,3811.79,1557.0,3811.95,79.0
1753769316584,06:08:36.584,kucoinfutures,ETH/USDT:USDT,3811.78,51.0,3811.42,96.0,3811.79,1557.0,3811.95,79.0
1753769316619,06:08:36.619,bybit,ETH/USDT:USDT,3810.66,41.0,3810.62,0.02,3810.67,48.14,3810.69,1.7
1753769316586,06:08:36.586,bitmex,ETH/USDT:USDT,3811.7,17000.0,3811.69,418000.0,3812.05,25000.0,3812.1,210000.0
1753769316667,06:08:36.667,binanceusdm,ETH/USDT:USDT,3810.0,107.644,3809.99,0.127,3810.01,100.368,3810.02,49.14
1753769316667,06:08:36.667,binance,ETH/USDT:USDT,3810.0,107.644,3809.99,0.127,3810.01,100.368,3810.02,49.14
1753769316636,06:08:36.636,bitmex,ETH/USDT:USDT,3811.7,17000.0,3811.69,418000.0,3812.05,25000.0,3812.1,210000.0
1753769316718,06:08:36.718,bybit,ETH/USDT:USDT,3810.66,41.0,3810.62,0.02,3810.67,48.14,3810.69,1.7
1753769316675,06:08:36.675,coincatch,ETH/USDT:USDT,3809.88,65.16,3809.87,11.0,3810.13,17.04,3810.14,82.96
1753769316687,06:08:36.687,kucoinfutures,ETH/USDT:USDT,3811.78,51.0,3811.42,96.0,3811.79,1557.0,3811.95,79.0
1753769316605,06:08:36.605,okxus,ETH/USDT:USDT,3810.27,776.66,3810.26,100.0,3810.28,918.28,3810.3,3.22
1753769316757,06:08:36.757,bitmart,ETH/USDT:USDT,3810.0,276296.0,3809.99,21630.0,3810.01,213123.0,3810.02,22285.0
1753769316769,06:08:36.769,binanceusdm,ETH/USDT:USDT,3810.0,108.37,3809.99,0.127,3810.01,98.842,3810.02,49.14
1753769316769,06:08:36.769,binance,ETH/USDT:USDT,3810.0,108.37,3809.99,0.127,3810.01,98.842,3810.02,49.14
1753769316774,06:08:36.774,kucoinfutures,ETH/USDT:USDT,3811.78,51.0,3811.42,96.0,3811.79,1557.0,3811.95,79.0
1753769316444,06:08:36.444,deribit,ETH/USDT:USDT,3811.1,0.1,3810.9,0.1,3812.1,0.1,3812.2,0.1
1753769316781,06:08:36.781,kucoinfutures,ETH/USDT:USDT,3811.78,51.0,3811.42,96.0,3811.79,1557.0,3811.95,79.0
1753769316819,06:08:36.819,bybit,ETH/USDT:USDT,3810.66,44.76,3810.62,0.02,3810.67,48.14,3810.69,1.7
1753769316777,06:08:36.777,coincatch,ETH/USDT:USDT,3809.88,65.16,3809.87,11.0,3810.13,17.04,3810.14,82.96
1753769316804,06:08:36.804,kucoinfutures,ETH/USDT:USDT,3811.78,51.0,3811.42,96.0,3811.79,1557.0,3811.95,79.0
1753769316815,06:08:36.815,kucoinfutures,ETH/USDT:USDT,3811.78,51.0,3811.42,96.0,3811.79,1557.0,3811.95,79.0
1753769316832,06:08:36.832,kucoinfutures,ETH/USDT:USDT,3811.78,51.0,3811.42,96.0,3811.79,1557.0,3811.97,161.0
1753769316832,06:08:36.832,kucoinfutures,ETH/USDT:USDT,3811.78,51.0,3811.42,96.0,3811.79,1557.0,3811.97,161.0
1753769316833,06:08:36.833,kucoinfutures,ETH/USDT:USDT,3811.78,51.0,3811.42,96.0,3811.79,1557.0,3811.97,161.0
1753769316845,06:08:36.845,kucoinfutures,ETH/USDT:USDT,3811.78,51.0,3811.42,96.0,3811.79,1557.0,3811.97,161.0
1753769316854,06:08:36.854,bitget,ETH/USDT:USDT,3809.71,8.25,3809.68,15.23,3809.72,48.9,3809.73,12.1
1753769316870,06:08:36.870,binanceusdm,ETH/USDT:USDT,3810.0,109.683,3809.99,0.127,3810.01,98.219,3810.02,49.14
1753769316870,06:08:36.870,binance,ETH/USDT:USDT,3810.0,109.683,3809.99,0.127,3810.01,98.219,3810.02,49.14
1753769316918,06:08:36.918,bybit,ETH/USDT:USDT,3810.66,44.76,3810.62,0.02,3810.67,47.95,3810.69,1.7
1753769316905,06:08:36.905,okx,ETH/USDT:USDT,3810.27,892.18,3810.24,0.01,3810.28,814.39,3810.3,3.22
1753769316929,06:08:36.929,kucoinfutures,ETH/USDT:USDT,3811.78,51.0,3811.42,96.0,3811.79,1557.0,3811.97,161.0
1753769316936,06:08:36.936,kucoinfutures,ETH/USDT:USDT,3811.78,51.0,3811.42,96.0,3811.79,1557.0,3811.97,161.0
1753769316942,06:08:36.942,kucoinfutures,ETH/USDT:USDT,3811.78,51.0,3811.42,96.0,3811.79,1557.0,3811.97,161.0
1753769316954,06:08:36.954,bitget,ETH/USDT:USDT,3809.71,8.25,3809.68,15.23,3809.72,49.02,3809.73,3.32
1753769316953,06:08:36.953,bitmart,ETH/USDT:USDT,3810.0,274541.0,3809.99,21630.0,3810.01,214814.0,3810.02,22285.0
1753769316973,06:08:36.973,binanceusdm,ETH/USDT:USDT,3810.0,109.683,3809.99,0.127,3810.01,98.219,3810.02,49.14
1753769316973,06:08:36.973,binance,ETH/USDT:USDT,3810.0,109.683,3809.99,0.127,3810.01,98.219,3810.02,49.14
1753769316978,06:08:36.978,kucoinfutures,ETH/USDT:USDT,3811.78,51.0,3811.42,96.0,3811.79,1557.0,3811.97,161.0
1753769316978,06:08:36.978,kucoinfutures,ETH/USDT:USDT,3811.78,51.0,3811.42,96.0,3811.79,1557.0,3811.97,161.0
1753769317019,06:08:37.019,bybit,ETH/USDT:USDT,3810.66,45.47,3810.62,0.02,3810.67,47.49,3810.69,1.7
1753769316977,06:08:36.977,coincatch,ETH/USDT:USDT,3809.88,66.4,3809.87,11.0,3810.13,16.8,3810.14,83.54
1753769317033,06:08:37.033,kucoinfutures,ETH/USDT:USDT,3811.78,51.0,3811.42,96.0,3811.79,1557.0,3811.97,161.0
1753769317035,06:08:37.035,kucoinfutures,ETH/USDT:USDT,3811.78,51.0,3811.42,96.0,3811.79,1557.0,3811.97,161.0
1753769317009,06:08:37.009,bitmex,ETH/USDT:USDT,3811.7,17000.0,3811.69,418000.0,3812.05,25000.0,3812.1,210000.0
1753769317076,06:08:37.076,binanceusdm,ETH/USDT:USDT,3810.0,109.364,3809.99,0.127,3810.01,98.219,3810.02,49.14
1753769317076,06:08:37.076,binance,ETH/USDT:USDT,3810.0,109.364,3809.99,0.127,3810.01,98.219,3810.02,49.14
1753769317119,06:08:37.119,bybit,ETH/USDT:USDT,3810.66,44.43,3810.62,0.02,3810.67,47.49,3810.69,1.7
1753769317058,06:08:37.058,bitmex,ETH/USDT:USDT,3811.7,205000.0,3811.69,418000.0,3812.05,25000.0,3812.1,210000.0
1753769317124,06:08:37.124,kucoinfutures,ETH/USDT:USDT,3811.78,51.0,3811.42,96.0,3811.79,1557.0,3811.97,161.0
1753769317126,06:08:37.126,coincatch,ETH/USDT:USDT,3809.88,66.96,3809.87,11.0,3810.13,16.8,3810.14,83.54
1753769317148,06:08:37.148,kucoinfutures,ETH/USDT:USDT,3811.78,51.0,3811.42,96.0,3811.79,1557.0,3811.97,161.0
1753769317157,06:08:37.157,bitmart,ETH/USDT:USDT,3810.0,275877.0,3809.99,21630.0,3810.01,217563.0,3810.02,22285.0
1753769317005,06:08:37.005,okxus,ETH/USDT:USDT,3810.27,929.34,3810.24,0.01,3810.28,741.94,3810.3,3.22
1753769317179,06:08:37.179,binanceusdm,ETH/USDT:USDT,3810.0,109.156,3809.99,0.127,3810.01,97.207,3810.02,49.14
1753769317179,06:08:37.179,binance,ETH/USDT:USDT,3810.0,109.156,3809.99,0.127,3810.01,97.207,3810.02,49.14
1753769317218,06:08:37.218,bybit,ETH/USDT:USDT,3810.66,44.43,3810.62,0.02,3810.67,47.49,3810.69,1.7
1753769317186,06:08:37.186,kucoinfutures,ETH/USDT:USDT,3811.78,51.0,3811.42,96.0,3811.79,1557.0,3811.97,161.0
1753769317186,06:08:37.186,kucoinfutures,ETH/USDT:USDT,3811.78,51.0,3811.42,96.0,3811.79,1557.0,3811.97,161.0
1753769317205,06:08:37.205,okx,ETH/USDT:USDT,3810.27,915.36,3810.24,0.01,3810.28,784.94,3810.3,3.22
1753769317204,06:08:37.204,kucoinfutures,ETH/USDT:USDT,3811.78,51.0,3811.42,96.0,3811.79,1557.0,3811.97,161.0
1753769317205,06:08:37.205,kucoinfutures,ETH/USDT:USDT,3811.78,51.0,3811.42,96.0,3811.79,1557.0,3811.97,161.0
1753769317227,06:08:37.227,coincatch,ETH/USDT:USDT,3809.88,66.96,3809.87,11.0,3810.13,16.8,3810.14,83.54
1753769317256,06:08:37.256,kucoinfutures,ETH/USDT:USDT,3811.78,51.0,3811.42,96.0,3811.79,1557.0,3811.97,161.0
1753769317256,06:08:37.256,kucoinfutures,ETH/USDT:USDT,3811.78,51.0,3811.42,96.0,3811.79,1557.0,3811.97,161.0
1753769317254,06:08:37.254,bitget,ETH/USDT:USDT,3809.71,8.36,3809.68,15.23,3809.72,60.16,3809.73,3.32
1753769317280,06:08:37.280,binanceusdm,ETH/USDT:USDT,3810.0,107.572,3809.99,0.127,3810.01,94.237,3810.02,49.14
1753769317280,06:08:37.280,binance,ETH/USDT:USDT,3810.0,107.572,3809.99,0.127,3810.01,94.237,3810.02,49.14
1753769317318,06:08:37.318,bybit,ETH/USDT:USDT,3810.66,45.88,3810.62,0.02,3810.67,47.48,3810.69,1.7
1753769317306,06:08:37.306,kucoinfutures,ETH/USDT:USDT,3811.78,51.0,3811.42,96.0,3811.79,1557.0,3811.97,161.0
1753769317308,06:08:37.308,kucoinfutures,ETH/USDT:USDT,3811.78,51.0,3811.42,96.0,3811.79,1557.0,3811.97,161.0
1753769317330,06:08:37.330,kucoinfutures,ETH/USDT:USDT,3811.78,51.0,3811.42,96.0,3811.79,1557.0,3811.97,161.0
1753769317332,06:08:37.332,kucoinfutures,ETH/USDT:USDT,3811.78,51.0,3811.42,96.0,3811.79,1557.0,3811.97,161.0
1753769317284,06:08:37.284,bitmex,ETH/USDT:USDT,3811.7,205000.0,3811.69,418000.0,3812.05,25000.0,3812.1,210000.0
1753769317336,06:08:37.336,kucoinfutures,ETH/USDT:USDT,3811.78,51.0,3811.42,96.0,3811.79,1557.0,3811.97,161.0
1753769317328,06:08:37.328,coincatch,ETH/USDT:USDT,3809.88,66.96,3809.87,11.0,3810.13,16.8,3810.14,83.54
1753769317205,06:08:37.205,okxus,ETH/USDT:USDT,3810.27,915.36,3810.24,0.01,3810.28,784.94,3810.3,3.22
1753769317354,06:08:37.354,bitget,ETH/USDT:USDT,3809.71,8.36,3809.68,15.23,3809.72,51.25,3809.73,12.1
1753769317334,06:08:37.334,bitmex,ETH/USDT:USDT,3811.7,205000.0,3811.69,418000.0,3812.05,25000.0,3812.1,210000.0
1753769317383,06:08:37.383,binanceusdm,ETH/USDT:USDT,3810.0,107.709,3809.99,0.127,3810.01,93.552,3810.02,49.14
1753769317383,06:08:37.383,binance,ETH/USDT:USDT,3810.0,107.709,3809.99,0.127,3810.01,93.552,3810.02,49.14
1753769317418,06:08:37.418,bybit,ETH/USDT:USDT,3810.66,45.88,3810.62,0.02,3810.67,48.48,3810.69,1.7
1753769317386,06:08:37.386,kucoinfutures,ETH/USDT:USDT,3811.78,51.0,3811.42,96.0,3811.79,1557.0,3811.97,161.0
1753769317405,06:08:37.405,okx,ETH/USDT:USDT,3810.27,931.25,3810.24,0.01,3810.28,788.43,3810.3,3.22
1753769317429,06:08:37.429,coincatch,ETH/USDT:USDT,3809.88,66.02,3809.87,11.0,3810.13,15.9,3810.14,83.54
1753769317519,06:08:37.519,bybit,ETH/USDT:USDT,3810.66,45.88,3810.62,0.02,3810.67,48.48,3810.69,1.7
1753769317487,06:08:37.487,binanceusdm,ETH/USDT:USDT,3810.0,107.653,3809.99,0.127,3810.01,94.388,3810.02,49.14
1753769317487,06:08:37.487,binance,ETH/USDT:USDT,3810.0,107.653,3809.99,0.127,3810.01,94.388,3810.02,49.14
1753769317444,06:08:37.444,bitmex,ETH/USDT:USDT,3811.7,205000.0,3811.69,418000.0,3812.1,210000.0,3812.44,95000.0
1753769317405,06:08:37.405,okxus,ETH/USDT:USDT,3810.27,931.25,3810.24,0.01,3810.28,788.43,3810.3,3.22
1753769317529,06:08:37.529,coincatch,ETH/USDT:USDT,3809.88,66.02,3809.87,11.0,3810.13,15.9,3810.14,83.54
1753769317556,06:08:37.556,bitget,ETH/USDT:USDT,3809.71,8.36,3809.68,15.23,3809.72,51.25,3809.73,12.1
1753769317618,06:08:37.618,bybit,ETH/USDT:USDT,3810.66,45.88,3810.62,0.02,3810.67,48.48,3810.69,1.7
1753769317589,06:08:37.589,binanceusdm,ETH/USDT:USDT,3810.0,107.653,3809.99,0.127,3810.01,94.909,3810.02,49.071
1753769317589,06:08:37.589,binance,ETH/USDT:USDT,3810.0,107.653,3809.99,0.127,3810.01,94.909,3810.02,49.071
1753769317605,06:08:37.605,okx,ETH/USDT:USDT,3810.27,917.31,3810.24,0.01,3810.28,792.42,3810.3,3.22
1753769317629,06:08:37.629,coincatch,ETH/USDT:USDT,3809.88,66.02,3809.87,11.0,3810.13,15.9,3810.14,83.54
1753769317505,06:08:37.505,okxus,ETH/USDT:USDT,3810.27,931.25,3810.24,0.01,3810.28,791.08,3810.3,3.22
