timestamp,time,exchange,symbol,bid1_price,bid1_volume,bid2_price,bid2_volume,ask1_price,ask1_volume,ask2_price,ask2_volume
1753769299076,06:08:19.076,binance,LTC/USDT:USDT,109.69,51.197,109.68,88.248,109.7,145.839,109.71,300.973
1753769299187,06:08:19.187,binanceusdm,LTC/USDT:USDT,109.69,51.197,109.68,111.024,109.7,146.151,109.71,300.661
1753769299187,06:08:19.187,binance,LTC/USDT:USDT,109.69,51.197,109.68,111.024,109.7,146.151,109.71,300.661
1753769299315,06:08:19.315,binanceusdm,LTC/USDT:USDT,109.69,51.676,109.68,133.8,109.7,146.151,109.71,300.661
1753769299315,06:08:19.315,binance,LTC/USDT:USDT,109.69,51.676,109.68,133.8,109.7,146.151,109.71,300.661
1753769299420,06:08:19.420,binanceusdm,LTC/USDT:USDT,109.69,51.676,109.68,124.581,109.7,146.151,109.71,300.661
1753769299420,06:08:19.420,binance,LTC/USDT:USDT,109.69,51.676,109.68,124.581,109.7,146.151,109.71,300.661
1753769299544,06:08:19.544,binanceusdm,LTC/USDT:USDT,109.69,53.961,109.68,124.581,109.7,183.213,109.71,300.661
1753769299544,06:08:19.544,binance,LTC/USDT:USDT,109.69,53.961,109.68,124.581,109.7,183.213,109.71,300.661
1753769300102,06:08:20.102,binanceusdm,LTC/USDT:USDT,109.69,56.036,109.68,101.805,109.7,183.86,109.71,306.68
1753769300102,06:08:20.102,binance,LTC/USDT:USDT,109.69,56.036,109.68,101.805,109.7,183.86,109.71,306.68
1753769300203,06:08:20.203,binance,LTC/USDT:USDT,109.69,149.11,109.68,96.783,109.7,109.863,109.71,239.657
1753769300203,06:08:20.203,binanceusdm,LTC/USDT:USDT,109.69,149.11,109.68,96.783,109.7,109.863,109.71,239.657
1753769300310,06:08:20.310,binanceusdm,LTC/USDT:USDT,109.69,149.589,109.68,74.007,109.7,109.863,109.71,198.408
1753769300310,06:08:20.310,binance,LTC/USDT:USDT,109.69,149.589,109.68,74.007,109.7,109.863,109.71,198.408
1753769300435,06:08:20.435,binanceusdm,LTC/USDT:USDT,109.69,57.336,109.68,106.206,109.7,109.864,109.71,214.485
1753769300435,06:08:20.435,binance,LTC/USDT:USDT,109.69,57.336,109.68,106.206,109.7,109.864,109.71,214.485
1753769300536,06:08:20.536,binance,LTC/USDT:USDT,109.69,40.591,109.68,138.099,109.7,109.864,109.71,241.336
1753769300536,06:08:20.536,binanceusdm,LTC/USDT:USDT,109.69,40.591,109.68,138.099,109.7,109.864,109.71,241.336
1753769300646,06:08:20.646,binanceusdm,LTC/USDT:USDT,109.69,40.591,109.68,138.099,109.7,109.864,109.71,241.336
1753769300646,06:08:20.646,binance,LTC/USDT:USDT,109.69,40.591,109.68,138.099,109.7,109.864,109.71,241.336
1753769300751,06:08:20.751,binanceusdm,LTC/USDT:USDT,109.69,40.591,109.68,138.099,109.7,109.864,109.71,267.874
1753769300751,06:08:20.751,binance,LTC/USDT:USDT,109.69,40.591,109.68,138.099,109.7,109.864,109.71,267.874
1753769300857,06:08:20.857,binanceusdm,LTC/USDT:USDT,109.69,40.591,109.68,138.099,109.7,109.864,109.71,267.874
1753769300857,06:08:20.857,binance,LTC/USDT:USDT,109.69,40.591,109.68,138.099,109.7,109.864,109.71,267.874
1753769300988,06:08:20.988,binanceusdm,LTC/USDT:USDT,109.69,141.878,109.68,137.152,109.7,38.57,109.71,198.134
1753769300988,06:08:20.988,binance,LTC/USDT:USDT,109.69,141.878,109.68,137.152,109.7,38.57,109.71,198.134
1753769301202,06:08:21.202,binanceusdm,LTC/USDT:USDT,109.69,142.152,109.68,110.301,109.7,38.57,109.71,214.211
1753769301310,06:08:21.310,binanceusdm,LTC/USDT:USDT,109.7,71.615,109.69,49.707,109.71,197.769,109.72,214.824
1753769301310,06:08:21.310,binance,LTC/USDT:USDT,109.7,71.615,109.69,49.707,109.71,197.769,109.72,214.824
1753769301411,06:08:21.411,binanceusdm,LTC/USDT:USDT,109.7,8.6,109.69,156.83,109.71,171.384,109.72,173.523
1753769301411,06:08:21.411,binance,LTC/USDT:USDT,109.7,8.6,109.69,156.83,109.71,171.384,109.72,173.523
1753769301512,06:08:21.512,binanceusdm,LTC/USDT:USDT,109.7,8.066,109.69,95.064,109.71,206.658,109.72,200.374
1753769301512,06:08:21.512,binance,LTC/USDT:USDT,109.7,8.066,109.69,95.064,109.71,206.658,109.72,200.374
1753769301626,06:08:21.626,binanceusdm,LTC/USDT:USDT,109.69,40.399,109.68,121.206,109.7,99.471,109.71,254.869
1753769301626,06:08:21.626,binance,LTC/USDT:USDT,109.69,40.399,109.68,121.206,109.7,99.471,109.71,254.869
1753769301736,06:08:21.736,binanceusdm,LTC/USDT:USDT,109.7,17.486,109.69,160.247,109.71,190.307,109.72,232.929
1753769301736,06:08:21.736,binance,LTC/USDT:USDT,109.7,17.486,109.69,160.247,109.71,190.307,109.72,232.929
1753769301842,06:08:21.842,binanceusdm,LTC/USDT:USDT,109.7,17.76,109.69,152.448,109.71,190.581,109.72,184.961
1753769301842,06:08:21.842,binance,LTC/USDT:USDT,109.7,17.76,109.69,152.448,109.71,190.581,109.72,184.961
1753769301944,06:08:21.944,binanceusdm,LTC/USDT:USDT,109.7,5.377,109.69,152.448,109.71,190.581,109.72,184.961
1753769301944,06:08:21.944,binance,LTC/USDT:USDT,109.7,5.377,109.69,152.448,109.71,190.581,109.72,184.961
1753769302047,06:08:22.047,binanceusdm,LTC/USDT:USDT,109.7,0.466,109.69,152.256,109.71,190.581,109.72,184.961
1753769302047,06:08:22.047,binance,LTC/USDT:USDT,109.7,0.466,109.69,152.256,109.71,190.581,109.72,184.961
1753769302354,06:08:22.354,binanceusdm,LTC/USDT:USDT,109.69,49.323,109.68,121.206,109.7,106.793,109.71,261.338
1753769302541,06:08:22.541,bitget,LTC/USDT:USDT,109.77,61.8,109.76,249.7,109.78,3.4,109.79,74.8
1753769302558,06:08:22.558,binanceusdm,LTC/USDT:USDT,109.7,97.198,109.69,146.276,109.71,190.581,109.72,173.874
1753769302558,06:08:22.558,binance,LTC/USDT:USDT,109.7,97.198,109.69,146.276,109.71,190.581,109.72,173.874
1753769302642,06:08:22.642,bitget,LTC/USDT:USDT,109.77,72.3,109.76,230.6,109.78,16.3,109.79,74.8
1753769302660,06:08:22.660,binanceusdm,LTC/USDT:USDT,109.7,97.198,109.69,146.55,109.71,190.581,109.72,174.148
1753769302660,06:08:22.660,binance,LTC/USDT:USDT,109.7,97.198,109.69,146.55,109.71,190.581,109.72,174.148
1753769302756,06:08:22.756,bitget,LTC/USDT:USDT,109.77,72.3,109.76,230.6,109.78,16.3,109.79,142.9
1753769302770,06:08:22.770,binanceusdm,LTC/USDT:USDT,109.7,97.198,109.69,146.55,109.71,190.581,109.72,188.046
1753769302770,06:08:22.770,binance,LTC/USDT:USDT,109.7,97.198,109.69,146.55,109.71,190.581,109.72,188.046
1753769302856,06:08:22.856,bitget,LTC/USDT:USDT,109.77,72.3,109.76,230.6,109.78,3.4,109.79,15.0
1753769302873,06:08:22.873,binanceusdm,LTC/USDT:USDT,109.7,53.539,109.69,146.55,109.71,175.904,109.72,151.993
1753769302873,06:08:22.873,binance,LTC/USDT:USDT,109.7,53.539,109.69,146.55,109.71,175.904,109.72,151.993
1753769302957,06:08:22.957,bitget,LTC/USDT:USDT,109.77,72.3,109.76,244.9,109.78,3.4,109.79,142.9
1753769302977,06:08:22.977,binanceusdm,LTC/USDT:USDT,109.7,53.539,109.69,146.55,109.71,175.904,109.72,173.827
1753769302977,06:08:22.977,binance,LTC/USDT:USDT,109.7,53.539,109.69,146.55,109.71,175.904,109.72,173.827
1753769303066,06:08:23.066,bitget,LTC/USDT:USDT,109.77,72.3,109.76,244.9,109.78,25.9,109.79,97.3
1753769303087,06:08:23.087,binanceusdm,LTC/USDT:USDT,109.7,53.539,109.69,150.665,109.71,177.244,109.72,173.827
1753769303710,06:08:23.710,binanceusdm,LTC/USDT:USDT,109.71,216.42,109.7,142.076,109.72,103.671,109.73,153.55
1753769303760,06:08:23.760,bitget,LTC/USDT:USDT,109.78,53.9,109.77,189.0,109.79,15.0,109.8,248.0
1753769303812,06:08:23.812,binanceusdm,LTC/USDT:USDT,109.71,216.644,109.7,161.076,109.72,103.671,109.73,179.108
1753769303812,06:08:23.812,binance,LTC/USDT:USDT,109.71,216.644,109.7,161.076,109.72,103.671,109.73,179.108
1753769303865,06:08:23.865,bitget,LTC/USDT:USDT,109.78,53.9,109.77,152.6,109.79,30.8,109.8,25.0
1753769303913,06:08:23.913,binance,LTC/USDT:USDT,109.71,2.177,109.7,161.076,109.72,103.671,109.73,195.459
1753769303967,06:08:23.967,bitget,LTC/USDT:USDT,109.78,53.3,109.77,149.2,109.81,328.5,109.82,312.7
1753769304024,06:08:24.024,binanceusdm,LTC/USDT:USDT,109.71,24.858,109.7,156.519,109.72,103.671,109.73,195.185
1753769304024,06:08:24.024,binance,LTC/USDT:USDT,109.71,24.858,109.7,156.519,109.72,103.671,109.73,195.185
1753769304088,06:08:24.088,bitget,LTC/USDT:USDT,109.78,39.1,109.77,149.2,109.8,13.0,109.81,165.9
1753769304126,06:08:24.126,binanceusdm,LTC/USDT:USDT,109.71,66.967,109.7,156.519,109.72,103.671,109.73,195.185
1753769304126,06:08:24.126,binance,LTC/USDT:USDT,109.71,66.967,109.7,156.519,109.72,103.671,109.73,195.185
1753769304202,06:08:24.202,bitget,LTC/USDT:USDT,109.78,39.1,109.77,208.2,109.79,16.3,109.8,40.0
1753769304241,06:08:24.241,binanceusdm,LTC/USDT:USDT,109.71,67.241,109.7,156.519,109.72,103.862,109.73,195.185
1753769304241,06:08:24.241,binance,LTC/USDT:USDT,109.71,67.241,109.7,156.519,109.72,103.862,109.73,195.185
1753769304303,06:08:24.303,bitget,LTC/USDT:USDT,109.78,49.6,109.77,208.2,109.79,18.4,109.8,121.4
1753769304366,06:08:24.366,binanceusdm,LTC/USDT:USDT,109.71,67.241,109.7,165.634,109.72,103.862,109.73,179.108
1753769304366,06:08:24.366,binance,LTC/USDT:USDT,109.71,67.241,109.7,165.634,109.72,103.862,109.73,179.108
1753769304407,06:08:24.407,bitget,LTC/USDT:USDT,109.78,39.1,109.77,208.2,109.79,25.3,109.8,121.4
1753769304727,06:08:24.727,binanceusdm,LTC/USDT:USDT,109.71,67.241,109.7,165.634,109.72,103.862,109.73,195.185
1753769304727,06:08:24.727,binance,LTC/USDT:USDT,109.71,67.241,109.7,165.634,109.72,103.862,109.73,195.185
1753769304743,06:08:24.743,bitget,LTC/USDT:USDT,109.78,49.6,109.77,208.2,109.79,19.8,109.8,124.3
1753769305528,06:08:25.528,binanceusdm,LTC/USDT:USDT,109.72,9.188,109.71,134.244,109.73,120.884,109.74,191.616
1753769305528,06:08:25.528,binance,LTC/USDT:USDT,109.72,9.188,109.71,134.244,109.73,120.884,109.74,191.616
1753769305558,06:08:25.558,bitmart,LTC/USDT:USDT,109.71,79465.0,109.7,265588.0,109.72,93742.0,109.73,255509.0
1753769305469,06:08:25.469,bitmex,LTC/USDT:USDT,109.73,93000.0,109.72,316000.0,109.76,16000.0,109.78,55000.0
1753769305642,06:08:25.642,bitmex,LTC/USDT:USDT,109.74,5000.0,109.73,93000.0,109.78,55000.0,109.82,5000.0
1753769305731,06:08:25.731,binanceusdm,LTC/USDT:USDT,109.73,440.712,109.72,264.064,109.74,2.195,109.75,34.338
1753769305731,06:08:25.731,binance,LTC/USDT:USDT,109.73,440.712,109.72,264.064,109.74,2.195,109.75,34.338
1753769305705,06:08:25.705,bitmex,LTC/USDT:USDT,109.75,316000.0,109.74,7000.0,109.81,21000.0,109.83,5000.0
1753769305761,06:08:25.761,bitget,LTC/USDT:USDT,109.82,34.6,109.81,23.5,109.83,29.7,109.84,323.1
1753769305897,06:08:25.897,bybit,LTC/USDT:USDT,109.78,105.7,109.77,78.9,109.79,0.1,109.8,90.0
1753769305812,06:08:25.812,bitmex,LTC/USDT:USDT,109.76,5000.0,109.75,311000.0,109.81,5000.0,109.83,60000.0
1753769305874,06:08:25.874,bitget,LTC/USDT:USDT,109.82,42.5,109.81,184.8,109.83,10.1,109.84,49.1
1753769305935,06:08:25.935,binance,LTC/USDT:USDT,109.75,8.406,109.74,496.158,109.76,11.828,109.77,60.284
1753769305935,06:08:25.935,binanceusdm,LTC/USDT:USDT,109.75,8.406,109.74,496.158,109.76,11.828,109.77,60.284
1753769305997,06:08:25.997,bybit,LTC/USDT:USDT,109.78,120.4,109.77,78.9,109.79,0.1,109.8,39.3
1753769305959,06:08:25.959,bitmart,LTC/USDT:USDT,109.71,149497.0,109.7,265588.0,109.74,1082.0,109.75,185904.0
1753769305976,06:08:25.976,bitget,LTC/USDT:USDT,109.82,53.0,109.81,170.1,109.84,34.8,109.85,36.6
1753769305967,06:08:25.967,bitmex,LTC/USDT:USDT,109.76,5000.0,109.75,311000.0,109.81,5000.0,109.83,60000.0
1753769306039,06:08:26.039,binanceusdm,LTC/USDT:USDT,109.75,240.278,109.74,350.936,109.76,60.581,109.77,63.515
1753769306039,06:08:26.039,binance,LTC/USDT:USDT,109.75,240.278,109.74,350.936,109.76,60.581,109.77,63.515
1753769306016,06:08:26.016,bitmex,LTC/USDT:USDT,109.77,5000.0,109.76,7000.0,109.8,16000.0,109.83,60000.0
1753769306101,06:08:26.101,bybit,LTC/USDT:USDT,109.78,120.4,109.77,78.9,109.79,0.1,109.8,39.3
1753769306081,06:08:26.081,bitget,LTC/USDT:USDT,109.83,32.1,109.82,91.3,109.84,16.1,109.85,81.4
1753769306066,06:08:26.066,bitmex,LTC/USDT:USDT,109.77,5000.0,109.76,7000.0,109.83,60000.0,109.86,5000.0
1753769306066,06:08:26.066,bitmex,LTC/USDT:USDT,109.77,5000.0,109.76,7000.0,109.82,55000.0,109.83,60000.0
1753769306142,06:08:26.142,binanceusdm,LTC/USDT:USDT,109.75,280.626,109.74,291.475,109.76,55.308,109.77,63.515
1753769306142,06:08:26.142,binance,LTC/USDT:USDT,109.75,280.626,109.74,291.475,109.76,55.308,109.77,63.515
1753769306115,06:08:26.115,bitmex,LTC/USDT:USDT,109.77,5000.0,109.76,7000.0,109.82,33000.0,109.83,5000.0
1753769306156,06:08:26.156,bitmart,LTC/USDT:USDT,109.71,101370.0,109.7,265588.0,109.76,323497.0,109.77,246834.0
1753769306244,06:08:26.244,binanceusdm,LTC/USDT:USDT,109.75,290.282,109.74,291.475,109.76,55.5,109.77,63.515
1753769306244,06:08:26.244,binance,LTC/USDT:USDT,109.75,290.282,109.74,291.475,109.76,55.5,109.77,63.515
1753769306215,06:08:26.215,bitmex,LTC/USDT:USDT,109.77,5000.0,109.76,100000.0,109.82,33000.0,109.83,5000.0
1753769306298,06:08:26.298,bybit,LTC/USDT:USDT,109.78,114.1,109.77,71.1,109.79,0.1,109.8,39.3
1753769306294,06:08:26.294,bitget,LTC/USDT:USDT,109.83,36.6,109.82,155.3,109.84,40.5,109.85,365.6
1753769306352,06:08:26.352,binanceusdm,LTC/USDT:USDT,109.75,290.282,109.74,275.398,109.76,55.5,109.77,63.515
1753769306394,06:08:26.394,bitget,LTC/USDT:USDT,109.83,36.6,109.82,155.3,109.84,40.5,109.85,141.2
1753769306368,06:08:26.368,bitmex,LTC/USDT:USDT,109.77,5000.0,109.76,100000.0,109.81,5000.0,109.82,33000.0
1753769306497,06:08:26.497,bybit,LTC/USDT:USDT,109.78,108.7,109.77,71.1,109.79,0.1,109.8,28.1
1753769306418,06:08:26.418,bitmex,LTC/USDT:USDT,109.77,5000.0,109.76,7000.0,109.86,5000.0,109.87,7000.0
1753769306418,06:08:26.418,bitmex,LTC/USDT:USDT,109.79,93000.0,109.78,311000.0,109.82,16000.0,109.83,21000.0
1753769306492,06:08:26.492,binanceusdm,LTC/USDT:USDT,109.75,290.973,109.74,275.398,109.76,71.732,109.77,98.515
1753769306492,06:08:26.492,binance,LTC/USDT:USDT,109.75,290.973,109.74,275.398,109.76,71.732,109.77,98.515
1753769306467,06:08:26.467,bitmex,LTC/USDT:USDT,109.79,93000.0,109.78,311000.0,109.81,16000.0,109.82,5000.0
1753769306555,06:08:26.555,bitmart,LTC/USDT:USDT,109.74,110432.0,109.73,150889.0,109.76,24699.0,109.77,246834.0
1753769306597,06:08:26.597,bybit,LTC/USDT:USDT,109.78,122.7,109.77,72.0,109.79,0.1,109.8,19.3
1753769306602,06:08:26.602,binanceusdm,LTC/USDT:USDT,109.75,292.487,109.74,291.475,109.76,20.232,109.77,98.515
1753769306602,06:08:26.602,binance,LTC/USDT:USDT,109.75,292.487,109.74,291.475,109.76,20.232,109.77,98.515
1753769306606,06:08:26.606,bitget,LTC/USDT:USDT,109.83,36.6,109.82,155.3,109.84,36.9,109.85,200.1
1753769306697,06:08:26.697,bybit,LTC/USDT:USDT,109.78,117.2,109.77,72.0,109.79,0.1,109.8,19.3
1753769306797,06:08:26.797,bybit,LTC/USDT:USDT,109.78,117.2,109.77,78.8,109.79,0.1,109.8,19.3
1753769306820,06:08:26.820,binanceusdm,LTC/USDT:USDT,109.75,292.836,109.74,293.418,109.76,20.232,109.77,97.604
1753769306820,06:08:26.820,binance,LTC/USDT:USDT,109.75,292.836,109.74,293.418,109.76,20.232,109.77,97.604
1753769306897,06:08:26.897,bybit,LTC/USDT:USDT,109.78,127.2,109.77,78.8,109.79,0.1,109.8,19.3
1753769306909,06:08:26.909,bitget,LTC/USDT:USDT,109.83,47.1,109.82,140.5,109.84,22.0,109.85,199.8
1753769306953,06:08:26.953,bitmart,LTC/USDT:USDT,109.75,162116.0,109.74,240140.0,109.76,12061.0,109.77,246834.0
1753769306997,06:08:26.997,bybit,LTC/USDT:USDT,109.78,127.2,109.77,78.8,109.79,0.1,109.8,19.3
1753769306916,06:08:26.916,bitmex,LTC/USDT:USDT,109.79,93000.0,109.78,311000.0,109.81,16000.0,109.82,5000.0
1753769307098,06:08:27.098,bybit,LTC/USDT:USDT,109.78,133.4,109.77,78.8,109.79,0.1,109.8,19.3
1753769307122,06:08:27.122,bitget,LTC/USDT:USDT,109.83,47.1,109.82,145.7,109.84,21.9,109.85,127.2
1753769307151,06:08:27.151,binanceusdm,LTC/USDT:USDT,109.75,302.291,109.74,289.796,109.76,18.721,109.77,46.728
1753769307151,06:08:27.151,binance,LTC/USDT:USDT,109.75,302.291,109.74,289.796,109.76,18.721,109.77,46.728
1753769307291,06:08:27.291,coincatch,LTC/USDT:USDT,109.73,304.6,109.72,382.6,109.78,22.5,109.79,56.1
1753769307797,06:08:27.797,bybit,LTC/USDT:USDT,109.78,128.3,109.77,78.8,109.79,0.1,109.8,19.3
1753769307718,06:08:27.718,bitmex,LTC/USDT:USDT,109.79,93000.0,109.78,311000.0,109.81,16000.0,109.83,55000.0
1753769307767,06:08:27.767,bitmex,LTC/USDT:USDT,109.79,93000.0,109.78,311000.0,109.81,16000.0,109.83,55000.0
1753769307814,06:08:27.814,bitget,LTC/USDT:USDT,109.83,47.1,109.82,145.7,109.84,8.3,109.85,159.4
1753769307829,06:08:27.829,binanceusdm,LTC/USDT:USDT,109.75,303.369,109.74,289.98,109.76,18.721,109.77,46.728
1753769307829,06:08:27.829,binance,LTC/USDT:USDT,109.75,303.369,109.74,289.98,109.76,18.721,109.77,46.728
1753769307897,06:08:27.897,bybit,LTC/USDT:USDT,109.78,128.3,109.77,78.8,109.79,0.1,109.8,19.3
1753769307891,06:08:27.891,coincatch,LTC/USDT:USDT,109.73,311.6,109.72,382.6,109.78,22.5,109.79,56.1
1753769307915,06:08:27.915,bitget,LTC/USDT:USDT,109.83,47.1,109.82,145.7,109.84,8.3,109.85,159.4
1753769307938,06:08:27.938,binanceusdm,LTC/USDT:USDT,109.75,303.369,109.74,251.341,109.76,70.219,109.77,46.728
1753769307938,06:08:27.938,binance,LTC/USDT:USDT,109.75,303.369,109.74,251.341,109.76,70.219,109.77,46.728
1753769307997,06:08:27.997,bybit,LTC/USDT:USDT,109.78,122.0,109.77,78.8,109.79,0.1,109.8,19.3
1753769308046,06:08:28.046,bitget,LTC/USDT:USDT,109.83,47.1,109.82,145.7,109.84,8.3,109.85,159.4
1753769308097,06:08:28.097,bybit,LTC/USDT:USDT,109.78,122.0,109.77,78.9,109.79,0.1,109.8,19.3
1753769308077,06:08:28.077,binanceusdm,LTC/USDT:USDT,109.75,303.369,109.74,251.341,109.76,70.219,109.77,46.728
1753769308077,06:08:28.077,binance,LTC/USDT:USDT,109.75,303.369,109.74,251.341,109.76,70.219,109.77,46.728
1753769308155,06:08:28.155,bitget,LTC/USDT:USDT,109.83,36.6,109.82,145.7,109.84,18.0,109.85,159.4
1753769308196,06:08:28.196,bybit,LTC/USDT:USDT,109.78,128.3,109.77,78.9,109.79,0.1,109.8,19.3
1753769308181,06:08:28.181,binanceusdm,LTC/USDT:USDT,109.75,303.369,109.74,251.341,109.76,70.219,109.77,46.728
1753769308181,06:08:28.181,binance,LTC/USDT:USDT,109.75,303.369,109.74,251.341,109.76,70.219,109.77,46.728
1753769308192,06:08:28.192,coincatch,LTC/USDT:USDT,109.73,314.4,109.72,367.2,109.78,84.3,109.79,56.1
1753769308195,06:08:28.195,bitmex,LTC/USDT:USDT,109.79,93000.0,109.78,311000.0,109.81,16000.0,109.83,55000.0
1753769308297,06:08:28.297,bybit,LTC/USDT:USDT,109.78,122.0,109.77,78.9,109.79,0.1,109.8,19.3
1753769308263,06:08:28.263,bitget,LTC/USDT:USDT,109.83,36.6,109.82,145.7,109.84,28.5,109.85,163.9
1753769308294,06:08:28.294,binanceusdm,LTC/USDT:USDT,109.75,303.369,109.74,251.341,109.76,72.625,109.77,46.728
1753769308294,06:08:28.294,binance,LTC/USDT:USDT,109.75,303.369,109.74,251.341,109.76,72.625,109.77,46.728
1753769308244,06:08:28.244,bitmex,LTC/USDT:USDT,109.79,93000.0,109.78,311000.0,109.81,16000.0,109.83,55000.0
1753769308397,06:08:28.397,bybit,LTC/USDT:USDT,109.78,122.0,109.77,78.9,109.79,0.1,109.8,19.3
1753769308355,06:08:28.355,bitmart,LTC/USDT:USDT,109.75,162116.0,109.74,240140.0,109.76,40503.0,109.77,246834.0
1753769308363,06:08:28.363,bitget,LTC/USDT:USDT,109.83,36.6,109.82,145.7,109.84,18.8,109.85,163.9
1753769275950,06:07:55.950,blofin,LTC/USDT:USDT,109.7,158.0,109.69,612.0,109.72,3.0,109.73,236.0
1753769308400,06:08:28.400,binanceusdm,LTC/USDT:USDT,109.75,305.011,109.74,251.341,109.76,100.347,109.77,83.022
1753769308400,06:08:28.400,binance,LTC/USDT:USDT,109.75,305.011,109.74,251.341,109.76,100.347,109.77,83.022
1753769308497,06:08:28.497,bybit,LTC/USDT:USDT,109.78,97.3,109.77,66.4,109.79,0.1,109.8,19.3
1753769308518,06:08:28.518,binanceusdm,LTC/USDT:USDT,109.75,305.638,109.74,247.798,109.76,72.754,109.77,83.022
1753769308492,06:08:28.492,coincatch,LTC/USDT:USDT,109.73,309.7,109.72,368.7,109.78,87.1,109.79,56.1
1753769308518,06:08:28.518,binance,LTC/USDT:USDT,109.75,305.638,109.74,247.798,109.76,72.754,109.77,83.022
1753769308598,06:08:28.598,bybit,LTC/USDT:USDT,109.78,97.3,109.77,66.4,109.79,0.1,109.8,19.3
1753769308610,06:08:28.610,bitget,LTC/USDT:USDT,109.83,47.1,109.82,145.7,109.84,13.2,109.85,163.9
1753769308624,06:08:28.624,binanceusdm,LTC/USDT:USDT,109.75,304.727,109.74,247.798,109.76,72.754,109.77,83.022
1753769308624,06:08:28.624,binance,LTC/USDT:USDT,109.75,304.727,109.74,247.798,109.76,72.754,109.77,83.022
1753769308697,06:08:28.697,bybit,LTC/USDT:USDT,109.78,97.3,109.77,72.6,109.79,0.1,109.8,19.3
1753769308654,06:08:28.654,bitmex,LTC/USDT:USDT,109.79,93000.0,109.78,311000.0,109.81,16000.0,109.83,55000.0
1753769308711,06:08:28.711,bitget,LTC/USDT:USDT,109.83,36.6,109.82,142.3,109.84,38.7,109.85,178.9
1753769308730,06:08:28.730,binanceusdm,LTC/USDT:USDT,109.75,288.984,109.74,274.649,109.76,111.556,109.77,83.022
1753769308730,06:08:28.730,binance,LTC/USDT:USDT,109.75,288.984,109.74,274.649,109.76,111.556,109.77,83.022
1753769308797,06:08:28.797,bybit,LTC/USDT:USDT,109.78,97.3,109.77,66.4,109.79,0.1,109.8,19.3
1753769308751,06:08:28.751,bitmart,LTC/USDT:USDT,109.75,162116.0,109.74,240140.0,109.76,40503.0,109.77,246834.0
1753769308792,06:08:28.792,coincatch,LTC/USDT:USDT,109.73,298.8,109.72,347.2,109.78,87.1,109.79,99.6
1753769308857,06:08:28.857,binanceusdm,LTC/USDT:USDT,109.75,288.984,109.74,298.015,109.76,72.754,109.77,83.022
1753769308857,06:08:28.857,binance,LTC/USDT:USDT,109.75,288.984,109.74,298.015,109.76,72.754,109.77,83.022
1753769308897,06:08:28.897,bybit,LTC/USDT:USDT,109.78,97.3,109.77,72.6,109.79,0.1,109.8,29.3
1753769308863,06:08:28.863,bitget,LTC/USDT:USDT,109.83,36.6,109.82,142.3,109.84,38.7,109.85,178.9
1753769309009,06:08:29.009,bitget,LTC/USDT:USDT,109.83,36.6,109.82,137.1,109.84,23.7,109.85,178.9
1753769309097,06:08:29.097,bybit,LTC/USDT:USDT,109.78,97.3,109.77,66.4,109.79,0.1,109.8,19.3
1753769309069,06:08:29.069,binanceusdm,LTC/USDT:USDT,109.75,288.984,109.74,298.015,109.76,72.754,109.77,83.022
1753769309069,06:08:29.069,binance,LTC/USDT:USDT,109.75,288.984,109.74,298.015,109.76,72.754,109.77,83.022
1753769309023,06:08:29.023,bitmex,LTC/USDT:USDT,109.78,311000.0,109.77,5000.0,109.81,16000.0,109.83,55000.0
1753769309763,06:08:29.763,bitget,LTC/USDT:USDT,109.83,36.6,109.82,145.0,109.84,20.1,109.85,159.4
1753769309830,06:08:29.830,binanceusdm,LTC/USDT:USDT,109.75,300.615,109.74,290.954,109.76,43.577,109.77,46.728
1753769309830,06:08:29.830,binance,LTC/USDT:USDT,109.75,300.615,109.74,290.954,109.76,43.577,109.77,46.728
1753769309897,06:08:29.897,bybit,LTC/USDT:USDT,109.79,11.0,109.78,88.7,109.8,3.4,109.81,77.4
1753769309863,06:08:29.863,bitget,LTC/USDT:USDT,109.83,36.6,109.82,145.0,109.84,26.3,109.85,127.2
1753769309819,06:08:29.819,bitmex,LTC/USDT:USDT,109.79,69000.0,109.78,311000.0,109.81,16000.0,109.83,55000.0
1753769309939,06:08:29.939,binanceusdm,LTC/USDT:USDT,109.75,299.715,109.74,290.954,109.76,42.677,109.77,46.728
1753769309939,06:08:29.939,binance,LTC/USDT:USDT,109.75,299.715,109.74,290.954,109.76,42.677,109.77,46.728
1753769309997,06:08:29.997,bybit,LTC/USDT:USDT,109.79,11.0,109.78,88.7,109.8,3.4,109.81,77.4
1753769309996,06:08:29.996,bitget,LTC/USDT:USDT,109.83,36.6,109.82,145.0,109.84,26.3,109.85,127.2
1753769310040,06:08:30.040,binanceusdm,LTC/USDT:USDT,109.75,298.752,109.74,290.954,109.76,41.714,109.77,46.728
1753769310040,06:08:30.040,binance,LTC/USDT:USDT,109.75,298.752,109.74,290.954,109.76,41.714,109.77,46.728
1753769310100,06:08:30.100,bybit,LTC/USDT:USDT,109.79,11.0,109.78,88.7,109.8,3.4,109.81,77.4
1753769310101,06:08:30.101,bitget,LTC/USDT:USDT,109.83,36.6,109.82,145.0,109.84,16.3,109.85,127.2
1753769310154,06:08:30.154,bitmart,LTC/USDT:USDT,109.75,126866.0,109.74,240140.0,109.76,12949.0,109.77,246834.0
1753769310664,06:08:30.664,bitget,LTC/USDT:USDT,109.83,47.1,109.82,145.0,109.84,16.9,109.85,127.2
1753769310724,06:08:30.724,binanceusdm,LTC/USDT:USDT,109.75,301.701,109.74,291.864,109.76,41.897,109.77,46.728
1753769310827,06:08:30.827,binanceusdm,LTC/USDT:USDT,109.75,306.641,109.74,291.864,109.76,41.897,109.77,46.728
1753769310827,06:08:30.827,binance,LTC/USDT:USDT,109.75,306.641,109.74,291.864,109.76,41.897,109.77,46.728
1753769310893,06:08:30.893,coincatch,LTC/USDT:USDT,109.73,282.5,109.72,379.7,109.78,50.1,109.79,56.1
1753769310913,06:08:30.913,bitget,LTC/USDT:USDT,109.83,47.1,109.82,142.5,109.85,127.2,109.86,575.7
1753769310991,06:08:30.991,bitmex,LTC/USDT:USDT,109.79,69000.0,109.78,311000.0,109.81,16000.0,109.83,55000.0
1753769311397,06:08:31.397,bybit,LTC/USDT:USDT,109.79,14.6,109.78,81.0,109.8,2.7,109.81,45.9
1753769311497,06:08:31.497,bybit,LTC/USDT:USDT,109.79,14.6,109.78,81.0,109.8,2.7,109.81,45.9
1753769311467,06:08:31.467,bitget,LTC/USDT:USDT,109.85,3.1,109.84,59.8,109.86,361.8,109.87,998.9
1753769311494,06:08:31.494,coincatch,LTC/USDT:USDT,109.73,275.3,109.72,393.0,109.78,52.7,109.79,56.1
1753769311512,06:08:31.512,binanceusdm,LTC/USDT:USDT,109.75,306.641,109.74,249.847,109.76,43.931,109.77,46.454
1753769311512,06:08:31.512,binance,LTC/USDT:USDT,109.75,306.641,109.74,249.847,109.76,43.931,109.77,46.454
1753769311552,06:08:31.552,bitmart,LTC/USDT:USDT,109.75,141618.0,109.74,240140.0,109.76,18427.0,109.77,246834.0
1753769311597,06:08:31.597,bybit,LTC/USDT:USDT,109.79,14.6,109.78,81.0,109.8,0.1,109.81,45.9
1753769311599,06:08:31.599,bitget,LTC/USDT:USDT,109.85,3.1,109.84,59.8,109.86,361.8,109.87,998.9
1753769311623,06:08:31.623,binanceusdm,LTC/USDT:USDT,109.75,306.641,109.74,292.775,109.76,44.226,109.77,46.454
1753769311623,06:08:31.623,binance,LTC/USDT:USDT,109.75,306.641,109.74,292.775,109.76,44.226,109.77,46.454
1753769311604,06:08:31.604,bitmex,LTC/USDT:USDT,109.79,69000.0,109.78,311000.0,109.81,16000.0,109.83,55000.0
1753769311698,06:08:31.698,bybit,LTC/USDT:USDT,109.79,14.6,109.78,81.0,109.8,0.1,109.81,45.9
1753769311659,06:08:31.659,bitmex,LTC/USDT:USDT,109.79,69000.0,109.78,311000.0,109.81,16000.0,109.83,55000.0
1753769311705,06:08:31.705,bitget,LTC/USDT:USDT,109.85,3.1,109.84,59.8,109.86,361.8,109.87,998.9
1753769311740,06:08:31.740,binance,LTC/USDT:USDT,109.75,347.3,109.74,292.775,109.76,44.226,109.77,46.454
1753769311740,06:08:31.740,binanceusdm,LTC/USDT:USDT,109.75,347.3,109.74,292.775,109.76,44.226,109.77,46.454
1753769311752,06:08:31.752,bitmart,LTC/USDT:USDT,109.75,141618.0,109.74,240140.0,109.76,18427.0,109.77,246834.0
1753769311752,06:08:31.752,bitmart,LTC/USDT:USDT,109.75,141618.0,109.74,240140.0,109.76,18427.0,109.77,246834.0
1753769311709,06:08:31.709,bitmex,LTC/USDT:USDT,109.79,69000.0,109.78,311000.0,109.81,16000.0,109.83,55000.0
1753769311797,06:08:31.797,bybit,LTC/USDT:USDT,109.79,14.7,109.78,81.0,109.8,0.1,109.81,45.9
1753769311813,06:08:31.813,bitget,LTC/USDT:USDT,109.85,3.1,109.84,59.8,109.86,361.8,109.87,998.9
1753769311842,06:08:31.842,binanceusdm,LTC/USDT:USDT,109.75,353.985,109.74,292.775,109.76,44.226,109.77,46.454
1753769311842,06:08:31.842,binance,LTC/USDT:USDT,109.75,353.985,109.74,292.775,109.76,44.226,109.77,46.454
1753769311900,06:08:31.900,bybit,LTC/USDT:USDT,109.79,14.7,109.78,87.2,109.8,0.1,109.81,45.9
1753769311806,06:08:31.806,okx,LTC/USDT:USDT,109.77,91.7,109.76,132.0,109.78,28.0,109.79,52.9
1753769311950,06:08:31.950,binanceusdm,LTC/USDT:USDT,109.75,308.461,109.74,292.775,109.76,44.226,109.77,46.454
1753769311950,06:08:31.950,binance,LTC/USDT:USDT,109.75,308.461,109.74,292.775,109.76,44.226,109.77,46.454
1753769311997,06:08:31.997,bybit,LTC/USDT:USDT,109.79,14.7,109.78,81.0,109.8,0.1,109.81,45.9
1753769311958,06:08:31.958,bitmart,LTC/USDT:USDT,109.75,141618.0,109.74,240140.0,109.76,18427.0,109.77,246834.0
1753769312006,06:08:32.006,okx,LTC/USDT:USDT,109.77,91.7,109.76,132.0,109.78,28.0,109.79,93.1
1753769311980,06:08:31.980,bitmex,LTC/USDT:USDT,109.79,69000.0,109.78,311000.0,109.81,16000.0,109.83,55000.0
1753769312064,06:08:32.064,binanceusdm,LTC/USDT:USDT,109.75,376.747,109.74,292.775,109.76,44.226,109.77,46.454
1753769312064,06:08:32.064,binance,LTC/USDT:USDT,109.75,376.747,109.74,292.775,109.76,44.226,109.77,46.454
1753769312101,06:08:32.101,bybit,LTC/USDT:USDT,109.79,14.7,109.78,81.0,109.8,13.7,109.81,45.9
1753769312029,06:08:32.029,bitmex,LTC/USDT:USDT,109.79,69000.0,109.78,311000.0,109.81,16000.0,109.83,55000.0
1753769312094,06:08:32.094,coincatch,LTC/USDT:USDT,109.73,306.0,109.72,395.0,109.78,52.7,109.79,56.1
1753769312197,06:08:32.197,bybit,LTC/USDT:USDT,109.79,14.7,109.78,81.0,109.8,0.1,109.81,45.9
1753769312157,06:08:32.157,bitmart,LTC/USDT:USDT,109.75,141618.0,109.74,240140.0,109.76,18427.0,109.77,246834.0
1753769312162,06:08:32.162,bitget,LTC/USDT:USDT,109.85,3.1,109.84,59.8,109.86,361.8,109.87,998.6
1753769312170,06:08:32.170,binanceusdm,LTC/USDT:USDT,109.75,399.509,109.74,249.847,109.76,44.226,109.77,82.748
1753769312170,06:08:32.170,binance,LTC/USDT:USDT,109.75,399.509,109.74,249.847,109.76,44.226,109.77,82.748
1753769312297,06:08:32.297,bybit,LTC/USDT:USDT,109.79,14.7,109.78,81.0,109.8,0.1,109.81,45.9
1753769312263,06:08:32.263,bitget,LTC/USDT:USDT,109.84,59.8,109.83,77.2,109.85,70.8,109.86,361.8
1753769312271,06:08:32.271,binanceusdm,LTC/USDT:USDT,109.75,377.097,109.74,292.775,109.76,44.226,109.77,82.748
1753769312271,06:08:32.271,binance,LTC/USDT:USDT,109.75,377.097,109.74,292.775,109.76,44.226,109.77,82.748
1753769312306,06:08:32.306,okx,LTC/USDT:USDT,109.77,91.7,109.76,132.0,109.78,37.0,109.79,50.2
1753769312397,06:08:32.397,bybit,LTC/USDT:USDT,109.79,14.4,109.78,75.0,109.8,3.0,109.81,52.1
1753769312379,06:08:32.379,bitget,LTC/USDT:USDT,109.84,5.7,109.83,137.0,109.85,70.8,109.86,689.3
1753769312406,06:08:32.406,okx,LTC/USDT:USDT,109.77,91.7,109.76,132.0,109.78,37.0,109.79,90.4
1753769312394,06:08:32.394,coincatch,LTC/USDT:USDT,109.73,315.0,109.72,392.8,109.78,52.7,109.79,99.3
1753769312496,06:08:32.496,bybit,LTC/USDT:USDT,109.79,14.4,109.78,73.5,109.8,9.8,109.81,52.1
1753769312502,06:08:32.502,binanceusdm,LTC/USDT:USDT,109.75,310.005,109.74,276.698,109.76,44.25,109.77,82.748
1753769312502,06:08:32.502,binance,LTC/USDT:USDT,109.75,310.005,109.74,276.698,109.76,44.25,109.77,82.748
1753769312514,06:08:32.514,bitget,LTC/USDT:USDT,109.84,5.7,109.83,77.2,109.85,70.8,109.86,689.3
1753769312603,06:08:32.603,binanceusdm,LTC/USDT:USDT,109.75,310.005,109.74,292.775,109.76,44.25,109.77,82.748
1753769312603,06:08:32.603,binance,LTC/USDT:USDT,109.75,310.005,109.74,292.775,109.76,44.25,109.77,82.748
1753769312663,06:08:32.663,bitget,LTC/USDT:USDT,109.84,5.7,109.83,77.2,109.85,70.8,109.86,689.3
1753769312703,06:08:32.703,bybit,LTC/USDT:USDT,109.79,14.4,109.78,73.5,109.8,9.8,109.81,52.1
1753769312694,06:08:32.694,coincatch,LTC/USDT:USDT,109.73,315.0,109.72,375.6,109.78,52.7,109.79,99.3
1753769312731,06:08:32.731,binanceusdm,LTC/USDT:USDT,109.75,310.005,109.74,276.698,109.76,44.25,109.77,82.748
1753769312731,06:08:32.731,binance,LTC/USDT:USDT,109.75,310.005,109.74,276.698,109.76,44.25,109.77,82.748
1753769312751,06:08:32.751,bitmart,LTC/USDT:USDT,109.75,182087.0,109.74,240140.0,109.76,23893.0,109.77,246834.0
1753769312797,06:08:32.797,bybit,LTC/USDT:USDT,109.79,14.4,109.78,66.8,109.8,9.8,109.81,52.1
1753769312806,06:08:32.806,okx,LTC/USDT:USDT,109.77,52.7,109.76,132.0,109.78,37.7,109.79,90.4
1753769313073,06:08:33.073,binanceusdm,LTC/USDT:USDT,109.75,119.209,109.74,248.862,109.76,117.097,109.77,125.676
1753769313197,06:08:33.197,bybit,LTC/USDT:USDT,109.79,1.1,109.78,46.1,109.8,77.4,109.81,75.8
1753769313095,06:08:33.095,bitmex,LTC/USDT:USDT,109.79,69000.0,109.78,311000.0,109.81,16000.0,109.83,55000.0
1753769313155,06:08:33.155,bitmart,LTC/USDT:USDT,109.75,182087.0,109.74,240140.0,109.76,23893.0,109.77,246834.0
1753769313166,06:08:33.166,bitget,LTC/USDT:USDT,109.83,15.0,109.82,81.7,109.84,47.5,109.85,226.4
1753769313144,06:08:33.144,bitmex,LTC/USDT:USDT,109.78,311000.0,109.77,5000.0,109.79,16000.0,109.81,55000.0
1753769313297,06:08:33.297,bybit,LTC/USDT:USDT,109.79,1.1,109.78,46.1,109.8,77.4,109.81,75.8
1753769313220,06:08:33.220,bitmex,LTC/USDT:USDT,109.78,311000.0,109.77,5000.0,109.79,16000.0,109.81,55000.0
1753769313279,06:08:33.279,binanceusdm,LTC/USDT:USDT,109.75,44.896,109.74,321.13,109.76,173.248,109.77,125.95
1753769313279,06:08:33.279,binance,LTC/USDT:USDT,109.75,44.896,109.74,321.13,109.76,173.248,109.77,125.95
1753769313285,06:08:33.285,bitget,LTC/USDT:USDT,109.83,15.0,109.82,77.2,109.84,62.5,109.85,286.2
1753769313295,06:08:33.295,coincatch,LTC/USDT:USDT,109.73,182.8,109.72,375.4,109.78,140.5,109.79,150.8
1753769313397,06:08:33.397,bybit,LTC/USDT:USDT,109.79,1.1,109.78,37.1,109.8,77.4,109.81,75.8
1753769313382,06:08:33.382,binanceusdm,LTC/USDT:USDT,109.75,44.896,109.74,324.985,109.76,173.248,109.77,125.95
1753769313382,06:08:33.382,binance,LTC/USDT:USDT,109.75,44.896,109.74,324.985,109.76,173.248,109.77,125.95
1753769313414,06:08:33.414,bitget,LTC/USDT:USDT,109.83,15.0,109.82,77.2,109.84,59.6,109.85,277.2
1753769313497,06:08:33.497,bybit,LTC/USDT:USDT,109.79,1.1,109.78,27.1,109.8,77.4,109.81,75.8
1753769313484,06:08:33.484,binanceusdm,LTC/USDT:USDT,109.75,39.074,109.74,195.809,109.76,173.264,109.77,99.099
1753769313484,06:08:33.484,binance,LTC/USDT:USDT,109.75,39.074,109.74,195.809,109.76,173.264,109.77,99.099
1753769313515,06:08:33.515,bitget,LTC/USDT:USDT,109.83,15.0,109.82,74.8,109.84,59.6,109.85,277.2
1753769313597,06:08:33.597,bybit,LTC/USDT:USDT,109.79,1.1,109.78,22.9,109.8,77.4,109.81,75.8
1753769313593,06:08:33.593,binanceusdm,LTC/USDT:USDT,109.75,39.074,109.74,195.809,109.76,173.264,109.77,149.123
1753769313606,06:08:33.606,okx,LTC/USDT:USDT,109.77,27.0,109.76,83.3,109.78,110.6,109.79,90.4
1753769313593,06:08:33.593,binance,LTC/USDT:USDT,109.75,39.074,109.74,195.809,109.76,173.264,109.77,149.123
1753769313525,06:08:33.525,kucoinfutures,LTC/USDT:USDT,109.8,69.0,109.79,169.0,109.81,54.0,109.82,50.0
1753769313595,06:08:33.595,coincatch,LTC/USDT:USDT,109.73,151.9,109.72,342.7,109.78,207.9,109.79,118.9
1753769313615,06:08:33.615,bitget,LTC/USDT:USDT,109.83,15.0,109.82,74.8,109.84,59.6,109.85,277.2
1753769313650,06:08:33.650,kucoinfutures,LTC/USDT:USDT,109.8,69.0,109.79,169.0,109.81,54.0,109.82,50.0
1753769313653,06:08:33.653,kucoinfutures,LTC/USDT:USDT,109.8,69.0,109.79,169.0,109.81,54.0,109.82,50.0
1753769313655,06:08:33.655,kucoinfutures,LTC/USDT:USDT,109.8,69.0,109.79,169.0,109.81,54.0,109.82,50.0
1753769313659,06:08:33.659,kucoinfutures,LTC/USDT:USDT,109.8,69.0,109.79,169.0,109.81,54.0,109.82,50.0
1753769313697,06:08:33.697,bybit,LTC/USDT:USDT,109.79,1.1,109.78,22.9,109.8,77.4,109.81,75.8
1753769313617,06:08:33.617,bitmex,LTC/USDT:USDT,109.78,311000.0,109.77,5000.0,109.79,16000.0,109.81,55000.0
1753769313706,06:08:33.706,okx,LTC/USDT:USDT,109.77,27.0,109.76,83.3,109.78,110.6,109.79,90.4
1753769313699,06:08:33.699,binanceusdm,LTC/USDT:USDT,109.75,35.087,109.74,160.231,109.76,173.264,109.77,122.272
1753769313699,06:08:33.699,binance,LTC/USDT:USDT,109.75,35.087,109.74,160.231,109.76,173.264,109.77,122.272
1753769313716,06:08:33.716,bitget,LTC/USDT:USDT,109.83,15.0,109.82,134.6,109.84,59.6,109.85,277.2
1753769313752,06:08:33.752,bitmart,LTC/USDT:USDT,109.75,21845.0,109.74,240140.0,109.76,72638.0,109.77,246834.0
1753769313797,06:08:33.797,bybit,LTC/USDT:USDT,109.79,1.1,109.78,22.9,109.8,87.4,109.81,75.8
1753769313776,06:08:33.776,kucoinfutures,LTC/USDT:USDT,109.8,69.0,109.79,169.0,109.81,54.0,109.82,50.0
1753769313779,06:08:33.779,kucoinfutures,LTC/USDT:USDT,109.8,69.0,109.79,169.0,109.81,54.0,109.82,50.0
1753769313897,06:08:33.897,bybit,LTC/USDT:USDT,109.79,1.1,109.78,22.9,109.8,87.4,109.81,75.8
1753769313864,06:08:33.864,bitget,LTC/USDT:USDT,109.83,15.0,109.82,134.6,109.84,59.6,109.85,277.2
1753769313895,06:08:33.895,coincatch,LTC/USDT:USDT,109.73,149.6,109.72,328.5,109.78,207.9,109.79,146.7
1753769313997,06:08:33.997,bybit,LTC/USDT:USDT,109.79,1.1,109.78,22.9,109.8,99.4,109.81,75.8
1753769313959,06:08:33.959,bitmart,LTC/USDT:USDT,109.75,21845.0,109.74,240140.0,109.76,72638.0,109.77,246834.0
1753769313971,06:08:33.971,bitget,LTC/USDT:USDT,109.83,15.0,109.82,74.8,109.84,59.6,109.85,277.2
1753769314006,06:08:34.006,okx,LTC/USDT:USDT,109.77,11.2,109.76,83.3,109.78,99.6,109.79,104.4
1753769314003,06:08:34.003,binanceusdm,LTC/USDT:USDT,109.75,30.673,109.74,160.231,109.76,173.264,109.77,149.123
1753769314003,06:08:34.003,binance,LTC/USDT:USDT,109.75,30.673,109.74,160.231,109.76,173.264,109.77,149.123
1753769314015,06:08:34.015,kucoinfutures,LTC/USDT:USDT,109.8,69.0,109.79,169.0,109.81,54.0,109.82,50.0
1753769314010,06:08:34.010,bitmex,LTC/USDT:USDT,109.78,311000.0,109.77,5000.0,109.79,16000.0,109.81,55000.0
1753769314100,06:08:34.100,bybit,LTC/USDT:USDT,109.79,1.1,109.78,22.9,109.8,93.4,109.81,89.8
1753769314106,06:08:34.106,okx,LTC/USDT:USDT,109.77,11.2,109.76,83.3,109.78,139.8,109.79,129.4
1753769314105,06:08:34.105,binanceusdm,LTC/USDT:USDT,109.75,30.673,109.74,160.231,109.76,173.264,109.77,149.123
1753769314105,06:08:34.105,binance,LTC/USDT:USDT,109.75,30.673,109.74,160.231,109.76,173.264,109.77,149.123
1753769314059,06:08:34.059,bitmex,LTC/USDT:USDT,109.78,311000.0,109.77,5000.0,109.79,16000.0,109.81,55000.0
1753769314116,06:08:34.116,bitget,LTC/USDT:USDT,109.83,15.0,109.82,74.8,109.84,59.6,109.85,277.2
1753769314197,06:08:34.197,bybit,LTC/USDT:USDT,109.79,1.1,109.78,22.9,109.8,87.2,109.81,89.8
1753769314152,06:08:34.152,bitmart,LTC/USDT:USDT,109.75,21845.0,109.74,240140.0,109.76,72638.0,109.77,246834.0
1753769314206,06:08:34.206,okx,LTC/USDT:USDT,109.77,11.2,109.76,83.3,109.78,139.8,109.79,129.4
1753769314195,06:08:34.195,coincatch,LTC/USDT:USDT,109.73,147.5,109.72,314.7,109.78,207.9,109.79,178.9
1753769314218,06:08:34.218,bitget,LTC/USDT:USDT,109.83,15.0,109.82,74.8,109.84,37.1,109.85,277.2
1753769314245,06:08:34.245,kucoinfutures,LTC/USDT:USDT,109.8,69.0,109.79,169.0,109.81,54.0,109.82,50.0
1753769314297,06:08:34.297,bybit,LTC/USDT:USDT,109.79,1.1,109.78,22.9,109.8,99.4,109.81,89.8
1753769314282,06:08:34.282,binanceusdm,LTC/USDT:USDT,109.75,30.673,109.74,160.231,109.76,189.341,109.77,149.123
1753769314282,06:08:34.282,binance,LTC/USDT:USDT,109.75,30.673,109.74,160.231,109.76,189.341,109.77,149.123
1753769314351,06:08:34.351,kucoinfutures,LTC/USDT:USDT,109.8,69.0,109.79,169.0,109.81,54.0,109.82,50.0
1753769314353,06:08:34.353,kucoinfutures,LTC/USDT:USDT,109.8,69.0,109.79,169.0,109.81,54.0,109.82,50.0
1753769314350,06:08:34.350,bitget,LTC/USDT:USDT,109.83,15.0,109.82,74.8,109.84,37.1,109.85,302.9
1753769314397,06:08:34.397,bybit,LTC/USDT:USDT,109.79,1.1,109.78,22.9,109.8,99.4,109.81,89.8
1753769314395,06:08:34.395,binanceusdm,LTC/USDT:USDT,109.75,30.681,109.74,199.102,109.76,173.263,109.77,149.523
1753769314395,06:08:34.395,binance,LTC/USDT:USDT,109.75,30.681,109.74,199.102,109.76,173.263,109.77,149.523
1753769314406,06:08:34.406,okx,LTC/USDT:USDT,109.77,2.2,109.76,83.3,109.78,139.8,109.79,129.4
1753769314497,06:08:34.497,bybit,LTC/USDT:USDT,109.79,1.1,109.78,22.9,109.8,93.4,109.81,135.1
1753769314464,06:08:34.464,bitget,LTC/USDT:USDT,109.83,15.0,109.82,74.8,109.84,37.1,109.85,302.9
1753769314502,06:08:34.502,binanceusdm,LTC/USDT:USDT,109.75,30.681,109.74,195.231,109.76,188.704,109.77,149.523
1753769314502,06:08:34.502,binance,LTC/USDT:USDT,109.75,30.681,109.74,195.231,109.76,188.704,109.77,149.523
1753769314495,06:08:34.495,coincatch,LTC/USDT:USDT,109.73,147.5,109.72,328.7,109.78,227.2,109.79,178.9
1753769314510,06:08:34.510,bitmex,LTC/USDT:USDT,109.78,311000.0,109.77,5000.0,109.79,16000.0,109.81,55000.0
1753769314597,06:08:34.597,bybit,LTC/USDT:USDT,109.79,1.1,109.78,22.9,109.8,88.1,109.81,108.7
1753769314566,06:08:34.566,bitget,LTC/USDT:USDT,109.83,15.0,109.82,74.8,109.84,37.1,109.85,302.9
1753769314606,06:08:34.606,okx,LTC/USDT:USDT,109.77,10.6,109.76,83.3,109.78,99.6,109.79,150.9
1753769314559,06:08:34.559,bitmex,LTC/USDT:USDT,109.78,311000.0,109.77,5000.0,109.79,16000.0,109.81,55000.0
1753769314608,06:08:34.608,binanceusdm,LTC/USDT:USDT,109.75,31.456,109.74,199.102,109.76,172.627,109.77,149.523
1753769314608,06:08:34.608,binance,LTC/USDT:USDT,109.75,31.456,109.74,199.102,109.76,172.627,109.77,149.523
1753769314608,06:08:34.608,bitmex,LTC/USDT:USDT,109.78,311000.0,109.77,5000.0,109.79,16000.0,109.81,55000.0
1753769314697,06:08:34.697,bybit,LTC/USDT:USDT,109.79,1.3,109.78,22.9,109.8,88.1,109.81,108.7
1753769314666,06:08:34.666,bitget,LTC/USDT:USDT,109.83,15.0,109.82,74.8,109.84,37.1,109.85,276.2
1753769314729,06:08:34.729,binanceusdm,LTC/USDT:USDT,109.75,30.977,109.74,199.102,109.76,172.148,109.77,133.446
1753769314729,06:08:34.729,binance,LTC/USDT:USDT,109.75,30.977,109.74,199.102,109.76,172.148,109.77,133.446
1753769314797,06:08:34.797,bybit,LTC/USDT:USDT,109.79,1.3,109.78,22.9,109.8,87.2,109.81,110.4
1753769314799,06:08:34.799,bitget,LTC/USDT:USDT,109.83,15.0,109.82,74.8,109.84,37.1,109.85,276.2
1753769314796,06:08:34.796,coincatch,LTC/USDT:USDT,109.73,145.3,109.72,319.7,109.78,207.2,109.79,178.9
1753769314844,06:08:34.844,binanceusdm,LTC/USDT:USDT,109.75,31.58,109.74,199.102,109.76,172.148,109.77,106.595
1753769314844,06:08:34.844,binance,LTC/USDT:USDT,109.75,31.58,109.74,199.102,109.76,172.148,109.77,106.595
1753769314897,06:08:34.897,bybit,LTC/USDT:USDT,109.79,1.3,109.78,22.9,109.8,87.2,109.81,110.4
1753769314917,06:08:34.917,bitget,LTC/USDT:USDT,109.83,15.0,109.82,74.8,109.84,37.1,109.85,221.6
1753769314902,06:08:34.902,bitmex,LTC/USDT:USDT,109.78,311000.0,109.77,5000.0,109.79,16000.0,109.81,55000.0
1753769314992,06:08:34.992,bitmex,LTC/USDT:USDT,109.78,311000.0,109.77,5000.0,109.79,16000.0,109.81,55000.0
1753769315069,06:08:35.069,binanceusdm,LTC/USDT:USDT,109.75,30.178,109.74,195.231,109.76,170.746,109.77,106.595
1753769315069,06:08:35.069,binance,LTC/USDT:USDT,109.75,30.178,109.74,195.231,109.76,170.746,109.77,106.595
1753769315066,06:08:35.066,bitget,LTC/USDT:USDT,109.83,15.0,109.82,74.8,109.84,37.1,109.85,273.7
1753769315096,06:08:35.096,coincatch,LTC/USDT:USDT,109.73,136.7,109.72,325.8,109.78,204.9,109.79,127.9
1753769315197,06:08:35.197,bybit,LTC/USDT:USDT,109.79,1.3,109.78,22.9,109.8,87.2,109.81,104.2
1753769315157,06:08:35.157,bitmart,LTC/USDT:USDT,109.75,19085.0,109.74,283588.0,109.76,106847.0,109.77,246834.0
1753769315167,06:08:35.167,bitget,LTC/USDT:USDT,109.83,15.0,109.82,74.8,109.84,37.1,109.85,271.9
1753769315191,06:08:35.191,binanceusdm,LTC/USDT:USDT,109.75,30.678,109.74,215.195,109.76,169.928,109.77,106.595
1753769315191,06:08:35.191,binance,LTC/USDT:USDT,109.75,30.678,109.74,215.195,109.76,169.928,109.77,106.595
1753769315106,06:08:35.106,okxus,LTC/USDT:USDT,109.77,10.7,109.76,83.3,109.78,71.0,109.79,89.2
1753769315248,06:08:35.248,kucoinfutures,LTC/USDT:USDT,109.8,69.0,109.79,169.0,109.81,104.0,109.82,50.0
1753769315258,06:08:35.258,kucoinfutures,LTC/USDT:USDT,109.8,69.0,109.79,169.0,109.81,104.0,109.82,50.0
1753769315262,06:08:35.262,kucoinfutures,LTC/USDT:USDT,109.8,69.0,109.79,169.0,109.81,104.0,109.82,50.0
1753769315297,06:08:35.297,bybit,LTC/USDT:USDT,109.79,1.3,109.78,22.9,109.8,87.2,109.81,104.2
1753769315272,06:08:35.272,kucoinfutures,LTC/USDT:USDT,109.8,69.0,109.79,169.0,109.81,104.0,109.82,50.0
1753769315300,06:08:35.300,binanceusdm,LTC/USDT:USDT,109.75,25.081,109.74,202.52,109.76,169.928,109.77,106.595
1753769315300,06:08:35.300,binance,LTC/USDT:USDT,109.75,25.081,109.74,202.52,109.76,169.928,109.77,106.595
1753769315317,06:08:35.317,bitget,LTC/USDT:USDT,109.83,15.0,109.82,74.8,109.84,37.1,109.85,271.9
1753769315354,06:08:35.354,bitmart,LTC/USDT:USDT,109.75,19085.0,109.74,283588.0,109.76,106847.0,109.77,246834.0
1753769315397,06:08:35.397,bybit,LTC/USDT:USDT,109.79,1.3,109.78,22.9,109.8,87.2,109.81,127.5
1753769315380,06:08:35.380,kucoinfutures,LTC/USDT:USDT,109.8,69.0,109.79,169.0,109.81,104.0,109.82,50.0
1753769315396,06:08:35.396,coincatch,LTC/USDT:USDT,109.73,147.5,109.72,320.1,109.78,204.9,109.79,127.9
1753769315416,06:08:35.416,bitget,LTC/USDT:USDT,109.83,15.0,109.82,74.8,109.84,37.1,109.85,218.6
1753769315306,06:08:35.306,okxus,LTC/USDT:USDT,109.77,10.7,109.76,83.3,109.78,71.0,109.79,129.4
1753769315497,06:08:35.497,bybit,LTC/USDT:USDT,109.79,1.3,109.78,22.9,109.8,87.2,109.81,127.5
1753769315447,06:08:35.447,bitmex,LTC/USDT:USDT,109.78,311000.0,109.77,5000.0,109.79,16000.0,109.81,55000.0
1753769315528,06:08:35.528,binanceusdm,LTC/USDT:USDT,109.75,32.349,109.74,195.231,109.76,166.687,109.77,122.672
1753769315550,06:08:35.550,bitget,LTC/USDT:USDT,109.83,15.0,109.82,74.8,109.84,37.1,109.85,266.7
1753769315596,06:08:35.596,bybit,LTC/USDT:USDT,109.79,1.3,109.78,22.9,109.8,87.2,109.81,127.5
1753769315556,06:08:35.556,bitmart,LTC/USDT:USDT,109.75,10349.0,109.74,283588.0,109.76,106847.0,109.77,246834.0
1753769315639,06:08:35.639,binanceusdm,LTC/USDT:USDT,109.75,25.06,109.74,195.231,109.76,166.687,109.77,122.672
1753769315639,06:08:35.639,binance,LTC/USDT:USDT,109.75,25.06,109.74,195.231,109.76,166.687,109.77,122.672
1753769315697,06:08:35.697,bybit,LTC/USDT:USDT,109.79,1.3,109.78,22.9,109.8,88.1,109.81,126.6
1753769315666,06:08:35.666,bitget,LTC/USDT:USDT,109.83,15.0,109.82,74.8,109.84,37.1,109.85,266.7
1753769315696,06:08:35.696,coincatch,LTC/USDT:USDT,109.73,134.1,109.72,323.0,109.78,200.0,109.79,147.2
1753769315606,06:08:35.606,okxus,LTC/USDT:USDT,109.77,11.0,109.76,81.1,109.78,110.8,109.79,122.3
1753769315751,06:08:35.751,binanceusdm,LTC/USDT:USDT,109.75,25.06,109.74,195.231,109.76,166.687,109.77,122.672
1753769315751,06:08:35.751,binance,LTC/USDT:USDT,109.75,25.06,109.74,195.231,109.76,166.687,109.77,122.672
1753769315797,06:08:35.797,bybit,LTC/USDT:USDT,109.79,2.3,109.78,21.8,109.8,88.1,109.81,126.6
1753769315767,06:08:35.767,bitget,LTC/USDT:USDT,109.83,15.0,109.82,74.8,109.84,37.1,109.85,266.7
1753769315856,06:08:35.856,kucoinfutures,LTC/USDT:USDT,109.8,50.0,109.79,169.0,109.81,104.0,109.82,50.0
1753769315897,06:08:35.897,bybit,LTC/USDT:USDT,109.79,2.3,109.78,8.9,109.8,94.3,109.81,126.6
1753769315873,06:08:35.873,binanceusdm,LTC/USDT:USDT,109.75,17.019,109.74,202.52,109.76,182.764,109.77,122.672
1753769315873,06:08:35.873,binance,LTC/USDT:USDT,109.75,17.019,109.74,202.52,109.76,182.764,109.77,122.672
1753769315872,06:08:35.872,bitget,LTC/USDT:USDT,109.82,74.8,109.81,77.3,109.84,37.1,109.85,271.2
1753769315906,06:08:35.906,okx,LTC/USDT:USDT,109.77,1.9,109.76,81.1,109.78,150.8,109.79,151.5
1753769315953,06:08:35.953,bitmart,LTC/USDT:USDT,109.75,10349.0,109.74,283588.0,109.76,106847.0,109.77,246834.0
1753769315996,06:08:35.996,bybit,LTC/USDT:USDT,109.79,2.3,109.78,0.5,109.8,94.3,109.81,109.5
1753769315976,06:08:35.976,binanceusdm,LTC/USDT:USDT,109.75,24.504,109.74,202.52,109.76,166.687,109.77,122.672
1753769315976,06:08:35.976,binance,LTC/USDT:USDT,109.75,24.504,109.74,202.52,109.76,166.687,109.77,122.672
1753769315999,06:08:35.999,bitget,LTC/USDT:USDT,109.82,15.0,109.81,140.5,109.83,16.0,109.84,132.5
1753769315996,06:08:35.996,coincatch,LTC/USDT:USDT,109.73,134.1,109.72,323.8,109.78,200.0,109.79,147.2
1753769315967,06:08:35.967,bitmex,LTC/USDT:USDT,109.78,311000.0,109.77,5000.0,109.79,16000.0,109.81,55000.0
1753769316098,06:08:36.098,bybit,LTC/USDT:USDT,109.79,2.3,109.78,7.7,109.8,82.1,109.81,90.6
1753769316017,06:08:36.017,bitmex,LTC/USDT:USDT,109.78,311000.0,109.77,5000.0,109.79,16000.0,109.81,55000.0
1753769316093,06:08:36.093,binanceusdm,LTC/USDT:USDT,109.75,24.504,109.74,206.407,109.76,151.92,109.77,122.672
1753769316093,06:08:36.093,binance,LTC/USDT:USDT,109.75,24.504,109.74,206.407,109.76,151.92,109.77,122.672
1753769316119,06:08:36.119,bitget,LTC/USDT:USDT,109.82,15.0,109.81,162.5,109.83,16.0,109.84,183.1
1753769316006,06:08:36.006,okxus,LTC/USDT:USDT,109.77,2.6,109.76,81.1,109.78,110.8,109.79,151.5
1753769316197,06:08:36.197,bybit,LTC/USDT:USDT,109.79,2.3,109.78,9.4,109.8,82.1,109.81,122.7
1753769316189,06:08:36.189,kucoinfutures,LTC/USDT:USDT,109.8,50.0,109.79,169.0,109.81,104.0,109.82,50.0
1753769316189,06:08:36.189,kucoinfutures,LTC/USDT:USDT,109.8,50.0,109.79,169.0,109.81,104.0,109.82,50.0
1753769316193,06:08:36.193,kucoinfutures,LTC/USDT:USDT,109.8,50.0,109.79,169.0,109.81,104.0,109.82,138.0
1753769316194,06:08:36.194,kucoinfutures,LTC/USDT:USDT,109.8,50.0,109.79,169.0,109.81,104.0,109.82,138.0
1753769316219,06:08:36.219,bitget,LTC/USDT:USDT,109.82,15.0,109.81,137.1,109.83,6.9,109.84,127.8
1753769316230,06:08:36.230,binanceusdm,LTC/USDT:USDT,109.74,171.868,109.73,210.34,109.75,59.499,109.76,167.845
1753769316230,06:08:36.230,binance,LTC/USDT:USDT,109.74,171.868,109.73,210.34,109.75,59.499,109.76,167.845
1753769316300,06:08:36.300,bybit,LTC/USDT:USDT,109.78,0.2,109.77,35.3,109.79,39.8,109.8,64.7
1753769316297,06:08:36.297,coincatch,LTC/USDT:USDT,109.72,281.5,109.71,326.3,109.77,168.3,109.78,201.1
1753769316265,06:08:36.265,bitmex,LTC/USDT:USDT,109.78,311000.0,109.76,7000.0,109.79,16000.0,109.81,55000.0
1753769316329,06:08:36.329,bitget,LTC/USDT:USDT,109.82,25.5,109.81,137.1,109.83,2.4,109.84,127.8
1753769316333,06:08:36.333,binanceusdm,LTC/USDT:USDT,109.74,172.142,109.73,226.417,109.75,65.507,109.76,200.273
1753769316333,06:08:36.333,binance,LTC/USDT:USDT,109.74,172.142,109.73,226.417,109.75,65.507,109.76,200.273
1753769316397,06:08:36.397,bybit,LTC/USDT:USDT,109.78,0.2,109.77,35.3,109.79,40.7,109.8,69.8
1753769316314,06:08:36.314,bitmex,LTC/USDT:USDT,109.78,311000.0,109.76,12000.0,109.79,16000.0,109.81,55000.0
1753769316406,06:08:36.406,okx,LTC/USDT:USDT,109.77,2.6,109.76,79.1,109.78,110.8,109.79,156.1
1753769316436,06:08:36.436,binanceusdm,LTC/USDT:USDT,109.74,172.142,109.73,210.34,109.75,66.09,109.76,199.964
1753769316436,06:08:36.436,binance,LTC/USDT:USDT,109.74,172.142,109.73,210.34,109.75,66.09,109.76,199.964
1753769316306,06:08:36.306,okxus,LTC/USDT:USDT,109.77,2.6,109.76,79.1,109.78,110.8,109.79,156.1
1753769316451,06:08:36.451,bitget,LTC/USDT:USDT,109.82,25.5,109.81,156.8,109.83,2.4,109.84,133.0
1753769316497,06:08:36.497,bybit,LTC/USDT:USDT,109.78,0.2,109.77,43.5,109.79,49.7,109.8,69.8
1753769316549,06:08:36.549,binanceusdm,LTC/USDT:USDT,109.74,172.142,109.73,210.34,109.75,66.09,109.76,199.964
1753769316549,06:08:36.549,binance,LTC/USDT:USDT,109.74,172.142,109.73,210.34,109.75,66.09,109.76,199.964
1753769316551,06:08:36.551,bitmart,LTC/USDT:USDT,109.74,80810.0,109.73,397513.0,109.76,7222.0,109.77,246834.0
1753769316597,06:08:36.597,bybit,LTC/USDT:USDT,109.78,0.2,109.77,43.5,109.79,49.7,109.8,69.8
1753769316576,06:08:36.576,kucoinfutures,LTC/USDT:USDT,109.8,50.0,109.79,169.0,109.81,104.0,109.82,138.0
1753769316578,06:08:36.578,kucoinfutures,LTC/USDT:USDT,109.8,50.0,109.79,169.0,109.81,104.0,109.82,138.0
1753769316578,06:08:36.578,kucoinfutures,LTC/USDT:USDT,109.8,50.0,109.79,169.0,109.81,104.0,109.82,138.0
1753769316580,06:08:36.580,kucoinfutures,LTC/USDT:USDT,109.8,50.0,109.79,169.0,109.81,104.0,109.82,138.0
1753769316583,06:08:36.583,bitget,LTC/USDT:USDT,109.82,25.5,109.81,156.8,109.83,2.4,109.84,133.0
1753769316606,06:08:36.606,okx,LTC/USDT:USDT,109.77,2.7,109.76,79.1,109.78,140.0,109.79,131.1
1753769316597,06:08:36.597,coincatch,LTC/USDT:USDT,109.72,311.4,109.71,328.1,109.77,78.6,109.78,240.3
1753769314004,06:08:34.004,blofin,LTC/USDT:USDT,109.7,158.0,109.69,612.0,109.72,116.0,109.73,236.0
1753769316506,06:08:36.506,okxus,LTC/USDT:USDT,109.77,2.7,109.76,79.1,109.78,140.0,109.79,156.1
1753769316697,06:08:36.697,bybit,LTC/USDT:USDT,109.77,43.5,109.76,83.4,109.79,49.7,109.8,69.8
1753769316706,06:08:36.706,okx,LTC/USDT:USDT,109.77,2.7,109.76,79.1,109.78,140.0,109.79,131.1
1753769316718,06:08:36.718,bitget,LTC/USDT:USDT,109.82,25.5,109.81,156.8,109.83,17.4,109.84,133.0
1753769316606,06:08:36.606,okxus,LTC/USDT:USDT,109.77,2.7,109.76,79.1,109.78,140.0,109.79,131.1
1753769316797,06:08:36.797,bybit,LTC/USDT:USDT,109.78,5.3,109.77,31.8,109.79,48.8,109.8,69.8
1753769316818,06:08:36.818,bitget,LTC/USDT:USDT,109.82,25.5,109.81,156.8,109.83,17.4,109.84,174.7
1753769316858,06:08:36.858,binanceusdm,LTC/USDT:USDT,109.74,172.506,109.73,226.417,109.75,109.216,109.76,148.442
1753769316858,06:08:36.858,binance,LTC/USDT:USDT,109.74,172.506,109.73,226.417,109.75,109.216,109.76,148.442
1753769316897,06:08:36.897,bybit,LTC/USDT:USDT,109.78,5.3,109.77,43.4,109.79,48.8,109.8,69.8
1753769316906,06:08:36.906,okx,LTC/USDT:USDT,109.77,2.7,109.76,79.1,109.78,140.0,109.79,131.1
1753769316897,06:08:36.897,coincatch,LTC/USDT:USDT,109.72,311.4,109.71,334.5,109.77,81.5,109.78,220.7
1753769316921,06:08:36.921,bitget,LTC/USDT:USDT,109.82,25.5,109.81,156.8,109.83,17.4,109.84,174.7
1753769316870,06:08:36.870,bitmex,LTC/USDT:USDT,109.78,311000.0,109.76,12000.0,109.79,16000.0,109.81,55000.0
1753769316806,06:08:36.806,okxus,LTC/USDT:USDT,109.77,2.7,109.76,79.1,109.78,110.8,109.79,131.1
1753769316963,06:08:36.963,kucoinfutures,LTC/USDT:USDT,109.8,50.0,109.79,169.0,109.81,104.0,109.82,138.0
1753769316997,06:08:36.997,bybit,LTC/USDT:USDT,109.78,42.7,109.77,43.4,109.79,20.6,109.8,49.8
1753769316965,06:08:36.965,kucoinfutures,LTC/USDT:USDT,109.8,50.0,109.79,169.0,109.81,104.0,109.82,50.0
1753769316919,06:08:36.919,bitmex,LTC/USDT:USDT,109.78,311000.0,109.76,12000.0,109.79,16000.0,109.81,55000.0
1753769316973,06:08:36.973,kucoinfutures,LTC/USDT:USDT,109.8,50.0,109.79,169.0,109.81,104.0,109.82,50.0
1753769316906,06:08:36.906,okxus,LTC/USDT:USDT,109.77,2.7,109.76,79.1,109.78,140.0,109.79,131.1
1753769317050,06:08:37.050,bitget,LTC/USDT:USDT,109.82,34.6,109.81,154.4,109.83,2.5,109.84,127.8
1753769317097,06:08:37.097,bybit,LTC/USDT:USDT,109.79,34.4,109.78,45.2,109.8,27.7,109.81,109.2
1753769317032,06:08:37.032,bitmex,LTC/USDT:USDT,109.78,311000.0,109.76,12000.0,109.81,55000.0,109.86,5000.0
1753769317082,06:08:37.082,bitmex,LTC/USDT:USDT,109.78,311000.0,109.76,12000.0,109.81,33000.0,109.86,5000.0
1753769317161,06:08:37.161,binanceusdm,LTC/USDT:USDT,109.74,182.435,109.73,233.707,109.75,52.471,109.76,130.979
1753769317197,06:08:37.197,bybit,LTC/USDT:USDT,109.79,34.4,109.78,45.2,109.8,27.0,109.81,124.2
1753769317169,06:08:37.169,bitget,LTC/USDT:USDT,109.82,34.6,109.81,154.4,109.83,2.5,109.84,83.5
1753769317131,06:08:37.131,bitmex,LTC/USDT:USDT,109.78,311000.0,109.76,12000.0,109.81,33000.0,109.83,55000.0
1753769317206,06:08:37.206,okx,LTC/USDT:USDT,109.77,37.2,109.76,79.3,109.78,62.4,109.79,126.5
1753769317197,06:08:37.197,coincatch,LTC/USDT:USDT,109.72,311.9,109.71,325.6,109.77,62.6,109.78,157.2
1753769317297,06:08:37.297,bybit,LTC/USDT:USDT,109.79,42.8,109.78,45.2,109.8,36.3,109.81,124.2
1753769317272,06:08:37.272,bitget,LTC/USDT:USDT,109.82,34.6,109.81,154.4,109.83,12.7,109.84,113.1
1753769317276,06:08:37.276,binanceusdm,LTC/USDT:USDT,109.74,227.963,109.73,276.471,109.75,54.294,109.76,130.979
1753769317276,06:08:37.276,binance,LTC/USDT:USDT,109.74,227.963,109.73,276.471,109.75,54.294,109.76,130.979
1753769317294,06:08:37.294,kucoinfutures,LTC/USDT:USDT,109.8,50.0,109.79,169.0,109.81,54.0,109.82,50.0
1753769317397,06:08:37.397,bybit,LTC/USDT:USDT,109.79,8.4,109.78,45.2,109.8,29.4,109.81,112.3
1753769317374,06:08:37.374,kucoinfutures,LTC/USDT:USDT,109.8,50.0,109.79,169.0,109.81,104.0,109.82,50.0
1753769317386,06:08:37.386,binanceusdm,LTC/USDT:USDT,109.74,252.549,109.73,276.471,109.75,54.891,109.76,130.979
1753769317386,06:08:37.386,binance,LTC/USDT:USDT,109.74,252.549,109.73,276.471,109.75,54.891,109.76,130.979
1753769317400,06:08:37.400,bitget,LTC/USDT:USDT,109.82,34.6,109.81,157.8,109.83,9.5,109.84,113.1
1753769317306,06:08:37.306,okxus,LTC/USDT:USDT,109.77,37.2,109.76,79.3,109.78,62.4,109.79,97.3
1753769317497,06:08:37.497,bybit,LTC/USDT:USDT,109.79,8.4,109.78,45.2,109.8,29.4,109.81,118.3
1753769317506,06:08:37.506,okx,LTC/USDT:USDT,109.77,37.2,109.76,79.3,109.78,92.3,109.79,104.4
1753769317502,06:08:37.502,binanceusdm,LTC/USDT:USDT,109.74,184.257,109.73,253.707,109.75,55.639,109.76,130.979
1753769317502,06:08:37.502,binance,LTC/USDT:USDT,109.74,184.257,109.73,253.707,109.75,55.639,109.76,130.979
1753769317497,06:08:37.497,coincatch,LTC/USDT:USDT,109.72,321.8,109.71,323.7,109.77,65.2,109.78,157.2
1753769317406,06:08:37.406,okxus,LTC/USDT:USDT,109.77,37.2,109.76,79.3,109.78,63.6,109.79,75.2
1753769317597,06:08:37.597,bybit,LTC/USDT:USDT,109.78,17.1,109.77,35.5,109.79,27.6,109.8,54.9
1753769317608,06:08:37.608,binanceusdm,LTC/USDT:USDT,109.74,168.927,109.73,254.618,109.75,53.816,109.76,130.979
1753769317608,06:08:37.608,binance,LTC/USDT:USDT,109.74,168.927,109.73,254.618,109.75,53.816,109.76,130.979
1753769317620,06:08:37.620,bitget,LTC/USDT:USDT,109.82,34.6,109.81,157.8,109.83,9.5,109.84,113.1
1753769317506,06:08:37.506,okxus,LTC/USDT:USDT,109.77,37.2,109.76,79.3,109.78,92.3,109.79,104.4
1753769317652,06:08:37.652,kucoinfutures,LTC/USDT:USDT,109.8,50.0,109.79,169.0,109.81,104.0,109.82,50.0
1753769317656,06:08:37.656,kucoinfutures,LTC/USDT:USDT,109.8,50.0,109.79,169.0,109.81,104.0,109.82,50.0
1753769317658,06:08:37.658,kucoinfutures,LTC/USDT:USDT,109.8,50.0,109.79,169.0,109.81,104.0,109.82,50.0
1753769317696,06:08:37.696,bybit,LTC/USDT:USDT,109.78,16.9,109.77,47.4,109.79,27.6,109.8,54.9
1753769317704,06:08:37.704,kucoinfutures,LTC/USDT:USDT,109.8,50.0,109.79,169.0,109.81,104.0,109.82,50.0
1753769317709,06:08:37.709,kucoinfutures,LTC/USDT:USDT,109.8,50.0,109.79,169.0,109.81,104.0,109.82,50.0
1753769317723,06:08:37.723,bitget,LTC/USDT:USDT,109.82,34.6,109.81,157.8,109.83,12.0,109.84,108.6
1753769317739,06:08:37.739,binanceusdm,LTC/USDT:USDT,109.74,195.951,109.73,254.618,109.75,50.172,109.76,130.979
1753769317739,06:08:37.739,binance,LTC/USDT:USDT,109.74,195.951,109.73,254.618,109.75,50.172,109.76,130.979
1753769317798,06:08:37.798,bybit,LTC/USDT:USDT,109.78,15.5,109.77,47.4,109.79,27.6,109.8,55.0
1753769317798,06:08:37.798,coincatch,LTC/USDT:USDT,109.72,316.4,109.71,332.0,109.77,65.2,109.78,157.2
1753769317824,06:08:37.824,bitget,LTC/USDT:USDT,109.82,34.6,109.81,157.8,109.83,12.0,109.84,108.6
1753769317794,06:08:37.794,bitmex,LTC/USDT:USDT,109.78,311000.0,109.76,12000.0,109.81,33000.0,109.83,55000.0
1753769317706,06:08:37.706,okxus,LTC/USDT:USDT,109.77,37.2,109.76,79.3,109.78,92.3,109.79,104.4
1753769317852,06:08:37.852,binanceusdm,LTC/USDT:USDT,109.74,203.24,109.73,247.328,109.75,50.172,109.76,130.979
1753769317852,06:08:37.852,binance,LTC/USDT:USDT,109.74,203.24,109.73,247.328,109.75,50.172,109.76,130.979
1753769317897,06:08:37.897,bybit,LTC/USDT:USDT,109.78,15.5,109.77,47.4,109.79,27.6,109.8,55.0
1753769317906,06:08:37.906,okx,LTC/USDT:USDT,109.77,37.2,109.76,79.3,109.78,63.7,109.79,64.2
1753769317844,06:08:37.844,bitmex,LTC/USDT:USDT,109.78,311000.0,109.76,12000.0,109.81,33000.0,109.83,55000.0
1753769317923,06:08:37.923,bitget,LTC/USDT:USDT,109.82,34.6,109.81,157.8,109.83,12.0,109.84,80.0
1753769317926,06:08:37.926,kucoinfutures,LTC/USDT:USDT,109.8,50.0,109.79,169.0,109.81,104.0,109.82,50.0
1753769317935,06:08:37.935,kucoinfutures,LTC/USDT:USDT,109.8,50.0,109.79,169.0,109.81,104.0,109.82,50.0
1753769317944,06:08:37.944,kucoinfutures,LTC/USDT:USDT,109.8,50.0,109.79,169.0,109.81,104.0,109.82,50.0
1753769317997,06:08:37.997,bybit,LTC/USDT:USDT,109.79,5.3,109.78,46.6,109.8,29.4,109.81,111.4
1753769317959,06:08:37.959,bitmart,LTC/USDT:USDT,109.74,80810.0,109.73,397513.0,109.75,27453.0,109.76,290224.0
1753769317969,06:08:37.969,binanceusdm,LTC/USDT:USDT,109.74,231.354,109.73,250.642,109.75,49.985,109.76,115.208
1753769317969,06:08:37.969,binance,LTC/USDT:USDT,109.74,231.354,109.73,250.642,109.75,49.985,109.76,115.208
1753769318006,06:08:38.006,okx,LTC/USDT:USDT,109.77,52.6,109.76,87.1,109.78,63.7,109.79,64.2
1753769317970,06:08:37.970,bitmex,LTC/USDT:USDT,109.78,311000.0,109.76,12000.0,109.81,33000.0,109.83,55000.0
1753769318024,06:08:38.024,bitget,LTC/USDT:USDT,109.82,34.6,109.81,157.8,109.84,80.0,109.85,184.3
1753769317906,06:08:37.906,okxus,LTC/USDT:USDT,109.77,37.2,109.76,79.3,109.78,63.7,109.79,64.2
1753769318101,06:08:38.101,bybit,LTC/USDT:USDT,109.79,7.3,109.78,53.6,109.8,29.4,109.81,111.4
1753769318020,06:08:38.020,bitmex,LTC/USDT:USDT,109.78,311000.0,109.76,12000.0,109.81,33000.0,109.83,55000.0
1753769318082,06:08:38.082,binanceusdm,LTC/USDT:USDT,109.74,237.732,109.73,250.642,109.75,56.019,109.76,22.763
1753769318082,06:08:38.082,binance,LTC/USDT:USDT,109.74,237.732,109.73,250.642,109.75,56.019,109.76,22.763
1753769318098,06:08:38.098,coincatch,LTC/USDT:USDT,109.72,321.1,109.71,329.2,109.77,60.2,109.78,157.2
1753769318069,06:08:38.069,bitmex,LTC/USDT:USDT,109.78,311000.0,109.76,12000.0,109.81,33000.0,109.83,55000.0
1753769318197,06:08:38.197,bybit,LTC/USDT:USDT,109.79,2.0,109.78,53.6,109.8,29.4,109.81,117.4
1753769318118,06:08:38.118,bitmex,LTC/USDT:USDT,109.78,311000.0,109.76,12000.0,109.81,33000.0,109.83,55000.0
1753769318168,06:08:38.168,bitget,LTC/USDT:USDT,109.83,16.2,109.82,24.1,109.84,89.6,109.85,167.0
1753769318206,06:08:38.206,okx,LTC/USDT:USDT,109.77,52.6,109.76,87.1,109.78,63.0,109.79,50.2
1753769318201,06:08:38.201,binanceusdm,LTC/USDT:USDT,109.74,195.361,109.73,250.642,109.75,54.47,109.76,22.763
1753769318201,06:08:38.201,binance,LTC/USDT:USDT,109.74,195.361,109.73,250.642,109.75,54.47,109.76,22.763
1753769318297,06:08:38.297,bybit,LTC/USDT:USDT,109.79,2.0,109.78,53.7,109.8,29.4,109.81,117.4
1753769318269,06:08:38.269,bitget,LTC/USDT:USDT,109.83,5.7,109.82,140.4,109.84,90.1,109.85,167.0
1753769318319,06:08:38.319,binanceusdm,LTC/USDT:USDT,109.74,195.361,109.73,250.642,109.75,54.47,109.76,22.763
1753769318319,06:08:38.319,binance,LTC/USDT:USDT,109.74,195.361,109.73,250.642,109.75,54.47,109.76,22.763
1753769318397,06:08:38.397,bybit,LTC/USDT:USDT,109.79,2.0,109.78,43.2,109.8,29.4,109.81,123.4
1753769318359,06:08:38.359,bitmart,LTC/USDT:USDT,109.74,182337.0,109.73,397513.0,109.75,58505.0,109.76,290224.0
1753769318373,06:08:38.373,bitget,LTC/USDT:USDT,109.83,5.7,109.82,140.4,109.84,87.2,109.85,167.0
1753769318398,06:08:38.398,coincatch,LTC/USDT:USDT,109.72,329.2,109.71,338.3,109.77,67.6,109.78,27.3
1753769318428,06:08:38.428,binanceusdm,LTC/USDT:USDT,109.74,242.712,109.73,236.386,109.75,54.07,109.76,22.763
1753769318428,06:08:38.428,binance,LTC/USDT:USDT,109.74,242.712,109.73,236.386,109.75,54.07,109.76,22.763
1753769315008,06:08:35.008,blofin,LTC/USDT:USDT,109.7,158.0,109.69,612.0,109.71,99.0,109.72,1153.0
1753769318496,06:08:38.496,bybit,LTC/USDT:USDT,109.79,2.0,109.78,43.2,109.8,29.4,109.81,123.4
1753769318473,06:08:38.473,bitget,LTC/USDT:USDT,109.83,16.2,109.82,140.4,109.84,86.5,109.85,167.0
1753769318545,06:08:38.545,binanceusdm,LTC/USDT:USDT,109.74,260.609,109.73,236.386,109.75,54.07,109.76,22.763
1753769318545,06:08:38.545,binance,LTC/USDT:USDT,109.74,260.609,109.73,236.386,109.75,54.07,109.76,22.763
1753769318406,06:08:38.406,okxus,LTC/USDT:USDT,109.77,52.6,109.76,87.1,109.78,63.7,109.79,79.4
1753769318597,06:08:38.597,bybit,LTC/USDT:USDT,109.79,2.0,109.78,43.2,109.8,29.3,109.81,117.4
1753769318558,06:08:38.558,bitmart,LTC/USDT:USDT,109.74,101527.0,109.73,397513.0,109.75,31052.0,109.76,290224.0
1753769318576,06:08:38.576,bitget,LTC/USDT:USDT,109.83,5.7,109.82,140.4,109.84,86.5,109.85,162.5
1753769318606,06:08:38.606,okx,LTC/USDT:USDT,109.77,52.6,109.76,87.1,109.78,63.7,109.79,90.4
1753769318646,06:08:38.646,binanceusdm,LTC/USDT:USDT,109.74,215.079,109.73,236.386,109.75,54.07,109.76,22.763
1753769318646,06:08:38.646,binance,LTC/USDT:USDT,109.74,215.079,109.73,236.386,109.75,54.07,109.76,22.763
1753769318676,06:08:38.676,bitget,LTC/USDT:USDT,109.83,5.7,109.82,140.4,109.84,86.5,109.85,162.5
1753769318698,06:08:38.698,coincatch,LTC/USDT:USDT,109.72,348.5,109.71,333.0,109.77,64.9,109.78,27.3
1753769318606,06:08:38.606,okxus,LTC/USDT:USDT,109.77,52.6,109.76,87.1,109.78,63.7,109.79,90.4
1753769318753,06:08:38.753,binanceusdm,LTC/USDT:USDT,109.74,215.99,109.73,237.297,109.75,54.07,109.76,22.763
1753769318753,06:08:38.753,binance,LTC/USDT:USDT,109.74,215.99,109.73,237.297,109.75,54.07,109.76,22.763
1753769318797,06:08:38.797,bybit,LTC/USDT:USDT,109.79,2.0,109.78,43.2,109.8,29.2,109.81,123.4
1753769318777,06:08:38.777,bitget,LTC/USDT:USDT,109.83,16.2,109.82,140.4,109.84,86.5,109.85,162.5
1753769318806,06:08:38.806,okx,LTC/USDT:USDT,109.77,52.6,109.76,87.1,109.78,63.7,109.79,90.4
1753769318856,06:08:38.856,binanceusdm,LTC/USDT:USDT,109.74,199.913,109.73,253.374,109.75,54.414,109.76,22.763
1753769318856,06:08:38.856,binance,LTC/USDT:USDT,109.74,199.913,109.73,253.374,109.75,54.414,109.76,22.763
1753769318897,06:08:38.897,bybit,LTC/USDT:USDT,109.79,2.0,109.78,43.2,109.8,30.1,109.81,123.4
1753769318928,06:08:38.928,bitget,LTC/USDT:USDT,109.83,16.2,109.82,140.4,109.84,86.5,109.85,167.0
1753769318806,06:08:38.806,okxus,LTC/USDT:USDT,109.77,52.6,109.76,87.1,109.78,63.7,109.79,90.4
1753769318996,06:08:38.996,bybit,LTC/USDT:USDT,109.79,2.0,109.78,43.2,109.8,30.1,109.81,123.4
1753769318980,06:08:38.980,binanceusdm,LTC/USDT:USDT,109.74,238.755,109.73,253.374,109.75,54.414,109.76,22.763
1753769318980,06:08:38.980,binance,LTC/USDT:USDT,109.74,238.755,109.73,253.374,109.75,54.414,109.76,22.763
1753769319006,06:08:39.006,okx,LTC/USDT:USDT,109.77,52.6,109.76,87.1,109.78,63.7,109.79,90.4
1753769318998,06:08:38.998,coincatch,LTC/USDT:USDT,109.72,331.4,109.71,339.4,109.77,64.9,109.78,27.3
1753769319097,06:08:39.097,bybit,LTC/USDT:USDT,109.79,2.0,109.78,29.2,109.8,30.1,109.81,123.4
1753769319073,06:08:39.073,bitget,LTC/USDT:USDT,109.83,16.2,109.82,140.4,109.84,86.5,109.85,167.0
1753769319106,06:08:39.106,okx,LTC/USDT:USDT,109.77,52.6,109.76,87.1,109.78,63.7,109.79,90.4
1753769319126,06:08:39.126,binanceusdm,LTC/USDT:USDT,109.74,222.678,109.73,253.374,109.75,54.414,109.76,22.763
1753769319126,06:08:39.126,binance,LTC/USDT:USDT,109.74,222.678,109.73,253.374,109.75,54.414,109.76,22.763
1753769319006,06:08:39.006,okxus,LTC/USDT:USDT,109.77,52.6,109.76,87.1,109.78,63.7,109.79,90.4
1753769319176,06:08:39.176,bitget,LTC/USDT:USDT,109.83,5.7,109.82,80.5,109.84,87.1,109.85,167.0
1753769319228,06:08:39.228,binanceusdm,LTC/USDT:USDT,109.74,222.678,109.73,253.374,109.75,54.414,109.76,22.763
1753769319228,06:08:39.228,binance,LTC/USDT:USDT,109.74,222.678,109.73,253.374,109.75,54.414,109.76,22.763
1753769319106,06:08:39.106,okxus,LTC/USDT:USDT,109.77,52.6,109.76,87.1,109.78,63.7,109.79,90.4
1753769319296,06:08:39.296,bybit,LTC/USDT:USDT,109.79,2.0,109.78,29.2,109.8,30.1,109.81,123.4
1753769319276,06:08:39.276,kucoinfutures,LTC/USDT:USDT,109.8,50.0,109.79,169.0,109.81,54.0,109.82,50.0
1753769319279,06:08:39.279,bitget,LTC/USDT:USDT,109.83,5.7,109.82,140.4,109.84,87.1,109.85,167.0
1753769319306,06:08:39.306,okx,LTC/USDT:USDT,109.77,52.6,109.76,87.1,109.78,63.7,109.79,50.2
1753769319298,06:08:39.298,coincatch,LTC/USDT:USDT,109.72,340.5,109.71,339.4,109.77,64.9,109.78,27.3
1753769319336,06:08:39.336,binanceusdm,LTC/USDT:USDT,109.74,199.913,109.73,253.374,109.75,46.603,109.76,22.763
1753769319336,06:08:39.336,binance,LTC/USDT:USDT,109.74,199.913,109.73,253.374,109.75,46.603,109.76,22.763
1753769319206,06:08:39.206,okxus,LTC/USDT:USDT,109.77,52.6,109.76,87.1,109.78,63.7,109.79,50.2
1753769319352,06:08:39.352,kucoinfutures,LTC/USDT:USDT,109.8,50.0,109.79,169.0,109.81,104.0,109.82,50.0
1753769319406,06:08:39.406,okx,LTC/USDT:USDT,109.77,52.6,109.76,87.1,109.78,77.0,109.79,50.2
1753769319438,06:08:39.438,binanceusdm,LTC/USDT:USDT,109.74,202.34,109.73,253.374,109.75,54.372,109.76,22.763
1753769319306,06:08:39.306,okxus,LTC/USDT:USDT,109.77,52.6,109.76,87.1,109.78,63.7,109.79,50.2
1753769319496,06:08:39.496,bybit,LTC/USDT:USDT,109.79,2.0,109.78,29.2,109.8,30.1,109.81,123.4
1753769319529,06:08:39.529,kucoinfutures,LTC/USDT:USDT,109.8,50.0,109.79,169.0,109.81,104.0,109.82,50.0
1753769319528,06:08:39.528,bitget,LTC/USDT:USDT,109.83,5.7,109.82,140.4,109.84,87.1,109.85,167.0
1753769319531,06:08:39.531,kucoinfutures,LTC/USDT:USDT,109.8,50.0,109.79,169.0,109.81,104.0,109.82,50.0
1753769319606,06:08:39.606,binanceusdm,LTC/USDT:USDT,109.74,225.105,109.73,253.374,109.75,54.372,109.76,22.763
1753769319606,06:08:39.606,binance,LTC/USDT:USDT,109.74,225.105,109.73,253.374,109.75,54.372,109.76,22.763
1753769319599,06:08:39.599,coincatch,LTC/USDT:USDT,109.72,332.4,109.71,339.4,109.77,64.9,109.78,27.3
1753769319677,06:08:39.677,bitget,LTC/USDT:USDT,109.83,5.7,109.82,140.4,109.84,87.1,109.85,167.0
1753769319746,06:08:39.746,binanceusdm,LTC/USDT:USDT,109.74,225.105,109.73,255.694,109.75,9.135,109.76,22.763
1753769319746,06:08:39.746,binance,LTC/USDT:USDT,109.74,225.105,109.73,255.694,109.75,9.135,109.76,22.763
1753769319752,06:08:39.752,bitmart,LTC/USDT:USDT,109.74,239194.0,109.73,397513.0,109.75,55535.0,109.76,779690.0
1753769319797,06:08:39.797,bybit,LTC/USDT:USDT,109.79,2.0,109.78,29.2,109.8,30.1,109.81,117.4
1753769319778,06:08:39.778,bitget,LTC/USDT:USDT,109.83,5.7,109.82,140.4,109.84,87.1,109.85,167.0
1753769319897,06:08:39.897,bybit,LTC/USDT:USDT,109.79,2.0,109.78,29.2,109.8,30.1,109.81,129.3
1753769319879,06:08:39.879,bitget,LTC/USDT:USDT,109.83,5.7,109.82,140.4,109.84,106.1,109.85,167.0
1753769319906,06:08:39.906,okx,LTC/USDT:USDT,109.77,53.0,109.76,79.3,109.78,76.9,109.79,61.2
1753769319899,06:08:39.899,coincatch,LTC/USDT:USDT,109.72,343.1,109.71,353.1,109.77,11.0,109.78,27.3
1753769319806,06:08:39.806,okxus,LTC/USDT:USDT,109.77,52.6,109.76,87.1,109.78,77.6,109.79,61.2
1753769319955,06:08:39.955,binance,LTC/USDT:USDT,109.74,226.5,109.73,262.382,109.75,66.25,109.76,22.763
1753769319982,06:08:39.982,bitget,LTC/USDT:USDT,109.83,5.7,109.82,140.4,109.84,106.1,109.85,167.0
1753769320048,06:08:40.048,kucoinfutures,LTC/USDT:USDT,109.8,50.0,109.79,169.0,109.81,104.0,109.82,50.0
1753769320072,06:08:40.072,binanceusdm,LTC/USDT:USDT,109.74,204.232,109.73,239.617,109.75,66.25,109.76,22.763
1753769320072,06:08:40.072,binance,LTC/USDT:USDT,109.74,204.232,109.73,239.617,109.75,66.25,109.76,22.763
1753769320106,06:08:40.106,okx,LTC/USDT:USDT,109.77,52.7,109.76,87.1,109.78,76.6,109.79,61.2
1753769320006,06:08:40.006,okxus,LTC/USDT:USDT,109.77,52.7,109.76,79.3,109.78,76.6,109.79,50.2
1753769320126,06:08:40.126,bitget,LTC/USDT:USDT,109.83,5.7,109.82,140.4,109.84,106.1,109.85,167.0
1753769320185,06:08:40.185,binanceusdm,LTC/USDT:USDT,109.74,266.601,109.73,239.617,109.75,66.25,109.76,22.763
1753769320185,06:08:40.185,binance,LTC/USDT:USDT,109.74,266.601,109.73,239.617,109.75,66.25,109.76,22.763
1753769320206,06:08:40.206,okx,LTC/USDT:USDT,109.77,52.7,109.76,87.1,109.78,76.6,109.79,50.2
1753769320199,06:08:40.199,coincatch,LTC/USDT:USDT,109.72,343.1,109.71,356.8,109.77,79.5,109.78,27.3
1753769320228,06:08:40.228,bitget,LTC/USDT:USDT,109.83,5.7,109.82,140.4,109.84,106.1,109.85,167.0
1753769320297,06:08:40.297,bybit,LTC/USDT:USDT,109.79,2.0,109.78,29.2,109.8,30.1,109.81,123.4
1753769320306,06:08:40.306,okx,LTC/USDT:USDT,109.77,52.7,109.76,87.1,109.78,76.6,109.79,50.2
1753769320328,06:08:40.328,bitget,LTC/USDT:USDT,109.83,5.7,109.82,140.4,109.84,106.1,109.85,167.0
1753769320206,06:08:40.206,okxus,LTC/USDT:USDT,109.77,52.7,109.76,87.1,109.78,76.6,109.79,50.2
1753769320397,06:08:40.397,bybit,LTC/USDT:USDT,109.79,7.3,109.78,29.2,109.8,20.1,109.81,129.3
1753769320385,06:08:40.385,binanceusdm,LTC/USDT:USDT,109.74,248.703,109.73,254.783,109.75,66.251,109.76,2.76
1753769320385,06:08:40.385,binance,LTC/USDT:USDT,109.74,248.703,109.73,254.783,109.75,66.251,109.76,2.76
1753769315508,06:08:35.508,blofin,LTC/USDT:USDT,109.7,158.0,109.69,612.0,109.71,99.0,109.72,1153.0
1753769320306,06:08:40.306,okxus,LTC/USDT:USDT,109.77,52.7,109.76,87.1,109.78,76.6,109.79,50.2
1753769320497,06:08:40.497,bybit,LTC/USDT:USDT,109.79,7.3,109.78,29.2,109.8,20.1,109.81,117.4
1753769320481,06:08:40.481,bitget,LTC/USDT:USDT,109.83,5.7,109.82,140.4,109.84,106.0,109.85,167.0
1753769320500,06:08:40.500,binanceusdm,LTC/USDT:USDT,109.74,291.26,109.73,254.783,109.75,66.251,109.76,2.76
1753769320500,06:08:40.500,binance,LTC/USDT:USDT,109.74,291.26,109.73,254.783,109.75,66.251,109.76,2.76
1753769320499,06:08:40.499,coincatch,LTC/USDT:USDT,109.72,350.6,109.71,347.6,109.77,79.5,109.78,27.3
1753769320596,06:08:40.596,bybit,LTC/USDT:USDT,109.79,7.3,109.78,29.2,109.8,20.1,109.81,123.4
1753769320583,06:08:40.583,bitget,LTC/USDT:USDT,109.83,15.0,109.82,80.5,109.84,106.0,109.85,167.0
1753769320606,06:08:40.606,okx,LTC/USDT:USDT,109.77,53.4,109.76,87.1,109.78,76.6,109.79,90.4
1753769320601,06:08:40.601,binanceusdm,LTC/USDT:USDT,109.74,203.359,109.73,238.706,109.75,66.251,109.76,2.76
1753769320601,06:08:40.601,binance,LTC/USDT:USDT,109.74,203.359,109.73,238.706,109.75,66.251,109.76,2.76
1753769320604,06:08:40.604,bitmex,LTC/USDT:USDT,109.78,311000.0,109.76,12000.0,109.81,33000.0,109.83,55000.0
1753769320697,06:08:40.697,bybit,LTC/USDT:USDT,109.79,7.3,109.78,39.2,109.8,20.1,109.81,129.3
1753769320696,06:08:40.696,bitget,LTC/USDT:USDT,109.83,15.0,109.82,140.4,109.84,106.0,109.85,167.0
1753769320725,06:08:40.725,binanceusdm,LTC/USDT:USDT,109.74,202.995,109.73,238.706,109.75,66.251,109.76,2.76
1753769320725,06:08:40.725,binance,LTC/USDT:USDT,109.74,202.995,109.73,238.706,109.75,66.251,109.76,2.76
1753769320797,06:08:40.797,bybit,LTC/USDT:USDT,109.79,2.0,109.78,39.2,109.8,50.4,109.81,129.3
1753769320803,06:08:40.803,bitget,LTC/USDT:USDT,109.83,15.0,109.82,140.4,109.84,106.0,109.85,167.0
1753769320799,06:08:40.799,coincatch,LTC/USDT:USDT,109.72,334.0,109.71,347.3,109.77,79.5,109.78,3.3
1753769320826,06:08:40.826,binanceusdm,LTC/USDT:USDT,109.74,248.525,109.73,238.706,109.75,66.251,109.76,2.76
1753769320826,06:08:40.826,binance,LTC/USDT:USDT,109.74,248.525,109.73,238.706,109.75,66.251,109.76,2.76
1753769320706,06:08:40.706,okxus,LTC/USDT:USDT,109.77,52.7,109.76,87.1,109.78,76.6,109.79,61.2
1753769320897,06:08:40.897,bybit,LTC/USDT:USDT,109.79,2.0,109.78,39.2,109.8,50.4,109.81,123.4
1753769320928,06:08:40.928,binanceusdm,LTC/USDT:USDT,109.74,271.29,109.73,261.471,109.75,66.251,109.76,2.76
1753769320928,06:08:40.928,binance,LTC/USDT:USDT,109.74,271.29,109.73,261.471,109.75,66.251,109.76,2.76
1753769320928,06:08:40.928,bitget,LTC/USDT:USDT,109.83,15.0,109.82,140.4,109.84,106.0,109.85,229.3
1753769320806,06:08:40.806,okxus,LTC/USDT:USDT,109.77,52.7,109.76,87.1,109.78,76.6,109.79,61.2
1753769320997,06:08:40.997,bybit,LTC/USDT:USDT,109.79,2.0,109.78,39.2,109.8,50.4,109.81,123.4
1753769321006,06:08:41.006,okx,LTC/USDT:USDT,109.77,52.7,109.76,87.1,109.78,76.6,109.79,61.2
1753769321031,06:08:41.031,binanceusdm,LTC/USDT:USDT,109.74,226.033,109.73,261.471,109.75,66.251,109.76,2.76
1753769321031,06:08:41.031,binance,LTC/USDT:USDT,109.74,226.033,109.73,261.471,109.75,66.251,109.76,2.76
1753769321029,06:08:41.029,bitget,LTC/USDT:USDT,109.83,15.0,109.82,140.4,109.84,106.0,109.85,229.3
1753769320906,06:08:40.906,okxus,LTC/USDT:USDT,109.77,52.7,109.76,87.1,109.78,76.6,109.79,50.2
1753769321098,06:08:41.098,bybit,LTC/USDT:USDT,109.79,2.0,109.78,39.2,109.8,50.4,109.81,123.4
1753769321106,06:08:41.106,okx,LTC/USDT:USDT,109.77,52.7,109.76,87.1,109.78,76.6,109.79,61.2
1753769321132,06:08:41.132,bitget,LTC/USDT:USDT,109.83,15.0,109.82,140.4,109.84,106.0,109.85,229.3
1753769321142,06:08:41.142,binanceusdm,LTC/USDT:USDT,109.74,248.798,109.73,281.634,109.75,66.251,109.76,2.76
1753769321142,06:08:41.142,binance,LTC/USDT:USDT,109.74,248.798,109.73,281.634,109.75,66.251,109.76,2.76
1753769321006,06:08:41.006,okxus,LTC/USDT:USDT,109.77,52.7,109.76,87.1,109.78,76.6,109.79,61.2
1753769321197,06:08:41.197,bybit,LTC/USDT:USDT,109.79,2.0,109.78,39.2,109.8,50.4,109.81,123.4
1753769321248,06:08:41.248,kucoinfutures,LTC/USDT:USDT,109.8,50.0,109.79,169.0,109.81,54.0,109.82,50.0
1753769321254,06:08:41.254,bitget,LTC/USDT:USDT,109.83,15.0,109.82,140.4,109.84,106.0,109.85,229.3
1753769321297,06:08:41.297,bybit,LTC/USDT:USDT,109.79,2.0,109.78,39.2,109.8,50.4,109.81,129.3
1753769321306,06:08:41.306,okx,LTC/USDT:USDT,109.77,53.4,109.76,87.1,109.78,76.6,109.79,61.2
1753769321302,06:08:41.302,binanceusdm,LTC/USDT:USDT,109.74,203.007,109.73,281.634,109.75,66.716,109.76,2.76
1753769321302,06:08:41.302,binance,LTC/USDT:USDT,109.74,203.007,109.73,281.634,109.75,66.716,109.76,2.76
1753769321354,06:08:41.354,bitget,LTC/USDT:USDT,109.83,15.0,109.82,80.5,109.84,106.0,109.85,174.7
1753769321397,06:08:41.397,bybit,LTC/USDT:USDT,109.79,7.3,109.78,39.2,109.8,50.4,109.81,123.3
1753769321406,06:08:41.406,okx,LTC/USDT:USDT,109.77,53.4,109.76,91.6,109.78,76.6,109.79,61.2
1753769321400,06:08:41.400,coincatch,LTC/USDT:USDT,109.72,352.2,109.71,364.5,109.77,79.5,109.78,3.3
1753769321425,06:08:41.425,binanceusdm,LTC/USDT:USDT,109.74,203.007,109.73,281.634,109.75,66.716,109.76,2.76
1753769321425,06:08:41.425,binance,LTC/USDT:USDT,109.74,203.007,109.73,281.634,109.75,66.716,109.76,2.76
1753769321306,06:08:41.306,okxus,LTC/USDT:USDT,109.77,53.4,109.76,87.1,109.78,76.6,109.79,61.2
1753769321497,06:08:41.497,bybit,LTC/USDT:USDT,109.79,8.3,109.78,39.2,109.8,50.4,109.81,123.3
1753769321480,06:08:41.480,bitget,LTC/USDT:USDT,109.83,15.0,109.82,80.5,109.84,106.0,109.85,174.7
1753769321526,06:08:41.526,binanceusdm,LTC/USDT:USDT,109.74,203.199,109.73,281.634,109.75,66.716,109.76,2.76
1753769321526,06:08:41.526,binance,LTC/USDT:USDT,109.74,203.199,109.73,281.634,109.75,66.716,109.76,2.76
1753769321483,06:08:41.483,bitmex,LTC/USDT:USDT,109.76,12000.0,109.73,9000.0,109.81,33000.0,109.83,55000.0
1753769321406,06:08:41.406,okxus,LTC/USDT:USDT,109.77,53.4,109.76,91.6,109.78,76.6,109.79,61.2
1753769321606,06:08:41.606,okx,LTC/USDT:USDT,109.77,53.4,109.76,79.3,109.78,76.6,109.79,90.4
1753769321630,06:08:41.630,bitmex,LTC/USDT:USDT,109.78,5000.0,109.77,97000.0,109.8,16000.0,109.82,60000.0
1753769321671,06:08:41.671,binance,LTC/USDT:USDT,109.74,271.221,109.73,304.399,109.75,66.716,109.76,2.76
1753769321703,06:08:41.703,bitget,LTC/USDT:USDT,109.83,15.0,109.82,140.4,109.84,106.0,109.85,174.7
1753769321709,06:08:41.709,coincatch,LTC/USDT:USDT,109.72,333.9,109.71,364.5,109.77,79.5,109.78,3.3
1753769321756,06:08:41.756,bitmart,LTC/USDT:USDT,109.74,225533.0,109.73,397513.0,109.75,56776.0,109.76,304892.0
1753769321772,06:08:41.772,binanceusdm,LTC/USDT:USDT,109.74,225.691,109.73,304.399,109.75,66.716,109.76,2.76
1753769321772,06:08:41.772,binance,LTC/USDT:USDT,109.74,225.691,109.73,304.399,109.75,66.716,109.76,2.76
1753769321806,06:08:41.806,okx,LTC/USDT:USDT,109.77,52.7,109.76,83.8,109.78,76.6,109.79,61.2
1753769321830,06:08:41.830,bitget,LTC/USDT:USDT,109.83,15.0,109.82,140.4,109.84,106.0,109.85,174.7
1753769321706,06:08:41.706,okxus,LTC/USDT:USDT,109.77,53.4,109.76,83.8,109.78,76.6,109.79,61.2
1753769321897,06:08:41.897,bybit,LTC/USDT:USDT,109.79,3.0,109.78,39.2,109.8,25.4,109.81,129.3
1753769321906,06:08:41.906,okx,LTC/USDT:USDT,109.77,52.7,109.76,83.8,109.78,76.6,109.79,90.4
1753769321930,06:08:41.930,bitget,LTC/USDT:USDT,109.83,15.0,109.82,140.4,109.84,106.0,109.85,174.7
1753769322019,06:08:42.019,binance,LTC/USDT:USDT,109.74,248.729,109.73,281.634,109.75,66.716,109.76,2.76
1753769322032,06:08:42.032,bitget,LTC/USDT:USDT,109.83,15.0,109.82,140.4,109.84,106.0,109.85,174.7
1753769322097,06:08:42.097,bybit,LTC/USDT:USDT,109.79,3.0,109.78,29.2,109.8,25.4,109.81,123.4
1753769322124,06:08:42.124,binanceusdm,LTC/USDT:USDT,109.74,204.563,109.73,281.634,109.75,66.716,109.76,39.054
1753769322124,06:08:42.124,binance,LTC/USDT:USDT,109.74,204.563,109.73,281.634,109.75,66.716,109.76,39.054
1753769322155,06:08:42.155,bitget,LTC/USDT:USDT,109.82,140.4,109.81,48.2,109.84,106.0,109.85,174.7
1753769322197,06:08:42.197,bybit,LTC/USDT:USDT,109.79,1.0,109.78,29.2,109.8,25.4,109.81,129.3
1753769322125,06:08:42.125,bitmex,LTC/USDT:USDT,109.77,97000.0,109.76,317000.0,109.8,16000.0,109.82,60000.0
1753769322174,06:08:42.174,bitmex,LTC/USDT:USDT,109.77,97000.0,109.76,317000.0,109.8,16000.0,109.82,60000.0
1753769322226,06:08:42.226,binance,LTC/USDT:USDT,109.74,204.563,109.73,238.706,109.75,66.989,109.76,55.131
1753769322106,06:08:42.106,okxus,LTC/USDT:USDT,109.77,52.7,109.76,79.3,109.78,76.6,109.79,90.4
1753769322297,06:08:42.297,bybit,LTC/USDT:USDT,109.79,1.0,109.78,29.2,109.8,50.4,109.81,129.3
1753769322317,06:08:42.317,kucoinfutures,LTC/USDT:USDT,109.8,50.0,109.79,169.0,109.81,104.0,109.82,50.0
1753769322310,06:08:42.310,coincatch,LTC/USDT:USDT,109.72,352.2,109.71,358.0,109.77,79.5,109.78,3.3
1753769322332,06:08:42.332,binanceusdm,LTC/USDT:USDT,109.74,202.468,109.73,238.706,109.75,66.99,109.76,55.131
1753769322332,06:08:42.332,binance,LTC/USDT:USDT,109.74,202.468,109.73,238.706,109.75,66.99,109.76,55.131
1753769322397,06:08:42.397,bybit,LTC/USDT:USDT,109.79,1.0,109.78,29.2,109.8,37.9,109.81,129.3
1753769322376,06:08:42.376,bitget,LTC/USDT:USDT,109.82,20.7,109.81,97.3,109.83,21.2,109.84,51.6
1753769322482,06:08:42.482,bitget,LTC/USDT:USDT,109.82,31.2,109.81,100.7,109.84,107.2,109.85,174.7
1753769322549,06:08:42.549,binanceusdm,LTC/USDT:USDT,109.74,265.569,109.73,261.471,109.75,66.988,109.76,39.054
1753769322549,06:08:42.549,binance,LTC/USDT:USDT,109.74,265.569,109.73,261.471,109.75,66.988,109.76,39.054
1753769322551,06:08:42.551,bitmart,LTC/USDT:USDT,109.74,87866.0,109.73,397513.0,109.75,30476.0,109.76,304892.0
1753769322591,06:08:42.591,bitget,LTC/USDT:USDT,109.82,20.7,109.81,100.7,109.84,107.2,109.85,174.7
1753769322610,06:08:42.610,coincatch,LTC/USDT:USDT,109.72,349.7,109.71,347.3,109.77,79.5,109.78,66.2
1753769322644,06:08:42.644,kucoinfutures,LTC/USDT:USDT,109.8,50.0,109.79,169.0,109.81,104.0,109.82,50.0
1753769322651,06:08:42.651,kucoinfutures,LTC/USDT:USDT,109.8,50.0,109.79,169.0,109.81,104.0,109.82,50.0
1753769322697,06:08:42.697,bybit,LTC/USDT:USDT,109.79,1.0,109.78,22.0,109.8,53.6,109.81,129.3
1753769322675,06:08:42.675,kucoinfutures,LTC/USDT:USDT,109.8,50.0,109.79,169.0,109.81,104.0,109.82,50.0
1753769322675,06:08:42.675,binanceusdm,LTC/USDT:USDT,109.74,195.452,109.73,238.706,109.75,66.988,109.76,55.131
1753769322675,06:08:42.675,binance,LTC/USDT:USDT,109.74,195.452,109.73,238.706,109.75,66.988,109.76,55.131
1753769322706,06:08:42.706,okx,LTC/USDT:USDT,109.77,16.7,109.76,87.1,109.78,151.9,109.79,90.4
1753769316008,06:08:36.008,blofin,LTC/USDT:USDT,109.7,158.0,109.69,14.0,109.71,142.0,109.72,2006.0
1753769322718,06:08:42.718,bitget,LTC/USDT:USDT,109.82,18.2,109.81,160.6,109.83,10.5,109.84,107.2
1753769322694,06:08:42.694,bitmex,LTC/USDT:USDT,109.77,97000.0,109.76,317000.0,109.8,16000.0,109.82,60000.0
1753769322606,06:08:42.606,okxus,LTC/USDT:USDT,109.77,43.6,109.76,87.1,109.78,140.7,109.79,90.4
1753769322797,06:08:42.797,bybit,LTC/USDT:USDT,109.79,1.0,109.78,29.2,109.8,53.6,109.81,133.8
1753769322782,06:08:42.782,binanceusdm,LTC/USDT:USDT,109.74,208.715,109.73,238.706,109.75,66.988,109.76,55.131
1753769322782,06:08:42.782,binance,LTC/USDT:USDT,109.74,208.715,109.73,238.706,109.75,66.988,109.76,55.131
1753769322743,06:08:42.743,bitmex,LTC/USDT:USDT,109.77,97000.0,109.76,317000.0,109.8,16000.0,109.82,60000.0
1753769322830,06:08:42.830,bitget,LTC/USDT:USDT,109.82,18.2,109.81,160.6,109.83,33.8,109.84,107.2
1753769322792,06:08:42.792,bitmex,LTC/USDT:USDT,109.77,97000.0,109.76,317000.0,109.8,16000.0,109.82,60000.0
1753769322706,06:08:42.706,okxus,LTC/USDT:USDT,109.77,16.7,109.76,87.1,109.78,151.9,109.79,90.4
1753769322897,06:08:42.897,bybit,LTC/USDT:USDT,109.79,1.0,109.78,29.2,109.8,47.6,109.81,133.8
1753769322865,06:08:42.865,kucoinfutures,LTC/USDT:USDT,109.8,50.0,109.79,169.0,109.81,104.0,109.82,50.0
1753769322906,06:08:42.906,okx,LTC/USDT:USDT,109.77,11.7,109.76,87.1,109.78,111.7,109.79,61.2
1753769322897,06:08:42.897,binanceusdm,LTC/USDT:USDT,109.74,185.95,109.73,238.706,109.75,66.988,109.76,55.131
1753769322897,06:08:42.897,binance,LTC/USDT:USDT,109.74,185.95,109.73,238.706,109.75,66.988,109.76,55.131
1753769322910,06:08:42.910,coincatch,LTC/USDT:USDT,109.72,332.3,109.71,347.3,109.77,79.5,109.78,66.2
1753769322931,06:08:42.931,bitget,LTC/USDT:USDT,109.82,28.7,109.81,160.6,109.83,23.3,109.84,107.2
1753769322806,06:08:42.806,okxus,LTC/USDT:USDT,109.77,2.7,109.76,87.1,109.78,151.9,109.79,90.4
1753769323006,06:08:43.006,okx,LTC/USDT:USDT,109.77,11.7,109.76,87.1,109.78,122.7,109.79,90.4
1753769322999,06:08:42.999,binanceusdm,LTC/USDT:USDT,109.74,163.185,109.73,238.706,109.75,66.988,109.76,55.131
1753769322999,06:08:42.999,binance,LTC/USDT:USDT,109.74,163.185,109.73,238.706,109.75,66.988,109.76,55.131
1753769323032,06:08:43.032,bitget,LTC/USDT:USDT,109.82,28.7,109.81,160.6,109.83,23.3,109.84,107.2
1753769322906,06:08:42.906,okxus,LTC/USDT:USDT,109.77,11.7,109.76,87.1,109.78,111.7,109.79,61.2
1753769323097,06:08:43.097,bybit,LTC/USDT:USDT,109.79,1.0,109.78,29.2,109.8,53.6,109.81,133.8
1753769323106,06:08:43.106,okx,LTC/USDT:USDT,109.77,2.7,109.76,87.1,109.78,140.9,109.79,90.4
1753769323133,06:08:43.133,bitget,LTC/USDT:USDT,109.82,18.2,109.81,172.1,109.83,24.4,109.84,107.2
1753769323006,06:08:43.006,okxus,LTC/USDT:USDT,109.77,11.7,109.76,87.1,109.78,122.7,109.79,90.4
1753769323197,06:08:43.197,bybit,LTC/USDT:USDT,109.79,1.0,109.78,29.2,109.8,53.6,109.81,133.8
1753769323169,06:08:43.169,binanceusdm,LTC/USDT:USDT,109.74,163.185,109.73,265.557,109.75,66.988,109.76,55.131
1753769323169,06:08:43.169,binance,LTC/USDT:USDT,109.74,163.185,109.73,265.557,109.75,66.988,109.76,55.131
1753769323236,06:08:43.236,bitget,LTC/USDT:USDT,109.82,18.2,109.81,160.6,109.83,18.6,109.84,107.2
1753769323297,06:08:43.297,bybit,LTC/USDT:USDT,109.79,1.0,109.78,29.2,109.8,47.6,109.81,133.8
1753769323276,06:08:43.276,binanceusdm,LTC/USDT:USDT,109.74,185.95,109.73,262.243,109.75,70.292,109.76,39.054
1753769323276,06:08:43.276,binance,LTC/USDT:USDT,109.74,185.95,109.73,262.243,109.75,70.292,109.76,39.054
1753769323206,06:08:43.206,okxus,LTC/USDT:USDT,109.77,2.7,109.76,87.1,109.78,111.7,109.79,90.4
1753769323420,06:08:43.420,binanceusdm,LTC/USDT:USDT,109.74,163.185,109.73,262.243,109.75,76.401,109.76,39.054
1753769323420,06:08:43.420,binance,LTC/USDT:USDT,109.74,163.185,109.73,262.243,109.75,76.401,109.76,39.054
1753769323446,06:08:43.446,kucoinfutures,LTC/USDT:USDT,109.79,169.0,109.78,617.0,109.8,106.0,109.81,50.0
1753769323446,06:08:43.446,kucoinfutures,LTC/USDT:USDT,109.79,169.0,109.78,617.0,109.8,106.0,109.81,50.0
1753769323448,06:08:43.448,kucoinfutures,LTC/USDT:USDT,109.79,142.0,109.78,617.0,109.8,106.0,109.81,50.0
1753769323450,06:08:43.450,kucoinfutures,LTC/USDT:USDT,109.79,19.0,109.78,617.0,109.8,106.0,109.81,50.0
1753769323457,06:08:43.457,kucoinfutures,LTC/USDT:USDT,109.79,47.0,109.78,617.0,109.8,106.0,109.81,50.0
1753769323456,06:08:43.456,bitget,LTC/USDT:USDT,109.82,3.2,109.81,172.1,109.83,20.8,109.84,82.5
1753769323496,06:08:43.496,bybit,LTC/USDT:USDT,109.79,1.0,109.78,7.5,109.8,53.6,109.81,133.8
1753769323471,06:08:43.471,kucoinfutures,LTC/USDT:USDT,109.79,47.0,109.78,617.0,109.8,106.0,109.81,50.0
1753769323506,06:08:43.506,okx,LTC/USDT:USDT,109.77,2.0,109.76,87.1,109.78,153.0,109.79,104.4
1753769323513,06:08:43.513,kucoinfutures,LTC/USDT:USDT,109.79,47.0,109.78,617.0,109.8,106.0,109.81,50.0
1753769323510,06:08:43.510,coincatch,LTC/USDT:USDT,109.72,321.3,109.71,356.7,109.77,84.4,109.78,46.9
1753769323535,06:08:43.535,binanceusdm,LTC/USDT:USDT,109.74,142.522,109.73,219.392,109.75,107.142,109.76,39.054
1753769323535,06:08:43.535,binance,LTC/USDT:USDT,109.74,142.522,109.73,219.392,109.75,107.142,109.76,39.054
1753769323406,06:08:43.406,okxus,LTC/USDT:USDT,109.77,2.7,109.76,87.1,109.78,112.8,109.79,90.4
1753769323597,06:08:43.597,bybit,LTC/USDT:USDT,109.78,1.2,109.77,25.5,109.79,89.5,109.8,81.7
1753769323555,06:08:43.555,bitget,LTC/USDT:USDT,109.82,3.2,109.81,157.2,109.83,20.8,109.84,122.2
1753769323613,06:08:43.613,kucoinfutures,LTC/USDT:USDT,109.79,19.0,109.78,617.0,109.8,106.0,109.81,50.0
1753769323621,06:08:43.621,kucoinfutures,LTC/USDT:USDT,109.79,38.0,109.78,617.0,109.8,106.0,109.81,50.0
1753769323579,06:08:43.579,bitmex,LTC/USDT:USDT,109.77,97000.0,109.76,317000.0,109.8,16000.0,109.82,60000.0
1753769323643,06:08:43.643,binanceusdm,LTC/USDT:USDT,109.74,39.125,109.73,130.346,109.75,241.767,109.76,136.982
1753769323643,06:08:43.643,binance,LTC/USDT:USDT,109.74,39.125,109.73,130.346,109.75,241.767,109.76,136.982
1753769323697,06:08:43.697,bybit,LTC/USDT:USDT,109.78,1.2,109.77,16.6,109.79,96.1,109.8,91.1
1753769323663,06:08:43.663,kucoinfutures,LTC/USDT:USDT,109.79,38.0,109.78,617.0,109.8,106.0,109.81,50.0
1753769323672,06:08:43.672,kucoinfutures,LTC/USDT:USDT,109.79,38.0,109.78,617.0,109.8,106.0,109.81,50.0
1753769323706,06:08:43.706,okx,LTC/USDT:USDT,109.76,1.2,109.75,96.2,109.77,240.9,109.78,201.2
1753769323680,06:08:43.680,bitmex,LTC/USDT:USDT,109.77,97000.0,109.76,317000.0,109.8,21000.0,109.82,60000.0
1753769323606,06:08:43.606,okxus,LTC/USDT:USDT,109.77,2.0,109.76,87.1,109.78,105.0,109.79,109.0
1753769323747,06:08:43.747,binanceusdm,LTC/USDT:USDT,109.74,32.146,109.73,119.689,109.75,268.618,109.76,150.753
1753769323747,06:08:43.747,binance,LTC/USDT:USDT,109.74,32.146,109.73,119.689,109.75,268.618,109.76,150.753
1753769323811,06:08:43.811,coincatch,LTC/USDT:USDT,109.72,253.3,109.71,303.6,109.77,322.3,109.78,180.9
1753769323781,06:08:43.781,bitmex,LTC/USDT:USDT,109.76,317000.0,109.75,5000.0,109.77,16000.0,109.8,60000.0
1753769323706,06:08:43.706,okxus,LTC/USDT:USDT,109.76,1.2,109.75,96.2,109.77,240.9,109.78,201.2
1753769323848,06:08:43.848,binanceusdm,LTC/USDT:USDT,109.74,22.486,109.73,100.051,109.75,225.69,109.76,150.753
1753769323848,06:08:43.848,binance,LTC/USDT:USDT,109.74,22.486,109.73,100.051,109.75,225.69,109.76,150.753
1753769323897,06:08:43.897,bybit,LTC/USDT:USDT,109.78,1.0,109.77,16.4,109.79,90.4,109.8,145.8
1753769323831,06:08:43.831,bitmex,LTC/USDT:USDT,109.76,317000.0,109.75,5000.0,109.77,16000.0,109.79,55000.0
1753769323906,06:08:43.906,okx,LTC/USDT:USDT,109.76,10.3,109.75,96.2,109.77,231.7,109.78,199.4
1753769323909,06:08:43.909,kucoinfutures,LTC/USDT:USDT,109.78,617.0,109.77,225.0,109.8,106.0,109.81,50.0
1753769323938,06:08:43.938,kucoinfutures,LTC/USDT:USDT,109.78,617.0,109.77,100.0,109.79,56.0,109.8,50.0
1753769323900,06:08:43.900,bitmex,LTC/USDT:USDT,109.76,317000.0,109.75,5000.0,109.77,16000.0,109.79,55000.0
1753769323951,06:08:43.951,binanceusdm,LTC/USDT:USDT,109.74,23.879,109.73,100.051,109.75,225.69,109.76,150.753
1753769323951,06:08:43.951,binance,LTC/USDT:USDT,109.74,23.879,109.73,100.051,109.75,225.69,109.76,150.753
1753769323957,06:08:43.957,kucoinfutures,LTC/USDT:USDT,109.78,617.0,109.77,100.0,109.79,56.0,109.8,50.0
1753769323997,06:08:43.997,bybit,LTC/USDT:USDT,109.78,1.0,109.77,9.8,109.79,90.4,109.8,145.8
1753769323957,06:08:43.957,bitmart,LTC/USDT:USDT,109.74,16806.0,109.73,397513.0,109.75,115508.0,109.76,304892.0
1753769324011,06:08:44.011,kucoinfutures,LTC/USDT:USDT,109.78,622.0,109.77,100.0,109.79,56.0,109.8,50.0
1753769324031,06:08:44.031,bitget,LTC/USDT:USDT,109.81,15.0,109.8,202.3,109.82,22.2,109.83,190.5
1753769324041,06:08:44.041,kucoinfutures,LTC/USDT:USDT,109.78,622.0,109.77,100.0,109.79,56.0,109.8,50.0
1753769323906,06:08:43.906,okxus,LTC/USDT:USDT,109.76,10.3,109.75,96.2,109.77,231.7,109.78,199.4
1753769324099,06:08:44.099,bybit,LTC/USDT:USDT,109.78,1.0,109.77,9.8,109.79,90.4,109.8,145.8
1753769317011,06:08:37.011,blofin,LTC/USDT:USDT,109.7,158.0,109.69,5.0,109.72,145.0,109.77,2032.0
1753769324082,06:08:44.082,binanceusdm,LTC/USDT:USDT,109.74,34.465,109.73,104.062,109.75,225.69,109.76,107.825
1753769324082,06:08:44.082,binance,LTC/USDT:USDT,109.74,34.465,109.73,104.062,109.75,225.69,109.76,107.825
1753769324106,06:08:44.106,okx,LTC/USDT:USDT,109.76,10.3,109.75,96.2,109.77,231.7,109.78,199.4
1753769324111,06:08:44.111,coincatch,LTC/USDT:USDT,109.72,159.4,109.71,311.3,109.77,270.8,109.78,180.9
1753769324132,06:08:44.132,bitget,LTC/USDT:USDT,109.81,15.0,109.8,202.3,109.82,22.2,109.83,190.5
1753769324006,06:08:44.006,okxus,LTC/USDT:USDT,109.76,10.3,109.75,96.2,109.77,231.7,109.78,199.4
1753769324151,06:08:44.151,bitmart,LTC/USDT:USDT,109.74,7000.0,109.73,397513.0,109.75,115508.0,109.76,304892.0
1753769324197,06:08:44.197,bybit,LTC/USDT:USDT,109.78,1.0,109.77,16.4,109.79,97.1,109.8,139.3
1753769324186,06:08:44.186,binanceusdm,LTC/USDT:USDT,109.74,34.465,109.73,104.062,109.75,225.69,109.76,150.753
1753769324186,06:08:44.186,binance,LTC/USDT:USDT,109.74,34.465,109.73,104.062,109.75,225.69,109.76,150.753
1753769324106,06:08:44.106,okxus,LTC/USDT:USDT,109.76,10.3,109.75,96.2,109.77,231.7,109.78,199.4
1753769324257,06:08:44.257,bitget,LTC/USDT:USDT,109.81,15.0,109.8,202.3,109.82,22.2,109.83,190.5
1753769324297,06:08:44.297,bybit,LTC/USDT:USDT,109.78,1.0,109.77,16.4,109.79,97.1,109.8,139.3
1753769324289,06:08:44.289,binanceusdm,LTC/USDT:USDT,109.74,34.465,109.73,104.062,109.75,260.69,109.76,150.753
1753769324289,06:08:44.289,binance,LTC/USDT:USDT,109.74,34.465,109.73,104.062,109.75,260.69,109.76,150.753
1753769324295,06:08:44.295,kucoinfutures,LTC/USDT:USDT,109.78,622.0,109.77,100.0,109.79,56.0,109.8,50.0
1753769324306,06:08:44.306,okx,LTC/USDT:USDT,109.76,1.3,109.75,96.2,109.77,271.9,109.78,199.4
1753769324397,06:08:44.397,bybit,LTC/USDT:USDT,109.78,1.0,109.77,16.4,109.79,102.9,109.8,109.8
1753769324326,06:08:44.326,bitmex,LTC/USDT:USDT,109.76,310000.0,109.75,5000.0,109.77,16000.0,109.79,55000.0
1753769324382,06:08:44.382,bitget,LTC/USDT:USDT,109.81,15.0,109.8,202.3,109.82,22.2,109.83,190.5
1753769324406,06:08:44.406,okx,LTC/USDT:USDT,109.76,0.4,109.75,96.2,109.77,271.9,109.78,199.4
1753769324375,06:08:44.375,bitmex,LTC/USDT:USDT,109.76,310000.0,109.75,5000.0,109.77,16000.0,109.79,55000.0
1753769324411,06:08:44.411,coincatch,LTC/USDT:USDT,109.72,162.4,109.71,313.1,109.77,312.8,109.78,180.9
1753769324444,06:08:44.444,binanceusdm,LTC/USDT:USDT,109.74,34.465,109.73,100.051,109.75,260.708,109.76,150.753
1753769324444,06:08:44.444,binance,LTC/USDT:USDT,109.74,34.465,109.73,100.051,109.75,260.708,109.76,150.753
1753769324497,06:08:44.497,bybit,LTC/USDT:USDT,109.78,2.0,109.77,16.4,109.79,97.1,109.8,109.8
1753769324484,06:08:44.484,bitget,LTC/USDT:USDT,109.81,15.0,109.8,202.3,109.82,22.2,109.83,190.5
1753769324506,06:08:44.506,okx,LTC/USDT:USDT,109.76,0.4,109.75,96.2,109.77,271.9,109.78,199.4
1753769324406,06:08:44.406,okxus,LTC/USDT:USDT,109.76,0.4,109.75,96.2,109.77,271.9,109.78,199.4
1753769324597,06:08:44.597,bybit,LTC/USDT:USDT,109.78,2.0,109.77,16.4,109.79,97.1,109.8,109.8
1753769324582,06:08:44.582,binance,LTC/USDT:USDT,109.74,35.469,109.73,104.062,109.75,260.708,109.76,150.753
1753769324582,06:08:44.582,binanceusdm,LTC/USDT:USDT,109.74,35.469,109.73,104.062,109.75,260.708,109.76,150.753
1753769324584,06:08:44.584,bitget,LTC/USDT:USDT,109.81,15.0,109.8,202.3,109.82,37.2,109.83,190.5
1753769324720,06:08:44.720,binanceusdm,LTC/USDT:USDT,109.74,35.469,109.73,104.062,109.75,269.765,109.76,150.753
1753769324720,06:08:44.720,binance,LTC/USDT:USDT,109.74,35.469,109.73,104.062,109.75,269.765,109.76,150.753
1753769324712,06:08:44.712,coincatch,LTC/USDT:USDT,109.72,162.4,109.71,314.7,109.77,312.8,109.78,180.9
1753769324797,06:08:44.797,bybit,LTC/USDT:USDT,109.78,2.0,109.77,16.4,109.79,97.1,109.8,139.5
1753769324806,06:08:44.806,okx,LTC/USDT:USDT,109.76,1.3,109.75,96.2,109.77,231.7,109.78,199.4
1753769324822,06:08:44.822,binanceusdm,LTC/USDT:USDT,109.74,35.469,109.73,104.062,109.75,269.765,109.76,170.058
1753769324822,06:08:44.822,binance,LTC/USDT:USDT,109.74,35.469,109.73,104.062,109.75,269.765,109.76,170.058
1753769324834,06:08:44.834,bitget,LTC/USDT:USDT,109.81,15.0,109.8,202.3,109.82,37.2,109.83,190.5
1753769324706,06:08:44.706,okxus,LTC/USDT:USDT,109.76,1.3,109.75,96.2,109.77,231.7,109.78,199.4
1753769324845,06:08:44.845,kucoinfutures,LTC/USDT:USDT,109.78,622.0,109.77,100.0,109.79,56.0,109.8,50.0
1753769324849,06:08:44.849,kucoinfutures,LTC/USDT:USDT,109.78,622.0,109.77,100.0,109.79,56.0,109.8,50.0
1753769324897,06:08:44.897,bybit,LTC/USDT:USDT,109.78,2.0,109.77,16.4,109.79,101.6,109.8,135.0
1753769324964,06:08:44.964,kucoinfutures,LTC/USDT:USDT,109.78,622.0,109.77,100.0,109.79,56.0,109.8,50.0
1753769324968,06:08:44.968,kucoinfutures,LTC/USDT:USDT,109.78,622.0,109.77,100.0,109.79,56.0,109.8,50.0
1753769324984,06:08:44.984,bitget,LTC/USDT:USDT,109.81,15.0,109.8,202.3,109.82,37.2,109.83,190.5
1753769325008,06:08:45.008,kucoinfutures,LTC/USDT:USDT,109.78,622.0,109.77,100.0,109.79,56.0,109.8,50.0
1753769325013,06:08:45.013,coincatch,LTC/USDT:USDT,109.72,161.0,109.71,315.3,109.77,323.7,109.78,193.1
1753769324906,06:08:44.906,okxus,LTC/USDT:USDT,109.76,1.3,109.75,96.2,109.77,231.7,109.78,203.9
1753769325056,06:08:45.056,binanceusdm,LTC/USDT:USDT,109.74,35.469,109.73,100.051,109.75,269.765,109.76,160.947
1753769325056,06:08:45.056,binance,LTC/USDT:USDT,109.74,35.469,109.73,100.051,109.75,269.765,109.76,160.947
1753769325098,06:08:45.098,bybit,LTC/USDT:USDT,109.78,2.0,109.77,7.0,109.79,107.4,109.8,105.3
1753769325017,06:08:45.017,bitmex,LTC/USDT:USDT,109.76,310000.0,109.75,5000.0,109.77,16000.0,109.79,55000.0
1753769325106,06:08:45.106,okx,LTC/USDT:USDT,109.76,0.4,109.75,96.2,109.77,271.9,109.78,203.9
1753769325093,06:08:45.093,bitget,LTC/USDT:USDT,109.81,15.0,109.8,202.3,109.82,26.7,109.83,190.5
1753769325132,06:08:45.132,kucoinfutures,LTC/USDT:USDT,109.78,622.0,109.77,100.0,109.79,56.0,109.8,50.0
1753769325006,06:08:45.006,okxus,LTC/USDT:USDT,109.76,0.4,109.75,96.2,109.77,271.9,109.78,203.9
1753769325197,06:08:45.197,bybit,LTC/USDT:USDT,109.78,2.0,109.77,7.0,109.79,107.4,109.8,105.3
1753769325173,06:08:45.173,binanceusdm,LTC/USDT:USDT,109.74,35.469,109.73,100.051,109.75,269.957,109.76,160.947
1753769325173,06:08:45.173,binance,LTC/USDT:USDT,109.74,35.469,109.73,100.051,109.75,269.957,109.76,160.947
1753769325233,06:08:45.233,bitget,LTC/USDT:USDT,109.81,15.0,109.8,202.3,109.82,37.2,109.83,190.5
1753769325297,06:08:45.297,bybit,LTC/USDT:USDT,109.78,2.0,109.77,0.4,109.79,113.1,109.8,105.3
1753769325276,06:08:45.276,binanceusdm,LTC/USDT:USDT,109.74,28.18,109.73,57.934,109.75,303.621,109.76,160.947
1753769325284,06:08:45.284,kucoinfutures,LTC/USDT:USDT,109.78,622.0,109.77,100.0,109.79,56.0,109.8,50.0
1753769325285,06:08:45.285,kucoinfutures,LTC/USDT:USDT,109.78,622.0,109.77,100.0,109.79,106.0,109.8,50.0
1753769325313,06:08:45.313,coincatch,LTC/USDT:USDT,109.72,161.0,109.71,315.3,109.77,323.7,109.78,193.1
1753769325333,06:08:45.333,bitget,LTC/USDT:USDT,109.81,15.0,109.8,202.3,109.82,37.2,109.83,190.5
1753769325206,06:08:45.206,okxus,LTC/USDT:USDT,109.76,0.4,109.75,96.2,109.77,271.9,109.78,203.9
1753769325397,06:08:45.397,bybit,LTC/USDT:USDT,109.78,2.0,109.77,0.4,109.79,101.6,109.8,135.0
1753769325358,06:08:45.358,bitmart,LTC/USDT:USDT,109.74,15717.0,109.73,397513.0,109.75,115508.0,109.76,304892.0
1753769325379,06:08:45.379,binanceusdm,LTC/USDT:USDT,109.74,28.18,109.73,57.934,109.75,276.77,109.76,160.947
1753769325379,06:08:45.379,binance,LTC/USDT:USDT,109.74,28.18,109.73,57.934,109.75,276.77,109.76,160.947
1753769325434,06:08:45.434,bitget,LTC/USDT:USDT,109.81,15.0,109.8,262.2,109.82,37.2,109.83,190.5
1753769325597,06:08:45.597,bybit,LTC/USDT:USDT,109.78,2.0,109.77,0.4,109.79,101.6,109.8,136.8
1753769325555,06:08:45.555,bitmart,LTC/USDT:USDT,109.74,15717.0,109.73,397513.0,109.75,115508.0,109.76,304892.0
1753769325581,06:08:45.581,bitget,LTC/USDT:USDT,109.81,15.0,109.8,262.2,109.82,37.2,109.83,190.5
1753769325583,06:08:45.583,binanceusdm,LTC/USDT:USDT,109.74,28.18,109.73,57.934,109.75,276.798,109.76,118.019
1753769325583,06:08:45.583,binance,LTC/USDT:USDT,109.74,28.18,109.73,57.934,109.75,276.798,109.76,118.019
1753769325697,06:08:45.697,bybit,LTC/USDT:USDT,109.78,2.0,109.77,0.4,109.79,97.1,109.8,136.8
1753769325682,06:08:45.682,bitget,LTC/USDT:USDT,109.81,25.5,109.8,262.2,109.82,26.7,109.83,190.5
1753769325694,06:08:45.694,binanceusdm,LTC/USDT:USDT,109.74,28.18,109.73,57.934,109.75,276.798,109.76,160.947
1753769325694,06:08:45.694,binance,LTC/USDT:USDT,109.74,28.18,109.73,57.934,109.75,276.798,109.76,160.947
1753769325606,06:08:45.606,okxus,LTC/USDT:USDT,109.76,1.3,109.75,96.2,109.77,231.7,109.78,199.4
1753769325797,06:08:45.797,bybit,LTC/USDT:USDT,109.78,2.0,109.77,0.4,109.79,97.1,109.8,136.8
1753769325806,06:08:45.806,okx,LTC/USDT:USDT,109.76,1.3,109.75,96.2,109.77,231.7,109.78,199.4
1753769325799,06:08:45.799,bitget,LTC/USDT:USDT,109.81,15.0,109.8,262.2,109.82,37.2,109.83,190.5
1753769325897,06:08:45.897,bybit,LTC/USDT:USDT,109.78,2.0,109.77,0.4,109.79,97.1,109.8,136.8
1753769325906,06:08:45.906,okx,LTC/USDT:USDT,109.76,1.3,109.75,83.0,109.77,231.7,109.78,251.6
1753769325906,06:08:45.906,bitget,LTC/USDT:USDT,109.81,15.0,109.8,195.6,109.82,37.2,109.83,190.5
1753769325913,06:08:45.913,coincatch,LTC/USDT:USDT,109.72,158.1,109.71,300.1,109.77,332.1,109.78,193.1
