timestamp,time,exchange,symbol,bid1_price,bid1_volume,bid2_price,bid2_volume,ask1_price,ask1_volume,ask2_price,ask2_volume
1753769515836,06:11:55.836,apex,LTC/USDT:USDT,109.72,11.0,109.71,17.9,109.76,13.7,109.77,16.9
1753769515836,06:11:55.836,apex,LTC/USDT:USDT,109.72,11.0,109.71,17.9,109.76,13.7,109.77,16.9
1753769515836,06:11:55.836,apex,LTC/USDT:USDT,109.72,11.0,109.71,17.9,109.76,13.7,109.77,16.9
1753769515836,06:11:55.836,apex,LTC/USDT:USDT,109.72,11.0,109.71,17.9,109.76,13.7,109.77,16.9
1753769515836,06:11:55.836,apex,LTC/USDT:USDT,109.72,11.0,109.71,17.9,109.76,13.7,109.77,16.9
1753769515836,06:11:55.836,apex,LTC/USDT:USDT,109.72,11.0,109.71,17.9,109.76,13.7,109.77,16.9
1753769515836,06:11:55.836,apex,LTC/USDT:USDT,109.72,11.0,109.71,17.9,109.76,13.7,109.77,16.9
1753769515836,06:11:55.836,apex,LTC/USDT:USDT,109.72,11.0,109.71,17.9,109.76,13.7,109.77,16.9
1753769515836,06:11:55.836,apex,LTC/USDT:USDT,109.72,11.0,109.71,17.9,109.76,13.7,109.77,16.9
1753769515836,06:11:55.836,apex,LTC/USDT:USDT,109.72,11.0,109.71,17.9,109.76,13.7,109.77,16.9
1753769515836,06:11:55.836,apex,LTC/USDT:USDT,109.72,11.0,109.71,17.9,109.76,13.7,109.77,16.9
1753769515836,06:11:55.836,apex,LTC/USDT:USDT,109.72,11.0,109.71,17.9,109.76,13.7,109.77,16.9
1753769515836,06:11:55.836,apex,LTC/USDT:USDT,109.72,11.0,109.71,17.9,109.76,13.7,109.77,16.9
1753769515836,06:11:55.836,apex,LTC/USDT:USDT,109.72,11.0,109.71,17.9,109.76,13.7,109.77,16.9
1753769515836,06:11:55.836,apex,LTC/USDT:USDT,109.72,11.0,109.71,17.9,109.76,13.7,109.77,16.9
1753769515836,06:11:55.836,apex,LTC/USDT:USDT,109.72,11.0,109.71,17.9,109.76,13.7,109.77,16.9
1753769515836,06:11:55.836,apex,LTC/USDT:USDT,109.72,11.0,109.71,17.9,109.76,13.7,109.77,16.9
1753769515836,06:11:55.836,apex,LTC/USDT:USDT,109.72,11.0,109.71,17.9,109.76,13.7,109.77,16.9
1753769515836,06:11:55.836,apex,LTC/USDT:USDT,109.72,11.0,109.71,17.9,109.76,13.7,109.77,16.9
1753769515836,06:11:55.836,apex,LTC/USDT:USDT,109.72,11.0,109.71,17.9,109.76,13.7,109.77,16.9
1753769515836,06:11:55.836,apex,LTC/USDT:USDT,109.72,11.0,109.71,17.9,109.76,13.7,109.77,16.9
1753769515836,06:11:55.836,apex,LTC/USDT:USDT,109.72,11.0,109.71,17.9,109.76,13.7,109.77,16.9
1753769516886,06:11:56.886,apex,LTC/USDT:USDT,109.73,19.8,109.72,11.0,109.76,13.7,109.77,16.9
1753769518247,06:11:58.247,binanceusdm,LTC/USDT:USDT,109.73,115.233,109.72,178.074,109.74,169.845,109.75,188.081
1753769518308,06:11:58.308,binance,LTC/USDT:USDT,109.73,115.233,109.72,178.074,109.74,275.769,109.75,204.711
1753769518308,06:11:58.308,binanceusdm,LTC/USDT:USDT,109.73,115.233,109.72,178.074,109.74,275.769,109.75,204.711
1753769518413,06:11:58.413,binanceusdm,LTC/USDT:USDT,109.73,25.627,109.72,133.603,109.74,283.661,109.75,234.376
1753769518413,06:11:58.413,binance,LTC/USDT:USDT,109.73,25.627,109.72,133.603,109.74,283.661,109.75,234.376
1753769518554,06:11:58.554,binanceusdm,LTC/USDT:USDT,109.73,25.627,109.72,133.603,109.74,304.927,109.75,234.376
1753769518554,06:11:58.554,binance,LTC/USDT:USDT,109.73,25.627,109.72,133.603,109.74,304.927,109.75,234.376
1753769519255,06:11:59.255,binanceusdm,LTC/USDT:USDT,109.73,436.753,109.72,229.427,109.74,86.054,109.75,41.895
1753769519255,06:11:59.255,binance,LTC/USDT:USDT,109.73,436.753,109.72,229.427,109.74,86.054,109.75,41.895
1753769519367,06:11:59.367,binanceusdm,LTC/USDT:USDT,109.73,505.051,109.72,220.853,109.74,86.783,109.75,44.461
1753769519367,06:11:59.367,binance,LTC/USDT:USDT,109.73,505.051,109.72,220.853,109.74,86.783,109.75,44.461
1753769519472,06:11:59.472,binanceusdm,LTC/USDT:USDT,109.73,505.324,109.72,220.853,109.74,86.783,109.75,44.461
1753769519472,06:11:59.472,binance,LTC/USDT:USDT,109.73,505.324,109.72,220.853,109.74,86.783,109.75,44.461
1753769519719,06:11:59.719,binanceusdm,LTC/USDT:USDT,109.73,505.544,109.72,216.297,109.74,86.783,109.75,44.461
1753769519830,06:11:59.830,binance,LTC/USDT:USDT,109.73,505.544,109.72,216.297,109.74,86.783,109.75,44.461
1753769519830,06:11:59.830,binanceusdm,LTC/USDT:USDT,109.73,505.544,109.72,216.297,109.74,86.783,109.75,44.461
1753769519971,06:11:59.971,binance,LTC/USDT:USDT,109.75,189.202,109.74,197.164,109.76,152.821,109.77,70.905
1753769519971,06:11:59.971,binanceusdm,LTC/USDT:USDT,109.75,189.202,109.74,197.164,109.76,152.821,109.77,70.905
1753769520074,06:12:00.074,binance,LTC/USDT:USDT,109.75,188.926,109.74,194.813,109.76,153.095,109.77,105.905
1753769520074,06:12:00.074,binanceusdm,LTC/USDT:USDT,109.75,188.926,109.74,194.813,109.76,153.095,109.77,105.905
1753769520175,06:12:00.175,binance,LTC/USDT:USDT,109.75,188.663,109.74,182.096,109.76,153.095,109.77,130.739
1753769520175,06:12:00.175,binanceusdm,LTC/USDT:USDT,109.75,188.663,109.74,182.096,109.76,153.095,109.77,130.739
1753769506098,06:11:46.098,ascendex,LTC/USDT:USDT,109.58,219.1,109.54,219.2,109.84,273.0,109.89,272.8
1753769520380,06:12:00.380,binance,LTC/USDT:USDT,109.75,198.323,109.74,180.128,109.76,153.095,109.77,128.344
1753769520380,06:12:00.380,binanceusdm,LTC/USDT:USDT,109.75,198.323,109.74,180.128,109.76,153.095,109.77,128.344
1753769520482,06:12:00.482,binanceusdm,LTC/USDT:USDT,109.75,216.048,109.74,179.776,109.76,154.395,109.77,128.344
1753769520482,06:12:00.482,binance,LTC/USDT:USDT,109.75,216.048,109.74,179.776,109.76,154.395,109.77,128.344
1753769506098,06:11:46.098,ascendex,LTC/USDT:USDT,109.58,219.1,109.54,219.2,109.84,273.0,109.89,272.8
1753769520817,06:12:00.817,binance,LTC/USDT:USDT,109.75,218.058,109.74,162.141,109.76,153.563,109.77,127.226
1753769520817,06:12:00.817,binanceusdm,LTC/USDT:USDT,109.75,218.058,109.74,162.141,109.76,153.563,109.77,127.226
1753769506098,06:11:46.098,ascendex,LTC/USDT:USDT,109.58,219.1,109.54,219.2,109.84,273.0,109.89,272.8
1753769520922,06:12:00.922,binanceusdm,LTC/USDT:USDT,109.75,218.439,109.74,162.325,109.76,168.144,109.77,126.962
1753769520922,06:12:00.922,binance,LTC/USDT:USDT,109.75,218.439,109.74,162.325,109.76,168.144,109.77,126.962
1753769521130,06:12:01.130,binanceusdm,LTC/USDT:USDT,109.74,28.62,109.73,183.219,109.75,97.577,109.76,181.937
1753769521130,06:12:01.130,binance,LTC/USDT:USDT,109.74,28.62,109.73,183.219,109.75,97.577,109.76,181.937
1753769506098,06:11:46.098,ascendex,LTC/USDT:USDT,109.58,219.1,109.54,219.2,109.84,273.0,109.89,272.8
1753769521160,06:12:01.160,bitget,LTC/USDT:USDT,109.81,15.0,109.8,141.5,109.82,7.0,109.83,109.9
1753769521397,06:12:01.397,bitget,LTC/USDT:USDT,109.81,15.0,109.8,88.7,109.82,35.0,109.83,155.8
1753769521442,06:12:01.442,binanceusdm,LTC/USDT:USDT,109.74,29.7,109.73,120.669,109.75,149.568,109.76,209.53
1753769521442,06:12:01.442,binance,LTC/USDT:USDT,109.74,29.7,109.73,120.669,109.75,149.568,109.76,209.53
1753769506098,06:11:46.098,ascendex,LTC/USDT:USDT,109.58,219.1,109.54,219.2,109.84,273.0,109.89,272.8
1753769506098,06:11:46.098,ascendex,LTC/USDT:USDT,109.58,219.1,109.54,219.2,109.84,273.0,109.89,272.8
1753769521850,06:12:01.850,bitget,LTC/USDT:USDT,109.81,34.6,109.8,140.2,109.82,15.0,109.83,151.1
1753769521872,06:12:01.872,binance,LTC/USDT:USDT,109.74,68.377,109.73,155.669,109.75,98.606,109.76,192.9
1753769521872,06:12:01.872,binanceusdm,LTC/USDT:USDT,109.74,68.377,109.73,155.669,109.75,98.606,109.76,192.9
1753769521951,06:12:01.951,bitget,LTC/USDT:USDT,109.81,34.6,109.8,140.2,109.83,151.1,109.84,277.3
1753769522052,06:12:02.052,bitget,LTC/USDT:USDT,109.81,18.4,109.8,93.4,109.82,20.5,109.83,91.0
1753769522102,06:12:02.102,binance,LTC/USDT:USDT,109.74,32.079,109.73,151.669,109.75,148.842,109.76,196.518
1753769522102,06:12:02.102,binanceusdm,LTC/USDT:USDT,109.74,32.079,109.73,151.669,109.75,148.842,109.76,196.518
1753769506098,06:11:46.098,ascendex,LTC/USDT:USDT,109.58,219.1,109.54,219.2,109.84,273.0,109.89,272.8
1753769522153,06:12:02.153,bitget,LTC/USDT:USDT,109.81,18.4,109.8,93.4,109.82,23.0,109.83,151.1
1753769522221,06:12:02.221,bitfinex,LTC/USDT:USDT,109.86,55.04,109.85,5.05,109.87,12.25801477,109.9,3.64846394
1753769522216,06:12:02.216,binanceusdm,LTC/USDT:USDT,109.74,32.079,109.73,151.669,109.75,121.001,109.76,193.3
1753769522216,06:12:02.216,binance,LTC/USDT:USDT,109.74,32.079,109.73,151.669,109.75,121.001,109.76,193.3
1753769522731,06:12:02.731,bitfinex,LTC/USDT:USDT,109.86,55.04,109.85,5.05,109.87,12.25820937,109.9,17.29816394
1753769522540,06:12:02.540,binanceusdm,LTC/USDT:USDT,109.74,24.984,109.73,158.959,109.75,104.428,109.76,213.548
1753769522691,06:12:02.691,binance,LTC/USDT:USDT,109.74,24.984,109.73,159.263,109.75,124.744,109.76,213.548
1753769522701,06:12:02.701,bitget,LTC/USDT:USDT,109.81,18.4,109.8,148.9,109.82,35.3,109.83,151.1
1753769522802,06:12:02.802,bitget,LTC/USDT:USDT,109.81,18.4,109.8,148.9,109.82,35.3,109.83,151.1
1753769522948,06:12:02.948,bitget,LTC/USDT:USDT,109.81,18.4,109.8,148.9,109.82,35.3,109.83,151.1
1753769522960,06:12:02.960,binance,LTC/USDT:USDT,109.74,24.984,109.73,159.263,109.75,124.744,109.76,213.548
1753769522960,06:12:02.960,binanceusdm,LTC/USDT:USDT,109.74,24.984,109.73,159.263,109.75,124.744,109.76,213.548
1753769523025,06:12:03.025,bitfinex,LTC/USDT:USDT,109.86,55.04,109.85,5.05,109.87,12.25820937,109.9,17.29816394
1753769523025,06:12:03.025,bitfinex,LTC/USDT:USDT,109.86,55.04,109.85,5.05,109.87,12.25820937,109.9,17.29816394
1753769523026,06:12:03.026,bitfinex,LTC/USDT:USDT,109.86,55.04,109.85,5.05,109.87,12.25820937,109.9,17.29816394
1753769523050,06:12:03.050,bitget,LTC/USDT:USDT,109.81,18.4,109.8,148.9,109.82,35.3,109.83,151.1
1753769523150,06:12:03.150,bitget,LTC/USDT:USDT,109.81,18.4,109.8,148.9,109.82,35.3,109.83,151.1
1753769523190,06:12:03.190,binance,LTC/USDT:USDT,109.74,24.984,109.73,158.959,109.75,147.596,109.76,213.548
1753769523190,06:12:03.190,binanceusdm,LTC/USDT:USDT,109.74,24.984,109.73,158.959,109.75,147.596,109.76,213.548
1753769523250,06:12:03.250,bitget,LTC/USDT:USDT,109.81,18.4,109.8,148.9,109.82,35.3,109.83,151.1
1753769523321,06:12:03.321,bitfinex,LTC/USDT:USDT,109.86,55.04,109.85,5.05,109.87,12.25820937,109.9,17.29816394
1753769523323,06:12:03.323,bitfinex,LTC/USDT:USDT,109.86,55.04,109.85,5.05,109.87,12.25820937,109.9,17.29816394
1753769523324,06:12:03.324,bitfinex,LTC/USDT:USDT,109.86,55.04,109.85,5.05,109.87,15.79103761,109.9,17.29816394
1753769523305,06:12:03.305,binanceusdm,LTC/USDT:USDT,109.74,24.984,109.73,158.959,109.75,164.234,109.76,213.548
1753769523305,06:12:03.305,binance,LTC/USDT:USDT,109.74,24.984,109.73,158.959,109.75,164.234,109.76,213.548
1753769523622,06:12:03.622,bitfinex,LTC/USDT:USDT,109.86,55.04,109.85,5.05,109.87,12.25820937,109.9,17.29816394
1753769523564,06:12:03.564,binanceusdm,LTC/USDT:USDT,109.74,27.534,109.73,158.959,109.75,164.691,109.76,198.782
1753769523604,06:12:03.604,bitget,LTC/USDT:USDT,109.81,18.4,109.8,148.9,109.82,35.3,109.83,151.1
1753769523666,06:12:03.666,binanceusdm,LTC/USDT:USDT,109.74,27.534,109.73,158.959,109.75,164.691,109.76,198.782
1753769523666,06:12:03.666,binance,LTC/USDT:USDT,109.74,27.534,109.73,158.959,109.75,164.691,109.76,198.782
1753769523721,06:12:03.721,bitfinex,LTC/USDT:USDT,109.86,55.04,109.85,5.05,109.87,12.25820937,109.9,17.29816394
1753769523722,06:12:03.722,bitfinex,LTC/USDT:USDT,109.86,55.04,109.85,5.05,109.87,12.25820937,109.9,17.29816394
1753769523722,06:12:03.722,bitfinex,LTC/USDT:USDT,109.86,55.04,109.85,5.05,109.87,21.36020937,109.9,17.29816394
1753769524143,06:12:04.143,bitfinex,LTC/USDT:USDT,109.86,55.04,109.85,5.05,109.87,21.36020937,109.9,17.29816394
1753769523921,06:12:03.921,bitmart,LTC/USDT:USDT,109.74,12736.0,109.73,243771.0,109.75,97703.0,109.76,261152.0
1753769524155,06:12:04.155,bitget,LTC/USDT:USDT,109.81,28.9,109.8,148.9,109.82,28.4,109.83,151.1
1753769524217,06:12:04.217,bitfinex,LTC/USDT:USDT,109.86,55.04,109.85,5.05,109.87,21.36020937,109.9,17.29816394
1753769524217,06:12:04.217,bitfinex,LTC/USDT:USDT,109.86,55.04,109.85,5.05,109.87,24.89300628,109.9,17.29816394
1753769524218,06:12:04.218,bitfinex,LTC/USDT:USDT,109.86,55.04,109.85,5.05,109.87,24.89300628,109.9,17.29816394
1753769524268,06:12:04.268,binance,LTC/USDT:USDT,109.74,30.484,109.73,156.062,109.75,164.691,109.76,198.782
1753769524268,06:12:04.268,binanceusdm,LTC/USDT:USDT,109.74,30.484,109.73,156.062,109.75,164.691,109.76,198.782
1753769524319,06:12:04.319,bitget,LTC/USDT:USDT,109.81,18.4,109.8,148.9,109.82,28.4,109.83,151.1
1753769524435,06:12:04.435,bitfinex,LTC/USDT:USDT,109.86,55.04,109.85,5.05,109.87,33.91696441,109.9,17.29816394
1753769524699,06:12:04.699,bitfinex,LTC/USDT:USDT,109.86,55.04,109.85,5.05,109.87,33.91696441,109.9,17.29816394
1753769524727,06:12:04.727,bitfinex,LTC/USDT:USDT,109.86,55.04,109.85,5.05,109.87,33.91696441,109.9,17.29816394
1753769523718,06:12:03.718,bitmex,LTC/USDT:USDT,109.76,95000.0,109.75,315000.0,109.78,18000.0,109.79,5000.0
1753769524704,06:12:04.704,binanceusdm,LTC/USDT:USDT,109.74,90.382,109.73,155.76,109.75,164.883,109.76,178.534
1753769524683,06:12:04.683,bitmex,LTC/USDT:USDT,109.76,95000.0,109.75,315000.0,109.79,5000.0,109.8,57000.0
1753769524754,06:12:04.754,bitget,LTC/USDT:USDT,109.81,21.6,109.8,153.6,109.82,24.3,109.83,151.1
1753769524732,06:12:04.732,bitmex,LTC/USDT:USDT,109.76,95000.0,109.75,315000.0,109.81,5000.0,109.84,5000.0
1753769524822,06:12:04.822,bitfinex,LTC/USDT:USDT,109.86,55.04,109.85,5.05,109.87,33.91696441,109.9,17.29816394
1753769524823,06:12:04.823,bitfinex,LTC/USDT:USDT,109.86,55.04,109.85,5.05,109.87,33.91696441,109.9,17.29816394
1753769524825,06:12:04.825,binanceusdm,LTC/USDT:USDT,109.74,30.925,109.73,155.76,109.75,165.794,109.76,182.181
1753769524825,06:12:04.825,binance,LTC/USDT:USDT,109.74,30.925,109.73,155.76,109.75,165.794,109.76,182.181
1753769524781,06:12:04.781,bitmex,LTC/USDT:USDT,109.76,95000.0,109.75,315000.0,109.81,5000.0,109.82,19000.0
1753769524856,06:12:04.856,bitget,LTC/USDT:USDT,109.81,21.6,109.8,153.6,109.82,21.7,109.83,151.1
1753769525001,06:12:05.001,binance,LTC/USDT:USDT,109.74,32.426,109.73,155.76,109.75,166.705,109.76,182.181
1753769525001,06:12:05.001,binanceusdm,LTC/USDT:USDT,109.74,32.426,109.73,155.76,109.75,166.705,109.76,182.181
1753769525002,06:12:05.002,bitget,LTC/USDT:USDT,109.81,21.6,109.8,153.6,109.82,20.5,109.83,151.1
1753769525123,06:12:05.123,bitfinex,LTC/USDT:USDT,109.86,55.04,109.85,5.05,109.87,21.36020937,109.9,17.29816394
1753769525103,06:12:05.103,bitget,LTC/USDT:USDT,109.81,21.6,109.8,153.6,109.82,20.5,109.83,151.1
1753769525124,06:12:05.124,binanceusdm,LTC/USDT:USDT,109.74,49.809,109.73,155.76,109.75,166.705,109.76,178.534
1753769525124,06:12:05.124,binance,LTC/USDT:USDT,109.74,49.809,109.73,155.76,109.75,166.705,109.76,178.534
1753769525117,06:12:05.117,bitmart,LTC/USDT:USDT,109.74,13109.0,109.73,243771.0,109.75,97703.0,109.76,261152.0
1753769525204,06:12:05.204,bitget,LTC/USDT:USDT,109.81,21.6,109.8,153.6,109.82,20.5,109.83,151.1
1753769525225,06:12:05.225,binance,LTC/USDT:USDT,109.74,33.518,109.73,155.76,109.75,166.705,109.76,182.195
1753769525225,06:12:05.225,binanceusdm,LTC/USDT:USDT,109.74,33.518,109.73,155.76,109.75,166.705,109.76,182.195
1753769524333,06:12:04.333,blofin,LTC/USDT:USDT,109.68,2.0,109.67,56.0,109.69,109.0,109.71,4.0
1753769525322,06:12:05.322,bitfinex,LTC/USDT:USDT,109.86,55.04,109.85,5.05,109.87,21.36020937,109.9,17.29816394
1753769525306,06:12:05.306,bitget,LTC/USDT:USDT,109.81,6.6,109.8,153.6,109.82,32.4,109.83,151.1
1753769525328,06:12:05.328,binance,LTC/USDT:USDT,109.74,33.518,109.73,155.76,109.75,166.687,109.76,182.195
1753769525328,06:12:05.328,binanceusdm,LTC/USDT:USDT,109.74,33.518,109.73,155.76,109.75,166.687,109.76,182.195
1753769525438,06:12:05.438,binanceusdm,LTC/USDT:USDT,109.74,33.518,109.73,155.76,109.75,166.335,109.76,182.195
1753769525438,06:12:05.438,binance,LTC/USDT:USDT,109.74,33.518,109.73,155.76,109.75,166.335,109.76,182.195
1753769525521,06:12:05.521,bitget,LTC/USDT:USDT,109.81,17.1,109.8,148.9,109.82,20.5,109.83,151.1
1753769525671,06:12:05.671,binanceusdm,LTC/USDT:USDT,109.74,33.705,109.73,155.76,109.75,160.594,109.76,182.195
1753769525613,06:12:05.613,bitmex,LTC/USDT:USDT,109.76,95000.0,109.75,315000.0,109.81,5000.0,109.82,19000.0
1753769526068,06:12:06.068,bitfinex,LTC/USDT:USDT,109.84,9.1042,109.82,13.6585,109.87,21.36020937,109.9,17.29816394
1753769526074,06:12:06.074,bitfinex,LTC/USDT:USDT,109.84,9.1042,109.82,13.6585,109.87,21.36020937,109.9,17.29816394
1753769525991,06:12:05.991,bitmex,LTC/USDT:USDT,109.73,5000.0,109.72,7000.0,109.76,27000.0,109.77,5000.0
1753769526053,06:12:06.053,binanceusdm,LTC/USDT:USDT,109.71,83.497,109.7,133.306,109.72,36.733,109.73,121.54
1753769526053,06:12:06.053,binance,LTC/USDT:USDT,109.71,83.497,109.7,133.306,109.72,36.733,109.73,121.54
1753769526040,06:12:06.040,bitmex,LTC/USDT:USDT,109.73,5000.0,109.72,7000.0,109.76,27000.0,109.77,5000.0
1753769526040,06:12:06.040,bitmex,LTC/USDT:USDT,109.73,5000.0,109.72,7000.0,109.76,27000.0,109.77,5000.0
1753769526121,06:12:06.121,bitget,LTC/USDT:USDT,109.79,9.5,109.78,60.0,109.8,33.9,109.81,366.4
1753769526118,06:12:06.118,bitmart,LTC/USDT:USDT,109.71,187461.0,109.7,430147.0,109.75,2394.0,109.76,261152.0
1753769526089,06:12:06.089,bitmex,LTC/USDT:USDT,109.73,5000.0,109.72,7000.0,109.76,27000.0,109.77,5000.0
1753769526431,06:12:06.431,bitfinex,LTC/USDT:USDT,109.8,14.1571,109.79,34.89484666,109.86,14.10270279,109.88,1.82423197
1753769506098,06:11:46.098,ascendex,LTC/USDT:USDT,109.58,219.1,109.54,219.2,109.84,273.0,109.89,272.8
1753769526473,06:12:06.473,bitfinex,LTC/USDT:USDT,109.81,75.81182319,109.79,34.89484666,109.85,5.04,109.88,1.82423197
1753769526396,06:12:06.396,bybit,LTC/USDT:USDT,109.74,29.9,109.73,28.0,109.75,8.2,109.76,39.6
1753769526481,06:12:06.481,bitfinex,LTC/USDT:USDT,109.81,75.81182319,109.79,34.89484666,109.85,5.04,109.88,3.64846394
1753769526431,06:12:06.431,bitget,LTC/USDT:USDT,109.79,32.5,109.78,60.0,109.8,11.1,109.81,366.9
1753769526497,06:12:06.497,bybit,LTC/USDT:USDT,109.74,34.2,109.73,43.6,109.75,8.2,109.76,20.2
1753769526487,06:12:06.487,binanceusdm,LTC/USDT:USDT,109.71,212.042,109.7,197.302,109.72,31.496,109.73,64.128
1753769526487,06:12:06.487,binance,LTC/USDT:USDT,109.71,212.042,109.7,197.302,109.72,31.496,109.73,64.128
1753769526440,06:12:06.440,bitmex,LTC/USDT:USDT,109.74,94000.0,109.73,313000.0,109.76,27000.0,109.78,57000.0
1753769526489,06:12:06.489,bitmex,LTC/USDT:USDT,109.74,94000.0,109.73,313000.0,109.78,37000.0,109.79,5000.0
1753769526554,06:12:06.554,bitget,LTC/USDT:USDT,109.79,35.0,109.78,60.0,109.8,8.7,109.81,341.4
1753769526597,06:12:06.597,bybit,LTC/USDT:USDT,109.74,29.9,109.73,43.6,109.75,8.2,109.76,26.6
1753769526634,06:12:06.634,bitfinex,LTC/USDT:USDT,109.81,75.81182319,109.79,34.89484666,109.85,5.04,109.88,3.64846394
1753769526636,06:12:06.636,bitfinex,LTC/USDT:USDT,109.82,18.09806782,109.81,55.04,109.85,5.04,109.88,3.64846394
1753769526637,06:12:06.637,bitfinex,LTC/USDT:USDT,109.82,18.09806782,109.81,55.04,109.85,5.04,109.88,3.64846394
1753769526587,06:12:06.587,bitmex,LTC/USDT:USDT,109.74,94000.0,109.73,313000.0,109.78,23000.0,109.8,62000.0
1753769526654,06:12:06.654,bitget,LTC/USDT:USDT,109.79,35.0,109.78,60.0,109.8,8.7,109.81,341.4
1753769526636,06:12:06.636,bitmex,LTC/USDT:USDT,109.74,94000.0,109.73,313000.0,109.78,23000.0,109.79,19000.0
1753769526704,06:12:06.704,binance,LTC/USDT:USDT,109.71,169.626,109.7,226.054,109.72,33.499,109.73,65.951
1753769526704,06:12:06.704,binanceusdm,LTC/USDT:USDT,109.71,169.626,109.7,226.054,109.72,33.499,109.73,65.951
1753769526702,06:12:06.702,bitmex,LTC/USDT:USDT,109.74,94000.0,109.73,313000.0,109.78,23000.0,109.79,19000.0
1753769526754,06:12:06.754,bitget,LTC/USDT:USDT,109.79,35.0,109.78,60.0,109.8,8.7,109.81,341.4
1753769526797,06:12:06.797,bybit,LTC/USDT:USDT,109.74,23.5,109.73,43.6,109.75,8.2,109.76,26.6
1753769526814,06:12:06.814,bitfinex,LTC/USDT:USDT,109.81,55.04,109.8,1.82423197,109.85,5.04,109.88,3.64846394
1753769526815,06:12:06.815,bitfinex,LTC/USDT:USDT,109.83,60.09,109.8,1.82423197,109.85,5.04,109.88,3.64846394
1753769526815,06:12:06.815,bitfinex,LTC/USDT:USDT,109.83,60.09,109.8,1.82423197,109.85,5.04,109.88,3.64846394
1753769526753,06:12:06.753,bitmex,LTC/USDT:USDT,109.74,94000.0,109.73,313000.0,109.78,23000.0,109.79,19000.0
1753769526841,06:12:06.841,binance,LTC/USDT:USDT,109.71,152.996,109.7,219.913,109.72,33.499,109.73,75.064
1753769526841,06:12:06.841,binanceusdm,LTC/USDT:USDT,109.71,152.996,109.7,219.913,109.72,33.499,109.73,75.064
1753769526897,06:12:06.897,bybit,LTC/USDT:USDT,109.74,23.5,109.73,43.6,109.75,8.2,109.76,31.1
1753769526884,06:12:06.884,bitget,LTC/USDT:USDT,109.79,35.0,109.78,60.0,109.8,8.7,109.81,341.4
1753769526944,06:12:06.944,binanceusdm,LTC/USDT:USDT,109.71,182.021,109.7,223.283,109.72,33.499,109.73,75.064
1753769526944,06:12:06.944,binance,LTC/USDT:USDT,109.71,182.021,109.7,223.283,109.72,33.499,109.73,75.064
1753769526997,06:12:06.997,bybit,LTC/USDT:USDT,109.74,23.5,109.73,35.9,109.75,8.2,109.76,31.1
1753769526975,06:12:06.975,bitmex,LTC/USDT:USDT,109.74,94000.0,109.73,313000.0,109.77,18000.0,109.78,23000.0
1753769526340,06:12:06.340,blofin,LTC/USDT:USDT,109.64,276.0,109.63,1536.0,109.68,115.0,109.69,1687.0
1753769527045,06:12:07.045,binance,LTC/USDT:USDT,109.71,159.25,109.7,239.913,109.72,33.499,109.73,75.064
1753769527045,06:12:07.045,binanceusdm,LTC/USDT:USDT,109.71,159.25,109.7,239.913,109.72,33.499,109.73,75.064
1753769527097,06:12:07.097,bybit,LTC/USDT:USDT,109.74,23.5,109.73,35.9,109.75,8.2,109.76,31.1
1753769527024,06:12:07.024,bitmex,LTC/USDT:USDT,109.74,94000.0,109.73,313000.0,109.76,18000.0,109.78,5000.0
1753769527130,06:12:07.130,bitfinex,LTC/USDT:USDT,109.83,60.09,109.8,1.82423197,109.85,5.04,109.88,1.82423197
1753769527130,06:12:07.130,bitfinex,LTC/USDT:USDT,109.83,60.09,109.8,1.82423197,109.85,5.04,109.88,1.82423197
1753769527073,06:12:07.073,bitmex,LTC/USDT:USDT,109.74,94000.0,109.73,313000.0,109.76,18000.0,109.78,62000.0
1753769527124,06:12:07.124,bitmart,LTC/USDT:USDT,109.71,86340.0,109.7,430147.0,109.72,17083.0,109.73,322564.0
1753769527198,06:12:07.198,bybit,LTC/USDT:USDT,109.74,23.5,109.73,35.9,109.75,8.2,109.76,31.1
1753769527154,06:12:07.154,bitget,LTC/USDT:USDT,109.79,35.0,109.78,130.1,109.8,17.6,109.81,341.4
1753769527125,06:12:07.125,bitmex,LTC/USDT:USDT,109.74,94000.0,109.73,313000.0,109.76,18000.0,109.78,62000.0
1753769527181,06:12:07.181,binanceusdm,LTC/USDT:USDT,109.71,159.25,109.7,239.913,109.72,33.499,109.73,75.064
1753769527181,06:12:07.181,binance,LTC/USDT:USDT,109.71,159.25,109.7,239.913,109.72,33.499,109.73,75.064
1753769527175,06:12:07.175,bitmex,LTC/USDT:USDT,109.74,94000.0,109.73,313000.0,109.76,18000.0,109.78,62000.0
1753769527256,06:12:07.256,bitget,LTC/USDT:USDT,109.79,35.0,109.78,145.1,109.8,17.6,109.81,341.4
1753769527297,06:12:07.297,bybit,LTC/USDT:USDT,109.74,23.5,109.73,35.9,109.75,8.2,109.76,31.1
1753769527329,06:12:07.329,bitfinex,LTC/USDT:USDT,109.83,60.09,109.8,1.82423197,109.85,5.04,109.88,1.82423197
1753769527329,06:12:07.329,bitfinex,LTC/USDT:USDT,109.83,60.09,109.8,1.82423197,109.85,5.04,109.88,1.82423197
1753769527300,06:12:07.300,binanceusdm,LTC/USDT:USDT,109.71,159.25,109.7,239.913,109.72,33.499,109.73,75.064
1753769527300,06:12:07.300,binance,LTC/USDT:USDT,109.71,159.25,109.7,239.913,109.72,33.499,109.73,75.064
1753769527316,06:12:07.316,bitmart,LTC/USDT:USDT,109.71,86340.0,109.7,430147.0,109.72,17083.0,109.73,322564.0
1753769527356,06:12:07.356,bitget,LTC/USDT:USDT,109.79,24.5,109.78,145.1,109.8,17.6,109.81,341.4
1753769527397,06:12:07.397,bybit,LTC/USDT:USDT,109.74,23.5,109.73,35.9,109.75,8.2,109.76,41.1
1753769527458,06:12:07.458,bitget,LTC/USDT:USDT,109.79,22.0,109.78,145.1,109.8,15.1,109.81,341.4
1753769527497,06:12:07.497,bybit,LTC/USDT:USDT,109.74,23.5,109.73,35.9,109.75,8.2,109.76,41.1
1753769527524,06:12:07.524,binance,LTC/USDT:USDT,109.71,159.25,109.7,195.442,109.72,35.549,109.73,93.517
1753769527524,06:12:07.524,binanceusdm,LTC/USDT:USDT,109.71,159.25,109.7,195.442,109.72,35.549,109.73,93.517
1753769527597,06:12:07.597,bybit,LTC/USDT:USDT,109.74,23.5,109.73,35.9,109.75,8.2,109.76,45.4
1753769527558,06:12:07.558,bitget,LTC/USDT:USDT,109.79,32.5,109.78,140.5,109.8,15.1,109.81,341.4
1753769527627,06:12:07.627,bitfinex,LTC/USDT:USDT,109.83,60.09,109.8,1.82423197,109.85,5.04,109.88,1.82423197
1753769527628,06:12:07.628,bitfinex,LTC/USDT:USDT,109.83,60.09,109.8,1.82423197,109.85,5.04,109.88,1.82423197
1753769527626,06:12:07.626,binanceusdm,LTC/USDT:USDT,109.71,159.25,109.7,195.442,109.72,35.549,109.73,93.517
1753769527626,06:12:07.626,binance,LTC/USDT:USDT,109.71,159.25,109.7,195.442,109.72,35.549,109.73,93.517
1753769527002,06:12:07.002,blofin,LTC/USDT:USDT,109.64,259.0,109.6,1473.0,109.67,100.0,109.68,4.0
1753769527653,06:12:07.653,coincatch,LTC/USDT:USDT,109.71,199.9,109.7,321.5,109.72,42.7,109.73,112.2
1753769527729,06:12:07.729,binance,LTC/USDT:USDT,109.71,159.25,109.7,212.072,109.72,35.549,109.73,75.064
1753769527729,06:12:07.729,binanceusdm,LTC/USDT:USDT,109.71,159.25,109.7,212.072,109.72,35.549,109.73,75.064
1753769527797,06:12:07.797,bybit,LTC/USDT:USDT,109.74,23.5,109.73,35.9,109.75,8.2,109.76,31.1
1753769527807,06:12:07.807,bitget,LTC/USDT:USDT,109.79,35.0,109.78,140.5,109.8,14.6,109.81,341.4
1753769527838,06:12:07.838,binanceusdm,LTC/USDT:USDT,109.71,159.25,109.7,212.072,109.72,36.361,109.73,75.064
1753769527838,06:12:07.838,binance,LTC/USDT:USDT,109.71,159.25,109.7,212.072,109.72,36.361,109.73,75.064
1753769528125,06:12:08.125,bitfinex,LTC/USDT:USDT,109.83,60.09,109.8,1.82423197,109.85,5.04,109.88,1.82423197
1753769528133,06:12:08.133,bitfinex,LTC/USDT:USDT,109.83,60.09,109.8,1.82423197,109.85,5.04,109.88,3.64846394
1753769527897,06:12:07.897,bybit,LTC/USDT:USDT,109.74,23.5,109.73,49.9,109.75,12.7,109.76,26.6
1753769528145,06:12:08.145,bitfinex,LTC/USDT:USDT,109.83,60.09,109.8,1.82423197,109.85,5.04,109.88,3.64846394
1753769528155,06:12:08.155,bitfinex,LTC/USDT:USDT,109.83,60.09,109.8,1.82423197,109.84,9.1045,109.85,5.04
1753769528160,06:12:08.160,bitfinex,LTC/USDT:USDT,109.83,60.09,109.8,1.82423197,109.84,9.1045,109.85,5.04
1753769528100,06:12:08.100,bybit,LTC/USDT:USDT,109.74,23.5,109.73,49.9,109.75,12.7,109.76,35.3
1753769527953,06:12:07.953,coincatch,LTC/USDT:USDT,109.71,209.9,109.7,328.2,109.72,42.7,109.73,90.1
1753769528160,06:12:08.160,bitget,LTC/USDT:USDT,109.79,22.0,109.78,135.2,109.8,18.1,109.81,353.0
1753769528197,06:12:08.197,bybit,LTC/USDT:USDT,109.74,23.5,109.73,49.9,109.75,12.7,109.76,31.0
1753769528261,06:12:08.261,binance,LTC/USDT:USDT,109.71,159.25,109.7,195.336,109.72,45.475,109.73,117.581
1753769528261,06:12:08.261,binanceusdm,LTC/USDT:USDT,109.71,159.25,109.7,195.336,109.72,45.475,109.73,117.581
1753769528297,06:12:08.297,bybit,LTC/USDT:USDT,109.74,23.5,109.73,49.9,109.75,12.7,109.76,31.0
1753769528320,06:12:08.320,bitfinex,LTC/USDT:USDT,109.83,60.09,109.8,1.82423197,109.84,9.1045,109.85,5.04
1753769528321,06:12:08.321,bitfinex,LTC/USDT:USDT,109.83,60.09,109.8,1.82423197,109.84,14.1445,109.86,13.6546
1753769528322,06:12:08.322,bitfinex,LTC/USDT:USDT,109.83,60.09,109.8,1.82423197,109.84,14.1445,109.86,13.6546
1753769528253,06:12:08.253,bitmex,LTC/USDT:USDT,109.74,94000.0,109.73,313000.0,109.76,18000.0,109.78,62000.0
1753769528310,06:12:08.310,bitget,LTC/USDT:USDT,109.79,32.5,109.78,140.5,109.8,30.1,109.81,353.0
1753769528317,06:12:08.317,bitmart,LTC/USDT:USDT,109.71,79985.0,109.7,205948.0,109.72,18377.0,109.73,322564.0
1753769528397,06:12:08.397,bybit,LTC/USDT:USDT,109.74,23.5,109.73,49.9,109.75,12.7,109.76,45.3
1753769528366,06:12:08.366,binanceusdm,LTC/USDT:USDT,109.71,158.343,109.7,194.425,109.72,45.475,109.73,142.722
1753769528366,06:12:08.366,binance,LTC/USDT:USDT,109.71,158.343,109.7,194.425,109.72,45.475,109.73,142.722
1753769528497,06:12:08.497,bybit,LTC/USDT:USDT,109.74,13.5,109.73,49.9,109.75,12.7,109.76,45.3
1753769528468,06:12:08.468,binance,LTC/USDT:USDT,109.71,158.343,109.7,187.555,109.72,45.475,109.73,142.722
1753769528468,06:12:08.468,binanceusdm,LTC/USDT:USDT,109.71,158.343,109.7,187.555,109.72,45.475,109.73,142.722
1753769528517,06:12:08.517,bitfinex,LTC/USDT:USDT,109.83,60.09,109.8,1.82423197,109.84,14.1445,109.86,13.6546
1753769528518,06:12:08.518,bitfinex,LTC/USDT:USDT,109.83,60.09,109.8,1.82423197,109.84,14.1445,109.86,13.6546
1753769528518,06:12:08.518,bitfinex,LTC/USDT:USDT,109.83,60.09,109.8,1.82423197,109.84,14.1445,109.86,13.6546
1753769528541,06:12:08.541,bitget,LTC/USDT:USDT,109.79,22.0,109.78,135.2,109.8,41.8,109.81,353.0
1753769528598,06:12:08.598,bybit,LTC/USDT:USDT,109.74,13.5,109.73,49.9,109.75,12.7,109.76,45.3
1753769528554,06:12:08.554,coincatch,LTC/USDT:USDT,109.71,183.7,109.7,258.4,109.72,54.6,109.73,98.4
1753769528573,06:12:08.573,binanceusdm,LTC/USDT:USDT,109.71,158.343,109.7,187.555,109.72,45.475,109.73,142.722
1753769528573,06:12:08.573,binance,LTC/USDT:USDT,109.71,158.343,109.7,187.555,109.72,45.475,109.73,142.722
1753769528341,06:12:08.341,blofin,LTC/USDT:USDT,109.64,234.0,109.63,63.0,109.67,103.0,109.68,627.0
1753769528696,06:12:08.696,bybit,LTC/USDT:USDT,109.74,0.1,109.73,35.0,109.75,12.7,109.76,45.3
1753769528660,06:12:08.660,bitget,LTC/USDT:USDT,109.79,3.8,109.78,75.0,109.8,48.3,109.81,357.1
1753769528721,06:12:08.721,binanceusdm,LTC/USDT:USDT,109.71,38.295,109.7,190.327,109.72,136.063,109.73,146.278
1753769528721,06:12:08.721,binance,LTC/USDT:USDT,109.71,38.295,109.7,190.327,109.72,136.063,109.73,146.278
1753769528798,06:12:08.798,bybit,LTC/USDT:USDT,109.74,0.1,109.73,28.6,109.75,23.4,109.76,46.2
1753769528825,06:12:08.825,bitfinex,LTC/USDT:USDT,109.83,60.09,109.8,1.82423197,109.84,14.1445,109.86,13.6546
1753769528826,06:12:08.826,bitfinex,LTC/USDT:USDT,109.83,55.04,109.8,1.82423197,109.84,14.1445,109.86,13.6546
1753769528826,06:12:08.826,bitfinex,LTC/USDT:USDT,109.83,55.04,109.8,1.82423197,109.84,14.1445,109.86,13.6546
1753769528789,06:12:08.789,bitget,LTC/USDT:USDT,109.79,3.8,109.78,75.0,109.8,51.7,109.81,411.7
1753769528756,06:12:08.756,bitmex,LTC/USDT:USDT,109.74,94000.0,109.73,313000.0,109.76,18000.0,109.78,62000.0
1753769528824,06:12:08.824,binanceusdm,LTC/USDT:USDT,109.71,33.384,109.7,170.193,109.72,164.178,109.73,146.278
1753769528824,06:12:08.824,binance,LTC/USDT:USDT,109.71,33.384,109.7,170.193,109.72,164.178,109.73,146.278
1753769528806,06:12:08.806,bitmex,LTC/USDT:USDT,109.74,94000.0,109.73,313000.0,109.76,18000.0,109.77,19000.0
1753769528854,06:12:08.854,coincatch,LTC/USDT:USDT,109.71,179.9,109.7,244.7,109.72,54.6,109.73,133.2
1753769528897,06:12:08.897,bybit,LTC/USDT:USDT,109.74,0.1,109.73,10.7,109.75,28.6,109.76,56.5
1753769528897,06:12:08.897,bitget,LTC/USDT:USDT,109.79,0.4,109.77,15.0,109.8,59.6,109.81,394.3
1753769528855,06:12:08.855,bitmex,LTC/USDT:USDT,109.74,94000.0,109.73,308000.0,109.76,18000.0,109.77,19000.0
1753769528916,06:12:08.916,bitmart,LTC/USDT:USDT,109.71,79985.0,109.7,205948.0,109.72,34149.0,109.73,322564.0
1753769528925,06:12:08.925,binanceusdm,LTC/USDT:USDT,109.7,59.693,109.69,159.784,109.71,138.291,109.72,191.136
1753769528925,06:12:08.925,binance,LTC/USDT:USDT,109.7,59.693,109.69,159.784,109.71,138.291,109.72,191.136
1753769528904,06:12:08.904,bitmex,LTC/USDT:USDT,109.73,308000.0,109.72,7000.0,109.74,18000.0,109.76,62000.0
1753769528997,06:12:08.997,bybit,LTC/USDT:USDT,109.74,0.1,109.73,0.4,109.75,28.6,109.76,56.5
1753769529025,06:12:09.025,bitfinex,LTC/USDT:USDT,109.83,55.04,109.79,27.34,109.84,14.1445,109.86,13.6546
1753769529026,06:12:09.026,bitfinex,LTC/USDT:USDT,109.83,55.04,109.82,5.05,109.84,14.1445,109.86,13.6546
1753769529026,06:12:09.026,bitfinex,LTC/USDT:USDT,109.83,55.04,109.82,5.05,109.84,14.1445,109.86,13.6546
1753769529010,06:12:09.010,bitget,LTC/USDT:USDT,109.79,0.4,109.77,15.3,109.8,221.3,109.81,400.2
1753769529026,06:12:09.026,binanceusdm,LTC/USDT:USDT,109.7,72.242,109.69,186.558,109.71,197.109,109.72,187.854
1753769529026,06:12:09.026,binance,LTC/USDT:USDT,109.7,72.242,109.69,186.558,109.71,197.109,109.72,187.854
1753769506098,06:11:46.098,ascendex,LTC/USDT:USDT,109.58,219.1,109.54,219.2,109.84,273.0,109.89,272.8
1753769529098,06:12:09.098,bybit,LTC/USDT:USDT,109.74,0.1,109.73,0.4,109.75,24.3,109.76,70.5
1753769529059,06:12:09.059,bitmex,LTC/USDT:USDT,109.73,308000.0,109.7,12000.0,109.74,18000.0,109.76,62000.0
1753769529111,06:12:09.111,bitget,LTC/USDT:USDT,109.79,0.4,109.77,77.9,109.8,284.9,109.81,413.1
1753769529122,06:12:09.122,bitmart,LTC/USDT:USDT,109.7,39639.0,109.69,237501.0,109.72,81568.0,109.73,322564.0
1753769529143,06:12:09.143,binanceusdm,LTC/USDT:USDT,109.7,61.647,109.69,186.558,109.71,178.063,109.72,167.854
1753769529143,06:12:09.143,binance,LTC/USDT:USDT,109.7,61.647,109.69,186.558,109.71,178.063,109.72,167.854
1753769529154,06:12:09.154,coincatch,LTC/USDT:USDT,109.7,170.0,109.69,337.0,109.71,236.5,109.72,229.7
1753769529197,06:12:09.197,bybit,LTC/USDT:USDT,109.74,0.1,109.73,0.4,109.75,24.3,109.76,70.5
1753769529116,06:12:09.116,bitmex,LTC/USDT:USDT,109.73,308000.0,109.7,12000.0,109.74,18000.0,109.76,62000.0
1753769529223,06:12:09.223,bitfinex,LTC/USDT:USDT,109.83,55.04,109.82,5.05,109.84,14.1445,109.86,13.6546
1753769529224,06:12:09.224,bitfinex,LTC/USDT:USDT,109.83,55.04,109.82,5.05,109.84,14.1445,109.86,15.47883197
1753769529224,06:12:09.224,bitfinex,LTC/USDT:USDT,109.83,55.04,109.82,5.05,109.84,14.1445,109.86,15.47883197
1753769529224,06:12:09.224,bitfinex,LTC/USDT:USDT,109.83,55.04,109.82,5.05,109.84,14.1445,109.86,15.47883197
1753769529225,06:12:09.225,bitfinex,LTC/USDT:USDT,109.83,55.04,109.82,5.05,109.84,14.1445,109.86,15.47883197
1753769529212,06:12:09.212,bitget,LTC/USDT:USDT,109.79,0.4,109.77,77.9,109.8,284.9,109.81,413.1
1753769529246,06:12:09.246,binance,LTC/USDT:USDT,109.7,65.647,109.69,182.558,109.71,178.54,109.72,167.347
1753769529246,06:12:09.246,binanceusdm,LTC/USDT:USDT,109.7,65.647,109.69,182.558,109.71,178.54,109.72,167.347
1753769529297,06:12:09.297,bybit,LTC/USDT:USDT,109.74,0.1,109.73,0.4,109.75,24.3,109.76,70.5
1753769529004,06:12:09.004,blofin,LTC/USDT:USDT,109.64,234.0,109.62,209.0,109.66,113.0,109.67,5.0
1753769529318,06:12:09.318,bitmart,LTC/USDT:USDT,109.7,39639.0,109.69,237501.0,109.72,81568.0,109.73,322564.0
1753769506098,06:11:46.098,ascendex,LTC/USDT:USDT,109.58,219.1,109.54,219.2,109.84,273.0,109.89,272.8
1753769530078,06:12:10.078,bitfinex,LTC/USDT:USDT,109.83,55.04,109.81,5.05,109.84,14.1445,109.86,15.47883197
1753769529992,06:12:09.992,bitmex,LTC/USDT:USDT,109.73,308000.0,109.7,12000.0,109.74,18000.0,109.76,62000.0
1753769530054,06:12:10.054,coincatch,LTC/USDT:USDT,109.7,170.0,109.69,330.6,109.71,221.1,109.72,146.7
1753769530124,06:12:10.124,bitfinex,LTC/USDT:USDT,109.83,55.04,109.81,5.05,109.84,14.1445,109.86,15.47883197
1753769530125,06:12:10.125,bitfinex,LTC/USDT:USDT,109.83,55.04,109.81,5.05,109.84,14.1445,109.86,15.47883197
1753769530125,06:12:10.125,bitfinex,LTC/USDT:USDT,109.83,55.04,109.81,5.05,109.84,14.1445,109.86,15.47883197
1753769530106,06:12:10.106,binance,LTC/USDT:USDT,109.7,70.96,109.69,197.874,109.71,184.261,109.72,122.222
1753769530106,06:12:10.106,binanceusdm,LTC/USDT:USDT,109.7,70.96,109.69,197.874,109.71,184.261,109.72,122.222
1753769530110,06:12:10.110,bitget,LTC/USDT:USDT,109.79,0.4,109.77,75.1,109.8,294.8,109.81,413.1
1753769530211,06:12:10.211,bitget,LTC/USDT:USDT,109.79,0.4,109.77,75.1,109.8,294.8,109.81,413.1
1753769530235,06:12:10.235,binanceusdm,LTC/USDT:USDT,109.7,71.74,109.69,200.491,109.71,184.261,109.72,124.825
1753769530235,06:12:10.235,binance,LTC/USDT:USDT,109.7,71.74,109.69,200.491,109.71,184.261,109.72,124.825
1753769530297,06:12:10.297,bybit,LTC/USDT:USDT,109.74,0.1,109.73,0.4,109.75,30.0,109.76,61.9
1753769530323,06:12:10.323,bitfinex,LTC/USDT:USDT,109.83,55.04,109.81,5.05,109.84,14.1445,109.86,15.47883197
1753769530323,06:12:10.323,bitfinex,LTC/USDT:USDT,109.83,55.04,109.81,5.05,109.84,14.1445,109.86,15.47883197
1753769530337,06:12:10.337,binance,LTC/USDT:USDT,109.7,71.74,109.69,204.059,109.71,181.355,109.72,124.825
1753769530337,06:12:10.337,binanceusdm,LTC/USDT:USDT,109.7,71.74,109.69,204.059,109.71,181.355,109.72,124.825
1753769530334,06:12:10.334,bitget,LTC/USDT:USDT,109.79,0.4,109.77,75.1,109.8,283.2,109.81,413.1
1753769530397,06:12:10.397,bybit,LTC/USDT:USDT,109.74,0.1,109.73,0.4,109.75,30.0,109.76,70.5
1753769530355,06:12:10.355,coincatch,LTC/USDT:USDT,109.7,170.0,109.69,344.6,109.71,221.1,109.72,146.7
1753769530450,06:12:10.450,binanceusdm,LTC/USDT:USDT,109.7,71.74,109.69,204.059,109.71,181.355,109.72,124.825
1753769530450,06:12:10.450,binance,LTC/USDT:USDT,109.7,71.74,109.69,204.059,109.71,181.355,109.72,124.825
1753769530497,06:12:10.497,bybit,LTC/USDT:USDT,109.74,0.1,109.73,0.4,109.75,30.0,109.76,61.9
1753769530556,06:12:10.556,binance,LTC/USDT:USDT,109.7,71.74,109.69,204.059,109.71,181.355,109.72,124.825
1753769530556,06:12:10.556,binanceusdm,LTC/USDT:USDT,109.7,71.74,109.69,204.059,109.71,181.355,109.72,124.825
1753769530597,06:12:10.597,bybit,LTC/USDT:USDT,109.74,0.1,109.73,0.4,109.75,30.0,109.76,70.5
1753769530561,06:12:10.561,bitget,LTC/USDT:USDT,109.79,0.4,109.77,75.1,109.8,290.2,109.81,413.1
1753769530624,06:12:10.624,bitfinex,LTC/USDT:USDT,109.83,55.04,109.81,5.05,109.84,14.1445,109.86,15.47883197
1753769530624,06:12:10.624,bitfinex,LTC/USDT:USDT,109.83,55.04,109.81,5.05,109.84,14.1445,109.86,15.47883197
1753769530625,06:12:10.625,bitfinex,LTC/USDT:USDT,109.83,55.04,109.81,5.05,109.84,14.1445,109.86,15.47883197
1753769530655,06:12:10.655,coincatch,LTC/USDT:USDT,109.7,170.0,109.69,347.1,109.71,217.6,109.72,149.8
1753769530697,06:12:10.697,bybit,LTC/USDT:USDT,109.74,15.8,109.73,25.9,109.75,13.6,109.76,14.8
1753769530661,06:12:10.661,bitget,LTC/USDT:USDT,109.79,10.9,109.78,60.2,109.8,290.2,109.81,307.1
1753769530636,06:12:10.636,bitmex,LTC/USDT:USDT,109.73,308000.0,109.7,12000.0,109.74,18000.0,109.76,62000.0
1753769531354,06:12:11.354,bitfinex,LTC/USDT:USDT,109.83,60.09,109.78,38.5433106,109.84,14.1445,109.86,13.6546
1753769530345,06:12:10.345,blofin,LTC/USDT:USDT,109.64,234.0,109.63,887.0,109.66,125.0,109.68,833.0
1753769531109,06:12:11.109,bitget,LTC/USDT:USDT,109.79,14.1,109.78,120.3,109.8,20.5,109.81,325.6
1753769530969,06:12:10.969,binanceusdm,LTC/USDT:USDT,109.7,207.531,109.69,238.146,109.71,10.164,109.72,43.562
1753769531122,06:12:11.122,bitmart,LTC/USDT:USDT,109.7,110162.0,109.69,237501.0,109.71,6111.0,109.72,304393.0
1753769531405,06:12:11.405,bitfinex,LTC/USDT:USDT,109.83,60.09,109.78,38.5433106,109.84,14.1445,109.86,13.6546
1753769531255,06:12:11.255,coincatch,LTC/USDT:USDT,109.7,253.7,109.69,389.7,109.71,12.2,109.72,52.3
1753769531495,06:12:11.495,bitfinex,LTC/USDT:USDT,109.83,60.09,109.8,1.82423197,109.84,14.1445,109.86,13.6546
1753769531503,06:12:11.503,bitfinex,LTC/USDT:USDT,109.83,60.09,109.8,1.82423197,109.84,14.1445,109.86,13.6546
1753769531359,06:12:11.359,bitget,LTC/USDT:USDT,109.79,32.5,109.78,125.3,109.8,18.0,109.81,325.6
1753769531006,06:12:11.006,blofin,LTC/USDT:USDT,109.64,235.0,109.63,887.0,109.66,123.0,109.67,121.0
1753769531461,06:12:11.461,bitget,LTC/USDT:USDT,109.79,32.5,109.78,125.3,109.8,18.0,109.81,325.6
1753769531419,06:12:11.419,bitmex,LTC/USDT:USDT,109.74,92000.0,109.73,308000.0,109.76,37000.0,109.78,62000.0
1753769531482,06:12:11.482,binance,LTC/USDT:USDT,109.71,213.422,109.7,245.296,109.72,43.287,109.73,148.78
1753769531482,06:12:11.482,binanceusdm,LTC/USDT:USDT,109.71,213.422,109.7,245.296,109.72,43.287,109.73,148.78
1753769506098,06:11:46.098,ascendex,LTC/USDT:USDT,109.58,219.1,109.54,219.2,109.84,273.0,109.89,272.8
1753769531596,06:12:11.596,bybit,LTC/USDT:USDT,109.74,25.8,109.73,40.2,109.75,12.7,109.76,36.7
1753769531555,06:12:11.555,coincatch,LTC/USDT:USDT,109.71,219.2,109.7,273.2,109.72,51.6,109.73,118.1
1753769531564,06:12:11.564,bitget,LTC/USDT:USDT,109.79,32.5,109.78,125.3,109.8,18.0,109.81,325.6
1753769531625,06:12:11.625,bitfinex,LTC/USDT:USDT,109.83,60.09,109.8,1.82423197,109.84,14.1445,109.86,13.6546
1753769531625,06:12:11.625,bitfinex,LTC/USDT:USDT,109.83,60.09,109.8,1.82423197,109.84,14.1445,109.86,13.6546
1753769531626,06:12:11.626,bitfinex,LTC/USDT:USDT,109.83,60.09,109.8,1.82423197,109.84,14.1445,109.86,13.6546
1753769531609,06:12:11.609,binance,LTC/USDT:USDT,109.71,193.777,109.7,245.296,109.72,43.287,109.73,148.78
1753769531609,06:12:11.609,binanceusdm,LTC/USDT:USDT,109.71,193.777,109.7,245.296,109.72,43.287,109.73,148.78
1753769531697,06:12:11.697,bybit,LTC/USDT:USDT,109.74,30.1,109.73,40.2,109.75,12.7,109.76,26.7
1753769531686,06:12:11.686,bitget,LTC/USDT:USDT,109.79,32.5,109.78,125.3,109.8,15.5,109.81,325.6
1753769531646,06:12:11.646,bitmex,LTC/USDT:USDT,109.74,92000.0,109.73,308000.0,109.76,37000.0,109.78,62000.0
1753769531695,06:12:11.695,bitmex,LTC/USDT:USDT,109.74,92000.0,109.73,308000.0,109.76,37000.0,109.78,62000.0
1753769531797,06:12:11.797,bybit,LTC/USDT:USDT,109.74,30.1,109.73,40.2,109.75,12.7,109.76,26.7
1753769531971,06:12:11.971,bitfinex,LTC/USDT:USDT,109.83,60.09,109.8,1.82423197,109.84,14.1445,109.86,13.6546
1753769531973,06:12:11.973,bitfinex,LTC/USDT:USDT,109.83,60.09,109.8,1.82423197,109.84,14.1445,109.86,13.6546
1753769531926,06:12:11.926,binanceusdm,LTC/USDT:USDT,109.71,202.433,109.7,258.914,109.72,45.11,109.73,148.78
1753769531997,06:12:11.997,bybit,LTC/USDT:USDT,109.74,25.8,109.73,54.2,109.75,12.7,109.76,26.7
1753769532068,06:12:12.068,bitfinex,LTC/USDT:USDT,109.83,60.09,109.8,1.82423197,109.84,14.1445,109.86,13.6546
1753769532070,06:12:12.070,bitfinex,LTC/USDT:USDT,109.83,60.09,109.8,1.82423197,109.84,14.1445,109.86,13.6546
1753769531978,06:12:11.978,bitmex,LTC/USDT:USDT,109.74,92000.0,109.73,308000.0,109.76,37000.0,109.78,62000.0
1753769532074,06:12:12.074,bitfinex,LTC/USDT:USDT,109.83,60.09,109.8,1.82423197,109.84,14.1445,109.86,13.6546
1753769532050,06:12:12.050,bitmex,LTC/USDT:USDT,109.74,92000.0,109.73,308000.0,109.76,37000.0,109.78,62000.0
1753769532114,06:12:12.114,bitget,LTC/USDT:USDT,109.79,32.5,109.78,130.5,109.8,16.2,109.81,325.6
1753769532135,06:12:12.135,binanceusdm,LTC/USDT:USDT,109.71,185.803,109.7,258.914,109.72,46.932,109.73,148.78
1753769532135,06:12:12.135,binance,LTC/USDT:USDT,109.71,185.803,109.7,258.914,109.72,46.932,109.73,148.78
1753769532197,06:12:12.197,bybit,LTC/USDT:USDT,109.74,25.8,109.73,54.2,109.75,12.7,109.76,26.7
1753769531847,06:12:11.847,blofin,LTC/USDT:USDT,109.64,214.0,109.63,105.0,109.66,52.0,109.7,1146.0
1753769532225,06:12:12.225,bitfinex,LTC/USDT:USDT,109.83,60.09,109.8,1.82423197,109.84,14.1445,109.86,13.6546
1753769532226,06:12:12.226,bitfinex,LTC/USDT:USDT,109.83,60.09,109.8,1.82423197,109.84,14.1445,109.86,13.6546
1753769532226,06:12:12.226,bitfinex,LTC/USDT:USDT,109.83,60.09,109.8,1.82423197,109.84,14.1445,109.86,13.6546
1753769532214,06:12:12.214,bitget,LTC/USDT:USDT,109.79,32.5,109.78,130.5,109.8,31.2,109.81,325.6
1753769532258,06:12:12.258,binance,LTC/USDT:USDT,109.71,144.547,109.7,258.914,109.72,46.932,109.73,165.41
1753769532258,06:12:12.258,binanceusdm,LTC/USDT:USDT,109.71,144.547,109.7,258.914,109.72,46.932,109.73,165.41
1753769532297,06:12:12.297,bybit,LTC/USDT:USDT,109.74,15.8,109.73,49.9,109.75,12.7,109.76,36.7
1753769532323,06:12:12.323,bitget,LTC/USDT:USDT,109.79,32.5,109.78,130.5,109.8,31.2,109.81,330.9
1753769532397,06:12:12.397,bybit,LTC/USDT:USDT,109.74,0.1,109.73,31.6,109.75,12.7,109.76,45.3
1753769532369,06:12:12.369,binanceusdm,LTC/USDT:USDT,109.71,95.459,109.7,196.331,109.72,157.552,109.73,193.251
1753769532369,06:12:12.369,binance,LTC/USDT:USDT,109.71,95.459,109.7,196.331,109.72,157.552,109.73,193.251
1753769532453,06:12:12.453,bitfinex,LTC/USDT:USDT,109.83,60.09,109.8,1.82423197,109.84,14.1445,109.86,13.6546
1753769532454,06:12:12.454,bitfinex,LTC/USDT:USDT,109.83,60.09,109.8,1.82423197,109.84,14.1445,109.86,13.6546
1753769532458,06:12:12.458,bitfinex,LTC/USDT:USDT,109.83,60.09,109.8,1.82423197,109.84,14.1445,109.86,13.6546
1753769532428,06:12:12.428,bitget,LTC/USDT:USDT,109.79,3.8,109.78,60.1,109.8,42.9,109.81,366.4
1753769532498,06:12:12.498,bybit,LTC/USDT:USDT,109.74,0.1,109.73,31.6,109.75,17.0,109.76,46.2
1753769532472,06:12:12.472,binance,LTC/USDT:USDT,109.71,1.365,109.7,195.421,109.72,141.114,109.73,196.831
1753769532472,06:12:12.472,binanceusdm,LTC/USDT:USDT,109.71,1.365,109.7,195.421,109.72,141.114,109.73,196.831
1753769532437,06:12:12.437,bitmex,LTC/USDT:USDT,109.74,92000.0,109.73,308000.0,109.76,37000.0,109.78,62000.0
1753769532486,06:12:12.486,bitmex,LTC/USDT:USDT,109.74,92000.0,109.73,308000.0,109.76,37000.0,109.77,19000.0
1753769532554,06:12:12.554,bitget,LTC/USDT:USDT,109.79,3.8,109.78,60.1,109.8,42.9,109.81,366.4
1753769532597,06:12:12.597,bybit,LTC/USDT:USDT,109.74,0.1,109.73,31.6,109.75,19.1,109.76,46.2
1753769532575,06:12:12.575,binance,LTC/USDT:USDT,109.71,1.639,109.7,195.421,109.72,141.114,109.73,193.251
1753769532575,06:12:12.575,binanceusdm,LTC/USDT:USDT,109.71,1.639,109.7,195.421,109.72,141.114,109.73,193.251
1753769532584,06:12:12.584,bitmex,LTC/USDT:USDT,109.73,308000.0,109.72,7000.0,109.75,18000.0,109.77,76000.0
1753769532726,06:12:12.726,bitfinex,LTC/USDT:USDT,109.83,60.09,109.8,1.82423197,109.84,14.1445,109.86,13.6546
1753769532727,06:12:12.727,bitfinex,LTC/USDT:USDT,109.83,55.04,109.82,5.05,109.84,21.38717829,109.86,13.6546
1753769532728,06:12:12.728,bitfinex,LTC/USDT:USDT,109.83,55.04,109.82,5.05,109.84,21.38717829,109.86,13.6546
1753769532702,06:12:12.702,binanceusdm,LTC/USDT:USDT,109.71,10.794,109.7,195.421,109.72,141.359,109.73,193.251
1753769532702,06:12:12.702,binance,LTC/USDT:USDT,109.71,10.794,109.7,195.421,109.72,141.359,109.73,193.251
1753769532756,06:12:12.756,coincatch,LTC/USDT:USDT,109.71,113.4,109.7,232.7,109.72,169.3,109.73,176.1
1753769532797,06:12:12.797,bybit,LTC/USDT:USDT,109.74,0.1,109.73,41.4,109.75,19.1,109.76,54.6
1753769533397,06:12:13.397,bybit,LTC/USDT:USDT,109.74,3.0,109.73,41.4,109.75,19.1,109.76,54.6
1753769533618,06:12:13.618,bitfinex,LTC/USDT:USDT,109.83,55.04,109.82,5.05,109.84,14.1445,109.86,13.6546
1753769533357,06:12:13.357,coincatch,LTC/USDT:USDT,109.71,130.2,109.7,262.3,109.72,171.2,109.73,140.0
1753769533655,06:12:13.655,bitfinex,LTC/USDT:USDT,109.83,55.04,109.82,5.05,109.84,14.1445,109.86,13.6546
1753769533525,06:12:13.525,binance,LTC/USDT:USDT,109.71,4.192,109.7,240.933,109.72,142.673,109.73,148.78
1753769533561,06:12:13.561,bitget,LTC/USDT:USDT,109.79,3.8,109.78,60.1,109.8,42.9,109.81,421.0
1753769533668,06:12:13.668,bitfinex,LTC/USDT:USDT,109.83,55.04,109.82,5.05,109.84,14.1445,109.86,13.6546
1753769533350,06:12:13.350,blofin,LTC/USDT:USDT,109.64,210.0,109.63,15.0,109.66,4.0,109.67,102.0
1753769533660,06:12:13.660,binanceusdm,LTC/USDT:USDT,109.71,4.192,109.7,240.933,109.72,142.673,109.73,148.78
1753769533660,06:12:13.660,binance,LTC/USDT:USDT,109.71,4.192,109.7,240.933,109.72,142.673,109.73,148.78
1753769533662,06:12:13.662,bitget,LTC/USDT:USDT,109.79,3.8,109.78,60.1,109.8,42.9,109.81,421.0
1753769533657,06:12:13.657,coincatch,LTC/USDT:USDT,109.71,128.3,109.7,264.3,109.72,171.2,109.73,140.0
1753769533722,06:12:13.722,bitmart,LTC/USDT:USDT,109.71,1367.0,109.7,309098.0,109.72,79999.0,109.73,322564.0
1753769533797,06:12:13.797,bybit,LTC/USDT:USDT,109.74,7.3,109.73,45.7,109.75,12.7,109.76,60.0
1753769533770,06:12:13.770,bitget,LTC/USDT:USDT,109.79,3.8,109.78,60.1,109.8,32.4,109.81,421.0
1753769533824,06:12:13.824,bitfinex,LTC/USDT:USDT,109.83,55.04,109.82,5.05,109.84,14.1445,109.86,13.6546
1753769533825,06:12:13.825,bitfinex,LTC/USDT:USDT,109.83,55.04,109.82,5.05,109.84,14.1445,109.86,13.6546
1753769533826,06:12:13.826,bitfinex,LTC/USDT:USDT,109.83,55.04,109.82,5.05,109.84,14.1445,109.86,13.6546
1753769533808,06:12:13.808,binanceusdm,LTC/USDT:USDT,109.71,66.227,109.7,233.641,109.72,142.673,109.73,148.78
1753769533808,06:12:13.808,binance,LTC/USDT:USDT,109.71,66.227,109.7,233.641,109.72,142.673,109.73,148.78
1753769533900,06:12:13.900,bybit,LTC/USDT:USDT,109.74,7.3,109.73,50.0,109.75,12.7,109.76,60.0
1753769533913,06:12:13.913,bitget,LTC/USDT:USDT,109.79,3.8,109.78,60.1,109.8,17.4,109.81,421.0
1753769533924,06:12:13.924,binance,LTC/USDT:USDT,109.71,85.872,109.7,233.641,109.72,104.559,109.73,148.78
1753769533924,06:12:13.924,binanceusdm,LTC/USDT:USDT,109.71,85.872,109.7,233.641,109.72,104.559,109.73,148.78
1753769533997,06:12:13.997,bybit,LTC/USDT:USDT,109.74,11.6,109.73,50.0,109.75,12.7,109.76,60.0
1753769533957,06:12:13.957,coincatch,LTC/USDT:USDT,109.71,159.8,109.7,262.9,109.72,171.2,109.73,132.2
1753769534027,06:12:14.027,bitfinex,LTC/USDT:USDT,109.83,55.04,109.82,5.05,109.84,14.1445,109.86,13.6546
1753769534027,06:12:14.027,bitfinex,LTC/USDT:USDT,109.83,55.04,109.82,5.05,109.84,14.1445,109.86,13.6546
1753769534028,06:12:14.028,bitfinex,LTC/USDT:USDT,109.83,55.04,109.82,5.05,109.84,14.1445,109.86,13.6546
1753769534014,06:12:14.014,bitget,LTC/USDT:USDT,109.79,14.3,109.78,60.1,109.8,13.0,109.81,361.1
1753769534035,06:12:14.035,binanceusdm,LTC/USDT:USDT,109.71,85.872,109.7,233.641,109.72,104.559,109.73,148.78
1753769534035,06:12:14.035,binance,LTC/USDT:USDT,109.71,85.872,109.7,233.641,109.72,104.559,109.73,148.78
1753769534000,06:12:14.000,bitmex,LTC/USDT:USDT,109.74,92000.0,109.73,308000.0,109.76,18000.0,109.78,5000.0
1753769534100,06:12:14.100,bybit,LTC/USDT:USDT,109.74,11.6,109.73,50.0,109.75,12.7,109.76,60.0
1753769534123,06:12:14.123,bitmart,LTC/USDT:USDT,109.71,25916.0,109.7,309098.0,109.73,322564.0,109.74,250100.0
1753769534160,06:12:14.160,bitget,LTC/USDT:USDT,109.79,18.8,109.78,60.1,109.8,15.5,109.81,361.1
1753769534197,06:12:14.197,bybit,LTC/USDT:USDT,109.74,7.3,109.73,50.0,109.75,12.7,109.76,60.0
1753769534178,06:12:14.178,binance,LTC/USDT:USDT,109.71,85.872,109.7,233.641,109.72,105.47,109.73,151.432
1753769534178,06:12:14.178,binanceusdm,LTC/USDT:USDT,109.71,85.872,109.7,233.641,109.72,105.47,109.73,151.432
1753769534151,06:12:14.151,bitmex,LTC/USDT:USDT,109.74,92000.0,109.73,308000.0,109.76,18000.0,109.77,19000.0
1753769534008,06:12:14.008,blofin,LTC/USDT:USDT,109.64,210.0,109.63,117.0,109.66,59.0,109.67,5.0
1753769534297,06:12:14.297,bybit,LTC/USDT:USDT,109.74,23.6,109.73,50.0,109.75,12.7,109.76,46.0
1753769534257,06:12:14.257,coincatch,LTC/USDT:USDT,109.71,167.6,109.7,262.9,109.72,125.5,109.73,125.0
1753769534264,06:12:14.264,bitget,LTC/USDT:USDT,109.79,29.3,109.78,75.1,109.8,16.6,109.81,361.1
1753769534281,06:12:14.281,binanceusdm,LTC/USDT:USDT,109.71,78.827,109.7,240.933,109.72,105.47,109.73,151.432
1753769534281,06:12:14.281,binance,LTC/USDT:USDT,109.71,78.827,109.7,240.933,109.72,105.47,109.73,151.432
1753769534327,06:12:14.327,bitfinex,LTC/USDT:USDT,109.83,55.04,109.8,10.93153197,109.84,14.1445,109.86,13.6546
1753769534328,06:12:14.328,bitfinex,LTC/USDT:USDT,109.83,60.24,109.8,10.93153197,109.84,14.1445,109.86,13.6546
1753769534328,06:12:14.328,bitfinex,LTC/USDT:USDT,109.83,60.24,109.8,10.93153197,109.84,14.1445,109.86,13.6546
1753769534319,06:12:14.319,bitmart,LTC/USDT:USDT,109.71,25916.0,109.7,309098.0,109.72,48436.0,109.73,322564.0
1753769534397,06:12:14.397,bybit,LTC/USDT:USDT,109.74,19.3,109.73,50.0,109.75,12.7,109.76,46.0
1753769534317,06:12:14.317,bitmex,LTC/USDT:USDT,109.74,92000.0,109.73,308000.0,109.76,18000.0,109.77,19000.0
1753769534367,06:12:14.367,bitget,LTC/USDT:USDT,109.79,29.3,109.78,75.1,109.8,19.4,109.81,361.1
1753769534367,06:12:14.367,bitmex,LTC/USDT:USDT,109.74,92000.0,109.73,308000.0,109.76,18000.0,109.77,19000.0
1753769534421,06:12:14.421,binanceusdm,LTC/USDT:USDT,109.71,78.827,109.7,240.933,109.72,105.82,109.73,151.432
1753769534421,06:12:14.421,binance,LTC/USDT:USDT,109.71,78.827,109.7,240.933,109.72,105.82,109.73,151.432
1753769534497,06:12:14.497,bybit,LTC/USDT:USDT,109.74,19.3,109.73,50.0,109.75,12.7,109.76,46.0
1753769534529,06:12:14.529,bitfinex,LTC/USDT:USDT,109.83,60.24,109.8,10.93153197,109.84,14.1445,109.86,13.6546
1753769534529,06:12:14.529,bitfinex,LTC/USDT:USDT,109.83,60.24,109.8,10.93153197,109.84,14.1445,109.86,13.6546
1753769534530,06:12:14.530,bitfinex,LTC/USDT:USDT,109.83,60.24,109.8,10.93153197,109.84,14.1445,109.86,13.6546
1753769534512,06:12:14.512,bitget,LTC/USDT:USDT,109.79,29.3,109.78,75.1,109.8,19.4,109.81,366.4
1753769534469,06:12:14.469,bitmex,LTC/USDT:USDT,109.74,92000.0,109.73,308000.0,109.76,18000.0,109.77,19000.0
1753769534530,06:12:14.530,binance,LTC/USDT:USDT,109.71,78.827,109.7,240.933,109.72,105.82,109.73,151.432
1753769534530,06:12:14.530,binanceusdm,LTC/USDT:USDT,109.71,78.827,109.7,240.933,109.72,105.82,109.73,151.432
1753769534557,06:12:14.557,coincatch,LTC/USDT:USDT,109.71,165.2,109.7,265.5,109.72,126.6,109.73,126.6
1753769534598,06:12:14.598,bybit,LTC/USDT:USDT,109.74,19.3,109.73,50.0,109.75,12.7,109.76,46.0
1753769535258,06:12:15.258,bitfinex,LTC/USDT:USDT,109.83,60.24,109.8,10.93153197,109.84,14.1445,109.86,13.6546
1753769535139,06:12:15.139,binance,LTC/USDT:USDT,109.71,92.594,109.7,236.758,109.72,106.061,109.73,151.432
1753769535137,06:12:15.137,bitget,LTC/USDT:USDT,109.79,29.3,109.78,135.3,109.8,19.4,109.81,366.4
1753769534350,06:12:14.350,blofin,LTC/USDT:USDT,109.64,210.0,109.63,117.0,109.66,59.0,109.67,5.0
1753769535282,06:12:15.282,bitfinex,LTC/USDT:USDT,109.83,60.24,109.8,10.93153197,109.84,14.1445,109.86,13.6546
1753769535293,06:12:15.293,bitfinex,LTC/USDT:USDT,109.83,60.24,109.8,10.93153197,109.84,14.1445,109.86,13.6546
1753769535197,06:12:15.197,bybit,LTC/USDT:USDT,109.74,19.3,109.73,50.0,109.75,12.7,109.76,46.0
1753769535396,06:12:15.396,bybit,LTC/USDT:USDT,109.74,23.6,109.73,50.0,109.75,12.7,109.76,36.0
1753769535497,06:12:15.497,bybit,LTC/USDT:USDT,109.74,23.6,109.73,64.0,109.75,12.7,109.76,36.0
1753769535458,06:12:15.458,coincatch,LTC/USDT:USDT,109.71,171.7,109.7,265.7,109.72,126.6,109.73,124.2
1753769535515,06:12:15.515,bitget,LTC/USDT:USDT,109.79,29.3,109.78,135.3,109.8,16.6,109.81,366.4
1753769535590,06:12:15.590,binanceusdm,LTC/USDT:USDT,109.71,121.086,109.7,244.05,109.72,50.394,109.73,116.432
1753769535590,06:12:15.590,binance,LTC/USDT:USDT,109.71,121.086,109.7,244.05,109.72,50.394,109.73,116.432
1753769535617,06:12:15.617,bitget,LTC/USDT:USDT,109.79,29.3,109.78,140.3,109.8,17.7,109.81,366.4
1753769535647,06:12:15.647,bitmex,LTC/USDT:USDT,109.74,92000.0,109.73,308000.0,109.76,18000.0,109.78,62000.0
1753769535352,06:12:15.352,blofin,LTC/USDT:USDT,109.64,210.0,109.63,143.0,109.66,55.0,109.67,5.0
1753769535697,06:12:15.697,bybit,LTC/USDT:USDT,109.74,23.6,109.73,64.0,109.75,12.7,109.76,36.0
1753769535899,06:12:15.899,bitfinex,LTC/USDT:USDT,109.83,60.24,109.8,10.93153197,109.84,14.1445,109.86,13.6546
1753769535737,06:12:15.737,bitget,LTC/USDT:USDT,109.79,29.3,109.78,140.3,109.8,17.7,109.81,366.4
1753769535862,06:12:15.862,bitget,LTC/USDT:USDT,109.79,29.3,109.78,140.3,109.8,17.7,109.81,366.4
1753769535927,06:12:15.927,bitfinex,LTC/USDT:USDT,109.83,60.24,109.8,10.93153197,109.84,14.1445,109.86,13.6546
1753769535927,06:12:15.927,bitfinex,LTC/USDT:USDT,109.83,60.24,109.8,10.93153197,109.84,14.1445,109.86,13.6546
1753769535997,06:12:15.997,bybit,LTC/USDT:USDT,109.74,23.6,109.73,64.0,109.75,12.7,109.76,36.0
1753769535964,06:12:15.964,bitget,LTC/USDT:USDT,109.79,29.3,109.78,140.3,109.8,17.7,109.81,366.4
1753769535000,06:12:15.000,gate,LTC/USDT:USDT,109.71,8.0,109.7,16.0,109.72,66.0,109.73,39.0
1753769536066,06:12:16.066,bitget,LTC/USDT:USDT,109.79,29.3,109.78,140.3,109.8,17.7,109.81,366.4
1753769536126,06:12:16.126,binance,LTC/USDT:USDT,109.71,128.377,109.7,236.758,109.72,50.394,109.73,116.432
1753769536126,06:12:16.126,binanceusdm,LTC/USDT:USDT,109.71,128.377,109.7,236.758,109.72,50.394,109.73,116.432
1753769536146,06:12:16.146,gate,LTC/USDT:USDT,109.71,8.0,109.7,16.0,109.72,66.0,109.73,39.0
1753769536197,06:12:16.197,bybit,LTC/USDT:USDT,109.74,23.6,109.73,64.0,109.75,12.7,109.76,36.0
1753769536189,06:12:16.189,bitget,LTC/USDT:USDT,109.79,29.3,109.78,140.3,109.8,17.7,109.81,366.4
1753769536237,06:12:16.237,bitfinex,LTC/USDT:USDT,109.83,60.24,109.8,10.93153197,109.84,14.1445,109.86,13.6546
1753769536238,06:12:16.238,bitfinex,LTC/USDT:USDT,109.83,60.24,109.8,10.93153197,109.84,14.1445,109.86,13.6546
1753769536238,06:12:16.238,bitfinex,LTC/USDT:USDT,109.83,60.24,109.8,10.93153197,109.84,14.1445,109.86,13.6546
1753769536231,06:12:16.231,binance,LTC/USDT:USDT,109.71,128.377,109.7,256.758,109.72,50.43,109.73,116.432
1753769536231,06:12:16.231,binanceusdm,LTC/USDT:USDT,109.71,128.377,109.7,256.758,109.72,50.43,109.73,116.432
1753769536202,06:12:16.202,bitmex,LTC/USDT:USDT,109.74,92000.0,109.73,308000.0,109.76,18000.0,109.78,62000.0
1753769536010,06:12:16.010,blofin,LTC/USDT:USDT,109.64,210.0,109.63,142.0,109.66,57.0,109.68,747.0
1753769536246,06:12:16.246,gate,LTC/USDT:USDT,109.7,16.0,109.69,84.0,109.72,66.0,109.73,39.0
1753769536296,06:12:16.296,bybit,LTC/USDT:USDT,109.74,23.6,109.73,64.0,109.75,12.7,109.76,36.0
1753769536252,06:12:16.252,bitmex,LTC/USDT:USDT,109.74,92000.0,109.73,308000.0,109.76,18000.0,109.78,62000.0
1753769536316,06:12:16.316,bitget,LTC/USDT:USDT,109.79,29.3,109.78,140.3,109.8,17.7,109.81,366.4
1753769536286,06:12:16.286,gate,LTC/USDT:USDT,109.71,8.0,109.7,16.0,109.72,66.0,109.73,39.0
1753769536397,06:12:16.397,bybit,LTC/USDT:USDT,109.74,23.6,109.73,64.0,109.75,12.7,109.76,36.0
1753769536361,06:12:16.361,coincatch,LTC/USDT:USDT,109.71,184.6,109.7,276.2,109.72,60.5,109.73,96.8
1753769536369,06:12:16.369,binance,LTC/USDT:USDT,109.71,121.086,109.7,264.05,109.72,50.43,109.73,116.432
1753769536369,06:12:16.369,binanceusdm,LTC/USDT:USDT,109.71,121.086,109.7,264.05,109.72,50.43,109.73,116.432
1753769536430,06:12:16.430,bitfinex,LTC/USDT:USDT,109.83,60.24,109.8,10.93153197,109.84,14.1445,109.86,13.6546
1753769536431,06:12:16.431,bitfinex,LTC/USDT:USDT,109.83,60.24,109.8,10.93153197,109.84,14.1445,109.86,13.6546
1753769536431,06:12:16.431,bitfinex,LTC/USDT:USDT,109.83,60.24,109.8,10.93153197,109.84,14.1445,109.86,13.6546
1753769536416,06:12:16.416,bitget,LTC/USDT:USDT,109.79,29.3,109.78,140.3,109.8,17.7,109.81,366.4
1753769536497,06:12:16.497,bybit,LTC/USDT:USDT,109.74,23.6,109.73,64.0,109.75,12.7,109.76,27.6
1753769536479,06:12:16.479,binance,LTC/USDT:USDT,109.71,121.086,109.7,264.05,109.72,50.43,109.73,116.432
1753769536479,06:12:16.479,binanceusdm,LTC/USDT:USDT,109.71,121.086,109.7,264.05,109.72,50.43,109.73,116.432
1753769536518,06:12:16.518,bitmart,LTC/USDT:USDT,109.71,53278.0,109.7,309098.0,109.72,27283.0,109.73,322564.0
1753769536597,06:12:16.597,bybit,LTC/USDT:USDT,109.74,23.6,109.73,64.0,109.75,12.7,109.76,27.6
1753769536567,06:12:16.567,bitget,LTC/USDT:USDT,109.79,29.3,109.78,140.3,109.8,17.7,109.81,366.4
1753769536608,06:12:16.608,binanceusdm,LTC/USDT:USDT,109.71,121.997,109.7,264.05,109.72,50.43,109.73,116.432
1753769536608,06:12:16.608,binance,LTC/USDT:USDT,109.71,121.997,109.7,264.05,109.72,50.43,109.73,116.432
1753769536566,06:12:16.566,bitmex,LTC/USDT:USDT,109.74,92000.0,109.73,308000.0,109.76,18000.0,109.78,62000.0
1753769536655,06:12:16.655,gate,LTC/USDT:USDT,109.7,16.0,109.69,84.0,109.72,66.0,109.73,39.0
1753769536661,06:12:16.661,coincatch,LTC/USDT:USDT,109.71,181.7,109.7,279.1,109.72,60.5,109.73,96.8
1753769536667,06:12:16.667,bitget,LTC/USDT:USDT,109.79,18.8,109.78,140.3,109.8,17.7,109.81,366.4
1753769536712,06:12:16.712,binance,LTC/USDT:USDT,109.71,122.189,109.7,264.05,109.72,50.43,109.73,118.255
1753769536712,06:12:16.712,binanceusdm,LTC/USDT:USDT,109.71,122.189,109.7,264.05,109.72,50.43,109.73,118.255
1753769536664,06:12:16.664,bitmex,LTC/USDT:USDT,109.74,92000.0,109.73,308000.0,109.76,18000.0,109.78,62000.0
1753769536748,06:12:16.748,gate,LTC/USDT:USDT,109.7,16.0,109.69,84.0,109.72,66.0,109.73,39.0
1753769536797,06:12:16.797,bybit,LTC/USDT:USDT,109.74,19.3,109.73,64.9,109.75,12.7,109.76,26.7
1753769536769,06:12:16.769,bitget,LTC/USDT:USDT,109.79,18.8,109.78,140.3,109.8,25.9,109.81,366.4
1753769536830,06:12:16.830,bitfinex,LTC/USDT:USDT,109.83,60.24,109.8,10.93153197,109.84,14.1445,109.86,13.6546
1753769536830,06:12:16.830,bitfinex,LTC/USDT:USDT,109.83,60.24,109.8,10.93153197,109.84,14.1445,109.86,13.6546
1753769536830,06:12:16.830,bitfinex,LTC/USDT:USDT,109.83,60.24,109.8,10.93153197,109.84,14.1445,109.86,13.6546
1753769536823,06:12:16.823,binanceusdm,LTC/USDT:USDT,109.71,129.48,109.7,256.758,109.72,50.43,109.73,153.255
1753769536823,06:12:16.823,binance,LTC/USDT:USDT,109.71,129.48,109.7,256.758,109.72,50.43,109.73,153.255
1753769536796,06:12:16.796,gate,LTC/USDT:USDT,109.7,16.0,109.69,84.0,109.72,66.0,109.73,39.0
1753769536897,06:12:16.897,bybit,LTC/USDT:USDT,109.74,23.6,109.73,64.9,109.75,12.7,109.76,26.7
1753769536354,06:12:16.354,blofin,LTC/USDT:USDT,109.64,210.0,109.63,143.0,109.66,47.0,109.69,557.0
1753769536917,06:12:16.917,bitget,LTC/USDT:USDT,109.79,29.3,109.78,140.3,109.8,15.4,109.81,366.4
1753769536930,06:12:16.930,binanceusdm,LTC/USDT:USDT,109.71,129.48,109.7,256.758,109.72,50.43,109.73,153.255
1753769536930,06:12:16.930,binance,LTC/USDT:USDT,109.71,129.48,109.7,256.758,109.72,50.43,109.73,153.255
1753769536883,06:12:16.883,gate,LTC/USDT:USDT,109.7,16.0,109.69,84.0,109.72,66.0,109.73,39.0
1753769537744,06:12:17.744,bitfinex,LTC/USDT:USDT,109.83,60.24,109.8,10.93153197,109.84,21.3878386,109.86,13.6546
1753769537440,06:12:17.440,binanceusdm,LTC/USDT:USDT,109.71,85.914,109.7,215.956,109.72,50.586,109.73,155.078
1753769537562,06:12:17.562,coincatch,LTC/USDT:USDT,109.71,168.4,109.7,268.0,109.72,60.5,109.73,127.0
1753769537656,06:12:17.656,gate,LTC/USDT:USDT,109.71,73.0,109.7,64.0,109.72,11.0,109.73,1.0
1753769536855,06:12:16.855,blofin,LTC/USDT:USDT,109.64,210.0,109.63,147.0,109.66,47.0,109.69,557.0
1753769537752,06:12:17.752,gate,LTC/USDT:USDT,109.71,112.0,109.7,92.0,109.72,11.0,109.73,1.0
1753769537797,06:12:17.797,bybit,LTC/USDT:USDT,109.76,62.6,109.75,71.7,109.77,13.9,109.78,27.7
1753769537844,06:12:17.844,gate,LTC/USDT:USDT,109.71,57.0,109.7,119.0,109.72,11.0,109.73,1.0
1753769538012,06:12:18.012,bitfinex,LTC/USDT:USDT,109.83,60.24,109.81,9.1067,109.84,7.2433386,109.88,1.82423197
1753769538033,06:12:18.033,bitfinex,LTC/USDT:USDT,109.83,60.24,109.81,9.1067,109.84,7.2433386,109.88,1.82423197
1753769537916,06:12:17.916,gate,LTC/USDT:USDT,109.71,18.0,109.7,68.0,109.72,11.0,109.73,1.0
1753769537998,06:12:17.998,bybit,LTC/USDT:USDT,109.76,2.9,109.75,62.5,109.77,23.1,109.78,45.0
1753769538003,06:12:18.003,bitmex,LTC/USDT:USDT,109.75,5000.0,109.74,99000.0,109.77,18000.0,109.78,5000.0
1753769538034,06:12:18.034,gate,LTC/USDT:USDT,109.71,18.0,109.7,68.0,109.72,11.0,109.73,1.0
1753769538100,06:12:18.100,bybit,LTC/USDT:USDT,109.76,4.3,109.75,23.7,109.77,42.7,109.78,55.3
1753769538052,06:12:18.052,bitmex,LTC/USDT:USDT,109.74,99000.0,109.73,308000.0,109.77,18000.0,109.78,5000.0
1753769538186,06:12:18.186,bitfinex,LTC/USDT:USDT,109.83,55.04,109.81,9.1067,109.87,5.26,109.88,1.82423197
1753769538101,06:12:18.101,bitmex,LTC/USDT:USDT,109.74,99000.0,109.73,308000.0,109.77,18000.0,109.78,5000.0
1753769538160,06:12:18.160,gate,LTC/USDT:USDT,109.71,18.0,109.7,68.0,109.72,11.0,109.73,1.0
1753769538197,06:12:18.197,bybit,LTC/USDT:USDT,109.76,4.5,109.75,23.9,109.77,23.1,109.78,52.8
1753769506098,06:11:46.098,ascendex,LTC/USDT:USDT,109.58,219.1,109.54,219.2,109.84,273.0,109.89,272.8
1753769538162,06:12:18.162,coincatch,LTC/USDT:USDT,109.72,289.2,109.71,364.2,109.73,2.6,109.74,56.3
1753769538150,06:12:18.150,bitmex,LTC/USDT:USDT,109.74,99000.0,109.73,308000.0,109.77,18000.0,109.78,5000.0
1753769538297,06:12:18.297,bybit,LTC/USDT:USDT,109.76,4.5,109.75,23.9,109.77,23.1,109.78,48.6
1753769538219,06:12:18.219,bitmex,LTC/USDT:USDT,109.74,99000.0,109.73,308000.0,109.77,18000.0,109.78,5000.0
1753769538329,06:12:18.329,bitfinex,LTC/USDT:USDT,109.83,55.04,109.81,9.1067,109.88,1.82423197,109.89,62.3
1753769538330,06:12:18.330,bitfinex,LTC/USDT:USDT,109.83,55.04,109.81,9.1067,109.86,12.5504212,109.88,1.82423197
1753769538290,06:12:18.290,bitget,LTC/USDT:USDT,109.8,47.1,109.79,238.7,109.81,54.1,109.82,323.6
1753769538397,06:12:18.397,bybit,LTC/USDT:USDT,109.76,4.3,109.75,35.6,109.77,23.1,109.78,48.6
1753769538422,06:12:18.422,binance,LTC/USDT:USDT,109.72,261.362,109.71,158.173,109.73,114.458,109.74,68.592
1753769538422,06:12:18.422,binanceusdm,LTC/USDT:USDT,109.72,261.362,109.71,158.173,109.73,114.458,109.74,68.592
1753769538420,06:12:18.420,bitget,LTC/USDT:USDT,109.8,47.1,109.79,238.7,109.81,18.6,109.82,359.1
1753769538497,06:12:18.497,bybit,LTC/USDT:USDT,109.76,4.3,109.75,42.0,109.77,23.1,109.78,48.6
1753769506098,06:11:46.098,ascendex,LTC/USDT:USDT,109.58,219.1,109.54,219.2,109.84,273.0,109.89,272.8
1753769538531,06:12:18.531,bitget,LTC/USDT:USDT,109.8,47.1,109.79,257.8,109.81,31.4,109.82,353.8
1753769538009,06:12:18.009,blofin,LTC/USDT:USDT,109.66,140.0,109.65,1173.0,109.69,56.0,109.7,1531.0
1753769538647,06:12:18.647,bitfinex,LTC/USDT:USDT,109.83,55.04,109.8,30.98846394,109.86,12.5504212,109.88,1.82423197
1753769538649,06:12:18.649,bitfinex,LTC/USDT:USDT,109.83,55.04,109.8,30.98846394,109.84,5.26,109.88,1.82423197
1753769538651,06:12:18.651,bitfinex,LTC/USDT:USDT,109.83,55.04,109.8,30.98846394,109.84,5.26,109.85,12.5504212
1753769538629,06:12:18.629,binanceusdm,LTC/USDT:USDT,109.72,284.563,109.71,168.285,109.73,3.695,109.74,68.592
1753769538629,06:12:18.629,binance,LTC/USDT:USDT,109.72,284.563,109.71,168.285,109.73,3.695,109.74,68.592
1753769538660,06:12:18.660,gate,LTC/USDT:USDT,109.71,18.0,109.7,68.0,109.72,11.0,109.73,1.0
1753769538697,06:12:18.697,bybit,LTC/USDT:USDT,109.76,7.2,109.75,30.3,109.77,24.0,109.78,73.3
1753769538667,06:12:18.667,bitget,LTC/USDT:USDT,109.8,47.1,109.79,257.8,109.81,31.4,109.82,293.7
1753769538757,06:12:18.757,binanceusdm,LTC/USDT:USDT,109.72,189.588,109.71,168.285,109.73,92.455,109.74,68.866
1753769538757,06:12:18.757,binance,LTC/USDT:USDT,109.72,189.588,109.71,168.285,109.73,92.455,109.74,68.866
1753769538750,06:12:18.750,gate,LTC/USDT:USDT,109.71,18.0,109.7,68.0,109.72,11.0,109.73,1.0
1753769538798,06:12:18.798,bybit,LTC/USDT:USDT,109.75,23.7,109.74,52.4,109.76,2.7,109.77,63.6
1753769538763,06:12:18.763,coincatch,LTC/USDT:USDT,109.72,270.8,109.71,357.7,109.73,4.4,109.74,82.3
1753769538768,06:12:18.768,bitget,LTC/USDT:USDT,109.8,47.1,109.79,238.7,109.81,31.4,109.82,359.1
1753769538827,06:12:18.827,bitfinex,LTC/USDT:USDT,109.83,55.04,109.8,30.98846394,109.84,5.26,109.85,12.5504212
1753769538827,06:12:18.827,bitfinex,LTC/USDT:USDT,109.83,55.04,109.8,30.98846394,109.85,5.26,109.88,1.82423197
1753769538828,06:12:18.828,bitfinex,LTC/USDT:USDT,109.83,55.04,109.8,30.98846394,109.85,5.26,109.88,1.82423197
1753769538858,06:12:18.858,binance,LTC/USDT:USDT,109.72,158.531,109.71,130.194,109.73,92.729,109.74,103.866
1753769538858,06:12:18.858,binanceusdm,LTC/USDT:USDT,109.72,158.531,109.71,130.194,109.73,92.729,109.74,103.866
1753769538789,06:12:18.789,gate,LTC/USDT:USDT,109.71,18.0,109.7,68.0,109.72,11.0,109.73,1.0
1753769538868,06:12:18.868,bitget,LTC/USDT:USDT,109.8,36.6,109.79,238.7,109.81,38.0,109.82,359.1
1753769538933,06:12:18.933,gate,LTC/USDT:USDT,109.71,18.0,109.7,35.0,109.72,11.0,109.73,1.0
1753769539083,06:12:19.083,bitfinex,LTC/USDT:USDT,109.83,55.04,109.8,3.64846394,109.85,5.26,109.88,1.82423197
1753769539146,06:12:19.146,bitfinex,LTC/USDT:USDT,109.83,55.04,109.8,3.64846394,109.85,5.26,109.88,1.82423197
1753769539009,06:12:19.009,gate,LTC/USDT:USDT,109.71,18.0,109.7,35.0,109.72,11.0,109.73,1.0
1753769539078,06:12:19.078,bitget,LTC/USDT:USDT,109.8,28.9,109.79,238.7,109.81,11.6,109.82,376.9
1753769539131,06:12:19.131,gate,LTC/USDT:USDT,109.71,18.0,109.7,35.0,109.72,11.0,109.73,1.0
1753769539252,06:12:19.252,bitfinex,LTC/USDT:USDT,109.83,55.04,109.81,9.1067,109.85,5.26,109.87,9.1022
1753769539137,06:12:19.137,bitmex,LTC/USDT:USDT,109.74,92000.0,109.73,308000.0,109.77,18000.0,109.79,57000.0
1753769539267,06:12:19.267,bitfinex,LTC/USDT:USDT,109.83,55.04,109.81,9.1067,109.85,5.26,109.87,9.1022
1753769539012,06:12:19.012,blofin,LTC/USDT:USDT,109.66,4.0,109.65,1947.0,109.69,112.0,109.7,1595.0
1753769539184,06:12:19.184,gate,LTC/USDT:USDT,109.71,18.0,109.7,35.0,109.72,11.0,109.73,1.0
1753769539297,06:12:19.297,bybit,LTC/USDT:USDT,109.76,10.9,109.75,49.1,109.77,29.3,109.78,77.8
1753769539309,06:12:19.309,binance,LTC/USDT:USDT,109.72,161.221,109.71,221.793,109.73,15.194,109.74,103.866
1753769539309,06:12:19.309,binanceusdm,LTC/USDT:USDT,109.72,161.221,109.71,221.793,109.73,15.194,109.74,103.866
1753769539288,06:12:19.288,gate,LTC/USDT:USDT,109.71,18.0,109.7,35.0,109.72,11.0,109.73,1.0
1753769539366,06:12:19.366,bitmex,LTC/USDT:USDT,109.74,92000.0,109.73,308000.0,109.79,57000.0,109.81,5000.0
1753769539430,06:12:19.430,binanceusdm,LTC/USDT:USDT,109.72,160.317,109.71,220.883,109.73,15.194,109.74,68.866
1753769539430,06:12:19.430,binance,LTC/USDT:USDT,109.72,160.317,109.71,220.883,109.73,15.194,109.74,68.866
1753769539388,06:12:19.388,gate,LTC/USDT:USDT,109.71,38.0,109.7,35.0,109.72,11.0,109.73,1.0
1753769539497,06:12:19.497,bybit,LTC/USDT:USDT,109.76,28.5,109.75,49.1,109.77,6.5,109.78,77.8
1753769539532,06:12:19.532,bitfinex,LTC/USDT:USDT,109.83,55.04,109.8,3.64846394,109.85,5.26,109.87,9.1022
1753769539533,06:12:19.533,bitfinex,LTC/USDT:USDT,109.83,55.04,109.8,3.64846394,109.85,5.26,109.87,9.1022
1753769539521,06:12:19.521,bitget,LTC/USDT:USDT,109.8,49.5,109.79,246.8,109.81,19.9,109.82,302.5
1753769539464,06:12:19.464,bitmex,LTC/USDT:USDT,109.75,5000.0,109.74,92000.0,109.78,18000.0,109.8,76000.0
1753769539531,06:12:19.531,bitmart,LTC/USDT:USDT,109.72,44485.0,109.71,280330.0,109.73,5721.0,109.74,250100.0
1753769539510,06:12:19.510,gate,LTC/USDT:USDT,109.71,38.0,109.7,35.0,109.72,11.0,109.73,1.0
1753769539597,06:12:19.597,bybit,LTC/USDT:USDT,109.76,28.5,109.75,49.1,109.77,6.5,109.78,86.7
1753769539541,06:12:19.541,bitmex,LTC/USDT:USDT,109.75,5000.0,109.74,92000.0,109.78,18000.0,109.8,76000.0
1753769539000,06:12:19.000,gateio,LTC/USDT:USDT,109.71,38.0,109.7,35.0,109.72,11.0,109.73,1.0
1753769539621,06:12:19.621,bitget,LTC/USDT:USDT,109.8,49.5,109.79,246.8,109.81,19.9,109.82,302.5
1753769539590,06:12:19.590,bitmex,LTC/USDT:USDT,109.75,5000.0,109.74,92000.0,109.78,18000.0,109.8,57000.0
1753769539645,06:12:19.645,binance,LTC/USDT:USDT,109.72,169.666,109.71,213.139,109.73,15.194,109.74,68.866
1753769539644,06:12:19.644,gate,LTC/USDT:USDT,109.71,18.0,109.7,35.0,109.72,11.0,109.73,1.0
1753769539644,06:12:19.644,gateio,LTC/USDT:USDT,109.71,18.0,109.7,35.0,109.72,11.0,109.73,1.0
1753769539745,06:12:19.745,bitfinex,LTC/USDT:USDT,109.83,55.04,109.8,3.64846394,109.85,5.26,109.87,9.1022
1753769539750,06:12:19.750,bitfinex,LTC/USDT:USDT,109.83,55.04,109.8,3.64846394,109.85,5.26,109.87,9.1022
1753769539667,06:12:19.667,bitmex,LTC/USDT:USDT,109.75,5000.0,109.74,92000.0,109.78,18000.0,109.8,57000.0
1753769539752,06:12:19.752,binanceusdm,LTC/USDT:USDT,109.72,226.896,109.71,205.848,109.73,15.011,109.74,68.866
1753769539752,06:12:19.752,binance,LTC/USDT:USDT,109.72,226.896,109.71,205.848,109.73,15.011,109.74,68.866
1753769539727,06:12:19.727,gateio,LTC/USDT:USDT,109.71,18.0,109.7,44.0,109.72,11.0,109.73,1.0
1753769539727,06:12:19.727,gate,LTC/USDT:USDT,109.71,18.0,109.7,44.0,109.72,11.0,109.73,1.0
1753769539797,06:12:19.797,bybit,LTC/USDT:USDT,109.76,28.5,109.75,48.5,109.77,7.4,109.78,53.0
1753769539770,06:12:19.770,bitget,LTC/USDT:USDT,109.8,49.5,109.79,246.8,109.81,14.0,109.82,302.5
1753769539786,06:12:19.786,gate,LTC/USDT:USDT,109.71,50.0,109.7,100.0,109.72,11.0,109.73,1.0
1753769539786,06:12:19.786,gateio,LTC/USDT:USDT,109.71,50.0,109.7,100.0,109.72,11.0,109.73,1.0
1753769540455,06:12:20.455,bitfinex,LTC/USDT:USDT,109.83,55.04,109.8,44.65006394,109.85,5.26,109.88,1.82423197
1753769540106,06:12:20.106,gate,LTC/USDT:USDT,109.71,50.0,109.7,100.0,109.72,11.0,109.73,1.0
1753769540106,06:12:20.106,gateio,LTC/USDT:USDT,109.71,50.0,109.7,100.0,109.72,11.0,109.73,1.0
1753769539922,06:12:19.922,bitmart,LTC/USDT:USDT,109.72,115054.0,109.71,280330.0,109.73,5721.0,109.74,250100.0
1753769540507,06:12:20.507,bitfinex,LTC/USDT:USDT,109.84,9.1045,109.83,55.04,109.85,5.26,109.88,10.92553197
1753769539358,06:12:19.358,blofin,LTC/USDT:USDT,109.66,4.0,109.65,1947.0,109.69,112.0,109.7,1595.0
1753769540528,06:12:20.528,bitfinex,LTC/USDT:USDT,109.84,9.1045,109.83,55.04,109.85,5.26,109.88,10.92553197
1753769540497,06:12:20.497,bybit,LTC/USDT:USDT,109.76,29.1,109.75,56.4,109.77,6.5,109.78,29.0
1753769540532,06:12:20.532,binance,LTC/USDT:USDT,109.72,380.093,109.71,217.833,109.73,20.314,109.74,9.066
1753769540532,06:12:20.532,binanceusdm,LTC/USDT:USDT,109.72,380.093,109.71,217.833,109.73,20.314,109.74,9.066
1753769540522,06:12:20.522,bitget,LTC/USDT:USDT,109.81,34.6,109.8,146.9,109.82,293.7,109.83,198.7
1753769540012,06:12:20.012,blofin,LTC/USDT:USDT,109.66,3.0,109.65,132.0,109.68,33.0,109.69,1.0
1753769540511,06:12:20.511,gateio,LTC/USDT:USDT,109.71,50.0,109.7,100.0,109.72,11.0,109.73,1.0
1753769540511,06:12:20.511,gate,LTC/USDT:USDT,109.71,50.0,109.7,100.0,109.72,11.0,109.73,1.0
1753769540597,06:12:20.597,bybit,LTC/USDT:USDT,109.76,29.1,109.75,48.0,109.77,6.5,109.78,29.0
1753769540565,06:12:20.565,coincatch,LTC/USDT:USDT,109.72,327.3,109.71,366.3,109.73,23.3,109.74,10.9
1753769540629,06:12:20.629,bitfinex,LTC/USDT:USDT,109.84,9.1045,109.83,55.04,109.85,5.26,109.88,10.92553197
1753769540630,06:12:20.630,bitfinex,LTC/USDT:USDT,109.84,9.1045,109.83,55.04,109.85,14.28583461,109.88,10.92553197
1753769540630,06:12:20.630,bitfinex,LTC/USDT:USDT,109.84,9.1045,109.83,55.04,109.85,14.28583461,109.88,10.92553197
1753769540760,06:12:20.760,gate,LTC/USDT:USDT,109.71,245.0,109.7,146.0,109.72,5.0,109.73,1.0
1753769540760,06:12:20.760,gateio,LTC/USDT:USDT,109.71,245.0,109.7,146.0,109.72,5.0,109.73,1.0
1753769540839,06:12:20.839,gate,LTC/USDT:USDT,109.71,362.0,109.7,146.0,109.72,5.0,109.73,1.0
1753769540839,06:12:20.839,gateio,LTC/USDT:USDT,109.71,362.0,109.7,146.0,109.72,5.0,109.73,1.0
1753769541003,06:12:21.003,bitfinex,LTC/USDT:USDT,109.84,9.1045,109.83,55.04,109.85,5.26,109.88,10.92553197
1753769540922,06:12:20.922,bitget,LTC/USDT:USDT,109.81,40.2,109.8,213.6,109.82,22.5,109.83,72.9
1753769540865,06:12:20.865,coincatch,LTC/USDT:USDT,109.72,327.3,109.71,370.6,109.75,24.4,109.76,10.9
1753769541043,06:12:21.043,bitfinex,LTC/USDT:USDT,109.83,55.04,109.82,30.98846394,109.87,5.26,109.9,3.64846394
1753769540997,06:12:20.997,bybit,LTC/USDT:USDT,109.77,91.5,109.76,68.1,109.78,0.5,109.79,40.6
1753769535283,06:12:15.283,hashkey,LTC/USDT:USDT,109.44,6.0,109.43,37.0,109.45,52.0,109.76,446.0
1753769540972,06:12:20.972,bitmex,LTC/USDT:USDT,109.76,308000.0,109.75,5000.0,109.79,18000.0,109.81,62000.0
1753769541030,06:12:21.030,bitget,LTC/USDT:USDT,109.82,3.4,109.81,100.9,109.83,295.4,109.84,316.2
1753769506098,06:11:46.098,ascendex,LTC/USDT:USDT,109.58,219.1,109.54,219.2,109.84,273.0,109.89,272.8
1753769541023,06:12:21.023,gateio,LTC/USDT:USDT,109.71,362.0,109.7,146.0,109.72,5.0,109.73,1.0
1753769541023,06:12:21.023,gate,LTC/USDT:USDT,109.71,362.0,109.7,146.0,109.72,5.0,109.73,1.0
1753769541097,06:12:21.097,bybit,LTC/USDT:USDT,109.77,91.5,109.76,68.1,109.78,0.5,109.79,40.6
1753769541064,06:12:21.064,binanceusdm,LTC/USDT:USDT,109.74,147.751,109.73,296.007,109.75,120.326,109.76,117.303
1753769541064,06:12:21.064,binance,LTC/USDT:USDT,109.74,147.751,109.73,296.007,109.75,120.326,109.76,117.303
1753769541021,06:12:21.021,bitmex,LTC/USDT:USDT,109.77,92000.0,109.76,308000.0,109.79,18000.0,109.81,62000.0
1753769541061,06:12:21.061,hashkey,LTC/USDT:USDT,109.44,6.0,109.43,37.0,109.45,52.0,109.76,446.0
1753769541087,06:12:21.087,bitmex,LTC/USDT:USDT,109.77,92000.0,109.76,308000.0,109.79,18000.0,109.81,62000.0
1753769541141,06:12:21.141,bitget,LTC/USDT:USDT,109.82,43.9,109.81,80.7,109.83,259.9,109.84,351.7
1753769541198,06:12:21.198,bybit,LTC/USDT:USDT,109.77,91.5,109.76,56.0,109.78,0.5,109.79,40.6
1753769541166,06:12:21.166,coincatch,LTC/USDT:USDT,109.74,205.6,109.73,244.7,109.75,144.4,109.76,77.0
1753769541175,06:12:21.175,binance,LTC/USDT:USDT,109.74,131.121,109.73,292.386,109.75,120.326,109.76,124.998
1753769541175,06:12:21.175,binanceusdm,LTC/USDT:USDT,109.74,131.121,109.73,292.386,109.75,120.326,109.76,124.998
1753769541230,06:12:21.230,bitfinex,LTC/USDT:USDT,109.83,55.04,109.82,30.98846394,109.87,5.26,109.9,3.64846394
1753769541231,06:12:21.231,bitfinex,LTC/USDT:USDT,109.83,55.04,109.82,30.98846394,109.86,12.55845354,109.87,5.26
1753769541245,06:12:21.245,bitfinex,LTC/USDT:USDT,109.83,55.04,109.82,30.98846394,109.86,12.55845354,109.87,5.26
1753769541201,06:12:21.201,gateio,LTC/USDT:USDT,109.72,63.0,109.71,205.0,109.73,1.0,109.76,115.0
1753769541201,06:12:21.201,gate,LTC/USDT:USDT,109.72,63.0,109.71,205.0,109.73,1.0,109.76,115.0
1753769541297,06:12:21.297,bybit,LTC/USDT:USDT,109.77,91.5,109.76,60.2,109.78,0.4,109.79,40.6
1753769541274,06:12:21.274,bitget,LTC/USDT:USDT,109.82,43.4,109.81,80.7,109.83,37.4,109.84,573.7
1753769541279,06:12:21.279,binanceusdm,LTC/USDT:USDT,109.74,131.364,109.73,292.386,109.75,120.326,109.76,124.998
1753769541279,06:12:21.279,binance,LTC/USDT:USDT,109.74,131.364,109.73,292.386,109.75,120.326,109.76,124.998
1753769541288,06:12:21.288,gateio,LTC/USDT:USDT,109.72,63.0,109.71,95.0,109.73,1.0,109.76,115.0
1753769541288,06:12:21.288,gate,LTC/USDT:USDT,109.72,63.0,109.71,95.0,109.73,1.0,109.76,115.0
1753769506098,06:11:46.098,ascendex,LTC/USDT:USDT,109.58,219.1,109.54,219.2,109.84,273.0,109.89,272.8
1753769541397,06:12:21.397,bybit,LTC/USDT:USDT,109.77,91.5,109.76,60.2,109.78,0.4,109.79,40.6
1753769541388,06:12:21.388,binance,LTC/USDT:USDT,109.74,131.774,109.73,291.476,109.75,120.326,109.76,124.998
1753769541388,06:12:21.388,binanceusdm,LTC/USDT:USDT,109.74,131.774,109.73,291.476,109.75,120.326,109.76,124.998
1753769541428,06:12:21.428,bitfinex,LTC/USDT:USDT,109.83,55.04,109.82,30.98846394,109.86,12.55845354,109.87,5.26
1753769541429,06:12:21.429,bitfinex,LTC/USDT:USDT,109.83,55.04,109.82,30.98846394,109.87,5.26,109.9,1.82423197
1753769541429,06:12:21.429,bitfinex,LTC/USDT:USDT,109.83,55.04,109.82,30.98846394,109.87,5.26,109.9,1.82423197
1753769541412,06:12:21.412,bitget,LTC/USDT:USDT,109.82,32.9,109.81,80.7,109.83,19.0,109.84,573.7
1753769541404,06:12:21.404,gate,LTC/USDT:USDT,109.72,63.0,109.71,95.0,109.73,1.0,109.76,115.0
1753769541404,06:12:21.404,gateio,LTC/USDT:USDT,109.72,63.0,109.71,95.0,109.73,1.0,109.76,115.0
1753769541496,06:12:21.496,bybit,LTC/USDT:USDT,109.77,91.5,109.76,60.2,109.78,0.4,109.79,40.6
1753769541466,06:12:21.466,coincatch,LTC/USDT:USDT,109.74,202.8,109.73,244.7,109.75,144.4,109.76,90.4
1753769541523,06:12:21.523,bitget,LTC/USDT:USDT,109.82,32.9,109.81,126.8,109.83,21.4,109.84,571.2
1753769541559,06:12:21.559,binanceusdm,LTC/USDT:USDT,109.74,148.78,109.73,291.476,109.75,120.326,109.76,124.998
1753769541559,06:12:21.559,binance,LTC/USDT:USDT,109.74,148.78,109.73,291.476,109.75,120.326,109.76,124.998
1753769541597,06:12:21.597,bybit,LTC/USDT:USDT,109.77,91.5,109.76,60.2,109.78,0.4,109.79,40.6
1753769541627,06:12:21.627,bitfinex,LTC/USDT:USDT,109.83,55.04,109.82,30.98846394,109.87,5.26,109.9,1.82423197
1753769541627,06:12:21.627,bitfinex,LTC/USDT:USDT,109.83,55.04,109.82,30.98846394,109.86,12.56112207,109.87,5.26
1753769541628,06:12:21.628,bitfinex,LTC/USDT:USDT,109.83,55.04,109.82,30.98846394,109.86,12.56112207,109.87,5.26
1753769541658,06:12:21.658,gate,LTC/USDT:USDT,109.72,63.0,109.71,95.0,109.73,1.0,109.76,115.0
1753769541658,06:12:21.658,gateio,LTC/USDT:USDT,109.72,63.0,109.71,95.0,109.73,1.0,109.76,115.0
1753769506098,06:11:46.098,ascendex,LTC/USDT:USDT,109.58,219.1,109.54,219.2,109.84,273.0,109.89,272.8
1753769541726,06:12:21.726,bitmart,LTC/USDT:USDT,109.74,51007.0,109.73,310225.0,109.75,58401.0,109.76,261152.0
1753769541663,06:12:21.663,gate,LTC/USDT:USDT,109.72,63.0,109.71,95.0,109.73,1.0,109.76,115.0
1753769541663,06:12:21.663,gateio,LTC/USDT:USDT,109.72,63.0,109.71,95.0,109.73,1.0,109.76,115.0
1753769541766,06:12:21.766,binanceusdm,LTC/USDT:USDT,109.74,186.024,109.73,311.476,109.75,31.084,109.76,117.303
1753769541797,06:12:21.797,bybit,LTC/USDT:USDT,109.77,98.9,109.76,64.7,109.78,0.2,109.79,30.6
1753769541766,06:12:21.766,coincatch,LTC/USDT:USDT,109.74,210.6,109.73,244.7,109.75,37.3,109.76,85.4
1753769541726,06:12:21.726,bitmex,LTC/USDT:USDT,109.77,92000.0,109.76,308000.0,109.81,62000.0,109.83,5000.0
1753769541838,06:12:21.838,bitfinex,LTC/USDT:USDT,109.83,55.04,109.82,30.98846394,109.86,12.56112207,109.87,5.26
1753769541839,06:12:21.839,bitfinex,LTC/USDT:USDT,109.85,9.103,109.83,55.04,109.87,5.26,109.89,9.1005
1753769541839,06:12:21.839,bitfinex,LTC/USDT:USDT,109.85,9.103,109.83,55.04,109.87,5.26,109.89,9.1005
1753769541775,06:12:21.775,bitmex,LTC/USDT:USDT,109.77,92000.0,109.76,308000.0,109.8,5000.0,109.83,5000.0
1753769541836,06:12:21.836,bitget,LTC/USDT:USDT,109.82,45.8,109.81,121.2,109.83,35.5,109.84,511.1
1753769541781,06:12:21.781,gateio,LTC/USDT:USDT,109.72,63.0,109.71,95.0,109.73,1.0,109.76,98.0
1753769541781,06:12:21.781,gate,LTC/USDT:USDT,109.72,63.0,109.71,95.0,109.73,1.0,109.76,98.0
1753769541897,06:12:21.897,bybit,LTC/USDT:USDT,109.77,98.9,109.76,64.7,109.78,0.2,109.79,30.6
1753769541361,06:12:21.361,blofin,LTC/USDT:USDT,109.66,170.0,109.65,834.0,109.69,11.0,109.7,2.0
1753769541876,06:12:21.876,binance,LTC/USDT:USDT,109.74,186.024,109.73,311.476,109.75,28.493,109.76,117.303
1753769541876,06:12:21.876,binanceusdm,LTC/USDT:USDT,109.74,186.024,109.73,311.476,109.75,28.493,109.76,117.303
1753769541824,06:12:21.824,bitmex,LTC/USDT:USDT,109.77,92000.0,109.76,308000.0,109.8,5000.0,109.82,57000.0
1753769541997,06:12:21.997,bybit,LTC/USDT:USDT,109.77,98.9,109.76,64.7,109.78,0.2,109.79,30.6
1753769541971,06:12:21.971,bitget,LTC/USDT:USDT,109.82,49.0,109.81,97.6,109.83,24.2,109.84,511.1
1753769542033,06:12:22.033,bitfinex,LTC/USDT:USDT,109.85,9.103,109.82,30.98846394,109.87,5.26,109.89,9.1005
1753769542033,06:12:22.033,bitfinex,LTC/USDT:USDT,109.86,55.04,109.85,9.103,109.87,5.26,109.89,9.1005
1753769542001,06:12:22.001,binanceusdm,LTC/USDT:USDT,109.74,186.024,109.73,311.476,109.75,28.493,109.76,117.303
1753769542001,06:12:22.001,binance,LTC/USDT:USDT,109.74,186.024,109.73,311.476,109.75,28.493,109.76,117.303
1753769542024,06:12:22.024,gate,LTC/USDT:USDT,109.72,63.0,109.71,95.0,109.73,1.0,109.76,98.0
1753769542024,06:12:22.024,gateio,LTC/USDT:USDT,109.72,63.0,109.71,95.0,109.73,1.0,109.76,98.0
1753769542067,06:12:22.067,coincatch,LTC/USDT:USDT,109.74,253.2,109.73,344.1,109.75,34.2,109.76,140.8
1753769542506,06:12:22.506,bitfinex,LTC/USDT:USDT,109.86,55.04,109.85,9.103,109.87,17.82119554,109.89,9.1005
1753769542242,06:12:22.242,gate,LTC/USDT:USDT,109.72,10.0,109.71,79.0,109.73,1.0,109.76,98.0
1753769542242,06:12:22.242,gateio,LTC/USDT:USDT,109.72,10.0,109.71,79.0,109.73,1.0,109.76,98.0
1753769542565,06:12:22.565,bitfinex,LTC/USDT:USDT,109.86,55.04,109.85,9.103,109.87,17.82119554,109.89,9.1005
1753769542528,06:12:22.528,gate,LTC/USDT:USDT,109.72,65.0,109.71,79.0,109.73,1.0,109.76,98.0
1753769542528,06:12:22.528,gateio,LTC/USDT:USDT,109.72,65.0,109.71,79.0,109.73,1.0,109.76,98.0
1753769542653,06:12:22.653,bitfinex,LTC/USDT:USDT,109.86,55.04,109.85,9.103,109.87,17.82119554,109.89,9.1005
1753769542597,06:12:22.597,bybit,LTC/USDT:USDT,109.77,14.4,109.76,39.1,109.78,16.9,109.79,47.0
1753769542014,06:12:22.014,blofin,LTC/USDT:USDT,109.68,121.0,109.67,356.0,109.71,31.0,109.74,901.0
1753769542661,06:12:22.661,bitfinex,LTC/USDT:USDT,109.86,55.04,109.85,9.103,109.87,17.82119554,109.89,9.1005
1753769542642,06:12:22.642,bitget,LTC/USDT:USDT,109.82,8.6,109.81,75.1,109.83,96.9,109.84,576.5
1753769542660,06:12:22.660,binanceusdm,LTC/USDT:USDT,109.74,100.583,109.73,183.376,109.75,198.203,109.76,116.904
1753769542660,06:12:22.660,binance,LTC/USDT:USDT,109.74,100.583,109.73,183.376,109.75,198.203,109.76,116.904
1753769542573,06:12:22.573,gate,LTC/USDT:USDT,109.72,65.0,109.71,79.0,109.73,1.0,109.76,98.0
1753769542697,06:12:22.697,bybit,LTC/USDT:USDT,109.77,14.4,109.76,39.1,109.78,8.6,109.79,47.0
1753769542649,06:12:22.649,bitmex,LTC/USDT:USDT,109.76,308000.0,109.75,5000.0,109.79,18000.0,109.81,62000.0
1753769542573,06:12:22.573,gateio,LTC/USDT:USDT,109.72,65.0,109.71,79.0,109.73,1.0,109.76,98.0
1753769542797,06:12:22.797,bybit,LTC/USDT:USDT,109.77,14.4,109.76,39.1,109.78,11.5,109.79,47.0
1753769542864,06:12:22.864,bitfinex,LTC/USDT:USDT,109.86,55.04,109.85,9.103,109.87,17.82119554,109.89,9.1005
1753769542866,06:12:22.866,bitfinex,LTC/USDT:USDT,109.86,55.04,109.85,9.103,109.87,17.82119554,109.89,9.1005
1753769542774,06:12:22.774,bitget,LTC/USDT:USDT,109.82,8.6,109.81,75.1,109.83,86.4,109.84,576.5
1753769542799,06:12:22.799,binance,LTC/USDT:USDT,109.74,117.213,109.73,183.376,109.75,197.963,109.76,116.904
1753769542799,06:12:22.799,binanceusdm,LTC/USDT:USDT,109.74,117.213,109.73,183.376,109.75,197.963,109.76,116.904
1753769542737,06:12:22.737,bitmex,LTC/USDT:USDT,109.76,308000.0,109.75,5000.0,109.79,18000.0,109.81,62000.0
1753769542873,06:12:22.873,bitfinex,LTC/USDT:USDT,109.86,55.04,109.85,9.103,109.87,17.82119554,109.89,9.1005
1753769542786,06:12:22.786,bitmex,LTC/USDT:USDT,109.77,92000.0,109.76,308000.0,109.79,18000.0,109.8,19000.0
1753769542897,06:12:22.897,bybit,LTC/USDT:USDT,109.77,14.4,109.76,39.1,109.78,8.6,109.79,47.0
1753769542841,06:12:22.841,bitmex,LTC/USDT:USDT,109.77,92000.0,109.76,308000.0,109.79,18000.0,109.8,19000.0
1753769542914,06:12:22.914,binanceusdm,LTC/USDT:USDT,109.74,117.213,109.73,183.376,109.75,159.849,109.76,116.904
1753769542914,06:12:22.914,binance,LTC/USDT:USDT,109.74,117.213,109.73,183.376,109.75,159.849,109.76,116.904
1753769542904,06:12:22.904,gate,LTC/USDT:USDT,109.72,65.0,109.71,79.0,109.73,1.0,109.76,98.0
1753769542997,06:12:22.997,bybit,LTC/USDT:USDT,109.77,14.4,109.76,39.1,109.78,8.6,109.79,47.0
1753769542967,06:12:22.967,coincatch,LTC/USDT:USDT,109.74,209.4,109.73,312.4,109.75,237.6,109.76,140.3
1753769542904,06:12:22.904,gateio,LTC/USDT:USDT,109.72,65.0,109.71,79.0,109.73,1.0,109.76,98.0
1753769543019,06:12:23.019,binance,LTC/USDT:USDT,109.74,100.583,109.73,183.376,109.75,159.849,109.76,133.534
1753769543019,06:12:23.019,binanceusdm,LTC/USDT:USDT,109.74,100.583,109.73,183.376,109.75,159.849,109.76,133.534
1753769542962,06:12:22.962,bitmex,LTC/USDT:USDT,109.77,92000.0,109.76,308000.0,109.79,18000.0,109.8,19000.0
1753769543025,06:12:23.025,bitget,LTC/USDT:USDT,109.82,19.1,109.81,75.1,109.83,86.4,109.84,576.5
1753769543011,06:12:23.011,bitmex,LTC/USDT:USDT,109.77,92000.0,109.76,308000.0,109.79,18000.0,109.8,19000.0
1753769543098,06:12:23.098,bybit,LTC/USDT:USDT,109.77,35.7,109.76,43.3,109.78,0.2,109.79,47.0
1753769543115,06:12:23.115,gate,LTC/USDT:USDT,109.72,65.0,109.71,79.0,109.73,1.0,109.76,98.0
1753769543197,06:12:23.197,bybit,LTC/USDT:USDT,109.77,45.7,109.76,43.3,109.78,0.2,109.79,37.0
1753769543282,06:12:23.282,bitfinex,LTC/USDT:USDT,109.86,55.04,109.85,9.103,109.87,17.82119554,109.89,9.1005
1753769543286,06:12:23.286,bitfinex,LTC/USDT:USDT,109.86,55.04,109.85,9.103,109.87,17.82119554,109.89,9.1005
1753769543289,06:12:23.289,bitfinex,LTC/USDT:USDT,109.86,55.04,109.85,9.103,109.87,17.82119554,109.89,9.1005
1753769543242,06:12:23.242,bitget,LTC/USDT:USDT,109.82,19.1,109.81,135.3,109.83,25.1,109.84,576.5
1753769543208,06:12:23.208,bitmex,LTC/USDT:USDT,109.77,92000.0,109.76,308000.0,109.79,18000.0,109.81,62000.0
1753769543267,06:12:23.267,coincatch,LTC/USDT:USDT,109.74,216.1,109.73,313.8,109.75,127.0,109.76,140.3
1753769542867,06:12:22.867,blofin,LTC/USDT:USDT,109.68,126.0,109.67,356.0,109.71,31.0,109.74,901.0
1753769543115,06:12:23.115,gateio,LTC/USDT:USDT,109.72,65.0,109.71,79.0,109.73,1.0,109.76,98.0
1753769543319,06:12:23.319,bitmart,LTC/USDT:USDT,109.74,51007.0,109.73,310225.0,109.75,82611.0,109.76,261152.0
1753769543331,06:12:23.331,binance,LTC/USDT:USDT,109.74,94.493,109.73,194.316,109.75,126.169,109.76,116.904
1753769543331,06:12:23.331,binanceusdm,LTC/USDT:USDT,109.74,94.493,109.73,194.316,109.75,126.169,109.76,116.904
1753769543343,06:12:23.343,bitget,LTC/USDT:USDT,109.82,19.1,109.81,135.3,109.83,21.4,109.84,349.6
1753769543397,06:12:23.397,bybit,LTC/USDT:USDT,109.77,45.7,109.76,53.1,109.78,3.1,109.79,46.8
1753769543699,06:12:23.699,gate,LTC/USDT:USDT,109.72,65.0,109.71,56.0,109.73,1.0,109.76,98.0
1753769543699,06:12:23.699,gateio,LTC/USDT:USDT,109.72,65.0,109.71,56.0,109.73,1.0,109.76,98.0
1753769543881,06:12:23.881,bitfinex,LTC/USDT:USDT,109.86,55.04,109.85,9.103,109.87,17.82119554,109.89,9.1005
1753769543573,06:12:23.573,hashkey,LTC/USDT:USDT,109.44,6.0,109.43,37.0,109.45,52.0,109.76,446.0
1753769543907,06:12:23.907,bitfinex,LTC/USDT:USDT,109.86,55.04,109.85,9.103,109.87,17.82119554,109.89,9.1005
1753769543732,06:12:23.732,hitbtc,LTC/USDT:USDT,109.601,3.21,109.599,18.59,109.742,2.99,109.745,6.56
1753769543802,06:12:23.802,gate,LTC/USDT:USDT,109.72,65.0,109.71,56.0,109.73,1.0,109.76,98.0
1753769543802,06:12:23.802,gateio,LTC/USDT:USDT,109.72,65.0,109.71,56.0,109.73,1.0,109.76,98.0
1753769543894,06:12:23.894,binance,LTC/USDT:USDT,109.74,111.132,109.73,194.316,109.75,126.169,109.76,116.904
1753769543929,06:12:23.929,bitget,LTC/USDT:USDT,109.82,19.1,109.81,135.3,109.83,21.4,109.84,364.2
1753769543887,06:12:23.887,gate,LTC/USDT:USDT,109.72,65.0,109.71,56.0,109.73,1.0,109.76,98.0
1753769543887,06:12:23.887,gateio,LTC/USDT:USDT,109.72,65.0,109.71,56.0,109.73,1.0,109.76,98.0
1753769543917,06:12:23.917,bitmex,LTC/USDT:USDT,109.77,92000.0,109.76,308000.0,109.79,18000.0,109.81,62000.0
1753769543363,06:12:23.363,blofin,LTC/USDT:USDT,109.68,5.0,109.67,29.0,109.7,74.0,109.71,1.0
1753769544002,06:12:24.002,binanceusdm,LTC/USDT:USDT,109.74,111.132,109.73,194.316,109.75,126.169,109.76,116.904
1753769544045,06:12:24.045,bitget,LTC/USDT:USDT,109.82,19.1,109.81,135.3,109.83,21.4,109.84,364.2
1753769544005,06:12:24.005,gate,LTC/USDT:USDT,109.72,65.0,109.71,56.0,109.73,1.0,109.76,98.0
1753769544005,06:12:24.005,gateio,LTC/USDT:USDT,109.72,65.0,109.71,56.0,109.73,1.0,109.76,98.0
1753769544171,06:12:24.171,bitfinex,LTC/USDT:USDT,109.86,55.04,109.85,9.103,109.87,17.82119554,109.89,9.1005
1753769544207,06:12:24.207,bitfinex,LTC/USDT:USDT,109.86,55.04,109.85,9.103,109.87,17.82119554,109.89,9.1005
1753769544168,06:12:24.168,coincatch,LTC/USDT:USDT,109.74,210.6,109.73,313.8,109.75,151.4,109.76,140.3
1753769544136,06:12:24.136,hitbtc,LTC/USDT:USDT,109.601,3.21,109.599,18.59,109.742,2.99,109.745,6.56
1753769544181,06:12:24.181,bitget,LTC/USDT:USDT,109.82,34.1,109.81,135.3,109.83,21.4,109.84,364.2
1753769544206,06:12:24.206,binanceusdm,LTC/USDT:USDT,109.74,111.793,109.73,194.316,109.75,126.169,109.76,116.904
1753769544206,06:12:24.206,binance,LTC/USDT:USDT,109.74,111.793,109.73,194.316,109.75,126.169,109.76,116.904
1753769544212,06:12:24.212,gate,LTC/USDT:USDT,109.72,81.0,109.71,84.0,109.73,1.0,109.76,98.0
1753769544212,06:12:24.212,gateio,LTC/USDT:USDT,109.72,81.0,109.71,84.0,109.73,1.0,109.76,98.0
1753769544297,06:12:24.297,bybit,LTC/USDT:USDT,109.77,49.9,109.76,57.3,109.78,0.2,109.79,46.8
1753769543759,06:12:23.759,htx,LTC/USDT:USDT,109.88,162.0,109.87,41.0,109.89,70.0,109.9,574.0
1753769544137,06:12:24.137,hitbtc,LTC/USDT:USDT,109.601,3.21,109.599,18.59,109.742,2.99,109.745,6.56
1753769544285,06:12:24.285,bitget,LTC/USDT:USDT,109.82,34.1,109.81,135.3,109.83,25.6,109.84,358.9
1753769544302,06:12:24.302,gate,LTC/USDT:USDT,109.72,81.0,109.71,84.0,109.73,1.0,109.76,98.0
1753769544302,06:12:24.302,gateio,LTC/USDT:USDT,109.72,81.0,109.71,84.0,109.73,1.0,109.76,98.0
1753769544461,06:12:24.461,binance,LTC/USDT:USDT,109.74,102.832,109.73,194.316,109.75,127.992,109.76,116.904
1753769544461,06:12:24.461,binanceusdm,LTC/USDT:USDT,109.74,102.832,109.73,194.316,109.75,127.992,109.76,116.904
1753769544497,06:12:24.497,bybit,LTC/USDT:USDT,109.77,45.7,109.76,57.3,109.78,0.2,109.79,46.8
1753769544468,06:12:24.468,coincatch,LTC/USDT:USDT,109.74,213.9,109.73,326.6,109.75,151.4,109.76,140.3
1753769544397,06:12:24.397,hitbtc,LTC/USDT:USDT,109.601,3.21,109.599,18.59,109.742,2.99,109.745,6.56
1753769544536,06:12:24.536,bitfinex,LTC/USDT:USDT,109.86,55.04,109.85,9.103,109.87,17.82119554,109.89,9.1005
1753769544537,06:12:24.537,bitfinex,LTC/USDT:USDT,109.86,55.04,109.85,9.103,109.87,17.82119554,109.89,9.1005
1753769544537,06:12:24.537,bitfinex,LTC/USDT:USDT,109.86,55.04,109.85,9.103,109.87,17.82119554,109.89,9.1005
1753769544529,06:12:24.529,bitget,LTC/USDT:USDT,109.82,34.1,109.81,135.3,109.83,25.6,109.84,358.9
1753769544505,06:12:24.505,gateio,LTC/USDT:USDT,109.72,81.0,109.71,84.0,109.73,1.0,109.76,98.0
1753769544505,06:12:24.505,gate,LTC/USDT:USDT,109.72,81.0,109.71,84.0,109.73,1.0,109.76,98.0
1753769544601,06:12:24.601,binanceusdm,LTC/USDT:USDT,109.74,102.832,109.73,194.316,109.75,127.992,109.76,116.904
1753769544601,06:12:24.601,binance,LTC/USDT:USDT,109.74,102.832,109.73,194.316,109.75,127.992,109.76,116.904
1753769544019,06:12:24.019,blofin,LTC/USDT:USDT,109.68,99.0,109.67,275.0,109.7,1.0,109.71,79.0
1753769544629,06:12:24.629,bitget,LTC/USDT:USDT,109.82,34.1,109.81,135.3,109.83,25.6,109.84,358.9
1753769544697,06:12:24.697,bybit,LTC/USDT:USDT,109.77,45.7,109.76,57.3,109.78,0.2,109.79,46.8
1753769544702,06:12:24.702,binanceusdm,LTC/USDT:USDT,109.74,102.832,109.73,194.316,109.75,130.573,109.76,116.904
1753769544702,06:12:24.702,binance,LTC/USDT:USDT,109.74,102.832,109.73,194.316,109.75,130.573,109.76,116.904
1753769544729,06:12:24.729,bitget,LTC/USDT:USDT,109.82,34.1,109.81,135.3,109.83,25.6,109.84,364.2
1753769544748,06:12:24.748,gate,LTC/USDT:USDT,109.72,81.0,109.71,84.0,109.73,1.0,109.76,98.0
1753769544748,06:12:24.748,gateio,LTC/USDT:USDT,109.72,81.0,109.71,84.0,109.73,1.0,109.76,98.0
1753769544758,06:12:24.758,htx,LTC/USDT:USDT,109.88,162.0,109.87,41.0,109.89,70.0,109.9,574.0
1753769544797,06:12:24.797,bybit,LTC/USDT:USDT,109.77,45.7,109.76,53.1,109.78,0.2,109.79,46.8
1753769544768,06:12:24.768,coincatch,LTC/USDT:USDT,109.74,207.3,109.73,326.6,109.75,153.6,109.76,140.3
1753769544821,06:12:24.821,binanceusdm,LTC/USDT:USDT,109.74,124.868,109.73,187.04,109.75,128.69,109.76,116.904
1753769544821,06:12:24.821,binance,LTC/USDT:USDT,109.74,124.868,109.73,187.04,109.75,128.69,109.76,116.904
1753769544838,06:12:24.838,htx,LTC/USDT:USDT,109.88,162.0,109.87,41.0,109.89,70.0,109.9,574.0
1753769544846,06:12:24.846,htx,LTC/USDT:USDT,109.88,162.0,109.87,41.0,109.89,70.0,109.9,574.0
1753769544763,06:12:24.763,gateio,LTC/USDT:USDT,109.72,81.0,109.71,84.0,109.73,1.0,109.76,98.0
1753769544763,06:12:24.763,gate,LTC/USDT:USDT,109.72,81.0,109.71,84.0,109.73,1.0,109.76,98.0
1753769544897,06:12:24.897,bybit,LTC/USDT:USDT,109.77,49.9,109.76,57.3,109.78,0.2,109.79,46.8
1753769544916,06:12:24.916,bitmart,LTC/USDT:USDT,109.74,59978.0,109.73,310225.0,109.75,51788.0,109.76,261152.0
1753769544916,06:12:24.916,bitmart,LTC/USDT:USDT,109.74,59978.0,109.73,310225.0,109.75,51788.0,109.76,261152.0
1753769544928,06:12:24.928,binance,LTC/USDT:USDT,109.74,100.949,109.73,183.376,109.75,128.69,109.76,116.904
1753769544928,06:12:24.928,binanceusdm,LTC/USDT:USDT,109.74,100.949,109.73,183.376,109.75,128.69,109.76,116.904
1753769544997,06:12:24.997,bybit,LTC/USDT:USDT,109.77,49.9,109.76,57.3,109.78,0.2,109.79,46.8
1753769545031,06:12:25.031,bitget,LTC/USDT:USDT,109.82,34.1,109.81,135.3,109.83,25.6,109.84,358.9
1753769545046,06:12:25.046,binanceusdm,LTC/USDT:USDT,109.74,117.579,109.73,194.33,109.75,128.69,109.76,116.904
1753769545046,06:12:25.046,binance,LTC/USDT:USDT,109.74,117.579,109.73,194.33,109.75,128.69,109.76,116.904
1753769545054,06:12:25.054,htx,LTC/USDT:USDT,109.88,162.0,109.87,41.0,109.89,70.0,109.9,574.0
1753769545054,06:12:25.054,htx,LTC/USDT:USDT,109.88,162.0,109.87,41.0,109.89,70.0,109.9,574.0
1753769545059,06:12:25.059,gateio,LTC/USDT:USDT,109.72,81.0,109.71,84.0,109.73,1.0,109.76,98.0
1753769545059,06:12:25.059,gate,LTC/USDT:USDT,109.72,81.0,109.71,84.0,109.73,1.0,109.76,98.0
1753769545098,06:12:25.098,bybit,LTC/USDT:USDT,109.77,54.1,109.76,57.3,109.78,0.2,109.79,46.8
1753769545068,06:12:25.068,coincatch,LTC/USDT:USDT,109.74,207.3,109.73,322.2,109.75,154.4,109.76,140.3
1753769545063,06:12:25.063,gate,LTC/USDT:USDT,109.72,81.0,109.71,84.0,109.73,1.0,109.76,98.0
1753769545063,06:12:25.063,gateio,LTC/USDT:USDT,109.72,81.0,109.71,84.0,109.73,1.0,109.76,98.0
1753769545054,06:12:25.054,huobi,LTC/USDT:USDT,109.88,162.0,109.87,41.0,109.89,70.0,109.9,574.0
1753769545269,06:12:25.269,bitfinex,LTC/USDT:USDT,109.86,55.04,109.85,9.103,109.87,17.82119554,109.89,9.1005
1753769545272,06:12:25.272,bitfinex,LTC/USDT:USDT,109.86,55.04,109.85,9.103,109.87,17.82119554,109.89,9.1005
1753769545274,06:12:25.274,bitfinex,LTC/USDT:USDT,109.86,55.04,109.85,9.103,109.87,17.82119554,109.89,9.1005
1753769545235,06:12:25.235,htx,LTC/USDT:USDT,109.88,162.0,109.87,41.0,109.89,70.0,109.9,574.0
1753769545235,06:12:25.235,huobi,LTC/USDT:USDT,109.88,162.0,109.87,41.0,109.89,70.0,109.9,574.0
1753769545203,06:12:25.203,gateio,LTC/USDT:USDT,109.72,81.0,109.71,84.0,109.73,1.0,109.76,98.0
1753769545203,06:12:25.203,gate,LTC/USDT:USDT,109.72,81.0,109.71,84.0,109.73,1.0,109.76,98.0
1753769544868,06:12:24.868,blofin,LTC/USDT:USDT,109.68,99.0,109.67,275.0,109.7,1.0,109.71,79.0
1753769545397,06:12:25.397,bybit,LTC/USDT:USDT,109.77,54.1,109.76,57.3,109.78,0.2,109.79,30.9
1753769545369,06:12:25.369,coincatch,LTC/USDT:USDT,109.74,214.1,109.73,326.6,109.75,92.1,109.76,140.3
1753769545302,06:12:25.302,hitbtc,LTC/USDT:USDT,109.601,3.21,109.599,18.59,109.742,2.99,109.745,6.56
1753769545380,06:12:25.380,bitget,LTC/USDT:USDT,109.82,36.5,109.81,165.3,109.83,23.2,109.84,358.9
1753769545390,06:12:25.390,binance,LTC/USDT:USDT,109.74,102.746,109.73,196.958,109.75,79.458,109.76,116.904
1753769545390,06:12:25.390,binanceusdm,LTC/USDT:USDT,109.74,102.746,109.73,196.958,109.75,79.458,109.76,116.904
1753769545338,06:12:25.338,bitmex,LTC/USDT:USDT,109.77,92000.0,109.76,308000.0,109.81,62000.0,109.83,5000.0
1753769545436,06:12:25.436,bitfinex,LTC/USDT:USDT,109.86,55.04,109.85,9.103,109.87,17.82119554,109.89,9.1005
1753769545436,06:12:25.436,bitfinex,LTC/USDT:USDT,109.86,55.04,109.85,9.103,109.87,17.82119554,109.89,9.1005
1753769545437,06:12:25.437,bitfinex,LTC/USDT:USDT,109.86,55.04,109.85,9.103,109.87,17.82119554,109.89,9.1005
1753769545388,06:12:25.388,bitmex,LTC/USDT:USDT,109.77,92000.0,109.76,308000.0,109.8,5000.0,109.82,19000.0
1753769545394,06:12:25.394,gateio,LTC/USDT:USDT,109.72,81.0,109.71,84.0,109.73,1.0,109.76,98.0
1753769545394,06:12:25.394,gate,LTC/USDT:USDT,109.72,81.0,109.71,84.0,109.73,1.0,109.76,98.0
1753769545482,06:12:25.482,bitget,LTC/USDT:USDT,109.82,36.5,109.81,165.3,109.83,23.2,109.84,358.9
1753769545437,06:12:25.437,bitmex,LTC/USDT:USDT,109.77,92000.0,109.76,308000.0,109.8,5000.0,109.82,76000.0
1753769545503,06:12:25.503,binance,LTC/USDT:USDT,109.74,102.746,109.73,196.958,109.75,83.125,109.76,116.904
1753769545503,06:12:25.503,binanceusdm,LTC/USDT:USDT,109.74,102.746,109.73,196.958,109.75,83.125,109.76,116.904
1753769545486,06:12:25.486,bitmex,LTC/USDT:USDT,109.77,92000.0,109.76,308000.0,109.8,5000.0,109.82,57000.0
1753769545597,06:12:25.597,bybit,LTC/USDT:USDT,109.77,46.7,109.76,57.3,109.78,0.2,109.79,30.9
1753769545332,06:12:25.332,hashkey,LTC/USDT:USDT,109.44,6.0,109.43,37.0,109.45,52.0,109.76,446.0
1753769545584,06:12:25.584,bitget,LTC/USDT:USDT,109.82,36.5,109.81,165.3,109.83,23.2,109.84,358.9
1753769545631,06:12:25.631,binance,LTC/USDT:USDT,109.74,102.746,109.73,196.958,109.75,83.125,109.76,116.904
1753769545631,06:12:25.631,binanceusdm,LTC/USDT:USDT,109.74,102.746,109.73,196.958,109.75,83.125,109.76,116.904
1753769545696,06:12:25.696,bybit,LTC/USDT:USDT,109.77,46.7,109.76,57.3,109.78,0.2,109.79,30.9
1753769545669,06:12:25.669,coincatch,LTC/USDT:USDT,109.74,208.5,109.73,315.2,109.75,95.3,109.76,140.3
1753769545743,06:12:25.743,bitfinex,LTC/USDT:USDT,109.86,55.04,109.85,9.103,109.87,17.82119554,109.89,9.1005
1753769545743,06:12:25.743,bitfinex,LTC/USDT:USDT,109.86,55.04,109.85,9.103,109.87,17.82119554,109.89,9.1005
