timestamp,time,exchange,symbol,bid1_price,bid1_volume,bid2_price,bid2_volume,ask1_price,ask1_volume,ask2_price,ask2_volume
1753769515938,06:11:55.938,apex,SOL/USDT:USDT,184.74,57.7,184.73,223.9,184.76,37.3,184.78,318.6
1753769515938,06:11:55.938,apex,SOL/USDT:USDT,184.74,57.7,184.73,223.9,184.76,37.3,184.78,318.6
1753769515988,06:11:55.988,apex,SOL/USDT:USDT,184.74,57.7,184.73,223.9,184.76,37.3,184.77,323.8
1753769515988,06:11:55.988,apex,SOL/USDT:USDT,184.74,57.7,184.73,223.9,184.76,37.3,184.77,323.8
1753769515988,06:11:55.988,apex,SOL/USDT:USDT,184.74,57.7,184.73,223.9,184.76,37.3,184.77,323.8
1753769515988,06:11:55.988,apex,SOL/USDT:USDT,184.74,57.7,184.73,223.9,184.76,37.3,184.77,323.8
1753769515988,06:11:55.988,apex,SOL/USDT:USDT,184.74,57.7,184.73,223.9,184.76,37.3,184.77,323.8
1753769515988,06:11:55.988,apex,SOL/USDT:USDT,184.74,57.7,184.73,223.9,184.76,37.3,184.77,323.8
1753769515988,06:11:55.988,apex,SOL/USDT:USDT,184.74,57.7,184.73,223.9,184.76,37.3,184.77,323.8
1753769515988,06:11:55.988,apex,SOL/USDT:USDT,184.74,57.7,184.73,223.9,184.76,37.3,184.77,323.8
1753769515988,06:11:55.988,apex,SOL/USDT:USDT,184.74,57.7,184.73,223.9,184.76,37.3,184.77,323.8
1753769515938,06:11:55.938,apex,SOL/USDT:USDT,184.74,57.7,184.73,223.9,184.76,37.3,184.78,318.6
1753769515988,06:11:55.988,apex,SOL/USDT:USDT,184.74,57.7,184.73,223.9,184.76,37.3,184.77,323.8
1753769516288,06:11:56.288,apex,SOL/USDT:USDT,184.74,57.7,184.73,223.9,184.76,37.3,184.77,323.8
1753769516338,06:11:56.338,apex,SOL/USDT:USDT,184.74,57.7,184.73,223.9,184.76,37.3,184.77,323.8
1753769516338,06:11:56.338,apex,SOL/USDT:USDT,184.74,57.7,184.73,223.9,184.76,37.3,184.77,323.8
1753769516388,06:11:56.388,apex,SOL/USDT:USDT,184.74,57.7,184.73,223.9,184.76,37.3,184.77,323.8
1753769516388,06:11:56.388,apex,SOL/USDT:USDT,184.74,57.7,184.73,223.9,184.76,37.3,184.77,323.8
1753769516438,06:11:56.438,apex,SOL/USDT:USDT,184.74,57.7,184.73,223.9,184.76,37.3,184.77,323.8
1753769516438,06:11:56.438,apex,SOL/USDT:USDT,184.74,57.7,184.73,223.9,184.76,37.3,184.77,323.8
1753769516438,06:11:56.438,apex,SOL/USDT:USDT,184.74,57.7,184.73,223.9,184.76,37.3,184.77,323.8
1753769516438,06:11:56.438,apex,SOL/USDT:USDT,184.74,57.7,184.73,223.9,184.76,37.3,184.77,323.8
1753769517188,06:11:57.188,apex,SOL/USDT:USDT,184.74,57.7,184.73,223.9,184.76,37.3,184.77,323.8
1753769517588,06:11:57.588,apex,SOL/USDT:USDT,184.74,57.7,184.73,223.9,184.76,37.3,184.77,323.8
1753769518098,06:11:58.098,binance,SOL/USDT:USDT,184.67,300.68,184.66,304.46,184.68,721.36,184.69,417.38
1753769518199,06:11:58.199,binance,SOL/USDT:USDT,184.67,328.05,184.66,336.74,184.68,717.6,184.69,417.38
1753769518301,06:11:58.301,binance,SOL/USDT:USDT,184.67,328.05,184.66,336.74,184.68,721.57,184.69,417.38
1753769518301,06:11:58.301,binanceusdm,SOL/USDT:USDT,184.67,328.05,184.66,336.74,184.68,721.57,184.69,417.38
1753769517823,06:11:57.823,ascendex,SOL/USDT:USDT,184.645,242.8,184.644,224.1,184.705,119.2,184.706,111.2
1753769518418,06:11:58.418,binanceusdm,SOL/USDT:USDT,184.67,328.0,184.66,336.74,184.68,725.47,184.69,416.62
1753769518418,06:11:58.418,binance,SOL/USDT:USDT,184.67,328.0,184.66,336.74,184.68,725.47,184.69,416.62
1753769518641,06:11:58.641,binance,SOL/USDT:USDT,184.67,202.97,184.66,240.02,184.68,831.05,184.69,416.62
1753769517823,06:11:57.823,ascendex,SOL/USDT:USDT,184.645,242.8,184.644,224.1,184.705,119.2,184.706,111.2
1753769519159,06:11:59.159,binanceusdm,SOL/USDT:USDT,184.67,112.43,184.66,178.95,184.68,833.51,184.69,428.81
1753769517823,06:11:57.823,ascendex,SOL/USDT:USDT,184.645,242.8,184.644,224.1,184.705,119.2,184.706,111.2
1753769519261,06:11:59.261,binance,SOL/USDT:USDT,184.67,114.43,184.66,240.57,184.68,833.64,184.69,428.81
1753769519261,06:11:59.261,binanceusdm,SOL/USDT:USDT,184.67,114.43,184.66,240.57,184.68,833.64,184.69,428.81
1753769519362,06:11:59.362,binanceusdm,SOL/USDT:USDT,184.67,114.49,184.66,178.95,184.68,833.93,184.69,428.81
1753769519362,06:11:59.362,binance,SOL/USDT:USDT,184.67,114.49,184.66,178.95,184.68,833.93,184.69,428.81
1753769519464,06:11:59.464,binanceusdm,SOL/USDT:USDT,184.67,114.45,184.66,178.95,184.68,833.95,184.69,428.81
1753769519464,06:11:59.464,binance,SOL/USDT:USDT,184.67,114.45,184.66,178.95,184.68,833.95,184.69,428.81
1753769517823,06:11:57.823,ascendex,SOL/USDT:USDT,184.645,242.8,184.644,224.1,184.705,119.2,184.706,111.2
1753769519573,06:11:59.573,binanceusdm,SOL/USDT:USDT,184.67,114.42,184.66,178.95,184.68,833.95,184.69,428.81
1753769519573,06:11:59.573,binance,SOL/USDT:USDT,184.67,114.42,184.66,178.95,184.68,833.95,184.69,428.81
1753769519691,06:11:59.691,binance,SOL/USDT:USDT,184.67,114.42,184.66,178.95,184.68,833.95,184.69,428.81
1753769519691,06:11:59.691,binanceusdm,SOL/USDT:USDT,184.67,114.42,184.66,178.95,184.68,833.95,184.69,428.81
1753769519795,06:11:59.795,binanceusdm,SOL/USDT:USDT,184.67,125.2,184.66,178.95,184.68,833.95,184.69,428.81
1753769519795,06:11:59.795,binance,SOL/USDT:USDT,184.67,125.2,184.66,178.95,184.68,833.95,184.69,428.81
1753769517823,06:11:57.823,ascendex,SOL/USDT:USDT,184.645,242.8,184.644,224.1,184.705,119.2,184.706,111.2
1753769519905,06:11:59.905,binanceusdm,SOL/USDT:USDT,184.67,256.08,184.66,181.21,184.68,833.95,184.69,428.81
1753769519905,06:11:59.905,binance,SOL/USDT:USDT,184.67,256.08,184.66,181.21,184.68,833.95,184.69,428.81
1753769520008,06:12:00.008,binance,SOL/USDT:USDT,184.67,256.03,184.66,239.77,184.68,833.95,184.69,428.81
1753769520008,06:12:00.008,binanceusdm,SOL/USDT:USDT,184.67,256.03,184.66,239.77,184.68,833.95,184.69,428.81
1753769520111,06:12:00.111,binance,SOL/USDT:USDT,184.67,397.11,184.66,296.36,184.68,811.7,184.69,428.81
1753769520111,06:12:00.111,binanceusdm,SOL/USDT:USDT,184.67,397.11,184.66,296.36,184.68,811.7,184.69,428.81
1753769517823,06:11:57.823,ascendex,SOL/USDT:USDT,184.645,242.8,184.644,224.1,184.705,119.2,184.706,111.2
1753769520214,06:12:00.214,binanceusdm,SOL/USDT:USDT,184.67,338.58,184.66,296.36,184.68,811.71,184.69,428.81
1753769520214,06:12:00.214,binance,SOL/USDT:USDT,184.67,338.58,184.66,296.36,184.68,811.71,184.69,428.81
1753769520315,06:12:00.315,binance,SOL/USDT:USDT,184.67,338.58,184.66,296.36,184.68,807.97,184.69,431.93
1753769520315,06:12:00.315,binanceusdm,SOL/USDT:USDT,184.67,338.58,184.66,296.36,184.68,807.97,184.69,431.93
1753769520424,06:12:00.424,binance,SOL/USDT:USDT,184.67,338.48,184.66,237.8,184.68,821.26,184.69,431.93
1753769520424,06:12:00.424,binanceusdm,SOL/USDT:USDT,184.67,338.48,184.66,237.8,184.68,821.26,184.69,431.93
1753769517823,06:11:57.823,ascendex,SOL/USDT:USDT,184.645,242.8,184.644,224.1,184.705,119.2,184.706,111.2
1753769520757,06:12:00.757,binance,SOL/USDT:USDT,184.67,496.06,184.66,293.04,184.68,463.79,184.69,580.75
1753769517823,06:11:57.823,ascendex,SOL/USDT:USDT,184.645,242.8,184.644,224.1,184.705,119.2,184.706,111.2
1753769520858,06:12:00.858,binance,SOL/USDT:USDT,184.67,565.91,184.66,580.34,184.68,387.79,184.69,419.67
1753769520858,06:12:00.858,binanceusdm,SOL/USDT:USDT,184.67,565.91,184.66,580.34,184.68,387.79,184.69,419.67
1753769520959,06:12:00.959,binance,SOL/USDT:USDT,184.67,524.91,184.66,438.71,184.68,394.98,184.69,419.67
1753769520959,06:12:00.959,binanceusdm,SOL/USDT:USDT,184.67,524.91,184.66,438.71,184.68,394.98,184.69,419.67
1753769521062,06:12:01.062,binance,SOL/USDT:USDT,184.67,427.9,184.66,380.15,184.68,557.45,184.69,417.46
1753769521062,06:12:01.062,binanceusdm,SOL/USDT:USDT,184.67,427.9,184.66,380.15,184.68,557.45,184.69,417.46
1753769517823,06:11:57.823,ascendex,SOL/USDT:USDT,184.645,242.8,184.644,224.1,184.705,119.2,184.706,111.2
1753769521195,06:12:01.195,bitfinex,SOL/USDT:USDT,184.82,8.3608,184.79,2.90146278,184.83,2.96,184.85,5.4101
1753769521172,06:12:01.172,binanceusdm,SOL/USDT:USDT,184.67,294.77,184.66,359.3,184.68,864.32,184.69,472.27
1753769521172,06:12:01.172,binance,SOL/USDT:USDT,184.67,294.77,184.66,359.3,184.68,864.32,184.69,472.27
1753769521329,06:12:01.329,bitget,SOL/USDT:USDT,184.713,54.5,184.708,12.9,184.714,201.1,184.717,512.0
1753769521376,06:12:01.376,binance,SOL/USDT:USDT,184.67,295.24,184.66,359.3,184.68,864.13,184.69,472.27
1753769521376,06:12:01.376,binanceusdm,SOL/USDT:USDT,184.67,295.24,184.66,359.3,184.68,864.13,184.69,472.27
1753769521495,06:12:01.495,bitfinex,SOL/USDT:USDT,184.82,8.3608,184.79,2.90146278,184.83,2.96,184.87,2.90146278
1753769521495,06:12:01.495,bitfinex,SOL/USDT:USDT,184.82,8.3608,184.79,2.90146278,184.83,2.96,184.84,5.4103
1753769521496,06:12:01.496,bitfinex,SOL/USDT:USDT,184.82,8.3608,184.79,2.90146278,184.83,2.96,184.84,5.4103
1753769517823,06:11:57.823,ascendex,SOL/USDT:USDT,184.645,242.8,184.644,224.1,184.705,119.2,184.706,111.2
1753769521477,06:12:01.477,binanceusdm,SOL/USDT:USDT,184.67,295.23,184.66,359.3,184.68,855.95,184.69,417.46
1753769521477,06:12:01.477,binance,SOL/USDT:USDT,184.67,295.23,184.66,359.3,184.68,855.95,184.69,417.46
1753769521479,06:12:01.479,bitget,SOL/USDT:USDT,184.713,211.0,184.708,12.9,184.714,201.1,184.716,2.2
1753769521855,06:12:01.855,bitfinex,SOL/USDT:USDT,184.82,8.3608,184.79,2.90146278,184.83,2.96,184.84,5.4103
1753769521856,06:12:01.856,bitfinex,SOL/USDT:USDT,184.82,8.3608,184.79,2.90146278,184.83,2.96,184.84,5.4103
1753769517823,06:11:57.823,ascendex,SOL/USDT:USDT,184.645,242.8,184.644,224.1,184.705,119.2,184.706,111.2
1753769521887,06:12:01.887,binanceusdm,SOL/USDT:USDT,184.67,517.2,184.66,461.98,184.68,459.9,184.69,566.28
1753769521887,06:12:01.887,binance,SOL/USDT:USDT,184.67,517.2,184.66,461.98,184.68,459.9,184.69,566.28
1753769521929,06:12:01.929,bitget,SOL/USDT:USDT,184.713,211.0,184.709,2.2,184.714,171.4,184.717,495.0
1753769521997,06:12:01.997,bitfinex,SOL/USDT:USDT,184.82,8.3608,184.79,2.90146278,184.83,2.96,184.87,2.90146278
1753769521997,06:12:01.997,bitfinex,SOL/USDT:USDT,184.82,8.3608,184.79,2.90146278,184.83,2.96,184.85,5.4101
1753769521991,06:12:01.991,binance,SOL/USDT:USDT,184.67,863.6,184.66,773.65,184.68,100.01,184.69,340.39
1753769521991,06:12:01.991,binanceusdm,SOL/USDT:USDT,184.67,863.6,184.66,773.65,184.68,100.01,184.69,340.39
1753769522080,06:12:02.080,bitget,SOL/USDT:USDT,184.713,349.8,184.709,2.2,184.714,30.1,184.717,495.0
1753769522092,06:12:02.092,binance,SOL/USDT:USDT,184.67,1097.85,184.66,701.21,184.68,99.98,184.69,340.42
1753769522092,06:12:02.092,binanceusdm,SOL/USDT:USDT,184.67,1097.85,184.66,701.21,184.68,99.98,184.69,340.42
1753769517823,06:11:57.823,ascendex,SOL/USDT:USDT,184.645,242.8,184.644,224.1,184.705,119.2,184.706,111.2
1753769522198,06:12:02.198,bitfinex,SOL/USDT:USDT,184.82,8.3608,184.79,2.90146278,184.85,5.4101,184.87,2.90146278
1753769522199,06:12:02.199,bitfinex,SOL/USDT:USDT,184.82,5.4108,184.79,2.90146278,184.84,2.96,184.85,5.4101
1753769522201,06:12:02.201,bitfinex,SOL/USDT:USDT,184.82,5.4108,184.79,2.90146278,184.84,2.96,184.85,5.4101
1753769522195,06:12:02.195,binanceusdm,SOL/USDT:USDT,184.67,1244.91,184.66,701.21,184.68,100.17,184.69,340.42
1753769522195,06:12:02.195,binance,SOL/USDT:USDT,184.67,1244.91,184.66,701.21,184.68,100.17,184.69,340.42
1753769522230,06:12:02.230,bitget,SOL/USDT:USDT,184.713,349.8,184.71,0.1,184.714,0.1,184.717,495.0
1753769522731,06:12:02.731,bitfinex,SOL/USDT:USDT,184.84,2.95,184.79,2.90146278,184.85,2.96,184.87,2.90146278
1753769517823,06:11:57.823,ascendex,SOL/USDT:USDT,184.645,242.8,184.644,224.1,184.705,119.2,184.706,111.2
1753769522681,06:12:02.681,bitget,SOL/USDT:USDT,184.713,349.8,184.712,2.2,184.714,61.2,184.716,172.9
1753769522705,06:12:02.705,binanceusdm,SOL/USDT:USDT,184.67,912.88,184.66,658.2,184.68,326.99,184.69,340.46
1753769522705,06:12:02.705,binance,SOL/USDT:USDT,184.67,912.88,184.66,658.2,184.68,326.99,184.69,340.46
1753769517823,06:11:57.823,ascendex,SOL/USDT:USDT,184.645,242.8,184.644,224.1,184.705,119.2,184.706,111.2
1753769522807,06:12:02.807,binance,SOL/USDT:USDT,184.67,750.45,184.66,751.79,184.68,326.95,184.69,340.46
1753769522807,06:12:02.807,binanceusdm,SOL/USDT:USDT,184.67,750.45,184.66,751.79,184.68,326.95,184.69,340.46
1753769522830,06:12:02.830,bitget,SOL/USDT:USDT,184.713,349.8,184.712,2.2,184.714,61.2,184.716,172.9
1753769522916,06:12:02.916,binance,SOL/USDT:USDT,184.67,750.45,184.66,751.79,184.68,329.64,184.69,340.46
1753769522916,06:12:02.916,binanceusdm,SOL/USDT:USDT,184.67,750.45,184.66,751.79,184.68,329.64,184.69,340.46
1753769522980,06:12:02.980,bitget,SOL/USDT:USDT,184.713,349.8,184.712,2.2,184.714,91.2,184.716,172.9
1753769523021,06:12:03.021,binance,SOL/USDT:USDT,184.67,750.45,184.66,751.79,184.68,329.69,184.69,340.46
1753769523021,06:12:03.021,binanceusdm,SOL/USDT:USDT,184.67,750.45,184.66,751.79,184.68,329.69,184.69,340.46
1753769517823,06:11:57.823,ascendex,SOL/USDT:USDT,184.645,242.8,184.644,224.1,184.705,119.2,184.706,111.2
1753769523122,06:12:03.122,binance,SOL/USDT:USDT,184.67,750.45,184.66,697.67,184.68,330.13,184.69,340.9
1753769523122,06:12:03.122,binanceusdm,SOL/USDT:USDT,184.67,750.45,184.66,697.67,184.68,330.13,184.69,340.9
1753769523130,06:12:03.130,bitget,SOL/USDT:USDT,184.713,349.8,184.712,2.2,184.714,91.2,184.716,172.9
1753769523195,06:12:03.195,bitfinex,SOL/USDT:USDT,184.84,2.95,184.79,2.90146278,184.85,2.96,184.87,2.90146278
1753769523195,06:12:03.195,bitfinex,SOL/USDT:USDT,184.84,2.95,184.82,5.4106,184.85,2.96,184.87,2.90146278
1753769523195,06:12:03.195,bitfinex,SOL/USDT:USDT,184.84,2.95,184.82,5.4106,184.85,8.37,184.87,2.90146278
1753769523224,06:12:03.224,binance,SOL/USDT:USDT,184.67,798.93,184.66,872.11,184.68,313.21,184.69,340.9
1753769523224,06:12:03.224,binanceusdm,SOL/USDT:USDT,184.67,798.93,184.66,872.11,184.68,313.21,184.69,340.9
1753769523281,06:12:03.281,bitget,SOL/USDT:USDT,184.713,349.8,184.712,2.2,184.714,91.2,184.716,172.9
1753769517823,06:11:57.823,ascendex,SOL/USDT:USDT,184.645,242.8,184.644,224.1,184.705,119.2,184.706,111.2
1753769523622,06:12:03.622,bitfinex,SOL/USDT:USDT,184.84,2.95,184.82,5.4106,184.85,8.37,184.87,2.90146278
1753769523581,06:12:03.581,bitget,SOL/USDT:USDT,184.713,349.8,184.712,2.2,184.714,91.2,184.716,172.9
1753769523652,06:12:03.652,binanceusdm,SOL/USDT:USDT,184.67,629.44,184.66,692.26,184.68,333.22,184.69,340.9
1753769523652,06:12:03.652,binance,SOL/USDT:USDT,184.67,629.44,184.66,692.26,184.68,333.22,184.69,340.9
1753769517823,06:11:57.823,ascendex,SOL/USDT:USDT,184.645,242.8,184.644,224.1,184.705,119.2,184.706,111.2
1753769524143,06:12:04.143,bitfinex,SOL/USDT:USDT,184.84,2.95,184.82,5.4106,184.85,8.37,184.87,2.90146278
1753769517823,06:11:57.823,ascendex,SOL/USDT:USDT,184.645,242.8,184.644,224.1,184.705,119.2,184.706,111.2
1753769524115,06:12:04.115,bitmart,SOL/USDT:USDT,184.67,276.0,184.66,56.0,184.68,167.0,184.69,56.0
1753769524169,06:12:04.169,binance,SOL/USDT:USDT,184.68,1041.96,184.67,689.04,184.69,258.72,184.7,479.23
1753769524169,06:12:04.169,binanceusdm,SOL/USDT:USDT,184.68,1041.96,184.67,689.04,184.69,258.72,184.7,479.23
1753769524181,06:12:04.181,bitget,SOL/USDT:USDT,184.717,28.2,184.716,50.0,184.72,175.5,184.721,495.0
1753769524295,06:12:04.295,bitfinex,SOL/USDT:USDT,184.84,2.95,184.79,2.90146278,184.85,8.37,184.87,2.90146278
1753769524296,06:12:04.296,bitfinex,SOL/USDT:USDT,184.84,2.95,184.83,5.4105,184.85,2.96,184.87,2.90146278
1753769524296,06:12:04.296,bitfinex,SOL/USDT:USDT,184.84,2.95,184.83,5.4105,184.85,2.96,184.86,5.4098
1753769517823,06:11:57.823,ascendex,SOL/USDT:USDT,184.645,242.8,184.644,224.1,184.705,119.2,184.706,111.2
1753769524331,06:12:04.331,bitget,SOL/USDT:USDT,184.719,797.0,184.718,14.2,184.72,120.3,184.725,148.8
1753769524374,06:12:04.374,binanceusdm,SOL/USDT:USDT,184.68,895.63,184.67,643.32,184.69,424.96,184.7,479.23
1753769524374,06:12:04.374,binance,SOL/USDT:USDT,184.68,895.63,184.67,643.32,184.69,424.96,184.7,479.23
1753769524489,06:12:04.489,bitfinex,SOL/USDT:USDT,184.84,2.95,184.83,5.4105,184.85,2.96,184.86,5.4098
1753769524490,06:12:04.490,bitfinex,SOL/USDT:USDT,184.84,2.95,184.83,5.4105,184.85,2.96,184.86,5.4098
1753769524490,06:12:04.490,bitfinex,SOL/USDT:USDT,184.84,2.95,184.83,5.4105,184.85,2.96,184.86,5.4098
1753769524594,06:12:04.594,binance,SOL/USDT:USDT,184.68,845.95,184.67,467.86,184.69,498.37,184.7,479.23
1753769524729,06:12:04.729,bitfinex,SOL/USDT:USDT,184.84,2.95,184.83,5.4105,184.85,2.96,184.86,5.4098
1753769517823,06:11:57.823,ascendex,SOL/USDT:USDT,184.645,242.8,184.644,224.1,184.705,119.2,184.706,111.2
1753769524760,06:12:04.760,bitfinex,SOL/USDT:USDT,184.84,2.95,184.83,5.4105,184.85,2.96,184.86,5.4098
1753769524649,06:12:04.649,bitmex,SOL/USDT:USDT,184.83,35000.0,184.81,112000.0,184.84,14000.0,184.85,578000.0
1753769524698,06:12:04.698,bitmex,SOL/USDT:USDT,184.83,35000.0,184.81,112000.0,184.85,578000.0,184.87,24000.0
1753769524781,06:12:04.781,bitget,SOL/USDT:USDT,184.719,518.0,184.718,14.2,184.72,291.6,184.725,269.9
1753769524747,06:12:04.747,bitmex,SOL/USDT:USDT,184.82,16000.0,184.79,53000.0,184.84,14000.0,184.85,578000.0
1753769524834,06:12:04.834,binanceusdm,SOL/USDT:USDT,184.68,503.55,184.67,467.86,184.69,710.14,184.7,479.26
1753769524834,06:12:04.834,binance,SOL/USDT:USDT,184.68,503.55,184.67,467.86,184.69,710.14,184.7,479.26
1753769524796,06:12:04.796,bitmex,SOL/USDT:USDT,184.83,16000.0,184.8,112000.0,184.84,14000.0,184.85,578000.0
1753769524845,06:12:04.845,bitmex,SOL/USDT:USDT,184.83,16000.0,184.81,141000.0,184.84,14000.0,184.85,578000.0
1753769517823,06:11:57.823,ascendex,SOL/USDT:USDT,184.645,242.8,184.644,224.1,184.705,119.2,184.706,111.2
1753769524920,06:12:04.920,bitmart,SOL/USDT:USDT,184.68,269.0,184.67,45.0,184.69,256.0,184.7,47.0
1753769524936,06:12:04.936,binance,SOL/USDT:USDT,184.68,503.58,184.67,435.85,184.69,561.32,184.7,628.1
1753769524936,06:12:04.936,binanceusdm,SOL/USDT:USDT,184.68,503.58,184.67,435.85,184.69,561.32,184.7,628.1
1753769524931,06:12:04.931,bitget,SOL/USDT:USDT,184.719,620.4,184.718,14.2,184.72,280.2,184.725,269.9
1753769524894,06:12:04.894,bitmex,SOL/USDT:USDT,184.82,16000.0,184.79,24000.0,184.84,14000.0,184.85,578000.0
1753769524943,06:12:04.943,bitmex,SOL/USDT:USDT,184.82,16000.0,184.81,29000.0,184.84,14000.0,184.85,578000.0
1753769525038,06:12:05.038,binanceusdm,SOL/USDT:USDT,184.68,503.71,184.67,434.73,184.69,561.32,184.7,628.1
1753769525038,06:12:05.038,binance,SOL/USDT:USDT,184.68,503.71,184.67,434.73,184.69,561.32,184.7,628.1
1753769525029,06:12:05.029,bitmex,SOL/USDT:USDT,184.83,16000.0,184.82,16000.0,184.84,14000.0,184.85,578000.0
1753769525082,06:12:05.082,bitget,SOL/USDT:USDT,184.719,620.4,184.718,14.2,184.72,280.2,184.725,269.9
1753769525079,06:12:05.079,bitmex,SOL/USDT:USDT,184.83,16000.0,184.81,141000.0,184.84,14000.0,184.85,578000.0
1753769525139,06:12:05.139,binanceusdm,SOL/USDT:USDT,184.68,503.77,184.67,434.73,184.69,561.59,184.7,662.27
1753769525139,06:12:05.139,binance,SOL/USDT:USDT,184.68,503.77,184.67,434.73,184.69,561.59,184.7,662.27
1753769525128,06:12:05.128,bitmex,SOL/USDT:USDT,184.83,16000.0,184.81,112000.0,184.84,14000.0,184.85,578000.0
1753769525226,06:12:05.226,bitfinex,SOL/USDT:USDT,184.84,2.95,184.83,5.4105,184.85,2.96,184.86,5.4098
1753769525236,06:12:05.236,bitget,SOL/USDT:USDT,184.719,336.3,184.718,10.6,184.72,291.6,184.725,269.9
1753769525241,06:12:05.241,binance,SOL/USDT:USDT,184.68,359.97,184.67,427.23,184.69,713.7,184.7,513.43
1753769525241,06:12:05.241,binanceusdm,SOL/USDT:USDT,184.68,359.97,184.67,427.23,184.69,713.7,184.7,513.43
1753769525211,06:12:05.211,bitmex,SOL/USDT:USDT,184.81,112000.0,184.79,24000.0,184.84,14000.0,184.85,578000.0
1753769525320,06:12:05.320,bitmart,SOL/USDT:USDT,184.68,269.0,184.67,45.0,184.69,256.0,184.7,47.0
1753769525344,06:12:05.344,binance,SOL/USDT:USDT,184.68,493.63,184.67,363.61,184.69,593.6,184.7,479.26
1753769525344,06:12:05.344,binanceusdm,SOL/USDT:USDT,184.68,493.63,184.67,363.61,184.69,593.6,184.7,479.26
1753769525359,06:12:05.359,bitmex,SOL/USDT:USDT,184.82,16000.0,184.81,29000.0,184.83,14000.0,184.85,578000.0
1753769525445,06:12:05.445,binance,SOL/USDT:USDT,184.68,493.65,184.67,363.61,184.69,593.6,184.7,513.43
1753769525445,06:12:05.445,binanceusdm,SOL/USDT:USDT,184.68,493.65,184.67,363.61,184.69,593.6,184.7,513.43
1753769525491,06:12:05.491,bitfinex,SOL/USDT:USDT,184.84,2.95,184.83,5.4105,184.85,2.96,184.86,5.4098
1753769525491,06:12:05.491,bitfinex,SOL/USDT:USDT,184.84,2.95,184.83,5.4105,184.85,8.37,184.87,2.90146278
1753769525492,06:12:05.492,bitfinex,SOL/USDT:USDT,184.84,2.95,184.83,5.4105,184.85,8.37,184.87,2.90146278
1753769525408,06:12:05.408,bitmex,SOL/USDT:USDT,184.83,35000.0,184.8,112000.0,184.84,187000.0,184.85,578000.0
1753769525457,06:12:05.457,bitmex,SOL/USDT:USDT,184.83,35000.0,184.81,112000.0,184.84,14000.0,184.85,578000.0
1753769525523,06:12:05.523,bitmart,SOL/USDT:USDT,184.68,269.0,184.67,45.0,184.69,256.0,184.7,47.0
1753769525542,06:12:05.542,bitget,SOL/USDT:USDT,184.719,312.2,184.713,14.2,184.72,237.5,184.725,269.9
1753769525548,06:12:05.548,binance,SOL/USDT:USDT,184.68,548.16,184.67,492.79,184.69,444.75,184.7,628.07
1753769525548,06:12:05.548,binanceusdm,SOL/USDT:USDT,184.68,548.16,184.67,492.79,184.69,444.75,184.7,628.07
1753769525506,06:12:05.506,bitmex,SOL/USDT:USDT,184.83,35000.0,184.81,112000.0,184.84,14000.0,184.85,578000.0
1753769525723,06:12:05.723,bitfinex,SOL/USDT:USDT,184.83,5.4105,184.79,2.90146278,184.85,2.96,184.87,2.90146278
1753769525756,06:12:05.756,bitfinex,SOL/USDT:USDT,184.83,5.4105,184.79,2.90146278,184.85,2.96,184.87,2.90146278
1753769525695,06:12:05.695,bitget,SOL/USDT:USDT,184.719,315.8,184.713,14.2,184.72,234.1,184.725,269.9
1753769525665,06:12:05.665,bitmex,SOL/USDT:USDT,184.83,35000.0,184.81,112000.0,184.85,578000.0,184.87,27000.0
1753769526068,06:12:06.068,bitfinex,SOL/USDT:USDT,184.84,2.95,184.83,5.4105,184.86,5.4098,184.88,2.90146278
1753769526001,06:12:06.001,bitget,SOL/USDT:USDT,184.719,439.8,184.718,2.2,184.72,210.7,184.725,269.9
1753769526061,06:12:06.061,binance,SOL/USDT:USDT,184.68,513.99,184.67,509.78,184.69,421.1,184.7,612.09
1753769526061,06:12:06.061,binanceusdm,SOL/USDT:USDT,184.68,513.99,184.67,509.78,184.69,421.1,184.7,612.09
1753769526050,06:12:06.050,bitmex,SOL/USDT:USDT,184.83,35000.0,184.81,112000.0,184.85,592000.0,184.87,27000.0
1753769526371,06:12:06.371,bybit,SOL/USDT:USDT,184.66,484.8,184.65,806.9,184.67,123.6,184.68,1.5
1753769526430,06:12:06.430,bitfinex,SOL/USDT:USDT,184.84,2.95,184.83,5.4105,184.85,2.96,184.86,5.4098
1753769517823,06:11:57.823,ascendex,SOL/USDT:USDT,184.645,242.8,184.644,224.1,184.705,119.2,184.706,111.2
1753769526267,06:12:06.267,binance,SOL/USDT:USDT,184.68,474.97,184.67,574.18,184.69,308.16,184.7,478.69
1753769526267,06:12:06.267,binanceusdm,SOL/USDT:USDT,184.68,474.97,184.67,574.18,184.69,308.16,184.7,478.69
1753769526307,06:12:06.307,bitget,SOL/USDT:USDT,184.719,439.8,184.714,13.0,184.72,212.3,184.725,269.9
1753769526368,06:12:06.368,binanceusdm,SOL/USDT:USDT,184.68,1081.25,184.67,665.3,184.69,45.5,184.7,125.19
1753769526351,06:12:06.351,bitmex,SOL/USDT:USDT,184.83,35000.0,184.81,112000.0,184.85,592000.0,184.87,27000.0
1753769525714,06:12:05.714,blofin,SOL/USDT:USDT,184.53,462.0,184.52,387.0,184.54,548.99,184.55,508.0
1753769526400,06:12:06.400,bitmex,SOL/USDT:USDT,184.83,35000.0,184.81,112000.0,184.85,592000.0,184.87,27000.0
1753769526457,06:12:06.457,bitget,SOL/USDT:USDT,184.724,83.2,184.72,611.9,184.726,130.2,184.727,512.1
1753769526469,06:12:06.469,binanceusdm,SOL/USDT:USDT,184.68,1081.5,184.67,699.11,184.69,46.69,184.7,94.63
1753769526469,06:12:06.469,binance,SOL/USDT:USDT,184.68,1081.5,184.67,699.11,184.69,46.69,184.7,94.63
1753769517823,06:11:57.823,ascendex,SOL/USDT:USDT,184.645,242.8,184.644,224.1,184.705,119.2,184.706,111.2
1753769526572,06:12:06.572,bybit,SOL/USDT:USDT,184.67,1315.3,184.66,708.0,184.68,1.3,184.69,1.5
1753769526592,06:12:06.592,bitfinex,SOL/USDT:USDT,184.84,2.95,184.79,2.90146278,184.85,2.96,184.86,5.4098
1753769526593,06:12:06.593,bitfinex,SOL/USDT:USDT,184.84,8.3602,184.81,2.90146278,184.85,2.96,184.88,2.90146278
1753769526593,06:12:06.593,bitfinex,SOL/USDT:USDT,184.84,8.3602,184.81,2.90146278,184.85,2.96,184.88,2.90146278
1753769526498,06:12:06.498,bitmex,SOL/USDT:USDT,184.84,35000.0,184.82,52000.0,184.85,578000.0,184.87,27000.0
1753769526570,06:12:06.570,binance,SOL/USDT:USDT,184.68,1107.58,184.67,752.57,184.69,46.66,184.7,94.63
1753769526570,06:12:06.570,binanceusdm,SOL/USDT:USDT,184.68,1107.58,184.67,752.57,184.69,46.66,184.7,94.63
1753769526547,06:12:06.547,bitmex,SOL/USDT:USDT,184.84,35000.0,184.82,52000.0,184.85,578000.0,184.87,27000.0
1753769526608,06:12:06.608,bitget,SOL/USDT:USDT,184.725,859.7,184.724,154.0,184.726,81.8,184.727,512.1
1753769526671,06:12:06.671,bybit,SOL/USDT:USDT,184.67,1295.3,184.66,655.6,184.68,1.3,184.69,1.5
1753769526600,06:12:06.600,bitmex,SOL/USDT:USDT,184.84,35000.0,184.82,52000.0,184.85,578000.0,184.88,1786000.0
1753769526671,06:12:06.671,binance,SOL/USDT:USDT,184.68,956.76,184.67,716.07,184.69,46.95,184.7,175.34
1753769526671,06:12:06.671,binanceusdm,SOL/USDT:USDT,184.68,956.76,184.67,716.07,184.69,46.95,184.7,175.34
1753769526771,06:12:06.771,bybit,SOL/USDT:USDT,184.67,1295.3,184.66,690.2,184.68,1.3,184.69,209.7
1753769526796,06:12:06.796,bitfinex,SOL/USDT:USDT,184.84,8.3602,184.81,2.90146278,184.85,2.96,184.88,2.90146278
1753769526797,06:12:06.797,bitfinex,SOL/USDT:USDT,184.84,2.95,184.81,2.90146278,184.87,2.96,184.88,2.90146278
1753769526797,06:12:06.797,bitfinex,SOL/USDT:USDT,184.84,2.95,184.81,2.90146278,184.87,2.96,184.88,2.90146278
1753769526759,06:12:06.759,bitget,SOL/USDT:USDT,184.726,332.8,184.725,1012.1,184.727,495.0,184.729,5.0
1753769526772,06:12:06.772,binanceusdm,SOL/USDT:USDT,184.69,1328.51,184.68,635.02,184.7,159.68,184.71,105.09
1753769526772,06:12:06.772,binance,SOL/USDT:USDT,184.69,1328.51,184.68,635.02,184.7,159.68,184.71,105.09
1753769526742,06:12:06.742,bitmex,SOL/USDT:USDT,184.84,35000.0,184.82,29000.0,184.85,578000.0,184.88,1786000.0
1753769517823,06:11:57.823,ascendex,SOL/USDT:USDT,184.645,242.8,184.644,224.1,184.705,119.2,184.706,111.2
1753769526871,06:12:06.871,bybit,SOL/USDT:USDT,184.67,1396.5,184.66,609.0,184.68,1.3,184.69,209.7
1753769526792,06:12:06.792,bitmex,SOL/USDT:USDT,184.84,35000.0,184.82,29000.0,184.85,578000.0,184.88,1786000.0
1753769526873,06:12:06.873,binance,SOL/USDT:USDT,184.69,1497.38,184.68,615.42,184.7,236.32,184.71,126.87
1753769526873,06:12:06.873,binanceusdm,SOL/USDT:USDT,184.69,1497.38,184.68,615.42,184.7,236.32,184.71,126.87
1753769526908,06:12:06.908,bitget,SOL/USDT:USDT,184.728,30.0,184.727,167.3,184.729,5.0,184.735,965.2
1753769526918,06:12:06.918,bitmart,SOL/USDT:USDT,184.68,692.0,184.67,110.0,184.7,109.0,184.71,105.0
1753769526971,06:12:06.971,bybit,SOL/USDT:USDT,184.67,1296.3,184.66,671.0,184.68,1.3,184.69,209.7
1753769526995,06:12:06.995,bitfinex,SOL/USDT:USDT,184.84,2.95,184.81,2.90146278,184.87,2.96,184.88,2.90146278
1753769526996,06:12:06.996,bitfinex,SOL/USDT:USDT,184.84,2.95,184.81,2.90146278,184.86,2.96,184.88,2.90146278
1753769526997,06:12:06.997,bitfinex,SOL/USDT:USDT,184.84,2.95,184.81,2.90146278,184.86,2.96,184.88,2.90146278
1753769526976,06:12:06.976,binance,SOL/USDT:USDT,184.69,1497.61,184.68,615.37,184.7,161.3,184.71,126.91
1753769526976,06:12:06.976,binanceusdm,SOL/USDT:USDT,184.69,1497.61,184.68,615.37,184.7,161.3,184.71,126.91
1753769527005,06:12:07.005,bitmex,SOL/USDT:USDT,184.84,35000.0,184.82,29000.0,184.87,14000.0,184.89,1724000.0
1753769527062,06:12:07.062,bitget,SOL/USDT:USDT,184.728,392.3,184.727,389.1,184.729,35.1,184.735,965.2
1753769526392,06:12:06.392,blofin,SOL/USDT:USDT,184.53,845.0,184.52,550.0,184.54,129.0,184.55,487.0
1753769527077,06:12:07.077,binance,SOL/USDT:USDT,184.69,1449.37,184.68,615.16,184.7,162.95,184.71,126.91
1753769527077,06:12:07.077,binanceusdm,SOL/USDT:USDT,184.69,1449.37,184.68,615.16,184.7,162.95,184.71,126.91
1753769527054,06:12:07.054,bitmex,SOL/USDT:USDT,184.84,35000.0,184.82,29000.0,184.87,14000.0,184.89,1724000.0
1753769527171,06:12:07.171,bybit,SOL/USDT:USDT,184.67,1220.3,184.66,652.8,184.68,1.2,184.69,209.7
1753769517823,06:11:57.823,ascendex,SOL/USDT:USDT,184.645,242.8,184.644,224.1,184.705,119.2,184.706,111.2
1753769527103,06:12:07.103,bitmex,SOL/USDT:USDT,184.84,35000.0,184.82,29000.0,184.87,591000.0,184.89,1724000.0
1753769527196,06:12:07.196,bitfinex,SOL/USDT:USDT,184.84,2.95,184.81,2.90146278,184.86,2.96,184.88,2.90146278
1753769527196,06:12:07.196,bitfinex,SOL/USDT:USDT,184.84,2.95,184.81,2.90146278,184.86,2.96,184.88,2.90146278
1753769527197,06:12:07.197,bitfinex,SOL/USDT:USDT,184.84,2.95,184.81,2.90146278,184.86,2.96,184.88,2.90146278
1753769527183,06:12:07.183,binance,SOL/USDT:USDT,184.69,1227.26,184.68,741.35,184.7,438.59,184.71,126.91
1753769527183,06:12:07.183,binanceusdm,SOL/USDT:USDT,184.69,1227.26,184.68,741.35,184.7,438.59,184.71,126.91
1753769527216,06:12:07.216,bitget,SOL/USDT:USDT,184.728,392.3,184.727,166.8,184.729,116.9,184.735,965.2
1753769527273,06:12:07.273,bybit,SOL/USDT:USDT,184.67,1220.3,184.66,654.6,184.68,1.1,184.69,209.7
1753769527284,06:12:07.284,binance,SOL/USDT:USDT,184.69,1227.26,184.68,741.4,184.7,438.72,184.71,126.91
1753769527284,06:12:07.284,binanceusdm,SOL/USDT:USDT,184.69,1227.26,184.68,741.4,184.7,438.72,184.71,126.91
1753769527239,06:12:07.239,bitmex,SOL/USDT:USDT,184.84,35000.0,184.82,29000.0,184.87,591000.0,184.89,1724000.0
1753769527372,06:12:07.372,bybit,SOL/USDT:USDT,184.67,1220.3,184.66,678.2,184.68,1.1,184.69,209.7
1753769527289,06:12:07.289,bitmex,SOL/USDT:USDT,184.84,35000.0,184.82,29000.0,184.87,591000.0,184.89,1724000.0
1753769527394,06:12:07.394,bitfinex,SOL/USDT:USDT,184.84,2.95,184.81,2.90146278,184.86,2.96,184.88,2.90146278
1753769527394,06:12:07.394,bitfinex,SOL/USDT:USDT,184.84,2.95,184.81,2.90146278,184.86,2.96,184.88,2.90146278
1753769527369,06:12:07.369,bitget,SOL/USDT:USDT,184.728,359.3,184.727,166.8,184.729,116.9,184.735,965.2
1753769527387,06:12:07.387,binanceusdm,SOL/USDT:USDT,184.69,1247.05,184.68,741.4,184.7,439.51,184.71,126.91
1753769527387,06:12:07.387,binance,SOL/USDT:USDT,184.69,1247.05,184.68,741.4,184.7,439.51,184.71,126.91
1753769527471,06:12:07.471,bybit,SOL/USDT:USDT,184.67,1220.3,184.66,660.0,184.68,1.1,184.69,209.7
1753769517823,06:11:57.823,ascendex,SOL/USDT:USDT,184.645,242.8,184.644,224.1,184.705,119.2,184.706,111.2
1753769527488,06:12:07.488,binance,SOL/USDT:USDT,184.69,1247.05,184.68,711.2,184.7,439.51,184.71,126.91
1753769527488,06:12:07.488,binanceusdm,SOL/USDT:USDT,184.69,1247.05,184.68,711.2,184.7,439.51,184.71,126.91
1753769527522,06:12:07.522,bitget,SOL/USDT:USDT,184.728,359.3,184.727,166.8,184.729,116.9,184.735,965.2
1753769527571,06:12:07.571,bybit,SOL/USDT:USDT,184.67,1229.2,184.66,658.2,184.68,1.1,184.69,209.7
1753769527493,06:12:07.493,bitmex,SOL/USDT:USDT,184.84,35000.0,184.82,29000.0,184.87,591000.0,184.89,1724000.0
1753769527611,06:12:07.611,bitfinex,SOL/USDT:USDT,184.84,2.95,184.81,2.90146278,184.86,2.96,184.88,2.90146278
1753769527612,06:12:07.612,bitfinex,SOL/USDT:USDT,184.84,2.95,184.81,2.90146278,184.86,2.96,184.88,2.90146278
1753769527612,06:12:07.612,bitfinex,SOL/USDT:USDT,184.84,2.95,184.81,2.90146278,184.86,2.96,184.88,2.90146278
1753769527591,06:12:07.591,binanceusdm,SOL/USDT:USDT,184.69,1253.63,184.68,711.2,184.7,443.5,184.71,126.91
1753769527591,06:12:07.591,binance,SOL/USDT:USDT,184.69,1253.63,184.68,711.2,184.7,443.5,184.71,126.91
1753769527543,06:12:07.543,bitmex,SOL/USDT:USDT,184.84,16000.0,184.82,29000.0,184.87,591000.0,184.89,1724000.0
1753769527672,06:12:07.672,bitget,SOL/USDT:USDT,184.728,257.3,184.727,166.8,184.729,5.1,184.736,9.9
1753769527772,06:12:07.772,bybit,SOL/USDT:USDT,184.7,188.1,184.69,408.2,184.71,254.9,184.72,376.0
1753769527689,06:12:07.689,bitmex,SOL/USDT:USDT,184.84,16000.0,184.82,29000.0,184.87,14000.0,184.89,1724000.0
1753769527791,06:12:07.791,bitfinex,SOL/USDT:USDT,184.84,2.95,184.81,2.90146278,184.86,2.96,184.88,2.90146278
1753769527792,06:12:07.792,bitfinex,SOL/USDT:USDT,184.85,5.4097,184.84,2.95,184.95,2.90146278,184.96,0.28637
1753769527792,06:12:07.792,bitfinex,SOL/USDT:USDT,184.85,5.4097,184.84,2.95,184.95,2.90146278,184.96,0.28637
1753769517823,06:11:57.823,ascendex,SOL/USDT:USDT,184.645,242.8,184.644,224.1,184.705,119.2,184.706,111.2
1753769527738,06:12:07.738,bitmex,SOL/USDT:USDT,184.84,16000.0,184.79,1809000.0,184.89,1724000.0,184.9,6116000.0
1753769527738,06:12:07.738,bitmex,SOL/USDT:USDT,184.87,19000.0,184.84,112000.0,184.88,14000.0,184.89,29000.0
1753769527797,06:12:07.797,binanceusdm,SOL/USDT:USDT,184.71,718.99,184.7,417.59,184.72,519.26,184.73,185.98
1753769527797,06:12:07.797,binance,SOL/USDT:USDT,184.71,718.99,184.7,417.59,184.72,519.26,184.73,185.98
1753769527824,06:12:07.824,bitget,SOL/USDT:USDT,184.735,48.2,184.734,118.3,184.736,9.9,184.746,206.9
1753769527872,06:12:07.872,bybit,SOL/USDT:USDT,184.7,131.9,184.69,431.4,184.71,179.9,184.72,403.5
1753769527787,06:12:07.787,bitmex,SOL/USDT:USDT,184.87,19000.0,184.84,112000.0,184.88,41000.0,184.89,29000.0
1753769528154,06:12:08.154,bitfinex,SOL/USDT:USDT,184.84,2.95,184.83,2.90146278,184.92,2.90146278,184.94,12.47931494
1753769517823,06:11:57.823,ascendex,SOL/USDT:USDT,184.645,242.8,184.644,224.1,184.705,119.2,184.706,111.2
1753769528105,06:12:08.105,coincatch,SOL/USDT:USDT,184.7,339.1,184.69,1284.3,184.72,241.1,184.73,639.0
1753769528117,06:12:08.117,bitmart,SOL/USDT:USDT,184.71,266.0,184.7,94.0,184.72,275.0,184.73,101.0
1753769528123,06:12:08.123,bitget,SOL/USDT:USDT,184.749,189.5,184.74,19.6,184.75,95.3,184.755,146.4
1753769528081,06:12:08.081,bitmex,SOL/USDT:USDT,184.86,19000.0,184.85,16000.0,184.87,14000.0,184.88,173000.0
1753769528172,06:12:08.172,bybit,SOL/USDT:USDT,184.7,54.5,184.69,192.0,184.71,255.0,184.72,528.0
1753769528194,06:12:08.194,bitfinex,SOL/USDT:USDT,184.84,2.95,184.83,2.90146278,184.92,2.90146278,184.94,12.47931494
1753769528195,06:12:08.195,bitfinex,SOL/USDT:USDT,184.84,2.95,184.83,2.90146278,184.91,2.96,184.92,2.90146278
1753769528196,06:12:08.196,bitfinex,SOL/USDT:USDT,184.84,2.95,184.83,2.90146278,184.91,2.96,184.92,2.90146278
1753769528130,06:12:08.130,bitmex,SOL/USDT:USDT,184.86,19000.0,184.85,16000.0,184.87,14000.0,184.88,173000.0
1753769528201,06:12:08.201,binance,SOL/USDT:USDT,184.71,448.98,184.7,267.08,184.72,620.66,184.73,368.65
1753769528201,06:12:08.201,binanceusdm,SOL/USDT:USDT,184.71,448.98,184.7,267.08,184.72,620.66,184.73,368.65
1753769528179,06:12:08.179,bitmex,SOL/USDT:USDT,184.86,35000.0,184.84,112000.0,184.87,14000.0,184.88,173000.0
1753769528271,06:12:08.271,bybit,SOL/USDT:USDT,184.7,54.0,184.69,197.4,184.71,179.2,184.72,526.1
1753769528303,06:12:08.303,binance,SOL/USDT:USDT,184.71,325.3,184.7,267.13,184.72,869.66,184.73,612.88
1753769528303,06:12:08.303,binanceusdm,SOL/USDT:USDT,184.71,325.3,184.7,267.13,184.72,869.66,184.73,612.88
1753769528277,06:12:08.277,bitmex,SOL/USDT:USDT,184.86,19000.0,184.84,112000.0,184.87,14000.0,184.88,173000.0
1753769528322,06:12:08.322,bitmart,SOL/USDT:USDT,184.71,266.0,184.7,50.0,184.72,275.0,184.73,42.0
1753769528371,06:12:08.371,bybit,SOL/USDT:USDT,184.7,33.7,184.69,186.6,184.71,319.7,184.72,565.7
1753769528396,06:12:08.396,bitfinex,SOL/USDT:USDT,184.83,2.90146278,184.79,115.5,184.91,2.96,184.92,2.90146278
1753769528398,06:12:08.398,bitfinex,SOL/USDT:USDT,184.87,2.95,184.86,5.4095,184.88,2.96,184.89,5.409
1753769528399,06:12:08.399,bitfinex,SOL/USDT:USDT,184.87,2.95,184.86,5.4095,184.88,2.96,184.89,5.409
1753769527680,06:12:07.680,blofin,SOL/USDT:USDT,184.54,839.0,184.53,675.0,184.55,17.0,184.56,532.0
1753769528326,06:12:08.326,bitmex,SOL/USDT:USDT,184.85,16000.0,184.84,39000.0,184.87,14000.0,184.88,173000.0
1753769517823,06:11:57.823,ascendex,SOL/USDT:USDT,184.645,242.8,184.644,224.1,184.705,119.2,184.706,111.2
1753769528405,06:12:08.405,binanceusdm,SOL/USDT:USDT,184.71,170.37,184.7,267.13,184.72,870.43,184.73,652.61
1753769528405,06:12:08.405,binance,SOL/USDT:USDT,184.71,170.37,184.7,267.13,184.72,870.43,184.73,652.61
1753769528405,06:12:08.405,coincatch,SOL/USDT:USDT,184.7,300.2,184.69,1150.8,184.72,304.9,184.73,709.5
1753769528425,06:12:08.425,bitget,SOL/USDT:USDT,184.749,189.3,184.74,19.6,184.75,251.8,184.754,6.5
1753769528424,06:12:08.424,bitmex,SOL/USDT:USDT,184.85,16000.0,184.83,112000.0,184.87,14000.0,184.88,173000.0
1753769528506,06:12:08.506,binance,SOL/USDT:USDT,184.71,166.78,184.7,267.13,184.72,871.5,184.73,652.61
1753769528506,06:12:08.506,binanceusdm,SOL/USDT:USDT,184.71,166.78,184.7,267.13,184.72,871.5,184.73,652.61
1753769528473,06:12:08.473,bitmex,SOL/USDT:USDT,184.85,16000.0,184.83,112000.0,184.87,14000.0,184.88,173000.0
1753769528571,06:12:08.571,bybit,SOL/USDT:USDT,184.7,8.2,184.69,175.8,184.71,640.6,184.72,566.2
1753769528526,06:12:08.526,bitmart,SOL/USDT:USDT,184.71,266.0,184.7,50.0,184.72,275.0,184.73,42.0
1753769528597,06:12:08.597,bitfinex,SOL/USDT:USDT,184.87,2.95,184.86,5.4095,184.88,2.96,184.89,5.409
1753769528598,06:12:08.598,bitfinex,SOL/USDT:USDT,184.87,2.95,184.86,5.4095,184.88,2.96,184.89,5.409
1753769528598,06:12:08.598,bitfinex,SOL/USDT:USDT,184.87,2.95,184.86,5.4095,184.88,2.96,184.89,5.409
1753769528522,06:12:08.522,bitmex,SOL/USDT:USDT,184.85,35000.0,184.83,112000.0,184.88,173000.0,184.89,606000.0
1753769528578,06:12:08.578,bitget,SOL/USDT:USDT,184.749,3.8,184.74,19.6,184.75,251.8,184.754,6.5
1753769528614,06:12:08.614,binanceusdm,SOL/USDT:USDT,184.71,75.47,184.7,258.17,184.72,948.03,184.73,668.86
1753769528614,06:12:08.614,binance,SOL/USDT:USDT,184.71,75.47,184.7,258.17,184.72,948.03,184.73,668.86
1753769528571,06:12:08.571,bitmex,SOL/USDT:USDT,184.85,19000.0,184.83,112000.0,184.86,14000.0,184.87,14000.0
1753769528672,06:12:08.672,bybit,SOL/USDT:USDT,184.7,13.4,184.69,77.8,184.71,601.0,184.72,566.2
1753769528620,06:12:08.620,bitmex,SOL/USDT:USDT,184.85,19000.0,184.83,112000.0,184.86,14000.0,184.88,173000.0
1753769528399,06:12:08.399,blofin,SOL/USDT:USDT,184.55,1126.0,184.54,523.0,184.56,20.0,184.57,424.0
1753769528717,06:12:08.717,binanceusdm,SOL/USDT:USDT,184.71,75.47,184.7,256.48,184.72,998.27,184.73,668.86
1753769528717,06:12:08.717,binance,SOL/USDT:USDT,184.71,75.47,184.7,256.48,184.72,998.27,184.73,668.86
1753769528705,06:12:08.705,coincatch,SOL/USDT:USDT,184.7,240.8,184.69,1115.1,184.72,428.1,184.73,887.4
1753769528732,06:12:08.732,bitget,SOL/USDT:USDT,184.749,43.7,184.74,19.6,184.75,251.8,184.751,2.2
1753769528724,06:12:08.724,bitmart,SOL/USDT:USDT,184.71,73.0,184.7,50.0,184.72,275.0,184.73,42.0
1753769528771,06:12:08.771,bybit,SOL/USDT:USDT,184.7,13.4,184.69,77.8,184.71,641.6,184.72,566.9
1753769528804,06:12:08.804,bitfinex,SOL/USDT:USDT,184.86,5.4095,184.83,2.90146278,184.88,2.96,184.89,5.409
1753769528806,06:12:08.806,bitfinex,SOL/USDT:USDT,184.86,8.3595,184.83,2.90146278,184.88,2.96,184.89,5.409
1753769528807,06:12:08.807,bitfinex,SOL/USDT:USDT,184.86,8.3595,184.83,2.90146278,184.88,2.96,184.89,5.409
1753769528751,06:12:08.751,bitmex,SOL/USDT:USDT,184.85,19000.0,184.83,112000.0,184.86,14000.0,184.88,173000.0
1753769528829,06:12:08.829,binanceusdm,SOL/USDT:USDT,184.7,35.42,184.69,327.44,184.71,2138.53,184.72,691.44
1753769528829,06:12:08.829,binance,SOL/USDT:USDT,184.7,35.42,184.69,327.44,184.71,2138.53,184.72,691.44
1753769528872,06:12:08.872,bybit,SOL/USDT:USDT,184.69,5.4,184.68,22.5,184.7,809.0,184.71,1203.7
1753769528883,06:12:08.883,bitget,SOL/USDT:USDT,184.74,19.6,184.738,80.4,184.741,47.4,184.749,134.3
1753769528874,06:12:08.874,bitmex,SOL/USDT:USDT,184.83,112000.0,184.81,1786000.0,184.86,14000.0,184.88,173000.0
1753769528918,06:12:08.918,bitmart,SOL/USDT:USDT,184.71,32.0,184.7,50.0,184.72,275.0,184.73,42.0
1753769528931,06:12:08.931,binance,SOL/USDT:USDT,184.7,117.21,184.69,234.34,184.71,1845.84,184.72,664.38
1753769528931,06:12:08.931,binanceusdm,SOL/USDT:USDT,184.7,117.21,184.69,234.34,184.71,1845.84,184.72,664.38
1753769528971,06:12:08.971,bybit,SOL/USDT:USDT,184.69,33.7,184.68,47.2,184.7,769.2,184.71,1164.7
1753769528999,06:12:08.999,bitfinex,SOL/USDT:USDT,184.83,2.90146278,184.79,115.5,184.88,2.96,184.89,5.409
1753769529000,06:12:09.000,bitfinex,SOL/USDT:USDT,184.84,2.95,184.83,2.90146278,184.91,2.96,184.92,2.90146278
1753769528924,06:12:08.924,bitmex,SOL/USDT:USDT,184.83,16000.0,184.82,29000.0,184.86,14000.0,184.88,196000.0
1753769529005,06:12:09.005,coincatch,SOL/USDT:USDT,184.7,110.9,184.69,265.3,184.71,1457.5,184.72,831.8
1753769528973,06:12:08.973,bitmex,SOL/USDT:USDT,184.83,16000.0,184.82,29000.0,184.86,14000.0,184.88,196000.0
1753769517823,06:11:57.823,ascendex,SOL/USDT:USDT,184.645,242.8,184.644,224.1,184.705,119.2,184.706,111.2
1753769529071,06:12:09.071,bybit,SOL/USDT:USDT,184.69,16.2,184.68,1.1,184.7,680.9,184.71,1125.1
1753769529038,06:12:09.038,bitget,SOL/USDT:USDT,184.738,80.4,184.736,124.0,184.739,80.3,184.74,181.0
1753769529044,06:12:09.044,binanceusdm,SOL/USDT:USDT,184.7,234.75,184.69,284.34,184.71,1461.23,184.72,781.79
1753769529044,06:12:09.044,binance,SOL/USDT:USDT,184.7,234.75,184.69,284.34,184.71,1461.23,184.72,781.79
1753769529025,06:12:09.025,bitmex,SOL/USDT:USDT,184.83,16000.0,184.82,29000.0,184.86,14000.0,184.88,196000.0
1753769529075,06:12:09.075,bitmex,SOL/USDT:USDT,184.83,16000.0,184.82,29000.0,184.86,14000.0,184.88,196000.0
1753769529171,06:12:09.171,bybit,SOL/USDT:USDT,184.69,34.2,184.68,47.2,184.7,390.8,184.71,1060.2
1753769529145,06:12:09.145,binanceusdm,SOL/USDT:USDT,184.7,334.75,184.69,311.49,184.71,1563.51,184.72,630.39
1753769529145,06:12:09.145,binance,SOL/USDT:USDT,184.7,334.75,184.69,311.49,184.71,1563.51,184.72,630.39
1753769529200,06:12:09.200,bitfinex,SOL/USDT:USDT,184.84,2.95,184.77,2.90146278,184.91,2.96,184.92,2.90146278
1753769529202,06:12:09.202,bitfinex,SOL/USDT:USDT,184.84,2.95,184.81,2.90146278,184.9,2.90146278,184.95,2.90146278
1753769529202,06:12:09.202,bitfinex,SOL/USDT:USDT,184.84,2.95,184.81,2.90146278,184.9,2.90146278,184.95,2.90146278
1753769529124,06:12:09.124,bitmex,SOL/USDT:USDT,184.83,16000.0,184.82,29000.0,184.86,14000.0,184.88,196000.0
1753769529188,06:12:09.188,bitget,SOL/USDT:USDT,184.738,237.3,184.736,124.0,184.739,314.0,184.74,264.0
1753769529173,06:12:09.173,bitmex,SOL/USDT:USDT,184.83,16000.0,184.82,29000.0,184.86,14000.0,184.88,196000.0
1753769529274,06:12:09.274,bybit,SOL/USDT:USDT,184.69,34.2,184.68,47.2,184.7,391.6,184.71,1060.4
1753769529249,06:12:09.249,binanceusdm,SOL/USDT:USDT,184.7,159.95,184.69,284.34,184.71,1563.53,184.72,630.35
1753769529249,06:12:09.249,binance,SOL/USDT:USDT,184.7,159.95,184.69,284.34,184.71,1563.53,184.72,630.35
1753769529223,06:12:09.223,bitmex,SOL/USDT:USDT,184.83,16000.0,184.82,29000.0,184.86,14000.0,184.88,196000.0
1753769529305,06:12:09.305,coincatch,SOL/USDT:USDT,184.69,255.5,184.68,558.7,184.71,674.0,184.72,1607.9
1753769529316,06:12:09.316,bitmart,SOL/USDT:USDT,184.7,130.0,184.69,91.0,184.71,488.0,184.72,118.0
1753769529272,06:12:09.272,bitmex,SOL/USDT:USDT,184.83,16000.0,184.82,29000.0,184.86,14000.0,184.88,196000.0
1753769529372,06:12:09.372,bybit,SOL/USDT:USDT,184.69,0.7,184.68,47.2,184.7,391.6,184.71,1139.4
1753769529338,06:12:09.338,bitget,SOL/USDT:USDT,184.738,80.8,184.736,124.0,184.739,314.0,184.74,264.0
1753769530049,06:12:10.049,bitfinex,SOL/USDT:USDT,184.84,2.95,184.81,2.90146278,184.9,2.90146278,184.95,2.90146278
1753769517823,06:11:57.823,ascendex,SOL/USDT:USDT,184.645,242.8,184.644,224.1,184.705,119.2,184.706,111.2
1753769530077,06:12:10.077,bitfinex,SOL/USDT:USDT,184.85,2.95,184.84,5.41,184.89,2.96,184.9,2.90146278
1753769529917,06:12:09.917,bitmart,SOL/USDT:USDT,184.7,63.0,184.69,87.0,184.71,488.0,184.72,107.0
1753769517823,06:11:57.823,ascendex,SOL/USDT:USDT,184.645,242.8,184.644,224.1,184.705,119.2,184.706,111.2
1753769529948,06:12:09.948,bitget,SOL/USDT:USDT,184.738,80.8,184.729,124.0,184.739,325.4,184.74,264.0
1753769530111,06:12:10.111,bitfinex,SOL/USDT:USDT,184.85,2.95,184.84,5.41,184.89,2.96,184.9,2.90146278
1753769530071,06:12:10.071,bybit,SOL/USDT:USDT,184.69,0.2,184.68,1.1,184.7,396.4,184.71,1099.2
1753769530119,06:12:10.119,bitfinex,SOL/USDT:USDT,184.85,2.95,184.84,5.41,184.87,5.4096,184.89,2.96
1753769529717,06:12:09.717,blofin,SOL/USDT:USDT,184.55,381.0,184.54,433.0,184.56,418.0,184.57,402.0
1753769530010,06:12:10.010,bitmex,SOL/USDT:USDT,184.83,16000.0,184.82,29000.0,184.86,14000.0,184.88,196000.0
1753769530106,06:12:10.106,binance,SOL/USDT:USDT,184.7,132.63,184.69,259.77,184.71,1592.05,184.72,646.43
1753769530106,06:12:10.106,binanceusdm,SOL/USDT:USDT,184.7,132.63,184.69,259.77,184.71,1592.05,184.72,646.43
1753769530103,06:12:10.103,bitget,SOL/USDT:USDT,184.738,80.8,184.729,124.0,184.739,325.4,184.74,264.0
1753769530060,06:12:10.060,bitmex,SOL/USDT:USDT,184.83,16000.0,184.82,29000.0,184.86,14000.0,184.88,196000.0
1753769530171,06:12:10.171,bybit,SOL/USDT:USDT,184.69,0.2,184.68,1.1,184.7,395.6,184.71,1059.6
1753769530109,06:12:10.109,bitmex,SOL/USDT:USDT,184.83,16000.0,184.82,29000.0,184.86,14000.0,184.88,196000.0
1753769530208,06:12:10.208,binance,SOL/USDT:USDT,184.69,332.89,184.68,450.38,184.7,1098.55,184.71,642.72
1753769530208,06:12:10.208,binanceusdm,SOL/USDT:USDT,184.69,332.89,184.68,450.38,184.7,1098.55,184.71,642.72
1753769530158,06:12:10.158,bitmex,SOL/USDT:USDT,184.83,16000.0,184.82,29000.0,184.86,14000.0,184.88,196000.0
1753769530272,06:12:10.272,bybit,SOL/USDT:USDT,184.69,0.2,184.68,1.1,184.7,398.5,184.71,1139.2
1753769530255,06:12:10.255,bitget,SOL/USDT:USDT,184.738,80.4,184.729,124.0,184.739,325.3,184.74,264.0
1753769530207,06:12:10.207,bitmex,SOL/USDT:USDT,184.83,16000.0,184.82,29000.0,184.86,14000.0,184.88,196000.0
1753769517823,06:11:57.823,ascendex,SOL/USDT:USDT,184.645,242.8,184.644,224.1,184.705,119.2,184.706,111.2
1753769530256,06:12:10.256,bitmex,SOL/USDT:USDT,184.83,16000.0,184.82,29000.0,184.86,14000.0,184.88,196000.0
1753769530311,06:12:10.311,binanceusdm,SOL/USDT:USDT,184.69,412.72,184.68,450.38,184.7,1218.73,184.71,614.15
1753769530311,06:12:10.311,binance,SOL/USDT:USDT,184.69,412.72,184.68,450.38,184.7,1218.73,184.71,614.15
1753769530372,06:12:10.372,bybit,SOL/USDT:USDT,184.69,2.2,184.68,1.1,184.7,398.5,184.71,1139.2
1753769530305,06:12:10.305,bitmex,SOL/USDT:USDT,184.83,16000.0,184.81,112000.0,184.86,14000.0,184.88,196000.0
1753769530402,06:12:10.402,bitfinex,SOL/USDT:USDT,184.85,2.95,184.84,5.41,184.87,5.4096,184.89,2.96
1753769530404,06:12:10.404,bitfinex,SOL/USDT:USDT,184.85,2.95,184.84,5.41,184.86,2.96,184.9,2.90146278
1753769530410,06:12:10.410,bitget,SOL/USDT:USDT,184.738,80.8,184.729,124.0,184.739,342.3,184.74,264.0
1753769530414,06:12:10.414,binance,SOL/USDT:USDT,184.69,423.06,184.68,476.04,184.7,1218.78,184.71,614.2
1753769530414,06:12:10.414,binanceusdm,SOL/USDT:USDT,184.69,423.06,184.68,476.04,184.7,1218.78,184.71,614.2
1753769530354,06:12:10.354,bitmex,SOL/USDT:USDT,184.83,16000.0,184.81,112000.0,184.86,14000.0,184.88,196000.0
1753769530471,06:12:10.471,bybit,SOL/USDT:USDT,184.69,2.2,184.68,47.2,184.7,398.5,184.71,1060.0
1753769530403,06:12:10.403,bitmex,SOL/USDT:USDT,184.83,16000.0,184.81,112000.0,184.86,14000.0,184.88,196000.0
1753769530506,06:12:10.506,coincatch,SOL/USDT:USDT,184.69,351.0,184.68,367.0,184.7,1032.3,184.71,1087.3
1753769530466,06:12:10.466,bitmex,SOL/USDT:USDT,184.83,16000.0,184.81,112000.0,184.86,14000.0,184.88,196000.0
1753769530519,06:12:10.519,binance,SOL/USDT:USDT,184.69,582.0,184.68,450.38,184.7,1033.78,184.71,613.88
1753769530519,06:12:10.519,binanceusdm,SOL/USDT:USDT,184.69,582.0,184.68,450.38,184.7,1033.78,184.71,613.88
1753769530571,06:12:10.571,bybit,SOL/USDT:USDT,184.69,2.7,184.68,47.2,184.7,398.5,184.71,1060.0
1753769530515,06:12:10.515,bitmex,SOL/USDT:USDT,184.83,16000.0,184.82,29000.0,184.86,14000.0,184.88,196000.0
1753769517823,06:11:57.823,ascendex,SOL/USDT:USDT,184.645,242.8,184.644,224.1,184.705,119.2,184.706,111.2
1753769530564,06:12:10.564,bitmex,SOL/USDT:USDT,184.83,16000.0,184.82,29000.0,184.86,14000.0,184.88,196000.0
1753769530620,06:12:10.620,binanceusdm,SOL/USDT:USDT,184.69,594.19,184.68,499.04,184.7,1033.78,184.71,613.88
1753769530620,06:12:10.620,binance,SOL/USDT:USDT,184.69,594.19,184.68,499.04,184.7,1033.78,184.71,613.88
1753769530671,06:12:10.671,bybit,SOL/USDT:USDT,184.69,258.6,184.68,265.4,184.7,11.9,184.71,824.2
1753769531355,06:12:11.355,bitfinex,SOL/USDT:USDT,184.86,2.95,184.83,2.90146278,184.91,2.96,184.92,2.90146278
1753769517823,06:11:57.823,ascendex,SOL/USDT:USDT,184.645,242.8,184.644,224.1,184.705,119.2,184.706,111.2
1753769531171,06:12:11.171,bybit,SOL/USDT:USDT,184.7,1180.5,184.69,616.8,184.71,729.7,184.72,2.2
1753769531113,06:12:11.113,bitmex,SOL/USDT:USDT,184.86,16000.0,184.84,112000.0,184.88,14000.0,184.89,577000.0
1753769531405,06:12:11.405,bitfinex,SOL/USDT:USDT,184.86,2.95,184.83,2.90146278,184.91,2.96,184.92,2.90146278
1753769517823,06:11:57.823,ascendex,SOL/USDT:USDT,184.645,242.8,184.644,224.1,184.705,119.2,184.706,111.2
1753769531335,06:12:11.335,binance,SOL/USDT:USDT,184.72,682.72,184.71,860.57,184.73,460.79,184.74,132.37
1753769531507,06:12:11.507,bitfinex,SOL/USDT:USDT,184.86,2.95,184.83,2.90146278,184.89,2.96,184.9,5.4087
1753769531511,06:12:11.511,bitfinex,SOL/USDT:USDT,184.86,2.95,184.83,2.90146278,184.89,2.96,184.9,5.4087
1753769531165,06:12:11.165,blofin,SOL/USDT:USDT,184.58,1318.0,184.57,637.0,184.59,179.99,184.6,713.0
1753769531572,06:12:11.572,bybit,SOL/USDT:USDT,184.7,1246.8,184.69,692.4,184.71,724.3,184.72,2.2
1753769531539,06:12:11.539,binance,SOL/USDT:USDT,184.72,707.57,184.71,901.37,184.73,460.93,184.74,132.37
1753769531539,06:12:11.539,binanceusdm,SOL/USDT:USDT,184.72,707.57,184.71,901.37,184.73,460.93,184.74,132.37
1753769517823,06:11:57.823,ascendex,SOL/USDT:USDT,184.645,242.8,184.644,224.1,184.705,119.2,184.706,111.2
1753769531546,06:12:11.546,bitmex,SOL/USDT:USDT,184.87,35000.0,184.84,112000.0,184.89,591000.0,184.9,27000.0
1753769531621,06:12:11.621,bitget,SOL/USDT:USDT,184.764,372.0,184.763,7.2,184.765,186.5,184.767,17.0
1753769531672,06:12:11.672,bybit,SOL/USDT:USDT,184.7,1286.4,184.69,692.4,184.71,724.3,184.72,2.2
1753769531642,06:12:11.642,binanceusdm,SOL/USDT:USDT,184.72,753.21,184.71,1010.26,184.73,277.87,184.74,132.37
1753769531642,06:12:11.642,binance,SOL/USDT:USDT,184.72,753.21,184.71,1010.26,184.73,277.87,184.74,132.37
1753769531596,06:12:11.596,bitmex,SOL/USDT:USDT,184.87,35000.0,184.85,29000.0,184.89,591000.0,184.92,1901000.0
1753769531645,06:12:11.645,bitmex,SOL/USDT:USDT,184.87,35000.0,184.85,29000.0,184.89,591000.0,184.92,1901000.0
1753769531800,06:12:11.800,bitfinex,SOL/USDT:USDT,184.83,2.90146278,184.81,115.48,184.89,2.96,184.9,5.4087
1753769531800,06:12:11.800,bitfinex,SOL/USDT:USDT,184.88,2.95,184.87,5.4092,184.89,2.96,184.9,5.4087
1753769531847,06:12:11.847,binance,SOL/USDT:USDT,184.72,709.59,184.71,1222.12,184.73,218.17,184.74,132.37
1753769531775,06:12:11.775,bitget,SOL/USDT:USDT,184.764,383.5,184.763,7.2,184.765,186.4,184.767,17.0
1753769531841,06:12:11.841,bitmex,SOL/USDT:USDT,184.88,16000.0,184.86,112000.0,184.89,577000.0,184.92,1901000.0
1753769531871,06:12:11.871,bybit,SOL/USDT:USDT,184.7,1210.8,184.69,773.6,184.71,724.3,184.72,2.2
1753769531890,06:12:11.890,bitmex,SOL/USDT:USDT,184.86,112000.0,184.83,23000.0,184.89,591000.0,184.92,1901000.0
1753769531971,06:12:11.971,bybit,SOL/USDT:USDT,184.7,1210.0,184.69,616.8,184.71,724.3,184.72,2.2
1753769531950,06:12:11.950,binanceusdm,SOL/USDT:USDT,184.72,709.62,184.71,1258.29,184.73,308.54,184.74,258.16
1753769531950,06:12:11.950,binance,SOL/USDT:USDT,184.72,709.62,184.71,1258.29,184.73,308.54,184.74,258.16
1753769532000,06:12:12.000,bitfinex,SOL/USDT:USDT,184.88,2.95,184.87,5.4092,184.89,2.96,184.9,5.4087
1753769532001,06:12:12.001,bitfinex,SOL/USDT:USDT,184.88,2.95,184.87,5.4092,184.89,2.96,184.9,5.4087
1753769532072,06:12:12.072,bybit,SOL/USDT:USDT,184.7,1210.0,184.69,616.8,184.71,724.3,184.72,2.2
1753769531988,06:12:11.988,bitmex,SOL/USDT:USDT,184.88,19000.0,184.87,16000.0,184.89,591000.0,184.92,1901000.0
1753769532053,06:12:12.053,binanceusdm,SOL/USDT:USDT,184.72,709.62,184.71,1180.53,184.73,308.54,184.74,258.16
1753769532053,06:12:12.053,binance,SOL/USDT:USDT,184.72,709.62,184.71,1180.53,184.73,308.54,184.74,258.16
1753769532077,06:12:12.077,bitget,SOL/USDT:USDT,184.764,372.0,184.763,7.2,184.765,197.9,184.767,17.0
1753769532037,06:12:12.037,bitmex,SOL/USDT:USDT,184.88,19000.0,184.87,16000.0,184.89,591000.0,184.92,1901000.0
1753769532171,06:12:12.171,bybit,SOL/USDT:USDT,184.7,1210.0,184.69,613.5,184.71,724.3,184.72,2.2
1753769532086,06:12:12.086,bitmex,SOL/USDT:USDT,184.88,19000.0,184.87,16000.0,184.89,591000.0,184.92,1901000.0
1753769532156,06:12:12.156,binance,SOL/USDT:USDT,184.72,709.62,184.71,1220.55,184.73,298.88,184.74,258.16
1753769532156,06:12:12.156,binanceusdm,SOL/USDT:USDT,184.72,709.62,184.71,1220.55,184.73,298.88,184.74,258.16
1753769532209,06:12:12.209,bitfinex,SOL/USDT:USDT,184.88,2.95,184.87,5.4092,184.89,2.96,184.9,5.4087
1753769532209,06:12:12.209,bitfinex,SOL/USDT:USDT,184.88,2.95,184.87,5.4092,184.89,2.96,184.9,5.4087
1753769532209,06:12:12.209,bitfinex,SOL/USDT:USDT,184.88,2.95,184.87,5.4092,184.89,2.96,184.9,5.4087
1753769517823,06:11:57.823,ascendex,SOL/USDT:USDT,184.645,242.8,184.644,224.1,184.705,119.2,184.706,111.2
1753769532135,06:12:12.135,bitmex,SOL/USDT:USDT,184.87,16000.0,184.85,29000.0,184.89,591000.0,184.92,1901000.0
1753769532226,06:12:12.226,bitget,SOL/USDT:USDT,184.764,372.0,184.763,7.2,184.765,197.9,184.767,17.0
1753769532271,06:12:12.271,bybit,SOL/USDT:USDT,184.7,506.1,184.69,595.1,184.71,724.3,184.72,2.2
1753769532259,06:12:12.259,binance,SOL/USDT:USDT,184.72,96.6,184.71,615.58,184.73,991.99,184.74,125.61
1753769532259,06:12:12.259,binanceusdm,SOL/USDT:USDT,184.72,96.6,184.71,615.58,184.73,991.99,184.74,125.61
1753769531720,06:12:11.720,blofin,SOL/USDT:USDT,184.58,752.98,184.57,623.0,184.59,338.0,184.6,714.0
1753769532307,06:12:12.307,coincatch,SOL/USDT:USDT,184.71,1652.0,184.7,1749.9,184.73,337.7,184.74,337.6
1753769532323,06:12:12.323,bitmart,SOL/USDT:USDT,184.72,272.0,184.71,57.0,184.73,150.0,184.74,49.0
1753769532372,06:12:12.372,bybit,SOL/USDT:USDT,184.7,508.7,184.69,474.5,184.71,719.9,184.72,2.2
1753769532297,06:12:12.297,bitmex,SOL/USDT:USDT,184.87,16000.0,184.85,29000.0,184.89,577000.0,184.92,1901000.0
1753769532390,06:12:12.390,bitfinex,SOL/USDT:USDT,184.88,2.95,184.87,5.4092,184.89,2.96,184.9,5.4087
1753769532390,06:12:12.390,bitfinex,SOL/USDT:USDT,184.88,2.95,184.87,5.4092,184.89,2.96,184.92,2.90146278
1753769532391,06:12:12.391,bitfinex,SOL/USDT:USDT,184.88,2.95,184.87,5.4092,184.89,2.96,184.92,2.90146278
1753769532362,06:12:12.362,binanceusdm,SOL/USDT:USDT,184.72,56.54,184.71,135.9,184.73,992.81,184.74,211.27
1753769532379,06:12:12.379,bitget,SOL/USDT:USDT,184.764,115.7,184.757,124.0,184.765,235.8,184.766,2.2
1753769532347,06:12:12.347,bitmex,SOL/USDT:USDT,184.86,19000.0,184.82,1789000.0,184.87,14000.0,184.88,173000.0
1753769532471,06:12:12.471,bybit,SOL/USDT:USDT,184.7,156.4,184.69,424.8,184.71,741.1,184.72,29.4
1753769532396,06:12:12.396,bitmex,SOL/USDT:USDT,184.86,35000.0,184.84,112000.0,184.88,187000.0,184.89,577000.0
1753769532463,06:12:12.463,binanceusdm,SOL/USDT:USDT,184.72,49.16,184.71,4.85,184.73,992.78,184.74,229.74
1753769517823,06:11:57.823,ascendex,SOL/USDT:USDT,184.645,242.8,184.644,224.1,184.705,119.2,184.706,111.2
1753769532445,06:12:12.445,bitmex,SOL/USDT:USDT,184.86,35000.0,184.84,112000.0,184.88,187000.0,184.89,577000.0
1753769532523,06:12:12.523,bitmart,SOL/USDT:USDT,184.72,24.0,184.71,57.0,184.73,451.0,184.74,49.0
1753769532533,06:12:12.533,bitget,SOL/USDT:USDT,184.764,80.8,184.755,7.2,184.765,312.9,184.767,17.0
1753769532571,06:12:12.571,bybit,SOL/USDT:USDT,184.7,156.8,184.69,414.0,184.71,741.1,184.72,29.4
1753769532494,06:12:12.494,bitmex,SOL/USDT:USDT,184.86,35000.0,184.84,112000.0,184.88,187000.0,184.89,577000.0
1753769532594,06:12:12.594,bitfinex,SOL/USDT:USDT,184.87,5.4092,184.83,2.90146278,184.89,2.96,184.92,2.90146278
1753769532595,06:12:12.595,bitfinex,SOL/USDT:USDT,184.87,2.95,184.86,5.4095,184.88,2.96,184.89,5.4088
1753769532596,06:12:12.596,bitfinex,SOL/USDT:USDT,184.87,2.95,184.86,5.4095,184.88,2.96,184.89,5.4088
1753769532543,06:12:12.543,bitmex,SOL/USDT:USDT,184.86,19000.0,184.84,112000.0,184.87,14000.0,184.88,173000.0
1753769532671,06:12:12.671,bybit,SOL/USDT:USDT,184.7,102.4,184.69,408.6,184.71,841.1,184.72,29.4
1753769532593,06:12:12.593,bitmex,SOL/USDT:USDT,184.84,112000.0,184.81,1849000.0,184.87,14000.0,184.88,173000.0
1753769532686,06:12:12.686,bitget,SOL/USDT:USDT,184.764,80.8,184.755,7.2,184.765,312.9,184.767,17.0
1753769532643,06:12:12.643,bitmex,SOL/USDT:USDT,184.86,19000.0,184.85,16000.0,184.87,14000.0,184.88,173000.0
1753769532771,06:12:12.771,bybit,SOL/USDT:USDT,184.7,74.9,184.69,430.7,184.71,841.1,184.72,12.3
1753769532692,06:12:12.692,bitmex,SOL/USDT:USDT,184.86,19000.0,184.85,16000.0,184.87,14000.0,184.88,173000.0
1753769532771,06:12:12.771,binanceusdm,SOL/USDT:USDT,184.72,49.23,184.71,11.48,184.73,1016.49,184.74,144.08
1753769532771,06:12:12.771,binance,SOL/USDT:USDT,184.72,49.23,184.71,11.48,184.73,1016.49,184.74,144.08
1753769517823,06:11:57.823,ascendex,SOL/USDT:USDT,184.645,242.8,184.644,224.1,184.705,119.2,184.706,111.2
1753769533618,06:12:13.618,bitfinex,SOL/USDT:USDT,184.87,2.95,184.86,5.4095,184.88,2.96,184.89,5.4089
1753769533571,06:12:13.571,bybit,SOL/USDT:USDT,184.7,212.1,184.69,448.7,184.71,740.5,184.72,2.2
1753769533508,06:12:13.508,coincatch,SOL/USDT:USDT,184.71,581.0,184.7,513.1,184.72,622.4,184.73,585.0
1753769533559,06:12:13.559,bitmex,SOL/USDT:USDT,184.86,19000.0,184.84,73000.0,184.87,14000.0,184.88,173000.0
1753769533593,06:12:13.593,binance,SOL/USDT:USDT,184.71,544.13,184.7,435.32,184.72,724.86,184.73,550.41
1753769533593,06:12:13.593,binanceusdm,SOL/USDT:USDT,184.71,544.13,184.7,435.32,184.72,724.86,184.73,550.41
1753769533598,06:12:13.598,bitget,SOL/USDT:USDT,184.764,65.6,184.748,2.2,184.765,295.1,184.768,4.3
1753769533671,06:12:13.671,bybit,SOL/USDT:USDT,184.7,212.1,184.69,448.7,184.71,740.5,184.72,2.2
1753769533352,06:12:13.352,blofin,SOL/USDT:USDT,184.58,124.0,184.57,417.0,184.59,569.0,184.6,444.0
1753769533692,06:12:13.692,bitfinex,SOL/USDT:USDT,184.87,2.95,184.86,5.4095,184.88,2.96,184.89,5.4089
1753769533693,06:12:13.693,bitfinex,SOL/USDT:USDT,184.87,2.95,184.86,5.4095,184.88,2.96,184.89,5.4089
1753769533694,06:12:13.694,bitfinex,SOL/USDT:USDT,184.87,2.95,184.86,5.4095,184.88,2.96,184.89,5.4089
1753769533608,06:12:13.608,bitmex,SOL/USDT:USDT,184.86,19000.0,184.84,73000.0,184.87,14000.0,184.88,173000.0
1753769533696,06:12:13.696,binanceusdm,SOL/USDT:USDT,184.71,544.16,184.7,435.32,184.72,724.89,184.73,550.41
1753769533696,06:12:13.696,binance,SOL/USDT:USDT,184.71,544.16,184.7,435.32,184.72,724.89,184.73,550.41
1753769533657,06:12:13.657,bitmex,SOL/USDT:USDT,184.86,19000.0,184.84,73000.0,184.87,14000.0,184.88,173000.0
1753769533723,06:12:13.723,bitmart,SOL/USDT:USDT,184.71,286.0,184.7,51.0,184.72,336.0,184.73,47.0
1753769533772,06:12:13.772,bybit,SOL/USDT:USDT,184.7,272.9,184.69,483.3,184.71,740.5,184.72,2.2
1753769533751,06:12:13.751,bitget,SOL/USDT:USDT,184.764,222.1,184.748,2.2,184.765,297.3,184.768,4.3
1753769533706,06:12:13.706,bitmex,SOL/USDT:USDT,184.86,19000.0,184.84,73000.0,184.87,14000.0,184.88,173000.0
1753769533797,06:12:13.797,binance,SOL/USDT:USDT,184.71,600.4,184.7,672.65,184.72,435.56,184.73,606.02
1753769533808,06:12:13.808,coincatch,SOL/USDT:USDT,184.71,499.8,184.7,556.8,184.72,734.9,184.73,541.0
1753769533871,06:12:13.871,bybit,SOL/USDT:USDT,184.7,287.5,184.69,562.3,184.71,740.5,184.72,2.2
1753769533936,06:12:13.936,bitfinex,SOL/USDT:USDT,184.87,2.95,184.86,5.4095,184.88,2.96,184.89,5.4089
1753769533939,06:12:13.939,bitfinex,SOL/USDT:USDT,184.87,2.95,184.86,5.4095,184.88,2.96,184.89,5.4089
1753769533942,06:12:13.942,bitfinex,SOL/USDT:USDT,184.87,2.95,184.86,5.4095,184.88,2.96,184.89,5.4089
1753769533904,06:12:13.904,bitget,SOL/USDT:USDT,184.764,346.1,184.748,2.2,184.765,293.9,184.77,236.4
1753769533918,06:12:13.918,bitmart,SOL/USDT:USDT,184.71,286.0,184.7,123.0,184.72,336.0,184.73,117.0
1753769533972,06:12:13.972,bybit,SOL/USDT:USDT,184.7,287.5,184.69,562.3,184.71,742.0,184.72,2.2
1753769534071,06:12:14.071,bybit,SOL/USDT:USDT,184.7,307.8,184.69,562.3,184.71,742.0,184.72,2.2
1753769534089,06:12:14.089,bitfinex,SOL/USDT:USDT,184.87,2.95,184.86,5.4095,184.88,2.96,184.89,5.4089
1753769534090,06:12:14.090,bitfinex,SOL/USDT:USDT,184.87,2.95,184.86,5.4095,184.88,2.96,184.89,5.4089
1753769534058,06:12:14.058,bitget,SOL/USDT:USDT,184.764,349.5,184.748,2.2,184.765,259.4,184.766,2.2
1753769517823,06:11:57.823,ascendex,SOL/USDT:USDT,184.645,242.8,184.644,224.1,184.705,119.2,184.706,111.2
1753769534108,06:12:14.108,coincatch,SOL/USDT:USDT,184.71,645.7,184.7,654.2,184.72,683.4,184.73,518.0
1753769534070,06:12:14.070,bitmex,SOL/USDT:USDT,184.86,35000.0,184.84,73000.0,184.88,187000.0,184.89,577000.0
1753769534171,06:12:14.171,bybit,SOL/USDT:USDT,184.7,307.8,184.69,602.3,184.71,742.0,184.72,2.2
1753769534120,06:12:14.120,bitmex,SOL/USDT:USDT,184.86,35000.0,184.84,73000.0,184.88,187000.0,184.89,577000.0
1753769534204,06:12:14.204,binanceusdm,SOL/USDT:USDT,184.71,638.43,184.7,637.04,184.72,482.27,184.73,606.06
1753769534204,06:12:14.204,binance,SOL/USDT:USDT,184.71,638.43,184.7,637.04,184.72,482.27,184.73,606.06
1753769534209,06:12:14.209,bitget,SOL/USDT:USDT,184.764,349.5,184.753,2.2,184.765,300.8,184.766,2.2
1753769534169,06:12:14.169,bitmex,SOL/USDT:USDT,184.86,35000.0,184.84,73000.0,184.88,187000.0,184.89,577000.0
1753769534271,06:12:14.271,bybit,SOL/USDT:USDT,184.7,307.8,184.69,567.7,184.71,742.0,184.72,2.2
1753769534300,06:12:14.300,bitfinex,SOL/USDT:USDT,184.87,2.95,184.86,5.4095,184.88,2.96,184.89,5.4089
1753769534301,06:12:14.301,bitfinex,SOL/USDT:USDT,184.87,2.95,184.86,5.4095,184.88,2.96,184.89,5.4089
1753769533722,06:12:13.722,blofin,SOL/USDT:USDT,184.58,124.0,184.57,417.0,184.59,569.0,184.6,444.0
1753769534218,06:12:14.218,bitmex,SOL/USDT:USDT,184.86,35000.0,184.84,73000.0,184.88,187000.0,184.89,577000.0
1753769534320,06:12:14.320,binanceusdm,SOL/USDT:USDT,184.71,638.52,184.7,637.04,184.72,482.41,184.73,606.06
1753769534320,06:12:14.320,binance,SOL/USDT:USDT,184.71,638.52,184.7,637.04,184.72,482.41,184.73,606.06
1753769534317,06:12:14.317,bitmart,SOL/USDT:USDT,184.71,286.0,184.7,112.0,184.72,246.0,184.73,84.0
1753769534372,06:12:14.372,bybit,SOL/USDT:USDT,184.7,307.8,184.69,567.7,184.71,742.0,184.72,2.2
1753769534362,06:12:14.362,bitget,SOL/USDT:USDT,184.764,349.5,184.753,2.2,184.765,300.8,184.766,2.2
1753769517823,06:11:57.823,ascendex,SOL/USDT:USDT,184.645,242.8,184.644,224.1,184.705,119.2,184.706,111.2
1753769534471,06:12:14.471,bybit,SOL/USDT:USDT,184.7,307.8,184.69,567.7,184.71,742.0,184.72,2.2
1753769534495,06:12:14.495,bitfinex,SOL/USDT:USDT,184.87,2.95,184.86,5.4095,184.88,2.96,184.89,5.4089
1753769534496,06:12:14.496,bitfinex,SOL/USDT:USDT,184.87,2.95,184.86,5.4095,184.88,2.96,184.89,5.4089
1753769534527,06:12:14.527,binance,SOL/USDT:USDT,184.71,626.16,184.7,484.78,184.72,633.18,184.73,457.27
1753769534527,06:12:14.527,binanceusdm,SOL/USDT:USDT,184.71,626.16,184.7,484.78,184.72,633.18,184.73,457.27
1753769534571,06:12:14.571,bybit,SOL/USDT:USDT,184.7,296.2,184.69,506.0,184.71,750.6,184.72,2.2
1753769535257,06:12:15.257,bitfinex,SOL/USDT:USDT,184.87,2.95,184.86,5.4095,184.88,2.96,184.89,5.4089
1753769517823,06:11:57.823,ascendex,SOL/USDT:USDT,184.645,242.8,184.644,224.1,184.705,119.2,184.706,111.2
1753769535064,06:12:15.064,bitmex,SOL/USDT:USDT,184.86,19000.0,184.84,73000.0,184.87,14000.0,184.88,173000.0
1753769535171,06:12:15.171,bybit,SOL/USDT:USDT,184.7,206.2,184.69,498.8,184.71,719.8,184.72,36.2
1753769535159,06:12:15.159,binanceusdm,SOL/USDT:USDT,184.71,457.15,184.7,529.79,184.72,721.96,184.73,457.32
1753769535162,06:12:15.162,bitmex,SOL/USDT:USDT,184.86,35000.0,184.84,112000.0,184.88,187000.0,184.89,577000.0
1753769535271,06:12:15.271,bybit,SOL/USDT:USDT,184.7,206.2,184.69,498.8,184.71,719.8,184.72,36.2
1753769535279,06:12:15.279,bitget,SOL/USDT:USDT,184.764,189.6,184.747,124.0,184.765,287.5,184.766,2.2
1753769535309,06:12:15.309,coincatch,SOL/USDT:USDT,184.71,442.5,184.7,581.8,184.72,776.5,184.73,540.5
1753769535372,06:12:15.372,bybit,SOL/USDT:USDT,184.71,418.4,184.7,593.3,184.72,0.1,184.73,118.9
1753769517823,06:11:57.823,ascendex,SOL/USDT:USDT,184.645,242.8,184.644,224.1,184.705,119.2,184.706,111.2
1753769535366,06:12:15.366,binance,SOL/USDT:USDT,184.71,1458.5,184.7,847.92,184.72,367.71,184.73,173.41
1753769535366,06:12:15.366,binanceusdm,SOL/USDT:USDT,184.71,1458.5,184.7,847.92,184.72,367.71,184.73,173.41
1753769535428,06:12:15.428,bitget,SOL/USDT:USDT,184.764,360.3,184.757,2.2,184.765,41.3,184.77,236.4
1753769535473,06:12:15.473,bybit,SOL/USDT:USDT,184.72,459.9,184.71,340.9,184.73,0.1,184.74,55.1
1753769535390,06:12:15.390,bitmex,SOL/USDT:USDT,184.86,35000.0,184.84,112000.0,184.88,14000.0,184.89,577000.0
1753769535467,06:12:15.467,binanceusdm,SOL/USDT:USDT,184.71,1649.46,184.7,887.35,184.72,367.81,184.73,136.61
1753769535467,06:12:15.467,binance,SOL/USDT:USDT,184.71,1649.46,184.7,887.35,184.72,367.81,184.73,136.61
1753769535440,06:12:15.440,bitmex,SOL/USDT:USDT,184.88,16000.0,184.83,24000.0,184.89,14000.0,184.91,1749000.0
1753769535517,06:12:15.517,bitmart,SOL/USDT:USDT,184.71,286.0,184.7,96.0,184.72,246.0,184.73,113.0
1753769535571,06:12:15.571,bybit,SOL/USDT:USDT,184.72,529.5,184.71,340.9,184.73,11.4,184.74,54.9
1753769535489,06:12:15.489,bitmex,SOL/USDT:USDT,184.88,35000.0,184.86,112000.0,184.9,14000.0,184.91,27000.0
1753769535607,06:12:15.607,bitfinex,SOL/USDT:USDT,184.88,2.91,184.87,5.4092,184.9,5.4086,184.92,2.90146278
1753769535608,06:12:15.608,bitfinex,SOL/USDT:USDT,184.88,2.91,184.87,5.4092,184.9,5.4086,184.92,2.90146278
1753769535569,06:12:15.569,binance,SOL/USDT:USDT,184.71,1751.38,184.7,885.35,184.72,367.81,184.73,136.61
1753769535569,06:12:15.569,binanceusdm,SOL/USDT:USDT,184.71,1751.38,184.7,885.35,184.72,367.81,184.73,136.61
1753769535579,06:12:15.579,bitget,SOL/USDT:USDT,184.764,371.7,184.757,2.2,184.765,77.4,184.77,236.4
1753769535538,06:12:15.538,bitmex,SOL/USDT:USDT,184.88,35000.0,184.86,112000.0,184.9,591000.0,184.91,27000.0
1753769535609,06:12:15.609,coincatch,SOL/USDT:USDT,184.71,1510.9,184.7,1002.7,184.72,381.6,184.73,298.1
1753769535672,06:12:15.672,bybit,SOL/USDT:USDT,184.72,457.5,184.71,340.9,184.73,11.4,184.74,54.9
1753769535780,06:12:15.780,binanceusdm,SOL/USDT:USDT,184.71,1503.49,184.7,845.83,184.72,370.74,184.73,73.53
1753769517823,06:11:57.823,ascendex,SOL/USDT:USDT,184.645,242.8,184.644,224.1,184.705,119.2,184.706,111.2
1753769535899,06:12:15.899,bitfinex,SOL/USDT:USDT,184.88,2.91,184.87,5.4092,184.9,5.4086,184.91,3.09
1753769535871,06:12:15.871,bybit,SOL/USDT:USDT,184.72,458.5,184.71,340.7,184.73,73.4,184.74,124.7
1753769535886,06:12:15.886,binanceusdm,SOL/USDT:USDT,184.71,1503.49,184.7,885.35,184.72,370.74,184.73,73.53
1753769535886,06:12:15.886,binance,SOL/USDT:USDT,184.71,1503.49,184.7,885.35,184.72,370.74,184.73,73.53
1753769535909,06:12:15.909,coincatch,SOL/USDT:USDT,184.71,1582.0,184.7,1006.9,184.72,329.1,184.73,144.5
1753769535971,06:12:15.971,bybit,SOL/USDT:USDT,184.72,458.5,184.71,340.7,184.73,73.4,184.74,124.8
1753769535994,06:12:15.994,bitfinex,SOL/USDT:USDT,184.88,2.91,184.87,5.4092,184.9,5.4086,184.91,3.09
1753769535994,06:12:15.994,bitfinex,SOL/USDT:USDT,184.88,2.91,184.87,5.4092,184.9,5.4086,184.91,3.09
1753769535995,06:12:15.995,bitfinex,SOL/USDT:USDT,184.88,2.91,184.87,5.4092,184.9,5.4086,184.91,3.09
1753769535000,06:12:15.000,gate,SOL/USDT:USDT,184.77,341.0,184.76,226.0,184.78,172.0,184.79,19.0
1753769517823,06:11:57.823,ascendex,SOL/USDT:USDT,184.645,242.8,184.644,224.1,184.705,119.2,184.706,111.2
1753769535987,06:12:15.987,binance,SOL/USDT:USDT,184.71,1503.49,184.7,885.35,184.72,370.74,184.73,73.53
1753769536072,06:12:16.072,bybit,SOL/USDT:USDT,184.72,456.9,184.71,336.5,184.73,73.4,184.74,124.8
1753769536038,06:12:16.038,bitget,SOL/USDT:USDT,184.764,360.3,184.757,2.2,184.765,194.7,184.769,30.0
1753769536044,06:12:16.044,gate,SOL/USDT:USDT,184.77,283.0,184.76,226.0,184.78,189.0,184.79,27.0
1753769536094,06:12:16.094,binanceusdm,SOL/USDT:USDT,184.71,1547.71,184.7,885.35,184.72,370.74,184.73,73.53
1753769536094,06:12:16.094,binance,SOL/USDT:USDT,184.71,1547.71,184.7,885.35,184.72,370.74,184.73,73.53
1753769536172,06:12:16.172,bybit,SOL/USDT:USDT,184.72,456.9,184.71,336.5,184.73,66.5,184.74,105.6
1753769536103,06:12:16.103,bitmex,SOL/USDT:USDT,184.88,35000.0,184.86,112000.0,184.9,591000.0,184.91,27000.0
1753769536120,06:12:16.120,gate,SOL/USDT:USDT,184.77,283.0,184.76,226.0,184.78,98.0,184.79,27.0
1753769536196,06:12:16.196,binanceusdm,SOL/USDT:USDT,184.71,1637.91,184.7,910.27,184.72,378.74,184.73,98.22
1753769536196,06:12:16.196,binance,SOL/USDT:USDT,184.71,1637.91,184.7,910.27,184.72,378.74,184.73,98.22
1753769536153,06:12:16.153,bitmex,SOL/USDT:USDT,184.88,35000.0,184.86,112000.0,184.9,591000.0,184.91,27000.0
1753769536210,06:12:16.210,coincatch,SOL/USDT:USDT,184.71,1361.3,184.7,997.1,184.72,415.5,184.73,185.2
1753769536271,06:12:16.271,bybit,SOL/USDT:USDT,184.72,454.3,184.71,336.5,184.73,73.6,184.74,105.6
1753769536202,06:12:16.202,bitmex,SOL/USDT:USDT,184.88,35000.0,184.86,112000.0,184.9,591000.0,184.91,27000.0
1753769536293,06:12:16.293,bitfinex,SOL/USDT:USDT,184.88,2.91,184.87,5.4092,184.9,5.4086,184.91,3.09
1753769536294,06:12:16.294,bitfinex,SOL/USDT:USDT,184.88,2.91,184.87,5.4092,184.9,5.4086,184.91,3.09
1753769536294,06:12:16.294,bitfinex,SOL/USDT:USDT,184.88,2.91,184.87,5.4092,184.9,5.4086,184.91,3.09
1753769536263,06:12:16.263,gate,SOL/USDT:USDT,184.77,283.0,184.76,226.0,184.78,98.0,184.79,27.0
1753769535725,06:12:15.725,blofin,SOL/USDT:USDT,184.58,45.0,184.57,461.0,184.59,680.0,184.6,583.0
1753769536299,06:12:16.299,binance,SOL/USDT:USDT,184.71,1583.78,184.7,910.27,184.72,375.85,184.73,98.22
1753769536299,06:12:16.299,binanceusdm,SOL/USDT:USDT,184.71,1583.78,184.7,910.27,184.72,375.85,184.73,98.22
1753769536251,06:12:16.251,bitmex,SOL/USDT:USDT,184.88,35000.0,184.86,112000.0,184.9,591000.0,184.91,27000.0
1753769517823,06:11:57.823,ascendex,SOL/USDT:USDT,184.645,242.8,184.644,224.1,184.705,119.2,184.706,111.2
1753769536300,06:12:16.300,bitmex,SOL/USDT:USDT,184.88,19000.0,184.86,112000.0,184.89,14000.0,184.9,577000.0
1753769536321,06:12:16.321,bitmart,SOL/USDT:USDT,184.71,584.0,184.7,51.0,184.72,246.0,184.73,47.0
1753769536371,06:12:16.371,bybit,SOL/USDT:USDT,184.72,454.3,184.71,336.5,184.73,73.6,184.74,105.6
1753769536338,06:12:16.338,bitget,SOL/USDT:USDT,184.769,439.4,184.768,27.7,184.77,44.8,184.771,494.9
1753769536369,06:12:16.369,gate,SOL/USDT:USDT,184.77,283.0,184.76,226.0,184.78,98.0,184.79,27.0
1753769536400,06:12:16.400,binance,SOL/USDT:USDT,184.71,1535.3,184.7,878.15,184.72,403.52,184.73,98.22
1753769536400,06:12:16.400,binanceusdm,SOL/USDT:USDT,184.71,1535.3,184.7,878.15,184.72,403.52,184.73,98.22
1753769536472,06:12:16.472,bybit,SOL/USDT:USDT,184.72,454.3,184.71,336.5,184.73,73.6,184.74,55.0
1753769536409,06:12:16.409,bitmex,SOL/USDT:USDT,184.86,112000.0,184.83,1810000.0,184.89,14000.0,184.9,577000.0
1753769536469,06:12:16.469,gate,SOL/USDT:USDT,184.77,283.0,184.76,226.0,184.78,98.0,184.79,27.0
1753769536489,06:12:16.489,bitget,SOL/USDT:USDT,184.769,602.0,184.765,128.0,184.77,163.0,184.771,494.9
1753769536510,06:12:16.510,binance,SOL/USDT:USDT,184.71,1536.61,184.7,878.15,184.72,403.52,184.73,98.22
1753769536510,06:12:16.510,binanceusdm,SOL/USDT:USDT,184.71,1536.61,184.7,878.15,184.72,403.52,184.73,98.22
1753769536510,06:12:16.510,coincatch,SOL/USDT:USDT,184.71,1512.9,184.7,1012.5,184.72,366.3,184.73,193.7
1753769536572,06:12:16.572,bybit,SOL/USDT:USDT,184.72,454.3,184.71,336.5,184.73,84.4,184.74,55.0
1753769536597,06:12:16.597,bitfinex,SOL/USDT:USDT,184.88,2.91,184.87,5.4092,184.9,5.4086,184.92,2.90146278
1753769536599,06:12:16.599,bitfinex,SOL/USDT:USDT,184.88,2.91,184.87,5.4092,184.9,8.4986,184.92,2.90146278
1753769536600,06:12:16.600,bitfinex,SOL/USDT:USDT,184.88,2.91,184.87,5.4092,184.9,8.4986,184.92,2.90146278
1753769517823,06:11:57.823,ascendex,SOL/USDT:USDT,184.645,242.8,184.644,224.1,184.705,119.2,184.706,111.2
1753769536613,06:12:16.613,binance,SOL/USDT:USDT,184.71,1536.61,184.7,876.88,184.72,403.52,184.73,98.22
1753769536613,06:12:16.613,binanceusdm,SOL/USDT:USDT,184.71,1536.61,184.7,876.88,184.72,403.52,184.73,98.22
1753769536671,06:12:16.671,bybit,SOL/USDT:USDT,184.72,454.3,184.71,336.5,184.73,84.4,184.74,55.0
1753769536639,06:12:16.639,bitget,SOL/USDT:USDT,184.769,582.0,184.767,2.2,184.77,336.7,184.771,494.9
1753769536670,06:12:16.670,gate,SOL/USDT:USDT,184.77,283.0,184.76,226.0,184.78,179.0,184.79,27.0
1753769536716,06:12:16.716,binanceusdm,SOL/USDT:USDT,184.71,1536.61,184.7,875.44,184.72,403.52,184.73,98.26
1753769536716,06:12:16.716,binance,SOL/USDT:USDT,184.71,1536.61,184.7,875.44,184.72,403.52,184.73,98.26
1753769536665,06:12:16.665,bitmex,SOL/USDT:USDT,184.88,16000.0,184.86,112000.0,184.9,591000.0,184.91,27000.0
1753769536721,06:12:16.721,bitmart,SOL/USDT:USDT,184.71,584.0,184.7,51.0,184.72,246.0,184.73,47.0
1753769536771,06:12:16.771,bybit,SOL/USDT:USDT,184.72,449.5,184.71,336.5,184.73,73.8,184.74,55.0
1753769536715,06:12:16.715,bitmex,SOL/USDT:USDT,184.88,16000.0,184.86,112000.0,184.9,591000.0,184.91,27000.0
1753769536754,06:12:16.754,gate,SOL/USDT:USDT,184.77,283.0,184.76,226.0,184.78,179.0,184.79,27.0
1753769536789,06:12:16.789,bitget,SOL/USDT:USDT,184.769,542.0,184.768,2.2,184.77,106.0,184.771,494.9
1753769536810,06:12:16.810,coincatch,SOL/USDT:USDT,184.71,1516.9,184.7,976.7,184.72,441.2,184.73,193.7
1753769536785,06:12:16.785,bitmex,SOL/USDT:USDT,184.88,16000.0,184.86,112000.0,184.9,591000.0,184.91,27000.0
1753769536871,06:12:16.871,bybit,SOL/USDT:USDT,184.72,451.3,184.71,336.5,184.73,66.9,184.74,106.9
1753769536854,06:12:16.854,binanceusdm,SOL/USDT:USDT,184.71,1585.09,184.7,875.44,184.72,403.57,184.73,98.26
1753769536854,06:12:16.854,binance,SOL/USDT:USDT,184.71,1585.09,184.7,875.44,184.72,403.57,184.73,98.26
1753769536820,06:12:16.820,gate,SOL/USDT:USDT,184.77,283.0,184.76,226.0,184.78,98.0,184.79,27.0
1753769536834,06:12:16.834,bitmex,SOL/USDT:USDT,184.88,16000.0,184.86,112000.0,184.9,591000.0,184.91,27000.0
1753769517823,06:11:57.823,ascendex,SOL/USDT:USDT,184.645,242.8,184.644,224.1,184.705,119.2,184.706,111.2
1753769536971,06:12:16.971,bybit,SOL/USDT:USDT,184.72,451.3,184.71,364.0,184.73,66.9,184.74,106.9
1753769536515,06:12:16.515,blofin,SOL/USDT:USDT,184.58,626.0,184.57,694.0,184.59,168.0,184.6,615.0
1753769536939,06:12:16.939,bitget,SOL/USDT:USDT,184.769,542.0,184.768,2.2,184.77,321.7,184.771,494.9
1753769536993,06:12:16.993,bitfinex,SOL/USDT:USDT,184.88,2.91,184.87,5.4092,184.9,8.4986,184.92,2.90146278
1753769536959,06:12:16.959,binance,SOL/USDT:USDT,184.71,1536.61,184.7,875.44,184.72,406.2,184.73,98.26
1753769536959,06:12:16.959,binanceusdm,SOL/USDT:USDT,184.71,1536.61,184.7,875.44,184.72,406.2,184.73,98.26
1753769537745,06:12:17.745,bitfinex,SOL/USDT:USDT,184.88,2.91,184.87,5.4092,184.9,8.4986,184.92,2.90146278
1753769537583,06:12:17.583,binance,SOL/USDT:USDT,184.71,1489.37,184.7,731.01,184.72,406.39,184.73,98.26
1753769537670,06:12:17.670,gate,SOL/USDT:USDT,184.79,348.0,184.78,277.0,184.8,46.0,184.81,4.0
1753769517823,06:11:57.823,ascendex,SOL/USDT:USDT,184.645,242.8,184.644,224.1,184.705,119.2,184.706,111.2
1753769537766,06:12:17.766,gate,SOL/USDT:USDT,184.79,337.0,184.78,279.0,184.8,69.0,184.81,48.0
1753769537900,06:12:17.900,bitfinex,SOL/USDT:USDT,184.88,2.91,184.85,2.90146278,184.9,5.4086,184.96,0.28637
1753769517823,06:11:57.823,ascendex,SOL/USDT:USDT,184.645,242.8,184.644,224.1,184.705,119.2,184.706,111.2
1753769537868,06:12:17.868,gate,SOL/USDT:USDT,184.79,233.0,184.78,286.0,184.8,181.0,184.81,48.0
1753769537887,06:12:17.887,binance,SOL/USDT:USDT,184.74,1120.17,184.73,1745.68,184.75,622.57,184.76,81.7
1753769537511,06:12:17.511,blofin,SOL/USDT:USDT,184.58,772.0,184.57,489.0,184.59,120.0,184.6,726.0
1753769538041,06:12:18.041,bitfinex,SOL/USDT:USDT,184.88,2.91,184.87,2.90146278,184.95,3.09,184.96,3.18783278
1753769537956,06:12:17.956,gate,SOL/USDT:USDT,184.79,226.0,184.78,278.0,184.8,181.0,184.81,48.0
1753769537945,06:12:17.945,bitmex,SOL/USDT:USDT,184.9,19000.0,184.87,112000.0,184.91,14000.0,184.92,24000.0
1753769538011,06:12:18.011,coincatch,SOL/USDT:USDT,184.74,1747.0,184.73,2449.0,184.75,466.2,184.76,182.3
1753769538071,06:12:18.071,bybit,SOL/USDT:USDT,184.74,45.4,184.73,152.1,184.75,358.3,184.76,116.5
1753769537995,06:12:17.995,bitmex,SOL/USDT:USDT,184.87,39000.0,184.85,24000.0,184.91,14000.0,184.94,577000.0
1753769538060,06:12:18.060,gate,SOL/USDT:USDT,184.79,170.0,184.78,278.0,184.8,181.0,184.81,48.0
1753769538171,06:12:18.171,bybit,SOL/USDT:USDT,184.74,45.4,184.73,150.3,184.75,458.3,184.76,128.1
1753769538140,06:12:18.140,bitget,SOL/USDT:USDT,184.792,434.2,184.78,80.4,184.793,255.5,184.799,494.8
1753769538127,06:12:18.127,gate,SOL/USDT:USDT,184.79,170.0,184.78,278.0,184.8,181.0,184.81,48.0
1753769538216,06:12:18.216,bitfinex,SOL/USDT:USDT,184.88,2.91,184.87,2.90146278,184.95,3.09,184.96,3.18783278
1753769538218,06:12:18.218,bitfinex,SOL/USDT:USDT,184.88,2.91,184.87,2.90146278,184.95,3.09,184.96,3.18783278
1753769517823,06:11:57.823,ascendex,SOL/USDT:USDT,184.645,242.8,184.644,224.1,184.705,119.2,184.706,111.2
1753769538194,06:12:18.194,binanceusdm,SOL/USDT:USDT,184.74,632.46,184.73,895.39,184.75,586.38,184.76,143.31
1753769538194,06:12:18.194,binance,SOL/USDT:USDT,184.74,632.46,184.73,895.39,184.75,586.38,184.76,143.31
1753769538272,06:12:18.272,bybit,SOL/USDT:USDT,184.74,45.4,184.73,152.1,184.75,458.3,184.76,128.1
1753769538192,06:12:18.192,bitmex,SOL/USDT:USDT,184.85,24000.0,184.83,6194000.0,184.92,27000.0,184.93,24000.0
1753769538266,06:12:18.266,gate,SOL/USDT:USDT,184.79,170.0,184.78,278.0,184.8,181.0,184.81,48.0
1753769538241,06:12:18.241,bitmex,SOL/USDT:USDT,184.85,24000.0,184.83,6087000.0,184.92,27000.0,184.93,24000.0
1753769538296,06:12:18.296,binance,SOL/USDT:USDT,184.74,632.46,184.73,895.39,184.75,661.76,184.76,198.59
1753769538296,06:12:18.296,binanceusdm,SOL/USDT:USDT,184.74,632.46,184.73,895.39,184.75,661.76,184.76,198.59
1753769538311,06:12:18.311,coincatch,SOL/USDT:USDT,184.74,505.9,184.73,1521.6,184.75,751.9,184.76,217.9
1753769538372,06:12:18.372,bybit,SOL/USDT:USDT,184.74,34.7,184.73,134.9,184.75,458.4,184.76,127.9
1753769538290,06:12:18.290,bitmex,SOL/USDT:USDT,184.85,24000.0,184.83,6087000.0,184.92,27000.0,184.93,24000.0
1753769538399,06:12:18.399,bitfinex,SOL/USDT:USDT,184.88,2.91,184.87,2.90146278,184.95,3.09,184.96,3.18783278
1753769538401,06:12:18.401,bitfinex,SOL/USDT:USDT,184.88,2.91,184.87,2.90146278,184.93,3.09,184.94,2.90146278
1753769538401,06:12:18.401,bitfinex,SOL/USDT:USDT,184.88,2.91,184.87,2.90146278,184.93,3.09,184.94,2.90146278
1753769538360,06:12:18.360,gate,SOL/USDT:USDT,184.79,170.0,184.78,278.0,184.8,181.0,184.81,48.0
1753769538339,06:12:18.339,bitmex,SOL/USDT:USDT,184.85,24000.0,184.83,6087000.0,184.92,27000.0,184.93,24000.0
1753769538398,06:12:18.398,binanceusdm,SOL/USDT:USDT,184.74,633.53,184.73,930.58,184.75,608.61,184.76,198.59
1753769538398,06:12:18.398,binance,SOL/USDT:USDT,184.74,633.53,184.73,930.58,184.75,608.61,184.76,198.59
1753769538471,06:12:18.471,bybit,SOL/USDT:USDT,184.74,34.7,184.73,134.9,184.75,533.4,184.76,127.9
1753769538388,06:12:18.388,bitmex,SOL/USDT:USDT,184.85,24000.0,184.83,6087000.0,184.91,14000.0,184.92,27000.0
1753769538440,06:12:18.440,bitget,SOL/USDT:USDT,184.792,400.6,184.78,80.4,184.793,256.5,184.796,2.2
1753769538467,06:12:18.467,gate,SOL/USDT:USDT,184.79,170.0,184.78,278.0,184.8,181.0,184.81,48.0
1753769538438,06:12:18.438,bitmex,SOL/USDT:USDT,184.89,35000.0,184.87,112000.0,184.91,14000.0,184.92,27000.0
1753769538500,06:12:18.500,binanceusdm,SOL/USDT:USDT,184.74,633.88,184.73,930.58,184.75,609.15,184.76,198.59
1753769538500,06:12:18.500,binance,SOL/USDT:USDT,184.74,633.88,184.73,930.58,184.75,609.15,184.76,198.59
1753769517823,06:11:57.823,ascendex,SOL/USDT:USDT,184.645,242.8,184.644,224.1,184.705,119.2,184.706,111.2
1753769538571,06:12:18.571,bybit,SOL/USDT:USDT,184.74,45.4,184.73,206.9,184.75,534.4,184.76,202.9
1753769538487,06:12:18.487,bitmex,SOL/USDT:USDT,184.89,35000.0,184.87,112000.0,184.91,14000.0,184.92,27000.0
1753769538606,06:12:18.606,bitfinex,SOL/USDT:USDT,184.88,2.91,184.87,2.90146278,184.93,3.09,184.94,2.90146278
1753769538612,06:12:18.612,bitfinex,SOL/USDT:USDT,184.88,2.91,184.87,2.90146278,184.93,3.09,184.94,2.90146278
1753769538547,06:12:18.547,gate,SOL/USDT:USDT,184.79,170.0,184.78,278.0,184.8,181.0,184.81,48.0
1753769538611,06:12:18.611,coincatch,SOL/USDT:USDT,184.74,568.0,184.73,1505.5,184.75,706.0,184.76,291.4
1753769538233,06:12:18.233,blofin,SOL/USDT:USDT,184.6,757.0,184.59,557.0,184.61,81.0,184.62,486.0
1753769538671,06:12:18.671,bybit,SOL/USDT:USDT,184.74,30.5,184.73,205.1,184.75,535.2,184.76,203.6
1753769538636,06:12:18.636,gate,SOL/USDT:USDT,184.79,170.0,184.78,278.0,184.8,181.0,184.81,48.0
1753769538702,06:12:18.702,binance,SOL/USDT:USDT,184.74,199.77,184.73,805.69,184.75,685.12,184.76,198.59
1753769538702,06:12:18.702,binanceusdm,SOL/USDT:USDT,184.74,199.77,184.73,805.69,184.75,685.12,184.76,198.59
1753769538677,06:12:18.677,bitmex,SOL/USDT:USDT,184.89,35000.0,184.87,112000.0,184.91,14000.0,184.92,27000.0
1753769538722,06:12:18.722,bitmart,SOL/USDT:USDT,184.74,286.0,184.73,110.0,184.75,351.0,184.76,108.0
1753769538772,06:12:18.772,bybit,SOL/USDT:USDT,184.73,27.8,184.72,13.7,184.74,900.8,184.75,830.1
1753769538740,06:12:18.740,bitget,SOL/USDT:USDT,184.792,400.6,184.78,80.4,184.793,297.2,184.794,2.2
1753769538768,06:12:18.768,gate,SOL/USDT:USDT,184.78,85.0,184.77,328.0,184.79,263.0,184.8,78.0
1753769538727,06:12:18.727,bitmex,SOL/USDT:USDT,184.89,35000.0,184.87,112000.0,184.91,14000.0,184.92,27000.0
1753769538803,06:12:18.803,binance,SOL/USDT:USDT,184.74,75.6,184.73,449.26,184.75,1075.48,184.76,215.18
1753769538803,06:12:18.803,binanceusdm,SOL/USDT:USDT,184.74,75.6,184.73,449.26,184.75,1075.48,184.76,215.18
1753769517823,06:11:57.823,ascendex,SOL/USDT:USDT,184.645,242.8,184.644,224.1,184.705,119.2,184.706,111.2
1753769538776,06:12:18.776,bitmex,SOL/USDT:USDT,184.89,35000.0,184.87,112000.0,184.9,14000.0,184.92,51000.0
1753769538872,06:12:18.872,bybit,SOL/USDT:USDT,184.73,27.5,184.72,13.7,184.74,915.9,184.75,831.0
1753769538914,06:12:18.914,bitfinex,SOL/USDT:USDT,184.88,2.91,184.87,2.90146278,184.93,3.09,184.94,2.90146278
1753769538921,06:12:18.921,bitfinex,SOL/USDT:USDT,184.88,2.91,184.87,2.90146278,184.93,3.09,184.94,2.90146278
1753769538866,06:12:18.866,gate,SOL/USDT:USDT,184.77,293.0,184.76,426.0,184.78,174.0,184.79,75.0
1753769538926,06:12:18.926,bitfinex,SOL/USDT:USDT,184.88,2.91,184.87,2.90146278,184.93,3.09,184.94,2.90146278
1753769538891,06:12:18.891,bitget,SOL/USDT:USDT,184.792,0.6,184.78,80.4,184.793,351.5,184.794,2.2
1753769538905,06:12:18.905,binanceusdm,SOL/USDT:USDT,184.72,9.93,184.71,810.7,184.73,974.49,184.74,2003.23
1753769538905,06:12:18.905,binance,SOL/USDT:USDT,184.72,9.93,184.71,810.7,184.73,974.49,184.74,2003.23
1753769538968,06:12:18.968,gate,SOL/USDT:USDT,184.76,285.0,184.75,568.0,184.77,55.0,184.78,72.0
1753769538911,06:12:18.911,coincatch,SOL/USDT:USDT,184.74,109.8,184.73,481.7,184.75,1015.1,184.76,369.1
1753769538923,06:12:18.923,bitmart,SOL/USDT:USDT,184.74,286.0,184.73,44.0,184.75,351.0,184.76,45.0
1753769539071,06:12:19.071,bybit,SOL/USDT:USDT,184.72,57.0,184.71,102.3,184.73,688.3,184.74,708.9
1753769539033,06:12:19.033,gate,SOL/USDT:USDT,184.76,369.0,184.75,568.0,184.77,55.0,184.78,72.0
1753769539107,06:12:19.107,binance,SOL/USDT:USDT,184.72,718.83,184.71,1017.5,184.73,614.12,184.74,664.79
1753769539151,06:12:19.151,gate,SOL/USDT:USDT,184.77,348.0,184.76,416.0,184.78,109.0,184.79,91.0
1753769539252,06:12:19.252,bitfinex,SOL/USDT:USDT,184.86,2.91,184.85,2.90146278,184.91,3.09,184.92,2.90146278
1753769517823,06:11:57.823,ascendex,SOL/USDT:USDT,184.645,242.8,184.644,224.1,184.705,119.2,184.706,111.2
1753769539171,06:12:19.171,bybit,SOL/USDT:USDT,184.72,226.7,184.71,107.7,184.73,354.9,184.74,588.1
1753769539211,06:12:19.211,coincatch,SOL/USDT:USDT,184.72,439.7,184.71,751.4,184.73,1107.1,184.74,1198.1
1753769539273,06:12:19.273,bybit,SOL/USDT:USDT,184.72,226.6,184.71,134.7,184.73,354.9,184.74,588.0
1753769539201,06:12:19.201,bitmex,SOL/USDT:USDT,184.87,35000.0,184.85,24000.0,184.9,14000.0,184.91,577000.0
1753769539266,06:12:19.266,gate,SOL/USDT:USDT,184.77,385.0,184.76,406.0,184.78,11.0,184.79,81.0
1753769538785,06:12:18.785,blofin,SOL/USDT:USDT,184.6,1852.0,184.59,559.0,184.61,399.99,184.62,716.0
1753769539250,06:12:19.250,bitmex,SOL/USDT:USDT,184.87,35000.0,184.85,24000.0,184.9,14000.0,184.91,577000.0
1753769539417,06:12:19.417,bitfinex,SOL/USDT:USDT,184.86,2.91,184.85,2.90146278,184.91,3.09,184.92,2.90146278
1753769539420,06:12:19.420,bitfinex,SOL/USDT:USDT,184.86,2.91,184.85,2.90146278,184.91,3.09,184.92,2.90146278
1753769539341,06:12:19.341,bitget,SOL/USDT:USDT,184.775,338.6,184.772,2.2,184.776,28.5,184.778,80.4
1753769539370,06:12:19.370,gate,SOL/USDT:USDT,184.79,237.0,184.78,198.0,184.8,76.0,184.81,68.0
1753769539425,06:12:19.425,bitfinex,SOL/USDT:USDT,184.86,2.91,184.85,2.90146278,184.91,3.09,184.92,2.90146278
1753769539348,06:12:19.348,bitmex,SOL/USDT:USDT,184.87,35000.0,184.85,24000.0,184.91,577000.0,184.92,27000.0
1753769539415,06:12:19.415,binance,SOL/USDT:USDT,184.74,1213.68,184.73,1146.64,184.75,399.1,184.76,143.4
1753769539415,06:12:19.415,binanceusdm,SOL/USDT:USDT,184.74,1213.68,184.73,1146.64,184.75,399.1,184.76,143.4
1753769539471,06:12:19.471,bybit,SOL/USDT:USDT,184.72,524.4,184.71,415.1,184.73,287.1,184.74,0.1
1753769539397,06:12:19.397,bitmex,SOL/USDT:USDT,184.9,16000.0,184.89,16000.0,184.91,591000.0,184.92,27000.0
1753769517823,06:11:57.823,ascendex,SOL/USDT:USDT,184.645,242.8,184.644,224.1,184.705,119.2,184.706,111.2
1753769539469,06:12:19.469,gate,SOL/USDT:USDT,184.79,327.0,184.78,210.0,184.8,88.0,184.81,68.0
1753769539493,06:12:19.493,bitget,SOL/USDT:USDT,184.785,28.2,184.784,28.2,184.791,278.0,184.792,36.8
1753769539446,06:12:19.446,bitmex,SOL/USDT:USDT,184.9,16000.0,184.87,112000.0,184.91,591000.0,184.92,27000.0
1753769539517,06:12:19.517,binanceusdm,SOL/USDT:USDT,184.74,1322.39,184.73,1046.59,184.75,366.65,184.76,143.4
1753769539517,06:12:19.517,binance,SOL/USDT:USDT,184.74,1322.39,184.73,1046.59,184.75,366.65,184.76,143.4
1753769539512,06:12:19.512,coincatch,SOL/USDT:USDT,184.72,790.4,184.71,872.5,184.75,305.7,184.76,696.5
1753769539572,06:12:19.572,bybit,SOL/USDT:USDT,184.72,616.7,184.71,496.2,184.73,287.0,184.74,0.1
1753769539495,06:12:19.495,bitmex,SOL/USDT:USDT,184.9,19000.0,184.88,16000.0,184.91,591000.0,184.92,27000.0
1753769539594,06:12:19.594,bitfinex,SOL/USDT:USDT,184.85,2.90146278,184.83,115.46,184.91,3.09,184.92,2.90146278
1753769539595,06:12:19.595,bitfinex,SOL/USDT:USDT,184.89,2.91,184.85,2.90146278,184.9,3.09,184.94,2.90146278
1753769539508,06:12:19.508,gate,SOL/USDT:USDT,184.79,272.0,184.78,282.0,184.8,108.0,184.81,68.0
1753769539544,06:12:19.544,bitmex,SOL/USDT:USDT,184.9,19000.0,184.87,112000.0,184.91,591000.0,184.92,27000.0
1753769539000,06:12:19.000,gateio,SOL/USDT:USDT,184.79,272.0,184.78,282.0,184.8,108.0,184.81,68.0
1753769539621,06:12:19.621,binanceusdm,SOL/USDT:USDT,184.74,1267.41,184.73,1020.94,184.75,375.51,184.76,143.4
1753769539621,06:12:19.621,binance,SOL/USDT:USDT,184.74,1267.41,184.73,1020.94,184.75,375.51,184.76,143.4
1753769539671,06:12:19.671,bybit,SOL/USDT:USDT,184.72,577.3,184.71,441.6,184.73,287.0,184.74,0.1
1753769539620,06:12:19.620,gate,SOL/USDT:USDT,184.79,272.0,184.78,282.0,184.8,108.0,184.81,149.0
1753769539620,06:12:19.620,gateio,SOL/USDT:USDT,184.79,272.0,184.78,282.0,184.8,108.0,184.81,149.0
1753769539722,06:12:19.722,binance,SOL/USDT:USDT,184.74,1267.41,184.73,1020.94,184.75,375.51,184.76,143.4
1753769539722,06:12:19.722,binanceusdm,SOL/USDT:USDT,184.74,1267.41,184.73,1020.94,184.75,375.51,184.76,143.4
1753769539772,06:12:19.772,bybit,SOL/USDT:USDT,184.72,539.5,184.71,402.1,184.73,287.0,184.74,0.1
1753769539791,06:12:19.791,bitfinex,SOL/USDT:USDT,184.89,2.91,184.85,2.90146278,184.9,3.09,184.94,2.90146278
1753769539792,06:12:19.792,bitfinex,SOL/USDT:USDT,184.89,2.91,184.85,2.90146278,184.9,3.09,184.94,2.90146278
1753769539721,06:12:19.721,gateio,SOL/USDT:USDT,184.79,272.0,184.78,282.0,184.8,108.0,184.81,149.0
1753769539721,06:12:19.721,gate,SOL/USDT:USDT,184.79,272.0,184.78,282.0,184.8,108.0,184.81,149.0
1753769539719,06:12:19.719,bitmex,SOL/USDT:USDT,184.9,19000.0,184.87,112000.0,184.91,591000.0,184.92,27000.0
1753769517823,06:11:57.823,ascendex,SOL/USDT:USDT,184.645,242.8,184.644,224.1,184.705,119.2,184.706,111.2
1753769539798,06:12:19.798,bitget,SOL/USDT:USDT,184.79,754.9,184.789,15.4,184.791,720.2,184.792,17.2
1753769539812,06:12:19.812,coincatch,SOL/USDT:USDT,184.73,1356.9,184.72,881.6,184.75,127.0,184.76,346.9
1753769539769,06:12:19.769,bitmex,SOL/USDT:USDT,184.9,35000.0,184.88,29000.0,184.91,591000.0,184.92,27000.0
1753769539825,06:12:19.825,binance,SOL/USDT:USDT,184.74,1267.41,184.73,1020.94,184.75,375.51,184.76,143.4
1753769539825,06:12:19.825,binanceusdm,SOL/USDT:USDT,184.74,1267.41,184.73,1020.94,184.75,375.51,184.76,143.4
1753769517823,06:11:57.823,ascendex,SOL/USDT:USDT,184.645,242.8,184.644,224.1,184.705,119.2,184.706,111.2
1753769540456,06:12:20.456,bitfinex,SOL/USDT:USDT,184.89,8.3187,184.85,2.90146278,184.9,3.09,184.93,5.4079
1753769540231,06:12:20.231,gate,SOL/USDT:USDT,184.79,260.0,184.78,280.0,184.8,129.0,184.81,155.0
1753769540231,06:12:20.231,gateio,SOL/USDT:USDT,184.79,260.0,184.78,280.0,184.8,129.0,184.81,155.0
1753769540112,06:12:20.112,coincatch,SOL/USDT:USDT,184.73,1341.3,184.72,837.8,184.75,128.7,184.76,346.9
1753769540506,06:12:20.506,bitfinex,SOL/USDT:USDT,184.89,8.3187,184.85,2.90146278,184.9,3.09,184.94,2.90146278
1753769540354,06:12:20.354,gate,SOL/USDT:USDT,184.79,260.0,184.78,270.0,184.8,119.0,184.81,155.0
1753769540354,06:12:20.354,gateio,SOL/USDT:USDT,184.79,260.0,184.78,270.0,184.8,119.0,184.81,155.0
1753769517823,06:11:57.823,ascendex,SOL/USDT:USDT,184.645,242.8,184.644,224.1,184.705,119.2,184.706,111.2
1753769540412,06:12:20.412,coincatch,SOL/USDT:USDT,184.73,1434.4,184.72,967.6,184.75,17.8,184.76,299.5
1753769540469,06:12:20.469,gate,SOL/USDT:USDT,184.79,270.0,184.78,270.0,184.8,98.0,184.81,74.0
1753769540469,06:12:20.469,gateio,SOL/USDT:USDT,184.79,270.0,184.78,270.0,184.8,98.0,184.81,74.0
1753769540417,06:12:20.417,bitmex,SOL/USDT:USDT,184.9,19000.0,184.89,16000.0,184.91,591000.0,184.92,27000.0
1753769540466,06:12:20.466,bitmex,SOL/USDT:USDT,184.9,19000.0,184.89,16000.0,184.91,591000.0,184.92,27000.0
1753769540523,06:12:20.523,bitmart,SOL/USDT:USDT,184.74,590.0,184.73,50.0,184.75,153.0,184.76,45.0
1753769540572,06:12:20.572,bybit,SOL/USDT:USDT,184.72,797.5,184.71,441.5,184.73,286.0,184.74,0.1
1753769540553,06:12:20.553,bitget,SOL/USDT:USDT,184.79,545.2,184.786,14.2,184.791,321.9,184.792,17.2
1753769540596,06:12:20.596,bitfinex,SOL/USDT:USDT,184.89,8.3187,184.85,2.90146278,184.9,3.09,184.94,2.90146278
1753769540597,06:12:20.597,bitfinex,SOL/USDT:USDT,184.89,8.3187,184.85,2.90146278,184.9,3.09,184.94,2.90146278
1753769540598,06:12:20.598,bitfinex,SOL/USDT:USDT,184.89,8.3187,184.85,2.90146278,184.9,3.09,184.94,2.90146278
1753769540567,06:12:20.567,binanceusdm,SOL/USDT:USDT,184.74,924.32,184.73,1070.39,184.75,311.75,184.76,128.14
1753769540567,06:12:20.567,binance,SOL/USDT:USDT,184.74,924.32,184.73,1070.39,184.75,311.75,184.76,128.14
1753769540516,06:12:20.516,bitmex,SOL/USDT:USDT,184.9,35000.0,184.87,112000.0,184.91,591000.0,184.92,27000.0
1753769540563,06:12:20.563,gate,SOL/USDT:USDT,184.79,270.0,184.78,270.0,184.8,69.0,184.81,74.0
1753769540563,06:12:20.563,gateio,SOL/USDT:USDT,184.79,270.0,184.78,270.0,184.8,69.0,184.81,74.0
1753769539733,06:12:19.733,blofin,SOL/USDT:USDT,184.6,333.0,184.59,570.0,184.61,329.0,184.62,451.0
1753769540565,06:12:20.565,bitmex,SOL/USDT:USDT,184.9,35000.0,184.87,112000.0,184.91,577000.0,184.92,27000.0
1753769540755,06:12:20.755,gate,SOL/USDT:USDT,184.79,270.0,184.78,270.0,184.8,2.0,184.81,64.0
1753769540755,06:12:20.755,gateio,SOL/USDT:USDT,184.79,270.0,184.78,270.0,184.8,2.0,184.81,64.0
1753769540968,06:12:20.968,bitfinex,SOL/USDT:USDT,184.9,5.4085,184.89,2.91,184.93,5.4077,184.94,2.90146278
1753769517823,06:11:57.823,ascendex,SOL/USDT:USDT,184.645,242.8,184.644,224.1,184.705,119.2,184.706,111.2
1753769540865,06:12:20.865,gate,SOL/USDT:USDT,184.79,281.0,184.78,259.0,184.8,84.0,184.81,76.0
1753769540865,06:12:20.865,gateio,SOL/USDT:USDT,184.79,281.0,184.78,259.0,184.8,84.0,184.81,76.0
1753769540779,06:12:20.779,binance,SOL/USDT:USDT,184.74,1116.17,184.73,1161.57,184.75,177.8,184.76,81.87
1753769540761,06:12:20.761,bitmex,SOL/USDT:USDT,184.9,35000.0,184.88,29000.0,184.91,591000.0,184.93,24000.0
1753769540716,06:12:20.716,bitmart,SOL/USDT:USDT,184.74,590.0,184.73,50.0,184.75,153.0,184.76,45.0
1753769540951,06:12:20.951,gate,SOL/USDT:USDT,184.79,270.0,184.78,259.0,184.8,84.0,184.81,83.0
1753769540951,06:12:20.951,gateio,SOL/USDT:USDT,184.79,270.0,184.78,259.0,184.8,84.0,184.81,83.0
1753769540883,06:12:20.883,binance,SOL/USDT:USDT,184.74,1115.68,184.73,1111.24,184.75,252.82,184.76,108.12
1753769541035,06:12:21.035,bitfinex,SOL/USDT:USDT,184.9,8.3185,184.85,2.90146278,184.92,3.09,184.93,5.4077
1753769539316,06:12:19.316,hashkey,SOL/USDT:USDT,184.7,1082.0,184.69,140.0,184.94,1082.0,184.96,1082.0
1753769541013,06:12:21.013,coincatch,SOL/USDT:USDT,184.73,1515.7,184.72,973.1,184.75,4.9,184.76,229.9
1753769541071,06:12:21.071,bybit,SOL/USDT:USDT,184.72,632.9,184.71,483.2,184.73,183.3,184.74,0.1
1753769517823,06:11:57.823,ascendex,SOL/USDT:USDT,184.645,242.8,184.644,224.1,184.705,119.2,184.706,111.2
1753769541008,06:12:21.008,bitmex,SOL/USDT:USDT,184.9,35000.0,184.88,29000.0,184.91,577000.0,184.94,1595000.0
1753769541060,06:12:21.060,gate,SOL/USDT:USDT,184.79,270.0,184.78,259.0,184.8,84.0,184.81,83.0
1753769541060,06:12:21.060,gateio,SOL/USDT:USDT,184.79,270.0,184.78,259.0,184.8,84.0,184.81,83.0
1753769541096,06:12:21.096,binance,SOL/USDT:USDT,184.74,889.01,184.73,1046.65,184.75,254.05,184.76,126.65
1753769541070,06:12:21.070,hashkey,SOL/USDT:USDT,184.72,1082.0,184.7,1082.0,184.94,1082.0,184.96,1082.0
1753769541096,06:12:21.096,binanceusdm,SOL/USDT:USDT,184.74,889.01,184.73,1046.65,184.75,254.05,184.76,126.65
1753769541058,06:12:21.058,bitmex,SOL/USDT:USDT,184.9,35000.0,184.88,29000.0,184.91,577000.0,184.93,27000.0
1753769541171,06:12:21.171,bybit,SOL/USDT:USDT,184.72,601.8,184.71,405.5,184.73,183.3,184.74,0.1
1753769541161,06:12:21.161,bitget,SOL/USDT:USDT,184.79,545.3,184.786,14.2,184.791,133.8,184.792,17.2
1753769541162,06:12:21.162,gateio,SOL/USDT:USDT,184.79,270.0,184.78,259.0,184.8,105.0,184.81,71.0
1753769541162,06:12:21.162,gate,SOL/USDT:USDT,184.79,270.0,184.78,259.0,184.8,105.0,184.81,71.0
1753769541199,06:12:21.199,binance,SOL/USDT:USDT,184.74,989.08,184.73,1049.24,184.75,272.82,184.76,126.65
1753769541199,06:12:21.199,binanceusdm,SOL/USDT:USDT,184.74,989.08,184.73,1049.24,184.75,272.82,184.76,126.65
1753769541203,06:12:21.203,bitmex,SOL/USDT:USDT,184.9,16000.0,184.88,29000.0,184.91,577000.0,184.93,27000.0
1753769541304,06:12:21.304,bitfinex,SOL/USDT:USDT,184.9,8.3185,184.85,2.90146278,184.92,3.09,184.93,5.4077
1753769541305,06:12:21.305,bitfinex,SOL/USDT:USDT,184.9,8.3185,184.85,2.90146278,184.92,3.09,184.93,5.4077
1753769541306,06:12:21.306,bitfinex,SOL/USDT:USDT,184.9,8.3185,184.85,2.90146278,184.92,3.09,184.93,5.4077
1753769541221,06:12:21.221,gate,SOL/USDT:USDT,184.79,270.0,184.78,259.0,184.8,105.0,184.81,71.0
1753769541221,06:12:21.221,gateio,SOL/USDT:USDT,184.79,270.0,184.78,259.0,184.8,105.0,184.81,71.0
1753769540734,06:12:20.734,blofin,SOL/USDT:USDT,184.6,606.0,184.59,542.0,184.61,618.0,184.62,734.0
1753769541302,06:12:21.302,binanceusdm,SOL/USDT:USDT,184.74,1095.0,184.73,1118.11,184.75,107.68,184.76,126.73
1753769541302,06:12:21.302,binance,SOL/USDT:USDT,184.74,1095.0,184.73,1118.11,184.75,107.68,184.76,126.73
1753769541252,06:12:21.252,bitmex,SOL/USDT:USDT,184.9,16000.0,184.88,29000.0,184.91,577000.0,184.93,27000.0
1753769541313,06:12:21.313,coincatch,SOL/USDT:USDT,184.73,1506.9,184.72,958.9,184.75,70.0,184.76,230.6
1753769541371,06:12:21.371,bybit,SOL/USDT:USDT,184.72,756.2,184.71,414.8,184.73,183.3,184.74,0.1
1753769541301,06:12:21.301,bitmex,SOL/USDT:USDT,184.9,16000.0,184.88,29000.0,184.91,577000.0,184.93,27000.0
1753769517823,06:11:57.823,ascendex,SOL/USDT:USDT,184.645,242.8,184.644,224.1,184.705,119.2,184.706,111.2
1753769541366,06:12:21.366,gateio,SOL/USDT:USDT,184.79,270.0,184.78,259.0,184.8,69.0,184.81,71.0
1753769541366,06:12:21.366,gate,SOL/USDT:USDT,184.79,270.0,184.78,259.0,184.8,69.0,184.81,71.0
1753769541321,06:12:21.321,hashkey,SOL/USDT:USDT,184.72,1082.0,184.7,1082.0,184.94,1082.0,184.96,1082.0
1753769541350,06:12:21.350,bitmex,SOL/USDT:USDT,184.9,16000.0,184.88,29000.0,184.91,577000.0,184.93,27000.0
1753769541472,06:12:21.472,bybit,SOL/USDT:USDT,184.72,720.8,184.71,413.0,184.73,183.3,184.74,0.1
1753769541399,06:12:21.399,bitmex,SOL/USDT:USDT,184.9,16000.0,184.88,29000.0,184.91,577000.0,184.93,27000.0
1753769541423,06:12:21.423,gateio,SOL/USDT:USDT,184.79,270.0,184.78,259.0,184.8,69.0,184.81,71.0
1753769541423,06:12:21.423,gate,SOL/USDT:USDT,184.79,270.0,184.78,259.0,184.8,69.0,184.81,71.0
1753769541469,06:12:21.469,bitget,SOL/USDT:USDT,184.79,545.2,184.786,14.2,184.791,84.0,184.792,17.2
1753769541510,06:12:21.510,binanceusdm,SOL/USDT:USDT,184.74,989.63,184.73,1049.24,184.75,180.21,184.76,126.73
1753769541510,06:12:21.510,binance,SOL/USDT:USDT,184.74,989.63,184.73,1049.24,184.75,180.21,184.76,126.73
1753769541521,06:12:21.521,bitmart,SOL/USDT:USDT,184.74,532.0,184.73,50.0,184.75,64.0,184.76,45.0
1753769541571,06:12:21.571,bybit,SOL/USDT:USDT,184.72,610.5,184.71,416.4,184.73,183.3,184.74,0.1
1753769541549,06:12:21.549,gateio,SOL/USDT:USDT,184.79,270.0,184.78,259.0,184.8,153.0,184.81,82.0
1753769541549,06:12:21.549,gate,SOL/USDT:USDT,184.79,270.0,184.78,259.0,184.8,153.0,184.81,82.0
1753769541608,06:12:21.608,bitfinex,SOL/USDT:USDT,184.9,8.3185,184.85,2.90146278,184.93,5.4077,184.94,2.90146278
1753769541609,06:12:21.609,bitfinex,SOL/USDT:USDT,184.9,5.4085,184.85,2.90146278,184.91,3.09,184.93,5.4077
1753769541611,06:12:21.611,binance,SOL/USDT:USDT,184.74,1038.11,184.73,1049.24,184.75,183.91,184.76,126.73
1753769541611,06:12:21.611,binanceusdm,SOL/USDT:USDT,184.74,1038.11,184.73,1049.24,184.75,183.91,184.76,126.73
1753769541613,06:12:21.613,coincatch,SOL/USDT:USDT,184.73,1430.2,184.72,948.5,184.75,70.0,184.76,174.5
1753769541622,06:12:21.622,bitget,SOL/USDT:USDT,184.79,545.2,184.786,14.2,184.791,231.6,184.792,17.2
1753769541671,06:12:21.671,bybit,SOL/USDT:USDT,184.72,602.8,184.71,451.8,184.73,183.3,184.74,0.1
1753769541659,06:12:21.659,gate,SOL/USDT:USDT,184.79,270.0,184.78,259.0,184.8,163.0,184.81,97.0
1753769541659,06:12:21.659,gateio,SOL/USDT:USDT,184.79,270.0,184.78,259.0,184.8,163.0,184.81,97.0
1753769541683,06:12:21.683,bitmex,SOL/USDT:USDT,184.9,16000.0,184.88,29000.0,184.91,577000.0,184.94,1595000.0
1753769541814,06:12:21.814,bitfinex,SOL/USDT:USDT,184.9,5.4085,184.85,2.90146278,184.91,3.09,184.93,5.4077
1753769541818,06:12:21.818,bitfinex,SOL/USDT:USDT,184.9,5.4085,184.85,2.90146278,184.91,3.09,184.93,5.4077
1753769541700,06:12:21.700,gate,SOL/USDT:USDT,184.79,270.0,184.78,259.0,184.8,163.0,184.81,97.0
1753769541700,06:12:21.700,gateio,SOL/USDT:USDT,184.79,270.0,184.78,259.0,184.8,163.0,184.81,97.0
1753769541775,06:12:21.775,bitget,SOL/USDT:USDT,184.79,545.2,184.786,14.2,184.791,220.4,184.792,17.2
1753769541871,06:12:21.871,bybit,SOL/USDT:USDT,184.72,813.0,184.71,476.5,184.73,183.3,184.74,0.1
