timestamp,time,exchange,symbol,bid1_price,bid1_volume,bid2_price,bid2_volume,ask1_price,ask1_volume,ask2_price,ask2_volume
1753769298906,06:08:18.906,binance,SOL/USDT:USDT,184.87,7.02,184.86,410.88,184.88,1601.47,184.89,1009.32
1753769299007,06:08:19.007,binance,SOL/USDT:USDT,184.87,2.58,184.86,399.21,184.88,1659.15,184.89,1009.36
1753769299108,06:08:19.108,binance,SOL/USDT:USDT,184.87,73.61,184.86,388.29,184.88,1659.99,184.89,1021.03
1753769299211,06:08:19.211,binanceusdm,SOL/USDT:USDT,184.87,2.33,184.86,360.66,184.88,1660.11,184.89,1048.62
1753769299211,06:08:19.211,binance,SOL/USDT:USDT,184.87,2.33,184.86,360.66,184.88,1660.11,184.89,1048.62
1753769299435,06:08:19.435,binanceusdm,SOL/USDT:USDT,184.86,447.49,184.85,1311.31,184.87,1447.69,184.88,1074.68
1753769299435,06:08:19.435,binance,SOL/USDT:USDT,184.86,447.49,184.85,1311.31,184.87,1447.69,184.88,1074.68
1753769299536,06:08:19.536,binanceusdm,SOL/USDT:USDT,184.86,456.1,184.85,1311.31,184.87,1454.82,184.88,1071.81
1753769299536,06:08:19.536,binance,SOL/USDT:USDT,184.86,456.1,184.85,1311.31,184.87,1454.82,184.88,1071.81
1753769300058,06:08:20.058,binanceusdm,SOL/USDT:USDT,184.87,1499.37,184.86,4387.72,184.88,219.27,184.89,211.49
1753769300159,06:08:20.159,binanceusdm,SOL/USDT:USDT,184.87,1499.37,184.86,4387.72,184.88,144.58,184.89,211.49
1753769300159,06:08:20.159,binance,SOL/USDT:USDT,184.87,1499.37,184.86,4387.72,184.88,144.58,184.89,211.49
1753769300263,06:08:20.263,binanceusdm,SOL/USDT:USDT,184.87,1499.37,184.86,4387.72,184.88,144.55,184.89,211.49
1753769300263,06:08:20.263,binance,SOL/USDT:USDT,184.87,1499.37,184.86,4387.72,184.88,144.55,184.89,211.49
1753769300366,06:08:20.366,binanceusdm,SOL/USDT:USDT,184.87,1503.8,184.86,4414.52,184.88,144.88,184.89,211.49
1753769300366,06:08:20.366,binance,SOL/USDT:USDT,184.87,1503.8,184.86,4414.52,184.88,144.88,184.89,211.49
1753769300467,06:08:20.467,binanceusdm,SOL/USDT:USDT,184.87,1450.79,184.86,4422.33,184.88,261.51,184.89,211.49
1753769300467,06:08:20.467,binance,SOL/USDT:USDT,184.87,1450.79,184.86,4422.33,184.88,261.51,184.89,211.49
1753769300569,06:08:20.569,binanceusdm,SOL/USDT:USDT,184.87,1511.87,184.86,4362.33,184.88,261.71,184.89,211.49
1753769300569,06:08:20.569,binance,SOL/USDT:USDT,184.87,1511.87,184.86,4362.33,184.88,261.71,184.89,211.49
1753769300672,06:08:20.672,binanceusdm,SOL/USDT:USDT,184.87,1511.87,184.86,4174.08,184.88,261.71,184.89,211.49
1753769300672,06:08:20.672,binance,SOL/USDT:USDT,184.87,1511.87,184.86,4174.08,184.88,261.71,184.89,211.49
1753769300775,06:08:20.775,binanceusdm,SOL/USDT:USDT,184.87,1516.87,184.86,4180.57,184.88,262.71,184.89,212.49
1753769300888,06:08:20.888,binanceusdm,SOL/USDT:USDT,184.87,1565.35,184.86,4337.45,184.88,8.76,184.89,131.74
1753769300888,06:08:20.888,binance,SOL/USDT:USDT,184.87,1565.35,184.86,4337.45,184.88,8.76,184.89,131.74
1753769301295,06:08:21.295,binanceusdm,SOL/USDT:USDT,184.88,1552.73,184.87,977.29,184.89,632.1,184.9,546.61
1753769301295,06:08:21.295,binance,SOL/USDT:USDT,184.88,1552.73,184.87,977.29,184.89,632.1,184.9,546.61
1753769301396,06:08:21.396,binanceusdm,SOL/USDT:USDT,184.88,1282.59,184.87,859.6,184.89,744.44,184.9,548.74
1753769301396,06:08:21.396,binance,SOL/USDT:USDT,184.88,1282.59,184.87,859.6,184.89,744.44,184.9,548.74
1753769301499,06:08:21.499,binanceusdm,SOL/USDT:USDT,184.88,1280.28,184.87,859.06,184.89,724.76,184.9,546.96
1753769301499,06:08:21.499,binance,SOL/USDT:USDT,184.88,1280.28,184.87,859.06,184.89,724.76,184.9,546.96
1753769301618,06:08:21.618,binanceusdm,SOL/USDT:USDT,184.88,1280.31,184.87,865.2,184.89,688.9,184.9,551.57
1753769301618,06:08:21.618,binance,SOL/USDT:USDT,184.88,1280.31,184.87,865.2,184.89,688.9,184.9,551.57
1753769301740,06:08:21.740,binanceusdm,SOL/USDT:USDT,184.88,1340.35,184.87,805.2,184.89,688.9,184.9,551.57
1753769301740,06:08:21.740,binance,SOL/USDT:USDT,184.88,1340.35,184.87,805.2,184.89,688.9,184.9,551.57
1753769301846,06:08:21.846,binanceusdm,SOL/USDT:USDT,184.88,1340.35,184.87,908.69,184.89,466.52,184.9,546.88
1753769301846,06:08:21.846,binance,SOL/USDT:USDT,184.88,1340.35,184.87,908.69,184.89,466.52,184.9,546.88
1753769302042,06:08:22.042,bitget,SOL/USDT:USDT,184.905,1486.1,184.904,2.2,184.906,30.1,184.921,32.3
1753769302052,06:08:22.052,binanceusdm,SOL/USDT:USDT,184.88,1340.35,184.87,907.81,184.89,763.88,184.9,546.88
1753769302052,06:08:22.052,binance,SOL/USDT:USDT,184.88,1340.35,184.87,907.81,184.89,763.88,184.9,546.88
1753769302572,06:08:22.572,binanceusdm,SOL/USDT:USDT,184.88,1153.92,184.87,332.1,184.89,798.78,184.9,697.38
1753769302572,06:08:22.572,binance,SOL/USDT:USDT,184.88,1153.92,184.87,332.1,184.89,798.78,184.9,697.38
1753769302676,06:08:22.676,binanceusdm,SOL/USDT:USDT,184.88,1153.67,184.87,278.42,184.89,798.78,184.9,697.38
1753769302676,06:08:22.676,binance,SOL/USDT:USDT,184.88,1153.67,184.87,278.42,184.89,798.78,184.9,697.38
1753769302793,06:08:22.793,bitget,SOL/USDT:USDT,184.905,857.0,184.904,2.2,184.906,292.1,184.92,7.4
1753769302904,06:08:22.904,binanceusdm,SOL/USDT:USDT,184.88,1152.22,184.87,278.42,184.89,948.47,184.9,548.69
1753769302904,06:08:22.904,binance,SOL/USDT:USDT,184.88,1152.22,184.87,278.42,184.89,948.47,184.9,548.69
1753769302943,06:08:22.943,bitget,SOL/USDT:USDT,184.905,857.0,184.904,2.2,184.906,292.0,184.92,7.4
1753769303007,06:08:23.007,binanceusdm,SOL/USDT:USDT,184.88,1152.26,184.87,331.42,184.89,800.91,184.9,731.79
1753769303007,06:08:23.007,binance,SOL/USDT:USDT,184.88,1152.26,184.87,331.42,184.89,800.91,184.9,731.79
1753769303693,06:08:23.693,bitget,SOL/USDT:USDT,184.905,819.8,184.904,2.2,184.906,135.5,184.919,7.4
1753769303736,06:08:23.736,binanceusdm,SOL/USDT:USDT,184.88,1152.11,184.87,330.88,184.89,1038.06,184.9,497.35
1753769303839,06:08:23.839,binanceusdm,SOL/USDT:USDT,184.88,1152.11,184.87,277.88,184.89,1038.06,184.9,497.35
1753769303839,06:08:23.839,binance,SOL/USDT:USDT,184.88,1152.11,184.87,277.88,184.89,1038.06,184.9,497.35
1753769303843,06:08:23.843,bitget,SOL/USDT:USDT,184.905,819.8,184.904,2.2,184.906,135.5,184.919,7.4
1753769303993,06:08:23.993,bitget,SOL/USDT:USDT,184.905,819.8,184.904,2.2,184.906,156.3,184.919,7.4
1753769304058,06:08:24.058,binanceusdm,SOL/USDT:USDT,184.88,1152.06,184.87,174.89,184.89,1052.43,184.9,499.14
1753769304058,06:08:24.058,binance,SOL/USDT:USDT,184.88,1152.06,184.87,174.89,184.89,1052.43,184.9,499.14
1753769304143,06:08:24.143,bitget,SOL/USDT:USDT,184.905,819.8,184.904,2.2,184.906,156.3,184.919,7.4
1753769304159,06:08:24.159,binanceusdm,SOL/USDT:USDT,184.88,1152.06,184.87,303.3,184.89,1044.2,184.9,499.14
1753769304159,06:08:24.159,binance,SOL/USDT:USDT,184.88,1152.06,184.87,303.3,184.89,1044.2,184.9,499.14
1753769304261,06:08:24.261,binanceusdm,SOL/USDT:USDT,184.88,1152.06,184.87,303.3,184.89,1044.2,184.9,497.35
1753769304261,06:08:24.261,binance,SOL/USDT:USDT,184.88,1152.06,184.87,303.3,184.89,1044.2,184.9,497.35
1753769304293,06:08:24.293,bitget,SOL/USDT:USDT,184.905,819.8,184.904,2.2,184.906,156.3,184.919,7.4
1753769304397,06:08:24.397,binanceusdm,SOL/USDT:USDT,184.88,1137.25,184.87,303.26,184.89,1048.2,184.9,497.35
1753769304397,06:08:24.397,binance,SOL/USDT:USDT,184.88,1137.25,184.87,303.26,184.89,1048.2,184.9,497.35
1753769304443,06:08:24.443,bitget,SOL/USDT:USDT,184.905,819.8,184.902,98.2,184.906,156.4,184.919,7.4
1753769304708,06:08:24.708,binanceusdm,SOL/USDT:USDT,184.87,376.15,184.86,3674.37,184.88,916.56,184.89,564.18
1753769304708,06:08:24.708,binance,SOL/USDT:USDT,184.87,376.15,184.86,3674.37,184.88,916.56,184.89,564.18
1753769304756,06:08:24.756,bitmart,SOL/USDT:USDT,184.87,43.0,184.86,48.0,184.89,400.0,184.9,43.0
1753769304809,06:08:24.809,binance,SOL/USDT:USDT,184.87,376.24,184.86,3674.37,184.88,918.28,184.89,597.45
1753769305121,06:08:25.121,binanceusdm,SOL/USDT:USDT,184.87,436.24,184.86,3646.8,184.88,911.89,184.89,560.49
1753769305157,06:08:25.157,bitmart,SOL/USDT:USDT,184.87,258.0,184.86,48.0,184.88,423.0,184.89,54.0
1753769305644,06:08:25.644,bitget,SOL/USDT:USDT,184.909,30.0,184.908,71.6,184.916,464.1,184.92,24.7
1753769305747,06:08:25.747,binanceusdm,SOL/USDT:USDT,184.89,1978.23,184.88,3071.68,184.9,14.33,184.91,26.17
1753769305747,06:08:25.747,binance,SOL/USDT:USDT,184.89,1978.23,184.88,3071.68,184.9,14.33,184.91,26.17
1753769305705,06:08:25.705,bitmex,SOL/USDT:USDT,185.01,16000.0,185.0,130000.0,185.03,17000.0,185.04,17000.0
1753769305757,06:08:25.757,bitmart,SOL/USDT:USDT,184.87,258.0,184.86,48.0,184.88,423.0,184.89,105.0
1753769305758,06:08:25.758,bitmex,SOL/USDT:USDT,185.01,16000.0,185.0,130000.0,185.03,14000.0,185.06,113000.0
1753769305874,06:08:25.874,bybit,SOL/USDT:USDT,184.87,1803.3,184.86,1699.8,184.88,184.9,184.89,0.6
1753769305848,06:08:25.848,binanceusdm,SOL/USDT:USDT,184.89,2956.24,184.88,2473.5,184.9,14.14,184.91,10.53
1753769305848,06:08:25.848,binance,SOL/USDT:USDT,184.89,2956.24,184.88,2473.5,184.9,14.14,184.91,10.53
1753769305812,06:08:25.812,bitmex,SOL/USDT:USDT,185.02,16000.0,185.0,130000.0,185.06,113000.0,185.07,17000.0
1753769305866,06:08:25.866,bitmex,SOL/USDT:USDT,185.0,130000.0,184.98,602000.0,185.04,17000.0,185.06,23000.0
1753769305971,06:08:25.971,bybit,SOL/USDT:USDT,184.87,1801.3,184.86,1495.4,184.88,184.9,184.89,0.6
1753769305944,06:08:25.944,bitget,SOL/USDT:USDT,184.93,417.3,184.927,9.3,184.931,52.8,184.945,63.4
1753769305955,06:08:25.955,bitmart,SOL/USDT:USDT,184.87,656.0,184.86,87.0,184.9,7.0,184.91,48.0
1753769305915,06:08:25.915,bitmex,SOL/USDT:USDT,185.0,130000.0,184.98,602000.0,185.04,17000.0,185.06,136000.0
1753769306073,06:08:26.073,bybit,SOL/USDT:USDT,184.88,1452.4,184.87,1417.3,184.89,0.1,184.9,0.9
1753769305994,06:08:25.994,bitmex,SOL/USDT:USDT,185.0,130000.0,184.98,602000.0,185.04,17000.0,185.06,136000.0
1753769306043,06:08:26.043,bitmex,SOL/USDT:USDT,185.01,16000.0,185.0,130000.0,185.03,14000.0,185.05,20000.0
1753769306094,06:08:26.094,bitget,SOL/USDT:USDT,184.944,94.1,184.938,21.6,184.945,7.8,184.946,26.0
1753769306092,06:08:26.092,bitmex,SOL/USDT:USDT,185.02,16000.0,185.0,130000.0,185.05,20000.0,185.06,23000.0
1753769306152,06:08:26.152,binanceusdm,SOL/USDT:USDT,184.91,1324.84,184.9,1100.46,184.92,249.29,184.93,292.8
1753769306152,06:08:26.152,binance,SOL/USDT:USDT,184.91,1324.84,184.9,1100.46,184.92,249.29,184.93,292.8
1753769306142,06:08:26.142,bitmex,SOL/USDT:USDT,185.02,16000.0,185.01,583000.0,185.05,20000.0,185.06,23000.0
1753769306271,06:08:26.271,bybit,SOL/USDT:USDT,184.89,1076.1,184.88,1209.7,184.9,17.7,184.91,119.6
1753769306245,06:08:26.245,bitget,SOL/USDT:USDT,184.944,394.7,184.939,6.5,184.945,198.0,184.946,26.0
1753769306253,06:08:26.253,binanceusdm,SOL/USDT:USDT,184.91,1314.14,184.9,1066.04,184.92,249.86,184.93,320.68
1753769306253,06:08:26.253,binance,SOL/USDT:USDT,184.91,1314.14,184.9,1066.04,184.92,249.86,184.93,320.68
1753769306371,06:08:26.371,bybit,SOL/USDT:USDT,184.89,911.6,184.88,1052.9,184.9,33.7,184.91,159.2
1753769306322,06:08:26.322,bitmex,SOL/USDT:USDT,185.02,16000.0,185.01,583000.0,185.05,20000.0,185.06,23000.0
1753769306471,06:08:26.471,bybit,SOL/USDT:USDT,184.89,942.3,184.88,1036.9,184.9,165.5,184.91,159.2
1753769275311,06:07:55.311,blofin,SOL/USDT:USDT,184.75,924.64,184.74,1412.0,184.76,2.38,184.77,4.0
1753769306471,06:08:26.471,binanceusdm,SOL/USDT:USDT,184.91,862.95,184.9,1287.85,184.92,320.8,184.93,320.68
1753769306471,06:08:26.471,binance,SOL/USDT:USDT,184.91,862.95,184.9,1287.85,184.92,320.8,184.93,320.68
1753769306425,06:08:26.425,bitmex,SOL/USDT:USDT,185.02,187000.0,185.01,583000.0,185.05,34000.0,185.06,23000.0
1753769306474,06:08:26.474,bitmex,SOL/USDT:USDT,185.02,171000.0,185.01,612000.0,185.05,34000.0,185.06,23000.0
1753769306571,06:08:26.571,bybit,SOL/USDT:USDT,184.89,944.9,184.88,1054.7,184.9,17.7,184.91,119.6
1753769306545,06:08:26.545,bitget,SOL/USDT:USDT,184.944,383.4,184.939,181.6,184.945,353.5,184.949,17.8
1753769306574,06:08:26.574,binance,SOL/USDT:USDT,184.91,1031.89,184.9,1438.78,184.92,88.24,184.93,262.56
1753769306574,06:08:26.574,binanceusdm,SOL/USDT:USDT,184.91,1031.89,184.9,1438.78,184.92,88.24,184.93,262.56
1753769306671,06:08:26.671,bybit,SOL/USDT:USDT,184.89,966.9,184.88,1036.3,184.9,1.6,184.91,1.5
1753769306616,06:08:26.616,bitmex,SOL/USDT:USDT,185.02,171000.0,185.01,612000.0,185.05,34000.0,185.06,23000.0
1753769306676,06:08:26.676,binanceusdm,SOL/USDT:USDT,184.91,1031.89,184.9,1391.93,184.92,15.65,184.93,173.32
1753769306676,06:08:26.676,binance,SOL/USDT:USDT,184.91,1031.89,184.9,1391.93,184.92,15.65,184.93,173.32
1753769306694,06:08:26.694,bitget,SOL/USDT:USDT,184.948,278.7,184.945,247.7,184.949,35.5,184.95,24.7
1753769306665,06:08:26.665,bitmex,SOL/USDT:USDT,185.02,187000.0,185.01,612000.0,185.05,34000.0,185.07,113000.0
1753769306771,06:08:26.771,bybit,SOL/USDT:USDT,184.89,968.5,184.88,1034.5,184.9,1.6,184.91,1.5
1753769306758,06:08:26.758,bitmart,SOL/USDT:USDT,184.91,425.0,184.9,52.0,184.92,150.0,184.93,46.0
1753769306718,06:08:26.718,bitmex,SOL/USDT:USDT,185.02,187000.0,185.01,612000.0,185.05,34000.0,185.07,113000.0
1753769306778,06:08:26.778,binanceusdm,SOL/USDT:USDT,184.91,1020.55,184.9,1444.92,184.92,104.73,184.93,173.32
1753769306778,06:08:26.778,binance,SOL/USDT:USDT,184.91,1020.55,184.9,1444.92,184.92,104.73,184.93,173.32
1753769306871,06:08:26.871,bybit,SOL/USDT:USDT,184.89,1043.5,184.88,1036.3,184.9,9.8,184.91,1.5
1753769306844,06:08:26.844,bitget,SOL/USDT:USDT,184.948,683.4,184.946,134.2,184.949,310.2,184.95,24.7
1753769306799,06:08:26.799,bitmex,SOL/USDT:USDT,185.02,187000.0,185.01,612000.0,185.05,34000.0,185.07,113000.0
1753769306895,06:08:26.895,binanceusdm,SOL/USDT:USDT,184.91,1031.75,184.9,1341.93,184.92,10.38,184.93,173.32
1753769306895,06:08:26.895,binance,SOL/USDT:USDT,184.91,1031.75,184.9,1341.93,184.92,10.38,184.93,173.32
1753769306848,06:08:26.848,bitmex,SOL/USDT:USDT,185.02,187000.0,185.01,612000.0,185.05,34000.0,185.07,113000.0
1753769306971,06:08:26.971,bybit,SOL/USDT:USDT,184.89,1101.7,184.88,1036.3,184.9,9.8,184.91,1.5
1753769306909,06:08:26.909,bitmex,SOL/USDT:USDT,185.02,187000.0,185.01,612000.0,185.05,34000.0,185.07,140000.0
1753769306956,06:08:26.956,bitmart,SOL/USDT:USDT,184.91,425.0,184.9,52.0,184.92,42.0,184.93,46.0
1753769306969,06:08:26.969,coincatch,SOL/USDT:USDT,184.862,2716.4,184.852,2413.6,184.928,1.7,184.938,3.0
1753769306999,06:08:26.999,binanceusdm,SOL/USDT:USDT,184.92,1507.35,184.91,451.7,184.93,290.01,184.94,389.3
1753769307101,06:08:27.101,binanceusdm,SOL/USDT:USDT,184.92,1282.31,184.91,449.96,184.93,412.98,184.94,529.41
1753769307101,06:08:27.101,binance,SOL/USDT:USDT,184.92,1282.31,184.91,449.96,184.93,412.98,184.94,529.41
1753769307056,06:08:27.056,bitmex,SOL/USDT:USDT,185.02,187000.0,185.01,612000.0,185.05,34000.0,185.07,140000.0
1753769307172,06:08:27.172,bybit,SOL/USDT:USDT,184.89,1017.9,184.88,1016.7,184.9,25.9,184.91,86.7
1753769307105,06:08:27.105,bitmex,SOL/USDT:USDT,185.02,187000.0,185.01,612000.0,185.05,34000.0,185.07,113000.0
1753769307151,06:08:27.151,bitmart,SOL/USDT:USDT,184.91,425.0,184.9,109.0,184.93,110.0,184.94,44.0
1753769307595,06:08:27.595,bitget,SOL/USDT:USDT,184.954,602.2,184.95,14.2,184.955,466.2,184.956,20.0
1753769307555,06:08:27.555,bitmart,SOL/USDT:USDT,184.92,351.0,184.91,48.0,184.93,110.0,184.94,44.0
1753769307676,06:08:27.676,bitmex,SOL/USDT:USDT,185.02,187000.0,185.01,612000.0,185.05,34000.0,185.07,113000.0
1753769307771,06:08:27.771,bybit,SOL/USDT:USDT,184.89,1043.7,184.88,1034.6,184.9,42.6,184.91,47.2
1753769307745,06:08:27.745,bitget,SOL/USDT:USDT,184.954,602.2,184.95,14.2,184.955,466.2,184.956,29.3
1753769307754,06:08:27.754,bitmart,SOL/USDT:USDT,184.92,351.0,184.91,48.0,184.93,272.0,184.94,44.0
1753769307833,06:08:27.833,binanceusdm,SOL/USDT:USDT,184.92,830.04,184.91,586.73,184.93,440.09,184.94,398.5
1753769307833,06:08:27.833,binance,SOL/USDT:USDT,184.92,830.04,184.91,586.73,184.93,440.09,184.94,398.5
1753769307872,06:08:27.872,bybit,SOL/USDT:USDT,184.89,1042.2,184.88,1016.8,184.9,48.2,184.91,94.9
1753769307869,06:08:27.869,coincatch,SOL/USDT:USDT,184.862,2669.3,184.852,2334.7,184.93,44.5,184.94,82.5
1753769307896,06:08:27.896,bitget,SOL/USDT:USDT,184.954,602.2,184.95,14.2,184.955,466.2,184.956,29.3
1753769307936,06:08:27.936,binanceusdm,SOL/USDT:USDT,184.92,830.07,184.91,586.73,184.93,440.12,184.94,398.5
1753769307936,06:08:27.936,binance,SOL/USDT:USDT,184.92,830.07,184.91,586.73,184.93,440.12,184.94,398.5
1753769307972,06:08:27.972,bybit,SOL/USDT:USDT,184.89,1046.0,184.88,1016.8,184.9,48.2,184.91,47.2
1753769307955,06:08:27.955,bitmart,SOL/USDT:USDT,184.92,351.0,184.91,97.0,184.93,272.0,184.94,114.0
1753769308071,06:08:28.071,bybit,SOL/USDT:USDT,184.89,1023.2,184.88,1016.8,184.9,48.2,184.91,47.2
1753769308039,06:08:28.039,binanceusdm,SOL/USDT:USDT,184.92,742.8,184.91,466.11,184.93,440.12,184.94,398.5
1753769308039,06:08:28.039,binance,SOL/USDT:USDT,184.92,742.8,184.91,466.11,184.93,440.12,184.94,398.5
1753769308046,06:08:28.046,bitget,SOL/USDT:USDT,184.954,602.2,184.95,14.2,184.955,466.2,184.956,29.3
1753769307998,06:08:27.998,bitmex,SOL/USDT:USDT,185.02,187000.0,185.01,612000.0,185.05,34000.0,185.07,113000.0
1753769308047,06:08:28.047,bitmex,SOL/USDT:USDT,185.02,187000.0,185.01,662000.0,185.05,34000.0,185.07,113000.0
1753769308171,06:08:28.171,bybit,SOL/USDT:USDT,184.89,1025.8,184.88,1018.6,184.9,45.9,184.91,47.2
1753769308153,06:08:28.153,binanceusdm,SOL/USDT:USDT,184.92,742.8,184.91,466.11,184.93,440.23,184.94,398.5
1753769308153,06:08:28.153,binance,SOL/USDT:USDT,184.92,742.8,184.91,466.11,184.93,440.23,184.94,398.5
1753769308156,06:08:28.156,bitmart,SOL/USDT:USDT,184.92,351.0,184.91,48.0,184.93,272.0,184.94,44.0
1753769308169,06:08:28.169,coincatch,SOL/USDT:USDT,184.862,2666.6,184.852,2338.6,184.93,49.1,184.94,41.9
1753769308195,06:08:28.195,bitget,SOL/USDT:USDT,184.954,602.2,184.95,14.2,184.955,466.2,184.956,32.3
1753769308271,06:08:28.271,bybit,SOL/USDT:USDT,184.89,1023.0,184.88,1018.6,184.9,45.9,184.91,47.2
1753769308256,06:08:28.256,binanceusdm,SOL/USDT:USDT,184.92,671.6,184.91,534.98,184.93,452.23,184.94,547.14
1753769308256,06:08:28.256,binance,SOL/USDT:USDT,184.92,671.6,184.91,534.98,184.93,452.23,184.94,547.14
1753769308371,06:08:28.371,bybit,SOL/USDT:USDT,184.89,1025.2,184.88,1018.6,184.9,45.9,184.91,47.2
1753769308346,06:08:28.346,bitget,SOL/USDT:USDT,184.954,602.2,184.95,14.2,184.955,466.2,184.956,31.1
1753769308306,06:08:28.306,bitmex,SOL/USDT:USDT,185.02,187000.0,185.01,662000.0,185.05,34000.0,185.07,113000.0
1753769308358,06:08:28.358,binanceusdm,SOL/USDT:USDT,184.92,660.25,184.91,455.56,184.93,493.08,184.94,398.5
1753769308358,06:08:28.358,binance,SOL/USDT:USDT,184.92,660.25,184.91,455.56,184.93,493.08,184.94,398.5
1753769308356,06:08:28.356,bitmex,SOL/USDT:USDT,185.02,187000.0,185.01,662000.0,185.05,34000.0,185.07,113000.0
1753769308472,06:08:28.472,bybit,SOL/USDT:USDT,184.89,387.8,184.88,1012.1,184.9,285.2,184.91,47.2
1753769308465,06:08:28.465,binanceusdm,SOL/USDT:USDT,184.92,324.71,184.91,182.41,184.93,1263.93,184.94,689.69
1753769308465,06:08:28.465,binance,SOL/USDT:USDT,184.92,324.71,184.91,182.41,184.93,1263.93,184.94,689.69
1753769308470,06:08:28.470,coincatch,SOL/USDT:USDT,184.862,2647.2,184.852,2338.7,184.93,49.1,184.94,41.9
1753769308449,06:08:28.449,bitmex,SOL/USDT:USDT,185.02,187000.0,185.01,662000.0,185.05,34000.0,185.07,113000.0
1753769308495,06:08:28.495,bitget,SOL/USDT:USDT,184.954,271.6,184.951,2.2,184.955,456.2,184.956,31.1
1753769308571,06:08:28.571,bybit,SOL/USDT:USDT,184.89,392.6,184.88,1011.9,184.9,285.2,184.91,106.1
1753769308498,06:08:28.498,bitmex,SOL/USDT:USDT,185.02,187000.0,185.01,662000.0,185.05,34000.0,185.07,113000.0
1753769276302,06:07:56.302,blofin,SOL/USDT:USDT,184.75,1355.64,184.74,1200.0,184.76,2.38,184.77,13.0
1753769308567,06:08:28.567,binanceusdm,SOL/USDT:USDT,184.92,324.71,184.91,182.41,184.93,1420.01,184.94,601.22
1753769308567,06:08:28.567,binance,SOL/USDT:USDT,184.92,324.71,184.91,182.41,184.93,1420.01,184.94,601.22
1753769308547,06:08:28.547,bitmex,SOL/USDT:USDT,185.02,187000.0,185.01,662000.0,185.05,34000.0,185.07,113000.0
1753769308672,06:08:28.672,bybit,SOL/USDT:USDT,184.89,310.7,184.88,1010.1,184.9,285.2,184.91,106.1
1753769308596,06:08:28.596,bitmex,SOL/USDT:USDT,185.02,187000.0,185.01,656000.0,185.05,34000.0,185.07,113000.0
1753769308646,06:08:28.646,bitget,SOL/USDT:USDT,184.954,246.7,184.951,2.2,184.955,456.2,184.956,82.7
1753769308670,06:08:28.670,binanceusdm,SOL/USDT:USDT,184.92,324.68,184.91,182.41,184.93,1469.33,184.94,601.22
1753769308670,06:08:28.670,binance,SOL/USDT:USDT,184.92,324.68,184.91,182.41,184.93,1469.33,184.94,601.22
1753769308689,06:08:28.689,bitmex,SOL/USDT:USDT,185.02,187000.0,185.01,656000.0,185.05,34000.0,185.07,113000.0
1753769308772,06:08:28.772,bybit,SOL/USDT:USDT,184.89,310.7,184.88,924.1,184.9,285.2,184.91,106.1
1753769308772,06:08:28.772,binanceusdm,SOL/USDT:USDT,184.92,324.68,184.91,182.41,184.93,1469.37,184.94,532.35
1753769308772,06:08:28.772,binance,SOL/USDT:USDT,184.92,324.68,184.91,182.41,184.93,1469.37,184.94,532.35
1753769308770,06:08:28.770,coincatch,SOL/USDT:USDT,184.862,1963.3,184.852,2160.0,184.93,328.9,184.94,120.3
1753769308747,06:08:28.747,bitmex,SOL/USDT:USDT,185.02,187000.0,185.01,656000.0,185.05,34000.0,185.07,113000.0
1753769308796,06:08:28.796,bitget,SOL/USDT:USDT,184.954,40.2,184.95,3.4,184.955,322.4,184.956,216.7
1753769308872,06:08:28.872,bybit,SOL/USDT:USDT,184.89,288.2,184.88,924.1,184.9,285.2,184.91,117.9
1753769308796,06:08:28.796,bitmex,SOL/USDT:USDT,185.02,171000.0,185.01,656000.0,185.05,34000.0,185.07,113000.0
1753769308881,06:08:28.881,binanceusdm,SOL/USDT:USDT,184.92,324.44,184.91,182.37,184.93,1475.51,184.94,526.21
1753769308881,06:08:28.881,binance,SOL/USDT:USDT,184.92,324.44,184.91,182.37,184.93,1475.51,184.94,526.21
1753769308845,06:08:28.845,bitmex,SOL/USDT:USDT,185.02,171000.0,185.01,656000.0,185.05,34000.0,185.07,113000.0
1753769308971,06:08:28.971,bybit,SOL/USDT:USDT,184.89,247.1,184.88,897.9,184.9,89.6,184.91,47.4
1753769309071,06:08:29.071,bybit,SOL/USDT:USDT,184.89,242.2,184.88,880.3,184.9,100.7,184.91,94.7
1753769308992,06:08:28.992,bitmex,SOL/USDT:USDT,185.02,191000.0,185.01,656000.0,185.05,20000.0,185.06,27000.0
1753769309087,06:08:29.087,binanceusdm,SOL/USDT:USDT,184.92,328.94,184.91,275.69,184.93,979.92,184.94,290.44
1753769309087,06:08:29.087,binance,SOL/USDT:USDT,184.92,328.94,184.91,275.69,184.93,979.92,184.94,290.44
1753769309041,06:08:29.041,bitmex,SOL/USDT:USDT,185.02,191000.0,185.01,656000.0,185.04,14000.0,185.05,20000.0
1753769309670,06:08:29.670,coincatch,SOL/USDT:USDT,184.862,2027.7,184.852,2186.1,184.93,26.9,184.94,173.7
1753769309771,06:08:29.771,bybit,SOL/USDT:USDT,184.89,466.1,184.88,974.9,184.9,31.5,184.91,47.2
1753769309709,06:08:29.709,bitmex,SOL/USDT:USDT,185.02,175000.0,185.01,656000.0,185.04,14000.0,185.05,20000.0
1753769309758,06:08:29.758,bitmex,SOL/USDT:USDT,185.02,191000.0,185.01,656000.0,185.04,14000.0,185.05,20000.0
1753769309810,06:08:29.810,binance,SOL/USDT:USDT,184.92,673.26,184.91,455.08,184.93,382.49,184.94,424.0
1753769309871,06:08:29.871,bybit,SOL/USDT:USDT,184.89,466.1,184.88,973.1,184.9,32.0,184.91,47.2
1753769309847,06:08:29.847,bitget,SOL/USDT:USDT,184.954,336.7,184.951,2.2,184.955,351.2,184.956,17.7
1753769309835,06:08:29.835,bitmex,SOL/USDT:USDT,185.02,191000.0,185.01,656000.0,185.04,14000.0,185.05,20000.0
1753769309913,06:08:29.913,binanceusdm,SOL/USDT:USDT,184.92,673.26,184.91,455.08,184.93,382.63,184.94,424.0
1753769309913,06:08:29.913,binance,SOL/USDT:USDT,184.92,673.26,184.91,455.08,184.93,382.63,184.94,424.0
1753769309884,06:08:29.884,bitmex,SOL/USDT:USDT,185.03,16000.0,185.02,175000.0,185.04,14000.0,185.05,20000.0
1753769309971,06:08:29.971,bybit,SOL/USDT:USDT,184.89,464.1,184.88,973.1,184.9,30.0,184.91,47.2
1753769309951,06:08:29.951,bitmart,SOL/USDT:USDT,184.92,295.0,184.91,117.0,184.93,197.0,184.94,82.0
1753769309970,06:08:29.970,coincatch,SOL/USDT:USDT,184.862,1979.6,184.852,2213.2,184.93,26.9,184.94,212.7
1753769310071,06:08:30.071,bybit,SOL/USDT:USDT,184.89,464.1,184.88,973.1,184.9,30.0,184.91,47.2
1753769310039,06:08:30.039,binanceusdm,SOL/USDT:USDT,184.92,499.37,184.91,408.95,184.93,531.43,184.94,275.35
1753769310039,06:08:30.039,binance,SOL/USDT:USDT,184.92,499.37,184.91,408.95,184.93,531.43,184.94,275.35
1753769309991,06:08:29.991,bitmex,SOL/USDT:USDT,185.03,16000.0,185.02,175000.0,185.04,14000.0,185.05,20000.0
1753769310671,06:08:30.671,bybit,SOL/USDT:USDT,184.89,454.7,184.88,973.1,184.9,27.7,184.91,47.2
1753769310768,06:08:30.768,bitmex,SOL/USDT:USDT,185.03,16000.0,185.02,175000.0,185.05,34000.0,185.07,113000.0
1753769310818,06:08:30.818,bitmex,SOL/USDT:USDT,185.03,16000.0,185.02,175000.0,185.05,34000.0,185.06,27000.0
1753769310870,06:08:30.870,binanceusdm,SOL/USDT:USDT,184.92,460.33,184.91,474.55,184.93,711.92,184.94,519.57
1753769310870,06:08:30.870,binance,SOL/USDT:USDT,184.92,460.33,184.91,474.55,184.93,711.92,184.94,519.57
1753769310871,06:08:30.871,coincatch,SOL/USDT:USDT,184.862,1946.4,184.852,2109.1,184.93,32.5,184.94,205.3
1753769310898,06:08:30.898,bitget,SOL/USDT:USDT,184.954,336.7,184.951,2.2,184.955,363.0,184.956,21.4
1753769310867,06:08:30.867,bitmex,SOL/USDT:USDT,185.03,16000.0,185.02,175000.0,185.05,34000.0,185.06,27000.0
1753769310953,06:08:30.953,bitmart,SOL/USDT:USDT,184.92,295.0,184.91,48.0,184.93,197.0,184.94,44.0
1753769311416,06:08:31.416,kucoinfutures,SOL/USDT:USDT,185.055,163.0,185.049,66.0,185.056,686.0,185.058,120.0
1753769311353,06:08:31.353,bitmart,SOL/USDT:USDT,184.92,298.0,184.91,48.0,184.93,139.0,184.94,44.0
1753769311382,06:08:31.382,binanceusdm,SOL/USDT:USDT,184.92,469.49,184.91,556.67,184.93,652.03,184.94,471.81
1753769311382,06:08:31.382,binance,SOL/USDT:USDT,184.92,469.49,184.91,556.67,184.93,652.03,184.94,471.81
1753769311454,06:08:31.454,kucoinfutures,SOL/USDT:USDT,185.055,163.0,185.049,66.0,185.056,686.0,185.058,120.0
1753769311454,06:08:31.454,kucoinfutures,SOL/USDT:USDT,185.055,163.0,185.049,66.0,185.056,686.0,185.058,120.0
1753769311466,06:08:31.466,kucoinfutures,SOL/USDT:USDT,185.055,163.0,185.049,66.0,185.056,686.0,185.058,120.0
1753769311485,06:08:31.485,binanceusdm,SOL/USDT:USDT,184.92,469.49,184.91,402.56,184.93,652.32,184.94,494.22
1753769311485,06:08:31.485,binance,SOL/USDT:USDT,184.92,469.49,184.91,402.56,184.93,652.32,184.94,494.22
1753769311485,06:08:31.485,kucoinfutures,SOL/USDT:USDT,185.055,163.0,185.049,66.0,185.056,686.0,185.058,120.0
1753769311439,06:08:31.439,bitmex,SOL/USDT:USDT,185.02,191000.0,185.01,656000.0,185.04,14000.0,185.05,20000.0
1753769311492,06:08:31.492,kucoinfutures,SOL/USDT:USDT,185.055,163.0,185.049,66.0,185.056,686.0,185.058,120.0
1753769311498,06:08:31.498,bitget,SOL/USDT:USDT,184.954,336.7,184.951,2.2,184.955,351.2,184.957,119.4
1753769311513,06:08:31.513,kucoinfutures,SOL/USDT:USDT,185.055,163.0,185.049,66.0,185.056,686.0,185.058,120.0
1753769311514,06:08:31.514,kucoinfutures,SOL/USDT:USDT,185.055,163.0,185.049,66.0,185.056,686.0,185.058,120.0
1753769311517,06:08:31.517,kucoinfutures,SOL/USDT:USDT,185.055,163.0,185.049,66.0,185.056,686.0,185.058,120.0
1753769311521,06:08:31.521,kucoinfutures,SOL/USDT:USDT,185.055,163.0,185.049,66.0,185.056,566.0,185.058,120.0
1753769311488,06:08:31.488,bitmex,SOL/USDT:USDT,185.03,16000.0,185.02,175000.0,185.04,14000.0,185.05,20000.0
1753769311538,06:08:31.538,kucoinfutures,SOL/USDT:USDT,185.055,163.0,185.049,66.0,185.056,566.0,185.058,120.0
1753769311572,06:08:31.572,bybit,SOL/USDT:USDT,184.89,401.2,184.88,974.9,184.9,28.6,184.91,97.2
1753769311544,06:08:31.544,kucoinfutures,SOL/USDT:USDT,185.055,163.0,185.049,66.0,185.056,566.0,185.058,120.0
1753769311554,06:08:31.554,bitmart,SOL/USDT:USDT,184.92,298.0,184.91,48.0,184.93,331.0,184.94,44.0
1753769311564,06:08:31.564,kucoinfutures,SOL/USDT:USDT,185.055,163.0,185.049,66.0,185.056,566.0,185.058,120.0
1753769311567,06:08:31.567,kucoinfutures,SOL/USDT:USDT,185.055,163.0,185.049,66.0,185.056,566.0,185.058,120.0
1753769311568,06:08:31.568,kucoinfutures,SOL/USDT:USDT,185.055,163.0,185.049,66.0,185.056,566.0,185.058,120.0
1753769311576,06:08:31.576,kucoinfutures,SOL/USDT:USDT,185.055,163.0,185.049,66.0,185.056,566.0,185.058,120.0
1753769311579,06:08:31.579,kucoinfutures,SOL/USDT:USDT,185.055,163.0,185.049,66.0,185.056,566.0,185.058,120.0
1753769311589,06:08:31.589,kucoinfutures,SOL/USDT:USDT,185.055,163.0,185.049,66.0,185.056,566.0,185.058,120.0
1753769311592,06:08:31.592,binanceusdm,SOL/USDT:USDT,184.92,469.49,184.91,402.56,184.93,660.6,184.94,494.22
1753769311592,06:08:31.592,binance,SOL/USDT:USDT,184.92,469.49,184.91,402.56,184.93,660.6,184.94,494.22
1753769311595,06:08:31.595,kucoinfutures,SOL/USDT:USDT,185.055,163.0,185.049,66.0,185.056,566.0,185.058,120.0
1753769311599,06:08:31.599,kucoinfutures,SOL/USDT:USDT,185.055,163.0,185.049,66.0,185.056,566.0,185.058,120.0
1753769311601,06:08:31.601,kucoinfutures,SOL/USDT:USDT,185.055,163.0,185.049,66.0,185.056,686.0,185.058,120.0
1753769311606,06:08:31.606,kucoinfutures,SOL/USDT:USDT,185.055,163.0,185.049,66.0,185.056,686.0,185.058,120.0
1753769311615,06:08:31.615,kucoinfutures,SOL/USDT:USDT,185.055,163.0,185.049,66.0,185.056,686.0,185.058,120.0
1753769311621,06:08:31.621,kucoinfutures,SOL/USDT:USDT,185.055,163.0,185.049,66.0,185.056,686.0,185.058,120.0
1753769311671,06:08:31.671,bybit,SOL/USDT:USDT,184.89,400.9,184.88,973.1,184.9,28.6,184.91,97.2
1753769311641,06:08:31.641,kucoinfutures,SOL/USDT:USDT,185.055,163.0,185.049,66.0,185.056,686.0,185.058,120.0
1753769311646,06:08:31.646,kucoinfutures,SOL/USDT:USDT,185.055,163.0,185.049,66.0,185.056,686.0,185.058,120.0
1753769311648,06:08:31.648,bitget,SOL/USDT:USDT,184.954,336.7,184.953,2.2,184.955,351.2,184.957,119.4
1753769311671,06:08:31.671,kucoinfutures,SOL/USDT:USDT,185.055,163.0,185.049,66.0,185.056,686.0,185.058,120.0
1753769311689,06:08:31.689,kucoinfutures,SOL/USDT:USDT,185.055,163.0,185.049,66.0,185.056,686.0,185.058,120.0
1753769311693,06:08:31.693,kucoinfutures,SOL/USDT:USDT,185.055,163.0,185.049,66.0,185.056,686.0,185.058,120.0
1753769311698,06:08:31.698,kucoinfutures,SOL/USDT:USDT,185.055,163.0,185.049,66.0,185.056,686.0,185.058,120.0
1753769311700,06:08:31.700,kucoinfutures,SOL/USDT:USDT,185.055,163.0,185.049,66.0,185.056,686.0,185.058,120.0
1753769311702,06:08:31.702,kucoinfutures,SOL/USDT:USDT,185.055,163.0,185.049,66.0,185.056,686.0,185.058,120.0
1753769311703,06:08:31.703,binanceusdm,SOL/USDT:USDT,184.92,467.74,184.91,407.16,184.93,660.6,184.94,494.22
1753769311703,06:08:31.703,binance,SOL/USDT:USDT,184.92,467.74,184.91,407.16,184.93,660.6,184.94,494.22
1753769311718,06:08:31.718,kucoinfutures,SOL/USDT:USDT,185.055,163.0,185.049,66.0,185.056,686.0,185.058,120.0
1753769311674,06:08:31.674,bitmex,SOL/USDT:USDT,185.03,16000.0,185.02,175000.0,185.04,14000.0,185.05,20000.0
1753769311724,06:08:31.724,kucoinfutures,SOL/USDT:USDT,185.055,163.0,185.049,66.0,185.056,686.0,185.058,120.0
1753769311738,06:08:31.738,kucoinfutures,SOL/USDT:USDT,185.055,163.0,185.049,66.0,185.056,686.0,185.058,120.0
1753769311772,06:08:31.772,bybit,SOL/USDT:USDT,184.89,396.1,184.88,955.3,184.9,28.6,184.91,97.2
1753769311743,06:08:31.743,kucoinfutures,SOL/USDT:USDT,185.055,163.0,185.049,66.0,185.056,686.0,185.058,120.0
1753769311750,06:08:31.750,kucoinfutures,SOL/USDT:USDT,185.055,163.0,185.049,66.0,185.056,686.0,185.058,120.0
1753769311758,06:08:31.758,bitmart,SOL/USDT:USDT,184.92,298.0,184.91,102.0,184.93,331.0,184.94,115.0
1753769311723,06:08:31.723,bitmex,SOL/USDT:USDT,185.03,16000.0,185.02,175000.0,185.04,14000.0,185.05,20000.0
1753769311772,06:08:31.772,kucoinfutures,SOL/USDT:USDT,185.055,163.0,185.049,66.0,185.056,686.0,185.058,120.0
1753769311772,06:08:31.772,kucoinfutures,SOL/USDT:USDT,185.055,163.0,185.049,66.0,185.056,686.0,185.058,120.0
1753769311772,06:08:31.772,coincatch,SOL/USDT:USDT,184.872,1718.2,184.862,1478.3,184.938,477.2,184.948,299.7
1753769311798,06:08:31.798,bitget,SOL/USDT:USDT,184.954,336.7,184.953,2.2,184.955,351.2,184.957,119.4
1753769311813,06:08:31.813,binanceusdm,SOL/USDT:USDT,184.92,494.1,184.91,408.94,184.93,660.6,184.94,302.68
1753769311813,06:08:31.813,binance,SOL/USDT:USDT,184.92,494.1,184.91,408.94,184.93,660.6,184.94,302.68
1753769311821,06:08:31.821,kucoinfutures,SOL/USDT:USDT,185.055,163.0,185.049,66.0,185.056,686.0,185.058,120.0
1753769311826,06:08:31.826,kucoinfutures,SOL/USDT:USDT,185.055,163.0,185.049,66.0,185.056,686.0,185.058,120.0
1753769311871,06:08:31.871,bybit,SOL/USDT:USDT,184.89,421.4,184.88,955.3,184.9,28.6,184.91,97.2
1753769311796,06:08:31.796,bitmex,SOL/USDT:USDT,185.03,16000.0,185.02,175000.0,185.04,14000.0,185.05,20000.0
1753769311847,06:08:31.847,kucoinfutures,SOL/USDT:USDT,185.055,163.0,185.049,66.0,185.056,686.0,185.058,120.0
1753769311852,06:08:31.852,kucoinfutures,SOL/USDT:USDT,185.055,163.0,185.049,66.0,185.056,686.0,185.058,120.0
1753769311879,06:08:31.879,kucoinfutures,SOL/USDT:USDT,185.055,163.0,185.049,66.0,185.056,686.0,185.058,120.0
1753769311845,06:08:31.845,bitmex,SOL/USDT:USDT,185.03,16000.0,185.02,175000.0,185.04,14000.0,185.05,20000.0
1753769311909,06:08:31.909,okx,SOL/USDT:USDT,184.9,731.1,184.89,286.22,184.91,523.71,184.92,252.59
1753769311899,06:08:31.899,kucoinfutures,SOL/USDT:USDT,185.055,163.0,185.049,66.0,185.056,686.0,185.058,120.0
1753769311903,06:08:31.903,kucoinfutures,SOL/USDT:USDT,185.055,163.0,185.049,66.0,185.056,686.0,185.058,120.0
1753769311915,06:08:31.915,binanceusdm,SOL/USDT:USDT,184.92,494.1,184.91,561.27,184.93,660.6,184.94,302.68
1753769311915,06:08:31.915,binance,SOL/USDT:USDT,184.92,494.1,184.91,561.27,184.93,660.6,184.94,302.68
1753769311924,06:08:31.924,kucoinfutures,SOL/USDT:USDT,185.055,163.0,185.049,66.0,185.056,686.0,185.058,120.0
1753769311930,06:08:31.930,kucoinfutures,SOL/USDT:USDT,185.055,163.0,185.049,66.0,185.056,686.0,185.058,120.0
1753769311971,06:08:31.971,bybit,SOL/USDT:USDT,184.89,421.4,184.88,955.7,184.9,28.6,184.91,97.2
1753769311950,06:08:31.950,kucoinfutures,SOL/USDT:USDT,185.055,163.0,185.049,66.0,185.056,686.0,185.058,120.0
1753769311955,06:08:31.955,kucoinfutures,SOL/USDT:USDT,185.055,163.0,185.049,66.0,185.056,686.0,185.058,120.0
1753769311948,06:08:31.948,bitget,SOL/USDT:USDT,184.954,336.7,184.953,2.2,184.955,351.2,184.957,119.4
1753769311976,06:08:31.976,kucoinfutures,SOL/USDT:USDT,185.055,163.0,185.049,66.0,185.056,686.0,185.058,120.0
1753769311981,06:08:31.981,kucoinfutures,SOL/USDT:USDT,185.055,163.0,185.049,66.0,185.056,686.0,185.058,120.0
1753769312009,06:08:32.009,okx,SOL/USDT:USDT,184.9,731.1,184.89,286.22,184.91,523.71,184.92,252.59
1753769312002,06:08:32.002,kucoinfutures,SOL/USDT:USDT,185.055,163.0,185.049,66.0,185.056,686.0,185.058,120.0
1753769311968,06:08:31.968,bitmex,SOL/USDT:USDT,185.03,16000.0,185.02,175000.0,185.04,14000.0,185.05,20000.0
1753769312027,06:08:32.027,kucoinfutures,SOL/USDT:USDT,185.055,163.0,185.049,66.0,185.056,686.0,185.058,120.0
1753769312027,06:08:32.027,kucoinfutures,SOL/USDT:USDT,185.055,51.0,185.049,66.0,185.056,686.0,185.058,120.0
1753769312028,06:08:32.028,kucoinfutures,SOL/USDT:USDT,185.055,32.0,185.049,66.0,185.056,686.0,185.058,120.0
1753769312029,06:08:32.029,kucoinfutures,SOL/USDT:USDT,185.055,32.0,185.049,66.0,185.056,686.0,185.058,120.0
1753769312029,06:08:32.029,kucoinfutures,SOL/USDT:USDT,185.055,32.0,185.049,66.0,185.056,686.0,185.058,120.0
1753769312031,06:08:32.031,kucoinfutures,SOL/USDT:USDT,185.055,32.0,185.049,66.0,185.056,686.0,185.058,120.0
1753769312032,06:08:32.032,kucoinfutures,SOL/USDT:USDT,185.055,13.0,185.049,66.0,185.056,686.0,185.058,120.0
1753769312033,06:08:32.033,binanceusdm,SOL/USDT:USDT,184.92,73.25,184.91,167.42,184.93,917.39,184.94,560.02
1753769312033,06:08:32.033,kucoinfutures,SOL/USDT:USDT,185.055,13.0,185.049,66.0,185.056,686.0,185.058,120.0
1753769312033,06:08:32.033,binance,SOL/USDT:USDT,184.92,73.25,184.91,167.42,184.93,917.39,184.94,560.02
1753769312035,06:08:32.035,kucoinfutures,SOL/USDT:USDT,185.055,13.0,185.049,66.0,185.056,686.0,185.058,120.0
1753769312071,06:08:32.071,bybit,SOL/USDT:USDT,184.89,9.5,184.88,790.6,184.9,466.1,184.91,235.3
1753769312037,06:08:32.037,kucoinfutures,SOL/USDT:USDT,185.055,13.0,185.045,265.0,185.056,686.0,185.058,120.0
1753769312040,06:08:32.040,kucoinfutures,SOL/USDT:USDT,185.055,13.0,185.045,265.0,185.056,686.0,185.058,120.0
1753769312053,06:08:32.053,kucoinfutures,SOL/USDT:USDT,185.055,13.0,185.045,265.0,185.056,686.0,185.058,120.0
1753769312023,06:08:32.023,bitmex,SOL/USDT:USDT,185.03,16000.0,185.02,175000.0,185.04,14000.0,185.05,20000.0
1753769312077,06:08:32.077,kucoinfutures,SOL/USDT:USDT,185.055,13.0,185.045,265.0,185.056,686.0,185.058,120.0
1753769312077,06:08:32.077,kucoinfutures,SOL/USDT:USDT,185.055,13.0,185.045,265.0,185.056,686.0,185.058,120.0
1753769312078,06:08:32.078,kucoinfutures,SOL/USDT:USDT,185.055,13.0,185.045,265.0,185.056,686.0,185.058,120.0
1753769312083,06:08:32.083,kucoinfutures,SOL/USDT:USDT,185.055,13.0,185.045,265.0,185.056,686.0,185.058,120.0
1753769312083,06:08:32.083,kucoinfutures,SOL/USDT:USDT,185.055,13.0,185.045,265.0,185.056,686.0,185.058,120.0
1753769312072,06:08:32.072,coincatch,SOL/USDT:USDT,184.872,1659.7,184.862,1478.3,184.938,527.8,184.948,316.4
1753769312085,06:08:32.085,kucoinfutures,SOL/USDT:USDT,185.055,13.0,185.034,1.0,185.056,686.0,185.058,120.0
1753769312086,06:08:32.086,kucoinfutures,SOL/USDT:USDT,185.055,13.0,185.034,1.0,185.056,1226.0,185.058,120.0
1753769312090,06:08:32.090,kucoinfutures,SOL/USDT:USDT,185.055,13.0,185.034,1.0,185.056,1226.0,185.058,120.0
1753769312092,06:08:32.092,kucoinfutures,SOL/USDT:USDT,185.055,13.0,185.034,1.0,185.056,1226.0,185.058,120.0
1753769312092,06:08:32.092,kucoinfutures,SOL/USDT:USDT,185.055,13.0,185.034,1.0,185.056,1226.0,185.058,120.0
1753769312093,06:08:32.093,kucoinfutures,SOL/USDT:USDT,185.055,13.0,185.034,1.0,185.056,1226.0,185.058,120.0
1753769312094,06:08:32.094,kucoinfutures,SOL/USDT:USDT,185.055,13.0,185.034,1.0,185.056,1226.0,185.058,120.0
1753769312094,06:08:32.094,kucoinfutures,SOL/USDT:USDT,185.055,13.0,185.034,1.0,185.056,1226.0,185.058,120.0
1753769312094,06:08:32.094,kucoinfutures,SOL/USDT:USDT,185.055,13.0,185.034,1.0,185.056,1226.0,185.058,120.0
1753769312109,06:08:32.109,okx,SOL/USDT:USDT,184.88,327.51,184.87,607.53,184.89,621.99,184.9,672.95
1753769312097,06:08:32.097,kucoinfutures,SOL/USDT:USDT,185.055,13.0,185.034,1.0,185.056,1226.0,185.058,120.0
1753769312105,06:08:32.105,kucoinfutures,SOL/USDT:USDT,185.055,8.0,185.034,1.0,185.056,1226.0,185.058,120.0
1753769312107,06:08:32.107,kucoinfutures,SOL/USDT:USDT,185.055,8.0,185.034,1.0,185.056,686.0,185.058,120.0
1753769312108,06:08:32.108,kucoinfutures,SOL/USDT:USDT,185.055,8.0,185.034,1.0,185.056,686.0,185.058,120.0
1753769312109,06:08:32.109,kucoinfutures,SOL/USDT:USDT,185.055,8.0,185.034,1.0,185.056,686.0,185.058,120.0
1753769312109,06:08:32.109,kucoinfutures,SOL/USDT:USDT,185.055,8.0,185.034,1.0,185.056,686.0,185.058,120.0
1753769312111,06:08:32.111,kucoinfutures,SOL/USDT:USDT,185.055,8.0,185.034,1.0,185.056,686.0,185.058,120.0
1753769312112,06:08:32.112,kucoinfutures,SOL/USDT:USDT,185.055,8.0,185.034,1.0,185.056,686.0,185.058,120.0
1753769312112,06:08:32.112,kucoinfutures,SOL/USDT:USDT,185.055,8.0,185.034,1.0,185.056,949.0,185.058,120.0
1753769312114,06:08:32.114,kucoinfutures,SOL/USDT:USDT,185.055,8.0,185.034,1.0,185.056,949.0,185.058,120.0
1753769312118,06:08:32.118,kucoinfutures,SOL/USDT:USDT,185.055,8.0,185.034,1.0,185.056,949.0,185.058,120.0
1753769312118,06:08:32.118,kucoinfutures,SOL/USDT:USDT,185.055,8.0,185.034,1.0,185.056,949.0,185.058,120.0
1753769312119,06:08:32.119,kucoinfutures,SOL/USDT:USDT,185.055,8.0,185.034,1.0,185.056,949.0,185.058,120.0
1753769312121,06:08:32.121,kucoinfutures,SOL/USDT:USDT,185.055,8.0,185.034,1.0,185.056,949.0,185.058,120.0
1753769312126,06:08:32.126,kucoinfutures,SOL/USDT:USDT,185.055,8.0,185.034,1.0,185.056,949.0,185.058,120.0
1753769312128,06:08:32.128,kucoinfutures,SOL/USDT:USDT,185.055,8.0,185.034,1.0,185.056,949.0,185.058,120.0
1753769312134,06:08:32.134,binanceusdm,SOL/USDT:USDT,184.91,9.11,184.9,83.98,184.92,1626.11,184.93,719.63
1753769312134,06:08:32.134,binance,SOL/USDT:USDT,184.91,9.11,184.9,83.98,184.92,1626.11,184.93,719.63
1753769312172,06:08:32.172,bybit,SOL/USDT:USDT,184.88,98.4,184.87,195.6,184.89,236.4,184.9,419.5
1753769312143,06:08:32.143,kucoinfutures,SOL/USDT:USDT,185.055,8.0,185.034,1.0,185.056,1489.0,185.058,120.0
1753769312155,06:08:32.155,kucoinfutures,SOL/USDT:USDT,185.055,8.0,185.034,1.0,185.056,1489.0,185.058,120.0
1753769312157,06:08:32.157,kucoinfutures,SOL/USDT:USDT,185.055,8.0,185.034,1.0,185.056,1489.0,185.058,120.0
1753769312166,06:08:32.166,kucoinfutures,SOL/USDT:USDT,185.055,8.0,185.034,1.0,185.056,1489.0,185.058,120.0
1753769312169,06:08:32.169,kucoinfutures,SOL/USDT:USDT,185.055,8.0,185.034,1.0,185.056,1489.0,185.058,120.0
1753769312171,06:08:32.171,kucoinfutures,SOL/USDT:USDT,185.055,8.0,185.034,1.0,185.056,1489.0,185.058,120.0
1753769312121,06:08:32.121,bitmex,SOL/USDT:USDT,185.01,656000.0,185.0,254000.0,185.03,14000.0,185.04,14000.0
1753769312178,06:08:32.178,kucoinfutures,SOL/USDT:USDT,185.055,8.0,185.034,1.0,185.056,1820.0,185.058,120.0
1753769312180,06:08:32.180,kucoinfutures,SOL/USDT:USDT,185.055,8.0,185.034,1.0,185.056,1820.0,185.058,120.0
1753769312183,06:08:32.183,kucoinfutures,SOL/USDT:USDT,185.055,8.0,185.034,1.0,185.056,1820.0,185.058,120.0
1753769312209,06:08:32.209,okx,SOL/USDT:USDT,184.88,275.52,184.87,607.51,184.89,455.54,184.9,644.77
1753769312199,06:08:32.199,kucoinfutures,SOL/USDT:USDT,185.055,8.0,185.034,1.0,185.056,1820.0,185.058,120.0
1753769312234,06:08:32.234,kucoinfutures,SOL/USDT:USDT,185.055,8.0,185.034,1.0,185.056,1820.0,185.058,120.0
1753769312236,06:08:32.236,binanceusdm,SOL/USDT:USDT,184.91,138.3,184.9,102.38,184.92,1605.11,184.93,690.43
1753769312236,06:08:32.236,binance,SOL/USDT:USDT,184.91,138.3,184.9,102.38,184.92,1605.11,184.93,690.43
1753769312242,06:08:32.242,kucoinfutures,SOL/USDT:USDT,185.055,8.0,185.034,1.0,185.056,1820.0,185.058,120.0
1753769312260,06:08:32.260,kucoinfutures,SOL/USDT:USDT,185.055,8.0,185.034,1.0,185.056,1820.0,185.058,120.0
1753769312265,06:08:32.265,kucoinfutures,SOL/USDT:USDT,185.055,8.0,185.034,1.0,185.056,1820.0,185.058,120.0
1753769312272,06:08:32.272,kucoinfutures,SOL/USDT:USDT,185.055,8.0,185.034,1.0,185.056,1820.0,185.058,120.0
1753769312286,06:08:32.286,kucoinfutures,SOL/USDT:USDT,185.055,8.0,185.034,1.0,185.056,1820.0,185.058,120.0
1753769312290,06:08:32.290,kucoinfutures,SOL/USDT:USDT,185.055,8.0,185.034,1.0,185.056,1820.0,185.058,120.0
1753769312309,06:08:32.309,okx,SOL/USDT:USDT,184.88,311.17,184.87,607.51,184.89,400.1,184.9,659.96
1753769312219,06:08:32.219,bitmex,SOL/USDT:USDT,185.01,16000.0,185.0,176000.0,185.02,17000.0,185.04,113000.0
1753769312313,06:08:32.313,kucoinfutures,SOL/USDT:USDT,185.055,8.0,185.034,1.0,185.056,1820.0,185.058,120.0
1753769312316,06:08:32.316,kucoinfutures,SOL/USDT:USDT,185.055,8.0,185.034,1.0,185.056,1820.0,185.058,120.0
1753769312326,06:08:32.326,kucoinfutures,SOL/USDT:USDT,185.055,8.0,185.034,1.0,185.056,1820.0,185.058,120.0
1753769312330,06:08:32.330,kucoinfutures,SOL/USDT:USDT,185.055,8.0,185.034,1.0,185.056,1820.0,185.058,120.0
1753769312330,06:08:32.330,kucoinfutures,SOL/USDT:USDT,185.055,8.0,185.034,1.0,185.056,1820.0,185.058,120.0
1753769312336,06:08:32.336,kucoinfutures,SOL/USDT:USDT,185.055,8.0,185.034,1.0,185.056,1820.0,185.058,120.0
1753769312371,06:08:32.371,bybit,SOL/USDT:USDT,184.88,160.9,184.87,261.0,184.89,236.4,184.9,419.5
1753769312339,06:08:32.339,binanceusdm,SOL/USDT:USDT,184.91,137.89,184.9,102.42,184.92,1588.92,184.93,685.85
1753769312339,06:08:32.339,binance,SOL/USDT:USDT,184.91,137.89,184.9,102.42,184.92,1588.92,184.93,685.85
1753769312341,06:08:32.341,kucoinfutures,SOL/USDT:USDT,185.055,8.0,185.034,1.0,185.056,1820.0,185.058,120.0
1753769312367,06:08:32.367,kucoinfutures,SOL/USDT:USDT,185.055,8.0,185.034,1.0,185.056,1820.0,185.058,120.0
1753769312317,06:08:32.317,bitmex,SOL/USDT:USDT,185.01,598000.0,185.0,176000.0,185.03,14000.0,185.05,49000.0
1753769312368,06:08:32.368,kucoinfutures,SOL/USDT:USDT,185.055,8.0,185.034,1.0,185.056,1820.0,185.058,120.0
1753769312372,06:08:32.372,coincatch,SOL/USDT:USDT,184.862,598.9,184.852,1677.6,184.928,968.2,184.938,644.5
1753769312388,06:08:32.388,kucoinfutures,SOL/USDT:USDT,185.055,8.0,185.034,1.0,185.056,1820.0,185.058,120.0
1753769312409,06:08:32.409,okx,SOL/USDT:USDT,184.88,308.42,184.87,607.51,184.89,400.1,184.9,659.96
1753769312404,06:08:32.404,kucoinfutures,SOL/USDT:USDT,185.055,8.0,185.034,1.0,185.056,1820.0,185.058,120.0
1753769312405,06:08:32.405,kucoinfutures,SOL/USDT:USDT,185.055,8.0,185.034,1.0,185.056,1820.0,185.058,120.0
1753769312414,06:08:32.414,kucoinfutures,SOL/USDT:USDT,185.055,8.0,185.034,1.0,185.056,1820.0,185.058,120.0
1753769312421,06:08:32.421,kucoinfutures,SOL/USDT:USDT,185.055,8.0,185.034,1.0,185.056,1820.0,185.058,120.0
1753769312375,06:08:32.375,bitmex,SOL/USDT:USDT,185.01,598000.0,185.0,176000.0,185.03,14000.0,185.05,49000.0
1753769312398,06:08:32.398,bitget,SOL/USDT:USDT,184.95,49.6,184.948,3.4,184.951,418.8,184.953,183.9
1753769312471,06:08:32.471,bybit,SOL/USDT:USDT,184.88,160.9,184.87,261.0,184.89,236.4,184.9,419.5
1753769312439,06:08:32.439,kucoinfutures,SOL/USDT:USDT,185.055,8.0,185.034,1.0,185.056,1820.0,185.058,120.0
1753769312442,06:08:32.442,binanceusdm,SOL/USDT:USDT,184.91,57.18,184.9,102.42,184.92,1591.61,184.93,683.16
1753769312442,06:08:32.442,binance,SOL/USDT:USDT,184.91,57.18,184.9,102.42,184.92,1591.61,184.93,683.16
1753769312445,06:08:32.445,kucoinfutures,SOL/USDT:USDT,185.055,8.0,185.034,1.0,185.056,1820.0,185.058,120.0
1753769312466,06:08:32.466,kucoinfutures,SOL/USDT:USDT,185.055,8.0,185.034,1.0,185.056,1820.0,185.058,120.0
1753769312471,06:08:32.471,kucoinfutures,SOL/USDT:USDT,185.055,8.0,185.034,1.0,185.056,1820.0,185.058,120.0
1753769312425,06:08:32.425,bitmex,SOL/USDT:USDT,185.01,627000.0,185.0,176000.0,185.03,14000.0,185.05,49000.0
1753769312488,06:08:32.488,kucoinfutures,SOL/USDT:USDT,185.055,8.0,185.034,1.0,185.056,1820.0,185.058,120.0
1753769312488,06:08:32.488,kucoinfutures,SOL/USDT:USDT,185.055,8.0,185.034,1.0,185.056,1820.0,185.058,120.0
1753769312490,06:08:32.490,kucoinfutures,SOL/USDT:USDT,185.055,8.0,185.034,1.0,185.056,1820.0,185.058,120.0
1753769312493,06:08:32.493,kucoinfutures,SOL/USDT:USDT,185.055,8.0,185.034,1.0,185.056,1820.0,185.058,120.0
1753769312509,06:08:32.509,okx,SOL/USDT:USDT,184.88,315.49,184.87,607.51,184.89,400.1,184.9,682.75
1753769312497,06:08:32.497,kucoinfutures,SOL/USDT:USDT,185.055,8.0,185.034,1.0,185.056,1820.0,185.058,120.0
1753769312517,06:08:32.517,kucoinfutures,SOL/USDT:USDT,185.055,8.0,185.034,1.0,185.056,1820.0,185.058,120.0
1753769312524,06:08:32.524,kucoinfutures,SOL/USDT:USDT,185.055,8.0,185.034,1.0,185.056,1820.0,185.058,120.0
1753769312571,06:08:32.571,bybit,SOL/USDT:USDT,184.88,101.4,184.87,243.4,184.89,236.4,184.9,419.5
1753769312545,06:08:32.545,binanceusdm,SOL/USDT:USDT,184.91,56.3,184.9,83.88,184.92,1631.47,184.93,570.13
1753769312545,06:08:32.545,binance,SOL/USDT:USDT,184.91,56.3,184.9,83.88,184.92,1631.47,184.93,570.13
1753769312549,06:08:32.549,kucoinfutures,SOL/USDT:USDT,185.055,8.0,185.034,1.0,185.056,1820.0,185.058,120.0
1753769312550,06:08:32.550,kucoinfutures,SOL/USDT:USDT,185.055,8.0,185.034,1.0,185.056,1820.0,185.058,120.0
1753769312549,06:08:32.549,bitget,SOL/USDT:USDT,184.95,49.6,184.948,3.4,184.951,418.9,184.952,80.4
1753769312557,06:08:32.557,bitmart,SOL/USDT:USDT,184.91,57.0,184.9,52.0,184.93,597.0,184.94,104.0
1753769312568,06:08:32.568,kucoinfutures,SOL/USDT:USDT,185.055,8.0,185.034,1.0,185.056,1820.0,185.058,120.0
1753769312573,06:08:32.573,kucoinfutures,SOL/USDT:USDT,185.055,8.0,185.034,1.0,185.056,1820.0,185.058,120.0
1753769312609,06:08:32.609,okx,SOL/USDT:USDT,184.88,315.49,184.87,607.51,184.89,400.64,184.9,644.77
1753769312595,06:08:32.595,kucoinfutures,SOL/USDT:USDT,185.055,8.0,185.034,1.0,185.056,1820.0,185.058,120.0
1753769312603,06:08:32.603,kucoinfutures,SOL/USDT:USDT,185.055,8.0,185.034,1.0,185.056,1820.0,185.058,120.0
1753769312604,06:08:32.604,kucoinfutures,SOL/USDT:USDT,185.055,8.0,185.034,1.0,185.056,1820.0,185.058,120.0
1753769312610,06:08:32.610,kucoinfutures,SOL/USDT:USDT,185.055,8.0,185.027,120.0,185.056,1820.0,185.058,120.0
1753769312616,06:08:32.616,kucoinfutures,SOL/USDT:USDT,185.055,8.0,185.027,120.0,185.056,1820.0,185.058,120.0
1753769312620,06:08:32.620,kucoinfutures,SOL/USDT:USDT,185.055,8.0,185.027,120.0,185.056,1820.0,185.058,120.0
1753769312573,06:08:32.573,bitmex,SOL/USDT:USDT,185.01,627000.0,185.0,176000.0,185.03,14000.0,185.05,49000.0
1753769312622,06:08:32.622,kucoinfutures,SOL/USDT:USDT,185.055,8.0,185.027,120.0,185.056,1820.0,185.058,120.0
1753769312627,06:08:32.627,kucoinfutures,SOL/USDT:USDT,185.055,8.0,185.027,120.0,185.056,1820.0,185.058,120.0
1753769312628,06:08:32.628,kucoinfutures,SOL/USDT:USDT,185.055,8.0,185.027,120.0,185.056,1820.0,185.058,120.0
1753769312671,06:08:32.671,bybit,SOL/USDT:USDT,184.88,101.4,184.87,195.6,184.89,257.3,184.9,406.8
1753769312646,06:08:32.646,kucoinfutures,SOL/USDT:USDT,185.055,8.0,185.027,120.0,185.056,1820.0,185.058,120.0
1753769312650,06:08:32.650,binanceusdm,SOL/USDT:USDT,184.91,56.3,184.9,83.88,184.92,1631.47,184.93,570.13
1753769312650,06:08:32.650,binance,SOL/USDT:USDT,184.91,56.3,184.9,83.88,184.92,1631.47,184.93,570.13
1753769312653,06:08:32.653,kucoinfutures,SOL/USDT:USDT,185.055,8.0,185.027,120.0,185.056,1820.0,185.058,120.0
1753769312655,06:08:32.655,kucoinfutures,SOL/USDT:USDT,185.055,8.0,185.027,120.0,185.056,1820.0,185.058,120.0
1753769312623,06:08:32.623,bitmex,SOL/USDT:USDT,185.01,627000.0,185.0,176000.0,185.03,14000.0,185.05,49000.0
1753769312671,06:08:32.671,kucoinfutures,SOL/USDT:USDT,185.055,8.0,185.027,120.0,185.056,1820.0,185.058,120.0
1753769312678,06:08:32.678,kucoinfutures,SOL/USDT:USDT,185.055,8.0,185.027,120.0,185.056,1820.0,185.058,120.0
1753769312672,06:08:32.672,coincatch,SOL/USDT:USDT,184.852,1313.9,184.842,1822.6,184.92,541.0,184.93,936.9
1753769312709,06:08:32.709,okx,SOL/USDT:USDT,184.88,315.49,184.87,607.51,184.89,438.62,184.9,682.75
1753769312698,06:08:32.698,kucoinfutures,SOL/USDT:USDT,185.055,8.0,185.027,120.0,185.056,1820.0,185.058,120.0
1753769312698,06:08:32.698,bitget,SOL/USDT:USDT,184.95,13.5,184.948,3.4,184.951,418.9,184.952,80.4
1753769312704,06:08:32.704,kucoinfutures,SOL/USDT:USDT,185.055,8.0,185.027,120.0,185.056,1820.0,185.058,120.0
1753769312723,06:08:32.723,kucoinfutures,SOL/USDT:USDT,185.055,8.0,185.027,120.0,185.056,1820.0,185.058,120.0
1753769312729,06:08:32.729,kucoinfutures,SOL/USDT:USDT,185.055,8.0,185.027,120.0,185.056,1820.0,185.058,120.0
1753769312730,06:08:32.730,kucoinfutures,SOL/USDT:USDT,185.055,8.0,185.027,120.0,185.056,1820.0,185.058,120.0
1753769312734,06:08:32.734,kucoinfutures,SOL/USDT:USDT,185.055,8.0,185.027,120.0,185.056,1820.0,185.058,120.0
1753769312736,06:08:32.736,kucoinfutures,SOL/USDT:USDT,185.055,8.0,185.027,120.0,185.056,1820.0,185.058,120.0
1753769312772,06:08:32.772,bybit,SOL/USDT:USDT,184.88,101.2,184.87,267.6,184.89,256.6,184.9,406.8
1753769312740,06:08:32.740,kucoinfutures,SOL/USDT:USDT,185.055,8.0,185.027,120.0,185.056,1820.0,185.058,120.0
1753769312749,06:08:32.749,kucoinfutures,SOL/USDT:USDT,185.055,8.0,185.027,120.0,185.056,1820.0,185.058,120.0
1753769312753,06:08:32.753,binanceusdm,SOL/USDT:USDT,184.91,56.3,184.9,83.88,184.92,1631.47,184.93,570.13
1753769312753,06:08:32.753,binance,SOL/USDT:USDT,184.91,56.3,184.9,83.88,184.92,1631.47,184.93,570.13
1753769312755,06:08:32.755,kucoinfutures,SOL/USDT:USDT,185.055,8.0,185.027,120.0,185.056,1820.0,185.058,120.0
1753769312759,06:08:32.759,kucoinfutures,SOL/USDT:USDT,185.055,8.0,185.027,120.0,185.056,1820.0,185.058,120.0
1753769312759,06:08:32.759,kucoinfutures,SOL/USDT:USDT,185.055,8.0,185.027,120.0,185.056,1820.0,185.058,120.0
1753769312759,06:08:32.759,kucoinfutures,SOL/USDT:USDT,185.055,8.0,185.027,120.0,185.056,1820.0,185.058,120.0
1753769312759,06:08:32.759,kucoinfutures,SOL/USDT:USDT,185.055,8.0,185.027,120.0,185.056,1820.0,185.058,120.0
1753769312759,06:08:32.759,kucoinfutures,SOL/USDT:USDT,185.055,8.0,185.027,120.0,185.056,1820.0,185.058,120.0
1753769312757,06:08:32.757,bitmart,SOL/USDT:USDT,184.91,32.0,184.9,52.0,184.92,612.0,184.93,54.0
1753769312759,06:08:32.759,kucoinfutures,SOL/USDT:USDT,185.055,8.0,185.027,120.0,185.056,1820.0,185.058,120.0
1753769312774,06:08:32.774,kucoinfutures,SOL/USDT:USDT,185.055,8.0,185.027,120.0,185.056,1820.0,185.058,120.0
1753769312781,06:08:32.781,kucoinfutures,SOL/USDT:USDT,185.055,8.0,185.027,120.0,185.056,1820.0,185.058,120.0
1753769312809,06:08:32.809,okx,SOL/USDT:USDT,184.88,315.49,184.87,607.51,184.89,438.62,184.9,682.75
1753769313090,06:08:33.090,bitmex,SOL/USDT:USDT,185.01,582000.0,185.0,176000.0,185.02,14000.0,185.04,113000.0
1753769313109,06:08:33.109,okx,SOL/USDT:USDT,184.88,315.47,184.87,607.51,184.89,400.36,184.9,659.96
1753769313149,06:08:33.149,bitget,SOL/USDT:USDT,184.95,13.5,184.948,3.4,184.951,418.9,184.952,80.4
1753769313178,06:08:33.178,binance,SOL/USDT:USDT,184.91,116.33,184.9,102.42,184.92,1536.55,184.93,570.14
1753769313186,06:08:33.186,kucoinfutures,SOL/USDT:USDT,185.055,8.0,185.027,120.0,185.056,1611.0,185.058,120.0
1753769313139,06:08:33.139,bitmex,SOL/USDT:USDT,185.01,582000.0,185.0,176000.0,185.02,14000.0,185.04,113000.0
1753769313193,06:08:33.193,kucoinfutures,SOL/USDT:USDT,185.055,8.0,185.027,120.0,185.056,1611.0,185.058,120.0
1753769313209,06:08:33.209,okx,SOL/USDT:USDT,184.88,456.37,184.87,630.3,184.89,398.36,184.9,621.98
1753769313216,06:08:33.216,kucoinfutures,SOL/USDT:USDT,185.055,8.0,185.027,120.0,185.056,1611.0,185.058,120.0
1753769313217,06:08:33.217,kucoinfutures,SOL/USDT:USDT,185.055,8.0,185.027,120.0,185.056,1611.0,185.058,120.0
1753769313217,06:08:33.217,kucoinfutures,SOL/USDT:USDT,185.055,8.0,185.027,120.0,185.056,1611.0,185.058,120.0
1753769313272,06:08:33.272,bybit,SOL/USDT:USDT,184.88,101.2,184.87,311.9,184.89,271.1,184.9,391.7
1753769313239,06:08:33.239,kucoinfutures,SOL/USDT:USDT,185.055,8.0,185.027,120.0,185.056,1611.0,185.058,120.0
1753769313245,06:08:33.245,kucoinfutures,SOL/USDT:USDT,185.055,8.0,185.027,120.0,185.056,1611.0,185.058,120.0
1753769313271,06:08:33.271,kucoinfutures,SOL/USDT:USDT,185.055,8.0,185.027,120.0,185.056,1611.0,185.058,120.0
1753769313281,06:08:33.281,binanceusdm,SOL/USDT:USDT,184.91,116.33,184.9,102.42,184.92,1536.56,184.93,570.14
1753769313231,06:08:33.231,bitmex,SOL/USDT:USDT,185.01,582000.0,185.0,176000.0,185.02,14000.0,185.04,113000.0
1753769313281,06:08:33.281,binance,SOL/USDT:USDT,184.91,116.33,184.9,102.42,184.92,1536.56,184.93,570.14
1753769313272,06:08:33.272,coincatch,SOL/USDT:USDT,184.852,1280.1,184.842,1882.2,184.92,570.7,184.93,894.1
1753769313285,06:08:33.285,kucoinfutures,SOL/USDT:USDT,185.055,8.0,185.027,120.0,185.056,1611.0,185.058,120.0
1753769313291,06:08:33.291,kucoinfutures,SOL/USDT:USDT,185.055,8.0,185.027,120.0,185.056,1611.0,185.058,120.0
1753769313296,06:08:33.296,kucoinfutures,SOL/USDT:USDT,185.055,8.0,185.027,120.0,185.056,1611.0,185.058,120.0
1753769313299,06:08:33.299,bitget,SOL/USDT:USDT,184.95,49.6,184.948,3.4,184.951,418.9,184.952,80.4
1753769313313,06:08:33.313,kucoinfutures,SOL/USDT:USDT,185.055,8.0,185.027,120.0,185.056,1611.0,185.058,120.0
1753769313316,06:08:33.316,kucoinfutures,SOL/USDT:USDT,185.055,8.0,185.027,120.0,185.056,1611.0,185.058,120.0
1753769313325,06:08:33.325,kucoinfutures,SOL/USDT:USDT,185.055,8.0,185.027,120.0,185.056,1611.0,185.058,120.0
1753769313281,06:08:33.281,bitmex,SOL/USDT:USDT,185.01,627000.0,185.0,176000.0,185.04,35000.0,185.05,20000.0
1753769313372,06:08:33.372,bybit,SOL/USDT:USDT,184.88,94.9,184.87,299.0,184.89,371.1,184.9,391.7
1753769313343,06:08:33.343,kucoinfutures,SOL/USDT:USDT,185.055,8.0,185.027,120.0,185.056,1611.0,185.058,120.0
1753769313347,06:08:33.347,kucoinfutures,SOL/USDT:USDT,185.055,8.0,185.027,120.0,185.056,1611.0,185.058,120.0
1753769313347,06:08:33.347,kucoinfutures,SOL/USDT:USDT,185.055,8.0,185.027,120.0,185.056,1611.0,185.058,120.0
1753769313351,06:08:33.351,kucoinfutures,SOL/USDT:USDT,185.055,8.0,185.027,120.0,185.056,1611.0,185.058,120.0
1753769313352,06:08:33.352,bitmart,SOL/USDT:USDT,184.91,32.0,184.9,96.0,184.92,612.0,184.93,114.0
1753769313367,06:08:33.367,kucoinfutures,SOL/USDT:USDT,185.055,8.0,185.027,120.0,185.056,1611.0,185.058,120.0
1753769313374,06:08:33.374,kucoinfutures,SOL/USDT:USDT,185.055,8.0,185.027,120.0,185.056,1611.0,185.058,120.0
1753769313330,06:08:33.330,bitmex,SOL/USDT:USDT,185.01,627000.0,185.0,176000.0,185.03,14000.0,185.05,20000.0
1753769313398,06:08:33.398,kucoinfutures,SOL/USDT:USDT,185.055,8.0,185.027,120.0,185.056,1611.0,185.058,120.0
1753769313398,06:08:33.398,binanceusdm,SOL/USDT:USDT,184.91,116.33,184.9,102.42,184.92,1556.77,184.93,670.78
1753769313398,06:08:33.398,binance,SOL/USDT:USDT,184.91,116.33,184.9,102.42,184.92,1556.77,184.93,670.78
1753769313405,06:08:33.405,kucoinfutures,SOL/USDT:USDT,185.055,8.0,185.027,120.0,185.056,1611.0,185.058,120.0
1753769313409,06:08:33.409,kucoinfutures,SOL/USDT:USDT,185.055,8.0,185.027,120.0,185.056,1611.0,185.058,120.0
1753769313419,06:08:33.419,kucoinfutures,SOL/USDT:USDT,185.055,8.0,185.027,120.0,185.056,1611.0,185.058,120.0
1753769313424,06:08:33.424,kucoinfutures,SOL/USDT:USDT,185.055,8.0,185.027,120.0,185.056,1611.0,185.058,120.0
1753769313436,06:08:33.436,kucoinfutures,SOL/USDT:USDT,185.055,8.0,185.027,120.0,185.056,1611.0,185.058,120.0
1753769313472,06:08:33.472,bybit,SOL/USDT:USDT,184.88,73.8,184.87,193.4,184.89,371.1,184.9,529.3
1753769313444,06:08:33.444,kucoinfutures,SOL/USDT:USDT,185.055,8.0,185.027,120.0,185.056,1611.0,185.058,120.0
1753769313452,06:08:33.452,kucoinfutures,SOL/USDT:USDT,185.055,8.0,185.027,120.0,185.056,1611.0,185.058,120.0
1753769313455,06:08:33.455,kucoinfutures,SOL/USDT:USDT,185.055,8.0,185.027,120.0,185.056,1611.0,185.058,120.0
1753769313457,06:08:33.457,kucoinfutures,SOL/USDT:USDT,185.055,8.0,185.026,66.0,185.056,1611.0,185.058,120.0
1753769313458,06:08:33.458,kucoinfutures,SOL/USDT:USDT,185.055,8.0,185.026,66.0,185.056,1611.0,185.058,120.0
1753769313458,06:08:33.458,kucoinfutures,SOL/USDT:USDT,185.055,8.0,185.026,66.0,185.056,1611.0,185.058,120.0
1753769313458,06:08:33.458,kucoinfutures,SOL/USDT:USDT,185.026,66.0,185.022,3.0,185.056,1611.0,185.058,120.0
1753769313459,06:08:33.459,kucoinfutures,SOL/USDT:USDT,185.026,66.0,185.022,3.0,185.056,1611.0,185.058,120.0
1753769313460,06:08:33.460,kucoinfutures,SOL/USDT:USDT,185.026,66.0,185.022,3.0,185.056,1611.0,185.058,120.0
1753769313460,06:08:33.460,kucoinfutures,SOL/USDT:USDT,185.026,66.0,185.022,3.0,185.027,5.0,185.056,1611.0
1753769313461,06:08:33.461,kucoinfutures,SOL/USDT:USDT,185.022,3.0,185.018,12.0,185.027,5.0,185.028,136.0
1753769313461,06:08:33.461,kucoinfutures,SOL/USDT:USDT,185.022,6.0,185.018,12.0,185.023,5.0,185.027,5.0
1753769313462,06:08:33.462,kucoinfutures,SOL/USDT:USDT,185.022,6.0,185.015,66.0,185.023,5.0,185.027,5.0
1753769313462,06:08:33.462,kucoinfutures,SOL/USDT:USDT,185.022,6.0,185.015,66.0,185.023,5.0,185.027,5.0
1753769313463,06:08:33.463,kucoinfutures,SOL/USDT:USDT,185.022,6.0,185.015,66.0,185.023,5.0,185.027,5.0
1753769313463,06:08:33.463,kucoinfutures,SOL/USDT:USDT,185.022,6.0,185.015,66.0,185.023,5.0,185.027,5.0
1753769313463,06:08:33.463,kucoinfutures,SOL/USDT:USDT,185.022,6.0,185.015,66.0,185.023,5.0,185.027,5.0
1753769313463,06:08:33.463,kucoinfutures,SOL/USDT:USDT,185.022,6.0,185.015,66.0,185.023,5.0,185.027,5.0
1753769313463,06:08:33.463,kucoinfutures,SOL/USDT:USDT,185.022,6.0,185.015,66.0,185.023,5.0,185.027,283.0
1753769313463,06:08:33.463,kucoinfutures,SOL/USDT:USDT,185.022,6.0,185.015,66.0,185.023,6.0,185.027,395.0
1753769313465,06:08:33.465,kucoinfutures,SOL/USDT:USDT,185.022,6.0,185.015,66.0,185.023,6.0,185.027,395.0
1753769313465,06:08:33.465,kucoinfutures,SOL/USDT:USDT,185.022,6.0,185.015,66.0,185.023,6.0,185.027,526.0
1753769313465,06:08:33.465,kucoinfutures,SOL/USDT:USDT,185.022,6.0,185.015,66.0,185.023,6.0,185.027,715.0
1753769313465,06:08:33.465,kucoinfutures,SOL/USDT:USDT,185.022,6.0,185.015,66.0,185.023,6.0,185.027,715.0
1753769313465,06:08:33.465,kucoinfutures,SOL/USDT:USDT,185.022,6.0,185.015,66.0,185.023,192.0,185.027,715.0
1753769313465,06:08:33.465,kucoinfutures,SOL/USDT:USDT,185.022,6.0,185.016,66.0,185.023,192.0,185.027,835.0
1753769313465,06:08:33.465,kucoinfutures,SOL/USDT:USDT,185.022,6.0,185.016,66.0,185.023,192.0,185.027,630.0
1753769313465,06:08:33.465,kucoinfutures,SOL/USDT:USDT,185.022,6.0,185.016,66.0,185.023,192.0,185.027,625.0
1753769313467,06:08:33.467,kucoinfutures,SOL/USDT:USDT,185.022,6.0,185.016,66.0,185.023,315.0,185.027,625.0
1753769313467,06:08:33.467,kucoinfutures,SOL/USDT:USDT,185.022,6.0,185.016,66.0,185.023,315.0,185.027,439.0
1753769313467,06:08:33.467,kucoinfutures,SOL/USDT:USDT,185.022,6.0,185.016,66.0,185.023,612.0,185.027,439.0
1753769313467,06:08:33.467,kucoinfutures,SOL/USDT:USDT,185.022,6.0,185.016,66.0,185.023,612.0,185.027,254.0
1753769313469,06:08:33.469,kucoinfutures,SOL/USDT:USDT,185.022,6.0,185.014,66.0,185.023,612.0,185.027,254.0
1753769313469,06:08:33.469,kucoinfutures,SOL/USDT:USDT,185.022,6.0,185.014,66.0,185.023,612.0,185.027,254.0
1753769313469,06:08:33.469,kucoinfutures,SOL/USDT:USDT,185.022,6.0,185.014,66.0,185.023,612.0,185.027,254.0
1753769313470,06:08:33.470,kucoinfutures,SOL/USDT:USDT,185.022,6.0,185.014,66.0,185.023,612.0,185.027,251.0
1753769313471,06:08:33.471,kucoinfutures,SOL/USDT:USDT,185.022,6.0,185.014,66.0,185.023,612.0,185.026,134.0
1753769313478,06:08:33.478,kucoinfutures,SOL/USDT:USDT,185.022,6.0,185.014,66.0,185.023,612.0,185.026,134.0
1753769313480,06:08:33.480,kucoinfutures,SOL/USDT:USDT,185.022,6.0,185.014,66.0,185.023,612.0,185.026,70.0
1753769313488,06:08:33.488,kucoinfutures,SOL/USDT:USDT,185.022,6.0,185.014,66.0,185.023,611.0,185.027,120.0
1753769313488,06:08:33.488,kucoinfutures,SOL/USDT:USDT,185.022,6.0,185.014,66.0,185.023,611.0,185.027,120.0
1753769313494,06:08:33.494,kucoinfutures,SOL/USDT:USDT,185.022,6.0,185.014,66.0,185.023,611.0,185.027,120.0
1753769313509,06:08:33.509,okx,SOL/USDT:USDT,184.88,2.68,184.87,425.82,184.89,485.66,184.9,684.53
1753769313496,06:08:33.496,kucoinfutures,SOL/USDT:USDT,185.022,6.0,185.014,66.0,185.023,426.0,185.027,120.0
1753769313499,06:08:33.499,kucoinfutures,SOL/USDT:USDT,185.022,6.0,185.014,66.0,185.023,426.0,185.027,120.0
1753769313501,06:08:33.501,binanceusdm,SOL/USDT:USDT,184.89,153.73,184.88,1026.84,184.9,1220.89,184.91,1234.52
1753769313500,06:08:33.500,kucoinfutures,SOL/USDT:USDT,185.022,6.0,185.014,66.0,185.023,426.0,185.027,120.0
1753769313501,06:08:33.501,binance,SOL/USDT:USDT,184.89,153.73,184.88,1026.84,184.9,1220.89,184.91,1234.52
1753769313503,06:08:33.503,kucoinfutures,SOL/USDT:USDT,185.022,6.0,185.012,135.0,185.023,426.0,185.027,120.0
1753769313461,06:08:33.461,bitmex,SOL/USDT:USDT,185.01,627000.0,185.0,176000.0,185.05,20000.0,185.06,136000.0
1753769313510,06:08:33.510,kucoinfutures,SOL/USDT:USDT,185.022,12.0,185.012,135.0,185.023,426.0,185.027,120.0
1753769313512,06:08:33.512,kucoinfutures,SOL/USDT:USDT,185.022,12.0,185.012,135.0,185.023,426.0,185.027,120.0
1753769313514,06:08:33.514,kucoinfutures,SOL/USDT:USDT,185.022,12.0,185.012,135.0,185.023,426.0,185.027,120.0
1753769313514,06:08:33.514,kucoinfutures,SOL/USDT:USDT,185.022,12.0,185.012,135.0,185.023,426.0,185.032,56.0
1753769313514,06:08:33.514,kucoinfutures,SOL/USDT:USDT,185.022,12.0,185.012,135.0,185.023,426.0,185.028,263.0
1753769313515,06:08:33.515,kucoinfutures,SOL/USDT:USDT,185.022,12.0,185.012,135.0,185.023,663.0,185.028,263.0
1753769313518,06:08:33.518,kucoinfutures,SOL/USDT:USDT,185.022,12.0,185.012,135.0,185.023,663.0,185.027,79.0
1753769313519,06:08:33.519,kucoinfutures,SOL/USDT:USDT,185.022,12.0,185.012,135.0,185.023,663.0,185.027,79.0
1753769313519,06:08:33.519,kucoinfutures,SOL/USDT:USDT,185.022,12.0,185.012,135.0,185.023,663.0,185.027,79.0
1753769313523,06:08:33.523,kucoinfutures,SOL/USDT:USDT,185.022,12.0,185.012,135.0,185.023,663.0,185.027,79.0
1753769313524,06:08:33.524,kucoinfutures,SOL/USDT:USDT,185.022,12.0,185.012,135.0,185.023,663.0,185.027,79.0
1753769313526,06:08:33.526,kucoinfutures,SOL/USDT:USDT,185.022,12.0,185.012,135.0,185.023,663.0,185.027,79.0
1753769313526,06:08:33.526,kucoinfutures,SOL/USDT:USDT,185.022,12.0,185.012,135.0,185.023,663.0,185.027,79.0
1753769313527,06:08:33.527,kucoinfutures,SOL/USDT:USDT,185.022,12.0,185.012,135.0,185.023,663.0,185.027,79.0
1753769313529,06:08:33.529,kucoinfutures,SOL/USDT:USDT,185.022,12.0,185.012,135.0,185.023,663.0,185.027,79.0
1753769313572,06:08:33.572,bybit,SOL/USDT:USDT,184.87,38.3,184.86,569.0,184.88,194.7,184.89,560.5
1753769313541,06:08:33.541,kucoinfutures,SOL/USDT:USDT,185.022,12.0,185.012,135.0,185.023,663.0,185.027,79.0
1753769313545,06:08:33.545,kucoinfutures,SOL/USDT:USDT,185.022,12.0,185.012,135.0,185.023,663.0,185.027,79.0
1753769313551,06:08:33.551,kucoinfutures,SOL/USDT:USDT,185.022,12.0,185.012,135.0,185.023,663.0,185.027,79.0
1753769313551,06:08:33.551,kucoinfutures,SOL/USDT:USDT,185.022,12.0,185.012,135.0,185.023,663.0,185.027,79.0
1753769313553,06:08:33.553,kucoinfutures,SOL/USDT:USDT,185.022,12.0,185.012,135.0,185.023,663.0,185.027,79.0
1753769313554,06:08:33.554,kucoinfutures,SOL/USDT:USDT,185.022,12.0,185.012,135.0,185.023,663.0,185.027,79.0
1753769313551,06:08:33.551,bitmart,SOL/USDT:USDT,184.91,32.0,184.9,97.0,184.92,612.0,184.93,98.0
1753769313561,06:08:33.561,kucoinfutures,SOL/USDT:USDT,185.022,12.0,185.012,135.0,185.023,663.0,185.027,79.0
1753769313510,06:08:33.510,bitmex,SOL/USDT:USDT,185.01,598000.0,185.0,176000.0,185.02,14000.0,185.04,113000.0
1753769313563,06:08:33.563,kucoinfutures,SOL/USDT:USDT,185.022,12.0,185.012,135.0,185.023,663.0,185.027,79.0
1753769313569,06:08:33.569,kucoinfutures,SOL/USDT:USDT,185.022,12.0,185.012,135.0,185.023,663.0,185.027,79.0
1753769313570,06:08:33.570,kucoinfutures,SOL/USDT:USDT,185.022,12.0,185.012,135.0,185.023,663.0,185.027,79.0
1753769313575,06:08:33.575,kucoinfutures,SOL/USDT:USDT,185.022,12.0,185.012,135.0,185.023,663.0,185.027,79.0
1753769313580,06:08:33.580,kucoinfutures,SOL/USDT:USDT,185.022,9.0,185.012,135.0,185.023,663.0,185.027,79.0
1753769313573,06:08:33.573,coincatch,SOL/USDT:USDT,184.852,1295.7,184.842,1917.4,184.918,654.4,184.928,893.1
1753769313584,06:08:33.584,kucoinfutures,SOL/USDT:USDT,185.022,9.0,185.012,135.0,185.023,663.0,185.027,79.0
1753769313594,06:08:33.594,kucoinfutures,SOL/USDT:USDT,185.022,129.0,185.012,135.0,185.023,663.0,185.027,79.0
1753769313609,06:08:33.609,okx,SOL/USDT:USDT,184.88,2.68,184.87,425.82,184.89,522.82,184.9,865.75
1753769313599,06:08:33.599,kucoinfutures,SOL/USDT:USDT,185.022,129.0,185.012,135.0,185.023,663.0,185.027,79.0
1753769313602,06:08:33.602,binanceusdm,SOL/USDT:USDT,184.89,157.87,184.88,898.82,184.9,1080.53,184.91,1114.1
1753769313599,06:08:33.599,bitget,SOL/USDT:USDT,184.95,10.0,184.933,80.4,184.951,540.0,184.952,80.4
1753769313602,06:08:33.602,binance,SOL/USDT:USDT,184.89,157.87,184.88,898.82,184.9,1080.53,184.91,1114.1
1753769313559,06:08:33.559,bitmex,SOL/USDT:USDT,185.01,582000.0,185.0,147000.0,185.02,31000.0,185.04,113000.0
1753769313617,06:08:33.617,kucoinfutures,SOL/USDT:USDT,185.022,129.0,185.012,135.0,185.023,663.0,185.027,79.0
1753769313625,06:08:33.625,kucoinfutures,SOL/USDT:USDT,185.022,129.0,185.012,135.0,185.023,663.0,185.027,79.0
1753769313672,06:08:33.672,bybit,SOL/USDT:USDT,184.87,70.8,184.86,334.6,184.88,190.8,184.89,560.2
1753769313641,06:08:33.641,kucoinfutures,SOL/USDT:USDT,185.022,129.0,185.012,135.0,185.023,663.0,185.027,79.0
1753769313656,06:08:33.656,kucoinfutures,SOL/USDT:USDT,185.022,129.0,185.012,135.0,185.023,663.0,185.027,79.0
1753769313608,06:08:33.608,bitmex,SOL/USDT:USDT,185.01,582000.0,185.0,147000.0,185.02,31000.0,185.04,137000.0
1753769313672,06:08:33.672,kucoinfutures,SOL/USDT:USDT,185.022,241.0,185.012,135.0,185.023,543.0,185.027,79.0
1753769313677,06:08:33.677,kucoinfutures,SOL/USDT:USDT,185.022,241.0,185.012,135.0,185.023,543.0,185.027,79.0
1753769313683,06:08:33.683,kucoinfutures,SOL/USDT:USDT,185.022,241.0,185.012,135.0,185.023,543.0,185.027,79.0
1753769313709,06:08:33.709,okx,SOL/USDT:USDT,184.88,107.02,184.87,425.82,184.89,443.39,184.9,806.56
1753769313703,06:08:33.703,binanceusdm,SOL/USDT:USDT,184.89,395.59,184.88,1069.16,184.9,826.29,184.91,859.78
1753769313702,06:08:33.702,kucoinfutures,SOL/USDT:USDT,185.022,241.0,185.012,135.0,185.023,543.0,185.027,79.0
1753769313703,06:08:33.703,binance,SOL/USDT:USDT,184.89,395.59,184.88,1069.16,184.9,826.29,184.91,859.78
1753769313657,06:08:33.657,bitmex,SOL/USDT:USDT,185.01,582000.0,185.0,147000.0,185.02,31000.0,185.04,137000.0
1753769313722,06:08:33.722,kucoinfutures,SOL/USDT:USDT,185.022,241.0,185.012,135.0,185.023,543.0,185.027,79.0
1753769313725,06:08:33.725,kucoinfutures,SOL/USDT:USDT,185.022,241.0,185.012,135.0,185.023,543.0,185.027,79.0
1753769313728,06:08:33.728,kucoinfutures,SOL/USDT:USDT,185.022,241.0,185.012,135.0,185.023,543.0,185.027,79.0
1753769313734,06:08:33.734,kucoinfutures,SOL/USDT:USDT,185.022,241.0,185.012,135.0,185.023,543.0,185.027,79.0
1753769313772,06:08:33.772,bybit,SOL/USDT:USDT,184.87,141.0,184.86,396.9,184.88,57.0,184.89,327.5
1753769313755,06:08:33.755,kucoinfutures,SOL/USDT:USDT,185.022,241.0,185.012,135.0,185.023,543.0,185.027,79.0
1753769313761,06:08:33.761,kucoinfutures,SOL/USDT:USDT,185.022,241.0,185.012,135.0,185.023,543.0,185.027,79.0
1753769313764,06:08:33.764,kucoinfutures,SOL/USDT:USDT,185.022,241.0,185.012,135.0,185.023,543.0,185.027,79.0
1753769313749,06:08:33.749,bitget,SOL/USDT:USDT,184.95,10.0,184.933,80.4,184.951,573.3,184.952,488.1
1753769313759,06:08:33.759,bitmart,SOL/USDT:USDT,184.89,170.0,184.88,91.0,184.92,681.0,184.93,120.0
1753769313781,06:08:33.781,kucoinfutures,SOL/USDT:USDT,185.022,241.0,185.012,135.0,185.023,543.0,185.027,79.0
1753769313782,06:08:33.782,kucoinfutures,SOL/USDT:USDT,185.022,241.0,185.012,135.0,185.023,431.0,185.027,79.0
1753769313783,06:08:33.783,kucoinfutures,SOL/USDT:USDT,185.022,427.0,185.012,135.0,185.023,431.0,185.027,79.0
1753769313794,06:08:33.794,kucoinfutures,SOL/USDT:USDT,185.022,512.0,185.012,3.0,185.023,431.0,185.027,79.0
1753769313805,06:08:33.805,kucoinfutures,SOL/USDT:USDT,185.022,512.0,185.012,69.0,185.023,431.0,185.027,79.0
1753769313809,06:08:33.809,okx,SOL/USDT:USDT,184.88,173.28,184.87,425.82,184.89,415.85,184.9,806.56
1753769313755,06:08:33.755,bitmex,SOL/USDT:USDT,185.0,147000.0,184.98,270000.0,185.02,31000.0,185.04,137000.0
1753769313812,06:08:33.812,kucoinfutures,SOL/USDT:USDT,185.022,512.0,185.012,135.0,185.023,245.0,185.027,79.0
1753769313812,06:08:33.812,kucoinfutures,SOL/USDT:USDT,185.022,512.0,185.012,135.0,185.023,245.0,185.027,79.0
1753769313819,06:08:33.819,kucoinfutures,SOL/USDT:USDT,185.022,512.0,185.012,135.0,185.023,245.0,185.027,79.0
1753769313825,06:08:33.825,kucoinfutures,SOL/USDT:USDT,185.022,512.0,185.012,135.0,185.023,245.0,185.027,79.0
1753769313826,06:08:33.826,kucoinfutures,SOL/USDT:USDT,185.022,512.0,185.012,135.0,185.023,245.0,185.027,79.0
1753769313829,06:08:33.829,kucoinfutures,SOL/USDT:USDT,185.022,512.0,185.012,135.0,185.023,8.0,185.027,79.0
1753769313831,06:08:33.831,kucoinfutures,SOL/USDT:USDT,185.022,512.0,185.012,135.0,185.023,8.0,185.027,79.0
1753769313838,06:08:33.838,kucoinfutures,SOL/USDT:USDT,185.022,512.0,185.012,135.0,185.023,8.0,185.027,79.0
1753769313873,06:08:33.873,bybit,SOL/USDT:USDT,184.88,116.3,184.87,332.2,184.89,238.5,184.9,498.4
1753769313848,06:08:33.848,kucoinfutures,SOL/USDT:USDT,185.022,512.0,185.012,135.0,185.023,8.0,185.027,79.0
1753769313804,06:08:33.804,bitmex,SOL/USDT:USDT,185.0,309000.0,184.99,582000.0,185.02,14000.0,185.04,113000.0
1753769313852,06:08:33.852,kucoinfutures,SOL/USDT:USDT,185.022,512.0,185.012,135.0,185.023,8.0,185.027,79.0
1753769313855,06:08:33.855,kucoinfutures,SOL/USDT:USDT,185.022,512.0,185.012,135.0,185.023,8.0,185.027,79.0
1753769313863,06:08:33.863,kucoinfutures,SOL/USDT:USDT,185.022,512.0,185.012,135.0,185.023,8.0,185.027,79.0
1753769313864,06:08:33.864,kucoinfutures,SOL/USDT:USDT,185.022,512.0,185.012,135.0,185.023,8.0,185.027,79.0
1753769313873,06:08:33.873,coincatch,SOL/USDT:USDT,184.852,832.0,184.842,1445.4,184.918,853.3,184.928,1450.6
1753769313889,06:08:33.889,kucoinfutures,SOL/USDT:USDT,185.022,512.0,185.012,135.0,185.023,8.0,185.027,79.0
1753769313909,06:08:33.909,okx,SOL/USDT:USDT,184.88,372.95,184.87,425.92,184.89,415.85,184.9,641.46
1753769313853,06:08:33.853,bitmex,SOL/USDT:USDT,185.01,16000.0,185.0,322000.0,185.02,14000.0,185.04,113000.0
1753769313907,06:08:33.907,binanceusdm,SOL/USDT:USDT,184.89,741.32,184.88,1405.27,184.9,561.62,184.91,807.11
1753769313907,06:08:33.907,binance,SOL/USDT:USDT,184.89,741.32,184.88,1405.27,184.9,561.62,184.91,807.11
1753769313900,06:08:33.900,bitget,SOL/USDT:USDT,184.95,13.5,184.934,2.2,184.951,465.2,184.952,488.1
1753769313915,06:08:33.915,kucoinfutures,SOL/USDT:USDT,185.022,512.0,185.012,135.0,185.023,8.0,185.027,79.0
1753769313935,06:08:33.935,kucoinfutures,SOL/USDT:USDT,185.022,512.0,185.012,135.0,185.023,8.0,185.027,79.0
1753769313971,06:08:33.971,bybit,SOL/USDT:USDT,184.88,112.1,184.87,284.1,184.89,246.6,184.9,498.4
1753769313937,06:08:33.937,kucoinfutures,SOL/USDT:USDT,185.022,512.0,185.012,135.0,185.023,8.0,185.027,79.0
1753769313941,06:08:33.941,kucoinfutures,SOL/USDT:USDT,185.022,512.0,185.012,135.0,185.023,8.0,185.027,79.0
1753769313945,06:08:33.945,kucoinfutures,SOL/USDT:USDT,185.022,512.0,185.013,12.0,185.023,8.0,185.027,79.0
1753769313902,06:08:33.902,bitmex,SOL/USDT:USDT,185.01,16000.0,185.0,322000.0,185.02,14000.0,185.04,113000.0
1753769313960,06:08:33.960,kucoinfutures,SOL/USDT:USDT,185.022,512.0,185.013,12.0,185.023,8.0,185.027,79.0
1753769313973,06:08:33.973,kucoinfutures,SOL/USDT:USDT,185.022,512.0,185.013,12.0,185.023,8.0,185.031,155.0
1753769313981,06:08:33.981,kucoinfutures,SOL/USDT:USDT,185.022,512.0,185.013,12.0,185.023,8.0,185.031,155.0
1753769313986,06:08:33.986,kucoinfutures,SOL/USDT:USDT,185.022,512.0,185.013,12.0,185.023,8.0,185.031,155.0
1753769313988,06:08:33.988,kucoinfutures,SOL/USDT:USDT,185.022,512.0,185.013,12.0,185.023,8.0,185.031,155.0
1753769313992,06:08:33.992,kucoinfutures,SOL/USDT:USDT,185.022,512.0,185.013,12.0,185.023,8.0,185.031,155.0
1753769314009,06:08:34.009,okx,SOL/USDT:USDT,184.88,209.32,184.87,425.92,184.89,415.85,184.9,641.46
1753769313952,06:08:33.952,bitmex,SOL/USDT:USDT,185.0,322000.0,184.99,582000.0,185.02,31000.0,185.04,113000.0
1753769314002,06:08:34.002,kucoinfutures,SOL/USDT:USDT,185.022,512.0,185.013,12.0,185.023,8.0,185.031,155.0
1753769314005,06:08:34.005,kucoinfutures,SOL/USDT:USDT,185.022,512.0,185.013,12.0,185.023,8.0,185.031,155.0
1753769314007,06:08:34.007,kucoinfutures,SOL/USDT:USDT,185.022,512.0,185.013,12.0,185.023,8.0,185.031,155.0
1753769314009,06:08:34.009,binanceusdm,SOL/USDT:USDT,184.89,741.19,184.88,1358.74,184.9,545.35,184.91,801.06
1753769314009,06:08:34.009,binance,SOL/USDT:USDT,184.89,741.19,184.88,1358.74,184.9,545.35,184.91,801.06
1753769314011,06:08:34.011,kucoinfutures,SOL/USDT:USDT,185.022,512.0,185.013,12.0,185.023,8.0,185.031,155.0
1753769314014,06:08:34.014,kucoinfutures,SOL/USDT:USDT,185.022,512.0,185.013,12.0,185.023,8.0,185.031,155.0
1753769314018,06:08:34.018,kucoinfutures,SOL/USDT:USDT,185.022,512.0,185.013,12.0,185.023,8.0,185.031,155.0
1753769314026,06:08:34.026,kucoinfutures,SOL/USDT:USDT,185.022,512.0,185.013,12.0,185.023,8.0,185.031,155.0
1753769314033,06:08:34.033,kucoinfutures,SOL/USDT:USDT,185.022,512.0,185.013,12.0,185.023,8.0,185.031,155.0
1753769314071,06:08:34.071,bybit,SOL/USDT:USDT,184.88,69.3,184.87,163.0,184.89,346.6,184.9,599.3
1753769314038,06:08:34.038,kucoinfutures,SOL/USDT:USDT,185.022,512.0,185.013,12.0,185.023,8.0,185.031,155.0
1753769314044,06:08:34.044,kucoinfutures,SOL/USDT:USDT,185.022,512.0,185.013,12.0,185.023,8.0,185.031,155.0
1753769314045,06:08:34.045,kucoinfutures,SOL/USDT:USDT,185.022,512.0,185.013,12.0,185.023,8.0,185.031,155.0
1753769314064,06:08:34.064,kucoinfutures,SOL/USDT:USDT,185.022,512.0,185.013,12.0,185.023,8.0,185.031,155.0
1753769314070,06:08:34.070,kucoinfutures,SOL/USDT:USDT,185.022,512.0,185.013,12.0,185.023,8.0,185.031,155.0
1753769314071,06:08:34.071,kucoinfutures,SOL/USDT:USDT,185.022,512.0,185.013,12.0,185.023,8.0,185.031,155.0
1753769314075,06:08:34.075,kucoinfutures,SOL/USDT:USDT,185.022,512.0,185.013,12.0,185.023,8.0,185.031,155.0
1753769314089,06:08:34.089,kucoinfutures,SOL/USDT:USDT,185.022,512.0,185.013,12.0,185.023,8.0,185.031,155.0
1753769314096,06:08:34.096,kucoinfutures,SOL/USDT:USDT,185.022,512.0,185.013,12.0,185.023,8.0,185.031,155.0
1753769314112,06:08:34.112,binanceusdm,SOL/USDT:USDT,184.89,741.19,184.88,1452.67,184.9,545.35,184.91,855.63
1753769314112,06:08:34.112,binance,SOL/USDT:USDT,184.89,741.19,184.88,1452.67,184.9,545.35,184.91,855.63
1753769314115,06:08:34.115,kucoinfutures,SOL/USDT:USDT,185.022,512.0,185.013,12.0,185.023,8.0,185.031,155.0
1753769314116,06:08:34.116,kucoinfutures,SOL/USDT:USDT,185.022,512.0,185.013,12.0,185.023,8.0,185.031,155.0
1753769314121,06:08:34.121,kucoinfutures,SOL/USDT:USDT,185.022,512.0,185.013,12.0,185.023,8.0,185.031,155.0
1753769314123,06:08:34.123,kucoinfutures,SOL/USDT:USDT,185.022,512.0,185.013,12.0,185.023,8.0,185.031,155.0
1753769314171,06:08:34.171,bybit,SOL/USDT:USDT,184.88,69.3,184.87,163.0,184.89,346.6,184.9,611.9
1753769314147,06:08:34.147,kucoinfutures,SOL/USDT:USDT,185.022,512.0,185.013,12.0,185.023,8.0,185.031,155.0
1753769314168,06:08:34.168,kucoinfutures,SOL/USDT:USDT,185.022,512.0,185.013,12.0,185.023,8.0,185.031,155.0
1753769314172,06:08:34.172,kucoinfutures,SOL/USDT:USDT,185.022,512.0,185.013,12.0,185.023,8.0,185.031,155.0
1753769314173,06:08:34.173,kucoinfutures,SOL/USDT:USDT,185.022,512.0,185.013,12.0,185.023,8.0,185.031,155.0
1753769314174,06:08:34.174,kucoinfutures,SOL/USDT:USDT,185.022,512.0,185.013,12.0,185.023,8.0,185.031,155.0
1753769314173,06:08:34.173,coincatch,SOL/USDT:USDT,184.852,1047.2,184.842,1631.1,184.918,556.2,184.928,955.0
1753769314153,06:08:34.153,bitmart,SOL/USDT:USDT,184.89,212.0,184.88,89.0,184.9,348.0,184.91,100.0
1753769314141,06:08:34.141,bitmex,SOL/USDT:USDT,185.0,338000.0,184.99,582000.0,185.02,31000.0,185.04,113000.0
1753769314194,06:08:34.194,kucoinfutures,SOL/USDT:USDT,185.022,512.0,185.013,12.0,185.023,8.0,185.031,155.0
1753769314199,06:08:34.199,kucoinfutures,SOL/USDT:USDT,185.022,512.0,185.013,12.0,185.023,8.0,185.031,155.0
1753769314200,06:08:34.200,bitget,SOL/USDT:USDT,184.95,13.5,184.934,2.2,184.951,915.6,184.952,488.1
1753769314209,06:08:34.209,okx,SOL/USDT:USDT,184.88,195.86,184.87,425.92,184.89,466.39,184.9,644.3
1753769314216,06:08:34.216,binanceusdm,SOL/USDT:USDT,184.89,722.68,184.88,1259.17,184.9,693.45,184.91,676.91
1753769314216,06:08:34.216,binance,SOL/USDT:USDT,184.89,722.68,184.88,1259.17,184.9,693.45,184.91,676.91
1753769314219,06:08:34.219,kucoinfutures,SOL/USDT:USDT,185.022,512.0,185.013,12.0,185.023,8.0,185.031,155.0
1753769314224,06:08:34.224,kucoinfutures,SOL/USDT:USDT,185.022,512.0,185.013,12.0,185.023,8.0,185.031,155.0
1753769314226,06:08:34.226,kucoinfutures,SOL/USDT:USDT,185.022,512.0,185.013,12.0,185.023,8.0,185.031,155.0
1753769314227,06:08:34.227,kucoinfutures,SOL/USDT:USDT,185.022,512.0,185.013,12.0,185.023,194.0,185.031,155.0
1753769314229,06:08:34.229,kucoinfutures,SOL/USDT:USDT,185.022,512.0,185.013,12.0,185.023,194.0,185.031,155.0
1753769314271,06:08:34.271,bybit,SOL/USDT:USDT,184.88,22.2,184.87,163.0,184.89,346.6,184.9,627.1
1753769314244,06:08:34.244,kucoinfutures,SOL/USDT:USDT,185.022,512.0,185.013,12.0,185.023,194.0,185.031,155.0
1753769314191,06:08:34.191,bitmex,SOL/USDT:USDT,185.0,338000.0,184.99,582000.0,185.02,31000.0,185.04,113000.0
1753769314247,06:08:34.247,kucoinfutures,SOL/USDT:USDT,185.022,326.0,185.013,12.0,185.023,194.0,185.031,155.0
1753769314250,06:08:34.250,kucoinfutures,SOL/USDT:USDT,185.022,326.0,185.013,12.0,185.023,194.0,185.031,155.0
1753769314251,06:08:34.251,kucoinfutures,SOL/USDT:USDT,185.022,326.0,185.013,12.0,185.023,194.0,185.031,155.0
1753769314269,06:08:34.269,kucoinfutures,SOL/USDT:USDT,185.022,326.0,185.013,12.0,185.023,194.0,185.031,155.0
1753769314270,06:08:34.270,kucoinfutures,SOL/USDT:USDT,185.022,326.0,185.013,12.0,185.023,194.0,185.031,155.0
1753769314271,06:08:34.271,kucoinfutures,SOL/USDT:USDT,185.022,326.0,185.013,12.0,185.023,194.0,185.031,155.0
1753769314276,06:08:34.276,kucoinfutures,SOL/USDT:USDT,185.022,326.0,185.013,12.0,185.023,194.0,185.031,155.0
1753769314280,06:08:34.280,kucoinfutures,SOL/USDT:USDT,185.022,326.0,185.013,12.0,185.023,194.0,185.031,155.0
1753769314240,06:08:34.240,bitmex,SOL/USDT:USDT,185.0,338000.0,184.99,582000.0,185.02,31000.0,185.04,113000.0
1753769314291,06:08:34.291,kucoinfutures,SOL/USDT:USDT,185.022,326.0,185.013,12.0,185.023,194.0,185.031,155.0
1753769314309,06:08:34.309,okx,SOL/USDT:USDT,184.88,196.33,184.87,425.92,184.89,466.39,184.9,644.3
1753769314296,06:08:34.296,kucoinfutures,SOL/USDT:USDT,185.022,326.0,185.013,12.0,185.023,194.0,185.031,155.0
1753769314302,06:08:34.302,kucoinfutures,SOL/USDT:USDT,185.022,326.0,185.013,12.0,185.023,194.0,185.031,155.0
1753769314319,06:08:34.319,binanceusdm,SOL/USDT:USDT,184.89,741.58,184.88,1358.76,184.9,539.65,184.91,825.58
1753769314322,06:08:34.322,kucoinfutures,SOL/USDT:USDT,185.022,326.0,185.013,12.0,185.023,194.0,185.031,155.0
1753769314319,06:08:34.319,binance,SOL/USDT:USDT,184.89,741.58,184.88,1358.76,184.9,539.65,184.91,825.58
1753769314328,06:08:34.328,kucoinfutures,SOL/USDT:USDT,185.022,326.0,185.013,12.0,185.023,194.0,185.031,155.0
1753769314371,06:08:34.371,bybit,SOL/USDT:USDT,184.88,39.7,184.87,163.0,184.89,346.6,184.9,612.1
1753769314289,06:08:34.289,bitmex,SOL/USDT:USDT,185.0,163000.0,184.99,582000.0,185.01,14000.0,185.04,113000.0
1753769314348,06:08:34.348,kucoinfutures,SOL/USDT:USDT,185.022,326.0,185.013,12.0,185.023,194.0,185.031,155.0
1753769314350,06:08:34.350,bitget,SOL/USDT:USDT,184.95,13.5,184.934,126.2,184.951,922.2,184.952,282.8
1753769314353,06:08:34.353,bitmart,SOL/USDT:USDT,184.89,212.0,184.88,48.0,184.9,348.0,184.91,54.0
1753769314370,06:08:34.370,kucoinfutures,SOL/USDT:USDT,185.022,326.0,185.013,12.0,185.023,194.0,185.031,155.0
1753769314374,06:08:34.374,kucoinfutures,SOL/USDT:USDT,185.022,326.0,185.013,12.0,185.023,194.0,185.031,155.0
1753769314380,06:08:34.380,kucoinfutures,SOL/USDT:USDT,185.022,326.0,185.013,12.0,185.023,194.0,185.031,155.0
1753769314338,06:08:34.338,bitmex,SOL/USDT:USDT,185.0,163000.0,184.99,582000.0,185.01,14000.0,185.03,113000.0
1753769314399,06:08:34.399,kucoinfutures,SOL/USDT:USDT,185.022,326.0,185.013,12.0,185.023,194.0,185.031,155.0
1753769314405,06:08:34.405,kucoinfutures,SOL/USDT:USDT,185.022,326.0,185.013,12.0,185.023,194.0,185.031,155.0
1753769314431,06:08:34.431,kucoinfutures,SOL/USDT:USDT,185.022,326.0,185.013,12.0,185.023,194.0,185.031,155.0
1753769314429,06:08:34.429,binanceusdm,SOL/USDT:USDT,184.89,741.58,184.88,1358.76,184.9,566.5,184.91,825.61
1753769314471,06:08:34.471,bybit,SOL/USDT:USDT,184.88,39.7,184.87,164.8,184.89,347.8,184.9,611.1
1753769314387,06:08:34.387,bitmex,SOL/USDT:USDT,185.0,338000.0,184.99,582000.0,185.02,14000.0,185.05,49000.0
1753769314451,06:08:34.451,kucoinfutures,SOL/USDT:USDT,185.022,326.0,185.013,12.0,185.023,194.0,185.031,155.0
1753769314461,06:08:34.461,kucoinfutures,SOL/USDT:USDT,185.022,326.0,185.013,12.0,185.023,194.0,185.031,155.0
1753769314464,06:08:34.464,kucoinfutures,SOL/USDT:USDT,185.022,326.0,185.013,12.0,185.023,194.0,185.031,155.0
1753769314467,06:08:34.467,kucoinfutures,SOL/USDT:USDT,185.022,512.0,185.013,12.0,185.023,194.0,185.031,155.0
1753769314471,06:08:34.471,kucoinfutures,SOL/USDT:USDT,185.022,512.0,185.013,12.0,185.023,194.0,185.031,155.0
1753769314476,06:08:34.476,kucoinfutures,SOL/USDT:USDT,185.022,512.0,185.013,12.0,185.023,194.0,185.031,155.0
1753769314482,06:08:34.482,kucoinfutures,SOL/USDT:USDT,185.022,512.0,185.013,12.0,185.023,194.0,185.031,155.0
1753769314473,06:08:34.473,coincatch,SOL/USDT:USDT,184.852,940.5,184.842,1535.2,184.918,648.1,184.928,1023.5
1753769314436,06:08:34.436,bitmex,SOL/USDT:USDT,185.0,338000.0,184.99,582000.0,185.02,14000.0,185.04,113000.0
1753769314485,06:08:34.485,kucoinfutures,SOL/USDT:USDT,185.022,512.0,185.013,12.0,185.023,194.0,185.031,155.0
1753769314502,06:08:34.502,kucoinfutures,SOL/USDT:USDT,185.022,512.0,185.013,12.0,185.023,194.0,185.031,155.0
1753769314500,06:08:34.500,bitget,SOL/USDT:USDT,184.95,13.5,184.935,2.2,184.951,922.2,184.952,282.8
1753769314508,06:08:34.508,kucoinfutures,SOL/USDT:USDT,185.022,512.0,185.013,12.0,185.023,194.0,185.031,155.0
1753769314528,06:08:34.528,kucoinfutures,SOL/USDT:USDT,185.022,512.0,185.013,12.0,185.023,194.0,185.031,155.0
1753769314533,06:08:34.533,kucoinfutures,SOL/USDT:USDT,185.022,512.0,185.013,12.0,185.023,194.0,185.031,155.0
1753769314485,06:08:34.485,bitmex,SOL/USDT:USDT,185.0,338000.0,184.99,582000.0,185.02,14000.0,185.04,113000.0
1753769314571,06:08:34.571,bybit,SOL/USDT:USDT,184.88,39.7,184.87,164.8,184.89,347.8,184.9,611.1
1753769314541,06:08:34.541,binanceusdm,SOL/USDT:USDT,184.89,742.46,184.88,1260.98,184.9,575.1,184.91,923.44
1753769314541,06:08:34.541,binance,SOL/USDT:USDT,184.89,742.46,184.88,1260.98,184.9,575.1,184.91,923.44
1753769314554,06:08:34.554,kucoinfutures,SOL/USDT:USDT,185.022,512.0,185.013,12.0,185.023,194.0,185.031,155.0
1753769314560,06:08:34.560,kucoinfutures,SOL/USDT:USDT,185.022,512.0,185.013,12.0,185.023,194.0,185.031,155.0
1753769314557,06:08:34.557,bitmart,SOL/USDT:USDT,184.89,212.0,184.88,85.0,184.9,348.0,184.91,93.0
1753769314564,06:08:34.564,kucoinfutures,SOL/USDT:USDT,185.022,509.0,185.013,12.0,185.023,194.0,185.031,155.0
1753769314575,06:08:34.575,kucoinfutures,SOL/USDT:USDT,185.022,509.0,185.013,12.0,185.023,194.0,185.031,155.0
1753769314576,06:08:34.576,kucoinfutures,SOL/USDT:USDT,185.022,509.0,185.013,12.0,185.023,194.0,185.031,155.0
1753769314578,06:08:34.578,kucoinfutures,SOL/USDT:USDT,185.022,509.0,185.013,12.0,185.023,194.0,185.031,155.0
1753769314580,06:08:34.580,kucoinfutures,SOL/USDT:USDT,185.022,509.0,185.013,12.0,185.023,194.0,185.031,155.0
1753769314582,06:08:34.582,kucoinfutures,SOL/USDT:USDT,185.022,509.0,185.013,132.0,185.023,194.0,185.031,155.0
1753769314586,06:08:34.586,kucoinfutures,SOL/USDT:USDT,185.022,509.0,185.013,132.0,185.023,194.0,185.031,155.0
1753769314609,06:08:34.609,okx,SOL/USDT:USDT,184.88,195.72,184.87,425.92,184.89,466.7,184.9,671.36
1753769314603,06:08:34.603,kucoinfutures,SOL/USDT:USDT,185.022,509.0,185.013,132.0,185.023,194.0,185.031,155.0
1753769314604,06:08:34.604,kucoinfutures,SOL/USDT:USDT,185.022,509.0,185.013,132.0,185.023,194.0,185.031,155.0
1753769314605,06:08:34.605,kucoinfutures,SOL/USDT:USDT,185.022,509.0,185.014,66.0,185.023,194.0,185.031,155.0
1753769314608,06:08:34.608,kucoinfutures,SOL/USDT:USDT,185.022,509.0,185.014,66.0,185.023,194.0,185.031,155.0
1753769314611,06:08:34.611,kucoinfutures,SOL/USDT:USDT,185.022,509.0,185.014,66.0,185.023,194.0,185.031,155.0
1753769314569,06:08:34.569,bitmex,SOL/USDT:USDT,185.0,338000.0,184.99,582000.0,185.02,14000.0,185.04,113000.0
1753769314630,06:08:34.630,kucoinfutures,SOL/USDT:USDT,185.022,509.0,185.014,66.0,185.023,194.0,185.031,155.0
1753769314636,06:08:34.636,kucoinfutures,SOL/USDT:USDT,185.022,509.0,185.014,66.0,185.023,194.0,185.031,155.0
1753769314671,06:08:34.671,bybit,SOL/USDT:USDT,184.88,39.7,184.87,164.8,184.89,347.8,184.9,611.1
1753769314643,06:08:34.643,binanceusdm,SOL/USDT:USDT,184.89,723.92,184.88,1357.02,184.9,575.1,184.91,825.66
1753769314643,06:08:34.643,binance,SOL/USDT:USDT,184.89,723.92,184.88,1357.02,184.9,575.1,184.91,825.66
1753769314647,06:08:34.647,kucoinfutures,SOL/USDT:USDT,185.022,509.0,185.014,66.0,185.023,194.0,185.031,155.0
1753769314650,06:08:34.650,bitget,SOL/USDT:USDT,184.95,13.5,184.934,126.2,184.951,920.8,184.952,282.8
1753769314657,06:08:34.657,kucoinfutures,SOL/USDT:USDT,185.022,509.0,185.014,66.0,185.023,194.0,185.031,155.0
1753769314663,06:08:34.663,kucoinfutures,SOL/USDT:USDT,185.022,509.0,185.014,66.0,185.023,194.0,185.031,155.0
1753769314619,06:08:34.619,bitmex,SOL/USDT:USDT,185.0,338000.0,184.99,582000.0,185.02,14000.0,185.04,113000.0
1753769314689,06:08:34.689,kucoinfutures,SOL/USDT:USDT,185.022,509.0,185.014,66.0,185.023,194.0,185.031,155.0
1753769314708,06:08:34.708,kucoinfutures,SOL/USDT:USDT,185.022,509.0,185.014,66.0,185.023,194.0,185.031,155.0
1753769314713,06:08:34.713,kucoinfutures,SOL/USDT:USDT,185.022,509.0,185.014,66.0,185.023,194.0,185.031,155.0
1753769314735,06:08:34.735,kucoinfutures,SOL/USDT:USDT,185.022,509.0,185.014,66.0,185.023,194.0,185.031,155.0
1753769314772,06:08:34.772,bybit,SOL/USDT:USDT,184.88,22.2,184.87,163.0,184.89,347.8,184.9,626.3
1753769314740,06:08:34.740,kucoinfutures,SOL/USDT:USDT,185.022,509.0,185.014,66.0,185.023,194.0,185.031,155.0
1753769314746,06:08:34.746,binanceusdm,SOL/USDT:USDT,184.89,724.17,184.88,1257.34,184.9,575.1,184.91,927.93
1753769314746,06:08:34.746,binance,SOL/USDT:USDT,184.89,724.17,184.88,1257.34,184.9,575.1,184.91,927.93
1753769314698,06:08:34.698,bitmex,SOL/USDT:USDT,185.0,338000.0,184.99,582000.0,185.02,14000.0,185.04,113000.0
1753769314752,06:08:34.752,kucoinfutures,SOL/USDT:USDT,185.022,509.0,185.014,66.0,185.023,194.0,185.031,155.0
1753769314759,06:08:34.759,kucoinfutures,SOL/USDT:USDT,185.022,509.0,185.014,66.0,185.023,194.0,185.031,155.0
1753769314757,06:08:34.757,bitmart,SOL/USDT:USDT,184.89,212.0,184.88,113.0,184.9,348.0,184.91,120.0
1753769314765,06:08:34.765,kucoinfutures,SOL/USDT:USDT,185.022,509.0,185.014,66.0,185.023,194.0,185.031,155.0
1753769314773,06:08:34.773,coincatch,SOL/USDT:USDT,184.852,902.4,184.842,1536.5,184.918,692.3,184.928,1040.4
1753769314786,06:08:34.786,kucoinfutures,SOL/USDT:USDT,185.022,509.0,185.014,66.0,185.023,194.0,185.031,155.0
1753769314791,06:08:34.791,kucoinfutures,SOL/USDT:USDT,185.022,509.0,185.014,66.0,185.023,194.0,185.031,155.0
1753769314747,06:08:34.747,bitmex,SOL/USDT:USDT,185.0,338000.0,184.99,582000.0,185.02,14000.0,185.04,113000.0
1753769314809,06:08:34.809,okx,SOL/USDT:USDT,184.88,199.21,184.87,420.46,184.89,430.7,184.9,647.79
1753769314817,06:08:34.817,kucoinfutures,SOL/USDT:USDT,185.022,509.0,185.014,66.0,185.023,194.0,185.031,155.0
1753769314818,06:08:34.818,kucoinfutures,SOL/USDT:USDT,185.022,509.0,185.014,66.0,185.023,194.0,185.031,155.0
1753769314827,06:08:34.827,kucoinfutures,SOL/USDT:USDT,185.022,509.0,185.014,66.0,185.023,194.0,185.031,155.0
1753769314830,06:08:34.830,kucoinfutures,SOL/USDT:USDT,185.022,509.0,185.014,66.0,185.023,194.0,185.031,155.0
1753769314871,06:08:34.871,bybit,SOL/USDT:USDT,184.88,21.3,184.87,164.8,184.89,347.9,184.9,626.0
1753769314838,06:08:34.838,kucoinfutures,SOL/USDT:USDT,185.022,509.0,185.014,66.0,185.023,194.0,185.031,155.0
1753769314840,06:08:34.840,kucoinfutures,SOL/USDT:USDT,185.022,509.0,185.014,66.0,185.023,194.0,185.031,155.0
1753769314842,06:08:34.842,kucoinfutures,SOL/USDT:USDT,185.022,509.0,185.014,66.0,185.023,194.0,185.031,155.0
1753769314845,06:08:34.845,kucoinfutures,SOL/USDT:USDT,185.022,509.0,185.014,66.0,185.023,194.0,185.031,155.0
1753769314847,06:08:34.847,kucoinfutures,SOL/USDT:USDT,185.022,509.0,185.014,66.0,185.023,194.0,185.031,155.0
1753769314848,06:08:34.848,binanceusdm,SOL/USDT:USDT,184.89,724.17,184.88,1041.96,184.9,575.41,184.91,830.15
1753769314848,06:08:34.848,binance,SOL/USDT:USDT,184.89,724.17,184.88,1041.96,184.9,575.41,184.91,830.15
1753769314863,06:08:34.863,kucoinfutures,SOL/USDT:USDT,185.022,509.0,185.014,66.0,185.023,194.0,185.031,155.0
1753769314870,06:08:34.870,kucoinfutures,SOL/USDT:USDT,185.022,509.0,185.014,66.0,185.023,194.0,185.031,155.0
1753769314871,06:08:34.871,kucoinfutures,SOL/USDT:USDT,185.022,509.0,185.014,66.0,185.023,194.0,185.031,155.0
1753769314838,06:08:34.838,bitmex,SOL/USDT:USDT,185.0,338000.0,184.99,582000.0,185.02,14000.0,185.04,113000.0
1753769314887,06:08:34.887,kucoinfutures,SOL/USDT:USDT,185.022,509.0,185.014,66.0,185.023,194.0,185.031,155.0
1753769314909,06:08:34.909,okx,SOL/USDT:USDT,184.88,199.21,184.87,420.46,184.89,473.91,184.9,669.39
1753769314895,06:08:34.895,kucoinfutures,SOL/USDT:USDT,185.022,509.0,185.014,66.0,185.023,194.0,185.031,155.0
1753769314914,06:08:34.914,kucoinfutures,SOL/USDT:USDT,185.022,509.0,185.014,66.0,185.023,194.0,185.031,155.0
1753769314919,06:08:34.919,kucoinfutures,SOL/USDT:USDT,185.022,509.0,185.014,66.0,185.023,194.0,185.031,155.0
1753769314972,06:08:34.972,bybit,SOL/USDT:USDT,184.88,21.3,184.87,103.4,184.89,347.9,184.9,640.9
1753769314940,06:08:34.940,kucoinfutures,SOL/USDT:USDT,185.022,509.0,185.014,66.0,185.023,194.0,185.031,155.0
1753769314947,06:08:34.947,kucoinfutures,SOL/USDT:USDT,185.022,509.0,185.014,66.0,185.023,194.0,185.031,155.0
1753769314951,06:08:34.951,binanceusdm,SOL/USDT:USDT,184.89,724.17,184.88,897.25,184.9,576.58,184.91,830.15
1753769314951,06:08:34.951,binance,SOL/USDT:USDT,184.89,724.17,184.88,897.25,184.9,576.58,184.91,830.15
1753769314950,06:08:34.950,bitget,SOL/USDT:USDT,184.95,13.5,184.934,126.2,184.951,920.8,184.952,282.8
1753769314809,06:08:34.809,okxus,SOL/USDT:USDT,184.88,199.21,184.87,420.46,184.89,430.7,184.9,647.79
1753769314954,06:08:34.954,bitmart,SOL/USDT:USDT,184.89,212.0,184.88,86.0,184.9,348.0,184.91,112.0
1753769314972,06:08:34.972,kucoinfutures,SOL/USDT:USDT,185.022,509.0,185.014,66.0,185.023,194.0,185.031,155.0
1753769314992,06:08:34.992,kucoinfutures,SOL/USDT:USDT,185.022,509.0,185.014,66.0,185.023,194.0,185.031,155.0
1753769315009,06:08:35.009,okx,SOL/USDT:USDT,184.88,199.21,184.87,420.46,184.89,473.91,184.9,669.39
1753769314995,06:08:34.995,kucoinfutures,SOL/USDT:USDT,185.022,768.0,185.014,66.0,185.023,194.0,185.031,155.0
1753769314997,06:08:34.997,kucoinfutures,SOL/USDT:USDT,185.022,768.0,185.014,66.0,185.023,8.0,185.031,155.0
1753769315003,06:08:35.003,kucoinfutures,SOL/USDT:USDT,185.022,768.0,185.014,66.0,185.023,165.0,185.031,155.0
1753769315005,06:08:35.005,kucoinfutures,SOL/USDT:USDT,185.022,768.0,185.014,66.0,185.023,8.0,185.031,155.0
1753769315008,06:08:35.008,kucoinfutures,SOL/USDT:USDT,185.022,768.0,185.014,66.0,185.031,155.0,185.032,331.0
1753769315008,06:08:35.008,kucoinfutures,SOL/USDT:USDT,185.022,768.0,185.014,66.0,185.031,155.0,185.032,331.0
1753769315009,06:08:35.009,kucoinfutures,SOL/USDT:USDT,185.022,768.0,185.014,66.0,185.031,155.0,185.032,331.0
1753769315009,06:08:35.009,kucoinfutures,SOL/USDT:USDT,185.03,19.0,185.023,120.0,185.031,155.0,185.032,331.0
1753769315011,06:08:35.011,kucoinfutures,SOL/USDT:USDT,185.03,290.0,185.023,120.0,185.031,155.0,185.032,331.0
1753769315011,06:08:35.011,kucoinfutures,SOL/USDT:USDT,185.03,290.0,185.023,120.0,185.031,155.0,185.032,331.0
1753769315011,06:08:35.011,kucoinfutures,SOL/USDT:USDT,185.03,392.0,185.023,120.0,185.032,331.0,185.041,31.0
1753769315013,06:08:35.013,kucoinfutures,SOL/USDT:USDT,185.03,392.0,185.023,120.0,185.031,99.0,185.032,331.0
1753769315013,06:08:35.013,kucoinfutures,SOL/USDT:USDT,185.03,504.0,185.023,186.0,185.031,99.0,185.032,331.0
1753769315014,06:08:35.014,kucoinfutures,SOL/USDT:USDT,185.03,504.0,185.023,186.0,185.031,99.0,185.032,331.0
1753769315015,06:08:35.015,kucoinfutures,SOL/USDT:USDT,185.03,631.0,185.024,7.0,185.031,106.0,185.032,331.0
1753769315016,06:08:35.016,kucoinfutures,SOL/USDT:USDT,185.03,527.0,185.024,7.0,185.031,121.0,185.032,331.0
1753769315018,06:08:35.018,kucoinfutures,SOL/USDT:USDT,185.03,341.0,185.023,120.0,185.031,121.0,185.032,331.0
1753769315019,06:08:35.019,kucoinfutures,SOL/USDT:USDT,185.03,453.0,185.023,120.0,185.031,121.0,185.032,331.0
1753769315020,06:08:35.020,kucoinfutures,SOL/USDT:USDT,185.03,453.0,185.023,120.0,185.031,307.0,185.032,331.0
1753769315022,06:08:35.022,kucoinfutures,SOL/USDT:USDT,185.03,453.0,185.023,120.0,185.031,307.0,185.032,331.0
1753769315025,06:08:35.025,kucoinfutures,SOL/USDT:USDT,185.03,453.0,185.023,120.0,185.031,307.0,185.032,331.0
1753769315030,06:08:35.030,kucoinfutures,SOL/USDT:USDT,185.03,453.0,185.023,120.0,185.031,307.0,185.032,331.0
1753769315036,06:08:35.036,kucoinfutures,SOL/USDT:USDT,185.03,453.0,185.023,120.0,185.031,307.0,185.032,331.0
1753769315071,06:08:35.071,bybit,SOL/USDT:USDT,184.88,89.1,184.87,165.4,184.89,275.9,184.9,513.1
1753769314992,06:08:34.992,bitmex,SOL/USDT:USDT,185.0,338000.0,184.99,582000.0,185.02,14000.0,185.04,113000.0
1753769314909,06:08:34.909,okxus,SOL/USDT:USDT,184.88,199.21,184.87,420.46,184.89,473.91,184.9,669.39
1753769315050,06:08:35.050,kucoinfutures,SOL/USDT:USDT,185.03,453.0,185.023,120.0,185.031,307.0,185.032,331.0
1753769315060,06:08:35.060,kucoinfutures,SOL/USDT:USDT,185.03,453.0,185.023,120.0,185.031,307.0,185.032,331.0
1753769315060,06:08:35.060,kucoinfutures,SOL/USDT:USDT,185.03,453.0,185.023,120.0,185.031,307.0,185.032,331.0
1753769315066,06:08:35.066,binanceusdm,SOL/USDT:USDT,184.89,4431.86,184.88,931.45,184.9,509.98,184.91,529.51
1753769315066,06:08:35.066,binance,SOL/USDT:USDT,184.89,4431.86,184.88,931.45,184.9,509.98,184.91,529.51
1753769315066,06:08:35.066,kucoinfutures,SOL/USDT:USDT,185.03,453.0,185.023,120.0,185.031,307.0,185.032,331.0
1753769315067,06:08:35.067,kucoinfutures,SOL/USDT:USDT,185.03,453.0,185.023,120.0,185.031,307.0,185.041,31.0
1753769315067,06:08:35.067,kucoinfutures,SOL/USDT:USDT,185.03,453.0,185.025,262.0,185.031,307.0,185.041,31.0
1753769315069,06:08:35.069,kucoinfutures,SOL/USDT:USDT,185.03,453.0,185.025,262.0,185.031,307.0,185.041,31.0
1753769315070,06:08:35.070,kucoinfutures,SOL/USDT:USDT,185.03,453.0,185.025,262.0,185.031,307.0,185.041,31.0
1753769315071,06:08:35.071,kucoinfutures,SOL/USDT:USDT,185.03,453.0,185.025,262.0,185.031,307.0,185.041,31.0
1753769315073,06:08:35.073,kucoinfutures,SOL/USDT:USDT,185.03,453.0,185.025,262.0,185.031,307.0,185.041,31.0
1753769315075,06:08:35.075,kucoinfutures,SOL/USDT:USDT,185.03,453.0,185.025,262.0,185.031,307.0,185.041,31.0
1753769315078,06:08:35.078,kucoinfutures,SOL/USDT:USDT,185.03,453.0,185.025,262.0,185.031,121.0,185.041,31.0
1753769315074,06:08:35.074,coincatch,SOL/USDT:USDT,184.852,633.9,184.842,1145.5,184.918,698.5,184.928,1060.3
1753769315109,06:08:35.109,okx,SOL/USDT:USDT,184.88,212.22,184.87,442.06,184.89,426.1,184.9,611.79
1753769315095,06:08:35.095,kucoinfutures,SOL/USDT:USDT,185.03,453.0,185.025,262.0,185.031,121.0,185.041,31.0
1753769315099,06:08:35.099,kucoinfutures,SOL/USDT:USDT,185.03,453.0,185.025,262.0,185.031,121.0,185.041,31.0
1753769315101,06:08:35.101,kucoinfutures,SOL/USDT:USDT,185.03,453.0,185.025,262.0,185.031,121.0,185.041,31.0
1753769315100,06:08:35.100,bitget,SOL/USDT:USDT,184.95,49.6,184.934,126.2,184.951,415.6,184.952,282.8
1753769315110,06:08:35.110,kucoinfutures,SOL/USDT:USDT,185.03,453.0,185.025,262.0,185.031,121.0,185.041,31.0
1753769315110,06:08:35.110,kucoinfutures,SOL/USDT:USDT,185.03,453.0,185.025,262.0,185.031,121.0,185.041,31.0
1753769315121,06:08:35.121,kucoinfutures,SOL/USDT:USDT,185.03,453.0,185.025,262.0,185.031,121.0,185.041,31.0
1753769315074,06:08:35.074,bitmex,SOL/USDT:USDT,185.0,338000.0,184.99,582000.0,185.02,14000.0,185.04,113000.0
1753769315127,06:08:35.127,kucoinfutures,SOL/USDT:USDT,185.03,453.0,185.025,262.0,185.031,121.0,185.041,31.0
1753769315171,06:08:35.171,bybit,SOL/USDT:USDT,184.88,99.6,184.87,291.1,184.89,175.7,184.9,485.4
1753769315145,06:08:35.145,kucoinfutures,SOL/USDT:USDT,185.03,453.0,185.025,262.0,185.031,121.0,185.041,31.0
1753769315152,06:08:35.152,kucoinfutures,SOL/USDT:USDT,185.03,453.0,185.025,262.0,185.031,121.0,185.041,31.0
