timestamp,time,exchange,symbol,bid1_price,bid1_volume,bid2_price,bid2_volume,ask1_price,ask1_volume,ask2_price,ask2_volume
1753769515797,06:11:55.797,apex,XRP/USDT:USDT,3.1428,10516.0,3.1425,11341.0,3.1453,10310.0,3.1454,7836.0
1753769515797,06:11:55.797,apex,XRP/USDT:USDT,3.1428,10516.0,3.1425,11341.0,3.1453,10310.0,3.1454,7836.0
1753769515797,06:11:55.797,apex,XRP/USDT:USDT,3.1428,10516.0,3.1425,11341.0,3.1453,10310.0,3.1454,7836.0
1753769515797,06:11:55.797,apex,XRP/USDT:USDT,3.1428,10516.0,3.1425,11341.0,3.1453,10310.0,3.1454,7836.0
1753769515797,06:11:55.797,apex,XRP/USDT:USDT,3.1428,10516.0,3.1425,11341.0,3.1453,10310.0,3.1454,7836.0
1753769515797,06:11:55.797,apex,XRP/USDT:USDT,3.1428,10516.0,3.1425,11341.0,3.1453,10310.0,3.1454,7836.0
1753769515797,06:11:55.797,apex,XRP/USDT:USDT,3.1428,10516.0,3.1425,11341.0,3.1453,10310.0,3.1454,7836.0
1753769515797,06:11:55.797,apex,XRP/USDT:USDT,3.1428,10516.0,3.1425,11341.0,3.1453,10310.0,3.1454,7836.0
1753769515797,06:11:55.797,apex,XRP/USDT:USDT,3.1428,10516.0,3.1425,11341.0,3.1453,10310.0,3.1454,7836.0
1753769515797,06:11:55.797,apex,XRP/USDT:USDT,3.1428,10516.0,3.1425,11341.0,3.1453,10310.0,3.1454,7836.0
1753769515797,06:11:55.797,apex,XRP/USDT:USDT,3.1428,10516.0,3.1425,11341.0,3.1453,10310.0,3.1454,7836.0
1753769515797,06:11:55.797,apex,XRP/USDT:USDT,3.1428,10516.0,3.1425,11341.0,3.1453,10310.0,3.1454,7836.0
1753769515797,06:11:55.797,apex,XRP/USDT:USDT,3.1428,10516.0,3.1425,11341.0,3.1453,10310.0,3.1454,7836.0
1753769515797,06:11:55.797,apex,XRP/USDT:USDT,3.1428,10516.0,3.1425,11341.0,3.1453,10310.0,3.1454,7836.0
1753769515797,06:11:55.797,apex,XRP/USDT:USDT,3.1428,10516.0,3.1425,11341.0,3.1453,10310.0,3.1454,7836.0
1753769515797,06:11:55.797,apex,XRP/USDT:USDT,3.1428,10516.0,3.1425,11341.0,3.1453,10310.0,3.1454,7836.0
1753769515797,06:11:55.797,apex,XRP/USDT:USDT,3.1428,10516.0,3.1425,11341.0,3.1453,10310.0,3.1454,7836.0
1753769515797,06:11:55.797,apex,XRP/USDT:USDT,3.1428,10516.0,3.1425,11341.0,3.1453,10310.0,3.1454,7836.0
1753769515797,06:11:55.797,apex,XRP/USDT:USDT,3.1428,10516.0,3.1425,11341.0,3.1453,10310.0,3.1454,7836.0
1753769515797,06:11:55.797,apex,XRP/USDT:USDT,3.1428,10516.0,3.1425,11341.0,3.1453,10310.0,3.1454,7836.0
1753769515797,06:11:55.797,apex,XRP/USDT:USDT,3.1428,10516.0,3.1425,11341.0,3.1453,10310.0,3.1454,7836.0
1753769515797,06:11:55.797,apex,XRP/USDT:USDT,3.1428,10516.0,3.1425,11341.0,3.1453,10310.0,3.1454,7836.0
1753769517591,06:11:57.591,apex,XRP/USDT:USDT,3.1428,10516.0,3.1425,11341.0,3.1451,12784.0,3.1453,10310.0
1753769518178,06:11:58.178,binance,XRP/USDT:USDT,3.1397,17001.8,3.1396,17108.1,3.1398,3127.0,3.1399,3363.3
1753769518237,06:11:58.237,ascendex,XRP/USDT:USDT,3.1395,8374.0,3.1394,12044.0,3.1406,6495.0,3.1407,6991.0
1753769518400,06:11:58.400,binance,XRP/USDT:USDT,3.1397,17051.6,3.1396,17108.1,3.1398,3258.2,3.1399,3363.3
1753769518400,06:11:58.400,binanceusdm,XRP/USDT:USDT,3.1397,17051.6,3.1396,17108.1,3.1398,3258.2,3.1399,3363.3
1753769518503,06:11:58.503,binance,XRP/USDT:USDT,3.1397,17191.2,3.1396,17108.1,3.1398,3313.6,3.1399,3363.3
1753769518503,06:11:58.503,binanceusdm,XRP/USDT:USDT,3.1397,17191.2,3.1396,17108.1,3.1398,3313.6,3.1399,3363.3
1753769518902,06:11:58.902,ascendex,XRP/USDT:USDT,3.1395,6762.0,3.1394,12044.0,3.1406,6495.0,3.1407,6991.0
1753769519156,06:11:59.156,ascendex,XRP/USDT:USDT,3.1395,6606.0,3.1394,12044.0,3.1406,6495.0,3.1407,6991.0
1753769519268,06:11:59.268,binanceusdm,XRP/USDT:USDT,3.1397,13296.6,3.1396,15516.7,3.1398,3947.9,3.1399,8063.3
1753769519268,06:11:59.268,binance,XRP/USDT:USDT,3.1397,13296.6,3.1396,15516.7,3.1398,3947.9,3.1399,8063.3
1753769519399,06:11:59.399,binance,XRP/USDT:USDT,3.1397,13324.4,3.1396,15516.7,3.1398,3755.1,3.1399,8063.3
1753769519399,06:11:59.399,binanceusdm,XRP/USDT:USDT,3.1397,13324.4,3.1396,15516.7,3.1398,3755.1,3.1399,8063.3
1753769519537,06:11:59.537,ascendex,XRP/USDT:USDT,3.1395,7286.0,3.1394,12044.0,3.1406,6495.0,3.1407,6991.0
1753769519615,06:11:59.615,binanceusdm,XRP/USDT:USDT,3.1397,14153.4,3.1396,17108.1,3.1398,3755.1,3.1399,8063.3
1753769519615,06:11:59.615,binance,XRP/USDT:USDT,3.1397,14153.4,3.1396,17108.1,3.1398,3755.1,3.1399,8063.3
1753769519718,06:11:59.718,binance,XRP/USDT:USDT,3.1397,14153.4,3.1396,17108.1,3.1398,3649.3,3.1399,8063.3
1753769519854,06:11:59.854,binanceusdm,XRP/USDT:USDT,3.1397,14153.4,3.1396,17108.1,3.1398,3649.3,3.1399,8063.3
1753769519854,06:11:59.854,binance,XRP/USDT:USDT,3.1397,14153.4,3.1396,17108.1,3.1398,3649.3,3.1399,8063.3
1753769519764,06:11:59.764,ascendex,XRP/USDT:USDT,3.1394,12044.0,3.1389,10871.0,3.1406,6495.0,3.1407,6991.0
1753769519964,06:11:59.964,binance,XRP/USDT:USDT,3.1397,11199.4,3.1396,15516.7,3.1398,3649.3,3.1399,3363.3
1753769519964,06:11:59.964,binanceusdm,XRP/USDT:USDT,3.1397,11199.4,3.1396,15516.7,3.1398,3649.3,3.1399,3363.3
1753769520085,06:12:00.085,binance,XRP/USDT:USDT,3.1397,11390.6,3.1396,15516.7,3.1398,3649.3,3.1399,3363.3
1753769520085,06:12:00.085,binanceusdm,XRP/USDT:USDT,3.1397,11390.6,3.1396,15516.7,3.1398,3649.3,3.1399,3363.3
1753769520193,06:12:00.193,binance,XRP/USDT:USDT,3.1397,11395.0,3.1396,15516.7,3.1398,3649.3,3.1399,3363.3
1753769520193,06:12:00.193,binanceusdm,XRP/USDT:USDT,3.1397,11395.0,3.1396,15516.7,3.1398,3649.3,3.1399,3363.3
1753769520171,06:12:00.171,ascendex,XRP/USDT:USDT,3.1395,4604.0,3.1394,12044.0,3.1406,6495.0,3.1407,6991.0
1753769520402,06:12:00.402,binanceusdm,XRP/USDT:USDT,3.1397,11406.9,3.1396,17093.6,3.1398,3649.4,3.1399,3363.3
1753769520402,06:12:00.402,binance,XRP/USDT:USDT,3.1397,11406.9,3.1396,17093.6,3.1398,3649.4,3.1399,3363.3
1753769520503,06:12:00.503,binance,XRP/USDT:USDT,3.1397,15902.1,3.1396,17093.6,3.1398,3649.6,3.1399,3363.3
1753769520503,06:12:00.503,binanceusdm,XRP/USDT:USDT,3.1397,15902.1,3.1396,17093.6,3.1398,3649.6,3.1399,3363.3
1753769520485,06:12:00.485,ascendex,XRP/USDT:USDT,3.1394,12044.0,3.1389,10871.0,3.1406,6495.0,3.1407,6991.0
1753769520809,06:12:00.809,binanceusdm,XRP/USDT:USDT,3.1397,21001.2,3.1396,17093.6,3.1398,3493.4,3.1399,3363.3
1753769520809,06:12:00.809,binance,XRP/USDT:USDT,3.1397,21001.2,3.1396,17093.6,3.1398,3493.4,3.1399,3363.3
1753769520811,06:12:00.811,ascendex,XRP/USDT:USDT,3.1395,4784.0,3.1394,12044.0,3.1406,6495.0,3.1407,6991.0
1753769520910,06:12:00.910,binance,XRP/USDT:USDT,3.1397,21019.5,3.1396,17555.0,3.1398,3723.6,3.1399,52.1
1753769520910,06:12:00.910,binanceusdm,XRP/USDT:USDT,3.1397,21019.5,3.1396,17555.0,3.1398,3723.6,3.1399,52.1
1753769521015,06:12:01.015,binanceusdm,XRP/USDT:USDT,3.1397,21478.4,3.1396,17555.0,3.1398,3723.6,3.1399,52.1
1753769521015,06:12:01.015,binance,XRP/USDT:USDT,3.1397,21478.4,3.1396,17555.0,3.1398,3723.6,3.1399,52.1
1753769521126,06:12:01.126,binanceusdm,XRP/USDT:USDT,3.1397,21481.4,3.1396,15978.1,3.1398,3723.6,3.1399,52.1
1753769521126,06:12:01.126,binance,XRP/USDT:USDT,3.1397,21481.4,3.1396,15978.1,3.1398,3723.6,3.1399,52.1
1753769521024,06:12:01.024,ascendex,XRP/USDT:USDT,3.1394,12044.0,3.1389,10871.0,3.1406,6495.0,3.1407,6991.0
1753769521237,06:12:01.237,binanceusdm,XRP/USDT:USDT,3.1397,21692.0,3.1396,15978.1,3.1398,3717.8,3.1399,52.1
1753769521237,06:12:01.237,binance,XRP/USDT:USDT,3.1397,21692.0,3.1396,15978.1,3.1398,3717.8,3.1399,52.1
1753769521044,06:12:01.044,bitget,XRP/USDT:USDT,3.1399,15389.0,3.1398,13268.0,3.14,7010.0,3.1401,8114.0
1753769521339,06:12:01.339,binance,XRP/USDT:USDT,3.1397,21691.9,3.1396,15978.1,3.1398,3717.8,3.1399,52.1
1753769521339,06:12:01.339,binanceusdm,XRP/USDT:USDT,3.1397,21691.9,3.1396,15978.1,3.1398,3717.8,3.1399,52.1
1753769521346,06:12:01.346,bitget,XRP/USDT:USDT,3.1399,13846.0,3.1398,13268.0,3.14,4949.0,3.1401,8114.0
1753769521444,06:12:01.444,binanceusdm,XRP/USDT:USDT,3.1397,21619.8,3.1396,15787.3,3.1398,2562.7,3.1399,52.1
1753769521444,06:12:01.444,binance,XRP/USDT:USDT,3.1397,21619.8,3.1396,15787.3,3.1398,2562.7,3.1399,52.1
1753769521388,06:12:01.388,ascendex,XRP/USDT:USDT,3.1395,4826.0,3.1394,8545.0,3.1406,6495.0,3.1407,6991.0
1753769521753,06:12:01.753,binanceusdm,XRP/USDT:USDT,3.1397,22239.5,3.1396,17555.0,3.1398,4021.4,3.1399,4752.1
1753769521864,06:12:01.864,bitfinex,XRP/USDT:USDT,3.1414,546.0,3.1411,318.37,3.1415,121.0,3.1416,318.33
1753769521770,06:12:01.770,ascendex,XRP/USDT:USDT,3.1395,6827.0,3.1394,8545.0,3.1406,6495.0,3.1407,6991.0
1753769521804,06:12:01.804,bitget,XRP/USDT:USDT,3.1399,23399.0,3.1398,13268.0,3.14,2436.0,3.1401,8114.0
1753769521903,06:12:01.903,binance,XRP/USDT:USDT,3.1397,22239.0,3.1396,17555.0,3.1398,4019.5,3.1399,52.1
1753769521903,06:12:01.903,binanceusdm,XRP/USDT:USDT,3.1397,22239.0,3.1396,17555.0,3.1398,4019.5,3.1399,52.1
1753769521953,06:12:01.953,bitget,XRP/USDT:USDT,3.1399,23399.0,3.1398,13268.0,3.14,2478.0,3.1401,8114.0
1753769522058,06:12:02.058,ascendex,XRP/USDT:USDT,3.1395,7962.0,3.1394,8545.0,3.1406,6495.0,3.1407,6991.0
1753769522110,06:12:02.110,binanceusdm,XRP/USDT:USDT,3.1397,22246.2,3.1396,19531.5,3.1398,4019.5,3.1399,52.1
1753769522110,06:12:02.110,binance,XRP/USDT:USDT,3.1397,22246.2,3.1396,19531.5,3.1398,4019.5,3.1399,52.1
1753769522105,06:12:02.105,bitget,XRP/USDT:USDT,3.1399,23399.0,3.1398,13268.0,3.14,2478.0,3.1402,25447.0
1753769522212,06:12:02.212,binanceusdm,XRP/USDT:USDT,3.1397,24546.2,3.1396,19340.7,3.1398,4022.7,3.1399,52.1
1753769522212,06:12:02.212,binance,XRP/USDT:USDT,3.1397,24546.2,3.1396,19340.7,3.1398,4022.7,3.1399,52.1
1753769522258,06:12:02.258,bitget,XRP/USDT:USDT,3.1399,23399.0,3.1398,20989.0,3.14,2436.0,3.1402,25447.0
1753769522559,06:12:02.559,bitget,XRP/USDT:USDT,3.1399,23399.0,3.1398,24176.0,3.14,3984.0,3.1402,29219.0
1753769522401,06:12:02.401,ascendex,XRP/USDT:USDT,3.1395,4836.0,3.1394,11666.0,3.1406,6495.0,3.1407,6991.0
1753769522711,06:12:02.711,bitget,XRP/USDT:USDT,3.1399,13846.0,3.1398,24176.0,3.14,3984.0,3.1401,3266.0
1753769522734,06:12:02.734,binanceusdm,XRP/USDT:USDT,3.1397,22329.6,3.1396,19454.3,3.1398,4023.1,3.1399,4752.1
1753769522734,06:12:02.734,binance,XRP/USDT:USDT,3.1397,22329.6,3.1396,19454.3,3.1398,4023.1,3.1399,4752.1
1753769522694,06:12:02.694,ascendex,XRP/USDT:USDT,3.1395,5243.0,3.1394,11666.0,3.1406,6495.0,3.1407,6991.0
1753769522843,06:12:02.843,binance,XRP/USDT:USDT,3.1397,22329.6,3.1396,19454.3,3.1398,4023.1,3.1399,4752.1
1753769522843,06:12:02.843,binanceusdm,XRP/USDT:USDT,3.1397,22329.6,3.1396,19454.3,3.1398,4023.1,3.1399,4752.1
1753769522864,06:12:02.864,bitget,XRP/USDT:USDT,3.1399,13846.0,3.1398,24176.0,3.14,4726.0,3.1401,3266.0
1753769522944,06:12:02.944,binance,XRP/USDT:USDT,3.1397,22329.6,3.1396,19454.3,3.1398,4023.1,3.1399,4752.1
1753769522944,06:12:02.944,binanceusdm,XRP/USDT:USDT,3.1397,22329.6,3.1396,19454.3,3.1398,4023.1,3.1399,4752.1
1753769523020,06:12:03.020,bitget,XRP/USDT:USDT,3.1399,13846.0,3.1398,24176.0,3.14,4726.0,3.1401,3266.0
1753769523009,06:12:03.009,ascendex,XRP/USDT:USDT,3.1394,11666.0,3.1389,12983.0,3.1406,6495.0,3.1407,6991.0
1753769523056,06:12:03.056,binanceusdm,XRP/USDT:USDT,3.1397,22329.6,3.1396,19580.8,3.1398,4023.1,3.1399,52.1
1753769523056,06:12:03.056,binance,XRP/USDT:USDT,3.1397,22329.6,3.1396,19580.8,3.1398,4023.1,3.1399,52.1
1753769523159,06:12:03.159,binanceusdm,XRP/USDT:USDT,3.1397,22329.6,3.1396,19580.8,3.1398,4023.1,3.1399,52.1
1753769523159,06:12:03.159,binance,XRP/USDT:USDT,3.1397,22329.6,3.1396,19580.8,3.1398,4023.1,3.1399,52.1
1753769523172,06:12:03.172,bitget,XRP/USDT:USDT,3.1399,13846.0,3.1398,24176.0,3.14,4726.0,3.1401,3266.0
1753769523261,06:12:03.261,binance,XRP/USDT:USDT,3.1397,22328.7,3.1396,19580.8,3.1398,4023.1,3.1399,52.1
1753769523261,06:12:03.261,binanceusdm,XRP/USDT:USDT,3.1397,22328.7,3.1396,19580.8,3.1398,4023.1,3.1399,52.1
1753769523623,06:12:03.623,bitfinex,XRP/USDT:USDT,3.1414,546.0,3.1411,318.37,3.1415,121.0,3.1416,318.33
1753769523568,06:12:03.568,binance,XRP/USDT:USDT,3.1397,22296.7,3.1396,19580.8,3.1398,4036.5,3.1399,4752.1
1753769523480,06:12:03.480,bitget,XRP/USDT:USDT,3.1399,13846.0,3.1398,24176.0,3.14,4726.0,3.1402,26127.0
1753769523256,06:12:03.256,ascendex,XRP/USDT:USDT,3.1395,4327.0,3.1394,11666.0,3.1406,6495.0,3.1407,6991.0
1753769523634,06:12:03.634,bitget,XRP/USDT:USDT,3.1399,13846.0,3.1398,24176.0,3.14,4726.0,3.1402,29491.0
1753769523671,06:12:03.671,binance,XRP/USDT:USDT,3.1397,20432.3,3.1396,19580.8,3.1398,4036.5,3.1399,4752.1
1753769523671,06:12:03.671,binanceusdm,XRP/USDT:USDT,3.1397,20432.3,3.1396,19580.8,3.1398,4036.5,3.1399,4752.1
1753769523617,06:12:03.617,ascendex,XRP/USDT:USDT,3.1394,11666.0,3.1389,12983.0,3.1406,6495.0,3.1407,6991.0
1753769523995,06:12:03.995,binanceusdm,XRP/USDT:USDT,3.1397,22715.3,3.1396,19542.0,3.1398,3656.5,3.1399,4752.1
1753769523911,06:12:03.911,ascendex,XRP/USDT:USDT,3.1395,6855.0,3.1394,11666.0,3.1406,6495.0,3.1407,6991.0
1753769524100,06:12:04.100,binanceusdm,XRP/USDT:USDT,3.1397,22715.3,3.1396,19542.0,3.1398,3646.4,3.1399,4752.1
1753769524100,06:12:04.100,binance,XRP/USDT:USDT,3.1397,22715.3,3.1396,19542.0,3.1398,3646.4,3.1399,4752.1
1753769524116,06:12:04.116,bitmart,XRP/USDT:USDT,3.1397,84263.0,3.1396,15747.0,3.1398,19656.0,3.1399,13752.0
1753769524204,06:12:04.204,binance,XRP/USDT:USDT,3.1397,22715.3,3.1396,18081.1,3.1398,4090.2,3.1399,4752.1
1753769524204,06:12:04.204,binanceusdm,XRP/USDT:USDT,3.1397,22715.3,3.1396,18081.1,3.1398,4090.2,3.1399,4752.1
1753769524244,06:12:04.244,bitget,XRP/USDT:USDT,3.1399,13846.0,3.1398,24176.0,3.14,4726.0,3.1401,6328.0
1753769524243,06:12:04.243,ascendex,XRP/USDT:USDT,3.1395,6040.0,3.1394,11666.0,3.1406,6495.0,3.1407,6991.0
1753769524316,06:12:04.316,bitmart,XRP/USDT:USDT,3.1397,84263.0,3.1396,15747.0,3.1398,19656.0,3.1399,13752.0
1753769524329,06:12:04.329,binance,XRP/USDT:USDT,3.1397,22714.3,3.1396,18081.1,3.1398,4087.7,3.1399,4752.1
1753769524329,06:12:04.329,binanceusdm,XRP/USDT:USDT,3.1397,22714.3,3.1396,18081.1,3.1398,4087.7,3.1399,4752.1
1753769524432,06:12:04.432,binance,XRP/USDT:USDT,3.1397,22662.5,3.1396,18081.1,3.1398,8787.7,3.1399,4752.1
1753769524432,06:12:04.432,binanceusdm,XRP/USDT:USDT,3.1397,22662.5,3.1396,18081.1,3.1398,8787.7,3.1399,4752.1
1753769524584,06:12:04.584,ascendex,XRP/USDT:USDT,3.1395,4828.0,3.1394,11666.0,3.1406,6495.0,3.1407,6991.0
1753769524641,06:12:04.641,binance,XRP/USDT:USDT,3.1397,8263.5,3.1396,17890.3,3.1398,18633.4,3.1399,12285.1
1753769524700,06:12:04.700,bitget,XRP/USDT:USDT,3.1399,7057.0,3.1398,24176.0,3.14,8290.0,3.1401,11775.0
1753769524664,06:12:04.664,bitmex,XRP/USDT:USDT,3.1396,14600.0,3.1395,3100.0,3.1409,32300.0,3.141,116400.0
1753769524725,06:12:04.725,bitmart,XRP/USDT:USDT,3.1397,84263.0,3.1396,15747.0,3.1398,19656.0,3.1399,13752.0
1753769524742,06:12:04.742,binanceusdm,XRP/USDT:USDT,3.1397,7969.2,3.1396,17890.3,3.1398,18633.4,3.1399,12285.1
1753769524742,06:12:04.742,binance,XRP/USDT:USDT,3.1397,7969.2,3.1396,17890.3,3.1398,18633.4,3.1399,12285.1
1753769524801,06:12:04.801,bitfinex,XRP/USDT:USDT,3.1414,546.0,3.1411,318.37,3.1415,121.0,3.1418,261.20789204
1753769524801,06:12:04.801,bitfinex,XRP/USDT:USDT,3.1414,546.0,3.1411,318.37,3.1415,439.33,3.1418,261.20789204
1753769524802,06:12:04.802,bitfinex,XRP/USDT:USDT,3.1414,546.0,3.1411,318.37,3.1415,439.33,3.1418,261.20789204
1753769524714,06:12:04.714,bitmex,XRP/USDT:USDT,3.1396,14600.0,3.1395,3100.0,3.1409,32300.0,3.141,116400.0
1753769524763,06:12:04.763,bitmex,XRP/USDT:USDT,3.1396,14600.0,3.1395,3100.0,3.1409,32300.0,3.141,230800.0
1753769524844,06:12:04.844,binanceusdm,XRP/USDT:USDT,3.1397,9727.6,3.1396,17890.3,3.1398,15451.2,3.1399,9374.8
1753769524844,06:12:04.844,binance,XRP/USDT:USDT,3.1397,9727.6,3.1396,17890.3,3.1398,15451.2,3.1399,9374.8
1753769524853,06:12:04.853,bitget,XRP/USDT:USDT,3.1399,7057.0,3.1398,13268.0,3.14,21193.0,3.1401,11775.0
1753769524812,06:12:04.812,bitmex,XRP/USDT:USDT,3.1396,14600.0,3.1395,3100.0,3.1409,32300.0,3.141,230800.0
1753769524861,06:12:04.861,bitmex,XRP/USDT:USDT,3.1396,14600.0,3.1395,3100.0,3.1409,32300.0,3.141,116400.0
1753769524912,06:12:04.912,ascendex,XRP/USDT:USDT,3.1394,11666.0,3.1389,12870.0,3.1406,6495.0,3.1407,6991.0
1753769524945,06:12:04.945,binance,XRP/USDT:USDT,3.1397,9685.9,3.1396,17428.9,3.1398,15171.1,3.1399,10878.7
1753769524945,06:12:04.945,binanceusdm,XRP/USDT:USDT,3.1397,9685.9,3.1396,17428.9,3.1398,15171.1,3.1399,10878.7
1753769524996,06:12:04.996,bitfinex,XRP/USDT:USDT,3.1414,546.0,3.1407,261.20789204,3.1415,439.33,3.1418,261.20789204
1753769524996,06:12:04.996,bitfinex,XRP/USDT:USDT,3.1414,546.0,3.1409,318.38,3.1415,439.33,3.1418,261.20789204
1753769525005,06:12:05.005,bitget,XRP/USDT:USDT,3.1399,11742.0,3.1398,13268.0,3.14,30667.0,3.1401,11382.0
1753769525046,06:12:05.046,binance,XRP/USDT:USDT,3.1397,9968.5,3.1396,17428.9,3.1398,15035.5,3.1399,8101.5
1753769525046,06:12:05.046,binanceusdm,XRP/USDT:USDT,3.1397,9968.5,3.1396,17428.9,3.1398,15035.5,3.1399,8101.5
1753769525037,06:12:05.037,bitmex,XRP/USDT:USDT,3.1396,14600.0,3.1395,3100.0,3.1409,32300.0,3.141,116400.0
1753769525087,06:12:05.087,bitmex,XRP/USDT:USDT,3.1396,14600.0,3.1395,3100.0,3.1409,32300.0,3.141,116400.0
1753769525149,06:12:05.149,binanceusdm,XRP/USDT:USDT,3.1397,10137.0,3.1396,17428.9,3.1398,15035.5,3.1399,8101.5
1753769525149,06:12:05.149,binance,XRP/USDT:USDT,3.1397,10137.0,3.1396,17428.9,3.1398,15035.5,3.1399,8101.5
1753769525158,06:12:05.158,bitget,XRP/USDT:USDT,3.1399,11742.0,3.1398,13268.0,3.14,30667.0,3.1401,11382.0
1753769525251,06:12:05.251,binance,XRP/USDT:USDT,3.1397,9303.1,3.1396,17428.9,3.1398,15120.9,3.1399,8101.5
1753769525251,06:12:05.251,binanceusdm,XRP/USDT:USDT,3.1397,9303.1,3.1396,17428.9,3.1398,15120.9,3.1399,8101.5
1753769525246,06:12:05.246,bitmex,XRP/USDT:USDT,3.1396,14600.0,3.1395,3100.0,3.1409,32300.0,3.141,116400.0
1753769525295,06:12:05.295,bitmex,XRP/USDT:USDT,3.1396,14600.0,3.1395,3100.0,3.1409,32300.0,3.141,230800.0
1753769525355,06:12:05.355,binanceusdm,XRP/USDT:USDT,3.1397,17657.9,3.1396,15901.6,3.1398,7627.5,3.1399,3418.3
1753769525355,06:12:05.355,binance,XRP/USDT:USDT,3.1397,17657.9,3.1396,15901.6,3.1398,7627.5,3.1399,3418.3
1753769525394,06:12:05.394,bitmex,XRP/USDT:USDT,3.1396,14600.0,3.1395,3100.0,3.1409,32300.0,3.141,230800.0
1753769525487,06:12:05.487,bitfinex,XRP/USDT:USDT,3.1414,546.0,3.1407,261.20789204,3.1415,439.33,3.1418,261.20789204
1753769525488,06:12:05.488,bitfinex,XRP/USDT:USDT,3.1414,546.0,3.141,318.38,3.1415,439.33,3.1418,261.20789204
1753769525458,06:12:05.458,binanceusdm,XRP/USDT:USDT,3.1397,14800.8,3.1396,15901.6,3.1398,7618.5,3.1399,4785.0
1753769525458,06:12:05.458,binance,XRP/USDT:USDT,3.1397,14800.8,3.1396,15901.6,3.1398,7618.5,3.1399,4785.0
1753769525465,06:12:05.465,bitget,XRP/USDT:USDT,3.1399,15687.0,3.1398,13268.0,3.14,37590.0,3.1401,11382.0
1753769525443,06:12:05.443,bitmex,XRP/USDT:USDT,3.1396,14600.0,3.1395,3100.0,3.1409,32300.0,3.141,116400.0
1753769525490,06:12:05.490,ascendex,XRP/USDT:USDT,3.1395,7289.0,3.1394,11666.0,3.1406,6495.0,3.1407,6991.0
1753769525492,06:12:05.492,bitmex,XRP/USDT:USDT,3.1396,14600.0,3.1395,3100.0,3.1409,32300.0,3.141,116400.0
1753769525575,06:12:05.575,binance,XRP/USDT:USDT,3.1397,17115.6,3.1396,15901.6,3.1398,3526.3,3.1399,3418.3
1753769525677,06:12:05.677,binanceusdm,XRP/USDT:USDT,3.1397,17112.1,3.1396,15901.6,3.1398,3515.3,3.1399,3418.3
1753769525677,06:12:05.677,binance,XRP/USDT:USDT,3.1397,17112.1,3.1396,15901.6,3.1398,3515.3,3.1399,3418.3
1753769525982,06:12:05.982,binanceusdm,XRP/USDT:USDT,3.1397,17067.7,3.1396,15901.6,3.1398,3826.2,3.1399,3418.3
1753769525924,06:12:05.924,bitmart,XRP/USDT:USDT,3.1397,72668.0,3.1396,15747.0,3.1398,17280.0,3.1399,13752.0
1753769525845,06:12:05.845,ascendex,XRP/USDT:USDT,3.1394,11666.0,3.1389,10711.0,3.1406,6495.0,3.1407,6991.0
1753769525394,06:12:05.394,blofin,XRP/USDT:USDT,3.1375,30.0,3.1374,330.0,3.1376,90.0,3.1377,305.0
1753769526008,06:12:06.008,bitmex,XRP/USDT:USDT,3.1396,14600.0,3.1395,3100.0,3.1409,32300.0,3.141,226300.0
1753769526076,06:12:06.076,bitget,XRP/USDT:USDT,3.1399,7968.0,3.1398,13268.0,3.14,7437.0,3.1401,11382.0
1753769526084,06:12:06.084,binanceusdm,XRP/USDT:USDT,3.1397,17067.7,3.1396,15901.6,3.1398,3826.2,3.1399,3418.3
1753769526084,06:12:06.084,binance,XRP/USDT:USDT,3.1397,17067.7,3.1396,15901.6,3.1398,3826.2,3.1399,3418.3
1753769526057,06:12:06.057,bitmex,XRP/USDT:USDT,3.1396,14600.0,3.1395,3100.0,3.1409,32300.0,3.141,226300.0
1753769526409,06:12:06.409,bitfinex,XRP/USDT:USDT,3.1414,546.0,3.141,318.38,3.1415,439.33,3.1418,261.20789204
1753769526430,06:12:06.430,bitfinex,XRP/USDT:USDT,3.1414,546.0,3.141,318.38,3.1415,439.33,3.1418,261.20789204
1753769526144,06:12:06.144,ascendex,XRP/USDT:USDT,3.1394,7325.0,3.1389,10711.0,3.1406,6495.0,3.1407,6991.0
1753769526316,06:12:06.316,bitmart,XRP/USDT:USDT,3.1397,72668.0,3.1396,15747.0,3.1398,17280.0,3.1399,13752.0
1753769526489,06:12:06.489,bitfinex,XRP/USDT:USDT,3.1414,546.0,3.141,318.38,3.1415,439.33,3.1418,261.20789204
1753769526492,06:12:06.492,bitfinex,XRP/USDT:USDT,3.1414,546.0,3.141,318.38,3.1415,439.33,3.1418,261.20789204
1753769526493,06:12:06.493,bitfinex,XRP/USDT:USDT,3.1414,546.0,3.141,318.38,3.1415,439.33,3.1418,261.20789204
1753769526410,06:12:06.410,binance,XRP/USDT:USDT,3.1397,17930.0,3.1396,17223.1,3.1398,3810.8,3.1399,52.1
1753769526410,06:12:06.410,binanceusdm,XRP/USDT:USDT,3.1397,17930.0,3.1396,17223.1,3.1398,3810.8,3.1399,52.1
1753769526490,06:12:06.490,bybit,XRP/USDT:USDT,3.1393,8147.0,3.1392,2096.0,3.1394,7409.0,3.1395,156.0
1753769526436,06:12:06.436,bitmex,XRP/USDT:USDT,3.1396,14600.0,3.1395,3100.0,3.1409,32300.0,3.141,226300.0
1753769526484,06:12:06.484,ascendex,XRP/USDT:USDT,3.1395,10588.0,3.1394,11834.0,3.1406,6495.0,3.1407,6991.0
1753769526518,06:12:06.518,bitmart,XRP/USDT:USDT,3.1397,72668.0,3.1396,15747.0,3.1398,17280.0,3.1399,13752.0
1753769526527,06:12:06.527,bitget,XRP/USDT:USDT,3.1399,7171.0,3.1398,13271.0,3.14,6747.0,3.1401,11382.0
1753769526485,06:12:06.485,bitmex,XRP/USDT:USDT,3.1396,14600.0,3.1395,3100.0,3.1409,32300.0,3.141,226300.0
1753769526593,06:12:06.593,bybit,XRP/USDT:USDT,3.1393,8147.0,3.1392,2096.0,3.1394,7634.0,3.1395,156.0
1753769526617,06:12:06.617,binance,XRP/USDT:USDT,3.1397,22630.0,3.1396,17223.1,3.1398,3808.0,3.1399,52.1
1753769526617,06:12:06.617,binanceusdm,XRP/USDT:USDT,3.1397,22630.0,3.1396,17223.1,3.1398,3808.0,3.1399,52.1
1753769526437,06:12:06.437,blofin,XRP/USDT:USDT,3.1375,52.0,3.1374,212.0,3.1376,49.0,3.1377,210.0
1753769526691,06:12:06.691,bybit,XRP/USDT:USDT,3.1393,8147.0,3.1392,2096.0,3.1394,7634.0,3.1395,156.0
1753769526677,06:12:06.677,bitget,XRP/USDT:USDT,3.1399,46033.0,3.1398,13271.0,3.14,58.0,3.1402,29491.0
1753769526730,06:12:06.730,binance,XRP/USDT:USDT,3.1397,21769.9,3.1396,16363.0,3.1398,3808.0,3.1399,52.1
1753769526730,06:12:06.730,binanceusdm,XRP/USDT:USDT,3.1397,21769.9,3.1396,16363.0,3.1398,3808.0,3.1399,52.1
1753769526783,06:12:06.783,bitfinex,XRP/USDT:USDT,3.1414,546.0,3.1407,261.20789204,3.1415,439.33,3.1418,261.20789204
1753769526784,06:12:06.784,bitfinex,XRP/USDT:USDT,3.1414,546.0,3.1411,318.37,3.1415,439.33,3.1418,261.20789204
1753769526785,06:12:06.785,bitfinex,XRP/USDT:USDT,3.1414,546.0,3.1411,318.37,3.1415,439.33,3.1418,261.20789204
1753769526791,06:12:06.791,bybit,XRP/USDT:USDT,3.1393,9547.0,3.1392,3496.0,3.1394,7634.0,3.1395,156.0
1753769526704,06:12:06.704,ascendex,XRP/USDT:USDT,3.1395,4582.0,3.1394,11834.0,3.1406,6495.0,3.1407,6991.0
1753769526827,06:12:06.827,bitget,XRP/USDT:USDT,3.1399,55585.0,3.1398,13271.0,3.14,4674.0,3.1402,29491.0
1753769526854,06:12:06.854,binanceusdm,XRP/USDT:USDT,3.1397,21769.9,3.1396,16363.0,3.1398,3808.0,3.1399,52.1
1753769526854,06:12:06.854,binance,XRP/USDT:USDT,3.1397,21769.9,3.1396,16363.0,3.1398,3808.0,3.1399,52.1
1753769526891,06:12:06.891,bybit,XRP/USDT:USDT,3.1393,9547.0,3.1392,3496.0,3.1394,7634.0,3.1395,156.0
1753769526981,06:12:06.981,bitfinex,XRP/USDT:USDT,3.1414,546.0,3.1411,318.37,3.1415,439.33,3.1418,261.20789204
1753769526982,06:12:06.982,bitfinex,XRP/USDT:USDT,3.1414,546.0,3.1411,318.37,3.1415,121.0,3.1416,318.32
1753769526991,06:12:06.991,bybit,XRP/USDT:USDT,3.1393,9547.0,3.1392,3496.0,3.1394,7634.0,3.1395,156.0
1753769526967,06:12:06.967,binance,XRP/USDT:USDT,3.1397,21769.9,3.1396,16363.0,3.1398,3808.0,3.1399,52.1
1753769526967,06:12:06.967,binanceusdm,XRP/USDT:USDT,3.1397,21769.9,3.1396,16363.0,3.1398,3808.0,3.1399,52.1
1753769527091,06:12:07.091,bybit,XRP/USDT:USDT,3.1393,9547.0,3.1392,3496.0,3.1394,7634.0,3.1395,156.0
1753769527070,06:12:07.070,binanceusdm,XRP/USDT:USDT,3.1397,21769.9,3.1396,16363.0,3.1398,3808.0,3.1399,52.1
1753769527070,06:12:07.070,binance,XRP/USDT:USDT,3.1397,21769.9,3.1396,16363.0,3.1398,3808.0,3.1399,52.1
1753769527120,06:12:07.120,bitmart,XRP/USDT:USDT,3.1397,72668.0,3.1396,15747.0,3.1398,17280.0,3.1399,13752.0
1753769527127,06:12:07.127,bitget,XRP/USDT:USDT,3.1399,55585.0,3.1398,21705.0,3.14,4674.0,3.1402,29491.0
1753769527191,06:12:07.191,bitfinex,XRP/USDT:USDT,3.1414,546.0,3.1411,318.37,3.1415,121.0,3.1416,318.32
1753769527074,06:12:07.074,ascendex,XRP/USDT:USDT,3.1395,8974.0,3.1394,8403.0,3.1406,6495.0,3.1407,6991.0
1753769527192,06:12:07.192,bitfinex,XRP/USDT:USDT,3.1414,546.0,3.1411,318.37,3.1415,121.0,3.1416,318.32
1753769527190,06:12:07.190,bybit,XRP/USDT:USDT,3.1393,8147.0,3.1392,2096.0,3.1394,7634.0,3.1395,156.0
1753769527174,06:12:07.174,binance,XRP/USDT:USDT,3.1397,17070.6,3.1396,16363.0,3.1398,3555.9,3.1399,52.1
1753769527174,06:12:07.174,binanceusdm,XRP/USDT:USDT,3.1397,17070.6,3.1396,16363.0,3.1398,3555.9,3.1399,52.1
1753769527291,06:12:07.291,bybit,XRP/USDT:USDT,3.1393,9858.0,3.1392,2096.0,3.1394,8347.0,3.1395,156.0
1753769527276,06:12:07.276,binance,XRP/USDT:USDT,3.1397,17146.2,3.1396,16363.0,3.1398,3555.9,3.1399,52.1
1753769527276,06:12:07.276,binanceusdm,XRP/USDT:USDT,3.1397,17146.2,3.1396,16363.0,3.1398,3555.9,3.1399,52.1
1753769527277,06:12:07.277,bitget,XRP/USDT:USDT,3.1399,54788.0,3.1398,21705.0,3.14,4674.0,3.1401,4909.0
1753769527321,06:12:07.321,bitmart,XRP/USDT:USDT,3.1397,72668.0,3.1396,15747.0,3.1398,17280.0,3.1399,13752.0
1753769527379,06:12:07.379,bitfinex,XRP/USDT:USDT,3.1414,546.0,3.1411,318.37,3.1415,121.0,3.1416,318.32
1753769527380,06:12:07.380,bitfinex,XRP/USDT:USDT,3.1414,546.0,3.1411,318.37,3.1415,121.0,3.1416,318.32
1753769527391,06:12:07.391,bybit,XRP/USDT:USDT,3.1393,9858.0,3.1392,2096.0,3.1394,8347.0,3.1395,156.0
1753769526949,06:12:06.949,blofin,XRP/USDT:USDT,3.1375,52.0,3.1374,212.0,3.1376,49.0,3.1377,210.0
1753769527402,06:12:07.402,binanceusdm,XRP/USDT:USDT,3.1397,17333.7,3.1396,15981.4,3.1398,3562.9,3.1399,52.1
1753769527427,06:12:07.427,bitget,XRP/USDT:USDT,3.1399,54788.0,3.1398,21705.0,3.14,5397.0,3.1401,4909.0
1753769527490,06:12:07.490,bybit,XRP/USDT:USDT,3.1393,9858.0,3.1392,2096.0,3.1394,8347.0,3.1395,156.0
1753769527299,06:12:07.299,ascendex,XRP/USDT:USDT,3.1395,4582.0,3.1394,8403.0,3.1406,6495.0,3.1407,6991.0
1753769527504,06:12:07.504,binanceusdm,XRP/USDT:USDT,3.1397,17142.9,3.1396,16365.7,3.1398,3562.9,3.1399,52.1
1753769527504,06:12:07.504,binance,XRP/USDT:USDT,3.1397,17142.9,3.1396,16365.7,3.1398,3562.9,3.1399,52.1
1753769527293,06:12:07.293,coincatch,XRP/USDT:USDT,3.1397,17441.0,3.1396,15412.0,3.1398,9287.0,3.1399,9233.0
1753769527475,06:12:07.475,bitmex,XRP/USDT:USDT,3.1396,14600.0,3.1395,3100.0,3.1409,32300.0,3.141,226300.0
1753769527523,06:12:07.523,bitmart,XRP/USDT:USDT,3.1397,108257.0,3.1396,15747.0,3.1398,35108.0,3.1399,13752.0
1753769527583,06:12:07.583,bitfinex,XRP/USDT:USDT,3.1414,546.0,3.1411,318.37,3.1415,121.0,3.1416,318.32
1753769527584,06:12:07.584,bitfinex,XRP/USDT:USDT,3.1414,546.0,3.1411,318.37,3.1415,121.0,3.1416,318.32
1753769527584,06:12:07.584,bitfinex,XRP/USDT:USDT,3.1414,546.0,3.1411,318.37,3.1415,121.0,3.1416,318.32
1753769527591,06:12:07.591,bybit,XRP/USDT:USDT,3.1393,9858.0,3.1392,2096.0,3.1394,8425.0,3.1395,156.0
1753769527525,06:12:07.525,bitmex,XRP/USDT:USDT,3.1396,14600.0,3.1395,3100.0,3.1409,32300.0,3.141,226300.0
1753769527577,06:12:07.577,bitget,XRP/USDT:USDT,3.1399,54788.0,3.1398,21705.0,3.14,5397.0,3.1401,4909.0
1753769527594,06:12:07.594,coincatch,XRP/USDT:USDT,3.1397,18029.0,3.1396,15412.0,3.1398,10413.0,3.1399,9699.0
1753769527609,06:12:07.609,binanceusdm,XRP/USDT:USDT,3.1397,17333.7,3.1396,15984.1,3.1398,3603.5,3.1399,52.1
1753769527609,06:12:07.609,binance,XRP/USDT:USDT,3.1397,17333.7,3.1396,15984.1,3.1398,3603.5,3.1399,52.1
1753769527647,06:12:07.647,bitmex,XRP/USDT:USDT,3.1396,14600.0,3.1395,3100.0,3.1409,32300.0,3.141,226300.0
1753769527719,06:12:07.719,bitmart,XRP/USDT:USDT,3.1397,70630.0,3.1396,15747.0,3.1398,17828.0,3.1399,13752.0
1753769527727,06:12:07.727,bitget,XRP/USDT:USDT,3.1399,54788.0,3.1398,21702.0,3.14,4707.0,3.1401,4909.0
1753769527793,06:12:07.793,bybit,XRP/USDT:USDT,3.1393,8521.0,3.1392,5296.0,3.1394,7670.0,3.1395,156.0
1753769527673,06:12:07.673,ascendex,XRP/USDT:USDT,3.1395,19356.0,3.1394,8403.0,3.1406,6495.0,3.1407,6991.0
1753769527746,06:12:07.746,bitmex,XRP/USDT:USDT,3.1396,14600.0,3.1395,3100.0,3.1409,32300.0,3.141,226300.0
1753769528155,06:12:08.155,bitfinex,XRP/USDT:USDT,3.1414,546.0,3.1411,318.37,3.1415,121.0,3.1416,318.32
1753769528012,06:12:08.012,ascendex,XRP/USDT:USDT,3.1395,19210.0,3.1394,8403.0,3.1406,6495.0,3.1407,6991.0
1753769528025,06:12:08.025,binance,XRP/USDT:USDT,3.1397,17617.4,3.1396,18682.5,3.1398,3785.0,3.1399,52.1
1753769527395,06:12:07.395,blofin,XRP/USDT:USDT,3.1375,52.0,3.1374,310.0,3.1376,53.0,3.1377,315.0
1753769528127,06:12:08.127,binanceusdm,XRP/USDT:USDT,3.1397,17617.4,3.1396,18682.5,3.1398,3785.0,3.1399,52.1
1753769528127,06:12:08.127,binance,XRP/USDT:USDT,3.1397,17617.4,3.1396,18682.5,3.1398,3785.0,3.1399,52.1
1753769528190,06:12:08.190,bybit,XRP/USDT:USDT,3.1393,8537.0,3.1392,2096.0,3.1394,7653.0,3.1395,156.0
1753769528178,06:12:08.178,bitget,XRP/USDT:USDT,3.1399,54788.0,3.1398,21702.0,3.14,5397.0,3.1401,4909.0
1753769528194,06:12:08.194,coincatch,XRP/USDT:USDT,3.1397,18279.0,3.1396,17049.0,3.1398,9536.0,3.1399,9341.0
1753769528230,06:12:08.230,binance,XRP/USDT:USDT,3.1397,17620.5,3.1396,18682.5,3.1398,3785.0,3.1399,52.1
1753769528230,06:12:08.230,binanceusdm,XRP/USDT:USDT,3.1397,17620.5,3.1396,18682.5,3.1398,3785.0,3.1399,52.1
1753769528284,06:12:08.284,bitfinex,XRP/USDT:USDT,3.1414,546.0,3.1411,318.37,3.1415,121.0,3.1416,318.32
1753769528285,06:12:08.285,bitfinex,XRP/USDT:USDT,3.1414,546.0,3.1411,318.37,3.1415,121.0,3.1416,318.32
1753769528291,06:12:08.291,bybit,XRP/USDT:USDT,3.1393,8537.0,3.1392,2096.0,3.1394,7653.0,3.1395,156.0
1753769528332,06:12:08.332,binance,XRP/USDT:USDT,3.1397,17626.9,3.1396,18682.5,3.1398,3785.0,3.1399,52.1
1753769528332,06:12:08.332,binanceusdm,XRP/USDT:USDT,3.1397,17626.9,3.1396,18682.5,3.1398,3785.0,3.1399,52.1
1753769528328,06:12:08.328,bitget,XRP/USDT:USDT,3.1399,54788.0,3.1398,21702.0,3.14,5397.0,3.1401,4909.0
1753769528391,06:12:08.391,bybit,XRP/USDT:USDT,3.1393,8566.0,3.1392,2096.0,3.1394,7643.0,3.1395,156.0
1753769528392,06:12:08.392,ascendex,XRP/USDT:USDT,3.1395,12401.0,3.1394,8403.0,3.1406,6495.0,3.1407,6991.0
1753769528491,06:12:08.491,bybit,XRP/USDT:USDT,3.1393,8208.0,3.1392,2096.0,3.1394,8379.0,3.1395,156.0
1753769528478,06:12:08.478,bitget,XRP/USDT:USDT,3.1399,54788.0,3.1398,21702.0,3.14,5397.0,3.1401,10597.0
1753769528458,06:12:08.458,bitmex,XRP/USDT:USDT,3.1396,14600.0,3.1395,3100.0,3.1409,32300.0,3.141,226300.0
1753769528577,06:12:08.577,bitfinex,XRP/USDT:USDT,3.1414,546.0,3.1411,318.37,3.1415,121.0,3.1416,318.32
1753769528578,06:12:08.578,bitfinex,XRP/USDT:USDT,3.1414,546.0,3.1411,318.37,3.1415,121.0,3.1416,318.32
1753769528579,06:12:08.579,bitfinex,XRP/USDT:USDT,3.1414,546.0,3.1411,318.37,3.1415,121.0,3.1416,318.32
1753769528543,06:12:08.543,binanceusdm,XRP/USDT:USDT,3.1397,17147.2,3.1396,19159.5,3.1398,8680.1,3.1399,4752.1
1753769528543,06:12:08.543,binance,XRP/USDT:USDT,3.1397,17147.2,3.1396,19159.5,3.1398,8680.1,3.1399,4752.1
1753769528529,06:12:08.529,bitmart,XRP/USDT:USDT,3.1397,70630.0,3.1396,15747.0,3.1398,17828.0,3.1399,13752.0
1753769528591,06:12:08.591,bybit,XRP/USDT:USDT,3.1393,5351.0,3.1392,2096.0,3.1394,8373.0,3.1395,477.0
1753769528507,06:12:08.507,bitmex,XRP/USDT:USDT,3.1396,14600.0,3.1395,3100.0,3.1409,32300.0,3.141,226300.0
1753769528628,06:12:08.628,bitget,XRP/USDT:USDT,3.1399,54788.0,3.1398,21702.0,3.14,8108.0,3.1401,10597.0
1753769528655,06:12:08.655,binanceusdm,XRP/USDT:USDT,3.1397,17147.2,3.1396,19127.7,3.1398,11680.9,3.1399,4752.1
1753769528655,06:12:08.655,binance,XRP/USDT:USDT,3.1397,17147.2,3.1396,19127.7,3.1398,11680.9,3.1399,4752.1
1753769528691,06:12:08.691,bybit,XRP/USDT:USDT,3.1393,2059.0,3.1392,2096.0,3.1394,9543.0,3.1395,477.0
1753769528651,06:12:08.651,bitmex,XRP/USDT:USDT,3.1396,14600.0,3.1395,3100.0,3.1409,32300.0,3.141,226300.0
1753769528689,06:12:08.689,ascendex,XRP/USDT:USDT,3.1395,17810.0,3.1394,8403.0,3.1406,6495.0,3.1407,6991.0
1753769528791,06:12:08.791,bybit,XRP/USDT:USDT,3.1393,2059.0,3.1392,2090.0,3.1394,9543.0,3.1395,477.0
1753769528450,06:12:08.450,blofin,XRP/USDT:USDT,3.1375,68.0,3.1374,201.0,3.1376,68.0,3.1377,229.0
1753769528776,06:12:08.776,binanceusdm,XRP/USDT:USDT,3.1397,16270.7,3.1396,19127.7,3.1398,11680.9,3.1399,4752.1
1753769528776,06:12:08.776,binance,XRP/USDT:USDT,3.1397,16270.7,3.1396,19127.7,3.1398,11680.9,3.1399,4752.1
1753769528778,06:12:08.778,bitget,XRP/USDT:USDT,3.1399,34870.0,3.1398,21702.0,3.14,8568.0,3.1401,10597.0
1753769528727,06:12:08.727,bitmex,XRP/USDT:USDT,3.1396,14600.0,3.1395,3100.0,3.1409,32300.0,3.141,226300.0
1753769528794,06:12:08.794,coincatch,XRP/USDT:USDT,3.1397,17670.0,3.1396,17407.0,3.1398,13693.0,3.1399,12897.0
1753769528777,06:12:08.777,bitmex,XRP/USDT:USDT,3.1396,14600.0,3.1395,3100.0,3.1409,32300.0,3.141,226300.0
1753769528891,06:12:08.891,bybit,XRP/USDT:USDT,3.1393,1701.0,3.1392,920.0,3.1394,12780.0,3.1395,4806.0
1753769528879,06:12:08.879,binanceusdm,XRP/USDT:USDT,3.1397,9276.6,3.1396,18936.9,3.1398,22125.8,3.1399,10774.4
1753769528879,06:12:08.879,binance,XRP/USDT:USDT,3.1397,9276.6,3.1396,18936.9,3.1398,22125.8,3.1399,10774.4
1753769528928,06:12:08.928,bitget,XRP/USDT:USDT,3.1399,7171.0,3.1398,21702.0,3.14,8961.0,3.1401,10990.0
1753769528984,06:12:08.984,bitfinex,XRP/USDT:USDT,3.1414,546.0,3.1407,261.20789204,3.1415,121.0,3.1416,318.32
1753769528984,06:12:08.984,bitfinex,XRP/USDT:USDT,3.1414,546.0,3.141,318.38,3.1415,439.33,3.1418,261.20789204
1753769528985,06:12:08.985,bitfinex,XRP/USDT:USDT,3.1414,546.0,3.141,318.38,3.1415,439.33,3.1418,261.20789204
1753769528904,06:12:08.904,bitmex,XRP/USDT:USDT,3.1396,14600.0,3.1395,3100.0,3.1409,32300.0,3.141,226300.0
1753769528991,06:12:08.991,bybit,XRP/USDT:USDT,3.1393,1701.0,3.1392,920.0,3.1394,12780.0,3.1395,4806.0
1753769528953,06:12:08.953,bitmex,XRP/USDT:USDT,3.1396,14600.0,3.1395,3100.0,3.1409,32300.0,3.141,226300.0
1753769528923,06:12:08.923,ascendex,XRP/USDT:USDT,3.1395,12401.0,3.1394,8403.0,3.1406,6495.0,3.1407,6991.0
1753769529034,06:12:09.034,binance,XRP/USDT:USDT,3.1397,9276.6,3.1396,18939.6,3.1398,22027.9,3.1399,10774.4
1753769529034,06:12:09.034,binanceusdm,XRP/USDT:USDT,3.1397,9276.6,3.1396,18939.6,3.1398,22027.9,3.1399,10774.4
1753769529002,06:12:09.002,bitmex,XRP/USDT:USDT,3.1396,14600.0,3.1395,3100.0,3.1409,47300.0,3.141,226300.0
1753769529091,06:12:09.091,bybit,XRP/USDT:USDT,3.1393,1701.0,3.1392,920.0,3.1394,12155.0,3.1395,4806.0
1753769529078,06:12:09.078,bitget,XRP/USDT:USDT,3.1399,5002.0,3.1398,21702.0,3.14,63970.0,3.1401,10990.0
1753769529095,06:12:09.095,coincatch,XRP/USDT:USDT,3.1397,10224.0,3.1396,14527.0,3.1398,23191.0,3.1399,17402.0
1753769529118,06:12:09.118,bitmart,XRP/USDT:USDT,3.1397,56777.0,3.1396,15747.0,3.1398,81486.0,3.1399,13752.0
1753769529136,06:12:09.136,binanceusdm,XRP/USDT:USDT,3.1397,11572.2,3.1396,18478.1,3.1398,14376.4,3.1399,4716.6
1753769529136,06:12:09.136,binance,XRP/USDT:USDT,3.1397,11572.2,3.1396,18478.1,3.1398,14376.4,3.1399,4716.6
1753769529191,06:12:09.191,bybit,XRP/USDT:USDT,3.1393,1701.0,3.1392,2090.0,3.1394,12022.0,3.1395,3093.0
1753769529140,06:12:09.140,bitmex,XRP/USDT:USDT,3.1396,14600.0,3.1395,3100.0,3.1409,47300.0,3.141,226300.0
1753769529228,06:12:09.228,bitget,XRP/USDT:USDT,3.1399,10289.0,3.1398,35272.0,3.14,63264.0,3.1401,10990.0
1753769529245,06:12:09.245,binance,XRP/USDT:USDT,3.1397,12253.3,3.1396,18478.1,3.1398,16704.2,3.1399,4716.6
1753769529245,06:12:09.245,binanceusdm,XRP/USDT:USDT,3.1397,12253.3,3.1396,18478.1,3.1398,16704.2,3.1399,4716.6
1753769529292,06:12:09.292,bybit,XRP/USDT:USDT,3.1393,1701.0,3.1392,920.0,3.1394,11974.0,3.1395,3093.0
1753769529323,06:12:09.323,bitmart,XRP/USDT:USDT,3.1397,56777.0,3.1396,15747.0,3.1398,81486.0,3.1399,13752.0
1753769529299,06:12:09.299,ascendex,XRP/USDT:USDT,3.1395,20471.0,3.1394,8403.0,3.1406,6495.0,3.1407,6991.0
1753769530078,06:12:10.078,bitfinex,XRP/USDT:USDT,3.1414,546.0,3.141,318.38,3.1415,439.33,3.1418,261.20789204
1753769529934,06:12:09.934,binance,XRP/USDT:USDT,3.1397,9749.9,3.1396,18478.1,3.1398,18443.7,3.1399,4716.6
1753769529618,06:12:09.618,ascendex,XRP/USDT:USDT,3.1395,20121.0,3.1394,8403.0,3.1406,6495.0,3.1407,6991.0
1753769529695,06:12:09.695,coincatch,XRP/USDT:USDT,3.1397,12440.0,3.1396,14273.0,3.1398,21485.0,3.1399,14373.0
1753769528966,06:12:08.966,blofin,XRP/USDT:USDT,3.1375,68.0,3.1374,201.0,3.1376,68.0,3.1377,229.0
1753769529920,06:12:09.920,ascendex,XRP/USDT:USDT,3.1395,16658.0,3.1394,8403.0,3.1406,6495.0,3.1407,6991.0
1753769530037,06:12:10.037,binanceusdm,XRP/USDT:USDT,3.1397,9706.1,3.1396,18478.1,3.1398,18340.2,3.1399,4716.6
1753769529451,06:12:09.451,blofin,XRP/USDT:USDT,3.1375,47.0,3.1374,216.0,3.1376,135.0,3.1377,225.0
1753769529995,06:12:09.995,coincatch,XRP/USDT:USDT,3.1397,10464.0,3.1396,14273.0,3.1398,21195.0,3.1399,14373.0
1753769530091,06:12:10.091,bybit,XRP/USDT:USDT,3.1393,1771.0,3.1392,920.0,3.1394,11973.0,3.1395,3093.0
1753769530129,06:12:10.129,bitget,XRP/USDT:USDT,3.1399,10289.0,3.1398,35272.0,3.14,62894.0,3.1401,10597.0
1753769530140,06:12:10.140,binance,XRP/USDT:USDT,3.1397,12309.3,3.1396,18676.1,3.1398,18265.6,3.1399,4716.6
1753769530140,06:12:10.140,binanceusdm,XRP/USDT:USDT,3.1397,12309.3,3.1396,18676.1,3.1398,18265.6,3.1399,4716.6
1753769530098,06:12:10.098,bitmex,XRP/USDT:USDT,3.1396,14600.0,3.1395,3100.0,3.1409,47300.0,3.141,226300.0
1753769530191,06:12:10.191,bybit,XRP/USDT:USDT,3.1393,1771.0,3.1392,920.0,3.1394,11973.0,3.1395,3093.0
1753769530156,06:12:10.156,bitmex,XRP/USDT:USDT,3.1396,14600.0,3.1395,3100.0,3.1409,47300.0,3.141,226300.0
1753769530243,06:12:10.243,binanceusdm,XRP/USDT:USDT,3.1397,12624.4,3.1396,18866.9,3.1398,7286.9,3.1399,4665.5
1753769530243,06:12:10.243,binance,XRP/USDT:USDT,3.1397,12624.4,3.1396,18866.9,3.1398,7286.9,3.1399,4665.5
1753769530291,06:12:10.291,bybit,XRP/USDT:USDT,3.1393,6117.0,3.1392,2090.0,3.1394,11949.0,3.1395,156.0
1753769530279,06:12:10.279,bitget,XRP/USDT:USDT,3.1399,22278.0,3.1398,35272.0,3.14,17607.0,3.1402,29491.0
1753769530241,06:12:10.241,bitmex,XRP/USDT:USDT,3.1397,7700.0,3.1396,14600.0,3.1409,47300.0,3.141,226300.0
1753769530238,06:12:10.238,ascendex,XRP/USDT:USDT,3.1395,16658.0,3.1394,11837.0,3.1406,6495.0,3.1407,6991.0
1753769530295,06:12:10.295,coincatch,XRP/USDT:USDT,3.1397,12782.0,3.1396,15023.0,3.1398,20856.0,3.1399,14268.0
1753769530290,06:12:10.290,bitmex,XRP/USDT:USDT,3.1404,7700.0,3.1399,15200.0,3.141,226300.0,3.1411,15000.0
1753769530383,06:12:10.383,bitfinex,XRP/USDT:USDT,3.1414,546.0,3.1407,261.20789204,3.1415,439.33,3.1418,261.20789204
1753769530384,06:12:10.384,bitfinex,XRP/USDT:USDT,3.1414,546.0,3.1411,318.37,3.1415,439.33,3.1418,261.20789204
1753769530391,06:12:10.391,bybit,XRP/USDT:USDT,3.1393,3072.0,3.1392,2090.0,3.1394,11949.0,3.1395,2722.0
1753769530362,06:12:10.362,binanceusdm,XRP/USDT:USDT,3.1397,12624.3,3.1396,18866.9,3.1398,7286.9,3.1399,4616.6
1753769530362,06:12:10.362,binance,XRP/USDT:USDT,3.1397,12624.3,3.1396,18866.9,3.1398,7286.9,3.1399,4616.6
1753769530339,06:12:10.339,bitmex,XRP/USDT:USDT,3.1404,7700.0,3.14,15800.0,3.1409,32300.0,3.141,226300.0
1753769530429,06:12:10.429,bitget,XRP/USDT:USDT,3.1399,22278.0,3.1398,35272.0,3.14,17607.0,3.1401,12173.0
1753769530388,06:12:10.388,bitmex,XRP/USDT:USDT,3.1404,7700.0,3.14,15800.0,3.1409,32300.0,3.141,226300.0
1753769530490,06:12:10.490,bybit,XRP/USDT:USDT,3.1393,3072.0,3.1392,2090.0,3.1394,11949.0,3.1395,2722.0
1753769530483,06:12:10.483,binance,XRP/USDT:USDT,3.1397,12898.3,3.1396,18866.9,3.1398,7286.9,3.1399,4616.6
1753769530483,06:12:10.483,binanceusdm,XRP/USDT:USDT,3.1397,12898.3,3.1396,18866.9,3.1398,7286.9,3.1399,4616.6
1753769530437,06:12:10.437,bitmex,XRP/USDT:USDT,3.1404,7700.0,3.14,15800.0,3.1409,32300.0,3.141,226300.0
1753769530584,06:12:10.584,bitfinex,XRP/USDT:USDT,3.1414,546.0,3.1411,318.37,3.1415,439.33,3.1418,261.20789204
1753769530584,06:12:10.584,bitfinex,XRP/USDT:USDT,3.1414,546.0,3.1411,318.37,3.1415,439.33,3.1418,261.20789204
1753769530591,06:12:10.591,bybit,XRP/USDT:USDT,3.1393,2545.0,3.1392,2090.0,3.1394,11950.0,3.1395,2722.0
1753769530579,06:12:10.579,bitget,XRP/USDT:USDT,3.1399,14036.0,3.1398,35272.0,3.14,17607.0,3.1401,12173.0
1753769530587,06:12:10.587,binance,XRP/USDT:USDT,3.1397,12898.9,3.1396,18866.9,3.1398,7348.5,3.1399,4616.6
1753769530587,06:12:10.587,binanceusdm,XRP/USDT:USDT,3.1397,12898.9,3.1396,18866.9,3.1398,7348.5,3.1399,4616.6
1753769530596,06:12:10.596,coincatch,XRP/USDT:USDT,3.1397,12975.0,3.1396,15149.0,3.1398,13787.0,3.1399,13372.0
1753769530585,06:12:10.585,ascendex,XRP/USDT:USDT,3.1395,24634.0,3.1394,11837.0,3.1406,6495.0,3.1407,6991.0
1753769530454,06:12:10.454,blofin,XRP/USDT:USDT,3.1375,41.0,3.1374,230.0,3.1376,144.0,3.1377,315.0
1753769530691,06:12:10.691,bybit,XRP/USDT:USDT,3.1393,18626.0,3.1392,8700.0,3.1394,4657.0,3.1395,156.0
1753769530699,06:12:10.699,binanceusdm,XRP/USDT:USDT,3.1399,10078.0,3.1398,62134.7,3.14,326.8,3.1401,33.2
1753769530699,06:12:10.699,binance,XRP/USDT:USDT,3.1399,10078.0,3.1398,62134.7,3.14,326.8,3.1401,33.2
1753769531354,06:12:11.354,bitfinex,XRP/USDT:USDT,3.1421,117.0,3.1416,357.0,3.1422,382.20789204,3.1425,386.11989561
1753769531002,06:12:11.002,binance,XRP/USDT:USDT,3.1401,48048.5,3.14,55136.9,3.1402,5681.1,3.1403,156.5
1753769530869,06:12:10.869,ascendex,XRP/USDT:USDT,3.1396,4574.0,3.1395,20482.0,3.1402,7905.0,3.1406,12891.0
1753769531405,06:12:11.405,bitfinex,XRP/USDT:USDT,3.1421,117.0,3.1416,357.0,3.1422,456.20789204,3.1427,7163.0
1753769531133,06:12:11.133,ascendex,XRP/USDT:USDT,3.1399,7313.0,3.1398,9857.0,3.1406,12891.0,3.1407,5883.0
1753769531293,06:12:11.293,bitmex,XRP/USDT:USDT,3.1409,7700.0,3.1404,11300.0,3.141,107600.0,3.1414,218600.0
1753769531330,06:12:11.330,bitget,XRP/USDT:USDT,3.1404,19254.0,3.1403,6844.0,3.1405,11329.0,3.1406,47420.0
1753769531422,06:12:11.422,binanceusdm,XRP/USDT:USDT,3.1401,33015.0,3.14,46547.4,3.1402,6429.0,3.1403,5418.9
1753769531422,06:12:11.422,binance,XRP/USDT:USDT,3.1401,33015.0,3.14,46547.4,3.1402,6429.0,3.1403,5418.9
1753769531506,06:12:11.506,bitfinex,XRP/USDT:USDT,3.1421,117.0,3.1416,357.0,3.1422,456.20789204,3.1427,7163.0
1753769531491,06:12:11.491,bybit,XRP/USDT:USDT,3.1396,15931.0,3.1395,23087.0,3.1397,137.0,3.1398,8.0
1753769531414,06:12:11.414,bitmex,XRP/USDT:USDT,3.1409,7700.0,3.1404,11300.0,3.141,107600.0,3.1414,218600.0
1753769531480,06:12:11.480,bitget,XRP/USDT:USDT,3.1404,19254.0,3.1403,4504.0,3.1405,9225.0,3.1406,38566.0
1753769531496,06:12:11.496,coincatch,XRP/USDT:USDT,3.1401,49414.0,3.14,70915.0,3.1402,16467.0,3.1403,17941.0
1753769531464,06:12:11.464,bitmex,XRP/USDT:USDT,3.1409,7700.0,3.1404,11300.0,3.141,107600.0,3.1414,218600.0
1753769531526,06:12:11.526,binanceusdm,XRP/USDT:USDT,3.1401,33266.8,3.14,46547.4,3.1402,11129.0,3.1403,10118.9
1753769531526,06:12:11.526,binance,XRP/USDT:USDT,3.1401,33266.8,3.14,46547.4,3.1402,11129.0,3.1403,10118.9
1753769531518,06:12:11.518,bitmart,XRP/USDT:USDT,3.1401,81911.0,3.14,15513.0,3.1402,34600.0,3.1403,15260.0
1753769531591,06:12:11.591,bybit,XRP/USDT:USDT,3.1396,15931.0,3.1395,23087.0,3.1397,137.0,3.1398,8.0
1753769531525,06:12:11.525,ascendex,XRP/USDT:USDT,3.1399,12442.0,3.1398,9857.0,3.1406,12891.0,3.1407,5883.0
1753769531627,06:12:11.627,binance,XRP/USDT:USDT,3.1401,33580.0,3.14,46547.4,3.1402,8399.0,3.1403,9359.2
1753769531627,06:12:11.627,binanceusdm,XRP/USDT:USDT,3.1401,33580.0,3.14,46547.4,3.1402,8399.0,3.1403,9359.2
1753769531630,06:12:11.630,bitget,XRP/USDT:USDT,3.1404,19254.0,3.1403,4504.0,3.1405,9946.0,3.1406,38566.0
1753769531684,06:12:11.684,bitfinex,XRP/USDT:USDT,3.1421,117.0,3.1416,357.0,3.1422,456.20789204,3.1427,7163.0
1753769531685,06:12:11.685,bitfinex,XRP/USDT:USDT,3.1421,117.0,3.1416,357.0,3.1422,456.20789204,3.1427,7163.0
1753769531691,06:12:11.691,bybit,XRP/USDT:USDT,3.1396,15931.0,3.1395,23087.0,3.1397,137.0,3.1398,8.0
1753769531611,06:12:11.611,bitmex,XRP/USDT:USDT,3.1409,7700.0,3.1404,11300.0,3.141,107600.0,3.1414,218600.0
1753769531660,06:12:11.660,bitmex,XRP/USDT:USDT,3.1409,7700.0,3.1404,11300.0,3.141,107600.0,3.1414,218600.0
1753769531739,06:12:11.739,binanceusdm,XRP/USDT:USDT,3.1401,33625.3,3.14,50413.2,3.1402,1299.9,3.1403,4659.2
1753769531739,06:12:11.739,binance,XRP/USDT:USDT,3.1401,33625.3,3.14,50413.2,3.1402,1299.9,3.1403,4659.2
1753769531794,06:12:11.794,bybit,XRP/USDT:USDT,3.1396,15931.0,3.1395,23087.0,3.1397,137.0,3.1398,1608.0
1753769531796,06:12:11.796,coincatch,XRP/USDT:USDT,3.1401,49900.0,3.14,69821.0,3.1402,19964.0,3.1403,19912.0
1753769531785,06:12:11.785,ascendex,XRP/USDT:USDT,3.1399,14570.0,3.1398,9857.0,3.1406,12891.0,3.1407,5883.0
1753769531930,06:12:11.930,bitget,XRP/USDT:USDT,3.1404,19254.0,3.1403,4504.0,3.1405,9782.0,3.1406,30469.0
1753769531991,06:12:11.991,bybit,XRP/USDT:USDT,3.1396,15931.0,3.1395,23087.0,3.1397,222.0,3.1398,1608.0
1753769531960,06:12:11.960,binanceusdm,XRP/USDT:USDT,3.1401,33747.4,3.14,50415.6,3.1402,3605.3,3.1403,4659.2
1753769531960,06:12:11.960,binance,XRP/USDT:USDT,3.1401,33747.4,3.14,50415.6,3.1402,3605.3,3.1403,4659.2
1753769531455,06:12:11.455,blofin,XRP/USDT:USDT,3.1375,133.0,3.1374,285.0,3.1376,3.0,3.1377,202.0
1753769531920,06:12:11.920,bitmex,XRP/USDT:USDT,3.1403,15200.0,3.14,36800.0,3.141,107600.0,3.1414,203400.0
1753769532091,06:12:12.091,bybit,XRP/USDT:USDT,3.1396,15931.0,3.1395,23087.0,3.1397,222.0,3.1398,2778.0
1753769532080,06:12:12.080,bitget,XRP/USDT:USDT,3.1404,19254.0,3.1403,1002.0,3.1405,9782.0,3.1406,29491.0
1753769532096,06:12:12.096,coincatch,XRP/USDT:USDT,3.1401,50621.0,3.14,75623.0,3.1402,16202.0,3.1403,17562.0
1753769532109,06:12:12.109,binanceusdm,XRP/USDT:USDT,3.1401,33863.8,3.14,50415.6,3.1402,3605.3,3.1403,4672.0
1753769532109,06:12:12.109,binance,XRP/USDT:USDT,3.1401,33863.8,3.14,50415.6,3.1402,3605.3,3.1403,4672.0
1753769532139,06:12:12.139,ascendex,XRP/USDT:USDT,3.1399,15504.0,3.1398,9857.0,3.1406,12891.0,3.1407,5883.0
1753769532229,06:12:12.229,binanceusdm,XRP/USDT:USDT,3.1401,33846.1,3.14,50290.4,3.1402,7628.8,3.1403,4672.0
1753769532229,06:12:12.229,binance,XRP/USDT:USDT,3.1401,33846.1,3.14,50290.4,3.1402,7628.8,3.1403,4672.0
1753769532291,06:12:12.291,bitfinex,XRP/USDT:USDT,3.1421,117.0,3.1416,357.0,3.1422,456.20789204,3.1427,7163.0
1753769532292,06:12:12.292,bitfinex,XRP/USDT:USDT,3.1421,117.0,3.1416,357.0,3.1422,456.20789204,3.1427,7163.0
1753769532291,06:12:12.291,bybit,XRP/USDT:USDT,3.1396,6175.0,3.1395,15598.0,3.1397,10532.0,3.1398,2778.0
1753769532330,06:12:12.330,binance,XRP/USDT:USDT,3.1401,8855.4,3.14,35374.2,3.1402,15352.5,3.1403,5721.5
1753769532320,06:12:12.320,bitmart,XRP/USDT:USDT,3.1401,81911.0,3.14,15513.0,3.1402,20204.0,3.1403,15260.0
1753769532330,06:12:12.330,binanceusdm,XRP/USDT:USDT,3.1401,8855.4,3.14,35374.2,3.1402,15352.5,3.1403,5721.5
1753769532391,06:12:12.391,bybit,XRP/USDT:USDT,3.1396,5062.0,3.1395,7407.0,3.1397,10877.0,3.1398,3099.0
1753769532310,06:12:12.310,bitmex,XRP/USDT:USDT,3.1403,15200.0,3.14,36800.0,3.141,107600.0,3.1414,218600.0
1753769532397,06:12:12.397,coincatch,XRP/USDT:USDT,3.1401,42107.0,3.14,68301.0,3.1402,21656.0,3.1403,18059.0
1753769532359,06:12:12.359,bitmex,XRP/USDT:USDT,3.1403,15200.0,3.14,36800.0,3.141,107600.0,3.1414,218600.0
1753769532434,06:12:12.434,binanceusdm,XRP/USDT:USDT,3.1401,5354.9,3.14,7423.2,3.1402,21593.3,3.1403,14613.5
1753769532434,06:12:12.434,binance,XRP/USDT:USDT,3.1401,5354.9,3.14,7423.2,3.1402,21593.3,3.1403,14613.5
1753769532481,06:12:12.481,bitfinex,XRP/USDT:USDT,3.1416,357.0,3.1415,72.0,3.1422,456.20789204,3.1427,7163.0
1753769532481,06:12:12.481,bitfinex,XRP/USDT:USDT,3.1416,357.0,3.1415,390.32,3.142,318.28,3.1422,456.20789204
1753769532481,06:12:12.481,bitfinex,XRP/USDT:USDT,3.1416,357.0,3.1415,390.32,3.142,318.28,3.1422,335.20789204
1753769532491,06:12:12.491,bybit,XRP/USDT:USDT,3.1396,2319.0,3.1395,3464.0,3.1397,14215.0,3.1398,11660.0
1753769532408,06:12:12.408,bitmex,XRP/USDT:USDT,3.14,52000.0,3.1399,107500.0,3.141,107600.0,3.1412,15200.0
1753769532459,06:12:12.459,ascendex,XRP/USDT:USDT,3.1399,14746.0,3.1398,9857.0,3.1406,12891.0,3.1407,5883.0
1753769532457,06:12:12.457,bitmex,XRP/USDT:USDT,3.14,52000.0,3.1399,107500.0,3.141,107600.0,3.1412,15200.0
1753769532530,06:12:12.530,bitget,XRP/USDT:USDT,3.1404,1129.0,3.1403,1002.0,3.1405,68410.0,3.1406,29884.0
1753769532538,06:12:12.538,binanceusdm,XRP/USDT:USDT,3.1401,5355.4,3.14,9416.2,3.1402,21593.3,3.1403,13632.1
1753769532538,06:12:12.538,binance,XRP/USDT:USDT,3.1401,5355.4,3.14,9416.2,3.1402,21593.3,3.1403,13632.1
1753769532591,06:12:12.591,bybit,XRP/USDT:USDT,3.1396,2322.0,3.1395,3464.0,3.1397,14312.0,3.1398,11660.0
1753769532507,06:12:12.507,bitmex,XRP/USDT:USDT,3.14,52000.0,3.1399,107500.0,3.141,107600.0,3.1412,15200.0
1753769532390,06:12:12.390,blofin,XRP/USDT:USDT,3.1375,187.0,3.1374,229.0,3.1376,6.0,3.1377,308.0
1753769532556,06:12:12.556,bitmex,XRP/USDT:USDT,3.14,52000.0,3.1399,107500.0,3.141,107600.0,3.1412,15200.0
1753769532643,06:12:12.643,binance,XRP/USDT:USDT,3.1401,5355.4,3.14,9416.2,3.1402,21252.1,3.1403,7565.4
1753769532643,06:12:12.643,binanceusdm,XRP/USDT:USDT,3.1401,5355.4,3.14,9416.2,3.1402,21252.1,3.1403,7565.4
1753769532702,06:12:12.702,bitfinex,XRP/USDT:USDT,3.1416,357.0,3.1415,390.32,3.142,318.28,3.1422,335.20789204
1753769532705,06:12:12.705,bitfinex,XRP/USDT:USDT,3.1416,474.0,3.1415,72.0,3.1417,121.0,3.1419,261.20789204
1753769532707,06:12:12.707,bitfinex,XRP/USDT:USDT,3.1416,474.0,3.1415,72.0,3.1417,121.0,3.1419,261.20789204
1753769532605,06:12:12.605,bitmex,XRP/USDT:USDT,3.1403,7700.0,3.1402,7700.0,3.1412,15200.0,3.1414,218600.0
1753769532691,06:12:12.691,bybit,XRP/USDT:USDT,3.1396,2807.0,3.1395,3464.0,3.1397,14010.0,3.1398,11356.0
1753769532680,06:12:12.680,bitget,XRP/USDT:USDT,3.1404,406.0,3.1403,1002.0,3.1405,75287.0,3.1406,29884.0
1753769532697,06:12:12.697,coincatch,XRP/USDT:USDT,3.1401,8032.0,3.14,11135.0,3.1402,28506.0,3.1403,27678.0
1753769532654,06:12:12.654,bitmex,XRP/USDT:USDT,3.1407,7700.0,3.1401,15200.0,3.1412,15200.0,3.1414,218600.0
1753769532746,06:12:12.746,binance,XRP/USDT:USDT,3.1401,5224.7,3.14,9416.2,3.1402,13391.8,3.1403,7346.3
1753769532746,06:12:12.746,binanceusdm,XRP/USDT:USDT,3.1401,5224.7,3.14,9416.2,3.1402,13391.8,3.1403,7346.3
1753769532703,06:12:12.703,bitmex,XRP/USDT:USDT,3.1407,7700.0,3.1402,15800.0,3.1411,36800.0,3.1412,122700.0
1753769532791,06:12:12.791,bybit,XRP/USDT:USDT,3.1396,2807.0,3.1395,3464.0,3.1397,10689.0,3.1398,11035.0
1753769533595,06:12:13.595,bitfinex,XRP/USDT:USDT,3.1416,474.0,3.141,261.20789204,3.1417,121.0,3.1419,261.20789204
1753769533057,06:12:13.057,ascendex,XRP/USDT:USDT,3.1399,23360.0,3.1398,9857.0,3.1406,12891.0,3.1407,5883.0
1753769533617,06:12:13.617,bitfinex,XRP/USDT:USDT,3.1416,546.0,3.1412,247.92946288,3.1417,121.0,3.1419,261.20789204
1753769533425,06:12:13.425,binance,XRP/USDT:USDT,3.1401,13804.2,3.14,12337.0,3.1402,13128.5,3.1403,6586.7
1753769533382,06:12:13.382,ascendex,XRP/USDT:USDT,3.1399,15541.0,3.1398,9857.0,3.1406,12891.0,3.1407,5883.0
1753769533319,06:12:13.319,bitmart,XRP/USDT:USDT,3.1401,23702.0,3.14,15513.0,3.1402,94046.0,3.1403,15260.0
1753769533643,06:12:13.643,bitfinex,XRP/USDT:USDT,3.1416,546.0,3.141,261.20789204,3.1417,121.0,3.1419,261.20789204
1753769533527,06:12:13.527,binanceusdm,XRP/USDT:USDT,3.1401,13921.0,3.14,12337.0,3.1402,13273.0,3.1403,6586.7
1753769533517,06:12:13.517,bitmart,XRP/USDT:USDT,3.1401,65789.0,3.14,15513.0,3.1402,94046.0,3.1403,15260.0
1753769533597,06:12:13.597,coincatch,XRP/USDT:USDT,3.1401,20184.0,3.14,18506.0,3.1402,20966.0,3.1403,24018.0
1753769533629,06:12:13.629,binance,XRP/USDT:USDT,3.1401,13921.0,3.14,12337.0,3.1402,13273.0,3.1403,6586.7
1753769533629,06:12:13.629,binanceusdm,XRP/USDT:USDT,3.1401,13921.0,3.14,12337.0,3.1402,13273.0,3.1403,6586.7
1753769533691,06:12:13.691,bybit,XRP/USDT:USDT,3.1396,3146.0,3.1395,3480.0,3.1397,6402.0,3.1398,8035.0
1753769533636,06:12:13.636,bitmex,XRP/USDT:USDT,3.1407,7700.0,3.1402,15800.0,3.1411,36800.0,3.1412,122700.0
1753769533734,06:12:13.734,binance,XRP/USDT:USDT,3.1401,13928.2,3.14,12337.0,3.1402,13273.0,3.1403,6586.7
1753769533734,06:12:13.734,binanceusdm,XRP/USDT:USDT,3.1401,13928.2,3.14,12337.0,3.1402,13273.0,3.1403,6586.7
1753769533731,06:12:13.731,bitget,XRP/USDT:USDT,3.1404,2841.0,3.1403,8602.0,3.1405,69221.0,3.1406,29491.0
1753769533785,06:12:13.785,bitfinex,XRP/USDT:USDT,3.1416,546.0,3.141,261.20789204,3.1417,121.0,3.1419,261.20789204
1753769533785,06:12:13.785,bitfinex,XRP/USDT:USDT,3.1416,546.0,3.1413,318.34,3.1417,121.0,3.1419,261.20789204
1753769533786,06:12:13.786,bitfinex,XRP/USDT:USDT,3.1416,546.0,3.1413,318.34,3.1417,121.0,3.1418,318.3
1753769533792,06:12:13.792,bybit,XRP/USDT:USDT,3.1396,4259.0,3.1395,3480.0,3.1397,6378.0,3.1398,8035.0
1753769533611,06:12:13.611,ascendex,XRP/USDT:USDT,3.1399,22611.0,3.1398,9857.0,3.1406,12891.0,3.1407,5883.0
1753769533835,06:12:13.835,binanceusdm,XRP/USDT:USDT,3.1401,16445.9,3.14,18011.4,3.1402,13165.9,3.1403,6586.7
1753769533835,06:12:13.835,binance,XRP/USDT:USDT,3.1401,16445.9,3.14,18011.4,3.1402,13165.9,3.1403,6586.7
1753769533847,06:12:13.847,bitmex,XRP/USDT:USDT,3.1407,7700.0,3.1402,15800.0,3.1411,36800.0,3.1412,107500.0
1753769533898,06:12:13.898,coincatch,XRP/USDT:USDT,3.1401,20882.0,3.14,18506.0,3.1402,21039.0,3.1403,24018.0
1753769533923,06:12:13.923,bitmart,XRP/USDT:USDT,3.1401,65789.0,3.14,15513.0,3.1402,94046.0,3.1403,15260.0
1753769533456,06:12:13.456,blofin,XRP/USDT:USDT,3.1375,73.0,3.1374,263.0,3.1376,5.0,3.1377,292.0
1753769533897,06:12:13.897,bitmex,XRP/USDT:USDT,3.1407,7700.0,3.1402,15800.0,3.1411,36800.0,3.1412,107500.0
1753769533991,06:12:13.991,bybit,XRP/USDT:USDT,3.1396,8015.0,3.1395,3480.0,3.1397,755.0,3.1398,2778.0
1753769533960,06:12:13.960,binanceusdm,XRP/USDT:USDT,3.1401,16445.9,3.14,18011.4,3.1402,11337.9,3.1403,6586.7
1753769533960,06:12:13.960,binance,XRP/USDT:USDT,3.1401,16445.9,3.14,18011.4,3.1402,11337.9,3.1403,6586.7
1753769534031,06:12:14.031,bitget,XRP/USDT:USDT,3.1404,11991.0,3.1403,8602.0,3.1405,19870.0,3.1406,29491.0
1753769534088,06:12:14.088,bitfinex,XRP/USDT:USDT,3.1416,546.0,3.1413,318.34,3.1417,121.0,3.1418,318.3
1753769534089,06:12:14.089,bitfinex,XRP/USDT:USDT,3.1416,546.0,3.1413,318.34,3.1417,121.0,3.1419,261.20789204
1753769534091,06:12:14.091,bybit,XRP/USDT:USDT,3.1397,8623.0,3.1396,6768.0,3.1398,2361.0,3.1399,13886.0
1753769534064,06:12:14.064,binance,XRP/USDT:USDT,3.1401,16445.9,3.14,18011.4,3.1402,10851.6,3.1403,6598.4
1753769534064,06:12:14.064,binanceusdm,XRP/USDT:USDT,3.1401,16445.9,3.14,18011.4,3.1402,10851.6,3.1403,6598.4
1753769534061,06:12:14.061,ascendex,XRP/USDT:USDT,3.1399,19833.0,3.1398,9857.0,3.1406,12891.0,3.1407,5883.0
1753769534119,06:12:14.119,bitmart,XRP/USDT:USDT,3.1401,65789.0,3.14,15513.0,3.1402,64954.0,3.1403,15260.0
1753769534191,06:12:14.191,bybit,XRP/USDT:USDT,3.1397,9134.0,3.1396,6275.0,3.1398,785.0,3.1399,12967.0
1753769534130,06:12:14.130,bitmex,XRP/USDT:USDT,3.1407,7700.0,3.1402,15800.0,3.1412,107500.0,3.1414,218600.0
1753769534181,06:12:14.181,bitget,XRP/USDT:USDT,3.1404,11991.0,3.1403,8602.0,3.1405,10463.0,3.1406,29491.0
1753769534198,06:12:14.198,coincatch,XRP/USDT:USDT,3.1401,24669.0,3.14,27017.0,3.1402,19825.0,3.1403,22211.0
1753769534180,06:12:14.180,bitmex,XRP/USDT:USDT,3.1408,7700.0,3.1403,11300.0,3.1412,107500.0,3.1414,203400.0
1753769534281,06:12:14.281,bitfinex,XRP/USDT:USDT,3.1416,546.0,3.141,261.20789204,3.1417,121.0,3.1419,261.20789204
1753769534282,06:12:14.282,bitfinex,XRP/USDT:USDT,3.1416,546.0,3.141,261.20789204,3.1419,261.20789204,3.142,392.29
1753769534282,06:12:14.282,bitfinex,XRP/USDT:USDT,3.1416,546.0,3.141,261.20789204,3.1419,261.20789204,3.142,392.29
1753769534291,06:12:14.291,bybit,XRP/USDT:USDT,3.1397,9134.0,3.1396,6265.0,3.1398,783.0,3.1399,12967.0
1753769534229,06:12:14.229,bitmex,XRP/USDT:USDT,3.1408,7700.0,3.1403,11300.0,3.1412,107500.0,3.1414,203400.0
1753769534285,06:12:14.285,binance,XRP/USDT:USDT,3.1401,16574.7,3.14,18472.9,3.1402,3798.3,3.1403,4683.7
1753769534285,06:12:14.285,binanceusdm,XRP/USDT:USDT,3.1401,16574.7,3.14,18472.9,3.1402,3798.3,3.1403,4683.7
1753769534278,06:12:14.278,bitmex,XRP/USDT:USDT,3.1408,7700.0,3.1403,11300.0,3.1412,107500.0,3.1414,203400.0
1753769534332,06:12:14.332,bitget,XRP/USDT:USDT,3.1404,11991.0,3.1403,8602.0,3.1405,8793.0,3.1406,29491.0
1753769534391,06:12:14.391,bybit,XRP/USDT:USDT,3.1397,9146.0,3.1396,6265.0,3.1398,759.0,3.1399,12967.0
1753769534327,06:12:14.327,bitmex,XRP/USDT:USDT,3.1408,7700.0,3.1403,11300.0,3.1412,107500.0,3.1414,203400.0
1753769534386,06:12:14.386,binanceusdm,XRP/USDT:USDT,3.1401,16574.7,3.14,18472.9,3.1402,3812.0,3.1403,4683.7
1753769534386,06:12:14.386,binance,XRP/USDT:USDT,3.1401,16574.7,3.14,18472.9,3.1402,3812.0,3.1403,4683.7
1753769534369,06:12:14.369,ascendex,XRP/USDT:USDT,3.1399,15541.0,3.1398,12841.0,3.1406,12891.0,3.1407,5883.0
1753769534376,06:12:14.376,bitmex,XRP/USDT:USDT,3.1408,7700.0,3.1403,11300.0,3.1412,107500.0,3.1414,203400.0
1753769534482,06:12:14.482,bitfinex,XRP/USDT:USDT,3.141,261.20789204,3.1405,265.98166701,3.1419,261.20789204,3.142,392.29
1753769534483,06:12:14.483,bitfinex,XRP/USDT:USDT,3.1418,114.0,3.1411,248.07537466,3.1419,261.20789204,3.142,318.29
1753769534483,06:12:14.483,bitfinex,XRP/USDT:USDT,3.1418,114.0,3.1411,248.07537466,3.1419,261.20789204,3.142,318.29
1753769534491,06:12:14.491,bybit,XRP/USDT:USDT,3.1397,9150.0,3.1396,6261.0,3.1398,783.0,3.1399,12967.0
1753769534481,06:12:14.481,bitget,XRP/USDT:USDT,3.1404,11991.0,3.1403,8602.0,3.1405,8793.0,3.1406,29491.0
1753769534488,06:12:14.488,binance,XRP/USDT:USDT,3.1401,16948.3,3.14,18472.9,3.1402,3812.0,3.1403,4683.7
1753769534488,06:12:14.488,binanceusdm,XRP/USDT:USDT,3.1401,16948.3,3.14,18472.9,3.1402,3812.0,3.1403,4683.7
1753769534448,06:12:14.448,bitmex,XRP/USDT:USDT,3.1408,7700.0,3.1403,11300.0,3.1412,107500.0,3.1414,203400.0
1753769534498,06:12:14.498,coincatch,XRP/USDT:USDT,3.1401,24862.0,3.14,27709.0,3.1402,16299.0,3.1403,21017.0
1753769534518,06:12:14.518,bitmart,XRP/USDT:USDT,3.1401,65789.0,3.14,15513.0,3.1402,16737.0,3.1403,15260.0
1753769534497,06:12:14.497,bitmex,XRP/USDT:USDT,3.1408,7700.0,3.1403,11300.0,3.1412,107500.0,3.1414,203400.0
1753769534591,06:12:14.591,bybit,XRP/USDT:USDT,3.1397,7076.0,3.1396,6261.0,3.1398,4517.0,3.1399,12967.0
1753769534591,06:12:14.591,binance,XRP/USDT:USDT,3.1401,16956.2,3.14,18472.9,3.1402,6212.0,3.1403,4579.9
1753769534591,06:12:14.591,binanceusdm,XRP/USDT:USDT,3.1401,16956.2,3.14,18472.9,3.1402,6212.0,3.1403,4579.9
1753769535231,06:12:15.231,bitfinex,XRP/USDT:USDT,3.1418,114.0,3.141,261.20789204,3.1419,261.20789204,3.142,318.29
1753769535257,06:12:15.257,bitfinex,XRP/USDT:USDT,3.1418,530.0,3.1414,318.34,3.1419,697.49789204,3.1424,367.0
1753769534974,06:12:14.974,ascendex,XRP/USDT:USDT,3.1399,20849.0,3.1398,12841.0,3.1406,12891.0,3.1407,5883.0
1753769535125,06:12:15.125,bitmart,XRP/USDT:USDT,3.1401,65789.0,3.14,15513.0,3.1402,48544.0,3.1403,15260.0
1753769535247,06:12:15.247,binance,XRP/USDT:USDT,3.1401,17747.2,3.14,18489.7,3.1402,12040.9,3.1403,9366.5
1753769535247,06:12:15.247,binanceusdm,XRP/USDT:USDT,3.1401,17747.2,3.14,18489.7,3.1402,12040.9,3.1403,9366.5
1753769535232,06:12:15.232,bitget,XRP/USDT:USDT,3.1404,7349.0,3.1403,8802.0,3.1405,9164.0,3.1406,29491.0
1753769535213,06:12:15.213,bitmex,XRP/USDT:USDT,3.1408,7700.0,3.1403,11300.0,3.1412,107500.0,3.1414,218600.0
1753769535262,06:12:15.262,bitmex,XRP/USDT:USDT,3.1401,15200.0,3.14,36800.0,3.1412,107500.0,3.1414,218600.0
1753769534958,06:12:14.958,blofin,XRP/USDT:USDT,3.1375,143.0,3.1374,182.0,3.1376,7.0,3.1377,276.0
1753769535348,06:12:15.348,binanceusdm,XRP/USDT:USDT,3.1401,14231.9,3.14,18489.7,3.1402,8742.2,3.1403,6130.6
1753769535348,06:12:15.348,binance,XRP/USDT:USDT,3.1401,14231.9,3.14,18489.7,3.1402,8742.2,3.1403,6130.6
1753769535386,06:12:15.386,bitfinex,XRP/USDT:USDT,3.1418,530.0,3.1414,318.34,3.1419,697.49789204,3.1424,367.0
1753769535387,06:12:15.387,bitfinex,XRP/USDT:USDT,3.1418,530.0,3.1414,318.34,3.1419,697.49789204,3.1424,367.0
1753769535387,06:12:15.387,bitfinex,XRP/USDT:USDT,3.1418,530.0,3.1414,318.34,3.1419,697.49789204,3.1424,367.0
1753769535314,06:12:15.314,ascendex,XRP/USDT:USDT,3.1399,22579.0,3.1398,12841.0,3.1406,12891.0,3.1407,5883.0
1753769535391,06:12:15.391,bybit,XRP/USDT:USDT,3.1397,1315.0,3.1396,3366.0,3.1398,5422.0,3.1399,12967.0
1753769535382,06:12:15.382,bitget,XRP/USDT:USDT,3.1404,6248.0,3.1403,8802.0,3.1405,9418.0,3.1406,29491.0
1753769535449,06:12:15.449,binanceusdm,XRP/USDT:USDT,3.1401,18690.0,3.14,19360.3,3.1402,8742.2,3.1403,6062.5
1753769535449,06:12:15.449,binance,XRP/USDT:USDT,3.1401,18690.0,3.14,19360.3,3.1402,8742.2,3.1403,6062.5
1753769535491,06:12:15.491,bybit,XRP/USDT:USDT,3.1397,6853.0,3.1396,3366.0,3.1398,724.0,3.1399,12967.0
1753769535532,06:12:15.532,bitget,XRP/USDT:USDT,3.1404,8211.0,3.1403,8802.0,3.1405,8556.0,3.1406,29491.0
1753769535585,06:12:15.585,bitfinex,XRP/USDT:USDT,3.1418,530.0,3.1414,318.34,3.1419,697.49789204,3.1424,367.0
1753769535585,06:12:15.585,bitfinex,XRP/USDT:USDT,3.1418,530.0,3.1414,318.34,3.1419,697.49789204,3.1424,367.0
1753769535585,06:12:15.585,bitfinex,XRP/USDT:USDT,3.1418,530.0,3.1414,318.34,3.1419,697.49789204,3.1424,367.0
1753769535552,06:12:15.552,binanceusdm,XRP/USDT:USDT,3.1401,18690.0,3.14,19360.3,3.1402,1876.5,3.1403,4646.9
1753769535552,06:12:15.552,binance,XRP/USDT:USDT,3.1401,18690.0,3.14,19360.3,3.1402,1876.5,3.1403,4646.9
1753769535592,06:12:15.592,bybit,XRP/USDT:USDT,3.1398,8399.0,3.1397,12551.0,3.1399,8715.0,3.14,5035.0
1753769535541,06:12:15.541,bitmex,XRP/USDT:USDT,3.1401,15200.0,3.14,36800.0,3.1412,107500.0,3.1414,218600.0
1753769535755,06:12:15.755,binance,XRP/USDT:USDT,3.1401,18811.2,3.14,19360.3,3.1402,367.7,3.1403,4646.9
1753769535899,06:12:15.899,bitfinex,XRP/USDT:USDT,3.1418,530.0,3.1415,318.32,3.1419,261.20789204,3.1421,318.27
1753769535649,06:12:15.649,ascendex,XRP/USDT:USDT,3.1399,15541.0,3.1398,12841.0,3.1406,10516.0,3.1407,5883.0
1753769535861,06:12:15.861,bitmex,XRP/USDT:USDT,3.1401,15200.0,3.14,36800.0,3.1412,107500.0,3.1414,203400.0
1753769535991,06:12:15.991,bybit,XRP/USDT:USDT,3.1398,7679.0,3.1397,10793.0,3.1399,9480.0,3.14,4382.0
1753769535910,06:12:15.910,bitmex,XRP/USDT:USDT,3.1401,15200.0,3.14,36800.0,3.1412,107500.0,3.1414,218600.0
1753769535982,06:12:15.982,bitget,XRP/USDT:USDT,3.1404,25576.0,3.1403,11668.0,3.1405,13140.0,3.1406,28214.0
1753769535998,06:12:15.998,binanceusdm,XRP/USDT:USDT,3.1401,14731.2,3.14,18489.7,3.1402,5277.2,3.1403,4646.9
1753769535968,06:12:15.968,ascendex,XRP/USDT:USDT,3.1399,15541.0,3.1398,12841.0,3.1406,10516.0,3.1407,5883.0
1753769536085,06:12:16.085,bitfinex,XRP/USDT:USDT,3.1418,530.0,3.1415,318.32,3.1419,261.20789204,3.1427,72.0
1753769536086,06:12:16.086,bitfinex,XRP/USDT:USDT,3.1418,530.0,3.1415,318.32,3.1419,261.20789204,3.1427,72.0
1753769536090,06:12:16.090,bybit,XRP/USDT:USDT,3.1398,8434.0,3.1397,10793.0,3.1399,9480.0,3.14,4382.0
1753769535999,06:12:15.999,coincatch,XRP/USDT:USDT,3.1401,22097.0,3.14,27448.0,3.1402,14004.0,3.1403,19679.0
1753769536104,06:12:16.104,binance,XRP/USDT:USDT,3.1401,14638.0,3.14,18489.7,3.1402,5278.9,3.1403,4646.9
1753769536104,06:12:16.104,binanceusdm,XRP/USDT:USDT,3.1401,14638.0,3.14,18489.7,3.1402,5278.9,3.1403,4646.9
1753769536000,06:12:16.000,gate,XRP/USDT:USDT,3.1397,240.0,3.1396,611.0,3.1398,403.0,3.1399,1024.0
1753769535605,06:12:15.605,blofin,XRP/USDT:USDT,3.1377,143.0,3.1376,288.0,3.1378,4.0,3.1379,306.0
1753769536119,06:12:16.119,bitmart,XRP/USDT:USDT,3.1401,65789.0,3.14,15513.0,3.1402,23000.0,3.1403,15260.0
1753769536132,06:12:16.132,bitget,XRP/USDT:USDT,3.1404,25576.0,3.1403,11668.0,3.1405,13140.0,3.1406,28214.0
1753769536186,06:12:16.186,gate,XRP/USDT:USDT,3.1397,258.0,3.1396,849.0,3.1398,221.0,3.1399,1024.0
1753769536213,06:12:16.213,binance,XRP/USDT:USDT,3.1401,14646.7,3.14,18489.7,3.1402,3446.0,3.1403,4646.9
1753769536213,06:12:16.213,binanceusdm,XRP/USDT:USDT,3.1401,14646.7,3.14,18489.7,3.1402,3446.0,3.1403,4646.9
1753769536285,06:12:16.285,bitfinex,XRP/USDT:USDT,3.1418,530.0,3.1415,318.32,3.1419,261.20789204,3.1427,72.0
1753769536286,06:12:16.286,bitfinex,XRP/USDT:USDT,3.1418,530.0,3.1415,318.32,3.1419,379.20789204,3.1424,72.0
1753769536286,06:12:16.286,bitfinex,XRP/USDT:USDT,3.1418,530.0,3.1415,318.32,3.1419,379.20789204,3.1424,72.0
1753769536291,06:12:16.291,bybit,XRP/USDT:USDT,3.1398,8434.0,3.1397,10793.0,3.1399,9480.0,3.14,4382.0
1753769536224,06:12:16.224,bitmex,XRP/USDT:USDT,3.1401,15200.0,3.14,36800.0,3.1412,107500.0,3.1414,203400.0
1753769536282,06:12:16.282,bitget,XRP/USDT:USDT,3.1404,25576.0,3.1403,9439.0,3.1405,13140.0,3.1406,28214.0
1753769536273,06:12:16.273,gate,XRP/USDT:USDT,3.1397,396.0,3.1396,849.0,3.1398,6.0,3.1399,429.0
1753769536284,06:12:16.284,ascendex,XRP/USDT:USDT,3.1399,27394.0,3.1398,11592.0,3.1406,4712.0,3.1407,5883.0
1753769536299,06:12:16.299,coincatch,XRP/USDT:USDT,3.1401,21970.0,3.14,27735.0,3.1402,12706.0,3.1403,19679.0
1753769536318,06:12:16.318,binance,XRP/USDT:USDT,3.1401,17652.5,3.14,18832.3,3.1402,3432.9,3.1403,6090.0
1753769536318,06:12:16.318,binanceusdm,XRP/USDT:USDT,3.1401,17652.5,3.14,18832.3,3.1402,3432.9,3.1403,6090.0
1753769536393,06:12:16.393,gate,XRP/USDT:USDT,3.1397,396.0,3.1396,879.0,3.1398,6.0,3.1399,424.0
1753769536421,06:12:16.421,binance,XRP/USDT:USDT,3.1401,17652.5,3.14,19667.6,3.1402,3219.2,3.1403,6090.0
1753769536421,06:12:16.421,binanceusdm,XRP/USDT:USDT,3.1401,17652.5,3.14,19667.6,3.1402,3219.2,3.1403,6090.0
1753769536432,06:12:16.432,bitget,XRP/USDT:USDT,3.1404,25576.0,3.1403,9439.0,3.1405,13140.0,3.1406,30978.0
1753769536395,06:12:16.395,bitmex,XRP/USDT:USDT,3.1401,15200.0,3.14,36800.0,3.1412,107500.0,3.1414,203400.0
1753769536483,06:12:16.483,bitfinex,XRP/USDT:USDT,3.1418,530.0,3.1415,318.32,3.1419,379.20789204,3.1424,72.0
1753769536485,06:12:16.485,bitfinex,XRP/USDT:USDT,3.1418,530.0,3.1415,318.32,3.1419,379.20789204,3.1424,72.0
1753769536485,06:12:16.485,bitfinex,XRP/USDT:USDT,3.1418,530.0,3.1415,318.32,3.1419,379.20789204,3.1424,72.0
1753769536491,06:12:16.491,bybit,XRP/USDT:USDT,3.1398,8804.0,3.1397,10789.0,3.1399,8725.0,3.14,4382.0
1753769536477,06:12:16.477,gate,XRP/USDT:USDT,3.1397,396.0,3.1396,879.0,3.1398,6.0,3.1399,424.0
1753769536590,06:12:16.590,bybit,XRP/USDT:USDT,3.1398,7839.0,3.1397,10793.0,3.1399,10154.0,3.14,4382.0
1753769536583,06:12:16.583,bitget,XRP/USDT:USDT,3.1404,25576.0,3.1403,9439.0,3.1405,11587.0,3.1406,30043.0
1753769536511,06:12:16.511,gate,XRP/USDT:USDT,3.1397,396.0,3.1396,849.0,3.1398,99.0,3.1399,424.0
1753769536602,06:12:16.602,ascendex,XRP/USDT:USDT,3.1399,20218.0,3.1398,11592.0,3.1406,10094.0,3.1407,5883.0
1753769536599,06:12:16.599,coincatch,XRP/USDT:USDT,3.1401,26479.0,3.14,28248.0,3.1402,11337.0,3.1403,19571.0
1753769536567,06:12:16.567,bitmex,XRP/USDT:USDT,3.1401,15200.0,3.14,36800.0,3.1412,107500.0,3.1414,203400.0
1753769536628,06:12:16.628,binanceusdm,XRP/USDT:USDT,3.1401,17655.0,3.14,18832.3,3.1402,3363.2,3.1403,6090.0
1753769536628,06:12:16.628,binance,XRP/USDT:USDT,3.1401,17655.0,3.14,18832.3,3.1402,3363.2,3.1403,6090.0
1753769536691,06:12:16.691,bybit,XRP/USDT:USDT,3.1398,7839.0,3.1397,10793.0,3.1399,10154.0,3.14,4382.0
1753769536645,06:12:16.645,gate,XRP/USDT:USDT,3.1397,396.0,3.1396,849.0,3.1398,221.0,3.1399,664.0
1753769536730,06:12:16.730,binanceusdm,XRP/USDT:USDT,3.1401,17655.0,3.14,18832.3,3.1402,3363.2,3.1403,6090.0
1753769536730,06:12:16.730,binance,XRP/USDT:USDT,3.1401,17655.0,3.14,18832.3,3.1402,3363.2,3.1403,6090.0
1753769536733,06:12:16.733,bitget,XRP/USDT:USDT,3.1404,25576.0,3.1403,9439.0,3.1405,11587.0,3.1406,31312.0
1753769536791,06:12:16.791,bybit,XRP/USDT:USDT,3.1398,7839.0,3.1397,10793.0,3.1399,10154.0,3.14,4382.0
1753769536742,06:12:16.742,gate,XRP/USDT:USDT,3.1397,396.0,3.1396,849.0,3.1398,6.0,3.1399,664.0
1753769536836,06:12:16.836,binance,XRP/USDT:USDT,3.1401,17655.0,3.14,18832.3,3.1402,1199.9,3.1403,6090.0
1753769536836,06:12:16.836,binanceusdm,XRP/USDT:USDT,3.1401,17655.0,3.14,18832.3,3.1402,1199.9,3.1403,6090.0
1753769536890,06:12:16.890,bybit,XRP/USDT:USDT,3.1398,7839.0,3.1397,10793.0,3.1399,10154.0,3.14,4382.0
1753769536882,06:12:16.882,bitget,XRP/USDT:USDT,3.1404,25576.0,3.1403,9439.0,3.1405,11587.0,3.1406,31312.0
1753769536888,06:12:16.888,gate,XRP/USDT:USDT,3.1397,396.0,3.1396,879.0,3.1398,6.0,3.14,1294.0
1753769536900,06:12:16.900,coincatch,XRP/USDT:USDT,3.1401,26479.0,3.14,28248.0,3.1402,10906.0,3.1403,19571.0
1753769536857,06:12:16.857,ascendex,XRP/USDT:USDT,3.1399,20218.0,3.1398,11592.0,3.1406,10094.0,3.141,10873.0
1753769536920,06:12:16.920,bitmart,XRP/USDT:USDT,3.1401,65789.0,3.14,15513.0,3.1402,23000.0,3.1403,15260.0
1753769536949,06:12:16.949,binanceusdm,XRP/USDT:USDT,3.1401,17655.0,3.14,18832.3,3.1402,1199.9,3.1403,8369.4
1753769536949,06:12:16.949,binance,XRP/USDT:USDT,3.1401,17655.0,3.14,18832.3,3.1402,1199.9,3.1403,8369.4
1753769536991,06:12:16.991,bybit,XRP/USDT:USDT,3.1398,7839.0,3.1397,10793.0,3.1399,9399.0,3.14,4382.0
1753769537745,06:12:17.745,bitfinex,XRP/USDT:USDT,3.1418,530.0,3.1415,318.32,3.1424,72.0,3.1428,349.0
1753769537817,06:12:17.817,bitfinex,XRP/USDT:USDT,3.1418,530.0,3.1415,318.32,3.1422,261.20789204,3.1424,72.0
1753769537536,06:12:17.536,gate,XRP/USDT:USDT,3.1399,68.0,3.1398,702.0,3.14,429.0,3.1401,1598.0
1753769537505,06:12:17.505,ascendex,XRP/USDT:USDT,3.1399,26216.0,3.1398,11592.0,3.1406,10094.0,3.1407,12693.0
1753769537688,06:12:17.688,gate,XRP/USDT:USDT,3.1402,411.0,3.1401,573.0,3.1403,73.0,3.1404,368.0
1753769537791,06:12:17.791,gate,XRP/USDT:USDT,3.1403,229.0,3.1402,836.0,3.1404,236.0,3.1406,931.0
1753769537719,06:12:17.719,bitmart,XRP/USDT:USDT,3.1401,65789.0,3.14,15513.0,3.1402,4920.0,3.1403,15260.0
1753769537831,06:12:17.831,ascendex,XRP/USDT:USDT,3.1402,7891.0,3.1401,12979.0,3.1413,5347.0,3.1414,4532.0
1753769537888,06:12:17.888,gate,XRP/USDT:USDT,3.1403,220.0,3.1402,506.0,3.1404,410.0,3.1405,360.0
1753769537905,06:12:17.905,bitmex,XRP/USDT:USDT,3.1407,15200.0,3.1405,37500.0,3.1418,107500.0,3.142,372900.0
1753769538041,06:12:18.041,bitfinex,XRP/USDT:USDT,3.1426,114.0,3.1419,347.0,3.1434,261.20789204,3.1437,349.0
1753769537916,06:12:17.916,bitmart,XRP/USDT:USDT,3.1401,24744.0,3.14,26949.0,3.1406,6961.0,3.1407,16218.0
1753769537973,06:12:17.973,binanceusdm,XRP/USDT:USDT,3.1406,49549.7,3.1405,36104.6,3.1407,4636.9,3.1408,7717.6
1753769537933,06:12:17.933,bitget,XRP/USDT:USDT,3.1406,91366.0,3.1405,33411.0,3.1407,743.0,3.1409,1282.0
1753769537992,06:12:17.992,gate,XRP/USDT:USDT,3.1403,220.0,3.1402,476.0,3.1404,874.0,3.1405,899.0
1753769537955,06:12:17.955,bitmex,XRP/USDT:USDT,3.1414,7700.0,3.1408,37500.0,3.1418,107500.0,3.1419,370000.0
1753769538004,06:12:18.004,bitmex,XRP/USDT:USDT,3.1414,7700.0,3.1408,37500.0,3.1418,107500.0,3.142,372900.0
1753769538091,06:12:18.091,bybit,XRP/USDT:USDT,3.1399,42704.0,3.1398,19390.0,3.14,304.0,3.1401,2.0
1753769538075,06:12:18.075,binance,XRP/USDT:USDT,3.1406,29797.5,3.1405,31925.9,3.1407,3263.9,3.1408,7715.8
1753769538075,06:12:18.075,binanceusdm,XRP/USDT:USDT,3.1406,29797.5,3.1405,31925.9,3.1407,3263.9,3.1408,7715.8
1753769538084,06:12:18.084,bitget,XRP/USDT:USDT,3.1406,100916.0,3.1405,50602.0,3.1407,743.0,3.1409,4620.0
1753769538091,06:12:18.091,gate,XRP/USDT:USDT,3.1403,24.0,3.1402,476.0,3.1404,874.0,3.1405,899.0
1753769538100,06:12:18.100,coincatch,XRP/USDT:USDT,3.1406,53842.0,3.1405,69812.0,3.1407,6332.0,3.1408,9527.0
1753769538080,06:12:18.080,bitmex,XRP/USDT:USDT,3.1414,7700.0,3.1408,37500.0,3.1418,107500.0,3.142,372900.0
1753769538186,06:12:18.186,bitfinex,XRP/USDT:USDT,3.1426,114.0,3.1424,347.0,3.1427,118.0,3.1428,261.20789204
1753769538186,06:12:18.186,bitfinex,XRP/USDT:USDT,3.1426,114.0,3.1424,347.0,3.1427,118.0,3.1428,261.20789204
1753769538191,06:12:18.191,bybit,XRP/USDT:USDT,3.1399,42704.0,3.1398,19390.0,3.14,304.0,3.1401,2.0
1753769538179,06:12:18.179,binanceusdm,XRP/USDT:USDT,3.1406,22167.5,3.1405,32116.7,3.1407,7334.1,3.1408,7715.8
1753769538179,06:12:18.179,binance,XRP/USDT:USDT,3.1406,22167.5,3.1405,32116.7,3.1407,7334.1,3.1408,7715.8
1753769538130,06:12:18.130,bitmex,XRP/USDT:USDT,3.1414,7700.0,3.1408,37500.0,3.1418,107500.0,3.142,370000.0
1753769538030,06:12:18.030,ascendex,XRP/USDT:USDT,3.1403,8319.0,3.1402,7891.0,3.1413,5347.0,3.1414,8264.0
1753769538188,06:12:18.188,gate,XRP/USDT:USDT,3.1403,24.0,3.1402,476.0,3.1404,874.0,3.1405,899.0
1753769538179,06:12:18.179,bitmex,XRP/USDT:USDT,3.1414,7700.0,3.1408,37500.0,3.1418,107500.0,3.142,370000.0
1753769538233,06:12:18.233,bitget,XRP/USDT:USDT,3.1406,100910.0,3.1405,20134.0,3.1407,2616.0,3.1409,4620.0
1753769538305,06:12:18.305,bybit,XRP/USDT:USDT,3.1399,42284.0,3.1398,19012.0,3.14,1623.0,3.1401,2.0
1753769538282,06:12:18.282,binanceusdm,XRP/USDT:USDT,3.1406,22517.5,3.1405,31608.8,3.1407,11238.9,3.1408,7715.8
1753769538282,06:12:18.282,binance,XRP/USDT:USDT,3.1406,22517.5,3.1405,31608.8,3.1407,11238.9,3.1408,7715.8
1753769538292,06:12:18.292,gate,XRP/USDT:USDT,3.1403,24.0,3.1402,287.0,3.1404,874.0,3.1405,899.0
1753769538318,06:12:18.318,bitmart,XRP/USDT:USDT,3.1405,96032.0,3.1404,16625.0,3.1407,33525.0,3.1408,13417.0
1753769538384,06:12:18.384,bitfinex,XRP/USDT:USDT,3.1424,347.0,3.1422,69.0,3.1427,118.0,3.1428,261.20789204
1753769538385,06:12:18.385,bitfinex,XRP/USDT:USDT,3.1424,347.0,3.1422,69.0,3.1427,190.0,3.1428,261.20789204
1753769538385,06:12:18.385,bitfinex,XRP/USDT:USDT,3.1424,347.0,3.1422,69.0,3.1427,190.0,3.1428,261.20789204
1753769537964,06:12:17.964,blofin,XRP/USDT:USDT,3.1382,127.0,3.1381,292.0,3.1383,3.0,3.1384,319.0
1753769538391,06:12:18.391,bybit,XRP/USDT:USDT,3.1399,42750.0,3.1398,19462.0,3.14,270.0,3.1401,2.0
1753769538383,06:12:18.383,binanceusdm,XRP/USDT:USDT,3.1406,28842.8,3.1405,31603.9,3.1407,11248.5,3.1408,7715.8
1753769538383,06:12:18.383,binance,XRP/USDT:USDT,3.1406,28842.8,3.1405,31603.9,3.1407,11248.5,3.1408,7715.8
1753769538384,06:12:18.384,bitget,XRP/USDT:USDT,3.1406,100910.0,3.1405,25742.0,3.1407,2616.0,3.1409,4620.0
1753769538378,06:12:18.378,gate,XRP/USDT:USDT,3.1403,24.0,3.1402,236.0,3.1404,874.0,3.1405,899.0
1753769538491,06:12:18.491,bybit,XRP/USDT:USDT,3.1399,42754.0,3.1398,19908.0,3.14,270.0,3.1401,2.0
1753769538494,06:12:18.494,binanceusdm,XRP/USDT:USDT,3.1406,29115.5,3.1405,31622.1,3.1407,11248.5,3.1408,5422.6
1753769538494,06:12:18.494,binance,XRP/USDT:USDT,3.1406,29115.5,3.1405,31622.1,3.1407,11248.5,3.1408,5422.6
1753769538482,06:12:18.482,gate,XRP/USDT:USDT,3.1403,24.0,3.1402,236.0,3.1404,874.0,3.1405,1139.0
1753769538486,06:12:18.486,ascendex,XRP/USDT:USDT,3.1403,8319.0,3.1402,7891.0,3.1413,5347.0,3.1414,8264.0
1753769538595,06:12:18.595,bitfinex,XRP/USDT:USDT,3.1424,347.0,3.1422,69.0,3.1427,190.0,3.1428,261.20789204
1753769538599,06:12:18.599,bitfinex,XRP/USDT:USDT,3.1424,461.0,3.1422,69.0,3.1425,118.0,3.1426,72.0
1753769538604,06:12:18.604,bitfinex,XRP/USDT:USDT,3.1424,461.0,3.1422,69.0,3.1425,118.0,3.1426,72.0
1753769538591,06:12:18.591,bybit,XRP/USDT:USDT,3.1399,51336.0,3.1398,19908.0,3.14,270.0,3.1401,2.0
1753769538541,06:12:18.541,bitmex,XRP/USDT:USDT,3.1414,7700.0,3.1409,11300.0,3.1418,107500.0,3.142,370000.0
1753769538500,06:12:18.500,gate,XRP/USDT:USDT,3.1403,24.0,3.1402,236.0,3.1404,874.0,3.1405,1139.0
1753769538597,06:12:18.597,binance,XRP/USDT:USDT,3.1406,29177.3,3.1405,31622.1,3.1407,11248.5,3.1408,5422.6
1753769538597,06:12:18.597,binanceusdm,XRP/USDT:USDT,3.1406,29177.3,3.1405,31622.1,3.1407,11248.5,3.1408,5422.6
1753769538691,06:12:18.691,bybit,XRP/USDT:USDT,3.1399,51336.0,3.1398,19908.0,3.14,270.0,3.1401,2.0
1753769538684,06:12:18.684,bitget,XRP/USDT:USDT,3.1406,130010.0,3.1405,25742.0,3.1407,59.0,3.1409,4620.0
1753769538701,06:12:18.701,coincatch,XRP/USDT:USDT,3.1406,43673.0,3.1405,47433.0,3.1407,6800.0,3.1408,21357.0
1753769538716,06:12:18.716,binance,XRP/USDT:USDT,3.1406,27705.3,3.1405,37165.8,3.1407,13576.2,3.1408,5422.6
1753769538716,06:12:18.716,binanceusdm,XRP/USDT:USDT,3.1406,27705.3,3.1405,37165.8,3.1407,13576.2,3.1408,5422.6
1753769538782,06:12:18.782,bitfinex,XRP/USDT:USDT,3.1424,461.0,3.1422,69.0,3.1425,118.0,3.1426,72.0
1753769538783,06:12:18.783,bitfinex,XRP/USDT:USDT,3.1424,461.0,3.1422,69.0,3.1425,118.0,3.1426,72.0
1753769538783,06:12:18.783,bitfinex,XRP/USDT:USDT,3.1424,461.0,3.1422,69.0,3.1425,118.0,3.1426,72.0
1753769538792,06:12:18.792,bybit,XRP/USDT:USDT,3.1399,37610.0,3.1398,15863.0,3.14,1271.0,3.1401,2.0
1753769538777,06:12:18.777,gate,XRP/USDT:USDT,3.1401,240.0,3.14,690.0,3.1402,514.0,3.1403,360.0
1753769538818,06:12:18.818,binance,XRP/USDT:USDT,3.1406,24526.9,3.1405,23558.4,3.1407,13603.2,3.1408,6227.9
1753769538818,06:12:18.818,binanceusdm,XRP/USDT:USDT,3.1406,24526.9,3.1405,23558.4,3.1407,13603.2,3.1408,6227.9
1753769538773,06:12:18.773,bitmex,XRP/USDT:USDT,3.1414,7700.0,3.1408,37500.0,3.1418,107500.0,3.142,370000.0
1753769538834,06:12:18.834,bitget,XRP/USDT:USDT,3.1406,130010.0,3.1405,24002.0,3.1407,1926.0,3.1409,8931.0
1753769538892,06:12:18.892,bybit,XRP/USDT:USDT,3.14,4853.0,3.1399,29836.0,3.1401,7743.0,3.1402,1297.0
1753769538893,06:12:18.893,gate,XRP/USDT:USDT,3.1398,236.0,3.1397,741.0,3.1401,591.0,3.1402,1440.0
1753769539070,06:12:19.070,bitfinex,XRP/USDT:USDT,3.1424,461.0,3.1422,69.0,3.1425,118.0,3.1426,72.0
1753769539082,06:12:19.082,bitfinex,XRP/USDT:USDT,3.1424,461.0,3.1422,69.0,3.1425,118.0,3.1426,72.0
1753769538991,06:12:18.991,bybit,XRP/USDT:USDT,3.14,787.0,3.1399,10939.0,3.1401,25026.0,3.1402,7943.0
1753769538986,06:12:18.986,gate,XRP/USDT:USDT,3.1399,51.0,3.1398,213.0,3.14,596.0,3.1401,600.0
1753769538984,06:12:18.984,bitget,XRP/USDT:USDT,3.1406,18082.0,3.1405,4280.0,3.1407,5221.0,3.1408,393.0
1753769539024,06:12:19.024,binanceusdm,XRP/USDT:USDT,3.1402,18487.4,3.1401,9170.3,3.1403,11038.7,3.1404,2941.6
1753769538465,06:12:18.465,blofin,XRP/USDT:USDT,3.1382,54.0,3.1381,192.0,3.1383,52.0,3.1384,265.0
1753769539093,06:12:19.093,gate,XRP/USDT:USDT,3.1399,263.0,3.1398,836.0,3.14,293.0,3.1401,1282.0
1753769539084,06:12:19.084,ascendex,XRP/USDT:USDT,3.1399,28001.0,3.1398,11592.0,3.1406,15034.0,3.1407,14623.0
1753769539134,06:12:19.134,bitget,XRP/USDT:USDT,3.1406,38196.0,3.1404,22534.0,3.1407,6977.0,3.1408,226.0
1753769539190,06:12:19.190,gate,XRP/USDT:USDT,3.1401,526.0,3.14,836.0,3.1402,276.0,3.1403,1519.0
1753769539290,06:12:19.290,bitfinex,XRP/USDT:USDT,3.1422,69.0,3.142,318.28,3.1425,118.0,3.1426,72.0
1753769539291,06:12:19.291,bitfinex,XRP/USDT:USDT,3.1415,347.0,3.141,527.18955905,3.1425,379.20789204,3.1426,72.0
1753769539292,06:12:19.292,bitfinex,XRP/USDT:USDT,3.1415,347.0,3.141,527.18955905,3.1425,379.20789204,3.1426,72.0
1753769539291,06:12:19.291,bybit,XRP/USDT:USDT,3.14,16301.0,3.1399,3904.0,3.1401,150.0,3.1402,127.0
1753769539214,06:12:19.214,bitmex,XRP/USDT:USDT,3.1413,7700.0,3.1406,14900.0,3.1418,3981400.0,3.1419,388100.0
1753769539284,06:12:19.284,bitget,XRP/USDT:USDT,3.1406,37411.0,3.1405,2669.0,3.1407,11871.0,3.1408,12862.0
1753769539293,06:12:19.293,gate,XRP/USDT:USDT,3.1403,526.0,3.1402,670.0,3.1404,660.0,3.1405,1280.0
1753769539301,06:12:19.301,coincatch,XRP/USDT:USDT,3.1403,33472.0,3.1402,20373.0,3.1407,10398.0,3.1408,7740.0
1753769539264,06:12:19.264,bitmex,XRP/USDT:USDT,3.1413,7700.0,3.1407,37500.0,3.1418,477500.0,3.1419,3889100.0
1753769539391,06:12:19.391,bybit,XRP/USDT:USDT,3.1401,20626.0,3.14,18342.0,3.1402,123.0,3.1403,156.0
1753769539390,06:12:19.390,gate,XRP/USDT:USDT,3.1403,526.0,3.1402,670.0,3.1404,660.0,3.1405,443.0
1753769539439,06:12:19.439,binanceusdm,XRP/USDT:USDT,3.1406,41180.9,3.1405,38055.5,3.1407,597.8,3.1408,6134.3
1753769539434,06:12:19.434,bitget,XRP/USDT:USDT,3.1406,38412.0,3.1405,13171.0,3.1407,53.0,3.1409,1282.0
1753769539484,06:12:19.484,bitfinex,XRP/USDT:USDT,3.141,527.18955905,3.1405,354.46395535,3.1425,379.20789204,3.1426,72.0
1753769539485,06:12:19.485,bitfinex,XRP/USDT:USDT,3.1421,530.0,3.1416,248.00799754,3.1425,261.20789204,3.1426,72.0
1753769539486,06:12:19.486,bitfinex,XRP/USDT:USDT,3.1421,530.0,3.1416,248.00799754,3.1425,261.20789204,3.1426,72.0
1753769539491,06:12:19.491,bybit,XRP/USDT:USDT,3.1401,21330.0,3.14,18346.0,3.1402,123.0,3.1403,156.0
1753769539406,06:12:19.406,ascendex,XRP/USDT:USDT,3.1403,5569.0,3.1402,4412.0,3.1413,5347.0,3.1414,8264.0
1753769539411,06:12:19.411,bitmex,XRP/USDT:USDT,3.1413,7700.0,3.1407,37500.0,3.1418,107500.0,3.142,379800.0
1753769539492,06:12:19.492,gate,XRP/USDT:USDT,3.1403,526.0,3.1402,670.0,3.1404,660.0,3.1405,443.0
1753769539591,06:12:19.591,bybit,XRP/USDT:USDT,3.1401,22696.0,3.14,18346.0,3.1402,123.0,3.1403,156.0
1753769539509,06:12:19.509,bitmex,XRP/USDT:USDT,3.1413,7700.0,3.1408,15700.0,3.1418,107500.0,3.1419,370000.0
1753769539584,06:12:19.584,bitget,XRP/USDT:USDT,3.1406,47950.0,3.1405,41351.0,3.1407,59.0,3.1409,1282.0
1753769539539,06:12:19.539,gate,XRP/USDT:USDT,3.1403,526.0,3.1402,670.0,3.1404,660.0,3.1405,443.0
1753769539000,06:12:19.000,gateio,XRP/USDT:USDT,3.1403,526.0,3.1402,670.0,3.1404,660.0,3.1405,443.0
1753769539558,06:12:19.558,bitmex,XRP/USDT:USDT,3.1413,7700.0,3.1408,15700.0,3.1418,107500.0,3.1419,370000.0
1753769539601,06:12:19.601,coincatch,XRP/USDT:USDT,3.1406,61494.0,3.1405,57083.0,3.1407,6883.0,3.1408,15425.0
1753769539697,06:12:19.697,bitfinex,XRP/USDT:USDT,3.1416,248.00799754,3.1413,261.20789204,3.1425,261.20789204,3.1426,72.0
1753769539700,06:12:19.700,bitfinex,XRP/USDT:USDT,3.1422,416.0,3.1417,248.00799754,3.1425,261.20789204,3.1426,72.0
1753769539707,06:12:19.707,bitfinex,XRP/USDT:USDT,3.1422,416.0,3.1417,248.00799754,3.1425,261.20789204,3.1426,72.0
1753769539607,06:12:19.607,bitmex,XRP/USDT:USDT,3.1413,7700.0,3.1408,15700.0,3.1418,107500.0,3.1419,370000.0
1753769539691,06:12:19.691,bybit,XRP/USDT:USDT,3.1401,31606.0,3.14,9794.0,3.1402,123.0,3.1403,156.0
1753769539467,06:12:19.467,blofin,XRP/USDT:USDT,3.1382,60.0,3.1381,319.0,3.1383,103.0,3.1384,289.0
1753769539667,06:12:19.667,gate,XRP/USDT:USDT,3.1403,526.0,3.1402,670.0,3.1404,660.0,3.1405,443.0
1753769539667,06:12:19.667,gateio,XRP/USDT:USDT,3.1403,526.0,3.1402,670.0,3.1404,660.0,3.1405,443.0
1753769539656,06:12:19.656,bitmex,XRP/USDT:USDT,3.1413,7700.0,3.1408,15700.0,3.1418,157400.0,3.1419,370000.0
1753769539717,06:12:19.717,bitmart,XRP/USDT:USDT,3.1406,105833.0,3.1405,15883.0,3.1407,2467.0,3.1408,13417.0
1753769539735,06:12:19.735,bitget,XRP/USDT:USDT,3.1406,47956.0,3.1405,43299.0,3.1407,59.0,3.1409,1282.0
1753769539705,06:12:19.705,bitmex,XRP/USDT:USDT,3.1413,7700.0,3.1408,15700.0,3.1418,107500.0,3.1419,102600.0
1753769539791,06:12:19.791,bybit,XRP/USDT:USDT,3.1401,31606.0,3.14,9794.0,3.1402,123.0,3.1403,156.0
1753769539666,06:12:19.666,ascendex,XRP/USDT:USDT,3.1403,5569.0,3.1402,4412.0,3.1413,5347.0,3.1414,8264.0
1753769539712,06:12:19.712,gateio,XRP/USDT:USDT,3.1403,526.0,3.1402,600.0,3.1404,660.0,3.1405,443.0
1753769539712,06:12:19.712,gate,XRP/USDT:USDT,3.1403,526.0,3.1402,600.0,3.1404,660.0,3.1405,443.0
1753769540395,06:12:20.395,bitfinex,XRP/USDT:USDT,3.1417,248.00799754,3.1413,261.20789204,3.1425,261.20789204,3.1426,72.0
1753769540455,06:12:20.455,bitfinex,XRP/USDT:USDT,3.1424,530.0,3.1416,261.20789204,3.1425,379.20789204,3.1426,72.0
1753769540192,06:12:20.192,gate,XRP/USDT:USDT,3.1403,513.0,3.1402,600.0,3.1404,424.0,3.1405,443.0
1753769540192,06:12:20.192,gateio,XRP/USDT:USDT,3.1403,513.0,3.1402,600.0,3.1404,424.0,3.1405,443.0
1753769540483,06:12:20.483,bitfinex,XRP/USDT:USDT,3.1424,530.0,3.1416,261.20789204,3.1425,379.20789204,3.1426,72.0
1753769540268,06:12:20.268,gate,XRP/USDT:USDT,3.1403,513.0,3.1402,600.0,3.1404,424.0,3.1405,443.0
1753769540268,06:12:20.268,gateio,XRP/USDT:USDT,3.1403,513.0,3.1402,600.0,3.1404,424.0,3.1405,443.0
1753769540379,06:12:20.379,gate,XRP/USDT:USDT,3.1403,513.0,3.1402,600.0,3.1404,424.0,3.1405,443.0
1753769540379,06:12:20.379,gateio,XRP/USDT:USDT,3.1403,513.0,3.1402,600.0,3.1404,424.0,3.1405,443.0
1753769540374,06:12:20.374,binanceusdm,XRP/USDT:USDT,3.1406,44722.5,3.1405,35936.8,3.1407,470.1,3.1408,2436.9
1753769540533,06:12:20.533,bitfinex,XRP/USDT:USDT,3.1424,530.0,3.1417,247.98829706,3.1425,379.20789204,3.1426,72.0
1753769540380,06:12:20.380,bitmex,XRP/USDT:USDT,3.1416,7700.0,3.141,37500.0,3.1418,107500.0,3.1419,102600.0
1753769540493,06:12:20.493,bybit,XRP/USDT:USDT,3.1403,12003.0,3.1402,30489.0,3.1404,304.0,3.1405,11.0
1753769540544,06:12:20.544,bitfinex,XRP/USDT:USDT,3.1424,530.0,3.1417,247.98829706,3.1425,379.20789204,3.1426,72.0
1753769539967,06:12:19.967,blofin,XRP/USDT:USDT,3.1382,60.0,3.1381,319.0,3.1383,103.0,3.1384,289.0
1753769540493,06:12:20.493,gate,XRP/USDT:USDT,3.1406,510.0,3.1405,489.0,3.1407,11.0,3.1408,6.0
1753769540493,06:12:20.493,gateio,XRP/USDT:USDT,3.1406,510.0,3.1405,489.0,3.1407,11.0,3.1408,6.0
1753769540485,06:12:20.485,bitget,XRP/USDT:USDT,3.1406,75808.0,3.1405,21492.0,3.1407,53.0,3.1411,21264.0
1753769540502,06:12:20.502,bitmex,XRP/USDT:USDT,3.1416,7700.0,3.141,37500.0,3.1418,107500.0,3.1419,102600.0
1753769540591,06:12:20.591,bybit,XRP/USDT:USDT,3.1403,17082.0,3.1402,47086.0,3.1404,302.0,3.1405,11.0
1753769540578,06:12:20.578,binance,XRP/USDT:USDT,3.1408,51686.5,3.1407,36147.0,3.1409,525.8,3.141,2868.6
1753769540578,06:12:20.578,binanceusdm,XRP/USDT:USDT,3.1408,51686.5,3.1407,36147.0,3.1409,525.8,3.141,2868.6
1753769540589,06:12:20.589,gate,XRP/USDT:USDT,3.1406,531.0,3.1405,489.0,3.1407,11.0,3.1408,6.0
1753769540589,06:12:20.589,gateio,XRP/USDT:USDT,3.1406,531.0,3.1405,489.0,3.1407,11.0,3.1408,6.0
1753769540552,06:12:20.552,bitmex,XRP/USDT:USDT,3.1416,7700.0,3.1411,11300.0,3.1418,107500.0,3.142,481900.0
1753769540747,06:12:20.747,gate,XRP/USDT:USDT,3.1406,492.0,3.1405,489.0,3.1407,435.0,3.1408,6.0
1753769540747,06:12:20.747,gateio,XRP/USDT:USDT,3.1406,492.0,3.1405,489.0,3.1407,435.0,3.1408,6.0
1753769540957,06:12:20.957,bitfinex,XRP/USDT:USDT,3.1424,530.0,3.1416,261.20789204,3.1425,379.20789204,3.1426,72.0
1753769540968,06:12:20.968,bitfinex,XRP/USDT:USDT,3.1424,530.0,3.1419,261.20789204,3.1428,261.20789204,3.1431,421.0
1753769540861,06:12:20.861,gate,XRP/USDT:USDT,3.1406,492.0,3.1405,489.0,3.1407,435.0,3.1408,6.0
1753769540861,06:12:20.861,gateio,XRP/USDT:USDT,3.1406,492.0,3.1405,489.0,3.1407,435.0,3.1408,6.0
1753769540703,06:12:20.703,ascendex,XRP/USDT:USDT,3.1404,7536.0,3.1403,5569.0,3.1413,5347.0,3.1414,8264.0
1753769541025,06:12:21.025,bitfinex,XRP/USDT:USDT,3.1419,261.20789204,3.1418,247.98829706,3.1428,261.20789204,3.1431,421.0
1753769540890,06:12:20.890,binanceusdm,XRP/USDT:USDT,3.1408,51577.8,3.1407,35956.2,3.1409,371.9,3.141,2637.1
1753769540895,06:12:20.895,bitmex,XRP/USDT:USDT,3.1417,7700.0,3.1416,7700.0,3.1418,107500.0,3.1422,370000.0
1753769541034,06:12:21.034,bitfinex,XRP/USDT:USDT,3.1427,461.0,3.1425,69.0,3.1428,379.20789204,3.1431,421.0
1753769540522,06:12:20.522,blofin,XRP/USDT:USDT,3.1384,142.0,3.1383,297.0,3.1385,17.0,3.1386,279.0
1753769540966,06:12:20.966,gate,XRP/USDT:USDT,3.1406,492.0,3.1405,489.0,3.1407,435.0,3.1408,6.0
1753769540966,06:12:20.966,gateio,XRP/USDT:USDT,3.1406,492.0,3.1405,489.0,3.1407,435.0,3.1408,6.0
1753769540944,06:12:20.944,bitmex,XRP/USDT:USDT,3.1417,7700.0,3.1411,63700.0,3.1418,107500.0,3.1423,372900.0
1753769540739,06:12:20.739,hashkey,XRP/USDT:USDT,3.14,63.0,3.1396,63.0,3.1444,63.0,3.1448,63.0
1753769540993,06:12:20.993,bitmex,XRP/USDT:USDT,3.1417,7700.0,3.1411,52400.0,3.1418,107500.0,3.1423,372900.0
1753769541041,06:12:21.041,ascendex,XRP/USDT:USDT,3.1404,7536.0,3.1403,5569.0,3.1413,5347.0,3.1414,8264.0
1753769541091,06:12:21.091,bybit,XRP/USDT:USDT,3.1403,20624.0,3.1402,42480.0,3.1404,302.0,3.1405,11.0
1753769540990,06:12:20.990,hashkey,XRP/USDT:USDT,3.14,63.0,3.1356,127.0,3.1444,63.0,3.1448,63.0
1753769541085,06:12:21.085,bitget,XRP/USDT:USDT,3.141,44565.0,3.1409,53211.0,3.1411,696.0,3.1413,28276.0
1753769541042,06:12:21.042,bitmex,XRP/USDT:USDT,3.1417,7700.0,3.1411,52400.0,3.1418,107500.0,3.1423,372900.0
1753769541095,06:12:21.095,binanceusdm,XRP/USDT:USDT,3.1408,51700.7,3.1407,35958.6,3.1409,326.1,3.141,2643.1
1753769541095,06:12:21.095,binance,XRP/USDT:USDT,3.1408,51700.7,3.1407,35958.6,3.1409,326.1,3.141,2643.1
1753769541040,06:12:21.040,gate,XRP/USDT:USDT,3.1406,492.0,3.1405,489.0,3.1407,435.0,3.1408,6.0
1753769541040,06:12:21.040,gateio,XRP/USDT:USDT,3.1406,492.0,3.1405,489.0,3.1407,435.0,3.1408,6.0
1753769541102,06:12:21.102,coincatch,XRP/USDT:USDT,3.1408,77367.0,3.1407,53934.0,3.1409,2643.0,3.141,10789.0
1753769541091,06:12:21.091,bitmex,XRP/USDT:USDT,3.1417,7700.0,3.1411,52400.0,3.1418,107500.0,3.1423,372900.0
1753769541191,06:12:21.191,bybit,XRP/USDT:USDT,3.1403,20624.0,3.1402,42480.0,3.1404,302.0,3.1405,11.0
1753769541189,06:12:21.189,gate,XRP/USDT:USDT,3.1406,492.0,3.1405,489.0,3.1407,435.0,3.1408,6.0
1753769541189,06:12:21.189,gateio,XRP/USDT:USDT,3.1406,492.0,3.1405,489.0,3.1407,435.0,3.1408,6.0
1753769541293,06:12:21.293,bitfinex,XRP/USDT:USDT,3.1427,461.0,3.1425,69.0,3.1428,379.20789204,3.1431,421.0
1753769541295,06:12:21.295,bitfinex,XRP/USDT:USDT,3.1427,461.0,3.1425,69.0,3.1428,379.20789204,3.1431,421.0
1753769541296,06:12:21.296,bitfinex,XRP/USDT:USDT,3.1427,461.0,3.1425,69.0,3.1428,379.20789204,3.1431,421.0
1753769541291,06:12:21.291,bybit,XRP/USDT:USDT,3.1403,20214.0,3.1402,42070.0,3.1404,302.0,3.1405,11.0
1753769541230,06:12:21.230,gate,XRP/USDT:USDT,3.1406,492.0,3.1405,489.0,3.1407,435.0,3.1408,6.0
1753769541230,06:12:21.230,gateio,XRP/USDT:USDT,3.1406,492.0,3.1405,489.0,3.1407,435.0,3.1408,6.0
1753769541303,06:12:21.303,binanceusdm,XRP/USDT:USDT,3.1408,49806.1,3.1407,35958.6,3.1409,326.1,3.141,2643.1
1753769541391,06:12:21.391,bybit,XRP/USDT:USDT,3.1403,20214.0,3.1402,42070.0,3.1404,302.0,3.1405,11.0
1753769541385,06:12:21.385,bitget,XRP/USDT:USDT,3.141,43695.0,3.1409,53211.0,3.1411,696.0,3.1413,28276.0
1753769541241,06:12:21.241,hashkey,XRP/USDT:USDT,3.1404,63.0,3.14,63.0,3.1444,63.0,3.1448,63.0
1753769541391,06:12:21.391,gate,XRP/USDT:USDT,3.1406,492.0,3.1405,489.0,3.1407,435.0,3.1408,6.0
1753769541391,06:12:21.391,gateio,XRP/USDT:USDT,3.1406,492.0,3.1405,489.0,3.1407,435.0,3.1408,6.0
1753769541405,06:12:21.405,binance,XRP/USDT:USDT,3.1408,49818.6,3.1407,35958.6,3.1409,352.6,3.141,2643.1
1753769541405,06:12:21.405,binanceusdm,XRP/USDT:USDT,3.1408,49818.6,3.1407,35958.6,3.1409,352.6,3.141,2643.1
1753769541402,06:12:21.402,coincatch,XRP/USDT:USDT,3.1408,74701.0,3.1407,53934.0,3.1409,2643.0,3.141,10801.0
1753769541491,06:12:21.491,bybit,XRP/USDT:USDT,3.1403,20218.0,3.1402,42100.0,3.1404,302.0,3.1405,11.0
1753769541509,06:12:21.509,bitfinex,XRP/USDT:USDT,3.1427,461.0,3.1425,69.0,3.1428,379.20789204,3.1431,421.0
1753769541510,06:12:21.510,bitfinex,XRP/USDT:USDT,3.1427,461.0,3.1425,69.0,3.1428,379.20789204,3.1431,421.0
1753769541510,06:12:21.510,bitfinex,XRP/USDT:USDT,3.1427,461.0,3.1425,69.0,3.1428,379.20789204,3.1431,421.0
1753769541493,06:12:21.493,gateio,XRP/USDT:USDT,3.1406,492.0,3.1405,489.0,3.1407,435.0,3.1408,6.0
1753769541493,06:12:21.493,gate,XRP/USDT:USDT,3.1406,492.0,3.1405,489.0,3.1407,435.0,3.1408,6.0
1753769541486,06:12:21.486,bitmex,XRP/USDT:USDT,3.1417,7700.0,3.1411,52400.0,3.1418,107500.0,3.1422,14900.0
1753769541535,06:12:21.535,bitget,XRP/USDT:USDT,3.141,43695.0,3.1409,53211.0,3.1411,696.0,3.1413,28276.0
1753769541592,06:12:21.592,bybit,XRP/USDT:USDT,3.1403,20218.0,3.1402,42100.0,3.1404,302.0,3.1405,11.0
1753769541535,06:12:21.535,bitmex,XRP/USDT:USDT,3.1417,7700.0,3.1412,15700.0,3.1418,107500.0,3.1422,227700.0
1753769541577,06:12:21.577,gateio,XRP/USDT:USDT,3.1406,492.0,3.1405,489.0,3.1407,435.0,3.1408,6.0
1753769541577,06:12:21.577,gate,XRP/USDT:USDT,3.1406,492.0,3.1405,489.0,3.1407,435.0,3.1408,6.0
1753769541391,06:12:21.391,blofin,XRP/USDT:USDT,3.1384,194.0,3.1383,280.0,3.1385,7.0,3.1386,225.0
1753769541687,06:12:21.687,bitfinex,XRP/USDT:USDT,3.1427,461.0,3.1425,69.0,3.1428,379.20789204,3.1431,421.0
1753769541779,06:12:21.779,bitfinex,XRP/USDT:USDT,3.1427,461.0,3.1425,69.0,3.1428,379.20789204,3.1431,421.0
1753769541783,06:12:21.783,bitfinex,XRP/USDT:USDT,3.1427,461.0,3.1425,69.0,3.1428,379.20789204,3.1431,421.0
1753769541491,06:12:21.491,hashkey,XRP/USDT:USDT,3.1404,63.0,3.14,63.0,3.1444,63.0,3.1448,63.0
1753769541678,06:12:21.678,gate,XRP/USDT:USDT,3.1406,492.0,3.1405,489.0,3.1407,435.0,3.1408,6.0
1753769541678,06:12:21.678,gateio,XRP/USDT:USDT,3.1406,492.0,3.1405,489.0,3.1407,435.0,3.1408,6.0
1753769541686,06:12:21.686,bitget,XRP/USDT:USDT,3.141,41085.0,3.1409,53211.0,3.1411,6.0,3.1413,28276.0
1753769541756,06:12:21.756,gate,XRP/USDT:USDT,3.1406,492.0,3.1405,489.0,3.1407,435.0,3.1408,6.0
1753769541756,06:12:21.756,gateio,XRP/USDT:USDT,3.1406,492.0,3.1405,489.0,3.1407,435.0,3.1408,6.0
1753769541739,06:12:21.739,bitmex,XRP/USDT:USDT,3.1417,7700.0,3.1412,15700.0,3.1418,107500.0,3.1422,212800.0
1753769541815,06:12:21.815,binance,XRP/USDT:USDT,3.1409,45737.8,3.1408,42513.0,3.141,3323.3,3.1411,5815.5
1753769541815,06:12:21.815,binanceusdm,XRP/USDT:USDT,3.1409,45737.8,3.1408,42513.0,3.141,3323.3,3.1411,5815.5
1753769541788,06:12:21.788,bitmex,XRP/USDT:USDT,3.1417,7700.0,3.1412,15700.0,3.1418,107500.0,3.1422,212800.0
1753769541888,06:12:21.888,bitfinex,XRP/USDT:USDT,3.1427,461.0,3.142,247.94043083,3.1428,379.20789204,3.1431,421.0
1753769541889,06:12:21.889,bitfinex,XRP/USDT:USDT,3.1427,461.0,3.1421,247.92608139,3.1428,379.20789204,3.1431,421.0
1753769541889,06:12:21.889,bitfinex,XRP/USDT:USDT,3.1427,461.0,3.1421,247.92608139,3.1428,379.20789204,3.1431,421.0
1753769541890,06:12:21.890,bybit,XRP/USDT:USDT,3.1403,19664.0,3.1402,42152.0,3.1404,302.0,3.1405,11.0
1753769541821,06:12:21.821,gate,XRP/USDT:USDT,3.1406,549.0,3.1405,489.0,3.1407,435.0,3.1408,6.0
1753769541821,06:12:21.821,gateio,XRP/USDT:USDT,3.1406,549.0,3.1405,489.0,3.1407,435.0,3.1408,6.0
1753769541920,06:12:21.920,binanceusdm,XRP/USDT:USDT,3.1409,45567.1,3.1408,42492.9,3.141,3323.3,3.1411,5815.5
1753769541920,06:12:21.920,binance,XRP/USDT:USDT,3.1409,45567.1,3.1408,42492.9,3.141,3323.3,3.1411,5815.5
1753769541991,06:12:21.991,bybit,XRP/USDT:USDT,3.1403,19664.0,3.1402,42152.0,3.1404,250.0,3.1405,11.0
1753769541970,06:12:21.970,ascendex,XRP/USDT:USDT,3.1406,5884.0,3.1404,7536.0,3.1413,5347.0,3.1414,8264.0
1753769541742,06:12:21.742,hashkey,XRP/USDT:USDT,3.1404,63.0,3.14,63.0,3.1444,63.0,3.1448,63.0
1753769541986,06:12:21.986,bitget,XRP/USDT:USDT,3.1412,38414.0,3.1411,10882.0,3.1413,30839.0,3.1414,6900.0
1753769541931,06:12:21.931,gateio,XRP/USDT:USDT,3.1406,549.0,3.1405,489.0,3.1407,435.0,3.1408,6.0
1753769541931,06:12:21.931,gate,XRP/USDT:USDT,3.1406,549.0,3.1405,489.0,3.1407,435.0,3.1408,6.0
1753769542003,06:12:22.003,coincatch,XRP/USDT:USDT,3.1409,68348.0,3.1408,63742.0,3.141,5884.0,3.1411,8898.0
1753769542024,06:12:22.024,binanceusdm,XRP/USDT:USDT,3.1409,45567.1,3.1408,42492.9,3.141,3510.6,3.1411,5815.5
1753769542024,06:12:22.024,binance,XRP/USDT:USDT,3.1409,45567.1,3.1408,42492.9,3.141,3510.6,3.1411,5815.5
1753769542161,06:12:22.161,bitfinex,XRP/USDT:USDT,3.1427,461.0,3.1419,261.20789204,3.1428,379.20789204,3.1431,421.0
1753769542415,06:12:22.415,bitfinex,XRP/USDT:USDT,3.1427,530.0,3.1422,247.89744059,3.1428,379.20789204,3.1431,421.0
1753769542094,06:12:22.094,gate,XRP/USDT:USDT,3.1406,20.0,3.1404,451.0,3.1407,541.0,3.1408,242.0
1753769542094,06:12:22.094,gateio,XRP/USDT:USDT,3.1406,20.0,3.1404,451.0,3.1407,541.0,3.1408,242.0
1753769542507,06:12:22.507,bitfinex,XRP/USDT:USDT,3.1427,461.0,3.1423,316.8635629,3.1428,697.40789204,3.1431,421.0
1753769542293,06:12:22.293,gate,XRP/USDT:USDT,3.1401,664.0,3.14,555.0,3.1402,495.0,3.1403,433.0
1753769542293,06:12:22.293,gateio,XRP/USDT:USDT,3.1401,664.0,3.14,555.0,3.1402,495.0,3.1403,433.0
1753769542264,06:12:22.264,ascendex,XRP/USDT:USDT,3.1404,7536.0,3.1403,5569.0,3.1412,8412.0,3.1413,5347.0
1753769542371,06:12:22.371,gate,XRP/USDT:USDT,3.1401,664.0,3.14,555.0,3.1402,207.0,3.1403,422.0
1753769542371,06:12:22.371,gateio,XRP/USDT:USDT,3.1401,664.0,3.14,555.0,3.1402,207.0,3.1403,422.0
1753769542319,06:12:22.319,bitmart,XRP/USDT:USDT,3.1408,110367.0,3.1407,14022.0,3.141,17034.0,3.1411,18185.0
1753769541970,06:12:21.970,blofin,XRP/USDT:USDT,3.1385,235.0,3.1384,264.0,3.1386,6.0,3.1387,209.54
1753769542399,06:12:22.399,bitmex,XRP/USDT:USDT,3.1408,14900.0,3.1407,3100.0,3.1419,47200.0,3.142,107500.0
1753769542490,06:12:22.490,gate,XRP/USDT:USDT,3.1402,62.0,3.1401,664.0,3.1403,422.0,3.1404,422.0
1753769542490,06:12:22.490,gateio,XRP/USDT:USDT,3.1402,62.0,3.1401,664.0,3.1403,422.0,3.1404,422.0
1753769542636,06:12:22.636,bitfinex,XRP/USDT:USDT,3.1423,316.8635629,3.1419,261.20789204,3.1428,697.40789204,3.1431,421.0
1753769542643,06:12:22.643,bitfinex,XRP/USDT:USDT,3.1423,461.0,3.142,69.0,3.1424,118.0,3.1427,72.0
1753769542593,06:12:22.593,gate,XRP/USDT:USDT,3.1402,239.0,3.1401,664.0,3.1403,422.0,3.1404,422.0
1753769542593,06:12:22.593,gateio,XRP/USDT:USDT,3.1402,239.0,3.1401,664.0,3.1403,422.0,3.1404,422.0
1753769542579,06:12:22.579,ascendex,XRP/USDT:USDT,3.1403,5569.0,3.1402,4412.0,3.141,6255.0,3.1411,6045.0
1753769542603,06:12:22.603,coincatch,XRP/USDT:USDT,3.1406,9955.0,3.1405,13373.0,3.1407,21078.0,3.1408,25324.0
1753769542595,06:12:22.595,bitmex,XRP/USDT:USDT,3.1414,7700.0,3.1409,15700.0,3.1419,32300.0,3.142,107500.0
1753769542650,06:12:22.650,binance,XRP/USDT:USDT,3.1406,14425.0,3.1405,17608.2,3.1407,10189.8,3.1408,24060.5
1753769542650,06:12:22.650,binanceusdm,XRP/USDT:USDT,3.1406,14425.0,3.1405,17608.2,3.1407,10189.8,3.1408,24060.5
1753769542692,06:12:22.692,bybit,XRP/USDT:USDT,3.1403,8670.0,3.1402,74.0,3.1404,9354.0,3.1405,19679.0
1753769542688,06:12:22.688,gate,XRP/USDT:USDT,3.1402,239.0,3.1401,664.0,3.1403,422.0,3.1404,726.0
1753769542666,06:12:22.666,bitmex,XRP/USDT:USDT,3.1414,7700.0,3.1409,15700.0,3.1419,32300.0,3.142,107500.0
1753769542688,06:12:22.688,gateio,XRP/USDT:USDT,3.1402,239.0,3.1401,664.0,3.1403,422.0,3.1404,726.0
1753769542736,06:12:22.736,bitget,XRP/USDT:USDT,3.1412,2922.0,3.1409,37705.0,3.1413,33684.0,3.1414,6900.0
1753769542754,06:12:22.754,binanceusdm,XRP/USDT:USDT,3.1406,12043.2,3.1405,18811.7,3.1407,14240.2,3.1408,24060.5
1753769542754,06:12:22.754,binance,XRP/USDT:USDT,3.1406,12043.2,3.1405,18811.7,3.1407,14240.2,3.1408,24060.5
1753769542791,06:12:22.791,bybit,XRP/USDT:USDT,3.1403,8673.0,3.1402,71.0,3.1404,9354.0,3.1405,19679.0
1753769542793,06:12:22.793,bitfinex,XRP/USDT:USDT,3.1423,461.0,3.142,69.0,3.1424,118.0,3.1427,72.0
1753769542794,06:12:22.794,bitfinex,XRP/USDT:USDT,3.1423,461.0,3.142,318.28,3.1424,118.0,3.1425,261.20789204
1753769542794,06:12:22.794,bitfinex,XRP/USDT:USDT,3.1423,461.0,3.142,318.28,3.1424,118.0,3.1425,261.20789204
1753769542776,06:12:22.776,gate,XRP/USDT:USDT,3.1402,239.0,3.1401,664.0,3.1403,422.0,3.1404,422.0
1753769542858,06:12:22.858,binanceusdm,XRP/USDT:USDT,3.1406,14963.2,3.1405,19002.5,3.1407,9025.0,3.1408,21732.8
1753769542858,06:12:22.858,binance,XRP/USDT:USDT,3.1406,14963.2,3.1405,19002.5,3.1407,9025.0,3.1408,21732.8
1753769542891,06:12:22.891,bybit,XRP/USDT:USDT,3.1403,9426.0,3.1402,71.0,3.1404,7730.0,3.1405,16679.0
1753769542776,06:12:22.776,gateio,XRP/USDT:USDT,3.1402,239.0,3.1401,664.0,3.1403,422.0,3.1404,422.0
