timestamp,time,exchange,symbol,bid1_price,bid1_volume,bid2_price,bid2_volume,ask1_price,ask1_volume,ask2_price,ask2_volume
1753769299015,06:08:19.015,binance,XRP/USDT:USDT,3.1387,8240.2,3.1386,10705.4,3.1388,44471.8,3.1389,60410.1
1753769299221,06:08:19.221,binanceusdm,XRP/USDT:USDT,3.1387,8352.5,3.1386,10703.1,3.1388,44226.6,3.1389,60091.6
1753769299221,06:08:19.221,binance,XRP/USDT:USDT,3.1387,8352.5,3.1386,10703.1,3.1388,44226.6,3.1389,60091.6
1753769299327,06:08:19.327,binanceusdm,XRP/USDT:USDT,3.1387,8390.0,3.1386,5795.1,3.1388,44395.3,3.1389,60091.6
1753769299327,06:08:19.327,binance,XRP/USDT:USDT,3.1387,8390.0,3.1386,5795.1,3.1388,44395.3,3.1389,60091.6
1753769299429,06:08:19.429,binanceusdm,XRP/USDT:USDT,3.1387,8671.8,3.1386,12.5,3.1388,44870.2,3.1389,60091.6
1753769299429,06:08:19.429,binance,XRP/USDT:USDT,3.1387,8671.8,3.1386,12.5,3.1388,44870.2,3.1389,60091.6
1753769299531,06:08:19.531,binanceusdm,XRP/USDT:USDT,3.1387,8695.7,3.1386,12.5,3.1388,44870.2,3.1389,60091.6
1753769299531,06:08:19.531,binance,XRP/USDT:USDT,3.1387,8695.7,3.1386,12.5,3.1388,44870.2,3.1389,60091.6
1753769299634,06:08:19.634,binanceusdm,XRP/USDT:USDT,3.1387,8698.7,3.1386,12.5,3.1388,45340.3,3.1389,60091.6
1753769299634,06:08:19.634,binance,XRP/USDT:USDT,3.1387,8698.7,3.1386,12.5,3.1388,45340.3,3.1389,60091.6
1753769300152,06:08:20.152,binanceusdm,XRP/USDT:USDT,3.1387,9635.0,3.1386,12.5,3.1388,45339.0,3.1389,60093.3
1753769300152,06:08:20.152,binance,XRP/USDT:USDT,3.1387,9635.0,3.1386,12.5,3.1388,45339.0,3.1389,60093.3
1753769300275,06:08:20.275,binanceusdm,XRP/USDT:USDT,3.1387,9635.0,3.1386,12.5,3.1388,45107.9,3.1389,60093.3
1753769300275,06:08:20.275,binance,XRP/USDT:USDT,3.1387,9635.0,3.1386,12.5,3.1388,45107.9,3.1389,60093.3
1753769300393,06:08:20.393,binanceusdm,XRP/USDT:USDT,3.1387,9638.2,3.1386,12.5,3.1388,45107.2,3.1389,60093.3
1753769300393,06:08:20.393,binance,XRP/USDT:USDT,3.1387,9638.2,3.1386,12.5,3.1388,45107.2,3.1389,60093.3
1753769300499,06:08:20.499,binanceusdm,XRP/USDT:USDT,3.1387,9745.9,3.1386,12.5,3.1388,45298.0,3.1389,59711.7
1753769300499,06:08:20.499,binance,XRP/USDT:USDT,3.1387,9745.9,3.1386,12.5,3.1388,45298.0,3.1389,59711.7
1753769300601,06:08:20.601,binanceusdm,XRP/USDT:USDT,3.1387,9753.2,3.1386,12.5,3.1388,45107.2,3.1389,60093.3
1753769300601,06:08:20.601,binance,XRP/USDT:USDT,3.1387,9753.2,3.1386,12.5,3.1388,45107.2,3.1389,60093.3
1753769300702,06:08:20.702,binanceusdm,XRP/USDT:USDT,3.1387,2164.2,3.1386,12.5,3.1388,45049.2,3.1389,60553.9
1753769300702,06:08:20.702,binance,XRP/USDT:USDT,3.1387,2164.2,3.1386,12.5,3.1388,45049.2,3.1389,60553.9
1753769300914,06:08:20.914,binanceusdm,XRP/USDT:USDT,3.1387,2164.2,3.1386,12.5,3.1388,45049.2,3.1389,60553.9
1753769300914,06:08:20.914,binance,XRP/USDT:USDT,3.1387,2164.2,3.1386,12.5,3.1388,45049.2,3.1389,60553.9
1753769301328,06:08:21.328,binanceusdm,XRP/USDT:USDT,3.1385,9623.2,3.1384,12511.2,3.1386,58291.2,3.1387,54091.0
1753769301328,06:08:21.328,binance,XRP/USDT:USDT,3.1385,9623.2,3.1384,12511.2,3.1386,58291.2,3.1387,54091.0
1753769301430,06:08:21.430,binanceusdm,XRP/USDT:USDT,3.1385,5593.4,3.1384,9503.8,3.1386,43559.5,3.1387,55838.7
1753769301430,06:08:21.430,binance,XRP/USDT:USDT,3.1385,5593.4,3.1384,9503.8,3.1386,43559.5,3.1387,55838.7
1753769301532,06:08:21.532,binanceusdm,XRP/USDT:USDT,3.1385,5664.3,3.1384,9503.8,3.1386,44044.6,3.1387,55740.6
1753769301532,06:08:21.532,binance,XRP/USDT:USDT,3.1385,5664.3,3.1384,9503.8,3.1386,44044.6,3.1387,55740.6
1753769301634,06:08:21.634,binanceusdm,XRP/USDT:USDT,3.1385,5669.4,3.1384,9503.8,3.1386,43995.0,3.1387,50815.4
1753769301634,06:08:21.634,binance,XRP/USDT:USDT,3.1385,5669.4,3.1384,9503.8,3.1386,43995.0,3.1387,50815.4
1753769301737,06:08:21.737,binanceusdm,XRP/USDT:USDT,3.1385,5669.4,3.1384,9503.8,3.1386,44191.2,3.1387,50815.4
1753769301737,06:08:21.737,binance,XRP/USDT:USDT,3.1385,5669.4,3.1384,9503.8,3.1386,44191.2,3.1387,50815.4
1753769301839,06:08:21.839,binanceusdm,XRP/USDT:USDT,3.1385,5669.4,3.1384,6773.8,3.1386,45391.6,3.1387,49825.1
1753769301839,06:08:21.839,binance,XRP/USDT:USDT,3.1385,5669.4,3.1384,6773.8,3.1386,45391.6,3.1387,49825.1
1753769301946,06:08:21.946,binanceusdm,XRP/USDT:USDT,3.1385,5669.4,3.1384,6773.8,3.1386,45391.6,3.1387,49825.1
1753769301946,06:08:21.946,binance,XRP/USDT:USDT,3.1385,5669.4,3.1384,6773.8,3.1386,45391.6,3.1387,49825.1
1753769301880,06:08:21.880,bitget,XRP/USDT:USDT,3.1389,390.0,3.1388,6733.0,3.139,26411.0,3.1391,65546.0
1753769302031,06:08:22.031,bitget,XRP/USDT:USDT,3.1389,390.0,3.1388,6733.0,3.139,26411.0,3.1391,65546.0
1753769302049,06:08:22.049,binanceusdm,XRP/USDT:USDT,3.1385,5669.4,3.1384,6773.8,3.1386,45389.6,3.1387,49825.1
1753769302049,06:08:22.049,binance,XRP/USDT:USDT,3.1385,5669.4,3.1384,6773.8,3.1386,45389.6,3.1387,49825.1
1753769302482,06:08:22.482,bitget,XRP/USDT:USDT,3.1386,1015.0,3.1385,910.0,3.1387,89759.0,3.1388,13877.0
1753769302456,06:08:22.456,binanceusdm,XRP/USDT:USDT,3.1381,4460.8,3.138,12454.0,3.1382,42535.4,3.1383,63631.4
1753769302456,06:08:22.456,binance,XRP/USDT:USDT,3.1381,4460.8,3.138,12454.0,3.1382,42535.4,3.1383,63631.4
1753769302567,06:08:22.567,binanceusdm,XRP/USDT:USDT,3.1381,4466.3,3.138,10367.7,3.1382,42277.7,3.1383,63631.4
1753769302567,06:08:22.567,binance,XRP/USDT:USDT,3.1381,4466.3,3.138,10367.7,3.1382,42277.7,3.1383,63631.4
1753769302637,06:08:22.637,bitget,XRP/USDT:USDT,3.1386,310.0,3.1385,910.0,3.1387,90949.0,3.1388,13577.0
1753769302670,06:08:22.670,binanceusdm,XRP/USDT:USDT,3.1381,4466.3,3.138,12420.9,3.1382,42757.4,3.1383,63631.4
1753769302670,06:08:22.670,binance,XRP/USDT:USDT,3.1381,4466.3,3.138,12420.9,3.1382,42757.4,3.1383,63631.4
1753769302779,06:08:22.779,binanceusdm,XRP/USDT:USDT,3.1381,4483.1,3.138,10367.7,3.1382,42757.4,3.1383,63631.4
1753769302779,06:08:22.779,binance,XRP/USDT:USDT,3.1381,4483.1,3.138,10367.7,3.1382,42757.4,3.1383,63631.4
1753769302790,06:08:22.790,bitget,XRP/USDT:USDT,3.1386,1033.0,3.1385,910.0,3.1387,90926.0,3.1388,13577.0
1753769302882,06:08:22.882,binanceusdm,XRP/USDT:USDT,3.1381,4483.1,3.138,10367.7,3.1382,42757.3,3.1383,63631.4
1753769302882,06:08:22.882,binance,XRP/USDT:USDT,3.1381,4483.1,3.138,10367.7,3.1382,42757.3,3.1383,63631.4
1753769302985,06:08:22.985,binanceusdm,XRP/USDT:USDT,3.1381,4944.3,3.138,10367.7,3.1382,42757.3,3.1383,63631.4
1753769302985,06:08:22.985,binance,XRP/USDT:USDT,3.1381,4944.3,3.138,10367.7,3.1382,42757.3,3.1383,63631.4
1753769303552,06:08:23.552,bitget,XRP/USDT:USDT,3.1386,292.0,3.1385,110.0,3.1387,98959.0,3.1388,53776.0
1753769303803,06:08:23.803,binanceusdm,XRP/USDT:USDT,3.138,55880.8,3.1379,15061.1,3.1381,15141.6,3.1382,14388.0
1753769303803,06:08:23.803,binance,XRP/USDT:USDT,3.138,55880.8,3.1379,15061.1,3.1381,15141.6,3.1382,14388.0
1753769303853,06:08:23.853,bitget,XRP/USDT:USDT,3.1386,3072.0,3.1385,110.0,3.1387,39157.0,3.1388,41424.0
1753769303906,06:08:23.906,binanceusdm,XRP/USDT:USDT,3.138,47105.2,3.1379,15061.1,3.1381,17230.0,3.1382,13416.1
1753769304009,06:08:24.009,binanceusdm,XRP/USDT:USDT,3.138,47105.2,3.1379,15061.1,3.1381,17228.1,3.1382,16062.5
1753769304009,06:08:24.009,binance,XRP/USDT:USDT,3.138,47105.2,3.1379,15061.1,3.1381,17228.1,3.1382,16062.5
1753769304006,06:08:24.006,bitget,XRP/USDT:USDT,3.1386,3078.0,3.1385,110.0,3.1387,39665.0,3.1388,41424.0
1753769304110,06:08:24.110,binanceusdm,XRP/USDT:USDT,3.138,47107.1,3.1379,15063.5,3.1381,14907.0,3.1382,16062.5
1753769304110,06:08:24.110,binance,XRP/USDT:USDT,3.138,47107.1,3.1379,15063.5,3.1381,14907.0,3.1382,16062.5
1753769304158,06:08:24.158,bitget,XRP/USDT:USDT,3.1386,3078.0,3.1385,110.0,3.1387,39665.0,3.1388,41424.0
1753769304218,06:08:24.218,binance,XRP/USDT:USDT,3.138,47591.1,3.1379,15063.5,3.1381,14907.0,3.1382,16062.5
1753769304218,06:08:24.218,binanceusdm,XRP/USDT:USDT,3.138,47591.1,3.1379,15063.5,3.1381,14907.0,3.1382,16062.5
1753769304312,06:08:24.312,bitget,XRP/USDT:USDT,3.1386,3078.0,3.1385,110.0,3.1387,39665.0,3.1388,41424.0
1753769304351,06:08:24.351,binanceusdm,XRP/USDT:USDT,3.138,47591.1,3.1379,15063.5,3.1381,14910.9,3.1382,16062.5
1753769304351,06:08:24.351,binance,XRP/USDT:USDT,3.138,47591.1,3.1379,15063.5,3.1381,14910.9,3.1382,16062.5
1753769304620,06:08:24.620,bitget,XRP/USDT:USDT,3.1386,2227.0,3.1385,110.0,3.1387,66197.0,3.1388,41424.0
1753769274515,06:07:54.515,blofin,XRP/USDT:USDT,3.138,21.16,3.1379,230.0,3.1381,228.0,3.1382,300.0
1753769304659,06:08:24.659,binanceusdm,XRP/USDT:USDT,3.138,34002.5,3.1379,15095.3,3.1381,14710.9,3.1382,16062.5
1753769304659,06:08:24.659,binance,XRP/USDT:USDT,3.138,34002.5,3.1379,15095.3,3.1381,14710.9,3.1382,16062.5
1753769304767,06:08:24.767,binanceusdm,XRP/USDT:USDT,3.138,34002.5,3.1379,15095.3,3.1381,14710.9,3.1382,16062.5
1753769304767,06:08:24.767,binance,XRP/USDT:USDT,3.138,34002.5,3.1379,15095.3,3.1381,14710.9,3.1382,16062.5
1753769304771,06:08:24.771,bitget,XRP/USDT:USDT,3.1386,2227.0,3.1385,110.0,3.1387,49338.0,3.1388,37676.0
1753769304873,06:08:24.873,binanceusdm,XRP/USDT:USDT,3.138,34234.5,3.1379,15095.3,3.1381,15331.1,3.1382,16062.5
1753769304873,06:08:24.873,binance,XRP/USDT:USDT,3.138,34234.5,3.1379,15095.3,3.1381,15331.1,3.1382,16062.5
1753769305527,06:08:25.527,bitget,XRP/USDT:USDT,3.1386,1767.0,3.1385,110.0,3.1387,69946.0,3.1388,37676.0
1753769305624,06:08:25.624,binanceusdm,XRP/USDT:USDT,3.1386,2517.7,3.1385,8176.5,3.1388,3991.6,3.1389,1120.2
1753769305677,06:08:25.677,bitget,XRP/USDT:USDT,3.1387,67966.0,3.1386,101082.0,3.139,152.0,3.1391,12110.0
1753769305725,06:08:25.725,binanceusdm,XRP/USDT:USDT,3.1387,15804.3,3.1386,37854.6,3.1388,917.9,3.1389,909.5
1753769305725,06:08:25.725,binance,XRP/USDT:USDT,3.1387,15804.3,3.1386,37854.6,3.1388,917.9,3.1389,909.5
1753769305755,06:08:25.755,bitmart,XRP/USDT:USDT,3.138,31762.0,3.1379,17416.0,3.1381,19550.0,3.1382,17564.0
1753769305730,06:08:25.730,bitmex,XRP/USDT:USDT,3.1394,7700.0,3.1393,22300.0,3.1401,27700.0,3.1405,396200.0
1753769305827,06:08:25.827,binance,XRP/USDT:USDT,3.1387,80824.8,3.1386,56807.8,3.1389,470.4,3.139,9.9
1753769305829,06:08:25.829,bitget,XRP/USDT:USDT,3.1393,79774.0,3.1392,6700.0,3.1394,8276.0,3.1395,8305.0
1753769305892,06:08:25.892,bybit,XRP/USDT:USDT,3.1384,49675.0,3.1383,30408.0,3.1385,7575.0,3.1386,4.0
1753769305928,06:08:25.928,binanceusdm,XRP/USDT:USDT,3.139,14068.0,3.1389,26587.1,3.1391,2770.1,3.1392,14.0
1753769305928,06:08:25.928,binance,XRP/USDT:USDT,3.139,14068.0,3.1389,26587.1,3.1391,2770.1,3.1392,14.0
1753769305890,06:08:25.890,bitmex,XRP/USDT:USDT,3.1395,22300.0,3.1393,14600.0,3.1401,27700.0,3.1407,3502800.0
1753769305991,06:08:25.991,bybit,XRP/USDT:USDT,3.1384,46553.0,3.1383,29699.0,3.1385,7575.0,3.1386,4.0
1753769305939,06:08:25.939,bitmex,XRP/USDT:USDT,3.14,7700.0,3.1396,14600.0,3.1401,27700.0,3.1407,3502800.0
1753769275517,06:07:55.517,blofin,XRP/USDT:USDT,3.138,1.16,3.1379,48.0,3.1381,367.0,3.1382,332.0
1753769306030,06:08:26.030,binanceusdm,XRP/USDT:USDT,3.1392,47935.8,3.1391,19246.1,3.1393,10665.9,3.1394,7747.6
1753769306030,06:08:26.030,binance,XRP/USDT:USDT,3.1392,47935.8,3.1391,19246.1,3.1393,10665.9,3.1394,7747.6
1753769305988,06:08:25.988,bitmex,XRP/USDT:USDT,3.14,7700.0,3.1395,14600.0,3.1401,27700.0,3.1407,3502800.0
1753769306091,06:08:26.091,bybit,XRP/USDT:USDT,3.1384,45206.0,3.1383,25153.0,3.1385,7575.0,3.1386,4.0
1753769306037,06:08:26.037,bitmex,XRP/USDT:USDT,3.14,7700.0,3.1395,14600.0,3.1401,136400.0,3.1408,3879500.0
1753769306131,06:08:26.131,binanceusdm,XRP/USDT:USDT,3.1392,18797.1,3.1391,10746.8,3.1393,24156.8,3.1394,8893.1
1753769306131,06:08:26.131,binance,XRP/USDT:USDT,3.1392,18797.1,3.1391,10746.8,3.1393,24156.8,3.1394,8893.1
1753769306086,06:08:26.086,bitmex,XRP/USDT:USDT,3.14,7700.0,3.1395,14600.0,3.1401,136400.0,3.1407,14600.0
1753769306132,06:08:26.132,bitget,XRP/USDT:USDT,3.1394,80391.0,3.1393,64664.0,3.1395,890.0,3.1396,1541.0
1753769306154,06:08:26.154,bitmart,XRP/USDT:USDT,3.138,85966.0,3.1379,33000.0,3.139,14298.0,3.1391,15527.0
1753769306135,06:08:26.135,bitmex,XRP/USDT:USDT,3.14,7700.0,3.1395,14600.0,3.1401,108700.0,3.1407,14600.0
1753769306191,06:08:26.191,bybit,XRP/USDT:USDT,3.1384,44341.0,3.1383,23778.0,3.1385,7575.0,3.1386,4.0
1753769306233,06:08:26.233,binanceusdm,XRP/USDT:USDT,3.1392,18199.7,3.1391,10746.8,3.1393,24155.2,3.1394,8893.1
1753769306233,06:08:26.233,binance,XRP/USDT:USDT,3.1392,18199.7,3.1391,10746.8,3.1393,24155.2,3.1394,8893.1
1753769306292,06:08:26.292,bybit,XRP/USDT:USDT,3.1384,47505.0,3.1383,24962.0,3.1385,7608.0,3.1386,4.0
1753769306237,06:08:26.237,bitmex,XRP/USDT:USDT,3.14,7700.0,3.1395,14600.0,3.1401,108700.0,3.1406,20000.0
1753769306283,06:08:26.283,bitget,XRP/USDT:USDT,3.1394,49311.0,3.1393,64664.0,3.1395,890.0,3.1398,20602.0
1753769306334,06:08:26.334,binanceusdm,XRP/USDT:USDT,3.1392,9161.9,3.1391,7989.9,3.1393,25221.3,3.1394,8893.1
1753769306334,06:08:26.334,binance,XRP/USDT:USDT,3.1392,9161.9,3.1391,7989.9,3.1393,25221.3,3.1394,8893.1
1753769306391,06:08:26.391,bybit,XRP/USDT:USDT,3.1384,45683.0,3.1383,27193.0,3.1385,7608.0,3.1386,4.0
1753769306352,06:08:26.352,bitmart,XRP/USDT:USDT,3.1389,107174.0,3.1388,16586.0,3.1393,84780.0,3.1394,14420.0
1753769306436,06:08:26.436,binanceusdm,XRP/USDT:USDT,3.1392,8845.9,3.1391,6710.8,3.1393,24902.3,3.1394,9394.9
1753769306436,06:08:26.436,binance,XRP/USDT:USDT,3.1392,8845.9,3.1391,6710.8,3.1393,24902.3,3.1394,9394.9
1753769306437,06:08:26.437,bitget,XRP/USDT:USDT,3.1394,49305.0,3.1393,69570.0,3.1395,896.0,3.1397,5424.0
1753769306491,06:08:26.491,bybit,XRP/USDT:USDT,3.1384,43188.0,3.1383,22349.0,3.1385,7608.0,3.1386,1564.0
1753769306421,06:08:26.421,bitmex,XRP/USDT:USDT,3.14,7700.0,3.1394,37600.0,3.1401,108700.0,3.1406,20000.0
1753769306486,06:08:26.486,bitmex,XRP/USDT:USDT,3.14,7700.0,3.1394,37600.0,3.1401,108700.0,3.1406,20000.0
1753769306538,06:08:26.538,binanceusdm,XRP/USDT:USDT,3.1392,8891.6,3.1391,6698.6,3.1393,24902.3,3.1394,10553.5
1753769306538,06:08:26.538,binance,XRP/USDT:USDT,3.1392,8891.6,3.1391,6698.6,3.1393,24902.3,3.1394,10553.5
1753769306591,06:08:26.591,bybit,XRP/USDT:USDT,3.1384,43188.0,3.1383,22349.0,3.1385,7608.0,3.1386,4.0
1753769306557,06:08:26.557,bitmart,XRP/USDT:USDT,3.1389,107174.0,3.1388,26752.0,3.1393,84780.0,3.1394,14420.0
1753769306590,06:08:26.590,bitget,XRP/USDT:USDT,3.1394,49305.0,3.1393,69570.0,3.1395,206.0,3.1397,5424.0
1753769306554,06:08:26.554,bitmex,XRP/USDT:USDT,3.14,7700.0,3.1394,37600.0,3.1401,108700.0,3.1406,20000.0
1753769306639,06:08:26.639,binanceusdm,XRP/USDT:USDT,3.1392,18517.5,3.1391,8810.9,3.1393,16017.8,3.1394,9690.6
1753769306639,06:08:26.639,binance,XRP/USDT:USDT,3.1392,18517.5,3.1391,8810.9,3.1393,16017.8,3.1394,9690.6
1753769306691,06:08:26.691,bybit,XRP/USDT:USDT,3.1384,44548.0,3.1383,28272.0,3.1385,7608.0,3.1386,4.0
1753769306742,06:08:26.742,binanceusdm,XRP/USDT:USDT,3.1392,22542.7,3.1391,5224.2,3.1393,14915.9,3.1394,9035.9
1753769306742,06:08:26.742,binance,XRP/USDT:USDT,3.1392,22542.7,3.1391,5224.2,3.1393,14915.9,3.1394,9035.9
1753769306741,06:08:26.741,bitget,XRP/USDT:USDT,3.1394,58859.0,3.1393,69570.0,3.1395,206.0,3.1396,3473.0
1753769306708,06:08:26.708,bitmex,XRP/USDT:USDT,3.14,7700.0,3.1394,37600.0,3.1401,108700.0,3.1406,20000.0
1753769306791,06:08:26.791,bybit,XRP/USDT:USDT,3.1384,42959.0,3.1383,29119.0,3.1385,7608.0,3.1386,4.0
1753769306754,06:08:26.754,bitmart,XRP/USDT:USDT,3.1389,42426.0,3.1388,26752.0,3.1393,84780.0,3.1394,14420.0
1753769306757,06:08:26.757,bitmex,XRP/USDT:USDT,3.14,7700.0,3.1394,37600.0,3.1401,108700.0,3.1406,20000.0
1753769306843,06:08:26.843,binanceusdm,XRP/USDT:USDT,3.1392,22542.7,3.1391,4299.7,3.1393,15103.9,3.1394,9035.9
1753769306843,06:08:26.843,binance,XRP/USDT:USDT,3.1392,22542.7,3.1391,4299.7,3.1393,15103.9,3.1394,9035.9
1753769306806,06:08:26.806,bitmex,XRP/USDT:USDT,3.14,7700.0,3.1394,37600.0,3.1401,108700.0,3.1406,20000.0
1753769306891,06:08:26.891,bybit,XRP/USDT:USDT,3.1384,43188.0,3.1383,29119.0,3.1385,7608.0,3.1386,4.0
1753769306890,06:08:26.890,bitget,XRP/USDT:USDT,3.1394,58859.0,3.1393,69570.0,3.1395,206.0,3.1396,2206.0
1753769306855,06:08:26.855,bitmex,XRP/USDT:USDT,3.14,7700.0,3.1394,37600.0,3.1401,108700.0,3.1406,20000.0
1753769306944,06:08:26.944,binanceusdm,XRP/USDT:USDT,3.1392,22542.7,3.1391,4299.7,3.1393,14916.8,3.1394,9016.8
1753769306944,06:08:26.944,binance,XRP/USDT:USDT,3.1392,22542.7,3.1391,4299.7,3.1393,14916.8,3.1394,9016.8
1753769306904,06:08:26.904,bitmex,XRP/USDT:USDT,3.14,7700.0,3.1395,11300.0,3.1401,108700.0,3.1406,20000.0
1753769306991,06:08:26.991,bybit,XRP/USDT:USDT,3.1384,43188.0,3.1383,29119.0,3.1385,7608.0,3.1386,4.0
1753769306952,06:08:26.952,bitmart,XRP/USDT:USDT,3.1392,51547.0,3.1391,14135.0,3.1393,84780.0,3.1394,14420.0
1753769306932,06:08:26.932,coincatch,XRP/USDT:USDT,3.1386,33814.0,3.1385,7836.0,3.1399,17920.0,3.14,27031.0
1753769307053,06:08:27.053,binance,XRP/USDT:USDT,3.1392,15646.8,3.1391,4093.0,3.1393,15892.7,3.1394,9740.2
1753769307040,06:08:27.040,bitget,XRP/USDT:USDT,3.1394,58859.0,3.1393,69570.0,3.1395,206.0,3.1396,4281.0
1753769307023,06:08:27.023,bitmex,XRP/USDT:USDT,3.14,7700.0,3.1395,11300.0,3.1401,108700.0,3.1406,20000.0
1753769307072,06:08:27.072,bitmex,XRP/USDT:USDT,3.14,7700.0,3.1395,11300.0,3.1401,108700.0,3.1406,20000.0
1753769307155,06:08:27.155,binanceusdm,XRP/USDT:USDT,3.1392,10873.7,3.1391,4093.0,3.1393,15892.7,3.1394,12081.9
1753769307155,06:08:27.155,binance,XRP/USDT:USDT,3.1392,10873.7,3.1391,4093.0,3.1393,15892.7,3.1394,12081.9
1753769307191,06:08:27.191,bybit,XRP/USDT:USDT,3.1384,38108.0,3.1383,27392.0,3.1385,7608.0,3.1386,4.0
1753769307391,06:08:27.391,bybit,XRP/USDT:USDT,3.1384,38499.0,3.1383,27392.0,3.1385,7608.0,3.1386,4.0
1753769307691,06:08:27.691,bybit,XRP/USDT:USDT,3.1384,45287.0,3.1383,30120.0,3.1385,7696.0,3.1386,4.0
1753769307590,06:08:27.590,binanceusdm,XRP/USDT:USDT,3.1392,9930.4,3.1391,4093.0,3.1393,16480.4,3.1394,9710.5
1753769307590,06:08:27.590,binance,XRP/USDT:USDT,3.1392,9930.4,3.1391,4093.0,3.1393,16480.4,3.1394,9710.5
1753769307791,06:08:27.791,bybit,XRP/USDT:USDT,3.1387,30626.0,3.1386,6406.0,3.1388,6.0,3.1389,12.0
1753769307744,06:08:27.744,bitmex,XRP/USDT:USDT,3.1394,7700.0,3.1393,14600.0,3.1401,108700.0,3.1406,20000.0
1753769307801,06:08:27.801,bitget,XRP/USDT:USDT,3.1394,59627.0,3.1393,61027.0,3.1395,200.0,3.1397,1199.0
1753769307809,06:08:27.809,binanceusdm,XRP/USDT:USDT,3.1393,26084.7,3.1392,27299.4,3.1394,20069.9,3.1395,2491.3
1753769307809,06:08:27.809,binance,XRP/USDT:USDT,3.1393,26084.7,3.1392,27299.4,3.1394,20069.9,3.1395,2491.3
1753769307832,06:08:27.832,coincatch,XRP/USDT:USDT,3.1386,14896.0,3.1385,6167.0,3.1399,18281.0,3.14,26937.0
1753769307793,06:08:27.793,bitmex,XRP/USDT:USDT,3.14,7700.0,3.1395,11300.0,3.1401,108700.0,3.1406,20000.0
1753769307891,06:08:27.891,bybit,XRP/USDT:USDT,3.1387,30659.0,3.1386,6412.0,3.1388,6.0,3.1389,12.0
1753769307842,06:08:27.842,bitmex,XRP/USDT:USDT,3.14,7700.0,3.1395,11300.0,3.1401,108700.0,3.1406,20000.0
1753769307911,06:08:27.911,binanceusdm,XRP/USDT:USDT,3.1393,26104.9,3.1392,27758.9,3.1394,17252.8,3.1395,1683.6
1753769307911,06:08:27.911,binance,XRP/USDT:USDT,3.1393,26104.9,3.1392,27758.9,3.1394,17252.8,3.1395,1683.6
1753769307891,06:08:27.891,bitmex,XRP/USDT:USDT,3.14,7700.0,3.1395,11300.0,3.1401,108700.0,3.1406,20000.0
1753769307991,06:08:27.991,bybit,XRP/USDT:USDT,3.1387,30659.0,3.1386,6412.0,3.1388,6.0,3.1389,12.0
1753769307971,06:08:27.971,bitmart,XRP/USDT:USDT,3.1392,66957.0,3.1391,14135.0,3.1394,101408.0,3.1395,15679.0
1753769307940,06:08:27.940,bitmex,XRP/USDT:USDT,3.14,7700.0,3.1395,11300.0,3.1401,108700.0,3.1406,20000.0
1753769308014,06:08:28.014,binanceusdm,XRP/USDT:USDT,3.1393,26004.9,3.1392,27758.9,3.1394,17252.8,3.1395,1683.6
1753769308014,06:08:28.014,binance,XRP/USDT:USDT,3.1393,26004.9,3.1392,27758.9,3.1394,17252.8,3.1395,1683.6
1753769308091,06:08:28.091,bybit,XRP/USDT:USDT,3.1387,30430.0,3.1386,5033.0,3.1388,6.0,3.1389,12.0
1753769308011,06:08:28.011,bitmex,XRP/USDT:USDT,3.14,7700.0,3.1395,11300.0,3.1401,108700.0,3.1406,20000.0
1753769308061,06:08:28.061,bitmex,XRP/USDT:USDT,3.1402,7700.0,3.1395,11300.0,3.1404,108700.0,3.1406,20000.0
1753769308120,06:08:28.120,binanceusdm,XRP/USDT:USDT,3.1393,26004.9,3.1392,27758.9,3.1394,15204.3,3.1395,1683.6
1753769308120,06:08:28.120,binance,XRP/USDT:USDT,3.1393,26004.9,3.1392,27758.9,3.1394,15204.3,3.1395,1683.6
1753769308105,06:08:28.105,bitget,XRP/USDT:USDT,3.1398,11082.0,3.1397,3822.0,3.1399,11562.0,3.14,31148.0
1753769276188,06:07:56.188,blofin,XRP/USDT:USDT,3.138,1.16,3.1379,46.0,3.1381,248.0,3.1382,225.0
1753769308132,06:08:28.132,coincatch,XRP/USDT:USDT,3.1387,39157.0,3.1386,36223.0,3.14,21159.0,3.1401,7999.0
1753769308191,06:08:28.191,bybit,XRP/USDT:USDT,3.1387,30430.0,3.1386,5033.0,3.1388,6.0,3.1389,12.0
1753769308110,06:08:28.110,bitmex,XRP/USDT:USDT,3.1402,7700.0,3.1396,37600.0,3.1404,108700.0,3.1406,20000.0
1753769308230,06:08:28.230,binanceusdm,XRP/USDT:USDT,3.1393,33922.2,3.1392,27471.8,3.1394,9662.4,3.1395,4532.3
1753769308230,06:08:28.230,binance,XRP/USDT:USDT,3.1393,33922.2,3.1392,27471.8,3.1394,9662.4,3.1395,4532.3
1753769308159,06:08:28.159,bitmex,XRP/USDT:USDT,3.1402,7700.0,3.1396,37600.0,3.1404,108700.0,3.1406,20000.0
1753769308291,06:08:28.291,bybit,XRP/USDT:USDT,3.1387,30659.0,3.1386,8608.0,3.1388,6.0,3.1389,12.0
1753769308208,06:08:28.208,bitmex,XRP/USDT:USDT,3.1402,7700.0,3.1396,37600.0,3.1404,108700.0,3.1408,119600.0
1753769308258,06:08:28.258,bitget,XRP/USDT:USDT,3.1398,4465.0,3.1397,5573.0,3.1399,13138.0,3.14,39630.0
1753769308279,06:08:28.279,bitmex,XRP/USDT:USDT,3.1402,7700.0,3.1396,37600.0,3.1404,108700.0,3.1408,119600.0
1753769308332,06:08:28.332,binanceusdm,XRP/USDT:USDT,3.1393,34524.7,3.1392,27471.8,3.1394,15217.6,3.1395,3650.5
1753769308332,06:08:28.332,binance,XRP/USDT:USDT,3.1393,34524.7,3.1392,27471.8,3.1394,15217.6,3.1395,3650.5
1753769308391,06:08:28.391,bybit,XRP/USDT:USDT,3.1387,30717.0,3.1386,8608.0,3.1388,6.0,3.1389,12.0
1753769308351,06:08:28.351,bitmart,XRP/USDT:USDT,3.1392,66957.0,3.1391,14135.0,3.1394,101408.0,3.1395,15679.0
1753769308328,06:08:28.328,bitmex,XRP/USDT:USDT,3.1402,7700.0,3.1397,11300.0,3.1404,108700.0,3.1408,119600.0
1753769308377,06:08:28.377,bitmex,XRP/USDT:USDT,3.1402,7700.0,3.1397,11300.0,3.1404,108700.0,3.1408,119600.0
1753769308440,06:08:28.440,binanceusdm,XRP/USDT:USDT,3.1393,14491.6,3.1392,12873.9,3.1394,21069.6,3.1395,9095.9
1753769308440,06:08:28.440,binance,XRP/USDT:USDT,3.1393,14491.6,3.1392,12873.9,3.1394,21069.6,3.1395,9095.9
1753769308433,06:08:28.433,coincatch,XRP/USDT:USDT,3.1387,50485.0,3.1386,36374.0,3.14,13692.0,3.1401,6029.0
1753769308491,06:08:28.491,bybit,XRP/USDT:USDT,3.1387,7605.0,3.1386,5009.0,3.1388,16083.0,3.1389,24.0
1753769308412,06:08:28.412,bitget,XRP/USDT:USDT,3.1398,4292.0,3.1397,13184.0,3.1399,13138.0,3.14,39630.0
1753769308541,06:08:28.541,binanceusdm,XRP/USDT:USDT,3.1393,1875.2,3.1392,3617.6,3.1394,24831.1,3.1395,8232.8
1753769308541,06:08:28.541,binance,XRP/USDT:USDT,3.1393,1875.2,3.1392,3617.6,3.1394,24831.1,3.1395,8232.8
1753769308500,06:08:28.500,bitmex,XRP/USDT:USDT,3.1396,16100.0,3.1393,14600.0,3.1404,108700.0,3.1408,134200.0
1753769308591,06:08:28.591,bybit,XRP/USDT:USDT,3.1387,7393.0,3.1386,5009.0,3.1388,15875.0,3.1389,1342.0
1753769308552,06:08:28.552,bitmart,XRP/USDT:USDT,3.1393,99898.0,3.1392,18527.0,3.1394,71246.0,3.1395,15679.0
1753769308562,06:08:28.562,bitget,XRP/USDT:USDT,3.1398,1826.0,3.1397,2548.0,3.1399,24203.0,3.14,39630.0
1753769308645,06:08:28.645,binanceusdm,XRP/USDT:USDT,3.1393,1856.9,3.1392,3148.3,3.1394,24831.1,3.1395,8275.6
1753769308645,06:08:28.645,binance,XRP/USDT:USDT,3.1393,1856.9,3.1392,3148.3,3.1394,24831.1,3.1395,8275.6
1753769308599,06:08:28.599,bitmex,XRP/USDT:USDT,3.1396,16100.0,3.1393,14600.0,3.1404,108700.0,3.1407,487500.0
1753769308691,06:08:28.691,bybit,XRP/USDT:USDT,3.1387,8170.0,3.1386,5025.0,3.1388,15840.0,3.1389,1342.0
1753769308733,06:08:28.733,coincatch,XRP/USDT:USDT,3.1387,2813.0,3.1386,14795.0,3.14,24017.0,3.1401,8033.0
1753769308748,06:08:28.748,binanceusdm,XRP/USDT:USDT,3.1393,1856.9,3.1392,3148.3,3.1394,24831.1,3.1395,8275.6
1753769308748,06:08:28.748,binance,XRP/USDT:USDT,3.1393,1856.9,3.1392,3148.3,3.1394,24831.1,3.1395,8275.6
1753769308792,06:08:28.792,bybit,XRP/USDT:USDT,3.1387,7716.0,3.1386,7255.0,3.1388,8394.0,3.1389,8.0
1753769308850,06:08:28.850,binanceusdm,XRP/USDT:USDT,3.1393,5843.5,3.1392,3148.3,3.1394,30490.4,3.1395,8275.6
1753769308850,06:08:28.850,binance,XRP/USDT:USDT,3.1393,5843.5,3.1392,3148.3,3.1394,30490.4,3.1395,8275.6
1753769308891,06:08:28.891,bybit,XRP/USDT:USDT,3.1387,8656.0,3.1386,7255.0,3.1388,8125.0,3.1389,8.0
1753769308832,06:08:28.832,bitmex,XRP/USDT:USDT,3.1397,7700.0,3.1396,16100.0,3.1404,108700.0,3.1407,487500.0
1753769308955,06:08:28.955,binanceusdm,XRP/USDT:USDT,3.1393,5843.5,3.1392,3148.3,3.1394,22602.7,3.1395,2619.0
1753769308957,06:08:28.957,bitmart,XRP/USDT:USDT,3.1393,11612.0,3.1392,18527.0,3.1394,71246.0,3.1395,15679.0
1753769309020,06:08:29.020,bitget,XRP/USDT:USDT,3.1398,1475.0,3.1395,5859.0,3.1399,76144.0,3.14,39947.0
1753769308980,06:08:28.980,bitmex,XRP/USDT:USDT,3.1401,7700.0,3.14,7700.0,3.1403,32600.0,3.1404,108700.0
1753769309033,06:08:29.033,coincatch,XRP/USDT:USDT,3.1387,8765.0,3.1386,17905.0,3.14,24851.0,3.1401,8055.0
1753769309091,06:08:29.091,bybit,XRP/USDT:USDT,3.1387,8643.0,3.1386,7255.0,3.1388,5105.0,3.1389,8.0
1753769309074,06:08:29.074,binanceusdm,XRP/USDT:USDT,3.1393,5843.5,3.1392,3165.1,3.1394,21509.5,3.1395,4843.5
1753769309074,06:08:29.074,binance,XRP/USDT:USDT,3.1393,5843.5,3.1392,3165.1,3.1394,21509.5,3.1395,4843.5
1753769309029,06:08:29.029,bitmex,XRP/USDT:USDT,3.1395,22300.0,3.139,1078500.0,3.1403,32600.0,3.1404,108700.0
1753769309626,06:08:29.626,bitget,XRP/USDT:USDT,3.1398,16420.0,3.1396,7800.0,3.1399,6491.0,3.14,39630.0
1753769309691,06:08:29.691,bybit,XRP/USDT:USDT,3.1392,1571.0,3.1391,1388.0,3.1393,11477.0,3.1394,7445.0
1753769309602,06:08:29.602,binanceusdm,XRP/USDT:USDT,3.1393,38408.5,3.1392,15039.4,3.1394,1925.1,3.1395,2319.1
1753769309380,06:08:29.380,bitmex,XRP/USDT:USDT,3.1403,7700.0,3.1398,15800.0,3.1404,108700.0,3.1408,208900.0
1753769309751,06:08:29.751,bitmart,XRP/USDT:USDT,3.1393,65725.0,3.1392,18527.0,3.1394,9338.0,3.1395,15679.0
1753769309780,06:08:29.780,bitget,XRP/USDT:USDT,3.1398,10080.0,3.1397,2340.0,3.1399,4983.0,3.14,39630.0
1753769309807,06:08:29.807,binanceusdm,XRP/USDT:USDT,3.1393,38423.4,3.1392,15027.5,3.1394,1331.4,3.1395,2319.1
1753769309807,06:08:29.807,binance,XRP/USDT:USDT,3.1393,38423.4,3.1392,15027.5,3.1394,1331.4,3.1395,2319.1
1753769309773,06:08:29.773,bitmex,XRP/USDT:USDT,3.1403,7700.0,3.1398,15800.0,3.1404,108700.0,3.1408,208900.0
1753769309891,06:08:29.891,bybit,XRP/USDT:USDT,3.1392,2350.0,3.1391,1388.0,3.1393,11477.0,3.1394,7445.0
1753769309909,06:08:29.909,binanceusdm,XRP/USDT:USDT,3.1393,31528.4,3.1392,15524.4,3.1394,1331.4,3.1395,2319.1
1753769309909,06:08:29.909,binance,XRP/USDT:USDT,3.1393,31528.4,3.1392,15524.4,3.1394,1331.4,3.1395,2319.1
1753769309933,06:08:29.933,bitget,XRP/USDT:USDT,3.1398,10080.0,3.1397,2340.0,3.1399,9891.0,3.14,39630.0
1753769309933,06:08:29.933,coincatch,XRP/USDT:USDT,3.1387,46399.0,3.1386,15405.0,3.14,4554.0,3.1401,4588.0
1753769309991,06:08:29.991,bybit,XRP/USDT:USDT,3.1392,2350.0,3.1391,1388.0,3.1393,11477.0,3.1394,7445.0
1753769309954,06:08:29.954,bitmart,XRP/USDT:USDT,3.1393,65725.0,3.1392,18527.0,3.1394,9338.0,3.1395,15679.0
1753769310013,06:08:30.013,binanceusdm,XRP/USDT:USDT,3.1393,24587.7,3.1392,18053.5,3.1394,6031.4,3.1395,2319.1
1753769310013,06:08:30.013,binance,XRP/USDT:USDT,3.1393,24587.7,3.1392,18053.5,3.1394,6031.4,3.1395,2319.1
1753769310091,06:08:30.091,bybit,XRP/USDT:USDT,3.1392,2350.0,3.1391,1388.0,3.1393,11477.0,3.1394,7445.0
1753769310088,06:08:30.088,bitget,XRP/USDT:USDT,3.1398,4310.0,3.1397,2340.0,3.1399,9174.0,3.14,39630.0
1753769310114,06:08:30.114,binanceusdm,XRP/USDT:USDT,3.1393,24905.0,3.1392,18053.5,3.1394,6031.4,3.1395,4753.1
1753769310114,06:08:30.114,binance,XRP/USDT:USDT,3.1393,24905.0,3.1392,18053.5,3.1394,6031.4,3.1395,4753.1
1753769310191,06:08:30.191,bybit,XRP/USDT:USDT,3.1392,2097.0,3.1391,1005.0,3.1393,11477.0,3.1394,7445.0
1753769310512,06:08:30.512,bitmex,XRP/USDT:USDT,3.1401,7700.0,3.1396,26300.0,3.1405,32600.0,3.1406,108600.0
1753769310847,06:08:30.847,binanceusdm,XRP/USDT:USDT,3.1393,24968.0,3.1392,12384.0,3.1394,6032.1,3.1395,3313.5
1753769310847,06:08:30.847,binance,XRP/USDT:USDT,3.1393,24968.0,3.1392,12384.0,3.1394,6032.1,3.1395,3313.5
1753769310834,06:08:30.834,coincatch,XRP/USDT:USDT,3.1387,39983.0,3.1386,10896.0,3.14,6929.0,3.1401,4285.0
1753769310851,06:08:30.851,bitget,XRP/USDT:USDT,3.1398,44238.0,3.1397,4914.0,3.1399,14108.0,3.14,39630.0
1753769310890,06:08:30.890,bybit,XRP/USDT:USDT,3.1392,1589.0,3.1391,1005.0,3.1393,10552.0,3.1394,7445.0
1753769310950,06:08:30.950,binanceusdm,XRP/USDT:USDT,3.1393,24968.0,3.1392,12384.0,3.1394,6032.1,3.1395,6121.8
1753769310950,06:08:30.950,binance,XRP/USDT:USDT,3.1393,24968.0,3.1392,12384.0,3.1394,6032.1,3.1395,6121.8
1753769311371,06:08:31.371,binanceusdm,XRP/USDT:USDT,3.1393,25496.0,3.1392,12384.0,3.1394,6019.2,3.1395,8614.3
1753769311283,06:08:31.283,bitmex,XRP/USDT:USDT,3.1396,15000.0,3.1391,780600.0,3.1405,32600.0,3.1406,108600.0
1753769311491,06:08:31.491,bybit,XRP/USDT:USDT,3.1392,2344.0,3.1391,1005.0,3.1393,10651.0,3.1394,7445.0
1753769311451,06:08:31.451,bitget,XRP/USDT:USDT,3.1398,44238.0,3.1397,1280.0,3.1399,11720.0,3.14,42018.0
1753769311474,06:08:31.474,kucoinfutures,XRP/USDT:USDT,3.14145,779.0,3.1414,8.0,3.14146,281.0,3.1415,8.0
1753769311475,06:08:31.475,kucoinfutures,XRP/USDT:USDT,3.14145,779.0,3.1414,8.0,3.14146,181.0,3.1415,8.0
1753769311481,06:08:31.481,kucoinfutures,XRP/USDT:USDT,3.14145,779.0,3.1414,8.0,3.14146,181.0,3.1415,8.0
1753769311438,06:08:31.438,bitmex,XRP/USDT:USDT,3.1396,15000.0,3.1391,780600.0,3.1405,32600.0,3.1406,108600.0
1753769311490,06:08:31.490,binanceusdm,XRP/USDT:USDT,3.1393,25591.5,3.1392,12384.0,3.1394,5588.8,3.1395,3914.3
1753769311490,06:08:31.490,binance,XRP/USDT:USDT,3.1393,25591.5,3.1392,12384.0,3.1394,5588.8,3.1395,3914.3
1753769311510,06:08:31.510,kucoinfutures,XRP/USDT:USDT,3.14145,779.0,3.1414,8.0,3.14146,181.0,3.1415,8.0
1753769311523,06:08:31.523,kucoinfutures,XRP/USDT:USDT,3.14145,779.0,3.1414,8.0,3.14146,181.0,3.1415,8.0
1753769311530,06:08:31.530,kucoinfutures,XRP/USDT:USDT,3.14145,779.0,3.1414,8.0,3.14146,181.0,3.1415,8.0
1753769311488,06:08:31.488,bitmex,XRP/USDT:USDT,3.1396,15000.0,3.1391,780600.0,3.1405,32600.0,3.1406,108600.0
1753769311591,06:08:31.591,bybit,XRP/USDT:USDT,3.1392,1615.0,3.1391,1005.0,3.1393,10651.0,3.1394,7445.0
1753769311556,06:08:31.556,bitmart,XRP/USDT:USDT,3.1393,91753.0,3.1392,18527.0,3.1394,55660.0,3.1395,15679.0
1753769311593,06:08:31.593,binanceusdm,XRP/USDT:USDT,3.1393,25596.6,3.1392,12384.0,3.1394,1182.6,3.1395,2888.1
1753769311593,06:08:31.593,binance,XRP/USDT:USDT,3.1393,25596.6,3.1392,12384.0,3.1394,1182.6,3.1395,2888.1
1753769311600,06:08:31.600,kucoinfutures,XRP/USDT:USDT,3.14145,779.0,3.1414,8.0,3.14146,181.0,3.1415,8.0
1753769311602,06:08:31.602,bitget,XRP/USDT:USDT,3.1398,44238.0,3.1397,1280.0,3.1399,11720.0,3.14,33536.0
1753769311691,06:08:31.691,bybit,XRP/USDT:USDT,3.1392,1616.0,3.1391,1005.0,3.1393,10651.0,3.1394,7445.0
1753769311735,06:08:31.735,coincatch,XRP/USDT:USDT,3.1387,40531.0,3.1386,10616.0,3.14,4351.0,3.1401,4073.0
1753769311752,06:08:31.752,bitget,XRP/USDT:USDT,3.1398,44238.0,3.1397,1280.0,3.1399,11720.0,3.14,33536.0
1753769311791,06:08:31.791,bybit,XRP/USDT:USDT,3.1392,1616.0,3.1391,1005.0,3.1393,10651.0,3.1394,7445.0
1753769311751,06:08:31.751,bitmart,XRP/USDT:USDT,3.1393,109859.0,3.1392,18527.0,3.1394,28585.0,3.1395,15679.0
1753769311801,06:08:31.801,okx,XRP/USDT:USDT,3.1393,275.8,3.1392,69.46,3.1394,1.61,3.1395,0.01
1753769311847,06:08:31.847,binanceusdm,XRP/USDT:USDT,3.1393,25612.5,3.1392,12384.0,3.1394,1575.3,3.1395,2888.1
1753769311847,06:08:31.847,binance,XRP/USDT:USDT,3.1393,25612.5,3.1392,12384.0,3.1394,1575.3,3.1395,2888.1
1753769311891,06:08:31.891,bybit,XRP/USDT:USDT,3.1392,2136.0,3.1391,1005.0,3.1393,10651.0,3.1394,7445.0
1753769311901,06:08:31.901,okx,XRP/USDT:USDT,3.1393,276.01,3.1392,69.46,3.1394,1.61,3.1395,0.01
1753769311902,06:08:31.902,bitget,XRP/USDT:USDT,3.1398,44238.0,3.1397,2707.0,3.1399,11720.0,3.14,32099.0
1753769311887,06:08:31.887,bitmex,XRP/USDT:USDT,3.1396,15000.0,3.1391,780600.0,3.1405,32600.0,3.1406,108600.0
1753769311991,06:08:31.991,bybit,XRP/USDT:USDT,3.1392,2136.0,3.1391,1005.0,3.1393,10651.0,3.1394,7445.0
1753769311954,06:08:31.954,bitmart,XRP/USDT:USDT,3.1393,109859.0,3.1392,18527.0,3.1394,6471.0,3.1395,15679.0
1753769311965,06:08:31.965,binanceusdm,XRP/USDT:USDT,3.1393,25612.5,3.1392,12384.0,3.1394,1575.3,3.1395,2888.1
1753769311965,06:08:31.965,binance,XRP/USDT:USDT,3.1393,25612.5,3.1392,12384.0,3.1394,1575.3,3.1395,2888.1
1753769311967,06:08:31.967,kucoinfutures,XRP/USDT:USDT,3.14145,779.0,3.1414,8.0,3.14146,181.0,3.1415,8.0
1753769311969,06:08:31.969,kucoinfutures,XRP/USDT:USDT,3.14145,779.0,3.1414,8.0,3.14146,181.0,3.1415,8.0
1753769311973,06:08:31.973,kucoinfutures,XRP/USDT:USDT,3.14145,779.0,3.1414,8.0,3.14146,181.0,3.1415,8.0
1753769311937,06:08:31.937,bitmex,XRP/USDT:USDT,3.1396,15000.0,3.1391,780600.0,3.1405,32600.0,3.1406,108600.0
1753769312001,06:08:32.001,okx,XRP/USDT:USDT,3.1393,276.01,3.1392,69.46,3.1394,1.61,3.1395,0.01
1753769312041,06:08:32.041,kucoinfutures,XRP/USDT:USDT,3.14145,779.0,3.1414,8.0,3.14146,190.0,3.1415,8.0
1753769312042,06:08:32.042,kucoinfutures,XRP/USDT:USDT,3.14145,779.0,3.1414,8.0,3.14146,212.0,3.1415,8.0
1753769312035,06:08:32.035,coincatch,XRP/USDT:USDT,3.1387,39894.0,3.1386,10473.0,3.14,4591.0,3.1401,4055.0
1753769312091,06:08:32.091,bybit,XRP/USDT:USDT,3.1392,1592.0,3.1391,1005.0,3.1393,11807.0,3.1394,8677.0
1753769312070,06:08:32.070,binanceusdm,XRP/USDT:USDT,3.1393,23229.6,3.1392,9458.8,3.1394,4390.0,3.1395,6124.3
1753769312070,06:08:32.070,binance,XRP/USDT:USDT,3.1393,23229.6,3.1392,9458.8,3.1394,4390.0,3.1395,6124.3
1753769312070,06:08:32.070,kucoinfutures,XRP/USDT:USDT,3.14145,779.0,3.1414,8.0,3.14146,212.0,3.1415,8.0
1753769312101,06:08:32.101,okx,XRP/USDT:USDT,3.1393,234.49,3.1392,63.97,3.1394,1.61,3.1395,8.75
1753769312128,06:08:32.128,kucoinfutures,XRP/USDT:USDT,3.14145,779.0,3.1414,8.0,3.14146,212.0,3.1415,8.0
1753769312191,06:08:32.191,bybit,XRP/USDT:USDT,3.1392,1592.0,3.1391,1005.0,3.1393,14739.0,3.1394,12915.0
1753769312151,06:08:32.151,bitmart,XRP/USDT:USDT,3.1393,109859.0,3.1392,18527.0,3.1394,6471.0,3.1395,15679.0
1753769312180,06:08:32.180,binanceusdm,XRP/USDT:USDT,3.1393,13460.8,3.1392,9458.8,3.1394,12338.0,3.1395,14303.8
1753769312180,06:08:32.180,binance,XRP/USDT:USDT,3.1393,13460.8,3.1392,9458.8,3.1394,12338.0,3.1395,14303.8
1753769312201,06:08:32.201,okx,XRP/USDT:USDT,3.1393,234.49,3.1392,63.97,3.1394,4.9,3.1395,8.75
1753769312202,06:08:32.202,bitget,XRP/USDT:USDT,3.1398,43441.0,3.1397,2707.0,3.1399,15433.0,3.14,33491.0
1753769312291,06:08:32.291,bybit,XRP/USDT:USDT,3.1392,1592.0,3.1391,1005.0,3.1393,14739.0,3.1394,12915.0
1753769312278,06:08:32.278,kucoinfutures,XRP/USDT:USDT,3.14145,657.0,3.1414,8.0,3.14146,228.0,3.1415,8.0
1753769312283,06:08:32.283,binanceusdm,XRP/USDT:USDT,3.1393,15788.1,3.1392,9458.8,3.1394,4284.5,3.1395,14303.8
1753769312283,06:08:32.283,binance,XRP/USDT:USDT,3.1393,15788.1,3.1392,9458.8,3.1394,4284.5,3.1395,14303.8
1753769312301,06:08:32.301,okx,XRP/USDT:USDT,3.1393,234.25,3.1392,63.97,3.1394,17.52,3.1395,8.75
1753769312335,06:08:32.335,coincatch,XRP/USDT:USDT,3.1387,38123.0,3.1386,8998.0,3.14,6855.0,3.1401,9762.0
1753769312391,06:08:32.391,bybit,XRP/USDT:USDT,3.1392,1589.0,3.1391,1005.0,3.1393,14739.0,3.1394,11677.0
1753769312351,06:08:32.351,bitget,XRP/USDT:USDT,3.1398,42586.0,3.1397,2707.0,3.1399,15249.0,3.14,33675.0
1753769312353,06:08:32.353,bitmart,XRP/USDT:USDT,3.1393,109859.0,3.1392,18527.0,3.1394,6471.0,3.1395,15679.0
1753769312401,06:08:32.401,okx,XRP/USDT:USDT,3.1393,233.09,3.1392,63.97,3.1394,1.61,3.1395,0.01
1753769312391,06:08:32.391,kucoinfutures,XRP/USDT:USDT,3.14145,657.0,3.1414,8.0,3.14146,228.0,3.1415,8.0
1753769312403,06:08:32.403,binanceusdm,XRP/USDT:USDT,3.1393,15529.1,3.1392,9458.8,3.1394,4092.2,3.1395,5842.7
1753769312403,06:08:32.403,binance,XRP/USDT:USDT,3.1393,15529.1,3.1392,9458.8,3.1394,4092.2,3.1395,5842.7
1753769312440,06:08:32.440,kucoinfutures,XRP/USDT:USDT,3.14145,657.0,3.1414,8.0,3.14146,228.0,3.1415,8.0
1753769312491,06:08:32.491,bybit,XRP/USDT:USDT,3.1392,1592.0,3.1391,1005.0,3.1393,14739.0,3.1394,11677.0
1753769312501,06:08:32.501,okx,XRP/USDT:USDT,3.1393,234.26,3.1392,63.97,3.1394,43.54,3.1395,8.75
1753769312494,06:08:32.494,kucoinfutures,XRP/USDT:USDT,3.14145,720.0,3.1414,8.0,3.14146,212.0,3.1415,8.0
1753769312506,06:08:32.506,binanceusdm,XRP/USDT:USDT,3.1393,16015.6,3.1392,9458.8,3.1394,4092.2,3.1395,5842.7
1753769312502,06:08:32.502,bitget,XRP/USDT:USDT,3.1398,42586.0,3.1397,2707.0,3.1399,15249.0,3.14,33675.0
1753769312506,06:08:32.506,binance,XRP/USDT:USDT,3.1393,16015.6,3.1392,9458.8,3.1394,4092.2,3.1395,5842.7
1753769312591,06:08:32.591,bybit,XRP/USDT:USDT,3.1392,1535.0,3.1391,1005.0,3.1393,14739.0,3.1394,11677.0
1753769312551,06:08:32.551,bitmart,XRP/USDT:USDT,3.1393,53741.0,3.1392,18527.0,3.1394,20393.0,3.1395,15679.0
1753769312601,06:08:32.601,okx,XRP/USDT:USDT,3.1393,234.26,3.1392,69.21,3.1394,1.61,3.1395,0.01
1753769312600,06:08:32.600,kucoinfutures,XRP/USDT:USDT,3.14145,720.0,3.1414,8.0,3.14146,203.0,3.1415,8.0
1753769312609,06:08:32.609,binanceusdm,XRP/USDT:USDT,3.1393,23266.7,3.1392,9458.8,3.1394,2366.3,3.1395,5842.7
1753769312609,06:08:32.609,binance,XRP/USDT:USDT,3.1393,23266.7,3.1392,9458.8,3.1394,2366.3,3.1395,5842.7
1753769312635,06:08:32.635,coincatch,XRP/USDT:USDT,3.1387,27748.0,3.1386,8724.0,3.14,9231.0,3.1401,6588.0
1753769312652,06:08:32.652,bitget,XRP/USDT:USDT,3.1398,42586.0,3.1397,2707.0,3.1399,14359.0,3.14,33446.0
1753769312691,06:08:32.691,bybit,XRP/USDT:USDT,3.1392,1540.0,3.1391,1005.0,3.1393,14739.0,3.1394,11677.0
1753769312701,06:08:32.701,okx,XRP/USDT:USDT,3.1393,251.27,3.1392,69.21,3.1394,0.98,3.1395,0.01
1753769312655,06:08:32.655,bitmex,XRP/USDT:USDT,3.1396,15000.0,3.1391,780600.0,3.1405,32600.0,3.1406,108600.0
1753769312720,06:08:32.720,binanceusdm,XRP/USDT:USDT,3.1393,23266.7,3.1392,9458.8,3.1394,2366.3,3.1395,4148.6
1753769312720,06:08:32.720,binance,XRP/USDT:USDT,3.1393,23266.7,3.1392,9458.8,3.1394,2366.3,3.1395,4148.6
1753769312751,06:08:32.751,kucoinfutures,XRP/USDT:USDT,3.14145,720.0,3.1414,8.0,3.14146,203.0,3.1415,8.0
1753769312751,06:08:32.751,kucoinfutures,XRP/USDT:USDT,3.14145,720.0,3.1414,8.0,3.14146,203.0,3.1415,8.0
1753769312753,06:08:32.753,kucoinfutures,XRP/USDT:USDT,3.14145,720.0,3.1414,8.0,3.14146,203.0,3.1415,8.0
1753769312705,06:08:32.705,bitmex,XRP/USDT:USDT,3.1396,15000.0,3.1391,780600.0,3.1405,32600.0,3.1406,108600.0
1753769312791,06:08:32.791,bybit,XRP/USDT:USDT,3.1392,1540.0,3.1391,1005.0,3.1393,28097.0,3.1394,10445.0
1753769312757,06:08:32.757,kucoinfutures,XRP/USDT:USDT,3.14145,720.0,3.1414,8.0,3.14146,203.0,3.1415,8.0
1753769312752,06:08:32.752,bitmart,XRP/USDT:USDT,3.1393,53741.0,3.1392,18527.0,3.1394,20393.0,3.1395,15679.0
1753769312801,06:08:32.801,okx,XRP/USDT:USDT,3.1393,246.03,3.1392,69.21,3.1394,1.13,3.1395,0.01
1753769313082,06:08:33.082,kucoinfutures,XRP/USDT:USDT,3.14145,720.0,3.1414,8.0,3.14146,203.0,3.1415,8.0
1753769313141,06:08:33.141,binanceusdm,XRP/USDT:USDT,3.1393,23266.5,3.1392,9458.8,3.1394,2883.9,3.1395,6748.0
1753769313175,06:08:33.175,kucoinfutures,XRP/USDT:USDT,3.14145,720.0,3.1414,8.0,3.14146,212.0,3.1415,8.0
1753769313201,06:08:33.201,okx,XRP/USDT:USDT,3.1393,235.14,3.1392,63.97,3.1394,1.11,3.1395,8.33
1753769313242,06:08:33.242,binanceusdm,XRP/USDT:USDT,3.1393,16021.2,3.1392,9457.1,3.1394,2335.5,3.1395,4148.6
1753769313242,06:08:33.242,binance,XRP/USDT:USDT,3.1393,16021.2,3.1392,9457.1,3.1394,2335.5,3.1395,4148.6
1753769313236,06:08:33.236,coincatch,XRP/USDT:USDT,3.1387,30468.0,3.1386,8960.0,3.14,6447.0,3.1401,4685.0
1753769313252,06:08:33.252,bitget,XRP/USDT:USDT,3.1398,42586.0,3.1397,2707.0,3.1399,14359.0,3.14,33446.0
1753769313291,06:08:33.291,bybit,XRP/USDT:USDT,3.1392,1529.0,3.1391,1005.0,3.1393,32187.0,3.1394,11589.0
1753769313344,06:08:33.344,binanceusdm,XRP/USDT:USDT,3.1393,16021.4,3.1392,9457.1,3.1394,2335.5,3.1395,4148.6
1753769313344,06:08:33.344,binance,XRP/USDT:USDT,3.1393,16021.4,3.1392,9457.1,3.1394,2335.5,3.1395,4148.6
1753769313391,06:08:33.391,bybit,XRP/USDT:USDT,3.1392,1529.0,3.1391,1005.0,3.1393,32187.0,3.1394,11589.0
1753769313403,06:08:33.403,bitget,XRP/USDT:USDT,3.1398,42586.0,3.1397,2707.0,3.1399,14359.0,3.14,33446.0
1753769313447,06:08:33.447,binanceusdm,XRP/USDT:USDT,3.1393,23205.0,3.1392,9457.1,3.1394,2867.7,3.1395,4148.6
1753769313447,06:08:33.447,binance,XRP/USDT:USDT,3.1393,23205.0,3.1392,9457.1,3.1394,2867.7,3.1395,4148.6
1753769313491,06:08:33.491,bybit,XRP/USDT:USDT,3.1392,1722.0,3.1391,1005.0,3.1393,32156.0,3.1394,11589.0
1753769313501,06:08:33.501,okx,XRP/USDT:USDT,3.1393,231.41,3.1392,63.97,3.1394,30.13,3.1395,8.28
1753769313496,06:08:33.496,kucoinfutures,XRP/USDT:USDT,3.14145,720.0,3.1414,8.0,3.14146,212.0,3.1415,8.0
1753769313500,06:08:33.500,kucoinfutures,XRP/USDT:USDT,3.14145,720.0,3.1414,8.0,3.14146,212.0,3.1415,8.0
1753769313504,06:08:33.504,kucoinfutures,XRP/USDT:USDT,3.14145,720.0,3.1414,8.0,3.14146,212.0,3.1415,8.0
1753769313508,06:08:33.508,kucoinfutures,XRP/USDT:USDT,3.14145,708.0,3.1414,8.0,3.14146,212.0,3.1415,8.0
1753769313548,06:08:33.548,binanceusdm,XRP/USDT:USDT,3.1393,15914.7,3.1392,9457.1,3.1394,4663.2,3.1395,6748.0
1753769313548,06:08:33.548,binance,XRP/USDT:USDT,3.1393,15914.7,3.1392,9457.1,3.1394,4663.2,3.1395,6748.0
1753769313536,06:08:33.536,coincatch,XRP/USDT:USDT,3.1387,30550.0,3.1386,8940.0,3.14,6447.0,3.1401,4685.0
1753769313591,06:08:33.591,bybit,XRP/USDT:USDT,3.1392,1722.0,3.1391,1005.0,3.1393,32186.0,3.1394,11619.0
1753769313553,06:08:33.553,bitget,XRP/USDT:USDT,3.1398,42586.0,3.1397,2707.0,3.1399,16104.0,3.14,33446.0
1753769313553,06:08:33.553,bitmart,XRP/USDT:USDT,3.1393,93307.0,3.1392,18527.0,3.1394,10655.0,3.1395,15679.0
1753769313601,06:08:33.601,okx,XRP/USDT:USDT,3.1393,231.19,3.1392,63.97,3.1394,30.13,3.1395,8.24
1753769313601,06:08:33.601,kucoinfutures,XRP/USDT:USDT,3.14145,708.0,3.1414,8.0,3.14146,212.0,3.1415,8.0
1753769313650,06:08:33.650,binanceusdm,XRP/USDT:USDT,3.1393,16109.9,3.1392,9457.1,3.1394,4328.8,3.1395,4148.6
1753769313650,06:08:33.650,binance,XRP/USDT:USDT,3.1393,16109.9,3.1392,9457.1,3.1394,4328.8,3.1395,4148.6
1753769313691,06:08:33.691,bybit,XRP/USDT:USDT,3.1392,1720.0,3.1391,1005.0,3.1393,32186.0,3.1394,11619.0
1753769313670,06:08:33.670,kucoinfutures,XRP/USDT:USDT,3.14145,720.0,3.1414,8.0,3.14146,212.0,3.1415,8.0
1753769313701,06:08:33.701,okx,XRP/USDT:USDT,3.1393,231.19,3.1392,63.97,3.1394,1.13,3.1395,0.01
1753769313703,06:08:33.703,bitget,XRP/USDT:USDT,3.1398,42586.0,3.1397,2707.0,3.1399,15249.0,3.14,33446.0
1753769313752,06:08:33.752,binanceusdm,XRP/USDT:USDT,3.1393,16127.8,3.1392,9457.1,3.1394,2001.1,3.1395,4148.6
1753769313752,06:08:33.752,binance,XRP/USDT:USDT,3.1393,16127.8,3.1392,9457.1,3.1394,2001.1,3.1395,4148.6
1753769313794,06:08:33.794,bybit,XRP/USDT:USDT,3.1392,1720.0,3.1391,1005.0,3.1393,31042.0,3.1394,10475.0
1753769313801,06:08:33.801,okx,XRP/USDT:USDT,3.1393,231.19,3.1392,68.91,3.1394,1.13,3.1395,0.01
1753769313833,06:08:33.833,kucoinfutures,XRP/USDT:USDT,3.14145,720.0,3.1414,8.0,3.14146,212.0,3.1415,8.0
1753769313836,06:08:33.836,coincatch,XRP/USDT:USDT,3.1387,29435.0,3.1386,8788.0,3.14,8317.0,3.1401,5111.0
1753769313855,06:08:33.855,binanceusdm,XRP/USDT:USDT,3.1393,23378.9,3.1392,9457.1,3.1394,2001.1,3.1395,4148.6
1753769313855,06:08:33.855,binance,XRP/USDT:USDT,3.1393,23378.9,3.1392,9457.1,3.1394,2001.1,3.1395,4148.6
1753769313891,06:08:33.891,bybit,XRP/USDT:USDT,3.1392,4205.0,3.1391,1005.0,3.1393,30922.0,3.1394,10475.0
1753769313911,06:08:33.911,kucoinfutures,XRP/USDT:USDT,3.14145,720.0,3.1414,8.0,3.14146,212.0,3.1415,8.0
1753769313930,06:08:33.930,kucoinfutures,XRP/USDT:USDT,3.14145,720.0,3.1414,8.0,3.14146,212.0,3.1415,8.0
1753769313991,06:08:33.991,bybit,XRP/USDT:USDT,3.1392,1720.0,3.1391,1005.0,3.1393,30922.0,3.1394,10475.0
1753769313958,06:08:33.958,binanceusdm,XRP/USDT:USDT,3.1393,23378.9,3.1392,15139.4,3.1394,1012.3,3.1395,4148.6
1753769313958,06:08:33.958,binance,XRP/USDT:USDT,3.1393,23378.9,3.1392,15139.4,3.1394,1012.3,3.1395,4148.6
1753769313953,06:08:33.953,bitmart,XRP/USDT:USDT,3.1393,93307.0,3.1392,18527.0,3.1394,22701.0,3.1395,15679.0
1753769314001,06:08:34.001,okx,XRP/USDT:USDT,3.1393,256.32,3.1392,77.14,3.1394,1.15,3.1395,0.01
1753769314003,06:08:34.003,bitget,XRP/USDT:USDT,3.1398,42838.0,3.1397,2959.0,3.1399,15249.0,3.14,33021.0
1753769314091,06:08:34.091,bybit,XRP/USDT:USDT,3.1392,1720.0,3.1391,1005.0,3.1393,31806.0,3.1394,10475.0
1753769314064,06:08:34.064,binanceusdm,XRP/USDT:USDT,3.1393,23378.9,3.1392,15171.2,3.1394,1012.3,3.1395,4148.6
1753769314064,06:08:34.064,binance,XRP/USDT:USDT,3.1393,23378.9,3.1392,15171.2,3.1394,1012.3,3.1395,4148.6
1753769314031,06:08:34.031,bitmex,XRP/USDT:USDT,3.1396,15000.0,3.1391,780600.0,3.1405,32600.0,3.1406,108600.0
1753769314101,06:08:34.101,okx,XRP/USDT:USDT,3.1393,248.09,3.1392,77.14,3.1394,1.15,3.1395,0.01
1753769314098,06:08:34.098,kucoinfutures,XRP/USDT:USDT,3.14145,720.0,3.1414,8.0,3.14146,212.0,3.1415,8.0
1753769314100,06:08:34.100,kucoinfutures,XRP/USDT:USDT,3.14145,720.0,3.1414,8.0,3.14146,212.0,3.1415,8.0
1753769314101,06:08:34.101,kucoinfutures,XRP/USDT:USDT,3.14145,720.0,3.1414,8.0,3.14146,212.0,3.1415,8.0
1753769314104,06:08:34.104,kucoinfutures,XRP/USDT:USDT,3.14145,720.0,3.1414,8.0,3.14146,212.0,3.1415,8.0
1753769314110,06:08:34.110,kucoinfutures,XRP/USDT:USDT,3.14145,720.0,3.1414,8.0,3.14146,212.0,3.1415,8.0
1753769314080,06:08:34.080,bitmex,XRP/USDT:USDT,3.1396,15000.0,3.1391,780600.0,3.1405,32600.0,3.1406,108600.0
1753769314136,06:08:34.136,coincatch,XRP/USDT:USDT,3.1387,36133.0,3.1386,12287.0,3.14,5801.0,3.1401,4059.0
1753769314153,06:08:34.153,bitget,XRP/USDT:USDT,3.1398,42838.0,3.1397,2959.0,3.1399,13974.0,3.14,31629.0
1753769314191,06:08:34.191,bybit,XRP/USDT:USDT,3.1392,1726.0,3.1391,2405.0,3.1393,31806.0,3.1394,10475.0
1753769314173,06:08:34.173,binanceusdm,XRP/USDT:USDT,3.1393,23378.9,3.1392,14789.6,3.1394,1012.3,3.1395,4148.6
1753769314173,06:08:34.173,binance,XRP/USDT:USDT,3.1393,23378.9,3.1392,14789.6,3.1394,1012.3,3.1395,4148.6
1753769314201,06:08:34.201,okx,XRP/USDT:USDT,3.1393,248.09,3.1392,68.91,3.1394,1.05,3.1395,0.01
1753769314172,06:08:34.172,bitmart,XRP/USDT:USDT,3.1393,93307.0,3.1392,18527.0,3.1394,4027.0,3.1395,15679.0
1753769314291,06:08:34.291,bybit,XRP/USDT:USDT,3.1392,1726.0,3.1391,2405.0,3.1393,31806.0,3.1394,10475.0
1753769314275,06:08:34.275,binanceusdm,XRP/USDT:USDT,3.1393,23384.5,3.1392,14789.6,3.1394,1012.3,3.1395,4148.6
1753769314275,06:08:34.275,binance,XRP/USDT:USDT,3.1393,23384.5,3.1392,14789.6,3.1394,1012.3,3.1395,4148.6
1753769314301,06:08:34.301,okx,XRP/USDT:USDT,3.1393,244.11,3.1392,76.77,3.1394,0.95,3.1395,0.01
1753769314291,06:08:34.291,kucoinfutures,XRP/USDT:USDT,3.14145,720.0,3.1414,8.0,3.14146,212.0,3.1415,8.0
1753769314296,06:08:34.296,kucoinfutures,XRP/USDT:USDT,3.14145,720.0,3.1414,8.0,3.14146,212.0,3.1415,8.0
1753769314303,06:08:34.303,bitget,XRP/USDT:USDT,3.1398,42838.0,3.1397,2959.0,3.1399,13974.0,3.14,31629.0
1753769314302,06:08:34.302,bitmex,XRP/USDT:USDT,3.1396,15000.0,3.1391,780600.0,3.1405,32600.0,3.1406,108600.0
1753769314391,06:08:34.391,bybit,XRP/USDT:USDT,3.1392,1710.0,3.1391,1005.0,3.1393,28806.0,3.1394,10475.0
1753769314383,06:08:34.383,binanceusdm,XRP/USDT:USDT,3.1393,25498.8,3.1392,14789.6,3.1394,1012.2,3.1395,4148.6
1753769314383,06:08:34.383,binance,XRP/USDT:USDT,3.1393,25498.8,3.1392,14789.6,3.1394,1012.2,3.1395,4148.6
1753769314401,06:08:34.401,okx,XRP/USDT:USDT,3.1393,244.22,3.1392,68.91,3.1394,0.33,3.1395,0.01
1753769314352,06:08:34.352,bitmex,XRP/USDT:USDT,3.1396,15000.0,3.1391,780600.0,3.1405,32600.0,3.1406,108600.0
1753769314416,06:08:34.416,kucoinfutures,XRP/USDT:USDT,3.14145,720.0,3.1414,8.0,3.14146,212.0,3.1415,8.0
1753769314436,06:08:34.436,coincatch,XRP/USDT:USDT,3.1387,35847.0,3.1386,11700.0,3.14,5801.0,3.1401,4059.0
1753769314491,06:08:34.491,bybit,XRP/USDT:USDT,3.1392,1710.0,3.1391,1005.0,3.1393,28823.0,3.1394,11590.0
1753769314501,06:08:34.501,okx,XRP/USDT:USDT,3.1393,244.23,3.1392,68.91,3.1394,0.33,3.1395,29.01
1753769314504,06:08:34.504,binanceusdm,XRP/USDT:USDT,3.1393,18263.5,3.1392,14784.4,3.1394,1016.8,3.1395,4148.6
1753769314504,06:08:34.504,binance,XRP/USDT:USDT,3.1393,18263.5,3.1392,14784.4,3.1394,1016.8,3.1395,4148.6
1753769314520,06:08:34.520,kucoinfutures,XRP/USDT:USDT,3.14145,720.0,3.1414,8.0,3.14146,212.0,3.1415,8.0
1753769314201,06:08:34.201,okxus,XRP/USDT:USDT,3.1393,248.09,3.1392,68.91,3.1394,1.05,3.1395,0.01
1753769314591,06:08:34.591,bybit,XRP/USDT:USDT,3.1392,1710.0,3.1391,1005.0,3.1393,28823.0,3.1394,11590.0
1753769314555,06:08:34.555,bitmart,XRP/USDT:USDT,3.1393,93307.0,3.1392,18527.0,3.1394,4027.0,3.1395,15679.0
1753769314601,06:08:34.601,okx,XRP/USDT:USDT,3.1393,232.46,3.1392,63.97,3.1394,0.57,3.1395,29.01
1753769314605,06:08:34.605,binanceusdm,XRP/USDT:USDT,3.1393,18264.6,3.1392,14784.4,3.1394,1016.8,3.1395,4148.6
1753769314605,06:08:34.605,binance,XRP/USDT:USDT,3.1393,18264.6,3.1392,14784.4,3.1394,1016.8,3.1395,4148.6
1753769314603,06:08:34.603,bitget,XRP/USDT:USDT,3.1398,42838.0,3.1397,2959.0,3.1399,13974.0,3.14,31629.0
1753769314691,06:08:34.691,bybit,XRP/USDT:USDT,3.1392,1757.0,3.1391,1005.0,3.1393,28823.0,3.1394,11590.0
1753769314654,06:08:34.654,bitmex,XRP/USDT:USDT,3.1396,15000.0,3.1391,780600.0,3.1405,32600.0,3.1406,108600.0
1753769314736,06:08:34.736,coincatch,XRP/USDT:USDT,3.1387,32016.0,3.1386,11700.0,3.14,6320.0,3.1401,4616.0
1753769314790,06:08:34.790,bybit,XRP/USDT:USDT,3.1392,1757.0,3.1391,1005.0,3.1393,31798.0,3.1394,11590.0
1753769314755,06:08:34.755,bitmart,XRP/USDT:USDT,3.1393,93307.0,3.1392,18527.0,3.1394,4027.0,3.1395,15679.0
1753769314779,06:08:34.779,binanceusdm,XRP/USDT:USDT,3.1393,18264.6,3.1392,14366.0,3.1394,1016.8,3.1395,4148.6
1753769314779,06:08:34.779,binance,XRP/USDT:USDT,3.1393,18264.6,3.1392,14366.0,3.1394,1016.8,3.1395,4148.6
1753769314829,06:08:34.829,kucoinfutures,XRP/USDT:USDT,3.14145,720.0,3.1414,8.0,3.14146,203.0,3.1415,8.0
1753769314891,06:08:34.891,bybit,XRP/USDT:USDT,3.1392,1757.0,3.1391,1005.0,3.1393,28798.0,3.1394,10475.0
1753769314831,06:08:34.831,bitmex,XRP/USDT:USDT,3.1396,15000.0,3.1391,780600.0,3.1405,32600.0,3.1406,108600.0
1753769314880,06:08:34.880,kucoinfutures,XRP/USDT:USDT,3.14145,720.0,3.1414,8.0,3.14146,203.0,3.1415,8.0
1753769314884,06:08:34.884,binanceusdm,XRP/USDT:USDT,3.1393,29194.9,3.1392,14366.0,3.1394,769.0,3.1395,4148.6
1753769314884,06:08:34.884,binance,XRP/USDT:USDT,3.1393,29194.9,3.1392,14366.0,3.1394,769.0,3.1395,4148.6
1753769314896,06:08:34.896,kucoinfutures,XRP/USDT:USDT,3.14145,720.0,3.1414,8.0,3.14146,181.0,3.1415,8.0
1753769314904,06:08:34.904,bitget,XRP/USDT:USDT,3.1398,42838.0,3.1397,2959.0,3.1399,13636.0,3.14,31629.0
1753769314881,06:08:34.881,bitmex,XRP/USDT:USDT,3.1396,15000.0,3.1391,780600.0,3.1405,32600.0,3.1406,108600.0
1753769314991,06:08:34.991,bybit,XRP/USDT:USDT,3.1392,1880.0,3.1391,1005.0,3.1393,28798.0,3.1394,10475.0
1753769314987,06:08:34.987,binanceusdm,XRP/USDT:USDT,3.1393,29096.5,3.1392,13984.4,3.1394,287.5,3.1395,4148.6
1753769314987,06:08:34.987,binance,XRP/USDT:USDT,3.1393,29096.5,3.1392,13984.4,3.1394,287.5,3.1395,4148.6
1753769315001,06:08:35.001,okx,XRP/USDT:USDT,3.1395,97.69,3.1394,75.61,3.1396,40.76,3.1397,0.03
1753769314997,06:08:34.997,kucoinfutures,XRP/USDT:USDT,3.14145,720.0,3.1414,8.0,3.14146,181.0,3.1415,8.0
1753769315001,06:08:35.001,kucoinfutures,XRP/USDT:USDT,3.14145,720.0,3.1414,8.0,3.14146,181.0,3.1415,8.0
1753769315003,06:08:35.003,kucoinfutures,XRP/USDT:USDT,3.14145,720.0,3.1414,8.0,3.14146,181.0,3.1415,8.0
1753769315003,06:08:35.003,kucoinfutures,XRP/USDT:USDT,3.14145,720.0,3.1414,8.0,3.14146,181.0,3.1415,8.0
1753769315006,06:08:35.006,kucoinfutures,XRP/USDT:USDT,3.14145,720.0,3.1414,8.0,3.14146,181.0,3.1415,8.0
1753769315038,06:08:35.038,kucoinfutures,XRP/USDT:USDT,3.14145,720.0,3.1414,8.0,3.14146,66.0,3.1415,8.0
1753769314901,06:08:34.901,okxus,XRP/USDT:USDT,3.1393,248.34,3.1392,75.16,3.1394,0.21,3.1395,0.01
1753769315037,06:08:35.037,coincatch,XRP/USDT:USDT,3.1387,40416.0,3.1386,11286.0,3.14,5950.0,3.1401,4616.0
1753769315051,06:08:35.051,kucoinfutures,XRP/USDT:USDT,3.14145,720.0,3.1414,8.0,3.14146,66.0,3.1415,8.0
1753769315051,06:08:35.051,kucoinfutures,XRP/USDT:USDT,3.14145,720.0,3.1414,8.0,3.14146,66.0,3.1415,8.0
1753769315054,06:08:35.054,kucoinfutures,XRP/USDT:USDT,3.14145,720.0,3.1414,8.0,3.14146,66.0,3.1415,8.0
1753769315055,06:08:35.055,kucoinfutures,XRP/USDT:USDT,3.14145,720.0,3.1414,8.0,3.14146,66.0,3.1415,8.0
1753769315091,06:08:35.091,bybit,XRP/USDT:USDT,3.1392,6297.0,3.1391,1005.0,3.1393,24843.0,3.1394,7475.0
1753769315054,06:08:35.054,bitget,XRP/USDT:USDT,3.1398,42838.0,3.1397,2959.0,3.1399,13636.0,3.14,31629.0
1753769315085,06:08:35.085,kucoinfutures,XRP/USDT:USDT,3.14145,720.0,3.1414,8.0,3.14146,66.0,3.1415,8.0
1753769315086,06:08:35.086,kucoinfutures,XRP/USDT:USDT,3.14145,720.0,3.1414,8.0,3.14146,66.0,3.1415,8.0
1753769315101,06:08:35.101,okx,XRP/USDT:USDT,3.1395,98.92,3.1394,74.45,3.1396,40.82,3.1397,0.03
1753769315088,06:08:35.088,binanceusdm,XRP/USDT:USDT,3.1394,46883.7,3.1393,29879.4,3.1395,5545.9,3.1396,8876.3
1753769315088,06:08:35.088,binance,XRP/USDT:USDT,3.1394,46883.7,3.1393,29879.4,3.1395,5545.9,3.1396,8876.3
1753769315105,06:08:35.105,kucoinfutures,XRP/USDT:USDT,3.14145,720.0,3.1414,8.0,3.14146,66.0,3.1415,8.0
1753769315106,06:08:35.106,kucoinfutures,XRP/USDT:USDT,3.14145,720.0,3.1414,8.0,3.14146,66.0,3.1415,8.0
1753769315111,06:08:35.111,kucoinfutures,XRP/USDT:USDT,3.14145,720.0,3.1414,8.0,3.14146,66.0,3.1415,8.0
1753769315111,06:08:35.111,kucoinfutures,XRP/USDT:USDT,3.14145,720.0,3.1414,8.0,3.14146,66.0,3.1415,8.0
1753769315115,06:08:35.115,kucoinfutures,XRP/USDT:USDT,3.14145,720.0,3.1414,8.0,3.14146,66.0,3.1415,8.0
1753769315191,06:08:35.191,bybit,XRP/USDT:USDT,3.1392,6297.0,3.1391,1005.0,3.1393,24814.0,3.1394,5559.0
1753769315100,06:08:35.100,bitmex,XRP/USDT:USDT,3.1396,15000.0,3.1391,780600.0,3.1405,32600.0,3.1406,108600.0
1753769315164,06:08:35.164,kucoinfutures,XRP/USDT:USDT,3.14145,720.0,3.1414,8.0,3.14146,66.0,3.1415,8.0
1753769315201,06:08:35.201,okx,XRP/USDT:USDT,3.1395,102.58,3.1394,74.45,3.1396,29.06,3.1397,0.03
1753769315191,06:08:35.191,binanceusdm,XRP/USDT:USDT,3.1394,46922.9,3.1393,23857.0,3.1395,5551.2,3.1396,8876.3
1753769315191,06:08:35.191,binance,XRP/USDT:USDT,3.1394,46922.9,3.1393,23857.0,3.1395,5551.2,3.1396,8876.3
1753769315150,06:08:35.150,bitmex,XRP/USDT:USDT,3.1398,7700.0,3.1397,22700.0,3.1406,108600.0,3.1408,111900.0
1753769315203,06:08:35.203,bitget,XRP/USDT:USDT,3.1398,42844.0,3.1397,2959.0,3.1399,9412.0,3.14,31604.0
1753769315199,06:08:35.199,bitmex,XRP/USDT:USDT,3.1403,7700.0,3.1397,52600.0,3.1406,108600.0,3.1408,111900.0
1753769315253,06:08:35.253,kucoinfutures,XRP/USDT:USDT,3.14145,720.0,3.1414,8.0,3.14146,66.0,3.1415,8.0
1753769315291,06:08:35.291,bybit,XRP/USDT:USDT,3.1392,6297.0,3.1391,1005.0,3.1393,24814.0,3.1394,5559.0
1753769315292,06:08:35.292,binanceusdm,XRP/USDT:USDT,3.1394,47461.1,3.1393,23858.1,3.1395,3451.2,3.1396,8876.3
1753769315292,06:08:35.292,binance,XRP/USDT:USDT,3.1394,47461.1,3.1393,23858.1,3.1395,3451.2,3.1396,8876.3
1753769315248,06:08:35.248,bitmex,XRP/USDT:USDT,3.1403,7700.0,3.1398,15800.0,3.1406,108600.0,3.1408,111900.0
1753769315317,06:08:35.317,kucoinfutures,XRP/USDT:USDT,3.14145,720.0,3.1414,8.0,3.14146,62.0,3.1415,8.0
1753769315318,06:08:35.318,kucoinfutures,XRP/USDT:USDT,3.14145,720.0,3.1414,8.0,3.14146,45.0,3.1415,8.0
1753769315201,06:08:35.201,okxus,XRP/USDT:USDT,3.1395,102.58,3.1394,74.45,3.1396,29.06,3.1397,0.03
1753769315297,06:08:35.297,bitmex,XRP/USDT:USDT,3.1403,7700.0,3.1398,15800.0,3.1406,108600.0,3.1408,111900.0
1753769315337,06:08:35.337,coincatch,XRP/USDT:USDT,3.1388,40838.0,3.1387,29623.0,3.1401,7976.0,3.1402,16090.0
1753769315391,06:08:35.391,bybit,XRP/USDT:USDT,3.1392,9579.0,3.1391,1005.0,3.1393,24492.0,3.1394,4443.0
1753769315354,06:08:35.354,bitget,XRP/USDT:USDT,3.1398,42838.0,3.1397,2959.0,3.1399,9418.0,3.14,31604.0
1753769315351,06:08:35.351,bitmart,XRP/USDT:USDT,3.1393,93307.0,3.1392,18527.0,3.1395,15679.0,3.1396,16056.0
1753769315401,06:08:35.401,okx,XRP/USDT:USDT,3.1395,114.09,3.1394,80.67,3.1396,0.04,3.1397,0.03
1753769315390,06:08:35.390,kucoinfutures,XRP/USDT:USDT,3.14145,720.0,3.1414,8.0,3.14146,45.0,3.1415,8.0
1753769315346,06:08:35.346,bitmex,XRP/USDT:USDT,3.1403,7700.0,3.1398,15800.0,3.1406,108600.0,3.1408,109600.0
1753769315399,06:08:35.399,binanceusdm,XRP/USDT:USDT,3.1394,49854.2,3.1393,23480.7,3.1395,2896.5,3.1396,7258.4
1753769315399,06:08:35.399,binance,XRP/USDT:USDT,3.1394,49854.2,3.1393,23480.7,3.1395,2896.5,3.1396,7258.4
1753769315301,06:08:35.301,okxus,XRP/USDT:USDT,3.1395,113.96,3.1394,74.45,3.1396,0.04,3.1397,0.03
1753769315445,06:08:35.445,kucoinfutures,XRP/USDT:USDT,3.14145,720.0,3.1414,8.0,3.14146,45.0,3.1415,8.0
1753769315449,06:08:35.449,kucoinfutures,XRP/USDT:USDT,3.14145,720.0,3.1414,8.0,3.14146,45.0,3.1415,8.0
1753769315451,06:08:35.451,kucoinfutures,XRP/USDT:USDT,3.14145,720.0,3.1414,8.0,3.14146,45.0,3.1415,8.0
1753769315453,06:08:35.453,kucoinfutures,XRP/USDT:USDT,3.14145,720.0,3.1414,8.0,3.14146,45.0,3.1415,8.0
1753769315491,06:08:35.491,bybit,XRP/USDT:USDT,3.1392,9579.0,3.1391,1005.0,3.1393,24492.0,3.1394,1594.0
1753769315501,06:08:35.501,okx,XRP/USDT:USDT,3.1396,111.7,3.1395,25.46,3.1397,28.63,3.1398,45.88
1753769315507,06:08:35.507,binanceusdm,XRP/USDT:USDT,3.1395,46002.9,3.1394,41467.9,3.1396,8100.3,3.1397,144.3
1753769315507,06:08:35.507,binance,XRP/USDT:USDT,3.1395,46002.9,3.1394,41467.9,3.1396,8100.3,3.1397,144.3
1753769315504,06:08:35.504,bitget,XRP/USDT:USDT,3.1398,42838.0,3.1397,2959.0,3.1399,2921.0,3.14,31604.0
1753769315514,06:08:35.514,kucoinfutures,XRP/USDT:USDT,3.14145,720.0,3.1414,8.0,3.14146,45.0,3.1415,8.0
1753769315518,06:08:35.518,kucoinfutures,XRP/USDT:USDT,3.14145,720.0,3.1414,8.0,3.14146,45.0,3.1415,8.0
1753769315520,06:08:35.520,kucoinfutures,XRP/USDT:USDT,3.14145,720.0,3.1414,8.0,3.14146,45.0,3.1415,8.0
1753769315528,06:08:35.528,kucoinfutures,XRP/USDT:USDT,3.14145,720.0,3.1414,8.0,3.14146,45.0,3.1415,8.0
1753769315531,06:08:35.531,kucoinfutures,XRP/USDT:USDT,3.14145,720.0,3.1414,8.0,3.14146,45.0,3.1415,8.0
1753769315536,06:08:35.536,kucoinfutures,XRP/USDT:USDT,3.14145,720.0,3.1414,8.0,3.14146,45.0,3.1415,8.0
1753769315401,06:08:35.401,okxus,XRP/USDT:USDT,3.1395,114.09,3.1394,80.67,3.1396,0.04,3.1397,0.03
1753769315538,06:08:35.538,kucoinfutures,XRP/USDT:USDT,3.14145,720.0,3.1414,8.0,3.14146,45.0,3.1415,8.0
1753769315540,06:08:35.540,kucoinfutures,XRP/USDT:USDT,3.14145,720.0,3.1414,8.0,3.14146,45.0,3.1415,8.0
1753769315540,06:08:35.540,kucoinfutures,XRP/USDT:USDT,3.14145,720.0,3.1414,8.0,3.14146,45.0,3.1415,8.0
1753769315544,06:08:35.544,kucoinfutures,XRP/USDT:USDT,3.14145,720.0,3.1414,8.0,3.14146,45.0,3.1415,8.0
1753769315591,06:08:35.591,bybit,XRP/USDT:USDT,3.1392,12480.0,3.1391,3123.0,3.1393,18479.0,3.1394,34.0
1753769315558,06:08:35.558,kucoinfutures,XRP/USDT:USDT,3.14145,720.0,3.1414,8.0,3.14146,45.0,3.1415,8.0
1753769315566,06:08:35.566,kucoinfutures,XRP/USDT:USDT,3.14145,720.0,3.1414,8.0,3.14146,45.0,3.1415,8.0
1753769315566,06:08:35.566,kucoinfutures,XRP/USDT:USDT,3.14145,720.0,3.1414,8.0,3.14146,45.0,3.1415,8.0
1753769315567,06:08:35.567,kucoinfutures,XRP/USDT:USDT,3.14145,720.0,3.1414,8.0,3.14146,45.0,3.1415,8.0
1753769315568,06:08:35.568,kucoinfutures,XRP/USDT:USDT,3.14145,720.0,3.1414,8.0,3.14146,45.0,3.1415,8.0
1753769315570,06:08:35.570,kucoinfutures,XRP/USDT:USDT,3.14145,720.0,3.1414,8.0,3.14146,45.0,3.1415,8.0
1753769315572,06:08:35.572,kucoinfutures,XRP/USDT:USDT,3.14145,720.0,3.1414,8.0,3.14146,45.0,3.1415,8.0
1753769315572,06:08:35.572,kucoinfutures,XRP/USDT:USDT,3.14145,720.0,3.1414,8.0,3.14146,45.0,3.1415,8.0
1753769315575,06:08:35.575,kucoinfutures,XRP/USDT:USDT,3.14145,720.0,3.1414,8.0,3.14146,45.0,3.1415,8.0
1753769315575,06:08:35.575,kucoinfutures,XRP/USDT:USDT,3.14145,720.0,3.1414,8.0,3.14146,45.0,3.1415,8.0
1753769315587,06:08:35.587,kucoinfutures,XRP/USDT:USDT,3.14145,720.0,3.1414,8.0,3.14146,45.0,3.1415,8.0
1753769315539,06:08:35.539,bitmex,XRP/USDT:USDT,3.1403,7700.0,3.1398,15800.0,3.1406,108600.0,3.1408,109600.0
1753769315587,06:08:35.587,kucoinfutures,XRP/USDT:USDT,3.14145,720.0,3.1414,8.0,3.14146,45.0,3.1415,8.0
1753769315596,06:08:35.596,kucoinfutures,XRP/USDT:USDT,3.14145,720.0,3.1414,8.0,3.14146,45.0,3.1415,8.0
1753769315597,06:08:35.597,kucoinfutures,XRP/USDT:USDT,3.14145,720.0,3.1414,8.0,3.14146,45.0,3.1415,8.0
1753769315600,06:08:35.600,kucoinfutures,XRP/USDT:USDT,3.14145,720.0,3.1414,8.0,3.14146,45.0,3.1415,8.0
1753769315600,06:08:35.600,kucoinfutures,XRP/USDT:USDT,3.14145,720.0,3.1414,8.0,3.14146,45.0,3.1415,8.0
1753769315603,06:08:35.603,kucoinfutures,XRP/USDT:USDT,3.14145,720.0,3.1414,8.0,3.14146,45.0,3.1415,8.0
1753769315603,06:08:35.603,kucoinfutures,XRP/USDT:USDT,3.14145,720.0,3.1414,8.0,3.14146,45.0,3.1415,8.0
1753769315604,06:08:35.604,kucoinfutures,XRP/USDT:USDT,3.14145,720.0,3.1414,8.0,3.14146,45.0,3.1415,8.0
1753769315606,06:08:35.606,kucoinfutures,XRP/USDT:USDT,3.14145,720.0,3.1414,8.0,3.14146,45.0,3.1415,8.0
1753769315608,06:08:35.608,binanceusdm,XRP/USDT:USDT,3.1397,31489.2,3.1396,43018.6,3.1398,6936.4,3.1399,4965.0
1753769315608,06:08:35.608,binance,XRP/USDT:USDT,3.1397,31489.2,3.1396,43018.6,3.1398,6936.4,3.1399,4965.0
1753769315609,06:08:35.609,kucoinfutures,XRP/USDT:USDT,3.14145,720.0,3.1414,8.0,3.14146,45.0,3.1415,8.0
1753769315612,06:08:35.612,kucoinfutures,XRP/USDT:USDT,3.14145,720.0,3.1414,8.0,3.14146,45.0,3.1415,8.0
1753769315613,06:08:35.613,kucoinfutures,XRP/USDT:USDT,3.14145,720.0,3.1414,8.0,3.14146,45.0,3.1415,8.0
1753769315615,06:08:35.615,kucoinfutures,XRP/USDT:USDT,3.14145,720.0,3.1414,8.0,3.14146,45.0,3.1415,8.0
1753769315615,06:08:35.615,kucoinfutures,XRP/USDT:USDT,3.14145,720.0,3.1414,8.0,3.14146,45.0,3.1415,8.0
1753769315619,06:08:35.619,kucoinfutures,XRP/USDT:USDT,3.14145,720.0,3.1414,8.0,3.14146,45.0,3.1415,8.0
1753769315630,06:08:35.630,kucoinfutures,XRP/USDT:USDT,3.14145,720.0,3.1414,8.0,3.14146,45.0,3.1415,8.0
1753769315637,06:08:35.637,kucoinfutures,XRP/USDT:USDT,3.14145,720.0,3.1414,8.0,3.14146,45.0,3.1415,8.0
1753769315637,06:08:35.637,kucoinfutures,XRP/USDT:USDT,3.14145,720.0,3.1414,8.0,3.14146,45.0,3.1415,8.0
1753769315588,06:08:35.588,bitmex,XRP/USDT:USDT,3.1405,7700.0,3.1403,7700.0,3.1406,108600.0,3.1408,109600.0
1753769315640,06:08:35.640,kucoinfutures,XRP/USDT:USDT,3.14145,720.0,3.1414,8.0,3.14146,45.0,3.1415,8.0
1753769315643,06:08:35.643,kucoinfutures,XRP/USDT:USDT,3.14145,720.0,3.1414,8.0,3.14146,45.0,3.1415,8.0
1753769315645,06:08:35.645,kucoinfutures,XRP/USDT:USDT,3.14145,720.0,3.1414,8.0,3.14146,45.0,3.1415,8.0
1753769315501,06:08:35.501,okxus,XRP/USDT:USDT,3.1396,111.7,3.1395,25.46,3.1397,28.63,3.1398,45.88
1753769315637,06:08:35.637,coincatch,XRP/USDT:USDT,3.1389,21128.0,3.1388,39716.0,3.1402,19503.0,3.1403,12531.0
1753769315652,06:08:35.652,kucoinfutures,XRP/USDT:USDT,3.14145,720.0,3.1414,8.0,3.14146,45.0,3.1415,8.0
1753769315654,06:08:35.654,bitget,XRP/USDT:USDT,3.1399,23667.0,3.1398,52397.0,3.1401,229.0,3.1402,11293.0
1753769315691,06:08:35.691,bybit,XRP/USDT:USDT,3.1392,12483.0,3.1391,3487.0,3.1393,8985.0,3.1394,4.0
1753769315662,06:08:35.662,kucoinfutures,XRP/USDT:USDT,3.14145,720.0,3.1414,8.0,3.14146,45.0,3.1415,8.0
1753769315676,06:08:35.676,kucoinfutures,XRP/USDT:USDT,3.14145,720.0,3.1414,8.0,3.14146,45.0,3.1415,8.0
1753769315677,06:08:35.677,kucoinfutures,XRP/USDT:USDT,3.14145,720.0,3.1414,8.0,3.14146,45.0,3.1415,8.0
1753769315680,06:08:35.680,kucoinfutures,XRP/USDT:USDT,3.14145,720.0,3.1414,8.0,3.14146,45.0,3.1415,8.0
1753769315682,06:08:35.682,kucoinfutures,XRP/USDT:USDT,3.14145,720.0,3.1414,8.0,3.14146,45.0,3.1415,8.0
1753769315701,06:08:35.701,okx,XRP/USDT:USDT,3.1397,133.98,3.1396,99.05,3.1398,29.02,3.1399,5.75
1753769315637,06:08:35.637,bitmex,XRP/USDT:USDT,3.1405,7700.0,3.1398,15800.0,3.1406,108600.0,3.141,217400.0
1753769315702,06:08:35.702,kucoinfutures,XRP/USDT:USDT,3.14145,720.0,3.1414,8.0,3.14146,45.0,3.1415,8.0
1753769315705,06:08:35.705,kucoinfutures,XRP/USDT:USDT,3.14145,720.0,3.1414,8.0,3.14146,45.0,3.1415,8.0
1753769315709,06:08:35.709,binanceusdm,XRP/USDT:USDT,3.1397,25560.1,3.1396,43211.1,3.1398,10259.9,3.1399,5062.9
1753769315709,06:08:35.709,binance,XRP/USDT:USDT,3.1397,25560.1,3.1396,43211.1,3.1398,10259.9,3.1399,5062.9
1753769315709,06:08:35.709,kucoinfutures,XRP/USDT:USDT,3.14161,84.0,3.14149,259.0,3.14162,5.0,3.14163,47.0
1753769315718,06:08:35.718,kucoinfutures,XRP/USDT:USDT,3.14161,699.0,3.1416,8.0,3.14162,26.0,3.14163,47.0
1753769315720,06:08:35.720,kucoinfutures,XRP/USDT:USDT,3.14161,599.0,3.1416,8.0,3.14162,26.0,3.14163,47.0
1753769315723,06:08:35.723,kucoinfutures,XRP/USDT:USDT,3.14161,599.0,3.1416,8.0,3.14162,26.0,3.14163,47.0
1753769315723,06:08:35.723,kucoinfutures,XRP/USDT:USDT,3.14161,599.0,3.1416,8.0,3.14162,26.0,3.14163,47.0
1753769315724,06:08:35.724,kucoinfutures,XRP/USDT:USDT,3.14161,599.0,3.1416,8.0,3.14162,26.0,3.14163,47.0
1753769315686,06:08:35.686,bitmex,XRP/USDT:USDT,3.1405,7700.0,3.14,11300.0,3.1406,108600.0,3.141,217400.0
1753769315735,06:08:35.735,kucoinfutures,XRP/USDT:USDT,3.14161,599.0,3.1416,8.0,3.14162,26.0,3.14163,47.0
1753769315601,06:08:35.601,okxus,XRP/USDT:USDT,3.1397,138.71,3.1396,100.24,3.1398,51.5,3.1399,5.75
1753769315749,06:08:35.749,kucoinfutures,XRP/USDT:USDT,3.14161,599.0,3.1416,8.0,3.14162,26.0,3.14163,47.0
1753769315751,06:08:35.751,kucoinfutures,XRP/USDT:USDT,3.14161,599.0,3.1416,8.0,3.14162,26.0,3.14163,47.0
1753769315753,06:08:35.753,kucoinfutures,XRP/USDT:USDT,3.14161,599.0,3.1416,8.0,3.14162,26.0,3.14163,47.0
1753769315755,06:08:35.755,kucoinfutures,XRP/USDT:USDT,3.14161,599.0,3.1416,8.0,3.14162,26.0,3.14173,155.0
1753769315792,06:08:35.792,bybit,XRP/USDT:USDT,3.1392,12488.0,3.1391,3487.0,3.1393,8230.0,3.1394,4.0
1753769315758,06:08:35.758,kucoinfutures,XRP/USDT:USDT,3.14161,599.0,3.1416,8.0,3.14162,26.0,3.14172,47.0
1753769315750,06:08:35.750,bitmart,XRP/USDT:USDT,3.1393,93307.0,3.1392,18527.0,3.1395,15679.0,3.1396,16056.0
1753769315751,06:08:35.751,bitmart,XRP/USDT:USDT,3.1393,93307.0,3.1392,18527.0,3.1396,16056.0,3.1397,13454.0
1753769315735,06:08:35.735,bitmex,XRP/USDT:USDT,3.1406,7700.0,3.14,11300.0,3.141,217400.0,3.1411,370000.0
1753769315801,06:08:35.801,okx,XRP/USDT:USDT,3.1397,134.07,3.1396,151.05,3.1398,29.12,3.1399,5.68
1753769315794,06:08:35.794,kucoinfutures,XRP/USDT:USDT,3.14161,599.0,3.1416,8.0,3.14162,26.0,3.14172,47.0
1753769315799,06:08:35.799,kucoinfutures,XRP/USDT:USDT,3.14161,599.0,3.1416,8.0,3.14162,26.0,3.14172,47.0
1753769315803,06:08:35.803,kucoinfutures,XRP/USDT:USDT,3.14161,869.0,3.1416,8.0,3.14162,26.0,3.14172,47.0
1753769315805,06:08:35.805,kucoinfutures,XRP/USDT:USDT,3.14161,869.0,3.1416,8.0,3.14162,26.0,3.14172,47.0
1753769315805,06:08:35.805,kucoinfutures,XRP/USDT:USDT,3.14161,869.0,3.1416,8.0,3.14162,71.0,3.14172,47.0
1753769315806,06:08:35.806,kucoinfutures,XRP/USDT:USDT,3.14161,869.0,3.1416,8.0,3.14162,71.0,3.14172,47.0
1753769315809,06:08:35.809,kucoinfutures,XRP/USDT:USDT,3.14161,891.0,3.1416,8.0,3.14162,71.0,3.14172,47.0
1753769315810,06:08:35.810,kucoinfutures,XRP/USDT:USDT,3.14161,891.0,3.1416,8.0,3.14162,71.0,3.14172,47.0
1753769315810,06:08:35.810,kucoinfutures,XRP/USDT:USDT,3.14161,891.0,3.1416,8.0,3.14162,71.0,3.14172,47.0
1753769315811,06:08:35.811,binanceusdm,XRP/USDT:USDT,3.1397,25371.2,3.1396,43020.3,3.1398,10147.4,3.1399,5062.9
1753769315811,06:08:35.811,binance,XRP/USDT:USDT,3.1397,25371.2,3.1396,43020.3,3.1398,10147.4,3.1399,5062.9
1753769315784,06:08:35.784,bitmex,XRP/USDT:USDT,3.1406,7700.0,3.1401,11300.0,3.1409,108500.0,3.141,217400.0
1753769315832,06:08:35.832,kucoinfutures,XRP/USDT:USDT,3.14161,891.0,3.1416,8.0,3.14162,71.0,3.14172,47.0
1753769315804,06:08:35.804,bitget,XRP/USDT:USDT,3.14,75389.0,3.1399,28547.0,3.1401,4585.0,3.1402,11293.0
1753769315701,06:08:35.701,okxus,XRP/USDT:USDT,3.1397,133.98,3.1396,99.05,3.1398,29.02,3.1399,5.75
1753769315850,06:08:35.850,kucoinfutures,XRP/USDT:USDT,3.14161,891.0,3.1416,8.0,3.14162,71.0,3.14172,47.0
1753769315891,06:08:35.891,bybit,XRP/USDT:USDT,3.1392,9611.0,3.1391,3487.0,3.1393,8985.0,3.1394,4.0
1753769315857,06:08:35.857,kucoinfutures,XRP/USDT:USDT,3.14161,891.0,3.1416,8.0,3.14162,71.0,3.14172,47.0
1753769315861,06:08:35.861,kucoinfutures,XRP/USDT:USDT,3.14161,779.0,3.1416,8.0,3.14162,183.0,3.14172,47.0
1753769315864,06:08:35.864,kucoinfutures,XRP/USDT:USDT,3.14161,779.0,3.1416,8.0,3.14162,214.0,3.14165,75.0
1753769315873,06:08:35.873,kucoinfutures,XRP/USDT:USDT,3.14161,716.0,3.1416,8.0,3.14162,277.0,3.14165,75.0
1753769315833,06:08:35.833,bitmex,XRP/USDT:USDT,3.1406,7700.0,3.1401,11300.0,3.1408,32600.0,3.1409,108500.0
1753769315901,06:08:35.901,okx,XRP/USDT:USDT,3.1397,54.4,3.1396,106.11,3.1398,104.81,3.1399,5.68
1753769315904,06:08:35.904,kucoinfutures,XRP/USDT:USDT,3.14161,716.0,3.1416,8.0,3.14162,277.0,3.14165,75.0
1753769315905,06:08:35.905,kucoinfutures,XRP/USDT:USDT,3.14161,779.0,3.1416,8.0,3.14162,214.0,3.14165,75.0
1753769315927,06:08:35.927,binanceusdm,XRP/USDT:USDT,3.1397,12840.4,3.1396,22986.0,3.1398,21383.1,3.1399,5896.8
1753769315927,06:08:35.927,binance,XRP/USDT:USDT,3.1397,12840.4,3.1396,22986.0,3.1398,21383.1,3.1399,5896.8
1753769315882,06:08:35.882,bitmex,XRP/USDT:USDT,3.1406,7700.0,3.1401,11300.0,3.1408,32600.0,3.1409,108500.0
1753769315937,06:08:35.937,coincatch,XRP/USDT:USDT,3.1391,17753.0,3.139,28593.0,3.1404,24540.0,3.1405,6283.0
1753769315956,06:08:35.956,kucoinfutures,XRP/USDT:USDT,3.14161,779.0,3.1416,8.0,3.14162,214.0,3.14165,75.0
1753769315991,06:08:35.991,bybit,XRP/USDT:USDT,3.1392,6180.0,3.1391,2397.0,3.1393,8985.0,3.1394,1564.0
1753769315954,06:08:35.954,bitget,XRP/USDT:USDT,3.14,53345.0,3.1399,33478.0,3.1401,6631.0,3.1402,11293.0
1753769315931,06:08:35.931,bitmex,XRP/USDT:USDT,3.1406,7700.0,3.1401,11300.0,3.1408,32600.0,3.1409,108500.0
1753769316001,06:08:36.001,okx,XRP/USDT:USDT,3.1397,52.12,3.1396,107.3,3.1398,99.22,3.1399,0.07
1753769316000,06:08:36.000,kucoinfutures,XRP/USDT:USDT,3.14161,779.0,3.1416,8.0,3.14162,214.0,3.14165,75.0
1753769315980,06:08:35.980,bitmex,XRP/USDT:USDT,3.1397,15000.0,3.1393,763600.0,3.1408,32600.0,3.1409,108500.0
1753769316030,06:08:36.030,binanceusdm,XRP/USDT:USDT,3.1397,13043.7,3.1396,29692.1,3.1398,21385.3,3.1399,5896.8
1753769316030,06:08:36.030,binance,XRP/USDT:USDT,3.1397,13043.7,3.1396,29692.1,3.1398,21385.3,3.1399,5896.8
1753769316038,06:08:36.038,kucoinfutures,XRP/USDT:USDT,3.14161,779.0,3.1416,8.0,3.14162,214.0,3.14165,75.0
1753769315901,06:08:35.901,okxus,XRP/USDT:USDT,3.1397,54.4,3.1396,106.11,3.1398,104.81,3.1399,5.68
1753769316050,06:08:36.050,kucoinfutures,XRP/USDT:USDT,3.14161,779.0,3.1416,8.0,3.14162,214.0,3.14165,75.0
1753769316055,06:08:36.055,kucoinfutures,XRP/USDT:USDT,3.14161,779.0,3.1416,8.0,3.14162,214.0,3.14165,75.0
1753769316091,06:08:36.091,bybit,XRP/USDT:USDT,3.1392,10939.0,3.1391,3487.0,3.1393,8985.0,3.1394,1564.0
1753769316075,06:08:36.075,kucoinfutures,XRP/USDT:USDT,3.14161,779.0,3.1416,8.0,3.14162,214.0,3.14165,75.0
1753769316029,06:08:36.029,bitmex,XRP/USDT:USDT,3.1397,15000.0,3.1394,3100.0,3.1408,32600.0,3.1409,108500.0
1753769316101,06:08:36.101,okx,XRP/USDT:USDT,3.1397,73.25,3.1396,116.24,3.1398,72.85,3.1399,0.07
1753769316088,06:08:36.088,kucoinfutures,XRP/USDT:USDT,3.14161,779.0,3.1416,8.0,3.14162,214.0,3.14165,75.0
1753769316092,06:08:36.092,kucoinfutures,XRP/USDT:USDT,3.14161,779.0,3.1416,8.0,3.14162,102.0,3.14165,75.0
1753769316104,06:08:36.104,bitget,XRP/USDT:USDT,3.14,45545.0,3.1399,27921.0,3.1401,8856.0,3.1402,11293.0
1753769316078,06:08:36.078,bitmex,XRP/USDT:USDT,3.1397,15000.0,3.1394,3100.0,3.1408,32600.0,3.1409,108500.0
1753769316128,06:08:36.128,kucoinfutures,XRP/USDT:USDT,3.14161,779.0,3.1416,8.0,3.14162,93.0,3.14165,75.0
1753769316129,06:08:36.129,kucoinfutures,XRP/USDT:USDT,3.14161,779.0,3.1416,8.0,3.14162,93.0,3.14165,75.0
1753769316134,06:08:36.134,kucoinfutures,XRP/USDT:USDT,3.14161,779.0,3.1416,8.0,3.14162,71.0,3.14165,75.0
1753769316135,06:08:36.135,binanceusdm,XRP/USDT:USDT,3.1397,17578.9,3.1396,29860.6,3.1398,21385.3,3.1399,1735.7
1753769316135,06:08:36.135,binance,XRP/USDT:USDT,3.1397,17578.9,3.1396,29860.6,3.1398,21385.3,3.1399,1735.7
1753769316139,06:08:36.139,kucoinfutures,XRP/USDT:USDT,3.14161,779.0,3.1416,8.0,3.14162,71.0,3.14165,75.0
1753769316001,06:08:36.001,okxus,XRP/USDT:USDT,3.1397,52.12,3.1396,107.3,3.1398,99.22,3.1399,0.07
1753769316144,06:08:36.144,kucoinfutures,XRP/USDT:USDT,3.14161,779.0,3.1416,8.0,3.14162,71.0,3.14165,75.0
1753769316191,06:08:36.191,bybit,XRP/USDT:USDT,3.1392,10939.0,3.1391,4572.0,3.1393,8985.0,3.1394,4.0
1753769316153,06:08:36.153,bitmart,XRP/USDT:USDT,3.1394,86730.0,3.1393,30842.0,3.1398,59463.0,3.1399,20358.0
1753769316127,06:08:36.127,bitmex,XRP/USDT:USDT,3.1397,15000.0,3.1394,3100.0,3.1408,32600.0,3.1409,108500.0
1753769316201,06:08:36.201,okx,XRP/USDT:USDT,3.1397,67.66,3.1396,116.24,3.1398,43.76,3.1399,0.07
1753769316186,06:08:36.186,kucoinfutures,XRP/USDT:USDT,3.14161,779.0,3.1416,8.0,3.14162,71.0,3.14165,75.0
1753769316176,06:08:36.176,bitmex,XRP/USDT:USDT,3.1397,15000.0,3.1394,3100.0,3.1408,32600.0,3.1409,108500.0
1753769316101,06:08:36.101,okxus,XRP/USDT:USDT,3.1397,73.25,3.1396,116.24,3.1398,72.85,3.1399,0.07
1753769316248,06:08:36.248,binanceusdm,XRP/USDT:USDT,3.1397,17673.6,3.1396,29860.6,3.1398,18844.5,3.1399,1735.7
1753769316248,06:08:36.248,binance,XRP/USDT:USDT,3.1397,17673.6,3.1396,29860.6,3.1398,18844.5,3.1399,1735.7
1753769316237,06:08:36.237,coincatch,XRP/USDT:USDT,3.1391,13561.0,3.139,30416.0,3.1404,24779.0,3.1405,7962.0
1753769316291,06:08:36.291,bybit,XRP/USDT:USDT,3.1392,11432.0,3.1391,4572.0,3.1393,8223.0,3.1394,4.0
1753769316270,06:08:36.270,kucoinfutures,XRP/USDT:USDT,3.14161,779.0,3.1416,8.0,3.14162,71.0,3.14165,75.0
1753769316301,06:08:36.301,okx,XRP/USDT:USDT,3.1397,86.76,3.1396,110.65,3.1398,30.27,3.1399,0.07
1753769316225,06:08:36.225,bitmex,XRP/USDT:USDT,3.1397,15000.0,3.1394,3100.0,3.1408,32600.0,3.1409,108500.0
1753769316311,06:08:36.311,kucoinfutures,XRP/USDT:USDT,3.14161,779.0,3.1416,8.0,3.14162,71.0,3.14165,75.0
1753769316315,06:08:36.315,kucoinfutures,XRP/USDT:USDT,3.14161,779.0,3.1416,8.0,3.14162,71.0,3.14165,75.0
1753769316316,06:08:36.316,kucoinfutures,XRP/USDT:USDT,3.14161,779.0,3.1416,8.0,3.14162,71.0,3.14165,75.0
1753769316324,06:08:36.324,kucoinfutures,XRP/USDT:USDT,3.14161,779.0,3.1416,8.0,3.14162,71.0,3.14165,75.0
1753769316330,06:08:36.330,kucoinfutures,XRP/USDT:USDT,3.14161,779.0,3.1416,8.0,3.14162,71.0,3.14165,75.0
1753769316351,06:08:36.351,binanceusdm,XRP/USDT:USDT,3.1397,20043.8,3.1396,30051.4,3.1398,19494.5,3.1399,1735.7
1753769316351,06:08:36.351,binance,XRP/USDT:USDT,3.1397,20043.8,3.1396,30051.4,3.1398,19494.5,3.1399,1735.7
1753769316391,06:08:36.391,bybit,XRP/USDT:USDT,3.1392,11432.0,3.1391,3487.0,3.1393,8223.0,3.1394,4.0
1753769316354,06:08:36.354,bitmart,XRP/USDT:USDT,3.1397,65603.0,3.1396,17009.0,3.1398,59463.0,3.1399,20358.0
1753769316323,06:08:36.323,bitmex,XRP/USDT:USDT,3.1397,15000.0,3.1394,3100.0,3.1408,32600.0,3.1409,108500.0
1753769316401,06:08:36.401,okx,XRP/USDT:USDT,3.1397,92.33,3.1396,115.73,3.1398,30.29,3.1399,0.07
1753769316404,06:08:36.404,bitget,XRP/USDT:USDT,3.14,45551.0,3.1399,28014.0,3.1401,8621.0,3.1402,11293.0
1753769316372,06:08:36.372,bitmex,XRP/USDT:USDT,3.1397,15000.0,3.1394,3100.0,3.1408,32600.0,3.1409,108500.0
1753769316301,06:08:36.301,okxus,XRP/USDT:USDT,3.1397,86.76,3.1396,110.65,3.1398,30.27,3.1399,0.07
1753769316454,06:08:36.454,binanceusdm,XRP/USDT:USDT,3.1397,20676.5,3.1396,30051.4,3.1398,8676.5,3.1399,1735.7
1753769316454,06:08:36.454,binance,XRP/USDT:USDT,3.1397,20676.5,3.1396,30051.4,3.1398,8676.5,3.1399,1735.7
1753769316491,06:08:36.491,bybit,XRP/USDT:USDT,3.1392,11432.0,3.1391,3487.0,3.1393,8223.0,3.1394,4.0
1753769316501,06:08:36.501,okx,XRP/USDT:USDT,3.1397,79.64,3.1396,115.73,3.1398,59.29,3.1399,0.07
1753769316466,06:08:36.466,bitmex,XRP/USDT:USDT,3.1397,15000.0,3.1394,3100.0,3.1408,32600.0,3.1409,108500.0
1753769316401,06:08:36.401,okxus,XRP/USDT:USDT,3.1397,92.33,3.1396,115.73,3.1398,30.29,3.1399,0.07
1753769316556,06:08:36.556,binanceusdm,XRP/USDT:USDT,3.1397,21014.8,3.1396,30051.4,3.1398,8676.5,3.1399,1735.7
1753769316556,06:08:36.556,binance,XRP/USDT:USDT,3.1397,21014.8,3.1396,30051.4,3.1398,8676.5,3.1399,1735.7
1753769316591,06:08:36.591,bybit,XRP/USDT:USDT,3.1392,11432.0,3.1391,3487.0,3.1393,8919.0,3.1394,4.0
1753769316554,06:08:36.554,bitget,XRP/USDT:USDT,3.14,45545.0,3.1399,26074.0,3.1401,2827.0,3.1404,15939.0
1753769316553,06:08:36.553,bitmart,XRP/USDT:USDT,3.1397,65603.0,3.1396,17009.0,3.1398,59463.0,3.1399,20358.0
1753769316515,06:08:36.515,bitmex,XRP/USDT:USDT,3.1397,15000.0,3.1394,3100.0,3.1408,32600.0,3.1409,108500.0
1753769316567,06:08:36.567,kucoinfutures,XRP/USDT:USDT,3.14161,779.0,3.1416,8.0,3.14162,50.0,3.14165,75.0
1753769316601,06:08:36.601,okx,XRP/USDT:USDT,3.1398,182.57,3.1397,66.78,3.1399,79.87,3.14,20.56
1753769316604,06:08:36.604,kucoinfutures,XRP/USDT:USDT,3.14161,779.0,3.1416,8.0,3.14162,50.0,3.14165,75.0
1753769316612,06:08:36.612,kucoinfutures,XRP/USDT:USDT,3.14161,779.0,3.1416,8.0,3.14162,50.0,3.14165,75.0
1753769316564,06:08:36.564,bitmex,XRP/USDT:USDT,3.1397,15000.0,3.1394,3100.0,3.1408,32600.0,3.1409,108500.0
1753769316691,06:08:36.691,bybit,XRP/USDT:USDT,3.1392,11431.0,3.1391,3487.0,3.1393,8395.0,3.1394,4.0
1753769316662,06:08:36.662,binanceusdm,XRP/USDT:USDT,3.1397,21370.9,3.1396,30051.4,3.1398,7908.3,3.1399,1735.7
1753769316662,06:08:36.662,binance,XRP/USDT:USDT,3.1397,21370.9,3.1396,30051.4,3.1398,7908.3,3.1399,1735.7
1753769316701,06:08:36.701,okx,XRP/USDT:USDT,3.1398,160.39,3.1397,66.78,3.1399,79.89,3.14,20.56
1753769316704,06:08:36.704,bitget,XRP/USDT:USDT,3.14,55098.0,3.1399,15551.0,3.1401,2921.0,3.1403,1342.0
1753769316711,06:08:36.711,kucoinfutures,XRP/USDT:USDT,3.14161,779.0,3.1416,8.0,3.14162,50.0,3.14165,75.0
1753769316724,06:08:36.724,kucoinfutures,XRP/USDT:USDT,3.14161,779.0,3.1416,8.0,3.14162,50.0,3.14165,75.0
1753769316702,06:08:36.702,bitmex,XRP/USDT:USDT,3.1397,15000.0,3.1394,3100.0,3.1408,32600.0,3.1409,108500.0
1753769316791,06:08:36.791,bybit,XRP/USDT:USDT,3.1392,11429.0,3.1391,3487.0,3.1393,8160.0,3.1394,4.0
1753769316757,06:08:36.757,bitmart,XRP/USDT:USDT,3.1397,65603.0,3.1396,17009.0,3.1398,59463.0,3.1399,20358.0
1753769316766,06:08:36.766,binanceusdm,XRP/USDT:USDT,3.1397,21803.4,3.1396,30051.4,3.1398,7908.3,3.1399,1735.7
1753769316766,06:08:36.766,binance,XRP/USDT:USDT,3.1397,21803.4,3.1396,30051.4,3.1398,7908.3,3.1399,1735.7
1753769316801,06:08:36.801,okx,XRP/USDT:USDT,3.1398,168.09,3.1397,123.59,3.1399,79.97,3.14,20.56
1753769316751,06:08:36.751,bitmex,XRP/USDT:USDT,3.1397,15000.0,3.1394,3100.0,3.1408,32600.0,3.1409,108500.0
1753769314238,06:08:34.238,blofin,XRP/USDT:USDT,3.138,1.16,3.1379,46.0,3.1373,329.0,3.1374,220.0
1753769316838,06:08:36.838,coincatch,XRP/USDT:USDT,3.1391,21361.0,3.139,30837.0,3.1404,18888.0,3.1405,12141.0
1753769316891,06:08:36.891,bybit,XRP/USDT:USDT,3.1392,13908.0,3.1391,4545.0,3.1393,8160.0,3.1394,4.0
1753769316868,06:08:36.868,binanceusdm,XRP/USDT:USDT,3.1397,22791.5,3.1396,30051.4,3.1398,5041.6,3.1399,1735.7
1753769316868,06:08:36.868,binance,XRP/USDT:USDT,3.1397,22791.5,3.1396,30051.4,3.1398,5041.6,3.1399,1735.7
1753769316872,06:08:36.872,kucoinfutures,XRP/USDT:USDT,3.14161,779.0,3.1416,8.0,3.14162,50.0,3.14165,75.0
1753769316872,06:08:36.872,kucoinfutures,XRP/USDT:USDT,3.14161,779.0,3.1416,8.0,3.14162,50.0,3.14165,75.0
1753769316874,06:08:36.874,kucoinfutures,XRP/USDT:USDT,3.14161,779.0,3.1416,8.0,3.14162,50.0,3.14172,47.0
1753769316879,06:08:36.879,kucoinfutures,XRP/USDT:USDT,3.14161,779.0,3.1416,8.0,3.14162,50.0,3.14172,47.0
1753769316881,06:08:36.881,kucoinfutures,XRP/USDT:USDT,3.14161,779.0,3.1416,8.0,3.14162,50.0,3.14172,47.0
1753769316901,06:08:36.901,okx,XRP/USDT:USDT,3.1398,150.2,3.1397,120.41,3.1399,74.67,3.14,20.56
1753769316912,06:08:36.912,kucoinfutures,XRP/USDT:USDT,3.14161,779.0,3.1416,8.0,3.14162,50.0,3.14166,75.0
1753769316919,06:08:36.919,kucoinfutures,XRP/USDT:USDT,3.14161,779.0,3.1416,8.0,3.14162,50.0,3.14166,75.0
1753769316933,06:08:36.933,kucoinfutures,XRP/USDT:USDT,3.14161,779.0,3.1416,8.0,3.14162,50.0,3.14166,75.0
1753769316991,06:08:36.991,bybit,XRP/USDT:USDT,3.1392,13924.0,3.1391,3487.0,3.1393,7763.0,3.1394,4.0
1753769316956,06:08:36.956,bitmart,XRP/USDT:USDT,3.1397,65603.0,3.1396,17009.0,3.1398,32592.0,3.1399,20358.0
1753769316920,06:08:36.920,bitmex,XRP/USDT:USDT,3.1397,15000.0,3.1394,3100.0,3.1408,32600.0,3.1409,108500.0
1753769316971,06:08:36.971,binanceusdm,XRP/USDT:USDT,3.1397,22791.5,3.1396,30051.4,3.1398,9741.6,3.1399,1735.7
1753769316971,06:08:36.971,binance,XRP/USDT:USDT,3.1397,22791.5,3.1396,30051.4,3.1398,9741.6,3.1399,1735.7
1753769316976,06:08:36.976,kucoinfutures,XRP/USDT:USDT,3.14161,779.0,3.1416,8.0,3.14162,50.0,3.14166,75.0
1753769317001,06:08:37.001,okx,XRP/USDT:USDT,3.1398,134.21,3.1397,116.79,3.1399,63.0,3.14,20.56
1753769316989,06:08:36.989,kucoinfutures,XRP/USDT:USDT,3.14161,779.0,3.1416,8.0,3.14162,50.0,3.14166,75.0
1753769317004,06:08:37.004,bitget,XRP/USDT:USDT,3.14,55098.0,3.1399,14581.0,3.1401,2231.0,3.1403,1872.0
1753769316901,06:08:36.901,okxus,XRP/USDT:USDT,3.1398,150.2,3.1397,120.41,3.1399,74.67,3.14,20.56
1753769317091,06:08:37.091,bybit,XRP/USDT:USDT,3.1392,13924.0,3.1391,3487.0,3.1393,7763.0,3.1394,4.0
1753769317072,06:08:37.072,binanceusdm,XRP/USDT:USDT,3.1397,22791.5,3.1396,30051.4,3.1398,9741.6,3.1399,1735.7
1753769317072,06:08:37.072,binance,XRP/USDT:USDT,3.1397,22791.5,3.1396,30051.4,3.1398,9741.6,3.1399,1735.7
1753769317063,06:08:37.063,bitmex,XRP/USDT:USDT,3.1397,15000.0,3.1394,3100.0,3.1408,32600.0,3.1409,108500.0
1753769317139,06:08:37.139,kucoinfutures,XRP/USDT:USDT,3.14161,779.0,3.1416,8.0,3.14162,50.0,3.14166,75.0
1753769317001,06:08:37.001,okxus,XRP/USDT:USDT,3.1398,134.21,3.1397,116.79,3.1399,63.0,3.14,20.56
1753769317138,06:08:37.138,coincatch,XRP/USDT:USDT,3.1391,25764.0,3.139,27304.0,3.1404,20263.0,3.1405,10900.0
1753769317149,06:08:37.149,kucoinfutures,XRP/USDT:USDT,3.14161,779.0,3.1416,8.0,3.14162,50.0,3.14166,75.0
1753769317153,06:08:37.153,kucoinfutures,XRP/USDT:USDT,3.14161,779.0,3.1416,8.0,3.14162,50.0,3.14166,75.0
1753769317154,06:08:37.154,kucoinfutures,XRP/USDT:USDT,3.14161,779.0,3.1416,8.0,3.14162,50.0,3.14166,75.0
1753769317154,06:08:37.154,bitget,XRP/USDT:USDT,3.14,55098.0,3.1399,12548.0,3.1401,2231.0,3.1403,1872.0
1753769317192,06:08:37.192,bybit,XRP/USDT:USDT,3.1392,13908.0,3.1391,3487.0,3.1393,7763.0,3.1394,4.0
1753769317158,06:08:37.158,bitmart,XRP/USDT:USDT,3.1397,65603.0,3.1396,17009.0,3.1398,32592.0,3.1399,20358.0
1753769317174,06:08:37.174,binanceusdm,XRP/USDT:USDT,3.1397,23271.2,3.1396,32451.2,3.1398,9741.6,3.1399,1735.7
1753769317174,06:08:37.174,binance,XRP/USDT:USDT,3.1397,23271.2,3.1396,32451.2,3.1398,9741.6,3.1399,1735.7
1753769317201,06:08:37.201,okx,XRP/USDT:USDT,3.1398,188.7,3.1397,116.0,3.1399,70.0,3.14,25.16
1753769317146,06:08:37.146,bitmex,XRP/USDT:USDT,3.1397,15000.0,3.1394,3100.0,3.1408,32600.0,3.1409,108500.0
1753769317229,06:08:37.229,kucoinfutures,XRP/USDT:USDT,3.14161,779.0,3.1416,8.0,3.14162,50.0,3.14172,47.0
1753769317195,06:08:37.195,bitmex,XRP/USDT:USDT,3.1397,15000.0,3.1394,3100.0,3.1408,32600.0,3.1409,108500.0
1753769317292,06:08:37.292,bybit,XRP/USDT:USDT,3.1392,13929.0,3.1391,3487.0,3.1393,7650.0,3.1394,4.0
1753769317285,06:08:37.285,binanceusdm,XRP/USDT:USDT,3.1397,23271.6,3.1396,32451.2,3.1398,9731.1,3.1399,1735.7
1753769317285,06:08:37.285,binance,XRP/USDT:USDT,3.1397,23271.6,3.1396,32451.2,3.1398,9731.1,3.1399,1735.7
1753769317301,06:08:37.301,okx,XRP/USDT:USDT,3.1398,188.7,3.1397,112.95,3.1399,74.61,3.14,25.16
1753769317291,06:08:37.291,kucoinfutures,XRP/USDT:USDT,3.14161,779.0,3.1416,8.0,3.14162,50.0,3.14172,47.0
1753769317244,06:08:37.244,bitmex,XRP/USDT:USDT,3.1397,15000.0,3.1394,3100.0,3.1408,32600.0,3.1409,108500.0
1753769317305,06:08:37.305,bitget,XRP/USDT:USDT,3.14,55098.0,3.1399,11578.0,3.1401,2231.0,3.1403,1872.0
1753769317201,06:08:37.201,okxus,XRP/USDT:USDT,3.1398,188.7,3.1397,116.0,3.1399,70.0,3.14,25.16
1753769317392,06:08:37.392,bybit,XRP/USDT:USDT,3.1392,14032.0,3.1391,3487.0,3.1393,7636.0,3.1394,4.0
1753769317388,06:08:37.388,binanceusdm,XRP/USDT:USDT,3.1397,23271.5,3.1396,32451.2,3.1398,9731.5,3.1399,1735.7
1753769317388,06:08:37.388,binance,XRP/USDT:USDT,3.1397,23271.5,3.1396,32451.2,3.1398,9731.5,3.1399,1735.7
1753769317401,06:08:37.401,okx,XRP/USDT:USDT,3.1398,192.1,3.1397,115.71,3.1399,70.01,3.14,20.56
1753769317383,06:08:37.383,bitmex,XRP/USDT:USDT,3.1397,15000.0,3.1394,3100.0,3.1408,32600.0,3.1409,108500.0
1753769317301,06:08:37.301,okxus,XRP/USDT:USDT,3.1398,188.7,3.1397,112.95,3.1399,74.61,3.14,25.16
1753769317492,06:08:37.492,bybit,XRP/USDT:USDT,3.1392,14032.0,3.1391,3487.0,3.1393,7636.0,3.1394,4.0
1753769317454,06:08:37.454,bitget,XRP/USDT:USDT,3.14,55098.0,3.1399,11578.0,3.1401,2231.0,3.1403,1872.0
1753769317470,06:08:37.470,kucoinfutures,XRP/USDT:USDT,3.14161,779.0,3.1416,8.0,3.14162,50.0,3.1417,73.0
1753769317433,06:08:37.433,bitmex,XRP/USDT:USDT,3.1397,15000.0,3.1394,3100.0,3.1408,32600.0,3.1409,108500.0
1753769317501,06:08:37.501,okx,XRP/USDT:USDT,3.1398,173.42,3.1397,115.71,3.1399,76.74,3.14,20.56
1753769317490,06:08:37.490,binanceusdm,XRP/USDT:USDT,3.1397,23131.2,3.1396,32451.2,3.1398,9731.5,3.1399,939.8
1753769317490,06:08:37.490,binance,XRP/USDT:USDT,3.1397,23131.2,3.1396,32451.2,3.1398,9731.5,3.1399,939.8
1753769317482,06:08:37.482,bitmex,XRP/USDT:USDT,3.1397,15000.0,3.1394,3100.0,3.1408,32600.0,3.1409,108500.0
1753769317401,06:08:37.401,okxus,XRP/USDT:USDT,3.1398,192.1,3.1397,115.71,3.1399,70.01,3.14,20.56
1753769317558,06:08:37.558,kucoinfutures,XRP/USDT:USDT,3.14161,779.0,3.1416,8.0,3.14162,50.0,3.1417,73.0
1753769317591,06:08:37.591,bybit,XRP/USDT:USDT,3.1392,14032.0,3.1391,3487.0,3.1393,7636.0,3.1394,4.0
1753769317561,06:08:37.561,kucoinfutures,XRP/USDT:USDT,3.14161,779.0,3.1416,8.0,3.14162,50.0,3.1417,73.0
1753769317601,06:08:37.601,okx,XRP/USDT:USDT,3.1398,173.42,3.1397,112.95,3.1399,76.96,3.14,24.76
1753769317591,06:08:37.591,kucoinfutures,XRP/USDT:USDT,3.14161,779.0,3.1416,8.0,3.14162,50.0,3.1417,73.0
1753769317594,06:08:37.594,binanceusdm,XRP/USDT:USDT,3.1397,23197.8,3.1396,32451.2,3.1398,9681.5,3.1399,939.8
1753769317594,06:08:37.594,binance,XRP/USDT:USDT,3.1397,23197.8,3.1396,32451.2,3.1398,9681.5,3.1399,939.8
1753769317605,06:08:37.605,bitget,XRP/USDT:USDT,3.14,55098.0,3.1399,11578.0,3.1401,2231.0,3.1403,360.0
1753769317691,06:08:37.691,bybit,XRP/USDT:USDT,3.1392,14036.0,3.1391,3487.0,3.1393,7636.0,3.1394,4.0
1753769317701,06:08:37.701,okx,XRP/USDT:USDT,3.1398,173.42,3.1397,112.95,3.1399,83.17,3.14,24.76
1753769317695,06:08:37.695,binanceusdm,XRP/USDT:USDT,3.1397,23201.0,3.1396,32451.2,3.1398,9681.5,3.1399,939.8
1753769317695,06:08:37.695,binance,XRP/USDT:USDT,3.1397,23201.0,3.1396,32451.2,3.1398,9681.5,3.1399,939.8
1753769317698,06:08:37.698,kucoinfutures,XRP/USDT:USDT,3.14161,779.0,3.1416,8.0,3.14162,54.0,3.1417,73.0
1753769317700,06:08:37.700,kucoinfutures,XRP/USDT:USDT,3.14161,779.0,3.1416,8.0,3.14162,54.0,3.1417,73.0
1753769317601,06:08:37.601,okxus,XRP/USDT:USDT,3.1398,173.42,3.1397,112.95,3.1399,76.96,3.14,24.76
1753769317738,06:08:37.738,coincatch,XRP/USDT:USDT,3.1391,26063.0,3.139,28654.0,3.1404,22913.0,3.1405,11073.0
1753769317755,06:08:37.755,bitget,XRP/USDT:USDT,3.14,55098.0,3.1399,12378.0,3.1401,2921.0,3.1403,1559.0
1753769317792,06:08:37.792,bybit,XRP/USDT:USDT,3.1392,14037.0,3.1391,3487.0,3.1393,8390.0,3.1394,4.0
1753769317751,06:08:37.751,bitmart,XRP/USDT:USDT,3.1397,65603.0,3.1396,17009.0,3.1398,32592.0,3.1399,20358.0
1753769317801,06:08:37.801,okx,XRP/USDT:USDT,3.1398,228.32,3.1397,63.47,3.1399,78.97,3.14,20.56
1753769317795,06:08:37.795,kucoinfutures,XRP/USDT:USDT,3.14161,779.0,3.1416,8.0,3.14162,54.0,3.1417,73.0
1753769317799,06:08:37.799,kucoinfutures,XRP/USDT:USDT,3.14161,779.0,3.1416,8.0,3.14162,54.0,3.1417,73.0
1753769317811,06:08:37.811,binanceusdm,XRP/USDT:USDT,3.1397,23201.0,3.1396,32451.2,3.1398,9683.2,3.1399,939.8
1753769317811,06:08:37.811,binance,XRP/USDT:USDT,3.1397,23201.0,3.1396,32451.2,3.1398,9683.2,3.1399,939.8
1753769317701,06:08:37.701,okxus,XRP/USDT:USDT,3.1398,173.42,3.1397,112.95,3.1399,83.17,3.14,24.76
1753769317840,06:08:37.840,kucoinfutures,XRP/USDT:USDT,3.14161,779.0,3.1416,8.0,3.14162,54.0,3.1417,73.0
1753769317891,06:08:37.891,bybit,XRP/USDT:USDT,3.1392,14037.0,3.1391,3487.0,3.1393,8390.0,3.1394,4.0
1753769317901,06:08:37.901,okx,XRP/USDT:USDT,3.1398,225.9,3.1397,62.31,3.1399,78.97,3.14,20.56
1753769317905,06:08:37.905,bitget,XRP/USDT:USDT,3.14,55098.0,3.1399,12378.0,3.1401,2921.0,3.1403,1559.0
1753769317929,06:08:37.929,binanceusdm,XRP/USDT:USDT,3.1397,23201.0,3.1396,32451.2,3.1398,9680.2,3.1399,5639.8
1753769317929,06:08:37.929,binance,XRP/USDT:USDT,3.1397,23201.0,3.1396,32451.2,3.1398,9680.2,3.1399,5639.8
1753769317801,06:08:37.801,okxus,XRP/USDT:USDT,3.1398,228.32,3.1397,63.47,3.1399,78.97,3.14,20.56
1753769317951,06:08:37.951,kucoinfutures,XRP/USDT:USDT,3.14161,779.0,3.1416,8.0,3.14162,54.0,3.1417,73.0
1753769317991,06:08:37.991,bybit,XRP/USDT:USDT,3.1392,14037.0,3.1391,3487.0,3.1393,7635.0,3.1394,4.0
1753769317956,06:08:37.956,bitmart,XRP/USDT:USDT,3.1397,65603.0,3.1396,17009.0,3.1398,32592.0,3.1399,20358.0
1753769317969,06:08:37.969,kucoinfutures,XRP/USDT:USDT,3.14161,779.0,3.1416,8.0,3.14162,50.0,3.1417,73.0
1753769318001,06:08:38.001,okx,XRP/USDT:USDT,3.1398,228.42,3.1397,63.47,3.1399,71.8,3.14,20.56
1753769318037,06:08:38.037,binanceusdm,XRP/USDT:USDT,3.1397,23059.8,3.1396,32451.2,3.1398,9646.5,3.1399,5639.8
1753769318037,06:08:38.037,binance,XRP/USDT:USDT,3.1397,23059.8,3.1396,32451.2,3.1398,9646.5,3.1399,5639.8
1753769317901,06:08:37.901,okxus,XRP/USDT:USDT,3.1398,225.9,3.1397,62.31,3.1399,78.97,3.14,20.56
1753769318039,06:08:38.039,coincatch,XRP/USDT:USDT,3.1391,21714.0,3.139,28614.0,3.1404,22913.0,3.1405,11733.0
1753769318091,06:08:38.091,bybit,XRP/USDT:USDT,3.1392,14037.0,3.1391,3487.0,3.1393,7310.0,3.1394,4.0
1753769318006,06:08:38.006,bitmex,XRP/USDT:USDT,3.1397,15000.0,3.1394,3100.0,3.1408,32600.0,3.1409,108500.0
1753769318055,06:08:38.055,bitget,XRP/USDT:USDT,3.14,55098.0,3.1399,12378.0,3.1401,2921.0,3.1403,1559.0
1753769318078,06:08:38.078,kucoinfutures,XRP/USDT:USDT,3.14161,779.0,3.1416,8.0,3.14162,50.0,3.1417,73.0
1753769318101,06:08:38.101,okx,XRP/USDT:USDT,3.1398,244.34,3.1397,63.47,3.1399,71.39,3.14,29.42
1753769318056,06:08:38.056,bitmex,XRP/USDT:USDT,3.1397,15000.0,3.1394,3100.0,3.1408,32600.0,3.1409,108500.0
1753769318001,06:08:38.001,okxus,XRP/USDT:USDT,3.1398,228.42,3.1397,63.47,3.1399,71.8,3.14,20.56
1753769318139,06:08:38.139,binanceusdm,XRP/USDT:USDT,3.1397,23059.8,3.1396,33010.7,3.1398,4946.5,3.1399,5639.8
1753769318139,06:08:38.139,binance,XRP/USDT:USDT,3.1397,23059.8,3.1396,33010.7,3.1398,4946.5,3.1399,5639.8
1753769318191,06:08:38.191,bybit,XRP/USDT:USDT,3.1392,14037.0,3.1391,3487.0,3.1393,7310.0,3.1394,4.0
1753769318154,06:08:38.154,bitmart,XRP/USDT:USDT,3.1397,65603.0,3.1396,17009.0,3.1398,32592.0,3.1399,20358.0
1753769318201,06:08:38.201,okx,XRP/USDT:USDT,3.1398,248.78,3.1397,67.49,3.1399,71.29,3.14,29.42
1753769318207,06:08:38.207,kucoinfutures,XRP/USDT:USDT,3.14161,779.0,3.1416,8.0,3.14162,50.0,3.1417,73.0
1753769318205,06:08:38.205,bitget,XRP/USDT:USDT,3.14,55098.0,3.1399,20797.0,3.1401,6.0,3.1403,360.0
1753769318211,06:08:38.211,kucoinfutures,XRP/USDT:USDT,3.14161,779.0,3.1416,8.0,3.14162,50.0,3.1417,73.0
1753769318212,06:08:38.212,kucoinfutures,XRP/USDT:USDT,3.14161,779.0,3.1416,8.0,3.14162,50.0,3.1417,73.0
1753769318177,06:08:38.177,bitmex,XRP/USDT:USDT,3.1397,15000.0,3.1394,3100.0,3.1408,32600.0,3.1409,108500.0
1753769318231,06:08:38.231,kucoinfutures,XRP/USDT:USDT,3.14161,779.0,3.1416,8.0,3.14162,50.0,3.1417,73.0
1753769318231,06:08:38.231,kucoinfutures,XRP/USDT:USDT,3.14161,779.0,3.1416,8.0,3.14162,50.0,3.1417,73.0
1753769318234,06:08:38.234,kucoinfutures,XRP/USDT:USDT,3.14161,779.0,3.1416,8.0,3.14162,50.0,3.1417,73.0
1753769318101,06:08:38.101,okxus,XRP/USDT:USDT,3.1398,244.34,3.1397,63.47,3.1399,71.39,3.14,29.42
1753769318240,06:08:38.240,binanceusdm,XRP/USDT:USDT,3.1397,23854.9,3.1396,33010.7,3.1398,2735.9,3.1399,5639.8
1753769318240,06:08:38.240,binance,XRP/USDT:USDT,3.1397,23854.9,3.1396,33010.7,3.1398,2735.9,3.1399,5639.8
1753769318291,06:08:38.291,bybit,XRP/USDT:USDT,3.1392,14040.0,3.1391,3487.0,3.1393,7310.0,3.1394,4.0
1753769318260,06:08:38.260,kucoinfutures,XRP/USDT:USDT,3.14161,779.0,3.1416,8.0,3.14162,50.0,3.1417,73.0
1753769318227,06:08:38.227,bitmex,XRP/USDT:USDT,3.1397,15000.0,3.1394,3100.0,3.1408,32600.0,3.1409,108500.0
1753769318286,06:08:38.286,kucoinfutures,XRP/USDT:USDT,3.14161,779.0,3.1416,8.0,3.14162,50.0,3.1417,73.0
1753769318301,06:08:38.301,okx,XRP/USDT:USDT,3.1398,252.79,3.1397,67.49,3.1399,70.55,3.14,29.42
1753769318313,06:08:38.313,kucoinfutures,XRP/USDT:USDT,3.14161,779.0,3.1416,8.0,3.14162,50.0,3.1417,73.0
1753769318314,06:08:38.314,kucoinfutures,XRP/USDT:USDT,3.14161,779.0,3.1416,8.0,3.14162,50.0,3.1417,73.0
1753769318315,06:08:38.315,kucoinfutures,XRP/USDT:USDT,3.14161,779.0,3.1416,8.0,3.14162,50.0,3.1417,73.0
1753769318319,06:08:38.319,kucoinfutures,XRP/USDT:USDT,3.14161,779.0,3.1416,8.0,3.14162,50.0,3.1417,73.0
1753769318201,06:08:38.201,okxus,XRP/USDT:USDT,3.1398,248.78,3.1397,67.49,3.1399,71.29,3.14,29.42
1753769318340,06:08:38.340,kucoinfutures,XRP/USDT:USDT,3.14161,779.0,3.1416,8.0,3.14162,50.0,3.1417,73.0
1753769318344,06:08:38.344,kucoinfutures,XRP/USDT:USDT,3.14161,779.0,3.1416,8.0,3.14162,50.0,3.1417,73.0
1753769318298,06:08:38.298,bitmex,XRP/USDT:USDT,3.1397,15000.0,3.1394,3100.0,3.1408,32600.0,3.1409,108500.0
1753769318339,06:08:38.339,coincatch,XRP/USDT:USDT,3.1391,22651.0,3.139,29034.0,3.1404,17703.0,3.1405,13494.0
1753769318352,06:08:38.352,binanceusdm,XRP/USDT:USDT,3.1397,23624.0,3.1396,33010.7,3.1398,2424.7,3.1399,7985.7
1753769318352,06:08:38.352,binance,XRP/USDT:USDT,3.1397,23624.0,3.1396,33010.7,3.1398,2424.7,3.1399,7985.7
1753769318391,06:08:38.391,bybit,XRP/USDT:USDT,3.1392,14040.0,3.1391,8176.0,3.1393,7310.0,3.1394,4.0
1753769318352,06:08:38.352,bitmart,XRP/USDT:USDT,3.1397,101403.0,3.1396,17009.0,3.1398,55500.0,3.1399,20358.0
1753769318355,06:08:38.355,bitget,XRP/USDT:USDT,3.14,55098.0,3.1399,20797.0,3.1401,6.0,3.1403,360.0
1753769318371,06:08:38.371,kucoinfutures,XRP/USDT:USDT,3.14161,779.0,3.1416,8.0,3.14162,50.0,3.1417,73.0
1753769318401,06:08:38.401,okx,XRP/USDT:USDT,3.1398,248.77,3.1397,63.47,3.1399,70.55,3.14,29.42
1753769318406,06:08:38.406,kucoinfutures,XRP/USDT:USDT,3.14161,779.0,3.1416,8.0,3.14162,50.0,3.1417,73.0
1753769318347,06:08:38.347,bitmex,XRP/USDT:USDT,3.1405,7700.0,3.1404,7700.0,3.1408,32600.0,3.1409,108500.0
1753769318409,06:08:38.409,kucoinfutures,XRP/USDT:USDT,3.14161,779.0,3.1416,8.0,3.14162,50.0,3.1417,73.0
1753769318419,06:08:38.419,kucoinfutures,XRP/USDT:USDT,3.14161,779.0,3.1416,8.0,3.14162,50.0,3.1417,73.0
1753769318419,06:08:38.419,kucoinfutures,XRP/USDT:USDT,3.14161,779.0,3.1416,8.0,3.14162,50.0,3.1417,73.0
1753769318396,06:08:38.396,bitmex,XRP/USDT:USDT,3.1406,7700.0,3.1401,15000.0,3.1408,32600.0,3.1409,108500.0
1753769318455,06:08:38.455,binanceusdm,XRP/USDT:USDT,3.1397,23772.8,3.1396,33010.7,3.1398,2430.0,3.1399,7985.7
1753769318455,06:08:38.455,binance,XRP/USDT:USDT,3.1397,23772.8,3.1396,33010.7,3.1398,2430.0,3.1399,7985.7
1753769318490,06:08:38.490,bybit,XRP/USDT:USDT,3.1392,14040.0,3.1391,8176.0,3.1393,7253.0,3.1394,4.0
1753769318445,06:08:38.445,bitmex,XRP/USDT:USDT,3.1406,7700.0,3.1401,15000.0,3.1408,32600.0,3.1409,108500.0
1753769318506,06:08:38.506,bitget,XRP/USDT:USDT,3.14,55098.0,3.1399,20797.0,3.1401,6.0,3.1403,360.0
1753769318401,06:08:38.401,okxus,XRP/USDT:USDT,3.1398,248.77,3.1397,63.47,3.1399,70.55,3.14,29.42
1753769318591,06:08:38.591,bybit,XRP/USDT:USDT,3.1392,14040.0,3.1391,8176.0,3.1393,7253.0,3.1394,4.0
1753769318563,06:08:38.563,binanceusdm,XRP/USDT:USDT,3.1397,23938.0,3.1396,33010.7,3.1398,2430.0,3.1399,7985.7
1753769318563,06:08:38.563,binance,XRP/USDT:USDT,3.1397,23938.0,3.1396,33010.7,3.1398,2430.0,3.1399,7985.7
1753769318523,06:08:38.523,bitmex,XRP/USDT:USDT,3.1406,7700.0,3.1401,15000.0,3.1408,32600.0,3.1409,108500.0
1753769318601,06:08:38.601,okx,XRP/USDT:USDT,3.1398,225.12,3.1397,63.26,3.1399,71.18,3.14,29.42
1753769318615,06:08:38.615,kucoinfutures,XRP/USDT:USDT,3.14161,779.0,3.1416,8.0,3.14162,50.0,3.1417,73.0
1753769318573,06:08:38.573,bitmex,XRP/USDT:USDT,3.1406,7700.0,3.1401,15000.0,3.1408,32600.0,3.1409,108500.0
1753769318691,06:08:38.691,bybit,XRP/USDT:USDT,3.1392,14040.0,3.1391,8176.0,3.1393,7253.0,3.1394,4.0
1753769318656,06:08:38.656,bitget,XRP/USDT:USDT,3.14,55098.0,3.1399,20797.0,3.1401,6.0,3.1404,11465.0
1753769318501,06:08:38.501,okxus,XRP/USDT:USDT,3.1398,221.94,3.1397,63.26,3.1399,71.18,3.14,33.27
1753769318622,06:08:38.622,bitmex,XRP/USDT:USDT,3.1406,7700.0,3.1401,15000.0,3.1408,32600.0,3.1409,108500.0
1753769318674,06:08:38.674,binanceusdm,XRP/USDT:USDT,3.1397,24034.5,3.1396,36649.2,3.1398,2430.0,3.1399,7985.7
1753769318674,06:08:38.674,binance,XRP/USDT:USDT,3.1397,24034.5,3.1396,36649.2,3.1398,2430.0,3.1399,7985.7
1753769318701,06:08:38.701,okx,XRP/USDT:USDT,3.1398,231.28,3.1397,67.11,3.1399,35.94,3.14,29.42
1753769318688,06:08:38.688,kucoinfutures,XRP/USDT:USDT,3.14161,779.0,3.1416,8.0,3.14162,50.0,3.14172,47.0
1753769318601,06:08:38.601,okxus,XRP/USDT:USDT,3.1398,225.12,3.1397,63.26,3.1399,71.18,3.14,29.42
1753769318750,06:08:38.750,kucoinfutures,XRP/USDT:USDT,3.14161,779.0,3.1416,8.0,3.14162,50.0,3.14173,155.0
1753769318792,06:08:38.792,bybit,XRP/USDT:USDT,3.1392,14040.0,3.1391,8176.0,3.1393,7253.0,3.1394,4.0
1753769318780,06:08:38.780,binanceusdm,XRP/USDT:USDT,3.1397,23988.5,3.1396,36681.0,3.1398,2430.0,3.1399,7985.7
1753769318780,06:08:38.780,binance,XRP/USDT:USDT,3.1397,23988.5,3.1396,36681.0,3.1398,2430.0,3.1399,7985.7
1753769318801,06:08:38.801,okx,XRP/USDT:USDT,3.1398,228.62,3.1397,62.07,3.1399,35.94,3.14,29.42
1753769318805,06:08:38.805,bitget,XRP/USDT:USDT,3.1403,8099.0,3.1402,4850.0,3.1404,11465.0,3.1405,36873.0
1753769318823,06:08:38.823,kucoinfutures,XRP/USDT:USDT,3.14161,779.0,3.1416,8.0,3.14162,50.0,3.14173,155.0
1753769318701,06:08:38.701,okxus,XRP/USDT:USDT,3.1398,231.28,3.1397,67.11,3.1399,35.94,3.14,29.42
1753769318890,06:08:38.890,bybit,XRP/USDT:USDT,3.1392,14040.0,3.1391,8176.0,3.1393,7253.0,3.1394,4.0
1753769318819,06:08:38.819,bitmex,XRP/USDT:USDT,3.1406,7700.0,3.1401,15000.0,3.1408,32600.0,3.1409,108500.0
1753769318898,06:08:38.898,binanceusdm,XRP/USDT:USDT,3.1397,24133.0,3.1396,36681.0,3.1398,2430.0,3.1399,7985.7
1753769318898,06:08:38.898,binance,XRP/USDT:USDT,3.1397,24133.0,3.1396,36681.0,3.1398,2430.0,3.1399,7985.7
1753769318929,06:08:38.929,kucoinfutures,XRP/USDT:USDT,3.14161,779.0,3.1416,8.0,3.14162,50.0,3.14173,155.0
1753769318932,06:08:38.932,kucoinfutures,XRP/USDT:USDT,3.14161,779.0,3.1416,8.0,3.14162,50.0,3.14173,155.0
